<mjloggm ver="2.3"><GO type="225" lobby="0"/><UN n0="%E9%80%9F%E6%B0%B4%E5%87%9B%E9%A6%99" n1="%6B%79%6F%6E%6B%6F%31%31" n2="%6D%75%75%6D%75%72%61" n3="%E3%81%9F%E3%81%A3%E3%81%A1%E3%82%87" dan="16,17,17,16" rate="2091.23,2157.66,2200.64,2093.60" sx="F,M,F,M"/><TAIKYOKU oya="0"/><INIT seed="0,0,0,1,4,110" ten="250,250,250,250" oya="0" hai0="1,30,131,116,46,37,31,0,4,8,87,123,81" hai1="47,127,106,94,43,62,69,76,89,59,129,70,13" hai2="34,73,120,119,104,36,93,75,53,45,63,54,95" hai3="68,67,74,56,115,16,92,107,22,100,118,111,121"/><T51/><D123/><U2/><E2/><V55/><F104/><W7/><G118/><T130/><D116/><U79/><E106/><V5/><F119/><W3/><G111/><T20/><D37/><U60/><E127/><V6/><F120/><W27/><G68/><T42/><D0/><U108/><E108/><V11/><F34/><W65/><G74/><T57/><D57/><U109/><E109/><V135/><F63/><W114/><G107/><T66/><D66/><U24/><E129/><N who="0" m="49161" /><D20/><U29/><E13/><V82/><F135/><W98/><G121/><T12/><D1/><U35/><E70/><V133/><F133/><W132/><G132/><T117/><D117/><U113/><E69/><V85/><F75/><W134/><G134/><T14/><D14/><U78/><E59/><V64/><F64/><W72/><G72/><T10/><D10/><U112/><E62/><V96/><F73/><W33/><G33/><T126/><D126/><U124/><E60/><V88/><F11/><W39/><G39/><T105/><D105/><U48/><REACH who="1" step="1"/><E124/><REACH who="1" ten="250,240,250,250" step="2"/><V128/><F128/><W102/><G67/><T80/><D80/><U52/><E52/><V71/><F71/><W18/><G56/><T44/><D44/><U19/><E19/><V9/><F82/><W38/><G65/><T61/><D61/><U90/><E90/><AGARI ba="0,1" hai="4,8,12,30,31,42,46,51,81,87,90" m="49161" machi="90" ten="30,1500,0" yaku="19,1" doraHai="110" who="0" fromWho="1" sc="250,25,240,-15,250,0,250,0" /><INIT seed="0,1,0,2,1,120" ten="275,225,250,250" oya="0" hai0="53,5,105,135,127,47,88,109,0,50,18,27,97" hai1="122,72,79,12,41,34,8,132,25,55,21,115,39" hai2="89,124,40,13,134,56,49,11,51,100,9,54,29" hai3="69,77,1,74,99,70,44,98,16,3,48,96,126"/><T113/><D113/><U82/><E122/><V58/><F124/><W121/><G126/><T43/><D127/><U104/><E132/><V101/><F134/><W6/><G121/><T37/><D135/><U123/><E123/><V66/><F29/><W2/><G6/><T90/><D109/><U67/><E115/><V91/><F66/><W93/><G93/><T86/><D0/><U15/><E104/><V14/><REACH who="2" step="1"/><F54/><REACH who="2" ten="275,225,240,250" step="2"/><W125/><G125/><T80/><D53/><U128/><E67/><V36/><F36/><W112/><G112/><T92/><D37/><U4/><E55/><V84/><F84/><W117/><G117/><T62/><D105/><U106/><E106/><V10/><F10/><W71/><G74/><T95/><D5/><U7/><E7/><V130/><F130/><W59/><G69/><T17/><D62/><U133/><E128/><V32/><F32/><W83/><G70/><T81/><D17/><U28/><E133/><V75/><F75/><W102/><G71/><T94/><D94/><U85/><E72/><V119/><F119/><W57/><G16/><T38/><D38/><U45/><E34/><V22/><F22/><AGARI ba="1,1" hai="18,22,27,43,47,50,80,81,86,88,90,92,95,97" machi="22" ten="40,3900,0" yaku="8,1,54,1" doraHai="120" who="0" fromWho="2" sc="275,52,225,0,240,-42,250,0" /><INIT seed="0,2,0,2,0,28" ten="327,225,198,250" oya="0" hai0="126,117,134,34,62,24,111,87,114,29,20,40,103" hai1="59,22,113,56,79,3,90,71,131,7,88,58,128" hai2="106,92,37,77,99,130,10,72,69,104,70,46,15" hai3="82,53,132,49,14,97,120,0,27,17,84,96,119"/><T35/><D117/><U73/><E71/><V115/><F115/><W75/><G119/><T9/><D114/><U19/><E113/><V93/><F130/><N who="1" m="49705" /><E7/><V65/><F72/><W36/><G132/><T81/><D134/><U133/><E3/><V50/><F77/><W32/><G0/><T74/><D74/><U11/><E11/><V91/><F37/><W8/><G36/><T100/><D40/><U95/><E133/><V26/><F26/><W78/><G75/><T48/><D48/><U67/><E67/><V18/><F93/><W64/><G64/><T1/><D126/><U127/><E127/><V66/><F66/><W112/><G120/><T118/><D118/><U105/><E105/><V101/><F65/><W116/><G116/><T12/><D62/><U47/><E47/><V122/><F122/><W5/><G112/><T57/><D57/><N who="1" m="14595" /><U121/><DORA hai="4" /><E95/><V30/><F30/><W61/><G61/><T85/><D1/><U52/><E52/><V55/><REACH who="2" step="1"/><F104/><REACH who="2" ten="327,225,188,250" step="2"/><W25/><G27/><T102/><D24/><N who="1" m="14431" /><E121/><V110/><F110/><W43/><G25/><T16/><D111/><U45/><E45/><V39/><F39/><W109/><G109/><T41/><D29/><U42/><E73/><V107/><F107/><W60/><G60/><T124/><D124/><U21/><E79/><V86/><AGARI ba="2,1" hai="10,15,18,46,50,55,69,70,86,91,92,99,101,106" machi="86" ten="20,8000,1" yaku="1,1,0,1,7,1,52,1,53,1" doraHai="28,4" doraHaiUra="51,63" who="2" fromWho="2" sc="327,-42,225,-22,188,96,250,-22" /><INIT seed="1,0,0,4,5,78" ten="285,203,284,228" oya="1" hai0="106,59,40,72,24,117,62,77,71,113,54,120,14" hai1="45,3,118,5,87,119,50,97,21,9,11,94,38" hai2="67,19,130,30,31,61,102,122,33,74,20,83,39" hai3="133,26,60,27,64,80,41,13,23,73,115,16,49"/><U131/><E131/><V89/><F122/><W82/><G115/><T110/><D106/><U92/><E38/><V58/><F130/><W4/><G133/><T0/><D117/><U129/><E129/><V46/><F33/><W101/><G101/><T43/><D113/><U88/><E11/><V91/><F102/><W132/><G132/><T109/><D0/><U42/><REACH who="1" step="1"/><E21/><REACH who="1" ten="285,193,284,228" step="2"/><V25/><F39/><W18/><G4/><T125/><D120/><U44/><E44/><V29/><F46/><N who="3" m="25807" /><G73/><T1/><D110/><U12/><E12/><V99/><F74/><W104/><G104/><T70/><D109/><U53/><E53/><V95/><F31/><W84/><G18/><T100/><D14/><U93/><E93/><V48/><F30/><W17/><G17/><T105/><D54/><U52/><E52/><V114/><F29/><W108/><G108/><T51/><D105/><U134/><E134/><V135/><F135/><W2/><G2/><T63/><D1/><U66/><E66/><V65/><F65/><W126/><G26/><T90/><D24/><U56/><E56/><V36/><F36/><W79/><G27/><T116/><D59/><U85/><E85/><N who="2" m="50367" /><F114/><W8/><G8/><T7/><D72/><U28/><E28/><V127/><F19/><W112/><G112/><T68/><D68/><U35/><E35/><V34/><F34/><W81/><G126/><T15/><D70/><U107/><E107/><V124/><F25/><W22/><G23/><T55/><D71/><U47/><E47/><V10/><F20/><W96/><G22/><T76/><D125/><RYUUKYOKU ba="0,1" sc="285,-10,193,30,284,-10,228,-10" hai1="3,5,9,42,45,50,87,88,92,94,97,118,119" /><INIT seed="1,1,1,1,0,24" ten="275,223,274,218" oya="1" hai0="45,110,93,133,59,37,50,63,41,36,11,2,78" hai1="74,108,105,35,32,34,10,122,19,40,28,131,49" hai2="20,96,72,102,4,54,114,3,83,27,71,86,106" hai3="61,38,56,82,104,91,12,14,89,68,75,5,129"/><U65/><E122/><V128/><F71/><W23/><G104/><T1/><D78/><U26/><E105/><V7/><F72/><W8/><G129/><T117/><D117/><U46/><E74/><V66/><F128/><W81/><G38/><T87/><D110/><U95/><E131/><V76/><F66/><W51/><G68/><T25/><D133/><U84/><E108/><V98/><F114/><W92/><G51/><T125/><D125/><U115/><E115/><V124/><F124/><W39/><G39/><T130/><D130/><U53/><E65/><V127/><F127/><W43/><G43/><T16/><D36/><U47/><E47/><V121/><F3/><W6/><G75/><T62/><D37/><U64/><E64/><V30/><F121/><W94/><G92/><T57/><D1/><U132/><E132/><V15/><F96/><W69/><G69/><T22/><D2/><U73/><E73/><V101/><F101/><W58/><G94/><T17/><D11/><U126/><E40/><V79/><F79/><W0/><G0/><T119/><D17/><U135/><E135/><V13/><F54/><W88/><G23/><T112/><D112/><U55/><E55/><V85/><F85/><W42/><G42/><T21/><D21/><U100/><E126/><V77/><F77/><W109/><G109/><T99/><D87/><U118/><E118/><V80/><F80/><N who="3" m="30827" /><G61/><N who="0" m="23051" /><D119/><U116/><E116/><V107/><F107/><W97/><G97/><T111/><D111/><U103/><E103/><AGARI ba="1,1" hai="16,22,25,41,45,50,57,59,93,99,103" m="23051" machi="103" ten="30,2000,0" yaku="8,1,54,1" doraHai="24" who="0" fromWho="1" sc="275,33,223,-23,274,0,218,0" /><INIT seed="2,0,0,5,2,88" ten="308,200,274,218" oya="2" hai0="32,18,93,47,4,131,81,90,19,120,35,119,25" hai1="80,55,76,126,64,122,57,13,74,67,73,72,14" hai2="109,68,30,36,39,82,31,44,2,22,77,34,7" hai3="133,42,23,134,17,96,63,87,37,91,71,49,40"/><V128/><F128/><W94/><G37/><T118/><D120/><U85/><E122/><V127/><F34/><W33/><G33/><T0/><D81/><U97/><E126/><V52/><F127/><W12/><G49/><T108/><D108/><U46/><E46/><V75/><F68/><W83/><G63/><T27/><D131/><U102/><E67/><V110/><F39/><W58/><G58/><T21/><D47/><U98/><E98/><V79/><F79/><W104/><G104/><T15/><D90/><U5/><E64/><V105/><F105/><W59/><G59/><T124/><D93/><U26/><E26/><N who="2" m="16727" /><F31/><W103/><REACH who="3" step="1"/><G71/><REACH who="3" ten="308,200,274,208" step="2"/><T62/><D124/><U114/><E114/><V130/><F130/><W38/><G38/><T117/><D62/><U107/><REACH who="1" step="1"/><E5/><REACH who="1" ten="308,190,274,208" step="2"/><V20/><F7/><W6/><G6/><T92/><D4/><U41/><E41/><AGARI ba="0,2" hai="12,17,23,40,41,42,83,87,91,94,96,103,133,134" machi="41" ten="40,2600,0" yaku="1,1,52,1,53,0" doraHai="88" doraHaiUra="50" who="3" fromWho="1" sc="308,0,190,-26,274,0,208,46" /><INIT seed="3,0,0,3,1,26" ten="308,164,274,254" oya="3" hai0="14,13,69,95,3,82,77,29,58,85,74,86,128" hai1="101,33,62,115,71,132,39,64,67,52,18,76,122" hai2="11,112,100,34,32,63,110,40,117,15,87,30,57" hai3="72,81,84,70,1,93,56,96,47,50,8,66,44"/><W0/><G72/><T103/><D69/><U49/><E33/><V43/><F112/><W89/><G70/><T37/><D3/><U125/><E115/><V31/><F117/><W22/><G8/><T104/><D37/><U119/><E122/><V10/><F32/><W107/><G107/><T55/><D128/><U6/><E101/><V68/><F68/><W118/><G118/><T75/><D29/><N who="2" m="10762" /><F34/><W45/><G22/><T36/><D36/><U79/><E119/><V134/><F134/><W92/><G92/><T53/><D53/><U5/><E39/><V90/><F110/><W126/><G126/><T120/><D120/><U98/><E132/><V109/><F100/><W9/><G9/><N who="2" m="3081" /><F15/><W28/><G28/><T80/><D104/><U116/><E125/><V12/><F12/><W127/><G127/><T108/><D74/><U61/><E116/><V114/><F114/><W27/><G27/><T4/><D4/><U130/><E130/><V73/><F73/><W20/><G20/><T16/><D75/><U105/><E105/><V78/><F78/><W54/><G0/><T83/><D108/><U46/><E98/><V102/><F102/><N who="3" m="60687" /><G1/><T2/><D2/><U41/><E79/><V24/><F24/><W42/><G42/><T99/><D13/><U88/><E76/><V35/><F35/><W133/><G133/><T106/><D106/><U19/><E88/><V121/><F121/><W123/><G123/><T7/><D7/><N who="1" m="2571" /><E41/><V111/><F111/><W94/><G89/><T59/><D77/><U48/><E48/><V113/><F113/><W38/><G50/><RYUUKYOKU ba="0,0" sc="308,-10,164,30,274,-10,254,-10" hai1="18,19,46,49,52,61,62,64,67,71" /><INIT seed="4,1,0,5,1,24" ten="298,194,264,244" oya="0" hai0="10,101,96,125,48,108,114,129,63,122,59,70,107" hai1="52,103,3,128,58,85,12,106,95,124,120,90,7" hai2="94,34,40,86,62,91,39,14,67,119,78,53,66" hai3="69,21,82,98,80,51,60,47,130,79,61,99,45"/><T31/><D122/><U132/><E120/><V115/><F34/><W5/><G130/><T133/><D129/><U15/><E124/><V16/><F115/><W77/><G69/><T83/><D133/><U102/><E132/><V37/><F119/><W89/><G21/><T111/><D114/><U22/><E128/><V75/><F40/><W42/><G5/><T116/><D116/><U117/><E117/><V26/><F26/><W72/><G89/><T32/><D10/><N who="1" m="4191" /><E3/><V135/><F135/><W29/><G29/><T56/><D125/><U18/><E106/><V71/><F67/><W8/><G8/><T35/><D83/><U113/><E113/><V49/><F75/><W2/><G2/><T134/><D134/><U50/><AGARI ba="1,0" hai="15,18,22,50,52,58,85,90,95,102,103" m="4191" machi="50" ten="30,4000,0" yaku="25,1,8,1,54,1" doraHai="24" who="1" fromWho="1" sc="298,-21,194,43,264,-11,244,-11" /><INIT seed="5,0,0,3,4,78" ten="277,237,253,233" oya="1" hai0="46,10,30,119,117,53,41,96,68,126,75,56,107" hai1="76,32,106,34,4,6,57,37,39,77,81,88,70" hai2="134,84,18,109,33,1,104,59,95,22,112,73,66" hai3="11,48,98,89,80,50,20,17,92,86,15,99,51"/><U24/><E70/><V7/><F109/><W129/><G129/><T69/><D30/><U110/><E106/><V60/><F33/><W63/><G63/><T132/><D75/><U74/><E37/><V115/><F73/><W13/><REACH who="3" step="1"/><G92/><REACH who="3" ten="277,237,253,223" step="2"/><T82/><D107/><U102/><E110/><V123/><F104/><W65/><G65/><T52/><D119/><U21/><E34/><V54/><F66/><W128/><G128/><T2/><D117/><U35/><E32/><V108/><F95/><W83/><G83/><T121/><D82/><U125/><E35/><V40/><F108/><W62/><G62/><T14/><D121/><U118/><E118/><V64/><F64/><W8/><G8/><T113/><D10/><U26/><E74/><V0/><F123/><W23/><G23/><T105/><D105/><U90/><E21/><V47/><F60/><W12/><G12/><T131/><D14/><U122/><E81/><V101/><F22/><W114/><G114/><T29/><D113/><U58/><E122/><V72/><F112/><W87/><G87/><T31/><D131/><U124/><REACH who="1" step="1"/><E39/><REACH who="1" ten="277,227,253,223" step="2"/><V67/><F72/><W9/><G9/><T91/><D69/><U93/><E93/><V100/><F115/><W38/><G38/><T116/><D68/><U44/><E44/><V16/><F47/><W120/><G120/><T61/><D46/><U36/><E36/><V43/><F67/><W103/><G103/><AGARI ba="0,2" hai="4,6,24,26,57,58,76,77,88,90,102,103,124,125" machi="103" ten="25,18000,2" yaku="1,1,22,2,54,1,53,2" doraHai="78" doraHaiUra="97" who="1" fromWho="3" sc="277,0,227,200,253,0,223,-180" owari="277,7.7,427,52.7,253,-14.7,43,-45.7" /></mjloggm>