<mjloggm ver="2.3"><GO type="225" lobby="0"/><UN n0="%E9%B3%B3%E6%9D%B1%E3%81%AE%E3%81%86%E3%81%95%E3%81%8E%E3%81%95%E3%82%93" n1="%53%41%49%2A" n2="%4E%49%4A%49%49%52%4F" n3="%72%69%6F%75%63%68%61%6E" dan="16,16,16,17" rate="2119.64,2120.74,2168.99,2171.32" sx="M,M,M,M"/><TAIKYOKU oya="0"/><INIT seed="0,0,0,5,3,43" ten="250,250,250,250" oya="0" hai0="131,59,35,7,92,26,100,37,68,30,50,4,91" hai1="95,86,66,51,27,129,108,38,70,103,62,60,135" hai2="88,16,126,63,56,29,107,54,112,71,45,74,36" hai3="14,0,44,102,73,127,124,89,101,34,49,96,32"/><T114/><D114/><U42/><E38/><V8/><F112/><W21/><G0/><T125/><D37/><U94/><E108/><V83/><F107/><W61/><G73/><T122/><D122/><U28/><E129/><V93/><F126/><N who="3" m="48171" /><G89/><T121/><D121/><U48/><E135/><V17/><F71/><W23/><G61/><T5/><D125/><U130/><E130/><V97/><F29/><W87/><G87/><T98/><D68/><U72/><E72/><V81/><F74/><W39/><G39/><T119/><D131/><U118/><E118/><V13/><F36/><W116/><G116/><T82/><D119/><U110/><E62/><V47/><F17/><N who="3" m="10423" /><G23/><T58/><D50/><U22/><E110/><V55/><F55/><N who="3" m="30119" /><G102/><T64/><D64/><U11/><E11/><V77/><F77/><W41/><G41/><T117/><D117/><U120/><E42/><V65/><F47/><W75/><G75/><T90/><D82/><U15/><E103/><V133/><F133/><W2/><G2/><T115/><D115/><U123/><E120/><V106/><F106/><AGARI ba="0,0" hai="32,34,96,101,106" m="30119,10423,48171" machi="106" ten="30,2000,0" yaku="18,1,52,1" doraHai="43" who="3" fromWho="2" sc="250,0,250,0,250,-20,250,20" /><INIT seed="1,0,0,2,0,5" ten="250,250,230,270" oya="1" hai0="3,16,118,67,94,31,11,109,111,62,88,112,52" hai1="57,80,10,45,135,1,18,74,46,129,116,134,68" hai2="33,98,117,30,105,128,77,24,124,58,38,81,34" hai3="86,133,78,35,64,39,47,87,95,114,14,132,70"/><U107/><E68/><V89/><F117/><W65/><G114/><T56/><D112/><U49/><E107/><V91/><F128/><W41/><G35/><T8/><D118/><U113/><E113/><V92/><F124/><W82/><G70/><N who="0" m="42359" /><D16/><U93/><E93/><V63/><F38/><W60/><G14/><T131/><D31/><U123/><E129/><V59/><F105/><W28/><G28/><T84/><D3/><U75/><E116/><V37/><F37/><W15/><G15/><T71/><D71/><U6/><E18/><V72/><F33/><W9/><G9/><T110/><D131/><U55/><E123/><V54/><REACH who="2" step="1"/><F59/><REACH who="2" ten="250,250,220,270" step="2"/><W104/><G104/><T2/><D2/><U4/><E57/><V69/><F69/><W90/><REACH who="3" step="1"/><G60/><AGARI ba="0,1" hai="8,11,52,56,60,84,88,94,109,110,111" m="42359" machi="60" ten="30,8000,1" yaku="14,1,52,2,54,2" doraHai="5" who="0" fromWho="3" sc="250,90,250,0,220,0,270,-80" /><INIT seed="2,0,0,3,1,131" ten="340,250,220,190" oya="2" hai0="97,124,86,77,78,6,75,52,65,111,19,132,95" hai1="70,90,130,51,117,119,64,82,94,126,68,28,107" hai2="128,110,32,26,69,123,0,4,31,39,14,109,67" hai3="99,57,8,23,76,50,73,49,88,74,54,106,37"/><V79/><F128/><W91/><G37/><T135/><D65/><U118/><E107/><V40/><F123/><W87/><G8/><T41/><D41/><U46/><E130/><V102/><F102/><W89/><G49/><T63/><D75/><U120/><E126/><V58/><F79/><W30/><G30/><T25/><D6/><U2/><E2/><V18/><F58/><W80/><REACH who="3" step="1"/><G23/><REACH who="3" ten="340,250,220,180" step="2"/><T12/><D124/><U11/><E11/><N who="2" m="2439" /><F39/><W5/><G5/><T59/><D19/><U133/><E51/><V84/><F40/><W15/><G15/><T27/><D12/><U61/><E28/><V44/><F44/><W7/><G7/><T105/><D25/><U1/><E46/><V125/><F125/><W43/><G43/><T104/><D27/><U42/><E42/><V53/><F53/><W20/><G20/><T98/><D52/><U96/><E119/><V45/><F45/><W71/><G71/><T10/><D10/><U34/><E70/><V129/><F129/><W93/><G93/><T3/><D95/><U47/><E94/><V85/><F69/><W35/><G35/><T114/><D59/><U92/><E92/><V81/><F67/><W103/><AGARI ba="0,1" hai="50,54,57,73,74,76,80,87,88,89,91,99,103,106" machi="103" ten="30,4000,0" yaku="1,1,0,1,54,1,53,0" doraHai="131" doraHaiUra="108" who="3" fromWho="3" sc="340,-10,250,-10,220,-20,180,50" /><INIT seed="3,0,0,3,5,57" ten="330,240,200,230" oya="3" hai0="31,134,92,111,46,27,49,74,71,87,66,61,50" hai1="127,120,53,18,79,132,100,11,126,78,67,73,116" hai2="124,105,75,82,32,54,63,47,0,83,12,64,29" hai3="129,104,35,114,10,20,41,101,4,34,130,33,65"/><W55/><G114/><T89/><D74/><U96/><E120/><V97/><F0/><W84/><G41/><T121/><D121/><U16/><E132/><V80/><F124/><N who="1" m="47657" /><E116/><V15/><F75/><W25/><G65/><T107/><D134/><U109/><E109/><V58/><F47/><W122/><G122/><T76/><D111/><U26/><E73/><V72/><F72/><W123/><G123/><T28/><D76/><U39/><E39/><V91/><F64/><W45/><G84/><T90/><D107/><U51/><E67/><V7/><F7/><W117/><G117/><T128/><D128/><N who="3" m="49257" /><G101/><T52/><D27/><U62/><E62/><V98/><F98/><W119/><G104/><T113/><D113/><U40/><E40/><V94/><REACH who="2" step="1"/><F105/><REACH who="2" ten="330,240,190,230" step="2"/><W125/><G125/><T103/><D46/><U112/><E96/><V77/><F77/><W21/><G119/><T70/><D66/><U48/><E79/><V56/><F56/><W13/><G25/><AGARI ba="0,1" hai="12,15,25,29,32,54,58,63,80,82,83,91,94,97" machi="25" ten="40,2600,0" yaku="1,1,52,1,53,0" doraHai="57" doraHaiUra="133" who="2" fromWho="3" sc="330,0,240,0,190,36,230,-26" owari="330,43.0,240,4.0,226,-17.4,204,-29.6" /></mjloggm>