<mjloggm ver="2.3"><GO type="225" lobby="0"/><UN n0="%E3%81%BF%E3%81%BF%E3%81%9A" n1="%E4%B8%89%E5%86%A0%E7%8E%8B%E3%83%BB%E5%B1%B1%E7%94%B0%E5%93%B2%E4%BA%BA" n2="%E7%9C%9F%E4%B8%80" n3="%E5%82%8D%E8%8B%A5%E7%84%A1%E4%BA%BA%35%31" dan="17,16,17,16" rate="2200.53,2133.07,2175.92,2091.94" sx="M,M,M,M"/><TAIKYOKU oya="0"/><INIT seed="0,0,0,3,1,128" ten="250,250,250,250" oya="0" hai0="47,16,68,70,39,55,83,20,24,18,99,60,38" hai1="90,15,127,61,64,116,45,49,2,41,113,78,46" hai2="107,109,125,110,27,22,6,89,104,91,76,75,96" hai3="35,117,129,57,26,94,87,73,130,25,134,51,120"/><T11/><D83/><U52/><E2/><V119/><F6/><W111/><G117/><T72/><D72/><U106/><E116/><V85/><F119/><W19/><G73/><T66/><D70/><U84/><E127/><V21/><F125/><W62/><G51/><T69/><D69/><U17/><E113/><V42/><F42/><W40/><G40/><T74/><D74/><U58/><E106/><N who="2" m="40491" /><F21/><W37/><G37/><T34/><D34/><U121/><E121/><V122/><F22/><W95/><G120/><T29/><D99/><U115/><E115/><V1/><F27/><W4/><G4/><T97/><D97/><U102/><E102/><V65/><F65/><W54/><G111/><N who="2" m="42505" /><F1/><W71/><G71/><T132/><D39/><U86/><E78/><V100/><F122/><W63/><G35/><T43/><D132/><U28/><E28/><V118/><F118/><W105/><G134/><T10/><REACH who="0" step="1"/><D55/><REACH who="0" ten="240,250,250,250" step="2"/><U80/><E86/><V82/><F75/><W114/><G87/><T36/><D36/><U8/><REACH who="1" step="1"/><E41/><REACH who="1" ten="240,240,250,250" step="2"/><V14/><F96/><W32/><G114/><T67/><D67/><U103/><E103/><V5/><F100/><W131/><G105/><T124/><D124/><U79/><E79/><V123/><F123/><W31/><G63/><T23/><D23/><AGARI ba="0,2" hai="19,23,25,26,31,32,54,57,62,94,95,129,130,131" machi="23" ten="40,1300,0" yaku="19,1" doraHai="128" who="3" fromWho="0" sc="240,-13,240,0,250,0,250,33" /><INIT seed="1,0,0,3,2,37" ten="227,240,250,283" oya="1" hai0="26,71,72,86,54,89,47,20,48,74,124,75,1" hai1="5,25,76,117,6,115,53,95,96,133,2,57,42" hai2="88,126,80,15,110,0,94,103,64,19,51,62,10" hai3="123,73,119,93,125,14,61,69,79,134,122,7,127"/><U46/><E115/><V13/><F110/><W59/><G69/><T32/><D124/><N who="3" m="47689" /><G134/><T83/><D1/><U118/><E133/><V35/><F126/><W23/><G119/><T50/><D71/><U98/><E76/><V58/><F35/><W22/><G93/><T97/><D32/><U34/><E98/><V11/><F0/><W113/><G113/><T85/><D97/><U67/><E67/><V68/><F103/><W29/><G73/><T41/><D86/><U44/><E44/><V107/><F107/><W109/><G79/><T49/><REACH who="0" step="1"/><D54/><REACH who="0" ten="217,240,250,283" step="2"/><U3/><E3/><V108/><F68/><W132/><G109/><T102/><D102/><U121/><E2/><V38/><F108/><W135/><G132/><T56/><D56/><U60/><E118/><V4/><F80/><W28/><G59/><T70/><D70/><U82/><E117/><V105/><F105/><W66/><G66/><T9/><D9/><U116/><E82/><V81/><F81/><W128/><G135/><T78/><D78/><U104/><E104/><V111/><F111/><W55/><G55/><T91/><D91/><U129/><E116/><V16/><F64/><W84/><G84/><T18/><AGARI ba="0,1" hai="18,20,26,41,47,48,49,50,72,74,75,83,85,89" machi="18" ten="30,7900,0" yaku="1,1,0,1,52,1,53,1" doraHai="37" doraHaiUra="36" who="0" fromWho="0" sc="217,89,240,-39,250,-20,283,-20" /><INIT seed="2,0,0,0,4,41" ten="306,201,230,263" oya="2" hai0="62,105,55,21,63,132,109,18,101,92,32,61,125" hai1="124,27,66,133,99,93,59,31,122,20,58,64,111" hai2="100,130,11,106,94,56,7,96,71,112,19,95,25" hai3="67,36,10,26,89,28,77,54,22,69,1,79,53"/><V39/><F71/><W45/><G89/><T46/><D32/><U118/><E118/><V98/><F112/><W91/><G91/><T135/><D105/><U72/><E72/><V108/><F39/><W74/><G67/><T102/><D109/><U78/><E111/><V107/><F108/><W4/><G69/><T34/><D34/><U131/><E133/><N who="0" m="51273" /><D125/><U3/><E124/><V17/><F130/><W76/><REACH who="3" step="1"/><G74/><REACH who="3" ten="306,201,230,253" step="2"/><T116/><D116/><U82/><E131/><V38/><F38/><W40/><AGARI ba="0,1" hai="1,4,10,22,26,28,36,40,45,53,54,76,77,79" machi="40" ten="30,7900,0" yaku="1,1,2,1,0,1,52,1,53,0" doraHai="41" doraHaiUra="126" who="3" fromWho="3" sc="306,-20,201,-20,230,-39,253,89" /><INIT seed="3,0,0,3,5,91" ten="286,181,191,342" oya="3" hai0="106,56,94,13,63,84,130,2,92,1,21,19,10" hai1="69,12,26,78,121,44,124,133,15,64,71,105,59" hai2="65,103,102,117,134,40,20,34,93,43,38,51,86" hai3="8,125,24,29,89,52,129,53,79,46,122,87,82"/><W6/><G129/><T37/><D106/><U126/><E121/><V75/><F34/><W100/><G125/><N who="1" m="48234" /><E133/><V11/><F75/><W119/><G100/><N who="2" m="38441" /><F38/><W120/><G119/><T55/><D37/><U74/><E105/><V114/><F117/><W95/><G46/><T104/><D104/><U90/><E44/><V111/><F111/><W118/><G118/><T47/><D130/><U97/><E26/><V128/><F114/><W5/><G5/><T99/><D47/><U127/><N who="1" m="48242" /><U41/><DORA hai="96" /><E41/><V16/><F128/><W101/><G101/><N who="0" m="60647" /><D1/><U66/><E59/><V3/><F3/><W50/><G122/><T73/><D2/><U108/><E108/><V54/><F65/><N who="1" m="25193" /><E97/><V0/><F0/><W45/><G120/><T33/><D73/><U27/><E90/><N who="2" m="53463" /><F134/><W132/><G132/><T83/><D33/><U25/><E25/><N who="2" m="14471" /><F11/><W67/><G8/><T110/><D110/><U31/><E78/><V62/><F62/><W116/><G79/><N who="0" m="46207" /><D10/><U88/><E88/><V39/><F39/><W81/><G89/><T58/><D56/><AGARI ba="0,0" hai="40,43,51,54,56" m="14471,53463,38441" machi="56" ten="30,12000,2" yaku="8,1,52,4,54,1" doraHai="91,96" who="2" fromWho="0" sc="286,-120,181,0,191,120,342,0" owari="166,-33.4,181,-21.9,311,11.1,342,44.2" /></mjloggm>