<mjloggm ver="2.3"><GO type="225" lobby="0"/><UN n0="%E3%81%86%E3%82%8B%E3%81%8A%E3%81%A1%E3%82%83" n1="%E3%81%AF%E3%82%88%E3%81%8A%E3%81%98%E3%81%95%E3%82%93" n2="%E8%81%B7%E6%A5%AD%E3%80%81%E9%A2%A8%32" n3="%73%75%7A%75%6D%65%33" dan="16,17,16,18" rate="2079.35,2209.19,2157.03,2240.99" sx="F,M,M,M"/><TAIKYOKU oya="0"/><INIT seed="0,0,0,5,2,2" ten="250,250,250,250" oya="0" hai0="7,113,119,32,43,21,91,120,101,27,135,100,78" hai1="55,74,72,69,114,59,37,123,121,82,9,76,109" hai2="70,44,129,41,53,30,79,58,42,36,105,86,90" hai3="96,19,56,99,112,22,25,73,95,3,10,87,15"/><T49/><D32/><U68/><E37/><V20/><F129/><W133/><G73/><T31/><D113/><U12/><E74/><V45/><F105/><W26/><G112/><T92/><D78/><U66/><E114/><V11/><F70/><W33/><G133/><T6/><D120/><U106/><E106/><V13/><F79/><W8/><G33/><T57/><D119/><U75/><E75/><V83/><F30/><W127/><G127/><T128/><D135/><U126/><E126/><V117/><F20/><W60/><G3/><T65/><D128/><U118/><E118/><V34/><F34/><W28/><G26/><T81/><D81/><U0/><E0/><V17/><F117/><W116/><G116/><T108/><D108/><U51/><E109/><V46/><REACH who="2" step="1"/><F36/><REACH who="2" ten="250,250,240,250" step="2"/><W4/><G8/><T98/><D101/><U85/><E69/><V39/><F39/><W47/><G28/><T110/><D110/><U5/><E72/><V80/><F80/><W77/><G77/><T94/><D94/><U103/><E103/><V102/><F102/><W115/><G115/><T50/><D100/><U132/><E132/><V130/><F130/><W107/><G107/><T16/><D31/><U67/><E68/><V24/><F24/><W93/><G93/><T23/><D23/><U134/><E134/><V14/><F14/><W84/><G95/><T29/><D29/><U97/><E97/><N who="3" m="37450" /><G47/><N who="0" m="25855" /><D65/><AGARI ba="0,1" hai="4,10,15,19,22,25,56,60,65,84,87" m="37450" machi="65" ten="30,2000,0" yaku="8,1,52,1" doraHai="2" who="3" fromWho="0" sc="250,-20,250,0,240,0,250,30" /><INIT seed="1,0,0,3,1,114" ten="230,250,240,280" oya="1" hai0="76,101,41,107,84,116,103,16,63,113,4,72,22" hai1="77,6,55,56,35,121,32,71,13,130,67,128,18" hai2="52,11,108,9,80,31,61,0,126,28,131,118,15" hai3="64,10,119,79,129,110,24,51,66,78,83,111,94"/><U26/><E121/><V90/><F108/><N who="3" m="41515" /><G129/><N who="1" m="49770" /><E77/><N who="3" m="29194" /><G83/><N who="0" m="47207" /><D107/><U68/><E6/><V124/><F118/><W47/><G119/><T88/><D116/><U29/><E67/><V104/><F104/><W100/><G10/><T135/><D72/><U86/><E86/><N who="2" m="50503" /><F131/><W112/><G112/><T60/><D135/><U27/><E27/><V74/><F74/><W122/><G24/><N who="0" m="14407" /><D41/><U39/><E39/><V109/><F109/><W87/><G122/><T85/><D4/><U21/><E32/><V75/><F75/><W17/><G17/><T36/><D36/><U89/><E89/><V34/><F34/><W8/><G8/><T96/><D96/><U123/><E123/><V102/><F11/><W73/><G73/><T54/><D54/><U38/><E38/><V49/><F0/><W30/><G30/><T45/><D45/><U50/><AGARI ba="0,0" hai="13,18,21,26,29,35,50,55,56,68,71" m="49770" machi="50" ten="30,1500,0" yaku="19,1" doraHai="114" who="1" fromWho="1" sc="230,-5,250,15,240,-5,280,-5" /><INIT seed="1,1,0,4,1,99" ten="225,265,235,275" oya="1" hai0="77,82,54,106,131,37,71,83,79,124,19,3,53" hai1="21,42,118,40,45,48,69,107,34,64,89,84,12" hai2="16,35,56,120,8,133,80,59,132,73,104,110,81" hai3="113,91,10,86,112,38,126,130,93,123,128,75,134"/><U117/><E34/><V88/><F110/><W22/><G38/><T25/><D71/><U13/><E107/><V119/><F35/><W74/><G123/><T14/><D3/><U43/><E69/><V7/><F119/><W108/><G108/><T97/><D37/><U23/><E64/><V122/><F104/><W121/><G121/><N who="2" m="46697" /><F16/><W95/><G22/><N who="1" m="8202" /><E118/><V24/><F24/><W26/><G26/><T92/><D106/><U29/><E29/><V1/><F73/><N who="3" m="27659" /><G10/><N who="0" m="6615" /><D131/><N who="3" m="50217" /><G134/><N who="2" m="51817" /><F81/><N who="0" m="30730" /><D124/><U41/><E117/><V90/><F80/><AGARI ba="1,0" hai="12,13,40,41,42,43,45,48,80,84,89" m="8202" machi="80" ten="30,1500,0" yaku="8,1" doraHai="99" who="1" fromWho="2" sc="225,0,265,18,235,-18,275,0" /><INIT seed="1,2,0,3,3,51" ten="225,283,217,275" oya="1" hai0="82,74,127,41,15,73,16,21,113,5,70,26,9" hai1="120,13,101,115,57,11,12,35,46,94,95,126,48" hai2="65,31,80,14,119,37,20,78,79,83,108,28,112" hai3="61,40,50,69,62,84,89,39,135,103,36,19,18"/><U75/><E115/><V24/><F108/><W53/><G135/><T122/><D113/><U105/><E120/><V104/><F37/><W34/><G34/><T29/><D70/><U97/><E35/><V81/><F104/><W92/><G39/><T121/><D41/><U91/><E75/><V10/><F119/><W117/><G117/><T114/><D114/><U86/><E126/><V7/><F112/><W129/><G129/><T42/><D42/><U52/><E105/><V99/><F99/><N who="3" m="59879" /><G36/><T88/><D127/><U30/><E30/><V45/><F65/><W32/><G69/><T134/><D134/><U60/><E11/><V27/><REACH who="2" step="1"/><F45/><REACH who="2" ten="225,283,207,275" step="2"/><N who="3" m="27855" /><G32/><AGARI ba="2,1" hai="7,10,14,20,24,27,28,31,32,78,79,80,81,83" machi="32" ten="40,1300,0" yaku="1,1,53,0" doraHai="51" doraHaiUra="111" who="2" fromWho="3" sc="225,0,283,0,207,29,275,-19" /><INIT seed="2,0,0,0,3,128" ten="225,283,236,256" oya="2" hai0="95,23,93,26,24,0,60,27,100,89,130,6,81" hai1="25,121,16,56,46,70,86,69,40,84,3,125,102" hai2="134,43,116,133,98,78,59,7,15,18,105,42,83" hai3="129,39,34,99,32,72,131,48,11,108,51,2,36"/><V122/><F116/><W109/><G72/><T82/><D0/><U64/><E3/><V80/><F122/><W57/><G2/><T50/><D6/><U37/><E121/><V75/><F7/><W96/><G11/><T29/><D130/><U87/><E125/><V55/><F83/><N who="0" m="31754" /><D60/><U135/><E135/><N who="2" m="51723" /><F98/><W101/><G57/><T21/><D50/><U14/><E25/><N who="0" m="9833" /><D100/><AGARI ba="0,0" hai="32,34,36,39,48,51,96,99,100,101,108,109,129,131" machi="100" ten="25,1600,0" yaku="22,2" doraHai="128" who="3" fromWho="0" sc="225,-16,283,0,236,0,256,16" /><INIT seed="3,0,0,4,5,108" ten="209,283,236,272" oya="3" hai0="92,63,119,118,86,23,13,29,76,69,106,124,132" hai1="50,47,123,8,22,135,70,77,10,85,61,130,116" hai2="34,73,58,32,28,88,33,55,111,66,99,56,60" hai3="67,120,57,52,133,36,129,26,48,87,44,83,37"/><W79/><G120/><T110/><D106/><U125/><E123/><V91/><F111/><W103/><G133/><T2/><D2/><U21/><E135/><V18/><F73/><W14/><G129/><T9/><D132/><U109/><E109/><V80/><F80/><W19/><G103/><T89/><D110/><U127/><E130/><V38/><F38/><W102/><G102/><T81/><D124/><N who="1" m="47691" /><E116/><V131/><F131/><W84/><G26/><N who="0" m="16607" /><D69/><U71/><E22/><V68/><F68/><N who="1" m="26153" /><E61/><V31/><F18/><W12/><G36/><T39/><D39/><U75/><E75/><V126/><F126/><W15/><G84/><N who="0" m="48167" /><D63/><U82/><E21/><V30/><REACH who="2" step="1"/><F99/><REACH who="2" ten="209,283,226,272" step="2"/><W65/><G19/><N who="0" m="8623" /><D119/><U16/><E16/><V20/><F20/><W104/><G37/><T62/><D118/><U97/><E97/><V90/><F90/><W45/><G104/><T54/><D62/><AGARI ba="0,1" hai="28,30,31,32,33,34,55,56,58,60,62,66,88,91" machi="62" ten="50,3200,0" yaku="1,1,54,1,53,0" doraHai="108" doraHaiUra="121" who="2" fromWho="0" sc="209,-32,283,0,226,42,272,0" /><INIT seed="4,0,0,0,3,104" ten="177,283,268,272" oya="0" hai0="2,129,120,109,111,108,82,18,8,94,64,115,55" hai1="90,26,37,60,99,13,31,34,25,43,61,54,6" hai2="27,97,133,16,124,86,15,77,66,28,67,84,112" hai3="106,76,9,95,46,56,33,92,107,62,4,93,49"/><T72/><D120/><U110/><E110/><N who="0" m="28161" /><T7/><DORA hai="71" /><D115/><U123/><E123/><V23/><F112/><W45/><G33/><T48/><D129/><U53/><E26/><V12/><F124/><W21/><G76/><N who="0" m="44295" /><D64/><N who="2" m="24618" /><F133/><W35/><G35/><T91/><D18/><U96/><E60/><V52/><F97/><W11/><G62/><T36/><D36/><U102/><E61/><V30/><F77/><W63/><G63/><T122/><D122/><U132/><E132/><V32/><F32/><W22/><G107/><T113/><D113/><U119/><E119/><V14/><F52/><W0/><G106/><T24/><D24/><U42/><E54/><V135/><F135/><W125/><G125/><T74/><D74/><U75/><E75/><V69/><F69/><W89/><G4/><T19/><D19/><U5/><E53/><V85/><AGARI ba="0,0" hai="12,14,15,16,23,27,28,30,84,85,86" m="24618" machi="85" ten="40,2700,0" yaku="8,1,54,1" doraHai="104,71" who="2" fromWho="2" sc="177,-13,283,-7,268,27,272,-7" /><INIT seed="5,0,0,2,3,62" ten="164,276,295,265" oya="1" hai0="55,37,9,81,129,64,0,48,56,54,45,29,125" hai1="92,60,63,36,22,131,90,120,12,57,87,19,31" hai2="89,41,3,127,21,126,77,95,83,100,82,105,20" hai3="118,46,71,66,52,112,47,84,115,111,61,42,68"/><U96/><E120/><V15/><F3/><W10/><G111/><T102/><D125/><N who="2" m="47626" /><F41/><W103/><G118/><T30/><D129/><U72/><E72/><N who="2" m="43303" /><F83/><W119/><G119/><T50/><D37/><U69/><E36/><V51/><F51/><N who="3" m="28799" /><G103/><T99/><D81/><U6/><E131/><V17/><F105/><W23/><G23/><T49/><D49/><U123/><E123/><V133/><F133/><W73/><G10/><T8/><D8/><U5/><E31/><V4/><F4/><W24/><G24/><T86/><D86/><U25/><E12/><V80/><F80/><W44/><G84/><T53/><D53/><N who="1" m="33839" /><E87/><N who="2" m="52671" /><F100/><W108/><G108/><T114/><D114/><N who="3" m="43561" /><G73/><T40/><D40/><U128/><E128/><V98/><F98/><W58/><G42/><T107/><D0/><U116/><E116/><V16/><F16/><W35/><G35/><T33/><D9/><AGARI ba="0,0" hai="9,15,17,20,21" m="52671,43303,47626" machi="9" ten="30,1000,0" yaku="18,1" doraHai="62" who="2" fromWho="0" sc="164,-10,276,0,295,10,265,0" owari="154,-34.6,276,7.6,305,40.5,265,-13.5" /></mjloggm>