<mjloggm ver="2.3"><GO type="225" lobby="0"/><UN n0="%E3%81%BD%E3%81%A1%E3%81%9F%E3%81%93%E3%82%84" n1="%E4%B8%89%E5%88%86%E5%B0%8F%E5%83%A7" n2="%6D%75%75%73%61%6E%6D%75" n3="%E8%BE%9B%E5%8F%A3%E3%82%AB%E3%83%AC%E3%83%BC%E3%83%A9%E3%82%A4%E3%82%B9" dan="17,16,17,17" rate="2163.73,2107.39,2170.68,2220.99" sx="M,M,F,M"/><TAIKYOKU oya="0"/><INIT seed="0,0,0,2,5,33" ten="250,250,250,250" oya="0" hai0="0,14,97,15,28,60,88,46,17,77,50,103,81" hai1="40,3,65,26,101,49,122,12,108,58,70,72,80" hai2="93,113,38,89,129,90,115,34,118,106,37,57,44" hai3="114,11,45,62,75,91,31,84,66,16,19,1,54"/><T127/><D127/><U51/><E122/><V116/><F106/><W83/><G114/><N who="2" m="43529" /><F34/><W121/><G121/><T130/><D130/><U10/><E108/><V124/><F129/><W98/><G75/><T107/><D28/><U85/><E72/><V104/><F104/><W18/><G31/><T52/><D0/><U48/><E101/><V120/><F120/><W133/><G133/><T30/><D30/><U117/><E117/><N who="2" m="45163" /><F124/><W6/><G98/><T55/><D88/><N who="2" m="33898" /><F93/><W95/><G95/><T25/><D25/><U132/><E132/><V87/><F87/><W105/><G105/><T67/><D55/><U2/><E26/><V74/><F74/><W32/><G32/><T135/><D135/><U123/><E123/><V5/><F5/><W23/><G54/><T76/><D81/><U102/><E40/><V86/><F86/><W125/><G125/><T43/><D43/><U41/><E41/><V119/><N who="2" m="45171" /><V61/><DORA hai="53" /><F44/><W134/><G134/><T29/><D29/><U110/><E110/><V22/><F22/><W128/><G45/><T36/><D14/><U21/><E21/><V82/><F82/><W100/><G100/><T59/><REACH who="0" step="1"/><D36/><REACH who="0" ten="240,250,250,250" step="2"/><U78/><E102/><V56/><F61/><W9/><G128/><T69/><D69/><U13/><E13/><V68/><F68/><W109/><G109/><T99/><D99/><U63/><REACH who="1" step="1"/><E70/><REACH who="1" ten="240,240,250,250" step="2"/><V79/><F79/><W24/><REACH who="3" step="1"/><G11/><AGARI ba="0,2" hai="11,15,17,46,50,52,59,60,67,76,77,97,103,107" machi="11" ten="30,12000,1" yaku="1,1,7,1,52,1,54,1,53,1" doraHai="33,53" doraHaiUra="4,39" who="0" fromWho="3" sc="240,140,240,0,250,0,250,-120" /><INIT seed="0,1,0,0,0,24" ten="380,240,250,130" oya="0" hai0="1,114,105,72,53,115,8,18,123,56,48,76,28" hai1="42,83,129,10,109,68,106,112,88,86,61,81,80" hai2="65,66,102,108,75,78,47,89,55,96,67,43,22" hai3="122,132,125,4,116,2,124,29,44,126,104,87,135"/><T111/><D123/><U97/><E109/><V20/><F108/><W7/><G87/><T0/><D111/><U51/><E129/><V100/><F75/><W119/><G104/><T69/><D69/><U130/><E130/><V103/><F78/><W15/><G44/><T90/><D105/><U107/><E112/><V26/><F55/><W82/><G82/><T71/><D71/><U73/><E73/><V50/><F26/><W118/><G122/><T45/><D76/><U11/><E42/><V57/><F57/><W49/><G49/><T120/><D72/><U30/><E51/><V54/><F54/><W16/><G29/><T41/><D120/><U101/><E30/><V63/><F63/><W27/><G27/><T84/><D28/><U34/><E34/><V21/><REACH who="2" step="1"/><F89/><REACH who="2" ten="380,240,240,130" step="2"/><W117/><N who="3" m="29696" /><DORA hai="52" /><W127/><N who="3" m="31744" /><DORA hai="36" /><W79/><G79/><T99/><D90/><U23/><E61/><V74/><F74/><W32/><G32/><T33/><D53/><U14/><E68/><V5/><F5/><N who="3" m="2123" /><G2/><T133/><D0/><U46/><E46/><V40/><F40/><W35/><G35/><T131/><D1/><U38/><E88/><V94/><AGARI ba="1,1" hai="20,21,22,43,47,50,65,66,67,94,96,100,102,103" machi="94" ten="30,8000,1" yaku="1,1,0,1,8,1,52,1,53,1" doraHai="24,52,36" doraHaiUra="93,121,64" who="2" fromWho="2" sc="380,-41,240,-21,240,93,130,-21" /><INIT seed="1,0,0,4,3,31" ten="339,219,333,109" oya="1" hai0="23,11,87,0,50,133,45,63,16,12,123,111,39" hai1="14,41,85,94,107,121,117,26,18,34,21,1,83" hai2="134,130,104,122,44,131,61,74,114,29,72,77,98" hai3="70,119,8,49,99,38,19,40,118,65,84,103,132"/><U28/><E117/><V5/><F122/><W4/><G19/><T96/><D123/><U42/><E121/><V90/><F134/><W127/><G84/><T36/><D111/><U113/><E107/><V30/><F61/><W109/><G132/><T129/><D129/><U106/><E106/><V32/><F44/><W97/><G109/><T101/><D133/><U135/><E135/><V58/><F58/><W54/><G127/><T81/><D63/><U7/><E94/><V126/><F5/><W60/><G99/><T112/><D112/><U95/><E95/><V91/><F114/><W10/><G10/><T76/><D0/><U2/><E113/><V92/><F104/><W110/><G110/><T64/><D64/><U20/><E20/><V35/><F92/><W27/><G27/><T102/><D96/><U115/><E115/><V15/><F98/><W37/><G97/><T73/><D73/><U24/><E24/><V66/><F66/><W82/><G82/><T68/><D68/><U9/><E1/><V125/><F15/><W25/><G25/><N who="0" m="14567" /><D39/><U120/><E120/><V6/><F6/><W33/><G103/><T59/><D59/><U17/><E17/><V89/><F89/><AGARI ba="0,0" hai="2,7,9,14,18,21,26,28,34,41,42,83,85,89" machi="89" ten="30,11600,0" yaku="7,1,24,2,52,1" doraHai="31" who="1" fromWho="2" sc="339,0,219,116,333,-116,109,0" /><INIT seed="1,1,0,2,1,45" ten="339,335,217,109" oya="1" hai0="118,39,24,11,16,125,47,23,114,38,82,133,94" hai1="93,33,135,95,87,17,52,65,69,79,84,35,56" hai2="36,67,49,46,99,4,101,116,61,54,42,111,37" hai3="9,76,112,123,73,91,100,120,128,32,72,13,58"/><U44/><E135/><V60/><F116/><W75/><G112/><T83/><D114/><U22/><E44/><V12/><F111/><W19/><G32/><T85/><D118/><U110/><E110/><V89/><F89/><W97/><G128/><T77/><D125/><U34/><E69/><V81/><F81/><W48/><G76/><T107/><D107/><U108/><E65/><V90/><F90/><W8/><G91/><T15/><D133/><U14/><E108/><V1/><F1/><W26/><G26/><T80/><D94/><U119/><E119/><V53/><F4/><W43/><G9/><T41/><REACH who="0" step="1"/><D39/><REACH who="0" ten="329,335,217,109" step="2"/><U57/><E95/><V109/><F37/><W30/><G120/><T7/><AGARI ba="1,1" hai="7,11,15,16,23,24,38,41,47,77,80,82,83,85" machi="7" ten="20,12000,2" yaku="1,1,2,1,0,1,7,1,54,1,53,1" doraHai="45" doraHaiUra="20" who="0" fromWho="0" sc="329,133,335,-61,217,-31,109,-31" /><INIT seed="2,0,0,1,3,70" ten="462,274,186,78" oya="2" hai0="20,89,108,123,17,96,50,131,113,15,45,35,12" hai1="130,119,81,58,98,55,41,49,88,126,30,51,80" hai2="44,116,27,63,24,112,42,79,7,4,105,34,9" hai3="106,133,6,46,22,87,90,83,11,107,66,102,103"/><V54/><F112/><W127/><G66/><T135/><D35/><U93/><E119/><V0/><F116/><W19/><G133/><T37/><D37/><U56/><E126/><V18/><F105/><W100/><G127/><T101/><D123/><U74/><E130/><V129/><F129/><W84/><G46/><T25/><D113/><U53/><E74/><V43/><F34/><W26/><REACH who="3" step="1"/><G84/><REACH who="3" ten="462,274,186,68" step="2"/><T52/><D135/><U71/><E71/><V8/><F44/><W68/><G68/><T39/><D45/><N who="1" m="25775" /><E30/><V121/><F121/><W31/><G31/><T3/><D131/><U69/><E69/><V59/><F59/><W134/><G134/><T62/><D108/><U85/><E85/><V76/><F43/><W57/><G57/><T13/><D17/><U124/><E124/><V78/><F18/><W2/><AGARI ba="0,1" hai="2,6,11,19,22,26,83,87,90,100,102,103,106,107" machi="2" ten="30,2000,0" yaku="1,1,0,1,53,0" doraHai="70" doraHaiUra="120" who="3" fromWho="3" sc="462,-5,274,-5,186,-10,68,30" /><INIT seed="3,0,0,0,5,61" ten="457,269,176,98" oya="3" hai0="11,69,59,122,127,112,20,113,37,24,84,44,90" hai1="79,19,31,93,53,21,128,114,126,62,3,102,4" hai2="18,75,92,48,41,33,5,8,26,81,73,135,25" hai3="58,87,129,107,23,28,80,50,0,88,46,115,96"/><W130/><G115/><T6/><D69/><U52/><E114/><V86/><F135/><W63/><G0/><T85/><D122/><U125/><E31/><V49/><F73/><W65/><G28/><T134/><D134/><U117/><E79/><N who="2" m="46399" /><F33/><W56/><G23/><T66/><D127/><N who="1" m="48651" /><E128/><N who="3" m="49258" /><G96/><T100/><D85/><U108/><E108/><V68/><F26/><W45/><G107/><T70/><D90/><U119/><E4/><V17/><F25/><W78/><G78/><T42/><D24/><N who="1" m="14399" /><E3/><V30/><F8/><W120/><G120/><T77/><D84/><U109/><E109/><V38/><F30/><W55/><AGARI ba="0,0" hai="45,46,50,55,56,58,63,65,80,87,88" m="49258" machi="55" ten="30,6000,0" yaku="19,1,52,1,54,1" doraHai="61" who="3" fromWho="3" sc="457,-20,269,-20,176,-20,98,60" /><INIT seed="3,1,0,2,0,86" ten="437,249,156,158" oya="3" hai0="27,99,3,116,30,54,19,135,91,8,28,117,32" hai1="22,68,106,53,61,48,129,131,92,35,110,112,75" hai2="79,50,108,60,121,82,71,44,89,124,36,13,100" hai3="10,38,94,88,114,39,95,7,125,85,113,43,80"/><W23/><G125/><T49/><D135/><U59/><E106/><V62/><F36/><W20/><G39/><T45/><D30/><U16/><E35/><V101/><F71/><W90/><G38/><T51/><D91/><N who="3" m="34857" /><G113/><T42/><D99/><U93/><E75/><V70/><F70/><W15/><G114/><T31/><D31/><U74/><E74/><V56/><F124/><W132/><G132/><T41/><D41/><U83/><E83/><V17/><F108/><W34/><G43/><T87/><D87/><U4/><E4/><V105/><F105/><W128/><G128/><N who="1" m="49226" /><E110/><V58/><F121/><W120/><G34/><T5/><D19/><U40/><E112/><V130/><F130/><W37/><G37/><T109/><D109/><U77/><E77/><V118/><F118/><W66/><G66/><T29/><D29/><U65/><E40/><N who="2" m="24839" /><F79/><N who="3" m="46239" /><G120/><T18/><D116/><U11/><E11/><N who="2" m="6335" /><F82/><W98/><G95/><T123/><D117/><U97/><E97/><V25/><F89/><AGARI ba="1,0" hai="7,10,15,20,23,89,94,98" m="46239,34857" machi="89" ten="30,18000,2" yaku="8,1,52,4,54,1" doraHai="86" who="3" fromWho="2" sc="437,0,249,0,156,-183,158,183" owari="437,53.7,249,-15.1,-27,-52.7,341,14.1" /></mjloggm>