<mjloggm ver="2.3"><GO type="225" lobby="0"/><UN n0="%E8%BE%9B%E5%8F%A3%E3%82%AB%E3%83%AC%E3%83%BC%E3%83%A9%E3%82%A4%E3%82%B9" n1="%6D%75%75%73%61%6E%6D%75" n2="%E3%81%A4%E3%81%A3%E3%81%B1%E3%82%8A%E3%83%9D%E3%83%BC%E3%83%AB" n3="%6C%61%6D%62" dan="17,17,17,16" rate="2241.08,2163.09,2147.22,2187.27" sx="M,F,M,M"/><TAIKYOKU oya="0"/><INIT seed="0,0,0,1,1,123" ten="250,250,250,250" oya="0" hai0="76,74,124,21,99,104,10,18,71,72,34,3,29" hai1="132,24,118,57,22,90,54,46,111,80,131,56,69" hai2="28,50,25,51,116,119,68,133,59,92,128,5,19" hai3="32,11,62,96,64,4,130,122,114,60,30,15,126"/><T26/><D124/><U8/><E118/><N who="2" m="45099" /><F68/><W14/><G114/><T83/><D71/><U85/><E69/><V101/><F133/><W127/><G122/><T95/><D104/><U100/><E132/><V42/><F128/><W125/><G130/><T78/><D78/><U17/><E131/><V49/><F5/><W75/><G75/><T112/><D112/><U13/><E111/><V113/><F19/><W87/><G87/><T82/><D82/><U107/><E107/><V73/><F73/><W94/><G15/><N who="0" m="9439" /><D83/><U0/><E100/><V38/><F113/><W103/><REACH who="3" step="1"/><G64/><REACH who="3" ten="250,250,250,240" step="2"/><T134/><D134/><U58/><E0/><V81/><F81/><W44/><G44/><T84/><D84/><U45/><REACH who="1" step="1"/><E54/><REACH who="1" ten="250,240,250,240" step="2"/><N who="2" m="32207" /><F42/><W67/><G67/><T23/><D3/><U129/><E129/><V117/><F117/><W66/><G66/><T120/><D120/><U93/><E93/><V109/><F92/><W6/><G6/><AGARI ba="0,2" hai="6,8,13,17,22,24,45,46,56,57,58,80,85,90" machi="6" ten="40,2600,0" yaku="1,1,8,1,53,0" doraHai="123" doraHaiUra="110" who="1" fromWho="3" sc="250,0,240,46,250,0,240,-26" /><INIT seed="1,0,0,5,0,76" ten="250,286,250,214" oya="1" hai0="113,2,124,40,41,68,38,115,135,122,34,51,112" hai1="131,54,90,91,104,53,11,111,48,120,123,97,37" hai2="75,80,78,119,66,95,1,82,43,108,21,10,64" hai3="26,42,127,110,59,89,0,52,31,74,129,15,56"/><U27/><E37/><V13/><F119/><W39/><G0/><T71/><D34/><U98/><E131/><V79/><F108/><W60/><G74/><T100/><D2/><U107/><E111/><V46/><F95/><W106/><G110/><T93/><D93/><U55/><E48/><V22/><F22/><W33/><G106/><T96/><D96/><U70/><E70/><N who="0" m="26665" /><D100/><U28/><E11/><V86/><F21/><W19/><G127/><T125/><D135/><U25/><E54/><V61/><F61/><W83/><G129/><T65/><D122/><U87/><E87/><V14/><F14/><W134/><G42/><N who="0" m="16491" /><D38/><U85/><E85/><V49/><REACH who="2" step="1"/><F1/><REACH who="2" ten="250,286,240,214" step="2"/><W72/><G15/><T126/><D65/><U84/><E120/><V69/><F69/><W6/><G134/><T3/><D3/><U36/><E123/><V103/><F103/><W128/><G128/><T63/><D63/><U109/><E109/><V92/><F92/><W105/><G60/><T16/><D16/><AGARI ba="0,1" hai="10,13,16,43,46,49,64,66,75,78,79,80,82,86" machi="16" ten="30,8000,1" yaku="1,1,7,1,52,2,54,1,53,0" doraHai="76" doraHaiUra="24" who="2" fromWho="0" sc="250,-80,286,0,240,90,214,0" /><INIT seed="2,0,0,4,4,113" ten="170,286,330,214" oya="2" hai0="55,97,18,99,128,39,114,49,111,48,73,62,23" hai1="131,10,117,22,104,61,24,94,135,17,83,134,2" hai2="78,101,25,31,77,69,71,127,51,95,58,27,82" hai3="124,90,68,70,118,74,107,53,32,14,6,119,63"/><V0/><F0/><W35/><G53/><T3/><D114/><U105/><E104/><V5/><F5/><W16/><G90/><T79/><D39/><U52/><E105/><V36/><F36/><W60/><G6/><T86/><D3/><U112/><E112/><V45/><F127/><W56/><G56/><T11/><D73/><U120/><E117/><N who="3" m="44554" /><G14/><T123/><D123/><U29/><E120/><V41/><F58/><W88/><G88/><T40/><D11/><U67/><E52/><V54/><F54/><W102/><G16/><T75/><D75/><U13/><E2/><V106/><F95/><W72/><G124/><T91/><D91/><U43/><E94/><V66/><F66/><N who="3" m="41031" /><G72/><T100/><D18/><U57/><E43/><V84/><F41/><W87/><G87/><T8/><D40/><U1/><E1/><V19/><F84/><W108/><G74/><T122/><D86/><U125/><E125/><V109/><F45/><W98/><G108/><T89/><D89/><U103/><E83/><V4/><F109/><W20/><G20/><T9/><D23/><U92/><E17/><V133/><F4/><W44/><G44/><T130/><D55/><U15/><E15/><V59/><F19/><W80/><G80/><T116/><D111/><U85/><E85/><V46/><F82/><W42/><G42/><T12/><D116/><U38/><E13/><V126/><F126/><W96/><G96/><T28/><D99/><U37/><E57/><V33/><F46/><W110/><G110/><T121/><D97/><U26/><E22/><V65/><F59/><RYUUKYOKU ba="0,0" sc="170,-10,286,-10,330,-10,214,30" hai3="32,35,63,70,98,102,107" /><INIT seed="3,1,0,2,5,34" ten="160,276,320,244" oya="3" hai0="122,62,40,119,103,15,81,102,66,92,1,108,78" hai1="105,79,8,87,84,55,128,27,74,109,23,4,31" hai2="134,106,41,129,32,76,115,72,68,24,65,77,112" hai3="5,22,10,12,64,54,36,16,18,107,50,45,28"/><W13/><G107/><T71/><D122/><U121/><E121/><V61/><F77/><W7/><G36/><T111/><D119/><U114/><E114/><V38/><F129/><W94/><G64/><T120/><D120/><U39/><E105/><V53/><F53/><W9/><G94/><T52/><D40/><U43/><E128/><V123/><F123/><W130/><G130/><T83/><D83/><U110/><E74/><V113/><F134/><W97/><G97/><T51/><D15/><U42/><E55/><V86/><F86/><N who="1" m="32809" /><E79/><V58/><F58/><W126/><G126/><T73/><D1/><N who="1" m="15" /><E39/><V30/><F106/><W88/><G88/><T2/><D2/><U63/><E63/><V60/><F60/><W93/><G93/><T135/><D135/><U98/><E98/><V33/><F33/><W17/><G28/><T80/><D80/><U85/><E85/><V69/><F69/><W25/><AGARI ba="1,0" hai="5,7,9,10,12,13,16,17,18,22,25,45,50,54" machi="25" ten="20,12000,1" yaku="0,1,7,1,9,1,8,1,54,1" doraHai="34" who="3" fromWho="3" sc="160,-41,276,-41,320,-41,244,123" owari="119,-38.1,235,-16.5,279,7.9,367,46.7" /></mjloggm>