<mjloggm ver="2.3"><GO type="225" lobby="0"/><UN n0="%E3%81%86%E3%83%BC%E3%81%B1%E3%83%BC" n1="%E3%81%BF%E3%81%BF%E3%81%9A" n2="%6E%69%63%6B%6C%6F%77" n3="%E7%AD%89%E3%80%85%E5%8A%9B%E5%8A%87%E5%A0%B4" dan="16,17,16,16" rate="2123.88,2221.27,2101.73,2157.24" sx="F,M,F,M"/><TAIKYOKU oya="0"/><INIT seed="0,0,0,2,4,92" ten="250,250,250,250" oya="0" hai0="110,117,82,69,122,116,32,114,36,83,21,89,59" hai1="98,30,52,101,23,91,5,132,34,13,10,58,47" hai2="24,68,88,26,61,66,49,6,29,99,72,20,33" hai3="22,75,70,77,41,65,124,45,106,95,31,94,123"/><T115/><D69/><U64/><E132/><V62/><F72/><W79/><G106/><T127/><D32/><U56/><E34/><V97/><F6/><W78/><G124/><T103/><D36/><U76/><E76/><V120/><F120/><W4/><G123/><T121/><D59/><U130/><E130/><V109/><F109/><W11/><G75/><T35/><D21/><U105/><E91/><V86/><F49/><W42/><G70/><T134/><D35/><U46/><E58/><V81/><REACH who="2" step="1"/><F61/><REACH who="2" ten="250,250,240,250" step="2"/><W48/><G48/><T57/><D110/><U126/><E126/><V25/><F25/><W19/><G4/><T54/><D127/><U118/><E118/><V104/><F104/><W27/><G27/><T55/><D134/><U80/><E105/><V85/><F85/><W37/><G37/><T67/><D122/><U113/><E5/><V119/><F119/><W93/><G42/><T28/><D121/><U9/><E113/><V0/><F0/><W102/><G41/><T125/><D125/><U12/><E12/><V43/><F43/><W8/><G102/><T51/><D103/><U40/><E13/><V96/><F96/><W135/><G135/><T112/><D117/><U128/><E98/><V71/><F71/><W14/><G14/><T87/><D116/><U15/><E101/><V129/><F129/><W107/><G107/><T108/><D108/><U63/><E128/><V16/><AGARI ba="0,1" hai="16,20,24,26,29,33,62,66,68,81,86,88,97,99" machi="16" ten="20,12000,2" yaku="1,1,0,1,7,1,52,2,54,2,53,0" doraHai="92" doraHaiUra="3" who="2" fromWho="2" sc="250,-60,250,-30,240,130,250,-30" /><INIT seed="1,0,0,5,2,41" ten="190,220,370,220" oya="1" hai0="46,76,69,84,57,96,45,68,2,124,102,133,73" hai1="53,131,13,60,19,135,70,30,44,27,75,1,67" hai2="8,20,49,58,25,48,43,0,72,127,11,26,64" hai3="4,88,119,83,123,129,100,62,103,111,9,116,28"/><U118/><E118/><N who="3" m="45098" /><G123/><T34/><D69/><U38/><E1/><V65/><F72/><W12/><G111/><T108/><D68/><U107/><E131/><V29/><F127/><W97/><G129/><T115/><D34/><U3/><E3/><V91/><F0/><W63/><G28/><T86/><D2/><U50/><E135/><V56/><F91/><W7/><G7/><T85/><D115/><U93/><E75/><V98/><F43/><W39/><G39/><T132/><D108/><U51/><E107/><V55/><F98/><W18/><G4/><T101/><D124/><U121/><E121/><V17/><F8/><W40/><G40/><T22/><D22/><U24/><E38/><V105/><F105/><N who="3" m="63631" /><G103/><N who="0" m="39435" /><D96/><U32/><E93/><V71/><F71/><W94/><G83/><N who="0" m="45455" /><D57/><U66/><E66/><V16/><F11/><W14/><G14/><T61/><D61/><U23/><REACH who="1" step="1"/><E51/><REACH who="1" ten="190,210,370,220" step="2"/><V21/><F29/><W87/><AGARI ba="0,1" hai="9,12,18,62,63,87,88,94" m="63631,45098" machi="87" ten="30,2000,0" yaku="12,1,54,1" doraHai="41" who="3" fromWho="3" sc="190,-5,210,-10,370,-5,220,30" /><INIT seed="2,0,0,3,3,133" ten="185,200,365,250" oya="2" hai0="20,109,130,4,13,92,15,41,56,19,89,60,107" hai1="67,122,27,44,97,116,9,26,35,17,14,71,105" hai2="83,123,38,5,50,69,62,110,120,131,3,117,39" hai3="126,111,84,73,57,34,76,2,25,10,8,28,74"/><V22/><F117/><W82/><G111/><T6/><D130/><U55/><E116/><V65/><F22/><W85/><G126/><T31/><D107/><U45/><E122/><V21/><F21/><W32/><G57/><T63/><D109/><U118/><E118/><V113/><F110/><W96/><G96/><T119/><D119/><U132/><E132/><V127/><F113/><W54/><G54/><T86/><D31/><N who="1" m="19959" /><E55/><V129/><F83/><W98/><G98/><T125/><D125/><U72/><E72/><V93/><F93/><W24/><G28/><T91/><D41/><U121/><E27/><V90/><F90/><W23/><G82/><T103/><D103/><N who="1" m="62703" /><E121/><N who="2" m="46667" /><F127/><W49/><G23/><T78/><D78/><U18/><E18/><V7/><F7/><W46/><G76/><T101/><D101/><U0/><E0/><V16/><F16/><W29/><G29/><T99/><D15/><U40/><E40/><V94/><F94/><W53/><G2/><T104/><D104/><U87/><E87/><V68/><F68/><W79/><G79/><T51/><D4/><U81/><E81/><V59/><F5/><W33/><G85/><T61/><D6/><U52/><E52/><N who="2" m="32151" /><F3/><W11/><G84/><T108/><D108/><U43/><E43/><V106/><F106/><W134/><G134/><T124/><D124/><U12/><E12/><V1/><F1/><W77/><G74/><T112/><D112/><U47/><E71/><V75/><F75/><W88/><G88/><N who="0" m="55687" /><D86/><U114/><E114/><V115/><F115/><W95/><G95/><T100/><D100/><RYUUKYOKU ba="0,0" sc="185,0,200,0,365,0,250,0" hai0="13,19,20,51,56,60,61,63,89,91" hai1="9,14,17,44,45,47,67" hai2="38,39,62,65,69,129,131" hai3="8,10,11,24,25,32,33,34,46,49,53,73,77" /><INIT seed="2,1,0,0,0,103" ten="185,200,365,250" oya="2" hai0="104,55,69,66,42,24,127,120,96,128,130,28,13" hai1="118,91,8,123,12,85,57,15,27,79,0,1,111" hai2="109,50,5,35,132,107,90,87,131,92,34,82,89" hai3="93,115,43,76,21,25,36,46,16,41,121,58,102"/><V81/><F131/><N who="0" m="50218" /><D127/><U39/><E118/><V51/><F132/><W26/><G121/><T22/><D120/><U54/><E123/><V133/><F133/><W33/><G115/><T9/><D42/><U108/><E39/><V44/><F5/><W61/><G43/><T72/><D72/><U48/><E27/><V10/><F10/><W29/><G76/><T19/><D55/><U20/><E20/><V116/><F116/><W86/><G102/><N who="0" m="62535" /><D69/><U75/><E75/><V3/><F3/><W59/><G61/><T122/><D122/><U84/><E79/><V49/><F44/><W40/><G41/><T97/><D97/><U134/><E134/><V106/><F109/><N who="1" m="42057" /><E84/><V38/><F38/><W113/><REACH who="3" step="1"/><G113/><REACH who="3" ten="185,200,365,240" step="2"/><T56/><D66/><U62/><E62/><V105/><REACH who="2" step="1"/><F81/><REACH who="2" ten="185,200,355,240" step="2"/><W80/><G80/><T45/><D45/><U2/><E8/><V135/><F135/><W101/><G101/><T74/><D74/><U110/><N who="1" m="42065" /><U67/><DORA hai="119" /><E67/><V114/><F114/><W37/><G37/><T73/><D73/><U63/><E63/><V7/><F7/><W95/><G95/><AGARI ba="1,2" hai="0,1,2,12,15,48,54,57,85,91,95" m="42065" machi="95" ten="50,1600,0" yaku="14,1" doraHai="103,119" who="1" fromWho="3" sc="185,0,200,39,355,0,240,-19" /><INIT seed="3,0,0,1,1,52" ten="185,239,355,221" oya="3" hai0="32,13,4,110,88,22,48,90,69,61,133,117,42" hai1="119,26,55,125,51,43,41,36,28,77,54,91,112" hai2="68,23,105,82,65,57,9,100,40,104,62,19,135" hai3="130,128,123,81,67,30,84,76,14,107,29,75,50"/><W17/><G123/><T34/><D117/><U72/><E112/><V98/><F135/><W35/><G107/><T134/><D110/><U49/><E36/><V12/><F40/><W122/><G122/><T127/><D127/><U102/><E102/><V33/><F33/><W131/><G35/><T8/><D34/><U16/><E125/><V106/><F68/><W39/><G39/><T73/><D73/><U56/><E119/><V108/><F108/><W78/><G67/><T6/><D6/><U113/><E28/><V103/><F103/><W74/><G50/><T99/><D32/><U120/><E113/><V15/><F82/><N who="3" m="45335" /><G75/><T59/><D22/><AGARI ba="0,0" hai="14,17,22,29,30,78,81,84,128,130,131" m="45335" machi="22" ten="30,1500,0" yaku="19,1" doraHai="52" who="3" fromWho="0" sc="185,-15,239,0,355,0,221,15" /><INIT seed="3,1,0,3,0,28" ten="170,239,355,236" oya="3" hai0="100,40,130,69,127,2,108,12,23,29,78,27,99" hai1="67,15,36,96,71,109,131,94,70,103,58,54,65" hai2="68,57,22,85,34,49,59,92,63,53,125,132,11" hai3="6,73,113,35,84,51,72,97,134,44,87,38,124"/><W122/><G113/><T79/><D108/><U19/><E36/><V105/><F34/><W39/><G122/><T61/><D130/><U112/><E112/><V41/><F105/><W104/><G134/><T16/><D127/><U21/><E109/><V43/><F68/><W3/><G124/><T18/><D2/><U90/><E71/><V25/><F11/><W91/><G35/><T66/><D40/><U121/><E70/><V5/><F5/><W111/><G111/><T20/><REACH who="0" step="1"/><D18/><REACH who="0" ten="160,239,355,236" step="2"/><U110/><E131/><V115/><F115/><W117/><G39/><T89/><D89/><U95/><E110/><V126/><F41/><W93/><G38/><T118/><D118/><U119/><E119/><V101/><F43/><W114/><G117/><T14/><D14/><U32/><E121/><V102/><F132/><W24/><G114/><T47/><D47/><U82/><E15/><V81/><F126/><W50/><G3/><T46/><D46/><U116/><E19/><V56/><F125/><W8/><G44/><T83/><D83/><U107/><E82/><V55/><F81/><W52/><G91/><T26/><D26/><U33/><E116/><V1/><F25/><W106/><G24/><T86/><D86/><U17/><E90/><V30/><F85/><W123/><G87/><T64/><D64/><U88/><E67/><V77/><F1/><W135/><G84/><T0/><D0/><U48/><E65/><V62/><F53/><W10/><G135/><T74/><D74/><U76/><E54/><V4/><F55/><W129/><G52/><T13/><D13/><RYUUKYOKU ba="1,1" sc="160,30,239,-10,355,-10,236,-10" hai0="12,16,20,23,27,29,61,66,69,78,79,99,100" owari="190,-31.0,229,2.9,355,45.5,226,-17.4" /></mjloggm>