<mjloggm ver="2.3"><GO type="225" lobby="0"/><UN n0="%6D%75%75%73%61%6E%6D%75" n1="%E3%81%95%E3%81%8D%E3%81%9F%E3%81%BE%E6%9E%97%E6%AA%8E" n2="%6E%69%63%6F%6E%74%6F" n3="%E3%80%93%E3%81%97%E3%83%BC%E3%82%89%E3%80%93" dan="17,16,16,17" rate="2154.49,2064.32,2131.69,2138.06" sx="F,M,M,M"/><TAIKYOKU oya="0"/><INIT seed="0,0,0,4,4,2" ten="250,250,250,250" oya="0" hai0="46,77,109,117,22,103,30,71,96,98,113,40,65" hai1="91,67,28,57,73,45,0,132,31,106,43,86,1" hai2="118,104,61,23,34,110,53,99,14,51,95,5,21" hai3="3,119,87,47,9,62,26,42,82,13,6,75,35"/><T52/><D113/><U90/><E73/><V114/><F118/><W68/><G119/><T94/><D117/><U10/><E106/><V121/><F121/><W72/><G3/><T11/><D109/><U49/><E132/><V37/><F37/><W135/><G135/><T92/><D77/><U41/><E41/><V129/><F129/><W88/><G68/><T60/><D40/><U102/><E102/><V17/><F34/><W50/><REACH who="3" step="1"/><G62/><REACH who="3" ten="250,250,250,240" step="2"/><T127/><D71/><U120/><E0/><V128/><F61/><W20/><G20/><T16/><D60/><U59/><E120/><V123/><F23/><W32/><G32/><T24/><D65/><U4/><E67/><V70/><F70/><W116/><G116/><T19/><D127/><U64/><E64/><V48/><F123/><W125/><G125/><T93/><D11/><U78/><E1/><V107/><F114/><W15/><G15/><T79/><D79/><U33/><E10/><V89/><F128/><W66/><G66/><T105/><REACH who="0" step="1"/><D96/><REACH who="0" ten="240,250,250,240" step="2"/><U74/><E78/><V27/><F110/><W36/><G36/><T12/><D12/><U69/><E69/><V97/><F97/><W76/><G76/><T133/><D133/><U101/><E74/><V111/><F111/><W85/><G85/><T63/><D63/><U126/><E86/><V124/><F124/><W44/><G44/><T131/><D131/><U38/><E45/><N who="2" m="27791" /><F51/><AGARI ba="0,2" hai="16,19,22,24,30,46,51,52,92,93,94,98,103,105" machi="51" ten="40,7700,0" yaku="1,1,54,2,53,0" doraHai="2" doraHaiUra="134" who="0" fromWho="2" sc="240,97,250,0,250,-77,240,0" /><INIT seed="0,1,0,0,0,18" ten="337,250,173,240" oya="0" hai0="110,102,63,68,82,111,5,9,71,7,123,13,120" hai1="61,103,47,87,34,4,22,86,112,127,134,75,78" hai2="108,128,48,56,51,119,88,101,44,76,49,77,8" hai3="11,31,21,126,96,57,37,72,55,38,133,121,69"/><T26/><D102/><U36/><E134/><V124/><F108/><N who="0" m="41514" /><D82/><U40/><E127/><V39/><F124/><W67/><G72/><T29/><D63/><U90/><E112/><V12/><F128/><W131/><G126/><T70/><D7/><U52/><E103/><V135/><F135/><W114/><G133/><T109/><N who="0" m="41522" /><T125/><DORA hai="95" /><D125/><U92/><E34/><AGARI ba="1,0" hai="5,9,13,26,29,34,68,70,71,120,123" m="41522" machi="34" ten="50,4800,0" yaku="14,1,10,1" doraHai="18,95" who="0" fromWho="1" sc="337,51,250,-51,173,0,240,0" /><INIT seed="0,2,0,0,2,72" ten="388,199,173,240" oya="0" hai0="82,33,76,81,115,51,29,20,45,99,64,11,5" hai1="53,49,70,6,34,35,44,88,37,3,38,36,133" hai2="79,94,54,56,42,92,58,84,120,46,65,108,61" hai3="107,52,50,122,0,8,24,47,132,101,85,31,113"/><T131/><D115/><U127/><E127/><V91/><F108/><W87/><G113/><T25/><D131/><U10/><E133/><V124/><F124/><W26/><G132/><T68/><D68/><U128/><E128/><V89/><F120/><W100/><G122/><T129/><D64/><U125/><E125/><V93/><F91/><W114/><G114/><T97/><D129/><U4/><E70/><V75/><F75/><W12/><G0/><T40/><D33/><U135/><E135/><V105/><F105/><W90/><G87/><T18/><D29/><U32/><E6/><V123/><F123/><W112/><G112/><T15/><D81/><U77/><E77/><V126/><F126/><W103/><G31/><T66/><D66/><U30/><REACH who="1" step="1"/><E30/><REACH who="1" ten="388,189,173,240" step="2"/><V118/><F79/><W60/><G107/><T23/><REACH who="0" step="1"/><D20/><REACH who="0" ten="378,189,173,240" step="2"/><U19/><E19/><V111/><F111/><W57/><G8/><T98/><D98/><U17/><E17/><V110/><F110/><W96/><G96/><T27/><D27/><U13/><E13/><V16/><F16/><W78/><G12/><T134/><D134/><U83/><E83/><V63/><REACH who="2" step="1"/><F118/><REACH who="2" ten="378,189,163,240" step="2"/><W59/><G78/><T71/><D71/><U109/><E109/><V117/><F117/><W62/><G24/><T43/><D43/><U48/><E48/><AGARI ba="2,3" hai="42,46,48,54,56,58,61,63,65,84,89,92,93,94" machi="48" ten="30,3900,0" yaku="1,1,7,1,8,1,53,0" doraHai="72" doraHaiUra="28" who="2" fromWho="1" sc="378,0,189,-45,163,75,240,0" /><INIT seed="1,0,0,4,2,32" ten="378,144,238,240" oya="1" hai0="117,107,3,83,57,114,97,30,14,86,131,67,89" hai1="133,9,42,127,103,58,84,134,5,54,35,126,87" hai2="43,73,132,10,31,121,129,47,76,100,135,106,74" hai3="120,23,37,75,118,44,128,111,2,85,130,96,69"/><U4/><E35/><V39/><F121/><W17/><G69/><T92/><D114/><U36/><E103/><V20/><F129/><W6/><G75/><T8/><D131/><N who="3" m="50217" /><G120/><T101/><D117/><U51/><E5/><V33/><F20/><W53/><G118/><T72/><D30/><U50/><E36/><V110/><F110/><W18/><G111/><T109/><D109/><U12/><E50/><V27/><F10/><N who="3" m="2391" /><G53/><T124/><D124/><N who="1" m="47659" /><E42/><V115/><F115/><W90/><G96/><T62/><D3/><U16/><E4/><V61/><F61/><W81/><G23/><T28/><D28/><U11/><E11/><V1/><F1/><W80/><G81/><T46/><D46/><U99/><E99/><N who="2" m="61727" /><F76/><W41/><AGARI ba="0,0" hai="17,18,37,41,44,80,85,90" m="2391,50217" machi="41" ten="30,2000,0" yaku="19,1,52,1" doraHai="32" who="3" fromWho="3" sc="378,-5,144,-10,238,-5,240,20" /><INIT seed="2,0,0,0,2,101" ten="373,134,233,260" oya="2" hai0="34,82,57,55,128,36,71,14,112,81,114,52,79" hai1="44,12,116,120,133,83,130,113,40,115,13,22,23" hai2="118,105,119,37,68,54,20,30,74,58,24,56,110" hai3="38,5,8,66,93,48,109,127,132,33,41,135,17"/><V61/><F105/><W25/><G38/><T111/><D71/><U9/><E44/><V117/><F74/><W49/><G127/><T94/><D34/><U1/><E40/><V31/><F37/><W85/><G66/><T67/><D36/><U43/><E43/><V126/><F126/><W65/><G65/><T28/><D111/><U129/><E83/><V46/><F110/><W7/><G109/><T10/><D128/><N who="1" m="49259" /><E116/><V4/><F4/><W32/><G41/><T18/><D28/><U62/><E62/><V60/><F46/><W50/><G25/><T90/><D67/><U96/><E96/><V80/><F80/><W47/><G47/><T106/><D81/><U131/><N who="1" m="49267" /><U102/><DORA hai="70" /><E102/><V6/><F68/><W69/><G69/><T95/><D106/><U99/><E99/><V86/><F6/><N who="3" m="2059" /><G85/><T0/><D55/><U45/><E45/><V91/><F58/><W88/><G93/><T107/><D107/><U21/><E133/><N who="3" m="51274" /><G88/><T98/><D94/><U39/><E39/><V26/><F56/><W11/><G17/><T84/><D0/><U100/><E100/><V108/><F108/><W123/><G123/><T51/><AGARI ba="0,0" hai="10,14,18,51,52,57,79,82,84,90,95,98,112,114" machi="51" ten="20,2700,0" yaku="0,1,7,1,54,1" doraHai="101,70" who="0" fromWho="0" sc="373,27,134,-7,233,-13,260,-7" /><INIT seed="3,0,0,1,2,82" ten="400,127,220,253" oya="3" hai0="86,133,112,103,33,34,44,47,9,114,63,90,92" hai1="111,118,98,64,123,104,107,23,105,130,25,95,28" hai2="131,66,5,56,4,54,102,62,75,120,115,78,51" hai3="37,96,38,76,6,77,122,65,126,132,113,0,99"/><W10/><G113/><N who="0" m="43627" /><D133/><U87/><E118/><V39/><F115/><W129/><G122/><T73/><D73/><U30/><E123/><V97/><F131/><W67/><G129/><T83/><D63/><U2/><E130/><V1/><F120/><W106/><G132/><T32/><D9/><U71/><E111/><V18/><F39/><W70/><G126/><T11/><D11/><U52/><E2/><V31/><F1/><W15/><G0/><T53/><D53/><U134/><E134/><V135/><F135/><W29/><G29/><T108/><D108/><U26/><E64/><V22/><F78/><W119/><G119/><T80/><D103/><U60/><E71/><V7/><F75/><W27/><G27/><T91/><D80/><U19/><E26/><V42/><F42/><W79/><G70/><T50/><D50/><U117/><E117/><V85/><F31/><W8/><G106/><T24/><D24/><U58/><E87/><AGARI ba="0,0" hai="32,33,34,44,47,83,86,87,90,91,92" m="43627" machi="87" ten="40,5200,0" yaku="11,1,52,2" doraHai="82" who="0" fromWho="1" sc="400,52,127,-52,220,0,253,0" owari="452,55.2,75,-42.5,220,-18.0,253,5.3" /></mjloggm>