<mjloggm ver="2.3"><GO type="225" lobby="0"/><UN n0="%E6%B8%A9%E2%98%85%E6%83%85%E2%98%85%E6%8E%AA%E2%98%85%E7%BD%AE" n1="%70%61%77%61" n2="%E3%82%BF%E3%83%BC%E3%83%90%E3%83%B3%E9%87%8E%E5%8F%A3" n3="%E9%A2%A8%E3%81%A7%E9%B3%B4%E3%81%8F" dan="17,19,16,16" rate="2190.02,2267.41,2137.70,2165.66" sx="M,M,M,M"/><TAIKYOKU oya="0"/><INIT seed="0,0,0,3,0,27" ten="250,250,250,250" oya="0" hai0="19,119,112,103,30,46,85,91,78,64,93,23,49" hai1="37,54,102,57,130,53,24,45,39,106,14,42,9" hai2="62,44,59,134,97,94,2,86,10,35,108,76,1" hai3="120,107,55,73,22,122,116,90,133,82,20,63,52"/><T0/><D112/><U100/><E130/><V56/><F108/><W115/><G107/><T105/><D119/><U65/><E39/><V38/><F134/><W61/><G115/><T69/><D0/><U109/><E109/><V132/><F132/><W17/><G133/><T117/><D117/><U84/><E84/><V80/><F35/><W33/><G33/><T89/><D78/><U5/><E24/><V74/><F86/><N who="3" m="50519" /><G73/><T47/><D89/><U6/><E6/><N who="2" m="1359" /><F62/><N who="3" m="23563" /><G22/><T25/><D64/><U126/><E65/><V21/><F21/><W66/><G66/><T129/><D69/><U110/><E110/><V98/><F2/><W4/><G4/><T114/><D114/><U40/><E126/><V71/><F71/><W96/><G96/><N who="2" m="36969" /><F94/><W123/><G116/><T31/><D129/><U50/><E106/><V32/><F32/><W128/><G128/><T83/><D105/><U8/><E8/><V118/><F118/><W68/><G68/><T127/><D127/><U75/><E75/><V15/><F15/><AGARI ba="0,0" hai="15,17,20,52,55,120,122,123" m="23563,50519" machi="15" ten="30,2000,0" yaku="13,1,54,1" doraHai="27" who="3" fromWho="2" sc="250,0,250,0,250,-20,250,20" /><INIT seed="1,0,0,1,2,96" ten="250,250,230,270" oya="1" hai0="8,112,64,48,101,93,79,74,33,30,86,41,43" hai1="40,80,38,67,115,132,94,123,16,4,0,22,39" hai2="9,34,26,116,7,83,10,57,78,18,36,90,121" hai3="118,6,127,114,55,92,12,56,72,117,97,130,99"/><U124/><E115/><V23/><F121/><W15/><G114/><T29/><D74/><U128/><E123/><V129/><F116/><N who="3" m="44651" /><G72/><T77/><D112/><U104/><E104/><V88/><F129/><W32/><G32/><T71/><D71/><U65/><E128/><V108/><F108/><W111/><G130/><T82/><D64/><U110/><E132/><V106/><F106/><W5/><G111/><T98/><D33/><U31/><E110/><V75/><F36/><W45/><G45/><N who="0" m="25647" /><D43/><U11/><E124/><V46/><F46/><W100/><G99/><T50/><D50/><U59/><E31/><N who="0" m="11785" /><D8/><U25/><E40/><V14/><F34/><W76/><G76/><AGARI ba="0,0" hai="76,77,79,82,86,93,98,101" m="11785,25647" machi="76" ten="30,2000,0" yaku="8,1,52,1" doraHai="96" who="0" fromWho="3" sc="250,20,250,0,230,0,270,-20" /><INIT seed="2,0,0,3,2,130" ten="270,250,230,250" oya="2" hai0="11,26,76,24,35,81,92,58,119,36,117,94,2" hai1="102,87,68,9,38,131,47,74,124,30,18,4,64" hai2="108,97,95,122,23,27,120,79,62,128,134,111,82" hai3="0,88,72,65,77,46,53,66,17,40,43,52,90"/><V59/><F128/><W54/><G0/><T71/><D36/><U85/><E131/><V7/><F7/><W118/><G118/><N who="0" m="45067" /><D71/><U135/><E124/><V44/><F44/><W22/><G72/><N who="0" m="43143" /><D58/><U93/><E30/><N who="2" m="17791" /><F134/><W116/><G77/><T67/><D67/><N who="3" m="25609" /><G116/><T55/><D55/><N who="3" m="14081" /><W104/><DORA hai="60" /><G104/><T69/><D69/><U101/><E68/><V45/><F45/><W132/><G132/><T127/><D127/><U19/><E47/><V39/><F39/><W37/><G37/><T107/><D107/><U5/><E135/><V34/><F62/><W6/><G6/><N who="0" m="1495" /><D35/><U3/><E38/><V8/><F34/><W75/><G75/><T73/><D73/><U32/><E74/><N who="2" m="43383" /><F59/><W133/><G133/><T83/><D83/><U15/><E32/><V28/><F120/><W112/><G112/><T96/><D94/><U114/><E93/><V31/><F122/><W123/><G123/><T103/><AGARI ba="0,0" hai="24,26,92,96,103" m="1495,43143,45067" machi="103" ten="30,1100,0" yaku="12,1" doraHai="130,60" who="0" fromWho="0" sc="270,11,250,-3,230,-5,250,-3" /><INIT seed="3,0,0,2,2,12" ten="281,247,225,247" oya="3" hai0="45,47,78,21,62,101,116,14,70,53,28,18,104" hai1="20,25,17,130,1,65,66,114,103,92,33,3,125" hai2="134,129,10,118,58,132,23,44,95,76,99,131,60" hai3="109,71,123,6,63,72,110,96,91,55,32,112,98"/><W36/><G36/><T30/><D116/><U113/><E125/><V26/><F118/><W75/><G32/><T37/><D37/><U64/><E33/><V135/><F76/><W88/><G112/><T120/><D104/><U79/><E79/><V22/><F44/><N who="0" m="16970" /><D70/><U121/><E121/><V108/><F10/><W80/><G123/><T102/><D78/><U89/><E103/><N who="0" m="39433" /><D120/><U124/><E124/><V4/><F4/><W105/><G6/><T35/><D35/><U9/><E130/><N who="2" m="49675" /><F108/><N who="3" m="41579" /><G80/><T87/><D87/><U100/><E100/><N who="2" m="60543" /><F26/><W81/><G105/><T94/><D94/><U2/><REACH who="1" step="1"/><E9/><REACH who="1" ten="281,237,225,247" step="2"/><V115/><F115/><W34/><G34/><T40/><D40/><U77/><E77/><V29/><F29/><W11/><G11/><T111/><D111/><U82/><E82/><V84/><F84/><AGARI ba="0,1" hai="1,2,3,17,20,25,64,65,66,84,89,92,113,114" machi="84" ten="50,3200,0" yaku="1,1,52,1,53,0" doraHai="12" doraHaiUra="126" who="1" fromWho="2" sc="281,0,237,42,225,-32,247,0" /><INIT seed="4,0,0,2,3,121" ten="281,279,193,247" oya="0" hai0="61,73,3,71,4,21,93,99,97,65,102,19,45" hai1="8,128,69,103,46,41,131,20,116,72,127,27,90" hai2="58,112,47,70,67,104,105,132,122,124,108,89,26" hai3="55,85,79,9,1,10,6,24,59,48,123,100,16"/><T63/><D73/><U35/><E116/><V129/><F122/><W51/><G123/><T101/><D63/><U83/><E35/><V125/><F112/><W84/><G100/><T115/><D115/><U92/><E69/><V30/><F129/><N who="1" m="49737" /><E8/><V50/><F132/><W15/><G79/><T62/><D62/><U37/><E127/><N who="2" m="48715" /><F70/><W126/><G126/><T22/><D45/><U66/><E66/><V49/><F89/><W43/><G43/><T98/><D98/><N who="1" m="59847" /><E90/><V57/><F108/><W68/><G68/><T118/><D118/><U12/><E12/><V120/><F120/><W114/><G114/><T40/><D40/><U80/><E72/><V17/><F17/><AGARI ba="0,0" hai="17,20,27,37,41,46,80,83" m="59847,49737" machi="17" ten="30,1000,0" yaku="19,1" doraHai="121" who="1" fromWho="2" sc="281,0,279,10,193,-10,247,0" /><INIT seed="5,0,0,2,5,121" ten="281,289,183,247" oya="1" hai0="17,78,40,130,86,95,135,25,35,91,124,65,80" hai1="37,99,21,125,102,123,87,14,2,38,57,79,126" hai2="117,13,11,94,39,70,110,24,54,5,88,58,67" hai3="16,101,36,45,112,30,50,3,128,118,73,48,4"/><U61/><E123/><V27/><F117/><W47/><G118/><T90/><D135/><U29/><E2/><V51/><F39/><W20/><G36/><T8/><D130/><U116/><E116/><V26/><F70/><W115/><G73/><T119/><D119/><U129/><E129/><V46/><F67/><W33/><G128/><T53/><D124/><N who="1" m="47723" /><E87/><V69/><F69/><W93/><G30/><T81/><D40/><U68/><E79/><V10/><F10/><N who="3" m="2335" /><G33/><T59/><D65/><N who="1" m="39087" /><E68/><V103/><F103/><W64/><G64/><T32/><D81/><U114/><E114/><N who="3" m="43562" /><G93/><T113/><D113/><U22/><E22/><V66/><F66/><W111/><G101/><T44/><D35/><U107/><E14/><V83/><F83/><W12/><G111/><T34/><D34/><U76/><E76/><V63/><F110/><W131/><G131/><T72/><D91/><U0/><E0/><V41/><REACH who="2" step="1"/><F94/><REACH who="2" ten="281,289,173,247" step="2"/><W19/><G50/><N who="0" m="31159" /><D95/><U104/><E104/><V43/><F43/><W23/><G48/><T120/><D80/><U7/><E7/><V42/><F42/><W134/><G134/><T108/><D108/><U132/><E132/><V9/><F9/><W31/><G31/><T97/><D8/><U1/><E1/><V109/><F109/><W56/><G56/><T28/><D28/><U106/><E107/><V6/><F6/><W62/><G62/><T105/><D105/><U96/><E106/><V89/><AGARI ba="0,1" hai="5,11,13,24,26,27,41,46,51,54,58,63,88,89" machi="89" ten="30,7900,0" yaku="1,1,0,1,8,1,54,1,53,0" doraHai="121" doraHaiUra="71" who="2" fromWho="2" sc="281,-20,289,-39,173,89,247,-20" /><INIT seed="6,0,0,3,1,107" ten="261,250,262,227" oya="2" hai0="102,8,92,27,65,13,57,17,40,49,1,2,93" hai1="23,84,117,135,55,54,37,71,111,112,72,101,53" hai2="77,113,5,126,52,73,104,67,38,61,39,22,78" hai3="125,36,132,82,70,48,68,19,6,80,122,105,31"/><V34/><F34/><W9/><G105/><T121/><D121/><U16/><E111/><V131/><F104/><W47/><G122/><T51/><D2/><U87/><E117/><V75/><F5/><W44/><G36/><N who="2" m="13865" /><F52/><N who="1" m="20073" /><E37/><V114/><F22/><W66/><G31/><T86/><D1/><U46/><E71/><N who="2" m="42479" /><F126/><W41/><G125/><T26/><D40/><U97/><E72/><N who="2" m="27723" /><F131/><W30/><G44/><T110/><D27/><N who="1" m="14823" /><E112/><AGARI ba="0,0" hai="77,78,112,113,114" m="27723,42479,13865" machi="112" ten="40,12000,1" yaku="15,1,52,3" doraHai="107" who="2" fromWho="1" sc="261,0,250,-120,262,120,227,0" owari="261,6.1,130,-37.0,382,48.2,227,-17.3" /></mjloggm>