<mjloggm ver="2.3"><GO type="225" lobby="0"/><UN n0="%E5%8F%AF%E5%85%90%E9%82%A3%E7%94%B1%E5%A4%9A" n1="%E3%82%BC%E3%83%AB%E3%83%80%E3%81%AE%E4%BC%9D%E8%AA%AC" n2="%E6%B8%A9%E2%98%85%E6%83%85%E2%98%85%E6%8E%AA%E2%98%85%E7%BD%AE" n3="%E3%81%AA%E3%81%A1%30%39%32%37" dan="16,17,16,16" rate="2199.37,2257.54,2167.42,2065.88" sx="F,M,M,M"/><TAIKYOKU oya="0"/><INIT seed="0,0,0,1,2,72" ten="250,250,250,250" oya="0" hai0="51,85,16,126,26,79,49,7,12,4,62,94,128" hai1="8,75,17,40,118,52,54,55,89,88,107,69,93" hai2="67,21,63,30,135,101,82,9,14,91,134,68,127" hai3="90,132,70,87,1,28,22,5,102,66,119,42,33"/><T111/><D128/><U96/><E118/><V95/><F127/><W105/><G119/><T25/><D126/><U117/><E117/><V110/><F110/><W39/><G132/><N who="2" m="50729" /><F101/><W114/><G114/><T43/><D111/><U108/><E108/><V6/><F82/><W56/><G56/><T122/><D122/><U44/><E69/><V124/><F124/><W61/><G22/><T3/><D3/><U99/><E75/><V112/><F112/><W115/><G115/><T86/><D62/><U65/><E65/><V97/><F21/><W10/><G42/><T11/><D94/><N who="1" m="56391" /><E107/><V76/><F30/><W35/><G39/><T34/><D34/><U98/><E98/><V129/><F129/><W125/><G125/><T71/><D71/><U24/><E24/><N who="0" m="9321" /><D86/><U50/><E17/><V0/><F0/><W41/><G28/><T116/><D116/><U77/><E8/><V120/><F120/><W19/><G19/><T104/><D104/><U133/><E133/><V74/><F74/><W92/><G105/><T123/><D123/><U83/><E40/><V81/><F81/><W23/><G41/><T36/><D36/><U103/><E103/><V131/><F131/><W73/><G102/><T84/><D43/><U27/><E27/><V45/><F68/><W13/><G73/><T113/><D113/><U57/><E57/><N who="2" m="37359" /><F45/><W15/><G1/><T60/><D85/><N who="1" m="48367" /><E44/><V29/><F29/><W59/><G70/><T18/><D18/><U32/><E32/><V100/><F100/><W38/><G38/><T53/><D16/><U58/><AGARI ba="0,0" hai="50,52,54,55,58,89,93,99" m="48367,56391" machi="58" ten="30,7900,0" yaku="8,1,52,1,54,2" doraHai="72" who="1" fromWho="1" sc="250,-39,250,79,250,-20,250,-20" /><INIT seed="1,0,0,5,5,115" ten="211,329,230,230" oya="1" hai0="52,76,49,84,9,85,68,122,110,41,14,13,40" hai1="54,42,60,72,25,100,15,4,89,2,96,123,6" hai2="22,16,107,132,58,30,48,69,74,50,121,44,70" hai3="65,17,75,5,92,47,55,0,24,108,130,23,112"/><U117/><E123/><V82/><F121/><W66/><G112/><T125/><D68/><U45/><E72/><V26/><F107/><W128/><G75/><T62/><D122/><U51/><E117/><V31/><F132/><W88/><G108/><T59/><D110/><U119/><E119/><V37/><F37/><W80/><G80/><T86/><D125/><U133/><E2/><V78/><F58/><W81/><G81/><T94/><D76/><U3/><E3/><V29/><REACH who="2" step="1"/><F50/><REACH who="2" ten="211,329,220,230" step="2"/><N who="3" m="29151" /><G0/><T77/><D77/><U105/><E133/><V97/><F97/><N who="3" m="57479" /><G5/><N who="0" m="3247" /><D49/><U126/><E126/><V102/><F102/><W64/><G128/><T118/><D118/><U91/><E96/><V104/><F104/><W57/><G130/><T8/><D94/><U116/><E116/><V73/><F73/><W135/><G135/><T63/><D63/><AGARI ba="0,1" hai="17,23,24,57,63,64,65,66" m="57479,29151" machi="63" ten="30,2000,0" yaku="8,1,54,1" doraHai="115" who="3" fromWho="0" sc="211,-20,329,0,220,0,230,30" /><INIT seed="2,0,0,0,0,107" ten="191,329,220,260" oya="2" hai0="82,12,49,41,7,135,73,68,112,6,69,42,71" hai1="65,0,60,44,75,94,40,88,81,51,127,17,119" hai2="10,129,54,78,132,125,99,106,11,74,105,58,104" hai3="50,33,93,113,62,35,38,122,96,89,95,111,32"/><V77/><F132/><W52/><G122/><T48/><D112/><U67/><E119/><V116/><F116/><W134/><G111/><T15/><D135/><U64/><E0/><V37/><F129/><W13/><G134/><T98/><D98/><U25/><E127/><V59/><F125/><W5/><G38/><T130/><D130/><U117/><E117/><V4/><F37/><W97/><G62/><T120/><D120/><U21/><E81/><V16/><F74/><W128/><G113/><T84/><D84/><N who="1" m="52487" /><E75/><V18/><F99/><W26/><G128/><T110/><D110/><U108/><E108/><V9/><F4/><N who="0" m="1578" /><D82/><U102/><E102/><V1/><F1/><W8/><G26/><T28/><D28/><U109/><E109/><V100/><F100/><W131/><G131/><T47/><D47/><U22/><E22/><V19/><F59/><AGARI ba="0,0" hai="17,21,25,40,44,51,59,60,64,65,67" m="52487" machi="59" ten="30,2000,0" yaku="8,1,54,1" doraHai="107" who="1" fromWho="2" sc="191,0,329,20,220,-20,260,0" /><INIT seed="3,0,0,1,2,75" ten="191,349,200,260" oya="3" hai0="53,83,64,101,80,27,23,32,6,7,135,1,63" hai1="52,48,113,25,56,45,47,86,116,10,40,91,69" hai2="50,74,44,55,115,8,120,35,43,65,85,110,73" hai3="51,54,133,17,108,39,76,130,67,68,93,98,102"/><W111/><G39/><T127/><D135/><U28/><E69/><V5/><F115/><W58/><G68/><T94/><D127/><U37/><E113/><V71/><F35/><W77/><G67/><T46/><D32/><U105/><E105/><V78/><F110/><N who="3" m="42027" /><G133/><T131/><D131/><U16/><E116/><V128/><F128/><W134/><G134/><T109/><D109/><U38/><E38/><V100/><F100/><W42/><G130/><T0/><D0/><U97/><E97/><V82/><F120/><W34/><G34/><T15/><D1/><U11/><E16/><V41/><F41/><W99/><G42/><T87/><D64/><U61/><E47/><V107/><F107/><N who="3" m="63959" /><G17/><N who="0" m="12783" /><D101/><AGARI ba="0,0" hai="51,54,58,76,77,93,99,101" m="63959,42027" machi="101" ten="30,11600,0" yaku="14,1,10,1,52,2" doraHai="75" who="3" fromWho="0" sc="191,-116,349,0,200,0,260,116" owari="75,-42.5,349,14.9,200,-20.0,376,47.6" /></mjloggm>