<mjloggm ver="2.3"><GO type="225" lobby="0"/><UN n0="%E3%81%9F%E3%81%93%E2%98%86%E7%84%BC%E3%81%8D" n1="%E4%B8%89%E5%86%A0%E7%8E%8B%E3%83%BB%E5%B1%B1%E7%94%B0%E5%93%B2%E4%BA%BA" n2="%E6%80%AA%E3%81%97%E3%81%99%E3%81%8E%E3%82%8B%E3%83%81%E3%83%BC" n3="%4C%4F%4C%49%54%41" dan="16,16,16,16" rate="2076.23,2139.79,2064.24,2182.46" sx="M,M,M,F"/><TAIKYOKU oya="0"/><INIT seed="0,0,0,1,5,25" ten="250,250,250,250" oya="0" hai0="18,111,16,116,15,11,6,40,33,135,30,102,69" hai1="119,87,128,132,28,61,81,79,110,88,109,65,121" hai2="49,126,58,56,91,52,60,2,130,70,31,50,100" hai3="23,94,24,72,64,5,42,67,77,85,95,55,63"/><T83/><D69/><U118/><E121/><V57/><F2/><W93/><G72/><T29/><D102/><U17/><E132/><V3/><F3/><W12/><G42/><T38/><D116/><U35/><E128/><V27/><F130/><W122/><G122/><T108/><D83/><U43/><E43/><V133/><F126/><W96/><G96/><T112/><D135/><U22/><E79/><V21/><F133/><W13/><G55/><T131/><D131/><U10/><E10/><V51/><F70/><W14/><G5/><T103/><D103/><U34/><E119/><V113/><F113/><W82/><REACH who="3" step="1"/><G63/><REACH who="3" ten="250,250,250,240" step="2"/><T115/><D40/><U86/><E118/><V124/><F124/><W46/><G46/><T97/><D97/><U47/><E47/><V127/><F127/><W68/><G68/><T19/><D38/><U0/><E61/><V99/><REACH who="2" step="1"/><F91/><REACH who="2" ten="250,250,240,240" step="2"/><W78/><G78/><T53/><D115/><U104/><E88/><V36/><F36/><W1/><G1/><T101/><D112/><U76/><E0/><V80/><F80/><W37/><G37/><T9/><D101/><U39/><E39/><V90/><F90/><W123/><G123/><T45/><D45/><U129/><E129/><V114/><F114/><W74/><G74/><T32/><D111/><U98/><E110/><V92/><AGARI ba="0,2" hai="21,27,31,49,50,51,52,56,57,58,60,92,99,100" machi="92" ten="30,8000,1" yaku="1,1,0,1,8,1,52,1,54,1,53,0" doraHai="25" doraHaiUra="62" who="2" fromWho="2" sc="250,-40,250,-20,240,100,240,-20" /><INIT seed="1,0,0,0,5,82" ten="210,230,340,220" oya="1" hai0="4,56,61,24,50,51,122,41,32,98,58,31,5" hai1="13,90,27,10,87,121,86,135,67,26,33,119,11" hai2="106,49,89,128,79,43,75,85,91,109,108,83,95" hai3="130,59,44,18,42,131,23,112,99,118,39,73,37"/><U78/><E119/><V116/><F116/><W30/><G118/><T132/><D132/><U19/><E121/><V53/><F43/><W127/><G112/><T69/><D69/><U96/><E135/><V6/><F128/><N who="3" m="49195" /><G73/><T102/><D122/><U92/><E67/><V20/><F106/><W64/><G127/><T25/><D25/><N who="1" m="9227" /><E33/><V107/><F107/><W101/><G30/><T2/><D2/><U110/><E110/><N who="2" m="42603" /><F20/><W77/><G77/><T57/><D61/><U117/><E117/><V124/><F6/><W15/><G59/><T22/><D32/><U35/><E35/><V100/><F124/><W47/><G64/><T9/><D41/><U1/><E1/><V80/><F100/><W12/><G12/><T134/><D134/><U133/><E133/><V0/><F0/><W76/><G76/><T129/><D129/><U97/><E10/><V66/><F66/><W123/><G123/><T48/><REACH who="0" step="1"/><D9/><REACH who="0" ten="200,230,340,220" step="2"/><U70/><E70/><V8/><F8/><W81/><G42/><T63/><D63/><U40/><E40/><V29/><F49/><W72/><G39/><T104/><AGARI ba="0,1" hai="4,5,22,24,31,48,50,51,56,57,58,98,102,104" machi="104" ten="30,8000,1" yaku="1,1,0,1,53,3" doraHai="82" doraHaiUra="45" who="0" fromWho="0" sc="200,90,230,-40,340,-20,220,-20" /><INIT seed="2,0,0,2,2,43" ten="290,190,320,200" oya="2" hai0="12,71,40,125,124,15,59,6,28,60,45,129,112" hai1="121,106,134,64,97,30,99,24,46,0,84,123,91" hai2="38,33,11,50,19,26,3,27,98,23,37,109,96" hai3="113,51,86,108,132,85,36,32,55,41,118,8,119"/><V42/><F109/><W2/><G32/><T115/><D71/><U131/><E134/><V122/><F122/><N who="1" m="46601" /><E131/><V135/><F135/><W107/><G132/><T49/><D28/><U21/><E0/><V16/><F50/><W9/><G107/><T7/><D12/><U78/><E78/><V57/><F57/><W73/><G73/><T25/><D25/><U81/><E64/><V58/><F58/><W114/><G108/><T93/><D93/><U74/><E74/><V31/><F38/><W127/><G127/><N who="0" m="48715" /><D129/><U104/><E46/><V103/><F103/><W128/><G128/><T63/><D15/><U29/><E30/><V18/><F3/><W80/><G2/><T34/><D34/><U44/><E44/><V72/><F72/><W70/><G70/><T22/><D22/><U10/><E10/><V95/><F11/><W88/><G8/><T39/><D39/><U5/><E5/><N who="0" m="1545" /><D60/><U75/><E75/><V77/><F95/><N who="3" m="54671" /><G9/><T133/><D133/><U66/><E66/><AGARI ba="0,0" hai="40,45,49,59,63,66,112,115" m="1545,48715" machi="66" ten="30,2000,0" yaku="18,1,52,1" doraHai="43" who="0" fromWho="1" sc="290,20,190,-20,320,0,200,0" /><INIT seed="3,0,0,5,3,31" ten="310,170,320,200" oya="3" hai0="89,1,44,105,132,3,56,2,39,117,81,131,87" hai1="37,8,86,65,13,45,0,51,118,66,67,97,84" hai2="74,53,70,111,4,79,52,28,59,73,12,30,16" hai3="82,6,78,76,121,33,75,24,92,90,135,102,113"/><W96/><G6/><T18/><D117/><U94/><E37/><V7/><F70/><W25/><G25/><T64/><D105/><U85/><E0/><V108/><F28/><W101/><G24/><T126/><D18/><U107/><E107/><V83/><F30/><W48/><G33/><T109/><D109/><N who="2" m="42058" /><F74/><N who="3" m="43287" /><G48/><T124/><D131/><U22/><E118/><V115/><F115/><W32/><G32/><T57/><D132/><U68/><E68/><V98/><F98/><W46/><G46/><T134/><D134/><U116/><E116/><V41/><F41/><W10/><G10/><T21/><D21/><U26/><E26/><V130/><F130/><W43/><G43/><N who="0" m="22655" /><D64/><U11/><E22/><N who="2" m="11527" /><F52/><W62/><G62/><AGARI ba="0,0" hai="4,7,53,59,62,73,79,83" m="11527,42058" machi="62" ten="30,2000,0" yaku="14,1,54,1" doraHai="31" who="2" fromWho="3" sc="310,0,170,0,320,20,200,-20" owari="310,11.0,170,-33.0,340,44.0,180,-22.0" /></mjloggm>