<mjloggm ver="2.3"><GO type="225" lobby="0"/><UN n0="%E3%81%BF%E3%81%BF%E3%81%9A" n1="%E3%81%A4%E3%81%A3%E3%81%B1%E3%82%8A%E3%83%9D%E3%83%BC%E3%83%AB" n2="%E3%81%99%E3%81%84%E3%81%BE%E3%81%9B%E3%83%BC%E3%82%93" n3="%E3%80%93%E3%81%97%E3%83%BC%E3%82%89%E3%80%93" dan="18,17,18,16" rate="2262.54,2238.71,2269.00,2175.18" sx="M,M,M,M"/><TAIKYOKU oya="0"/><INIT seed="0,0,0,1,2,13" ten="250,250,250,250" oya="0" hai0="100,104,101,60,129,75,27,52,2,134,73,38,91" hai1="46,96,109,86,30,66,77,87,71,130,34,41,116" hai2="90,108,98,68,106,44,0,43,81,3,132,7,54" hai3="48,24,88,61,107,35,36,26,28,135,123,5,65"/><T14/><D2/><U125/><E116/><V93/><F68/><W62/><G36/><T82/><D38/><U67/><E109/><V94/><F108/><W89/><G107/><T58/><D129/><U53/><E130/><V131/><F106/><W8/><G135/><T21/><D134/><U118/><E118/><V1/><F132/><W95/><G123/><T103/><D104/><U17/><E125/><V115/><F115/><W83/><G83/><T6/><D91/><U119/><E30/><V74/><F54/><W39/><G39/><T117/><D117/><U133/><E34/><V50/><F131/><W78/><G78/><T19/><REACH who="0" step="1"/><D82/><REACH who="0" ten="240,250,250,250" step="2"/><N who="1" m="47439" /><E133/><V23/><F0/><W18/><G89/><T97/><D97/><U69/><E96/><V56/><F1/><W15/><G88/><T122/><D122/><U29/><E119/><V31/><F98/><W42/><G95/><T64/><D64/><U102/><E67/><V111/><F111/><W72/><G65/><T112/><D112/><U22/><E66/><V37/><F90/><W16/><G72/><T57/><D57/><U47/><E69/><V49/><F56/><W126/><G126/><T63/><D63/><U110/><E71/><V84/><F74/><W45/><G62/><T128/><D128/><U32/><E110/><V40/><F94/><W33/><G61/><T25/><D25/><U20/><E102/><V113/><F93/><W9/><G9/><AGARI ba="0,1" hai="6,9,14,19,21,27,52,58,60,73,75,100,101,103" machi="9" ten="40,7700,0" yaku="1,1,52,1,54,1,53,0" doraHai="13" doraHaiUra="114" who="0" fromWho="3" sc="240,87,250,0,250,0,250,-77" /><INIT seed="0,1,0,1,4,120" ten="327,250,250,173" oya="0" hai0="27,82,38,72,129,9,118,74,125,116,54,109,66" hai1="65,20,76,69,86,92,8,21,71,60,39,134,12" hai2="132,73,91,63,104,99,59,67,25,4,98,112,50" hai3="2,90,93,49,122,10,61,107,68,97,83,52,85"/><T123/><D123/><U100/><E134/><V34/><F112/><W75/><G122/><T36/><D66/><U126/><E126/><V113/><F113/><W16/><G107/><T115/><D115/><U108/><E39/><V53/><F73/><W23/><G75/><T40/><D125/><U15/><E71/><V24/><F132/><W43/><G68/><T70/><D70/><U81/><E81/><V56/><F34/><W95/><G2/><T11/><D54/><U88/><E76/><V103/><F4/><W128/><G128/><T26/><D82/><U14/><E108/><V78/><F78/><W84/><G10/><T114/><D114/><U22/><REACH who="1" step="1"/><E100/><REACH who="1" ten="327,240,250,173" step="2"/><V17/><F103/><W110/><G110/><T77/><D77/><U32/><E32/><V87/><F91/><W44/><G83/><T42/><D129/><U29/><E29/><V105/><F99/><W102/><G102/><T119/><D119/><U47/><E47/><V80/><F98/><W131/><G131/><T13/><D13/><U106/><E106/><V19/><F105/><W133/><G133/><T121/><D121/><U33/><E33/><V46/><F104/><W7/><G95/><T58/><D58/><U57/><E57/><V135/><F59/><N who="3" m="35047" /><G7/><AGARI ba="1,1" hai="7,8,12,14,15,20,21,22,60,65,69,86,88,92" machi="7" ten="40,5200,0" yaku="1,1,54,1,53,1" doraHai="120" doraHaiUra="89" who="1" fromWho="3" sc="327,0,240,65,250,0,173,-55" /><INIT seed="1,0,0,5,4,111" ten="327,305,250,118" oya="1" hai0="47,126,67,53,108,129,101,92,29,71,80,7,110" hai1="81,52,84,133,1,39,59,22,65,103,119,58,38" hai2="106,91,135,118,117,61,72,94,56,21,69,32,14" hai3="93,122,100,2,98,46,17,15,96,116,36,43,45"/><U134/><E119/><V25/><F69/><W95/><G2/><T68/><D129/><U28/><E1/><V104/><F72/><W51/><G116/><T120/><D126/><U66/><E103/><V64/><F135/><N who="1" m="51721" /><E28/><V40/><F40/><W112/><G122/><T123/><D7/><U34/><E34/><V4/><F32/><W10/><G36/><N who="1" m="13866" /><E22/><V3/><F3/><W113/><REACH who="3" step="1"/><G46/><REACH who="3" ten="327,305,250,108" step="2"/><T73/><D47/><U107/><E107/><V27/><F106/><W115/><G115/><T48/><D120/><U57/><E66/><V131/><F104/><W55/><G55/><T54/><D67/><U44/><E65/><V41/><F118/><W30/><G30/><T121/><D29/><U42/><E42/><V97/><F117/><W85/><G85/><T77/><D121/><U23/><E44/><V60/><F41/><W37/><G37/><T114/><D123/><U49/><E23/><V50/><F21/><W89/><AGARI ba="0,1" hai="10,15,17,43,45,51,89,93,95,96,98,100,112,113" machi="89" ten="20,8000,1" yaku="1,1,0,1,7,1,52,2,53,0" doraHai="111" doraHaiUra="16" who="3" fromWho="3" sc="327,-20,305,-40,250,-20,108,90" /><INIT seed="2,0,0,2,5,135" ten="307,265,230,198" oya="2" hai0="79,30,13,109,57,119,39,130,111,21,50,77,105" hai1="96,129,87,134,83,69,120,12,2,82,22,68,73" hai2="52,28,126,78,33,100,6,125,62,60,99,35,93" hai3="94,40,24,116,127,10,121,32,74,0,45,56,25"/><V132/><F132/><W38/><G116/><T124/><D39/><U20/><E2/><V98/><F78/><N who="0" m="29706" /><D105/><U42/><E73/><V71/><F6/><W106/><G106/><T11/><D119/><U26/><E134/><V104/><F71/><W48/><G74/><T67/><D130/><U84/><E42/><V86/><F86/><W80/><G121/><T1/><D1/><U115/><E115/><V29/><F52/><W7/><G32/><T27/><D50/><U8/><E129/><V36/><F36/><W113/><G80/><T70/><D57/><U18/><E22/><V112/><F112/><W34/><G34/><T101/><D101/><U23/><E23/><V47/><F47/><W66/><G113/><T91/><D91/><U3/><E3/><V41/><F41/><W85/><G127/><N who="2" m="48649" /><F35/><W63/><REACH who="3" step="1"/><G38/><REACH who="3" ten="307,265,230,188" step="2"/><T97/><D124/><U110/><E120/><V58/><F33/><W44/><G44/><T19/><D111/><U61/><E110/><V64/><F62/><W128/><G128/><T89/><D109/><U65/><E61/><V5/><F5/><W4/><G4/><T131/><D131/><U114/><E114/><V123/><F123/><W92/><G92/><N who="0" m="56463" /><D70/><U54/><E69/><V9/><F104/><W103/><G103/><T72/><D72/><U133/><E68/><V46/><F46/><W15/><G15/><T14/><D13/><U90/><E133/><V76/><F100/><W51/><G51/><T108/><D108/><U16/><E83/><V117/><F93/><W55/><G55/><T49/><D49/><U43/><E54/><RYUUKYOKU ba="0,1" sc="307,15,265,-15,230,-15,188,15" hai0="11,14,19,21,27,30,67" hai3="0,7,10,24,25,40,45,48,56,63,66,85,94" /><INIT seed="3,1,1,5,5,63" ten="322,250,215,203" oya="3" hai0="129,134,20,110,14,40,116,111,112,118,55,115,58" hai1="56,97,133,19,79,71,95,5,0,62,18,135,114" hai2="128,32,127,117,132,17,76,33,67,70,121,64,30" hai3="42,119,2,27,61,38,23,107,92,65,35,7,8"/><W16/><G107/><T69/><D69/><U15/><E71/><V83/><F117/><N who="0" m="45162" /><D40/><U98/><E114/><N who="0" m="43561" /><D134/><N who="1" m="51211" /><E79/><V87/><F132/><W75/><G119/><T28/><D129/><U47/><E47/><V3/><F128/><W37/><G75/><T10/><D20/><N who="1" m="11359" /><E19/><V46/><F17/><W81/><G42/><T94/><D94/><U105/><E105/><V120/><F46/><W104/><G104/><T54/><D28/><U99/><E0/><V82/><F3/><W12/><G92/><T96/><D96/><U1/><E5/><V43/><F30/><N who="3" m="19935" /><G81/><T22/><D22/><U93/><E1/><V103/><F83/><W85/><G85/><T21/><D21/><U6/><E6/><V26/><F70/><AGARI ba="1,1" hai="2,7,8,12,16,23,37,38,61,65,70" m="19935" machi="70" ten="30,5800,0" yaku="24,1,52,1,54,1" doraHai="63" who="3" fromWho="2" sc="322,0,250,0,215,-61,203,71" /><INIT seed="3,2,0,2,3,114" ten="322,250,154,274" oya="3" hai0="131,132,58,7,111,98,68,97,61,17,125,31,5" hai1="73,66,33,101,86,122,60,71,16,81,90,79,59" hai2="103,70,94,115,56,120,39,42,93,133,102,22,8" hai3="75,112,74,25,130,113,41,124,116,108,1,36,38"/><W118/><G124/><T85/><D68/><U72/><E122/><V106/><F70/><W53/><G53/><T35/><D125/><U129/><E129/><V45/><F115/><N who="3" m="44107" /><G130/><T44/><D131/><U135/><E135/><V26/><F120/><W87/><G87/><T14/><D132/><U24/><E101/><V69/><F69/><W30/><G108/><T29/><D111/><U123/><E123/><V109/><F133/><W21/><G21/><N who="0" m="11447" /><D44/><U96/><E71/><V62/><F109/><W0/><G25/><T20/><D35/><U18/><E96/><N who="0" m="36969" /><D85/><U121/><E121/><V84/><F106/><W37/><G41/><T43/><D43/><U110/><E110/><V105/><F105/><W2/><G30/><N who="0" m="11275" /><D20/><U126/><E126/><V47/><F8/><W28/><G28/><T52/><AGARI ba="2,0" hai="5,7,52,58,61" m="11275,36969,11447" machi="52" ten="30,2000,0" yaku="8,1,54,1" doraHai="114" who="0" fromWho="0" sc="322,26,250,-7,154,-7,274,-12" owari="348,44.8,243,-15.7,147,-35.3,262,6.2" /></mjloggm>