<mjloggm ver="2.3"><GO type="225" lobby="0"/><UN n0="%73%69%72%6F%75%74" n1="%E3%81%8F%E3%82%8A%E3%83%94%E3%83%BC" n2="%E7%89%B9%E6%9D%B1%E3%81%AF%E4%B8%96%E7%95%8C%E3%82%92%E6%95%91%E3%81%86" n3="%E3%81%B7%E3%82%8A%E3%82%93%E8%81%96%E4%BA%BA" dan="16,16,16,16" rate="2028.46,2102.22,2176.27,2153.93" sx="M,M,M,M"/><TAIKYOKU oya="0"/><INIT seed="0,0,0,1,1,115" ten="250,250,250,250" oya="0" hai0="18,34,1,48,89,54,126,92,25,58,118,26,112" hai1="21,7,113,66,101,35,98,106,99,49,129,95,47" hai2="53,90,5,86,87,17,94,68,127,104,114,119,43" hai3="108,16,125,88,23,13,75,19,96,63,123,50,37"/><T20/><D112/><U22/><E129/><V40/><F114/><W91/><G75/><T109/><D1/><U51/><E35/><V70/><F104/><W30/><G37/><T15/><D126/><U116/><E116/><V8/><F127/><W56/><G125/><T44/><D118/><U11/><E66/><V131/><F131/><W4/><G4/><T121/><D121/><U61/><E51/><V59/><F119/><W132/><G123/><T71/><D71/><U67/><E113/><V39/><F17/><W6/><G6/><T10/><D109/><U41/><E98/><V2/><F87/><W82/><G50/><T100/><D100/><U107/><E107/><V27/><F27/><W9/><G30/><T120/><D120/><U0/><REACH who="1" step="1"/><E106/><REACH who="1" ten="250,240,250,250" step="2"/><V128/><F128/><W84/><G108/><T69/><D34/><U78/><E78/><V28/><F39/><W135/><G96/><T133/><D133/><U73/><E73/><V42/><REACH who="2" step="1"/><F28/><REACH who="2" ten="250,240,240,250" step="2"/><W29/><G29/><T65/><D26/><U110/><E110/><V33/><F33/><W97/><G97/><T76/><D25/><U105/><E105/><V134/><F134/><W77/><G132/><T72/><D72/><U103/><E103/><V111/><F111/><W52/><G135/><T57/><D76/><U130/><E130/><V38/><F38/><W62/><G77/><T124/><D124/><U60/><E60/><AGARI ba="0,2" hai="2,5,8,40,42,43,53,59,60,68,70,86,90,94" machi="60" ten="40,1300,0" yaku="1,1,53,0" doraHai="115" doraHaiUra="93" who="2" fromWho="1" sc="250,0,240,-13,240,33,250,0" /><INIT seed="1,0,0,1,2,95" ten="250,227,273,250" oya="1" hai0="56,3,27,39,129,4,52,34,126,22,35,132,47" hai1="125,134,117,120,53,107,124,2,71,63,17,98,111" hai2="14,30,54,58,78,67,77,119,59,41,130,105,99" hai3="100,11,62,68,38,85,8,88,55,43,18,112,108"/><U69/><E117/><V80/><F119/><W76/><G112/><T49/><D126/><N who="1" m="48747" /><E120/><V37/><F130/><W7/><G76/><T46/><D129/><U16/><E2/><V94/><F105/><W24/><G43/><T13/><D132/><U25/><E134/><V118/><F118/><W75/><G38/><T60/><D3/><U116/><E116/><V64/><F30/><W45/><G75/><T66/><D39/><U40/><E40/><V73/><F78/><W36/><G36/><T90/><D46/><U113/><E113/><V10/><F41/><W128/><G68/><N who="1" m="26186" /><E111/><V20/><F20/><N who="3" m="13335" /><G108/><T89/><D34/><U28/><E53/><V1/><F1/><W70/><G70/><T29/><REACH who="0" step="1"/><D35/><REACH who="0" ten="240,227,273,250" step="2"/><N who="1" m="20879" /><E63/><V87/><F37/><W9/><G62/><T92/><D92/><U106/><E106/><V127/><F127/><W101/><G128/><T97/><D97/><U86/><E86/><V109/><F109/><W84/><G7/><T57/><D57/><U32/><E32/><V65/><F87/><W131/><G85/><T123/><D123/><U82/><E82/><V26/><F59/><W115/><G131/><T33/><D33/><U15/><E15/><V81/><F81/><N who="3" m="49167" /><G115/><T0/><D0/><U5/><E5/><N who="2" m="3407" /><F94/><W122/><G122/><T133/><D133/><U6/><E6/><V48/><F99/><W114/><G114/><T121/><D121/><U96/><E96/><V50/><F50/><AGARI ba="0,1" hai="8,9,11,45,50,55,100,101" m="49167,13335" machi="50" ten="30,2000,0" yaku="8,1,54,1" doraHai="95" who="3" fromWho="2" sc="240,0,227,0,273,-20,250,30" /><INIT seed="2,0,0,1,3,121" ten="240,227,253,280" oya="2" hai0="50,71,125,48,97,98,79,33,95,4,102,7,29" hai1="56,22,41,87,126,2,64,6,127,20,85,103,5" hai2="31,55,19,114,25,13,30,131,0,34,49,130,36" hai3="54,69,59,63,17,115,111,3,52,42,37,105,10"/><V61/><F114/><W1/><G105/><T62/><D79/><U90/><E103/><V117/><F117/><W113/><G69/><T132/><D4/><U75/><E41/><V9/><F36/><W28/><G28/><T47/><D125/><N who="1" m="47627" /><E75/><V83/><F31/><W100/><G100/><T104/><D7/><N who="1" m="2571" /><E2/><V135/><F135/><W67/><G42/><T32/><D132/><U27/><E27/><V18/><F0/><W124/><G37/><T93/><D48/><U26/><E26/><V24/><F83/><W38/><G38/><T14/><D14/><U77/><E77/><V45/><REACH who="2" step="1"/><F61/><REACH who="2" ten="240,227,243,280" step="2"/><W134/><G124/><T40/><D29/><U73/><E73/><V53/><F53/><W112/><G3/><T122/><D62/><N who="1" m="37959" /><E87/><V109/><F109/><W91/><G111/><T23/><D40/><U65/><E65/><V46/><F46/><W108/><G108/><T57/><D47/><U81/><AGARI ba="0,1" hai="20,22,81,85,90" m="37959,2571,47627" machi="81" ten="30,1100,0" yaku="18,1" doraHai="121" who="1" fromWho="1" sc="240,-3,227,21,243,-5,280,-3" /><INIT seed="3,0,0,1,1,49" ten="237,248,238,277" oya="3" hai0="108,135,39,31,99,126,97,79,50,29,73,119,12" hai1="100,8,82,60,38,127,103,104,125,52,22,68,33" hai2="32,7,13,61,106,15,23,3,81,72,35,78,66" hai3="110,63,36,121,14,116,124,129,21,45,80,18,59"/><W46/><G116/><T42/><D39/><U96/><E33/><V98/><F3/><W70/><G70/><T76/><D108/><U64/><E38/><V57/><F15/><W65/><G121/><T9/><D119/><U28/><E103/><V0/><F0/><W84/><G110/><T47/><D135/><U112/><E8/><V128/><F128/><W77/><G129/><T25/><D126/><U27/><E112/><V107/><F107/><W102/><G36/><T105/><D73/><U17/><E17/><V133/><F133/><W6/><G124/><N who="1" m="47690" /><E82/><V101/><REACH who="2" step="1"/><F23/><REACH who="2" ten="237,248,228,277" step="2"/><W11/><G102/><T1/><D1/><AGARI ba="0,1" hai="1,6,11,14,18,21,45,46,59,63,65,77,80,84" machi="1" ten="30,1500,0" yaku="7,1" doraHai="49" who="3" fromWho="0" sc="237,-15,248,0,228,0,277,25" owari="222,-27.8,248,4.8,228,-17.2,302,40.2" /></mjloggm>