<mjloggm ver="2.3"><GO type="225" lobby="0"/><UN n0="%73%61%6E%64%69%72%69%73" n1="%E7%AD%89%E3%80%85%E5%8A%9B%E5%8A%87%E5%A0%B4" n2="%E3%81%86%E3%83%BC%E3%81%B1%E3%83%BC" n3="%4C%4F%4C%49%54%41" dan="16,16,17,16" rate="2150.48,2074.27,2144.37,2162.24" sx="M,M,M,F"/><TAIKYOKU oya="0"/><INIT seed="0,0,0,1,0,15" ten="250,250,250,250" oya="0" hai0="132,46,20,84,28,36,38,103,32,6,44,27,23" hai1="93,118,70,117,104,60,61,31,110,71,67,134,119" hai2="47,100,99,87,8,126,115,73,16,125,96,114,92" hai3="53,54,95,74,7,41,68,43,56,0,30,128,3"/><T35/><D132/><U51/><E104/><V13/><F73/><W123/><G74/><T5/><D84/><U109/><E31/><V12/><F87/><W40/><G68/><N who="1" m="26154" /><E93/><V19/><F47/><W34/><G128/><T79/><D103/><U131/><E134/><V21/><REACH who="2" step="1"/><F99/><REACH who="2" ten="250,250,240,250" step="2"/><W49/><G123/><T63/><D46/><U102/><E131/><V45/><F45/><W66/><G41/><T2/><D44/><U88/><E118/><V50/><F50/><W101/><G49/><T81/><D38/><U29/><E51/><V64/><F64/><W62/><G40/><T76/><D36/><U122/><E67/><V42/><F42/><W120/><G120/><T112/><D112/><AGARI ba="0,1" hai="8,12,13,16,19,21,92,96,100,112,114,115,125,126" machi="112" ten="40,8000,1" yaku="1,1,52,2,54,1,53,0" doraHai="15" doraHaiUra="124" who="2" fromWho="0" sc="250,-80,250,0,240,90,250,0" /><INIT seed="1,0,0,1,0,115" ten="170,250,330,250" oya="1" hai0="14,122,68,38,132,44,91,11,95,48,121,99,65" hai1="56,66,126,41,15,19,0,5,116,109,2,1,16" hai2="114,9,73,117,110,61,135,131,103,35,133,12,50" hai3="111,39,87,46,20,118,62,125,128,90,89,29,49"/><U33/><E41/><V31/><F114/><W51/><G111/><T127/><D38/><U23/><E66/><V40/><F110/><W69/><G128/><T97/><D132/><U130/><E109/><V3/><F3/><N who="1" m="1097" /><E56/><V77/><F131/><W96/><G125/><T78/><D127/><U92/><E92/><V60/><F103/><W17/><G29/><T13/><D78/><U58/><E58/><V32/><F77/><W45/><G39/><T75/><D75/><U104/><E104/><V59/><F73/><W112/><G112/><T102/><D65/><U57/><E57/><V83/><F83/><N who="3" m="49407" /><G118/><T113/><D68/><U106/><E106/><V108/><F117/><W123/><G123/><T22/><D113/><U81/><E81/><V119/><F31/><W107/><G107/><T82/><D121/><U27/><E130/><V24/><F59/><W101/><G101/><T42/><D122/><U34/><E126/><V84/><F108/><W129/><G129/><T67/><D67/><U124/><E116/><V4/><F119/><W30/><G62/><T37/><D37/><U70/><E70/><V55/><F60/><W86/><G69/><T64/><D64/><U6/><E124/><V8/><F61/><W47/><G96/><N who="0" m="59679" /><D22/><N who="1" m="11551" /><E2/><V98/><F98/><N who="0" m="37386" /><D11/><U26/><E34/><V25/><F32/><W53/><G90/><T94/><D82/><U28/><AGARI ba="0,0" hai="5,6,19,23,26,27,28,33" m="11551,1097" machi="28" ten="30,18000,2" yaku="35,5,54,1" doraHai="115" who="1" fromWho="1" sc="170,-60,250,180,330,-60,250,-60" /><INIT seed="1,1,0,1,5,124" ten="110,430,270,190" oya="1" hai0="114,35,71,25,2,62,37,117,119,130,1,6,9" hai1="99,90,48,127,46,81,59,113,38,89,64,39,11" hai2="108,15,43,100,103,50,118,134,95,104,101,105,21" hai3="68,83,96,33,26,13,129,60,85,0,14,45,44"/><U28/><E127/><V112/><F118/><W10/><G0/><N who="0" m="199" /><D37/><U36/><E113/><V22/><F112/><W102/><G129/><T41/><D41/><U55/><E28/><V75/><F75/><W63/><G14/><T40/><D40/><U51/><E11/><V79/><F108/><W66/><G60/><T72/><D72/><U24/><E24/><V73/><F134/><W19/><G33/><T67/><D114/><U29/><E29/><V98/><F73/><W74/><G26/><T8/><D8/><U30/><E30/><V57/><F79/><W93/><REACH who="3" step="1"/><G74/><REACH who="3" ten="110,430,270,180" step="2"/><T110/><D25/><U122/><E122/><V94/><F15/><W58/><G58/><T111/><D35/><U47/><E59/><V4/><F4/><W126/><G126/><T128/><D1/><U23/><E23/><V3/><F3/><W54/><G54/><T53/><D53/><U80/><E55/><N who="2" m="31991" /><F105/><W16/><G16/><T12/><D12/><U115/><E115/><V106/><F104/><W77/><AGARI ba="1,1" hai="10,13,19,44,45,63,66,68,77,83,85,93,96,102" machi="77" ten="20,2700,0" yaku="1,1,0,1,7,1,53,0" doraHai="124" doraHaiUra="131" who="3" fromWho="3" sc="110,-8,430,-14,270,-8,180,40" /><INIT seed="2,0,0,2,2,44" ten="102,416,262,220" oya="2" hai0="36,86,118,109,23,0,83,108,111,40,59,24,72" hai1="52,69,30,50,122,123,132,49,15,130,103,119,101" hai2="107,82,99,126,104,53,113,79,32,95,11,43,75" hai3="70,18,17,77,94,34,135,63,29,67,62,112,81"/><V26/><F113/><W100/><G135/><T121/><D121/><N who="1" m="46091" /><E119/><V55/><F126/><W48/><G112/><T134/><D134/><U78/><E132/><V98/><F43/><W120/><G120/><T85/><D118/><U106/><E69/><V89/><F11/><W93/><G63/><T97/><D0/><U13/><E130/><V133/><F133/><W8/><G34/><T28/><D36/><U91/><E78/><V66/><F66/><W38/><G29/><T102/><D40/><U12/><E30/><V16/><F32/><W65/><G65/><T21/><D21/><U6/><E106/><V31/><F31/><W87/><G38/><T128/><D128/><U117/><E117/><V58/><F55/><W76/><G76/><T7/><D7/><U25/><E25/><V45/><F45/><W39/><G39/><T41/><D41/><U19/><E6/><V74/><F99/><W131/><G131/><T71/><D71/><U68/><E68/><V116/><F75/><W88/><G100/><N who="1" m="38474" /><E91/><V35/><F35/><W57/><G8/><T84/><D59/><N who="1" m="33167" /><E50/><V105/><F116/><W33/><G33/><T110/><N who="0" m="27648" /><DORA hai="127" /><T73/><REACH who="0" step="1"/><D83/><REACH who="0" ten="92,416,262,220" step="2"/><U80/><E80/><V115/><F115/><W10/><G70/><T20/><D20/><AGARI ba="0,1" hai="12,13,15,19,20" m="33167,38474,46091" machi="20" ten="30,3900,0" yaku="13,1,52,1,54,1" doraHai="44,127" who="1" fromWho="0" sc="92,-39,416,49,262,0,220,0" /><INIT seed="3,0,0,3,1,64" ten="53,465,262,220" oya="3" hai0="51,20,33,85,119,61,107,12,57,55,124,103,36" hai1="1,25,29,45,4,81,96,63,122,46,75,60,24" hai2="128,16,11,34,131,22,43,59,15,30,40,118,71" hai3="13,79,123,72,80,84,74,58,52,44,114,133,8"/><W73/><G114/><T56/><D124/><U23/><E63/><V104/><F71/><W68/><G123/><T78/><D119/><U94/><E1/><V91/><F118/><W86/><G133/><T135/><D135/><U98/><E4/><V111/><F111/><W87/><G44/><T49/><D36/><U126/><E98/><V115/><F115/><W106/><G106/><T27/><D33/><U76/><E126/><V21/><F104/><W102/><G102/><T92/><D107/><U127/><E122/><V99/><F59/><W129/><G129/><N who="2" m="49737" /><F34/><W31/><G31/><T105/><D105/><U109/><E109/><V83/><F30/><W88/><G79/><T53/><D12/><U38/><E38/><V6/><F22/><W2/><G68/><T32/><D32/><U42/><E42/><V100/><F100/><W0/><G2/><T66/><D78/><U132/><E127/><V37/><F37/><W41/><G41/><T97/><D85/><U47/><E132/><V17/><F17/><W95/><G80/><T35/><D35/><U54/><E81/><V70/><F70/><W62/><REACH who="3" step="1"/><G0/><REACH who="3" ten="53,465,262,210" step="2"/><T7/><D7/><AGARI ba="0,1" hai="7,8,13,52,58,62,72,73,74,84,86,87,88,95" machi="7" ten="40,12000,1" yaku="1,1,2,1,54,2,53,0" doraHai="64" doraHaiUra="101" who="3" fromWho="0" sc="53,-120,465,0,262,0,210,130" owari="-67,-56.7,465,56.5,262,-13.8,340,14.0" /></mjloggm>