<mjloggm ver="2.3"><GO type="225" lobby="0"/><UN n0="%E3%83%B4%E3%83%A0%EF%BC%99%E3%81%A6" n1="%E3%81%A1%E3%82%85%E3%81%86%E3%81%A9%E3%81%8F%E8%B1%A1%E3%81%95%E3%82%93" n2="%E3%81%95%E3%81%8D%E3%81%9F%E3%81%BE%E6%9E%97%E6%AA%8E" n3="%E3%81%9F%E3%81%93%E2%98%86%E7%84%BC%E3%81%8D" dan="16,17,16,16" rate="2182.16,2186.21,2102.24,2085.86" sx="M,M,M,M"/><TAIKYOKU oya="0"/><INIT seed="0,0,0,4,0,100" ten="250,250,250,250" oya="0" hai0="121,35,68,17,73,65,82,6,16,54,99,63,132" hai1="14,134,71,90,40,75,131,20,28,120,98,118,58" hai2="46,126,115,52,86,106,80,25,110,112,93,133,135" hai3="61,67,44,85,104,125,88,26,105,32,13,29,43"/><T78/><D121/><U108/><E58/><V41/><F25/><W117/><G117/><T38/><D132/><N who="2" m="50762" /><F93/><W48/><G13/><T111/><D35/><U10/><E90/><V130/><F130/><W4/><G125/><T30/><D30/><U33/><E98/><V31/><F31/><W3/><G4/><T62/><D111/><U9/><E14/><V77/><F126/><W27/><G27/><T56/><D38/><U103/><E20/><V53/><F110/><W70/><REACH who="3" step="1"/><G3/><REACH who="3" ten="250,250,250,240" step="2"/><T84/><D6/><U37/><E118/><V50/><F106/><W129/><G129/><T79/><REACH who="0" step="1"/><D99/><REACH who="0" ten="240,250,250,240" step="2"/><U45/><E131/><V7/><F7/><W101/><G101/><T81/><AGARI ba="0,2" hai="16,17,54,56,62,63,65,68,73,78,79,81,82,84" machi="81" ten="30,12000,1" yaku="1,1,2,1,0,1,54,1,53,1" doraHai="100" doraHaiUra="83" who="0" fromWho="0" sc="240,140,250,-40,250,-40,240,-40" /><INIT seed="0,1,0,5,4,109" ten="380,210,210,200" oya="0" hai0="53,107,76,101,119,7,19,98,108,10,24,86,77" hai1="14,2,29,125,104,92,43,47,80,88,60,133,54" hai2="62,21,135,49,35,66,100,17,123,121,15,52,18" hai3="45,40,46,73,102,23,78,65,122,12,83,27,70"/><T25/><D119/><U111/><E2/><V95/><F135/><W64/><G122/><T8/><D108/><U90/><E104/><V33/><F123/><W50/><G102/><T89/><D53/><U55/><E111/><V11/><F121/><W85/><G70/><T0/><D10/><U1/><E1/><V51/><F51/><W97/><G97/><T56/><D56/><U103/><E133/><V124/><F124/><W44/><G73/><T41/><D41/><U130/><E130/><V82/><F82/><W120/><G120/><T58/><D58/><U59/><E125/><V129/><F129/><W131/><G12/><T114/><D114/><U4/><E29/><V72/><F72/><W71/><G71/><T48/><D48/><N who="1" m="26751" /><E80/><V57/><F100/><W38/><G131/><T31/><D19/><U96/><E55/><V118/><F95/><W69/><G69/><T34/><D24/><U93/><E92/><AGARI ba="1,0" hai="0,7,8,25,31,34,76,77,86,89,92,98,101,107" machi="92" ten="30,1500,0" yaku="7,1" doraHai="109" who="0" fromWho="1" sc="380,18,210,-18,210,0,200,0" /><INIT seed="0,2,0,5,4,117" ten="398,192,210,200" oya="0" hai0="8,127,3,79,95,81,73,99,4,31,129,14,41" hai1="92,26,34,7,83,74,135,13,119,125,105,55,132" hai2="108,76,39,89,45,15,40,16,69,133,103,82,62" hai3="38,91,43,70,131,110,86,112,19,68,58,84,80"/><T27/><D127/><U0/><E105/><V1/><F108/><W111/><G112/><T104/><D129/><U50/><E119/><V5/><F133/><N who="1" m="51273" /><E125/><V98/><F89/><W23/><G131/><T64/><D64/><U113/><E113/><V18/><F1/><W118/><G118/><T59/><D59/><N who="1" m="33271" /><E0/><V60/><F69/><W72/><G72/><T57/><D57/><U106/><E106/><V22/><F18/><W124/><G58/><T63/><D63/><U116/><E92/><V77/><F5/><W96/><G96/><T49/><D104/><U97/><E97/><V101/><F101/><W123/><G124/><T121/><D3/><U134/><N who="1" m="51281" /><U78/><DORA hai="114" /><E116/><V115/><F115/><W10/><G70/><T24/><D95/><U21/><E34/><V122/><F77/><W130/><G68/><T120/><D99/><U56/><E56/><V11/><F98/><W54/><G130/><T37/><D37/><U30/><E13/><V102/><F103/><W126/><G38/><T51/><D24/><U67/><E7/><V28/><F102/><W128/><G128/><T17/><D4/><U9/><E9/><V109/><F11/><W36/><G10/><T88/><D8/><U48/><E48/><V2/><F2/><W20/><G126/><T61/><D51/><U71/><E71/><V65/><F39/><W90/><G36/><T32/><D49/><U12/><E67/><V107/><F107/><W85/><G111/><T47/><D32/><U46/><E46/><V94/><F109/><W66/><G110/><T33/><D47/><RYUUKYOKU ba="2,0" sc="398,-10,192,30,210,-10,200,-10" hai1="12,21,26,30,74,78,83" /><INIT seed="1,3,0,1,1,20" ten="388,222,200,190" oya="1" hai0="75,73,110,14,37,13,76,42,82,130,56,60,123" hai1="9,106,112,28,4,86,119,35,94,22,105,11,74" hai2="36,25,54,68,71,44,19,78,129,8,46,128,66" hai3="124,30,48,49,47,3,93,23,2,65,107,122,132"/><U103/><E119/><V70/><F78/><W125/><G107/><T17/><D73/><U29/><E112/><V121/><F8/><W12/><G122/><T126/><D123/><U114/><E114/><V55/><F121/><W7/><G65/><T99/><D110/><U131/><E131/><N who="2" m="50251" /><F19/><W89/><G48/><T135/><D130/><U134/><E134/><V32/><F66/><W38/><G38/><T84/><D126/><N who="3" m="48745" /><G132/><T15/><D75/><U59/><E74/><V127/><F127/><W63/><G63/><T61/><D61/><U21/><E59/><V72/><F72/><W115/><G115/><T58/><D58/><U81/><E35/><V83/><F83/><W77/><G77/><T102/><D37/><U97/><E105/><V108/><F108/><W10/><G23/><N who="1" m="8714" /><E106/><V1/><F1/><W96/><G30/><N who="1" m="11882" /><E4/><V109/><F109/><W116/><G116/><T113/><D113/><U33/><E33/><V91/><F36/><W45/><G45/><N who="2" m="17513" /><F91/><AGARI ba="3,0" hai="9,11,81,86,91,94,97,103" m="11882,8714" machi="91" ten="30,1500,0" yaku="8,1" doraHai="20" who="1" fromWho="2" sc="388,0,222,24,200,-24,190,0" /><INIT seed="1,4,0,0,0,64" ten="388,246,176,190" oya="1" hai0="94,131,106,108,2,121,61,75,30,80,98,128,81" hai1="73,5,15,33,39,86,90,82,58,92,4,115,28" hai2="54,111,22,85,118,7,105,107,29,84,6,43,37" hai3="1,18,38,122,13,12,119,125,46,91,55,114,100"/><U63/><E115/><V40/><F118/><W134/><G1/><T135/><D2/><U34/><E39/><V42/><F37/><W76/><G114/><T50/><D108/><U20/><E33/><V57/><F111/><W47/><G122/><T48/><D106/><U123/><E123/><V78/><F107/><W53/><G100/><T11/><D11/><U89/><E34/><V71/><F71/><W66/><G66/><T93/><D30/><U83/><E73/><V124/><F105/><W77/><G134/><T130/><D135/><U101/><E101/><V70/><F70/><W9/><G125/><T133/><D133/><U126/><E126/><V68/><F68/><W21/><G91/><N who="0" m="55615" /><D121/><U72/><E72/><V65/><F65/><W19/><G38/><T88/><D61/><U132/><E132/><V26/><F124/><W95/><G95/><T16/><D16/><N who="1" m="10271" /><E28/><V36/><F36/><W0/><G21/><T35/><D35/><U103/><E103/><V32/><F32/><W69/><G69/><T59/><D75/><U104/><E104/><V60/><F78/><W67/><G67/><T10/><D10/><U120/><E120/><V14/><F14/><W52/><G9/><T27/><D27/><U112/><E112/><V25/><F25/><W129/><G0/><T17/><D17/><U44/><E44/><V116/><F116/><W127/><G127/><T23/><D23/><U3/><E3/><V109/><F109/><W24/><G119/><T31/><D31/><U110/><E110/><V113/><F113/><W56/><G19/><T45/><D128/><RYUUKYOKU ba="4,0" sc="388,-10,246,-10,176,30,190,-10" hai2="6,7,22,26,29,40,42,43,54,57,60,84,85" /><INIT seed="2,5,0,0,1,68" ten="378,236,206,180" oya="2" hai0="81,57,98,118,51,114,59,6,4,33,42,60,126" hai1="97,32,127,34,101,94,56,102,54,129,37,109,115" hai2="131,87,61,63,21,10,71,76,104,86,41,78,132" hai3="12,105,83,17,22,24,49,46,7,72,103,84,108"/><V13/><F104/><W65/><G108/><T74/><D114/><U25/><E115/><V113/><F113/><W73/><G65/><T14/><D33/><U89/><E109/><V79/><F71/><W36/><G103/><T92/><D126/><U90/><E127/><V44/><F131/><W38/><G105/><T20/><D74/><U64/><E64/><V43/><F21/><W23/><G73/><T122/><D81/><U48/><E129/><V15/><F132/><W77/><G72/><T134/><D118/><U70/><E70/><V9/><F79/><W55/><REACH who="3" step="1"/><G7/><REACH who="3" ten="378,236,206,170" step="2"/><T112/><D4/><U40/><E102/><V82/><F82/><W69/><G69/><T130/><D6/><U18/><E101/><V39/><F44/><W100/><G100/><T16/><D112/><U96/><E96/><V75/><REACH who="2" step="1"/><F75/><REACH who="2" ten="378,236,196,170" step="2"/><W93/><G93/><T31/><D92/><U80/><E94/><V5/><F5/><W85/><G85/><T53/><D130/><U62/><E80/><V66/><F66/><W111/><G111/><T35/><D98/><U27/><E97/><V119/><F119/><W135/><G135/><T29/><D134/><U0/><E89/><V19/><F19/><AGARI ba="5,2" hai="12,17,19,22,23,24,36,38,46,49,55,77,83,84" machi="19" ten="30,8000,1" yaku="1,1,7,1,52,2,53,1" doraHai="68" doraHaiUra="47" who="3" fromWho="2" sc="378,0,236,0,196,-95,170,115" /><INIT seed="3,0,0,5,2,83" ten="378,236,101,285" oya="3" hai0="59,93,78,73,110,122,85,105,74,3,91,52,96" hai1="10,129,24,135,30,107,56,123,69,44,6,101,90" hai2="119,89,4,132,0,1,87,125,108,46,131,99,50" hai3="103,27,130,25,88,20,111,134,128,39,14,84,64"/><W42/><G64/><T51/><D122/><U113/><E113/><V55/><F108/><W97/><G111/><T80/><D110/><U31/><E31/><V98/><F119/><W7/><G42/><T8/><D3/><U77/><E44/><V126/><F132/><W22/><G39/><T41/><D41/><U28/><E77/><V33/><F131/><N who="3" m="50219" /><G134/><T82/><D8/><U11/><E69/><V79/><F33/><W15/><G7/><T104/><D73/><U86/><E6/><V12/><F0/><W48/><G48/><T100/><AGARI ba="0,0" hai="51,52,59,74,78,80,82,85,91,93,96,100,104,105" machi="100" ten="20,5200,0" yaku="0,1,7,1,52,1,54,1" doraHai="83" who="0" fromWho="0" sc="378,52,236,-13,101,-13,285,-26" owari="430,53.0,223,-17.7,88,-41.2,259,5.9" /></mjloggm>