<mjloggm ver="2.3"><GO type="225" lobby="0"/><UN n0="%E9%B3%B3%E6%9D%B1%E3%81%AE%E3%81%86%E3%81%95%E3%81%8E%E3%81%95%E3%82%93" n1="%E3%81%A8%E3%82%93%E3%81%A8%E3%81%93%E3%81%A8%E3%82%93" n2="%E5%B8%86%E7%AB%8B%E5%A4%8F%E8%A1%A3" n3="%E3%81%A8%E3%82%89%E3%81%84%E3%81%A1" dan="17,16,16,16" rate="2232.45,2147.10,2125.54,2107.92" sx="M,F,M,M"/><TAIKYOKU oya="0"/><INIT seed="0,0,0,1,2,40" ten="250,250,250,250" oya="0" hai0="44,2,133,112,4,97,49,56,24,6,21,67,54" hai1="72,122,127,84,17,35,95,60,89,38,73,13,94" hai2="113,104,71,1,121,109,8,128,81,64,43,85,78" hai3="22,86,80,15,55,47,68,91,61,50,70,125,120"/><T14/><D112/><U107/><E107/><V3/><F113/><W28/><G125/><T82/><D133/><U83/><E122/><V117/><F121/><W115/><G115/><T135/><D135/><U101/><E38/><V129/><F104/><W18/><G120/><T88/><D2/><U16/><E35/><V92/><F109/><W48/><G28/><T32/><D32/><U25/><E127/><V42/><F117/><W102/><G102/><T76/><D14/><U7/><E72/><V106/><F106/><W98/><G98/><T110/><D110/><U9/><E73/><V96/><F64/><W79/><G61/><N who="0" m="38311" /><D76/><U58/><E101/><V41/><F71/><W10/><G79/><T45/><D45/><U46/><E46/><V118/><F118/><W65/><G65/><T27/><D27/><U34/><E34/><V30/><F30/><W77/><G22/><T31/><D82/><U62/><E60/><V93/><F93/><AGARI ba="0,0" hai="4,6,21,24,31,44,49,54,88,93,97" m="38311" machi="93" ten="30,5800,0" yaku="8,1,52,1,54,1" doraHai="40" who="0" fromWho="2" sc="250,58,250,0,250,-58,250,0" /><INIT seed="0,1,0,4,2,48" ten="308,250,192,250" oya="0" hai0="53,57,4,43,73,125,19,114,28,62,13,67,44" hai1="16,79,55,118,134,102,42,18,9,3,49,8,80" hai2="97,76,116,45,15,74,38,22,70,54,92,101,32" hai3="131,39,25,119,7,115,26,128,94,30,105,71,89"/><T29/><D114/><U127/><E118/><V27/><F116/><W10/><G119/><T121/><D121/><U31/><E127/><V106/><F70/><W84/><G115/><T100/><D125/><U85/><E134/><V50/><F38/><W96/><G71/><T60/><D73/><U87/><E42/><V1/><F1/><W66/><G66/><T69/><D4/><U34/><E102/><V36/><F36/><W11/><G39/><T81/><D100/><U40/><E40/><V46/><F46/><W59/><G59/><T88/><D44/><U113/><E113/><V122/><F122/><W51/><G51/><T107/><D107/><U23/><E34/><V124/><F124/><W37/><G37/><T65/><D65/><U24/><E87/><V123/><F123/><W72/><G72/><T90/><D43/><U47/><E3/><V2/><F2/><W61/><G61/><T99/><D81/><U129/><E129/><N who="3" m="49738" /><G7/><T63/><D63/><U130/><E130/><V21/><F106/><W83/><G105/><T109/><D109/><U135/><E135/><V120/><F120/><W0/><G0/><T86/><D69/><U104/><E104/><V91/><F101/><N who="3" m="60567" /><G26/><T56/><D99/><U64/><E64/><V68/><F68/><W77/><G77/><T98/><D98/><U41/><E41/><V108/><F108/><W5/><G5/><T14/><D86/><U6/><E6/><V12/><F74/><W78/><G78/><T82/><D67/><U93/><E93/><V33/><F76/><W117/><G117/><T111/><D111/><RYUUKYOKU ba="1,0" sc="308,-15,250,15,192,-15,250,15" hai1="8,9,16,18,23,24,31,47,49,55,79,80,85" hai3="10,11,25,30,83,84,89" /><INIT seed="1,2,0,5,0,44" ten="293,265,177,265" oya="1" hai0="92,91,34,123,47,101,107,97,14,129,54,113,42" hai1="22,26,61,96,93,68,114,45,110,57,19,125,120" hai2="60,16,126,56,20,52,62,98,10,95,55,72,28" hai3="67,4,102,76,24,111,46,88,79,59,124,133,11"/><U5/><E114/><V71/><F126/><W66/><G124/><T36/><D113/><U132/><E120/><V32/><F72/><W12/><G111/><T7/><D123/><U115/><E115/><V39/><F39/><W83/><G133/><T121/><D121/><U104/><E125/><V49/><F71/><W29/><G102/><T1/><D1/><U77/><E104/><V23/><F32/><W15/><G15/><T63/><D34/><U2/><E68/><V43/><F43/><W9/><G9/><T51/><D129/><U94/><E110/><V64/><F64/><W90/><G46/><T78/><D78/><N who="3" m="29737" /><G59/><N who="0" m="35319" /><D107/><U128/><E132/><V41/><F41/><W85/><G90/><T99/><D36/><U117/><E77/><V75/><F55/><W40/><G40/><T27/><D27/><U50/><E26/><N who="2" m="16455" /><F10/><W8/><G8/><N who="0" m="4383" /><D101/><U103/><E103/><N who="2" m="60895" /><F75/><W31/><G31/><T80/><D80/><U65/><E128/><V116/><F116/><W21/><AGARI ba="2,0" hai="4,11,12,21,24,29,66,67,83,85,88" m="29737" machi="21" ten="30,2000,0" yaku="8,1,54,1" doraHai="44" who="3" fromWho="3" sc="293,-7,265,-12,177,-7,265,26" /><INIT seed="2,0,0,2,1,80" ten="286,253,170,291" oya="2" hai0="79,35,17,114,16,24,28,20,59,113,71,14,46" hai1="7,19,70,98,51,29,87,66,47,37,43,40,26" hai2="132,95,76,48,119,57,69,118,128,103,36,2,54" hai3="5,105,110,84,117,92,75,135,68,64,11,27,124"/><V120/><F120/><W85/><G117/><T67/><D71/><U89/><E7/><V23/><F2/><W126/><G75/><T41/><D79/><U108/><E108/><V121/><F121/><W61/><G105/><T58/><D17/><U52/><E37/><V56/><F69/><W131/><G110/><T8/><D35/><U82/><E19/><V123/><F123/><W9/><G131/><T74/><D74/><U10/><E10/><N who="3" m="3594" /><G5/><T32/><D32/><U22/><REACH who="1" step="1"/><E98/><REACH who="1" ten="286,243,170,291" step="2"/><V130/><F36/><W94/><G135/><T88/><D8/><U77/><E77/><V109/><F76/><W65/><G27/><T93/><D24/><U90/><E90/><V100/><F109/><W38/><G38/><T122/><D122/><U12/><E12/><V129/><F132/><W101/><G101/><T3/><D14/><U78/><E78/><V102/><F95/><N who="3" m="36395" /><G65/><T106/><D67/><U44/><E44/><V107/><F107/><W49/><G124/><T116/><D46/><U31/><E31/><V86/><F86/><W73/><G73/><T91/><D28/><U134/><E134/><V81/><F81/><W99/><G126/><T39/><D39/><U83/><E83/><V21/><REACH who="2" step="1"/><F57/><REACH who="2" ten="286,243,160,291" step="2"/><W1/><G1/><T15/><D58/><U25/><E25/><V115/><F115/><W55/><G99/><T13/><D113/><U72/><E72/><V34/><F34/><W62/><G84/><T53/><D114/><U125/><E125/><V111/><F111/><W6/><G85/><N who="0" m="52367" /><D106/><U104/><E104/><V18/><F18/><W4/><G68/><RYUUKYOKU ba="0,2" sc="286,-15,243,15,160,15,291,-15" hai1="22,26,29,40,43,47,51,52,66,70,82,87,89" hai2="21,23,48,54,56,100,102,103,118,119,128,129,130" /><INIT seed="2,1,2,4,5,42" ten="271,258,175,276" oya="2" hai0="21,82,67,37,109,5,92,24,45,15,40,85,0" hai1="104,90,81,8,60,102,49,122,2,48,131,126,98" hai2="29,77,63,57,134,79,100,110,32,127,41,89,7" hai3="107,66,99,113,97,59,16,46,26,115,43,93,116"/><V129/><F134/><W70/><G116/><T132/><D0/><U125/><E60/><V18/><F129/><W65/><G107/><T38/><D132/><U75/><E131/><V55/><F127/><N who="1" m="48649" /><E122/><V11/><F110/><W117/><G59/><T13/><D109/><U91/><E75/><V74/><F100/><W17/><G97/><T124/><D124/><U3/><E81/><V87/><F74/><W80/><G80/><T9/><D92/><U30/><E30/><V58/><F41/><W105/><G105/><T14/><D38/><U28/><E28/><V103/><F103/><N who="3" m="60911" /><G117/><T135/><D67/><N who="3" m="25609" /><G70/><T69/><D69/><U6/><E2/><V19/><F58/><W118/><G118/><T27/><D135/><U120/><E120/><V112/><F112/><N who="3" m="43083" /><G26/><T106/><D24/><U44/><E49/><AGARI ba="1,2" hai="16,17,43,46,49" m="43083,25609,60911" machi="49" ten="30,3900,0" yaku="11,1,52,1,54,1" doraHai="42" who="3" fromWho="1" sc="271,0,258,-42,175,0,276,62" /><INIT seed="3,0,0,1,3,115" ten="271,216,175,338" oya="3" hai0="58,68,60,91,89,59,30,49,126,8,72,100,98" hai1="12,48,122,74,135,55,50,127,56,124,16,123,113" hai2="39,25,119,118,77,57,20,19,80,65,23,17,13" hai3="32,47,63,128,130,28,61,104,42,24,120,116,106"/><W125/><G116/><T54/><D72/><U121/><E113/><V46/><F65/><W0/><G0/><T9/><D68/><U62/><E74/><V85/><REACH who="2" step="1"/><F57/><REACH who="2" ten="271,216,165,338" step="2"/><W132/><G132/><T29/><D58/><U64/><E135/><V34/><F34/><W71/><G32/><T38/><D59/><U5/><E64/><V112/><F112/><W41/><G71/><T15/><D60/><U76/><E124/><V117/><F117/><W31/><G125/><T2/><D126/><U67/><E127/><V83/><F83/><W108/><G63/><T93/><D54/><U134/><E134/><V37/><F37/><W103/><G61/><T44/><D38/><U14/><E67/><V101/><F101/><W22/><G103/><T45/><D100/><U21/><REACH who="1" step="1"/><E76/><REACH who="1" ten="271,206,165,338" step="2"/><V114/><F114/><W40/><G128/><T26/><D91/><U27/><E27/><V11/><F11/><AGARI ba="0,2" hai="5,11,12,14,16,21,48,50,55,56,62,121,122,123" machi="11" ten="40,2600,0" yaku="1,1,54,1,53,0" doraHai="115" doraHaiUra="70" who="1" fromWho="2" sc="271,0,206,46,165,-26,338,0" owari="271,7.1,252,-14.8,139,-36.1,338,43.8" /></mjloggm>