<mjloggm ver="2.3"><GO type="225" lobby="0"/><UN n0="%E5%AE%AE%E4%BF%9D%E9%B6%8F%E8%82%89" n1="%E3%81%86%E3%81%A1%E3%83%BC" n2="%E3%81%8F%E3%82%8A%E3%83%94%E3%83%BC" n3="%E3%83%B4%E3%83%A0%EF%BC%99%E3%81%A6" dan="16,17,16,17" rate="2098.18,2182.57,2092.41,2191.44" sx="M,M,M,M"/><TAIKYOKU oya="0"/><INIT seed="0,0,0,3,1,81" ten="250,250,250,250" oya="0" hai0="84,51,118,35,60,120,64,80,34,117,10,67,38" hai1="66,108,90,133,135,69,113,52,131,39,37,121,73" hai2="134,63,77,98,12,29,128,26,23,82,110,5,56" hai3="125,106,1,8,45,21,114,95,112,85,19,53,78"/><T59/><D120/><U119/><RYUUKYOKU type="yao9" ba="0,0" sc="250,0,250,0,250,0,250,0" hai1="37,39,52,66,69,73,90,108,113,119,121,131,133,135" /><INIT seed="0,1,0,2,0,104" ten="250,250,250,250" oya="0" hai0="28,29,135,121,43,12,111,74,85,80,132,77,19" hai1="120,3,126,91,18,93,15,27,115,7,57,124,5" hai2="97,110,0,24,129,11,99,52,55,41,113,13,106" hai3="36,123,38,64,125,9,65,114,66,133,84,108,45"/><T116/><D116/><U35/><E120/><V25/><F0/><W94/><G114/><T69/><D121/><U101/><E101/><V56/><F110/><W103/><G123/><T88/><D111/><U54/><E3/><V47/><F129/><W127/><G108/><T86/><D69/><U23/><E35/><V131/><F131/><W22/><G133/><N who="0" m="51275" /><D43/><U117/><E117/><V75/><F75/><W87/><G9/><N who="0" m="6543" /><D74/><U82/><E82/><AGARI ba="1,0" hai="28,29,77,80,82,85,86,88" m="6543,51275" machi="82" ten="30,2900,0" yaku="20,1,54,1" doraHai="104" who="0" fromWho="1" sc="250,32,250,-32,250,0,250,0" /><INIT seed="0,2,0,3,2,62" ten="282,218,250,250" oya="0" hai0="25,35,46,85,32,107,43,22,97,61,130,103,80" hai1="17,108,64,66,11,36,117,72,90,7,119,75,109" hai2="34,45,79,16,14,19,104,59,63,15,21,31,71" hai3="70,56,0,94,74,81,68,9,89,44,87,30,40"/><T6/><D130/><U3/><E36/><V51/><F104/><W84/><G30/><T99/><D6/><U29/><E29/><V100/><F71/><W42/><G42/><T114/><D114/><U86/><E17/><V113/><F113/><W20/><G20/><T116/><D116/><U60/><E117/><V131/><F131/><W50/><G74/><N who="1" m="28202" /><E119/><V95/><F79/><W105/><G105/><T101/><D61/><U112/><E60/><V121/><F121/><W92/><G56/><T129/><D129/><U126/><E126/><V39/><F39/><W54/><G54/><T12/><D12/><U47/><E47/><V23/><F31/><W33/><G33/><T134/><D134/><U122/><E122/><V73/><F73/><W78/><G0/><T57/><D57/><U5/><E5/><V52/><F34/><W135/><G135/><T67/><D67/><U120/><E120/><V41/><F95/><W76/><G76/><T18/><D99/><U88/><E90/><V77/><F77/><W48/><G48/><T124/><D101/><AGARI ba="2,0" hai="14,15,16,19,21,23,41,45,51,52,59,63,100,101" machi="101" ten="40,8000,1" yaku="9,1,8,1,54,2" doraHai="62" who="2" fromWho="0" sc="282,-86,218,0,250,86,250,0" /><INIT seed="1,0,0,2,4,2" ten="196,218,336,250" oya="1" hai0="99,33,79,16,83,46,10,14,124,113,82,115,51" hai1="127,123,62,40,52,70,106,95,26,7,15,98,54" hai2="88,34,24,48,43,132,94,107,112,108,23,104,60" hai3="72,56,120,68,81,73,18,1,32,128,97,85,39"/><U102/><E123/><V109/><F34/><W87/><G68/><T118/><D118/><U5/><E40/><V93/><F93/><W105/><G32/><T41/><D124/><U21/><E106/><V35/><F35/><W50/><G39/><T12/><D33/><U27/><E127/><V65/><F132/><W90/><G1/><T53/><D99/><U110/><E110/><N who="2" m="42603" /><F112/><W42/><G128/><T0/><D0/><U80/><E80/><V49/><F49/><W111/><G111/><T20/><D53/><N who="1" m="20587" /><E62/><V44/><F23/><W101/><G81/><T55/><D55/><U116/><E70/><N who="2" m="42279" /><F24/><N who="1" m="9257" /><E116/><V89/><F89/><W58/><G90/><T114/><REACH who="0" step="1"/><D79/><REACH who="0" ten="186,218,336,250" step="2"/><U38/><E38/><V63/><F63/><W11/><G120/><T4/><AGARI ba="0,1" hai="4,10,12,14,16,20,41,46,51,82,83,113,114,115" machi="4" ten="30,8000,1" yaku="1,1,2,1,0,1,52,1,54,1,53,0" doraHai="2" doraHaiUra="103" who="0" fromWho="0" sc="186,90,218,-40,336,-20,250,-20" /><INIT seed="2,0,0,3,2,88" ten="276,178,316,230" oya="2" hai0="86,7,94,33,72,51,54,24,125,14,82,5,62" hai1="107,16,100,79,105,39,59,87,9,3,120,17,45" hai2="18,92,133,60,29,55,130,68,109,71,38,96,128" hai3="61,6,21,103,74,32,41,101,66,47,40,77,76"/><V13/><F38/><W65/><G32/><T34/><D72/><U119/><E119/><V90/><F133/><W27/><G6/><T20/><D125/><U108/><E108/><V121/><F29/><W102/><G74/><T28/><D62/><U113/><E113/><V57/><F121/><W2/><G2/><T36/><D36/><U53/><E120/><V48/><F109/><W83/><G65/><T49/><D34/><U23/><E79/><V73/><F73/><W19/><G83/><T46/><D33/><U42/><E87/><V43/><F43/><W10/><G10/><T106/><D106/><U35/><E35/><V50/><F50/><W22/><G22/><T117/><D94/><U81/><E81/><V132/><F132/><W114/><G40/><T115/><D115/><U110/><E100/><V123/><F123/><W91/><G91/><T85/><D117/><U122/><E17/><V99/><F99/><W52/><G114/><T4/><D82/><U118/><E110/><V64/><REACH who="2" step="1"/><F71/><REACH who="2" ten="276,178,306,230" step="2"/><W129/><G41/><T8/><D49/><N who="1" m="31151" /><E122/><V134/><F134/><W70/><G129/><T67/><D85/><U97/><E97/><V84/><F84/><W78/><G103/><T131/><D131/><U95/><E118/><V98/><F98/><W15/><G102/><T116/><D116/><U93/><E107/><V111/><F111/><W58/><G101/><T44/><D86/><U69/><E105/><V104/><F104/><W25/><G70/><T37/><D37/><U63/><E69/><V124/><F124/><W127/><G127/><T30/><D30/><RYUUKYOKU ba="0,1" sc="276,-15,178,-15,306,15,230,15" hai2="13,18,48,55,57,60,64,68,90,92,96,128,130" hai3="15,19,21,25,27,47,52,58,61,66,76,77,78" /><INIT seed="2,1,1,2,0,112" ten="261,163,321,245" oya="2" hai0="128,65,96,21,26,54,113,103,53,47,115,63,118" hai1="59,43,97,55,7,24,58,104,119,40,18,110,45" hai2="79,99,8,114,82,70,46,60,2,108,100,87,14" hai3="17,71,101,124,3,72,116,52,135,5,117,120,16"/><V22/><F114/><W57/><G120/><T131/><D118/><U35/><E110/><V6/><F108/><W39/><G71/><T38/><D113/><U105/><E7/><V50/><F70/><W56/><G39/><T61/><D115/><U78/><E78/><V27/><F2/><W41/><G41/><T86/><D86/><U85/><E43/><N who="2" m="24927" /><F60/><W126/><G72/><T98/><D38/><U30/><E119/><N who="3" m="45642" /><G101/><T125/><D125/><N who="3" m="48233" /><G135/><T25/><D103/><U89/><E104/><V77/><F77/><W19/><G52/><T67/><D47/><U92/><E55/><V75/><F75/><W84/><G84/><T134/><D134/><U23/><E85/><V28/><F100/><W94/><G94/><T83/><D83/><U4/><E105/><V1/><F1/><W127/><G127/><T129/><D129/><U74/><E74/><V32/><F99/><W44/><G44/><T91/><D91/><U81/><E81/><V133/><F133/><W0/><G0/><T51/><D51/><U34/><E45/><V9/><F87/><W33/><G33/><T42/><D42/><U111/><E40/><V62/><F32/><W11/><AGARI ba="1,1" hai="3,5,11,16,17,19,56,57" m="48233,45642" machi="11" ten="40,8000,1" yaku="18,1,52,3,54,1" doraHai="112" who="3" fromWho="3" sc="261,-21,163,-21,321,-41,245,93" /><INIT seed="3,0,0,4,1,31" ten="240,142,280,338" oya="3" hai0="89,59,22,34,133,27,24,68,4,91,20,80,96" hai1="76,74,37,21,126,108,130,122,116,75,56,114,81" hai2="104,28,66,1,106,77,36,121,11,3,30,46,88" hai3="132,129,10,78,50,18,118,82,48,61,119,16,39"/><W13/><G39/><T115/><D68/><U87/><E37/><V92/><F66/><W70/><G70/><T49/><D133/><U125/><E21/><V72/><F121/><W67/><G132/><T5/><D115/><U51/><E51/><V55/><F28/><W9/><G129/><T53/><D34/><U8/><E8/><V58/><F30/><W94/><G94/><T19/><D89/><U43/><E56/><V79/><F79/><W90/><G90/><T33/><D33/><U83/><E43/><V105/><F11/><W98/><G98/><T86/><REACH who="0" step="1"/><D96/><REACH who="0" ten="230,142,280,338" step="2"/><U117/><E114/><V120/><F120/><W14/><G118/><N who="1" m="45674" /><E122/><V17/><F36/><W40/><G119/><T113/><D113/><U23/><E130/><V128/><F128/><W7/><G40/><T107/><D107/><U63/><E108/><V123/><F106/><W102/><G102/><T110/><D110/><U95/><E23/><V15/><F105/><W47/><G9/><T109/><D109/><U85/><E63/><V134/><F104/><W131/><G61/><T6/><D6/><U60/><E60/><V41/><F134/><W99/><G10/><T64/><D64/><U103/><E103/><V84/><F123/><W97/><G67/><T100/><D100/><U93/><E74/><V69/><F72/><W38/><G7/><T124/><D124/><N who="1" m="47723" /><E75/><V25/><F41/><W54/><G131/><T2/><D2/><U127/><N who="1" m="47731" /><U52/><DORA hai="71" /><E52/><V65/><F55/><W111/><G54/><T12/><D12/><U0/><E0/><V44/><F1/><RYUUKYOKU ba="0,1" sc="230,15,142,15,280,-15,338,-15" hai0="4,5,19,20,22,24,27,49,53,59,80,86,91" hai1="76,81,83,85,87,93,95" owari="245,-15.5,157,-34.3,265,6.5,333,43.3" /></mjloggm>