<mjloggm ver="2.3"><GO type="225" lobby="0"/><UN n0="%73%69%72%6F%75%74" n1="%43%68%65" n2="%E3%81%AF%E3%82%88%E3%81%8A%E3%81%98%E3%81%95%E3%82%93" n3="%E8%81%B7%E6%A5%AD%E3%80%81%E9%A2%A8%32" dan="16,16,16,16" rate="2142.57,2161.12,2184.52,2093.15" sx="M,M,M,M"/><TAIKYOKU oya="0"/><INIT seed="0,0,0,5,3,124" ten="250,250,250,250" oya="0" hai0="64,10,73,32,2,75,16,80,111,96,46,44,114" hai1="120,22,58,9,50,106,55,91,21,35,128,57,135" hai2="101,92,49,37,51,70,86,89,76,65,4,119,20" hai3="127,14,45,107,105,100,99,110,1,132,36,88,117"/><T62/><D114/><U3/><E35/><V118/><F37/><W113/><G1/><T5/><D32/><U15/><E120/><V48/><F4/><W108/><G113/><T56/><D111/><N who="3" m="42537" /><G117/><N who="2" m="44553" /><F76/><W12/><G127/><T69/><D56/><U129/><E106/><N who="3" m="40458" /><G132/><T7/><D7/><N who="1" m="3519" /><E3/><V19/><F101/><W134/><G100/><T68/><D96/><U52/><E91/><V84/><F86/><W27/><G134/><T74/><D69/><U0/><E0/><V116/><N who="2" m="44561" /><V53/><DORA hai="33" /><F65/><W47/><G27/><T67/><D67/><U79/><E79/><V17/><F70/><W60/><G60/><T122/><D122/><U43/><E43/><V29/><F53/><W66/><G66/><T54/><D54/><U133/><E133/><V40/><F40/><N who="3" m="22663" /><G47/><T109/><D109/><U13/><E13/><V30/><F17/><W85/><G99/><T126/><D126/><U26/><E26/><AGARI ba="0,0" hai="19,20,26,29,30,48,49,51,84,89,92" m="44561" machi="26" ten="40,1300,0" yaku="12,1" doraHai="124,33" who="2" fromWho="1" sc="250,0,250,-13,250,13,250,0" /><INIT seed="1,0,0,0,1,17" ten="250,237,263,250" oya="1" hai0="65,3,109,14,85,4,107,1,46,133,67,122,77" hai1="20,24,73,51,124,9,55,115,66,87,21,76,64" hai2="72,16,68,38,41,104,84,61,43,101,10,123,99" hai3="52,106,79,0,63,45,88,69,7,58,18,135,74"/><U78/><E115/><V27/><F72/><W110/><G110/><T125/><D107/><U97/><E73/><V128/><F123/><W80/><G106/><T34/><D109/><U112/><E112/><V25/><F128/><W96/><G135/><T48/><D122/><U91/><E124/><V39/><F84/><W127/><G127/><T56/><D125/><U22/><E9/><V103/><F101/><W94/><G69/><T8/><D34/><U83/><E24/><V132/><F132/><W12/><G7/><T102/><D102/><U31/><E31/><V89/><F89/><W11/><REACH who="3" step="1"/><G45/><REACH who="3" ten="250,237,263,240" step="2"/><T30/><D46/><N who="1" m="28151" /><E97/><V6/><F99/><W35/><G35/><T114/><D4/><U70/><E70/><V47/><F68/><W32/><G32/><T93/><D133/><U120/><E120/><V29/><F104/><W119/><G119/><T134/><D134/><U5/><E5/><V71/><F6/><W37/><G37/><T82/><D114/><U44/><E44/><V23/><F47/><W26/><G26/><T129/><D129/><U86/><E76/><V50/><F39/><W60/><G60/><T108/><D77/><U116/><E116/><V117/><F38/><W40/><G40/><T92/><D108/><U28/><E28/><V59/><F71/><W57/><G57/><T36/><D36/><U81/><AGARI ba="0,1" hai="20,21,22,64,66,78,81,83,86,87,91" m="28151" machi="81" ten="30,11700,0" yaku="8,1,52,3" doraHai="17" who="1" fromWho="1" sc="250,-39,237,127,263,-39,240,-39" /><INIT seed="1,1,0,2,3,24" ten="211,364,224,201" oya="1" hai0="60,75,105,126,108,61,41,128,133,74,36,59,111" hai1="120,3,132,11,80,72,90,66,102,131,114,48,84" hai2="42,7,123,116,35,6,8,15,107,52,44,30,119" hai3="76,82,104,2,70,96,23,110,122,19,16,79,56"/><U46/><E114/><V112/><F123/><W81/><G70/><T53/><D105/><U85/><E72/><V29/><F107/><W68/><G68/><T135/><D75/><U38/><E38/><V18/><F42/><W100/><G110/><N who="0" m="42027" /><D74/><U101/><E120/><V39/><F39/><W54/><G122/><T13/><D13/><U134/><E66/><V93/><F93/><W57/><G2/><T118/><D118/><N who="2" m="45098" /><F52/><W115/><G115/><T58/><D126/><U9/><E131/><V89/><F89/><W27/><G19/><T55/><D128/><U20/><E20/><V21/><F44/><AGARI ba="1,0" hai="36,41,44,53,55,58,59,60,61,133,135" m="42027" machi="44" ten="30,3900,0" yaku="14,1,34,2" doraHai="24" who="0" fromWho="2" sc="211,42,364,0,224,-42,201,0" /><INIT seed="2,0,0,0,0,98" ten="253,364,182,201" oya="2" hai0="44,29,10,123,76,99,3,121,4,63,49,42,116" hai1="127,79,126,56,104,19,85,97,17,14,52,34,58" hai2="51,120,54,27,47,60,15,90,101,40,7,5,113" hai3="62,122,38,74,48,16,25,57,43,37,129,96,2"/><V111/><F113/><W75/><G122/><T45/><D116/><U84/><E34/><V118/><F120/><W1/><G129/><T21/><D63/><U100/><E58/><N who="2" m="34903" /><F118/><W102/><G48/><T115/><D115/><U61/><E19/><V6/><F111/><W105/><G75/><T0/><D0/><U18/><E18/><V41/><F27/><W131/><G74/><T71/><D71/><U86/><REACH who="1" step="1"/><E79/><REACH who="1" ten="253,354,182,201" step="2"/><V8/><F90/><W55/><G131/><T35/><D76/><U133/><E133/><V68/><F68/><W70/><G16/><T114/><D35/><U124/><E124/><V108/><F108/><W77/><G70/><T59/><D114/><U78/><E78/><V30/><F30/><W31/><G77/><T11/><D59/><U46/><E46/><N who="2" m="26055" /><F101/><W53/><G31/><T13/><D123/><U110/><E110/><V119/><F119/><W23/><G102/><T91/><D121/><U65/><E65/><V94/><F94/><W87/><G105/><T20/><D29/><U50/><E50/><AGARI ba="0,1" hai="5,6,7,8,15,41,47,50" m="26055,34903" machi="50" ten="30,1500,0" yaku="8,1" doraHai="98" who="2" fromWho="1" sc="253,0,354,-15,182,25,201,0" /><INIT seed="2,1,0,3,1,115" ten="253,339,207,201" oya="2" hai0="65,104,74,117,109,17,69,120,39,24,77,100,29" hai1="45,121,26,119,82,75,99,92,86,2,125,80,103" hai2="97,37,101,73,67,59,7,46,124,56,90,107,53" hai3="71,113,35,95,48,49,81,60,88,132,105,96,91"/><V9/><F124/><W25/><G132/><T3/><D17/><U58/><E2/><V114/><F114/><W20/><G35/><N who="0" m="20903" /><D109/><U50/><E121/><V130/><F130/><W18/><G113/><T102/><D102/><U16/><E119/><V134/><F134/><W129/><G129/><T4/><D120/><U33/><E125/><V108/><F108/><W133/><G133/><T40/><D4/><U70/><E70/><V61/><F73/><W85/><REACH who="3" step="1"/><G105/><REACH who="3" ten="253,339,207,191" step="2"/><T93/><D104/><U106/><E33/><V41/><F90/><W118/><G118/><T36/><D117/><U84/><E106/><V94/><F107/><W12/><G12/><T89/><D3/><U31/><E26/><V19/><F19/><W52/><G52/><T22/><D40/><U28/><E16/><V83/><F83/><W127/><G127/><T64/><D64/><AGARI ba="1,1" hai="18,20,25,48,49,60,64,71,81,85,88,91,95,96" machi="64" ten="40,2600,0" yaku="1,1,54,1,53,0" doraHai="115" doraHaiUra="0" who="3" fromWho="0" sc="253,-29,339,0,207,0,191,39" /><INIT seed="3,0,0,1,0,108" ten="224,339,207,230" oya="3" hai0="120,123,0,86,40,118,129,122,31,106,80,71,39" hai1="17,37,16,131,24,92,64,67,88,127,3,117,42" hai2="113,69,96,132,100,128,85,87,77,35,133,36,126" hai3="79,43,58,103,41,45,30,52,98,50,74,2,18"/><W51/><G2/><T63/><D0/><U23/><E3/><V14/><F35/><W114/><G114/><T66/><D31/><U72/><E72/><V1/><F1/><W49/><G74/><T84/><D84/><N who="2" m="32330" /><F36/><W9/><G79/><T33/><D33/><U125/><E131/><V54/><F69/><W109/><G109/><T15/><D106/><U59/><E117/><V110/><F110/><W105/><G30/><T13/><D118/><U19/><E42/><V62/><F77/><W75/><G75/><T60/><D129/><U90/><E37/><V101/><F128/><W26/><G43/><T70/><D40/><U130/><E130/><V65/><F126/><N who="1" m="48137" /><E59/><N who="2" m="37087" /><F113/><W56/><G56/><T34/><D34/><U6/><E6/><V82/><F82/><W107/><G107/><T95/><D95/><U94/><E94/><N who="2" m="58391" /><F101/><W76/><G76/><T5/><D5/><U32/><E32/><V91/><F91/><N who="1" m="34857" /><E92/><V12/><F54/><W10/><G41/><T46/><D39/><U81/><E81/><V27/><F27/><W134/><G26/><T7/><D7/><U20/><E24/><V97/><F97/><W135/><G98/><T112/><D112/><U83/><E83/><V28/><F28/><W21/><G103/><T4/><D4/><U89/><E89/><V38/><F38/><W47/><G105/><T11/><D11/><U44/><E44/><N who="3" m="16970" /><G10/><T99/><D46/><U29/><E29/><V53/><F53/><W25/><G9/><T48/><D99/><U121/><E121/><N who="0" m="30977" /><T73/><DORA hai="8" /><D73/><U55/><E55/><V115/><F115/><RYUUKYOKU ba="0,0" sc="224,-30,339,10,207,10,230,10" hai1="16,17,19,20,23,64,67" hai2="12,14,132,133" hai3="18,21,25,49,50,51,52,58,134,135" /><INIT seed="3,1,0,4,1,11" ten="194,349,217,240" oya="3" hai0="135,126,112,85,116,86,35,129,47,127,94,1,110" hai1="121,32,52,25,15,104,18,31,97,76,74,106,87" hai2="111,60,114,115,131,17,77,119,84,58,102,44,132" hai3="91,118,40,63,26,33,96,34,117,9,68,12,57"/><W124/><G68/><T13/><D1/><U93/><E121/><V113/><F119/><W6/><G124/><N who="0" m="47659" /><D116/><U67/><E74/><V73/><F73/><W30/><G34/><T95/><D110/><U23/><E67/><V122/><F111/><W41/><G117/><T65/><D129/><U101/><E52/><V43/><F131/><W83/><G118/><T39/><D35/><U72/><E72/><V130/><F130/><W128/><G128/><T51/><D39/><U79/><E106/><V90/><F122/><W78/><G96/><T50/><D65/><U107/><E107/><V89/><F102/><W45/><G91/><T3/><D3/><U109/><E109/><V38/><F132/><W98/><G98/><T5/><D135/><U64/><E64/><V0/><F0/><W55/><G45/><T105/><D105/><U24/><E104/><V61/><F77/><W2/><G2/><T37/><D37/><U27/><E79/><V92/><F58/><W10/><G10/><N who="0" m="4303" /><D112/><U75/><E75/><AGARI ba="1,0" hai="6,9,12,26,30,33,40,41,55,57,63,75,78,83" machi="75" ten="30,2900,0" yaku="7,1,52,1" doraHai="11" who="3" fromWho="1" sc="194,0,349,-32,217,0,240,32" /><INIT seed="3,2,0,4,3,103" ten="194,317,217,272" oya="3" hai0="67,59,68,114,86,10,121,111,79,99,32,2,100" hai1="71,112,6,64,8,92,90,94,122,93,19,66,15" hai2="83,72,70,124,118,49,36,132,129,55,37,104,131" hai3="27,80,38,0,134,56,47,82,4,43,116,60,50"/><W69/><G116/><T102/><D121/><U113/><E122/><V42/><F118/><W29/><G134/><T77/><D32/><U41/><E113/><V81/><F132/><W127/><G127/><T28/><D68/><U31/><E112/><V101/><F70/><W76/><G69/><T24/><D114/><U135/><E135/><V13/><F124/><W75/><G82/><N who="2" m="31241" /><F42/><W133/><G133/><T21/><D111/><U117/><E71/><V73/><F13/><W33/><G50/><T26/><D86/><U95/><E117/><V58/><F101/><W130/><G130/><N who="2" m="49673" /><F104/><W105/><G105/><T123/><D123/><U9/><E31/><V110/><F110/><W53/><G0/><T126/><D126/><U25/><E41/><V120/><F120/><W128/><G128/><T84/><D84/><N who="1" m="52295" /><E9/><V97/><F97/><W12/><G12/><T88/><D10/><U85/><E85/><V11/><F11/><W16/><G4/><T44/><D2/><U57/><E57/><V125/><F125/><W52/><G16/><T87/><D44/><U54/><E54/><AGARI ba="2,0" hai="27,29,33,38,43,47,52,53,54,56,60,75,76,80" machi="54" ten="30,2900,0" yaku="7,1,54,1" doraHai="103" who="3" fromWho="1" sc="194,0,317,-35,217,0,272,35" owari="194,-30.6,282,8.2,217,-18.3,307,40.7" /></mjloggm>