<mjloggm ver="2.3"><GO type="225" lobby="0"/><UN n0="%E5%8D%A0%E3%81%84%E5%B8%AB%E8%A3%8F%E3%81%AA%E3%81%84%E3%81%97" n1="%E8%83%83%E3%81%A8%E8%85%B8" n2="%72%65%6E%6B%75%6E" n3="%E5%A4%9C%E5%85%89%E5%A4%A9%E6%A5%BC" dan="17,17,17,17" rate="2193.11,2163.45,2178.55,2130.37" sx="M,M,M,M"/><TAIKYOKU oya="0"/><INIT seed="0,0,0,5,3,97" ten="250,250,250,250" oya="0" hai0="46,65,135,34,14,105,127,84,89,18,129,130,52" hai1="72,50,69,88,6,44,25,9,8,98,92,126,91" hai2="134,38,113,77,5,123,86,0,23,53,1,13,100" hai3="94,7,58,81,79,29,51,12,104,24,3,11,59"/><T95/><D34/><U101/><E69/><V82/><F123/><W60/><G104/><T22/><D127/><U42/><E72/><V28/><F113/><W112/><G112/><T110/><D105/><U114/><E114/><V87/><F38/><W109/><G109/><T4/><D110/><U57/><E126/><V120/><F120/><W43/><G94/><T16/><D135/><U27/><E57/><V54/><F28/><W45/><G60/><T111/><D65/><U78/><E78/><V30/><F30/><W71/><G3/><T20/><D4/><U33/><E8/><V17/><F134/><W122/><G71/><T103/><D103/><U132/><E132/><V85/><F100/><W131/><G131/><N who="0" m="50187" /><D111/><U119/><E119/><V121/><F121/><W68/><G68/><T90/><D90/><N who="1" m="34347" /><E33/><V63/><F63/><W125/><G125/><T31/><D31/><U73/><E73/><V48/><F54/><W70/><G70/><T133/><D133/><U106/><E106/><V83/><F5/><W96/><G122/><T15/><D46/><U39/><E39/><V55/><F82/><W128/><G128/><T62/><D62/><U56/><E56/><V49/><F0/><W26/><G29/><T107/><D107/><U80/><E80/><V19/><F1/><W21/><G81/><T117/><D117/><U74/><E74/><V32/><F32/><W40/><G45/><T37/><D37/><U99/><E99/><V35/><F35/><W102/><G96/><T64/><D52/><N who="2" m="20042" /><F19/><N who="0" m="7210" /><D64/><U47/><E47/><V124/><F124/><W108/><G108/><RYUUKYOKU ba="0,0" sc="250,10,250,10,250,10,250,-30" hai0="14,15,20,22,84,89,95" hai1="6,9,25,27,42,44,50,92,98,101" hai2="13,17,23,48,49,77,83,85,86,87" /><INIT seed="0,1,0,3,0,118" ten="260,260,260,220" oya="0" hai0="112,20,60,63,58,86,21,100,91,35,97,5,71" hai1="95,41,0,38,107,123,45,7,83,129,130,22,9" hai2="52,134,44,46,11,33,23,39,48,102,2,99,43" hai3="47,108,6,115,125,127,15,18,70,50,59,32,30"/><T61/><D35/><U89/><E107/><V40/><F33/><W64/><G115/><T106/><D112/><U3/><E83/><V121/><F134/><W66/><G70/><T94/><D71/><U4/><E22/><V69/><F69/><W135/><G6/><T114/><D114/><U72/><E72/><V98/><F121/><W90/><G135/><T29/><D5/><U105/><E105/><V79/><F79/><W51/><G90/><T27/><REACH who="0" step="1"/><D20/><REACH who="0" ten="250,260,260,220" step="2"/><U77/><E7/><V85/><F11/><N who="3" m="6527" /><G32/><T49/><D49/><U1/><E9/><V76/><F2/><W78/><G51/><T81/><D81/><U10/><E10/><V28/><F23/><W24/><G50/><T117/><D117/><U132/><E4/><V120/><F120/><W26/><G127/><T93/><D93/><U122/><E132/><V124/><F124/><W80/><G125/><T128/><D128/><N who="1" m="49259" /><E77/><V19/><F76/><W62/><G78/><T82/><D82/><U104/><E104/><V133/><F48/><W73/><G80/><T119/><D119/><U37/><E37/><V88/><F39/><W31/><G73/><T14/><D14/><U84/><AGARI ba="1,1" hai="0,1,3,38,41,45,84,89,95,122,123" m="49259" machi="84" ten="40,5200,0" yaku="19,1,52,2" doraHai="118" who="1" fromWho="1" sc="250,-27,260,65,260,-14,220,-14" /><INIT seed="1,0,0,3,5,65" ten="223,325,246,206" oya="1" hai0="85,100,92,72,10,2,25,23,95,41,19,24,33" hai1="78,16,77,119,35,109,75,131,64,57,50,94,15" hai2="54,60,22,130,128,134,44,5,107,66,116,12,132" hai3="21,105,38,61,121,133,83,13,80,62,120,52,17"/><U39/><E39/><V87/><F107/><W56/><G105/><T123/><D72/><U118/><E131/><N who="2" m="50219" /><F116/><W74/><G38/><T43/><D123/><U68/><E35/><V99/><F99/><W122/><G133/><N who="2" m="51305" /><F87/><W79/><G80/><T1/><D100/><U51/><E109/><V20/><F54/><W4/><G4/><T30/><D85/><U46/><E75/><V71/><F44/><W70/><REACH who="3" step="1"/><G122/><REACH who="3" ten="223,325,246,196" step="2"/><T40/><REACH who="0" step="1"/><D10/><AGARI ba="0,1" hai="5,10,12,20,22,60,66,71" m="51305,50219" machi="10" ten="30,3900,0" yaku="19,1,20,1,52,1" doraHai="65" who="2" fromWho="0" sc="223,-39,325,0,246,49,196,0" /><INIT seed="2,0,0,5,2,88" ten="184,325,295,196" oya="2" hai0="12,110,82,79,131,16,120,52,77,41,67,76,42" hai1="3,35,44,62,24,126,121,7,103,83,51,40,116" hai2="96,80,28,112,14,73,5,115,75,31,122,68,0" hai3="60,91,129,55,21,25,66,69,47,39,106,9,8"/><V38/><F38/><W97/><G129/><T65/><D120/><U93/><E116/><V18/><F68/><W102/><G91/><T98/><D131/><U104/><E104/><V94/><F122/><W135/><G135/><T100/><D110/><U49/><E83/><V43/><F43/><N who="0" m="16394" /><D82/><U128/><E128/><V57/><F57/><W107/><G107/><T118/><D118/><U61/><E51/><V114/><F5/><W85/><G39/><T84/><D84/><U17/><E126/><V119/><F0/><W27/><G85/><T53/><D100/><U54/><E7/><V2/><F2/><W13/><G47/><T125/><D98/><N who="1" m="59855" /><E35/><V101/><F119/><W45/><G45/><T11/><D125/><U10/><E3/><V30/><REACH who="2" step="1"/><F80/><REACH who="2" ten="184,325,285,196" step="2"/><W109/><G69/><T58/><D58/><N who="1" m="33103" /><E121/><V87/><F87/><W90/><G97/><T71/><D71/><U29/><E40/><V105/><F105/><W22/><G106/><T19/><D19/><U86/><E44/><V1/><F1/><W64/><G109/><T4/><D4/><U132/><E86/><V32/><F32/><W70/><G70/><T26/><D26/><U130/><E130/><V99/><F99/><W92/><G27/><T37/><D37/><U20/><E17/><V48/><F48/><W133/><G25/><T56/><D56/><U123/><E123/><V127/><F127/><W113/><G60/><T36/><D36/><U46/><E46/><V124/><F124/><W6/><G6/><T63/><D63/><U15/><E61/><V33/><F33/><W111/><G111/><RYUUKYOKU ba="0,1" sc="184,15,325,-15,285,15,196,-15" hai0="11,12,16,52,53,65,67,76,77,79" hai2="14,18,28,30,31,73,75,94,96,101,112,114,115" /><INIT seed="2,1,1,1,4,33" ten="199,310,300,181" oya="2" hai0="55,17,125,100,104,9,72,130,108,114,133,50,1" hai1="59,10,62,35,34,46,95,54,128,86,132,135,38" hai2="21,103,16,85,25,14,90,117,105,120,37,26,89" hai3="64,28,84,118,36,107,76,63,49,32,115,127,71"/><V93/><F37/><W97/><G118/><T24/><D114/><U134/><E128/><V126/><F117/><W116/><G116/><T2/><D72/><U124/><E124/><V69/><F69/><W4/><G127/><T52/><D125/><U106/><E106/><V15/><F126/><W87/><G36/><T99/><D130/><U5/><E95/><V11/><F120/><W66/><G115/><T122/><D122/><U22/><E22/><V41/><F41/><W56/><G76/><T88/><D108/><U77/><E86/><V78/><F78/><W102/><G4/><T48/><D133/><U58/><E77/><V19/><REACH who="2" step="1"/><F90/><REACH who="2" ten="199,310,290,181" step="2"/><W23/><G71/><T113/><D113/><U61/><E38/><V119/><F119/><W68/><G68/><T6/><D88/><U67/><REACH who="1" step="1"/><E46/><REACH who="1" ten="199,300,290,181" step="2"/><V92/><F92/><W20/><G107/><T57/><D104/><U47/><E47/><V98/><AGARI ba="1,3" hai="11,14,15,16,19,21,25,26,85,89,93,98,103,105" machi="98" ten="30,6000,0" yaku="1,1,0,1,54,1,53,0" doraHai="33" doraHaiUra="65" who="2" fromWho="2" sc="199,-21,300,-21,290,93,181,-21" /><INIT seed="2,2,0,5,5,113" ten="178,279,383,160" oya="2" hai0="38,96,110,87,81,109,14,3,69,84,29,27,41" hai1="30,10,103,117,21,111,132,11,22,49,51,80,99" hai2="70,24,36,52,25,77,130,92,95,124,64,116,42" hai3="73,93,33,98,37,35,53,102,45,90,48,107,78"/><V108/><F116/><W12/><G37/><T16/><D3/><U40/><E111/><N who="0" m="42505" /><D69/><U23/><E132/><V15/><F124/><W60/><G12/><T131/><D131/><U2/><E30/><V20/><F77/><W56/><G78/><N who="0" m="46135" /><D96/><U32/><E32/><V71/><F42/><W128/><G73/><T4/><D4/><U126/><E126/><V122/><F20/><W89/><G128/><T18/><D87/><U118/><E80/><V91/><F15/><W34/><REACH who="3" step="1"/><G107/><REACH who="3" ten="178,279,383,150" step="2"/><T79/><D79/><U100/><E2/><V44/><F36/><W31/><G31/><T66/><D14/><U9/><E40/><AGARI ba="2,1" hai="33,34,35,40,45,48,53,56,60,89,90,93,98,102" machi="40" ten="40,1300,0" yaku="1,1,53,0" doraHai="113" doraHaiUra="61" who="3" fromWho="1" sc="178,0,279,-19,383,0,150,29" /><INIT seed="3,0,0,0,2,90" ten="178,260,383,179" oya="3" hai0="51,119,47,108,4,77,26,55,75,72,122,56,88" hai1="52,25,91,30,124,93,123,97,54,12,95,18,37" hai2="89,62,68,110,120,117,78,24,133,15,14,19,21" hai3="2,81,31,98,76,101,100,94,66,59,57,71,7"/><W83/><G31/><T8/><D119/><U46/><E123/><V107/><F107/><W0/><G101/><T61/><D122/><U92/><E124/><V85/><F117/><W64/><G83/><T17/><D108/><U9/><E37/><V109/><F120/><W39/><G39/><T74/><D88/><U118/><E118/><V27/><F78/><W22/><G22/><T23/><D77/><U1/><E1/><V45/><F133/><W33/><G33/><T53/><D74/><U58/><E46/><V73/><F73/><W104/><G104/><T5/><D5/><U70/><E70/><V102/><F102/><W96/><G96/><T50/><D50/><N who="1" m="30999" /><E54/><V129/><F45/><W134/><G134/><T126/><D126/><U69/><E69/><V43/><F43/><W111/><G111/><N who="2" m="42505" /><F24/><W135/><G135/><T86/><D86/><U99/><E91/><V65/><F129/><W67/><G71/><T82/><D82/><AGARI ba="0,0" hai="14,15,19,21,27,62,65,68,82,85,89" m="42505" machi="82" ten="30,1000,0" yaku="14,1" doraHai="90" who="2" fromWho="0" sc="178,-10,260,0,383,10,179,0" owari="168,-33.2,260,6.0,393,49.3,179,-22.1" /></mjloggm>