<mjloggm ver="2.3"><GO type="225" lobby="0"/><UN n0="%E5%B8%86%E7%AB%8B%E5%A4%8F%E8%A1%A3" n1="%E9%80%86%E9%80%A3%E5%B8%AF%E3%81%AE%E9%AC%BC" n2="%E3%81%AA%E3%81%8C%E3%81%95%E3%82%8F%E3%81%BE%E3%81%95%E3%81%BF" n3="%53%63%61%6E%64%61%6C" dan="16,16,16,16" rate="2093.00,2131.40,2126.18,2075.74" sx="M,M,F,M"/><TAIKYOKU oya="0"/><INIT seed="0,0,0,2,0,47" ten="250,250,250,250" oya="0" hai0="55,36,35,48,75,130,72,126,22,18,85,29,21" hai1="66,6,56,7,84,108,100,111,51,63,83,68,30" hai2="90,112,19,34,120,115,110,41,101,99,1,20,44" hai3="67,106,88,28,118,129,116,25,37,114,53,62,40"/><T16/><D126/><U73/><E73/><V97/><F120/><W122/><G122/><T45/><D130/><U26/><E100/><V81/><F1/><W23/><G114/><T58/><D35/><U65/><E65/><V133/><F110/><W15/><G129/><T2/><D2/><U95/><E95/><V135/><F34/><W42/><G106/><T121/><D121/><U82/><E6/><V17/><F81/><W43/><G53/><N who="0" m="29839" /><D36/><U8/><E68/><V94/><F112/><W12/><G37/><T78/><D75/><U74/><E74/><V125/><F125/><W93/><G118/><T61/><D72/><U3/><E51/><N who="2" m="27023" /><F115/><W54/><G54/><T57/><D57/><U132/><E132/><N who="2" m="50763" /><F20/><N who="0" m="7786" /><D29/><U70/><E70/><V59/><F59/><N who="3" m="37343" /><G116/><T79/><D79/><U13/><E3/><V91/><F91/><W27/><G27/><T96/><D96/><AGARI ba="0,0" hai="12,15,23,25,28,40,42,43,88,93,96" m="37343" machi="96" ten="30,2000,0" yaku="8,1,54,1" doraHai="47" who="3" fromWho="0" sc="250,-20,250,0,250,0,250,20" /><INIT seed="1,0,0,0,4,22" ten="230,250,250,270" oya="1" hai0="50,106,23,71,61,42,131,93,72,39,49,135,119" hai1="62,8,13,108,54,69,110,56,40,77,14,78,43" hai2="41,81,134,73,75,19,80,109,32,51,118,24,117" hai3="133,127,58,37,60,52,65,57,83,45,74,96,76"/><U9/><E69/><V101/><F101/><W67/><G133/><T48/><D106/><U90/><E90/><V123/><F123/><W84/><G127/><T86/><D72/><U126/><E126/><V35/><F41/><W5/><G5/><T116/><D86/><U85/><E85/><V17/><F51/><W4/><G4/><T88/><D88/><U115/><E115/><V0/><F0/><W129/><G129/><T59/><D93/><U113/><E113/><V30/><F109/><W1/><G1/><T120/><D23/><U82/><E82/><V33/><F134/><W107/><G74/><T98/><D98/><U100/><E100/><V12/><F35/><W7/><G7/><T99/><D99/><U102/><E102/><V63/><F12/><W36/><G45/><N who="0" m="23775" /><D135/><U46/><E14/><V79/><F63/><W47/><G96/><T95/><D95/><U21/><E21/><V66/><F66/><W132/><G107/><T18/><D18/><U34/><E34/><V26/><F30/><W10/><G132/><T29/><D29/><U44/><E13/><V104/><F104/><W16/><G67/><N who="0" m="41455" /><D131/><U87/><E87/><V111/><F111/><N who="1" m="42537" /><E8/><V105/><F105/><W125/><G125/><T27/><D120/><U97/><E9/><V20/><F20/><W91/><G91/><T55/><D27/><U89/><E89/><V114/><F114/><W3/><G3/><T15/><D15/><U121/><E97/><V112/><F112/><W68/><G10/><T103/><D103/><U25/><E121/><V53/><F79/><N who="1" m="30217" /><E25/><V124/><F124/><RYUUKYOKU ba="0,0" sc="230,10,250,10,250,10,270,-30" hai0="48,49,50,55,59,116,119" hai1="40,43,44,46,54,56,62" hai2="17,19,24,26,32,33,53,73,75,80,81,117,118" /><INIT seed="1,1,0,2,3,132" ten="240,260,260,240" oya="1" hai0="5,27,40,91,121,118,115,3,64,59,105,62,109" hai1="127,104,117,108,135,75,97,39,84,43,47,33,120" hai2="99,41,24,10,44,55,110,122,35,88,100,124,85" hai3="21,60,23,95,57,134,112,28,12,78,0,50,30"/><U130/><RYUUKYOKU type="yao9" ba="1,0" sc="240,0,260,0,260,0,240,0" hai1="33,39,43,47,75,84,97,104,108,117,120,127,130,135" /><INIT seed="1,2,0,1,5,82" ten="240,260,260,240" oya="1" hai0="70,48,58,72,23,31,77,63,20,46,15,86,118" hai1="124,1,38,88,80,75,14,0,110,26,54,10,85" hai2="11,5,106,42,55,126,127,37,21,114,40,17,3" hai3="102,51,7,73,27,104,122,33,4,128,45,89,111"/><U117/><E117/><V76/><F106/><W113/><G122/><T8/><D118/><U67/><E124/><N who="2" m="47659" /><F114/><W90/><G128/><T71/><D72/><U29/><E110/><V53/><F76/><W78/><G111/><T36/><D36/><U9/><E38/><V43/><F37/><W34/><G78/><T57/><D71/><U39/><E39/><V99/><F99/><W49/><G27/><AGARI ba="2,0" hai="3,5,11,17,21,27,40,42,43,53,55" m="47659" machi="27" ten="30,1000,0" yaku="18,1" doraHai="82" who="2" fromWho="3" sc="240,0,260,0,260,16,240,-16" /><INIT seed="2,0,0,5,1,99" ten="240,260,276,224" oya="2" hai0="44,56,84,117,93,9,42,68,73,25,64,31,43" hai1="127,27,85,111,110,109,79,134,34,124,76,128,75" hai2="11,103,74,116,100,131,2,65,125,52,20,41,58" hai3="86,24,48,10,49,4,70,71,104,115,45,98,66"/><V88/><F116/><W60/><G115/><T105/><D105/><U57/><E134/><V106/><F74/><W32/><G71/><T54/><D73/><U107/><E128/><V59/><F131/><W78/><G86/><T35/><D117/><U63/><E75/><V39/><F39/><W95/><G78/><T122/><D122/><U50/><E107/><V28/><F41/><W101/><G95/><T92/><D9/><U77/><E50/><N who="2" m="30999" /><F2/><W30/><G45/><T51/><D84/><U69/><E69/><V114/><F11/><W67/><G67/><T40/><REACH who="0" step="1"/><D68/><REACH who="0" ten="230,260,276,224" step="2"/><U5/><E85/><V1/><F106/><W7/><REACH who="3" step="1"/><G7/><REACH who="3" ten="230,260,276,214" step="2"/><T8/><D8/><U15/><E5/><V81/><F114/><W21/><G21/><T6/><D6/><U16/><E110/><V72/><F20/><W38/><G38/><T47/><D47/><U123/><E111/><V120/><F72/><W62/><G62/><AGARI ba="0,2" hai="25,31,35,40,42,43,44,51,54,56,62,64,92,93" machi="62" ten="40,5200,0" yaku="1,1,53,2" doraHai="99" doraHaiUra="90" who="0" fromWho="3" sc="230,72,260,0,276,0,214,-52" /><INIT seed="3,0,0,3,2,80" ten="302,260,276,162" oya="3" hai0="23,113,129,65,10,37,8,48,60,108,0,38,13" hai1="16,79,26,81,29,95,43,98,64,54,53,111,69" hai2="7,85,78,88,114,24,17,52,61,123,125,4,92" hai3="131,82,100,84,68,87,25,56,44,9,15,132,93"/><W30/><G132/><T34/><D129/><U134/><E111/><V99/><F114/><W18/><G131/><T45/><D108/><U42/><E134/><V104/><F125/><W135/><G68/><T118/><D34/><U107/><E107/><V39/><F39/><W77/><G135/><T31/><D118/><U63/><E43/><V62/><F123/><W1/><G1/><T126/><D126/><U71/><E71/><V91/><F78/><W83/><G56/><T57/><D113/><U2/><E42/><V36/><F36/><W50/><G93/><T35/><D35/><U128/><E2/><V94/><F104/><W19/><G100/><T59/><D59/><U33/><E128/><V40/><F40/><N who="3" m="24839" /><G30/><T51/><D51/><U46/><E46/><V86/><F99/><W103/><G103/><T116/><D116/><U102/><REACH who="1" step="1"/><E16/><REACH who="1" ten="302,250,276,162" step="2"/><N who="3" m="6186" /><G25/><T110/><D38/><U21/><E21/><N who="2" m="13359" /><F52/><W109/><G109/><T70/><D37/><U55/><E55/><V105/><F105/><W90/><G9/><T22/><D110/><U133/><E133/><V115/><F115/><W32/><G32/><T66/><D70/><U47/><E47/><V72/><F72/><AGARI ba="0,1" hai="26,29,33,53,54,63,64,69,72,79,81,95,98,102" machi="72" ten="30,3900,0" yaku="1,1,7,1,53,1" doraHai="80" doraHaiUra="96" who="1" fromWho="2" sc="302,0,250,49,276,-39,162,0" owari="302,40.2,299,9.9,237,-16.3,162,-33.8" /></mjloggm>