<mjloggm ver="2.3"><GO type="225" lobby="0"/><UN n0="%E6%A1%9C%E8%8A%B1%E9%96%83%E3%80%85" n1="%73%6C%69%63%6B%33%31%39" n2="%E3%83%A9%E3%83%BC%E3%83%A1%E3%83%B3%E4%BA%94%E9%83%8E" n3="%E7%9C%9F%E4%B8%80" dan="18,16,16,17" rate="2204.09,2190.08,2068.06,2219.51" sx="M,M,M,M"/><TAIKYOKU oya="0"/><INIT seed="0,0,0,0,2,58" ten="250,250,250,250" oya="0" hai0="78,23,97,121,31,62,9,22,56,101,4,76,128" hai1="17,102,37,106,50,29,27,46,111,127,32,7,52" hai2="92,94,20,87,130,115,90,14,85,53,108,120,104" hai3="83,123,124,129,57,67,45,63,80,24,25,54,18"/><T75/><D121/><U11/><E111/><V47/><F120/><W28/><G129/><T1/><D128/><U125/><E37/><V116/><F130/><W2/><G2/><T99/><D99/><U15/><E102/><V13/><F115/><W98/><G124/><T117/><D117/><U66/><E106/><V5/><F108/><W114/><G114/><T10/><D10/><U0/><REACH who="1" step="1"/><E66/><REACH who="1" ten="250,240,250,250" step="2"/><V93/><F104/><W44/><G123/><T103/><D103/><U105/><E105/><V109/><F109/><W41/><G67/><N who="0" m="39367" /><D75/><U40/><E40/><V132/><F116/><W91/><G41/><T69/><D69/><U16/><E16/><V119/><F119/><W43/><G18/><T55/><D55/><U70/><E70/><V26/><F53/><W110/><G110/><T86/><D86/><U49/><E49/><V36/><F85/><W112/><G112/><T19/><D19/><U113/><E113/><V73/><F73/><W95/><G45/><T64/><D64/><U81/><E81/><V122/><F122/><W48/><REACH who="3" step="1"/><G25/><REACH who="3" ten="250,240,250,240" step="2"/><T65/><D65/><U42/><E42/><V68/><F47/><W89/><G89/><T35/><D101/><U131/><E131/><V107/><F90/><W38/><G38/><T3/><D76/><U12/><E12/><V21/><F13/><W118/><G118/><T88/><D78/><U82/><E82/><V33/><F36/><W77/><G77/><T135/><D1/><U51/><E51/><V6/><F14/><W34/><AGARI ba="0,2" hai="24,28,34,43,44,48,54,57,63,80,83,91,95,98" machi="34" ten="20,5200,0" yaku="1,1,0,1,7,1,52,1,53,0" doraHai="58" doraHaiUra="133" who="3" fromWho="3" sc="250,-26,240,-13,250,-13,240,72" /><INIT seed="1,0,0,0,3,127" ten="224,227,237,312" oya="1" hai0="6,50,97,109,42,87,27,91,36,95,134,18,24" hai1="63,65,51,12,73,78,85,104,70,8,23,53,4" hai2="110,121,80,69,45,31,13,122,100,39,25,46,130" hai3="83,106,30,47,84,15,58,9,1,75,119,20,94"/><U124/><E104/><V40/><F69/><W135/><G106/><T7/><D36/><U92/><E124/><V98/><F110/><W103/><G135/><T32/><D109/><U105/><E105/><V57/><F57/><W108/><G108/><T37/><D37/><U0/><E73/><V61/><F61/><W111/><G111/><T29/><D134/><U88/><E78/><V129/><F13/><W38/><G119/><T34/><D97/><U62/><E62/><V115/><F46/><W64/><G1/><T66/><D66/><U131/><E131/><N who="2" m="50187" /><F80/><W43/><G83/><T5/><D5/><U86/><E23/><N who="2" m="15807" /><F115/><W77/><G15/><T71/><D71/><U96/><E0/><V55/><F55/><W90/><G47/><AGARI ba="0,0" hai="4,8,12,47,51,53,63,65,70,85,86,88,92,96" machi="47" ten="30,2900,0" yaku="7,1,54,1" doraHai="127" who="1" fromWho="3" sc="224,0,227,29,237,0,312,-29" /><INIT seed="1,1,0,5,2,85" ten="224,256,237,283" oya="1" hai0="100,46,130,110,57,125,79,45,86,88,82,91,103" hai1="3,76,121,41,87,114,9,8,105,13,96,42,84" hai2="127,111,36,52,113,81,83,20,31,34,134,132,120" hai3="61,108,72,21,68,135,93,43,101,28,10,7,12"/><U15/><E114/><V116/><F116/><W74/><G108/><T2/><D110/><U32/><E32/><V58/><F111/><W5/><G135/><T122/><D125/><U117/><E117/><V97/><F120/><W62/><G7/><T51/><D2/><U39/><E121/><V1/><F1/><W50/><G74/><T80/><D122/><U98/><E3/><V19/><F36/><W60/><G72/><T70/><D70/><U38/><REACH who="1" step="1"/><E76/><REACH who="1" ten="224,246,237,283" step="2"/><V94/><F113/><W30/><G68/><T106/><D130/><U69/><E69/><V47/><F34/><W71/><G71/><T6/><D79/><U48/><E48/><V109/><F109/><W23/><G50/><T123/><D123/><U90/><E90/><V112/><F112/><W129/><G129/><T102/><D106/><AGARI ba="1,1" hai="8,9,13,15,38,39,41,42,84,87,96,98,105,106" machi="106" ten="25,4800,0" yaku="1,1,22,2,53,0" doraHai="85" doraHaiUra="131" who="1" fromWho="0" sc="224,-51,246,61,237,0,283,0" /><INIT seed="1,2,0,3,3,104" ten="173,307,237,283" oya="1" hai0="132,96,114,134,98,43,88,35,3,59,90,58,19" hai1="36,115,83,28,0,75,109,130,26,61,13,4,123" hai2="110,77,22,54,18,15,116,67,29,60,50,126,113" hai3="122,74,14,30,133,1,95,57,10,32,68,105,62"/><U63/><E115/><V34/><F116/><W82/><G105/><T69/><D69/><U44/><E123/><V99/><F113/><W86/><G122/><T101/><D114/><U97/><E130/><V84/><F110/><W9/><G68/><T25/><D3/><U128/><E128/><V120/><F120/><W64/><G133/><N who="0" m="51307" /><D43/><N who="1" m="22631" /><E13/><V5/><F126/><W33/><G1/><T70/><D70/><U23/><E97/><N who="0" m="37481" /><D101/><U81/><E81/><V118/><F118/><W12/><G95/><T85/><D19/><U2/><E2/><V76/><F5/><W45/><G30/><N who="0" m="19919" /><D90/><U103/><E103/><V38/><F29/><W73/><G33/><T51/><D51/><U87/><E109/><V102/><F34/><W119/><G32/><T20/><D20/><U106/><E106/><V66/><F50/><W127/><G119/><T72/><D72/><U125/><E87/><V91/><F84/><W49/><G127/><T16/><D16/><U39/><E39/><V112/><F38/><W56/><G14/><T55/><D55/><U11/><E125/><V17/><F112/><W42/><G9/><T117/><D117/><U48/><E48/><V135/><F135/><W52/><G12/><T124/><D124/><U107/><E107/><N who="2" m="63967" /><F91/><W27/><G10/><T31/><D31/><U71/><E71/><V8/><F54/><W40/><G27/><T92/><AGARI ba="2,0" hai="58,59,85,88,92" m="19919,37481,51307" machi="92" ten="30,2000,0" yaku="20,1,54,1" doraHai="104" who="0" fromWho="0" sc="173,26,307,-12,237,-7,283,-7" /><INIT seed="2,0,0,1,3,81" ten="199,295,230,276" oya="2" hai0="57,46,58,28,119,87,52,92,94,90,110,122,71" hai1="62,31,109,30,133,74,125,29,106,66,131,121,104" hai2="34,99,40,51,6,10,9,98,86,127,1,61,91" hai3="96,3,70,5,54,48,0,79,53,41,12,32,64"/><V38/><F38/><W78/><G32/><T75/><D122/><U25/><E74/><V21/><F34/><W105/><G70/><T100/><D71/><U76/><E76/><V19/><F127/><W2/><G64/><T33/><D75/><U39/><E39/><V97/><F61/><W50/><G41/><T129/><D110/><U18/><E109/><V89/><F89/><W7/><G105/><T120/><D120/><U112/><E112/><V59/><F6/><W101/><G12/><T126/><D126/><U77/><E77/><V45/><F59/><W102/><G0/><T13/><D129/><U95/><E125/><V15/><REACH who="2" step="1"/><F1/><REACH who="2" ten="199,295,220,276" step="2"/><W113/><REACH who="3" step="1"/><G96/><REACH who="3" ten="199,295,220,266" step="2"/><T107/><D33/><U49/><E121/><V118/><F118/><W22/><G22/><T117/><D119/><U123/><E123/><V111/><F111/><W93/><G93/><AGARI ba="0,2" hai="9,10,15,19,21,40,45,51,86,91,93,97,98,99" machi="93" ten="40,12000,1" yaku="1,1,8,1,52,1,53,1" doraHai="81" doraHaiUra="83" who="2" fromWho="3" sc="199,0,295,0,220,140,266,-120" /><INIT seed="2,1,0,1,2,68" ten="199,295,360,146" oya="2" hai0="114,133,19,2,69,123,103,23,36,55,57,5,75" hai1="44,25,89,17,128,43,14,26,88,120,84,8,45" hai2="9,95,4,115,101,40,93,80,113,96,127,78,108" hai3="3,15,42,39,18,129,111,67,60,83,48,65,72"/><V33/><F33/><W102/><G111/><T53/><D114/><U10/><E128/><V110/><F40/><W97/><G129/><T125/><D69/><U12/><E120/><V6/><F6/><W74/><G3/><T70/><D70/><U81/><E89/><V61/><F61/><W87/><G48/><T112/><D112/><U109/><E109/><N who="2" m="42091" /><F95/><W47/><G67/><T82/><D55/><U49/><REACH who="1" step="1"/><E44/><REACH who="1" ten="199,285,360,146" step="2"/><V131/><F131/><W13/><G83/><T94/><D82/><U51/><E51/><V46/><F46/><W29/><G87/><T100/><D123/><U105/><E105/><V16/><F113/><W34/><G34/><T126/><D103/><U92/><E92/><V116/><F115/><W117/><G117/><T121/><D94/><U71/><E71/><V107/><F116/><W77/><G77/><T63/><D100/><U28/><E28/><V90/><F107/><W73/><G29/><T106/><D106/><U31/><E31/><V27/><F90/><W124/><G124/><T59/><D121/><U118/><E118/><V21/><F127/><W64/><G102/><T20/><D126/><U91/><E91/><V0/><F80/><W52/><G97/><T76/><D125/><U37/><E37/><V54/><F78/><W135/><G135/><T134/><D36/><U66/><E66/><N who="3" m="25706" /><G18/><AGARI ba="1,1" hai="8,10,12,14,17,18,25,26,43,45,49,81,84,88" machi="18" ten="30,8000,1" yaku="1,1,7,1,9,1,8,1,54,1,53,0" doraHai="68" doraHaiUra="122" who="1" fromWho="3" sc="199,0,285,93,360,0,146,-83" /><INIT seed="3,0,0,1,0,134" ten="199,378,360,63" oya="3" hai0="23,25,80,110,108,84,20,6,88,56,101,90,58" hai1="131,52,116,32,37,22,100,123,111,11,79,55,115" hai2="8,64,26,68,12,78,65,94,1,21,132,19,121" hai3="82,62,28,73,30,104,9,113,120,57,133,3,99"/><W66/><G113/><T0/><D101/><U95/><E32/><V114/><F114/><W35/><G120/><T112/><D112/><U75/><E37/><V33/><F132/><W27/><G133/><T87/><D6/><U97/><E115/><V2/><F121/><W15/><G3/><T70/><D70/><U103/><E123/><V59/><F68/><W40/><G40/><T124/><D0/><U53/><E111/><N who="0" m="42537" /><D124/><U41/><E11/><V74/><F33/><W77/><G30/><N who="0" m="17703" /><D23/><U48/><E22/><V49/><F1/><W42/><G42/><T125/><D125/><U4/><E4/><V13/><F2/><W61/><G61/><T60/><D60/><U7/><E7/><V69/><F69/><W89/><G104/><T44/><D44/><U71/><E71/><V128/><F128/><W46/><G46/><T47/><D47/><N who="1" m="25711" /><E116/><V36/><F36/><W122/><G122/><T72/><D72/><U109/><E75/><V50/><F74/><W85/><G99/><T24/><D24/><U93/><E109/><V51/><F78/><W130/><G130/><T127/><D127/><U105/><E131/><V135/><F135/><W54/><G66/><N who="2" m="25705" /><F94/><AGARI ba="0,0" hai="56,58,80,84,87,88,90,94" m="17703,42537" machi="94" ten="30,2000,0" yaku="14,1,54,1" doraHai="134" who="0" fromWho="2" sc="199,20,378,0,360,-20,63,0" owari="219,-18.1,378,47.8,340,14.0,63,-43.7" /></mjloggm>