<mjloggm ver="2.3"><GO type="225" lobby="0"/><UN n0="%73%69%72%6F%75%74" n1="%72%69%6F%75%63%68%61%6E" n2="%E3%83%AC%E3%82%A4%E3%83%88%E3%83%B3%E5%87%86%E6%95%99%E6%8E%88" n3="%E3%81%B2%E3%81%AA%E3%81%AE%E3%82%8A%E3%81%8F" dan="16,17,18,17" rate="2115.02,2235.11,2209.46,2178.99" sx="M,M,M,M"/><TAIKYOKU oya="0"/><INIT seed="0,0,0,1,4,39" ten="250,250,250,250" oya="0" hai0="42,103,79,114,109,51,28,135,88,100,21,108,71" hai1="4,13,40,87,89,43,126,82,11,8,6,1,2" hai2="62,128,34,5,99,48,111,122,63,85,115,65,59" hai3="31,86,52,75,61,104,33,15,14,123,54,50,41"/><T124/><D71/><U95/><E126/><V44/><F115/><W119/><G75/><T49/><D114/><U96/><E13/><V56/><F122/><W110/><G119/><T22/><D79/><AGARI ba="0,0" hai="1,2,4,6,8,11,40,43,79,82,87,89,95,96" machi="79" ten="30,7700,0" yaku="7,1,9,1,52,2" doraHai="39" who="1" fromWho="0" sc="250,-77,250,77,250,0,250,0" /><INIT seed="1,0,0,0,2,7" ten="173,327,250,250" oya="1" hai0="30,101,133,121,0,16,52,57,93,38,55,97,117" hai1="46,96,54,105,122,75,61,22,118,111,92,51,2" hai2="12,127,35,15,10,67,42,47,81,36,69,91,99" hai3="26,18,86,65,114,72,129,90,83,134,103,107,120"/><U39/><E118/><V19/><F127/><W3/><G120/><T66/><D38/><U24/><E122/><V79/><F35/><W124/><G114/><T94/><D121/><U119/><E119/><V76/><F69/><W41/><G129/><T14/><D0/><U13/><E2/><V102/><F67/><W34/><G41/><T21/><D117/><U1/><E1/><V123/><F123/><W58/><G3/><T71/><D133/><U106/><E75/><V6/><F91/><W32/><G124/><T109/><D109/><U8/><E39/><V73/><F79/><N who="3" m="44519" /><G58/><T40/><D40/><U84/><E111/><V9/><F99/><N who="3" m="61951" /><G65/><T80/><D80/><U5/><E84/><V53/><F53/><W33/><G18/><T56/><D93/><U88/><REACH who="1" step="1"/><E61/><REACH who="1" ten="173,317,250,250" step="2"/><V110/><F110/><W87/><G86/><T31/><D71/><U44/><E44/><V74/><F74/><W20/><G87/><T100/><D100/><U50/><E50/><V85/><F73/><W27/><G134/><T17/><D66/><U49/><E49/><N who="2" m="26871" /><F102/><W28/><G34/><T131/><D131/><U43/><E43/><V77/><F36/><W59/><G33/><T115/><D115/><U64/><E64/><V126/><F126/><W4/><G32/><T135/><D135/><U108/><E108/><V130/><F76/><W116/><G116/><T45/><D45/><U89/><E89/><V70/><F130/><W37/><G90/><T128/><D128/><U68/><E68/><V98/><F70/><W11/><G37/><T95/><D101/><U132/><E132/><RYUUKYOKU ba="0,1" sc="173,-15,317,15,250,15,250,-15" hai1="5,8,13,22,24,46,51,54,88,92,96,105,106" hai2="6,9,10,12,15,19,77,81,85,98" /><INIT seed="1,1,1,0,0,59" ten="158,332,265,235" oya="1" hai0="16,93,60,53,123,117,127,21,62,6,7,19,22" hai1="57,131,98,135,124,29,126,87,106,37,30,32,129" hai2="45,36,89,18,88,64,17,50,71,65,12,107,99" hai3="95,34,38,10,3,80,4,130,90,35,39,114,72"/><U113/><E113/><V108/><F36/><W46/><G114/><T33/><D127/><N who="1" m="48683" /><E37/><V31/><F108/><W96/><G130/><N who="1" m="49674" /><E32/><V109/><F31/><N who="1" m="11785" /><E87/><V49/><F109/><W42/><G39/><T13/><D123/><U74/><E74/><V115/><F115/><W68/><G68/><T23/><D117/><U76/><E76/><AGARI ba="1,1" hai="3,4,10,34,35,38,42,46,72,76,80,90,95,96" machi="76" ten="40,2600,0" yaku="25,2" doraHai="59" who="3" fromWho="1" sc="158,0,332,-29,265,0,235,39" /><INIT seed="2,0,0,0,1,73" ten="158,303,265,274" oya="2" hai0="55,79,99,100,125,8,41,48,37,51,134,19,13" hai1="68,71,128,122,18,102,15,129,133,20,45,106,77" hai2="87,81,66,61,90,72,42,107,117,32,104,43,131" hai3="80,3,57,28,65,16,62,84,56,127,96,9,110"/><V119/><F131/><N who="1" m="50249" /><E133/><V74/><F32/><W120/><G120/><T31/><D125/><U78/><E122/><V126/><F126/><W103/><G110/><T101/><D37/><U27/><E45/><V93/><F42/><W75/><G75/><T5/><D134/><U83/><E83/><V60/><F43/><W58/><G28/><T64/><D64/><U89/><E89/><V24/><F24/><W39/><G39/><T124/><D31/><N who="1" m="17895" /><E102/><V33/><F74/><W86/><G127/><T132/><D132/><U25/><E25/><V50/><F66/><W109/><G109/><T35/><D124/><U135/><E106/><V52/><F107/><W94/><G86/><T2/><D35/><U59/><E59/><V113/><F104/><W10/><G10/><T98/><D41/><U123/><E123/><V29/><F113/><W116/><G116/><T30/><D30/><U97/><E97/><V12/><F29/><W38/><G38/><T114/><D114/><U92/><E92/><V63/><F33/><W121/><G121/><T4/><D99/><U69/><E135/><V130/><F130/><W47/><G47/><T1/><D98/><U112/><E112/><V105/><F105/><W34/><G34/><T82/><D100/><U23/><AGARI ba="0,0" hai="15,18,23,68,69,71,77,78" m="17895,50249" machi="23" ten="40,5200,0" yaku="19,1,52,2" doraHai="73" who="1" fromWho="1" sc="158,-13,303,52,265,-26,274,-13" /><INIT seed="3,0,0,5,5,98" ten="145,355,239,261" oya="3" hai0="16,9,101,0,71,64,94,7,37,39,1,97,47" hai1="108,28,78,129,66,62,36,113,83,24,93,86,10" hai2="89,11,126,87,90,68,70,95,114,117,91,100,118" hai3="27,8,5,51,128,4,73,116,18,38,75,52,92"/><W58/><G116/><T46/><D0/><U6/><E108/><V2/><F114/><W60/><G38/><T25/><D39/><U49/><E113/><V133/><F133/><W76/><G128/><T99/><D37/><U104/><E104/><V107/><F126/><W96/><G76/><T26/><D71/><U72/><E36/><V41/><F41/><W50/><G73/><T19/><D64/><U122/><E129/><V55/><F70/><W105/><G105/><T131/><D131/><U127/><E127/><V119/><F68/><W54/><G75/><T135/><D135/><U53/><E122/><V32/><F32/><W30/><G18/><T3/><D7/><U77/><E93/><V106/><F55/><W23/><G60/><T125/><D125/><U110/><E110/><V31/><F31/><W74/><G74/><T103/><D94/><U69/><E72/><V124/><F124/><W84/><G84/><T81/><D9/><U14/><E78/><V44/><F107/><W13/><G4/><T48/><D48/><N who="3" m="18473" /><G58/><T17/><D17/><U21/><E49/><V80/><F44/><W63/><G63/><T112/><D81/><U12/><E53/><V20/><F106/><W43/><G43/><T42/><D42/><U85/><E86/><V111/><F111/><W22/><G22/><T40/><D40/><U109/><E109/><V35/><F20/><W102/><AGARI ba="0,0" hai="5,8,13,23,27,30,52,54,92,96,102" m="18473" machi="102" ten="30,6000,0" yaku="8,1,52,1,54,1" doraHai="98" who="3" fromWho="3" sc="145,-20,355,-20,239,-20,261,60" /><INIT seed="3,1,0,4,0,53" ten="125,335,219,321" oya="3" hai0="95,5,40,62,111,55,78,103,22,120,31,128,42" hai1="93,99,114,65,51,38,16,29,83,34,52,97,80" hai2="131,115,45,126,70,61,24,64,50,82,88,100,91" hai3="87,119,73,86,28,106,110,57,101,36,23,13,81"/><W85/><G119/><T48/><D111/><U15/><E114/><V134/><F115/><W59/><G36/><T63/><D128/><U98/><E38/><V35/><F131/><W4/><G110/><T108/><D120/><U113/><E113/><V1/><F1/><W18/><G4/><T58/><D108/><U75/><E65/><V123/><F134/><W3/><G3/><T0/><D78/><U33/><E29/><V43/><F126/><W69/><G69/><T47/><D0/><U117/><E117/><V66/><F66/><W17/><G28/><T94/><D5/><U21/><E93/><V116/><F116/><W14/><G101/><T129/><D129/><U127/><E127/><V96/><F123/><W118/><G106/><T68/><D68/><U54/><E54/><V26/><F82/><W7/><G7/><T27/><D94/><U30/><E30/><N who="2" m="19911" /><F26/><W39/><G39/><T12/><D12/><U109/><E109/><V77/><F77/><N who="3" m="46255" /><G73/><T6/><D6/><U19/><E75/><V11/><F11/><N who="3" m="6335" /><G118/><T92/><D92/><U102/><E102/><V10/><F10/><W135/><G135/><T67/><D62/><U32/><REACH who="1" step="1"/><E19/><REACH who="1" ten="125,325,219,321" step="2"/><V60/><F60/><W46/><G46/><AGARI ba="1,1" hai="15,16,21,32,33,34,46,51,52,80,83,97,98,99" machi="46" ten="50,8000,1" yaku="1,1,2,1,54,2,53,0" doraHai="53" doraHaiUra="84" who="1" fromWho="3" sc="125,0,325,93,219,0,321,-83" owari="125,-37.5,418,51.8,219,-18.1,238,3.8" /></mjloggm>