<mjloggm ver="2.3"><GO type="225" lobby="0"/><UN n0="%73%6C%69%63%6B%33%31%39" n1="%E8%81%B7%E6%A5%AD%E3%80%81%E9%A2%A8%32" n2="%E9%89%A2%E5%B7%BB%E3%82%AC%E3%83%96" n3="%72%69%6F%75%63%68%61%6E" dan="16,16,16,17" rate="2198.98,2133.62,2136.46,2224.19" sx="M,M,M,M"/><TAIKYOKU oya="0"/><INIT seed="0,0,0,3,1,127" ten="250,250,250,250" oya="0" hai0="56,25,86,91,103,122,19,42,114,45,99,54,67" hai1="4,106,39,120,66,102,31,70,3,130,125,52,49" hai2="29,76,74,111,6,135,124,48,68,12,116,107,95" hai3="53,20,65,90,88,9,23,44,110,117,22,63,2"/><T132/><D114/><U11/><E120/><V35/><F95/><W69/><G110/><T24/><D122/><U36/><E125/><V81/><F48/><W128/><G128/><T73/><D73/><U121/><E130/><V108/><F124/><W97/><G117/><T34/><D132/><U17/><E121/><V26/><F116/><W50/><REACH who="3" step="1"/><G97/><REACH who="3" ten="250,250,250,240" step="2"/><T109/><D109/><U7/><E39/><V126/><F126/><W28/><G28/><T15/><D99/><U16/><E36/><V72/><F111/><W119/><G119/><T1/><D103/><U0/><E31/><V100/><F108/><W113/><G113/><T77/><D77/><U105/><E102/><V38/><F100/><W87/><G87/><T129/><D91/><U61/><E105/><V5/><F107/><W46/><G46/><T96/><D86/><U47/><E106/><V85/><F38/><W115/><G115/><T83/><D96/><U78/><E78/><V101/><F101/><W33/><G33/><T134/><D129/><U8/><AGARI ba="0,1" hai="0,3,4,7,8,11,16,17,47,49,52,61,66,70" machi="8" ten="30,7900,0" yaku="0,1,9,1,54,2" doraHai="127" who="1" fromWho="1" sc="250,-39,250,89,250,-20,240,-20" /><INIT seed="1,0,0,0,5,30" ten="211,339,230,220" oya="1" hai0="50,18,80,68,5,61,89,110,100,106,24,114,131" hai1="69,19,73,72,119,8,56,32,112,13,66,88,31" hai2="35,70,54,47,53,99,52,11,124,67,117,43,103" hai3="4,17,79,23,78,48,37,96,28,76,12,133,111"/><U134/><E112/><V7/><F124/><W44/><G111/><T25/><D114/><U22/><E119/><V91/><F117/><W34/><G133/><T10/><D110/><U113/><E113/><V45/><F70/><W101/><G37/><T6/><D106/><U49/><E134/><V9/><F67/><W130/><G130/><T46/><D100/><U125/><E69/><V90/><F35/><W41/><G4/><N who="0" m="1643" /><D61/><U2/><E125/><V42/><F103/><W115/><G115/><T81/><D68/><U77/><E77/><V135/><F135/><W82/><G28/><T38/><D38/><U95/><E2/><V94/><F91/><W126/><G126/><T122/><D131/><U118/><E8/><V71/><F71/><W86/><REACH who="3" step="1"/><G34/><REACH who="3" ten="211,339,230,210" step="2"/><T83/><D122/><U105/><E32/><V107/><F107/><AGARI ba="0,1" hai="12,17,23,41,44,48,76,78,79,82,86,96,101,107" machi="107" ten="30,12000,2" yaku="1,1,2,1,7,1,53,3" doraHai="30" doraHaiUra="75" who="3" fromWho="2" sc="211,0,339,0,230,-120,210,130" /><INIT seed="2,0,0,3,1,131" ten="211,339,110,340" oya="2" hai0="20,118,8,18,91,58,50,42,45,129,17,68,115" hai1="119,88,53,97,75,121,102,86,43,23,6,96,111" hai2="130,116,33,135,34,22,64,83,101,30,29,39,46" hai3="31,94,66,133,79,74,19,117,59,36,26,62,69"/><V52/><F116/><W77/><G133/><T124/><D68/><U1/><E111/><V80/><F130/><W114/><G117/><T15/><D118/><U28/><E121/><V27/><F135/><W82/><G114/><T85/><D129/><U5/><E75/><V40/><F64/><W128/><G128/><T103/><D124/><U112/><E112/><V108/><F108/><W48/><G36/><T44/><D103/><U73/><E73/><V65/><F65/><W87/><G19/><T104/><D104/><U9/><E6/><V25/><F101/><W24/><G94/><T32/><D32/><U0/><E0/><V109/><F109/><W107/><G107/><T120/><D120/><U38/><E102/><V49/><REACH who="2" step="1"/><F22/><REACH who="2" ten="211,339,100,340" step="2"/><W93/><G66/><T70/><D115/><U14/><E23/><V54/><F54/><W41/><G69/><T84/><D70/><U37/><E53/><V132/><F132/><W113/><G113/><T2/><D42/><U57/><E43/><V21/><F21/><W55/><G41/><T47/><D20/><U125/><E119/><V100/><F100/><W126/><G55/><T122/><D122/><U16/><E125/><V7/><F7/><W81/><G126/><T71/><D71/><U123/><E123/><V89/><F89/><W4/><G4/><T92/><D91/><U61/><E88/><V106/><F106/><W63/><G24/><T13/><D18/><U134/><E134/><V10/><F10/><W76/><G26/><T98/><D17/><U72/><E16/><V95/><F95/><W90/><G93/><RYUUKYOKU ba="0,1" sc="211,-10,339,-10,100,30,340,-10" hai2="25,27,29,30,33,34,39,40,46,49,52,80,83" /><INIT seed="2,1,1,5,5,100" ten="201,329,130,330" oya="2" hai0="11,111,80,135,77,64,45,5,98,81,85,93,31" hai1="109,117,78,71,15,124,43,21,30,34,59,92,125" hai2="40,22,116,29,12,110,70,38,129,74,119,25,39" hai3="66,103,13,102,101,36,33,35,97,32,96,26,56"/><V133/><F74/><W55/><G36/><T3/><D111/><U8/><E109/><V82/><F110/><W24/><G66/><T84/><D135/><U37/><E71/><V132/><F70/><W49/><REACH who="3" step="1"/><G13/><REACH who="3" ten="201,329,130,320" step="2"/><T23/><D64/><U79/><E15/><V122/><F122/><W14/><G14/><T114/><D114/><U65/><E37/><V113/><F113/><W27/><AGARI ba="1,2" hai="24,26,27,32,33,35,49,55,56,96,97,101,102,103" machi="27" ten="40,8000,1" yaku="1,1,0,1,29,2,53,0" doraHai="100" doraHaiUra="57" who="3" fromWho="3" sc="201,-21,329,-21,130,-41,320,103" /><INIT seed="3,0,0,0,1,116" ten="180,308,89,423" oya="3" hai0="60,103,41,61,10,74,15,4,21,13,125,82,40" hai1="130,92,7,124,48,42,83,73,45,16,23,27,69" hai2="6,134,75,87,28,123,66,19,1,89,2,72,26" hai3="132,56,119,65,32,84,78,129,109,44,49,122,71"/><W107/><G122/><T88/><D125/><U128/><E69/><V12/><F134/><W30/><G119/><T95/><D103/><U38/><E124/><V14/><F66/><W55/><G107/><T46/><D74/><U104/><E104/><V11/><F12/><W100/><G100/><T9/><D82/><U70/><E70/><V110/><F1/><W115/><G115/><T99/><D21/><U35/><E7/><V36/><F36/><W20/><G129/><T98/><D98/><U133/><E92/><V54/><F54/><W31/><G32/><T121/><D121/><U85/><E73/><V93/><F110/><W5/><G132/><T52/><D52/><U33/><E38/><V108/><F108/><W86/><G109/><T29/><D29/><N who="3" m="10761" /><G71/><T135/><D135/><U24/><E24/><V105/><F105/><W39/><G39/><T67/><D46/><U101/><E101/><V0/><F0/><W3/><G3/><T34/><D34/><U127/><E127/><V25/><F25/><W79/><G5/><N who="0" m="3247" /><D67/><U77/><E133/><V94/><F94/><W90/><G20/><T80/><D80/><U114/><E114/><V91/><F91/><W22/><G22/><T97/><D97/><U106/><REACH who="1" step="1"/><E106/><REACH who="1" ten="180,298,89,423" step="2"/><V62/><F123/><W76/><G90/><T8/><D4/><U63/><E63/><AGARI ba="0,1" hai="44,49,55,56,63,65,76,78,79,84,86" m="10761" machi="63" ten="30,1500,0" yaku="8,1" doraHai="116" who="3" fromWho="1" sc="180,0,298,-15,89,0,423,25" owari="180,-22.0,283,8.3,89,-41.1,448,54.8" /></mjloggm>