<mjloggm ver="2.3"><GO type="225" lobby="0"/><UN n0="%E3%81%AF%E3%82%88%E3%81%8A%E3%81%98%E3%81%95%E3%82%93" n1="%E3%83%B4%E3%82%A3%E3%83%AF%E3%82%B3%E3%82%B0%E3%83%8B" n2="%E3%81%B5%E3%81%98%E3%81%8B%E3%81%A4" n3="%E5%A4%9C%E3%81%AE%E3%82%AC%E3%82%B9%E3%83%91%E3%83%BC%E3%83%AB" dan="17,16,16,16" rate="2191.04,2159.86,2193.87,2133.12" sx="M,M,M,M"/><TAIKYOKU oya="0"/><INIT seed="0,0,0,0,5,10" ten="250,250,250,250" oya="0" hai0="28,59,34,76,105,83,1,108,18,68,30,48,75" hai1="23,53,95,38,107,115,89,67,49,96,61,15,55" hai2="85,131,121,35,64,2,70,92,118,17,5,125,37" hai3="91,73,41,112,77,100,4,81,134,101,14,80,62"/><T50/><D68/><U31/><E38/><V40/><F121/><W19/><G112/><T116/><D116/><U56/><E115/><V82/><F118/><W122/><G4/><T98/><D1/><U99/><E107/><V104/><F35/><W126/><G122/><T128/><D128/><U65/><E96/><V124/><F104/><W93/><G126/><T60/><D108/><U86/><E99/><V26/><F92/><W3/><G3/><T114/><D114/><U69/><E31/><V21/><F131/><W72/><G134/><T58/><D18/><N who="1" m="10719" /><E69/><V24/><F2/><W113/><G113/><T97/><D97/><U123/><E123/><V117/><F5/><W130/><G130/><T102/><D34/><U106/><E106/><V42/><F117/><W51/><G62/><T20/><D59/><AGARI ba="0,0" hai="49,53,55,56,59,61,65,67,86,89,95" m="10719" machi="59" ten="30,3900,0" yaku="25,1,8,1,52,1" doraHai="10" who="1" fromWho="0" sc="250,-39,250,39,250,0,250,0" /><INIT seed="1,0,0,2,0,42" ten="211,289,250,250" oya="1" hai0="21,96,34,3,2,122,47,5,94,62,57,117,17" hai1="36,75,93,102,41,27,80,60,45,26,99,127,129" hai2="15,120,107,71,91,25,50,53,95,79,77,10,134" hai3="49,98,81,8,16,73,29,66,119,74,126,46,132"/><U0/><E127/><V61/><F134/><W33/><G132/><T97/><D117/><U12/><E129/><V133/><F107/><W56/><G126/><T105/><D34/><U7/><E12/><V22/><F120/><W86/><G119/><T23/><D122/><U123/><E60/><V90/><F90/><N who="3" m="51535" /><G98/><T76/><D76/><N who="1" m="44063" /><E123/><V51/><F51/><W55/><G29/><T59/><D105/><U52/><E52/><V35/><F35/><W128/><G128/><T11/><D2/><U58/><E58/><V83/><F71/><W109/><G109/><T69/><D96/><U67/><E67/><V113/><F61/><N who="3" m="38183" /><G33/><T1/><D3/><U63/><E63/><V28/><F83/><W20/><G20/><T131/><D131/><U89/><E102/><V78/><F113/><W101/><G101/><T125/><D125/><U111/><E111/><V108/><F108/><W116/><G116/><T130/><D130/><U4/><E4/><N who="2" m="3527" /><F133/><W14/><AGARI ba="0,0" hai="8,14,16,46,49,55,73,74" m="38183,51535" machi="14" ten="30,4000,0" yaku="25,1,52,1,54,1" doraHai="42" who="3" fromWho="3" sc="211,-10,289,-20,250,-10,250,40" /><INIT seed="2,0,0,1,4,114" ten="201,269,240,290" oya="2" hai0="110,119,120,41,10,4,29,104,130,76,67,131,53" hai1="127,124,90,121,34,58,95,92,50,40,117,112,19" hai2="113,68,115,96,78,102,39,43,48,35,89,15,69" hai3="60,100,65,1,3,70,44,46,126,82,94,17,54"/><V18/><F35/><W79/><G126/><T108/><D104/><U103/><E112/><V118/><F118/><W85/><G17/><T132/><D76/><U12/><E34/><V72/><F89/><W59/><G100/><T14/><D41/><U27/><E27/><V57/><F39/><W16/><G94/><T101/><D67/><U84/><E117/><V45/><F57/><W2/><REACH who="3" step="1"/><G16/><REACH who="3" ten="201,269,240,280" step="2"/><T77/><D101/><U73/><E127/><V74/><F115/><W42/><G42/><T111/><D119/><U47/><E124/><V133/><F113/><W22/><G22/><T51/><D120/><U63/><E103/><V55/><F43/><W36/><G36/><T6/><D132/><U5/><E95/><V11/><F133/><W128/><G128/><N who="0" m="49195" /><D77/><U37/><E37/><V93/><REACH who="2" step="1"/><F78/><REACH who="2" ten="201,269,230,280" step="2"/><W61/><AGARI ba="0,2" hai="1,2,3,44,46,54,59,60,61,65,70,79,82,85" machi="61" ten="40,2700,0" yaku="1,1,0,1,53,0" doraHai="114" doraHaiUra="105" who="3" fromWho="3" sc="201,-7,269,-7,230,-13,280,47" /><INIT seed="3,0,0,1,2,12" ten="194,262,217,327" oya="3" hai0="106,17,76,82,122,131,29,7,4,48,91,0,115" hai1="42,125,14,49,66,72,53,109,70,25,45,110,133" hai2="94,64,60,38,134,100,121,107,88,90,130,44,104" hai3="62,3,68,93,24,78,33,117,92,69,71,28,47"/><W113/><G113/><T118/><D122/><U83/><E133/><V120/><F121/><W108/><G117/><T111/><D118/><U31/><E125/><V52/><F134/><W81/><G3/><T135/><D106/><U34/><E14/><V77/><F130/><W46/><G108/><T124/><D135/><U6/><E6/><N who="0" m="2089" /><D0/><U43/><E83/><V85/><F120/><W102/><G62/><T15/><D124/><U123/><E72/><V2/><F2/><W126/><G126/><T114/><D131/><U23/><E123/><V105/><F77/><W119/><G119/><T55/><D111/><N who="1" m="42507" /><E34/><V40/><F90/><W11/><G11/><N who="0" m="6399" /><D29/><U9/><E9/><V13/><F13/><W128/><G128/><T39/><D39/><U129/><E129/><V132/><F132/><W96/><REACH who="3" step="1"/><G93/><REACH who="3" ten="194,262,217,317" step="2"/><T51/><D114/><U127/><E127/><V80/><F107/><W58/><G58/><T10/><D115/><U99/><E70/><V18/><F105/><W16/><G16/><T87/><D10/><U67/><E31/><V73/><F18/><W112/><G112/><T59/><D76/><U37/><E66/><V63/><F104/><W35/><G35/><T50/><AGARI ba="0,1" hai="48,50,51,55,59,82,87,91" m="6399,2089" machi="50" ten="30,2000,0" yaku="8,1,52,1" doraHai="12" who="0" fromWho="0" sc="194,30,262,-5,217,-5,317,-10" owari="224,-17.6,257,5.7,212,-28.8,307,40.7" /></mjloggm>