<mjloggm ver="2.3"><GO type="225" lobby="0"/><UN n0="%4B%2E%32%2E%4B%2E" n1="%E3%83%81%E3%83%AF%E3%83%AF%E9%9A%8A%E9%95%B7" n2="%33%74%72%65%65" n3="%E7%9C%BC%E7%A7%91%E5%8C%BB" dan="16,17,16,16" rate="2141.75,2176.15,2140.96,2120.30" sx="M,M,F,M"/><TAIKYOKU oya="0"/><INIT seed="0,0,0,1,0,30" ten="250,250,250,250" oya="0" hai0="105,25,59,94,18,4,85,93,0,63,36,98,89" hai1="33,80,62,41,116,90,65,124,57,69,102,3,60" hai2="49,101,7,79,119,43,11,95,122,115,16,129,103" hai3="54,26,87,13,104,52,68,84,17,112,130,48,125"/><T2/><D36/><U37/><E3/><V75/><F122/><W100/><G112/><T73/><D73/><U72/><E116/><V108/><F115/><W74/><G74/><T131/><D131/><U134/><E124/><V44/><F119/><W86/><G68/><T64/><D105/><U127/><E127/><V118/><F118/><W67/><G67/><T88/><REACH who="0" step="1"/><D4/><REACH who="0" ten="240,250,250,250" step="2"/><U132/><E37/><V97/><F129/><W81/><G130/><T27/><D27/><U117/><E117/><V45/><F7/><W23/><G125/><T55/><D55/><U32/><E134/><V53/><F53/><W8/><G54/><T77/><D77/><U135/><E132/><V76/><F79/><W66/><G104/><T35/><D35/><U78/><E135/><V50/><F76/><W96/><G66/><T28/><D28/><U39/><E39/><V61/><F75/><W106/><G52/><T12/><D12/><U92/><E41/><V128/><F128/><W47/><G48/><T1/><D1/><U133/><E133/><V31/><F49/><W70/><G47/><T40/><D40/><U20/><E72/><V29/><F44/><W19/><REACH who="3" step="1"/><G70/><REACH who="3" ten="240,250,250,240" step="2"/><T46/><D46/><U83/><E69/><V34/><F45/><W51/><G51/><T121/><D121/><U110/><E65/><V58/><F50/><W114/><G114/><T99/><D99/><U71/><E71/><V113/><F97/><W120/><G120/><T123/><D123/><U6/><E60/><V126/><F61/><W15/><G15/><T38/><D38/><U107/><E107/><RYUUKYOKU ba="0,2" sc="240,15,250,-15,250,-15,240,15" hai0="0,2,18,25,59,63,64,85,88,89,93,94,98" hai3="8,13,17,19,23,26,81,84,86,87,96,100,106" /><INIT seed="0,1,2,0,3,42" ten="255,235,235,255" oya="0" hai0="43,55,4,51,132,25,91,41,125,129,71,13,87" hai1="60,100,80,7,29,17,76,39,103,77,9,10,14" hai2="5,19,86,44,0,46,37,72,95,38,106,28,34" hai3="133,50,8,84,65,66,126,89,104,36,128,92,22"/><T99/><D71/><U70/><E39/><V53/><F72/><W68/><G36/><T2/><D2/><U49/><E29/><V33/><F106/><W48/><G104/><T52/><D125/><U11/><E76/><V73/><F73/><W110/><G110/><T30/><D129/><U82/><E82/><V107/><F107/><W120/><G133/><T58/><D99/><U47/><E70/><V135/><F135/><W112/><G112/><T119/><D119/><U21/><E60/><V101/><F19/><W108/><G108/><T27/><D132/><U102/><E77/><V1/><F53/><W62/><G128/><T90/><D90/><U113/><E80/><V63/><F63/><W121/><G66/><T74/><D74/><U69/><E69/><V83/><F83/><W32/><G32/><T79/><D79/><U127/><E127/><V114/><F114/><W131/><G131/><T64/><D64/><U93/><E113/><V94/><F28/><W115/><G115/><T124/><D124/><U98/><REACH who="1" step="1"/><E7/><REACH who="1" ten="255,225,235,255" step="2"/><V45/><F5/><W35/><G126/><T20/><D30/><U57/><E57/><V6/><F6/><W116/><G68/><T56/><D4/><U12/><E12/><V123/><F38/><W111/><G111/><T81/><D13/><U15/><E15/><V18/><F37/><W122/><G62/><N who="0" m="36127" /><D27/><U96/><E96/><N who="2" m="59543" /><F0/><W109/><G109/><T75/><D75/><U105/><E105/><V26/><F1/><W78/><G78/><T24/><D24/><U85/><E85/><V61/><F26/><W130/><G130/><RYUUKYOKU ba="1,3" sc="255,15,225,15,235,-15,255,-15" hai0="20,25,41,43,51,52,58,81,87,91" hai1="9,10,11,14,17,21,47,49,93,98,100,102,103" /><INIT seed="0,2,3,3,1,67" ten="270,240,220,240" oya="0" hai0="60,134,2,18,121,40,71,95,39,63,107,58,104" hai1="59,6,55,91,110,14,74,70,21,69,81,26,54" hai2="73,37,44,119,7,49,53,45,85,112,97,123,78" hai3="4,84,116,34,16,83,13,65,131,117,19,109,68"/><T0/><D121/><U106/><E106/><N who="0" m="40489" /><D58/><U122/><E122/><V115/><F123/><W64/><G34/><T94/><D18/><U127/><E127/><V51/><F119/><W31/><G31/><T90/><D90/><U15/><E110/><V35/><F37/><W42/><G109/><T82/><D82/><U10/><E15/><V66/><F73/><W8/><G131/><T86/><D86/><U101/><E101/><V80/><F35/><W93/><G93/><N who="0" m="35339" /><D40/><U111/><E111/><V41/><F7/><W9/><G42/><T72/><D72/><U76/><E91/><V28/><F28/><W96/><G96/><T98/><D98/><U30/><REACH who="1" step="1"/><E54/><REACH who="1" ten="270,230,220,240" step="2"/><V24/><F97/><W56/><G13/><T124/><D124/><U3/><E3/><V79/><F53/><W113/><G116/><T105/><D105/><U103/><E103/><V22/><F78/><W52/><G117/><T135/><D39/><U36/><E36/><V125/><F125/><W130/><G65/><N who="0" m="41383" /><D63/><AGARI ba="2,4" hai="6,10,14,21,26,30,55,59,63,69,70,74,76,81" machi="63" ten="30,8000,1" yaku="1,1,7,1,52,2,53,1" doraHai="67" doraHaiUra="20" who="1" fromWho="0" sc="270,-86,230,126,220,0,240,0" /><INIT seed="1,0,0,4,3,8" ten="184,356,220,240" oya="1" hai0="59,127,33,118,87,131,97,44,120,14,94,99,6" hai1="115,81,114,126,62,95,71,86,46,16,0,17,88" hai2="121,32,76,39,49,68,11,60,102,22,125,58,67" hai3="18,92,4,108,77,27,96,128,119,26,61,15,12"/><U66/><E0/><V13/><F121/><W2/><G108/><T72/><D118/><U3/><E3/><V29/><F32/><W51/><G2/><T28/><D72/><U52/><E126/><V9/><F39/><W30/><G128/><T98/><D127/><U43/><E95/><V123/><F123/><W122/><G122/><T47/><D120/><U91/><E91/><V112/><F125/><W84/><G119/><T104/><D104/><U19/><REACH who="1" step="1"/><E52/><REACH who="1" ten="184,346,220,240" step="2"/><V132/><F112/><W41/><G92/><T24/><D131/><U54/><E54/><V111/><F111/><W82/><G96/><T40/><D40/><U110/><E110/><V116/><F116/><W1/><G1/><T69/><D99/><U23/><E23/><V70/><F22/><N who="3" m="11591" /><G61/><T73/><D98/><U135/><E135/><V64/><F60/><W100/><G100/><T20/><D97/><U106/><E106/><V10/><F102/><W5/><G41/><T57/><D94/><U80/><E80/><V133/><F133/><W107/><G107/><T101/><D101/><U105/><E105/><V55/><F132/><W83/><G83/><T113/><D20/><U42/><E42/><V134/><F134/><W130/><G130/><T78/><D113/><U25/><E25/><V74/><F55/><W35/><G27/><T53/><D53/><U89/><E89/><V50/><F76/><W36/><G77/><T48/><D78/><U124/><E124/><V129/><F129/><W34/><G82/><T85/><D24/><U56/><E56/><V103/><F58/><W38/><G26/><RYUUKYOKU ba="0,1" sc="184,-10,346,30,220,-10,240,-10" hai1="16,17,19,43,46,62,66,71,81,86,88,114,115" /><INIT seed="1,1,1,5,2,133" ten="174,376,210,230" oya="1" hai0="41,100,71,6,93,80,98,69,127,57,116,8,103" hai1="44,56,92,99,131,48,10,60,36,25,95,114,119" hai2="81,117,132,32,86,20,63,19,66,85,22,34,40" hai3="13,58,112,4,49,89,2,14,53,30,31,24,120"/><U109/><E114/><V113/><F117/><W106/><G120/><T35/><D116/><U87/><E119/><V94/><F132/><W130/><G112/><T77/><D35/><U91/><E36/><V104/><F104/><W42/><G106/><T111/><D111/><U67/><E109/><V72/><F113/><W54/><G130/><T79/><D100/><U27/><E131/><V88/><F40/><W126/><G126/><T3/><D77/><U18/><E10/><V96/><F72/><W105/><G105/><T68/><D57/><U39/><E39/><V46/><F46/><W15/><G42/><T62/><D41/><N who="1" m="24591" /><E18/><V26/><F20/><W83/><G24/><T11/><D11/><U134/><E134/><V9/><F9/><W61/><G2/><T122/><D122/><U135/><E135/><V59/><REACH who="2" step="1"/><F85/><REACH who="2" ten="174,376,200,230" step="2"/><N who="3" m="50367" /><G4/><T52/><D127/><U129/><E129/><V47/><F47/><AGARI ba="1,2" hai="13,14,15,30,31,47,49,53,54,58,61" m="50367" machi="47" ten="30,1000,0" yaku="8,1" doraHai="133" who="3" fromWho="2" sc="174,0,376,0,200,-13,230,33" /><INIT seed="2,0,0,2,3,115" ten="174,376,187,263" oya="2" hai0="87,26,120,38,53,31,94,130,3,7,72,0,63" hai1="124,43,34,101,111,57,109,66,62,15,28,25,36" hai2="92,95,2,114,117,4,75,29,35,30,74,83,122" hai3="96,69,8,99,104,12,46,13,23,128,10,132,19"/><V134/><F117/><W17/><G69/><T48/><D120/><U32/><E124/><V61/><F122/><W51/><G128/><T79/><D38/><U1/><E1/><V68/><F114/><W123/><G123/><T105/><D105/><U20/><E101/><V106/><F106/><W108/><G108/><N who="1" m="41546" /><E15/><V67/><F134/><W89/><G132/><T80/><D7/><U16/><E28/><V24/><F30/><W116/><G116/><T42/><D63/><U44/><AGARI ba="0,0" hai="16,20,25,32,34,36,43,44,57,62,66" m="41546" machi="44" ten="30,2000,0" yaku="14,1,54,1" doraHai="115" who="1" fromWho="1" sc="174,-5,376,20,187,-10,263,-5" /><INIT seed="3,0,0,1,2,114" ten="169,396,177,258" oya="3" hai0="134,32,93,28,24,81,15,59,68,77,40,108,83" hai1="55,23,62,115,98,8,116,26,97,17,124,131,5" hai2="73,45,7,58,11,125,10,51,30,44,39,18,12" hai3="13,57,126,27,120,38,105,101,14,3,22,56,60"/><W94/><G120/><T90/><D68/><U82/><E115/><V53/><F125/><W127/><G3/><T113/><D113/><U100/><E124/><N who="3" m="47658" /><G38/><T106/><D106/><U16/><E131/><V119/><F119/><W31/><G105/><T25/><D108/><U34/><E116/><V42/><F73/><W52/><G57/><T71/><D71/><U33/><E17/><V89/><F30/><W132/><G132/><T74/><D134/><U76/><E55/><V96/><F96/><AGARI ba="0,0" hai="13,14,22,27,31,52,56,60,94,96,101" m="47658" machi="96" ten="30,2900,0" yaku="18,1,54,1" doraHai="114" who="3" fromWho="2" sc="169,0,396,0,177,-29,258,29" /><INIT seed="3,1,0,3,1,99" ten="169,396,148,287" oya="3" hai0="71,7,34,122,89,45,43,29,23,24,10,30,49" hai1="21,73,85,57,92,69,104,63,70,9,133,130,13" hai2="79,61,16,80,14,114,41,131,52,37,66,35,50" hai3="116,109,108,95,38,87,12,0,101,15,20,120,59"/><W6/><G120/><T11/><D122/><U19/><E104/><V62/><F114/><W4/><G116/><T115/><D71/><U107/><E107/><V111/><F35/><W54/><G38/><T135/><D115/><U102/><E73/><V82/><F111/><N who="3" m="42571" /><G0/><T93/><D135/><U129/><E133/><V134/><F134/><W123/><G123/><T28/><D34/><U39/><E39/><V124/><F124/><W2/><G2/><T117/><D117/><U33/><E33/><V98/><F131/><N who="1" m="50185" /><E21/><N who="2" m="11415" /><F37/><W74/><G74/><T46/><D46/><U17/><E17/><V51/><F98/><N who="3" m="59615" /><G87/><N who="0" m="52415" /><D7/><N who="3" m="2601" /><G20/><T68/><D68/><U103/><E69/><V132/><F132/><W83/><G83/><T18/><AGARI ba="1,0" hai="10,11,18,23,24,28,29,30,43,45,49" m="52415" machi="18" ten="30,1100,0" yaku="8,1" doraHai="99" who="0" fromWho="0" sc="169,14,396,-4,148,-4,287,-6" owari="183,-21.7,392,49.2,144,-35.6,281,8.1" /></mjloggm>