<mjloggm ver="2.3"><GO type="225" lobby="0"/><UN n0="%72%65%6E%6B%75%6E" n1="%77%72%77%72%77%72%77%72" n2="%E3%82%BC%E3%83%AB%E3%83%80%E3%81%AE%E4%BC%9D%E8%AA%AC" n3="%72%69%6F%75%63%68%61%6E" dan="17,17,18,17" rate="2190.51,2173.68,2238.86,2268.46" sx="M,M,M,M"/><TAIKYOKU oya="0"/><INIT seed="0,0,0,1,5,78" ten="250,250,250,250" oya="0" hai0="18,68,80,30,13,46,75,116,25,1,113,21,126" hai1="92,32,44,50,77,23,51,54,104,14,7,70,17" hai2="5,0,79,118,34,87,59,128,90,65,74,56,67" hai3="119,73,102,103,16,82,4,76,105,19,58,37,114"/><T10/><D116/><U123/><E123/><V110/><F34/><W129/><G114/><T36/><D113/><U45/><E104/><V42/><F118/><W40/><G119/><T101/><D68/><U91/><E70/><V38/><F110/><W95/><G129/><T31/><D126/><U24/><E77/><V63/><F128/><W72/><G72/><T28/><D101/><U60/><E60/><V117/><F117/><W99/><G4/><T69/><D69/><U41/><E32/><V39/><F59/><W124/><G124/><T98/><D98/><U81/><E81/><N who="2" m="45303" /><F38/><W20/><G58/><T22/><D75/><U52/><E41/><V132/><F132/><W62/><G62/><T112/><D80/><U86/><REACH who="1" step="1"/><E7/><REACH who="1" ten="250,240,250,250" step="2"/><V2/><F5/><W130/><G130/><T121/><D121/><U88/><E88/><V11/><F90/><W100/><G105/><T29/><D112/><U107/><E107/><V93/><F63/><W108/><G108/><T8/><REACH who="0" step="1"/><D1/><REACH who="0" ten="240,240,250,250" step="2"/><U53/><E53/><V122/><F122/><W27/><G103/><T64/><D64/><U6/><E6/><V9/><F0/><W89/><G102/><T96/><D96/><U85/><E85/><V49/><F2/><W120/><G100/><T61/><D61/><U71/><E71/><V133/><F65/><W97/><G99/><T15/><D15/><AGARI ba="0,2" hai="14,15,17,23,24,44,45,50,51,52,54,86,91,92" machi="15" ten="40,8000,1" yaku="1,1,9,1,8,1,54,1,53,0" doraHai="78" doraHaiUra="55" who="1" fromWho="0" sc="240,-80,240,100,250,0,250,0" /><INIT seed="1,0,0,5,3,45" ten="160,340,250,250" oya="1" hai0="9,16,92,106,111,83,131,38,87,67,57,110,44" hai1="11,32,37,40,14,115,135,128,108,101,130,46,27" hai2="10,86,4,54,76,118,79,41,81,84,73,24,100" hai3="47,1,20,66,30,31,60,117,94,29,125,126,109"/><U122/><E115/><V90/><F118/><W112/><G112/><T69/><D106/><U71/><E122/><V129/><F129/><N who="1" m="49769" /><E71/><V133/><F133/><W39/><G109/><N who="0" m="41483" /><D131/><U104/><E108/><V19/><F41/><N who="3" m="22975" /><G1/><T26/><D69/><U5/><E135/><V93/><F100/><W21/><G94/><T0/><D92/><U103/><E104/><V48/><F24/><W72/><G72/><T102/><D102/><U58/><E58/><V43/><F43/><W2/><G2/><T7/><D38/><U120/><E120/><V107/><F19/><W35/><G35/><T12/><D44/><U74/><E74/><V15/><F107/><W55/><G55/><T64/><D57/><U68/><E68/><V52/><REACH who="2" step="1"/><F48/><REACH who="2" ten="160,340,240,250" step="2"/><W134/><G134/><T88/><D26/><U105/><E105/><V28/><F28/><AGARI ba="0,1" hai="5,11,14,27,28,32,37,40,46,101,103" m="49769" machi="28" ten="30,1500,0" yaku="19,1" doraHai="45" who="1" fromWho="2" sc="160,0,340,25,240,-15,250,0" /><INIT seed="1,1,0,3,3,21" ten="160,365,225,250" oya="1" hai0="120,91,46,104,27,15,99,64,131,102,101,18,19" hai1="106,73,96,57,13,53,112,103,63,87,32,123,77" hai2="116,28,109,126,25,36,0,128,86,8,82,16,62" hai3="5,127,69,121,67,9,125,1,66,40,35,74,130"/><U80/><E112/><V70/><F116/><W92/><G121/><T4/><D131/><U39/><E123/><V50/><F36/><W33/><G130/><T90/><D120/><U115/><E115/><V129/><F109/><W55/><G74/><T24/><D102/><U100/><E39/><V17/><F128/><W10/><G40/><T110/><D110/><U22/><E32/><V132/><F129/><W3/><G55/><T12/><D64/><N who="3" m="24617" /><G92/><T114/><D114/><U93/><E103/><V118/><F118/><W14/><G69/><T44/><D4/><U78/><E78/><V124/><F132/><W7/><G14/><T54/><D54/><U41/><E41/><V60/><F50/><W51/><G51/><T89/><D12/><U59/><E59/><V26/><F70/><W43/><G43/><T134/><D134/><U108/><E108/><V105/><F105/><W98/><G98/><T31/><D31/><U122/><E122/><V97/><F97/><W95/><G95/><T52/><D18/><N who="2" m="7274" /><F28/><W81/><G81/><T11/><REACH who="0" step="1"/><D52/><REACH who="0" ten="150,365,225,250" step="2"/><U117/><E117/><V30/><F30/><W45/><G45/><AGARI ba="1,1" hai="11,15,19,24,27,44,45,46,89,90,91,99,101,104" machi="45" ten="40,8000,1" yaku="1,1,2,1,52,2,53,0" doraHai="21" doraHaiUra="37" who="0" fromWho="3" sc="150,93,365,0,225,0,250,-83" /><INIT seed="2,0,0,5,2,126" ten="243,365,225,167" oya="2" hai0="2,128,123,62,74,11,79,127,48,13,90,39,119" hai1="6,43,114,89,58,83,56,92,57,125,76,60,55" hai2="59,33,41,47,91,100,107,67,85,22,27,86,97" hai3="26,81,52,112,132,73,65,98,45,108,7,8,80"/><V4/><F4/><W109/><G132/><T50/><D39/><U130/><E130/><V42/><F33/><W133/><G133/><T104/><D104/><U15/><E114/><V64/><F59/><W115/><G65/><T72/><D2/><U118/><E118/><V29/><F41/><W38/><G26/><T96/><D123/><U106/><E106/><V77/><F77/><N who="3" m="44079" /><G98/><T117/><D128/><U122/><E125/><V9/><F9/><W24/><G81/><N who="0" m="45287" /><D62/><U68/><E68/><V116/><F116/><N who="0" m="44618" /><D74/><U54/><E43/><V30/><F30/><W25/><G38/><T66/><D66/><U120/><E120/><V131/><F131/><W51/><G24/><T121/><D121/><U53/><E122/><V14/><F14/><N who="3" m="5407" /><G25/><T19/><D127/><U49/><E15/><V0/><F0/><W37/><G37/><T3/><D3/><U40/><E6/><V88/><F86/><W103/><G103/><T36/><D36/><U46/><E60/><V101/><F101/><W10/><G10/><T32/><D32/><U34/><E34/><V23/><F23/><W16/><G16/><T18/><D18/><U84/><E40/><V17/><F17/><W20/><G20/><T44/><D44/><U102/><E102/><V5/><F5/><W99/><G99/><AGARI ba="0,0" hai="46,49,53,54,55,56,57,58,76,83,84,89,92,99" machi="99" ten="40,1300,0" yaku="8,1" doraHai="126" who="1" fromWho="3" sc="243,0,365,13,225,0,167,-13" /><INIT seed="3,0,0,4,0,28" ten="243,378,225,154" oya="3" hai0="85,133,131,53,39,93,1,76,15,88,119,38,78" hai1="31,68,102,105,40,11,29,92,115,82,101,59,3" hai2="116,94,23,0,44,100,77,121,21,48,120,32,5" hai3="67,98,45,51,17,111,46,9,132,99,54,61,16"/><W79/><G132/><T30/><D1/><U41/><E68/><V90/><F116/><W110/><G79/><T108/><D119/><U57/><E105/><V86/><F100/><W64/><G9/><T74/><D133/><U81/><E92/><V128/><F128/><W25/><G25/><T83/><D131/><U26/><E26/><V62/><F32/><W87/><G87/><T95/><D30/><U130/><E130/><V129/><F129/><W126/><G126/><T135/><D135/><U117/><E117/><V107/><F107/><W106/><G106/><T43/><D108/><N who="3" m="41513" /><G45/><T127/><D78/><U12/><E11/><N who="2" m="2471" /><F77/><W10/><G64/><T69/><D93/><U63/><E82/><V118/><F118/><W13/><G17/><T123/><D123/><N who="2" m="47178" /><F62/><W103/><G103/><T97/><D127/><U47/><E47/><V35/><F35/><W8/><G10/><T56/><D74/><U70/><E29/><V2/><F2/><W42/><G42/><AGARI ba="0,0" hai="21,23,42,44,48,86,90,94" m="47178,2471" machi="42" ten="30,1000,0" yaku="13,1" doraHai="28" who="2" fromWho="3" sc="243,0,378,0,225,10,154,-10" owari="243,4.3,378,47.8,235,-16.5,144,-35.6" /></mjloggm>