<mjloggm ver="2.3"><GO type="225" lobby="0"/><UN n0="%6D%75%75%6D%75%72%61" n1="%E7%89%8C%E6%B5%81%E7%8A%B6%E6%85%8B%E9%BA%BB%E9%9B%80" n2="%E3%81%86%E3%83%BC%E3%81%B1%E3%83%BC" n3="%E3%81%BF%E3%81%BF%E3%81%9A" dan="16,17,16,16" rate="2086.39,2240.87,2139.34,2140.80" sx="F,M,F,M"/><TAIKYOKU oya="0"/><INIT seed="0,0,0,0,2,41" ten="250,250,250,250" oya="0" hai0="37,24,19,39,90,82,31,94,80,75,120,11,20" hai1="23,117,60,22,56,107,84,21,114,43,28,36,133" hai2="118,47,0,64,87,6,74,95,15,73,72,78,8" hai3="134,2,98,131,34,35,85,45,128,62,1,132,89"/><T101/><D120/><U106/><E117/><V9/><F118/><W108/><G98/><T122/><D122/><U69/><E69/><V10/><F64/><W26/><G62/><T116/><D116/><U30/><E133/><N who="3" m="51306" /><G108/><T55/><D101/><U83/><E114/><V123/><F123/><W76/><G76/><T97/><D55/><U29/><E43/><V92/><F9/><W61/><G61/><T113/><D113/><U127/><E36/><V79/><F47/><W51/><G85/><T33/><D11/><U38/><E38/><V3/><F15/><W32/><G89/><T54/><D54/><U104/><E127/><V63/><F63/><W42/><G26/><T67/><D67/><U125/><E125/><V4/><REACH who="2" step="1"/><F79/><REACH who="2" ten="250,250,240,250" step="2"/><W66/><G66/><T7/><D37/><U68/><E68/><V65/><F65/><W17/><G17/><T71/><D39/><U100/><E60/><V102/><F102/><W124/><G124/><T111/><D71/><U27/><E100/><V119/><F119/><W93/><G1/><T59/><D19/><U13/><E13/><V86/><F86/><W46/><G2/><T5/><D5/><U130/><E56/><V88/><F88/><W18/><G18/><T58/><D7/><U129/><E27/><V50/><F50/><W105/><G46/><T121/><D58/><U96/><E96/><V49/><F49/><W52/><G51/><T16/><D59/><U48/><E48/><V126/><F126/><W44/><G45/><T109/><D24/><U99/><E99/><V135/><F135/><W25/><G44/><RYUUKYOKU ba="0,1" sc="250,-15,250,15,240,15,250,-15" hai1="21,22,23,28,29,30,83,84,104,106,107,129,130" hai2="0,3,4,6,8,10,72,73,74,78,87,92,95" /><INIT seed="1,1,1,0,5,115" ten="235,265,255,235" oya="1" hai0="36,22,17,37,44,135,105,83,73,14,42,54,48" hai1="43,57,67,4,51,19,23,98,47,75,24,16,126" hai2="102,15,30,63,118,7,114,134,62,70,127,65,88" hai3="29,20,124,108,132,100,110,106,72,27,93,26,82"/><U32/><E75/><V121/><F121/><W35/><G132/><T94/><D135/><U64/><E32/><V56/><F134/><W71/><G124/><T112/><D105/><U133/><E133/><V74/><F127/><W103/><G71/><T28/><D112/><U95/><E126/><V68/><F114/><W12/><G106/><T76/><D94/><U39/><E4/><V18/><F102/><W85/><G72/><T11/><D28/><U69/><E69/><V61/><F7/><W111/><G12/><T89/><D89/><U21/><E39/><V49/><F30/><N who="3" m="19927" /><G93/><T53/><D53/><U96/><E57/><V99/><F74/><W113/><G113/><T79/><D79/><AGARI ba="1,1" hai="20,27,29,79,82,85,100,103,108,110,111" m="19927" machi="79" ten="30,1000,0" yaku="14,1" doraHai="115" who="3" fromWho="0" sc="235,-13,265,0,255,0,235,23" /><INIT seed="2,0,0,3,4,76" ten="222,265,255,258" oya="2" hai0="49,107,131,4,41,99,64,33,111,77,37,130,24" hai1="123,135,14,74,83,16,85,133,81,98,94,110,25" hai2="31,112,119,28,22,92,39,54,88,40,57,38,75" hai3="89,43,46,23,11,61,36,20,58,47,109,102,42"/><V35/><F119/><W12/><G109/><T50/><D111/><U30/><E74/><V67/><F112/><W17/><G102/><N who="0" m="62943" /><D4/><U52/><E52/><V113/><F113/><W134/><G134/><N who="1" m="51210" /><E85/><V53/><F35/><W59/><G89/><T5/><D5/><U122/><E110/><V70/><F75/><W6/><G61/><T3/><D3/><U125/><E125/><V7/><F7/><W86/><G86/><T45/><D64/><U73/><E73/><V116/><F54/><W27/><REACH who="3" step="1"/><G23/><REACH who="3" ten="222,265,255,248" step="2"/><T15/><D77/><U101/><E123/><V96/><F22/><W120/><G120/><T65/><D65/><U132/><E122/><V84/><F84/><W127/><G127/><T100/><D100/><U105/><E132/><V32/><F32/><W2/><G2/><T126/><D126/><U29/><E105/><V9/><F67/><W124/><G124/><T78/><D78/><U62/><E62/><V60/><F60/><W26/><G26/><T66/><D66/><U69/><E25/><V71/><F88/><W82/><G82/><N who="1" m="31242" /><E69/><V8/><F70/><W0/><G0/><T44/><D15/><U80/><E80/><V95/><F71/><W104/><G104/><T117/><D24/><U56/><E56/><V10/><F57/><W79/><G79/><T97/><D33/><U90/><E90/><V91/><F91/><W103/><G103/><T106/><D106/><U19/><E14/><V51/><F95/><W18/><G18/><AGARI ba="0,1" hai="16,18,19,29,30,94,98,101" m="31242,51210" machi="18" ten="30,8000,1" yaku="20,1,52,3,54,1" doraHai="76" who="1" fromWho="3" sc="222,0,265,90,255,0,248,-80" /><INIT seed="3,0,0,2,5,88" ten="222,355,255,168" oya="3" hai0="74,110,102,25,90,32,0,37,63,121,128,59,103" hai1="91,31,71,86,76,5,78,108,75,118,98,38,8" hai2="125,83,124,33,54,132,67,45,119,113,89,40,44" hai3="87,18,81,1,58,4,42,26,49,21,106,120,93"/><W69/><G120/><T56/><D121/><U39/><E71/><V96/><F113/><W34/><G69/><T117/><D117/><U53/><E98/><V20/><F119/><W112/><G112/><T11/><D74/><U19/><E31/><V55/><F33/><W79/><G106/><T72/><D72/><U123/><E19/><V115/><F115/><W29/><G1/><T13/><D0/><U48/><E91/><V84/><F132/><W35/><G4/><T95/><D37/><U17/><E86/><V50/><F67/><W85/><G29/><T10/><D110/><U94/><E53/><V104/><F20/><W70/><G70/><T126/><D126/><N who="2" m="48746" /><F45/><W60/><G49/><T2/><D128/><U52/><E76/><V82/><F82/><W109/><G109/><T114/><D2/><U64/><E48/><V135/><F135/><W77/><G42/><T23/><D32/><U100/><E38/><V7/><F7/><W9/><G9/><N who="0" m="3083" /><D13/><U14/><E14/><V24/><F24/><W133/><G133/><T15/><D15/><U73/><E8/><V99/><F99/><W41/><G41/><T131/><D114/><U46/><E39/><V66/><F66/><N who="3" m="39191" /><G77/><T43/><D131/><U61/><E78/><V65/><F65/><W36/><G36/><T97/><D43/><U3/><E64/><V62/><F62/><W30/><G30/><N who="0" m="17727" /><D59/><U51/><E61/><V6/><F6/><W16/><G18/><T111/><D111/><U80/><E108/><V101/><AGARI ba="0,0" hai="40,44,50,54,55,83,84,89,96,101,104" m="48746" machi="101" ten="30,1100,0" yaku="18,1" doraHai="88" who="2" fromWho="2" sc="222,-3,355,-3,255,11,168,-5" owari="219,-18.1,352,45.2,266,6.6,163,-33.7" /></mjloggm>