<mjloggm ver="2.3"><GO type="225" lobby="0"/><UN n0="%E9%80%9F%E6%B0%B4%E5%87%9B%E9%A6%99" n1="%E3%83%A9%E3%83%96%E3%83%AC%E3%83%BC" n2="%E3%81%AF%E3%82%88%E3%81%8A%E3%81%98%E3%81%95%E3%82%93" n3="%6D%75%75%6D%75%72%61" dan="16,18,16,16" rate="2157.74,2274.35,2109.12,2164.47" sx="F,M,M,F"/><TAIKYOKU oya="0"/><INIT seed="0,0,0,2,0,20" ten="250,250,250,250" oya="0" hai0="73,62,92,134,89,111,104,90,69,58,83,87,71" hai1="28,112,44,81,59,45,88,25,10,66,30,27,110" hai2="124,72,85,15,70,106,94,51,64,0,2,57,9" hai3="32,77,105,16,100,129,127,120,80,7,38,23,47"/><T125/><D134/><U22/><E110/><V33/><F72/><W107/><G127/><T82/><D104/><U48/><E112/><V102/><F124/><W50/><G129/><T114/><D125/><U63/><E10/><V130/><F33/><W76/><G32/><T46/><D114/><U108/><E108/><V29/><F29/><N who="1" m="11369" /><E22/><V99/><F70/><W21/><G21/><T3/><D3/><U19/><E19/><V93/><F130/><W17/><G38/><T12/><D111/><U61/><E61/><V117/><F117/><W118/><G118/><T43/><D12/><U126/><E126/><V56/><F56/><W40/><G120/><T52/><D73/><U14/><E14/><V55/><F64/><W31/><G7/><T35/><D35/><U135/><E135/><V67/><F67/><W42/><G42/><T131/><D131/><U54/><E45/><V103/><F106/><W8/><G8/><T1/><D1/><U119/><E119/><V11/><F11/><W95/><G107/><T53/><D53/><U78/><E78/><N who="3" m="30314" /><G80/><T5/><D5/><U75/><E75/><V49/><F0/><W4/><G4/><T115/><D115/><U18/><E18/><N who="2" m="8559" /><F2/><W121/><G121/><T96/><REACH who="0" step="1"/><D82/><REACH who="0" ten="240,250,250,250" step="2"/><U113/><E113/><V128/><F128/><W123/><G123/><T65/><D65/><U24/><E81/><V133/><F133/><W39/><G105/><T60/><D60/><U79/><E79/><V26/><F55/><W116/><G116/><T68/><D68/><U132/><E132/><V91/><F57/><W84/><G40/><RYUUKYOKU ba="0,1" sc="240,15,250,15,250,-15,250,-15" hai0="43,46,52,58,62,69,71,83,87,89,90,92,96" hai1="24,25,27,44,48,54,59,63,66,88" /><INIT seed="0,1,1,3,1,5" ten="255,265,235,235" oya="0" hai0="105,50,66,88,3,96,59,106,48,44,116,132,42" hai1="114,77,8,80,83,13,57,41,67,73,56,46,128" hai2="121,7,86,19,30,31,39,22,43,38,109,24,15" hai3="45,91,27,107,131,115,94,74,92,60,33,90,64"/><T36/><D3/><U18/><E128/><V26/><F121/><W62/><G115/><T117/><D106/><U2/><E114/><V37/><F109/><W23/><G107/><T79/><D79/><U61/><E2/><V68/><F68/><W97/><G131/><T103/><D132/><U98/><E98/><V55/><F43/><W124/><G124/><T12/><D66/><U102/><E83/><V54/><F7/><W32/><G74/><T82/><D82/><U65/><E102/><V51/><F86/><W108/><G45/><T1/><D1/><U29/><E29/><V70/><F70/><W81/><G81/><T58/><D58/><U16/><E18/><V28/><REACH who="2" step="1"/><F54/><REACH who="2" ten="255,265,225,235" step="2"/><W123/><G123/><T100/><D42/><U118/><E67/><V17/><F17/><W111/><G111/><T101/><D105/><U110/><E110/><V87/><F87/><W89/><G108/><T113/><D113/><U134/><E134/><V34/><F34/><W84/><G64/><T21/><D117/><U125/><E125/><V49/><F49/><W14/><G33/><T78/><D116/><U4/><E4/><V127/><F127/><W112/><G112/><T135/><D48/><U52/><E118/><V40/><F40/><W72/><G32/><T119/><D50/><N who="1" m="28759" /><E41/><V35/><F35/><W9/><G72/><T47/><D119/><U133/><E133/><V120/><F120/><W129/><G129/><T104/><D135/><U126/><E126/><V75/><F75/><W20/><G84/><T53/><D104/><U71/><E71/><V85/><F85/><RYUUKYOKU ba="1,2" sc="255,-15,265,15,225,15,235,-15" hai1="8,13,16,56,57,61,65,73,77,80" hai2="15,19,22,24,26,28,30,31,37,38,39,51,55" /><INIT seed="1,2,2,3,0,111" ten="240,280,240,220" oya="1" hai0="115,4,44,25,123,24,90,29,96,2,11,116,12" hai1="81,46,23,83,14,118,9,51,8,64,84,56,100" hai2="50,61,71,97,78,107,17,77,62,60,67,20,101" hai3="108,85,110,34,33,106,121,49,133,18,30,128,66"/><U27/><E118/><V80/><F50/><W37/><G121/><T42/><D116/><U125/><E125/><V88/><F78/><W135/><G37/><T38/><D115/><U86/><E100/><V119/><F119/><W35/><G30/><T48/><D123/><U52/><E64/><V47/><F47/><W70/><G128/><T91/><D38/><U132/><E132/><N who="3" m="50762" /><G106/><T55/><D2/><U73/><E73/><V53/><F53/><W109/><G49/><N who="0" m="26775" /><D96/><U72/><E72/><V76/><F76/><W31/><G31/><T87/><D29/><N who="1" m="17663" /><E46/><V129/><F129/><W127/><G127/><T79/><D79/><N who="1" m="46143" /><E14/><V59/><F71/><W82/><G18/><T21/><D21/><U0/><E0/><V65/><F67/><W93/><G93/><N who="0" m="54495" /><D91/><AGARI ba="2,2" hai="8,9,51,52,56,83,86,91" m="46143,17663" machi="91" ten="30,2900,0" yaku="8,1,54,1" doraHai="111" who="1" fromWho="0" sc="240,-35,280,55,240,0,220,0" /><INIT seed="1,3,0,3,5,118" ten="205,335,240,220" oya="1" hai0="57,132,91,6,2,16,125,38,123,63,50,96,56" hai1="101,90,116,52,69,95,71,98,85,111,65,115,107" hai2="61,30,128,99,73,43,1,18,100,89,120,21,37" hai3="129,130,54,4,127,59,3,93,11,92,86,67,79"/><U27/><E116/><V13/><F120/><W110/><G110/><T74/><D74/><U78/><E115/><V64/><F73/><W124/><G67/><T58/><D38/><U53/><E111/><V31/><F1/><W45/><G45/><T29/><D123/><U44/><E78/><V88/><F128/><N who="3" m="49259" /><G79/><T108/><D108/><U122/><E122/><V62/><F43/><W80/><G80/><T70/><D70/><U83/><E107/><V76/><F37/><W112/><G112/><T47/><D29/><U33/><E33/><V104/><F61/><N who="3" m="36087" /><G86/><T8/><D132/><U41/><E71/><V114/><F76/><W32/><G32/><T28/><D125/><AGARI ba="3,0" hai="3,4,11,92,93,124,125,127" m="36087,49259" machi="125" ten="30,2000,0" yaku="18,1,19,1" doraHai="118" who="3" fromWho="0" sc="205,-29,335,0,240,0,220,29" /><INIT seed="2,0,0,2,5,52" ten="176,335,240,249" oya="2" hai0="43,89,3,70,121,67,131,38,37,122,1,26,65" hai1="59,116,79,34,40,132,134,101,31,68,72,14,44" hai2="48,107,13,88,112,100,104,115,15,78,58,109,118" hai3="9,28,113,19,91,16,119,80,87,103,77,57,29"/><V120/><F118/><W61/><G119/><T94/><D43/><U125/><E68/><V110/><F120/><W93/><G113/><T23/><D70/><U45/><E101/><V127/><F78/><W73/><G103/><T99/><D131/><U11/><E125/><V111/><F127/><W74/><G74/><T30/><D122/><U126/><E31/><V4/><F4/><W53/><REACH who="3" step="1"/><G19/><REACH who="3" ten="176,335,240,239" step="2"/><T51/><D121/><U36/><E72/><V130/><F100/><W47/><G47/><T106/><D106/><U50/><E45/><V18/><F104/><W98/><G98/><T105/><D105/><U133/><E44/><V66/><F107/><W117/><G117/><T46/><D38/><U20/><E36/><V39/><F39/><W5/><G5/><T22/><D37/><U95/><E116/><V92/><F130/><W56/><G56/><T97/><D97/><U32/><E59/><V129/><F129/><W135/><G135/><T42/><REACH who="0" step="1"/><D22/><REACH who="0" ten="166,335,240,239" step="2"/><U96/><E20/><N who="2" m="11343" /><F115/><W24/><G24/><T49/><D49/><U33/><E126/><V7/><F112/><W0/><G0/><AGARI ba="0,2" hai="0,1,3,23,26,30,42,46,51,65,67,89,94,99" machi="0" ten="40,8000,1" yaku="1,1,53,3" doraHai="52" doraHaiUra="35" who="0" fromWho="3" sc="166,100,335,0,240,0,239,-80" /><INIT seed="3,0,0,3,3,2" ten="266,335,240,159" oya="3" hai0="110,66,86,56,23,30,124,37,98,10,113,108,31" hai1="24,64,4,111,105,83,47,62,129,45,28,122,65" hai2="127,119,79,94,77,100,35,40,128,74,88,131,0" hai3="13,114,32,27,106,117,42,3,57,109,121,68,16"/><W36/><RYUUKYOKU type="yao9" ba="0,0" sc="266,0,335,0,240,0,159,0" hai3="3,13,16,27,32,36,42,57,68,106,109,114,117,121" /><INIT seed="3,1,0,0,0,120" ten="266,335,240,159" oya="3" hai0="1,51,96,59,11,76,118,5,31,66,115,62,135" hai1="33,15,103,13,94,7,99,77,102,91,124,6,78" hai2="128,116,132,134,89,23,87,50,71,57,107,72,85" hai3="126,56,123,19,61,58,37,90,122,69,65,92,9"/><W81/><G126/><T121/><D118/><U24/><E124/><V25/><F71/><W111/><G37/><T54/><D121/><U114/><E33/><V64/><F72/><W129/><G129/><T34/><D135/><N who="2" m="51754" /><F116/><W12/><G81/><T95/><D76/><N who="1" m="29291" /><E24/><V29/><F107/><W55/><G111/><T125/><D125/><U133/><E114/><V106/><F106/><W3/><G3/><T100/><D115/><U43/><E43/><V8/><F128/><W47/><G47/><T109/><D109/><U80/><E80/><V45/><F8/><W84/><REACH who="3" step="1"/><G69/><REACH who="3" ten="266,335,240,149" step="2"/><T93/><D1/><U2/><E2/><V42/><F89/><W35/><G35/><T20/><D34/><U49/><E91/><V83/><F83/><W79/><G79/><T22/><D100/><U63/><E103/><V53/><F64/><W0/><G0/><T17/><D66/><U70/><E70/><V27/><F27/><W98/><G98/><T36/><D96/><U74/><E102/><V4/><F4/><W67/><G67/><T48/><D5/><U104/><E6/><V28/><F28/><W68/><G68/><T131/><D31/><U21/><E7/><V16/><F29/><W10/><G10/><T46/><D11/><U26/><E99/><V127/><F127/><W73/><G73/><T101/><D101/><U39/><E39/><AGARI ba="1,1" hai="16,23,25,39,42,45,50,53,57,85,87" m="51754" machi="39" ten="30,2000,0" yaku="20,1,54,1" doraHai="120" who="2" fromWho="1" sc="266,0,335,-23,240,33,149,0" owari="266,-13.4,312,41.2,273,7.3,149,-35.1" /></mjloggm>