<mjloggm ver="2.3"><GO type="225" lobby="0"/><UN n0="%E6%A1%9C%E8%8A%B1%E9%96%83%E3%80%85" n1="%E3%82%A2%E3%83%A1%E3%82%A2%E3%83%A9%E3%83%AC" n2="%6D%75%75%73%61%6E%6D%75" n3="%E6%98%93%E5%88%A9%E8%96%A9%E4%BC%AF" dan="16,16,16,16" rate="2239.07,2157.07,2175.16,2071.70" sx="M,M,F,F"/><TAIKYOKU oya="0"/><INIT seed="0,0,0,4,5,91" ten="250,250,250,250" oya="0" hai0="72,18,106,96,87,31,42,81,129,97,103,104,27" hai1="105,58,40,61,114,75,51,3,1,70,16,89,132" hai2="29,83,135,21,67,38,78,130,45,115,14,113,120" hai3="126,33,100,65,47,90,57,64,77,121,112,34,20"/><T41/><D129/><U62/><E75/><V71/><F120/><W82/><G112/><T92/><D18/><U88/><E105/><V43/><F130/><W108/><G126/><T26/><D72/><U93/><E114/><V110/><F110/><W5/><G108/><T86/><D106/><U109/><E109/><V101/><F135/><W7/><G100/><T85/><D81/><U102/><E132/><V69/><F101/><W11/><G7/><T94/><D104/><U44/><E70/><V54/><F54/><W73/><G20/><N who="0" m="15815" /><D27/><U24/><E3/><V32/><F32/><W111/><G121/><T12/><D12/><U134/><E1/><V117/><F117/><W84/><G47/><T35/><D35/><U60/><E58/><V8/><F21/><W56/><G111/><T6/><D6/><U0/><E0/><V74/><F29/><W55/><G34/><T66/><D66/><U2/><E2/><V76/><F76/><W98/><G57/><T123/><D123/><U131/><E131/><V13/><F13/><N who="3" m="5359" /><G73/><T9/><D9/><U50/><E50/><V28/><F28/><W46/><G46/><T125/><D125/><U107/><E107/><V122/><F122/><W49/><G33/><T128/><D128/><U4/><E4/><N who="2" m="3335" /><F69/><W119/><G119/><T19/><D19/><U36/><E36/><V127/><F127/><W25/><G25/><T53/><D53/><U23/><E134/><V95/><F71/><W48/><G65/><T68/><D68/><U10/><E10/><V30/><F67/><W124/><G124/><T133/><D133/><RYUUKYOKU ba="0,0" sc="250,15,250,15,250,-15,250,-15" hai0="41,42,85,86,87,92,94,96,97,103" hai1="16,23,24,40,44,51,60,61,62,88,89,93,102" /><INIT seed="0,1,0,2,3,117" ten="265,265,235,235" oya="0" hai0="20,130,6,28,18,14,93,48,102,1,56,57,133" hai1="46,19,122,87,32,4,85,9,98,127,119,114,101" hai2="110,104,35,132,43,62,60,34,51,89,95,83,108" hai3="54,118,111,86,82,109,92,129,49,90,70,40,126"/><T65/><D130/><U26/><E119/><V107/><F83/><W61/><G118/><T135/><D28/><U2/><E127/><V75/><F75/><W44/><G126/><T116/><D116/><U105/><E114/><V68/><F51/><W123/><G129/><T41/><D6/><U42/><E122/><V50/><F50/><W23/><G123/><T53/><D1/><U27/><E27/><V74/><F74/><W121/><G121/><T59/><D41/><U99/><E99/><V39/><F43/><W36/><G23/><T38/><D38/><U58/><E58/><V88/><F39/><W134/><G82/><T124/><D124/><U55/><E55/><V0/><F0/><W11/><G11/><T67/><D93/><U17/><E17/><V69/><REACH who="2" step="1"/><F95/><REACH who="2" ten="265,265,225,235" step="2"/><W66/><REACH who="3" step="1"/><G134/><AGARI ba="1,1" hai="34,35,60,62,68,69,88,89,104,107,108,110,132,134" machi="134" ten="25,12000,2" yaku="1,1,2,1,22,2,54,1,53,2" doraHai="117" doraHaiUra="30" who="2" fromWho="3" sc="265,0,265,0,225,133,235,-123" /><INIT seed="1,0,0,3,1,73" ten="265,265,358,112" oya="1" hai0="104,21,123,65,97,36,11,23,35,52,129,18,127" hai1="3,106,20,89,122,103,16,114,107,40,15,51,25" hai2="17,34,12,110,101,50,70,100,32,24,1,102,116" hai3="49,69,124,37,78,98,130,10,47,56,42,126,120"/><U128/><E114/><V55/><F116/><W112/><G112/><T72/><D35/><U54/><E122/><V58/><F1/><W8/><G120/><T41/><D123/><U81/><E3/><V119/><F119/><W64/><G130/><T84/><D72/><U27/><E128/><V115/><F115/><W90/><G98/><T38/><D129/><U67/><E40/><V75/><F70/><W46/><G90/><T0/><D65/><U43/><E43/><V133/><F75/><W44/><G10/><T62/><D127/><N who="3" m="48681" /><G8/><T31/><D97/><U80/><E67/><V45/><F110/><W94/><G94/><T85/><D104/><U14/><E107/><V83/><F133/><W125/><N who="3" m="48689" /><W96/><DORA hai="109" /><G96/><T88/><D11/><U118/><E118/><V33/><F83/><W131/><G78/><T61/><D0/><U77/><E103/><V108/><F108/><W28/><G28/><T79/><D31/><U71/><E106/><V19/><F100/><W13/><G13/><T6/><D6/><U86/><E71/><V74/><F12/><W59/><G131/><T134/><D79/><U95/><E14/><V117/><F101/><W132/><G132/><T66/><D88/><U99/><E81/><V57/><F102/><W2/><G2/><T48/><D18/><U105/><E105/><V135/><F117/><W7/><G7/><T111/><D111/><U63/><E63/><V76/><F135/><W30/><G30/><T68/><D62/><U5/><E5/><V22/><F17/><W26/><G26/><T93/><D134/><RYUUKYOKU ba="0,0" sc="265,-15,265,15,358,15,112,-15" hai1="15,16,20,25,27,51,54,77,80,86,89,95,99" hai2="19,22,24,32,33,34,45,50,55,57,58,74,76" /><INIT seed="1,1,0,1,3,61" ten="250,280,373,97" oya="1" hai0="129,43,62,6,122,54,21,132,67,94,47,18,120" hai1="4,95,100,44,0,93,11,25,98,90,70,126,33" hai2="56,102,87,16,17,20,13,117,42,50,125,41,23" hai3="53,51,127,7,32,124,112,72,103,130,115,69,89"/><U109/><E126/><N who="3" m="48170" /><G32/><T113/><D6/><U15/><E70/><V19/><F117/><W58/><G7/><T24/><D113/><N who="3" m="43593" /><G103/><T84/><D129/><U73/><E73/><V40/><F125/><W66/><G89/><T60/><D132/><U92/><E109/><V85/><F102/><W131/><G72/><T79/><D54/><U81/><E44/><N who="2" m="25863" /><F56/><W104/><G104/><T39/><D62/><AGARI ba="1,0" hai="51,53,58,62,66,69,130,131" m="43593,48170" machi="62" ten="40,8000,1" yaku="18,1,34,2,52,1" doraHai="61" who="3" fromWho="0" sc="250,-83,280,0,373,0,97,83" /><INIT seed="2,0,0,1,2,124" ten="167,280,373,180" oya="2" hai0="53,102,118,51,16,66,18,79,101,19,21,131,7" hai1="25,71,54,83,36,73,88,100,43,98,20,127,95" hai2="126,31,45,26,132,75,0,48,87,65,105,41,113" hai3="61,97,58,1,120,96,130,27,12,24,114,14,93"/><V9/><F75/><W68/><G120/><T40/><D118/><U6/><E71/><V122/><F122/><W63/><G1/><T64/><D40/><U86/><E127/><V119/><F105/><W134/><G134/><T35/><D35/><U8/><E54/><V59/><F119/><W125/><G125/><T55/><D7/><U17/><E73/><V121/><F113/><W10/><G68/><T15/><D79/><U78/><E36/><V91/><F121/><W23/><G114/><T2/><D2/><U104/><E43/><V128/><F9/><W107/><G107/><T76/><D76/><U129/><E129/><V106/><F128/><W32/><G32/><T70/><D55/><U92/><REACH who="1" step="1"/><E78/><REACH who="1" ten="167,270,373,180" step="2"/><V11/><F41/><W34/><G130/><T5/><D131/><U47/><E47/><V74/><F45/><W28/><G58/><N who="0" m="33087" /><D70/><U81/><E81/><V72/><F59/><W13/><G61/><T30/><D66/><U62/><E62/><V49/><F74/><W117/><G63/><T60/><D60/><U57/><E57/><V44/><F72/><W84/><G117/><T37/><D37/><U90/><E90/><V46/><F46/><W50/><G50/><T103/><D64/><U82/><E82/><V80/><F44/><W39/><G39/><T38/><D38/><U112/><E112/><V4/><F48/><W52/><G52/><T69/><D69/><U115/><E115/><V99/><F49/><W116/><G116/><T77/><D77/><U22/><E22/><V135/><F126/><W110/><G34/><T133/><D21/><RYUUKYOKU ba="0,1" sc="167,-10,270,30,373,-10,180,-10" hai1="6,8,17,20,25,83,86,88,92,95,98,100,104" /><INIT seed="3,1,1,4,2,54" ten="157,300,363,170" oya="3" hai0="45,73,127,114,60,5,107,101,39,132,97,85,55" hai1="2,28,87,90,43,50,82,15,112,42,86,47,26" hai2="118,0,84,113,8,78,72,63,109,13,41,64,23" hai3="58,128,89,106,121,134,91,88,17,29,119,115,74"/><W111/><G115/><T21/><D73/><U35/><E112/><V53/><F113/><W125/><G119/><T33/><D114/><U93/><E2/><V52/><F72/><W129/><G121/><T51/><D33/><U37/><E15/><V31/><F0/><W65/><G106/><T4/><D132/><U81/><E93/><V67/><F41/><W9/><G74/><T99/><D127/><U83/><E83/><N who="2" m="47223" /><F109/><W98/><G134/><T32/><D32/><U36/><REACH who="1" step="1"/><E43/><REACH who="1" ten="157,290,363,170" step="2"/><V44/><F13/><N who="3" m="7343" /><G111/><T135/><D135/><U69/><E69/><V30/><F118/><W120/><G125/><T104/><D104/><U61/><E61/><V57/><F63/><N who="3" m="38135" /><G120/><T49/><D60/><U22/><E22/><V27/><F23/><W71/><G71/><T110/><D110/><U25/><E25/><V131/><F27/><W117/><G117/><T7/><D21/><U46/><E46/><V95/><F44/><W10/><G10/><T100/><D107/><U40/><E40/><V92/><F8/><W77/><G129/><T59/><D39/><U116/><E116/><V105/><F105/><W103/><G128/><T1/><D1/><U38/><E38/><V123/><F131/><W70/><G70/><T66/><D51/><U16/><E16/><V108/><F123/><W76/><G29/><T11/><D11/><U19/><E19/><V126/><F108/><W14/><G14/><T124/><D124/><U96/><E96/><N who="0" m="36937" /><D85/><U6/><E6/><V56/><F126/><W24/><G24/><T18/><D18/><U3/><E3/><V122/><F122/><RYUUKYOKU ba="1,2" sc="157,10,290,10,363,-30,170,10" hai0="4,5,7,45,49,55,59,66,100,101" hai1="26,28,35,36,37,42,47,50,81,82,86,87,90" hai3="76,77,88,89,91,98,103" /><INIT seed="3,2,2,4,4,130" ten="167,300,333,180" oya="3" hai0="132,72,121,12,81,2,42,56,0,88,38,124,99" hai1="20,68,37,31,100,117,123,59,33,79,9,131,15" hai2="107,134,45,92,1,78,111,3,109,63,77,115,4" hai3="25,34,53,39,84,26,24,101,128,47,41,64,44"/><W8/><G34/><T51/><D121/><U135/><E123/><V14/><F107/><W126/><G128/><T54/><D124/><U27/><E68/><V30/><F115/><W119/><G119/><T66/><D132/><U75/><E135/><V91/><F134/><W65/><G126/><T49/><D38/><U36/><E131/><V11/><F30/><W108/><G108/><N who="2" m="41545" /><F63/><W104/><G84/><T113/><D113/><U6/><E117/><V70/><F45/><W17/><G101/><T22/><D66/><U125/><E125/><V90/><F70/><W106/><G53/><T80/><D0/><N who="2" m="74" /><F90/><W93/><G47/><N who="0" m="25847" /><D2/><N who="1" m="215" /><E100/><V116/><F116/><W82/><G106/><T86/><D72/><U71/><E71/><V73/><F73/><W85/><G104/><T21/><D81/><N who="1" m="45311" /><E59/><V7/><F4/><W105/><G105/><T110/><D110/><U52/><E52/><V97/><AGARI ba="2,2" hai="7,11,14,77,78,91,92,97" m="74,41545" machi="97" ten="30,1100,0" yaku="14,1" doraHai="130" who="2" fromWho="2" sc="167,-5,300,-5,333,37,180,-7" owari="162,-33.8,295,9.5,370,47.0,173,-22.7" /></mjloggm>