<mjloggm ver="2.3"><GO type="225" lobby="0"/><UN n0="%E2%91%A3%E9%81%BF%E9%81%8A%E6%88%AF%E3%80%90%E6%9D%B1%E5%8D%97%E3%80%91" n1="%33%74%72%65%65" n2="%74%61%6B%75%61%6B%61" n3="%E3%83%B4%E3%82%A3%E3%83%AF%E3%82%B3%E3%82%B0%E3%83%8B" dan="16,17,17,16" rate="2081.38,2247.35,2219.96,2173.46" sx="M,F,M,M"/><TAIKYOKU oya="0"/><INIT seed="0,0,0,2,5,121" ten="250,250,250,250" oya="0" hai0="84,38,46,2,6,89,63,135,109,12,95,30,14" hai1="82,92,29,62,4,71,33,108,49,15,103,126,114" hai2="47,85,0,129,75,34,37,64,112,24,123,88,48" hai3="66,58,28,69,122,27,61,18,22,59,91,80,81"/><T74/><D74/><U107/><E92/><V96/><F123/><W120/><G120/><T36/><D30/><U60/><E60/><V20/><F112/><W56/><G122/><T10/><D63/><U73/><E49/><V16/><F75/><W25/><REACH who="3" step="1"/><G91/><REACH who="3" ten="250,250,250,240" step="2"/><T124/><D124/><U86/><E126/><V78/><F88/><W98/><G98/><T8/><D135/><U125/><E125/><V67/><F96/><W127/><G127/><T76/><D76/><U130/><E114/><V99/><F99/><W31/><G31/><T111/><D2/><U45/><E29/><V105/><F78/><W19/><G19/><N who="0" m="8583" /><D46/><U118/><E45/><V32/><F47/><W117/><G117/><T100/><D100/><U5/><E103/><V51/><F16/><W132/><G132/><T116/><D116/><U83/><E118/><V87/><F0/><W104/><G104/><T70/><D70/><U101/><E71/><V43/><F105/><W97/><G97/><T52/><D52/><U54/><E54/><V94/><F34/><AGARI ba="0,1" hai="18,22,25,27,28,34,56,58,59,61,66,69,80,81" machi="34" ten="40,1300,0" yaku="1,1,53,0" doraHai="121" doraHaiUra="39" who="3" fromWho="2" sc="250,0,250,0,250,-13,240,23" /><INIT seed="1,0,0,4,2,0" ten="250,250,237,263" oya="1" hai0="128,17,23,115,133,99,54,36,31,5,81,9,66" hai1="68,25,78,51,87,109,1,125,76,10,45,39,90" hai2="121,60,112,67,35,29,11,71,52,88,132,16,79" hai3="117,94,108,82,15,55,28,62,127,105,111,64,86"/><U106/><E125/><V97/><F121/><W72/><G127/><T38/><D115/><U42/><E106/><V70/><F132/><W89/><G105/><T75/><D133/><U30/><E68/><V119/><F119/><W73/><G117/><T41/><D128/><U27/><E109/><N who="3" m="42058" /><G55/><T46/><D31/><U34/><E27/><V14/><F112/><W69/><G28/><T3/><D66/><U131/><E131/><V92/><F71/><W129/><G129/><T96/><D38/><U50/><E51/><V57/><F79/><N who="3" m="46431" /><G15/><T95/><D54/><U20/><E34/><V61/><F29/><W4/><G4/><T49/><D49/><U83/><REACH who="1" step="1"/><E39/><REACH who="1" ten="250,240,237,263" step="2"/><V77/><REACH who="2" step="1"/><F77/><REACH who="2" ten="250,240,227,263" step="2"/><W113/><G113/><T47/><D36/><U135/><E135/><V48/><F48/><W120/><G120/><T40/><D41/><U103/><E103/><V80/><F80/><W130/><G130/><T18/><D40/><U98/><E98/><AGARI ba="0,2" hai="62,64,69,72,73,89,94,98" m="46431,42058" machi="98" ten="30,1000,0" yaku="14,1" doraHai="0" who="3" fromWho="1" sc="250,0,240,-10,227,0,263,30" /><INIT seed="2,0,0,0,3,67" ten="250,230,227,293" oya="2" hai0="77,112,97,55,114,19,130,118,79,48,71,20,5" hai1="120,51,54,41,30,25,98,35,125,85,117,133,63" hai2="73,7,22,21,28,109,44,123,102,69,122,50,105" hai3="40,108,62,83,49,10,107,18,92,95,6,43,60"/><V119/><F119/><W27/><G107/><T24/><D71/><U89/><E117/><V29/><F73/><W34/><G108/><T126/><D118/><U129/><E129/><V33/><F109/><W115/><G83/><T52/><D130/><U78/><E133/><V31/><F33/><W82/><G82/><T80/><D126/><U2/><E125/><V58/><F58/><W64/><G18/><T124/><D124/><U57/><E78/><V38/><F38/><W100/><G100/><T110/><D79/><U94/><E2/><V59/><F59/><W23/><G23/><T134/><D134/><U32/><E120/><V84/><F7/><W11/><G27/><T37/><D37/><U53/><E41/><V17/><F84/><W46/><G64/><T3/><D97/><U81/><E35/><V93/><F93/><W12/><G34/><T76/><D76/><U8/><E8/><V86/><F86/><W103/><G115/><T0/><D55/><U16/><E16/><V87/><F87/><W70/><G10/><N who="0" m="2343" /><D3/><U68/><E68/><V75/><F75/><W39/><G39/><T88/><D88/><U61/><E54/><N who="2" m="30023" /><F69/><W4/><G70/><T72/><D110/><U113/><E113/><V36/><F36/><W56/><G40/><T96/><D96/><U66/><E66/><V74/><F74/><W121/><G92/><T106/><D106/><U9/><E9/><V14/><F22/><W135/><G95/><T99/><D99/><U15/><E15/><V127/><F127/><W65/><G121/><T1/><D1/><U116/><E116/><RYUUKYOKU ba="0,0" sc="250,10,230,10,227,10,293,-30" hai0="19,20,24,48,52,72,77,80,112,114" hai1="25,30,32,51,53,57,61,63,81,85,89,94,98" hai2="14,17,21,28,29,31,102,105,122,123" /><INIT seed="2,1,0,2,1,118" ten="260,240,237,263" oya="2" hai0="31,80,37,74,5,55,20,28,107,39,41,42,30" hai1="88,9,40,27,13,34,119,113,109,97,83,129,98" hai2="122,95,52,130,93,108,11,23,43,66,8,33,22" hai3="58,65,77,38,53,135,103,32,90,87,75,125,104"/><V106/><F106/><W67/><G38/><T82/><D107/><U76/><E119/><V89/><F33/><W50/><G32/><T61/><D5/><U62/><E113/><V105/><F105/><W134/><G125/><T47/><D20/><N who="2" m="7722" /><F122/><W132/><G77/><T121/><D121/><U0/><E0/><V16/><F130/><W46/><G75/><T59/><D74/><U116/><E116/><V86/><F108/><W44/><G103/><T127/><D127/><U3/><E3/><V100/><F43/><W78/><G78/><T99/><D99/><U110/><E129/><V68/><F68/><W49/><G104/><T1/><D1/><U21/><E34/><V2/><F2/><W45/><REACH who="3" step="1"/><G50/><REACH who="3" ten="260,240,237,253" step="2"/><T101/><D101/><U128/><E110/><V7/><F100/><W123/><G123/><T14/><D39/><U114/><E109/><V24/><F89/><W69/><G69/><T57/><D37/><U4/><E88/><V79/><F79/><W17/><G17/><T96/><D31/><U35/><E35/><V124/><F124/><W71/><G71/><T25/><D30/><U64/><E128/><V126/><F126/><W102/><G102/><T29/><D28/><U10/><E76/><V111/><F111/><W112/><G112/><T85/><D29/><U26/><E26/><V54/><F24/><W84/><G84/><T131/><D85/><U48/><E27/><V60/><F86/><W81/><AGARI ba="1,1" hai="44,45,46,49,53,58,65,67,81,87,90,132,134,135" machi="81" ten="40,5200,0" yaku="1,1,0,1,20,1,53,0" doraHai="118" doraHaiUra="120" who="3" fromWho="3" sc="260,-14,240,-14,237,-27,253,65" /><INIT seed="3,0,0,5,4,69" ten="246,226,210,318" oya="3" hai0="4,110,7,131,43,29,55,64,126,79,33,48,93" hai1="6,15,52,25,60,104,106,113,124,32,26,28,13" hai2="134,109,115,18,129,54,122,95,19,107,84,66,135" hai3="128,114,98,97,96,12,119,65,81,91,8,121,30"/><W70/><G114/><T41/><D110/><U67/><E113/><V77/><F115/><W120/><G119/><T46/><D64/><U1/><E124/><V31/><F107/><W116/><G116/><T117/><D117/><U23/><E52/><V57/><F109/><W53/><G30/><T9/><D7/><U16/><E26/><V49/><F129/><W10/><G10/><T90/><D79/><U63/><E13/><V72/><F122/><W78/><G91/><T76/><D76/><U47/><E47/><V82/><F31/><W85/><G128/><T112/><D131/><U125/><E125/><V22/><F66/><W42/><G42/><T20/><D33/><U39/><E39/><V68/><F68/><W37/><G37/><T99/><D126/><U38/><E38/><V45/><F45/><W3/><G3/><T56/><D112/><U27/><E27/><V21/><F21/><W58/><G70/><T44/><D20/><U17/><E17/><V118/><F118/><W2/><G2/><T111/><D29/><U74/><E74/><V89/><REACH who="2" step="1"/><F18/><REACH who="2" ten="246,226,200,318" step="2"/><N who="3" m="8455" /><G65/><T100/><D111/><U75/><E67/><V59/><F59/><W94/><G121/><T86/><D46/><U5/><E5/><V62/><F62/><N who="1" m="23593" /><E75/><V71/><F71/><W40/><G120/><T83/><D44/><U92/><E92/><V133/><F133/><W102/><G58/><T80/><D80/><U123/><E123/><V108/><F108/><W34/><G81/><T103/><D103/><U132/><E132/><V14/><AGARI ba="0,1" hai="14,19,22,49,54,57,72,77,82,84,89,95,134,135" machi="14" ten="30,8000,1" yaku="1,1,0,1,25,2,53,1" doraHai="69" doraHaiUra="87" who="2" fromWho="2" sc="246,-20,226,-20,200,90,318,-40" /><INIT seed="4,0,0,5,1,38" ten="226,206,290,278" oya="0" hai0="82,88,30,18,99,125,97,14,34,49,21,50,87" hai1="135,23,86,73,48,42,130,64,120,70,131,101,129" hai2="96,100,11,25,31,105,118,1,27,3,60,66,33" hai3="5,6,122,56,80,15,65,90,4,13,47,40,41"/><T103/><D125/><U132/><E73/><V53/><F118/><W10/><G122/><T9/><D34/><U85/><E120/><V59/><F11/><N who="3" m="4327" /><G47/><T36/><D36/><U91/><E101/><V67/><F67/><W54/><G65/><T78/><D78/><U28/><E64/><V45/><F25/><W127/><G5/><T32/><D32/><U128/><N who="1" m="32768" /><DORA hai="16" /><U7/><E7/><V107/><F107/><W24/><G24/><N who="0" m="16655" /><D103/><U93/><E70/><N who="2" m="42311" /><F45/><W44/><G44/><T83/><D83/><U61/><E61/><AGARI ba="0,0" hai="1,3,27,31,33,53,59,61,96,100,105" m="42311" machi="61" ten="30,1000,0" yaku="25,1" doraHai="38,16" who="2" fromWho="1" sc="226,0,206,-10,290,10,278,0" owari="226,-17.4,196,-30.4,300,40.0,278,7.8" /></mjloggm>