<mjloggm ver="2.3"><GO type="225" lobby="0"/><UN n0="%E3%81%AF%E3%82%88%E3%81%8A%E3%81%98%E3%81%95%E3%82%93" n1="%E4%BF%BA%E3%81%A8%E5%A6%96%E5%A4%A2" n2="%E3%81%99%E3%81%84%E3%81%BE%E3%81%9B%E3%83%BC%E3%82%93" n3="%E3%81%A9%E3%82%8F%E3%82%93%E3%81%94" dan="16,17,16,16" rate="2084.16,2196.41,2113.45,2156.27" sx="M,F,M,M"/><TAIKYOKU oya="0"/><INIT seed="0,0,0,0,1,46" ten="250,250,250,250" oya="0" hai0="98,113,18,43,60,45,81,25,85,2,30,67,100" hai1="9,109,33,14,47,125,97,42,75,35,36,116,13" hai2="131,48,66,21,51,88,99,89,53,49,105,8,120" hai3="134,72,73,83,50,26,74,0,115,114,24,86,7"/><T1/><D18/><U117/><E75/><V124/><F120/><W103/><G134/><T63/><D113/><U68/><E68/><V55/><F124/><W87/><G103/><T61/><D67/><U79/><E79/><V118/><F131/><W52/><G7/><T64/><D64/><U80/><E80/><V11/><F118/><W95/><G0/><T62/><N who="0" m="15360" /><DORA hai="129" /><T59/><D59/><U132/><E125/><V130/><F130/><W71/><G71/><T37/><D25/><U133/><E97/><V119/><F119/><N who="1" m="45641" /><E109/><V38/><F38/><W29/><G95/><T121/><D30/><U93/><E93/><N who="2" m="56743" /><F105/><W90/><G87/><T110/><D121/><U108/><E108/><V135/><F135/><N who="1" m="51785" /><E14/><V69/><F66/><W128/><G26/><T91/><REACH who="0" step="1"/><D110/><REACH who="0" ten="240,250,250,250" step="2"/><U65/><E65/><V23/><F69/><W127/><G128/><T84/><D84/><U77/><E77/><V57/><F57/><W44/><REACH who="3" step="1"/><G127/><REACH who="3" ten="240,250,250,240" step="2"/><T40/><D40/><U70/><E70/><V34/><F55/><W4/><G4/><AGARI ba="0,2" hai="4,9,13,33,35,36,42,47" m="51785,45641" machi="4" ten="30,7700,0" yaku="20,1,52,3" doraHai="46,129" who="1" fromWho="3" sc="240,0,250,97,250,0,240,-77" /><INIT seed="1,0,0,0,2,61" ten="240,347,250,163" oya="1" hai0="78,123,2,116,1,68,67,11,29,130,104,96,52" hai1="22,135,73,36,19,63,81,75,10,6,126,105,132" hai2="90,112,74,120,129,12,26,100,62,50,113,121,49" hai3="28,106,23,115,0,127,128,88,13,47,89,86,46"/><U92/><E105/><V5/><F74/><W119/><G128/><T54/><D116/><U14/><E36/><V41/><F129/><W66/><G127/><T53/><D130/><U93/><E126/><V35/><F100/><W87/><G115/><N who="2" m="44105" /><F90/><W45/><G106/><T16/><D123/><U3/><E63/><V15/><F62/><W125/><G0/><T84/><D67/><U21/><E21/><V83/><F83/><W95/><G125/><T65/><D65/><U64/><E64/><V25/><F41/><W38/><G119/><T79/><D29/><U33/><E33/><V70/><F70/><W17/><G66/><T9/><D68/><U107/><E107/><V32/><F5/><W40/><REACH who="3" step="1"/><G28/><REACH who="3" ten="240,347,250,153" step="2"/><T117/><D104/><U34/><E3/><V118/><F118/><W124/><G124/><T85/><D117/><U56/><E135/><V59/><F121/><W103/><G103/><T69/><D69/><U77/><E132/><V94/><F120/><W131/><G131/><T8/><D1/><U114/><E114/><V72/><F35/><W27/><G27/><T48/><D2/><U98/><E34/><V44/><F26/><W37/><G37/><T39/><D39/><U58/><E14/><V122/><F25/><W18/><G18/><T99/><D16/><U101/><E19/><V102/><F32/><W133/><G133/><T42/><D8/><U111/><E10/><V51/><F12/><W20/><G20/><T60/><D9/><U43/><E22/><V80/><F122/><W57/><G57/><N who="0" m="34855" /><D11/><U108/><E101/><V24/><F102/><RYUUKYOKU ba="0,1" sc="240,-10,347,-10,250,-10,153,30" hai3="13,17,23,38,40,45,46,47,86,87,88,89,95" /><INIT seed="2,1,1,1,4,88" ten="230,337,240,183" oya="2" hai0="67,20,23,38,80,100,49,57,90,43,11,4,87" hai1="58,36,93,39,92,48,14,18,96,17,123,131,109" hai2="55,29,101,12,107,0,127,34,60,111,74,72,32" hai3="70,116,77,84,25,124,113,135,75,120,33,76,35"/><V73/><F0/><W89/><G120/><T44/><D100/><U6/><E123/><V37/><F37/><W5/><G70/><T86/><D86/><U97/><E109/><V15/><F127/><W24/><G116/><T112/><D112/><U50/><E6/><V7/><F111/><W16/><G124/><T42/><D42/><U52/><E131/><V21/><F29/><W94/><G5/><T122/><D122/><U129/><E129/><V83/><F83/><W68/><G68/><T121/><D121/><U31/><E31/><V79/><F79/><W30/><G135/><T103/><D103/><N who="1" m="60807" /><E39/><V98/><F21/><W1/><G1/><T40/><D43/><U114/><E36/><V59/><REACH who="2" step="1"/><F7/><REACH who="2" ten="230,337,230,183" step="2"/><W53/><G113/><T105/><D38/><U9/><E114/><V130/><F130/><W45/><G75/><T91/><D23/><U62/><E18/><V51/><F51/><N who="3" m="28911" /><G35/><AGARI ba="1,2" hai="12,15,32,34,35,55,59,60,72,73,74,98,101,107" machi="35" ten="50,2400,0" yaku="1,1,53,0" doraHai="88" doraHaiUra="66" who="2" fromWho="3" sc="230,0,337,0,230,47,183,-27" /><INIT seed="2,2,0,3,1,130" ten="230,337,277,156" oya="2" hai0="46,33,24,5,67,118,36,100,57,112,27,52,51" hai1="105,106,122,81,68,4,82,104,74,6,49,108,80" hai2="85,48,120,91,29,131,71,126,13,26,72,134,116" hai3="60,0,119,94,50,23,84,12,99,69,103,39,90"/><V64/><F116/><W42/><G119/><T109/><D112/><U76/><E68/><V96/><F72/><W38/><G0/><T47/><D118/><U32/><E32/><V113/><F113/><W110/><G110/><T62/><D109/><U102/><E108/><V95/><F120/><W117/><G117/><T115/><D115/><U88/><E122/><V73/><F73/><W135/><G135/><T63/><D33/><U121/><E121/><V53/><F131/><W9/><G23/><T78/><D78/><U10/><E102/><V61/><F126/><W40/><G69/><T111/><D111/><U19/><E19/><V70/><F70/><W83/><G60/><T25/><D5/><U34/><E34/><V128/><F13/><W35/><G35/><T124/><D100/><U14/><E4/><V127/><F127/><W44/><REACH who="3" step="1"/><G40/><REACH who="3" ten="230,337,277,146" step="2"/><N who="0" m="22791" /><D63/><U92/><REACH who="1" step="1"/><E49/><REACH who="1" ten="230,327,277,146" step="2"/><V133/><F128/><W15/><G15/><T1/><D124/><U2/><E2/><V3/><F3/><W30/><G30/><T107/><D1/><U20/><E20/><V22/><F48/><W75/><G75/><T89/><D51/><U86/><AGARI ba="2,2" hai="6,10,14,74,76,80,81,82,86,88,92,104,105,106" machi="86" ten="30,4000,0" yaku="1,1,0,1,54,1,53,0" doraHai="130" doraHaiUra="18" who="1" fromWho="1" sc="230,-12,327,66,277,-22,146,-12" /><INIT seed="3,0,0,3,3,119" ten="218,393,255,134" oya="3" hai0="108,49,63,46,104,109,89,115,21,82,53,76,16" hai1="70,78,58,60,118,15,84,97,67,8,13,9,129" hai2="79,33,24,66,32,17,95,127,12,19,106,48,124" hai3="57,125,83,44,55,40,6,100,37,110,123,23,126"/><W133/><G6/><T90/><D104/><U102/><E118/><V14/><F106/><W10/><G10/><T107/><D107/><U25/><E129/><V45/><F66/><W69/><G100/><T5/><D5/><U111/><E111/><N who="0" m="42569" /><D63/><U94/><E70/><V50/><F79/><W130/><G110/><T112/><D76/><U135/><E135/><V120/><F95/><W47/><G83/><T68/><D68/><U42/><E42/><V35/><F120/><W134/><G23/><T122/><D122/><U62/><E62/><V93/><F93/><W38/><G69/><T131/><D131/><U65/><E65/><V1/><F1/><W18/><G18/><T88/><D82/><U54/><E25/><AGARI ba="0,0" hai="16,21,25,46,49,53,88,89,90,112,115" m="42569" machi="25" ten="30,3900,0" yaku="14,1,54,2" doraHai="119" who="0" fromWho="1" sc="218,39,393,-39,255,0,134,0" owari="257,5.7,354,45.4,255,-14.5,134,-36.6" /></mjloggm>