<mjloggm ver="2.3"><GO type="225" lobby="0"/><UN n0="%E7%99%BD%E6%97%A5%E9%9B%AA%E8%8F%9C" n1="%E3%81%A8%E3%82%93%E3%81%A8%E3%81%93%E3%81%A8%E3%82%93" n2="%E7%99%BD%E9%9B%AA%E4%B9%83%E6%84%9B" n3="%E3%81%A9%E3%82%8F%E3%82%93%E3%81%94" dan="16,16,16,16" rate="2150.77,2118.12,2067.93,2062.22" sx="M,F,F,M"/><TAIKYOKU oya="0"/><INIT seed="0,0,0,3,0,67" ten="250,250,250,250" oya="0" hai0="120,22,41,95,10,43,53,2,91,97,68,55,63" hai1="106,25,111,61,101,126,15,29,113,0,80,123,40" hai2="131,12,108,4,18,105,85,129,50,122,42,26,112" hai3="110,24,125,62,89,103,81,3,9,65,72,19,49"/><T93/><D120/><U37/><E123/><V116/><F122/><W132/><G103/><T121/><D121/><U36/><E15/><V73/><F112/><W45/><G110/><T134/><D134/><U28/><E28/><V83/><F105/><W86/><G132/><T14/><D2/><U1/><E80/><V117/><F73/><W77/><G125/><T31/><D68/><U114/><E61/><V17/><F108/><W6/><G24/><N who="0" m="16791" /><D93/><U64/><E64/><V46/><F26/><W130/><G130/><N who="2" m="49673" /><F4/><W99/><G19/><N who="2" m="7177" /><F12/><W96/><G77/><AGARI ba="0,0" hai="42,46,50,77,83,85,116,117" m="7177,49673" machi="77" ten="30,1000,0" yaku="19,1" doraHai="67" who="2" fromWho="3" sc="250,0,250,0,250,10,250,-10" /><INIT seed="1,0,0,1,5,65" ten="250,250,260,240" oya="1" hai0="24,104,61,36,80,102,132,34,67,30,92,12,22" hai1="58,23,59,27,2,37,53,127,121,86,25,75,130" hai2="116,13,28,89,19,62,56,7,38,100,109,96,126" hai3="29,69,111,21,78,120,72,57,85,115,64,8,52"/><U43/><E75/><V4/><F116/><W88/><G115/><T10/><D36/><U68/><E121/><V3/><F38/><W45/><G120/><T103/><D132/><U123/><E123/><V5/><F3/><W11/><G111/><T9/><D104/><U91/><E2/><V20/><F109/><W32/><G32/><T105/><D105/><U84/><E127/><V128/><F126/><W47/><G72/><T41/><D41/><U39/><E130/><V48/><F128/><W134/><G78/><T46/><D46/><N who="3" m="17417" /><G69/><T101/><D80/><U117/><E43/><V131/><F131/><W99/><G99/><T1/><D1/><U35/><E35/><V114/><F48/><N who="3" m="30855" /><G64/><T15/><D34/><U18/><E68/><V49/><F49/><W55/><G55/><T76/><D76/><U6/><E117/><V54/><F114/><W63/><G63/><T87/><D87/><U97/><E97/><V71/><F71/><W95/><G134/><T42/><D42/><U107/><E107/><V98/><F100/><W90/><G90/><T133/><D133/><U33/><E91/><V118/><F118/><W17/><G29/><T16/><D61/><U31/><E37/><V83/><F28/><W112/><G112/><T135/><D67/><U0/><E39/><V82/><F89/><W14/><AGARI ba="0,0" hai="8,11,14,17,21,85,88,95" m="30855,17417" machi="14" ten="30,7900,0" yaku="25,1,8,1,54,2" doraHai="65" who="3" fromWho="3" sc="250,-20,250,-39,260,-20,240,79" /><INIT seed="2,0,0,1,0,127" ten="230,211,240,319" oya="2" hai0="80,30,84,133,17,41,114,31,100,116,85,27,73" hai1="7,45,4,37,36,109,43,93,40,56,117,122,91" hai2="18,69,88,110,129,97,6,39,103,23,118,22,125" hai3="14,89,75,11,115,72,61,132,3,70,55,16,131"/><V78/><F118/><W46/><G132/><T102/><D114/><U65/><E117/><V13/><F39/><W135/><G135/><T104/><D133/><U81/><E109/><V121/><F121/><W25/><G115/><T51/><D73/><U47/><E81/><V124/><F69/><W57/><G70/><T29/><D104/><U107/><E107/><V1/><F78/><W9/><G25/><T67/><D67/><U50/><E122/><V111/><F23/><W112/><G112/><T79/><D85/><U86/><REACH who="1" step="1"/><E65/><REACH who="1" ten="230,201,240,319" step="2"/><V68/><F111/><W83/><G83/><T87/><D116/><U19/><E19/><V74/><F110/><W99/><G16/><T95/><D17/><U49/><E49/><V2/><F74/><W98/><G75/><T26/><D31/><U106/><E106/><V130/><F124/><W33/><G72/><T20/><D30/><U28/><E28/><V53/><F125/><W77/><G61/><T8/><D29/><U128/><E128/><V0/><F6/><W105/><G131/><T10/><D80/><U24/><E24/><V15/><F130/><W108/><G105/><T52/><D27/><U76/><E76/><V38/><F129/><W35/><G77/><T54/><D79/><U21/><E21/><V82/><F38/><W64/><G64/><T66/><D20/><U58/><E58/><V34/><F22/><W71/><G108/><T44/><D26/><U32/><E32/><V119/><F119/><W90/><G35/><T101/><D66/><U113/><E113/><V59/><F34/><W123/><G33/><RYUUKYOKU ba="0,1" sc="230,-10,201,30,240,-10,319,-10" hai1="4,7,36,37,40,43,45,47,50,56,86,91,93" /><INIT seed="3,1,1,4,1,131" ten="220,231,230,309" oya="3" hai0="85,24,62,72,84,0,40,99,1,48,88,111,67" hai1="107,77,65,103,38,133,26,102,66,54,123,96,70" hai2="17,69,115,21,12,32,68,39,49,44,41,5,55" hai3="94,91,64,118,33,61,117,25,18,98,105,28,15"/><W80/><G105/><T35/><D72/><U90/><E123/><V100/><F115/><W129/><G129/><T46/><D111/><U20/><E38/><V37/><F32/><W82/><G118/><T126/><D126/><U119/><E77/><V23/><F5/><W120/><G120/><T108/><D108/><U134/><E119/><V30/><F100/><W97/><G97/><T8/><D99/><N who="1" m="61919" /><E90/><V34/><F34/><W57/><G117/><T10/><D84/><U53/><E70/><V3/><F3/><W31/><G31/><T75/><D75/><U81/><E81/><V101/><F101/><W106/><G106/><T16/><D1/><U122/><E65/><V59/><F39/><W109/><G109/><T89/><D0/><U27/><E66/><V110/><F110/><W6/><G6/><T114/><D114/><U130/><E27/><V29/><F29/><W92/><G94/><T13/><D89/><U83/><E83/><V121/><F121/><W19/><G19/><T60/><D8/><AGARI ba="1,1" hai="8,15,18,25,28,33,57,61,64,80,82,91,92,98" machi="8" ten="30,1500,0" yaku="7,1" doraHai="131" who="3" fromWho="0" sc="220,-18,231,0,230,0,309,28" owari="202,-29.8,231,3.1,230,-17.0,337,43.7" /></mjloggm>