<mjloggm ver="2.3"><GO type="225" lobby="0"/><UN n0="%74%61%6B%75%61%6B%61" n1="%E7%99%BD%E9%9B%AA%E4%B9%83%E6%84%9B" n2="%72%65%6E%6B%75%6E" n3="%E3%83%AD%E3%83%83%E3%83%86%E9%9B%80%E7%90%83" dan="16,16,17,17" rate="2180.15,2065.69,2307.68,2268.89" sx="M,F,M,M"/><TAIKYOKU oya="0"/><INIT seed="0,0,0,3,4,67" ten="250,250,250,250" oya="0" hai0="19,33,8,29,37,1,34,122,26,5,121,22,60" hai1="10,84,130,127,56,52,0,95,103,85,6,62,98" hai2="101,43,71,113,83,23,97,99,14,132,69,65,110" hai3="18,49,25,55,129,70,102,13,41,108,118,47,93"/><T91/><D37/><U124/><REACH who="1" step="1"/><E130/><REACH who="1" ten="250,240,250,250" step="2"/><V24/><F113/><W53/><G118/><T94/><D60/><U128/><E128/><V135/><F110/><W126/><G108/><T4/><D4/><U133/><E133/><V57/><F132/><W112/><G129/><T11/><D11/><U42/><E42/><V117/><F43/><W75/><G41/><T28/><D34/><U111/><E111/><V39/><F135/><W90/><G112/><T120/><REACH who="0" step="1"/><D33/><REACH who="0" ten="240,240,250,250" step="2"/><U20/><E20/><V63/><F23/><W96/><G49/><T58/><D58/><U31/><E31/><V48/><F57/><W27/><G47/><T89/><D89/><U114/><E114/><V86/><F63/><W106/><G90/><T109/><D109/><U80/><E80/><V77/><F83/><W54/><G102/><T61/><D61/><U45/><E45/><V76/><F101/><W32/><G32/><T16/><D16/><U116/><E116/><V35/><F117/><W17/><G18/><T9/><D9/><U50/><E50/><V44/><F48/><W15/><G17/><T78/><D78/><U125/><AGARI ba="0,2" hai="0,6,10,52,56,62,84,85,95,98,103,124,125,127" machi="125" ten="30,8000,1" yaku="21,2,0,1,18,1,54,1,53,0" doraHai="67" doraHaiUra="30" who="1" fromWho="1" sc="240,-40,240,100,250,-20,250,-20" /><INIT seed="1,0,0,4,2,109" ten="200,340,230,230" oya="1" hai0="110,121,74,14,92,56,101,18,29,28,64,65,46" hai1="21,43,19,37,77,34,60,2,123,112,23,39,17" hai2="87,134,128,132,70,96,99,33,119,4,38,90,6" hai3="113,120,107,53,95,10,51,122,40,54,26,98,41"/><U7/><E112/><V11/><F33/><W3/><G107/><T111/><D74/><U71/><E123/><V105/><F38/><W49/><G26/><T66/><D121/><U116/><E116/><V127/><F70/><W13/><G3/><T124/><D124/><U100/><E34/><V69/><F69/><W114/><G95/><T81/><D81/><U86/><E100/><V30/><F30/><W131/><G98/><N who="2" m="37417" /><F105/><W68/><G68/><T15/><D101/><U93/><E7/><V52/><F119/><W133/><G10/><T61/><D92/><U83/><E2/><V97/><N who="2" m="37425" /><V16/><DORA hai="135" /><F127/><W44/><G13/><T42/><D110/><U76/><E43/><N who="3" m="16458" /><G131/><T47/><D14/><U104/><E93/><N who="2" m="54495" /><F128/><W78/><G78/><T5/><D111/><U1/><E1/><V27/><F132/><W36/><G36/><T50/><D5/><U115/><E104/><V117/><F117/><W84/><G84/><T35/><D46/><U22/><E77/><V75/><F75/><W55/><G133/><T82/><D82/><U20/><E71/><V63/><F134/><W0/><G0/><T12/><D12/><U91/><E76/><V129/><F129/><W79/><G79/><T73/><D73/><U126/><E126/><V102/><F102/><W118/><G118/><T67/><REACH who="0" step="1"/><D35/><REACH who="0" ten="190,340,230,230" step="2"/><U59/><E83/><V125/><F125/><W58/><G122/><T57/><D57/><U48/><E59/><N who="2" m="35303" /><F11/><AGARI ba="0,1" hai="11,15,18,28,29,42,47,50,56,61,64,65,66,67" machi="11" ten="40,2600,0" yaku="1,1,8,1,53,0" doraHai="109,135" doraHaiUra="72,32" who="0" fromWho="2" sc="190,36,340,0,230,-26,230,0" /><INIT seed="2,0,0,5,4,83" ten="226,340,204,230" oya="2" hai0="113,64,122,14,25,8,15,63,67,6,43,19,57" hai1="3,131,11,73,127,109,23,135,34,114,33,10,132" hai2="108,124,7,86,24,0,91,106,107,17,26,27,79" hai3="116,126,103,98,75,58,92,41,130,72,53,87,65"/><V80/><F108/><W18/><G116/><T9/><D122/><U30/><E73/><V21/><F124/><W1/><G126/><T32/><D113/><U99/><E127/><V55/><F55/><W84/><G130/><T68/><D43/><U125/><E125/><V88/><F0/><W70/><G1/><T111/><D111/><U39/><E39/><V129/><F7/><W82/><G41/><T77/><D68/><U37/><E37/><V54/><F129/><W133/><G133/><N who="1" m="51274" /><E109/><V66/><F66/><W71/><G18/><T128/><D128/><U59/><E59/><V62/><F106/><W12/><G12/><T20/><D32/><U96/><E96/><V90/><F107/><W36/><G36/><T112/><D112/><U28/><E99/><V121/><F121/><W81/><G75/><T134/><D134/><U38/><E38/><V56/><AGARI ba="0,0" hai="17,21,24,26,27,54,56,62,79,80,86,88,90,91" machi="56" ten="30,11700,0" yaku="0,1,8,1,52,1,54,1" doraHai="83" who="2" fromWho="2" sc="226,-39,340,-39,204,117,230,-39" /><INIT seed="2,1,0,0,5,69" ten="187,301,321,191" oya="2" hai0="100,133,60,17,80,19,113,103,118,120,7,115,89" hai1="42,93,22,72,1,46,98,57,95,30,79,18,111" hai2="23,76,39,110,78,104,35,9,85,0,122,108,44" hai3="119,121,41,70,58,102,125,20,62,68,50,129,130"/><V112/><F35/><W47/><G102/><T81/><D120/><U5/><E30/><V29/><F104/><W67/><G20/><T91/><D60/><U77/><E111/><N who="2" m="42539" /><F112/><W28/><G28/><T97/><D97/><U75/><E57/><V53/><F122/><W6/><G6/><T40/><D40/><U13/><E75/><V33/><F33/><W71/><G121/><T74/><D7/><U36/><E79/><N who="2" m="30251" /><F85/><W24/><G24/><T49/><D49/><U55/><E55/><V134/><F134/><W45/><G119/><T12/><D133/><U117/><E98/><V105/><F105/><W94/><G94/><T32/><D32/><U101/><E101/><V135/><F53/><N who="3" m="29919" /><G125/><T96/><D96/><U126/><E126/><V15/><F0/><W132/><G132/><T27/><D74/><U65/><E65/><V2/><F2/><W107/><G107/><T128/><D118/><U61/><E117/><V48/><F23/><W14/><G14/><T52/><D12/><U88/><E88/><V31/><F31/><W34/><G34/><T21/><D21/><U51/><E1/><V92/><F15/><W4/><G4/><T99/><D99/><U8/><E5/><V123/><F9/><W56/><G56/><T37/><D27/><U73/><E73/><V127/><F123/><W59/><G59/><T90/><D90/><U114/><E114/><V124/><F127/><W63/><G63/><T54/><D128/><N who="3" m="49257" /><G71/><T11/><REACH who="0" step="1"/><D11/><REACH who="0" ten="177,301,321,191" step="2"/><U116/><E8/><V64/><F124/><W109/><G109/><T16/><D16/><U3/><E18/><RYUUKYOKU ba="1,1" sc="177,15,301,-15,321,-15,191,15" hai0="17,19,37,52,54,80,81,89,91,100,103,113,115" hai3="41,45,58,62,67,68,70" /><INIT seed="3,2,1,4,2,39" ten="192,286,306,206" oya="3" hai0="82,6,119,18,102,30,40,5,57,9,83,1,54" hai1="44,19,104,100,65,36,71,51,46,127,78,107,33" hai2="103,121,72,0,80,101,98,116,32,130,120,20,49" hai3="41,81,132,45,70,114,47,86,84,10,73,48,68"/><W87/><G114/><T59/><D119/><U124/><E33/><V25/><F32/><W126/><G126/><N who="1" m="48170" /><E78/><N who="2" m="44103" /><F0/><W91/><G132/><T11/><D30/><U62/><E100/><V2/><F2/><W23/><G10/><N who="0" m="3595" /><D1/><U12/><E36/><V135/><F116/><W105/><G105/><N who="1" m="40522" /><E51/><V75/><F75/><W58/><G58/><N who="0" m="22027" /><D102/><U55/><E55/><V35/><F35/><W3/><G3/><T14/><D54/><U28/><E28/><V42/><F98/><W16/><G47/><T122/><D122/><U67/><E67/><V112/><F135/><W43/><G43/><T93/><D40/><U85/><E85/><V38/><F38/><W7/><G7/><N who="0" m="2571" /><D93/><U66/><E66/><V17/><F112/><W22/><G22/><AGARI ba="2,1" hai="14,18,22,82,83" m="2571,22027,3595" machi="22" ten="30,1000,0" yaku="8,1" doraHai="39" who="0" fromWho="3" sc="192,26,286,0,306,0,206,-16" /><AGARI ba="2,0" hai="12,19,22,44,46,62,65,71" m="40522,48170" machi="22" ten="30,1000,0" yaku="18,1" doraHai="39" who="1" fromWho="3" sc="218,0,286,10,306,0,190,-10" owari="218,-18.2,296,9.6,306,40.6,180,-32.0" /></mjloggm>