<mjloggm ver="2.3"><GO type="225" lobby="0"/><UN n0="%E3%83%AD%E3%83%83%E3%83%86%E9%9B%80%E7%90%83" n1="%E3%81%A1%E3%82%85%E3%81%86%E3%81%A9%E3%81%8F%E8%B1%A1%E3%81%95%E3%82%93" n2="%E3%83%A9%E3%83%96%E3%83%AC%E3%83%BC" n3="%73%69%72%6F%75%74" dan="17,17,18,16" rate="2131.19,2202.18,2277.68,2006.59" sx="M,M,M,M"/><TAIKYOKU oya="0"/><INIT seed="0,0,0,4,2,14" ten="250,250,250,250" oya="0" hai0="94,74,34,23,43,45,7,89,101,99,118,72,81" hai1="79,132,17,78,131,84,38,87,53,0,26,80,1" hai2="56,13,16,88,65,105,76,24,61,2,75,86,113" hai3="54,18,47,15,95,57,25,71,9,122,55,83,129"/><T128/><D118/><U46/><E131/><V98/><F113/><W111/><G111/><T109/><D34/><U40/><E132/><V110/><F110/><W90/><G129/><T4/><D128/><U21/><REACH who="1" step="1"/><E53/><REACH who="1" ten="250,240,250,250" step="2"/><V117/><F117/><W36/><G54/><T91/><D109/><U29/><E29/><V70/><F65/><W63/><G55/><T114/><D114/><U93/><E93/><V77/><F105/><W5/><G95/><T82/><D94/><U51/><E51/><V92/><F92/><W8/><G122/><T100/><D99/><U107/><E107/><V96/><F96/><W68/><G36/><T3/><D101/><U130/><E130/><V11/><F98/><W97/><G97/><T37/><D100/><U73/><E73/><V35/><F75/><W10/><G83/><AGARI ba="0,1" hai="0,1,17,21,26,38,40,46,78,79,80,83,84,87" machi="83" ten="40,5200,0" yaku="1,1,9,1,52,1,53,0" doraHai="14" doraHaiUra="124" who="1" fromWho="3" sc="250,0,240,62,250,0,250,-52" /><INIT seed="1,0,0,1,5,52" ten="250,302,250,198" oya="1" hai0="26,115,109,7,44,134,12,131,124,119,107,123,71" hai1="5,62,8,42,108,35,82,72,65,84,51,77,90" hai2="64,74,16,61,104,133,43,14,49,38,86,15,101" hai3="126,103,99,31,25,3,68,85,10,76,1,19,2"/><U18/><E35/><V40/><F74/><W125/><G68/><T6/><RYUUKYOKU type="yao9" ba="0,0" sc="250,0,302,0,250,0,198,0" hai0="6,7,12,26,44,71,107,109,115,119,123,124,131,134" /><INIT seed="1,1,0,1,4,106" ten="250,302,250,198" oya="1" hai0="118,78,74,13,4,43,41,39,24,82,95,35,83" hai1="54,75,40,70,114,19,59,121,119,122,98,84,34" hai2="53,3,129,58,76,36,107,99,27,109,2,89,44" hai3="116,64,23,33,113,38,16,30,65,49,45,133,104"/><U22/><E119/><V79/><F109/><W131/><G113/><T57/><D118/><U96/><E114/><V15/><F129/><W47/><G104/><T63/><D95/><U21/><E70/><V102/><F89/><W111/><G116/><T126/><D126/><U32/><E40/><V9/><F27/><W103/><G131/><T71/><D71/><U14/><E84/><V28/><F28/><W11/><G103/><T94/><D94/><U93/><E75/><V61/><F2/><W86/><G111/><T60/><D60/><U1/><E1/><V51/><F36/><W85/><G33/><T29/><D39/><U31/><E96/><V62/><F62/><W5/><G30/><T77/><D13/><U55/><E55/><V72/><F72/><W97/><G97/><T108/><D4/><U80/><E80/><V120/><F3/><W92/><G38/><T123/><D123/><U100/><E32/><V37/><F37/><W87/><G92/><T68/><D68/><U8/><E34/><V128/><F120/><W7/><G133/><T115/><D115/><U50/><REACH who="1" step="1"/><E21/><REACH who="1" ten="250,292,250,198" step="2"/><V91/><F128/><W124/><G23/><T67/><D108/><U48/><E48/><V81/><F107/><W134/><G49/><T127/><D127/><U12/><E12/><V125/><F125/><W17/><G124/><T25/><D25/><AGARI ba="1,1" hai="8,14,19,22,25,31,50,54,59,93,98,100,121,122" machi="25" ten="40,3900,0" yaku="1,1,53,1" doraHai="106" doraHaiUra="52" who="1" fromWho="0" sc="250,-42,292,52,250,0,198,0" /><INIT seed="1,2,0,4,4,47" ten="208,344,250,198" oya="1" hai0="16,115,90,112,54,122,77,40,101,29,41,119,31" hai1="113,51,15,67,80,92,21,18,62,133,45,91,97" hai2="103,17,95,59,65,132,27,66,0,116,72,129,32" hai3="109,107,134,124,37,35,20,75,71,22,34,46,117"/><U10/><E113/><V6/><F72/><W85/><RYUUKYOKU type="yao9" ba="2,0" sc="208,0,344,0,250,0,198,0" hai3="20,22,34,35,37,46,71,75,85,107,109,117,124,134" /><INIT seed="1,3,0,2,0,52" ten="208,344,250,198" oya="1" hai0="59,87,13,95,111,2,34,0,80,37,115,39,8" hai1="32,85,105,24,7,12,60,119,20,129,47,43,57" hai2="93,38,11,41,65,49,9,53,101,16,4,54,120" hai3="83,113,55,51,107,3,76,75,1,100,48,18,112"/><U25/><E119/><V98/><F120/><W50/><G1/><T97/><D115/><U123/><E105/><V64/><F38/><W108/><G3/><T109/><D34/><U110/><E123/><V79/><F79/><W62/><G108/><N who="0" m="41547" /><D39/><U117/><E117/><V86/><F86/><W36/><G36/><T121/><D37/><U116/><E116/><V17/><F54/><W10/><G107/><T104/><D104/><U69/><E69/><V102/><F41/><W67/><G100/><N who="0" m="60479" /><D121/><U78/><E110/><V89/><F102/><W135/><G135/><T42/><D42/><U94/><E32/><V31/><F31/><W28/><G28/><T63/><D13/><U91/><E78/><V6/><F101/><W15/><REACH who="3" step="1"/><G55/><REACH who="3" ten="208,344,250,188" step="2"/><N who="0" m="34303" /><D8/><U99/><E43/><V29/><F11/><W127/><G127/><T118/><D118/><U84/><E20/><V58/><F29/><W132/><G132/><T81/><D81/><U66/><E94/><V122/><F122/><W70/><AGARI ba="3,1" hai="10,15,18,48,50,51,62,67,70,75,76,83,112,113" machi="70" ten="30,2000,0" yaku="1,1,0,1,53,0" doraHai="52" doraHaiUra="134" who="3" fromWho="3" sc="208,-8,344,-13,250,-8,188,39" /><INIT seed="2,0,0,0,2,22" ten="200,331,242,227" oya="2" hai0="112,40,25,111,51,57,94,75,107,62,117,80,56" hai1="23,104,7,102,106,43,130,84,9,17,134,93,37" hai2="108,83,21,60,71,76,122,132,114,55,116,74,99" hai3="10,92,38,44,59,77,39,4,36,95,26,118,86"/><V87/><F116/><W47/><G118/><T89/><D112/><U29/><E29/><V101/><F122/><W61/><G77/><T126/><D107/><U97/><E134/><V31/><F114/><W5/><G44/><N who="0" m="25991" /><D75/><U50/><E37/><V45/><F108/><W16/><G47/><T100/><D126/><U70/><E70/><V19/><F31/><W8/><G86/><N who="0" m="50375" /><D111/><U125/><E84/><V27/><F132/><W96/><G38/><T42/><D42/><U48/><E43/><V72/><F45/><W78/><G78/><T32/><D32/><U82/><E82/><V34/><F34/><W109/><G109/><T41/><D41/><U124/><E106/><V120/><F120/><W18/><G96/><N who="0" m="59415" /><D117/><U98/><E104/><V46/><F71/><W54/><G36/><T81/><D81/><U1/><E98/><V3/><F3/><W66/><G39/><T131/><D131/><U53/><E130/><V119/><F119/><W67/><G54/><N who="0" m="34071" /><D57/><U33/><E33/><V135/><F135/><W24/><G59/><T68/><D68/><U123/><E123/><V85/><F74/><W115/><G115/><T30/><D30/><U110/><E110/><V128/><F128/><W6/><G6/><T12/><D12/><N who="1" m="9639" /><E53/><V11/><F11/><W127/><G61/><T88/><D88/><U121/><E121/><V73/><F73/><W63/><G63/><T13/><D13/><U28/><E28/><V58/><F46/><W15/><G15/><T91/><D91/><U20/><E20/><V79/><F76/><W65/><G65/><T129/><D129/><RYUUKYOKU ba="0,0" sc="200,0,331,0,242,0,227,0" hai0="25" hai1="1,7,9,48,50,93,97,102,124,125" hai2="19,21,27,55,58,60,72,79,83,85,87,99,101" hai3="4,5,8,10,16,18,24,26,66,67,92,95,127" /><INIT seed="2,1,0,1,5,86" ten="200,331,242,227" oya="2" hai0="97,127,11,119,37,85,78,101,70,55,116,58,96" hai1="47,52,122,76,49,91,40,0,107,112,48,102,71" hai2="4,130,42,41,61,54,108,16,135,57,74,34,14" hai3="20,8,38,1,22,90,92,120,95,129,67,50,73"/><V60/><F74/><W133/><G38/><T64/><D37/><U68/><E112/><V27/><F130/><W35/><G73/><T65/><D127/><U121/><E0/><V114/><F114/><W3/><G35/><T75/><D75/><U53/><E76/><V56/><F135/><W115/><G120/><N who="1" m="46186" /><E91/><V62/><F108/><W118/><G118/><N who="0" m="45099" /><D11/><U99/><E40/><V72/><F72/><W15/><G115/><T117/><N who="0" m="45107" /><T88/><DORA hai="45" /><D78/><U113/><E113/><V26/><F61/><W43/><G1/><T109/><D109/><U111/><E111/><V124/><F4/><N who="3" m="3463" /><G3/><T44/><D44/><AGARI ba="1,0" hai="44,47,48,49,52,53,68,71,99,102,107" m="46186" machi="44" ten="30,7700,0" yaku="13,1,52,2,54,1" doraHai="86,45" who="1" fromWho="0" sc="200,-80,331,80,242,0,227,0" /><INIT seed="3,0,0,1,2,19" ten="120,411,242,227" oya="3" hai0="8,133,20,67,89,124,131,110,2,120,36,75,104" hai1="121,47,61,71,118,64,102,88,106,127,91,35,97" hai2="18,87,31,115,33,23,109,79,92,77,54,125,10" hai3="108,76,107,52,40,6,4,30,114,63,126,41,90"/><W81/><G107/><T38/><RYUUKYOKU type="yao9" ba="0,0" sc="120,0,411,0,242,0,227,0" hai0="2,8,20,36,38,67,75,89,104,110,120,124,131,133" /><INIT seed="3,1,0,3,1,13" ten="120,411,242,227" oya="3" hai0="100,0,133,108,132,131,75,99,11,79,41,2,66" hai1="116,48,119,47,70,23,71,106,69,44,110,74,33" hai2="118,91,68,78,129,40,89,37,26,83,45,34,111" hai3="80,105,16,65,96,49,1,98,86,9,73,19,6"/><W59/><G73/><T29/><D66/><U107/><E74/><V95/><F68/><W122/><G122/><T21/><D41/><U104/><E110/><V43/><F111/><W114/><G114/><T32/><D108/><U125/><E125/><V51/><F118/><N who="1" m="45097" /><E33/><V50/><F129/><W61/><G49/><T123/><D123/><U36/><E36/><V120/><F95/><W58/><G58/><T3/><D131/><U72/><E72/><V7/><F7/><W67/><G67/><T84/><D84/><U12/><E48/><V8/><F8/><W57/><G57/><T112/><D112/><U15/><E23/><V64/><F120/><W17/><REACH who="3" step="1"/><G105/><REACH who="3" ten="120,411,242,217" step="2"/><T10/><D75/><U14/><AGARI ba="1,1" hai="12,14,15,44,47,69,70,71,104,106,107" m="45097" machi="14" ten="50,8000,1" yaku="29,2,28,2,12,1" doraHai="13" who="1" fromWho="1" sc="120,-21,411,93,242,-21,217,-41" owari="99,-40.1,504,60.4,221,2.1,176,-22.4" /></mjloggm>