<mjloggm ver="2.3"><GO type="225" lobby="0"/><UN n0="%E6%B4%BE%E9%81%A3%E3%81%AE%E3%82%B8%E3%83%A3%E3%83%83%E3%82%AF" n1="%E3%81%8B%E3%82%8F%E3%81%A1%E3%82%83%E3%82%93%35%38" n2="%E3%81%82%E3%81%99%E3%81%AB%E3%82%83%E3%82%80" n3="%72%65%6E%6B%75%6E" dan="17,16,16,17" rate="2189.89,2148.05,2106.46,2199.53" sx="M,M,F,M"/><TAIKYOKU oya="0"/><INIT seed="0,0,0,2,4,53" ten="250,250,250,250" oya="0" hai0="39,128,90,11,96,47,98,74,73,84,132,118,4" hai1="124,89,8,35,48,57,66,7,121,10,105,71,113" hai2="33,0,93,44,42,43,55,29,110,83,15,122,133" hai3="111,80,20,112,135,65,32,28,26,100,18,114,1"/><T51/><D118/><U54/><E121/><V129/><F0/><W120/><G120/><T94/><D39/><U60/><E124/><V92/><F122/><W102/><G1/><T38/><D38/><U76/><E113/><V101/><F110/><W99/><G111/><T50/><D128/><U12/><E105/><V14/><F129/><W87/><G135/><T82/><D132/><U34/><E76/><V13/><F133/><W46/><G46/><T17/><D17/><U131/><E131/><V24/><F83/><W3/><G3/><T123/><D123/><U64/><E64/><V37/><F43/><W67/><G112/><T30/><D30/><U56/><E71/><V91/><F101/><W126/><G126/><T22/><D22/><U81/><REACH who="1" step="1"/><E10/><REACH who="1" ten="250,240,250,250" step="2"/><V16/><F93/><W58/><G114/><T106/><D106/><U62/><E62/><V104/><F104/><W68/><G67/><T72/><D94/><U86/><AGARI ba="0,1" hai="7,8,12,34,35,48,54,56,57,60,66,81,86,89" machi="86" ten="30,7900,0" yaku="1,1,0,1,52,2,53,0" doraHai="53" doraHaiUra="115" who="1" fromWho="1" sc="250,-39,240,89,250,-20,250,-20" /><INIT seed="1,0,0,1,4,3" ten="211,329,230,230" oya="1" hai0="66,133,103,86,113,98,15,117,125,71,13,8,89" hai1="126,17,12,101,116,88,83,21,0,26,121,63,132" hai2="99,11,70,34,73,41,50,114,124,77,131,4,123" hai3="100,1,60,61,56,91,64,69,22,119,47,78,108"/><U5/><E121/><V111/><F123/><W95/><G108/><T106/><D113/><U38/><E38/><V129/><F111/><W31/><G119/><T51/><D117/><U107/><E116/><V110/><F110/><W9/><G78/><T54/><D125/><U122/><E122/><V43/><F34/><W87/><G100/><T58/><D133/><U28/><E107/><V36/><F70/><W20/><G47/><T127/><D127/><U33/><E101/><V74/><F124/><W2/><G31/><T48/><D71/><U32/><E126/><V62/><F50/><W40/><G40/><T102/><D66/><U84/><E132/><V92/><F62/><W105/><G105/><T59/><D102/><U29/><E63/><V134/><F114/><W42/><G42/><T18/><D15/><U27/><E0/><N who="2" m="391" /><F43/><W97/><G97/><T6/><D51/><U104/><E104/><V135/><F135/><W75/><G75/><N who="2" m="28681" /><F77/><W10/><G2/><T80/><REACH who="0" step="1"/><D59/><REACH who="0" ten="201,329,230,230" step="2"/><U96/><E12/><V85/><F134/><W16/><G1/><T37/><D37/><U90/><E32/><V112/><F112/><W93/><G69/><T68/><D68/><U35/><E33/><V39/><F36/><W52/><G64/><T53/><D53/><U57/><E57/><V23/><F39/><W118/><G118/><T49/><D49/><U79/><E35/><V130/><F41/><W109/><G109/><T67/><D67/><U24/><E29/><V7/><F129/><W120/><G56/><T72/><D72/><N who="1" m="43495" /><E28/><V19/><F131/><W65/><G65/><RYUUKYOKU ba="0,1" sc="201,30,329,-10,230,-10,230,-10" hai0="6,8,13,18,48,54,58,80,86,89,98,103,106" /><INIT seed="2,1,1,5,2,69" ten="231,319,220,220" oya="2" hai0="2,33,1,126,131,79,36,31,108,56,88,19,113" hai1="68,134,11,54,9,119,129,76,92,67,39,127,23" hai2="41,73,61,123,27,99,58,16,44,120,62,118,96" hai3="78,15,124,83,104,110,32,12,17,116,4,107,50"/><V106/><F118/><W24/><G116/><T40/><D113/><U87/><E119/><V101/><F73/><W46/><G110/><T117/><D79/><U57/><E39/><V0/><F0/><W30/><G124/><T80/><D117/><U90/><E68/><V86/><F99/><W128/><G128/><T37/><D56/><U6/><E67/><V125/><F86/><W55/><G4/><T71/><D71/><U85/><E129/><V59/><F125/><W34/><G34/><T121/><D131/><U64/><E64/><V8/><F59/><W105/><REACH who="3" step="1"/><G17/><REACH who="3" ten="231,319,220,210" step="2"/><T81/><D19/><U3/><E6/><V35/><F35/><W53/><G53/><T75/><D33/><U112/><E54/><V60/><F120/><W130/><G130/><T65/><D108/><U93/><E127/><V72/><F123/><W84/><AGARI ba="1,2" hai="12,15,24,30,32,46,50,55,78,83,84,104,105,107" machi="84" ten="30,2000,0" yaku="1,1,0,1,53,0" doraHai="69" doraHaiUra="115" who="3" fromWho="3" sc="231,-6,319,-6,220,-11,210,43" /><INIT seed="3,0,0,3,1,89" ten="225,313,209,253" oya="3" hai0="95,103,33,6,115,42,93,99,84,104,71,126,25" hai1="5,44,40,105,45,59,0,70,86,12,109,8,98" hai2="90,63,113,72,82,32,57,47,96,28,58,61,81" hai3="125,127,83,78,64,39,133,106,100,116,108,107,23"/><W1/><G1/><T77/><D126/><N who="3" m="48137" /><G39/><T34/><D42/><U119/><E70/><V50/><F113/><W85/><G64/><T52/><D6/><U29/><E29/><V35/><F72/><N who="3" m="43463" /><G23/><T19/><D71/><U36/><E45/><V2/><F2/><W130/><G116/><T75/><D115/><U4/><E59/><N who="2" m="22539" /><F32/><W27/><G27/><T30/><D34/><U91/><E5/><V120/><F35/><W76/><G130/><T14/><D75/><U51/><E12/><V46/><F28/><W16/><G16/><T54/><D104/><N who="3" m="39977" /><G133/><T79/><D79/><U15/><E15/><V18/><F18/><W41/><G41/><T53/><D77/><U132/><E36/><V112/><F112/><W66/><G66/><T131/><D131/><U56/><E132/><V26/><F26/><W122/><G122/><T21/><D54/><U37/><E37/><V128/><F120/><W68/><G68/><T74/><D74/><U60/><E0/><V20/><F20/><W124/><N who="3" m="48145" /><W13/><DORA hai="62" /><G13/><T121/><D121/><U102/><E4/><V80/><F128/><W110/><G100/><T118/><D118/><U11/><E119/><V73/><F73/><W24/><G24/><T101/><D101/><U135/><E135/><V43/><F46/><W31/><G31/><T67/><D67/><N who="1" m="39303" /><E8/><V114/><F114/><W10/><G10/><N who="0" m="6615" /><D33/><U88/><E11/><V22/><F22/><W111/><G110/><T49/><D49/><U17/><E109/><V129/><F129/><W38/><G38/><T55/><D55/><U48/><E17/><RYUUKYOKU ba="0,0" sc="225,10,313,-30,209,10,253,10" hai0="21,25,30,52,53,84,93,95,99,103" hai2="43,47,50,61,63,80,81,82,90,96" hai3="76,85,108,111" /><INIT seed="3,1,0,2,0,22" ten="235,283,219,263" oya="3" hai0="19,108,57,21,20,115,117,32,35,101,98,30,44" hai1="54,83,84,134,86,24,50,52,114,126,132,81,34" hai2="74,75,55,49,106,5,9,110,112,130,13,80,27" hai3="39,33,103,42,119,23,88,99,102,76,128,90,3"/><W95/><G33/><T96/><D117/><U37/><E37/><V58/><F112/><W73/><G3/><T82/><D108/><U118/><E114/><V0/><F110/><W120/><G119/><T93/><D115/><U48/><E118/><V71/><F130/><W109/><G109/><T16/><D44/><N who="1" m="27655" /><E126/><V125/><F125/><W70/><G70/><T63/><D82/><N who="1" m="31243" /><E24/><V69/><F106/><W77/><G120/><T67/><D96/><U104/><E104/><V41/><F71/><W1/><G42/><T51/><D51/><U36/><E34/><N who="0" m="12841" /><D20/><U133/><E36/><V8/><F69/><W66/><G66/><T135/><D135/><U91/><E91/><V61/><F41/><W121/><G1/><T53/><D53/><U62/><E62/><V85/><F61/><W38/><G23/><T116/><D116/><U10/><E10/><V122/><F122/><W28/><G121/><T65/><D65/><U113/><E113/><V92/><F92/><W124/><G124/><T79/><D79/><U100/><E100/><V11/><F11/><W105/><G105/><T97/><D97/><U29/><E29/><V78/><REACH who="2" step="1"/><F27/><AGARI ba="1,0" hai="16,19,21,27,30,57,63,67,93,98,101" m="12841" machi="27" ten="30,3900,0" yaku="25,1,52,1,54,1" doraHai="22" who="0" fromWho="2" sc="235,42,283,0,219,-42,263,0" /><INIT seed="4,0,0,2,5,45" ten="277,283,177,263" oya="0" hai0="19,104,91,75,60,135,128,74,17,43,70,2,116" hai1="48,108,11,68,84,117,24,121,8,31,134,10,42" hai2="100,23,32,38,51,119,113,9,83,44,129,46,53" hai3="112,16,0,114,101,67,94,72,47,81,127,63,34"/><T133/><D116/><U123/><E108/><V122/><F32/><W26/><G0/><T57/><D2/><U99/><E68/><V115/><F119/><W106/><G106/><T62/><D104/><U71/><E71/><V93/><F122/><W21/><G34/><T80/><D128/><U125/><E117/><V132/><F129/><W105/><G105/><T65/><D43/><U30/><E99/><N who="2" m="59503" /><F132/><N who="0" m="50762" /><D91/><U76/><E134/><V4/><F38/><W107/><G107/><T7/><D7/><U18/><E84/><V87/><F23/><W88/><G47/><T77/><D75/><U35/><E48/><N who="2" m="28807" /><F115/><W3/><G3/><T111/><D111/><U54/><E42/><N who="2" m="25047" /><F113/><N who="3" m="43627" /><G127/><T95/><D95/><U29/><E125/><V69/><F69/><N who="3" m="42239" /><G101/><T25/><D25/><U79/><E121/><V49/><F49/><W109/><G109/><T61/><D61/><U28/><E123/><V41/><F41/><W50/><G50/><T102/><D102/><U59/><E35/><V37/><F37/><W12/><G72/><T90/><D62/><U85/><E59/><V33/><F33/><W15/><G81/><N who="0" m="45239" /><D70/><U131/><E131/><V52/><F52/><W40/><G40/><T1/><D1/><U73/><E54/><V103/><F103/><W55/><G55/><T86/><AGARI ba="0,0" hai="17,19,57,60,65,80,86,90" m="45239,50762" machi="86" ten="30,1500,0" yaku="20,1" doraHai="45" who="0" fromWho="0" sc="277,15,283,-5,177,-5,263,-5" /><INIT seed="4,1,0,0,2,11" ten="292,278,172,258" oya="0" hai0="20,40,17,58,9,30,129,72,124,46,22,47,69" hai1="18,56,13,131,5,108,35,42,79,43,80,126,104" hai2="89,83,91,64,87,48,132,8,84,1,88,16,77" hai3="113,62,59,66,68,101,4,6,135,45,73,2,107"/><T114/><D69/><U95/><E108/><V121/><F121/><W115/><G73/><T36/><D72/><U50/><E104/><V133/><F1/><W33/><G33/><T27/><D124/><U96/><E35/><V61/><F48/><W0/><G135/><N who="2" m="51785" /><F61/><N who="3" m="40015" /><G45/><T34/><D114/><N who="3" m="43529" /><G101/><T76/><D76/><U123/><E5/><N who="3" m="2154" /><G107/><T112/><D112/><U134/><E134/><V60/><F60/><W29/><G29/><T38/><D129/><U14/><E131/><V49/><F64/><AGARI ba="1,0" hai="0,2,59,62,64" m="2154,43529,40015" machi="64" ten="30,1000,0" yaku="15,1" doraHai="11" who="3" fromWho="2" sc="292,0,278,0,172,-13,258,13" /><INIT seed="5,0,0,0,0,43" ten="292,278,159,271" oya="1" hai0="14,12,18,38,115,74,66,87,110,116,103,126,21" hai1="86,88,63,93,10,1,128,13,16,106,98,50,59" hai2="130,85,123,45,42,83,75,61,101,48,77,28,6" hai3="62,67,100,23,40,119,57,92,117,105,53,11,127"/><U55/><E128/><V24/><F130/><W3/><G127/><T122/><D110/><U120/><E120/><V7/><F123/><W132/><G132/><T8/><D74/><U17/><E1/><V108/><F108/><W41/><G105/><T80/><D122/><U102/><E63/><V9/><F101/><W54/><G23/><T60/><D116/><N who="3" m="44617" /><G100/><T0/><D0/><U68/><E68/><V15/><F6/><AGARI ba="0,0" hai="6,10,13,16,17,50,55,59,86,88,93,98,102,106" machi="6" ten="30,5800,0" yaku="7,1,54,2" doraHai="43" who="1" fromWho="2" sc="292,0,278,58,159,-58,271,0" owari="292,9.2,336,43.6,101,-39.9,271,-12.9" /></mjloggm>