<mjloggm ver="2.3"><GO type="225" lobby="0"/><UN n0="%E3%81%82%E3%81%99%E3%81%AB%E3%82%83%E3%82%80" n1="%E3%81%BF%E3%81%BF%E3%81%9A" n2="%E3%81%A9%E3%82%8F%E3%82%93%E3%81%94" n3="%E9%B3%B3%E6%9D%B1%E3%81%AE%E3%81%86%E3%81%95%E3%81%8E%E3%81%95%E3%82%93" dan="16,17,16,17" rate="2132.26,2315.38,2078.96,2300.59" sx="F,M,M,M"/><TAIKYOKU oya="0"/><INIT seed="0,0,0,0,1,52" ten="250,250,250,250" oya="0" hai0="61,74,24,57,48,63,101,102,15,76,50,75,122" hai1="12,49,4,70,112,36,60,14,37,30,107,6,94" hai2="20,83,42,100,131,93,104,79,98,56,71,2,1" hai3="54,120,22,132,84,17,27,96,108,44,13,130,77"/><T59/><D122/><U95/><E107/><V38/><F131/><W113/><G113/><T32/><D24/><U67/><E30/><V133/><F71/><W65/><G108/><T3/><D76/><U121/><E121/><V35/><F35/><W72/><G120/><T31/><D31/><U29/><E29/><V28/><F133/><W86/><G130/><T11/><D3/><U26/><E26/><V103/><F103/><N who="0" m="39434" /><D32/><U135/><E135/><V89/><F42/><W105/><G132/><T46/><D75/><U9/><E112/><V118/><F38/><W110/><G110/><T64/><D46/><U90/><E49/><V34/><F34/><W18/><G77/><T91/><D91/><U8/><REACH who="1" step="1"/><E94/><REACH who="1" ten="250,240,250,250" step="2"/><V114/><F114/><W19/><G27/><T92/><D92/><U128/><E128/><V0/><F104/><W106/><G106/><T81/><D74/><U16/><E16/><V124/><F28/><W39/><G18/><N who="0" m="8575" /><D81/><U33/><E33/><V58/><F83/><W5/><G105/><T97/><D97/><AGARI ba="0,1" hai="4,6,8,9,12,14,36,37,60,67,70,90,95,97" machi="97" ten="30,7700,0" yaku="1,1,7,1,9,1,53,1" doraHai="52" doraHaiUra="88" who="1" fromWho="0" sc="250,-77,240,87,250,0,250,0" /><INIT seed="1,0,0,0,4,119" ten="173,327,250,250" oya="1" hai0="66,38,34,13,40,16,0,59,72,3,107,130,68" hai1="17,92,113,24,93,127,125,23,76,2,15,109,62" hai2="21,103,10,51,106,108,133,99,50,116,126,105,85" hai3="98,28,36,123,18,11,54,30,122,31,81,131,5"/><U19/><E113/><V12/><F116/><W64/><G36/><T27/><D107/><U111/><E76/><V95/><F108/><N who="1" m="41545" /><E62/><V132/><F21/><W88/><G131/><T56/><D72/><U110/><N who="1" m="41553" /><U115/><DORA hai="26" /><E2/><V97/><F126/><N who="1" m="48137" /><E115/><V57/><F133/><W49/><G64/><T94/><D130/><U45/><E45/><V61/><F132/><W100/><G123/><T8/><D68/><U90/><E90/><V42/><F61/><W91/><G122/><T44/><D66/><U120/><E120/><V60/><F60/><W71/><G71/><T22/><D0/><U73/><E73/><V43/><F57/><W25/><G88/><T20/><D3/><U39/><E39/><V29/><F103/><W52/><G91/><T37/><D38/><U114/><E114/><V82/><F51/><W63/><G63/><T48/><D37/><U67/><E67/><V41/><F50/><W46/><G46/><T58/><REACH who="0" step="1"/><D94/><REACH who="0" ten="163,327,250,250" step="2"/><U75/><E75/><V134/><F95/><W14/><G49/><T83/><D83/><U77/><E77/><N who="2" m="46287" /><F106/><W129/><G129/><T112/><D112/><U87/><E87/><V102/><F105/><W53/><G81/><T104/><D104/><U128/><E128/><V1/><F134/><W117/><G117/><T33/><D33/><U86/><E86/><V89/><F1/><W78/><G78/><T4/><D4/><U135/><E135/><V101/><F99/><W69/><G69/><T84/><D84/><U65/><E65/><V9/><F97/><W70/><G70/><T74/><D74/><RYUUKYOKU ba="0,1" sc="163,15,327,15,250,-15,250,-15" hai0="8,13,16,20,22,27,34,40,44,48,56,58,59" hai1="15,17,19,23,24,92,93" /><INIT seed="1,1,1,2,2,42" ten="178,342,235,235" oya="1" hai0="65,92,77,87,122,82,43,80,70,88,118,26,32" hai1="66,44,59,119,53,79,131,55,5,84,115,132,95" hai2="107,105,49,120,27,6,72,100,45,73,94,23,48" hai3="67,93,135,22,90,2,97,89,34,91,35,52,11"/><U71/><E115/><V114/><F120/><W57/><G135/><T103/><D118/><U29/><E119/><V128/><F114/><W17/><G67/><T69/><D122/><U4/><E132/><V16/><F6/><W28/><G2/><T0/><D0/><U1/><E71/><V8/><F8/><W109/><G109/><T54/><D65/><U31/><E131/><V74/><F128/><W50/><G11/><T62/><D43/><U81/><E1/><V40/><REACH who="2" step="1"/><F48/><REACH who="2" ten="178,342,225,235" step="2"/><W63/><G50/><T126/><D126/><U24/><E4/><V98/><AGARI ba="1,2" hai="16,23,27,40,45,49,72,73,74,94,98,100,105,107" machi="98" ten="40,8000,1" yaku="1,1,2,1,0,1,52,1,54,1,53,0" doraHai="42" doraHaiUra="58" who="2" fromWho="2" sc="178,-21,342,-41,225,103,235,-21" /><INIT seed="2,0,0,1,1,135" ten="157,301,328,214" oya="2" hai0="67,74,102,131,129,8,73,4,0,113,12,65,13" hai1="111,55,86,77,60,44,22,1,43,32,20,79,41" hai2="116,117,125,29,92,126,49,132,83,18,69,63,10" hai3="15,78,54,31,128,91,56,120,118,108,26,35,2"/><V124/><F132/><W37/><G118/><T9/><D113/><U105/><E32/><V101/><F29/><W61/><G2/><T72/><D102/><U76/><E1/><V16/><F83/><W64/><G120/><T5/><REACH who="0" step="1"/><D0/><REACH who="0" ten="147,301,328,214" step="2"/><U46/><E111/><V21/><F116/><W27/><G108/><T115/><D115/><U119/><E119/><V34/><F117/><W47/><G128/><AGARI ba="0,1" hai="4,5,8,9,12,13,65,67,72,73,74,128,129,131" machi="128" ten="50,6400,0" yaku="1,1,9,1,19,1,53,0" doraHai="135" doraHaiUra="48" who="0" fromWho="3" sc="147,74,301,0,328,0,214,-64" /><INIT seed="3,0,0,3,5,30" ten="221,301,328,150" oya="3" hai0="39,27,83,99,69,70,123,35,86,19,114,117,107" hai1="76,124,44,135,97,132,54,32,126,25,68,84,112" hai2="65,96,34,37,47,110,115,90,24,2,9,71,8" hai3="105,38,93,118,48,89,22,108,23,11,109,98,31"/><W36/><G118/><T67/><D39/><N who="3" m="14889" /><G105/><T29/><D123/><U127/><E68/><V62/><F90/><W18/><G48/><T46/><D117/><U45/><E112/><V106/><F115/><W116/><G116/><T130/><D114/><U49/><E97/><V63/><F63/><W91/><G91/><T60/><D130/><U52/><E76/><V16/><F2/><W50/><G50/><T128/><D128/><U133/><E84/><V26/><F26/><W53/><G53/><N who="1" m="20586" /><E49/><V42/><F110/><N who="3" m="42603" /><G31/><AGARI ba="0,0" hai="25,31,32,44,45,124,126,127,132,133,135" m="20586" machi="31" ten="40,8000,1" yaku="18,1,20,1,52,1,54,1" doraHai="30" who="1" fromWho="3" sc="221,0,301,80,328,0,150,-80" owari="221,-17.9,381,48.1,328,12.8,70,-43.0" /></mjloggm>