<mjloggm ver="2.3"><GO type="225" lobby="0"/><UN n0="%72%61%6B%33" n1="%5C%28%E2%89%A7%E2%96%BD%E2%89%A6%29%2F" n2="%E3%81%86%E3%81%A9%E3%82%93%E3%81%93" n3="%E6%97%A5%E6%9B%9C%E6%97%A5%E3%82%88%E3%82%8A%E3%81%AE%E4%BD%BF%E8%80%85" dan="16,16,16,17" rate="2037.60,2062.50,2123.00,2143.18" sx="M,M,M,M"/><TAIKYOKU oya="0"/><INIT seed="0,0,0,2,1,73" ten="250,250,250,250" oya="0" hai0="3,122,95,52,56,16,61,69,98,9,17,133,83" hai1="42,10,26,74,117,20,120,100,8,128,34,28,121" hai2="5,39,64,119,75,63,123,91,45,127,77,13,93" hai3="106,43,72,35,40,82,38,50,115,12,129,126,37"/><T33/><D122/><N who="1" m="47211" /><E74/><V108/><F123/><W21/><G35/><T6/><D133/><U44/><E100/><V125/><F108/><W57/><G106/><T19/><D33/><U30/><E44/><V32/><F32/><W118/><G118/><T22/><D83/><U113/><E42/><V51/><F39/><W27/><G37/><T105/><D105/><U4/><E117/><V49/><F13/><W62/><G12/><T55/><D69/><U76/><E76/><V92/><F5/><W53/><G38/><T90/><REACH who="0" step="1"/><D55/><REACH who="0" ten="240,250,250,250" step="2"/><U48/><E128/><V15/><F119/><W112/><G129/><T66/><D66/><U81/><E81/><V78/><F64/><W7/><G82/><T99/><D99/><U65/><E65/><V85/><F125/><W47/><G126/><T132/><D132/><U25/><E113/><V24/><F127/><W1/><G115/><T96/><D96/><U107/><E107/><V0/><F92/><W31/><G112/><T110/><D110/><U79/><E34/><V114/><F114/><W135/><G135/><T86/><D86/><U36/><E79/><V41/><F78/><W109/><G109/><T2/><D2/><U23/><E36/><V101/><F77/><W102/><G72/><T71/><D71/><U94/><E94/><V68/><F75/><W46/><G1/><T111/><D111/><U29/><E48/><V97/><F51/><N who="3" m="27079" /><G102/><T70/><D70/><U14/><E8/><V130/><F0/><W59/><G59/><T88/><D88/><U134/><E134/><V60/><F130/><W11/><G11/><RYUUKYOKU ba="0,1" sc="240,10,250,10,250,-30,250,10" hai0="3,6,9,16,17,19,22,52,56,61,90,95,98" hai1="4,10,14,20,23,25,26,28,29,30" hai3="7,21,27,31,43,47,50,53,57,62" /><INIT seed="0,1,1,5,2,81" ten="250,260,220,260" oya="0" hai0="102,90,49,1,111,133,94,39,13,34,101,123,86" hai1="61,126,74,120,125,59,112,92,6,15,24,70,19" hai2="107,109,14,18,25,20,114,132,63,2,88,55,110" hai3="93,69,44,116,122,43,30,5,134,89,45,77,60"/><T41/><D1/><U71/><E74/><V28/><F107/><W72/><G116/><T106/><D123/><U53/><E120/><V95/><F2/><W31/><G122/><T79/><D34/><U22/><E112/><V66/><F114/><W48/><G134/><T64/><D39/><U11/><REACH who="1" step="1"/><E92/><REACH who="1" ten="250,250,220,260" step="2"/><V51/><F132/><W56/><G72/><T128/><D133/><U21/><E21/><V29/><F109/><W118/><G118/><T104/><D111/><U84/><E84/><N who="2" m="52615" /><F110/><W54/><G69/><AGARI ba="1,2" hai="6,11,15,19,22,24,53,59,61,69,70,71,125,126" machi="69" ten="40,1300,0" yaku="1,1,53,0" doraHai="81" doraHaiUra="115" who="1" fromWho="3" sc="250,0,250,36,220,0,260,-16" /><INIT seed="1,0,0,1,3,51" ten="250,286,220,244" oya="1" hai0="82,81,3,123,91,106,17,14,73,49,38,102,84" hai1="21,24,63,29,23,18,89,62,86,74,48,107,108" hai2="65,12,132,44,5,130,34,110,61,43,36,97,2" hai3="71,70,103,129,101,131,54,127,1,40,53,85,6"/><U45/><E74/><V69/><F110/><W120/><G120/><T113/><D38/><U93/><E107/><V8/><F130/><N who="3" m="49675" /><G127/><T72/><D3/><U116/><E108/><V55/><F132/><W96/><G40/><T13/><D113/><U11/><E11/><V88/><F34/><W64/><G85/><T19/><D123/><U35/><E35/><V125/><F125/><W122/><G122/><T50/><D106/><U94/><E94/><V56/><F2/><W135/><G135/><T26/><D26/><U92/><E92/><V42/><F42/><W28/><G28/><T119/><D102/><N who="3" m="38921" /><G96/><T4/><D4/><U0/><E116/><V7/><F7/><W20/><G20/><T78/><D119/><U58/><E0/><V32/><F32/><W41/><G41/><T118/><D118/><U10/><E10/><V15/><F15/><W66/><G66/><T67/><D67/><U9/><E9/><V30/><F30/><W134/><G134/><T95/><D95/><U46/><E48/><N who="2" m="30823" /><F97/><W76/><G76/><T79/><D84/><U16/><E62/><V121/><F121/><W109/><G109/><T100/><D100/><U33/><E33/><V77/><F77/><W60/><G71/><T52/><D91/><AGARI ba="0,0" hai="5,8,12,36,43,44,61,65,69,88,91" m="30823" machi="91" ten="30,3900,0" yaku="24,1,52,1,54,1" doraHai="51" who="2" fromWho="0" sc="250,-39,286,0,220,39,244,0" /><INIT seed="2,0,0,3,0,128" ten="211,286,259,244" oya="2" hai0="16,51,10,0,71,103,110,114,86,106,23,80,67" hai1="41,12,35,134,100,60,129,112,43,91,78,69,29" hai2="72,34,8,121,58,63,107,99,109,84,14,6,125" hai3="28,15,117,122,102,19,62,79,130,39,75,118,120"/><V49/><F121/><W57/><G39/><T82/><D114/><U42/><E112/><V65/><F72/><W55/><G130/><T97/><D110/><U119/><E129/><V66/><F109/><W26/><G102/><T40/><D71/><U95/><E12/><V33/><F125/><W47/><G122/><T115/><D67/><N who="1" m="41191" /><E78/><V133/><F66/><W54/><G120/><T56/><D115/><U20/><E20/><V135/><F84/><W31/><G79/><T46/><D56/><U77/><E77/><V87/><F87/><W37/><G75/><T64/><D64/><U108/><E108/><V127/><F127/><W98/><G98/><T94/><D0/><U88/><E95/><V21/><F21/><W45/><G37/><T131/><D10/><U81/><E81/><V132/><F49/><W50/><G45/><T2/><D2/><U48/><E48/><V113/><F113/><W25/><G25/><T76/><D131/><U104/><E119/><V74/><F74/><W83/><G83/><N who="0" m="47463" /><D106/><U5/><E5/><V11/><F11/><W70/><G70/><T61/><D61/><U3/><E3/><V85/><F85/><W73/><G73/><T30/><D30/><U7/><E7/><V111/><F111/><W38/><G38/><T89/><D89/><N who="1" m="34379" /><E29/><N who="3" m="11338" /><G26/><AGARI ba="0,0" hai="16,23,26,40,46,51,80,82,94,97,103" m="47463" machi="26" ten="30,2000,0" yaku="8,1,54,1" doraHai="128" who="0" fromWho="3" sc="211,20,286,0,259,0,244,-20" /><INIT seed="3,0,0,3,0,115" ten="231,286,259,224" oya="3" hai0="119,7,81,38,14,44,94,1,66,16,71,21,70" hai1="89,9,109,80,98,50,49,122,64,31,75,53,110" hai2="134,54,77,36,79,24,11,104,106,59,91,13,108" hai3="22,58,46,85,135,63,86,29,34,62,87,129,93"/><W15/><G129/><T116/><D94/><N who="1" m="56655" /><E122/><V131/><F131/><W133/><G34/><T40/><D81/><U100/><E100/><V18/><F36/><W6/><G46/><T90/><D90/><U37/><E37/><V56/><F134/><N who="3" m="51211" /><G93/><T132/><D132/><U78/><E31/><V60/><F108/><N who="1" m="41577" /><E64/><N who="2" m="38919" /><F106/><W107/><G107/><T102/><D102/><U41/><E41/><V4/><F104/><W32/><G58/><T12/><D1/><U61/><E9/><V8/><F91/><W73/><G73/><T0/><D0/><U5/><E5/><V3/><F3/><W57/><G57/><AGARI ba="0,0" hai="49,50,53,57,61,75,78,80" m="41577,56655" machi="57" ten="30,1000,0" yaku="14,1" doraHai="115" who="1" fromWho="3" sc="231,0,286,10,259,0,224,-10" /><INIT seed="4,0,0,2,3,97" ten="231,296,259,214" oya="0" hai0="38,29,107,24,64,74,106,46,90,47,95,69,8" hai1="123,3,19,88,35,125,135,79,12,4,86,50,58" hai2="23,89,25,56,63,78,93,111,65,34,2,82,40" hai3="61,28,67,22,76,41,84,105,100,108,16,7,126"/><T15/><D74/><U122/><E35/><V26/><F111/><W102/><G108/><T0/><D0/><U70/><E70/><V9/><F40/><W128/><G105/><T30/><D107/><U53/><E79/><V132/><F132/><W83/><G126/><T59/><D106/><U81/><E125/><V109/><F109/><W118/><G118/><T62/><D69/><U85/><E85/><V129/><F129/><W6/><G28/><T114/><D114/><U117/><E117/><V98/><F34/><W75/><G41/><T96/><D38/><U44/><E58/><V91/><F2/><W60/><G75/><T42/><D42/><U57/><E57/><V124/><F9/><W39/><G39/><T55/><D64/><U133/><E3/><V48/><F124/><W33/><G33/><T120/><D120/><N who="1" m="46123" /><E4/><N who="3" m="1578" /><G128/><T10/><D10/><AGARI ba="0,0" hai="10,12,19,44,50,53,81,86,88,133,135" m="46123" machi="10" ten="30,2000,0" yaku="25,1,54,1" doraHai="97" who="1" fromWho="0" sc="231,-20,296,20,259,0,214,0" owari="211,-28.9,316,41.6,259,5.9,214,-18.6" /></mjloggm>