<mjloggm ver="2.3"><GO type="225" lobby="0"/><UN n0="%E3%81%BF%E3%81%BF%E3%81%9A" n1="%E3%81%A4%E3%81%A3%E3%81%B1%E3%82%8A%E3%83%9D%E3%83%BC%E3%83%AB" n2="%E3%83%8F%E3%83%B3%E3%83%89%E3%83%A9%E3%83%BC%E3%83%BB%E3%83%AF%E3%83%B3" n3="%72%69%6F%75%63%68%61%6E" dan="18,17,17,16" rate="2256.75,2243.20,2209.49,2149.11" sx="M,M,M,M"/><TAIKYOKU oya="0"/><INIT seed="0,0,0,0,5,31" ten="250,250,250,250" oya="0" hai0="114,26,84,55,99,131,122,128,96,110,94,86,28" hai1="109,76,14,118,80,1,104,43,93,4,42,92,67" hai2="133,44,90,68,81,71,46,47,29,36,91,72,95" hai3="65,98,58,24,73,25,79,108,85,21,97,113,9"/><T19/><D114/><U130/><E118/><V57/><F36/><W70/><G113/><T82/><D122/><U106/><E1/><V20/><F133/><W132/><G108/><T125/><D125/><U119/><E119/><V38/><F38/><W53/><G132/><T10/><D110/><U2/><E2/><V52/><F29/><W48/><G73/><T115/><D115/><U66/><E109/><V123/><F20/><W49/><G48/><T69/><D69/><U6/><E80/><V27/><F27/><W111/><G111/><T89/><D55/><U134/><E134/><V126/><F123/><W18/><G25/><T121/><D19/><U75/><E14/><V116/><F126/><W13/><G79/><N who="0" m="46175" /><D10/><U124/><E124/><V41/><F41/><W102/><G85/><T32/><D121/><U5/><E76/><V22/><F22/><W87/><G87/><T100/><D100/><U51/><E51/><V56/><F56/><W60/><REACH who="3" step="1"/><G102/><REACH who="3" ten="250,250,250,240" step="2"/><T12/><D12/><U105/><E130/><AGARI ba="0,1" hai="26,28,32,86,89,94,96,99,128,130,131" m="46175" machi="130" ten="30,2900,0" yaku="19,1,52,1" doraHai="31" who="0" fromWho="1" sc="250,39,250,-29,250,0,240,0" /><INIT seed="0,1,0,0,2,43" ten="289,221,250,240" oya="0" hai0="86,2,48,125,18,133,124,8,72,9,130,58,109" hai1="38,53,17,14,23,5,20,112,66,114,13,15,123" hai2="25,102,92,19,40,35,89,45,116,69,61,27,83" hai3="76,75,120,94,115,103,127,47,88,74,101,24,126"/><T131/><D72/><N who="3" m="27689" /><G24/><T132/><D109/><U73/><E123/><V10/><F116/><W63/><G63/><T7/><D86/><U34/><E73/><V85/><F35/><W99/><G115/><N who="1" m="44074" /><E38/><V29/><F29/><W30/><G30/><T12/><D58/><U42/><E42/><V70/><F61/><W93/><G120/><T36/><D48/><U54/><E66/><V26/><F19/><W1/><G1/><T105/><D105/><U52/><E34/><V64/><F10/><W96/><G47/><T37/><D37/><U71/><E71/><V110/><F64/><W117/><G117/><T16/><D36/><U3/><E17/><V59/><F59/><W28/><G28/><T62/><D62/><U135/><E135/><N who="0" m="51785" /><D18/><U82/><E82/><V134/><F134/><W6/><G6/><T60/><D60/><U67/><E67/><V21/><F110/><W33/><G33/><T65/><D65/><U111/><E111/><V39/><REACH who="2" step="1"/><F21/><REACH who="2" ten="289,221,240,240" step="2"/><N who="1" m="8265" /><E3/><V107/><F107/><N who="3" m="63911" /><G76/><T128/><AGARI ba="1,1" hai="2,7,8,9,12,16,124,125,128,130,131" m="51785" machi="128" ten="40,18000,2" yaku="30,2,19,1,20,1,34,2,54,1" doraHai="43" who="0" fromWho="0" sc="289,193,221,-61,240,-61,240,-61" /><INIT seed="0,2,0,5,0,106" ten="482,160,179,179" oya="0" hai0="64,48,51,128,65,107,72,132,77,80,45,57,37" hai1="8,59,23,74,133,97,67,105,99,87,28,47,117" hai2="104,24,36,39,82,66,53,41,71,103,22,96,122" hai3="85,17,131,102,81,108,69,114,31,55,95,62,43"/><T18/><D107/><U52/><E117/><V2/><F122/><W40/><G114/><T130/><D132/><U83/><E133/><V50/><F2/><W89/><G108/><T110/><D110/><U33/><E33/><V12/><F12/><W10/><G131/><N who="0" m="50219" /><D18/><U79/><E105/><V94/><F41/><W116/><G116/><T125/><D125/><U93/><E8/><V101/><F66/><N who="0" m="25706" /><D57/><U76/><E76/><V123/><F71/><W120/><G120/><T135/><D135/><U34/><E34/><V13/><F123/><W90/><G31/><T42/><AGARI ba="2,0" hai="37,42,45,48,51,72,77,80" m="25706,50219" machi="42" ten="30,3000,0" yaku="19,1,52,1" doraHai="106" who="0" fromWho="0" sc="482,36,160,-12,179,-12,179,-12" /><INIT seed="0,3,0,1,2,38" ten="518,148,167,167" oya="0" hai0="22,45,87,116,36,64,108,19,53,84,20,130,0" hai1="6,44,86,132,125,131,91,60,134,111,3,25,89" hai2="42,55,90,46,37,114,104,106,67,59,40,71,50" hai3="96,129,41,117,76,78,121,99,35,115,74,79,75"/><T97/><D116/><U128/><E111/><V4/><F4/><W11/><G35/><T101/><D0/><U24/><E60/><N who="2" m="40423" /><F90/><N who="1" m="34313" /><E86/><V70/><F114/><W69/><G69/><T10/><D130/><N who="1" m="49707" /><E44/><N who="2" m="23567" /><F70/><W51/><G117/><T63/><D108/><U12/><E3/><V27/><F27/><N who="1" m="10313" /><E125/><V47/><F47/><W102/><G115/><T122/><D87/><U107/><E107/><V77/><F77/><W119/><G121/><T94/><D122/><U135/><E6/><V124/><F124/><W62/><G119/><T112/><D84/><U100/><E12/><V118/><F118/><W92/><G129/><T127/><D127/><U81/><E100/><V85/><F85/><W56/><G11/><T48/><D112/><U58/><E58/><V34/><F34/><W17/><G17/><T65/><D10/><U2/><E2/><V83/><F83/><AGARI ba="3,0" hai="81,83,132,134,135" m="10313,49707,34313" machi="83" ten="40,8000,1" yaku="28,2,20,1,19,1" doraHai="38" who="1" fromWho="2" sc="518,0,148,89,167,-89,167,0" /><INIT seed="1,0,0,0,3,67" ten="518,237,78,167" oya="1" hai0="53,37,66,21,48,115,114,91,24,101,72,133,105" hai1="27,0,12,94,121,120,84,100,134,106,112,99,122" hai2="103,123,116,111,11,125,39,25,110,107,32,45,56" hai3="44,20,58,36,7,131,19,40,135,60,35,128,97"/><U124/><E112/><V119/><F103/><W46/><G135/><T14/><D37/><U29/><E0/><V63/><F107/><W83/><G35/><T90/><D72/><U2/><E2/><V10/><F25/><W71/><G7/><T52/><D133/><U51/><E134/><V50/><F32/><W113/><G113/><T82/><D66/><U65/><E124/><V78/><F78/><W33/><G33/><T108/><D14/><U70/><E51/><V55/><F10/><W54/><G71/><T93/><D105/><U117/><E117/><N who="2" m="45131" /><F11/><W126/><G126/><T34/><D34/><N who="1" m="20799" /><E84/><V30/><F30/><W81/><G46/><T8/><D114/><U118/><E94/><V69/><F125/><W77/><G97/><T76/><D115/><U31/><E31/><V47/><F123/><W95/><G95/><T42/><D48/><U92/><E92/><V18/><F18/><W68/><G68/><T87/><D93/><U98/><E98/><V4/><F4/><W86/><REACH who="3" step="1"/><G81/><REACH who="3" ten="518,237,78,157" step="2"/><T132/><D132/><U28/><E118/><V80/><F80/><W43/><G43/><T96/><D42/><U75/><E99/><V17/><F47/><W49/><G49/><T130/><D96/><U38/><E106/><V23/><F69/><W6/><G6/><T104/><D104/><U88/><E70/><V109/><F39/><W16/><G16/><T85/><D82/><U102/><E38/><V89/><F17/><W13/><AGARI ba="0,1" hai="13,19,20,36,40,44,54,58,60,77,83,86,128,131" machi="13" ten="30,4000,0" yaku="1,1,0,1,53,1" doraHai="67" doraHaiUra="41" who="3" fromWho="3" sc="518,-10,237,-20,78,-10,157,50" /><INIT seed="2,0,0,4,2,66" ten="508,217,68,207" oya="2" hai0="97,9,33,36,108,21,22,72,43,56,99,79,52" hai1="47,24,113,80,48,31,5,75,46,100,6,109,71" hai2="60,107,101,15,61,117,41,122,37,63,55,116,49" hai3="54,39,123,14,84,74,57,98,13,34,68,92,89"/><V70/><F122/><W25/><G123/><T127/><D33/><U23/><E113/><V12/><F101/><W119/><G119/><N who="2" m="45641" /><F107/><W8/><G74/><T27/><D9/><U18/><E100/><V32/><F12/><W124/><G68/><T85/><D72/><U44/><E75/><V86/><F15/><W30/><G39/><T125/><D36/><U29/><E80/><V112/><F86/><W62/><G124/><T16/><D43/><U91/><E91/><V78/><F78/><W40/><G40/><T129/><D22/><U17/><E5/><V53/><F32/><W88/><REACH who="3" step="1"/><G8/><REACH who="3" ten="508,217,68,197" step="2"/><T93/><D127/><U83/><E6/><V26/><F112/><W121/><G121/><T45/><D125/><U10/><E10/><V114/><F114/><W135/><G135/><T96/><D129/><U51/><E71/><V59/><F26/><W87/><G87/><T94/><D85/><U4/><E4/><V50/><F37/><W118/><G118/><T81/><D27/><U19/><E24/><V69/><F41/><W128/><G128/><T0/><D97/><U115/><E115/><V90/><F90/><W64/><G64/><T58/><D96/><U73/><E73/><V3/><F3/><W65/><G65/><T106/><D99/><U133/><E133/><V77/><F77/><W28/><G28/><T103/><D0/><U102/><E31/><V67/><F67/><W134/><G134/><T110/><D79/><U130/><E29/><V35/><F35/><W120/><G120/><T111/><D103/><U132/><E130/><V1/><F1/><RYUUKYOKU ba="0,1" sc="508,-15,217,-15,68,15,197,15" hai2="49,50,53,55,59,60,61,63,69,70" hai3="13,14,25,30,34,54,57,62,84,88,89,92,98" /><INIT seed="2,1,1,5,0,124" ten="493,202,83,212" oya="2" hai0="10,8,52,116,65,101,71,113,63,81,114,79,56" hai1="39,130,49,51,41,72,84,87,64,97,119,23,102" hai2="33,129,99,20,82,44,67,18,16,90,69,57,107" hai3="75,45,104,34,85,54,88,94,128,133,125,13,109"/><V108/><F33/><W1/><G128/><T50/><D116/><U46/><E119/><V35/><F35/><W92/><G1/><T127/><D127/><U91/><E72/><V112/><F112/><W32/><G104/><T117/><D117/><U0/><E130/><V89/><F69/><W37/><G125/><T74/><REACH who="0" step="1"/><D101/><REACH who="0" ten="483,202,83,212" step="2"/><U40/><E102/><V15/><F129/><W80/><G133/><T11/><AGARI ba="1,2" hai="8,10,11,50,52,56,63,65,71,74,79,81,113,114" machi="11" ten="30,7900,0" yaku="1,1,2,1,0,1,54,1,53,0" doraHai="124" doraHaiUra="70" who="0" fromWho="0" sc="483,102,202,-21,83,-40,212,-21" /><INIT seed="3,0,0,3,4,126" ten="585,181,43,191" oya="3" hai0="130,99,2,101,6,92,24,13,122,50,52,16,118" hai1="68,40,26,36,78,89,31,7,111,70,110,115,69" hai2="25,39,81,132,82,57,94,123,8,20,47,49,48" hai3="45,104,21,112,108,86,32,17,27,14,55,134,44"/><W3/><G112/><T113/><D118/><U38/><E115/><V125/><F125/><W91/><G104/><T93/><D113/><U28/><E78/><V19/><F132/><W77/><G3/><T127/><D122/><U96/><E7/><V66/><F123/><W12/><G134/><T37/><D37/><N who="1" m="14443" /><E40/><V128/><F39/><W33/><G108/><N who="1" m="41514" /><E26/><V71/><F71/><W90/><G32/><T64/><D64/><U9/><E9/><V102/><F128/><W35/><G35/><T109/><D93/><AGARI ba="0,0" hai="28,31,68,69,70,89,93,96" m="41514,14443" machi="93" ten="40,1300,0" yaku="14,1" doraHai="126" who="1" fromWho="0" sc="585,-13,181,13,43,0,191,0" owari="572,67.2,194,-0.6,43,-45.7,191,-20.9" /></mjloggm>