<mjloggm ver="2.3"><GO type="225" lobby="0"/><UN n0="%72%61%6B%33" n1="%41%54%53%4D" n2="%E3%81%8F%E3%81%BE%E3%81%96%E3%82%8F" n3="%E3%83%B4%E3%83%A0%EF%BC%99%E3%81%A6" dan="16,16,16,17" rate="2170.77,2102.84,2053.12,2217.50" sx="M,M,M,M"/><TAIKYOKU oya="0"/><INIT seed="0,0,0,4,3,84" ten="250,250,250,250" oya="0" hai0="45,131,56,38,22,82,71,120,94,109,110,29,50" hai1="133,10,60,0,62,103,107,128,48,77,125,54,118" hai2="7,115,83,123,100,43,106,53,129,116,3,119,66" hai3="108,72,46,134,47,135,93,36,39,74,112,102,121"/><T44/><D120/><U33/><E118/><V97/><F115/><W73/><G112/><T52/><D71/><U76/><E33/><V64/><F123/><W91/><G121/><T105/><D105/><U1/><E107/><V16/><F129/><W6/><G102/><T30/><D131/><U23/><E103/><V26/><F43/><W81/><G81/><T4/><D4/><U21/><E128/><V9/><F53/><W92/><G6/><T55/><D82/><U2/><E125/><V89/><F26/><W101/><G101/><T85/><D22/><U17/><E133/><N who="3" m="50698" /><G108/><N who="0" m="41579" /><D38/><N who="3" m="14377" /><G93/><T69/><D69/><U57/><E10/><V42/><F116/><W51/><G51/><N who="0" m="30751" /><D44/><U87/><E21/><V99/><F119/><W14/><G14/><T20/><D20/><U90/><E77/><V63/><F100/><W104/><G104/><T68/><D68/><U78/><E78/><V124/><F106/><W75/><N who="3" m="18432" /><DORA hai="41" /><W27/><G27/><T65/><D65/><U114/><E76/><V49/><F83/><W70/><G70/><T80/><D94/><U130/><E114/><V24/><F24/><W79/><G79/><AGARI ba="0,0" hai="29,30,45,50,55,79,80,85" m="30751,41579" machi="79" ten="30,11600,0" yaku="14,1,10,1,52,1,54,1" doraHai="84,41" who="0" fromWho="3" sc="250,116,250,0,250,0,250,-116" /><INIT seed="0,1,0,4,0,2" ten="366,250,250,134" oya="0" hai0="135,7,44,12,27,20,74,133,93,127,5,15,121" hai1="65,94,110,21,80,126,87,45,30,134,132,73,34" hai2="61,78,76,91,83,67,98,35,48,117,82,116,22" hai3="131,118,53,33,55,42,11,13,37,71,63,86,85"/><T79/><D121/><U41/><E34/><V114/><F114/><W119/><G33/><T16/><D127/><U72/><E126/><V77/><F35/><W17/><G131/><T89/><D44/><U75/><E110/><V124/><F124/><W95/><G42/><T62/><D62/><U14/><E65/><V64/><F48/><W1/><G37/><T39/><D39/><U19/><E94/><N who="2" m="56671" /><F22/><W38/><G38/><T47/><D47/><U99/><E99/><V90/><F90/><W92/><G71/><T111/><D111/><U104/><E30/><V6/><F6/><N who="0" m="2058" /><D74/><U50/><REACH who="1" step="1"/><E104/><REACH who="1" ten="366,240,250,134" step="2"/><V129/><F67/><W106/><G92/><T10/><D135/><U56/><E56/><N who="2" m="36903" /><F129/><W81/><G95/><T84/><D133/><U57/><E57/><V128/><F128/><W107/><G107/><T101/><D101/><U0/><E0/><V122/><F122/><W46/><G106/><T68/><D68/><U9/><E9/><V28/><F28/><W36/><G1/><T70/><D70/><U105/><E105/><V54/><F117/><W51/><G118/><T58/><D58/><U123/><E123/><V3/><F116/><W120/><G119/><T43/><D10/><U96/><E96/><V24/><F3/><W125/><G120/><T32/><D32/><U102/><E102/><V69/><F69/><W26/><G125/><T31/><D31/><U52/><E52/><V60/><F54/><W40/><G11/><T100/><D100/><U49/><E49/><V113/><F60/><W23/><G36/><T25/><D93/><U97/><E97/><RYUUKYOKU ba="1,1" sc="366,-10,240,30,250,-10,134,-10" hai1="14,19,21,41,45,50,72,73,75,80,87,132,134" /><INIT seed="1,2,1,1,5,22" ten="356,270,240,124" oya="1" hai0="19,35,132,120,97,59,45,53,6,48,117,133,71" hai1="105,7,56,23,15,127,77,131,101,28,79,21,50" hai2="110,29,5,70,102,129,2,40,11,13,60,104,31" hai3="128,63,87,62,57,81,9,80,95,43,119,94,39"/><U20/><E127/><V73/><F73/><W111/><G111/><T8/><D117/><U107/><E131/><V72/><F72/><W85/><G119/><T96/><D71/><U84/><E107/><V0/><F110/><W14/><G128/><T99/><D120/><U66/><E105/><V134/><F129/><W12/><G39/><T106/><D35/><U3/><E3/><V17/><F40/><W115/><G115/><T130/><D19/><U74/><E74/><V27/><F31/><W100/><G43/><T65/><D130/><U76/><E101/><V109/><F109/><W42/><G42/><T33/><D33/><U126/><E126/><V118/><F118/><W18/><G100/><T26/><D106/><U44/><E56/><V90/><F90/><W69/><G69/><T114/><D114/><U49/><E66/><N who="2" m="41287" /><F17/><W124/><G124/><T116/><D116/><U67/><E67/><V34/><F134/><W32/><G32/><T92/><D65/><U83/><E28/><V68/><F68/><W103/><G103/><T41/><D132/><U1/><E1/><V89/><F89/><W16/><REACH who="3" step="1"/><G57/><REACH who="3" ten="356,270,240,114" step="2"/><T93/><D59/><U51/><REACH who="1" step="1"/><E44/><REACH who="1" ten="356,260,240,114" step="2"/><V88/><F102/><W135/><G135/><T122/><D133/><U113/><E113/><V91/><F104/><W75/><G75/><T64/><D45/><U112/><E112/><V78/><F34/><W54/><G54/><T47/><D53/><U52/><E52/><V38/><F0/><W46/><G46/><T4/><D47/><U121/><E121/><V58/><F2/><W82/><G82/><RYUUKYOKU ba="2,3" sc="356,-15,260,15,240,-15,114,15" hai1="7,15,20,21,23,49,50,51,76,77,79,83,84" hai3="9,12,14,16,18,62,63,80,81,85,87,94,95" /><INIT seed="1,3,3,5,3,31" ten="341,275,225,129" oya="1" hai0="53,5,47,82,95,122,56,49,25,112,124,37,50" hai1="74,24,107,114,35,64,85,128,90,109,108,26,62" hai2="7,135,121,33,19,46,11,17,132,123,30,40,21" hai3="66,73,39,12,68,8,78,43,131,2,87,58,42"/><U36/><E74/><V91/><F91/><W44/><G131/><T118/><D112/><U83/><E114/><V77/><F77/><W117/><G117/><T75/><D118/><U45/><E107/><V48/><F30/><W13/><G43/><T72/><D37/><U86/><E128/><V89/><F89/><W93/><G68/><T15/><D124/><U105/><E105/><V14/><F33/><W101/><G66/><T16/><D122/><U32/><E45/><V110/><F110/><N who="1" m="42601" /><E36/><V9/><F19/><W0/><G58/><T113/><D113/><U3/><E3/><V97/><F97/><N who="3" m="59567" /><G87/><T126/><D126/><U111/><E111/><V96/><F96/><W104/><G0/><T102/><D75/><U94/><E24/><N who="2" m="14383" /><F11/><W1/><G1/><T4/><D25/><U27/><E26/><V116/><F116/><W100/><G100/><T29/><D72/><U98/><E27/><V76/><F76/><W51/><G51/><T52/><D29/><U79/><E98/><V119/><F119/><W60/><G60/><T67/><D82/><U59/><AGARI ba="3,3" hai="32,35,59,62,64,79,83,85,86,90,94" m="42601" machi="59" ten="30,11700,0" yaku="14,1,10,1,52,2" doraHai="31" who="1" fromWho="1" sc="341,-42,275,156,225,-42,129,-42" /><INIT seed="1,4,0,1,5,83" ten="299,431,183,87" oya="1" hai0="41,124,70,49,11,51,43,7,120,116,128,71,98" hai1="126,101,84,94,42,132,73,77,4,54,93,131,122" hai2="82,90,6,24,13,66,127,58,33,121,68,74,107" hai3="19,95,62,17,9,28,36,20,104,63,38,78,22"/><U29/><E122/><V25/><F121/><W35/><G104/><T79/><D120/><U14/><E73/><V27/><F107/><W32/><G9/><T105/><D124/><U72/><E72/><V40/><F68/><W37/><G95/><T52/><D128/><U16/><E131/><V39/><F127/><W44/><G44/><T89/><D79/><U2/><E126/><V15/><F33/><W118/><G78/><T45/><D116/><U61/><E29/><V135/><F135/><W26/><G28/><T114/><D114/><U108/><E42/><V60/><F6/><W5/><G5/><T112/><D112/><U80/><E132/><V69/><F69/><W55/><G118/><T34/><D34/><U134/><E134/><V8/><F8/><W109/><G109/><T99/><D43/><U119/><E119/><V48/><F39/><W30/><G30/><T59/><D98/><U100/><E4/><V67/><F67/><W106/><G106/><T97/><D99/><U88/><E2/><V81/><F74/><W103/><G103/><N who="1" m="39498" /><E108/><V53/><F40/><W117/><G117/><T123/><D123/><U46/><E77/><V76/><F76/><W91/><G36/><T10/><D105/><U125/><E125/><V130/><F130/><W85/><G91/><T113/><D113/><U115/><E115/><V75/><F75/><W57/><G37/><T31/><D31/><U133/><E133/><V56/><F90/><W65/><G35/><T129/><D129/><U64/><E88/><V23/><F82/><W0/><G32/><T18/><D7/><RYUUKYOKU ba="4,0" sc="299,0,431,0,183,0,87,0" /><INIT seed="2,5,0,2,0,86" ten="299,431,183,87" oya="2" hai0="94,22,98,37,112,104,11,19,6,97,72,57,54" hai1="32,130,110,17,62,10,12,41,134,93,87,82,115" hai2="0,74,131,118,58,24,15,127,135,85,105,47,90" hai3="61,119,75,101,44,30,108,133,95,70,27,21,26"/><V65/><F118/><W35/><G119/><T100/><D72/><U43/><E115/><V83/><F0/><W55/><G75/><T45/><D112/><U53/><E32/><V123/><F123/><W42/><G108/><T125/><D125/><U103/><E110/><V14/><F105/><W91/><G133/><T78/><D78/><N who="1" m="46551" /><E130/><V102/><F135/><W7/><G7/><T107/><D45/><U120/><E134/><V113/><F113/><W25/><G101/><T92/><D37/><U124/><E124/><V106/><F74/><W114/><G114/><T29/><D29/><U132/><E120/><V88/><F106/><W2/><G2/><T5/><D11/><U122/><E122/><V126/><F102/><W84/><G35/><T49/><D107/><U111/><E111/><V129/><F24/><W52/><G55/><T3/><D3/><U80/><E80/><N who="2" m="49191" /><F47/><W9/><G9/><T81/><D81/><U13/><E132/><V117/><F117/><W20/><G30/><T79/><D79/><U18/><E103/><V64/><F83/><W8/><G8/><T63/><D104/><U89/><E93/><V4/><F4/><N who="0" m="1642" /><D94/><U1/><E1/><V56/><F127/><W51/><G70/><T31/><D98/><U68/><E68/><V128/><F126/><W40/><G40/><T109/><D109/><U46/><E41/><V121/><F121/><W67/><G42/><T73/><D73/><U39/><E43/><V50/><F128/><W28/><G28/><T60/><D31/><U76/><E39/><V77/><F129/><W116/><G116/><RYUUKYOKU ba="5,0" sc="299,15,431,-15,183,-15,87,15" hai0="19,22,49,54,57,60,63,92,97,100" hai3="20,21,25,26,27,44,51,52,61,67,84,91,95" /><INIT seed="3,6,0,0,2,90" ten="314,416,168,102" oya="3" hai0="10,37,29,58,17,79,42,135,31,80,72,60,121" hai1="93,127,74,67,53,28,117,123,105,3,73,120,122" hai2="44,107,16,114,1,100,96,124,116,55,15,129,104" hai3="70,32,51,97,56,78,49,62,134,24,34,0,9"/><W54/><G134/><T52/><D135/><U71/><E105/><V5/><F124/><W94/><G78/><T125/><D125/><U38/><E127/><V50/><F129/><W26/><G32/><T13/><REACH who="0" step="1"/><D121/><REACH who="0" ten="304,416,168,102" step="2"/><U63/><E123/><V45/><F116/><W8/><G34/><T103/><D103/><U57/><E122/><V61/><F114/><W112/><G112/><T47/><AGARI ba="6,1" hai="10,13,17,29,31,37,42,47,52,58,60,72,79,80" machi="47" ten="30,4000,0" yaku="1,1,0,1,54,1,53,0" doraHai="90" doraHaiUra="128" who="0" fromWho="0" sc="304,68,416,-16,168,-16,102,-26" owari="372,17.2,400,50.0,152,-24.8,76,-42.4" /></mjloggm>