<mjloggm ver="2.3"><GO type="225" lobby="0"/><UN n0="%E3%81%A9%E3%82%93%E3%82%88%E3%81%8F%4D%6B%2E%32" n1="%E3%81%86%E3%83%BC%E3%81%B1%E3%83%BC" n2="%72%61%6B%33" n3="%E3%81%B2%E3%81%AA%E3%81%AE%E3%82%8A%E3%81%8F" dan="16,16,17,17" rate="2189.68,2214.99,2169.11,2188.12" sx="M,F,M,M"/><TAIKYOKU oya="0"/><INIT seed="0,0,0,4,0,3" ten="250,250,250,250" oya="0" hai0="79,63,82,37,57,84,34,90,8,109,77,14,117" hai1="72,33,23,59,17,102,28,15,42,13,50,68,92" hai2="47,39,20,70,56,94,24,45,74,69,12,31,89" hai3="18,91,127,125,53,116,0,87,112,93,97,41,101"/><T19/><D117/><U118/><E118/><V44/><F74/><W104/><G116/><T66/><D37/><U128/><E68/><V113/><F113/><W46/><G0/><T106/><D106/><U1/><E1/><V99/><F39/><W107/><G53/><T96/><D34/><U121/><E72/><V49/><REACH who="2" step="1"/><F12/><REACH who="2" ten="250,250,240,250" step="2"/><W86/><G112/><T36/><D36/><U60/><E13/><V76/><F76/><W115/><G115/><T114/><D114/><U58/><E15/><V35/><F35/><W134/><G127/><T124/><D124/><U110/><E33/><V133/><F133/><W108/><G125/><T83/><D109/><U64/><E110/><V78/><F78/><W75/><G75/><T123/><D123/><U81/><E121/><V55/><AGARI ba="0,1" hai="20,24,31,44,45,47,49,55,56,69,70,89,94,99" machi="55" ten="30,4000,0" yaku="1,1,0,1,53,1" doraHai="3" doraHaiUra="52" who="2" fromWho="2" sc="250,-20,250,-10,240,50,250,-10" /><INIT seed="1,0,0,5,2,30" ten="230,240,290,240" oya="1" hai0="26,91,120,95,66,122,69,83,8,74,77,96,85" hai1="86,44,90,71,0,113,108,100,36,4,103,78,134" hai2="130,20,60,102,53,98,17,107,6,15,9,54,13" hai3="72,135,99,11,56,51,12,82,110,127,23,42,84"/><U5/><E113/><V125/><F130/><W45/><G110/><T76/><D8/><U101/><E0/><V104/><F125/><W65/><G135/><T10/><D10/><U63/><E134/><V133/><F133/><W28/><G72/><T116/><D116/><U129/><E78/><V1/><F107/><W114/><G114/><T61/><D77/><U40/><E129/><V75/><F75/><W58/><G127/><T16/><REACH who="0" step="1"/><D74/><REACH who="0" ten="220,240,290,240" step="2"/><U88/><E108/><V34/><F1/><W47/><G11/><T39/><D39/><U59/><E71/><V14/><F9/><W106/><G12/><T21/><AGARI ba="0,1" hai="16,21,26,61,66,69,76,83,85,91,95,96,120,122" machi="21" ten="30,7900,0" yaku="1,1,0,1,54,1,53,1" doraHai="30" doraHaiUra="80" who="0" fromWho="0" sc="220,89,240,-39,290,-20,240,-20" /><INIT seed="2,0,0,2,0,17" ten="309,201,270,220" oya="2" hai0="62,68,71,131,15,123,130,35,42,111,114,90,75" hai1="3,20,107,124,38,78,56,82,50,133,58,70,14" hai2="121,4,34,132,57,27,10,11,89,32,93,88,127" hai3="87,25,98,117,100,53,21,39,126,24,120,74,76"/><V83/><F121/><W2/><G120/><T91/><D123/><U43/><E70/><V5/><F127/><W112/><G117/><T9/><D75/><U135/><E107/><V116/><F132/><N who="1" m="50761" /><E38/><V51/><F116/><W61/><G39/><T104/><D104/><U80/><E3/><V16/><F83/><N who="1" m="31785" /><E78/><V102/><F102/><W26/><G74/><T40/><D35/><U122/><E122/><V128/><F128/><N who="0" m="49194" /><D114/><U67/><E67/><V110/><F110/><W1/><G126/><T125/><D125/><U6/><E124/><V105/><F105/><W59/><G112/><T94/><D91/><U55/><E43/><N who="0" m="16425" /><D62/><U64/><E64/><V69/><F69/><W103/><G2/><T92/><D92/><U97/><E97/><V28/><F32/><W79/><G1/><T31/><D111/><U95/><E95/><V41/><F89/><W44/><G87/><N who="0" m="52575" /><D31/><U47/><E6/><AGARI ba="0,0" hai="6,9,15,68,71" m="52575,16425,49194" machi="6" ten="30,1000,0" yaku="19,1" doraHai="17" who="0" fromWho="1" sc="309,10,201,-10,270,0,220,0" /><INIT seed="3,0,0,3,0,76" ten="319,191,270,220" oya="3" hai0="6,54,37,8,102,133,40,25,75,44,3,59,18" hai1="34,35,63,71,72,74,111,109,89,30,95,5,100" hai2="51,117,42,93,86,66,46,94,48,41,36,17,69" hai3="132,60,92,88,125,26,131,112,120,14,128,9,113"/><W33/><G120/><T23/><D102/><U97/><E5/><V87/><F69/><W19/><G132/><T110/><D110/><N who="1" m="41995" /><E89/><V124/><F66/><W135/><G135/><T82/><D133/><U16/><E71/><V78/><F36/><W121/><G121/><T31/><D31/><U96/><E63/><V114/><F114/><W53/><G125/><T129/><D129/><N who="3" m="49737" /><G33/><N who="1" m="12298" /><E30/><V65/><F124/><W22/><G53/><T7/><D7/><U119/><E119/><V49/><F65/><W27/><G60/><T79/><D54/><U101/><E97/><V55/><F55/><W47/><G47/><T4/><D4/><U98/><E96/><V20/><F117/><W50/><G50/><T118/><D118/><U39/><E39/><V83/><F48/><W116/><G116/><T10/><D10/><U11/><E101/><V28/><F28/><N who="3" m="17495" /><G27/><T15/><D59/><U122/><E122/><V80/><F49/><W91/><G91/><T123/><D123/><U45/><E45/><V0/><F42/><W126/><G126/><T68/><D68/><U84/><E84/><AGARI ba="0,0" hai="9,14,19,84,88,92,112,113" m="17495,49737" machi="84" ten="30,2900,0" yaku="19,1,54,1" doraHai="76" who="3" fromWho="1" sc="319,0,191,-29,270,0,220,29" /><INIT seed="3,1,0,2,3,26" ten="319,162,270,249" oya="3" hai0="71,119,79,98,74,125,67,6,104,7,17,132,52" hai1="83,45,16,116,123,43,109,90,31,11,107,34,59" hai2="76,24,112,37,72,61,44,21,13,100,81,88,32" hai3="42,93,48,63,12,89,103,80,62,29,96,3,131"/><W25/><G3/><T41/><D119/><U117/><E107/><V134/><F134/><W114/><G114/><T91/><D41/><U78/><E123/><V118/><F118/><N who="1" m="45673" /><E59/><V133/><F133/><W57/><G131/><T66/><D17/><U46/><E109/><V106/><F32/><W9/><G80/><T36/><D36/><U128/><E90/><V38/><F13/><W92/><G42/><T19/><D19/><U122/><E122/><V18/><F112/><W10/><G48/><T33/><D33/><U126/><E126/><V69/><F44/><W85/><G12/><T121/><D121/><U30/><E34/><V108/><F108/><W8/><REACH who="3" step="1"/><G57/><REACH who="3" ten="319,162,270,239" step="2"/><T75/><D132/><U110/><E128/><V65/><F37/><W28/><G28/><N who="1" m="10794" /><E43/><V47/><F81/><W105/><G105/><T120/><D104/><U115/><E115/><V70/><F106/><W1/><G1/><T127/><D125/><U40/><E40/><V82/><F82/><W35/><AGARI ba="1,1" hai="8,9,10,25,29,35,62,63,85,89,92,93,96,103" machi="35" ten="30,18000,2" yaku="1,1,0,1,52,1,53,3" doraHai="26" doraHaiUra="5" who="3" fromWho="3" sc="319,-61,162,-61,270,-61,239,193" owari="258,5.8,101,-39.9,209,-19.1,432,53.2" /></mjloggm>