<mjloggm ver="2.3"><GO type="225" lobby="0"/><UN n0="%77%72%77%72%77%72%77%72" n1="%E8%90%BD%E6%97%A5" n2="%72%69%6F%75%63%68%61%6E" n3="%E3%81%BF%E3%81%BF%E3%81%9A" dan="17,16,17,18" rate="2195.99,2148.41,2200.70,2254.35" sx="M,F,M,M"/><TAIKYOKU oya="0"/><INIT seed="0,0,0,2,5,68" ten="250,250,250,250" oya="0" hai0="122,67,55,36,16,127,77,18,134,20,56,60,75" hai1="120,38,98,33,126,113,43,123,12,82,27,131,10" hai2="109,64,29,51,31,108,81,52,63,70,110,129,130" hai3="30,118,48,83,66,71,46,84,0,103,35,92,99"/><T50/><D122/><U69/><E69/><V128/><REACH who="2" step="1"/><F81/><REACH who="2" ten="250,250,240,250" step="2"/><W119/><G83/><T116/><D116/><U57/><E82/><V90/><F90/><W42/><G118/><T87/><D134/><U74/><E120/><V121/><F121/><W61/><G119/><T23/><D127/><U22/><E123/><V14/><F14/><W112/><G0/><T93/><D75/><U94/><E126/><V85/><F85/><W7/><G84/><T59/><D77/><U78/><E78/><V104/><F104/><W4/><G112/><T40/><D87/><U45/><E74/><V11/><F11/><W2/><G2/><T17/><REACH who="0" step="1"/><D93/><REACH who="0" ten="240,250,240,250" step="2"/><U101/><E113/><V117/><F117/><W62/><G92/><T79/><D79/><U65/><E94/><V96/><F96/><W8/><G99/><T133/><D133/><U26/><E98/><V76/><F76/><W132/><G132/><T124/><D124/><U88/><E88/><V41/><F41/><W80/><G42/><T111/><D111/><U97/><E97/><V24/><F24/><W54/><G80/><T21/><D21/><U37/><E27/><V6/><F6/><W73/><G4/><T32/><D32/><U19/><E33/><V53/><F53/><W44/><G73/><T95/><D95/><U13/><E22/><V105/><F105/><W91/><G91/><T102/><D102/><U58/><E101/><V125/><F125/><W115/><G103/><T106/><D106/><U86/><E86/><V100/><F100/><W114/><G35/><T15/><D15/><U34/><E13/><RYUUKYOKU ba="0,2" sc="240,15,250,-15,240,15,250,-15" hai0="16,17,18,20,23,36,40,50,55,56,59,60,67" hai2="29,31,51,52,63,64,70,108,109,110,128,129,130" /><INIT seed="0,1,2,3,0,87" ten="255,235,255,235" oya="0" hai0="3,5,26,89,78,2,121,129,132,24,21,45,85" hai1="103,131,51,15,29,43,37,130,4,41,18,61,47" hai2="19,0,93,12,128,48,28,95,54,17,22,40,64" hai3="72,133,57,30,58,42,118,13,86,83,35,81,62"/><T76/><D121/><U104/><E4/><V97/><F0/><W122/><G118/><T124/><D129/><N who="1" m="49163" /><E29/><V39/><F128/><W102/><G122/><T77/><D132/><U70/><E103/><V109/><F109/><W92/><G133/><T11/><D124/><U71/><E104/><V53/><F64/><W36/><G72/><T84/><D2/><U99/><E99/><V116/><F116/><W38/><G83/><T90/><D45/><N who="1" m="23727" /><E61/><V80/><F39/><W44/><G36/><T7/><D7/><U120/><E120/><V105/><F28/><W115/><G115/><T31/><REACH who="0" step="1"/><D24/><REACH who="0" ten="245,235,255,235" step="2"/><U16/><E18/><V27/><F17/><W75/><G30/><T96/><D96/><U52/><E43/><V113/><F40/><W8/><G42/><T108/><D108/><U56/><E47/><V65/><F19/><W25/><G44/><T14/><D14/><U60/><E51/><V50/><F48/><W134/><G25/><T126/><D126/><U66/><E66/><V67/><F65/><W68/><G134/><T98/><D98/><U63/><E63/><V111/><F67/><W20/><G62/><T23/><D23/><AGARI ba="1,3" hai="15,16,23,52,56,60,70,71" m="23727,49163" machi="23" ten="30,3900,0" yaku="19,1,54,2" doraHai="87" who="1" fromWho="0" sc="245,-42,235,72,255,0,235,0" /><INIT seed="1,0,0,5,5,59" ten="203,307,255,235" oya="1" hai0="36,38,99,6,32,91,18,43,51,125,120,78,89" hai1="82,45,19,88,109,103,8,3,24,47,127,116,1" hai2="75,64,81,79,107,15,85,44,133,105,66,97,52" hai3="122,10,77,76,49,124,16,27,123,65,130,112,101"/><U100/><E116/><V113/><F133/><W20/><G112/><T121/><D32/><U135/><E127/><V134/><F134/><W115/><G115/><T57/><D125/><U11/><E135/><V14/><F113/><W102/><G124/><T13/><D6/><U86/><E109/><V31/><F31/><W84/><G130/><T39/><D78/><N who="3" m="30313" /><G84/><T55/><D43/><U118/><E118/><V83/><F107/><W106/><G106/><T131/><D131/><U68/><E68/><V35/><F35/><W63/><G49/><T128/><D128/><U5/><E3/><V126/><F126/><W117/><G123/><N who="0" m="47179" /><D99/><U41/><E47/><V74/><F74/><W9/><G122/><T96/><D96/><U25/><E25/><V50/><F83/><W70/><G70/><T90/><D90/><U56/><E24/><V58/><F75/><W28/><G117/><T95/><D95/><U2/><E2/><V98/><F98/><W12/><G9/><AGARI ba="0,0" hai="9,13,18,36,38,39,51,55,57,89,91" m="47179" machi="9" ten="40,1300,0" yaku="13,1" doraHai="59" who="0" fromWho="3" sc="203,13,307,0,255,0,235,-13" /><INIT seed="2,0,0,3,2,52" ten="216,307,255,222" oya="2" hai0="126,62,110,3,69,99,130,80,102,35,131,32,81" hai1="10,73,113,31,40,14,24,16,127,28,96,8,53" hai2="36,5,118,107,48,66,77,120,41,65,97,4,115" hai3="23,74,26,116,2,112,79,55,91,92,70,58,104"/><V72/><F115/><W103/><G116/><T95/><D3/><U30/><E113/><V125/><F118/><W106/><G112/><T37/><D37/><U20/><E73/><V39/><F120/><W119/><G2/><T109/><D69/><U54/><E127/><V84/><F72/><W12/><G70/><T94/><D126/><U100/><E40/><V117/><F117/><W85/><G119/><T76/><D62/><U129/><E129/><N who="0" m="49161" /><D32/><U88/><E88/><V9/><F4/><W68/><G68/><T44/><D44/><U25/><E25/><V78/><F125/><W7/><G103/><T50/><D50/><U86/><E86/><V18/><F36/><W87/><G74/><N who="0" m="43031" /><D35/><U89/><E89/><V82/><F39/><W21/><G106/><N who="0" m="63839" /><D81/><U46/><E46/><N who="2" m="25679" /><F77/><W67/><G104/><T121/><D121/><U135/><E54/><V11/><F107/><W27/><G67/><T105/><D105/><U93/><E53/><V61/><F61/><N who="3" m="36063" /><G23/><T123/><D123/><U15/><E20/><V22/><F65/><W1/><G1/><T38/><D38/><U122/><E122/><V114/><F66/><W101/><G101/><T63/><D63/><U49/><E100/><V134/><F114/><W34/><G34/><T59/><D59/><U43/><E49/><V133/><F22/><W51/><G51/><T6/><D6/><U0/><E0/><V90/><F5/><W19/><G7/><T71/><D71/><U64/><E64/><V132/><F18/><W42/><G42/><T75/><D75/><U57/><E16/><V45/><F45/><RYUUKYOKU ba="0,0" sc="216,10,307,-30,255,10,222,10" hai0="94,95,109,110" hai2="9,11,78,82,84,90,97,132,133,134" hai3="12,19,21,26,27,79,85,87,91,92" /><INIT seed="2,1,0,5,1,11" ten="226,277,265,232" oya="2" hai0="13,94,32,51,123,132,27,86,19,58,122,48,28" hai1="121,4,37,31,39,82,21,72,53,71,120,106,60" hai2="17,43,18,57,66,135,101,83,9,104,30,109,88" hai3="47,45,90,77,107,34,96,127,23,100,78,6,20"/><V65/><F135/><W102/><G34/><T110/><D132/><U63/><E106/><V87/><F109/><W80/><G127/><T131/><D110/><U56/><E4/><V8/><F30/><W54/><G6/><T42/><D131/><U115/><E115/><V16/><F43/><W55/><G107/><T84/><D42/><U81/><E31/><V22/><F22/><N who="3" m="8235" /><G90/><T49/><D58/><U85/><E21/><V126/><F126/><W46/><G96/><T14/><D94/><U15/><E15/><N who="2" m="7271" /><F104/><W111/><G80/><T124/><D124/><U62/><E72/><V29/><F29/><W116/><G116/><T133/><D133/><U40/><E81/><V0/><F0/><W61/><G61/><N who="1" m="23658" /><E71/><V119/><F119/><W38/><G111/><T113/><D113/><U76/><E40/><V7/><F101/><N who="3" m="39019" /><G38/><T33/><D33/><U99/><E99/><V1/><F1/><W67/><G67/><N who="2" m="25609" /><F57/><W91/><G91/><T70/><D70/><U98/><E98/><V117/><F117/><W24/><G24/><T97/><D97/><U41/><E41/><V105/><F105/><W44/><N who="3" m="11264" /><DORA hai="59" /><W5/><G5/><T129/><D129/><U10/><E10/><V64/><N who="2" m="25617" /><V118/><DORA hai="73" /><F118/><W108/><G108/><T103/><D103/><U52/><E53/><AGARI ba="1,0" hai="53,54,55,77,78" m="11264,39019,8235" machi="53" ten="50,8000,1" yaku="28,2,8,1,52,2" doraHai="11,59,73" who="3" fromWho="1" sc="226,0,277,-83,265,0,232,83" /><INIT seed="3,0,0,0,3,45" ten="226,194,265,315" oya="3" hai0="56,112,57,15,82,50,67,31,78,16,107,98,47" hai1="72,115,19,101,38,121,34,11,2,114,14,86,100" hai2="8,18,28,63,89,62,60,90,7,77,6,33,21" hai3="26,108,35,40,53,48,25,22,51,44,43,125,55"/><W129/><G125/><T81/><D112/><U104/><E72/><V75/><F75/><W126/><G126/><T110/><D110/><U54/><E121/><V83/><F33/><W85/><G108/><T119/><D119/><U124/><E38/><V13/><F77/><W10/><G129/><T99/><D31/><U79/><E124/><V59/><F59/><N who="0" m="22602" /><D107/><U84/><E34/><V103/><F103/><W88/><G35/><T17/><D17/><U123/><E123/><V92/><F83/><N who="0" m="31754" /><D67/><U120/><E120/><V95/><F28/><W4/><G10/><N who="0" m="6263" /><D78/><U29/><E29/><V46/><F46/><N who="3" m="27799" /><G4/><N who="2" m="1577" /><F8/><W127/><G127/><T37/><D37/><U80/><E2/><V109/><F109/><W122/><G122/><T70/><D70/><U93/><E104/><V133/><F133/><W20/><G22/><T97/><D97/><U73/><E73/><V134/><F134/><W32/><G32/><T76/><D76/><U96/><E86/><N who="2" m="52279" /><F60/><W111/><G111/><T118/><D118/><U102/><REACH who="1" step="1"/><E54/><AGARI ba="0,0" hai="47,50,54,98,99" m="6263,31754,22602" machi="54" ten="30,3900,0" yaku="8,1,52,1,54,1" doraHai="45" who="0" fromWho="1" sc="226,39,194,-39,265,0,315,0" owari="265,6.5,155,-34.5,265,-13.5,315,41.5" /></mjloggm>