<mjloggm ver="2.3"><GO type="225" lobby="0"/><UN n0="%E7%8D%85%E5%AD%90%E6%80%92%E3%82%93" n1="%50%65%74%65%72%50%61%6E" n2="%E5%B8%86%E7%AB%8B%E5%A4%8F%E8%A1%A3" n3="%E7%89%B9%E6%9D%B1%E3%81%AF%E4%B8%96%E7%95%8C%E3%82%92%E6%95%91%E3%81%86" dan="16,17,16,16" rate="2177.96,2222.59,2106.23,2155.05" sx="M,M,M,M"/><TAIKYOKU oya="0"/><INIT seed="0,0,0,4,3,1" ten="250,250,250,250" oya="0" hai0="55,120,38,47,92,43,98,46,73,19,89,70,9" hai1="115,64,63,15,116,99,87,96,8,119,2,78,69" hai2="50,34,104,117,105,18,0,49,123,109,66,56,113" hai3="20,41,95,127,48,51,60,84,134,16,62,39,83"/><T131/><D120/><U67/><E2/><V133/><F113/><W61/><G134/><T44/><D70/><U23/><E115/><V25/><F123/><W107/><G107/><T108/><D73/><U28/><E67/><V97/><F109/><W118/><G118/><T86/><D108/><U126/><E126/><V129/><F129/><W37/><G95/><T72/><D72/><U6/><E96/><V111/><F111/><W79/><G127/><T80/><D131/><U27/><REACH who="1" step="1"/><E99/><REACH who="1" ten="250,240,250,250" step="2"/><V76/><F0/><W13/><REACH who="3" step="1"/><G41/><REACH who="3" ten="250,240,250,240" step="2"/><T128/><D128/><U106/><E106/><V81/><F105/><W94/><G94/><T31/><D43/><U122/><E122/><V11/><F104/><W58/><G58/><T24/><D92/><U135/><E135/><V3/><F56/><W53/><G53/><T82/><D55/><U77/><E77/><V14/><F76/><W12/><G12/><T114/><D114/><U124/><E124/><V68/><F14/><W57/><G57/><T102/><D98/><U22/><E22/><V36/><F97/><W125/><G125/><T93/><D93/><U59/><E59/><V103/><F133/><W45/><G45/><T42/><D47/><U101/><E101/><V54/><F103/><W75/><G75/><T91/><D102/><U17/><E17/><V26/><F18/><W52/><G52/><T100/><D46/><U110/><E110/><V7/><F54/><W40/><G40/><T85/><D100/><U88/><E88/><V71/><F71/><W29/><G29/><T30/><D24/><U65/><E65/><RYUUKYOKU ba="0,2" sc="250,10,240,10,250,-30,240,10" hai0="9,19,30,31,38,42,44,80,82,85,86,89,91" hai1="6,8,15,23,27,28,63,64,69,78,87,116,119" hai3="13,16,20,37,39,48,51,60,61,62,79,83,84" /><INIT seed="0,1,2,3,4,7" ten="260,250,220,250" oya="0" hai0="67,94,32,92,125,69,68,8,58,33,60,30,28" hai1="105,62,48,3,85,89,126,124,116,13,78,121,96" hai2="54,75,56,26,22,41,10,24,74,2,129,29,83" hai3="111,61,65,101,40,70,18,52,81,23,119,9,57"/><T109/><D125/><N who="1" m="48235" /><E3/><V5/><F129/><W27/><G111/><T50/><D109/><U19/><E116/><V133/><F133/><W90/><G119/><T20/><D8/><N who="1" m="6567" /><E121/><V91/><F41/><W95/><G40/><T117/><D117/><U130/><E130/><V1/><F1/><W73/><G101/><T31/><D20/><U36/><E36/><V97/><F26/><W63/><G9/><T59/><D50/><U98/><E78/><V66/><F66/><W118/><G118/><T108/><D108/><U107/><E62/><V115/><F115/><W43/><G43/><T51/><D51/><U87/><E87/><V131/><F131/><W55/><G55/><T135/><D135/><U42/><E48/><V120/><F120/><W38/><G38/><T0/><D0/><U86/><E86/><V53/><F53/><W21/><G21/><T34/><REACH who="0" step="1"/><D59/><REACH who="0" ten="250,250,220,250" step="2"/><U11/><E11/><V110/><F110/><W37/><G37/><T99/><D99/><N who="1" m="37931" /><E42/><V35/><F97/><N who="3" m="57591" /><G61/><T128/><D128/><U113/><E113/><V127/><F127/><W88/><G70/><AGARI ba="1,3" hai="28,30,31,32,33,34,58,60,67,68,69,70,92,94" machi="70" ten="50,2400,0" yaku="1,1,53,0" doraHai="7" doraHaiUra="16" who="0" fromWho="3" sc="250,57,250,0,220,0,250,-27" /><INIT seed="0,2,0,4,3,20" ten="307,250,220,223" oya="0" hai0="97,50,94,56,69,101,129,112,74,86,77,41,115" hai1="87,5,19,126,6,131,134,78,8,83,47,89,17" hai2="38,31,54,1,15,57,44,120,13,110,3,25,55" hai3="102,4,72,29,9,66,88,114,43,18,22,70,14"/><T49/><D69/><U133/><E131/><V84/><F120/><W35/><G114/><T67/><D129/><U48/><E126/><V118/><F118/><W104/><G72/><T127/><D127/><U2/><E5/><V91/><F110/><W63/><G43/><T79/><D74/><U107/><E107/><V16/><F1/><W10/><G88/><N who="0" m="55495" /><D115/><U59/><E59/><V130/><F3/><W40/><G40/><T125/><D112/><U39/><E39/><V36/><F130/><W12/><G22/><T111/><D111/><U109/><E109/><V32/><F13/><W51/><G51/><N who="0" m="19467" /><D101/><U85/><E134/><V76/><F76/><N who="0" m="29258" /><D125/><U23/><E133/><V37/><F44/><W117/><G117/><T68/><D68/><U119/><E119/><V113/><F113/><W93/><G104/><T98/><D98/><U62/><E62/><V33/><F33/><W75/><G75/><T52/><D41/><U58/><E58/><V122/><F57/><W80/><G102/><T108/><D108/><U73/><E73/><V42/><F42/><W99/><G99/><T105/><D105/><U92/><E48/><V30/><F122/><W103/><G103/><T71/><D71/><U46/><E46/><V7/><F38/><W121/><G121/><T124/><D124/><U45/><E45/><V132/><F132/><W0/><G0/><T116/><D116/><U11/><E47/><V90/><F37/><W26/><REACH who="3" step="1"/><G93/><REACH who="3" ten="307,250,220,213" step="2"/><T123/><D123/><U27/><E2/><V61/><F36/><W106/><G106/><T100/><D100/><U82/><E92/><RYUUKYOKU ba="2,1" sc="307,-10,250,-10,220,-10,213,30" hai3="4,9,10,12,14,18,26,29,35,63,66,70,80" /><INIT seed="1,3,1,0,5,50" ten="297,240,210,243" oya="1" hai0="104,34,6,22,13,53,100,8,17,63,86,80,0" hai1="59,60,11,39,45,73,48,129,10,122,109,134,20" hai2="85,118,18,99,106,111,114,83,24,120,79,135,62" hai3="5,14,37,133,130,90,38,42,77,9,36,96,95"/><U64/><E122/><V35/><F120/><W94/><G130/><T56/><D34/><U1/><E129/><V107/><F118/><W128/><G128/><T112/><D112/><U91/><E39/><V15/><F114/><W74/><G133/><T125/><D125/><U89/><E134/><V115/><F115/><W127/><G127/><T124/><D124/><U19/><E73/><V28/><F111/><W71/><G71/><T57/><D57/><U58/><E58/><V117/><F117/><W2/><G14/><T82/><D86/><U68/><E68/><V116/><F116/><W52/><G94/><T23/><REACH who="0" step="1"/><D22/><REACH who="0" ten="287,240,210,243" step="2"/><U65/><E109/><V30/><F135/><W47/><REACH who="3" step="1"/><G52/><REACH who="3" ten="287,240,210,233" step="2"/><T78/><D78/><U131/><E131/><V132/><F132/><W61/><G61/><T31/><D31/><U3/><E65/><V72/><F30/><W110/><G110/><T126/><D126/><U44/><E64/><V67/><F62/><W97/><G97/><AGARI ba="3,3" hai="0,6,8,13,17,23,53,56,63,80,82,97,100,104" machi="97" ten="40,2600,0" yaku="1,1,52,1,53,0" doraHai="50" doraHaiUra="43" who="0" fromWho="3" sc="287,65,240,0,210,0,233,-35" /><INIT seed="2,0,0,2,3,25" ten="352,240,210,198" oya="2" hai0="81,27,61,6,120,116,78,95,80,12,9,83,19" hai1="128,62,92,63,113,4,131,48,18,99,1,133,8" hai2="105,69,42,93,36,104,112,17,135,115,3,14,77" hai3="44,47,130,108,30,70,89,124,74,50,96,111,79"/><V94/><F69/><W46/><G70/><T11/><D120/><U85/><E113/><V101/><F3/><W65/><G65/><T10/><D116/><U60/><E133/><V129/><F77/><W118/><G118/><T7/><D78/><U121/><E121/><V123/><F123/><W110/><G130/><N who="1" m="49706" /><E85/><V67/><F67/><W41/><G124/><T125/><D125/><U21/><E48/><V58/><F58/><W75/><G30/><T52/><D27/><N who="1" m="14775" /><E63/><V132/><F129/><W56/><G56/><N who="0" m="34951" /><D95/><U35/><E35/><V13/><F36/><W53/><G79/><T91/><D91/><AGARI ba="0,0" hai="1,4,8,60,62,91,92,99" m="14775,49706" machi="91" ten="30,1000,0" yaku="19,1" doraHai="25" who="1" fromWho="0" sc="352,-10,240,10,210,0,198,0" /><INIT seed="3,0,0,4,4,37" ten="342,250,210,198" oya="3" hai0="100,5,97,75,11,49,7,126,101,32,53,82,134" hai1="40,27,30,94,118,71,48,9,54,108,29,0,102" hai2="117,106,24,110,18,25,8,78,58,83,132,45,131" hai3="123,13,35,6,115,88,63,124,70,113,23,105,77"/><W21/><G123/><T81/><D32/><U79/><E71/><V87/><F110/><W111/><G35/><T120/><D120/><U36/><E108/><V3/><F106/><W76/><G111/><T127/><D134/><U61/><E61/><V99/><F131/><W72/><G105/><N who="0" m="63631" /><D101/><U93/><E79/><V14/><F117/><W103/><G103/><T19/><D19/><U95/><E102/><V128/><F128/><W116/><G116/><T109/><D75/><U50/><E36/><V67/><F99/><W51/><G51/><T56/><D7/><U47/><E118/><V26/><F132/><W52/><G88/><T107/><D107/><U39/><E39/><V86/><F86/><W15/><G52/><T38/><D38/><U69/><E69/><V60/><F3/><W66/><G6/><T42/><D42/><U122/><E122/><V80/><F80/><W121/><G121/><T4/><D4/><U34/><E30/><V98/><F98/><W62/><G70/><T104/><D104/><U1/><REACH who="1" step="1"/><E9/><REACH who="1" ten="342,240,210,198" step="2"/><V44/><AGARI ba="0,1" hai="8,14,18,24,25,26,44,45,58,60,67,78,83,87" machi="44" ten="30,2000,0" yaku="0,1,8,1" doraHai="37" who="2" fromWho="2" sc="342,-5,240,-5,210,30,198,-10" owari="337,43.7,235,-16.5,240,4.0,188,-31.2" /></mjloggm>