<mjloggm ver="2.3"><GO type="225" lobby="0"/><UN n0="%E3%81%AA%E3%82%81%E3%81%93%E9%9B%80%E5%A3%AB" n1="%E6%9D%B1%E9%A2%A8%E3%81%AE%E3%81%8D%E3%82%83%E3%81%B7%E3%81%95%E3%82%93" n2="%E5%B8%86%E7%AB%8B%E5%A4%8F%E8%A1%A3" n3="%E6%A0%B9%E5%85%83%E3%81%8B%E3%82%89%E5%90%B9%E3%81%A3%E9%A3%9B%E3%81%B6" dan="16,17,16,17" rate="2030.76,2193.71,2162.47,2166.91" sx="M,M,M,F"/><TAIKYOKU oya="0"/><INIT seed="0,0,0,0,3,14" ten="250,250,250,250" oya="0" hai0="57,12,70,132,23,71,130,94,89,75,64,82,85" hai1="120,79,11,17,90,40,39,45,50,18,34,83,27" hai2="5,124,53,72,96,31,56,106,118,46,78,8,44" hai3="84,135,16,37,9,20,66,49,29,101,87,69,13"/><T121/><D121/><U122/><E90/><V32/><F124/><W62/><G37/><T28/><D132/><U119/><E119/><V97/><F118/><W42/><G135/><T100/><D130/><U81/><E39/><V36/><F32/><W35/><G35/><T88/><D75/><U63/><E63/><V0/><F31/><W105/><G105/><T55/><D64/><U114/><E114/><V54/><F46/><W1/><G101/><T127/><D100/><U102/><E102/><V103/><F56/><N who="3" m="37191" /><G1/><T93/><D127/><U123/><E11/><V110/><F97/><W10/><G69/><T86/><D82/><U25/><E83/><N who="2" m="45511" /><F110/><W21/><G21/><T113/><D113/><U117/><E117/><V2/><F2/><W43/><G9/><T109/><D109/><U92/><E92/><V33/><F33/><W24/><G43/><AGARI ba="0,0" hai="0,5,8,36,43,44,53,54,96,103,106" m="45511" machi="43" ten="30,1000,0" yaku="25,1" doraHai="14" who="2" fromWho="3" sc="250,0,250,0,250,10,250,-10" /><INIT seed="1,0,0,1,0,48" ten="250,250,260,240" oya="1" hai0="100,134,114,30,10,132,28,41,21,124,119,123,11" hai1="32,89,6,82,27,108,7,102,121,105,79,29,69" hai2="90,8,20,33,109,59,15,112,55,66,93,63,19" hai3="65,12,4,13,37,45,94,110,85,80,104,17,56"/><U34/><E121/><V60/><F109/><W87/><G104/><T50/><D114/><U9/><E108/><V61/><F33/><W96/><G110/><T83/><D119/><U43/><E34/><V81/><F112/><W1/><G1/><T52/><D124/><U117/><E117/><V106/><F106/><W133/><G133/><N who="0" m="51307" /><D100/><U2/><E6/><V97/><F81/><W99/><G37/><T49/><D123/><U131/><E89/><V64/><REACH who="2" step="1"/><F8/><REACH who="2" ten="250,250,250,240" step="2"/><N who="0" m="3114" /><D83/><U71/><E131/><V88/><F88/><W31/><G80/><T113/><D113/><U120/><E120/><V125/><F125/><W91/><G91/><T39/><D21/><U3/><E3/><V101/><F101/><W107/><G94/><T5/><D5/><U78/><E78/><V67/><AGARI ba="0,1" hai="15,19,20,55,59,60,61,63,64,66,67,90,93,97" machi="67" ten="30,8000,1" yaku="1,1,0,1,8,1,52,1,53,1" doraHai="48" doraHaiUra="54" who="2" fromWho="2" sc="250,-20,250,-40,250,90,240,-20" /><INIT seed="2,0,0,4,3,111" ten="230,210,340,220" oya="2" hai0="16,37,10,114,61,96,41,109,59,1,93,110,89" hai1="132,76,113,62,8,21,64,69,20,123,67,25,129" hai2="126,55,15,52,66,68,5,119,83,38,28,30,121" hai3="106,108,14,13,49,85,51,95,3,54,0,97,78"/><V40/><F119/><W46/><G108/><N who="0" m="41579" /><D114/><U33/><E123/><V125/><F121/><W94/><G106/><T134/><D134/><U7/><E67/><V99/><F99/><W35/><G35/><T88/><D89/><U107/><E132/><V29/><F83/><N who="3" m="47351" /><G0/><T86/><D96/><U101/><E76/><V65/><F40/><N who="3" m="24775" /><G3/><T102/><D102/><U11/><E129/><V34/><F38/><W42/><G42/><T9/><D1/><U6/><E113/><V18/><F5/><W81/><G81/><T71/><D71/><U32/><E101/><V92/><F92/><N who="3" m="35371" /><G97/><T58/><D41/><U135/><E135/><V84/><F34/><W120/><G120/><T127/><D127/><N who="2" m="48650" /><F84/><W124/><G124/><T56/><D37/><U79/><E107/><V19/><F68/><W57/><AGARI ba="0,0" hai="13,14,51,54,57" m="35371,24775,47351" machi="57" ten="30,1100,0" yaku="8,1" doraHai="111" who="3" fromWho="3" sc="230,-3,210,-3,340,-5,220,11" /><INIT seed="3,0,0,1,2,52" ten="227,207,335,231" oya="3" hai0="84,53,102,32,28,0,75,3,100,26,12,59,131" hai1="130,10,58,7,91,18,86,68,120,121,69,60,37" hai2="74,104,34,61,78,22,108,92,114,77,94,71,118" hai3="1,4,76,41,116,70,19,123,133,62,87,81,134"/><W99/><G116/><T117/><D75/><U73/><E73/><V63/><F22/><W103/><G41/><T17/><D131/><U90/><E37/><V119/><F74/><W47/><G47/><T42/><D42/><U89/><E18/><V101/><F101/><W64/><G123/><T135/><D135/><N who="3" m="51721" /><G19/><T80/><D102/><U105/><E105/><V95/><F104/><N who="3" m="63615" /><G1/><T55/><D100/><U113/><E86/><V127/><F118/><W21/><G21/><T35/><D55/><U27/><E27/><V122/><F122/><W25/><G4/><T98/><D98/><U124/><E130/><V49/><F34/><W8/><G8/><T48/><D35/><U107/><E107/><V23/><F23/><W66/><G66/><T45/><D45/><U109/><E121/><V67/><F67/><W65/><G64/><T2/><D117/><U36/><E120/><V39/><F39/><W79/><G79/><T46/><D46/><U51/><E36/><V38/><F78/><W72/><G72/><T106/><D106/><U44/><E44/><V54/><F77/><W125/><G125/><T82/><D84/><U129/><E124/><V13/><F127/><W33/><G33/><T15/><D17/><U93/><E7/><V20/><F38/><W24/><AGARI ba="0,0" hai="24,25,62,65,70,76,81,87" m="63615,51721" machi="24" ten="30,1500,0" yaku="20,1" doraHai="52" who="3" fromWho="3" sc="227,-5,207,-5,335,-5,231,15" /><INIT seed="3,1,0,3,1,135" ten="222,202,330,246" oya="3" hai0="99,17,74,25,6,69,130,105,23,134,72,40,4" hai1="18,92,79,7,90,24,39,28,106,96,78,30,19" hai2="80,62,67,125,94,26,46,54,103,127,13,58,9" hai3="100,85,8,95,108,113,35,60,91,107,66,77,12"/><W63/><G113/><T114/><D114/><U133/><E133/><V83/><F26/><W14/><G35/><T129/><D134/><U11/><E39/><V70/><F46/><W38/><G38/><T93/><D40/><U64/><E64/><V49/><F94/><W32/><G32/><T73/><D105/><U122/><E106/><V84/><F103/><W87/><G108/><T51/><D51/><U101/><E101/><V132/><F132/><W16/><G66/><T76/><D76/><U22/><E122/><V29/><F29/><W47/><G47/><T104/><D69/><U118/><E118/><V61/><F61/><W1/><G1/><T2/><D104/><U116/><E116/><V126/><F84/><W57/><G57/><T110/><D2/><U112/><E112/><V97/><F97/><W27/><G27/><T34/><D34/><U75/><E30/><V42/><F42/><W81/><REACH who="3" step="1"/><G14/><REACH who="3" ten="222,202,330,236" step="2"/><T121/><D110/><U0/><REACH who="1" step="1"/><E78/><REACH who="1" ten="222,192,330,236" step="2"/><V111/><F111/><W86/><G86/><T59/><D74/><U21/><E21/><V5/><AGARI ba="1,2" hai="5,9,13,49,54,58,62,67,70,80,83,125,126,127" machi="5" ten="30,8000,1" yaku="0,1,18,1,52,3" doraHai="135" who="2" fromWho="2" sc="222,-21,192,-21,330,103,236,-41" owari="201,0.1,171,-32.9,433,53.3,195,-20.5" /></mjloggm>