<mjloggm ver="2.3"><GO type="225" lobby="0"/><UN n0="%4B%2E%32%2E%4B%2E" n1="%E3%81%A4%E3%81%A3%E3%81%B1%E3%82%8A%E3%83%9D%E3%83%BC%E3%83%AB" n2="%E5%BA%97%E9%95%B7%4D" n3="%E3%81%BF%E3%81%BF%E3%81%9A" dan="16,17,16,18" rate="2114.81,2255.16,2102.00,2238.60" sx="M,M,M,M"/><TAIKYOKU oya="0"/><INIT seed="0,0,0,2,5,19" ten="250,250,250,250" oya="0" hai0="135,117,15,57,22,66,27,31,132,33,20,116,82" hai1="24,81,101,90,58,5,30,62,61,118,32,98,107" hai2="1,4,89,7,79,85,99,52,72,17,131,0,111" hai3="44,96,97,114,55,54,119,91,127,103,133,110,113"/><T120/><D120/><U100/><E118/><N who="0" m="45673" /><D82/><U41/><E41/><V6/><F111/><W64/><G119/><T37/><D37/><U102/><E5/><V38/><F38/><W60/><G110/><T93/><D93/><U70/><E62/><V77/><F131/><W123/><G123/><T74/><D74/><U80/><E80/><V73/><F99/><W16/><G127/><T40/><D40/><U112/><E112/><V25/><F72/><W125/><G125/><T130/><D130/><U56/><E56/><V34/><F73/><W92/><G133/><N who="0" m="51275" /><D15/><U45/><E45/><V51/><F0/><W106/><G114/><T28/><D28/><U46/><E46/><N who="2" m="27767" /><F34/><W95/><G113/><T126/><D126/><U67/><E58/><V48/><F48/><W121/><G121/><T76/><D76/><U88/><E90/><V59/><F59/><N who="3" m="36895" /><G106/><T84/><D84/><AGARI ba="0,0" hai="24,30,32,61,67,70,81,84,88,98,100,101,102,107" machi="84" ten="40,5200,0" yaku="25,2,54,1" doraHai="19" who="1" fromWho="0" sc="250,-52,250,52,250,0,250,0" /><INIT seed="1,0,0,2,1,7" ten="198,302,250,250" oya="1" hai0="88,20,113,27,36,6,108,132,1,105,71,92,37" hai1="95,55,74,15,11,76,65,121,13,135,84,58,63" hai2="21,3,8,24,75,85,31,68,19,38,53,5,109" hai3="29,101,90,60,54,126,83,16,43,131,42,133,12"/><U96/><E121/><V0/><F75/><W23/><G126/><T40/><D113/><U72/><E135/><V100/><F38/><W18/><G133/><T115/><D132/><U10/><E74/><V116/><F68/><W45/><G131/><T64/><D115/><U134/><E72/><V17/><F100/><W14/><G101/><T123/><D123/><U107/><E107/><V128/><F116/><W130/><G29/><T35/><D35/><U111/><E134/><V49/><F128/><W9/><G130/><T124/><D124/><U50/><E111/><V127/><F127/><W112/><G112/><T48/><D108/><U120/><E120/><V41/><F41/><W125/><G125/><T81/><D81/><N who="1" m="47143" /><E15/><N who="2" m="7399" /><F109/><W56/><G45/><T118/><D105/><U30/><E13/><N who="2" m="9455" /><F49/><W32/><G32/><T70/><D48/><U22/><E22/><N who="2" m="15767" /><F53/><W57/><G57/><T61/><D40/><U103/><E30/><V25/><F85/><AGARI ba="0,0" hai="9,12,14,16,18,23,42,43,54,56,60,83,85,90" machi="85" ten="40,5200,0" yaku="8,1,52,1,54,1" doraHai="7" who="3" fromWho="2" sc="198,0,302,0,250,-52,250,52" /><INIT seed="2,0,0,2,2,54" ten="198,302,198,302" oya="2" hai0="22,4,38,134,88,12,3,100,120,15,119,82,26" hai1="77,52,76,71,69,28,1,34,128,7,123,46,24" hai2="125,14,20,96,41,90,107,95,86,67,51,108,5" hai3="131,11,70,92,53,25,93,83,118,42,65,68,103"/><V62/><F125/><W85/><G118/><T37/><D120/><U111/><E123/><V60/><F108/><W47/><G131/><T39/><D119/><U79/><E128/><V89/><F107/><W58/><G25/><T19/><D134/><U116/><E116/><V75/><F75/><W113/><G113/><T81/><D100/><U29/><E29/><V27/><F41/><W102/><G65/><T23/><D3/><U40/><E111/><V45/><F5/><W31/><G31/><T17/><REACH who="0" step="1"/><D88/><REACH who="0" ten="188,302,198,302" step="2"/><U18/><E1/><V78/><F78/><N who="3" m="46327" /><G103/><T66/><D66/><U133/><E133/><V73/><F73/><W124/><G102/><T16/><D16/><U98/><E18/><N who="2" m="10327" /><F27/><W74/><G124/><T33/><D33/><U63/><E76/><V21/><F21/><W106/><G74/><T109/><D109/><U50/><E77/><V104/><F104/><W117/><G106/><T64/><D64/><U35/><E79/><V94/><F67/><W57/><G117/><T80/><D80/><U97/><E35/><V55/><AGARI ba="0,1" hai="45,51,55,60,62,86,89,90,94,95,96" m="10327" machi="55" ten="30,1500,0" yaku="8,1" doraHai="54" who="2" fromWho="2" sc="188,-5,302,-5,198,25,302,-5" /><INIT seed="2,1,0,2,5,126" ten="183,297,223,297" oya="2" hai0="61,40,104,32,73,58,7,108,23,91,109,116,39" hai1="37,89,124,85,56,35,52,25,19,96,82,134,64" hai2="86,105,95,72,33,53,123,98,30,43,10,42,84" hai3="132,14,130,92,6,29,27,75,111,135,101,48,60"/><V66/><F72/><W76/><G111/><N who="0" m="42571" /><D116/><U119/><E119/><V118/><F118/><W22/><G130/><T88/><D32/><U46/><E124/><V31/><F123/><W106/><G106/><T80/><D104/><U68/><E134/><N who="3" m="51242" /><G60/><T55/><D7/><U4/><E4/><V63/><F105/><W49/><G76/><N who="0" m="44047" /><D23/><N who="1" m="13567" /><E35/><V57/><F10/><N who="3" m="4439" /><G75/><T18/><D18/><U99/><E37/><V12/><F12/><W54/><G54/><T20/><D20/><U70/><E70/><V1/><F1/><W50/><G92/><T114/><D114/><U107/><E68/><V127/><F127/><W26/><G27/><T69/><D69/><U65/><E107/><V36/><F33/><W67/><G101/><T74/><D74/><U16/><E46/><AGARI ba="1,0" hai="39,40,46,55,58,61,88,91" m="44047,42571" machi="46" ten="30,2000,0" yaku="14,1,54,1" doraHai="126" who="0" fromWho="1" sc="183,23,297,-23,223,0,297,0" /><INIT seed="3,0,0,3,2,131" ten="206,274,223,297" oya="3" hai0="79,29,123,93,117,40,110,90,74,43,38,48,36" hai1="45,16,103,89,92,97,100,127,19,41,70,11,84" hai2="68,86,81,37,12,82,15,17,42,31,35,53,121" hai3="76,63,64,96,122,10,50,51,104,21,56,118,2"/><W83/><G118/><T65/><D117/><U94/><E70/><V95/><F68/><W46/><G122/><T3/><D123/><U62/><E127/><V108/><F121/><W71/><G21/><T49/><D110/><U55/><E100/><V87/><F108/><W114/><G114/><T126/><D126/><U106/><E106/><V4/><F37/><W20/><G71/><T105/><D105/><U120/><E120/><V133/><F42/><W59/><G59/><T27/><D3/><U66/><E66/><V61/><F133/><W58/><G58/><T30/><D74/><U124/><E124/><V113/><F113/><W132/><G132/><T22/><D79/><U33/><E33/><V130/><F130/><W44/><G20/><T107/><D107/><U5/><E55/><V32/><F31/><W0/><G96/><T26/><D65/><U102/><E62/><V88/><F35/><W73/><G104/><T34/><D38/><U77/><E77/><V101/><F32/><W135/><G135/><T8/><D8/><U80/><E103/><V39/><F39/><W119/><G119/><T54/><D36/><U129/><E129/><V111/><F111/><W72/><G72/><T25/><D27/><U9/><E9/><N who="2" m="4135" /><F101/><W47/><G10/><T7/><D7/><U57/><E11/><N who="2" m="6399" /><F86/><W85/><G73/><T24/><D26/><U6/><E6/><V67/><F67/><W98/><G98/><N who="0" m="57655" /><D54/><U128/><E5/><V115/><F115/><W112/><G112/><T1/><D1/><N who="3" m="617" /><G64/><T134/><D134/><U13/><E128/><V23/><F23/><RYUUKYOKU ba="0,0" sc="206,10,274,-30,223,10,297,10" hai0="22,24,25,29,30,34,40,43,48,49" hai2="53,61,81,82,87,88,95" hai3="44,46,47,50,51,56,63,76,83,85" owari="216,-28.4,244,4.4,233,-16.7,307,40.7" /></mjloggm>