<mjloggm ver="2.3"><GO type="225" lobby="0"/><UN n0="%33%74%72%65%65" n1="%E5%B8%86%E7%AB%8B%E5%A4%8F%E8%A1%A3" n2="%74%2E%6F%2E%6F%2E%73" n3="%6E%69%63%6F%6E%74%6F" dan="16,16,18,16" rate="2125.62,2193.52,2152.60,2125.57" sx="F,M,M,M"/><TAIKYOKU oya="0"/><INIT seed="0,0,0,2,4,120" ten="250,250,250,250" oya="0" hai0="122,77,129,4,76,27,74,49,43,119,0,112,108" hai1="93,124,8,59,92,98,87,26,1,73,55,12,7" hai2="34,103,63,14,44,81,31,11,80,38,28,134,13" hai3="125,85,89,106,83,47,19,133,109,57,78,68,107"/><T35/><D112/><U65/><E124/><V70/><F134/><W90/><G68/><T58/><D119/><U114/><E73/><V37/><F103/><W113/><G113/><T60/><D122/><U94/><E114/><V116/><F44/><W48/><G57/><T111/><D129/><U33/><E1/><V131/><F63/><W20/><G125/><T123/><D123/><U40/><E40/><V99/><F99/><W16/><G133/><T128/><D128/><U84/><E65/><V69/><F131/><W101/><G19/><T97/><D97/><U2/><E2/><V105/><F11/><W52/><G109/><N who="0" m="42059" /><D74/><U62/><REACH who="1" step="1"/><E98/><REACH who="1" ten="250,240,250,250" step="2"/><V104/><F116/><W115/><G115/><T17/><D0/><U61/><E61/><V45/><F37/><W127/><G127/><T118/><D118/><U75/><E75/><V41/><F41/><W95/><G101/><T24/><D60/><U51/><E51/><V66/><F38/><W39/><G39/><T25/><D43/><U102/><E102/><V72/><F72/><W53/><G53/><T5/><D49/><U130/><E130/><V6/><F66/><W56/><G47/><T3/><D3/><U42/><E42/><V30/><F45/><W110/><G110/><T21/><D58/><U15/><E15/><V64/><F64/><W96/><REACH who="3" step="1"/><G90/><REACH who="3" ten="250,240,250,240" step="2"/><T29/><D24/><AGARI ba="0,2" hai="16,20,24,48,52,56,78,83,85,89,95,96,106,107" machi="24" ten="30,12000,2" yaku="1,1,2,1,7,1,54,2,53,1" doraHai="120" doraHaiUra="46" who="3" fromWho="0" sc="250,-120,240,0,250,0,240,140" /><INIT seed="1,0,0,0,5,103" ten="130,240,250,380" oya="1" hai0="44,85,74,106,97,125,8,51,102,76,47,13,101" hai1="37,15,24,73,7,34,32,65,94,116,98,27,128" hai2="38,2,126,56,124,75,35,96,48,23,90,71,41" hai3="132,92,81,19,58,104,84,79,109,82,36,69,119"/><U60/><E116/><V54/><F35/><W80/><G69/><T135/><D135/><U127/><E73/><V33/><F33/><W129/><G132/><T20/><D125/><U26/><E37/><V121/><F121/><W49/><G119/><T9/><D74/><U6/><E127/><V72/><F2/><W62/><G36/><T100/><D20/><U95/><E128/><V110/><F110/><W114/><G109/><T14/><D13/><U53/><E53/><V67/><F72/><W22/><G104/><T0/><D0/><U30/><E34/><V59/><F59/><W64/><G114/><T87/><D9/><U120/><E95/><N who="2" m="56439" /><F23/><W112/><G112/><T123/><D123/><U117/><E117/><V16/><F16/><W3/><G3/><T12/><D12/><U11/><E6/><V108/><F75/><W134/><G129/><T42/><D44/><U63/><E63/><N who="2" m="40447" /><F108/><W122/><G122/><T29/><D29/><U99/><E99/><V1/><F1/><W133/><G133/><T55/><D55/><U61/><E61/><V105/><F105/><W50/><G134/><T131/><D131/><U43/><E43/><V52/><F54/><W68/><G68/><T4/><REACH who="0" step="1"/><D85/><REACH who="0" ten="120,240,250,380" step="2"/><U25/><E120/><V46/><AGARI ba="0,1" hai="38,41,46,48,52,56,124,126" m="40447,56439" machi="46" ten="30,2000,0" yaku="24,1,54,1" doraHai="103" who="2" fromWho="2" sc="120,-5,240,-10,250,30,380,-5" /><INIT seed="2,0,0,4,4,125" ten="115,230,280,375" oya="2" hai0="78,63,19,84,31,53,22,111,26,9,92,1,33" hai1="3,55,62,46,4,113,79,73,49,127,126,45,23" hai2="83,89,43,16,11,77,76,8,37,69,2,109,121" hai3="74,41,110,72,106,50,48,70,21,66,17,91,132"/><V40/><F121/><W57/><G110/><T67/><D111/><U59/><E23/><V100/><F69/><W18/><G132/><T85/><D78/><U134/><E4/><V14/><F109/><W81/><G106/><T65/><D53/><N who="1" m="29871" /><E3/><V86/><F100/><W117/><G117/><T101/><D67/><N who="1" m="39391" /><E79/><V15/><F2/><W80/><G74/><T96/><D1/><U104/><E104/><V30/><F30/><W38/><G72/><T28/><D33/><U29/><E29/><V5/><F37/><W95/><G38/><T93/><D93/><U36/><E73/><V68/><F68/><W99/><G70/><T20/><D9/><U44/><E134/><V60/><F60/><N who="3" m="38159" /><G18/><T61/><D61/><U42/><E113/><V24/><F24/><N who="3" m="14383" /><G50/><AGARI ba="0,0" hai="36,42,44,46,50,55,126,127" m="39391,29871" machi="50" ten="30,2000,0" yaku="34,2" doraHai="125" who="1" fromWho="3" sc="115,0,230,20,280,0,375,-20" /><INIT seed="3,0,0,4,2,8" ten="115,250,280,355" oya="3" hai0="133,6,36,135,120,55,33,12,40,21,127,131,42" hai1="35,78,15,2,16,39,122,18,82,66,125,134,72" hai2="110,102,7,74,31,51,77,10,5,46,26,38,84" hai3="13,105,95,32,62,114,108,96,47,48,30,60,23"/><W98/><G114/><T57/><D120/><U11/><E122/><V70/><F110/><W37/><G37/><T99/><D33/><U29/><E134/><V109/><F70/><W54/><G108/><T118/><D118/><U83/><E125/><V93/><F38/><W9/><G32/><T132/><D127/><U14/><E39/><V53/><F109/><W65/><G105/><T58/><D131/><U85/><E2/><V103/><F74/><W25/><G65/><T128/><D128/><U50/><E66/><V90/><F77/><W19/><G96/><T107/><D36/><U0/><E0/><V104/><F104/><W4/><G4/><T89/><D57/><U123/><E50/><V76/><F76/><W20/><G20/><T92/><D107/><U43/><E43/><V115/><F5/><W27/><G27/><T71/><D71/><U69/><E69/><V97/><F97/><W80/><G80/><T94/><D94/><U52/><E52/><V64/><F64/><W63/><G63/><T113/><D113/><U44/><E44/><V17/><F17/><W41/><G41/><T129/><D129/><U56/><E56/><V116/><F116/><W75/><G75/><T124/><D124/><U112/><E112/><V119/><F119/><W121/><G121/><T67/><D67/><U73/><E83/><V81/><F81/><W3/><G3/><T88/><D89/><AGARI ba="0,0" hai="9,13,19,23,25,30,47,48,54,60,62,89,95,98" machi="89" ten="30,5800,0" yaku="7,1,8,1,52,1" doraHai="8" who="3" fromWho="0" sc="115,-58,250,0,280,0,355,58" owari="57,-44.3,250,-15.0,280,8.0,413,51.3" /></mjloggm>