<mjloggm ver="2.3"><GO type="225" lobby="0"/><UN n0="%E4%BF%BA%E3%81%A8%E5%A6%96%E5%A4%A2" n1="%E3%81%AA%E3%81%A1%30%39%32%37" n2="%40%79%75%6B%69%73" n3="%E3%81%BF%E3%81%BF%E3%81%9A" dan="17,16,16,17" rate="2225.13,2025.62,2175.27,2252.17" sx="F,M,M,M"/><TAIKYOKU oya="0"/><INIT seed="0,0,0,4,5,54" ten="250,250,250,250" oya="0" hai0="98,13,51,66,3,106,128,116,118,92,56,25,99" hai1="18,50,19,115,53,121,33,85,83,34,133,117,123" hai2="1,120,102,64,39,35,89,30,119,29,60,11,95" hai3="65,134,55,74,105,52,67,47,125,96,63,44,38"/><T21/><D3/><U93/><E117/><V70/><F120/><W90/><G74/><T110/><D128/><U88/><E133/><V104/><F39/><W48/><G134/><T36/><D36/><U43/><E115/><V10/><F119/><W94/><G125/><T24/><D106/><U82/><E43/><V109/><F109/><W122/><G122/><T126/><D126/><U79/><E123/><V86/><F1/><W111/><G111/><T62/><D110/><U8/><E121/><V127/><F127/><W5/><G5/><T124/><D124/><U42/><E42/><V81/><F81/><W15/><G105/><T37/><D37/><U49/><E49/><V101/><F29/><W14/><G38/><T61/><D13/><N who="3" m="4617" /><G44/><T6/><D6/><U75/><E82/><V22/><F22/><W129/><G129/><T135/><D135/><U113/><E113/><V114/><F102/><W23/><G23/><T20/><D51/><U16/><REACH who="1" step="1"/><E8/><REACH who="1" ten="250,240,250,250" step="2"/><V100/><F11/><W32/><G32/><T73/><D116/><U76/><E76/><V131/><F10/><W46/><G46/><AGARI ba="0,1" hai="16,18,19,33,34,46,50,53,75,79,83,85,88,93" machi="46" ten="40,8000,1" yaku="1,1,54,2,53,1" doraHai="54" doraHaiUra="72" who="1" fromWho="3" sc="250,0,240,90,250,0,250,-80" /><INIT seed="1,0,0,2,5,5" ten="250,330,250,170" oya="1" hai0="118,0,25,31,85,65,52,73,19,81,113,32,27" hai1="7,110,75,89,93,60,15,128,1,29,83,50,123" hai2="67,41,46,34,59,3,120,84,96,99,8,48,132" hai3="82,39,103,9,94,92,30,22,20,131,117,87,37"/><U88/><E123/><V121/><F34/><W62/><G62/><T42/><D113/><U112/><E112/><V28/><F28/><W54/><G54/><T56/><D118/><U77/><E128/><V63/><F132/><W79/><G131/><T126/><D73/><U58/><E110/><V43/><F43/><W4/><G117/><T108/><D108/><U114/><E114/><V12/><F3/><W17/><G30/><T133/><D0/><U109/><E109/><V35/><F35/><W66/><G66/><T106/><D106/><U47/><E29/><V98/><REACH who="2" step="1"/><F84/><REACH who="2" ten="250,330,240,170" step="2"/><W57/><G39/><T119/><D42/><U130/><E1/><V122/><F122/><W36/><G37/><T64/><D133/><U97/><E130/><V69/><F69/><W78/><G36/><T86/><D85/><U90/><E75/><V33/><F33/><W18/><G79/><T11/><D119/><U38/><E77/><V21/><F21/><W55/><G22/><N who="0" m="15799" /><D126/><U115/><E38/><V104/><F104/><W74/><G20/><N who="0" m="13727" /><D32/><U49/><E115/><V76/><F76/><W13/><G74/><T100/><D11/><U129/><E129/><V80/><F80/><W23/><G23/><T51/><D100/><U45/><E83/><V71/><F71/><W61/><REACH who="3" step="1"/><G103/><REACH who="3" ten="250,330,240,160" step="2"/><T125/><D125/><U70/><E70/><V68/><F68/><W53/><G53/><T107/><D107/><U111/><E111/><V40/><F40/><W26/><G26/><T72/><D72/><U24/><E24/><V105/><F105/><W127/><G127/><T101/><D101/><RYUUKYOKU ba="0,2" sc="250,10,330,-30,240,10,160,10" hai0="51,52,56,64,65,81,86" hai2="8,12,41,46,48,59,63,67,96,98,99,120,121" hai3="4,9,13,17,18,55,57,61,78,82,87,92,94" /><INIT seed="2,1,2,2,4,10" ten="260,300,250,170" oya="2" hai0="77,94,55,32,71,37,20,24,18,76,124,50,47" hai1="106,73,92,59,70,52,110,51,40,15,46,84,3" hai2="16,87,111,7,99,11,34,95,21,5,23,82,114" hai3="19,75,133,108,8,74,29,128,36,69,97,6,26"/><V102/><F114/><W49/><G36/><T91/><D124/><U1/><E106/><V130/><F34/><W129/><G69/><T4/><D71/><U118/><E73/><V66/><F130/><N who="3" m="50283" /><G108/><T88/><D32/><U107/><E107/><V35/><F35/><N who="3" m="20919" /><G133/><T42/><D4/><N who="2" m="1610" /><F66/><W96/><G19/><T33/><D33/><U119/><E1/><V80/><F111/><W131/><N who="3" m="50291" /><W25/><DORA hai="53" /><G25/><T100/><D100/><U31/><E3/><V44/><F44/><W113/><G49/><T115/><D115/><U104/><E46/><V65/><F65/><W27/><G27/><T98/><D91/><U63/><E70/><V68/><F68/><W109/><G109/><T58/><AGARI ba="1,2" hai="18,20,24,37,42,47,50,55,58,76,77,88,94,98" machi="58" ten="20,5200,0" yaku="0,1,7,1,52,1,54,1" doraHai="10,53" who="0" fromWho="0" sc="260,75,300,-14,250,-27,170,-14" /><INIT seed="3,0,0,1,5,96" ten="335,286,223,156" oya="3" hai0="97,7,27,108,44,41,58,88,49,4,74,38,77" hai1="118,28,50,135,78,86,52,12,43,72,40,126,26" hai2="1,35,31,75,36,24,89,83,18,8,115,127,90" hai3="68,15,69,101,82,103,6,119,3,67,53,47,59"/><W11/><G119/><T104/><D108/><U61/><E72/><V94/><F115/><W10/><G47/><T5/><D74/><U93/><E135/><V123/><F127/><W84/><G67/><T128/><D128/><U133/><E133/><V70/><F70/><W112/><G112/><T132/><D132/><U42/><E126/><V129/><F129/><W21/><G69/><T107/><D77/><U95/><E118/><V114/><F114/><W113/><G68/><T19/><D38/><U71/><E12/><V33/><F33/><W20/><G113/><T110/><D110/><U79/><E71/><V87/><F36/><W46/><G46/><T0/><D0/><U116/><E61/><V57/><F123/><W65/><G65/><T62/><D88/><N who="1" m="53399" /><E95/><V32/><F32/><W55/><G11/><T99/><D107/><U16/><E28/><V131/><F75/><W106/><G106/><T76/><D76/><U63/><E63/><V30/><F30/><W120/><G120/><T98/><D104/><U121/><E121/><V37/><F37/><W34/><G34/><T85/><D85/><U22/><E116/><V134/><F134/><W56/><G56/><AGARI ba="0,0" hai="16,22,26,40,42,43,50,52,56,78,79" m="53399" machi="56" ten="30,7700,0" yaku="8,1,54,3" doraHai="96" who="1" fromWho="3" sc="335,0,286,77,223,0,156,-77" owari="335,13.5,363,46.3,223,-17.7,79,-42.1" /></mjloggm>