<mjloggm ver="2.3"><GO type="225" lobby="0"/><UN n0="%E5%B0%8F%E9%B3%A5%E9%81%8A%E7%B7%B4%E7%84%A1%32%31%E6%AD%B3" n1="%E3%82%B2%E3%82%B9%E8%8C%82%E5%8B%9D" n2="%6D%75%75%6D%75%72%61" n3="%E3%81%BF%E3%81%BF%E3%81%9A" dan="16,16,17,16" rate="2156.27,2041.45,2262.60,2157.86" sx="F,F,F,M"/><TAIKYOKU oya="0"/><INIT seed="0,0,0,2,0,14" ten="250,250,250,250" oya="0" hai0="41,21,42,34,46,100,33,40,120,7,16,108,81" hai1="35,66,113,116,84,18,37,112,123,47,44,56,82" hai2="63,61,134,119,109,13,105,99,1,52,71,80,11" hai3="128,85,127,118,53,31,93,12,3,20,117,59,36"/><T114/><D120/><U125/><E116/><V130/><F119/><W106/><G106/><T6/><D114/><N who="1" m="44139" /><E35/><V72/><F109/><W75/><G75/><T70/><D108/><U8/><E123/><V131/><F134/><W48/><G3/><T110/><D110/><U10/><E125/><V88/><F1/><W87/><G36/><T133/><D70/><U57/><E8/><V9/><F9/><W111/><G111/><T45/><D133/><U60/><E56/><V115/><F115/><W65/><G127/><T77/><D100/><U83/><E37/><V103/><F71/><W101/><G128/><N who="2" m="49193" /><F52/><W32/><G117/><T28/><D34/><U79/><E82/><V30/><F30/><W4/><G118/><T76/><D28/><U0/><E0/><V98/><F72/><W5/><G65/><T78/><D81/><U126/><E126/><V74/><F74/><W91/><G101/><T58/><D58/><U68/><E68/><V90/><F99/><W22/><G32/><T124/><D33/><U15/><AGARI ba="0,0" hai="10,15,18,44,47,57,60,66,79,83,84" m="44139" machi="15" ten="30,2000,0" yaku="11,1,52,1" doraHai="14" who="1" fromWho="1" sc="250,-10,250,20,250,-5,250,-5" /><INIT seed="1,0,0,2,0,112" ten="240,270,245,245" oya="1" hai0="106,2,28,14,85,89,120,24,6,12,105,116,102" hai1="43,23,103,63,36,93,98,64,128,86,94,127,95" hai2="100,46,25,22,51,19,40,134,52,10,58,97,80" hai3="42,107,133,9,61,35,99,54,37,29,44,7,92"/><U27/><E127/><V57/><F134/><W69/><G133/><T48/><D2/><U32/><E128/><V119/><F119/><W59/><G107/><T114/><D114/><U88/><E32/><V124/><F124/><W31/><G35/><T87/><D120/><U83/><E36/><V117/><F117/><W126/><G126/><T60/><D48/><U45/><E45/><V129/><F129/><W96/><G69/><T50/><D50/><U123/><E123/><V82/><F10/><W3/><REACH who="3" step="1"/><G99/><REACH who="3" ten="240,270,245,235" step="2"/><T56/><D106/><U53/><E43/><V84/><F84/><W65/><G65/><T130/><D85/><U81/><E53/><V132/><F132/><W13/><G13/><T90/><D14/><U38/><E38/><V20/><F97/><W78/><G78/><T33/><D12/><U34/><E34/><V118/><F118/><W75/><G75/><T39/><D116/><U21/><E81/><V70/><F70/><W108/><G108/><T11/><D39/><U125/><E125/><V1/><F1/><W15/><G15/><T16/><D105/><U101/><E98/><V26/><F82/><W79/><G79/><T55/><D87/><U131/><E131/><V47/><F80/><W113/><G113/><T49/><D33/><U109/><E109/><V110/><F110/><W104/><G104/><T77/><D77/><U8/><E8/><V73/><F73/><W41/><G41/><T62/><D130/><U68/><REACH who="1" step="1"/><E21/><REACH who="1" ten="240,260,245,235" step="2"/><V71/><F40/><W30/><G30/><AGARI ba="0,2" hai="23,27,30,63,64,68,83,86,88,93,94,95,101,103" machi="30" ten="40,7700,0" yaku="1,1,2,1,54,1,53,0" doraHai="112" doraHaiUra="0" who="1" fromWho="3" sc="240,0,260,97,245,0,235,-77" /><INIT seed="1,1,0,2,4,32" ten="240,357,245,158" oya="1" hai0="2,7,83,24,17,19,44,57,84,73,126,112,0" hai1="75,47,40,80,95,46,33,12,111,38,39,9,135" hai2="36,37,76,41,23,13,129,105,27,55,104,97,1" hai3="59,122,50,131,100,18,101,115,109,130,4,99,43"/><U69/><E69/><V74/><F129/><N who="3" m="49163" /><G115/><T8/><D112/><U98/><E135/><V81/><F1/><W93/><G122/><T66/><D73/><U11/><E33/><V125/><F125/><W28/><G109/><T123/><D126/><U106/><E106/><V96/><F13/><W63/><G28/><T85/><D123/><U107/><E107/><V119/><F119/><W65/><G18/><T15/><D44/><U87/><E75/><V113/><F113/><W82/><G82/><T25/><D66/><U117/><E117/><V108/><F108/><W121/><G121/><T3/><D57/><U58/><E111/><V70/><F70/><W90/><G4/><T6/><D83/><U102/><E58/><V124/><F124/><W110/><G110/><T78/><D78/><U94/><E94/><V53/><F105/><W79/><G79/><T42/><D42/><U92/><E92/><V89/><F104/><W114/><G114/><T10/><D3/><U88/><E12/><AGARI ba="1,0" hai="0,2,6,7,8,10,12,15,17,19,24,25,84,85" machi="12" ten="25,6400,0" yaku="22,2,52,2" doraHai="32" who="0" fromWho="1" sc="240,67,357,-67,245,0,158,0" /><INIT seed="2,0,0,1,1,74" ten="307,290,245,158" oya="2" hai0="80,29,122,32,16,86,40,18,96,72,38,73,57" hai1="93,87,91,8,45,114,103,95,2,117,33,61,47" hai2="53,42,13,22,27,19,92,64,113,26,101,124,59" hai3="36,12,9,88,60,44,105,135,131,83,75,5,84"/><V37/><F113/><W128/><G105/><T11/><D122/><U39/><E114/><V34/><F124/><W110/><G110/><T119/><D119/><U66/><E117/><V25/><F34/><W116/><G116/><T52/><D40/><U30/><E39/><V63/><F37/><W51/><G36/><T6/><D38/><U14/><E2/><V130/><F130/><W115/><G115/><T35/><D96/><U67/><E30/><V31/><F42/><W1/><G135/><T134/><D72/><U21/><E21/><N who="2" m="15791" /><F53/><W24/><G60/><T126/><D73/><U104/><E33/><V89/><F101/><W65/><G65/><N who="1" m="24586" /><E61/><V15/><F27/><W85/><G24/><T71/><D71/><U49/><E104/><V70/><F70/><W97/><G75/><T132/><D126/><U62/><E62/><V78/><F78/><W120/><G120/><T76/><D29/><U7/><E49/><V43/><F43/><W106/><G1/><T56/><D32/><U90/><E103/><V69/><F69/><W111/><G111/><T133/><D35/><U0/><E0/><V81/><F81/><W118/><G118/><T121/><D121/><U107/><E107/><V41/><F41/><N who="3" m="24975" /><G106/><T58/><D52/><U123/><E123/><V82/><F82/><N who="3" m="49175" /><G97/><AGARI ba="0,0" hai="7,8,14,45,47,87,90,91,93,95,97" m="24586" machi="97" ten="30,1000,0" yaku="8,1" doraHai="74" who="1" fromWho="3" sc="307,0,290,10,245,0,158,-10" /><AGARI ba="0,0" hai="13,15,19,22,26,59,63,64,89,92,97" m="15791" machi="97" ten="30,1500,0" yaku="8,1" doraHai="74" who="2" fromWho="3" sc="307,0,300,0,245,15,148,-15" /><INIT seed="2,1,0,0,5,128" ten="307,300,260,133" oya="2" hai0="124,97,17,113,80,52,38,131,121,107,50,40,27" hai1="43,65,133,24,104,25,9,12,126,18,102,45,74" hai2="30,86,85,114,62,90,67,49,56,35,5,7,15" hai3="8,2,93,127,77,70,3,34,54,112,82,99,103"/><V72/><F72/><W31/><G127/><T92/><D124/><U42/><E126/><V4/><F114/><W71/><G112/><T94/><D113/><U84/><E74/><V115/><F115/><W23/><G34/><T120/><D131/><U0/><E0/><V95/><F35/><W110/><G110/><T100/><D40/><U105/><E65/><V20/><F49/><W109/><G109/><T33/><D38/><U111/><E111/><V57/><F57/><W119/><G119/><T48/><D48/><U89/><E42/><V66/><F66/><W96/><G54/><T78/><D120/><U22/><E102/><V132/><F132/><W46/><G46/><T51/><D51/><U28/><E133/><V53/><F67/><W81/><G31/><T75/><D121/><U134/><E24/><N who="2" m="16647" /><F86/><W32/><G32/><T98/><D98/><U10/><E10/><AGARI ba="1,0" hai="4,5,7,10,15,53,56,62,85,90,95" m="16647" machi="10" ten="30,1500,0" yaku="8,1" doraHai="128" who="2" fromWho="1" sc="307,0,300,-18,260,18,133,0" /><INIT seed="2,2,0,4,1,109" ten="307,282,278,133" oya="2" hai0="64,24,27,36,116,54,111,66,71,128,74,6,53" hai1="2,42,55,22,63,100,33,49,21,16,134,39,29" hai2="106,13,7,56,89,108,95,113,41,20,91,131,60" hai3="58,73,123,99,76,118,23,37,45,25,38,135,93"/><V40/><F106/><W3/><G118/><T8/><D74/><U85/><E134/><V18/><F108/><W81/><G123/><T94/><D111/><U126/><E126/><V62/><F131/><W125/><G135/><T117/><D36/><U65/><E2/><V104/><F104/><W67/><G125/><T129/><D94/><U83/><E100/><V12/><F113/><W30/><G3/><T97/><D97/><U59/><E33/><V114/><F114/><W112/><G45/><T88/><D88/><N who="2" m="33866" /><F95/><W68/><G112/><T69/><D8/><U34/><E34/><V44/><F44/><W32/><G68/><T35/><D35/><U19/><E42/><N who="2" m="16491" /><F56/><W102/><REACH who="3" step="1"/><G32/><REACH who="3" ten="307,282,278,123" step="2"/><T5/><AGARI ba="2,1" hai="5,6,24,27,53,54,64,66,69,71,116,117,128,129" machi="5" ten="25,3200,0" yaku="0,1,22,2" doraHai="109" who="0" fromWho="0" sc="307,48,282,-10,278,-18,123,-10" /><INIT seed="3,0,0,0,3,98" ten="355,272,260,113" oya="3" hai0="7,14,8,9,77,66,86,4,132,17,118,42,84" hai1="59,33,13,18,53,50,134,83,123,110,30,38,11" hai2="100,62,47,25,56,97,104,48,39,19,131,64,51" hai3="109,124,67,73,40,22,58,44,29,112,35,92,114"/><W96/><G73/><T76/><D132/><U52/><E110/><V68/><F131/><W78/><G35/><T46/><D66/><U5/><E134/><V130/><F130/><W108/><G78/><N who="0" m="30315" /><D118/><U27/><E123/><V88/><F88/><N who="3" m="55303" /><G29/><T49/><D8/><U65/><E38/><V12/><F25/><W106/><G106/><T72/><D72/><U69/><E83/><V6/><F6/><AGARI ba="0,0" hai="4,6,7,9,14,17,42,46,49,84,86" m="30315" machi="6" ten="30,1000,0" yaku="8,1" doraHai="98" who="0" fromWho="2" sc="355,10,272,0,260,-10,113,0" owari="365,46.5,272,7.2,250,-15.0,113,-38.7" /></mjloggm>