<mjloggm ver="2.3"><GO type="225" lobby="0"/><UN n0="%E3%81%BE%E3%81%A8%E3%81%9F" n1="%E9%B3%B3%E6%9D%B1%E3%81%AE%E3%81%86%E3%81%95%E3%81%8E%E3%81%95%E3%82%93" n2="%77%72%77%72%77%72%77%72" n3="%74%61%6B%75%61%6B%61" dan="16,17,16,16" rate="2097.57,2219.77,2140.60,2109.12" sx="M,M,M,M"/><TAIKYOKU oya="0"/><INIT seed="0,0,0,1,1,44" ten="250,250,250,250" oya="0" hai0="11,6,14,73,26,31,125,47,28,49,107,83,69" hai1="102,56,22,120,52,115,105,34,40,119,75,109,101" hai2="85,90,135,100,38,3,23,15,130,99,46,18,2" hai3="71,95,114,59,53,77,64,89,82,93,98,131,96"/><T65/><D125/><U30/><E119/><V29/><F130/><W27/><G131/><T127/><D127/><U33/><E120/><V97/><F135/><W108/><G108/><T94/><D107/><U122/><E122/><V117/><F117/><W25/><G114/><T48/><D69/><U63/><E115/><V132/><F132/><W36/><G36/><T1/><D65/><U16/><E109/><V104/><F97/><W84/><G64/><T10/><D94/><U24/><E75/><V103/><F103/><W7/><G7/><T21/><D31/><U133/><E133/><V54/><F29/><W60/><REACH who="3" step="1"/><G71/><REACH who="3" ten="250,250,250,240" step="2"/><T4/><REACH who="0" step="1"/><D47/><REACH who="0" ten="240,250,250,240" step="2"/><U76/><E105/><V50/><REACH who="2" step="1"/><F38/><REACH who="2" ten="240,250,240,240" step="2"/><W17/><G17/><T74/><D74/><U123/><E16/><V5/><F5/><W61/><G61/><T9/><D9/><U70/><E63/><V78/><F78/><AGARI ba="0,3" hai="1,4,6,10,11,14,21,26,28,48,49,73,78,83" machi="78" ten="40,12000,1" yaku="1,1,52,2,53,1" doraHai="44" doraHaiUra="72" who="0" fromWho="2" sc="240,150,250,0,240,-120,240,0" /><INIT seed="0,1,0,2,5,47" ten="390,250,120,240" oya="0" hai0="92,48,36,88,83,46,122,8,1,135,7,4,125" hai1="121,129,68,3,40,42,113,50,54,120,90,22,128" hai2="86,105,44,127,96,79,38,0,98,9,123,29,133" hai3="89,27,73,23,2,94,41,63,25,104,72,66,56"/><T78/><D122/><N who="1" m="47211" /><E22/><V69/><F123/><W11/><G104/><T16/><D36/><U10/><E10/><V14/><F0/><W97/><G27/><T75/><D135/><U126/><E3/><V85/><F133/><W20/><G20/><T112/><D125/><U117/><E90/><V106/><F69/><W108/><G108/><T100/><D100/><U43/><E126/><V115/><F127/><W57/><G57/><T84/><D112/><U62/><E113/><V134/><F134/><W130/><G41/><T93/><D7/><U101/><E101/><V58/><F115/><W32/><G130/><N who="1" m="50282" /><E117/><V99/><F79/><W18/><G32/><T107/><D107/><U77/><E77/><V109/><F109/><W28/><REACH who="3" step="1"/><G28/><REACH who="3" ten="390,250,120,230" step="2"/><T91/><D8/><U37/><E37/><V33/><F29/><W45/><G45/><T114/><D46/><N who="1" m="27991" /><E43/><V6/><F33/><W124/><G124/><T13/><D114/><U110/><E110/><V131/><F131/><W15/><G15/><T5/><D1/><U17/><E17/><V55/><F106/><W71/><G71/><T30/><D30/><U95/><E95/><V31/><F31/><W34/><G34/><T102/><D13/><U64/><AGARI ba="1,1" hai="40,42,62,64,68" m="27991,50282,47211" machi="64" ten="40,8000,1" yaku="19,1,34,2,52,1" doraHai="47" who="1" fromWho="1" sc="390,-41,250,93,120,-21,230,-21" /><INIT seed="1,0,0,1,3,102" ten="349,343,99,209" oya="1" hai0="130,116,21,6,95,89,49,74,36,71,1,25,127" hai1="112,105,114,2,58,90,23,93,7,100,99,94,40" hai2="41,16,96,121,104,70,111,101,10,4,65,120,86" hai3="107,82,63,53,78,84,34,11,22,13,125,5,98"/><U124/><E124/><V0/><F111/><W31/><G125/><T76/><D36/><U45/><E58/><V12/><F41/><W132/><G34/><T131/><D71/><U108/><E108/><V113/><F113/><W37/><G37/><T51/><D116/><U67/><E67/><V17/><F17/><W46/><G132/><T117/><D76/><U30/><E2/><V44/><F44/><W32/><G32/><T18/><D74/><U134/><E134/><V79/><F65/><W28/><G22/><T123/><D117/><U103/><E7/><V55/><F55/><W57/><REACH who="3" step="1"/><G46/><REACH who="3" ten="349,343,99,199" step="2"/><T106/><D127/><U27/><E45/><V68/><F121/><W59/><G59/><T97/><D123/><U3/><E23/><V52/><F120/><W129/><G129/><T24/><D21/><U135/><E135/><V9/><REACH who="2" step="1"/><F52/><REACH who="2" ten="349,343,89,199" step="2"/><W115/><G115/><T83/><D130/><U81/><E114/><V122/><F122/><W15/><G15/><T92/><D131/><U62/><E112/><V110/><F110/><W77/><G77/><T61/><D1/><U35/><E3/><V39/><F39/><W109/><G109/><T85/><D61/><U69/><E62/><V29/><F29/><W50/><G50/><T14/><D49/><U48/><E48/><V133/><F133/><W66/><G66/><T118/><D51/><U42/><E42/><V33/><F33/><W80/><G80/><AGARI ba="0,2" hai="0,4,9,10,12,16,68,70,79,80,86,96,101,104" machi="80" ten="40,8000,1" yaku="1,1,52,1,54,1,53,1" doraHai="102" doraHaiUra="8" who="2" fromWho="3" sc="349,0,343,0,89,100,199,-80" /><INIT seed="2,0,0,4,3,22" ten="349,343,189,119" oya="2" hai0="21,9,130,16,89,24,98,115,111,102,131,32,83" hai1="31,51,82,35,106,4,44,61,90,68,92,97,13" hai2="28,128,107,26,43,33,116,95,2,109,127,93,121" hai3="55,20,72,19,73,119,126,84,11,118,15,63,62"/><V29/><F116/><W134/><G134/><T132/><D132/><U76/><E106/><V100/><F121/><W7/><G126/><T10/><D115/><U79/><E35/><V114/><F114/><W86/><G119/><T75/><D111/><U27/><E68/><V50/><F2/><W64/><G118/><T78/><D89/><U53/><E61/><V57/><F127/><W91/><G55/><T0/><D32/><U5/><E13/><V30/><F128/><N who="0" m="49194" /><D0/><U85/><REACH who="1" step="1"/><E76/><REACH who="1" ten="349,333,189,119" step="2"/><V38/><F107/><AGARI ba="0,1" hai="9,10,16,21,24,75,78,83,98,102,107" m="49194" machi="107" ten="30,3900,0" yaku="19,1,52,1,54,1" doraHai="22" who="0" fromWho="2" sc="349,49,333,0,189,-39,119,0" /><INIT seed="3,0,0,3,5,29" ten="398,333,150,119" oya="3" hai0="27,48,109,113,114,55,47,44,50,132,128,56,117" hai1="6,59,8,79,94,77,53,66,76,134,61,62,60" hai2="89,107,127,54,69,125,25,31,112,74,98,35,2" hai3="83,84,115,20,133,111,28,57,21,9,86,15,10"/><W40/><G115/><N who="0" m="44043" /><D117/><U32/><E134/><V103/><F112/><W19/><G133/><T22/><D132/><U118/><E118/><V85/><F74/><W37/><G111/><T126/><D126/><N who="2" m="48138" /><F2/><W0/><G57/><T124/><D124/><U43/><E43/><V49/><F69/><W123/><G123/><T135/><D135/><U96/><E32/><V92/><F54/><W108/><G108/><T105/><D105/><U104/><E104/><V4/><F49/><N who="0" m="19050" /><D128/><U91/><REACH who="1" step="1"/><E53/><REACH who="1" ten="398,323,150,119" step="2"/><V70/><F107/><W18/><G28/><N who="0" m="17527" /><D109/><U39/><E39/><V90/><F31/><W11/><G0/><AGARI ba="0,1" hai="0,6,8,59,60,61,62,66,76,77,79,91,94,96" machi="0" ten="40,1300,0" yaku="1,1,53,0" doraHai="29" doraHaiUra="41" who="1" fromWho="3" sc="398,0,323,23,150,0,119,-13" owari="398,49.8,346,14.6,150,-25.0,106,-39.4" /></mjloggm>