<mjloggm ver="2.3"><GO type="225" lobby="0"/><UN n0="%E3%81%99%E3%81%84%E3%81%BE%E3%81%9B%E3%83%BC%E3%82%93" n1="%E6%98%93%E5%88%A9%E8%96%A9%E4%BC%AF" n2="%E3%83%A1%E3%82%AC%E3%83%87%E3%82%B8" n3="%E3%81%8F%E3%82%8A%E3%83%94%E3%83%BC" dan="16,16,16,16" rate="2134.42,2102.28,2105.83,2095.16" sx="M,F,F,M"/><TAIKYOKU oya="0"/><INIT seed="0,0,0,5,0,14" ten="250,250,250,250" oya="0" hai0="92,89,101,110,43,99,51,120,29,93,81,68,78" hai1="98,0,107,60,74,15,119,47,121,91,72,44,85" hai2="131,55,50,52,20,115,117,37,79,1,22,56,4" hai3="71,53,32,106,21,104,76,34,59,127,42,130,7"/><T67/><D120/><U84/><E121/><V111/><F115/><W3/><G71/><T96/><D110/><U90/><E0/><V83/><F111/><W118/><G118/><T27/><D67/><U108/><E108/><V25/><F37/><W17/><G42/><T100/><D68/><U39/><E119/><V113/><F113/><W41/><G41/><T123/><D123/><U46/><E39/><V26/><F117/><W38/><G76/><T66/><D66/><U40/><E40/><V23/><F131/><W82/><G127/><T49/><D89/><U31/><E31/><V36/><F36/><W105/><G82/><T133/><D43/><U126/><E126/><V6/><F55/><W88/><G130/><T33/><REACH who="0" step="1"/><D133/><REACH who="0" ten="240,250,250,250" step="2"/><U122/><E122/><V87/><F1/><W64/><G64/><T77/><D77/><U102/><E90/><V134/><F134/><W73/><G88/><T10/><D10/><U128/><E128/><V112/><F112/><W124/><G3/><T86/><AGARI ba="0,1" hai="27,29,33,49,51,78,81,86,92,93,96,99,100,101" machi="86" ten="20,7800,0" yaku="1,1,0,1,7,1,9,1,53,0" doraHai="14" doraHaiUra="13" who="0" fromWho="0" sc="240,88,250,-26,250,-26,250,-26" /><INIT seed="0,1,0,0,0,88" ten="328,224,224,224" oya="0" hai0="54,67,103,84,37,51,43,14,47,132,60,86,112" hai1="42,24,62,56,122,46,131,19,113,71,119,55,83" hai2="87,116,130,5,79,35,107,28,20,77,12,101,50" hai3="89,109,94,61,105,6,81,108,4,1,126,11,22"/><T117/><D112/><U64/><E119/><V82/><F130/><W125/><G105/><T123/><D117/><U45/><E131/><V49/><F116/><W110/><G6/><T23/><D123/><U53/><E122/><V21/><F79/><W121/><G121/><T32/><D32/><U91/><E113/><V34/><F34/><W128/><G128/><T13/><D103/><U29/><E19/><V40/><F35/><W111/><N who="3" m="27648" /><DORA hai="96" /><W65/><G22/><T70/><D132/><U69/><E69/><V39/><F39/><W27/><G81/><T120/><D120/><U133/><E46/><N who="2" m="25799" /><F28/><W7/><G27/><T59/><D13/><U135/><E91/><V99/><F50/><W9/><G9/><AGARI ba="1,0" hai="5,9,12,20,21,77,82,87,99,101,107" m="25799" machi="9" ten="30,2000,0" yaku="25,1,52,1" doraHai="88,96" who="2" fromWho="3" sc="328,0,224,0,224,23,224,-23" /><INIT seed="1,0,0,4,2,65" ten="328,224,247,201" oya="1" hai0="22,27,117,82,77,59,3,58,46,39,10,79,18" hai1="5,120,116,33,9,99,17,60,35,36,40,50,12" hai2="63,43,103,135,15,131,72,20,16,54,108,90,56" hai3="114,4,122,76,133,44,127,129,75,66,112,124,132"/><U2/><E116/><V88/><F108/><W107/><G4/><T70/><D70/><U86/><E120/><V55/><F72/><W69/><G107/><T49/><D39/><U61/><E36/><V41/><F131/><W91/><G91/><N who="2" m="34857" /><F135/><N who="3" m="51787" /><G44/><T134/><D117/><U81/><E99/><V85/><F103/><W74/><G122/><T48/><D48/><U0/><E35/><V95/><F95/><W52/><G52/><N who="2" m="20009" /><F85/><W1/><G1/><T21/><D3/><U105/><E33/><V24/><F24/><W53/><G53/><AGARI ba="0,0" hai="15,16,20,41,43,53,56,63" m="20009,34857" machi="53" ten="30,7700,0" yaku="8,1,54,3" doraHai="65" who="2" fromWho="3" sc="328,0,224,0,247,77,201,-77" /><INIT seed="2,0,0,4,2,88" ten="328,224,324,124" oya="2" hai0="49,82,76,131,98,51,114,27,26,59,85,3,91" hai1="73,104,2,105,40,36,63,84,72,83,5,79,78" hai2="22,25,46,65,87,16,8,29,89,90,68,123,120" hai3="96,23,74,75,52,60,116,100,129,35,56,119,80"/><V42/><F90/><W115/><G35/><T4/><D114/><U10/><E63/><V62/><F8/><W130/><G115/><T41/><D131/><U7/><E84/><V50/><REACH who="2" step="1"/><F29/><REACH who="2" ten="328,224,314,124" step="2"/><W111/><G129/><T67/><D91/><U94/><E7/><V11/><F11/><W93/><G130/><T31/><D31/><U6/><E5/><V45/><F45/><W81/><G111/><T38/><D4/><U69/><E69/><V117/><F117/><W118/><REACH who="3" step="1"/><G23/><REACH who="3" ten="328,224,314,114" step="2"/><T102/><D3/><U37/><E2/><V24/><F24/><W18/><G18/><T124/><D26/><U132/><E6/><V20/><F20/><W110/><G110/><T101/><D27/><U9/><E10/><V71/><F71/><W108/><G108/><T125/><D125/><U14/><E9/><V92/><AGARI ba="0,2" hai="16,22,25,42,46,50,62,65,68,87,89,92,120,123" machi="92" ten="20,12000,1" yaku="1,1,0,1,7,1,52,1,54,1,53,0" doraHai="88" doraHaiUra="95" who="2" fromWho="2" sc="328,-40,224,-40,314,140,114,-40" /><INIT seed="2,1,0,1,3,134" ten="288,184,454,74" oya="2" hai0="112,76,66,101,121,54,74,91,132,61,16,35,70" hai1="135,128,96,73,63,32,110,45,31,27,2,40,24" hai2="102,93,38,122,58,28,127,78,11,108,29,114,0" hai3="75,60,116,22,37,6,81,59,10,30,80,95,120"/><V18/><F122/><W100/><G120/><T42/><D121/><U79/><E110/><V14/><F114/><W13/><G37/><T48/><D112/><U1/><E135/><V19/><F38/><W90/><G116/><T130/><D35/><U17/><E128/><V125/><F78/><W87/><G75/><T67/><D67/><U15/><E27/><V119/><F119/><W113/><G113/><T25/><D101/><U97/><E79/><V55/><F0/><W86/><G100/><T133/><D130/><U117/><E73/><V33/><F19/><W109/><G109/><T84/><D42/><U53/><E63/><V12/><F12/><W103/><G103/><T104/><D104/><U83/><E53/><V105/><F105/><W47/><G47/><T65/><D65/><U89/><E83/><V49/><F108/><W23/><G30/><T50/><D76/><U62/><E62/><V106/><F106/><W44/><G44/><T82/><D50/><U123/><E123/><V21/><F33/><W118/><G118/><T131/><D74/><U72/><E72/><V7/><F102/><W51/><G51/><T5/><D131/><U8/><E117/><V111/><F111/><W57/><G57/><N who="0" m="32967" /><D5/><U69/><E69/><V115/><F115/><W64/><REACH who="3" step="1"/><G95/><REACH who="3" ten="288,184,454,64" step="2"/><T43/><D133/><U98/><E45/><V56/><F93/><W52/><G52/><T99/><D132/><U94/><E40/><V68/><F55/><W85/><G85/><T124/><D43/><U126/><E96/><V39/><F39/><W36/><G36/><T71/><D99/><RYUUKYOKU ba="1,1" sc="288,-10,184,-10,454,-10,64,30" hai3="6,10,13,22,23,59,60,64,80,81,86,87,90" /><INIT seed="3,2,1,3,2,87" ten="278,174,444,94" oya="3" hai0="60,15,131,61,107,84,99,119,114,122,104,46,14" hai1="76,8,116,49,117,64,106,36,88,17,53,6,26" hai2="62,5,56,71,129,79,16,2,132,22,30,3,78" hai3="48,124,43,134,73,89,115,42,20,47,105,121,102"/><W95/><G115/><T112/><D119/><N who="1" m="45643" /><E36/><V120/><F71/><W113/><G113/><T77/><D122/><U4/><E106/><V98/><F129/><W58/><G121/><T11/><D131/><U66/><E76/><V101/><F132/><W92/><G105/><T50/><D99/><U65/><E88/><V103/><F30/><W13/><G73/><T109/><D50/><U7/><E26/><V123/><F5/><N who="1" m="2153" /><E17/><V52/><F79/><W35/><G35/><T21/><D21/><U96/><E96/><V127/><F78/><W1/><G1/><T18/><D60/><U81/><E81/><V118/><F103/><W68/><G68/><T100/><D46/><N who="1" m="27831" /><E66/><V97/><F56/><W54/><G124/><T29/><D29/><U9/><E9/><V25/><F2/><AGARI ba="2,1" hai="2,7,8,64,65" m="27831,2153,45643" machi="2" ten="30,1000,0" yaku="12,1" doraHai="87" who="1" fromWho="2" sc="278,0,174,26,444,-16,94,0" owari="278,7.8,200,-20.0,428,52.8,94,-40.6" /></mjloggm>