<mjloggm ver="2.3"><GO type="225" lobby="0"/><UN n0="%E3%81%82%E3%81%B9%E3%81%99%E3%81%91" n1="%E5%8D%A0%E3%81%84%E5%B8%AB%E8%A3%8F%E3%81%AA%E3%81%84%E3%81%97" n2="%6E%65%77%E8%BC%AA%E5%A4%A7%E7%B4%8D%E8%A8%80" n3="%E3%83%8F%E3%82%AC%E3%82%BF%E3%82%AB%E3%81%AE%E3%81%88%E3%81%98%E3%81%8D" dan="16,17,16,17" rate="2095.29,2165.36,2098.12,2200.11" sx="M,M,M,M"/><TAIKYOKU oya="0"/><INIT seed="0,0,0,1,2,106" ten="250,250,250,250" oya="0" hai0="95,46,123,5,14,38,130,3,94,19,56,90,52" hai1="103,115,126,118,13,77,78,92,4,70,86,2,16" hai2="15,9,117,67,27,124,71,21,37,107,114,81,119" hai3="113,96,105,76,87,111,31,6,29,69,134,44,83"/><T122/><D3/><U82/><E118/><N who="2" m="45067" /><F114/><W80/><G113/><T74/><D5/><U116/><E116/><V63/><F124/><W110/><G69/><T1/><D1/><U18/><E115/><V121/><F121/><W10/><G134/><T88/><D74/><U125/><E70/><V101/><F37/><W127/><G127/><N who="1" m="48650" /><E2/><V0/><F0/><N who="3" m="327" /><G83/><T25/><D25/><U72/><E78/><V11/><F81/><W120/><G44/><T58/><D130/><U53/><E53/><V17/><F27/><W50/><G50/><N who="0" m="28759" /><D38/><U97/><E86/><V100/><F107/><W132/><G132/><T98/><D123/><U99/><E99/><V109/><F109/><N who="3" m="41483" /><G120/><T40/><D40/><U54/><E54/><V42/><F42/><W41/><G41/><T43/><D43/><U35/><E35/><V102/><AGARI ba="0,0" hai="9,11,15,17,21,63,67,71,100,101,102" m="45067" machi="102" ten="30,1100,0" yaku="12,1" doraHai="106" who="2" fromWho="2" sc="250,-5,250,-3,250,11,250,-3" /><INIT seed="1,0,0,2,0,115" ten="245,247,261,247" oya="1" hai0="102,15,87,1,89,114,49,2,35,135,120,75,85" hai1="91,32,66,112,99,34,79,50,29,119,108,40,52" hai2="41,63,33,22,100,86,81,123,70,14,20,36,65" hai3="9,76,69,130,24,7,61,82,28,8,78,12,3"/><U21/><E112/><V31/><F123/><W46/><G130/><T71/><D114/><U110/><E40/><V126/><F126/><W125/><G125/><T111/><D75/><U122/><E122/><V127/><F127/><W131/><G131/><T11/><D120/><U94/><E79/><V80/><F80/><W38/><G61/><T74/><D74/><U30/><E66/><V25/><F14/><W48/><G69/><T121/><D71/><U56/><E119/><V113/><F113/><W95/><G95/><T84/><D35/><N who="1" m="13355" /><E21/><V58/><F58/><W26/><G28/><T57/><D135/><U98/><E99/><V60/><F60/><W5/><G76/><T39/><D102/><U27/><E27/><V53/><F53/><W83/><G83/><T92/><D39/><U118/><E118/><V23/><F100/><W129/><G38/><T13/><D13/><U72/><E72/><V116/><F116/><W45/><G45/><T6/><D121/><U44/><E44/><V104/><F104/><W64/><G64/><T47/><D57/><U0/><E0/><V96/><F96/><W10/><G10/><T43/><D2/><U77/><E77/><V109/><F109/><AGARI ba="0,0" hai="29,30,50,52,56,91,94,98,108,109,110" m="13355" machi="109" ten="30,5800,0" yaku="14,1,10,1,54,1" doraHai="115" who="1" fromWho="2" sc="245,0,247,58,261,-58,247,0" /><INIT seed="1,1,0,2,1,56" ten="245,305,203,247" oya="1" hai0="78,60,115,68,110,132,117,58,51,73,126,86,128" hai1="15,11,29,38,53,96,42,71,84,102,113,89,127" hai2="101,16,106,116,52,129,34,79,69,59,92,94,1" hai3="26,97,2,61,47,120,3,123,8,122,14,95,109"/><U121/><E113/><V114/><F116/><W93/><G109/><T133/><D73/><U135/><E121/><V83/><F114/><W131/><G131/><T32/><D32/><U90/><E71/><V119/><F119/><W74/><G74/><T87/><D115/><U40/><E135/><N who="0" m="51785" /><D117/><U17/><E127/><V45/><F69/><W81/><G81/><N who="0" m="47415" /><D110/><U70/><E38/><V108/><F108/><W6/><G26/><T44/><D128/><U76/><E29/><V27/><F129/><W33/><G33/><T111/><D111/><U23/><E70/><V46/><F1/><W91/><G47/><T77/><D68/><U57/><E76/><V124/><F124/><W134/><G134/><T19/><D87/><U107/><E11/><V7/><F7/><W72/><G72/><T50/><D77/><U125/><E89/><V12/><F106/><W62/><REACH who="3" step="1"/><G93/><REACH who="3" ten="245,305,203,237" step="2"/><N who="2" m="35945" /><F34/><W22/><G22/><T5/><D44/><N who="2" m="17002" /><F27/><W88/><G88/><T21/><D126/><U13/><E125/><V28/><F101/><W64/><G64/><N who="0" m="38935" /><D5/><U80/><E102/><V82/><F28/><W55/><G55/><T30/><D30/><U36/><E107/><V63/><F79/><W98/><G98/><T66/><D66/><U103/><E96/><V20/><AGARI ba="1,1" hai="12,16,20,52,59,63,82,83" m="17002,35945" machi="20" ten="30,7900,0" yaku="8,1,52,1,54,2" doraHai="56" who="2" fromWho="2" sc="245,-21,305,-40,203,92,237,-21" /><INIT seed="2,0,0,0,2,80" ten="224,265,295,216" oya="2" hai0="68,81,35,79,130,38,14,1,129,96,28,112,123" hai1="88,2,127,131,125,57,92,132,54,33,98,90,34" hai2="25,5,40,20,11,113,48,128,86,10,58,61,84" hai3="94,133,60,63,50,32,43,44,122,67,42,95,19"/><V121/><F113/><W37/><G32/><T53/><D123/><U27/><E2/><V62/><F121/><W21/><G122/><T64/><D112/><U69/><E69/><V24/><F128/><N who="0" m="49258" /><D1/><U26/><E132/><V76/><F76/><W8/><G133/><T102/><D38/><U39/><E39/><V56/><F48/><W29/><G29/><T6/><D53/><U4/><E4/><V89/><F40/><W0/><G42/><T111/><D111/><U109/><E109/><V74/><F74/><W52/><G8/><N who="2" m="3113" /><F5/><W41/><G0/><T87/><D64/><U106/><E106/><V99/><F99/><W18/><G43/><T103/><D103/><U22/><E131/><V36/><F36/><W110/><G110/><T83/><D68/><U97/><E33/><V77/><F77/><W59/><G63/><N who="2" m="24073" /><F89/><W85/><G85/><N who="2" m="32873" /><F25/><W17/><REACH who="3" step="1"/><G21/><REACH who="3" ten="224,265,295,206" step="2"/><T9/><D35/><U82/><E34/><V31/><AGARI ba="0,1" hai="20,24,31,56,58" m="32873,24073,3113" machi="31" ten="30,11700,0" yaku="8,1,52,3" doraHai="80" who="2" fromWho="2" sc="224,-39,265,-39,295,127,206,-39" /><INIT seed="2,1,0,2,2,120" ten="185,226,422,167" oya="2" hai0="98,74,116,58,40,127,30,45,108,48,73,29,39" hai1="77,103,54,122,37,64,79,60,131,3,92,2,11" hai2="62,102,42,1,26,113,125,51,83,107,25,119,63" hai3="100,22,117,56,114,72,36,24,61,91,118,90,128"/><V52/><F113/><W134/><G72/><T71/><D127/><U4/><E131/><V110/><F119/><W93/><G36/><T57/><D71/><U66/><E37/><V67/><F125/><W121/><G121/><T130/><D130/><U86/><E122/><V19/><F1/><W133/><G128/><T28/><D116/><U9/><E54/><V84/><F42/><W49/><G49/><T85/><D85/><U18/><E18/><V17/><F107/><W38/><G38/><T70/><D70/><U27/><E27/><N who="2" m="10251" /><F102/><W47/><G47/><T10/><D10/><U135/><E103/><V104/><F104/><W124/><G124/><T12/><D12/><U87/><E92/><V59/><F110/><W96/><G114/><T15/><D108/><U5/><E60/><N who="2" m="23083" /><F67/><N who="3" m="39335" /><G118/><T76/><D74/><U109/><E109/><V111/><F111/><W50/><G50/><T14/><D39/><U44/><E44/><V97/><F97/><W88/><G117/><T123/><D98/><U33/><E33/><V13/><F13/><N who="0" m="4618" /><D123/><U129/><E129/><V21/><F21/><W41/><G41/><T106/><D106/><U0/><E0/><V23/><F23/><W7/><G7/><T101/><D101/><U69/><E69/><V53/><F53/><W89/><N who="3" m="22528" /><DORA hai="105" /><W43/><G43/><T112/><D112/><U82/><E82/><V78/><AGARI ba="1,0" hai="17,19,51,52,59,78,83,84" m="23083,10251" machi="78" ten="30,3000,0" yaku="8,1,54,1" doraHai="120,105" who="2" fromWho="2" sc="185,-11,226,-11,422,33,167,-11" /><INIT seed="2,2,0,4,0,102" ten="174,215,455,156" oya="2" hai0="128,50,66,52,87,94,100,27,63,86,129,132,2" hai1="40,44,68,45,56,99,135,78,103,39,111,123,82" hai2="61,107,105,62,125,57,15,49,98,134,109,28,60" hai3="13,65,26,120,32,106,1,54,11,108,17,101,42"/><V6/><F125/><W131/><G120/><T25/><D2/><U47/><E111/><V80/><F134/><W116/><G116/><T71/><D132/><U76/><E135/><V43/><F28/><W121/><G121/><T72/><D72/><U12/><E68/><V55/><F109/><W10/><G108/><T21/><D100/><U22/><E76/><V23/><F98/><N who="3" m="61751" /><G42/><T83/><D94/><U84/><E123/><V24/><F80/><W9/><G54/><T36/><D36/><U31/><E56/><V77/><F77/><W3/><G3/><T112/><D87/><U126/><E126/><V8/><REACH who="2" step="1"/><F43/><REACH who="2" ten="174,215,445,156" step="2"/><W75/><G131/><T74/><D129/><U117/><E31/><V133/><F133/><W37/><G75/><T4/><D74/><U41/><E41/><V113/><F113/><W104/><G32/><T73/><D112/><U124/><E124/><V7/><F7/><W93/><G1/><T115/><D4/><U58/><E40/><V19/><AGARI ba="2,1" hai="6,8,15,19,23,24,49,55,57,60,61,62,105,107" machi="19" ten="30,11700,0" yaku="1,1,0,1,52,2,53,0" doraHai="102" doraHaiUra="96" who="2" fromWho="2" sc="174,-41,215,-41,445,133,156,-41" /><INIT seed="2,3,0,1,4,82" ten="133,174,578,115" oya="2" hai0="127,132,70,24,104,100,29,126,87,122,78,113,81" hai1="114,83,118,88,13,54,95,69,22,109,7,105,46" hai2="33,80,62,42,39,20,131,49,11,92,89,90,17" hai3="75,101,130,73,30,60,67,34,21,52,32,125,15"/><V55/><F131/><W112/><G130/><T102/><D70/><U117/><E114/><V107/><F107/><W56/><G112/><T61/><D113/><U99/><E69/><V3/><F33/><W124/><G101/><T27/><D122/><U58/><E105/><V85/><F39/><W111/><G111/><T19/><D132/><U110/><E46/><N who="2" m="25815" /><F3/><W134/><G134/><T35/><D61/><U98/><E98/><N who="2" m="57615" /><F11/><W0/><G0/><T63/><D104/><U119/><E110/><V71/><F71/><W123/><G123/><T68/><D68/><U9/><E109/><V16/><F20/><W41/><G41/><T133/><D133/><U66/><E22/><V28/><F28/><W4/><G67/><T115/><D115/><U129/><E66/><V53/><F62/><W65/><G65/><T94/><D63/><N who="1" m="36311" /><E129/><V25/><F25/><N who="3" m="16687" /><G34/><T116/><D116/><U50/><E118/><V108/><F108/><W120/><G32/><T5/><D35/><U76/><E119/><V96/><F96/><W86/><G120/><T51/><D29/><U26/><E26/><V93/><F80/><W103/><G15/><T14/><D27/><U106/><E106/><V135/><F135/><W45/><G75/><T40/><D24/><U1/><E117/><V38/><F38/><W59/><G73/><T6/><D14/><U97/><E1/><V121/><F121/><W79/><G60/><T8/><D8/><U43/><E97/><V44/><F44/><W10/><G10/><T84/><D81/><U57/><E83/><V128/><F128/><W64/><G45/><RYUUKYOKU ba="3,0" sc="133,-10,174,-10,578,30,115,-10" hai2="16,17,53,55,85,90,93" /><INIT seed="2,4,0,3,2,73" ten="123,164,608,105" oya="2" hai0="66,70,109,105,34,65,56,88,106,5,38,104,101" hai1="51,110,48,87,15,125,46,100,75,67,4,111,25" hai2="16,96,115,76,59,10,45,62,77,89,118,58,130" hai3="14,42,128,19,24,9,21,69,84,33,37,124,29"/><V32/><F115/><W18/><G69/><T50/><D38/><U129/><E75/><V36/><F118/><W20/><G37/><T83/><D34/><U43/><E129/><V103/><F130/><W82/><G128/><T135/><D70/><U71/><E125/><V8/><F32/><W31/><G124/><T90/><D101/><U35/><E100/><V28/><F28/><W68/><G68/><T39/><D39/><U41/><E4/><V7/><F89/><W60/><G42/><T114/><D114/><U91/><E15/><N who="2" m="5535" /><F36/><W95/><G60/><T94/><D109/><U102/><E102/><V52/><F45/><W74/><G74/><T86/><D135/><U54/><E35/><V49/><F96/><W119/><G119/><T30/><D30/><U44/><E25/><V0/><F0/><W79/><G33/><T127/><D5/><U98/><E98/><V116/><F103/><W63/><G63/><T131/><D131/><U11/><E71/><V22/><F10/><W120/><G120/><T108/><D108/><N who="1" m="41515" /><E11/><V99/><F99/><W61/><G9/><T3/><D3/><U26/><E26/><N who="2" m="14663" /><F116/><W81/><G31/><T113/><D113/><U40/><E40/><V92/><F92/><W57/><G29/><T85/><D127/><U78/><E41/><V93/><F93/><W6/><G95/><T53/><AGARI ba="4,0" hai="50,53,56,65,66,83,85,86,88,90,94,104,105,106" machi="53" ten="40,2700,0" yaku="0,1,54,1" doraHai="73" who="0" fromWho="0" sc="123,39,164,-11,608,-17,105,-11" /><INIT seed="3,0,0,1,1,121" ten="162,153,591,94" oya="3" hai0="6,46,74,72,129,92,86,94,84,76,39,19,22" hai1="47,35,130,63,7,26,57,38,120,2,132,77,103" hai2="104,66,51,67,4,131,135,42,59,71,81,117,44" hai3="95,45,107,29,102,1,41,31,112,118,96,109,114"/><W69/><G118/><T89/><D6/><U30/><E120/><V9/><F117/><W20/><G1/><T87/><D129/><U11/><E130/><V80/><F104/><W27/><G69/><T62/><D62/><U79/><E132/><V21/><F131/><W126/><G126/><T78/><D46/><U18/><E103/><V70/><F21/><W90/><G31/><T91/><D39/><U10/><E10/><V88/><F135/><W108/><G114/><T37/><D37/><U53/><REACH who="1" step="1"/><E18/><REACH who="1" ten="162,143,591,94" step="2"/><V124/><F124/><W24/><G112/><T97/><D19/><U34/><E34/><V73/><F73/><N who="0" m="28266" /><D22/><U17/><E17/><V119/><F119/><W3/><G3/><T56/><D56/><U25/><E25/><V52/><F71/><W110/><G27/><T93/><D97/><U106/><E106/><V113/><F113/><W128/><G128/><T64/><D64/><U12/><E12/><N who="2" m="5159" /><F70/><W33/><G33/><T55/><D55/><U40/><AGARI ba="0,1" hai="2,7,11,26,30,35,38,40,47,53,57,63,77,79" machi="40" ten="30,2000,0" yaku="1,1,0,1,53,0" doraHai="121" doraHaiUra="82" who="1" fromWho="1" sc="162,-5,143,30,591,-5,94,-10" owari="157,-24.3,173,-2.7,586,68.6,84,-41.6" /></mjloggm>