<mjloggm ver="2.3"><GO type="225" lobby="0"/><UN n0="%48%61%61%61%6C%61%6E%64" n1="%E3%81%AF%E3%82%88%E3%81%8A%E3%81%98%E3%81%95%E3%82%93" n2="%6D%75%75%6D%75%72%61" n3="%E3%81%99%E3%81%84%E3%81%BE%E3%81%9B%E3%83%BC%E3%82%93" dan="18,17,17,17" rate="2183.78,2145.52,2183.40,2237.28" sx="M,M,F,M"/><TAIKYOKU oya="0"/><INIT seed="0,0,0,5,0,83" ten="250,250,250,250" oya="0" hai0="105,16,25,60,34,74,54,38,84,112,98,117,104" hai1="46,110,13,27,114,8,88,59,3,15,57,108,116" hai2="115,122,131,73,94,7,97,123,51,28,92,63,35" hai3="130,30,21,18,93,78,125,48,56,80,72,55,106"/><T119/><D74/><U127/><E116/><V91/><F115/><W39/><G106/><T49/><D38/><U69/><E69/><V5/><F73/><W44/><G130/><T23/><D112/><U9/><E114/><V53/><F131/><W71/><G71/><T45/><D34/><U135/><E3/><V90/><F63/><W58/><G125/><T101/><D105/><U95/><E127/><V81/><F81/><W132/><G132/><T32/><D32/><U89/><E46/><V61/><F61/><W126/><G30/><T107/><D107/><U113/><E113/><V22/><F35/><W68/><G68/><T43/><REACH who="0" step="1"/><D84/><REACH who="0" ten="240,250,250,250" step="2"/><U103/><E135/><V118/><F118/><W47/><G126/><T79/><D79/><U87/><E87/><N who="2" m="52319" /><F123/><W77/><G77/><T26/><D26/><U86/><E27/><N who="2" m="16503" /><F122/><W128/><G128/><T29/><D29/><U133/><E133/><V111/><F111/><W31/><G31/><T99/><D99/><U96/><E86/><V102/><F102/><W64/><G39/><T24/><D24/><U134/><E134/><V37/><F37/><W109/><G109/><T75/><D75/><U33/><E33/><V62/><F62/><N who="3" m="37959" /><G93/><T41/><D41/><U121/><E121/><V10/><F10/><W67/><G72/><T129/><D129/><U14/><E108/><V66/><F66/><W11/><G67/><T124/><D124/><U85/><E110/><V36/><F36/><W2/><G11/><N who="1" m="4170" /><E103/><V120/><F120/><W19/><G2/><T50/><D50/><U6/><E6/><V17/><F17/><RYUUKYOKU ba="0,1" sc="240,10,250,10,250,10,250,-30" hai0="16,23,25,43,45,49,54,60,98,101,104,117,119" hai1="13,14,15,57,59,85,88,89,95,96" hai2="5,7,51,53,91,94,97" /><INIT seed="0,1,1,5,5,101" ten="250,260,260,220" oya="0" hai0="10,94,114,50,107,37,112,38,51,0,95,132,98" hai1="61,59,65,131,34,53,4,75,78,105,135,41,96" hai2="7,6,81,106,129,52,74,70,55,110,117,47,83" hai3="16,134,118,124,108,100,85,77,92,63,109,121,23"/><T28/><D132/><U128/><E34/><V111/><F70/><W44/><G118/><T62/><D28/><U8/><E135/><V64/><F64/><W45/><G134/><T115/><D62/><U18/><E41/><V13/><F117/><W29/><G29/><T27/><D27/><U91/><E18/><V56/><F129/><N who="1" m="49737" /><E78/><V68/><F68/><W130/><G130/><T5/><D107/><U87/><E75/><V12/><F106/><W79/><G124/><T26/><D26/><U71/><E96/><V82/><F74/><W49/><G121/><T40/><D40/><U9/><E4/><N who="2" m="1579" /><F47/><W30/><G30/><T116/><D116/><U58/><E105/><V76/><F76/><W126/><G79/><T54/><D37/><U20/><E20/><V39/><F56/><N who="1" m="21545" /><E53/><N who="2" m="20555" /><F39/><W17/><G77/><T73/><D38/><U31/><E31/><V19/><F19/><W57/><G17/><T33/><D73/><U84/><E84/><V89/><F89/><W66/><G85/><T36/><D36/><U24/><E24/><V120/><F120/><W72/><G72/><T46/><D33/><U11/><E87/><V43/><F43/><N who="3" m="24735" /><G45/><N who="0" m="27983" /><D98/><U90/><AGARI ba="1,1" hai="8,9,11,61,65,71,90,91" m="21545,49737" machi="90" ten="40,1500,0" yaku="19,1" doraHai="101" who="1" fromWho="1" sc="250,-8,260,28,260,-5,220,-5" /><INIT seed="1,0,0,2,1,13" ten="242,288,255,215" oya="1" hai0="62,102,31,38,70,114,108,76,23,90,41,89,78" hai1="92,103,45,75,118,17,53,39,4,71,104,135,57" hai2="124,52,12,129,0,22,61,49,98,40,65,29,97" hai3="21,121,116,79,14,37,99,96,133,125,110,101,18"/><U47/><E118/><V64/><F0/><W84/><G121/><T9/><D114/><U2/><E71/><V42/><F129/><W56/><G37/><T36/><D102/><U54/><E75/><V44/><F124/><W112/><G112/><T83/><D108/><U24/><E104/><V55/><F55/><W113/><G113/><T66/><D9/><U132/><E4/><V46/><F61/><W74/><G74/><T120/><D78/><U94/><E2/><V68/><F68/><W8/><G110/><T30/><D120/><U123/><E123/><V107/><F107/><W67/><G125/><T86/><D31/><U43/><E47/><V59/><F59/><W1/><G133/><N who="1" m="51274" /><E103/><V91/><F91/><W34/><G116/><T3/><D3/><U122/><E122/><V127/><F127/><W88/><G79/><T6/><D6/><U85/><E85/><V117/><F117/><W20/><G1/><T5/><D5/><U11/><E54/><V26/><F44/><W48/><G101/><T100/><D100/><U73/><E73/><V60/><F65/><W87/><G87/><T50/><D70/><U16/><E11/><V128/><F128/><W93/><G67/><T7/><D66/><U69/><E69/><V35/><F64/><W28/><G84/><T80/><D86/><U15/><E24/><V19/><REACH who="2" step="1"/><F60/><REACH who="2" ten="242,288,245,215" step="2"/><W81/><G81/><T58/><D83/><U130/><E130/><V131/><F131/><W105/><G105/><T63/><D80/><U77/><E77/><V10/><F10/><W126/><G126/><T95/><D76/><RYUUKYOKU ba="0,1" sc="242,-10,288,-10,245,30,215,-10" hai2="12,19,22,26,29,35,40,42,46,49,52,97,98" /><INIT seed="2,1,1,5,3,42" ten="232,278,275,205" oya="2" hai0="53,113,58,40,14,83,132,103,77,125,123,102,76" hai1="112,28,90,26,52,41,106,124,17,36,23,60,79" hai2="104,0,128,16,46,43,8,12,19,34,24,11,4" hai3="62,120,39,107,89,96,133,134,38,32,20,82,115"/><V10/><F128/><W109/><G32/><T110/><D123/><U27/><E112/><V65/><F104/><W37/><G120/><T93/><D113/><U88/><E106/><V47/><F43/><W108/><G115/><T55/><D110/><N who="3" m="42601" /><G62/><T127/><D132/><N who="3" m="50793" /><G20/><T67/><D67/><U119/><E119/><V98/><F65/><W131/><G131/><T45/><D14/><U71/><E71/><V92/><F34/><W35/><G35/><T21/><D21/><U25/><E23/><V85/><F24/><W13/><G13/><T116/><D116/><U72/><E27/><V64/><F64/><W22/><G22/><T63/><D55/><U78/><E52/><V51/><F51/><W5/><G5/><T135/><D135/><U9/><E60/><V18/><F10/><W49/><G49/><T101/><D93/><U91/><E9/><V66/><F8/><W81/><G89/><T105/><D63/><U1/><E91/><N who="2" m="55583" /><F66/><W15/><G15/><T87/><D53/><U3/><E26/><V130/><F130/><W31/><G31/><T117/><D117/><U69/><E25/><V126/><F0/><W75/><G75/><T95/><D40/><U70/><E41/><V118/><F118/><W29/><G29/><T56/><D56/><U99/><E28/><V44/><F126/><W61/><G61/><T2/><D125/><U30/><E30/><V73/><F73/><W111/><N who="3" m="42609" /><W7/><DORA hai="54" /><G7/><T48/><D127/><U86/><E124/><V6/><F6/><W59/><G59/><T80/><D58/><U129/><E129/><RYUUKYOKU ba="1,1" sc="232,-15,278,-15,275,15,205,15" hai2="4,11,12,16,18,19,44,46,47,85" hai3="37,38,39,81,82,96,107" /><INIT seed="2,2,1,2,4,88" ten="217,263,290,220" oya="2" hai0="77,89,44,50,65,16,81,41,17,116,133,73,48" hai1="119,35,74,67,68,83,130,6,30,76,11,101,80" hai2="128,117,52,86,42,129,23,46,82,110,49,27,115" hai3="105,47,39,18,10,56,108,132,14,21,134,84,87"/><V43/><F115/><W26/><G105/><T106/><D133/><N who="3" m="51305" /><G108/><T2/><D116/><U127/><E119/><V102/><F117/><W90/><G56/><T38/><D106/><U9/><E127/><V28/><F102/><W51/><G39/><T135/><D135/><U103/><E130/><N who="2" m="50283" /><F110/><W54/><G90/><AGARI ba="2,1" hai="23,27,28,42,43,46,49,52,82,86,90" m="50283" machi="90" ten="30,2900,0" yaku="19,1,54,1" doraHai="88" who="2" fromWho="3" sc="217,0,263,0,290,45,220,-35" /><INIT seed="2,3,0,5,5,38" ten="217,263,335,185" oya="2" hai0="65,0,22,49,68,92,107,124,121,40,7,122,53" hai1="69,35,77,70,12,75,17,102,29,80,4,93,114" hai2="33,127,63,34,98,10,8,101,118,18,60,97,131" hai3="56,47,89,86,24,79,99,6,57,88,111,76,113"/><V64/><F118/><W23/><G111/><T85/><D107/><U30/><E114/><V73/><F73/><W104/><G113/><T14/><D0/><U27/><E30/><V54/><F131/><W66/><G6/><T82/><D124/><U119/><E4/><V2/><F127/><W11/><G11/><N who="0" m="4479" /><D68/><U81/><E119/><V83/><F2/><W52/><G104/><T16/><D65/><U74/><E102/><V120/><F120/><W59/><G66/><T125/><D125/><U78/><REACH who="1" step="1"/><E93/><REACH who="1" ten="217,253,335,185" step="2"/><V116/><F101/><W72/><G72/><T130/><D92/><U3/><E3/><V41/><F116/><W90/><G99/><T19/><D121/><U37/><E37/><V133/><F97/><W94/><G94/><T128/><D122/><U129/><E129/><V28/><F98/><W13/><G86/><T21/><D130/><U9/><AGARI ba="3,1" hai="9,12,17,27,29,35,69,70,74,75,77,78,80,81" machi="9" ten="20,8000,1" yaku="1,1,0,1,7,1,9,1,53,1" doraHai="38" doraHaiUra="20" who="1" fromWho="1" sc="217,-23,253,99,335,-43,185,-23" /><INIT seed="3,0,0,2,5,107" ten="194,352,292,162" oya="3" hai0="98,127,84,86,22,134,45,96,67,25,62,50,73" hai1="101,9,115,72,43,41,65,64,94,35,69,97,20" hai2="126,13,24,49,63,19,114,6,36,26,30,60,7" hai3="0,39,116,37,131,90,59,80,111,44,93,71,33"/><W89/><G116/><T8/><D73/><U2/><E35/><V66/><F36/><W40/><G71/><T129/><D127/><U21/><E72/><V75/><F114/><W110/><G33/><T48/><D129/><U55/><E115/><V27/><F126/><W28/><G131/><T83/><D8/><U74/><E74/><V4/><F75/><W122/><G122/><T128/><D134/><U51/><E2/><V1/><F1/><W113/><G113/><T109/><D109/><N who="3" m="41481" /><G28/><N who="0" m="17463" /><D84/><U23/><E9/><V119/><F119/><W121/><G121/><T5/><D5/><U68/><E68/><V108/><F108/><W61/><G0/><T70/><D70/><U88/><E101/><V76/><F30/><W92/><G37/><T85/><D85/><U82/><E82/><V77/><F49/><W125/><G125/><T14/><D128/><U38/><E69/><V79/><REACH who="2" step="1"/><F66/><REACH who="2" ten="194,352,282,162" step="2"/><N who="1" m="25705" /><E38/><V91/><F91/><N who="3" m="34827" /><G80/><T117/><D117/><U34/><E34/><V56/><F56/><AGARI ba="0,1" hai="20,21,23,41,43,51,55,56,88,94,97" m="25705" machi="56" ten="30,2000,0" yaku="8,1,54,1" doraHai="107" who="1" fromWho="2" sc="194,0,352,30,282,-20,162,0" owari="194,-20.6,382,48.2,262,6.2,162,-33.8" /></mjloggm>