<mjloggm ver="2.3"><GO type="225" lobby="0"/><UN n0="%72%61%6B%33" n1="%E6%97%A5%E6%9B%9C%E6%97%A5%E3%82%88%E3%82%8A%E3%81%AE%E4%BD%BF%E8%80%85" n2="%54%4F%52" n3="%E3%81%B5%E3%81%98%E3%81%8B%E3%81%A4" dan="16,17,17,16" rate="2065.59,2124.47,2250.44,2103.43" sx="M,M,M,M"/><TAIKYOKU oya="0"/><INIT seed="0,0,0,3,3,126" ten="250,250,250,250" oya="0" hai0="127,29,22,128,30,129,74,120,46,110,69,90,65" hai1="107,56,17,67,99,3,80,32,54,88,44,15,83" hai2="125,9,45,59,11,76,102,96,38,0,37,118,18" hai3="8,6,13,114,20,117,86,112,55,71,92,72,104"/><T23/><D120/><U16/><E3/><V103/><F125/><W58/><G117/><T1/><D127/><U7/><E32/><V33/><F33/><W41/><G104/><T119/><D119/><U113/><E113/><V78/><F118/><W36/><G72/><T77/><D1/><U75/><E75/><V73/><F59/><W61/><G71/><T49/><D110/><U42/><E67/><V68/><F68/><W28/><G36/><T106/><D106/><U82/><E7/><V93/><F103/><W123/><G41/><T108/><D108/><U81/><E107/><V50/><F9/><W134/><G134/><T131/><D90/><U101/><E101/><V91/><F102/><W121/><G92/><T95/><D95/><N who="1" m="56807" /><E83/><V64/><F64/><W100/><G86/><T10/><D10/><N who="1" m="6263" /><E17/><V105/><F105/><W2/><G100/><T19/><D77/><U43/><E44/><V115/><F115/><W79/><G79/><T87/><D74/><U63/><AGARI ba="0,0" hai="42,43,54,56,63,80,81,82" m="6263,56807" machi="63" ten="30,4000,0" yaku="8,1,54,2" doraHai="126" who="1" fromWho="1" sc="250,-20,250,40,250,-10,250,-10" /><INIT seed="1,0,0,2,1,38" ten="230,290,240,240" oya="1" hai0="94,20,18,112,29,111,39,60,11,5,129,40,73" hai1="86,116,107,95,113,93,69,27,127,81,7,8,120" hai2="57,64,126,28,54,131,36,49,2,98,21,59,75" hai3="0,132,122,135,22,90,100,34,15,46,58,42,101"/><U55/><E113/><V96/><F2/><W78/><G122/><T44/><D112/><U65/><E107/><V52/><F75/><W32/><G0/><T103/><D111/><U97/><E120/><V109/><F109/><W48/><G78/><T31/><D129/><U99/><E116/><V84/><F36/><W121/><G121/><T110/><D110/><U133/><E127/><V41/><F131/><W117/><G117/><T19/><D73/><U63/><E133/><N who="3" m="51274" /><G58/><T43/><D60/><U35/><E55/><V79/><F126/><W14/><G90/><T1/><D43/><U12/><E99/><N who="2" m="37931" /><F64/><W128/><G128/><T77/><D77/><U37/><E97/><V80/><F41/><W62/><G62/><T45/><D103/><N who="3" m="39497" /><G22/><T89/><D44/><U114/><E114/><V4/><F4/><W102/><N who="3" m="39505" /><W118/><DORA hai="91" /><G118/><T6/><D6/><U47/><E35/><AGARI ba="0,0" hai="14,15,32,34,35,42,46,48" m="39505,51274" machi="35" ten="40,2600,0" yaku="20,1,52,1" doraHai="38,91" who="3" fromWho="1" sc="230,0,290,-26,240,0,240,26" /><INIT seed="2,0,0,1,1,129" ten="230,264,240,266" oya="2" hai0="18,25,21,108,110,126,101,62,65,33,117,31,63" hai1="56,68,23,12,93,118,8,24,81,17,27,69,70" hai2="49,125,103,7,99,134,54,44,123,124,6,131,43" hai3="41,114,119,20,121,79,105,95,48,64,36,53,52"/><V22/><F123/><W73/><G105/><T94/><D126/><N who="2" m="48746" /><F131/><W75/><G121/><T88/><D101/><U11/><E118/><V0/><F22/><W115/><G119/><T34/><D117/><U32/><E93/><N who="2" m="58863" /><F0/><W61/><G95/><T130/><D130/><U42/><E42/><V9/><F9/><W35/><G35/><T1/><D1/><U72/><E56/><N who="2" m="32847" /><F134/><W13/><G20/><T133/><D133/><U92/><E92/><V28/><F28/><W57/><G13/><T26/><D33/><U127/><E127/><V82/><F82/><N who="3" m="45423" /><G75/><T50/><D50/><AGARI ba="0,0" hai="6,7,43,44,50" m="32847,58863,48746" machi="50" ten="30,1500,0" yaku="18,1" doraHai="129" who="2" fromWho="0" sc="230,-15,264,0,240,15,266,0" /><INIT seed="2,1,0,3,0,131" ten="215,264,255,266" oya="2" hai0="46,127,23,17,24,125,85,26,78,93,129,91,21" hai1="73,51,132,106,11,100,1,123,75,41,68,99,62" hai2="48,135,54,116,110,49,79,38,33,18,14,25,2" hai3="53,55,9,37,97,32,47,108,104,133,61,12,105"/><V57/><F116/><W124/><G32/><T22/><D129/><U16/><E51/><V20/><F38/><W66/><G108/><T10/><D10/><U65/><E123/><V112/><F112/><W113/><G113/><T76/><D46/><U77/><E41/><V103/><F2/><W74/><G74/><T13/><D13/><U19/><E132/><V134/><F110/><W5/><G133/><N who="2" m="50697" /><F79/><W7/><G124/><T82/><D78/><U109/><E109/><V4/><F103/><W58/><G5/><T36/><D36/><U29/><E29/><N who="2" m="19631" /><F4/><W98/><G37/><T67/><D67/><U88/><E77/><V56/><F48/><W8/><G105/><T94/><D94/><U128/><E128/><V83/><F83/><W71/><G104/><T92/><D93/><U90/><E1/><V69/><F69/><W81/><G81/><T45/><D22/><U101/><E101/><V39/><F39/><W126/><G71/><T64/><D127/><U35/><E35/><V111/><F111/><W42/><G126/><T43/><D125/><U102/><E102/><V89/><F89/><W117/><G117/><T115/><D115/><U6/><E90/><V70/><F70/><W118/><G118/><T119/><D119/><U27/><E88/><V30/><F30/><W72/><G7/><T80/><D76/><U0/><E19/><V114/><F114/><W28/><G28/><N who="0" m="17423" /><D82/><U52/><E16/><V15/><F15/><W34/><G12/><T60/><D80/><U40/><E0/><V107/><F107/><W120/><G120/><T44/><D91/><RYUUKYOKU ba="1,0" sc="215,-10,264,-10,255,30,266,-10" hai2="14,18,20,49,54,56,57" /><INIT seed="2,2,0,1,2,63" ten="205,254,285,256" oya="2" hai0="51,73,15,23,5,81,128,96,25,28,1,24,98" hai1="55,37,4,105,17,21,107,6,36,53,9,54,83" hai2="114,85,67,45,84,134,30,97,101,80,8,86,29" hai3="16,112,132,65,129,77,125,109,113,57,11,13,58"/><V47/><F114/><N who="3" m="44139" /><G109/><T95/><D128/><U120/><E120/><V87/><F134/><W108/><G108/><T19/><D73/><U121/><E121/><V110/><F110/><W43/><G132/><T52/><D81/><U3/><E6/><V12/><F67/><W62/><G129/><T10/><D95/><U34/><E34/><V26/><N who="2" m="21504" /><DORA hai="93" /><V59/><F59/><N who="3" m="37087" /><G125/><T94/><D94/><U31/><E31/><V46/><F80/><W72/><G43/><T119/><D119/><U89/><E89/><V60/><F60/><W99/><G99/><T2/><D2/><U35/><E35/><V71/><F71/><W116/><G116/><T92/><D92/><U42/><E83/><AGARI ba="2,0" hai="11,13,16,57,58,72,77,83" m="37087,44139" machi="83" ten="30,3900,0" yaku="11,1,52,1,54,1" doraHai="63,93" who="3" fromWho="1" sc="205,0,254,-45,285,0,256,45" /><INIT seed="3,0,0,2,3,55" ten="205,209,285,301" oya="3" hai0="114,9,21,100,3,122,4,124,39,18,45,51,109" hai1="22,27,44,106,90,88,54,95,78,62,101,40,43" hai2="127,66,115,56,72,76,130,53,15,5,65,17,133" hai3="85,75,8,111,32,126,97,80,35,121,47,16,59"/><W25/><G121/><T82/><D122/><U116/><E106/><V52/><F115/><W73/><G97/><T49/><D114/><U10/><E78/><V132/><F130/><W86/><G47/><T38/><D109/><U71/><E10/><V0/><F127/><W120/><G120/><T61/><D124/><U26/><E116/><V20/><F0/><W110/><G126/><T34/><D34/><N who="3" m="12841" /><G86/><T24/><D51/><N who="1" m="29031" /><E71/><V42/><F42/><N who="1" m="15913" /><E62/><N who="2" m="36103" /><F5/><W7/><G7/><T119/><D119/><U131/><E131/><V117/><F117/><W37/><G37/><T12/><D61/><U107/><E107/><V94/><F94/><W112/><G112/><T98/><D3/><U33/><E33/><V113/><F113/><W11/><G75/><T83/><D39/><U30/><E27/><V87/><F72/><W70/><G70/><T19/><D38/><U93/><E93/><V14/><F53/><W105/><G105/><T50/><D4/><U1/><E1/><V91/><F76/><W96/><G73/><T108/><D108/><U29/><E29/><V36/><F36/><W13/><G111/><T118/><D118/><U58/><E58/><V79/><F79/><N who="3" m="46239" /><G59/><T129/><D129/><U125/><E125/><V103/><F103/><W64/><G25/><T41/><D50/><U69/><E69/><V89/><F14/><N who="3" m="7239" /><G110/><T68/><D68/><U6/><E6/><V23/><F23/><W84/><G13/><T92/><AGARI ba="0,0" hai="9,12,18,19,21,24,41,45,49,82,83,92,98,100" machi="92" ten="20,2700,0" yaku="0,1,7,1,8,1" doraHai="55" who="0" fromWho="0" sc="205,27,209,-7,285,-7,301,-13" /><INIT seed="4,0,0,1,5,15" ten="232,202,278,288" oya="0" hai0="61,65,126,36,48,10,112,133,30,35,42,125,43" hai1="70,77,5,98,104,129,46,76,31,84,80,32,121" hai2="131,89,53,134,2,100,93,41,4,19,7,91,106" hai3="16,18,24,116,75,85,124,66,67,55,50,117,54"/><T63/><D10/><U13/><E121/><V110/><F110/><W1/><G1/><T20/><D35/><U11/><E129/><V105/><F131/><W130/><G75/><T33/><D33/><U56/><E70/><V14/><F41/><W21/><G130/><T69/><D30/><U72/><E32/><V111/><F111/><W44/><G124/><N who="0" m="47723" /><D20/><U135/><E135/><V71/><F71/><W115/><G115/><T17/><D17/><N who="3" m="6761" /><G117/><T47/><D133/><U119/><E119/><V82/><F134/><W123/><G123/><T74/><D74/><U3/><E56/><V52/><F2/><W132/><G132/><T0/><D0/><U58/><E58/><V73/><F106/><W90/><G55/><N who="2" m="21065" /><F105/><W28/><G116/><T109/><D109/><U96/><E104/><V12/><F73/><W39/><G39/><T40/><D112/><U127/><E127/><V34/><F34/><W108/><G108/><T95/><D36/><U120/><E120/><V62/><F62/><W9/><G9/><T113/><D113/><U22/><E46/><V107/><F107/><W79/><G79/><T97/><D63/><U29/><E3/><V57/><F57/><W45/><G45/><T8/><D8/><U38/><E38/><V68/><F68/><W49/><G49/><T118/><D118/><U122/><E122/><V51/><F51/><W83/><AGARI ba="0,0" hai="21,24,28,44,50,54,66,67,83,85,90" m="6761" machi="83" ten="30,8000,1" yaku="8,1,52,3,54,1" doraHai="15" who="3" fromWho="3" sc="232,-40,202,-20,278,-20,288,80" owari="192,-20.8,182,-31.8,258,5.8,368,46.8" /></mjloggm>