<mjloggm ver="2.3"><GO type="225" lobby="0"/><UN n0="%E3%81%B5%E3%81%98%E3%81%8B%E3%81%A4" n1="%E5%A4%96%E5%B7%9D%E7%AB%9C%E6%88%90" n2="%4B%2E%32%2E%4B%2E" n3="%E3%83%81%E3%83%AF%E3%83%AF%E9%9A%8A%E9%95%B7" dan="17,16,16,16" rate="2218.93,2111.92,2147.04,2080.63" sx="M,M,M,M"/><TAIKYOKU oya="0"/><INIT seed="0,0,0,5,0,9" ten="250,250,250,250" oya="0" hai0="30,68,106,66,43,72,85,119,97,18,29,115,55" hai1="79,127,61,8,54,34,38,133,87,31,52,0,11" hai2="103,64,70,114,49,57,123,110,5,26,130,14,27" hai3="22,37,129,13,80,109,51,20,116,62,82,53,35"/><T42/><D119/><U50/><E38/><V113/><F123/><W4/><G37/><T128/><D115/><U93/><E127/><V63/><F110/><W33/><G116/><T40/><D72/><U83/><E133/><V92/><F130/><W46/><G129/><T39/><D39/><U24/><E0/><V91/><F103/><W122/><G122/><T84/><D128/><U60/><E54/><V96/><F70/><W76/><G109/><T134/><D134/><U105/><E105/><V10/><REACH who="2" step="1"/><F49/><REACH who="2" ten="250,250,240,250" step="2"/><W74/><G51/><T28/><D68/><U100/><E61/><V78/><F78/><W12/><G76/><T125/><D125/><U86/><E60/><V111/><F111/><W101/><G62/><T47/><D66/><U90/><REACH who="1" step="1"/><E100/><REACH who="1" ten="250,240,240,250" step="2"/><V59/><F59/><AGARI ba="0,2" hai="8,11,24,31,34,50,52,59,79,83,86,87,90,93" machi="59" ten="30,12000,2" yaku="1,1,2,1,7,1,54,1,53,2" doraHai="9" doraHaiUra="7" who="1" fromWho="2" sc="250,0,240,140,240,-120,250,0" /><INIT seed="1,0,0,0,5,128" ten="250,380,120,250" oya="1" hai0="120,31,88,2,79,123,124,57,67,71,23,78,43" hai1="35,90,83,46,121,17,115,100,134,107,126,87,111" hai2="84,94,37,89,75,76,27,68,7,118,81,1,32" hai3="95,33,113,10,85,104,77,59,53,6,125,70,28"/><U47/><E35/><V3/><F118/><W97/><G70/><T103/><D2/><U49/><E115/><V105/><F68/><W69/><G69/><T30/><D103/><U96/><E121/><N who="0" m="46665" /><D43/><U18/><E126/><V108/><F108/><W54/><G113/><T8/><D71/><U64/><E64/><V129/><F129/><W13/><G125/><T74/><D74/><U92/><E47/><V99/><F7/><W29/><G104/><T48/><D8/><U65/><E65/><V133/><F37/><W101/><G33/><T42/><D88/><U41/><E111/><V36/><F133/><W80/><REACH who="3" step="1"/><G53/><REACH who="3" ten="250,380,120,240" step="2"/><N who="0" m="31911" /><D124/><U127/><E127/><V11/><F36/><W51/><AGARI ba="0,1" hai="6,10,13,28,29,51,54,59,77,80,85,95,97,101" machi="51" ten="20,8000,1" yaku="1,1,0,1,7,1,8,1,53,1" doraHai="128" doraHaiUra="50" who="3" fromWho="3" sc="250,-20,380,-40,120,-20,240,90" /><INIT seed="2,0,0,2,1,98" ten="230,340,100,330" oya="2" hai0="72,65,121,44,66,14,88,113,94,124,18,6,41" hai1="32,114,120,108,54,29,122,58,5,28,134,100,19" hai2="115,95,23,106,117,83,26,38,45,93,2,99,48" hai3="36,17,89,90,9,129,51,60,73,111,92,15,42"/><V81/><F115/><W55/><G73/><T52/><D113/><U77/><E114/><V7/><F117/><W102/><G36/><T70/><D124/><U20/><E108/><V126/><F38/><W87/><G111/><T68/><D72/><U79/><E134/><V107/><F126/><W22/><G129/><T49/><D6/><U4/><E100/><V59/><F2/><W75/><G75/><T1/><D1/><U40/><E40/><V82/><F7/><N who="1" m="2633" /><E32/><V16/><F59/><W105/><G105/><T13/><D13/><N who="1" m="9327" /><E122/><V11/><F11/><W61/><G42/><T103/><D103/><U123/><E123/><V31/><F31/><N who="1" m="11849" /><E120/><V71/><F71/><W118/><G118/><T35/><D35/><U34/><E34/><V135/><F135/><W109/><G109/><T43/><D70/><U76/><E76/><V12/><F12/><W3/><G3/><T133/><D133/><U30/><N who="1" m="11857" /><U130/><DORA hai="119" /><E130/><V131/><F131/><W97/><G9/><N who="0" m="6479" /><D68/><U78/><E78/><V91/><REACH who="2" step="1"/><F95/><REACH who="2" ten="230,340,90,330" step="2"/><N who="3" m="58687" /><G89/><T84/><D121/><U0/><E0/><V74/><F74/><W47/><AGARI ba="0,1" hai="15,17,22,47,51,55,60,61,87,90,92" m="58687" machi="47" ten="30,2000,0" yaku="8,1,52,1" doraHai="98,119" who="3" fromWho="3" sc="230,-5,340,-5,90,-10,330,30" /><INIT seed="3,0,0,1,0,68" ten="225,335,80,360" oya="3" hai0="23,126,79,91,33,39,81,95,130,26,14,43,36" hai1="72,2,64,119,51,48,106,54,55,134,45,75,88" hai2="3,107,110,133,77,5,118,66,16,24,135,20,71" hai3="82,122,94,9,78,104,128,32,21,31,120,124,98"/><W7/><G32/><T69/><D69/><U74/><E106/><V114/><F77/><W59/><G104/><T84/><D126/><U18/><E2/><V0/><F66/><W86/><G124/><T50/><D130/><U85/><E134/><V52/><F71/><W93/><G128/><T90/><D33/><U57/><E119/><V111/><F107/><W96/><G59/><T11/><D91/><U63/><E18/><V8/><F52/><W65/><G65/><T132/><D132/><U100/><E100/><V35/><F114/><W76/><G76/><T37/><D50/><U123/><E123/><V25/><F118/><W47/><G47/><T27/><D43/><U99/><E99/><V46/><F46/><W44/><G44/><T117/><D117/><U58/><REACH who="1" step="1"/><E75/><REACH who="1" ten="225,325,80,360" step="2"/><V49/><F49/><W4/><G122/><T116/><D116/><U131/><E131/><V92/><F92/><AGARI ba="0,1" hai="45,48,51,54,55,57,58,63,64,72,74,85,88,92" machi="92" ten="30,3900,0" yaku="1,1,7,1,54,1,53,0" doraHai="68" doraHaiUra="121" who="1" fromWho="2" sc="225,0,325,49,80,-39,360,0" owari="225,-17.5,374,47.4,41,-45.9,360,16.0" /></mjloggm>