<mjloggm ver="2.3"><GO type="225" lobby="0"/><UN n0="%E9%B3%B3%E6%9D%B1%E3%81%AE%E3%81%86%E3%81%95%E3%81%8E%E3%81%95%E3%82%93" n1="%77%72%77%72%77%72%77%72" n2="%E3%82%B7%E3%83%B3%E5%A4%AA%E6%9C%97" n3="%61%6D%65%6B%69" dan="17,16,16,16" rate="2231.95,2187.59,2182.93,2091.53" sx="M,M,M,M"/><TAIKYOKU oya="0"/><INIT seed="0,0,0,4,1,66" ten="250,250,250,250" oya="0" hai0="5,125,67,37,29,97,73,40,1,78,81,110,135" hai1="133,103,90,95,85,70,98,41,12,21,134,15,71" hai2="39,121,120,88,91,69,33,42,52,49,61,114,62" hai3="119,100,74,14,4,13,58,64,53,72,123,17,132"/><T47/><D135/><N who="1" m="51723" /><E41/><V45/><F33/><W6/><G119/><T30/><D125/><U75/><E75/><V127/><F114/><W84/><G123/><N who="2" m="47177" /><F127/><W19/><G64/><T20/><D110/><U65/><E65/><N who="2" m="41135" /><F62/><W76/><G132/><T36/><D36/><U34/><E34/><V87/><F87/><W8/><G84/><T3/><D67/><U130/><E130/><V51/><F51/><W105/><G105/><T131/><D131/><U16/><E15/><V107/><F107/><AGARI ba="0,0" hai="12,16,21,70,71,85,90,95,98,103,107" m="51723" machi="107" ten="30,7700,0" yaku="20,1,52,2,54,1" doraHai="66" who="1" fromWho="2" sc="250,0,250,77,250,-77,250,0" /><INIT seed="1,0,0,3,2,13" ten="250,327,173,250" oya="1" hai0="48,78,40,101,2,68,73,47,95,96,19,90,11" hai1="97,49,43,23,35,99,125,80,24,54,39,133,31" hai2="60,94,59,36,74,45,30,85,32,57,119,122,91" hai3="65,70,104,128,56,129,52,100,81,132,53,3,69"/><U82/><E133/><V44/><F122/><W7/><G104/><T118/><D118/><U6/><E125/><V105/><F119/><W93/><G3/><T107/><D68/><U61/><E6/><V18/><F105/><W22/><G7/><T21/><D11/><U4/><E4/><V75/><F30/><W114/><G114/><T135/><D2/><U116/><E116/><V14/><F32/><W17/><G53/><T123/><D123/><U63/><E35/><V121/><F121/><W106/><G106/><T28/><D28/><U9/><E9/><V83/><F57/><W87/><G65/><T8/><D8/><U108/><E39/><V58/><F59/><W134/><G93/><T103/><D135/><N who="3" m="51753" /><G100/><T16/><D21/><U29/><E43/><V120/><F120/><W51/><G70/><T71/><D71/><U117/><E54/><V26/><F26/><N who="3" m="14671" /><G69/><T5/><D5/><U37/><E61/><V15/><F15/><W76/><AGARI ba="0,0" hai="51,52,56,76,81,87,128,129" m="14671,51753" machi="76" ten="30,4000,0" yaku="20,1,52,1,54,1" doraHai="13" who="3" fromWho="3" sc="250,-10,327,-20,173,-10,250,40" /><INIT seed="2,0,0,1,3,11" ten="240,307,163,290" oya="2" hai0="82,87,70,110,44,65,104,128,62,93,102,77,123" hai1="71,10,115,129,116,5,29,36,90,68,108,99,112" hai2="67,66,132,53,28,13,6,111,127,117,1,40,135" hai3="94,56,89,15,27,30,17,31,85,134,61,121,54"/><V60/><F117/><W125/><G121/><T0/><D123/><U4/><E116/><V58/><F127/><W109/><G125/><T133/><D0/><U38/><E29/><V12/><F111/><W52/><G109/><T74/><D110/><U39/><E108/><V32/><F40/><W75/><G75/><T131/><D133/><N who="2" m="51274" /><F32/><W46/><G27/><T20/><D20/><U86/><E129/><N who="0" m="49737" /><D44/><U37/><E37/><V9/><F28/><W101/><G101/><T105/><D102/><U2/><E99/><V124/><F124/><W64/><G134/><T88/><AGARI ba="0,0" hai="62,65,70,74,77,82,87,88,93,104,105" m="49737" machi="88" ten="30,2000,0" yaku="19,1,54,1" doraHai="11" who="0" fromWho="0" sc="240,20,307,-5,163,-10,290,-5" /><INIT seed="3,0,0,4,5,13" ten="260,302,153,285" oya="3" hai0="24,94,1,82,128,48,42,51,106,7,53,70,74" hai1="123,134,23,40,25,58,45,78,61,2,52,28,32" hai2="130,111,59,65,35,4,18,98,56,46,108,55,38" hai3="54,100,86,124,27,77,107,5,80,109,132,57,110"/><W131/><G131/><T101/><D70/><U84/><E123/><V50/><F35/><W91/><G124/><T12/><D1/><U103/><E2/><V83/><F4/><W44/><G5/><T114/><D106/><U112/><E112/><V22/><F130/><W36/><G132/><T68/><D68/><U17/><E134/><V66/><F98/><N who="3" m="61847" /><G27/><T79/><D128/><U16/><E103/><V92/><F92/><N who="3" m="54391" /><G44/><T47/><D114/><U90/><E78/><V93/><F93/><W120/><G36/><T126/><D126/><U41/><E32/><V99/><F99/><W11/><G11/><T8/><D24/><U88/><E90/><V29/><F29/><W135/><G135/><T10/><D10/><U119/><E119/><V49/><F83/><W116/><G120/><T34/><D34/><U26/><E26/><V75/><F75/><N who="3" m="43071" /><G116/><T118/><D118/><U33/><E33/><V81/><F81/><W15/><G15/><T60/><D12/><U113/><E113/><V69/><F38/><W85/><G85/><T125/><D82/><N who="1" m="49175" /><E45/><N who="2" m="28079" /><F69/><W73/><G73/><T62/><D74/><U39/><E39/><V129/><F129/><W20/><G20/><T9/><D125/><U3/><E3/><V0/><F0/><W71/><G71/><T105/><D47/><U72/><E72/><V133/><F133/><W122/><G122/><T14/><D79/><U43/><AGARI ba="0,0" hai="16,17,23,25,28,40,41,43,52,58,61" m="49175" machi="43" ten="30,12000,2" yaku="8,1,52,2,54,3" doraHai="13" who="1" fromWho="1" sc="260,-30,302,120,153,-30,285,-60" owari="230,3.0,422,52.2,123,-37.7,225,-17.5" /></mjloggm>