<mjloggm ver="2.3"><GO type="225" lobby="0"/><UN n0="%E7%89%B9%E6%9D%B1%E3%81%AF%E4%B8%96%E7%95%8C%E3%82%92%E6%95%91%E3%81%86" n1="%E5%80%89%E6%A9%8B%EF%BC%A0%E4%BA%8B%E5%8B%99" n2="%E3%81%BE%E3%81%A8%E3%81%9F" n3="%E6%80%AA%E3%81%97%E3%81%99%E3%81%8E%E3%82%8B%E3%83%81%E3%83%BC" dan="16,16,16,17" rate="2147.29,2085.69,2168.87,2152.25" sx="M,M,M,M"/><TAIKYOKU oya="0"/><INIT seed="0,0,0,2,2,98" ten="250,250,250,250" oya="0" hai0="17,131,89,102,127,130,68,19,124,36,24,58,99" hai1="45,46,62,109,53,79,60,95,64,13,123,120,100" hai2="114,12,104,15,42,132,105,54,126,22,69,2,38" hai3="81,16,135,55,84,18,118,1,108,71,40,113,0"/><T51/><D68/><U5/><E79/><V107/><F114/><W92/><G113/><T97/><D36/><U122/><E109/><V26/><F126/><N who="0" m="48170" /><D89/><U134/><E134/><V128/><F132/><W75/><G135/><T66/><D97/><U63/><E64/><V11/><F128/><N who="0" m="49194" /><D24/><U117/><E117/><V52/><F69/><W67/><G118/><T23/><D23/><U110/><E110/><V49/><F38/><W119/><G119/><T56/><D51/><U47/><E53/><V74/><F74/><W28/><G108/><T59/><D66/><U35/><E35/><V111/><F49/><W48/><G75/><T85/><D85/><U7/><E13/><V121/><F111/><W72/><G72/><T82/><D82/><U4/><E100/><V129/><F15/><W27/><G67/><T112/><D112/><U76/><E76/><V83/><F12/><W101/><G71/><T30/><D30/><U8/><E8/><V61/><F129/><W57/><G1/><T93/><AGARI ba="0,0" hai="17,19,56,58,59,93,99,102" m="49194,48170" machi="93" ten="40,7800,0" yaku="18,1,19,1,52,1" doraHai="98" who="0" fromWho="0" sc="250,78,250,-26,250,-26,250,-26" /><INIT seed="0,1,0,4,2,23" ten="328,224,224,224" oya="0" hai0="107,52,108,2,49,42,29,77,54,12,84,79,88" hai1="118,32,120,10,15,68,30,103,101,18,50,98,65" hai2="123,34,7,36,102,80,35,3,87,121,37,92,132" hai3="90,110,40,99,48,47,117,70,66,58,59,21,100"/><T85/><D2/><U63/><E118/><V106/><F106/><W126/><G117/><T26/><D107/><U111/><E120/><V46/><F132/><W60/><G110/><T83/><D108/><U33/><E111/><V131/><F131/><W28/><G126/><T72/><D72/><U8/><E103/><V43/><F36/><W71/><G90/><T55/><D12/><U13/><E50/><V130/><F130/><W124/><G58/><T133/><D133/><U44/><E44/><V129/><F129/><W39/><G124/><T25/><D29/><U22/><E30/><V4/><F3/><W61/><G61/><T27/><D85/><U104/><REACH who="1" step="1"/><E22/><REACH who="1" ten="328,214,224,224" step="2"/><V17/><F35/><W75/><G48/><T93/><D93/><U9/><E9/><V89/><F34/><W1/><G100/><T119/><D119/><U91/><E91/><V113/><F113/><W11/><G47/><AGARI ba="1,1" hai="25,26,27,42,47,49,52,54,55,77,79,83,84,88" machi="47" ten="40,18000,2" yaku="8,1,52,3,54,2" doraHai="23" who="0" fromWho="3" sc="328,193,214,0,224,0,224,-183" /><INIT seed="0,2,0,1,3,71" ten="521,214,224,41" oya="0" hai0="6,14,78,35,82,127,36,39,124,111,50,62,16" hai1="55,133,119,122,70,135,117,44,67,60,74,81,24" hai2="99,100,49,64,94,87,23,45,15,77,2,32,33" hai3="5,0,75,1,4,29,128,130,91,42,20,57,30"/><T52/><D35/><U38/><E24/><V51/><F2/><N who="3" m="1131" /><G91/><T37/><D62/><U80/><E74/><V104/><F64/><W7/><G57/><T19/><D6/><N who="3" m="1537" /><W53/><DORA hai="8" /><G53/><T59/><D111/><U68/><E122/><V95/><F104/><W92/><G92/><T63/><D63/><U102/><E102/><V107/><F95/><W88/><G88/><T108/><D108/><U121/><E121/><V31/><F94/><W118/><G42/><T112/><D112/><U21/><E21/><V66/><F66/><W72/><G118/><N who="1" m="45066" /><E81/><V110/><F100/><W103/><G103/><T126/><D14/><U34/><E34/><V129/><F33/><W10/><G10/><T12/><D12/><U40/><E80/><V83/><F32/><W41/><G41/><T114/><D114/><U22/><E22/><V123/><F110/><W97/><G97/><T27/><D27/><U28/><E68/><V54/><F99/><W93/><G93/><T120/><D120/><U11/><E11/><V84/><F123/><W106/><G106/><T17/><D37/><U58/><E28/><N who="3" m="10858" /><G20/><T116/><D116/><U76/><E76/><V3/><F23/><W101/><G101/><T73/><AGARI ba="2,0" hai="16,17,19,36,39,50,52,59,73,78,82,124,126,127" machi="73" ten="40,18000,2" yaku="0,1,18,1,52,2,54,2" doraHai="71,8" who="0" fromWho="0" sc="521,186,214,-62,224,-62,41,-62" owari="707,80.7,152,-24.8,162,-3.8,-21,-52.1" /></mjloggm>