<mjloggm ver="2.3"><GO type="225" lobby="0"/><UN n0="%E3%81%B8%E3%82%80%E3%81%B8%E3%82%80%EF%BC%92%E5%8F%B7" n1="%E6%80%AA%E3%81%97%E3%81%99%E3%81%8E%E3%82%8B%E3%83%81%E3%83%BC" n2="%E6%98%93%E5%88%A9%E8%96%A9%E4%BC%AF" n3="%E3%82%B8%E3%83%A3%E3%83%9E%E3%83%BC%E3%83%AB%E3%83%9E%E3%83%AC%E3%83%BC" dan="16,16,16,17" rate="2121.30,2165.94,2093.86,2197.43" sx="M,M,F,M"/><TAIKYOKU oya="0"/><INIT seed="0,0,0,1,2,19" ten="250,250,250,250" oya="0" hai0="123,3,61,52,29,93,14,59,65,62,84,48,91" hai1="9,86,135,37,45,77,36,89,118,50,56,101,132" hai2="43,113,99,119,125,35,105,53,39,15,133,85,100" hai3="70,58,106,11,5,81,18,66,124,16,20,75,55"/><T22/><D123/><U129/><E118/><V114/><F119/><W73/><G106/><T109/><D3/><U46/><E129/><V80/><F133/><N who="1" m="51273" /><E77/><V63/><F125/><W42/><G124/><T34/><D109/><U117/><E117/><V31/><F39/><N who="1" m="14921" /><E101/><V87/><F43/><W10/><G42/><T32/><D62/><U1/><E56/><V2/><F2/><W78/><G75/><T76/><D76/><U44/><E9/><V57/><F15/><W97/><G97/><T79/><D79/><U83/><E1/><V98/><F98/><W8/><G5/><T25/><REACH who="0" step="1"/><D14/><REACH who="0" ten="240,250,250,250" step="2"/><U121/><E121/><V64/><F63/><W40/><G78/><T0/><D0/><U13/><E13/><V94/><F113/><W134/><G134/><T28/><D28/><U90/><E89/><V51/><F31/><W128/><G73/><T88/><D88/><U96/><E96/><V17/><F114/><W112/><G112/><T23/><D23/><U107/><E107/><V21/><F105/><W41/><G20/><T110/><D110/><U68/><E68/><AGARI ba="0,1" hai="22,25,29,32,34,48,52,59,61,65,68,84,91,93" machi="68" ten="30,11600,0" yaku="1,1,7,1,52,1,54,1,53,0" doraHai="19" doraHaiUra="12" who="0" fromWho="1" sc="240,126,250,-116,250,0,250,0" /><INIT seed="0,1,0,1,3,100" ten="366,134,250,250" oya="0" hai0="9,45,58,113,92,24,60,42,4,32,21,121,74" hai1="33,96,26,68,108,103,95,106,28,102,47,52,79" hai2="111,125,101,23,19,43,2,31,73,41,36,30,64" hai3="67,78,48,44,120,132,15,13,112,54,107,119,56"/><T90/><D113/><U37/><E108/><V57/><F2/><W130/><G119/><T76/><D32/><U8/><E68/><V114/><F73/><W35/><G35/><T127/><D121/><U12/><E79/><V39/><F125/><W40/><G112/><T34/><D34/><U110/><E110/><V77/><F111/><W98/><G120/><T89/><D127/><U109/><E109/><V0/><F77/><W20/><G130/><T83/><D92/><U134/><E134/><V133/><F0/><W18/><G132/><T5/><D58/><U116/><E116/><V71/><F71/><W87/><G67/><T63/><D63/><U104/><E102/><V118/><F118/><W11/><G98/><T97/><D60/><U122/><E122/><V22/><F101/><W128/><G107/><T129/><D129/><U66/><E66/><V14/><F64/><W29/><G29/><T61/><D61/><U55/><E37/><V75/><F75/><W62/><G128/><T1/><D4/><U81/><E81/><V27/><F57/><W82/><REACH who="3" step="1"/><G11/><REACH who="3" ten="366,134,250,240" step="2"/><T135/><D97/><U85/><E85/><V131/><F114/><W99/><G99/><T72/><D72/><U16/><REACH who="1" step="1"/><E47/><REACH who="1" ten="366,124,250,240" step="2"/><V91/><F133/><W7/><G7/><T25/><D135/><U17/><E17/><V115/><F19/><W126/><G126/><T38/><D5/><U94/><E94/><V88/><F115/><W51/><G51/><T10/><D74/><U69/><E69/><V50/><F50/><W59/><G59/><T6/><D45/><U93/><E93/><RYUUKYOKU ba="1,2" sc="366,-15,124,15,250,-15,240,15" hai1="8,12,16,26,28,33,52,55,95,96,103,104,106" hai3="13,15,18,20,40,44,48,54,56,62,78,82,87" /><INIT seed="1,2,2,4,3,40" ten="351,139,235,255" oya="1" hai0="64,56,9,35,38,72,90,81,67,25,89,37,22" hai1="128,55,34,115,27,117,121,70,109,43,114,134,112" hai2="133,102,69,21,23,97,46,71,59,65,74,58,16" hai3="118,79,126,101,36,13,15,1,52,49,93,39,106"/><U124/><RYUUKYOKU type="yao9" ba="2,2" sc="351,0,139,0,235,0,255,0" hai1="27,34,43,55,70,109,112,114,115,117,121,124,128,134" /><INIT seed="1,3,2,0,2,58" ten="351,139,235,255" oya="1" hai0="107,130,37,104,59,69,119,62,48,24,132,93,10" hai1="72,14,97,82,111,29,75,4,39,91,95,76,106" hai2="15,52,54,73,43,94,81,118,6,47,64,16,88" hai3="129,46,28,66,117,34,25,116,32,42,31,123,17"/><U115/><E115/><V38/><F118/><N who="3" m="45675" /><G123/><T113/><D119/><U60/><E39/><V85/><F6/><W99/><G129/><T3/><D113/><U2/><E2/><V40/><F40/><W105/><G66/><T90/><D37/><U45/><E111/><V18/><F64/><W131/><G131/><T23/><D132/><U127/><E127/><V103/><F18/><W44/><G17/><T30/><D130/><U71/><E106/><V49/><F38/><N who="3" m="21591" /><G46/><T102/><D102/><U134/><E45/><V33/><F33/><N who="3" m="20623" /><G31/><T0/><D69/><U27/><E134/><V74/><F73/><W20/><G20/><T86/><D48/><U87/><E60/><V63/><F63/><W100/><AGARI ba="3,2" hai="32,34,99,100,105" m="20623,21591,45675" machi="100" ten="30,2000,0" yaku="12,1,23,1" doraHai="58" who="3" fromWho="3" sc="351,-8,139,-13,235,-8,255,49" /><INIT seed="2,0,0,2,2,36" ten="343,126,227,304" oya="2" hai0="53,57,50,128,42,81,109,3,98,65,78,124,10" hai1="122,105,87,95,52,29,61,85,32,118,64,8,19" hai2="55,96,43,126,79,134,46,119,84,2,56,11,31" hai3="6,73,51,0,49,33,9,38,5,99,132,107,82"/><V113/><F113/><W135/><G33/><T125/><D109/><U4/><E118/><V103/><F119/><W54/><G6/><N who="0" m="1375" /><D128/><U37/><E122/><V12/><F134/><N who="3" m="51243" /><G38/><T123/><D123/><U88/><E105/><V102/><F126/><N who="0" m="48746" /><D98/><U130/><E130/><V97/><F2/><W127/><G127/><T90/><D90/><U104/><E104/><V30/><F97/><W94/><G107/><T26/><D26/><U18/><E37/><V39/><F102/><N who="3" m="60791" /><G54/><T117/><D117/><U76/><E32/><V62/><F96/><W100/><G100/><T116/><D116/><U44/><E29/><V21/><F21/><W35/><G35/><T47/><D65/><U108/><E108/><V20/><F20/><W93/><G93/><T131/><D131/><U63/><E64/><V68/><F103/><W1/><G1/><T86/><D57/><N who="1" m="34983" /><E44/><V45/><F45/><W66/><G66/><T77/><D53/><U41/><E41/><V120/><F68/><W133/><N who="3" m="51251" /><W23/><DORA hai="25" /><G23/><T111/><D111/><U24/><E24/><V27/><F27/><W58/><G58/><T92/><D92/><U70/><E70/><V69/><F69/><W101/><G101/><T48/><D48/><U114/><E114/><V129/><F129/><W71/><G71/><T74/><D50/><U7/><E63/><V110/><F110/><W60/><G60/><T83/><D47/><U75/><E7/><N who="2" m="3199" /><F120/><W15/><G0/><T115/><D115/><U14/><E75/><V59/><F59/><W80/><G73/><T91/><D42/><U17/><E4/><RYUUKYOKU ba="0,0" sc="343,0,126,0,227,0,304,0" hai0="74,77,78,81,83,86,91" hai1="8,14,17,18,19,76,85,87,88,95" hai2="30,31,39,43,46,55,56,62,79,84" hai3="5,9,15,49,51,80,82" /><INIT seed="2,1,0,4,5,63" ten="343,126,227,304" oya="2" hai0="135,32,55,8,96,90,54,81,85,48,68,79,53" hai1="83,7,113,100,14,38,34,44,4,71,70,57,31" hai2="109,29,67,78,118,46,76,99,128,50,30,49,73" hai3="10,111,15,133,80,37,9,114,106,65,36,98,1"/><V123/><F118/><W88/><G111/><T115/><D135/><U119/><E113/><V91/><F123/><W5/><G133/><T42/><D115/><U103/><E119/><V61/><F128/><W27/><G114/><T72/><D32/><U93/><E83/><V35/><F50/><W45/><G65/><T20/><D68/><U56/><E34/><V41/><F73/><W126/><G126/><T107/><D20/><U59/><E31/><V112/><F112/><W134/><G134/><T84/><D8/><U69/><E14/><V47/><F47/><W89/><G27/><T121/><D121/><U66/><E66/><V51/><F51/><W101/><G80/><T25/><D25/><U33/><E33/><V18/><F18/><W75/><G75/><T39/><D39/><U116/><E116/><V19/><F19/><W102/><G102/><N who="0" m="62919" /><D85/><U122/><E122/><V129/><F129/><W92/><G45/><N who="0" m="27791" /><D42/><U26/><E26/><V6/><F6/><W58/><G58/><T94/><AGARI ba="1,0" hai="54,55,72,79,81,84,90,94" m="27791,62919" machi="94" ten="30,1100,0" yaku="24,1" doraHai="63" who="0" fromWho="0" sc="343,14,126,-4,227,-6,304,-4" /><INIT seed="3,0,0,2,5,28" ten="357,122,221,300" oya="3" hai0="49,81,58,134,56,67,119,91,101,11,52,114,9" hai1="109,121,7,63,106,122,64,26,30,39,103,115,17" hai2="35,78,44,90,10,20,131,92,43,34,57,71,79" hai3="48,84,53,2,23,41,104,83,129,75,21,60,31"/><W22/><G2/><T118/><D101/><U38/><E109/><V19/><F71/><W88/><G104/><T14/><D134/><U105/><E17/><V111/><F111/><W32/><G129/><T27/><D114/><U127/><E115/><V123/><F10/><W68/><G75/><T69/><D69/><U1/><E127/><V85/><F123/><W62/><G41/><T61/><D27/><U80/><E80/><V82/><F57/><W33/><G31/><T65/><D65/><U59/><E121/><V96/><F79/><W95/><G83/><T120/><D120/><U108/><E108/><V12/><REACH who="2" step="1"/><F131/><REACH who="2" ten="357,122,211,300" step="2"/><W87/><G87/><N who="0" m="50671" /><D119/><U16/><E122/><V55/><F55/><W135/><G135/><T66/><D118/><U5/><E1/><V99/><F99/><W126/><G126/><T70/><D70/><U116/><E116/><V74/><F74/><W113/><G113/><T13/><D67/><U128/><E128/><V40/><F40/><W102/><G68/><T54/><D54/><U46/><E7/><V51/><AGARI ba="0,1" hai="12,19,20,34,35,43,44,51,78,82,85,90,92,96" machi="51" ten="20,8000,1" yaku="1,1,0,1,7,1,52,2,53,0" doraHai="28" doraHaiUra="133" who="2" fromWho="2" sc="357,-20,122,-20,211,90,300,-40" owari="337,43.7,102,-39.8,301,10.1,260,-14.0" /></mjloggm>