<mjloggm ver="2.3"><GO type="225" lobby="0"/><UN n0="%E5%B8%86%E7%AB%8B%E5%A4%8F%E8%A1%A3" n1="%E6%A1%9C%E8%8A%B1%E9%96%83%E3%80%85" n2="%4B%2E%32%2E%4B%2E" n3="%E3%83%A9%E3%82%A4%E3%83%B3%E3%81%AE%E8%99%8E" dan="17,17,17,16" rate="2178.98,2218.53,2190.60,2102.84" sx="M,M,M,M"/><TAIKYOKU oya="0"/><INIT seed="0,0,0,1,4,39" ten="250,250,250,250" oya="0" hai0="73,74,134,79,128,94,54,114,132,103,0,14,105" hai1="20,35,34,41,71,19,58,5,21,82,48,18,7" hai2="96,84,80,68,28,12,47,81,104,117,42,112,108" hai3="57,135,63,16,110,76,6,32,133,13,115,3,123"/><T46/><D0/><U120/><E71/><V88/><F112/><W107/><G115/><T124/><D114/><U52/><E120/><V62/><F108/><W99/><G110/><T49/><D124/><U61/><E82/><V121/><F121/><W130/><G32/><T72/><D128/><U33/><E19/><V125/><F125/><W65/><G130/><T29/><D105/><U116/><E116/><V10/><F117/><W69/><G123/><T30/><D79/><U2/><E2/><V15/><F28/><W1/><G76/><T23/><D14/><U86/><E86/><V37/><F80/><W97/><G69/><T27/><REACH who="0" step="1"/><D30/><REACH who="0" ten="240,250,250,250" step="2"/><U90/><E18/><V25/><F25/><W67/><G107/><T78/><D78/><U101/><E101/><V22/><F15/><W93/><G1/><T122/><D122/><U87/><E5/><V100/><F10/><W83/><G6/><T113/><D113/><U98/><E7/><V91/><F12/><W109/><G3/><T9/><D9/><U53/><E90/><V70/><F91/><W26/><G13/><T50/><D50/><U51/><E51/><V95/><F104/><W17/><G17/><T85/><D85/><U60/><E87/><V45/><F100/><W31/><G16/><T92/><D92/><U75/><E75/><V55/><F84/><W24/><G93/><T38/><D38/><U119/><E119/><V8/><F8/><W64/><G31/><T11/><D11/><U131/><E131/><V102/><F102/><W111/><G111/><T127/><D127/><U43/><E48/><RYUUKYOKU ba="0,1" sc="240,30,250,-10,250,-10,250,-10" hai0="23,27,29,46,49,54,72,73,74,94,103,132,134" /><INIT seed="0,1,1,3,5,2" ten="270,240,240,240" oya="0" hai0="1,22,49,53,123,90,103,128,37,64,116,99,89" hai1="6,82,5,77,74,84,109,75,69,43,115,94,91" hai2="34,40,97,117,68,66,106,124,122,30,81,52,13" hai3="50,111,29,113,72,105,130,67,45,80,95,55,102"/><T70/><D116/><U129/><E109/><V38/><F122/><W46/><G113/><T100/><D123/><U87/><E115/><V125/><F117/><W83/><G105/><T132/><D37/><U42/><E69/><V60/><F81/><W51/><G111/><T20/><D132/><U41/><REACH who="1" step="1"/><E129/><REACH who="1" ten="270,230,240,240" step="2"/><V11/><F68/><W76/><G130/><T62/><D128/><U39/><E39/><V56/><F124/><W7/><G72/><AGARI ba="1,2" hai="5,6,41,42,43,72,74,75,77,82,84,87,91,94" machi="72" ten="40,5200,0" yaku="1,1,52,2,53,0" doraHai="2" doraHaiUra="47" who="1" fromWho="3" sc="270,0,230,75,240,0,240,-55" /><INIT seed="1,0,0,3,0,97" ten="270,305,240,185" oya="1" hai0="21,122,34,32,65,99,134,120,75,127,79,7,45" hai1="80,51,33,24,91,56,103,100,31,64,39,60,48" hai2="41,128,126,35,110,72,43,71,2,44,11,96,101" hai3="62,27,6,58,49,38,3,94,57,23,73,28,52"/><U1/><E39/><V47/><F72/><W78/><G38/><T82/><D134/><U84/><REACH who="1" step="1"/><E1/><REACH who="1" ten="270,295,240,185" step="2"/><V117/><F2/><W0/><G6/><T102/><D7/><U53/><E53/><V93/><F41/><W123/><G123/><T87/><D122/><U17/><E17/><V16/><F16/><W13/><G13/><T50/><D120/><U37/><E37/><V68/><F43/><W119/><G119/><T66/><D66/><U9/><E9/><V114/><F11/><W132/><G132/><T90/><D65/><U105/><E105/><V77/><F117/><W74/><G0/><T106/><D127/><U124/><E124/><V36/><F126/><W18/><G3/><T40/><REACH who="0" step="1"/><D21/><REACH who="0" ten="260,295,240,185" step="2"/><U129/><E129/><V86/><F128/><W88/><G23/><T59/><D59/><U26/><E26/><V135/><F135/><W42/><G27/><T22/><D22/><U85/><E85/><V115/><F86/><W131/><G57/><T55/><D55/><U25/><E25/><V19/><F71/><W104/><G131/><T8/><D8/><U61/><E61/><V10/><F10/><W5/><G62/><T30/><D30/><U113/><E113/><V54/><F68/><W116/><G28/><T14/><D14/><U15/><E15/><V98/><F114/><W29/><G29/><T20/><D20/><U112/><E112/><V108/><F115/><W70/><G70/><T111/><D111/><U95/><E95/><AGARI ba="0,2" hai="32,34,40,45,50,75,79,82,87,90,95,99,102,106" machi="95" ten="30,8000,1" yaku="1,1,7,1,24,2,52,1,53,0" doraHai="97" doraHaiUra="67" who="0" fromWho="1" sc="260,100,295,-80,240,0,185,0" /><INIT seed="2,0,0,3,4,104" ten="360,215,240,185" oya="2" hai0="125,6,41,96,62,28,32,51,0,128,93,27,14" hai1="49,54,134,112,19,12,37,8,122,118,59,80,100" hai2="17,68,81,53,108,119,120,101,7,70,106,115,43" hai3="107,13,85,15,113,74,23,20,90,126,50,109,18"/><V99/><F115/><W95/><G109/><T127/><D128/><U76/><E112/><V69/><F119/><W36/><G113/><T10/><D62/><U65/><E118/><V9/><F120/><W57/><G126/><N who="0" m="48139" /><D51/><U89/><E134/><V79/><F108/><W60/><G107/><T78/><D78/><U132/><E132/><V121/><F121/><W30/><G36/><T35/><D41/><U3/><E100/><V21/><F53/><W129/><G129/><T117/><D117/><U33/><E33/><V72/><F43/><W135/><G135/><T91/><D35/><U61/><E37/><V1/><REACH who="2" step="1"/><F70/><REACH who="2" ten="360,215,230,185" step="2"/><W116/><G116/><T86/><D0/><U124/><E3/><V31/><F31/><W24/><G50/><T98/><AGARI ba="0,1" hai="6,10,14,27,28,32,86,91,93,96,98" m="48139" machi="98" ten="30,1100,0" yaku="18,1" doraHai="104" who="0" fromWho="0" sc="360,21,215,-3,230,-5,185,-3" /><INIT seed="3,0,0,4,2,124" ten="381,212,225,182" oya="3" hai0="106,57,11,69,126,67,33,7,31,21,123,56,41" hai1="19,82,95,29,0,125,85,36,94,121,73,6,77" hai2="44,16,118,134,96,86,26,42,37,135,14,66,20" hai3="128,98,74,34,92,105,25,32,12,119,43,116,129"/><W84/><G74/><T22/><D123/><U4/><E121/><V107/><F118/><N who="3" m="45099" /><G105/><T24/><D56/><U112/><E112/><V83/><F66/><W70/><G70/><T64/><D64/><U45/><E125/><V13/><F107/><W104/><G104/><T9/><D41/><N who="1" m="22695" /><E6/><V23/><F96/><W52/><G84/><T10/><D10/><N who="1" m="2311" /><E29/><V40/><F40/><W49/><G43/><T130/><D24/><U39/><E39/><V102/><F102/><N who="3" m="60743" /><G12/><T81/><D81/><N who="1" m="45231" /><E19/><V87/><F87/><W111/><G25/><T1/><D106/><U53/><E53/><V109/><F13/><W30/><G30/><T61/><D61/><U97/><E97/><V60/><F60/><W108/><G32/><T127/><D69/><U115/><E115/><V71/><F71/><W68/><G34/><T2/><D57/><U18/><E18/><V58/><F58/><N who="3" m="33039" /><G68/><T47/><D47/><U79/><AGARI ba="0,0" hai="79,82,85,94,95" m="45231,2311,22695" machi="79" ten="30,1100,0" yaku="25,1" doraHai="124" who="1" fromWho="1" sc="381,-3,212,11,225,-3,182,-5" owari="378,47.8,223,2.3,222,-17.8,177,-32.3" /></mjloggm>