<mjloggm ver="2.3"><GO type="225" lobby="0"/><UN n0="%4B%2E%32%2E%4B%2E" n1="%E5%B5%90%E9%9B%B2%E3%81%AE%E3%82%AB%E3%83%A9%E3%82%B9" n2="%E4%B8%8B%E6%AE%B5%E3%83%81%E3%82%A7%E3%83%AA%E3%83%BC" n3="%E3%81%82%E3%81%B9%E3%81%99%E3%81%91" dan="16,16,16,16" rate="2235.45,2058.70,2104.56,2114.97" sx="M,F,M,M"/><TAIKYOKU oya="0"/><INIT seed="0,0,0,1,2,55" ten="250,250,250,250" oya="0" hai0="121,89,117,29,88,109,67,102,42,28,41,61,70" hai1="16,33,96,130,119,83,97,74,58,87,63,135,62" hai2="12,0,31,38,104,116,60,85,13,68,113,125,46" hai3="120,35,123,15,90,118,23,24,48,6,134,54,32"/><T79/><D117/><U69/><E119/><V2/><F116/><W40/><G118/><RYUUKYOKU type="kaze4" ba="0,0" sc="250,0,250,0,250,0,250,0" /><INIT seed="0,1,0,1,2,110" ten="250,250,250,250" oya="0" hai0="12,49,8,57,22,88,129,120,47,56,66,124,34" hai1="39,15,99,113,105,36,52,123,96,133,44,131,31" hai2="93,98,18,16,80,51,20,79,3,85,45,92,125" hai3="104,37,102,115,114,43,97,60,134,10,111,94,61"/><T64/><D120/><U119/><E123/><V84/><F3/><W100/><G111/><T62/><D34/><U30/><E119/><V126/><F84/><W77/><G77/><T76/><D124/><N who="2" m="47722" /><F20/><W78/><G78/><T21/><D129/><U107/><E131/><V14/><F14/><W50/><G37/><T63/><D88/><U70/><E70/><V2/><F2/><W108/><G108/><T58/><D58/><U83/><E15/><V122/><F122/><W109/><G109/><T59/><D57/><U53/><E44/><V112/><F112/><W0/><G134/><T82/><D47/><U32/><E133/><V128/><F128/><W24/><G104/><T40/><D40/><U116/><E116/><V69/><F69/><W35/><G102/><T127/><D127/><U33/><E83/><V13/><F13/><W132/><G132/><T135/><D135/><U6/><E6/><V74/><F74/><W7/><G50/><T26/><D49/><U17/><E17/><N who="2" m="6763" /><F98/><W38/><G38/><T81/><D26/><U42/><E42/><AGARI ba="1,0" hai="42,45,51,79,80,85,92,93" m="6763,47722" machi="42" ten="30,2000,0" yaku="18,1,54,1" doraHai="110" who="2" fromWho="1" sc="250,0,250,-23,250,23,250,0" /><INIT seed="1,0,0,2,5,68" ten="250,227,273,250" oya="1" hai0="10,34,104,70,2,43,49,85,130,109,39,86,20" hai1="110,131,118,135,16,44,122,4,80,8,100,0,58" hai2="82,98,123,94,115,114,72,75,120,46,117,124,21" hai3="23,126,30,27,67,14,90,19,55,5,51,93,25"/><U45/><E118/><V116/><F21/><W31/><G126/><T47/><D34/><U9/><E122/><N who="2" m="46635" /><F46/><W134/><G134/><T36/><D104/><U53/><E135/><V11/><F11/><W108/><G108/><T99/><D70/><U41/><E131/><V42/><F42/><W78/><G78/><T111/><D130/><U132/><E132/><V73/><F82/><W12/><G67/><T56/><D20/><U121/><E121/><V106/><F124/><W1/><G1/><T74/><D74/><U69/><E69/><V76/><F76/><W77/><G77/><T17/><D99/><U40/><E110/><N who="0" m="41993" /><D56/><U22/><E100/><N who="2" m="62743" /><F94/><W81/><G81/><T112/><D17/><U79/><E9/><V52/><F52/><W91/><G5/><T59/><D59/><U63/><E40/><V88/><F88/><N who="3" m="33835" /><G93/><T84/><D10/><U64/><E53/><V32/><F32/><W119/><G119/><AGARI ba="0,0" hai="72,73,75,114,115,116,117,119" m="62743,46635" machi="119" ten="40,5200,0" yaku="23,1,34,2" doraHai="68" who="2" fromWho="3" sc="250,0,227,0,273,52,250,-52" /><INIT seed="2,0,0,3,2,11" ten="250,227,325,198" oya="2" hai0="13,110,34,36,77,114,109,45,122,20,12,33,17" hai1="128,91,92,94,112,22,35,119,0,63,99,14,27" hai2="41,107,37,129,124,2,130,70,84,6,118,4,30" hai3="133,67,44,82,42,127,21,71,49,88,117,96,89"/><V75/><F84/><N who="3" m="50199" /><G117/><T95/><D122/><U57/><E119/><V31/><F118/><W10/><G71/><T23/><D114/><U56/><E112/><V39/><F107/><W126/><G133/><T18/><D95/><U135/><E0/><V65/><F75/><W7/><G21/><T100/><D100/><U5/><E35/><V116/><F116/><W60/><G89/><T24/><D77/><U58/><E135/><V108/><F70/><W50/><G96/><T55/><D24/><U32/><E32/><V98/><F98/><W19/><G19/><T47/><D36/><U25/><E128/><V8/><F39/><W125/><G60/><T69/><D69/><U72/><E72/><V87/><F37/><N who="3" m="21583" /><G67/><T26/><D26/><N who="1" m="9739" /><E94/><V76/><F65/><W28/><G28/><T52/><AGARI ba="0,0" hai="12,13,17,18,20,23,33,34,45,47,52,55,109,110" machi="52" ten="25,12000,2" yaku="0,1,22,2,52,2,54,1" doraHai="11" who="0" fromWho="0" sc="250,120,227,-30,325,-60,198,-30" /><INIT seed="3,0,0,0,5,109" ten="370,197,265,168" oya="3" hai0="106,60,37,117,77,10,92,88,110,85,79,90,105" hai1="1,74,102,6,38,114,124,104,36,135,28,56,2" hai2="25,71,87,65,84,129,30,82,98,97,115,47,52" hai3="121,112,17,8,19,81,53,40,107,4,54,130,111"/><W45/><G112/><T68/><D37/><U34/><E56/><V62/><F129/><W122/><G130/><T55/><D117/><U46/><E114/><V78/><F115/><W33/><G111/><T116/><D10/><N who="1" m="2383" /><E124/><V5/><F5/><W103/><G33/><T27/><D90/><U101/><E101/><V59/><F87/><W50/><G81/><T15/><D15/><U134/><E74/><V113/><F113/><W0/><G54/><T63/><D79/><U61/><E61/><V41/><F25/><W69/><G69/><T14/><D27/><N who="1" m="18719" /><E2/><V91/><F30/><W51/><G103/><T67/><D92/><U133/><E46/><V39/><F78/><W57/><REACH who="3" step="1"/><G107/><REACH who="3" ten="370,197,265,158" step="2"/><T99/><D55/><U132/><E132/><V86/><F71/><W21/><G21/><T118/><D68/><U16/><E16/><AGARI ba="0,1" hai="0,4,8,16,17,19,40,45,50,51,53,57,121,122" machi="16" ten="40,3900,0" yaku="1,1,54,1,53,0" doraHai="109" doraHaiUra="11" who="3" fromWho="1" sc="370,0,197,-39,265,0,158,49" /><INIT seed="3,1,0,4,5,69" ten="370,158,265,207" oya="3" hai0="42,29,70,25,100,93,50,130,97,92,19,37,24" hai1="85,10,122,7,108,39,104,63,75,46,128,112,47" hai2="89,54,87,94,114,31,72,96,36,32,20,84,56" hai3="15,30,133,117,35,5,55,59,125,2,1,17,28"/><W113/><G117/><T80/><D70/><U78/><E108/><V52/><F72/><W124/><G113/><T83/><D37/><U76/><E112/><V132/><F114/><W3/><G133/><T67/><D67/><U66/><E122/><V135/><F32/><W107/><G107/><T123/><D123/><U86/><E128/><V64/><F64/><W106/><G106/><T43/><D19/><U18/><E104/><V88/><F36/><W116/><G116/><T57/><D57/><U131/><E131/><V115/><F115/><W45/><G45/><T101/><D50/><U134/><E134/><N who="2" m="51243" /><F89/><W8/><G59/><T81/><D130/><U33/><E33/><V65/><F65/><W62/><G62/><T118/><D118/><U129/><E129/><V68/><F68/><W11/><G55/><N who="2" m="21033" /><F56/><W34/><G34/><T51/><D29/><N who="3" m="11369" /><G35/><T49/><REACH who="0" step="1"/><D81/><REACH who="0" ten="360,158,265,207" step="2"/><U82/><E39/><V0/><F0/><AGARI ba="1,1" hai="0,1,2,3,5,8,11,15,17,124,125" m="11369" machi="0" ten="40,3900,0" yaku="34,2" doraHai="69" who="3" fromWho="2" sc="360,0,158,0,265,-42,207,52" /><INIT seed="3,2,0,4,5,66" ten="360,158,223,259" oya="3" hai0="33,93,135,9,16,55,65,59,44,67,120,94,32" hai1="63,130,34,114,60,125,86,110,35,109,92,91,43" hai2="45,13,79,131,53,72,108,80,25,134,8,28,95" hai3="74,107,77,3,14,89,6,23,76,48,100,105,103"/><W12/><G3/><T29/><D120/><U41/><E114/><V68/><F134/><W82/><G77/><T126/><D135/><U96/><E125/><V42/><F131/><W116/><G116/><T85/><D126/><U71/><E130/><V2/><F108/><W70/><G70/><T26/><D33/><U113/><E113/><V124/><F124/><W51/><G103/><T84/><D44/><U58/><E58/><V47/><F95/><N who="0" m="36362" /><D32/><U40/><E96/><V17/><F68/><W90/><G14/><N who="0" m="7247" /><D26/><U52/><E52/><V7/><F53/><W129/><G51/><N who="0" m="31231" /><D29/><U118/><E118/><V75/><F75/><W106/><G107/><T30/><D30/><U46/><E46/><V0/><F0/><W56/><G106/><T98/><D98/><U83/><E92/><V117/><F42/><N who="1" m="10753" /><U19/><DORA hai="4" /><E19/><V119/><F119/><W101/><G105/><T36/><D36/><U11/><E35/><N who="2" m="20879" /><F117/><W97/><G74/><T122/><D122/><U128/><E34/><V64/><F64/><AGARI ba="2,0" hai="64,65,67,84,85" m="31231,7247,36362" machi="64" ten="30,3900,0" yaku="8,1,52,1,54,1" doraHai="66,4" who="0" fromWho="2" sc="360,45,158,0,223,-45,259,0" owari="405,50.5,158,-34.2,178,-22.2,259,5.9" /></mjloggm>