<mjloggm ver="2.3"><GO type="225" lobby="0"/><UN n0="%E9%81%85%E5%88%BB%E3%81%AE%E3%83%97%E3%83%AA%E3%83%B3%E3%82%B9%E2%99%AA" n1="%6D%75%75%6D%75%72%61" n2="%E3%81%AF%E3%82%88%E3%81%8A%E3%81%98%E3%81%95%E3%82%93" n3="%E5%84%AA%40%41%42%43" dan="16,16,16,17" rate="2149.73,2127.04,2177.36,2215.89" sx="F,F,M,M"/><TAIKYOKU oya="0"/><INIT seed="0,0,0,2,1,135" ten="250,250,250,250" oya="0" hai0="131,68,126,107,94,49,124,95,35,30,42,34,53" hai1="116,97,44,96,5,41,21,112,9,4,22,18,122" hai2="78,86,62,74,101,60,123,125,88,27,102,114,69" hai3="109,119,33,133,3,128,8,121,47,103,36,26,17"/><T19/><D107/><U28/><E116/><V25/><F114/><W105/><RYUUKYOKU type="yao9" ba="0,0" sc="250,0,250,0,250,0,250,0" hai3="3,8,17,26,33,36,47,103,105,109,119,121,128,133" /><INIT seed="0,1,0,1,0,93" ten="250,250,250,250" oya="0" hai0="102,40,54,121,101,95,127,49,13,74,76,48,24" hai1="50,47,56,72,132,68,55,22,52,115,84,79,123" hai2="135,2,125,85,16,6,64,14,5,3,98,9,38" hai3="36,62,42,105,39,91,104,27,1,8,12,75,67"/><T134/><D121/><U99/><E123/><V94/><F38/><W130/><G130/><T59/><D127/><U81/><E132/><V97/><F135/><W122/><G122/><T117/><D117/><U11/><E68/><V63/><F125/><W44/><G1/><T80/><D134/><U29/><E115/><V17/><F2/><W110/><G110/><T88/><D24/><U78/><E11/><V86/><F17/><W15/><G36/><T119/><D119/><U107/><E72/><V83/><F94/><W60/><G75/><T113/><D113/><U116/><E79/><V111/><F111/><W70/><G15/><T65/><D65/><U66/><E66/><V0/><F0/><W82/><G62/><T26/><D26/><U61/><E116/><V120/><F120/><W108/><G27/><T37/><D37/><U109/><E109/><V77/><F86/><W129/><G129/><T19/><D48/><U4/><E4/><V46/><F46/><W126/><G108/><T131/><D40/><U32/><E32/><V133/><F133/><W43/><G43/><T58/><D58/><U30/><REACH who="1" step="1"/><E22/><REACH who="1" ten="250,240,250,250" step="2"/><V53/><F6/><N who="3" m="3095" /><G126/><T114/><D114/><U45/><E45/><V128/><F128/><W124/><G124/><T31/><D131/><U33/><E33/><V23/><F53/><W41/><G41/><T106/><D106/><U51/><E51/><V103/><F103/><AGARI ba="1,1" hai="29,30,47,50,52,55,56,61,78,81,84,99,103,107" machi="103" ten="40,5200,0" yaku="1,1,52,1,54,1,53,0" doraHai="93" doraHaiUra="118" who="1" fromWho="2" sc="250,0,240,65,250,-55,250,0" /><INIT seed="1,0,0,4,2,65" ten="250,305,195,250" oya="1" hai0="48,39,104,49,96,7,77,9,93,3,12,107,108" hai1="111,13,54,30,118,76,47,67,17,18,28,120,21" hai2="103,101,45,14,132,102,59,105,32,119,124,27,91" hai3="8,53,114,51,68,126,131,82,15,62,34,109,117"/><U25/><E118/><V71/><F119/><W88/><G114/><T122/><D39/><U38/><E120/><V74/><F105/><W85/><G117/><T10/><D122/><U98/><E111/><V84/><F74/><W61/><G34/><T20/><D77/><U81/><E67/><V130/><F71/><W24/><G109/><T37/><D37/><U22/><E98/><V52/><F124/><W90/><G126/><T75/><D75/><U113/><E113/><V133/><F130/><W80/><G68/><T0/><D20/><U94/><E94/><V33/><F45/><N who="3" m="27887" /><G24/><T129/><D129/><U135/><E135/><N who="2" m="51787" /><F14/><W42/><G42/><T86/><D86/><U83/><E38/><V43/><F43/><W79/><G131/><T92/><D92/><U31/><REACH who="1" step="1"/><E76/><REACH who="1" ten="250,295,195,250" step="2"/><V50/><F27/><W70/><G79/><T125/><D108/><U127/><E127/><V72/><F72/><W36/><G36/><T57/><D125/><U55/><E55/><V64/><F64/><W115/><G115/><T41/><D107/><U66/><E66/><V97/><F97/><W87/><G70/><T4/><D104/><U63/><E63/><V23/><F84/><W6/><AGARI ba="0,1" hai="6,8,15,61,62,80,82,85,87,88,90" m="27887" machi="6" ten="30,2000,0" yaku="8,1,54,1" doraHai="65" who="3" fromWho="3" sc="250,-5,295,-10,195,-5,250,30" /><INIT seed="2,0,0,2,1,84" ten="245,285,190,280" oya="2" hai0="58,81,15,88,135,37,1,33,24,126,86,132,125" hai1="78,56,64,97,11,19,113,107,130,111,17,68,27" hai2="95,3,31,61,103,121,98,36,2,35,49,20,127" hai3="99,85,67,63,54,0,104,7,96,23,116,42,5"/><V40/><F121/><W124/><G116/><T60/><D37/><U41/><E113/><V129/><F35/><W83/><G0/><T75/><D1/><U46/><E111/><V47/><F127/><N who="0" m="48650" /><D15/><U94/><E68/><V59/><F129/><W39/><G104/><T6/><D6/><N who="3" m="2057" /><G39/><T38/><D38/><U14/><E107/><V43/><F43/><W122/><G42/><T90/><D75/><U8/><E78/><V87/><F87/><W48/><G122/><T32/><D90/><U106/><E106/><V80/><F80/><W123/><G123/><T29/><D33/><U128/><E56/><V50/><F2/><W70/><G70/><T73/><D73/><U120/><E120/><V71/><F3/><W79/><G124/><T72/><D72/><U65/><E65/><AGARI ba="0,0" hai="24,29,32,58,60,65,81,86,88,132,135" m="48650" machi="65" ten="30,3900,0" yaku="18,1,52,1,54,1" doraHai="84" who="0" fromWho="1" sc="245,39,285,-39,190,0,280,0" /><INIT seed="3,0,0,4,4,44" ten="284,246,190,280" oya="3" hai0="95,20,42,26,18,131,55,106,66,128,58,82,50" hai1="120,115,102,68,24,46,114,133,39,135,74,40,43" hai2="61,0,38,62,130,35,53,8,96,125,86,47,56" hai3="77,109,90,112,23,134,111,99,48,32,94,129,2"/><W12/><G112/><N who="1" m="43050" /><E74/><V132/><F35/><W52/><G32/><T49/><D106/><U51/><E102/><V88/><F125/><W37/><G2/><T15/><D66/><U11/><E11/><V100/><F130/><N who="0" m="49706" /><D82/><U25/><E25/><V104/><F132/><N who="1" m="50761" /><E24/><V64/><F38/><W80/><G37/><T63/><D42/><N who="1" m="22879" /><E120/><V81/><F47/><N who="3" m="27679" /><G134/><T27/><D95/><U3/><E3/><V116/><F116/><W78/><G129/><T60/><D60/><U4/><E4/><V121/><F121/><W113/><G113/><T89/><D89/><U10/><E10/><V127/><F127/><W79/><G23/><N who="0" m="11743" /><D27/><U1/><E1/><V71/><F0/><W73/><G12/><T36/><D36/><U124/><E68/><V54/><F8/><W69/><G69/><T101/><D101/><U118/><E118/><V84/><F86/><W5/><G5/><T45/><D45/><U29/><E29/><AGARI ba="0,0" hai="20,26,29,49,50,55,58,63" m="11743,49706" machi="29" ten="30,3900,0" yaku="19,1,52,2" doraHai="44" who="0" fromWho="1" sc="284,39,246,-39,190,0,280,0" owari="323,42.3,207,-19.3,190,-31.0,280,8.0" /></mjloggm>