<mjloggm ver="2.3"><GO type="225" lobby="0"/><UN n0="%E3%81%8F%E3%81%BE%E3%81%96%E3%82%8F" n1="%E7%BD%AA%E5%88%91%E6%B3%95%E5%AE%9A%E4%B8%BB%E7%BE%A9" n2="%6D%75%75%6D%75%72%61" n3="%E3%81%82%E3%81%84%E3%81%82%E3%81%8A%E3%81%84" dan="16,16,17,18" rate="2023.76,2157.13,2195.92,2224.88" sx="M,M,F,M"/><TAIKYOKU oya="0"/><INIT seed="0,0,0,5,2,95" ten="250,250,250,250" oya="0" hai0="48,104,64,107,122,117,83,112,115,62,96,57,33" hai1="77,92,93,119,58,123,66,13,127,90,22,120,63" hai2="52,108,8,3,110,132,97,45,29,75,65,84,46" hai3="130,19,32,67,118,49,12,27,53,105,82,135,124"/><T15/><D117/><U74/><E119/><V51/><F75/><W24/><G118/><T94/><D122/><U85/><E127/><V39/><F132/><W103/><G124/><T86/><D33/><U125/><E125/><V114/><F114/><W30/><G135/><T128/><D128/><U7/><E74/><V23/><F65/><W42/><G130/><T59/><D107/><U47/><E77/><V4/><F84/><W131/><G131/><T41/><D104/><U87/><E47/><V106/><F29/><W111/><G42/><T126/><D126/><U99/><E85/><V121/><F23/><W31/><G67/><T36/><D36/><U81/><E93/><V50/><F121/><W102/><G82/><T21/><D15/><U76/><REACH who="1" step="1"/><E22/><REACH who="1" ten="250,240,250,250" step="2"/><V14/><F39/><W91/><G105/><T43/><D21/><U35/><E35/><V72/><F72/><W28/><G32/><T25/><D115/><U133/><E133/><V40/><REACH who="2" step="1"/><F3/><REACH who="2" ten="250,240,240,250" step="2"/><W78/><G111/><T71/><D86/><U134/><E134/><V34/><F34/><W79/><G30/><T88/><D112/><U100/><E100/><AGARI ba="0,2" hai="4,8,14,40,45,46,50,51,52,97,100,106,108,110" machi="100" ten="40,8000,1" yaku="1,1,52,1,54,1,53,1" doraHai="95" doraHaiUra="2" who="2" fromWho="1" sc="250,0,240,-80,240,100,250,0" /><INIT seed="1,0,0,4,1,0" ten="250,160,340,250" oya="1" hai0="110,13,104,65,130,133,15,14,106,55,9,120,8" hai1="81,92,102,53,38,79,107,10,48,82,86,84,124" hai2="42,96,22,101,77,66,28,126,16,94,26,131,115" hai3="132,125,128,122,7,19,36,3,11,20,111,91,87"/><U93/><E38/><V135/><F126/><W72/><G122/><T29/><D110/><U68/><E68/><V98/><F135/><W44/><G125/><T112/><D112/><U60/><E60/><V74/><F131/><W34/><G34/><T45/><D133/><U76/><E124/><V59/><F115/><W67/><G132/><T100/><D130/><U40/><E40/><V85/><F74/><W83/><G128/><T64/><D120/><U71/><E71/><V69/><F69/><W54/><G67/><T6/><D29/><U18/><E107/><V39/><F98/><W116/><G111/><T41/><D55/><U99/><E92/><V129/><F129/><W61/><G116/><T47/><D100/><U58/><E10/><V127/><F127/><W118/><G118/><T43/><D15/><U25/><E25/><V117/><F117/><W30/><G72/><T49/><D49/><U95/><E95/><V108/><F108/><W105/><G105/><T75/><D75/><U88/><REACH who="1" step="1"/><E18/><REACH who="1" ten="250,150,340,250" step="2"/><V78/><F16/><W52/><G61/><T17/><D17/><U2/><E2/><V31/><F39/><W62/><G62/><T119/><D119/><U123/><E123/><V21/><F42/><W24/><G19/><T103/><D103/><AGARI ba="0,1" hai="48,53,58,76,79,81,82,84,86,88,93,99,102,103" machi="103" ten="40,12000,1" yaku="1,1,9,1,8,1,54,1,53,0" doraHai="0" doraHaiUra="70" who="1" fromWho="0" sc="250,-120,150,130,340,0,250,0" /><INIT seed="1,1,0,4,2,114" ten="130,280,340,250" oya="1" hai0="15,89,119,4,14,70,39,64,104,62,24,115,75" hai1="29,20,90,105,38,65,12,106,30,80,111,84,77" hai2="35,22,57,27,25,1,122,63,78,23,128,5,125" hai3="8,120,47,124,116,6,110,103,16,41,40,94,74"/><U112/><E112/><V102/><F122/><W126/><G74/><T66/><D115/><U36/><E65/><V26/><F125/><N who="3" m="48235" /><G120/><T91/><D104/><U69/><E69/><V93/><F35/><W60/><G110/><T107/><D107/><U72/><E111/><V131/><F78/><W121/><G121/><T108/><D108/><U87/><E72/><V135/><F135/><W18/><G60/><T85/><D75/><U45/><E12/><V67/><F1/><N who="3" m="79" /><G41/><T17/><D39/><U31/><E20/><V3/><F3/><W71/><G71/><T34/><D4/><U76/><E90/><V101/><F5/><W133/><G133/><T88/><D66/><U49/><E31/><N who="2" m="17847" /><F102/><W19/><G94/><T100/><D100/><U129/><E129/><N who="2" m="49739" /><F23/><W123/><G103/><T92/><D14/><U134/><E134/><V117/><F117/><W9/><G123/><T37/><D119/><U109/><E109/><V98/><AGARI ba="1,0" hai="26,27,57,63,67,93,98,101" m="49739,17847" machi="98" ten="30,2000,0" yaku="25,1,19,1" doraHai="114" who="2" fromWho="2" sc="130,-6,280,-11,340,23,250,-6" /><INIT seed="2,0,0,4,0,9" ten="124,269,363,244" oya="2" hai0="31,40,129,44,18,132,22,112,5,17,42,33,20" hai1="16,34,73,110,64,120,25,103,127,67,119,13,89" hai2="12,7,97,21,118,56,8,100,96,46,85,10,87" hai3="101,26,53,75,82,54,91,60,57,122,117,55,104"/><V78/><F118/><W71/><G122/><T77/><D112/><U70/><E119/><V84/><F78/><W45/><G71/><T105/><D129/><U29/><E73/><V62/><F46/><W61/><G117/><T135/><D105/><U93/><E120/><V11/><F21/><W123/><G123/><T128/><D77/><U124/><E103/><V15/><F7/><W76/><G91/><T38/><D128/><U0/><E0/><V35/><F35/><W88/><G61/><T83/><D83/><U51/><E51/><V116/><F116/><W47/><G26/><T27/><D5/><U125/><E110/><V48/><F48/><W4/><G4/><T2/><D42/><U74/><E74/><V49/><F49/><W92/><G101/><T99/><D99/><N who="2" m="37962" /><F100/><W126/><G104/><T131/><D2/><U6/><E70/><V65/><AGARI ba="0,0" hai="8,10,11,12,15,56,62,65,84,85,87" m="37962" machi="65" ten="40,7800,0" yaku="8,1,52,2" doraHai="9" who="2" fromWho="2" sc="124,-26,269,-26,363,78,244,-26" /><INIT seed="2,1,0,4,3,1" ten="98,243,441,218" oya="2" hai0="11,120,78,132,74,108,119,38,43,85,25,18,86" hai1="92,99,63,68,117,66,56,114,58,64,79,47,67" hai2="57,4,9,32,106,131,15,133,97,101,60,129,125" hai3="111,91,107,96,51,2,21,103,104,7,135,73,69"/><V59/><F133/><W46/><G69/><T10/><D74/><U105/><E114/><V61/><F32/><W3/><G73/><T130/><D120/><U19/><E105/><V116/><F125/><W17/><G111/><T102/><D38/><U40/><E117/><V123/><F123/><W39/><G135/><T37/><D37/><N who="1" m="21903" /><E79/><V134/><F116/><W8/><G39/><T26/><D132/><U27/><E27/><V109/><F109/><W20/><G107/><T35/><D108/><U31/><E19/><V94/><F106/><W87/><G2/><T33/><D78/><U12/><E12/><V48/><F48/><W52/><REACH who="3" step="1"/><G17/><REACH who="3" ten="98,243,441,208" step="2"/><T14/><D119/><U126/><E126/><V80/><F134/><W90/><G90/><T0/><D102/><U6/><E31/><V54/><F101/><W124/><G124/><T127/><D127/><U112/><E68/><V34/><F129/><W76/><G76/><T70/><D70/><U45/><E112/><V13/><F131/><W95/><AGARI ba="1,1" hai="3,7,8,20,21,46,51,52,87,91,95,96,103,104" machi="95" ten="20,8000,1" yaku="1,1,0,1,7,1,52,1,54,1,53,0" doraHai="1" doraHaiUra="22" who="3" fromWho="3" sc="98,-21,243,-21,441,-41,208,93" /><INIT seed="3,0,0,0,1,93" ten="77,222,400,301" oya="3" hai0="66,58,59,83,5,134,114,48,91,112,1,16,76" hai1="22,9,69,31,12,73,63,102,52,70,28,122,24" hai2="51,60,101,86,74,34,128,130,67,117,20,94,62" hai3="126,98,18,113,78,104,108,118,81,3,129,64,96"/><W92/><G3/><T120/><D120/><U99/><E122/><V57/><F34/><W82/><G64/><T107/><D134/><U49/><E73/><V10/><F74/><W26/><G113/><T50/><D107/><U87/><E63/><N who="2" m="38383" /><F117/><W97/><G118/><T106/><D106/><U27/><E87/><V8/><F20/><N who="3" m="13591" /><G104/><T71/><D1/><U80/><E80/><N who="3" m="30826" /><G78/><T135/><D83/><U110/><E110/><V40/><F8/><W56/><G108/><T15/><D135/><U25/><E25/><V11/><F11/><W119/><G119/><T29/><D76/><U53/><E53/><V132/><F10/><W72/><G72/><T125/><D66/><U121/><E121/><V38/><F38/><W33/><G33/><T36/><D36/><U17/><E27/><V39/><F39/><W65/><G126/><T2/><D2/><U84/><E84/><V115/><F132/><W79/><G79/><T55/><D125/><U103/><E31/><V68/><F68/><W21/><G129/><T0/><D0/><U100/><REACH who="1" step="1"/><E99/><REACH who="1" ten="77,212,400,301" step="2"/><V35/><F115/><W47/><G47/><AGARI ba="0,1" hai="9,12,17,22,24,28,47,49,52,69,70,100,102,103" machi="47" ten="40,8000,1" yaku="1,1,2,1,54,1,53,1" doraHai="93" doraHaiUra="6" who="1" fromWho="3" sc="77,0,212,90,400,0,301,-80" owari="77,-42.3,302,10.2,400,50.0,221,-17.9" /></mjloggm>