<mjloggm ver="2.3"><GO type="225" lobby="0"/><UN n0="%43%68%65" n1="%E6%A1%9C%E8%8A%B1%E9%96%83%E3%80%85" n2="%E3%83%B4%E3%83%A0%EF%BC%99%E3%81%A6" n3="%4B%69%74%61%6D%75%72%61" dan="16,18,17,18" rate="2130.62,2226.36,2182.85,2203.16" sx="M,M,M,F"/><TAIKYOKU oya="0"/><INIT seed="0,0,0,3,1,110" ten="250,250,250,250" oya="0" hai0="13,63,29,27,67,118,105,87,93,11,114,117,28" hai1="131,32,70,94,9,75,39,53,73,100,2,124,86" hai2="111,96,47,8,77,79,55,102,25,134,128,20,68" hai3="44,130,91,26,85,83,12,120,69,17,50,34,101"/><T115/><D105/><U98/><E32/><V30/><F111/><W119/><G119/><T62/><D118/><U84/><E70/><V51/><F128/><W43/><G69/><T45/><D117/><U80/><E39/><V132/><F68/><W104/><G130/><T58/><D63/><U126/><E131/><V48/><F8/><W113/><G113/><T88/><D45/><U23/><E23/><V82/><F51/><W66/><G66/><T97/><D87/><N who="1" m="33323" /><E53/><V1/><F1/><W10/><G120/><T22/><D29/><U46/><E46/><V14/><F14/><W89/><G104/><T78/><D78/><N who="1" m="44111" /><E9/><V41/><F55/><W35/><G101/><T92/><D92/><N who="1" m="58439" /><E2/><V40/><F40/><W56/><G91/><T24/><D27/><U37/><E37/><V0/><F0/><W42/><G42/><T54/><D67/><U122/><E122/><V95/><REACH who="2" step="1"/><F82/><REACH who="2" ten="250,250,240,250" step="2"/><W99/><G83/><T76/><D76/><AGARI ba="0,1" hai="20,25,30,41,47,48,76,77,79,95,96,102,132,134" machi="76" ten="40,5200,0" yaku="1,1,2,1,53,1" doraHai="110" doraHaiUra="18" who="2" fromWho="0" sc="250,-52,250,0,240,62,250,0" /><INIT seed="1,0,0,5,5,92" ten="198,250,302,250" oya="1" hai0="127,119,102,61,23,132,105,96,56,116,63,34,47" hai1="90,124,64,69,62,27,129,135,103,32,8,54,82" hai2="85,9,131,83,98,13,55,43,130,91,110,114,42" hai3="4,97,7,84,24,81,11,104,121,115,80,126,65"/><U58/><E129/><N who="2" m="49163" /><F110/><W52/><G121/><T12/><D34/><U60/><E135/><V71/><F71/><W89/><G115/><T118/><D132/><U108/><E124/><V125/><F114/><W36/><G36/><T70/><D127/><U38/><E38/><V5/><F125/><W49/><G126/><T111/><D111/><U112/><E108/><V73/><F73/><W95/><G65/><T75/><D75/><U31/><E112/><V59/><F98/><W41/><G41/><T20/><D70/><U99/><E8/><V53/><F53/><W76/><G24/><T3/><D3/><U29/><E29/><V78/><F78/><W113/><G113/><T19/><D47/><U10/><E10/><V67/><F67/><W44/><G104/><T88/><D56/><U50/><E62/><AGARI ba="0,0" hai="5,9,13,42,43,55,59,62,83,85,91" m="49163" machi="62" ten="30,1000,0" yaku="19,1" doraHai="92" who="2" fromWho="1" sc="198,0,250,-10,302,10,250,0" /><INIT seed="2,0,0,4,4,20" ten="198,240,312,250" oya="2" hai0="124,50,15,19,114,122,81,54,94,127,8,57,64" hai1="121,112,75,129,107,42,11,130,1,78,58,32,25" hai2="83,3,33,111,44,109,73,99,85,43,39,79,125" hai3="0,67,7,48,110,95,28,18,56,106,29,91,45"/><V10/><F125/><W27/><G106/><T53/><D114/><U34/><E112/><V134/><F134/><W117/><G117/><T72/><D122/><U86/><E121/><V35/><F85/><W104/><G104/><T98/><D64/><U38/><E86/><V14/><F99/><W46/><G110/><N who="2" m="41993" /><F14/><W47/><G0/><T71/><D71/><U37/><E58/><V59/><F59/><W4/><G18/><T126/><D54/><U96/><E96/><V123/><F123/><W80/><G80/><T120/><D120/><U41/><E107/><V88/><F88/><W26/><G29/><T133/><D133/><U90/><E90/><V93/><F93/><W97/><G28/><T21/><D81/><U128/><E1/><V70/><F70/><W13/><G13/><T119/><D72/><U60/><E75/><V101/><F101/><W131/><G131/><T118/><REACH who="0" step="1"/><D8/><REACH who="0" ten="188,240,312,250" step="2"/><U69/><E11/><V40/><F43/><W113/><G113/><T100/><AGARI ba="0,1" hai="15,19,21,50,53,57,94,98,100,118,119,124,126,127" machi="100" ten="40,8000,1" yaku="1,1,2,1,0,1,18,1,53,0" doraHai="20" doraHaiUra="62" who="0" fromWho="0" sc="188,90,240,-20,312,-40,250,-20" /><INIT seed="3,0,0,1,2,107" ten="278,220,272,230" oya="3" hai0="68,6,71,116,121,29,82,52,51,70,96,26,32" hai1="1,21,47,69,27,102,13,123,92,103,4,59,5" hai2="78,42,73,55,101,9,72,95,38,113,119,37,19" hai3="134,17,33,45,57,88,23,25,105,61,117,60,115"/><W106/><G115/><T80/><D116/><U99/><E123/><V14/><F113/><W54/><G117/><T135/><D121/><U110/><E69/><V50/><F119/><W127/><G127/><T97/><D6/><N who="1" m="2667" /><E1/><V62/><F62/><W118/><G118/><T120/><D120/><U48/><E110/><V122/><F122/><W20/><G33/><T85/><D135/><U35/><E35/><V31/><F31/><W28/><G134/><T22/><D32/><U77/><E77/><V39/><F42/><W130/><G130/><T44/><REACH who="0" step="1"/><D82/><REACH who="0" ten="268,220,272,230" step="2"/><U7/><E7/><V12/><F37/><W111/><G111/><T90/><AGARI ba="0,1" hai="22,26,29,44,51,52,68,70,71,80,85,90,96,97" machi="90" ten="30,8000,1" yaku="1,1,2,1,0,1,54,1,53,1" doraHai="107" doraHaiUra="41" who="0" fromWho="0" sc="268,90,220,-20,272,-20,230,-40" owari="358,45.8,200,-20.0,252,5.2,190,-31.0" /></mjloggm>