<mjloggm ver="2.3"><GO type="225" lobby="0"/><UN n0="%E4%B8%89%E5%86%A0%E7%8E%8B%E3%83%BB%E5%B1%B1%E7%94%B0%E5%93%B2%E4%BA%BA" n1="%72%69%6F%75%63%68%61%6E" n2="%E6%80%AA%E3%81%97%E3%81%99%E3%81%8E%E3%82%8B%E3%83%81%E3%83%BC" n3="%E9%89%A2%E5%B7%BB%E3%82%AC%E3%83%96" dan="17,17,16,16" rate="2143.24,2204.47,2153.70,2089.38" sx="M,M,M,M"/><TAIKYOKU oya="0"/><INIT seed="0,0,0,5,3,12" ten="250,250,250,250" oya="0" hai0="52,59,128,7,87,11,135,74,3,31,15,24,35" hai1="23,109,75,44,79,46,131,54,88,120,56,115,107" hai2="9,65,51,76,61,95,55,133,0,57,117,100,73" hai3="13,72,122,81,43,14,70,58,82,96,48,92,71"/><T47/><D135/><U132/><E120/><V114/><F114/><W1/><G1/><T39/><D128/><U130/><E132/><V21/><F133/><W121/><G58/><T111/><D74/><U62/><E115/><V33/><F33/><W99/><G48/><T30/><D111/><U32/><E32/><V69/><F117/><W89/><G72/><T38/><D31/><U127/><E109/><V45/><F76/><W123/><G43/><T16/><D87/><U113/><E113/><V27/><F73/><W77/><G77/><T41/><D47/><U129/><E127/><V4/><F95/><W25/><G25/><T18/><D41/><U108/><E107/><V102/><REACH who="2" step="1"/><F69/><REACH who="2" ten="250,250,240,250" step="2"/><W85/><G71/><T101/><D101/><U66/><E108/><V64/><F64/><W29/><G70/><T34/><D34/><U36/><E75/><V10/><F10/><W124/><G124/><T91/><D91/><U17/><E36/><V118/><F118/><W84/><G122/><T37/><REACH who="0" step="1"/><D3/><REACH who="0" ten="240,250,240,250" step="2"/><U40/><E131/><V78/><F78/><W105/><G89/><T28/><D28/><AGARI ba="0,2" hai="0,4,9,21,27,28,45,51,55,57,61,65,100,102" machi="28" ten="30,3900,0" yaku="1,1,7,1,53,1" doraHai="12" doraHaiUra="19" who="2" fromWho="0" sc="240,-39,250,0,240,59,250,0" /><INIT seed="1,0,0,4,3,114" ten="201,250,299,250" oya="1" hai0="125,38,1,16,8,115,17,33,15,94,103,6,20" hai1="95,99,76,62,26,130,23,4,134,98,68,61,28" hai2="53,55,119,74,43,82,127,72,107,44,67,65,32" hai3="110,24,75,101,3,93,80,71,87,58,5,30,21"/><U91/><E130/><V2/><F2/><W49/><G110/><T35/><D38/><U42/><E134/><V52/><F32/><N who="0" m="12362" /><D94/><U88/><E68/><V78/><F127/><W59/><G71/><T39/><D103/><U112/><E112/><V118/><F107/><W106/><G3/><T36/><D36/><U66/><E4/><V135/><F135/><W11/><G49/><T64/><D64/><U27/><E76/><V97/><F97/><W73/><G106/><T10/><D39/><U83/><E42/><V85/><F43/><W7/><G73/><T60/><D60/><U132/><E132/><V126/><F44/><W104/><G104/><T48/><D48/><U84/><E66/><V89/><F72/><W79/><G75/><T31/><D115/><U77/><REACH who="1" step="1"/><E27/><REACH who="1" ten="201,240,299,250" step="2"/><V131/><F131/><W14/><G5/><N who="0" m="3471" /><D125/><U9/><E9/><V124/><F126/><W123/><G11/><T13/><D1/><U47/><E47/><V41/><F41/><W109/><G79/><T25/><AGARI ba="0,1" hai="6,10,13,16,17,20,25,31" m="3471,12362" machi="25" ten="30,12000,2" yaku="35,5,54,1" doraHai="114" who="0" fromWho="0" sc="201,130,240,-60,299,-30,250,-30" /><INIT seed="2,0,0,3,3,38" ten="331,180,269,220" oya="2" hai0="34,101,135,16,11,72,96,115,106,54,98,81,84" hai1="60,7,133,82,111,14,6,51,22,67,76,94,26" hai2="120,113,77,130,74,78,19,95,15,12,126,68,75" hai3="59,0,88,50,89,110,128,129,124,31,29,71,48"/><V91/><F68/><W83/><G71/><T57/><D34/><U114/><E111/><V30/><F113/><W27/><G0/><T3/><D135/><U121/><E133/><V23/><F120/><W35/><G110/><T52/><D72/><U99/><E114/><V25/><F130/><N who="3" m="50283" /><G31/><T9/><D98/><U21/><E121/><V53/><F126/><W86/><G124/><T85/><D85/><U112/><E112/><V17/><F75/><W66/><G89/><T45/><D57/><U93/><E51/><V13/><F53/><W132/><G132/><T63/><D101/><U32/><E32/><V49/><F49/><W87/><G87/><T41/><D84/><N who="1" m="48199" /><E14/><V90/><F74/><W44/><G44/><T62/><D45/><U127/><E127/><V33/><F33/><W37/><G37/><T70/><D3/><U1/><E1/><V47/><F47/><W109/><G109/><T80/><D54/><U131/><E131/><V92/><F91/><W119/><G119/><T39/><D52/><U46/><E46/><V64/><F64/><W36/><G36/><T20/><D115/><U2/><E2/><V79/><REACH who="2" step="1"/><F90/><REACH who="2" ten="331,180,259,220" step="2"/><W42/><G50/><T18/><D70/><U65/><E65/><V8/><F8/><W108/><G108/><T24/><D9/><U134/><E134/><V61/><F61/><N who="3" m="38207" /><G48/><T104/><D63/><U28/><E21/><V116/><F116/><W4/><G4/><N who="1" m="1578" /><E99/><V5/><F5/><W40/><AGARI ba="0,1" hai="27,29,35,40,42,83,86,88" m="38207,50283" machi="40" ten="30,7900,0" yaku="19,1,52,2,54,1" doraHai="38" who="3" fromWho="3" sc="331,-20,180,-20,259,-39,220,89" /><INIT seed="3,0,0,0,0,10" ten="311,160,220,309" oya="3" hai0="29,51,8,80,71,105,126,30,14,58,3,39,35" hai1="82,36,129,21,110,57,91,33,68,114,77,20,87" hai2="88,119,45,112,70,94,122,109,27,17,34,132,97" hai3="13,26,78,107,24,113,75,128,44,52,55,86,60"/><W40/><G75/><T63/><D3/><U15/><E114/><V56/><F112/><W41/><G107/><T12/><D39/><U7/><E129/><V79/><F70/><W46/><G113/><T23/><D35/><U111/><E68/><V28/><F119/><W37/><G13/><N who="0" m="5227" /><D105/><U67/><E33/><V66/><F109/><W31/><G128/><T6/><D8/><U102/><E36/><V93/><F132/><W84/><G78/><T2/><D2/><U9/><E102/><V83/><F122/><W118/><G37/><T62/><D6/><U69/><E69/><V95/><F17/><W120/><G120/><T0/><D0/><U96/><E110/><V117/><F117/><W1/><G1/><T103/><D126/><U53/><E67/><V32/><F45/><W74/><G74/><T106/><D71/><U50/><REACH who="1" step="1"/><E111/><REACH who="1" ten="311,150,220,309" step="2"/><V49/><F34/><W19/><G118/><T90/><D103/><U59/><E59/><V76/><F66/><W125/><G125/><T135/><D58/><U130/><E130/><V89/><F56/><W85/><G44/><T98/><D106/><U43/><E43/><V64/><F64/><W133/><G41/><T123/><D123/><U99/><E99/><V4/><F97/><W92/><G40/><T72/><D98/><U115/><E115/><V61/><F32/><W134/><G46/><T100/><D100/><U131/><E131/><V48/><F61/><W73/><G60/><T42/><D63/><U22/><E22/><V25/><F49/><W81/><G133/><T5/><D135/><U16/><E16/><RYUUKYOKU ba="0,1" sc="311,-10,150,30,220,-10,309,-10" hai1="7,9,15,20,21,50,53,57,77,82,87,91,96" owari="311,41.1,180,-32.0,210,-19.0,299,9.9" /></mjloggm>