<mjloggm ver="2.3"><GO type="225" lobby="0"/><UN n0="%E7%B4%94%E6%BD%94%E3%83%94%E3%83%A9%E3%83%8B%E3%82%A2" n1="%E3%81%95%E3%81%8D%E3%81%9F%E3%81%BE%E6%9E%97%E6%AA%8E" n2="%E3%81%A4%E3%81%A3%E3%81%B1%E3%82%8A%E3%83%9D%E3%83%BC%E3%83%AB" n3="%E3%81%BE%E3%81%A8%E3%81%9F" dan="17,16,17,16" rate="2112.49,2083.29,2169.35,2123.89" sx="M,M,M,M"/><TAIKYOKU oya="0"/><INIT seed="0,0,0,4,1,93" ten="250,250,250,250" oya="0" hai0="57,75,23,120,124,36,9,78,26,101,98,27,130" hai1="0,14,5,38,92,37,52,70,44,108,128,46,32" hai2="72,58,41,97,30,50,12,88,99,65,126,132,8" hai3="29,73,119,35,13,89,4,104,62,69,43,107,105"/><T34/><D120/><U3/><E0/><V25/><F72/><W24/><G73/><T133/><D36/><U66/><E32/><V127/><F132/><W33/><G43/><T109/><D133/><U74/><E74/><V80/><F41/><W42/><G42/><T16/><D124/><N who="2" m="47658" /><F50/><W49/><G35/><T59/><D130/><U68/><E3/><V112/><F112/><W10/><G49/><T20/><D34/><U110/><E128/><V48/><F48/><W39/><G39/><N who="1" m="14858" /><E14/><V134/><F134/><W85/><G119/><T91/><D9/><U111/><E5/><N who="2" m="3087" /><F58/><W1/><G1/><T118/><D118/><U135/><E135/><V116/><F65/><W84/><G89/><T87/><D78/><U79/><E79/><V106/><F106/><W60/><G60/><T102/><D75/><U100/><E52/><V61/><F61/><W47/><G47/><N who="1" m="17962" /><E66/><V56/><F56/><W31/><G107/><T81/><D102/><U51/><E51/><V95/><F116/><W77/><G105/><T45/><D45/><U96/><AGARI ba="0,0" hai="68,70,92,96,100,108,110,111" m="17962,14858" machi="96" ten="40,2700,0" yaku="14,1,52,1" doraHai="93" who="1" fromWho="1" sc="250,-13,250,27,250,-7,250,-7" /><INIT seed="1,0,0,2,2,35" ten="237,277,243,243" oya="1" hai0="38,85,31,71,62,18,22,133,119,32,114,12,39" hai1="4,86,43,80,53,14,42,28,10,70,58,132,79" hai2="124,104,126,128,29,101,84,134,91,108,47,78,68" hai3="121,23,130,67,16,131,11,105,95,7,129,88,55"/><U98/><E70/><V48/><F68/><W110/><G121/><T6/><D114/><U125/><E125/><N who="2" m="48235" /><F108/><W74/><G105/><T106/><D106/><U90/><E132/><V87/><F134/><W100/><G74/><T21/><D119/><U40/><E28/><V49/><F128/><W96/><G55/><T94/><D32/><U99/><REACH who="1" step="1"/><E79/><REACH who="1" ten="237,267,243,243" step="2"/><V9/><F29/><W103/><G110/><T36/><D31/><U52/><E52/><N who="2" m="29727" /><F78/><W44/><G67/><T89/><D133/><U92/><E92/><V59/><F104/><W54/><G54/><T63/><D71/><U8/><E8/><V17/><F9/><W73/><G11/><T111/><D111/><U41/><N who="1" m="10240" /><DORA hai="20" /><U1/><E1/><V72/><F72/><W120/><G73/><T82/><D94/><U0/><E0/><V3/><F3/><W15/><G130/><T97/><D36/><U45/><E45/><V34/><F59/><W61/><G44/><T57/><D57/><U25/><E25/><V60/><F34/><W69/><G129/><T123/><D38/><U51/><AGARI ba="0,1" hai="4,10,14,51,53,58,80,86,90,98,99" m="10240" machi="51" ten="40,12000,1" yaku="1,1,0,1,8,1,53,1" doraHai="35,20" doraHaiUra="50,113" who="1" fromWho="1" sc="237,-40,267,130,243,-40,243,-40" /><INIT seed="1,1,0,0,4,17" ten="197,397,203,203" oya="1" hai0="114,3,103,68,34,128,21,105,125,33,36,123,37" hai1="84,42,4,135,130,118,129,72,95,11,54,90,127" hai2="88,121,120,108,74,26,32,49,82,85,52,7,110" hai3="112,25,81,9,93,115,89,71,56,8,92,107,19"/><U45/><E118/><V100/><F100/><W35/><G71/><T29/><RYUUKYOKU type="yao9" ba="1,0" sc="197,0,397,0,203,0,203,0" hai0="3,21,29,33,34,36,37,68,103,105,114,123,125,128" /><INIT seed="1,2,0,0,3,18" ten="197,397,203,203" oya="1" hai0="114,115,129,29,125,5,81,73,108,98,7,4,128" hai1="119,58,113,121,123,56,27,51,64,19,118,135,111" hai2="95,1,0,110,101,91,94,28,112,33,49,67,126" hai3="34,107,3,131,53,52,84,68,38,47,48,10,44"/><U87/><E87/><V24/><F110/><W88/><G107/><T76/><D108/><U79/><E79/><V99/><F126/><W11/><G34/><T22/><D125/><U17/><E27/><V31/><F112/><W42/><G131/><N who="0" m="50251" /><D98/><U66/><E51/><V80/><F67/><W85/><G68/><T43/><D43/><U117/><E111/><V109/><F109/><W127/><G127/><T16/><D29/><U65/><E113/><V120/><F120/><W75/><G75/><T132/><D132/><U122/><REACH who="1" step="1"/><E135/><REACH who="1" ten="197,387,203,203" step="2"/><V100/><F31/><W130/><G130/><T133/><D133/><U2/><E2/><V21/><F49/><W25/><G3/><T96/><D96/><U57/><AGARI ba="2,1" hai="17,19,56,57,58,64,65,66,117,118,119,121,122,123" machi="57" ten="50,48000,5" yakuman="40" doraHai="18" doraHaiUra="40" who="1" fromWho="1" sc="197,-162,387,496,203,-162,203,-162" /><INIT seed="1,3,0,3,3,15" ten="35,883,41,41" oya="1" hai0="130,40,83,96,49,60,42,4,115,41,27,61,30" hai1="100,108,93,129,121,3,59,135,33,62,94,46,23" hai2="43,48,117,102,71,128,55,56,110,82,25,53,36" hai3="38,9,86,90,16,37,99,0,134,112,80,50,14"/><U54/><E121/><V39/><F117/><W70/><G112/><T124/><D115/><U104/><E3/><V111/><F128/><W81/><G70/><T88/><D130/><U120/><E129/><V118/><F118/><W67/><G67/><T10/><D124/><U78/><E33/><V20/><F71/><W11/><G134/><T125/><D49/><U127/><E78/><V73/><F102/><W68/><G68/><T98/><D125/><U28/><E135/><V76/><F55/><W57/><G99/><T1/><D96/><U18/><E28/><V34/><F34/><W132/><G132/><T22/><REACH who="0" step="1"/><D98/><REACH who="0" ten="25,883,41,41" step="2"/><U51/><E127/><V24/><F24/><W131/><G131/><T2/><D2/><U123/><E51/><V63/><F48/><W109/><G38/><T8/><D8/><U77/><E123/><V113/><F113/><W29/><G37/><T89/><D89/><U116/><E120/><V52/><F39/><W32/><G0/><T105/><D105/><U64/><E104/><V5/><F36/><W35/><G9/><T133/><D133/><U107/><E107/><V44/><F25/><W31/><G50/><T97/><D97/><U65/><E116/><V21/><F111/><W66/><G90/><T75/><D75/><U126/><E108/><V122/><F110/><W95/><G109/><T26/><D26/><U13/><E126/><V84/><F122/><W74/><G74/><T106/><D106/><U114/><E114/><V92/><F73/><W79/><G11/><T69/><D69/><U7/><E100/><V119/><F119/><RYUUKYOKU ba="3,1" sc="25,30,883,-10,41,-10,41,-10" hai0="1,4,10,22,27,30,40,41,42,60,61,83,88" /><INIT seed="2,4,1,3,2,90" ten="55,873,31,31" oya="2" hai0="96,19,83,38,48,120,36,104,52,63,12,41,35" hai1="77,116,15,49,75,3,22,72,27,67,33,100,47" hai2="53,4,130,82,59,110,29,125,132,68,105,39,66" hai3="17,121,20,106,57,95,9,92,23,84,44,122,98"/><V119/><F119/><W71/><G71/><T107/><D35/><U6/><E116/><V80/><F105/><W64/><G106/><T60/><D120/><U21/><E67/><V58/><F39/><W108/><G108/><T124/><D124/><U99/><E33/><V7/><F125/><W30/><G121/><T10/><D104/><U56/><E3/><V5/><F110/><W14/><G122/><T70/><D83/><N who="2" m="31786" /><F68/><W25/><G44/><T69/><D69/><U73/><E77/><V43/><F132/><W65/><G84/><T81/><D41/><U126/><E126/><V74/><F74/><W128/><G128/><T123/><D123/><U28/><E56/><N who="2" m="21547" /><F130/><W54/><G9/><T51/><D51/><U37/><E37/><V45/><F29/><W18/><G30/><T127/><D38/><U1/><E1/><V93/><F66/><N who="3" m="25707" /><G98/><T101/><D36/><U131/><E131/><V31/><F31/><W113/><G113/><T89/><D70/><U0/><E0/><V118/><F118/><W55/><G55/><T13/><D127/><U86/><E28/><V34/><F34/><W46/><G46/><T112/><D112/><U78/><E78/><V76/><F76/><W11/><G23/><N who="0" m="11751" /><D52/><N who="1" m="29759" /><E75/><V42/><F93/><W109/><G109/><T2/><D2/><U85/><E73/><V87/><F87/><W114/><G114/><T117/><D117/><U129/><E72/><V134/><F134/><W111/><G111/><T88/><D48/><AGARI ba="4,1" hai="4,5,7,42,43,45,48,53" m="21547,31786" machi="48" ten="30,1500,0" yaku="8,1" doraHai="90" who="2" fromWho="0" sc="55,-27,873,0,31,37,31,0" /><AGARI ba="4,0" hai="11,14,17,18,20,25,48,54,57,92,95" m="25707" machi="48" ten="30,3900,0" yaku="8,1,52,2" doraHai="90" who="3" fromWho="0" sc="28,-39,873,0,68,0,31,39" owari="-11,-51.1,873,97.3,68,-33.2,70,-13.0" /></mjloggm>