<mjloggm ver="2.3"><GO type="225" lobby="0"/><UN n0="%E3%82%A2%E3%82%A4%E3%82%B9%E3%83%86%E3%82%A3%E3%83%BC%E3%81%82%E3%81%B9" n1="%E6%A1%9C%E8%8A%B1%E9%96%83%E3%80%85" n2="%E7%B4%94%E6%BD%94%E3%83%94%E3%83%A9%E3%83%8B%E3%82%A2" n3="%E5%8B%95%E7%89%A9%E5%9C%92%E3%81%AE%E3%81%8F%E3%82%8D" dan="16,16,17,16" rate="2094.57,2092.24,2196.55,2144.77" sx="M,M,M,M"/><TAIKYOKU oya="0"/><INIT seed="0,0,0,4,0,98" ten="250,250,250,250" oya="0" hai0="70,84,120,131,55,86,27,114,81,23,6,14,30" hai1="52,38,118,111,8,69,121,115,130,75,61,135,87" hai2="124,32,53,19,43,62,2,92,71,79,78,77,88" hai3="63,37,9,123,134,22,44,33,96,35,122,17,95"/><T40/><D120/><N who="3" m="46121" /><G134/><T59/><D114/><U47/><E87/><V126/><F2/><W11/><G63/><T82/><D70/><U133/><E8/><N who="3" m="3146" /><G44/><T65/><D131/><U127/><E52/><V5/><F5/><W1/><G37/><T73/><D73/><U4/><E47/><V83/><F32/><W107/><G107/><T67/><D40/><U113/><E61/><V24/><F43/><W13/><G1/><T58/><D6/><U56/><E56/><N who="0" m="21545" /><D14/><U25/><E25/><V18/><F83/><N who="0" m="31754" /><D55/><U104/><E4/><V36/><F36/><W108/><G108/><T48/><D48/><U106/><E106/><V109/><F109/><W119/><G119/><T97/><D97/><U101/><E133/><V50/><F24/><W117/><G117/><T74/><D74/><U116/><E116/><V60/><F71/><W72/><G72/><T57/><N who="0" m="21553" /><T90/><DORA hai="21" /><D90/><AGARI ba="0,0" hai="13,17,22,33,35,90,95,96" m="3146,46121" machi="90" ten="30,1000,0" yaku="13,1" doraHai="98,21" who="3" fromWho="0" sc="250,-10,250,0,250,0,250,10" /><INIT seed="1,0,0,4,1,62" ten="240,250,250,260" oya="1" hai0="44,111,24,90,69,77,12,22,40,59,8,116,94" hai1="119,117,104,120,78,100,121,2,36,35,60,9,75" hai2="135,89,114,38,68,97,108,61,85,53,15,92,34" hai3="54,18,127,49,14,131,126,73,42,79,129,23,74"/><U20/><E20/><V115/><F34/><W91/><G42/><T132/><D111/><U45/><E35/><V99/><F108/><W82/><G74/><T122/><D69/><U109/><E109/><V112/><F38/><W56/><REACH who="3" step="1"/><G91/><REACH who="3" ten="240,250,250,250" step="2"/><T133/><D122/><U128/><E120/><V0/><F135/><W27/><G27/><T81/><D133/><U134/><E121/><V37/><F37/><W72/><G72/><T84/><D132/><U10/><E134/><V87/><F0/><W113/><G113/><T28/><D116/><U51/><E36/><V17/><F115/><W41/><G41/><T3/><D3/><U25/><E2/><V123/><F114/><W71/><G71/><T65/><D40/><U5/><E25/><V86/><F68/><W130/><AGARI ba="0,1" hai="14,18,23,49,54,56,73,79,82,126,127,129,130,131" machi="130" ten="40,8000,1" yaku="1,1,0,1,19,1,53,1" doraHai="62" doraHaiUra="13" who="3" fromWho="3" sc="240,-20,250,-40,250,-20,250,90" /><INIT seed="2,0,0,4,4,31" ten="220,210,230,340" oya="2" hai0="22,15,83,24,26,30,77,102,116,88,128,53,126" hai1="59,109,103,61,90,42,33,104,39,93,135,38,40" hai2="122,85,52,74,108,71,6,55,119,19,4,92,123" hai3="17,23,56,51,12,14,34,133,66,117,96,7,70"/><V76/><F71/><W94/><G117/><T11/><D126/><U44/><E109/><V54/><F119/><W25/><G133/><T134/><D134/><U82/><E135/><V58/><F108/><W101/><G70/><T79/><D128/><U47/><E82/><N who="2" m="47303" /><F74/><W97/><G34/><T73/><D102/><U112/><E112/><V72/><F72/><W21/><G97/><T121/><D121/><U2/><E2/><V9/><F123/><W80/><G80/><T50/><D116/><U107/><E103/><V125/><F125/><W60/><G51/><T29/><D73/><U36/><E36/><V45/><F122/><W75/><G75/><T1/><D1/><U124/><E33/><V0/><F0/><W100/><G100/><T84/><D26/><U106/><E124/><V35/><F35/><W95/><G7/><N who="2" m="2601" /><F92/><N who="3" m="58503" /><G12/><T13/><D30/><AGARI ba="0,0" hai="14,17,21,23,25,30,56,60,66,94,95" m="58503" machi="30" ten="30,2000,0" yaku="25,1,8,1" doraHai="31" who="3" fromWho="0" sc="220,-20,210,0,230,0,340,20" /><INIT seed="3,0,0,1,0,87" ten="200,210,230,360" oya="3" hai0="61,99,64,26,119,135,75,84,23,72,77,40,1" hai1="41,18,30,35,103,8,100,89,133,108,101,120,58" hai2="25,131,17,63,14,44,130,113,3,93,74,107,56" hai3="97,19,57,95,13,45,127,117,98,122,121,67,112"/><W106/><G117/><T82/><D119/><U85/><E120/><V88/><F107/><W116/><G116/><T125/><D1/><U32/><E108/><V28/><F3/><W78/><G112/><T114/><D114/><U70/><E70/><V7/><F74/><W24/><G78/><T91/><D125/><U22/><E133/><V15/><F44/><W111/><G24/><T123/><D123/><U20/><E41/><V110/><F110/><W38/><G45/><T10/><D10/><U48/><E30/><V134/><F134/><W9/><G38/><T27/><D40/><U71/><E71/><V59/><F7/><W54/><G67/><T36/><D36/><U65/><E32/><V60/><F113/><W129/><G129/><N who="2" m="49161" /><F59/><W109/><G127/><T39/><D39/><U132/><E35/><N who="2" m="20879" /><F17/><W105/><G106/><T11/><D11/><U128/><E132/><V94/><F94/><W51/><G111/><T69/><D135/><U29/><E29/><V37/><F37/><W21/><G109/><T46/><D46/><U6/><E18/><V42/><F42/><W55/><G105/><T43/><D43/><U66/><E128/><V81/><F81/><W118/><G118/><T34/><D34/><U2/><E22/><V76/><F76/><W79/><G21/><T53/><D53/><N who="1" m="32039" /><E20/><V83/><F83/><W52/><G122/><T104/><D27/><U96/><E85/><N who="2" m="52367" /><F56/><W102/><G57/><T5/><D5/><U4/><E4/><V92/><F92/><W62/><G121/><T49/><D49/><U12/><E2/><V50/><F50/><RYUUKYOKU ba="0,0" sc="200,-15,210,15,230,15,360,-15" hai1="6,8,12,65,66,89,96,100,101,103" hai2="14,15,60,63" owari="185,-31.5,225,-17.5,245,4.5,345,44.5" /></mjloggm>