<mjloggm ver="2.3"><GO type="225" lobby="0"/><UN n0="%E6%A1%9C%E8%8A%B1%E9%96%83%E3%80%85" n1="%E3%81%AF%E3%81%BE%E3%81%A1%E3%83%AA%E3%83%BC%E3%82%B0" n2="%72%69%6F%75%63%68%61%6E" n3="%E3%81%B7%E3%82%8A%E3%82%93%E8%81%96%E4%BA%BA" dan="18,16,17,16" rate="2202.21,2030.59,2252.83,2157.74" sx="M,M,M,M"/><TAIKYOKU oya="0"/><INIT seed="0,0,0,3,1,9" ten="250,250,250,250" oya="0" hai0="21,80,112,134,108,72,124,35,44,131,37,8,10" hai1="68,31,49,133,56,89,132,2,32,126,39,122,30" hai2="54,7,28,4,33,60,3,70,116,104,5,43,69" hai3="55,79,97,83,74,65,105,77,14,130,81,41,92"/><T121/><RYUUKYOKU type="yao9" ba="0,0" sc="250,0,250,0,250,0,250,0" hai0="8,10,21,35,37,44,72,80,108,112,121,124,131,134" /><INIT seed="0,1,0,1,4,78" ten="250,250,250,250" oya="0" hai0="65,0,3,87,29,57,131,59,32,49,2,89,47" hai1="117,7,109,30,132,133,130,98,113,60,41,15,111" hai2="125,62,24,100,93,70,28,5,69,77,55,121,31" hai3="112,36,75,48,119,21,123,110,101,67,27,44,81"/><T33/><D131/><U85/><E117/><V102/><F121/><W84/><G75/><T80/><D29/><U46/><E130/><V135/><F125/><W71/><G119/><T25/><D25/><U38/><E113/><V43/><F135/><N who="1" m="51785" /><E30/><V114/><F114/><W50/><G112/><T79/><D79/><U91/><E98/><V108/><F108/><N who="1" m="41545" /><E7/><V66/><F69/><W18/><G110/><T4/><D4/><U34/><E15/><V115/><F115/><W99/><G67/><T17/><D17/><U105/><E105/><V45/><F5/><W19/><G71/><T116/><D116/><U129/><E129/><V97/><F77/><W94/><G123/><T26/><D26/><U103/><E103/><V6/><F6/><W58/><G18/><T127/><D127/><U104/><E104/><V92/><F55/><W83/><G84/><T126/><D126/><U128/><E128/><V120/><F120/><W95/><G95/><T76/><D76/><U8/><E8/><V16/><F93/><W10/><G10/><T122/><D122/><U56/><E85/><V52/><F102/><W82/><REACH who="3" step="1"/><G58/><REACH who="3" ten="250,250,250,240" step="2"/><T51/><D59/><U96/><E96/><V39/><REACH who="2" step="1"/><F52/><REACH who="2" ten="250,250,240,240" step="2"/><W61/><G61/><T68/><D0/><U22/><E60/><V42/><F42/><AGARI ba="1,2" hai="19,21,27,36,42,44,48,50,81,82,83,94,99,101" machi="42" ten="40,8000,1" yaku="1,1,52,3,53,1" doraHai="78" doraHaiUra="13" who="3" fromWho="2" sc="250,0,250,0,240,-83,240,103" /><INIT seed="1,0,0,3,5,51" ten="250,250,157,343" oya="1" hai0="103,110,90,118,11,50,122,14,73,20,57,94,33" hai1="100,74,54,52,18,95,99,126,81,45,108,79,89" hai2="129,109,42,135,3,13,48,49,30,38,10,92,17" hai3="32,36,96,98,123,75,43,12,19,102,8,69,21"/><U68/><E68/><V0/><F109/><W78/><G69/><T82/><D118/><U63/><E108/><V27/><F129/><W76/><G32/><T77/><D110/><U121/><E121/><V111/><F111/><W25/><G36/><T15/><D33/><U61/><E126/><V117/><F135/><W72/><G43/><T85/><D122/><U83/><E45/><V34/><F117/><W113/><G113/><T114/><D114/><U28/><E28/><V133/><F133/><W23/><G23/><T71/><D71/><U93/><E83/><V46/><F92/><W131/><G131/><T97/><D20/><U53/><REACH who="1" step="1"/><E18/><REACH who="1" ten="250,240,157,343" step="2"/><V7/><REACH who="2" step="1"/><F0/><REACH who="2" ten="250,240,147,343" step="2"/><W115/><G115/><T55/><REACH who="0" step="1"/><D11/><AGARI ba="0,2" hai="3,7,10,11,13,17,27,30,34,38,42,46,48,49" machi="11" ten="30,8000,1" yaku="1,1,2,1,7,1,53,2" doraHai="51" doraHaiUra="6" who="2" fromWho="0" sc="250,-80,240,0,147,100,343,0" /><INIT seed="2,0,0,5,2,27" ten="170,240,247,343" oya="2" hai0="118,88,11,86,60,126,103,125,135,112,108,111,100" hai1="50,67,73,10,24,18,89,96,115,74,122,116,65" hai2="93,35,14,51,56,42,134,66,129,128,107,105,131" hai3="69,109,26,106,104,5,76,130,41,97,120,71,90"/><V133/><F35/><W4/><G120/><T59/><D11/><U132/><E116/><V123/><F123/><W95/><G76/><T36/><D36/><U127/><E132/><N who="2" m="50795" /><F93/><W55/><G41/><T7/><D7/><U72/><E127/><N who="0" m="48649" /><D135/><U15/><E115/><V81/><F81/><W37/><G37/><T21/><D21/><U119/><E119/><V16/><F66/><W85/><G104/><N who="2" m="40009" /><F56/><W6/><G71/><T12/><D12/><U117/><E122/><V91/><F91/><W70/><G70/><T2/><D2/><U17/><E89/><V38/><F38/><W19/><G69/><T9/><D9/><U34/><E96/><V28/><F28/><W40/><G106/><T87/><D118/><U44/><E117/><V45/><F128/><W61/><G40/><T75/><D75/><U80/><E80/><V84/><F84/><N who="0" m="32298" /><D112/><U113/><E113/><V98/><F98/><W78/><G130/><T99/><D59/><U121/><E121/><V47/><F45/><W20/><G85/><T1/><D60/><U52/><REACH who="1" step="1"/><E18/><REACH who="1" ten="170,230,247,343" step="2"/><V46/><F46/><W22/><G78/><T77/><D77/><U30/><AGARI ba="0,1" hai="10,15,17,24,30,34,44,50,52,65,67,72,73,74" machi="30" ten="40,8000,1" yaku="1,1,2,1,0,1,52,1,54,1,53,0" doraHai="27" doraHaiUra="64" who="1" fromWho="1" sc="170,-20,230,90,247,-40,343,-20" /><INIT seed="3,0,0,1,1,116" ten="150,320,207,323" oya="3" hai0="12,47,95,88,81,75,103,26,102,0,49,107,78" hai1="74,69,114,123,106,50,46,113,55,89,108,80,16" hai2="9,83,84,18,51,87,64,111,93,37,90,32,92" hai3="133,96,115,70,132,68,30,86,62,127,8,117,118"/><W94/><G115/><T100/><D0/><U59/><E123/><V126/><F111/><W1/><G30/><T11/><D26/><U24/><E106/><V29/><F37/><W85/><G127/><T101/><N who="0" m="25600" /><DORA hai="28" /><T61/><D107/><U60/><E69/><V73/><F126/><W15/><G1/><T4/><D61/><U33/><E108/><V3/><F64/><W31/><G31/><T43/><REACH who="0" step="1"/><D95/><REACH who="0" ten="140,320,207,323" step="2"/><U52/><E60/><V2/><F93/><W54/><G117/><T5/><D5/><U63/><E24/><V10/><F2/><W6/><G118/><T125/><D125/><U79/><E114/><V35/><F3/><W41/><G68/><T128/><D128/><U58/><E63/><V42/><F92/><W120/><G70/><T119/><D119/><U130/><E130/><V36/><F32/><W98/><G62/><T48/><D48/><U56/><E33/><V67/><F51/><W39/><G94/><T53/><D53/><U7/><E55/><V91/><F35/><W77/><G54/><T44/><D44/><U97/><E7/><V34/><F34/><W38/><G6/><T129/><D129/><U131/><E131/><V110/><F110/><W112/><G112/><T22/><D22/><U20/><E113/><V122/><F67/><W134/><G134/><T19/><D19/><U14/><E46/><V23/><F23/><W104/><G104/><T40/><D40/><U25/><E25/><V121/><F18/><W71/><G41/><T82/><D82/><U27/><E27/><V13/><F29/><W65/><G132/><RYUUKYOKU ba="0,1" sc="140,15,320,15,207,-15,323,-15" hai0="4,11,12,43,47,49,75,78,81,88" hai1="14,16,20,50,52,56,58,59,74,79,80,89,97" owari="155,-34.5,345,44.5,192,-20.8,308,10.8" /></mjloggm>