<mjloggm ver="2.3"><GO type="225" lobby="0"/><UN n0="%E5%A4%9C%E3%81%AE%E3%82%AC%E3%82%B9%E3%83%91%E3%83%BC%E3%83%AB" n1="%4C%4F%4C%49%54%41" n2="%E3%81%82%E3%82%93%E3%81%AA%E3%81%A4" n3="%79%75%72%69%6D%6F%67" dan="16,16,17,16" rate="2130.94,2154.16,2172.38,2127.90" sx="M,F,M,F"/><TAIKYOKU oya="0"/><INIT seed="0,0,0,1,3,108" ten="250,250,250,250" oya="0" hai0="131,89,96,41,103,88,22,15,124,71,128,58,21" hai1="82,70,90,18,80,47,45,73,87,126,25,105,122" hai2="120,44,51,5,93,53,40,37,130,94,104,74,114" hai3="62,106,56,84,57,19,64,86,113,1,29,42,115"/><T102/><D71/><U116/><E116/><V60/><F120/><W132/><G106/><T97/><D124/><U76/><E122/><V39/><F104/><W11/><G29/><T81/><D41/><U38/><E70/><V6/><F74/><W35/><G35/><T49/><D49/><U121/><E121/><V75/><F75/><W36/><G36/><T52/><D58/><U7/><E126/><V55/><F130/><N who="0" m="49706" /><D52/><N who="2" m="20042" /><F39/><W4/><G56/><T123/><D123/><U134/><E105/><V85/><F114/><W2/><G2/><T79/><D79/><U100/><E76/><V125/><F37/><W68/><G68/><T111/><D111/><U66/><E45/><V23/><F60/><W117/><G117/><T43/><D43/><U135/><E47/><V12/><F125/><W9/><G132/><T26/><D15/><U112/><E38/><V101/><F101/><N who="0" m="38410" /><D81/><U63/><E82/><V20/><F94/><W95/><G42/><T67/><D67/><U65/><E65/><V77/><F77/><W3/><G95/><T32/><D32/><U31/><E66/><V83/><F83/><W27/><G86/><T14/><D14/><U30/><E80/><V133/><F12/><W59/><G84/><T69/><D69/><U50/><E87/><V54/><F40/><W24/><G59/><T13/><D13/><U61/><E63/><V118/><F118/><W98/><G98/><N who="0" m="37995" /><D26/><U92/><E25/><V99/><F99/><W46/><G27/><T33/><D33/><U72/><E100/><V110/><F51/><W10/><G24/><T17/><D17/><RYUUKYOKU ba="0,0" sc="250,30,250,-10,250,-10,250,-10" hai0="21,22,88,89" /><INIT seed="0,1,0,3,5,121" ten="280,240,240,240" oya="0" hai0="25,46,59,129,94,135,76,7,108,131,56,36,58" hai1="72,97,12,115,63,40,66,102,1,26,35,81,50" hai2="111,83,68,125,54,53,32,84,24,93,4,74,92" hai3="106,45,11,10,79,89,18,124,116,28,21,27,42"/><T5/><D135/><U82/><E1/><V130/><F68/><W44/><G116/><T48/><D36/><U95/><E115/><V73/><F130/><N who="0" m="49674" /><D108/><U17/><E35/><V71/><F71/><W105/><G124/><T67/><D67/><U29/><E72/><V20/><F32/><W41/><G79/><T69/><D69/><U86/><E29/><V31/><F125/><W80/><G106/><T128/><N who="0" m="49682" /><T109/><DORA hai="39" /><D109/><U65/><E26/><V43/><F111/><W96/><G105/><T47/><D76/><U117/><E117/><V55/><F4/><N who="0" m="1610" /><D25/><U70/><E66/><V98/><F43/><N who="3" m="16395" /><G28/><T133/><D133/><U85/><E70/><V38/><F38/><W107/><G107/><T123/><D123/><U16/><E65/><V23/><F31/><W120/><G120/><T88/><D48/><U30/><E50/><V134/><F134/><W57/><G57/><T104/><D104/><U114/><E30/><V77/><F77/><W90/><G80/><T122/><D122/><U87/><E81/><V49/><F83/><W34/><G34/><T13/><D13/><U100/><E12/><V64/><F49/><W127/><G127/><T52/><D52/><U61/><E82/><V15/><F54/><W6/><G6/><T110/><D110/><U126/><E126/><V119/><F55/><W9/><G96/><AGARI ba="1,0" hai="46,47,56,58,59,88,94,96" m="1610,49682" machi="96" ten="50,4800,0" yaku="19,1,54,1" doraHai="121,39" who="0" fromWho="3" sc="280,51,240,0,240,0,240,-51" /><INIT seed="0,2,0,5,5,104" ten="331,240,240,189" oya="0" hai0="34,100,98,16,94,25,69,17,92,26,93,102,74" hai1="115,14,29,112,58,50,114,129,78,42,117,38,22" hai2="75,53,111,40,49,8,127,52,133,4,48,45,51" hai3="33,43,18,123,2,20,105,91,110,88,37,28,103"/><T128/><D69/><U66/><E66/><V106/><BYE who="1" /><F106/><W24/><G110/><T119/><D119/><U132/><E132/><V120/><F111/><W79/><G123/><T36/><D36/><U0/><E0/><UN n1="%4C%4F%4C%49%54%41" /><V80/><F120/><W124/><G124/><T23/><D128/><U32/><E117/><V116/><F116/><W65/><G65/><T125/><D125/><U56/><E129/><V97/><F97/><W126/><G126/><T39/><D39/><U85/><E38/><N who="2" m="21655" /><F133/><W107/><G2/><T81/><D100/><U89/><E78/><N who="2" m="44127" /><F127/><W54/><G54/><T47/><D47/><N who="1" m="25975" /><E32/><V62/><F62/><W41/><G105/><T109/><D109/><U11/><E22/><V6/><F6/><W118/><G118/><T70/><D102/><U113/><E29/><V134/><F134/><W130/><G130/><T9/><D98/><U35/><N who="1" m="28672" /><DORA hai="90" /><U64/><E35/><V10/><F10/><W5/><G5/><T13/><D34/><U84/><E64/><V99/><F99/><W76/><G103/><T1/><D1/><AGARI ba="2,0" hai="1,4,8,48,49,51,52,53" m="44127,21655" machi="1" ten="30,3900,0" yaku="25,1,52,1,54,1" doraHai="104,90" who="2" fromWho="0" sc="331,-45,240,0,240,45,189,0" /><INIT seed="1,0,0,2,3,54" ten="286,240,285,189" oya="1" hai0="41,53,103,26,22,113,35,109,55,72,5,31,14" hai1="125,126,102,12,18,73,83,62,17,86,93,107,80" hai2="75,82,90,43,34,122,61,104,46,112,108,23,57" hai3="25,77,79,20,133,123,60,114,28,87,96,115,124"/><U27/><E107/><V88/><F122/><W2/><G123/><T3/><D113/><U127/><E73/><V65/><F34/><W15/><G124/><T132/><D72/><U4/><E4/><V30/><F104/><W92/><G2/><T1/><D109/><U101/><E27/><V21/><F112/><W68/><G133/><T105/><D132/><U40/><E40/><V76/><F108/><W63/><G114/><T64/><D64/><U118/><E118/><V48/><REACH who="2" step="1"/><F30/><REACH who="2" ten="286,240,275,189" step="2"/><W11/><G115/><T95/><D35/><U106/><E106/><V29/><F29/><W70/><G70/><T74/><D105/><U81/><E126/><V42/><F42/><W71/><G71/><T59/><D31/><U44/><E127/><V58/><F58/><W98/><G68/><T16/><D59/><U8/><E125/><V47/><F47/><W36/><G36/><T97/><D41/><U85/><E44/><V52/><F52/><W50/><G50/><T45/><D55/><U69/><E69/><V129/><F129/><W84/><G63/><T56/><D45/><U94/><E62/><V67/><F67/><W6/><G60/><T119/><D56/><U78/><E18/><V121/><F121/><W39/><G39/><T10/><D53/><U49/><E49/><V128/><F128/><W117/><G117/><T33/><D119/><U116/><E116/><V111/><F111/><W24/><G28/><T9/><D33/><U130/><E130/><V135/><F135/><W7/><G6/><T99/><D5/><U110/><E110/><V32/><F32/><RYUUKYOKU ba="0,1" sc="286,-10,240,-10,275,30,189,-10" hai2="21,23,43,46,48,57,61,65,75,76,82,88,90" /><INIT seed="2,1,1,1,5,70" ten="276,230,305,179" oya="2" hai0="18,100,116,114,87,31,77,35,24,62,48,58,127" hai1="63,106,57,0,33,133,20,8,94,107,118,1,59" hai2="47,101,88,26,91,41,135,80,104,23,66,73,81" hai3="15,28,92,110,76,64,90,56,132,2,125,84,49"/><V131/><F135/><W42/><G110/><T111/><D114/><U96/><E33/><V85/><F66/><W72/><G125/><T9/><D111/><U50/><E118/><V128/><F101/><W4/><G2/><T67/><D127/><U105/><E133/><V82/><F104/><W69/><G69/><T46/><D116/><U75/><E75/><V10/><F10/><W123/><G132/><T29/><D100/><U134/><E134/><V102/><F102/><W40/><G123/><T25/><D35/><U45/><E8/><V52/><F73/><W95/><G72/><T27/><D77/><U122/><E122/><V36/><F52/><W120/><G76/><T5/><D87/><U124/><E20/><V55/><F55/><W126/><G120/><T13/><REACH who="0" step="1"/><D5/><REACH who="0" ten="266,230,305,179" step="2"/><U39/><E124/><V19/><REACH who="2" step="1"/><F91/><REACH who="2" ten="266,230,295,179" step="2"/><W112/><G90/><T16/><D16/><U6/><E106/><V54/><F54/><AGARI ba="1,3" hai="9,13,18,24,25,27,29,31,46,48,54,58,62,67" machi="54" ten="40,5200,0" yaku="1,1,8,1,53,1" doraHai="70" doraHaiUra="53" who="0" fromWho="2" sc="266,85,230,0,295,-55,179,0" /><INIT seed="3,0,0,3,2,85" ten="351,230,240,179" oya="3" hai0="112,3,121,26,105,115,128,127,72,45,39,28,76" hai1="46,93,20,44,4,120,98,80,22,34,47,64,9" hai2="61,51,0,12,102,19,107,16,70,57,111,15,88" hai3="31,117,69,55,81,94,27,14,24,68,86,135,113"/><W66/><G113/><N who="0" m="43595" /><D128/><U8/><E34/><V104/><F0/><W124/><G117/><T92/><D127/><U100/><E120/><V48/><F70/><W2/><G124/><T134/><D105/><U122/><E122/><V41/><F102/><W17/><G2/><T133/><D121/><U95/><E64/><V30/><F30/><W65/><G135/><T71/><D71/><U132/><E132/><V106/><F111/><W103/><G69/><T130/><D130/><U116/><E116/><V54/><F41/><W114/><G68/><T23/><D92/><U13/><E80/><V91/><F51/><W96/><G114/><T110/><D3/><U6/><E95/><V74/><F74/><W109/><G109/><T35/><D35/><U52/><E52/><V1/><F1/><W50/><G66/><T21/><D21/><N who="1" m="8299" /><E9/><V99/><F99/><W32/><G65/><T5/><D110/><U119/><E119/><V43/><F43/><W67/><G67/><T89/><D76/><U83/><E83/><V126/><F126/><W38/><G38/><T123/><D72/><U87/><E87/><V33/><F33/><W129/><G129/><T82/><D123/><U18/><AGARI ba="0,0" hai="4,6,8,13,18,44,46,47,93,98,100" m="8299" machi="18" ten="30,1100,0" yaku="8,1" doraHai="85" who="1" fromWho="1" sc="351,-3,230,11,240,-3,179,-5" owari="348,44.8,241,4.1,237,-16.3,174,-32.6" /></mjloggm>