<mjloggm ver="2.3"><GO type="225" lobby="0"/><UN n0="%E8%83%83%E3%81%A8%E8%85%B8" n1="%E3%81%A9%E3%82%8F%E3%82%93%E3%81%94" n2="%E3%81%B5%E3%81%98%E3%81%8B%E3%81%A4" n3="%E5%B5%90%E9%9B%B2%E3%81%AE%E3%82%AB%E3%83%A9%E3%82%B9" dan="17,16,16,16" rate="2178.61,2100.81,2127.82,2067.91" sx="M,M,M,F"/><TAIKYOKU oya="0"/><INIT seed="0,0,0,1,2,1" ten="250,250,250,250" oya="0" hai0="53,66,132,93,74,18,71,90,38,80,129,24,49" hai1="3,34,131,9,102,85,46,113,16,133,0,29,57" hai2="43,10,54,51,67,76,107,17,12,91,11,56,78" hai3="95,6,108,41,103,13,97,32,114,111,115,5,20"/><T128/><D38/><U122/><E102/><V72/><F107/><W8/><G32/><T4/><D132/><U19/><E85/><V60/><F72/><W86/><G41/><T50/><D66/><U117/><E57/><V61/><F43/><W33/><G33/><T98/><D71/><U15/><E46/><V70/><F60/><W26/><G86/><T42/><D42/><U27/><E122/><V121/><F121/><W106/><G106/><T73/><D49/><U83/><E83/><V59/><F70/><W116/><G116/><T23/><D4/><N who="3" m="1641" /><G13/><T2/><D2/><N who="1" m="555" /><E117/><V55/><F10/><W39/><G8/><T135/><D135/><U14/><E133/><V64/><REACH who="2" step="1"/><F91/><REACH who="2" ten="250,250,240,250" step="2"/><W126/><G39/><T62/><D62/><U21/><E113/><V22/><F22/><W44/><G115/><T81/><D73/><U25/><E131/><N who="0" m="50249" /><D74/><U52/><E52/><V47/><F47/><AGARI ba="0,1" hai="18,23,24,47,50,53,80,81,90,93,98" m="50249" machi="47" ten="30,1500,0" yaku="19,1" doraHai="1" who="0" fromWho="2" sc="250,25,250,0,240,-15,250,0" /><INIT seed="0,1,0,3,2,106" ten="275,250,225,250" oya="0" hai0="114,104,117,88,24,57,41,56,42,91,69,99,3" hai1="94,82,44,113,110,109,125,97,84,58,102,120,90" hai2="48,37,98,70,25,116,54,67,30,83,47,52,22" hai3="53,23,134,105,92,93,124,39,20,86,78,64,103"/><T115/><D69/><U13/><E120/><V51/><F116/><W62/><G39/><T4/><D117/><U74/><E44/><V45/><F37/><W68/><G134/><T61/><D104/><N who="1" m="63567" /><E58/><V12/><F70/><W19/><G124/><T46/><D46/><U14/><E14/><V55/><F67/><W31/><G105/><T50/><D50/><U18/><E125/><V128/><F128/><W80/><G103/><T49/><D49/><U79/><E113/><V63/><F98/><W0/><G0/><T16/><D99/><U1/><E1/><V2/><F2/><W59/><G31/><T119/><D3/><U87/><E87/><V10/><F83/><W9/><G9/><AGARI ba="1,0" hai="9,13,18,74,79,82,84,90,94,109,110" m="63567" machi="9" ten="30,2000,0" yaku="24,1,52,1" doraHai="106" who="1" fromWho="3" sc="275,0,250,23,225,0,250,-23" /><INIT seed="1,0,0,2,1,113" ten="275,273,225,227" oya="1" hai0="99,121,77,33,15,5,31,16,127,12,40,78,28" hai1="104,73,29,13,83,49,39,95,23,11,101,84,114" hai2="111,125,72,37,87,25,106,118,7,4,69,58,102" hai3="0,85,88,86,35,108,76,50,47,119,27,109,14"/><U98/><E114/><V122/><F122/><W51/><G0/><T71/><D71/><U129/><E39/><V17/><F69/><W100/><G100/><T80/><D121/><U133/><E129/><V124/><F72/><W68/><G68/><T120/><D120/><U65/><E133/><V2/><F37/><W45/><G14/><T60/><D40/><U67/><E49/><V130/><F106/><W63/><G63/><T115/><D115/><U70/><E70/><V92/><F58/><W131/><G131/><T43/><D43/><U116/><E116/><V94/><F130/><W9/><G9/><N who="0" m="4143" /><D33/><U74/><E74/><V126/><F2/><W26/><G76/><T89/><D127/><U91/><E23/><N who="2" m="13551" /><F111/><W53/><G35/><T57/><D77/><N who="1" m="44463" /><E29/><V36/><F36/><W19/><G19/><AGARI ba="0,0" hai="11,13,19,65,67,84,91,95,98,101,104" m="44463" machi="19" ten="30,1500,0" yaku="24,1" doraHai="113" who="1" fromWho="3" sc="275,0,273,15,225,0,227,-15" /><INIT seed="1,1,0,4,4,120" ten="275,288,225,212" oya="1" hai0="77,36,10,128,98,58,133,48,66,56,39,21,19" hai1="86,131,129,84,106,46,112,75,122,87,79,43,38" hai2="47,31,37,91,118,117,73,2,94,33,11,113,54" hai3="76,62,1,126,8,22,90,45,14,96,78,116,105"/><U27/><E122/><V40/><F113/><W68/><G126/><T4/><D128/><N who="1" m="49227" /><E112/><V67/><F67/><W41/><G116/><T95/><D133/><U71/><E106/><V100/><F100/><W70/><G1/><T135/><D135/><U134/><E71/><V64/><F64/><W23/><G62/><T25/><D77/><U132/><E27/><V50/><F73/><W34/><G34/><T61/><D48/><U18/><E18/><V5/><F31/><W17/><G105/><T65/><D65/><U60/><E60/><V115/><F33/><W57/><G57/><T101/><REACH who="0" step="1"/><D56/><REACH who="0" ten="265,288,225,212" step="2"/><U24/><E134/><V82/><F115/><W6/><G70/><T29/><D29/><U111/><E132/><V81/><F118/><W51/><G68/><T97/><D97/><U124/><E79/><V80/><F117/><W114/><G114/><T119/><D119/><U12/><E124/><V7/><F37/><W110/><G78/><T130/><D130/><U52/><E75/><V104/><F54/><W107/><G76/><T72/><D72/><U9/><E52/><V32/><F50/><W28/><G51/><T125/><D125/><U93/><E38/><V109/><F40/><W42/><G41/><T127/><D127/><U92/><E43/><V88/><F47/><W121/><G45/><T55/><D55/><U35/><E46/><V85/><F85/><W49/><G42/><T63/><D63/><U44/><E44/><V26/><F32/><W15/><G49/><T103/><D103/><U108/><E35/><V59/><F59/><W3/><G28/><RYUUKYOKU ba="1,1" sc="265,30,288,-10,225,-10,212,-10" hai0="4,10,19,21,25,36,39,58,61,66,95,98,101" /><INIT seed="2,2,1,5,1,31" ten="295,278,215,202" oya="2" hai0="51,36,18,97,42,81,123,118,101,45,84,100,22" hai1="92,17,30,44,134,106,71,127,38,78,125,54,11" hai2="85,105,107,6,113,2,91,10,49,116,82,28,80" hai3="90,70,133,63,131,128,108,8,67,53,103,58,69"/><V73/><F113/><W29/><G108/><T95/><D123/><U35/><E106/><V98/><F116/><W135/><G103/><T16/><D118/><U76/><E71/><N who="3" m="27146" /><G90/><N who="0" m="55543" /><D36/><U9/><E134/><N who="3" m="51210" /><G8/><N who="1" m="3146" /><E17/><N who="0" m="6761" /><D22/><U1/><E1/><V129/><F129/><N who="3" m="49739" /><G29/><T120/><D120/><U43/><E30/><V77/><F28/><W12/><G12/><T119/><D119/><U40/><E78/><AGARI ba="2,1" hai="42,45,51,78,81,84,100,101" m="6761,55543" machi="78" ten="30,2000,0" yaku="8,1,54,1" doraHai="31" who="0" fromWho="1" sc="295,36,278,-26,215,0,202,0" /><INIT seed="3,0,0,1,0,133" ten="331,252,215,202" oya="3" hai0="70,16,116,35,59,134,28,24,101,98,108,94,125" hai1="40,115,58,74,83,9,113,18,135,128,15,88,3" hai2="57,124,73,103,26,22,39,75,100,12,2,92,8" hai3="61,110,129,51,5,127,45,89,96,82,38,132,122"/><W64/><G122/><T130/><D125/><U99/><E135/><V60/><F39/><W80/><G132/><T104/><D70/><U29/><E3/><V20/><F124/><W25/><G38/><T30/><D116/><U55/><E40/><V119/><F2/><W97/><G129/><T77/><D104/><U93/><E29/><N who="2" m="17607" /><F22/><W62/><G127/><T114/><D134/><U84/><E74/><V121/><F121/><W37/><G37/><T44/><D114/><U0/><E0/><V27/><F27/><W43/><G25/><T17/><D30/><U36/><E36/><V41/><F41/><W54/><G110/><T52/><D108/><U53/><E53/><N who="2" m="33839" /><F75/><W31/><G31/><T56/><D35/><U34/><E34/><V107/><F73/><W48/><G5/><T112/><D112/><U1/><E1/><V33/><F107/><W69/><G62/><T63/><D28/><U117/><E128/><V91/><F33/><W66/><G66/><T90/><D24/><U32/><E32/><V50/><F50/><W11/><G11/><T21/><D21/><U14/><E14/><V42/><F42/><W68/><G69/><T86/><D17/><U123/><E117/><V79/><F79/><W87/><REACH who="3" step="1"/><G80/><REACH who="3" ten="331,252,215,192" step="2"/><N who="0" m="47375" /><D130/><U72/><E123/><V118/><F118/><W4/><G4/><T6/><D6/><U46/><E115/><V111/><F119/><W85/><G85/><N who="0" m="52559" /><D63/><N who="1" m="36319" /><E72/><V76/><F111/><W7/><G7/><T67/><D67/><U109/><E113/><V13/><F8/><W105/><G105/><N who="0" m="63671" /><D16/><U65/><E109/><V102/><F76/><RYUUKYOKU ba="0,1" sc="331,10,252,-30,215,10,192,10" hai0="44,52,56,59" hai2="12,13,91,92,100,102,103" hai3="43,45,48,51,54,61,64,68,82,87,89,96,97" /><INIT seed="3,1,1,4,4,60" ten="341,222,225,202" oya="3" hai0="113,51,29,79,118,129,1,77,35,50,13,15,42" hai1="62,55,69,116,74,83,38,5,54,82,4,81,10" hai2="27,68,86,84,30,28,117,31,115,65,93,57,43" hai3="122,126,63,56,127,90,45,134,112,80,58,46,88"/><W85/><G122/><T101/><D1/><U108/><E38/><V26/><F68/><W59/><G112/><T92/><D118/><U17/><E116/><V47/><F117/><W95/><G134/><T25/><D129/><U105/><E105/><V9/><F9/><W14/><G14/><T23/><D113/><U78/><E108/><V97/><F115/><W104/><G104/><T20/><D35/><U24/><E69/><V37/><F84/><W106/><G106/><T39/><D39/><U18/><E74/><V103/><F86/><N who="3" m="52631" /><G63/><T102/><D92/><U41/><E41/><V48/><F37/><W53/><G53/><N who="1" m="19978" /><E62/><AGARI ba="1,1" hai="26,27,28,30,31,43,47,48,57,62,65,93,97,103" machi="62" ten="40,2600,0" yaku="8,1,52,1" doraHai="60" who="2" fromWho="1" sc="341,0,222,-29,225,39,202,0" owari="341,44.1,193,-30.7,264,6.4,202,-19.8" /></mjloggm>