<mjloggm ver="2.3"><GO type="225" lobby="0"/><UN n0="%E5%B8%86%E7%AB%8B%E5%A4%8F%E8%A1%A3" n1="%E3%81%99%E3%81%84%E3%81%BE%E3%81%9B%E3%83%BC%E3%82%93" n2="%72%69%6F%75%63%68%61%6E" n3="%E3%83%B4%E3%82%A3%E3%83%AF%E3%82%B3%E3%82%B0%E3%83%8B" dan="17,16,17,16" rate="2148.36,2156.22,2243.17,2147.92" sx="M,M,M,M"/><TAIKYOKU oya="0"/><INIT seed="0,0,0,4,1,8" ten="250,250,250,250" oya="0" hai0="36,57,81,73,89,56,108,31,33,1,97,68,32" hai1="16,112,87,28,134,59,92,121,25,110,125,84,51" hai2="22,95,0,60,128,49,80,15,90,124,69,45,72" hai3="104,96,29,6,26,4,101,106,11,38,30,118,75"/><T91/><D68/><U76/><E121/><V102/><F124/><W129/><G118/><T115/><D36/><U62/><E125/><V85/><F128/><W58/><G129/><T113/><D1/><U107/><E107/><V46/><F0/><W19/><G75/><T79/><D108/><U2/><E2/><V122/><F122/><W63/><G106/><T131/><D131/><U66/><E110/><V71/><F60/><W61/><G38/><T94/><D31/><U65/><E65/><V114/><F114/><W135/><G135/><T39/><D39/><U74/><E74/><V99/><F45/><W67/><G61/><T64/><D64/><U109/><E134/><V130/><F130/><W14/><REACH who="3" step="1"/><G30/><REACH who="3" ten="250,250,250,240" step="2"/><T100/><D115/><U48/><E28/><V53/><REACH who="2" step="1"/><F72/><REACH who="2" ten="250,250,240,240" step="2"/><W70/><G70/><T43/><D113/><U88/><E112/><V77/><F77/><W47/><G47/><T82/><D73/><U132/><E132/><V40/><F40/><W34/><AGARI ba="0,2" hai="4,6,11,14,19,26,29,34,58,63,67,96,101,104" machi="34" ten="20,5200,0" yaku="1,1,0,1,7,1,52,1,53,0" doraHai="8" doraHaiUra="133" who="3" fromWho="3" sc="250,-26,250,-13,240,-13,240,72" /><INIT seed="1,0,0,0,5,22" ten="224,237,227,312" oya="1" hai0="28,124,99,44,73,6,74,17,98,42,24,91,89" hai1="1,77,133,14,120,118,21,68,40,2,16,67,106" hai2="112,63,87,135,54,31,12,32,127,122,34,39,95" hai3="128,56,69,30,29,51,0,33,27,116,110,23,84"/><U114/><E106/><V103/><F122/><W62/><G0/><T10/><D124/><U50/><E114/><V43/><F127/><W109/><G128/><T113/><D113/><U49/><E120/><V18/><F135/><W76/><G116/><T100/><D74/><U36/><E118/><V7/><F112/><W75/><G75/><T38/><D73/><U93/><E133/><V59/><F7/><W82/><G69/><T4/><D17/><U119/><E119/><V15/><F15/><W57/><G51/><T129/><D129/><U60/><E77/><V108/><F108/><N who="3" m="41579" /><G62/><T104/><D99/><U88/><E36/><V52/><F31/><W132/><G132/><T125/><D4/><U80/><E80/><V20/><F54/><W126/><G126/><T58/><D58/><U25/><E14/><V70/><F70/><W5/><G5/><T53/><D53/><U101/><E101/><V115/><F115/><W94/><G94/><T130/><D130/><U131/><E131/><V92/><F92/><W111/><G111/><T71/><D71/><U45/><E50/><V26/><F12/><W61/><G61/><T117/><D117/><U46/><E45/><V55/><F55/><W9/><G9/><T97/><D125/><U13/><E13/><V78/><F103/><W85/><G85/><AGARI ba="0,0" hai="1,2,16,21,25,40,46,49,60,67,68,85,88,93" machi="85" ten="30,11600,0" yaku="7,1,52,1,54,2" doraHai="22" who="1" fromWho="3" sc="224,0,237,116,227,0,312,-116" /><INIT seed="1,1,0,5,4,54" ten="224,353,227,196" oya="1" hai0="117,95,121,5,69,66,55,98,91,24,26,6,45" hai1="78,134,108,73,122,42,130,31,21,94,70,8,0" hai2="53,114,62,41,74,110,118,57,99,38,16,124,46" hai3="23,132,127,109,7,12,88,11,36,87,116,75,80"/><U100/><E122/><V32/><F118/><W67/><G109/><T131/><D117/><U76/><E70/><V71/><F32/><W47/><G116/><T105/><D121/><U59/><E73/><V85/><F74/><W50/><G132/><T96/><D131/><U34/><E34/><V40/><F110/><W93/><G127/><T126/><D126/><U37/><E134/><V90/><F124/><W63/><G36/><T103/><D66/><U20/><E31/><V123/><F123/><W58/><G23/><T120/><D69/><U135/><E130/><V89/><F114/><W22/><G22/><T84/><D98/><U43/><E37/><V52/><F71/><W125/><G125/><T2/><D120/><U15/><E0/><V14/><F99/><W39/><G39/><T133/><D133/><U83/><E108/><V30/><F30/><W49/><REACH who="3" step="1"/><G47/><REACH who="3" ten="224,353,227,186" step="2"/><T102/><D45/><U18/><E21/><N who="2" m="11415" /><F38/><W35/><G35/><T13/><D26/><U19/><E135/><V128/><F128/><W4/><G4/><T44/><D24/><U29/><E29/><V79/><F79/><AGARI ba="1,1" hai="7,11,12,49,50,58,63,67,75,79,80,87,88,93" machi="79" ten="40,8000,1" yaku="1,1,52,1,54,1,53,1" doraHai="54" doraHaiUra="10" who="3" fromWho="2" sc="224,0,353,0,227,-83,186,93" /><INIT seed="2,0,0,5,5,6" ten="224,353,144,279" oya="2" hai0="133,77,112,100,122,116,10,86,83,48,117,65,106" hai1="14,115,4,111,35,27,2,87,64,135,29,12,80" hai2="73,42,49,78,132,63,37,43,9,108,56,118,57" hai3="55,121,130,129,67,54,24,81,45,127,30,58,107"/><V1/><F118/><N who="0" m="45674" /><D112/><U134/><E115/><V40/><F132/><N who="1" m="50729" /><E111/><V74/><F108/><W88/><G107/><T69/><D133/><U26/><E64/><V70/><F37/><W126/><G121/><T41/><D122/><U124/><E124/><N who="3" m="47658" /><G45/><N who="0" m="25647" /><D10/><N who="1" m="2327" /><E27/><V23/><F23/><W3/><G3/><T7/><D7/><U92/><E92/><V104/><F104/><W46/><G46/><T33/><D33/><U123/><E123/><V99/><F99/><W114/><G114/><T89/><D65/><U90/><AGARI ba="0,0" hai="12,14,26,29,35,80,87,90" m="2327,50729" machi="90" ten="30,2000,0" yaku="20,1,52,1" doraHai="6" who="1" fromWho="1" sc="224,-5,353,20,144,-10,279,-5" /><INIT seed="3,0,0,5,1,114" ten="219,373,134,274" oya="3" hai0="74,117,89,81,125,101,90,44,6,91,123,70,64" hai1="22,63,124,95,82,46,128,79,100,135,19,116,78" hai2="96,27,29,39,55,75,73,65,37,104,60,134,92" hai3="4,23,31,133,16,93,35,3,54,1,38,47,76"/><W40/><G133/><T118/><D123/><U30/><E116/><N who="0" m="44649" /><D44/><U110/><E110/><V53/><F134/><W131/><G131/><T67/><D6/><U41/><E124/><V42/><F42/><W21/><G76/><N who="0" m="44183" /><D70/><U121/><E128/><V62/><F62/><W86/><G35/><T34/><D34/><U14/><E63/><V111/><F111/><W97/><G31/><T36/><D36/><U24/><E82/><V119/><F119/><W43/><G86/><T113/><D64/><U72/><E72/><V132/><F132/><W20/><G40/><T84/><D67/><U5/><E5/><V103/><F75/><W2/><G54/><T28/><D28/><U59/><E59/><V66/><F73/><W13/><REACH who="3" step="1"/><G4/><REACH who="3" ten="219,373,134,264" step="2"/><T18/><D113/><U122/><E135/><V8/><F66/><W115/><G115/><T87/><D18/><U50/><E122/><V88/><F53/><W10/><G10/><T51/><D125/><U102/><E121/><V17/><F55/><W71/><G71/><T108/><D108/><U112/><E112/><V120/><F120/><W45/><G45/><T12/><D87/><U105/><E30/><V26/><F8/><W56/><G56/><T49/><D84/><U85/><E85/><N who="2" m="52239" /><F17/><W9/><G9/><T126/><D126/><U99/><E19/><V7/><F7/><W11/><G11/><T48/><D12/><U129/><E14/><V58/><F29/><W107/><G107/><T68/><D68/><U127/><E127/><V15/><F15/><W52/><G52/><T80/><D80/><U83/><E83/><RYUUKYOKU ba="0,1" sc="219,10,373,-30,134,10,264,10" hai0="48,49,51,89,90,91,101" hai2="26,27,37,39,58,60,65,96,103,104" hai3="1,2,3,13,16,20,21,23,38,43,47,93,97" /><INIT seed="3,1,1,0,1,126" ten="229,343,144,274" oya="3" hai0="41,75,89,67,24,27,96,63,45,2,31,33,83" hai1="97,5,70,46,13,6,11,18,47,95,39,114,85" hai2="111,74,77,23,113,134,87,14,55,84,98,3,66" hai3="48,122,102,52,9,116,0,88,62,7,68,53,106"/><W57/><G122/><T133/><D133/><U131/><E131/><V108/><F113/><W81/><G116/><T37/><D27/><U125/><E70/><V118/><F3/><W123/><G123/><T110/><D89/><U25/><E125/><V135/><F66/><W1/><G106/><T132/><D132/><N who="2" m="50730" /><F55/><W59/><G102/><T128/><D128/><U49/><E39/><V26/><F14/><W119/><G119/><T61/><D61/><U90/><E114/><V36/><F36/><W72/><G68/><N who="0" m="42111" /><D96/><U17/><E97/><V76/><F23/><W12/><REACH who="3" step="1"/><G72/><REACH who="3" ten="229,343,144,264" step="2"/><T120/><D120/><U19/><E5/><V79/><F118/><W69/><G69/><T129/><D129/><U93/><E93/><V16/><F74/><W54/><G54/><T99/><D75/><U4/><E4/><V10/><F10/><W86/><AGARI ba="1,2" hai="0,1,7,9,12,48,52,53,57,59,62,81,86,88" machi="86" ten="30,11700,0" yaku="1,1,0,1,54,2,53,0" doraHai="126" doraHaiUra="104" who="3" fromWho="3" sc="229,-40,343,-40,144,-40,264,140" owari="189,-21.1,303,10.3,104,-39.6,404,50.4" /></mjloggm>