<mjloggm ver="2.3"><GO type="225" lobby="0"/><UN n0="%E9%B3%B3%E6%9D%B1%E3%81%AE%E3%81%86%E3%81%95%E3%81%8E%E3%81%95%E3%82%93" n1="%6D%75%75%6D%75%72%61" n2="%E3%81%99%E3%81%84%E3%81%BE%E3%81%9B%E3%83%BC%E3%82%93" n3="%E3%82%B7%E3%83%B3%E5%A4%AA%E6%9C%97" dan="16,16,17,16" rate="2104.00,2096.85,2132.82,2158.35" sx="M,F,M,M"/><TAIKYOKU oya="0"/><INIT seed="0,0,0,4,1,132" ten="250,250,250,250" oya="0" hai0="88,26,105,99,67,97,107,66,28,45,86,37,59" hai1="113,109,89,25,46,29,80,27,130,71,39,75,83" hai2="62,128,58,51,87,2,82,47,22,38,73,21,68" hai3="56,78,120,53,96,33,74,119,32,5,121,42,94"/><T90/><D90/><U112/><E109/><V12/><F2/><W4/><G42/><T65/><D59/><U95/><E71/><V8/><F73/><W125/><G119/><T76/><D76/><U111/><E111/><V40/><F38/><W116/><G116/><T24/><D37/><U10/><E130/><V103/><F103/><W122/><G78/><T52/><D105/><U108/><E108/><V9/><F68/><W60/><G74/><T100/><D99/><U102/><E102/><V11/><F12/><W50/><G50/><T123/><D123/><U48/><E39/><V7/><F7/><N who="3" m="2635" /><G125/><T118/><D118/><U36/><E75/><V43/><F43/><W16/><G16/><T93/><REACH who="0" step="1"/><D28/><REACH who="0" ten="240,250,250,250" step="2"/><U134/><E29/><V106/><F106/><W20/><G96/><T23/><D23/><U61/><E36/><V15/><F128/><W129/><G129/><T110/><D110/><U1/><E89/><N who="2" m="51447" /><F15/><W31/><G94/><T133/><D133/><U117/><E95/><V44/><F44/><W72/><G31/><T63/><D63/><U92/><E61/><V34/><F34/><W114/><G20/><T49/><AGARI ba="0,1" hai="24,26,45,49,52,65,66,67,86,88,93,97,100,107" machi="49" ten="30,11700,0" yaku="1,1,0,1,54,2,53,0" doraHai="132" doraHaiUra="64" who="0" fromWho="0" sc="240,127,250,-39,250,-39,250,-39" /><INIT seed="0,1,0,3,5,16" ten="367,211,211,211" oya="0" hai0="75,123,42,114,41,4,104,118,56,78,130,124,73" hai1="21,17,102,12,92,18,112,106,96,53,93,47,25" hai2="95,59,84,107,27,113,20,77,132,110,99,71,90" hai3="9,0,98,5,19,7,120,119,76,83,46,39,134"/><T63/><D114/><U115/><E53/><V43/><F113/><N who="1" m="43593" /><E47/><V31/><F110/><W109/><G119/><T34/><D118/><U100/><E100/><V117/><F117/><W87/><G109/><T28/><D123/><U72/><E72/><V11/><F71/><W127/><G127/><T24/><D124/><U23/><AGARI ba="1,0" hai="12,17,18,21,23,25,92,93,96,102,106" m="43593" machi="23" ten="30,4000,0" yaku="11,1,52,2" doraHai="16" who="1" fromWho="1" sc="367,-21,211,43,211,-11,211,-11" /><INIT seed="1,0,0,4,5,73" ten="346,254,200,200" oya="1" hai0="49,86,37,108,1,48,6,80,104,65,132,100,24" hai1="8,11,81,13,74,0,25,14,59,71,29,33,79" hai2="28,109,45,114,3,77,127,103,17,133,2,111,64" hai3="112,119,31,121,63,18,102,135,130,128,35,124,9"/><U19/><E71/><V120/><F120/><W41/><G121/><T54/><D37/><U21/><E0/><V93/><F127/><W106/><G41/><T30/><D108/><N who="2" m="41546" /><F133/><W69/><G112/><T91/><D132/><U20/><REACH who="1" step="1"/><E59/><REACH who="1" ten="346,244,200,200" step="2"/><V50/><F2/><W27/><G135/><T60/><D1/><U129/><E129/><V90/><F3/><W38/><G128/><T61/><D61/><U70/><E70/><V44/><F114/><W75/><G63/><T82/><D60/><U134/><E134/><V57/><F57/><W76/><G69/><T118/><D118/><U12/><E12/><V68/><F68/><W84/><G119/><T89/><D65/><U66/><E66/><V85/><F64/><W87/><G130/><T115/><D115/><U78/><E78/><V5/><F77/><W123/><G76/><T83/><D54/><U52/><E52/><V23/><F45/><W122/><G123/><T58/><D58/><U97/><E97/><V32/><F44/><W53/><G122/><T46/><D46/><U131/><E131/><V10/><F50/><W4/><G53/><T126/><D48/><U101/><E101/><V116/><F103/><W62/><G102/><T7/><D49/><U88/><E88/><V117/><F117/><W16/><G62/><T92/><D91/><U22/><E22/><V26/><F116/><W99/><G99/><N who="0" m="61471" /><D126/><U72/><E72/><V67/><F67/><W34/><G75/><T95/><D89/><U110/><E110/><V15/><F23/><W105/><G124/><T56/><D56/><U94/><E94/><RYUUKYOKU ba="0,1" sc="346,-15,244,15,200,15,200,-15" hai1="8,11,13,14,19,20,21,25,29,33,74,79,81" hai2="5,10,15,17,26,28,32,85,90,93" /><INIT seed="1,1,1,5,1,27" ten="331,259,215,185" oya="1" hai0="13,100,117,64,123,93,89,9,41,32,96,12,98" hai1="60,69,107,95,113,17,23,86,101,19,43,74,35" hai2="110,51,61,16,135,114,67,20,76,30,39,29,103" hai3="75,65,77,119,0,8,126,45,26,92,105,122,42"/><U57/><E113/><V81/><F39/><W58/><G119/><T21/><D117/><U79/><E35/><V73/><F114/><W133/><G105/><T129/><D32/><U70/><E74/><V18/><F110/><W121/><G126/><T31/><D129/><U82/><E107/><V37/><F37/><W108/><G108/><T131/><D131/><U24/><E43/><V88/><F135/><W47/><G133/><T78/><D41/><U25/><E101/><V83/><F103/><W44/><G92/><T40/><D40/><U87/><E95/><V124/><F51/><W48/><G26/><T91/><D78/><U11/><E87/><V4/><F4/><W22/><G22/><T112/><D64/><U49/><E49/><V127/><F88/><W120/><G58/><T85/><D123/><U102/><E102/><V38/><F38/><W14/><G65/><T68/><D68/><U128/><E128/><V52/><F83/><W53/><G0/><T80/><D9/><U90/><E90/><V46/><F46/><W115/><G115/><T1/><D1/><U99/><E99/><V2/><F2/><W50/><G45/><T130/><D130/><U7/><E7/><V33/><F33/><W34/><G34/><T97/><D112/><U72/><E72/><V84/><F73/><W134/><G134/><T28/><D98/><U54/><E11/><V111/><F111/><W55/><G42/><T6/><D6/><U106/><E106/><V132/><F132/><W118/><G118/><T63/><D100/><U56/><E57/><V3/><F127/><RYUUKYOKU ba="1,1" sc="331,-10,259,30,215,-10,185,-10" hai1="17,19,23,24,25,54,56,60,69,70,79,82,86" /><INIT seed="1,2,1,5,4,60" ten="321,289,205,175" oya="1" hai0="17,21,3,33,43,71,42,75,93,30,51,85,38" hai1="57,100,105,79,90,45,47,52,127,37,70,27,32" hai2="2,128,64,84,97,56,120,86,80,22,26,125,89" hai3="65,109,122,9,116,24,23,102,67,66,34,25,82"/><U8/><E127/><V12/><F120/><W31/><G122/><T131/><D75/><U78/><E70/><V126/><F2/><W68/><G116/><T88/><D38/><U14/><E90/><V123/><F123/><W110/><G102/><T117/><D117/><U76/><E105/><V49/><F128/><W118/><G118/><T48/><D71/><U7/><E100/><V0/><F0/><W6/><G82/><T130/><D3/><U133/><E133/><V4/><F97/><W134/><G134/><T132/><D33/><U83/><E83/><V106/><F106/><W94/><G94/><T108/><D30/><U111/><E111/><N who="3" m="42506" /><G68/><T5/><D5/><U62/><REACH who="1" step="1"/><E37/><REACH who="1" ten="321,279,205,175" step="2"/><V121/><F121/><W13/><G25/><N who="0" m="14511" /><D132/><U46/><E46/><V103/><F126/><W81/><G81/><T41/><D108/><U124/><E124/><V98/><F125/><W87/><G87/><T107/><D107/><U35/><E35/><AGARI ba="2,2" hai="6,9,13,23,24,31,34,35,65,66,67" m="42506" machi="35" ten="30,7700,0" yaku="14,1,52,3" doraHai="60" who="3" fromWho="1" sc="321,0,279,-83,205,0,175,103" /><INIT seed="2,0,0,5,0,81" ten="321,196,205,278" oya="2" hai0="1,5,110,88,14,113,41,135,51,31,94,102,35" hai1="78,104,82,71,107,127,83,117,19,98,0,76,121" hai2="49,20,69,27,36,122,112,89,80,128,92,75,73" hai3="57,25,101,84,7,23,24,13,37,6,17,53,16"/><V134/><F112/><W61/><G37/><T118/><D113/><U108/><E117/><V63/><F36/><W97/><G84/><T45/><D1/><U123/><E71/><V26/><F122/><N who="1" m="46601" /><E0/><V4/><F128/><W114/><G114/><T30/><D110/><U103/><E108/><V46/><F4/><W10/><REACH who="3" step="1"/><G25/><REACH who="3" ten="321,196,205,268" step="2"/><T68/><D118/><U86/><E127/><V52/><F27/><W74/><G74/><T70/><D135/><U85/><E19/><V90/><F134/><W2/><G2/><T99/><D31/><U67/><E67/><V115/><F115/><W38/><G38/><T29/><D30/><U126/><E126/><V93/><F26/><W62/><G62/><T11/><D29/><U105/><AGARI ba="0,1" hai="76,78,82,83,85,86,98,103,104,105,107" m="46601" machi="105" ten="30,8000,1" yaku="13,1,34,2,52,2" doraHai="81" who="1" fromWho="1" sc="321,-20,196,90,205,-40,268,-20" /><INIT seed="3,0,0,1,0,31" ten="301,286,165,248" oya="3" hai0="45,7,122,125,121,46,10,61,17,110,27,53,113" hai1="4,62,28,35,55,8,2,100,60,24,116,21,109" hai2="3,77,20,127,82,118,51,66,108,37,123,107,91" hai3="64,79,11,23,89,78,134,32,16,43,114,115,129"/><W83/><G129/><T71/><D110/><U124/><E109/><V70/><F37/><W88/><G134/><T19/><D125/><U30/><E124/><V54/><F108/><W117/><G117/><T18/><D27/><U0/><E116/><V119/><F127/><W126/><G126/><T41/><D113/><U72/><E72/><V58/><F3/><W22/><G32/><T105/><D105/><U101/><E2/><V39/><F39/><W131/><G64/><T95/><D95/><U1/><E1/><V68/><F107/><W84/><G131/><T76/><D76/><U15/><E0/><V40/><F123/><W87/><G43/><T65/><D53/><U120/><E120/><V74/><F70/><W92/><G114/><T81/><D81/><U133/><E133/><V34/><F34/><W86/><G115/><T99/><D46/><U49/><E30/><V69/><F69/><W14/><G78/><T128/><D99/><U73/><E73/><V67/><F68/><W112/><G112/><T13/><REACH who="0" step="1"/><D128/><REACH who="0" ten="291,286,165,248" step="2"/><U56/><E35/><V5/><F119/><W96/><G96/><T75/><D75/><U98/><E101/><V48/><F74/><W102/><G102/><T106/><D106/><AGARI ba="0,1" hai="4,8,15,21,24,28,49,55,56,60,62,98,100,106" machi="106" ten="30,1000,0" yaku="7,1" doraHai="31" who="1" fromWho="0" sc="291,-10,286,20,165,0,248,0" owari="281,8.1,306,40.6,165,-33.5,248,-15.2" /></mjloggm>