<mjloggm ver="2.3"><GO type="225" lobby="0"/><UN n0="%28%EF%BF%A3%E2%96%BD%EF%BF%A3%29%CE%B4%E2%8C%92%E3%83%BB" n1="%E3%81%86%E3%82%8C%E3%81%9F%E3%82%93%E6%9E%95" n2="%E3%82%B2%E3%82%B9%E8%8C%82%E5%8B%9D" n3="%72%61%6B%33" dan="16,16,16,16" rate="2138.79,2106.63,2058.59,2083.15" sx="M,F,F,M"/><TAIKYOKU oya="0"/><INIT seed="0,0,0,2,0,76" ten="250,250,250,250" oya="0" hai0="19,40,46,83,28,42,4,7,3,130,86,21,102" hai1="115,72,82,57,59,81,70,47,99,110,129,89,98" hai2="73,25,48,23,107,85,10,8,80,49,15,118,11" hai3="54,120,96,9,55,44,50,123,103,51,60,84,18"/><T32/><D130/><U0/><E70/><V112/><F118/><W109/><G109/><T79/><D3/><U61/><E110/><V78/><F112/><W36/><G36/><T67/><D32/><U87/><E129/><V26/><F107/><W105/><G60/><T35/><D35/><U68/><E115/><V119/><F119/><W16/><G84/><T77/><D28/><U88/><E0/><V131/><F131/><W113/><G113/><T94/><D67/><U45/><E68/><V63/><F63/><W5/><G5/><T75/><D79/><U24/><E24/><N who="2" m="9323" /><F73/><W27/><G9/><N who="2" m="3689" /><F23/><W92/><G105/><T17/><D75/><U34/><E34/><V20/><N who="2" m="3697" /><V6/><DORA hai="125" /><F6/><N who="0" m="2090" /><D46/><N who="1" m="17419" /><E72/><V41/><F41/><N who="0" m="15978" /><D21/><U101/><E101/><V135/><F135/><W121/><REACH who="3" step="1"/><G27/><REACH who="3" ten="250,250,250,240" step="2"/><T106/><D106/><U39/><E39/><V117/><F117/><W128/><G128/><T37/><D37/><U65/><E57/><AGARI ba="0,1" hai="16,18,44,50,51,54,55,57,92,96,103,120,121,123" machi="57" ten="40,8000,1" yaku="1,1,13,1,54,1,53,1" doraHai="76,125" doraHaiUra="95,104" who="3" fromWho="1" sc="250,0,250,-80,250,0,240,90" /><INIT seed="1,0,0,3,0,60" ten="250,170,250,330" oya="1" hai0="39,111,37,64,57,107,44,95,42,29,68,99,78" hai1="97,104,135,10,122,43,103,91,72,12,69,3,65" hai2="52,0,83,110,100,74,89,27,112,40,7,17,6" hai3="96,98,48,51,120,23,131,33,45,54,25,77,47"/><U113/><E122/><V80/><F110/><W90/><G120/><T86/><D107/><U121/><E113/><V2/><F112/><W106/><G131/><T50/><D29/><U31/><E121/><V67/><F40/><W109/><G33/><T4/><D4/><U82/><E135/><V16/><F100/><W34/><G34/><T26/><D26/><U117/><E117/><V8/><F74/><W28/><G109/><T46/><D111/><U116/><E31/><V87/><F80/><W71/><G71/><T30/><D30/><U58/><E58/><V75/><BYE who="1" /><F75/><W22/><G106/><T53/><D86/><U14/><E14/><V38/><F38/><W21/><G77/><T114/><D78/><U41/><E41/><V49/><F27/><W73/><G73/><T59/><D114/><UN n1="%E3%81%86%E3%82%8C%E3%81%9F%E3%82%93%E6%9E%95" /><U32/><E116/><V85/><F67/><W15/><G90/><T55/><D95/><U56/><E32/><V1/><F85/><W129/><G129/><T94/><D94/><U134/><E3/><V61/><F61/><W66/><G66/><T108/><D99/><N who="3" m="37929" /><G15/><T63/><D108/><U13/><E134/><V62/><F62/><W118/><G118/><T70/><REACH who="0" step="1"/><D39/><REACH who="0" ten="240,170,250,330" step="2"/><U115/><E115/><V130/><F130/><W125/><G25/><T133/><D133/><U81/><E72/><V36/><F36/><W123/><G28/><T119/><D119/><U105/><E105/><V124/><F0/><W128/><G123/><T9/><D9/><U20/><E10/><N who="2" m="2383" /><F124/><W35/><G128/><T101/><D101/><U102/><E104/><V18/><F18/><RYUUKYOKU ba="0,1" sc="240,15,170,-15,250,15,330,-15" hai0="37,42,44,46,50,53,55,57,59,63,64,68,70" hai2="2,7,8,16,17,49,52,83,87,89" /><INIT seed="2,1,1,0,4,56" ten="255,155,265,315" oya="2" hai0="1,106,49,100,65,35,9,78,11,31,33,67,39" hai1="73,124,116,61,75,27,122,84,96,23,25,2,87" hai2="101,46,52,119,112,118,54,117,37,36,22,133,92" hai3="16,135,134,105,38,12,127,26,50,103,60,109,81"/><V40/><F112/><W55/><G38/><T82/><D39/><U17/><E116/><V108/><F36/><W66/><G109/><T99/><D49/><U128/><E128/><V3/><BYE who="1" /><F3/><UN n1="%E3%81%86%E3%82%8C%E3%81%9F%E3%82%93%E6%9E%95" /><W131/><G131/><T79/><D79/><U6/><E122/><V69/><F133/><N who="3" m="50699" /><G26/><T72/><D31/><U98/><E124/><V125/><F125/><W102/><G81/><T91/><D91/><U77/><E2/><V90/><F101/><W95/><G95/><T110/><D110/><U68/><E68/><V63/><BYE who="1" /><F108/><W32/><G32/><T107/><D107/><U5/><E5/><V129/><F22/><N who="3" m="11527" /><G105/><T123/><D123/><U59/><E59/><V58/><F69/><N who="3" m="42183" /><G127/><T14/><D35/><U28/><E28/><V4/><F129/><W80/><G80/><T30/><D33/><U74/><E74/><V44/><F4/><W62/><G62/><T83/><D83/><U85/><E85/><V41/><F92/><W88/><G88/><T48/><D30/><U53/><E53/><V57/><F90/><W24/><G24/><T47/><D1/><U19/><E19/><V76/><F76/><W97/><G97/><UN n1="%E3%81%86%E3%82%8C%E3%81%9F%E3%82%93%E6%9E%95" /><T86/><D72/><U13/><E75/><V15/><F15/><W64/><G64/><N who="0" m="24651" /><D14/><U111/><E73/><V121/><F121/><W113/><G113/><T115/><D115/><U45/><E111/><V70/><F70/><W42/><G42/><N who="2" m="16489" /><F37/><W18/><G18/><T130/><D130/><U132/><E17/><V126/><F126/><W0/><G0/><T8/><D8/><N who="1" m="4247" /><E132/><V21/><F21/><W94/><G94/><RYUUKYOKU ba="1,1" sc="255,10,155,-30,265,10,315,10" hai0="9,11,47,48,78,82,86,99,100,106" hai2="44,46,52,54,57,58,63,117,118,119" hai3="50,55,102,103" /><INIT seed="2,2,1,2,4,93" ten="265,125,275,325" oya="2" hai0="28,53,75,18,130,123,51,30,86,85,32,10,50" hai1="116,29,15,87,119,99,110,72,27,45,55,67,31" hai2="36,122,62,44,69,92,25,105,48,12,54,73,0" hai3="17,132,125,134,19,56,100,14,52,77,89,96,114"/><V41/><F73/><W103/><G125/><T102/><D75/><U57/><E72/><V111/><F122/><W34/><G34/><T121/><D130/><U113/><E110/><V107/><F0/><W11/><G77/><T90/><D102/><U6/><E6/><V124/><BYE who="1" /><F124/><UN n1="%E3%81%86%E3%82%8C%E3%81%9F%E3%82%93%E6%9E%95" /><W7/><G114/><T66/><D66/><U21/><E21/><V70/><BYE who="1" /><F111/><W91/><G100/><T88/><D32/><U5/><E5/><V38/><F36/><W40/><G40/><T35/><D35/><U49/><E49/><V23/><F12/><W59/><G59/><T22/><D10/><U106/><E106/><V58/><F92/><N who="3" m="58759" /><G134/><T64/><D64/><U104/><E104/><V60/><F60/><N who="3" m="35847" /><G132/><T43/><D43/><U61/><E61/><V47/><F70/><W94/><G91/><T131/><D131/><U79/><E79/><V33/><F33/><W76/><G76/><T78/><D78/><U26/><E26/><V108/><F108/><W128/><G128/><T83/><D123/><U39/><E39/><V9/><F69/><W127/><G127/><T95/><D121/><U37/><E37/><V74/><F74/><W97/><AGARI ba="2,1" hai="7,11,14,17,19,89,94,97" m="35847,58759" machi="97" ten="30,7900,0" yaku="8,1,52,2,54,1" doraHai="93" who="3" fromWho="3" sc="265,-22,125,-22,275,-41,325,95" /><INIT seed="3,0,0,3,0,87" ten="243,103,234,420" oya="3" hai0="28,99,0,14,88,104,22,93,76,48,50,62,24" hai1="55,115,116,97,91,11,69,7,1,74,85,73,106" hai2="40,47,42,52,133,63,131,120,54,30,126,39,95" hai3="79,13,18,3,12,75,84,5,98,57,72,19,128"/><W134/><G3/><T129/><D0/><U89/><E89/><V34/><F126/><W25/><G25/><T101/><D129/><U43/><E43/><V132/><F131/><W114/><G98/><T117/><D117/><U125/><E125/><V15/><F120/><W61/><G5/><T58/><D76/><U8/><E8/><V37/><F15/><W77/><G57/><T59/><D59/><U45/><E45/><N who="2" m="23695" /><F95/><W112/><G84/><T90/><D14/><U16/><E16/><V6/><F6/><W127/><G128/><T119/><D119/><U31/><E31/><V21/><F21/><W53/><G127/><T108/><D108/><U123/><E123/><V109/><F30/><W32/><G32/><T29/><D29/><U78/><E78/><V71/><F34/><W121/><G121/><T23/><D23/><U94/><E94/><V107/><F107/><W135/><G79/><T51/><REACH who="0" step="1"/><D104/><REACH who="0" ten="233,103,234,420" step="2"/><U2/><E2/><V41/><F109/><W49/><G77/><T96/><D96/><U100/><E100/><V33/><F33/><W67/><G12/><T35/><D35/><U124/><E124/><V83/><F83/><W64/><G13/><T105/><D105/><U111/><E111/><V26/><F26/><W122/><G122/><T110/><D110/><U65/><E65/><AGARI ba="0,1" hai="22,24,28,48,50,51,58,62,65,88,90,93,99,101" machi="65" ten="40,12000,2" yaku="1,1,25,2,8,1,52,2,54,1,53,0" doraHai="87" doraHaiUra="81" who="0" fromWho="1" sc="233,130,103,-120,234,0,420,0" owari="363,16.3,-17,-51.7,234,-16.6,420,52.0" /></mjloggm>