<mjloggm ver="2.3"><GO type="225" lobby="0"/><UN n0="%E6%A1%9C%E8%8A%B1%E9%96%83%E3%80%85" n1="%E4%BF%BA%E3%81%A8%E5%A6%96%E5%A4%A2" n2="%E3%81%8B%E3%82%8F%E3%81%A1%E3%82%83%E3%82%93%35%38" n3="%E3%80%93%E3%81%97%E3%83%BC%E3%82%89%E3%80%93" dan="16,17,16,16" rate="2143.31,2205.55,2117.45,2184.14" sx="M,F,M,M"/><TAIKYOKU oya="0"/><INIT seed="0,0,0,1,3,39" ten="250,250,250,250" oya="0" hai0="73,110,37,64,120,48,35,33,55,99,105,121,13" hai1="60,71,70,89,52,124,4,96,112,2,44,108,5" hai2="119,102,54,17,123,8,90,114,84,88,122,109,67" hai3="1,56,118,3,127,25,61,87,134,80,24,30,98"/><T101/><D64/><U106/><E108/><V28/><F114/><W116/><G127/><T131/><D131/><U10/><E124/><V65/><F109/><W107/><G134/><T75/><D110/><U19/><E112/><V93/><F119/><W78/><G25/><T113/><D113/><U38/><E4/><V51/><F28/><W11/><G98/><T15/><D15/><U135/><E135/><V16/><F122/><W94/><G94/><T57/><D37/><U62/><E19/><N who="2" m="7243" /><F123/><W20/><G107/><T31/><D120/><U42/><E62/><V50/><F8/><W59/><G59/><T0/><D0/><U117/><E117/><V36/><F36/><W66/><G3/><T68/><D121/><U76/><E76/><V27/><F27/><W49/><G49/><N who="2" m="18441" /><F102/><W53/><G66/><N who="2" m="25097" /><F90/><W9/><G1/><T14/><D14/><U46/><E89/><V6/><F54/><W69/><G69/><T74/><D68/><U26/><E26/><V18/><N who="2" m="7251" /><V7/><AGARI ba="0,0" hai="6,7,84,88,93" m="25097,18441,7251" machi="7" ten="40,8000,1" yaku="4,1,8,1,54,2" doraHai="39" who="2" fromWho="2" sc="250,-40,250,-20,250,80,250,-20" /><INIT seed="1,0,0,4,4,117" ten="210,230,330,230" oya="1" hai0="133,105,1,93,21,32,31,129,125,46,114,71,16" hai1="33,104,126,86,15,51,13,0,109,120,85,54,108" hai2="97,103,132,30,94,115,5,90,91,40,113,92,63" hai3="118,61,102,112,87,88,18,96,24,82,70,74,110"/><U66/><E0/><V124/><F124/><W4/><G118/><T26/><D105/><U80/><E33/><V68/><F132/><W98/><G112/><N who="2" m="43081" /><F5/><W56/><G70/><T49/><D114/><U122/><E126/><V67/><F40/><W60/><G110/><N who="1" m="42602" /><E104/><V84/><F30/><W7/><G74/><T81/><D125/><U59/><E66/><V34/><F34/><W22/><G61/><T100/><D129/><U47/><E47/><V89/><AGARI ba="0,0" hai="63,67,68,84,89,90,91,92,94,97,103" m="43081" machi="89" ten="30,1100,0" yaku="11,1" doraHai="117" who="2" fromWho="2" sc="210,-3,230,-5,330,11,230,-3" /><INIT seed="2,0,0,5,0,12" ten="207,225,341,227" oya="2" hai0="126,64,44,17,96,33,107,25,46,79,85,18,84" hai1="109,47,54,31,29,94,51,116,110,58,9,80,38" hai2="37,1,87,57,112,67,45,106,82,93,62,56,95" hai3="131,75,76,0,28,32,15,133,53,103,118,125,7"/><V5/><F106/><W132/><G103/><T3/><D3/><U66/><E116/><V34/><F34/><W61/><G76/><T65/><D126/><U70/><E80/><V68/><F112/><W100/><G75/><T24/><D107/><U59/><E94/><V92/><F5/><W26/><G100/><T8/><D33/><U128/><E9/><V35/><F35/><W6/><G53/><T73/><D8/><U50/><E29/><V39/><F1/><W48/><G48/><T71/><D71/><U11/><E11/><V27/><F27/><W40/><G61/><T119/><D73/><U99/><E99/><V43/><REACH who="2" step="1"/><F37/><REACH who="2" ten="207,225,331,227" step="2"/><W52/><G0/><T104/><D104/><U101/><E38/><V121/><F121/><W69/><G6/><T108/><D119/><U124/><E124/><V88/><AGARI ba="0,1" hai="39,43,45,56,57,62,67,68,82,87,88,92,93,95" machi="88" ten="30,6000,0" yaku="1,1,0,1,54,1,53,0" doraHai="12" doraHaiUra="19" who="2" fromWho="2" sc="207,-20,225,-20,331,70,227,-20" /><INIT seed="2,1,0,5,1,66" ten="187,205,401,207" oya="2" hai0="18,61,57,111,95,79,71,40,67,86,49,68,21" hai1="115,107,99,38,16,63,60,56,93,43,70,129,39" hai2="82,47,32,120,48,113,64,24,76,52,46,50,87" hai3="74,100,94,62,53,31,14,17,0,104,73,8,101"/><V108/><F113/><W124/><G104/><T125/><D111/><U122/><E115/><V28/><F108/><W114/><G114/><T106/><D106/><U51/><E107/><V33/><F120/><W88/><G0/><T19/><D125/><U9/><E122/><V69/><F64/><W83/><G31/><T54/><D40/><U81/><E129/><V85/><F69/><W37/><G37/><T105/><D105/><U109/><E109/><V135/><F135/><W22/><G124/><T11/><D11/><U132/><E132/><V13/><F13/><N who="3" m="9519" /><G83/><T117/><D117/><U35/><E35/><V45/><F33/><W116/><G74/><T7/><D7/><U5/><E81/><V97/><F97/><N who="3" m="57543" /><G73/><T44/><D18/><U3/><E70/><V26/><F26/><W110/><G116/><T121/><D121/><U41/><E63/><V25/><F25/><W75/><G75/><T130/><D130/><U77/><E77/><V133/><F133/><W89/><G89/><T128/><D128/><U78/><E78/><V134/><F134/><W58/><G110/><T112/><D112/><U65/><E39/><V103/><F103/><W15/><G15/><N who="0" m="9471" /><D79/><U36/><E36/><V98/><F98/><W118/><G118/><T72/><D72/><U23/><E38/><V102/><F102/><W126/><G126/><T34/><D34/><U123/><E123/><V4/><F4/><AGARI ba="1,0" hai="4,8,14,53,58,62,100,101" m="57543,9519" machi="4" ten="30,2000,0" yaku="8,1,54,1" doraHai="66" who="3" fromWho="2" sc="187,0,205,0,401,-23,207,23" /><INIT seed="3,0,0,5,1,4" ten="187,205,378,230" oya="3" hai0="13,133,5,132,114,93,41,105,60,80,87,28,29" hai1="53,14,30,85,12,21,86,32,16,125,103,56,57" hai2="35,1,92,38,109,122,82,94,37,119,72,6,69" hai3="36,83,77,11,45,18,42,88,130,55,22,108,51"/><W124/><G124/><T121/><D121/><U131/><E125/><V70/><F94/><W47/><G130/><T115/><D105/><U40/><E131/><V3/><F92/><W25/><G108/><T10/><D41/><U116/><E116/><V91/><F91/><W2/><G2/><N who="2" m="521" /><F6/><W64/><G64/><T23/><D60/><U8/><E103/><V73/><F109/><W59/><G88/><N who="0" m="51303" /><D93/><U123/><E123/><V76/><F122/><W63/><G83/><T84/><D84/><N who="1" m="32363" /><E32/><V52/><F52/><W66/><G77/><T96/><D96/><U104/><E104/><V54/><F54/><W49/><G36/><N who="2" m="13929" /><F119/><W34/><G34/><T117/><D117/><U113/><E40/><V7/><F7/><W65/><G65/><T17/><D29/><U128/><E128/><V0/><F0/><W102/><G102/><T43/><D28/><U27/><E113/><N who="0" m="43017" /><D43/><U39/><E39/><V90/><F90/><W20/><G45/><T111/><D111/><U120/><E120/><V127/><F127/><W19/><G42/><T98/><D98/><U33/><E33/><V58/><F58/><N who="1" m="22633" /><E53/><V78/><F35/><W100/><G55/><T48/><D48/><U24/><E30/><V74/><F78/><W46/><G51/><T135/><D135/><U67/><E67/><V31/><F31/><W97/><G49/><T62/><D62/><U75/><E75/><AGARI ba="0,0" hai="69,70,72,73,74,75,76,82" m="13929,521" machi="75" ten="40,8000,1" yaku="26,2,33,2" doraHai="4" who="2" fromWho="1" sc="187,0,205,-80,378,80,230,0" owari="187,-21.3,125,-37.5,458,55.8,230,3.0" /></mjloggm>