<mjloggm ver="2.3"><GO type="225" lobby="0"/><UN n0="%E6%A1%9C%E8%8A%B1%E9%96%83%E3%80%85" n1="%E3%80%90%E3%83%88%E3%83%AA%E3%83%A5%E3%83%95%E3%80%91" n2="%E3%82%BC%E3%83%AB%E3%83%80%E3%81%AE%E4%BC%9D%E8%AA%AC" n3="%E3%83%A9%E3%82%A4%E3%83%B3%E3%81%AE%E8%99%8E" dan="17,16,17,16" rate="2176.04,2113.71,2150.38,2101.98" sx="M,M,M,M"/><TAIKYOKU oya="0"/><INIT seed="0,0,0,5,5,15" ten="250,250,250,250" oya="0" hai0="62,13,12,41,65,71,4,56,32,18,55,105,129" hai1="69,53,122,83,111,128,91,48,1,103,89,58,104" hai2="78,116,90,135,19,73,127,70,31,20,7,75,42" hai3="29,39,38,74,115,45,2,34,54,132,87,26,51"/><T97/><D129/><U22/><E128/><V0/><F70/><W125/><G74/><T108/><D108/><U59/><E122/><V28/><F127/><W8/><G115/><T14/><D32/><U84/><E1/><V63/><F135/><W11/><G132/><T98/><D4/><U109/><E69/><V43/><F116/><W117/><G117/><T88/><D41/><U101/><E59/><V21/><F63/><W49/><G125/><T100/><D97/><U23/><E91/><V106/><F90/><W133/><G133/><T79/><D79/><U94/><E104/><V40/><F106/><W85/><G11/><T17/><REACH who="0" step="1"/><D88/><REACH who="0" ten="240,250,250,250" step="2"/><N who="1" m="51231" /><E109/><V33/><F78/><W57/><G34/><T112/><D112/><U130/><E130/><V35/><F42/><W24/><G87/><T67/><D67/><U61/><E111/><V9/><F43/><W121/><G85/><T93/><D93/><U119/><E119/><V82/><F40/><W124/><G124/><T30/><D30/><U95/><E95/><V92/><F92/><W50/><G121/><T60/><AGARI ba="0,1" hai="12,13,14,17,18,55,56,60,62,65,71,98,100,105" machi="60" ten="30,12000,1" yaku="1,1,0,1,52,2,53,1" doraHai="15" doraHaiUra="102" who="0" fromWho="0" sc="240,130,250,-40,250,-40,250,-40" /><INIT seed="0,1,0,3,3,79" ten="370,210,210,210" oya="0" hai0="39,86,14,85,45,48,24,26,83,112,42,125,93" hai1="124,122,54,106,105,58,18,36,53,12,103,133,98" hai2="121,94,95,113,63,43,115,88,59,28,110,60,27" hai3="37,47,101,107,126,116,82,9,100,51,56,132,90"/><T23/><D112/><U32/><E32/><V50/><F110/><W7/><G116/><T16/><D125/><U0/><E122/><V77/><F121/><W20/><G126/><T10/><D39/><U70/><E133/><V104/><F104/><W22/><G37/><T91/><D23/><U64/><E124/><V65/><F77/><AGARI ba="1,0" hai="10,14,16,24,26,42,45,48,77,83,85,86,91,93" machi="77" ten="30,11600,0" yaku="7,1,8,1,52,1,54,1" doraHai="79" who="0" fromWho="2" sc="370,119,210,0,210,-119,210,0" /><INIT seed="0,2,0,1,2,72" ten="489,210,91,210" oya="0" hai0="6,101,59,20,48,112,106,105,115,11,57,22,21" hai1="108,31,96,100,68,61,14,123,30,95,80,104,77" hai2="125,28,93,90,13,126,66,47,19,111,88,91,99" hai3="52,41,42,24,5,135,49,9,127,70,4,1,55"/><T79/><D101/><U27/><E123/><V35/><F111/><W43/><G127/><N who="2" m="48649" /><F66/><W133/><G70/><T64/><D48/><U74/><E108/><V131/><F131/><W87/><G4/><T51/><D51/><U94/><E31/><V46/><F28/><W113/><G113/><T120/><D120/><U132/><E14/><V16/><F35/><W10/><G10/><T124/><D124/><U117/><E117/><V44/><F19/><W103/><G103/><T53/><D53/><U12/><E12/><V17/><F17/><W36/><G36/><T118/><D64/><N who="1" m="40975" /><E132/><N who="3" m="50762" /><G87/><T110/><D118/><U78/><E78/><V89/><F89/><W116/><G116/><T82/><D110/><U121/><E121/><V8/><AGARI ba="2,0" hai="8,13,16,44,46,47,88,90,91,93,99" m="48649" machi="8" ten="30,4000,0" yaku="18,1,54,2" doraHai="72" who="2" fromWho="2" sc="489,-22,210,-12,91,46,210,-12" /><INIT seed="1,0,0,0,3,40" ten="467,198,137,198" oya="1" hai0="49,85,113,12,99,135,116,79,114,86,48,17,47" hai1="24,3,81,132,27,32,53,104,66,91,78,5,106" hai2="1,20,123,75,65,82,77,15,10,122,108,9,60" hai3="76,42,44,115,83,126,41,71,54,128,7,119,0"/><U101/><E132/><V88/><F108/><W67/><G115/><T18/><D116/><U39/><E66/><V37/><F20/><W26/><G119/><T25/><D135/><U34/><E91/><V43/><F9/><W120/><G120/><T61/><D61/><U19/><E53/><V111/><F111/><W13/><G0/><T127/><D127/><U124/><E124/><V57/><F88/><W33/><G128/><T102/><D25/><U96/><E106/><V51/><F51/><N who="3" m="29031" /><G33/><T68/><D68/><U45/><E27/><V98/><F98/><W21/><G71/><T103/><D99/><U23/><E5/><N who="2" m="1327" /><F15/><W52/><G67/><T72/><D12/><U59/><E3/><V129/><F129/><W73/><G126/><T100/><D100/><U14/><E59/><V125/><F125/><W95/><G95/><T97/><D97/><U69/><E69/><V131/><F131/><W130/><G130/><T50/><D50/><U62/><E62/><V107/><F107/><W16/><G52/><T87/><D49/><U117/><E117/><V74/><F74/><W58/><G58/><T84/><D72/><U36/><E36/><V93/><F93/><W90/><G90/><T35/><D113/><U89/><E89/><V4/><F4/><W38/><G38/><T64/><D114/><U31/><E39/><V63/><F63/><W70/><G70/><T80/><D35/><U110/><E34/><V6/><F6/><W56/><G56/><T133/><D48/><U2/><E2/><V55/><F65/><W28/><G7/><T30/><D64/><RYUUKYOKU ba="0,0" sc="467,-15,198,-15,137,15,198,15" hai2="37,43,55,57,60,75,77,82,122,123" hai3="13,16,21,26,28,41,42,73,76,83" /><INIT seed="2,1,0,3,4,128" ten="452,183,152,213" oya="2" hai0="40,45,51,21,0,43,20,92,104,100,74,86,64" hai1="58,31,59,48,131,63,133,82,39,13,87,111,124" hai2="50,106,53,6,23,18,62,19,9,80,121,52,66" hai3="55,75,30,35,126,49,116,120,112,73,83,44,101"/><V46/><F121/><W28/><G116/><T102/><D74/><U122/><E131/><V27/><F106/><W130/><G130/><T4/><D104/><U93/><E39/><V113/><F113/><W103/><G120/><T65/><D0/><U57/><E111/><V67/><F19/><W94/><G112/><T96/><D4/><U135/><E31/><V114/><F114/><W22/><G35/><T78/><D100/><U34/><E34/><V16/><F18/><W129/><G129/><T95/><D43/><U90/><E124/><V110/><F110/><W99/><G103/><T118/><D95/><U32/><E32/><V3/><REACH who="2" step="1"/><F80/><REACH who="2" ten="452,183,142,213" step="2"/><W56/><G83/><N who="0" m="47479" /><D118/><U14/><E122/><V123/><F123/><W127/><G127/><T1/><D1/><U10/><E93/><V36/><F36/><W72/><G126/><T134/><D92/><U71/><E71/><V2/><F2/><W88/><G101/><T69/><D69/><U117/><E117/><V47/><F47/><W17/><REACH who="3" step="1"/><G44/><REACH who="3" ten="452,183,142,203" step="2"/><T5/><D45/><U76/><E82/><V98/><F98/><W125/><G125/><T11/><D96/><U91/><E87/><V37/><F37/><W108/><G108/><T26/><D102/><U105/><E105/><V70/><F70/><W115/><G115/><T25/><D5/><U85/><E85/><V132/><F132/><W97/><G97/><T79/><D134/><U42/><E135/><V89/><F89/><W77/><G77/><T68/><D79/><U119/><E133/><V7/><F7/><W54/><G54/><T41/><D68/><RYUUKYOKU ba="1,2" sc="452,-15,183,-15,142,15,203,15" hai2="3,6,9,16,23,27,46,50,52,53,62,66,67" hai3="17,22,28,30,49,55,56,72,73,75,88,94,99" /><INIT seed="2,2,2,0,2,0" ten="437,168,157,218" oya="2" hai0="93,68,117,86,9,1,81,41,32,26,57,111,11" hai1="85,99,3,64,25,16,114,54,90,132,45,80,92" hai2="10,128,73,119,125,69,77,91,113,50,49,35,95" hai3="51,126,88,42,87,4,48,58,62,110,74,76,15"/><V30/><F113/><W127/><G110/><T60/><D68/><U124/><E114/><V101/><F119/><W129/><G76/><T70/><D70/><U89/><E3/><V118/><F118/><W67/><G74/><T115/><D115/><U84/><E132/><V34/><F69/><W14/><G14/><T104/><D104/><U97/><E124/><N who="3" m="47658" /><G42/><T24/><D93/><U83/><E64/><V102/><F125/><W20/><G129/><T47/><D111/><U39/><E92/><V133/><F133/><W43/><G43/><T59/><D59/><U61/><E39/><V107/><F128/><W135/><G135/><T123/><D32/><N who="2" m="12330" /><F30/><W71/><G71/><T19/><D123/><U75/><E75/><V108/><F10/><N who="3" m="4551" /><G20/><T29/><D29/><U36/><E36/><V103/><F108/><W53/><G67/><T7/><D11/><U130/><E130/><V21/><F21/><W33/><G33/><T55/><D19/><U116/><E116/><V94/><F107/><W100/><G100/><T56/><D117/><U8/><E8/><V6/><F6/><W121/><G121/><T78/><D57/><N who="1" m="34999" /><E45/><V105/><F105/><W98/><G98/><T63/><D63/><U134/><E134/><V18/><F18/><W2/><G2/><T79/><D79/><U13/><E13/><V66/><F66/><W122/><G122/><T72/><D72/><U31/><E31/><V52/><F91/><W65/><G65/><T109/><D109/><U46/><E46/><N who="2" m="27703" /><F50/><AGARI ba="2,2" hai="1,7,9,24,26,41,47,50,55,56,60,78,81,86" machi="50" ten="30,2000,0" yaku="7,1,52,1" doraHai="0" who="0" fromWho="2" sc="437,46,168,0,157,-26,218,0" /><INIT seed="3,0,0,3,5,134" ten="483,168,131,218" oya="3" hai0="133,84,37,28,48,34,18,103,38,35,14,122,72" hai1="90,109,127,0,116,58,120,60,20,43,47,75,73" hai2="113,102,41,93,112,46,4,81,7,132,21,123,94" hai3="100,67,31,115,25,65,29,95,6,118,128,40,11"/><W98/><G115/><T108/><D72/><U63/><E109/><V51/><F132/><W110/><G128/><T52/><D122/><U117/><E120/><V126/><F123/><W55/><G118/><T68/><D108/><U15/><E90/><V71/><F71/><W22/><G110/><T10/><D68/><U42/><E58/><V130/><F130/><W124/><G40/><T92/><D133/><U56/><E56/><V30/><F112/><W49/><G124/><T66/><D66/><U53/><E15/><V74/><F113/><W17/><G17/><T16/><D18/><U62/><E20/><V57/><F74/><W27/><G55/><T97/><D84/><U9/><E9/><V105/><F105/><W107/><G49/><T44/><D28/><U99/><E99/><V114/><F114/><W125/><G125/><T78/><D78/><U2/><E60/><V3/><F126/><W45/><G45/><T86/><D86/><U85/><E127/><V104/><F3/><W88/><G100/><T96/><D38/><U82/><E85/><V106/><F106/><W135/><G107/><T131/><D131/><U26/><E47/><V33/><F33/><W80/><G80/><T54/><D54/><U129/><E53/><V8/><F104/><W76/><G76/><T79/><D79/><U111/><E129/><V77/><F57/><W69/><G69/><T12/><D37/><U91/><E111/><V61/><F61/><W89/><G135/><T5/><D52/><U83/><E91/><V32/><F32/><W36/><G89/><T101/><D48/><RYUUKYOKU ba="0,0" sc="483,-10,168,30,131,-10,218,-10" hai1="0,2,26,42,43,62,63,73,75,82,83,116,117" owari="473,57.3,198,-20.2,121,-37.9,208,0.8" /></mjloggm>