<mjloggm ver="2.3"><GO type="225" lobby="0"/><UN n0="%E3%81%82%E3%81%99%E3%81%AB%E3%82%83%E3%82%80" n1="%74%61%6B%65%2D%79%6F%75" n2="%73%69%72%6F%75%74" n3="%E9%BB%92%E9%89%84%E7%8F%A0%E9%9B%AB" dan="16,17,16,16" rate="2020.38,2119.63,2027.21,2166.62" sx="F,M,M,F"/><TAIKYOKU oya="0"/><INIT seed="0,0,0,3,0,74" ten="250,250,250,250" oya="0" hai0="120,109,57,113,24,30,62,59,133,47,25,22,122" hai1="10,77,100,108,94,31,101,110,85,125,107,8,97" hai2="4,79,46,106,105,40,128,44,17,49,96,123,34" hai3="114,118,3,54,67,72,5,55,39,135,126,121,42"/><T127/><D113/><U27/><E125/><V116/><F123/><W15/><G114/><T83/><D127/><U23/><E101/><V69/><F69/><W45/><G118/><T131/><D131/><U43/><E43/><V16/><F34/><W38/><G126/><T61/><D133/><U89/><REACH who="1" step="1"/><E77/><REACH who="1" ten="250,240,250,250" step="2"/><V41/><F79/><W0/><G42/><T13/><D120/><U58/><E58/><V81/><F41/><W73/><G121/><T19/><D122/><U48/><E48/><V119/><F49/><W111/><G135/><T80/><D109/><AGARI ba="0,1" hai="8,10,23,27,31,85,89,94,97,100,107,108,109,110" machi="109" ten="40,2600,0" yaku="1,1,14,1,53,0" doraHai="74" doraHaiUra="124" who="1" fromWho="0" sc="250,-26,240,36,250,0,250,0" /><INIT seed="1,0,0,1,2,86" ten="224,276,250,250" oya="1" hai0="51,27,45,87,61,35,50,42,104,22,122,5,64" hai1="85,25,103,94,135,63,89,130,131,36,97,116,7" hai2="66,44,108,2,95,39,34,23,16,12,125,18,37" hai3="79,8,73,101,78,133,109,83,54,46,127,57,134"/><U132/><E36/><V49/><F34/><W111/><G46/><T84/><D104/><U14/><E25/><V74/><F74/><W106/><G8/><T91/><D122/><U113/><E63/><V19/><F2/><W20/><G20/><T10/><D35/><U41/><E41/><V81/><F108/><N who="3" m="41547" /><G57/><T68/><D84/><U117/><E14/><V118/><F81/><N who="3" m="45263" /><G54/><T40/><D22/><U121/><E7/><V9/><F125/><W88/><G127/><T76/><D76/><U60/><E60/><V124/><F118/><N who="1" m="45673" /><E113/><V70/><F124/><W4/><G4/><T129/><D27/><U107/><E121/><V43/><F66/><W30/><G30/><T29/><D29/><U114/><E114/><V55/><F70/><W33/><G33/><T126/><D126/><U92/><E107/><V75/><F37/><W24/><G24/><T115/><D115/><U112/><E112/><V53/><F53/><W110/><N who="3" m="41555" /><W100/><DORA hai="52" /><G106/><T13/><D42/><U128/><AGARI ba="0,0" hai="85,89,92,94,97,103,128,130,131,132,135" m="45673" machi="128" ten="40,12000,1" yaku="19,1,34,2,52,1" doraHai="86,52" who="1" fromWho="1" sc="224,-40,276,120,250,-40,250,-40" /><INIT seed="1,1,0,1,0,131" ten="184,396,210,210" oya="1" hai0="28,127,31,12,83,7,92,59,74,95,133,19,17" hai1="87,132,130,125,90,134,121,9,119,103,25,32,112" hai2="24,129,120,52,89,51,3,107,76,116,100,26,14" hai3="5,104,33,39,102,71,77,13,69,50,42,41,29"/><U37/><E112/><V30/><F116/><W114/><G50/><T63/><D127/><U67/><E119/><V113/><F3/><W93/><G93/><T135/><D7/><U6/><E121/><V46/><F120/><W65/><G13/><T84/><D74/><U105/><E130/><V15/><F129/><W27/><G5/><T43/><D43/><U0/><E37/><V58/><F76/><W81/><G114/><T126/><D126/><U48/><E125/><V124/><F124/><W62/><G71/><T66/><D92/><U122/><E122/><V109/><F109/><W20/><G20/><T73/><D95/><U70/><E48/><V101/><F89/><W79/><G39/><T78/><D73/><U117/><E117/><V82/><F82/><W4/><G4/><T57/><D57/><U21/><E90/><V75/><F75/><N who="3" m="43199" /><G79/><T22/><REACH who="0" step="1"/><D19/><REACH who="0" ten="174,396,210,210" step="2"/><U108/><E6/><V10/><F107/><W54/><G54/><T49/><D49/><U128/><E105/><V61/><F113/><W85/><G42/><T23/><D23/><U60/><E21/><V47/><F51/><W40/><G85/><T44/><D44/><N who="2" m="16938" /><F10/><W86/><G86/><T123/><D123/><U35/><E87/><V106/><F106/><W110/><G41/><T99/><D99/><U11/><E9/><V38/><F38/><W34/><G40/><T72/><D72/><U80/><E11/><V88/><F58/><W55/><G55/><T91/><D91/><U111/><E128/><V8/><F88/><W1/><G34/><T98/><D98/><U97/><E97/><RYUUKYOKU ba="1,1" sc="174,30,396,-10,210,-10,210,-10" hai0="12,17,22,28,31,59,63,66,78,83,84,133,135" /><INIT seed="2,2,1,0,2,13" ten="204,386,200,200" oya="2" hai0="106,120,0,74,78,119,86,129,17,39,123,45,107" hai1="90,133,43,69,83,75,14,34,96,18,81,84,28" hai2="64,109,27,10,38,102,37,67,22,128,11,99,6" hai3="116,47,25,48,44,94,79,62,122,54,59,108,41"/><V113/><F113/><W87/><G116/><T132/><D119/><U15/><E133/><V60/><F128/><W24/><G122/><T100/><D132/><U9/><E69/><V29/><F109/><W32/><G108/><T49/><D39/><U65/><E65/><V53/><F53/><W110/><G110/><T89/><D0/><U72/><E43/><V112/><F112/><W8/><G32/><T20/><D129/><U80/><E96/><V93/><F64/><W46/><G8/><T127/><D127/><U121/><E121/><V124/><F10/><W101/><G25/><T88/><D74/><U58/><E58/><V55/><F55/><W114/><G114/><T95/><D78/><U111/><E111/><V26/><F26/><W2/><G2/><T51/><D51/><U68/><E68/><V33/><F33/><W82/><REACH who="3" step="1"/><G24/><REACH who="3" ten="204,386,200,190" step="2"/><T5/><D120/><U19/><E34/><V70/><F124/><W125/><G125/><T16/><D123/><U35/><E35/><V30/><F30/><W4/><G4/><T71/><D5/><U12/><E28/><V61/><REACH who="2" step="1"/><F60/><REACH who="2" ten="204,386,190,190" step="2"/><W105/><G105/><T7/><D106/><U42/><E9/><V23/><F23/><W104/><G104/><T56/><D20/><U52/><E14/><AGARI ba="2,3" hai="6,11,14,22,27,29,37,38,61,67,70,93,99,102" machi="14" ten="30,2900,0" yaku="1,1,7,1,53,0" doraHai="13" doraHaiUra="131" who="2" fromWho="1" sc="204,0,386,-35,190,65,190,0" /><INIT seed="2,3,0,3,0,49" ten="204,351,255,190" oya="2" hai0="47,4,37,42,109,70,95,112,126,8,99,64,50" hai1="107,35,38,129,117,68,121,94,33,40,1,23,27" hai2="71,43,97,16,88,102,2,29,26,45,63,127,7" hai3="115,76,11,96,123,89,28,12,13,46,48,104,132"/><V100/><F127/><W84/><G123/><T52/><D112/><U118/><E107/><V65/><F2/><W131/><G131/><T14/><D109/><U6/><E68/><V90/><F7/><W101/><G132/><T22/><D126/><U106/><E106/><V18/><F45/><W53/><G115/><T72/><D72/><U116/><E94/><V111/><F43/><W113/><G113/><T25/><D70/><U120/><E40/><V81/><F111/><W17/><G76/><T73/><D73/><U31/><E38/><V10/><F100/><W85/><G28/><T20/><D64/><U51/><E51/><V30/><F30/><W103/><G103/><T21/><D42/><U34/><E129/><V69/><F69/><W32/><G32/><T66/><D66/><U74/><E74/><V36/><F36/><W79/><G79/><T5/><D5/><U0/><E6/><V91/><F10/><W9/><REACH who="3" step="1"/><G89/><REACH who="3" ten="204,351,255,180" step="2"/><N who="0" m="55791" /><D37/><U55/><E121/><V110/><F110/><W15/><G15/><T128/><D128/><U19/><E120/><V44/><F90/><W83/><G83/><T41/><D41/><U57/><E31/><AGARI ba="3,1" hai="4,8,14,20,21,22,25,31,47,50,52" m="55791" machi="31" ten="30,3900,0" yaku="8,1,52,1,54,1" doraHai="49" who="0" fromWho="1" sc="204,58,351,-48,255,0,180,0" /><INIT seed="3,0,0,3,2,112" ten="262,303,255,180" oya="3" hai0="63,73,78,45,34,43,92,64,76,130,17,104,113" hai1="103,58,67,5,55,32,94,70,10,85,106,129,7" hai2="50,122,49,37,133,110,108,116,128,30,97,99,68" hai3="109,59,100,13,15,42,119,111,82,134,54,60,38"/><W62/><G100/><T19/><D104/><U88/><E32/><V0/><F37/><W65/><G134/><T24/><D130/><U4/><E129/><V12/><F128/><W35/><G35/><T101/><D113/><U40/><E40/><V69/><F0/><W66/><G82/><T46/><D73/><U127/><E127/><V107/><F116/><W71/><G119/><T123/><D123/><U121/><E121/><V75/><F122/><W47/><G13/><T90/><D101/><U72/><E72/><V118/><F118/><W89/><G89/><T27/><D46/><U48/><E70/><N who="2" m="27243" /><F75/><W28/><G28/><T81/><D81/><U84/><E67/><V124/><F107/><W14/><G14/><T18/><D45/><U114/><E114/><V115/><F115/><W77/><G77/><T102/><D43/><U135/><E135/><V41/><F41/><W51/><G15/><T79/><D102/><U3/><E84/><V125/><F12/><W93/><G93/><T31/><D31/><U87/><E85/><V2/><F2/><W96/><G96/><N who="2" m="36937" /><F30/><W44/><AGARI ba="0,0" hai="38,42,44,47,51,54,59,60,62,65,66,71,109,111" machi="44" ten="30,11700,0" yaku="0,1,34,3" doraHai="112" who="3" fromWho="3" sc="262,-39,303,-39,255,-39,180,117" /><INIT seed="3,1,0,0,1,135" ten="223,264,216,297" oya="3" hai0="9,30,36,116,33,28,4,19,29,14,98,53,16" hai1="113,20,87,133,22,97,95,92,45,89,64,119,100" hai2="124,103,34,75,26,99,44,7,1,66,40,126,59" hai3="60,52,43,38,80,86,58,55,79,93,78,47,129"/><W68/><G68/><T107/><D36/><U37/><E113/><V84/><F75/><W48/><G129/><T82/><D82/><U23/><E133/><V0/><F84/><W50/><G93/><T102/><D116/><U74/><E119/><V71/><F59/><N who="3" m="33255" /><G38/><T77/><D77/><AGARI ba="1,0" hai="43,47,50,52,58,60,77,78,79,80,86" m="33255" machi="77" ten="30,2900,0" yaku="8,1,54,1" doraHai="135" who="3" fromWho="0" sc="223,-32,264,0,216,0,297,32" owari="191,-30.9,264,6.4,216,-18.4,329,42.9" /></mjloggm>