<mjloggm ver="2.3"><GO type="225" lobby="0"/><UN n0="%E5%B8%86%E7%AB%8B%E5%A4%8F%E8%A1%A3" n1="%E3%82%BC%E3%83%AB%E3%83%80%E3%81%AE%E4%BC%9D%E8%AA%AC" n2="%6D%75%75%6D%75%72%61" n3="%E3%82%BD%E3%83%83%E3%82%AF%E3%82%B9%E2%99%AA" dan="16,17,17,16" rate="2084.92,2221.83,2168.11,2065.23" sx="M,M,F,M"/><TAIKYOKU oya="0"/><INIT seed="0,0,0,0,2,104" ten="250,250,250,250" oya="0" hai0="24,105,128,110,74,52,88,99,22,100,102,34,119" hai1="1,80,67,75,57,109,130,54,30,103,0,70,115" hai2="91,36,41,10,31,62,87,97,121,64,133,78,14" hai3="38,66,28,135,48,8,19,16,98,107,94,59,79"/><T108/><D119/><U81/><E109/><N who="0" m="42089" /><D128/><U50/><E130/><V3/><F121/><W33/><G135/><T82/><D34/><U84/><E115/><V13/><F133/><W76/><G107/><T134/><D134/><U35/><E103/><V47/><F3/><W43/><G38/><T90/><D102/><U4/><E4/><V112/><F112/><W45/><G28/><N who="0" m="17431" /><D52/><U120/><E120/><V106/><F31/><W7/><G33/><T26/><D26/><U9/><E30/><V63/><F106/><W93/><G66/><T46/><D46/><U101/><E101/><V51/><F63/><W15/><G59/><T12/><D12/><U68/><E35/><V126/><F126/><W69/><G69/><T58/><D58/><U85/><E67/><V49/><F13/><W61/><G61/><T71/><D71/><U116/><E116/><V77/><F62/><W6/><G19/><T17/><D17/><U37/><E68/><V20/><F64/><W32/><G32/><T83/><D83/><U131/><E70/><V53/><F20/><W114/><G114/><T132/><D132/><U5/><E131/><V39/><F14/><W60/><G60/><T25/><D25/><U2/><E80/><N who="2" m="49639" /><F10/><W56/><G56/><T11/><D11/><U117/><E117/><V86/><F53/><W118/><G118/><T18/><D18/><U113/><E113/><V21/><F21/><W29/><G16/><T111/><N who="0" m="42097" /><T123/><DORA hai="44" /><D123/><U96/><E0/><V127/><F127/><W125/><G125/><T73/><D73/><U124/><E124/><RYUUKYOKU ba="0,0" sc="250,30,250,-10,250,-10,250,-10" hai0="74,82,88,90,99,100,105" /><INIT seed="0,1,0,3,3,108" ten="280,240,240,240" oya="0" hai0="92,1,126,80,134,76,70,52,81,35,90,135,19" hai1="112,24,5,130,23,73,31,51,60,29,119,115,127" hai2="14,84,64,117,93,33,3,50,105,131,101,34,125" hai3="69,32,18,53,55,43,106,25,128,10,65,17,122"/><T22/><D70/><U109/><E109/><V47/><F3/><W54/><G122/><T85/><D35/><U9/><E119/><V48/><F117/><W71/><G128/><T129/><D129/><U102/><E130/><V133/><F131/><W107/><G43/><T87/><D126/><U98/><E73/><V97/><F125/><W74/><G74/><T100/><D1/><U46/><E31/><V75/><F75/><W27/><G54/><T16/><D52/><U88/><E127/><V40/><F133/><N who="0" m="50698" /><D22/><U4/><E88/><V56/><F14/><W86/><G86/><N who="0" m="48391" /><D100/><U114/><E60/><V45/><F56/><W13/><G32/><T82/><D81/><U36/><E36/><V8/><F64/><W38/><G38/><T61/><D61/><U96/><E102/><V11/><F33/><W78/><G65/><T41/><D41/><N who="1" m="25039" /><E4/><V57/><F34/><W111/><G111/><T7/><D7/><U124/><E124/><V77/><F77/><AGARI ba="1,0" hai="16,19,77,82,85,87,90,92" m="48391,50698" machi="77" ten="30,2900,0" yaku="20,1,54,1" doraHai="108" who="0" fromWho="2" sc="280,32,240,0,240,-32,240,0" /><INIT seed="0,2,0,1,1,27" ten="312,240,208,240" oya="0" hai0="113,17,74,23,130,92,129,15,106,10,51,97,112" hai1="125,22,122,6,124,30,28,133,41,19,100,96,26" hai2="114,109,21,61,123,69,42,119,108,8,71,37,90" hai3="1,20,89,35,72,75,79,50,0,134,85,13,88"/><T31/><D74/><U33/><E122/><V60/><F123/><W99/><G35/><T94/><D106/><U43/><E6/><V57/><F114/><W59/><G134/><T93/><D97/><U32/><E133/><V104/><F104/><W101/><G85/><T111/><D51/><U121/><E121/><V34/><F34/><N who="1" m="13417" /><E43/><V126/><F8/><W78/><G59/><T63/><D63/><U105/><E41/><V53/><F126/><AGARI ba="2,0" hai="19,22,26,28,30,96,100,105,124,125,126" m="13417" machi="126" ten="30,3900,0" yaku="18,1,52,2" doraHai="27" who="1" fromWho="2" sc="312,0,240,45,208,-45,240,0" /><INIT seed="1,0,0,5,5,45" ten="312,285,163,240" oya="1" hai0="50,107,69,126,4,14,32,5,20,8,26,90,13" hai1="82,97,51,122,53,40,1,47,38,67,86,55,12" hai2="119,16,34,80,6,129,49,123,74,125,60,78,104" hai3="48,46,59,41,108,134,85,31,76,103,43,62,19"/><U83/><E1/><V9/><F119/><W61/><G108/><T130/><D69/><U35/><E122/><V135/><F123/><W100/><G134/><T131/><D107/><U117/><E117/><V37/><F135/><W52/><G31/><N who="0" m="19575" /><D90/><U93/><E35/><V79/><F37/><W15/><G43/><T94/><D94/><U25/><E25/><V23/><F125/><W109/><G109/><T111/><D50/><U98/><E67/><V127/><F127/><W99/><G62/><T0/><D126/><U28/><E28/><V102/><F34/><W68/><G68/><T95/><D95/><U64/><E64/><V21/><F129/><N who="0" m="49162" /><D111/><U128/><E128/><V88/><F60/><W65/><G99/><T112/><D112/><U58/><E55/><V121/><F121/><W116/><G116/><T11/><D20/><U29/><E98/><V18/><F104/><W36/><G85/><T96/><D96/><U39/><E86/><N who="2" m="50247" /><F74/><W118/><G76/><N who="2" m="29225" /><F102/><W2/><G118/><T73/><D73/><U3/><E39/><V91/><F91/><W89/><G89/><T30/><D30/><U63/><E29/><V75/><F75/><W22/><G103/><T7/><D0/><U105/><E3/><V66/><F66/><W10/><G100/><T24/><D24/><U114/><E105/><V71/><F71/><N who="3" m="42415" /><G2/><T84/><D84/><U57/><E38/><V115/><F115/><W106/><G106/><T44/><D44/><U33/><E114/><V132/><F49/><W56/><G56/><T42/><D42/><N who="1" m="25079" /><E58/><V81/><F132/><W120/><G120/><RYUUKYOKU ba="0,0" sc="312,15,285,-15,163,-15,240,15" hai0="4,5,7,8,11,13,14" hai3="10,15,19,22,36,41,46,48,52,59" /><INIT seed="2,1,0,2,5,109" ten="327,270,148,255" oya="2" hai0="114,130,85,94,83,122,96,74,118,54,6,36,34" hai1="115,23,12,80,59,112,50,38,30,75,105,120,37" hai2="0,25,86,64,132,78,32,17,89,26,125,111,7" hai3="117,41,123,13,133,92,95,91,82,128,67,68,51"/><V135/><F111/><W3/><G123/><T131/><D114/><U77/><E105/><V69/><F125/><W28/><G117/><T48/><D118/><U20/><E120/><V60/><F78/><W61/><G3/><T57/><D122/><U72/><E30/><V44/><F32/><W79/><G133/><N who="2" m="51273" /><F44/><W103/><G128/><N who="0" m="49195" /><D34/><U39/><E75/><V8/><F17/><W127/><G61/><T113/><D113/><U11/><E23/><V56/><F69/><W88/><G95/><AGARI ba="1,0" hai="0,7,8,25,26,56,60,64,86,89,95" m="51273" machi="95" ten="30,1500,0" yaku="20,1" doraHai="109" who="2" fromWho="3" sc="327,0,270,0,148,18,255,-18" /><INIT seed="2,2,0,1,0,113" ten="327,270,166,237" oya="2" hai0="102,59,111,19,49,0,115,75,55,23,56,100,53" hai1="42,80,76,48,8,133,69,17,52,72,78,126,31" hai2="4,71,94,62,54,29,32,129,22,106,74,77,73" hai3="12,26,96,132,20,120,30,91,109,124,90,135,105"/><V43/><F106/><W24/><G109/><T81/><D115/><U28/><E69/><V18/><F129/><W7/><G120/><T98/><D111/><U15/><E126/><V67/><F43/><W88/><G124/><T25/><D0/><U37/><E133/><N who="3" m="51274" /><G7/><T107/><D100/><U87/><E37/><V92/><F4/><W58/><G58/><T65/><D65/><U103/><E42/><V79/><F54/><W70/><G70/><T40/><D40/><U2/><E2/><V110/><F110/><W9/><G9/><T14/><D81/><U121/><E121/><V95/><F32/><N who="3" m="20551" /><G12/><T50/><D75/><U134/><E134/><V6/><F6/><W66/><G66/><T44/><D14/><U119/><E103/><V64/><F64/><W122/><G122/><T127/><D127/><U13/><E13/><V101/><F101/><N who="3" m="62631" /><G91/><T57/><AGARI ba="2,0" hai="19,23,25,44,49,50,53,55,56,57,59,98,102,107" machi="57" ten="20,1500,0" yaku="0,1,7,1" doraHai="113" who="0" fromWho="0" sc="327,21,270,-6,166,-9,237,-6" /><INIT seed="3,0,0,0,5,96" ten="348,264,157,231" oya="3" hai0="122,130,43,51,132,46,9,10,93,105,63,5,61" hai1="50,72,90,131,109,55,98,21,34,41,2,15,47" hai2="120,84,17,126,12,103,129,22,19,3,13,128,60" hai3="48,64,127,88,40,59,77,24,95,37,83,1,67"/><W112/><G112/><T42/><D105/><U62/><E2/><V66/><F3/><W7/><G127/><T81/><D122/><U69/><E34/><V99/><F126/><W0/><G24/><T49/><D130/><U57/><E72/><V74/><F74/><W123/><G123/><T56/><D132/><U27/><E131/><V107/><F120/><W118/><G118/><T101/><D81/><U133/><E109/><V70/><REACH who="2" step="1"/><F84/><REACH who="2" ten="348,264,147,231" step="2"/><W115/><G1/><T20/><D43/><U26/><E41/><V45/><F45/><W73/><G115/><T4/><D42/><U53/><E47/><V6/><F6/><W86/><G37/><T54/><D46/><U25/><E133/><V31/><F31/><W65/><G40/><T110/><D4/><U14/><E26/><V104/><F104/><W87/><G73/><T106/><D5/><U78/><E25/><V111/><F111/><W97/><G0/><T79/><D106/><U58/><E27/><V18/><F18/><W16/><G7/><T121/><D121/><U28/><E28/><V44/><F44/><W76/><G16/><T117/><D110/><U92/><E14/><V35/><F35/><W68/><G87/><T113/><D113/><U114/><E15/><V71/><F71/><W23/><G68/><T85/><D85/><U80/><E69/><V91/><F91/><W89/><G89/><T119/><D119/><U39/><E39/><V102/><F102/><W135/><G135/><T100/><D101/><U82/><E114/><V116/><F116/><W125/><G125/><T108/><D117/><RYUUKYOKU ba="0,1" sc="348,-10,264,-10,147,30,231,-10" hai2="12,13,17,19,22,60,66,70,99,103,107,128,129" owari="348,44.8,254,5.4,177,-32.3,221,-17.9" /></mjloggm>