<mjloggm ver="2.3"><GO type="225" lobby="0"/><UN n0="%E6%80%AA%E3%81%97%E3%81%99%E3%81%8E%E3%82%8B%E3%83%81%E3%83%BC" n1="%E3%81%A6%E3%81%A4%EF%BC%A3" n2="%6D%75%75%6D%75%72%61" n3="%E3%81%B8%E3%82%80%E3%81%B8%E3%82%80%EF%BC%92%E5%8F%B7" dan="17,16,16,17" rate="2141.14,2051.63,2081.21,2186.06" sx="M,M,F,M"/><TAIKYOKU oya="0"/><INIT seed="0,0,0,3,5,18" ten="250,250,250,250" oya="0" hai0="108,87,23,122,31,41,47,3,34,24,39,45,26" hai1="119,126,121,35,13,102,27,135,106,103,77,42,127" hai2="85,14,51,79,36,44,55,62,65,29,83,22,91" hai3="123,50,115,78,94,48,12,133,82,117,132,54,56"/><T9/><D122/><U40/><E121/><V84/><F36/><W32/><G123/><T88/><D108/><U66/><E119/><V1/><F1/><W130/><G115/><T17/><D47/><U59/><E135/><N who="3" m="51786" /><G32/><T57/><D57/><U116/><E116/><V125/><F125/><N who="1" m="47625" /><E77/><V72/><F91/><W43/><G117/><T93/><D3/><U134/><E134/><V38/><F38/><W100/><G12/><T11/><AGARI ba="0,0" hai="9,11,17,23,24,26,31,34,39,41,45,87,88,93" machi="11" ten="30,6000,0" yaku="0,1,52,1,54,1" doraHai="18" who="0" fromWho="0" sc="250,60,250,-20,250,-20,250,-20" /><INIT seed="0,1,0,0,2,19" ten="310,230,230,230" oya="0" hai0="63,15,109,95,25,14,101,96,135,65,126,113,64" hai1="99,127,97,103,58,57,56,6,70,17,121,50,74" hai2="9,118,86,53,130,12,5,35,120,16,10,66,98" hai3="125,111,79,134,128,119,73,2,92,83,11,100,102"/><T31/><D113/><U110/><E121/><V116/><F120/><W51/><G119/><N who="2" m="45609" /><F130/><W61/><G128/><T41/><D126/><U77/><E127/><V39/><F35/><W29/><G125/><T43/><D135/><U81/><E110/><V34/><F34/><W108/><G134/><T88/><D109/><N who="3" m="42057" /><G29/><T105/><D65/><U71/><E6/><V115/><F115/><W46/><G61/><T45/><D41/><U94/><E50/><V78/><F39/><W87/><G11/><T75/><D75/><U82/><E81/><N who="2" m="47415" /><F66/><W107/><G107/><T23/><D105/><U40/><E40/><V36/><F36/><W131/><G2/><T3/><D3/><U30/><E30/><V93/><F53/><N who="3" m="29943" /><G131/><T89/><D89/><AGARI ba="1,0" hai="73,79,83,87,89,92,100,102" m="29943,42057" machi="89" ten="30,1000,0" yaku="14,1" doraHai="19" who="3" fromWho="0" sc="310,-13,230,0,230,0,230,13" /><INIT seed="1,0,0,2,0,31" ten="297,230,230,243" oya="1" hai0="105,10,24,56,44,65,96,87,64,28,1,17,45" hai1="40,68,21,126,67,0,129,12,34,73,60,103,89" hai2="113,54,101,91,108,36,16,112,2,4,80,76,86" hai3="111,72,50,100,71,128,7,49,119,130,135,121,110"/><U14/><E0/><V116/><F116/><W51/><G121/><T134/><D134/><U9/><E129/><N who="3" m="49770" /><G72/><T114/><D114/><N who="2" m="44138" /><F36/><W98/><G135/><T3/><D87/><U20/><E73/><V118/><F118/><W38/><G38/><T107/><D17/><U29/><E126/><V77/><F108/><N who="3" m="41515" /><G119/><T35/><D3/><U99/><E89/><V95/><F54/><W79/><G79/><T83/><D83/><U122/><E40/><V131/><F131/><W47/><G7/><T46/><D56/><U70/><E70/><V42/><F42/><N who="3" m="24823" /><G71/><T58/><D58/><U104/><E122/><V43/><F43/><W19/><G19/><T92/><D65/><U93/><E93/><AGARI ba="0,0" hai="50,51,93,98,100" m="24823,41515,49770" machi="93" ten="30,2000,0" yaku="19,1,14,1" doraHai="31" who="3" fromWho="1" sc="297,0,230,-20,230,0,243,20" /><INIT seed="2,0,0,3,5,16" ten="297,210,230,263" oya="2" hai0="46,92,96,52,93,62,2,106,75,54,14,53,72" hai1="6,37,87,26,63,107,34,133,113,91,89,81,126" hai2="42,67,97,70,8,112,110,19,125,135,118,60,114" hai3="117,66,58,78,35,120,68,3,30,5,39,108,83"/><V101/><F118/><W94/><G117/><T90/><D2/><U128/><E113/><V116/><F116/><W121/><G58/><T31/><D106/><U102/><E128/><V74/><F125/><W127/><G94/><T79/><D79/><U59/><E126/><V44/><F135/><W13/><G13/><T115/><D115/><U129/><E129/><V84/><F74/><N who="3" m="43479" /><G39/><T9/><D31/><U131/><E133/><V23/><F8/><N who="3" m="2111" /><G127/><T95/><D46/><U76/><E37/><V109/><F84/><W98/><G98/><T99/><D62/><U100/><E131/><V119/><F119/><W36/><G36/><T88/><D95/><U0/><E107/><V17/><F17/><AGARI ba="0,0" hai="9,14,17,52,53,54,72,75,88,90,92,93,96,99" machi="17" ten="40,5200,0" yaku="9,1,54,2" doraHai="16" who="0" fromWho="2" sc="297,52,210,0,230,-52,263,0" /><INIT seed="3,0,0,0,5,20" ten="349,210,178,263" oya="3" hai0="76,41,117,29,69,97,81,13,63,42,110,107,8" hai1="118,51,31,37,102,54,89,17,14,44,74,26,71" hai2="55,68,116,125,16,122,27,3,43,124,90,109,40" hai3="134,2,72,47,127,131,112,59,98,58,0,88,11"/><W15/><G112/><T45/><D117/><U92/><E118/><V50/><F116/><W52/><G72/><T132/><D110/><U77/><E71/><V24/><F68/><W113/><G113/><T83/><D132/><U25/><E102/><V133/><F109/><W28/><G134/><T123/><D29/><U91/><E37/><V39/><F39/><W34/><G131/><T61/><D123/><U135/><E135/><V49/><F133/><W126/><G47/><T57/><D69/><U32/><E25/><N who="2" m="9803" /><F3/><W56/><G28/><T1/><D1/><U62/><E62/><V111/><F111/><W78/><G78/><T87/><D61/><U119/><E119/><V53/><F122/><W22/><G52/><N who="2" m="20041" /><F16/><W66/><G34/><T73/><D107/><U82/><REACH who="1" step="1"/><E92/><REACH who="1" ten="349,200,178,263" step="2"/><V108/><F108/><W94/><G94/><T80/><D63/><U114/><E114/><V75/><F75/><W12/><G126/><N who="2" m="48745" /><F90/><W86/><G88/><T33/><D73/><U105/><E105/><V7/><F7/><W21/><G127/><T10/><D83/><U23/><AGARI ba="0,1" hai="14,17,23,26,31,32,44,51,54,74,77,82,89,91" machi="23" ten="20,12000,2" yaku="1,1,0,1,7,1,52,1,53,2" doraHai="20" doraHaiUra="85" who="1" fromWho="1" sc="349,-30,200,130,178,-30,263,-60" owari="319,11.9,330,43.0,148,-35.2,203,-19.7" /></mjloggm>