<mjloggm ver="2.3"><GO type="225" lobby="0"/><UN n0="%72%69%6F%75%63%68%61%6E" n1="%E6%A1%9C%E8%8A%B1%E9%96%83%E3%80%85" n2="%E5%8F%AF%E5%85%90%E9%82%A3%E7%94%B1%E5%A4%9A" n3="%38%63%E3%81%AF%E3%81%A3%E3%81%97%E3%83%BC" dan="16,16,16,16" rate="2148.51,2116.48,2183.44,2109.02" sx="M,M,F,M"/><TAIKYOKU oya="0"/><INIT seed="0,0,0,4,2,8" ten="250,250,250,250" oya="0" hai0="64,133,10,115,121,14,52,18,43,19,128,130,22" hai1="13,30,39,98,103,63,33,11,92,46,23,0,7" hai2="110,40,27,34,41,95,94,24,38,37,106,2,82" hai3="49,102,114,122,56,134,90,132,61,74,73,45,59"/><T1/><D115/><U6/><E63/><V81/><F106/><W58/><G114/><T54/><D121/><U35/><E7/><V78/><F78/><W4/><G122/><T28/><D133/><N who="3" m="51305" /><G102/><T83/><D28/><U3/><E23/><V109/><REACH who="2" step="1"/><F2/><REACH who="2" ten="250,250,240,250" step="2"/><W119/><G119/><T66/><D1/><U123/><E123/><V16/><F16/><W84/><G4/><T69/><D130/><U5/><E5/><V75/><F75/><W76/><G76/><T91/><D128/><U129/><E129/><V55/><F55/><N who="0" m="21034" /><D43/><U12/><E0/><V47/><F47/><W124/><G73/><T79/><D79/><U32/><REACH who="1" step="1"/><E30/><REACH who="1" ten="250,240,240,250" step="2"/><V48/><F48/><W126/><G49/><T111/><D111/><U80/><E80/><V29/><F29/><W97/><G45/><T65/><D69/><U62/><E62/><V107/><F107/><W36/><G61/><T131/><D131/><U57/><E57/><V120/><F120/><W96/><G58/><T67/><D67/><U21/><E21/><V25/><F25/><W26/><G59/><T125/><D64/><U77/><E77/><V100/><F100/><W17/><G26/><N who="0" m="14679" /><D65/><U101/><E101/><V20/><F20/><W72/><G56/><T127/><D66/><U117/><E117/><V68/><F68/><W135/><G135/><T31/><D31/><U93/><E93/><V60/><F60/><W112/><G74/><T50/><D50/><U15/><E15/><V9/><F9/><W118/><G72/><T85/><D14/><U70/><E70/><V113/><F113/><W87/><G112/><RYUUKYOKU ba="0,2" sc="250,10,240,10,240,10,250,-30" hai0="10,19,83,85,91,125,127" hai1="3,6,11,12,13,32,33,35,39,46,92,98,103" hai2="24,27,34,37,38,40,41,81,82,94,95,109,110" /><INIT seed="0,1,2,2,1,93" ten="260,250,250,220" oya="0" hai0="133,23,121,66,71,12,58,57,34,54,69,126,15" hai1="100,88,119,68,35,94,130,96,95,73,46,129,51" hai2="123,92,45,24,108,110,44,80,14,77,11,98,111" hai3="32,38,105,37,83,47,74,128,63,85,48,75,59"/><T86/><D121/><U107/><E119/><V40/><F123/><W43/><G32/><T87/><D34/><U70/><E35/><V103/><F24/><W79/><G105/><T72/><D72/><U16/><E73/><N who="2" m="43055" /><F40/><W125/><G128/><N who="1" m="49258" /><E107/><V9/><F9/><W17/><G125/><T18/><D133/><U62/><E62/><V134/><F134/><W97/><G75/><T3/><D126/><U89/><E16/><AGARI ba="1,2" hai="11,14,16,44,45,92,98,103,108,110,111" m="43055" machi="16" ten="30,3900,0" yaku="14,1,52,1,54,1" doraHai="93" who="2" fromWho="1" sc="260,0,250,-42,250,62,220,0" /><INIT seed="1,0,0,1,2,19" ten="260,208,312,220" oya="1" hai0="61,135,99,27,63,43,126,14,125,131,29,31,77" hai1="90,102,40,81,0,130,106,59,53,32,104,79,25" hai2="86,4,128,116,41,95,123,73,15,20,39,120,129" hai3="22,51,64,132,101,92,35,80,62,8,49,34,118"/><U48/><E130/><N who="2" m="50283" /><F73/><W94/><G132/><T9/><D131/><U78/><E0/><V111/><F116/><W117/><G8/><T85/><D135/><U57/><E40/><V68/><F68/><W71/><G80/><N who="0" m="47247" /><D43/><U134/><E134/><V113/><F111/><W5/><G5/><N who="0" m="3375" /><D99/><U60/><E102/><V42/><F113/><W37/><G37/><T98/><D98/><U96/><E106/><V91/><F4/><W46/><G35/><T76/><D76/><U52/><E81/><V58/><F41/><W16/><G34/><T67/><D67/><U1/><E1/><V103/><F103/><W119/><G101/><T72/><D72/><U24/><E104/><V28/><F42/><N who="3" m="24791" /><G51/><T84/><D84/><U121/><E121/><V115/><F39/><W70/><G70/><T38/><D38/><U50/><E60/><N who="0" m="23113" /><D27/><AGARI ba="0,0" hai="16,22,27,62,64,71,92,94,117,118,119" m="24791" machi="27" ten="30,3900,0" yaku="12,1,52,1,54,1" doraHai="19" who="3" fromWho="0" sc="260,-39,208,0,312,0,220,39" /><INIT seed="2,0,0,0,5,63" ten="221,208,312,259" oya="2" hai0="130,73,11,124,69,39,28,9,108,133,105,112,85" hai1="83,97,96,27,46,34,40,50,129,101,110,91,109" hai2="32,79,22,126,131,7,36,13,54,31,104,4,74" hai3="128,15,135,84,70,77,64,75,103,87,66,51,122"/><V33/><F104/><W65/><G122/><T102/><RYUUKYOKU type="yao9" ba="0,0" sc="221,0,208,0,312,0,259,0" hai0="9,11,28,39,69,73,85,102,105,108,112,124,130,133" /><INIT seed="2,1,0,4,0,19" ten="221,208,312,259" oya="2" hai0="39,79,93,121,7,107,122,26,0,98,4,70,21" hai1="49,6,127,25,51,126,14,64,3,63,58,53,69" hai2="91,109,113,74,112,48,80,120,132,128,9,110,35" hai3="85,34,123,55,46,88,30,52,135,73,95,18,24"/><V119/><F35/><W97/><G123/><T60/><D39/><U131/><E3/><V104/><F9/><W108/><G73/><T57/><D70/><U130/><E25/><V62/><F48/><N who="1" m="18505" /><E14/><V65/><F120/><W71/><G71/><T78/><D107/><U75/><E6/><N who="0" m="2089" /><D0/><U61/><E75/><V56/><F119/><W87/><G108/><N who="2" m="41577" /><F132/><W5/><G135/><T99/><D121/><U37/><E37/><V66/><F104/><W16/><G5/><T67/><D122/><U101/><E101/><V31/><F31/><W22/><G18/><N who="0" m="12599" /><D99/><U83/><E83/><V23/><F128/><AGARI ba="1,0" hai="53,58,61,63,64,69,126,127,128,130,131" m="18505" machi="128" ten="30,3900,0" yaku="19,1,34,2" doraHai="19" who="1" fromWho="2" sc="221,0,208,42,312,-42,259,0" /><INIT seed="3,0,0,2,3,120" ten="221,250,270,259" oya="3" hai0="19,11,102,76,116,45,7,59,32,51,28,38,81" hai1="35,16,47,41,69,13,15,53,80,31,2,130,61" hai2="64,26,99,79,44,135,112,49,21,110,126,134,8" hai3="105,18,72,55,107,84,96,86,95,1,83,133,27"/><W66/><G1/><T68/><D68/><U56/><E130/><V71/><F112/><W6/><G6/><T24/><D116/><U65/><E2/><V98/><F126/><W48/><G66/><T39/><D102/><U104/><E104/><V12/><F79/><W4/><G4/><T70/><D70/><U63/><E80/><V85/><F85/><W30/><G72/><T101/><D101/><U29/><E13/><V34/><F34/><W92/><G18/><T113/><D113/><U117/><E35/><V106/><F64/><W74/><G74/><T124/><D124/><U127/><E117/><V78/><F78/><W43/><G43/><T40/><D19/><U87/><E87/><V23/><F71/><W17/><G17/><T89/><D89/><U9/><REACH who="1" step="1"/><E127/><REACH who="1" ten="221,240,270,259" step="2"/><V5/><F12/><W25/><G83/><T115/><D115/><U57/><E57/><V109/><F106/><W114/><G84/><N who="0" m="48167" /><D59/><U131/><E131/><V3/><F3/><W37/><G107/><T46/><D45/><U20/><E20/><V119/><F21/><W123/><G105/><T111/><D111/><N who="2" m="42506" /><F119/><W52/><G86/><T50/><D50/><AGARI ba="0,1" hai="9,15,16,29,31,41,47,50,53,56,61,63,65,69" machi="50" ten="30,7700,0" yaku="1,1,7,1,54,1,53,1" doraHai="120" doraHaiUra="42" who="1" fromWho="0" sc="221,-77,240,87,270,0,259,0" owari="144,-35.6,327,42.7,270,7.0,259,-14.1" /></mjloggm>