<mjloggm ver="2.3"><GO type="225" lobby="0"/><UN n0="%E9%81%85%E5%88%BB%E3%81%AE%E3%83%97%E3%83%AA%E3%83%B3%E3%82%B9%E2%99%AA" n1="%E3%83%A9%E3%83%96%E3%83%AC%E3%83%BC" n2="%43%68%65" n3="%E3%81%AF%E3%82%88%E3%81%8A%E3%81%98%E3%81%95%E3%82%93" dan="16,18,16,16" rate="2162.26,2249.22,2173.36,2198.40" sx="F,M,M,M"/><TAIKYOKU oya="0"/><INIT seed="0,0,0,4,3,21" ten="250,250,250,250" oya="0" hai0="69,62,109,113,34,58,123,50,16,42,2,118,114" hai1="0,22,91,49,44,23,33,10,122,55,93,77,124" hai2="85,61,63,92,9,90,65,11,94,3,120,14,39" hai3="116,82,64,35,130,12,125,72,99,101,107,66,121"/><T29/><D2/><U105/><E122/><V52/><F120/><W134/><G116/><T112/><D123/><U74/><E33/><V71/><F39/><W53/><G35/><T106/><D106/><U4/><E105/><V27/><F3/><W135/><G121/><T1/><D1/><U73/><E124/><V57/><F27/><W24/><G125/><T103/><D103/><U7/><E7/><V41/><F41/><W46/><G130/><T133/><D118/><U67/><E67/><V56/><F71/><W51/><G12/><T87/><D109/><U100/><E100/><V59/><F59/><W76/><REACH who="3" step="1"/><G24/><REACH who="3" ten="250,250,250,240" step="2"/><T95/><D112/><U30/><E30/><V19/><REACH who="2" step="1"/><F11/><REACH who="2" ten="250,250,240,240" step="2"/><W104/><G104/><T79/><D114/><U86/><E10/><V88/><F88/><W97/><G97/><T102/><D113/><U128/><E91/><V98/><F98/><W60/><G60/><T127/><D127/><U83/><E0/><V26/><F26/><W15/><G15/><T119/><D62/><U36/><E128/><V129/><F129/><W20/><G20/><T84/><D119/><U6/><E23/><V126/><F126/><W37/><G37/><T31/><D31/><U110/><E22/><V70/><F70/><W81/><G81/><AGARI ba="0,2" hai="9,14,19,52,56,57,61,63,65,81,85,90,92,94" machi="81" ten="30,8000,1" yaku="1,1,7,1,8,1,54,1,53,1" doraHai="21" doraHaiUra="8" who="2" fromWho="3" sc="250,0,250,0,240,100,240,-80" /><INIT seed="1,0,0,5,5,81" ten="250,250,340,160" oya="1" hai0="21,116,37,10,79,89,55,123,69,95,106,40,38" hai1="94,130,120,3,59,45,13,1,133,87,67,111,85" hai2="17,60,28,19,63,82,110,99,78,132,49,52,114" hai3="97,27,57,96,125,23,105,46,0,128,61,86,112"/><U121/><E130/><V117/><F117/><W80/><G112/><T62/><D116/><U54/><E67/><V71/><F114/><W84/><G0/><T134/><D106/><U75/><E75/><V36/><F36/><W64/><G128/><T22/><D79/><U30/><E30/><V6/><F71/><W104/><G125/><T68/><D10/><U12/><E94/><V48/><F48/><W98/><G46/><T101/><D101/><U109/><E45/><V53/><F53/><W16/><REACH who="3" step="1"/><G84/><REACH who="3" ten="250,250,340,150" step="2"/><T58/><D123/><U92/><E1/><V32/><F110/><W124/><G124/><T90/><D134/><U91/><E3/><V18/><F132/><W129/><G129/><T108/><D108/><N who="1" m="41547" /><E133/><V7/><F99/><W66/><G66/><T77/><D38/><U35/><E121/><V4/><F32/><W102/><G102/><T122/><D122/><U50/><E35/><V29/><F29/><W20/><G20/><T24/><D22/><U115/><E115/><V9/><F28/><W72/><G72/><T47/><D37/><U51/><E120/><V25/><F9/><W126/><G126/><T119/><D119/><U2/><E2/><V100/><F100/><W70/><G70/><T31/><D69/><U8/><E8/><V127/><F127/><W42/><G42/><T41/><D68/><U14/><E87/><N who="2" m="48599" /><F25/><W73/><G73/><T43/><D47/><AGARI ba="0,1" hai="4,6,7,17,18,19,47,49,52,60,63" m="48599" machi="47" ten="30,3900,0" yaku="8,1,52,1,54,1" doraHai="81" who="2" fromWho="0" sc="250,-39,250,0,340,49,150,0" /><INIT seed="2,0,0,3,5,61" ten="211,250,389,150" oya="2" hai0="98,25,83,97,86,28,53,124,49,116,39,60,119" hai1="85,38,108,9,20,21,88,105,48,115,123,129,89" hai2="114,51,7,55,45,35,11,19,33,31,18,99,47" hai3="10,58,12,41,77,34,0,67,70,62,134,112,118"/><V80/><F114/><W82/><G118/><N who="0" m="45099" /><D39/><U93/><E105/><V132/><F132/><W4/><G134/><T103/><D60/><U104/><E104/><V68/><F68/><W109/><G112/><T91/><D103/><U120/><E115/><V84/><F99/><W1/><G109/><T135/><D124/><U133/><E38/><V27/><F47/><W13/><G34/><N who="0" m="20751" /><D135/><U76/><E108/><V92/><F92/><W128/><G128/><T14/><D14/><U15/><E129/><V96/><F96/><W3/><G41/><T17/><D17/><U16/><E133/><V102/><F102/><W65/><G12/><T66/><D66/><U110/><E110/><V75/><F75/><W131/><G131/><T100/><D100/><U59/><E123/><V26/><F26/><W6/><G6/><T122/><D122/><U73/><E73/><V69/><F69/><W43/><G43/><T81/><D81/><N who="1" m="47271" /><E120/><V127/><F35/><W90/><G90/><N who="1" m="34922" /><E93/><V23/><F33/><W42/><G42/><T121/><D121/><U125/><E125/><V52/><F127/><W94/><G94/><T63/><D63/><U72/><E72/><V50/><F80/><W106/><G106/><T74/><D74/><U5/><E5/><V117/><F117/><W2/><N who="3" m="0" /><DORA hai="78" /><W46/><G70/><T44/><AGARI ba="0,0" hai="44,49,53,83,86,91,97,98" m="20751,45099" machi="44" ten="30,2000,0" yaku="12,1,52,1" doraHai="61,78" who="0" fromWho="0" sc="211,20,250,-5,389,-10,150,-5" /><INIT seed="3,0,0,5,2,20" ten="231,245,379,145" oya="3" hai0="83,47,94,16,80,19,71,9,109,8,45,2,134" hai1="44,70,34,39,4,59,73,125,79,66,75,96,65" hai2="103,121,60,31,7,105,27,36,58,55,35,97,135" hai3="110,37,89,74,1,13,29,72,53,30,130,128,26"/><W6/><G37/><T119/><D119/><U115/><E115/><V68/><F36/><W117/><G117/><T112/><D71/><U11/><E70/><V120/><F135/><W129/><G1/><T57/><D134/><U21/><E34/><V67/><F7/><W91/><G110/><T28/><D109/><U85/><E96/><V118/><F118/><W113/><G113/><T46/><D112/><U22/><E85/><V3/><F3/><W99/><G53/><T49/><D2/><N who="1" m="407" /><E75/><N who="3" m="28714" /><G99/><T42/><D28/><N who="3" m="10857" /><G26/><T95/><D42/><N who="1" m="22623" /><E66/><V93/><F93/><N who="0" m="35338" /><D57/><U56/><E56/><V24/><F24/><W23/><G23/><T98/><D98/><U41/><E41/><V82/><F82/><N who="0" m="31274" /><D49/><AGARI ba="0,0" hai="27,31,35,49,55,58,60,67,68,97,103,105,120,121" machi="49" ten="40,5200,0" yaku="25,2,52,1" doraHai="20" who="2" fromWho="0" sc="231,-52,245,0,379,52,145,0" owari="179,-22.1,245,4.5,431,53.1,145,-35.5" /></mjloggm>