<mjloggm ver="2.3"><GO type="225" lobby="0"/><UN n0="%E3%83%97%E3%83%AC%E3%83%B4%E3%82%A1%E3%83%86%E3%82%A3" n1="%E6%B0%B7%E5%B7%9D%E9%87%8C%E5%A5%88" n2="%E3%81%A9%E3%82%93%E3%82%88%E3%81%8F%4D%6B%2E%32" n3="%E3%81%AA%E3%81%A3%E3%81%8D%E3%82%8A" dan="16,16,16,19" rate="2102.77,2140.59,2137.96,2272.98" sx="F,F,M,M"/><TAIKYOKU oya="0"/><INIT seed="0,0,0,5,4,14" ten="250,250,250,250" oya="0" hai0="23,92,95,47,103,75,51,115,118,105,116,55,9" hai1="101,66,28,2,84,5,120,81,32,52,34,78,87" hai2="122,18,113,90,22,70,31,91,1,123,38,135,46" hai3="64,89,45,79,102,104,6,10,67,130,126,39,8"/><T36/><D115/><U54/><E120/><V98/><F70/><W4/><G79/><T57/><D75/><U99/><E66/><V59/><F113/><W11/><G126/><T20/><D105/><U42/><E42/><V77/><F1/><W68/><G68/><T26/><D9/><U21/><E87/><V128/><F31/><W119/><G102/><T12/><D12/><U133/><E133/><V0/><F0/><W25/><G104/><T80/><D80/><U72/><E72/><V7/><F7/><N who="3" m="2603" /><G45/><T44/><D23/><U62/><E5/><V93/><F77/><W121/><G39/><T13/><D13/><U109/><E109/><V48/><F38/><W94/><G119/><T88/><D36/><U86/><E86/><V117/><F117/><W37/><G130/><T69/><D69/><U106/><E2/><V43/><F128/><W124/><G124/><T50/><D118/><U16/><E28/><V129/><F129/><W24/><G37/><T127/><D127/><U63/><E63/><V111/><F111/><W49/><G49/><T82/><D116/><U107/><E107/><V27/><F135/><W60/><G60/><T108/><D108/><U74/><E74/><V15/><F91/><W41/><G41/><N who="0" m="24847" /><D47/><U17/><E62/><V65/><F59/><W58/><G58/><T112/><D112/><U35/><REACH who="1" step="1"/><E21/><REACH who="1" ten="250,240,250,250" step="2"/><N who="2" m="11487" /><F65/><N who="3" m="25163" /><G121/><T114/><D114/><U125/><E125/><V19/><F122/><W134/><G134/><T85/><D103/><U131/><E131/><V61/><F123/><W132/><G132/><T56/><D56/><U110/><E110/><RYUUKYOKU ba="0,1" sc="250,0,240,0,250,0,250,0" hai0="20,26,51,55,57,82,85,88,92,95" hai1="16,17,32,34,35,52,54,78,81,84,99,101,106" hai2="19,22,27,43,46,48,61,90,93,98" hai3="8,10,11,24,25,89,94" /><INIT seed="0,1,1,3,1,32" ten="250,240,250,250" oya="0" hai0="48,17,19,112,71,126,1,38,114,62,96,34,69" hai1="97,82,57,92,91,18,35,30,27,75,21,102,85" hai2="13,110,111,55,128,79,125,123,113,109,56,103,108" hai3="119,122,22,66,81,107,116,131,44,51,135,49,132"/><T16/><D34/><U9/><E9/><V64/><N who="2" m="27648" /><DORA hai="99" /><V12/><F113/><W26/><G107/><T67/><D38/><U41/><E41/><V101/><F123/><W59/><G81/><T58/><D126/><U117/><E57/><V54/><F125/><W95/><G95/><T33/><D33/><U53/><E53/><N who="2" m="19979" /><F79/><W87/><G87/><T94/><D48/><U15/><REACH who="1" step="1"/><E75/><REACH who="1" ten="250,230,250,250" step="2"/><V6/><F128/><W25/><G131/><T28/><D28/><U90/><E90/><V106/><F106/><W5/><G122/><T73/><D73/><U2/><E2/><V100/><F6/><W63/><G5/><T83/><D1/><U78/><E78/><V0/><F0/><W88/><G88/><T43/><D43/><U23/><E23/><V7/><F7/><W20/><G20/><T133/><D133/><U129/><E129/><V40/><F40/><W124/><G124/><T115/><REACH who="0" step="1"/><D83/><REACH who="0" ten="240,230,250,250" step="2"/><U47/><E47/><V39/><F39/><W24/><G44/><T68/><D68/><U37/><E37/><V11/><F11/><W118/><REACH who="3" step="1"/><G22/><REACH who="3" ten="240,230,250,240" step="2"/><T29/><D29/><U45/><E45/><V36/><F36/><W70/><G70/><T89/><AGARI ba="1,4" hai="16,17,19,58,62,67,69,71,89,94,96,112,114,115" machi="89" ten="40,12000,1" yaku="1,1,0,1,54,1,53,1" doraHai="32,99" doraHaiUra="8,86" who="0" fromWho="0" sc="240,163,230,-41,250,-41,240,-41" /><INIT seed="0,2,0,5,0,119" ten="403,189,209,199" oya="0" hai0="117,80,76,55,107,4,109,96,63,18,27,127,87" hai1="59,2,113,20,115,71,72,38,69,124,89,70,28" hai2="7,42,79,75,26,118,85,39,32,82,14,133,44" hai3="83,134,15,95,105,66,16,31,49,58,120,9,62"/><T97/><D117/><U128/><E72/><V126/><F118/><W116/><G105/><T74/><D127/><U61/><E38/><V43/><F43/><W112/><G116/><T5/><D109/><U57/><E2/><V104/><F104/><W19/><G112/><N who="1" m="43082" /><E128/><V35/><F126/><W100/><G134/><T98/><D107/><U78/><E78/><V103/><F103/><W10/><G31/><T121/><D74/><U33/><E33/><V101/><F101/><W122/><G83/><T125/><D125/><U130/><E130/><V84/><F133/><W50/><G95/><T77/><D77/><U36/><E36/><V25/><F35/><W92/><G92/><T56/><D121/><N who="3" m="46697" /><G100/><T91/><D76/><U131/><E131/><V37/><F32/><W21/><G9/><T34/><D34/><U129/><E129/><V86/><F39/><W64/><G66/><T6/><D27/><AGARI ba="2,0" hai="10,15,16,19,21,27,49,50,58,62,64" m="46697" machi="27" ten="30,8000,1" yaku="13,1,52,3,54,1" doraHai="119" who="3" fromWho="0" sc="403,-86,189,0,209,0,199,86" /><INIT seed="1,0,0,1,2,8" ten="317,189,209,285" oya="1" hai0="87,14,32,58,70,101,20,119,80,92,52,103,120" hai1="99,130,10,96,116,53,65,1,106,95,67,110,15" hai2="68,19,64,55,109,88,7,62,113,83,21,93,0" hai3="97,27,123,50,54,112,102,16,61,37,2,25,73"/><U63/><E116/><V35/><F35/><W121/><G2/><T104/><D32/><U86/><E1/><V3/><F113/><W126/><G37/><T77/><D70/><U134/><E134/><V98/><F109/><W24/><G73/><T13/><D119/><U23/><E130/><V56/><F7/><W127/><G61/><N who="0" m="36039" /><D104/><U66/><E110/><V115/><F115/><W22/><G112/><T131/><D120/><U9/><E106/><V91/><F83/><W135/><G135/><T107/><D107/><U6/><E9/><V82/><F82/><W85/><G85/><T28/><D131/><U41/><E23/><V47/><F47/><N who="3" m="27999" /><G97/><N who="0" m="59559" /><D103/><U11/><E11/><V94/><F68/><W72/><G102/><T117/><D117/><U38/><E38/><V5/><F5/><W40/><G40/><T18/><D28/><U132/><E132/><V75/><F75/><W33/><G72/><T76/><D77/><U49/><E41/><V26/><F64/><W118/><G118/><T44/><D44/><N who="1" m="27815" /><E63/><V17/><F17/><W36/><G36/><T43/><D43/><U29/><E29/><V39/><F39/><W108/><G108/><T114/><D114/><U12/><E86/><AGARI ba="0,0" hai="0,3,19,21,26,55,56,62,86,88,91,93,94,98" machi="86" ten="30,7700,0" yaku="7,1,25,2,54,1" doraHai="8" who="2" fromWho="1" sc="317,0,189,-77,209,77,285,0" /><INIT seed="2,0,0,3,5,124" ten="317,112,286,285" oya="2" hai0="2,113,37,90,75,62,122,71,86,116,22,68,111" hai1="112,0,129,120,117,1,110,82,92,16,9,56,79" hai2="77,60,3,83,73,41,28,8,29,70,119,21,51" hai3="7,95,64,85,121,118,134,72,63,131,33,46,98"/><V19/><F119/><W50/><G118/><T17/><D116/><U99/><E117/><RYUUKYOKU type="kaze4" ba="0,0" sc="317,0,112,0,286,0,285,0" /><INIT seed="2,1,0,0,5,132" ten="317,112,286,285" oya="2" hai0="66,14,92,40,26,25,62,135,128,45,133,0,60" hai1="23,4,57,5,56,42,119,107,38,90,30,84,117" hai2="69,105,104,48,64,18,9,43,75,89,59,95,85" hai3="114,99,76,72,83,130,111,8,3,11,31,106,109"/><V82/><F69/><W24/><G130/><T120/><D120/><U15/><E107/><V77/><F64/><W6/><G11/><T51/><D0/><U44/><E117/><V131/><F131/><W1/><G1/><T96/><D128/><U116/><E116/><V63/><F63/><W54/><G54/><T55/><D14/><U108/><E119/><V29/><F29/><W70/><G70/><T33/><D40/><U58/><E108/><V2/><F59/><W19/><G19/><T61/><D66/><U27/><E38/><V46/><F18/><W53/><G53/><T13/><D13/><U12/><E44/><V28/><REACH who="2" step="1"/><F28/><REACH who="2" ten="317,112,276,285" step="2"/><W49/><G111/><T79/><D33/><U94/><E42/><V80/><F80/><W39/><G109/><T7/><D7/><AGARI ba="1,1" hai="2,7,9,43,46,48,75,77,82,85,89,95,104,105" machi="7" ten="40,2000,0" yaku="1,1,53,0" doraHai="132" doraHaiUra="123" who="2" fromWho="0" sc="317,-23,112,0,276,33,285,0" /><INIT seed="2,2,0,0,5,21" ten="294,112,309,285" oya="2" hai0="90,23,115,110,105,124,43,46,16,114,120,93,52" hai1="37,77,88,71,66,39,94,26,112,129,32,18,75" hai2="13,35,97,17,60,34,29,1,72,76,57,31,3" hai3="2,45,85,69,6,100,108,56,121,51,89,99,134"/><V61/><F72/><W82/><G69/><T73/><D73/><U123/><E112/><V62/><F76/><W132/><G121/><T9/><D120/><U78/><E123/><V95/><F57/><W106/><G108/><T48/><D110/><U84/><E129/><V0/><F34/><W131/><G131/><T12/><D105/><U19/><E75/><V81/><F81/><W24/><G56/><T14/><D124/><U119/><E119/><V96/><F35/><W41/><G24/><T38/><D38/><U54/><E71/><V80/><F80/><W70/><G70/><T122/><D122/><U109/><E109/><V111/><F111/><W92/><G6/><T128/><D128/><U63/><E66/><V53/><F53/><W91/><REACH who="3" step="1"/><G2/><REACH who="3" ten="294,112,309,275" step="2"/><T20/><D115/><U33/><E63/><V125/><F125/><W40/><G40/><T126/><D114/><U42/><E42/><V102/><REACH who="2" step="1"/><F97/><AGARI ba="2,1" hai="41,45,51,82,85,89,91,92,97,99,100,106,132,134" machi="97" ten="40,1300,0" yaku="1,1,53,0" doraHai="21" doraHaiUra="64" who="3" fromWho="2" sc="294,0,112,0,309,-19,275,29" /><INIT seed="3,0,0,3,0,54" ten="294,112,290,304" oya="3" hai0="106,22,97,95,2,86,132,64,77,115,117,59,65" hai1="121,88,6,5,41,98,8,53,68,79,130,44,75" hai2="46,123,127,50,78,103,19,94,90,20,36,49,92" hai3="33,105,114,27,122,4,13,18,71,73,80,25,87"/><W102/><G122/><T47/><D117/><U9/><E121/><V14/><F36/><W100/><G71/><T38/><D2/><U131/><E68/><V135/><F123/><W116/><G73/><T12/><D132/><U43/><E75/><V126/><F135/><W72/><G72/><T62/><D106/><U23/><E79/><V113/><F113/><W35/><G35/><T40/><D115/><U1/><E23/><V118/><F118/><W24/><G33/><T7/><D77/><U51/><E130/><V108/><F108/><W0/><G105/><T70/><D86/><U76/><E76/><V30/><F78/><N who="3" m="46487" /><G0/><T91/><D70/><U42/><E131/><V61/><F30/><W3/><G3/><T67/><REACH who="0" step="1"/><D22/><REACH who="0" ten="284,112,290,304" step="2"/><U56/><E44/><V55/><F103/><W28/><G116/><T112/><D112/><U109/><E109/><V74/><F74/><W57/><G28/><T39/><D39/><U101/><E101/><V124/><F61/><W134/><G134/><T60/><D60/><U93/><REACH who="1" step="1"/><E41/><REACH who="1" ten="284,102,290,304" step="2"/><N who="2" m="24783" /><F90/><W69/><G69/><T16/><D16/><U21/><E21/><V29/><F29/><W10/><G114/><T125/><D125/><U45/><E45/><AGARI ba="0,2" hai="14,19,20,45,50,55,92,94,124,126,127" m="24783" machi="45" ten="30,1000,0" yaku="18,1" doraHai="54" who="2" fromWho="1" sc="284,0,102,-10,290,30,304,0" owari="284,-11.6,92,-40.8,320,42.0,304,10.4" /></mjloggm>