<mjloggm ver="2.3"><GO type="225" lobby="0"/><UN n0="%E5%B8%86%E7%AB%8B%E5%A4%8F%E8%A1%A3" n1="%E3%81%8F%E3%82%8A%E3%83%94%E3%83%BC" n2="%E6%A1%9C%E8%8A%B1%E9%96%83%E3%80%85" n3="%4C%C3%97%57%C3%97%4C" dan="16,16,18,18" rate="2072.32,2085.74,2268.78,2165.25" sx="M,M,M,M"/><TAIKYOKU oya="0"/><INIT seed="0,0,0,0,1,42" ten="250,250,250,250" oya="0" hai0="112,75,100,85,93,118,14,63,103,114,13,84,98" hai1="54,106,78,28,48,9,8,26,32,57,76,58,41" hai2="24,31,120,108,89,18,73,3,37,80,43,86,132" hai3="30,117,91,79,39,92,49,104,17,51,131,60,126"/><T23/><D118/><U36/><E106/><V40/><F120/><W65/><G39/><T128/><D75/><U66/><E8/><V122/><F122/><W55/><G104/><T10/><D128/><U25/><E25/><V22/><F108/><W123/><G123/><T50/><D114/><U97/><E97/><V96/><F132/><W34/><G117/><T67/><D112/><U95/><E95/><V21/><F3/><W74/><G51/><T20/><D103/><U27/><E27/><V110/><F110/><W124/><G17/><T72/><D72/><U45/><REACH who="1" step="1"/><E9/><REACH who="1" ten="250,240,250,250" step="2"/><V77/><F96/><W53/><G92/><T19/><D23/><U71/><E71/><V102/><F22/><W105/><G105/><T0/><D0/><U59/><E59/><V29/><F102/><W64/><G131/><T7/><REACH who="0" step="1"/><D50/><REACH who="0" ten="240,240,250,250" step="2"/><U46/><E46/><V134/><F134/><W68/><G49/><T33/><D33/><U115/><E115/><V99/><F21/><W111/><G34/><T52/><D52/><U47/><E47/><V116/><F116/><W127/><G55/><T5/><D5/><U81/><E81/><V69/><F80/><W38/><G53/><T133/><D133/><U1/><E1/><V135/><F135/><W4/><G4/><T83/><D83/><U113/><E113/><V119/><F119/><W94/><G38/><T12/><D12/><U88/><E88/><V109/><F37/><W82/><G91/><T44/><D44/><U121/><E121/><V90/><F89/><W35/><G82/><T11/><D11/><U101/><E101/><RYUUKYOKU ba="0,2" sc="240,15,240,15,250,-15,250,-15" hai0="7,10,13,14,19,20,63,67,84,85,93,98,100" hai1="26,28,32,36,41,45,48,54,57,58,66,76,78" /><INIT seed="0,1,2,3,2,78" ten="255,255,235,235" oya="0" hai0="19,0,30,34,9,92,124,37,29,99,65,87,131" hai1="7,24,119,96,23,102,4,50,36,43,66,54,130" hai2="38,58,32,134,10,84,3,123,91,86,94,93,2" hai3="120,82,135,47,126,46,56,28,80,107,5,106,16"/><T63/><D37/><U133/><E119/><V101/><F123/><W69/><G69/><T75/><D75/><U61/><E133/><V112/><F112/><W76/><G76/><T53/><D124/><U97/><E130/><V59/><F134/><W113/><G135/><T70/><D131/><U33/><E33/><V129/><F32/><W17/><G126/><T68/><D68/><U110/><E110/><V18/><F38/><W27/><G5/><T1/><D53/><U72/><E72/><V22/><F101/><W20/><G113/><T108/><D108/><U125/><E125/><V111/><F10/><W117/><G117/><T79/><D19/><N who="3" m="7241" /><G107/><T11/><D11/><U42/><E36/><V118/><F118/><W81/><G106/><T31/><D34/><U73/><E73/><V95/><F95/><W52/><G120/><T60/><D60/><AGARI ba="1,2" hai="20,27,28,46,47,52,56,60,80,81,82" m="7241" machi="60" ten="30,12000,2" yaku="8,1,52,3,54,2" doraHai="78" who="3" fromWho="0" sc="255,-123,255,0,235,0,235,143" /><INIT seed="1,0,0,3,3,20" ten="132,255,235,378" oya="1" hai0="93,76,38,102,96,72,36,58,97,26,70,7,107" hai1="17,79,82,15,50,112,35,4,27,118,32,52,78" hai2="23,87,54,105,30,134,65,14,121,68,44,122,74" hai3="128,5,57,63,49,34,48,6,51,42,73,133,99"/><U109/><E112/><V120/><F74/><W126/><G34/><T132/><D132/><U45/><E118/><V29/><F105/><W40/><G73/><T66/><D7/><N who="3" m="2569" /><G133/><T46/><D70/><U13/><E109/><V117/><F134/><W110/><G110/><T22/><D72/><U89/><E35/><V125/><F117/><W61/><G126/><T67/><D76/><N who="1" m="29227" /><E32/><V92/><F92/><W11/><G11/><T111/><D111/><U85/><E4/><V8/><F54/><W95/><G128/><T16/><D58/><U21/><AGARI ba="0,0" hai="13,15,17,21,27,45,50,52,82,85,89" m="29227" machi="21" ten="30,6000,0" yaku="8,1,52,1,54,1" doraHai="20" who="1" fromWho="1" sc="132,-20,255,60,235,-20,378,-20" /><INIT seed="1,1,0,2,5,70" ten="112,315,215,358" oya="1" hai0="105,25,48,80,89,51,58,74,31,128,91,10,130" hai1="73,6,125,65,36,83,4,90,96,63,135,108,68" hai2="26,79,133,81,50,29,32,15,116,67,11,85,57" hai3="93,123,86,72,77,56,47,7,120,28,113,21,35"/><U24/><E125/><V46/><F133/><W132/><G113/><T117/><D105/><U118/><E118/><V59/><F67/><W45/><G132/><T49/><D117/><U121/><E121/><V98/><F98/><W42/><G35/><T18/><D58/><U106/><E135/><V38/><F116/><W40/><G56/><T53/><D53/><U8/><E108/><V112/><F112/><W88/><G7/><T103/><D103/><U9/><E36/><V61/><F61/><W110/><G110/><T126/><D126/><U43/><E43/><V124/><F38/><W109/><G109/><T69/><D69/><U34/><E8/><V95/><F95/><W114/><G114/><T2/><D74/><U119/><E9/><V87/><F87/><W37/><G28/><T33/><D80/><U71/><E71/><V102/><F102/><W104/><G104/><T27/><D27/><U44/><E44/><V122/><F122/><W41/><G21/><T76/><D76/><N who="1" m="44431" /><E90/><V84/><F84/><W134/><G134/><T66/><D66/><U101/><E119/><V127/><F127/><W23/><G23/><T55/><D55/><U1/><E1/><V30/><F30/><AGARI ba="1,0" hai="4,6,24,30,34,63,65,68,96,101,106" m="44431" machi="30" ten="30,1500,0" yaku="25,1" doraHai="70" who="1" fromWho="2" sc="112,0,315,18,215,-18,358,0" /><INIT seed="1,2,0,3,3,25" ten="112,333,197,358" oya="1" hai0="86,78,95,60,125,27,44,132,118,97,130,70,108" hai1="38,4,85,59,6,74,39,98,40,69,51,109,21" hai2="110,68,36,32,105,66,41,119,2,87,7,117,14" hai3="90,131,12,104,88,11,24,81,37,47,107,82,42"/><U67/><E74/><V43/><F14/><W134/><G134/><T112/><D112/><U17/><E109/><V115/><F87/><W113/><G113/><T72/><D118/><U92/><E69/><V9/><F43/><W58/><G131/><T84/><D108/><U73/><E73/><V129/><F115/><W103/><G24/><T91/><D130/><U135/><E135/><V28/><F105/><W63/><G82/><T79/><D132/><U0/><E0/><V61/><F110/><W8/><G8/><T114/><D125/><U23/><E39/><V101/><F101/><W120/><G120/><T31/><D44/><N who="1" m="25991" /><E85/><V50/><F50/><W94/><G81/><T122/><D122/><U126/><E23/><V34/><F129/><W77/><G107/><T65/><D114/><U124/><E38/><V10/><F10/><W3/><G3/><T100/><D84/><U35/><E35/><N who="2" m="13355" /><F28/><W16/><G104/><T127/><D127/><N who="1" m="48683" /><E67/><V71/><F71/><W133/><G133/><T57/><D70/><U116/><E59/><V55/><F55/><W33/><G33/><T99/><D72/><U54/><E54/><V15/><F15/><W102/><G77/><T53/><D53/><U1/><E1/><V76/><F76/><W26/><G37/><T96/><REACH who="0" step="1"/><D100/><REACH who="0" ten="102,333,197,358" step="2"/><N who="1" m="60487" /><E116/><V64/><F64/><W62/><G47/><AGARI ba="2,1" hai="2,7,9,36,41,47,61,66,68,117,119" m="13355" machi="47" ten="30,1000,0" yaku="23,1" doraHai="25" who="2" fromWho="3" sc="102,0,333,0,197,26,358,-16" /><INIT seed="2,0,0,0,5,95" ten="102,333,223,342" oya="2" hai0="37,113,64,15,63,8,57,101,49,6,61,90,67" hai1="38,78,5,41,19,2,71,32,106,99,115,76,28" hai2="29,12,96,43,123,27,14,82,0,39,89,1,20" hai3="59,132,120,84,11,7,22,81,88,100,35,4,129"/><V51/><F39/><W72/><G35/><T31/><D113/><U85/><E115/><V36/><F36/><W68/><G68/><T62/><D37/><U74/><E19/><V33/><F123/><W77/><G120/><T87/><D31/><U114/><E85/><N who="2" m="50359" /><F0/><W52/><G132/><T86/><D101/><N who="1" m="62783" /><E78/><V128/><F1/><W10/><G100/><T26/><D26/><N who="1" m="18455" /><E114/><V112/><F128/><W47/><G47/><T133/><D133/><U105/><E105/><V60/><F33/><W122/><G129/><T134/><D134/><U56/><E56/><V83/><F112/><W24/><G72/><T18/><D18/><U44/><E71/><V124/><F124/><W58/><G58/><T98/><D86/><U30/><E30/><V53/><F83/><W69/><G69/><T135/><D135/><U50/><E50/><V119/><F119/><W70/><G70/><T92/><REACH who="0" step="1"/><D87/><REACH who="0" ten="92,333,223,342" step="2"/><U73/><E76/><V127/><F127/><W118/><G77/><T108/><D108/><U25/><E74/><V40/><F29/><N who="3" m="17559" /><G122/><T46/><D46/><U66/><E44/><V34/><F27/><W126/><G126/><T21/><D21/><U65/><E25/><V13/><F34/><W97/><G84/><T109/><D109/><U54/><E73/><V102/><F102/><W3/><G81/><T94/><D94/><U103/><E103/><V48/><F20/><W116/><G116/><T131/><D131/><U42/><E38/><V17/><F17/><W9/><G118/><T93/><D93/><U45/><E45/><V110/><F110/><W91/><G7/><RYUUKYOKU ba="0,1" sc="92,30,333,-10,223,-10,342,-10" hai0="6,8,15,49,57,61,62,63,64,67,90,92,98" /><INIT seed="3,1,1,4,3,102" ten="122,323,213,332" oya="3" hai0="121,88,16,58,27,39,101,25,117,104,125,54,123" hai1="91,17,133,0,93,48,92,132,95,127,46,41,75" hai2="8,59,82,63,74,45,103,130,65,50,108,56,32" hai3="36,96,68,44,112,122,22,19,33,87,100,70,83"/><W77/><G112/><T57/><D117/><U119/><E119/><V97/><F32/><W94/><G122/><T18/><D39/><U52/><E127/><V106/><F108/><W86/><G33/><T84/><D125/><U116/><E116/><V31/><F130/><W35/><G35/><T99/><D123/><U55/><E75/><V107/><F31/><W131/><G131/><T1/><D1/><U53/><E0/><V128/><F128/><W61/><G61/><T98/><D121/><U111/><E111/><V118/><F118/><W126/><G126/><T30/><D98/><N who="1" m="57631" /><E17/><V6/><F59/><W135/><G87/><T47/><D47/><U120/><E120/><V3/><F82/><W13/><REACH who="3" step="1"/><G135/><AGARI ba="1,1" hai="41,46,48,52,53,55,93,95,132,133,135" m="57631" machi="135" ten="30,2000,0" yaku="20,1,54,1" doraHai="102" who="1" fromWho="3" sc="122,0,323,33,213,0,332,-23" owari="122,-37.8,356,45.6,213,-18.7,309,10.9" /></mjloggm>