<mjloggm ver="2.3"><GO type="225" lobby="0"/><UN n0="%E3%81%A4%E3%81%A3%E3%81%B1%E3%82%8A%E3%83%9D%E3%83%BC%E3%83%AB" n1="%E3%81%AB%E3%81%97%E3%81%A0%E3%81%8F%E3%82%93" n2="%E3%81%BF%E3%81%BF%E3%81%9A" n3="%E4%BF%BA%E3%81%A8%E5%A6%96%E5%A4%A2" dan="17,16,18,16" rate="2226.01,2072.89,2258.32,2113.83" sx="M,M,M,F"/><TAIKYOKU oya="0"/><INIT seed="0,0,0,4,2,54" ten="250,250,250,250" oya="0" hai0="121,117,69,105,114,27,82,59,68,9,38,113,129" hai1="101,110,63,95,123,39,33,23,22,46,4,92,133" hai2="40,111,84,87,93,85,32,57,10,81,53,124,104" hai3="116,61,119,97,19,112,28,47,100,88,96,62,99"/><T51/><D117/><U132/><E123/><V2/><F104/><W106/><G112/><T125/><D105/><U90/><E33/><V24/><F111/><W98/><G28/><T118/><D118/><U13/><E110/><V30/><F124/><W58/><G47/><T21/><D121/><U70/><E70/><V83/><F40/><W5/><G5/><T48/><D38/><U73/><E73/><V0/><F93/><W35/><G35/><T79/><D125/><U56/><E39/><V134/><F134/><N who="1" m="51817" /><E46/><V42/><F42/><W76/><G76/><T65/><D69/><U41/><E41/><V74/><F74/><W7/><G7/><T6/><D68/><U8/><E101/><V75/><F10/><W52/><G62/><N who="0" m="38111" /><D129/><U36/><E36/><V60/><REACH who="2" step="1"/><F75/><REACH who="2" ten="250,250,240,250" step="2"/><W67/><G119/><T103/><D114/><U14/><E95/><V71/><F71/><W78/><G116/><T34/><D9/><U130/><E130/><V12/><F12/><W89/><G106/><T126/><D113/><U128/><E14/><V86/><N who="2" m="21504" /><DORA hai="131" /><V44/><F44/><W20/><G100/><T43/><D103/><U64/><E128/><V29/><F29/><W77/><N who="3" m="24576" /><DORA hai="3" /><W66/><G78/><T15/><D79/><U16/><E92/><V109/><F109/><W11/><G77/><T108/><D108/><U80/><E80/><AGARI ba="0,1" hai="0,2,24,30,32,53,57,60,80,81,83" m="21504" machi="80" ten="50,3200,0" yaku="1,1,52,1,53,0" doraHai="54,131,3" doraHaiUra="91,107,1" who="2" fromWho="1" sc="250,0,250,-32,240,42,250,0" /><INIT seed="1,0,0,3,1,6" ten="250,218,282,250" oya="1" hai0="106,5,90,31,123,78,76,109,88,83,126,129,38" hai1="14,20,98,47,13,135,96,10,79,25,50,119,8" hai2="100,12,86,61,1,130,66,99,117,95,125,93,57" hai3="112,39,29,58,23,75,121,116,133,122,72,17,3"/><U21/><E119/><V77/><F117/><W53/><G116/><T114/><D38/><U19/><E79/><N who="0" m="30249" /><D5/><N who="1" m="3215" /><E135/><V84/><F1/><W27/><G112/><T108/><D114/><U33/><E33/><V102/><F125/><W71/><G71/><T9/><D126/><U49/><E49/><V69/><F130/><W92/><G133/><T65/><D129/><U24/><E21/><V34/><F34/><W70/><G70/><T46/><D106/><U11/><E25/><V115/><F115/><W28/><G39/><T81/><D123/><U26/><E26/><V118/><F118/><W107/><G107/><T60/><D31/><N who="1" m="17799" /><E10/><V48/><F12/><W85/><G3/><T32/><D9/><U80/><E80/><N who="0" m="30793" /><D32/><U42/><AGARI ba="0,0" hai="11,14,19,42,47,50,96,98" m="17799,3215" machi="42" ten="30,6000,0" yaku="8,1,52,2" doraHai="6" who="1" fromWho="1" sc="250,-20,218,60,282,-20,250,-20" /><INIT seed="1,1,0,2,5,100" ten="230,278,262,230" oya="1" hai0="18,10,67,27,4,60,79,71,88,109,77,76,114" hai1="49,51,5,42,65,128,37,134,47,26,19,15,28" hai2="90,2,104,1,106,48,23,52,24,46,78,124,87" hai3="61,81,33,50,29,110,73,7,20,120,113,44,129"/><U123/><E123/><V14/><F78/><W122/><G113/><T69/><D114/><U102/><E134/><V117/><F117/><W13/><G110/><T38/><D109/><U93/><E65/><V63/><F124/><W91/><G129/><T6/><D38/><U98/><E5/><V35/><F35/><W55/><G33/><T126/><D126/><U70/><E70/><V112/><F112/><W86/><G73/><T22/><D71/><U64/><E64/><V9/><F63/><W62/><G122/><T99/><REACH who="0" step="1"/><D10/><REACH who="0" ten="220,278,262,230" step="2"/><U85/><E128/><V83/><F2/><W116/><G120/><T130/><D130/><U58/><E37/><V8/><F1/><W80/><G116/><T16/><D16/><U82/><E19/><N who="2" m="8647" /><F9/><W12/><G7/><T75/><D75/><U92/><E28/><AGARI ba="1,1" hai="23,24,28,46,48,52,83,87,90,104,106" m="8647" machi="28" ten="30,7700,0" yaku="25,1,52,2,54,1" doraHai="100" who="2" fromWho="1" sc="220,0,278,-80,262,90,230,0" /><INIT seed="2,0,0,1,5,46" ten="220,198,352,230" oya="2" hai0="126,81,22,94,133,93,66,19,113,14,117,61,107" hai1="31,73,8,18,110,3,92,52,53,125,128,115,25" hai2="63,120,114,68,67,5,26,98,24,90,56,131,59" hai3="11,62,1,20,32,72,124,129,116,4,10,9,65"/><V76/><F114/><W35/><G72/><T99/><D113/><U118/><E115/><V111/><F120/><W122/><G122/><T58/><D133/><U112/><E112/><V86/><F68/><W40/><G116/><T45/><D117/><U83/><E118/><V89/><F131/><W50/><G129/><T12/><D126/><U103/><E128/><V79/><F5/><W64/><G124/><T6/><D81/><U70/><E125/><V132/><F132/><W108/><G108/><T109/><D109/><U38/><E70/><V13/><F111/><W16/><G35/><T106/><D45/><U60/><E38/><V43/><F43/><W37/><G32/><T39/><D39/><U57/><E110/><V47/><F13/><N who="3" m="5287" /><G37/><T119/><D119/><U105/><E105/><V95/><F47/><N who="3" m="25959" /><G1/><T127/><D127/><U36/><E36/><V87/><F56/><N who="3" m="36935" /><G65/><T82/><D107/><U91/><E73/><V96/><F76/><W104/><G104/><T15/><D6/><U135/><E135/><V77/><F79/><W102/><G102/><N who="0" m="60791" /><D106/><U78/><E78/><V71/><F77/><W23/><G23/><T101/><D22/><N who="1" m="15799" /><E3/><V7/><F7/><W75/><G75/><T54/><D66/><N who="1" m="39183" /><E103/><V100/><F71/><W88/><G88/><T123/><D123/><U80/><E80/><N who="2" m="49351" /><F100/><W84/><G84/><T44/><D82/><U134/><E83/><V0/><F0/><W2/><G2/><T69/><D69/><U42/><E134/><V130/><F130/><W30/><G30/><T121/><D121/><U49/><E91/><V17/><F90/><RYUUKYOKU ba="0,0" sc="220,-10,198,-10,352,-10,230,30" hai3="10,11,16,20" /><INIT seed="3,1,0,4,4,89" ten="210,188,342,260" oya="3" hai0="22,37,38,19,59,102,24,134,95,64,72,81,45" hai1="54,11,115,111,42,60,93,47,55,118,74,48,116" hai2="82,33,133,7,20,104,113,21,23,28,30,4,53" hai3="6,16,135,9,130,58,122,88,51,99,77,2,73"/><W126/><G122/><T14/><D134/><U62/><E74/><V18/><F104/><W15/><G135/><T65/><D72/><U110/><E11/><V106/><F106/><W69/><G69/><T71/><D71/><U32/><E32/><V97/><F97/><W79/><G130/><T94/><D38/><N who="1" m="21975" /><E93/><N who="0" m="35337" /><D37/><U117/><E115/><V63/><F23/><W91/><G126/><T129/><D129/><U13/><E13/><V10/><F28/><W107/><G2/><T96/><D96/><U119/><N who="1" m="29696" /><DORA hai="5" /><U87/><E87/><V101/><F30/><W8/><G8/><N who="0" m="6599" /><D102/><U29/><E29/><V123/><F101/><W128/><G128/><T31/><D45/><N who="1" m="27919" /><E55/><V12/><F53/><N who="3" m="32063" /><G73/><T49/><D81/><U66/><E60/><V1/><F33/><W76/><G107/><T61/><D49/><U100/><E100/><V131/><F133/><W34/><G34/><T108/><D108/><U0/><E0/><V56/><F1/><W75/><G75/><T43/><D43/><U124/><E124/><V68/><F131/><W114/><G99/><T26/><D26/><U120/><E120/><V121/><F123/><W103/><G103/><T86/><D86/><U78/><E78/><V40/><F121/><W17/><G79/><T67/><AGARI ba="1,0" hai="22,24,31,59,61,64,65,67" m="6599,35337" machi="67" ten="30,8000,1" yaku="8,1,52,4" doraHai="89,5" who="0" fromWho="0" sc="210,83,188,-21,342,-21,260,-41" owari="293,9.3,167,-33.3,321,42.1,219,-18.1" /></mjloggm>