<mjloggm ver="2.3"><GO type="225" lobby="0"/><UN n0="%72%61%6B%33" n1="%6B%65%6E%6E%64%69" n2="%E3%82%BC%E3%83%AB%E3%83%80%E3%81%AE%E4%BC%9D%E8%AA%AC" n3="%6D%75%75%6D%75%72%61" dan="18,16,16,16" rate="2249.00,2138.16,2214.85,2121.96" sx="M,M,M,F"/><TAIKYOKU oya="0"/><INIT seed="0,0,0,4,0,56" ten="250,250,250,250" oya="0" hai0="88,69,21,54,49,10,1,72,15,22,111,125,95" hai1="24,122,13,41,123,74,115,25,20,119,36,6,43" hai2="48,101,118,91,62,31,5,108,87,47,114,96,103" hai3="68,4,23,12,104,8,73,126,85,9,64,132,46"/><T50/><D72/><U28/><E74/><V76/><F114/><W61/><G73/><T100/><D125/><U16/><E36/><V121/><F121/><N who="1" m="46089" /><E41/><V42/><F108/><W112/><G126/><T52/><D111/><U14/><E43/><V53/><F118/><W35/><G112/><T94/><D1/><U77/><E77/><V0/><F0/><W129/><G35/><T81/><D69/><U26/><E119/><V128/><F128/><W63/><G129/><T110/><D110/><U34/><E115/><V7/><F31/><W99/><G132/><T92/><D100/><N who="2" m="38474" /><F96/><W80/><G99/><T18/><D49/><U40/><E40/><V124/><F76/><W30/><G104/><T75/><D75/><U32/><E32/><V117/><F124/><W51/><G64/><T29/><D29/><U116/><E116/><V11/><F11/><AGARI ba="0,0" hai="6,11,13,14,16,20,24,25,26,28,34" m="46089" machi="11" ten="30,3900,0" yaku="34,2,54,1" doraHai="56" who="1" fromWho="2" sc="250,0,250,39,250,-39,250,0" /><INIT seed="1,0,0,2,1,54" ten="250,289,211,250" oya="1" hai0="28,135,79,108,95,89,104,113,70,41,117,59,5" hai1="100,124,74,63,47,131,122,98,88,52,19,123,32" hai2="67,125,26,68,84,13,111,62,81,65,31,80,48" hai3="60,115,129,77,43,6,118,91,46,112,4,83,0"/><U27/><E74/><V15/><F111/><W22/><G129/><T69/><D113/><U55/><E131/><V121/><F125/><W132/><G132/><T85/><D117/><U107/><E124/><V50/><F121/><W126/><G126/><T120/><D104/><U97/><E55/><V94/><F94/><W66/><G118/><T7/><D108/><U16/><E32/><V82/><F84/><W49/><G91/><T38/><D135/><U73/><E73/><V105/><F105/><W61/><G22/><T14/><D28/><U2/><E2/><V25/><F31/><W17/><G17/><T119/><D79/><U37/><E37/><V71/><F80/><W53/><G53/><T58/><D119/><U29/><E29/><V128/><F62/><W10/><G6/><T64/><D7/><U90/><E90/><V21/><REACH who="2" step="1"/><F21/><REACH who="2" ten="250,289,201,250" step="2"/><W18/><G61/><T93/><D95/><U76/><E63/><V33/><F33/><W78/><G78/><T103/><D93/><U96/><E76/><V75/><F75/><W130/><G130/><AGARI ba="0,1" hai="13,15,25,26,48,50,65,67,68,71,81,82,128,130" machi="130" ten="25,3200,0" yaku="1,1,22,2,53,0" doraHai="54" doraHaiUra="116" who="2" fromWho="3" sc="250,0,289,0,201,42,250,-32" /><INIT seed="2,0,0,0,2,115" ten="250,289,243,218" oya="2" hai0="8,71,101,53,83,40,131,108,135,134,28,78,36" hai1="116,14,32,124,31,49,56,129,48,4,85,9,84" hai2="39,12,80,73,127,24,42,11,65,133,79,33,67" hai3="22,82,2,96,70,100,120,91,87,99,15,119,47"/><V128/><F127/><W17/><G120/><T106/><D71/><U88/><E124/><V54/><F133/><W64/><G2/><T57/><D108/><U81/><E129/><V25/><F128/><W5/><G5/><T46/><D131/><U63/><E116/><V74/><F74/><W132/><G132/><T92/><D106/><U107/><E107/><V113/><F113/><W77/><G119/><T94/><D28/><U1/><E1/><V118/><F118/><W111/><G111/><T35/><D35/><U26/><REACH who="1" step="1"/><E85/><REACH who="1" ten="250,279,243,218" step="2"/><V44/><F54/><AGARI ba="0,1" hai="4,9,14,26,31,32,48,49,54,56,63,81,84,88" machi="54" ten="30,7700,0" yaku="1,1,2,1,7,1,54,1,53,0" doraHai="115" doraHaiUra="69" who="1" fromWho="2" sc="250,0,279,87,243,-77,218,0" /><INIT seed="3,0,0,1,2,28" ten="250,366,166,218" oya="3" hai0="6,65,89,90,9,103,91,30,15,13,135,57,87" hai1="132,118,119,74,5,49,99,113,1,46,48,131,110" hai2="11,72,102,75,35,33,24,17,106,85,55,84,109" hai3="76,29,95,23,120,81,79,130,16,62,128,60,37"/><W88/><G120/><T0/><D135/><U73/><E113/><V38/><F38/><W61/><G37/><T83/><D103/><U93/><E110/><V123/><F55/><W67/><G67/><T12/><D30/><U27/><E131/><N who="3" m="50218" /><G81/><T64/><D65/><U107/><E132/><V41/><F41/><W18/><G29/><T25/><D25/><U58/><E27/><V2/><F24/><N who="3" m="14439" /><G18/><T125/><D125/><U86/><E118/><V52/><F17/><W126/><G126/><T94/><D83/><U124/><E119/><V39/><F39/><W56/><G56/><T44/><D44/><U112/><E58/><V45/><F109/><W10/><G10/><T117/><D117/><U134/><E134/><V111/><F111/><W98/><AGARI ba="0,0" hai="60,61,62,76,79,88,95,98" m="14439,50218" machi="98" ten="30,6000,0" yaku="19,1,54,2" doraHai="28" who="3" fromWho="3" sc="250,-20,366,-20,166,-20,218,60" /><INIT seed="3,1,0,0,0,92" ten="230,346,146,278" oya="3" hai0="26,85,127,15,22,14,8,59,99,38,130,68,21" hai1="76,1,16,111,61,117,113,77,118,101,49,132,110" hai2="41,114,88,81,0,80,47,5,106,115,57,83,39" hai3="133,108,3,74,105,65,32,52,67,71,97,86,43"/><W109/><G74/><T124/><D68/><U119/><E113/><V58/><F106/><W122/><G122/><T18/><D38/><U25/><E132/><V33/><F33/><W96/><G133/><T56/><D85/><U53/><E1/><V35/><F35/><W104/><G32/><T28/><D130/><U121/><E121/><V13/><F0/><W66/><G71/><T37/><D37/><U129/><E61/><V62/><F58/><W30/><G30/><T79/><D79/><N who="1" m="30283" /><E101/><V42/><F42/><W29/><G29/><T134/><D134/><U102/><E102/><V93/><F13/><W82/><G43/><T10/><D99/><N who="3" m="37961" /><G52/><T123/><D123/><U84/><E129/><V100/><F100/><W90/><G3/><T6/><D59/><N who="1" m="33199" /><E84/><V73/><F73/><W89/><G89/><T64/><D56/><U54/><E54/><V24/><F115/><W45/><G45/><T125/><D64/><U63/><E63/><V103/><F103/><W69/><G69/><T135/><D135/><U116/><E116/><V75/><F114/><W19/><G19/><T112/><D112/><U70/><E70/><V72/><F72/><W91/><G91/><T46/><D46/><U27/><E16/><V17/><F75/><W95/><G95/><T51/><D51/><U31/><E31/><V4/><F93/><W98/><N who="3" m="37969" /><W7/><DORA hai="50" /><G7/><T87/><D87/><U44/><E44/><V78/><F88/><W9/><G9/><AGARI ba="1,0" hai="6,8,9,10,14,15,18,21,22,26,28,124,125,127" machi="9" ten="40,8000,1" yaku="18,1,34,3" doraHai="92,50" who="0" fromWho="3" sc="230,83,346,0,146,0,278,-83" owari="313,11.3,346,44.6,146,-35.4,195,-20.5" /></mjloggm>