<mjloggm ver="2.3"><GO type="225" lobby="0"/><UN n0="%E7%89%B9%E6%9D%B1%E3%81%AF%E4%B8%96%E7%95%8C%E3%82%92%E6%95%91%E3%81%86" n1="%E3%81%A1%E3%82%85%E3%81%86%E3%81%A9%E3%81%8F%E8%B1%A1%E3%81%95%E3%82%93" n2="%6E%69%63%6F%6E%74%6F" n3="%6C%61%6D%62" dan="16,17,17,16" rate="2173.86,2176.79,2149.10,2161.92" sx="M,M,M,M"/><TAIKYOKU oya="0"/><INIT seed="0,0,0,0,5,116" ten="250,250,250,250" oya="0" hai0="97,2,69,118,81,9,101,117,41,107,112,0,75" hai1="26,11,129,106,17,19,10,70,5,50,64,72,119" hai2="56,71,80,74,99,94,86,88,73,23,31,79,126" hai3="108,42,92,46,91,67,6,14,35,120,135,3,76"/><T134/><D112/><U38/><E119/><N who="0" m="45577" /><D134/><U89/><E38/><V51/><F71/><W27/><G135/><T68/><D41/><U21/><E72/><V128/><F128/><W90/><G108/><T77/><D9/><U113/><E106/><V96/><F126/><W111/><G3/><AGARI ba="0,0" hai="0,2,3,68,69,75,77,81,97,101,107" m="45577" machi="3" ten="30,1500,0" yaku="23,1" doraHai="116" who="0" fromWho="3" sc="250,15,250,0,250,0,250,-15" /><INIT seed="0,1,0,5,3,87" ten="265,250,250,235" oya="0" hai0="122,97,81,90,14,16,64,79,8,75,28,44,11" hai1="125,89,0,59,58,42,101,7,108,106,57,22,54" hai2="15,29,60,96,84,62,134,109,34,127,92,56,3" hai3="133,24,130,17,13,1,26,114,102,61,2,31,32"/><T4/><D122/><U45/><E108/><V68/><F3/><N who="3" m="1035" /><G61/><T112/><D112/><U69/><E69/><V65/><F109/><W76/><G76/><T105/><D28/><U107/><E125/><V52/><F134/><W53/><G53/><T50/><D64/><U73/><E73/><V10/><F127/><W77/><G77/><T27/><D27/><U33/><E33/><V83/><F29/><N who="3" m="19495" /><G102/><T12/><D105/><U47/><E54/><V51/><F34/><N who="3" m="20855" /><G130/><T100/><D100/><U70/><E70/><V37/><F37/><W118/><G118/><T67/><D67/><U129/><E129/><V110/><F110/><W135/><G114/><T63/><D63/><U66/><E66/><V85/><F83/><W35/><G35/><T103/><D103/><U82/><E101/><V43/><F43/><W40/><G40/><T95/><D50/><U131/><E131/><V23/><F68/><W124/><G124/><T21/><REACH who="0" step="1"/><D44/><REACH who="0" ten="255,250,250,235" step="2"/><U48/><E47/><V132/><F65/><W39/><G39/><T46/><D46/><U36/><E36/><V119/><F62/><W116/><G116/><T91/><D91/><U80/><E106/><V18/><F60/><W72/><G72/><T55/><D55/><U86/><E107/><V20/><F119/><W111/><G111/><T49/><D49/><U113/><E113/><V115/><F115/><W9/><AGARI ba="1,1" hai="9,13,17,133,135" m="20855,19495,1035" machi="9" ten="30,2000,0" yaku="34,2" doraHai="87" who="3" fromWho="3" sc="255,-11,250,-6,250,-6,235,33" /><INIT seed="1,0,0,4,0,125" ten="244,244,244,268" oya="1" hai0="34,7,44,59,114,78,87,93,15,96,88,42,5" hai1="130,106,133,40,122,86,51,16,54,20,83,3,134" hai2="72,115,91,64,120,46,127,41,10,35,76,23,105" hai3="32,92,27,65,2,112,9,17,28,117,99,37,68"/><U30/><E122/><V29/><F120/><W50/><G37/><T48/><D114/><U129/><E106/><V39/><F127/><W24/><G112/><T84/><D34/><U53/><E3/><V11/><F115/><W100/><G117/><T56/><D84/><U135/><E30/><V116/><F105/><W119/><G119/><T97/><D96/><U75/><E75/><V13/><F116/><W123/><G123/><T94/><D78/><N who="1" m="46455" /><E40/><V69/><F69/><W90/><G50/><T0/><D0/><U12/><E53/><V6/><F64/><W67/><G68/><T38/><D38/><U31/><E31/><V101/><F101/><W71/><G71/><T77/><D77/><U82/><E82/><V73/><F76/><W79/><G79/><T74/><D74/><U118/><E118/><V62/><F35/><W25/><G32/><T14/><D7/><U111/><E111/><V121/><F121/><W1/><G28/><T70/><D70/><U103/><E103/><V8/><F73/><W55/><G55/><T98/><D87/><U128/><E134/><V19/><F72/><W132/><G132/><T49/><D5/><U57/><AGARI ba="0,0" hai="12,16,20,51,54,57,128,129,130,133,135" m="46455" machi="57" ten="40,12000,1" yaku="19,1,52,3,54,1" doraHai="125" who="1" fromWho="1" sc="244,-40,244,120,244,-40,268,-40" /><INIT seed="1,1,0,2,3,124" ten="204,364,204,228" oya="1" hai0="6,90,91,27,61,127,94,129,28,36,122,60,51" hai1="35,116,47,23,41,88,20,13,132,37,130,56,96" hai2="103,45,115,55,82,123,126,83,97,63,9,105,98" hai3="2,38,18,109,64,50,92,84,26,71,72,108,113"/><U68/><E116/><V74/><F123/><W67/><G72/><T44/><D36/><U77/><E68/><V42/><F126/><W19/><G38/><T125/><D122/><U21/><E35/><V100/><F115/><W79/><G2/><T120/><D120/><U128/><E77/><V52/><F74/><W10/><G113/><T33/><D6/><U87/><E96/><V80/><F9/><W102/><G79/><T32/><D32/><U114/><E114/><V112/><F112/><W48/><G10/><T73/><D73/><U99/><E99/><V57/><F55/><W34/><G34/><T49/><D49/><U78/><E78/><V31/><F31/><W59/><G71/><T101/><D101/><U89/><E132/><V22/><F22/><W70/><G70/><T75/><D75/><U62/><E13/><V66/><F66/><W7/><G7/><T54/><D91/><U134/><E134/><V12/><F12/><W107/><G107/><T86/><D129/><N who="1" m="49771" /><E87/><V121/><F121/><W58/><G84/><T65/><D65/><AGARI ba="1,0" hai="20,21,23,37,41,47,56,62,65,88,89" m="49771" machi="65" ten="30,12000,1" yaku="19,1,52,3,54,1" doraHai="124" who="1" fromWho="0" sc="204,-123,364,123,204,0,228,0" /><INIT seed="1,2,0,4,1,33" ten="81,487,204,228" oya="1" hai0="112,90,29,8,48,21,4,39,104,6,16,20,15" hai1="102,107,71,95,124,31,82,66,91,34,133,125,129" hai2="46,58,59,131,36,54,51,35,69,83,63,62,96" hai3="12,100,75,130,126,109,17,57,25,27,98,105,23"/><U44/><E44/><N who="2" m="28007" /><F35/><W52/><G109/><T45/><D112/><U22/><E22/><V9/><F9/><W106/><G126/><T38/><D104/><U80/><E31/><V114/><F83/><W101/><G75/><T77/><D77/><U92/><E34/><V128/><F96/><W41/><G41/><T97/><D39/><U89/><E66/><N who="2" m="41175" /><F114/><W78/><G130/><N who="2" m="49705" /><F63/><W121/><G78/><T110/><D110/><U108/><E129/><V94/><F94/><W30/><G105/><T113/><D113/><U127/><E108/><V111/><F111/><W40/><G101/><T47/><D21/><U2/><E2/><V72/><F72/><W60/><G27/><T81/><D97/><U1/><E1/><V73/><F73/><W115/><G115/><T118/><D29/><U103/><E107/><V26/><F26/><W14/><G14/><T88/><D6/><U74/><E125/><V86/><F86/><W68/><G68/><T76/><D76/><U132/><E74/><V5/><F5/><W11/><G106/><T32/><D32/><U116/><E71/><V19/><F19/><W42/><G98/><T99/><D99/><U43/><E124/><V49/><F36/><W84/><G84/><T135/><D38/><U55/><E127/><V65/><F65/><W70/><G100/><T87/><D90/><U64/><E102/><V119/><F119/><W0/><G0/><N who="0" m="7" /><D118/><U50/><E103/><V61/><F61/><W53/><G70/><T122/><D15/><U123/><E116/><V134/><F134/><W93/><G12/><T3/><D135/><RYUUKYOKU ba="2,0" sc="81,-10,487,-10,204,30,228,-10" hai2="46,49,58,59" /><INIT seed="2,3,0,4,2,65" ten="71,477,234,218" oya="2" hai0="119,110,31,39,61,4,124,45,20,73,109,37,23" hai1="123,104,77,68,100,129,88,3,46,67,107,40,12" hai2="36,106,108,105,27,19,116,70,58,126,103,6,75" hai3="87,49,13,72,85,33,42,10,80,81,1,0,18"/><V90/><F36/><N who="0" m="13898" /><D61/><U22/><E129/><V89/><F75/><W135/><G33/><T111/><D73/><U76/><E67/><V29/><F58/><W120/><G120/><T56/><D56/><U86/><E22/><V99/><F19/><W79/><G135/><T71/><D45/><U15/><E3/><V63/><F6/><W92/><G72/><T52/><D4/><U41/><E46/><V66/><F106/><W8/><G92/><T24/><D24/><U74/><E100/><V34/><F116/><W54/><G42/><T55/><D31/><U78/><E86/><V21/><F21/><N who="0" m="8266" /><D119/><U132/><E77/><V2/><F2/><W30/><G30/><T50/><D50/><U43/><E43/><V14/><F14/><W97/><G97/><T96/><D96/><U38/><E38/><V118/><F118/><W94/><G94/><T91/><D91/><N who="2" m="34826" /><F108/><N who="0" m="27650" /><T60/><DORA hai="62" /><D60/><U82/><E40/><V53/><F53/><N who="0" m="20554" /><D124/><AGARI ba="3,0" hai="27,29,34,63,66,70,99,103,105,124,126" m="34826" machi="124" ten="30,5800,0" yaku="25,1,52,2" doraHai="65,62" who="2" fromWho="0" sc="71,-67,477,0,234,67,218,0" /><INIT seed="2,4,0,4,5,13" ten="4,477,301,218" oya="2" hai0="98,106,6,35,88,41,120,84,127,111,122,27,16" hai1="26,54,24,131,22,129,114,116,73,85,11,65,47" hai2="71,20,115,31,38,72,123,46,21,14,75,36,80" hai3="103,7,10,37,30,130,49,78,105,28,99,132,32"/><V15/><F115/><W18/><G37/><T118/><D111/><U112/><E73/><V1/><F1/><W68/><G132/><T104/><D6/><U19/><E65/><V135/><F135/><W51/><G130/><N who="1" m="49674" /><E116/><V17/><F123/><W56/><G78/><T79/><D118/><U100/><E100/><V96/><F71/><W39/><G39/><T119/><D119/><U55/><E11/><V109/><F109/><W94/><G94/><T0/><D0/><U25/><E85/><V113/><F113/><N who="1" m="43625" /><E47/><V74/><F96/><W58/><G58/><T44/><D79/><U63/><E63/><V2/><F2/><W97/><G97/><T89/><D89/><U61/><E61/><V29/><F80/><W66/><G56/><T43/><D43/><U126/><E126/><V133/><F133/><W57/><G57/><T40/><D40/><U8/><E8/><V110/><F110/><W50/><G7/><T86/><D86/><U64/><E64/><V108/><F108/><W12/><G30/><T121/><D127/><U60/><E60/><V76/><F76/><W134/><G134/><T82/><D98/><U92/><E92/><V128/><F128/><W59/><G59/><T83/><D83/><U23/><E24/><V102/><F102/><W77/><G77/><T93/><D82/><U9/><E9/><V124/><F124/><W52/><G66/><T69/><D69/><U81/><E81/><V48/><F38/><W3/><G68/><T101/><D101/><U53/><E53/><N who="2" m="29847" /><F36/><W42/><G3/><T95/><D95/><U5/><E5/><RYUUKYOKU ba="4,0" sc="4,-15,477,15,301,15,218,-15" hai1="19,22,23,25,26,54,55" hai2="14,15,17,20,21,29,31,72,74,75" owari="-11,-51.1,492,59.2,316,11.6,203,-19.7" /></mjloggm>