<mjloggm ver="2.3"><GO type="225" lobby="0"/><UN n0="%77%72%77%72%77%72%77%72" n1="%E7%99%BD%E9%9B%AA%E4%B9%83%E6%84%9B" n2="%E3%82%B7%E3%83%B3%E5%A4%AA%E6%9C%97" n3="%E3%83%97%E3%83%AC%E3%83%B4%E3%82%A1%E3%83%86%E3%82%A3" dan="16,16,16,16" rate="2125.10,2063.43,2146.58,2117.73" sx="M,F,M,F"/><TAIKYOKU oya="0"/><INIT seed="0,0,0,2,2,11" ten="250,250,250,250" oya="0" hai0="20,30,134,98,9,129,76,6,89,48,75,105,18" hai1="64,67,106,73,35,81,13,10,133,135,97,40,46" hai2="62,17,45,3,132,58,80,29,21,33,52,53,49" hai3="112,77,61,119,92,32,34,15,124,7,103,121,127"/><T65/><D129/><U115/><E35/><V27/><F132/><N who="1" m="50761" /><E115/><V74/><F3/><W109/><G112/><T85/><D134/><U71/><E71/><V55/><F74/><W28/><G119/><T108/><D108/><U57/><E57/><V90/><F80/><W37/><G37/><T1/><D65/><U43/><E106/><V63/><F90/><W8/><G109/><T96/><D30/><U25/><E25/><V113/><F113/><W22/><G121/><T72/><D48/><N who="1" m="26695" /><E43/><V102/><F102/><W84/><G61/><T56/><D56/><U23/><E23/><V54/><REACH who="2" step="1"/><F63/><REACH who="2" ten="250,250,240,250" step="2"/><W95/><G103/><T99/><D76/><N who="1" m="44175" /><E97/><V117/><F117/><W88/><G77/><T60/><D60/><U82/><E82/><V39/><F39/><W101/><G101/><T2/><D105/><U83/><E83/><V100/><F100/><W51/><G95/><T130/><D72/><U111/><E111/><V93/><F93/><W36/><G36/><T68/><D75/><U42/><E42/><V114/><F114/><W110/><G110/><T86/><D1/><U69/><E69/><V123/><F123/><W120/><G120/><T78/><D68/><U50/><E50/><V59/><F59/><W14/><G51/><T128/><D78/><U41/><E41/><V104/><F104/><W66/><G92/><N who="0" m="54319" /><D86/><U24/><E24/><AGARI ba="0,1" hai="17,21,24,27,29,33,45,49,52,53,54,55,58,62" machi="24" ten="30,3900,0" yaku="1,1,7,1,54,1,53,0" doraHai="11" doraHaiUra="131" who="2" fromWho="1" sc="250,0,250,-39,240,49,250,0" /><INIT seed="1,0,0,5,0,23" ten="250,211,289,250" oya="1" hai0="75,74,42,46,67,33,45,50,84,78,25,9,26" hai1="3,40,106,135,103,61,65,125,116,29,16,5,95" hai2="15,49,56,110,47,70,20,39,4,66,24,72,53" hai3="64,92,81,130,121,91,36,35,1,104,22,123,21"/><U8/><E116/><V96/><F110/><W100/><G36/><T117/><D117/><U71/><E135/><V11/><F72/><W87/><G1/><T124/><D124/><U99/><E125/><V55/><F39/><W111/><G111/><T58/><D33/><U63/><E40/><V134/><F134/><W32/><G130/><T19/><D74/><U114/><E114/><V108/><F108/><W6/><G6/><T68/><D75/><U90/><E29/><V14/><F70/><W41/><G41/><T54/><D68/><U52/><E61/><V38/><F66/><W60/><G104/><T37/><D67/><U85/><REACH who="1" step="1"/><E16/><REACH who="1" ten="250,201,289,250" step="2"/><V132/><F132/><W115/><G115/><T18/><D18/><U83/><E83/><V88/><F38/><W112/><G112/><T73/><D42/><U122/><E122/><V113/><F113/><W105/><G123/><T59/><D37/><U57/><E57/><V17/><F4/><W51/><G121/><T44/><D58/><U128/><E128/><V13/><F11/><W31/><G51/><T48/><D48/><U34/><E34/><V89/><F96/><N who="3" m="61575" /><G81/><N who="0" m="47159" /><D73/><U133/><E133/><V80/><F80/><W101/><G35/><T12/><AGARI ba="0,1" hai="9,12,19,25,26,44,45,46,50,54,59" m="47159" machi="12" ten="30,4000,0" yaku="8,1,52,2" doraHai="23" who="0" fromWho="0" sc="250,50,201,-20,289,-10,250,-10" /><INIT seed="2,0,0,2,2,63" ten="300,181,279,240" oya="2" hai0="117,12,105,110,68,76,101,28,11,69,22,92,17" hai1="108,70,16,25,134,94,24,19,97,7,95,30,133" hai2="83,124,46,84,34,131,109,62,33,29,111,61,54" hai3="59,0,127,112,67,48,49,66,72,35,21,31,78"/><V8/><F131/><W26/><G0/><T71/><D105/><U86/><E70/><V64/><F124/><W85/><G127/><T4/><D110/><N who="2" m="41994" /><F29/><W15/><G72/><T2/><D117/><U118/><E108/><V75/><F75/><W42/><G112/><T6/><D76/><U41/><E41/><V77/><F8/><W56/><G35/><T115/><D115/><U122/><E118/><V90/><F61/><W130/><G130/><T104/><D104/><U93/><E122/><V123/><F123/><W13/><G78/><T1/><D28/><U119/><E119/><V44/><F77/><W52/><G85/><T73/><D73/><U32/><E7/><V57/><F54/><N who="3" m="31815" /><G42/><T114/><D114/><U132/><E97/><V88/><F90/><W9/><G13/><T47/><D1/><U107/><E107/><V121/><F121/><W3/><G3/><T81/><D2/><U27/><E30/><V39/><F39/><W55/><G55/><T106/><D12/><U98/><E98/><V23/><F23/><W53/><G53/><T58/><D22/><U18/><E32/><AGARI ba="0,0" hai="32,33,34,44,46,57,62,64,83,84,88" m="41994" machi="32" ten="30,11600,0" yaku="14,1,10,1,52,1,54,1" doraHai="63" who="2" fromWho="1" sc="300,0,181,-116,279,116,240,0" /><INIT seed="2,1,0,4,4,7" ten="300,65,395,240" oya="2" hai0="39,49,52,101,51,59,61,85,133,25,60,40,77" hai1="132,33,88,100,56,10,2,127,107,68,121,135,90" hai2="5,36,6,120,131,35,105,129,74,81,102,79,30" hai3="65,99,83,27,111,109,67,75,1,18,20,97,119"/><V86/><F36/><W114/><G119/><T24/><D133/><U71/><E121/><V80/><F120/><W66/><G1/><T22/><D39/><U126/><E33/><V63/><F63/><W34/><G34/><T92/><D77/><U91/><E56/><V116/><F116/><W103/><G114/><T125/><D125/><N who="1" m="47627" /><E100/><V11/><F30/><W53/><G83/><T70/><D70/><N who="1" m="26667" /><E107/><V108/><F35/><W44/><G75/><T41/><D25/><U130/><E2/><V38/><F38/><W29/><G29/><T122/><D122/><U32/><E32/><V0/><F6/><W93/><G99/><N who="0" m="59623" /><D85/><U8/><E130/><N who="2" m="49675" /><F108/><W26/><G26/><T123/><D123/><U13/><E13/><V128/><F128/><W17/><G17/><N who="0" m="12367" /><D61/><U16/><E16/><V98/><F80/><W15/><G27/><T57/><D49/><U69/><N who="1" m="26675" /><U113/><DORA hai="104" /><E113/><V4/><F4/><W94/><G94/><T37/><D37/><U78/><E78/><V28/><F28/><W48/><AGARI ba="1,0" hai="15,18,20,44,48,53,65,66,67,93,97,103,109,111" machi="48" ten="30,1100,0" yaku="0,1" doraHai="7,104" who="3" fromWho="3" sc="300,-4,65,-4,395,-6,240,14" /><INIT seed="3,0,0,0,4,121" ten="296,61,389,254" oya="3" hai0="76,94,83,71,81,70,107,126,108,77,84,93,38" hai1="26,44,79,37,69,114,132,74,60,120,99,123,7" hai2="89,5,88,10,62,115,65,34,0,129,14,48,54" hai3="58,27,61,110,55,100,23,11,117,28,106,40,111"/><W41/><BYE who="1" /><G117/><UN n1="%E7%99%BD%E9%9B%AA%E4%B9%83%E6%84%9B" /><T9/><D38/><U29/><E29/><V124/><BYE who="1" /><F115/><W18/><G106/><UN n1="%E7%99%BD%E9%9B%AA%E4%B9%83%E6%84%9B" /><T66/><BYE who="1" /><D107/><U130/><E130/><V135/><F129/><UN n1="%E7%99%BD%E9%9B%AA%E4%B9%83%E6%84%9B" /><W13/><REACH who="3" step="1"/><BYE who="1" /><G100/><REACH who="3" ten="296,61,389,244" step="2"/><T134/><D134/><UN n1="%E7%99%BD%E9%9B%AA%E4%B9%83%E6%84%9B" /><U46/><E46/><BYE who="1" /><V20/><F135/><W85/><G85/><T6/><D126/><U80/><E80/><V87/><F124/><W3/><G3/><T59/><D81/><U101/><E101/><V57/><F87/><W104/><G104/><T8/><D84/><U127/><E127/><V19/><F34/><W12/><G12/><T72/><D83/><U90/><E90/><V118/><F118/><W82/><G82/><T95/><D72/><U43/><E43/><AGARI ba="0,1" hai="11,13,18,23,27,28,40,41,43,55,58,61,110,111" machi="43" ten="40,12000,1" yaku="1,1,52,2,53,1" doraHai="121" doraHaiUra="51" who="3" fromWho="1" sc="296,0,61,-120,389,0,244,130" owari="296,-10.4,-59,-55.9,389,48.9,374,17.4" /></mjloggm>