<mjloggm ver="2.3"><GO type="225" lobby="0"/><UN n0="%72%61%6B%33" n1="%E3%81%9F%E3%81%93%E2%98%86%E7%84%BC%E3%81%8D" n2="%E3%81%A1%E3%82%85%E3%81%86%E3%81%A9%E3%81%8F%E8%B1%A1%E3%81%95%E3%82%93" n3="%E3%81%BF%E3%81%BF%E3%81%9A" dan="16,16,17,17" rate="2165.08,2092.54,2181.27,2234.64" sx="M,M,M,M"/><TAIKYOKU oya="0"/><INIT seed="0,0,0,3,4,54" ten="250,250,250,250" oya="0" hai0="92,62,135,18,40,1,57,19,63,65,68,71,113" hai1="72,69,17,14,82,21,52,99,83,105,133,85,76" hai2="81,106,13,50,39,44,30,80,46,129,23,26,87" hai3="110,6,28,103,36,109,111,120,45,8,97,16,89"/><T100/><D113/><U51/><E69/><V42/><F129/><W35/><G120/><T128/><D128/><U64/><E133/><V95/><F106/><W118/><G118/><T61/><D135/><U55/><E64/><V12/><F95/><W102/><G89/><T47/><D1/><U112/><E112/><V2/><F2/><W117/><G117/><T20/><D71/><U34/><E34/><V108/><F108/><W93/><G103/><T29/><D29/><U131/><E55/><V25/><F25/><W37/><G45/><T3/><D3/><U119/><E119/><V114/><F114/><W104/><G93/><T49/><D68/><U130/><E99/><V79/><REACH who="2" step="1"/><F80/><REACH who="2" ten="250,250,240,250" step="2"/><W98/><G98/><N who="0" m="59463" /><D19/><U59/><REACH who="1" step="1"/><E105/><REACH who="1" ten="250,240,240,250" step="2"/><V78/><F78/><AGARI ba="0,2" hai="14,17,21,51,52,59,72,76,78,82,83,85,130,131" machi="78" ten="40,8000,1" yaku="1,1,2,1,52,1,54,1,53,0" doraHai="54" doraHaiUra="43" who="1" fromWho="2" sc="250,0,240,100,240,-80,250,0" /><INIT seed="1,0,0,3,2,80" ten="250,340,160,250" oya="1" hai0="10,66,114,81,104,49,53,3,21,88,13,51,0" hai1="65,109,58,36,94,132,25,133,99,19,106,1,112" hai2="63,16,103,34,124,33,15,127,107,50,100,121,125" hai3="93,111,117,122,37,11,67,23,4,131,91,110,96"/><U108/><E36/><V47/><F121/><W72/><G122/><T116/><D114/><U135/><E1/><V43/><F63/><W82/><G37/><T128/><D116/><U38/><E106/><V62/><F62/><W14/><G67/><T119/><D104/><U101/><E38/><V22/><REACH who="2" step="1"/><F107/><REACH who="2" ten="250,340,150,250" step="2"/><W129/><G117/><T40/><D119/><U78/><E112/><V86/><F86/><N who="3" m="50647" /><G72/><T12/><D128/><N who="3" m="49225" /><G23/><T85/><D21/><N who="1" m="13503" /><E78/><V18/><F18/><W7/><G7/><T28/><D66/><U20/><E20/><V89/><F89/><AGARI ba="0,1" hai="4,11,14,89,93,96,110,111" m="49225,50647" machi="89" ten="30,2000,0" yaku="19,1,52,1" doraHai="80" who="3" fromWho="2" sc="250,0,340,0,150,-20,250,30" /><INIT seed="2,0,0,2,4,8" ten="250,340,130,280" oya="2" hai0="65,45,131,134,59,40,114,29,15,33,95,106,3" hai1="21,66,31,120,35,22,50,63,23,96,100,91,119" hai2="51,111,72,108,112,77,20,1,6,46,48,43,128" hai3="7,5,76,39,56,25,87,64,113,55,75,19,0"/><V11/><F112/><W81/><G113/><T70/><D114/><U82/><E50/><V118/><F118/><W74/><G39/><T26/><D106/><U10/><E119/><V36/><F128/><W98/><G64/><T135/><D3/><U4/><E91/><V117/><F117/><W124/><G124/><T99/><D70/><U89/><E89/><V47/><F20/><W52/><G98/><T88/><D131/><U54/><E54/><V129/><F129/><W80/><G25/><T110/><D110/><N who="2" m="42026" /><F46/><W37/><G37/><T13/><D59/><U58/><E82/><AGARI ba="0,0" hai="1,6,11,36,43,47,48,51,72,77,82" m="42026" machi="82" ten="30,5800,0" yaku="25,1,14,1,10,1" doraHai="8" who="2" fromWho="1" sc="250,0,340,-58,130,58,280,0" /><INIT seed="2,1,0,3,3,47" ten="250,282,188,280" oya="2" hai0="53,10,11,48,18,66,58,82,38,91,127,110,78" hai1="122,29,25,2,80,39,57,70,44,14,113,76,79" hai2="107,129,128,23,33,111,9,90,56,123,87,125,67" hai3="74,34,4,108,3,27,83,133,0,50,117,45,69"/><V63/><F123/><W43/><G117/><T104/><D110/><U115/><E122/><V85/><F33/><W77/><G108/><T49/><D127/><U96/><E2/><V19/><F111/><W105/><G133/><T42/><D38/><U59/><E70/><V54/><F107/><W55/><G105/><T116/><D104/><U22/><E96/><V92/><F125/><W71/><G34/><T52/><D116/><U5/><E79/><V99/><F9/><W88/><G27/><T51/><D42/><U30/><E30/><V120/><F120/><W93/><G4/><T131/><D131/><N who="2" m="50250" /><F67/><W28/><G28/><T130/><D91/><U12/><E5/><V84/><F84/><W13/><G13/><AGARI ba="1,0" hai="13,19,23,54,56,63,85,87,90,92,99" m="50250" machi="13" ten="30,1500,0" yaku="19,1" doraHai="47" who="2" fromWho="3" sc="250,0,282,0,188,18,280,-18" /><INIT seed="2,2,0,1,0,71" ten="250,282,206,262" oya="2" hai0="97,112,90,120,35,63,19,131,31,61,42,46,52" hai1="113,81,80,26,48,0,62,45,96,70,122,72,107" hai2="13,66,33,11,76,49,87,9,85,105,129,23,16" hai3="50,95,102,68,6,115,55,38,78,57,14,89,73"/><V103/><F33/><W125/><G125/><T128/><D112/><U100/><E0/><V54/><F129/><W21/><G115/><T132/><D120/><U118/><E118/><V5/><F66/><W59/><G68/><T29/><D19/><U124/><E124/><V7/><F105/><W114/><G114/><T101/><D90/><U8/><E72/><V3/><F103/><W117/><G102/><T74/><D74/><U116/><E116/><V108/><F108/><W133/><G117/><T121/><D121/><U134/><E134/><V127/><F127/><W99/><G133/><T44/><D132/><U123/><E8/><V27/><REACH who="2" step="1"/><F76/><REACH who="2" ten="250,282,196,262" step="2"/><W30/><G78/><T56/><D35/><U51/><E113/><V24/><F24/><W60/><G89/><T98/><D101/><U34/><E123/><V106/><F106/><W2/><G2/><T37/><D131/><U79/><E79/><V93/><F93/><W83/><G95/><T20/><D128/><U88/><E122/><V40/><F40/><W92/><G92/><T10/><D42/><U77/><E26/><V119/><F119/><W47/><G55/><T86/><D52/><U41/><E34/><V18/><F18/><W65/><G65/><T69/><D31/><U130/><E77/><V82/><F82/><W53/><G83/><T91/><D29/><U84/><E81/><V1/><F1/><W4/><G30/><T64/><D64/><N who="1" m="41239" /><E130/><V135/><F135/><W110/><G110/><T22/><D69/><U43/><E43/><V104/><F104/><W39/><G53/><T17/><D17/><RYUUKYOKU ba="2,1" sc="250,-15,282,15,196,15,262,-15" hai1="41,45,48,51,80,84,88,96,100,107" hai2="3,5,7,9,11,13,16,23,27,49,54,85,87" /><INIT seed="2,3,1,3,5,72" ten="235,297,211,247" oya="2" hai0="56,78,51,126,33,109,65,81,99,69,94,41,61" hai1="104,28,121,35,46,127,82,0,13,4,10,88,125" hai2="9,49,50,24,53,18,76,120,25,54,70,27,87" hai3="83,20,97,30,130,12,112,122,26,15,115,86,68"/><V79/><F120/><W34/><G122/><T37/><D33/><U32/><E104/><V116/><F116/><W114/><G130/><T103/><D109/><U89/><E121/><V22/><F70/><W66/><G97/><T31/><D31/><U85/><E46/><N who="2" m="27831" /><F9/><W75/><G75/><T64/><D126/><N who="1" m="48139" /><E28/><V16/><F87/><W96/><G96/><T48/><D65/><U80/><E80/><V14/><F18/><W42/><G42/><T47/><REACH who="0" step="1"/><D69/><REACH who="0" ten="225,297,211,247" step="2"/><U131/><E32/><V110/><F110/><W23/><G66/><T58/><D58/><AGARI ba="3,2" hai="14,16,22,24,25,27,50,54,58,76,79" m="27831" machi="58" ten="30,11600,0" yaku="8,1,52,2,54,1" doraHai="72" who="2" fromWho="0" sc="225,-125,297,0,211,145,247,0" /><INIT seed="2,4,0,0,1,78" ten="100,297,356,247" oya="2" hai0="116,1,95,94,23,68,72,114,30,12,43,48,52" hai1="18,103,132,90,61,115,75,119,121,39,106,54,3" hai2="133,62,53,49,79,86,40,32,21,77,42,29,82" hai3="81,65,13,130,59,60,35,76,126,9,37,69,84"/><V8/><F32/><W7/><G130/><T5/><D114/><U26/><E18/><V44/><F133/><W27/><G126/><T110/><D68/><U123/><E54/><V14/><F77/><W118/><G118/><T22/><D116/><U73/><E61/><V50/><F62/><W36/><REACH who="3" step="1"/><G69/><REACH who="3" ten="100,297,356,237" step="2"/><T33/><D110/><U89/><E119/><V93/><F40/><W10/><G10/><T51/><D72/><U66/><E73/><V16/><F42/><W124/><G124/><T97/><D43/><U20/><E75/><V0/><F0/><W85/><G85/><T92/><D1/><U46/><E3/><V128/><F128/><W67/><G67/><T38/><D38/><U135/><E66/><V100/><F44/><W57/><G57/><T6/><D6/><U28/><E46/><V109/><F109/><W17/><G17/><T56/><D5/><U104/><E39/><V112/><F112/><W127/><G127/><T98/><D98/><U117/><E115/><V111/><F111/><W113/><G113/><T101/><D101/><U131/><E103/><V45/><F45/><W41/><G41/><T71/><D71/><U88/><E117/><V11/><F11/><W24/><G24/><T47/><D47/><U122/><E131/><V108/><F108/><W91/><G91/><T55/><D55/><U15/><E15/><V129/><F129/><W125/><G125/><T99/><D97/><U134/><AGARI ba="4,1" hai="20,26,28,88,89,90,104,106,121,122,123,132,134,135" machi="134" ten="50,12000,2" yaku="0,1,29,2,13,1,20,1,54,1" doraHai="78" who="1" fromWho="1" sc="100,-34,297,142,356,-64,237,-34" /><INIT seed="3,0,0,3,3,98" ten="66,439,292,203" oya="3" hai0="65,59,8,61,106,75,38,122,55,39,52,47,62" hai1="43,90,128,70,22,9,118,116,111,102,48,10,33" hai2="113,36,85,21,80,46,57,37,94,64,28,58,91" hai3="2,130,69,78,60,53,14,50,32,15,120,107,17"/><W0/><G120/><T99/><D75/><U45/><E33/><V54/><F113/><W126/><G32/><T51/><D8/><U103/><E70/><V131/><F131/><W30/><G30/><T3/><D3/><U71/><E71/><V109/><F109/><W108/><G78/><T73/><D73/><U31/><E90/><V86/><F36/><N who="0" m="13866" /><D99/><U125/><E111/><V127/><F127/><W12/><G108/><T1/><D106/><U114/><E125/><V87/><F64/><W97/><G126/><T42/><D1/><U27/><E114/><V84/><F37/><W77/><G77/><T79/><D79/><U105/><E105/><V121/><F121/><W7/><G0/><T96/><D96/><U104/><E104/><V44/><F58/><W5/><G2/><T134/><D122/><U26/><E26/><N who="2" m="16463" /><F80/><W24/><G107/><T67/><D134/><U68/><E68/><V63/><AGARI ba="0,0" hai="44,46,54,57,63,84,85,86,87,91,94" m="16463" machi="63" ten="30,1100,0" yaku="8,1" doraHai="98" who="2" fromWho="2" sc="66,-3,439,-3,292,11,203,-5" owari="63,-43.7,436,53.6,303,10.3,198,-20.2" /></mjloggm>