<mjloggm ver="2.3"><GO type="225" lobby="0"/><UN n0="%E5%91%89%E5%AF%8C%E6%98%A5" n1="%77%72%77%72%77%72%77%72" n2="%72%69%6F%75%63%68%61%6E" n3="%E5%82%8D%E8%8B%A5%E7%84%A1%E4%BA%BA%35%31" dan="16,17,16,16" rate="2148.89,2174.75,2139.19,2132.95" sx="M,M,M,M"/><TAIKYOKU oya="0"/><INIT seed="0,0,0,3,4,8" ten="250,250,250,250" oya="0" hai0="13,33,71,79,110,36,55,133,45,18,15,134,67" hai1="123,6,35,21,132,121,83,17,111,42,81,66,63" hai2="97,102,52,78,86,109,32,70,85,20,104,72,92" hai3="57,38,65,56,2,23,131,93,48,46,31,82,95"/><T90/><D33/><U59/><E35/><V39/><F32/><W91/><G2/><T126/><D126/><U5/><E111/><V99/><F109/><W98/><G38/><T119/><D110/><U51/><E132/><N who="0" m="50793" /><D119/><U7/><E123/><V106/><F70/><W129/><G82/><T53/><D79/><U19/><E121/><V11/><F39/><W74/><G74/><T125/><D125/><U108/><E108/><V89/><F20/><W43/><G65/><T117/><D117/><U47/><REACH who="1" step="1"/><E17/><REACH who="1" ten="250,240,250,250" step="2"/><V26/><F26/><AGARI ba="0,1" hai="5,6,7,19,21,26,42,47,51,59,63,66,81,83" machi="26" ten="40,5200,0" yaku="1,1,2,1,8,1,53,0" doraHai="8" doraHaiUra="101" who="1" fromWho="2" sc="250,0,240,62,250,-52,250,0" /><INIT seed="1,0,0,5,3,46" ten="250,302,198,250" oya="1" hai0="43,12,33,47,95,111,78,52,120,76,135,69,18" hai1="35,44,108,8,0,58,122,123,34,50,1,67,101" hai2="48,16,99,37,97,11,40,133,89,15,17,91,32" hai3="92,19,94,29,2,59,56,126,79,39,86,104,127"/><U105/><E105/><V64/><F37/><W13/><G2/><T9/><D33/><U54/><E101/><V113/><F32/><W63/><G29/><T109/><D69/><U57/><E108/><N who="0" m="41545" /><D135/><U71/><E71/><V36/><F36/><W21/><G39/><N who="0" m="22015" /><D120/><U28/><E67/><V81/><F133/><W6/><G104/><T130/><D130/><U61/><E58/><V132/><F132/><W84/><G6/><T51/><D95/><U20/><E34/><V100/><F113/><W131/><G59/><N who="0" m="33183" /><D78/><U25/><E35/><V112/><F112/><W83/><G131/><T90/><D90/><N who="2" m="34314" /><F64/><W116/><G116/><T7/><D76/><U128/><E128/><V129/><F129/><W88/><REACH who="3" step="1"/><G94/><REACH who="3" ten="250,302,198,240" step="2"/><T10/><D7/><U74/><E0/><V121/><F121/><W118/><G118/><T27/><D27/><U4/><E123/><V62/><F17/><W93/><G93/><T49/><D49/><U75/><E122/><V134/><F134/><W103/><G103/><T68/><D68/><U42/><AGARI ba="0,1" hai="1,4,8,20,25,28,42,44,50,54,57,61,74,75" machi="42" ten="20,3900,0" yaku="0,1,7,1,52,1" doraHai="46" who="1" fromWho="1" sc="250,-13,302,49,198,-13,240,-13" /><INIT seed="1,1,0,3,3,26" ten="237,351,185,227" oya="1" hai0="126,131,43,57,134,7,116,36,71,65,31,20,132" hai1="5,16,64,82,128,83,33,135,78,119,28,42,105" hai2="2,10,14,32,44,23,74,21,101,96,70,18,58" hai3="25,50,56,1,46,19,13,108,115,95,22,61,55"/><U133/><E119/><V51/><F70/><W40/><G108/><T127/><D116/><U8/><E105/><V121/><F121/><W80/><G115/><T59/><D7/><U52/><E42/><V77/><F32/><W125/><G1/><T103/><D103/><U73/><E64/><V34/><F34/><W11/><G125/><N who="0" m="47627" /><D20/><U98/><E128/><V79/><F58/><N who="0" m="22026" /><D31/><U60/><E98/><V53/><F74/><W86/><G95/><T81/><D81/><U62/><E83/><V12/><F2/><W104/><G104/><T15/><D15/><N who="1" m="7271" /><E5/><V68/><F68/><W4/><G86/><T66/><D131/><U118/><E118/><V0/><F0/><W111/><G111/><T84/><D84/><U75/><E75/><V129/><F129/><W122/><G122/><T45/><D71/><U97/><E97/><V89/><F89/><W76/><G80/><T124/><N who="0" m="47635" /><T48/><DORA hai="35" /><D36/><U6/><E6/><V67/><F67/><AGARI ba="1,0" hai="43,45,48,65,66,67,132,134" m="22026,47635" machi="67" ten="50,6400,0" yaku="18,1,34,2" doraHai="26,35" who="0" fromWho="2" sc="237,67,351,0,185,-67,227,0" /><INIT seed="2,0,0,1,0,0" ten="304,351,118,227" oya="2" hai0="34,82,61,76,86,78,58,64,10,67,33,77,114" hai1="50,103,98,26,91,72,120,119,56,39,129,93,96" hai2="60,74,57,46,40,55,90,99,107,73,25,130,124" hai3="133,11,22,121,71,53,43,75,52,106,13,69,85"/><V66/><F124/><W23/><G75/><T63/><D114/><U104/><E119/><V41/><F130/><W19/><G106/><T126/><D126/><U70/><E129/><V54/><F40/><W100/><G100/><T15/><D33/><U29/><E39/><V116/><F116/><W115/><G121/><T122/><D34/><U21/><E70/><V128/><F128/><W110/><G110/><T80/><D80/><U92/><E72/><V27/><F74/><W95/><G133/><T24/><D24/><N who="2" m="9290" /><F73/><W2/><G43/><T113/><D113/><U47/><E120/><V38/><F107/><W20/><G2/><T88/><D122/><U36/><E36/><V94/><F38/><W62/><G115/><T8/><REACH who="0" step="1"/><D15/><REACH who="0" ten="294,351,118,227" step="2"/><U101/><E101/><V59/><F59/><AGARI ba="0,1" hai="8,10,58,59,61,63,64,67,76,77,78,82,86,88" machi="59" ten="40,8000,1" yaku="1,1,2,1,9,1,8,1,54,1,53,0" doraHai="0" doraHaiUra="3" who="0" fromWho="2" sc="294,90,351,0,118,-80,227,0" /><INIT seed="3,0,0,2,0,129" ten="384,351,38,227" oya="3" hai0="47,27,41,1,92,34,118,33,55,70,37,45,69" hai1="102,84,46,40,43,51,120,86,63,29,32,21,94" hai2="101,87,91,13,24,103,78,119,5,71,83,73,30" hai3="2,20,38,110,65,49,61,123,6,74,59,85,133"/><W82/><G123/><T4/><D118/><U79/><E120/><V96/><F119/><W131/><G38/><N who="0" m="21687" /><D55/><U121/><E121/><V25/><F71/><N who="0" m="27146" /><D92/><U114/><E114/><V16/><F5/><W99/><G74/><T48/><D48/><U127/><E127/><V62/><F62/><W95/><G131/><T58/><D58/><U0/><E0/><V56/><F56/><W104/><G104/><T80/><D27/><U66/><E32/><V76/><F76/><W88/><G110/><T11/><D80/><U14/><E43/><AGARI ba="0,0" hai="1,4,11,33,34,37,43,47" m="27146,21687" machi="43" ten="30,2000,0" yaku="33,2" doraHai="129" who="0" fromWho="1" sc="384,20,351,-20,38,0,227,0" owari="404,50.4,331,13.1,38,-46.2,227,-17.3" /></mjloggm>