<mjloggm ver="2.3"><GO type="225" lobby="0"/><UN n0="%E3%81%BF%E3%81%BF%E3%81%9A" n1="%E6%A1%9C%E8%8A%B1%E9%96%83%E3%80%85" n2="%4C%C3%97%57%C3%97%4C" n3="%73%61%6E%64%69%72%69%73" dan="17,18,18,16" rate="2169.73,2274.71,2152.55,2199.46" sx="M,M,M,M"/><TAIKYOKU oya="0"/><INIT seed="0,0,0,4,5,102" ten="250,250,250,250" oya="0" hai0="54,23,8,68,73,104,83,63,6,115,62,117,38" hai1="72,43,80,84,33,79,110,88,81,90,124,89,78" hai2="3,118,45,46,77,65,85,61,40,51,87,113,28" hai3="67,74,126,76,131,24,114,0,18,32,75,134,34"/><T97/><D115/><U70/><E70/><V14/><F3/><W25/><G67/><T9/><D117/><U107/><E33/><V99/><F113/><W60/><G60/><T92/><D38/><U120/><E43/><V98/><F46/><W11/><G76/><T69/><D23/><U19/><E19/><V48/><F48/><W30/><G75/><T31/><D31/><U26/><E26/><V116/><F14/><N who="3" m="7519" /><G74/><T17/><D17/><U47/><E47/><V127/><F127/><W29/><G126/><T22/><D22/><U101/><E124/><V58/><F28/><W35/><G114/><T39/><D39/><U66/><E66/><V129/><F129/><W91/><G91/><T125/><D73/><N who="1" m="43087" /><E110/><V95/><F99/><W52/><G52/><T105/><D54/><U133/><E133/><V94/><F98/><W128/><G0/><T71/><D125/><U56/><E56/><V55/><F55/><W42/><G42/><T37/><D37/><U111/><E111/><V93/><REACH who="2" step="1"/><F77/><REACH who="2" ten="250,250,240,250" step="2"/><W121/><G121/><T49/><D97/><N who="1" m="61871" /><E120/><V12/><F12/><W7/><G134/><T20/><D6/><U103/><E103/><V109/><F109/><W4/><G35/><T5/><D5/><AGARI ba="0,1" hai="4,5,7,24,25,29,30,32,34,128,131" m="7519" machi="5" ten="30,2000,0" yaku="34,2" doraHai="102" who="3" fromWho="0" sc="250,-20,250,0,240,0,250,30" /><INIT seed="1,0,0,0,2,80" ten="230,250,240,280" oya="1" hai0="20,7,13,127,62,109,68,67,47,119,112,65,21" hai1="27,85,41,54,131,57,39,92,16,126,40,50,28" hai2="104,103,95,2,120,3,129,36,133,11,73,33,55" hai3="42,98,102,10,8,93,51,48,76,87,96,5,56"/><U69/><E126/><V49/><F120/><W26/><G26/><T110/><D112/><U105/><E105/><V38/><F104/><W118/><G118/><T128/><D119/><U25/><E69/><V1/><F129/><W117/><G117/><T135/><D128/><U34/><E131/><V58/><F33/><W14/><G42/><T15/><D127/><U122/><E122/><V43/><F73/><W71/><G71/><T121/><D121/><U70/><E70/><V63/><F133/><W113/><G113/><T29/><D47/><U106/><E106/><V101/><F11/><N who="3" m="4463" /><G98/><T66/><D135/><U0/><E0/><V72/><F72/><W111/><G111/><N who="0" m="42507" /><D15/><U89/><REACH who="1" step="1"/><E39/><REACH who="1" ten="230,240,240,280" step="2"/><V23/><F36/><W75/><G75/><T59/><D68/><U130/><E130/><V84/><F38/><W44/><G56/><T114/><D114/><U125/><E125/><V64/><F1/><W115/><G115/><T123/><D123/><U30/><E30/><V78/><F2/><W74/><G74/><T82/><D29/><U32/><E32/><V17/><F3/><W35/><G35/><T99/><D59/><U31/><E31/><V124/><F124/><W52/><G51/><T4/><D66/><U22/><AGARI ba="0,1" hai="16,22,25,27,28,34,40,41,50,54,57,85,89,92" machi="22" ten="30,11700,0" yaku="1,1,0,1,52,1,54,1,53,0" doraHai="80" doraHaiUra="61" who="1" fromWho="1" sc="230,-39,240,127,240,-39,280,-39" /><INIT seed="1,1,0,5,2,71" ten="191,367,201,241" oya="1" hai0="34,86,101,70,67,129,121,123,100,80,37,58,16" hai1="0,131,115,108,93,111,44,54,133,116,46,42,51" hai2="20,64,119,41,53,122,48,2,49,23,24,4,76" hai3="6,55,97,22,56,68,26,28,31,69,9,113,117"/><U79/><E0/><V98/><F119/><W17/><G113/><T30/><D30/><U74/><E115/><V88/><F122/><W12/><BYE who="0" /><G117/><T89/><D89/><U8/><E116/><V66/><F76/><W21/><G97/><T130/><D130/><U134/><E93/><N who="2" m="56615" /><F4/><W32/><G31/><T90/><D90/><U27/><E27/><V19/><F2/><W81/><G81/><T107/><D107/><U78/><E8/><V57/><F23/><W77/><G77/><N who="1" m="29194" /><E74/><V18/><F19/><W60/><REACH who="3" step="1"/><G22/><REACH who="3" ten="191,367,201,231" step="2"/><T11/><D11/><U45/><E131/><V112/><F112/><W72/><G72/><T3/><D3/><AGARI ba="1,1" hai="3,6,9,12,17,21,26,28,32,55,56,60,68,69" machi="3" ten="30,8000,1" yaku="1,1,7,1,24,2,53,1" doraHai="71" doraHaiUra="5" who="3" fromWho="0" sc="191,-83,367,0,201,0,231,93" /><INIT seed="2,0,0,2,1,76" ten="108,367,201,324" oya="2" hai0="3,90,124,99,51,20,58,19,41,52,118,37,69" hai1="66,9,92,115,46,81,96,83,23,32,126,59,103" hai2="119,27,75,130,91,80,117,12,17,104,65,121,26" hai3="102,112,85,64,24,39,22,122,15,18,109,72,49"/><V95/><F121/><W131/><G122/><T31/><D31/><U113/><E32/><V48/><F104/><W134/><G72/><T78/><D78/><U111/><E111/><V30/><F130/><W107/><G39/><T50/><D50/><U127/><E9/><V74/><F27/><W70/><G109/><T25/><D25/><U68/><E68/><V40/><F65/><W34/><G134/><T35/><D35/><U94/><E46/><V120/><F120/><W56/><G112/><N who="1" m="43082" /><E23/><V8/><F40/><W28/><G131/><T55/><D55/><U7/><E7/><V93/><F48/><W33/><G33/><T73/><D73/><U21/><E21/><N who="2" m="15695" /><F75/><W89/><G70/><T79/><D79/><U128/><E128/><V62/><F74/><W84/><G84/><T98/><D98/><N who="1" m="59847" /><E59/><V123/><F123/><W47/><G56/><T87/><D87/><U5/><E5/><V10/><F62/><W0/><G0/><T14/><D14/><U42/><E42/><V29/><F29/><W6/><G6/><T114/><D114/><U77/><E66/><V88/><F8/><W57/><G64/><T133/><D133/><U61/><E61/><V110/><F110/><W108/><G108/><T1/><D1/><U86/><E83/><V97/><F80/><N who="3" m="49319" /><G57/><T67/><D67/><U60/><E60/><V63/><F63/><W54/><G34/><T4/><D4/><U36/><E36/><V44/><F44/><W16/><G15/><T45/><D45/><U100/><AGARI ba="0,0" hai="77,81,86,94,96,100,126,127" m="59847,43082" machi="100" ten="30,4000,0" yaku="34,2,52,1" doraHai="76" who="1" fromWho="1" sc="108,-10,367,40,201,-20,324,-10" /><INIT seed="3,0,0,4,3,66" ten="98,407,181,314" oya="3" hai0="124,16,30,121,48,132,62,134,75,106,131,29,127" hai1="44,2,42,133,123,52,104,98,107,23,80,46,8" hai2="41,100,13,65,60,110,109,0,32,71,10,6,91" hai3="79,125,27,78,43,18,92,101,86,55,39,117,54"/><W94/><G117/><T113/><D113/><U115/><E115/><V77/><F13/><W69/><G125/><T118/><D118/><U4/><E123/><V45/><F91/><W31/><G39/><T83/><D83/><U111/><E111/><V129/><F100/><W49/><G69/><T87/><D87/><U35/><E35/><V19/><F19/><W68/><G68/><T17/><D17/><U12/><E133/><V85/><F129/><W40/><G18/><T51/><D51/><U64/><E64/><V74/><F85/><W126/><G126/><T7/><D7/><U97/><E80/><V135/><F32/><W3/><G3/><T73/><D73/><U24/><E52/><N who="3" m="20010" /><G49/><T95/><D95/><N who="3" m="36393" /><G101/><T25/><D25/><U112/><E2/><V9/><F135/><W11/><G11/><T103/><D103/><U50/><E46/><V59/><F10/><W84/><G27/><T120/><D120/><U70/><E70/><V61/><F61/><W47/><G31/><T114/><D114/><U128/><E128/><V119/><F119/><W108/><G108/><T33/><D33/><U81/><E112/><V82/><F59/><W28/><G28/><T122/><D122/><U1/><E1/><V102/><F102/><W63/><G63/><T88/><D88/><U93/><E98/><V72/><F72/><W116/><G116/><T36/><D36/><U105/><E105/><V89/><F89/><W57/><G57/><T20/><D20/><U90/><E81/><V22/><F22/><W34/><G34/><T56/><D56/><U58/><E58/><RYUUKYOKU ba="0,0" sc="98,-15,407,15,181,15,314,-15" hai1="4,8,12,23,24,42,44,50,90,93,97,104,107" hai2="0,6,9,41,45,60,65,71,74,77,82,109,110" owari="83,-41.7,422,52.2,196,-20.4,299,9.9" /></mjloggm>