<mjloggm ver="2.3"><GO type="225" lobby="0"/><UN n0="%E4%BA%BA%E9%96%93%E3%83%81%E3%83%A3%E3%83%BC%E3%83%8F%E3%83%B3" n1="%E6%9D%B1%E9%A2%A8%E3%81%AE%E3%81%8D%E3%82%83%E3%81%B7%E3%81%95%E3%82%93" n2="%E5%A4%9C%E5%85%89%E5%A4%A9%E6%A5%BC" n3="%E7%89%B9%E6%9D%B1%E3%81%AF%E4%B8%96%E7%95%8C%E3%82%92%E6%95%91%E3%81%86" dan="16,17,17,16" rate="2149.89,2213.29,2191.89,2036.13" sx="M,M,M,M"/><TAIKYOKU oya="0"/><INIT seed="0,0,0,3,0,131" ten="250,250,250,250" oya="0" hai0="88,84,6,82,107,95,100,80,43,105,72,90,120" hai1="24,73,123,125,50,20,13,75,39,42,34,122,37" hai2="16,7,99,109,5,22,89,48,52,17,56,0,4" hai3="10,45,96,31,15,113,104,53,81,114,49,71,101"/><T28/><D28/><U25/><E50/><V135/><F109/><W112/><G71/><T51/><D120/><U119/><E13/><N who="2" m="9487" /><F0/><W97/><G31/><T1/><D1/><U57/><E57/><V47/><F135/><W55/><G97/><N who="0" m="59455" /><D6/><U67/><E20/><V92/><F17/><W130/><G130/><T115/><D51/><U102/><E102/><V65/><F65/><W93/><G81/><N who="0" m="49423" /><D43/><U86/><E86/><V60/><F60/><W2/><G2/><T129/><D129/><U54/><E67/><V46/><AGARI ba="0,0" hai="4,5,7,46,47,48,52,56,89,92,99" m="9487" machi="46" ten="30,4000,0" yaku="8,1,54,2" doraHai="131" who="2" fromWho="2" sc="250,-20,250,-10,250,40,250,-10" /><INIT seed="1,0,0,0,1,60" ten="230,240,290,240" oya="1" hai0="76,28,131,16,134,9,96,0,114,8,85,38,133" hai1="10,29,70,112,12,132,17,129,123,21,37,64,20" hai2="4,56,19,54,118,69,39,92,121,94,97,105,78" hai3="41,79,100,36,113,43,120,42,53,25,71,86,24"/><U68/><E37/><V7/><F118/><W18/><G120/><T106/><D114/><U84/><E123/><V66/><F121/><W81/><G113/><T99/><D38/><U135/><E112/><V26/><F39/><W115/><G115/><T31/><D131/><U93/><E129/><V1/><F78/><W75/><G36/><T128/><D128/><U35/><E70/><V91/><F105/><W47/><G71/><T102/><D96/><U67/><E68/><V58/><F1/><W61/><G100/><T45/><D45/><U110/><E110/><V83/><F83/><W111/><G111/><T32/><D32/><U117/><E117/><V103/><F58/><N who="3" m="35023" /><G75/><T108/><D108/><U77/><E35/><V46/><F46/><W44/><G25/><T87/><D16/><N who="1" m="8215" /><E29/><N who="0" m="11337" /><D76/><U116/><E116/><V27/><F69/><W14/><G24/><N who="2" m="9257" /><F19/><W130/><G130/><T34/><D34/><U65/><E17/><V11/><F7/><W15/><G15/><T126/><D0/><U119/><E119/><V73/><F73/><W122/><G122/><T59/><D126/><U6/><E6/><V22/><F4/><W33/><G33/><T48/><D8/><AGARI ba="0,0" hai="8,14,18,41,42,43,44,47,79,81,86" m="35023" machi="8" ten="30,1000,0" yaku="8,1" doraHai="60" who="3" fromWho="0" sc="230,-10,240,0,290,0,240,10" /><INIT seed="2,0,0,2,3,70" ten="220,240,290,250" oya="2" hai0="1,87,58,108,18,47,106,74,75,101,24,98,128" hai1="30,131,46,38,13,97,73,65,114,96,10,94,109" hai2="33,71,43,54,90,57,84,22,51,134,129,81,23" hai3="41,7,72,16,59,76,63,19,36,77,64,116,119"/><V62/><F33/><W28/><G28/><T120/><D120/><U44/><E109/><V135/><F129/><W124/><G124/><T56/><D1/><U21/><E73/><V78/><F78/><W61/><G7/><T15/><D108/><U34/><E131/><V111/><F111/><W55/><G41/><T67/><D128/><U115/><E34/><V88/><F90/><W6/><G6/><T49/><D24/><U95/><E65/><N who="2" m="41399" /><F43/><W20/><G36/><T29/><D29/><U69/><E69/><V110/><F110/><W35/><G35/><T14/><D14/><U3/><E30/><V52/><F54/><W133/><G133/><AGARI ba="0,0" hai="22,23,51,52,57,81,84,88,133,134,135" m="41399" machi="133" ten="30,5800,0" yaku="20,1,54,2" doraHai="70" who="2" fromWho="3" sc="220,0,240,0,290,58,250,-58" /><INIT seed="2,1,0,5,2,63" ten="220,240,348,192" oya="2" hai0="111,89,31,32,42,83,0,106,41,29,92,34,53" hai1="87,94,90,66,85,35,127,128,109,119,133,33,28" hai2="102,5,71,126,51,100,45,86,23,44,30,88,40" hai3="84,19,48,56,55,60,3,129,82,80,11,17,16"/><V135/><F135/><W43/><G129/><T124/><D106/><U114/><E127/><V21/><F71/><W91/><G3/><T130/><D0/><U6/><E109/><V65/><F65/><W22/><G11/><T99/><D111/><U112/><E6/><V38/><F5/><W134/><G134/><T58/><D130/><U120/><E128/><V132/><F126/><W8/><G8/><T59/><D124/><U24/><E119/><V76/><F76/><W121/><G121/><T105/><D105/><U110/><E120/><V125/><F125/><W10/><G10/><T52/><D83/><U62/><E133/><V57/><F57/><N who="0" m="21514" /><D34/><U54/><E54/><N who="0" m="21097" /><D32/><U107/><E107/><V37/><F23/><W72/><G72/><T73/><D73/><U15/><E110/><V46/><F132/><W74/><G74/><T116/><D116/><U79/><E35/><V47/><F38/><W68/><G68/><T115/><D115/><U12/><E114/><V61/><F37/><W75/><G75/><T9/><D9/><U36/><E36/><V39/><F39/><W78/><G82/><T4/><D4/><U93/><E112/><V122/><F21/><W113/><G113/><T70/><D70/><N who="1" m="42327" /><E79/><V123/><F123/><W64/><G78/><T81/><D81/><U7/><E7/><V27/><F122/><W20/><REACH who="3" step="1"/><G43/><AGARI ba="1,0" hai="29,31,41,42,43,89,92,99" m="21097,21514" machi="43" ten="30,2000,0" yaku="8,1,54,1" doraHai="63" who="0" fromWho="3" sc="220,23,240,0,348,0,192,-23" /><INIT seed="3,0,0,1,1,31" ten="243,240,348,169" oya="3" hai0="18,7,103,42,76,55,129,47,71,50,74,63,110" hai1="41,62,81,114,126,15,28,26,10,99,25,72,135" hai2="44,14,20,128,66,23,48,58,4,78,118,87,24" hai3="45,132,21,96,77,5,27,112,3,9,16,94,97"/><W124/><G132/><T2/><D103/><U64/><E114/><V43/><F118/><W34/><G124/><T17/><D110/><U106/><E41/><V61/><F128/><W123/><G123/><T30/><D129/><U102/><E135/><V89/><F78/><W93/><G112/><T11/><D30/><U60/><E126/><V122/><F122/><W67/><G67/><T98/><D98/><U38/><E38/><V119/><F119/><W115/><G115/><T120/><D120/><U22/><E26/><V13/><F4/><W107/><G77/><T75/><D76/><U37/><E37/><V8/><F8/><W117/><G117/><T46/><D71/><U95/><E72/><V40/><F40/><W100/><G45/><T53/><D63/><U105/><E81/><N who="2" m="49391" /><F20/><W0/><G0/><T88/><D42/><U54/><E54/><V84/><F84/><W92/><REACH who="3" step="1"/><G34/><REACH who="3" ten="243,240,348,159" step="2"/><T130/><D2/><U134/><E134/><V82/><F66/><W19/><G19/><T70/><D18/><U52/><E64/><V6/><F44/><W85/><G85/><T33/><D47/><U90/><E52/><V49/><F43/><W83/><G83/><T56/><D130/><U1/><E1/><V68/><F82/><W36/><G36/><T12/><D55/><U109/><E109/><V39/><F39/><W127/><G127/><T29/><D74/><U69/><E69/><V32/><F32/><W125/><G125/><T131/><D75/><U113/><E113/><V91/><F6/><W104/><G104/><T35/><D131/><U65/><E106/><RYUUKYOKU ba="0,1" sc="243,-10,240,-10,348,-10,159,30" hai3="3,5,9,16,21,27,92,93,94,96,97,100,107" /><INIT seed="3,1,1,2,0,125" ten="233,230,338,189" oya="3" hai0="7,129,47,17,108,31,9,57,19,39,15,66,62" hai1="113,51,0,53,71,130,88,70,35,46,41,11,80" hai2="67,38,104,107,122,96,102,83,86,50,69,77,84" hai3="59,37,109,33,116,5,58,60,6,133,117,112,56"/><W54/><G112/><T95/><D108/><U82/><E35/><V27/><F38/><W13/><G109/><T100/><D31/><U98/><E113/><V126/><F126/><W68/><G33/><T12/><D129/><U124/><E130/><V118/><F118/><W34/><G34/><T48/><D39/><U79/><E124/><V110/><F122/><W106/><G37/><T18/><D95/><U73/><E53/><V32/><F107/><W16/><G106/><T20/><D100/><U49/><E49/><V21/><F50/><W22/><G133/><T52/><AGARI ba="1,1" hai="7,9,12,15,17,18,19,20,47,48,52,57,62,66" machi="52" ten="20,5200,0" yaku="0,1,7,1,8,1,54,1" doraHai="125" who="0" fromWho="0" sc="233,65,230,-14,338,-14,189,-27" owari="298,9.8,216,-18.4,324,42.4,162,-33.8" /></mjloggm>