<mjloggm ver="2.3"><GO type="225" lobby="0"/><UN n0="%E7%8B%82%E6%B0%97%E3%81%AE%E7%9E%B3" n1="%E7%AB%8B%E8%8A%B1%E9%9F%BF" n2="%4B%2E%32%2E%4B%2E" n3="%E3%81%8B%E3%82%8F%E3%81%A1%E3%82%83%E3%82%93%35%38" dan="16,17,17,16" rate="2041.91,2144.74,2187.21,2146.96" sx="F,F,M,M"/><TAIKYOKU oya="0"/><INIT seed="0,0,0,0,3,55" ten="250,250,250,250" oya="0" hai0="130,56,105,58,76,110,18,50,53,115,101,65,1" hai1="49,124,15,14,69,103,29,119,16,131,6,90,17" hai2="64,37,63,0,61,100,109,113,32,91,71,51,60" hai3="99,80,132,34,87,126,25,26,118,114,38,41,106"/><T92/><D105/><U104/><E119/><V78/><F0/><W39/><G114/><T11/><D115/><U45/><E69/><V5/><F113/><W8/><G118/><T20/><D130/><U111/><E131/><V9/><F37/><W125/><G132/><T68/><D68/><U42/><E124/><N who="3" m="47722" /><G8/><T36/><D36/><N who="3" m="13865" /><G41/><T12/><D76/><U98/><E29/><V7/><F32/><W24/><G99/><N who="0" m="59623" /><D1/><U52/><E111/><V77/><F100/><W133/><G106/><T43/><D110/><U82/><E42/><V84/><F9/><W127/><G133/><T74/><D74/><U96/><E6/><V23/><F23/><W85/><G127/><T47/><D65/><U135/><E135/><V66/><F109/><W59/><G59/><N who="0" m="22571" /><D11/><U129/><E129/><V112/><F112/><W107/><G107/><T88/><D88/><U122/><E104/><V95/><F71/><W72/><G34/><T117/><D117/><U30/><E103/><V48/><F66/><W97/><G97/><T57/><N who="0" m="22579" /><T67/><DORA hai="128" /><D67/><U3/><E98/><V89/><F64/><W28/><G28/><T123/><D123/><U2/><E30/><V93/><F63/><W79/><AGARI ba="0,0" hai="24,25,26,72,79,80,85,87" m="13865,47722" machi="79" ten="40,1500,0" yaku="18,1" doraHai="55,128" who="3" fromWho="3" sc="250,-7,250,-4,250,-4,250,15" /><INIT seed="1,0,0,2,0,130" ten="243,246,246,265" oya="1" hai0="104,25,85,134,48,105,115,83,16,49,4,113,132" hai1="64,19,11,58,75,3,45,8,27,74,81,13,129" hai2="18,106,90,93,94,65,87,86,131,26,60,127,10" hai3="77,23,80,39,119,89,32,57,56,51,21,59,17"/><U34/><E129/><V99/><F131/><W111/><G39/><T52/><D4/><U30/><E45/><V71/><F127/><W70/><G70/><T124/><D124/><U31/><E31/><V47/><F47/><W125/><G32/><T0/><D0/><U122/><E122/><V126/><F126/><W69/><G69/><T133/><D25/><U88/><E64/><V35/><F10/><W117/><G125/><T2/><D2/><U109/><E58/><V73/><F73/><W14/><G111/><T54/><D16/><U135/><E109/><V66/><F66/><W92/><G23/><T116/><D116/><N who="3" m="44617" /><G51/><N who="0" m="19531" /><D104/><U5/><REACH who="1" step="1"/><E135/><REACH who="1" ten="243,236,246,265" step="2"/><N who="0" m="34561" /><T9/><DORA hai="6" /><D115/><U42/><E42/><V123/><F123/><W78/><G57/><T61/><D113/><U107/><E107/><V128/><F128/><W36/><G59/><N who="0" m="35047" /><D105/><U24/><E24/><V55/><F106/><W44/><G56/><T20/><D54/><U98/><E98/><V112/><F55/><W12/><G44/><T118/><D118/><U29/><E29/><V103/><F112/><W114/><G114/><T63/><D63/><U7/><E7/><V50/><F60/><W96/><G17/><T108/><D108/><U79/><E79/><V1/><F18/><W53/><G78/><N who="0" m="46327" /><D20/><U40/><E40/><V101/><F65/><W68/><G53/><T97/><D97/><U120/><E120/><V43/><F99/><W62/><G21/><T100/><D100/><U72/><E72/><V28/><F101/><W67/><G36/><T22/><D22/><U82/><E82/><V37/><F37/><RYUUKYOKU ba="0,1" sc="243,10,236,10,246,-30,265,10" hai0="9" hai1="3,5,8,11,13,19,27,30,34,74,75,81,88" hai3="12,14,62,67,68,77,80,89,92,96" /><INIT seed="1,1,1,1,2,97" ten="253,246,216,275" oya="1" hai0="106,130,35,76,135,117,21,127,47,65,64,26,7" hai1="41,61,84,24,125,34,120,92,82,123,18,43,63" hai2="23,114,42,8,131,12,71,29,66,37,88,104,91" hai3="30,57,116,73,111,69,48,115,119,38,0,124,112"/><U17/><E125/><V132/><F132/><W103/><G0/><T85/><D117/><N who="3" m="45129" /><G73/><T108/><D106/><U60/><E92/><V72/><F72/><W102/><G38/><T110/><D135/><U33/><E84/><V79/><F79/><W126/><G69/><T94/><D35/><N who="1" m="13323" /><E24/><V109/><F104/><W101/><G30/><T10/><D130/><U40/><E82/><V51/><F37/><W11/><G11/><T68/><D47/><U105/><E105/><V15/><F71/><W19/><G19/><AGARI ba="1,1" hai="17,18,19,40,41,43,60,61,63,120,123" m="13323" machi="19" ten="40,3900,0" yaku="28,2" doraHai="97" who="1" fromWho="3" sc="253,0,246,52,216,0,275,-42" /><INIT seed="1,2,0,2,0,100" ten="253,298,216,233" oya="1" hai0="83,119,77,63,17,75,128,48,109,41,123,67,103" hai1="0,86,53,68,111,32,25,122,40,50,73,21,23" hai2="16,39,2,7,106,51,98,26,91,89,110,54,127" hai3="29,19,96,5,6,55,102,114,9,8,65,12,56"/><U107/><E73/><V121/><F39/><W85/><G114/><T60/><D119/><U62/><E0/><V71/><F71/><W61/><G29/><T88/><D109/><U52/><E122/><V70/><F121/><W45/><G85/><T125/><D125/><U24/><E111/><V46/><F110/><W126/><G126/><T78/><D128/><U97/><E86/><V43/><F127/><W95/><G45/><T42/><D123/><U80/><E80/><V34/><F70/><W117/><G117/><T81/><D103/><N who="1" m="62959" /><E25/><V72/><F72/><W104/><G95/><T84/><D17/><U115/><E40/><V132/><F7/><W47/><G47/><N who="0" m="25711" /><D42/><U134/><E115/><V101/><F2/><W30/><G30/><T118/><D118/><U87/><E87/><V116/><F116/><W27/><G27/><T59/><D63/><U58/><E53/><V82/><F34/><W76/><G76/><N who="0" m="29291" /><D75/><U99/><E99/><V20/><F132/><W22/><G22/><T74/><D74/><U69/><E69/><V38/><REACH who="2" step="1"/><F82/><AGARI ba="2,0" hai="59,60,67,81,82,83,84,88" m="29291,25711" machi="82" ten="30,2000,0" yaku="8,1,54,1" doraHai="100" who="0" fromWho="2" sc="253,26,298,0,216,-26,233,0" /><INIT seed="2,0,0,2,5,67" ten="279,298,190,233" oya="2" hai0="18,109,57,99,42,110,30,85,87,68,10,124,22" hai1="47,5,106,59,127,58,86,90,34,104,123,14,93" hai2="8,77,0,64,98,52,15,120,60,13,11,107,135" hai3="134,6,27,95,21,46,71,91,111,126,54,96,81"/><V29/><F120/><W53/><G111/><T17/><D124/><U61/><E34/><V3/><F135/><W100/><G134/><T25/><D42/><U84/><E127/><V88/><F77/><W49/><G126/><T105/><D68/><U65/><E123/><V36/><F36/><W39/><G39/><T20/><D57/><U19/><E5/><V131/><F131/><W62/><G6/><T4/><D105/><U115/><E115/><V128/><F128/><W66/><G81/><T89/><D99/><U108/><E108/><N who="0" m="41577" /><D20/><U83/><E47/><V32/><F107/><W113/><G113/><T114/><D87/><U12/><E12/><N who="2" m="4683" /><F32/><W1/><G1/><N who="0" m="271" /><D114/><U38/><E38/><V122/><F29/><W33/><G33/><T94/><AGARI ba="0,0" hai="17,18,22,25,30,85,89,94" m="271,41577" machi="94" ten="30,1100,0" yaku="14,1" doraHai="67" who="0" fromWho="0" sc="279,11,298,-3,190,-5,233,-3" /><INIT seed="3,0,0,4,2,9" ten="290,295,185,230" oya="3" hai0="88,53,131,51,118,114,121,63,43,60,8,103,128" hai1="39,134,115,31,83,117,7,109,27,127,93,62,99" hai2="95,111,90,10,84,135,80,106,4,68,74,77,61" hai3="72,14,126,98,94,29,55,123,65,38,76,42,132"/><W89/><G123/><T15/><D121/><U122/><E122/><V46/><F111/><W86/><G132/><T28/><D118/><U78/><E115/><V26/><F135/><W57/><G126/><T97/><D114/><U58/><E39/><V16/><F106/><W2/><G2/><T110/><D28/><U45/><E109/><V81/><F46/><W44/><G29/><T22/><D22/><N who="1" m="15863" /><E134/><V120/><F120/><W79/><G72/><T13/><D43/><U71/><E71/><V18/><F26/><W116/><G116/><T19/><D88/><U12/><E45/><V3/><REACH who="2" step="1"/><F95/><REACH who="2" ten="290,295,175,230" step="2"/><W100/><G65/><AGARI ba="0,1" hai="3,4,10,16,18,61,65,68,74,77,80,81,84,90" machi="65" ten="40,5200,0" yaku="1,1,2,1,54,1,53,0" doraHai="9" doraHaiUra="50" who="2" fromWho="3" sc="290,0,295,0,175,62,230,-52" /><INIT seed="4,0,0,5,4,97" ten="290,295,237,178" oya="0" hai0="65,2,116,99,128,132,50,8,70,88,111,44,102" hai1="28,94,9,107,71,20,46,48,83,91,68,77,96" hai2="52,13,121,115,79,74,25,1,101,17,114,47,21" hai3="12,32,36,123,76,24,19,5,72,92,37,26,61"/><T64/><D116/><U49/><E107/><V57/><F121/><W81/><G123/><T66/><D132/><U63/><E9/><V127/><F1/><W80/><G5/><T106/><D111/><U38/><E38/><V134/><F134/><W31/><G61/><T129/><D88/><U40/><E49/><V67/><F127/><W14/><G14/><T100/><D100/><U54/><E28/><V85/><F74/><W98/><G26/><T104/><D104/><U75/><E20/><V27/><F47/><W43/><G43/><T113/><D113/><N who="2" m="43018" /><F67/><W124/><G81/><T33/><D33/><U86/><E75/><V126/><F101/><W87/><G72/><T60/><D8/><U112/><E112/><V0/><F0/><W103/><REACH who="3" step="1"/><G124/><REACH who="3" ten="290,295,237,168" step="2"/><T35/><D2/><U59/><AGARI ba="0,1" hai="40,46,48,54,59,63,68,71,77,83,86,91,94,96" machi="59" ten="30,1100,0" yaku="0,1" doraHai="97" who="1" fromWho="1" sc="290,-5,295,21,237,-3,168,-3" owari="285,8.5,316,41.6,234,-16.6,165,-33.5" /></mjloggm>