<mjloggm ver="2.3"><GO type="225" lobby="0"/><UN n0="%E3%81%82%E3%81%99%E3%81%AB%E3%82%83%E3%82%80" n1="%E5%A4%8F%E9%88%B4%E9%88%B4%E5%A4%8F" n2="%72%61%6B%33" n3="%4C%4F%4C%49%54%41" dan="16,16,16,16" rate="2108.74,2153.23,2097.65,2172.94" sx="F,M,M,F"/><TAIKYOKU oya="0"/><INIT seed="0,0,0,0,4,118" ten="250,250,250,250" oya="0" hai0="7,13,93,26,99,21,121,20,68,17,110,47,48" hai1="108,66,52,71,8,103,41,109,129,102,6,72,35" hai2="32,50,94,131,2,56,73,100,107,114,128,12,91" hai3="116,77,62,34,59,124,133,54,89,44,123,1,122"/><T37/><D121/><N who="3" m="46089" /><G116/><T85/><D68/><U45/><E72/><V29/><F2/><W25/><G1/><T9/><D37/><U31/><E52/><V3/><F3/><W38/><G133/><T63/><D110/><U135/><E129/><V70/><F73/><W76/><G124/><T96/><D63/><U127/><E31/><V87/><F29/><N who="3" m="19759" /><G89/><N who="0" m="53423" /><D21/><U39/><E35/><V64/><F32/><W58/><G58/><T81/><D81/><U132/><E127/><V104/><F56/><W69/><G69/><T78/><D78/><U119/><E119/><V27/><F70/><W67/><G54/><AGARI ba="0,0" hai="7,9,13,17,20,26,47,48,54,96,99" m="53423" machi="54" ten="30,1500,0" yaku="8,1" doraHai="118" who="0" fromWho="3" sc="250,15,250,0,250,0,250,-15" /><INIT seed="0,1,0,1,1,122" ten="265,250,250,235" oya="0" hai0="111,75,73,15,89,87,134,97,107,119,10,64,109" hai1="47,39,18,61,34,29,70,33,100,13,121,50,37" hai2="114,102,51,76,95,84,57,28,78,22,4,135,27" hai3="71,85,103,5,25,65,130,59,127,45,77,126,129"/><T42/><D134/><U128/><E121/><V3/><F114/><W32/><G71/><T9/><D119/><U6/><E6/><V68/><F68/><W7/><G103/><N who="0" m="62959" /><D64/><U24/><E34/><V80/><F135/><W106/><G106/><T123/><D42/><U0/><E0/><V23/><F3/><W113/><G113/><T82/><D123/><U115/><E100/><V118/><F118/><W2/><G45/><T66/><D66/><U11/><E128/><N who="3" m="49258" /><G77/><T44/><D44/><U31/><E31/><V62/><F4/><N who="3" m="1611" /><G85/><T93/><D93/><U21/><E115/><V43/><F78/><W112/><G112/><T8/><D15/><U125/><E47/><V26/><F43/><W120/><G2/><T72/><D10/><U132/><E11/><V94/><F51/><W55/><G65/><T108/><AGARI ba="1,0" hai="8,9,72,73,75,82,87,89,108,109,111" m="62959" machi="108" ten="40,12000,1" yaku="14,1,10,1,52,3" doraHai="122" who="0" fromWho="0" sc="265,123,250,-41,250,-41,235,-41" /><INIT seed="0,2,0,5,3,109" ten="388,209,209,194" oya="0" hai0="100,2,70,59,76,135,27,78,131,74,0,51,86" hai1="114,58,13,35,29,1,36,104,54,66,64,28,88" hai2="32,112,11,3,5,118,89,55,6,91,130,121,102" hai3="44,67,20,45,31,101,115,129,7,120,106,63,19"/><T17/><D135/><U50/><E1/><V124/><F121/><W49/><G120/><T108/><D70/><U41/><E104/><V56/><F32/><W40/><G129/><T87/><D131/><U116/><E116/><V4/><F130/><W25/><G7/><T105/><D108/><U83/><E36/><V39/><F39/><W128/><G128/><T69/><D69/><U82/><E41/><V93/><F112/><W52/><G115/><T75/><D2/><U126/><E114/><V84/><F124/><W122/><G122/><T9/><D0/><U111/><E111/><V18/><F118/><W23/><G101/><T99/><D74/><U94/><E126/><V133/><F133/><W60/><G67/><N who="1" m="25642" /><E13/><V15/><F91/><W53/><G106/><T34/><D34/><U21/><E35/><V73/><F73/><W96/><G96/><T14/><D27/><N who="1" m="16495" /><E29/><V79/><F102/><W47/><G40/><T103/><D103/><U26/><E26/><V46/><F46/><N who="3" m="27703" /><G53/><N who="0" m="32191" /><D75/><U16/><E16/><V81/><F3/><W37/><G37/><T72/><D105/><U43/><E43/><V107/><F107/><W30/><G30/><T42/><D42/><U110/><E110/><V61/><REACH who="2" step="1"/><F5/><REACH who="2" ten="388,209,199,194" step="2"/><W38/><G38/><T127/><D127/><U97/><AGARI ba="2,1" hai="50,54,58,82,83,88,94,97" m="16495,25642" machi="97" ten="30,2000,0" yaku="8,1,54,1" doraHai="109" who="1" fromWho="1" sc="388,-12,209,36,199,-7,194,-7" /><INIT seed="1,0,0,1,0,37" ten="376,245,192,187" oya="1" hai0="73,28,98,90,76,106,43,52,7,29,108,115,122" hai1="124,46,92,123,113,74,82,71,26,8,105,83,6" hai2="40,133,2,95,59,131,109,84,63,61,16,3,41" hai3="25,69,50,57,34,91,94,97,86,70,35,60,51"/><U101/><E71/><V96/><F109/><W67/><G70/><T89/><D108/><U38/><E105/><V31/><F31/><W17/><G69/><T18/><D115/><U93/><E101/><V88/><F2/><W102/><G17/><T4/><D106/><U13/><E123/><V100/><F3/><W47/><G25/><T117/><D18/><U24/><E124/><V85/><F133/><W119/><G119/><T72/><D98/><U103/><E74/><V42/><F131/><W77/><G77/><T68/><D68/><U64/><E64/><V66/><F100/><W30/><G51/><T127/><D76/><U75/><E93/><V44/><F61/><W134/><G30/><T110/><D110/><U12/><E75/><V5/><F5/><W104/><REACH who="3" step="1"/><G134/><REACH who="3" ten="376,245,192,177" step="2"/><T39/><D117/><U112/><E24/><V107/><F107/><W126/><G126/><T125/><D39/><U32/><E26/><V9/><F44/><W111/><G111/><T14/><D28/><U1/><E46/><V65/><F65/><W121/><G121/><T33/><D29/><U80/><E112/><V81/><F81/><W116/><G116/><T20/><D122/><U62/><E82/><V0/><F0/><W54/><AGARI ba="0,1" hai="34,35,47,50,54,57,60,67,86,91,94,97,102,104" machi="54" ten="20,2700,0" yaku="1,1,0,1,7,1,53,0" doraHai="37" doraHaiUra="118" who="3" fromWho="3" sc="376,-7,245,-13,192,-7,177,37" /><INIT seed="2,0,0,5,3,40" ten="369,232,185,214" oya="2" hai0="55,32,47,19,23,56,71,102,118,116,24,9,79" hai1="39,28,21,103,13,7,46,72,26,85,65,69,120" hai2="70,83,1,130,111,110,84,5,34,31,8,10,38" hai3="52,98,101,82,88,45,4,109,51,64,44,122,92"/><V132/><F70/><W86/><G122/><T105/><D71/><U41/><E72/><V54/><F38/><W99/><G109/><N who="2" m="41481" /><F54/><W35/><G35/><T62/><D79/><U74/><E74/><V37/><F37/><W27/><G64/><T61/><D47/><N who="3" m="17993" /><G4/><T59/><D32/><U87/><E7/><N who="2" m="1135" /><F132/><W134/><G134/><T6/><D105/><U93/><E65/><V106/><F106/><W108/><G108/><T113/><D102/><U100/><E100/><V33/><F31/><W68/><G68/><T94/><D113/><U30/><E30/><V131/><F33/><W95/><G27/><T114/><D114/><U124/><E28/><V81/><F34/><W15/><G15/><T11/><D6/><U29/><E29/><V43/><F43/><W91/><G52/><N who="0" m="33927" /><D118/><U89/><E69/><V77/><F81/><W57/><G57/><T18/><D116/><U119/><E119/><V66/><F66/><W16/><G16/><T107/><D18/><U50/><E41/><V96/><F96/><N who="3" m="59527" /><G51/><T135/><D135/><U49/><E49/><V53/><F53/><W14/><G14/><AGARI ba="0,0" hai="5,10,14,77,83,84,130,131" m="1135,41481" machi="14" ten="30,2900,0" yaku="14,1,10,1" doraHai="40" who="2" fromWho="3" sc="369,0,232,0,185,29,214,-29" /><INIT seed="2,1,0,0,1,27" ten="369,232,214,185" oya="2" hai0="8,24,60,80,54,97,96,68,69,114,15,74,108" hai1="130,119,51,7,6,12,62,101,2,56,132,23,53" hai2="111,9,86,100,79,82,72,28,4,113,67,95,38" hai3="26,33,90,81,65,92,126,129,135,39,14,35,36"/><V77/><F113/><W73/><G129/><T48/><D114/><U98/><E119/><V52/><F38/><W46/><G135/><T116/><D108/><U29/><E2/><V64/><F111/><W70/><G126/><T47/><D24/><N who="1" m="16543" /><E130/><V44/><F28/><W16/><G65/><T84/><D74/><U93/><E132/><V41/><F79/><W50/><G70/><T103/><D60/><U61/><E12/><V134/><F134/><W57/><G57/><T88/><D97/><U13/><E13/><V75/><F75/><W63/><G63/><AGARI ba="1,0" hai="6,7,51,53,56,61,62,63,93,98,101" m="16543" machi="63" ten="30,2000,0" yaku="8,1,52,1" doraHai="27" who="1" fromWho="3" sc="369,0,232,23,214,0,185,-23" /><INIT seed="3,0,0,5,1,35" ten="369,255,214,162" oya="3" hai0="70,96,13,91,72,46,84,34,79,108,134,86,3" hai1="58,133,22,92,99,116,111,19,59,44,18,57,132" hai2="8,71,105,43,131,129,11,118,112,106,81,98,103" hai3="113,80,64,126,32,73,27,82,36,24,21,54,78"/><W49/><G113/><T2/><D108/><U48/><E111/><V25/><F112/><W15/><G36/><T124/><D2/><U135/><E22/><V60/><F118/><W75/><G126/><T1/><D3/><U67/><E67/><N who="2" m="41447" /><F106/><W87/><G64/><T38/><D1/><U30/><E30/><V123/><F123/><W130/><G130/><N who="2" m="49673" /><F43/><W6/><G6/><T29/><D86/><U65/><E65/><V93/><F81/><W115/><G115/><T50/><D50/><U26/><E26/><V55/><F105/><W128/><G128/><T12/><D91/><N who="1" m="55711" /><E116/><V28/><F55/><AGARI ba="0,0" hai="18,19,44,48,55,57,58,59,132,133,135" m="55711" machi="55" ten="40,1300,0" yaku="20,1" doraHai="35" who="1" fromWho="2" sc="369,0,255,13,214,-13,162,0" owari="369,46.9,268,6.8,201,-19.9,162,-33.8" /></mjloggm>