<mjloggm ver="2.3"><GO type="225" lobby="0"/><UN n0="%E6%97%A5%E6%9B%9C%E6%97%A5%E3%82%88%E3%82%8A%E3%81%AE%E4%BD%BF%E8%80%85" n1="%E5%A4%9C%E3%81%AE%E3%82%AC%E3%82%B9%E3%83%91%E3%83%BC%E3%83%AB" n2="%E4%BF%BA%E3%81%A8%E5%A6%96%E5%A4%A2" n3="%E6%81%A5%E6%99%92%E3%81%97" dan="16,17,17,16" rate="2081.64,2212.75,2220.08,2115.16" sx="M,M,F,M"/><TAIKYOKU oya="0"/><INIT seed="0,0,0,5,4,5" ten="250,250,250,250" oya="0" hai0="9,123,134,118,101,77,7,18,109,96,131,67,2" hai1="102,14,95,74,37,122,128,58,73,99,76,121,23" hai2="68,90,21,103,33,30,105,75,65,43,16,86,32" hai3="63,49,3,31,44,28,4,108,24,116,112,92,50"/><T6/><D118/><U133/><E37/><V97/><F75/><W135/><G112/><T39/><D123/><U35/><E35/><V104/><F104/><W88/><G116/><T57/><D39/><U8/><E128/><V52/><F43/><W93/><G108/><T41/><D41/><U83/><E133/><V64/><F33/><W29/><G135/><T125/><D134/><U15/><E74/><V82/><F68/><W11/><G93/><N who="0" m="58511" /><D2/><U66/><E15/><V89/><F30/><W17/><G63/><N who="0" m="38383" /><D131/><U100/><E100/><V106/><F32/><W12/><G24/><T132/><D132/><U78/><E121/><V124/><F124/><W59/><G59/><T61/><D125/><U84/><E122/><V10/><F10/><W129/><G44/><T51/><D77/><U117/><E117/><V111/><F111/><W0/><G129/><T70/><D70/><U87/><E73/><V1/><F1/><W47/><G47/><T80/><D80/><U114/><E114/><V34/><F34/><W98/><REACH who="3" step="1"/><G3/><REACH who="3" ten="250,250,250,240" step="2"/><T69/><D69/><U26/><E58/><V115/><F115/><W56/><G56/><T119/><D119/><U72/><E66/><V110/><F110/><W54/><G54/><T126/><D109/><U19/><E78/><N who="2" m="46423" /><F52/><W22/><AGARI ba="0,1" hai="0,4,11,12,17,22,28,29,31,49,50,88,92,98" machi="22" ten="30,7900,0" yaku="1,1,0,1,52,1,54,1,53,0" doraHai="5" doraHaiUra="113" who="3" fromWho="3" sc="250,-39,250,-20,250,-20,240,89" /><INIT seed="1,0,0,0,2,54" ten="211,230,230,329" oya="1" hai0="49,104,89,107,7,29,39,14,31,27,97,56,13" hai1="38,98,30,2,26,17,46,86,118,115,106,112,52" hai2="55,88,134,83,51,120,59,119,96,47,9,130,61" hai3="36,133,69,135,108,102,74,71,132,37,109,10,101"/><U80/><E118/><V44/><F119/><W43/><G74/><T63/><D39/><N who="3" m="14921" /><G43/><T11/><D49/><U20/><E2/><V25/><F120/><W84/><G84/><T6/><D107/><U18/><E38/><V105/><F130/><W78/><G10/><N who="0" m="4311" /><D104/><U85/><E106/><V70/><F134/><W0/><G78/><T79/><D79/><U21/><E98/><V125/><F125/><W122/><G0/><T32/><D32/><U92/><E30/><V111/><F111/><N who="3" m="42571" /><G122/><T22/><D97/><U93/><E80/><V116/><F116/><W64/><G64/><N who="0" m="39015" /><D89/><U113/><E113/><V76/><F96/><W67/><G67/><T129/><D129/><U35/><E35/><V124/><F105/><W23/><G23/><T40/><D40/><U4/><E4/><V60/><F76/><W100/><AGARI ba="0,0" hai="69,71,100,101,102,132,133,135" m="42571,14921" machi="100" ten="50,8000,1" yaku="28,2,20,1,14,1" doraHai="54" who="3" fromWho="3" sc="211,-20,230,-40,230,-20,329,80" /><INIT seed="2,0,0,0,5,65" ten="191,190,210,409" oya="2" hai0="55,114,24,43,29,129,72,135,97,107,56,52,67" hai1="119,38,110,16,131,63,31,75,54,96,3,62,134" hai2="85,73,103,5,127,35,132,68,58,122,111,20,0" hai3="93,74,26,28,82,6,125,76,92,89,64,60,25"/><V46/><F103/><W99/><G125/><T123/><D72/><U84/><E75/><V57/><F85/><W22/><G6/><T78/><D114/><U17/><E119/><V88/><F73/><W30/><G89/><T118/><D123/><U66/><E38/><V101/><F101/><W128/><G128/><T34/><D43/><U109/><E3/><V27/><F122/><W8/><G8/><T70/><D78/><U48/><E131/><V77/><F77/><W59/><G99/><T126/><D129/><U19/><E134/><V121/><F121/><W2/><G2/><T69/><D126/><U23/><E96/><V49/><F35/><AGARI ba="0,0" hai="22,25,26,28,30,35,59,60,64,74,76,82,92,93" machi="35" ten="30,1000,0" yaku="7,1" doraHai="65" who="3" fromWho="2" sc="191,0,190,0,210,-10,409,10" /><INIT seed="3,0,0,3,4,115" ten="191,190,200,419" oya="3" hai0="96,129,39,70,2,94,49,117,128,68,85,99,119" hai1="1,98,121,97,95,15,7,53,64,122,52,0,80" hai2="92,124,14,78,116,118,6,127,62,60,109,54,90" hai3="36,79,24,20,89,83,13,102,131,132,23,125,44"/><W34/><G89/><N who="0" m="53551" /><D39/><U9/><E64/><V113/><F113/><W25/><G23/><T120/><D2/><U22/><E80/><V63/><F78/><W18/><G25/><T51/><D120/><U74/><E74/><V3/><F3/><W123/><G44/><T27/><D27/><U134/><E134/><V84/><F54/><W26/><G102/><T111/><D111/><U126/><E126/><N who="2" m="48171" /><F109/><W130/><G83/><T10/><D10/><AGARI ba="0,0" hai="6,10,14,60,62,63,84,90,92,116,118" m="48171" machi="10" ten="30,3900,0" yaku="18,1,52,2" doraHai="115" who="2" fromWho="0" sc="191,-39,190,0,200,39,419,0" owari="152,-34.8,190,-21.0,239,3.9,419,51.9" /></mjloggm>