<mjloggm ver="2.3"><GO type="225" lobby="0"/><UN n0="%E3%82%A2%E3%83%9E%E3%83%9D%EF%BD%9E%EF%BD%9E%E3%83%A9" n1="%E9%89%A2%E5%B7%BB%E3%82%AC%E3%83%96" n2="%E6%80%AA%E3%81%97%E3%81%99%E3%81%8E%E3%82%8B%E3%83%81%E3%83%BC" n3="%73%75%7A%75%6D%65%33" dan="17,16,16,17" rate="2190.01,2055.95,2127.93,2204.91" sx="M,M,M,M"/><TAIKYOKU oya="0"/><INIT seed="0,0,0,4,2,47" ten="250,250,250,250" oya="0" hai0="67,109,18,120,65,60,61,95,68,110,107,58,119" hai1="105,78,45,87,123,54,124,121,8,17,44,12,83" hai2="5,15,131,130,38,2,0,69,16,104,115,116,56" hai3="40,35,100,66,106,21,77,128,129,133,89,126,10"/><T29/><D119/><U135/><E105/><V111/><F69/><W108/><G35/><T63/><D107/><U31/><E135/><V76/><F115/><W125/><G77/><T50/><D29/><U79/><E124/><N who="3" m="47722" /><G66/><T41/><D120/><U36/><E31/><V11/><F38/><W4/><G108/><N who="0" m="41579" /><D95/><U99/><E79/><V70/><F70/><W39/><G89/><T122/><D122/><U34/><E34/><V51/><F104/><W132/><G21/><T6/><D18/><U113/><E99/><V127/><F76/><W86/><G86/><T118/><D6/><U37/><E113/><V74/><F74/><W62/><G62/><N who="0" m="39991" /><D118/><U26/><E36/><V59/><F116/><W88/><G88/><T19/><D19/><U102/><E102/><V13/><F111/><W64/><G64/><T42/><D67/><U27/><E121/><V71/><F127/><W134/><G100/><T46/><D58/><U1/><E123/><V52/><F71/><W85/><G85/><T90/><D90/><U14/><E1/><V84/><F59/><W94/><G94/><T53/><AGARI ba="0,0" hai="41,42,46,50,53,60,61,63" m="39991,41579" machi="53" ten="30,12000,1" yaku="14,1,10,1,34,2,52,1" doraHai="47" who="0" fromWho="0" sc="250,120,250,-40,250,-40,250,-40" /><INIT seed="0,1,0,0,2,39" ten="370,210,210,210" oya="0" hai0="10,37,123,125,6,24,62,78,101,66,64,3,117" hai1="57,58,88,112,96,122,127,104,135,70,120,97,133" hai2="126,55,27,65,41,46,23,49,95,74,19,73,85" hai3="35,14,90,20,99,132,94,42,86,69,93,13,115"/><T100/><D123/><U52/><E70/><V9/><F126/><W60/><G35/><T1/><D117/><U47/><E127/><V2/><F65/><W119/><G119/><T4/><D37/><U71/><E71/><V75/><F55/><W25/><G115/><T40/><D78/><U68/><E68/><V18/><F85/><W34/><G34/><T128/><D24/><U44/><E112/><V81/><F95/><W11/><G132/><N who="1" m="50762" /><E104/><V114/><F114/><W111/><G111/><T21/><D21/><U106/><E106/><V63/><F63/><W38/><G60/><T91/><D91/><U109/><E109/><V72/><F72/><W83/><G69/><T107/><D62/><N who="1" m="36135" /><E58/><V103/><F103/><W108/><G108/><T15/><D101/><U53/><E53/><V22/><F22/><W48/><G38/><T51/><D100/><U113/><E113/><V116/><F116/><W61/><G61/><T118/><D107/><U0/><E0/><V26/><F26/><W105/><G105/><T102/><D1/><U80/><E120/><V7/><REACH who="2" step="1"/><F18/><REACH who="2" ten="370,210,200,210" step="2"/><N who="3" m="12439" /><G11/><T16/><D10/><U84/><E122/><V17/><F17/><W12/><G99/><AGARI ba="1,1" hai="44,47,80,84,88,96,97,99" m="36135,50762" machi="99" ten="30,3900,0" yaku="20,1,54,2" doraHai="39" who="1" fromWho="3" sc="370,0,210,52,200,0,210,-42" /><INIT seed="1,0,0,4,1,126" ten="370,262,200,168" oya="1" hai0="22,14,79,106,125,70,111,117,44,135,0,68,69" hai1="61,97,80,38,128,105,104,116,21,78,9,81,4" hai2="121,40,132,13,87,123,17,134,102,7,27,76,65" hai3="47,127,1,63,58,77,49,74,71,16,30,41,25"/><U67/><E116/><V92/><F40/><W62/><G127/><T35/><D35/><U43/><E43/><V98/><F65/><W29/><G1/><T96/><D0/><U120/><E38/><V20/><F7/><W59/><G71/><T6/><D44/><U46/><E46/><V82/><REACH who="2" step="1"/><F27/><REACH who="2" ten="370,262,190,168" step="2"/><W99/><G74/><T130/><D6/><U55/><E67/><V108/><F108/><W56/><G77/><T52/><D79/><U8/><E4/><V2/><F2/><W53/><G99/><T109/><D96/><U118/><E97/><V3/><F3/><W24/><G24/><T112/><D111/><U115/><E78/><V37/><F37/><W95/><G95/><T11/><D109/><U34/><E105/><V12/><F12/><W119/><G119/><T54/><D14/><U51/><E104/><V90/><F90/><W32/><G32/><T100/><D106/><U101/><E34/><V39/><F39/><W89/><G89/><T91/><D91/><U83/><E118/><V113/><F113/><W94/><G94/><T93/><D125/><U19/><E115/><V45/><F45/><W129/><G129/><T133/><D130/><U18/><E128/><V57/><F57/><N who="3" m="22123" /><G63/><T88/><D117/><U114/><E61/><V73/><F73/><W5/><G5/><T23/><D112/><U122/><E114/><V31/><F31/><W124/><G124/><T50/><D69/><U103/><E122/><AGARI ba="0,1" hai="13,17,20,76,82,87,92,98,102,121,122,123,132,134" machi="122" ten="40,2600,0" yaku="1,1,53,1" doraHai="126" doraHaiUra="75" who="2" fromWho="1" sc="370,0,262,-26,190,36,168,0" /><INIT seed="2,0,0,1,4,101" ten="370,236,226,168" oya="2" hai0="92,90,132,123,30,20,5,72,131,135,27,40,91" hai1="87,134,2,116,25,31,14,120,55,64,36,88,43" hai2="98,21,16,61,70,51,50,41,62,60,99,53,47" hai3="56,48,54,17,80,68,77,59,97,32,114,69,57"/><V12/><REACH who="2" step="1"/><F70/><REACH who="2" ten="370,236,216,168" step="2"/><W33/><G69/><T124/><D135/><U106/><E134/><V95/><F95/><W133/><G68/><T117/><D92/><U93/><E93/><V13/><F13/><W107/><G133/><T104/><D132/><U42/><E14/><V6/><F6/><W67/><G114/><T44/><D5/><U82/><E116/><V122/><F122/><W45/><G67/><T126/><D123/><U66/><E120/><V65/><F65/><W119/><G119/><T84/><D117/><U11/><E64/><V89/><F89/><W83/><G17/><T128/><D91/><U75/><E88/><V0/><F0/><W74/><REACH who="3" step="1"/><G80/><REACH who="3" ten="370,236,216,158" step="2"/><T73/><D90/><U96/><E82/><V129/><F129/><W108/><G108/><T76/><D131/><U103/><E66/><V110/><F110/><W105/><G105/><T121/><D104/><U112/><E106/><V23/><F23/><W127/><G127/><T39/><D126/><U100/><E112/><V130/><F130/><W10/><G10/><T37/><D124/><U1/><E11/><V9/><F9/><W52/><G52/><T118/><D128/><U29/><E55/><V19/><F19/><W109/><G109/><T34/><D118/><U102/><E96/><V94/><F94/><W22/><G22/><T7/><D20/><U63/><E1/><V46/><AGARI ba="0,2" hai="12,16,21,41,46,47,50,51,53,60,61,62,98,99" machi="46" ten="30,24000,3" yaku="21,2,0,1,8,1,54,1,53,3" doraHai="101" doraHaiUra="58" who="2" fromWho="2" sc="370,-80,236,-80,216,260,158,-80" /><INIT seed="2,1,0,1,1,133" ten="290,156,476,78" oya="2" hai0="20,66,131,11,106,29,59,79,62,89,55,58,126" hai1="31,132,34,80,104,53,87,134,2,107,3,118,21" hai2="32,125,98,72,39,36,40,23,74,44,68,35,73" hai3="50,100,88,120,4,51,16,49,0,113,127,94,92"/><V67/><F23/><W60/><G120/><T103/><D131/><U123/><E118/><V63/><F125/><W15/><G113/><T108/><D108/><U70/><E123/><V69/><F98/><N who="3" m="59479" /><G0/><T116/><D79/><U46/><E34/><V47/><REACH who="2" step="1"/><F69/><REACH who="2" ten="290,156,466,78" step="2"/><W27/><G127/><T114/><D126/><U76/><E70/><V57/><F57/><W12/><G4/><T71/><D59/><U99/><E21/><V52/><F52/><W109/><G109/><T122/><D55/><U54/><E99/><V17/><F17/><W124/><G124/><T81/><D58/><U65/><E53/><V14/><F14/><W90/><G60/><T119/><D20/><U86/><E54/><V83/><F83/><W45/><G45/><T135/><D81/><U95/><E46/><V30/><F30/><W6/><G6/><T41/><D29/><U121/><E31/><V128/><F128/><W13/><G27/><T111/><D62/><U56/><E121/><V26/><F26/><W8/><G90/><T82/><D89/><N who="1" m="53695" /><E2/><V102/><F102/><W75/><G75/><T129/><D103/><U7/><E3/><V10/><F10/><W48/><N who="3" m="12288" /><DORA hai="117" /><W37/><G37/><T9/><D11/><U25/><E7/><V97/><F97/><AGARI ba="1,1" hai="8,12,13,15,16,88,92,97" m="12288,59479" machi="97" ten="40,5200,0" yaku="8,1,54,2" doraHai="133,117" who="3" fromWho="2" sc="290,0,156,0,466,-55,78,65" /><INIT seed="3,0,0,2,2,39" ten="290,156,411,143" oya="3" hai0="22,108,20,10,42,93,135,27,84,73,2,29,18" hai1="101,53,17,64,120,12,80,28,78,128,48,46,91" hai2="125,85,45,98,32,37,30,68,4,62,92,43,132" hai3="31,33,118,71,122,14,5,8,55,9,61,58,109"/><W23/><G122/><T131/><D73/><U34/><E120/><V111/><F111/><W103/><G118/><T90/><D108/><U59/><E128/><V13/><F125/><W105/><G109/><T88/><D135/><U47/><E34/><V116/><F132/><W97/><G71/><T94/><D131/><U3/><E3/><V86/><F30/><W54/><G33/><T51/><D10/><U119/><E119/><V112/><F32/><W100/><G100/><T52/><D42/><U82/><E28/><V104/><F104/><W35/><G35/><T77/><D77/><U11/><E101/><V96/><F96/><W99/><G99/><N who="0" m="57767" /><D2/><U67/><E91/><V124/><F112/><W19/><G31/><T110/><D110/><U126/><E126/><V133/><F133/><W66/><REACH who="3" step="1"/><G9/><REACH who="3" ten="290,156,411,133" step="2"/><T114/><D114/><U107/><E107/><V49/><F68/><W63/><G63/><T44/><D29/><U129/><E129/><V69/><F62/><W75/><G75/><T65/><D22/><U25/><E25/><AGARI ba="0,1" hai="5,8,14,19,23,25,54,55,58,61,66,97,103,105" machi="25" ten="30,5800,0" yaku="1,1,7,1,53,1" doraHai="39" doraHaiUra="7" who="3" fromWho="1" sc="290,0,156,-58,411,0,133,68" /><INIT seed="3,1,0,1,3,110" ten="290,98,411,201" oya="3" hai0="75,10,40,1,48,46,7,63,92,84,132,37,135" hai1="134,80,86,29,53,76,64,18,129,54,9,13,49" hai2="8,25,119,17,43,33,78,26,133,115,11,24,113" hai3="121,117,62,120,88,42,38,47,111,72,23,50,51"/><W28/><G117/><T127/><D127/><U109/><E109/><V112/><F43/><W45/><G111/><T83/><D63/><U30/><E129/><V16/><F78/><W107/><G107/><T59/><D92/><U60/><E134/><N who="0" m="51241" /><D75/><U100/><E100/><V99/><F99/><W14/><G72/><T15/><D59/><U32/><E32/><V41/><F41/><W126/><G126/><T20/><D20/><U39/><E39/><V106/><F106/><W36/><G62/><T31/><D31/><U65/><E54/><V118/><F33/><W21/><G28/><T69/><D69/><U122/><E122/><V91/><F91/><W67/><G67/><T22/><D22/><U130/><E130/><V123/><F123/><W128/><G128/><T70/><D70/><U125/><E125/><V66/><F66/><W2/><G42/><T108/><D108/><U3/><E3/><V102/><F102/><W95/><G95/><T77/><D1/><U34/><E34/><V74/><F74/><W79/><G2/><T87/><D87/><U131/><E131/><V19/><F133/><W82/><G14/><T27/><D27/><U61/><E65/><V5/><F5/><W73/><G73/><T98/><D98/><U57/><REACH who="1" step="1"/><E61/><REACH who="1" ten="290,88,411,201" step="2"/><V35/><F35/><W44/><G121/><T105/><D37/><N who="3" m="14441" /><G120/><T93/><D105/><U55/><E55/><V97/><F97/><W103/><G103/><T56/><D40/><U6/><E6/><V58/><F58/><W124/><G124/><T0/><D56/><U94/><E94/><V52/><F52/><RYUUKYOKU ba="1,1" sc="290,-15,88,15,411,15,201,-15" hai1="9,13,18,29,30,49,53,57,60,64,76,80,86" hai2="8,11,16,17,19,24,25,26,112,113,115,118,119" owari="275,7.5,103,-39.7,436,53.6,186,-21.4" /></mjloggm>