<mjloggm ver="2.3"><GO type="225" lobby="0"/><UN n0="%E3%81%A1%E3%82%85%E3%81%86%E3%81%A9%E3%81%8F%E8%B1%A1%E3%81%95%E3%82%93" n1="%E6%A1%9C%E8%8A%B1%E9%96%83%E3%80%85" n2="%33%74%72%65%65" n3="%E4%B8%89%E5%86%A0%E7%8E%8B%E3%83%BB%E5%B1%B1%E7%94%B0%E5%93%B2%E4%BA%BA" dan="17,18,17,16" rate="2195.55,2219.02,2184.74,2167.68" sx="M,M,F,M"/><TAIKYOKU oya="0"/><INIT seed="0,0,0,3,0,93" ten="250,250,250,250" oya="0" hai0="51,0,59,130,83,82,54,118,94,84,29,127,46" hai1="18,58,39,36,57,55,26,102,20,110,70,74,112" hai2="47,64,77,103,119,52,16,56,125,120,63,44,123" hai3="24,45,133,7,8,61,22,33,1,88,115,69,4"/><T81/><D118/><U60/><E110/><V95/><F119/><W41/><G115/><T32/><D0/><U105/><E70/><V129/><F129/><W30/><G133/><T87/><D130/><U113/><E74/><V122/><F125/><W19/><G7/><T66/><D127/><U131/><E131/><V65/><F77/><W35/><G69/><T14/><D32/><U10/><E10/><V5/><F5/><W86/><G61/><N who="0" m="38207" /><D29/><U28/><E18/><V42/><F47/><W3/><G3/><T135/><D135/><U9/><E9/><V62/><F62/><W72/><G72/><T111/><D111/><U132/><E58/><V121/><F121/><W25/><G25/><T79/><D14/><U67/><E55/><V85/><F16/><W104/><G104/><T92/><D82/><U107/><E132/><V96/><REACH who="2" step="1"/><F85/><REACH who="2" ten="250,250,240,250" step="2"/><W48/><REACH who="3" step="1"/><G19/><REACH who="3" ten="250,250,240,240" step="2"/><T49/><D49/><AGARI ba="0,2" hai="42,44,49,52,56,63,64,65,95,96,103,120,122,123" machi="49" ten="40,8000,1" yaku="1,1,2,1,52,1,54,1,53,1" doraHai="93" doraHaiUra="99" who="2" fromWho="0" sc="250,-80,250,0,240,100,240,0" /><INIT seed="1,0,0,3,3,119" ten="170,250,340,240" oya="1" hai0="127,78,31,12,128,103,41,82,45,5,52,81,56" hai1="95,33,3,23,36,8,44,111,40,101,98,34,108" hai2="85,57,64,29,134,13,24,7,54,46,130,17,62" hai3="59,83,18,91,121,61,122,79,48,120,37,89,86"/><U58/><E23/><N who="2" m="15519" /><F130/><W118/><G37/><T74/><D128/><U77/><E58/><N who="2" m="36951" /><F134/><W100/><G118/><T15/><D127/><U14/><E77/><V133/><F133/><W25/><G48/><T51/><D103/><U71/><E71/><V75/><F75/><W93/><G100/><T60/><D31/><U16/><REACH who="1" step="1"/><E3/><REACH who="1" ten="170,240,340,240" step="2"/><V21/><F46/><W49/><G49/><T99/><D99/><U129/><E129/><V107/><F57/><W39/><G39/><T68/><D68/><U26/><E26/><V92/><F21/><W63/><G59/><T132/><D132/><U80/><E80/><V2/><F2/><W70/><G70/><T55/><D82/><U105/><E105/><V94/><F107/><W19/><G25/><T20/><D20/><U65/><E65/><V104/><F104/><W47/><G47/><T88/><D41/><U30/><E30/><V11/><F54/><W97/><REACH who="3" step="1"/><G79/><REACH who="3" ten="170,240,340,230" step="2"/><T117/><D45/><U84/><E84/><V22/><F85/><W135/><G135/><T106/><D78/><U96/><E96/><V0/><F0/><W6/><G6/><T9/><D74/><U126/><E126/><V27/><AGARI ba="0,2" hai="7,11,13,17,22,27,92,94" m="36951,15519" machi="27" ten="30,1100,0" yaku="8,1" doraHai="119" who="2" fromWho="2" sc="170,-3,240,-5,340,31,230,-3" /><INIT seed="2,0,0,4,5,37" ten="167,235,371,227" oya="2" hai0="100,124,4,27,40,108,56,6,34,78,42,128,10" hai1="106,47,90,17,96,54,30,67,120,55,45,134,20" hai2="11,53,63,23,130,31,65,16,46,107,68,105,83" hai3="64,75,111,115,119,13,44,109,2,36,97,93,84"/><V59/><F130/><W110/><G2/><T86/><D128/><U50/><E134/><V79/><F31/><W123/><G75/><T15/><D108/><U85/><E120/><V103/><F11/><W99/><G123/><T24/><D124/><U38/><E67/><V1/><F1/><W18/><G64/><T121/><D121/><U80/><E30/><V71/><F103/><W116/><G84/><T62/><D100/><U114/><E114/><V22/><F22/><N who="3" m="11599" /><G115/><T33/><D4/><U95/><E106/><V89/><F105/><W117/><G93/><T29/><D33/><U76/><E38/><V35/><F107/><W51/><G36/><T98/><D98/><U14/><REACH who="1" step="1"/><E45/><REACH who="1" ten="167,225,371,227" step="2"/><V133/><F46/><W19/><G19/><T3/><D3/><U52/><AGARI ba="0,1" hai="14,17,20,47,50,52,54,55,76,80,85,90,95,96" machi="52" ten="20,16000,3" yaku="1,1,2,1,0,1,7,1,8,1,54,1,53,3" doraHai="37" doraHaiUra="49" who="1" fromWho="1" sc="167,-40,225,170,371,-80,227,-40" /><INIT seed="3,0,0,5,2,69" ten="127,395,291,187" oya="3" hai0="53,94,6,114,41,38,14,77,24,43,57,66,73" hai1="16,32,0,96,127,49,129,9,74,87,2,100,55" hai2="109,134,3,61,31,37,29,115,36,121,85,34,56" hai3="68,81,83,62,44,39,113,59,98,108,103,26,93"/><W89/><G113/><T75/><D114/><U88/><E74/><V106/><F115/><W46/><G68/><T48/><D24/><U47/><E32/><V90/><F106/><W124/><G124/><T42/><D94/><U110/><E110/><V101/><F101/><W72/><G108/><T116/><D116/><U11/><E129/><V67/><F3/><W63/><G72/><T112/><D112/><U130/><E130/><V97/><F97/><W122/><G122/><T71/><D75/><U30/><E30/><V118/><F118/><W33/><G62/><T119/><D119/><U86/><E86/><V91/><F109/><W107/><G33/><T79/><D6/><U15/><E9/><V125/><F91/><W23/><G89/><T51/><D14/><U135/><E135/><V5/><F5/><W1/><G1/><T128/><D48/><U27/><E27/><V13/><F134/><W99/><G99/><T133/><D133/><U45/><E45/><V65/><F125/><W25/><G46/><T102/><D102/><U7/><E7/><V123/><F67/><N who="3" m="39423" /><G25/><T78/><D73/><U12/><E127/><V132/><F132/><W70/><G107/><T19/><D19/><U64/><E64/><V35/><F35/><W131/><G131/><T4/><D128/><U54/><E2/><V105/><F105/><W120/><G93/><T95/><D95/><U10/><E0/><V18/><F121/><W92/><G120/><T117/><D117/><U76/><E100/><V21/><F123/><W20/><G103/><T40/><N who="0" m="10240" /><DORA hai="104" /><T17/><D4/><RYUUKYOKU ba="0,0" sc="127,0,395,0,291,0,187,0" owari="127,-37.3,395,49.5,291,9.1,187,-21.3" /></mjloggm>