<mjloggm ver="2.3"><GO type="225" lobby="0"/><UN n0="%E7%89%B9%E6%9D%B1%E3%81%AF%E4%B8%96%E7%95%8C%E3%82%92%E6%95%91%E3%81%86" n1="%E5%A4%9C%E5%85%89%E5%A4%A9%E6%A5%BC" n2="%E3%83%81%E3%83%AF%E3%83%AF%E9%9A%8A%E9%95%B7" n3="%33%74%72%65%65" dan="16,16,16,16" rate="2141.01,2108.27,2176.87,2127.92" sx="M,M,M,F"/><TAIKYOKU oya="0"/><INIT seed="0,0,0,2,0,129" ten="250,250,250,250" oya="0" hai0="30,122,89,5,130,79,28,3,25,63,31,114,99" hai1="36,44,8,9,124,80,125,16,54,27,52,26,78" hai2="134,126,69,21,85,110,97,37,115,95,10,13,128" hai3="47,88,24,11,60,135,107,118,66,41,61,33,68"/><T35/><D114/><U112/><E112/><V70/><F115/><W38/><G118/><T57/><D122/><U106/><E106/><V48/><F37/><W64/><G135/><T102/><D130/><U17/><E36/><V14/><F128/><W53/><G107/><T72/><D89/><U23/><E44/><V6/><F110/><W94/><G53/><N who="1" m="20586" /><E17/><V91/><F126/><N who="1" m="48745" /><E26/><V101/><F48/><W39/><G39/><T120/><D120/><U18/><E18/><V75/><F75/><AGARI ba="0,0" hai="8,9,16,23,27,75,78,80" m="48745,20586" machi="75" ten="30,3900,0" yaku="18,1,54,2" doraHai="129" who="1" fromWho="2" sc="250,0,250,39,250,-39,250,0" /><INIT seed="1,0,0,3,2,42" ten="250,289,211,250" oya="1" hai0="105,7,99,125,126,29,106,92,35,74,14,16,47" hai1="119,109,50,28,107,95,6,48,33,116,87,41,129" hai2="133,123,72,1,132,49,5,93,97,10,113,32,23" hai3="2,118,121,104,98,85,112,68,88,127,62,3,101"/><U76/><E107/><V51/><F32/><W66/><G121/><T82/><D7/><U70/><E70/><V75/><F123/><W24/><G112/><T67/><D67/><U71/><E71/><V120/><F120/><W65/><G127/><N who="0" m="48651" /><D29/><U34/><E6/><V12/><F113/><W56/><G118/><T15/><D35/><U17/><E17/><V69/><F69/><W59/><G24/><T135/><D135/><N who="2" m="51786" /><F23/><W128/><G128/><T4/><D4/><U81/><E129/><V19/><F19/><W124/><G124/><T131/><D131/><U103/><E34/><V55/><F1/><W18/><G18/><T43/><D82/><U31/><E33/><V110/><F110/><W77/><G77/><T111/><D74/><N who="2" m="28202" /><F55/><W36/><G68/><T38/><D111/><U130/><E109/><V73/><N who="2" m="28210" /><V58/><DORA hai="57" /><F58/><W122/><G122/><T89/><D15/><U80/><E130/><V8/><F8/><AGARI ba="0,0" hai="8,14,16,38,43,47,89,92,99,105,106" m="48651" machi="8" ten="30,3900,0" yaku="18,1,52,1,54,1" doraHai="42,57" who="0" fromWho="2" sc="250,39,289,0,211,-39,250,0" /><INIT seed="2,0,0,2,2,96" ten="289,289,172,250" oya="2" hai0="30,8,106,71,51,21,123,25,7,50,49,24,34" hai1="54,28,13,69,76,61,44,2,91,70,112,22,130" hai2="40,129,95,93,86,116,128,65,103,102,62,64,122" hai3="127,47,3,132,15,113,4,11,87,117,75,108,68"/><V80/><F116/><W104/><RYUUKYOKU type="yao9" ba="0,0" sc="289,0,289,0,172,0,250,0" hai3="3,4,11,15,47,68,75,87,104,108,113,117,127,132" /><INIT seed="2,1,0,4,0,113" ten="289,289,172,250" oya="2" hai0="73,111,48,108,23,52,22,94,134,13,45,53,89" hai1="2,82,131,135,33,9,26,55,12,8,98,6,11" hai2="101,56,117,50,58,66,106,49,51,87,97,99,42" hai3="19,14,79,47,127,78,100,29,39,112,34,16,10"/><V25/><F117/><W74/><G112/><T28/><D134/><U71/><E135/><V116/><F116/><W123/><G123/><T81/><D53/><U5/><E71/><V86/><F42/><W30/><G127/><T40/><D40/><U4/><E98/><V60/><F58/><W105/><G39/><T96/><D28/><N who="1" m="19607" /><E82/><V62/><F62/><W67/><G47/><T80/><D81/><U7/><E55/><V24/><REACH who="2" step="1"/><F99/><REACH who="2" ten="289,289,162,250" step="2"/><W88/><G67/><T38/><D96/><U122/><E122/><V27/><AGARI ba="1,1" hai="24,25,27,49,50,51,56,60,66,86,87,97,101,106" machi="27" ten="30,6000,0" yaku="1,1,2,1,0,1,53,0" doraHai="113" doraHaiUra="124" who="2" fromWho="2" sc="289,-21,289,-21,162,73,250,-21" /><INIT seed="2,2,0,2,5,120" ten="268,268,235,229" oya="2" hai0="4,7,6,18,50,42,53,39,89,45,38,98,104" hai1="35,113,41,73,22,46,77,21,67,33,0,26,121" hai2="69,86,34,51,92,81,117,85,80,93,131,8,99" hai3="122,119,96,78,70,106,60,101,103,88,75,94,14"/><V134/><F117/><W58/><G122/><T108/><D108/><U65/><E121/><V76/><F69/><W23/><G70/><T59/><D104/><U15/><E0/><V19/><F34/><W25/><G119/><T116/><D116/><U79/><E113/><V52/><F131/><W64/><G14/><T13/><D98/><U31/><E21/><V20/><F8/><W107/><G103/><T133/><D133/><U5/><E5/><V82/><F134/><W10/><G10/><T30/><D30/><U40/><E40/><V74/><F74/><W110/><G110/><T63/><REACH who="0" step="1"/><D89/><REACH who="0" ten="258,268,235,229" step="2"/><U24/><E31/><V56/><F99/><W36/><G106/><T112/><D112/><U127/><E127/><V1/><F1/><W27/><G88/><T111/><D111/><U48/><E35/><V68/><F68/><W109/><G107/><T91/><D91/><U28/><E33/><V43/><F43/><W129/><G109/><T118/><D118/><U100/><E28/><V130/><F130/><W105/><G105/><T47/><D47/><U54/><E46/><V71/><F71/><W125/><G129/><T128/><D128/><U114/><E41/><V32/><F32/><W72/><G125/><T66/><D66/><U95/><E65/><V84/><REACH who="2" step="1"/><F76/><REACH who="2" ten="258,268,225,229" step="2"/><W49/><G78/><T17/><D17/><N who="1" m="10559" /><E79/><V132/><F132/><W37/><G96/><T123/><D123/><U9/><E77/><V102/><F102/><W2/><G101/><T124/><D124/><U115/><E100/><V12/><AGARI ba="2,2" hai="12,19,20,51,52,56,80,81,82,84,85,86,92,93" machi="12" ten="30,11700,0" yaku="1,1,0,1,8,1,54,1,53,0" doraHai="120" doraHaiUra="61" who="2" fromWho="2" sc="258,-41,268,-41,225,143,229,-41" /><INIT seed="2,3,0,2,5,6" ten="217,227,368,188" oya="2" hai0="67,58,100,25,51,96,10,101,40,48,90,57,42" hai1="62,89,113,85,64,91,73,105,81,14,21,109,63" hai2="27,106,38,17,65,93,35,69,88,46,30,36,61" hai3="16,70,60,74,54,22,132,82,13,34,97,120,53"/><V8/><F106/><W24/><G120/><T56/><D67/><U108/><E113/><V44/><F38/><W129/><G129/><T45/><D25/><U78/><E105/><V114/><F114/><W112/><G112/><T37/><D37/><U80/><E91/><V94/><F36/><W31/><G132/><T126/><D126/><U76/><E89/><V50/><F50/><W125/><G125/><T1/><D1/><U55/><E55/><V15/><REACH who="2" step="1"/><F94/><REACH who="2" ten="217,227,358,188" step="2"/><W0/><G0/><T79/><D51/><U68/><E63/><V115/><F115/><W98/><G98/><AGARI ba="3,1" hai="8,15,17,27,30,35,44,46,61,65,69,88,93,98" machi="98" ten="30,12000,1" yaku="1,1,7,1,52,1,54,1,53,1" doraHai="6" doraHaiUra="11" who="2" fromWho="3" sc="217,0,227,0,358,139,188,-129" /><INIT seed="2,4,0,2,5,29" ten="217,227,497,59" oya="2" hai0="46,127,61,72,117,94,30,110,96,86,83,57,104" hai1="47,123,55,134,43,75,7,60,0,121,53,37,87" hai2="125,44,28,64,58,34,103,42,113,25,21,24,132" hai3="15,118,97,51,99,131,126,26,9,4,36,14,119"/><V68/><F113/><W17/><G131/><T20/><D110/><U8/><E75/><V39/><F68/><W31/><G126/><T35/><D35/><U41/><E134/><V69/><F69/><W27/><G36/><T2/><D2/><U79/><E43/><V40/><F125/><W6/><G51/><T11/><D104/><U63/><E79/><V77/><F132/><W115/><G97/><T88/><D72/><U19/><E87/><V124/><F124/><W18/><G99/><T78/><D117/><U66/><E19/><V107/><F42/><W89/><G89/><T95/><D11/><U102/><E102/><V23/><F77/><W52/><G52/><N who="1" m="20042" /><E66/><V71/><F103/><W22/><G115/><T80/><D80/><U120/><AGARI ba="4,0" hai="0,7,8,37,41,47,60,63,120,121,123" m="20042" machi="120" ten="40,2700,0" yaku="13,1,54,1" doraHai="29" who="1" fromWho="1" sc="217,-11,227,39,497,-17,59,-11" /><INIT seed="3,0,0,0,3,120" ten="206,266,480,48" oya="3" hai0="119,86,69,97,9,20,11,31,54,48,77,35,110" hai1="90,17,12,68,109,123,132,135,27,124,2,82,64" hai2="24,62,95,52,63,103,118,45,36,117,66,5,108" hai3="104,61,47,29,23,39,42,51,92,55,102,10,129"/><W121/><G121/><T83/><D119/><U59/><E2/><V76/><F76/><W73/><G129/><T21/><D35/><U26/><E123/><V0/><F24/><W44/><G73/><T56/><D69/><U88/><E68/><V115/><F115/><W13/><G104/><T6/><D110/><U16/><E109/><V93/><F108/><W40/><G29/><T1/><D31/><U71/><E71/><V101/><F0/><W127/><G127/><T125/><D125/><U7/><E7/><V30/><F5/><W25/><G25/><N who="1" m="9226" /><E82/><V96/><F30/><W15/><G23/><T131/><D131/><U79/><E79/><V43/><F66/><W130/><G130/><T38/><D38/><U49/><E17/><V70/><F70/><W84/><G10/><T81/><D9/><U80/><E80/><V18/><F18/><W85/><G102/><T100/><REACH who="0" step="1"/><D81/><REACH who="0" ten="196,266,480,48" step="2"/><U122/><E124/><V34/><F34/><W128/><G128/><T114/><D114/><U126/><E126/><V8/><F8/><W28/><G28/><T99/><D99/><U111/><E111/><V133/><F103/><W74/><G74/><T78/><D78/><U87/><E122/><V37/><F118/><W116/><G116/><T33/><D33/><U53/><E135/><V50/><F133/><W14/><REACH who="3" step="1"/><G92/><AGARI ba="0,1" hai="1,6,11,20,21,48,54,56,77,83,86,92,97,100" machi="92" ten="30,2000,0" yaku="1,1,7,1,53,0" doraHai="120" doraHaiUra="106" who="0" fromWho="3" sc="196,30,266,0,480,0,48,-20" owari="226,-17.4,266,6.6,480,58.0,28,-47.2" /></mjloggm>