<mjloggm ver="2.3"><GO type="225" lobby="0"/><UN n0="%6C%61%6D%62" n1="%E7%BD%AA%E5%88%91%E6%B3%95%E5%AE%9A%E4%B8%BB%E7%BE%A9" n2="%E8%81%B7%E6%A5%AD%E3%80%81%E9%A2%A8%32" n3="%E4%B8%89%E5%86%A0%E7%8E%8B%E3%83%BB%E5%B1%B1%E7%94%B0%E5%93%B2%E4%BA%BA" dan="16,16,16,16" rate="2154.30,2151.97,2085.50,2130.46" sx="M,M,M,M"/><TAIKYOKU oya="0"/><INIT seed="0,0,0,0,0,15" ten="250,250,250,250" oya="0" hai0="17,19,26,82,122,110,118,129,7,54,119,2,89" hai1="81,58,96,97,117,103,83,20,42,40,109,12,9" hai2="111,23,11,126,61,106,53,135,74,131,10,46,77" hai3="115,8,3,24,31,30,34,6,84,65,116,130,18"/><T75/><D122/><U78/><E117/><V35/><F35/><W70/><G116/><T132/><D132/><U29/><E109/><V72/><F106/><W5/><G70/><T94/><D110/><U112/><E112/><V13/><F111/><W107/><G65/><T22/><D129/><U52/><E20/><V4/><F131/><W67/><G67/><T25/><D54/><U71/><E29/><V43/><F135/><W90/><G130/><T114/><D114/><U50/><E71/><V125/><F23/><W63/><G63/><T66/><D66/><U86/><E83/><V59/><F11/><W49/><G115/><T120/><D120/><U45/><E103/><V105/><F105/><W37/><G37/><T91/><D7/><U27/><E27/><V62/><F62/><W32/><G107/><T57/><D57/><U36/><REACH who="1" step="1"/><E42/><REACH who="1" ten="250,240,250,250" step="2"/><V100/><F100/><W73/><G31/><T102/><D102/><U21/><E21/><V128/><F128/><W98/><G30/><T55/><D22/><U14/><E14/><V56/><F13/><W39/><G24/><T104/><D82/><U79/><E79/><V60/><F77/><W16/><G34/><T123/><D118/><U0/><E0/><N who="2" m="263" /><F43/><W44/><G3/><T76/><D2/><U133/><E133/><V48/><F74/><W99/><G73/><T124/><D119/><U121/><E121/><V47/><F72/><W51/><G32/><T33/><D123/><U127/><E127/><N who="2" m="48651" /><F59/><W38/><G8/><T88/><D124/><U108/><E108/><V134/><F134/><W87/><G90/><RYUUKYOKU ba="0,1" sc="250,-30,240,10,250,10,250,10" hai1="9,12,36,40,45,50,52,58,78,81,86,96,97" hai2="46,47,48,53,56,60,61" hai3="5,6,16,18,38,39,44,49,51,84,87,98,99" /><INIT seed="1,1,1,2,5,31" ten="220,250,260,260" oya="1" hai0="5,81,24,112,130,43,41,15,4,16,53,42,38" hai1="76,77,60,49,90,127,98,44,6,105,115,71,122" hai2="39,74,68,80,118,102,117,30,0,67,18,120,72" hai3="65,78,12,116,133,56,99,52,17,97,86,27,93"/><U82/><E115/><V21/><F0/><W7/><G133/><T135/><D112/><U84/><E122/><V48/><F39/><W28/><G65/><T9/><D38/><U87/><E127/><V103/><F120/><W54/><G7/><T35/><D135/><U128/><E128/><V111/><F111/><W23/><G116/><T47/><D130/><U3/><E3/><V129/><F30/><W73/><G73/><T2/><D2/><U100/><E6/><V29/><F29/><W62/><G54/><T107/><D107/><U83/><E60/><V119/><F48/><W59/><G56/><T70/><D70/><U131/><E131/><V92/><F129/><W13/><G13/><T121/><D121/><U51/><E71/><V94/><F67/><W109/><G109/><T79/><D24/><U32/><E32/><V37/><F37/><W104/><G104/><T95/><D95/><U10/><E10/><V61/><F61/><W85/><G78/><T26/><D26/><U58/><E58/><V75/><F80/><W34/><REACH who="3" step="1"/><G99/><REACH who="3" ten="220,250,260,250" step="2"/><T132/><D132/><U50/><REACH who="1" step="1"/><E77/><REACH who="1" ten="220,240,260,250" step="2"/><V40/><F68/><W134/><G134/><T22/><D4/><U14/><E14/><V63/><F119/><W55/><G55/><AGARI ba="1,3" hai="44,49,50,51,55,76,82,83,84,87,90,98,100,105" machi="55" ten="30,12000,1" yaku="1,1,7,1,53,3" doraHai="31" doraHaiUra="46" who="1" fromWho="3" sc="220,0,240,153,260,0,250,-123" /><INIT seed="1,2,0,2,0,60" ten="220,393,260,127" oya="1" hai0="2,21,48,97,102,131,34,129,96,9,103,79,120" hai1="122,25,133,5,8,127,113,128,114,89,35,43,117" hai2="107,52,32,24,119,75,80,41,16,101,38,93,29" hai3="110,46,115,99,125,90,85,130,78,58,62,47,28"/><U20/><E43/><V49/><F119/><W26/><G115/><T124/><D34/><U13/><E89/><V81/><F107/><W56/><G110/><T112/><D112/><U71/><E71/><V132/><F132/><W31/><G125/><T91/><D124/><U14/><E117/><V23/><F75/><W87/><G130/><N who="0" m="49675" /><D79/><U100/><E100/><N who="0" m="38441" /><D120/><U123/><E128/><V74/><F74/><W70/><G70/><T88/><D21/><U39/><E39/><V59/><F38/><W40/><G40/><T17/><D48/><U42/><E42/><V83/><F41/><W98/><G78/><T37/><D37/><U45/><E45/><V7/><F7/><W55/><G90/><N who="0" m="34347" /><D17/><N who="1" m="10287" /><E127/><V92/><REACH who="2" step="1"/><F101/><REACH who="2" ten="220,393,250,127" step="2"/><W57/><G57/><T65/><D65/><U15/><E114/><V10/><F10/><W4/><G4/><AGARI ba="2,1" hai="2,4,9,96,97" m="34347,38441,49675" machi="4" ten="30,2000,0" yaku="19,1,54,1" doraHai="60" who="0" fromWho="3" sc="220,36,393,0,250,0,127,-26" /><INIT seed="2,0,0,5,0,70" ten="256,393,250,101" oya="2" hai0="76,2,85,0,27,62,53,134,11,94,87,121,127" hai1="99,55,35,29,26,126,135,102,89,129,7,64,6" hai2="72,54,109,22,60,92,101,66,8,28,30,114,108" hai3="120,61,119,78,33,118,68,38,19,40,81,133,17"/><V73/><F114/><W88/><G120/><T18/><D121/><U16/><E126/><V48/><F8/><W56/><G33/><T21/><D127/><U95/><E129/><V37/><F37/><W1/><G68/><T5/><D134/><U106/><E135/><V44/><F73/><W67/><G133/><T74/><D0/><U69/><E55/><V111/><F72/><W79/><G1/><T4/><D4/><U96/><E16/><V82/><F82/><W58/><G58/><T112/><D112/><U113/><E113/><V15/><F15/><W25/><G119/><T63/><D74/><U124/><E124/><V104/><F104/><W91/><G118/><T20/><D76/><U41/><E41/><V132/><F22/><W115/><G115/><T98/><D21/><U46/><E46/><V59/><F132/><W57/><G57/><N who="0" m="35119" /><D63/><AGARI ba="0,0" hai="6,7,26,29,35,63,64,69,89,95,96,99,102,106" machi="63" ten="40,2600,0" yaku="25,2" doraHai="70" who="1" fromWho="0" sc="256,-26,393,26,250,0,101,0" /><INIT seed="3,0,0,1,2,0" ten="230,419,250,101" oya="3" hai0="94,100,38,34,50,123,7,28,112,128,24,72,111" hai1="59,63,69,124,77,41,84,52,90,1,53,87,11" hai2="98,14,114,83,92,39,18,73,131,75,29,71,107" hai3="76,97,43,13,117,61,56,51,70,86,96,23,30"/><W19/><G117/><T95/><D38/><U99/><E124/><V32/><F71/><W68/><G68/><T15/><D123/><U16/><E41/><V49/><F39/><W5/><G30/><T54/><D72/><U57/><E69/><V88/><F114/><W125/><G125/><T3/><D112/><U17/><E1/><V65/><F65/><W4/><G70/><T26/><D111/><U35/><E35/><V104/><F49/><W121/><G121/><T130/><D3/><U134/><E134/><V89/><F89/><W79/><G97/><T20/><D100/><U126/><E126/><V55/><F55/><N who="3" m="33951" /><G96/><T25/><D25/><U106/><E106/><V85/><F29/><W110/><G110/><T80/><D80/><N who="1" m="47119" /><E11/><V105/><F32/><W62/><G62/><T48/><D26/><U103/><E103/><V101/><REACH who="2" step="1"/><F131/><REACH who="2" ten="230,419,240,101" step="2"/><N who="0" m="50218" /><D50/><N who="1" m="30903" /><E99/><V93/><F93/><AGARI ba="0,1" hai="16,17,52,59,63,87,90,93" m="30903,47119" machi="93" ten="30,3900,0" yaku="8,1,54,2" doraHai="0" who="1" fromWho="2" sc="230,0,419,49,240,-39,101,0" owari="230,3.0,468,56.8,201,-19.9,101,-39.9" /></mjloggm>