<mjloggm ver="2.3"><GO type="225" lobby="0"/><UN n0="%E3%83%89%E3%83%A9%E3%81%8F%E3%82%8C" n1="%E5%B8%86%E7%AB%8B%E5%A4%8F%E8%A1%A3" n2="%E9%AC%BC%E7%95%9C%E7%B1%B3%E5%85%B5" n3="%73%73%6B%5F%66%72%65%65" dan="17,16,17,16" rate="2212.88,2144.08,2130.17,2096.34" sx="M,M,M,M"/><TAIKYOKU oya="0"/><INIT seed="0,0,0,3,4,119" ten="250,250,250,250" oya="0" hai0="12,34,10,67,48,61,76,19,113,44,132,32,98" hai1="86,5,52,45,39,38,2,57,133,62,24,83,84" hai2="6,73,115,4,1,29,43,26,41,55,97,65,100" hai3="66,88,25,81,30,33,35,53,54,124,116,129,130"/><T60/><D113/><U93/><E133/><V47/><F73/><W58/><G124/><T87/><D132/><U103/><E2/><V37/><F115/><W95/><G81/><T36/><D36/><U114/><E114/><V111/><F111/><W99/><G35/><T69/><D98/><U104/><E104/><V51/><F65/><W15/><G15/><T105/><D105/><U107/><E5/><V109/><F109/><W7/><G7/><T31/><D31/><U14/><E14/><V126/><F126/><W74/><G74/><T108/><D108/><U71/><E107/><V8/><F6/><W28/><G28/><T23/><D61/><U21/><E71/><V125/><F37/><W17/><G17/><T46/><D46/><U131/><E131/><N who="3" m="50186" /><G116/><T77/><D23/><U18/><E45/><V11/><F11/><W9/><G9/><T20/><D20/><U75/><E75/><V59/><F47/><W22/><G33/><T56/><D69/><U89/><REACH who="1" step="1"/><E103/><REACH who="1" ten="250,240,250,250" step="2"/><V63/><F125/><W68/><G68/><T110/><D110/><U134/><E134/><V135/><F100/><W27/><G27/><T127/><D127/><U121/><E121/><V3/><F3/><W70/><G70/><T82/><REACH who="0" step="1"/><D76/><AGARI ba="0,1" hai="18,21,24,38,39,52,57,62,76,83,84,86,89,93" machi="76" ten="30,7700,0" yaku="1,1,7,1,54,1,53,1" doraHai="119" doraHaiUra="16" who="1" fromWho="0" sc="250,-77,240,87,250,0,250,0" /><INIT seed="1,0,0,0,0,110" ten="173,327,250,250" oya="1" hai0="67,113,19,2,27,57,90,88,82,130,60,1,45" hai1="121,47,109,70,73,7,62,126,63,6,4,46,65" hai2="132,31,64,122,72,14,24,35,100,123,127,78,15" hai3="97,69,68,17,108,112,11,93,61,115,10,33,51"/><U98/><E73/><V39/><F39/><W86/><G108/><T49/><D113/><U9/><E109/><V20/><F127/><W134/><G86/><T3/><D130/><U117/><E117/><V29/><F132/><W23/><G33/><T66/><D66/><U36/><E121/><V125/><F125/><W94/><G51/><T99/><D82/><U103/><E126/><V76/><F100/><W135/><G17/><T71/><D71/><U80/><E80/><V5/><F64/><W21/><REACH who="3" step="1"/><G97/><REACH who="3" ten="173,327,250,240" step="2"/><T42/><REACH who="0" step="1"/><D99/><REACH who="0" ten="163,327,250,240" step="2"/><U43/><E98/><V104/><F122/><W91/><G91/><T118/><D118/><U119/><E119/><V111/><F123/><W44/><G44/><T32/><D32/><U54/><E47/><V53/><F35/><W28/><G28/><T25/><D25/><U96/><E96/><V56/><F31/><W116/><G116/><T89/><D89/><U37/><E46/><V105/><F111/><W41/><G41/><T106/><D106/><U120/><E43/><V74/><F105/><W77/><G77/><T107/><D107/><U48/><E120/><V129/><F104/><W18/><G18/><T133/><D133/><U13/><E37/><V79/><F74/><W128/><G128/><T87/><D87/><U83/><E36/><V81/><F129/><W40/><G40/><T22/><AGARI ba="0,2" hai="1,2,3,19,22,27,42,45,49,57,60,67,88,90" machi="22" ten="40,5200,0" yaku="1,1,0,1,54,1,53,0" doraHai="110" doraHaiUra="8" who="0" fromWho="0" sc="163,72,327,-26,250,-13,240,-13" /><INIT seed="2,0,0,0,1,26" ten="235,301,237,227" oya="2" hai0="20,52,125,65,18,91,126,41,81,99,84,32,13" hai1="69,53,2,0,107,96,122,97,89,131,85,3,123" hai2="30,93,21,34,80,57,94,133,73,5,108,62,106" hai3="135,109,112,118,45,104,105,6,66,11,27,35,114"/><V67/><F106/><N who="3" m="41067" /><G118/><T56/><D32/><U90/><E131/><V54/><F34/><W33/><G66/><T79/><D41/><U63/><E107/><V25/><F133/><W76/><G135/><T120/><D120/><N who="1" m="46123" /><E90/><V130/><F130/><W17/><G109/><T10/><D65/><N who="1" m="41151" /><E53/><V16/><F108/><W72/><G45/><T48/><D99/><U128/><E128/><V115/><F115/><N who="3" m="44075" /><G17/><T59/><D59/><U110/><E110/><V113/><F5/><W8/><G27/><T42/><D42/><U70/><E70/><V1/><F1/><N who="3" m="79" /><G11/><T22/><REACH who="0" step="1"/><D91/><REACH who="0" ten="225,301,237,227" step="2"/><U129/><E129/><V134/><F113/><W92/><G92/><AGARI ba="0,1" hai="0,2,3,85,89,92,96,97" m="41151,46123" machi="92" ten="40,1300,0" yaku="13,1" doraHai="26" who="1" fromWho="3" sc="225,0,301,23,237,0,227,-13" /><INIT seed="3,0,0,3,2,42" ten="225,324,237,214" oya="3" hai0="93,74,1,26,44,55,121,77,40,81,2,131,28" hai1="78,94,75,30,58,112,116,135,10,106,45,83,67" hai2="72,69,109,8,108,117,33,21,6,107,110,27,129" hai3="48,16,126,111,38,122,49,101,133,20,66,98,70"/><W0/><G122/><T86/><D121/><U63/><E106/><V114/><F107/><W31/><G126/><T124/><D124/><U96/><E112/><V53/><F72/><W43/><G133/><T25/><D131/><U35/><E116/><V15/><F69/><W123/><G123/><T119/><D55/><U73/><E73/><V62/><F114/><W50/><G31/><T134/><D134/><U118/><E118/><V105/><F105/><W34/><G111/><T19/><D119/><U47/><E135/><V29/><F117/><W132/><G34/><T18/><D74/><U91/><E10/><V13/><F129/><W125/><G0/><T99/><D2/><U52/><E30/><V39/><F39/><W127/><G132/><T9/><D1/><U60/><E35/><V92/><F92/><W128/><G128/><T41/><D41/><U90/><E91/><V85/><F85/><W4/><G4/><T65/><D65/><U12/><E12/><N who="2" m="5143" /><F33/><W7/><G7/><T76/><D76/><U61/><E61/><V22/><F22/><W14/><G38/><T95/><D9/><U71/><AGARI ba="0,0" hai="45,47,52,58,60,63,67,71,75,78,83,90,94,96" machi="71" ten="20,8000,1" yaku="0,1,7,1,52,2,54,1" doraHai="42" who="1" fromWho="1" sc="225,-20,324,80,237,-20,214,-40" owari="205,-19.5,404,50.4,217,1.7,174,-32.6" /></mjloggm>