<mjloggm ver="2.3"><GO type="225" lobby="0"/><UN n0="%E5%84%AA%40%41%42%43" n1="%E3%83%AB%E3%83%9B%E3%83%B3%E3%83%87%E3%82%A3%E3%82%A8" n2="%73%6C%69%63%6B%33%31%39" n3="%E3%82%B5%E3%83%AB%E3%82%B7%E3%83%B3" dan="17,17,17,16" rate="2224.38,2200.99,2152.59,2096.40" sx="M,M,M,M"/><TAIKYOKU oya="0"/><INIT seed="0,0,0,1,5,54" ten="250,250,250,250" oya="0" hai0="16,73,105,123,79,1,89,11,132,8,87,130,58" hai1="110,121,49,19,33,30,119,10,129,115,62,50,5" hai2="84,127,92,27,59,31,90,34,28,112,3,43,100" hai3="12,41,26,78,74,81,18,124,93,9,116,17,7"/><T46/><D123/><U102/><E110/><V76/><F112/><W24/><G116/><T98/><D1/><U101/><E129/><V120/><F120/><W39/><G124/><T99/><D130/><U22/><E119/><V64/><F3/><W40/><G40/><T96/><D132/><U113/><E121/><V56/><F127/><W6/><G6/><T86/><D105/><U65/><E101/><V80/><F100/><W95/><G26/><T104/><D104/><U67/><E67/><V52/><F43/><W13/><G24/><T122/><D46/><U66/><E66/><V4/><F4/><W118/><G118/><T53/><D73/><U47/><E102/><V88/><F31/><W29/><G29/><T44/><D44/><U126/><E126/><V131/><F131/><W77/><G77/><T114/><D114/><N who="1" m="43531" /><E30/><V68/><F68/><W111/><G111/><T55/><D55/><U85/><E85/><N who="0" m="32265" /><D79/><U108/><E33/><V135/><F135/><W45/><G7/><T71/><D71/><N who="1" m="42423" /><E47/><V0/><F0/><W69/><G69/><T23/><D89/><U83/><E108/><V14/><F92/><W106/><G106/><T51/><D122/><U72/><E83/><V128/><F128/><W35/><G35/><T38/><D38/><U107/><E107/><V61/><REACH who="2" step="1"/><F14/><AGARI ba="0,0" hai="8,11,14,16,23,51,53,58,96,98,99" m="32265" machi="14" ten="30,5800,0" yaku="8,1,52,1,54,1" doraHai="54" who="0" fromWho="2" sc="250,58,250,0,250,-58,250,0" /><INIT seed="0,1,0,2,2,3" ten="308,250,192,250" oya="0" hai0="31,92,68,47,130,110,111,127,86,84,18,125,69" hai1="124,48,35,22,49,42,11,97,24,64,85,70,2" hai2="41,52,58,101,113,72,21,55,106,39,112,102,115" hai3="17,65,10,45,108,19,126,67,119,109,99,80,132"/><T94/><D31/><U134/><E35/><V33/><F33/><W50/><G119/><T133/><D47/><U105/><E70/><N who="0" m="27241" /><D18/><U61/><E42/><V129/><F72/><W27/><G27/><T54/><D54/><U40/><E40/><V73/><F73/><W98/><G80/><T88/><D133/><U66/><E66/><V128/><F21/><W120/><G132/><T89/><D130/><N who="2" m="50282" /><F106/><W16/><G120/><T57/><D57/><U76/><E105/><V32/><F32/><W104/><G104/><T60/><D60/><U53/><E53/><N who="2" m="20555" /><F58/><W62/><G62/><T74/><D74/><U44/><E64/><V90/><F90/><W122/><G122/><T20/><D20/><U114/><E22/><V117/><F117/><W13/><G67/><T71/><N who="0" m="27249" /><T100/><DORA hai="78" /><D100/><N who="2" m="38506" /><F41/><W118/><G65/><T5/><D5/><U116/><E61/><V96/><F96/><W121/><G99/><T28/><D28/><U46/><E97/><V30/><F39/><W7/><G98/><T4/><D4/><U56/><E56/><V93/><F93/><W34/><G7/><T81/><D94/><U6/><E6/><V59/><F59/><W37/><G37/><T12/><D12/><U63/><E63/><V83/><F83/><W43/><G13/><T91/><D89/><U87/><E116/><V26/><F30/><W135/><G34/><T1/><D1/><U123/><E2/><V29/><F29/><W51/><G118/><T14/><D14/><U79/><E123/><V9/><F9/><W131/><G135/><T82/><D92/><RYUUKYOKU ba="1,0" sc="308,15,250,-15,192,15,250,-15" hai0="81,82,84,86,88,91,110,111,125,127" hai2="26,112,113,115" /><INIT seed="0,2,0,2,3,109" ten="323,235,207,235" oya="0" hai0="106,24,18,84,72,56,117,120,0,23,48,14,104" hai1="88,110,85,35,101,40,119,133,17,94,1,113,103" hai2="76,131,20,5,49,54,36,97,38,102,71,3,74" hai3="111,63,80,75,37,52,59,50,132,69,91,105,82"/><T8/><D117/><U6/><E119/><V73/><F71/><W42/><G111/><T57/><D72/><U98/><E35/><V127/><F3/><W108/><G108/><T60/><D120/><U31/><E31/><V124/><F5/><W70/><G105/><T96/><D0/><U122/><E122/><V125/><F131/><W55/><G132/><T95/><D84/><U28/><E28/><V2/><F2/><W43/><G82/><T68/><D48/><U129/><E110/><V11/><F11/><W12/><G12/><T41/><D56/><U53/><E40/><V44/><F20/><W27/><G27/><T47/><D68/><U22/><E133/><V30/><F30/><W51/><G37/><T115/><D47/><U107/><E103/><V134/><F134/><W39/><G39/><N who="2" m="14889" /><F76/><W112/><G75/><T121/><D115/><U135/><E135/><V46/><F46/><W15/><G112/><T130/><D41/><U126/><E129/><V29/><F29/><W99/><G70/><T64/><D130/><U4/><E1/><V7/><F7/><W58/><G69/><T21/><D121/><U66/><E113/><V78/><F78/><W26/><G43/><T67/><D64/><U62/><E66/><V13/><F13/><W87/><G15/><T100/><D23/><U83/><E107/><AGARI ba="2,0" hai="44,49,54,73,74,97,102,107,124,125,127" m="14889" machi="107" ten="40,1300,0" yaku="18,1" doraHai="109" who="2" fromWho="1" sc="323,0,235,-19,207,19,235,0" /><INIT seed="1,0,0,1,1,40" ten="323,216,226,235" oya="1" hai0="69,27,5,77,3,108,29,12,94,98,62,17,122" hai1="100,44,91,104,99,76,129,105,7,131,41,6,130" hai2="11,36,101,19,93,81,103,16,135,59,123,22,42" hai3="55,52,109,37,87,80,107,73,110,126,88,13,95"/><U14/><E76/><V26/><F123/><W133/><G133/><T132/><D108/><N who="3" m="41577" /><G126/><T33/><D132/><U58/><E105/><V47/><F135/><W35/><G35/><T70/><D77/><U1/><E1/><V111/><F111/><W117/><G117/><T128/><D128/><U84/><E58/><V43/><F43/><W49/><G37/><T46/><D62/><U30/><E14/><V25/><F81/><W82/><G73/><T127/><D46/><U31/><E6/><V96/><F59/><N who="3" m="33167" /><G107/><T53/><D53/><U112/><E7/><V10/><F101/><W45/><G13/><T65/><D65/><U72/><E112/><V97/><F97/><W61/><G61/><T60/><D60/><U2/><E2/><V75/><F75/><W120/><G120/><T85/><D85/><U0/><E0/><V134/><F134/><W67/><G67/><T24/><D24/><U89/><E72/><V21/><AGARI ba="0,0" hai="10,11,16,19,21,22,25,26,36,42,47,93,96,103" machi="21" ten="30,7900,0" yaku="0,1,9,1,52,1,54,1" doraHai="40" who="2" fromWho="2" sc="323,-20,216,-39,226,79,235,-20" /><INIT seed="2,0,0,1,4,5" ten="303,177,305,215" oya="2" hai0="53,26,97,45,41,1,8,123,0,61,100,71,79" hai1="130,54,103,113,72,10,13,88,51,48,109,104,128" hai2="35,52,94,56,116,101,43,95,9,58,62,14,124" hai3="11,85,69,111,40,17,83,80,81,64,92,66,107"/><V134/><F116/><W112/><G107/><T6/><D123/><U126/><E72/><V68/><F68/><W117/><G117/><T20/><D79/><U118/><E118/><V73/><F73/><W86/><G69/><T67/><D53/><U63/><E113/><V24/><F124/><W46/><G112/><T32/><D32/><U16/><E126/><V44/><F134/><W98/><G111/><T21/><D1/><U120/><E120/><V18/><F101/><W106/><G106/><T135/><D26/><U39/><E39/><V22/><F58/><W19/><G66/><T132/><D135/><U90/><E109/><V34/><F35/><W59/><G59/><T119/><D132/><U28/><E28/><V114/><F34/><W91/><G64/><T3/><D3/><U87/><E63/><V65/><F65/><W25/><G19/><T49/><D119/><U12/><E12/><V33/><F33/><W7/><G17/><T125/><D125/><U30/><E30/><N who="2" m="17687" /><F114/><W131/><G25/><T70/><REACH who="0" step="1"/><D70/><REACH who="0" ten="293,177,305,215" step="2"/><U76/><E54/><N who="2" m="34071" /><F43/><W75/><G75/><T42/><D42/><U108/><E108/><V31/><F31/><W99/><G40/><T133/><D133/><U84/><E76/><V127/><F127/><W102/><G46/><T115/><D115/><U29/><E29/><V60/><F60/><W82/><N who="3" m="20480" /><DORA hai="110" /><W15/><G131/><N who="1" m="50218" /><E90/><V78/><F78/><W4/><G91/><T2/><D2/><U122/><E122/><V89/><F89/><W55/><G55/><T27/><D27/><U47/><E47/><V129/><F129/><RYUUKYOKU ba="0,1" sc="293,15,177,-15,305,15,215,-15" hai0="0,6,8,20,21,41,45,49,61,67,71,97,100" hai2="9,14,18,44,52,94,95" /><INIT seed="2,1,1,4,0,58" ten="308,162,320,200" oya="2" hai0="98,110,30,97,135,119,3,105,128,66,67,75,115" hai1="92,15,116,7,71,53,101,108,133,91,25,33,118" hai2="13,26,56,63,2,10,4,48,65,70,96,79,42" hai3="20,80,87,124,111,36,106,54,28,35,93,50,123"/><V47/><F79/><W9/><G106/><T132/><D115/><U85/><E108/><V131/><F131/><W41/><G123/><T73/><D110/><U86/><E133/><N who="0" m="51273" /><D128/><U117/><E71/><V57/><F2/><W14/><G111/><T32/><D3/><U100/><E33/><V64/><F64/><N who="0" m="24618" /><D119/><U22/><E7/><V72/><F72/><N who="0" m="27722" /><D105/><U99/><E15/><V18/><REACH who="2" step="1"/><F96/><REACH who="2" ten="308,162,310,200" step="2"/><W60/><G124/><T52/><D98/><U76/><E76/><V11/><F11/><W112/><G9/><T23/><D97/><U8/><E8/><V21/><AGARI ba="1,2" hai="4,10,13,18,21,26,42,47,48,56,57,63,65,70" machi="21" ten="30,11700,0" yaku="1,1,0,1,52,1,53,1" doraHai="58" doraHaiUra="6" who="2" fromWho="2" sc="308,-40,162,-40,310,140,200,-40" /><INIT seed="2,2,0,1,3,65" ten="268,122,450,160" oya="2" hai0="13,36,59,25,10,23,45,101,103,63,96,41,1" hai1="110,130,115,8,35,6,34,33,20,2,85,134,30" hai2="80,54,99,14,107,87,122,21,133,97,9,70,76" hai3="60,92,15,129,18,77,19,109,119,69,82,26,64"/><V56/><F122/><W62/><G119/><T106/><D1/><U44/><E115/><V57/><F133/><W72/><G109/><T83/><D83/><U114/><E114/><V5/><F107/><W3/><G3/><T86/><D86/><U88/><E110/><V55/><F70/><W31/><G129/><T29/><D103/><U0/><E134/><V52/><F21/><W94/><G62/><T58/><D63/><U132/><E132/><V102/><REACH who="2" step="1"/><F97/><REACH who="2" ten="268,122,440,160" step="2"/><W121/><G121/><T126/><D126/><U53/><E20/><V123/><F123/><W61/><G61/><T105/><D105/><U50/><E130/><V84/><F84/><W66/><G66/><T40/><D96/><U16/><E30/><V116/><F116/><W17/><REACH who="3" step="1"/><G15/><REACH who="3" ten="268,122,440,150" step="2"/><T47/><D13/><U27/><E0/><V68/><F68/><W4/><G4/><T131/><D131/><U78/><E2/><V67/><F67/><W93/><G93/><T7/><D106/><U113/><E6/><V51/><F51/><W42/><G42/><T43/><D41/><U95/><E113/><V24/><F24/><W125/><G125/><T128/><D128/><U98/><E27/><V37/><F37/><W71/><G71/><T120/><D120/><U79/><E98/><V108/><F108/><W39/><G39/><T124/><D124/><U89/><E95/><V32/><F32/><AGARI ba="2,2" hai="17,18,19,26,31,32,60,64,69,72,77,82,92,94" machi="32" ten="40,5200,0" yaku="1,1,52,1,53,1" doraHai="65" doraHaiUra="104" who="3" fromWho="2" sc="268,0,122,0,440,-58,150,78" /><INIT seed="3,0,0,5,4,5" ten="268,122,382,228" oya="3" hai0="2,43,13,103,19,117,39,96,116,27,12,112,17" hai1="58,11,62,9,41,49,125,20,90,75,83,59,133" hai2="14,87,128,71,66,127,7,57,1,98,21,34,76" hai3="22,109,123,44,132,74,24,42,0,114,35,92,85"/><W121/><G114/><T107/><D2/><U73/><E133/><V95/><F71/><W63/><G74/><T134/><D112/><U38/><E38/><V51/><F34/><W100/><G0/><T50/><D134/><U52/><E125/><V54/><F128/><W110/><G35/><T113/><D39/><U111/><E111/><N who="3" m="42506" /><G63/><T23/><D113/><U129/><E129/><V46/><F1/><W135/><G135/><T56/><D27/><U55/><E41/><V131/><F127/><W36/><G132/><T97/><D97/><U47/><E47/><V65/><F46/><W3/><G3/><T18/><D18/><U118/><E118/><V69/><F69/><W94/><G100/><T80/><D80/><U68/><E68/><V53/><F131/><W6/><G6/><T61/><D43/><U82/><E73/><V45/><F7/><W101/><G101/><T119/><D50/><U48/><E62/><V120/><F66/><W40/><G40/><T10/><D116/><U84/><E20/><V115/><F65/><AGARI ba="0,0" hai="10,12,13,17,19,23,56,61,65,96,103,107,117,119" machi="65" ten="30,2000,0" yaku="7,1,52,1" doraHai="5" who="0" fromWho="2" sc="268,20,122,0,382,-20,228,0" owari="288,8.8,122,-37.8,362,46.2,228,-17.2" /></mjloggm>