<mjloggm ver="2.3"><GO type="225" lobby="0"/><UN n0="%E3%81%8A%E3%81%8B%E3%81%8F%E3%82%89" n1="%E9%80%9F%E6%B0%B4%E5%87%9B%E9%A6%99" n2="%E3%81%8B%E3%82%8F%E3%81%A1%E3%82%83%E3%82%93%35%38" n3="%54%4F%52" dan="17,16,16,17" rate="2097.53,2150.63,2123.53,2242.57" sx="M,F,M,M"/><TAIKYOKU oya="0"/><INIT seed="0,0,0,5,5,112" ten="250,250,250,250" oya="0" hai0="17,22,107,37,104,20,18,0,102,56,40,53,29" hai1="39,49,30,67,114,103,60,93,8,47,124,106,16" hai2="34,111,14,110,91,35,122,36,3,125,38,6,75" hai3="24,48,97,45,86,55,115,120,108,66,13,54,98"/><T63/><D0/><U133/><E114/><V33/><F122/><W90/><G115/><T25/><D102/><U82/><E133/><V42/><F42/><W61/><G120/><T92/><D29/><U1/><E106/><V19/><F75/><W65/><G108/><N who="2" m="41513" /><F125/><W70/><G65/><T80/><D80/><U96/><E39/><N who="2" m="14891" /><F91/><W87/><G13/><T7/><D7/><U62/><E124/><V2/><F6/><W15/><G15/><T50/><D37/><U76/><E30/><V130/><F130/><W109/><G109/><T113/><D113/><U27/><E67/><V74/><F74/><W31/><G55/><T83/><D83/><U11/><E1/><V116/><F116/><W128/><G128/><T123/><D123/><U79/><E79/><V52/><F52/><W21/><REACH who="3" step="1"/><G86/><REACH who="3" ten="250,250,250,240" step="2"/><T72/><D72/><U46/><E8/><AGARI ba="0,1" hai="2,3,8,14,19,33,34,35" m="14891,41513" machi="8" ten="40,1300,0" yaku="14,1" doraHai="112" who="2" fromWho="1" sc="250,0,250,-13,250,23,240,0" /><INIT seed="1,0,0,4,4,51" ten="250,237,273,240" oya="1" hai0="19,131,105,86,74,123,3,15,22,114,10,65,34" hai1="72,44,36,126,9,96,49,118,110,46,16,47,53" hai2="32,77,92,35,134,87,39,43,6,8,26,18,122" hai3="37,106,82,42,62,111,1,45,25,88,90,121,104"/><U41/><E72/><V14/><F122/><W132/><G121/><T12/><D105/><U128/><E118/><V100/><F134/><W91/><G132/><T40/><D74/><U48/><E128/><V68/><F68/><W59/><G1/><T64/><D3/><U129/><E129/><V71/><F71/><W76/><G25/><T112/><D34/><U29/><E126/><V60/><F60/><W89/><N who="3" m="22528" /><DORA hai="55" /><W58/><G111/><T23/><D131/><U61/><E110/><V79/><F43/><W70/><G70/><T33/><D33/><U113/><E113/><V57/><F57/><W50/><G37/><T5/><D86/><U63/><E29/><V7/><F39/><W30/><G30/><T83/><D83/><U24/><E96/><V101/><F92/><W98/><G98/><T120/><D40/><U84/><E84/><V73/><F73/><W115/><G115/><T130/><D130/><U17/><E17/><V99/><F87/><W31/><G31/><T94/><D19/><U78/><E78/><V52/><F26/><W4/><G4/><T125/><D125/><U85/><E85/><V107/><F101/><W135/><G135/><T66/><D66/><U13/><E24/><V67/><F35/><W0/><G0/><T127/><D127/><U108/><E108/><V2/><F32/><W109/><G109/><T56/><D5/><N who="2" m="1546" /><F2/><W103/><G103/><T20/><D94/><U11/><E11/><V133/><F133/><W28/><G28/><T38/><D123/><U75/><E75/><V93/><F93/><W102/><G102/><RYUUKYOKU ba="0,0" sc="250,-10,237,30,273,-10,240,-10" hai1="9,13,16,36,41,44,46,47,48,49,53,61,63" /><INIT seed="1,1,0,3,5,94" ten="240,267,263,230" oya="1" hai0="0,103,18,135,60,17,41,12,125,62,4,98,89" hai1="50,91,128,24,85,19,32,2,52,90,64,6,84" hai2="72,81,119,36,28,104,31,131,83,93,108,49,45" hai3="47,92,117,134,20,53,25,27,70,110,65,73,39"/><U88/><E2/><V9/><F104/><W67/><G73/><T77/><D135/><U46/><E128/><V129/><F36/><W127/><G134/><T121/><D125/><U34/><E6/><V51/><F119/><W80/><G127/><T76/><D89/><U82/><E64/><V35/><F108/><W44/><G110/><T38/><D18/><U69/><E69/><V118/><F118/><W3/><G3/><T58/><D62/><U124/><E124/><V97/><F9/><W54/><G80/><N who="2" m="30793" /><F72/><W112/><G112/><T100/><D100/><U42/><E42/><N who="2" m="24759" /><F35/><W120/><G120/><T7/><D41/><U75/><E75/><V132/><F51/><W15/><G117/><T109/><D38/><U23/><E91/><N who="2" m="55487" /><F132/><W114/><G114/><T105/><D121/><U22/><E22/><V113/><F113/><W29/><G20/><T111/><D109/><U79/><E79/><V8/><F8/><W56/><G39/><T13/><D0/><U33/><E33/><V1/><F1/><W86/><G70/><T11/><D111/><U16/><E19/><V95/><F95/><AGARI ba="1,0" hai="16,23,24,32,34,46,50,52,82,84,85,88,90,95" machi="95" ten="30,11600,0" yaku="7,1,54,3" doraHai="94" who="1" fromWho="2" sc="240,0,267,119,263,-119,230,0" /><INIT seed="1,2,0,5,3,134" ten="240,386,144,230" oya="1" hai0="84,125,30,135,56,50,49,44,123,79,4,110,6" hai1="61,120,53,95,17,21,68,113,109,39,19,27,90" hai2="29,94,40,74,121,1,98,59,46,55,132,9,25" hai3="72,16,60,111,63,124,133,97,8,10,38,22,37"/><U51/><E39/><V42/><F132/><W41/><G133/><T129/><D110/><U127/><E113/><V100/><F74/><W35/><G111/><T24/><D129/><U52/><E120/><V86/><F121/><W78/><G35/><T65/><D123/><U69/><E127/><V20/><F1/><W114/><G114/><T128/><D128/><U73/><E73/><V15/><F46/><W67/><G124/><T14/><D14/><U48/><E68/><V32/><F86/><W64/><G97/><T23/><D125/><U26/><E69/><V45/><F45/><W91/><G91/><T131/><D131/><U82/><E82/><V130/><F32/><W103/><G103/><T92/><D50/><U47/><E61/><V119/><F119/><W99/><G99/><T7/><D135/><U12/><E17/><V36/><F36/><W76/><G72/><T107/><D107/><U105/><E105/><V87/><F87/><W0/><G22/><T62/><D92/><U77/><E77/><V13/><F130/><W118/><G0/><T81/><REACH who="0" step="1"/><D4/><REACH who="0" ten="230,386,144,230" step="2"/><U71/><E109/><V54/><F15/><W122/><G122/><T33/><D33/><U115/><E115/><V2/><F2/><W75/><G38/><T93/><D93/><U5/><E5/><N who="2" m="3247" /><F55/><AGARI ba="2,1" hai="6,7,23,24,30,44,49,55,56,62,65,79,81,84" machi="55" ten="30,3900,0" yaku="1,1,7,1,8,1,53,0" doraHai="134" doraHaiUra="104" who="0" fromWho="2" sc="230,55,386,0,144,-45,230,0" /><INIT seed="2,0,0,3,4,116" ten="285,386,99,230" oya="2" hai0="62,102,86,31,50,101,85,94,105,70,53,57,46" hai1="122,21,107,92,41,60,82,7,76,93,54,127,35" hai2="89,9,68,96,59,83,66,128,12,40,119,110,97" hai3="100,80,118,134,13,124,129,55,63,48,3,91,37"/><V135/><F119/><W27/><G118/><T38/><D105/><U69/><E35/><V106/><F68/><W28/><G3/><T73/><D73/><U98/><E107/><V16/><F128/><W120/><G129/><T78/><D31/><U79/><E127/><V11/><F135/><W4/><G37/><T34/><D34/><U6/><E93/><N who="2" m="56367" /><F106/><W5/><G124/><T17/><D78/><U75/><E41/><V74/><F74/><W29/><G100/><T108/><D108/><U72/><E122/><V111/><F40/><W18/><G134/><T49/><D38/><U64/><E54/><V109/><F97/><W81/><G63/><T84/><D70/><U44/><E44/><V77/><F59/><W51/><G13/><T61/><D17/><U132/><E132/><V30/><F66/><W10/><G18/><T47/><D94/><U95/><E95/><V36/><F30/><W0/><G91/><T19/><D19/><U43/><E43/><V130/><F36/><W23/><G55/><N who="0" m="30135" /><D61/><U45/><E75/><N who="2" m="43455" /><F130/><W133/><G133/><T87/><D87/><U125/><E125/><V71/><F71/><W104/><G104/><T115/><D115/><U56/><E69/><V42/><F42/><AGARI ba="0,0" hai="42,47,50,53,57,62,84,85,86,101,102" m="30135" machi="42" ten="30,1000,0" yaku="8,1" doraHai="116" who="0" fromWho="2" sc="285,10,386,0,99,-10,230,0" /><INIT seed="3,0,0,5,5,60" ten="295,386,89,230" oya="3" hai0="45,121,11,111,70,91,126,133,74,9,73,83,105" hai1="62,79,77,106,82,4,66,131,110,117,90,31,37" hai2="61,23,75,39,3,64,7,65,55,86,94,63,36" hai3="128,25,88,2,123,125,113,101,85,130,92,56,6"/><W98/><G113/><T29/><D121/><U84/><E37/><N who="2" m="14411" /><F94/><W10/><G123/><T0/><D45/><U15/><E106/><V107/><F86/><W80/><G125/><T87/><D70/><U24/><E110/><V41/><F23/><W109/><G109/><T52/><D133/><U102/><E102/><V35/><F7/><W49/><G49/><T89/><D105/><U17/><E131/><V96/><F96/><W33/><REACH who="3" step="1"/><G56/><REACH who="3" ten="295,386,89,220" step="2"/><T12/><D126/><U120/><E120/><V78/><F35/><W115/><G115/><T16/><D111/><U46/><E117/><V116/><F116/><W40/><G40/><T108/><D108/><U127/><E127/><V48/><F3/><W114/><G114/><T100/><D0/><U103/><E46/><N who="2" m="25679" /><F78/><W13/><G13/><T134/><D12/><U93/><E79/><V97/><F97/><W69/><G69/><T95/><D134/><U58/><E77/><V71/><F75/><W76/><G76/><T26/><D73/><U118/><E118/><V22/><F22/><W68/><G68/><T53/><D74/><U32/><E15/><V19/><F19/><W1/><G1/><T47/><D16/><U34/><E17/><V81/><F81/><W112/><G112/><T59/><D83/><U38/><E34/><V132/><F107/><W122/><G122/><T57/><D9/><U20/><E32/><V28/><F28/><AGARI ba="0,1" hai="2,6,10,25,28,33,80,85,88,92,98,101,128,130" machi="28" ten="40,3900,0" yaku="1,1,54,1,53,0" doraHai="60" doraHaiUra="18" who="3" fromWho="2" sc="295,0,386,0,89,-39,220,49" /><INIT seed="3,1,0,1,4,9" ten="295,386,50,269" oya="3" hai0="47,85,114,123,80,50,105,17,83,31,133,51,134" hai1="113,95,130,67,108,81,128,110,97,44,106,36,12" hai2="103,90,27,93,22,129,20,3,71,49,131,127,125" hai3="112,19,87,68,45,74,96,77,118,39,82,7,30"/><W75/><G112/><T122/><D105/><U69/><E106/><V65/><F49/><W111/><G118/><T117/><D114/><U92/><E113/><V99/><F65/><W16/><G68/><T104/><D104/><U119/><E119/><V18/><F90/><W91/><G111/><N who="1" m="42538" /><E81/><V2/><F93/><W72/><G30/><T107/><D17/><U29/><E29/><V124/><F99/><W33/><G33/><T53/><D50/><U24/><E24/><V46/><F46/><W66/><G66/><T109/><D53/><U34/><E34/><V98/><F98/><W70/><G70/><T56/><D47/><U59/><E95/><V37/><F103/><W0/><G96/><T84/><D85/><U55/><E69/><V73/><F37/><W115/><G115/><T116/><D84/><U101/><E67/><V63/><F63/><W126/><G126/><T26/><D107/><U48/><E36/><V1/><F71/><W4/><G77/><T121/><D109/><U86/><E86/><V42/><F42/><N who="3" m="22751" /><G0/><T64/><D116/><U13/><E59/><V32/><F73/><W28/><G28/><T11/><D117/><U43/><E43/><V132/><F32/><W76/><G76/><T54/><D64/><U62/><E62/><V38/><F38/><W6/><G75/><T21/><D11/><U61/><E61/><V15/><REACH who="2" step="1"/><F132/><AGARI ba="1,0" hai="21,26,31,51,54,56,80,83,121,122,123,132,133,134" machi="132" ten="50,1600,0" yaku="20,1" doraHai="9" who="0" fromWho="2" sc="295,19,386,0,50,-19,269,0" owari="314,11.4,386,48.6,31,-46.9,269,-13.1" /></mjloggm>