<mjloggm ver="2.3"><GO type="225" lobby="0"/><UN n0="%72%69%6F%75%63%68%61%6E" n1="%E3%82%82%E3%81%90%E3%82%89" n2="%E3%81%9F%E3%81%93%E2%98%86%E7%84%BC%E3%81%8D" n3="%E5%80%89%E6%A9%8B%EF%BC%A0%E4%BA%8B%E5%8B%99" dan="17,17,16,16" rate="2299.33,2178.98,2054.33,2114.52" sx="M,F,M,M"/><TAIKYOKU oya="0"/><INIT seed="0,0,0,2,3,107" ten="250,250,250,250" oya="0" hai0="77,123,61,22,67,119,78,24,131,59,44,13,106" hai1="9,49,1,110,120,118,65,108,38,102,99,18,26" hai2="14,134,68,100,6,37,69,4,73,84,121,46,60" hai3="135,116,109,58,127,70,85,87,129,32,130,2,81"/><T47/><D119/><U83/><E38/><V75/><F84/><W114/><RYUUKYOKU type="yao9" ba="0,0" sc="250,0,250,0,250,0,250,0" hai3="2,32,58,70,81,85,87,109,114,116,127,129,130,135" /><INIT seed="0,1,0,4,1,114" ten="250,250,250,250" oya="0" hai0="104,77,15,111,108,24,127,105,41,40,31,43,78" hai1="83,133,135,32,109,90,66,44,102,91,69,17,85" hai2="6,1,67,59,132,112,125,97,123,81,56,65,33" hai3="49,94,115,19,20,117,3,68,9,37,47,48,73"/><T88/><D127/><U128/><E32/><V7/><F97/><W119/><G115/><T27/><D15/><U34/><E34/><V55/><F33/><W131/><G68/><T87/><D31/><U16/><E109/><N who="0" m="42057" /><D88/><U29/><E29/><V61/><F81/><W76/><G94/><T93/><D93/><U110/><E110/><V64/><F123/><W72/><G20/><T80/><D77/><U51/><E102/><V58/><F112/><W126/><G19/><T92/><D92/><U100/><E100/><V11/><F132/><N who="1" m="50761" /><E91/><V23/><F125/><W122/><G126/><T71/><D71/><U57/><E69/><V14/><F1/><W120/><G76/><T130/><D130/><U134/><E128/><V129/><F129/><W79/><G131/><T118/><D118/><N who="3" m="45065" /><G79/><T54/><D54/><N who="1" m="30055" /><E134/><V21/><F6/><N who="3" m="1247" /><G72/><T35/><D35/><U89/><E89/><V70/><F70/><W82/><G82/><T101/><D101/><U26/><E26/><AGARI ba="1,0" hai="24,26,27,40,41,43,78,80,87,104,105" m="42057" machi="26" ten="30,2900,0" yaku="14,1,10,1" doraHai="114" who="0" fromWho="1" sc="250,32,250,-32,250,0,250,0" /><INIT seed="0,2,0,5,0,10" ten="282,218,250,250" oya="0" hai0="97,23,108,113,20,102,116,85,67,103,24,40,92" hai1="134,106,43,66,32,98,35,72,89,51,74,54,105" hai2="61,36,2,22,60,44,118,3,93,109,112,25,129" hai3="107,34,58,59,33,114,31,13,19,100,99,101,115"/><T50/><D113/><U46/><E66/><V71/><F109/><W55/><G100/><T76/><D116/><U28/><E134/><V18/><F129/><W5/><G5/><T1/><D1/><U16/><E106/><V68/><F112/><W132/><G132/><T111/><D67/><U21/><E28/><V39/><F93/><W82/><G82/><T80/><D102/><U84/><E105/><V86/><F86/><W12/><G31/><T53/><D40/><U45/><E98/><V62/><F118/><W49/><G59/><T77/><D77/><U110/><E74/><V119/><F119/><W7/><G114/><T42/><D42/><U0/><E0/><V9/><F44/><W8/><REACH who="3" step="1"/><G115/><REACH who="3" ten="282,218,250,240" step="2"/><T17/><REACH who="0" step="1"/><D20/><AGARI ba="2,1" hai="7,8,12,13,19,20,33,34,49,55,58,99,101,107" machi="20" ten="30,8000,1" yaku="1,1,2,1,7,1,52,2,53,0" doraHai="10" doraHaiUra="87" who="3" fromWho="0" sc="282,-86,218,0,250,0,240,96" /><INIT seed="1,0,0,3,2,34" ten="196,218,250,336" oya="1" hai0="19,131,134,4,132,6,119,12,110,25,99,65,5" hai1="28,112,26,31,111,27,16,70,37,58,1,45,38" hai2="121,94,84,128,125,66,60,92,11,97,76,118,96" hai3="36,109,100,82,43,54,75,120,93,106,46,129,3"/><U35/><E70/><V77/><F118/><W8/><G120/><T62/><D119/><U88/><E112/><V56/><F121/><W23/><G109/><T52/><D110/><U130/><E111/><V89/><F125/><W90/><G129/><T105/><D131/><U20/><E130/><V135/><F135/><W95/><G23/><T22/><D105/><U101/><E45/><V18/><F128/><W59/><G106/><T14/><D99/><U91/><E101/><V87/><F18/><W83/><G100/><T123/><D123/><U41/><E1/><V49/><F49/><W40/><G40/><T74/><D74/><U81/><E41/><V67/><F11/><W127/><G127/><T71/><REACH who="0" step="1"/><D52/><REACH who="0" ten="186,218,250,336" step="2"/><U48/><E81/><V86/><REACH who="2" step="1"/><F67/><REACH who="2" ten="186,218,240,336" step="2"/><W9/><G54/><T68/><D68/><U32/><E58/><V124/><F124/><W63/><G59/><T2/><D2/><U116/><E116/><V126/><F126/><W85/><G3/><T7/><N who="0" m="1024" /><DORA hai="69" /><T30/><D30/><U42/><E48/><V103/><AGARI ba="0,2" hai="56,60,66,76,77,84,86,87,89,92,94,96,97,103" machi="103" ten="30,4000,0" yaku="1,1,0,1,8,1,53,0" doraHai="34,69" doraHaiUra="108,29" who="2" fromWho="2" sc="186,-10,218,-20,240,60,336,-10" /><INIT seed="2,0,0,2,3,133" ten="176,198,300,326" oya="2" hai0="90,2,3,25,21,53,78,58,125,55,45,79,85" hai1="99,132,57,33,5,28,73,76,23,68,56,112,82" hai2="7,124,131,50,92,126,66,48,13,74,19,109,103" hai3="70,4,111,102,87,129,105,75,32,120,117,10,95"/><V60/><F74/><W30/><G75/><T34/><D34/><U130/><E112/><V62/><F131/><W16/><G117/><T65/><D125/><N who="2" m="48234" /><F7/><W72/><G70/><T104/><D104/><U91/><E132/><V77/><F77/><W49/><G32/><T8/><D8/><U94/><E68/><N who="2" m="42055" /><F62/><W0/><G30/><T108/><D108/><U22/><E5/><V106/><F106/><W43/><G105/><T27/><D2/><U101/><E28/><V61/><F61/><W29/><G0/><T35/><D3/><U11/><E130/><V46/><F46/><W96/><G29/><T47/><D79/><U89/><E76/><V71/><F71/><W12/><G4/><T128/><D78/><U134/><E134/><V31/><F31/><W115/><G72/><T122/><D128/><U36/><E33/><V59/><F59/><W26/><G129/><T121/><D35/><U110/><E57/><V9/><F109/><W67/><G111/><T127/><D127/><U54/><E73/><V17/><F17/><W80/><G16/><N who="0" m="12455" /><D58/><U37/><E110/><V42/><F42/><W51/><G43/><T114/><D65/><U119/><E56/><V40/><F40/><W39/><G67/><T135/><D135/><U100/><E54/><N who="0" m="20489" /><D114/><U63/><E63/><V93/><F103/><W107/><G102/><T6/><D6/><U64/><E101/><V123/><F123/><N who="0" m="47114" /><D45/><U83/><E64/><V81/><F81/><W20/><G80/><N who="0" m="49447" /><D47/><U113/><E83/><V52/><F52/><W98/><G107/><T1/><D1/><U24/><E113/><RYUUKYOKU ba="0,0" sc="176,15,198,-15,300,15,326,-15" hai0="27" hai2="9,13,19,48,50,92,93" /><INIT seed="2,1,0,5,1,55" ten="191,183,315,311" oya="2" hai0="25,117,76,126,12,114,87,48,3,88,29,133,36" hai1="4,131,74,22,30,113,112,13,10,72,17,98,77" hai2="14,101,40,49,95,63,127,107,116,97,129,82,34" hai3="81,119,103,39,31,15,122,61,9,91,66,41,45"/><V94/><F116/><W16/><G122/><T32/><D114/><U92/><E131/><V67/><F34/><W115/><G119/><T26/><D3/><U50/><E30/><V5/><F129/><W11/><G115/><T0/><D117/><U111/><E111/><V96/><F107/><W59/><G103/><T52/><D0/><U86/><E74/><V37/><F37/><W20/><G31/><T124/><D36/><U135/><E72/><V43/><F82/><W71/><REACH who="3" step="1"/><G71/><REACH who="3" ten="191,183,315,301" step="2"/><T69/><D69/><U6/><E113/><V47/><F127/><N who="0" m="48682" /><D133/><U27/><E135/><V24/><F24/><W130/><G130/><T56/><D26/><U54/><E27/><V64/><F40/><W134/><G134/><T120/><D120/><U80/><E112/><V53/><F43/><W35/><G35/><T110/><D110/><U70/><E70/><V28/><F28/><W23/><G23/><T121/><D121/><U132/><E22/><V83/><F101/><W106/><G106/><T51/><D25/><U79/><E132/><V104/><F104/><W75/><G75/><T1/><D29/><U84/><E79/><V46/><F14/><W125/><G125/><T78/><D1/><U73/><E73/><V38/><F38/><W62/><G62/><N who="0" m="36103" /><D12/><U58/><E86/><AGARI ba="1,1" hai="9,11,15,16,20,39,41,45,59,61,66,81,86,91" machi="86" ten="40,8000,1" yaku="1,1,52,1,54,1,53,1" doraHai="55" doraHaiUra="68" who="3" fromWho="1" sc="191,0,183,-83,315,0,301,93" /><INIT seed="3,0,0,2,3,19" ten="191,100,315,394" oya="3" hai0="76,101,87,130,58,36,82,33,109,23,110,2,78" hai1="70,89,61,100,17,126,26,57,10,21,48,18,15" hai2="25,112,35,86,133,30,114,47,122,52,120,71,116" hai3="85,81,1,41,74,59,39,91,132,96,121,127,131"/><W24/><G1/><T73/><D33/><U49/><E126/><V102/><F71/><W8/><G74/><T45/><D2/><U93/><E100/><V103/><F116/><W90/><G39/><T46/><D130/><U108/><E70/><V129/><F129/><W66/><G41/><T69/><D69/><U75/><E75/><V56/><F47/><W119/><G8/><T105/><D58/><U97/><REACH who="1" step="1"/><E108/><REACH who="1" ten="191,90,315,394" step="2"/><V16/><F103/><W124/><G127/><T38/><D101/><U106/><E106/><V98/><F114/><W83/><G124/><T77/><D105/><U115/><E115/><V65/><F112/><W12/><G131/><T14/><D73/><U34/><E34/><V20/><F133/><W111/><G132/><T4/><D110/><U84/><E84/><V94/><F86/><W79/><G85/><T64/><D109/><U104/><E104/><V63/><F122/><W7/><G121/><T43/><D87/><U44/><E44/><V27/><REACH who="2" step="1"/><F120/><REACH who="2" ten="191,90,305,394" step="2"/><W72/><G72/><T32/><D45/><U125/><E125/><V50/><F50/><W54/><G111/><T88/><D32/><U118/><E118/><V92/><F92/><W9/><G119/><T134/><D46/><U22/><E22/><V51/><F51/><W80/><G96/><T31/><D23/><U0/><E0/><V11/><F11/><W117/><G117/><T123/><D134/><U55/><AGARI ba="0,2" hai="10,15,17,18,21,26,48,49,55,57,61,89,93,97" machi="55" ten="20,12000,2" yaku="1,1,0,1,7,1,25,2,8,1,52,1,53,0" doraHai="19" doraHaiUra="62" who="1" fromWho="1" sc="191,-30,90,140,305,-30,394,-60" owari="161,-33.9,230,-17.0,275,7.5,334,43.4" /></mjloggm>