<mjloggm ver="2.3"><GO type="225" lobby="0"/><UN n0="%E3%81%BF%E3%81%BF%E3%81%9A" n1="%E3%81%8B%E3%82%8F%E3%81%A1%E3%82%83%E3%82%93%35%38" n2="%E3%81%99%E3%81%84%E3%81%BE%E3%81%9B%E3%83%BC%E3%82%93" n3="%E3%81%8C%E3%81%9F" dan="17,16,18,16" rate="2292.61,2139.29,2211.72,2135.30" sx="M,M,M,M"/><TAIKYOKU oya="0"/><INIT seed="0,0,0,2,1,53" ten="250,250,250,250" oya="0" hai0="77,60,125,54,63,45,38,85,18,28,119,74,86" hai1="96,133,66,50,30,71,25,105,43,2,11,55,61" hai2="44,115,97,113,26,0,114,118,90,13,49,122,78" hai3="37,109,68,129,88,80,3,132,47,69,130,135,48"/><T27/><D119/><U33/><E133/><N who="3" m="51274" /><G3/><T112/><D112/><U123/><E123/><V7/><F122/><W116/><G80/><T70/><D125/><U100/><E43/><V36/><F36/><W111/><G88/><T62/><D70/><N who="3" m="27241" /><G37/><T12/><D74/><U84/><E84/><V102/><F78/><W51/><G116/><T16/><D38/><U6/><E50/><N who="3" m="18986" /><G47/><T107/><D45/><U106/><E55/><V110/><F0/><W57/><G57/><N who="0" m="34871" /><D107/><AGARI ba="0,0" hai="2,6,11,25,30,33,61,66,71,96,100,105,106,107" machi="107" ten="30,12000,2" yaku="7,1,25,2,33,3" doraHai="53" who="1" fromWho="0" sc="250,-120,250,120,250,0,250,0" /><INIT seed="1,0,0,2,1,38" ten="130,370,250,250" oya="1" hai0="47,79,40,113,117,53,0,31,131,12,81,106,66" hai1="109,58,16,83,5,98,91,96,86,3,103,39,37" hai2="71,85,26,128,107,95,11,45,54,21,15,50,84" hai3="112,1,57,101,20,82,27,4,130,63,134,99,24"/><U80/><E109/><V104/><F71/><W127/><G112/><T62/><D117/><U90/><E3/><V123/><F123/><W120/><G120/><T33/><D113/><U36/><E5/><V70/><F70/><W73/><G130/><T42/><D0/><U23/><E58/><V92/><F128/><W7/><G127/><T115/><D115/><U17/><E103/><V118/><F118/><W28/><G134/><T48/><D131/><U59/><E59/><V34/><F34/><W108/><G108/><T60/><D106/><U132/><E132/><V22/><F22/><W87/><G73/><T72/><D12/><U114/><E114/><V8/><F107/><W6/><G27/><T110/><D110/><U51/><E51/><V44/><F104/><W124/><G124/><T2/><D2/><U19/><E23/><V49/><F92/><N who="3" m="58599" /><G1/><T69/><REACH who="0" step="1"/><D62/><REACH who="0" ten="120,370,250,250" step="2"/><U77/><REACH who="1" step="1"/><E91/><REACH who="1" ten="120,360,250,250" step="2"/><V13/><F13/><W55/><G6/><T102/><D102/><U32/><E32/><V119/><F15/><W68/><G68/><T100/><D100/><U43/><E43/><V105/><F119/><W97/><G7/><T10/><D10/><U122/><E122/><V65/><F105/><W30/><G4/><T18/><D18/><U111/><E111/><V135/><F135/><W89/><G89/><T41/><D41/><U64/><E64/><V133/><F65/><W76/><G30/><T94/><D94/><U125/><E125/><V93/><F93/><W35/><G35/><T126/><D126/><U9/><E9/><V29/><F133/><W75/><G28/><RYUUKYOKU ba="0,2" sc="120,15,360,15,250,-15,250,-15" hai0="31,33,40,42,47,48,53,60,66,69,72,79,81" hai1="16,17,19,36,37,39,77,80,83,86,90,96,98" /><INIT seed="1,1,2,0,1,48" ten="135,375,235,235" oya="1" hai0="115,1,111,83,86,51,127,64,27,35,30,135,97" hai1="79,52,43,120,62,40,71,61,102,49,57,47,74" hai2="37,128,2,119,124,125,11,31,45,42,116,17,104" hai3="114,118,81,69,4,18,131,100,70,46,63,22,78"/><U38/><E102/><V98/><F128/><W90/><G114/><T126/><D115/><U16/><E74/><V73/><F73/><W33/><G33/><T95/><D1/><U94/><E79/><V6/><F17/><W77/><G131/><T14/><D135/><U108/><E94/><V84/><F31/><W39/><G118/><N who="2" m="45097" /><F84/><W58/><G100/><AGARI ba="1,2" hai="2,6,11,37,42,45,98,100,104,124,125" m="45097" machi="100" ten="30,1000,0" yaku="23,1" doraHai="48" who="2" fromWho="3" sc="135,0,375,0,235,33,235,-13" /><INIT seed="2,0,0,4,1,35" ten="135,375,268,222" oya="2" hai0="44,112,18,70,37,4,33,0,119,45,114,121,64" hai1="110,63,43,101,26,90,109,107,85,128,62,7,48" hai2="58,3,19,131,8,73,95,16,88,49,87,96,115" hai3="108,113,102,97,127,76,81,60,123,52,39,93,32"/><V53/><F115/><W46/><G123/><T77/><D121/><U72/><E72/><V68/><F73/><W31/><G113/><T42/><D18/><U118/><E118/><V83/><F68/><W54/><G108/><T38/><D119/><U132/><E132/><V21/><F131/><W124/><G31/><T11/><D77/><U27/><E7/><V36/><F36/><W133/><G32/><T78/><D78/><U105/><E48/><V79/><REACH who="2" step="1"/><F21/><REACH who="2" ten="135,375,258,222" step="2"/><W34/><G34/><T15/><D33/><U80/><E128/><V91/><F91/><W117/><G117/><T5/><D15/><U23/><E90/><V13/><F13/><W61/><G39/><T67/><D70/><U82/><E23/><V71/><F71/><W116/><G116/><T103/><D103/><U22/><E22/><V14/><F14/><W28/><G133/><T56/><D11/><U55/><E101/><V92/><F92/><W20/><G93/><T75/><D75/><U99/><E110/><V57/><F57/><W89/><G89/><T122/><D122/><U12/><E109/><V66/><F66/><W129/><G102/><T125/><D56/><U59/><E59/><V104/><F104/><W30/><G129/><T86/><D67/><U84/><E107/><V47/><F47/><W2/><G46/><T100/><D64/><U126/><E105/><V41/><F41/><W134/><G134/><T69/><D100/><U9/><E43/><V17/><F17/><W74/><G74/><T6/><D69/><U51/><E12/><V130/><F130/><W50/><G76/><RYUUKYOKU ba="0,1" sc="135,-10,375,-10,258,30,222,-10" hai2="3,8,16,19,49,53,58,79,83,87,88,95,96" /><INIT seed="2,1,1,1,5,113" ten="125,365,288,212" oya="2" hai0="40,10,20,44,134,59,128,103,123,45,86,102,18" hai1="57,84,29,63,43,42,77,32,21,0,38,70,39" hai2="2,23,110,48,101,13,50,49,66,125,15,33,54" hai3="97,96,76,46,28,53,4,35,114,8,126,108,116"/><V71/><F33/><W99/><G108/><T105/><D123/><U14/><E0/><V78/><F2/><W111/><G111/><T60/><D128/><U12/><E70/><V124/><F110/><W73/><G114/><T61/><D134/><U85/><E32/><V87/><F101/><W75/><G126/><N who="2" m="48745" /><F66/><W69/><G69/><T127/><D127/><U24/><E38/><V100/><F100/><W36/><G76/><T130/><D130/><U51/><E39/><V132/><F71/><W67/><G67/><T9/><D105/><U27/><E27/><V135/><F54/><W17/><G53/><T30/><D30/><U83/><E84/><V118/><F118/><W3/><G17/><T92/><D86/><U6/><E6/><V131/><F131/><W106/><G106/><T90/><D40/><N who="1" m="15403" /><E51/><V109/><F109/><W7/><G36/><T81/><D81/><U133/><E133/><N who="2" m="51275" /><F23/><W22/><G22/><T68/><D68/><U112/><E112/><V104/><F104/><W41/><G35/><T117/><D117/><U82/><E82/><AGARI ba="1,1" hai="13,15,48,49,50,78,82,87" m="51275,48745" machi="82" ten="40,3900,0" yaku="18,1,20,1" doraHai="113" who="2" fromWho="1" sc="125,0,365,-42,288,52,212,0" /><INIT seed="2,2,0,5,3,108" ten="125,323,340,212" oya="2" hai0="41,84,126,123,118,86,26,21,67,55,98,133,119" hai1="33,43,78,19,129,125,50,51,11,91,71,87,104" hai2="27,74,116,42,82,73,65,40,47,69,34,66,75" hai3="22,49,100,14,103,85,58,9,45,102,18,31,70"/><V30/><F116/><N who="0" m="44586" /><D123/><U8/><E104/><V28/><F28/><W46/><G70/><T99/><D67/><U127/><E129/><V107/><F107/><W24/><G85/><N who="0" m="32875" /><D41/><U7/><E33/><V36/><F42/><W6/><G58/><T112/><D133/><U10/><E71/><V101/><F101/><W130/><G130/><T117/><N who="0" m="44594" /><T90/><DORA hai="95" /><D90/><U3/><E78/><N who="2" m="44367" /><F66/><W97/><G97/><N who="0" m="36875" /><D126/><U52/><E125/><V94/><F94/><W12/><REACH who="3" step="1"/><G49/><REACH who="3" ten="125,323,340,202" step="2"/><T25/><D112/><U113/><E113/><V111/><F111/><W54/><G54/><T53/><D26/><U68/><E51/><V110/><F110/><W109/><G109/><T131/><D131/><U77/><E77/><V79/><F79/><W72/><G72/><T23/><D25/><U96/><E127/><V124/><F124/><W135/><G135/><T80/><D80/><U121/><E68/><V64/><F64/><W16/><G16/><T60/><D60/><AGARI ba="2,1" hai="27,30,34,36,40,47,60,65,69,74,75" m="44367" machi="60" ten="30,2900,0" yaku="33,2" doraHai="108,95" who="2" fromWho="0" sc="125,-35,323,0,340,45,202,0" /><INIT seed="2,3,0,2,0,97" ten="90,323,385,202" oya="2" hai0="128,32,13,77,116,119,30,0,24,40,91,66,59" hai1="20,54,113,104,65,46,95,102,87,120,82,73,92" hai2="6,135,63,115,3,58,90,133,19,129,70,35,112" hai3="4,57,124,131,123,109,108,45,50,47,98,60,9"/><V111/><F35/><W75/><G123/><T51/><D0/><U99/><E113/><V55/><F129/><W84/><G75/><T74/><D128/><U103/><E73/><V121/><F121/><W105/><G131/><T21/><D91/><U36/><E120/><V49/><F111/><N who="3" m="42571" /><G84/><T96/><D96/><N who="1" m="59655" /><E36/><V83/><F19/><W18/><G18/><N who="0" m="10447" /><D74/><U76/><E104/><V101/><F101/><N who="3" m="62647" /><G50/><T39/><D77/><U79/><E65/><V114/><F90/><W22/><G22/><T106/><D106/><U67/><E67/><N who="2" m="41343" /><F83/><W48/><G48/><T14/><D39/><U10/><E10/><V107/><F107/><W29/><G29/><T34/><D34/><U16/><E46/><V15/><F115/><W17/><G17/><T23/><D66/><U122/><E122/><V41/><F114/><W44/><G124/><T38/><D38/><U52/><E76/><V130/><F130/><W5/><G9/><T43/><D59/><U93/><E95/><V89/><F112/><W126/><G126/><T1/><D51/><U117/><E117/><N who="0" m="45129" /><D1/><U28/><E28/><V8/><F3/><W62/><G57/><T37/><D37/><U25/><AGARI ba="3,0" hai="16,20,25,52,54,79,82,87,93,99,103" m="59655" machi="25" ten="30,8000,1" yaku="8,1,52,2,54,2" doraHai="97" who="1" fromWho="1" sc="90,-23,323,89,385,-43,202,-23" /><INIT seed="3,0,0,1,1,89" ten="67,412,342,179" oya="3" hai0="46,6,102,51,62,76,16,7,101,19,64,128,54" hai1="25,135,115,61,131,58,67,37,8,77,48,93,27" hai2="65,21,3,98,63,33,120,109,36,23,119,4,12" hai3="28,127,11,123,87,32,112,35,79,118,17,66,125"/><W108/><G112/><T75/><D128/><U14/><E37/><V31/><F36/><W13/><G118/><T107/><D75/><U106/><E106/><V41/><F41/><W95/><G123/><T85/><D107/><U26/><E115/><V39/><F39/><W55/><G66/><T73/><D73/><U15/><E135/><V83/><F83/><W99/><G108/><T111/><D111/><U126/><E126/><N who="3" m="48138" /><G28/><T103/><D76/><U92/><E131/><V49/><F119/><W113/><G113/><T72/><D72/><U80/><E48/><V18/><F109/><W116/><G55/><T47/><D47/><U20/><E20/><V24/><F120/><W44/><G44/><T43/><D43/><U22/><E22/><V133/><F133/><W124/><G116/><T0/><D85/><N who="1" m="48271" /><E14/><V53/><F53/><W90/><G124/><T68/><REACH who="0" step="1"/><D6/><AGARI ba="0,0" hai="6,8,15,25,26,27,58,61,67,92,93" m="48271" machi="6" ten="30,3900,0" yaku="8,1,52,2" doraHai="89" who="1" fromWho="0" sc="67,-39,412,39,342,0,179,0" owari="28,-47.2,451,55.1,342,14.2,179,-22.1" /></mjloggm>