<mjloggm ver="2.3"><GO type="225" lobby="0"/><UN n0="%E3%81%9F%E3%81%93%E2%98%86%E7%84%BC%E3%81%8D" n1="%72%61%6B%33" n2="%E3%81%A9%E3%82%8F%E3%82%93%E3%81%94" n3="%E3%83%B4%E3%83%A0%EF%BC%99%E3%81%A6" dan="16,16,16,17" rate="2092.49,2147.44,2204.07,2180.95" sx="M,M,M,M"/><TAIKYOKU oya="0"/><INIT seed="0,0,0,2,4,36" ten="250,250,250,250" oya="0" hai0="23,130,98,123,52,93,10,77,15,69,101,66,110" hai1="42,40,3,60,16,53,54,97,61,72,4,111,49" hai2="13,75,70,22,8,44,112,117,35,96,107,124,102" hai3="32,58,118,83,27,41,50,47,80,55,24,73,28"/><T88/><D123/><U11/><E72/><V108/><F112/><W85/><G118/><T90/><D130/><U57/><E111/><V78/><F35/><W76/><G24/><T63/><D77/><U5/><E5/><V31/><F108/><W14/><G14/><T95/><D110/><U129/><E129/><V116/><F70/><W51/><REACH who="3" step="1"/><G80/><REACH who="3" ten="250,250,250,240" step="2"/><T64/><D23/><U25/><E97/><V103/><F117/><W115/><G115/><T133/><D133/><U128/><E128/><V7/><F116/><W82/><G82/><T62/><D95/><U89/><E89/><V65/><F13/><W104/><G104/><T37/><D37/><U29/><E16/><V46/><F107/><W0/><G0/><T91/><D15/><U100/><E100/><V2/><F103/><W20/><G20/><T21/><D21/><U1/><E1/><V119/><F119/><W68/><G68/><T81/><D81/><U9/><E9/><V17/><F17/><W105/><G105/><T43/><D10/><U99/><E99/><V120/><F96/><W6/><G6/><T106/><D69/><U79/><E79/><V135/><F102/><W131/><G131/><T56/><D106/><U109/><E109/><V84/><F135/><W30/><G30/><T67/><D101/><U34/><REACH who="1" step="1"/><E61/><REACH who="1" ten="250,240,250,240" step="2"/><V92/><F2/><W94/><G94/><T121/><D63/><U132/><E132/><V45/><F92/><W127/><G127/><T134/><D134/><U19/><E19/><V48/><F124/><W26/><G26/><T71/><D62/><U114/><E114/><RYUUKYOKU ba="0,2" sc="250,-15,240,15,250,-15,240,15" hai1="3,4,11,25,29,34,40,42,49,53,54,57,60" hai3="27,28,32,41,47,50,51,55,58,73,76,83,85" /><INIT seed="1,1,2,5,2,24" ten="235,255,235,255" oya="1" hai0="77,121,98,63,1,86,115,30,9,42,72,59,16" hai1="22,128,47,55,45,82,11,25,34,48,37,23,134" hai2="17,10,43,62,93,32,69,52,122,118,90,26,41" hai3="127,78,133,65,94,64,75,51,6,117,46,12,123"/><U124/><E124/><V119/><F122/><W84/><G123/><T31/><D115/><U53/><E134/><V103/><F103/><W27/><G133/><T7/><D72/><U66/><E128/><V54/><F118/><W99/><G127/><T88/><D42/><U50/><E37/><V36/><F119/><W35/><G75/><T0/><D0/><U18/><E66/><V28/><F10/><N who="3" m="4183" /><G35/><T109/><D77/><U89/><E34/><V19/><F69/><W70/><G70/><T33/><D33/><U116/><E116/><V92/><F92/><W40/><G27/><T114/><D109/><U129/><E129/><V56/><F54/><W108/><G108/><T3/><D3/><U131/><E131/><V21/><F36/><W111/><G117/><T120/><D98/><U60/><E60/><V39/><F39/><W49/><G49/><T81/><D16/><N who="2" m="6218" /><F32/><W20/><G20/><T44/><D44/><U112/><E112/><V76/><F76/><W130/><G111/><T80/><D80/><U67/><E67/><V79/><F79/><W61/><G61/><T87/><D87/><AGARI ba="1,2" hai="21,26,28,41,43,52,56,62,87,90,93" m="6218" machi="87" ten="30,7700,0" yaku="8,1,52,1,54,2" doraHai="24" who="2" fromWho="0" sc="235,-80,255,0,235,100,255,0" /><INIT seed="2,0,0,0,3,83" ten="155,255,335,255" oya="2" hai0="97,101,27,10,108,50,56,0,44,98,82,9,23" hai1="111,65,104,122,105,125,99,31,61,8,128,64,130" hai2="18,45,95,37,1,68,47,135,87,132,80,21,22" hai3="100,117,54,49,20,110,28,89,121,13,109,114,126"/><V4/><F68/><W46/><G121/><T133/><D108/><N who="3" m="41577" /><G117/><T11/><D133/><N who="2" m="51274" /><F95/><W127/><G114/><T120/><D120/><U55/><E111/><V134/><F134/><W131/><G131/><T72/><D72/><U91/><E122/><V5/><F22/><W93/><G100/><T115/><D115/><U67/><E125/><N who="3" m="47626" /><G13/><T92/><D0/><U57/><E31/><V29/><F29/><W66/><G66/><T39/><D39/><U7/><E104/><V119/><F119/><W112/><G112/><T17/><D56/><U12/><E105/><V124/><F124/><W74/><G74/><T48/><D98/><U123/><E123/><V19/><F19/><W113/><G113/><T42/><D48/><U70/><E70/><V96/><F96/><W62/><G62/><T15/><REACH who="0" step="1"/><D82/><REACH who="0" ten="145,255,335,255" step="2"/><U35/><E99/><V81/><F80/><W53/><G49/><T2/><D2/><U60/><E60/><V26/><F1/><W85/><G46/><N who="2" m="17417" /><F37/><W63/><G63/><T116/><D116/><U73/><E61/><V88/><AGARI ba="0,1" hai="4,5,18,21,26,81,87,88" m="17417,51274" machi="88" ten="30,6000,0" yaku="20,1,52,1,54,1" doraHai="83" who="2" fromWho="2" sc="145,-20,255,-20,335,70,255,-20" /><INIT seed="2,1,0,5,4,100" ten="125,235,405,235" oya="2" hai0="40,3,124,27,88,135,72,104,59,15,63,95,23" hai1="17,37,66,122,115,84,45,80,75,48,127,20,35" hai2="2,18,129,62,133,65,81,1,91,99,51,11,71" hai3="52,119,4,41,42,12,9,106,83,67,121,117,69"/><V57/><F133/><W38/><G121/><T53/><D3/><U134/><E115/><V13/><F129/><W29/><G69/><T105/><D72/><U97/><E35/><V70/><F70/><W87/><G67/><T113/><D113/><U74/><E127/><V6/><F81/><W24/><G117/><T50/><D124/><U68/><E37/><V47/><F71/><W118/><G118/><T34/><D15/><U125/><E134/><V64/><F64/><W126/><G126/><T112/><D34/><U109/><E109/><V103/><F91/><W123/><G123/><T114/><D135/><U98/><E75/><V39/><F6/><W61/><G38/><T107/><D40/><U93/><E74/><V33/><F33/><W108/><G106/><T5/><D5/><U26/><E122/><V92/><F39/><W31/><G108/><T16/><REACH who="0" step="1"/><D50/><REACH who="0" ten="115,235,405,235" step="2"/><U90/><E125/><V131/><F131/><W46/><G119/><T10/><D10/><U89/><E48/><V49/><F51/><N who="3" m="27087" /><G42/><AGARI ba="1,1" hai="1,2,11,13,18,42,47,49,57,62,65,92,99,103" machi="42" ten="30,1500,0" yaku="7,1" doraHai="100" who="2" fromWho="3" sc="115,0,235,0,405,28,235,-18" /><INIT seed="2,2,0,1,1,123" ten="115,235,433,217" oya="2" hai0="75,54,104,121,80,17,115,114,76,8,42,95,92" hai1="36,43,38,83,19,11,93,41,20,66,87,52,6" hai2="84,31,89,5,106,64,135,116,29,109,57,132,131" hai3="0,56,127,79,14,112,15,60,44,69,65,24,53"/><V122/><F116/><W46/><G0/><T12/><D121/><U73/><E66/><V125/><F122/><W88/><G127/><T16/><D104/><U62/><E73/><V113/><F106/><W2/><G2/><T101/><D42/><U96/><E36/><V124/><F113/><W130/><G112/><T59/><D95/><U50/><E38/><V85/><F5/><W110/><G79/><T78/><D76/><N who="1" m="46567" /><E11/><V51/><F84/><W45/><G130/><T18/><D92/><U119/><E6/><V94/><F131/><W22/><G88/><T86/><D101/><N who="1" m="60559" /><E62/><V99/><F99/><W126/><G126/><T40/><D40/><U111/><E111/><V26/><F109/><W34/><G34/><T68/><D68/><U120/><E119/><V91/><F125/><W70/><G70/><T4/><REACH who="0" step="1"/><D75/><REACH who="0" ten="105,235,433,217" step="2"/><U129/><E120/><V82/><F94/><W27/><G110/><T3/><D3/><U72/><E72/><V133/><F124/><W97/><G97/><T35/><D35/><U47/><E129/><V77/><F135/><W71/><G71/><T107/><D107/><U55/><E41/><V9/><F133/><W61/><REACH who="3" step="1"/><G24/><AGARI ba="2,1" hai="19,20,24,43,47,50,52,55" m="60559,46567" machi="24" ten="30,2000,0" yaku="8,1,54,1" doraHai="123" who="1" fromWho="3" sc="105,0,235,36,433,0,217,-26" /><INIT seed="3,0,0,2,4,0" ten="105,271,433,191" oya="3" hai0="111,85,103,46,84,49,14,65,125,31,19,104,60" hai1="37,112,56,54,33,75,6,73,115,107,82,30,43" hai2="38,77,119,132,95,123,101,97,39,1,63,114,72" hai3="117,24,135,129,9,108,71,50,13,120,40,127,12"/><W76/><G71/><T68/><D111/><U48/><E107/><V110/><F119/><W105/><G117/><T99/><D125/><U21/><E33/><V62/><F114/><W74/><G120/><T29/><D31/><U55/><E55/><V90/><F1/><W130/><G105/><T70/><D68/><U18/><E30/><V16/><F39/><W88/><G127/><T79/><D79/><U51/><E37/><V20/><F38/><W44/><G108/><T45/><D45/><U35/><E35/><V57/><F110/><W8/><G135/><T86/><D86/><U87/><E75/><V15/><F132/><W66/><G24/><T47/><D46/><U59/><E73/><V41/><F41/><W2/><G2/><T67/><D65/><U78/><E43/><V36/><F36/><W83/><G66/><T102/><D103/><U26/><E51/><V134/><F134/><W89/><G13/><T128/><D128/><N who="3" m="49257" /><G8/><T116/><D116/><U4/><E115/><V3/><F3/><W122/><G122/><T34/><D19/><AGARI ba="0,0" hai="9,12,19,40,44,50,74,76,83,88,89" m="49257" machi="19" ten="30,2900,0" yaku="19,1,54,1" doraHai="0" who="3" fromWho="0" sc="105,-29,271,0,433,0,191,29" /><INIT seed="3,1,0,2,4,7" ten="76,271,433,220" oya="3" hai0="19,13,86,108,96,25,100,79,103,63,81,115,76" hai1="131,11,9,45,39,10,92,49,24,90,47,31,95" hai2="64,104,102,112,116,73,91,128,78,97,20,65,23" hai3="132,30,48,120,101,4,58,121,110,2,93,133,54"/><W32/><G32/><T17/><D63/><U16/><E131/><V74/><F112/><W130/><G30/><T36/><D115/><U0/><E39/><V134/><F116/><W61/><G130/><T123/><D108/><U111/><E111/><V38/><F38/><W82/><G110/><T83/><D123/><U1/><E47/><V84/><F128/><W60/><G82/><N who="0" m="31243" /><D36/><U14/><E0/><V70/><F134/><N who="3" m="51819" /><G120/><T85/><D25/><U8/><E1/><V12/><F74/><W35/><G35/><T56/><D13/><U124/><E124/><V129/><F78/><N who="0" m="29738" /><D56/><U107/><E107/><V37/><F73/><W67/><G121/><T18/><D96/><U34/><REACH who="1" step="1"/><E90/><REACH who="1" ten="76,261,433,220" step="2"/><V66/><F91/><W126/><G126/><T125/><D125/><U41/><AGARI ba="1,1" hai="8,9,10,11,14,16,24,31,34,41,45,49,92,95" machi="41" ten="30,16000,3" yaku="1,1,2,1,0,1,52,4,54,1,53,0" doraHai="7" doraHaiUra="50" who="1" fromWho="1" sc="76,-41,261,173,433,-41,220,-81" owari="35,-46.5,434,53.4,392,19.2,139,-26.1" /></mjloggm>