<mjloggm ver="2.3"><GO type="225" lobby="0"/><UN n0="%E3%82%A2%E3%83%BC%E3%83%A2%E3%83%AD%E3%83%BC%E3%83%B4%E3%82%A1" n1="%E3%83%A9%E3%83%96%E3%83%AC%E3%83%BC" n2="%E4%B8%AD%E5%B9%B4%E3%81%AE%E5%8D%B1%E6%A9%9F" n3="%E3%81%AF%E3%82%88%E3%81%8A%E3%81%98%E3%81%95%E3%82%93" dan="16,18,16,16" rate="2105.93,2232.49,2119.87,2202.19" sx="M,M,M,M"/><TAIKYOKU oya="0"/><INIT seed="0,0,0,3,1,84" ten="250,250,250,250" oya="0" hai0="35,63,43,121,98,18,81,77,132,62,131,88,105" hai1="74,37,39,101,130,87,120,108,45,47,19,21,66" hai2="26,112,71,68,3,91,123,113,86,93,72,64,134" hai3="58,28,59,4,124,115,78,44,135,14,23,82,60"/><T76/><D121/><U104/><E74/><V8/><F123/><W22/><G115/><T16/><D35/><U25/><E120/><V92/><F134/><W17/><G135/><T51/><D132/><U1/><E1/><V65/><F72/><W94/><G124/><T73/><D131/><U106/><E66/><V20/><F112/><W36/><G4/><T32/><D32/><U13/><E101/><V33/><F33/><W27/><G36/><T96/><D105/><U99/><E99/><N who="0" m="37929" /><D73/><U10/><E108/><V53/><F113/><W116/><G116/><T125/><D125/><U80/><E39/><V83/><F68/><W5/><G5/><T9/><D51/><U31/><E130/><V75/><F8/><W49/><G94/><N who="2" m="36457" /><F75/><W109/><G109/><T6/><D43/><U117/><E117/><V48/><F71/><W111/><G111/><T110/><D110/><U34/><E34/><V42/><F42/><N who="3" m="24727" /><G60/><N who="0" m="23083" /><D6/><U15/><E106/><V129/><F3/><W30/><G28/><T127/><D127/><U50/><E37/><V126/><F129/><W2/><G2/><T54/><D54/><N who="1" m="30031" /><E104/><V100/><F126/><W29/><G30/><T57/><D57/><U41/><E47/><N who="2" m="27807" /><F100/><W133/><G133/><T46/><D46/><U89/><E41/><V79/><F64/><W90/><G90/><T67/><D67/><U114/><E114/><V0/><F65/><W12/><G58/><T69/><D69/><U52/><E52/><V103/><F0/><W61/><G59/><T11/><D76/><U122/><E122/><V107/><F107/><W70/><G70/><RYUUKYOKU ba="0,0" sc="250,-10,250,30,250,-10,250,-10" hai1="10,13,15,19,21,25,31,80,87,89" /><INIT seed="1,1,0,1,5,45" ten="240,280,240,240" oya="1" hai0="61,76,20,29,59,48,10,55,127,92,1,41,97" hai1="12,2,71,86,114,53,64,79,78,87,5,73,99" hai2="26,124,66,44,96,104,17,83,46,132,80,72,49" hai3="135,47,105,126,84,110,38,36,3,16,91,18,14"/><U33/><E2/><V125/><F132/><W60/><G3/><T94/><D127/><N who="2" m="48714" /><F66/><W133/><G105/><T112/><D112/><U15/><E33/><V118/><F118/><W107/><G107/><T123/><D123/><U81/><E114/><V68/><F68/><W34/><G126/><T95/><D76/><U69/><E99/><V100/><F72/><W115/><G115/><T32/><D32/><U22/><E22/><N who="2" m="13647" /><F44/><W108/><G60/><T0/><D10/><U129/><E129/><V56/><F56/><W113/><G34/><T67/><D41/><AGARI ba="1,0" hai="41,46,49,80,83,96,100,104" m="13647,48714" machi="41" ten="30,2000,0" yaku="18,1,52,1" doraHai="45" who="2" fromWho="0" sc="240,-23,280,0,240,23,240,0" /><INIT seed="2,0,0,0,0,19" ten="217,280,263,240" oya="2" hai0="14,96,13,10,69,85,129,6,127,0,83,12,89" hai1="86,135,124,106,80,125,95,31,2,123,42,70,82" hai2="113,30,87,132,101,20,93,133,23,116,9,88,114" hai3="97,59,98,47,53,45,22,91,49,39,1,33,18"/><V16/><F116/><W26/><G1/><T27/><D129/><U72/><E70/><V81/><F113/><W32/><G32/><T63/><D127/><U75/><E2/><V122/><F114/><W28/><G39/><T55/><D96/><U52/><E42/><V54/><F122/><W44/><REACH who="3" step="1"/><G91/><REACH who="3" ten="217,280,263,230" step="2"/><T24/><REACH who="0" step="1"/><D55/><REACH who="0" ten="207,280,263,230" step="2"/><U77/><E52/><V90/><F133/><W43/><G43/><T92/><D92/><U130/><E95/><V48/><F132/><W78/><G78/><T56/><D56/><U103/><E77/><V110/><F90/><W17/><G17/><T94/><D94/><U62/><E135/><V73/><F30/><W128/><G128/><T102/><D102/><U25/><E103/><V107/><F107/><W41/><G41/><T105/><D105/><U120/><E106/><V8/><F101/><W99/><G99/><T36/><D36/><U84/><E130/><V100/><F100/><W108/><G108/><T50/><D50/><U51/><E51/><V79/><F110/><W115/><G115/><T67/><AGARI ba="0,2" hai="0,6,10,12,13,14,24,27,63,67,69,83,85,89" machi="67" ten="30,2000,0" yaku="1,1,0,1,53,0" doraHai="19" doraHaiUra="29" who="0" fromWho="0" sc="207,40,280,-5,263,-10,230,-5" /><INIT seed="3,0,0,5,0,75" ten="247,275,253,225" oya="3" hai0="107,76,23,112,62,130,69,9,106,66,93,79,74" hai1="56,78,99,92,133,19,72,131,129,22,18,50,21" hai2="4,123,20,117,127,28,90,132,108,46,126,114,118" hai3="12,52,38,68,134,119,100,14,110,16,59,36,44"/><W111/><G119/><N who="2" m="45577" /><F46/><W32/><G68/><T27/><D130/><N who="1" m="49675" /><E133/><V0/><F90/><W88/><G134/><T10/><D112/><U41/><E41/><V101/><F101/><W67/><G32/><T43/><D93/><U91/><E56/><V1/><F132/><W8/><G100/><T53/><D74/><U11/><E50/><V2/><F114/><W37/><G12/><T40/><D53/><U49/><E49/><V35/><F123/><W42/><G67/><T51/><D51/><U47/><E47/><V34/><F4/><W71/><G71/><T64/><D69/><U6/><E92/><V98/><F98/><W124/><G88/><T96/><D96/><U95/><E95/><V30/><F108/><N who="3" m="41515" /><G124/><N who="2" m="47657" /><F20/><N who="1" m="7785" /><E99/><V81/><F81/><W17/><G17/><T120/><D23/><U97/><E97/><V48/><F48/><AGARI ba="0,0" hai="8,14,16,36,37,38,42,44,48,52,59" m="41515" machi="48" ten="30,11600,0" yaku="14,1,10,1,54,2" doraHai="75" who="3" fromWho="2" sc="247,0,275,0,253,-116,225,116" owari="247,-15.3,275,7.5,137,-36.3,341,44.1" /></mjloggm>