<mjloggm ver="2.3"><GO type="225" lobby="0"/><UN n0="%65%6B%61%72%75%74%65" n1="%E6%80%AA%E3%81%97%E3%81%99%E3%81%8E%E3%82%8B%E3%83%81%E3%83%BC" n2="%6D%75%75%6D%75%72%61" n3="%6E%69%63%6B%6C%6F%77" dan="16,16,16,16" rate="2115.48,2138.97,2219.87,2108.26" sx="M,M,F,M"/><TAIKYOKU oya="0"/><INIT seed="0,0,0,0,5,84" ten="250,250,250,250" oya="0" hai0="58,49,53,100,75,35,114,97,16,17,21,46,76" hai1="83,89,55,133,104,28,106,120,111,77,22,64,61" hai2="42,37,86,34,99,82,54,27,25,124,43,10,40" hai3="135,117,110,73,20,33,105,5,109,91,132,56,98"/><T29/><D114/><U126/><E120/><V36/><F124/><W88/><G33/><T24/><D75/><U1/><E126/><V6/><F54/><W13/><G73/><T125/><D76/><U71/><E111/><N who="3" m="42506" /><G117/><T116/><D125/><U103/><E133/><N who="3" m="51274" /><G56/><T122/><D122/><U79/><E1/><V123/><F123/><W102/><G20/><T41/><D35/><U32/><E55/><V9/><F99/><W66/><G66/><T63/><REACH who="0" step="1"/><D116/><REACH who="0" ten="240,250,250,250" step="2"/><U7/><E32/><V87/><F34/><W18/><G18/><T48/><D48/><U31/><E77/><V101/><F36/><W39/><G39/><T38/><D38/><U130/><E79/><V2/><F37/><W72/><G72/><T69/><D69/><U129/><E71/><V3/><F6/><W51/><G51/><T30/><D30/><U59/><E28/><V113/><F113/><W23/><G23/><T52/><D52/><U80/><E7/><V118/><F118/><W115/><G115/><T70/><D70/><U128/><E22/><V12/><F43/><W95/><G105/><AGARI ba="0,1" hai="16,17,21,24,29,41,46,49,53,58,63,97,100,105" machi="105" ten="30,5800,0" yaku="1,1,7,1,54,1,53,0" doraHai="84" doraHaiUra="67" who="0" fromWho="3" sc="240,68,250,0,250,0,250,-58" /><INIT seed="0,1,0,5,5,55" ten="308,250,250,192" oya="0" hai0="116,90,32,129,40,54,36,72,58,101,92,11,96" hai1="104,20,84,16,51,128,3,39,111,108,123,119,60" hai2="105,76,78,24,64,102,29,9,122,0,46,61,74" hai3="25,118,26,1,70,114,50,77,83,117,2,52,110"/><T12/><D116/><U93/><E119/><V65/><F122/><W87/><G114/><T27/><D129/><U34/><E39/><V113/><F113/><W73/><G118/><T47/><D72/><U18/><E104/><V80/><F78/><W127/><G117/><T10/><D32/><U132/><E34/><V37/><F105/><W49/><G70/><T126/><D126/><U100/><E123/><V97/><F37/><W75/><G110/><N who="1" m="42026" /><E3/><V94/><F46/><W112/><G112/><T7/><D27/><U86/><E128/><V48/><F48/><W38/><G38/><T43/><D11/><U130/><E132/><V15/><F0/><W67/><G67/><T57/><D43/><U81/><E51/><V68/><F64/><W5/><G1/><T134/><D134/><U6/><E6/><V85/><F74/><W89/><G127/><T44/><REACH who="0" step="1"/><D101/><REACH who="0" ten="298,250,250,192" step="2"/><U79/><E130/><V56/><F9/><W98/><G73/><T17/><D17/><U125/><E18/><V4/><F4/><W53/><G75/><T30/><D30/><U63/><E125/><V19/><F19/><W66/><G2/><T131/><D131/><U95/><E100/><V103/><F102/><W82/><G5/><T99/><D99/><U45/><E16/><V133/><F133/><W121/><G121/><T69/><D69/><U115/><E115/><V71/><F15/><W109/><G109/><T106/><D106/><U62/><E86/><V124/><F124/><W42/><G98/><T41/><D41/><U21/><E45/><V31/><F29/><W14/><G42/><RYUUKYOKU ba="1,1" sc="298,10,250,10,250,10,192,-30" hai0="7,10,12,36,40,44,47,54,57,58,90,92,96" hai1="20,21,60,62,63,79,81,84,93,95" hai2="24,31,56,61,65,68,71,76,80,85,94,97,103" /><INIT seed="0,2,1,0,4,49" ten="308,260,260,162" oya="0" hai0="24,107,79,128,103,102,126,7,33,119,34,56,118" hai1="110,20,6,12,133,129,64,39,25,82,59,47,91" hai2="98,99,108,28,53,48,54,13,22,90,55,63,37" hai3="27,18,73,122,123,14,130,71,87,132,93,23,3"/><T11/><D126/><U38/><E110/><V120/><F120/><W101/><G71/><T66/><D128/><U70/><E129/><V121/><F37/><W0/><G130/><T44/><D79/><U86/><E133/><V30/><F121/><N who="3" m="46091" /><G73/><T135/><D135/><U16/><E70/><V116/><F108/><W104/><G132/><T92/><D107/><U52/><E47/><N who="2" m="27807" /><F116/><W109/><G109/><T1/><D44/><U72/><E72/><V43/><F43/><W46/><G46/><T96/><D102/><U77/><E64/><V68/><F68/><W31/><G104/><T19/><D19/><U69/><E69/><V95/><F63/><W40/><G40/><T45/><D45/><U35/><E35/><V112/><F112/><W42/><G42/><T8/><D8/><U117/><E117/><V10/><F99/><N who="3" m="59631" /><G87/><T81/><D81/><U21/><E77/><V89/><F89/><W67/><G67/><T15/><D66/><U80/><E80/><V32/><F32/><AGARI ba="2,1" hai="0,3,14,18,23,27,31,32" m="59631,46091" machi="32" ten="30,1000,0" yaku="13,1" doraHai="49" who="3" fromWho="2" sc="308,0,260,0,260,-16,162,26" /><INIT seed="1,0,0,1,1,42" ten="308,260,244,188" oya="1" hai0="79,92,61,45,67,28,29,74,109,19,100,125,23" hai1="99,35,4,69,96,14,88,1,43,21,105,78,91" hai2="101,33,63,52,6,13,77,106,7,89,41,68,64" hai3="51,127,134,11,38,70,103,24,97,98,95,129,3"/><U71/><E35/><V72/><F33/><W132/><G38/><T65/><D109/><U130/><E130/><V82/><F41/><W10/><G70/><T53/><D125/><U20/><E43/><V2/><F2/><W115/><G115/><T107/><D107/><U111/><E105/><V131/><F131/><W80/><G129/><T121/><D121/><U50/><E78/><V49/><F89/><W9/><G3/><T73/><D73/><U8/><E111/><V108/><F108/><W75/><G127/><T85/><D74/><U48/><E1/><V5/><F106/><W76/><G24/><T128/><D128/><U133/><E14/><V59/><REACH who="2" step="1"/><F101/><REACH who="2" ten="308,260,234,188" step="2"/><W112/><G112/><T27/><D100/><U83/><E83/><V36/><F36/><W81/><G98/><T93/><D93/><U104/><E104/><V84/><F84/><W58/><G81/><T32/><D85/><U87/><E87/><V90/><F90/><W113/><G113/><T12/><D92/><U22/><E96/><V135/><F135/><W122/><G122/><T54/><D32/><U116/><E133/><V0/><F0/><W114/><G114/><T118/><D118/><U102/><E116/><V46/><F46/><W31/><G134/><T119/><D45/><U34/><E34/><V18/><F18/><W86/><G132/><T25/><D19/><U126/><E126/><V37/><F37/><W26/><G75/><T40/><D40/><U39/><E39/><V15/><AGARI ba="0,1" hai="5,6,7,13,15,49,52,59,63,64,68,72,77,82" machi="15" ten="30,7900,0" yaku="1,1,0,1,54,1,53,1" doraHai="42" doraHaiUra="55" who="2" fromWho="2" sc="308,-20,260,-39,234,89,188,-20" /><INIT seed="2,0,0,2,0,86" ten="288,221,323,168" oya="2" hai0="122,5,135,70,62,66,24,83,50,35,43,10,119" hai1="87,65,96,118,28,60,121,47,101,33,78,107,82" hai2="133,75,120,81,16,129,127,100,103,112,37,88,57" hai3="1,84,85,36,79,52,17,22,7,56,64,59,73"/><V12/><F112/><W80/><G36/><T114/><D122/><U54/><E118/><V67/><F120/><W29/><G1/><T49/><D114/><U20/><E121/><V71/><F71/><W95/><G7/><T68/><D135/><U113/><E113/><V44/><F133/><W115/><G115/><T126/><D126/><U124/><E124/><V123/><F127/><W48/><G73/><T42/><D70/><U8/><E8/><V111/><F75/><W105/><G105/><T9/><D9/><U53/><E20/><N who="2" m="11271" /><F37/><W72/><G29/><T31/><D119/><U106/><E47/><V125/><F123/><W104/><G104/><T39/><D83/><U69/><REACH who="1" step="1"/><E106/><REACH who="1" ten="288,211,323,168" step="2"/><V23/><F125/><W45/><G72/><T27/><D10/><U99/><E99/><V109/><F44/><W130/><G130/><T61/><D35/><U74/><E74/><V131/><F131/><W11/><G11/><T63/><D39/><U117/><E117/><V4/><F129/><W128/><G128/><T6/><D6/><U55/><E55/><V108/><F4/><W32/><G32/><T0/><D5/><U2/><E2/><V76/><F23/><W132/><G132/><T34/><D0/><U14/><E14/><V58/><F67/><W25/><REACH who="3" step="1"/><G64/><REACH who="3" ten="288,211,323,158" step="2"/><T93/><D66/><U110/><E110/><V21/><F111/><W46/><G46/><T134/><D134/><U94/><E94/><V90/><F109/><W41/><G41/><N who="0" m="15371" /><D93/><U98/><E98/><V116/><F108/><W97/><G97/><T18/><D34/><U13/><E13/><RYUUKYOKU ba="0,2" sc="288,-15,211,15,323,-15,158,15" hai1="28,33,53,54,60,65,69,78,82,87,96,101,107" hai3="17,22,25,45,48,52,56,59,79,80,84,85,95" /><INIT seed="3,1,2,5,2,127" ten="273,226,308,173" oya="3" hai0="17,57,12,59,27,4,48,29,86,129,53,68,33" hai1="75,16,134,96,9,62,84,120,77,131,50,69,72" hai2="40,106,107,118,31,45,117,102,81,44,71,1,38" hai3="11,0,104,99,36,100,3,14,58,80,63,111,64"/><W108/><G36/><T132/><D129/><U101/><E131/><V54/><F1/><W19/><REACH who="3" step="1"/><G80/><REACH who="3" ten="273,226,308,163" step="2"/><T128/><D128/><U56/><E120/><V30/><F38/><W52/><G52/><T121/><D53/><U116/><E116/><V15/><F54/><W66/><G66/><T114/><D121/><U98/><E72/><V119/><F119/><W13/><G13/><T103/><D12/><U113/><E75/><V47/><F15/><W94/><G94/><T88/><D114/><U43/><E113/><V126/><F117/><W26/><G26/><T123/><D27/><U34/><E43/><V97/><F118/><W32/><G32/><T67/><D33/><U46/><E34/><V95/><F40/><W2/><AGARI ba="1,3" hai="0,2,3,11,14,19,58,63,64,99,100,104,108,111" machi="2" ten="40,7800,0" yaku="1,1,0,1,53,1" doraHai="127" doraHaiUra="92" who="3" fromWho="3" sc="273,-27,226,-27,308,-27,163,111" /><INIT seed="3,2,0,5,2,76" ten="246,199,281,274" oya="3" hai0="52,81,63,107,6,86,15,43,89,121,55,46,64" hai1="106,22,1,24,100,18,7,60,98,35,68,40,133" hai2="119,116,5,54,71,114,12,104,3,2,9,130,94" hai3="30,85,53,92,11,134,48,38,123,87,33,58,39"/><W101/><G123/><T56/><D107/><U42/><E133/><V57/><F104/><W115/><G115/><T72/><D72/><U61/><E61/><V62/><F114/><W67/><G134/><T59/><D121/><U10/><REACH who="1" step="1"/><E35/><REACH who="1" ten="246,189,281,274" step="2"/><V129/><F62/><W13/><G33/><T88/><D64/><AGARI ba="2,1" hai="1,7,10,18,22,24,40,42,60,64,68,98,100,106" machi="64" ten="40,2600,0" yaku="1,1,2,1,53,0" doraHai="76" doraHaiUra="126" who="1" fromWho="0" sc="246,-32,189,42,281,0,274,0" /><INIT seed="4,0,0,4,1,80" ten="214,231,281,274" oya="0" hai0="69,0,94,82,51,123,18,93,52,29,111,8,28" hai1="64,107,70,58,42,13,81,26,11,25,20,12,129" hai2="77,122,104,114,135,78,106,23,128,97,35,50,21" hai3="105,38,124,120,39,121,68,40,46,41,32,36,101"/><T60/><D123/><N who="3" m="47177" /><G32/><T83/><D111/><U103/><E107/><V34/><F122/><W87/><G105/><T130/><D130/><U15/><E129/><V48/><F128/><W84/><G101/><T17/><D69/><U72/><E70/><V54/><F114/><W62/><G124/><T100/><D60/><N who="1" m="37911" /><E72/><V44/><F135/><W95/><G95/><N who="0" m="36363" /><D0/><U47/><E103/><V30/><F54/><W132/><G132/><T2/><D2/><U116/><E81/><N who="0" m="30729" /><D100/><U37/><E37/><N who="3" m="14442" /><G40/><T7/><D7/><N who="1" m="3199" /><E116/><V85/><F44/><W115/><G115/><T98/><D98/><U49/><E25/><V10/><F97/><W90/><G90/><T108/><D108/><U125/><E125/><V113/><F113/><W91/><G91/><T3/><D3/><U53/><E42/><V112/><F112/><W88/><G88/><T79/><D79/><U119/><E119/><V99/><F99/><W89/><G89/><T63/><D63/><U67/><E67/><AGARI ba="0,0" hai="39,41,46,62,67,68,84,87" m="14442,47177" machi="67" ten="30,3900,0" yaku="13,1,52,2" doraHai="80" who="3" fromWho="1" sc="214,0,231,-39,281,0,274,39" owari="214,-18.6,192,-30.8,281,8.1,313,41.3" /></mjloggm>