<mjloggm ver="2.3"><GO type="225" lobby="0"/><UN n0="%72%69%6F%75%63%68%61%6E" n1="%72%61%6B%33" n2="%E3%81%B5%E3%81%98%E3%81%8B%E3%81%A4" n3="%E3%81%99%E3%81%84%E3%81%BE%E3%81%9B%E3%83%BC%E3%82%93" dan="16,16,16,18" rate="2148.78,2093.33,2174.38,2184.02" sx="M,M,M,M"/><TAIKYOKU oya="0"/><INIT seed="0,0,0,0,3,32" ten="250,250,250,250" oya="0" hai0="44,130,134,19,33,42,94,53,90,24,64,62,123" hai1="102,55,6,3,26,0,127,39,29,47,115,34,101" hai2="126,17,10,108,31,20,114,74,12,104,52,65,77" hai3="36,21,46,70,87,107,117,97,88,81,57,128,75"/><T9/><D123/><U56/><E127/><V23/><F114/><W54/><G70/><T27/><D130/><U91/><E115/><V67/><F104/><W66/><G117/><T135/><D53/><U132/><E132/><N who="0" m="50729" /><D33/><U89/><E102/><V41/><F126/><W40/><G128/><T30/><D30/><U58/><E101/><V111/><F41/><W37/><G66/><N who="2" m="25097" /><F77/><W83/><G21/><T100/><D100/><U60/><E58/><V11/><F74/><W59/><G36/><N who="0" m="21575" /><D19/><U5/><E39/><V45/><F31/><W98/><G107/><T25/><D9/><U80/><E47/><V105/><F10/><W63/><REACH who="3" step="1"/><G59/><REACH who="3" ten="250,250,250,240" step="2"/><N who="0" m="36959" /><D24/><U109/><E26/><V51/><F105/><W48/><G48/><T22/><D22/><U61/><E34/><V118/><F118/><W73/><G73/><T86/><AGARI ba="0,1" hai="25,27,86,90,94" m="36959,21575,50729" machi="86" ten="30,1500,0" yaku="20,1" doraHai="32" who="0" fromWho="0" sc="250,25,250,-5,250,-5,240,-5" /><INIT seed="0,1,0,0,1,93" ten="275,245,245,235" oya="0" hai0="4,132,122,24,31,127,126,83,106,6,39,52,109" hai1="89,76,34,99,0,2,113,94,21,107,53,59,12" hai2="131,40,135,81,92,63,25,16,105,72,95,85,27" hai3="13,115,29,60,33,58,102,8,17,3,133,119,74"/><T97/><D122/><U108/><E108/><V128/><F40/><W67/><G115/><T1/><D39/><U55/><E34/><V68/><F105/><W121/><G119/><T38/><D38/><U57/><E113/><V45/><F45/><W5/><G74/><T118/><D118/><U120/><E120/><V32/><F72/><W124/><G121/><T43/><D43/><U114/><E114/><V56/><F68/><W111/><G111/><T103/><D109/><U10/><E76/><V116/><F116/><W84/><G124/><N who="0" m="47659" /><D1/><U123/><E123/><V134/><F32/><W11/><G133/><N who="2" m="50697" /><F27/><W22/><G102/><T19/><D19/><U77/><E77/><N who="2" m="46255" /><F16/><W73/><G73/><T79/><D132/><U9/><E107/><V46/><F25/><N who="3" m="18607" /><G11/><T71/><D71/><U96/><E21/><V28/><F28/><W100/><G100/><T91/><D91/><U54/><E9/><V70/><F46/><W51/><G84/><N who="0" m="48255" /><D52/><U130/><E54/><N who="2" m="34199" /><F70/><W90/><G90/><T20/><AGARI ba="1,0" hai="4,6,20,24,31,97,103,106" m="48255,47659" machi="20" ten="30,3000,0" yaku="18,1,52,1" doraHai="93" who="0" fromWho="0" sc="275,33,245,-11,245,-11,235,-11" /><INIT seed="0,2,0,4,1,131" ten="308,234,234,224" oya="0" hai0="55,132,5,58,49,75,73,30,133,20,111,11,110" hai1="6,72,46,61,44,24,116,95,56,21,31,106,60" hai2="122,78,41,69,128,119,97,29,48,32,81,113,70" hai3="126,91,68,67,115,83,50,3,86,77,118,53,33"/><T47/><D47/><U98/><E116/><V112/><F97/><W135/><G118/><T96/><D96/><U89/><E72/><N who="0" m="27721" /><D20/><U13/><E106/><V10/><F10/><W8/><G115/><T71/><D30/><U104/><E104/><V25/><F122/><W100/><G33/><T103/><D71/><U87/><E61/><V93/><F119/><W40/><G126/><T76/><D76/><U101/><E6/><V59/><F93/><W57/><G100/><T84/><D84/><U99/><E13/><V17/><F128/><W34/><G34/><T121/><D103/><U1/><E1/><V42/><F17/><W15/><G3/><N who="0" m="447" /><D121/><U9/><E9/><V124/><F124/><W26/><G26/><T107/><D107/><U37/><E37/><V92/><F69/><W51/><G68/><T79/><D79/><U88/><E99/><V45/><F70/><W105/><G105/><T39/><D39/><U28/><E28/><V43/><F59/><W62/><G77/><T22/><D22/><U12/><E12/><V80/><F92/><W14/><G14/><T127/><D127/><U94/><REACH who="1" step="1"/><E89/><REACH who="1" ten="308,224,234,224" step="2"/><V7/><F7/><N who="3" m="3487" /><G51/><T23/><D23/><U82/><E82/><V63/><F81/><W109/><G50/><T125/><D125/><U54/><AGARI ba="2,1" hai="21,24,31,44,46,54,56,60,87,88,94,95,98,101" machi="54" ten="20,12000,2" yaku="1,1,0,1,7,1,8,1,54,1,53,1" doraHai="131" doraHaiUra="27" who="1" fromWho="1" sc="308,-62,224,136,234,-32,224,-32" /><INIT seed="1,0,0,2,0,32" ten="246,360,202,192" oya="1" hai0="5,14,20,135,22,2,87,77,4,9,119,102,123" hai1="24,68,16,49,31,75,67,70,90,11,116,114,132" hai2="52,45,72,42,92,50,71,80,47,84,133,78,130" hai3="26,134,74,36,29,7,99,1,25,97,0,115,64"/><U44/><E114/><V83/><F133/><W54/><G115/><T118/><D102/><U17/><E116/><N who="0" m="44585" /><D87/><U112/><E112/><V35/><F130/><W61/><G36/><T89/><D89/><U10/><E75/><V28/><F71/><W86/><G74/><T39/><D77/><U57/><E70/><V13/><F92/><W94/><G134/><T69/><D39/><U101/><E68/><V19/><F35/><W104/><G54/><T82/><D82/><U107/><E90/><V122/><F28/><W76/><G7/><N who="0" m="1271" /><D69/><U55/><E107/><V38/><F122/><W51/><G51/><T124/><D135/><U88/><E101/><V48/><F38/><W12/><G104/><T41/><D41/><U43/><E67/><V46/><F46/><W93/><G76/><T6/><D123/><U59/><E59/><V63/><F63/><W81/><G61/><T62/><D62/><U109/><E57/><V120/><F120/><W53/><G64/><T37/><D37/><U65/><E65/><V96/><F96/><W73/><G73/><T113/><D113/><U79/><E44/><V56/><F56/><W111/><G99/><T23/><D124/><U125/><E125/><V33/><F33/><W108/><G97/><T8/><AGARI ba="0,0" hai="4,5,6,8,14,20,22,23" m="1271,44585" machi="8" ten="40,5200,0" yaku="34,2,52,1" doraHai="32" who="0" fromWho="0" sc="246,52,360,-26,202,-13,192,-13" /><INIT seed="2,0,0,5,2,32" ten="298,334,189,179" oya="2" hai0="60,88,107,26,3,57,24,61,113,41,69,59,14" hai1="70,75,99,112,67,109,87,104,126,85,63,37,30" hai2="93,39,53,84,33,133,118,17,47,28,36,20,129" hai3="8,5,6,122,92,49,18,116,132,121,68,115,40"/><V35/><F118/><W110/><G116/><T73/><D113/><U58/><E75/><V83/><F133/><W50/><G68/><T89/><D107/><U4/><E37/><V65/><F129/><W135/><G115/><T128/><D73/><U43/><E43/><V78/><F65/><W31/><G31/><T52/><D69/><U86/><E126/><V98/><F28/><W81/><G110/><T101/><D3/><U10/><E30/><V38/><F53/><W0/><G81/><T34/><D34/><U76/><E109/><V27/><REACH who="2" step="1"/><F47/><REACH who="2" ten="298,334,179,179" step="2"/><N who="3" m="25831" /><G122/><T127/><D128/><U108/><E67/><V2/><F2/><W64/><G64/><N who="0" m="38927" /><D127/><U29/><E29/><V56/><F56/><W12/><G121/><T74/><D41/><U90/><E58/><V95/><F95/><W45/><G92/><T97/><D52/><U77/><E108/><V23/><F23/><W111/><G111/><T25/><D59/><U54/><E54/><V79/><F79/><W16/><G135/><T72/><D61/><U48/><E63/><V7/><F7/><N who="3" m="3103" /><G132/><T82/><D82/><U22/><E22/><V91/><AGARI ba="0,1" hai="17,20,27,33,35,36,38,39,78,83,84,91,93,98" machi="91" ten="30,3000,0" yaku="1,1,0,1,53,0" doraHai="32" doraHaiUra="114" who="2" fromWho="2" sc="298,-10,334,-10,179,40,179,-10" /><INIT seed="2,1,0,0,2,121" ten="288,324,219,169" oya="2" hai0="14,55,67,61,92,51,58,96,27,38,75,107,6" hai1="89,66,36,120,53,85,76,117,114,82,106,65,45" hai2="1,63,26,44,81,62,54,18,87,9,78,12,98" hai3="79,133,131,99,20,42,113,122,41,102,43,7,35"/><V86/><F1/><W135/><G35/><T50/><D75/><U128/><E114/><V95/><F87/><W77/><G122/><T15/><D38/><U40/><E117/><V48/><REACH who="2" step="1"/><F26/><REACH who="2" ten="288,324,209,169" step="2"/><W16/><G113/><T105/><D27/><U52/><E120/><V2/><F2/><W68/><G131/><T32/><D15/><U134/><E128/><V25/><F25/><N who="3" m="14471" /><G7/><T100/><D32/><U90/><E85/><V24/><F24/><W127/><G127/><T84/><D84/><U91/><E134/><N who="3" m="51210" /><G68/><T13/><D13/><U132/><E132/><V70/><F70/><W69/><G69/><T129/><D129/><U93/><E82/><V103/><AGARI ba="1,1" hai="9,12,18,44,48,54,62,63,78,81,86,95,98,103" machi="103" ten="20,12000,1" yaku="1,1,0,1,7,1,8,1,53,1" doraHai="121" doraHaiUra="94" who="2" fromWho="2" sc="288,-41,324,-41,209,133,169,-41" /><INIT seed="2,2,0,1,4,13" ten="247,283,342,128" oya="2" hai0="104,15,97,121,60,55,49,95,72,109,67,22,63" hai1="54,102,64,46,29,11,88,112,84,28,23,35,132" hai2="115,82,32,24,33,75,7,1,103,100,129,89,59" hai3="38,105,0,53,106,16,73,62,66,8,61,39,37"/><V69/><F69/><W101/><G73/><T19/><D121/><U130/><E112/><V21/><F115/><W118/><G118/><T4/><D72/><U52/><E130/><V71/><F71/><W44/><G101/><T122/><D122/><U125/><E35/><V5/><F129/><W119/><G119/><T99/><D109/><U126/><E64/><V124/><F124/><N who="1" m="47721" /><E132/><V96/><F103/><W58/><G0/><T56/><D104/><U12/><E102/><V87/><F75/><W114/><G114/><T10/><D95/><N who="1" m="54663" /><E23/><V134/><F134/><W80/><G80/><T111/><D111/><U17/><E46/><V65/><F65/><W76/><G76/><T9/><D9/><U31/><AGARI ba="2,0" hai="11,12,17,28,29,31,52,54" m="54663,47721" machi="31" ten="30,7900,0" yaku="18,1,52,1,54,2" doraHai="13" who="1" fromWho="1" sc="247,-22,283,85,342,-41,128,-22" /><INIT seed="3,0,0,5,0,89" ten="225,368,301,106" oya="3" hai0="32,62,82,98,44,66,125,63,49,93,9,7,2" hai1="38,54,101,61,57,50,47,108,130,46,133,116,37" hai2="16,22,112,105,24,27,6,132,94,76,70,75,91" hai3="74,85,5,78,8,126,10,14,117,12,84,110,99"/><W21/><G117/><T80/><D32/><U20/><E101/><V123/><F112/><W81/><G126/><T60/><D125/><U58/><E20/><V131/><F105/><W41/><G110/><T134/><D134/><U11/><E11/><V118/><F70/><W17/><G41/><T95/><D66/><U119/><E133/><V109/><F118/><N who="1" m="45097" /><E130/><V97/><F132/><W87/><G99/><T127/><D127/><U120/><E120/><V33/><F109/><W135/><G135/><T36/><D36/><N who="1" m="13931" /><E108/><V114/><F131/><W107/><G107/><T39/><D39/><U72/><E72/><V52/><F6/><W83/><REACH who="3" step="1"/><G10/><REACH who="3" ten="225,368,301,96" step="2"/><T42/><REACH who="0" step="1"/><D98/><REACH who="0" ten="215,368,301,96" step="2"/><U56/><E46/><V90/><F97/><W79/><AGARI ba="0,2" hai="5,8,12,14,17,21,74,78,79,81,83,84,85,87" machi="79" ten="20,12000,1" yaku="1,1,2,1,0,1,7,1,53,1" doraHai="89" doraHaiUra="106" who="3" fromWho="3" sc="215,-40,368,-40,301,-40,96,140" /><INIT seed="3,1,0,4,3,66" ten="175,328,261,236" oya="3" hai0="110,131,56,16,8,94,9,18,63,109,83,29,47" hai1="125,104,7,31,6,64,76,57,58,27,50,120,62" hai2="39,54,30,51,114,52,81,0,130,33,67,112,37" hai3="119,21,97,117,36,127,92,22,68,12,41,123,11"/><W71/><G123/><T106/><D106/><U28/><E120/><V42/><F0/><W87/><G127/><T26/><D131/><U133/><E125/><V72/><F33/><W91/><G41/><T3/><D83/><U19/><E104/><V73/><F30/><N who="1" m="11305" /><E76/><V122/><F81/><W135/><G36/><T1/><D94/><U13/><E27/><V118/><F42/><W113/><G113/><T4/><D47/><U102/><E102/><V103/><F103/><W55/><G135/><T107/><D107/><U15/><E133/><V49/><F67/><W129/><G129/><T32/><D56/><U24/><E24/><V59/><F59/><W121/><G121/><T85/><D63/><N who="1" m="37999" /><E50/><V2/><F2/><W108/><G97/><T75/><D75/><U116/><E116/><V38/><F122/><W20/><G55/><T84/><D84/><U111/><E111/><N who="0" m="42505" /><D85/><U70/><E15/><V25/><F73/><W126/><G108/><T90/><D90/><U34/><E34/><V65/><F72/><W134/><G126/><T14/><D1/><U105/><E105/><V80/><F80/><W43/><G134/><T78/><D78/><U128/><E58/><V98/><F130/><W74/><G74/><T40/><D40/><U88/><E88/><V60/><F114/><W35/><G43/><T82/><D82/><U101/><E101/><V44/><F44/><W86/><G86/><T5/><AGARI ba="1,0" hai="3,4,5,8,9,14,16,18,26,29,32" m="42505" machi="5" ten="30,7900,0" yaku="14,1,34,2,54,1" doraHai="66" who="0" fromWho="0" sc="175,82,328,-21,261,-21,236,-40" owari="257,5.7,307,40.7,240,-16.0,196,-30.4" /></mjloggm>