<mjloggm ver="2.3"><GO type="225" lobby="0"/><UN n0="%E6%9D%B1%E9%A2%A8%E3%81%AE%E3%81%8D%E3%82%83%E3%81%B7%E3%81%95%E3%82%93" n1="%E3%82%B3%E3%83%90%E3%83%AC%E3%82%A4" n2="%72%69%6F%75%63%68%61%6E" n3="%E4%BF%BA%E3%81%A8%E5%A6%96%E5%A4%A2" dan="17,16,16,17" rate="2209.84,2131.69,2253.43,2196.48" sx="M,M,M,F"/><TAIKYOKU oya="0"/><INIT seed="0,0,0,0,4,81" ten="250,250,250,250" oya="0" hai0="123,70,134,25,47,64,66,55,23,80,77,120,110" hai1="61,17,57,44,106,125,101,52,43,84,22,89,7" hai2="133,132,33,91,86,9,116,93,87,131,124,78,12" hai3="31,5,108,76,19,18,135,59,0,109,40,92,58"/><T100/><D100/><U68/><E125/><V117/><F33/><W49/><G135/><N who="2" m="51785" /><F124/><W85/><G31/><T126/><D134/><U27/><E68/><V54/><F131/><W130/><G130/><T11/><D126/><U75/><E75/><V45/><F45/><W26/><G5/><T20/><D110/><N who="3" m="42601" /><G0/><T107/><D107/><U112/><E112/><V105/><F105/><W113/><G113/><T71/><D11/><U129/><E129/><V111/><F54/><W41/><G26/><T69/><D55/><U63/><E7/><N who="2" m="3135" /><F111/><W118/><G118/><N who="2" m="45673" /><F78/><W8/><G8/><T4/><D47/><U119/><E119/><V90/><F90/><N who="3" m="53327" /><G76/><T128/><D128/><U30/><E106/><V83/><F83/><W82/><G82/><T34/><D80/><U121/><E121/><V60/><F60/><W36/><G36/><T42/><D77/><U1/><E1/><V97/><AGARI ba="0,0" hai="86,87,91,93,97" m="45673,3135,51785" machi="97" ten="30,7900,0" yaku="20,1,12,1,52,2" doraHai="81" who="2" fromWho="2" sc="250,-39,250,-20,250,79,250,-20" /><INIT seed="1,0,0,3,2,38" ten="211,230,329,230" oya="1" hai0="56,66,44,3,110,31,98,68,126,71,58,127,128" hai1="61,130,109,39,72,93,84,101,5,2,40,87,59" hai2="95,132,122,113,104,54,67,96,92,86,46,7,19" hai3="16,125,78,111,76,107,50,69,21,47,63,10,52"/><U64/><E72/><V26/><F122/><W114/><G114/><T80/><D80/><U119/><E119/><V103/><F113/><W75/><G75/><T105/><D3/><U118/><E118/><V34/><F132/><W55/><G107/><T42/><D31/><U4/><E130/><V94/><F7/><W89/><G111/><T124/><D98/><U77/><E109/><V48/><F67/><W123/><G123/><T120/><D105/><U131/><E131/><V43/><F54/><W6/><G125/><T27/><D27/><U23/><E2/><V65/><F65/><W18/><G89/><T121/><D128/><U25/><E39/><V108/><F108/><W62/><G69/><N who="0" m="26699" /><D110/><U99/><E40/><V70/><F70/><W49/><G10/><T32/><D32/><U37/><E37/><V15/><F34/><W129/><G6/><N who="1" m="2666" /><E77/><N who="3" m="29802" /><G129/><T83/><D83/><U11/><E11/><V22/><REACH who="2" step="1"/><F86/><REACH who="2" ten="211,230,319,230" step="2"/><W53/><G55/><T9/><D9/><U88/><E84/><V73/><F73/><W51/><G51/><N who="0" m="27031" /><D56/><U33/><E33/><V36/><F36/><W91/><G21/><T82/><D82/><U115/><E115/><V29/><F29/><W14/><G47/><T35/><D35/><U85/><E85/><V100/><F100/><W45/><G45/><T81/><D81/><U17/><E87/><V134/><F134/><W79/><G50/><T60/><AGARI ba="0,1" hai="58,60,66,120,121,124,126,127" m="27031,26699" machi="60" ten="40,8000,1" yaku="18,1,34,2,52,1" doraHai="38" who="0" fromWho="0" sc="211,90,230,-40,319,-20,230,-20" /><INIT seed="2,0,0,4,0,45" ten="301,190,299,210" oya="2" hai0="89,63,69,78,57,54,131,92,18,36,86,33,11" hai1="47,48,59,132,20,19,113,46,0,108,2,114,115" hai2="43,56,105,110,102,80,134,7,30,121,119,99,84" hai3="35,28,55,49,38,25,81,75,52,73,64,117,10"/><V37/><F119/><W95/><G117/><T16/><D33/><U51/><E132/><V88/><F121/><W12/><G38/><T122/><D122/><U130/><E130/><V85/><F30/><W23/><G64/><T67/><D36/><U71/><E71/><V22/><F7/><W116/><G116/><T133/><D133/><U4/><E59/><V14/><F134/><W41/><G35/><T42/><D42/><U61/><E61/><V120/><F120/><W128/><G128/><T125/><D131/><U74/><E74/><V87/><F110/><W6/><G41/><T94/><D125/><U58/><E58/><V65/><F14/><W34/><G55/><T104/><D104/><U82/><E82/><V70/><F22/><W9/><G9/><T8/><D78/><U129/><E129/><V98/><F70/><W135/><G135/><T76/><D76/><U127/><E127/><V32/><F32/><W79/><G95/><T112/><D94/><U62/><E62/><N who="2" m="38087" /><F99/><W66/><G66/><T26/><D112/><U39/><E39/><V123/><F123/><W40/><G34/><T124/><D124/><U60/><E60/><V5/><F5/><W31/><G28/><T126/><D126/><U91/><E108/><V118/><F118/><W96/><G96/><T72/><D72/><U83/><E4/><V17/><F17/><N who="0" m="6762" /><D26/><N who="1" m="14623" /><E2/><V15/><F15/><W101/><G73/><T50/><D69/><U111/><E111/><V13/><F13/><W29/><G31/><T21/><D21/><U27/><E0/><V97/><F97/><W44/><G101/><RYUUKYOKU ba="0,0" sc="301,10,190,-30,299,10,210,10" hai0="8,11,50,54,57,63,67,86,89,92" hai2="37,43,80,84,85,87,88,98,102,105" hai3="6,10,12,23,25,29,40,44,49,52,75,79,81" /><INIT seed="2,1,0,0,1,123" ten="311,160,309,220" oya="2" hai0="70,55,125,86,132,53,114,42,31,13,0,8,83" hai1="26,75,47,33,5,124,129,117,102,81,51,62,93" hai2="122,28,17,79,49,127,18,73,115,61,11,29,56" hai3="41,97,108,63,99,78,119,82,94,35,135,90,6"/><V96/><F115/><W76/><G35/><T32/><D70/><U118/><E5/><V112/><F112/><W50/><G119/><T126/><D0/><U84/><E129/><V45/><F122/><W3/><G135/><T110/><D42/><U85/><E75/><V4/><F127/><W69/><G6/><T109/><D132/><U40/><E124/><N who="0" m="47721" /><D114/><U1/><E1/><V98/><F79/><W120/><G3/><T37/><D37/><U103/><E103/><V36/><F73/><W121/><G50/><T38/><D38/><U67/><E33/><V107/><F36/><W71/><G41/><T59/><D31/><N who="2" m="11850" /><F107/><W88/><G63/><N who="0" m="36335" /><D55/><U133/><E133/><V14/><F17/><W52/><G52/><T91/><D32/><U60/><E60/><V72/><F72/><W23/><G23/><T128/><D128/><U64/><E64/><N who="2" m="38951" /><F4/><AGARI ba="1,0" hai="4,8,13,83,86,91,109,110" m="36335,47721" machi="4" ten="30,3900,0" yaku="18,1,52,2" doraHai="123" who="0" fromWho="2" sc="311,42,160,0,309,-42,220,0" /><INIT seed="3,0,0,4,5,54" ten="353,160,267,220" oya="3" hai0="111,14,75,20,83,7,129,127,65,51,12,102,26" hai1="118,72,106,133,21,24,6,128,41,17,93,55,86" hai2="135,10,47,48,18,82,126,92,68,117,115,105,36" hai3="38,110,112,64,52,3,80,120,113,74,25,130,123"/><W100/><G3/><T28/><D129/><U27/><E106/><V99/><F68/><W71/><G130/><T0/><D127/><U124/><E72/><V32/><F117/><W67/><G100/><T95/><D111/><U73/><E73/><V58/><F105/><W96/><G96/><T29/><D0/><U94/><E128/><V91/><F32/><W101/><G101/><T53/><D65/><U132/><E118/><V116/><F116/><W79/><G67/><T76/><D29/><U63/><E124/><V90/><F36/><W81/><G81/><T108/><D108/><U43/><E6/><V121/><F135/><W122/><G110/><T88/><D7/><U60/><E86/><V87/><F115/><W78/><G78/><T134/><D102/><U19/><E21/><V13/><F121/><W42/><G25/><T8/><D8/><U85/><E85/><V89/><F126/><W44/><G52/><AGARI ba="0,0" hai="17,19,24,27,41,43,52,55,60,63,93,94,132,133" machi="52" ten="25,3200,0" yaku="22,2,54,1" doraHai="54" who="1" fromWho="3" sc="353,0,160,32,267,0,220,-32" owari="353,45.3,192,-20.8,267,6.7,188,-31.2" /></mjloggm>