<mjloggm ver="2.3"><GO type="225" lobby="0"/><UN n0="%E7%99%BD%E6%97%A5%E9%9B%AA%E8%8F%9C" n1="%72%69%6F%75%63%68%61%6E" n2="%E8%B6%85%E7%B4%9A%E9%B3%B3%E5%87%B0" n3="%E3%81%A9%E3%82%8F%E3%82%93%E3%81%94" dan="16,16,16,16" rate="2210.20,2173.59,2154.78,2040.51" sx="M,M,M,M"/><TAIKYOKU oya="0"/><INIT seed="0,0,0,0,3,88" ten="250,250,250,250" oya="0" hai0="41,131,100,68,2,110,16,104,122,23,0,132,77" hai1="27,28,78,58,34,126,14,49,121,50,91,42,98" hai2="64,96,134,81,86,82,93,70,95,101,21,51,48" hai3="32,103,8,52,36,130,35,108,44,75,74,10,105"/><T13/><D122/><U87/><E121/><V94/><F134/><W113/><G113/><T84/><D68/><U83/><E126/><V66/><F70/><W54/><G105/><T31/><D132/><U38/><E58/><V73/><F73/><W80/><G103/><T18/><D31/><U46/><REACH who="1" step="1"/><E14/><REACH who="1" ten="250,240,250,250" step="2"/><V12/><F12/><W133/><G133/><T15/><D131/><U37/><E37/><V3/><F3/><W57/><G130/><T20/><D110/><U22/><E22/><V114/><F21/><W60/><G108/><T124/><D124/><U61/><E61/><V4/><F114/><W76/><G36/><T9/><D9/><U102/><E102/><V97/><F101/><W90/><G10/><T65/><D65/><U127/><E127/><V17/><F64/><W69/><G8/><T79/><D2/><U25/><E25/><V99/><F66/><W1/><G1/><T67/><D67/><U111/><E111/><V47/><F51/><W26/><G69/><T63/><D0/><U85/><E85/><V120/><F120/><W109/><G109/><T106/><D63/><U89/><E89/><V11/><F86/><N who="3" m="50503" /><G75/><T125/><D100/><U123/><E123/><V33/><F33/><W7/><G35/><T5/><D125/><U6/><E6/><V116/><F4/><W71/><G7/><T39/><D5/><U92/><AGARI ba="0,1" hai="27,28,34,38,42,46,49,50,78,83,87,91,92,98" machi="92" ten="30,4000,0" yaku="1,1,0,1,52,1,53,0" doraHai="88" doraHaiUra="119" who="1" fromWho="1" sc="250,-20,240,50,250,-10,250,-10" /><INIT seed="1,0,0,3,0,135" ten="230,290,240,240" oya="1" hai0="92,127,108,100,106,87,72,41,6,60,117,76,95" hai1="126,121,86,28,32,24,47,63,94,96,113,119,125" hai2="91,21,102,81,36,56,11,9,40,29,97,69,53" hai3="74,5,58,37,57,80,45,8,0,109,27,133,39"/><U54/><E113/><V12/><F69/><W16/><G133/><T134/><D134/><U49/><E119/><V50/><F36/><W132/><G132/><T22/><D117/><U128/><E121/><V93/><F40/><N who="3" m="22671" /><G39/><T2/><D41/><U19/><E128/><V7/><F9/><W120/><G109/><T67/><D108/><U107/><E19/><V73/><F73/><W110/><G110/><T83/><D2/><U77/><E107/><V89/><REACH who="2" step="1"/><F81/><REACH who="2" ten="230,290,230,240" step="2"/><W55/><G120/><T14/><D72/><U111/><E111/><V62/><F62/><W130/><G130/><T33/><D60/><U124/><E63/><V26/><AGARI ba="0,1" hai="7,11,12,21,26,29,50,53,56,89,91,93,97,102" machi="26" ten="30,7900,0" yaku="1,1,0,1,8,1,53,1" doraHai="135" doraHaiUra="52" who="2" fromWho="2" sc="230,-20,290,-39,230,89,240,-20" /><INIT seed="2,0,0,1,1,56" ten="210,251,319,220" oya="2" hai0="29,40,77,106,19,11,59,46,113,61,68,60,132" hai1="121,135,80,134,96,118,86,131,47,51,33,53,21" hai2="78,64,111,31,89,101,95,120,18,30,24,82,99" hai3="54,81,6,12,42,88,93,10,48,126,57,124,13"/><V34/><F120/><W74/><G42/><T22/><D113/><U17/><E118/><V5/><F111/><W87/><G74/><T43/><D106/><U73/><E131/><V108/><F108/><W105/><G105/><T32/><D68/><U15/><E121/><V94/><F5/><W123/><G123/><T75/><D32/><U36/><E33/><V50/><F31/><W97/><REACH who="3" step="1"/><G13/><REACH who="3" ten="210,251,319,210" step="2"/><N who="0" m="7615" /><D43/><U27/><E73/><V7/><F95/><W129/><G129/><T116/><D75/><U3/><E3/><V70/><F94/><W63/><G63/><T79/><D116/><U83/><E36/><V8/><F50/><W84/><G84/><T91/><D132/><N who="1" m="50731" /><E96/><V72/><F72/><W127/><G127/><T66/><D61/><U55/><E86/><V62/><F99/><W102/><AGARI ba="0,1" hai="6,10,12,48,54,57,81,87,88,93,97,102,124,126" machi="102" ten="30,4000,0" yaku="1,1,0,1,54,1,53,0" doraHai="56" doraHaiUra="39" who="3" fromWho="3" sc="210,-10,251,-10,319,-20,210,50" /><INIT seed="3,0,0,2,4,1" ten="200,241,299,260" oya="3" hai0="131,66,44,32,7,67,28,71,114,16,30,25,18" hai1="70,17,121,19,86,115,53,118,132,89,4,40,9" hai2="33,98,46,48,6,99,102,0,43,133,35,90,120" hai3="39,113,91,119,126,24,73,88,47,78,127,68,62"/><W101/><G119/><T23/><D131/><U12/><E121/><V56/><F120/><W3/><G113/><T96/><D114/><U117/><E115/><V128/><F128/><W106/><G3/><T134/><D134/><U94/><E132/><V54/><F133/><W93/><G106/><T112/><D112/><U27/><E70/><V80/><F80/><N who="3" m="45135" /><G24/><N who="0" m="16415" /><D71/><U92/><E40/><V82/><F82/><W129/><G129/><T81/><D32/><U49/><E92/><V15/><F0/><W58/><G68/><T34/><D34/><U104/><E104/><V51/><F90/><W45/><G101/><T37/><D37/><U100/><E100/><V84/><F84/><N who="3" m="52359" /><G91/><T108/><D108/><U123/><E123/><V59/><F59/><W124/><G39/><T135/><D135/><U125/><E125/><N who="3" m="32002" /><W11/><DORA hai="14" /><G11/><T69/><D69/><U97/><E86/><V75/><F75/><W10/><G10/><T87/><D96/><U38/><E38/><V77/><F99/><W130/><G130/><T26/><D26/><U41/><E27/><V2/><F2/><W63/><G63/><T50/><D25/><U29/><E29/><V5/><F33/><W76/><G76/><N who="0" m="46503" /><D30/><U65/><E118/><V122/><F35/><W22/><G22/><T107/><D107/><U105/><E117/><V109/><F122/><W31/><G31/><T72/><D72/><U111/><E105/><N who="2" m="63703" /><F77/><W60/><G62/><T83/><D83/><U13/><E89/><V74/><F74/><W64/><AGARI ba="0,0" hai="45,47,58,60,64" m="32002,52359,45135" machi="64" ten="40,3900,0" yaku="18,1,54,1" doraHai="1,14" who="3" fromWho="3" sc="200,-13,241,-13,299,-13,260,39" /><INIT seed="3,1,0,5,4,101" ten="187,228,286,299" oya="3" hai0="41,86,128,62,43,117,13,6,94,30,135,20,113" hai1="50,99,65,16,46,3,70,64,49,102,37,4,126" hai2="21,33,19,96,98,134,120,92,1,58,47,79,81" hai3="123,26,9,88,0,44,27,8,127,91,61,24,25"/><W95/><G123/><T42/><D117/><U40/><E126/><V78/><F33/><W18/><G127/><T132/><D128/><U31/><E31/><V80/><F1/><W119/><G119/><T75/><D75/><U23/><E4/><V83/><F120/><W72/><G72/><T28/><D113/><U105/><E3/><V15/><F134/><N who="0" m="51242" /><D62/><U55/><E70/><V22/><F47/><W5/><G61/><T124/><D124/><U87/><E87/><V34/><F34/><W29/><G44/><T77/><D94/><U106/><E106/><V93/><F58/><W54/><G54/><T74/><D74/><U68/><E68/><V71/><F71/><W17/><G9/><N who="0" m="4279" /><D20/><U133/><E133/><V73/><F73/><W66/><G66/><T107/><D107/><U125/><E125/><V129/><F129/><W48/><G48/><T69/><D69/><U85/><E85/><V59/><F59/><W32/><G91/><T84/><D84/><U36/><E49/><V45/><F45/><W57/><G57/><T11/><D11/><U76/><E76/><N who="2" m="29227" /><F21/><W100/><G100/><T38/><D38/><U122/><E122/><V35/><F35/><W110/><G110/><T51/><D51/><U114/><E114/><V67/><F67/><N who="1" m="25673" /><E55/><V53/><F53/><W111/><REACH who="3" step="1"/><G111/><REACH who="3" ten="187,228,286,289" step="2"/><T104/><D104/><U56/><E56/><V115/><F115/><W7/><G7/><T121/><D121/><U10/><E10/><V89/><F89/><W63/><G63/><T2/><D2/><U112/><E112/><V130/><F130/><W82/><G82/><AGARI ba="1,1" hai="28,30,41,42,43,77,82,86" m="4279,51242" machi="82" ten="30,2000,0" yaku="6,1,20,1" doraHai="101" who="0" fromWho="3" sc="187,33,228,0,286,0,289,-23" /><INIT seed="4,0,0,5,5,21" ten="220,228,286,266" oya="0" hai0="55,72,13,60,79,118,83,0,23,110,86,90,67" hai1="127,99,121,57,32,96,19,15,78,120,75,94,116" hai2="101,34,124,82,37,41,119,81,125,61,108,102,88" hai3="69,112,12,53,39,42,10,48,104,20,1,50,33"/><T25/><D118/><U18/><E116/><V123/><F119/><W106/><G69/><T29/><D0/><U54/><E127/><N who="2" m="48715" /><F123/><W46/><G33/><T45/><D110/><U134/><E134/><V64/><F108/><W109/><G109/><T89/><D13/><U66/><E32/><V2/><F2/><W4/><G112/><T98/><D72/><U47/><E66/><V43/><F34/><W105/><G1/><T27/><D98/><U103/><E47/><N who="2" m="23983" /><F43/><W71/><G71/><T126/><D126/><U84/><E75/><V135/><F135/><W111/><G111/><T58/><D27/><U31/><E31/><V129/><F129/><W68/><G68/><T11/><D11/><U49/><E19/><V65/><F65/><W107/><G107/><T70/><REACH who="0" step="1"/><D45/><REACH who="0" ten="210,228,286,266" step="2"/><U16/><E18/><V87/><F82/><W28/><G46/><T9/><D9/><U91/><E99/><V77/><F77/><W80/><G10/><T85/><D85/><U30/><E78/><V36/><F36/><W93/><G39/><T24/><D24/><U38/><E38/><V35/><F35/><W95/><G12/><T113/><D113/><U5/><E5/><V56/><AGARI ba="0,1" hai="56,61,64,81,87,88,101,102" m="23983,48715" machi="56" ten="30,2000,0" yaku="18,1,54,1" doraHai="21" who="2" fromWho="2" sc="210,-10,228,-5,286,30,266,-5" owari="200,-30.0,223,-17.7,316,41.6,261,6.1" /></mjloggm>