<mjloggm ver="2.3"><GO type="225" lobby="0"/><UN n0="%E5%B8%86%E7%AB%8B%E5%A4%8F%E8%A1%A3" n1="%E3%81%82%E3%81%84%E3%81%82%E3%81%8A%E3%81%84" n2="%E5%A4%8F%E9%88%B4%E9%88%B4%E5%A4%8F" n3="%72%69%6F%75%63%68%61%6E" dan="16,18,16,17" rate="2100.55,2193.73,2113.63,2233.87" sx="M,M,M,M"/><TAIKYOKU oya="0"/><INIT seed="0,0,0,0,3,65" ten="250,250,250,250" oya="0" hai0="128,105,80,73,6,27,86,111,44,34,30,99,8" hai1="98,62,95,48,119,4,122,107,59,68,46,7,78" hai2="74,125,113,49,35,90,24,43,17,51,18,39,92" hai3="135,26,109,60,14,133,58,31,79,116,66,32,40"/><T42/><D128/><U37/><E119/><V19/><F113/><W56/><G109/><T69/><D111/><U91/><E122/><V123/><F123/><W45/><G116/><T101/><D73/><U52/><E107/><V121/><F121/><W22/><G79/><T50/><D69/><U54/><E78/><V13/><F74/><W76/><G76/><T134/><D134/><N who="3" m="51209" /><G14/><T131/><D131/><U84/><E98/><V61/><F125/><W2/><G2/><T89/><D8/><U82/><E82/><V25/><F39/><N who="3" m="21663" /><G32/><T88/><REACH who="0" step="1"/><D6/><REACH who="0" ten="240,250,250,250" step="2"/><U130/><E130/><V124/><F124/><W75/><G75/><T23/><D23/><U71/><REACH who="1" step="1"/><E37/><REACH who="1" ten="240,240,250,250" step="2"/><V47/><F35/><W104/><G104/><T118/><D118/><U97/><E97/><V87/><F87/><W29/><G29/><T41/><D41/><U64/><E64/><V21/><F43/><W36/><G36/><T100/><D100/><U81/><E81/><V77/><F92/><W0/><G0/><T96/><D96/><U9/><E9/><V12/><F77/><AGARI ba="0,2" hai="27,30,34,42,44,50,77,80,86,88,89,99,101,105" machi="77" ten="30,5800,0" yaku="1,1,7,1,54,1,53,0" doraHai="65" doraHaiUra="127" who="0" fromWho="2" sc="240,78,240,0,250,-58,250,0" /><INIT seed="0,1,0,3,0,1" ten="318,240,192,250" oya="0" hai0="65,30,62,0,76,50,32,7,123,104,77,130,126" hai1="10,116,128,103,89,87,23,17,95,82,52,4,27" hai2="74,58,20,127,98,68,86,63,46,54,67,49,14" hai3="118,36,48,107,81,102,70,121,99,56,131,108,122"/><T34/><D123/><U22/><E128/><V55/><F127/><W106/><G118/><T133/><D130/><U18/><E116/><V53/><F74/><W135/><G131/><T59/><D126/><U8/><E4/><V41/><F98/><W101/><G108/><T61/><D133/><U120/><E120/><N who="3" m="46186" /><G70/><T84/><D104/><U117/><E117/><V21/><F86/><W92/><G36/><T112/><D112/><U45/><E103/><N who="3" m="39434" /><G135/><T129/><D129/><U40/><E82/><V105/><F105/><N who="3" m="39947" /><G48/><T28/><D50/><N who="1" m="28751" /><E40/><V2/><F2/><W24/><G56/><T66/><D84/><U93/><E95/><V11/><REACH who="2" step="1"/><F68/><REACH who="2" ten="318,240,182,250" step="2"/><W15/><G99/><T75/><D0/><U88/><E89/><V31/><F31/><W71/><G71/><T44/><D28/><U42/><E42/><V96/><F96/><W80/><G92/><T25/><D30/><U72/><E72/><V69/><F69/><W3/><G3/><T9/><D75/><U90/><E90/><V37/><F37/><W100/><G100/><T78/><D78/><U13/><AGARI ba="1,1" hai="8,10,13,17,18,22,23,27,87,88,93" m="28751" machi="13" ten="30,4000,0" yaku="8,1,54,2" doraHai="1" who="1" fromWho="1" sc="318,-21,240,53,182,-11,250,-11" /><INIT seed="1,0,0,1,3,11" ten="297,293,171,239" oya="1" hai0="119,76,106,89,34,65,28,62,7,96,98,72,102" hai1="120,4,42,39,123,79,115,6,129,35,16,88,108" hai2="85,22,126,86,48,3,111,43,109,10,112,1,127" hai3="33,18,52,107,73,64,121,51,78,101,27,81,82"/><U37/><E115/><V12/><F48/><W41/><G121/><T50/><D119/><U15/><E35/><V24/><F43/><W30/><G64/><T29/><D89/><U63/><E79/><V74/><F86/><W130/><G130/><T84/><D84/><U58/><E129/><V132/><F85/><W59/><G41/><T55/><D96/><U124/><E124/><N who="2" m="47659" /><F74/><W122/><G122/><T49/><D7/><U53/><E108/><N who="2" m="41547" /><F132/><W80/><REACH who="3" step="1"/><G18/><REACH who="3" ten="297,293,171,229" step="2"/><T90/><D65/><U113/><E123/><V31/><F112/><W60/><G60/><T20/><D62/><U68/><E113/><V135/><F135/><W54/><G54/><T91/><D55/><U118/><E120/><V105/><F105/><W45/><G45/><T32/><D106/><U110/><E110/><V99/><F99/><AGARI ba="0,1" hai="27,30,33,51,52,59,73,78,80,81,82,99,101,107" machi="99" ten="40,5200,0" yaku="1,1,54,1,53,1" doraHai="11" doraHaiUra="103" who="3" fromWho="2" sc="297,0,293,0,171,-52,229,62" /><INIT seed="2,0,0,0,5,2" ten="297,293,119,291" oya="2" hai0="98,124,24,47,120,43,3,92,33,89,13,12,72" hai1="91,81,27,59,11,79,95,52,10,135,22,28,9" hai2="16,112,132,94,113,86,122,114,57,69,78,106,88" hai3="85,41,115,118,134,26,8,66,101,97,127,90,64"/><V40/><F122/><W25/><G118/><T77/><D124/><U55/><E135/><V84/><F69/><W60/><G127/><T104/><D120/><U67/><E67/><V19/><F106/><W48/><G134/><T87/><D3/><U0/><E0/><V53/><F40/><W107/><G115/><T1/><D1/><U117/><E117/><V32/><F32/><W34/><G8/><T100/><D33/><U61/><E55/><V128/><F128/><W6/><G6/><T110/><D24/><U102/><E102/><V125/><F125/><W131/><G131/><T80/><REACH who="0" step="1"/><D110/><REACH who="0" ten="287,293,119,291" step="2"/><U130/><E130/><V73/><F73/><W46/><G34/><T109/><D109/><U58/><E58/><V37/><F37/><AGARI ba="0,1" hai="12,13,37,43,47,72,77,80,87,89,92,98,100,104" machi="37" ten="30,7700,0" yaku="1,1,7,1,24,2,53,0" doraHai="2" doraHaiUra="133" who="0" fromWho="2" sc="287,87,293,0,119,-77,291,0" /><INIT seed="3,0,0,4,0,20" ten="374,293,42,291" oya="3" hai0="122,98,102,94,90,87,10,65,113,76,75,123,0" hai1="88,33,21,134,115,96,86,26,13,106,109,69,89" hai2="73,130,127,83,104,84,42,77,4,107,18,36,85" hai3="37,15,43,39,116,119,92,79,133,93,53,61,47"/><W105/><G105/><N who="0" m="63703" /><D65/><U67/><E115/><V62/><F62/><W111/><BYE who="2" /><G79/><T64/><D64/><U128/><E109/><V95/><F95/><W35/><G35/><UN n2="%E5%A4%8F%E9%88%B4%E9%88%B4%E5%A4%8F" /><T32/><D32/><U135/><E128/><V66/><F66/><W40/><G15/><T12/><D0/><U51/><E51/><V103/><F103/><W80/><G80/><N who="0" m="45087" /><D113/><U124/><E13/><V30/><F30/><W63/><BYE who="2" /><G133/><T1/><D1/><U50/><E33/><V91/><F91/><W108/><G53/><T70/><D70/><U14/><E14/><V7/><F7/><AGARI ba="0,0" hai="7,10,12,87,90,94,122,123" m="45087,63703" machi="7" ten="30,1000,0" yaku="24,1" doraHai="20" who="0" fromWho="2" sc="374,10,293,0,42,-10,291,0" owari="384,48.4,293,9.3,32,-46.8,291,-10.9" /></mjloggm>