<mjloggm ver="2.3"><GO type="225" lobby="0"/><UN n0="%72%61%6B%33" n1="%66%67%67%68%68%64%66" n2="%E3%82%B7%E3%83%B3%E5%A4%AA%E6%9C%97" n3="%E6%B8%A9%E2%98%85%E6%83%85%E2%98%85%E6%8E%AA%E2%98%85%E7%BD%AE" dan="16,16,16,17" rate="2058.58,2095.21,2135.52,2203.61" sx="M,M,M,M"/><TAIKYOKU oya="0"/><INIT seed="0,0,0,2,5,57" ten="250,250,250,250" oya="0" hai0="6,84,114,111,88,30,69,51,97,5,134,37,48" hai1="106,44,78,83,21,29,120,52,73,109,34,105,45" hai2="107,61,25,11,63,79,33,76,49,135,53,64,75" hai3="36,4,7,129,85,71,67,98,125,72,22,108,18"/><T32/><D114/><U62/><E120/><V27/><F135/><W128/><G72/><T58/><D69/><U117/><E117/><V50/><F107/><W116/><G116/><T42/><D134/><U101/><E109/><V110/><F110/><W113/><G108/><T96/><D111/><U100/><E34/><V12/><F75/><W13/><G113/><T14/><D37/><U91/><E91/><V10/><F33/><W119/><G119/><T87/><D32/><U82/><E29/><V92/><F92/><W65/><G36/><T15/><D58/><U20/><E73/><V66/><F12/><W39/><G39/><T9/><D30/><U31/><E31/><V102/><F53/><W132/><G132/><T103/><D42/><U123/><E123/><V133/><F133/><W55/><G125/><T99/><D103/><AGARI ba="0,0" hai="10,11,25,27,49,50,61,63,64,66,76,79,102,103" machi="103" ten="25,8000,1" yaku="22,2,8,1,52,2" doraHai="57" who="2" fromWho="0" sc="250,-80,250,0,250,80,250,0" /><INIT seed="1,0,0,3,4,122" ten="170,250,330,250" oya="1" hai0="103,27,19,58,89,63,77,68,117,38,15,82,66" hai1="50,11,119,79,132,13,95,62,55,92,109,28,47" hai2="54,3,48,113,118,108,133,64,8,100,23,60,6" hai3="87,97,127,110,29,111,1,83,40,10,43,45,20"/><U67/><E119/><V18/><F133/><W31/><G127/><T76/><D117/><U16/><E132/><V49/><F113/><W53/><G97/><T22/><D38/><U88/><E79/><V39/><F39/><W128/><G53/><T124/><D124/><U93/><E28/><N who="3" m="10826" /><G20/><T34/><D34/><U41/><E109/><N who="3" m="41482" /><G45/><T17/><D103/><U37/><E37/><V71/><F108/><W46/><G46/><T130/><D130/><U33/><E33/><V112/><F112/><W135/><G135/><T21/><D68/><U123/><E123/><V24/><F118/><W81/><G128/><T44/><D44/><U125/><E125/><V2/><F100/><W86/><G10/><T84/><AGARI ba="0,0" hai="15,17,19,21,22,27,58,63,66,76,77,82,84,89" machi="84" ten="30,2000,0" yaku="0,1,8,1" doraHai="122" who="0" fromWho="0" sc="170,20,250,-10,330,-5,250,-5" /><INIT seed="2,0,0,1,0,60" ten="190,240,325,245" oya="2" hai0="116,40,81,27,129,55,53,103,126,2,12,123,43" hai1="80,31,6,132,88,19,134,15,84,14,118,44,45" hai2="67,111,64,69,22,62,65,70,59,98,122,42,121" hai3="125,21,23,96,56,58,104,105,78,13,135,25,1"/><V7/><F7/><W61/><G1/><T99/><D2/><U110/><E118/><V52/><F22/><W54/><G135/><N who="1" m="51754" /><E110/><V131/><F98/><W39/><G39/><T77/><D123/><N who="2" m="47114" /><F111/><W24/><G125/><T29/><D126/><U51/><E31/><V85/><F85/><W75/><G13/><T102/><D12/><U100/><E100/><V113/><F131/><W108/><G108/><T72/><D129/><U94/><E51/><V120/><F120/><W89/><G78/><T38/><D116/><U97/><E14/><V74/><F74/><W50/><G75/><T36/><D72/><U112/><E112/><V130/><F130/><W41/><G41/><T11/><D29/><U127/><E6/><V18/><F18/><W34/><G34/><T128/><D128/><U10/><E127/><V107/><F107/><W4/><G4/><T5/><D5/><U106/><E106/><V16/><F16/><N who="3" m="12327" /><G105/><T47/><D47/><N who="1" m="17995" /><E97/><V109/><F109/><W101/><G104/><T68/><D99/><U30/><E30/><V91/><F113/><W79/><G96/><T46/><D103/><U76/><E76/><V49/><F91/><W26/><G79/><T48/><D77/><U83/><AGARI ba="0,0" hai="10,15,19,80,83,84,88,94" m="17995,51754" machi="83" ten="30,2000,0" yaku="20,1,54,1" doraHai="60" who="1" fromWho="1" sc="190,-5,240,20,325,-10,245,-5" /><INIT seed="3,0,0,3,4,64" ten="185,260,315,240" oya="3" hai0="55,131,39,63,129,130,24,88,3,25,10,124,116" hai1="34,82,135,6,133,65,47,92,93,58,12,60,76" hai2="30,43,87,107,118,85,127,104,54,26,115,9,128" hai3="134,99,100,89,69,98,83,86,29,75,7,37,110"/><W125/><G37/><T101/><D116/><U108/><E34/><V48/><F115/><W77/><G29/><T81/><D39/><U71/><E108/><V51/><F118/><W84/><G7/><T22/><D101/><U35/><E35/><V20/><F128/><W113/><G69/><T4/><D124/><U50/><E58/><V59/><F127/><W72/><G125/><T126/><D126/><U68/><E68/><V56/><F104/><N who="3" m="63511" /><G113/><T52/><D63/><U74/><E12/><V0/><F107/><W96/><G110/><T28/><D24/><U106/><E6/><V32/><F32/><W66/><G66/><T19/><D28/><U70/><E70/><V5/><F43/><W53/><G53/><AGARI ba="0,0" hai="0,5,9,20,26,30,48,51,53,54,56,59,85,87" machi="53" ten="40,1300,0" yaku="9,1" doraHai="64" who="2" fromWho="3" sc="185,0,260,0,315,13,240,-13" owari="185,-31.5,260,6.0,328,42.8,227,-17.3" /></mjloggm>