<mjloggm ver="2.3"><GO type="225" lobby="0"/><UN n0="%E7%99%BD%E9%9B%AA%E4%B9%83%E6%84%9B" n1="%E3%83%97%E3%83%AC%E3%83%B4%E3%82%A1%E3%83%86%E3%82%A3" n2="%E3%82%B2%E3%82%B9%E8%8C%82%E5%8B%9D" n3="%E5%8F%AF%E5%85%90%E9%82%A3%E7%94%B1%E5%A4%9A" dan="16,16,16,17" rate="2127.50,2129.81,2058.95,2235.30" sx="F,F,F,F"/><TAIKYOKU oya="0"/><INIT seed="0,0,0,3,0,27" ten="250,250,250,250" oya="0" hai0="26,24,47,59,34,45,64,31,50,15,39,58,82" hai1="40,12,14,116,93,19,100,123,79,13,65,81,78" hai2="49,51,29,108,102,121,30,35,16,109,61,126,127" hai3="118,2,41,134,105,7,56,80,74,125,88,11,60"/><T87/><D39/><U96/><E123/><V25/><F121/><W129/><G118/><T10/><D26/><U44/><E116/><V128/><F128/><W114/><G114/><T110/><D110/><N who="2" m="42602" /><F102/><W4/><G105/><T119/><D119/><U18/><E65/><V71/><F16/><W3/><G129/><T0/><D0/><U1/><E1/><V6/><F6/><W135/><G125/><N who="2" m="47625" /><F29/><W72/><G41/><T130/><D47/><U112/><E112/><V132/><F132/><N who="3" m="50731" /><G7/><T83/><D64/><AGARI ba="0,0" hai="25,30,35,49,51,61,64,71" m="47625,42602" machi="64" ten="30,3900,0" yaku="14,1,18,1,52,1" doraHai="27" who="2" fromWho="0" sc="250,-39,250,0,250,39,250,0" /><INIT seed="1,0,0,5,3,101" ten="211,250,289,250" oya="1" hai0="31,113,47,91,116,53,24,22,23,26,27,100,0" hai1="102,8,119,18,62,77,61,108,97,134,115,11,40" hai2="34,104,105,109,21,19,1,72,32,132,71,82,37" hai3="44,117,87,118,92,41,99,55,45,83,46,68,90"/><U124/><E115/><V3/><F109/><W58/><G68/><T95/><D113/><U133/><E119/><N who="3" m="45578" /><G58/><T60/><D116/><U25/><E108/><V88/><F37/><N who="3" m="21551" /><G55/><T130/><D0/><N who="2" m="74" /><F21/><W76/><AGARI ba="0,0" hai="45,46,76,83,87,90,92,99" m="21551,45578" machi="76" ten="30,1100,0" yaku="12,1" doraHai="101" who="3" fromWho="3" sc="211,-3,250,-5,289,-3,250,11" /><INIT seed="2,0,0,2,1,77" ten="208,245,286,261" oya="2" hai0="71,36,122,13,61,96,46,86,70,82,6,63,130" hai1="51,134,33,105,92,128,56,59,44,117,94,135,115" hai2="80,114,25,120,11,26,55,116,98,103,30,64,112" hai3="132,74,129,133,100,3,62,87,2,101,35,65,20"/><V50/><F116/><W113/><G74/><T97/><D122/><U7/><E33/><V76/><F120/><W37/><G35/><T58/><D130/><U95/><E117/><V42/><F42/><W68/><G129/><T1/><D1/><U9/><E128/><V12/><F64/><W78/><G37/><T0/><D0/><N who="3" m="41" /><G20/><T102/><D36/><U123/><E123/><V28/><F112/><W43/><G43/><T110/><D46/><U27/><E27/><V8/><F114/><W90/><G78/><T38/><D38/><U10/><E115/><V85/><F26/><W84/><G84/><T16/><D110/><U23/><E23/><V73/><F73/><W52/><G52/><T118/><D6/><U40/><E105/><V15/><F15/><W121/><G121/><T109/><D118/><U66/><E66/><V18/><F25/><W79/><G79/><T48/><D109/><U19/><E19/><V31/><F8/><W41/><G41/><T14/><D14/><U91/><E91/><V45/><REACH who="2" step="1"/><F28/><REACH who="2" ten="208,245,276,261" step="2"/><W75/><G75/><T124/><D13/><U49/><E7/><V47/><F47/><W5/><G113/><T21/><D16/><U93/><N who="1" m="23552" /><DORA hai="125" /><U89/><E40/><V22/><F22/><W104/><G5/><T72/><D21/><U127/><E44/><V54/><F54/><W24/><G24/><T111/><D72/><U57/><E9/><V67/><F67/><W83/><G101/><T17/><D102/><U107/><E10/><V81/><F81/><W131/><G131/><T99/><D17/><U60/><E57/><RYUUKYOKU ba="0,1" sc="208,-15,245,-15,276,15,261,15" hai2="11,12,18,30,31,45,50,55,76,80,85,98,103" hai3="62,65,68,83,87,90,100,104,132,133" /><INIT seed="2,1,1,0,4,73" ten="193,230,291,276" oya="2" hai0="111,119,135,29,60,22,129,12,110,24,86,37,118" hai1="112,82,49,105,114,108,50,42,19,90,104,18,101" hai2="62,16,103,26,131,17,89,115,55,124,23,76,69" hai3="134,31,127,88,46,58,25,63,1,0,80,125,72"/><V92/><F115/><W91/><G134/><T45/><D60/><U64/><E64/><V122/><F122/><W83/><G46/><T57/><D57/><U97/><E108/><N who="0" m="41513" /><D45/><U7/><E7/><V32/><F32/><W51/><G51/><T43/><D43/><U4/><E4/><V11/><F124/><N who="3" m="47691" /><G0/><T44/><D86/><U66/><E66/><V41/><F131/><W35/><G1/><T99/><D99/><U36/><E36/><V87/><F103/><W8/><G8/><T67/><D67/><U113/><E42/><V38/><F38/><W28/><G28/><T56/><D56/><U52/><E49/><V65/><F41/><W9/><G9/><T47/><D44/><U3/><E3/><V30/><F55/><N who="3" m="34271" /><G83/><T132/><D47/><U121/><E121/><V75/><REACH who="2" step="1"/><F11/><REACH who="2" ten="193,230,281,276" step="2"/><W133/><G133/><N who="0" m="51275" /><D37/><U74/><E112/><V40/><F40/><W53/><G53/><T120/><D120/><U85/><E113/><V78/><F78/><AGARI ba="1,2" hai="25,31,35,72,78,80,88,91" m="34271,47691" machi="78" ten="30,3900,0" yaku="18,1,52,1,54,1" doraHai="73" who="3" fromWho="2" sc="193,0,230,0,281,-42,276,62" /><INIT seed="3,0,0,4,3,32" ten="193,230,239,338" oya="3" hai0="102,30,120,103,2,71,81,17,125,69,100,55,46" hai1="130,11,132,104,68,18,5,39,44,73,20,89,62" hai2="42,25,31,45,15,49,0,6,19,57,127,79,96" hai3="77,121,114,23,131,35,53,92,4,14,85,7,129"/><W95/><G35/><T59/><D120/><U118/><E104/><V86/><F127/><W113/><G121/><T98/><D125/><U119/><E130/><N who="3" m="49674" /><G53/><T63/><D98/><U58/><E68/><V70/><F70/><W87/><G23/><T122/><D122/><U26/><E73/><V33/><F96/><W64/><G64/><T117/><D117/><N who="1" m="44555" /><E132/><V40/><F40/><W12/><G12/><T16/><D30/><U22/><E89/><V56/><F86/><N who="3" m="32779" /><G77/><T54/><D81/><U78/><E78/><V83/><F83/><W10/><G7/><T112/><D112/><AGARI ba="0,0" hai="4,10,14,92,95,112,113,114" m="32779,49674" machi="112" ten="30,1500,0" yaku="19,1" doraHai="32" who="3" fromWho="0" sc="193,-15,230,0,239,0,338,15" owari="178,-32.2,230,-17.0,239,3.9,353,45.3" /></mjloggm>