<mjloggm ver="2.3"><GO type="225" lobby="0"/><UN n0="%E3%81%BF%E3%81%BF%E3%81%9A" n1="%E3%81%95%E3%81%8D%E3%81%9F%E3%81%BE%E6%9E%97%E6%AA%8E" n2="%72%69%6F%75%63%68%61%6E" n3="%E3%81%93%E3%81%8F%E3%82%89%E3%82%AB%E3%83%90%E8%94%B5" dan="18,16,16,16" rate="2241.30,2070.70,2165.18,2031.49" sx="M,M,M,M"/><TAIKYOKU oya="0"/><INIT seed="0,0,0,1,4,62" ten="250,250,250,250" oya="0" hai0="132,84,93,41,88,20,102,47,126,54,24,95,127" hai1="104,124,108,130,67,74,86,34,106,19,125,117,94" hai2="2,43,27,105,3,120,96,36,89,31,69,25,9" hai3="32,81,111,107,112,64,10,71,118,91,37,92,57"/><T77/><D132/><U70/><E34/><V42/><F120/><W135/><G57/><T73/><D54/><U128/><E74/><V1/><F69/><W46/><G92/><T72/><D95/><U0/><E0/><V133/><F133/><W114/><G91/><T17/><D102/><U116/><E19/><V59/><F89/><W85/><G85/><T15/><D15/><U60/><E86/><V13/><F59/><W14/><G81/><T119/><D119/><N who="1" m="45643" /><E94/><V109/><F109/><W100/><G111/><T78/><D73/><U11/><E11/><V99/><F25/><W82/><G10/><T134/><D134/><U83/><E83/><V56/><F56/><W23/><G82/><T103/><D72/><U38/><E38/><V35/><F36/><W39/><G39/><T45/><D103/><U68/><E68/><V65/><F65/><W122/><G64/><T63/><D63/><U21/><E21/><V6/><REACH who="2" step="1"/><F96/><REACH who="2" ten="250,250,240,250" step="2"/><N who="3" m="61831" /><G122/><T121/><D121/><U97/><E108/><V79/><F79/><W40/><G135/><T58/><D58/><U28/><E97/><V30/><F30/><W52/><G71/><T76/><REACH who="0" step="1"/><D45/><REACH who="0" ten="240,250,240,250" step="2"/><U4/><E70/><V50/><F50/><AGARI ba="0,2" hai="17,20,24,41,47,50,76,77,78,84,88,93,126,127" machi="50" ten="40,12000,1" yaku="1,1,2,1,54,1,53,1" doraHai="62" doraHaiUra="22" who="0" fromWho="2" sc="240,140,250,0,240,-120,250,0" /><INIT seed="0,1,0,4,4,108" ten="380,250,120,250" oya="0" hai0="43,10,48,16,125,34,104,96,130,46,86,9,14" hai1="17,115,124,80,93,21,89,98,92,4,62,52,100" hai2="69,19,88,7,106,45,33,63,97,3,94,102,85" hai3="53,15,117,132,111,99,126,13,44,109,41,79,103"/><T133/><D125/><U1/><E124/><V120/><F120/><W58/><G117/><T42/><D34/><U113/><E80/><V91/><F33/><W25/><G126/><T28/><D133/><U26/><E4/><V5/><F3/><W24/><G79/><T56/><D130/><U49/><E1/><V8/><F45/><W70/><G70/><T72/><D72/><U95/><E62/><V74/><F74/><W30/><G132/><T11/><D28/><U0/><E0/><V35/><F35/><W23/><G24/><T116/><D116/><U76/><E76/><V129/><F129/><W60/><G109/><T83/><D56/><U87/><REACH who="1" step="1"/><E93/><REACH who="1" ten="380,240,120,250" step="2"/><V38/><F38/><W67/><G111/><T134/><D134/><U122/><E122/><V20/><F8/><N who="0" m="3178" /><D104/><U84/><E84/><V31/><F31/><W101/><G67/><T61/><D61/><U90/><E90/><V78/><F78/><W59/><G101/><T27/><D96/><U128/><E128/><V57/><F91/><W135/><G135/><T68/><D68/><U66/><E66/><V36/><F36/><W77/><G77/><N who="0" m="46447" /><D27/><U32/><E32/><V71/><F69/><W114/><G99/><T2/><D2/><U105/><E105/><V64/><REACH who="2" step="1"/><F71/><REACH who="2" ten="380,240,110,250" step="2"/><W6/><G103/><T39/><D39/><U29/><E29/><V81/><F81/><W82/><G82/><T121/><D121/><U118/><E118/><V131/><F131/><W18/><G30/><T112/><D11/><U123/><E123/><V75/><F75/><W40/><G6/><T127/><D127/><RYUUKYOKU ba="1,2" sc="380,-15,240,15,110,15,250,-15" hai1="17,21,26,49,52,87,89,92,95,98,100,113,115" hai2="5,7,19,20,57,63,64,85,88,94,97,102,106" /><INIT seed="1,2,2,5,2,75" ten="365,255,125,235" oya="1" hai0="90,119,48,27,40,50,116,96,2,43,69,87,15" hai1="68,135,70,32,73,77,123,53,21,5,121,79,7" hai2="125,115,33,12,44,101,109,59,72,34,23,10,111" hai3="124,54,57,22,29,63,30,9,99,55,24,118,4"/><U81/><E32/><V122/><F122/><W17/><G124/><T106/><D2/><U35/><E35/><V117/><F117/><W130/><G118/><T52/><D69/><N who="1" m="26731" /><E81/><V67/><F125/><W120/><G120/><N who="1" m="46154" /><E73/><V41/><F115/><W61/><G130/><T37/><D15/><U103/><E103/><V16/><F72/><W46/><G99/><T38/><D27/><U102/><E102/><V58/><F101/><W45/><G45/><T49/><D87/><U18/><E21/><V8/><F34/><W76/><G76/><N who="1" m="29258" /><E18/><V105/><F33/><W104/><G104/><T51/><D106/><U134/><E53/><V56/><F105/><W60/><G46/><N who="0" m="27671" /><D96/><U113/><E113/><V88/><F88/><W64/><G54/><T132/><D90/><U107/><E107/><V86/><F86/><W98/><G98/><T114/><D114/><U78/><N who="1" m="29266" /><U100/><DORA hai="94" /><E100/><V1/><F67/><W80/><G80/><T110/><D116/><U82/><E82/><V97/><F97/><W25/><G64/><T28/><D119/><U11/><E11/><V71/><F71/><W108/><G25/><T83/><D49/><U128/><E128/><V36/><REACH who="2" step="1"/><F10/><REACH who="2" ten="365,255,115,235" step="2"/><W62/><G9/><T39/><D83/><U65/><E65/><V112/><F112/><W127/><G127/><T85/><D85/><U14/><E14/><V13/><F13/><W131/><G131/><T26/><D26/><U31/><E31/><V0/><F0/><W20/><G29/><T3/><D28/><U126/><E126/><V19/><F19/><W84/><G17/><RYUUKYOKU ba="2,3" sc="365,-15,255,15,115,15,235,-15" hai1="5,7,134,135" hai2="1,8,12,16,23,36,41,44,56,58,59,109,111" /><INIT seed="1,3,3,4,0,103" ten="350,270,130,220" oya="1" hai0="92,61,118,67,69,119,18,12,104,19,77,34,3" hai1="106,121,10,58,4,116,97,14,81,13,39,56,62" hai2="27,100,114,130,93,32,74,2,70,95,68,9,41" hai3="52,131,63,21,26,49,45,78,24,8,134,96,22"/><U122/><E116/><V53/><F74/><W123/><G123/><T65/><D3/><U80/><E39/><V23/><F130/><W31/><G131/><T133/><D104/><U51/><E51/><V50/><F114/><W98/><G134/><T129/><D133/><U110/><E110/><V48/><F32/><W99/><G78/><T30/><D129/><U28/><E28/><V37/><F37/><W29/><G8/><T85/><D19/><U17/><E121/><V112/><F112/><W59/><REACH who="3" step="1"/><G98/><REACH who="3" ten="350,270,130,210" step="2"/><T89/><D118/><U109/><E122/><V15/><F2/><W57/><G57/><T83/><D119/><U127/><E58/><N who="2" m="33063" /><F68/><W55/><AGARI ba="3,4" hai="21,22,24,26,29,31,45,49,52,55,59,63,96,99" machi="55" ten="20,12000,2" yaku="1,1,0,1,7,1,9,1,8,1,54,1,53,0" doraHai="103" doraHaiUra="108" who="3" fromWho="3" sc="350,-33,270,-63,130,-33,210,169" /><INIT seed="2,0,0,0,5,96" ten="317,207,97,379" oya="2" hai0="92,116,124,29,128,114,27,54,67,16,63,53,11" hai1="60,111,19,119,85,132,12,79,93,49,47,69,84" hai2="99,34,64,86,118,15,51,70,36,50,127,18,95" hai3="21,78,102,32,117,134,23,91,133,87,57,73,94"/><V90/><F127/><W101/><G32/><T58/><D114/><U110/><E119/><V40/><F118/><W2/><G117/><T115/><D116/><U14/><E132/><N who="3" m="50794" /><G2/><T130/><D124/><U66/><E79/><V20/><F34/><W6/><G6/><T33/><D115/><U113/><E113/><V62/><REACH who="2" step="1"/><F86/><REACH who="2" ten="317,207,87,379" step="2"/><W4/><G73/><T5/><D130/><U22/><E85/><V103/><F103/><N who="3" m="39435" /><G78/><T35/><D128/><U122/><E122/><V135/><F135/><W68/><G68/><T61/><D35/><U77/><E69/><V37/><F37/><W89/><G91/><T123/><D33/><U3/><E84/><V7/><F7/><W88/><G4/><T42/><D5/><U13/><E3/><V52/><F52/><W28/><G89/><T108/><D123/><U80/><E77/><V45/><AGARI ba="0,1" hai="15,18,20,36,40,45,50,51,62,64,70,90,95,99" machi="45" ten="30,6000,0" yaku="1,1,0,1,53,1" doraHai="96" doraHaiUra="38" who="2" fromWho="2" sc="317,-20,207,-20,87,70,379,-20" /><INIT seed="2,1,0,5,3,37" ten="297,187,157,359" oya="2" hai0="7,101,128,77,62,11,115,97,88,23,133,41,33" hai1="18,16,114,6,29,123,0,81,40,119,21,110,58" hai2="2,48,9,75,82,43,59,49,31,134,45,28,85" hai3="51,102,109,105,36,70,135,98,132,96,32,125,57"/><V106/><F134/><W13/><G36/><T54/><D33/><U17/><E114/><V112/><F112/><W53/><G109/><T19/><D115/><U38/><E119/><V111/><F106/><W117/><G117/><T89/><D77/><U72/><E110/><V30/><F111/><W124/><G70/><T64/><D133/><N who="3" m="51273" /><G32/><T78/><D78/><N who="1" m="44231" /><E58/><V99/><F75/><W61/><G96/><T91/><D128/><U79/><E79/><V131/><F131/><W93/><G105/><T35/><D35/><U121/><E29/><V65/><F99/><W20/><G61/><T80/><D54/><U127/><E127/><V60/><F49/><W95/><G95/><T3/><D80/><U103/><E103/><V63/><F63/><W12/><G20/><T118/><D118/><U34/><E34/><V87/><REACH who="2" step="1"/><F82/><REACH who="2" ten="297,187,147,359" step="2"/><W4/><G124/><T27/><D97/><U113/><E113/><V25/><F25/><W71/><G125/><T56/><D101/><U55/><E55/><V126/><F126/><W1/><G71/><T120/><D120/><U52/><E52/><V46/><F46/><W108/><G108/><T104/><D104/><U10/><E123/><V66/><F66/><W39/><G39/><T67/><D64/><U24/><E121/><V74/><F74/><W26/><G26/><T90/><N who="0" m="22528" /><DORA hai="69" /><T86/><D86/><U92/><E92/><V47/><F47/><AGARI ba="1,1" hai="0,6,10,16,17,18,21,24,38,40,47" m="44231" machi="47" ten="30,7700,0" yaku="25,1,52,2,54,1" doraHai="37,69" who="1" fromWho="2" sc="297,0,187,90,147,-80,359,0" /><INIT seed="3,0,0,4,4,120" ten="297,277,67,359" oya="3" hai0="118,20,27,3,63,127,12,47,96,82,16,72,91" hai1="19,9,28,106,133,84,49,85,76,40,74,57,26" hai2="25,52,13,68,75,73,111,29,126,50,24,31,46" hai3="32,79,80,107,21,51,117,130,62,0,121,53,93"/><W86/><G32/><T134/><D118/><U125/><E106/><V104/><F68/><W8/><G107/><T99/><D3/><U131/><E131/><V94/><F104/><W6/><G130/><T48/><D127/><U124/><E133/><V38/><F126/><N who="1" m="48745" /><E74/><V30/><F38/><W56/><G121/><T119/><D119/><U89/><E76/><V132/><F132/><W116/><G21/><T39/><D39/><U35/><E40/><V103/><F75/><W112/><G112/><T14/><D134/><U1/><E1/><V42/><F73/><W113/><G113/><T88/><D72/><U22/><E9/><V90/><F103/><W78/><G79/><T67/><D82/><U65/><E89/><N who="0" m="34377" /><D63/><U98/><E98/><N who="0" m="37417" /><D67/><U36/><E36/><V11/><F42/><AGARI ba="0,0" hai="12,14,16,20,27,42,47,48" m="37417,34377" machi="42" ten="30,3900,0" yaku="8,1,54,2" doraHai="120" who="0" fromWho="2" sc="297,39,277,0,67,-39,359,0" owari="336,13.6,277,-12.3,28,-47.2,359,45.9" /></mjloggm>