<mjloggm ver="2.3"><GO type="225" lobby="0"/><UN n0="%48%61%61%61%6C%61%6E%64" n1="%72%65%6E%6B%75%6E" n2="%E3%81%B5%E3%81%98%E3%81%8B%E3%81%A4" n3="%E7%89%B9%E6%9D%B1%E3%81%AF%E4%B8%96%E7%95%8C%E3%82%92%E6%95%91%E3%81%86" dan="18,17,16,16" rate="2189.34,2215.76,2203.50,2143.95" sx="M,M,M,M"/><TAIKYOKU oya="0"/><INIT seed="0,0,0,5,1,110" ten="250,250,250,250" oya="0" hai0="94,46,121,10,132,7,80,0,1,114,111,9,2" hai1="125,85,107,20,27,8,64,117,19,69,93,104,91" hai2="26,122,48,84,58,5,106,4,71,115,135,96,21" hai3="108,83,54,124,68,36,60,98,49,18,74,67,109"/><T127/><D121/><U70/><E117/><V134/><F122/><W6/><G36/><T45/><D111/><N who="3" m="42569" /><G124/><T34/><D127/><U53/><E125/><V82/><F71/><W90/><G6/><T88/><D132/><N who="2" m="50730" /><F106/><W16/><G74/><T128/><D128/><U30/><E53/><N who="2" m="32039" /><F96/><W131/><G131/><T23/><D34/><U11/><E70/><V3/><F3/><W25/><G25/><T89/><D1/><U24/><E8/><V50/><F50/><W77/><G77/><T35/><D35/><U133/><E11/><V86/><F115/><W65/><G65/><T43/><D114/><U52/><E133/><V41/><F41/><W40/><G40/><T105/><D105/><U130/><E130/><V12/><F12/><W29/><G98/><T97/><D43/><U103/><E103/><V76/><F86/><N who="3" m="50527" /><G29/><AGARI ba="0,0" hai="4,5,21,26,29,76,82,84" m="32039,50730" machi="29" ten="30,1000,0" yaku="20,1" doraHai="110" who="2" fromWho="3" sc="250,0,250,0,250,10,250,-10" /><INIT seed="1,0,0,4,0,67" ten="250,250,260,240" oya="1" hai0="54,73,69,98,21,36,49,119,44,115,52,132,135" hai1="0,20,4,91,106,25,100,81,15,14,83,46,64" hai2="29,79,63,50,86,129,89,16,76,126,116,23,26" hai3="127,51,58,128,75,121,62,72,77,17,120,108,65"/><U109/><E64/><V45/><F116/><W99/><G108/><T7/><D115/><U47/><E109/><V9/><F126/><W61/><G127/><T84/><D73/><U66/><E0/><V110/><F110/><W74/><G128/><T71/><D119/><U1/><E1/><V39/><F39/><W82/><G51/><N who="0" m="28775" /><D36/><U55/><E66/><V30/><F63/><W101/><G61/><T2/><D84/><U33/><E33/><V70/><F70/><W68/><G58/><N who="0" m="33103" /><D21/><U13/><E4/><V112/><F129/><W85/><REACH who="3" step="1"/><G17/><REACH who="3" ten="250,250,260,230" step="2"/><T48/><D48/><U40/><E47/><V134/><F112/><W130/><G130/><T43/><D43/><U3/><E40/><N who="2" m="24871" /><F134/><N who="0" m="51242" /><D98/><U97/><E46/><V42/><F42/><W93/><AGARI ba="0,1" hai="62,65,68,72,74,75,77,82,85,93,99,101,120,121" machi="93" ten="30,4000,0" yaku="1,1,0,1,52,1,53,0" doraHai="67" doraHaiUra="111" who="3" fromWho="3" sc="250,-10,250,-20,260,-10,230,50" /><INIT seed="2,0,0,3,4,12" ten="240,230,250,280" oya="2" hai0="93,81,98,123,102,85,42,94,31,41,23,105,86" hai1="65,99,64,124,126,36,57,129,121,44,60,74,90" hai2="84,82,104,134,0,58,43,10,128,46,37,50,83" hai3="18,17,47,55,79,3,54,80,87,114,71,95,108"/><V92/><F104/><W101/><G3/><T116/><D123/><U113/><E74/><V7/><F134/><W130/><G71/><T63/><D116/><U48/><E121/><V33/><F128/><W96/><G130/><T103/><D105/><U22/><E129/><V106/><F33/><W26/><G108/><T32/><D32/><U70/><E113/><V38/><F106/><W132/><G132/><T40/><D63/><N who="1" m="40255" /><E22/><V21/><F58/><W45/><G114/><T97/><REACH who="0" step="1"/><D81/><REACH who="0" ten="230,230,250,280" step="2"/><U52/><E99/><V15/><F83/><W39/><G39/><T135/><D135/><U109/><E109/><V13/><F92/><W133/><G133/><T88/><D88/><U14/><E90/><V51/><F82/><W5/><G5/><T107/><D107/><U91/><E91/><V68/><F7/><W4/><G4/><T56/><D56/><N who="1" m="36871" /><E14/><V72/><F13/><W78/><G78/><T24/><AGARI ba="0,1" hai="23,24,31,40,41,42,85,86,93,94,97,98,102,103" machi="24" ten="30,7900,0" yaku="1,1,0,1,9,1,8,1,53,0" doraHai="12" doraHaiUra="117" who="0" fromWho="0" sc="230,89,230,-20,250,-39,280,-20" /><INIT seed="3,0,0,2,1,75" ten="319,210,211,260" oya="3" hai0="66,125,15,38,28,119,65,72,45,46,43,69,127" hai1="23,30,118,52,104,17,68,18,44,0,99,60,53" hai2="3,115,80,27,71,88,100,90,97,4,64,98,67" hai3="29,92,76,1,101,85,50,91,7,121,117,33,109"/><W34/><G117/><T106/><D119/><U70/><E0/><V14/><F3/><W114/><G114/><T108/><D108/><U87/><E118/><V49/><F71/><W124/><G121/><T93/><D106/><U35/><E87/><N who="2" m="50279" /><F115/><W19/><G124/><T13/><D72/><U94/><E104/><V126/><F126/><N who="0" m="48138" /><D28/><U59/><E35/><V123/><F100/><W89/><G101/><T63/><D65/><U78/><E78/><V95/><F27/><W54/><G109/><T21/><D93/><U110/><E110/><V9/><F98/><W6/><G76/><T56/><D69/><U102/><E68/><V96/><F96/><W84/><G19/><N who="1" m="7178" /><E70/><V111/><F123/><W47/><G29/><T41/><D21/><U5/><E5/><V25/><F111/><W107/><G107/><T2/><D2/><U55/><E44/><V22/><F49/><AGARI ba="0,0" hai="13,15,38,41,43,45,46,49,56,63,66" m="48138" machi="49" ten="30,1000,0" yaku="18,1" doraHai="75" who="0" fromWho="2" sc="319,10,210,0,211,-10,260,0" owari="329,42.9,210,-19.0,201,-29.9,260,6.0" /></mjloggm>