<mjloggm ver="2.3"><GO type="225" lobby="0"/><UN n0="%E5%8D%A0%E3%81%84%E5%B8%AB%E8%A3%8F%E3%81%AA%E3%81%84%E3%81%97" n1="%E7%99%BD%E6%97%A5%E9%9B%AA%E8%8F%9C" n2="%6D%75%75%6D%75%72%61" n3="%45%6C%79%73%69%75%6D" dan="16,16,17,17" rate="2106.55,2138.15,2204.55,2114.27" sx="M,M,F,F"/><TAIKYOKU oya="0"/><INIT seed="0,0,0,3,2,77" ten="250,250,250,250" oya="0" hai0="34,130,8,82,52,62,37,58,91,129,33,10,31" hai1="110,4,30,93,78,63,24,111,23,97,127,76,66" hai2="46,121,102,120,70,87,103,125,50,131,89,133,64" hai3="12,59,41,84,123,122,53,17,48,5,115,96,92"/><T134/><D37/><U61/><E127/><V88/><F125/><W21/><G115/><T27/><D33/><U80/><E4/><V3/><F3/><W94/><G5/><T118/><D118/><U135/><E135/><V72/><F72/><W68/><G68/><T9/><D134/><U45/><E45/><V104/><F133/><W14/><G14/><T79/><REACH who="0" step="1"/><D91/><REACH who="0" ten="240,250,250,250" step="2"/><U7/><E111/><V128/><F121/><W28/><G122/><T83/><D83/><U60/><E110/><V35/><F120/><W16/><G123/><T86/><AGARI ba="0,1" hai="8,9,10,27,31,34,52,58,62,79,82,86,129,130" machi="86" ten="30,12000,1" yaku="1,1,0,1,52,1,54,1,53,1" doraHai="77" doraHaiUra="74" who="0" fromWho="0" sc="240,130,250,-40,250,-40,250,-40" /><INIT seed="0,1,0,2,4,135" ten="370,210,210,210" oya="0" hai0="14,28,102,40,98,72,84,116,118,22,23,126,42" hai1="3,94,30,99,128,4,46,31,91,69,133,56,129" hai2="123,97,27,34,17,62,109,11,13,87,132,63,100" hai3="110,2,111,66,43,104,50,47,25,119,130,78,60"/><T121/><D72/><U64/><E133/><V120/><F132/><W85/><G104/><T75/><D75/><U88/><E69/><V67/><F109/><N who="3" m="41483" /><G2/><T71/><D71/><U35/><E46/><V7/><F87/><W21/><G119/><T124/><D121/><U127/><E127/><N who="0" m="48681" /><D84/><U54/><E64/><V101/><F101/><W90/><G130/><N who="1" m="50282" /><E35/><V131/><F131/><W103/><G103/><T89/><D89/><U113/><E113/><V36/><F36/><W92/><G78/><T125/><N who="0" m="48689" /><T65/><DORA hai="117" /><D65/><U19/><E91/><V0/><F27/><W57/><G25/><N who="0" m="16439" /><D23/><AGARI ba="1,0" hai="21,23,43,47,50,57,60,66,85,90,92" m="41483" machi="23" ten="30,1000,0" yaku="14,1" doraHai="135,117" who="3" fromWho="0" sc="370,-13,210,0,210,0,210,13" /><INIT seed="1,0,0,5,5,5" ten="357,210,210,223" oya="1" hai0="99,23,129,112,78,25,88,32,64,59,111,63,101" hai1="134,84,113,41,79,49,1,80,97,31,69,98,83" hai2="24,127,119,21,56,43,67,2,8,81,45,104,16" hai3="130,50,70,17,26,22,33,95,126,92,100,91,46"/><U68/><E113/><V18/><F104/><W30/><G70/><T4/><D112/><U76/><E1/><V47/><F119/><W123/><G123/><T38/><D32/><U54/><E134/><V109/><F109/><W77/><G130/><T37/><D111/><U52/><E31/><V114/><F114/><W82/><G126/><T86/><D78/><U120/><E120/><V11/><F127/><W29/><G100/><T7/><D38/><U14/><E14/><N who="2" m="7239" /><F2/><W135/><G135/><T9/><D9/><U74/><E41/><V132/><F132/><W36/><G36/><T71/><D71/><U58/><REACH who="1" step="1"/><E54/><REACH who="1" ten="357,200,210,223" step="2"/><V13/><F43/><W90/><G30/><N who="0" m="17727" /><D129/><U125/><E125/><V27/><F81/><W72/><G29/><T6/><D37/><U0/><E0/><V89/><F89/><W108/><G108/><T62/><D88/><U19/><E19/><N who="2" m="8639" /><F27/><W55/><G90/><T48/><D4/><U128/><E128/><V106/><F106/><W35/><G95/><T73/><D6/><U20/><E20/><V28/><F28/><W115/><G115/><T124/><D7/><U44/><E44/><V15/><F15/><W110/><G110/><T105/><D124/><U121/><E121/><V133/><F133/><W66/><G92/><T61/><D105/><U51/><E51/><V102/><F102/><W60/><G91/><T40/><D101/><U53/><E53/><V117/><F117/><W118/><G118/><T85/><D48/><U3/><E3/><V10/><F10/><W94/><G94/><T103/><D103/><U93/><E93/><RYUUKYOKU ba="0,1" sc="357,-30,200,10,210,10,223,10" hai1="49,52,58,68,69,74,76,79,80,83,84,97,98" hai2="18,21,24,45,47,56,67" hai3="17,22,26,33,35,46,50,55,60,66,72,77,82" /><INIT seed="1,1,1,0,1,5" ten="327,210,220,233" oya="1" hai0="80,66,82,117,25,31,125,74,64,56,2,60,102" hai1="120,78,7,81,55,20,12,30,40,32,46,128,58" hai2="126,1,43,85,52,91,93,133,83,21,33,18,35" hai3="111,105,76,14,29,98,23,16,39,99,61,3,90"/><U10/><E120/><V71/><F71/><W115/><G115/><T6/><D117/><U95/><E128/><V49/><F133/><W116/><G3/><T0/><D125/><U13/><E32/><V17/><F126/><W121/><G121/><T100/><D74/><U38/><E95/><V107/><F107/><W124/><G124/><T53/><D2/><U119/><E119/><V75/><F1/><W59/><G39/><T129/><D129/><U109/><E109/><V79/><F43/><W19/><G116/><T113/><D113/><U8/><E30/><V135/><F18/><W45/><G29/><T41/><D41/><U122/><E20/><V130/><F130/><W73/><G111/><T103/><D6/><U77/><E81/><N who="0" m="31337" /><D0/><U89/><E89/><V9/><F9/><W69/><G69/><T72/><D72/><U48/><E122/><V94/><F93/><W86/><G73/><T27/><D31/><U92/><E92/><V24/><REACH who="2" step="1"/><F135/><REACH who="2" ten="327,210,210,233" step="2"/><W44/><G105/><T132/><D132/><U131/><E131/><V127/><F127/><W84/><G19/><AGARI ba="1,2" hai="7,8,10,12,13,19,38,40,46,48,55,58,77,78" machi="19" ten="30,5800,0" yaku="7,1,52,2" doraHai="5" who="1" fromWho="3" sc="327,0,210,81,210,0,233,-61" /><INIT seed="1,2,0,4,0,3" ten="327,291,210,172" oya="1" hai0="117,111,90,105,131,55,92,26,75,81,1,94,64" hai1="49,119,115,125,79,101,133,126,40,103,100,82,0" hai2="120,10,34,83,87,42,14,86,31,58,28,74,39" hai3="89,93,45,29,53,25,65,23,11,18,17,54,99"/><U15/><E115/><V30/><F120/><W112/><G112/><T13/><D117/><U2/><E119/><V24/><F74/><W118/><G118/><T97/><D1/><U85/><E133/><V21/><F39/><W63/><G45/><T48/><D111/><U121/><E121/><V76/><F42/><W135/><G135/><T7/><D131/><U127/><REACH who="1" step="1"/><E15/><REACH who="1" ten="327,281,210,172" step="2"/><V36/><F14/><W50/><G11/><T80/><D13/><U57/><E57/><V22/><F58/><W73/><G73/><T69/><D75/><U109/><E109/><V19/><F10/><W88/><G65/><T91/><D64/><U134/><E134/><V78/><F34/><W33/><G33/><T43/><D69/><U8/><E8/><V52/><F22/><W70/><G70/><T106/><D106/><U35/><E35/><V9/><F21/><W61/><G23/><T68/><D105/><U37/><E37/><V38/><F38/><W96/><G25/><T124/><D26/><U41/><E41/><V12/><F24/><W108/><G108/><T110/><D43/><U95/><E95/><V132/><F36/><W66/><G66/><T102/><D92/><U71/><E71/><V46/><F132/><W5/><G93/><T84/><D68/><U104/><E104/><V6/><F46/><AGARI ba="2,1" hai="0,2,40,46,49,79,82,85,100,101,103,125,126,127" machi="46" ten="50,4800,0" yaku="1,1,18,1,53,0" doraHai="3" doraHaiUra="67" who="1" fromWho="2" sc="327,0,281,64,210,-54,172,0" /><INIT seed="1,3,0,3,0,74" ten="327,345,156,172" oya="1" hai0="39,18,72,6,84,122,97,26,63,59,33,82,54" hai1="101,67,90,105,113,89,4,86,81,28,34,121,118" hai2="8,104,110,87,50,35,80,46,60,19,15,20,130" hai3="41,115,77,5,48,12,3,133,56,78,64,21,129"/><U45/><E113/><V106/><F35/><W99/><G115/><T58/><D39/><U117/><E121/><V126/><F110/><W55/><G129/><T61/><D122/><U108/><E108/><V32/><F130/><W13/><G133/><T91/><D72/><U0/><E67/><V57/><F32/><W102/><G3/><T123/><D123/><U135/><E135/><V79/><F126/><W88/><G64/><T51/><D6/><U128/><E128/><V49/><F20/><W96/><G41/><T69/><D69/><U52/><E90/><V65/><REACH who="2" step="1"/><F50/><REACH who="2" ten="327,345,146,172" step="2"/><W24/><G21/><N who="0" m="13623" /><D33/><U47/><E34/><V103/><F103/><W92/><G24/><T40/><D40/><AGARI ba="3,1" hai="8,15,19,40,46,49,57,60,65,79,80,87,104,106" machi="40" ten="30,3900,0" yaku="1,1,7,1,52,1,53,0" doraHai="74" doraHaiUra="71" who="2" fromWho="0" sc="327,-48,345,0,146,58,172,0" /><INIT seed="2,0,0,2,1,18" ten="279,345,204,172" oya="2" hai0="131,20,69,30,101,98,24,74,49,34,11,9,21" hai1="102,38,26,22,8,116,1,0,61,79,118,128,108" hai2="64,107,50,7,111,133,56,36,100,29,23,81,73" hai3="28,87,25,70,122,113,12,94,92,47,82,4,62"/><V83/><F36/><W54/><G122/><T17/><D74/><U119/><E38/><V89/><F133/><W76/><G113/><T3/><D69/><U114/><E114/><V115/><F115/><W5/><G70/><T135/><D135/><U104/><E108/><V57/><F111/><W97/><G12/><T125/><D125/><U40/><E40/><V130/><F130/><W134/><G134/><T45/><D3/><U15/><E128/><V120/><F120/><W72/><G72/><T129/><D129/><U105/><E79/><V91/><F107/><W37/><G37/><T53/><D34/><U95/><E61/><N who="2" m="37927" /><F100/><W66/><G66/><T44/><D44/><U16/><E95/><V59/><F7/><W126/><G126/><T13/><REACH who="0" step="1"/><D131/><REACH who="0" ten="269,345,204,172" step="2"/><U93/><E1/><V90/><F73/><W78/><G47/><T86/><D86/><U55/><E0/><V52/><F59/><W63/><G87/><T31/><D31/><U106/><E119/><V96/><F96/><W48/><G97/><T58/><D58/><U117/><E117/><V67/><F67/><W71/><G71/><T42/><D42/><U32/><E118/><V85/><F85/><W103/><G28/><T6/><D6/><U51/><E116/><V127/><F127/><W80/><G4/><T60/><D60/><U2/><E2/><V39/><F39/><W109/><G5/><T75/><D75/><U41/><E32/><V88/><N who="2" m="22528" /><DORA hai="14" /><V68/><F68/><W10/><G109/><T84/><D84/><U27/><E41/><V110/><F110/><W43/><G43/><RYUUKYOKU ba="0,1" sc="269,15,345,-15,204,15,172,-15" hai0="9,11,13,17,20,21,24,30,45,49,53,98,101" hai2="23,29,50,52,57,81,83" /><INIT seed="2,1,1,2,2,82" ten="284,330,219,157" oya="2" hai0="21,5,90,8,37,46,48,12,126,91,19,80,67" hai1="129,79,114,106,75,2,10,17,71,43,123,33,88" hai2="121,9,41,57,47,95,24,85,122,15,73,99,36" hai3="64,125,52,56,133,117,96,44,13,86,6,4,109"/><V65/><F73/><W29/><G117/><T18/><D126/><U59/><E71/><V113/><F113/><W28/><G125/><T87/><D37/><U111/><E106/><V35/><F35/><W132/><G109/><T135/><D135/><N who="3" m="51785" /><G96/><T101/><D101/><U116/><E33/><V58/><F24/><W94/><G64/><T72/><D72/><U115/><E43/><V22/><F22/><W34/><G44/><T31/><D67/><U61/><E116/><V78/><F65/><W66/><G66/><T130/><D130/><U131/><E111/><V92/><F121/><W110/><G110/><T1/><D31/><N who="3" m="11849" /><G13/><T100/><D100/><U97/><E123/><V69/><F122/><W118/><G34/><T105/><D105/><U42/><E42/><V49/><F69/><W70/><G70/><T60/><D60/><U40/><E40/><V62/><F36/><W16/><G16/><T55/><REACH who="0" step="1"/><D19/><REACH who="0" ten="274,330,219,157" step="2"/><U74/><E17/><V26/><F62/><N who="3" m="36103" /><G118/><T134/><D134/><U20/><E131/><V63/><F63/><W25/><G25/><T53/><D53/><U127/><E129/><V0/><F26/><W54/><G54/><T76/><AGARI ba="1,2" hai="1,5,8,12,18,21,46,48,55,76,80,87,90,91" machi="76" ten="20,8000,1" yaku="1,1,0,1,7,1,52,1,53,1" doraHai="82" doraHaiUra="3" who="0" fromWho="0" sc="274,103,330,-21,219,-41,157,-21" /><INIT seed="3,0,0,1,3,133" ten="377,309,178,136" oya="3" hai0="106,118,23,130,27,119,115,71,95,47,85,84,43" hai1="17,108,127,22,89,5,116,52,67,1,12,65,32" hai2="99,38,25,6,88,48,93,36,90,96,0,131,26" hai3="20,35,107,58,135,111,91,30,59,124,51,53,66"/><W128/><G135/><T4/><D106/><U110/><E116/><V39/><F131/><W19/><G128/><T113/><D71/><U15/><E15/><V18/><F0/><W68/><G107/><T60/><D60/><U2/><E32/><V62/><F6/><W69/><G111/><N who="1" m="42538" /><E127/><V77/><F77/><W86/><G30/><N who="0" m="17791" /><D4/><U105/><E105/><V28/><F62/><N who="3" m="38239" /><G35/><T46/><D46/><U34/><E34/><V54/><F36/><W94/><G124/><T98/><D130/><U125/><E125/><V9/><F38/><W74/><G74/><T63/><D63/><U100/><E100/><V109/><F39/><W56/><G56/><T132/><D132/><U83/><E5/><V70/><F70/><W44/><G44/><T50/><D118/><U76/><E89/><V73/><F28/><W101/><G101/><N who="0" m="60639" /><D119/><U21/><E21/><V102/><F73/><W92/><G92/><T122/><D122/><U120/><E120/><V104/><F109/><W49/><G49/><T14/><D14/><AGARI ba="0,0" hai="14,19,20,51,53,58,68,69,86,91,94" m="38239" machi="14" ten="30,1500,0" yaku="25,1" doraHai="133" who="3" fromWho="0" sc="377,-15,309,0,178,0,136,15" /><INIT seed="3,1,0,1,1,36" ten="362,309,178,151" oya="3" hai0="127,22,81,55,135,43,11,134,53,25,6,28,16" hai1="29,58,97,37,122,68,30,74,41,67,76,52,48" hai2="120,90,23,106,108,31,92,100,26,59,117,18,102" hai3="10,49,69,34,12,99,114,110,70,2,32,51,65"/><W27/><G114/><T56/><D43/><U107/><E122/><V86/><F117/><W71/><G2/><N who="0" m="471" /><D127/><U91/><E76/><V129/><F108/><W94/><G110/><T103/><D103/><U121/><E74/><V88/><F129/><W80/><G65/><T95/><D81/><U3/><E3/><V78/><F106/><W9/><G80/><T130/><D95/><U101/><E121/><V35/><F78/><W38/><G38/><T47/><D47/><N who="1" m="23983" /><E91/><V4/><F120/><W66/><G66/><T109/><D109/><U82/><E82/><V85/><F4/><W83/><G83/><T19/><D55/><U17/><E17/><V93/><F59/><W73/><G73/><T115/><D115/><U0/><E0/><V87/><F87/><W13/><G9/><T15/><D130/><U46/><E46/><V123/><F123/><W116/><G116/><T45/><D45/><U5/><E5/><V60/><F60/><AGARI ba="1,0" hai="29,30,48,52,58,60,67,68,97,101,107" m="23983" machi="60" ten="30,3900,0" yaku="24,1,52,1,54,1" doraHai="36" who="1" fromWho="2" sc="362,0,309,42,178,-42,151,0" owari="362,46.2,351,15.1,136,-36.4,151,-24.9" /></mjloggm>