<mjloggm ver="2.3"><GO type="225" lobby="0"/><UN n0="%EF%BC%AE%EF%BC%A1%EF%BC%AF%33%33%39" n1="%E3%83%97%E3%83%AC%E3%83%B4%E3%82%A1%E3%83%86%E3%82%A3" n2="%E3%82%BC%E3%83%AB%E3%83%80%E3%81%AE%E4%BC%9D%E8%AA%AC" n3="%6D%75%75%6D%75%72%61" dan="16,16,17,17" rate="2070.49,2138.29,2239.05,2202.12" sx="M,F,M,F"/><TAIKYOKU oya="0"/><INIT seed="0,0,0,5,3,134" ten="250,250,250,250" oya="0" hai0="3,6,91,32,27,28,11,5,102,36,84,95,98" hai1="41,119,131,23,73,133,97,132,38,115,20,25,70" hai2="127,26,72,49,22,33,58,65,104,106,100,66,129" hai3="55,17,18,130,68,8,85,88,57,47,76,61,89"/><T10/><D36/><U21/><E119/><V112/><F112/><W29/><G130/><T107/><D6/><U120/><E120/><V75/><F129/><W78/><G68/><T13/><REACH who="0" step="1"/><D10/><REACH who="0" ten="240,250,250,250" step="2"/><U53/><E131/><V12/><F106/><W67/><G8/><T105/><D105/><U62/><E115/><V9/><F9/><W116/><G116/><T79/><D79/><U110/><E132/><V126/><F104/><W69/><G78/><T24/><D24/><U56/><E133/><V16/><F26/><W77/><G76/><T111/><D111/><U44/><E110/><V39/><F39/><W59/><G77/><T15/><AGARI ba="0,1" hai="3,5,11,13,15,27,28,32,84,91,95,98,102,107" machi="15" ten="30,3000,0" yaku="1,1,0,1,53,0" doraHai="134" doraHaiUra="19" who="0" fromWho="0" sc="240,40,250,-10,250,-10,250,-10" /><INIT seed="0,1,0,2,5,14" ten="280,240,240,240" oya="0" hai0="78,50,92,62,79,59,25,8,116,26,74,22,48" hai1="99,54,61,73,52,44,0,123,112,13,100,46,40" hai2="28,91,121,117,1,118,129,130,51,114,89,86,125" hai3="56,131,101,38,133,113,63,76,10,126,84,65,93"/><T64/><D116/><N who="2" m="44650" /><F1/><W35/><G113/><T29/><D74/><U75/><E0/><V90/><F28/><W33/><G131/><N who="2" m="50185" /><F51/><N who="0" m="19498" /><D25/><U95/><E112/><V71/><F71/><W4/><G133/><T115/><D115/><U6/><E123/><V27/><F114/><W34/><G126/><T68/><D68/><U77/><E77/><V57/><F57/><W41/><G101/><T108/><D108/><U12/><E61/><V45/><F45/><W82/><G93/><T120/><D120/><U42/><E95/><N who="2" m="54711" /><F27/><W39/><REACH who="3" step="1"/><G41/><REACH who="3" ten="280,240,240,230" step="2"/><T21/><D92/><U15/><E100/><V43/><F121/><W5/><G5/><T132/><D132/><U110/><E6/><V105/><F43/><N who="1" m="16425" /><E110/><V127/><F105/><W23/><G23/><T58/><D22/><U2/><E2/><AGARI ba="1,1" hai="2,4,10,33,34,35,38,39,56,63,65,76,82,84" machi="2" ten="40,2600,0" yaku="1,1,53,1" doraHai="14" doraHaiUra="55" who="3" fromWho="1" sc="280,0,240,-29,240,0,230,39" /><INIT seed="1,0,0,3,4,94" ten="280,211,240,269" oya="1" hai0="57,71,11,122,66,1,135,77,13,32,69,58,108" hai1="79,21,67,68,116,106,24,103,98,53,18,128,42" hai2="9,20,29,87,2,76,12,4,125,47,85,39,49" hai3="17,73,74,97,89,23,75,51,46,26,124,30,83"/><U123/><E116/><V134/><F125/><W82/><G124/><T118/><D118/><U10/><E123/><V37/><F134/><W56/><G56/><T48/><D32/><U3/><E128/><V64/><F64/><W65/><G65/><T112/><D1/><U100/><E79/><V59/><F59/><W22/><G97/><T117/><D117/><U129/><E129/><V102/><F102/><W95/><G95/><T131/><D112/><U15/><E3/><V62/><F62/><W41/><REACH who="3" step="1"/><G89/><REACH who="3" ten="280,211,240,259" step="2"/><T115/><D131/><U90/><E103/><V5/><F47/><W28/><G28/><T120/><D66/><U111/><E90/><V0/><F29/><W113/><G113/><T45/><D115/><U43/><E111/><V96/><F96/><W133/><G133/><T121/><D135/><U126/><E126/><V33/><F76/><W54/><G54/><T127/><D77/><U7/><REACH who="1" step="1"/><E53/><REACH who="1" ten="280,201,240,259" step="2"/><V92/><F2/><W72/><N who="3" m="18432" /><DORA hai="25" /><W80/><G80/><T132/><D132/><U14/><E14/><AGARI ba="0,2" hai="14,17,22,23,26,30,41,46,51,82,83" m="18432" machi="14" ten="70,4500,0" yaku="1,1,52,1,53,0" doraHai="94,25" doraHaiUra="101,63" who="3" fromWho="1" sc="280,0,201,-45,240,0,259,65" /><INIT seed="2,0,0,0,1,131" ten="280,156,240,324" oya="2" hai0="39,128,12,101,125,59,79,112,85,71,121,133,108" hai1="69,24,5,87,100,86,89,29,57,10,52,77,88" hai2="113,3,109,27,44,116,4,93,11,96,54,35,91" hai3="51,33,104,48,127,70,42,0,123,73,62,97,20"/><V129/><F113/><W56/><G33/><T94/><D71/><U45/><E69/><V117/><F129/><W61/><G123/><T132/><D39/><U16/><E100/><V72/><F72/><W83/><G127/><T68/><D68/><U90/><E45/><V81/><F109/><W63/><G0/><T115/><D128/><U53/><E77/><V74/><F74/><W98/><G70/><T124/><D59/><U111/><E111/><V119/><F81/><W122/><G122/><T36/><D12/><N who="1" m="7191" /><E5/><V126/><F126/><N who="0" m="48746" /><D36/><U2/><E2/><V28/><F44/><N who="3" m="25623" /><G104/><T99/><D108/><U21/><E53/><V107/><F54/><N who="3" m="31839" /><G73/><T32/><D32/><U7/><E7/><V95/><F107/><W1/><G1/><T67/><D67/><U60/><AGARI ba="0,0" hai="21,24,29,52,57,60,86,87,88,89,90" m="7191" machi="60" ten="30,7900,0" yaku="8,1,54,3" doraHai="131" who="1" fromWho="1" sc="280,-20,156,79,240,-39,324,-20" /><INIT seed="3,0,0,3,4,45" ten="260,235,201,304" oya="3" hai0="54,9,118,46,126,52,120,0,29,7,27,67,35" hai1="125,96,44,50,37,103,123,99,98,130,102,14,107" hai2="84,12,95,41,105,90,122,55,69,25,43,100,49" hai3="77,71,23,78,11,60,30,128,94,111,18,17,117"/><W114/><G114/><T121/><D118/><U73/><E123/><V113/><F113/><W82/><G117/><T20/><D67/><U5/><E73/><V74/><F122/><W66/><G128/><T132/><D132/><U85/><E130/><V135/><F135/><W119/><G119/><T76/><D76/><U33/><E33/><V68/><F74/><W131/><G131/><T57/><D126/><U24/><E37/><V62/><F25/><W75/><G111/><T61/><D35/><U127/><E24/><V134/><F134/><W6/><G77/><T53/><D53/><U31/><E31/><V48/><F69/><W39/><G39/><T56/><REACH who="0" step="1"/><D46/><REACH who="0" ten="250,235,201,304" step="2"/><U104/><E125/><V34/><F34/><W32/><G32/><T79/><D79/><U86/><E127/><V92/><F68/><W106/><G78/><T89/><D89/><U81/><E81/><V101/><F105/><W59/><G106/><T47/><D47/><U133/><E133/><V63/><F55/><W72/><G82/><T112/><D112/><U10/><REACH who="1" step="1"/><E99/><REACH who="1" ten="250,225,201,304" step="2"/><V129/><F129/><W16/><G72/><T1/><D1/><U4/><E4/><V83/><F83/><W58/><G75/><T88/><D88/><U80/><E80/><V116/><F90/><W97/><G6/><T42/><D42/><AGARI ba="0,2" hai="5,10,14,42,44,50,85,86,96,98,102,103,104,107" machi="42" ten="30,8000,1" yaku="1,1,7,1,9,1,52,1,53,1" doraHai="45" doraHaiUra="2" who="1" fromWho="0" sc="250,-80,225,100,201,0,304,0" owari="170,-33.0,325,42.5,201,-19.9,304,10.4" /></mjloggm>