<mjloggm ver="2.3"><GO type="225" lobby="0"/><UN n0="%72%61%6B%33" n1="%E3%81%AF%E3%82%88%E3%81%8A%E3%81%98%E3%81%95%E3%82%93" n2="%72%69%6F%75%63%68%61%6E" n3="%73%6C%69%63%6B%33%31%39" dan="16,16,17,17" rate="2187.34,2096.31,2288.41,2188.45" sx="M,M,M,M"/><TAIKYOKU oya="0"/><INIT seed="0,0,0,0,0,109" ten="250,250,250,250" oya="0" hai0="11,51,120,43,131,14,41,98,92,60,36,33,72" hai1="66,85,91,53,100,23,96,58,6,129,93,104,1" hai2="79,135,27,61,87,7,88,15,25,75,71,126,8" hai3="77,70,55,128,59,115,50,108,114,111,130,34,9"/><T5/><D120/><U81/><E129/><N who="3" m="49770" /><G34/><T18/><D131/><U47/><E1/><V17/><F126/><W38/><G70/><T37/><D72/><U57/><E6/><V122/><F135/><W112/><G38/><T121/><D121/><U45/><E66/><V42/><F122/><W0/><G77/><T48/><D33/><U95/><E57/><V83/><F42/><W54/><G54/><T133/><D133/><U94/><REACH who="1" step="1"/><E23/><REACH who="1" ten="250,240,250,250" step="2"/><V86/><F7/><AGARI ba="0,1" hai="0,7,9,50,55,59,108,111,112,114,115" m="49770" machi="7" ten="40,8000,1" yaku="19,1,52,3" doraHai="109" who="3" fromWho="2" sc="250,0,240,0,250,-80,250,90" /><INIT seed="1,0,0,1,3,135" ten="250,240,170,340" oya="1" hai0="112,34,24,2,52,75,25,91,64,32,42,13,119" hai1="40,108,35,123,67,121,96,21,109,23,71,80,43" hai2="65,79,70,56,41,68,1,78,114,107,39,38,57" hai3="14,44,74,117,54,10,63,66,110,36,72,8,98"/><U31/><E35/><V127/><F1/><W126/><G110/><N who="1" m="42602" /><E80/><V55/><F107/><W134/><G126/><T97/><D2/><U11/><E11/><V128/><F79/><W7/><G134/><T122/><D75/><U73/><E73/><V113/><F78/><W115/><G115/><N who="2" m="44041" /><F128/><W9/><G117/><T45/><D119/><U19/><E96/><V77/><F77/><W59/><G98/><T47/><D122/><N who="1" m="46603" /><E31/><V48/><F127/><W118/><G118/><T94/><D32/><U125/><E125/><V37/><F41/><N who="1" m="15945" /><E19/><V16/><F16/><W4/><G9/><T29/><D29/><U104/><E104/><V49/><F65/><W90/><G66/><T85/><D64/><U111/><N who="1" m="42610" /><U120/><N who="1" m="46611" /><DORA hai="69" /><U116/><DORA hai="103" /><E116/><V20/><F20/><W30/><G30/><T33/><D33/><U17/><E17/><V82/><F82/><W26/><G74/><T62/><D34/><U95/><E95/><V89/><F89/><W132/><G90/><T99/><D94/><U76/><E76/><V133/><F133/><W88/><G88/><T124/><D91/><U28/><E28/><V0/><F0/><W22/><G72/><T5/><D124/><U106/><E106/><V58/><F55/><W15/><G132/><T130/><D52/><U61/><AGARI ba="0,0" hai="21,23,61,67,71" m="15945,46611,42610" machi="61" ten="60,6000,0" yaku="14,1,10,1" doraHai="135,69,103" who="1" fromWho="1" sc="250,-20,240,60,170,-20,340,-20" /><INIT seed="1,1,0,3,5,43" ten="230,300,150,320" oya="1" hai0="61,45,64,79,63,117,80,119,75,23,124,78,6" hai1="40,54,1,41,123,100,18,2,73,71,52,10,120" hai2="56,51,70,42,77,113,81,99,106,102,101,112,92" hai3="114,126,46,76,109,132,60,125,37,25,27,118,83"/><U21/><E73/><V98/><F70/><W48/><G114/><T8/><D124/><N who="3" m="47721" /><G109/><T12/><D79/><U66/><E100/><V32/><F32/><W19/><G132/><T97/><D61/><U28/><E28/><V90/><F56/><W91/><G37/><T14/><D97/><U20/><E10/><V110/><F110/><W87/><G118/><T3/><D14/><U85/><E85/><N who="2" m="52303" /><F51/><W33/><G33/><T22/><D22/><U103/><E103/><V104/><F42/><N who="3" m="24663" /><G91/><T86/><D75/><AGARI ba="1,0" hai="75,77,81,98,99,101,102,104,106,112,113" m="52303" machi="75" ten="30,3900,0" yaku="24,1,34,2" doraHai="43" who="2" fromWho="0" sc="230,-42,300,0,150,42,320,0" /><INIT seed="2,0,0,2,3,57" ten="188,300,192,320" oya="2" hai0="23,48,124,49,17,63,93,103,21,6,34,128,36" hai1="35,4,67,0,16,79,101,28,12,130,132,109,113" hai2="8,116,26,30,44,18,70,118,66,71,60,82,20" hai3="72,31,15,24,96,3,45,125,55,68,112,111,95"/><V129/><F129/><W85/><G72/><T14/><D36/><U123/><E113/><V74/><F71/><W25/><G3/><T1/><D34/><U81/><E130/><V122/><F122/><W76/><G68/><T7/><D124/><U58/><E123/><V84/><F74/><W94/><G125/><T5/><D1/><U91/><E109/><V131/><F131/><W106/><G106/><T51/><D128/><U108/><E108/><V119/><F44/><W89/><G111/><T65/><D21/><U2/><E132/><V75/><F75/><W39/><G112/><T52/><D103/><U86/><E101/><V13/><REACH who="2" step="1"/><F118/><REACH who="2" ten="188,300,182,320" step="2"/><W100/><G45/><T133/><D133/><U62/><E4/><V105/><F105/><W41/><G39/><T78/><D5/><U40/><E40/><V90/><AGARI ba="0,1" hai="8,13,18,20,26,30,60,66,70,82,84,90,116,119" machi="90" ten="20,7800,0" yaku="1,1,0,1,7,1,52,1,53,0" doraHai="57" doraHaiUra="53" who="2" fromWho="2" sc="188,-26,300,-26,182,88,320,-26" /><INIT seed="2,1,0,0,5,32" ten="162,274,270,294" oya="2" hai0="56,112,57,116,22,121,70,46,113,1,62,41,80" hai1="18,67,107,27,39,23,118,132,47,30,103,104,5" hai2="98,3,33,0,79,51,9,7,11,74,42,36,19" hai3="81,127,66,16,123,108,63,95,37,131,45,54,77"/><V135/><F135/><W109/><G123/><T97/><D121/><U72/><E118/><V92/><F33/><W89/><G131/><T85/><D116/><U115/><E115/><V6/><F51/><W25/><G127/><T58/><D97/><U84/><E72/><V50/><F50/><W128/><G128/><T59/><D22/><U82/><E132/><V93/><F19/><W26/><G54/><T125/><D125/><U4/><E67/><V91/><F93/><W38/><G45/><T87/><D87/><U40/><E18/><V35/><F35/><W2/><G2/><T105/><D105/><U134/><E134/><V101/><F91/><W68/><G38/><T94/><D94/><U49/><E39/><V76/><REACH who="2" step="1"/><F74/><REACH who="2" ten="162,274,260,294" step="2"/><W65/><G16/><T119/><D119/><U60/><E107/><V10/><F10/><W83/><G95/><T71/><D113/><U15/><E104/><V78/><F78/><W122/><G89/><T90/><D112/><U130/><E130/><V106/><F106/><W28/><G77/><T8/><N who="0" m="14336" /><DORA hai="129" /><T111/><D111/><U96/><E49/><V20/><F20/><W64/><G108/><T117/><D117/><U133/><E23/><V53/><F53/><W120/><G109/><T86/><D90/><U73/><E73/><V102/><F102/><W21/><G21/><T124/><D8/><N who="1" m="4487" /><E103/><V31/><F31/><W110/><G28/><T43/><D124/><U29/><E30/><V17/><F17/><W88/><G88/><T55/><D55/><U69/><E133/><V44/><AGARI ba="1,1" hai="0,3,6,7,9,11,36,42,44,76,79,92,98,101" machi="44" ten="30,18000,2" yaku="1,1,0,1,9,1,52,2,53,2" doraHai="32,129" doraHaiUra="24,75" who="2" fromWho="2" sc="162,-61,274,-61,260,193,294,-61" /><INIT seed="2,2,0,3,0,118" ten="101,213,453,233" oya="2" hai0="34,62,97,128,100,51,58,102,120,99,106,2,40" hai1="21,44,29,82,135,110,121,11,117,23,46,81,1" hai2="15,125,84,96,133,59,22,122,55,19,123,52,37" hai3="0,92,76,72,65,33,7,50,103,98,112,48,88"/><V83/><F37/><W86/><G33/><T42/><D128/><U71/><E117/><V66/><F125/><W131/><G131/><T53/><D34/><U60/><E110/><V25/><F133/><W77/><G112/><T79/><D2/><U24/><E135/><V114/><F114/><W45/><G65/><T16/><D120/><U31/><E121/><V27/><F66/><W129/><G129/><T5/><D5/><U36/><E71/><V18/><F96/><W30/><G30/><T47/><D79/><U116/><E116/><V127/><F127/><W113/><G113/><T70/><D70/><U67/><E1/><V132/><F132/><W107/><G72/><T126/><D126/><U130/><E11/><V69/><F69/><W13/><G0/><T63/><D16/><U54/><E130/><V87/><F59/><W108/><G108/><T68/><D68/><U90/><E67/><V14/><F83/><N who="1" m="31753" /><E36/><V38/><F38/><W26/><G26/><T109/><D109/><U56/><E90/><V134/><F134/><W10/><REACH who="3" step="1"/><G50/><REACH who="3" ten="101,213,453,223" step="2"/><T12/><D12/><U111/><E111/><V74/><F22/><W49/><G49/><T9/><D9/><U93/><E21/><V124/><F124/><W4/><G4/><T3/><D3/><U41/><E29/><V28/><F74/><W39/><G39/><T57/><D63/><U119/><E119/><V8/><F8/><W91/><G91/><T94/><REACH who="0" step="1"/><D58/><REACH who="0" ten="91,213,453,223" step="2"/><N who="1" m="34903" /><E23/><V115/><F115/><W43/><AGARI ba="2,2" hai="7,10,13,43,45,48,76,77,86,88,92,98,103,107" machi="43" ten="20,8000,1" yaku="1,1,0,1,7,1,54,1,53,1" doraHai="118" doraHaiUra="89" who="3" fromWho="3" sc="91,-22,213,-22,453,-42,223,106" /><INIT seed="3,0,0,4,4,76" ten="69,191,411,329" oya="3" hai0="5,73,69,3,95,59,21,120,85,58,52,77,39" hai1="99,125,31,116,110,72,130,106,68,122,87,36,66" hai2="42,9,30,14,88,67,80,51,90,56,11,6,19" hai3="54,13,43,28,1,83,46,35,37,18,38,40,24"/><W135/><G1/><T93/><D120/><U81/><RYUUKYOKU type="yao9" ba="0,0" sc="69,0,191,0,411,0,329,0" hai1="31,36,66,68,72,81,87,99,106,110,116,122,125,130" /><INIT seed="3,1,0,5,3,132" ten="69,191,411,329" oya="3" hai0="7,66,39,79,131,6,75,122,127,29,76,109,64" hai1="110,130,0,40,37,3,28,63,106,11,89,68,17" hai2="134,99,90,41,5,19,60,62,27,13,72,123,23" hai3="96,57,43,85,108,125,70,10,77,119,49,115,59"/><W86/><G119/><T14/><D39/><U51/><E37/><V20/><F72/><W116/><G116/><T87/><D75/><U38/><E106/><V45/><F134/><W31/><G115/><T120/><D29/><U88/><E38/><V21/><F123/><W34/><G70/><T16/><D87/><U83/><E28/><V104/><F5/><W73/><G73/><T133/><D133/><U118/><E118/><V53/><F104/><W1/><G34/><T54/><D54/><U67/><E110/><V92/><F53/><W22/><G108/><T2/><D109/><U97/><E130/><V78/><F78/><W74/><G74/><T126/><D131/><U102/><E102/><V91/><F91/><W103/><G1/><T121/><D2/><U36/><E36/><V52/><F41/><W101/><G10/><T117/><D117/><U44/><E89/><V48/><F21/><W15/><G125/><N who="0" m="47627" /><D16/><AGARI ba="1,0" hai="13,16,19,20,23,27,45,48,52,60,62,90,92,99" machi="16" ten="30,7700,0" yaku="7,1,8,1,54,2" doraHai="132" who="2" fromWho="0" sc="69,-80,191,0,411,80,329,0" owari="-11,-51.1,191,-20.9,491,59.1,329,12.9" /></mjloggm>