<mjloggm ver="2.3"><GO type="225" lobby="0"/><UN n0="%E8%BE%9B%E5%8F%A3%E3%82%AB%E3%83%AC%E3%83%BC%E3%83%A9%E3%82%A4%E3%82%B9" n1="%72%61%6B%33" n2="%54%4F%52" n3="%E5%AF%82%E5%AF%9E%E3%82%AE%E3%83%8D%E3%82%B9%E3%83%93%E3%83%BC%E3%83%AB" dan="16,18,17,16" rate="2166.52,2247.99,2224.91,2154.99" sx="M,M,M,M"/><TAIKYOKU oya="0"/><INIT seed="0,0,0,1,2,40" ten="250,250,250,250" oya="0" hai0="54,113,109,90,110,11,50,44,4,66,93,24,126" hai1="88,131,8,10,55,53,132,80,45,42,15,18,17" hai2="1,89,37,73,5,74,119,83,59,9,69,14,123" hai3="38,27,6,49,108,95,35,81,65,79,26,98,75"/><T105/><D113/><U121/><E132/><V91/><F69/><W116/><G116/><T31/><D105/><U48/><E131/><V21/><F123/><W128/><G128/><T118/><BYE who="3" /><D118/><U36/><E121/><V133/><F119/><W107/><G107/><T62/><D126/><U47/><E55/><V92/><F133/><W41/><G41/><T82/><D82/><U2/><E2/><V85/><F37/><W70/><G70/><T29/><D62/><U99/><E99/><V43/><F43/><W71/><G71/><T22/><D66/><U46/><E46/><V3/><F59/><W104/><G104/><T115/><D115/><U33/><E33/><V125/><F125/><W103/><G103/><T124/><D124/><U58/><E58/><V39/><F39/><W23/><G23/><T96/><REACH who="0" step="1"/><D31/><REACH who="0" ten="240,250,250,250" step="2"/><U60/><E60/><V13/><F74/><W7/><G7/><T122/><D122/><U101/><E80/><V135/><F135/><W25/><G25/><T67/><D67/><U34/><E36/><V94/><F73/><W117/><G117/><T64/><D64/><U28/><E28/><V130/><F130/><W86/><G86/><T87/><D87/><U30/><E30/><V100/><F83/><W0/><G0/><AGARI ba="0,1" hai="0,4,11,22,24,29,44,50,54,90,93,96,109,110" machi="0" ten="40,3900,0" yaku="1,1,52,1,53,0" doraHai="40" doraHaiUra="68" who="0" fromWho="3" sc="240,49,250,0,250,0,250,-39" /><INIT seed="0,1,0,2,4,62" ten="289,250,250,211" oya="0" hai0="20,61,134,68,130,60,24,22,3,101,118,114,108" hai1="117,15,21,35,46,81,56,74,37,86,42,91,123" hai2="75,25,100,31,103,112,10,44,119,45,109,97,105" hai3="66,27,29,93,88,124,115,133,73,111,51,57,4"/><T104/><D114/><U64/><E117/><V71/><F112/><W41/><G41/><T96/><D118/><U5/><E123/><V43/><F119/><W36/><G36/><T76/><D130/><U77/><E35/><V40/><F109/><W106/><G106/><T11/><D134/><U89/><E21/><V135/><F135/><W2/><G2/><T32/><D76/><U14/><E5/><V82/><F71/><W129/><G129/><T38/><D38/><U84/><E74/><V6/><F103/><W126/><G126/><T30/><D108/><U16/><E14/><V102/><F102/><W72/><G72/><T65/><REACH who="0" step="1"/><D60/><REACH who="0" ten="279,250,250,211" step="2"/><U52/><E77/><V19/><F43/><W87/><G87/><T69/><D69/><U132/><E86/><V95/><F40/><W90/><G90/><T12/><D12/><U55/><E91/><V110/><F110/><W98/><G98/><T128/><D128/><U28/><E132/><V26/><F97/><W83/><G83/><T59/><D59/><U47/><E81/><V70/><F82/><W78/><G78/><T122/><D122/><U23/><E84/><V8/><F70/><W92/><G92/><T18/><D18/><U53/><E89/><V0/><F95/><W67/><G67/><T58/><D58/><U113/><E113/><V7/><F75/><UN n3="%E5%AF%82%E5%AF%9E%E3%82%AE%E3%83%8D%E3%82%B9%E3%83%93%E3%83%BC%E3%83%AB" /><W107/><G115/><T127/><D127/><U121/><E121/><V50/><F19/><W54/><G111/><T34/><D34/><U17/><E17/><V9/><F105/><W1/><G107/><T125/><D125/><U13/><E42/><RYUUKYOKU ba="1,1" sc="279,30,250,-10,250,-10,211,-10" hai0="3,11,20,22,24,30,32,61,65,68,96,101,104" /><INIT seed="0,2,1,1,4,70" ten="309,240,240,201" oya="0" hai0="41,116,18,61,85,83,89,100,28,25,22,34,96" hai1="113,120,122,60,52,91,78,1,36,66,46,71,73" hai2="59,5,24,12,104,7,48,0,74,8,109,110,105" hai3="53,101,93,43,69,92,15,88,38,115,64,107,65"/><T127/><D127/><U9/><E91/><V103/><F74/><W27/><G115/><T86/><D116/><U49/><E113/><V126/><F126/><W37/><G107/><T125/><D125/><U75/><E75/><V3/><F24/><W81/><G53/><T30/><D41/><U90/><E90/><V39/><F39/><W129/><G27/><T6/><D6/><U79/><E1/><V112/><F112/><W128/><G15/><T29/><D85/><U47/><E9/><N who="2" m="4143" /><F103/><W72/><G101/><T54/><D54/><U123/><REACH who="1" step="1"/><E73/><REACH who="1" ten="309,230,240,201" step="2"/><V62/><F0/><W98/><G72/><T102/><D102/><U40/><AGARI ba="2,2" hai="36,40,46,47,49,52,60,66,71,78,79,120,122,123" machi="40" ten="40,8000,1" yaku="1,1,2,1,0,1,52,1,54,1,53,0" doraHai="70" doraHaiUra="114" who="1" fromWho="1" sc="309,-42,230,106,240,-22,201,-22" /><INIT seed="1,0,0,4,4,24" ten="267,336,218,179" oya="1" hai0="99,134,29,78,108,64,44,81,6,86,75,70,124" hai1="112,4,53,72,96,103,58,37,89,19,66,122,79" hai2="48,107,40,117,101,21,115,50,3,9,26,69,27" hai3="33,39,0,71,123,43,93,17,10,57,47,65,28"/><U94/><E112/><V45/><F117/><W22/><G123/><T1/><D108/><U82/><E122/><V2/><F115/><W130/><G130/><T116/><D116/><U87/><E37/><V15/><F69/><W100/><G71/><T42/><D134/><U76/><E4/><V68/><F68/><W132/><G132/><T119/><D119/><U127/><E127/><V113/><F113/><W128/><G128/><T52/><D124/><U5/><E5/><V84/><F27/><W85/><G0/><T11/><D99/><U61/><E72/><V20/><F101/><W131/><G10/><T114/><D114/><U105/><E105/><V95/><F107/><W25/><G131/><T133/><D133/><U120/><E120/><V77/><F50/><W111/><G111/><T62/><D29/><U118/><E118/><V35/><F35/><W54/><G65/><T32/><D32/><U98/><E98/><V51/><F51/><W102/><G93/><T104/><D104/><U60/><E19/><V46/><F46/><W55/><G85/><T67/><D86/><U97/><E97/><V13/><F3/><W121/><G55/><T49/><REACH who="0" step="1"/><D64/><REACH who="0" ten="257,336,218,179" step="2"/><U83/><E66/><V110/><F84/><W126/><G126/><T129/><D129/><U36/><E87/><V109/><F109/><W59/><G121/><T74/><D74/><U34/><E96/><V23/><F110/><W38/><G33/><T90/><D90/><U12/><E89/><V73/><F73/><W18/><G102/><T7/><D7/><U135/><E103/><V16/><F95/><RYUUKYOKU ba="0,1" sc="257,30,336,-10,218,-10,179,-10" hai0="1,6,11,42,44,49,52,62,67,70,75,78,81" /><INIT seed="2,1,1,5,5,3" ten="287,326,208,169" oya="2" hai0="68,104,22,55,11,131,44,71,39,53,41,32,79" hai1="69,16,135,7,108,12,120,94,8,42,9,116,109" hai2="100,35,83,122,67,114,45,46,123,50,17,73,14" hai3="59,98,130,70,49,21,47,102,103,23,110,57,128"/><V15/><F114/><W96/><G70/><T20/><D32/><U56/><E69/><V27/><F67/><W93/><G110/><T18/><D104/><U31/><E116/><V97/><F123/><W86/><G86/><T26/><D131/><U52/><E135/><V89/><F122/><W51/><REACH who="3" step="1"/><G93/><REACH who="3" ten="287,326,208,159" step="2"/><T107/><D107/><U99/><E109/><V106/><F106/><W54/><G54/><T80/><D68/><U13/><E108/><V74/><F74/><W65/><G65/><T84/><D71/><U0/><E120/><V105/><F73/><W87/><G87/><T88/><D55/><U58/><E52/><V72/><F72/><W85/><G85/><T124/><D53/><U28/><E42/><V25/><F105/><W117/><G117/><T129/><D84/><U30/><E0/><V29/><F83/><W125/><G125/><T81/><D41/><U34/><E34/><V133/><F133/><W36/><G36/><T115/><D81/><U40/><E40/><V118/><F118/><W66/><G66/><T82/><D80/><U111/><E111/><V33/><F46/><AGARI ba="1,2" hai="21,23,46,47,49,51,57,59,96,98,102,103,128,130" machi="46" ten="25,3200,0" yaku="1,1,22,2,53,0" doraHai="3" doraHaiUra="48" who="3" fromWho="2" sc="287,0,326,0,208,-35,159,55" /><INIT seed="3,0,0,5,1,12" ten="287,326,173,214" oya="3" hai0="15,66,47,95,130,53,135,46,106,98,88,125,60" hai1="22,103,8,56,97,69,24,61,1,107,109,48,58" hai2="38,99,20,89,34,74,110,39,62,29,21,115,36" hai3="94,117,113,63,23,114,25,120,0,77,45,32,116"/><W126/><G77/><T71/><D130/><U100/><E109/><V10/><F115/><N who="3" m="44043" /><G94/><T101/><D135/><U92/><E69/><V111/><F74/><W129/><G63/><T52/><D125/><U49/><E1/><V82/><F34/><W73/><G45/><T18/><D47/><U51/><E8/><V40/><F40/><W16/><G73/><T122/><D122/><U19/><E107/><V57/><F10/><W7/><G120/><T54/><D46/><U68/><E68/><V91/><F99/><W133/><G133/><T2/><D2/><U64/><E58/><V31/><F82/><W119/><G129/><T9/><D54/><U118/><E118/><V5/><F38/><W87/><G87/><AGARI ba="0,0" hai="9,15,18,52,53,60,66,71,87,88,95,98,101,106" machi="87" ten="30,7700,0" yaku="7,1,52,1,54,2" doraHai="12" who="0" fromWho="3" sc="287,77,326,0,173,0,214,-77" owari="364,46.4,326,12.6,173,-22.7,137,-36.3" /></mjloggm>