<mjloggm ver="2.3"><GO type="225" lobby="0"/><UN n0="%E5%B8%86%E7%AB%8B%E5%A4%8F%E8%A1%A3" n1="%E6%A1%9C%E8%8A%B1%E9%96%83%E3%80%85" n2="%E5%A4%96%E5%B7%9D%E7%AB%9C%E6%88%90" n3="%E3%82%BC%E3%83%AB%E3%83%80%E3%81%AE%E4%BC%9D%E8%AA%AC" dan="16,16,16,18" rate="2154.11,2119.45,2068.36,2211.38" sx="M,M,M,M"/><TAIKYOKU oya="0"/><INIT seed="0,0,0,4,5,18" ten="250,250,250,250" oya="0" hai0="32,5,76,86,116,112,134,30,94,51,29,103,17" hai1="58,118,22,2,80,77,15,59,119,25,9,132,135" hai2="95,89,74,43,104,69,66,101,129,71,10,107,85" hai3="7,52,39,124,96,113,88,127,11,57,13,109,125"/><T23/><D112/><U55/><E2/><V106/><F129/><W128/><G109/><T19/><D116/><U16/><E118/><V87/><F43/><W108/><G108/><T122/><D122/><U47/><E119/><V131/><F131/><W75/><G128/><T40/><D32/><U63/><E47/><V72/><F10/><W82/><G39/><T49/><D5/><U41/><E41/><V61/><F71/><W70/><G70/><T73/><D134/><U38/><E38/><V62/><F62/><N who="3" m="36135" /><G113/><T84/><D73/><N who="2" m="28266" /><F61/><W24/><G24/><N who="0" m="16543" /><D30/><U35/><E59/><V98/><F66/><W28/><G28/><T4/><D4/><U123/><E35/><V26/><F26/><W46/><G46/><N who="0" m="25799" /><D51/><U6/><REACH who="1" step="1"/><E123/><REACH who="1" ten="250,240,250,250" step="2"/><V33/><F33/><W27/><G75/><AGARI ba="0,1" hai="6,9,15,16,22,25,55,58,63,75,77,80,132,135" machi="75" ten="40,8000,1" yaku="1,1,2,1,52,1,54,1,53,0" doraHai="18" doraHaiUra="68" who="1" fromWho="3" sc="250,0,240,90,250,0,250,-80" /><INIT seed="1,0,0,1,1,68" ten="250,330,250,170" oya="1" hai0="85,18,37,20,70,5,81,59,33,130,16,57,15" hai1="51,32,77,65,124,49,74,118,25,22,26,6,47" hai2="102,100,105,109,63,42,98,94,48,123,122,56,83" hai3="120,128,11,39,96,78,36,88,93,80,131,79,9"/><U23/><E118/><V92/><F109/><W53/><G120/><T69/><D130/><N who="3" m="49705" /><G53/><T43/><D33/><U89/><E32/><V134/><F134/><W40/><G40/><T73/><D73/><U24/><E124/><V66/><F105/><W67/><G67/><T129/><D129/><U61/><E6/><V13/><F122/><W135/><G135/><T35/><D35/><U133/><E133/><V2/><F2/><W114/><G114/><T62/><D5/><U52/><E89/><V99/><F123/><W117/><G117/><T14/><D59/><N who="1" m="37055" /><E74/><V91/><F13/><W58/><G58/><T107/><D107/><U54/><E77/><N who="3" m="29194" /><G80/><T3/><D3/><U38/><E38/><AGARI ba="0,0" hai="9,11,36,38,39,88,93,96" m="29194,49705" machi="38" ten="30,8000,1" yaku="19,1,52,3,54,1" doraHai="68" who="3" fromWho="1" sc="250,0,330,-80,250,0,170,80" /><INIT seed="2,0,0,1,1,3" ten="250,250,250,250" oya="2" hai0="96,88,85,79,63,134,67,10,76,72,15,12,75" hai1="80,115,14,105,51,108,111,78,32,13,124,117,59" hai2="37,56,17,100,129,128,24,60,36,25,87,77,132" hai3="104,81,21,135,120,57,35,114,103,48,20,95,38"/><V50/><F50/><W49/><G120/><T9/><D134/><U130/><E115/><V29/><F132/><W26/><G38/><N who="2" m="14953" /><F100/><W99/><G135/><T102/><D75/><U66/><E124/><V107/><F107/><W33/><G114/><T11/><D72/><U47/><E130/><N who="2" m="50283" /><F17/><W43/><G104/><T86/><D96/><U91/><E105/><V28/><F87/><W118/><G118/><T30/><D30/><N who="2" m="11882" /><F77/><W0/><G43/><T109/><D102/><U110/><E117/><V92/><F92/><W41/><G41/><T84/><D79/><U5/><E91/><V18/><F18/><W131/><G48/><T126/><D76/><U6/><E51/><V123/><F123/><W113/><G131/><T27/><D126/><U45/><E45/><V34/><F34/><W7/><G113/><T94/><D85/><N who="1" m="48279" /><E47/><V121/><F121/><W23/><G81/><T55/><D86/><U93/><E32/><V61/><F56/><W97/><G97/><T42/><D42/><U106/><E93/><V74/><F74/><W62/><G49/><T127/><D127/><U65/><E106/><V98/><F98/><W73/><G73/><T39/><D39/><U16/><E59/><V112/><F112/><W70/><G57/><T2/><D84/><U46/><E46/><V89/><F89/><W54/><G33/><T52/><D88/><U58/><E58/><V71/><F71/><W4/><G70/><T44/><D94/><U83/><E83/><V64/><F64/><N who="1" m="24681" /><E16/><V31/><N who="2" m="11890" /><V125/><DORA hai="69" /><F125/><W119/><G95/><T1/><D44/><RYUUKYOKU ba="0,0" sc="250,-15,250,15,250,15,250,-15" hai1="5,6,13,14,108,110,111" hai2="24,25,60,61" /><INIT seed="2,1,0,0,4,125" ten="235,265,265,235" oya="2" hai0="7,93,30,116,60,36,2,98,64,8,70,71,12" hai1="14,117,75,0,26,48,45,66,100,28,92,46,99" hai2="41,120,85,43,82,88,4,69,123,13,127,126,121" hai3="19,68,29,23,6,47,97,53,96,124,22,55,9"/><V89/><F69/><W95/><G124/><N who="2" m="47657" /><F4/><W37/><G68/><T118/><D71/><U105/><E117/><V54/><F13/><N who="3" m="5303" /><G37/><T39/><D30/><U134/><E75/><V57/><F89/><N who="3" m="55407" /><G97/><T3/><D39/><U87/><E134/><V81/><F81/><W130/><G130/><T50/><D36/><U38/><E0/><V112/><F112/><W109/><G109/><T1/><REACH who="0" step="1"/><D50/><AGARI ba="1,0" hai="41,43,50,54,57,82,85,88,120,121,123" m="47657" machi="50" ten="40,3900,0" yaku="18,1,54,1" doraHai="125" who="2" fromWho="0" sc="235,-42,265,0,265,42,235,0" /><INIT seed="2,2,0,5,5,73" ten="193,265,307,235" oya="2" hai0="4,21,66,36,3,124,5,106,131,35,69,20,40" hai1="13,23,71,56,46,45,26,65,61,14,97,94,32" hai2="2,116,81,96,114,130,118,77,107,44,78,72,120" hai3="95,119,76,108,55,48,6,103,110,12,33,17,123"/><V0/><F114/><W57/><G119/><T88/><D106/><U7/><E32/><V41/><F120/><W99/><G123/><T53/><D35/><U104/><E104/><V85/><F130/><W49/><G33/><T91/><D131/><U121/><E71/><V115/><F115/><W100/><G6/><N who="0" m="2667" /><D69/><U34/><E34/><V127/><F127/><W42/><G100/><T37/><D124/><U63/><E63/><V31/><F31/><W132/><G132/><T105/><D105/><U75/><E75/><V38/><F85/><W29/><G29/><T79/><D66/><U11/><E14/><V8/><F78/><W109/><G76/><T112/><D79/><U86/><E86/><V80/><F80/><W134/><G134/><T25/><D112/><U89/><REACH who="1" step="1"/><E121/><REACH who="1" ten="193,255,307,235" step="2"/><V93/><F107/><W16/><G12/><T47/><D3/><U22/><E22/><V43/><F0/><W27/><G27/><T15/><D15/><U122/><E122/><V128/><F128/><W1/><G1/><T84/><D84/><U87/><E87/><V64/><F2/><W60/><G60/><T19/><D21/><U74/><E74/><V70/><F8/><W98/><G98/><T52/><D37/><U39/><E39/><V24/><F24/><W9/><G9/><T113/><D113/><U101/><E101/><N who="2" m="60559" /><F70/><W62/><G62/><T58/><D58/><U125/><E125/><V51/><F64/><W102/><G102/><T92/><D92/><U10/><E10/><V111/><F118/><W83/><G83/><T30/><D30/><AGARI ba="2,1" hai="7,11,13,23,26,30,45,46,56,61,65,89,94,97" machi="30" ten="30,7700,0" yaku="1,1,7,1,8,1,53,1" doraHai="73" doraHaiUra="90" who="1" fromWho="0" sc="193,-83,255,93,307,0,235,0" /><INIT seed="3,0,0,3,4,88" ten="110,348,307,235" oya="3" hai0="68,45,104,107,15,13,82,69,54,109,127,70,29" hai1="32,116,60,119,31,36,122,79,76,117,67,59,4" hai2="2,91,12,38,39,100,35,43,124,84,123,17,26" hai3="78,5,19,101,75,16,92,121,1,33,55,134,14"/><W27/><G121/><T130/><D45/><U87/><E122/><V126/><F123/><W135/><G1/><T86/><D86/><U115/><E115/><V131/><F2/><W74/><G5/><T56/><D56/><U28/><E36/><V6/><F6/><W71/><G71/><T20/><D20/><U81/><E4/><V21/><F100/><W80/><G74/><T99/><D99/><U85/><E32/><V95/><F131/><W112/><G112/><T50/><D50/><U49/><E49/><V51/><F43/><W83/><G83/><AGARI ba="0,0" hai="28,31,59,60,67,76,79,81,83,85,87,116,117,119" machi="83" ten="40,2600,0" yaku="9,1,12,1" doraHai="88" who="1" fromWho="3" sc="110,0,348,26,307,0,235,-26" owari="110,-39.0,374,47.4,307,10.7,209,-19.1" /></mjloggm>