<mjloggm ver="2.3"><GO type="225" lobby="0"/><UN n0="%E8%B7%AF%E9%9C%B8" n1="%4E%6F%2E%30%30%30%31" n2="%E3%81%AF%E3%82%88%E3%81%8A%E3%81%98%E3%81%95%E3%82%93" n3="%72%69%6F%75%63%68%61%6E" dan="17,18,16,17" rate="2208.70,2232.75,2154.10,2241.52" sx="M,M,M,M"/><TAIKYOKU oya="0"/><INIT seed="0,0,0,1,0,70" ten="250,250,250,250" oya="0" hai0="102,48,108,73,32,0,37,78,89,90,123,64,44" hai1="65,24,52,81,103,92,120,104,62,15,39,76,105" hai2="2,59,19,6,77,50,46,17,131,87,112,110,28" hai3="93,22,13,49,111,101,61,95,100,113,69,42,80"/><T43/><D123/><U7/><E120/><V88/><F112/><W94/><G111/><T91/><D32/><U25/><E39/><V4/><F110/><W84/><G113/><T12/><D108/><U8/><E92/><V34/><F131/><W116/><G116/><T3/><D102/><U122/><E122/><V40/><F77/><W97/><G69/><T115/><D115/><U30/><E52/><V82/><F28/><W53/><G42/><T45/><D64/><U35/><E24/><V21/><F34/><W23/><G61/><T71/><D71/><U67/><E67/><V135/><F135/><W72/><G72/><T129/><D129/><U51/><E51/><V117/><F117/><W14/><G14/><T128/><D128/><U75/><REACH who="1" step="1"/><E103/><REACH who="1" ten="250,240,250,250" step="2"/><N who="3" m="39498" /><G97/><T31/><D48/><U132/><E132/><V63/><F2/><W9/><G49/><T109/><D109/><U74/><E74/><V106/><F50/><W133/><G53/><T99/><D0/><U16/><E16/><V121/><F19/><N who="3" m="8623" /><G133/><T66/><D3/><U114/><E114/><V126/><F121/><W54/><G54/><T38/><D66/><U85/><E85/><V33/><F87/><W134/><G134/><T124/><D38/><U96/><E96/><V57/><F17/><W60/><G60/><T11/><D99/><U41/><E41/><V98/><F40/><W27/><G27/><T86/><D43/><U26/><E26/><V55/><F63/><W127/><G127/><T5/><D124/><U119/><E119/><V10/><F126/><W118/><G118/><T18/><D73/><RYUUKYOKU ba="0,1" sc="250,-15,240,15,250,-15,250,15" hai1="7,8,15,25,30,35,62,65,75,76,81,104,105" hai3="22,23,80,84,93,94,95" /><INIT seed="1,1,1,0,2,25" ten="235,255,235,265" oya="1" hai0="6,132,28,61,30,76,39,103,5,21,8,120,59" hai1="23,123,91,109,88,96,12,134,85,24,36,48,75" hai2="52,3,17,26,55,70,40,101,58,34,64,50,81" hai3="82,131,69,38,46,60,27,90,114,135,13,29,126"/><U42/><E123/><V16/><F3/><W35/><G114/><T99/><D39/><U1/><E1/><V73/><F40/><W92/><G131/><T68/><D68/><U56/><E75/><V84/><F73/><W62/><G126/><T115/><D115/><U51/><E134/><V129/><F129/><W93/><G135/><T87/><D132/><U9/><E36/><V125/><F125/><W79/><G13/><T98/><D120/><U116/><E116/><V104/><F55/><W33/><G35/><T65/><D21/><U18/><E109/><V54/><F54/><W14/><G14/><N who="0" m="5391" /><D6/><U107/><E42/><V113/><F113/><W94/><G90/><T117/><D117/><U53/><E48/><V100/><F64/><W119/><G119/><T124/><D124/><U106/><E96/><N who="0" m="36905" /><D103/><U72/><E72/><V74/><F70/><W66/><G60/><T0/><D0/><U19/><REACH who="1" step="1"/><E91/><REACH who="1" ten="235,245,235,265" step="2"/><N who="2" m="51599" /><F74/><W89/><G38/><T110/><D110/><U133/><E133/><V43/><F104/><W86/><G89/><T63/><D61/><U83/><AGARI ba="1,2" hai="9,12,18,19,23,24,51,53,56,83,85,88,106,107" machi="83" ten="20,12000,1" yaku="1,1,0,1,7,1,54,1,53,1" doraHai="25" doraHaiUra="77" who="1" fromWho="1" sc="235,-41,245,143,235,-41,265,-41" /><INIT seed="1,2,0,1,0,124" ten="194,388,194,224" oya="1" hai0="98,21,18,5,7,89,85,82,39,65,34,41,54" hai1="52,56,44,83,9,19,104,51,35,46,57,78,15" hai2="115,58,17,84,118,36,43,130,81,99,61,90,63" hai3="47,106,120,132,111,135,119,91,3,131,77,105,71"/><U32/><E104/><V73/><F118/><W53/><G71/><T88/><D34/><U128/><E128/><V28/><F130/><W4/><G131/><T31/><D65/><U94/><E94/><V95/><F115/><W2/><G120/><T96/><D31/><U116/><E116/><V50/><F73/><W109/><G119/><T25/><D54/><U64/><E32/><V123/><F123/><W79/><G53/><T60/><D60/><U55/><E64/><V97/><F97/><N who="0" m="37482" /><D39/><U20/><E35/><V110/><F110/><N who="3" m="41995" /><G91/><N who="0" m="34891" /><D41/><U42/><E20/><V33/><F36/><W133/><G47/><T29/><D29/><U59/><REACH who="1" step="1"/><E44/><REACH who="1" ten="194,378,194,224" step="2"/><N who="2" m="25887" /><F33/><W38/><G38/><T66/><D66/><U1/><E1/><N who="3" m="10" /><G4/><T23/><D21/><U30/><E30/><V14/><F28/><W108/><G108/><T13/><D5/><U107/><E107/><AGARI ba="2,1" hai="77,79,105,106,107,132,133,135" m="10,41995" machi="107" ten="40,8000,1" yaku="28,2,20,1,14,1" doraHai="124" who="3" fromWho="1" sc="194,0,378,-86,194,0,224,96" /><INIT seed="2,0,0,4,0,123" ten="194,292,194,320" oya="2" hai0="50,78,107,3,22,105,6,71,55,12,96,81,25" hai1="21,79,13,34,63,116,117,9,131,83,15,68,7" hai2="121,38,127,60,48,115,4,62,100,17,57,19,97" hai3="101,31,33,24,51,64,1,2,104,108,103,70,125"/><V111/><F121/><W88/><G108/><T86/><D71/><U82/><E34/><V126/><F115/><W23/><G125/><N who="2" m="47625" /><F38/><W39/><G39/><T90/><D3/><U73/><E131/><V76/><F76/><W135/><G135/><T69/><D69/><U72/><E68/><V114/><F114/><W109/><G109/><T5/><D105/><U52/><E21/><V43/><F4/><W93/><G51/><T92/><D107/><U124/><E124/><V74/><F74/><W58/><G58/><T95/><D12/><U75/><E15/><V35/><F35/><W41/><G41/><T67/><D67/><U49/><E63/><N who="2" m="24107" /><F111/><W85/><G64/><T102/><D55/><U98/><E98/><V10/><F10/><W28/><G70/><T130/><D50/><U87/><REACH who="1" step="1"/><E83/><REACH who="1" ten="194,282,194,320" step="2"/><V128/><F128/><W20/><G33/><T16/><D130/><U110/><E110/><V59/><F97/><AGARI ba="0,1" hai="5,6,16,22,25,78,81,86,90,92,95,96,97,102" machi="97" ten="30,3900,0" yaku="7,1,8,1,54,1" doraHai="123" who="0" fromWho="2" sc="194,49,282,0,194,-39,320,0" /><INIT seed="3,0,0,1,3,110" ten="243,282,155,320" oya="3" hai0="24,85,30,76,132,20,111,44,31,18,135,53,73" hai1="129,22,67,14,45,39,94,131,46,95,19,74,47" hai2="55,65,48,104,80,38,28,42,2,128,29,34,124" hai3="90,49,12,36,103,59,116,112,43,125,126,27,133"/><W91/><G112/><T13/><D73/><U117/><E39/><V99/><F2/><W69/><G133/><N who="0" m="51275" /><D111/><U8/><E74/><V79/><F34/><W101/><G116/><T52/><D44/><U120/><E120/><V32/><F32/><W60/><G36/><T92/><D31/><U82/><E117/><V10/><F124/><N who="3" m="47723" /><G69/><T37/><D37/><U1/><E82/><V17/><F128/><N who="1" m="49225" /><E67/><V51/><F38/><W88/><G27/><T81/><D92/><N who="1" m="35371" /><E1/><V78/><F65/><N who="3" m="39071" /><G12/><T109/><D109/><U113/><E22/><AGARI ba="0,0" hai="13,18,20,22,24,30,52,53,76,81,85" m="51275" machi="22" ten="30,2000,0" yaku="20,1,54,1" doraHai="110" who="0" fromWho="1" sc="243,20,282,-20,155,0,320,0" owari="263,6.3,262,-13.8,155,-34.5,320,42.0" /></mjloggm>