<mjloggm ver="2.3"><GO type="225" lobby="0"/><UN n0="%4B%2E%32%2E%4B%2E" n1="%6D%75%75%6D%75%72%61" n2="%E5%AF%82%E5%AF%9E%E3%82%AE%E3%83%8D%E3%82%B9%E3%83%93%E3%83%BC%E3%83%AB" n3="%72%61%6B%33" dan="16,16,16,18" rate="2082.54,2213.56,2160.50,2296.48" sx="M,F,M,M"/><TAIKYOKU oya="0"/><INIT seed="0,0,0,2,0,71" ten="250,250,250,250" oya="0" hai0="82,83,2,21,15,39,29,6,97,87,108,80,14" hai1="60,73,0,123,46,91,92,77,62,11,3,9,34" hai2="69,45,65,10,8,131,58,132,49,57,118,42,95" hai3="23,5,98,128,13,119,89,76,115,114,78,122,35"/><T38/><D108/><U133/><E123/><V18/><F131/><W59/><G35/><T81/><D97/><U31/><E133/><V90/><F132/><W52/><G119/><T117/><D117/><U19/><E73/><V110/><F110/><W79/><G128/><T53/><D2/><U43/><E77/><V67/><F118/><W94/><G122/><T37/><D6/><U36/><E31/><V126/><F126/><W120/><G120/><T50/><D29/><U75/><E75/><V66/><F69/><W129/><G129/><T44/><REACH who="0" step="1"/><D21/><REACH who="0" ten="240,250,250,250" step="2"/><U16/><E34/><V22/><F10/><W121/><G121/><T102/><D102/><U88/><E3/><V47/><F8/><W64/><G5/><T113/><D113/><U125/><E11/><V99/><REACH who="2" step="1"/><F47/><REACH who="2" ten="240,250,240,250" step="2"/><W109/><G109/><T112/><D112/><U134/><E134/><V27/><AGARI ba="0,2" hai="18,22,27,42,45,49,57,58,65,66,67,90,95,99" machi="27" ten="30,7900,0" yaku="1,1,2,1,0,1,8,1,53,0" doraHai="71" doraHaiUra="72" who="2" fromWho="2" sc="240,-39,250,-20,240,99,250,-20" /><INIT seed="1,0,0,3,2,111" ten="201,230,339,230" oya="1" hai0="14,66,61,127,27,6,103,31,41,84,65,38,120" hai1="109,81,53,121,55,92,33,46,78,115,126,60,123" hai2="11,59,10,108,4,39,22,43,12,26,95,122,135" hai3="79,57,88,105,128,17,124,29,131,15,13,54,20"/><U100/><E33/><V71/><F71/><W133/><G105/><T69/><D127/><U40/><E126/><V18/><F122/><W99/><G124/><T64/><D120/><U42/><E109/><V25/><F108/><W50/><G133/><T47/><D103/><U90/><E100/><V0/><F135/><W68/><G68/><T52/><D6/><U5/><E5/><V110/><F110/><W104/><G79/><T94/><D14/><U1/><E1/><V34/><F59/><W76/><G76/><T107/><D107/><U56/><E55/><V82/><F95/><N who="3" m="56807" /><G104/><T62/><D84/><U67/><E67/><V24/><F82/><W91/><G91/><T77/><D94/><U132/><E132/><V44/><REACH who="2" step="1"/><F10/><REACH who="2" ten="201,230,329,230" step="2"/><W58/><G58/><T75/><D69/><U130/><E123/><V35/><AGARI ba="0,1" hai="0,4,11,12,18,22,24,25,26,34,35,39,43,44" machi="35" ten="30,7900,0" yaku="1,1,2,1,0,1,53,1" doraHai="111" doraHaiUra="8" who="2" fromWho="2" sc="201,-20,230,-39,329,89,230,-20" /><INIT seed="2,0,0,5,1,15" ten="181,191,418,210" oya="2" hai0="130,24,0,18,124,56,121,45,53,111,48,57,94" hai1="41,103,72,123,70,106,134,90,82,105,46,101,33" hai2="20,19,4,10,12,38,43,8,69,97,99,76,114" hai3="125,118,35,135,62,78,88,71,49,11,37,87,36"/><V29/><F114/><W22/><G35/><T117/><D121/><U60/><E123/><V107/><F69/><W98/><G125/><T126/><D0/><U63/><E33/><V89/><F76/><W96/><G135/><T59/><D111/><U128/><E134/><V104/><F29/><W73/><G73/><T95/><D130/><U64/><E128/><V129/><F129/><W133/><G78/><T14/><D24/><U81/><E72/><V54/><F54/><W122/><G118/><T9/><REACH who="0" step="1"/><D117/><REACH who="0" ten="171,191,418,210" step="2"/><U21/><E106/><V112/><F107/><W16/><G122/><T66/><D66/><U68/><E105/><V52/><F104/><W115/><G133/><T102/><D102/><U127/><E103/><V44/><F112/><W109/><G115/><T132/><D132/><U80/><E101/><V42/><F12/><W61/><G109/><T13/><D13/><U83/><E127/><AGARI ba="0,1" hai="9,14,18,45,48,53,56,57,59,94,95,124,126,127" machi="127" ten="40,5200,0" yaku="1,1,18,1,52,1,53,0" doraHai="15" doraHaiUra="74" who="0" fromWho="1" sc="171,62,191,-52,418,0,210,0" /><INIT seed="3,0,0,0,3,73" ten="233,139,418,210" oya="3" hai0="84,20,37,113,96,132,110,33,129,17,98,89,52" hai1="119,8,59,35,2,9,38,90,29,66,50,7,42" hai2="3,115,55,19,34,31,39,16,5,21,101,91,4" hai3="114,74,27,58,22,47,61,133,108,80,112,32,30"/><W10/><G133/><T116/><D37/><U124/><E124/><V130/><F115/><W82/><G108/><T11/><D33/><U24/><E119/><V68/><F68/><W49/><G10/><T111/><D116/><U71/><E71/><V109/><F39/><W63/><G32/><T28/><D132/><U122/><E122/><V12/><F101/><W60/><G58/><T72/><D72/><U0/><E38/><V81/><F109/><N who="0" m="41482" /><D129/><U6/><E90/><V75/><F130/><W46/><G46/><T45/><D28/><U120/><E120/><V13/><F3/><W78/><REACH who="3" step="1"/><G80/><REACH who="3" ten="233,139,418,200" step="2"/><N who="0" m="49287" /><D11/><U94/><E94/><V18/><F34/><W23/><G23/><T95/><D95/><U93/><E93/><V14/><F21/><W85/><G85/><T107/><D107/><U126/><E126/><V53/><F75/><W26/><G26/><T79/><D113/><U121/><E121/><V62/><F81/><W56/><G56/><T36/><D20/><U86/><E86/><V125/><F125/><W15/><G15/><T64/><D98/><U87/><E87/><V40/><F14/><W103/><G103/><T128/><D45/><N who="1" m="25911" /><E59/><V97/><F13/><W67/><G67/><T106/><D96/><U65/><E65/><V105/><F12/><W44/><G44/><T76/><D64/><U135/><E135/><V54/><F97/><W77/><G77/><T57/><D128/><U127/><E127/><V41/><F4/><W104/><G104/><T134/><D106/><U88/><E66/><V48/><F105/><W70/><G70/><T83/><D134/><RYUUKYOKU ba="0,1" sc="233,-15,139,15,418,-15,200,15" hai1="0,2,6,7,8,9,24,29,35,88" hai3="22,27,30,47,49,60,61,63,74,78,82,112,114" /><INIT seed="3,1,1,0,5,46" ten="218,154,403,215" oya="3" hai0="95,73,66,94,113,25,5,100,87,10,16,101,128" hai1="27,90,119,35,2,55,78,65,121,24,97,60,32" hai2="40,22,70,114,130,76,120,34,133,99,129,123,21" hai3="38,115,6,127,8,124,28,62,82,51,132,108,86"/><W122/><G115/><T111/><D73/><U118/><E121/><N who="2" m="46667" /><F133/><W59/><G122/><T85/><D66/><U112/><E112/><V63/><F34/><W13/><G38/><T74/><D74/><U88/><E2/><V42/><F76/><W83/><G132/><T45/><D111/><U104/><E78/><V105/><F114/><W54/><G108/><T98/><D128/><N who="2" m="49258" /><F63/><W3/><G28/><T64/><D64/><U18/><E35/><V58/><F58/><W96/><G96/><T4/><D45/><U89/><E27/><V15/><F70/><W30/><G30/><T41/><D98/><U23/><E32/><V67/><F67/><W116/><G116/><T69/><D69/><U125/><E125/><N who="3" m="48202" /><G3/><T56/><D56/><U135/><E135/><V36/><F36/><W134/><G134/><T11/><D113/><U92/><E104/><V48/><F99/><W47/><G86/><T103/><D87/><U80/><E55/><AGARI ba="1,1" hai="6,8,13,47,51,54,55,59,62,82,83" m="48202" machi="55" ten="30,2900,0" yaku="18,1,52,1" doraHai="46" who="3" fromWho="1" sc="218,0,154,-32,403,0,215,42" /><INIT seed="3,2,0,3,3,119" ten="218,122,403,257" oya="3" hai0="19,95,114,129,54,108,43,23,47,49,83,77,124" hai1="84,125,91,68,20,85,106,86,101,89,31,14,72" hai2="96,16,41,63,36,11,121,97,15,18,64,39,111" hai3="4,93,35,32,6,28,104,29,128,94,44,10,55"/><W1/><G104/><T112/><D108/><U81/><E68/><V87/><F111/><W66/><G66/><T21/><D124/><U22/><E125/><V100/><F121/><W25/><G128/><T109/><D109/><U88/><E31/><V103/><F87/><N who="1" m="33353" /><E14/><V62/><F64/><W130/><G130/><T24/><D129/><U30/><E20/><V75/><F15/><W132/><G132/><T92/><D23/><U42/><E42/><V133/><F41/><W99/><G99/><T131/><D131/><U50/><E50/><V110/><F110/><W0/><G44/><T51/><D112/><U78/><E22/><V3/><F75/><W60/><G60/><T105/><D114/><U8/><E8/><V61/><F61/><W69/><G69/><T134/><D134/><U38/><E38/><V45/><F133/><W5/><G55/><T102/><D51/><U7/><E7/><V70/><F70/><W127/><G127/><T82/><D43/><U9/><E9/><V2/><F11/><W59/><G59/><T113/><D113/><U48/><E30/><V65/><F65/><W117/><G10/><T107/><D54/><U58/><E48/><V26/><F45/><W80/><G4/><T33/><D49/><U27/><E27/><AGARI ba="2,0" hai="2,3,16,18,26,27,36,39,62,63,96,97,100,103" machi="27" ten="25,3200,0" yaku="22,2,54,1" doraHai="119" who="2" fromWho="1" sc="218,0,122,-38,403,38,257,0" owari="218,-18.2,84,-41.6,441,54.1,257,5.7" /></mjloggm>