<mjloggm ver="2.3"><GO type="225" lobby="0"/><UN n0="%6D%75%75%6D%75%72%61" n1="%E3%83%AB%E3%83%9B%E3%83%B3%E3%83%87%E3%82%A3%E3%82%A8" n2="%E8%B6%85%E7%B4%9A%E9%B3%B3%E5%87%B0" n3="%47%68%6F%73%74%55%30" dan="16,17,16,17" rate="2143.91,2212.58,2135.35,2153.23" sx="F,M,M,M"/><TAIKYOKU oya="0"/><INIT seed="0,0,0,2,4,34" ten="250,250,250,250" oya="0" hai0="54,134,27,14,21,101,2,15,23,28,1,16,132" hai1="70,47,125,133,93,44,128,57,61,90,108,105,7" hai2="76,84,77,78,9,72,68,73,66,109,111,60,99" hai3="3,8,116,59,81,40,88,98,49,30,129,92,38"/><T130/><D101/><U104/><E70/><V64/><F99/><W25/><G116/><T42/><D42/><U117/><E117/><V94/><F64/><W131/><G38/><T29/><D54/><U12/><E108/><N who="2" m="41547" /><F9/><W6/><G81/><T107/><D107/><U5/><E44/><V114/><F114/><W127/><G127/><T79/><D79/><U91/><E47/><V121/><F121/><W87/><G98/><T71/><D71/><U126/><E57/><V32/><F32/><W65/><G40/><T122/><D130/><N who="3" m="49673" /><G65/><T48/><D48/><U83/><E128/><V63/><F63/><W85/><G59/><T97/><D97/><U0/><E61/><V89/><AGARI ba="0,0" hai="60,66,68,72,73,76,77,78,84,89,94" m="41547" machi="89" ten="40,1500,0" yaku="14,1" doraHai="34" who="2" fromWho="2" sc="250,-7,250,-4,250,15,250,-4" /><INIT seed="1,0,0,2,2,108" ten="243,246,265,246" oya="1" hai0="109,78,79,30,21,114,126,32,120,106,14,45,35" hai1="128,48,17,123,86,111,34,70,46,121,101,71,103" hai2="50,43,117,44,37,94,88,98,68,63,130,8,74" hai3="61,135,19,42,110,77,105,124,59,97,1,36,127"/><U72/><E72/><V24/><F117/><W9/><G110/><T90/><D109/><U16/><E34/><V87/><F74/><W11/><G135/><T33/><D106/><U39/><E111/><V41/><F130/><W2/><G77/><T52/><D126/><N who="3" m="48169" /><G42/><T53/><D120/><U57/><E128/><V102/><F24/><W133/><G36/><T3/><D3/><N who="3" m="1033" /><G19/><T7/><D114/><U80/><E39/><V29/><F29/><W47/><G47/><T107/><D107/><U25/><E46/><V82/><F8/><W84/><G84/><T65/><D65/><U132/><E86/><V51/><REACH who="2" step="1"/><F41/><REACH who="2" ten="243,246,255,246" step="2"/><W23/><G133/><T116/><D116/><U0/><E25/><V91/><F91/><W100/><G23/><T6/><D78/><U31/><E31/><V5/><F5/><W12/><G12/><T62/><D79/><U104/><E0/><V28/><F28/><W22/><G22/><T69/><D7/><U26/><E132/><V4/><F4/><W81/><G9/><T66/><D6/><U27/><E26/><V64/><AGARI ba="0,1" hai="37,43,44,50,51,63,64,68,82,87,88,94,98,102" machi="64" ten="30,7900,0" yaku="1,1,0,1,54,1,53,1" doraHai="108" doraHaiUra="76" who="2" fromWho="2" sc="243,-20,246,-39,255,89,246,-20" /><INIT seed="2,0,0,1,0,103" ten="223,207,344,226" oya="2" hai0="21,49,135,120,114,52,82,132,92,23,78,60,66" hai1="90,1,79,62,5,124,43,53,2,4,13,91,101" hai2="6,99,30,80,133,102,35,73,51,14,24,105,77" hai3="75,46,9,111,28,65,129,104,112,47,58,0,34"/><V123/><F133/><N who="0" m="51274" /><D120/><U27/><E43/><V39/><F123/><W70/><G70/><N who="0" m="42311" /><D114/><U96/><E79/><V76/><F76/><W127/><G75/><N who="0" m="43359" /><D92/><U12/><E124/><V45/><F39/><W122/><G127/><T44/><AGARI ba="0,0" hai="21,23,44,49,52" m="43359,42311,51274" machi="44" ten="30,2000,0" yaku="20,1,54,1" doraHai="103" who="0" fromWho="0" sc="223,20,207,-5,344,-10,226,-5" /><INIT seed="3,0,0,3,2,73" ten="243,202,334,221" oya="3" hai0="62,63,129,132,42,49,59,51,89,31,79,5,98" hai1="91,48,107,135,90,46,47,117,3,95,118,70,87" hai2="67,97,16,130,61,112,124,17,78,76,29,122,8" hai3="64,116,58,110,88,92,21,69,34,104,113,99,84"/><W106/><G116/><N who="1" m="44650" /><E3/><V13/><F112/><W123/><G34/><T103/><D129/><U83/><E70/><V10/><F124/><W24/><G113/><T52/><D132/><U38/><E107/><V94/><F130/><W114/><G114/><T39/><D39/><U81/><E135/><V71/><F122/><W75/><G123/><T45/><D89/><U120/><E120/><V86/><F29/><W18/><G75/><T0/><D31/><U22/><E22/><V80/><F78/><W11/><G110/><T9/><D79/><N who="1" m="46527" /><E83/><V33/><F33/><W111/><G111/><T68/><D68/><U37/><E47/><V55/><F10/><W85/><G69/><T66/><D66/><U44/><E44/><V54/><F17/><N who="3" m="12335" /><G104/><AGARI ba="0,0" hai="0,5,9,42,45,49,51,52,59,62,63,98,103,104" machi="104" ten="30,2000,0" yaku="7,1,54,1" doraHai="73" who="0" fromWho="3" sc="243,20,202,0,334,0,221,-20" owari="263,6.3,202,-19.8,334,43.4,201,-29.9" /></mjloggm>