<mjloggm ver="2.3"><GO type="225" lobby="0"/><UN n0="%E3%82%A2%E3%83%9E%E3%83%9D%EF%BD%9E%EF%BD%9E%E3%83%A9" n1="%70%68%65%6E%6F%6D%65" n2="%E3%82%BC%E3%83%AB%E3%83%80%E3%81%AE%E4%BC%9D%E8%AA%AC" n3="%E3%83%AD%E3%83%83%E3%83%86%E9%9B%80%E7%90%83" dan="17,16,16,17" rate="2200.49,2129.07,2156.53,2230.44" sx="M,M,M,M"/><TAIKYOKU oya="0"/><INIT seed="0,0,0,2,3,24" ten="250,250,250,250" oya="0" hai0="99,55,23,117,18,91,92,59,83,77,94,15,123" hai1="53,38,61,76,44,106,108,8,48,78,31,126,111" hai2="88,6,84,36,33,100,104,114,115,132,67,71,74" hai3="95,1,81,7,86,26,97,90,75,120,110,121,14"/><T133/><D133/><U25/><E126/><V125/><F36/><W109/><G1/><T29/><D123/><N who="3" m="47177" /><G7/><T85/><D117/><U62/><E106/><V128/><F125/><W103/><G14/><T0/><D0/><U51/><E38/><V12/><F132/><W116/><G26/><T70/><D70/><U17/><E51/><V80/><F33/><W50/><G50/><T82/><D29/><U39/><E39/><V112/><F128/><W20/><G20/><T16/><D18/><U96/><E96/><N who="2" m="61447" /><F67/><W4/><G4/><T101/><REACH who="0" step="1"/><D77/><REACH who="0" ten="240,250,250,250" step="2"/><U135/><E76/><N who="2" m="44055" /><F71/><W105/><G116/><T22/><D22/><N who="1" m="15799" /><E78/><AGARI ba="0,1" hai="75,78,81,86,90,95,97,103,105,109,110" m="47177" machi="78" ten="30,7700,0" yaku="24,1,13,1,34,2" doraHai="24" who="3" fromWho="1" sc="240,0,250,-77,250,0,250,87" /><INIT seed="1,0,0,2,1,112" ten="240,173,250,337" oya="1" hai0="56,21,73,118,72,94,96,133,16,40,88,28,48" hai1="64,2,69,20,105,42,53,57,130,85,132,39,63" hai2="9,5,93,55,135,66,102,113,111,123,36,101,61" hai3="104,115,97,80,74,14,3,128,134,84,22,124,33"/><U59/><E105/><V8/><F123/><W122/><RYUUKYOKU type="yao9" ba="0,0" sc="240,0,173,0,250,0,337,0" hai3="3,14,22,33,74,80,84,97,104,115,122,124,128,134" /><INIT seed="1,1,0,1,5,19" ten="240,173,250,337" oya="1" hai0="83,129,12,20,0,63,94,34,64,80,113,105,30" hai1="1,15,96,81,33,132,74,104,75,37,88,65,50" hai2="128,7,26,24,38,69,36,22,4,107,106,32,3" hai3="21,109,134,78,9,61,119,87,99,111,47,90,17"/><U52/><E1/><V115/><F69/><W68/><G134/><T86/><D105/><U124/><E37/><V11/><F128/><W79/><G119/><T114/><D0/><U28/><E132/><V58/><F115/><W72/><G72/><T102/><D129/><U2/><E2/><V93/><F93/><W6/><G99/><T116/><D34/><U25/><E65/><V133/><F133/><W82/><G47/><T56/><D116/><U43/><E43/><V31/><F7/><W95/><G9/><T29/><D114/><U127/><E15/><V13/><F58/><W84/><G6/><T112/><D112/><U57/><E104/><N who="2" m="39979" /><F26/><W62/><G79/><T103/><D83/><U51/><E51/><V98/><F98/><W5/><G5/><T76/><D94/><N who="1" m="56391" /><E81/><V67/><F67/><W60/><REACH who="3" step="1"/><G68/><REACH who="3" ten="240,173,250,327" step="2"/><T42/><D113/><U59/><E57/><V35/><F3/><W130/><G130/><T108/><D56/><U27/><E25/><AGARI ba="1,1" hai="17,21,25,60,61,62,78,82,84,87,90,95,109,111" machi="25" ten="40,2600,0" yaku="1,1,52,1,53,0" doraHai="19" doraHaiUra="40" who="3" fromWho="1" sc="240,0,173,-29,250,0,327,39" /><INIT seed="2,0,0,1,0,107" ten="240,144,250,366" oya="2" hai0="32,132,93,100,96,19,129,36,82,76,53,13,1" hai1="110,21,122,111,61,30,14,115,116,57,23,67,83" hai2="125,128,49,65,119,43,134,72,79,69,46,73,120" hai3="97,104,26,66,55,87,89,126,92,20,101,74,39"/><V121/><F119/><W12/><G126/><T17/><D1/><U103/><E116/><V40/><F125/><W7/><G39/><T41/><D129/><U60/><E115/><V22/><F128/><W88/><G74/><T130/><D130/><U27/><E122/><V51/><F134/><W108/><G108/><T118/><D32/><U106/><E106/><V99/><F22/><W56/><G66/><T42/><D36/><U98/><E83/><V94/><F65/><W18/><G104/><T58/><D132/><U24/><E14/><V31/><F31/><W8/><G87/><N who="0" m="48583" /><D118/><U91/><E60/><AGARI ba="0,0" hai="7,8,12,18,20,26,55,56,60,88,89,92,97,101" machi="60" ten="30,3900,0" yaku="7,1,8,1,54,1" doraHai="107" who="3" fromWho="1" sc="240,0,144,-39,250,0,366,39" /><INIT seed="3,0,0,4,3,47" ten="240,105,250,405" oya="3" hai0="128,1,131,97,109,48,49,86,19,129,32,103,17" hai1="18,4,20,121,107,38,108,89,65,15,124,44,72" hai2="130,67,111,73,90,68,113,29,37,25,3,104,122" hai3="64,35,118,51,55,23,58,77,41,11,22,88,46"/><W127/><G35/><T33/><D1/><U70/><E121/><V96/><RYUUKYOKU type="yao9" ba="0,0" sc="240,0,105,0,250,0,405,0" hai2="3,25,29,37,67,68,73,90,96,104,111,113,122,130" /><INIT seed="3,1,0,3,3,91" ten="240,105,250,405" oya="3" hai0="12,22,38,28,30,134,107,86,72,103,1,64,61" hai1="4,101,98,17,43,132,93,79,44,108,45,54,39" hai2="130,16,84,48,26,11,135,81,70,94,69,68,127" hai3="82,116,119,46,25,24,50,112,42,19,87,29,36"/><W2/><G2/><T53/><D72/><U76/><E108/><V3/><F127/><W9/><G112/><T99/><D1/><U83/><E132/><V120/><F135/><W63/><G63/><T97/><D38/><U35/><E35/><V32/><F130/><W115/><G115/><T52/><D134/><U8/><E17/><V124/><F124/><W96/><G96/><T51/><D86/><U55/><E45/><V33/><F94/><W0/><G50/><T114/><D99/><U57/><E57/><V100/><F100/><W121/><G121/><T27/><D114/><U49/><E79/><V92/><F92/><W75/><G75/><T15/><D30/><U105/><E105/><V85/><F85/><W89/><G25/><T73/><D53/><U37/><E39/><V14/><F120/><W74/><G74/><T129/><D73/><U60/><E60/><V20/><F3/><W113/><G113/><T59/><D129/><U133/><E133/><V128/><F48/><W31/><G31/><T5/><D5/><U56/><E56/><AGARI ba="1,0" hai="12,15,22,27,28,51,52,56,59,61,64,97,103,107" machi="56" ten="30,2000,0" yaku="7,1,54,1" doraHai="91" who="0" fromWho="1" sc="240,23,105,-23,250,0,405,0" owari="263,6.3,82,-41.8,250,-15.0,405,50.5" /></mjloggm>