<mjloggm ver="2.3"><GO type="225" lobby="0"/><UN n0="%E3%82%BC%E3%83%AB%E3%83%80%E3%81%AE%E4%BC%9D%E8%AA%AC" n1="%E3%81%86%E3%81%A9%E3%82%93%E3%81%93" n2="%E3%82%B2%E3%82%B9%E8%8C%82%E5%8B%9D" n3="%E3%81%8B%E3%82%8F%E3%81%A1%E3%82%83%E3%82%93%35%38" dan="17,16,16,17" rate="2159.65,2161.44,2088.06,2121.47" sx="M,M,F,M"/><TAIKYOKU oya="0"/><INIT seed="0,0,0,2,5,77" ten="250,250,250,250" oya="0" hai0="7,57,66,48,43,79,116,60,125,113,23,54,85" hai1="34,90,102,39,75,88,35,117,120,26,9,37,130" hai2="38,56,123,21,14,15,55,96,6,32,73,68,10" hai3="101,81,8,115,47,74,114,29,122,127,84,89,134"/><T76/><D113/><U49/><E117/><V12/><F123/><W135/><G29/><T106/><D116/><U86/><E75/><V107/><F32/><W103/><G8/><T105/><D125/><U52/><E120/><V124/><F124/><W109/><G47/><T108/><D108/><U71/><E71/><V41/><F68/><W33/><G33/><T80/><D79/><U132/><E102/><N who="3" m="38922" /><G127/><T18/><D43/><U70/><E70/><V98/><F107/><W61/><G61/><T121/><D7/><U42/><E130/><V1/><F73/><W44/><G44/><T91/><D76/><U25/><E42/><V27/><F41/><W118/><G118/><T131/><D131/><U45/><E132/><N who="3" m="50730" /><G122/><T31/><D31/><U28/><E9/><V2/><F38/><W0/><G0/><T133/><D133/><U16/><E90/><V24/><F1/><W30/><G30/><T64/><D121/><U67/><E35/><V20/><F21/><W111/><G74/><T72/><D72/><U65/><E37/><V95/><F27/><W46/><G46/><T36/><D36/><U128/><E39/><V19/><REACH who="2" step="1"/><F95/><REACH who="2" ten="250,250,240,250" step="2"/><W110/><AGARI ba="0,1" hai="81,84,89,109,110,111,114,115" m="50730,38922" machi="110" ten="40,8000,1" yaku="14,1,20,1,34,2,52,1" doraHai="77" who="3" fromWho="3" sc="250,-40,250,-20,240,-20,250,90" /><INIT seed="1,0,0,1,4,58" ten="210,230,220,340" oya="1" hai0="54,84,4,113,67,0,5,6,115,31,77,39,52" hai1="19,102,119,94,129,125,91,51,14,32,104,81,36" hai2="73,79,53,97,103,134,90,132,46,110,60,127,106" hai3="22,11,48,83,71,44,7,15,2,68,95,120,74"/><U64/><E36/><V3/><F110/><W75/><G120/><T41/><D0/><U9/><E119/><V116/><F116/><W133/><G95/><T88/><D77/><U61/><E129/><V65/><F3/><W33/><G33/><T135/><D31/><U30/><E125/><V56/><F127/><W27/><G2/><T42/><D135/><U108/><E81/><V99/><F79/><W25/><G25/><T63/><D115/><U37/><E37/><V107/><F73/><W40/><G133/><T50/><D39/><U130/><E130/><V59/><F46/><W82/><G75/><T35/><D35/><U86/><E108/><V111/><F111/><W109/><G109/><T17/><D17/><U12/><E51/><V49/><REACH who="2" step="1"/><F90/><REACH who="2" ten="210,230,210,340" step="2"/><W121/><G74/><T112/><D112/><U62/><E64/><V126/><F126/><W72/><G72/><T128/><D113/><U89/><E89/><V69/><F69/><W20/><G71/><T92/><D128/><U80/><E104/><V98/><F98/><W122/><G68/><T21/><D67/><U55/><E55/><V70/><F70/><W96/><G96/><T16/><D54/><U114/><E114/><V47/><F47/><W57/><G44/><N who="0" m="27719" /><D63/><U8/><E62/><V38/><F38/><W117/><G117/><T45/><D45/><U24/><E61/><V87/><F87/><W124/><G124/><T18/><D18/><N who="1" m="8455" /><E102/><AGARI ba="0,1" hai="49,53,56,59,60,65,97,99,102,103,106,107,132,134" machi="102" ten="40,8000,1" yaku="1,1,9,1,52,1,53,2" doraHai="58" doraHaiUra="93" who="2" fromWho="1" sc="210,0,230,-80,210,90,340,0" /><INIT seed="2,0,0,2,4,82" ten="210,150,300,340" oya="2" hai0="71,24,87,19,70,43,34,9,28,104,35,128,4" hai1="23,85,125,45,66,7,63,126,18,112,99,91,135" hai2="122,60,37,44,107,134,84,20,2,124,39,92,47" hai3="3,108,16,32,103,14,1,53,49,0,95,115,80"/><V73/><F122/><W98/><G32/><T132/><D104/><U102/><E112/><V38/><F73/><W62/><G108/><T93/><D34/><U59/><E7/><V41/><F107/><W67/><G115/><T25/><D43/><U117/><E117/><V77/><F2/><W109/><G109/><T72/><D72/><U76/><E76/><V50/><F124/><W120/><G120/><T129/><D132/><U119/><E119/><V131/><F134/><W96/><G80/><T111/><D111/><U27/><E135/><V46/><F131/><N who="0" m="50250" /><D19/><U54/><E45/><V57/><F20/><W90/><G62/><T6/><D24/><U21/><E66/><V118/><F118/><W5/><G67/><T114/><D114/><U83/><REACH who="1" step="1"/><E23/><REACH who="1" ten="210,140,300,340" step="2"/><V10/><F77/><W97/><G5/><T33/><D33/><U40/><E40/><V78/><F78/><W116/><G116/><T26/><D6/><U101/><E101/><V55/><F10/><N who="3" m="6231" /><G0/><T30/><D9/><U52/><E52/><V12/><F37/><W11/><G1/><T110/><D4/><U88/><E88/><N who="2" m="53255" /><F38/><W106/><G3/><T13/><D110/><U51/><E51/><V17/><F39/><W89/><G11/><T130/><D130/><U31/><E31/><V22/><AGARI ba="0,1" hai="12,17,22,41,44,46,47,50,55,57,60" m="53255" machi="22" ten="30,6000,0" yaku="8,1,52,1,54,1" doraHai="82" who="2" fromWho="2" sc="210,-20,140,-20,300,70,340,-20" /><INIT seed="2,1,0,3,5,90" ten="190,120,370,320" oya="2" hai0="63,52,69,126,15,91,2,118,102,14,36,18,57" hai1="42,101,5,76,0,92,77,110,19,12,116,44,30" hai2="129,106,39,47,80,81,123,99,10,35,40,68,107" hai3="86,20,48,125,16,64,83,67,97,26,95,31,11"/><V24/><F123/><W100/><G125/><T75/><D2/><U103/><E116/><V8/><F129/><W121/><G121/><T127/><D75/><U94/><E30/><V104/><F68/><W89/><G48/><T73/><D73/><U134/><E134/><V78/><F99/><W32/><REACH who="3" step="1"/><G11/><REACH who="3" ten="190,120,370,310" step="2"/><T61/><D126/><U93/><E110/><V117/><F8/><W109/><G109/><T66/><D127/><U85/><E0/><V74/><F10/><W38/><G38/><T70/><D36/><U50/><E5/><V56/><F117/><W51/><G51/><T108/><D108/><U96/><E85/><V62/><F62/><W79/><G79/><N who="1" m="30282" /><E96/><V53/><F78/><W111/><G111/><T9/><D118/><U88/><E88/><V132/><F39/><W41/><G41/><T105/><D91/><U65/><E65/><V13/><F40/><W58/><G58/><T45/><D57/><U131/><E131/><V17/><F56/><W46/><G46/><T98/><D45/><U1/><E1/><V6/><F47/><W130/><G130/><T49/><D66/><U82/><E82/><V4/><F81/><W37/><G37/><T22/><D69/><U60/><E60/><V23/><F80/><W55/><G55/><T27/><D70/><U72/><E72/><V43/><F74/><W71/><G71/><T33/><D63/><U120/><E120/><V122/><F43/><W128/><G128/><T113/><D61/><U59/><E59/><V3/><F53/><W112/><G112/><T135/><D113/><U28/><E28/><RYUUKYOKU ba="1,1" sc="190,-15,120,15,370,-15,310,15" hai1="12,19,42,44,50,92,93,94,101,103" hai3="16,20,26,31,32,64,67,83,86,89,95,97,100" /><INIT seed="3,2,1,4,0,21" ten="175,135,355,325" oya="3" hai0="134,116,18,33,69,11,117,65,35,94,48,72,70" hai1="114,23,105,61,67,87,49,82,45,25,83,4,102" hai2="132,103,99,36,98,55,41,20,111,7,123,115,126" hai3="16,110,56,17,122,66,76,127,108,54,86,74,120"/><W8/><G74/><T31/><D72/><U106/><E114/><V81/><F115/><W124/><G66/><T32/><D31/><U22/><E4/><V104/><F123/><N who="3" m="47147" /><G76/><T100/><D134/><U118/><E22/><V91/><F132/><W47/><G47/><T75/><D18/><N who="3" m="7273" /><G86/><T68/><D11/><U2/><E2/><V90/><F111/><N who="3" m="42539" /><G8/><T37/><D65/><U125/><E125/><V14/><F126/><W101/><G101/><T107/><D100/><U77/><E83/><V57/><F20/><W89/><G89/><T73/><D73/><U113/><E118/><V40/><F36/><W30/><G30/><T71/><D75/><U52/><E113/><V9/><F91/><W109/><N who="3" m="42547" /><W62/><AGARI ba="2,1" hai="54,56,62,124,127" m="42547,7273,47147" machi="62" ten="50,12000,1" yaku="4,1,14,1,10,1,54,1" doraHai="21" who="3" fromWho="3" sc="175,-42,135,-42,355,-42,325,136" owari="133,-26.7,93,-40.7,313,11.3,461,56.1" /></mjloggm>