<mjloggm ver="2.3"><GO type="225" lobby="0"/><UN n0="%E4%BF%BA%E3%81%A8%E5%A6%96%E5%A4%A2" n1="%E7%B4%94%E6%BD%94%E3%83%94%E3%83%A9%E3%83%8B%E3%82%A2" n2="%E3%83%81%E3%83%AF%E3%83%AF%E9%9A%8A%E9%95%B7" n3="%E3%81%BF%E3%81%BF%E3%81%9A" dan="17,17,16,18" rate="2192.98,2212.79,2084.71,2252.62" sx="F,M,M,M"/><TAIKYOKU oya="0"/><INIT seed="0,0,0,5,1,75" ten="250,250,250,250" oya="0" hai0="77,110,128,98,4,102,25,108,16,126,41,92,2" hai1="30,45,7,107,91,17,60,104,57,27,132,58,24" hai2="113,84,32,125,105,22,111,120,119,52,47,129,23" hai3="121,61,70,78,106,82,20,42,9,96,130,54,3"/><T64/><D128/><U59/><E132/><V49/><F32/><W13/><G130/><T51/><D126/><U123/><E123/><V72/><F129/><W18/><G121/><T135/><D135/><U74/><E74/><V56/><F72/><W118/><G118/><T10/><D64/><U133/><E133/><V116/><F105/><W122/><G122/><T112/><D112/><U53/><E7/><V100/><F120/><W34/><G34/><T63/><D63/><U43/><E17/><V5/><F113/><W124/><G124/><T46/><REACH who="0" step="1"/><D77/><REACH who="0" ten="240,250,250,250" step="2"/><U114/><E114/><V12/><F125/><W28/><G61/><T31/><D31/><U83/><E60/><V103/><F119/><W94/><G28/><T81/><D81/><U11/><E30/><V117/><F116/><W85/><G70/><T95/><D95/><U0/><E83/><V19/><F117/><W38/><G106/><T66/><D66/><U97/><E107/><V131/><F131/><W44/><G54/><T21/><AGARI ba="0,1" hai="2,4,10,16,21,25,41,46,51,92,98,102,108,110" machi="21" ten="30,6000,0" yaku="1,1,0,1,54,1,53,0" doraHai="75" doraHaiUra="55" who="0" fromWho="0" sc="240,70,250,-20,250,-20,250,-20" /><INIT seed="0,1,0,2,1,101" ten="310,230,230,230" oya="0" hai0="19,81,115,42,78,16,25,119,95,117,109,45,23" hai1="88,63,2,128,52,107,15,51,10,26,99,46,6" hai2="11,135,112,83,48,126,77,114,1,44,54,71,35" hai3="82,118,102,79,96,62,30,124,27,105,85,33,29"/><T0/><D115/><U121/><E121/><V131/><F35/><W65/><G124/><T67/><D0/><U28/><E128/><V127/><F71/><W69/><REACH who="3" step="1"/><G30/><REACH who="3" ten="310,230,230,220" step="2"/><T41/><D117/><AGARI ba="1,1" hai="27,29,33,62,65,69,79,82,85,96,102,105,117,118" machi="117" ten="40,8000,1" yaku="1,1,2,1,25,2,52,1,53,0" doraHai="101" doraHaiUra="132" who="3" fromWho="0" sc="310,-83,230,0,230,0,220,93" /><INIT seed="1,0,0,0,4,88" ten="227,230,230,313" oya="1" hai0="64,55,44,95,49,17,16,81,6,113,10,59,114" hai1="0,128,72,34,36,108,92,89,116,124,129,46,40" hai2="4,26,71,102,94,134,56,123,99,52,54,105,61" hai3="19,135,131,9,18,37,48,70,27,85,118,78,117"/><U15/><E116/><N who="3" m="44650" /><G37/><T86/><D113/><U107/><E107/><V68/><F123/><W24/><G135/><T122/><D114/><U7/><E34/><V21/><F134/><W83/><G131/><N who="1" m="50250" /><E72/><V98/><F4/><W111/><G111/><T5/><D122/><U109/><E0/><V1/><F1/><W29/><G70/><T115/><D115/><U112/><E112/><V50/><F99/><W32/><G9/><T25/><D25/><U45/><E46/><V58/><REACH who="2" step="1"/><F105/><REACH who="2" ten="227,230,220,313" step="2"/><W91/><G27/><T35/><D5/><U14/><E124/><V104/><F104/><W30/><G29/><AGARI ba="0,1" hai="21,26,29,50,52,54,56,58,61,68,71,94,98,102" machi="29" ten="30,7700,0" yaku="1,1,7,1,52,1,54,1,53,0" doraHai="88" doraHaiUra="82" who="2" fromWho="3" sc="227,0,230,0,220,87,313,-77" /><INIT seed="2,0,0,4,1,119" ten="227,230,307,236" oya="2" hai0="59,91,88,73,129,130,70,103,63,128,45,13,11" hai1="55,68,36,20,89,56,4,106,117,40,105,33,62" hai2="15,17,2,127,47,122,5,28,34,109,38,135,124" hai3="108,72,1,84,125,121,18,98,94,35,27,29,46"/><V83/><F135/><W77/><G121/><T65/><D73/><U69/><E33/><V112/><F112/><W111/><G125/><T120/><D120/><U39/><E117/><V14/><F122/><W24/><G1/><T42/><D103/><U110/><E110/><N who="3" m="42026" /><G72/><T80/><D80/><U54/><E4/><V100/><F109/><W93/><G46/><T71/><D71/><U114/><E114/><V57/><F2/><W16/><G27/><T30/><D30/><U44/><E36/><V75/><F100/><N who="3" m="60495" /><G94/><T49/><REACH who="0" step="1"/><D70/><REACH who="0" ten="217,230,307,236" step="2"/><U64/><E69/><V104/><F75/><W131/><G131/><T66/><D66/><U7/><E68/><V102/><F102/><W12/><G12/><T31/><D31/><U97/><E64/><V82/><F28/><W37/><G37/><T95/><D95/><U23/><E39/><V133/><F38/><W101/><G101/><T41/><D41/><U132/><E40/><V50/><F15/><W22/><G35/><T134/><D134/><U87/><E132/><V60/><F133/><W52/><G52/><T86/><D86/><U43/><E55/><V32/><F34/><W53/><G53/><T25/><D25/><U116/><E116/><V96/><F32/><W51/><G51/><T78/><D78/><U9/><E97/><V67/><F96/><W90/><G90/><T21/><D21/><N who="1" m="8267" /><E43/><V113/><F113/><W74/><G74/><T61/><D61/><U8/><E44/><V0/><F47/><W26/><G24/><T76/><D76/><U58/><E62/><V81/><F60/><W85/><G77/><RYUUKYOKU ba="0,1" sc="217,15,230,-15,307,-15,236,15" hai0="11,13,42,45,49,59,63,65,88,91,128,129,130" hai3="16,18,22,26,29,84,85" /><INIT seed="3,1,1,3,2,99" ten="232,215,292,251" oya="3" hai0="43,17,110,65,75,62,18,133,132,32,70,107,88" hai1="76,91,45,5,89,47,66,108,68,29,78,112,10" hai2="20,9,61,52,58,109,97,30,92,44,38,56,54" hai3="42,95,6,113,2,22,117,31,14,4,85,28,131"/><W41/><G117/><T128/><D75/><U93/><E112/><V101/><F109/><W134/><G113/><T13/><D110/><U59/><E108/><V118/><F118/><W98/><G134/><N who="0" m="51819" /><D32/><U50/><E68/><V111/><F111/><W0/><G131/><T119/><D119/><U57/><E29/><N who="3" m="11338" /><G0/><T123/><D123/><U37/><E37/><V39/><F44/><N who="1" m="16969" /><E66/><N who="2" m="39207" /><F9/><W33/><G2/><T105/><D128/><U81/><E81/><V15/><F15/><W19/><G85/><T102/><D43/><N who="3" m="16393" /><G33/><T53/><D53/><N who="2" m="20586" /><F58/><N who="1" m="22025" /><E50/><V67/><F67/><W87/><G87/><T1/><D1/><U24/><E24/><AGARI ba="1,1" hai="20,24,30,38,39,92,97,101" m="20586,39207" machi="24" ten="30,3900,0" yaku="25,1,52,1,54,1" doraHai="99" who="2" fromWho="1" sc="232,0,215,-42,292,52,251,0" owari="232,-16.8,173,-32.7,344,44.4,251,5.1" /></mjloggm>