<mjloggm ver="2.3"><GO type="225" lobby="0"/><UN n0="%73%61%6E%64%69%72%69%73" n1="%72%69%6F%75%63%68%61%6E" n2="%E5%A4%96%E5%B7%9D%E7%AB%9C%E6%88%90" n3="%E6%A1%9C%E8%8A%B1%E9%96%83%E3%80%85" dan="16,17,16,18" rate="2116.74,2249.25,2128.61,2210.34" sx="M,M,M,M"/><TAIKYOKU oya="0"/><INIT seed="0,0,0,3,2,64" ten="250,250,250,250" oya="0" hai0="111,49,96,127,105,38,9,20,74,92,110,87,120" hai1="52,43,135,95,25,113,60,69,71,109,59,51,83" hai2="58,8,53,89,85,102,107,133,30,72,131,86,122" hai3="35,73,46,19,80,21,130,94,103,115,41,77,17"/><T24/><D38/><U0/><E0/><V134/><F134/><W104/><G115/><T26/><D74/><U125/><E135/><V66/><F133/><W129/><G35/><T4/><D120/><U36/><E113/><V116/><F85/><W90/><G103/><T16/><D127/><U57/><E83/><V91/><F89/><W44/><G104/><T37/><D37/><U65/><E25/><V45/><F102/><W70/><G70/><N who="1" m="26634" /><E95/><V108/><F91/><W132/><G132/><T81/><D105/><U119/><E119/><V3/><F86/><W27/><G17/><T118/><D118/><U48/><E125/><V56/><F122/><W12/><G27/><T101/><D26/><U75/><E75/><V6/><F30/><W98/><REACH who="3" step="1"/><G44/><REACH who="3" ten="250,250,250,240" step="2"/><T97/><D101/><U100/><E100/><V88/><F45/><W32/><G32/><T47/><D47/><N who="1" m="24039" /><E109/><V14/><F107/><W28/><G28/><T82/><D24/><U126/><E126/><V123/><F116/><W128/><G128/><T54/><D16/><U39/><E39/><AGARI ba="0,1" hai="12,19,21,39,41,46,73,77,80,90,94,98,129,130" machi="39" ten="40,1300,0" yaku="1,1,53,0" doraHai="64" doraHaiUra="23" who="3" fromWho="1" sc="250,0,250,-13,250,0,240,23" /><INIT seed="1,0,0,3,1,92" ten="250,237,250,263" oya="1" hai0="19,84,68,16,42,83,77,85,33,114,5,36,90" hai1="49,97,34,1,23,46,91,65,6,88,17,103,31" hai2="13,76,112,28,66,74,7,87,11,64,129,61,115" hai3="8,128,18,50,72,135,99,94,21,62,55,82,73"/><U25/><E65/><V67/><F129/><W44/><G135/><T3/><D114/><N who="2" m="43562" /><F74/><W75/><G128/><T108/><D68/><U27/><E6/><V41/><F41/><W109/><G109/><T125/><D33/><U95/><REACH who="1" step="1"/><E1/><REACH who="1" ten="250,227,250,263" step="2"/><V89/><F67/><W32/><G73/><T58/><D5/><U79/><E79/><V96/><F76/><W80/><G72/><T53/><D3/><U63/><E63/><V59/><F66/><W57/><G75/><T113/><D113/><U104/><E104/><V119/><F119/><W121/><G121/><T29/><D77/><U26/><E26/><V120/><F120/><W71/><G71/><T37/><D108/><U14/><E14/><V70/><F70/><W118/><G118/><T133/><D133/><U69/><E69/><V12/><F12/><N who="3" m="9415" /><G32/><T93/><D125/><U54/><AGARI ba="0,1" hai="17,23,25,27,31,34,46,49,54,88,91,95,97,103" machi="54" ten="20,12000,1" yaku="1,1,0,1,7,1,52,1,54,1,53,0" doraHai="92" doraHaiUra="124" who="1" fromWho="1" sc="250,-40,227,130,250,-40,263,-40" /><INIT seed="1,1,0,3,4,74" ten="210,357,210,223" oya="1" hai0="75,94,72,30,66,108,76,69,21,79,129,10,67" hai1="91,88,85,14,45,49,107,103,51,109,80,86,132" hai2="1,5,7,41,93,122,19,104,89,9,63,110,24" hai3="16,12,3,83,2,68,20,62,22,57,37,6,48"/><U8/><E132/><V4/><F122/><W58/><G37/><T81/><D108/><U26/><E109/><V125/><F110/><W92/><G68/><T15/><D129/><U90/><E26/><V39/><F104/><W134/><G134/><T127/><D127/><U135/><E135/><V59/><F125/><W17/><G6/><T101/><D69/><U28/><E28/><V23/><F41/><W54/><G92/><T42/><D42/><U117/><E117/><V124/><F39/><W95/><G95/><T33/><D33/><U123/><E123/><V114/><F114/><W119/><G83/><T112/><D112/><U27/><E27/><V61/><F61/><W0/><G119/><T35/><D35/><U111/><E111/><V25/><F25/><W116/><G116/><T105/><D105/><U97/><E85/><V113/><F124/><W34/><G34/><T38/><D38/><U70/><E70/><V133/><F113/><W120/><G120/><T77/><D81/><U98/><E97/><V121/><F121/><W40/><G40/><T55/><D55/><U64/><E64/><N who="0" m="24617" /><D21/><U13/><E13/><V96/><REACH who="2" step="1"/><F133/><REACH who="2" ten="210,357,200,223" step="2"/><W11/><REACH who="3" step="1"/><G17/><REACH who="3" ten="210,357,200,213" step="2"/><N who="0" m="8439" /><D30/><U106/><E106/><V18/><F18/><W44/><G44/><T130/><D130/><U73/><E45/><V43/><F43/><W100/><G100/><T65/><D101/><U71/><E103/><V50/><F50/><W53/><AGARI ba="1,2" hai="0,2,3,11,12,16,20,22,48,53,54,57,58,62" machi="53" ten="40,8000,1" yaku="1,1,0,1,54,1,53,2" doraHai="74" doraHaiUra="52" who="3" fromWho="3" sc="210,-21,357,-41,200,-21,213,103" /><INIT seed="2,0,0,2,5,52" ten="189,316,179,316" oya="2" hai0="126,71,104,10,109,62,82,96,26,50,132,24,92" hai1="36,125,27,18,95,81,130,78,39,121,135,79,101" hai2="40,35,15,134,7,68,48,103,59,106,66,58,42" hai3="122,38,44,77,72,117,116,5,37,33,133,47,113"/><V70/><F35/><W86/><G86/><T61/><D104/><U120/><E130/><V100/><F106/><W123/><G33/><T69/><D109/><U12/><E125/><V45/><F134/><W53/><G5/><T11/><D132/><U129/><E129/><V32/><F32/><W55/><G77/><N who="1" m="29194" /><E27/><N who="0" m="10281" /><D71/><N who="2" m="27178" /><F15/><W57/><G133/><T1/><D69/><U85/><E95/><V127/><F7/><W51/><G72/><T107/><D107/><U3/><E101/><V6/><F6/><W49/><G57/><N who="2" m="21513" /><F100/><W112/><AGARI ba="0,0" hai="37,38,44,47,49,51,53,55,112,113,116,117,122,123" machi="112" ten="25,12000,2" yaku="0,1,22,2,34,3" doraHai="52" who="3" fromWho="3" sc="189,-30,316,-30,179,-60,316,120" /><INIT seed="3,0,0,3,0,130" ten="159,286,119,436" oya="3" hai0="121,32,97,123,99,126,5,70,74,38,58,98,19" hai1="27,44,102,105,22,65,47,80,71,132,90,73,60" hai2="56,9,125,81,134,21,92,20,16,28,109,129,42" hai3="88,84,75,87,33,26,128,23,85,122,78,29,57"/><W54/><G122/><T79/><D70/><U91/><E105/><V82/><F129/><W25/><G128/><T131/><D38/><U104/><E104/><V62/><F109/><W43/><G43/><T133/><D32/><U69/><E102/><V59/><F125/><W103/><G103/><T76/><D5/><U93/><E69/><V46/><F134/><W77/><G88/><T127/><D131/><U49/><E90/><V113/><F113/><W31/><G75/><T106/><D19/><U0/><E0/><V53/><F92/><W37/><G37/><T39/><D58/><U112/><E112/><V83/><F59/><W117/><G117/><T30/><D30/><U35/><E35/><V17/><F9/><W15/><G15/><T96/><D39/><U72/><E80/><N who="2" m="20483" /><V7/><DORA hai="100" /><F7/><W95/><G95/><T4/><D4/><U13/><E13/><V89/><F89/><W10/><G10/><T2/><D133/><U64/><E64/><N who="2" m="38983" /><F42/><W86/><G86/><T111/><D111/><U52/><E44/><V6/><F6/><W8/><G8/><T119/><D2/><U14/><E14/><V1/><F1/><W108/><G108/><T116/><D74/><U24/><E24/><N who="2" m="16391" /><F21/><W124/><G124/><N who="0" m="47659" /><D123/><U120/><E120/><V51/><F53/><W135/><G25/><T114/><D114/><U3/><E3/><V41/><F41/><W45/><G26/><T50/><D121/><U110/><E110/><V55/><F55/><W68/><G54/><T11/><D11/><U94/><E72/><V118/><F118/><W61/><G68/><RYUUKYOKU ba="0,0" sc="159,-10,286,-10,119,30,436,-10" hai2="16,17,46,51" owari="149,-25.1,276,7.6,149,-35.1,426,52.6" /></mjloggm>