<mjloggm ver="2.3"><GO type="225" lobby="0"/><UN n0="%74%2E%6F%2E%6F%2E%73" n1="%E5%8D%8D%E6%B1%A0%E8%A2%8B%E6%9C%80%E5%BC%B7%E5%8D%8D" n2="%4C%4F%4C%49%54%41" n3="%41%6F%54" dan="18,16,16,16" rate="2169.54,2145.08,2165.82,2053.66" sx="M,M,F,M"/><TAIKYOKU oya="0"/><INIT seed="0,0,0,3,5,5" ten="250,250,250,250" oya="0" hai0="67,94,21,133,60,47,33,126,46,2,11,14,29" hai1="58,35,104,31,53,88,42,113,43,71,20,27,17" hai2="85,62,120,73,24,64,115,10,22,89,18,84,86" hai3="135,19,9,59,110,83,92,38,93,49,45,54,102"/><T40/><D126/><U122/><E113/><V55/><F73/><W95/><G110/><T121/><D121/><U124/><E122/><V119/><F115/><W123/><G123/><T56/><D133/><U3/><E124/><V109/><F120/><W63/><G135/><T131/><D131/><U108/><E108/><V127/><F109/><W44/><G38/><T32/><D2/><U6/><E71/><V79/><F127/><W13/><G83/><T82/><D47/><U105/><E105/><V28/><F79/><W1/><G1/><T12/><D94/><U4/><E104/><V52/><F89/><W41/><REACH who="3" step="1"/><G45/><REACH who="3" ten="250,250,250,240" step="2"/><T15/><D82/><U51/><E3/><V0/><F119/><W80/><G80/><T68/><D33/><U61/><E35/><V72/><F72/><W77/><G77/><T30/><D32/><U112/><E112/><V70/><REACH who="2" step="1"/><F0/><REACH who="2" ten="250,250,240,240" step="2"/><W26/><G26/><T129/><D129/><U103/><E27/><V87/><N who="2" m="21504" /><DORA hai="134" /><V66/><F66/><W74/><G74/><T34/><D67/><U101/><E88/><V76/><F76/><W16/><G16/><T132/><D132/><U37/><E17/><V7/><F7/><W8/><G8/><T107/><D11/><U116/><E4/><V36/><F36/><W97/><AGARI ba="0,2" hai="9,13,19,41,44,49,54,59,63,92,93,95,97,102" machi="97" ten="30,8000,1" yaku="1,1,0,1,8,1,52,1,53,1" doraHai="5,134" doraHaiUra="39,114" who="3" fromWho="3" sc="250,-40,250,-20,240,-20,240,100" /><INIT seed="1,0,0,2,2,127" ten="210,230,220,340" oya="1" hai0="33,94,48,118,128,63,119,20,50,3,76,65,98" hai1="85,9,103,132,10,12,44,5,121,32,45,101,86" hai2="97,27,1,38,58,66,18,49,126,34,36,13,117" hai3="47,69,56,100,42,67,62,106,104,111,105,53,113"/><U40/><E132/><V57/><F117/><W107/><G113/><T6/><D33/><U77/><E32/><V11/><F126/><W16/><G111/><T21/><D76/><U78/><E121/><V115/><F115/><W120/><G120/><T15/><D3/><U99/><E99/><V87/><F1/><W80/><G80/><T91/><D21/><U41/><REACH who="1" step="1"/><E12/><REACH who="1" ten="210,220,220,340" step="2"/><V2/><F97/><W39/><G107/><T116/><D116/><U22/><E22/><V64/><F34/><W129/><G106/><T17/><D118/><U112/><E112/><V31/><F13/><W130/><G105/><T134/><D134/><U108/><E108/><V72/><F2/><W81/><G104/><T131/><D119/><U82/><E82/><V25/><F11/><W24/><G81/><T46/><D6/><AGARI ba="0,1" hai="5,6,9,10,40,41,44,45,77,78,85,86,101,103" machi="6" ten="25,18000,2" yaku="1,1,22,2,8,1,53,2" doraHai="127" doraHaiUra="37" who="1" fromWho="0" sc="210,-180,220,190,220,0,340,0" /><INIT seed="1,1,0,1,5,25" ten="30,410,220,340" oya="1" hai0="72,6,27,64,114,84,66,47,124,89,43,53,67" hai1="99,123,4,83,61,20,65,68,74,130,88,79,113" hai2="17,73,77,33,38,93,44,13,8,69,121,54,14" hai3="29,94,16,10,101,122,48,7,96,109,102,18,51"/><U46/><E123/><V134/><F121/><W28/><G109/><T41/><D72/><U60/><E113/><V133/><F69/><W35/><G122/><T30/><D6/><U116/><E116/><V76/><F33/><W112/><G112/><T80/><D124/><U56/><E130/><V90/><F73/><W63/><G63/><T103/><D103/><U1/><E46/><V57/><F38/><W39/><G39/><T87/><D114/><U21/><E4/><V106/><F106/><W62/><G62/><T132/><D132/><N who="2" m="50794" /><F13/><N who="3" m="5343" /><G35/><T135/><D87/><U45/><E45/><V31/><F31/><N who="3" m="11851" /><G102/><T82/><D82/><U104/><E1/><V15/><F8/><W126/><G126/><T55/><D135/><U127/><E127/><V86/><F17/><AGARI ba="1,0" hai="16,17,18,48,51,94,96,101" m="11851,5343" machi="17" ten="30,8000,1" yaku="8,1,52,3,54,1" doraHai="25" who="3" fromWho="2" sc="30,0,410,0,220,-83,340,83" /><INIT seed="2,0,0,4,3,63" ten="30,410,137,423" oya="2" hai0="80,36,99,70,35,83,31,50,98,4,22,28,57" hai1="20,64,43,44,0,105,10,75,65,88,47,13,133" hai2="135,93,107,77,94,51,9,37,109,119,89,26,38" hai3="23,112,78,130,12,53,56,111,71,54,72,86,69"/><V101/><F119/><W8/><G72/><T5/><D70/><U118/><E105/><V58/><F107/><W122/><G122/><T113/><D36/><U128/><E118/><V131/><F131/><W116/><G116/><T100/><D35/><U114/><E114/><V68/><F68/><W81/><G130/><T32/><D32/><U55/><E75/><V115/><F115/><W82/><G112/><T48/><D113/><U73/><E73/><V79/><F135/><W92/><G82/><T84/><D57/><U29/><E133/><V67/><F26/><W106/><G106/><T21/><REACH who="0" step="1"/><D84/><REACH who="0" ten="20,410,137,423" step="2"/><U46/><E0/><V121/><F58/><W97/><G56/><T96/><D96/><U15/><E128/><V123/><F37/><W7/><G97/><T27/><D27/><N who="1" m="16615" /><E43/><V120/><F38/><W95/><G71/><T16/><D16/><N who="1" m="8247" /><E55/><V33/><F123/><W102/><G69/><T30/><D30/><U61/><E61/><V134/><F121/><W108/><G54/><T62/><D62/><U90/><E15/><V74/><F120/><W132/><G53/><T25/><D25/><U39/><E39/><V60/><F60/><W104/><G132/><T52/><D52/><U110/><E110/><V129/><F109/><W103/><G111/><T41/><D41/><U125/><E125/><V14/><F134/><W91/><G108/><T85/><D85/><U6/><E6/><V11/><F14/><W124/><G124/><T40/><D40/><U66/><AGARI ba="0,1" hai="44,46,47,64,65,66,88,90" m="8247,16615" machi="66" ten="30,12000,2" yaku="8,1,52,3,54,2" doraHai="63" who="1" fromWho="1" sc="20,-30,410,130,137,-60,423,-30" owari="-10,-51.0,540,64.0,77,-32.3,393,19.3" /></mjloggm>