<mjloggm ver="2.3"><GO type="225" lobby="0"/><UN n0="%4E%49%4A%49%49%52%4F" n1="%43%68%65" n2="%E3%81%AF%E3%82%88%E3%81%8A%E3%81%98%E3%81%95%E3%82%93" n3="%E4%B8%AD%E5%B9%B4%E3%81%AE%E5%8D%B1%E6%A9%9F" dan="17,16,17,17" rate="2218.94,2136.72,2201.42,2253.45" sx="M,M,M,M"/><TAIKYOKU oya="0"/><INIT seed="0,0,0,2,4,14" ten="250,250,250,250" oya="0" hai0="114,40,65,57,20,71,15,30,61,50,8,74,4" hai1="11,2,94,73,124,51,80,19,101,90,89,103,112" hai2="129,96,69,10,87,93,26,60,66,81,53,35,97" hai3="44,56,75,127,85,47,126,18,70,106,115,99,31"/><T121/><D121/><U24/><E124/><N who="3" m="47658" /><G75/><T13/><D114/><U36/><E36/><V107/><F129/><W135/><G70/><T117/><D117/><U92/><E112/><V105/><F97/><W88/><G115/><T119/><D119/><U131/><E131/><V28/><F53/><W111/><G135/><T32/><D74/><U76/><E2/><V6/><F87/><W1/><G1/><T86/><D32/><U62/><E51/><V48/><F48/><W109/><G31/><T7/><D86/><U102/><E62/><V67/><F81/><N who="3" m="49199" /><G56/><T83/><D83/><U42/><E42/><V118/><F118/><W63/><G63/><T29/><D71/><U82/><E82/><V22/><F35/><W3/><G3/><T123/><D123/><U95/><REACH who="1" step="1"/><E11/><REACH who="1" ten="250,240,250,250" step="2"/><V55/><F10/><W134/><G134/><T116/><D116/><U5/><E5/><V52/><F6/><W37/><G37/><T125/><D125/><U128/><E128/><V16/><F60/><W49/><G47/><N who="0" m="25959" /><D7/><U34/><E34/><V45/><F45/><W100/><G49/><T68/><D68/><U0/><E0/><V113/><F69/><W46/><G44/><T17/><AGARI ba="0,1" hai="4,8,13,15,17,20,29,30,57,61,65" m="25959" machi="17" ten="30,3000,0" yaku="8,1,52,1" doraHai="14" who="0" fromWho="0" sc="250,40,240,-10,250,-10,250,-10" /><INIT seed="0,1,0,3,1,16" ten="290,230,240,240" oya="0" hai0="47,129,110,10,134,65,135,130,18,131,3,71,86" hai1="99,40,106,118,59,128,95,2,46,127,107,11,5" hai2="87,68,63,72,21,7,84,13,22,103,112,51,14" hai3="31,132,113,79,85,23,126,8,50,52,19,28,77"/><T123/><D123/><U101/><E118/><V73/><F51/><W32/><G32/><T104/><D104/><U25/><E128/><V117/><F63/><W76/><G113/><T88/><D47/><U67/><E127/><V82/><F82/><N who="3" m="47303" /><G126/><T119/><D119/><U60/><REACH who="1" step="1"/><E25/><REACH who="1" ten="290,220,240,240" step="2"/><V64/><F117/><W92/><G132/><T26/><D26/><U61/><E61/><V100/><F112/><W93/><G77/><T9/><D134/><U54/><E54/><V36/><F64/><W15/><G79/><T75/><D135/><U108/><E108/><V20/><F73/><W74/><G74/><T89/><D75/><U34/><E34/><V97/><F72/><W70/><G70/><T53/><D110/><U56/><E56/><V1/><F68/><W105/><G105/><T109/><D53/><U58/><E58/><V42/><F42/><W94/><G8/><T114/><D109/><U44/><E44/><AGARI ba="1,1" hai="15,19,23,28,31,44,50,52,92,93,94" m="47303" machi="44" ten="30,3900,0" yaku="8,1,52,1,54,1" doraHai="16" who="3" fromWho="1" sc="290,0,220,-42,240,0,240,52" /><INIT seed="1,0,0,2,2,117" ten="290,178,240,292" oya="1" hai0="124,58,7,87,91,126,6,127,4,85,11,95,18" hai1="99,39,30,100,19,131,94,69,102,22,23,114,51" hai2="59,40,121,3,128,129,106,9,15,115,71,88,103" hai3="34,5,67,56,20,72,116,45,132,17,53,133,92"/><U21/><E114/><V28/><F71/><W0/><G72/><T83/><D58/><U43/><E39/><V62/><F115/><W27/><G116/><T113/><D113/><U57/><E69/><V54/><F121/><W32/><G67/><T93/><D87/><U86/><E131/><V73/><F73/><W109/><G45/><T123/><D123/><U26/><E86/><V42/><F3/><W110/><G92/><N who="0" m="35403" /><D18/><U135/><E135/><N who="3" m="51786" /><G56/><T118/><D118/><U90/><E23/><V37/><F88/><W13/><G53/><T98/><D98/><U52/><REACH who="1" step="1"/><E43/><REACH who="1" ten="290,168,240,292" step="2"/><V80/><F37/><W50/><G32/><T89/><D11/><U120/><E120/><V29/><F40/><W107/><G107/><T96/><D96/><U46/><E46/><V122/><F42/><W112/><G112/><T76/><AGARI ba="0,1" hai="4,6,7,76,83,85,89,91,124,126,127" m="35403" machi="76" ten="40,1500,0" yaku="18,1" doraHai="117" who="0" fromWho="0" sc="290,25,168,-7,240,-4,292,-4" /><INIT seed="2,0,0,5,2,50" ten="315,161,236,288" oya="2" hai0="60,42,80,33,55,29,86,78,44,112,71,85,126" hai1="34,87,11,4,57,121,106,49,120,101,110,69,14" hai2="6,108,26,22,16,129,62,28,31,52,111,38,79" hai3="61,95,48,94,21,81,39,96,1,103,76,122,41"/><V105/><F38/><W70/><G122/><N who="1" m="47210" /><E69/><V114/><F114/><W124/><G1/><T127/><D112/><U73/><E73/><V82/><F105/><W66/><G124/><N who="0" m="47659" /><D29/><U12/><E34/><V119/><F6/><W59/><G39/><T123/><D33/><U10/><E110/><N who="2" m="42027" /><F129/><W104/><G21/><T128/><D128/><U77/><E101/><V99/><F99/><W53/><REACH who="3" step="1"/><G41/><REACH who="3" ten="315,161,236,278" step="2"/><T25/><D123/><U91/><E11/><V19/><F119/><W92/><G92/><T113/><D42/><U84/><E106/><V68/><F28/><W97/><G97/><T67/><D113/><U83/><E10/><V7/><F7/><W134/><G134/><T17/><D17/><U15/><E4/><V56/><F68/><W47/><G47/><T20/><D44/><U131/><E131/><V135/><F135/><W130/><G130/><T0/><D0/><U64/><E15/><V40/><F40/><W24/><G24/><T118/><D25/><U125/><E125/><V37/><F37/><W116/><G116/><T8/><D8/><U2/><E2/><V117/><F117/><W98/><G98/><T35/><D20/><U3/><E3/><V133/><F133/><W32/><G32/><T93/><D35/><U18/><E14/><V51/><F19/><W115/><G115/><T30/><D30/><U65/><E18/><V58/><F31/><W13/><G13/><T46/><D118/><U63/><E12/><V75/><F16/><W72/><AGARI ba="0,1" hai="48,53,59,61,66,70,72,76,81,94,95,96,103,104" machi="72" ten="20,8000,1" yaku="1,1,0,1,7,1,52,1,53,1" doraHai="50" doraHaiUra="100" who="3" fromWho="3" sc="315,-20,161,-20,236,-40,278,90" /><INIT seed="3,0,0,4,5,125" ten="295,141,196,368" oya="3" hai0="120,102,116,34,5,121,44,122,135,27,22,95,18" hai1="126,99,97,20,59,37,88,70,8,94,98,82,11" hai2="42,107,30,17,113,56,48,57,118,10,124,112,40" hai3="26,85,77,38,2,32,100,62,9,28,129,6,78"/><W91/><G129/><T75/><D75/><U15/><E126/><V72/><F118/><W132/><G38/><T46/><D116/><U35/><E35/><V84/><F72/><W76/><G132/><T110/><D110/><U105/><E70/><V58/><F107/><W65/><G100/><T63/><D135/><U21/><E37/><V39/><F124/><W71/><G78/><T127/><D127/><U92/><E105/><V111/><F39/><W60/><G60/><T49/><D34/><U41/><E41/><V4/><F30/><W81/><AGARI ba="0,0" hai="2,6,9,26,28,32,62,65,71,76,77,81,85,91" machi="81" ten="20,2100,0" yaku="0,1,7,1" doraHai="125" who="3" fromWho="3" sc="295,-7,141,-7,196,-7,368,21" owari="288,8.8,134,-36.6,189,-21.1,389,48.9" /></mjloggm>