<mjloggm ver="2.3"><GO type="225" lobby="0"/><UN n0="%E3%83%94%E3%82%B3%E3%83%9E%E3%82%B9%E3%83%86%E3%82%A3%E3%83%95" n1="%4C%4F%4C%49%54%41" n2="%E3%82%BC%E3%83%AB%E3%83%80%E3%81%AE%E4%BC%9D%E8%AA%AC" n3="%73%61%6E%64%69%72%69%73" dan="17,16,16,16" rate="2198.03,2193.13,2169.25,2143.04" sx="M,F,M,M"/><TAIKYOKU oya="0"/><INIT seed="0,0,0,3,0,99" ten="250,250,250,250" oya="0" hai0="127,8,82,58,39,12,48,56,69,42,53,27,64" hai1="128,122,41,105,132,14,34,54,124,1,6,113,29" hai2="28,72,76,102,85,112,123,109,119,106,95,65,15" hai3="88,63,25,68,91,92,47,9,86,60,110,61,121"/><T104/><D104/><U11/><E41/><V89/><F28/><W74/><G74/><T97/><D127/><U20/><E105/><V135/><F65/><W126/><G110/><T21/><D69/><U98/><E54/><V101/><F15/><W55/><G126/><T117/><D117/><U84/><E124/><V94/><F109/><W81/><G121/><T66/><D39/><U17/><E98/><N who="2" m="61751" /><F123/><W130/><G130/><T44/><D97/><U45/><E45/><V71/><F71/><W78/><G25/><T22/><D82/><U3/><E122/><V80/><F119/><W103/><G68/><T40/><D40/><U23/><E84/><N who="2" m="52519" /><F135/><W67/><G9/><T51/><D58/><U36/><E36/><V5/><F5/><W79/><G67/><N who="0" m="25643" /><D27/><N who="1" m="18751" /><E132/><V100/><F112/><W75/><G75/><T129/><D129/><U52/><E52/><V2/><F2/><N who="1" m="521" /><E128/><V70/><F70/><W96/><G79/><T24/><D24/><N who="1" m="14351" /><E113/><V87/><F72/><W118/><G118/><T77/><D42/><U73/><E73/><V116/><F116/><W37/><G37/><T114/><D114/><U0/><E0/><V4/><F4/><W13/><G47/><T50/><D44/><U49/><E49/><V7/><F7/><W18/><G55/><T57/><D53/><U33/><E23/><N who="0" m="8713" /><D57/><U120/><E120/><V107/><F107/><W38/><G38/><T131/><D56/><U111/><E111/><V108/><F108/><W43/><G43/><T83/><D131/><U32/><AGARI ba="0,0" hai="6,11,14,32,33" m="14351,521,18751" machi="32" ten="30,8000,1" yaku="35,5" doraHai="99" who="1" fromWho="1" sc="250,-40,250,80,250,-20,250,-20" /><INIT seed="1,0,0,4,0,61" ten="210,330,230,230" oya="1" hai0="48,36,89,135,21,84,42,62,43,1,120,2,93" hai1="85,121,29,105,46,64,57,76,40,100,80,98,16" hai2="110,66,59,12,133,28,108,52,30,87,69,109,97" hai3="55,94,106,90,119,113,65,130,9,33,8,77,128"/><U103/><E121/><V0/><F0/><W6/><G113/><T49/><D120/><U58/><E29/><V114/><F133/><W34/><G106/><T45/><D135/><U112/><E112/><V75/><F75/><W56/><G77/><T53/><D36/><U111/><E100/><V10/><F114/><W116/><G34/><T73/><D73/><U19/><E111/><V101/><F87/><W35/><G35/><T118/><D118/><N who="3" m="45097" /><G33/><T88/><D21/><U102/><E102/><V125/><F125/><W38/><G38/><T86/><D62/><U15/><E64/><V115/><F115/><W124/><G65/><T13/><D13/><U31/><E31/><V47/><F47/><W96/><G124/><T20/><D20/><U32/><E32/><V104/><F66/><W4/><G9/><T41/><REACH who="0" step="1"/><D48/><REACH who="0" ten="200,330,230,230" step="2"/><U122/><E122/><V131/><F131/><N who="3" m="50219" /><G8/><T44/><D44/><U117/><E117/><V7/><REACH who="2" step="1"/><F69/><REACH who="2" ten="200,330,220,230" step="2"/><W92/><G56/><T11/><D11/><N who="1" m="6271" /><E57/><V123/><F123/><W91/><G4/><T99/><D99/><U63/><E46/><V70/><F70/><W95/><G6/><T126/><D126/><U134/><E58/><V23/><F23/><W50/><G50/><AGARI ba="0,2" hai="7,10,12,28,30,50,52,59,97,101,104,108,109,110" machi="50" ten="40,8000,1" yaku="1,1,14,1,54,1,53,2" doraHai="61" doraHaiUra="27" who="2" fromWho="3" sc="200,0,330,0,220,100,230,-80" /><INIT seed="2,0,0,4,2,98" ten="200,330,320,150" oya="2" hai0="81,95,4,107,85,72,18,17,2,87,82,0,49" hai1="35,33,118,128,101,8,125,19,54,23,97,60,132" hai2="120,77,39,79,20,75,80,90,67,27,135,34,88" hai3="71,14,52,126,65,15,106,109,110,127,51,30,40"/><V124/><F120/><W121/><G30/><T112/><D107/><U117/><E128/><V24/><F39/><W131/><G106/><T36/><D36/><U55/><E132/><V94/><F135/><W47/><G14/><T21/><D72/><U43/><E43/><V57/><F124/><N who="3" m="47659" /><G15/><T123/><D123/><U62/><E125/><V28/><F79/><W37/><G121/><T11/><D112/><U42/><E42/><V113/><F113/><W56/><G131/><T76/><D2/><U25/><E8/><V12/><F12/><W134/><G134/><T86/><D21/><U61/><E55/><V32/><F32/><W116/><G116/><T69/><D69/><U10/><E54/><V114/><F114/><W64/><G71/><T16/><D76/><U108/><E10/><V63/><REACH who="2" step="1"/><F94/><REACH who="2" ten="200,330,310,150" step="2"/><W3/><G3/><T59/><D95/><U29/><E35/><V119/><F119/><W83/><G83/><T50/><D82/><U48/><E117/><V73/><F73/><W78/><G78/><T92/><D81/><U26/><E118/><V104/><F104/><W38/><G38/><T22/><D92/><U133/><E133/><V103/><F103/><W31/><G31/><AGARI ba="0,1" hai="20,24,27,28,31,34,57,63,67,75,77,80,88,90" machi="31" ten="30,5800,0" yaku="1,1,7,1,54,1,53,0" doraHai="98" doraHaiUra="111" who="2" fromWho="3" sc="200,0,330,0,310,68,150,-58" /><INIT seed="2,1,0,3,5,54" ten="200,330,378,92" oya="2" hai0="0,24,46,113,100,131,127,84,103,48,73,10,108" hai1="20,71,19,81,133,115,4,132,120,31,91,13,9" hai2="58,99,68,64,38,126,106,26,114,80,5,23,49" hai3="87,62,27,88,34,30,56,123,104,134,95,39,107"/><V101/><F114/><W33/><G123/><T111/><D73/><U102/><E71/><V67/><F38/><W124/><G39/><T121/><D121/><U76/><E120/><V25/><F126/><W57/><G124/><T130/><D127/><U60/><E102/><N who="0" m="38953" /><D113/><U3/><E115/><V118/><F118/><W53/><G134/><T51/><D84/><U90/><E60/><V42/><F68/><W78/><G34/><T129/><D24/><U70/><E70/><V52/><F42/><W61/><REACH who="3" step="1"/><G78/><REACH who="3" ten="200,330,378,82" step="2"/><T85/><D131/><U74/><E132/><V92/><F106/><W45/><G45/><T93/><D46/><U18/><E76/><V6/><F80/><W116/><G116/><T119/><D119/><U43/><E81/><V55/><F25/><W69/><G69/><T110/><D130/><U128/><E133/><V50/><F5/><W66/><AGARI ba="1,1" hai="27,30,33,53,56,57,61,62,66,87,88,95,104,107" machi="66" ten="20,12000,2" yaku="1,1,0,1,7,1,52,2,54,1,53,0" doraHai="54" doraHaiUra="16" who="3" fromWho="3" sc="200,-31,330,-31,378,-61,82,133" /><INIT seed="3,0,0,5,5,93" ten="169,299,317,215" oya="3" hai0="87,49,113,31,24,91,85,89,99,38,57,90,127" hai1="134,16,75,28,66,114,106,14,73,124,129,108,64" hai2="12,122,44,9,96,110,51,133,48,37,76,132,1" hai3="71,3,43,72,62,92,34,60,41,123,46,117,97"/><W4/><G117/><T119/><D127/><U61/><E114/><V82/><F110/><W94/><G123/><T18/><D38/><U19/><E106/><V25/><F122/><W109/><G34/><T118/><D113/><U79/><E28/><V88/><F25/><W81/><G109/><T135/><D135/><N who="2" m="51786" /><F1/><W98/><G71/><T20/><D119/><U23/><E134/><V2/><F2/><W15/><G3/><T83/><D118/><U102/><E108/><V116/><F116/><W112/><G112/><T77/><D87/><U56/><E102/><V128/><F128/><W84/><G72/><T120/><D120/><U121/><E121/><V47/><F88/><N who="0" m="22530" /><T78/><DORA hai="54" /><D78/><U32/><E32/><V58/><F96/><N who="3" m="36971" /><G81/><T80/><D99/><U107/><E107/><V22/><F22/><W100/><G84/><T0/><D0/><U17/><E23/><V131/><F131/><W8/><G100/><T68/><D68/><U11/><E129/><V101/><F101/><W104/><G104/><T13/><D83/><U21/><E75/><V59/><F37/><W27/><G27/><T5/><D5/><U125/><E21/><V35/><F35/><W103/><G103/><T10/><D49/><N who="2" m="19018" /><F76/><W36/><G36/><T126/><D126/><N who="1" m="48747" /><E79/><V95/><F82/><W40/><G46/><N who="2" m="17449" /><F95/><AGARI ba="0,0" hai="4,8,15,40,41,43,60,62,92,94,95" m="36971" machi="95" ten="30,11600,0" yaku="8,1,52,3" doraHai="93,54" who="3" fromWho="2" sc="169,0,299,0,317,-116,215,116" owari="169,-33.1,299,9.9,201,-19.9,331,43.1" /></mjloggm>