<mjloggm ver="2.3"><GO type="225" lobby="0"/><UN n0="%33%74%72%65%65" n1="%E3%81%B5%E3%81%98%E3%81%8B%E3%81%A4" n2="%E3%81%8B%E3%82%8F%E3%81%A1%E3%82%83%E3%82%93%35%38" n3="%E9%97%98%E5%B0%86%E3%81%A0%E3%82%93%E3%81%A7%E3%81%83" dan="16,16,16,16" rate="2105.14,2151.64,2149.39,2134.90" sx="F,M,M,M"/><TAIKYOKU oya="0"/><INIT seed="0,0,0,1,5,1" ten="250,250,250,250" oya="0" hai0="18,129,26,89,110,118,108,9,5,63,64,123,53" hai1="65,99,74,7,44,70,106,130,77,42,95,125,12" hai2="0,19,111,56,21,134,22,32,104,20,62,48,45" hai3="41,80,112,115,13,24,68,88,79,30,82,50,39"/><T124/><D118/><U36/><E125/><V23/><F32/><W28/><G39/><T8/><D123/><U87/><E130/><V119/><F104/><W135/><G68/><T27/><D124/><U47/><E47/><V103/><F111/><N who="0" m="42538" /><D129/><U67/><E106/><V91/><F134/><W121/><G30/><T55/><D89/><U15/><E70/><V71/><F71/><W35/><G121/><T58/><D9/><U107/><E74/><V92/><F0/><W16/><G135/><T101/><D101/><U75/><E75/><V46/><F103/><W66/><G66/><T131/><D131/><U133/><E107/><V2/><F2/><W78/><G115/><T29/><D18/><U72/><E72/><V114/><F114/><W117/><G117/><T97/><D97/><U81/><E133/><V49/><F119/><W33/><G112/><T60/><D60/><U69/><E69/><V96/><F48/><W57/><G79/><T40/><D40/><U25/><E25/><N who="0" m="9225" /><D29/><U127/><E127/><V90/><F90/><W98/><G35/><T122/><D122/><U109/><E109/><V14/><REACH who="2" step="1"/><F49/><REACH who="2" ten="250,250,240,250" step="2"/><W10/><G78/><T76/><D76/><U120/><E120/><V116/><F116/><W93/><G41/><T132/><D132/><U3/><E77/><V61/><F61/><W113/><G113/><T51/><D51/><U11/><E42/><V73/><F73/><W4/><G50/><T43/><D43/><U102/><E36/><V52/><AGARI ba="0,1" hai="14,19,20,21,22,23,45,46,52,56,62,91,92,96" machi="52" ten="30,8000,1" yaku="1,1,0,1,8,1,54,1,53,1" doraHai="1" doraHaiUra="84" who="2" fromWho="2" sc="250,-40,250,-20,240,90,250,-20" /><INIT seed="1,0,0,2,2,80" ten="210,230,330,230" oya="1" hai0="62,92,90,69,70,30,130,88,34,75,23,121,124" hai1="26,37,55,129,109,91,24,116,29,48,41,132,51" hai2="10,9,72,19,73,12,64,119,114,6,108,22,84" hai3="110,14,61,120,16,82,56,58,104,53,43,122,94"/><U101/><E116/><V4/><F119/><W86/><G104/><T126/><D130/><U89/><E129/><V59/><F108/><W21/><G110/><T28/><D34/><U113/><E109/><V79/><F114/><W98/><G43/><T45/><D75/><U36/><E113/><V44/><F44/><W128/><G128/><T31/><D121/><U35/><E101/><V2/><F64/><W103/><REACH who="3" step="1"/><G58/><REACH who="3" ten="210,230,330,220" step="2"/><T99/><D69/><U39/><E132/><V5/><F59/><W118/><G118/><T135/><D135/><U18/><E41/><V127/><F127/><W49/><G49/><T87/><D126/><U78/><E51/><V77/><F73/><W81/><G81/><N who="0" m="49263" /><D124/><U71/><E71/><V20/><F72/><W7/><G7/><T50/><D70/><U46/><E39/><V105/><F105/><W85/><G85/><T93/><D62/><U66/><E37/><V63/><F84/><W40/><G40/><N who="0" m="24871" /><D92/><U54/><E36/><V102/><F63/><W106/><G106/><T11/><D11/><U47/><E47/><V74/><F74/><W8/><G8/><N who="2" m="3177" /><F2/><W3/><G3/><T125/><D125/><U13/><E46/><V115/><F115/><W33/><G33/><T27/><AGARI ba="0,1" hai="23,27,28,30,31,90,93,99" m="24871,49263" machi="27" ten="30,4000,0" yaku="8,1,52,1,54,1" doraHai="80" who="0" fromWho="0" sc="210,50,230,-20,330,-10,220,-10" /><INIT seed="2,0,0,5,4,15" ten="260,210,320,210" oya="2" hai0="110,62,83,127,4,5,20,45,72,60,16,46,55" hai1="111,64,53,69,107,134,23,22,47,92,42,1,61" hai2="6,108,132,114,28,44,104,93,33,101,119,41,82" hai3="34,17,113,66,48,38,94,27,122,76,128,85,112"/><V12/><F104/><W59/><G38/><T73/><D110/><U91/><E107/><V124/><F82/><W125/><G122/><T117/><D127/><U95/><E111/><V25/><F93/><W88/><G125/><T70/><D70/><U123/><E134/><V105/><F44/><W75/><G128/><T29/><D29/><U100/><E123/><V80/><F41/><W67/><G34/><T49/><D117/><U26/><E1/><V31/><F80/><N who="3" m="45087" /><G59/><N who="0" m="33263" /><D73/><U18/><E53/><V57/><F57/><W9/><G48/><T10/><D83/><U39/><E100/><V68/><F114/><N who="3" m="44139" /><G9/><T32/><D32/><U51/><E39/><V77/><F33/><W11/><G11/><T7/><D10/><U86/><REACH who="1" step="1"/><E23/><AGARI ba="0,0" hai="17,23,27,66,67,85,88,94" m="44139,45087" machi="23" ten="30,3900,0" yaku="11,1,52,1,54,1" doraHai="15" who="3" fromWho="1" sc="260,0,210,-39,320,0,210,39" /><INIT seed="3,0,0,5,5,87" ten="260,171,320,249" oya="3" hai0="132,59,122,83,6,4,74,68,22,116,42,33,54" hai1="3,105,30,120,38,75,96,109,79,13,112,12,114" hai2="104,90,93,26,98,55,27,72,113,57,29,16,119" hai3="88,39,34,121,62,129,81,128,21,24,9,127,63"/><W7/><G39/><T0/><D116/><U45/><E120/><V67/><F72/><W56/><G34/><T118/><D118/><U103/><E109/><V123/><F119/><W91/><G121/><T69/><D33/><U47/><E13/><V46/><F123/><W17/><G81/><T101/><D0/><U32/><E47/><V107/><F113/><W41/><G41/><T15/><D68/><U111/><E12/><V58/><F46/><W44/><G44/><T77/><D69/><U76/><E76/><V126/><F126/><W85/><G85/><T52/><D42/><U82/><E111/><V37/><F37/><W65/><G63/><T10/><D132/><U134/><E3/><V48/><F58/><W73/><G73/><T115/><D115/><U99/><E99/><V80/><F67/><W11/><G127/><T1/><D122/><U84/><E134/><V125/><F80/><W70/><G70/><T78/><D78/><U14/><E14/><V100/><F125/><W5/><G9/><T19/><D6/><N who="3" m="2057" /><G11/><T124/><D124/><U106/><E106/><V31/><F107/><W20/><G20/><T36/><D36/><U51/><E84/><V135/><F135/><W35/><G35/><T23/><D23/><U8/><E8/><V130/><F104/><W102/><G102/><T40/><D101/><U94/><E94/><V97/><F100/><W18/><G18/><T86/><D40/><N who="1" m="22679" /><E51/><V43/><F16/><W110/><G110/><T66/><D74/><U53/><E53/><N who="0" m="20585" /><D66/><U50/><E50/><V92/><F43/><W61/><G61/><RYUUKYOKU ba="0,0" sc="260,10,171,10,320,-30,249,10" hai0="1,4,10,15,19,22,59,77,83,86" hai1="30,32,75,79,82,96,103,105,112,114" hai3="17,21,24,56,62,65,88,91,128,129" /><INIT seed="3,1,0,3,4,50" ten="270,181,290,259" oya="3" hai0="28,19,83,7,91,131,95,22,73,46,81,134,29" hai1="12,125,0,104,53,90,60,120,10,86,54,106,130" hai2="25,115,63,118,123,33,13,39,97,74,68,102,88" hai3="113,52,84,110,36,35,1,92,87,51,55,24,20"/><W6/><G113/><T96/><D131/><U27/><E120/><V75/><F88/><N who="3" m="53255" /><G36/><T40/><D7/><U17/><E130/><V11/><F39/><W45/><G35/><T65/><D65/><U93/><E125/><V14/><F118/><W16/><G1/><T128/><D134/><U71/><E0/><V85/><F85/><W108/><G6/><T116/><D128/><U77/><E77/><V37/><F37/><W135/><G135/><T47/><D116/><U100/><E27/><V66/><F115/><W64/><G64/><T105/><D105/><U32/><E32/><V61/><F61/><W80/><G108/><T9/><D9/><U43/><E43/><V41/><F41/><N who="3" m="25007" /><G110/><T8/><D73/><U70/><E106/><N who="2" m="63823" /><F123/><W107/><G107/><T127/><D127/><U94/><E104/><V114/><F114/><W126/><G126/><T122/><D122/><U129/><E129/><V117/><F117/><W42/><G42/><T30/><D40/><U98/><REACH who="1" step="1"/><E60/><REACH who="1" ten="270,171,290,259" step="2"/><V15/><F75/><W82/><G82/><T99/><D81/><U4/><E4/><N who="2" m="3303" /><F74/><W103/><G103/><T56/><D83/><U62/><E62/><V76/><F76/><AGARI ba="1,1" hai="16,20,24,52,55,76,80,87" m="25007,53255" machi="76" ten="30,18000,2" yaku="8,1,52,2,54,3" doraHai="50" who="3" fromWho="2" sc="270,0,171,0,290,-183,259,193" owari="270,7.0,171,-22.9,107,-39.3,452,55.2" /></mjloggm>