<mjloggm ver="2.3"><GO type="225" lobby="0"/><UN n0="%E3%83%A9%E3%83%BC%E3%83%A1%E3%83%B3%E4%BA%94%E9%83%8E" n1="%E5%84%AA%40%41%42%43" n2="%E7%B4%94%E6%BD%94%E3%83%94%E3%83%A9%E3%83%8B%E3%82%A2" n3="%6A%70%74%77%61%32" dan="16,17,16,16" rate="2102.46,2250.77,2123.41,2061.66" sx="M,M,M,M"/><TAIKYOKU oya="0"/><INIT seed="0,0,0,0,1,81" ten="250,250,250,250" oya="0" hai0="97,130,103,52,124,125,32,110,93,92,135,107,90" hai1="104,24,88,73,67,5,76,99,54,2,112,4,85" hai2="111,119,94,128,117,134,78,42,122,101,36,38,39" hai3="116,109,31,57,17,80,50,72,66,59,6,30,14"/><T102/><D32/><U98/><E112/><V43/><F111/><W133/><G116/><N who="2" m="44617" /><F128/><W129/><G109/><T40/><D40/><N who="2" m="15402" /><F78/><W7/><G129/><T8/><D130/><U21/><E2/><V29/><F29/><N who="3" m="10763" /><G72/><T25/><D110/><U45/><E76/><V75/><F75/><W47/><G80/><T132/><D25/><U16/><E67/><V95/><F101/><N who="0" m="38410" /><D107/><U71/><E71/><V20/><F20/><N who="3" m="11319" /><G133/><N who="0" m="51275" /><D8/><U77/><E77/><V127/><F134/><W3/><G3/><T62/><D93/><N who="2" m="35338" /><F127/><N who="0" m="48714" /><D62/><U9/><E104/><V114/><F122/><W48/><G50/><T89/><D90/><U64/><E9/><V34/><F34/><W106/><G106/><T18/><D18/><U12/><E5/><V58/><F114/><W51/><G51/><T49/><D49/><N who="1" m="28975" /><E4/><V22/><F22/><W23/><G6/><T35/><D35/><U53/><E21/><V68/><F68/><W87/><G23/><T121/><D121/><U61/><E24/><V123/><F123/><W70/><G7/><T69/><D69/><U55/><E12/><V118/><F118/><W44/><G70/><T65/><D65/><U46/><E64/><V10/><F10/><W131/><G131/><T56/><D56/><AGARI ba="0,0" hai="36,38,39,56,58" m="35338,15402,44617" machi="56" ten="40,5200,0" yaku="28,2,12,1" doraHai="81" who="2" fromWho="0" sc="250,-52,250,0,250,52,250,0" /><INIT seed="1,0,0,5,0,45" ten="198,250,302,250" oya="1" hai0="111,107,22,95,113,133,80,72,71,35,65,117,23" hai1="99,8,91,129,13,86,51,130,11,88,24,89,26" hai2="77,37,63,32,87,134,121,5,12,50,48,126,33" hai3="53,17,69,1,97,58,43,98,36,109,38,54,39"/><U46/><E99/><V94/><F37/><W49/><G1/><T79/><D113/><U16/><E11/><V2/><F2/><W100/><G17/><T34/><D117/><U83/><E26/><V30/><F121/><W105/><G109/><T21/><D111/><U132/><E132/><V135/><F63/><W27/><G69/><T112/><D112/><U66/><E66/><V114/><F114/><W31/><G53/><T0/><D107/><U15/><E24/><V74/><F74/><W62/><G97/><T123/><D133/><N who="2" m="50698" /><F126/><W19/><G19/><T41/><D123/><U42/><REACH who="1" step="1"/><E15/><REACH who="1" ten="198,240,302,250" step="2"/><V52/><F12/><W75/><G75/><T28/><D0/><U55/><E55/><V118/><F52/><W103/><G100/><T82/><D65/><U102/><E102/><V60/><F87/><W25/><REACH who="3" step="1"/><G31/><REACH who="3" ten="198,240,302,240" step="2"/><T85/><D28/><U6/><E6/><V104/><F5/><W90/><G90/><AGARI ba="0,2" hai="8,13,16,42,46,51,83,86,88,89,90,91,129,130" machi="90" ten="40,12000,1" yaku="1,1,52,1,54,2,53,0" doraHai="45" doraHaiUra="67" who="1" fromWho="3" sc="198,0,240,140,302,0,240,-120" /><INIT seed="1,1,0,3,3,4" ten="198,380,302,120" oya="1" hai0="110,57,78,101,10,84,53,42,112,77,58,12,44" hai1="97,60,20,123,96,118,33,111,120,2,48,106,54" hai2="86,23,107,41,91,113,18,82,125,59,26,69,11" hai3="65,133,52,116,132,79,43,39,17,13,21,1,25"/><U81/><E118/><V109/><F69/><W62/><G116/><T37/><D112/><U104/><E33/><V93/><F107/><W55/><G1/><T14/><D110/><U128/><E2/><V22/><F109/><W100/><G79/><T121/><D121/><U3/><E3/><V134/><F125/><W34/><G100/><T117/><D117/><U103/><E60/><V115/><F134/><N who="3" m="51819" /><G43/><T76/><D101/><U119/><E20/><V9/><F41/><W16/><G39/><T19/><D53/><U73/><E54/><V85/><F59/><N who="3" m="37087" /><G34/><T30/><D30/><U15/><E48/><V32/><F32/><W46/><G46/><T49/><D37/><U92/><E111/><V87/><F22/><AGARI ba="1,0" hai="13,16,17,21,22,25,52,55" m="37087,51819" machi="22" ten="30,3900,0" yaku="20,1,54,2" doraHai="4" who="3" fromWho="2" sc="198,0,380,0,302,-42,120,42" /><INIT seed="2,0,0,5,2,59" ten="198,380,260,162" oya="2" hai0="68,14,74,112,65,100,72,66,55,37,56,130,122" hai1="97,33,58,16,60,4,36,70,78,6,73,117,109" hai2="103,50,46,19,45,11,124,41,54,63,17,104,110" hai3="127,119,116,84,28,126,13,21,34,94,42,85,128"/><V25/><F124/><N who="3" m="47659" /><G34/><T76/><D112/><U0/><E109/><V2/><F110/><W82/><G42/><T48/><D122/><U69/><E33/><V135/><F135/><W92/><G13/><T29/><D37/><U52/><E36/><V40/><F104/><W18/><G28/><T114/><D114/><U35/><E35/><V30/><F103/><W61/><G61/><T133/><D133/><U91/><E78/><V8/><F2/><W129/><G18/><N who="2" m="6665" /><F30/><W87/><G21/><T15/><D100/><U102/><E73/><V80/><F80/><W32/><G32/><T125/><D125/><U93/><E117/><N who="3" m="45130" /><G82/><T64/><D29/><U105/><E4/><V123/><F123/><W107/><G107/><T88/><D68/><U43/><E6/><V7/><F7/><W31/><G31/><T9/><D14/><U108/><E0/><V118/><F25/><W27/><G27/><T23/><D15/><U49/><E108/><V1/><F1/><W38/><G38/><T75/><D9/><N who="2" m="3658" /><F118/><W47/><G47/><N who="2" m="17929" /><F50/><W62/><G62/><T120/><D48/><U26/><E49/><V121/><F121/><W86/><N who="3" m="21504" /><DORA hai="113" /><W22/><G22/><T77/><D23/><N who="1" m="13671" /><E69/><V5/><F5/><W111/><G111/><T89/><D120/><U44/><E70/><V57/><AGARI ba="0,0" hai="40,41,54,57,63" m="17929,3658,6665" machi="57" ten="30,3000,0" yaku="8,1,52,1" doraHai="59,113" who="2" fromWho="2" sc="198,-10,380,-10,260,30,162,-10" /><INIT seed="2,1,0,0,5,1" ten="188,370,290,152" oya="2" hai0="110,89,95,127,87,109,81,45,122,8,31,76,79" hai1="65,44,128,115,94,117,61,70,25,77,67,7,35" hai2="33,96,2,51,90,102,10,23,3,116,104,85,118" hai3="9,20,125,66,38,119,43,75,123,32,13,107,72"/><V129/><F33/><W15/><G32/><T40/><D127/><U68/><E115/><V113/><F113/><W114/><G119/><T93/><D122/><U52/><E117/><V121/><F121/><W29/><G123/><T91/><D31/><U19/><E77/><N who="0" m="29769" /><D8/><U130/><E7/><V99/><F129/><N who="1" m="49769" /><E94/><N who="0" m="35849" /><D45/><U108/><E108/><N who="0" m="41577" /><D40/><U80/><E80/><V64/><F64/><W48/><G125/><T84/><D81/><U36/><E36/><V86/><F51/><W74/><G38/><T131/><D131/><U55/><E44/><V0/><F23/><W62/><G114/><T6/><D6/><U22/><E35/><V111/><F111/><W112/><G112/><T97/><D97/><U83/><E83/><V46/><F46/><W34/><G34/><T12/><D12/><U134/><E55/><V24/><F24/><W59/><G107/><T92/><N who="0" m="35857" /><T14/><DORA hai="135" /><D14/><U105/><E52/><V100/><F10/><W56/><G9/><T73/><D73/><U106/><E22/><V88/><F2/><W5/><G5/><T57/><D57/><U120/><E25/><V49/><F49/><W30/><G56/><T124/><D124/><U60/><E19/><V21/><F104/><N who="1" m="40041" /><E120/><V11/><F11/><W17/><G13/><T42/><D42/><U16/><E16/><V126/><F126/><W103/><G103/><T26/><D26/><U58/><E58/><V98/><F98/><W37/><G37/><T4/><D4/><U39/><E39/><V54/><F21/><W28/><G43/><T63/><D63/><U50/><E50/><AGARI ba="1,0" hai="15,17,20,28,29,30,48,50,59,62,66,72,74,75" machi="50" ten="50,1600,0" yaku="6,1" doraHai="1,135" who="3" fromWho="1" sc="188,0,370,-19,290,0,152,19" /><INIT seed="3,0,0,4,4,106" ten="188,351,290,171" oya="3" hai0="48,40,3,33,98,110,128,35,43,71,60,124,114" hai1="101,56,99,123,68,50,113,42,96,97,122,63,23" hai2="116,24,22,47,15,49,127,112,62,7,134,95,91" hai3="14,83,34,6,118,85,119,72,66,126,0,37,28"/><W130/><G126/><T103/><D3/><U120/><E113/><V132/><F127/><W75/><G130/><T73/><D124/><U117/><E117/><V70/><F116/><W29/><G0/><T121/><D121/><U51/><E68/><V78/><F112/><W94/><G37/><T105/><D114/><U88/><E42/><V82/><F70/><W27/><G119/><T65/><D128/><U93/><E23/><V109/><F62/><W81/><G118/><T17/><D73/><U89/><E89/><V20/><F109/><W11/><G29/><T10/><D110/><U16/><E16/><V18/><F95/><W92/><G66/><T19/><D48/><U76/><E76/><V129/><F91/><W135/><G135/><T45/><D10/><U2/><E2/><V25/><F129/><W4/><G4/><T41/><D45/><U115/><E115/><V12/><F134/><W5/><G5/><T74/><D74/><U38/><E38/><V58/><F58/><W79/><REACH who="3" step="1"/><G72/><REACH who="3" ten="188,351,290,161" step="2"/><T39/><D39/><U67/><E120/><V54/><F132/><W13/><G13/><T125/><D125/><U104/><E123/><V87/><REACH who="2" step="1"/><F7/><REACH who="2" ten="188,351,280,161" step="2"/><W31/><G31/><AGARI ba="0,2" hai="12,15,18,20,22,24,25,31,47,49,54,78,82,87" machi="31" ten="30,7700,0" yaku="1,1,2,1,7,1,8,1,53,0" doraHai="106" doraHaiUra="53" who="2" fromWho="3" sc="188,0,351,0,280,97,161,-77" owari="188,-21.2,351,15.1,377,47.7,84,-41.6" /></mjloggm>