<mjloggm ver="2.3"><GO type="225" lobby="0"/><UN n0="%6B%6F%64%61%6D%61%6E%37" n1="%E3%81%BF%E3%81%BF%E3%81%9A" n2="%72%69%6F%75%63%68%61%6E" n3="%E3%81%8B%E3%82%8F%E3%81%A1%E3%82%83%E3%82%93%35%38" dan="16,18,17,17" rate="2088.95,2239.58,2264.15,2243.78" sx="M,M,M,M"/><TAIKYOKU oya="0"/><INIT seed="0,0,0,4,1,71" ten="250,250,250,250" oya="0" hai0="58,19,103,128,48,67,130,38,78,119,22,121,4" hai1="116,104,20,84,112,31,47,50,26,45,77,86,99" hai2="95,25,127,81,135,52,93,36,2,114,54,88,129" hai3="66,79,60,39,125,29,28,63,126,6,80,34,27"/><T51/><D119/><U101/><E116/><V55/><F114/><W94/><G6/><T40/><D78/><U82/><E112/><V69/><F2/><W72/><G29/><T35/><D35/><U7/><E7/><V24/><F69/><N who="3" m="42183" /><G94/><N who="2" m="35849" /><F129/><N who="0" m="49770" /><D103/><U43/><REACH who="1" step="1"/><E45/><REACH who="1" ten="250,240,250,250" step="2"/><V108/><F108/><W56/><G56/><T64/><D4/><U46/><E46/><V33/><F127/><N who="3" m="48651" /><G63/><N who="0" m="38007" /><D121/><U3/><E3/><V75/><F135/><W74/><G74/><AGARI ba="0,1" hai="20,26,31,43,47,50,74,77,82,84,86,99,101,104" machi="74" ten="30,2000,0" yaku="1,1,7,1,53,0" doraHai="71" doraHaiUra="131" who="1" fromWho="3" sc="250,0,240,30,250,0,250,-20" /><INIT seed="1,0,0,0,3,63" ten="250,270,250,230" oya="1" hai0="28,34,4,119,111,87,133,16,86,129,125,114,101" hai1="112,109,8,6,89,126,100,83,43,44,78,50,75" hai2="70,57,7,48,11,88,42,120,5,18,124,14,31" hai3="115,103,95,39,107,47,65,12,94,25,53,15,40"/><U122/><E112/><V135/><F120/><W0/><G0/><T49/><D119/><U26/><E122/><V68/><F124/><W134/><G115/><T90/><D114/><U79/><E126/><V110/><F110/><W117/><G107/><T71/><D125/><U123/><E123/><V98/><F135/><W113/><G113/><T106/><D133/><U38/><E109/><V128/><F128/><W116/><G134/><T19/><D87/><U102/><E79/><V62/><F31/><W29/><G53/><T1/><D49/><U36/><E89/><V55/><F70/><W20/><G103/><T84/><D71/><U59/><E26/><V56/><F68/><W37/><G37/><T61/><D61/><U3/><E38/><V72/><F72/><W60/><G95/><T35/><D28/><U77/><E77/><V21/><F11/><W32/><G94/><T81/><D111/><U52/><AGARI ba="0,0" hai="3,6,8,36,43,44,50,52,59,75,78,83,100,102" machi="52" ten="30,11700,0" yaku="0,1,25,2,54,1" doraHai="63" who="1" fromWho="1" sc="250,-39,270,117,250,-39,230,-39" /><INIT seed="1,1,0,3,1,10" ten="211,387,211,191" oya="1" hai0="113,29,76,46,100,28,40,118,12,103,77,67,39" hai1="62,78,21,36,61,79,98,81,71,33,122,120,134" hai2="127,125,57,70,16,89,65,4,133,96,121,48,119" hai3="102,2,13,129,131,87,51,6,74,86,91,117,3"/><U17/><E33/><V50/><F119/><W59/><G74/><T106/><D113/><U19/><E36/><V97/><F133/><W24/><G102/><T35/><D118/><U94/><E134/><V55/><F121/><W22/><G117/><T90/><D90/><U123/><E17/><V73/><F73/><W54/><G87/><T9/><D67/><U84/><E78/><V63/><F4/><W88/><G13/><T83/><D106/><U107/><E107/><V14/><F48/><W75/><G75/><T105/><D105/><U37/><E37/><V27/><F27/><W72/><G72/><T49/><D39/><U30/><E30/><N who="0" m="11881" /><D77/><U92/><E71/><V93/><REACH who="2" step="1"/><F97/><REACH who="2" ten="211,387,201,191" step="2"/><W32/><G32/><T112/><D35/><U114/><E114/><V1/><F1/><N who="3" m="11" /><G6/><N who="0" m="3127" /><D112/><U25/><REACH who="1" step="1"/><E94/><REACH who="1" ten="211,377,201,191" step="2"/><V53/><F53/><W44/><G54/><T5/><D5/><U47/><E47/><V132/><F132/><W0/><G44/><T111/><D111/><U115/><E115/><V20/><AGARI ba="1,2" hai="14,16,20,50,55,57,63,65,70,89,93,96,125,127" machi="20" ten="30,8000,1" yaku="1,1,0,1,52,1,54,1,53,1" doraHai="10" doraHaiUra="95" who="2" fromWho="2" sc="211,-21,377,-41,201,103,191,-21" /><INIT seed="2,0,0,0,2,62" ten="190,336,304,170" oya="2" hai0="71,2,69,126,68,10,33,102,43,121,104,97,65" hai1="70,55,58,92,134,95,79,23,18,111,17,47,132" hai2="8,27,60,133,61,7,25,59,113,6,21,15,101" hai3="64,74,48,128,123,31,38,12,98,42,57,36,99"/><V73/><F113/><W124/><G123/><T45/><D121/><U135/><E70/><V35/><F133/><W66/><G74/><T103/><D126/><U11/><E111/><V116/><F116/><W67/><G124/><T51/><D103/><U77/><E47/><V3/><F73/><W119/><G119/><T91/><D91/><U9/><E58/><V50/><F101/><W129/><G31/><T85/><D85/><U84/><E55/><N who="2" m="32247" /><F35/><W83/><G83/><T106/><D106/><U86/><E134/><V53/><F3/><W72/><G12/><T82/><D82/><U100/><E23/><V93/><F93/><W117/><G72/><T76/><D76/><U89/><E100/><V127/><F127/><W78/><G78/><T94/><D94/><U4/><E89/><V30/><F25/><W114/><G117/><T46/><D46/><U122/><E4/><N who="2" m="1579" /><F53/><N who="3" m="31911" /><G114/><T90/><D90/><U40/><REACH who="1" step="1"/><E122/><REACH who="1" ten="190,326,304,170" step="2"/><V5/><AGARI ba="0,1" hai="5,8,15,21,27,30,60,61" m="1579,32247" machi="5" ten="30,1500,0" yaku="8,1" doraHai="62" who="2" fromWho="2" sc="190,-5,326,-5,304,25,170,-5" /><INIT seed="2,1,0,1,0,45" ten="185,321,329,165" oya="2" hai0="89,40,29,28,75,112,70,106,129,73,43,118,48" hai1="113,18,132,42,35,103,62,72,60,23,11,58,126" hai2="131,85,130,97,19,81,16,105,74,110,0,107,86" hai3="49,21,32,53,47,51,78,128,55,3,121,64,80"/><V52/><F0/><W56/><G121/><T14/><D106/><N who="2" m="40458" /><F97/><W93/><G32/><T114/><D14/><U69/><E113/><V41/><F41/><W95/><G3/><T111/><D70/><U38/><E35/><V33/><F33/><W1/><G1/><T127/><D89/><U67/><E72/><V82/><F74/><W66/><G128/><N who="2" m="49193" /><F110/><W91/><G21/><T87/><D129/><U46/><E103/><V100/><F100/><W124/><G124/><T54/><D111/><U104/><E104/><V59/><F85/><N who="3" m="48279" /><G95/><T20/><D87/><AGARI ba="1,0" hai="47,49,51,53,55,56,64,66,87,91,93" m="48279" machi="87" ten="30,3900,0" yaku="8,1,52,2" doraHai="45" who="3" fromWho="0" sc="185,-42,321,0,329,0,165,42" /><INIT seed="3,0,0,5,4,70" ten="143,321,329,207" oya="3" hai0="83,53,131,28,2,48,52,12,18,20,117,38,103" hai1="76,65,55,47,98,79,113,16,106,127,108,46,125" hai2="30,120,58,118,41,90,29,35,92,128,99,97,42" hai3="130,75,7,15,82,57,116,21,27,45,81,123,64"/><W40/><G116/><T14/><D117/><U101/><E108/><V134/><F118/><W110/><G123/><T133/><D2/><U49/><E113/><V72/><F72/><W119/><G119/><T5/><D133/><U59/><E16/><V10/><F134/><W126/><G75/><T31/><D131/><U67/><E46/><V51/><F128/><W91/><G130/><T60/><D103/><U39/><E39/><V89/><F120/><W86/><G126/><N who="1" m="48138" /><E59/><V50/><F10/><W107/><G107/><T32/><D32/><U13/><E13/><V62/><F35/><W54/><G110/><T78/><D38/><U121/><E121/><V135/><F135/><W114/><G114/><T33/><D33/><U24/><E24/><V4/><F4/><W109/><G109/><T112/><D112/><U44/><E47/><N who="2" m="25967" /><F51/><W95/><G64/><AGARI ba="0,0" hai="44,49,55,64,65,67,76,79,98,101,106" m="48138" machi="64" ten="30,1000,0" yaku="18,1" doraHai="70" who="1" fromWho="3" sc="143,0,321,10,329,0,207,-10" owari="143,-35.7,331,43.1,329,12.9,197,-20.3" /></mjloggm>