<mjloggm ver="2.3"><GO type="225" lobby="0"/><UN n0="%72%61%6B%33" n1="%E6%B8%A9%E2%98%85%E6%83%85%E2%98%85%E6%8E%AA%E2%98%85%E7%BD%AE" n2="%E9%80%9F%E6%B0%B4%E5%87%9B%E9%A6%99" n3="%E6%A1%9C%E8%8A%B1%E9%96%83%E3%80%85" dan="17,16,16,16" rate="2225.05,2146.53,2131.81,2098.47" sx="M,M,F,M"/><TAIKYOKU oya="0"/><INIT seed="0,0,0,2,3,74" ten="250,250,250,250" oya="0" hai0="113,11,63,10,17,92,25,128,124,73,69,1,122" hai1="96,107,68,112,123,50,26,60,100,106,42,121,32" hai2="46,103,20,54,59,64,126,104,86,102,131,9,132" hai3="38,118,76,19,79,93,66,75,27,71,24,28,4"/><T95/><D113/><U30/><E112/><V99/><F131/><W101/><G118/><T67/><D122/><U135/><E135/><V61/><F132/><W7/><G38/><T53/><D128/><U56/><E107/><V22/><F126/><W84/><G75/><T80/><D124/><U98/><E98/><V130/><F130/><W18/><G66/><T8/><D1/><U48/><E56/><V45/><F102/><W81/><G71/><T6/><D6/><N who="3" m="2089" /><G28/><T47/><D25/><N who="3" m="9801" /><G79/><T37/><D17/><U43/><E43/><V120/><F120/><N who="1" m="46153" /><E42/><V78/><F9/><W82/><G82/><T88/><D37/><U12/><E12/><V62/><F45/><W83/><G83/><T114/><D114/><U116/><E116/><V133/><F133/><W119/><G119/><T127/><D127/><U40/><E40/><V109/><F109/><W49/><G49/><T58/><D47/><U23/><E23/><V0/><F0/><W125/><G125/><T51/><REACH who="0" step="1"/><D73/><REACH who="0" ten="240,250,250,250" step="2"/><U34/><E34/><V72/><F72/><W16/><G18/><T41/><D41/><U15/><E15/><V97/><F46/><W52/><G19/><T44/><D44/><U117/><E117/><V134/><F134/><W35/><G16/><T108/><D108/><U89/><E32/><V2/><F2/><W105/><G35/><T21/><D21/><U129/><E129/><V36/><F36/><W29/><G29/><T90/><D90/><U33/><E89/><V3/><F3/><W85/><G101/><T111/><D111/><U94/><E106/><V87/><F104/><RYUUKYOKU ba="0,1" sc="240,15,250,15,250,-15,250,-15" hai0="8,10,11,51,53,58,63,67,69,80,88,92,95" hai1="26,30,33,48,50,60,68,94,96,100" /><INIT seed="0,1,1,5,1,24" ten="255,265,235,235" oya="0" hai0="75,118,54,40,86,35,15,45,84,20,102,47,125" hai1="120,77,7,57,129,53,93,124,115,104,25,9,99" hai2="11,0,64,66,111,112,42,28,128,58,31,41,39" hai3="30,73,10,37,95,89,49,123,44,100,106,8,65"/><T12/><D35/><U69/><E69/><V5/><F112/><W55/><G123/><T132/><D75/><U67/><E120/><V63/><F111/><W1/><G73/><T76/><D118/><U134/><E104/><V122/><F122/><W94/><G37/><T135/><D102/><U87/><E115/><V22/><F128/><W32/><G106/><T109/><D109/><U16/><E67/><V48/><F39/><W114/><G65/><T103/><D103/><U50/><E129/><V79/><F79/><W13/><G1/><T70/><D70/><U97/><E134/><V117/><F117/><W78/><G78/><T82/><D125/><U14/><E124/><V4/><F4/><W27/><G114/><T110/><D110/><U68/><E68/><V108/><F108/><W121/><G121/><T101/><D101/><U18/><E93/><V2/><F2/><W62/><G62/><T91/><D54/><U51/><E51/><V119/><F119/><W29/><G13/><T56/><D56/><U81/><REACH who="1" step="1"/><E25/><REACH who="1" ten="255,255,235,235" step="2"/><V92/><F66/><W33/><G95/><N who="0" m="54759" /><D135/><U105/><E105/><V3/><F92/><W19/><G100/><T88/><D132/><U21/><E21/><V71/><F0/><W131/><G131/><T34/><D20/><U36/><E36/><V98/><F22/><N who="3" m="13791" /><G33/><T133/><D34/><U126/><E126/><V23/><F23/><W46/><G32/><T26/><D133/><U80/><E80/><V113/><F113/><W38/><G38/><N who="0" m="21655" /><D26/><U74/><E74/><V130/><F130/><W96/><G46/><T127/><D47/><RYUUKYOKU ba="1,2" sc="255,-15,255,15,235,-15,235,15" hai1="7,9,14,16,18,50,53,57,77,81,87,97,99" hai3="8,10,29,30,44,49,55,89,94,96" /><INIT seed="1,2,2,4,4,102" ten="240,270,220,250" oya="1" hai0="73,1,13,53,10,132,108,98,25,129,6,114,7" hai1="131,128,94,91,68,107,70,77,30,8,52,41,86" hai2="59,49,5,27,134,101,50,104,14,95,110,82,75" hai3="54,113,16,126,43,36,99,19,4,45,64,63,80"/><U89/><E107/><V21/><F104/><W111/><G113/><T118/><D53/><U122/><E122/><V135/><F110/><W127/><G111/><T23/><D98/><U29/><E41/><V32/><F32/><W15/><G54/><T92/><D92/><U96/><E77/><V62/><F75/><W24/><G99/><T31/><D73/><U72/><E8/><N who="2" m="4367" /><F82/><W97/><G97/><T26/><D108/><U123/><E123/><V34/><F34/><W81/><G4/><T55/><D55/><U58/><E72/><V67/><F135/><W117/><G24/><T103/><D103/><U12/><E12/><V88/><F101/><W11/><G19/><T46/><D46/><U125/><E125/><N who="3" m="47626" /><G117/><T0/><D114/><U106/><E106/><V33/><F33/><W71/><AGARI ba="2,2" hai="11,15,16,36,43,45,63,64,71,80,81" m="47626" machi="71" ten="30,2000,0" yaku="18,1,54,1" doraHai="102" who="3" fromWho="3" sc="240,-7,270,-12,220,-7,250,46" /><INIT seed="2,0,0,3,0,54" ten="233,258,213,296" oya="2" hai0="58,45,51,60,106,61,117,96,12,8,104,41,32" hai1="113,116,129,107,66,49,14,6,73,112,26,9,17" hai2="38,65,0,7,76,18,34,22,82,69,101,37,79" hai3="126,108,46,59,92,35,103,102,31,19,99,23,3"/><V87/><F34/><W67/><G108/><T85/><D117/><U70/><E116/><V93/><F7/><W27/><G126/><T91/><D32/><U125/><E125/><V111/><F0/><W57/><G3/><T115/><D115/><U20/><E129/><V97/><F111/><W24/><G67/><T74/><D74/><U43/><E107/><V52/><F76/><W40/><REACH who="3" step="1"/><G102/><REACH who="3" ten="233,258,213,286" step="2"/><T25/><D106/><U121/><E66/><V72/><F72/><W81/><G81/><T94/><D104/><U39/><E73/><V131/><F131/><W98/><G98/><T80/><D25/><U114/><E26/><V53/><F65/><W50/><AGARI ba="0,1" hai="19,23,24,27,31,35,40,46,50,57,59,92,99,103" machi="50" ten="20,12000,2" yaku="1,1,0,1,7,1,52,2,53,1" doraHai="54" doraHaiUra="89" who="3" fromWho="3" sc="233,-30,258,-30,213,-60,286,130" /><INIT seed="3,0,0,1,1,23" ten="203,228,153,416" oya="3" hai0="75,63,18,113,121,133,98,31,16,33,84,59,57" hai1="48,58,92,25,83,27,64,39,8,86,6,94,112" hai2="61,17,134,7,53,97,67,118,26,43,78,60,40" hai3="114,32,90,35,126,73,46,71,91,135,128,88,42"/><W127/><G114/><T66/><D75/><U62/><E39/><V74/><F118/><W69/><G73/><T124/><D121/><U120/><E112/><V77/><F134/><W56/><G56/><T95/><D113/><U80/><E120/><V81/><F7/><W3/><G3/><T12/><D133/><U20/><E48/><V129/><F129/><W130/><G135/><T51/><D124/><N who="3" m="47657" /><G46/><T131/><D131/><N who="3" m="50217" /><G42/><T10/><D59/><U44/><E58/><V123/><F123/><W102/><G102/><T89/><D51/><U28/><E44/><V104/><F53/><W85/><G85/><T79/><D84/><U115/><E86/><V0/><F0/><W34/><AGARI ba="0,0" hai="32,34,35,69,71,88,90,91" m="50217,47657" machi="34" ten="50,12000,1" yaku="28,2,18,1,19,1,54,1" doraHai="23" who="3" fromWho="3" sc="203,-40,228,-40,153,-40,416,120" owari="163,-23.7,188,-1.2,113,-38.7,536,63.6" /></mjloggm>