<mjloggm ver="2.3"><GO type="225" lobby="0"/><UN n0="%E3%81%A1%E3%82%85%E3%81%86%E3%81%A9%E3%81%8F%E8%B1%A1%E3%81%95%E3%82%93" n1="%E3%83%B4%E3%83%A0%EF%BC%99%E3%81%A6" n2="%E3%83%B4%E3%82%A3%E3%83%AF%E3%82%B3%E3%82%B0%E3%83%8B" n3="%E3%81%9F%E3%81%93%E2%98%86%E7%84%BC%E3%81%8D" dan="17,17,16,16" rate="2203.96,2190.89,2172.71,2071.98" sx="M,M,M,M"/><TAIKYOKU oya="0"/><INIT seed="0,0,0,4,4,6" ten="250,250,250,250" oya="0" hai0="9,78,129,44,42,34,102,77,110,115,67,5,51" hai1="134,107,10,89,95,35,120,131,14,128,86,132,119" hai2="114,7,100,135,82,130,40,98,17,2,24,69,94" hai3="70,71,31,58,30,68,93,38,28,55,47,3,125"/><T80/><D115/><U112/><E119/><V85/><F130/><N who="1" m="49705" /><E120/><V88/><F135/><N who="1" m="51753" /><E107/><V79/><F69/><W12/><G3/><T29/><D129/><U124/><E35/><V59/><F114/><W91/><G125/><T72/><D102/><U8/><E112/><V50/><F7/><W15/><G47/><T126/><D126/><U56/><E124/><V109/><F2/><W22/><G38/><T27/><D110/><U4/><E8/><V16/><F109/><W103/><G103/><T11/><D5/><U97/><E56/><V52/><F40/><W39/><G39/><T63/><REACH who="0" step="1"/><D77/><REACH who="0" ten="240,250,250,250" step="2"/><U53/><E53/><V106/><REACH who="2" step="1"/><F24/><REACH who="2" ten="240,250,240,250" step="2"/><W26/><G26/><T96/><D96/><AGARI ba="0,2" hai="4,10,14,86,89,95,96,97" m="51753,49705" machi="96" ten="30,3900,0" yaku="19,1,20,1,52,1" doraHai="6" who="1" fromWho="0" sc="240,-39,250,59,240,0,250,0" /><AGARI ba="0,0" hai="16,17,50,52,59,79,82,85,88,94,96,98,100,106" machi="96" ten="30,12000,2" yaku="1,1,2,1,7,1,54,3,53,0" doraHai="6" doraHaiUra="33" who="2" fromWho="0" sc="201,-120,309,0,240,120,250,0" /><INIT seed="1,0,0,5,1,28" ten="81,309,360,250" oya="1" hai0="118,55,58,89,51,82,67,30,88,50,102,71,35" hai1="70,1,123,97,32,48,83,57,91,49,63,68,22" hai2="90,105,33,114,14,13,98,107,19,66,109,133,27" hai3="125,29,37,43,60,24,20,40,95,15,0,103,69"/><U134/><E123/><V36/><F36/><W94/><G0/><T77/><D118/><U59/><E1/><V96/><F109/><W87/><G125/><T26/><D102/><U16/><E134/><V115/><F133/><W120/><G120/><T46/><D71/><U38/><E38/><V75/><F75/><W7/><G69/><T104/><D104/><U23/><E32/><V92/><F66/><W111/><G111/><T106/><D106/><N who="2" m="40458" /><F96/><N who="3" m="59799" /><G60/><T127/><D127/><U56/><E23/><N who="2" m="13823" /><F33/><W122/><G37/><T126/><D126/><U31/><E31/><V12/><F12/><W17/><G7/><T53/><REACH who="0" step="1"/><D67/><REACH who="0" ten="71,309,360,250" step="2"/><U21/><E68/><V93/><F115/><W8/><G122/><T72/><AGARI ba="0,1" hai="26,30,35,46,50,51,53,55,58,72,77,82,88,89" machi="72" ten="20,12000,2" yaku="1,1,2,1,0,1,7,1,52,1,54,1,53,0" doraHai="28" doraHaiUra="10" who="0" fromWho="0" sc="71,130,309,-60,360,-30,250,-30" /><INIT seed="2,0,0,4,3,62" ten="201,249,330,220" oya="2" hai0="117,84,6,20,122,1,42,82,44,30,94,56,107" hai1="35,67,21,115,37,110,104,99,0,127,81,34,121" hai2="83,103,33,132,130,10,108,19,28,109,45,5,25" hai3="126,41,38,92,43,129,112,9,124,105,106,22,74"/><V58/><F130/><W114/><G74/><T90/><D122/><U134/><RYUUKYOKU type="yao9" ba="0,0" sc="201,0,249,0,330,0,220,0" hai1="0,21,34,35,37,67,81,99,104,110,115,121,127,134" /><INIT seed="2,1,0,2,0,30" ten="201,249,330,220" oya="2" hai0="107,121,75,39,105,83,18,76,68,100,80,50,88" hai1="133,99,11,82,61,1,72,129,28,77,59,94,54" hai2="43,95,52,56,111,117,4,13,23,51,6,35,84" hai3="55,10,85,116,106,63,132,93,97,86,46,67,57"/><V33/><F117/><W120/><G120/><T38/><D68/><U32/><E133/><V130/><F130/><W24/><G132/><T21/><D121/><U71/><E129/><V81/><F111/><W78/><G106/><T108/><D108/><U42/><E42/><V37/><F95/><W124/><G124/><T87/><D50/><U91/><E71/><V112/><F112/><W90/><G78/><T73/><D73/><U60/><E60/><V8/><F4/><W66/><G116/><T74/><D74/><U103/><E1/><V31/><F23/><W27/><G10/><T126/><D126/><U40/><E40/><V20/><F20/><W17/><G46/><T92/><D83/><U48/><E11/><V104/><F31/><W96/><G96/><N who="0" m="61575" /><D107/><U29/><E61/><V125/><F104/><W45/><G45/><T110/><D110/><U25/><REACH who="1" step="1"/><E28/><REACH who="1" ten="201,239,330,220" step="2"/><V131/><F131/><W47/><G63/><T89/><D89/><AGARI ba="1,1" hai="25,29,32,48,54,59,72,77,82,89,91,94,99,103" machi="89" ten="40,5200,0" yaku="1,1,2,1,52,1,53,0" doraHai="30" doraHaiUra="58" who="1" fromWho="0" sc="201,-55,239,65,330,0,220,0" /><INIT seed="3,0,0,3,2,44" ten="146,304,330,220" oya="3" hai0="73,7,83,70,6,27,61,35,120,130,127,105,116" hai1="49,53,114,93,67,126,26,54,39,24,107,118,30" hai2="94,72,63,46,33,47,132,80,12,110,111,57,90" hai3="122,68,82,28,104,58,43,31,19,45,62,4,103"/><W2/><G68/><T98/><D120/><U121/><E121/><V133/><F33/><W25/><G122/><T99/><D116/><U81/><E107/><V108/><F12/><W109/><G82/><T76/><D99/><U60/><E114/><V52/><F72/><W78/><G78/><T5/><D130/><U65/><E39/><V64/><F80/><W115/><G115/><T69/><D127/><U8/><E126/><V15/><F15/><W125/><G109/><T91/><D91/><U66/><E118/><V124/><F124/><W123/><G123/><T21/><D21/><U9/><E81/><V75/><F75/><W92/><G104/><T42/><D42/><U56/><E93/><V11/><F11/><W22/><G4/><T71/><D61/><U1/><E1/><V41/><F64/><W32/><G2/><T48/><D48/><U113/><E113/><V20/><F20/><W40/><G43/><T129/><D129/><U97/><E97/><N who="2" m="57559" /><F46/><W95/><G32/><T79/><D79/><U100/><E100/><V112/><F112/><W34/><G125/><T13/><D13/><U131/><E131/><V50/><AGARI ba="0,0" hai="41,47,50,52,57,63,108,110,111,132,133" m="57559" machi="50" ten="40,5200,0" yaku="14,1,52,1,54,1" doraHai="44" who="2" fromWho="2" sc="146,-13,304,-13,330,52,220,-26" owari="133,-36.7,291,9.1,382,48.2,194,-20.6" /></mjloggm>