<mjloggm ver="2.3"><GO type="225" lobby="0"/><UN n0="%E6%A1%9C%E8%8A%B1%E9%96%83%E3%80%85" n1="%6D%75%75%73%61%6E%6D%75" n2="%E5%B3%B6%E7%94%B0%E7%9C%9F%E5%A4%A2" n3="%65%6B%61%72%75%74%65" dan="16,16,16,16" rate="2228.00,2067.89,2088.30,2150.86" sx="M,F,F,M"/><TAIKYOKU oya="0"/><INIT seed="0,0,0,1,4,83" ten="250,250,250,250" oya="0" hai0="103,30,95,47,19,45,60,5,43,4,35,39,9" hai1="28,127,118,133,46,92,115,73,21,89,27,8,6" hai2="100,88,40,119,22,75,54,25,120,74,96,109,53" hai3="56,113,107,77,131,111,80,124,61,78,51,129,38"/><T50/><D35/><U87/><E118/><V117/><F120/><W94/><G113/><T81/><D30/><U123/><E115/><V134/><F40/><W128/><G38/><T15/><D60/><U98/><E123/><V90/><F109/><W132/><G111/><T23/><D81/><U97/><E127/><V91/><F134/><W31/><G107/><T13/><D4/><U49/><E73/><V10/><F10/><W33/><G51/><T126/><D126/><U85/><E98/><V69/><F69/><W110/><G110/><T70/><D70/><U26/><E26/><V93/><F75/><W41/><G41/><T36/><REACH who="0" step="1"/><D47/><REACH who="0" ten="240,250,250,250" step="2"/><U63/><E63/><V12/><F12/><W58/><G31/><T112/><D112/><U108/><E108/><V0/><F0/><W32/><G80/><T65/><D65/><U7/><E133/><V68/><F68/><W66/><G132/><T99/><AGARI ba="0,1" hai="5,9,13,15,19,23,36,39,43,45,50,95,99,103" machi="99" ten="30,11700,0" yaku="1,1,0,1,53,2" doraHai="83" doraHaiUra="71" who="0" fromWho="0" sc="240,127,250,-39,250,-39,250,-39" /><INIT seed="0,1,0,1,3,121" ten="367,211,211,211" oya="0" hai0="29,120,40,17,67,42,115,103,68,58,60,4,85" hai1="19,1,39,59,41,9,88,112,27,78,52,100,48" hai2="12,80,55,124,30,56,135,8,49,34,24,129,132" hai3="113,94,90,10,108,104,62,117,16,31,25,92,28"/><T130/><D120/><U84/><E112/><V36/><F36/><W15/><G104/><T114/><D29/><U46/><E100/><V61/><F129/><W109/><G113/><N who="0" m="43019" /><D17/><U0/><E78/><V102/><F124/><W23/><G117/><T45/><D85/><U82/><REACH who="1" step="1"/><E27/><REACH who="1" ten="367,201,211,211" step="2"/><V20/><F102/><W131/><G131/><T69/><D103/><U74/><E74/><V99/><F132/><W95/><G62/><T14/><D130/><U98/><E98/><V13/><F135/><W93/><REACH who="3" step="1"/><G28/><REACH who="3" ten="367,201,211,201" step="2"/><T50/><D60/><U76/><E76/><V73/><F61/><W11/><G11/><T37/><D68/><U21/><E21/><V51/><F20/><W105/><G105/><T33/><D69/><U38/><E38/><V133/><F30/><W63/><G63/><T26/><D37/><U106/><E106/><V111/><F133/><W47/><G47/><T128/><D45/><U123/><E123/><V110/><F8/><W43/><G43/><T107/><D107/><U3/><E3/><V66/><F66/><W96/><AGARI ba="1,2" hai="10,15,16,23,25,31,90,92,93,94,95,96,108,109" machi="96" ten="30,12000,2" yaku="1,1,0,1,52,2,54,1,53,1" doraHai="121" doraHaiUra="86" who="3" fromWho="3" sc="367,-61,201,-31,211,-31,201,143" /><INIT seed="1,0,0,0,2,14" ten="306,170,180,344" oya="1" hai0="102,119,90,42,34,74,40,77,37,19,125,2,12" hai1="76,1,39,114,33,45,68,59,82,29,54,115,89" hai2="55,108,86,20,95,13,92,67,62,28,84,135,44" hai3="122,49,132,72,94,75,7,105,104,87,0,15,11"/><U118/><E118/><V93/><F108/><W26/><G122/><T38/><D119/><U129/><E68/><V113/><F113/><W69/><G69/><T35/><D2/><U91/><E1/><V65/><F135/><W128/><G132/><T134/><D134/><U130/><E33/><V36/><F36/><W64/><G64/><N who="2" m="24649" /><F28/><W46/><G26/><T70/><D102/><U98/><E29/><V107/><F107/><W41/><G128/><N who="1" m="49258" /><E39/><V5/><F5/><W131/><G131/><T123/><D125/><U60/><E45/><V78/><F78/><W56/><G56/><T73/><D123/><U79/><E79/><V8/><F8/><W4/><G105/><T61/><D77/><U17/><E17/><N who="2" m="10287" /><F62/><W110/><G104/><T58/><D61/><U27/><E27/><V50/><AGARI ba="0,0" hai="44,50,55,84,86,92,93,95" m="10287,24649" machi="50" ten="30,2000,0" yaku="8,1,52,1" doraHai="14" who="2" fromWho="2" sc="306,-5,170,-10,180,20,344,-5" /><INIT seed="2,0,0,2,5,116" ten="301,160,200,339" oya="2" hai0="132,67,52,98,13,131,72,14,64,25,91,129,80" hai1="76,113,111,1,42,109,47,22,43,70,20,110,135" hai2="102,27,118,85,31,39,82,84,60,61,101,32,18" hai3="81,26,62,125,35,40,128,106,89,16,73,46,11"/><V115/><F118/><W36/><G106/><T121/><D132/><U112/><E135/><V6/><F39/><W66/><G125/><T34/><D98/><U117/><E117/><V88/><F115/><N who="1" m="44105" /><E70/><V2/><F18/><W107/><G107/><T12/><D25/><U122/><E1/><V104/><F85/><W7/><G128/><N who="0" m="49227" /><D34/><U8/><E8/><V23/><F23/><N who="1" m="8745" /><E47/><V28/><F28/><W126/><G126/><T15/><D15/><U38/><E38/><V99/><REACH who="2" step="1"/><F102/><REACH who="2" ten="301,160,190,339" step="2"/><W100/><G100/><T0/><D72/><U29/><E29/><V83/><F83/><W44/><G16/><T71/><D80/><U58/><E76/><V56/><F56/><W21/><G73/><T87/><D87/><U75/><E75/><V127/><F127/><W54/><G81/><T119/><D119/><U94/><E58/><V79/><F79/><W5/><G36/><T124/><D124/><U108/><E108/><V49/><F49/><W55/><G21/><T57/><D57/><U123/><E94/><V48/><F48/><W90/><G35/><T30/><D30/><U69/><E69/><V53/><F53/><W103/><G55/><T3/><D52/><U97/><E97/><V77/><F77/><W92/><G54/><T95/><D71/><U37/><E37/><V45/><F45/><W51/><G46/><T114/><D114/><U96/><E96/><V10/><AGARI ba="0,1" hai="2,6,10,27,31,32,60,61,82,84,88,99,101,104" machi="10" ten="30,6000,0" yaku="1,1,0,1,54,1,53,0" doraHai="116" doraHaiUra="105" who="2" fromWho="2" sc="301,-20,160,-20,190,70,339,-20" /><INIT seed="2,1,0,1,0,35" ten="281,140,260,319" oya="2" hai0="44,19,131,130,86,101,79,36,98,102,81,78,30" hai1="24,43,47,22,76,11,25,4,15,126,20,105,42" hai2="97,2,33,65,40,71,108,37,29,100,51,41,92" hai3="116,6,119,82,96,66,85,0,54,16,121,124,17"/><V72/><F72/><W27/><G121/><T90/><D30/><U84/><E105/><V87/><F37/><W32/><G124/><T12/><D36/><U8/><E126/><V64/><F108/><W38/><G38/><T53/><D53/><U83/><E11/><V9/><F87/><W133/><G66/><T31/><D31/><U134/><E134/><V68/><F65/><W52/><G96/><T73/><D44/><U80/><E80/><V107/><F92/><W23/><G17/><T89/><D89/><U93/><E93/><V95/><F95/><W88/><G32/><T114/><D114/><U70/><E70/><V125/><F51/><W117/><REACH who="3" step="1"/><G133/><REACH who="3" ten="281,140,260,309" step="2"/><T28/><D98/><U67/><E67/><V1/><F125/><W99/><G99/><T39/><D39/><U120/><E120/><V94/><F68/><W3/><G3/><T110/><D28/><U132/><E132/><V18/><F29/><W77/><G77/><T118/><D79/><U62/><E62/><V128/><F33/><W109/><G109/><T10/><D110/><U127/><E127/><V56/><F71/><W13/><G13/><T104/><D104/><U7/><E7/><N who="2" m="1263" /><F107/><W111/><G111/><T63/><D63/><U49/><REACH who="1" step="1"/><E43/><REACH who="1" ten="281,130,260,309" step="2"/><V122/><F40/><W48/><G48/><T21/><D21/><AGARI ba="1,2" hai="4,8,15,20,21,22,24,25,42,47,49,76,83,84" machi="21" ten="40,12000,2" yaku="1,1,2,1,25,2,8,1,53,1" doraHai="35" doraHaiUra="74" who="1" fromWho="0" sc="281,-123,130,143,260,0,309,0" /><INIT seed="3,0,0,1,4,12" ten="158,273,260,309" oya="3" hai0="98,35,40,54,37,135,50,14,86,103,43,57,128" hai1="15,22,109,64,31,99,101,75,9,80,73,38,28" hai2="88,122,24,89,32,16,107,48,47,133,60,3,96" hai3="110,72,84,61,123,111,81,39,67,44,20,18,52"/><W132/><G132/><T66/><D135/><U25/><E38/><V55/><F133/><W79/><G123/><T30/><D128/><U94/><E109/><N who="3" m="41482" /><G52/><T49/><D37/><U29/><E64/><V134/><F134/><W90/><G44/><T11/><D35/><U36/><E36/><V87/><F3/><W97/><G97/><T93/><D30/><U7/><REACH who="1" step="1"/><E80/><REACH who="1" ten="158,263,260,309" step="2"/><N who="2" m="49255" /><F122/><W118/><G39/><T124/><D124/><U21/><E21/><N who="2" m="13351" /><F32/><W100/><G118/><T71/><D50/><U59/><E59/><N who="2" m="34943" /><F107/><W114/><G114/><T78/><D66/><U82/><E82/><V119/><F119/><W56/><G81/><N who="0" m="47415" /><D71/><U108/><E108/><V1/><F1/><W53/><G67/><T2/><D2/><U131/><E131/><V102/><F48/><W58/><G58/><T33/><D33/><U85/><E85/><V92/><F47/><W106/><G84/><T19/><AGARI ba="0,1" hai="11,14,19,40,43,49,54,57,93,98,103" m="47415" machi="19" ten="30,2000,0" yaku="8,1,52,1" doraHai="12" who="0" fromWho="0" sc="158,30,263,-5,260,-5,309,-10" /><INIT seed="4,0,0,0,1,121" ten="188,258,255,299" oya="0" hai0="51,81,34,105,38,115,17,80,83,100,40,102,104" hai1="39,131,42,85,91,86,10,8,0,132,66,45,135" hai2="21,76,7,12,24,87,61,128,27,22,127,101,93" hai3="71,64,74,9,4,29,103,124,16,77,15,126,68"/><T110/><D38/><U117/><E117/><V58/><F127/><N who="3" m="48683" /><G29/><T2/><D2/><U109/><E131/><V31/><F128/><W36/><G36/><T62/><D34/><U35/><E35/><V90/><F76/><W1/><G103/><T107/><D115/><U82/><E66/><V84/><F101/><W44/><G44/><T49/><D62/><U11/><E0/><V129/><F129/><W60/><G77/><T20/><D110/><U53/><E53/><V108/><F108/><W106/><G106/><T112/><D112/><U32/><E32/><V43/><F43/><W47/><G47/><T75/><D75/><U25/><E25/><V18/><F87/><W97/><G97/><T69/><D69/><U33/><E33/><V134/><F134/><N who="1" m="51241" /><E86/><V63/><F58/><N who="3" m="36887" /><G74/><T96/><D40/><U46/><E46/><V3/><F3/><W70/><G71/><T19/><D102/><U54/><E54/><V111/><F111/><AGARI ba="0,0" hai="8,10,11,39,42,45,82,85,91,109,111" m="51241" machi="111" ten="30,3900,0" yaku="20,1,52,2" doraHai="121" who="1" fromWho="2" sc="188,0,258,39,255,-39,299,0" /><INIT seed="5,0,0,3,0,47" ten="188,297,216,299" oya="1" hai0="25,68,39,69,75,62,29,66,119,10,96,11,44" hai1="37,93,18,15,108,34,12,8,51,94,135,105,13" hai2="19,82,71,31,84,26,78,90,57,111,115,40,65" hai3="120,74,101,30,126,58,89,48,36,6,64,114,14"/><U128/><E37/><V117/><F117/><W42/><G120/><T5/><D119/><U16/><E105/><V123/><F123/><W95/><G74/><T38/><D75/><U56/><E34/><V97/><F111/><W50/><G101/><T33/><D69/><U124/><E108/><V27/><F71/><W72/><G72/><T70/><D70/><U41/><E124/><V79/><F40/><W106/><G106/><T43/><D96/><U109/><E109/><V9/><F97/><W52/><G36/><T4/><REACH who="0" step="1"/><D39/><REACH who="0" ten="178,297,216,299" step="2"/><U1/><E128/><V7/><F115/><W49/><G114/><T112/><D112/><U107/><E135/><V17/><F79/><W132/><G132/><T35/><D35/><U32/><E32/><V76/><F76/><W55/><G126/><T63/><D63/><U61/><E61/><N who="2" m="38063" /><F78/><W88/><G42/><T80/><D80/><U54/><E41/><V129/><F129/><W130/><G130/><T102/><D102/><U125/><E125/><V83/><F83/><W67/><G89/><T87/><D87/><U134/><E134/><V21/><F82/><W2/><G88/><T60/><D60/><U20/><E107/><V122/><F84/><W98/><G98/><T0/><D0/><U92/><E1/><N who="2" m="239" /><F90/><W28/><G2/><T113/><D113/><U131/><E131/><V86/><F86/><W22/><G95/><T23/><D23/><U127/><E127/><V45/><F122/><W104/><G104/><T99/><D99/><U110/><E110/><V116/><F116/><W77/><G77/><T24/><D24/><AGARI ba="0,1" hai="8,12,13,15,16,18,20,24,51,54,56,92,93,94" machi="24" ten="40,12000,1" yaku="6,1,8,1,52,1,54,1" doraHai="47" who="1" fromWho="0" sc="178,-120,297,130,216,0,299,0" owari="58,-44.2,427,52.7,216,-18.4,299,9.9" /></mjloggm>