<mjloggm ver="2.3"><GO type="225" lobby="0"/><UN n0="%6D%75%75%73%61%6E%6D%75" n1="%E3%81%95%E3%81%8D%E3%81%9F%E3%81%BE%E6%9E%97%E6%AA%8E" n2="%E3%81%AF%E3%82%88%E3%81%8A%E3%81%98%E3%81%95%E3%82%93" n3="%E3%83%81%E3%83%AF%E3%83%AF%E9%9A%8A%E9%95%B7" dan="16,16,17,17" rate="2132.96,2065.43,2130.41,2175.93" sx="F,M,M,M"/><TAIKYOKU oya="0"/><INIT seed="0,0,0,3,5,6" ten="250,250,250,250" oya="0" hai0="94,30,124,3,22,72,60,117,111,81,58,69,73" hai1="56,23,101,82,96,131,68,42,78,13,120,109,45" hai2="11,125,132,97,2,33,18,25,71,126,64,28,39" hai3="86,84,118,48,14,59,54,36,12,133,20,115,40"/><T53/><D117/><U76/><E109/><V104/><F39/><W27/><G118/><T66/><D111/><U135/><E120/><V67/><F132/><W127/><G115/><T5/><D124/><U130/><E68/><V31/><F28/><W52/><G127/><N who="2" m="48649" /><F71/><W116/><G116/><T32/><D32/><U15/><E135/><V19/><F19/><W41/><G133/><T99/><D30/><U80/><E23/><V65/><F2/><W10/><G36/><T134/><D22/><U17/><E56/><V38/><F38/><W128/><G128/><N who="1" m="49194" /><E96/><V105/><F97/><W61/><G14/><AGARI ba="0,0" hai="11,14,18,25,31,33,64,65,67,104,105" m="48649" machi="14" ten="30,2000,0" yaku="18,1,52,1" doraHai="6" who="2" fromWho="3" sc="250,0,250,0,250,20,250,-20" /><INIT seed="1,0,0,3,1,90" ten="250,250,270,230" oya="1" hai0="82,19,30,59,96,72,126,129,3,17,105,37,65" hai1="97,122,115,12,40,133,14,43,51,121,125,46,47" hai2="0,135,9,77,113,94,62,79,85,112,6,67,107" hai3="73,74,31,83,24,87,69,127,130,15,39,5,88"/><U108/><E115/><N who="2" m="44107" /><F107/><W109/><G39/><T25/><D3/><U104/><E133/><V86/><F135/><W66/><G127/><T42/><D126/><U80/><E125/><V99/><F85/><W22/><G130/><T36/><D129/><U103/><E80/><V1/><F86/><W32/><G109/><T70/><D70/><U78/><E78/><V50/><F50/><W20/><G32/><T131/><D131/><U93/><E104/><V33/><F33/><W61/><REACH who="3" step="1"/><G20/><REACH who="3" ten="250,250,270,220" step="2"/><T16/><D37/><U71/><E108/><V45/><F0/><W89/><G89/><T106/><D36/><U58/><E71/><N who="2" m="42487" /><F45/><W134/><G134/><T132/><D132/><U11/><E58/><V116/><F116/><W100/><G100/><AGARI ba="0,1" hai="1,6,9,77,79,94,99,100" m="42487,44107" machi="100" ten="30,2000,0" yaku="11,1,52,1" doraHai="90" who="2" fromWho="3" sc="250,0,250,0,270,30,220,-20" /><INIT seed="2,0,0,3,1,88" ten="250,250,300,200" oya="2" hai0="128,59,11,119,124,14,38,1,18,74,55,72,71" hai1="78,98,96,23,79,107,68,19,135,84,27,70,64" hai2="66,26,54,77,58,117,120,115,116,46,118,63,15" hai3="65,12,36,25,110,101,51,39,130,93,80,0,44"/><V86/><F26/><W95/><G0/><T21/><D128/><U76/><E135/><V132/><F15/><W99/><G130/><T9/><D71/><U31/><E107/><V105/><F105/><W82/><G110/><T10/><D124/><U129/><E129/><V4/><F4/><W75/><G65/><T43/><D1/><U61/><E70/><V34/><F34/><W28/><G12/><T113/><D113/><U30/><E84/><V109/><F86/><W112/><G112/><T60/><D119/><U50/><E50/><V57/><F77/><W106/><G36/><T40/><REACH who="0" step="1"/><D38/><REACH who="0" ten="240,250,300,200" step="2"/><U62/><E68/><N who="2" m="42079" /><F115/><W123/><G39/><T52/><D52/><U45/><E64/><V41/><F132/><W126/><G126/><T13/><D13/><U56/><E45/><V134/><F134/><W33/><G123/><T73/><AGARI ba="0,1" hai="9,10,11,14,18,21,40,43,55,59,60,72,73,74" machi="73" ten="40,2700,0" yaku="1,1,0,1,53,0" doraHai="88" doraHaiUra="83" who="0" fromWho="0" sc="240,37,250,-7,300,-13,200,-7" /><INIT seed="3,0,0,4,1,116" ten="277,243,287,193" oya="3" hai0="102,72,91,90,35,82,112,50,42,75,83,38,79" hai1="104,7,29,89,118,106,57,134,115,1,86,80,32" hai2="31,3,43,110,53,114,125,9,100,10,76,21,19" hai3="98,64,33,131,49,59,107,44,128,109,61,135,124"/><W30/><G124/><T113/><D38/><U65/><E115/><N who="0" m="44105" /><D35/><U20/><E32/><V25/><F114/><W122/><G135/><T120/><D50/><U45/><E134/><V58/><F125/><W133/><G133/><T78/><D42/><U111/><E111/><V0/><F110/><W14/><G109/><T74/><D120/><U69/><E69/><V51/><F100/><W55/><G122/><T12/><D12/><U23/><E118/><V5/><F76/><N who="0" m="29226" /><D102/><U24/><E1/><V67/><F67/><W73/><G73/><T68/><D68/><U2/><E2/><V4/><F43/><W127/><G127/><T6/><D6/><U132/><E7/><V22/><F22/><W88/><G14/><T103/><D103/><U18/><E132/><V105/><F105/><W96/><G107/><T81/><AGARI ba="0,0" hai="72,74,75,81,82,83,90,91" m="29226,44105" machi="81" ten="40,8000,1" yaku="28,2,11,1,34,2" doraHai="116" who="0" fromWho="0" sc="277,80,243,-20,287,-20,193,-40" owari="357,45.7,223,-17.7,267,6.7,153,-34.7" /></mjloggm>