<mjloggm ver="2.3"><GO type="225" lobby="0"/><UN n0="%33%74%72%65%65" n1="%E4%BA%BA%E9%96%93%E3%83%81%E3%83%A3%E3%83%BC%E3%83%8F%E3%83%B3" n2="%E3%81%BF%E3%81%BF%E3%81%9A" n3="%E3%81%AF%E3%82%88%E3%81%8A%E3%81%98%E3%81%95%E3%82%93" dan="16,16,18,17" rate="2160.58,2081.86,2260.46,2180.72" sx="F,M,M,M"/><TAIKYOKU oya="0"/><INIT seed="0,0,0,2,0,66" ten="250,250,250,250" oya="0" hai0="25,49,74,135,96,18,47,122,1,119,109,92,95" hai1="15,85,51,60,125,77,107,127,20,37,134,120,97" hai2="104,7,117,64,87,70,14,110,43,128,121,41,48" hai3="101,133,22,71,59,31,9,75,99,46,26,3,34"/><T54/><D119/><U56/><E120/><V57/><F121/><W100/><G133/><T16/><D122/><U50/><E37/><V113/><F104/><W61/><G75/><T81/><D135/><U6/><E134/><V79/><F113/><W108/><G108/><T27/><D1/><U111/><E111/><V2/><F2/><W129/><G129/><T44/><D109/><U0/><E0/><V30/><F30/><W106/><G100/><T83/><D74/><U11/><E20/><V116/><F110/><W124/><G124/><N who="1" m="47690" /><E97/><V28/><F28/><W132/><G132/><T86/><D96/><U35/><E35/><V84/><F57/><W32/><G46/><T45/><D49/><N who="1" m="18443" /><E107/><V13/><F128/><W29/><G29/><T80/><D54/><N who="1" m="33815" /><E85/><V42/><F48/><W63/><G63/><T115/><D86/><U123/><E123/><V82/><F87/><W93/><G106/><T17/><D115/><U76/><AGARI ba="0,0" hai="6,11,15,76,77" m="33815,18443,47690" machi="76" ten="30,1100,0" yaku="18,1" doraHai="66" who="1" fromWho="1" sc="250,-5,250,11,250,-3,250,-3" /><INIT seed="1,0,0,3,5,24" ten="245,261,247,247" oya="1" hai0="99,106,96,87,10,51,23,117,67,122,124,57,38" hai1="41,81,109,119,3,44,46,2,83,86,133,107,11" hai2="84,91,47,69,121,80,27,17,77,12,125,105,54" hai3="36,7,132,85,103,20,73,6,95,79,94,135,29"/><U115/><E115/><V61/><F121/><W110/><G36/><T26/><D117/><U63/><E119/><V66/><F125/><W22/><G73/><T126/><D38/><U101/><E133/><N who="3" m="51274" /><G110/><T113/><D113/><U88/><E109/><V18/><F105/><W58/><G58/><T37/><D37/><U68/><E101/><V31/><F12/><W21/><G29/><N who="0" m="17631" /><D106/><U90/><E107/><V116/><F116/><W1/><G1/><T97/><D122/><U4/><E3/><V5/><F5/><N who="3" m="1547" /><G103/><T43/><D126/><U82/><E41/><V0/><F0/><W42/><G42/><T74/><D74/><U8/><E8/><V62/><F77/><W52/><G52/><N who="0" m="31903" /><D124/><U32/><E32/><V70/><F47/><W65/><G65/><T130/><D43/><U100/><E100/><V13/><F54/><W71/><G71/><T19/><D67/><U123/><E123/><V111/><F111/><W53/><G53/><T55/><D55/><U33/><E33/><V75/><F75/><W120/><G120/><T40/><D40/><U56/><E68/><V9/><F70/><W76/><G85/><T129/><D87/><N who="1" m="50287" /><E82/><V102/><F102/><W14/><G14/><T16/><D10/><U89/><E89/><V35/><F62/><W28/><G28/><T60/><D60/><U50/><E50/><V104/><F104/><W92/><AGARI ba="0,0" hai="20,21,22,76,79,92,94,95" m="1547,51274" machi="92" ten="40,5200,0" yaku="28,2,20,1" doraHai="24" who="3" fromWho="3" sc="245,-13,261,-26,247,-13,247,52" /><INIT seed="2,0,0,0,0,55" ten="232,235,234,299" oya="2" hai0="73,74,49,37,10,130,112,77,17,86,88,25,28" hai1="6,29,135,67,108,72,11,39,75,90,2,123,62" hai2="113,48,105,100,129,121,13,93,85,98,61,58,106" hai3="107,114,132,84,97,8,41,26,53,95,0,115,104"/><V9/><F113/><N who="3" m="43019" /><G132/><T27/><D37/><U43/><E108/><V30/><F121/><W81/><G41/><T102/><D112/><U36/><E135/><V52/><F129/><W83/><G26/><T47/><D130/><U109/><E109/><V71/><F30/><W56/><G8/><T21/><D102/><U51/><E123/><V33/><F33/><W110/><G0/><T59/><D59/><U91/><E29/><V92/><F105/><N who="3" m="40523" /><G84/><T24/><D77/><U76/><E51/><V68/><F85/><W15/><G15/><N who="0" m="7415" /><D73/><U82/><E75/><V32/><F32/><W69/><G69/><T3/><D3/><U23/><E23/><V45/><F71/><W54/><G54/><N who="0" m="30015" /><D74/><U101/><E39/><V31/><F68/><W44/><G44/><T119/><D119/><U4/><E4/><V87/><F87/><W46/><G46/><T35/><D35/><U103/><E36/><V34/><F34/><W1/><G1/><T131/><D131/><U40/><E40/><V124/><F31/><W127/><G127/><T50/><D50/><U116/><E43/><V60/><F124/><W122/><G122/><T80/><AGARI ba="0,0" hai="21,24,25,27,28,80,86,88" m="30015,7415" machi="80" ten="30,4000,0" yaku="25,1,8,1,54,1" doraHai="55" who="0" fromWho="0" sc="232,40,235,-10,234,-20,299,-10" /><INIT seed="3,0,0,5,3,13" ten="272,225,214,289" oya="3" hai0="24,27,77,113,33,22,43,133,106,86,99,52,94" hai1="105,117,122,50,26,120,104,38,114,54,129,70,130" hai2="123,3,57,31,119,61,107,9,66,45,135,95,112" hai3="74,36,96,7,121,4,100,109,101,124,40,108,84"/><W132/><G121/><N who="1" m="46698" /><E26/><V23/><F107/><N who="1" m="41033" /><E70/><V81/><F112/><W60/><G74/><T35/><D113/><U134/><E38/><V91/><F119/><W49/><G36/><T93/><D43/><U102/><E102/><V53/><F123/><W118/><G118/><T17/><D133/><U89/><E117/><V25/><F135/><W44/><G132/><T42/><D42/><U20/><E114/><V79/><F3/><W98/><G124/><T59/><D27/><U62/><E134/><V63/><F9/><W92/><G84/><T15/><D24/><U21/><E89/><V65/><F45/><W16/><G60/><T128/><D33/><U75/><E62/><V19/><F63/><W88/><G16/><T39/><D17/><U72/><E21/><V85/><REACH who="2" step="1"/><F31/><REACH who="2" ten="272,225,204,289" step="2"/><W28/><G28/><T46/><D46/><U83/><E130/><V5/><F5/><W10/><G4/><T127/><D128/><U51/><E129/><V115/><F115/><W30/><G30/><T68/><D106/><U37/><E37/><V6/><F6/><W29/><G29/><T2/><D39/><U97/><E51/><V76/><F76/><W82/><G10/><T111/><D77/><U1/><E1/><V55/><F55/><W8/><G8/><T116/><D52/><U110/><E54/><V80/><F80/><W47/><G7/><T87/><D116/><U41/><E50/><V12/><F12/><W71/><G44/><T126/><D2/><U34/><E41/><V67/><F67/><W11/><G11/><T32/><D15/><U125/><E83/><RYUUKYOKU ba="0,1" sc="272,-10,225,-10,204,30,289,-10" hai2="19,23,25,53,57,61,65,66,79,81,85,91,95" /><INIT seed="4,1,1,1,4,59" ten="262,215,234,279" oya="0" hai0="62,9,118,114,92,79,27,83,97,0,53,23,24" hai1="61,21,109,75,49,31,26,38,121,135,104,57,15" hai2="98,8,70,111,132,91,84,3,52,42,87,43,105" hai3="128,120,99,67,125,108,45,124,88,101,82,54,37"/><T64/><D118/><U11/><E121/><V93/><F111/><W80/><G108/><T44/><D114/><U5/><E109/><V71/><F132/><W29/><G120/><T60/><D0/><U58/><E135/><V46/><F3/><W13/><G128/><T86/><D9/><U73/><E38/><V106/><F8/><W66/><G29/><N who="0" m="17567" /><D27/><U20/><E104/><V77/><F106/><W96/><G13/><T68/><D68/><U17/><E49/><N who="2" m="28727" /><F71/><W123/><G123/><T130/><D64/><U72/><REACH who="1" step="1"/><E61/><REACH who="1" ten="262,205,234,279" step="2"/><V126/><F105/><W14/><G37/><T4/><D130/><U65/><E65/><V63/><F63/><W76/><G66/><T10/><D62/><U34/><E34/><V1/><F70/><W129/><G67/><T39/><D39/><U122/><E122/><V16/><F126/><W102/><G129/><T95/><D60/><U51/><E51/><V32/><F32/><W28/><G125/><T85/><D53/><U133/><E133/><V22/><F1/><AGARI ba="1,2" hai="1,5,11,15,17,20,21,26,31,57,58,72,73,75" machi="1" ten="40,1300,0" yaku="1,1,53,0" doraHai="59" doraHaiUra="110" who="1" fromWho="2" sc="262,0,205,36,234,-16,279,0" /><INIT seed="5,0,0,5,1,25" ten="262,241,218,279" oya="1" hai0="110,30,113,12,101,4,40,103,91,96,117,16,126" hai1="41,32,34,62,70,68,94,123,102,63,88,21,79" hai2="69,78,105,64,46,15,24,75,89,20,27,3,37" hai3="127,54,1,53,116,111,48,76,92,133,80,43,61"/><U28/><E123/><V18/><F3/><W106/><G106/><T130/><D110/><U11/><E102/><V90/><F105/><W85/><G111/><T55/><D117/><U73/><E41/><V98/><F69/><W60/><G1/><T39/><D113/><U51/><E70/><V45/><F64/><W35/><G35/><T99/><D4/><U36/><E36/><V86/><F75/><W0/><G0/><T82/><D40/><U114/><E114/><V71/><F71/><W49/><G127/><T10/><D39/><U97/><E68/><V42/><F45/><W13/><G133/><T59/><D130/><U14/><E51/><V109/><F109/><W93/><G116/><T7/><D7/><N who="1" m="3455" /><E73/><V83/><F27/><W19/><G43/><T29/><D126/><U108/><E34/><V26/><F24/><W65/><G65/><T124/><D124/><U125/><E32/><V115/><F115/><W57/><G49/><N who="0" m="31215" /><D103/><N who="1" m="60855" /><E125/><V121/><F121/><W129/><G129/><T66/><D101/><U107/><E107/><V131/><F131/><W56/><G48/><T135/><D135/><U77/><E108/><V2/><F2/><W8/><AGARI ba="0,0" hai="8,13,19,53,54,56,57,60,61,76,80,85,92,93" machi="8" ten="20,5200,0" yaku="0,1,7,1,9,1,8,1" doraHai="25" who="3" fromWho="3" sc="262,-13,241,-26,218,-13,279,52" owari="249,4.9,215,-18.5,205,-29.5,331,43.1" /></mjloggm>