<mjloggm ver="2.3"><GO type="225" lobby="0"/><UN n0="%E3%81%95%E3%81%8D%E3%81%9F%E3%81%BE%E6%9E%97%E6%AA%8E" n1="%E3%83%A9%E3%83%96%E3%83%AC%E3%83%BC" n2="%E5%B8%86%E7%AB%8B%E5%A4%8F%E8%A1%A3" n3="%E3%81%A1%E3%82%85%E3%81%86%E3%81%A9%E3%81%8F%E8%B1%A1%E3%81%95%E3%82%93" dan="16,18,17,17" rate="2150.59,2241.31,2175.97,2149.31" sx="M,M,M,M"/><TAIKYOKU oya="0"/><INIT seed="0,0,0,5,0,52" ten="250,250,250,250" oya="0" hai0="112,76,55,96,20,132,45,82,98,69,6,130,105" hai1="33,0,30,24,68,19,91,131,23,63,90,57,38" hai2="77,95,12,66,113,18,133,129,88,65,79,85,9" hai3="125,11,59,13,7,94,8,134,31,124,43,102,34"/><T104/><D112/><U58/><E38/><V89/><F129/><W110/><G43/><T86/><D69/><U97/><E131/><V122/><F133/><W21/><G134/><T41/><D130/><U16/><E0/><V120/><F113/><W2/><G110/><T56/><D132/><U114/><E114/><V48/><F120/><W123/><G123/><T1/><D105/><U49/><E68/><V27/><F122/><W54/><G34/><T36/><D104/><U51/><E33/><V128/><F128/><W39/><G39/><T87/><D87/><U67/><E51/><V92/><F48/><N who="3" m="31175" /><G31/><T47/><D47/><U4/><E4/><V62/><F27/><W101/><G21/><T25/><D6/><U115/><E115/><V108/><F108/><W80/><G80/><T99/><D1/><U44/><E97/><V126/><F126/><N who="3" m="48747" /><G94/><T61/><REACH who="0" step="1"/><D96/><REACH who="0" ten="240,250,250,250" step="2"/><U50/><E44/><V10/><F85/><W117/><G117/><T15/><D15/><U78/><E78/><V64/><F12/><W100/><G2/><T29/><AGARI ba="0,1" hai="20,25,29,36,41,45,55,56,61,76,82,86,98,99" machi="29" ten="20,7800,0" yaku="1,1,0,1,7,1,52,1,53,0" doraHai="52" doraHaiUra="106" who="0" fromWho="0" sc="240,88,250,-26,250,-26,250,-26" /><INIT seed="0,1,0,5,0,125" ten="328,224,224,224" oya="0" hai0="120,122,92,89,43,60,97,55,50,94,130,49,46" hai1="98,62,80,53,3,71,25,135,17,106,40,69,35" hai2="56,82,21,101,11,70,67,2,6,30,64,38,68" hai3="81,8,47,44,90,115,34,73,32,85,110,91,75"/><T66/><D130/><U52/><E3/><V42/><F101/><W132/><G115/><T104/><D104/><U126/><E126/><V16/><F30/><W41/><G110/><T74/><D74/><U13/><E40/><V76/><F38/><W20/><G20/><T14/><D14/><U12/><E80/><V22/><F22/><W9/><G81/><T100/><D50/><U111/><E111/><V15/><F42/><W7/><G41/><T133/><D133/><U0/><E0/><V127/><F127/><W129/><G85/><T48/><D48/><U112/><E135/><V1/><F1/><W96/><G96/><T108/><D108/><U72/><E72/><V59/><F70/><W105/><G7/><T29/><D29/><N who="1" m="19887" /><E71/><V77/><F77/><W51/><G51/><T134/><D43/><U63/><E63/><V119/><F119/><W33/><G33/><T107/><D134/><U83/><E83/><V103/><F103/><W19/><G132/><T79/><D79/><U45/><E45/><V57/><REACH who="2" step="1"/><F68/><REACH who="2" ten="328,224,214,224" step="2"/><W27/><G105/><T123/><D89/><U28/><E28/><V78/><F78/><W109/><G109/><T102/><D100/><N who="1" m="62743" /><E112/><V54/><F54/><N who="1" m="21097" /><E17/><V26/><F26/><W88/><G19/><T118/><D118/><U84/><E84/><AGARI ba="1,1" hai="2,6,11,15,16,21,56,57,59,64,67,76,82,84" machi="84" ten="40,5200,0" yaku="1,1,54,1,53,1" doraHai="125" doraHaiUra="18" who="2" fromWho="1" sc="328,0,224,-55,214,65,224,0" /><INIT seed="1,0,0,3,1,93" ten="328,169,279,224" oya="1" hai0="40,81,107,13,132,83,74,129,95,110,37,18,8" hai1="22,86,51,61,41,66,52,7,14,114,23,68,90" hai2="39,15,135,6,69,55,4,91,49,111,62,57,82" hai3="79,77,78,131,54,58,48,116,59,106,115,10,30"/><U73/><E114/><V2/><F111/><W3/><G115/><T17/><D110/><U65/><E73/><V102/><F135/><W104/><G30/><T87/><D107/><U33/><E33/><V72/><F2/><W103/><G3/><T20/><D132/><U85/><E41/><V21/><F39/><W16/><G131/><T108/><D108/><U0/><E66/><V113/><F113/><W47/><G116/><T125/><D125/><U19/><E23/><V121/><F102/><W84/><G84/><T130/><D37/><U118/><E118/><V127/><F121/><W9/><G104/><T128/><D40/><U94/><E0/><V44/><F69/><W35/><G35/><T134/><D134/><U96/><REACH who="1" step="1"/><E7/><REACH who="1" ten="328,159,279,224" step="2"/><V43/><F72/><W38/><G38/><T75/><D74/><U124/><E124/><V101/><F127/><W32/><G32/><T53/><D75/><U122/><E122/><V98/><F21/><W119/><G119/><T34/><D34/><U67/><E67/><V97/><F6/><W28/><G9/><T76/><D20/><U63/><E63/><V126/><F126/><W27/><G10/><T99/><D8/><U31/><E31/><V25/><F4/><W46/><G28/><T100/><D130/><U109/><E109/><V36/><F62/><W89/><G16/><T50/><D18/><U29/><E29/><V24/><F36/><W120/><G120/><T117/><D117/><U45/><AGARI ba="0,1" hai="14,19,22,45,51,52,61,65,68,85,86,90,94,96" machi="45" ten="20,12000,1" yaku="1,1,0,1,7,1,52,1,54,1,53,0" doraHai="93" doraHaiUra="26" who="1" fromWho="1" sc="328,-40,159,130,279,-40,224,-40" /><INIT seed="1,1,0,5,0,115" ten="288,289,239,184" oya="1" hai0="35,71,1,108,6,15,34,57,125,132,54,10,40" hai1="107,25,31,60,135,37,53,100,86,66,89,12,94" hai2="119,123,92,46,129,20,38,63,72,19,43,29,48" hai3="26,8,52,87,88,90,42,124,83,134,65,30,50"/><U78/><E37/><V133/><F123/><W27/><G134/><T13/><D108/><U49/><E135/><V79/><F133/><W98/><G124/><T28/><D71/><U14/><E78/><V96/><F129/><W41/><G65/><T114/><D132/><U55/><E55/><V70/><F119/><W85/><G98/><T44/><D114/><U113/><E100/><V122/><F122/><W105/><G105/><T120/><D120/><U76/><E76/><V111/><F111/><W4/><G26/><T18/><D125/><U82/><E94/><V51/><F29/><W110/><G110/><T68/><D68/><U84/><E86/><V33/><F33/><W101/><G101/><T16/><D1/><U21/><E107/><V130/><F130/><W128/><G128/><T17/><D15/><U22/><E21/><V56/><F70/><W3/><G27/><T97/><D97/><U47/><E113/><V61/><F79/><W126/><G30/><T11/><D11/><U59/><AGARI ba="1,0" hai="12,14,22,25,31,47,49,53,59,60,66,82,84,89" machi="59" ten="20,3900,0" yaku="0,1,7,1,8,1" doraHai="115" who="1" fromWho="1" sc="288,-14,289,42,239,-14,184,-14" /><INIT seed="1,2,0,1,3,59" ten="274,331,225,170" oya="1" hai0="60,78,104,62,65,87,56,126,35,117,58,18,9" hai1="10,121,96,135,31,16,63,52,17,105,125,110,25" hai2="49,24,19,94,23,33,27,53,3,107,80,42,47" hai3="64,14,39,55,46,91,61,82,124,71,74,11,8"/><U50/><E121/><V5/><F107/><W38/><G124/><T4/><D117/><U22/><E125/><V89/><F3/><W122/><G122/><T41/><D104/><U127/><E127/><V40/><F5/><W43/><G8/><T6/><D35/><U101/><E135/><V128/><F128/><W32/><G32/><T90/><D78/><U100/><E101/><V114/><F114/><W45/><G55/><T130/><D41/><U54/><E110/><V28/><REACH who="2" step="1"/><F80/><REACH who="2" ten="274,331,215,170" step="2"/><W84/><G74/><T26/><D130/><U118/><E118/><V75/><F75/><W51/><REACH who="3" step="1"/><G46/><REACH who="3" ten="274,331,215,160" step="2"/><T113/><D126/><U36/><E10/><V34/><F34/><W102/><G102/><T111/><D113/><U112/><E100/><V57/><F57/><W13/><G13/><N who="0" m="7471" /><D111/><U88/><E112/><V85/><AGARI ba="2,2" hai="19,23,24,27,28,33,40,42,47,49,53,85,89,94" machi="85" ten="20,2700,0" yaku="1,1,0,1,7,1,53,0" doraHai="59" doraHaiUra="98" who="2" fromWho="2" sc="274,-9,331,-15,215,53,160,-9" /><INIT seed="2,0,0,1,5,87" ten="265,316,268,151" oya="2" hai0="94,134,135,24,106,11,50,132,91,60,99,74,54" hai1="79,10,88,62,82,96,1,6,27,44,126,131,8" hai2="72,128,98,22,113,119,123,32,47,95,5,63,121" hai3="23,0,3,105,29,69,20,133,33,59,129,124,64"/><V77/><F113/><W110/><G105/><T103/><D74/><U46/><E126/><V81/><F119/><W25/><G59/><T75/><D75/><U92/><E131/><V57/><F32/><N who="3" m="20527" /><G64/><T17/><D60/><U117/><E10/><V73/><F128/><W101/><G101/><T83/><D83/><U116/><E27/><V112/><F112/><W100/><G100/><T102/><D106/><U48/><E62/><V76/><F47/><W90/><G90/><T125/><D125/><U111/><E111/><V53/><F76/><W43/><G43/><T85/><D85/><U16/><E16/><V89/><F73/><W61/><G129/><T21/><D11/><U104/><E104/><V13/><F121/><W4/><G124/><T52/><REACH who="0" step="1"/><D54/><REACH who="0" ten="255,316,268,151" step="2"/><U35/><E117/><V19/><F123/><W40/><G110/><T107/><D107/><U120/><E8/><V84/><F72/><W97/><G61/><T55/><D55/><U118/><E82/><V127/><F127/><W71/><G97/><T51/><D51/><U15/><E48/><V56/><F56/><AGARI ba="0,1" hai="17,21,24,50,52,56,91,94,99,102,103,132,134,135" machi="56" ten="40,8000,1" yaku="1,1,20,1,52,1,54,1,53,0" doraHai="87" doraHaiUra="78" who="0" fromWho="2" sc="255,90,316,0,268,-80,151,0" /><INIT seed="3,0,0,2,0,11" ten="345,316,188,151" oya="3" hai0="6,33,76,107,106,39,66,50,83,41,13,116,34" hai1="111,54,74,59,129,72,81,118,90,67,95,1,121" hai2="3,92,25,82,113,36,135,15,62,29,27,134,87" hai3="93,127,53,14,80,43,86,26,38,115,124,0,2"/><W22/><G115/><T48/><D116/><U24/><E121/><V91/><F113/><W109/><G93/><T31/><D39/><U133/><E118/><V18/><F3/><W46/><G53/><T128/><D128/><U125/><E129/><V32/><F36/><W44/><G44/><T68/><D68/><U122/><E1/><V19/><F27/><W35/><G35/><T131/><D131/><U55/><E122/><V130/><F130/><W108/><G0/><T30/><D66/><U123/><E133/><N who="2" m="50699" /><F15/><W120/><G120/><T5/><D76/><U12/><E125/><N who="3" m="48202" /><G2/><T104/><D83/><U88/><E24/><V65/><F92/><W17/><G26/><T4/><D13/><U9/><E67/><V21/><F32/><N who="0" m="12394" /><D41/><U97/><E55/><V84/><F84/><W75/><G75/><T78/><D78/><AGARI ba="0,0" hai="14,17,22,38,43,46,78,80,86,108,109" m="48202" machi="78" ten="30,2900,0" yaku="18,1,52,1" doraHai="11" who="3" fromWho="0" sc="345,-29,316,0,188,0,151,29" /><INIT seed="3,1,0,0,3,59" ten="316,316,188,180" oya="3" hai0="108,92,98,31,133,26,73,7,63,81,43,107,37" hai1="67,96,130,129,70,117,34,61,113,71,30,0,10" hai2="119,11,82,127,83,58,111,95,128,79,110,5,12" hai3="115,17,135,65,1,122,78,86,47,134,116,103,72"/><W93/><G116/><T49/><D108/><N who="2" m="41514" /><F128/><N who="1" m="49257" /><E117/><V56/><F127/><W132/><G115/><T62/><D133/><U114/><E71/><V66/><F119/><W109/><G122/><T101/><D37/><U2/><E96/><V68/><F95/><W125/><G109/><T46/><D107/><U102/><E102/><V45/><F45/><W52/><G125/><T89/><D7/><N who="1" m="1383" /><E2/><V112/><F112/><N who="1" m="43113" /><E30/><V53/><F68/><W15/><G1/><T48/><D48/><U74/><E74/><V35/><F35/><AGARI ba="1,0" hai="34,35,61,67,70" m="43113,1383,49257" machi="35" ten="30,3900,0" yaku="19,1,23,1,52,1" doraHai="59" who="1" fromWho="2" sc="316,0,316,42,188,-42,180,0" owari="316,11.6,358,45.8,146,-35.4,180,-22.0" /></mjloggm>