<mjloggm ver="2.3"><GO type="225" lobby="0"/><UN n0="%E4%B9%9D%E7%B4%8B%E9%BE%8D%E5%8F%B2%E9%80%B2" n1="%E3%83%81%E3%83%AF%E3%83%AF%E9%9A%8A%E9%95%B7" n2="%E3%81%BF%E3%81%BF%E3%81%9A" n3="%E7%89%B9%E6%9D%B1%E3%81%AF%E4%B8%96%E7%95%8C%E3%82%92%E6%95%91%E3%81%86" dan="17,16,18,16" rate="2207.73,2177.11,2243.71,2154.56" sx="M,M,M,M"/><TAIKYOKU oya="0"/><INIT seed="0,0,0,5,0,103" ten="250,250,250,250" oya="0" hai0="100,93,107,71,99,127,19,72,44,18,123,83,86" hai1="81,2,32,37,1,8,64,48,52,34,98,26,65" hai2="82,46,117,59,16,39,108,129,114,113,89,102,24" hai3="95,36,38,134,77,5,90,85,78,116,128,126,21"/><T28/><D123/><U120/><E37/><V7/><F7/><W111/><G116/><T73/><D127/><U17/><E120/><V9/><F117/><W6/><G126/><T119/><D119/><U10/><E1/><V12/><F108/><W27/><G111/><T79/><D71/><U0/><E0/><V131/><F102/><W135/><G128/><N who="2" m="49225" /><F24/><W43/><G6/><T61/><D28/><U45/><E98/><V96/><F59/><W30/><G5/><T109/><D109/><U56/><E2/><V40/><F96/><W11/><G11/><N who="1" m="4138" /><E32/><V91/><F82/><W58/><G58/><T42/><D61/><U49/><E34/><V20/><F9/><W31/><G31/><T41/><D41/><N who="1" m="24623" /><E81/><V29/><F29/><W3/><G3/><T125/><D125/><U110/><E110/><V63/><F63/><W76/><REACH who="3" step="1"/><G43/><REACH who="3" ten="250,250,250,240" step="2"/><T33/><D33/><U22/><AGARI ba="0,1" hai="17,22,26,49,52,56,64,65" m="24623,4138" machi="22" ten="30,2000,0" yaku="8,1,54,1" doraHai="103" who="1" fromWho="1" sc="250,-10,250,30,250,-5,240,-5" /><INIT seed="1,0,0,2,1,65" ten="240,280,245,235" oya="1" hai0="41,108,81,37,99,120,106,64,79,49,92,52,17" hai1="73,3,113,90,134,22,0,123,93,109,67,15,25" hai2="45,95,80,115,126,33,6,48,19,61,57,8,39" hai3="40,21,111,32,127,129,44,88,62,89,104,28,97"/><U87/><E113/><V18/><F33/><W82/><G32/><T114/><D114/><U43/><E123/><V131/><F115/><W51/><G111/><T58/><D108/><U68/><E109/><V23/><F39/><W34/><G34/><T1/><D120/><U54/><E73/><V31/><F131/><W38/><G129/><T118/><D118/><U124/><E134/><V76/><F126/><W60/><G127/><T133/><D133/><U56/><E124/><V13/><F95/><N who="3" m="56551" /><G38/><T101/><D1/><U94/><E43/><N who="2" m="24639" /><F31/><W105/><G105/><T86/><D64/><U72/><E72/><V112/><F112/><W26/><G104/><T77/><D106/><U116/><E116/><V74/><F74/><W20/><G20/><T121/><D121/><U75/><E75/><V122/><F122/><W36/><G36/><T107/><D107/><U42/><E42/><V14/><F80/><W103/><G103/><T12/><D37/><U128/><E128/><V132/><F76/><W102/><G102/><T5/><D41/><U46/><E94/><V10/><F132/><W130/><G130/><T85/><D5/><U69/><E0/><V50/><F50/><W11/><G11/><T84/><D79/><U63/><E3/><V47/><F47/><W71/><G71/><T66/><D66/><U117/><E117/><V9/><F6/><W55/><G40/><T35/><D35/><U83/><E68/><V53/><AGARI ba="0,0" hai="8,9,10,13,14,18,19,23,53,57,61" m="24639" machi="53" ten="30,1100,0" yaku="8,1" doraHai="65" who="2" fromWho="2" sc="240,-3,280,-5,245,11,235,-3" /><INIT seed="2,0,0,3,0,10" ten="237,275,256,232" oya="2" hai0="109,40,20,60,125,35,96,81,134,111,42,57,56" hai1="22,51,117,11,66,49,15,61,112,75,67,13,88" hai2="16,68,37,8,69,74,0,62,133,97,85,108,102" hai3="36,82,116,12,115,50,103,64,47,92,73,28,126"/><V24/><F74/><W70/><G116/><T63/><D35/><U45/><E117/><V55/><F37/><W77/><G36/><T33/><D33/><U19/><E112/><V79/><F133/><W46/><G115/><T25/><D134/><U18/><E75/><V120/><F120/><W17/><G28/><T78/><D96/><U107/><E107/><V93/><F108/><N who="0" m="41546" /><D125/><U106/><E106/><V54/><F0/><W127/><G103/><T5/><D5/><U132/><E132/><V3/><F3/><W29/><G29/><N who="0" m="17575" /><D57/><U83/><E61/><N who="0" m="23625" /><D56/><U32/><E32/><V14/><F62/><N who="3" m="40215" /><G92/><T43/><D42/><N who="1" m="24759" /><E51/><V84/><F68/><W104/><G104/><T100/><D100/><U105/><E105/><V121/><F69/><W6/><G6/><T27/><D27/><U118/><E118/><V89/><F121/><W113/><G113/><T95/><D95/><U129/><E129/><V44/><F24/><W87/><G126/><T99/><D99/><U80/><E80/><N who="2" m="47135" /><F44/><N who="3" m="16939" /><G127/><T2/><D2/><U41/><E41/><V76/><F102/><W119/><G119/><T135/><D135/><U91/><E83/><AGARI ba="0,0" hai="8,14,16,54,55,76,83,85,89,93,97" m="47135" machi="83" ten="30,5800,0" yaku="8,1,52,1,54,1" doraHai="10" who="2" fromWho="1" sc="237,0,275,-58,256,58,232,0" /><INIT seed="2,1,0,3,4,46" ten="237,217,314,232" oya="2" hai0="131,1,80,45,57,12,59,97,62,70,22,107,126" hai1="35,71,32,20,116,130,65,34,29,128,26,50,99" hai2="7,27,105,25,31,19,51,76,79,15,118,108,121" hai3="42,9,85,100,73,6,115,43,98,133,18,84,37"/><V21/><F118/><W64/><G73/><T13/><D1/><U69/><E116/><V120/><F105/><W103/><G133/><T124/><D70/><U36/><E36/><V16/><F108/><W44/><G115/><T41/><D131/><N who="1" m="50219" /><E65/><V8/><F51/><W90/><G43/><T134/><D134/><U87/><E87/><V40/><F40/><W122/><G122/><N who="2" m="47209" /><F79/><W125/><G125/><N who="0" m="48235" /><D80/><U114/><E114/><V61/><F61/><W129/><G129/><T94/><D107/><U91/><E50/><V109/><F76/><W102/><G64/><N who="0" m="38991" /><D22/><U23/><E20/><N who="2" m="13447" /><F109/><W63/><G63/><T58/><D59/><U81/><E81/><V95/><F95/><AGARI ba="1,0" hai="23,26,29,32,34,35,69,71,91,95,99" m="50219" machi="95" ten="40,1300,0" yaku="19,1" doraHai="46" who="1" fromWho="2" sc="237,0,217,16,314,-16,232,0" /><INIT seed="3,0,0,0,3,25" ten="237,233,298,232" oya="3" hai0="7,9,35,99,105,26,121,41,3,56,114,63,37" hai1="87,1,119,11,67,88,106,120,51,81,85,27,102" hai2="68,24,133,131,65,22,117,116,0,2,134,100,108" hai3="5,130,78,44,21,52,16,118,90,103,18,23,30"/><W128/><G118/><T29/><D121/><U38/><E120/><V33/><F100/><W89/><G103/><T39/><D114/><U97/><E38/><V126/><F108/><W83/><G5/><T43/><D105/><U93/><E119/><N who="2" m="45643" /><F126/><W47/><G30/><T127/><D127/><U112/><E112/><V96/><F96/><W15/><G89/><T94/><D39/><U80/><E67/><V92/><F92/><W54/><G90/><T91/><REACH who="0" step="1"/><D37/><REACH who="0" ten="227,233,298,232" step="2"/><U86/><E106/><V49/><F134/><W113/><G113/><T104/><D104/><U34/><E80/><V10/><F133/><W60/><G60/><T59/><D59/><U77/><E81/><V45/><F68/><W50/><G47/><T6/><D6/><U129/><E129/><V28/><F45/><W42/><G128/><T17/><D17/><U76/><E93/><V32/><F131/><W123/><G123/><T64/><AGARI ba="0,1" hai="3,7,9,26,29,35,41,43,56,63,64,91,94,99" machi="64" ten="20,5200,0" yaku="1,1,0,1,7,1,52,1,53,0" doraHai="25" doraHaiUra="70" who="0" fromWho="0" sc="227,62,233,-13,298,-13,232,-26" /><INIT seed="4,0,0,4,5,125" ten="289,220,285,206" oya="0" hai0="10,120,84,59,7,132,69,86,18,115,111,48,3" hai1="89,113,30,47,129,114,16,23,79,81,83,46,14" hai2="9,43,58,117,31,42,99,29,66,6,90,116,107" hai3="39,12,131,123,78,70,25,65,8,73,88,94,109"/><T61/><D120/><U100/><E100/><V20/><F66/><W74/><G109/><T133/><D111/><U95/><E30/><N who="2" m="11275" /><F20/><W53/><G123/><T108/><D108/><U33/><E33/><V38/><F58/><W124/><G39/><T57/><D115/><N who="1" m="44043" /><E129/><V92/><F38/><W17/><G124/><T118/><D118/><N who="2" m="45674" /><F107/><W106/><G106/><T45/><D69/><U60/><E60/><V91/><F90/><W64/><G131/><T28/><D28/><U35/><E35/><V102/><F91/><W5/><G53/><N who="0" m="33967" /><D59/><U71/><E71/><V67/><F67/><W40/><G40/><N who="0" m="24615" /><D18/><U77/><E16/><V96/><F96/><W103/><G103/><T80/><D80/><U36/><E81/><V72/><F72/><W37/><G37/><T112/><D112/><U55/><E83/><V128/><F128/><W119/><G119/><T68/><D68/><U13/><E36/><V135/><F135/><AGARI ba="0,0" hai="3,7,10,84,86,132,133,135" m="24615,33967" machi="135" ten="30,1500,0" yaku="20,1" doraHai="125" who="0" fromWho="2" sc="289,15,220,0,285,-15,206,0" owari="304,40.4,220,-18.0,270,7.0,206,-29.4" /></mjloggm>