<mjloggm ver="2.3"><GO type="225" lobby="0"/><UN n0="%E3%81%A0%E3%81%8A" n1="%E6%A1%9C%E8%8A%B1%E9%96%83%E3%80%85" n2="%48%61%61%61%6C%61%6E%64" n3="%E3%81%A4%E3%81%A3%E3%81%B1%E3%82%8A%E3%83%9D%E3%83%BC%E3%83%AB" dan="16,16,18,16" rate="2052.97,2129.86,2151.38,2086.80" sx="M,M,M,M"/><TAIKYOKU oya="0"/><INIT seed="0,0,0,0,2,82" ten="250,250,250,250" oya="0" hai0="35,7,103,19,10,126,124,47,57,129,11,22,97" hai1="52,128,0,55,119,85,3,102,75,32,78,86,41" hai2="125,36,93,65,133,84,81,130,66,49,111,94,76" hai3="43,112,116,88,58,79,53,40,98,68,64,77,91"/><T23/><D35/><U69/><E119/><V37/><F111/><W14/><G116/><T113/><D113/><U45/><E32/><V109/><F109/><W100/><G112/><T92/><D129/><U67/><E102/><V16/><F130/><W72/><G64/><N who="2" m="24681" /><F36/><W135/><G68/><T24/><D57/><U27/><E27/><V15/><F37/><W13/><G72/><T4/><D47/><U33/><E33/><V5/><F125/><N who="0" m="48234" /><D22/><U54/><E128/><V70/><F70/><W74/><G74/><T59/><D59/><U80/><E0/><V17/><F133/><W110/><G135/><T131/><D131/><U134/><E3/><V30/><F30/><W9/><G110/><T26/><D24/><U105/><E105/><V99/><F49/><W28/><G28/><T123/><D123/><U87/><E134/><V71/><F71/><W20/><G20/><T8/><AGARI ba="0,0" hai="4,7,8,10,11,19,23,26,92,97,103" m="48234" machi="8" ten="30,1500,0" yaku="18,1" doraHai="82" who="0" fromWho="0" sc="250,15,250,-5,250,-5,250,-5" /><INIT seed="0,1,0,0,3,27" ten="265,245,245,245" oya="0" hai0="107,117,45,61,76,111,65,83,26,85,14,105,125" hai1="97,48,54,25,49,12,74,115,21,123,46,15,68" hai2="116,66,79,78,87,39,110,122,108,17,84,133,18" hai3="95,103,0,81,92,70,23,73,102,109,131,3,100"/><T35/><D117/><U13/><E123/><V62/><F39/><W121/><G70/><T20/><D125/><U118/><E118/><V44/><F116/><W28/><G121/><T60/><D111/><N who="2" m="42538" /><F44/><W129/><G109/><T5/><D35/><U58/><E68/><V57/><F122/><W104/><G104/><T32/><D32/><U53/><E74/><V114/><F114/><W112/><G112/><T89/><D45/><U106/><E115/><V80/><F133/><W9/><G81/><AGARI ba="1,0" hai="17,18,57,62,66,78,79,80,81,84,87" m="42538" machi="81" ten="30,1000,0" yaku="14,1" doraHai="27" who="2" fromWho="3" sc="265,0,245,0,245,13,245,-13" /><INIT seed="1,0,0,4,5,18" ten="265,245,258,232" oya="1" hai0="12,79,64,56,90,70,67,86,66,7,83,51,102" hai1="80,72,28,36,15,77,94,39,16,23,2,73,129" hai2="0,38,130,105,91,117,97,59,32,125,95,5,25" hai3="75,98,24,107,33,65,92,106,81,115,93,127,34"/><U114/><E114/><V11/><F117/><W96/><G115/><T84/><D70/><U112/><E112/><V128/><F38/><W14/><G127/><T30/><D102/><U29/><E129/><N who="2" m="49771" /><F125/><W118/><G118/><T40/><D30/><U60/><E2/><V71/><F71/><W88/><G65/><T4/><D12/><U74/><E39/><V85/><F59/><W53/><G53/><N who="0" m="31807" /><D40/><U35/><E36/><V123/><F123/><W134/><G14/><T52/><D52/><U110/><E110/><V10/><F32/><W68/><G134/><T113/><D113/><U132/><E132/><V124/><F25/><W135/><G68/><T133/><D133/><U55/><E94/><AGARI ba="0,0" hai="4,7,64,66,67,79,83,84,86,90,94" m="31807" machi="94" ten="30,1000,0" yaku="8,1" doraHai="18" who="0" fromWho="1" sc="265,10,245,-10,258,0,232,0" /><INIT seed="2,0,0,4,5,17" ten="275,235,258,232" oya="2" hai0="89,53,86,52,125,10,31,135,113,105,73,50,94" hai1="72,27,6,11,37,0,115,1,30,65,4,124,43" hai2="96,29,26,127,41,21,87,45,22,88,119,23,32" hai3="64,24,51,38,69,103,48,60,56,58,14,42,13"/><V16/><F119/><W25/><G103/><T107/><D113/><U110/><E115/><V95/><F127/><W109/><G109/><T121/><D121/><U70/><E72/><V61/><F61/><W81/><G38/><T100/><D73/><U78/><E78/><V19/><REACH who="2" step="1"/><F96/><REACH who="2" ten="275,235,248,232" step="2"/><W101/><G60/><T71/><D125/><U3/><E124/><V131/><F131/><W133/><G133/><T63/><D135/><U67/><E110/><V62/><F62/><W39/><G69/><T59/><D63/><U33/><E70/><V99/><F99/><W118/><G118/><T40/><D71/><U123/><E123/><V20/><N who="2" m="5120" /><DORA hai="85" /><V68/><F68/><W55/><G25/><T5/><D107/><U102/><E65/><V47/><F47/><W12/><G24/><T34/><D105/><U66/><E66/><V9/><F9/><W54/><G64/><T97/><D10/><N who="1" m="2311" /><E67/><V128/><F128/><W7/><G58/><T84/><D59/><U77/><E11/><V46/><F46/><W106/><G56/><T134/><D134/><U126/><E126/><V74/><F74/><W112/><G106/><T36/><D97/><U122/><E122/><V83/><F83/><W132/><G112/><T44/><D44/><U76/><E27/><V8/><F8/><W92/><G81/><T130/><D130/><U108/><E108/><V80/><F80/><W90/><G132/><T57/><D57/><U120/><E120/><V28/><F28/><W117/><G117/><T75/><D31/><U116/><E30/><V15/><F15/><W35/><G13/><RYUUKYOKU ba="0,1" sc="275,-10,235,-10,248,30,232,-10" hai2="16,19,26,29,32,41,45,87,88,95" /><INIT seed="2,1,1,3,3,112" ten="265,225,278,222" oya="2" hai0="90,44,20,132,21,121,26,59,129,80,18,122,29" hai1="99,50,47,113,108,0,77,60,65,53,91,8,117" hai2="87,89,43,83,119,85,81,9,37,3,52,109,15" hai3="102,78,41,64,1,62,58,95,23,2,6,39,16"/><V127/><F119/><W33/><G33/><T126/><D129/><U22/><E113/><V61/><F127/><W27/><G78/><T92/><D126/><U135/><E108/><V84/><F3/><W88/><G102/><T131/><D131/><U7/><E135/><V66/><F109/><W56/><G6/><T96/><D132/><U118/><E77/><V128/><F128/><W14/><G41/><T107/><D107/><U28/><E28/><V130/><F130/><W97/><G39/><T120/><D80/><N who="2" m="30794" /><F43/><W100/><G58/><T4/><D4/><U63/><E22/><V116/><F116/><W5/><REACH who="3" step="1"/><G100/><REACH who="3" ten="265,225,278,212" step="2"/><T38/><D59/><U30/><E117/><V51/><F37/><W57/><G57/><T106/><D38/><U76/><E76/><V93/><F66/><W75/><G75/><T98/><D120/><U25/><E118/><V73/><F73/><W12/><G12/><T71/><D121/><U123/><E65/><V101/><F101/><W79/><G79/><T69/><D122/><U54/><E123/><V111/><F111/><W70/><G70/><T46/><D69/><U133/><E133/><V67/><F67/><W55/><G55/><T34/><D71/><U35/><REACH who="1" step="1"/><E53/><REACH who="1" ten="265,215,278,212" step="2"/><V45/><F61/><W32/><G32/><T86/><D34/><U40/><E40/><V124/><F124/><W11/><AGARI ba="1,3" hai="1,2,5,11,14,16,23,27,56,62,64,88,95,97" machi="11" ten="30,7900,0" yaku="1,1,0,1,54,2,53,0" doraHai="112" doraHaiUra="24" who="3" fromWho="3" sc="265,-21,215,-21,278,-40,212,112" /><INIT seed="3,0,0,4,1,20" ten="244,194,238,324" oya="3" hai0="91,97,75,69,85,47,28,26,114,38,21,118,74" hai1="23,43,66,90,105,131,119,96,124,39,8,51,10" hai2="134,62,64,120,107,58,72,88,33,4,89,45,3" hai3="36,19,6,86,135,31,129,2,35,14,34,15,83"/><W73/><G73/><T110/><D118/><U53/><E119/><V41/><F107/><W80/><G36/><T16/><D69/><U106/><E124/><V60/><F33/><W92/><G135/><T54/><D110/><U42/><E131/><V111/><F111/><W125/><G125/><T101/><D114/><U81/><E39/><V112/><F112/><W18/><G34/><T44/><D44/><U115/><E115/><V9/><F134/><W37/><G15/><T104/><D28/><U56/><E106/><V82/><F60/><W98/><G19/><T117/><D117/><U127/><E127/><V63/><F63/><W32/><G86/><T132/><D132/><U103/><E66/><V30/><F30/><W25/><G35/><T122/><D122/><U130/><E130/><V108/><F120/><W123/><G37/><T93/><REACH who="0" step="1"/><D54/><REACH who="0" ten="234,194,238,324" step="2"/><U78/><E90/><V116/><F108/><W61/><G31/><T11/><D11/><U24/><E8/><V87/><F116/><W50/><G123/><T0/><D0/><U109/><E10/><V95/><F45/><W128/><G2/><T55/><D55/><U40/><E109/><V70/><F70/><W52/><G52/><T1/><D1/><U22/><REACH who="1" step="1"/><E24/><REACH who="1" ten="234,184,238,324" step="2"/><V71/><F9/><N who="3" m="6479" /><G25/><T57/><D57/><U46/><E46/><V68/><F58/><W84/><G129/><T27/><D27/><U102/><E102/><V94/><F68/><W7/><G128/><T79/><D79/><U17/><E17/><V126/><F126/><W100/><G100/><T5/><D5/><U13/><E13/><RYUUKYOKU ba="0,2" sc="234,15,184,15,238,-15,324,-15" hai0="16,21,26,38,47,74,75,85,91,93,97,101,104" hai1="22,23,40,42,43,51,53,56,78,81,96,103,105" owari="249,4.9,199,-30.1,223,-17.7,329,42.9" /></mjloggm>