<mjloggm ver="2.3"><GO type="225" lobby="0"/><UN n0="%E4%B8%AD%E5%B9%B4%E3%81%AE%E5%8D%B1%E6%A9%9F" n1="%E9%80%9F%E6%B0%B4%E5%87%9B%E9%A6%99" n2="%E6%B4%BE%E9%81%A3%E3%81%AE%E3%82%B8%E3%83%A3%E3%83%83%E3%82%AF" n3="%E3%83%B4%E3%82%A3%E3%83%AF%E3%82%B3%E3%82%B0%E3%83%8B" dan="17,16,16,16" rate="2194.74,2132.99,2186.28,2184.01" sx="M,F,M,M"/><TAIKYOKU oya="0"/><INIT seed="0,0,0,2,4,18" ten="250,250,250,250" oya="0" hai0="5,121,65,68,80,7,22,14,134,60,76,25,87" hai1="111,20,128,74,32,120,36,83,92,95,30,0,21" hai2="123,91,93,31,119,54,122,131,116,47,75,82,53" hai3="104,17,27,43,81,2,13,28,109,39,3,71,44"/><T61/><D121/><N who="2" m="46090" /><F47/><W113/><G109/><T24/><D134/><U118/><E120/><V125/><F31/><W96/><G113/><T26/><D61/><U34/><E118/><N who="2" m="45099" /><F125/><W41/><G81/><T46/><D46/><U112/><E36/><V6/><F6/><W130/><G130/><T62/><D62/><U89/><E0/><V101/><F131/><W19/><G19/><T35/><D35/><U117/><E117/><V97/><F91/><W11/><G41/><T9/><REACH who="0" step="1"/><D7/><REACH who="0" ten="240,250,250,250" step="2"/><U51/><E128/><V103/><F103/><W58/><G71/><T84/><D84/><U106/><E34/><V1/><F1/><W49/><G58/><T42/><D42/><U94/><E32/><V85/><F85/><W16/><G43/><T115/><D115/><U37/><E112/><V69/><F69/><W57/><G44/><T98/><D98/><U66/><E111/><V78/><AGARI ba="0,1" hai="53,54,75,78,82,93,97,101" m="45099,46090" machi="78" ten="40,1500,0" yaku="12,1" doraHai="18" who="2" fromWho="2" sc="240,-7,250,-4,250,25,250,-4" /><INIT seed="1,0,0,5,0,25" ten="233,246,275,246" oya="1" hai0="15,89,108,55,66,133,115,26,19,32,60,132,103" hai1="135,101,41,57,128,2,8,12,3,86,49,23,62" hai2="124,33,40,105,75,47,76,51,99,114,134,61,35" hai3="13,110,29,53,104,17,116,63,81,34,102,93,73"/><U44/><E128/><V82/><F114/><W72/><G110/><T58/><D115/><U69/><E135/><N who="0" m="51785" /><D108/><U90/><E69/><V37/><F134/><W84/><G116/><T109/><D109/><U112/><E112/><V129/><F129/><W96/><G104/><T120/><D103/><U27/><E101/><N who="2" m="62655" /><F51/><W68/><G34/><N who="2" m="12809" /><F61/><W30/><G72/><T118/><D118/><U83/><E57/><V80/><F80/><W16/><G73/><T70/><D89/><U54/><E62/><V131/><F131/><W98/><G98/><T52/><D120/><U87/><E87/><V1/><F124/><W97/><G97/><T92/><D92/><U91/><E91/><V106/><F106/><W4/><G4/><T5/><D5/><U95/><E95/><V31/><F31/><N who="3" m="11787" /><G13/><T21/><D70/><U11/><E12/><V113/><F113/><W43/><G43/><T64/><D55/><U38/><E2/><AGARI ba="0,0" hai="1,2,37,40,47,75,76,82" m="12809,62655" machi="2" ten="30,2000,0" yaku="33,2" doraHai="25" who="2" fromWho="1" sc="233,0,246,-20,275,20,246,0" /><INIT seed="2,0,0,0,3,45" ten="233,226,295,246" oya="2" hai0="67,50,4,115,109,94,9,38,3,56,60,19,95" hai1="73,47,75,114,133,34,40,55,68,57,21,22,42" hai2="16,66,90,81,125,48,70,82,18,111,15,101,123" hai3="59,71,23,102,69,86,98,118,63,104,126,79,113"/><V52/><F123/><W92/><G118/><T44/><D115/><U65/><E34/><V39/><F39/><W30/><G126/><T78/><D109/><U110/><E114/><V135/><F125/><W99/><G113/><T46/><D78/><U105/><E105/><V49/><F135/><W88/><G79/><T128/><D128/><U77/><E77/><V5/><F101/><W116/><G116/><T51/><D38/><N who="1" m="21911" /><E42/><V29/><F29/><W129/><G129/><T53/><D19/><N who="2" m="7210" /><F70/><W13/><G99/><T6/><D6/><U35/><E35/><V121/><F66/><W33/><G33/><T1/><D1/><U96/><E96/><V7/><F121/><W80/><G13/><T132/><D132/><U100/><E100/><V89/><F111/><W11/><G11/><T97/><D97/><U112/><E112/><V131/><F131/><W54/><REACH who="3" step="1"/><G104/><REACH who="3" ten="233,226,295,236" step="2"/><T28/><REACH who="0" step="1"/><D28/><REACH who="0" ten="223,226,295,236" step="2"/><U130/><E133/><V20/><F7/><W87/><G87/><T72/><D72/><U2/><E130/><V26/><F5/><W64/><G64/><T31/><D31/><U127/><E110/><V8/><F8/><W37/><G37/><T124/><D124/><U25/><E127/><V32/><F89/><W83/><G83/><T62/><D62/><N who="1" m="39991" /><E2/><V12/><F90/><W17/><G17/><T122/><D122/><U61/><E25/><AGARI ba="0,2" hai="23,25,30,54,59,63,69,71,80,86,88,92,98,102" machi="25" ten="40,2600,0" yaku="1,1,54,1,53,0" doraHai="45" doraHaiUra="103" who="3" fromWho="1" sc="223,0,226,-26,295,0,236,46" /><INIT seed="3,0,0,3,2,101" ten="223,200,295,282" oya="3" hai0="123,135,67,39,71,44,102,83,28,85,49,60,38" hai1="24,57,74,12,48,61,92,97,56,89,79,53,43" hai2="133,82,107,42,21,126,87,134,14,90,17,70,122" hai3="73,62,55,91,26,88,37,15,27,125,13,34,106"/><W113/><G113/><T50/><D123/><U109/><E109/><V35/><F107/><W98/><G73/><T117/><D117/><U45/><E74/><V132/><F126/><W2/><G2/><T64/><D28/><U105/><E79/><V119/><F119/><W59/><G37/><N who="0" m="13835" /><D85/><U19/><E24/><N who="3" m="9258" /><G106/><T54/><D102/><U51/><E105/><V111/><F111/><W80/><G34/><T110/><D83/><U6/><E6/><V120/><F35/><W4/><G125/><T5/><D5/><U96/><E96/><V72/><F42/><W68/><G68/><T0/><D0/><U104/><E104/><V9/><F70/><W63/><G63/><T112/><D110/><U127/><E127/><V100/><F100/><W118/><G118/><T32/><D32/><U16/><REACH who="1" step="1"/><E12/><REACH who="1" ten="223,190,295,282" step="2"/><N who="2" m="9383" /><F72/><W30/><G4/><AGARI ba="0,1" hai="4,9,14,82,87,90,120,122,132,133,134" m="9383" machi="4" ten="30,1000,0" yaku="20,1" doraHai="101" who="2" fromWho="3" sc="223,0,190,0,295,20,282,-10" owari="223,-17.7,190,-31.0,315,41.5,272,7.2" /></mjloggm>