<mjloggm ver="2.3"><GO type="225" lobby="0"/><UN n0="%72%61%6B%33" n1="%E3%82%B7%E3%83%A5%E3%83%9E%E3%82%A4%E3%82%B1%E3%83%AB" n2="%E7%9C%9F%E4%B8%80" n3="%E3%81%95%E3%81%8D%E3%81%9F%E3%81%BE%E6%9E%97%E6%AA%8E" dan="16,17,16,16" rate="2206.00,2230.62,2175.73,2159.82" sx="M,M,M,M"/><TAIKYOKU oya="0"/><INIT seed="0,0,0,2,3,95" ten="250,250,250,250" oya="0" hai0="132,61,69,82,25,128,124,66,56,125,97,119,92" hai1="90,101,89,117,115,60,99,85,38,65,22,131,79" hai2="16,37,13,26,27,80,77,55,41,110,64,58,74" hai3="48,103,43,2,130,14,18,94,21,84,68,129,81"/><T33/><D119/><U20/><E38/><V9/><F110/><W87/><G68/><T118/><D118/><U34/><E34/><V47/><REACH who="2" step="1"/><F64/><REACH who="2" ten="250,250,240,250" step="2"/><W3/><G130/><T24/><D128/><U121/><E131/><V51/><AGARI ba="0,1" hai="9,13,16,26,27,37,41,47,51,55,58,74,77,80" machi="51" ten="20,8000,1" yaku="1,1,2,1,0,1,7,1,54,1,53,0" doraHai="95" doraHaiUra="100" who="2" fromWho="2" sc="250,-40,250,-20,240,90,250,-20" /><INIT seed="1,0,0,5,5,15" ten="210,230,330,230" oya="1" hai0="62,98,57,48,126,42,38,10,35,24,80,104,109" hai1="99,91,105,12,95,41,68,114,88,31,22,82,58" hai2="123,51,77,131,96,4,103,108,116,28,121,127,122" hai3="61,7,101,125,90,107,75,21,102,25,34,67,2"/><U111/><E68/><V135/><F116/><W37/><G125/><T44/><D126/><U113/><E105/><V85/><F127/><W8/><G37/><T78/><D109/><U5/><E111/><V106/><F4/><W20/><G75/><T97/><D104/><U49/><E113/><V17/><F28/><W87/><G34/><T43/><D43/><U53/><E114/><V47/><F108/><W89/><G107/><T128/><D128/><U0/><E0/><V14/><F135/><W64/><G21/><T59/><D10/><U79/><E41/><V1/><F1/><W3/><G3/><T93/><D38/><U130/><E130/><V81/><F131/><W74/><G74/><T86/><D97/><U69/><E69/><V84/><F84/><W76/><G76/><T27/><D35/><U13/><E91/><V45/><REACH who="2" step="1"/><F51/><REACH who="2" ten="210,230,320,230" step="2"/><W29/><G2/><T46/><D46/><U71/><E5/><V117/><F117/><W16/><G29/><T6/><D6/><U120/><E120/><V33/><F33/><W50/><G50/><T119/><D119/><U94/><E31/><V134/><F134/><W39/><G39/><T56/><REACH who="0" step="1"/><D62/><REACH who="0" ten="200,230,320,230" step="2"/><U124/><E124/><V19/><F19/><W83/><G7/><T32/><D32/><U40/><E49/><V54/><F54/><W30/><G16/><T18/><D18/><U26/><E53/><V70/><F70/><W112/><G112/><T133/><D133/><U60/><E71/><V9/><AGARI ba="0,2" hai="9,14,17,45,47,77,81,85,96,103,106,121,122,123" machi="9" ten="30,4000,0" yaku="1,1,0,1,52,1,53,0" doraHai="15" doraHaiUra="65" who="2" fromWho="2" sc="200,-10,230,-20,320,60,230,-10" /><INIT seed="2,0,0,3,5,24" ten="190,210,380,220" oya="2" hai0="59,80,46,64,98,58,56,37,44,119,85,20,30" hai1="39,124,38,69,18,57,54,11,66,108,120,49,13" hai2="92,26,43,12,87,130,7,72,96,115,35,70,27" hai3="104,114,25,31,47,94,8,60,5,77,16,106,33"/><V53/><F72/><W62/><G114/><T111/><D111/><U121/><E108/><V78/><F70/><W102/><G77/><T51/><D119/><U135/><E124/><V103/><F130/><W99/><G47/><T32/><D32/><U83/><E135/><V107/><F43/><W134/><G134/><T48/><D64/><U73/><E73/><V91/><F35/><W36/><G36/><T61/><D61/><N who="1" m="40143" /><E83/><V63/><F115/><W126/><G126/><T29/><D37/><U19/><E19/><V21/><F78/><W93/><G93/><T45/><D98/><U100/><E100/><V40/><F40/><W2/><REACH who="3" step="1"/><G16/><REACH who="3" ten="190,210,380,210" step="2"/><T81/><D81/><U23/><E11/><V123/><F92/><W74/><G74/><T10/><D10/><U127/><E127/><V105/><F7/><W110/><G110/><T132/><D132/><U113/><E113/><V71/><F105/><AGARI ba="0,1" hai="2,5,8,25,31,33,60,62,94,99,102,104,105,106" machi="105" ten="40,2600,0" yaku="1,1,52,1,53,0" doraHai="24" doraHaiUra="17" who="3" fromWho="2" sc="190,0,210,0,380,-26,210,36" /><INIT seed="3,0,0,4,5,72" ten="190,210,354,246" oya="3" hai0="118,132,41,55,61,115,96,38,66,62,50,42,68" hai1="36,23,58,29,2,130,0,100,18,107,3,84,75" hai2="31,64,53,121,26,12,40,126,47,30,57,7,8" hai3="135,13,83,98,6,114,92,65,4,43,25,95,81"/><W45/><G114/><T111/><D96/><U79/><E75/><V123/><F126/><W89/><G135/><T112/><D118/><U37/><E29/><V52/><F64/><W106/><G106/><T88/><D88/><U33/><E33/><V48/><F53/><W59/><G25/><T80/><D80/><U35/><E35/><V131/><F131/><W60/><G95/><T44/><D132/><U49/><E130/><V74/><F74/><W56/><G56/><N who="0" m="34975" /><D111/><U21/><E21/><V16/><F7/><W69/><G69/><T87/><D87/><U127/><E127/><V93/><F93/><W22/><G6/><T5/><D5/><U54/><E100/><V101/><F101/><W67/><G67/><T90/><D90/><U9/><E107/><V76/><F76/><W119/><G119/><T34/><D34/><U15/><REACH who="1" step="1"/><E9/><REACH who="1" ten="190,200,354,246" step="2"/><V71/><F30/><W103/><G103/><T17/><D17/><U28/><E28/><V108/><F31/><W77/><G22/><T134/><D134/><U14/><E14/><V86/><F12/><W128/><G13/><T73/><D73/><U11/><E11/><V39/><F8/><W120/><G128/><T63/><D63/><U51/><E51/><V85/><F48/><W104/><G104/><T129/><D129/><U1/><N who="1" m="0" /><DORA hai="10" /><U122/><E122/><V97/><F123/><W20/><G60/><T125/><D125/><U78/><E78/><V82/><F121/><W91/><G120/><T70/><D70/><U117/><E117/><V133/><F71/><W32/><G32/><T116/><D116/><RYUUKYOKU ba="0,1" sc="190,15,200,15,354,-15,246,-15" hai0="38,41,42,44,50,62,66,68,112,115" hai1="15,18,23,36,37,49,54,58,79,84" owari="205,-29.5,215,-18.5,349,44.9,231,3.1" /></mjloggm>