<mjloggm ver="2.3"><GO type="225" lobby="0"/><UN n0="%E3%81%82%E3%83%BC%E3%81%97" n1="%E2%91%A3%E9%81%BF%E9%81%8A%E6%88%AF%E3%80%90%E6%9D%B1%E5%8D%97%E3%80%91" n2="%E3%81%99%E3%81%84%E3%81%BE%E3%81%9B%E3%83%BC%E3%82%93" n3="%E9%80%9F%E6%B0%B4%E5%87%9B%E9%A6%99" dan="16,16,16,16" rate="2124.51,2067.98,2157.85,2176.81" sx="M,M,M,F"/><TAIKYOKU oya="0"/><INIT seed="0,0,0,3,1,12" ten="250,250,250,250" oya="0" hai0="79,134,66,133,101,108,29,25,84,38,95,68,114" hai1="131,46,94,53,1,123,28,18,48,40,70,8,112" hai2="78,72,45,91,115,60,22,43,30,10,77,127,15" hai3="118,135,75,100,57,3,14,73,117,58,129,88,124"/><T67/><D114/><U24/><E112/><V110/><F115/><W119/><G3/><T0/><D0/><U20/><E123/><V63/><F110/><W86/><G100/><T51/><D38/><U17/><E70/><V71/><F127/><W56/><G124/><T107/><D107/><U23/><E131/><V50/><F91/><W31/><G31/><T85/><D51/><U9/><E1/><V130/><F130/><W16/><G129/><T103/><D79/><N who="2" m="30218" /><F71/><W13/><G13/><T35/><D68/><U19/><E23/><V102/><F102/><N who="0" m="38922" /><D108/><U62/><E94/><V55/><F43/><W132/><G75/><T126/><D126/><U74/><E74/><V92/><F92/><W87/><G73/><T7/><D7/><U122/><E122/><V98/><F98/><W80/><REACH who="3" step="1"/><G87/><REACH who="3" ten="250,250,250,240" step="2"/><T33/><D85/><U113/><E113/><V104/><F72/><W44/><G44/><T32/><D84/><U11/><E62/><V52/><F104/><W109/><G109/><T42/><D95/><U90/><E90/><V61/><F61/><W116/><N who="3" m="29696" /><DORA hai="36" /><W125/><G125/><T27/><D29/><U54/><AGARI ba="0,1" hai="8,9,11,17,18,19,20,24,28,40,46,48,53,54" machi="54" ten="40,12000,2" yaku="0,1,8,1,52,4" doraHai="12,36" who="1" fromWho="1" sc="250,-60,250,130,250,-30,240,-30" /><INIT seed="1,0,0,3,4,79" ten="190,380,220,210" oya="1" hai0="51,115,65,98,69,43,12,131,61,126,40,133,17" hai1="44,25,21,114,123,72,64,11,92,14,67,47,107" hai2="130,36,18,105,58,134,42,60,127,33,128,99,94" hai3="34,89,71,102,90,97,88,19,55,101,75,106,104"/><U29/><E123/><V124/><F105/><W80/><G71/><T37/><D115/><U8/><E107/><N who="3" m="41002" /><G19/><T13/><D133/><U96/><E72/><V7/><F33/><W39/><G55/><T53/><D131/><N who="2" m="50218" /><F7/><W121/><G39/><T6/><D126/><N who="2" m="48170" /><F18/><W132/><G34/><T9/><D37/><U135/><E135/><V110/><F110/><W117/><G132/><T125/><D98/><U63/><E67/><V26/><F26/><W81/><G121/><T56/><REACH who="0" step="1"/><D125/><REACH who="0" ten="180,380,220,210" step="2"/><U45/><E114/><V38/><F134/><W76/><G117/><T30/><D30/><U22/><E22/><AGARI ba="0,1" hai="6,9,12,13,17,22,40,43,51,53,56,61,65,69" machi="22" ten="30,2000,0" yaku="1,1,7,1,53,0" doraHai="79" doraHaiUra="84" who="0" fromWho="1" sc="180,30,380,-20,220,0,210,0" /><INIT seed="2,0,0,4,5,98" ten="210,360,220,210" oya="2" hai0="14,128,102,50,130,132,88,26,112,43,34,38,83" hai1="133,36,53,79,110,16,94,127,33,70,22,56,113" hai2="116,29,122,12,93,40,96,46,60,32,105,28,131" hai3="85,0,5,20,35,51,54,57,81,109,9,11,45"/><V31/><F116/><W42/><G35/><T100/><D112/><U106/><E70/><V115/><F115/><W86/><G109/><T80/><D38/><U77/><E113/><V91/><F122/><W76/><G20/><T129/><D132/><U124/><E33/><V90/><F131/><W67/><G67/><T125/><D125/><N who="1" m="48203" /><E106/><V19/><F105/><W104/><G104/><T74/><D14/><N who="1" m="9495" /><E36/><V123/><F123/><W4/><G86/><N who="0" m="50247" /><D43/><U59/><E133/><V39/><F60/><W84/><G84/><T17/><D50/><N who="1" m="30775" /><E110/><V101/><REACH who="2" step="1"/><F32/><REACH who="2" ten="210,360,210,210" step="2"/><W23/><G23/><AGARI ba="0,1" hai="12,19,23,28,29,31,39,40,46,90,91,93,96,101" machi="23" ten="40,12000,1" yaku="1,1,2,1,52,1,53,2" doraHai="98" doraHaiUra="87" who="2" fromWho="3" sc="210,0,360,0,210,130,210,-120" /><INIT seed="2,1,0,5,2,121" ten="210,360,340,90" oya="2" hai0="129,22,27,75,120,28,26,11,82,37,99,130,44" hai1="21,71,118,58,14,32,45,86,134,10,109,48,117" hai2="43,4,74,0,94,60,50,131,87,12,113,72,19" hai3="108,126,9,106,101,97,135,80,78,54,18,116,123"/><V111/><F113/><W128/><G123/><T112/><D120/><U30/><E71/><V89/><F131/><N who="0" m="50186" /><D112/><U95/><E32/><V6/><F60/><W103/><G116/><T23/><D11/><U68/><E68/><V132/><F132/><W1/><G135/><T96/><D75/><U66/><E134/><V124/><F124/><W73/><G126/><T63/><D82/><U47/><E47/><V65/><F65/><W49/><G128/><T25/><D63/><U67/><E58/><V15/><F0/><W102/><G108/><T114/><D114/><U77/><E109/><V41/><F111/><W115/><G115/><T119/><D119/><U3/><E3/><V104/><F104/><W52/><G54/><T5/><D5/><N who="1" m="3407" /><E118/><V100/><F74/><W125/><G125/><T40/><D27/><N who="1" m="16751" /><E117/><V64/><F72/><W13/><REACH who="3" step="1"/><G1/><REACH who="3" ten="210,360,340,80" step="2"/><T2/><D2/><U93/><E67/><V17/><F64/><W107/><G107/><T38/><D38/><U35/><E66/><V20/><F41/><W36/><G36/><T92/><D92/><U127/><E127/><V39/><F39/><W8/><G8/><T31/><AGARI ba="1,1" hai="22,23,25,26,28,31,37,40,44,96,99" m="50186" machi="31" ten="30,1100,0" yaku="19,1" doraHai="121" who="0" fromWho="0" sc="210,24,360,-4,340,-6,80,-4" /><INIT seed="3,0,0,2,1,81" ten="234,356,334,76" oya="3" hai0="74,132,59,87,65,112,8,135,51,2,14,108,24" hai1="89,18,99,115,29,68,1,95,130,69,12,66,39" hai2="83,122,107,125,15,55,86,78,30,31,41,28,131" hai3="96,60,85,46,16,72,76,3,7,73,48,79,116"/><W4/><G116/><T22/><D74/><U37/><E1/><V75/><F107/><W61/><G3/><T45/><D2/><U127/><E115/><V71/><F71/><W111/><G111/><T106/><D106/><U44/><E29/><V104/><F104/><W21/><G96/><T84/><D112/><U88/><E69/><V124/><F131/><W40/><G73/><T53/><D108/><U6/><E6/><N who="3" m="2090" /><G72/><T114/><D114/><U26/><E26/><V42/><F122/><W32/><G32/><T50/><D14/><U33/><E33/><V133/><F133/><N who="0" m="51274" /><D8/><U97/><E130/><V94/><F15/><N who="3" m="9375" /><G79/><T9/><D9/><U17/><E12/><V20/><F20/><W70/><G70/><T64/><D22/><U49/><E18/><V101/><F75/><W80/><AGARI ba="0,0" hai="40,46,48,60,61,76,80,85" m="9375,2090" machi="80" ten="30,6000,0" yaku="8,1,52,1,54,1" doraHai="81" who="3" fromWho="3" sc="234,-20,356,-20,334,-20,76,60" /><INIT seed="3,1,0,3,3,32" ten="214,336,314,136" oya="3" hai0="133,118,50,127,29,100,135,82,77,83,47,31,110" hai1="11,102,106,64,104,60,120,14,103,124,61,58,119" hai2="8,37,131,73,23,46,24,123,111,1,13,96,12" hai3="48,49,67,117,26,125,43,9,130,30,65,134,45"/><W21/><G117/><T55/><D110/><U79/><E120/><V72/><F111/><W44/><G134/><N who="0" m="51211" /><D118/><U116/><E79/><V5/><F123/><W114/><G114/><T68/><D127/><U66/><E124/><V129/><F96/><W75/><G75/><N who="2" m="28745" /><F46/><W92/><G125/><T34/><D68/><U88/><E119/><V128/><F37/><W97/><G130/><T38/><D38/><U35/><E35/><V108/><F108/><W41/><REACH who="3" step="1"/><G9/><REACH who="3" ten="214,336,314,126" step="2"/><T76/><D34/><U94/><E116/><V42/><F42/><W28/><G28/><AGARI ba="1,1" hai="1,5,8,12,13,23,24,28,128,129,131" m="28745" machi="28" ten="40,2600,0" yaku="19,1,52,1" doraHai="32" who="2" fromWho="3" sc="214,0,336,0,314,39,126,-29" owari="214,-18.6,336,13.6,353,45.3,97,-40.3" /></mjloggm>