<mjloggm ver="2.3"><GO type="225" lobby="0"/><UN n0="%E5%8D%A0%E3%81%84%E5%B8%AB%E8%A3%8F%E3%81%AA%E3%81%84%E3%81%97" n1="%E6%B8%A9%E2%98%85%E6%83%85%E2%98%85%E6%8E%AA%E2%98%85%E7%BD%AE" n2="%E3%81%B2%E3%81%BE%E3%81%A4%E3%81%B6%E3%81%97" n3="%6D%75%75%6D%75%72%61" dan="16,17,17,16" rate="2130.43,2230.82,2178.46,2122.61" sx="M,M,M,F"/><TAIKYOKU oya="0"/><INIT seed="0,0,0,4,4,98" ten="250,250,250,250" oya="0" hai0="126,40,59,32,11,73,49,108,61,62,66,10,96" hai1="129,13,38,134,113,54,45,119,0,27,64,103,114" hai2="33,56,133,44,51,8,106,24,25,88,58,14,34" hai3="115,18,60,86,111,55,74,107,90,121,26,81,15"/><T130/><D32/><U116/><E0/><V76/><F133/><W110/><G115/><N who="1" m="44042" /><E134/><V127/><F127/><W20/><G121/><T99/><D126/><U43/><E129/><V39/><F39/><W79/><G107/><T102/><D73/><U100/><E64/><V36/><F36/><W67/><G55/><T50/><D130/><U42/><E42/><V93/><F106/><W41/><G41/><T63/><D108/><U109/><E109/><V94/><F76/><W53/><G53/><T84/><D84/><U123/><E123/><V31/><F93/><W1/><G1/><T70/><D96/><U52/><E13/><V23/><F25/><W83/><REACH who="3" step="1"/><G26/><REACH who="3" ten="250,250,250,240" step="2"/><T6/><D40/><U2/><E2/><V124/><F24/><W4/><G4/><T117/><D117/><N who="1" m="45131" /><E27/><V85/><F124/><W65/><G65/><T46/><D6/><U7/><E7/><V9/><F34/><W19/><G19/><T91/><D66/><U128/><E128/><V57/><F33/><W30/><G30/><T16/><D16/><U3/><E3/><V118/><F118/><W82/><G82/><T77/><D62/><U47/><E54/><N who="2" m="30055" /><F31/><W22/><G22/><T132/><D132/><U122/><E122/><V92/><F92/><W37/><G37/><T105/><D105/><U75/><E75/><V89/><F94/><W87/><G87/><T68/><D63/><U120/><E120/><V17/><F85/><W35/><G35/><T71/><D61/><U5/><E5/><V69/><F69/><AGARI ba="0,1" hai="15,18,20,60,67,69,74,79,81,83,86,90,110,111" machi="69" ten="40,1300,0" yaku="1,1,53,0" doraHai="98" doraHaiUra="101" who="3" fromWho="2" sc="250,0,250,0,250,-13,240,23" /><INIT seed="1,0,0,5,4,108" ten="250,250,237,263" oya="1" hai0="19,23,68,25,132,103,90,123,128,34,62,47,80" hai1="82,88,52,20,135,32,66,39,131,91,2,79,5" hai2="40,67,0,109,100,31,89,22,122,16,76,12,111" hai3="134,104,85,14,63,78,43,116,35,71,8,28,70"/><U110/><E32/><V126/><F122/><W87/><G104/><T93/><D128/><U1/><E39/><V105/><F126/><W42/><G134/><T29/><D123/><U30/><E135/><V11/><F40/><W101/><G101/><T9/><D132/><U44/><E66/><V81/><F67/><W98/><G98/><T107/><D80/><U50/><E131/><V37/><F37/><W55/><G28/><T113/><D47/><U54/><E110/><N who="2" m="41995" /><F89/><W86/><G35/><T57/><D9/><U130/><E130/><V118/><F118/><W127/><G78/><T65/><D57/><U120/><E120/><V61/><F61/><W41/><G127/><T45/><D45/><U46/><E5/><N who="2" m="1447" /><F31/><W3/><G3/><T7/><D7/><U102/><E102/><V58/><F58/><W114/><G116/><T106/><D90/><U49/><E1/><V74/><F100/><W53/><G63/><T97/><D93/><U73/><E2/><V84/><F105/><W36/><G36/><T17/><D106/><U94/><E94/><V99/><F99/><W15/><G71/><T60/><D60/><U92/><E92/><V125/><F125/><W77/><G70/><T13/><D17/><U95/><E95/><V121/><F121/><W48/><G77/><T59/><D59/><U38/><E38/><V6/><F6/><W117/><G117/><T75/><D75/><AGARI ba="0,0" hai="12,16,22,74,75,76,81,84" m="1447,41995" machi="75" ten="30,2000,0" yaku="14,1,54,1" doraHai="108" who="2" fromWho="0" sc="250,-20,250,0,237,20,263,0" /><INIT seed="2,0,0,3,2,76" ten="230,250,257,263" oya="2" hai0="127,87,106,110,94,33,6,14,124,134,125,81,19" hai1="116,15,114,46,27,86,95,90,23,109,59,30,0" hai2="82,50,66,8,34,111,28,47,98,17,7,1,37" hai3="93,113,22,4,128,3,56,9,24,64,73,5,88"/><V62/><F37/><W85/><G128/><T51/><D110/><U118/><E114/><V53/><F111/><W58/><G113/><T21/><D106/><U49/><E0/><V39/><F39/><W32/><G32/><T10/><D33/><U13/><E109/><V2/><F2/><W11/><G73/><T83/><D134/><U102/><E102/><V61/><F98/><W91/><G64/><T131/><D131/><U77/><E77/><V29/><F61/><W108/><G108/><T65/><D65/><U18/><E59/><V52/><F53/><W80/><G9/><T132/><D132/><U84/><E84/><V89/><F17/><W122/><G5/><T31/><D31/><U103/><E103/><V26/><F29/><W54/><G122/><T107/><D107/><U48/><E48/><V42/><F42/><W67/><G67/><T38/><D38/><U55/><REACH who="1" step="1"/><E15/><REACH who="1" ten="230,240,257,263" step="2"/><V123/><F123/><W100/><G100/><T74/><D51/><U69/><E69/><V126/><F89/><W78/><G91/><N who="0" m="53631" /><D74/><U92/><E92/><V68/><REACH who="2" step="1"/><F126/><REACH who="2" ten="230,240,247,263" step="2"/><N who="0" m="32258" /><T12/><AGARI ba="0,2" hai="6,10,12,14,19,21,81,83" m="32258,53631" machi="12" ten="40,8000,1" yaku="4,1,18,1,52,2" doraHai="76" who="0" fromWho="0" sc="230,100,240,-20,247,-40,263,-20" /><INIT seed="3,0,0,4,4,84" ten="330,220,207,243" oya="3" hai0="54,47,86,122,130,52,100,79,120,10,48,58,37" hai1="110,117,85,70,132,42,105,73,25,53,68,75,118" hai2="89,31,129,2,12,67,18,72,123,28,60,93,128" hai3="61,59,5,82,126,35,36,97,116,96,69,106,77"/><W102/><G116/><N who="1" m="44650" /><E110/><V124/><F124/><W38/><G69/><N who="1" m="26730" /><E132/><V87/><F72/><W133/><G35/><T103/><D103/><U109/><E109/><V63/><F2/><W119/><G119/><T45/><D10/><U121/><E121/><V19/><F123/><W15/><G133/><T112/><D112/><U14/><E105/><V20/><F19/><W65/><G126/><T88/><D47/><U43/><E14/><V104/><F104/><W98/><G102/><T55/><D79/><U41/><E53/><V30/><REACH who="2" step="1"/><F67/><REACH who="2" ten="330,220,197,243" step="2"/><W51/><G106/><T127/><D122/><U108/><E108/><V92/><F92/><W81/><G65/><T76/><D120/><U23/><E85/><V16/><F16/><AGARI ba="0,1" hai="16,23,25,41,42,43,73,75" m="26730,44650" machi="16" ten="40,2600,0" yaku="12,1,54,1" doraHai="84" who="1" fromWho="2" sc="330,0,220,36,197,-26,243,0" owari="330,43.0,256,5.6,171,-32.9,243,-15.7" /></mjloggm>