<mjloggm ver="2.3"><GO type="225" lobby="0"/><UN n0="%E3%80%93%E3%81%97%E3%83%BC%E3%82%89%E3%80%93" n1="%E3%83%89%E3%83%A9%E3%81%8F%E3%82%8C" n2="%E3%81%8B%E3%82%8F%E3%81%A1%E3%82%83%E3%82%93%35%38" n3="%E9%A2%A8%E3%81%A7%E9%B3%B4%E3%81%8F" dan="16,17,17,16" rate="2142.52,2242.60,2217.26,2112.35" sx="M,M,M,M"/><TAIKYOKU oya="0"/><INIT seed="0,0,0,0,2,11" ten="250,250,250,250" oya="0" hai0="80,16,63,131,133,96,42,26,30,102,134,121,85" hai1="9,10,23,115,57,54,38,25,130,56,72,69,13" hai2="89,107,81,48,71,55,19,83,94,24,59,17,33" hai3="75,0,67,77,97,117,28,118,126,105,49,109,98"/><T45/><D121/><U87/><E72/><V7/><F107/><W82/><G49/><T22/><D131/><U95/><E69/><V86/><F71/><W116/><G67/><T129/><D129/><U21/><E38/><V91/><F33/><W128/><G128/><T88/><D63/><U93/><E130/><V108/><F108/><W60/><G60/><T104/><REACH who="0" step="1"/><D30/><REACH who="0" ten="240,250,250,250" step="2"/><U78/><E115/><V44/><F7/><W29/><G28/><T8/><D8/><U40/><E10/><V74/><F17/><W70/><G29/><T111/><D111/><U76/><E9/><V43/><F19/><W101/><G109/><T114/><D114/><U3/><E3/><V124/><F124/><W92/><G0/><T68/><D68/><U2/><E2/><V84/><F24/><W103/><G70/><T51/><AGARI ba="0,1" hai="16,22,26,42,45,51,80,85,88,96,102,104,133,134" machi="51" ten="30,11700,0" yaku="1,1,0,1,54,2,53,0" doraHai="11" doraHaiUra="61" who="0" fromWho="0" sc="240,127,250,-39,250,-39,250,-39" /><INIT seed="0,1,0,3,5,30" ten="367,211,211,211" oya="0" hai0="82,104,25,78,120,39,41,55,111,49,56,27,94" hai1="40,37,64,73,59,5,14,71,15,87,124,117,32" hai2="50,18,134,92,105,36,48,107,100,81,12,97,132" hai3="123,90,57,93,35,66,22,88,95,69,19,33,26"/><T68/><D104/><N who="2" m="40010" /><F36/><W24/><G123/><T91/><D120/><U4/><E73/><V0/><F0/><W112/><G112/><T113/><D68/><U72/><E72/><V110/><F81/><W47/><G69/><T122/><D113/><U46/><E117/><V102/><F102/><W63/><G47/><T13/><D122/><U84/><E71/><V126/><F110/><W109/><G109/><T31/><D41/><U10/><E124/><V28/><F28/><W128/><G128/><T103/><D39/><U65/><E32/><V135/><F126/><W38/><G38/><T98/><D111/><U2/><E2/><V77/><F77/><W80/><G80/><T79/><D13/><U119/><E119/><V53/><F53/><W108/><G108/><T52/><D55/><U118/><E118/><V34/><F34/><W67/><G67/><T29/><D29/><U60/><REACH who="1" step="1"/><E64/><REACH who="1" ten="367,201,211,211" step="2"/><V43/><F43/><W9/><G9/><AGARI ba="1,1" hai="4,5,9,10,14,15,37,40,46,59,60,65,84,87" machi="9" ten="40,5200,0" yaku="1,1,2,1,9,1,53,0" doraHai="30" doraHaiUra="121" who="1" fromWho="3" sc="367,0,201,65,211,0,211,-55" /><AGARI ba="1,0" hai="9,12,18,48,50,92,97,100,132,134,135" m="40010" machi="9" ten="40,1300,0" yaku="20,1" doraHai="30" who="2" fromWho="3" sc="367,0,266,0,211,13,156,-13" /><INIT seed="1,0,0,0,1,63" ten="367,266,224,143" oya="1" hai0="102,35,68,79,52,76,59,11,15,134,32,56,66" hai1="132,0,135,31,113,126,78,65,43,19,28,105,111" hai2="74,4,93,96,54,14,23,109,5,40,127,106,47" hai3="86,72,6,53,129,62,46,118,85,3,29,98,55"/><U30/><E105/><V94/><F74/><W17/><G72/><T42/><D134/><N who="1" m="51243" /><E78/><V89/><F106/><W27/><G129/><T41/><D68/><U82/><E82/><V64/><F109/><W9/><G118/><T49/><D102/><U87/><E87/><V69/><F127/><W39/><G17/><N who="0" m="8447" /><D35/><U125/><E43/><N who="0" m="16393" /><D32/><U133/><E133/><V16/><F54/><W95/><G39/><T81/><D81/><U121/><E121/><V73/><F73/><W48/><G55/><N who="0" m="31855" /><D66/><U116/><E116/><V130/><F130/><W108/><G108/><T8/><D8/><U18/><E111/><V100/><F64/><W84/><G62/><AGARI ba="0,0" hai="52,59,62,76,79" m="31855,16393,8447" machi="62" ten="30,2000,0" yaku="8,1,54,1" doraHai="63" who="0" fromWho="3" sc="367,20,266,0,224,0,143,-20" /><INIT seed="2,0,0,4,0,89" ten="387,266,224,123" oya="2" hai0="17,99,86,55,130,28,74,59,25,91,117,37,123" hai1="57,49,72,114,9,106,14,8,32,24,126,52,87" hai2="1,107,10,45,108,30,121,93,50,128,22,48,33" hai3="47,12,133,42,113,102,82,21,94,98,69,53,18"/><V79/><F107/><W35/><G133/><T27/><D74/><U100/><E114/><V75/><F121/><W29/><G113/><T88/><D37/><U71/><E72/><V78/><F33/><W96/><G69/><T84/><D123/><U61/><E126/><V60/><F128/><W20/><G35/><T39/><D39/><U36/><E36/><V68/><F108/><W43/><G82/><T129/><D99/><U44/><E71/><V85/><F75/><W134/><G134/><T40/><D40/><U11/><E106/><V115/><F115/><W125/><G125/><T5/><D5/><U41/><E100/><V120/><F120/><W26/><REACH who="3" step="1"/><G98/><REACH who="3" ten="387,266,224,113" step="2"/><T34/><D34/><U51/><E32/><V54/><F79/><W3/><G3/><T38/><D129/><U80/><E24/><V83/><F1/><W13/><G13/><T62/><D27/><U116/><E116/><V112/><F112/><W66/><G66/><T95/><D25/><U73/><E73/><V119/><F119/><W104/><G104/><T6/><D130/><U0/><E0/><V4/><F78/><W92/><G92/><T124/><D95/><U110/><E110/><V101/><F93/><W67/><G67/><T46/><D124/><U76/><REACH who="1" step="1"/><E61/><REACH who="1" ten="387,256,224,113" step="2"/><V103/><F60/><W16/><G16/><AGARI ba="0,2" hai="8,9,11,14,16,41,44,49,51,52,57,76,80,87" machi="16" ten="30,12000,2" yaku="1,1,2,1,7,1,8,1,54,2,53,0" doraHai="89" doraHaiUra="19" who="1" fromWho="3" sc="387,0,256,140,224,0,113,-120" owari="387,18.7,396,49.6,224,-17.6,-7,-50.7" /></mjloggm>