<mjloggm ver="2.3"><GO type="225" lobby="0"/><UN n0="%6D%75%75%6D%75%72%61" n1="%E9%9B%80%E6%A5%B5%E3%81%AE%E3%81%B8" n2="%E5%84%AA%40%41%42%43" n3="%E3%83%87%E3%83%A9%E3%82%B3%E3%83%83%E3%82%B3" dan="16,16,17,17" rate="2120.59,2129.78,2180.84,2226.78" sx="F,M,M,M"/><TAIKYOKU oya="0"/><INIT seed="0,0,0,4,4,62" ten="250,250,250,250" oya="0" hai0="36,95,130,2,96,64,19,132,56,125,39,77,13" hai1="61,90,68,76,91,18,127,41,100,134,3,81,83" hai2="26,29,133,7,8,114,5,101,109,69,42,16,115" hai3="40,4,111,106,102,27,122,70,79,121,32,72,82"/><T86/><D2/><U47/><E3/><V63/><F42/><W15/><G40/><T94/><D130/><U57/><E68/><V104/><F109/><W45/><G111/><T60/><D125/><U119/><E134/><V74/><F74/><W46/><G70/><T12/><D132/><U73/><E127/><V43/><F43/><W129/><G129/><T124/><D124/><U93/><E119/><V25/><F133/><W58/><G58/><T84/><D13/><U38/><E83/><V51/><F51/><W135/><G135/><T117/><D117/><U85/><E18/><V118/><F118/><W54/><G102/><T48/><D48/><U21/><E21/><N who="2" m="13479" /><F8/><N who="3" m="4487" /><G54/><T31/><D31/><U108/><E108/><V35/><F5/><W126/><G106/><T22/><D95/><U120/><E120/><N who="3" m="46186" /><G126/><T113/><D113/><U131/><E131/><V66/><F7/><W11/><G11/><T75/><D75/><U9/><E9/><V1/><F1/><W99/><G99/><AGARI ba="0,0" hai="26,29,35,63,66,69,99,101,104,114,115" m="13479" machi="99" ten="30,3900,0" yaku="25,1,52,1,54,1" doraHai="62" who="2" fromWho="3" sc="250,0,250,0,250,39,250,-39" /><INIT seed="1,0,0,2,0,33" ten="250,250,289,211" oya="1" hai0="86,6,54,117,101,106,44,69,45,17,64,14,68" hai1="38,53,93,118,99,130,3,48,41,122,16,5,112" hai2="18,78,46,111,0,55,124,90,85,82,52,97,129" hai3="32,59,35,94,77,98,116,123,134,49,75,10,132"/><U51/><E112/><V4/><F111/><W20/><G123/><T58/><D117/><U73/><E73/><V107/><F124/><W37/><G37/><T25/><D6/><U28/><E118/><V39/><F129/><W2/><G116/><T19/><D106/><U22/><E122/><V120/><F120/><W95/><G20/><T40/><D101/><U89/><E130/><V81/><F18/><W84/><G75/><T72/><D72/><U30/><E38/><V113/><F113/><W104/><G104/><T15/><D25/><U62/><E5/><V36/><F82/><N who="3" m="47183" /><G59/><T91/><D64/><U133/><E3/><V71/><F71/><W119/><G49/><N who="0" m="31055" /><D68/><U76/><E76/><V7/><F7/><N who="3" m="1399" /><G119/><T29/><D29/><U34/><E34/><V125/><F125/><W42/><G42/><T13/><D69/><U57/><E133/><N who="3" m="51306" /><G95/><N who="0" m="54775" /><D40/><U74/><E74/><N who="2" m="43223" /><F39/><W47/><G47/><AGARI ba="0,0" hai="13,14,15,17,19,44,45,47" m="54775,31055" machi="47" ten="30,1000,0" yaku="8,1" doraHai="33" who="0" fromWho="3" sc="250,10,250,0,289,0,211,-10" /><INIT seed="2,0,0,0,1,63" ten="260,250,289,201" oya="2" hai0="31,16,14,73,6,119,109,3,4,65,47,121,120" hai1="7,59,26,55,69,125,60,94,88,21,85,105,75" hai2="80,130,33,108,90,40,78,17,97,135,107,66,58" hai3="134,49,123,68,28,22,46,44,122,132,57,77,113"/><V100/><F33/><W18/><G77/><T62/><D73/><U118/><E118/><V83/><F40/><W11/><G11/><T15/><D119/><U53/><E105/><V27/><F130/><W95/><G28/><T67/><D109/><U52/><E125/><V42/><F42/><W74/><G74/><T112/><D112/><U50/><E75/><V39/><F39/><W0/><G0/><T99/><D3/><U29/><REACH who="1" step="1"/><E7/><REACH who="1" ten="260,240,289,201" step="2"/><V5/><F5/><W71/><G113/><T24/><D6/><U8/><E8/><V93/><F107/><W32/><G122/><T115/><D4/><U106/><E106/><V10/><F10/><W124/><G123/><T36/><D121/><U81/><E81/><V126/><F80/><W128/><G124/><T9/><D120/><U127/><E127/><V114/><F126/><W98/><G128/><T13/><D115/><U110/><E110/><V70/><F108/><W131/><G131/><T64/><D9/><U56/><E56/><V43/><F58/><W1/><G71/><T133/><D133/><N who="3" m="51305" /><G68/><T101/><D47/><U23/><E23/><N who="2" m="13807" /><F114/><W35/><G35/><T72/><D72/><U37/><E37/><V89/><F135/><W25/><G32/><T92/><D36/><U2/><E2/><V82/><F83/><W111/><G1/><T79/><D92/><U61/><E61/><N who="2" m="40271" /><F82/><W86/><G111/><T20/><D62/><U38/><E38/><V34/><F78/><W84/><G57/><T116/><D79/><U96/><E96/><V129/><F129/><W30/><G98/><T87/><D99/><RYUUKYOKU ba="0,1" sc="260,-10,240,30,289,-10,201,-10" hai1="21,26,29,50,52,53,55,59,60,69,85,88,94" /><INIT seed="3,1,1,3,2,82" ten="250,270,279,191" oya="3" hai0="67,102,15,77,7,55,85,120,72,110,78,32,98" hai1="40,21,64,133,47,62,69,50,113,127,74,16,129" hai2="131,84,109,116,132,119,118,58,91,1,49,128,53" hai3="34,112,94,33,81,56,96,106,12,30,42,76,63"/><W9/><G112/><T100/><D120/><U14/><E113/><V79/><F1/><W87/><G106/><T97/><D32/><U101/><E74/><V121/><F121/><W10/><G42/><T122/><D72/><U95/><E133/><V61/><F132/><W125/><G125/><T52/><D110/><U126/><REACH who="1" step="1"/><E129/><REACH who="1" ten="250,260,279,191" step="2"/><N who="2" m="49739" /><F109/><W93/><G30/><T75/><D75/><U130/><E130/><V18/><F79/><W31/><G31/><T2/><D78/><U24/><E24/><V114/><F114/><W90/><G94/><T59/><D77/><U45/><E45/><V46/><F18/><W88/><G76/><T105/><D105/><U83/><E83/><N who="2" m="49567" /><F119/><W107/><G107/><T36/><D122/><U11/><E11/><V103/><F103/><W23/><G33/><T111/><D102/><U20/><E20/><V19/><F19/><N who="3" m="10727" /><G34/><T35/><D35/><U115/><E115/><V123/><F123/><W80/><G80/><T135/><D135/><U22/><E22/><V89/><F89/><W5/><G5/><T29/><D111/><U26/><E26/><V4/><F4/><W43/><G43/><AGARI ba="1,2" hai="43,46,49,53,58,61,116,118" m="49567,49739" machi="43" ten="30,2000,0" yaku="19,1,52,1" doraHai="82" who="2" fromWho="3" sc="250,0,260,0,279,43,191,-23" owari="250,-15.0,260,6.0,322,42.2,168,-33.2" /></mjloggm>