<mjloggm ver="2.3"><GO type="225" lobby="0"/><UN n0="%72%69%6F%75%63%68%61%6E" n1="%E5%AD%90%E4%BE%9B%E4%BC%9A%E5%93%A1" n2="%E6%A1%9C%E8%8A%B1%E9%96%83%E3%80%85" n3="%E3%82%A2%E3%83%A1%E3%82%A2%E3%83%A9%E3%83%AC" dan="16,17,16,16" rate="2138.58,2113.80,2210.24,2156.02" sx="M,M,M,M"/><TAIKYOKU oya="0"/><INIT seed="0,0,0,4,0,90" ten="250,250,250,250" oya="0" hai0="88,3,71,116,8,35,120,108,64,41,34,39,1" hai1="92,68,78,0,2,69,80,129,40,57,5,131,10" hai2="121,59,93,26,14,16,62,100,18,81,115,7,37" hai3="110,102,84,4,77,124,30,58,72,52,61,20,44"/><T118/><D120/><U50/><E2/><N who="0" m="521" /><D8/><U91/><E40/><V106/><F115/><W55/><G110/><T65/><D88/><U32/><E32/><N who="0" m="12329" /><D108/><U36/><E36/><V96/><F121/><W23/><G72/><T98/><D98/><N who="1" m="57631" /><E50/><V19/><F37/><W74/><G74/><T99/><D99/><U33/><E33/><V117/><F117/><N who="0" m="45162" /><D39/><U73/><E57/><V9/><F81/><W104/><G58/><T31/><D41/><U122/><E122/><V127/><F127/><W103/><G124/><T83/><D83/><U28/><E28/><V132/><F132/><W113/><G113/><T97/><D97/><U123/><E123/><V75/><F75/><W86/><G102/><T79/><D31/><U133/><E133/><V43/><F43/><W15/><G103/><T107/><D79/><U85/><E73/><V56/><F106/><W49/><G30/><T70/><D107/><U89/><E78/><V13/><F26/><W51/><G104/><T111/><D111/><U60/><E60/><V66/><REACH who="2" step="1"/><F56/><REACH who="2" ten="250,250,240,250" step="2"/><N who="3" m="32783" /><G77/><T53/><D53/><U45/><E45/><V109/><F109/><W6/><G55/><T105/><D105/><U24/><E24/><V128/><F128/><AGARI ba="0,1" hai="0,5,10,68,69,80,85,89,128,129,131" m="57631" machi="128" ten="30,2000,0" yaku="19,1,52,1" doraHai="90" who="1" fromWho="2" sc="250,0,250,30,240,-20,250,0" /><INIT seed="1,0,0,2,1,28" ten="250,280,220,250" oya="1" hai0="133,135,26,14,3,75,67,73,18,97,106,38,24" hai1="94,8,88,19,42,131,63,111,124,81,87,22,76" hai2="58,123,51,27,61,59,17,12,64,91,46,103,32" hai3="121,93,37,55,5,92,116,53,25,41,86,4,62"/><U30/><E131/><V33/><F123/><W72/><G121/><T56/><D3/><U11/><E124/><V117/><F117/><W85/><G72/><N who="0" m="27723" /><D38/><U15/><E111/><V39/><F103/><W34/><G116/><T71/><D71/><U16/><E42/><V104/><F104/><W120/><G120/><T89/><D67/><U70/><E30/><V80/><F39/><W132/><G37/><T50/><D56/><U129/><E129/><V114/><F114/><W77/><G41/><T108/><D50/><U113/><E113/><V66/><F27/><W100/><G100/><N who="0" m="62735" /><D108/><U40/><E40/><V69/><F69/><W118/><G25/><T52/><D52/><U134/><E134/><N who="0" m="51209" /><D89/><U44/><E44/><V125/><F59/><W7/><G132/><T82/><D82/><U126/><E19/><V0/><F0/><W45/><G118/><T83/><D83/><U60/><E70/><V20/><F66/><W102/><G45/><T109/><D109/><U112/><E112/><V130/><F130/><W9/><G55/><T31/><D31/><U78/><E63/><V1/><F1/><W49/><G53/><T90/><D90/><U98/><E60/><V54/><REACH who="2" step="1"/><F125/><REACH who="2" ten="250,280,210,250" step="2"/><W10/><G62/><T107/><D107/><U43/><E126/><V36/><F36/><W29/><G49/><T21/><AGARI ba="0,1" hai="14,18,21,24,26" m="51209,62735,27723" machi="21" ten="30,1100,0" yaku="20,1" doraHai="28" who="0" fromWho="0" sc="250,21,280,-5,210,-3,250,-3" /><INIT seed="2,0,0,0,1,127" ten="271,275,207,247" oya="2" hai0="42,114,18,14,9,21,6,3,20,122,117,66,88" hai1="75,78,28,71,119,101,50,74,15,34,64,52,32" hai2="115,68,25,131,104,49,85,70,116,41,96,99,13" hai3="73,69,51,81,1,128,100,53,110,54,134,86,94"/><V37/><F115/><W82/><G110/><T132/><D114/><U46/><E119/><V31/><F116/><W126/><G1/><T58/><D117/><U130/><E78/><V80/><F37/><W121/><G69/><T63/><D122/><U90/><E101/><V72/><F72/><W55/><G121/><T56/><D132/><U38/><E130/><V97/><F104/><W91/><G126/><T45/><D88/><U35/><E28/><V26/><F13/><W76/><G134/><T60/><D20/><U113/><E113/><V65/><F131/><W17/><G128/><T124/><D124/><U16/><E38/><V106/><F106/><W11/><G17/><T89/><D89/><U107/><E107/><V23/><F65/><W59/><REACH who="3" step="1"/><G11/><REACH who="3" ten="271,275,207,237" step="2"/><T95/><D3/><U83/><E16/><V40/><F26/><W10/><G10/><T12/><D95/><U36/><E71/><V102/><F102/><W0/><G0/><T77/><D77/><U24/><E35/><V84/><F70/><W135/><G135/><T33/><D33/><U47/><E34/><V93/><F68/><W22/><G22/><T43/><REACH who="0" step="1"/><D45/><REACH who="0" ten="261,275,207,237" step="2"/><U8/><E46/><N who="2" m="25799" /><F93/><W103/><G103/><T67/><AGARI ba="0,2" hai="6,9,12,14,18,21,42,43,56,58,60,63,66,67" machi="67" ten="20,8000,1" yaku="1,1,0,1,7,1,9,1,8,1,53,0" doraHai="127" doraHaiUra="92" who="0" fromWho="0" sc="261,100,275,-20,207,-40,237,-20" /><INIT seed="3,0,0,0,5,26" ten="361,255,167,217" oya="3" hai0="91,133,18,64,105,101,4,135,72,13,36,111,102" hai1="33,106,97,113,95,32,19,6,132,11,15,81,2" hai2="76,73,66,114,80,124,3,50,44,23,83,98,45" hai3="74,79,46,122,42,28,57,34,99,90,127,24,115"/><W86/><G115/><T119/><D119/><U43/><E113/><V88/><F114/><W112/><G112/><T1/><D111/><U67/><E106/><V71/><F124/><W131/><G122/><T70/><D72/><U40/><E67/><V56/><F3/><W49/><G127/><T20/><D36/><U126/><E126/><V104/><F71/><W110/><G131/><T41/><D41/><U48/><E132/><N who="0" m="50761" /><D105/><U134/><E81/><V92/><F104/><W108/><G99/><T121/><D121/><U117/><E117/><V65/><F83/><W63/><G79/><T7/><D91/><U89/><E134/><V8/><F8/><W9/><G74/><T96/><D1/><U29/><E48/><V5/><F5/><N who="0" m="2122" /><D96/><U0/><E33/><V69/><F69/><W14/><G14/><T17/><D17/><U37/><E37/><V107/><F107/><W129/><G129/><T21/><D21/><N who="1" m="11519" /><E0/><V85/><F73/><W16/><G16/><T75/><D75/><U130/><E130/><V31/><F56/><W93/><REACH who="3" step="1"/><G9/><REACH who="3" ten="361,255,167,207" step="2"/><T51/><D18/><U118/><E118/><V120/><F120/><W25/><G25/><AGARI ba="0,1" hai="2,6,11,25,29,32,40,43,89,95,97" m="11519" machi="25" ten="30,2000,0" yaku="24,1,52,1" doraHai="26" who="1" fromWho="3" sc="361,0,255,30,167,0,207,-20" owari="361,46.1,285,8.5,167,-33.3,187,-21.3" /></mjloggm>