<mjloggm ver="2.3"><GO type="225" lobby="0"/><UN n0="%E6%B8%A9%E2%98%85%E6%83%85%E2%98%85%E6%8E%AA%E2%98%85%E7%BD%AE" n1="%73%6C%69%63%6B%33%31%39" n2="%72%65%6E%6B%75%6E" n3="%E3%81%AA%E3%81%A1%30%39%32%37" dan="16,16,17,16" rate="2155.79,2085.64,2265.40,2086.72" sx="M,M,M,M"/><TAIKYOKU oya="0"/><INIT seed="0,0,0,0,4,79" ten="250,250,250,250" oya="0" hai0="130,87,82,99,116,20,132,103,68,84,134,44,81" hai1="3,71,127,114,30,16,125,17,67,19,23,24,59" hai2="15,9,10,55,112,75,70,8,26,4,37,98,36" hai3="107,133,118,106,80,110,113,34,0,76,105,93,43"/><T109/><D68/><U40/><E71/><V32/><F112/><W131/><G43/><T21/><D116/><U57/><E114/><V31/><F70/><W7/><G113/><T111/><D44/><U83/><E40/><V88/><F75/><N who="3" m="43039" /><G118/><T13/><D13/><U78/><E3/><V25/><F25/><W18/><G18/><T129/><D99/><U63/><REACH who="1" step="1"/><E59/><REACH who="1" ten="250,240,250,250" step="2"/><V74/><F74/><AGARI ba="0,1" hai="16,17,19,23,24,30,57,63,67,74,78,83,125,127" machi="74" ten="40,8000,1" yaku="1,1,2,1,52,1,54,1,53,1" doraHai="79" doraHaiUra="54" who="1" fromWho="2" sc="250,0,240,90,250,-80,250,0" /><INIT seed="1,0,0,2,4,114" ten="250,330,170,250" oya="1" hai0="117,14,81,39,24,25,31,42,116,104,109,69,121" hai1="7,68,72,0,29,13,73,2,4,41,79,111,57" hai2="27,56,22,48,38,95,132,21,59,89,130,106,40" hai3="86,64,54,92,55,71,52,19,135,119,34,97,91"/><U17/><E68/><V74/><F74/><W76/><G135/><T96/><D69/><U65/><E41/><V49/><F106/><W125/><G34/><N who="0" m="20839" /><D14/><U80/><E72/><V70/><F70/><W83/><G125/><T23/><D23/><U67/><E29/><V78/><F78/><W47/><G19/><T123/><D25/><U43/><E43/><V77/><F130/><W118/><REACH who="3" step="1"/><G47/><REACH who="3" ten="250,330,170,240" step="2"/><N who="0" m="24031" /><D109/><U8/><E111/><V36/><F132/><W62/><AGARI ba="0,1" hai="52,54,55,62,64,71,76,83,86,91,92,97,118,119" machi="62" ten="30,8000,1" yaku="1,1,0,1,52,2,54,1,53,0" doraHai="114" doraHaiUra="10" who="3" fromWho="3" sc="250,-20,330,-40,170,-20,240,90" /><INIT seed="2,0,0,2,0,119" ten="230,290,150,330" oya="2" hai0="70,123,130,75,55,129,17,105,21,90,116,5,4" hai1="97,6,57,106,38,56,94,78,132,1,67,19,124" hai2="48,44,98,125,15,31,47,22,8,29,74,127,77" hai3="63,32,91,41,12,60,58,102,76,107,33,26,36"/><V66/><F66/><W108/><G108/><T134/><D116/><U43/><E106/><V95/><F74/><W40/><G76/><T16/><D75/><U39/><E124/><N who="2" m="47691" /><F77/><W71/><G91/><T45/><D105/><U88/><E132/><V34/><F34/><W10/><G36/><T82/><D70/><U68/><E78/><V25/><F29/><N who="3" m="19511" /><G33/><T104/><D104/><U110/><E110/><V133/><F48/><W42/><G12/><T92/><D82/><U111/><E111/><V117/><F117/><W3/><G10/><T101/><D134/><U113/><E68/><V89/><F133/><W24/><G24/><T2/><D101/><U99/><E67/><V135/><F135/><W93/><G40/><T85/><D2/><U35/><E35/><V122/><F122/><W64/><G3/><T118/><D123/><U86/><E39/><V81/><F81/><W120/><G120/><T9/><D118/><U0/><E38/><V49/><F49/><W51/><G51/><N who="0" m="29167" /><D130/><U37/><E37/><V28/><F31/><W126/><G126/><T13/><D129/><U114/><E43/><V103/><F89/><W128/><G64/><T121/><D121/><U131/><E131/><V23/><F23/><W50/><G50/><T79/><D79/><U27/><E88/><V52/><F52/><W54/><G54/><T83/><D83/><U72/><E72/><V80/><F80/><W59/><G42/><T115/><D115/><U20/><E113/><V53/><F53/><W65/><G41/><T96/><D85/><U69/><E114/><V73/><F73/><RYUUKYOKU ba="0,0" sc="230,15,290,-15,150,15,330,-15" hai0="4,5,9,13,16,17,21,90,92,96" hai2="8,15,22,25,28,44,47,95,98,103" /><INIT seed="2,1,0,4,5,79" ten="245,275,165,315" oya="2" hai0="5,100,101,38,109,128,108,22,50,93,70,42,107" hai1="112,115,113,48,97,119,2,52,116,103,104,88,40" hai2="114,73,44,19,126,20,121,60,106,47,98,67,62" hai3="68,3,99,25,30,24,45,61,89,4,0,75,65"/><V105/><F73/><W82/><G45/><N who="0" m="23767" /><D107/><U57/><E2/><V129/><F114/><W43/><G43/><T59/><D70/><U28/><E28/><V72/><F121/><W31/><G89/><T110/><D128/><U132/><E132/><V51/><F129/><W53/><G53/><N who="0" m="32183" /><D5/><U13/><E40/><V118/><F72/><W95/><G4/><T125/><D125/><U71/><E71/><V92/><F126/><W117/><G117/><T131/><D131/><U21/><REACH who="1" step="1"/><E88/><REACH who="1" ten="245,265,165,315" step="2"/><V55/><F118/><W77/><G30/><T96/><D22/><U17/><AGARI ba="1,1" hai="13,17,21,48,52,57,97,103,104,112,113,115,116,119" machi="17" ten="40,8000,1" yaku="1,1,2,1,0,1,54,1,53,0" doraHai="79" doraHaiUra="130" who="1" fromWho="1" sc="245,-21,265,93,165,-41,315,-21" /><INIT seed="3,0,0,2,4,105" ten="224,358,124,294" oya="3" hai0="81,123,115,124,27,103,109,73,44,85,1,94,67" hai1="72,2,66,119,18,6,113,10,70,118,11,22,39" hai2="125,133,13,71,131,57,52,112,26,29,100,43,77" hai3="86,14,5,51,3,50,59,134,91,99,135,93,65"/><W21/><G3/><T74/><D1/><U128/><E72/><V16/><F71/><W60/><G5/><T95/><D67/><U25/><E113/><V127/><F125/><W122/><G122/><T111/><D123/><U0/><E39/><V42/><F131/><W83/><G14/><T34/><D44/><U90/><E128/><V117/><F133/><W32/><G32/><T4/><D4/><N who="1" m="1287" /><E90/><V69/><F127/><W23/><G50/><T46/><D46/><U89/><E89/><V30/><F117/><N who="1" m="44553" /><E66/><V53/><F112/><W7/><G7/><T64/><D64/><U37/><E37/><V49/><F69/><AGARI ba="0,0" hai="2,6,11,18,22,25,69,70" m="44553,1287" machi="69" ten="30,1000,0" yaku="12,1" doraHai="105" who="1" fromWho="2" sc="224,0,358,10,124,-10,294,0" owari="224,-17.6,368,46.8,114,-38.6,294,9.4" /></mjloggm>