<mjloggm ver="2.3"><GO type="225" lobby="0"/><UN n0="%E3%82%BC%E3%83%AB%E3%83%80%E3%81%AE%E4%BC%9D%E8%AA%AC" n1="%E9%BB%92%E4%BA%BA%40%E3%81%8F%E3%82%8D%E3%82%93%E3%81%A1%E3%82%85" n2="%E4%B8%89%E5%86%A0%E7%8E%8B%E3%83%BB%E5%B1%B1%E7%94%B0%E5%93%B2%E4%BA%BA" n3="%77%72%77%72%77%72%77%72" dan="16,16,17,16" rate="2108.94,2086.66,2209.22,2114.06" sx="M,M,M,M"/><TAIKYOKU oya="0"/><INIT seed="0,0,0,4,5,123" ten="250,250,250,250" oya="0" hai0="100,32,122,45,110,96,48,34,95,118,114,20,81" hai1="134,63,80,8,31,43,55,41,86,115,7,46,77" hai2="13,88,91,119,57,11,102,36,14,129,116,101,18" hai3="78,4,89,72,130,74,3,52,47,83,128,94,131"/><T40/><D122/><U23/><E134/><V50/><F36/><W127/><G127/><T56/><D114/><U15/><E115/><V125/><F125/><W108/><G108/><T71/><D118/><N who="2" m="45098" /><F129/><W49/><G74/><T121/><D121/><U79/><E79/><V42/><F14/><W132/><G132/><T106/><D71/><U98/><E98/><V93/><F91/><W61/><G61/><T75/><D110/><U112/><E112/><V54/><F42/><W109/><G109/><T17/><D106/><U64/><E55/><V28/><F28/><W104/><G104/><T126/><D126/><U1/><E46/><V97/><AGARI ba="0,0" hai="11,13,18,50,54,57,88,93,97,101,102" m="45098" machi="97" ten="30,2000,0" yaku="12,1,54,1" doraHai="123" who="2" fromWho="2" sc="250,-10,250,-5,250,20,250,-5" /><INIT seed="1,0,0,0,5,100" ten="240,245,270,245" oya="1" hai0="134,113,10,50,108,13,61,128,6,36,86,124,65" hai1="125,101,31,67,104,72,56,5,15,12,114,41,4" hai2="62,69,43,78,35,79,97,71,34,111,83,89,127" hai3="32,9,48,106,51,76,25,96,37,54,2,3,92"/><U132/><E114/><V40/><F111/><W135/><G37/><T115/><D36/><U26/><E72/><V133/><F97/><W121/><G121/><T93/><D108/><U59/><E125/><V21/><F21/><W129/><G129/><T77/><D128/><U98/><E41/><V11/><F11/><W74/><G135/><T38/><D38/><U81/><E81/><V18/><F18/><W28/><G106/><T66/><D134/><U42/><E42/><V24/><F24/><W60/><G74/><T14/><D124/><U17/><E12/><V88/><F127/><W20/><G76/><T57/><D65/><U44/><E44/><V55/><F133/><W84/><G84/><T1/><D50/><U52/><E67/><V7/><F7/><W95/><G32/><T63/><D63/><U94/><E59/><V120/><F62/><W8/><G92/><T70/><D70/><U107/><E132/><V130/><F130/><W22/><G22/><T105/><D105/><U99/><E4/><V119/><F119/><W68/><G68/><T53/><D66/><U85/><E85/><V73/><F55/><W0/><G60/><T30/><D30/><U123/><E5/><V117/><F73/><W47/><REACH who="3" step="1"/><G51/><REACH who="3" ten="240,245,270,235" step="2"/><T58/><D113/><U110/><E123/><V19/><F120/><W33/><G33/><T126/><D115/><U112/><E112/><V80/><F117/><W90/><AGARI ba="0,1" hai="0,2,3,8,9,20,25,28,47,48,54,90,95,96" machi="90" ten="30,2000,0" yaku="1,1,0,1,53,0" doraHai="100" doraHaiUra="131" who="3" fromWho="3" sc="240,-5,245,-10,270,-5,235,30" /><INIT seed="2,0,0,5,1,93" ten="235,235,265,265" oya="2" hai0="90,130,78,115,30,3,89,97,108,32,81,69,35" hai1="47,25,7,109,122,100,55,123,112,23,49,62,77" hai2="103,68,88,101,96,39,9,24,11,116,15,50,79" hai3="135,133,125,12,56,66,46,107,28,61,128,87,41"/><V26/><F39/><W119/><G119/><T84/><D115/><U134/><E112/><V104/><F68/><W43/><G107/><T114/><D114/><U5/><E109/><V126/><F116/><W76/><G28/><T94/><D108/><U60/><E134/><N who="3" m="51210" /><G128/><T27/><D130/><U2/><E77/><V0/><F79/><W48/><G125/><T42/><D69/><U37/><E37/><V71/><F71/><W8/><G87/><T106/><D3/><U44/><E44/><V118/><F126/><W70/><G76/><T65/><D65/><U121/><E100/><V4/><F118/><W95/><G95/><T29/><D42/><U105/><E105/><V111/><F111/><W34/><G34/><T86/><D106/><U40/><E2/><V91/><F103/><W16/><G56/><T54/><D54/><AGARI ba="0,0" hai="8,12,16,41,43,46,48,54,61,66,70" m="51210" machi="54" ten="30,2000,0" yaku="20,1,54,1" doraHai="93" who="3" fromWho="0" sc="235,-20,235,0,265,0,265,20" /><INIT seed="3,0,0,3,2,61" ten="215,235,265,285" oya="3" hai0="78,120,27,76,24,50,22,115,64,97,58,36,41" hai1="108,129,56,5,47,86,123,89,72,66,119,62,69" hai2="13,55,135,38,117,83,99,124,0,127,122,104,9" hai3="94,128,70,12,2,53,31,90,132,73,11,60,20"/><W65/><G73/><T133/><D120/><U49/><E123/><V121/><F117/><W59/><G2/><T107/><D133/><U4/><E119/><V77/><F38/><W112/><G112/><T21/><D115/><U71/><E72/><N who="2" m="43431" /><F135/><W79/><G128/><T37/><D107/><U45/><E108/><V130/><F55/><W43/><G43/><T93/><D37/><U134/><E134/><V18/><F0/><W125/><G125/><N who="2" m="48201" /><F130/><W75/><G75/><T118/><D118/><U35/><E35/><V85/><F85/><W81/><G132/><T17/><D36/><U109/><E109/><V114/><F114/><W111/><G111/><T30/><D41/><U96/><E96/><V23/><F23/><W106/><G106/><T105/><D105/><U110/><E110/><V100/><AGARI ba="0,0" hai="9,13,18,99,100,104,121,122" m="48201,43431" machi="100" ten="30,1100,0" yaku="18,1" doraHai="61" who="2" fromWho="2" sc="215,-3,235,-3,265,11,285,-5" /><INIT seed="4,0,0,3,5,85" ten="212,232,276,280" oya="0" hai0="103,114,0,124,133,118,76,12,30,50,82,99,21" hai1="5,74,128,70,134,20,102,60,111,18,83,123,35" hai2="31,65,59,67,95,107,33,34,46,112,63,40,84" hai3="58,117,66,88,48,104,121,41,132,100,69,28,71"/><T19/><D118/><U109/><E35/><V127/><F107/><W72/><G117/><T54/><D114/><U6/><E123/><V106/><F106/><W92/><G72/><T27/><D124/><U97/><E134/><V14/><F112/><W79/><G79/><T2/><D133/><U29/><E29/><V1/><F1/><W131/><G132/><T8/><D99/><U125/><E125/><V16/><F67/><W105/><G121/><T86/><REACH who="0" step="1"/><D103/><REACH who="0" ten="202,232,276,280" step="2"/><U39/><E97/><V52/><F127/><W96/><G100/><T122/><D122/><U130/><E102/><V24/><F34/><W80/><G96/><T115/><D115/><U68/><E111/><V113/><F113/><W51/><G131/><T126/><D126/><U135/><E109/><V15/><F33/><W11/><G105/><T116/><D116/><U73/><E135/><V94/><F14/><W61/><G104/><T32/><D32/><U10/><E130/><V49/><F15/><W108/><G108/><T7/><D7/><U110/><E6/><V3/><F3/><W37/><G71/><T98/><D98/><U75/><E70/><V81/><F24/><W17/><G69/><T129/><D129/><U4/><E128/><V56/><F31/><W9/><G28/><T13/><D13/><U45/><E4/><V38/><F16/><W91/><G17/><T57/><AGARI ba="0,1" hai="0,2,8,12,19,21,27,30,50,54,57,76,82,86" machi="57" ten="20,7800,0" yaku="1,1,0,1,7,1,53,1" doraHai="85" doraHaiUra="78" who="0" fromWho="0" sc="202,88,232,-26,276,-26,280,-26" /><INIT seed="4,1,0,0,1,36" ten="290,206,250,254" oya="0" hai0="7,19,74,3,86,1,115,59,127,70,10,27,117" hai1="118,126,54,64,100,35,104,50,41,58,15,57,90" hai2="5,9,122,81,25,69,128,92,78,4,124,82,108" hai3="13,26,95,53,60,42,28,103,49,61,131,109,71"/><T113/><D74/><U93/><E118/><V102/><F69/><W37/><G109/><T52/><D117/><U34/><E126/><V39/><F108/><W63/><G131/><T46/><D70/><U67/><E104/><V135/><F128/><W96/><G71/><T68/><D68/><U91/><E100/><V29/><F124/><W88/><G13/><T134/><D127/><U85/><E41/><V116/><F116/><W30/><G37/><T66/><D134/><U80/><E34/><V114/><F122/><W40/><G103/><T0/><D46/><U79/><E35/><V111/><F111/><W89/><G89/><T110/><D66/><U48/><E15/><V83/><F114/><N who="0" m="43530" /><D86/><U18/><E18/><V17/><F17/><W77/><G77/><T87/><D87/><N who="1" m="52447" /><E79/><V11/><F135/><W56/><G28/><T2/><D110/><U16/><E16/><V125/><F125/><W76/><G76/><T119/><D119/><U73/><E73/><V97/><F78/><W47/><G47/><T112/><D112/><U130/><E130/><V20/><F39/><W99/><G99/><T123/><D123/><U24/><E24/><V132/><REACH who="2" step="1"/><F132/><REACH who="2" ten="290,206,240,254" step="2"/><W65/><G65/><T31/><D19/><U133/><E133/><V12/><F12/><W22/><AGARI ba="1,1" hai="22,26,30,40,42,49,53,56,60,61,63,88,95,96" machi="22" ten="30,8000,1" yaku="0,1,8,1,52,2,54,1" doraHai="36" who="3" fromWho="3" sc="290,-41,206,-21,240,-21,254,93" owari="249,4.9,185,-31.5,219,-18.1,347,44.7" /></mjloggm>