<mjloggm ver="2.3"><GO type="225" lobby="0"/><UN n0="%E3%81%BD%E3%81%A1%E3%81%9F%E3%81%93%E3%82%84" n1="%E4%B8%89%E5%88%86%E5%B0%8F%E5%83%A7" n2="%E3%81%99%E3%81%84%E3%81%BE%E3%81%9B%E3%83%BC%E3%82%93" n3="%6D%75%75%73%61%6E%6D%75" dan="17,16,18,17" rate="2169.78,2096.49,2210.63,2164.72" sx="M,M,M,F"/><TAIKYOKU oya="0"/><INIT seed="0,0,0,2,3,40" ten="250,250,250,250" oya="0" hai0="58,94,50,26,125,113,22,44,64,86,31,84,110" hai1="104,130,95,55,134,28,54,114,69,39,126,89,56" hai2="98,88,6,60,33,82,112,78,72,127,0,99,8" hai3="68,75,2,17,3,29,27,71,32,122,109,96,38"/><T25/><D113/><U63/><E104/><V83/><F112/><W23/><G109/><T79/><D125/><U49/><E126/><V34/><F127/><W14/><G75/><T43/><D110/><U18/><E114/><V62/><F98/><W76/><G76/><T90/><D26/><U92/><E39/><V123/><F123/><W65/><G122/><T53/><D64/><U5/><E130/><V133/><F133/><W85/><G85/><T111/><D111/><U73/><E73/><V107/><F107/><W4/><G96/><T74/><D74/><U21/><E134/><V7/><F7/><W106/><G106/><T42/><REACH who="0" step="1"/><D58/><REACH who="0" ten="240,250,250,250" step="2"/><U12/><E69/><V100/><F72/><W47/><G65/><T66/><D66/><U11/><E28/><V24/><F24/><W93/><G68/><T87/><D87/><U77/><E77/><V36/><F78/><W45/><G71/><T70/><D70/><U67/><E67/><V102/><F99/><W103/><G29/><T115/><D115/><U15/><REACH who="1" step="1"/><E89/><REACH who="1" ten="240,240,250,250" step="2"/><V80/><F88/><W132/><G132/><T13/><D13/><U1/><E1/><V101/><F0/><W57/><G3/><T121/><D121/><U119/><E119/><V97/><F102/><W105/><G2/><T51/><D51/><U129/><E129/><V59/><F101/><W91/><G103/><T16/><D16/><U116/><E116/><V19/><F100/><W118/><G17/><T48/><D48/><U120/><E120/><V61/><F19/><W124/><G14/><T41/><D41/><U108/><E108/><RYUUKYOKU ba="0,2" sc="240,15,240,15,250,-15,250,-15" hai0="22,25,31,42,43,44,50,53,79,84,86,90,94" hai1="5,11,12,15,18,21,49,54,55,56,63,92,95" /><INIT seed="0,1,2,4,4,119" ten="255,255,235,235" oya="0" hai0="29,20,40,36,58,112,10,28,42,131,7,65,108" hai1="117,1,125,105,56,45,0,102,85,127,47,3,12" hai2="98,128,48,22,79,62,113,6,101,78,38,52,25" hai3="110,120,69,59,33,97,77,92,44,37,121,39,34"/><T63/><D112/><U94/><E117/><V115/><F38/><N who="3" m="14347" /><G69/><T87/><D131/><U23/><E105/><V49/><F128/><W8/><G44/><T24/><D36/><U55/><E23/><V73/><F6/><W88/><G77/><T132/><D132/><U135/><E135/><V51/><F73/><W107/><G107/><T84/><D29/><U80/><E12/><V11/><F11/><W9/><G59/><T74/><D74/><U93/><E102/><V14/><F14/><W95/><G95/><T41/><REACH who="0" step="1"/><D108/><REACH who="0" ten="245,255,235,235" step="2"/><U91/><E125/><V21/><F115/><W46/><G110/><T43/><N who="0" m="10240" /><DORA hai="114" /><T129/><D129/><U90/><E127/><V50/><F113/><W75/><G75/><T130/><D130/><U5/><E5/><V54/><N who="2" m="12288" /><DORA hai="66" /><V123/><F123/><N who="3" m="47179" /><G46/><T111/><D111/><U32/><E47/><V126/><F126/><W124/><G124/><T19/><D19/><U61/><E45/><V76/><F54/><W13/><G9/><T99/><D99/><U68/><E55/><V83/><F52/><W18/><AGARI ba="1,3" hai="8,13,18,33,34,88,92,97" m="47179,14347" machi="18" ten="30,8000,1" yaku="13,1,52,3,54,1" doraHai="119,114,66" who="3" fromWho="3" sc="245,-41,255,-21,235,-21,235,113" /><INIT seed="1,0,0,2,1,40" ten="204,234,214,348" oya="1" hai0="121,101,16,35,78,26,56,108,52,17,99,89,113" hai1="36,124,62,0,5,21,39,93,102,77,29,96,1" hai2="48,25,86,49,98,20,106,67,109,33,51,13,22" hai3="6,65,50,130,83,110,115,38,30,46,3,28,41"/><U7/><E124/><V84/><F109/><W31/><G110/><T69/><D69/><U90/><E77/><V43/><F67/><W134/><G115/><T92/><D113/><U19/><E29/><V112/><F112/><W54/><G130/><T128/><D108/><U14/><E1/><V61/><F61/><W23/><G134/><T15/><D128/><U58/><E102/><V70/><F70/><W100/><G65/><T82/><D121/><U94/><E94/><V73/><F73/><W55/><G100/><T87/><D35/><U80/><E80/><V2/><F2/><W34/><G34/><T66/><D66/><U105/><E105/><V135/><F135/><W118/><G118/><T85/><D26/><U95/><E95/><V60/><F60/><W79/><G38/><T9/><D17/><U57/><E57/><V103/><F33/><W18/><G6/><T131/><D131/><U88/><E90/><V71/><F71/><W122/><G3/><T120/><D120/><U32/><E32/><V12/><F43/><W59/><G59/><T24/><D24/><U133/><E133/><V75/><F75/><W116/><G122/><T45/><D45/><U11/><REACH who="1" step="1"/><E7/><REACH who="1" ten="204,224,214,348" step="2"/><V64/><F106/><W114/><G114/><T126/><D126/><U111/><E111/><V107/><F107/><W53/><G83/><T10/><D78/><U81/><E81/><V47/><F103/><W125/><G125/><T72/><D82/><U42/><E42/><V129/><F129/><W119/><G79/><T27/><D101/><U8/><E8/><V76/><F76/><RYUUKYOKU ba="0,1" sc="204,-15,224,15,214,-15,348,15" hai1="0,5,11,14,19,21,36,39,58,62,88,93,96" hai3="18,23,28,30,31,41,46,50,53,54,55,116,119" /><INIT seed="1,1,1,0,0,97" ten="189,239,199,363" oya="1" hai0="133,41,114,26,32,101,81,15,111,61,93,79,28" hai1="38,34,99,129,128,108,62,85,36,63,0,27,103" hai2="67,45,107,94,43,92,118,37,14,52,102,24,69" hai3="131,8,78,110,72,98,65,23,90,10,1,125,84"/><U31/><E0/><V5/><F118/><W113/><G113/><T96/><D114/><U109/><E85/><V50/><F24/><W60/><G110/><N who="1" m="42602" /><E63/><N who="2" m="40191" /><F5/><W123/><G60/><T49/><D111/><U116/><E62/><V18/><F18/><W53/><G125/><T130/><D130/><N who="1" m="50283" /><E116/><V83/><F14/><W87/><G87/><T91/><D133/><U135/><E135/><V74/><F83/><W3/><G84/><T66/><D81/><U121/><E121/><V86/><F86/><W22/><G65/><T16/><D79/><U71/><E71/><V117/><F74/><W64/><G78/><T13/><D91/><U30/><E30/><V20/><F117/><W89/><G72/><T17/><D13/><U12/><E12/><V55/><F20/><W82/><G131/><T40/><D49/><U7/><E7/><V70/><F70/><W104/><G82/><T73/><D73/><U21/><E21/><V35/><F35/><W56/><G22/><T75/><D75/><U105/><AGARI ba="1,1" hai="27,31,34,36,38,99,103,105" m="50283,42602" machi="105" ten="30,12000,1" yaku="14,1,10,1,19,1,23,1,52,1" doraHai="97" who="1" fromWho="1" sc="189,-41,239,133,199,-41,363,-41" /><INIT seed="1,2,0,0,2,87" ten="148,372,158,322" oya="1" hai0="20,89,116,128,118,35,96,83,72,73,119,95,123" hai1="112,38,124,50,130,103,47,106,36,15,39,54,1" hai2="12,131,16,58,65,109,74,63,81,129,69,61,21" hai3="29,91,46,27,135,45,9,48,133,66,120,107,0"/><U99/><E1/><V18/><F109/><W3/><G120/><T5/><D35/><U114/><E124/><V19/><F74/><N who="0" m="28778" /><D20/><U31/><E130/><N who="2" m="49675" /><F81/><W10/><G107/><T49/><D49/><U127/><E127/><V23/><F12/><W71/><G66/><AGARI ba="2,0" hai="16,18,19,21,23,58,61,63,65,66,69" m="49675" machi="66" ten="30,2000,0" yaku="19,1,54,1" doraHai="87" who="2" fromWho="3" sc="148,0,372,0,158,26,322,-26" /><INIT seed="2,0,0,1,0,97" ten="148,372,184,296" oya="2" hai0="93,48,40,75,52,82,89,133,31,4,92,85,23" hai1="112,50,113,109,81,9,135,88,94,3,8,18,0" hai2="130,2,13,34,87,28,114,53,45,32,44,111,118" hai3="95,63,74,90,101,84,119,78,70,104,115,27,117"/><V15/><F114/><W33/><G115/><T41/><D133/><U86/><E109/><V121/><F2/><W24/><G74/><T56/><D4/><U123/><E135/><V61/><F118/><W66/><G78/><T35/><D35/><U96/><E123/><V107/><F121/><W37/><G37/><T80/><D75/><U100/><E50/><V1/><F1/><W77/><G77/><T26/><REACH who="0" step="1"/><D93/><REACH who="0" ten="138,372,184,296" step="2"/><U38/><E113/><V120/><F34/><W110/><G33/><T99/><D99/><U71/><E112/><V108/><F32/><W60/><G117/><T128/><D128/><U16/><E96/><V17/><F130/><W68/><G119/><T59/><D59/><U6/><E94/><V21/><F120/><W73/><G73/><T76/><D76/><U79/><E79/><V91/><F111/><W51/><G95/><T124/><D124/><U11/><E71/><V126/><F126/><W29/><G70/><T46/><D46/><U47/><E47/><V54/><F108/><W25/><G68/><T106/><D106/><U14/><E6/><V127/><F107/><W98/><G110/><T43/><AGARI ba="0,1" hai="23,26,31,40,41,43,48,52,56,80,82,85,89,92" machi="43" ten="30,7900,0" yaku="1,1,0,1,8,1,54,1,53,0" doraHai="97" doraHaiUra="10" who="0" fromWho="0" sc="138,89,372,-20,184,-39,296,-20" /><INIT seed="3,0,0,1,4,125" ten="227,352,145,276" oya="3" hai0="87,112,72,41,104,105,31,5,14,27,26,80,93" hai1="11,130,58,106,25,22,65,2,123,46,62,18,60" hai2="54,64,57,24,77,61,50,40,74,44,92,66,20" hai3="6,70,99,103,73,0,53,1,88,81,42,84,34"/><W68/><G34/><T29/><D72/><U71/><E130/><V23/><F74/><W86/><G73/><T39/><D39/><U96/><E123/><V113/><F113/><W33/><G33/><T98/><D41/><U7/><E46/><V133/><F133/><W16/><G42/><T91/><D112/><U109/><E109/><V51/><F77/><W120/><G120/><T55/><D104/><U67/><E96/><V135/><F135/><W95/><G53/><T101/><D105/><U45/><E45/><V89/><F51/><W79/><G6/><T59/><D5/><U121/><E106/><V10/><F10/><W82/><REACH who="3" step="1"/><G16/><REACH who="3" ten="227,352,145,266" step="2"/><T102/><D14/><U43/><E43/><V38/><F38/><W36/><G36/><T8/><D8/><U122/><AGARI ba="0,1" hai="2,7,11,18,22,25,58,60,62,65,67,71,121,122" machi="122" ten="30,1100,0" yaku="0,1" doraHai="125" who="1" fromWho="1" sc="227,-3,352,21,145,-3,266,-5" owari="224,-17.6,373,47.3,142,-35.8,261,6.1" /></mjloggm>