<mjloggm ver="2.3"><GO type="225" lobby="0"/><UN n0="%E3%81%8C%E3%81%9F" n1="%6D%61%74%69%67%75%73%61" n2="%48%61%61%61%6C%61%6E%64" n3="%E3%83%97%E3%83%92" dan="17,17,18,17" rate="2163.67,2195.73,2278.01,2161.66" sx="F,M,M,M"/><TAIKYOKU oya="0"/><INIT seed="0,0,0,1,5,16" ten="250,250,250,250" oya="0" hai0="108,121,35,92,57,67,18,47,30,118,128,63,135" hai1="72,37,131,41,17,132,84,79,12,73,50,21,25" hai2="88,43,8,87,91,32,99,97,134,13,71,119,111" hai3="122,39,58,54,113,80,110,81,53,3,49,104,123"/><T29/><D118/><U14/><E37/><V44/><F119/><W94/><G104/><T20/><D121/><N who="3" m="46089" /><G39/><T89/><D128/><U4/><E132/><V129/><F134/><W42/><G113/><T1/><D1/><U112/><E131/><V105/><F129/><W76/><G3/><T75/><D75/><U116/><E116/><V120/><F120/><W48/><G42/><T15/><D135/><U124/><E124/><V98/><F32/><W133/><G133/><T9/><D35/><U68/><E68/><V69/><F105/><W101/><G110/><T6/><D47/><N who="1" m="25967" /><E112/><V59/><F59/><N who="3" m="33191" /><G76/><T65/><D65/><U22/><E73/><V52/><F111/><W126/><G126/><T70/><D70/><U31/><E72/><V96/><N who="2" m="24576" /><DORA hai="114" /><V60/><F60/><W55/><G101/><T82/><D108/><U33/><E33/><V93/><F91/><W46/><G94/><T0/><REACH who="0" step="1"/><D82/><REACH who="0" ten="240,250,250,250" step="2"/><N who="1" m="47199" /><E4/><V27/><F69/><W56/><G46/><T28/><D28/><U74/><E74/><V130/><F71/><W78/><G78/><T62/><D62/><AGARI ba="0,1" hai="49,54,55,56,58,62,80,81" m="33191,46089" machi="62" ten="30,1000,0" yaku="13,1" doraHai="16,114" who="3" fromWho="0" sc="240,-10,250,0,250,0,250,20" /><INIT seed="1,0,0,3,5,17" ten="230,250,250,270" oya="1" hai0="41,66,59,123,7,64,96,62,38,22,120,100,3" hai1="29,95,56,43,52,8,53,25,94,126,68,82,83" hai2="13,63,110,50,39,93,135,36,2,102,111,33,88" hai3="121,119,101,57,91,51,34,114,0,134,40,35,70"/><U109/><E68/><V129/><F2/><W45/><G121/><N who="0" m="46667" /><D7/><U75/><E43/><V76/><F33/><W97/><G114/><T27/><D3/><U108/><E8/><V28/><F28/><W112/><G112/><T128/><D128/><U61/><E126/><V99/><F129/><W86/><G70/><T105/><D41/><U132/><E132/><V85/><F76/><W31/><G134/><T81/><D81/><N who="1" m="30731" /><E53/><V78/><F78/><W115/><G115/><T60/><D38/><U1/><E1/><V42/><F135/><W44/><G0/><T127/><D127/><U125/><E75/><V113/><F113/><W18/><G119/><T89/><D89/><U133/><E133/><V103/><F39/><W90/><G91/><T124/><D124/><U77/><E77/><V98/><F36/><W16/><G90/><T69/><D69/><U104/><E104/><V92/><F88/><W58/><G86/><T54/><D60/><U20/><E125/><V32/><F85/><W130/><G130/><T117/><D117/><U19/><E19/><AGARI ba="0,0" hai="19,22,27,54,59,62,64,66,96,100,105" m="46667" machi="19" ten="30,2000,0" yaku="13,1,52,1" doraHai="17" who="0" fromWho="1" sc="230,20,250,-20,250,0,270,0" /><INIT seed="2,0,0,0,3,69" ten="250,230,250,270" oya="2" hai0="48,130,119,115,67,23,126,41,95,47,74,20,97" hai1="134,50,46,127,72,31,33,6,19,106,80,38,113" hai2="124,85,73,32,93,57,1,108,12,100,94,30,96" hai3="78,81,107,44,53,121,122,39,123,109,83,77,87"/><V86/><F1/><W70/><G109/><T63/><D115/><U101/><E113/><V89/><F73/><W112/><G112/><T42/><D74/><U4/><E33/><V14/><F108/><W18/><G107/><T16/><D130/><U13/><E31/><V29/><F124/><W60/><G18/><T79/><D126/><U2/><E127/><V37/><F37/><W59/><G70/><T62/><D79/><U36/><E2/><V131/><F131/><W9/><G9/><T117/><D20/><U3/><E3/><V82/><F57/><W64/><G39/><T7/><D7/><U65/><E65/><V8/><F32/><W135/><G135/><T68/><D63/><U34/><E34/><V10/><F10/><W90/><G44/><T76/><D76/><U66/><E66/><V61/><F61/><W5/><G5/><T129/><D42/><U22/><E134/><V111/><F111/><W24/><G24/><T51/><D51/><U15/><E80/><V133/><F133/><W125/><G125/><T120/><D120/><U88/><E72/><V118/><F118/><W45/><G81/><T27/><REACH who="0" step="1"/><D129/><REACH who="0" ten="240,230,250,270" step="2"/><U52/><E36/><V91/><REACH who="2" step="1"/><F14/><REACH who="2" ten="240,230,240,270" step="2"/><W28/><G121/><T17/><D17/><AGARI ba="0,2" hai="8,12,17,29,30,82,85,86,89,91,93,94,96,100" machi="17" ten="30,12000,1" yaku="1,1,2,1,7,1,8,1,53,1" doraHai="69" doraHaiUra="99" who="2" fromWho="0" sc="240,-120,230,0,240,140,270,0" /><INIT seed="2,1,0,2,2,93" ten="120,230,380,270" oya="2" hai0="107,100,128,41,43,135,11,82,97,98,75,99,22" hai1="122,51,129,94,60,45,53,101,17,110,73,67,105" hai2="48,4,68,96,56,91,81,64,121,23,76,95,12" hai3="1,30,57,3,85,39,54,15,18,27,55,113,31"/><V89/><F121/><W37/><G113/><T130/><D11/><U32/><E73/><V134/><F134/><W72/><G72/><T9/><D135/><U46/><E110/><V90/><F68/><W104/><G104/><T119/><D119/><U77/><E129/><N who="0" m="49769" /><D22/><U50/><E105/><V63/><F48/><W66/><G66/><T125/><D125/><U126/><E32/><V115/><F115/><W49/><G55/><T29/><D29/><U16/><E77/><V123/><F123/><W24/><G1/><T25/><D25/><U79/><E79/><V28/><F4/><W36/><G3/><T0/><D82/><U65/><E126/><V40/><F40/><N who="0" m="15434" /><D75/><U103/><E122/><V58/><F58/><W86/><G24/><T71/><D71/><U109/><E109/><V127/><F127/><W19/><G30/><T10/><D10/><U87/><E17/><N who="2" m="10663" /><F28/><W132/><G19/><T83/><D83/><U102/><E16/><V114/><F114/><W124/><G132/><T61/><D61/><U13/><E60/><V52/><F76/><W120/><G124/><T33/><D33/><U74/><E74/><V118/><F118/><W62/><G120/><T5/><AGARI ba="1,0" hai="0,5,9,97,98,99,100,107" m="15434,49769" machi="5" ten="30,7900,0" yaku="19,1,52,3" doraHai="93" who="0" fromWho="0" sc="120,82,230,-21,380,-40,270,-21" /><INIT seed="3,0,0,2,3,48" ten="202,209,340,249" oya="3" hai0="27,77,71,125,56,128,120,28,41,121,37,93,131" hai1="76,122,11,114,38,123,8,35,54,23,117,51,78" hai2="61,17,115,10,94,119,127,89,13,87,24,79,90" hai3="31,34,88,107,109,60,5,1,100,113,129,7,82"/><W46/><G113/><T32/><D71/><U9/><E114/><V106/><F115/><W80/><G129/><N who="0" m="49739" /><D125/><U44/><E35/><V47/><F119/><W19/><G109/><T91/><D77/><U134/><E134/><V52/><F106/><W14/><G107/><T81/><D81/><U75/><E117/><V72/><F72/><W105/><G105/><T69/><D69/><U3/><E3/><V6/><F127/><W116/><G100/><T22/><D32/><U50/><E38/><V108/><F108/><W63/><G1/><T84/><D56/><N who="1" m="32855" /><E75/><V68/><F79/><N who="1" m="30249" /><E123/><V30/><F68/><W49/><G31/><T70/><D70/><U132/><E122/><V73/><F73/><W4/><G34/><T112/><D112/><U0/><E0/><V21/><F90/><W99/><G116/><T62/><D62/><U15/><E132/><V42/><F61/><W103/><G60/><T85/><D85/><U40/><E23/><V12/><F21/><N who="3" m="11511" /><G63/><T83/><D83/><U57/><E57/><V59/><F59/><W36/><G36/><T53/><D53/><U101/><E101/><V135/><F135/><W58/><G103/><T20/><D20/><U67/><E67/><V104/><F104/><W65/><G58/><T29/><D29/><U110/><E110/><V92/><F30/><W124/><G65/><T64/><D64/><U102/><E102/><V66/><F66/><W86/><G124/><T118/><D118/><U111/><E111/><V133/><F133/><W18/><G86/><T55/><D55/><U126/><E126/><V95/><F52/><RYUUKYOKU ba="0,0" sc="202,15,209,15,340,-15,249,-15" hai0="22,27,28,37,41,84,91,93,120,121" hai1="8,9,11,15,40,44,51" owari="217,-28.3,224,-17.6,325,42.5,234,3.4" /></mjloggm>