<mjloggm ver="2.3"><GO type="225" lobby="0"/><UN n0="%6D%75%75%6D%75%72%61" n1="%E3%81%A1%E3%82%85%E3%81%86%E3%81%A9%E3%81%8F%E8%B1%A1%E3%81%95%E3%82%93" n2="%E9%80%9F%E6%B0%B4%E5%87%9B%E9%A6%99" n3="%43%68%65" dan="17,17,16,16" rate="2222.93,2192.50,2156.11,2062.56" sx="F,M,F,M"/><TAIKYOKU oya="0"/><INIT seed="0,0,0,3,5,15" ten="250,250,250,250" oya="0" hai0="34,30,78,16,93,29,7,27,8,11,97,37,45" hai1="59,122,14,55,19,60,72,58,135,107,43,40,134" hai2="68,67,115,1,113,74,28,84,95,94,51,85,109" hai3="65,38,22,63,42,80,24,9,70,56,123,112,62"/><T105/><D105/><U111/><E122/><V125/><F1/><W4/><G112/><T3/><D78/><U64/><E107/><V53/><F28/><W88/><G123/><T90/><D30/><U76/><E111/><V100/><F74/><W116/><G116/><T75/><D75/><U61/><E76/><V33/><F33/><W49/><G38/><T114/><D114/><U121/><E72/><V103/><F109/><W129/><G129/><T127/><D127/><U131/><E131/><V110/><F110/><W102/><G102/><T81/><D81/><U124/><E124/><V77/><F125/><W21/><G21/><T82/><D82/><U66/><E121/><V0/><F0/><W86/><G63/><T83/><D83/><U17/><E14/><V57/><F77/><W12/><G42/><T128/><D128/><U73/><E73/><V91/><F115/><W133/><G133/><N who="1" m="50698" /><E55/><V48/><F113/><W99/><G99/><T10/><D3/><U31/><E31/><V23/><F67/><W89/><G89/><T36/><D7/><U54/><E54/><V5/><F5/><W35/><G35/><T126/><D126/><U44/><E43/><V92/><F68/><W26/><G70/><T96/><D96/><U71/><E71/><V52/><F23/><W130/><G130/><T87/><D97/><U79/><E79/><V119/><F119/><W117/><G117/><T101/><D101/><N who="2" m="38986" /><F91/><W118/><G118/><T106/><D106/><U41/><E41/><V13/><F13/><W98/><G98/><T20/><D45/><AGARI ba="0,0" hai="45,48,51,52,53,57,84,85,92,94,95" m="38986" machi="45" ten="30,2000,0" yaku="8,1,54,1" doraHai="15" who="2" fromWho="0" sc="250,-20,250,0,250,20,250,0" /><INIT seed="1,0,0,0,4,10" ten="230,250,270,250" oya="1" hai0="4,72,101,35,128,96,46,74,109,8,50,30,84" hai1="102,15,76,126,117,14,127,77,12,92,65,43,29" hai2="115,123,88,113,110,87,122,54,2,104,34,91,100" hai3="44,39,58,36,82,32,133,118,61,60,134,120,52"/><U23/><E117/><V28/><F28/><W111/><G32/><T17/><D109/><U70/><E43/><V83/><F2/><W27/><G120/><N who="2" m="46121" /><F54/><W7/><G111/><T18/><D128/><U71/><E102/><V79/><F34/><W69/><G27/><T31/><D84/><U48/><E48/><V99/><F110/><W41/><G82/><T9/><D50/><U103/><E29/><V63/><F63/><W57/><G7/><T121/><D101/><U47/><E47/><V107/><F107/><W38/><G69/><N who="1" m="26122" /><E23/><V106/><F106/><W114/><G114/><AGARI ba="0,0" hai="79,83,87,88,91,99,100,104,113,114,115" m="46121" machi="114" ten="30,7700,0" yaku="11,1,34,2,54,1" doraHai="10" who="2" fromWho="3" sc="230,0,250,0,270,77,250,-77" /><INIT seed="2,0,0,4,1,100" ten="230,250,347,173" oya="2" hai0="28,56,124,129,133,123,58,17,10,41,81,87,46" hai1="126,134,117,31,90,101,3,69,78,15,2,113,61" hai2="97,36,30,65,71,83,66,121,132,70,115,128,92" hai3="9,104,18,89,127,82,40,51,120,39,12,62,135"/><V73/><F115/><W45/><G120/><T99/><D123/><U59/><E69/><V29/><F36/><W63/><G127/><T93/><D124/><U49/><E31/><V57/><F121/><W13/><G135/><T22/><D133/><U85/><E78/><V55/><F132/><W74/><G39/><T116/><D129/><U53/><E15/><V98/><F83/><W108/><G108/><T47/><D28/><U130/><E101/><V107/><F73/><W114/><G114/><T131/><D10/><U112/><E117/><V48/><F128/><W110/><G110/><T4/><D4/><U34/><E34/><V27/><F29/><W84/><G74/><T86/><D116/><U1/><E134/><V76/><F76/><W79/><G104/><T43/><D131/><U7/><E130/><V106/><F70/><W91/><G13/><N who="0" m="9519" /><D47/><U23/><E126/><V38/><F38/><W54/><G40/><N who="0" m="15435" /><D46/><U75/><E75/><V16/><F98/><W50/><G50/><T80/><D80/><N who="1" m="49447" /><E49/><V37/><F37/><W25/><REACH who="3" step="1"/><G25/><REACH who="3" ten="230,250,347,163" step="2"/><T20/><D20/><U60/><E23/><N who="2" m="13799" /><F107/><W102/><G102/><N who="0" m="60783" /><D86/><U0/><E113/><V32/><F106/><W111/><G111/><T96/><D96/><U14/><E112/><V94/><F97/><W122/><G122/><T33/><D33/><U35/><E35/><V67/><F32/><W24/><G24/><T26/><D26/><U52/><E0/><V72/><F72/><W95/><G95/><N who="2" m="36393" /><F30/><W105/><G105/><T109/><D109/><U64/><E61/><AGARI ba="0,1" hai="9,12,18,45,51,54,61,62,63,79,82,84,89,91" machi="61" ten="40,2600,0" yaku="1,1,8,1,53,0" doraHai="100" doraHaiUra="19" who="3" fromWho="1" sc="230,0,250,-26,347,0,163,36" /><INIT seed="3,0,0,3,2,10" ten="230,224,347,199" oya="3" hai0="70,14,6,12,95,2,45,59,38,28,13,96,72" hai1="134,43,119,105,8,39,5,102,131,11,34,83,67" hai2="84,46,114,35,108,128,7,124,92,23,103,133,94" hai3="115,58,26,52,19,90,3,42,66,47,110,104,123"/><W99/><G115/><T33/><D70/><U98/><E34/><V41/><F35/><W40/><G123/><T15/><D72/><U80/><E131/><V121/><F114/><W81/><G3/><T116/><D116/><U30/><E134/><V64/><F64/><W85/><G110/><T69/><D69/><U100/><E100/><V86/><F108/><W9/><G104/><T29/><D2/><U112/><E112/><V79/><F133/><W97/><G66/><T57/><D45/><U22/><E119/><V31/><F124/><W63/><G42/><T89/><D38/><U20/><E8/><V17/><F7/><W50/><REACH who="3" step="1"/><G26/><REACH who="3" ten="230,224,347,189" step="2"/><T18/><D6/><U113/><E113/><V44/><F121/><W93/><G93/><T37/><D37/><U91/><E43/><V1/><F94/><W127/><G127/><T76/><D95/><U16/><E39/><V73/><F92/><W118/><G118/><T75/><D33/><U55/><E67/><V0/><F0/><W117/><G117/><T125/><D125/><U36/><E36/><V77/><F1/><W107/><G107/><T61/><D96/><U120/><E120/><V65/><F41/><W130/><G130/><T109/><D109/><U56/><E83/><V106/><F65/><W25/><G25/><T53/><D53/><U51/><E80/><V129/><F106/><W49/><G49/><T101/><D101/><U27/><E105/><V24/><F103/><W78/><G78/><T32/><D76/><U126/><E102/><V74/><F129/><W48/><G48/><T71/><D32/><RYUUKYOKU ba="0,1" sc="230,-10,224,-10,347,-10,189,30" hai3="9,19,40,47,50,52,58,63,81,85,90,97,99" /><INIT seed="3,1,1,2,3,114" ten="220,214,337,219" oya="3" hai0="29,121,6,5,80,85,95,81,58,53,116,55,125" hai1="78,35,135,115,64,21,30,16,102,120,38,61,87" hai2="108,67,132,20,75,123,66,73,28,79,47,65,44" hai3="23,17,13,62,124,52,131,101,63,10,105,133,22"/><W88/><G124/><T110/><D116/><U11/><E120/><V76/><F123/><W104/><G131/><T39/><D121/><U3/><E38/><V48/><F48/><W50/><G133/><T34/><D39/><U92/><E115/><V36/><F36/><W107/><G101/><T43/><D110/><U33/><E135/><V118/><F118/><W37/><G37/><T9/><D34/><U119/><E119/><V27/><F132/><W112/><G112/><T128/><D128/><U74/><E74/><V100/><F100/><W113/><G113/><T72/><D72/><U90/><E78/><V109/><F76/><W25/><G88/><N who="0" m="53647" /><D29/><U98/><E30/><V32/><F32/><W57/><REACH who="3" step="1"/><G23/><REACH who="3" ten="220,214,337,209" step="2"/><T14/><D125/><U59/><E33/><V126/><F126/><W0/><G0/><T86/><D81/><N who="1" m="49519" /><E35/><V111/><F79/><W4/><AGARI ba="1,2" hai="4,10,13,17,22,25,50,52,57,62,63,104,105,107" machi="4" ten="30,6000,0" yaku="1,1,0,1,54,1,53,0" doraHai="114" doraHaiUra="31" who="3" fromWho="3" sc="220,-21,214,-21,337,-21,209,83" /><INIT seed="3,2,0,1,3,20" ten="199,193,316,292" oya="3" hai0="108,14,16,123,55,13,12,78,75,68,9,46,25" hai1="100,18,31,2,41,120,24,19,45,57,135,40,124" hai2="103,99,34,92,80,85,30,67,72,122,52,93,106" hai3="33,110,132,126,4,51,95,109,102,82,83,61,58"/><W69/><G33/><T129/><D123/><U1/><E120/><V114/><F114/><W101/><G4/><T53/><D68/><U64/><E100/><N who="3" m="38506" /><G126/><T60/><D75/><U26/><E124/><V47/><F67/><N who="3" m="41199" /><G95/><T81/><D108/><N who="3" m="41577" /><G132/><T88/><D129/><U74/><E74/><V133/><F133/><W8/><G8/><T86/><D9/><U125/><E135/><V127/><F127/><W37/><G37/><T71/><D71/><U117/><E117/><V54/><F122/><W105/><G105/><T29/><D60/><N who="1" m="37903" /><E125/><V43/><F72/><W111/><G111/><T128/><D128/><U119/><E119/><V36/><F93/><W22/><G22/><N who="0" m="13511" /><D29/><U121/><E121/><V42/><F106/><W11/><G11/><T73/><D73/><U49/><E1/><V32/><F32/><W10/><G10/><T48/><D55/><AGARI ba="2,0" hai="51,55,58,82,83" m="41577,41199,38506" machi="55" ten="30,2900,0" yaku="14,1,10,1" doraHai="20" who="3" fromWho="0" sc="199,-35,193,0,316,0,292,35" owari="164,-33.6,193,-20.7,316,11.6,327,42.7" /></mjloggm>