<mjloggm ver="2.3"><GO type="225" lobby="0"/><UN n0="%30%2E%31%32%30" n1="%E3%83%8F%E3%83%B3%E3%83%89%E3%83%A9%E3%83%BC%E3%83%BB%E3%83%AF%E3%83%B3" n2="%E5%8D%A0%E3%81%84%E5%B8%AB%E8%A3%8F%E3%81%AA%E3%81%84%E3%81%97" n3="%E6%B8%A9%E2%98%85%E6%83%85%E2%98%85%E6%8E%AA%E2%98%85%E7%BD%AE" dan="16,17,17,17" rate="2143.15,2183.03,2188.39,2147.60" sx="M,M,M,M"/><TAIKYOKU oya="0"/><INIT seed="0,0,0,3,5,85" ten="250,250,250,250" oya="0" hai0="6,39,55,88,124,121,112,31,3,72,133,44,114" hai1="15,79,130,26,30,120,62,12,42,60,122,96,131" hai2="35,50,111,17,49,95,64,102,29,119,126,76,123" hai3="41,86,58,78,100,33,7,68,97,63,8,110,57"/><T94/><D72/><U113/><E79/><V105/><F119/><W1/><G110/><T2/><D121/><N who="1" m="46699" /><E42/><V61/><F111/><W34/><G41/><T104/><D104/><U52/><E96/><V5/><F5/><W56/><G68/><T103/><D103/><U38/><E38/><V116/><F116/><W101/><G63/><N who="1" m="24106" /><E52/><V19/><F76/><W32/><REACH who="3" step="1"/><G97/><REACH who="3" ten="250,250,250,240" step="2"/><T25/><D114/><U127/><E113/><V129/><F61/><W91/><G91/><T81/><D112/><U80/><E127/><V27/><F126/><W59/><N who="3" m="14336" /><DORA hai="48" /><W66/><G66/><T13/><D124/><U98/><E98/><V106/><F64/><W135/><G135/><T36/><D133/><U11/><E131/><V24/><F129/><W10/><G10/><T54/><D88/><U20/><E11/><V74/><F123/><W18/><G18/><T115/><D115/><U109/><E130/><V117/><F17/><W23/><G23/><T128/><D128/><U47/><E20/><V82/><F19/><W90/><G90/><T108/><D108/><U69/><E69/><V37/><F117/><W132/><G132/><T0/><D6/><U92/><E109/><V83/><F37/><W67/><G67/><T75/><D36/><U84/><E47/><V73/><F49/><W93/><G93/><T43/><D94/><U99/><E92/><V125/><F50/><W40/><G40/><T65/><D65/><U87/><E99/><N who="2" m="61663" /><F95/><W77/><G77/><N who="0" m="44223" /><D54/><U16/><E16/><V107/><F125/><W70/><G70/><T89/><D55/><U45/><E45/><RYUUKYOKU ba="0,1" sc="250,-10,250,-10,250,-10,240,30" hai3="1,7,8,32,33,34,78,86,100,101" /><INIT seed="1,1,1,1,3,19" ten="240,240,240,270" oya="1" hai0="76,132,80,108,79,5,66,11,32,87,8,29,114" hai1="77,86,58,64,48,4,61,34,134,31,133,71,103" hai2="88,40,102,92,119,128,129,89,82,15,85,95,17" hai3="2,56,18,121,98,96,118,50,55,22,52,3,49"/><U110/><E103/><V60/><F119/><W30/><G121/><T6/><D114/><U20/><E34/><V135/><F135/><N who="1" m="51721" /><E4/><V69/><F40/><W126/><G118/><T125/><D132/><U70/><E110/><V101/><F60/><W0/><G126/><T65/><D125/><U123/><E123/><V109/><F69/><W42/><G30/><T12/><D108/><U28/><E48/><V41/><F41/><W25/><REACH who="3" step="1"/><G42/><REACH who="3" ten="240,240,240,260" step="2"/><T116/><D116/><U131/><E31/><V99/><F109/><W130/><G130/><N who="2" m="50281" /><F82/><W26/><G26/><T72/><D29/><U104/><E131/><V46/><F46/><AGARI ba="1,2" hai="0,2,3,18,22,25,46,49,50,52,55,56,96,98" machi="46" ten="40,5200,0" yaku="1,1,52,1,54,1,53,0" doraHai="19" doraHaiUra="84" who="3" fromWho="2" sc="240,0,240,0,240,-55,260,75" /><INIT seed="2,0,0,4,5,110" ten="240,240,185,335" oya="2" hai0="125,116,118,81,70,74,73,7,41,0,98,124,90" hai1="50,45,58,1,97,55,62,12,66,85,120,49,4" hai2="105,127,6,86,117,26,111,30,75,33,22,16,46" hai3="19,53,128,23,54,68,9,92,37,113,133,83,67"/><V20/><F117/><N who="0" m="45162" /><D41/><U25/><E120/><V34/><F75/><N who="0" m="28682" /><D70/><U61/><E1/><V101/><F111/><W89/><G9/><T14/><D14/><U36/><E36/><V107/><F127/><N who="0" m="48714" /><D7/><U99/><E25/><V29/><F6/><W114/><G68/><T82/><D0/><U100/><E85/><V95/><F86/><W56/><G37/><T78/><D78/><U77/><E77/><V59/><F59/><W71/><G56/><T104/><D104/><U108/><E108/><V3/><F3/><W17/><G71/><T32/><D32/><U35/><E35/><V65/><F65/><W21/><G67/><T72/><N who="0" m="28690" /><T27/><DORA hai="24" /><D27/><U40/><E66/><V43/><F105/><W129/><G23/><T51/><D51/><U88/><E12/><N who="2" m="9223" /><F107/><W79/><G21/><T84/><D98/><U76/><E4/><V10/><F33/><W130/><G79/><T94/><AGARI ba="0,0" hai="81,82,84,90,94" m="48714,28690,45162" machi="94" ten="50,8000,1" yaku="12,1,18,1,34,2" doraHai="110,24" who="0" fromWho="0" sc="240,80,240,-20,185,-40,335,-20" /><INIT seed="3,0,0,1,5,79" ten="320,220,145,315" oya="3" hai0="103,52,61,87,13,69,8,78,25,58,111,70,120" hai1="77,26,135,118,38,2,47,40,92,71,16,50,56" hai2="88,65,106,94,99,96,126,123,45,66,105,132,107" hai3="12,119,76,37,84,44,122,6,125,3,63,89,129"/><W73/><G122/><T4/><D120/><U21/><E2/><V95/><F123/><W32/><G119/><T117/><D117/><U23/><E71/><V18/><F132/><W102/><G32/><T42/><D111/><U43/><E118/><V9/><F126/><W83/><G102/><T49/><D25/><N who="1" m="14503" /><E38/><V74/><F74/><W97/><G97/><T131/><D103/><U60/><E77/><V22/><F45/><W59/><G12/><T10/><D10/><U116/><E92/><V104/><N who="2" m="26624" /><DORA hai="113" /><V5/><F5/><W124/><G129/><T55/><D131/><U130/><E130/><V57/><F57/><W30/><G30/><T7/><D7/><U110/><E110/><V51/><F51/><W98/><G98/><T36/><D36/><U112/><E112/><V46/><F46/><W67/><G6/><T101/><D101/><U93/><E93/><V108/><F9/><W86/><G3/><T72/><D72/><U17/><E135/><V82/><F82/><W0/><G0/><T62/><D69/><U27/><E116/><V91/><REACH who="2" step="1"/><F108/><REACH who="2" ten="320,220,135,315" step="2"/><W19/><G73/><T68/><D68/><U75/><E75/><V90/><F90/><W31/><G125/><T35/><D70/><U81/><E81/><V11/><F11/><W121/><G124/><T15/><D8/><U33/><E50/><V115/><F115/><W20/><G121/><T39/><D39/><U54/><E47/><V41/><F41/><W1/><G44/><T128/><D42/><U80/><E43/><V34/><F34/><W85/><G37/><T24/><D128/><RYUUKYOKU ba="0,1" sc="320,-10,220,-10,135,30,315,-10" hai2="18,22,65,66,88,91,94,95,96,99" owari="320,42.0,210,-19.0,165,-33.5,305,10.5" /></mjloggm>