<mjloggm ver="2.3"><GO type="225" lobby="0"/><UN n0="%E3%82%A2%E3%82%A4%E3%82%B9%E3%83%86%E3%82%A3%E3%83%BC%E3%81%82%E3%81%B9" n1="%72%61%6B%33" n2="%E7%BD%AA%E5%88%91%E6%B3%95%E5%AE%9A%E4%B8%BB%E7%BE%A9" n3="%E3%81%BF%E3%81%BF%E3%81%9A" dan="16,16,16,16" rate="2122.22,2118.39,2148.88,2141.76" sx="M,M,M,M"/><TAIKYOKU oya="0"/><INIT seed="0,0,0,2,4,42" ten="250,250,250,250" oya="0" hai0="114,128,18,65,130,81,85,61,122,52,17,26,31" hai1="131,11,97,98,100,109,36,46,134,102,73,84,127" hai2="78,83,45,103,66,50,35,58,104,91,39,29,28" hai3="2,110,6,96,8,112,20,54,88,116,30,86,48"/><T57/><D114/><U40/><E109/><V41/><F35/><W90/><G112/><T34/><D122/><U76/><E127/><V79/><F91/><W80/><G116/><T125/><D125/><U14/><E131/><N who="0" m="50217" /><D65/><U5/><E134/><V133/><F133/><W111/><G30/><T93/><D93/><U49/><E73/><V118/><F118/><W4/><G20/><T16/><D18/><U43/><E36/><V63/><F79/><AGARI ba="0,0" hai="16,17,26,31,34,52,57,61,79,81,85" m="50217" machi="79" ten="30,5800,0" yaku="19,1,54,2" doraHai="42" who="0" fromWho="2" sc="250,58,250,0,250,-58,250,0" /><INIT seed="0,1,0,2,4,9" ten="308,250,192,250" oya="0" hai0="2,101,134,51,84,129,96,98,118,81,26,116,133" hai1="75,102,48,59,61,1,45,124,62,106,131,49,17" hai2="79,73,115,127,37,60,103,95,56,94,114,76,41" hai3="32,52,18,104,10,6,66,107,113,89,7,120,68"/><T47/><D2/><U42/><E75/><V69/><F69/><W86/><G113/><T80/><D26/><U99/><E124/><V108/><F127/><W40/><G120/><T110/><D51/><U121/><E121/><V130/><F108/><W71/><G40/><T12/><D47/><U64/><E131/><V14/><F130/><W55/><G32/><T90/><D12/><U31/><E1/><V87/><F41/><W65/><G18/><T13/><D13/><U35/><E17/><V132/><F37/><W70/><G65/><T8/><D8/><U30/><E35/><V83/><F132/><N who="0" m="50794" /><D129/><U100/><E100/><V91/><F79/><W93/><G66/><T88/><D110/><U22/><E22/><V50/><F50/><W123/><G123/><T38/><D38/><U57/><REACH who="1" step="1"/><E48/><REACH who="1" ten="308,240,192,250" step="2"/><V128/><F128/><W82/><G6/><T28/><D28/><U78/><E78/><V111/><F111/><W34/><G34/><T125/><D125/><U72/><E72/><V122/><F122/><W16/><G16/><T77/><D90/><U92/><E92/><V19/><F103/><W46/><G93/><N who="0" m="56359" /><D81/><U97/><E97/><V39/><F39/><W24/><G24/><T29/><D29/><U43/><E43/><V23/><REACH who="2" step="1"/><F95/><AGARI ba="1,1" hai="77,80,84,95,98,101,116,118" m="56359,50794" machi="95" ten="30,11600,0" yaku="20,1,34,2,54,1" doraHai="9" who="0" fromWho="2" sc="308,129,240,0,192,-119,250,0" /><INIT seed="0,2,0,3,4,45" ten="437,240,73,250" oya="0" hai0="90,107,11,111,129,123,102,100,51,63,69,115,42" hai1="21,122,9,113,134,60,76,44,31,72,3,135,119" hai2="127,104,4,86,70,96,39,2,41,101,89,15,88" hai3="14,38,93,97,68,95,17,106,67,1,12,46,131"/><T71/><D115/><U116/><E60/><V36/><F127/><W18/><G1/><T112/><D112/><U28/><E76/><V114/><F114/><W37/><G106/><T22/><D123/><U130/><E72/><V35/><F35/><W117/><G117/><N who="1" m="45130" /><E113/><V121/><F70/><W7/><G7/><T0/><D107/><U133/><E44/><V54/><F121/><W25/><G25/><T62/><D42/><U73/><E73/><V120/><F120/><W40/><G131/><T74/><D74/><U49/><E122/><V27/><F2/><W81/><G81/><T78/><D0/><U132/><E132/><V85/><F41/><W34/><G34/><T77/><D90/><U56/><E130/><V53/><F27/><W110/><G110/><T29/><D111/><U99/><E99/><V82/><F39/><W59/><G38/><T79/><D79/><U128/><E128/><V94/><REACH who="2" step="1"/><F36/><REACH who="2" ten="437,240,63,250" step="2"/><W20/><G68/><T84/><D129/><U26/><E3/><V10/><AGARI ba="2,1" hai="4,10,15,53,54,82,85,86,88,89,94,96,101,104" machi="10" ten="30,7900,0" yaku="1,1,2,1,0,1,54,1,53,0" doraHai="45" doraHaiUra="58" who="2" fromWho="2" sc="437,-41,240,-22,63,95,250,-22" /><INIT seed="1,0,0,1,0,82" ten="396,218,158,228" oya="1" hai0="8,64,58,11,81,84,17,65,76,59,86,75,73" hai1="61,60,101,62,10,94,69,67,19,2,120,134,124" hai2="23,127,32,106,3,21,105,78,72,77,88,51,13" hai3="29,50,131,15,40,117,97,48,80,123,47,45,128"/><U119/><E119/><V38/><F38/><W28/><G123/><T107/><D107/><U24/><E120/><V95/><F32/><W56/><G117/><T26/><D26/><U16/><E124/><V98/><F3/><W108/><G108/><T52/><D75/><U100/><E134/><V6/><F127/><W30/><G97/><T113/><D73/><U57/><E61/><V133/><F133/><W93/><G93/><T116/><D113/><U43/><E43/><V70/><F70/><W35/><G56/><T74/><D74/><U79/><E79/><V104/><F51/><W36/><G35/><T103/><D103/><U46/><E46/><V135/><F135/><W49/><G15/><N who="0" m="7399" /><D11/><U34/><E94/><V44/><F44/><W92/><G92/><T68/><D68/><U63/><E63/><V129/><F129/><N who="3" m="49739" /><G80/><N who="0" m="47111" /><D59/><U89/><E101/><V125/><F125/><W102/><G102/><T31/><D31/><N who="3" m="7937" /><W122/><DORA hai="90" /><G122/><T22/><D22/><U5/><E100/><V85/><F72/><W33/><G33/><T37/><D37/><U41/><E34/><V91/><F23/><W71/><G45/><T66/><D65/><U18/><E69/><AGARI ba="0,0" hai="36,40,47,48,49,50,69,71" m="7937,49739" machi="69" ten="40,1300,0" yaku="19,1" doraHai="82,90" who="3" fromWho="1" sc="396,0,218,-13,158,0,228,13" /><INIT seed="2,0,0,4,1,61" ten="396,205,158,241" oya="2" hai0="1,46,43,30,53,0,56,50,109,74,85,62,21" hai1="133,67,96,91,9,22,44,3,122,14,31,29,48" hai2="129,119,71,37,40,90,70,59,99,77,80,108,128" hai3="32,134,60,126,23,35,111,5,55,15,54,98,103"/><V100/><F119/><W113/><G111/><T86/><D109/><U25/><E122/><V127/><F108/><W27/><G126/><T135/><D74/><U97/><E133/><V64/><F90/><W51/><G134/><T115/><D115/><U10/><E3/><V49/><F127/><W38/><G38/><T125/><D135/><U105/><E105/><V41/><F37/><W95/><G113/><T2/><D125/><U124/><E124/><V93/><F41/><W94/><G94/><T121/><D121/><U66/><E29/><V120/><F40/><W87/><G87/><T17/><REACH who="0" step="1"/><D30/><REACH who="0" ten="386,205,158,241" step="2"/><U36/><E31/><V83/><F120/><W131/><G131/><N who="2" m="50249" /><F83/><W110/><G110/><T72/><D72/><U132/><E132/><V11/><F11/><W101/><G35/><T75/><D75/><U57/><E9/><V81/><F81/><W19/><G32/><T114/><D114/><U52/><E10/><V89/><F77/><W78/><G78/><T20/><D20/><U39/><E22/><V69/><F80/><W47/><G5/><T84/><D84/><U117/><E117/><V42/><F89/><W112/><G112/><T130/><D130/><U58/><E91/><V4/><F4/><W68/><G103/><T76/><D76/><U104/><E97/><V118/><F118/><W65/><G27/><AGARI ba="0,1" hai="0,1,2,17,21,27,43,46,50,53,56,62,85,86" machi="27" ten="40,1300,0" yaku="1,1,53,0" doraHai="61" doraHaiUra="28" who="0" fromWho="3" sc="386,23,205,0,158,0,241,-13" /><INIT seed="3,0,0,1,5,123" ten="409,205,158,228" oya="3" hai0="67,38,16,36,15,80,120,106,58,29,95,66,87" hai1="21,91,23,104,34,33,14,49,77,109,82,119,126" hai2="122,63,11,30,135,18,128,90,5,102,69,53,19" hai3="64,25,100,92,110,37,59,107,31,42,1,8,133"/><W71/><G92/><T51/><D106/><U115/><E115/><V7/><F122/><W13/><G59/><T118/><D118/><U75/><E104/><V89/><F135/><W55/><G55/><N who="0" m="32127" /><D29/><U114/><E114/><V130/><F30/><W43/><G133/><T57/><D38/><U86/><E119/><V108/><F53/><W83/><G83/><T70/><D36/><U76/><E76/><V105/><F105/><W17/><G37/><T125/><D125/><U99/><E126/><V127/><F127/><W28/><G28/><T93/><D70/><U41/><E99/><V131/><F102/><W2/><G43/><T10/><D120/><U47/><E14/><V96/><F96/><N who="3" m="61831" /><G42/><T117/><D117/><U4/><E4/><N who="2" m="1611" /><F11/><W134/><G134/><T94/><D57/><U61/><E33/><V121/><F121/><W20/><G64/><T84/><D84/><U132/><E34/><V73/><F73/><W72/><G71/><T24/><D24/><U9/><E9/><V98/><F69/><W12/><G72/><T65/><D67/><U74/><E74/><V35/><F35/><N who="3" m="20975" /><G12/><T79/><AGARI ba="0,0" hai="10,15,16,65,66,79,80,87,93,94,95" m="32127" machi="79" ten="30,2000,0" yaku="8,1,54,1" doraHai="123" who="0" fromWho="0" sc="409,20,205,-5,158,-5,228,-10" owari="429,52.9,200,-20.0,153,-34.7,218,1.8" /></mjloggm>