<mjloggm ver="2.3"><GO type="225" lobby="0"/><UN n0="%E7%89%B9%E6%9D%B1%E3%81%AF%E4%B8%96%E7%95%8C%E3%82%92%E6%95%91%E3%81%86" n1="%E3%83%81%E3%83%AF%E3%83%AF%E9%9A%8A%E9%95%B7" n2="%E9%B3%B3%E6%9D%B1%E3%81%AE%E3%81%BF%E3%81%91%E3%81%AB%E3%82%83%E3%82%93" n3="%E5%8D%A0%E3%81%84%E5%B8%AB%E8%A3%8F%E3%81%AA%E3%81%84%E3%81%97" dan="16,17,17,17" rate="2179.48,2225.94,2199.17,2152.57" sx="M,M,F,M"/><TAIKYOKU oya="0"/><INIT seed="0,0,0,1,2,52" ten="250,250,250,250" oya="0" hai0="31,86,96,71,18,36,81,116,117,50,105,119,126" hai1="23,102,62,28,30,5,4,107,101,123,130,67,85" hai2="61,97,112,90,0,68,12,1,134,66,69,58,34" hai3="37,98,47,93,73,122,129,48,16,131,106,41,21"/><T87/><D36/><U100/><E123/><V94/><F112/><W51/><G73/><T15/><D126/><U57/><E107/><V26/><F134/><W42/><G106/><T13/><D71/><U104/><E104/><V33/><F12/><W19/><G122/><T114/><D114/><U83/><E130/><N who="3" m="49674" /><G41/><T77/><D31/><N who="1" m="11819" /><E23/><V46/><F26/><N who="3" m="14631" /><G19/><T92/><D50/><U103/><N who="1" m="25600" /><DORA hai="3" /><U115/><E115/><V49/><F68/><W120/><G120/><T54/><D105/><U65/><E65/><V17/><F69/><W45/><G45/><T75/><D54/><U109/><E109/><V60/><F17/><W82/><G82/><T35/><D35/><U89/><AGARI ba="0,0" hai="4,5,57,62,67,83,85,89" m="25600,11819" machi="89" ten="40,8000,1" yaku="8,1,52,3" doraHai="52,3" who="1" fromWho="1" sc="250,-40,250,80,250,-20,250,-20" /><INIT seed="1,0,0,1,3,78" ten="210,330,230,230" oya="1" hai0="135,125,110,94,109,91,43,106,2,42,63,54,127" hai1="98,84,77,112,92,21,103,22,30,104,41,102,129" hai2="128,81,50,133,131,49,99,58,52,122,23,3,111" hai3="34,130,57,46,48,132,6,96,97,4,37,75,73"/><U15/><E112/><V28/><F122/><W8/><G34/><T9/><D106/><U95/><E129/><N who="2" m="49739" /><F3/><W19/><G130/><T120/><D2/><U114/><E114/><V126/><F111/><N who="0" m="42506" /><D9/><U35/><E35/><V101/><F133/><W47/><G132/><T93/><D135/><U53/><E41/><N who="0" m="15369" /><D120/><U25/><E103/><V115/><F126/><N who="0" m="48138" /><D91/><U32/><E104/><N who="2" m="63551" /><F115/><W12/><G8/><T70/><D54/><U26/><E53/><V79/><F23/><W55/><G55/><T108/><N who="0" m="42514" /><T123/><DORA hai="80" /><D123/><U5/><E22/><V36/><F36/><W60/><G37/><T87/><D87/><U62/><E84/><N who="2" m="48191" /><F28/><W39/><G39/><T29/><D29/><U51/><E30/><V68/><F68/><W82/><G96/><T27/><D27/><U59/><E98/><V17/><F17/><W0/><G97/><T113/><D113/><U11/><E26/><V38/><F38/><W33/><G19/><T86/><D86/><U74/><E25/><V66/><F66/><AGARI ba="0,0" hai="63,66,70,93,94" m="48138,15369,42514" machi="66" ten="50,3200,0" yaku="14,1,18,1" doraHai="78,80" who="0" fromWho="2" sc="210,32,330,0,230,-32,230,0" /><INIT seed="2,0,0,5,2,60" ten="242,330,198,230" oya="2" hai0="119,97,95,87,74,54,123,86,41,12,10,39,37" hai1="85,8,25,132,93,82,65,101,35,19,129,100,44" hai2="58,134,51,13,66,131,111,14,36,112,22,46,48" hai3="70,113,16,80,124,117,53,89,125,57,11,120,94"/><V135/><F112/><W121/><G117/><T17/><D123/><U33/><E129/><V42/><F131/><W99/><G70/><T6/><D74/><U96/><E132/><N who="2" m="50731" /><F22/><W5/><G113/><T28/><D119/><U118/><E118/><V68/><F13/><N who="3" m="7231" /><G5/><T130/><D130/><U106/><E35/><V56/><F14/><W88/><G89/><T4/><D28/><U105/><E33/><V73/><F73/><W52/><G80/><T81/><D54/><N who="3" m="21097" /><G57/><N who="2" m="22121" /><F111/><W79/><G79/><T92/><D6/><U29/><E106/><V108/><F108/><W78/><G78/><T20/><D4/><U26/><E105/><V67/><F68/><W103/><G103/><T0/><D20/><U30/><E100/><V122/><F122/><W55/><G55/><T59/><D12/><U109/><E101/><V128/><F128/><W40/><G40/><T47/><D41/><U61/><E109/><V83/><F83/><W34/><G34/><T9/><D81/><U32/><E82/><V133/><N who="2" m="50739" /><V126/><DORA hai="84" /><F126/><AGARI ba="0,0" hai="88,94,99,120,121,124,125,126" m="21097,7231" machi="126" ten="30,8000,1" yaku="18,1,52,1,54,3" doraHai="60,84" who="3" fromWho="2" sc="242,0,330,0,198,-80,230,80" /><INIT seed="3,0,0,5,1,122" ten="242,330,118,310" oya="3" hai0="38,76,65,108,105,118,24,63,0,55,57,6,111" hai1="127,83,66,43,30,8,87,44,58,64,62,49,48" hai2="116,36,34,99,37,121,124,128,51,72,56,54,45" hai3="61,132,16,134,59,123,31,9,131,80,86,10,26"/><W88/><G123/><T41/><D118/><U53/><E127/><V32/><F72/><W14/><G131/><T120/><D120/><U33/><E33/><V117/><F99/><W18/><G18/><T46/><D105/><U109/><E109/><N who="0" m="42057" /><D76/><U69/><E30/><V98/><F98/><W85/><G85/><T119/><D119/><U39/><E8/><V25/><F25/><W47/><G47/><T74/><D74/><U130/><E130/><V5/><F5/><W97/><G97/><T77/><D77/><U95/><E95/><V135/><F121/><W107/><G107/><T129/><D129/><U90/><REACH who="1" step="1"/><E66/><REACH who="1" ten="242,320,118,310" step="2"/><V2/><F128/><W13/><G9/><N who="0" m="2247" /><D24/><U3/><E3/><V78/><F2/><W125/><G125/><T112/><D112/><U42/><E42/><V91/><F124/><W28/><G13/><T113/><D113/><U82/><E82/><V73/><F32/><W70/><G26/><T115/><D115/><U104/><E104/><V52/><F34/><W100/><G70/><T75/><D75/><U68/><E68/><V29/><F73/><W103/><G132/><T23/><D23/><U11/><E11/><V101/><F135/><W102/><G134/><T7/><D7/><U21/><E21/><V89/><F117/><W93/><G80/><T94/><D94/><U79/><E79/><V84/><F116/><W67/><AGARI ba="0,1" hai="10,14,16,28,31,59,61,67,86,88,93,100,102,103" machi="67" ten="30,11700,0" yaku="0,1,8,1,54,2" doraHai="122" who="3" fromWho="3" sc="242,-39,320,-39,118,-39,310,127" owari="203,-19.7,281,8.1,79,-42.1,437,53.7" /></mjloggm>