<mjloggm ver="2.3"><GO type="225" lobby="0"/><UN n0="%E8%81%B7%E6%A5%AD%E3%80%81%E9%A2%A8%32" n1="%E2%91%A3%E9%81%BF%E9%81%8A%E6%88%AF%E3%80%90%E6%9D%B1%E5%8D%97%E3%80%91" n2="%6D%75%75%6D%75%72%61" n3="%E3%81%AF%E3%82%88%E3%81%8A%E3%81%98%E3%81%95%E3%82%93" dan="16,16,17,16" rate="2091.26,2134.67,2189.49,2135.98" sx="M,M,F,M"/><TAIKYOKU oya="0"/><INIT seed="0,0,0,0,2,67" ten="250,250,250,250" oya="0" hai0="98,88,42,79,70,114,75,131,8,34,13,85,130" hai1="133,123,99,7,115,22,41,58,38,117,125,24,77" hai2="12,51,31,73,39,81,5,106,78,118,84,126,92" hai3="23,65,122,21,119,113,52,93,83,76,18,30,14"/><T63/><D114/><U110/><E115/><V95/><F39/><W68/><G113/><T64/><D34/><U96/><E117/><V91/><F118/><W29/><G119/><T56/><D42/><U132/><E123/><V4/><F126/><W127/><G127/><T108/><D98/><U53/><E125/><V107/><F31/><W129/><G122/><T134/><D134/><U60/><E7/><V86/><F51/><W82/><G129/><N who="0" m="49163" /><D108/><U101/><E110/><V55/><F55/><W48/><G93/><N who="0" m="54415" /><D79/><U97/><E77/><V89/><REACH who="2" step="1"/><F12/><REACH who="2" ten="250,250,240,250" step="2"/><W102/><G14/><T40/><D40/><U32/><E41/><V20/><F20/><W94/><G23/><T72/><D56/><U1/><E38/><V25/><F25/><W59/><G59/><T35/><D35/><U54/><E32/><V33/><F33/><W2/><G21/><T80/><D80/><U120/><E120/><V37/><F37/><W3/><G82/><T61/><D61/><U103/><E54/><V121/><F121/><W9/><G52/><T27/><D27/><U26/><E24/><V69/><F69/><W36/><G68/><T74/><D74/><U15/><E15/><V104/><AGARI ba="0,1" hai="4,5,73,78,81,84,86,89,91,92,95,104,106,107" machi="104" ten="30,4000,0" yaku="1,1,0,1,9,1,53,0" doraHai="67" doraHaiUra="135" who="2" fromWho="2" sc="250,-20,250,-10,240,50,250,-10" /><INIT seed="1,0,0,1,2,25" ten="230,240,290,240" oya="1" hai0="65,33,135,51,42,92,99,77,98,35,10,49,30" hai1="29,101,89,47,59,76,134,63,5,100,69,126,103" hai2="22,118,111,37,64,21,114,105,67,60,34,20,38" hai3="84,46,104,43,41,8,81,23,130,26,55,85,112"/><U82/><E126/><V102/><F118/><W116/><G112/><T39/><D135/><U58/><E134/><V1/><F114/><W62/><G104/><T95/><D77/><U12/><E69/><V72/><F34/><W45/><G116/><T7/><D65/><U109/><E109/><V110/><F72/><W88/><G130/><T128/><D39/><U52/><E89/><V3/><F105/><W91/><G8/><T57/><D128/><U113/><E113/><V87/><F87/><W125/><G125/><T17/><D17/><U71/><E71/><V32/><F32/><W53/><G62/><T122/><D122/><U9/><E59/><V97/><F97/><W94/><G46/><T74/><D74/><U14/><E47/><V83/><F83/><W119/><G119/><T106/><D106/><U15/><REACH who="1" step="1"/><E29/><REACH who="1" ten="230,230,290,240" step="2"/><V61/><F110/><W124/><G124/><T70/><D30/><U78/><E78/><V2/><F111/><W6/><G45/><T93/><D70/><U44/><E44/><V132/><F132/><W79/><G79/><T123/><D57/><U4/><E4/><V56/><F102/><W24/><G6/><T133/><D133/><U40/><E40/><V121/><F121/><W31/><G43/><T90/><D123/><U108/><E108/><V115/><F115/><W73/><G41/><T107/><D42/><U117/><E117/><V0/><N who="2" m="0" /><DORA hai="80" /><V16/><F16/><W129/><G129/><T36/><D90/><U75/><AGARI ba="0,1" hai="5,9,12,14,15,52,58,63,75,76,82,100,101,103" machi="75" ten="30,11700,0" yaku="1,1,0,1,54,1,53,1" doraHai="25,80" doraHaiUra="48,19" who="1" fromWho="1" sc="230,-39,230,127,290,-39,240,-39" /><INIT seed="1,1,0,4,4,44" ten="191,357,251,201" oya="1" hai0="22,132,60,50,62,37,92,32,120,123,30,134,72" hai1="91,42,68,46,55,84,87,83,115,31,33,113,102" hai2="126,3,112,110,76,47,80,69,4,88,81,128,53" hai3="18,78,116,15,97,108,1,106,100,21,86,127,118"/><U107/><E68/><V93/><F110/><W65/><G1/><T82/><D37/><U0/><E0/><V99/><F126/><W133/><G108/><T121/><D32/><U23/><E33/><V122/><F122/><W40/><G127/><T17/><D30/><U25/><E55/><V77/><F128/><W70/><G133/><N who="0" m="51307" /><D92/><U109/><E109/><V34/><F34/><W41/><G65/><T24/><D50/><U12/><E102/><V130/><F130/><W61/><G61/><T98/><D98/><U103/><E103/><V38/><F69/><W27/><G70/><T94/><D94/><U125/><E107/><V19/><F112/><W2/><G2/><T52/><D52/><U49/><E125/><V89/><F38/><W56/><G56/><T28/><D28/><U5/><E87/><N who="2" m="50279" /><F3/><W79/><G86/><T119/><D119/><N who="3" m="45609" /><G27/><T85/><D72/><U39/><E39/><V66/><F66/><W59/><G59/><T16/><D17/><U51/><E51/><N who="2" m="28927" /><F81/><W71/><G71/><T6/><D6/><U58/><E58/><V67/><F67/><W54/><G54/><T131/><D131/><U111/><E111/><V14/><F4/><W43/><AGARI ba="1,0" hai="15,18,21,40,41,43,78,79,97,100,106" m="45609" machi="43" ten="30,1100,0" yaku="12,1" doraHai="44" who="3" fromWho="3" sc="191,-4,357,-6,251,-4,201,14" /><INIT seed="2,0,0,5,5,120" ten="187,351,247,215" oya="2" hai0="80,7,78,127,81,122,112,22,19,67,116,37,117" hai1="12,109,61,16,94,13,8,119,45,57,89,65,88" hai2="21,131,87,42,73,103,83,98,85,66,3,101,125" hai3="63,130,23,18,95,92,47,30,93,97,133,25,58"/><V49/><F3/><W2/><G130/><T15/><D122/><U41/><E109/><V0/><F0/><W75/><G133/><T51/><D112/><U14/><E119/><N who="0" m="45641" /><D37/><U118/><E118/><V128/><F125/><W123/><G123/><T129/><D127/><U9/><E94/><V100/><F66/><W43/><G75/><T124/><D124/><U35/><E35/><V111/><F21/><W77/><G2/><T113/><D113/><U1/><E1/><V106/><F49/><N who="3" m="26879" /><G77/><T27/><D129/><N who="2" m="49738" /><F42/><W46/><G46/><T70/><D51/><N who="1" m="27055" /><E14/><V59/><F59/><W107/><G107/><T115/><D115/><U62/><E61/><V34/><F34/><W39/><G39/><T64/><D70/><U36/><E36/><V105/><F111/><W76/><G76/><T48/><D48/><U53/><E65/><N who="0" m="25161" /><D78/><U72/><E72/><V99/><F73/><W135/><G135/><T4/><D4/><AGARI ba="0,0" hai="4,8,9,12,13,16,53,57,62,88,89" m="27055" machi="4" ten="30,3900,0" yaku="8,1,54,2" doraHai="120" who="1" fromWho="0" sc="187,-39,351,39,247,0,215,0" /><INIT seed="3,0,0,2,3,99" ten="148,390,247,215" oya="3" hai0="122,79,63,73,40,31,74,12,53,129,93,35,123" hai1="19,95,98,75,97,28,46,91,39,42,52,103,133" hai2="34,33,76,0,70,27,87,16,14,117,38,110,77" hai3="126,114,20,48,25,88,113,119,96,21,118,66,121"/><W36/><G36/><T26/><D129/><U130/><E133/><V125/><F117/><W116/><G121/><T60/><D40/><U100/><E130/><V107/><F0/><W55/><G66/><T10/><D74/><U80/><E28/><V57/><F70/><W115/><G126/><T71/><D73/><U86/><E19/><V3/><F3/><W13/><G13/><T9/><D9/><U109/><E109/><V65/><F110/><W29/><G20/><T1/><D1/><U8/><E8/><V101/><F38/><W37/><G37/><T134/><D79/><U102/><E52/><V18/><F125/><W44/><G118/><T94/><D134/><U62/><E62/><V135/><F135/><W45/><G44/><T111/><D63/><U58/><E58/><V5/><F5/><W2/><G2/><T81/><D81/><U17/><E17/><V83/><F34/><W50/><G48/><T32/><D32/><U43/><E43/><V54/><F65/><W82/><G82/><T89/><D94/><U112/><E112/><V72/><F72/><W131/><G131/><T104/><D104/><N who="1" m="63503" /><E98/><V51/><F76/><AGARI ba="0,0" hai="39,42,46,75,76,80,86,91,95,102,103" m="63503" machi="76" ten="30,7700,0" yaku="24,1,52,3" doraHai="99" who="1" fromWho="2" sc="148,0,390,77,247,-77,215,0" owari="148,-35.2,467,56.7,170,-23.0,215,1.5" /></mjloggm>