<mjloggm ver="2.3"><GO type="225" lobby="0"/><UN n0="%E3%81%8B%E3%82%8F%E3%81%A1%E3%82%83%E3%82%93%35%38" n1="%72%69%6F%75%63%68%61%6E" n2="%E6%9D%B1%E9%A2%A8%E3%81%AE%E3%81%8D%E3%82%83%E3%81%B7%E3%81%95%E3%82%93" n3="%4B%2E%32%2E%4B%2E" dan="17,16,17,16" rate="2214.88,2211.71,2221.04,2125.08" sx="M,M,M,M"/><TAIKYOKU oya="0"/><INIT seed="0,0,0,0,1,20" ten="250,250,250,250" oya="0" hai0="33,85,61,65,129,30,38,123,90,109,55,94,134" hai1="68,104,31,132,116,45,80,84,106,49,26,77,48" hai2="79,19,122,69,14,135,73,28,126,124,125,128,58" hai3="40,64,107,111,72,7,1,22,110,47,71,24,9"/><T108/><D123/><U50/><E116/><V112/><F69/><W23/><G107/><T133/><D38/><U86/><E132/><N who="0" m="50793" /><D55/><U18/><E68/><V43/><F43/><W10/><G72/><T57/><D129/><U62/><E62/><V54/><F135/><W4/><G64/><T15/><D15/><U100/><E18/><V13/><F128/><W91/><G91/><T102/><D102/><U16/><E16/><V3/><F122/><W17/><G23/><T29/><D33/><U66/><E66/><V75/><F3/><W117/><G117/><T103/><D103/><U92/><E45/><V82/><F112/><W89/><G89/><T12/><D12/><U81/><E92/><V41/><F41/><W119/><G119/><T63/><D63/><U121/><E121/><V97/><F28/><AGARI ba="0,0" hai="28,29,30,57,61,65,85,90,94,108,109" m="50793" machi="28" ten="30,1500,0" yaku="20,1" doraHai="20" who="0" fromWho="2" sc="250,15,250,0,250,-15,250,0" /><INIT seed="0,1,0,3,4,106" ten="265,250,235,250" oya="0" hai0="68,59,93,86,131,120,44,51,124,31,15,36,42" hai1="14,129,125,101,104,7,76,112,64,84,71,73,77" hai2="32,2,56,39,111,49,47,6,134,98,126,90,23" hai3="35,105,45,67,82,103,133,28,48,114,17,3,91"/><T60/><D120/><U109/><E71/><V61/><F111/><W110/><G114/><T107/><D107/><U0/><E64/><V94/><F134/><W102/><G3/><T75/><D131/><U50/><E14/><V63/><F32/><W33/><G110/><T117/><D117/><U118/><E109/><V22/><F126/><W87/><G133/><T53/><D124/><U11/><E125/><V65/><F39/><W26/><G35/><T13/><D31/><U119/><E50/><V25/><F2/><W24/><G67/><N who="0" m="41063" /><D75/><U83/><E129/><V130/><F130/><W54/><REACH who="3" step="1"/><G105/><REACH who="3" ten="265,250,235,240" step="2"/><T89/><AGARI ba="1,1" hai="13,15,36,42,44,51,53,59,86,89,93" m="41063" machi="89" ten="30,1500,0" yaku="24,1" doraHai="106" who="0" fromWho="0" sc="265,28,250,-6,235,-6,240,-6" /><INIT seed="0,2,0,4,4,98" ten="293,244,229,234" oya="0" hai0="47,58,77,30,131,109,117,14,67,33,23,101,6" hai1="27,79,11,71,113,46,48,121,17,52,86,63,119" hai2="134,25,28,12,51,50,34,76,135,80,66,103,116" hai3="57,105,64,93,120,84,111,70,96,59,2,74,62"/><T73/><D117/><U10/><E119/><V53/><F66/><W19/><G74/><T106/><D33/><U7/><E121/><V94/><F116/><W8/><G120/><T49/><D73/><U81/><E113/><V41/><F12/><W130/><G111/><T22/><D77/><U115/><E115/><V97/><F41/><W18/><G130/><T89/><D131/><U39/><E39/><V32/><F32/><W1/><G105/><T127/><D127/><U125/><E125/><V4/><F4/><W91/><G84/><T31/><D109/><U45/><E45/><V114/><F114/><W128/><G128/><T123/><D123/><U29/><E17/><V118/><F118/><W40/><G40/><T108/><D106/><U85/><E85/><V26/><F26/><W37/><G37/><T68/><D68/><U132/><E132/><N who="2" m="50731" /><F53/><W0/><REACH who="3" step="1"/><G8/><REACH who="3" ten="293,244,229,224" step="2"/><T126/><D108/><U133/><E133/><V69/><F69/><W72/><G72/><AGARI ba="2,1" hai="25,28,34,50,51,72,76,80,94,97,103" m="50731" machi="72" ten="30,2000,0" yaku="20,1,52,1" doraHai="98" who="2" fromWho="3" sc="293,0,244,0,229,36,224,-26" /><INIT seed="1,0,0,4,0,6" ten="293,244,265,198" oya="1" hai0="83,36,78,1,19,42,95,66,14,31,59,57,85" hai1="41,108,107,96,100,38,122,11,94,26,16,44,89" hai2="72,53,109,34,131,102,23,27,2,73,58,124,45" hai3="103,115,0,67,120,39,52,18,25,60,10,135,114"/><U91/><E122/><V84/><F34/><W82/><G120/><T80/><D1/><U75/><E75/><V99/><F2/><W90/><G39/><T111/><D111/><U7/><E108/><V24/><F109/><W126/><G126/><T51/><D36/><U133/><E133/><V48/><F124/><W97/><G135/><T77/><D31/><U132/><E132/><V88/><F131/><W43/><G43/><T17/><D95/><U49/><E38/><V74/><F45/><W130/><G130/><T30/><D30/><U116/><E116/><V117/><F117/><W54/><G25/><T13/><D66/><U33/><E107/><V105/><REACH who="2" step="1"/><F23/><REACH who="2" ten="293,244,255,198" step="2"/><W69/><G114/><T123/><D123/><U61/><E33/><V93/><AGARI ba="0,1" hai="24,27,48,53,58,72,73,74,84,88,93,99,102,105" machi="93" ten="30,12000,2" yaku="1,1,2,1,0,1,54,1,53,2" doraHai="6" doraHaiUra="21" who="2" fromWho="2" sc="293,-30,244,-60,255,130,198,-30" /><INIT seed="2,0,0,5,5,118" ten="263,184,385,168" oya="2" hai0="10,3,61,105,18,49,129,51,32,41,78,68,19" hai1="38,39,135,37,60,101,62,112,67,93,43,54,25" hai2="52,131,53,57,45,89,77,33,90,73,16,11,28" hai3="110,97,84,46,79,23,27,9,31,134,7,86,22"/><V74/><F131/><W87/><G110/><T15/><D129/><U100/><E112/><V115/><F115/><W14/><G134/><T20/><D105/><U36/><E135/><V127/><F127/><W106/><G106/><T13/><D32/><U108/><E108/><V91/><F77/><W120/><G120/><T59/><D68/><U64/><E25/><V4/><F33/><W98/><G79/><T107/><D107/><U8/><E8/><V21/><F28/><W76/><G76/><T24/><D3/><U99/><E101/><V81/><F81/><W42/><REACH who="3" step="1"/><G22/><REACH who="3" ten="263,184,385,158" step="2"/><T2/><D2/><U58/><REACH who="1" step="1"/><E62/><REACH who="1" ten="263,174,385,158" step="2"/><V92/><F11/><W102/><G102/><T69/><D61/><U65/><E65/><V96/><F74/><W125/><G125/><T82/><D10/><U70/><E70/><V116/><F73/><W1/><G1/><T30/><D69/><U123/><E123/><V103/><F116/><W126/><G126/><T119/><D119/><U113/><E113/><V83/><F103/><W6/><G6/><T44/><D78/><U0/><E0/><V72/><F4/><W12/><G12/><T130/><D13/><U71/><E71/><V40/><F72/><W66/><G66/><T29/><D15/><U55/><E55/><V133/><F53/><W104/><G104/><T117/><D117/><U94/><E94/><V128/><F92/><W80/><G80/><T35/><D24/><U122/><E122/><V63/><F83/><W132/><G132/><T85/><D82/><U47/><AGARI ba="0,2" hai="36,37,38,39,43,47,54,58,60,64,67,93,99,100" machi="47" ten="40,5200,0" yaku="1,1,0,1,53,1" doraHai="118" doraHaiUra="56" who="1" fromWho="1" sc="263,-13,174,72,385,-26,158,-13" /><INIT seed="3,0,0,3,2,11" ten="250,246,359,145" oya="3" hai0="3,108,45,60,5,62,113,78,14,134,13,57,41" hai1="124,118,102,120,91,92,110,125,72,39,49,61,71" hai2="54,18,63,87,38,90,64,107,26,9,83,15,30" hai3="122,67,105,109,37,32,44,85,84,98,16,65,0"/><W7/><G122/><T116/><D116/><U123/><E110/><V22/><F107/><W114/><G114/><T29/><D108/><U104/><E39/><V100/><F38/><W129/><G32/><T10/><D134/><U106/><E118/><V66/><F100/><W70/><G109/><T93/><D113/><U25/><E72/><V35/><F35/><W21/><G129/><T4/><D29/><U46/><E102/><V1/><F1/><W130/><G130/><T95/><D78/><U27/><E104/><V19/><F30/><W97/><G7/><T68/><D68/><U86/><E106/><V2/><F2/><W126/><G0/><T81/><D81/><U89/><E89/><V42/><F42/><W99/><G105/><T111/><D111/><U31/><E61/><V80/><F80/><W135/><G135/><T48/><D3/><U59/><E59/><AGARI ba="0,0" hai="9,15,18,19,22,26,54,59,63,64,66,83,87,90" machi="59" ten="40,2600,0" yaku="8,1,52,1" doraHai="11" who="2" fromWho="1" sc="250,0,246,-26,359,26,145,0" owari="250,5.0,220,-18.0,385,48.5,145,-35.5" /></mjloggm>