<mjloggm ver="2.3"><GO type="225" lobby="0"/><UN n0="%E5%B8%86%E7%AB%8B%E5%A4%8F%E8%A1%A3" n1="%E3%81%A1%E3%82%85%E3%81%86%E3%81%A9%E3%81%8F%E8%B1%A1%E3%81%95%E3%82%93" n2="%6D%75%75%6D%75%72%61" n3="%E3%81%8F%E3%81%BE%E3%81%96%E3%82%8F" dan="17,17,17,16" rate="2159.05,2173.44,2192.41,2055.31" sx="M,M,F,M"/><TAIKYOKU oya="0"/><INIT seed="0,0,0,5,1,69" ten="250,250,250,250" oya="0" hai0="118,123,47,0,49,74,61,27,14,129,71,36,33" hai1="66,18,23,101,86,132,72,134,43,59,30,89,3" hai2="28,1,102,54,88,112,9,99,52,119,80,120,57" hai3="68,37,6,130,17,81,38,82,116,83,60,50,135"/><T34/><D118/><U104/><E3/><V31/><F120/><W84/><G116/><T85/><D123/><U55/><E72/><V25/><F112/><W100/><G6/><T75/><D129/><U110/><E43/><V117/><F117/><W8/><G100/><T77/><D0/><U78/><E66/><V92/><F119/><W42/><G68/><T13/><D85/><U114/><E78/><V93/><F80/><W29/><G29/><T97/><D97/><U7/><E7/><V98/><F57/><W121/><G121/><T21/><D34/><U79/><E79/><V126/><F126/><W111/><G60/><T95/><D95/><U103/><E30/><V109/><F109/><W125/><G84/><T11/><D33/><U10/><E10/><V105/><F105/><W45/><G135/><N who="1" m="51754" /><E104/><V96/><F96/><W56/><G111/><T20/><D77/><U44/><E44/><V15/><F1/><W62/><G125/><T63/><D11/><U131/><E131/><V128/><F128/><W19/><G130/><T4/><D4/><U106/><E106/><V22/><F28/><W5/><G19/><AGARI ba="0,0" hai="9,15,19,22,25,31,52,54,88,92,93,98,99,102" machi="19" ten="30,7700,0" yaku="7,1,8,1,54,2" doraHai="69" who="2" fromWho="3" sc="250,0,250,0,250,77,250,-77" /><INIT seed="1,0,0,2,3,18" ten="250,250,327,173" oya="1" hai0="52,54,35,66,16,117,123,97,27,60,109,87,89" hai1="0,22,61,94,105,32,107,9,75,78,100,42,71" hai2="85,51,39,49,13,23,34,33,25,116,108,92,104" hai3="102,74,133,70,124,2,56,121,115,41,101,50,125"/><U20/><E32/><V131/><F39/><W6/><G74/><T128/><D109/><U67/><E42/><V120/><F116/><W28/><G115/><T26/><D128/><U4/><E94/><V82/><F120/><W24/><G70/><T95/><D117/><U12/><E12/><V7/><F104/><W135/><G121/><T86/><D123/><U114/><E114/><V80/><F108/><W63/><G6/><T53/><D35/><U36/><E36/><V103/><F131/><W77/><G77/><T59/><REACH who="0" step="1"/><D16/><REACH who="0" ten="240,250,327,173" step="2"/><U111/><E111/><V99/><F33/><W65/><G125/><T84/><AGARI ba="0,1" hai="26,27,52,53,54,59,60,66,84,86,87,89,95,97" machi="84" ten="30,8000,1" yaku="1,1,2,1,0,1,8,1,54,1,53,0" doraHai="18" doraHaiUra="106" who="0" fromWho="0" sc="240,90,250,-40,327,-20,173,-20" /><INIT seed="2,0,0,1,2,118" ten="330,210,307,153" oya="2" hai0="22,83,122,52,104,15,103,110,37,51,62,53,64" hai1="40,135,115,7,56,11,68,114,10,82,54,80,121" hai2="76,12,85,25,75,119,95,35,4,65,49,44,129" hai3="57,38,14,39,17,28,108,97,107,98,109,73,78"/><V99/><F119/><W27/><G73/><T133/><D37/><U31/><E68/><V100/><F129/><W2/><G2/><T3/><D3/><U24/><E40/><V9/><F65/><W124/><G78/><T88/><D110/><N who="3" m="42601" /><G57/><N who="0" m="36943" /><D122/><U0/><E135/><V26/><F75/><W89/><G107/><T20/><D104/><U42/><E11/><V112/><F35/><N who="3" m="20895" /><G89/><T86/><D133/><U6/><E6/><V8/><F8/><N who="3" m="6343" /><G124/><T59/><D103/><U36/><E114/><V90/><F112/><W87/><G87/><T66/><D66/><U63/><E115/><V130/><F130/><W111/><N who="3" m="42609" /><W23/><DORA hai="58" /><G23/><N who="0" m="8747" /><D15/><U70/><E0/><V134/><F134/><W74/><G74/><T81/><D53/><U46/><E54/><N who="2" m="29991" /><F76/><W128/><G128/><T79/><D79/><U123/><E70/><V18/><F100/><W29/><G29/><T45/><D59/><U60/><E56/><V69/><F69/><W120/><G120/><N who="1" m="46154" /><E31/><V101/><F4/><W13/><G13/><T105/><D105/><U117/><E117/><V55/><F55/><W116/><G116/><T19/><D19/><U102/><E102/><V5/><F5/><W67/><G67/><T71/><D71/><U21/><E21/><V72/><F72/><W41/><G41/><T127/><D127/><U1/><E24/><V84/><F101/><W106/><G106/><T96/><D96/><U30/><E30/><V94/><F99/><W113/><G113/><T77/><D77/><U32/><E32/><V33/><F33/><W91/><G98/><T48/><D83/><AGARI ba="0,0" hai="1,7,10,36,42,46,60,63,80,82,83" m="46154" machi="83" ten="30,12000,2" yaku="6,1,13,1,52,5" doraHai="118,58" who="1" fromWho="0" sc="330,-120,210,120,307,0,153,0" /><INIT seed="3,0,0,5,3,24" ten="210,330,307,153" oya="3" hai0="72,108,17,115,11,116,2,18,84,15,31,129,67" hai1="79,126,109,113,47,75,48,65,83,86,39,94,100" hai2="42,4,54,34,96,61,91,63,127,97,118,51,92" hai3="85,74,3,35,12,28,89,104,13,124,40,66,50"/><W10/><G124/><T102/><D72/><U78/><E39/><V130/><F118/><W132/><G74/><T131/><D116/><U52/><E113/><V8/><F127/><W21/><G132/><T16/><D115/><U70/><E126/><V26/><F130/><N who="0" m="49674" /><D108/><U59/><E109/><V99/><F42/><W101/><G35/><T135/><D135/><U57/><E78/><V46/><F34/><W41/><G3/><T105/><D67/><U134/><E134/><V73/><F73/><W60/><G104/><T30/><D2/><U33/><E33/><V49/><F49/><W55/><G101/><T38/><D38/><U6/><E70/><V121/><F26/><N who="3" m="16463" /><G66/><T125/><D84/><U22/><E65/><V36/><F36/><W107/><G107/><T88/><D88/><U133/><E133/><V27/><F27/><W32/><G32/><T20/><D125/><U103/><E75/><V7/><F121/><W64/><G64/><T43/><D43/><N who="3" m="16457" /><G60/><T117/><D117/><U53/><E103/><V93/><F63/><W25/><G25/><N who="0" m="14471" /><D18/><U128/><E128/><V87/><F61/><W98/><G98/><AGARI ba="0,0" hai="11,15,17,30,31,98,102,105" m="14471,49674" machi="98" ten="30,7700,0" yaku="19,1,52,2,54,1" doraHai="24" who="0" fromWho="3" sc="210,77,330,0,307,0,153,-77" owari="287,-11.3,330,43.0,307,10.7,76,-42.4" /></mjloggm>