<mjloggm ver="2.3"><GO type="225" lobby="0"/><UN n0="%E9%80%9F%E6%B0%B4%E5%87%9B%E9%A6%99" n1="%E3%81%B2%E3%81%AA%E3%81%AE%E3%82%8A%E3%81%8F" n2="%72%61%6B%33" n3="%45%6C%79%73%69%75%6D" dan="16,16,16,18" rate="2099.11,2158.54,2171.19,2156.27" sx="F,M,M,F"/><TAIKYOKU oya="0"/><INIT seed="0,0,0,2,2,40" ten="250,250,250,250" oya="0" hai0="105,76,7,8,62,30,112,52,19,33,82,36,70" hai1="61,77,114,32,63,44,65,126,50,31,135,3,34" hai2="67,4,116,101,90,66,124,81,48,121,64,41,79" hai3="58,98,20,23,72,119,35,42,28,13,89,111,78"/><T73/><D112/><U104/><E3/><V39/><F121/><W83/><G119/><T94/><D105/><U56/><E114/><V128/><F116/><W22/><G111/><T57/><D70/><U43/><E135/><V16/><F124/><W130/><G130/><T106/><D106/><U5/><E5/><V38/><F128/><W51/><G35/><T92/><D19/><U127/><E104/><V74/><F101/><W109/><G109/><T87/><D87/><U100/><E100/><V96/><F4/><W108/><G108/><T85/><D85/><U68/><E77/><V88/><F48/><W80/><G80/><T17/><D17/><U2/><E2/><V131/><F131/><W110/><G110/><T14/><REACH who="0" step="1"/><D36/><REACH who="0" ten="240,250,250,250" step="2"/><U26/><REACH who="1" step="1"/><E34/><REACH who="1" ten="240,240,250,250" step="2"/><V86/><F79/><W45/><G78/><T59/><D59/><U95/><E95/><V99/><F74/><W60/><G72/><T0/><D0/><U107/><E107/><V1/><F1/><W37/><G58/><T25/><AGARI ba="0,2" hai="7,8,14,25,30,33,52,57,62,73,76,82,92,94" machi="25" ten="30,11700,0" yaku="1,1,0,1,54,1,53,1" doraHai="40" doraHaiUra="10" who="0" fromWho="0" sc="240,137,240,-39,250,-39,250,-39" /><INIT seed="0,1,0,0,0,49" ten="377,201,211,211" oya="0" hai0="37,117,40,130,15,35,113,11,2,105,31,121,81" hai1="108,30,28,38,39,122,74,43,18,60,57,115,3" hai2="107,33,8,109,51,114,50,48,119,5,93,63,7" hai3="124,97,70,91,110,68,83,20,73,98,76,102,47"/><T52/><D105/><U42/><E3/><V104/><F114/><W82/><G20/><T27/><D113/><U66/><E115/><V134/><F33/><W100/><G47/><T123/><D117/><U1/><E1/><V59/><F119/><W79/><G91/><T80/><D130/><U112/><E112/><V99/><F109/><W22/><G22/><T135/><D135/><U0/><E0/><V118/><F118/><W61/><G124/><T65/><D65/><U64/><E74/><V86/><F86/><W129/><G61/><T127/><D127/><U62/><E108/><V78/><F78/><W69/><G110/><T96/><D2/><U92/><E18/><V131/><F134/><W132/><G132/><T58/><D40/><U10/><E10/><V29/><F29/><W87/><REACH who="3" step="1"/><G129/><REACH who="3" ten="377,201,211,201" step="2"/><T103/><D37/><U56/><REACH who="1" step="1"/><E92/><REACH who="1" ten="377,191,211,201" step="2"/><V4/><F131/><W21/><G21/><N who="0" m="15855" /><D123/><AGARI ba="1,2" hai="28,30,38,39,42,43,56,57,60,62,64,66,122,123" machi="123" ten="25,3200,0" yaku="1,1,22,2,53,0" doraHai="49" doraHaiUra="41" who="1" fromWho="0" sc="377,-35,191,55,211,0,201,0" /><INIT seed="1,0,0,4,2,87" ten="342,246,211,201" oya="1" hai0="95,58,54,130,60,68,76,45,89,71,124,114,101" hai1="83,107,34,115,111,105,19,55,31,85,99,113,61" hai2="15,50,29,1,27,57,67,41,69,12,38,77,40" hai3="6,25,132,96,11,62,126,20,98,53,129,2,133"/><U16/><E111/><V92/><F1/><W22/><G126/><T93/><D114/><U81/><E34/><V120/><F120/><W14/><G129/><T48/><D76/><U0/><E0/><V17/><F77/><W127/><G127/><T74/><D74/><U39/><E39/><V51/><F38/><W52/><G2/><T70/><D124/><U10/><E31/><V100/><F69/><W94/><G22/><T42/><D130/><U18/><E10/><V103/><F67/><W43/><G43/><T117/><D117/><U37/><E37/><V122/><F122/><W80/><G80/><T97/><REACH who="0" step="1"/><D71/><REACH who="0" ten="332,246,211,201" step="2"/><U116/><E116/><V7/><F40/><W121/><G121/><T79/><D79/><U59/><E113/><V125/><F41/><W78/><G78/><T35/><D35/><U72/><E72/><V5/><F125/><W32/><G32/><T28/><D28/><U46/><E115/><V82/><F29/><N who="3" m="17575" /><G132/><T128/><D128/><U118/><E118/><V109/><F109/><W86/><G133/><T24/><D24/><U44/><E44/><V90/><F27/><W91/><G62/><T135/><D135/><U26/><E61/><V104/><F104/><W30/><G30/><T63/><D63/><U3/><E107/><V23/><F23/><W47/><G47/><T33/><D33/><U73/><E46/><V4/><F57/><W88/><G98/><AGARI ba="0,1" hai="42,45,48,54,58,60,68,70,89,93,95,97,98,101" machi="98" ten="30,3900,0" yaku="1,1,7,1,52,1,53,0" doraHai="87" doraHaiUra="110" who="0" fromWho="3" sc="332,49,246,0,211,0,201,-39" /><INIT seed="2,0,0,0,3,59" ten="381,246,211,162" oya="2" hai0="54,76,128,63,109,81,91,19,108,100,113,88,68" hai1="58,120,20,10,50,25,35,115,47,44,30,53,24" hai2="31,135,29,34,110,133,69,130,125,134,70,111,112" hai3="39,26,37,93,73,13,1,55,9,121,56,126,17"/><V22/><F112/><W23/><G121/><T66/><D113/><U57/><E115/><V51/><F34/><W7/><G126/><T114/><D114/><U46/><E120/><V129/><F51/><W6/><G73/><T16/><D100/><U38/><E38/><V87/><F87/><W52/><G55/><T0/><D0/><U90/><E10/><V14/><F125/><W131/><G131/><N who="2" m="50185" /><F14/><W33/><G6/><T97/><D54/><U99/><E58/><V84/><F84/><W65/><G65/><T8/><D8/><U89/><REACH who="1" step="1"/><E99/><REACH who="1" ten="381,236,211,162" step="2"/><V80/><F80/><W32/><G93/><T119/><D97/><U118/><E118/><V101/><F101/><W60/><REACH who="3" step="1"/><G33/><REACH who="3" ten="381,236,211,152" step="2"/><T2/><D128/><U104/><E104/><V102/><F102/><W40/><G40/><T96/><D119/><U94/><E94/><V117/><F117/><W72/><G72/><T21/><D96/><U3/><E3/><V106/><F106/><W64/><G64/><T18/><D2/><U123/><E123/><V77/><F135/><W5/><G5/><T122/><D122/><U95/><E95/><V36/><F134/><W83/><G83/><T11/><D81/><U132/><E132/><V28/><F133/><W12/><G12/><T98/><D66/><U15/><E15/><V43/><F43/><W79/><G79/><T116/><D76/><U62/><E62/><V78/><F77/><W45/><G45/><T92/><D63/><U74/><E74/><V124/><F78/><W75/><G75/><T42/><D116/><U27/><E27/><N who="2" m="16503" /><F124/><W4/><G4/><RYUUKYOKU ba="0,2" sc="381,-15,236,15,211,-15,152,15" hai1="20,24,25,30,35,44,46,47,50,53,57,89,90" hai3="1,7,9,13,17,23,26,32,37,39,52,56,60" /><INIT seed="3,1,2,5,2,1" ten="366,251,196,167" oya="3" hai0="129,12,88,55,76,110,23,62,119,113,7,37,11" hai1="89,2,84,122,93,81,125,71,50,6,101,78,72" hai2="73,26,19,48,121,63,27,111,80,118,124,41,10" hai3="83,75,107,43,133,106,38,21,39,59,24,123,82"/><W102/><G123/><T128/><D37/><U60/><E122/><V103/><F118/><W130/><G130/><T46/><D119/><U77/><E77/><V25/><F121/><W3/><G3/><T114/><D76/><U126/><E101/><V53/><F111/><W14/><G133/><T98/><D110/><U120/><E120/><V97/><F124/><N who="1" m="47721" /><E50/><V117/><F117/><W127/><G127/><T94/><D23/><U108/><E108/><V92/><F73/><W74/><G74/><T16/><D7/><U30/><E30/><V49/><F80/><W56/><G14/><T132/><D132/><U51/><E51/><N who="2" m="19531" /><F41/><W112/><G112/><N who="0" m="43115" /><D46/><U131/><E131/><V135/><F135/><W61/><G75/><T8/><D8/><N who="1" m="2135" /><E60/><V67/><F63/><W134/><G134/><T65/><D55/><U29/><E29/><V22/><F53/><W64/><G43/><T70/><AGARI ba="1,2" hai="11,12,16,62,65,70,88,94,98,128,129" m="43115" machi="70" ten="30,4000,0" yaku="11,1,54,2" doraHai="1" who="0" fromWho="0" sc="366,63,251,-11,196,-11,167,-21" owari="429,52.9,240,4.0,185,-21.5,146,-35.4" /></mjloggm>