<mjloggm ver="2.3"><GO type="225" lobby="0"/><UN n0="%72%61%6B%33" n1="%E9%89%A2%E5%B7%BB%E3%82%AC%E3%83%96" n2="%E3%83%A9%E3%83%BC%E3%83%A1%E3%83%B3%E4%BA%94%E9%83%8E" n3="%6E%69%63%6B%6C%6F%77" dan="18,16,16,16" rate="2257.72,2079.30,2043.45,2134.36" sx="M,M,M,F"/><TAIKYOKU oya="0"/><INIT seed="0,0,0,1,3,28" ten="250,250,250,250" oya="0" hai0="70,93,61,111,79,58,134,52,21,60,97,117,42" hai1="101,64,76,14,83,122,104,51,62,34,39,38,126" hai2="133,98,13,96,121,135,43,132,127,63,35,128,99" hai3="25,87,77,10,0,8,123,31,32,113,103,72,33"/><T55/><D117/><U131/><E122/><V22/><F121/><W11/><G123/><T71/><D134/><U59/><E126/><V48/><F127/><W15/><G72/><T7/><D111/><U20/><E131/><V54/><F128/><W116/><G103/><T129/><D129/><U1/><E1/><V44/><F63/><W41/><G116/><T30/><D79/><U84/><E104/><V73/><F73/><W46/><G0/><T17/><D42/><U36/><E101/><V118/><F118/><W40/><G113/><T82/><D82/><U66/><E66/><V115/><F115/><W86/><G41/><T67/><D7/><U47/><E34/><V19/><F43/><W9/><G77/><T75/><D75/><U18/><REACH who="1" step="1"/><E38/><REACH who="1" ten="250,240,250,250" step="2"/><V85/><F85/><W114/><G114/><T4/><D71/><U6/><E6/><V107/><F107/><W112/><G112/><T120/><D4/><U94/><E94/><V56/><REACH who="2" step="1"/><F35/><REACH who="2" ten="250,240,240,250" step="2"/><W102/><G33/><T92/><D120/><U37/><E37/><V105/><F105/><W100/><G86/><T3/><D70/><U68/><E68/><V90/><F90/><W27/><G87/><T130/><D130/><U124/><E124/><V91/><F91/><W74/><G74/><T5/><D3/><U29/><E29/><V2/><F2/><W24/><G102/><T12/><D30/><U16/><E16/><V89/><F89/><W65/><G100/><N who="0" m="60455" /><D5/><U95/><E95/><V45/><AGARI ba="0,2" hai="13,19,22,44,45,48,54,56,96,98,99,132,133,135" machi="45" ten="40,5200,0" yaku="1,1,0,1,20,1,53,0" doraHai="28" doraHaiUra="108" who="2" fromWho="2" sc="250,-26,240,-13,240,72,250,-13" /><INIT seed="1,0,0,0,0,13" ten="224,227,312,237" oya="1" hai0="44,5,107,18,67,78,103,61,17,99,104,54,40" hai1="100,57,33,114,89,60,0,91,6,19,90,110,8" hai2="68,29,77,95,30,128,92,14,36,27,125,117,3" hai3="43,133,86,20,130,118,84,2,7,88,76,63,41"/><U4/><E114/><V46/><F3/><W121/><G121/><T16/><D107/><U25/><E110/><V82/><F68/><W96/><G2/><T22/><D78/><U132/><E132/><V111/><F117/><W24/><G133/><T31/><D5/><U37/><E37/><V87/><F111/><W35/><G35/><T1/><D1/><U101/><E4/><V45/><F125/><W71/><G130/><T23/><D54/><U32/><E32/><V70/><F70/><W49/><G7/><T123/><D123/><U42/><E42/><V39/><F128/><W75/><G75/><T93/><D104/><U73/><E73/><V85/><F85/><W126/><G71/><T56/><REACH who="0" step="1"/><D31/><REACH who="0" ten="214,227,312,237" step="2"/><U15/><E33/><V38/><F30/><W55/><G118/><T59/><D59/><U79/><E79/><V131/><F77/><W83/><G126/><T64/><D64/><U69/><E69/><V74/><F29/><N who="3" m="17543" /><G63/><T47/><D47/><U72/><E72/><V113/><F45/><N who="3" m="28079" /><G96/><T108/><D108/><U109/><E109/><V124/><F74/><W122/><G122/><T102/><D102/><U52/><REACH who="1" step="1"/><E25/><REACH who="1" ten="214,217,312,237" step="2"/><V135/><F27/><W115/><G115/><T98/><D98/><U120/><E120/><V134/><F135/><W53/><G53/><T62/><D62/><U21/><AGARI ba="0,2" hai="0,6,8,15,19,21,52,57,60,89,90,91,100,101" machi="21" ten="30,12000,1" yaku="1,1,0,1,52,1,54,1,53,1" doraHai="13" doraHaiUra="51" who="1" fromWho="1" sc="214,-40,217,140,312,-40,237,-40" /><INIT seed="1,1,0,1,2,92" ten="174,357,272,197" oya="1" hai0="89,119,69,50,11,107,84,100,85,6,81,125,77" hai1="13,76,78,99,26,116,40,108,117,66,32,59,72" hai2="67,9,115,121,48,126,33,110,102,35,37,57,22" hai3="130,120,14,25,5,56,106,2,113,10,46,127,68"/><U18/><E108/><V42/><F121/><W109/><G46/><T135/><D125/><U41/><E66/><V128/><F126/><W51/><G51/><T95/><D135/><U91/><E59/><V94/><F110/><W87/><G56/><T93/><D119/><U71/><E26/><V24/><F37/><W65/><G87/><T97/><D69/><U34/><E13/><V30/><F128/><W8/><G65/><T21/><D21/><U129/><E18/><V15/><F115/><W79/><G79/><T96/><D50/><U63/><E91/><V55/><F42/><W132/><G10/><T44/><D44/><U70/><E72/><V131/><F131/><W60/><G60/><T29/><D29/><U27/><E27/><V88/><F102/><W19/><G19/><T61/><D61/><U31/><E63/><V53/><F53/><W133/><G14/><T98/><D107/><U47/><E129/><V134/><F134/><W112/><G5/><T38/><D38/><U7/><E31/><V105/><F105/><W52/><G112/><T20/><D20/><U0/><E47/><V82/><F82/><W54/><G133/><T111/><D111/><U1/><E7/><N who="2" m="3519" /><F67/><W90/><G130/><T58/><D58/><U101/><E101/><V74/><F74/><W124/><G68/><T80/><D80/><U49/><E49/><V122/><F122/><W103/><G124/><T36/><D36/><U75/><E75/><V118/><F118/><W17/><G127/><T28/><D28/><U39/><E39/><V73/><F73/><W3/><G120/><RYUUKYOKU ba="1,0" sc="174,10,357,10,272,10,197,-30" hai0="6,11,77,81,84,85,89,93,95,96,97,98,100" hai1="0,1,32,34,40,41,70,71,76,78,99,116,117" hai2="22,24,30,33,35,48,55,57,88,94" /><INIT seed="1,2,0,5,1,12" ten="184,367,282,167" oya="1" hai0="42,11,121,75,91,15,129,100,109,61,90,79,98" hai1="34,119,19,51,2,16,43,47,80,92,35,4,59" hai2="56,62,102,94,54,116,93,101,52,85,31,112,10" hai3="17,48,20,115,105,73,70,38,55,114,3,71,45"/><U66/><E119/><V64/><F116/><W7/><G105/><T107/><D61/><N who="1" m="38207" /><E35/><V74/><F74/><W128/><G73/><T46/><D109/><U130/><E34/><V131/><F131/><W113/><G128/><T63/><D129/><U27/><E2/><V117/><F117/><W13/><REACH who="3" step="1"/><G38/><REACH who="3" ten="184,367,282,157" step="2"/><T30/><D75/><U103/><E130/><V21/><F112/><W87/><G87/><T0/><D107/><U22/><E4/><V78/><F85/><W29/><G29/><T135/><D30/><N who="1" m="17783" /><E80/><V69/><F31/><W60/><G60/><T95/><D63/><U122/><E122/><V25/><F62/><W49/><G49/><T84/><D121/><U28/><E28/><V77/><F93/><W111/><G111/><T89/><D95/><U96/><AGARI ba="2,1" hai="16,19,43,47,51,92,96,103" m="17783,38207" machi="96" ten="30,12000,1" yaku="25,1,8,1,52,2,54,1" doraHai="12" who="1" fromWho="1" sc="184,-42,367,136,282,-42,157,-42" /><INIT seed="1,3,0,3,2,83" ten="142,503,240,115" oya="1" hai0="114,72,129,56,37,101,112,63,100,53,24,113,7" hai1="80,64,42,35,127,59,69,78,67,61,87,25,71" hai2="47,86,68,13,19,126,119,6,9,66,55,85,46" hai3="90,12,27,8,99,79,122,17,77,30,22,111,130"/><U60/><E127/><V128/><F119/><W75/><G111/><T45/><D72/><U109/><E109/><V0/><F126/><W2/><G130/><T38/><D129/><U73/><E42/><V131/><F131/><W117/><G122/><T21/><D7/><U104/><E104/><V4/><F128/><W74/><G117/><T26/><D26/><U133/><E59/><V29/><F29/><W10/><G74/><T95/><D45/><U116/><E133/><V108/><F108/><W54/><G75/><T32/><D32/><U39/><E39/><V20/><F6/><W43/><G43/><T106/><D106/><U5/><E5/><V28/><F28/><W82/><G2/><T118/><D118/><U58/><E58/><V34/><F34/><W23/><G54/><T93/><D93/><U120/><E116/><V15/><F0/><W1/><G1/><T76/><D76/><N who="3" m="29257" /><G99/><T105/><D105/><U52/><E120/><V94/><F94/><W103/><G103/><T124/><D124/><U51/><E25/><V107/><F107/><W31/><G31/><T125/><D125/><U134/><E35/><V14/><F14/><W11/><G11/><T123/><D123/><U110/><E110/><V16/><F4/><W96/><G96/><N who="0" m="59423" /><D101/><U89/><E134/><V135/><F135/><W36/><G36/><T88/><D37/><U70/><E73/><V49/><F46/><W91/><G91/><T44/><D88/><U62/><E89/><V65/><F68/><W18/><G30/><N who="0" m="17679" /><D38/><U50/><E71/><V92/><F92/><W81/><G90/><RYUUKYOKU ba="3,0" sc="142,0,503,0,240,0,115,0" hai0="44,53,56,63,112,113,114" hai1="50,51,52,60,61,62,64,67,69,70,78,80,87" hai2="9,13,15,16,19,20,47,49,55,65,66,85,86" hai3="8,10,12,17,18,22,23,27,81,82" /><INIT seed="1,4,0,5,1,5" ten="142,503,240,115" oya="1" hai0="89,33,31,132,95,135,40,65,34,10,0,96,84" hai1="50,52,91,4,102,124,6,62,41,117,11,77,79" hai2="101,36,130,78,29,105,73,133,32,104,47,43,119" hai3="3,9,103,100,81,116,114,21,87,25,24,106,49"/><U128/><E117/><V82/><F119/><W111/><G114/><T88/><D65/><U125/><E4/><V14/><F130/><W118/><G3/><T63/><D63/><U134/><E102/><N who="3" m="38954" /><G106/><T15/><D40/><U94/><E62/><V69/><F69/><W131/><G118/><T64/><D64/><U23/><E23/><V71/><F71/><W53/><G116/><T121/><D0/><U98/><E41/><V86/><F133/><N who="0" m="51274" /><D31/><U122/><E122/><V57/><F57/><N who="3" m="32943" /><G111/><T7/><D121/><U129/><E134/><V112/><F112/><W123/><G131/><N who="1" m="50250" /><E79/><V48/><F105/><W16/><G123/><T107/><D107/><U93/><E93/><AGARI ba="4,0" hai="7,10,15,33,34,84,88,89,93,95,96" m="51274" machi="93" ten="30,3900,0" yaku="20,1,52,1,54,1" doraHai="5" who="0" fromWho="1" sc="142,51,503,-51,240,0,115,0" /><INIT seed="2,0,0,0,5,17" ten="193,452,240,115" oya="2" hai0="116,94,67,119,74,54,86,85,134,32,76,37,124" hai1="23,39,63,82,93,81,91,8,9,114,79,135,56" hai2="96,50,111,13,41,118,16,43,10,20,45,58,102" hai3="6,52,53,130,108,125,21,133,2,33,83,30,25"/><V110/><F118/><W115/><G108/><N who="2" m="41513" /><F58/><W131/><G125/><T51/><D124/><U64/><E39/><V101/><F41/><W36/><G36/><T3/><D32/><U60/><E114/><V38/><F38/><W103/><G115/><T62/><D3/><U31/><E135/><V127/><F127/><W97/><G133/><T14/><D134/><U55/><E63/><V109/><N who="2" m="41521" /><V132/><DORA hai="0" /><F132/><W57/><G83/><T42/><D74/><U72/><E64/><V66/><F66/><W88/><G33/><T117/><D76/><U80/><E79/><V26/><F96/><W40/><G40/><T120/><D42/><U123/><E123/><V113/><F113/><W95/><G103/><T34/><D120/><U61/><E61/><V5/><AGARI ba="0,0" hai="5,10,13,16,20,26,43,45,50,101,102" m="41521" machi="5" ten="40,12000,1" yaku="14,1,10,1,52,2,54,1" doraHai="17,0" who="2" fromWho="2" sc="193,-40,452,-40,240,120,115,-40" /><INIT seed="2,1,0,0,1,126" ten="153,412,360,75" oya="2" hai0="10,48,124,91,84,37,28,99,128,7,3,89,20" hai1="86,23,113,59,54,131,22,64,94,121,46,97,13" hai2="103,96,87,29,11,72,50,42,15,109,76,102,58" hai3="30,52,107,38,127,53,4,21,119,57,9,98,135"/><V5/><F72/><W105/><G127/><T68/><D37/><U81/><E113/><V2/><F109/><W75/><G119/><T14/><D68/><U19/><E121/><V33/><F2/><W108/><G108/><T41/><D99/><U90/><E131/><V125/><F125/><W93/><G135/><T104/><D128/><U132/><E132/><V110/><F110/><W62/><G38/><T101/><D104/><U60/><E46/><N who="2" m="25943" /><F58/><W47/><G75/><T83/><D101/><N who="1" m="60599" /><E22/><V39/><F96/><W134/><G134/><T55/><D41/><U123/><E123/><V49/><F49/><W66/><G107/><T116/><D3/><U0/><E0/><V45/><F45/><W122/><G105/><T51/><D116/><U70/><E70/><V18/><F39/><W95/><G122/><T111/><D111/><U82/><E82/><N who="2" m="47559" /><F18/><W61/><G93/><T35/><D35/><U40/><E40/><V100/><F33/><W6/><G47/><T118/><D118/><U71/><E71/><V115/><F115/><W88/><G62/><T26/><D48/><U106/><E106/><V130/><F29/><W17/><G30/><T80/><D124/><U36/><E36/><V117/><F117/><W85/><G98/><T24/><D28/><U32/><E32/><V73/><F73/><W12/><REACH who="3" step="1"/><G4/><REACH who="3" ten="153,412,360,65" step="2"/><T1/><D7/><U133/><E133/><V129/><AGARI ba="1,1" hai="5,11,15,100,102,103,129,130" m="47559,25943" machi="129" ten="30,6000,0" yaku="25,1,52,2" doraHai="126" who="2" fromWho="2" sc="153,-21,412,-21,360,73,65,-21" /><INIT seed="2,2,0,5,0,113" ten="132,391,433,44" oya="2" hai0="97,88,32,49,128,127,28,96,14,129,9,70,7" hai1="54,112,22,33,74,12,134,130,18,133,20,1,51" hai2="35,68,95,31,25,58,11,91,122,43,85,30,73" hai3="57,26,121,92,94,123,102,93,110,131,41,64,27"/><V47/><F122/><W50/><G102/><T46/><D70/><U100/><E74/><V8/><F68/><W15/><G110/><T116/><D127/><U90/><E112/><V53/><F73/><W104/><G104/><T19/><D116/><U124/><E33/><V76/><F76/><W60/><G131/><T105/><D105/><U135/><E1/><V5/><F31/><W126/><G126/><T84/><D32/><U81/><E124/><V17/><F17/><W37/><G37/><T39/><D28/><U83/><E130/><N who="0" m="50281" /><D7/><U0/><E0/><V34/><F34/><W63/><G63/><T40/><D39/><U132/><N who="1" m="33792" /><DORA hai="114" /><U23/><E100/><V80/><F80/><AGARI ba="2,0" hai="9,14,19,40,46,49,80,84,88,96,97" m="50281" machi="80" ten="30,2000,0" yaku="19,1,54,1" doraHai="113,114" who="0" fromWho="2" sc="132,26,391,0,433,-26,44,0" /><INIT seed="3,0,0,4,5,85" ten="158,391,407,44" oya="3" hai0="91,14,29,40,82,104,50,123,60,34,64,56,39" hai1="15,44,113,45,70,66,53,80,128,130,24,120,37" hai2="2,78,20,32,7,118,74,81,129,116,102,107,3" hai3="68,72,114,135,62,41,1,19,97,63,93,117,127"/><W131/><G117/><N who="2" m="45161" /><F20/><W0/><G114/><T38/><D123/><U71/><E120/><V18/><F18/><W112/><G72/><T111/><D111/><U59/><E113/><V54/><F54/><W42/><G112/><T121/><D104/><U26/><E15/><V122/><F7/><W99/><G19/><T96/><D121/><U47/><E80/><V51/><F51/><W9/><G93/><T92/><D82/><U100/><E100/><V90/><F122/><W134/><G68/><N who="1" m="26154" /><E24/><V22/><F22/><W125/><REACH who="3" step="1"/><G131/><REACH who="3" ten="158,391,407,34" step="2"/><T95/><D95/><U67/><E130/><V12/><F129/><W46/><G46/><T79/><D92/><U58/><E128/><V43/><F74/><W119/><G119/><T57/><D96/><U31/><E26/><V76/><F107/><W132/><G132/><T83/><D83/><U23/><E31/><V98/><F81/><W73/><G73/><T105/><D105/><U25/><E45/><V84/><F98/><W48/><G48/><T87/><D50/><U35/><E47/><V88/><F76/><W115/><G115/><T27/><D29/><U11/><E44/><V133/><F78/><W101/><G101/><T16/><D79/><U6/><E59/><V55/><F102/><W13/><G13/><T61/><D14/><U28/><E58/><V94/><F12/><W89/><G89/><T49/><D16/><U8/><E28/><V109/><F133/><W69/><G69/><T33/><D27/><U5/><E6/><V10/><F90/><W52/><G52/><T126/><D57/><U65/><E5/><RYUUKYOKU ba="0,1" sc="158,-10,391,-10,407,-10,34,30" hai3="0,1,9,41,42,62,63,97,99,125,127,134,135" /><INIT seed="3,1,1,1,2,94" ten="148,381,397,64" oya="3" hai0="73,42,62,121,68,55,118,35,131,104,53,76,129" hai1="77,74,123,47,97,85,49,0,1,7,2,29,133" hai2="82,92,128,135,81,89,5,33,36,91,63,132,48" hai3="46,90,124,78,15,19,112,23,57,96,69,31,105"/><W106/><G112/><T79/><D118/><U32/><E123/><V18/><F128/><N who="0" m="49226" /><D121/><U41/><E74/><V30/><F36/><W25/><G69/><T122/><D122/><U14/><E133/><N who="2" m="51275" /><F5/><W70/><G70/><T56/><D104/><U9/><E97/><N who="2" m="57487" /><F48/><W58/><G124/><T110/><D110/><U61/><E61/><V27/><F18/><W38/><G106/><T11/><D35/><U120/><E120/><V113/><F113/><W126/><G126/><T4/><D42/><U59/><E59/><N who="3" m="22538" /><G38/><T119/><D119/><U8/><E32/><V50/><F50/><W6/><G105/><T13/><D73/><U52/><E29/><V72/><F72/><W80/><G6/><T102/><D68/><U95/><E52/><N who="0" m="20041" /><D102/><U111/><E111/><V84/><F63/><W99/><G46/><T20/><D20/><U108/><E108/><V34/><F34/><W26/><G78/><T130/><D130/><U83/><E95/><AGARI ba="1,1" hai="27,30,33,81,82,84,91,95" m="57487,51275" machi="95" ten="30,2000,0" yaku="20,1,52,1" doraHai="94" who="2" fromWho="1" sc="148,0,381,-23,397,33,64,0" owari="148,-25.2,358,15.8,430,53.0,64,-43.6" /></mjloggm>