<mjloggm ver="2.3"><GO type="225" lobby="0"/><UN n0="%4E%49%4A%49%49%52%4F" n1="%E3%82%B2%E3%82%B9%E8%8C%82%E5%8B%9D" n2="%E4%BE%BF%E6%89%80" n3="%63%68%78%62%64" dan="17,16,16,16" rate="2199.04,2040.44,2060.20,2155.26" sx="M,F,M,M"/><TAIKYOKU oya="0"/><INIT seed="0,0,0,3,1,97" ten="250,250,250,250" oya="0" hai0="124,134,94,122,57,77,60,28,25,26,104,118,19" hai1="10,70,90,43,130,36,95,6,1,109,62,85,88" hai2="42,48,64,29,13,12,18,98,27,23,58,82,61" hai3="66,41,32,47,106,56,99,100,71,21,44,17,114"/><T49/><D122/><U81/><E109/><V39/><F39/><W40/><G114/><T69/><D118/><U131/><E43/><V132/><F132/><W119/><G32/><T11/><D104/><U9/><E36/><V93/><F82/><W126/><G126/><T84/><D134/><U92/><E10/><V107/><F107/><BYE who="2" /><W54/><G119/><T37/><D37/><U120/><E120/><V80/><F80/><W110/><G71/><T96/><D69/><U79/><E62/><V73/><F73/><W20/><G66/><T31/><D49/><U30/><E30/><N who="0" m="11305" /><D124/><UN n2="%E4%BE%BF%E6%89%80" /><U89/><REACH who="1" step="1"/><E70/><REACH who="1" ten="250,240,250,250" step="2"/><V68/><F68/><W45/><G110/><T105/><D11/><U74/><E74/><V59/><F29/><W7/><G7/><T52/><D105/><U108/><E108/><V103/><REACH who="2" step="1"/><F42/><REACH who="2" ten="250,240,240,250" step="2"/><W86/><G40/><T127/><D127/><U129/><AGARI ba="0,2" hai="1,6,9,79,81,85,88,89,90,92,95,129,130,131" machi="129" ten="40,8000,1" yaku="1,1,0,1,19,1,54,1,53,0" doraHai="97" doraHaiUra="115" who="1" fromWho="1" sc="250,-40,240,100,240,-20,250,-20" /><INIT seed="1,0,0,2,3,100" ten="210,340,220,230" oya="1" hai0="90,108,104,8,106,81,67,9,131,42,99,19,94" hai1="134,83,80,13,85,72,15,44,47,114,88,46,21" hai2="55,11,14,30,63,76,58,1,20,32,127,69,36" hai3="101,57,74,117,16,122,129,10,7,65,75,70,5"/><U38/><E134/><V125/><F36/><W78/><G122/><T41/><D108/><U71/><E71/><V40/><F40/><W43/><G129/><T54/><D131/><U115/><E38/><V133/><F133/><W130/><G70/><T123/><D67/><U96/><E96/><V73/><F69/><W49/><G117/><T31/><D123/><U77/><REACH who="1" step="1"/><E21/><REACH who="1" ten="210,330,220,230" step="2"/><V92/><F20/><W48/><G130/><T50/><D8/><U95/><E95/><V87/><F92/><W97/><G97/><T84/><D9/><U6/><E6/><V105/><F11/><W119/><G7/><T4/><D4/><U51/><E51/><V53/><F125/><W64/><G48/><T109/><D109/><U33/><E33/><V12/><F32/><W118/><G49/><T79/><D19/><U121/><E121/><V52/><F127/><W60/><G16/><T107/><REACH who="0" step="1"/><D31/><REACH who="0" ten="200,330,220,230" step="2"/><U124/><E124/><V18/><F30/><W23/><G10/><T91/><D91/><U68/><E68/><V27/><F18/><W98/><G5/><T3/><D3/><U128/><E128/><V102/><F1/><W132/><G132/><T86/><D86/><U39/><E39/><V45/><F87/><W113/><G119/><T37/><D37/><U126/><E126/><V93/><F73/><W82/><G118/><T25/><D25/><U29/><E29/><V0/><F27/><W116/><G116/><T110/><D110/><U59/><E59/><AGARI ba="0,2" hai="41,42,50,54,59,79,81,84,90,94,99,104,106,107" machi="59" ten="40,8000,1" yaku="1,1,52,3,53,1" doraHai="100" doraHaiUra="89" who="0" fromWho="1" sc="200,100,330,-80,220,0,230,0" /><INIT seed="2,0,0,4,1,99" ten="300,250,220,230" oya="2" hai0="64,108,32,82,88,78,91,62,18,130,118,134,125" hai1="31,76,135,68,95,127,43,10,63,21,97,101,19" hai2="50,52,119,35,104,1,87,23,129,38,79,33,22" hai3="84,113,80,111,132,85,133,105,30,67,122,12,17"/><V56/><F119/><W11/><G122/><T27/><D118/><U15/><E127/><V115/><F115/><W51/><G113/><T39/><D125/><U60/><E135/><N who="3" m="51786" /><G111/><T126/><D126/><U102/><E76/><V13/><F1/><W92/><G105/><T94/><D39/><U123/><E123/><V6/><F38/><W42/><G67/><T128/><D134/><U8/><E43/><V112/><F112/><W49/><G30/><T53/><D108/><U77/><E77/><V90/><F104/><W83/><G42/><T7/><D7/><U44/><E44/><V47/><F129/><N who="0" m="49770" /><D53/><U24/><E8/><V9/><F79/><N who="3" m="46111" /><G92/><T107/><D94/><N who="1" m="58551" /><E68/><V59/><F35/><W26/><G26/><T100/><D100/><U81/><E81/><N who="2" m="49519" /><F33/><W116/><G116/><T73/><D107/><U106/><E106/><V5/><F5/><W61/><G61/><T41/><D41/><U65/><E65/><V4/><F4/><W36/><G36/><T96/><D96/><AGARI ba="0,0" hai="10,15,19,21,24,31,60,63,95,96,102" m="58551" machi="96" ten="30,3900,0" yaku="8,1,52,2" doraHai="99" who="1" fromWho="0" sc="300,-39,250,39,220,0,230,0" /><INIT seed="3,0,0,5,5,117" ten="261,289,220,230" oya="3" hai0="17,107,67,128,43,26,61,132,81,20,22,75,66" hai1="99,116,112,123,125,19,41,11,50,122,57,62,14" hai2="33,90,35,15,77,120,101,12,13,59,103,98,79" hai3="64,129,18,52,65,4,10,25,27,113,114,54,24"/><W69/><G129/><T97/><D128/><U115/><E116/><V47/><F90/><W100/><G18/><T44/><D132/><U135/><E135/><V3/><F3/><W83/><G83/><T111/><D111/><U55/><E99/><V88/><F47/><W0/><G100/><T87/><D75/><U60/><E125/><V9/><F9/><W1/><G1/><T130/><D130/><U92/><E92/><N who="2" m="56583" /><F35/><W34/><G34/><T46/><D46/><U51/><E50/><V8/><F33/><W91/><G91/><T56/><D107/><U89/><E89/><V85/><F8/><W121/><G121/><T134/><D97/><U131/><E131/><V78/><F120/><N who="1" m="46121" /><E41/><V21/><F21/><W127/><G127/><T110/><D134/><U73/><E73/><V32/><F32/><W109/><G109/><T126/><D126/><U23/><E11/><V102/><F59/><W16/><G16/><T86/><D22/><U31/><E31/><V95/><F95/><W7/><G7/><T2/><D2/><U5/><E5/><V36/><F36/><W74/><G74/><T48/><D110/><U30/><E30/><V82/><AGARI ba="0,0" hai="12,13,15,77,78,79,82,85,101,102,103" m="56583" machi="82" ten="40,2700,0" yaku="8,1,54,1" doraHai="117" who="2" fromWho="2" sc="261,-7,289,-7,220,27,230,-13" /><INIT seed="4,0,0,5,3,103" ten="254,282,247,217" oya="0" hai0="1,72,67,121,122,42,16,75,25,49,95,2,63" hai1="76,41,86,19,45,37,91,58,52,131,13,60,124" hai2="92,30,6,119,0,135,34,44,55,117,17,8,133" hai3="57,104,31,22,115,102,43,127,11,29,73,18,93"/><T9/><D95/><U79/><E124/><V35/><F92/><W97/><G127/><T38/><D38/><U84/><E131/><V96/><F96/><W126/><G126/><T66/><D49/><U27/><E27/><N who="2" m="18783" /><F55/><W109/><G109/><T23/><D42/><U101/><E101/><V81/><F81/><W39/><G73/><T90/><D90/><U111/><E111/><V10/><F44/><W82/><G82/><T100/><D100/><U110/><E110/><V123/><F35/><W130/><G130/><T106/><D106/><U61/><E61/><V128/><F123/><W33/><G115/><T88/><D88/><U77/><REACH who="1" step="1"/><E91/><REACH who="1" ten="254,272,247,217" step="2"/><V59/><F128/><W36/><G33/><T50/><D121/><U108/><E108/><V40/><F119/><W118/><G118/><T125/><D122/><U116/><E116/><V51/><F117/><W83/><G104/><T98/><D125/><U21/><AGARI ba="0,1" hai="13,19,21,37,41,45,52,58,60,76,77,79,84,86" machi="21" ten="30,7900,0" yaku="1,1,0,1,54,1,53,1" doraHai="103" doraHaiUra="48" who="1" fromWho="1" sc="254,-39,272,89,247,-20,217,-20" owari="215,-18.5,361,46.1,227,2.7,197,-30.3" /></mjloggm>