<mjloggm ver="2.3"><GO type="225" lobby="0"/><UN n0="%E3%80%93%E3%81%97%E3%83%BC%E3%82%89%E3%80%93" n1="%E6%A1%9C%E8%8A%B1%E9%96%83%E3%80%85" n2="%E6%B8%A9%E2%98%85%E6%83%85%E2%98%85%E6%8E%AA%E2%98%85%E7%BD%AE" n3="%E9%97%98%E5%B0%86%E3%81%A0%E3%82%93%E3%81%A7%E3%81%83" dan="16,16,18,16" rate="2151.60,2200.13,2183.13,2131.37" sx="M,M,M,M"/><TAIKYOKU oya="0"/><INIT seed="0,0,0,5,1,92" ten="250,250,250,250" oya="0" hai0="74,19,98,28,70,49,95,1,130,96,52,41,4" hai1="62,34,8,54,94,86,120,55,108,17,35,9,119" hai2="39,26,111,59,18,5,91,135,44,116,121,0,68" hai3="3,134,107,43,103,79,14,117,112,88,97,124,50"/><T16/><D74/><U56/><E119/><V7/><F68/><W77/><G3/><T90/><D70/><U29/><E120/><V11/><F121/><W65/><G112/><T66/><D130/><U101/><E108/><V89/><F111/><W67/><G117/><T93/><D66/><U12/><E29/><V100/><F116/><W32/><G32/><T127/><D28/><U57/><E8/><V46/><F135/><W51/><G79/><T80/><D127/><U10/><E10/><V27/><F100/><W64/><G77/><T84/><D41/><U63/><REACH who="1" step="1"/><E86/><REACH who="1" ten="250,240,250,250" step="2"/><V72/><F11/><W125/><G125/><T123/><D123/><U38/><E38/><V31/><F39/><W82/><G124/><T15/><D1/><U61/><E61/><V47/><F31/><W6/><G134/><T22/><D4/><U83/><E83/><V42/><F5/><W60/><G60/><T53/><D19/><U129/><E129/><V73/><F18/><W37/><G37/><T45/><D53/><U118/><E118/><V133/><F7/><W71/><G43/><T87/><D80/><U40/><E40/><V104/><F0/><W58/><G71/><T115/><D115/><U105/><E105/><V2/><F104/><W36/><G36/><T30/><D30/><U13/><E13/><V81/><F2/><W128/><G128/><T110/><D110/><U132/><E132/><V33/><F133/><W99/><G82/><T20/><D20/><U114/><E114/><V85/><F42/><W106/><G6/><T109/><D109/><U126/><E126/><RYUUKYOKU ba="0,1" sc="250,15,240,15,250,-15,250,-15" hai0="15,16,22,45,49,52,84,87,90,93,95,96,98" hai1="9,12,17,34,35,54,55,56,57,62,63,94,101" /><INIT seed="0,1,1,3,2,34" ten="265,255,235,235" oya="0" hai0="71,4,19,110,132,53,11,109,101,22,36,115,70" hai1="93,126,111,128,102,116,118,29,2,56,94,31,120" hai2="20,79,33,54,61,74,125,103,37,78,38,63,98" hai3="81,28,72,114,47,5,1,73,134,121,55,97,58"/><T104/><D36/><U48/><E120/><V16/><F33/><W14/><G114/><T8/><D115/><U86/><E111/><N who="0" m="42505" /><D132/><U15/><E126/><V39/><F125/><W7/><G28/><T35/><D35/><U41/><E128/><V6/><F6/><W84/><G134/><T60/><D101/><U122/><E15/><V27/><F54/><W12/><G97/><T75/><D75/><U45/><E2/><V23/><F23/><W21/><G73/><T77/><D77/><U46/><E122/><V85/><F85/><W64/><G72/><T17/><D104/><U95/><E102/><V76/><REACH who="2" step="1"/><F74/><REACH who="2" ten="265,255,225,235" step="2"/><W87/><G121/><T9/><D4/><U89/><E86/><V40/><F40/><W32/><G84/><T57/><D19/><U127/><E41/><V90/><F90/><W44/><G32/><T10/><N who="0" m="2048" /><DORA hai="105" /><T130/><D130/><U43/><E89/><V106/><AGARI ba="1,2" hai="16,20,27,37,38,39,61,63,76,78,79,98,103,106" machi="106" ten="40,8000,1" yaku="1,1,0,1,54,1,53,2" doraHai="34,105" doraHaiUra="100,13" who="2" fromWho="2" sc="265,-41,255,-21,225,103,235,-21" /><INIT seed="1,0,0,2,1,91" ten="224,234,328,214" oya="1" hai0="132,101,45,30,129,5,31,48,69,125,112,102,120" hai1="89,32,130,43,36,93,11,71,41,57,12,17,53" hai2="22,61,38,79,46,83,123,13,14,68,26,64,50" hai3="40,81,6,117,75,72,21,97,3,111,35,29,58"/><U100/><E71/><V92/><F123/><W107/><G35/><T63/><D120/><U103/><E130/><V128/><F38/><W134/><G111/><T56/><D129/><U78/><E78/><V105/><F105/><W85/><G40/><N who="1" m="15434" /><E32/><V7/><F7/><W18/><G29/><N who="0" m="10763" /><D69/><U95/><E36/><V70/><F70/><W80/><G134/><T124/><D132/><U27/><E27/><V106/><F106/><W86/><G117/><T96/><D112/><U82/><E82/><V119/><F119/><W110/><G110/><T88/><D5/><U67/><E67/><V60/><F64/><W49/><G75/><T54/><D125/><U90/><E90/><V42/><F26/><W77/><G6/><T28/><N who="0" m="10771" /><T9/><DORA hai="33" /><D9/><U4/><E4/><V23/><F68/><W25/><G3/><T84/><D96/><N who="1" m="57391" /><E95/><V73/><F92/><W122/><G122/><T131/><D131/><U76/><E76/><V15/><F128/><W44/><G72/><T39/><D39/><U114/><E114/><V10/><F79/><W99/><G107/><T65/><D124/><U87/><E87/><V133/><F133/><W47/><G86/><T108/><D108/><U104/><E104/><V113/><F113/><W52/><G81/><AGARI ba="0,0" hai="45,48,54,56,63,65,81,84,88,101,102" m="10771" machi="81" ten="30,2000,0" yaku="8,1,54,1" doraHai="91,33" who="0" fromWho="3" sc="224,20,234,0,328,0,214,-20" /><INIT seed="2,0,0,4,5,38" ten="244,234,328,194" oya="2" hai0="109,30,117,1,134,39,115,73,113,107,125,122,100" hai1="128,104,21,48,129,45,24,111,87,44,5,66,131" hai2="76,43,58,8,97,28,102,91,135,79,81,89,20" hai3="26,90,80,47,10,33,95,55,98,37,13,74,78"/><V123/><F123/><W40/><G55/><T120/><RYUUKYOKU type="yao9" ba="0,0" sc="244,0,234,0,328,0,194,0" hai0="1,30,39,73,100,107,109,113,115,117,120,122,125,134" /><INIT seed="2,1,0,2,5,81" ten="244,234,328,194" oya="2" hai0="74,2,96,123,100,110,60,10,47,80,45,125,78" hai1="95,56,85,0,34,5,4,9,43,42,59,21,23" hai2="104,65,103,38,48,49,121,17,120,66,44,53,112" hai3="106,92,32,8,133,111,14,134,3,62,67,75,30"/><V28/><F28/><W70/><G106/><T33/><D33/><U46/><E34/><V40/><F17/><W87/><G111/><T129/><D110/><U101/><E101/><V130/><F103/><W77/><G3/><T98/><D123/><N who="2" m="47178" /><F104/><W63/><G63/><T72/><D72/><U64/><E64/><N who="2" m="24683" /><F112/><W18/><G75/><T118/><D118/><U109/><E109/><V24/><F24/><W50/><G50/><N who="2" m="19561" /><F53/><W89/><REACH who="3" step="1"/><G77/><REACH who="3" ten="244,234,328,184" step="2"/><T79/><D78/><U15/><E0/><V25/><F25/><AGARI ba="1,1" hai="8,14,18,25,30,32,62,67,70,87,89,92,133,134" machi="25" ten="40,5200,0" yaku="1,1,2,1,52,1,53,0" doraHai="81" doraHaiUra="76" who="3" fromWho="2" sc="244,0,234,0,328,-55,184,65" /><INIT seed="3,0,0,3,0,125" ten="244,234,273,249" oya="3" hai0="53,90,120,114,104,112,116,89,68,96,61,108,127" hai1="12,36,117,7,77,134,28,22,124,18,48,3,83" hai2="23,40,26,52,30,97,17,129,58,109,85,27,4" hai3="121,93,16,72,128,37,44,6,76,73,66,38,88"/><W50/><G128/><T1/><D1/><U71/><E36/><V64/><F129/><W102/><G121/><T47/><D120/><U51/><E124/><V123/><F123/><W25/><G102/><N who="0" m="62535" /><D127/><U56/><E71/><V69/><F109/><W84/><G6/><T98/><D98/><U45/><E134/><V99/><F40/><W10/><G66/><N who="0" m="41039" /><D108/><U35/><E117/><V70/><F70/><W92/><G38/><T34/><D34/><U87/><E56/><V32/><F4/><W75/><G37/><T110/><D110/><U15/><E15/><V115/><F64/><W24/><G92/><T11/><D11/><N who="1" m="2559" /><E45/><V132/><F69/><W119/><G119/><T59/><D47/><U0/><E0/><V107/><F132/><W79/><G75/><T105/><D105/><U126/><E126/><V118/><F107/><W86/><G73/><T95/><D95/><U55/><E55/><V9/><F118/><W54/><G72/><T62/><D116/><U33/><E33/><V130/><F9/><W103/><G103/><T2/><D2/><U57/><E57/><V94/><F32/><W43/><G54/><T46/><D46/><U81/><E81/><V63/><F52/><W21/><G10/><T122/><D122/><U106/><E106/><V91/><F58/><W14/><G86/><T74/><D74/><U113/><E113/><AGARI ba="0,0" hai="53,59,62,89,90,112,113,114" m="41039,62535" machi="113" ten="30,1000,0" yaku="11,1" doraHai="125" who="0" fromWho="1" sc="244,10,234,-10,273,0,249,0" /><INIT seed="4,0,0,0,3,4" ten="254,224,273,249" oya="0" hai0="105,97,108,126,60,55,119,25,85,106,56,38,37" hai1="127,3,114,26,20,33,132,52,45,64,93,24,117" hai2="120,2,65,7,43,92,59,98,1,118,30,58,44" hai3="5,122,78,110,17,73,40,77,68,121,74,102,75"/><T101/><D119/><U84/><E117/><V70/><F120/><N who="3" m="46187" /><G110/><T6/><D108/><U18/><E127/><V94/><F118/><W86/><G68/><T48/><D126/><U31/><E132/><V8/><F2/><W83/><G40/><T27/><D106/><U103/><E114/><V134/><F134/><W67/><G67/><T21/><D27/><U107/><E3/><V87/><F30/><W130/><G5/><T125/><D125/><U128/><E128/><V63/><F87/><N who="3" m="48623" /><G130/><T115/><D115/><U91/><E64/><V135/><F135/><W123/><G123/><T57/><D85/><U10/><E107/><V0/><F0/><W47/><G47/><T36/><D6/><U53/><E103/><V54/><F98/><W82/><G17/><T11/><D57/><U80/><E45/><V116/><F116/><W49/><G49/><T46/><D46/><U113/><E113/><V69/><F59/><W32/><G32/><T62/><REACH who="0" step="1"/><D11/><REACH who="0" ten="244,224,273,249" step="2"/><U109/><E109/><V50/><F70/><W41/><G75/><T16/><AGARI ba="0,1" hai="16,21,25,36,37,38,48,55,56,60,62,97,101,105" machi="16" ten="30,11700,0" yaku="1,1,2,1,0,1,54,1,53,0" doraHai="4" doraHaiUra="35" who="0" fromWho="0" sc="244,127,224,-39,273,-39,249,-39" owari="371,47.1,185,-31.5,234,3.4,210,-19.0" /></mjloggm>