<mjloggm ver="2.3"><GO type="225" lobby="0"/><UN n0="%E3%81%B5%E3%81%98%E3%81%8B%E3%81%A4" n1="%E3%81%BF%E3%81%BF%E3%81%9A" n2="%72%65%6E%6B%75%6E" n3="%E3%81%A9%E3%82%8F%E3%82%93%E3%81%94" dan="16,17,17,16" rate="2147.41,2281.66,2224.98,2114.09" sx="M,M,M,M"/><TAIKYOKU oya="0"/><INIT seed="0,0,0,3,3,40" ten="250,250,250,250" oya="0" hai0="33,130,59,105,43,111,89,116,42,50,31,123,24" hai1="103,114,135,23,113,86,107,133,36,95,32,87,10" hai2="77,131,126,128,65,78,63,45,118,13,121,19,92" hai3="110,11,5,83,41,4,81,73,15,16,30,80,76"/><T96/><D123/><U39/><E32/><V29/><F121/><W84/><G110/><T18/><D116/><U53/><E23/><V71/><F126/><W66/><G66/><T51/><D111/><U20/><E20/><N who="2" m="11375" /><F118/><W122/><G30/><T27/><D130/><N who="2" m="49706" /><F29/><W61/><G61/><T106/><D89/><U99/><E10/><V98/><F45/><W90/><G122/><T60/><D18/><U52/><E95/><V88/><AGARI ba="0,0" hai="63,65,71,77,78,88,92,98" m="49706,11375" machi="88" ten="30,2000,0" yaku="19,1,54,1" doraHai="40" who="2" fromWho="2" sc="250,-10,250,-5,250,20,250,-5" /><INIT seed="1,0,0,2,0,103" ten="240,245,270,245" oya="1" hai0="32,71,127,106,8,86,114,118,59,93,49,7,81" hai1="68,31,65,73,25,122,26,70,40,96,37,6,67" hai2="12,20,47,30,60,133,110,102,78,95,107,4,89" hai3="61,66,117,91,2,74,41,27,99,28,19,9,101"/><U3/><E122/><V46/><F110/><W0/><G117/><T113/><D118/><U87/><E87/><V48/><F133/><W109/><G109/><T21/><D71/><U85/><E85/><N who="2" m="52655" /><F107/><W14/><G74/><T10/><D32/><U88/><E73/><V16/><F102/><W75/><G91/><T97/><D21/><U23/><E70/><V130/><F130/><W120/><G41/><T36/><D36/><U63/><E67/><V121/><F121/><W35/><G75/><T58/><D106/><U104/><E3/><V132/><F132/><W79/><G79/><T56/><D49/><U17/><E6/><V24/><F4/><W123/><G123/><T100/><D127/><U5/><E5/><V51/><F78/><W92/><G120/><T29/><D29/><U42/><E37/><V126/><F60/><W116/><G116/><T80/><D80/><U62/><E63/><V52/><F126/><W72/><G72/><T129/><D129/><U131/><E131/><V44/><F51/><W82/><G82/><T34/><D34/><U98/><E98/><V18/><F12/><W54/><G54/><T77/><REACH who="0" step="1"/><D10/><REACH who="0" ten="230,245,270,245" step="2"/><U33/><REACH who="1" step="1"/><E104/><REACH who="1" ten="230,235,270,245" step="2"/><V115/><F115/><W13/><REACH who="3" step="1"/><G13/><AGARI ba="0,2" hai="7,8,13,56,58,59,77,81,86,93,97,100,113,114" machi="13" ten="40,8000,1" yaku="1,1,2,1,53,2" doraHai="103" doraHaiUra="108" who="0" fromWho="3" sc="230,100,235,0,270,0,245,-80" /><INIT seed="2,0,0,3,5,127" ten="330,235,270,165" oya="2" hai0="104,107,109,89,68,14,17,58,9,121,26,48,83" hai1="131,112,70,38,20,27,22,116,44,65,97,4,34" hai2="11,53,2,33,79,57,10,56,103,80,87,23,49" hai3="47,35,101,124,74,98,13,8,130,129,76,37,62"/><V32/><F103/><W28/><G124/><T133/><D121/><U95/><E112/><V78/><F23/><W123/><G123/><T132/><D68/><U24/><E116/><V99/><F99/><W64/><G74/><T67/><D109/><U61/><E4/><V84/><F56/><W120/><G76/><T6/><D6/><U118/><E118/><V54/><F54/><W39/><G120/><T113/><D26/><U117/><E117/><V60/><F60/><W102/><G28/><T128/><D113/><U77/><E77/><V30/><F2/><W42/><G35/><T114/><D114/><U12/><E131/><N who="3" m="50186" /><G98/><T96/><D96/><U25/><E12/><V16/><F30/><W73/><G73/><T94/><D14/><U81/><E81/><V45/><F33/><W31/><G39/><T3/><D128/><U85/><E85/><V135/><F32/><W90/><G90/><T59/><D89/><U72/><E72/><V41/><F84/><W105/><G31/><T115/><D115/><U69/><E34/><V119/><F79/><W108/><G108/><T29/><D29/><U134/><E134/><V50/><F135/><W63/><G105/><T5/><D133/><U100/><E70/><V0/><F119/><W111/><G111/><T86/><D107/><U126/><E126/><V18/><REACH who="2" step="1"/><F0/><REACH who="2" ten="330,235,260,165" step="2"/><W55/><G55/><N who="0" m="32103" /><D3/><U106/><E106/><V71/><F71/><N who="3" m="42391" /><G63/><T21/><D132/><U93/><E93/><V92/><F92/><W125/><G125/><T19/><D94/><U15/><E15/><V88/><F88/><W52/><G52/><RYUUKYOKU ba="0,1" sc="330,-30,235,10,260,10,165,10" hai1="20,22,24,25,27,38,44,61,65,69,95,97,100" hai2="10,11,16,18,41,45,49,50,53,57,78,80,87" hai3="8,13,37,42,47,101,102" /><INIT seed="2,1,1,4,1,121" ten="300,245,270,175" oya="2" hai0="63,9,62,38,28,67,114,135,74,92,100,84,60" hai1="116,106,48,108,15,37,26,88,49,112,7,24,40" hai2="20,93,82,21,81,129,13,105,118,87,115,75,113" hai3="89,18,98,22,80,69,131,99,47,17,122,44,12"/><V132/><F105/><W97/><G122/><T3/><D114/><U1/><E1/><V14/><F118/><W39/><G131/><T10/><D74/><U25/><E106/><V65/><F65/><W101/><G69/><T8/><D38/><U34/><E112/><V123/><F123/><W51/><G39/><T79/><D135/><U90/><E116/><V55/><F129/><W120/><G120/><T70/><D28/><U53/><E34/><V73/><F93/><W125/><G125/><T110/><D110/><U42/><E108/><V41/><F55/><W117/><G117/><T58/><D70/><U19/><E7/><V2/><F87/><N who="3" m="50407" /><G101/><T33/><D33/><U103/><E103/><V54/><F54/><N who="3" m="30055" /><G47/><T72/><D72/><U128/><E37/><V107/><F107/><W86/><G86/><T64/><D3/><U11/><E128/><V91/><F2/><W109/><G109/><T124/><D124/><U83/><E49/><V30/><F41/><N who="1" m="15977" /><E83/><V104/><F104/><W46/><G46/><AGARI ba="1,1" hai="11,15,19,24,25,26,46,48,53,88,90" m="15977" machi="46" ten="30,2000,0" yaku="8,1,54,1" doraHai="121" who="1" fromWho="3" sc="300,0,245,33,270,0,175,-23" /><INIT seed="3,0,0,3,1,121" ten="300,278,270,152" oya="3" hai0="62,133,112,131,95,1,98,60,120,50,130,7,117" hai1="47,18,54,109,80,15,26,36,22,73,96,41,115" hai2="106,5,56,122,10,71,104,101,88,78,49,13,91" hai3="99,3,30,123,63,25,52,86,31,111,124,28,57"/><W48/><G123/><T125/><D120/><U74/><E115/><V103/><F71/><W102/><G3/><T14/><D117/><U118/><E118/><V110/><F122/><W64/><G124/><T19/><D112/><U75/><E109/><V27/><F78/><W69/><G86/><T89/><D125/><U37/><E54/><N who="2" m="31823" /><F106/><W23/><REACH who="3" step="1"/><G111/><REACH who="3" ten="300,278,270,142" step="2"/><T46/><D1/><U87/><E74/><V66/><F110/><W6/><G6/><T65/><D7/><U0/><E0/><V83/><F104/><AGARI ba="0,1" hai="23,25,28,30,31,48,52,57,63,64,69,99,102,104" machi="104" ten="30,5800,0" yaku="1,1,7,1,54,1,53,0" doraHai="121" doraHaiUra="34" who="3" fromWho="2" sc="300,0,278,0,270,-58,142,68" /><INIT seed="3,1,0,0,1,43" ten="300,278,212,210" oya="3" hai0="14,23,41,52,59,47,42,110,99,40,102,85,91" hai1="17,82,46,48,36,130,6,75,97,2,9,0,98" hai2="122,60,15,20,66,1,51,34,128,67,107,113,35" hai3="26,4,58,83,129,111,53,112,72,31,61,27,50"/><W135/><G112/><T49/><D110/><U62/><E130/><V79/><F107/><W80/><G129/><T123/><D123/><U57/><E0/><V127/><F1/><W64/><G111/><T74/><D74/><U94/><E17/><N who="2" m="10303" /><F113/><W89/><G135/><T105/><D23/><U39/><E97/><V78/><F128/><W134/><G134/><T69/><D14/><U92/><E94/><V126/><F51/><W124/><G124/><N who="2" m="47657" /><F122/><W115/><G115/><T87/><D69/><U11/><E11/><V104/><F104/><W19/><G4/><T30/><D30/><U118/><E82/><N who="3" m="31274" /><G72/><T70/><D70/><U103/><E118/><V63/><F63/><W7/><G7/><T132/><D132/><U108/><E108/><V95/><F95/><W18/><G89/><T29/><D29/><U73/><E75/><V44/><F44/><N who="3" m="27847" /><G31/><T37/><D87/><U101/><E73/><V21/><F21/><W93/><G93/><AGARI ba="1,0" hai="37,40,41,42,47,49,52,59,85,91,93,99,102,105" machi="93" ten="30,3900,0" yaku="7,1,52,1,54,1" doraHai="43" who="0" fromWho="3" sc="300,42,278,0,212,0,210,-42" owari="342,44.2,278,7.8,212,-18.8,168,-33.2" /></mjloggm>