<mjloggm ver="2.3"><GO type="225" lobby="0"/><UN n0="%72%69%6F%75%63%68%61%6E" n1="%E3%80%93%E3%81%97%E3%83%BC%E3%82%89%E3%80%93" n2="%E3%81%BF%E3%81%BF%E3%81%9A" n3="%E3%81%A8%E3%82%93%E3%81%A8%E3%81%93%E3%81%A8%E3%82%93" dan="16,16,18,16" rate="2196.29,2138.06,2255.01,2115.89" sx="M,M,M,F"/><TAIKYOKU oya="0"/><INIT seed="0,0,0,4,3,28" ten="250,250,250,250" oya="0" hai0="78,121,25,40,9,4,120,6,135,32,109,21,30" hai1="64,117,105,99,72,124,36,116,35,24,26,133,86" hai2="37,33,108,20,127,8,134,119,65,43,92,91,118" hai3="51,52,73,18,13,2,126,22,45,41,58,56,93"/><T42/><D135/><U50/><E26/><V29/><F134/><W0/><G126/><T34/><D78/><U62/><E133/><V79/><F127/><W60/><G73/><T81/><D81/><U102/><E124/><V10/><F79/><W44/><G44/><T122/><D109/><U97/><E72/><V53/><F65/><W104/><G104/><T114/><D114/><U80/><E97/><V23/><F53/><W7/><G7/><N who="0" m="2603" /><D40/><U101/><E101/><V115/><F115/><W75/><G75/><T107/><D42/><U55/><E36/><V82/><F82/><W74/><G74/><T69/><D69/><N who="1" m="42135" /><E86/><V3/><F3/><W11/><G93/><T1/><D107/><U132/><E80/><V100/><F100/><W38/><REACH who="3" step="1"/><G11/><REACH who="3" ten="250,250,250,240" step="2"/><N who="2" m="4137" /><F108/><W5/><G5/><AGARI ba="0,1" hai="1,5,9,21,25,30,32,34,120,121,122" m="2603" machi="5" ten="40,12000,1" yaku="34,2,52,2" doraHai="28" who="0" fromWho="3" sc="250,130,250,0,250,0,240,-120" /><INIT seed="0,1,0,1,0,43" ten="380,250,250,120" oya="0" hai0="3,1,99,100,129,15,122,78,120,42,35,59,69" hai1="47,7,115,66,9,114,55,30,104,5,107,130,101" hai2="24,135,92,111,75,46,54,106,64,85,113,102,16" hai3="84,37,83,118,18,125,91,131,51,74,26,126,67"/><T87/><D69/><U48/><E130/><V71/><F113/><N who="1" m="43017" /><E101/><V12/><F75/><W98/><G37/><T76/><D35/><U50/><E66/><V21/><F111/><W86/><G118/><T88/><D129/><U128/><E128/><V19/><F135/><W23/><G74/><T8/><D1/><N who="1" m="175" /><E7/><V89/><F71/><W53/><G131/><T112/><D3/><U121/><E121/><V52/><F64/><W73/><G73/><T44/><D112/><U29/><E50/><N who="2" m="28759" /><F106/><AGARI ba="1,0" hai="29,30,47,48,55,104,106,107" m="175,43017" machi="106" ten="30,2000,0" yaku="11,1,52,1" doraHai="43" who="1" fromWho="2" sc="380,0,250,23,250,-23,120,0" /><INIT seed="1,0,0,2,3,10" ten="380,273,227,120" oya="1" hai0="50,83,68,14,127,63,123,40,57,116,129,35,8" hai1="52,22,89,39,13,41,135,28,121,47,104,118,91" hai2="6,101,31,77,55,18,119,46,110,113,78,4,27" hai3="92,32,126,115,30,21,67,88,7,43,58,59,48"/><U81/><E104/><V95/><F119/><W74/><G115/><T49/><D116/><U65/><E118/><V38/><F113/><W16/><G74/><T69/><D35/><U84/><E121/><V132/><F110/><W5/><G126/><T26/><D127/><U54/><E65/><V80/><F132/><W134/><G30/><T9/><D123/><U44/><E135/><V71/><F71/><W76/><G76/><T106/><D106/><U17/><E28/><V99/><F18/><W12/><G32/><T53/><D129/><U24/><E24/><V1/><F78/><W25/><G134/><T102/><D102/><U70/><E70/><V130/><F130/><W133/><G133/><T107/><D107/><U105/><E105/><V114/><F1/><W56/><G67/><T2/><D26/><U131/><E131/><V61/><F114/><W72/><G72/><T62/><D83/><U94/><E47/><V42/><F61/><W124/><G124/><T97/><D63/><U122/><E122/><V64/><F55/><W85/><G25/><T90/><D53/><U19/><E19/><V108/><F64/><W117/><G117/><T15/><D69/><U34/><E34/><V100/><F101/><W20/><G21/><T128/><D68/><U79/><E91/><V75/><F108/><W125/><G125/><T33/><D90/><U11/><REACH who="1" step="1"/><E22/><AGARI ba="0,0" hai="4,6,22,27,31,38,42,46,75,77,80,95,99,100" machi="22" ten="30,1000,0" yaku="7,1" doraHai="10" who="2" fromWho="1" sc="380,0,273,-10,227,10,120,0" /><INIT seed="2,0,0,1,3,78" ten="380,263,237,120" oya="2" hai0="109,96,50,38,111,14,57,6,2,135,25,107,30" hai1="46,17,71,5,126,53,32,49,118,47,20,1,75" hai2="122,67,7,133,18,40,98,45,128,31,81,27,77" hai3="12,72,76,69,41,103,93,84,88,74,129,102,39"/><V82/><F122/><W101/><G129/><T108/><D135/><U22/><E71/><V42/><F133/><W15/><G69/><T117/><D117/><U61/><E32/><V90/><F128/><W106/><G106/><T54/><D38/><U43/><E118/><V33/><F67/><W94/><G94/><T59/><D2/><U62/><E75/><V34/><F7/><W85/><G85/><T9/><D107/><U58/><E126/><V112/><F112/><W130/><G130/><T3/><D96/><U10/><E22/><V100/><F33/><W87/><G84/><T63/><D3/><U37/><E47/><V79/><F18/><W105/><G105/><T51/><D59/><U131/><E131/><V66/><F66/><W114/><G114/><T95/><D95/><U4/><E4/><V35/><F90/><W97/><G87/><T124/><D124/><U110/><E110/><V60/><F60/><W89/><G89/><T91/><D91/><U127/><E127/><V44/><F27/><AGARI ba="0,0" hai="1,5,10,17,20,27,37,43,46,49,53,58,61,62" machi="27" ten="30,1000,0" yaku="7,1" doraHai="78" who="1" fromWho="2" sc="380,0,263,10,237,-10,120,0" /><INIT seed="3,0,0,2,0,50" ten="380,273,227,120" oya="3" hai0="39,19,63,112,108,3,15,52,86,45,31,40,135" hai1="33,123,47,107,128,57,87,121,10,93,56,14,61" hai2="127,24,90,80,16,91,88,72,1,36,99,89,124" hai3="110,73,71,20,41,26,55,58,78,96,97,68,119"/><W118/><G41/><T27/><D3/><U134/><E33/><V17/><F36/><W13/><G73/><T82/><D108/><U65/><E107/><V132/><F1/><W116/><G78/><T103/><D135/><U115/><E115/><V29/><F132/><W7/><G110/><T94/><D112/><U125/><E134/><V35/><N who="2" m="22528" /><DORA hai="120" /><V6/><F6/><W9/><G71/><T102/><D94/><U104/><E104/><V62/><F99/><W5/><G68/><T83/><D83/><U49/><E93/><V114/><F114/><W60/><REACH who="3" step="1"/><G5/><REACH who="3" ten="380,273,227,110" step="2"/><T100/><D40/><N who="1" m="24807" /><E121/><V46/><F72/><W18/><AGARI ba="0,1" hai="7,9,13,18,20,26,55,58,60,96,97,116,118,119" machi="18" ten="30,6000,0" yaku="1,1,0,1,52,1,53,0" doraHai="50,120" doraHaiUra="30,42" who="3" fromWho="3" sc="380,-20,273,-20,227,-20,110,70" /><INIT seed="3,1,0,4,5,128" ten="360,253,207,180" oya="3" hai0="39,85,75,116,72,115,117,97,78,107,33,66,80" hai1="61,113,34,42,36,71,127,8,55,120,74,27,105" hai2="20,46,28,17,41,31,57,51,18,0,106,101,22" hai3="68,94,30,133,52,118,7,10,15,121,83,76,47"/><W93/><G118/><N who="0" m="45675" /><D66/><U112/><E8/><V32/><F32/><W38/><G121/><T77/><D39/><U132/><E127/><V73/><F73/><N who="0" m="28234" /><D33/><U6/><E105/><V60/><F0/><W131/><G68/><T48/><D48/><U108/><E6/><V103/><F106/><W58/><G131/><T24/><D24/><U110/><E74/><V26/><F31/><W19/><G133/><T124/><D124/><U134/><E120/><V56/><F28/><W35/><G35/><T123/><D123/><U67/><E27/><N who="2" m="14735" /><F57/><W4/><G30/><T98/><D115/><N who="1" m="44107" /><E55/><AGARI ba="1,0" hai="18,22,26,41,46,51,55,56,60,101,103" m="14735" machi="55" ten="30,1000,0" yaku="8,1" doraHai="128" who="2" fromWho="1" sc="360,0,253,-13,207,13,180,0" owari="360,46.0,240,4.0,220,-18.0,180,-32.0" /></mjloggm>