<mjloggm ver="2.3"><GO type="225" lobby="0"/><UN n0="%E3%81%AF%E3%82%88%E3%81%8A%E3%81%98%E3%81%95%E3%82%93" n1="%E3%81%A9%E3%82%93%E3%82%88%E3%81%8F%4D%6B%2E%32" n2="%E3%80%93%E3%81%97%E3%83%BC%E3%82%89%E3%80%93" n3="%4D%6F%6E%61%6E%61" dan="17,16,16,16" rate="2185.37,2157.52,2150.00,2098.50" sx="M,M,M,F"/><TAIKYOKU oya="0"/><INIT seed="0,0,0,0,1,123" ten="250,250,250,250" oya="0" hai0="71,16,19,84,14,115,107,98,1,113,44,41,54" hai1="50,46,96,17,124,36,135,33,82,43,93,3,95" hai2="90,101,45,30,22,11,64,18,105,87,99,119,15" hai3="27,72,77,55,29,66,94,108,53,102,40,48,76"/><T32/><D1/><U52/><E33/><V130/><F119/><W80/><G77/><T51/><D32/><U13/><E3/><V49/><F130/><W112/><G66/><T70/><D19/><U62/><E124/><V20/><F64/><W28/><G112/><T21/><D84/><U120/><E120/><V63/><F63/><W25/><G40/><T57/><D107/><U111/><E135/><V7/><F30/><W58/><G53/><T24/><D98/><U9/><E111/><V129/><F7/><W116/><G116/><T131/><D131/><U79/><E62/><V133/><F133/><W73/><G73/><T10/><D113/><U4/><E17/><V39/><F39/><W122/><G122/><T127/><D127/><U38/><E43/><V35/><F35/><W128/><G128/><T67/><D67/><U132/><E132/><V91/><F91/><W8/><G8/><T117/><D117/><U97/><E95/><V68/><F68/><W88/><G102/><T59/><D59/><U74/><REACH who="1" step="1"/><E97/><REACH who="1" ten="250,240,250,250" step="2"/><V47/><F129/><W0/><G0/><T89/><D115/><U121/><E121/><V106/><F106/><W26/><REACH who="3" step="1"/><G108/><REACH who="3" ten="250,240,250,240" step="2"/><T56/><D41/><U114/><E114/><V110/><F110/><W78/><G78/><T23/><D71/><U103/><AGARI ba="0,2" hai="4,9,13,36,38,46,50,52,74,79,82,93,96,103" machi="103" ten="20,5200,0" yaku="1,1,0,1,7,1,54,1,53,0" doraHai="123" doraHaiUra="118" who="1" fromWho="1" sc="250,-26,240,72,250,-13,240,-13" /><INIT seed="1,0,0,1,5,83" ten="224,312,237,227" oya="1" hai0="73,79,77,111,85,2,104,25,64,35,67,101,50" hai1="129,100,0,27,76,96,106,58,38,127,54,44,86" hai2="95,47,26,16,65,131,40,123,97,61,110,30,43" hai3="4,74,13,32,9,107,120,46,17,39,75,28,48"/><U69/><E69/><V105/><F131/><W53/><G120/><T109/><D2/><U134/><E129/><V122/><F110/><N who="0" m="41994" /><D73/><U70/><E70/><V115/><F115/><W63/><G107/><T78/><D50/><U11/><E127/><V12/><F105/><W18/><G39/><T82/><D35/><U72/><E72/><V33/><F43/><W49/><G63/><T3/><D3/><U98/><E98/><V52/><F52/><W92/><G74/><T45/><D45/><U125/><E125/><V113/><F113/><W34/><G75/><T37/><D37/><U36/><E44/><V126/><F126/><W90/><G49/><T15/><D25/><U89/><E76/><N who="0" m="29289" /><D15/><U7/><E27/><V128/><F128/><W29/><G32/><T93/><D104/><U71/><E71/><V68/><F47/><W119/><G119/><T14/><D14/><U57/><E134/><V118/><F40/><W81/><G34/><T31/><D31/><N who="3" m="11849" /><G81/><T19/><D19/><U1/><E1/><V6/><F118/><W59/><G46/><T22/><D22/><U102/><E58/><V60/><F60/><W124/><G124/><T51/><D51/><U133/><E133/><V24/><F24/><W87/><AGARI ba="0,0" hai="4,9,13,17,18,48,53,59,87,90,92" m="11849" machi="87" ten="30,2000,0" yaku="8,1,52,1" doraHai="83" who="3" fromWho="3" sc="224,-5,312,-10,237,-5,227,20" /><INIT seed="2,0,0,0,5,120" ten="219,302,232,247" oya="2" hai0="3,58,89,87,30,31,62,22,123,54,45,53,48" hai1="135,73,28,83,16,24,107,124,55,41,93,51,71" hai2="20,111,63,46,112,42,47,2,75,108,0,19,99" hai3="88,5,50,117,130,118,95,36,92,131,129,110,96"/><V125/><F75/><W37/><G5/><T66/><D123/><U7/><E107/><V121/><F121/><W91/><G50/><T27/><D3/><U11/><E71/><V61/><F112/><W69/><G69/><T105/><D105/><U79/><E41/><V68/><F99/><W81/><G81/><T44/><D30/><U35/><E124/><V56/><F68/><W78/><G78/><T39/><D39/><N who="3" m="14921" /><G110/><N who="2" m="42025" /><F125/><W113/><G113/><T33/><D33/><U32/><E135/><V17/><F63/><W52/><G52/><N who="0" m="20075" /><D48/><U128/><E128/><N who="3" m="32770" /><W15/><DORA hai="6" /><G15/><T14/><D14/><U114/><E114/><V60/><F60/><W85/><AGARI ba="0,0" hai="85,88,91,92,95,96,117,118" m="32770,14921" machi="85" ten="50,3200,0" yaku="19,1,54,1" doraHai="120,6" who="3" fromWho="3" sc="219,-8,302,-8,232,-16,247,32" /><INIT seed="3,0,0,2,2,33" ten="211,294,216,279" oya="3" hai0="97,40,100,115,90,55,71,38,102,15,62,89,49" hai1="104,23,87,52,91,124,20,81,127,16,63,80,85" hai2="30,84,53,92,41,45,133,42,69,24,35,9,26" hai3="5,72,39,25,51,60,58,34,18,108,47,82,99"/><W11/><G39/><T66/><D115/><U103/><E104/><V46/><F69/><W73/><G82/><T126/><D126/><N who="1" m="48171" /><E103/><V29/><F133/><W117/><G117/><T123/><D123/><U19/><E63/><V75/><F75/><W50/><G50/><T86/><D15/><N who="1" m="9247" /><E52/><V128/><F128/><W10/><G99/><T119/><D119/><U113/><E113/><V130/><F130/><W17/><G108/><T83/><D38/><U74/><E74/><V67/><F53/><W1/><G72/><T116/><D116/><U96/><E96/><V54/><F54/><W114/><G73/><T122/><D122/><U111/><E111/><V22/><F67/><W43/><G114/><T36/><D36/><U57/><E57/><V0/><F42/><W27/><G58/><T106/><D40/><U109/><E109/><V21/><F41/><W14/><G60/><T95/><REACH who="0" step="1"/><D106/><REACH who="0" ten="201,294,216,279" step="2"/><U94/><E87/><V77/><F35/><W98/><G34/><T4/><D4/><U59/><E59/><AGARI ba="0,1" hai="49,55,59,62,66,71,83,86,89,90,95,97,100,102" machi="59" ten="30,3900,0" yaku="1,1,7,1,53,1" doraHai="33" doraHaiUra="76" who="0" fromWho="1" sc="201,49,294,-39,216,0,279,0" /><INIT seed="4,0,0,1,4,14" ten="250,255,216,279" oya="0" hai0="21,47,89,83,61,112,26,72,111,129,43,132,32" hai1="30,119,20,31,3,97,102,126,88,22,55,27,12" hai2="64,7,103,133,127,130,33,125,65,98,79,42,93" hai3="23,66,90,73,46,25,34,51,60,52,99,70,118"/><T123/><D123/><U74/><E74/><V9/><F33/><W62/><G73/><T54/><D32/><U120/><E120/><V16/><F79/><W6/><G118/><T1/><D1/><U122/><E122/><V121/><F121/><W0/><G34/><T87/><D112/><U105/><E119/><V53/><F42/><W94/><G62/><T15/><D129/><U48/><E3/><V58/><F130/><W63/><G63/><T28/><D132/><U107/><E126/><N who="2" m="48139" /><F133/><W57/><G0/><T8/><D111/><U2/><E2/><N who="2" m="247" /><F16/><N who="3" m="12519" /><G70/><T82/><D72/><U109/><E109/><V45/><F45/><N who="3" m="27759" /><G6/><T96/><D43/><U35/><E35/><V101/><F101/><W108/><G108/><T41/><D41/><U134/><E134/><V69/><F69/><W36/><G36/><T75/><D75/><U11/><E102/><V50/><AGARI ba="0,0" hai="50,53,58,64,65,93,98,103" m="247,48139" machi="50" ten="30,1100,0" yaku="18,1" doraHai="14" who="2" fromWho="2" sc="250,-5,255,-3,216,11,279,-3" /><INIT seed="5,0,0,0,4,133" ten="245,252,227,276" oya="1" hai0="53,58,59,31,2,117,6,75,64,4,50,90,91" hai1="0,119,35,55,11,93,80,56,108,88,122,135,96" hai2="7,104,82,14,38,114,92,49,86,51,123,61,94" hai3="26,70,115,124,89,105,54,25,46,8,34,27,98"/><U118/><E122/><V12/><F104/><W73/><G124/><T95/><D75/><U112/><E35/><V37/><F123/><W83/><G115/><T63/><D117/><U66/><E135/><V121/><F121/><W65/><G8/><T47/><D2/><U69/><E112/><V30/><F114/><W28/><G54/><T103/><D31/><U79/><E108/><V128/><F30/><W72/><G46/><T110/><D110/><U101/><E69/><V74/><F74/><N who="3" m="28779" /><G89/><T20/><D20/><U41/><E41/><V24/><F24/><W3/><G83/><T15/><D47/><U125/><E66/><V87/><F82/><W44/><G44/><T116/><D116/><U129/><E129/><V1/><F1/><W23/><G23/><T62/><D50/><U68/><E68/><V36/><F36/><W40/><G40/><T16/><D91/><U5/><E125/><V134/><F134/><W120/><G3/><T39/><D39/><U97/><E79/><V9/><F9/><W17/><G17/><T130/><D130/><U10/><E10/><V107/><F128/><W57/><G57/><T111/><D111/><U71/><E71/><V113/><F113/><W78/><G78/><T48/><D48/><U60/><REACH who="1" step="1"/><E80/><REACH who="1" ten="245,242,227,276" step="2"/><V45/><F45/><W42/><G120/><T81/><D81/><U102/><E102/><V85/><F38/><W84/><G42/><T77/><D103/><U43/><E43/><V99/><F37/><W131/><G70/><T52/><D77/><U18/><E18/><V22/><F7/><N who="0" m="2602" /><D64/><U127/><E127/><RYUUKYOKU ba="0,1" sc="245,-10,242,30,227,-10,276,-10" hai1="0,5,11,55,56,60,88,93,96,97,101,118,119" /><INIT seed="5,1,1,2,5,4" ten="235,272,217,266" oya="1" hai0="20,36,56,24,83,74,39,55,119,85,6,32,128" hai1="50,115,126,124,26,75,19,67,76,14,41,99,79" hai2="23,127,2,25,116,45,3,109,68,65,64,95,13" hai3="16,44,104,17,31,131,43,97,69,88,133,135,89"/><U34/><E115/><V80/><F116/><W105/><G69/><T7/><D119/><U122/><E122/><V12/><F109/><W8/><G31/><T98/><D74/><U110/><E67/><N who="2" m="25675" /><F68/><W1/><G131/><T101/><D32/><U125/><E75/><V37/><F37/><N who="3" m="21615" /><G1/><T71/><D36/><U54/><E41/><V86/><F2/><W22/><G8/><T87/><D39/><U90/><E110/><V47/><F95/><N who="3" m="56551" /><G89/><T38/><D38/><U78/><E26/><V134/><F127/><W27/><G17/><T129/><D71/><U5/><E5/><V40/><F134/><AGARI ba="1,1" hai="16,22,27,104,105,133,134,135" m="56551,21615" machi="134" ten="30,3900,0" yaku="20,1,54,2" doraHai="4" who="3" fromWho="2" sc="235,0,272,0,217,-42,266,52" owari="235,-16.5,272,7.2,175,-32.5,318,41.8" /></mjloggm>