<mjloggm ver="2.3"><GO type="225" lobby="0"/><UN n0="%E9%80%9F%E6%B0%B4%E5%87%9B%E9%A6%99" n1="%E6%A0%B9%E5%85%83%E3%81%8B%E3%82%89%E5%90%B9%E3%81%A3%E9%A3%9B%E3%81%B6" n2="%E3%81%AF%E3%82%88%E3%81%8A%E3%81%98%E3%81%95%E3%82%93" n3="%E3%81%A1%E3%82%85%E3%81%86%E3%81%A9%E3%81%8F%E8%B1%A1%E3%81%95%E3%82%93" dan="16,16,16,17" rate="2060.18,2207.45,2126.65,2199.98" sx="F,F,M,M"/><TAIKYOKU oya="0"/><INIT seed="0,0,0,2,4,52" ten="250,250,250,250" oya="0" hai0="24,34,109,23,63,65,104,26,76,13,20,95,131" hai1="130,60,105,77,43,108,54,79,72,56,135,29,22" hai2="39,2,16,57,81,9,102,89,125,94,19,18,55" hai3="127,64,122,119,116,4,74,111,71,25,96,36,112"/><T41/><D104/><U85/><E108/><V118/><F39/><W28/><G74/><T134/><D134/><U62/><E130/><V124/><F118/><W53/><G36/><T123/><D123/><U7/><E105/><V100/><F81/><W33/><G112/><T91/><D131/><U59/><E72/><V129/><F129/><W132/><G132/><T113/><D113/><U35/><E35/><V115/><F115/><W84/><G111/><T45/><D76/><N who="1" m="29259" /><E7/><V106/><F2/><W75/><G75/><T21/><D34/><U6/><E6/><V8/><F106/><W107/><G4/><T126/><D126/><N who="2" m="48746" /><F89/><W51/><G84/><T86/><D13/><U120/><E85/><V10/><F94/><W101/><G127/><T110/><D110/><U121/><E43/><V50/><AGARI ba="0,0" hai="8,9,10,16,18,19,50,55,57,100,102" m="48746" machi="50" ten="40,5200,0" yaku="18,1,52,1,54,1" doraHai="52" who="2" fromWho="2" sc="250,-26,250,-13,250,52,250,-13" /><INIT seed="1,0,0,5,1,69" ten="224,237,302,237" oya="1" hai0="93,126,43,114,67,94,57,23,85,0,116,117,29" hai1="30,77,108,39,66,84,133,99,26,3,129,130,4" hai2="35,42,17,47,56,41,90,54,14,127,106,83,81" hai3="51,75,2,71,135,46,123,55,13,5,34,125,7"/><U122/><E122/><V50/><F35/><W32/><G123/><T97/><D114/><U1/><E133/><V118/><F118/><W124/><G75/><T73/><D0/><U8/><E66/><V98/><F127/><N who="3" m="48715" /><G135/><T6/><D73/><U128/><E1/><V21/><F42/><W102/><G71/><T49/><D126/><U59/><E59/><V100/><REACH who="2" step="1"/><F90/><REACH who="2" ten="224,237,292,237" step="2"/><W78/><G32/><T134/><D117/><U38/><E108/><V115/><F115/><W79/><G34/><T87/><D134/><U44/><E128/><V45/><F45/><W31/><G102/><T131/><D116/><U27/><E44/><V40/><F40/><W68/><G46/><T36/><D131/><U112/><E130/><V74/><F74/><W110/><G110/><T60/><D43/><U80/><E129/><V96/><F96/><W24/><G79/><T37/><D97/><U10/><E99/><V19/><F19/><W92/><G78/><T28/><D87/><U58/><E112/><V91/><F91/><W76/><G76/><T65/><D85/><U52/><E30/><V113/><F113/><W72/><G72/><T88/><D88/><U121/><E121/><V12/><F12/><W64/><G13/><T16/><D16/><U111/><E111/><V82/><F82/><W9/><G5/><T48/><D6/><N who="1" m="1119" /><E84/><V119/><F119/><W15/><G15/><T11/><D11/><U95/><E80/><V101/><F101/><W70/><G9/><T53/><D29/><U63/><E77/><V33/><F33/><W120/><G31/><T132/><D28/><RYUUKYOKU ba="0,1" sc="224,-10,237,-10,292,30,237,-10" hai2="14,17,21,41,47,50,54,56,81,83,98,100,106" /><INIT seed="2,1,1,5,3,64" ten="214,227,322,227" oya="2" hai0="63,123,66,58,10,94,70,87,97,31,49,68,28" hai1="86,41,128,57,132,104,2,19,15,112,82,83,16" hai2="99,92,38,45,32,33,54,39,111,81,100,61,126" hai3="116,89,50,115,56,77,127,29,108,98,74,113,69"/><V93/><F126/><W9/><G116/><T59/><D123/><U122/><E112/><N who="3" m="43082" /><G127/><T60/><D87/><U84/><E2/><V131/><F81/><N who="1" m="30729" /><E104/><V91/><F131/><W46/><G108/><T51/><D10/><N who="1" m="6263" /><E132/><V27/><F111/><W95/><G29/><T88/><D28/><U135/><E135/><V52/><F61/><W23/><G23/><T40/><D31/><U12/><E41/><V120/><F120/><W78/><G9/><T55/><REACH who="0" step="1"/><D40/><REACH who="0" ten="204,227,322,227" step="2"/><U37/><E122/><V76/><F32/><W53/><G74/><T75/><D75/><U130/><E86/><V90/><F33/><W20/><G77/><T13/><D13/><U103/><E84/><V80/><F76/><W17/><G78/><T72/><D72/><U7/><E12/><V3/><F27/><N who="3" m="14735" /><G56/><T129/><D129/><U44/><E57/><V79/><F79/><W107/><G107/><T110/><D110/><U134/><E130/><V36/><F3/><W48/><G48/><AGARI ba="1,2" hai="48,49,51,55,58,59,60,63,66,68,70,88,94,97" machi="48" ten="40,8000,1" yaku="1,1,52,2,54,1,53,0" doraHai="64" doraHaiUra="133" who="0" fromWho="3" sc="204,103,227,0,322,0,227,-83" /><INIT seed="3,0,0,2,5,67" ten="307,227,322,144" oya="3" hai0="82,40,93,112,74,94,48,16,66,31,78,129,103" hai1="43,14,39,63,1,27,58,125,101,6,75,107,113" hai2="106,28,132,10,41,92,111,105,60,25,33,22,91" hai3="127,124,61,69,95,21,70,126,115,24,87,121,35"/><W52/><G121/><T117/><D117/><U3/><E107/><V65/><F111/><W114/><G35/><T64/><D129/><U50/><E101/><V83/><F132/><W128/><G128/><T96/><D112/><N who="3" m="43049" /><G87/><T123/><D123/><U116/><E75/><V118/><F118/><W42/><G42/><T73/><D73/><U110/><E110/><V84/><F41/><W5/><G5/><T8/><D31/><U37/><E27/><V89/><F10/><W71/><G95/><T76/><D76/><U53/><E1/><V4/><F4/><W134/><G134/><T19/><D94/><U88/><E3/><V11/><F11/><W56/><G69/><T0/><D0/><U38/><E38/><V86/><F33/><W130/><G130/><T7/><D7/><U131/><E39/><V77/><F77/><W45/><G45/><T79/><D79/><U18/><E37/><V55/><F55/><W104/><G104/><T44/><D8/><U32/><E32/><V17/><F28/><AGARI ba="0,0" hai="21,24,28,52,56,61,70,71,124,126,127" m="43049" machi="28" ten="40,12000,1" yaku="18,1,52,2,54,1" doraHai="67" who="3" fromWho="2" sc="307,0,227,0,322,-120,144,120" /><INIT seed="3,1,0,0,5,37" ten="307,227,202,264" oya="3" hai0="44,98,56,17,128,102,95,7,112,50,29,33,55" hai1="115,32,10,53,85,68,106,86,74,22,26,71,3" hai2="77,84,61,104,73,39,31,40,78,57,23,52,42" hai3="62,38,131,118,79,101,18,122,110,8,96,81,47"/><W72/><G122/><T91/><D128/><U120/><E120/><V30/><F104/><W83/><G118/><T49/><D112/><U14/><E74/><V114/><F114/><W63/><G131/><T54/><D7/><N who="1" m="1407" /><E106/><V70/><F39/><W119/><G119/><T0/><D0/><U127/><E53/><V24/><F70/><N who="1" m="26665" /><E115/><V88/><F30/><W27/><G110/><T99/><D17/><U116/><E116/><V28/><F31/><W36/><G81/><T126/><D126/><U133/><E133/><V87/><F73/><W135/><G135/><T107/><D29/><N who="1" m="19511" /><E127/><V103/><F103/><W111/><G111/><T67/><D67/><U20/><E20/><V48/><F87/><W129/><G129/><T15/><D15/><U65/><E65/><V21/><F23/><W97/><G97/><T45/><D33/><U58/><E58/><AGARI ba="1,0" hai="44,45,49,50,54,55,56,58,91,95,98,99,102,107" machi="58" ten="30,2000,0" yaku="7,1,9,1" doraHai="37" who="0" fromWho="1" sc="307,23,227,-23,202,0,264,0" owari="330,43.0,204,-19.6,202,-29.8,264,6.4" /></mjloggm>