<mjloggm ver="2.3"><GO type="225" lobby="0"/><UN n0="%E3%82%A2%E3%82%A4%E3%82%B9%E3%83%86%E3%82%A3%E3%83%BC%E3%81%82%E3%81%B9" n1="%4C%4F%4C%49%54%41" n2="%E3%83%99%E3%83%AB%E3%83%A2%E3%83%83%E3%83%88" n3="%74%61%6B%65%2D%79%6F%75" dan="16,16,16,17" rate="2085.24,2153.51,2108.75,2185.77" sx="M,F,M,M"/><TAIKYOKU oya="0"/><INIT seed="0,0,0,2,2,40" ten="250,250,250,250" oya="0" hai0="50,77,53,109,126,83,106,33,102,12,64,133,84" hai1="49,93,31,125,48,47,86,128,22,67,76,34,6" hai2="14,1,27,45,46,82,0,8,95,101,29,113,9" hai3="115,117,118,11,116,57,107,61,79,114,38,41,124"/><T91/><D126/><U87/><E34/><V70/><F70/><W119/><G107/><T52/><D33/><U59/><E125/><V74/><F113/><N who="3" m="43019" /><G79/><T39/><D39/><U25/><E128/><V75/><F82/><W94/><G94/><T24/><D133/><U100/><E6/><V19/><F75/><W123/><G11/><T23/><D109/><U130/><E130/><V21/><F74/><W81/><G81/><T30/><D64/><U85/><E76/><V134/><F1/><W63/><G124/><T132/><D132/><U72/><E72/><V10/><F0/><W88/><G88/><T44/><D12/><U131/><E131/><V26/><F26/><W55/><N who="3" m="29696" /><DORA hai="62" /><W68/><G123/><T103/><D106/><U104/><E104/><V54/><F54/><N who="0" m="21098" /><D77/><U111/><E111/><V112/><F134/><W78/><G78/><T71/><D71/><U129/><E129/><V105/><F105/><W66/><G41/><AGARI ba="0,0" hai="23,24,30,41,44,50,83,84,91,102,103" m="21098" machi="41" ten="30,5800,0" yaku="8,1,52,1,54,1" doraHai="40,62" who="0" fromWho="3" sc="250,58,250,0,250,0,250,-58" /><INIT seed="0,1,0,4,0,79" ten="308,250,250,192" oya="0" hai0="43,32,52,34,22,16,36,98,27,17,5,116,115" hai1="68,87,111,100,94,109,39,6,124,126,26,107,114" hai2="99,76,119,132,50,33,62,65,104,83,118,38,25" hai3="120,108,102,42,37,61,51,78,13,0,53,31,89"/><T41/><D115/><U128/><E39/><V19/><F38/><W7/><G108/><N who="1" m="41546" /><E68/><N who="2" m="42039" /><F50/><W8/><G120/><T21/><D116/><N who="2" m="44586" /><F19/><W48/><G102/><T84/><D5/><U101/><E6/><V130/><F130/><W82/><G31/><T77/><D98/><N who="1" m="61847" /><E26/><V134/><F99/><W15/><G89/><T127/><D36/><U49/><E49/><V106/><F25/><W14/><G61/><T45/><D127/><N who="1" m="48683" /><E128/><V54/><F54/><W95/><G53/><T133/><D34/><U11/><E11/><V28/><F28/><W1/><G1/><T46/><D32/><U3/><E3/><V66/><F66/><W24/><G24/><N who="0" m="14375" /><D133/><N who="2" m="51306" /><F33/><W113/><G37/><T9/><D9/><U59/><E59/><V20/><F20/><W129/><G129/><T117/><D52/><U72/><E114/><V69/><F69/><W56/><G113/><T23/><D22/><U35/><E35/><V75/><AGARI ba="1,0" hai="75,76,83,104,106" m="51306,44586,42039" machi="75" ten="30,7900,0" yaku="12,1,20,1,23,1,52,1" doraHai="79" who="2" fromWho="2" sc="308,-40,250,-21,250,82,192,-21" /><INIT seed="1,0,0,0,5,73" ten="268,229,332,171" oya="1" hai0="26,61,32,59,123,91,39,108,100,125,2,128,67" hai1="41,24,52,116,45,0,88,16,37,36,112,46,93" hai2="119,54,74,40,124,1,117,122,105,10,85,133,90" hai3="86,25,107,23,83,102,33,30,53,58,27,63,56"/><U17/><E112/><V22/><F105/><W60/><G107/><T11/><D108/><U7/><E116/><V34/><F40/><W31/><G102/><T109/><D109/><U21/><E0/><V114/><F54/><W38/><G38/><T120/><D125/><U98/><E7/><V14/><F14/><W127/><G127/><T49/><D39/><U81/><E81/><V57/><F57/><W77/><REACH who="3" step="1"/><G56/><REACH who="3" ten="268,229,332,161" step="2"/><T4/><D59/><U48/><E37/><V44/><F124/><W84/><G84/><T113/><D100/><U68/><E68/><V6/><F85/><W50/><AGARI ba="0,1" hai="23,25,27,30,31,33,50,53,58,60,63,77,83,86" machi="50" ten="20,5200,0" yaku="1,1,0,1,7,1,52,1,53,0" doraHai="73" doraHaiUra="35" who="3" fromWho="3" sc="268,-13,229,-26,332,-13,161,62" /><INIT seed="2,0,0,5,3,19" ten="255,203,319,223" oya="2" hai0="32,115,118,103,37,24,60,48,82,90,113,10,127" hai1="62,79,41,45,100,98,85,30,21,46,80,86,104" hai2="134,42,135,131,67,96,77,125,0,120,68,35,56" hai3="18,87,108,70,58,8,110,12,94,63,105,128,25"/><V126/><F35/><W83/><G105/><T31/><D37/><U88/><E62/><N who="2" m="40055" /><F0/><W66/><G128/><T89/><D127/><N who="2" m="48650" /><F77/><W65/><G94/><T93/><D118/><U52/><E52/><V27/><F96/><W59/><G25/><T29/><D29/><U9/><E9/><V36/><F27/><W33/><G33/><T133/><D133/><N who="2" m="50698" /><F56/><W129/><G58/><T78/><D78/><U14/><E41/><V3/><F3/><W1/><G1/><T119/><D24/><U76/><E76/><V132/><F120/><W72/><G59/><T49/><D32/><U15/><E15/><V101/><F101/><W73/><G12/><T92/><D103/><U102/><E102/><V117/><F117/><W114/><G73/><T74/><D74/><U111/><E30/><V64/><F64/><W121/><G72/><T53/><D31/><U116/><E116/><V123/><F123/><W91/><G65/><T39/><D119/><U109/><E111/><V75/><F132/><W55/><G121/><T16/><D115/><U61/><E104/><V69/><F75/><W84/><G114/><T107/><D107/><U112/><E112/><V99/><F99/><W2/><G2/><T34/><D113/><U5/><E98/><V20/><F20/><W38/><G66/><T11/><D34/><U43/><E100/><V106/><F106/><W6/><G110/><T130/><D10/><N who="1" m="4431" /><E109/><V95/><F95/><N who="3" m="54759" /><G108/><T22/><D11/><U57/><E21/><V50/><F69/><W28/><G70/><T26/><D22/><U81/><E43/><V51/><F131/><RYUUKYOKU ba="0,0" sc="255,-15,203,15,319,15,223,-15" hai1="45,46,57,61,79,80,81,85,86,88" hai2="36,42,50,51" /><INIT seed="2,1,0,1,1,86" ten="240,218,334,208" oya="2" hai0="85,4,1,81,37,70,58,112,50,74,38,19,109" hai1="8,32,111,51,91,65,9,22,2,46,122,75,72" hai2="5,57,95,42,20,106,64,131,133,54,113,117,67" hai3="29,83,76,3,119,87,126,69,88,10,124,100,84"/><V25/><F106/><W114/><G119/><T23/><D109/><U49/><E32/><V125/><F117/><W98/><G69/><T105/><D70/><U101/><E101/><V0/><F113/><W90/><G29/><T27/><D74/><U116/><E116/><V92/><F42/><W52/><G114/><T53/><D105/><U134/><E111/><V41/><F41/><W129/><G129/><T107/><D107/><U28/><E134/><V30/><F131/><W121/><G121/><T120/><D120/><U115/><E115/><V61/><F125/><N who="3" m="48235" /><G52/><T34/><D34/><U103/><E103/><V59/><F0/><W93/><G87/><T66/><D66/><U18/><E28/><V35/><F5/><AGARI ba="1,0" hai="3,5,10,76,83,84,88,90,93,98,100" m="48235" machi="5" ten="30,7700,0" yaku="18,1,52,2,54,1" doraHai="86" who="3" fromWho="2" sc="240,0,218,0,334,-80,208,80" /><INIT seed="3,0,0,5,3,85" ten="240,218,254,288" oya="3" hai0="53,5,0,8,17,37,77,81,41,121,75,55,132" hai1="58,54,82,118,105,47,12,127,10,125,32,46,42" hai2="89,93,49,119,78,79,68,87,74,40,72,26,111" hai3="128,101,24,28,35,6,13,108,61,123,126,3,102"/><W107/><G123/><T67/><D121/><U91/><E105/><V44/><F68/><W96/><G128/><T63/><D132/><U38/><E32/><V120/><F119/><W86/><G126/><N who="1" m="48138" /><E118/><V45/><F111/><W110/><G3/><T50/><D50/><N who="1" m="31063" /><E46/><V29/><F74/><W70/><G102/><T69/><REACH who="0" step="1"/><D17/><REACH who="0" ten="230,218,254,288" step="2"/><N who="1" m="8343" /><E82/><V71/><F120/><W95/><G108/><T106/><D106/><U51/><E51/><V94/><F49/><W48/><G110/><T30/><D30/><U33/><E33/><V98/><F29/><W22/><G48/><T36/><D36/><U25/><E25/><V104/><F40/><W21/><G35/><T27/><D27/><U9/><E9/><V57/><F45/><AGARI ba="0,1" hai="0,5,8,37,41,45,53,55,63,67,69,75,77,81" machi="45" ten="40,5200,0" yaku="1,1,25,2,53,0" doraHai="85" doraHaiUra="124" who="0" fromWho="2" sc="230,62,218,0,254,-52,288,0" /><INIT seed="4,0,0,2,0,26" ten="292,218,202,288" oya="0" hai0="76,54,117,24,8,100,132,57,23,103,62,49,92" hai1="61,89,65,102,112,115,18,69,113,85,83,111,91" hai2="59,93,107,97,88,106,52,64,72,71,16,60,109" hai3="25,68,79,99,5,1,96,108,29,53,38,86,75"/><T41/><D117/><U120/><E111/><V125/><F72/><W123/><G108/><T9/><D132/><U34/><E120/><V39/><F39/><W94/><G68/><T28/><D76/><N who="1" m="46311" /><E34/><V114/><F109/><W45/><G123/><T20/><D20/><U67/><E67/><V47/><F125/><W63/><G86/><T10/><D92/><U37/><E37/><V84/><F114/><W126/><G126/><T90/><D90/><N who="1" m="34315" /><E18/><V95/><F47/><AGARI ba="0,0" hai="8,9,10,23,24,28,41,47,49,54,57,62,100,103" machi="47" ten="40,3900,0" yaku="8,1,52,1" doraHai="26" who="0" fromWho="2" sc="292,39,218,0,202,-39,288,0" owari="331,43.1,218,-18.2,163,-33.7,288,8.8" /></mjloggm>