<mjloggm ver="2.3"><GO type="225" lobby="0"/><UN n0="%E3%83%AD%E3%83%83%E3%83%86%E9%9B%80%E7%90%83" n1="%E3%83%8F%E3%83%B3%E3%83%89%E3%83%A9%E3%83%BC%E3%83%BB%E3%83%AF%E3%83%B3" n2="%E4%BF%BA%E3%81%A8%E5%A6%96%E5%A4%A2" n3="%4B%2E%32%2E%4B%2E" dan="16,17,17,16" rate="2141.35,2175.01,2174.94,2128.38" sx="M,M,F,M"/><TAIKYOKU oya="0"/><INIT seed="0,0,0,2,2,54" ten="250,250,250,250" oya="0" hai0="114,89,69,94,24,110,92,31,76,93,118,4,49" hai1="32,101,5,117,75,27,128,48,81,1,126,120,19" hai2="0,20,87,42,67,29,78,51,33,10,133,105,98" hai3="9,91,104,122,23,12,47,55,112,7,15,44,70"/><T100/><D114/><U17/><E117/><V53/><F33/><W107/><G112/><T26/><D118/><U46/><E120/><V63/><F133/><W22/><G70/><T95/><D69/><U116/><E116/><V127/><F42/><W88/><G122/><T108/><D100/><U73/><E101/><V83/><F127/><W35/><G35/><T56/><D76/><U43/><E126/><V61/><F105/><W99/><G99/><T18/><D4/><U85/><E128/><V64/><F98/><W79/><G79/><T65/><D18/><U134/><E134/><V40/><F40/><W57/><G104/><T102/><D102/><U132/><E132/><V74/><F74/><W25/><G15/><T11/><D11/><U111/><E111/><N who="0" m="42537" /><D31/><U84/><E5/><V60/><F10/><W123/><G123/><T86/><D49/><U115/><E17/><V109/><F0/><W50/><G107/><T59/><D65/><U82/><E19/><V6/><F6/><W80/><G22/><T30/><D24/><U68/><E68/><V39/><F109/><W113/><G113/><T130/><D130/><U66/><E66/><V14/><F14/><W103/><G103/><T71/><D71/><U8/><E115/><V96/><F64/><W72/><G91/><T38/><D38/><U62/><E8/><V119/><F67/><W135/><G135/><T131/><D131/><U129/><E129/><V106/><F39/><W37/><G37/><T77/><D77/><N who="1" m="46127" /><E1/><V41/><F78/><N who="3" m="44103" /><G88/><T3/><D3/><U36/><E36/><V90/><F90/><RYUUKYOKU ba="0,0" sc="250,15,250,-15,250,-15,250,15" hai0="26,30,56,59,86,89,92,93,94,95" hai3="7,9,12,23,25,44,47,50,55,57" /><INIT seed="0,1,0,5,5,68" ten="265,235,235,265" oya="0" hai0="73,107,113,110,52,109,67,38,35,0,21,82,115" hai1="46,61,62,111,43,8,11,18,97,83,53,93,58" hai2="60,19,2,81,120,69,98,84,65,39,59,30,116" hai3="101,86,122,87,121,125,63,117,85,129,106,44,102"/><T48/><D35/><U105/><E105/><V72/><F120/><N who="3" m="46187" /><G63/><T25/><D107/><U103/><E111/><N who="0" m="42505" /><D0/><U99/><E99/><V75/><F2/><W135/><G117/><T23/><D67/><U94/><E94/><V50/><F116/><W96/><G129/><T26/><D38/><U112/><E112/><V64/><F98/><N who="3" m="61751" /><G125/><T17/><D82/><U4/><E83/><V51/><F30/><W104/><G44/><N who="0" m="27655" /><D73/><U10/><E62/><V95/><F72/><W37/><G37/><T20/><D20/><U100/><E61/><V56/><F39/><W92/><G135/><T74/><D74/><U66/><E66/><V47/><F65/><W16/><G16/><AGARI ba="1,0" hai="16,17,21,23,25,26,113,115" m="27655,42505" machi="16" ten="30,11600,0" yaku="14,1,10,1,54,2" doraHai="68" who="0" fromWho="3" sc="265,119,235,0,235,0,265,-119" /><INIT seed="0,2,0,4,4,7" ten="384,235,235,146" oya="0" hai0="74,125,42,85,16,66,32,24,49,2,84,124,62" hai1="70,26,108,41,82,31,88,10,117,15,98,126,90" hai2="43,44,106,13,83,28,97,91,130,27,107,113,78" hai3="14,50,86,94,67,55,59,20,8,19,39,76,100"/><T131/><D74/><U58/><E117/><V96/><F113/><W23/><G39/><T77/><D2/><U1/><E70/><V47/><F130/><W75/><G75/><T111/><D131/><U92/><E1/><V132/><F132/><W22/><G67/><T52/><D42/><U6/><E126/><N who="0" m="48745" /><D77/><U21/><E108/><V128/><F128/><W40/><G40/><T48/><D48/><U36/><E36/><V93/><F97/><W121/><G121/><T56/><D111/><U127/><E127/><V45/><F43/><W109/><G109/><T53/><D53/><U11/><E41/><V30/><F13/><W101/><REACH who="3" step="1"/><G76/><REACH who="3" ten="384,235,235,136" step="2"/><T102/><D66/><U99/><E58/><V34/><REACH who="2" step="1"/><F30/><REACH who="2" ten="384,235,225,136" step="2"/><W38/><G38/><T104/><D56/><U64/><E31/><V18/><F18/><W65/><G65/><T119/><D16/><U112/><E64/><V103/><F103/><W33/><G33/><T29/><D32/><U69/><E69/><V120/><F120/><W54/><G54/><T105/><D52/><U95/><E112/><V72/><AGARI ba="2,2" hai="27,28,34,44,45,47,72,78,83,91,93,96,106,107" machi="72" ten="30,2000,0" yaku="1,1,0,1,53,0" doraHai="7" doraHaiUra="4" who="2" fromWho="2" sc="384,-12,235,-7,225,46,136,-7" /><INIT seed="1,0,0,1,5,113" ten="372,228,271,129" oya="1" hai0="80,66,54,91,134,74,47,114,51,116,95,26,83" hai1="131,52,123,104,25,35,21,29,5,16,109,23,55" hai2="103,125,87,99,121,135,96,84,24,56,64,31,129" hai3="10,36,77,68,117,59,65,128,46,15,3,79,11"/><U120/><E104/><V12/><F121/><W93/><G68/><T94/><D116/><U71/><E71/><V122/><F122/><W89/><G128/><T18/><D114/><U102/><E102/><V127/><F129/><W61/><G3/><T50/><D134/><U106/><E106/><V130/><F130/><W124/><G124/><N who="2" m="47689" /><F12/><W119/><G10/><T44/><D66/><U88/><E131/><V107/><F99/><N who="3" m="57775" /><G46/><T43/><D74/><U7/><E123/><V97/><F97/><W22/><G22/><N who="0" m="13655" /><D95/><U85/><E109/><V75/><F75/><W133/><G36/><T63/><D63/><U39/><E39/><V41/><F41/><W60/><G61/><T105/><D105/><U108/><E108/><V100/><F100/><W72/><G72/><T30/><D30/><U58/><E35/><N who="2" m="20967" /><F135/><W98/><G98/><AGARI ba="0,0" hai="43,44,47,50,51,54,80,83,91,94,98" m="13655" machi="98" ten="30,1000,0" yaku="8,1" doraHai="113" who="0" fromWho="3" sc="372,10,228,0,271,0,129,-10" /><INIT seed="2,0,0,2,1,127" ten="382,228,271,119" oya="2" hai0="38,77,44,123,19,89,31,3,45,71,63,121,69" hai1="67,37,86,99,128,34,95,122,2,60,8,10,13" hai2="75,133,131,23,57,55,12,110,91,83,42,29,41" hai3="46,0,48,113,74,93,62,7,30,59,114,54,85"/><V135/><F110/><W28/><G74/><T78/><D3/><U65/><E34/><V79/><F91/><W32/><G0/><T72/><D31/><U115/><E115/><V117/><F117/><W118/><G7/><T103/><D19/><U40/><E122/><V21/><F21/><W106/><G106/><T98/><D63/><U49/><E37/><V58/><F58/><W124/><G124/><T116/><D72/><U35/><E35/><V88/><F88/><W17/><G17/><T105/><D38/><U11/><E2/><V1/><F1/><W120/><G120/><T50/><D44/><N who="1" m="25735" /><E86/><V43/><F131/><W94/><G118/><T82/><D89/><N who="1" m="55791" /><E128/><V109/><F109/><W112/><G85/><T126/><D78/><U5/><E60/><V4/><F4/><W132/><G132/><N who="2" m="50761" /><F43/><W15/><G32/><T73/><D126/><U111/><E111/><V81/><F81/><W87/><G87/><T47/><D116/><U97/><E97/><V22/><F42/><W70/><G70/><T6/><D6/><U119/><E119/><V9/><F41/><W108/><G108/><T84/><D84/><U26/><E26/><V134/><F134/><W56/><G15/><T61/><D71/><U16/><E5/><N who="2" m="3119" /><F29/><N who="3" m="11371" /><G56/><T25/><D25/><U33/><E33/><V101/><F101/><W104/><G104/><T52/><REACH who="0" step="1"/><D47/><REACH who="0" ten="372,228,271,119" step="2"/><U36/><E36/><V64/><F64/><RYUUKYOKU type="ron3" ba="0,1" sc="372,0,228,0,271,0,119,0" hai0="45,50,52,61,69,73,77,82,98,103,105,121,123" hai1="8,10,11,13,16,65,67" hai3="46,48,54,59,62,93,94,112,113,114" /><INIT seed="2,1,1,3,0,98" ten="372,228,271,119" oya="2" hai0="50,1,55,102,20,43,111,104,127,16,42,121,96" hai1="130,95,4,119,125,84,6,59,106,129,85,132,70" hai2="36,39,131,58,75,61,114,54,25,8,60,115,45" hai3="41,24,0,126,57,66,23,47,128,79,123,30,88"/><V13/><F75/><W92/><G123/><T103/><D1/><U93/><E70/><V78/><F78/><W83/><G126/><T89/><D121/><U38/><E106/><V107/><F107/><W90/><G128/><N who="1" m="49258" /><E119/><V67/><F131/><W3/><G57/><T120/><D111/><U72/><E72/><V99/><F25/><W63/><G63/><T112/><D112/><U122/><E38/><V105/><F39/><W22/><G22/><T71/><D127/><U110/><E125/><V73/><F73/><W97/><G90/><T12/><D71/><U35/><E35/><V26/><F26/><W21/><G23/><T48/><D120/><U87/><E122/><V100/><F36/><W11/><G66/><T56/><D50/><U15/><E132/><V31/><F31/><W33/><G11/><T80/><REACH who="0" step="1"/><D103/><REACH who="0" ten="362,228,271,119" step="2"/><U44/><E110/><V5/><REACH who="2" step="1"/><F45/><REACH who="2" ten="362,228,261,119" step="2"/><W49/><REACH who="3" step="1"/><G33/><REACH who="3" ten="362,228,261,109" step="2"/><T65/><D65/><U82/><E44/><V9/><F9/><W76/><G76/><T135/><D135/><U69/><E69/><AGARI ba="1,4" hai="5,8,13,54,58,60,61,67,69,99,100,105,114,115" machi="69" ten="30,11600,0" yaku="1,1,7,1,52,1,53,1" doraHai="98" doraHaiUra="53" who="2" fromWho="1" sc="362,0,228,-119,261,159,109,0" /><INIT seed="2,2,0,0,0,60" ten="362,109,420,109" oya="2" hai0="132,94,23,44,111,99,98,64,13,79,62,2,37" hai1="39,125,38,9,41,28,17,34,88,66,8,12,126" hai2="65,133,112,120,24,92,27,15,68,83,90,116,1" hai3="11,76,104,101,97,82,75,122,91,49,121,131,89"/><V52/><F112/><W0/><G49/><T3/><D111/><U127/><E41/><V55/><F116/><W61/><G61/><T117/><D132/><U63/><E8/><V96/><F1/><W93/><G91/><T130/><D130/><U74/><E74/><V69/><F133/><W86/><REACH who="3" step="1"/><G131/><REACH who="3" ten="362,109,420,99" step="2"/><T78/><D62/><U7/><E88/><V103/><F90/><W4/><AGARI ba="2,1" hai="0,4,11,75,76,82,86,89,93,97,101,104,121,122" machi="4" ten="30,8000,1" yaku="1,1,2,1,0,1,24,2,53,0" doraHai="60" doraHaiUra="21" who="3" fromWho="3" sc="362,-22,109,-22,420,-42,99,96" /><INIT seed="3,0,0,1,4,46" ten="340,87,378,195" oya="3" hai0="23,77,10,65,79,89,57,55,76,11,88,125,27" hai1="9,8,74,107,72,104,4,12,70,99,40,54,115" hai2="19,5,20,128,62,39,85,87,15,110,52,37,59" hai3="63,131,91,117,118,66,124,33,64,1,32,44,92"/><W35/><G1/><T16/><D125/><U111/><E115/><V18/><F110/><W109/><G124/><T0/><D65/><U41/><E70/><V71/><F128/><W13/><G131/><T3/><D3/><U34/><E34/><V112/><F112/><W7/><G109/><T2/><D2/><U69/><E69/><V120/><F120/><W102/><G102/><T61/><D0/><U68/><E68/><V103/><F71/><W98/><G63/><T81/><D81/><U31/><E111/><V106/><F5/><W105/><G105/><T48/><D61/><U25/><E99/><V51/><F103/><W114/><G114/><T60/><D60/><U14/><E25/><V24/><F106/><W94/><G94/><T6/><D6/><U38/><E4/><V126/><F126/><W135/><G135/><T30/><D30/><U56/><E56/><N who="2" m="32799" /><F39/><W80/><G80/><T50/><D50/><U78/><E31/><V130/><F37/><W101/><G101/><T29/><D29/><U84/><E38/><V73/><F73/><W133/><G133/><T97/><D97/><U93/><E93/><V121/><F121/><W43/><G117/><T127/><D127/><U36/><E36/><V49/><F49/><W122/><G122/><T95/><D95/><U108/><E108/><V113/><F113/><W17/><G7/><T119/><D119/><U123/><E123/><V45/><F45/><W28/><G28/><T100/><D100/><U134/><E134/><V82/><F130/><W26/><G118/><T58/><D58/><U22/><E107/><RYUUKYOKU ba="0,0" sc="340,30,87,-10,378,-10,195,-10" hai0="10,11,16,23,27,48,55,57,76,77,79,88,89" owari="370,47.0,77,-42.3,368,16.8,185,-21.5" /></mjloggm>