<mjloggm ver="2.3"><GO type="225" lobby="0"/><UN n0="%E3%81%99%E3%81%84%E3%81%BE%E3%81%9B%E3%83%BC%E3%82%93" n1="%28%EF%BF%A3%E2%96%BD%EF%BF%A3%29%CE%B4%E2%8C%92%E3%83%BB" n2="%E3%83%81%E3%83%AF%E3%83%AF%E9%9A%8A%E9%95%B7" n3="%E3%83%B4%E3%82%A3%E3%83%AF%E3%82%B3%E3%82%B0%E3%83%8B" dan="18,17,16,16" rate="2216.73,2251.06,2103.32,2215.43" sx="M,M,M,M"/><TAIKYOKU oya="0"/><INIT seed="0,0,0,2,2,33" ten="250,250,250,250" oya="0" hai0="72,107,0,66,71,134,47,44,1,56,67,51,16" hai1="120,86,102,64,131,48,14,38,91,74,8,25,132" hai2="63,53,84,126,9,130,129,39,95,31,13,55,52" hai3="42,111,29,105,122,108,17,133,109,61,106,94,113"/><T11/><D107/><N who="3" m="40969" /><G29/><T37/><D72/><U73/><E38/><V57/><F39/><W6/><G42/><T58/><D37/><U80/><E102/><V27/><F126/><W101/><G6/><T49/><D71/><U97/><E120/><V54/><F95/><W124/><G17/><T50/><D134/><U127/><E131/><N who="2" m="50187" /><F84/><W46/><G46/><N who="0" m="17451" /><D16/><U114/><E97/><V21/><F54/><W117/><G122/><T76/><D76/><U119/><E132/><V116/><F116/><W18/><G18/><AGARI ba="0,0" hai="9,13,18,21,27,31,52,53,55,57,63" m="50187" machi="18" ten="30,2000,0" yaku="19,1,54,1" doraHai="33" who="2" fromWho="3" sc="250,0,250,0,250,20,250,-20" /><INIT seed="1,0,0,1,0,15" ten="250,250,270,230" oya="1" hai0="72,48,83,113,122,10,80,125,128,104,0,23,90" hai1="13,107,76,105,40,131,41,1,44,132,71,54,50" hai2="27,46,65,123,68,73,43,87,63,51,79,24,117" hai3="69,39,14,55,135,9,12,121,93,33,70,111,29"/><U36/><E1/><V112/><F117/><W17/><G121/><T134/><D113/><U3/><E3/><V53/><F123/><W129/><G39/><T28/><D122/><U35/><E35/><V116/><F116/><W101/><G111/><T30/><D104/><U97/><E71/><V95/><F112/><W85/><G135/><T62/><D134/><U32/><E32/><V120/><F120/><W49/><G129/><T100/><D100/><U4/><E132/><V66/><F66/><W74/><G74/><T98/><D72/><U59/><E131/><V84/><F73/><W34/><G12/><T6/><D62/><U103/><E76/><V88/><REACH who="2" step="1"/><F43/><REACH who="2" ten="250,250,260,230" step="2"/><W8/><G70/><T47/><D128/><U124/><E41/><V37/><F37/><W91/><G69/><T45/><D125/><U118/><E118/><V86/><F86/><W89/><G85/><T60/><D98/><U82/><E124/><V38/><F38/><W61/><G55/><T115/><D115/><U99/><E99/><V20/><F20/><W92/><G33/><T77/><D23/><U58/><E36/><V42/><F42/><W109/><G34/><T96/><D96/><U127/><E127/><V18/><F18/><W56/><G17/><T130/><D130/><U5/><E107/><V94/><F94/><W16/><G92/><T21/><D21/><U11/><E40/><V108/><F108/><W114/><G109/><T57/><D83/><AGARI ba="0,1" hai="24,27,46,51,53,63,65,68,79,83,84,87,88,95" machi="83" ten="40,2600,0" yaku="1,1,54,1,53,0" doraHai="15" doraHaiUra="106" who="2" fromWho="0" sc="250,-26,250,0,260,36,230,0" /><INIT seed="2,0,0,4,0,67" ten="224,250,296,230" oya="2" hai0="30,113,35,22,81,97,128,79,32,120,93,110,92" hai1="56,4,100,77,71,0,102,105,25,107,48,5,115" hai2="6,121,21,8,65,1,58,101,15,99,131,23,50" hai3="87,14,98,16,26,114,74,108,57,18,96,91,103"/><V116/><F121/><W29/><G74/><T109/><D120/><U63/><E115/><V20/><F116/><W37/><G37/><T95/><D113/><U61/><E77/><V129/><F1/><W43/><G114/><T132/><D128/><N who="2" m="49226" /><F65/><W11/><G108/><N who="0" m="41579" /><D132/><U126/><E48/><V83/><F83/><W88/><G43/><T118/><D118/><U36/><E36/><V111/><F111/><W76/><G18/><T69/><D69/><U27/><E0/><V3/><F3/><W89/><G57/><T17/><D30/><U130/><E130/><V45/><F58/><W66/><G66/><T51/><D51/><U70/><E56/><V123/><F123/><W9/><G9/><T12/><D97/><U78/><E78/><V59/><F59/><W75/><G75/><AGARI ba="0,0" hai="12,17,22,32,35,75,79,81,92,93,95" m="41579" machi="75" ten="30,1000,0" yaku="14,1" doraHai="67" who="0" fromWho="3" sc="224,10,250,0,296,0,230,-10" /><INIT seed="3,0,0,2,0,76" ten="234,250,296,220" oya="3" hai0="63,72,5,113,119,47,38,106,114,46,91,69,20" hai1="55,6,95,43,4,8,130,85,48,109,16,129,34" hai2="56,81,104,107,115,54,39,24,23,62,1,70,86" hai3="88,18,135,117,128,14,3,44,120,22,90,112,99"/><W111/><G112/><N who="0" m="43115" /><D106/><U123/><E34/><V65/><F115/><W68/><G120/><T77/><D119/><U64/><E43/><V36/><F1/><W80/><G117/><T122/><D122/><U60/><E123/><V30/><F107/><W78/><G128/><N who="1" m="49258" /><E109/><V26/><F26/><W31/><G135/><T40/><D47/><N who="1" m="28063" /><E95/><V17/><F30/><W25/><G68/><T10/><D20/><U21/><E8/><V29/><F29/><W108/><G3/><N who="0" m="319" /><D91/><U53/><E53/><V98/><F98/><W15/><G44/><T57/><D69/><N who="1" m="42119" /><E85/><V35/><F104/><W97/><G97/><T58/><D63/><U0/><E0/><V126/><F35/><W61/><G61/><T102/><D102/><U42/><E42/><V82/><F70/><W19/><G14/><AGARI ba="0,0" hai="4,6,14,16,21" m="42119,28063,49258" machi="14" ten="30,2000,0" yaku="19,1,54,1" doraHai="76" who="1" fromWho="3" sc="234,0,250,20,296,0,220,-20" /><INIT seed="4,0,0,3,3,24" ten="234,270,296,200" oya="0" hai0="63,82,4,11,46,87,35,22,102,17,44,109,15" hai1="59,133,53,111,128,31,64,10,129,21,65,100,70" hai2="116,36,123,48,61,78,112,18,26,68,55,69,104" hai3="5,0,74,117,101,25,86,89,90,56,106,41,126"/><T47/><D35/><U2/><E111/><V134/><F123/><W72/><G117/><T124/><D124/><U131/><E133/><V77/><F112/><W57/><G126/><T97/><D109/><U13/><E70/><V92/><F104/><W121/><G121/><T105/><D63/><U30/><E100/><V80/><F36/><W103/><G106/><T130/><D130/><U110/><E2/><V27/><F134/><W108/><G108/><T67/><D67/><N who="1" m="25675" /><E21/><V34/><F116/><W19/><G0/><T51/><D51/><N who="1" m="31167" /><E110/><V20/><F69/><W119/><G119/><T42/><D42/><U37/><E37/><V50/><F68/><W32/><G41/><T9/><REACH who="0" step="1"/><D4/><AGARI ba="0,0" hai="4,10,13,30,31,128,129,131" m="31167,25675" machi="4" ten="30,3900,0" yaku="19,1,52,2" doraHai="24" who="1" fromWho="0" sc="234,-39,270,39,296,0,200,0" owari="195,-30.5,309,40.9,296,9.6,200,-20.0" /></mjloggm>