<mjloggm ver="2.3"><GO type="225" lobby="0"/><UN n0="%E5%8D%A0%E3%81%84%E5%B8%AB%E8%A3%8F%E3%81%AA%E3%81%84%E3%81%97" n1="%33%74%72%65%65" n2="%E6%81%A5%E6%99%92%E3%81%97" n3="%E6%98%BC%E4%B8%8B%E3%81%8C%E3%82%8A%E3%81%AE%E5%9B%A3%E5%9C%B0%E5%A6%BB" dan="17,16,16,16" rate="2179.09,2113.40,2109.96,2173.11" sx="M,F,M,F"/><TAIKYOKU oya="0"/><INIT seed="0,0,0,2,2,86" ten="250,250,250,250" oya="0" hai0="28,5,0,121,3,78,133,125,126,15,63,30,65" hai1="77,72,71,38,70,36,44,42,32,93,130,132,61" hai2="113,122,107,106,120,75,9,26,104,124,101,89,134" hai3="85,40,16,49,37,80,13,24,114,84,23,48,112"/><T64/><D121/><N who="2" m="46698" /><F26/><W92/><G37/><T96/><D133/><U12/><E132/><V2/><F9/><W58/><G114/><T7/><D78/><U105/><E32/><V109/><F2/><N who="0" m="554" /><D96/><U119/><E12/><V90/><F134/><W43/><G112/><T110/><D63/><U11/><E61/><V99/><F113/><W6/><G92/><T91/><D91/><N who="2" m="34826" /><F109/><W83/><G84/><T22/><D22/><U10/><E11/><V19/><F19/><W68/><G68/><T1/><D110/><U135/><E70/><V94/><F75/><W102/><G102/><T115/><D115/><U14/><E72/><V25/><F25/><W35/><G35/><T46/><D46/><U57/><E44/><V118/><F124/><N who="0" m="47722" /><D15/><U47/><E14/><V95/><F95/><W73/><G73/><T116/><D116/><AGARI ba="0,0" hai="94,99,101,104,106,107,116,118" m="34826,46698" machi="116" ten="40,8000,1" yaku="34,2,52,3" doraHai="86" who="2" fromWho="0" sc="250,-80,250,0,250,80,250,0" /><INIT seed="1,0,0,3,0,119" ten="170,250,330,250" oya="1" hai0="64,81,54,20,8,99,95,117,76,125,53,103,104" hai1="42,121,4,55,58,78,16,108,47,57,107,51,83" hai2="10,38,126,68,102,85,17,80,26,106,25,105,29" hai3="96,94,52,28,19,75,97,50,132,73,35,128,116"/><U46/><E121/><V56/><F126/><W6/><G128/><T32/><D117/><U67/><E107/><N who="2" m="40971" /><F38/><W82/><G116/><T66/><D32/><U100/><E100/><V12/><F56/><W33/><G132/><T69/><D125/><U113/><E113/><V39/><F39/><W11/><G19/><T34/><D34/><U9/><E108/><V122/><F25/><W115/><G35/><T45/><D104/><U74/><E16/><V40/><F17/><W129/><G115/><T13/><D69/><U27/><E27/><V15/><F40/><W127/><G127/><T7/><D20/><U2/><REACH who="1" step="1"/><E67/><REACH who="1" ten="170,240,330,250" step="2"/><V124/><F26/><W120/><G120/><T3/><D3/><U101/><E101/><V41/><F124/><W31/><G31/><T21/><D21/><U49/><AGARI ba="0,1" hai="2,4,9,42,46,47,49,51,55,57,58,74,78,83" machi="49" ten="20,3900,0" yaku="1,1,0,1,7,1,53,0" doraHai="119" doraHaiUra="22" who="1" fromWho="1" sc="170,-13,240,49,330,-13,250,-13" /><INIT seed="1,1,0,3,1,72" ten="157,289,317,237" oya="1" hai0="77,48,74,26,79,36,61,12,38,121,15,50,34" hai1="22,107,24,134,16,135,99,39,31,59,97,102,115" hai2="42,129,11,90,47,33,7,9,81,55,8,71,113" hai3="96,64,95,20,101,120,125,85,110,32,116,124,87"/><U98/><E115/><V14/><F71/><W133/><G32/><T103/><D74/><U28/><E39/><V83/><F113/><W60/><G120/><T17/><D121/><U57/><E102/><V2/><F33/><W130/><G110/><T111/><D103/><U5/><E5/><V131/><F55/><W76/><G130/><N who="2" m="49673" /><F90/><W108/><G108/><T40/><D111/><U23/><E107/><V75/><F75/><W53/><G53/><T10/><D61/><U91/><E91/><V127/><F127/><W106/><G133/><N who="1" m="50698" /><E31/><V112/><F112/><W80/><G116/><T29/><D15/><AGARI ba="1,0" hai="15,16,22,23,24,28,57,59,97,98,99" m="50698" machi="15" ten="30,2900,0" yaku="20,1,54,1" doraHai="72" who="1" fromWho="0" sc="157,-32,289,32,317,0,237,0" /><INIT seed="1,2,0,5,1,35" ten="125,321,317,237" oya="1" hai0="24,114,105,75,20,88,37,85,126,2,5,33,84" hai1="106,26,129,102,52,44,39,92,22,77,59,13,31" hai2="29,27,64,133,70,53,15,81,113,28,0,50,18" hai3="65,127,36,82,119,115,48,69,30,117,49,112,57"/><U131/><E106/><V61/><F133/><W124/><G30/><T6/><D114/><N who="3" m="43561" /><G82/><T110/><D75/><U86/><E13/><V43/><F113/><W38/><G69/><T58/><D110/><U104/><E104/><V21/><F43/><W60/><G48/><T74/><D74/><U19/><E31/><V71/><F71/><W68/><G49/><T54/><D33/><U80/><E102/><V4/><F81/><W109/><G57/><T9/><D105/><U116/><E92/><V99/><F99/><W101/><G101/><T83/><D126/><N who="3" m="48169" /><G109/><T66/><D37/><AGARI ba="2,0" hai="36,37,38,60,65,68,117,119" m="48169,43561" machi="37" ten="40,8000,1" yaku="18,1,23,1,34,2" doraHai="35" who="3" fromWho="0" sc="125,-86,321,0,317,0,237,86" /><INIT seed="2,0,0,5,1,81" ten="39,321,317,323" oya="2" hai0="34,101,25,1,50,40,49,43,91,125,38,117,108" hai1="46,0,36,92,16,83,75,129,71,115,5,31,23" hai2="29,57,124,35,19,12,107,98,58,48,134,54,104" hai3="65,18,27,122,24,74,126,88,97,77,99,116,119"/><V109/><F124/><W22/><G122/><T80/><D101/><U44/><E115/><V2/><F2/><W76/><G126/><T72/><D25/><U128/><E71/><V103/><F134/><W110/><G110/><T73/><D108/><U10/><E31/><V130/><F130/><N who="1" m="50281" /><E36/><V132/><F132/><W53/><G65/><T96/><D38/><U39/><E39/><V41/><F41/><W105/><G74/><T3/><D125/><U28/><E92/><V17/><F17/><W13/><G27/><T133/><D80/><U82/><E28/><V86/><F109/><W113/><G113/><T127/><D127/><U30/><E30/><V32/><F107/><W45/><G24/><T106/><D133/><U89/><E83/><V120/><F120/><W114/><G114/><T7/><D7/><U26/><E89/><V15/><F29/><W111/><G111/><T78/><D78/><AGARI ba="0,0" hai="0,5,10,16,23,26,44,46,75,78,82" m="50281" machi="78" ten="30,2000,0" yaku="19,1,54,1" doraHai="81" who="1" fromWho="0" sc="39,-20,321,20,317,0,323,0" /><INIT seed="3,0,0,2,5,30" ten="19,341,317,323" oya="3" hai0="95,14,82,48,27,43,69,18,6,116,13,66,7" hai1="110,64,60,1,119,134,100,101,83,131,86,29,122" hai2="118,40,23,59,34,114,61,129,135,89,132,44,10" hai3="17,85,31,112,108,73,88,92,106,128,32,25,103"/><W117/><BYE who="0" /><G117/><T96/><D96/><U2/><E122/><V65/><F114/><W111/><G112/><T21/><D21/><U4/><E119/><V39/><F118/><W91/><G128/><T79/><D79/><U84/><E29/><V49/><F23/><W56/><G73/><T133/><D133/><N who="2" m="51274" /><F129/><W71/><G71/><T11/><D11/><U3/><E134/><V74/><F74/><W52/><G17/><T33/><D33/><U35/><E35/><V127/><F127/><W20/><G32/><T80/><D80/><U121/><E121/><V57/><F10/><W42/><G42/><T5/><D5/><U123/><E123/><V9/><F89/><W97/><REACH who="3" step="1"/><G91/><REACH who="3" ten="19,341,317,313" step="2"/><T70/><D70/><U50/><E131/><V45/><F34/><W105/><G105/><T55/><D55/><U87/><E4/><V104/><F104/><W115/><G115/><T68/><D68/><U63/><E83/><V53/><F9/><W36/><G36/><T62/><D62/><AGARI ba="0,1" hai="20,25,31,52,56,62,85,88,92,97,103,106,108,111" machi="62" ten="40,7700,0" yaku="1,1,54,2,53,0" doraHai="30" doraHaiUra="38" who="3" fromWho="0" sc="19,-77,341,0,317,0,313,87" owari="-58,-55.8,341,14.1,317,-8.3,400,50.0" /></mjloggm>