<mjloggm ver="2.3"><GO type="225" lobby="0"/><UN n0="%E3%81%9F%E3%81%8C%E3%82%84%E3%81%99" n1="%61%69%73%79%6F" n2="%E5%8F%AF%E5%85%90%E9%82%A3%E7%94%B1%E5%A4%9A" n3="%E3%82%A2%E3%82%A4%E3%82%B9%E3%83%86%E3%82%A3%E3%83%BC%E3%81%82%E3%81%B9" dan="17,17,16,16" rate="2190.17,2212.49,2147.26,2093.68" sx="M,M,F,M"/><TAIKYOKU oya="0"/><INIT seed="0,0,0,5,1,134" ten="250,250,250,250" oya="0" hai0="69,12,58,30,99,23,24,10,6,55,119,68,3" hai1="11,76,81,40,43,14,85,120,89,71,31,9,21" hai2="108,33,103,63,79,13,53,70,18,4,48,110,114" hai3="34,113,98,26,75,73,78,38,7,35,127,1,28"/><T49/><D99/><U60/><E120/><V59/><F114/><W128/><G113/><T132/><D119/><U0/><E0/><V67/><F33/><W82/><G128/><T47/><D132/><U107/><E107/><V52/><F4/><W116/><G116/><T45/><D45/><U123/><E123/><V19/><F103/><W133/><G133/><T124/><D124/><U122/><E122/><V121/><F121/><W16/><G16/><T131/><D131/><U72/><E9/><V100/><F100/><W27/><G98/><T37/><D37/><U111/><E111/><N who="2" m="42539" /><F79/><W17/><G17/><N who="2" m="6153" /><F53/><W96/><G96/><T118/><D118/><U36/><E21/><V92/><F92/><W135/><G135/><T29/><D3/><U41/><E31/><V105/><F105/><W93/><G93/><T66/><D30/><U115/><E115/><V56/><F13/><W64/><G27/><T83/><D83/><U117/><E117/><V106/><F106/><W51/><G26/><T112/><D112/><U65/><E14/><V8/><F8/><W44/><G82/><T126/><D126/><U22/><E22/><V94/><F94/><W39/><G127/><T109/><D109/><U62/><E11/><V5/><F5/><W20/><G35/><T46/><D66/><U129/><E129/><V61/><F61/><W57/><G28/><T42/><D42/><U50/><E62/><V86/><F86/><W102/><G34/><T74/><D74/><U88/><E72/><V80/><F80/><W130/><G75/><T84/><D84/><U91/><E36/><RYUUKYOKU ba="0,0" sc="250,10,250,10,250,10,250,-30" hai0="6,10,12,23,24,29,46,47,49,55,58,68,69" hai1="40,41,43,50,60,65,71,76,81,85,88,89,91" hai2="48,52,56,59,63,67,70" /><INIT seed="0,1,0,2,2,53" ten="260,260,260,220" oya="0" hai0="10,127,61,121,28,1,59,101,11,100,70,51,4" hai1="30,34,67,89,126,5,116,87,103,69,112,3,56" hai2="117,24,65,83,16,22,95,64,123,33,15,97,125" hai3="77,60,40,109,37,92,49,38,7,124,18,76,75"/><T62/><D70/><U54/><E116/><V57/><F123/><W2/><G109/><T79/><D121/><U102/><E112/><V81/><F117/><W25/><G124/><T42/><D127/><U94/><E126/><V41/><F125/><W0/><G60/><T46/><D62/><U78/><E69/><V99/><F41/><W107/><G107/><T71/><D71/><U93/><E67/><N who="2" m="25675" /><F33/><W13/><G25/><T27/><D11/><U68/><E68/><V114/><F114/><W66/><G66/><T43/><D42/><U45/><E34/><V113/><F113/><W105/><G105/><T32/><REACH who="0" step="1"/><D79/><REACH who="0" ten="250,260,260,220" step="2"/><U39/><E78/><V58/><F99/><W110/><G77/><T36/><D36/><U133/><E39/><V91/><F15/><W23/><G76/><T47/><D47/><U52/><E45/><V6/><F6/><W106/><G7/><T12/><D12/><U48/><E5/><V96/><F96/><W122/><G13/><T130/><D130/><U108/><E3/><V86/><F83/><W80/><G80/><T129/><D129/><U98/><E98/><V31/><F31/><W90/><G2/><T118/><D118/><U50/><E30/><V115/><F115/><W74/><G0/><T20/><D20/><U26/><E26/><V85/><F81/><W19/><G23/><T84/><D84/><AGARI ba="1,1" hai="16,22,24,57,58,84,85,86,91,95,97" m="25675" machi="84" ten="30,7700,0" yaku="8,1,52,2,54,1" doraHai="53" who="2" fromWho="0" sc="250,-80,260,0,260,90,220,0" /><INIT seed="1,0,0,2,1,104" ten="170,260,350,220" oya="1" hai0="1,55,113,93,43,40,106,88,135,73,103,13,123" hai1="65,86,59,127,92,97,131,41,134,119,117,94,87" hai2="75,77,3,124,57,47,34,79,33,48,133,132,66" hai3="85,102,32,22,49,37,80,54,89,111,67,109,51"/><U14/><E134/><N who="2" m="51819" /><F3/><W81/><G32/><N who="2" m="12393" /><F124/><W110/><G37/><T118/><D1/><U105/><E131/><V96/><F96/><W90/><G67/><T120/><D135/><U26/><E127/><V46/><F75/><W53/><G102/><T12/><D113/><U84/><E105/><V25/><F25/><W68/><G22/><T74/><D118/><U36/><E92/><V71/><F71/><W38/><G38/><T100/><D55/><N who="3" m="21001" /><G68/><T56/><D56/><U27/><E36/><V45/><F48/><N who="3" m="18507" /><G85/><T125/><D125/><U78/><E119/><V72/><F72/><N who="0" m="27754" /><D106/><U128/><E78/><N who="2" m="29707" /><F66/><W115/><G115/><T23/><D103/><U99/><E99/><V15/><F15/><N who="0" m="5706" /><D100/><N who="1" m="60471" /><E14/><V91/><F57/><W107/><G107/><T129/><D23/><U64/><E64/><V121/><F91/><AGARI ba="0,0" hai="80,81,89,90,91,109,110,111" m="18507,21001" machi="91" ten="40,5200,0" yaku="28,2,14,1" doraHai="104" who="3" fromWho="2" sc="170,0,260,0,350,-52,220,52" /><INIT seed="2,0,0,3,1,85" ten="170,260,298,272" oya="2" hai0="19,20,92,61,110,31,18,82,49,36,134,132,84" hai1="100,7,97,127,25,90,32,50,87,117,99,1,106" hai2="2,96,133,54,22,129,57,121,66,59,113,111,21" hai3="15,88,130,5,8,69,77,109,39,86,48,53,76"/><V68/><F113/><W56/><G39/><T6/><D36/><U114/><E114/><V126/><F121/><W23/><G69/><T131/><D110/><U98/><E117/><V41/><F2/><W105/><G105/><T103/><D131/><U67/><E127/><V0/><F0/><W17/><G109/><T125/><D125/><U44/><E67/><V123/><F123/><W38/><G38/><T34/><D6/><U70/><E70/><V74/><F111/><W62/><G62/><T26/><D49/><U122/><E122/><V14/><F126/><W16/><G130/><T4/><D4/><U78/><E78/><N who="3" m="30314" /><G23/><T64/><D34/><U29/><E7/><V107/><F74/><W35/><G35/><T63/><D63/><U91/><E91/><V43/><F68/><W65/><G65/><T46/><D46/><U124/><E1/><V73/><F73/><W58/><G58/><T135/><D82/><AGARI ba="0,0" hai="5,8,15,16,17,48,53,56,82,86,88" m="30314" machi="82" ten="30,7700,0" yaku="8,1,52,1,54,2" doraHai="85" who="3" fromWho="0" sc="170,-77,260,0,298,0,272,77" /><INIT seed="3,0,0,3,5,2" ten="93,260,298,349" oya="3" hai0="23,1,114,126,17,43,51,119,130,134,105,46,87" hai1="13,27,84,58,20,80,68,6,82,89,96,15,61" hai2="60,77,121,35,5,102,47,39,56,95,117,133,92" hai3="101,120,76,67,52,124,129,79,115,28,25,21,34"/><W11/><G115/><T32/><D87/><U48/><E68/><V88/><F117/><W49/><G120/><T7/><D51/><U97/><E48/><V123/><F35/><W41/><G124/><T40/><D46/><U128/><E128/><V90/><F133/><W55/><G129/><T24/><D43/><U33/><E33/><V108/><F108/><W70/><G34/><T125/><D40/><U109/><E109/><V8/><F77/><N who="3" m="29771" /><G70/><T12/><D105/><U106/><E80/><V91/><F39/><W127/><G67/><T73/><D73/><U31/><E106/><V54/><F47/><N who="3" m="25839" /><G127/><N who="0" m="48651" /><D130/><U112/><E15/><V71/><F71/><W18/><G101/><T78/><D78/><U118/><E112/><V111/><F111/><W99/><G99/><T113/><D119/><U75/><E75/><V122/><F102/><W26/><G26/><T44/><D44/><U3/><E3/><AGARI ba="0,0" hai="3,5,8,54,56,60,88,90,91,92,95,121,122,123" machi="3" ten="50,6400,0" yaku="13,1,52,1,54,1" doraHai="2" who="2" fromWho="1" sc="93,0,260,-64,298,64,349,0" owari="93,-40.7,196,-20.4,362,46.2,349,14.9" /></mjloggm>