<mjloggm ver="2.3"><GO type="225" lobby="0"/><UN n0="%72%61%6B%33" n1="%E6%B4%BE%E9%81%A3%E3%81%AE%E3%82%B8%E3%83%A3%E3%83%83%E3%82%AF" n2="%31%38%63%6D%E7%AB%8B%E7%9B%B4%E6%A3%92" n3="%6D%75%75%6D%75%72%61" dan="17,16,16,16" rate="2223.30,2174.89,2133.23,2158.56" sx="M,M,M,F"/><TAIKYOKU oya="0"/><INIT seed="0,0,0,0,3,102" ten="250,250,250,250" oya="0" hai0="60,129,95,44,117,114,26,101,38,83,96,79,71" hai1="128,14,112,46,123,63,35,32,19,90,111,74,18" hai2="16,12,135,120,9,93,47,126,22,45,30,92,107" hai3="109,85,98,78,25,105,73,130,65,122,10,67,1"/><T5/><D129/><U70/><E74/><V36/><F120/><W59/><G130/><T89/><D114/><U100/><E128/><V75/><F75/><W110/><G73/><T58/><D117/><U77/><E77/><V6/><F126/><W55/><G122/><T91/><D71/><U81/><E123/><V39/><F135/><W53/><G25/><T86/><D5/><U103/><E111/><N who="3" m="42506" /><G1/><T108/><D108/><U68/><E46/><N who="2" m="17419" /><F107/><W54/><G10/><T2/><D2/><U41/><E41/><V29/><F39/><W82/><G59/><T40/><REACH who="0" step="1"/><D26/><REACH who="0" ten="240,250,250,250" step="2"/><U23/><E112/><V131/><F131/><W84/><G84/><T87/><D87/><U125/><E68/><V28/><F36/><W33/><G33/><T37/><D37/><U99/><E35/><V133/><F133/><W118/><G118/><T57/><D57/><U13/><E32/><V11/><F6/><W72/><G72/><T80/><D80/><U42/><E81/><V119/><F119/><W4/><G4/><T61/><D61/><U113/><E113/><V132/><F132/><W24/><G24/><T51/><D51/><U3/><E3/><V34/><F34/><W66/><G98/><T88/><D88/><U94/><E70/><V104/><F12/><W8/><G8/><T134/><D134/><U121/><E121/><V27/><F9/><W124/><G124/><T31/><D31/><U97/><E125/><V106/><F11/><W56/><G56/><T21/><D21/><U48/><E97/><V115/><F115/><W76/><G76/><T7/><D7/><RYUUKYOKU ba="0,1" sc="240,10,250,-30,250,10,250,10" hai0="38,40,44,58,60,79,83,86,89,91,95,96,101" hai2="16,22,27,28,29,30,92,93,104,106" hai3="53,54,55,65,66,67,78,82,85,105" /><INIT seed="0,1,1,3,4,90" ten="250,220,260,260" oya="0" hai0="18,73,94,104,134,69,97,47,101,76,3,52,40" hai1="56,123,88,70,23,92,128,131,0,102,14,11,135" hai2="98,107,99,8,93,110,64,55,51,115,6,38,45" hai3="103,61,49,80,58,30,130,26,95,9,124,84,19"/><T21/><D134/><U2/><E123/><V113/><F107/><W108/><G108/><T105/><D3/><U16/><E70/><V59/><F110/><W112/><G112/><T35/><D35/><U66/><E102/><V39/><F39/><W81/><G124/><T43/><D69/><U87/><E135/><V75/><F75/><W91/><G130/><N who="1" m="49706" /><E11/><V132/><F132/><W125/><G125/><T34/><D34/><U109/><E109/><V29/><F29/><W77/><G103/><T7/><D7/><U106/><E106/><V111/><F99/><W4/><G49/><T89/><D105/><U1/><E56/><V41/><F64/><AGARI ba="1,1" hai="0,1,2,14,16,23,64,66,87,88,92" m="49706" machi="64" ten="40,8000,1" yaku="19,1,52,1,54,2" doraHai="90" who="1" fromWho="2" sc="250,0,220,93,260,-83,260,0" /><INIT seed="1,0,0,1,0,130" ten="250,313,177,260" oya="1" hai0="122,68,72,63,47,28,76,67,30,104,6,118,34" hai1="73,75,25,55,59,114,36,35,49,50,66,11,46" hai2="9,29,101,119,40,20,62,24,44,125,90,17,126" hai3="39,86,3,38,37,58,4,123,113,97,51,106,103"/><U48/><E114/><V124/><F119/><W100/><G113/><T96/><D30/><U5/><E66/><V64/><F101/><W80/><G123/><T16/><D6/><U85/><E85/><V21/><F90/><W120/><G120/><T19/><D118/><U2/><E35/><V116/><F116/><W115/><G115/><T77/><D47/><U98/><E98/><V79/><F79/><W132/><G100/><N who="0" m="62471" /><D122/><U108/><E25/><V93/><F93/><W71/><G71/><T13/><D72/><U111/><E36/><V107/><F107/><W54/><G4/><T42/><D42/><U117/><E117/><V31/><F9/><W94/><G3/><T65/><D65/><U43/><REACH who="1" step="1"/><E49/><REACH who="1" ten="250,303,177,260" step="2"/><V135/><F24/><W23/><G39/><T32/><D32/><U127/><E127/><V57/><F124/><W26/><G38/><T83/><D34/><U88/><E88/><V112/><F125/><W134/><G37/><T82/><D67/><U53/><E53/><V56/><F112/><W84/><G106/><T52/><D52/><U131/><E131/><V128/><F126/><W110/><G110/><AGARI ba="0,1" hai="2,5,11,43,46,48,50,55,59,73,75,108,110,111" machi="110" ten="40,7700,0" yaku="1,1,14,1,10,1,53,0" doraHai="130" doraHaiUra="15" who="1" fromWho="3" sc="250,0,303,87,177,0,260,-77" /><INIT seed="1,1,0,1,4,119" ten="250,390,177,183" oya="1" hai0="15,74,120,69,11,4,65,91,97,102,101,78,87" hai1="126,93,3,100,79,58,46,6,37,30,36,52,89" hai2="26,125,77,7,132,10,54,24,130,8,113,121,128" hai3="39,40,29,55,1,75,25,95,127,42,16,50,9"/><U23/><E126/><V115/><F77/><W0/><G127/><T28/><D28/><U111/><E100/><V12/><F54/><W116/><G39/><T22/><D22/><U88/><E79/><V98/><F98/><W135/><G116/><T114/><D114/><N who="2" m="43530" /><F125/><W20/><G135/><T109/><D109/><U67/><E111/><V104/><F104/><W85/><G75/><T90/><D102/><U107/><E107/><V84/><F84/><W31/><G1/><T82/><D120/><U18/><E30/><N who="3" m="11274" /><G0/><T63/><REACH who="0" step="1"/><D74/><REACH who="0" ten="240,390,177,183" step="2"/><U57/><E23/><V92/><F132/><W34/><G34/><T106/><AGARI ba="1,1" hai="4,11,15,63,65,69,78,82,87,90,91,97,101,106" machi="106" ten="20,5200,0" yaku="1,1,2,1,0,1,7,1,53,0" doraHai="119" doraHaiUra="45" who="0" fromWho="0" sc="240,65,390,-27,177,-14,183,-14" /><INIT seed="2,0,0,4,1,134" ten="305,363,163,169" oya="2" hai0="97,4,128,85,67,77,35,126,73,130,129,58,7" hai1="51,79,28,92,42,125,33,75,16,119,91,89,116" hai2="104,107,81,6,53,13,27,109,57,25,37,36,103" hai3="56,23,43,49,60,66,47,108,9,62,90,65,117"/><V135/><F135/><W127/><G117/><T98/><D35/><U64/><E64/><V121/><F121/><W32/><G108/><T123/><D123/><U72/><E28/><V93/><F81/><W52/><G32/><T55/><D73/><U18/><E33/><V105/><F109/><W113/><G113/><T48/><D126/><U21/><E125/><V34/><F34/><W15/><G127/><T0/><D67/><U59/><E42/><V22/><F93/><W61/><G23/><T19/><D19/><U8/><E8/><V20/><F103/><W70/><G90/><T40/><D40/><U96/><E79/><V110/><F110/><W101/><G101/><T133/><D133/><U46/><E46/><V120/><F120/><W44/><G15/><T63/><D63/><N who="3" m="24137" /><G9/><N who="0" m="2183" /><D7/><U84/><E18/><V76/><F76/><W12/><G12/><T39/><D39/><U1/><E1/><V87/><F87/><W50/><G66/><T24/><D24/><U82/><E72/><V80/><F80/><AGARI ba="0,0" hai="48,55,58,77,80,85,97,98,128,129,130" m="2183" machi="80" ten="30,1000,0" yaku="19,1" doraHai="134" who="0" fromWho="2" sc="305,10,363,0,163,-10,169,0" /><INIT seed="3,0,0,4,4,112" ten="315,363,153,169" oya="3" hai0="103,30,59,74,26,39,69,93,6,90,99,95,66" hai1="128,48,50,51,60,125,55,131,70,33,98,80,24" hai2="96,12,9,15,31,83,23,127,117,75,115,64,32" hai3="126,13,89,81,120,71,110,100,122,130,134,29,78"/><W18/><G71/><T123/><D123/><U113/><E113/><V88/><F115/><W57/><G126/><T68/><D74/><U53/><E125/><V119/><F127/><W17/><G130/><N who="1" m="49706" /><E80/><V58/><F32/><W76/><G134/><T92/><D39/><U43/><E43/><V107/><F107/><W47/><G110/><T8/><D68/><U135/><E135/><V101/><F101/><W41/><G29/><T25/><D69/><U44/><E98/><V111/><F111/><W87/><G100/><T5/><D25/><U108/><E108/><V14/><F9/><W133/><G133/><T54/><D8/><U116/><E116/><V49/><F75/><W118/><G118/><T85/><D93/><U106/><E106/><V35/><F35/><W0/><G0/><T38/><D38/><U40/><E70/><V16/><F31/><W52/><G18/><T72/><D72/><U28/><E60/><N who="2" m="37911" /><F117/><W104/><G104/><T21/><D54/><AGARI ba="0,0" hai="24,28,33,40,44,48,50,51,53,54,55" m="49706" machi="54" ten="30,1000,0" yaku="19,1" doraHai="112" who="1" fromWho="0" sc="315,-10,363,10,153,0,169,0" owari="305,10.5,373,47.3,153,-34.7,169,-23.1" /></mjloggm>