<mjloggm ver="2.3"><GO type="225" lobby="0"/><UN n0="%6B%79%6F%6E%6B%6F%31%31" n1="%E9%80%9F%E6%B0%B4%E5%87%9B%E9%A6%99" n2="%E3%81%95%E3%81%8D%E3%81%9F%E3%81%BE%E6%9E%97%E6%AA%8E" n3="%E3%81%8B%E3%82%8F%E3%81%A1%E3%82%83%E3%82%93%35%38" dan="17,16,16,16" rate="2210.11,2134.25,2046.98,2132.70" sx="M,F,M,M"/><TAIKYOKU oya="0"/><INIT seed="0,0,0,0,0,32" ten="250,250,250,250" oya="0" hai0="20,44,35,68,101,97,116,4,71,28,114,77,64" hai1="22,106,21,7,120,74,119,11,38,125,27,49,41" hai2="54,128,76,103,29,80,115,132,85,72,56,91,39" hai3="46,100,109,89,65,10,127,33,83,13,99,40,8"/><T36/><D114/><U129/><E120/><V66/><F115/><W135/><G33/><T93/><D116/><U48/><E119/><V47/><F132/><W19/><G135/><T108/><D35/><U121/><E106/><V60/><F128/><W51/><G109/><T122/><D122/><U15/><E121/><V9/><F103/><W18/><G127/><T78/><D108/><U84/><E74/><V82/><F29/><W105/><G65/><T131/><D131/><U14/><E129/><V111/><F111/><W88/><REACH who="3" step="1"/><G83/><REACH who="3" ten="250,250,250,240" step="2"/><T53/><D64/><U75/><E125/><V96/><F66/><W67/><G67/><T17/><D71/><U130/><E130/><V107/><F82/><W26/><G26/><T3/><D68/><U98/><E27/><V34/><F34/><W6/><G6/><T70/><D70/><U30/><E7/><V43/><F80/><W118/><G118/><T42/><D4/><U52/><E75/><V2/><F72/><W73/><G73/><T110/><D110/><U134/><E134/><V63/><F76/><W50/><G50/><T62/><D77/><U5/><E48/><V126/><F126/><W86/><G86/><T12/><D78/><U112/><E49/><V79/><F85/><W87/><G87/><T102/><D62/><U59/><E84/><V104/><F79/><W133/><G133/><T69/><D69/><U55/><E112/><V23/><F63/><W117/><G117/><T25/><D25/><U57/><E38/><V61/><F39/><W95/><G95/><T58/><D93/><U124/><E124/><RYUUKYOKU ba="0,1" sc="250,-10,250,-10,250,-10,240,30" hai3="8,10,13,18,19,40,46,51,88,89,99,100,105" /><INIT seed="1,1,1,3,1,118" ten="240,240,240,270" oya="1" hai0="82,88,119,2,86,84,128,53,36,5,32,130,111" hai1="28,67,106,26,29,62,96,92,73,100,8,10,31" hai2="12,41,30,101,134,116,66,59,9,93,98,25,14" hai3="51,109,133,52,60,78,76,65,102,110,11,97,15"/><U124/><E73/><V18/><F134/><W33/><G33/><T46/><D32/><U114/><E114/><V117/><F41/><W79/><G133/><T99/><D111/><N who="3" m="42505" /><G60/><T70/><D70/><U123/><E123/><V115/><F115/><W64/><G15/><T95/><D119/><U83/><E124/><V50/><F14/><W4/><G11/><T103/><D5/><U85/><E106/><V45/><F45/><N who="3" m="27759" /><G4/><T7/><D7/><U91/><REACH who="1" step="1"/><E26/><REACH who="1" ten="240,230,240,270" step="2"/><V3/><F117/><W107/><AGARI ba="1,2" hai="64,65,76,78,79,97,102,107" m="27759,42505" machi="107" ten="30,2000,0" yaku="14,1,54,1" doraHai="118" who="3" fromWho="3" sc="240,-6,230,-11,240,-6,270,43" /><INIT seed="2,0,0,2,4,4" ten="234,219,234,313" oya="2" hai0="114,134,129,2,90,5,53,56,51,57,73,6,39" hai1="82,104,74,19,97,22,86,78,93,29,88,119,110" hai2="14,55,37,131,61,26,106,33,67,3,128,34,77" hai3="117,15,120,123,32,79,28,65,72,43,71,122,69"/><V48/><F3/><W20/><G20/><T89/><D114/><U133/><E119/><V91/><F37/><W125/><G15/><T36/><D73/><U80/><E110/><V54/><F77/><W87/><G87/><T23/><D134/><U13/><E133/><V126/><F126/><W118/><G43/><T0/><D23/><U45/><E45/><V70/><F106/><W94/><G94/><T10/><D129/><N who="2" m="49738" /><F91/><W76/><G125/><T9/><D51/><U41/><E41/><V27/><F14/><W1/><G1/><T75/><D75/><U24/><E104/><V102/><F102/><W50/><G50/><T16/><D16/><U92/><REACH who="1" step="1"/><E97/><REACH who="1" ten="234,209,234,313" step="2"/><V101/><F101/><W112/><G118/><T83/><D83/><U44/><E44/><N who="2" m="27911" /><F55/><AGARI ba="0,1" hai="0,2,5,6,9,10,36,39,53,55,56,57,89,90" machi="55" ten="25,6400,0" yaku="22,2,52,2" doraHai="4" who="0" fromWho="2" sc="234,74,209,0,234,-64,313,0" /><INIT seed="3,0,0,0,3,66" ten="308,209,170,313" oya="3" hai0="50,23,129,107,102,83,13,4,88,126,6,48,26" hai1="36,75,106,0,52,115,67,135,100,118,114,108,122" hai2="91,64,85,120,125,42,49,30,110,84,37,39,121" hai3="57,8,15,47,130,87,71,5,80,43,98,33,65"/><W89/><G33/><T73/><D126/><U38/><RYUUKYOKU type="yao9" ba="0,0" sc="308,0,209,0,170,0,313,0" hai1="0,36,38,52,67,75,100,106,108,114,115,118,122,135" /><INIT seed="3,1,0,4,3,68" ten="308,209,170,313" oya="3" hai0="92,58,57,32,55,8,40,115,10,63,116,30,69" hai1="85,42,104,95,114,60,101,15,31,2,4,128,64" hai2="70,16,54,105,34,22,81,65,29,125,120,90,100" hai3="43,135,62,91,72,13,82,6,61,38,99,44,14"/><W106/><G135/><T41/><D116/><U19/><E114/><V129/><F129/><W117/><G117/><T112/><D69/><U93/><E128/><V103/><F125/><W78/><G91/><T33/><D92/><U39/><E4/><V119/><F119/><W109/><G109/><T74/><D74/><U1/><E31/><V98/><F120/><W23/><G23/><T7/><D30/><U11/><E104/><V49/><F34/><W87/><G72/><T86/><D86/><U84/><E39/><V67/><F29/><W77/><G77/><T52/><D63/><U17/><E42/><V27/><F103/><N who="3" m="62847" /><G13/><T36/><D36/><U25/><E1/><V96/><F70/><W130/><G130/><T80/><D80/><U132/><E2/><V107/><F81/><W133/><G133/><T9/><D9/><U48/><E132/><V94/><REACH who="2" step="1"/><F105/><REACH who="2" ten="308,209,160,313" step="2"/><W131/><G131/><T50/><D7/><U97/><E101/><V53/><F53/><W56/><G6/><T46/><D33/><U18/><E95/><V108/><F108/><W12/><G82/><T51/><D32/><U37/><E93/><V126/><F126/><W20/><G78/><T127/><D127/><U111/><E111/><V76/><F76/><W113/><G113/><T73/><D73/><U110/><E110/><V35/><F35/><W3/><G43/><T102/><D102/><U79/><E79/><V88/><F88/><W26/><G20/><T71/><D71/><U89/><E89/><V123/><F123/><W118/><G118/><T5/><D5/><U47/><E11/><RYUUKYOKU ba="1,1" sc="308,15,209,-15,160,15,313,-15" hai0="8,10,40,41,46,50,51,52,55,57,58,112,115" hai2="16,22,27,49,54,65,67,90,94,96,98,100,107" owari="333,43.3,194,-20.6,175,-32.5,298,9.8" /></mjloggm>