<mjloggm ver="2.3"><GO type="225" lobby="0"/><UN n0="%E5%8F%AF%E5%85%90%E9%82%A3%E7%94%B1%E5%A4%9A" n1="%E4%B8%AD%E5%B9%B4%E3%81%AE%E5%8D%B1%E6%A9%9F" n2="%E3%83%B4%E3%82%A3%E3%83%AF%E3%82%B3%E3%82%B0%E3%83%8B" n3="%38%63%E3%81%AF%E3%81%A3%E3%81%97%E3%83%BC" dan="16,17,16,16" rate="2190.22,2225.28,2158.28,2102.43" sx="F,M,M,M"/><TAIKYOKU oya="0"/><INIT seed="0,0,0,4,2,73" ten="250,250,250,250" oya="0" hai0="35,110,98,119,116,42,93,2,61,108,77,131,39" hai1="122,87,41,45,27,112,43,130,19,54,76,0,6" hai2="111,118,11,123,129,40,113,88,134,9,128,52,70" hai3="49,115,10,133,125,13,81,78,103,95,47,60,75"/><T25/><D2/><U69/><E122/><V24/><F70/><W92/><G115/><T124/><D124/><U1/><E112/><V106/><F106/><W97/><G125/><T38/><D131/><N who="2" m="50250" /><F40/><N who="1" m="15433" /><E69/><V18/><F111/><N who="0" m="42538" /><D61/><U91/><E1/><V4/><F123/><W66/><G133/><T26/><D77/><U15/><E0/><V120/><F120/><W99/><G47/><N who="0" m="24023" /><D39/><U117/><E117/><N who="0" m="45129" /><D35/><U59/><E130/><V127/><F118/><W94/><G49/><T100/><AGARI ba="0,0" hai="25,26,93,98,100" m="45129,24023,42538" machi="100" ten="30,3000,0" yaku="14,1,10,1" doraHai="73" who="0" fromWho="0" sc="250,30,250,-10,250,-10,250,-10" /><INIT seed="0,1,0,3,4,37" ten="280,240,240,240" oya="0" hai0="125,41,134,35,4,71,73,104,27,123,20,121,16" hai1="21,60,126,30,85,56,64,81,112,8,48,89,114" hai2="9,31,18,47,28,2,110,88,86,77,33,3,13" hai3="7,72,15,133,34,117,55,127,11,29,96,79,124"/><T57/><D71/><U87/><E126/><N who="3" m="48170" /><G96/><T69/><D69/><U58/><E8/><V115/><F110/><W63/><G79/><T92/><D104/><U95/><E30/><V51/><F77/><W82/><G82/><T14/><D73/><U10/><E10/><V100/><F100/><W129/><G72/><T54/><D125/><U105/><E21/><V118/><F115/><N who="1" m="44073" /><E105/><V24/><F31/><W135/><G55/><T50/><D134/><N who="3" m="51209" /><G63/><T94/><D35/><U23/><E23/><V42/><REACH who="2" step="1"/><F118/><REACH who="2" ten="280,240,230,240" step="2"/><W65/><G65/><T132/><D132/><U61/><E64/><V98/><F98/><W5/><G117/><T131/><D123/><U84/><E81/><AGARI ba="1,1" hai="2,3,9,13,18,24,28,33,42,47,51,81,86,88" machi="81" ten="30,8000,1" yaku="1,1,7,1,52,1,54,1,53,1" doraHai="37" doraHaiUra="36" who="2" fromWho="1" sc="280,0,240,-83,230,93,240,0" /><INIT seed="1,0,0,2,4,27" ten="280,157,323,240" oya="1" hai0="113,82,111,11,92,121,102,25,132,74,2,30,53" hai1="97,60,83,48,80,126,59,76,47,135,87,42,45" hai2="124,44,104,75,4,116,127,96,101,98,41,40,130" hai3="79,7,36,69,133,10,0,46,5,109,107,3,67"/><U115/><E126/><N who="2" m="48171" /><F130/><W23/><G107/><T22/><D113/><U103/><E135/><V1/><F116/><W110/><G79/><T17/><D132/><U122/><E115/><V6/><F75/><W34/><G34/><T125/><D125/><U134/><E134/><V95/><F1/><W65/><G23/><T94/><D111/><U70/><E122/><V8/><F8/><W55/><G133/><T21/><D121/><U56/><E83/><V63/><F63/><W31/><G55/><T89/><D102/><U15/><E47/><V128/><F128/><W77/><G77/><T86/><D74/><U43/><E43/><N who="2" m="16459" /><F44/><W64/><G46/><T18/><D53/><U118/><E118/><V51/><F51/><W81/><G36/><T24/><D2/><U52/><E59/><V39/><F39/><W32/><G81/><T38/><D38/><U26/><E70/><V117/><F117/><W114/><G69/><T19/><REACH who="0" step="1"/><D11/><REACH who="0" ten="270,157,323,240" step="2"/><U108/><E108/><N who="3" m="41578" /><G114/><T28/><AGARI ba="0,1" hai="17,18,19,21,22,24,25,28,30,82,86,89,92,94" machi="28" ten="30,16000,3" yaku="1,1,0,1,9,1,8,1,52,2,53,3" doraHai="27" doraHaiUra="13" who="0" fromWho="0" sc="270,170,157,-80,323,-40,240,-40" /><INIT seed="2,0,0,4,4,107" ten="440,77,283,200" oya="2" hai0="2,122,44,109,34,45,74,57,97,94,124,19,1" hai1="88,60,11,86,52,70,130,65,48,120,117,50,96" hai2="121,62,55,133,99,113,18,104,71,90,39,63,38" hai3="75,51,87,125,134,0,108,32,3,14,102,29,105"/><V28/><F121/><W33/><G51/><T9/><D122/><U80/><E120/><V100/><F113/><W25/><G87/><T93/><D34/><U91/><E117/><V119/><F119/><W27/><G102/><T66/><D74/><U127/><E130/><V131/><F131/><W26/><G105/><T135/><D109/><U36/><E36/><V53/><F133/><W112/><G75/><T92/><D135/><U82/><E127/><V73/><F28/><W54/><G54/><T42/><D124/><U4/><E96/><V98/><F104/><W43/><G43/><T30/><D30/><U69/><E69/><V21/><F71/><W114/><G125/><T116/><D116/><U22/><E22/><V37/><F100/><W115/><G108/><T41/><D97/><U10/><E50/><V95/><F73/><W111/><G111/><T110/><D110/><U79/><E82/><V6/><F6/><W23/><G134/><T118/><D118/><U20/><E20/><V68/><F99/><W7/><G29/><T59/><D66/><U47/><REACH who="1" step="1"/><E11/><REACH who="1" ten="440,67,283,200" step="2"/><V126/><F126/><W77/><G23/><T132/><D132/><U123/><E123/><V56/><F68/><W101/><G33/><T17/><D93/><U35/><E35/><V84/><F98/><W16/><G32/><T128/><D128/><U58/><E58/><N who="2" m="35151" /><F38/><W103/><G114/><T13/><D9/><U76/><E76/><V81/><F81/><W129/><G112/><T85/><D85/><U64/><E64/><V12/><F37/><W24/><N who="3" m="6144" /><DORA hai="40" /><W78/><G115/><RYUUKYOKU ba="0,1" sc="440,10,67,10,283,10,200,-30" hai0="1,2,13,17,19,41,42,44,45,57,59,92,94" hai1="4,10,47,48,52,60,65,70,79,80,86,88,91" hai2="12,18,21,39,55,56,63,84,90,95" /><INIT seed="2,1,1,3,2,58" ten="450,77,293,170" oya="2" hai0="1,72,82,22,29,121,96,24,39,124,127,38,27" hai1="0,120,81,73,15,80,125,116,122,62,20,113,100" hai2="36,87,130,23,43,61,86,57,110,85,42,68,9" hai3="123,134,40,69,14,99,21,70,119,5,97,33,31"/><V84/><F130/><W77/><G33/><T51/><D121/><N who="1" m="46699" /><E0/><V44/><F68/><W28/><G77/><N who="0" m="44327" /><D1/><U17/><E113/><V12/><F110/><W7/><G40/><T75/><D75/><U49/><E116/><V103/><F103/><W79/><G79/><T93/><D51/><U16/><E73/><V60/><F42/><W117/><G123/><T105/><D27/><U63/><E125/><N who="0" m="48201" /><D105/><U37/><E37/><V135/><F135/><W104/><G14/><T56/><D56/><U35/><E35/><V74/><F74/><W6/><G104/><T111/><D111/><U90/><E100/><AGARI ba="1,1" hai="22,24,29,38,39,93,96,100" m="48201,44327" machi="100" ten="30,1000,0" yaku="18,1" doraHai="58" who="0" fromWho="1" sc="450,23,77,-13,293,0,170,0" /><INIT seed="3,0,0,5,5,31" ten="473,64,293,170" oya="3" hai0="66,132,27,102,110,20,68,21,45,126,46,13,63" hai1="41,104,108,30,109,92,115,6,73,119,49,78,85" hai2="133,64,51,101,23,113,58,39,42,111,122,11,97" hai3="33,1,127,83,82,80,93,129,105,36,48,112,91"/><W76/><G36/><T98/><D110/><U53/><E115/><V117/><F117/><W19/><G1/><T67/><D132/><U99/><E119/><V22/><F113/><W4/><G4/><T116/><D126/><U10/><E41/><V32/><F32/><W26/><G105/><T114/><D114/><U47/><E73/><V89/><F111/><W44/><G112/><T50/><D116/><U79/><E109/><V69/><F89/><W2/><G2/><T100/><D67/><U38/><E38/><V125/><F11/><W118/><G118/><T123/><D123/><U81/><E104/><V55/><F122/><W103/><G103/><T128/><D128/><U131/><E131/><V120/><F120/><W134/><G127/><T86/><D86/><U52/><E108/><V3/><F3/><W95/><G95/><T72/><D72/><U12/><E30/><V106/><F133/><W56/><G56/><T88/><D13/><U74/><E74/><V87/><F87/><N who="3" m="48519" /><G33/><T29/><D46/><U84/><E84/><V37/><F125/><W135/><G129/><T16/><D98/><U77/><REACH who="1" step="1"/><E53/><REACH who="1" ten="473,54,293,170" step="2"/><V15/><F37/><W65/><G135/><T35/><D88/><AGARI ba="0,1" hai="6,10,12,47,49,52,77,78,79,81,85,88,92,99" machi="88" ten="30,12000,2" yaku="1,1,2,1,7,1,8,1,54,2,53,0" doraHai="31" doraHaiUra="18" who="1" fromWho="0" sc="473,-120,54,130,293,0,170,0" owari="353,45.3,184,-21.6,293,9.3,170,-33.0" /></mjloggm>