<mjloggm ver="2.3"><GO type="225" lobby="0"/><UN n0="%E3%81%AF%E3%82%88%E3%81%8A%E3%81%98%E3%81%95%E3%82%93" n1="%45%6C%79%73%69%75%6D" n2="%6D%75%75%6D%75%72%61" n3="%E8%A8%88%E7%AE%97%E6%A9%9F%E8%87%AA%E7%84%B6" dan="16,17,16,17" rate="2193.85,2104.97,2150.65,2230.07" sx="M,F,F,M"/><TAIKYOKU oya="0"/><INIT seed="0,0,0,0,3,105" ten="250,250,250,250" oya="0" hai0="58,94,79,6,55,23,120,61,97,62,24,2,119" hai1="131,121,17,124,59,41,8,108,135,127,76,88,75" hai2="112,69,9,96,25,28,103,11,109,92,42,125,87" hai3="114,48,39,63,10,64,27,102,85,54,67,68,101"/><T133/><D119/><U110/><E121/><V71/><F112/><W50/><G114/><T56/><D133/><U122/><E122/><V81/><F109/><N who="1" m="42089" /><E135/><V29/><F125/><N who="1" m="48201" /><E41/><V38/><F42/><W130/><G39/><T18/><D120/><U93/><E131/><V117/><F38/><W95/><G130/><T66/><D2/><U40/><E40/><V84/><F117/><W74/><G64/><T37/><D37/><U47/><E47/><V111/><F111/><W86/><G48/><T91/><D79/><U78/><E59/><V26/><F81/><W123/><G123/><T100/><D6/><U106/><E106/><V44/><F44/><W82/><G10/><T80/><D80/><N who="1" m="45087" /><E17/><V43/><F43/><W14/><G50/><T51/><D51/><U113/><E78/><V53/><F53/><W31/><G54/><T22/><D23/><U128/><E128/><V89/><F9/><W107/><G107/><T52/><D66/><U5/><E113/><V15/><F11/><W0/><G67/><T3/><D3/><N who="1" m="63" /><E93/><V35/><F15/><W104/><G14/><T90/><AGARI ba="0,0" hai="18,22,24,52,55,56,58,61,62,90,91,94,97,100" machi="90" ten="30,11700,0" yaku="0,1,9,1,8,1,54,1" doraHai="105" who="0" fromWho="0" sc="250,117,250,-39,250,-39,250,-39" /><INIT seed="0,1,0,5,2,21" ten="367,211,211,211" oya="0" hai0="33,124,31,96,67,72,15,6,122,23,125,73,126" hai1="131,108,14,92,112,65,20,80,71,11,2,28,43" hai2="100,121,106,29,84,91,69,40,51,54,25,48,76" hai3="102,90,127,7,63,116,115,95,120,32,18,16,70"/><T9/><D122/><U24/><E108/><V134/><F121/><W36/><G120/><T0/><D67/><U19/><E131/><V88/><F134/><W26/><G115/><T53/><D53/><U109/><E109/><V101/><F69/><W105/><G116/><T85/><D85/><U99/><E112/><V50/><F106/><W81/><G36/><T117/><D117/><U133/><E133/><V5/><F5/><W74/><G7/><T130/><D130/><U47/><E80/><N who="2" m="47111" /><F54/><W103/><G127/><T87/><D87/><U27/><E2/><V22/><F40/><W45/><G45/><T38/><D38/><U107/><E107/><V4/><F4/><W110/><G102/><AGARI ba="1,0" hai="22,25,29,48,50,51,88,91,100,101,102" m="47111" machi="102" ten="30,3900,0" yaku="8,1,52,1,54,1" doraHai="21" who="2" fromWho="3" sc="367,0,211,0,211,42,211,-42" /><INIT seed="1,0,0,2,1,84" ten="367,211,253,169" oya="1" hai0="53,95,73,29,106,4,116,65,15,32,93,34,115" hai1="94,83,17,124,9,91,130,103,89,59,92,109,81" hai2="110,120,46,70,56,118,96,37,41,27,25,113,35" hai3="20,45,107,50,26,98,52,49,77,85,60,72,24"/><U40/><E130/><V21/><F70/><W62/><G72/><T38/><D106/><U43/><E124/><V0/><F118/><W82/><G107/><T76/><D38/><U11/><E59/><V6/><F120/><W104/><G104/><T10/><D115/><U79/><E103/><V22/><F113/><W31/><G98/><T97/><D116/><U99/><E109/><V61/><F110/><W23/><REACH who="3" step="1"/><G49/><REACH who="3" ten="367,211,253,159" step="2"/><T19/><D97/><N who="1" m="57487" /><E79/><V44/><F96/><W16/><AGARI ba="0,1" hai="16,20,23,24,26,31,45,50,52,60,62,77,82,85" machi="16" ten="20,12000,2" yaku="1,1,0,1,7,1,8,1,54,2,53,0" doraHai="84" doraHaiUra="28" who="3" fromWho="3" sc="367,-30,211,-60,253,-30,159,130" /><INIT seed="2,0,0,5,5,51" ten="337,151,223,289" oya="2" hai0="1,122,80,104,3,134,31,62,99,5,83,120,94" hai1="34,87,56,36,100,105,61,15,133,72,64,114,20" hai2="50,24,39,130,33,17,108,65,12,67,14,107,78" hai3="135,111,66,0,41,60,43,126,132,27,25,117,113"/><V47/><F130/><W115/><G0/><T57/><D104/><U103/><E114/><N who="3" m="43530" /><G25/><T10/><D1/><U93/><E72/><V124/><F124/><W8/><G8/><T95/><D134/><N who="3" m="51241" /><G27/><T74/><D95/><U44/><E133/><V112/><F112/><W55/><G126/><T92/><D94/><U63/><E34/><V116/><F116/><W13/><G13/><T48/><D48/><U81/><E105/><V91/><F108/><W77/><G77/><T85/><D74/><U88/><E36/><V16/><F78/><W53/><G117/><T125/><D31/><U22/><E44/><V21/><F39/><W58/><G111/><T127/><D127/><U6/><E63/><V129/><F129/><W52/><AGARI ba="0,0" hai="41,43,52,53,55,58,60,66" m="51241,43530" machi="52" ten="40,16000,3" yaku="11,1,20,1,34,2,52,3,54,1" doraHai="51" who="3" fromWho="3" sc="337,-40,151,-40,223,-80,289,160" /><INIT seed="3,0,0,3,0,29" ten="297,111,143,449" oya="3" hai0="2,84,15,24,11,49,21,106,108,10,92,96,6" hai1="117,44,45,116,55,50,125,67,19,38,0,35,52" hai2="61,112,31,41,127,134,80,76,22,90,43,7,105" hai3="83,58,60,132,126,91,51,97,12,100,72,59,37"/><W86/><G37/><T65/><D108/><U69/><E0/><V5/><F112/><W16/><G126/><T68/><D106/><U74/><E74/><V32/><F105/><W17/><G72/><T99/><D68/><U70/><E19/><V8/><F32/><W13/><G132/><T135/><D135/><U57/><E35/><V14/><F134/><W129/><G129/><T73/><D73/><U101/><E101/><V103/><F127/><W25/><G51/><T79/><D65/><U27/><E27/><N who="2" m="16887" /><F103/><W34/><G34/><T9/><D2/><U23/><E23/><V75/><F75/><W1/><G58/><T46/><D96/><U128/><E125/><V85/><F61/><W53/><G1/><T78/><D78/><U123/><E128/><V81/><F7/><W113/><G113/><T33/><D33/><U66/><E123/><V4/><F4/><W130/><G130/><T110/><D110/><U18/><E18/><N who="3" m="7274" /><G25/><T71/><D71/><N who="1" m="27147" /><E44/><V114/><F114/><W20/><G20/><T109/><D109/><U133/><E133/><V26/><F26/><W89/><G100/><T122/><D122/><U64/><E38/><V40/><F76/><W36/><G36/><T87/><D24/><U104/><E104/><V107/><F107/><W62/><G62/><AGARI ba="0,0" hai="45,50,52,55,57,62,64,66,67,116,117" m="27147" machi="62" ten="30,3900,0" yaku="34,2,54,1" doraHai="29" who="1" fromWho="3" sc="297,0,111,39,143,0,449,-39" owari="297,9.7,150,-25.0,143,-35.7,410,51.0" /></mjloggm>