<mjloggm ver="2.3"><GO type="225" lobby="0"/><UN n0="%E5%B8%86%E7%AB%8B%E5%A4%8F%E8%A1%A3" n1="%E3%81%A9%E3%82%8F%E3%82%93%E3%81%94" n2="%E9%80%86%E9%80%A3%E5%B8%AF%E3%81%AE%E9%AC%BC" n3="%6D%75%75%6D%75%72%61" dan="16,16,16,17" rate="2106.85,2216.26,2140.37,2181.24" sx="M,M,M,F"/><TAIKYOKU oya="0"/><INIT seed="0,0,0,5,5,113" ten="250,250,250,250" oya="0" hai0="88,42,44,32,103,21,14,8,27,25,87,74,30" hai1="99,112,78,71,0,28,114,123,81,130,4,117,40" hai2="93,132,34,29,73,98,51,92,133,38,100,43,57" hai3="135,111,37,52,47,120,126,91,124,79,48,90,22"/><T107/><D74/><U82/><E123/><V5/><F73/><W75/><G120/><T59/><D107/><U18/><E71/><V6/><F38/><W85/><G111/><T104/><D104/><U53/><E40/><V72/><F72/><W84/><G135/><T89/><D103/><U134/><E28/><V62/><F34/><W116/><G37/><T35/><D59/><U36/><E36/><V39/><F39/><W83/><G116/><T95/><D89/><N who="3" m="33801" /><G22/><T119/><D119/><U128/><E0/><V33/><F93/><W109/><G109/><T49/><REACH who="0" step="1"/><D27/><REACH who="0" ten="240,250,250,250" step="2"/><U2/><E117/><V61/><F133/><W56/><G56/><T55/><D55/><U63/><E134/><V77/><F132/><W96/><G96/><T3/><D3/><U12/><E99/><V45/><F57/><W19/><G75/><T23/><D23/><U70/><E114/><V69/><F98/><W108/><G108/><T10/><D10/><N who="1" m="2327" /><E112/><V67/><F100/><W50/><G84/><T86/><D86/><U118/><E118/><V24/><F24/><W7/><G85/><T115/><D115/><U64/><E53/><V16/><F69/><W17/><G52/><T66/><D66/><U11/><E78/><V131/><F67/><W20/><G79/><T94/><D94/><U15/><E12/><V54/><F92/><W106/><G20/><T110/><D110/><U26/><E26/><V129/><F77/><W58/><G106/><T102/><D102/><U68/><E70/><V101/><F54/><W105/><G58/><T127/><D127/><U1/><E1/><RYUUKYOKU ba="0,1" sc="240,15,250,15,250,-15,250,-15" hai0="8,14,21,25,30,32,35,42,44,49,87,88,95" hai1="11,15,18,63,64,68,81,82,128,130" /><INIT seed="0,1,1,3,3,7" ten="255,265,235,235" oya="0" hai0="41,32,90,20,129,26,59,103,47,16,118,132,58" hai1="48,96,102,34,93,11,64,117,99,116,98,65,55" hai2="33,123,15,70,51,67,66,111,88,29,126,57,42" hai3="133,25,81,56,84,37,30,49,13,83,22,27,119"/><T9/><D118/><U86/><E34/><V107/><F123/><W1/><G37/><T4/><D129/><U71/><E117/><V85/><F126/><W134/><G119/><T80/><D132/><U79/><E116/><V105/><F111/><W5/><G1/><T82/><D103/><U24/><E24/><V131/><F70/><W114/><G114/><T17/><D32/><U12/><E71/><V104/><F131/><W125/><G125/><T3/><D17/><U18/><E79/><V40/><F15/><W31/><G56/><T36/><REACH who="0" step="1"/><D82/><REACH who="0" ten="245,265,235,235" step="2"/><U124/><E124/><V44/><F33/><W54/><G83/><T128/><D128/><U108/><E108/><V122/><F122/><W74/><G133/><T53/><D53/><U92/><E86/><AGARI ba="1,2" hai="3,4,9,16,20,26,36,41,47,58,59,80,86,90" machi="86" ten="40,12000,1" yaku="1,1,52,1,54,1,53,1" doraHai="7" doraHaiUra="14" who="0" fromWho="1" sc="245,143,265,-123,235,0,235,0" /><INIT seed="0,2,0,1,2,43" ten="388,142,235,235" oya="0" hai0="66,124,28,113,62,129,101,46,75,10,20,19,87" hai1="85,3,84,56,118,26,131,120,57,107,82,98,40" hai2="91,15,4,24,77,92,115,61,33,97,99,31,49" hai3="12,69,134,21,123,13,2,116,104,38,30,27,52"/><T14/><D124/><U78/><E120/><V59/><F115/><W100/><G116/><T83/><D129/><U48/><E131/><V133/><F133/><W8/><G134/><T126/><D126/><U16/><E118/><V106/><F77/><W130/><G130/><T103/><D75/><U23/><E3/><V74/><F74/><W39/><G69/><T112/><D112/><U95/><E107/><V67/><F49/><W41/><G2/><T81/><D81/><U1/><E85/><V93/><F106/><W11/><G123/><T36/><D113/><U9/><E1/><V109/><F109/><W47/><G39/><T110/><D110/><U70/><E70/><V63/><F63/><W0/><G52/><T128/><D128/><U132/><E9/><V135/><F135/><W37/><G37/><T53/><D28/><U45/><REACH who="1" step="1"/><E132/><REACH who="1" ten="388,132,235,235" step="2"/><V25/><F99/><W117/><G117/><T122/><D122/><U35/><E35/><V73/><F73/><W60/><G8/><T29/><D10/><U44/><E44/><V127/><F127/><W96/><REACH who="3" step="1"/><G60/><REACH who="3" ten="388,132,235,225" step="2"/><T88/><D62/><U102/><AGARI ba="2,2" hai="16,23,26,40,45,48,56,57,78,82,84,95,98,102" machi="102" ten="20,12000,2" yaku="1,1,0,1,7,1,8,1,52,1,54,1,53,0" doraHai="43" doraHaiUra="7" who="1" fromWho="1" sc="388,-62,132,146,235,-32,225,-32" /><INIT seed="1,0,0,5,4,0" ten="326,278,203,193" oya="1" hai0="97,127,61,105,34,33,83,31,87,69,125,109,114" hai1="42,117,96,10,88,9,79,37,129,63,104,91,3" hai2="93,27,25,124,70,29,19,6,50,5,12,32,51" hai3="57,16,132,94,111,58,76,108,1,67,62,53,116"/><U103/><E117/><V18/><F70/><W4/><G116/><T68/><D109/><N who="3" m="42057" /><G132/><T65/><D114/><U80/><E129/><V99/><F124/><N who="0" m="47690" /><D68/><U2/><E63/><V126/><F126/><W121/><G121/><T38/><D38/><U118/><E118/><V134/><F134/><W92/><G76/><N who="0" m="46567" /><D31/><U47/><E9/><V77/><F77/><W113/><G113/><T26/><D26/><U123/><E3/><V102/><F27/><W44/><G44/><T28/><D28/><U78/><E78/><V74/><F74/><W52/><G16/><T23/><D23/><U56/><E56/><N who="3" m="21610" /><G67/><T43/><D43/><U64/><E64/><V7/><REACH who="2" step="1"/><F19/><REACH who="2" ten="326,278,193,193" step="2"/><W48/><G62/><T71/><D71/><U128/><E123/><V110/><F110/><W130/><G130/><T41/><D41/><U24/><E24/><V90/><F90/><W100/><G53/><T36/><D34/><U46/><E128/><V112/><F112/><W11/><G100/><T119/><D33/><U135/><E135/><V107/><F107/><W20/><G20/><AGARI ba="0,1" hai="5,6,7,12,18,20,25,29,32,50,51,93,99,102" machi="20" ten="40,8000,1" yaku="1,1,52,3,53,0" doraHai="0" doraHaiUra="55" who="2" fromWho="3" sc="326,0,278,0,193,90,193,-80" /><INIT seed="2,0,0,4,5,24" ten="326,278,283,113" oya="2" hai0="38,135,84,15,131,66,94,106,129,16,25,18,91" hai1="54,67,101,40,86,48,8,105,97,117,110,59,64" hai2="82,49,124,55,72,4,75,1,32,2,81,35,26" hai3="123,116,71,5,98,133,11,23,63,56,85,42,108"/><V60/><F124/><W127/><G116/><T120/><D38/><U107/><E117/><V100/><F100/><W36/><G123/><T113/><D120/><U122/><E122/><V30/><F35/><W89/><G127/><T51/><D113/><U119/><E119/><V6/><F60/><W114/><G108/><T44/><D135/><U47/><E110/><V79/><F6/><W0/><G133/><T50/><D66/><U37/><E107/><V52/><F4/><W27/><G71/><T43/><D106/><U118/><E118/><V104/><F104/><W58/><G98/><T83/><D94/><U31/><E8/><V109/><F109/><W112/><G42/><T69/><D69/><U12/><E12/><V92/><F92/><W130/><G36/><T13/><D51/><U46/><E86/><V70/><F70/><W132/><G130/><N who="0" m="49675" /><D18/><U80/><E80/><V62/><F62/><W20/><G132/><T78/><D78/><U95/><E105/><V73/><F55/><W134/><G134/><T126/><D126/><U22/><REACH who="1" step="1"/><E46/><REACH who="1" ten="326,268,283,113" step="2"/><V17/><F82/><W33/><G112/><T29/><D15/><U57/><E57/><V34/><F73/><W121/><G114/><T45/><D45/><U96/><E96/><V103/><F75/><W68/><G121/><T77/><D13/><U9/><E9/><V10/><F72/><W125/><G68/><T61/><D77/><U87/><E87/><V28/><F79/><W41/><G125/><T93/><D83/><U7/><E7/><V3/><F81/><W90/><G58/><T65/><D84/><RYUUKYOKU ba="0,1" sc="326,-10,268,30,283,-10,113,-10" hai1="22,31,37,40,47,48,54,59,64,67,95,97,101" /><INIT seed="3,1,1,3,0,121" ten="316,298,273,103" oya="3" hai0="44,75,114,69,5,48,12,110,111,41,115,46,62" hai1="109,9,116,38,3,63,49,102,24,76,32,30,77" hai2="96,125,53,0,7,100,58,34,59,13,26,131,103" hai3="124,85,91,57,68,15,106,117,87,134,88,19,45"/><W52/><G117/><T79/><D79/><U60/><E116/><V99/><F0/><W92/><G124/><T4/><D75/><U25/><E38/><V108/><F125/><W93/><G134/><T55/><D69/><U37/><E37/><V80/><F131/><W33/><G68/><T95/><D95/><U2/><E102/><V61/><F108/><N who="0" m="41514" /><D62/><U104/><E104/><V22/><F34/><W118/><G118/><T47/><D12/><U31/><E109/><V84/><F103/><W70/><G70/><T73/><D73/><U97/><E97/><V20/><F99/><W23/><G106/><T72/><D72/><U42/><E9/><V39/><F39/><W65/><G33/><T35/><D35/><U64/><E32/><V98/><F98/><W129/><G129/><T81/><D81/><U18/><E64/><V128/><F128/><W90/><G90/><T28/><D28/><U133/><E133/><V11/><F96/><W74/><G74/><T16/><D16/><U120/><E18/><V82/><F100/><W119/><G119/><T66/><D66/><U113/><E120/><V89/><F82/><W94/><G65/><T51/><D46/><U67/><E67/><N who="2" m="39351" /><F26/><W21/><G45/><T36/><D36/><U132/><E132/><V123/><F123/><W130/><G130/><T27/><D27/><U29/><E29/><V71/><F71/><W107/><G107/><T112/><AGARI ba="1,1" hai="4,5,41,44,47,48,51,55,112,114,115" m="41514" machi="112" ten="40,8000,1" yaku="11,1,14,1,52,3" doraHai="121" who="0" fromWho="0" sc="316,93,298,-21,273,-21,103,-41" owari="409,50.9,277,7.7,252,-14.8,62,-43.8" /></mjloggm>