<mjloggm ver="2.3"><GO type="225" lobby="0"/><UN n0="%74%61%6B%75%61%6B%61" n1="%E3%82%82%E3%81%90%E3%82%89" n2="%E3%81%A1%E3%82%85%E3%81%86%E3%81%A9%E3%81%8F%E8%B1%A1%E3%81%95%E3%82%93" n3="%E8%90%BD%E6%97%A5" dan="17,16,16,19" rate="2221.19,2192.47,2154.77,2246.36" sx="M,M,M,F"/><TAIKYOKU oya="0"/><INIT seed="0,0,0,5,0,17" ten="250,250,250,250" oya="0" hai0="77,97,58,107,111,6,115,117,16,93,9,73,10" hai1="2,29,130,78,62,4,30,48,116,21,19,24,108" hai2="71,52,64,1,46,121,87,25,36,129,50,56,18" hai3="23,95,41,133,32,67,54,75,134,82,55,15,13"/><T42/><D117/><U104/><E104/><V53/><F121/><W98/><G32/><T38/><D115/><U85/><E116/><V20/><F129/><W26/><G67/><T33/><D107/><U113/><E113/><V3/><F87/><W103/><G41/><T28/><D111/><U88/><E108/><V40/><F53/><W125/><G125/><T135/><D33/><U0/><E130/><V123/><F123/><W7/><G75/><T57/><D28/><U74/><E78/><V79/><F79/><W110/><G82/><T86/><D73/><U31/><E74/><V106/><F106/><W126/><G126/><T91/><D135/><N who="3" m="51721" /><G110/><T90/><D77/><U122/><E122/><V65/><REACH who="2" step="1"/><F64/><REACH who="2" ten="250,250,240,250" step="2"/><W128/><G128/><T43/><D43/><U94/><E4/><V70/><F70/><W131/><G131/><T72/><D42/><U59/><REACH who="1" step="1"/><E48/><REACH who="1" ten="250,240,240,250" step="2"/><V60/><AGARI ba="0,2" hai="1,3,18,20,25,36,40,46,50,52,56,60,65,71" machi="60" ten="30,12000,2" yaku="1,1,0,1,24,2,52,1,54,1,53,0" doraHai="17" doraHaiUra="96" who="2" fromWho="2" sc="250,-60,240,-30,240,140,250,-30" /><INIT seed="1,0,0,0,2,3" ten="190,210,380,220" oya="1" hai0="40,125,132,135,100,120,66,45,86,25,19,121,117" hai1="35,74,123,96,15,18,129,53,70,56,126,81,12" hai2="88,47,13,102,27,134,5,82,41,4,7,10,83" hai3="38,73,31,128,114,75,39,99,103,59,85,87,91"/><U95/><E123/><N who="0" m="47177" /><D100/><U28/><E70/><V30/><F134/><N who="0" m="51242" /><D86/><U76/><E129/><V58/><F102/><W77/><G114/><T122/><N who="0" m="47185" /><T49/><DORA hai="29" /><D25/><U33/><E28/><V68/><F68/><W119/><G128/><T107/><D107/><U111/><E126/><V1/><F58/><W57/><G119/><T0/><D19/><U131/><E131/><V110/><F110/><W32/><G31/><T104/><D0/><U8/><E15/><V71/><F71/><W80/><G32/><T124/><D104/><U101/><REACH who="1" step="1"/><E111/><REACH who="1" ten="190,200,380,220" step="2"/><V67/><F1/><W6/><G6/><T61/><D117/><U116/><E116/><V72/><F4/><W108/><G108/><T17/><D17/><U20/><E20/><V118/><F5/><W14/><G14/><T50/><D50/><AGARI ba="0,1" hai="8,12,18,33,35,50,53,56,74,76,81,95,96,101" machi="50" ten="30,11600,0" yaku="1,1,7,1,52,2,53,0" doraHai="3,29" doraHaiUra="130,112" who="1" fromWho="0" sc="190,-116,200,126,380,0,220,0" /><INIT seed="1,1,0,2,3,8" ten="74,326,380,220" oya="1" hai0="115,82,4,134,10,113,133,126,127,67,95,97,66" hai1="70,71,17,40,25,69,106,36,57,52,124,1,114" hai2="111,118,110,7,61,101,85,130,44,53,31,125,45" hai3="107,132,121,131,6,78,88,20,105,23,68,14,51"/><U91/><E114/><N who="0" m="43529" /><D66/><U56/><E1/><V75/><F118/><W87/><G121/><T62/><D62/><U2/><E2/><V120/><F120/><W29/><G68/><T89/><D67/><U54/><E106/><V13/><F75/><W58/><G78/><T109/><D10/><U15/><E124/><N who="0" m="47657" /><D4/><U74/><E74/><V0/><F0/><W55/><G131/><T21/><D21/><U98/><E25/><V63/><F125/><W33/><G33/><T43/><D43/><U119/><E119/><V72/><F72/><W32/><G32/><T60/><D60/><N who="2" m="23114" /><F31/><W129/><G129/><T41/><D41/><U39/><E40/><V9/><F130/><W112/><G112/><T19/><D19/><U123/><E57/><V90/><F101/><W3/><G3/><T81/><D109/><N who="2" m="41482" /><F53/><W28/><G28/><T122/><D122/><U46/><E54/><V16/><F7/><W24/><G6/><T59/><D59/><U108/><E56/><V73/><F73/><W93/><G132/><AGARI ba="1,0" hai="81,82,89,95,97,132,133,134" m="47657,43529" machi="132" ten="40,8000,1" yaku="20,1,18,1,34,2" doraHai="8" who="0" fromWho="3" sc="74,83,326,0,380,0,220,-83" /><INIT seed="2,0,0,3,3,80" ten="157,326,380,137" oya="2" hai0="10,132,117,64,109,70,60,5,46,1,78,92,124" hai1="39,98,85,28,71,51,73,3,101,134,24,77,22" hai2="14,23,37,122,90,54,67,42,86,31,34,19,115" hai3="53,9,32,8,100,21,55,49,58,56,120,29,119"/><V69/><F122/><W83/><G120/><T112/><D112/><U89/><E71/><V135/><F115/><W4/><G119/><T12/><D109/><U127/><E39/><V11/><F135/><W61/><G32/><T118/><D124/><U2/><E127/><V72/><F72/><W66/><G100/><T35/><D132/><U47/><E134/><V75/><F75/><W18/><G29/><T45/><D35/><U62/><E62/><V95/><F69/><W40/><G40/><T20/><D78/><U63/><E63/><V17/><F67/><W0/><G9/><T99/><D20/><U59/><E59/><V41/><F37/><W116/><G116/><N who="0" m="44651" /><D1/><U84/><E73/><V108/><F108/><W82/><REACH who="3" step="1"/><G66/><REACH who="3" ten="157,326,380,127" step="2"/><T13/><D13/><AGARI ba="0,1" hai="0,4,8,13,18,21,49,53,55,56,58,61,82,83" machi="13" ten="30,7700,0" yaku="1,1,2,1,7,1,53,1" doraHai="80" doraHaiUra="15" who="3" fromWho="0" sc="157,-77,326,0,380,0,127,87" /><INIT seed="3,0,0,2,5,88" ten="80,326,380,214" oya="3" hai0="27,87,130,102,78,132,117,114,53,7,23,92,120" hai1="48,122,86,82,37,62,59,46,39,29,22,105,119" hai2="79,128,77,33,21,74,5,26,31,103,124,1,125" hai3="20,3,67,83,11,121,115,99,35,131,95,8,109"/><W84/><G115/><T60/><D120/><U47/><E105/><V12/><F128/><W127/><G35/><T91/><D117/><U118/><E122/><V54/><F103/><W42/><G121/><T13/><D130/><U85/><E29/><V107/><F107/><W57/><G131/><T50/><D132/><U40/><E22/><V15/><F54/><W14/><G127/><N who="2" m="48713" /><F74/><W61/><G109/><T89/><D114/><U81/><E59/><V71/><F71/><W38/><G3/><T69/><D69/><U90/><E62/><V2/><F33/><W6/><G38/><T52/><D102/><U113/><E113/><V16/><F12/><W9/><G42/><T72/><D72/><U100/><E100/><V96/><F96/><W63/><G63/><T93/><D78/><N who="2" m="29706" /><F31/><W134/><G134/><T133/><D133/><U36/><E47/><V80/><F80/><W24/><G84/><T64/><D64/><U58/><E58/><V126/><F126/><W17/><G83/><T44/><D60/><U55/><E40/><V65/><F65/><W135/><G135/><T94/><D53/><U76/><AGARI ba="0,0" hai="36,37,39,46,48,55,76,81,82,85,86,90,118,119" machi="76" ten="40,1500,0" yaku="0,1" doraHai="88" who="1" fromWho="1" sc="80,-4,326,15,380,-4,214,-7" owari="76,-42.4,341,14.1,376,47.6,207,-19.3" /></mjloggm>