<mjloggm ver="2.3"><GO type="225" lobby="0"/><UN n0="%6C%61%6D%62" n1="%6D%75%75%73%61%6E%6D%75" n2="%E4%B8%89%E5%88%86%E5%B0%8F%E5%83%A7" n3="%E3%81%BF%E3%81%BF%E3%81%9A" dan="16,17,16,18" rate="2199.42,2161.64,2089.95,2254.64" sx="M,F,M,M"/><TAIKYOKU oya="0"/><INIT seed="0,0,0,2,4,17" ten="250,250,250,250" oya="0" hai0="78,132,12,58,121,92,123,53,83,117,90,52,57" hai1="3,50,7,100,36,104,45,93,80,40,22,119,48" hai2="62,16,51,125,101,30,13,133,1,44,70,71,79" hai3="111,37,9,112,81,38,24,107,34,91,98,102,31"/><T4/><D117/><U77/><E119/><V73/><F1/><W55/><G112/><T106/><D106/><U18/><E104/><V95/><F125/><W86/><G111/><T128/><D128/><U0/><E100/><V134/><F30/><W5/><REACH who="3" step="1"/><G55/><REACH who="3" ten="250,250,250,240" step="2"/><T25/><D123/><U75/><E93/><V72/><F95/><W6/><G6/><T103/><D53/><U131/><E131/><V116/><F116/><W109/><G109/><T11/><D121/><U61/><E61/><V113/><F62/><W56/><G56/><T135/><D58/><U23/><E7/><V15/><F113/><W105/><G105/><T99/><D103/><U118/><E118/><V10/><F101/><W27/><G27/><T120/><D120/><U20/><REACH who="1" step="1"/><E18/><REACH who="1" ten="250,240,250,240" step="2"/><V49/><F16/><W54/><G54/><T124/><D52/><U84/><E84/><V21/><F44/><W96/><G96/><T122/><D122/><U74/><E74/><V35/><F73/><W47/><G47/><T129/><D99/><U32/><E32/><V43/><F72/><W29/><G29/><T63/><BYE who="3" /><D129/><UN n3="%E3%81%BF%E3%81%BF%E3%81%9A" /><U41/><E41/><V114/><F35/><W130/><G130/><T28/><D4/><U14/><E14/><AGARI ba="0,2" hai="5,9,14,24,31,34,37,38,81,86,91,98,102,107" machi="14" ten="30,2000,0" yaku="1,1,7,1,53,0" doraHai="17" doraHaiUra="42" who="3" fromWho="1" sc="250,0,240,-20,250,0,240,40" /><INIT seed="1,0,0,3,5,93" ten="250,220,250,280" oya="1" hai0="38,126,86,85,32,27,45,53,52,44,118,34,122" hai1="99,119,35,89,41,96,92,65,132,102,106,124,42" hai2="60,6,18,80,121,127,54,82,57,50,30,112,17" hai3="117,12,125,87,116,101,49,64,25,135,29,76,94"/><U51/><E119/><N who="3" m="45642" /><G135/><T90/><D118/><U111/><E132/><V114/><F121/><W69/><G125/><T103/><D126/><U11/><E124/><V108/><F127/><W46/><G12/><T88/><D103/><U95/><E35/><V68/><F6/><W48/><G64/><T91/><D27/><U16/><E111/><V105/><F105/><W15/><G69/><T128/><D38/><U3/><E65/><N who="2" m="40999" /><F30/><W5/><G76/><T74/><D91/><U28/><E28/><V78/><F108/><W115/><G115/><N who="2" m="44073" /><F82/><W0/><G0/><T55/><D55/><U62/><E62/><V7/><F7/><W59/><G59/><T24/><D24/><U120/><E3/><V31/><F31/><W58/><G58/><T10/><D74/><AGARI ba="0,0" hai="17,18,50,54,57,74,78,80" m="44073,40999" machi="74" ten="30,1000,0" yaku="11,1" doraHai="93" who="2" fromWho="0" sc="250,-10,220,0,250,10,280,0" /><INIT seed="2,0,0,2,4,52" ten="240,220,260,280" oya="2" hai0="73,107,131,18,93,17,49,96,135,10,14,45,114" hai1="119,36,19,133,0,33,95,21,80,70,59,82,100" hai2="2,43,102,89,38,12,86,68,118,44,108,22,67" hai3="69,53,112,8,47,90,61,120,27,4,76,32,55"/><V121/><F118/><W92/><G120/><T124/><D114/><U117/><E70/><V51/><F121/><W41/><G112/><T103/><D73/><U6/><E33/><V72/><F2/><W84/><G76/><T130/><D124/><U25/><E36/><V75/><F102/><W134/><G134/><T23/><D135/><U132/><E132/><V50/><F108/><W64/><G27/><T101/><D107/><U99/><E133/><V39/><F39/><W54/><G32/><T5/><D103/><U74/><E0/><V109/><F109/><W122/><G122/><T66/><D66/><U35/><E6/><V98/><F98/><W42/><REACH who="3" step="1"/><G47/><REACH who="3" ten="240,220,260,270" step="2"/><T77/><D77/><U83/><E35/><V28/><F72/><W16/><G16/><T106/><D106/><U126/><E74/><V128/><F75/><W26/><G26/><T65/><D18/><U116/><E126/><V46/><F46/><W9/><G9/><T37/><D23/><U79/><E79/><V87/><F28/><W31/><G31/><T56/><D17/><U78/><E78/><V63/><F22/><W97/><G97/><T104/><D104/><U88/><REACH who="1" step="1"/><E59/><REACH who="1" ten="240,210,260,270" step="2"/><V48/><F68/><W11/><G11/><T29/><D56/><U62/><E62/><V30/><F63/><W34/><G34/><T58/><D58/><U111/><E111/><V24/><F44/><W15/><AGARI ba="0,2" hai="4,8,15,41,42,53,54,55,61,64,69,84,90,92" machi="15" ten="30,4000,0" yaku="1,1,0,1,53,1" doraHai="52" doraHaiUra="60" who="3" fromWho="3" sc="240,-10,210,-10,260,-20,270,60" /><INIT seed="3,0,0,4,1,135" ten="230,200,240,330" oya="3" hai0="37,130,60,51,6,72,120,85,45,100,17,9,15" hai1="34,125,123,121,48,36,41,54,82,13,97,75,92" hai2="66,26,79,16,35,44,129,3,24,132,21,98,61" hai3="99,128,114,69,83,19,12,115,53,58,108,81,10"/><W68/><G99/><T116/><D72/><U106/><E106/><V42/><F3/><W90/><G128/><T134/><D116/><U55/><E34/><V56/><F129/><W28/><G28/><T133/><D120/><U29/><E36/><V0/><F0/><W117/><G117/><T118/><D118/><U113/><E113/><V1/><F1/><W80/><G90/><T86/><D130/><U67/><E67/><V127/><F127/><W11/><G108/><T22/><D37/><U27/><E121/><V94/><F79/><W107/><G107/><T46/><D60/><U62/><E123/><V95/><F132/><N who="0" m="50794" /><D100/><U20/><E75/><V4/><F4/><W91/><G91/><T126/><D126/><U38/><E38/><V23/><F35/><W87/><G87/><N who="0" m="33291" /><D51/><U111/><E111/><V14/><F98/><W18/><G11/><T50/><D50/><U109/><E109/><V96/><F96/><W73/><G18/><T52/><D52/><N who="1" m="20011" /><E125/><V63/><F63/><W93/><G93/><T76/><D76/><U124/><E124/><V122/><F122/><W74/><G73/><T5/><D5/><U119/><E119/><V57/><F57/><W31/><G74/><T25/><AGARI ba="0,0" hai="6,9,15,17,22,25,45,46" m="33291,50794" machi="25" ten="30,1100,0" yaku="20,1" doraHai="135" who="0" fromWho="0" sc="230,11,200,-3,240,-3,330,-5" owari="241,4.1,197,-30.3,237,-16.3,325,42.5" /></mjloggm>