<mjloggm ver="2.3"><GO type="225" lobby="0"/><UN n0="%E3%81%9F%E3%81%A3%E3%81%A1%E3%82%87" n1="%43%68%65" n2="%E4%B8%89%E5%86%A0%E7%8E%8B%E3%83%BB%E5%B1%B1%E7%94%B0%E5%93%B2%E4%BA%BA" n3="%E5%B6%BA%E4%B8%8A%E5%92%B2" dan="16,16,16,16" rate="2073.02,2162.36,2157.04,2089.14" sx="M,M,M,F"/><TAIKYOKU oya="0"/><INIT seed="0,0,0,1,3,64" ten="250,250,250,250" oya="0" hai0="13,16,59,17,69,127,115,77,70,30,0,46,88" hai1="125,85,116,54,29,78,35,73,28,119,83,67,118" hai2="126,41,42,11,21,74,47,86,8,102,7,108,31" hai3="128,113,109,27,19,94,101,97,111,6,2,134,106"/><T24/><D115/><U129/><E129/><V90/><F74/><W55/><G113/><T3/><D77/><U107/><E107/><V9/><F108/><N who="3" m="41547" /><G128/><T130/><D130/><U61/><E125/><V114/><F114/><W92/><G134/><T71/><D127/><U60/><E35/><V12/><F102/><W51/><G6/><T103/><D103/><U43/><E43/><V4/><F126/><W91/><G2/><T100/><D100/><U132/><E132/><V57/><F57/><N who="3" m="33023" /><G91/><T40/><D59/><U89/><E54/><V52/><F52/><W110/><N who="3" m="41555" /><W49/><DORA hai="122" /><G49/><T63/><D88/><U34/><E89/><V76/><F90/><W22/><AGARI ba="0,0" hai="19,22,27,92,94,97,101,106" m="33023,41555" machi="22" ten="40,8000,1" yaku="14,1,52,4" doraHai="64,122" who="3" fromWho="3" sc="250,-40,250,-20,250,-20,250,80" /><INIT seed="1,0,0,2,5,64" ten="210,230,230,330" oya="1" hai0="22,114,39,42,52,62,21,32,101,81,74,41,3" hai1="30,54,33,119,43,56,131,24,91,50,72,90,67" hai2="103,126,92,5,84,130,55,105,107,118,122,37,132" hai3="59,40,93,28,0,44,79,57,113,29,77,106,82"/><U112/><E112/><V117/><F37/><W36/><G106/><N who="2" m="40457" /><F55/><W6/><G113/><T19/><D32/><U45/><E119/><N who="2" m="45579" /><F5/><W100/><G79/><T1/><D101/><U65/><E131/><V104/><F122/><W89/><G100/><T108/><D108/><U70/><E72/><V94/><F130/><W68/><G68/><T129/><D129/><U16/><E67/><V8/><F8/><N who="3" m="2119" /><G29/><T12/><D22/><U13/><E65/><V35/><F35/><W134/><G28/><T18/><D19/><U26/><E70/><V75/><F75/><N who="3" m="43327" /><G134/><T11/><D114/><U60/><REACH who="1" step="1"/><E26/><REACH who="1" ten="210,220,230,330" step="2"/><V25/><F25/><W63/><G63/><T99/><D62/><U46/><E46/><V111/><F132/><W10/><G10/><AGARI ba="0,1" hai="10,13,16,24,30,33,43,45,50,54,56,60,90,91" machi="10" ten="30,5800,0" yaku="1,1,7,1,54,1,53,0" doraHai="64" doraHaiUra="2" who="1" fromWho="3" sc="210,0,220,68,230,0,330,-58" /><INIT seed="1,1,0,5,0,120" ten="210,288,230,272" oya="1" hai0="122,40,0,127,99,114,123,108,91,26,72,31,56" hai1="71,35,132,61,131,20,115,48,37,29,16,92,121" hai2="79,11,46,24,59,22,3,10,134,133,13,58,44" hai3="4,39,97,62,117,8,83,70,90,25,42,102,118"/><U73/><E37/><V57/><F79/><W74/><G25/><T36/><D72/><U21/><E121/><N who="0" m="46089" /><D0/><U7/><E35/><V89/><F3/><N who="3" m="31" /><G90/><T100/><D91/><U55/><E73/><V126/><F126/><W18/><G18/><T38/><D127/><U66/><E115/><V75/><F75/><W65/><G97/><T94/><D56/><U23/><E29/><V9/><F13/><W87/><G87/><T85/><D114/><U67/><E67/><V101/><F101/><W64/><G64/><T77/><D85/><U81/><E131/><V19/><REACH who="2" step="1"/><F89/><REACH who="2" ten="210,288,220,272" step="2"/><W95/><G102/><T51/><D100/><U124/><E124/><V86/><F86/><W14/><G14/><T103/><D77/><U104/><E104/><V33/><F33/><W12/><G12/><T82/><D103/><U112/><E112/><V17/><F17/><W116/><G74/><T106/><D99/><U78/><E7/><V69/><F69/><W119/><G119/><T5/><D5/><U111/><E16/><V32/><F32/><W63/><G117/><T125/><D106/><U128/><E71/><V47/><AGARI ba="1,1" hai="9,10,11,19,22,24,44,46,47,57,58,59,133,134" machi="47" ten="40,8000,1" yaku="1,1,0,1,29,2,53,0" doraHai="120" doraHaiUra="93" who="2" fromWho="2" sc="210,-21,288,-41,220,93,272,-21" /><INIT seed="2,0,0,3,3,97" ten="189,247,313,251" oya="2" hai0="50,111,57,13,135,77,8,62,118,134,55,104,75" hai1="28,22,91,121,92,5,90,17,36,103,60,34,23" hai2="120,83,32,49,2,27,19,15,117,124,122,51,81" hai3="105,87,84,67,53,64,69,119,114,30,33,40,129"/><V73/><F2/><W12/><G119/><T109/><D104/><U100/><E36/><V18/><F124/><W16/><G129/><T63/><D77/><U44/><E34/><V29/><F117/><W89/><G105/><T107/><D107/><U11/><E121/><V0/><F0/><W52/><G40/><T41/><D75/><U116/><E116/><V85/><F19/><W131/><G69/><T128/><D118/><U61/><E44/><V133/><F133/><N who="0" m="50698" /><D13/><N who="1" m="5359" /><E28/><V68/><F68/><W1/><G1/><T14/><D14/><N who="1" m="9527" /><E23/><V93/><F73/><W79/><G79/><T7/><D7/><U123/><E123/><V21/><F122/><W47/><G114/><T127/><D8/><U82/><E82/><V113/><F113/><W102/><G33/><T56/><D128/><U43/><E43/><V101/><F120/><W48/><G131/><T125/><D41/><U108/><E108/><N who="0" m="41545" /><D63/><N who="1" m="24139" /><E91/><V66/><F15/><W6/><G89/><T70/><D70/><U26/><E26/><V4/><F27/><W58/><G12/><T95/><D95/><U115/><E115/><V132/><F93/><W88/><G88/><T46/><D46/><U130/><E130/><V35/><F132/><W42/><G47/><T80/><D80/><U110/><E110/><V9/><F81/><W25/><G42/><T76/><D76/><U94/><E94/><V72/><F83/><W98/><G6/><T78/><D78/><U45/><E45/><V20/><F4/><W39/><G39/><T54/><AGARI ba="0,0" hai="50,54,55,56,57,62,125,127" m="41545,50698" machi="54" ten="40,8000,1" yaku="20,1,14,1,34,2" doraHai="97" who="0" fromWho="0" sc="189,80,247,-20,313,-40,251,-20" /><INIT seed="3,0,0,3,2,37" ten="269,227,273,231" oya="3" hai0="48,84,101,113,9,38,33,16,128,111,79,98,110" hai1="92,4,89,40,94,132,64,57,115,121,103,25,49" hai2="100,55,43,104,119,45,23,31,61,36,50,99,41" hai3="125,21,126,73,20,8,129,27,77,102,26,52,29"/><W70/><G129/><T83/><D33/><U80/><E115/><V46/><F119/><W116/><G116/><T87/><D38/><U51/><E121/><V134/><F134/><W30/><G70/><T135/><D135/><U58/><E132/><V133/><F133/><W93/><G77/><T74/><D128/><U35/><E4/><V53/><REACH who="2" step="1"/><F61/><REACH who="2" ten="269,227,263,231" step="2"/><W108/><G108/><T124/><D110/><U65/><E65/><V90/><F90/><W88/><G73/><T114/><D111/><U11/><E64/><V56/><F56/><W32/><G102/><T54/><D74/><U18/><E103/><V86/><F86/><W1/><G32/><T118/><D84/><U127/><E58/><V7/><F7/><W81/><G81/><T60/><D60/><U106/><E80/><V13/><F13/><W10/><G1/><T62/><D62/><U17/><E57/><V44/><F44/><W91/><G93/><N who="0" m="58575" /><D118/><U59/><E94/><V14/><F14/><W78/><G78/><T122/><D113/><U130/><E92/><V66/><F66/><W117/><G117/><T109/><D114/><U47/><E130/><V3/><F3/><W0/><G0/><T5/><D109/><U24/><E89/><V131/><F131/><W82/><G82/><T12/><D79/><U67/><E67/><V34/><F34/><W96/><G96/><T15/><D83/><U123/><E35/><V72/><F72/><W19/><G19/><T39/><D16/><U75/><E18/><V85/><F85/><W2/><G2/><N who="0" m="183" /><D87/><U105/><E75/><V63/><F63/><RYUUKYOKU ba="0,1" sc="269,-15,227,-15,263,15,231,15" hai2="23,31,36,41,43,45,46,50,53,55,99,100,104" hai3="8,10,20,21,26,27,29,30,52,88,91,125,126" /><INIT seed="3,1,1,0,0,133" ten="254,212,278,246" oya="3" hai0="116,124,120,35,59,135,102,51,128,125,130,12,72" hai1="17,115,70,53,28,112,94,71,9,40,78,69,36" hai2="25,121,65,104,13,99,11,31,19,109,85,52,84" hai3="42,16,26,38,50,82,123,132,91,106,93,81,66"/><W107/><G38/><T15/><D116/><U122/><E122/><V96/><F121/><W97/><G123/><T27/><D72/><U6/><E28/><V101/><F109/><W46/><G132/><T30/><D135/><U45/><E17/><V47/><F65/><W88/><G66/><T60/><D51/><U86/><E53/><V87/><F99/><W103/><G106/><T127/><D102/><U48/><E36/><V129/><F129/><N who="0" m="49770" /><D120/><U62/><E62/><V89/><F52/><AGARI ba="1,1" hai="12,15,27,30,35,52,59,60,124,125,127" m="49770" machi="52" ten="40,12000,2" yaku="18,1,19,1,52,3,54,1" doraHai="133" who="0" fromWho="2" sc="254,133,212,0,278,-123,246,0" owari="387,48.7,212,-18.8,155,-34.5,246,4.6" /></mjloggm>