<mjloggm ver="2.3"><GO type="225" lobby="0"/><UN n0="%E3%81%A9%E3%82%8F%E3%82%93%E3%81%94" n1="%72%69%6F%75%63%68%61%6E" n2="%E3%81%9F%E3%81%93%E2%98%86%E7%84%BC%E3%81%8D" n3="%6B%79%6F%6E%6B%6F%31%31" dan="16,17,16,17" rate="2189.63,2302.62,2081.31,2185.48" sx="M,M,M,M"/><TAIKYOKU oya="0"/><INIT seed="0,0,0,1,5,101" ten="250,250,250,250" oya="0" hai0="72,25,8,135,71,9,65,114,133,75,95,132,90" hai1="3,131,48,58,18,105,23,103,73,124,100,31,4" hai2="68,84,54,19,77,76,113,38,21,69,117,2,127" hai3="110,1,30,24,20,12,112,80,81,32,63,36,78"/><T85/><D114/><U92/><E124/><V116/><F38/><W134/><G112/><T59/><D71/><U108/><E108/><V44/><F2/><W57/><G1/><T104/><D104/><U66/><E131/><V55/><F113/><W70/><G70/><N who="2" m="27241" /><F44/><W11/><G36/><T61/><REACH who="0" step="1"/><D25/><REACH who="0" ten="240,250,250,250" step="2"/><U7/><E105/><V29/><F127/><W118/><G110/><T42/><D42/><U45/><E103/><V49/><F54/><W10/><G118/><T97/><D97/><U120/><E100/><V67/><F55/><W123/><G123/><T86/><D86/><U102/><E102/><V16/><F84/><W119/><G119/><T37/><D37/><U17/><E120/><V93/><F67/><W56/><G134/><T50/><D50/><U89/><E66/><V130/><F49/><W98/><G98/><T43/><D43/><U5/><E48/><V15/><F130/><W125/><G125/><T47/><D47/><U111/><E45/><V128/><F128/><W13/><G63/><T46/><D46/><U121/><E121/><V52/><F117/><W129/><G129/><T64/><D64/><U40/><E40/><V109/><F52/><W33/><G24/><T41/><D41/><U99/><E111/><V53/><F53/><W88/><G56/><T28/><D28/><U60/><E73/><AGARI ba="0,1" hai="8,9,59,61,65,72,73,75,85,90,95,132,133,135" machi="73" ten="50,9600,0" yaku="1,1,20,1,53,1" doraHai="101" doraHaiUra="91" who="0" fromWho="1" sc="240,106,250,-96,250,0,250,0" /><INIT seed="0,1,0,3,1,10" ten="346,154,250,250" oya="0" hai0="118,69,56,14,105,15,34,76,43,58,125,8,51" hai1="113,41,2,50,109,9,77,7,52,132,134,82,116" hai2="108,3,107,37,90,98,103,83,12,95,38,128,86" hai3="49,100,70,26,96,104,40,127,13,99,89,101,93"/><T32/><D118/><U36/><E116/><V57/><F3/><W18/><G127/><T121/><D69/><U1/><E109/><V78/><F108/><W11/><G70/><T27/><D121/><U65/><E113/><V4/><F57/><W87/><G40/><T120/><D105/><U63/><E1/><V130/><F4/><W33/><G33/><T62/><D120/><U55/><E50/><V61/><F12/><W71/><G71/><T133/><D34/><U21/><E21/><V131/><REACH who="2" step="1"/><F61/><REACH who="2" ten="346,154,240,250" step="2"/><W126/><G126/><T111/><D125/><U31/><E134/><V28/><F28/><W30/><G49/><T66/><D133/><U92/><E132/><V74/><AGARI ba="1,1" hai="37,38,74,78,83,86,90,95,98,103,107,128,130,131" machi="74" ten="30,8000,1" yaku="1,1,0,1,24,2,19,1,53,0" doraHai="10" doraHaiUra="54" who="2" fromWho="2" sc="346,-41,154,-21,240,93,250,-21" /><INIT seed="1,0,0,4,3,56" ten="305,133,333,229" oya="1" hai0="72,32,118,64,25,85,119,120,95,130,101,48,0" hai1="50,80,31,75,24,114,57,62,37,93,42,58,104" hai2="97,132,14,91,107,65,39,20,102,18,3,46,88" hai3="9,16,111,87,21,131,100,12,38,128,5,41,23"/><U124/><E114/><V74/><F74/><W117/><G100/><T99/><D0/><U36/><E104/><V109/><F3/><W94/><G41/><T10/><D130/><N who="3" m="49705" /><G38/><T123/><D72/><U15/><E124/><V52/><F109/><W33/><G94/><T26/><D10/><U1/><E1/><V30/><F132/><W28/><G87/><T40/><D64/><U135/><E135/><V60/><F30/><W55/><G55/><T127/><D127/><U116/><E116/><V73/><F73/><W29/><G117/><T34/><D85/><U78/><E15/><V89/><F39/><W79/><G79/><T53/><D40/><U17/><E17/><V90/><N who="2" m="22528" /><DORA hai="45" /><V113/><F113/><W108/><G23/><T134/><D134/><U2/><E2/><V35/><F35/><N who="0" m="13354" /><D119/><U92/><E37/><V105/><F46/><W47/><G47/><N who="0" m="27807" /><D118/><U115/><E115/><V112/><F52/><W103/><G103/><T125/><D125/><U11/><E36/><V44/><F44/><W83/><G83/><T66/><D66/><N who="1" m="39247" /><E42/><V22/><F112/><W54/><G54/><T126/><D126/><U82/><E82/><V67/><F67/><W81/><G81/><T6/><D123/><U61/><E50/><V8/><REACH who="2" step="1"/><F107/><REACH who="2" ten="305,133,323,229" step="2"/><W121/><G121/><T129/><D120/><U84/><E75/><V7/><F7/><W63/><G33/><T59/><D129/><U68/><E80/><V76/><F76/><W98/><G111/><T77/><D77/><U51/><E78/><V4/><F4/><W13/><G108/><T133/><D133/><RYUUKYOKU ba="0,1" sc="305,-10,133,-10,323,30,229,-10" hai2="8,14,18,20,22,60,65,97,102,105" /><INIT seed="2,1,1,3,5,96" ten="295,123,353,219" oya="2" hai0="47,72,44,120,79,97,4,33,88,81,130,63,102" hai1="67,80,75,115,134,89,25,124,74,123,110,11,28" hai2="95,16,104,56,69,34,41,84,92,106,100,35,5" hai3="22,29,3,48,113,7,122,68,23,87,114,9,59"/><V128/><F69/><W30/><G87/><T19/><D120/><U103/><E115/><N who="3" m="44042" /><G59/><T58/><D33/><U15/><E110/><V26/><F5/><W77/><G48/><T78/><D4/><U0/><E124/><V51/><F84/><W131/><G77/><T53/><D130/><U90/><E134/><V18/><F56/><W24/><G68/><T10/><D78/><U43/><E0/><V127/><F51/><W37/><G37/><T121/><D121/><U21/><E123/><V49/><F49/><W105/><G105/><T70/><D70/><U135/><E135/><V2/><F2/><W71/><G71/><T57/><D57/><U94/><E43/><V60/><F127/><W76/><G76/><T42/><D42/><U17/><E67/><V108/><F60/><W38/><G38/><T85/><D79/><U13/><E13/><V31/><F128/><W83/><G83/><T119/><D72/><U32/><E32/><V50/><F50/><W117/><G122/><T20/><D10/><U64/><E64/><V133/><F133/><W86/><G86/><T39/><D39/><U52/><E52/><V45/><F45/><W99/><G99/><T54/><D54/><U6/><E6/><V98/><F41/><W129/><G117/><T27/><D119/><U91/><REACH who="1" step="1"/><E80/><REACH who="1" ten="295,113,353,219" step="2"/><V12/><F34/><W112/><N who="3" m="44050" /><W14/><DORA hai="40" /><G14/><T66/><D66/><U109/><E109/><V101/><F108/><W73/><G73/><T62/><D62/><U65/><E65/><V61/><F12/><W1/><G1/><T36/><D36/><RYUUKYOKU ba="1,2" sc="295,10,113,10,353,-30,219,10" hai0="19,20,27,44,47,53,58,63,81,85,88,97,102" hai1="11,15,17,21,25,28,74,75,89,90,91,94,103" hai3="3,7,9,22,23,24,29,30,129,131" /><INIT seed="3,2,2,2,5,46" ten="305,123,323,229" oya="3" hai0="9,3,17,101,117,87,121,107,15,55,43,109,59" hai1="20,74,82,97,123,12,130,31,120,13,80,1,67" hai2="85,0,84,14,6,22,8,42,63,62,29,58,32" hai3="71,131,90,105,34,44,93,111,52,86,64,95,81"/><W33/><G105/><T73/><D121/><U83/><E130/><V4/><F4/><W49/><G131/><T133/><D73/><U132/><E132/><V69/><F42/><W108/><G71/><T10/><D117/><U27/><E1/><V18/><F62/><W25/><G64/><T53/><D133/><U39/><E39/><V135/><F69/><W126/><G126/><T50/><D109/><N who="3" m="42057" /><G25/><T70/><D70/><U30/><E74/><V113/><F113/><W24/><G24/><T7/><D43/><U79/><E123/><V115/><F135/><W89/><G95/><T75/><D75/><U100/><E120/><V11/><F11/><W51/><G49/><T37/><D37/><U99/><E31/><V66/><F115/><W54/><G54/><T92/><D55/><U5/><E79/><V77/><F77/><W128/><G128/><T104/><REACH who="0" step="1"/><D87/><AGARI ba="2,2" hai="33,34,44,51,52,81,86,87,89,90,93" m="42057" machi="87" ten="30,11600,0" yaku="14,1,10,1,52,1,54,1" doraHai="46" who="3" fromWho="0" sc="305,-122,123,0,323,0,229,142" owari="183,-21.7,123,-37.7,323,12.3,371,47.1" /></mjloggm>