<mjloggm ver="2.3"><GO type="225" lobby="0"/><UN n0="%E9%80%9F%E6%B0%B4%E5%87%9B%E9%A6%99" n1="%E6%98%93%E5%88%A9%E8%96%A9%E4%BC%AF" n2="%4D%50%43%32%38%30%30" n3="%E3%81%8B%E3%82%8F%E3%81%A1%E3%82%83%E3%82%93%35%38" dan="17,16,16,16" rate="2175.13,2096.92,2135.19,2080.27" sx="F,F,M,M"/><TAIKYOKU oya="0"/><INIT seed="0,0,0,4,2,51" ten="250,250,250,250" oya="0" hai0="112,63,110,60,73,34,37,96,111,91,68,86,15" hai1="65,64,126,80,93,10,77,62,95,119,100,134,88" hai2="21,90,13,66,101,84,30,39,61,124,42,106,20" hai3="9,130,76,52,49,81,41,125,102,16,46,83,45"/><T70/><D34/><U50/><E119/><V19/><F124/><W72/><G102/><T115/><D73/><U116/><E116/><V99/><F39/><W92/><G92/><T3/><D96/><U48/><E134/><V97/><F42/><W121/><G125/><T28/><D28/><U122/><E122/><V117/><F117/><W22/><G130/><T75/><D3/><U113/><E113/><N who="0" m="43593" /><D75/><U17/><E100/><V85/><F30/><W74/><G121/><T131/><D15/><N who="1" m="7415" /><E126/><V79/><F79/><W44/><G9/><T67/><D37/><U104/><E95/><V35/><F35/><W23/><G41/><T123/><D123/><U29/><E62/><N who="0" m="23593" /><D86/><N who="1" m="48399" /><E29/><V108/><F85/><W135/><G135/><T18/><D18/><U14/><E14/><V12/><F106/><W40/><G40/><T128/><D91/><U32/><E32/><V114/><F101/><W7/><G7/><T31/><D31/><U47/><E104/><V59/><F114/><W53/><G49/><T127/><D127/><U2/><E50/><V6/><F6/><W56/><G56/><T58/><D58/><U78/><E2/><V103/><F103/><W43/><G43/><T27/><D27/><U25/><E25/><V36/><F36/><W26/><G22/><T109/><D67/><U94/><E94/><N who="2" m="54599" /><F21/><W24/><G26/><T33/><D33/><U87/><E78/><AGARI ba="0,0" hai="16,23,24,44,45,46,52,53,72,74,76,78,81,83" machi="78" ten="40,8000,1" yaku="9,1,52,2,54,2" doraHai="51" who="3" fromWho="1" sc="250,0,250,-80,250,0,250,80" /><INIT seed="1,0,0,3,5,130" ten="250,170,250,330" oya="1" hai0="19,44,43,65,91,100,102,13,4,118,56,61,120" hai1="10,75,24,55,0,39,27,126,3,128,42,37,92" hai2="134,114,77,48,90,101,99,45,25,86,123,9,104" hai3="11,113,98,79,74,131,109,60,111,31,1,122,35"/><U119/><E119/><V8/><F123/><W32/><G60/><T112/><D118/><U68/><E68/><V85/><F114/><W121/><G98/><T106/><D112/><U110/><E75/><V88/><F25/><N who="3" m="18543" /><G113/><T69/><D69/><U95/><E128/><V97/><F134/><W51/><G51/><T108/><D108/><N who="3" m="41545" /><G131/><T52/><D4/><U16/><E110/><V64/><F64/><W26/><G79/><T73/><D73/><U53/><E126/><V36/><F36/><W107/><G107/><T89/><D120/><U14/><E42/><V116/><F116/><W38/><G38/><T33/><D33/><U67/><E67/><V135/><F135/><W84/><G84/><T124/><D124/><U117/><E117/><V71/><F71/><W105/><G105/><T133/><D133/><U80/><E80/><V34/><F34/><W15/><G74/><T94/><D106/><U96/><E96/><V5/><F77/><W6/><G15/><T93/><D43/><U40/><E40/><V83/><F99/><W30/><AGARI ba="0,0" hai="1,6,11,26,30,35,121,122" m="41545,18543" machi="30" ten="30,7900,0" yaku="14,1,23,1,34,2" doraHai="130" who="3" fromWho="3" sc="250,-20,170,-39,250,-20,330,79" /><INIT seed="2,0,0,0,0,89" ten="230,131,230,409" oya="2" hai0="43,94,30,81,77,115,59,47,62,42,113,83,56" hai1="86,78,28,133,45,104,53,37,39,92,80,123,93" hai2="33,6,99,58,12,2,8,68,57,103,75,97,107" hai3="88,4,98,79,112,118,102,132,0,36,10,18,24"/><V95/><F68/><W20/><G36/><T70/><D30/><U71/><E71/><V85/><F33/><W72/><G118/><T31/><D31/><U51/><E133/><V117/><F117/><W25/><G132/><T16/><D62/><U54/><E123/><V101/><F75/><W129/><G79/><T26/><D26/><U48/><E104/><V106/><F2/><W23/><G72/><T35/><D35/><U87/><E28/><V5/><REACH who="2" step="1"/><F6/><REACH who="2" ten="230,131,220,409" step="2"/><W76/><G4/><T66/><D70/><U126/><E126/><V17/><F17/><W116/><G18/><T7/><D16/><U110/><E110/><V1/><F1/><W63/><G0/><T65/><D7/><U3/><E3/><V128/><F128/><W22/><G129/><T44/><D77/><U124/><E124/><V21/><F21/><W135/><G76/><T15/><D15/><U90/><REACH who="1" step="1"/><E92/><AGARI ba="0,1" hai="42,43,44,47,56,59,65,66,81,83,92,94,113,115" machi="92" ten="25,6400,0" yaku="22,2,52,2" doraHai="89" who="0" fromWho="1" sc="230,74,131,-64,220,0,409,0" /><INIT seed="3,0,0,3,5,55" ten="304,67,220,409" oya="3" hai0="90,43,32,67,110,83,59,18,111,134,56,75,21" hai1="71,9,69,20,8,74,5,46,93,103,92,3,129" hai2="113,82,37,68,126,60,77,65,52,120,99,61,127" hai3="131,27,122,66,24,84,80,44,12,62,4,135,133"/><W104/><G122/><T34/><D67/><U88/><E74/><V125/><F113/><W79/><G131/><T6/><D6/><U19/><E129/><V54/><F99/><W58/><G104/><T112/><D43/><U107/><E107/><V108/><F37/><W35/><G35/><T39/><D39/><U94/><E103/><V33/><F33/><W64/><G64/><T91/><D112/><U114/><E114/><V2/><F2/><W128/><G128/><T87/><D75/><U86/><E3/><V106/><F106/><W95/><G44/><T17/><D134/><N who="3" m="51209" /><G95/><T41/><D41/><U116/><E116/><V121/><F108/><W31/><G31/><T36/><D36/><U109/><E109/><V78/><F78/><W28/><G28/><T70/><D21/><U29/><E29/><V63/><F77/><W53/><G53/><N who="2" m="20585" /><F82/><W115/><G115/><T49/><D83/><U73/><E73/><V100/><F100/><W25/><G12/><T124/><D70/><U130/><E130/><V0/><F0/><W26/><G26/><T15/><D15/><U117/><E117/><V48/><F48/><W102/><G102/><T22/><D49/><U7/><E46/><V57/><F63/><W89/><G4/><T40/><D110/><U10/><E20/><V96/><F96/><W97/><G97/><T30/><D111/><U38/><E38/><V101/><F101/><W14/><G14/><T50/><D32/><U16/><E86/><V76/><F76/><AGARI ba="0,0" hai="24,25,27,58,62,66,76,79,80,84,89" m="51209" machi="76" ten="30,2900,0" yaku="20,1,52,1" doraHai="55" who="3" fromWho="2" sc="304,0,67,0,220,-29,409,29" owari="304,10.4,67,-43.3,191,-20.9,438,53.8" /></mjloggm>