<mjloggm ver="2.3"><GO type="225" lobby="0"/><UN n0="%E5%8F%AF%E5%85%90%E9%82%A3%E7%94%B1%E5%A4%9A" n1="%6D%75%75%6D%75%72%61" n2="%E3%81%AF%E3%82%88%E3%81%8A%E3%81%98%E3%81%95%E3%82%93" n3="%6C%61%6D%62" dan="17,16,17,16" rate="2183.51,2049.97,2221.32,2140.92" sx="F,F,M,M"/><TAIKYOKU oya="0"/><INIT seed="0,0,0,0,2,120" ten="250,250,250,250" oya="0" hai0="10,92,16,60,129,58,126,53,15,91,1,63,4" hai1="69,56,19,42,83,89,102,74,67,122,24,55,45" hai2="76,13,124,77,38,51,36,119,81,11,31,93,111" hai3="132,68,23,99,108,21,44,25,41,28,106,101,39"/><T110/><D126/><U61/><E122/><V98/><F124/><W35/><G132/><T103/><D129/><U72/><E102/><V115/><F115/><W3/><G3/><T57/><D103/><U27/><E89/><V32/><F119/><W0/><G0/><T26/><D110/><U70/><E70/><V5/><F77/><W65/><REACH who="3" step="1"/><G108/><REACH who="3" ten="250,250,250,240" step="2"/><T7/><D1/><U88/><E72/><V131/><F111/><W71/><G71/><T47/><D47/><U50/><E74/><V127/><F127/><W78/><G78/><T130/><D130/><U46/><E46/><V17/><F76/><W48/><G48/><T79/><D79/><U135/><E135/><V114/><F51/><W123/><G123/><T9/><D26/><U43/><E24/><V14/><F131/><W8/><G8/><T37/><D9/><U18/><E27/><V84/><F11/><W33/><G33/><T66/><REACH who="0" step="1"/><D37/><REACH who="0" ten="240,250,250,240" step="2"/><U20/><E45/><V94/><F38/><W49/><G49/><T117/><D117/><U121/><E121/><V62/><F36/><W30/><G30/><T2/><D2/><U104/><E50/><V85/><F31/><W97/><G97/><AGARI ba="0,2" hai="4,7,10,15,16,53,57,58,60,63,66,91,92,97" machi="97" ten="30,12000,1" yaku="1,1,7,1,8,1,54,1,53,1" doraHai="120" doraHaiUra="6" who="0" fromWho="3" sc="240,140,250,0,250,0,240,-120" /><INIT seed="0,1,0,5,0,132" ten="380,250,250,120" oya="0" hai0="101,32,77,104,13,56,66,52,85,75,124,135,69" hai1="4,80,105,18,115,12,96,38,36,111,123,41,76" hai2="114,7,84,33,110,0,68,78,39,64,40,19,22" hai3="24,2,53,15,26,83,5,103,25,127,99,79,34"/><T67/><D32/><U91/><E123/><V14/><F114/><W119/><G119/><T9/><D75/><U73/><E115/><V30/><F110/><W50/><G2/><T128/><D69/><U23/><E111/><V118/><F118/><W122/><G122/><T88/><D77/><U92/><E41/><V58/><F68/><W86/><G34/><T90/><D135/><U106/><REACH who="1" step="1"/><E4/><REACH who="1" ten="380,240,250,120" step="2"/><V71/><F40/><W54/><G127/><T3/><D124/><U133/><E133/><V51/><F7/><W10/><REACH who="3" step="1"/><G50/><REACH who="3" ten="380,240,250,110" step="2"/><T21/><D128/><U35/><E35/><V131/><F51/><W116/><G116/><T97/><D3/><U81/><E81/><V63/><F0/><W125/><G125/><T65/><D21/><U74/><E74/><V8/><F33/><W49/><G49/><T44/><D9/><U120/><E120/><V130/><F39/><AGARI ba="1,2" hai="12,18,23,36,38,39,73,76,80,91,92,96,105,106" machi="39" ten="40,5200,0" yaku="1,1,53,2" doraHai="132" doraHaiUra="102" who="1" fromWho="2" sc="380,0,240,75,250,-55,110,0" /><INIT seed="1,0,0,1,1,108" ten="380,315,195,110" oya="1" hai0="2,4,128,59,32,43,38,132,0,48,28,135,27" hai1="66,125,115,93,86,60,96,95,117,22,41,92,127" hai2="24,50,123,87,54,63,118,9,42,7,68,8,76" hai3="21,77,45,107,110,119,14,100,61,64,31,122,26"/><U102/><E117/><V85/><F118/><W23/><G122/><T5/><D38/><U79/><E41/><V89/><F123/><W131/><G110/><T35/><D128/><U99/><E115/><V124/><F124/><W106/><G119/><T114/><D114/><U78/><E22/><V94/><F42/><W116/><G116/><T90/><D90/><U134/><E134/><N who="0" m="51241" /><D59/><U81/><E60/><V58/><F68/><W75/><G131/><T91/><D91/><N who="1" m="55327" /><E66/><V67/><F7/><N who="0" m="2634" /><D35/><U55/><E55/><V53/><F67/><W6/><G64/><T12/><D12/><U70/><E70/><V10/><F24/><W80/><G14/><T84/><D84/><N who="1" m="48183" /><E93/><V17/><F17/><W98/><G6/><T36/><D36/><U49/><E49/><V105/><F50/><W51/><G61/><T120/><D120/><U73/><E73/><V56/><F58/><W40/><REACH who="3" step="1"/><G106/><REACH who="3" ten="380,315,195,100" step="2"/><T109/><D109/><U71/><E71/><V3/><F105/><W101/><G101/><T18/><D0/><U65/><E65/><N who="2" m="39143" /><F3/><W88/><G88/><T62/><D2/><U82/><AGARI ba="0,1" hai="79,82,86,95,99,102,125,127" m="48183,55327" machi="82" ten="30,3000,0" yaku="34,2" doraHai="108" who="1" fromWho="1" sc="380,-10,315,40,195,-10,100,-10" /><INIT seed="1,1,0,1,4,96" ten="370,355,185,90" oya="1" hai0="30,8,52,40,42,15,82,119,127,114,86,111,7" hai1="25,0,17,133,37,110,61,50,132,104,117,99,91" hai2="16,88,31,120,63,134,73,53,66,24,10,3,35" hai3="81,102,67,85,32,22,43,72,75,2,46,59,93"/><U54/><E117/><V48/><F120/><W28/><G32/><T105/><D119/><U101/><E37/><V56/><F134/><W41/><G2/><T71/><D114/><U9/><E110/><V109/><F109/><W97/><G72/><T107/><D111/><U126/><E126/><V115/><F115/><W29/><G75/><T34/><D71/><U100/><E61/><V92/><F73/><W13/><G43/><T98/><D127/><U1/><E91/><V20/><F3/><W118/><G118/><T19/><D34/><U64/><E64/><V84/><F10/><W36/><G67/><T112/><D30/><U57/><E1/><V70/><REACH who="2" step="1"/><F35/><REACH who="2" ten="370,355,175,90" step="2"/><W5/><G22/><T11/><D112/><U4/><E132/><V123/><F123/><W122/><G122/><T74/><D74/><U121/><E133/><V14/><F14/><W55/><G13/><T62/><D8/><U38/><E121/><V128/><F128/><W51/><REACH who="3" step="1"/><G5/><REACH who="3" ten="370,355,175,80" step="2"/><T76/><D7/><U106/><E4/><V116/><F116/><W108/><G108/><T78/><D15/><U33/><E0/><V49/><F49/><W77/><AGARI ba="1,2" hai="28,29,36,41,46,51,55,59,77,81,85,93,97,102" machi="77" ten="20,5200,0" yaku="1,1,0,1,7,1,52,1,53,0" doraHai="96" doraHaiUra="6" who="3" fromWho="3" sc="370,-14,355,-27,175,-14,80,75" /><INIT seed="2,0,0,4,3,122" ten="356,328,161,155" oya="2" hai0="40,36,2,108,42,67,87,130,84,94,54,55,15" hai1="29,133,83,109,93,72,51,104,103,27,127,8,89" hai2="131,34,88,68,95,17,106,14,23,77,45,24,20" hai3="3,48,101,100,110,37,39,75,22,38,44,107,118"/><V11/><F106/><W49/><G118/><T65/><D2/><U19/><E127/><V30/><F131/><W53/><G75/><T117/><D130/><U58/><E133/><V0/><F68/><W76/><G3/><T105/><D105/><U25/><E109/><V57/><F77/><W64/><G76/><T50/><D36/><U74/><E83/><V80/><F80/><W123/><G123/><T111/><D15/><U98/><E58/><V10/><F45/><W96/><G64/><T91/><D117/><U43/><E51/><V129/><F129/><W73/><G73/><T134/><D134/><U9/><E43/><V126/><F126/><W99/><G22/><T86/><D86/><U63/><E63/><V61/><F34/><W112/><G112/><T31/><D31/><U6/><E9/><V26/><F14/><W114/><G114/><T97/><D97/><U82/><E19/><V70/><F70/><W113/><G113/><T47/><D87/><U16/><E82/><V124/><F0/><W90/><G90/><T125/><D125/><U81/><E81/><V32/><F32/><W92/><REACH who="3" step="1"/><G48/><REACH who="3" ten="356,328,161,145" step="2"/><N who="0" m="28959" /><D65/><U119/><E119/><V46/><F124/><W52/><G52/><T7/><D67/><U79/><E74/><V5/><F46/><W135/><G135/><T71/><D55/><U120/><E72/><V78/><F78/><W66/><G66/><T56/><D50/><U121/><E79/><V21/><F57/><W115/><G115/><T4/><D56/><U33/><E120/><V62/><F21/><W41/><G41/><N who="0" m="15979" /><D71/><U128/><E121/><RYUUKYOKU ba="0,1" sc="356,15,328,-15,161,-15,145,15" hai0="4,7,84,91,94,108,111" hai3="37,38,39,44,49,53,92,96,99,100,101,107,110" /><INIT seed="3,1,1,4,1,88" ten="371,313,146,160" oya="3" hai0="36,134,126,47,85,2,20,14,44,70,46,9,49" hai1="117,16,99,38,67,75,78,39,100,34,19,42,121" hai2="72,21,8,65,131,5,64,35,23,33,82,105,32" hai3="115,15,31,41,110,79,28,29,30,113,95,57,1"/><W133/><N who="3" m="7168" /><DORA hai="76" /><W68/><G68/><T124/><D70/><U4/><E34/><V40/><F105/><W122/><G1/><T80/><D134/><U50/><E121/><V45/><F131/><W129/><G122/><T81/><D36/><U101/><E4/><V43/><F23/><W12/><G133/><T52/><D20/><U93/><E101/><V55/><F55/><W83/><G129/><T130/><D2/><U58/><E117/><V128/><F21/><W84/><G110/><T112/><D112/><U125/><E125/><N who="0" m="48233" /><D130/><U77/><E77/><N who="2" m="44327" /><F40/><W25/><G25/><T18/><D85/><U62/><E38/><N who="2" m="21751" /><F128/><W69/><G69/><T24/><D24/><U92/><E39/><V127/><F127/><W66/><G41/><T86/><D86/><U51/><E92/><V61/><F61/><N who="3" m="38191" /><G115/><T0/><D0/><AGARI ba="1,1" hai="0,5,8,32,33,35,64,65" m="21751,44327" machi="0" ten="30,2000,0" yaku="25,1,52,1" doraHai="88,76" who="2" fromWho="0" sc="371,-23,313,0,146,33,160,0" owari="348,44.8,313,11.3,179,-22.1,160,-34.0" /></mjloggm>