<mjloggm ver="2.3"><GO type="225" lobby="0"/><UN n0="%E3%83%B4%E3%82%A3%E3%83%AF%E3%82%B3%E3%82%B0%E3%83%8B" n1="%E3%81%BD%E3%81%A1%E3%81%9F%E3%81%93%E3%82%84" n2="%E3%81%AF%E3%82%88%E3%81%8A%E3%81%98%E3%81%95%E3%82%93" n3="%E5%91%A8%E6%9D%B1" dan="16,17,17,17" rate="2209.99,2199.00,2158.95,2153.82" sx="M,M,M,M"/><TAIKYOKU oya="0"/><INIT seed="0,0,0,2,3,30" ten="250,250,250,250" oya="0" hai0="125,33,64,76,25,13,39,100,87,8,94,135,23" hai1="58,71,81,123,21,84,95,29,55,51,107,54,114" hai2="79,63,68,28,61,24,20,98,9,129,99,105,120" hai3="90,101,62,46,43,15,49,97,60,48,96,11,104"/><T108/><D125/><U134/><E107/><V130/><F120/><W5/><REACH who="3" step="1"/><G48/><REACH who="3" ten="250,250,250,240" step="2"/><T4/><D39/><U10/><E51/><V32/><F129/><W117/><G117/><T128/><D128/><U7/><E123/><V83/><F130/><W1/><G1/><T50/><D50/><U34/><E114/><V75/><F68/><W124/><G124/><T2/><D2/><U74/><E71/><V132/><F132/><W119/><G119/><T59/><D135/><U121/><E121/><V127/><F127/><W73/><G73/><T85/><D108/><U26/><E74/><V82/><F75/><W17/><G17/><T57/><D64/><U35/><E134/><V40/><F63/><W80/><G80/><T31/><D33/><U14/><E95/><AGARI ba="0,1" hai="5,11,15,43,46,49,60,62,90,95,96,97,101,104" machi="95" ten="40,2600,0" yaku="21,2,53,0" doraHai="30" doraHaiUra="19" who="3" fromWho="1" sc="250,0,250,-26,250,0,240,36" /><INIT seed="1,0,0,5,2,4" ten="250,224,250,276" oya="1" hai0="38,49,116,32,34,71,97,46,86,135,85,105,95" hai1="18,63,54,112,60,26,91,43,94,123,117,9,14" hai2="75,62,1,19,53,113,81,131,0,108,52,66,83" hai3="29,50,100,35,59,132,87,69,27,2,133,39,33"/><U31/><E112/><V74/><F113/><W47/><G69/><T110/><D116/><U64/><E117/><V93/><F108/><W96/><G2/><T44/><D110/><U122/><E43/><V37/><F37/><W89/><G59/><T16/><D71/><U78/><E78/><V58/><F131/><W57/><G57/><T20/><D38/><U21/><E54/><V17/><F93/><W67/><G67/><T125/><D105/><U127/><E127/><V15/><F58/><W40/><G35/><T119/><D119/><U129/><E129/><V134/><F15/><W55/><G55/><T61/><D61/><U65/><E63/><V7/><F7/><W28/><G28/><T118/><D118/><U84/><REACH who="1" step="1"/><E60/><REACH who="1" ten="250,214,250,276" step="2"/><V48/><F62/><W41/><G41/><T68/><D125/><U56/><E56/><V77/><F77/><W45/><G39/><T10/><D68/><U124/><E124/><V30/><F48/><W12/><G50/><T111/><D111/><U23/><E23/><V121/><F53/><W88/><G40/><T128/><D128/><U11/><E11/><V73/><F52/><W80/><G33/><T22/><D34/><U70/><E70/><V13/><F74/><W72/><G72/><T3/><D49/><U99/><E99/><V24/><F73/><W109/><G96/><T25/><D32/><U120/><AGARI ba="0,1" hai="9,14,18,21,26,31,64,65,84,91,94,120,122,123" machi="120" ten="30,6000,0" yaku="1,1,0,1,52,1,53,0" doraHai="4" doraHaiUra="130" who="1" fromWho="1" sc="250,-20,214,70,250,-20,276,-20" /><INIT seed="1,1,0,3,4,55" ten="230,284,230,256" oya="1" hai0="48,29,7,73,120,64,61,98,8,87,60,46,11" hai1="65,3,63,110,22,104,18,128,114,99,53,23,83" hai2="90,62,40,28,96,74,41,71,56,117,37,79,16" hai3="109,54,50,66,84,33,77,124,51,5,130,67,132"/><U105/><E114/><V129/><F117/><W103/><G33/><T126/><D73/><U122/><E122/><V70/><F28/><W88/><G109/><T134/><D126/><U125/><E125/><V100/><F129/><W78/><G124/><T115/><D115/><U113/><E113/><V38/><F90/><W43/><G130/><T19/><D134/><U17/><E128/><V75/><F79/><N who="3" m="30219" /><G132/><T102/><D87/><U118/><E3/><V45/><F40/><W76/><G5/><T59/><D120/><U42/><E83/><V107/><F38/><W123/><G103/><T135/><D7/><U94/><E42/><V121/><F121/><W4/><G4/><T6/><D6/><U93/><E105/><V31/><F31/><W127/><G76/><T133/><D133/><U47/><E104/><V2/><F2/><W106/><G106/><T95/><D29/><U116/><E110/><V14/><F75/><W101/><G101/><T57/><D19/><U85/><E17/><V0/><F0/><W44/><G127/><T92/><D92/><U39/><E18/><V97/><F96/><W80/><G123/><T35/><D35/><U81/><E99/><V91/><F91/><W36/><G36/><T49/><D135/><U1/><E39/><V30/><F30/><W69/><G69/><T108/><D108/><U12/><E1/><V131/><F131/><W72/><G72/><T58/><D46/><AGARI ba="1,0" hai="43,44,46,50,51,54,66,67,80,84,88" m="30219" machi="46" ten="30,2000,0" yaku="8,1,54,1" doraHai="55" who="3" fromWho="0" sc="230,-23,284,0,230,0,256,23" /><INIT seed="2,0,0,2,3,68" ten="207,284,230,279" oya="2" hai0="29,37,19,82,102,48,70,62,11,1,69,86,120" hai1="52,61,47,55,66,25,119,116,7,130,18,127,134" hai2="27,15,58,53,12,113,34,112,135,132,94,93,50" hai3="3,84,111,56,10,28,115,95,14,36,54,21,16"/><V46/><F34/><W133/><G115/><T78/><D120/><U77/><E130/><V89/><F27/><N who="3" m="16495" /><G36/><T131/><D131/><U5/><E134/><N who="2" m="51243" /><F93/><W24/><G3/><T76/><D29/><U65/><E127/><V43/><F12/><W107/><G107/><T39/><D102/><U8/><E25/><V73/><F15/><W0/><G0/><T17/><D48/><U125/><E125/><V109/><F73/><W30/><G133/><T123/><D123/><U49/><E18/><V114/><F94/><W100/><G111/><T103/><D69/><U83/><E5/><V35/><F89/><N who="3" m="53671" /><G100/><T105/><D76/><U91/><E77/><V108/><F35/><W121/><G121/><T126/><D126/><U33/><E33/><V88/><F88/><W104/><G104/><T44/><D1/><U118/><E91/><V2/><F2/><W63/><G30/><T124/><D44/><U79/><E79/><V67/><F67/><W106/><G106/><T101/><D124/><U129/><E129/><V40/><F40/><W122/><G122/><T59/><D103/><U128/><E128/><V51/><AGARI ba="0,0" hai="43,46,50,51,53,58,108,109,112,113,114" m="51243" machi="51" ten="40,7800,0" yaku="20,1,34,2" doraHai="68" who="2" fromWho="2" sc="207,-26,284,-26,230,78,279,-26" /><INIT seed="2,1,0,3,0,41" ten="181,258,308,253" oya="2" hai0="39,82,43,101,78,32,127,23,48,96,94,60,133" hai1="54,62,126,109,18,71,95,68,77,21,115,112,19" hai2="120,4,134,88,129,128,11,118,42,56,124,117,63" hai3="3,66,37,102,64,5,90,26,122,125,27,69,47"/><V24/><F120/><W22/><G122/><T119/><D133/><U74/><E109/><V53/><F134/><W98/><G125/><T40/><D32/><U91/><E126/><V103/><F124/><W15/><G3/><T12/><D127/><U76/><E18/><V58/><F103/><W50/><G90/><T44/><D119/><U51/><E62/><V84/><F24/><W6/><G37/><T9/><D23/><U110/><E110/><V10/><F56/><W135/><G135/><T113/><D113/><U92/><E92/><V121/><F121/><W7/><G15/><T35/><D35/><U89/><E89/><V87/><F87/><W31/><G69/><T85/><D60/><U45/><E71/><V57/><F58/><W99/><G27/><T34/><D34/><U16/><E68/><V46/><F117/><W116/><G116/><T2/><D2/><U1/><E19/><V108/><F108/><W30/><G30/><T38/><REACH who="0" step="1"/><D43/><REACH who="0" ten="171,258,308,253" step="2"/><U67/><E1/><V79/><F118/><W72/><G22/><T29/><D29/><U106/><E21/><V25/><F42/><W114/><G114/><T33/><D33/><U105/><E112/><V100/><F63/><W130/><G31/><T14/><D14/><U0/><E0/><V61/><F61/><W49/><G26/><T75/><D75/><U86/><E74/><V111/><F25/><W52/><G72/><T8/><D8/><U97/><E115/><V13/><F13/><W104/><G130/><T93/><D93/><U80/><E95/><V107/><F111/><W59/><G104/><RYUUKYOKU ba="1,1" sc="171,30,258,-10,308,-10,253,-10" hai0="9,12,38,39,40,44,48,78,82,85,94,96,101" /><INIT seed="3,2,1,0,4,43" ten="201,248,298,243" oya="3" hai0="44,19,10,13,38,130,100,37,63,47,93,129,91" hai1="68,69,49,118,3,57,120,112,95,94,17,36,31" hai2="70,127,48,34,54,59,56,96,72,89,64,132,134" hai3="88,9,62,58,2,52,5,0,50,42,6,79,109"/><W35/><G35/><T40/><D100/><U90/><E120/><V30/><F72/><W51/><G109/><T126/><D126/><U67/><E36/><V108/><F70/><W98/><G79/><T27/><D63/><U33/><E112/><V131/><F127/><W15/><G6/><T4/><D37/><U39/><E39/><V71/><F71/><W77/><G77/><T53/><D27/><U128/><E3/><V26/><F108/><W24/><G24/><T121/><D121/><U122/><E31/><V8/><F8/><W60/><G2/><T46/><D4/><U74/><E74/><V83/><F131/><N who="0" m="50186" /><D53/><U12/><E33/><V105/><F105/><W92/><G0/><T119/><D119/><U29/><E118/><V20/><F34/><W114/><G114/><T22/><D10/><U102/><E102/><V116/><F116/><W76/><G76/><T87/><AGARI ba="2,1" hai="13,19,22,38,40,44,46,47,87,91,93" m="50186" machi="87" ten="30,7900,0" yaku="19,1,52,3" doraHai="43" who="0" fromWho="0" sc="201,95,248,-22,298,-22,243,-41" /><INIT seed="4,0,0,1,4,39" ten="296,226,276,202" oya="0" hai0="123,116,96,74,51,8,5,54,115,12,16,57,46" hai1="82,118,112,122,88,86,125,56,68,85,44,36,131" hai2="3,110,117,79,126,92,75,0,2,129,42,107,52" hai3="33,43,38,35,26,71,99,13,67,66,14,7,64"/><T76/><D116/><U11/><E68/><V130/><F110/><W47/><G71/><T30/><D123/><U128/><E118/><V65/><F107/><W102/><G7/><T105/><D115/><U29/><E122/><V101/><F117/><W87/><G87/><T6/><D30/><U15/><E112/><V61/><F126/><W17/><G26/><T58/><D74/><U81/><E125/><V93/><F42/><W34/><REACH who="3" step="1"/><G17/><REACH who="3" ten="296,226,276,192" step="2"/><T37/><D5/><U103/><E29/><V23/><F75/><W100/><G100/><T127/><D6/><U72/><E103/><V78/><F101/><W41/><G41/><T53/><D127/><U40/><E72/><V135/><F0/><W77/><G77/><T95/><D76/><U73/><E73/><V80/><F78/><W4/><G4/><T50/><D105/><AGARI ba="0,1" hai="13,14,33,34,35,38,43,47,64,66,67,99,102,105" machi="105" ten="50,3200,0" yaku="1,1,52,1,53,0" doraHai="39" doraHaiUra="132" who="3" fromWho="0" sc="296,-32,226,0,276,0,192,42" /><INIT seed="5,0,0,1,2,43" ten="264,226,276,234" oya="1" hai0="124,1,2,54,120,53,38,4,19,74,108,70,92" hai1="63,27,105,18,88,33,103,84,23,39,44,66,36" hai2="40,114,99,133,48,123,12,98,15,118,5,89,51" hai3="56,31,128,49,72,64,59,91,34,61,96,6,47"/><U68/><E33/><V125/><F118/><W67/><G72/><T57/><D108/><U32/><E32/><V122/><F125/><W16/><G128/><T82/><D38/><U52/><E103/><V113/><F133/><W21/><G6/><T76/><D70/><U9/><E105/><V119/><F119/><W14/><G34/><T13/><D124/><U79/><E79/><V94/><F99/><W41/><G31/><T3/><D120/><U83/><REACH who="1" step="1"/><E9/><REACH who="1" ten="264,216,276,234" step="2"/><V85/><F122/><W7/><G7/><T11/><D92/><U35/><E35/><V106/><F5/><W65/><G61/><T81/><D81/><U135/><E135/><V17/><F94/><AGARI ba="0,1" hai="14,16,21,41,47,49,56,59,64,65,67,91,94,96" machi="94" ten="40,5200,0" yaku="8,1,52,1,54,1" doraHai="43" who="3" fromWho="2" sc="264,0,216,0,276,-52,234,62" /><INIT seed="6,0,0,3,0,93" ten="264,216,224,296" oya="2" hai0="78,65,8,14,106,77,129,108,7,88,135,123,132" hai1="81,31,41,52,0,29,23,4,128,101,74,107,10" hai2="2,6,134,45,12,64,112,85,130,121,104,69,103" hai3="57,46,110,87,67,20,92,43,63,38,89,90,59"/><V42/><F121/><W1/><G110/><T80/><D108/><U13/><E128/><V72/><F72/><W19/><G1/><T98/><D65/><U97/><E41/><V27/><F2/><W75/><G75/><T47/><D47/><U120/><E120/><V99/><F130/><W66/><G90/><T70/><D70/><U125/><E125/><V68/><F134/><N who="0" m="51242" /><D123/><U22/><E52/><V18/><F112/><W133/><G133/><T124/><D124/><U3/><E3/><V25/><F85/><W49/><G38/><T32/><D32/><U84/><E74/><V55/><F55/><N who="3" m="34239" /><G59/><T58/><D58/><U95/><E107/><V54/><F54/><W82/><G82/><T9/><D9/><U71/><E71/><V34/><F34/><W115/><G115/><T5/><D5/><U86/><E86/><V91/><F6/><W30/><G30/><N who="1" m="11274" /><E0/><V24/><F91/><AGARI ba="0,0" hai="4,10,13,22,23,81,84,91,95,97,101" m="11274" machi="91" ten="30,2000,0" yaku="8,1,52,1" doraHai="93" who="1" fromWho="2" sc="264,0,216,20,224,-20,296,0" /><INIT seed="7,0,0,4,1,29" ten="264,236,204,296" oya="3" hai0="106,81,87,104,129,18,101,15,31,117,44,119,131" hai1="69,77,95,57,75,99,60,74,41,6,40,70,46" hai2="65,86,113,14,78,33,34,0,55,22,120,130,91" hai3="24,37,134,122,89,124,43,53,39,71,64,54,103"/><W51/><G122/><T63/><D31/><U2/><E6/><V48/><F0/><W133/><G124/><T109/><D63/><U112/><E2/><V9/><F120/><W30/><G103/><T97/><D44/><U114/><E70/><V38/><F38/><N who="3" m="14347" /><G89/><N who="0" m="51439" /><D18/><U107/><E107/><V105/><F105/><W8/><G8/><T59/><D59/><U50/><E40/><V80/><F113/><N who="1" m="43625" /><E77/><V132/><F130/><N who="0" m="49674" /><D15/><U3/><E69/><V11/><F132/><W118/><G71/><T92/><D109/><U4/><E4/><V76/><F65/><W111/><G64/><T16/><D16/><U83/><E83/><V115/><F115/><W35/><G111/><T102/><D104/><U84/><E84/><V56/><F22/><W27/><G27/><T20/><D106/><U67/><E3/><V96/><F9/><W82/><G43/><T125/><D125/><U85/><E67/><V116/><F116/><W49/><G118/><N who="0" m="45067" /><D20/><U21/><E21/><V73/><F96/><W90/><G54/><T127/><D127/><U5/><E99/><V100/><F100/><AGARI ba="0,0" hai="92,97,100,101,102" m="45067,49674,51439" machi="100" ten="30,3900,0" yaku="19,1,34,2" doraHai="29" who="0" fromWho="2" sc="264,39,236,0,204,-39,296,0" owari="303,40.3,236,-16.4,165,-33.5,296,9.6" /></mjloggm>