<mjloggm ver="2.3"><GO type="225" lobby="0"/><UN n0="%6D%75%75%73%61%6E%6D%75" n1="%E3%81%99%E3%81%84%E3%81%BE%E3%81%9B%E3%83%BC%E3%82%93" n2="%72%69%6F%75%63%68%61%6E" n3="%E6%9D%B1%E9%A2%A8%E3%81%AE%E3%81%8D%E3%82%83%E3%81%B7%E3%81%95%E3%82%93" dan="16,18,16,17" rate="2079.68,2206.35,2195.38,2216.22" sx="F,M,M,M"/><TAIKYOKU oya="0"/><INIT seed="0,0,0,1,2,43" ten="250,250,250,250" oya="0" hai0="18,114,8,12,110,113,109,5,31,90,86,92,83" hai1="88,54,79,91,36,46,49,50,93,35,1,17,103" hai2="67,48,62,32,65,25,105,97,123,16,107,133,130" hai3="59,47,24,19,122,22,40,120,81,10,60,100,28"/><T85/><D31/><U15/><E1/><V82/><F123/><N who="3" m="47147" /><G100/><T125/><D125/><U4/><E35/><V99/><F130/><W118/><G81/><T69/><D69/><U94/><E4/><V112/><F112/><W116/><G10/><T30/><D30/><U96/><E36/><V3/><F3/><W26/><G59/><T23/><D113/><U13/><E79/><V111/><F111/><W127/><G60/><T7/><D114/><U68/><E68/><V73/><F133/><W38/><G127/><T9/><D9/><N who="1" m="6319" /><E94/><V44/><F107/><W39/><G39/><T55/><D55/><N who="1" m="30135" /><E15/><V51/><F105/><W45/><G45/><AGARI ba="0,0" hai="45,50,54,88,91,93,96,103" m="30135,6319" machi="45" ten="30,7700,0" yaku="8,1,52,2,54,1" doraHai="43" who="1" fromWho="3" sc="250,0,250,77,250,0,250,-77" /><INIT seed="1,0,0,5,2,4" ten="250,327,250,173" oya="1" hai0="32,13,115,110,130,122,3,69,120,56,16,23,50" hai1="81,10,52,126,18,103,74,131,59,111,104,51,100" hai2="46,64,113,118,61,102,7,20,40,41,5,0,24" hai3="82,77,132,48,44,72,76,65,15,119,129,108,60"/><U101/><E126/><V22/><F118/><W38/><G38/><T127/><D115/><U135/><E135/><V27/><F113/><W35/><G35/><T93/><D69/><U90/><E131/><V91/><F102/><W92/><G132/><T21/><D130/><U25/><E111/><V134/><F134/><W94/><G129/><T42/><D32/><U53/><E104/><V105/><F105/><W112/><G119/><T79/><D110/><U121/><E121/><N who="0" m="46697" /><D3/><U109/><E109/><V54/><F54/><W6/><G76/><T96/><D127/><U26/><E53/><V67/><F91/><W125/><G125/><T45/><D79/><U39/><E39/><V11/><F61/><W19/><G6/><N who="2" m="2057" /><F11/><W124/><G124/><T17/><D56/><U30/><E30/><N who="2" m="17671" /><F0/><W1/><G1/><T88/><D17/><U106/><E106/><V99/><F99/><W12/><G12/><T116/><D116/><U66/><E66/><N who="2" m="25131" /><F46/><W29/><G29/><AGARI ba="0,0" hai="22,27,29,40,41" m="25131,17671,2057" machi="29" ten="30,1000,0" yaku="8,1" doraHai="4" who="2" fromWho="3" sc="250,0,327,0,250,10,173,-10" /><INIT seed="2,0,0,3,0,13" ten="250,327,260,163" oya="2" hai0="131,37,132,50,78,102,24,63,76,42,21,123,19" hai1="23,75,35,11,99,33,25,32,18,27,6,115,56" hai2="117,80,36,53,126,71,66,1,84,16,55,83,34" hai3="81,41,48,100,94,15,89,8,90,43,128,120,68"/><V91/><F117/><W61/><G128/><T104/><D123/><U59/><E75/><V112/><F112/><W96/><G120/><T92/><D131/><U103/><E25/><V12/><F1/><W86/><G68/><T73/><D132/><U2/><REACH who="1" step="1"/><E115/><REACH who="1" ten="250,317,260,163" step="2"/><V116/><F116/><W67/><G100/><T87/><D73/><U60/><E60/><V74/><F74/><W113/><G113/><T134/><D63/><U69/><E69/><V54/><F34/><W111/><G111/><T46/><D134/><U106/><AGARI ba="0,1" hai="2,6,11,18,23,27,32,33,35,56,59,99,103,106" machi="106" ten="30,7900,0" yaku="1,1,0,1,52,1,53,1" doraHai="13" doraHaiUra="98" who="1" fromWho="1" sc="250,-20,317,89,260,-39,163,-20" /><INIT seed="3,0,0,4,2,51" ten="230,406,221,143" oya="3" hai0="84,8,33,63,28,97,41,5,12,127,19,13,32" hai1="66,75,17,135,87,101,110,53,133,114,86,1,85" hai2="83,106,131,18,48,56,102,77,61,64,70,68,10" hai3="69,109,31,39,119,62,34,65,130,95,103,78,46"/><W52/><G119/><T23/><D127/><U121/><E110/><V38/><F38/><W59/><G78/><T100/><D41/><U90/><E1/><V43/><F131/><W124/><G124/><T98/><D98/><U42/><E75/><V74/><F106/><W123/><G123/><T122/><D122/><U45/><E114/><V50/><F102/><W16/><G130/><T117/><D117/><U88/><E121/><V128/><F128/><W79/><G109/><T24/><D63/><U29/><E53/><V49/><REACH who="2" step="1"/><F43/><REACH who="2" ten="230,406,211,143" step="2"/><N who="3" m="22911" /><G79/><T112/><D112/><U35/><E66/><V0/><F0/><W36/><G36/><T47/><D47/><U132/><E17/><V40/><F40/><W104/><G104/><T126/><D126/><U6/><E101/><V111/><F111/><W89/><G103/><T21/><D84/><U2/><E29/><V96/><F96/><N who="3" m="57455" /><G31/><T7/><D7/><U37/><E35/><V67/><F67/><W93/><G34/><T60/><D60/><U80/><E90/><V58/><F58/><W44/><G44/><T11/><D33/><U73/><E73/><V9/><F9/><AGARI ba="0,1" hai="2,6,9,37,42,45,80,85,86,87,88,132,133,135" machi="9" ten="40,2600,0" yaku="20,1,54,1" doraHai="51" who="1" fromWho="2" sc="230,0,406,36,211,-26,143,0" owari="230,3.0,442,54.2,185,-21.5,143,-35.7" /></mjloggm>