<mjloggm ver="2.3"><GO type="225" lobby="0"/><UN n0="%E3%82%B2%E3%82%B9%E8%8C%82%E5%8B%9D" n1="%2D%E8%B1%8A%E5%8F%A3%E3%82%81%E3%81%90%E3%81%BF%2D" n2="%E7%99%BD%E9%9B%AA%E4%B9%83%E6%84%9B" n3="%6D%75%75%6D%75%72%61" dan="16,17,16,16" rate="2047.03,2133.44,2060.32,2109.07" sx="F,F,F,F"/><TAIKYOKU oya="0"/><INIT seed="0,0,0,1,0,32" ten="250,250,250,250" oya="0" hai0="14,1,92,31,42,12,17,124,115,69,49,51,37" hai1="93,22,23,105,71,38,76,46,85,106,110,28,34" hai2="75,122,55,66,116,112,27,104,4,120,13,56,125" hai3="29,82,54,88,8,70,50,16,11,73,97,10,89"/><T121/><D115/><U62/><E110/><V81/><F112/><W35/><G70/><T117/><D69/><U7/><E34/><V80/><F104/><W100/><G35/><T127/><D117/><U86/><E7/><V68/><F125/><N who="0" m="48202" /><D121/><U21/><E28/><V84/><F116/><W101/><G29/><T48/><D31/><U44/><E76/><V2/><F27/><W74/><G74/><T52/><D92/><U91/><E86/><V5/><F66/><W131/><G131/><T119/><D119/><U3/><E3/><V134/><F68/><W47/><G73/><T98/><D98/><U65/><REACH who="1" step="1"/><E46/><REACH who="1" ten="250,240,250,250" step="2"/><V72/><F84/><N who="3" m="50199" /><G16/><T132/><D1/><U67/><E67/><V135/><F2/><W96/><G96/><T15/><D132/><U79/><E79/><V77/><F77/><W61/><G61/><T63/><D63/><U126/><E126/><V19/><F72/><W40/><G40/><AGARI ba="0,1" hai="21,22,23,38,40,44,62,65,71,85,91,93,105,106" machi="40" ten="40,1300,0" yaku="1,1,53,0" doraHai="32" doraHaiUra="20" who="1" fromWho="3" sc="250,0,240,23,250,0,250,-13" /><INIT seed="1,0,0,0,2,2" ten="250,263,250,237" oya="1" hai0="64,121,81,123,61,117,1,62,94,58,131,127,116" hai1="30,55,3,92,52,12,7,27,101,126,70,36,22" hai2="51,95,115,56,45,24,19,75,48,9,33,28,128" hai3="11,5,49,132,89,39,41,25,65,69,102,103,66"/><U105/><E105/><V14/><F75/><W60/><G132/><T100/><D1/><U32/><E36/><V82/><F128/><W98/><G39/><T96/><D131/><U124/><E70/><V83/><F115/><W44/><G66/><T6/><D6/><U29/><E29/><V122/><F122/><N who="0" m="46602" /><D127/><N who="1" m="48683" /><E3/><V67/><F95/><W54/><G41/><T77/><D61/><U76/><E76/><V0/><F0/><W26/><G89/><T85/><AGARI ba="0,0" hai="58,62,64,77,81,85,94,96,100,116,117" m="46602" machi="85" ten="30,1100,0" yaku="13,1" doraHai="2" who="0" fromWho="0" sc="250,11,263,-5,250,-3,237,-3" /><INIT seed="2,0,0,4,1,56" ten="261,258,247,234" oya="2" hai0="129,86,124,32,47,85,31,114,35,128,5,103,45" hai1="1,68,102,61,107,84,98,36,30,28,69,41,65" hai2="100,120,105,50,96,7,34,113,19,58,57,55,90" hai3="83,99,93,54,101,64,134,49,116,74,25,94,82"/><V39/><F113/><W97/><G134/><T59/><D124/><U3/><E69/><V80/><F120/><W27/><G116/><T89/><D114/><U75/><E84/><V91/><F39/><W24/><G64/><T132/><D132/><U72/><E30/><V6/><F34/><W8/><G8/><T106/><D5/><U14/><E14/><V53/><F19/><W33/><G33/><T17/><D17/><U2/><E28/><V110/><F110/><W13/><G13/><T52/><D103/><U9/><E9/><V62/><REACH who="2" step="1"/><F80/><REACH who="2" ten="261,258,237,234" step="2"/><W51/><G74/><T42/><D35/><U119/><E119/><V22/><F22/><W104/><G104/><T77/><D106/><U126/><E126/><V40/><F40/><W66/><G66/><T133/><D133/><U130/><E130/><V70/><F70/><W63/><G83/><N who="0" m="47343" /><D42/><U4/><E4/><AGARI ba="0,1" hai="4,6,7,50,53,55,57,58,62,90,91,96,100,105" machi="4" ten="40,3900,0" yaku="1,1,52,1,53,0" doraHai="56" doraHaiUra="117" who="2" fromWho="1" sc="261,0,258,-39,237,49,234,0" /><INIT seed="2,1,0,5,5,115" ten="261,219,286,234" oya="2" hai0="3,105,97,22,34,118,68,123,42,11,66,2,20" hai1="36,135,28,12,110,14,104,35,90,52,111,70,38" hai2="40,43,129,130,101,93,131,69,74,54,44,76,17" hai3="4,91,50,61,112,84,89,99,98,58,77,103,124"/><V102/><F69/><W75/><G112/><T51/><D34/><U65/><E104/><V85/><F74/><W49/><G124/><T45/><D123/><U21/><E135/><V117/><F117/><W25/><G75/><T6/><D2/><U114/><E114/><V120/><F120/><W96/><G103/><N who="2" m="39433" /><F17/><W122/><G122/><T10/><D11/><U19/><E12/><V29/><F29/><W133/><G133/><T0/><D0/><U83/><E65/><V33/><F33/><W125/><G125/><T16/><D97/><U94/><E83/><N who="2" m="47335" /><F93/><W41/><G4/><T62/><D105/><U7/><E70/><V27/><F27/><W82/><G25/><T31/><D31/><U86/><E7/><V80/><F80/><W37/><G37/><T73/><D73/><U5/><E5/><V63/><F63/><W59/><G59/><T24/><REACH who="0" step="1"/><D20/><REACH who="0" ten="251,219,286,234" step="2"/><U72/><E72/><V46/><F131/><W100/><G100/><T78/><D78/><U23/><E23/><V121/><F121/><W126/><G126/><T13/><D13/><U30/><E30/><V108/><F130/><W88/><REACH who="3" step="1"/><G41/><REACH who="3" ten="251,219,286,224" step="2"/><T18/><D18/><U1/><E19/><V15/><F40/><W8/><G8/><T107/><D107/><U79/><E28/><V26/><F43/><W81/><G81/><T47/><D47/><U95/><E1/><V134/><F44/><W119/><G119/><AGARI ba="1,2" hai="3,6,10,16,22,24,42,45,51,62,66,68,118,119" machi="119" ten="40,8000,1" yaku="1,1,52,2,54,1,53,0" doraHai="115" doraHaiUra="87" who="0" fromWho="3" sc="251,103,219,0,286,0,224,-83" /><INIT seed="3,0,0,4,0,83" ten="354,219,286,141" oya="3" hai0="64,16,130,15,85,132,58,86,67,128,122,113,33" hai1="43,81,53,29,6,17,73,27,76,48,91,104,80" hai2="62,2,51,82,125,97,22,36,13,55,31,18,116" hai3="25,21,49,42,3,30,119,61,72,4,89,71,79"/><W38/><G119/><T74/><D122/><U60/><E104/><V124/><F116/><W14/><G38/><T11/><D132/><U107/><E107/><V63/><F36/><W123/><G123/><T105/><D105/><U39/><E6/><V78/><F2/><W92/><G3/><T103/><D103/><U23/><E60/><V1/><F1/><W37/><G37/><T115/><D74/><U5/><E5/><V59/><F97/><W96/><G79/><T109/><D109/><U127/><E127/><V111/><F31/><W102/><G72/><T41/><D41/><U98/><E43/><V75/><F111/><W114/><G114/><N who="0" m="43531" /><D33/><U66/><E66/><N who="0" m="25129" /><D58/><U45/><E39/><V9/><F9/><W10/><G61/><T134/><D134/><U135/><E135/><V120/><F120/><W110/><G110/><T88/><D85/><U101/><E101/><V90/><F90/><W12/><G102/><T34/><D34/><U77/><E98/><V68/><F68/><W93/><G71/><T69/><D69/><U0/><E91/><V56/><F51/><W32/><G32/><T24/><D24/><U117/><E117/><V118/><F118/><W87/><G12/><T70/><D70/><U99/><E99/><V28/><F28/><W8/><G8/><T94/><AGARI ba="0,0" hai="11,15,16,86,88,94,128,130" m="25129,43531" machi="94" ten="30,7900,0" yaku="11,1,52,1,54,2" doraHai="83" who="0" fromWho="0" sc="354,79,219,-20,286,-20,141,-39" owari="433,53.3,199,-20.1,266,6.6,102,-39.8" /></mjloggm>