<mjloggm ver="2.3"><GO type="225" lobby="0"/><UN n0="%E3%81%BF%E3%81%BF%E3%81%9A" n1="%E3%81%B5%E3%81%98%E3%81%8B%E3%81%A4" n2="%E6%A1%9C%E8%8A%B1%E9%96%83%E3%80%85" n3="%E3%81%86%E3%81%A9%E3%82%93%E3%81%93" dan="17,16,16,16" rate="2242.29,2213.00,2119.62,2195.59" sx="M,M,M,M"/><TAIKYOKU oya="0"/><INIT seed="0,0,0,4,2,65" ten="250,250,250,250" oya="0" hai0="20,67,36,49,10,97,100,37,121,61,58,55,125" hai1="23,40,109,120,4,54,45,80,39,115,73,47,92" hai2="27,56,32,90,77,78,43,124,71,11,6,85,38" hai3="110,130,59,62,87,12,88,26,16,35,75,103,57"/><T53/><D121/><U79/><E120/><V28/><F124/><W96/><G75/><T129/><D125/><U13/><E109/><V25/><F56/><W5/><G110/><T89/><D129/><U29/><E115/><V111/><F111/><W94/><G130/><T52/><D89/><U48/><E92/><V1/><F71/><W44/><G5/><T116/><D116/><U95/><E95/><V135/><F135/><W84/><G84/><T41/><D20/><U2/><E29/><V9/><F27/><W91/><G91/><T104/><REACH who="0" step="1"/><D10/><REACH who="0" ten="240,250,250,250" step="2"/><N who="1" m="2327" /><E13/><V60/><F11/><W119/><G119/><T50/><D50/><U106/><E106/><V76/><F90/><W46/><G35/><T15/><D15/><U8/><E8/><V117/><F117/><W122/><G122/><T101/><D101/><U74/><E74/><V30/><F32/><W7/><G103/><T69/><D69/><U3/><E3/><V93/><F1/><W83/><G83/><T42/><D42/><U21/><AGARI ba="0,1" hai="21,23,39,40,45,47,48,54,73,79,80" m="2327" machi="21" ten="30,1100,0" yaku="25,1" doraHai="65" who="1" fromWho="1" sc="240,-5,250,21,250,-3,250,-3" /><INIT seed="1,0,0,1,1,15" ten="235,271,247,247" oya="1" hai0="72,43,92,57,91,121,98,4,100,106,48,96,60" hai1="59,78,41,119,39,124,6,42,93,9,84,120,19" hai2="97,25,62,107,73,45,81,85,49,26,110,114,22" hai3="32,56,99,24,54,67,44,1,64,88,69,27,94"/><U135/><E119/><V53/><F110/><W11/><G69/><T34/><D121/><U103/><E120/><V71/><F73/><W128/><G128/><T18/><D72/><U52/><E124/><V29/><F114/><W115/><G115/><T3/><D34/><U109/><E39/><V23/><F107/><W28/><G44/><T63/><D3/><U82/><E135/><V112/><F112/><W123/><G123/><T14/><D4/><U90/><E103/><V132/><F97/><W31/><G11/><T33/><D33/><U116/><E116/><V12/><F12/><W89/><G1/><T74/><D74/><U55/><E6/><V70/><F62/><W2/><G2/><T38/><D38/><U113/><E113/><V7/><F7/><W51/><REACH who="3" step="1"/><G89/><REACH who="3" ten="235,271,247,237" step="2"/><T131/><D131/><U5/><E109/><V36/><F132/><W95/><G95/><N who="0" m="56447" /><D106/><U101/><E101/><V105/><F105/><W133/><G133/><T86/><D86/><N who="1" m="48471" /><E5/><V129/><F129/><W65/><G65/><T104/><D104/><U17/><E9/><V13/><F71/><W8/><G8/><N who="0" m="6471" /><D57/><U111/><E111/><V37/><F70/><W134/><G134/><T30/><D30/><U80/><E93/><V61/><F29/><W68/><G68/><T20/><D20/><AGARI ba="0,1" hai="20,24,27,28,31,32,51,54,56,64,67,88,94,99" machi="20" ten="30,3900,0" yaku="1,1,7,1,54,1,53,0" doraHai="15" doraHaiUra="122" who="3" fromWho="0" sc="235,-39,271,0,247,0,237,49" /><INIT seed="2,0,0,0,5,77" ten="196,271,247,286" oya="2" hai0="20,9,14,31,89,67,26,132,112,133,130,125,57" hai1="75,52,6,115,95,4,86,13,108,117,43,22,38" hai2="36,21,100,50,32,23,106,0,73,2,83,54,79" hai3="119,8,114,66,51,70,44,121,27,12,61,101,84"/><V71/><F32/><W134/><G119/><T63/><D112/><U11/><E117/><V107/><F36/><W118/><G118/><T46/><D130/><U55/><E115/><V37/><F37/><W62/><G114/><T127/><D46/><U18/><E75/><V78/><F71/><W76/><G134/><T65/><D65/><U103/><E108/><V122/><F122/><W47/><G121/><T123/><D123/><U105/><E105/><V10/><F10/><W92/><G61/><T39/><D39/><U40/><E4/><V74/><F100/><W60/><G60/><T48/><D48/><U35/><E35/><V124/><F124/><W104/><G104/><T116/><D116/><U96/><E86/><V80/><F54/><N who="1" m="20521" /><E38/><V91/><F91/><W120/><G120/><T81/><D127/><U98/><E96/><V88/><F88/><W126/><G126/><T1/><D1/><U17/><E6/><V109/><F50/><W56/><G70/><T102/><D102/><U97/><E97/><V99/><F99/><N who="3" m="59623" /><G27/><AGARI ba="0,0" hai="11,13,17,18,22,27,40,43,95,98,103" m="20521" machi="27" ten="30,2000,0" yaku="8,1,54,1" doraHai="77" who="1" fromWho="3" sc="196,0,271,20,247,0,286,-20" /><INIT seed="3,0,0,4,4,132" ten="196,291,247,266" oya="3" hai0="52,100,118,77,72,76,4,14,113,90,67,64,86" hai1="93,89,51,68,109,39,15,7,1,0,32,80,26" hai2="31,62,37,19,50,18,92,47,12,106,104,91,21" hai3="24,17,2,3,44,60,134,49,103,16,57,87,30"/><W110/><G134/><T99/><D118/><U78/><E68/><V41/><F37/><W123/><G123/><T97/><D113/><U131/><E39/><V10/><F62/><W38/><G38/><T43/><D43/><U9/><E51/><V29/><F104/><W8/><G110/><T13/><D72/><U42/><E42/><V84/><REACH who="2" step="1"/><F106/><REACH who="2" ten="196,291,237,266" step="2"/><W61/><G61/><T115/><D115/><U54/><E109/><V128/><F128/><W108/><G108/><T25/><D100/><U111/><E131/><V116/><F116/><W120/><G120/><T124/><D4/><U53/><E111/><V133/><F133/><W35/><G103/><T63/><D63/><U23/><E7/><V85/><F85/><W101/><G101/><T79/><D25/><AGARI ba="0,1" hai="10,12,18,19,21,25,29,31,41,47,50,84,91,92" machi="25" ten="30,3900,0" yaku="1,1,7,1,8,1,53,0" doraHai="132" doraHaiUra="56" who="2" fromWho="0" sc="196,-39,291,0,237,49,266,0" /><INIT seed="4,0,0,4,1,135" ten="157,291,286,266" oya="0" hai0="109,80,130,46,90,45,7,117,35,126,106,77,110" hai1="91,48,13,97,44,15,115,100,2,75,54,76,67" hai2="24,119,99,92,86,60,94,8,84,49,128,107,81" hai3="39,34,105,50,11,14,82,79,114,16,127,74,83"/><T27/><D117/><U120/><E120/><V64/><F119/><W111/><G111/><N who="0" m="42507" /><D130/><U133/><E2/><V70/><F128/><W21/><G39/><T87/><D7/><U10/><E67/><V123/><F123/><W41/><G34/><T85/><D106/><U108/><E108/><V103/><F86/><W9/><G114/><T22/><D35/><U36/><E115/><V122/><F122/><W96/><G127/><T101/><D101/><U26/><E26/><V37/><F37/><W43/><G105/><T98/><D98/><U66/><E66/><V42/><F8/><W20/><G96/><T56/><D56/><U113/><E133/><V89/><REACH who="2" step="1"/><F24/><REACH who="2" ten="157,291,276,266" step="2"/><W4/><G9/><T93/><D126/><U23/><E10/><V25/><F25/><W28/><G28/><AGARI ba="0,1" hai="22,27,28,45,46,77,80,85,87,90,93" m="42507" machi="28" ten="30,1500,0" yaku="10,1" doraHai="135" who="0" fromWho="3" sc="157,25,291,0,276,0,266,-15" /><INIT seed="4,1,0,0,0,12" ten="182,291,276,251" oya="0" hai0="42,7,124,102,13,92,104,88,22,4,125,70,131" hai1="103,90,123,26,10,55,53,97,41,119,116,46,122" hai2="54,81,128,36,31,109,74,15,61,73,111,62,2" hai3="18,65,0,120,21,113,20,50,89,86,108,40,33"/><T66/><D131/><U105/><E119/><V52/><F2/><W38/><G33/><T101/><D42/><U59/><E116/><V17/><F36/><W25/><G108/><T135/><D135/><U37/><E55/><V71/><F31/><W6/><G38/><T106/><D66/><U77/><E77/><V129/><F81/><W98/><G113/><T84/><D70/><U32/><E90/><V64/><F73/><W132/><G98/><T24/><D102/><U96/><E96/><V87/><F87/><W60/><G132/><T117/><D117/><U93/><E93/><V56/><F54/><W121/><G6/><N who="0" m="2091" /><D13/><U99/><E10/><N who="2" m="6391" /><F74/><W14/><G0/><T34/><D101/><U49/><E99/><V85/><F85/><W133/><G133/><T110/><D34/><U126/><E126/><N who="0" m="48745" /><D110/><U51/><E37/><V112/><F112/><W134/><G134/><T58/><D58/><U39/><E39/><V69/><F69/><W5/><G50/><T91/><D91/><U114/><E114/><V30/><F30/><AGARI ba="1,0" hai="22,24,30,84,88,92,104,106" m="48745,2091" machi="30" ten="30,2900,0" yaku="18,1,54,1" doraHai="12" who="0" fromWho="2" sc="182,32,291,0,276,-32,251,0" /><INIT seed="4,2,0,4,2,1" ten="214,291,244,251" oya="0" hai0="130,31,102,95,33,32,48,63,55,57,91,65,87" hai1="54,108,26,122,99,20,116,24,76,6,43,126,15" hai2="86,73,110,109,23,128,36,131,74,46,10,92,115" hai3="125,39,45,13,112,7,83,3,135,67,49,88,27"/><T79/><D130/><N who="2" m="49706" /><F23/><W104/><G39/><T129/><D129/><U105/><E108/><N who="2" m="41579" /><F115/><W40/><G112/><T101/><D79/><U34/><E76/><V17/><F17/><W103/><G3/><T2/><D2/><U121/><E43/><N who="2" m="22887" /><F10/><N who="3" m="4319" /><G104/><T35/><REACH who="0" step="1"/><D31/><REACH who="0" ten="204,291,244,251" step="2"/><U22/><E122/><V114/><F114/><W56/><G135/><T64/><D64/><U78/><E78/><V93/><F86/><W16/><G67/><T44/><AGARI ba="2,1" hai="32,33,35,44,48,55,57,63,65,87,91,95,101,102" machi="44" ten="30,6000,0" yaku="1,1,0,1,53,1" doraHai="1" doraHaiUra="58" who="0" fromWho="0" sc="204,76,291,-22,244,-22,251,-22" /><INIT seed="4,3,0,4,4,75" ten="280,269,222,229" oya="0" hai0="135,32,4,16,79,13,99,45,3,42,12,8,14" hai1="80,77,47,65,73,93,91,2,20,59,128,108,66" hai2="55,83,85,56,9,41,119,39,111,117,122,89,87" hai3="64,110,72,115,5,60,25,107,131,19,106,102,100"/><T120/><D120/><U0/><E108/><V53/><F111/><W31/><G110/><T10/><D135/><U7/><E128/><V78/><F122/><W124/><G72/><T40/><D79/><U98/><E47/><N who="2" m="23999" /><F9/><W35/><G131/><T44/><D32/><U71/><E71/><V33/><F33/><W68/><G115/><T129/><D129/><U116/><E116/><N who="2" m="44619" /><F56/><W51/><G124/><T28/><D28/><U46/><E59/><V81/><AGARI ba="3,0" hai="53,55,78,81,83,85,87,89" m="44619,23999" machi="81" ten="30,2000,0" yaku="12,1,52,1" doraHai="75" who="2" fromWho="2" sc="280,-13,269,-8,222,29,229,-8" /><INIT seed="5,0,0,1,4,110" ten="267,261,251,221" oya="1" hai0="47,28,87,89,91,62,50,21,109,30,76,126,57" hai1="16,10,31,63,14,54,88,124,56,121,3,46,68" hai2="65,130,1,34,22,60,79,97,120,6,115,55,41" hai3="127,67,13,128,125,81,11,135,116,35,44,4,94"/><U102/><E121/><V86/><F34/><W64/><G35/><T20/><D126/><N who="3" m="48137" /><G116/><T108/><D76/><U18/><E124/><V37/><F55/><W66/><G128/><T112/><D112/><U27/><E3/><V59/><F120/><W118/><G118/><T45/><D57/><U131/><E131/><V7/><F130/><W119/><G119/><T106/><D87/><U61/><E102/><V52/><F115/><W78/><G135/><T80/><D50/><N who="1" m="29015" /><E68/><V73/><F73/><N who="3" m="43215" /><G94/><T123/><D123/><U101/><E101/><V25/><F1/><W132/><G132/><T113/><D106/><U82/><E31/><N who="2" m="17847" /><F37/><W71/><G44/><T5/><D80/><U0/><E0/><V17/><F41/><W15/><G15/><T117/><D117/><U99/><E56/><N who="2" m="36999" /><F97/><W104/><G104/><T92/><D109/><U39/><E39/><V53/><F17/><W24/><G24/><T95/><D108/><U32/><E32/><V122/><F122/><W93/><G93/><T103/><D103/><U2/><E2/><V111/><F111/><W49/><G49/><T83/><D83/><U100/><E100/><V85/><F79/><W23/><G23/><T84/><D62/><AGARI ba="0,0" hai="4,11,13,62,64,66,67,71" m="43215,48137" machi="62" ten="30,1000,0" yaku="18,1" doraHai="110" who="3" fromWho="0" sc="267,-10,261,0,251,0,221,10" /><INIT seed="6,0,0,0,2,25" ten="257,261,251,231" oya="2" hai0="12,66,89,27,16,117,18,67,31,131,91,114,85" hai1="90,57,34,111,37,130,124,72,55,28,48,73,109" hai2="6,35,102,41,54,11,0,46,1,104,3,51,80" hai3="96,103,115,107,126,40,8,5,79,83,123,69,106"/><V29/><F80/><W20/><G123/><T100/><D114/><U93/><E37/><N who="2" m="21807" /><F54/><W53/><G126/><T113/><D113/><U21/><E124/><V9/><F51/><W135/><G135/><T19/><D131/><U121/><E121/><V44/><F44/><W75/><G115/><T32/><D117/><U13/><E130/><V119/><F11/><W38/><G53/><T45/><D45/><N who="1" m="28047" /><E73/><V76/><F76/><W132/><G132/><T122/><D122/><U129/><E72/><V2/><F119/><W10/><G69/><T23/><D91/><U127/><E129/><V17/><F17/><N who="0" m="6762" /><D32/><U64/><E34/><V33/><F29/><W97/><G20/><N who="0" m="15847" /><D100/><U82/><E127/><V101/><F101/><W30/><G30/><T98/><D98/><AGARI ba="0,0" hai="0,1,2,3,6,9,33,35,98,102,104" m="21807" machi="98" ten="30,2900,0" yaku="33,2" doraHai="25" who="2" fromWho="0" sc="257,-29,261,0,251,29,231,0" /><INIT seed="6,1,0,2,0,42" ten="228,261,280,231" oya="2" hai0="12,44,67,91,118,112,80,74,95,92,40,104,126" hai1="33,93,55,1,132,69,90,127,109,11,100,3,88" hai2="134,27,81,14,51,20,110,73,71,122,9,135,41" hai3="63,36,19,29,8,30,4,49,15,78,107,123,37"/><V22/><F122/><W5/><G107/><T16/><D104/><U131/><E109/><V52/><F41/><W75/><G123/><T35/><D35/><U47/><E69/><V45/><F71/><W34/><G63/><T89/><D112/><U108/><E33/><V77/><F110/><W13/><G78/><T119/><D67/><U62/><E108/><V133/><F27/><W46/><G75/><T117/><D126/><U50/><E127/><V25/><F25/><W115/><G115/><T99/><D80/><U85/><E132/><V124/><F124/><W79/><G79/><T64/><D64/><U76/><E76/><V61/><F61/><W101/><G101/><T82/><D82/><U18/><E100/><V39/><F39/><W23/><G4/><AGARI ba="1,0" hai="4,9,14,20,22,45,51,52,73,77,81,133,134,135" machi="4" ten="40,7700,0" yaku="20,1,52,1,54,1" doraHai="42" who="2" fromWho="3" sc="228,0,261,0,280,80,231,-80" owari="228,-17.2,261,6.1,360,46.0,151,-34.9" /></mjloggm>