<mjloggm ver="2.3"><GO type="225" lobby="0"/><UN n0="%E4%BF%BA%E3%81%A8%E5%A6%96%E5%A4%A2" n1="%E6%B8%A1%E5%A4%A9%E8%97%8D" n2="%E8%B6%85%E7%B4%9A%E9%B3%B3%E5%87%B0" n3="%E9%80%86%E9%80%A3%E5%B8%AF%E3%81%AE%E9%AC%BC" dan="17,16,16,16" rate="2262.44,2118.52,2104.82,2088.14" sx="F,F,M,M"/><TAIKYOKU oya="0"/><INIT seed="0,0,0,1,1,121" ten="250,250,250,250" oya="0" hai0="69,33,48,15,18,75,5,111,89,56,117,108,24" hai1="101,81,132,41,20,98,60,123,26,124,43,3,119" hai2="126,58,127,84,118,46,4,130,39,2,28,49,1" hai3="40,13,9,11,12,50,72,112,73,74,29,38,32"/><T76/><D69/><U7/><E119/><V125/><F118/><W114/><G38/><T42/><D117/><U25/><E123/><V133/><F39/><W79/><G79/><T93/><D76/><U65/><E124/><V21/><F130/><W115/><G29/><T135/><D75/><U6/><E132/><V131/><F131/><W107/><G107/><T27/><D5/><U23/><E81/><V47/><F133/><W94/><G32/><T95/><D95/><U37/><E23/><V55/><F84/><W64/><G64/><T96/><D135/><U30/><E25/><N who="2" m="16431" /><F4/><W97/><G50/><T36/><D36/><U86/><E86/><V14/><F14/><W44/><G44/><AGARI ba="0,0" hai="1,2,44,46,47,49,55,58,125,126,127" m="16431" machi="44" ten="30,1000,0" yaku="18,1" doraHai="121" who="2" fromWho="3" sc="250,0,250,0,250,10,250,-10" /><INIT seed="1,0,0,0,3,24" ten="250,250,260,240" oya="1" hai0="0,114,65,101,38,37,88,73,100,104,106,43,113" hai1="50,83,121,122,70,98,86,47,14,53,1,48,16" hai2="105,18,108,133,7,134,52,111,20,81,124,85,107" hai3="79,66,4,23,30,92,40,15,31,26,8,35,82"/><U58/><E1/><V33/><F33/><W126/><G126/><T34/><D0/><U19/><E70/><V99/><F7/><W32/><G66/><T41/><D34/><U112/><E112/><V72/><F72/><W116/><G116/><T27/><D27/><U12/><E98/><V97/><F124/><W90/><G40/><T10/><D10/><U89/><E19/><V57/><F99/><W132/><G132/><N who="2" m="50793" /><F97/><W45/><G45/><T96/><D73/><U80/><E80/><V55/><F18/><W59/><G59/><T67/><REACH who="0" step="1"/><D96/><REACH who="0" ten="240,250,260,240" step="2"/><U51/><E12/><V130/><F20/><W3/><G3/><T62/><D62/><N who="1" m="36175" /><E122/><V77/><F130/><W9/><G9/><T125/><D125/><U127/><E121/><V93/><F105/><W21/><G35/><T11/><D11/><N who="1" m="6239" /><E127/><V64/><F107/><W120/><G120/><T135/><D135/><U74/><E74/><V25/><F25/><W44/><G32/><T95/><D95/><U42/><AGARI ba="0,1" hai="42,47,48,50,51,83,86,89" m="6239,36175" machi="42" ten="30,3000,0" yaku="8,1,54,1" doraHai="24" who="1" fromWho="1" sc="240,-10,250,40,260,-10,240,-10" /><INIT seed="1,1,0,5,3,71" ten="230,290,250,230" oya="1" hai0="20,69,112,37,56,125,9,109,133,88,73,46,41" hai1="130,45,2,91,103,81,39,121,83,97,128,90,118" hai2="122,1,77,117,13,26,129,12,40,35,42,62,67" hai3="7,124,115,100,51,31,21,25,110,32,43,82,54"/><U101/><E2/><V75/><F117/><W108/><G115/><T61/><D112/><U96/><E45/><V131/><F122/><W127/><G100/><N who="1" m="38474" /><E39/><V59/><F1/><W120/><G120/><T10/><D73/><U18/><E18/><V107/><F107/><W99/><G99/><N who="1" m="37962" /><E121/><V102/><F102/><W16/><G43/><N who="2" m="16425" /><F77/><W14/><G7/><T5/><D69/><U36/><E36/><V98/><F98/><W132/><G132/><T49/><D133/><U27/><E27/><V113/><F75/><W106/><G106/><T8/><D20/><U65/><E65/><V119/><F119/><W11/><G32/><T64/><D5/><U84/><E118/><V105/><F113/><W33/><G33/><T116/><D116/><U24/><E24/><V78/><F78/><W3/><G3/><T60/><D37/><U94/><E90/><V29/><F105/><W104/><G104/><T30/><D30/><U63/><E63/><V74/><F74/><W23/><G23/><T126/><D60/><U72/><E72/><V6/><F6/><W134/><G134/><T123/><D123/><U87/><E87/><V68/><F68/><W86/><G51/><T55/><D88/><U53/><E53/><V4/><F4/><W76/><REACH who="3" step="1"/><G54/><REACH who="3" ten="230,290,250,220" step="2"/><T95/><D41/><U17/><E17/><V70/><F35/><W15/><G15/><T114/><D114/><U44/><E44/><V85/><F12/><W22/><G22/><T19/><D46/><U47/><E47/><V52/><F13/><W80/><G80/><AGARI ba="1,1" hai="80,81,83,84,91,94,128,130" m="37962,38474" machi="80" ten="30,2900,0" yaku="34,2" doraHai="71" who="1" fromWho="3" sc="230,0,290,42,250,0,220,-32" /><INIT seed="1,2,0,0,1,20" ten="230,332,250,188" oya="1" hai0="100,120,69,88,11,35,49,95,47,18,71,124,128" hai1="87,21,135,102,121,22,59,33,57,130,27,31,106" hai2="6,62,10,2,25,75,103,94,96,16,99,116,83" hai3="64,30,38,61,13,133,44,105,90,43,131,1,28"/><U39/><E39/><V8/><F116/><W3/><G133/><T12/><D128/><U72/><E121/><V82/><F62/><W127/><G131/><T19/><D120/><U14/><E72/><V125/><F125/><W117/><G117/><T119/><D119/><U114/><E130/><V37/><F37/><W129/><G129/><T86/><D124/><U74/><E74/><V54/><F54/><W68/><G127/><T56/><D56/><U5/><E114/><V9/><F99/><W84/><G105/><T55/><D35/><U34/><E106/><V97/><F97/><W104/><G104/><T65/><D65/><U24/><E102/><V4/><F75/><W17/><G1/><T40/><D100/><U7/><E87/><V118/><F118/><W122/><G3/><T60/><D60/><U66/><E66/><V73/><F73/><W58/><G68/><T101/><D101/><U23/><E135/><V15/><REACH who="2" step="1"/><F25/><REACH who="2" ten="230,332,240,188" step="2"/><W36/><G36/><T112/><D55/><U91/><E27/><V108/><F108/><W42/><G122/><T113/><REACH who="0" step="1"/><D19/><REACH who="0" ten="220,332,240,188" step="2"/><U52/><E5/><V76/><F76/><W92/><REACH who="3" step="1"/><G43/><REACH who="3" ten="220,332,240,178" step="2"/><T134/><D134/><U98/><E7/><V126/><F126/><W109/><G109/><T53/><D53/><U29/><E52/><V0/><AGARI ba="2,3" hai="0,2,4,6,8,9,10,15,16,82,83,94,96,103" machi="0" ten="20,12000,2" yaku="1,1,0,1,7,1,9,1,54,1,53,2" doraHai="20" doraHaiUra="77" who="2" fromWho="2" sc="220,-32,332,-62,240,156,178,-32" /><INIT seed="2,0,0,0,1,60" ten="188,270,396,146" oya="2" hai0="37,130,117,75,100,38,89,93,118,119,95,53,59" hai1="6,103,64,15,125,24,9,73,135,43,67,52,22" hai2="85,132,133,122,78,68,4,107,70,110,44,111,14" hai3="34,48,63,129,25,123,87,18,79,62,99,97,54"/><V32/><F122/><W7/><G129/><T101/><D75/><U82/><E43/><V58/><F107/><W98/><G123/><T116/><N who="0" m="29696" /><DORA hai="11" /><T49/><D130/><U106/><E125/><V28/><F44/><W90/><G7/><T29/><D29/><U13/><E135/><N who="2" m="51787" /><F58/><W84/><G79/><T3/><D3/><U96/><E13/><V134/><F78/><W114/><G87/><N who="0" m="52415" /><D95/><U66/><E52/><V19/><F85/><W5/><G5/><T104/><D104/><U47/><E47/><V94/><F94/><W112/><G112/><T17/><D17/><U124/><E124/><V23/><F134/><W45/><G114/><T31/><D31/><U21/><REACH who="1" step="1"/><E24/><REACH who="1" ten="188,260,396,146" step="2"/><N who="2" m="18439" /><F4/><W40/><G40/><T126/><D126/><U12/><E12/><V81/><F14/><W39/><G39/><AGARI ba="0,1" hai="37,38,39,49,53,59,100,101" m="52415,29696" machi="39" ten="60,2000,0" yaku="12,1" doraHai="60,11" who="0" fromWho="3" sc="188,30,260,0,396,0,146,-20" /><INIT seed="3,0,0,5,4,46" ten="218,260,396,126" oya="3" hai0="132,16,56,87,6,24,45,58,84,17,13,86,109" hai1="2,41,49,11,110,12,134,18,72,8,102,97,91" hai2="69,7,100,77,20,88,29,3,111,71,105,5,128" hai3="119,66,52,107,54,60,124,22,92,55,27,28,118"/><W117/><G107/><T42/><D109/><U125/><E72/><V35/><F111/><W40/><G124/><T82/><D132/><U94/><E110/><V81/><F128/><W76/><G40/><T80/><D6/><U36/><E36/><V57/><F35/><W95/><REACH who="3" step="1"/><G76/><REACH who="3" ten="218,260,396,116" step="2"/><T37/><D42/><U126/><E126/><V64/><F77/><W1/><G1/><T4/><D37/><U108/><E125/><V25/><F105/><W59/><AGARI ba="0,1" hai="22,27,28,52,54,55,59,60,66,92,95,117,118,119" machi="59" ten="40,12000,1" yaku="1,1,0,1,54,1,53,1" doraHai="46" doraHaiUra="23" who="3" fromWho="3" sc="218,-40,260,-40,396,-40,116,130" /><INIT seed="3,1,0,5,1,131" ten="178,220,356,246" oya="3" hai0="47,86,68,46,16,134,120,27,13,107,1,89,40" hai1="23,91,36,106,65,66,76,118,28,90,93,59,79" hai2="50,73,102,8,39,61,22,6,135,123,20,19,42" hai3="3,52,67,30,58,130,54,112,26,108,33,10,7"/><W70/><G112/><T85/><D120/><U77/><E106/><V132/><F73/><W17/><G130/><T2/><D68/><U99/><E36/><V29/><F39/><W128/><G128/><T18/><D107/><U57/><E118/><V129/><F129/><W21/><G70/><T25/><D40/><U94/><E28/><V96/><F61/><W5/><G5/><T97/><D97/><U35/><E35/><V126/><F123/><W127/><G127/><T31/><D31/><U114/><E114/><V12/><F126/><W38/><G38/><T24/><D13/><U81/><E81/><V122/><F122/><W63/><REACH who="3" step="1"/><G108/><REACH who="3" ten="178,220,356,236" step="2"/><T53/><D53/><U74/><E74/><V41/><F6/><W45/><G45/><N who="0" m="16907" /><D134/><U60/><E65/><V105/><F132/><W32/><G32/><T100/><D100/><U9/><E66/><V82/><F135/><W56/><G56/><T109/><D109/><U15/><E59/><V111/><F102/><W98/><G98/><T14/><D14/><AGARI ba="1,1" hai="3,7,10,14,17,21,26,30,33,52,54,58,63,67" machi="14" ten="30,12000,1" yaku="1,1,7,1,24,2,54,1,53,0" doraHai="131" doraHaiUra="71" who="3" fromWho="0" sc="178,-123,220,0,356,0,236,133" owari="55,-44.5,220,-18.0,356,15.6,369,46.9" /></mjloggm>