<mjloggm ver="2.3"><GO type="225" lobby="0"/><UN n0="%E6%A1%9C%E8%8A%B1%E9%96%83%E3%80%85" n1="%E3%81%B5%E3%81%98%E3%81%8B%E3%81%A4" n2="%4C%4F%4C%49%54%41" n3="%E3%81%BF%E3%81%BF%E3%81%9A" dan="16,16,16,17" rate="2115.26,2199.21,2141.46,2232.59" sx="M,M,F,M"/><TAIKYOKU oya="0"/><INIT seed="0,0,0,1,0,100" ten="250,250,250,250" oya="0" hai0="37,81,79,88,66,32,28,25,14,34,113,64,61" hai1="126,23,56,43,42,59,85,96,97,82,9,27,73" hai2="13,121,24,50,68,1,83,102,91,118,36,39,6" hai3="112,29,26,44,2,65,109,94,69,111,5,53,89"/><T19/><D113/><U92/><E126/><V47/><F121/><W107/><G107/><T12/><D37/><U114/><E73/><V117/><F1/><W51/><G112/><T101/><D101/><U133/><E114/><V55/><F68/><W35/><G5/><T86/><D34/><U90/><E133/><V120/><F120/><W75/><G2/><T71/><D64/><U130/><E9/><N who="2" m="4279" /><F102/><W46/><G75/><T70/><D70/><U116/><E130/><V99/><F24/><W72/><G72/><T48/><D48/><U104/><E116/><N who="2" m="44651" /><F83/><W119/><G119/><T33/><D33/><U0/><E0/><V31/><F31/><W7/><G7/><T77/><REACH who="0" step="1"/><D12/><REACH who="0" ten="240,250,250,250" step="2"/><U103/><E42/><V57/><F57/><N who="3" m="32959" /><G65/><T108/><D108/><N who="3" m="41545" /><G69/><T98/><D98/><AGARI ba="0,1" hai="26,29,35,44,46,89,94,98" m="41545,32959" machi="98" ten="30,1000,0" yaku="14,1" doraHai="100" who="3" fromWho="0" sc="240,-10,250,0,250,0,250,20" /><BYE who="3" /><INIT seed="1,0,0,2,4,110" ten="230,250,250,270" oya="1" hai0="70,2,51,107,117,88,33,135,133,52,32,111,20" hai1="96,130,86,37,92,91,30,103,12,127,120,84,16" hai2="63,123,76,60,77,72,106,47,40,22,10,21,100" hai3="78,24,13,27,131,122,105,104,90,71,116,61,99"/><U19/><E120/><UN n3="%E3%81%BF%E3%81%BF%E3%81%9A" /><V41/><F123/><W38/><G122/><T44/><D117/><U23/><E37/><V102/><F10/><W126/><G38/><T8/><D111/><U69/><E127/><V115/><F47/><W4/><G78/><T118/><D118/><U42/><E69/><V0/><F106/><W14/><G116/><T65/><D107/><U128/><E42/><V46/><F46/><W28/><G126/><T48/><D20/><U66/><E66/><V26/><F26/><W93/><G27/><T59/><D70/><U3/><E3/><V124/><F124/><W25/><G24/><T56/><D88/><N who="1" m="53255" /><E30/><V97/><F97/><W83/><G83/><T87/><D87/><U114/><E114/><V57/><F57/><N who="0" m="22090" /><D51/><U81/><E23/><V95/><F95/><W109/><G109/><T36/><D65/><U6/><E6/><V74/><REACH who="2" step="1"/><F0/><REACH who="2" ten="230,250,240,270" step="2"/><W29/><G105/><T113/><D36/><U39/><E39/><V73/><F73/><W55/><G104/><T80/><D2/><U134/><E134/><V58/><F58/><N who="3" m="35039" /><G71/><T112/><D8/><N who="1" m="6151" /><E96/><V119/><F119/><W34/><G29/><T31/><D31/><U53/><E53/><V11/><F11/><N who="3" m="4327" /><G14/><T129/><D133/><U125/><E125/><V94/><F94/><W35/><G35/><T18/><D135/><U67/><E67/><V49/><F49/><W85/><G99/><T132/><D132/><U89/><E19/><V43/><F43/><W121/><G121/><T54/><D18/><U79/><E103/><V82/><F82/><W68/><G68/><T17/><D80/><RYUUKYOKU ba="0,1" sc="230,-30,250,10,240,10,270,10" hai1="79,81,86,89,91,128,130" hai2="21,22,40,41,60,63,72,74,76,77,100,102,115" hai3="25,28,34,85,90,93,131" /><INIT seed="1,1,1,1,1,127" ten="200,260,250,280" oya="1" hai0="83,19,111,117,97,64,80,129,20,98,112,53,73" hai1="9,90,23,25,36,41,3,58,108,39,105,118,56" hai2="30,133,7,120,57,8,13,2,128,22,126,135,84" hai3="100,106,119,124,44,89,99,74,92,75,10,130,5"/><U18/><E118/><V86/><F120/><W6/><G124/><T65/><D117/><U27/><E105/><V17/><F126/><W24/><G119/><T82/><D112/><U35/><E108/><V33/><F57/><W31/><G130/><T29/><D73/><U46/><E39/><V109/><F128/><W78/><G44/><T63/><D129/><U62/><E90/><V0/><F109/><W123/><G123/><T72/><D72/><U107/><E107/><V122/><F122/><W69/><G69/><T114/><D29/><U104/><E104/><V71/><F71/><W59/><G59/><N who="0" m="35311" /><D114/><U66/><E58/><V32/><F32/><W88/><G5/><T103/><D111/><U21/><E35/><V1/><F86/><W68/><G68/><T81/><N who="0" m="20480" /><DORA hai="94" /><T12/><D103/><U125/><E125/><V79/><F84/><W43/><G89/><T70/><D70/><U85/><E85/><V115/><F79/><W101/><G101/><T116/><D116/><U37/><E37/><V96/><F96/><AGARI ba="1,1" hai="12,19,20,64,65,96,97,98" m="20480,35311" machi="96" ten="40,8000,1" yaku="8,1,52,3" doraHai="127,94" who="0" fromWho="2" sc="200,93,260,0,250,-83,280,0" /><INIT seed="2,0,0,4,1,118" ten="293,260,167,280" oya="2" hai0="125,42,38,93,59,40,131,15,105,22,91,96,98" hai1="20,112,135,64,110,6,97,60,74,52,45,26,101" hai2="63,24,68,111,55,17,57,107,25,10,14,124,31" hai3="34,5,133,104,79,67,0,1,87,116,23,130,9"/><V108/><F107/><W7/><G116/><T18/><D131/><U62/><E112/><V37/><F37/><W73/><G34/><T102/><D125/><U29/><E74/><V65/><F124/><W8/><G104/><T119/><D119/><U94/><E110/><N who="2" m="42027" /><F31/><W28/><G130/><T43/><REACH who="0" step="1"/><D59/><REACH who="0" ten="283,260,167,280" step="2"/><U30/><E135/><V113/><F113/><W76/><G133/><T117/><D117/><U71/><E71/><V39/><F39/><AGARI ba="0,1" hai="15,18,22,38,39,40,42,43,91,93,96,98,102,105" machi="39" ten="40,1300,0" yaku="1,1,53,0" doraHai="118" doraHaiUra="128" who="0" fromWho="2" sc="283,23,260,0,167,-13,280,0" /><INIT seed="3,0,0,4,5,40" ten="306,260,154,280" oya="3" hai0="109,73,35,67,112,16,78,64,26,55,90,77,41" hai1="94,128,91,37,132,50,11,24,125,18,2,27,58" hai2="14,7,124,12,4,68,86,44,52,104,102,38,30" hai3="84,46,130,114,106,134,21,126,19,107,96,129,22"/><W56/><G114/><T47/><D112/><U5/><E37/><V8/><F68/><W83/><G134/><T6/><D109/><U81/><E132/><V65/><F65/><W61/><G126/><T32/><D6/><U123/><E125/><V120/><F124/><W17/><G96/><T31/><D35/><U43/><E123/><V79/><F120/><W74/><G74/><T85/><D55/><U99/><E128/><N who="3" m="49258" /><G22/><T92/><D16/><N who="3" m="6217" /><G46/><T23/><D32/><U97/><E18/><V34/><F104/><W28/><G28/><T49/><D73/><U1/><E1/><V48/><F102/><W119/><G21/><T118/><D118/><U95/><E81/><N who="2" m="47423" /><F38/><W82/><G119/><T29/><D29/><U131/><E131/><V42/><F34/><W71/><G71/><T51/><D51/><U101/><REACH who="1" step="1"/><E58/><REACH who="1" ten="306,250,154,280" step="2"/><V122/><F122/><W62/><G83/><N who="0" m="47351" /><D77/><U108/><E108/><V93/><F30/><W9/><G9/><T54/><D41/><U72/><E72/><V13/><F4/><W66/><G61/><T69/><D69/><U60/><E60/><V75/><F75/><W15/><G15/><N who="2" m="5705" /><F42/><W111/><G111/><T45/><D45/><AGARI ba="0,1" hai="2,5,11,24,27,43,45,50,91,94,95,97,99,101" machi="45" ten="40,2600,0" yaku="1,1,52,1,53,0" doraHai="40" doraHaiUra="116" who="1" fromWho="0" sc="306,-26,250,36,154,0,280,0" /><INIT seed="4,0,0,4,4,114" ten="280,286,154,280" oya="0" hai0="54,31,80,92,26,116,5,134,111,17,70,101,64" hai1="84,12,55,57,24,2,37,34,75,112,90,106,13" hai2="128,93,108,3,19,18,49,87,11,113,81,36,91" hai3="127,82,58,83,48,107,71,126,9,41,94,23,123"/><T104/><D116/><U68/><E112/><V53/><F36/><W99/><G107/><T73/><D111/><U39/><E2/><V21/><F113/><W6/><G71/><T124/><D124/><N who="3" m="47657" /><G23/><T103/><D104/><U10/><E68/><V135/><F108/><W98/><G123/><T130/><D130/><U62/><E75/><V125/><F125/><W88/><G98/><T65/><D134/><U96/><E34/><V76/><F128/><W42/><G58/><T32/><D5/><U30/><E106/><V28/><F135/><W100/><G100/><T59/><D70/><U56/><E13/><V122/><F122/><W102/><G102/><T105/><D105/><U66/><E96/><V27/><F11/><W78/><G48/><T50/><D103/><U25/><E30/><V119/><F3/><N who="3" m="223" /><G83/><T51/><D51/><N who="1" m="30847" /><E39/><V15/><F15/><W109/><G109/><T85/><D17/><N who="1" m="8343" /><E37/><V69/><F69/><W1/><G1/><T117/><D117/><U74/><E74/><AGARI ba="0,0" hai="41,42,74,78,82,88,94,99" m="223,47657" machi="74" ten="30,2000,0" yaku="18,1,54,1" doraHai="114" who="3" fromWho="1" sc="280,0,286,-20,154,0,280,20" owari="280,8.0,266,-13.4,154,-34.6,300,40.0" /></mjloggm>