<mjloggm ver="2.3"><GO type="225" lobby="0"/><UN n0="%E5%A4%96%E5%B7%9D%E7%AB%9C%E6%88%90" n1="%E9%B3%B3%E6%9D%B1%E3%81%AE%E3%81%BF%E3%81%91%E3%81%AB%E3%82%83%E3%82%93" n2="%72%69%6F%75%63%68%61%6E" n3="%E3%83%A9%E3%83%96%E3%83%AC%E3%83%BC" dan="16,16,16,18" rate="2149.54,2039.73,2112.91,2165.49" sx="M,F,M,M"/><TAIKYOKU oya="0"/><INIT seed="0,0,0,4,0,7" ten="250,250,250,250" oya="0" hai0="67,111,131,84,106,61,1,54,118,80,129,62,55" hai1="63,115,112,86,25,2,5,24,79,94,110,60,128" hai2="117,44,45,101,59,89,19,65,56,15,12,13,132" hai3="16,130,114,92,120,121,11,14,33,18,22,40,42"/><T41/><D106/><U107/><E107/><V77/><F132/><W126/><G114/><N who="1" m="43562" /><E110/><V85/><F117/><W64/><G33/><T6/><D118/><U52/><E128/><N who="0" m="49225" /><D41/><U47/><E63/><N who="2" m="38119" /><F101/><W125/><G64/><T48/><D111/><U57/><E47/><N who="2" m="17995" /><F59/><W76/><G130/><T78/><D48/><U37/><E37/><V8/><F77/><W74/><G42/><T133/><D133/><U70/><E70/><V102/><F102/><W29/><G76/><T82/><D82/><AGARI ba="0,0" hai="8,12,13,15,19,82,85,89" m="17995,38119" machi="82" ten="30,2000,0" yaku="8,1,52,1" doraHai="7" who="2" fromWho="0" sc="250,-20,250,0,250,20,250,0" /><INIT seed="1,0,0,5,4,72" ten="230,250,270,250" oya="1" hai0="40,8,25,90,92,47,2,11,128,93,54,62,46" hai1="66,38,111,86,61,70,28,5,36,21,82,117,95" hai2="33,123,73,121,55,79,122,43,0,80,14,81,3" hai3="17,16,42,78,59,57,115,134,67,71,15,69,27"/><U64/><E117/><V26/><F43/><W135/><G42/><T37/><D128/><U94/><E64/><V56/><F14/><W20/><G115/><T23/><D93/><U112/><E112/><V31/><REACH who="2" step="1"/><F80/><REACH who="2" ten="230,250,260,250" step="2"/><W126/><G15/><T96/><D2/><U133/><E82/><V12/><F12/><W84/><G135/><T52/><D54/><U34/><E133/><V6/><F6/><W85/><G134/><T107/><D107/><U68/><E5/><V49/><AGARI ba="0,1" hai="0,3,26,31,33,49,55,56,73,79,81,121,122,123" machi="49" ten="30,4000,0" yaku="1,1,0,1,52,1,53,0" doraHai="72" doraHaiUra="87" who="2" fromWho="2" sc="230,-10,250,-20,260,50,250,-10" /><INIT seed="2,0,0,0,2,109" ten="220,230,310,240" oya="2" hai0="133,60,62,99,66,64,30,42,93,127,67,89,14" hai1="43,130,82,88,51,3,24,71,68,105,16,72,117" hai2="91,74,38,85,87,47,31,55,118,41,116,6,132" hai3="107,115,28,15,59,110,19,2,4,56,98,104,119"/><V90/><F132/><W33/><G119/><T17/><D127/><U113/><E3/><V134/><F134/><W111/><G98/><T78/><D133/><U39/><E39/><V23/><F74/><W20/><G59/><T81/><D42/><U37/><E37/><V52/><F6/><W95/><G95/><T18/><D30/><U135/><E105/><V9/><F9/><N who="3" m="2199" /><G56/><T12/><D12/><U76/><E117/><V106/><F106/><W7/><G7/><T92/><D92/><U25/><E130/><V61/><F61/><W58/><G58/><T108/><D108/><N who="3" m="41513" /><G115/><T44/><D44/><U0/><E0/><V26/><F118/><W112/><G112/><T128/><D128/><U114/><E135/><V84/><REACH who="2" step="1"/><F116/><REACH who="2" ten="220,230,300,240" step="2"/><W94/><G107/><T101/><D62/><U13/><E113/><V63/><F63/><W83/><G104/><T8/><D60/><U75/><E114/><V125/><F125/><W48/><G33/><T129/><D129/><U122/><E72/><V70/><F70/><W77/><G20/><T86/><REACH who="0" step="1"/><D18/><REACH who="0" ten="210,230,300,240" step="2"/><U103/><E68/><V124/><F124/><W35/><G19/><T131/><D131/><U96/><E71/><V100/><F100/><AGARI ba="0,2" hai="8,14,17,64,66,67,78,81,86,89,93,99,100,101" machi="100" ten="40,2600,0" yaku="1,1,8,1,53,0" doraHai="109" doraHaiUra="21" who="0" fromWho="2" sc="210,46,230,0,300,-26,240,0" /><INIT seed="3,0,0,1,0,77" ten="256,230,274,240" oya="3" hai0="64,72,2,122,47,121,135,88,111,18,53,124,96" hai1="118,19,125,113,62,79,56,45,128,22,46,67,12" hai2="43,101,39,84,26,16,70,24,100,105,57,123,94" hai3="107,31,5,30,51,50,103,52,49,42,129,55,13"/><W4/><G107/><T93/><D2/><U87/><E113/><V132/><F70/><W133/><G103/><T114/><D114/><U36/><E36/><V92/><F105/><W38/><G38/><T17/><D72/><U34/><E34/><V76/><F132/><W134/><G42/><T109/><D64/><U40/><E128/><V41/><F123/><N who="0" m="47114" /><D124/><U90/><E125/><V60/><F39/><W127/><G127/><T78/><D78/><U8/><E118/><V104/><F104/><W48/><G48/><N who="0" m="28831" /><D135/><N who="3" m="51721" /><G129/><T10/><D10/><U3/><E79/><V44/><F41/><W65/><G65/><T71/><D71/><U0/><E8/><V7/><F43/><W14/><G55/><T112/><D112/><U27/><E12/><N who="3" m="4714" /><G52/><T68/><D68/><U73/><E73/><V29/><F101/><W108/><G108/><AGARI ba="0,0" hai="17,18,88,93,96,108,109,111" m="28831,47114" machi="108" ten="30,2000,0" yaku="14,1,54,1" doraHai="77" who="0" fromWho="3" sc="256,20,230,0,274,0,240,-20" /><INIT seed="4,0,0,1,2,5" ten="276,230,274,220" oya="0" hai0="14,83,81,43,88,105,91,6,57,100,51,87,93" hai1="1,120,132,126,111,4,71,30,90,102,85,55,52" hai2="60,92,62,50,101,77,112,72,75,2,86,106,10" hai3="64,103,98,109,36,33,58,79,45,99,34,17,115"/><T46/><D105/><U8/><E120/><V38/><F38/><W53/><G109/><T11/><D57/><U123/><E123/><V130/><F112/><W80/><G115/><T69/><D69/><U96/><E111/><V107/><F130/><W118/><G118/><T56/><D56/><U19/><E30/><V135/><F135/><W124/><G124/><T84/><D100/><U13/><E126/><V127/><F127/><W134/><G134/><T76/><D93/><U122/><E71/><V95/><F50/><W22/><G64/><T21/><D21/><U67/><E67/><V9/><F2/><W24/><G36/><T108/><D108/><U114/><E122/><V61/><F86/><W28/><G45/><T117/><D91/><U37/><E37/><V129/><F129/><W121/><G121/><T82/><D82/><U63/><E63/><V27/><F27/><W128/><G128/><T15/><D117/><U47/><E47/><V7/><F7/><W125/><G125/><T48/><D48/><U94/><E114/><V73/><F77/><W54/><G54/><T97/><D97/><U18/><E132/><V3/><F3/><AGARI ba="0,0" hai="3,6,11,14,15,43,46,51,76,81,83,84,87,88" machi="3" ten="30,5800,0" yaku="7,1,52,1,54,1" doraHai="5" who="0" fromWho="2" sc="276,58,230,0,274,-58,220,0" owari="334,43.4,230,3.0,216,-28.4,220,-18.0" /></mjloggm>