<mjloggm ver="2.3"><GO type="225" lobby="0"/><UN n0="%E7%B4%94%E6%BD%94%E3%83%94%E3%83%A9%E3%83%8B%E3%82%A2" n1="%E3%81%8B%E3%82%8F%E3%81%A1%E3%82%83%E3%82%93%35%38" n2="%E3%83%B4%E3%83%A0%EF%BC%99%E3%81%A6" n3="%E5%8D%A0%E3%81%84%E5%B8%AB%E8%A3%8F%E3%81%AA%E3%81%84%E3%81%97" dan="16,17,16,17" rate="2081.53,2194.89,2129.52,2175.86" sx="M,M,M,M"/><TAIKYOKU oya="0"/><INIT seed="0,0,0,5,5,72" ten="250,250,250,250" oya="0" hai0="104,49,20,7,76,44,107,59,18,0,113,135,77" hai1="124,36,34,51,85,19,32,22,5,42,133,118,52" hai2="37,93,50,67,115,28,54,121,78,79,69,130,116" hai3="134,88,48,60,126,12,109,129,105,8,58,30,110"/><T96/><D113/><U98/><E118/><V131/><F121/><W23/><G105/><T62/><D135/><U103/><E5/><V21/><F37/><W65/><G134/><T6/><D107/><U2/><E2/><V125/><F115/><W95/><G129/><N who="2" m="49161" /><F116/><W74/><G74/><T97/><D0/><U64/><E64/><V55/><F125/><W106/><G106/><T57/><D104/><U46/><E133/><V108/><F108/><N who="3" m="41579" /><G126/><T26/><D6/><U117/><E117/><V24/><F93/><W111/><N who="3" m="41587" /><W47/><DORA hai="3" /><G30/><T11/><D11/><U119/><E119/><V123/><F123/><W15/><G23/><T90/><D59/><U87/><E124/><V45/><F54/><N who="3" m="29983" /><G8/><T83/><D7/><U112/><E112/><V17/><F28/><W91/><G91/><T25/><D25/><U4/><E4/><V63/><AGARI ba="0,0" hai="17,21,24,45,50,55,63,67,69,78,79" m="49161" machi="63" ten="30,4000,0" yaku="19,1,52,2" doraHai="72,3" who="2" fromWho="2" sc="250,-20,250,-10,250,40,250,-10" /><INIT seed="1,0,0,2,0,50" ten="230,240,290,240" oya="1" hai0="9,134,48,53,135,22,101,47,87,105,122,104,91" hai1="100,82,76,23,42,120,130,11,27,20,98,19,10" hai2="81,116,57,79,61,109,114,89,124,133,115,33,55" hai3="46,0,26,25,16,64,80,44,70,86,107,7,13"/><U85/><E130/><V93/><F116/><W118/><G107/><T59/><D122/><U15/><E42/><V88/><F33/><W92/><G118/><T30/><D9/><U17/><REACH who="1" step="1"/><E120/><REACH who="1" ten="230,230,290,240" step="2"/><V132/><F114/><W52/><G0/><T1/><D1/><U51/><E51/><V12/><F115/><W78/><G70/><T2/><D2/><U14/><E14/><V37/><F37/><W74/><G25/><N who="0" m="16695" /><D135/><U32/><E32/><V111/><F12/><W54/><G26/><T123/><D134/><N who="2" m="51818" /><F124/><W60/><G74/><T128/><D128/><U110/><E110/><N who="2" m="41995" /><F93/><AGARI ba="0,1" hai="10,11,15,17,19,20,23,27,76,82,85,93,98,100" machi="93" ten="30,5800,0" yaku="1,1,7,1,8,1,53,0" doraHai="50" doraHaiUra="131" who="1" fromWho="2" sc="230,0,230,68,290,-58,240,0" /><INIT seed="1,1,0,2,0,102" ten="230,298,232,240" oya="1" hai0="7,125,79,69,89,2,68,43,21,63,106,70,18" hai1="9,84,37,116,40,109,60,36,92,33,122,120,20" hai2="113,24,23,10,28,127,76,133,119,98,82,56,105" hai3="51,73,54,5,55,95,27,38,35,50,85,77,97"/><U121/><E33/><V118/><F127/><W13/><G38/><T53/><D125/><U31/><E116/><V62/><F133/><W48/><G73/><T66/><D79/><U4/><E109/><V99/><F113/><W26/><G35/><T42/><D7/><U110/><E110/><V41/><F41/><W72/><G72/><T22/><D2/><U34/><E34/><V117/><F10/><N who="3" m="4303" /><G85/><T86/><D106/><U115/><E115/><V91/><F91/><N who="3" m="55551" /><G77/><T75/><D75/><U83/><E37/><V1/><F1/><W39/><G39/><T65/><D21/><U80/><E36/><V78/><F82/><W57/><G50/><T108/><D108/><U17/><E31/><V90/><F99/><W30/><G30/><T8/><D8/><U29/><E29/><V44/><F90/><W61/><G61/><T111/><D111/><U126/><E40/><V49/><F49/><W112/><G112/><T12/><D43/><U130/><E60/><V59/><F62/><W100/><G100/><T88/><D42/><U6/><E126/><V114/><F114/><W46/><AGARI ba="1,0" hai="26,27,46,48,51,54,55,57" m="55551,4303" machi="46" ten="30,1100,0" yaku="8,1" doraHai="102" who="3" fromWho="3" sc="230,-4,298,-6,232,-4,240,14" /><INIT seed="2,0,0,5,4,125" ten="226,292,228,254" oya="2" hai0="118,5,16,97,90,38,14,47,126,91,40,88,34" hai1="98,65,8,20,99,107,115,29,56,13,106,63,108" hai2="46,31,11,113,10,32,105,82,72,76,74,66,37" hai3="128,19,17,121,44,7,35,132,51,96,36,122,119"/><V133/><F113/><W112/><G119/><T131/><D126/><U102/><E115/><V49/><F105/><W110/><G35/><T53/><D118/><U85/><E108/><V18/><F133/><W89/><G110/><T114/><D114/><U21/><E106/><V120/><F120/><W93/><G112/><T81/><D34/><U101/><E29/><V104/><F104/><W27/><G36/><T3/><D3/><U62/><E102/><V24/><F37/><W55/><G132/><T84/><D5/><U26/><E99/><V109/><F109/><W43/><G7/><T135/><D135/><U117/><E117/><V129/><F129/><W123/><G128/><T111/><D131/><U23/><E85/><V134/><F134/><W69/><G69/><T0/><D0/><U94/><E107/><V116/><F116/><W33/><G33/><T25/><D25/><U30/><E63/><V45/><F66/><W95/><G27/><T80/><D111/><U9/><E9/><V6/><F72/><W22/><G22/><T87/><D53/><U50/><E50/><V71/><F71/><W77/><G77/><T127/><D127/><U92/><E92/><V75/><F75/><W42/><G93/><T78/><REACH who="0" step="1"/><D97/><REACH who="0" ten="216,292,228,254" step="2"/><U1/><E1/><V52/><F6/><AGARI ba="0,1" hai="6,8,13,20,21,23,26,30,56,62,65,94,98,101" machi="6" ten="30,7700,0" yaku="7,1,25,2,8,1" doraHai="125" who="1" fromWho="2" sc="216,0,292,87,228,-77,254,0" /><INIT seed="3,0,0,0,5,107" ten="216,379,151,254" oya="3" hai0="0,14,26,34,123,134,69,125,133,63,98,95,110" hai1="90,102,19,47,29,106,117,54,77,17,51,93,128" hai2="42,122,76,49,116,60,119,64,36,81,82,121,70" hai3="91,112,84,66,108,85,75,109,32,67,7,56,10"/><W16/><G32/><T61/><D0/><U8/><E29/><V135/><F81/><W113/><G56/><T94/><D123/><N who="2" m="47114" /><F82/><W100/><G100/><T99/><D110/><N who="3" m="42601" /><G84/><T68/><D14/><U50/><E117/><N who="2" m="45131" /><F76/><W23/><G75/><T65/><D34/><U35/><E35/><V21/><F21/><W31/><G31/><T71/><D26/><U74/><E51/><V45/><F49/><W131/><G131/><T115/><D115/><N who="3" m="44105" /><G91/><T83/><D83/><U120/><E90/><V62/><F62/><N who="0" m="23562" /><D65/><U38/><E120/><V127/><BYE who="1" /><F127/><W104/><G104/><T3/><D125/><UN n1="%E3%81%8B%E3%82%8F%E3%81%A1%E3%82%83%E3%82%93%35%38" /><U129/><E129/><V12/><F12/><N who="3" m="9607" /><G85/><T118/><D118/><U20/><E128/><V88/><F88/><W40/><G40/><T72/><D72/><U5/><E74/><V124/><F124/><W33/><G33/><T78/><D78/><U58/><E77/><V59/><F59/><W130/><G130/><T96/><D3/><AGARI ba="0,0" hai="3,7,10,66,67" m="9607,44105,42601" machi="3" ten="30,5800,0" yaku="14,1,10,1,54,1" doraHai="107" who="3" fromWho="0" sc="216,-58,379,0,151,0,254,58" /><INIT seed="3,1,0,1,1,130" ten="158,379,151,312" oya="3" hai0="57,91,109,74,24,99,55,42,13,18,11,113,69" hai1="60,100,56,38,44,78,118,120,43,77,119,3,53" hai2="61,2,21,85,45,123,32,14,50,39,29,20,86" hai3="117,73,33,41,82,132,0,52,84,68,62,10,26"/><W101/><G117/><N who="1" m="44554" /><E120/><V76/><F2/><W89/><G73/><T108/><D69/><U103/><E3/><V48/><F39/><W72/><G72/><T19/><D74/><U58/><E58/><V67/><F123/><W110/><G41/><T112/><D42/><U36/><E36/><V116/><F116/><W6/><G101/><AGARI ba="1,0" hai="38,43,44,53,56,60,77,78,100,101,103" m="44554" machi="101" ten="30,1000,0" yaku="12,1" doraHai="130" who="1" fromWho="3" sc="158,0,379,13,151,0,312,-13" owari="158,-24.2,392,49.2,151,-34.9,299,9.9" /></mjloggm>