<mjloggm ver="2.3"><GO type="225" lobby="0"/><UN n0="%E3%83%B4%E3%82%A3%E3%83%AF%E3%82%B3%E3%82%B0%E3%83%8B" n1="%33%74%72%65%65" n2="%E3%81%A9%E3%82%8F%E3%82%93%E3%81%94" n3="%E6%A1%9C%E8%8A%B1%E9%96%83%E3%80%85" dan="16,16,16,16" rate="2167.83,2051.39,2042.32,2058.39" sx="M,F,M,M"/><TAIKYOKU oya="0"/><INIT seed="0,0,0,5,4,13" ten="250,250,250,250" oya="0" hai0="91,65,23,66,9,10,60,42,63,126,76,4,27" hai1="120,28,32,72,64,125,46,3,1,38,15,108,123" hai2="41,53,56,97,51,34,59,127,107,22,55,11,50" hai3="84,48,104,14,43,19,114,80,133,95,39,78,35"/><T25/><D126/><U24/><E125/><V100/><F127/><W86/><G114/><T6/><D76/><U36/><E15/><V49/><F34/><W105/><G133/><T96/><D42/><N who="1" m="22855" /><E64/><V118/><F118/><W115/><G35/><T122/><D122/><N who="1" m="46635" /><E108/><V17/><F11/><W33/><G33/><T112/><D112/><U101/><E101/><V37/><F37/><W121/><G39/><T40/><D40/><U99/><E99/><V98/><F41/><W74/><G115/><T90/><D23/><U110/><E110/><V87/><F87/><W21/><G121/><T131/><REACH who="0" step="1"/><D96/><REACH who="0" ten="240,250,250,250" step="2"/><U54/><E38/><V26/><REACH who="2" step="1"/><F98/><REACH who="2" ten="240,250,240,250" step="2"/><W134/><G43/><T29/><D29/><U103/><E28/><V135/><F135/><W113/><G134/><T30/><D30/><U85/><E72/><V45/><F45/><W128/><G113/><T69/><D69/><U0/><E85/><V92/><F92/><W75/><G86/><T116/><D116/><U94/><E94/><V7/><F7/><W82/><G95/><T88/><D88/><U16/><E32/><V18/><F18/><W47/><G75/><T73/><D73/><U57/><E16/><V31/><F31/><W79/><G47/><T44/><D44/><U102/><E102/><V129/><F129/><AGARI ba="0,2" hai="4,6,9,10,25,27,60,63,65,66,90,91,129,131" machi="129" ten="25,12000,1" yaku="1,1,22,2,53,2" doraHai="13" doraHaiUra="58" who="0" fromWho="2" sc="240,140,250,0,240,-120,250,0" /><INIT seed="0,1,0,3,3,63" ten="380,250,120,250" oya="0" hai0="20,88,28,97,24,72,95,131,106,59,34,70,120" hai1="69,132,117,47,13,114,77,3,122,118,83,45,25" hai2="64,124,71,133,51,110,107,30,98,62,22,109,93" hai3="6,35,99,48,134,38,86,65,115,108,66,27,112"/><T21/><D120/><U74/><E122/><V85/><F133/><W23/><G35/><T4/><D72/><U39/><E3/><V44/><F124/><W19/><G38/><T92/><D70/><U52/><E132/><V0/><F0/><W128/><G134/><T37/><D106/><U8/><E114/><V81/><F107/><W18/><G108/><T61/><D37/><U7/><E69/><V32/><F32/><W126/><G126/><T11/><D95/><U111/><E111/><N who="2" m="42507" /><F22/><N who="3" m="13783" /><G115/><T76/><D76/><U58/><E25/><V123/><F30/><W50/><G128/><T130/><D130/><U87/><E74/><V49/><F123/><W100/><G6/><T9/><D131/><U60/><REACH who="1" step="1"/><E39/><REACH who="1" ten="380,240,120,250" step="2"/><V29/><F29/><W121/><G112/><T84/><D28/><U135/><E135/><V10/><F10/><W96/><G121/><T15/><D9/><U12/><E12/><V41/><F81/><W90/><G50/><T14/><D14/><U55/><E55/><V1/><F1/><W67/><G48/><T42/><D24/><U73/><E73/><V105/><F51/><W16/><G19/><T104/><D15/><U43/><E43/><V94/><F85/><W78/><G86/><T33/><D84/><U82/><E82/><V5/><F5/><W57/><G16/><T89/><D4/><U103/><E103/><AGARI ba="1,1" hai="41,44,49,62,64,71,93,94,98,103,105" m="42507" machi="103" ten="30,2000,0" yaku="14,1,52,1" doraHai="63" who="2" fromWho="1" sc="380,0,240,-23,120,33,250,0" /><INIT seed="1,0,0,0,1,23" ten="380,217,153,250" oya="1" hai0="80,65,53,91,71,7,120,75,134,69,41,79,60" hai1="123,121,95,36,81,49,109,50,135,21,77,115,61" hai2="124,43,22,15,90,62,116,33,101,52,88,89,66" hai3="12,108,94,118,9,106,122,35,82,113,47,56,110"/><U34/><E115/><V117/><F33/><W119/><G106/><T112/><D112/><U37/><E34/><V78/><F124/><W72/><G113/><T84/><D134/><U20/><E135/><V125/><F125/><W63/><G94/><T40/><D69/><U16/><E109/><N who="3" m="42090" /><G35/><T107/><D120/><U127/><E127/><V38/><F101/><W27/><G27/><T73/><D73/><U126/><E126/><V98/><F78/><N who="3" m="44359" /><G47/><T97/><D7/><U24/><E95/><N who="2" m="56679" /><F38/><W32/><G32/><T42/><D53/><U132/><E132/><V29/><F43/><W31/><G31/><T46/><D107/><U129/><E36/><V111/><F117/><W0/><G0/><T39/><D97/><U51/><E37/><V104/><F104/><W3/><G3/><T19/><D19/><U28/><E129/><V76/><F76/><W70/><G70/><T6/><D6/><U11/><E11/><V10/><F116/><W18/><G122/><T114/><D114/><U131/><E131/><V85/><F111/><W25/><G25/><T17/><D17/><U57/><E28/><V58/><F66/><AGARI ba="0,0" hai="9,12,18,56,63,66,118,119" m="44359,42090" machi="66" ten="30,1000,0" yaku="14,1" doraHai="23" who="3" fromWho="2" sc="380,0,217,0,153,-10,250,10" /><INIT seed="2,0,0,1,1,102" ten="380,217,143,260" oya="2" hai0="113,80,125,50,42,66,8,31,111,129,88,30,28" hai1="61,39,0,78,14,116,22,27,126,99,134,73,41" hai2="6,67,96,2,44,91,63,58,124,51,68,121,114" hai3="110,46,109,64,62,117,32,112,131,11,90,108,127"/><V122/><F114/><W45/><G32/><T120/><D111/><U3/><E116/><V9/><F124/><W23/><G117/><T71/><D113/><U130/><E14/><V95/><REACH who="2" step="1"/><F68/><REACH who="2" ten="380,217,133,260" step="2"/><W128/><G112/><T84/><D125/><U35/><E126/><V18/><F18/><W118/><G127/><T5/><D71/><U60/><E130/><V56/><F56/><W132/><G118/><T70/><D129/><U47/><E134/><V53/><AGARI ba="0,1" hai="2,6,9,44,51,53,58,63,67,91,95,96,121,122" machi="53" ten="20,12000,1" yaku="1,1,0,1,7,1,53,2" doraHai="102" doraHaiUra="119" who="2" fromWho="2" sc="380,-40,217,-40,133,130,260,-40" /><INIT seed="2,1,0,3,2,123" ten="340,177,263,220" oya="2" hai0="39,44,116,107,117,104,48,93,94,24,4,43,56" hai1="46,114,128,99,77,52,110,23,63,51,70,60,64" hai2="131,42,36,53,79,120,101,62,134,37,10,87,32" hai3="35,92,71,86,72,118,1,40,59,27,28,33,78"/><V47/><F120/><W73/><G71/><T129/><D129/><U88/><E114/><V119/><F32/><W103/><G118/><N who="0" m="45675" /><D4/><U111/><E128/><V97/><F131/><W133/><G59/><T74/><D74/><U50/><E77/><V82/><F134/><W26/><G40/><T2/><D2/><U112/><E112/><V89/><F119/><W55/><G55/><N who="0" m="31847" /><D24/><N who="3" m="9257" /><G92/><AGARI ba="1,0" hai="39,43,44,92,93,94,104,107" m="31847,45675" machi="92" ten="30,1000,0" yaku="12,1" doraHai="123" who="0" fromWho="3" sc="340,13,177,0,263,0,220,-13" /><INIT seed="3,0,0,2,2,7" ten="353,177,263,207" oya="3" hai0="109,131,132,36,29,130,38,70,33,120,8,54,71" hai1="42,101,45,107,27,93,66,19,84,99,82,26,56" hai2="41,9,57,114,64,110,22,72,49,55,121,15,112" hai3="79,31,88,123,2,76,58,96,97,34,52,135,105"/><W95/><G123/><T74/><D109/><U14/><E107/><V117/><F72/><W30/><G135/><T21/><D33/><U80/><E66/><V59/><F117/><W37/><G37/><T75/><D8/><U20/><E56/><V83/><F110/><W69/><G2/><T115/><D132/><U125/><E125/><V127/><F41/><W68/><G68/><T124/><D124/><U62/><E62/><V10/><F127/><W28/><G34/><T17/><D29/><U35/><E35/><V3/><F3/><W39/><G39/><T18/><D21/><U32/><E32/><V116/><F116/><W1/><G1/><T61/><D54/><U23/><E84/><V85/><F121/><W94/><G105/><T77/><D120/><U86/><E86/><V50/><F114/><W122/><G69/><T100/><D100/><U119/><E119/><V73/><F73/><W98/><G122/><T89/><D89/><U126/><E126/><V67/><F112/><W90/><G97/><T108/><D108/><U12/><E12/><V102/><F102/><W4/><G4/><T51/><D71/><U106/><E106/><V5/><F67/><W111/><G111/><T16/><D38/><N who="1" m="21719" /><E14/><V0/><F64/><W65/><G65/><N who="0" m="41263" /><D36/><U6/><E6/><V104/><F104/><W44/><G44/><T91/><D115/><U92/><E92/><V25/><F0/><W53/><G53/><T103/><D74/><U60/><E60/><AGARI ba="0,0" hai="28,30,31,52,58,60,76,79,88,90,94,95,96,98" machi="60" ten="40,12000,1" yaku="9,1,8,1,54,2" doraHai="7" who="3" fromWho="1" sc="353,0,177,-120,263,0,207,120" /><INIT seed="3,1,0,3,0,123" ten="353,57,263,327" oya="3" hai0="73,80,117,47,122,19,115,130,103,131,82,13,41" hai1="118,28,97,78,18,72,100,95,120,43,127,55,111" hai2="6,81,14,93,21,121,98,86,25,60,109,17,5" hai3="54,61,63,51,91,45,9,52,128,31,64,67,119"/><W101/><G119/><T38/><D122/><U15/><E28/><V99/><F121/><W71/><G128/><N who="0" m="49195" /><D117/><U2/><E43/><V10/><F109/><W27/><G101/><T0/><D0/><U32/><E2/><V107/><F107/><W85/><G9/><N who="0" m="6575" /><D115/><U56/><E100/><V4/><F60/><W69/><G54/><T37/><D73/><U49/><E55/><V30/><REACH who="2" step="1"/><F93/><REACH who="2" ten="353,57,253,327" step="2"/><W113/><G113/><T23/><D37/><U48/><E95/><V40/><F40/><W70/><G70/><T92/><D23/><U33/><E120/><V53/><F53/><W125/><G125/><T65/><D65/><U68/><E127/><V104/><F104/><W59/><G59/><T83/><D92/><U126/><E56/><V129/><F129/><W22/><G85/><T7/><D41/><U8/><E68/><V106/><F106/><W108/><G108/><T26/><D38/><U96/><E111/><V116/><F116/><W110/><G110/><T135/><D47/><U42/><E118/><V124/><F124/><W88/><AGARI ba="1,1" hai="22,27,31,45,51,52,61,63,64,67,69,71,88,91" machi="88" ten="30,11700,0" yaku="0,1,9,1,54,2" doraHai="123" who="3" fromWho="3" sc="353,-40,57,-40,253,-40,327,130" owari="313,11.3,17,-48.3,213,-18.7,457,55.7" /></mjloggm>