<mjloggm ver="2.3"><GO type="225" lobby="0"/><UN n0="%72%61%6B%33" n1="%E3%81%8B%E3%82%8F%E3%81%A1%E3%82%83%E3%82%93%35%38" n2="%E5%B0%8F%E9%B3%A5%E9%81%8A%E7%B7%B4%E7%84%A1%32%31%E6%AD%B3" n3="%E3%82%BF%E3%83%BC%E3%83%90%E3%83%B3%E9%87%8E%E5%8F%A3" dan="16,16,16,16" rate="2082.32,2132.48,2157.05,2135.69" sx="M,M,F,M"/><TAIKYOKU oya="0"/><INIT seed="0,0,0,2,1,122" ten="250,250,250,250" oya="0" hai0="28,87,47,91,93,98,107,84,27,37,94,64,92" hai1="105,134,25,85,12,57,7,21,96,53,10,116,39" hai2="66,24,79,55,65,68,51,131,115,36,23,54,42" hai3="103,129,18,73,45,95,111,135,22,35,118,31,110"/><T123/><D123/><U108/><E116/><V8/><F115/><W1/><G118/><T3/><D3/><U4/><E39/><V46/><F131/><W17/><G73/><T30/><D30/><U83/><E134/><V33/><F33/><W97/><G129/><T13/><D107/><U16/><E105/><V114/><F114/><W11/><G135/><T32/><D64/><N who="2" m="24682" /><F79/><W63/><G63/><T52/><D13/><U58/><E108/><N who="3" m="41514" /><G45/><T89/><D37/><U81/><E96/><V104/><F8/><W48/><G48/><T80/><D98/><U86/><E4/><V101/><F101/><W128/><G128/><T109/><D109/><U76/><REACH who="1" step="1"/><E53/><REACH who="1" ten="250,240,250,250" step="2"/><N who="2" m="19979" /><F104/><W119/><G119/><T15/><REACH who="0" step="1"/><D15/><REACH who="0" ten="240,240,250,250" step="2"/><U88/><AGARI ba="0,2" hai="7,10,12,16,21,25,57,58,76,81,83,85,86,88" machi="88" ten="20,12000,2" yaku="1,1,0,1,7,1,8,1,54,2,53,0" doraHai="122" doraHaiUra="62" who="1" fromWho="1" sc="240,-60,240,140,250,-30,250,-30" /><INIT seed="1,0,0,5,1,132" ten="180,380,220,220" oya="1" hai0="57,73,63,12,27,83,99,124,16,28,24,10,98" hai1="34,37,119,59,96,61,52,15,107,5,54,7,36" hai2="25,78,26,85,113,22,9,95,53,111,4,35,0" hai3="72,33,31,118,120,100,51,115,121,108,6,76,55"/><U87/><E34/><V56/><F35/><W105/><G115/><T86/><D124/><U93/><E107/><V71/><F71/><W106/><G6/><T125/><D125/><U29/><E29/><V104/><F104/><W66/><G72/><T81/><D73/><U30/><E30/><V38/><F38/><W94/><G76/><T122/><D122/><U47/><E119/><V92/><F113/><W101/><G118/><T126/><D126/><U90/><E37/><V20/><F111/><W62/><G108/><T75/><D75/><U79/><E15/><V17/><F78/><W74/><G94/><T50/><D50/><N who="1" m="28767" /><E36/><V135/><F85/><W130/><G74/><T23/><D24/><U32/><E32/><V123/><F135/><W110/><G110/><T44/><D44/><U89/><E79/><V68/><F68/><N who="3" m="42071" /><G106/><T45/><D45/><U40/><E40/><V129/><F129/><W103/><G130/><T128/><D128/><U43/><E43/><V19/><REACH who="2" step="1"/><F123/><REACH who="2" ten="180,380,210,220" step="2"/><W80/><G121/><T41/><D41/><U67/><E67/><V97/><F97/><N who="0" m="36874" /><D86/><U134/><E134/><V58/><F58/><N who="3" m="33151" /><G120/><T127/><D127/><U91/><E91/><V102/><F102/><W88/><G105/><T18/><D28/><U70/><E70/><V11/><F11/><W84/><G31/><T14/><D10/><U21/><E21/><V114/><F114/><W42/><G33/><T109/><D23/><U2/><E90/><V39/><F39/><W112/><G112/><T13/><D109/><U65/><E87/><V48/><AGARI ba="0,1" hai="0,4,9,17,19,20,22,25,26,48,53,56,92,95" machi="48" ten="20,5200,0" yaku="1,1,0,1,7,1,9,1,53,0" doraHai="132" doraHaiUra="133" who="2" fromWho="2" sc="180,-13,380,-26,210,62,220,-13" /><INIT seed="2,0,0,1,2,29" ten="167,354,272,207" oya="2" hai0="72,11,87,24,93,25,44,71,34,63,133,110,20" hai1="117,67,68,4,80,18,39,121,112,14,28,95,57" hai2="32,89,126,37,31,64,120,108,27,76,92,135,55" hai3="90,103,15,101,82,77,128,98,8,38,79,10,127"/><V13/><F120/><W113/><G127/><T30/><D72/><U53/><E39/><V97/><F126/><W100/><G128/><T56/><D110/><U33/><E4/><V9/><F135/><W69/><G113/><T131/><D133/><U2/><E2/><V83/><F37/><W116/><G116/><T132/><D132/><U75/><E67/><V23/><F64/><W61/><G38/><T125/><D125/><U26/><E95/><V5/><F55/><W78/><G69/><T123/><D71/><U74/><E80/><V50/><F50/><W17/><G61/><T122/><D131/><U70/><E75/><V86/><REACH who="2" step="1"/><F108/><REACH who="2" ten="167,354,262,207" step="2"/><W22/><G82/><T81/><D81/><U43/><E53/><V94/><F94/><AGARI ba="0,1" hai="8,10,15,17,22,77,78,79,90,94,98,100,101,103" machi="94" ten="40,1300,0" yaku="8,1" doraHai="29" who="3" fromWho="2" sc="167,0,354,0,262,-13,207,23" /><INIT seed="3,0,0,3,3,121" ten="167,354,249,230" oya="3" hai0="103,23,49,101,14,11,131,133,125,28,38,96,112" hai1="107,79,89,128,54,114,80,83,64,77,88,122,86" hai2="21,113,74,73,59,76,70,53,130,29,109,106,20" hai3="51,3,90,9,16,105,36,124,1,81,102,10,67"/><W15/><G36/><T84/><D38/><U19/><E114/><V72/><F113/><W32/><G32/><T48/><D112/><U99/><E122/><V111/><F70/><W127/><G67/><T27/><D125/><N who="3" m="48201" /><G9/><T123/><D123/><U40/><E40/><V75/><F106/><W0/><G51/><T66/><D133/><U25/><E64/><V100/><F100/><W34/><G34/><T65/><D131/><U61/><E128/><V44/><F44/><W116/><G116/><T50/><D84/><N who="1" m="50183" /><E107/><V69/><F69/><W98/><G81/><T97/><D103/><U58/><E99/><V56/><F130/><W6/><G90/><T45/><D45/><U18/><E25/><V129/><F129/><W91/><G91/><T42/><D42/><U8/><E8/><V85/><F85/><W4/><AGARI ba="0,0" hai="0,1,3,4,6,10,15,16,98,102,105" m="48201" machi="4" ten="40,3900,0" yaku="18,1,54,1" doraHai="121" who="3" fromWho="3" sc="167,-13,354,-13,249,-13,230,39" /><INIT seed="3,1,0,1,3,110" ten="154,341,236,269" oya="3" hai0="101,93,128,31,134,73,115,79,121,75,118,13,55" hai1="74,107,77,135,111,88,43,114,119,50,130,48,94" hai2="63,51,17,9,71,29,12,133,34,11,85,30,70" hai3="4,132,124,54,123,72,83,56,1,122,89,116,106"/><W33/><G116/><T53/><D118/><U27/><E107/><V82/><F133/><W45/><G106/><T102/><D121/><U68/><E68/><V100/><F34/><W25/><G132/><T78/><D134/><U98/><E135/><V64/><F71/><W59/><G124/><T99/><D13/><U44/><E119/><V26/><F100/><W87/><G72/><T16/><D31/><U120/><E120/><V86/><F51/><W58/><G1/><T103/><D128/><U46/><E114/><V19/><F29/><W109/><G4/><T37/><D37/><U42/><E130/><V113/><F113/><W24/><G109/><T60/><D60/><U22/><E111/><V57/><F70/><W62/><G45/><T47/><D47/><U49/><E74/><V76/><F30/><W61/><G56/><T69/><D69/><U125/><E77/><V36/><F36/><W52/><G33/><T129/><D129/><U131/><E131/><V14/><REACH who="2" step="1"/><F26/><AGARI ba="1,0" hai="24,25,26,52,54,58,59,61,62,83,87,89,122,123" machi="26" ten="40,3900,0" yaku="9,1,54,1" doraHai="110" who="3" fromWho="2" sc="154,0,341,0,236,-42,269,42" /><INIT seed="3,2,0,3,2,16" ten="154,341,194,311" oya="3" hai0="62,29,127,122,111,60,25,67,0,70,78,75,46" hai1="41,50,77,63,82,96,118,131,9,98,55,38,134" hai2="48,86,128,81,23,35,56,20,24,36,6,53,119" hai3="130,28,126,1,19,103,87,85,105,123,8,40,73"/><W33/><G123/><T90/><D122/><U97/><E38/><V18/><F36/><W69/><G73/><T101/><D111/><U17/><E41/><V114/><F119/><W108/><G40/><T79/><D127/><U52/><E118/><V49/><F114/><W2/><G126/><T65/><D0/><U13/><E131/><V74/><F74/><W12/><G130/><T51/><D101/><U22/><E134/><V44/><F6/><N who="3" m="1103" /><G69/><T113/><D113/><U7/><E63/><V133/><F133/><W57/><G2/><T80/><D90/><U76/><E82/><V64/><F35/><W106/><G57/><T109/><D109/><U27/><E55/><V104/><F104/><N who="3" m="40043" /><G103/><T132/><D132/><U45/><AGARI ba="2,0" hai="7,9,13,17,22,27,45,50,52,76,77,96,97,98" machi="45" ten="30,7900,0" yaku="0,1,8,1,52,1,54,1" doraHai="16" who="1" fromWho="1" sc="154,-22,341,85,194,-22,311,-41" owari="132,-36.8,426,52.6,172,-22.8,270,7.0" /></mjloggm>