<mjloggm ver="2.3"><GO type="225" lobby="0"/><UN n0="%E3%81%8B%E3%82%8F%E3%81%A1%E3%82%83%E3%82%93%35%38" n1="%E6%A1%9C%E8%8A%B1%E9%96%83%E3%80%85" n2="%E3%83%81%E3%83%AF%E3%83%AF%E9%9A%8A%E9%95%B7" n3="%E3%81%B5%E3%81%98%E3%81%8B%E3%81%A4" dan="17,16,16,17" rate="2208.30,2207.46,2085.46,2197.50" sx="M,M,M,M"/><TAIKYOKU oya="0"/><INIT seed="0,0,0,0,1,93" ten="250,250,250,250" oya="0" hai0="89,97,2,54,15,99,120,69,14,25,129,73,117" hai1="48,47,84,82,87,94,96,118,98,21,71,26,95" hai2="64,33,86,35,124,100,85,80,20,42,130,9,63" hai3="76,12,17,128,50,61,122,106,66,46,13,109,40"/><T135/><D120/><U127/><E127/><V79/><F124/><W6/><G109/><T126/><D117/><U102/><E71/><V83/><F130/><W11/><G122/><T24/><D2/><U53/><E118/><V101/><F42/><W105/><G128/><T30/><D126/><U65/><E65/><V75/><F75/><W68/><REACH who="3" step="1"/><G76/><REACH who="3" ten="250,250,250,240" step="2"/><T51/><D129/><U116/><E116/><V45/><F79/><W44/><G44/><T60/><D135/><U125/><E125/><V56/><F45/><W114/><G114/><T104/><D73/><U81/><E81/><V49/><F83/><W0/><G0/><T41/><D41/><U70/><E82/><V23/><F80/><W107/><G107/><T57/><D104/><U22/><E70/><V131/><F131/><W112/><G112/><T1/><D1/><U3/><E3/><V7/><F56/><W34/><G34/><T92/><D69/><U111/><E111/><V38/><F33/><W74/><G74/><T43/><D43/><U108/><E108/><V123/><F35/><W28/><G28/><T16/><D30/><N who="1" m="17743" /><E22/><AGARI ba="0,1" hai="6,11,12,13,17,22,40,46,50,61,66,68,105,106" machi="22" ten="30,7700,0" yaku="1,1,7,1,53,2" doraHai="93" doraHaiUra="10" who="3" fromWho="1" sc="250,0,250,-77,250,0,240,87" /><INIT seed="1,0,0,3,5,58" ten="250,173,250,327" oya="1" hai0="120,44,124,128,64,32,81,73,41,35,25,31,30" hai1="29,100,86,134,129,111,133,126,103,43,92,36,17" hai2="18,53,77,67,87,98,57,52,121,54,56,40,33" hai3="60,117,105,8,46,118,91,135,94,1,55,96,19"/><U16/><E29/><V74/><F33/><W5/><G135/><N who="1" m="51722" /><E129/><V114/><F74/><W26/><G105/><T113/><D113/><U88/><E126/><V85/><F121/><W109/><G109/><T99/><D124/><U82/><E111/><V59/><F114/><W84/><G46/><T22/><D128/><U10/><E10/><V15/><F40/><W11/><G84/><N who="2" m="32329" /><F77/><W90/><G90/><T102/><D120/><U3/><E3/><V7/><F7/><W122/><G122/><T39/><D31/><U127/><E127/><V101/><F101/><N who="1" m="38985" /><E82/><V95/><F95/><W6/><G26/><T89/><D89/><U110/><E110/><V27/><F98/><W112/><G112/><T12/><D81/><U97/><E97/><V116/><F116/><N who="3" m="44651" /><G19/><N who="1" m="7242" /><E43/><V107/><F107/><W23/><G23/><T131/><D131/><U14/><E14/><V93/><F27/><W78/><G78/><T45/><D12/><U106/><E106/><V108/><F108/><W123/><G123/><T75/><D99/><U20/><E20/><N who="2" m="11359" /><F93/><W51/><G1/><T71/><D102/><U83/><E92/><V50/><F67/><W48/><G8/><T66/><D66/><U2/><E2/><V24/><F24/><W34/><G11/><T38/><D32/><U63/><E36/><N who="0" m="13865" /><D41/><U72/><E72/><N who="0" m="27721" /><D35/><U79/><E79/><V132/><F132/><W0/><G34/><T80/><D80/><U119/><E119/><V13/><F13/><W68/><G0/><T28/><D28/><U49/><E49/><AGARI ba="0,0" hai="49,50,52,53,54,56,57,59" m="11359,32329" machi="49" ten="40,2600,0" yaku="8,1,54,1" doraHai="58" who="2" fromWho="1" sc="250,0,173,-26,250,26,327,0" /><INIT seed="2,0,0,2,2,39" ten="250,147,276,327" oya="2" hai0="12,53,103,3,108,106,73,80,75,29,83,41,95" hai1="36,123,113,88,51,67,133,92,35,101,16,52,69" hai2="44,84,40,97,38,48,2,54,4,128,0,86,115" hai3="26,6,32,96,5,25,45,78,66,91,90,1,85"/><V20/><F115/><W42/><G66/><T124/><D3/><U27/><E113/><V14/><F128/><W105/><G32/><T56/><D106/><U99/><E36/><V100/><F0/><W49/><G78/><T104/><D104/><U122/><E133/><V129/><F2/><W61/><G61/><T55/><D29/><U34/><E101/><V94/><F129/><W134/><G134/><T9/><D108/><U10/><E67/><V114/><F114/><W131/><G131/><T135/><D135/><U77/><E69/><V24/><F14/><W74/><G74/><T112/><D112/><U132/><E77/><V72/><F4/><N who="3" m="1643" /><G105/><T28/><D28/><U60/><E60/><V76/><F76/><W81/><G1/><T119/><D12/><N who="1" m="7191" /><E27/><V11/><F11/><W120/><G120/><N who="1" m="46122" /><E132/><V109/><F72/><W102/><G102/><T110/><D103/><U33/><E33/><V63/><F63/><W125/><G125/><T23/><D124/><U116/><E116/><V47/><REACH who="2" step="1"/><F109/><REACH who="2" ten="250,147,266,327" step="2"/><W89/><G25/><T18/><D110/><U71/><E71/><V58/><F58/><AGARI ba="0,1" hai="34,35,51,52,58,88,92,99" m="46122,7191" machi="58" ten="30,7700,0" yaku="13,1,54,3" doraHai="39" who="1" fromWho="2" sc="250,0,147,87,266,-77,327,0" /><INIT seed="3,0,0,4,4,33" ten="250,234,189,327" oya="3" hai0="111,25,122,125,100,75,66,132,91,20,63,110,7" hai1="61,121,73,13,69,6,21,87,60,17,31,2,129" hai2="115,90,54,11,41,68,38,22,35,26,120,130,85" hai3="51,18,116,28,30,40,74,70,67,128,56,39,29"/><W46/><G116/><T1/><D122/><U105/><E121/><V119/><F35/><W76/><G128/><T62/><D125/><U101/><E73/><V103/><F68/><W88/><G74/><T113/><D75/><U81/><E129/><V104/><F120/><W86/><G76/><T5/><D132/><U42/><E42/><V135/><F130/><W133/><G133/><T49/><D113/><U97/><E31/><V37/><F135/><W127/><G127/><T3/><D100/><U102/><E102/><V8/><F119/><W117/><G117/><T19/><D49/><U108/><E108/><N who="0" m="41513" /><D91/><U106/><E106/><V131/><F131/><W45/><G18/><T71/><D63/><U57/><E69/><V59/><F115/><W55/><G46/><T118/><D118/><U48/><E48/><V4/><F41/><W52/><G55/><T58/><D71/><U23/><E23/><V72/><F72/><W34/><G34/><T124/><D124/><U24/><E24/><V53/><F53/><W92/><G29/><T64/><D64/><U47/><E47/><V109/><F109/><W79/><G79/><T12/><D25/><U94/><E105/><V10/><F4/><AGARI ba="0,0" hai="1,3,4,5,7,12,19,20,58,62,66" m="41513" machi="4" ten="30,3900,0" yaku="14,1,52,2" doraHai="33" who="0" fromWho="2" sc="250,39,234,0,189,-39,327,0" owari="289,8.9,234,-16.6,150,-35.0,327,42.7" /></mjloggm>