<mjloggm ver="2.3"><GO type="225" lobby="0"/><UN n0="%E3%81%A9%E3%82%93%E3%82%88%E3%81%8F%4D%6B%2E%32" n1="%E3%83%AD%E3%83%83%E3%83%86%E9%9B%80%E7%90%83" n2="%E3%81%AB%E3%81%9B%E6%82%9F%E7%A9%BA" n3="%6B%65%6E%6E%64%69" dan="16,17,16,16" rate="2165.26,2197.25,2091.60,2158.94" sx="M,M,M,M"/><TAIKYOKU oya="0"/><INIT seed="0,0,0,2,2,65" ten="250,250,250,250" oya="0" hai0="111,80,45,116,77,66,93,107,76,64,52,33,135" hai1="22,131,69,105,112,50,102,91,82,114,43,30,108" hai2="79,6,74,110,19,106,126,101,34,133,132,20,39" hai3="86,92,68,3,94,46,100,121,123,11,88,53,70"/><T124/><D107/><U122/><E122/><N who="3" m="46602" /><G3/><T118/><D33/><U24/><E108/><V49/><F34/><W63/><G11/><T2/><D2/><U119/><E119/><V4/><F39/><W87/><G100/><T14/><D111/><U32/><E131/><V104/><F110/><W109/><G109/><T56/><D124/><U125/><E125/><V0/><F126/><W7/><G7/><T41/><D135/><N who="2" m="51786" /><F49/><N who="3" m="28855" /><G63/><T60/><D93/><N who="3" m="35945" /><G87/><T47/><D116/><U36/><E102/><V90/><F4/><W42/><G42/><T95/><D118/><U59/><E43/><V58/><F6/><W81/><AGARI ba="0,0" hai="68,70,81,86,88" m="35945,28855,46602" machi="81" ten="30,7900,0" yaku="13,1,52,2,54,1" doraHai="65" who="3" fromWho="3" sc="250,-39,250,-20,250,-20,250,79" /><INIT seed="1,0,0,2,4,7" ten="211,230,230,329" oya="1" hai0="2,56,60,90,39,105,4,98,123,33,124,59,25" hai1="93,18,125,11,128,61,94,95,82,42,0,96,117" hai2="43,64,22,89,110,49,12,3,46,57,85,6,26" hai3="99,37,97,120,65,77,78,23,131,107,74,47,24"/><U100/><E117/><V127/><F3/><W119/><G120/><T53/><D39/><U28/><E125/><V121/><F121/><W63/><G119/><T20/><D123/><U101/><E128/><V66/><F127/><W103/><G131/><T72/><D72/><U45/><E28/><N who="2" m="17495" /><F110/><W34/><G74/><T9/><D33/><U81/><E61/><V80/><F57/><W126/><G126/><T35/><D35/><U62/><E62/><V44/><F44/><W106/><G107/><T75/><D75/><U41/><E41/><V79/><F89/><W88/><G47/><T29/><D124/><U16/><E101/><V71/><F71/><W133/><G133/><T67/><D105/><U54/><E0/><V130/><F130/><W132/><G37/><T50/><D90/><U5/><E54/><V15/><F15/><W104/><G132/><T70/><REACH who="0" step="1"/><D98/><REACH who="0" ten="201,230,230,329" step="2"/><U83/><E96/><V52/><F43/><W87/><G99/><T92/><D92/><U118/><E118/><V116/><F116/><W31/><G106/><T122/><D122/><U48/><E100/><V111/><F111/><W115/><G34/><T21/><D21/><U19/><E5/><V86/><F85/><W40/><G40/><T13/><D13/><AGARI ba="0,1" hai="11,13,16,18,19,42,45,48,81,82,83,93,94,95" machi="13" ten="40,7700,0" yaku="8,1,52,1,54,1" doraHai="7" who="1" fromWho="0" sc="201,-77,230,87,230,0,329,0" /><INIT seed="1,1,0,1,2,53" ten="124,317,230,329" oya="1" hai0="35,96,23,104,133,78,121,101,122,91,77,94,30" hai1="127,41,21,63,109,56,66,26,61,3,0,24,38" hai2="64,46,135,40,18,116,98,114,15,59,132,6,45" hai3="128,29,107,11,103,90,69,39,2,118,106,44,14"/><U115/><E115/><V37/><F6/><W25/><G128/><T70/><D70/><U93/><E127/><V49/><F98/><W47/><G118/><T99/><D35/><U65/><E109/><V92/><F92/><W126/><G126/><T81/><D30/><U83/><E83/><V7/><F7/><W27/><G27/><T129/><D23/><U80/><E80/><V100/><F100/><W71/><G90/><T68/><D68/><U85/><E41/><V82/><F82/><W20/><G2/><T124/><D124/><U32/><E38/><V52/><F116/><W31/><G39/><T48/><D48/><U111/><E111/><V50/><F114/><W95/><G95/><T84/><D129/><U108/><E108/><V86/><F86/><W12/><G20/><T33/><D33/><U112/><E112/><V110/><F110/><W4/><G4/><T58/><D58/><N who="1" m="37047" /><E32/><V5/><F5/><W9/><G103/><T119/><D119/><U120/><E120/><V134/><F37/><W51/><G25/><T57/><D57/><U117/><E117/><V36/><F36/><W75/><G51/><T62/><D62/><U1/><E21/><N who="2" m="11487" /><F64/><W87/><REACH who="3" step="1"/><G87/><REACH who="3" ten="124,317,230,319" step="2"/><T105/><D105/><U8/><E8/><V73/><F46/><W34/><G34/><T42/><D42/><U13/><E13/><V113/><F113/><W79/><G79/><T88/><D133/><U22/><E22/><V54/><F40/><W123/><G123/><AGARI ba="1,1" hai="77,78,81,84,88,91,94,96,99,101,104,121,122,123" machi="123" ten="40,8000,1" yaku="13,1,34,3,54,1" doraHai="53" who="0" fromWho="3" sc="124,93,317,0,230,0,319,-83" /><INIT seed="2,0,0,2,2,44" ten="217,317,230,236" oya="2" hai0="3,117,120,18,93,13,47,38,61,121,78,91,104" hai1="88,82,98,7,77,49,97,85,113,26,101,81,53" hai2="37,109,52,35,21,45,110,14,69,1,107,15,111" hai3="123,112,32,24,50,29,40,80,55,19,95,30,106"/><V51/><F1/><W126/><G123/><T79/><D3/><U74/><E113/><V27/><F107/><W33/><G106/><T96/><D117/><U48/><E7/><V59/><F69/><W89/><G112/><T12/><D104/><U99/><E26/><V54/><F35/><W102/><G126/><T122/><D61/><U71/><E71/><V129/><F129/><W31/><G40/><T36/><D13/><U132/><E132/><V23/><F23/><N who="3" m="13439" /><G33/><T56/><D56/><U116/><E116/><V11/><F11/><W86/><G32/><T22/><REACH who="0" step="1"/><D47/><REACH who="0" ten="207,317,230,236" step="2"/><U70/><E70/><V62/><F37/><AGARI ba="0,1" hai="12,18,22,36,37,38,78,79,91,93,96,120,121,122" machi="37" ten="50,3200,0" yaku="1,1,2,1,53,0" doraHai="44" doraHaiUra="66" who="0" fromWho="2" sc="207,42,317,0,230,-32,236,0" /><INIT seed="3,0,0,4,5,55" ten="249,317,198,236" oya="3" hai0="126,120,1,66,108,39,73,72,101,21,12,133,44" hai1="95,64,76,110,20,68,27,80,53,70,50,78,90" hai2="87,2,13,77,82,16,28,71,48,98,122,135,30" hai3="111,119,94,49,100,5,93,37,14,43,24,109,52"/><W61/><G119/><T106/><D120/><U79/><E110/><N who="3" m="41994" /><G100/><T117/><D1/><U9/><E9/><V41/><F2/><W121/><G121/><T132/><D108/><U17/><E64/><V8/><F71/><W102/><G37/><T4/><D66/><U42/><E42/><V15/><F122/><W11/><G43/><N who="0" m="22655" /><D117/><U86/><E70/><V85/><F135/><N who="0" m="51786" /><D126/><U25/><E68/><V67/><F67/><W26/><G61/><T97/><D21/><U38/><E38/><V19/><F98/><N who="3" m="59727" /><G94/><T88/><D88/><U105/><E105/><V36/><F85/><W3/><G3/><T10/><AGARI ba="0,0" hai="4,10,12,72,73,97,101,106" m="51786,22655" machi="10" ten="30,1100,0" yaku="20,1" doraHai="55" who="0" fromWho="0" sc="249,11,317,-3,198,-3,236,-5" owari="260,6.0,314,41.4,195,-30.5,231,-16.9" /></mjloggm>