<mjloggm ver="2.3"><GO type="225" lobby="0"/><UN n0="%E3%81%BE%E3%81%A8%E3%81%9F" n1="%E3%81%B5%E3%81%98%E3%81%8B%E3%81%A4" n2="%E3%81%AA%E3%81%A3%E3%81%8D%E3%82%8A" n3="%E3%81%BF%E3%81%BF%E3%81%9A" dan="16,17,18,18" rate="2153.79,2189.49,2181.18,2251.22" sx="M,M,M,M"/><TAIKYOKU oya="0"/><INIT seed="0,0,0,2,2,79" ten="250,250,250,250" oya="0" hai0="120,63,56,52,42,30,113,122,77,51,23,75,6" hai1="80,4,83,72,115,132,35,61,38,86,87,123,85" hai2="119,2,94,12,102,130,37,68,45,108,44,117,50" hai3="41,32,73,60,90,129,106,135,121,107,17,0,62"/><T31/><D113/><U74/><E35/><V47/><F2/><W5/><G32/><T65/><D42/><U54/><E38/><V34/><F34/><W91/><G73/><N who="1" m="28266" /><E54/><V89/><F102/><W111/><G41/><T64/><D64/><U76/><E61/><V100/><F100/><W28/><G28/><T14/><D30/><U131/><E4/><V118/><F108/><W15/><G111/><T58/><D6/><U49/><E49/><V104/><F104/><W110/><G110/><T39/><D39/><U81/><E115/><V116/><F130/><W70/><G129/><T88/><D77/><N who="1" m="46223" /><E131/><V103/><F103/><W99/><G70/><T67/><D75/><U93/><E132/><V16/><F68/><W59/><G135/><T3/><D67/><U21/><E21/><N who="2" m="11399" /><F37/><W19/><G0/><T105/><D3/><U97/><E123/><V128/><N who="2" m="29696" /><DORA hai="69" /><V40/><F128/><W71/><G121/><T20/><D120/><U55/><E55/><V46/><F46/><W66/><G71/><T127/><D122/><U1/><E1/><V8/><F8/><N who="3" m="4495" /><G107/><T95/><D105/><U7/><E7/><V92/><F92/><N who="3" m="56727" /><G106/><T36/><D36/><U18/><E18/><V124/><F124/><W114/><G114/><T26/><D127/><U27/><E27/><V10/><F10/><W43/><G43/><T24/><D14/><U29/><E29/><V25/><F25/><N who="0" m="9834" /><D31/><U48/><E48/><V11/><F11/><W112/><G112/><T33/><D33/><U13/><E13/><V84/><AGARI ba="0,0" hai="40,44,45,47,50,84,89,94" m="29696,11399" machi="84" ten="60,4000,0" yaku="12,1,54,1" doraHai="79,69" who="2" fromWho="2" sc="250,-20,250,-10,250,40,250,-10" /><INIT seed="1,0,0,0,3,100" ten="230,240,290,240" oya="1" hai0="69,124,8,7,48,82,76,103,29,3,17,41,36" hai1="122,58,31,116,135,78,125,4,92,60,123,51,59" hai2="77,42,86,132,91,79,40,108,81,95,25,117,37" hai3="87,98,104,90,46,110,88,101,53,118,70,113,39"/><U119/><E78/><V44/><F117/><N who="1" m="45129" /><E31/><V34/><F108/><W50/><G113/><T57/><D69/><U84/><E84/><V33/><F132/><W12/><G110/><T10/><D103/><U26/><E26/><V67/><F67/><W85/><G118/><T54/><D124/><U6/><E6/><V105/><F77/><W28/><G70/><T55/><D29/><U47/><E4/><V56/><F42/><W61/><G39/><T126/><D126/><U93/><E93/><V120/><F120/><N who="1" m="46121" /><E92/><V89/><F56/><N who="1" m="21545" /><E125/><V23/><F105/><W68/><G28/><T30/><D30/><U94/><E94/><V111/><F91/><W5/><G87/><T107/><D107/><U72/><E72/><V24/><F111/><W22/><G85/><T114/><D76/><U115/><E115/><V18/><F25/><W1/><G1/><T127/><D82/><U32/><E32/><V0/><F0/><W102/><G102/><T74/><D74/><AGARI ba="0,0" hai="18,23,24,33,34,37,40,44,74,79,81,86,89,95" machi="74" ten="30,1000,0" yaku="7,1" doraHai="100" who="2" fromWho="0" sc="230,-10,240,0,290,10,240,0" /><INIT seed="2,0,0,2,1,2" ten="220,240,300,240" oya="2" hai0="102,62,1,29,104,107,42,46,27,94,119,84,16" hai1="86,45,109,97,135,63,25,125,44,15,5,34,36" hai2="13,118,54,81,10,49,116,123,134,131,96,71,110" hai3="88,121,85,95,120,48,3,26,78,124,83,77,75"/><V122/><F71/><W22/><G124/><T41/><D119/><U12/><E125/><V117/><F131/><W50/><G3/><T106/><D1/><U40/><E109/><V129/><F129/><W99/><G120/><T92/><D62/><U112/><E112/><V82/><F134/><W39/><G39/><T69/><D69/><U127/><E127/><V21/><F21/><W100/><G121/><T19/><D42/><U58/><E135/><V53/><F110/><W18/><REACH who="3" step="1"/><G78/><REACH who="3" ten="220,240,300,230" step="2"/><T35/><D102/><U65/><E36/><V89/><F123/><W66/><G66/><T43/><D43/><U8/><E40/><V67/><F67/><W24/><G24/><T72/><D72/><U87/><E25/><V115/><F122/><W55/><G55/><T32/><D32/><U103/><E34/><V61/><F54/><W33/><G33/><T133/><D133/><U14/><E14/><V90/><F53/><W47/><G47/><T132/><D132/><U9/><E45/><V101/><F13/><W73/><G73/><T105/><N who="0" m="26624" /><DORA hai="30" /><T111/><D111/><U130/><E44/><V93/><F117/><W17/><G17/><T74/><D74/><U31/><E130/><V64/><F116/><W6/><G6/><T56/><D46/><U52/><E65/><V113/><F118/><W38/><G38/><T91/><D41/><U98/><E31/><V4/><F64/><W80/><AGARI ba="0,1" hai="18,22,26,48,50,75,77,80,83,85,88,95,99,100" machi="80" ten="20,5200,0" yaku="1,1,0,1,7,1,54,1,53,0" doraHai="2,30" doraHaiUra="70,0" who="3" fromWho="3" sc="220,-13,240,-13,300,-26,230,62" /><INIT seed="3,0,0,3,4,88" ten="207,227,274,292" oya="3" hai0="41,125,112,96,57,45,100,53,71,79,36,26,104" hai1="43,7,14,18,90,0,72,2,133,111,85,4,22" hai2="124,119,37,73,121,19,98,35,23,24,12,135,67" hai3="75,116,109,61,50,123,134,101,30,95,91,92,58"/><W83/><G116/><T32/><D125/><U132/><E72/><V44/><F119/><W29/><G123/><T9/><D71/><U113/><E43/><V122/><F73/><W84/><G109/><T87/><D112/><U15/><E85/><V120/><F67/><N who="3" m="39351" /><G75/><T70/><D70/><U38/><E90/><V115/><F115/><W49/><G134/><N who="1" m="51818" /><E38/><V86/><F135/><W8/><G8/><T25/><D32/><U34/><E113/><V131/><F131/><W78/><G101/><T31/><D31/><N who="3" m="11785" /><G78/><T21/><D9/><N who="1" m="4415" /><E111/><V10/><F124/><W77/><G77/><T16/><D26/><N who="1" m="14679" /><E34/><V129/><F35/><W93/><AGARI ba="0,0" hai="49,50,83,84,91,92,93,95" m="11785,39351" machi="93" ten="30,11700,0" yaku="8,1,52,3" doraHai="88" who="3" fromWho="3" sc="207,-39,227,-39,274,-39,292,117" owari="168,-33.2,188,-21.2,235,3.5,409,50.9" /></mjloggm>