<mjloggm ver="2.3"><GO type="225" lobby="0"/><UN n0="%6D%75%75%6D%75%72%61" n1="%E3%82%BC%E3%83%AB%E3%83%80%E3%81%AE%E4%BC%9D%E8%AA%AC" n2="%E6%A0%B9%E5%85%83%E3%81%8B%E3%82%89%E5%90%B9%E3%81%A3%E9%A3%9B%E3%81%B6" n3="%E6%B4%BE%E9%81%A3%E3%81%AE%E3%82%B8%E3%83%A3%E3%83%83%E3%82%AF" dan="17,17,17,16" rate="2172.38,2222.45,2227.97,2192.85" sx="F,M,F,M"/><TAIKYOKU oya="0"/><INIT seed="0,0,0,1,3,8" ten="250,250,250,250" oya="0" hai0="85,105,96,89,135,87,99,121,124,91,21,120,17" hai1="18,66,15,1,115,126,107,23,61,46,38,5,57" hai2="45,27,30,36,69,74,104,84,42,81,98,117,88" hai3="129,68,26,43,56,52,79,113,48,59,71,16,3"/><T13/><D124/><U109/><E126/><V14/><F69/><W82/><G113/><T86/><D135/><U116/><E116/><V63/><F117/><W51/><G3/><T108/><D108/><U41/><E107/><V33/><F63/><W78/><G129/><T47/><D47/><U119/><E119/><V40/><F40/><W134/><G134/><T12/><D12/><U102/><E109/><V122/><F122/><W70/><G82/><T80/><D87/><U100/><REACH who="1" step="1"/><E115/><REACH who="1" ten="250,240,250,250" step="2"/><V114/><F114/><W62/><G43/><T133/><D133/><U94/><E94/><V50/><F104/><W49/><REACH who="3" step="1"/><G59/><REACH who="3" ten="250,240,250,240" step="2"/><T93/><REACH who="0" step="1"/><D105/><REACH who="0" ten="240,240,250,240" step="2"/><U37/><E37/><V127/><F36/><W31/><G31/><T25/><D25/><U44/><E44/><V131/><F27/><W67/><G67/><T111/><D111/><U106/><E106/><V75/><F30/><W76/><G76/><T29/><D29/><U20/><E20/><AGARI ba="0,3" hai="16,20,26,48,49,51,52,56,62,68,70,71,78,79" machi="20" ten="50,6400,0" yaku="1,1,54,2,53,0" doraHai="8" doraHaiUra="0" who="3" fromWho="1" sc="240,0,240,-64,250,0,240,94" /><INIT seed="1,0,0,2,2,99" ten="240,176,250,334" oya="1" hai0="74,120,29,32,87,55,83,124,0,103,135,78,65" hai1="79,34,17,64,86,70,27,62,72,61,66,77,18" hai2="8,128,113,57,85,3,125,7,110,97,89,82,98" hai3="68,130,39,52,59,26,22,95,6,33,117,114,44"/><U106/><E72/><V105/><F110/><W73/><G114/><T42/><D135/><U115/><E115/><V112/><F125/><W21/><G68/><T107/><D124/><U92/><E106/><V12/><F128/><W84/><G73/><T45/><D0/><U93/><E34/><V100/><F3/><W69/><G69/><T48/><D120/><U91/><E93/><V104/><F57/><W121/><G121/><T67/><D74/><U96/><E27/><V9/><F9/><W4/><G33/><T15/><D15/><U50/><E50/><V28/><F28/><W102/><G21/><T76/><D76/><U101/><E79/><V81/><F81/><W37/><G37/><T88/><D78/><U126/><E77/><V63/><F63/><W60/><G130/><T131/><D131/><U122/><E122/><V16/><F7/><W80/><G117/><T43/><D43/><U118/><E118/><V94/><F105/><W5/><G39/><T31/><D42/><U11/><E11/><V41/><REACH who="2" step="1"/><F41/><REACH who="2" ten="240,176,240,334" step="2"/><W20/><G80/><T123/><D123/><U90/><E126/><V1/><F1/><W127/><G127/><T111/><D111/><U40/><E40/><V54/><F54/><W35/><G4/><T2/><D2/><U51/><E62/><V24/><F24/><W30/><G60/><T14/><D14/><U58/><E66/><N who="0" m="25097" /><D32/><U71/><E71/><V116/><F116/><W47/><G35/><T19/><D19/><U133/><E17/><V109/><F109/><W132/><G5/><T10/><D10/><U49/><E18/><RYUUKYOKU ba="0,1" sc="240,15,176,-15,240,15,334,-15" hai0="29,31,45,48,55,83,87,88,103,107" hai2="8,12,16,82,85,89,94,97,98,100,104,112,113" /><INIT seed="2,1,1,5,5,125" ten="255,161,255,319" oya="2" hai0="55,105,17,110,114,100,133,78,130,57,111,115,122" hai1="16,107,90,33,28,5,14,22,106,59,116,91,68" hai2="25,108,15,56,98,76,94,26,41,50,51,54,73" hai3="99,129,38,40,83,71,67,128,95,20,44,87,36"/><V37/><F73/><W65/><G20/><T62/><D122/><U109/><E116/><V27/><F76/><N who="3" m="46567" /><G38/><T96/><D133/><U104/><E68/><V103/><F108/><N who="0" m="41514" /><D130/><N who="3" m="50281" /><G71/><T70/><D70/><U4/><E109/><V1/><F1/><W49/><G36/><T79/><D17/><U61/><E28/><V60/><F37/><W0/><G0/><T30/><D30/><U134/><E33/><V7/><F41/><W64/><G64/><T97/><D97/><U2/><E134/><V121/><F121/><W85/><G85/><T81/><D78/><U42/><E42/><V29/><F29/><W63/><G63/><T66/><D66/><U12/><E2/><V43/><F43/><W93/><G93/><T39/><D39/><U117/><E117/><V13/><F13/><W132/><G132/><T32/><D32/><U58/><E14/><V92/><F94/><W113/><G113/><T74/><AGARI ba="1,1" hai="55,57,62,74,79,81,96,100,105,114,115" m="41514" machi="74" ten="30,1100,0" yaku="14,1" doraHai="125" who="0" fromWho="0" sc="255,24,161,-4,255,-6,319,-4" /><INIT seed="3,0,0,0,3,81" ten="279,157,249,315" oya="3" hai0="88,135,79,134,55,91,60,119,126,87,32,52,131" hai1="39,37,34,121,31,42,16,29,90,74,69,101,46" hai2="45,35,19,15,0,23,6,8,65,111,96,53,86" hai3="33,10,99,100,113,71,110,51,38,115,62,93,43"/><W124/><G33/><T17/><D119/><U133/><E121/><V73/><F73/><W94/><G38/><T92/><D126/><U41/><E133/><N who="0" m="50697" /><D32/><U106/><E74/><V108/><F65/><W117/><G117/><T58/><D131/><U48/><E69/><V102/><F35/><W20/><G124/><T82/><D17/><U50/><E106/><V11/><F11/><W116/><G116/><T24/><D24/><U49/><E101/><V78/><F45/><W122/><G122/><T80/><D55/><U5/><E5/><V1/><F53/><W44/><G20/><T26/><D26/><U63/><E63/><V12/><F12/><W18/><G18/><T104/><D104/><U118/><E118/><V132/><F0/><W64/><G10/><T66/><D79/><U56/><E34/><V27/><F1/><W61/><G61/><N who="0" m="36039" /><D91/><U97/><E56/><AGARI ba="0,0" hai="56,60,66,80,82,87,88,92" m="36039,50697" machi="56" ten="30,7700,0" yaku="20,1,52,1,54,2" doraHai="81" who="0" fromWho="1" sc="279,77,157,-77,249,0,315,0" owari="356,45.6,80,-42.0,249,-15.1,315,11.5" /></mjloggm>