<mjloggm ver="2.3"><GO type="225" lobby="0"/><UN n0="%E3%81%95%E3%81%8D%E3%81%9F%E3%81%BE%E6%9E%97%E6%AA%8E" n1="%74%61%6B%75%61%6B%61" n2="%E3%81%9F%E3%81%93%E2%98%86%E7%84%BC%E3%81%8D" n3="%E6%98%BC%E4%B8%8B%E3%81%8C%E3%82%8A%E3%81%AE%E5%9B%A3%E5%9C%B0%E5%A6%BB" dan="16,17,16,16" rate="2062.23,2223.21,2107.63,2158.58" sx="M,M,M,F"/><TAIKYOKU oya="0"/><INIT seed="0,0,0,2,0,0" ten="250,250,250,250" oya="0" hai0="131,105,133,116,94,45,66,36,95,50,75,33,128" hai1="127,102,130,91,35,92,123,80,13,17,89,125,49" hai2="135,55,78,104,68,83,132,54,110,15,9,62,81" hai3="93,101,84,109,2,3,72,42,48,29,73,98,40"/><T7/><D116/><U11/><E123/><V119/><F104/><W67/><G109/><T38/><D105/><U134/><E134/><N who="2" m="51243" /><F110/><W124/><G124/><N who="1" m="47690" /><E35/><V111/><F119/><W57/><G29/><T61/><D33/><U71/><E71/><V126/><F111/><W82/><G2/><T115/><D75/><U28/><E28/><V23/><F23/><W88/><G3/><T85/><D115/><U16/><E130/><N who="0" m="49705" /><D133/><U37/><E37/><N who="0" m="14441" /><D85/><N who="1" m="50343" /><E49/><V121/><F83/><W106/><G72/><T86/><D86/><N who="1" m="52343" /><E102/><V53/><F121/><W107/><G48/><T51/><D51/><U76/><E76/><V79/><F79/><N who="3" m="44399" /><G106/><T114/><D114/><U113/><E113/><V112/><F112/><W63/><AGARI ba="0,0" hai="40,42,57,63,67,84,88,93,98,101,107" m="44399" machi="63" ten="30,2000,0" yaku="24,1,54,1" doraHai="0" who="3" fromWho="3" sc="250,-10,250,-5,250,-5,250,20" /><INIT seed="1,0,0,2,2,5" ten="240,245,245,270" oya="1" hai0="8,22,36,64,35,12,119,74,16,76,26,124,0" hai1="101,114,21,84,91,27,28,127,87,134,48,6,73" hai2="60,130,105,13,90,15,57,82,116,132,110,10,106" hai3="109,61,32,25,37,133,113,131,83,125,103,14,19"/><U18/><E114/><V51/><F116/><W107/><G113/><T92/><D119/><U66/><E73/><V72/><F110/><W75/><G37/><T99/><D36/><U7/><E127/><V40/><F13/><W47/><G109/><T129/><D124/><U24/><E134/><V117/><F130/><W39/><G125/><T122/><D122/><U20/><E101/><V23/><F23/><W85/><G75/><T120/><D120/><U86/><E66/><V11/><F15/><W97/><G133/><T56/><D129/><U65/><E65/><V30/><F30/><W81/><G131/><T42/><D42/><U88/><E48/><V41/><F117/><W31/><G61/><T9/><D74/><U89/><AGARI ba="0,0" hai="6,7,18,20,21,24,27,28,84,86,87,88,89,91" machi="89" ten="30,6000,0" yaku="0,1,8,1,54,1" doraHai="5" who="1" fromWho="1" sc="240,-20,245,60,245,-20,270,-20" /><INIT seed="1,1,0,4,3,117" ten="220,305,225,250" oya="1" hai0="47,110,82,65,46,5,49,122,48,99,36,7,105" hai1="77,90,127,10,114,33,109,124,55,120,50,39,24" hai2="8,59,106,18,115,58,22,16,66,69,38,104,51" hai3="89,113,98,75,31,57,60,101,12,96,87,112,79"/><U84/><E114/><V88/><F38/><W41/><G41/><T28/><D110/><U68/><E39/><V119/><F69/><W93/><G31/><T129/><D129/><U42/><E42/><V85/><F119/><W2/><G2/><T19/><D36/><U37/><E37/><V76/><F76/><W70/><G70/><T103/><D28/><U15/><E68/><V91/><F8/><W64/><G98/><T123/><D65/><U80/><E109/><V20/><F85/><W121/><G121/><N who="0" m="46091" /><D19/><U133/><E133/><V56/><F51/><N who="0" m="19530" /><D82/><U54/><E120/><V17/><F66/><W107/><G12/><T35/><D35/><U131/><E15/><V32/><F32/><W135/><G135/><T43/><D43/><U86/><E80/><AGARI ba="1,0" hai="57,60,64,75,79,80,87,89,93,96,101,107,112,113" machi="80" ten="40,2600,0" yaku="24,2" doraHai="117" who="3" fromWho="1" sc="220,0,305,-29,225,0,250,29" /><INIT seed="2,0,0,5,0,13" ten="220,276,225,279" oya="2" hai0="90,50,115,54,110,86,71,47,95,2,116,112,98" hai1="28,99,40,106,7,12,30,92,126,82,63,114,70" hai2="35,42,34,60,103,18,124,22,39,83,104,25,121" hai3="119,58,93,68,122,94,23,108,10,33,87,66,79"/><V84/><F121/><W61/><G122/><T53/><D110/><U78/><E106/><V15/><F60/><W80/><G33/><T75/><D75/><U123/><E114/><V46/><F124/><W64/><G119/><T72/><D72/><U89/><E123/><V131/><F131/><W85/><G108/><T59/><D71/><U38/><E126/><V24/><F24/><W129/><G129/><T133/><D133/><U37/><E37/><V128/><F128/><W96/><G10/><T1/><D116/><U88/><E38/><V52/><F52/><W41/><G41/><T9/><D86/><N who="1" m="48471" /><E70/><V48/><F39/><W0/><G0/><T111/><D111/><U20/><E40/><V8/><F103/><W76/><G68/><T118/><D118/><U127/><E127/><V81/><F81/><W26/><G66/><T49/><REACH who="0" step="1"/><D9/><REACH who="0" ten="210,276,225,279" step="2"/><U117/><E117/><V36/><F36/><W101/><G87/><T56/><D56/><U125/><E125/><V77/><REACH who="2" step="1"/><F104/><REACH who="2" ten="210,276,215,279" step="2"/><W69/><G69/><T102/><D102/><U4/><E63/><V32/><F32/><W74/><G74/><T105/><D105/><U43/><E43/><V31/><AGARI ba="0,2" hai="8,15,18,22,25,31,34,35,42,46,48,77,83,84" machi="31" ten="20,18000,2" yaku="1,1,0,1,7,1,52,1,53,2" doraHai="13" doraHaiUra="29" who="2" fromWho="2" sc="210,-60,276,-60,215,200,279,-60" /><INIT seed="2,1,0,4,5,15" ten="150,216,415,219" oya="2" hai0="18,42,63,104,86,120,114,107,8,124,38,79,43" hai1="67,62,106,101,108,44,30,45,2,6,27,88,12" hai2="75,19,118,59,125,98,50,46,31,40,49,54,58" hai3="23,16,14,69,128,61,87,60,33,127,129,26,32"/><V24/><F75/><W100/><G127/><T126/><D114/><U119/><E2/><V89/><F118/><W28/><G100/><T131/><D120/><U70/><E119/><V103/><F89/><W110/><G33/><T65/><D131/><N who="3" m="50249" /><G110/><T20/><D8/><U7/><E108/><V5/><F5/><W113/><G113/><T84/><D79/><U68/><E68/><V53/><F125/><N who="0" m="48234" /><D86/><U10/><E6/><V116/><F116/><W96/><G96/><T130/><D84/><U112/><E112/><V83/><F83/><W25/><G69/><N who="0" m="42175" /><D130/><U13/><E88/><V22/><F40/><N who="0" m="15402" /><D38/><U9/><E9/><V78/><F78/><W105/><G105/><T77/><D77/><U37/><E37/><V55/><F31/><N who="3" m="19575" /><G87/><T39/><D39/><U35/><E12/><AGARI ba="1,0" hai="12,18,20,104,107" m="15402,42175,48234" machi="12" ten="30,2000,0" yaku="18,1,52,1" doraHai="15" who="0" fromWho="1" sc="150,23,216,-23,415,0,219,0" /><INIT seed="3,0,0,0,3,97" ten="173,193,415,219" oya="3" hai0="49,130,17,30,31,120,28,50,117,80,9,124,89" hai1="32,59,63,3,113,11,71,99,19,101,129,5,78" hai2="41,39,103,84,119,100,2,126,24,25,85,18,110" hai3="81,123,34,74,106,111,64,73,48,128,27,115,35"/><W29/><G115/><T114/><D117/><U105/><E113/><V58/><F2/><W75/><G35/><T72/><D120/><U121/><E121/><V96/><F39/><W54/><G123/><T102/><D114/><U76/><E71/><V14/><F41/><W82/><G128/><T10/><D130/><U42/><E129/><V38/><F38/><W7/><G64/><T13/><D124/><U61/><E32/><V79/><F96/><W57/><G111/><T43/><D72/><U70/><E70/><V87/><F79/><W92/><G106/><T20/><D102/><N who="2" m="38954" /><F126/><W33/><G33/><T8/><REACH who="0" step="1"/><D43/><REACH who="0" ten="163,193,415,219" step="2"/><U45/><E19/><V118/><F110/><W107/><G74/><T108/><D108/><U22/><E22/><V109/><F58/><W16/><G73/><T95/><D95/><U26/><E26/><V69/><F85/><AGARI ba="0,1" hai="8,9,10,13,17,20,28,30,31,49,50,80,85,89" machi="85" ten="40,2600,0" yaku="1,1,8,1,53,0" doraHai="97" doraHaiUra="0" who="0" fromWho="2" sc="163,36,193,0,415,-26,219,0" owari="199,-20.1,193,-30.7,389,48.9,219,1.9" /></mjloggm>