<mjloggm ver="2.3"><GO type="225" lobby="0"/><UN n0="%E3%81%AF%E3%82%88%E3%81%8A%E3%81%98%E3%81%95%E3%82%93" n1="%73%69%72%6F%75%74" n2="%E6%80%AA%E3%81%97%E3%81%99%E3%81%8E%E3%82%8B%E3%83%81%E3%83%BC" n3="%E8%81%B7%E6%A5%AD%E3%80%81%E9%A2%A8%32" dan="16,16,17,16" rate="2193.74,2106.65,2154.27,2088.07" sx="M,M,M,M"/><TAIKYOKU oya="0"/><INIT seed="0,0,0,2,1,82" ten="250,250,250,250" oya="0" hai0="5,73,24,35,115,58,85,56,27,123,112,38,92" hai1="42,80,31,53,19,71,20,70,63,117,23,25,40" hai2="67,66,93,131,28,130,21,6,106,91,134,11,116" hai3="121,127,22,104,30,55,44,86,98,57,128,76,118"/><T101/><D73/><U83/><E117/><V10/><F106/><W77/><G118/><T52/><D123/><U81/><E70/><V43/><F116/><W88/><G127/><T45/><D5/><U97/><E97/><V9/><F134/><W34/><G121/><T8/><D8/><N who="2" m="3178" /><F43/><W90/><G34/><T37/><D101/><U36/><E36/><V102/><F102/><W26/><G128/><N who="2" m="49193" /><F21/><W89/><G44/><T61/><D56/><N who="1" m="35215" /><E71/><V111/><F28/><W32/><G32/><T108/><D108/><U3/><E3/><N who="2" m="479" /><F111/><W69/><G69/><T4/><D4/><U74/><E74/><V124/><F124/><W48/><G104/><T64/><D38/><U14/><AGARI ba="0,0" hai="14,19,20,23,25,31,40,42,80,81,83" m="35215" machi="14" ten="30,1100,0" yaku="8,1" doraHai="82" who="1" fromWho="1" sc="250,-5,250,11,250,-3,250,-3" /><INIT seed="1,0,0,2,1,26" ten="245,261,247,247" oya="1" hai0="122,14,102,124,135,111,90,60,55,92,34,110,32" hai1="134,42,88,58,13,121,37,65,129,104,119,3,18" hai2="73,0,108,6,89,61,87,80,100,101,114,79,69" hai3="78,96,43,10,56,120,39,123,74,51,24,44,16"/><U62/><E119/><V50/><F108/><N who="0" m="41514" /><D124/><U76/><E121/><V67/><F114/><W97/><G74/><T99/><D122/><U36/><E3/><V82/><F0/><W125/><G125/><T127/><D127/><U11/><E104/><V21/><F6/><W48/><G78/><T25/><D135/><U68/><E134/><V106/><F106/><W84/><G84/><N who="0" m="52295" /><D14/><U91/><E129/><V86/><F73/><W81/><G81/><T103/><D25/><U9/><E76/><V4/><F4/><W132/><G132/><T63/><D102/><U77/><E77/><V85/><F85/><W54/><G39/><T116/><D116/><U27/><E68/><V45/><REACH who="2" step="1"/><F21/><REACH who="2" ten="245,261,237,247" step="2"/><W49/><G120/><T22/><D22/><U83/><E9/><V40/><AGARI ba="0,1" hai="40,45,50,61,67,69,79,80,82,86,87,89,100,101" machi="40" ten="20,8000,1" yaku="1,1,2,1,0,1,7,1,53,1" doraHai="26" doraHaiUra="41" who="2" fromWho="2" sc="245,-20,261,-40,237,90,247,-20" /><INIT seed="2,0,0,2,4,30" ten="225,221,327,227" oya="2" hai0="131,77,112,129,9,74,13,46,115,51,52,12,113" hai1="95,60,90,106,130,35,89,22,68,109,19,6,94" hai2="42,81,37,53,41,93,82,91,26,2,56,33,23" hai3="55,133,39,29,20,126,97,104,27,71,79,132,98"/><V1/><F33/><W85/><G39/><T49/><D77/><U80/><E106/><V34/><F34/><W102/><G71/><T54/><D74/><U125/><E35/><V88/><F37/><W118/><G118/><T116/><D116/><U28/><E109/><V73/><F73/><W18/><G126/><T87/><D87/><N who="1" m="50407" /><E68/><V62/><F2/><W3/><G3/><T59/><REACH who="0" step="1"/><D9/><REACH who="0" ten="215,221,327,227" step="2"/><U86/><E86/><V65/><F82/><W99/><G85/><T66/><D66/><U15/><E125/><V92/><F81/><W101/><G79/><T111/><D111/><U17/><E130/><AGARI ba="0,1" hai="12,13,46,49,51,52,54,59,112,113,115,129,130,131" machi="130" ten="50,6400,0" yaku="1,1,19,1,54,1,53,0" doraHai="30" doraHaiUra="119" who="0" fromWho="1" sc="215,74,221,-64,327,0,227,0" /><INIT seed="3,0,0,3,1,90" ten="289,157,327,227" oya="3" hai0="96,28,100,41,122,116,79,120,109,92,72,115,97" hai1="83,117,75,82,61,119,64,123,14,110,102,108,46" hai2="8,0,58,103,129,104,13,2,27,42,131,33,65" hai3="26,106,70,60,48,62,132,29,43,85,78,133,88"/><W80/><G106/><T39/><D28/><U86/><E46/><V18/><F42/><W53/><G43/><T32/><D32/><U67/><E61/><N who="2" m="38071" /><F103/><W37/><G37/><T12/><D12/><U68/><E68/><V81/><F81/><W105/><G105/><T89/><D41/><U11/><E14/><V73/><F73/><W57/><G78/><T9/><D9/><U69/><E69/><V93/><F93/><W5/><G5/><T23/><D23/><U15/><E15/><V125/><F104/><W74/><G74/><T135/><D39/><U95/><E11/><V130/><F125/><W112/><G112/><T76/><D115/><U87/><E75/><V98/><F98/><W51/><G51/><T55/><D55/><U66/><E123/><V56/><F56/><W44/><G70/><T34/><D34/><U16/><E16/><V114/><F114/><W121/><G121/><T54/><D54/><U4/><E4/><V71/><F71/><W77/><G77/><T1/><D1/><U47/><E47/><V40/><F40/><W84/><G84/><N who="1" m="32298" /><E95/><V30/><AGARI ba="0,0" hai="0,2,8,13,18,27,30,33,129,130,131" m="38071" machi="30" ten="40,1500,0" yaku="19,1" doraHai="90" who="2" fromWho="2" sc="289,-4,157,-4,327,15,227,-7" owari="285,8.5,153,-34.7,342,44.2,220,-18.0" /></mjloggm>