<mjloggm ver="2.3"><GO type="225" lobby="0"/><UN n0="%E3%83%94%E3%83%B3%E3%82%B5%E3%83%AD%E5%BA%97%E5%93%A1" n1="%E8%BE%9B%E5%8F%A3%E3%82%AB%E3%83%AC%E3%83%BC%E3%83%A9%E3%82%A4%E3%82%B9" n2="%E3%81%BF%E3%81%BF%E3%81%9A" n3="%E3%81%B5%E3%81%98%E3%81%8B%E3%81%A4" dan="16,17,17,16" rate="2188.72,2245.28,2280.81,2190.23" sx="M,M,M,M"/><TAIKYOKU oya="0"/><INIT seed="0,0,0,3,1,88" ten="250,250,250,250" oya="0" hai0="111,107,68,17,12,57,84,93,11,82,18,5,132" hai1="56,53,33,34,49,20,45,0,47,122,123,23,90" hai2="13,25,41,124,22,131,126,31,109,38,134,81,89" hai3="2,43,51,42,58,44,7,40,120,113,26,127,105"/><T99/><D68/><U54/><E0/><V133/><F38/><W46/><G113/><T92/><D132/><N who="2" m="50794" /><F41/><W96/><G105/><T101/><D111/><U55/><E90/><V119/><F81/><W52/><G26/><T108/><D108/><U79/><E79/><V85/><F109/><W10/><G127/><N who="2" m="48681" /><F119/><W77/><G120/><T116/><D116/><U129/><E55/><V1/><F1/><W28/><G28/><T80/><D80/><U36/><E36/><V128/><F13/><W29/><G29/><T66/><D107/><U91/><E91/><V48/><F48/><W72/><REACH who="3" step="1"/><G96/><REACH who="3" ten="250,250,250,240" step="2"/><T70/><D99/><U135/><E135/><V64/><F64/><W112/><G112/><T98/><D66/><U30/><E123/><V37/><F37/><W103/><G103/><T8/><D101/><U39/><E122/><V104/><F104/><W106/><G106/><T74/><D98/><U118/><E39/><V3/><F3/><W100/><G100/><T4/><D74/><U125/><E118/><V15/><F15/><W16/><G16/><T71/><D18/><U102/><E102/><V59/><F59/><W95/><G95/><T87/><D17/><U86/><E125/><V83/><AGARI ba="0,1" hai="22,25,31,83,85,89,128,131" m="48681,50794" machi="83" ten="40,8000,1" yaku="30,2,20,1,18,1" doraHai="88" who="2" fromWho="2" sc="250,-40,250,-20,250,90,240,-20" /><INIT seed="1,0,0,1,0,128" ten="210,230,340,220" oya="1" hai0="42,102,120,114,32,31,125,55,86,28,124,20,82" hai1="115,59,129,83,112,54,50,93,97,47,76,33,16" hai2="43,60,26,64,2,96,122,19,98,109,113,12,41" hai3="80,135,22,106,51,107,52,25,121,15,100,53,13"/><U71/><E71/><V117/><F117/><W77/><G121/><T8/><D114/><U37/><E33/><V84/><F2/><W116/><G116/><T62/><D32/><U127/><E129/><V18/><F122/><W49/><G135/><T4/><D120/><U9/><E127/><N who="0" m="48713" /><D42/><U61/><E37/><V40/><F113/><W132/><G132/><T67/><D55/><N who="3" m="21065" /><G100/><T88/><D20/><U6/><E16/><V45/><F109/><W17/><G107/><T101/><D101/><U36/><E36/><V92/><F26/><W118/><G106/><T85/><D85/><U30/><E30/><V131/><F131/><W57/><G118/><T126/><N who="0" m="48721" /><T75/><DORA hai="94" /><D75/><U119/><E119/><V81/><F45/><W48/><G57/><N who="0" m="37327" /><D102/><U38/><E38/><V70/><F92/><W108/><G108/><T3/><AGARI ba="0,0" hai="3,4,8,28,31,82,86,88" m="37327,48721" machi="3" ten="40,2700,0" yaku="18,1,54,1" doraHai="128,94" who="0" fromWho="0" sc="210,27,230,-13,340,-7,220,-7" /><INIT seed="2,0,0,4,1,36" ten="237,217,333,213" oya="2" hai0="65,44,118,45,26,97,78,84,123,94,43,80,122" hai1="126,41,50,47,21,81,73,132,127,85,128,29,79" hai2="42,117,55,61,110,83,101,98,66,14,111,113,106" hai3="87,54,53,115,105,62,32,48,77,116,60,37,88"/><V13/><F113/><W25/><G116/><T3/><D3/><U102/><E132/><V120/><F117/><W24/><G105/><T5/><D118/><U130/><E102/><V4/><F120/><W86/><G37/><T2/><D65/><U67/><E67/><V96/><F96/><W20/><G115/><T107/><D107/><U133/><E133/><V119/><F119/><W68/><G32/><T109/><D109/><N who="2" m="41482" /><F4/><W57/><G68/><T40/><D26/><N who="1" m="16591" /><E73/><V59/><F83/><N who="3" m="47471" /><G20/><T95/><D5/><U16/><E16/><V33/><F33/><W121/><G121/><T1/><D97/><U56/><E56/><V104/><F104/><W89/><G89/><T135/><D135/><U23/><E23/><V92/><F106/><W125/><G125/><AGARI ba="0,0" hai="41,47,50,79,81,85,125,126,127,128,130" m="16591" machi="125" ten="30,2000,0" yaku="18,1,52,1" doraHai="36" who="1" fromWho="3" sc="237,0,217,20,333,0,213,-20" /><INIT seed="3,0,0,5,5,119" ten="237,237,333,193" oya="3" hai0="106,109,35,65,74,37,42,116,0,90,16,8,1" hai1="39,132,87,75,84,134,123,50,95,11,124,112,55" hai2="79,72,52,62,104,9,131,2,100,81,125,105,98" hai3="43,88,10,102,133,103,44,47,60,78,71,41,36"/><W46/><G133/><N who="1" m="51306" /><E112/><V57/><F125/><W80/><G46/><T94/><D116/><U3/><E124/><V13/><F131/><W108/><G108/><T7/><D106/><U23/><E123/><V83/><F83/><W99/><G10/><T120/><D120/><U29/><E75/><V40/><F40/><W117/><G117/><T128/><D35/><U33/><E33/><V96/><F2/><W113/><G113/><T122/><D122/><U82/><E39/><V12/><F9/><W45/><G45/><T93/><D1/><U127/><E127/><V6/><F6/><W15/><G15/><T20/><D74/><U91/><E23/><V97/><F97/><W69/><G60/><T121/><D121/><U30/><E11/><V114/><F114/><W38/><G88/><T58/><D128/><U31/><E3/><V85/><F72/><W101/><REACH who="3" step="1"/><G99/><REACH who="3" ten="237,237,333,183" step="2"/><T68/><D90/><N who="1" m="53703" /><E29/><V61/><F62/><W54/><G54/><T77/><D109/><U26/><E26/><V70/><F98/><W118/><G118/><T129/><D129/><U19/><E19/><V130/><F130/><W5/><G5/><T126/><D126/><U135/><E135/><V63/><F105/><W67/><G67/><T76/><D65/><U28/><E28/><V111/><F111/><W66/><G66/><T32/><D16/><U18/><E18/><V4/><F4/><W53/><G53/><T17/><D7/><U56/><AGARI ba="0,1" hai="30,31,50,55,56,82,87,91" m="53703,51306" machi="56" ten="30,1100,0" yaku="20,1" doraHai="119" who="1" fromWho="1" sc="237,-3,237,21,333,-3,183,-5" owari="234,-16.6,258,5.8,330,43.0,178,-32.2" /></mjloggm>