<mjloggm ver="2.3"><GO type="225" lobby="0"/><UN n0="%E5%B0%8F%E9%B3%A5%E9%81%8A%E7%B7%B4%E7%84%A1%32%31%E6%AD%B3" n1="%E3%81%B2%E3%81%BE%E3%81%A4%E3%81%B6%E3%81%97" n2="%72%69%6F%75%63%68%61%6E" n3="%E3%81%8B%E3%82%8F%E3%81%A1%E3%82%83%E3%82%93%35%38" dan="16,16,17,17" rate="2180.64,2142.20,2141.02,2118.61" sx="F,M,M,M"/><TAIKYOKU oya="0"/><INIT seed="0,0,0,3,1,20" ten="250,250,250,250" oya="0" hai0="51,78,104,35,25,56,3,13,135,28,58,80,71" hai1="24,100,122,99,36,102,75,66,132,17,95,91,111" hai2="83,21,43,84,34,110,117,37,131,47,30,15,46" hai3="130,61,31,133,12,106,10,29,41,79,81,16,0"/><T39/><D39/><U50/><E111/><V69/><F110/><W74/><G133/><T44/><D3/><U5/><E36/><V26/><F131/><W70/><G130/><T92/><D71/><U134/><E75/><V72/><F117/><W112/><G112/><T1/><D1/><U7/><E66/><V119/><F119/><W113/><G113/><T4/><D104/><U73/><E50/><V18/><F69/><W60/><G106/><T6/><D92/><U52/><E52/><V87/><REACH who="2" step="1"/><F46/><REACH who="2" ten="250,250,240,250" step="2"/><W116/><G116/><T54/><D135/><U45/><E134/><V89/><F89/><W42/><G70/><T77/><D77/><AGARI ba="0,1" hai="15,18,21,26,30,34,37,43,47,72,77,83,84,87" machi="77" ten="40,2600,0" yaku="1,1,52,1,53,0" doraHai="20" doraHaiUra="115" who="2" fromWho="0" sc="250,-26,250,0,240,36,250,0" /><INIT seed="1,0,0,4,2,98" ten="224,250,276,250" oya="1" hai0="14,59,20,89,46,71,16,3,54,42,21,62,47" hai1="126,122,35,31,64,108,45,30,80,112,36,91,135" hai2="60,53,70,111,115,84,87,2,57,72,65,27,28" hai3="134,127,1,32,4,99,55,77,7,19,117,49,100"/><U95/><E122/><V73/><F111/><W25/><G127/><T116/><D3/><U113/><E126/><V121/><F121/><W125/><G125/><T123/><D116/><U96/><E108/><V132/><F132/><W114/><G114/><T104/><D123/><U82/><E135/><V63/><F2/><W118/><G134/><T26/><D71/><U69/><E69/><V120/><F120/><W129/><G77/><T124/><D124/><U17/><E64/><V41/><F115/><W93/><G129/><T58/><D104/><U56/><E56/><V92/><F41/><W66/><G66/><T133/><D133/><U12/><E45/><V103/><F87/><W0/><G0/><T131/><D131/><U68/><E36/><V15/><F15/><W43/><G43/><T88/><D59/><U18/><E68/><V34/><REACH who="2" step="1"/><F84/><REACH who="2" ten="224,250,266,250" step="2"/><W5/><G1/><T128/><D128/><U107/><E12/><V85/><F85/><W13/><G13/><T81/><D81/><U109/><E109/><V61/><F61/><W51/><G118/><T48/><REACH who="0" step="1"/><D47/><REACH who="0" ten="214,250,266,250" step="2"/><U110/><E110/><V119/><F119/><W39/><G117/><T67/><D67/><U33/><E82/><V9/><F9/><W23/><G4/><T94/><D94/><U130/><E80/><V101/><F101/><N who="3" m="60655" /><G5/><T6/><D6/><U24/><E130/><V8/><F8/><W90/><G7/><T10/><D10/><U76/><E107/><V86/><F86/><W78/><G100/><T40/><D40/><U22/><E113/><V29/><F29/><AGARI ba="0,2" hai="14,16,20,21,26,29,42,46,48,54,58,62,88,89" machi="29" ten="30,8000,1" yaku="1,1,7,1,8,1,54,2,53,0" doraHai="98" doraHaiUra="102" who="0" fromWho="2" sc="214,100,250,0,266,-80,250,0" /><INIT seed="2,0,0,3,5,22" ten="314,250,186,250" oya="2" hai0="76,47,104,83,105,85,134,33,122,3,74,111,98" hai1="51,77,24,56,0,92,23,27,132,121,6,99,127" hai2="67,37,62,116,66,40,123,53,81,101,46,117,103" hai3="25,96,115,55,34,64,31,36,48,69,18,50,106"/><V109/><F123/><W75/><G115/><T88/><D3/><U97/><E121/><V119/><F109/><W10/><G36/><T125/><D122/><U63/><E127/><V5/><F5/><W135/><G75/><T12/><D125/><U2/><E132/><V29/><F81/><W54/><G135/><T110/><D134/><U43/><E77/><V11/><F11/><W28/><G64/><T90/><D12/><U49/><E6/><V20/><F53/><W60/><G60/><T126/><D33/><U84/><E2/><V120/><F120/><W80/><G80/><N who="0" m="45079" /><D47/><U39/><E39/><V102/><REACH who="2" step="1"/><F62/><REACH who="2" ten="314,250,176,250" step="2"/><W130/><G55/><T73/><D126/><U72/><E72/><V71/><F71/><W61/><G54/><T15/><D73/><U89/><E0/><V1/><F1/><W114/><G61/><T9/><D111/><U52/><E43/><V118/><N who="2" m="29696" /><DORA hai="78" /><V95/><F95/><W32/><G69/><T124/><D110/><U100/><E63/><V41/><F41/><W93/><G93/><N who="0" m="56615" /><D124/><U7/><E92/><V45/><F45/><W70/><G70/><T86/><D105/><U79/><E52/><V16/><F16/><W65/><G18/><T112/><D104/><U131/><E131/><V94/><F94/><W8/><G106/><T44/><D44/><U13/><E79/><V59/><F59/><W19/><G19/><T26/><D9/><U68/><E56/><V30/><F30/><W58/><G130/><T82/><D82/><U42/><E68/><V17/><F17/><W35/><G31/><T4/><D4/><RYUUKYOKU ba="0,1" sc="314,-10,250,-10,176,30,250,-10" hai2="20,29,37,40,46,66,67,101,102,103" /><INIT seed="2,1,1,3,5,117" ten="304,240,206,240" oya="2" hai0="49,53,129,126,106,30,123,127,12,118,36,114,52" hai1="128,69,35,87,78,113,14,133,50,67,20,16,4" hai2="70,111,93,120,124,84,99,72,59,38,81,80,63" hai3="61,122,40,22,82,42,45,32,37,132,58,94,86"/><V9/><F70/><W24/><G132/><T91/><D118/><U8/><E133/><V1/><F120/><W112/><G112/><T55/><D114/><U0/><E113/><V5/><F124/><N who="0" m="47658" /><D36/><U68/><E128/><V39/><F72/><W43/><G32/><T56/><D129/><U15/><E35/><V10/><F111/><W48/><G94/><T60/><D106/><U119/><E119/><V125/><F125/><W44/><G122/><T54/><D30/><U31/><E0/><V135/><F135/><W98/><G98/><T28/><D28/><U29/><E50/><V11/><F5/><W7/><G7/><T116/><D116/><U26/><E67/><V109/><F1/><W100/><G100/><T131/><D12/><U33/><REACH who="1" step="1"/><E31/><REACH who="1" ten="304,230,206,240" step="2"/><V76/><F109/><W107/><G48/><T130/><D131/><U41/><E41/><V25/><F25/><W23/><G37/><T103/><D130/><U19/><E19/><V110/><F110/><W46/><G24/><T21/><D49/><U47/><E47/><V17/><F17/><W134/><G134/><T121/><D123/><U64/><E64/><N who="2" m="39039" /><F38/><W65/><REACH who="3" step="1"/><G107/><REACH who="3" ten="304,230,206,230" step="2"/><T101/><D121/><U95/><E95/><V97/><F39/><W92/><G92/><T73/><D60/><U96/><E96/><N who="2" m="36939" /><F93/><W102/><G102/><T27/><D101/><U51/><E51/><V34/><F34/><W3/><G3/><T90/><D103/><U77/><E77/><AGARI ba="1,3" hai="22,23,40,42,43,44,45,46,58,61,65,77,82,86" machi="77" ten="40,5200,0" yaku="1,1,8,1,53,1" doraHai="117" doraHaiUra="62" who="3" fromWho="1" sc="304,0,230,-55,206,0,230,85" /><INIT seed="3,0,0,5,4,117" ten="304,175,206,315" oya="3" hai0="132,108,27,104,63,123,71,37,81,28,90,133,103" hai1="100,84,74,101,135,22,8,91,46,29,99,131,95" hai2="128,110,120,102,16,67,85,23,93,76,134,112,54" hai3="44,113,47,111,124,10,2,73,58,17,96,43,6"/><W18/><G113/><T65/><D108/><U97/><E74/><V129/><F112/><W51/><G73/><T56/><D37/><U57/><E131/><N who="2" m="50251" /><F110/><W26/><G111/><T86/><D56/><U5/><E135/><N who="0" m="51785" /><D123/><U89/><E46/><V53/><F134/><W92/><G124/><T11/><D11/><U52/><E22/><V35/><F35/><W122/><G122/><T20/><D103/><U59/><E29/><V72/><F120/><W88/><G58/><T94/><D104/><U14/><E59/><V127/><F127/><W21/><G47/><T83/><AGARI ba="0,0" hai="20,27,28,63,65,71,81,83,86,90,94" m="51785" machi="83" ten="30,1100,0" yaku="20,1" doraHai="117" who="0" fromWho="0" sc="304,11,175,-3,206,-3,315,-5" owari="315,41.5,172,-32.8,203,-19.7,310,11.0" /></mjloggm>