<mjloggm ver="2.3"><GO type="225" lobby="0"/><UN n0="%E3%81%9F%E3%81%93%E2%98%86%E7%84%BC%E3%81%8D" n1="%E3%81%99%E3%81%84%E3%81%BE%E3%81%9B%E3%83%BC%E3%82%93" n2="%E3%81%95%E3%81%8D%E3%81%9F%E3%81%BE%E6%9E%97%E6%AA%8E" n3="%E9%B3%B3%E6%9D%B1%E3%81%AE%E3%81%86%E3%81%95%E3%81%8E%E3%81%95%E3%82%93" dan="16,16,16,16" rate="2126.48,2149.11,2122.53,2162.68" sx="M,M,M,M"/><TAIKYOKU oya="0"/><INIT seed="0,0,0,5,0,113" ten="250,250,250,250" oya="0" hai0="42,118,62,6,27,112,132,45,64,56,49,124,44" hai1="30,114,2,10,129,5,109,58,130,133,54,41,11" hai2="35,119,47,55,59,106,104,57,66,60,70,63,31" hai3="16,78,88,96,77,38,61,43,72,94,65,50,34"/><T79/><D79/><U51/><E114/><V29/><F35/><W97/><G38/><T93/><D112/><U100/><E109/><V92/><F92/><N who="3" m="56327" /><G34/><T28/><D132/><U39/><E133/><V33/><F33/><W71/><G71/><T37/><D6/><U123/><E123/><V26/><F26/><W85/><G85/><T67/><D93/><U15/><E30/><V25/><F25/><W36/><G36/><T1/><D1/><U68/><E68/><V3/><F70/><W127/><G72/><T101/><D101/><U125/><E100/><V111/><F111/><W120/><G127/><T108/><D27/><U81/><E125/><V91/><F47/><N who="3" m="25983" /><G120/><T131/><D28/><U82/><E41/><V76/><F76/><W89/><G65/><N who="0" m="39111" /><D124/><U17/><REACH who="1" step="1"/><E39/><REACH who="1" ten="250,240,250,250" step="2"/><V83/><F31/><W73/><G73/><T74/><D74/><U23/><E23/><V107/><F29/><W4/><G4/><T18/><D108/><U103/><E103/><V8/><F107/><W20/><G61/><T98/><D37/><U75/><E75/><V21/><F106/><W86/><G97/><T99/><D99/><U117/><E117/><V22/><F119/><W128/><G128/><AGARI ba="0,1" hai="2,5,10,11,15,17,51,54,58,81,82,128,129,130" machi="128" ten="40,2600,0" yaku="1,1,19,1,53,0" doraHai="113" doraHaiUra="19" who="1" fromWho="3" sc="250,0,240,36,250,0,250,-26" /><INIT seed="1,0,0,1,2,123" ten="250,276,250,224" oya="1" hai0="55,32,11,17,131,118,33,114,82,48,27,38,22" hai1="98,54,72,53,9,13,103,99,124,73,61,93,29" hai2="25,75,112,106,122,101,0,10,20,83,2,115,134" hai3="63,40,8,116,1,108,127,96,68,65,67,50,81"/><U58/><E124/><V70/><F134/><W12/><G127/><T30/><D38/><U100/><E29/><V80/><F122/><W119/><G1/><T42/><D42/><U130/><E130/><V57/><F70/><W102/><G65/><T28/><D114/><N who="2" m="43562" /><F57/><W86/><G50/><T37/><D37/><U47/><E47/><V133/><F133/><W46/><G46/><T5/><D118/><N who="3" m="45097" /><G40/><T18/><D82/><N who="2" m="31274" /><F75/><W104/><G108/><T97/><D97/><U90/><E54/><V16/><F10/><W111/><G111/><T132/><D132/><U34/><E34/><N who="0" m="13417" /><D48/><U52/><E53/><V62/><F62/><W129/><G129/><T94/><D94/><U64/><E64/><V31/><F31/><N who="0" m="11818" /><D55/><U87/><E73/><V19/><F19/><N who="0" m="7178" /><D131/><U78/><E72/><V3/><F101/><N who="1" m="38985" /><E78/><V88/><F106/><W85/><G81/><T45/><D45/><U66/><E66/><V7/><F88/><W128/><G128/><T84/><D84/><U23/><E99/><V44/><F44/><W125/><G125/><T126/><D126/><U24/><E98/><V39/><F39/><W79/><G79/><T74/><D74/><U105/><E105/><V60/><F60/><W121/><G121/><T26/><D22/><U41/><E41/><V6/><AGARI ba="0,0" hai="0,2,3,6,7,16,20,25" m="31274,43562" machi="6" ten="40,2700,0" yaku="11,1,54,1" doraHai="123" who="2" fromWho="2" sc="250,-7,276,-13,250,27,224,-7" /><INIT seed="2,0,0,4,4,15" ten="243,263,277,217" oya="2" hai0="32,58,0,82,4,133,50,1,69,83,6,27,67" hai1="123,40,25,26,44,88,101,17,87,120,63,48,125" hai2="104,126,35,99,16,92,49,135,78,46,79,128,129" hai3="106,103,47,108,77,71,11,68,134,33,73,22,65"/><V76/><F35/><W61/><G108/><T12/><D12/><U7/><E125/><V118/><F118/><W55/><G33/><T95/><D58/><U64/><E7/><V117/><F117/><W122/><G122/><N who="1" m="46634" /><E101/><V10/><F126/><W5/><G134/><T86/><D50/><U89/><E17/><V85/><F135/><W41/><G55/><T131/><D27/><N who="1" m="10251" /><E87/><V19/><F85/><W37/><G22/><T14/><D86/><U38/><E38/><V23/><F23/><W80/><G103/><T53/><D14/><U66/><E66/><V119/><F10/><W96/><G96/><T74/><D67/><U21/><E21/><V62/><F62/><W56/><REACH who="3" step="1"/><G106/><REACH who="3" ten="243,263,277,207" step="2"/><T98/><D32/><U59/><AGARI ba="0,1" hai="40,44,48,59,63,64,88,89" m="10251,46634" machi="59" ten="30,2000,0" yaku="13,1,54,1" doraHai="15" who="1" fromWho="1" sc="243,-5,263,30,277,-10,207,-5" /><INIT seed="3,0,0,2,4,7" ten="238,293,267,202" oya="3" hai0="67,75,1,103,47,39,89,18,30,76,105,63,81" hai1="25,84,21,128,3,111,11,82,29,59,35,6,115" hai2="122,110,31,55,123,46,94,60,61,85,99,19,90" hai3="2,0,124,69,80,133,125,57,120,45,79,26,38"/><W24/><G69/><T127/><D127/><N who="3" m="48713" /><G133/><T44/><D1/><N who="3" m="617" /><G120/><T118/><D118/><U132/><E115/><V100/><F110/><W95/><G95/><T70/><D39/><U54/><E111/><V114/><F114/><W96/><G96/><T107/><D30/><U77/><E128/><V97/><F31/><W4/><G4/><T52/><D103/><U113/><E132/><V16/><F99/><W88/><G57/><T109/><D109/><U49/><REACH who="1" step="1"/><E113/><REACH who="1" ten="238,283,267,202" step="2"/><V15/><F122/><W131/><G131/><T50/><D107/><U8/><E8/><N who="2" m="6247" /><F123/><W134/><G134/><T83/><D105/><U86/><E86/><V42/><F85/><N who="3" m="50215" /><G79/><T53/><D76/><U135/><E135/><V34/><F97/><W40/><AGARI ba="0,1" hai="24,26,38,40,45" m="50215,617,48713" machi="40" ten="40,3900,0" yaku="18,1,54,1" doraHai="7" who="3" fromWho="3" sc="238,-13,283,-13,267,-13,202,49" /><INIT seed="3,1,0,5,0,86" ten="225,270,254,251" oya="3" hai0="106,5,82,124,118,125,67,3,21,11,39,74,35" hai1="30,95,76,52,121,107,122,64,61,43,51,1,113" hai2="120,0,127,25,105,71,70,94,18,33,16,88,31" hai3="69,110,26,73,93,119,134,40,72,100,129,8,10"/><W115/><G69/><T12/><D67/><U57/><E107/><V22/><F105/><W7/><G115/><T112/><D106/><U42/><E113/><V111/><F0/><W75/><G119/><T60/><D60/><U135/><E1/><V50/><F111/><W131/><G134/><T117/><D39/><U41/><E30/><V45/><F127/><N who="0" m="48714" /><D112/><U116/><E76/><V49/><F49/><W91/><G40/><T92/><D92/><U87/><E135/><V27/><F18/><W56/><G110/><T84/><D74/><U83/><E116/><V37/><F37/><W29/><G56/><T54/><D35/><U108/><E108/><V97/><F120/><W58/><G58/><T59/><D21/><U109/><E109/><V44/><F44/><W63/><G100/><T2/><D2/><U53/><E64/><V48/><F48/><W20/><G63/><N who="0" m="36343" /><D3/><U13/><E122/><V62/><F62/><W81/><G81/><T90/><AGARI ba="1,0" hai="5,11,12,82,84,90,117,118" m="36343,48714" machi="90" ten="30,2000,0" yaku="18,1,52,1" doraHai="86" who="0" fromWho="0" sc="225,23,270,-6,254,-6,251,-11" /><INIT seed="4,0,0,5,0,46" ten="248,264,248,240" oya="0" hai0="110,18,44,22,33,87,125,65,17,101,131,9,32" hai1="77,26,41,100,1,88,127,0,83,90,53,102,109" hai2="133,13,119,15,99,68,58,5,69,104,21,31,30" hai3="121,8,48,97,130,60,103,108,51,59,84,81,134"/><T38/><D131/><U37/><E109/><V106/><F133/><W20/><G130/><T55/><D101/><U66/><E66/><V89/><F119/><W4/><G134/><T129/><D129/><U128/><E128/><V56/><F21/><W39/><G39/><T29/><D65/><U11/><E26/><V73/><F99/><W62/><G108/><T94/><D29/><U107/><E127/><V19/><F19/><W126/><G126/><T79/><D125/><U123/><E123/><V10/><F10/><W74/><G74/><T7/><D18/><U82/><E53/><V78/><F89/><W3/><G20/><T120/><D120/><U135/><E11/><V25/><F25/><W95/><G121/><T54/><D54/><U57/><E41/><V93/><F93/><W86/><G86/><T111/><D32/><U71/><E107/><V114/><F78/><W63/><REACH who="3" step="1"/><G59/><REACH who="3" ten="248,264,248,230" step="2"/><T112/><D33/><U98/><E57/><V70/><F73/><W47/><G47/><T24/><D111/><U36/><E135/><V117/><F58/><W49/><G49/><N who="0" m="29095" /><D110/><U92/><E37/><V116/><F56/><W23/><G23/><T12/><D38/><U14/><E36/><V64/><F70/><W118/><G118/><T80/><D112/><U6/><E71/><V96/><F114/><W105/><G105/><T75/><D75/><U27/><E27/><V16/><F69/><W35/><G35/><T45/><D45/><U61/><E61/><V67/><F68/><W2/><G2/><T122/><D122/><U34/><E34/><V52/><F117/><RYUUKYOKU ba="0,1" sc="248,15,264,-15,248,-15,230,15" hai0="7,9,12,17,22,24,79,80,87,94" hai3="3,4,8,48,51,60,62,63,81,84,95,97,103" /><INIT seed="4,1,1,1,2,1" ten="263,249,233,245" oya="0" hai0="128,53,99,52,90,17,9,3,88,38,22,33,129" hai1="69,78,103,63,11,28,87,110,125,51,117,61,134" hai2="40,101,92,97,55,109,6,122,26,95,23,18,68" hai3="96,44,43,10,8,71,130,7,31,59,2,27,83"/><T77/><D38/><U19/><E117/><V76/><F109/><W70/><G130/><N who="0" m="50283" /><D33/><U113/><E110/><V135/><F135/><W105/><G59/><T131/><N who="0" m="50291" /><T58/><DORA hai="41" /><D77/><U21/><E78/><V60/><F122/><W50/><G83/><T20/><D53/><U56/><E69/><V111/><F111/><W73/><G73/><T39/><D39/><U32/><E56/><N who="2" m="34847" /><F68/><W100/><REACH who="3" step="1"/><G8/><REACH who="3" ten="263,249,233,235" step="2"/><T15/><D3/><U119/><E11/><V133/><F133/><W13/><G13/><T89/><D99/><U123/><E134/><V30/><F76/><W35/><AGARI ba="1,2" hai="2,7,10,27,31,35,43,44,50,70,71,96,100,105" machi="35" ten="20,12000,2" yaku="1,1,0,1,7,1,52,2,53,1" doraHai="1,41" doraHaiUra="85,98" who="3" fromWho="3" sc="263,-61,249,-31,233,-31,235,143" owari="202,-19.8,218,1.8,202,-29.8,378,47.8" /></mjloggm>