<mjloggm ver="2.3"><GO type="225" lobby="0"/><UN n0="%E3%81%B2%E3%81%AA%E3%81%AE%E3%82%8A%E3%81%8F" n1="%E3%81%9F%E3%81%8C%E3%82%84%E3%81%99" n2="%E7%AD%89%E3%80%85%E5%8A%9B%E5%8A%87%E5%A0%B4" n3="%73%6C%69%63%6B%33%31%39" dan="17,17,16,16" rate="2173.99,2207.21,2140.27,2169.54" sx="M,M,M,M"/><TAIKYOKU oya="0"/><INIT seed="0,0,0,4,0,46" ten="250,250,250,250" oya="0" hai0="123,112,125,30,76,22,72,56,21,121,13,108,32" hai1="60,131,89,6,134,14,88,31,109,37,113,29,120" hai2="48,63,35,8,81,73,61,59,124,20,135,129,87" hai3="2,0,53,82,41,18,70,44,47,3,12,130,5"/><T65/><D112/><U10/><E37/><V98/><F35/><W71/><G5/><T49/><D32/><U43/><E120/><V114/><F114/><W11/><G130/><T132/><D132/><U93/><E113/><V116/><F73/><W79/><G53/><T126/><D76/><U95/><E131/><V51/><F129/><W36/><REACH who="3" step="1"/><G44/><REACH who="3" ten="250,250,250,240" step="2"/><T38/><D123/><U19/><E134/><V91/><F135/><W97/><G97/><T45/><D121/><U57/><E109/><V128/><F128/><W24/><G24/><T133/><D133/><U54/><E43/><V27/><F116/><W7/><G7/><T84/><D108/><U110/><E110/><V67/><F124/><W16/><G16/><T85/><D125/><U28/><E19/><V62/><F98/><W40/><G40/><T17/><D126/><U83/><E89/><V111/><F111/><W74/><AGARI ba="0,1" hai="0,2,3,11,12,18,36,41,47,70,71,74,79,82" machi="74" ten="30,2000,0" yaku="1,1,0,1,53,0" doraHai="46" doraHaiUra="117" who="3" fromWho="3" sc="250,-10,250,-5,250,-5,240,30" /><INIT seed="1,0,0,3,0,59" ten="240,245,245,270" oya="1" hai0="106,100,68,123,83,6,116,89,101,20,98,91,26" hai1="49,25,22,40,69,31,87,81,65,60,118,55,119" hai2="114,95,99,1,13,4,64,77,122,48,58,85,93" hai3="74,96,7,109,63,2,127,78,79,23,18,52,12"/><U107/><E107/><V90/><F122/><W86/><G74/><T62/><D116/><U27/><E40/><V132/><F132/><W53/><G109/><T35/><D123/><U36/><E36/><V113/><F1/><W102/><G127/><T82/><D101/><U61/><E27/><V34/><F34/><W38/><G38/><T121/><D6/><U128/><E128/><V126/><F126/><W56/><G86/><T39/><D39/><U76/><REACH who="1" step="1"/><E61/><REACH who="1" ten="240,235,245,270" step="2"/><V115/><F114/><W67/><G78/><T71/><D121/><U92/><E92/><V66/><F115/><W43/><G79/><T33/><D35/><U17/><E17/><V120/><F113/><W130/><G43/><T14/><D33/><U54/><E54/><V5/><F120/><W94/><REACH who="3" step="1"/><G130/><REACH who="3" ten="240,235,245,260" step="2"/><T42/><D42/><U124/><E124/><V50/><F77/><W104/><G104/><T28/><D106/><U44/><AGARI ba="0,2" hai="22,25,31,44,49,55,60,65,69,76,81,87,118,119" machi="44" ten="20,12000,1" yaku="1,1,0,1,7,1,52,1,53,1" doraHai="59" doraHaiUra="45" who="1" fromWho="1" sc="240,-40,235,140,245,-40,260,-40" /><INIT seed="1,1,0,1,1,20" ten="200,375,205,220" oya="1" hai0="85,53,93,55,23,67,10,65,27,82,56,73,30" hai1="62,5,12,121,4,117,52,81,100,21,122,96,127" hai2="126,125,88,68,114,70,113,49,24,0,97,83,91" hai3="1,39,92,7,101,90,84,58,51,36,54,80,69"/><U43/><E43/><V16/><F0/><W78/><G69/><N who="2" m="26729" /><F49/><W79/><G79/><T38/><D38/><U13/><E117/><V95/><F83/><W59/><G1/><T47/><D73/><U105/><E127/><N who="2" m="48651" /><F91/><W46/><G7/><T44/><D93/><U60/><E81/><V102/><F102/><W87/><REACH who="3" step="1"/><G101/><REACH who="3" ten="200,375,205,210" step="2"/><T8/><D67/><U123/><E4/><V132/><F132/><W74/><G74/><T124/><D65/><U119/><E5/><V41/><F41/><W15/><G15/><T130/><D124/><U28/><E12/><V9/><F9/><W11/><G11/><T37/><D10/><U40/><E40/><V108/><F108/><W106/><G106/><T50/><D8/><U42/><E42/><V135/><F135/><W32/><G32/><T107/><D107/><U104/><E104/><V61/><F61/><W25/><G25/><T29/><D55/><U35/><E52/><V109/><F109/><W76/><G76/><T77/><D77/><U17/><E62/><V33/><F33/><W3/><G3/><T14/><D14/><U19/><E60/><V6/><F6/><W99/><G99/><T89/><D53/><U26/><E35/><V22/><AGARI ba="1,1" hai="16,22,24,88,95,97,113,114" m="48651,26729" machi="22" ten="40,8000,1" yaku="18,1,52,1,54,2" doraHai="20" who="2" fromWho="2" sc="200,-21,375,-41,205,93,210,-21" /><INIT seed="2,0,0,2,2,53" ten="179,334,298,189" oya="2" hai0="46,66,87,5,52,100,95,118,2,60,121,116,125" hai1="28,67,23,32,7,10,15,112,25,103,30,59,35" hai2="13,38,70,89,34,96,79,106,94,51,135,33,108" hai3="26,132,76,109,54,115,40,31,105,119,56,24,83"/><V113/><F38/><W62/><G119/><T102/><D121/><U104/><E104/><V88/><F113/><W131/><G105/><T19/><D125/><U55/><E103/><V93/><F106/><W48/><G115/><T37/><D2/><U130/><E112/><V123/><F123/><W133/><G109/><T68/><D5/><U129/><E67/><V17/><F70/><W41/><G131/><N who="1" m="50186" /><E28/><V120/><F120/><W128/><G128/><T74/><D74/><U47/><E47/><V3/><F3/><W16/><G16/><T75/><D75/><U50/><AGARI ba="0,0" hai="7,10,15,23,25,30,32,35,50,55,59" m="50186" machi="50" ten="30,2000,0" yaku="19,1,52,1" doraHai="53" who="1" fromWho="1" sc="179,-5,334,20,298,-10,189,-5" /><INIT seed="3,0,0,5,2,23" ten="174,354,288,184" oya="3" hai0="43,109,125,19,65,98,3,94,97,58,74,11,77" hai1="88,45,84,132,111,79,90,56,31,41,113,106,92" hai2="61,131,8,124,60,48,46,55,9,86,70,49,102" hai3="4,110,7,57,51,2,133,105,68,69,0,75,72"/><W21/><G105/><T16/><D109/><U18/><E106/><V28/><F131/><W80/><G110/><T118/><D118/><U1/><E1/><V42/><F124/><W104/><G104/><T52/><D43/><U81/><E113/><V126/><F126/><W29/><G133/><T129/><D125/><U59/><E111/><V35/><F102/><W135/><G135/><T33/><D33/><U62/><E31/><V63/><F70/><W39/><G39/><T130/><D65/><U38/><E132/><V20/><F35/><W5/><G68/><T47/><D47/><U123/><E123/><V14/><F86/><W107/><G107/><T93/><D77/><U54/><E92/><N who="0" m="35433" /><D74/><U22/><E56/><V112/><F112/><W76/><G72/><T83/><D83/><U114/><E114/><V67/><F67/><W15/><G69/><T96/><D3/><U12/><AGARI ba="0,0" hai="12,18,22,38,41,45,54,59,62,79,81,84,88,90" machi="12" ten="20,2700,0" yaku="0,1,7,1,54,1" doraHai="23" who="1" fromWho="1" sc="174,-7,354,27,288,-7,184,-13" owari="167,-33.3,381,48.1,281,8.1,171,-22.9" /></mjloggm>