<mjloggm ver="2.3"><GO type="225" lobby="0"/><UN n0="%72%69%6F%75%63%68%61%6E" n1="%E3%81%BE%E3%83%BC%E3%81%8F%E3%82%93" n2="%72%61%6B%33" n3="%E6%80%AA%E3%81%97%E3%81%99%E3%81%8E%E3%82%8B%E3%83%81%E3%83%BC" dan="17,16,18,16" rate="2194.60,2092.23,2281.22,2159.84" sx="M,M,M,M"/><TAIKYOKU oya="0"/><INIT seed="0,0,0,2,4,112" ten="250,250,250,250" oya="0" hai0="121,29,93,27,12,88,6,57,117,122,85,134,129" hai1="43,60,113,132,18,67,92,15,32,127,31,63,58" hai2="123,11,91,95,74,24,50,111,118,89,17,94,35" hai3="114,124,78,23,84,38,45,83,4,75,59,42,55"/><T51/><D117/><U71/><E113/><V10/><F111/><W64/><G114/><T39/><D129/><U119/><E119/><V125/><F74/><W49/><G124/><T21/><D134/><U37/><E132/><V3/><F125/><W54/><G23/><T66/><D39/><U30/><E32/><V105/><F105/><W36/><G75/><T13/><D51/><U100/><E43/><V2/><F50/><W126/><G126/><T65/><D66/><U14/><E15/><V106/><F106/><W86/><G86/><T5/><D13/><U90/><E100/><V33/><F24/><W68/><G4/><T110/><D110/><U82/><E82/><V41/><F41/><W104/><G104/><T25/><D25/><U128/><E37/><V107/><F107/><W48/><REACH who="3" step="1"/><G54/><REACH who="3" ten="250,250,250,240" step="2"/><T34/><D5/><U96/><E127/><V26/><F118/><W69/><G69/><T0/><D0/><U61/><E128/><V62/><F2/><W73/><G73/><T19/><REACH who="0" step="1"/><D6/><REACH who="0" ten="240,250,250,240" step="2"/><U116/><E116/><V44/><F3/><W1/><G1/><T101/><D101/><U131/><E131/><V81/><F26/><W47/><G47/><T99/><D99/><U87/><E96/><V76/><F33/><W120/><G120/><T22/><D22/><N who="1" m="11607" /><E71/><V102/><F35/><W70/><G70/><T53/><D53/><U46/><E46/><V77/><F44/><W97/><G97/><T40/><D40/><U8/><E67/><V103/><F123/><W79/><G79/><T109/><D109/><U20/><E87/><N who="2" m="48551" /><F103/><W7/><G7/><RYUUKYOKU ba="0,2" sc="240,15,250,-15,250,-15,240,15" hai0="12,19,21,27,29,34,57,65,85,88,93,121,122" hai3="36,38,42,45,48,49,55,59,64,68,78,83,84" /><INIT seed="0,1,2,2,2,66" ten="255,235,235,255" oya="0" hai0="96,72,36,126,27,78,26,76,135,110,10,16,8" hai1="15,84,131,19,43,109,31,38,95,17,124,60,59" hai2="37,7,69,112,11,55,83,73,97,133,113,121,12" hai3="6,30,40,114,45,99,47,123,1,132,80,104,29"/><T22/><D126/><U105/><E105/><V48/><F121/><W44/><G114/><T85/><D135/><U67/><E38/><V122/><F122/><W49/><G123/><T42/><D72/><U106/><E106/><V90/><F37/><W21/><G132/><T5/><D110/><U28/><E124/><V64/><F133/><W61/><G61/><T100/><D26/><U108/><E43/><V82/><F82/><W103/><G80/><T86/><D85/><U101/><E131/><V3/><F3/><W120/><G120/><T79/><D86/><U57/><E101/><V71/><F64/><W65/><G65/><T119/><D119/><U111/><E19/><V93/><F112/><W116/><G116/><T51/><D36/><U50/><E84/><V117/><F113/><W35/><G21/><T74/><D74/><U33/><E95/><V89/><F89/><W87/><G87/><T77/><N who="0" m="19456" /><DORA hai="34" /><T46/><REACH who="0" step="1"/><D5/><REACH who="0" ten="245,235,235,255" step="2"/><U98/><E98/><V91/><F73/><W24/><REACH who="3" step="1"/><G30/><REACH who="3" ten="245,235,235,245" step="2"/><T70/><D70/><N who="1" m="42343" /><E33/><V52/><F117/><W53/><G53/><T9/><D9/><AGARI ba="1,4" hai="1,6,9,24,29,35,40,44,45,47,49,99,103,104" machi="9" ten="40,2600,0" yaku="1,1,52,1,53,0" doraHai="66,34" doraHaiUra="88,128" who="3" fromWho="0" sc="245,-29,235,0,235,0,245,69" /><INIT seed="1,0,0,4,5,27" ten="216,235,235,314" oya="1" hai0="125,3,102,46,109,130,91,94,35,107,129,127,113" hai1="17,93,118,67,28,88,85,40,18,22,74,120,133" hai2="79,99,90,69,123,30,4,55,39,81,9,52,132" hai3="68,83,87,128,5,114,78,119,110,66,96,98,82"/><U105/><E120/><V0/><F123/><W65/><G114/><T43/><D3/><U41/><E118/><V73/><F132/><W131/><G110/><T31/><D113/><U92/><E105/><V97/><F69/><W71/><G5/><T53/><D109/><U75/><E67/><N who="3" m="25610" /><G119/><T86/><D53/><U56/><E56/><V60/><F39/><W121/><G121/><T38/><D102/><U19/><E74/><V89/><F30/><W61/><G61/><T84/><D107/><U124/><E75/><V24/><F24/><W100/><G83/><T72/><D72/><U49/><E124/><N who="0" m="47689" /><D84/><U62/><E133/><V106/><F99/><N who="3" m="37931" /><G100/><T103/><D103/><U14/><E62/><V11/><F106/><W16/><G16/><N who="1" m="6250" /><E93/><V20/><F60/><W76/><G76/><T101/><D101/><U51/><E28/><V21/><F73/><W57/><G57/><T50/><D38/><U33/><E33/><V95/><F95/><W32/><G32/><T1/><D1/><U58/><E58/><V108/><F0/><W77/><G77/><T54/><D31/><U44/><E44/><V115/><F79/><W42/><G42/><AGARI ba="0,0" hai="14,19,22,40,41,42,49,51,85,88,92" m="6250" machi="42" ten="30,5800,0" yaku="8,1,54,2" doraHai="27" who="1" fromWho="3" sc="216,0,235,58,235,0,314,-58" /><INIT seed="1,1,0,4,2,39" ten="216,293,235,256" oya="1" hai0="91,126,17,32,127,66,119,19,11,121,125,64,14" hai1="95,49,105,44,4,9,108,97,28,102,2,110,96" hai2="13,109,99,82,3,25,60,112,71,26,89,118,31" hai3="22,129,76,41,114,80,48,133,63,101,83,120,53"/><U128/><E28/><V75/><F3/><W86/><G114/><T24/><D119/><U6/><E128/><V130/><F109/><N who="1" m="42089" /><E2/><V93/><F26/><W116/><G120/><T20/><D121/><U134/><E9/><V56/><F71/><W37/><G129/><T51/><D32/><U67/><E67/><V104/><F31/><W40/><G133/><T7/><D91/><N who="1" m="55423" /><E134/><V12/><F112/><W15/><G37/><T106/><D106/><U65/><E65/><N who="0" m="25193" /><D51/><U18/><E18/><AGARI ba="1,0" hai="7,11,14,17,18,19,20,24,125,126,127" m="25193" machi="18" ten="40,1300,0" yaku="18,1" doraHai="39" who="0" fromWho="1" sc="216,16,293,-16,235,0,256,0" /><INIT seed="2,0,0,2,3,89" ten="232,277,235,256" oya="2" hai0="34,99,18,6,36,48,8,102,88,72,58,42,31" hai1="54,3,116,21,129,9,52,24,106,95,39,122,57" hai2="33,10,104,45,70,111,25,28,127,49,77,15,76" hai3="51,16,50,115,109,133,59,135,80,79,61,35,87"/><V121/><F121/><W69/><G35/><T75/><D36/><U105/><E39/><V12/><F127/><W63/><G109/><T96/><D18/><U74/><E74/><V7/><F111/><W83/><G115/><T64/><D99/><U90/><E116/><V67/><F104/><W56/><G69/><T119/><D119/><U92/><E106/><V17/><F67/><W118/><G118/><T47/><D88/><U62/><E105/><V55/><REACH who="2" step="1"/><F70/><REACH who="2" ten="232,277,225,256" step="2"/><W131/><G133/><T43/><D64/><N who="1" m="38991" /><E122/><V53/><F53/><N who="1" m="20585" /><E3/><V101/><F101/><W66/><G135/><T86/><D42/><U103/><E129/><V30/><F30/><W107/><G131/><T32/><D31/><U85/><E103/><V110/><F110/><W128/><G107/><T100/><D102/><U91/><E9/><AGARI ba="0,1" hai="7,9,10,12,15,17,25,28,33,45,49,55,76,77" machi="9" ten="30,2900,0" yaku="1,1,7,1,53,0" doraHai="89" doraHaiUra="38" who="2" fromWho="1" sc="232,0,277,-29,225,39,256,0" /><INIT seed="2,1,0,3,4,17" ten="232,248,264,256" oya="2" hai0="79,23,119,78,77,80,116,62,133,129,24,74,2" hai1="47,53,59,122,6,26,38,131,36,82,48,120,118" hai2="55,9,41,0,100,115,127,135,22,99,45,3,109" hai3="42,110,117,112,89,94,113,63,124,60,69,75,50"/><V70/><F115/><N who="3" m="44107" /><G117/><N who="0" m="45131" /><D2/><U4/><E118/><V33/><F33/><W91/><G110/><T76/><D129/><U84/><E131/><V90/><F70/><W93/><G124/><T56/><D133/><U11/><E26/><V27/><F135/><W18/><G75/><T72/><N who="0" m="19456" /><DORA hai="114" /><T10/><D10/><U67/><E84/><V125/><F90/><N who="3" m="34315" /><G18/><N who="0" m="12407" /><D80/><U88/><E82/><V102/><F109/><W95/><G69/><T134/><D134/><U15/><E88/><V51/><F127/><W5/><G5/><T111/><D111/><U31/><E4/><V37/><F125/><W128/><G128/><T32/><D32/><U43/><E31/><V13/><F0/><W8/><G8/><T61/><D61/><U73/><E73/><V14/><F9/><W104/><G104/><T35/><D35/><U30/><E30/><V85/><F3/><W1/><G1/><T52/><AGARI ba="1,0" hai="52,56,62,72,74" m="12407,19456,45131" machi="52" ten="50,12000,2" yaku="12,1,52,4,54,1" doraHai="17,114" who="0" fromWho="0" sc="232,123,248,-31,264,-61,256,-31" /><INIT seed="3,0,0,5,0,32" ten="355,217,203,225" oya="3" hai0="20,54,122,103,123,2,59,25,89,5,0,11,96" hai1="78,100,92,110,120,101,13,56,17,12,113,95,69" hai2="34,124,75,15,98,81,126,107,125,26,117,3,84" hai3="49,85,71,121,51,77,22,27,28,60,37,88,65"/><W131/><G131/><T76/><D89/><U67/><E69/><V74/><F3/><W80/><G121/><T133/><D76/><U18/><E120/><V9/><F117/><W48/><REACH who="3" step="1"/><G37/><REACH who="3" ten="355,217,203,215" step="2"/><T8/><D133/><U109/><E113/><V30/><F107/><W42/><G42/><T111/><D111/><N who="1" m="42507" /><E78/><AGARI ba="0,1" hai="22,27,28,48,49,51,60,65,71,77,78,80,85,88" machi="78" ten="40,12000,1" yaku="1,1,54,1,53,2" doraHai="32" doraHaiUra="72" who="3" fromWho="1" sc="355,0,217,-120,203,0,215,130" /><INIT seed="3,1,0,2,4,47" ten="355,97,203,345" oya="3" hai0="67,5,39,21,128,58,101,104,133,27,31,10,52" hai1="131,118,2,88,63,87,56,110,125,121,78,84,107" hai2="33,103,130,11,135,95,59,61,94,7,122,105,6" hai3="129,30,73,120,134,54,64,92,112,44,32,51,26"/><W82/><G112/><T40/><D128/><U108/><E107/><V80/><F33/><W29/><G120/><T119/><D119/><U117/><E2/><V83/><F135/><W75/><G134/><T18/><D133/><U24/><E24/><V46/><F105/><W35/><G129/><T41/><D39/><U34/><E34/><V72/><F72/><W68/><G92/><T132/><D132/><U66/><E131/><V4/><F11/><W15/><G15/><N who="0" m="5583" /><D104/><U69/><E121/><V124/><F124/><W48/><G48/><N who="0" m="30983" /><D67/><U93/><E125/><V100/><F46/><W37/><G37/><T13/><D101/><U113/><E113/><V14/><F14/><W43/><G82/><T16/><D31/><U74/><E74/><V123/><F130/><W23/><G43/><T45/><D45/><U65/><E69/><V109/><F109/><W9/><G9/><AGARI ba="1,0" hai="9,13,16,18,21,27,40,41" m="30983,5583" machi="9" ten="30,7700,0" yaku="8,1,52,1,54,2" doraHai="47" who="0" fromWho="3" sc="355,80,97,0,203,0,345,-80" owari="435,53.5,97,-40.3,203,-19.7,265,6.5" /></mjloggm>