<mjloggm ver="2.3"><GO type="225" lobby="0"/><UN n0="%E3%81%88%E3%81%8C%E3%82%8F%E3%82%8A%E3%81%8A" n1="%E3%81%BF%E3%81%BF%E3%81%9A" n2="%77%72%77%72%77%72%77%72" n3="%E3%81%86%E3%82%8B%E3%81%8A%E3%81%A1%E3%82%83" dan="16,17,16,16" rate="2091.11,2243.70,2127.41,2115.25" sx="M,M,M,F"/><TAIKYOKU oya="0"/><INIT seed="0,0,0,3,4,1" ten="250,250,250,250" oya="0" hai0="12,64,19,18,125,106,3,9,79,63,93,62,113" hai1="13,39,35,71,43,76,110,52,46,31,119,77,6" hai2="81,90,92,7,61,132,22,51,124,67,85,112,73" hai3="109,80,20,17,134,34,21,75,59,65,69,30,57"/><T117/><D117/><U15/><E119/><V118/><F118/><W40/><G40/><T98/><D113/><U56/><E71/><V49/><F112/><W101/><G101/><T105/><D125/><U38/><E38/><V25/><F124/><W128/><G69/><T29/><D29/><U86/><E110/><V70/><F132/><W55/><G34/><T83/><D19/><U45/><E45/><V131/><F131/><W47/><G75/><T16/><D18/><U53/><E53/><V2/><F73/><W97/><G109/><T121/><D3/><U102/><E102/><V115/><F115/><W10/><G134/><T11/><D11/><U89/><E31/><V126/><F126/><W94/><G80/><T72/><D121/><U99/><E99/><V50/><F92/><W27/><G10/><T28/><D28/><U37/><E37/><V82/><F82/><W8/><G8/><T14/><D14/><U68/><E68/><V95/><F95/><W120/><G120/><T5/><D5/><U74/><E6/><V84/><F84/><W103/><G128/><T108/><D108/><U58/><E74/><V32/><F32/><W107/><G107/><N who="0" m="40971" /><D64/><U91/><E35/><V66/><F66/><W33/><G33/><T36/><D36/><U0/><E0/><V48/><N who="2" m="12288" /><DORA hai="100" /><V104/><F104/><W60/><G47/><T116/><D116/><U24/><E46/><V122/><F122/><W123/><G123/><T44/><D44/><U54/><E39/><V78/><F2/><W96/><G65/><T4/><D4/><U88/><E54/><RYUUKYOKU ba="0,0" sc="250,30,250,-10,250,-10,250,-10" hai0="9,12,16,62,63,72,79,83,93,98" /><INIT seed="0,1,0,4,1,133" ten="280,240,240,240" oya="0" hai0="132,21,27,36,121,73,38,119,84,67,95,16,19" hai1="28,76,124,81,40,83,33,12,59,102,126,94,57" hai2="106,50,52,70,35,13,65,92,62,63,96,125,11" hai3="68,46,113,37,91,69,14,23,61,80,56,41,39"/><T131/><D119/><U129/><E40/><V117/><F117/><W107/><G107/><T8/><D132/><U72/><E129/><V32/><F125/><N who="1" m="48233" /><E12/><V18/><F106/><W122/><G39/><T115/><D115/><U24/><E83/><V88/><REACH who="2" step="1"/><F62/><REACH who="2" ten="280,240,230,240" step="2"/><W6/><G61/><T86/><D121/><U90/><E102/><V111/><F111/><W25/><G122/><T103/><D73/><U10/><E10/><V109/><F109/><W34/><G113/><T30/><D131/><U135/><E135/><V55/><F55/><W98/><G14/><T120/><D67/><U114/><E114/><V93/><F93/><W75/><G80/><T78/><D95/><U60/><E60/><V123/><F123/><W128/><G128/><T85/><D120/><U17/><E17/><V9/><F9/><W49/><G41/><T53/><D8/><U82/><E82/><V1/><F1/><W51/><G6/><T29/><D19/><U130/><E130/><V22/><F22/><W45/><G23/><T44/><D16/><U7/><E7/><V5/><F5/><W64/><G25/><T54/><D21/><U43/><E43/><V104/><F104/><W74/><G64/><T99/><D27/><U116/><E116/><V87/><F87/><AGARI ba="1,1" hai="24,28,33,57,59,72,76,81,87,90,94" m="48233" machi="87" ten="30,7700,0" yaku="18,1,52,3" doraHai="133" who="1" fromWho="2" sc="280,0,240,90,230,-80,240,0" /><INIT seed="1,0,0,5,5,55" ten="280,330,150,240" oya="1" hai0="85,93,45,56,59,11,113,38,108,72,131,63,32" hai1="4,33,106,97,128,81,51,122,118,86,114,18,120" hai2="103,96,107,102,64,37,13,76,99,116,94,41,52" hai3="70,39,36,15,90,133,111,101,1,84,66,19,53"/><U7/><E114/><V124/><F116/><W92/><G1/><T35/><D113/><U21/><E118/><V110/><F110/><W88/><G111/><T79/><D108/><U48/><E33/><V50/><F124/><W62/><G133/><T135/><D135/><U98/><E128/><V117/><F117/><W134/><G134/><T30/><D131/><U6/><E106/><V130/><F130/><W71/><G71/><T10/><D72/><U12/><E122/><V104/><F64/><W24/><G24/><T2/><D63/><U27/><E120/><V44/><F76/><W17/><G101/><T14/><D2/><U121/><E121/><V54/><F94/><W82/><G53/><T3/><D3/><U68/><E68/><V22/><REACH who="2" step="1"/><F37/><REACH who="2" ten="280,330,140,240" step="2"/><W83/><G39/><T57/><D38/><U60/><E98/><V119/><F119/><W109/><G36/><T65/><D65/><U61/><E97/><V47/><F47/><W9/><G109/><T29/><D45/><U89/><E27/><V23/><F23/><W31/><G70/><T74/><D93/><U16/><E18/><AGARI ba="0,1" hai="13,18,22,41,44,50,52,54,96,99,102,103,104,107" machi="18" ten="40,8000,1" yaku="1,1,9,1,54,1,53,1" doraHai="55" doraHaiUra="42" who="2" fromWho="1" sc="280,0,330,-80,140,90,240,0" /><INIT seed="2,0,0,4,4,22" ten="280,250,230,240" oya="2" hai0="108,10,76,25,26,110,116,33,31,41,23,81,135" hai1="35,131,57,112,29,44,52,50,93,58,53,100,38" hai2="71,47,4,5,11,129,1,65,37,18,98,55,118" hai3="132,8,60,90,3,103,13,114,28,9,134,79,21"/><V83/><F118/><W117/><G117/><T120/><D116/><U61/><E112/><V92/><F129/><W130/><G130/><T75/><D120/><U80/><E131/><V62/><F83/><W119/><G119/><T104/><D104/><U42/><E80/><V91/><F5/><W88/><G114/><T45/><D135/><N who="3" m="51753" /><G79/><T48/><REACH who="0" step="1"/><D10/><REACH who="0" ten="270,250,230,240" step="2"/><U128/><E128/><V0/><F11/><W66/><G9/><T63/><D63/><U59/><E61/><V67/><F62/><W2/><G2/><T82/><D82/><U7/><E93/><V32/><F1/><W125/><G3/><T15/><D15/><U77/><E77/><V133/><F0/><W94/><G60/><T20/><D20/><U14/><E14/><V85/><F133/><W115/><G115/><T84/><D84/><U89/><E35/><V30/><F85/><W122/><G122/><T56/><D56/><U40/><E59/><V95/><F95/><W126/><G66/><T39/><D39/><U127/><E38/><V6/><F37/><W113/><G113/><T124/><D124/><N who="3" m="47721" /><G8/><T99/><D99/><U46/><E127/><V97/><F65/><W106/><G106/><T96/><D96/><U72/><E58/><V73/><F98/><N who="3" m="59863" /><G13/><T17/><AGARI ba="0,1" hai="17,23,25,26,31,33,41,45,48,75,76,81,108,110" machi="17" ten="30,8000,1" yaku="1,1,0,1,52,2,53,1" doraHai="22" doraHaiUra="36" who="0" fromWho="0" sc="270,90,250,-20,230,-40,240,-20" /><INIT seed="3,0,0,3,3,112" ten="360,230,190,220" oya="3" hai0="93,45,47,12,22,109,121,131,92,36,39,13,53" hai1="41,86,48,99,38,64,17,9,124,56,111,18,44" hai2="68,97,135,126,123,40,42,71,2,33,100,73,76" hai3="4,106,122,104,103,110,61,1,60,24,26,94,67"/><W52/><G122/><T59/><D121/><U120/><E120/><V10/><F123/><RYUUKYOKU type="kaze4" ba="0,0" sc="360,0,230,0,190,0,220,0" /><INIT seed="3,1,0,0,5,105" ten="360,230,190,220" oya="3" hai0="29,7,25,97,108,129,120,124,62,3,1,116,75" hai1="49,98,107,38,90,118,128,127,76,80,55,66,46" hai2="102,58,6,18,130,74,68,83,5,43,8,104,122" hai3="125,32,19,81,101,126,133,86,61,50,99,22,132"/><W28/><G32/><T21/><D116/><U91/><E118/><V69/><F130/><W93/><G28/><T60/><D120/><U24/><E128/><V36/><F122/><W31/><G31/><T119/><D119/><U11/><E127/><V53/><F18/><W135/><G50/><T95/><D129/><U79/><E66/><V84/><F6/><W34/><G61/><T123/><D123/><U131/><E131/><V40/><F104/><W112/><G34/><T111/><D75/><U121/><E121/><V64/><F102/><W44/><G44/><T26/><D26/><U77/><E38/><V2/><F64/><W15/><REACH who="3" step="1"/><G112/><REACH who="3" ten="360,230,190,210" step="2"/><T41/><D62/><U12/><E46/><N who="2" m="23815" /><F43/><W37/><G37/><T16/><D60/><U96/><E49/><N who="2" m="31023" /><F84/><W47/><G47/><T45/><D29/><U115/><E115/><V89/><F89/><AGARI ba="1,1" hai="15,19,22,81,86,89,93,99,101,125,126,132,133,135" machi="89" ten="40,3900,0" yaku="1,1,20,1,53,0" doraHai="105" doraHaiUra="103" who="3" fromWho="2" sc="360,0,230,0,190,-42,210,52" /><INIT seed="3,2,0,5,3,52" ten="360,230,148,262" oya="3" hai0="134,7,125,63,97,108,53,47,12,50,89,115,111" hai1="38,74,54,31,124,30,21,72,24,65,60,58,133" hai2="103,82,76,126,42,130,40,91,57,73,46,117,48" hai3="36,90,69,10,27,39,5,49,71,131,2,85,81"/><W9/><G131/><T128/><D128/><U22/><E133/><V18/><F130/><W62/><G10/><N who="0" m="4191" /><D134/><U102/><E124/><V33/><F126/><W43/><G27/><T6/><D125/><U120/><E120/><V8/><F117/><W29/><G29/><T113/><D6/><U55/><E38/><V119/><F119/><W68/><REACH who="3" step="1"/><G62/><REACH who="3" ten="360,230,148,252" step="2"/><T0/><D63/><U67/><E31/><V84/><F33/><W107/><G107/><T4/><D0/><U59/><E21/><V127/><F127/><W25/><G25/><T105/><D4/><U32/><E32/><V87/><F73/><W61/><G61/><T110/><D105/><U121/><E74/><V104/><F104/><W95/><G95/><AGARI ba="2,1" hai="47,50,53,89,95,97,108,110,111,113,115" m="4191" machi="95" ten="40,1300,0" yaku="14,1" doraHai="52" who="0" fromWho="3" sc="360,29,230,0,148,0,252,-19" owari="389,48.9,230,-17.0,148,-35.2,233,3.3" /></mjloggm>