<mjloggm ver="2.3"><GO type="225" lobby="0"/><UN n0="%E3%81%AF%E3%82%88%E3%81%8A%E3%81%98%E3%81%95%E3%82%93" n1="%E7%8D%85%E5%AD%90%E6%80%92%E3%82%93" n2="%E8%81%B7%E6%A5%AD%E3%80%81%E9%A2%A8%32" n3="%6D%75%75%6D%75%72%61" dan="16,16,16,17" rate="2133.89,2186.32,2084.93,2195.71" sx="M,M,M,F"/><TAIKYOKU oya="0"/><INIT seed="0,0,0,1,5,52" ten="250,250,250,250" oya="0" hai0="129,37,12,17,110,25,31,29,75,99,1,16,61" hai1="76,46,86,113,112,105,101,104,87,82,64,111,55" hai2="69,66,127,74,81,97,78,123,10,72,51,90,50" hai3="0,39,120,59,40,19,53,11,57,44,121,34,30"/><T131/><D37/><U119/><E119/><V14/><F123/><N who="3" m="47179" /><G53/><T95/><D75/><U47/><E111/><V79/><F127/><W60/><G60/><T36/><D36/><U91/><E64/><V62/><F74/><W67/><G67/><T6/><D110/><U88/><E76/><V54/><F51/><W130/><G130/><N who="0" m="49675" /><D61/><U83/><E55/><V43/><F43/><W27/><G19/><N who="0" m="7243" /><D95/><U71/><REACH who="1" step="1"/><E101/><REACH who="1" ten="250,240,250,250" step="2"/><V80/><F79/><W73/><G73/><T96/><D1/><U41/><E41/><V103/><F78/><W115/><G115/><T48/><D48/><U24/><E24/><V106/><F72/><W32/><G32/><T58/><D25/><U133/><E133/><V8/><F90/><W128/><G128/><T21/><D21/><U63/><E63/><V68/><F10/><W85/><G85/><T18/><D96/><U33/><E33/><V3/><F3/><W13/><G0/><T7/><D99/><U132/><E132/><V98/><F97/><W2/><G13/><T9/><D58/><N who="3" m="22025" /><G2/><T35/><D35/><U28/><E28/><AGARI ba="0,1" hai="6,7,9,12,18,28,29,31" m="7243,49675" machi="28" ten="30,11600,0" yaku="19,1,34,2,54,1" doraHai="52" who="0" fromWho="1" sc="250,126,240,-116,250,0,250,0" /><INIT seed="0,1,0,4,3,26" ten="376,124,250,250" oya="0" hai0="12,22,130,62,43,98,56,122,95,32,91,127,40" hai1="85,81,102,73,39,1,121,107,36,108,49,9,48" hai2="21,63,51,15,116,106,87,27,105,55,8,126,4" hai3="65,69,86,19,42,14,59,16,100,17,58,5,41"/><T66/><D122/><U79/><E121/><V109/><F109/><W0/><G0/><T76/><D32/><U2/><E108/><V110/><F110/><W30/><G69/><T13/><D127/><U54/><E49/><V61/><F116/><W57/><G65/><T3/><D3/><U25/><E25/><V129/><F129/><W114/><G114/><T24/><D130/><U46/><E85/><V83/><F105/><W64/><G64/><T80/><D43/><N who="3" m="16393" /><G100/><T11/><D40/><U101/><E1/><V123/><F106/><W37/><G37/><T117/><D117/><U82/><E82/><V88/><F126/><W94/><G30/><T35/><D35/><U71/><E71/><V92/><F83/><W45/><G45/><T134/><D134/><U99/><REACH who="1" step="1"/><E101/><REACH who="1" ten="376,114,250,250" step="2"/><V90/><F123/><W119/><G119/><T72/><D72/><U131/><E131/><V120/><F90/><N who="3" m="53591" /><G5/><AGARI ba="1,1" hai="2,5,9,36,39,46,48,54,73,79,81,99,102,107" machi="5" ten="40,1300,0" yaku="1,1,53,0" doraHai="26" doraHaiUra="53" who="1" fromWho="3" sc="376,0,114,26,250,0,250,-16" /><INIT seed="1,0,0,4,2,67" ten="376,140,250,234" oya="1" hai0="93,37,79,65,10,11,5,40,117,44,77,1,50" hai1="48,131,92,95,18,24,0,114,98,2,26,36,28" hai2="3,42,19,109,120,16,54,60,103,71,4,126,21" hai3="57,115,86,66,87,108,118,74,22,105,7,112,31"/><U14/><E36/><V78/><F109/><W27/><G108/><T129/><D117/><U69/><E69/><V46/><F120/><W90/><G118/><T106/><D106/><U8/><E114/><V51/><F126/><W107/><G74/><T100/><D129/><U84/><E131/><V25/><F103/><W101/><G7/><T59/><D10/><U61/><E61/><V122/><F122/><W49/><G87/><T73/><D73/><U94/><E98/><V13/><F78/><W128/><G128/><T121/><D121/><U15/><E84/><V134/><F134/><W45/><G57/><T104/><D104/><U91/><E91/><V64/><F3/><W53/><G66/><T99/><D37/><U38/><E38/><V80/><F80/><W82/><REACH who="3" step="1"/><G107/><REACH who="3" ten="376,140,250,224" step="2"/><T75/><D75/><U70/><E70/><V125/><F4/><W9/><G9/><T52/><D65/><U58/><E15/><V29/><F125/><W20/><G20/><T81/><D81/><U130/><E130/><V23/><REACH who="2" step="1"/><F29/><REACH who="2" ten="376,140,240,224" step="2"/><W43/><G43/><AGARI ba="0,2" hai="13,16,19,21,23,25,42,43,46,51,54,60,64,71" machi="43" ten="40,8000,1" yaku="1,1,2,1,52,1,54,1,53,0" doraHai="67" doraHaiUra="113" who="2" fromWho="3" sc="376,0,140,0,240,100,224,-80" /><INIT seed="2,0,0,5,0,57" ten="376,140,340,144" oya="2" hai0="8,7,123,95,6,11,58,103,70,64,92,48,94" hai1="46,40,4,102,127,115,33,24,27,112,96,79,1" hai2="69,98,71,100,111,68,34,108,20,32,122,2,47" hai3="91,130,118,101,28,119,97,41,129,80,72,134,104"/><V45/><F122/><W38/><G28/><T93/><D123/><U86/><E127/><V124/><F2/><W84/><G41/><T36/><D36/><U35/><E4/><N who="0" m="1577" /><D70/><U43/><E1/><V126/><F20/><W113/><G38/><T120/><D120/><U83/><E43/><V90/><F90/><W125/><G125/><N who="2" m="48233" /><F47/><W87/><G72/><T135/><D135/><U62/><E62/><V50/><F50/><W23/><G23/><T37/><D37/><U61/><E61/><V106/><F45/><W85/><G134/><T29/><D29/><U26/><E40/><V63/><F63/><W18/><G18/><T16/><D16/><U121/><E46/><V131/><F131/><N who="3" m="50187" /><G113/><T3/><D3/><U59/><E59/><V10/><F10/><W77/><G85/><T15/><D15/><U52/><E52/><V51/><F51/><W60/><G60/><N who="0" m="37911" /><D48/><U128/><E121/><V117/><F117/><W88/><G77/><T76/><D76/><U17/><E17/><V22/><F22/><W110/><G110/><AGARI ba="0,0" hai="32,34,68,69,71,98,100,106,108,110,111" m="48233" machi="110" ten="40,12000,1" yaku="14,1,10,1,18,1,23,1" doraHai="57" who="2" fromWho="3" sc="376,0,140,0,340,120,144,-120" /><INIT seed="2,1,0,1,0,66" ten="376,140,460,24" oya="2" hai0="23,71,135,48,124,105,120,59,30,110,126,11,27" hai1="60,6,64,32,111,115,74,15,113,114,69,79,106" hai2="108,95,107,16,39,18,17,93,28,53,90,99,75" hai3="68,94,65,125,12,55,134,49,9,118,31,73,87"/><V129/><F39/><W103/><G73/><T13/><D105/><U72/><E106/><V130/><F107/><W96/><G118/><T2/><D120/><U70/><E111/><V51/><F75/><W4/><G125/><N who="0" m="48235" /><D59/><U37/><E37/><V1/><F1/><W22/><G134/><T88/><D48/><U121/><E32/><V84/><F28/><W45/><G87/><T62/><D88/><U54/><E70/><V43/><F43/><W128/><G128/><N who="2" m="49257" /><F108/><W80/><G80/><T131/><D131/><U3/><E69/><V82/><F99/><W91/><G103/><T26/><D62/><U20/><E3/><V36/><F36/><W40/><G40/><T24/><D71/><U112/><E74/><V29/><F29/><W117/><G117/><T104/><D104/><U81/><E72/><V38/><F38/><W8/><G8/><T50/><D50/><U63/><E121/><V85/><F84/><W42/><G42/><T10/><D110/><U102/><E112/><V41/><F41/><W35/><G35/><T61/><D61/><U109/><E109/><V47/><AGARI ba="1,0" hai="16,17,18,47,51,53,82,85,90,93,95" m="49257" machi="47" ten="30,3000,0" yaku="19,1,54,1" doraHai="66" who="2" fromWho="2" sc="376,-11,140,-11,460,33,24,-11" /><INIT seed="2,2,0,1,1,100" ten="365,129,493,13" oya="2" hai0="46,52,41,71,4,37,78,5,11,109,112,128,86" hai1="33,12,111,110,131,96,79,81,20,28,21,76,121" hai2="115,49,36,85,125,17,106,0,35,67,80,59,87" hai3="105,116,82,19,126,118,57,69,60,132,18,75,122"/><V90/><F36/><W127/><G69/><T72/><D112/><U84/><E131/><V64/><F35/><W16/><G122/><T55/><D128/><U77/><E121/><V123/><F106/><W1/><G1/><T124/><D71/><U61/><E61/><V14/><F0/><W68/><G68/><T47/><D109/><N who="1" m="41483" /><E96/><V73/><F73/><W97/><G132/><T40/><D124/><N who="3" m="47657" /><G75/><T50/><D72/><U92/><E92/><N who="2" m="54351" /><F115/><W39/><G82/><T3/><D4/><U43/><E43/><V113/><F113/><W103/><G39/><T42/><D41/><U93/><E93/><V27/><F27/><W62/><G62/><T104/><D104/><U54/><E54/><AGARI ba="2,0" hai="16,18,19,54,57,60,97,103,105,116,118" m="47657" machi="54" ten="30,3900,0" yaku="18,1,52,1,54,1" doraHai="100" who="3" fromWho="1" sc="365,0,129,-45,493,0,13,45" /><INIT seed="3,0,0,5,0,64" ten="365,84,493,58" oya="3" hai0="25,34,89,83,40,109,125,76,56,16,42,11,101" hai1="68,2,74,93,96,133,52,75,14,94,69,36,67" hai2="120,10,97,82,91,115,70,117,73,59,134,116,63" hai3="31,58,100,77,65,79,84,62,106,22,71,3,38"/><W33/><G3/><T127/><D109/><U32/><E2/><V29/><F115/><W132/><G132/><T110/><D110/><U60/><E36/><V123/><F70/><W12/><G38/><T26/><D101/><U86/><E32/><V47/><F134/><W92/><G58/><T19/><D89/><U51/><E69/><V95/><F47/><W111/><G111/><T5/><D56/><U46/><E133/><V53/><F29/><W17/><G92/><T85/><D34/><U15/><E15/><V113/><F10/><W87/><G87/><T112/><D112/><U8/><E86/><N who="2" m="50647" /><F73/><W72/><G72/><T23/><D127/><U78/><E78/><V4/><F4/><W20/><G20/><T7/><D125/><U105/><E105/><V90/><F113/><W24/><REACH who="3" step="1"/><G84/><REACH who="3" ten="365,84,493,48" step="2"/><T39/><D39/><U21/><E21/><V28/><F59/><W48/><G48/><T107/><D107/><U13/><E93/><V0/><F95/><W61/><G61/><T18/><D11/><U6/><E14/><V131/><F63/><W126/><G126/><T27/><REACH who="0" step="1"/><D23/><REACH who="0" ten="355,84,493,48" step="2"/><U30/><E30/><V35/><F28/><W103/><G103/><AGARI ba="0,2" hai="6,8,13,46,51,52,60,67,68,74,75,94,96,103" machi="103" ten="30,3900,0" yaku="7,1,52,1,54,1" doraHai="64" who="1" fromWho="3" sc="355,0,84,59,493,0,48,-39" owari="355,15.5,143,-25.7,493,59.3,9,-49.1" /></mjloggm>