<mjloggm ver="2.3"><GO type="225" lobby="0"/><UN n0="%E3%81%AF%E3%82%88%E3%81%8A%E3%81%98%E3%81%95%E3%82%93" n1="%E3%83%AC%E3%82%A4%E3%83%88%E3%83%B3%E5%87%86%E6%95%99%E6%8E%88" n2="%E3%81%8B%E3%82%8F%E3%81%A1%E3%82%83%E3%82%93%35%38" n3="%72%69%6F%75%63%68%61%6E" dan="17,19,16,16" rate="2209.83,2307.85,2210.18,2132.68" sx="M,M,M,M"/><TAIKYOKU oya="0"/><INIT seed="0,0,0,5,0,58" ten="250,250,250,250" oya="0" hai0="22,108,33,109,119,17,24,131,86,67,97,51,111" hai1="123,37,32,56,99,25,100,11,55,7,83,76,5" hai2="34,57,40,116,38,64,12,84,39,44,90,69,105" hai3="4,74,19,14,75,15,18,0,73,30,95,66,50"/><T70/><D119/><U127/><E123/><V134/><F34/><W130/><G130/><T132/><D131/><U103/><E37/><V107/><F39/><W53/><G30/><T27/><D132/><U117/><E117/><V72/><F72/><W29/><G29/><T13/><D33/><U45/><E45/><V85/><F116/><W41/><G41/><T92/><D86/><U71/><E71/><V80/><F134/><W68/><G0/><T126/><D126/><U102/><E127/><V128/><F128/><W3/><G3/><T113/><D113/><U79/><E25/><V110/><F110/><W35/><G35/><T21/><D51/><U26/><E26/><V54/><F12/><W78/><G78/><N who="1" m="29738" /><E83/><V43/><F85/><W20/><G4/><N who="1" m="1610" /><E11/><V89/><F43/><W49/><G68/><T106/><D106/><U61/><E32/><V9/><F9/><W87/><G75/><T42/><D42/><U6/><N who="1" m="1618" /><U133/><DORA hai="93" /><E133/><V1/><F1/><W104/><G104/><T36/><D36/><U46/><E46/><V88/><F105/><W81/><G74/><T115/><D115/><U65/><E65/><V2/><F107/><W112/><G66/><T28/><D24/><U91/><E91/><N who="2" m="34891" /><F2/><W121/><G112/><T122/><D122/><U96/><AGARI ba="0,0" hai="55,56,61,96,99,100,102,103" m="1618,29738" machi="96" ten="40,8000,1" yaku="8,1,52,3" doraHai="58,93" who="1" fromWho="1" sc="250,-40,250,80,250,-20,250,-20" /><INIT seed="1,0,0,0,4,104" ten="210,330,230,230" oya="1" hai0="22,107,80,42,48,34,102,84,43,90,87,30,51" hai1="75,81,12,121,74,122,8,46,17,119,16,135,10" hai2="79,13,123,109,67,2,89,61,103,25,112,33,35" hai3="1,117,134,99,70,44,115,76,41,18,64,128,24"/><U29/><E119/><V21/><F2/><W7/><G115/><T78/><D34/><U52/><E29/><V98/><F123/><W23/><G117/><T106/><D106/><U49/><E135/><V73/><F89/><W32/><G128/><T6/><D6/><U53/><E81/><V27/><F13/><W36/><G134/><T45/><D107/><U94/><E94/><V110/><F112/><W100/><G70/><T131/><D102/><U69/><E69/><N who="2" m="42223" /><F27/><W113/><G64/><T86/><D131/><U38/><E38/><V47/><F47/><W39/><G113/><T133/><D133/><U37/><E37/><V65/><F65/><W93/><G39/><T97/><D97/><U28/><E28/><N who="2" m="19599" /><F21/><W9/><G32/><T126/><D126/><U130/><E130/><V19/><F19/><W0/><REACH who="3" step="1"/><G76/><REACH who="3" ten="210,330,230,220" step="2"/><T63/><D78/><U108/><E121/><V62/><F35/><W31/><G31/><T82/><D30/><U56/><E122/><V58/><F79/><W132/><G132/><T92/><D82/><U95/><E108/><V105/><F110/><W59/><G59/><T50/><D80/><U125/><E56/><V77/><F109/><W40/><G40/><T3/><D43/><U85/><E125/><V111/><F111/><W101/><G101/><T114/><D114/><U118/><E118/><V124/><F124/><W54/><G54/><T66/><D42/><U116/><E53/><N who="2" m="34127" /><F77/><W68/><G68/><T91/><D66/><U60/><E116/><V5/><F5/><W129/><G129/><T88/><D87/><U15/><E85/><RYUUKYOKU ba="0,1" sc="210,-15,330,-15,230,15,220,15" hai2="73,98,103,105" hai3="0,1,7,9,18,23,24,36,41,44,93,99,100" /><INIT seed="2,1,1,4,4,111" ten="195,315,245,235" oya="2" hai0="43,51,82,118,69,68,95,128,126,101,38,62,17" hai1="21,28,122,98,83,26,78,3,73,24,72,93,94" hai2="110,2,81,55,54,76,119,10,14,7,0,40,49" hai3="64,102,20,106,103,61,105,50,75,22,125,39,127"/><V109/><F40/><W129/><G129/><T65/><D128/><U91/><E3/><N who="2" m="1067" /><F49/><W130/><G130/><T27/><D126/><N who="3" m="48137" /><G39/><T77/><D118/><U35/><E122/><V121/><F121/><W133/><G133/><T96/><D38/><U13/><E93/><V41/><F41/><W46/><G75/><T85/><D68/><U104/><E104/><N who="3" m="40042" /><G20/><T108/><D108/><N who="2" m="41578" /><F119/><W57/><G22/><T44/><D17/><U134/><E134/><V116/><F116/><W37/><G37/><T99/><D27/><U71/><E26/><V31/><F31/><W60/><G60/><T29/><REACH who="0" step="1"/><D96/><REACH who="0" ten="185,315,245,235" step="2"/><U115/><E98/><V34/><F34/><W97/><G97/><T12/><D12/><U19/><E35/><V63/><F63/><W6/><G6/><T53/><D53/><AGARI ba="1,2" hai="46,50,53,57,61,64,102,103" m="40042,48137" machi="53" ten="30,1000,0" yaku="18,1" doraHai="111" who="3" fromWho="0" sc="185,-13,315,0,245,0,235,33" /><INIT seed="3,0,0,3,3,21" ten="172,315,245,268" oya="3" hai0="4,13,59,53,50,132,6,42,77,115,14,2,18" hai1="108,83,25,10,47,82,129,85,92,91,102,57,17" hai2="38,90,68,52,94,97,89,78,114,12,105,56,81" hai3="130,60,131,120,117,31,133,98,27,0,46,35,119"/><W19/><G120/><T123/><D123/><U7/><E108/><V106/><F114/><W65/><G133/><T73/><D132/><U3/><E129/><N who="3" m="49162" /><G0/><T103/><D115/><U104/><E57/><V9/><F38/><W122/><G122/><T48/><D2/><U28/><E17/><V33/><F33/><W118/><G19/><T15/><D73/><U101/><E47/><V84/><F68/><N who="3" m="42023" /><G46/><T16/><D77/><U1/><E3/><V5/><REACH who="2" step="1"/><F78/><REACH who="2" ten="172,315,235,268" step="2"/><W99/><AGARI ba="0,1" hai="27,31,35,98,99,117,118,119" m="42023,49162" machi="99" ten="40,3900,0" yaku="19,1,52,1" doraHai="21" who="3" fromWho="3" sc="172,-13,315,-13,235,-13,268,49" owari="159,-34.1,302,10.2,222,-17.8,317,41.7" /></mjloggm>