<mjloggm ver="2.3"><GO type="225" lobby="0"/><UN n0="%E3%82%B7%E3%83%B3%E5%A4%AA%E6%9C%97" n1="%E9%A2%A8%E3%81%A7%E9%B3%B4%E3%81%8F" n2="%E7%AD%89%E3%80%85%E5%8A%9B%E5%8A%87%E5%A0%B4" n3="%E3%81%86%E3%83%BC%E3%81%B1%E3%83%BC" dan="16,16,16,16" rate="2130.05,2146.68,2124.88,2160.78" sx="M,M,M,F"/><TAIKYOKU oya="0"/><INIT seed="0,0,0,3,5,44" ten="250,250,250,250" oya="0" hai0="130,110,76,14,35,24,126,40,91,18,64,33,129" hai1="17,134,116,48,0,38,74,15,26,28,72,98,125" hai2="12,73,13,101,120,11,43,2,119,31,29,34,100" hai3="118,59,65,45,95,135,62,54,61,87,58,63,94"/><T20/><D64/><U124/><E38/><V96/><F73/><W42/><G118/><T27/><D76/><U103/><E0/><V109/><F120/><W117/><G117/><T21/><D40/><U102/><E48/><V46/><F119/><W84/><G135/><T80/><D80/><U113/><E134/><V92/><F109/><W37/><G62/><T132/><D91/><U51/><E51/><V75/><F75/><W131/><G131/><N who="0" m="50187" /><D132/><U10/><E103/><V81/><F81/><W122/><G122/><T99/><D99/><U106/><E113/><V67/><F67/><W107/><G107/><T86/><D86/><U111/><E111/><V52/><F101/><W97/><G94/><T70/><D70/><U1/><E116/><V89/><F100/><AGARI ba="0,0" hai="37,42,45,54,58,59,61,63,65,84,87,95,97,100" machi="100" ten="30,1000,0" yaku="7,1" doraHai="44" who="3" fromWho="2" sc="250,0,250,0,250,-10,250,10" /><INIT seed="1,0,0,1,5,50" ten="250,250,240,260" oya="1" hai0="135,83,79,85,9,19,80,68,128,89,121,56,111" hai1="108,12,120,114,98,100,45,36,54,23,63,113,90" hai2="123,16,18,59,93,129,60,49,116,48,31,52,119" hai3="22,81,71,122,13,39,38,127,87,0,78,3,7"/><U64/><E120/><V29/><F123/><W75/><G71/><T24/><D68/><U132/><E132/><V130/><F93/><W74/><G122/><T61/><D135/><U2/><E2/><V94/><F94/><W5/><G127/><T11/><D111/><U86/><E108/><V35/><F60/><W10/><G87/><T33/><D128/><N who="2" m="49258" /><F35/><W95/><G95/><T97/><D121/><U6/><E36/><V101/><F101/><W51/><G51/><T34/><D34/><U107/><E45/><V42/><F42/><W88/><G88/><T14/><D97/><U82/><E54/><N who="2" m="32199" /><F29/><W106/><G106/><T133/><D133/><U92/><E107/><V70/><F31/><W77/><G81/><T102/><D102/><U8/><REACH who="1" step="1"/><E23/><REACH who="1" ten="250,240,240,260" step="2"/><V126/><F126/><W41/><G22/><T124/><D124/><U110/><E110/><V76/><F119/><W15/><G41/><T40/><D40/><U4/><E4/><V28/><F116/><W55/><G55/><T43/><D43/><U115/><E115/><V58/><F52/><W66/><G66/><T44/><D44/><U125/><E125/><V99/><F49/><W20/><G20/><T105/><D105/><U62/><E62/><V30/><F70/><AGARI ba="0,1" hai="6,8,12,63,64,70,82,86,90,92,98,100,113,114" machi="70" ten="30,2900,0" yaku="1,1,7,1,53,0" doraHai="50" doraHaiUra="131" who="1" fromWho="2" sc="250,0,240,39,240,-29,260,0" /><INIT seed="1,1,0,5,5,98" ten="250,279,211,260" oya="1" hai0="126,112,32,125,5,116,51,41,134,13,11,2,79" hai1="34,80,77,58,72,100,105,111,62,76,54,61,4" hai2="93,60,44,94,109,3,87,27,96,107,132,37,117" hai3="104,14,63,9,82,119,55,84,106,69,95,52,39"/><U124/><E34/><V50/><F117/><W66/><G39/><T99/><D116/><U42/><E124/><N who="0" m="47721" /><D112/><U129/><E129/><V92/><F3/><W86/><G119/><T114/><D114/><U22/><E42/><V85/><F37/><W53/><G95/><N who="2" m="36425" /><F107/><W118/><G86/><T120/><D120/><U24/><E77/><V113/><F113/><W71/><G71/><T15/><D32/><U35/><E35/><V19/><F109/><W23/><G23/><T131/><D131/><U68/><E111/><V17/><F60/><W7/><REACH who="3" step="1"/><G118/><REACH who="3" ten="250,279,211,250" step="2"/><T48/><D99/><U57/><E68/><V47/><F96/><W65/><G65/><T70/><D70/><U56/><E105/><V18/><F87/><W88/><AGARI ba="1,1" hai="7,9,14,52,53,55,63,66,69,82,84,88,104,106" machi="88" ten="30,8000,1" yaku="1,1,0,1,54,2,53,1" doraHai="98" doraHaiUra="81" who="3" fromWho="3" sc="250,-21,279,-41,211,-21,250,93" /><INIT seed="2,0,0,2,5,85" ten="229,238,190,343" oya="2" hai0="91,59,100,32,57,26,64,17,27,82,72,77,105" hai1="4,133,69,74,135,37,6,106,1,76,42,79,28" hai2="18,48,50,44,31,0,41,97,36,113,99,23,122" hai3="34,8,15,88,129,73,68,119,112,25,121,134,71"/><V47/><F113/><W54/><G73/><T70/><D26/><U117/><E69/><V98/><F122/><W127/><G119/><T51/><D51/><U120/><E117/><V45/><F0/><W67/><G67/><T124/><D124/><U5/><E106/><V39/><F31/><W60/><G127/><T118/><D118/><U103/><E103/><V33/><F33/><W62/><G62/><N who="0" m="40215" /><D17/><U110/><E110/><V111/><F111/><W11/><G134/><N who="1" m="51210" /><E120/><V7/><F7/><W14/><G129/><T12/><D12/><U24/><E74/><V43/><REACH who="2" step="1"/><F45/><REACH who="2" ten="229,238,180,343" step="2"/><W78/><G34/><T104/><D32/><N who="1" m="20487" /><E1/><V55/><F55/><W87/><G54/><T65/><D65/><U101/><E101/><V123/><F123/><W131/><G121/><T3/><D100/><U58/><E58/><V81/><F81/><W56/><G56/><T19/><D82/><U125/><E125/><V35/><F35/><W130/><G112/><T115/><D57/><U16/><E16/><V9/><F9/><W53/><G68/><T94/><D59/><U52/><E52/><V116/><F116/><W22/><G53/><T49/><D3/><U61/><E61/><V83/><F83/><N who="3" m="47607" /><G60/><T109/><D115/><U63/><E63/><V20/><F20/><W80/><G71/><T90/><D109/><U29/><E29/><V66/><F66/><W132/><G132/><T95/><D72/><U21/><E21/><V96/><N who="2" m="24576" /><DORA hai="10" /><V40/><F40/><W108/><G108/><T107/><D107/><U126/><E126/><V30/><F30/><W93/><G8/><RYUUKYOKU ba="0,1" sc="229,-15,238,15,180,15,343,-15" hai1="4,5,6,37,42,76,79" hai2="18,23,36,39,41,43,44,47,48,50" /><INIT seed="2,1,1,3,1,92" ten="214,253,195,328" oya="2" hai0="135,67,46,81,72,56,101,60,59,118,42,122,116" hai1="33,3,51,13,127,120,4,45,34,103,132,26,19" hai2="82,95,113,21,50,1,15,76,53,106,70,49,43" hai3="86,17,66,25,133,89,2,126,12,23,99,83,31"/><V28/><F1/><W71/><G133/><T39/><D101/><U110/><E132/><V129/><F106/><W124/><G2/><T77/><D122/><U27/><E103/><V100/><F113/><W79/><G66/><T10/><D135/><U68/><E68/><V54/><F70/><W93/><REACH who="3" step="1"/><G71/><REACH who="3" ten="214,253,195,318" step="2"/><T98/><D10/><AGARI ba="1,2" hai="10,12,17,23,25,31,79,83,86,89,93,99,124,126" machi="10" ten="40,5200,0" yaku="1,1,2,1,52,1,53,0" doraHai="92" doraHaiUra="40" who="3" fromWho="0" sc="214,-55,253,0,195,0,318,75" /><INIT seed="3,0,0,5,3,108" ten="159,253,195,393" oya="3" hai0="63,127,99,57,68,58,61,107,29,116,8,49,53" hai1="33,60,94,123,74,91,110,109,100,117,135,62,66" hai2="129,92,111,103,90,20,101,0,6,42,130,16,102" hai3="67,76,121,98,45,96,56,112,10,84,104,32,72"/><W35/><G112/><T120/><D116/><U134/><E33/><V4/><F42/><W30/><G72/><T69/><D120/><U70/><E74/><V14/><F111/><N who="1" m="42505" /><E123/><V126/><F126/><W51/><G10/><T22/><D127/><U40/><E117/><V7/><REACH who="2" step="1"/><F0/><REACH who="2" ten="159,253,185,393" step="2"/><W73/><G121/><T85/><D85/><AGARI ba="0,1" hai="4,6,7,14,16,20,85,90,92,101,102,103,129,130" machi="85" ten="40,8000,1" yaku="1,1,2,1,54,1,53,1" doraHai="108" doraHaiUra="11" who="2" fromWho="0" sc="159,-80,253,0,185,90,393,0" owari="79,-42.1,253,-14.7,275,7.5,393,49.3" /></mjloggm>