<mjloggm ver="2.3"><GO type="225" lobby="0"/><UN n0="%E7%B4%94%E6%BD%94%E3%83%94%E3%83%A9%E3%83%8B%E3%82%A2" n1="%E5%A4%96%E5%B7%9D%E7%AB%9C%E6%88%90" n2="%6D%75%75%6D%75%72%61" n3="%E3%83%AD%E3%83%83%E3%83%86%E9%9B%80%E7%90%83" dan="17,16,16,17" rate="2225.89,2235.20,2233.59,2281.38" sx="M,M,F,M"/><TAIKYOKU oya="0"/><INIT seed="0,0,0,4,3,12" ten="250,250,250,250" oya="0" hai0="87,110,130,54,71,61,116,34,37,79,96,39,22" hai1="57,76,100,101,122,13,16,52,86,14,51,81,134" hai2="1,69,66,56,90,40,103,80,36,24,19,104,94" hai3="88,33,108,23,125,93,133,78,82,129,62,91,68"/><T128/><D34/><U97/><E134/><V135/><F135/><W92/><G33/><T98/><D116/><U64/><E122/><V9/><F69/><W31/><G133/><T3/><D3/><U119/><E119/><V45/><F80/><W117/><G117/><T106/><D106/><U17/><E64/><V109/><F109/><W65/><G108/><T95/><D110/><U60/><E60/><V111/><F111/><W70/><G125/><T118/><D118/><U49/><E49/><V121/><F121/><W8/><G129/><N who="0" m="49771" /><D96/><U30/><E30/><V107/><F1/><W27/><G70/><T15/><D87/><U123/><E123/><V25/><F25/><W21/><G8/><T44/><D79/><U0/><E0/><V58/><F103/><N who="1" m="39497" /><E97/><V74/><F74/><W120/><G120/><T50/><D61/><U47/><E47/><V131/><F131/><W41/><G41/><T5/><D71/><U127/><E127/><V113/><F113/><W73/><G93/><T10/><D22/><U89/><E76/><V115/><F115/><W77/><G77/><T28/><D28/><U18/><AGARI ba="0,0" hai="13,14,16,17,18,51,52,57,81,86,89" m="39497" machi="18" ten="30,12000,2" yaku="8,1,52,3,54,2" doraHai="12" who="1" fromWho="1" sc="250,-60,250,120,250,-30,250,-30" /><INIT seed="1,0,0,4,2,76" ten="190,370,220,220" oya="1" hai0="70,116,25,104,110,56,84,114,27,94,40,128,124" hai1="9,119,108,28,121,95,20,73,33,132,64,71,91" hai2="24,52,67,97,36,83,16,53,96,117,17,72,12" hai3="50,98,47,134,19,14,135,69,115,74,62,118,93"/><U59/><E33/><V2/><F117/><W133/><G115/><T129/><D70/><U63/><E73/><V120/><F2/><W48/><G118/><T7/><D104/><U109/><E119/><V107/><F120/><W39/><G74/><T131/><D114/><U55/><E121/><V35/><F36/><W126/><G126/><T130/><D124/><U113/><E113/><V85/><F72/><W77/><G77/><T45/><D116/><U13/><E132/><V5/><F107/><W86/><G86/><T90/><D110/><N who="1" m="42603" /><E20/><N who="2" m="13319" /><F67/><N who="3" m="41207" /><G47/><T123/><D123/><U1/><E28/><V112/><F5/><W66/><G66/><T21/><D7/><N who="1" m="3263" /><E1/><V103/><F35/><W122/><G39/><T54/><N who="0" m="32768" /><DORA hai="26" /><T80/><D94/><U10/><E10/><N who="2" m="6295" /><F112/><W125/><G122/><T127/><D21/><U102/><E91/><N who="2" m="51647" /><F103/><N who="3" m="60879" /><G125/><T49/><REACH who="0" step="1"/><D127/><REACH who="0" ten="180,370,220,220" step="2"/><U105/><E105/><V37/><F37/><AGARI ba="0,1" hai="25,27,37,40,45,49,54,56,80,84,90" m="32768" machi="37" ten="70,8000,1" yaku="1,1,2,1,19,1,52,1,53,1" doraHai="76,26" doraHaiUra="34,38" who="0" fromWho="2" sc="180,90,370,0,220,-80,220,0" /><INIT seed="2,0,0,3,4,133" ten="270,370,140,220" oya="2" hai0="32,113,75,13,59,15,34,49,57,127,39,88,36" hai1="73,102,64,99,95,129,7,89,19,16,4,132,72" hai2="53,76,85,1,105,25,94,38,107,123,116,63,77" hai3="101,45,82,92,87,56,110,122,86,26,131,117,66"/><V81/><F116/><W29/><G110/><T120/><D75/><U55/><E132/><V103/><F123/><W58/><G131/><T83/><D83/><U108/><E108/><V31/><F38/><W61/><G117/><T40/><D49/><U33/><E33/><V104/><F1/><W6/><G122/><T5/><D5/><U74/><E64/><V3/><F3/><W24/><G6/><T20/><D20/><U69/><E69/><V135/><F135/><W28/><G45/><T0/><D0/><U115/><E115/><V11/><F11/><W130/><G130/><T43/><D120/><U18/><E129/><V17/><F76/><N who="3" m="46407" /><G58/><T22/><D22/><U100/><E55/><V51/><F17/><W96/><G87/><T97/><D97/><U68/><E68/><V111/><F111/><W42/><G42/><T71/><D71/><U118/><E118/><V114/><F114/><W91/><G91/><T30/><D113/><U41/><E41/><V128/><F128/><W48/><G48/><T121/><D121/><U90/><E90/><V67/><F94/><W37/><G37/><T125/><D88/><U80/><E80/><V65/><F103/><W106/><G106/><T124/><D124/><U23/><E23/><N who="2" m="15807" /><F51/><W79/><G79/><T50/><D50/><U62/><E102/><V2/><F2/><W112/><G112/><T21/><D21/><U54/><E100/><V119/><F119/><W47/><G47/><T46/><D46/><U78/><E78/><V93/><F93/><W60/><G60/><T134/><D134/><U109/><E109/><RYUUKYOKU ba="0,0" sc="270,0,370,0,140,0,220,0" hai0="13,15,30,32,34,36,39,40,43,57,59,125,127" hai1="4,7,16,18,19,54,62,72,73,74,89,95,99" hai2="53,63,65,67,77,81,85,104,105,107" hai3="24,26,28,29,56,61,66,92,96,101" /><INIT seed="2,1,0,5,0,12" ten="270,370,140,220" oya="2" hai0="121,122,111,5,27,55,102,23,31,134,127,35,67" hai1="131,114,104,90,82,10,86,125,87,14,11,4,73" hai2="32,133,123,8,65,75,40,83,74,45,92,120,95" hai3="96,89,76,58,112,17,101,130,110,26,94,57,81"/><V71/><F32/><W107/><G110/><T36/><D111/><U59/><E114/><V2/><F133/><W68/><G68/><T21/><D134/><U129/><E104/><V80/><F92/><W105/><G130/><N who="1" m="49674" /><E125/><V109/><F109/><W103/><G112/><T108/><D36/><U85/><E73/><N who="2" m="27659" /><F83/><W37/><G37/><T18/><D127/><U99/><E59/><N who="3" m="22538" /><G107/><T25/><D55/><U0/><E99/><V60/><F80/><W70/><G70/><T93/><D67/><U128/><E128/><V61/><F95/><W43/><G43/><T22/><D108/><U54/><E54/><V42/><F42/><W116/><G116/><T52/><D52/><U79/><E90/><V78/><F60/><W64/><G105/><T34/><D93/><U77/><E77/><V62/><F78/><W56/><G56/><T117/><D117/><U44/><E44/><V9/><F61/><W46/><G46/><T63/><D63/><U3/><E3/><V66/><F66/><W29/><G29/><N who="0" m="19759" /><D102/><U72/><E72/><V30/><F30/><W49/><G49/><T97/><D97/><U88/><E79/><V7/><F8/><W39/><G64/><T115/><D115/><U13/><E0/><V15/><F2/><W91/><G39/><T84/><D84/><U69/><E69/><V20/><F20/><N who="0" m="7786" /><D5/><AGARI ba="1,0" hai="4,5,10,11,13,14,82,85,86,87,88" m="49674" machi="5" ten="30,2000,0" yaku="19,1,54,1" doraHai="12" who="1" fromWho="0" sc="270,-23,370,23,140,0,220,0" /><INIT seed="3,0,0,4,4,91" ten="247,393,140,220" oya="3" hai0="10,66,4,79,13,114,60,50,109,52,8,38,5" hai1="107,94,21,48,9,104,135,70,99,116,105,92,53" hai2="35,47,86,124,33,103,42,112,73,25,71,111,46" hai3="34,3,132,120,117,82,57,29,125,85,26,76,95"/><W51/><G120/><T81/><D109/><U128/><E70/><V32/><F73/><W39/><G125/><T122/><D114/><U11/><E92/><V31/><F112/><W110/><G132/><T83/><D38/><U17/><E128/><V28/><F111/><W63/><G117/><T12/><D122/><U123/><E123/><V127/><F71/><W41/><G3/><T98/><D98/><U130/><E130/><V118/><F118/><W68/><G110/><T96/><D96/><U1/><E1/><V108/><F108/><W131/><G131/><T24/><D24/><U55/><E55/><V58/><F103/><W100/><G39/><T20/><D20/><U115/><E115/><V2/><F2/><W40/><G51/><T19/><D19/><U6/><E6/><V64/><F42/><W72/><G68/><T87/><D81/><U101/><E135/><V22/><F31/><W126/><G126/><T43/><D43/><U7/><E7/><V23/><F124/><W106/><G106/><T90/><D66/><U121/><E121/><V93/><F23/><W78/><G29/><T18/><D60/><U134/><E134/><V77/><F77/><W67/><G78/><T36/><D36/><U54/><E54/><V15/><F127/><W74/><G76/><T16/><D79/><U89/><E101/><V61/><REACH who="2" step="1"/><F15/><REACH who="2" ten="247,393,130,220" step="2"/><W62/><G100/><T84/><D84/><U37/><E116/><V113/><F113/><W65/><G85/><T0/><D0/><U97/><E37/><V30/><F30/><W119/><G119/><T80/><D87/><RYUUKYOKU ba="0,1" sc="247,-10,393,-10,130,30,220,-10" hai2="22,25,28,32,33,35,46,47,58,61,64,86,93" owari="237,3.7,393,49.3,160,-34.0,210,-19.0" /></mjloggm>