<mjloggm ver="2.3"><GO type="225" lobby="0"/><UN n0="%33%74%72%65%65" n1="%E9%80%86%E9%80%A3%E5%B8%AF%E3%81%AE%E9%AC%BC" n2="%72%65%6E%6B%75%6E" n3="%72%69%6F%75%63%68%61%6E" dan="16,17,17,17" rate="2097.31,2199.15,2226.20,2203.99" sx="F,M,M,M"/><TAIKYOKU oya="0"/><INIT seed="0,0,0,4,5,39" ten="250,250,250,250" oya="0" hai0="128,95,0,83,57,115,7,103,81,63,78,5,62" hai1="65,27,70,64,43,88,67,123,52,15,94,60,120" hai2="41,74,6,45,38,59,79,133,107,26,12,10,121" hai3="118,8,37,53,9,86,46,36,125,97,18,1,21"/><T130/><D115/><U90/><E27/><V58/><F121/><W50/><G118/><T72/><D81/><U119/><E119/><V47/><F133/><W68/><G125/><T101/><D63/><U33/><E33/><V19/><F107/><W75/><G75/><T112/><D112/><U29/><E29/><V77/><F47/><W4/><G68/><T55/><D0/><U51/><E43/><V42/><F74/><W30/><G97/><N who="0" m="59583" /><D103/><U14/><E123/><V91/><F91/><W108/><G108/><T124/><D124/><U66/><E120/><V25/><F45/><W126/><G126/><T93/><D93/><U129/><E129/><AGARI ba="0,0" hai="5,7,55,57,62,72,78,83,128,129,130" m="59583" machi="129" ten="30,1500,0" yaku="19,1" doraHai="39" who="0" fromWho="1" sc="250,15,250,-15,250,0,250,0" /><INIT seed="0,1,0,2,2,120" ten="265,235,250,250" oya="0" hai0="20,129,109,119,8,3,125,52,80,0,39,126,35" hai1="97,135,86,123,117,81,53,28,76,31,113,17,70" hai2="10,18,32,95,82,72,96,58,4,111,26,88,107" hai3="133,134,69,43,37,103,94,105,91,115,38,71,131"/><T12/><D119/><U22/><E123/><V87/><F111/><W118/><G115/><T36/><D35/><U41/><E117/><V100/><F58/><W99/><G118/><T44/><D129/><U63/><E135/><N who="3" m="51722" /><G131/><T114/><D114/><U79/><E113/><V128/><F128/><W78/><G78/><T45/><D20/><U124/><E124/><N who="0" m="47721" /><D80/><U15/><E41/><V75/><F107/><W48/><G48/><N who="0" m="28679" /><D109/><U108/><E108/><V127/><F127/><W14/><G14/><T57/><D57/><U90/><E70/><N who="3" m="26634" /><G43/><N who="0" m="22759" /><D39/><U40/><E40/><V56/><F56/><W30/><G30/><T112/><D112/><U98/><E31/><V29/><REACH who="2" step="1"/><F18/><AGARI ba="1,0" hai="0,3,8,12,18" m="22759,28679,47721" machi="18" ten="30,2900,0" yaku="18,1,54,1" doraHai="120" who="0" fromWho="2" sc="265,32,235,0,250,-32,250,0" /><INIT seed="0,2,0,4,4,32" ten="297,235,218,250" oya="0" hai0="70,43,74,11,115,17,66,46,112,108,42,14,73" hai1="37,105,52,50,132,1,13,18,100,62,27,61,55" hai2="65,54,31,30,72,58,49,69,20,99,60,103,5" hai3="109,124,9,110,12,75,59,123,10,122,102,84,104"/><T89/><D108/><N who="3" m="41577" /><G75/><T38/><D43/><U56/><E132/><V63/><F72/><W4/><G124/><T135/><D135/><U39/><E1/><V90/><F90/><W93/><G59/><T28/><D73/><U0/><E0/><V118/><F118/><W15/><G104/><T2/><D74/><U23/><E62/><V83/><F83/><W107/><G107/><T36/><D36/><U101/><E27/><V53/><F5/><N who="3" m="3119" /><G102/><T76/><D2/><U125/><E125/><V19/><F103/><W116/><G116/><T133/><D133/><U24/><E24/><V22/><F99/><W119/><G119/><T106/><D106/><U127/><E127/><V95/><F95/><W48/><G48/><T80/><D89/><AGARI ba="2,0" hai="4,10,15,84,89,93,122,123" m="3119,41577" machi="89" ten="30,1000,0" yaku="14,1" doraHai="32" who="3" fromWho="0" sc="297,-16,235,0,218,0,250,16" /><INIT seed="1,0,0,2,4,52" ten="281,235,218,266" oya="1" hai0="110,35,86,42,19,70,82,10,60,131,105,41,28" hai1="132,129,135,25,78,26,130,93,47,49,120,67,98" hai2="113,4,81,51,44,116,7,126,29,56,34,134,23" hai3="38,1,122,13,84,39,63,121,77,21,87,75,103"/><U115/><E120/><V45/><F116/><W37/><G1/><T65/><D105/><U73/><E115/><V71/><F71/><W6/><G103/><T8/><D110/><U108/><E108/><V69/><F69/><W59/><G75/><T94/><D131/><N who="1" m="50187" /><E67/><V76/><F34/><W100/><G100/><T36/><D94/><U119/><E119/><V133/><F113/><W85/><G77/><T24/><D36/><U15/><E15/><V91/><F91/><W61/><G61/><T50/><D19/><U20/><E78/><V107/><F107/><W127/><G127/><T55/><D8/><U40/><E73/><V66/><F126/><W0/><G0/><T32/><D10/><U22/><E22/><V109/><F109/><W27/><G6/><T124/><D32/><U74/><E74/><N who="2" m="43159" /><F4/><W62/><G13/><T83/><D124/><U96/><E26/><N who="2" m="16607" /><F7/><W18/><REACH who="3" step="1"/><G63/><REACH who="3" ten="281,235,218,256" step="2"/><T128/><D128/><U79/><E79/><V48/><F66/><AGARI ba="0,1" hai="18,21,27,37,38,39,59,62,66,84,85,87,121,122" machi="66" ten="50,8000,1" yaku="1,1,2,1,52,1,53,2" doraHai="52" doraHaiUra="117" who="3" fromWho="2" sc="281,0,235,0,218,-80,256,90" /><INIT seed="2,0,0,2,3,60" ten="281,235,138,346" oya="2" hai0="44,62,73,12,17,82,122,58,40,15,6,54,0" hai1="53,133,25,3,101,117,16,42,110,129,66,23,32" hai2="68,83,38,21,19,78,130,121,20,118,64,47,87" hai3="131,57,99,27,102,114,39,63,11,126,77,41,2"/><V55/><F121/><W48/><G39/><T105/><D105/><U93/><E117/><V50/><F118/><W18/><G126/><T96/><D122/><U79/><E133/><V72/><F130/><W107/><G131/><T81/><D96/><U71/><E129/><V76/><F38/><W98/><G114/><T5/><D0/><U104/><E3/><V127/><F127/><W119/><G119/><T94/><D94/><U86/><E110/><V97/><F97/><W112/><G112/><T89/><D15/><U37/><E32/><V95/><F76/><W4/><G77/><T69/><D69/><U92/><E53/><V84/><F95/><W80/><G80/><N who="0" m="30827" /><D89/><U75/><E75/><V65/><F21/><W24/><G18/><T13/><D13/><U100/><E79/><V43/><F43/><W51/><G51/><N who="0" m="27015" /><D73/><U36/><E104/><V56/><F68/><W115/><G115/><T125/><D125/><U124/><E124/><V30/><F30/><W74/><G74/><T109/><D109/><U28/><E28/><V113/><F113/><W85/><G85/><T8/><AGARI ba="0,0" hai="5,6,8,12,17,54,58,62" m="27015,30827" machi="8" ten="30,1100,0" yaku="8,1" doraHai="60" who="0" fromWho="0" sc="281,11,235,-3,138,-5,346,-3" /><INIT seed="3,0,0,5,2,90" ten="292,232,133,343" oya="3" hai0="45,27,92,108,17,22,23,42,133,46,110,24,103" hai1="15,0,69,114,83,44,91,20,64,55,67,128,39" hai2="132,130,111,57,89,84,116,9,86,100,4,18,12" hai3="79,61,115,82,119,19,77,65,93,126,25,30,66"/><W102/><G115/><T129/><D129/><U10/><E114/><V33/><F116/><W88/><G119/><T60/><D133/><U117/><E128/><V124/><F111/><W107/><G126/><T68/><D68/><U3/><E117/><V95/><F124/><W121/><G121/><T123/><D123/><U109/><E109/><V87/><F130/><W56/><G107/><T63/><D108/><U134/><E134/><V85/><F132/><W72/><G19/><T13/><D110/><U36/><E20/><V71/><F71/><W120/><G120/><T29/><D27/><U51/><E39/><V5/><F33/><W70/><G102/><T8/><D23/><U14/><E36/><V73/><F73/><W32/><G79/><T28/><D28/><U75/><E15/><V50/><F100/><W37/><G37/><T53/><D42/><U7/><E69/><V49/><REACH who="2" step="1"/><F57/><REACH who="2" ten="292,232,123,343" step="2"/><W21/><G32/><T113/><D103/><U54/><E75/><V81/><F81/><W48/><G70/><T122/><D122/><U38/><E83/><V105/><F105/><W104/><G82/><T125/><D125/><U96/><E0/><V127/><F127/><W35/><G35/><T62/><D113/><U80/><E3/><V26/><F26/><W135/><G25/><T47/><D24/><U40/><E80/><V101/><F101/><W98/><G104/><T106/><D106/><U118/><E118/><V94/><F94/><W11/><G93/><T112/><D92/><U34/><E34/><V131/><F131/><W1/><G135/><T74/><D112/><RYUUKYOKU ba="0,1" sc="292,-10,232,-10,123,30,343,-10" hai2="4,5,9,12,18,49,50,84,85,86,87,89,95" owari="282,8.2,222,-17.8,153,-34.7,343,44.3" /></mjloggm>