<mjloggm ver="2.3"><GO type="225" lobby="0"/><UN n0="%E3%83%AD%E3%83%83%E3%83%86%E9%9B%80%E7%90%83" n1="%E3%81%86%E3%83%BC%E3%81%B1%E3%83%BC" n2="%6D%75%75%6D%75%72%61" n3="%E6%B8%A9%E2%98%85%E6%83%85%E2%98%85%E6%8E%AA%E2%98%85%E7%BD%AE" dan="17,16,16,16" rate="2204.46,2186.49,2158.46,2145.30" sx="M,F,F,M"/><TAIKYOKU oya="0"/><INIT seed="0,0,0,2,2,5" ten="250,250,250,250" oya="0" hai0="55,10,61,2,33,40,96,124,126,49,3,31,46" hai1="133,84,17,48,89,123,27,1,75,87,103,44,113" hai2="121,76,130,125,74,129,88,16,0,65,30,24,51" hai3="73,35,132,107,85,15,54,116,90,59,8,122,58"/><T101/><D33/><U29/><E123/><V23/><F121/><W63/><G122/><T36/><D31/><U128/><E75/><V108/><F108/><W97/><G132/><T86/><D86/><U4/><E103/><V95/><F125/><N who="0" m="48234" /><D61/><U6/><E1/><V41/><F0/><W135/><G135/><T134/><D134/><U77/><E29/><V92/><F65/><W38/><G116/><T45/><D10/><U62/><E62/><V26/><F74/><W47/><G35/><T70/><D70/><U18/><E84/><V91/><F76/><W21/><G8/><T112/><D112/><U9/><E77/><V20/><F41/><W98/><G85/><T53/><D53/><N who="1" m="29831" /><E113/><V111/><F51/><N who="3" m="29055" /><G73/><T25/><D25/><U131/><E133/><V78/><F111/><W120/><G120/><T104/><AGARI ba="0,0" hai="2,3,36,40,45,46,49,55,96,101,104" m="48234" machi="104" ten="30,1500,0" yaku="18,1" doraHai="5" who="0" fromWho="0" sc="250,15,250,-5,250,-5,250,-5" /><INIT seed="0,1,0,1,1,99" ten="265,245,245,245" oya="0" hai0="73,63,134,79,44,122,84,45,14,17,55,104,116" hai1="78,18,11,81,87,125,59,96,127,98,30,3,111" hai2="16,31,93,61,97,118,129,33,46,119,72,109,47" hai3="27,115,120,101,85,53,56,82,114,105,50,64,60"/><T66/><D116/><N who="2" m="44586" /><F109/><W94/><G105/><T107/><D122/><U12/><E111/><V135/><F72/><W34/><G120/><T10/><D134/><U21/><E59/><V24/><F135/><W121/><G121/><T41/><D73/><U1/><E30/><V100/><F129/><W58/><G34/><T49/><D84/><U69/><E69/><V113/><F113/><W75/><G75/><T102/><D79/><U123/><E123/><V83/><F83/><W6/><G6/><T112/><D112/><U86/><E86/><V68/><F16/><W52/><G27/><T106/><D66/><AGARI ba="1,0" hai="24,31,33,46,47,61,66,68,93,97,100" m="44586" machi="66" ten="30,2000,0" yaku="12,1,52,1" doraHai="99" who="2" fromWho="0" sc="265,-23,245,0,245,23,245,0" /><INIT seed="1,0,0,2,1,122" ten="242,245,268,245" oya="1" hai0="31,82,118,30,80,0,99,27,47,83,22,1,14" hai1="129,117,21,38,65,55,81,17,97,42,23,103,15" hai2="12,74,24,33,25,29,56,77,92,19,66,111,87" hai3="54,120,9,73,52,79,93,39,125,133,132,16,85"/><U114/><E114/><V43/><F74/><W62/><G120/><T126/><D126/><U63/><E117/><V135/><F135/><N who="3" m="51787" /><G39/><T112/><D112/><U49/><E81/><V11/><F111/><W2/><G125/><T95/><D118/><U51/><E129/><V59/><F43/><W26/><G73/><T131/><D131/><U46/><E23/><V58/><F25/><W75/><G75/><T124/><D124/><U48/><E38/><V18/><F18/><W123/><G123/><T119/><D119/><U106/><REACH who="1" step="1"/><E42/><REACH who="1" ten="242,235,268,245" step="2"/><V69/><F33/><W86/><G79/><T6/><D82/><U113/><E113/><V91/><F77/><W53/><G62/><T100/><D83/><U35/><E35/><V32/><REACH who="2" step="1"/><F69/><AGARI ba="0,1" hai="15,17,21,46,48,49,51,55,63,65,69,97,103,106" machi="69" ten="30,2900,0" yaku="1,1,7,1,53,0" doraHai="122" doraHaiUra="34" who="1" fromWho="2" sc="242,0,235,39,268,-29,245,0" /><INIT seed="1,1,0,1,2,42" ten="242,274,239,245" oya="1" hai0="48,89,58,45,88,37,65,50,84,15,5,21,77" hai1="47,125,110,79,105,56,127,39,99,103,0,128,57" hai2="52,70,111,97,16,27,91,113,124,54,76,2,24" hai3="46,95,12,30,134,112,130,38,7,109,106,85,94"/><U9/><E79/><V51/><F70/><W83/><G112/><T73/><D73/><U14/><E0/><V135/><F2/><W114/><G114/><T67/><D37/><U31/><E31/><V61/><F113/><W1/><G1/><T80/><D50/><U49/><E39/><V82/><F111/><W29/><G106/><T26/><D15/><U53/><E110/><V98/><F124/><N who="1" m="47689" /><E128/><V131/><F131/><W18/><G7/><AGARI ba="1,0" hai="7,9,14,47,49,53,56,57,99,103,105" m="47689" machi="7" ten="30,2900,0" yaku="18,1,52,1" doraHai="42" who="1" fromWho="3" sc="242,0,274,32,239,0,245,-32" /><INIT seed="1,2,0,0,3,80" ten="242,306,239,213" oya="1" hai0="27,52,49,59,36,7,97,88,131,57,130,78,14" hai1="74,18,124,35,81,56,77,86,71,119,58,101,62" hai2="87,126,63,127,125,82,109,132,31,6,108,72,102" hai3="120,19,117,45,2,92,5,68,26,110,8,95,39"/><U1/><E119/><V50/><F72/><W40/><G117/><T94/><D36/><U85/><E1/><V33/><F132/><W129/><G120/><T4/><D78/><U93/><E35/><V84/><F82/><W64/><G110/><N who="2" m="42601" /><F102/><W60/><REACH who="3" step="1"/><G129/><REACH who="3" ten="242,306,239,203" step="2"/><N who="0" m="49163" /><D27/><U3/><E124/><V90/><F127/><W41/><G41/><T73/><D73/><U30/><E74/><V99/><F126/><W122/><G122/><T65/><D14/><U47/><E3/><V118/><F125/><W100/><G100/><T128/><D128/><U91/><E101/><V104/><F118/><W121/><G121/><T34/><D34/><U98/><E30/><V112/><F31/><W135/><G135/><T9/><D9/><U10/><E10/><V113/><F33/><W96/><G96/><T134/><D134/><U38/><E98/><V37/><F99/><W66/><G66/><T61/><AGARI ba="2,1" hai="4,7,49,52,57,59,61,65,88,94,97" m="49163" machi="61" ten="30,4000,0" yaku="19,1,54,2" doraHai="80" who="0" fromWho="0" sc="242,56,306,-22,239,-12,203,-12" /><INIT seed="2,0,0,0,3,75" ten="298,284,227,191" oya="2" hai0="130,5,90,76,28,80,120,118,93,47,114,37,79" hai1="2,113,1,121,129,24,46,6,67,62,61,126,59" hai2="34,115,10,69,55,57,29,9,78,73,86,41,119" hai3="21,49,68,112,3,82,35,100,88,125,30,31,96"/><V54/><F115/><W7/><G68/><T95/><D120/><U48/><E113/><V89/><F119/><W122/><G112/><T36/><D114/><U26/><E121/><V44/><F69/><W74/><G122/><T14/><D118/><U127/><E129/><V64/><F64/><W116/><G116/><T39/><D130/><U99/><E62/><V17/><F34/><W25/><G125/><N who="1" m="47626" /><E99/><V87/><F29/><W22/><G31/><T33/><D80/><U43/><E6/><V19/><F73/><W50/><G7/><T132/><D132/><U60/><E61/><V42/><F89/><W123/><G3/><AGARI ba="0,0" hai="1,2,3,24,26,43,46,48,59,60,67" m="47626" machi="3" ten="30,1000,0" yaku="18,1" doraHai="75" who="1" fromWho="3" sc="298,0,284,10,227,0,191,-10" /><INIT seed="3,0,0,0,5,5" ten="298,294,227,181" oya="3" hai0="26,79,66,70,124,119,0,35,16,106,114,43,6" hai1="50,113,64,131,20,34,12,125,108,134,53,32,13" hai2="41,88,63,46,24,80,84,61,123,17,14,31,86" hai3="99,83,117,126,65,135,81,23,68,11,76,87,21"/><W110/><G117/><T18/><D119/><U30/><E113/><V94/><F123/><W55/><G135/><T62/><D114/><U97/><E34/><V15/><F31/><W71/><G126/><T115/><D115/><U1/><E1/><V89/><F24/><W42/><G42/><T28/><D124/><U49/><E32/><V47/><F15/><N who="1" m="5705" /><E125/><V54/><F54/><W72/><G110/><T91/><D79/><U109/><E134/><V37/><REACH who="2" step="1"/><F46/><REACH who="2" ten="298,294,217,181" step="2"/><W118/><G118/><T127/><D26/><N who="1" m="16711" /><E53/><V111/><F111/><N who="1" m="42569" /><E131/><V128/><F128/><W103/><G55/><T102/><D28/><U85/><E64/><V40/><F40/><W133/><G133/><T132/><D43/><U59/><E59/><V90/><F90/><W122/><G122/><T44/><D91/><U51/><E97/><V95/><F95/><W29/><G29/><T74/><D66/><U75/><E85/><V19/><F19/><W10/><G23/><AGARI ba="0,1" hai="14,17,23,37,41,47,61,63,80,84,86,88,89,94" machi="23" ten="30,8000,1" yaku="1,1,7,1,54,1,53,2" doraHai="5" doraHaiUra="56" who="2" fromWho="3" sc="298,0,294,0,217,90,181,-80" owari="298,9.8,294,-10.6,307,40.7,101,-39.9" /></mjloggm>