<mjloggm ver="2.3"><GO type="225" lobby="0"/><UN n0="%E3%81%B5%E3%81%98%E3%81%8B%E3%81%A4" n1="%33%74%72%65%65" n2="%50%65%74%65%72%50%61%6E" n3="%4C%4F%4C%49%54%41" dan="17,16,16,16" rate="2217.48,2164.47,2161.60,2167.53" sx="M,F,M,F"/><TAIKYOKU oya="0"/><INIT seed="0,0,0,5,5,62" ten="250,250,250,250" oya="0" hai0="65,117,109,123,45,86,15,76,33,95,30,127,39" hai1="84,61,12,81,125,44,32,25,108,56,19,103,82" hai2="31,20,53,63,29,64,40,119,69,115,4,14,23" hai3="122,107,50,118,96,68,102,9,124,71,78,55,83"/><T10/><D117/><U112/><E108/><V132/><F115/><W66/><G118/><T75/><D123/><U135/><E112/><V79/><F119/><W36/><G36/><T80/><D127/><U13/><E125/><V17/><F132/><W87/><G124/><T72/><D109/><U105/><E135/><V104/><F104/><W100/><G100/><T101/><D33/><U92/><E105/><V114/><F114/><W34/><G34/><T88/><D30/><U38/><E32/><V98/><F98/><W6/><G66/><T85/><D101/><U99/><E25/><V90/><F90/><W42/><G42/><T97/><D97/><U5/><E5/><V52/><F79/><W7/><G7/><T43/><REACH who="0" step="1"/><D65/><REACH who="0" ten="240,250,250,250" step="2"/><U0/><E99/><V67/><F67/><W129/><G122/><T41/><D41/><U116/><E103/><V27/><F31/><W130/><G129/><T51/><D51/><U57/><E116/><V54/><F40/><W35/><G35/><T74/><D74/><U1/><E38/><V111/><F111/><W91/><G130/><T24/><D24/><U89/><E61/><V28/><F28/><W49/><G49/><T128/><D128/><U21/><E84/><V37/><F37/><W121/><G121/><T70/><D70/><U11/><E44/><V120/><F120/><W94/><G50/><T59/><D59/><U2/><E57/><V110/><F110/><W47/><G47/><T77/><D77/><U133/><E56/><V16/><F29/><W126/><G126/><T106/><D106/><U8/><E133/><RYUUKYOKU ba="0,1" sc="240,15,250,-15,250,15,250,-15" hai0="10,15,39,43,45,72,75,76,80,85,86,88,95" hai2="4,14,16,17,20,23,27,52,53,54,63,64,69" /><INIT seed="0,1,1,1,0,111" ten="255,235,265,235" oya="0" hai0="5,23,15,33,42,71,67,123,27,53,128,103,20" hai1="65,108,118,113,64,134,62,131,49,91,110,21,54" hai2="89,57,82,13,35,83,51,1,50,78,105,36,84" hai3="7,2,115,66,47,48,97,121,127,58,0,34,68"/><T112/><D123/><U135/><E21/><V98/><F36/><W119/><G119/><T44/><D103/><U19/><E19/><V52/><F1/><W14/><G14/><T92/><D128/><U129/><E91/><V38/><F38/><W101/><G121/><T120/><D120/><U81/><E81/><V114/><F35/><W95/><G127/><T106/><D106/><U93/><E93/><V30/><F30/><W76/><G34/><T37/><D53/><U31/><E31/><V32/><F32/><W12/><G68/><T46/><D46/><N who="1" m="27959" /><E113/><V56/><F114/><W59/><G115/><T72/><D112/><U40/><E40/><V17/><F105/><W124/><G124/><T86/><D72/><U70/><E65/><V60/><F57/><N who="3" m="21515" /><G0/><T94/><D86/><U45/><E45/><V24/><F24/><W85/><G2/><T96/><D5/><U122/><E122/><V29/><F29/><W125/><G66/><T61/><D33/><U41/><E41/><V107/><F107/><W73/><G73/><T133/><D15/><U69/><E69/><V9/><REACH who="2" step="1"/><F98/><REACH who="2" ten="255,235,255,235" step="2"/><W80/><G125/><T6/><D96/><U55/><E118/><V22/><F22/><N who="0" m="8234" /><D27/><U130/><E55/><V39/><F39/><W104/><G104/><T28/><D28/><U8/><E8/><V43/><F43/><N who="3" m="24703" /><G12/><T10/><D10/><U3/><E3/><V4/><F4/><AGARI ba="1,2" hai="4,7,76,80,85,95,97,101" m="24703,21515" machi="4" ten="30,1000,0" yaku="8,1" doraHai="111" who="3" fromWho="2" sc="255,0,235,0,255,-13,235,33" /><INIT seed="1,0,0,1,2,87" ten="255,235,242,268" oya="1" hai0="117,133,72,100,23,44,111,82,113,85,64,10,107" hai1="26,11,93,45,8,19,84,80,28,124,38,29,59" hai2="118,66,75,1,97,116,9,104,24,89,0,79,122" hai3="50,14,134,74,31,37,105,101,103,15,20,17,61"/><U135/><E135/><V88/><F122/><W126/><G37/><T13/><D117/><U4/><E124/><V99/><F66/><W123/><G123/><T57/><D72/><U115/><E115/><V43/><F43/><W18/><G74/><T67/><D113/><U112/><E112/><V47/><F47/><W63/><G134/><T53/><D111/><U41/><E93/><V54/><F54/><W70/><G126/><T102/><D23/><U21/><E59/><V69/><F69/><W39/><G39/><T46/><D67/><U25/><E4/><V77/><F75/><W16/><G105/><T128/><D64/><U129/><E129/><V131/><F24/><N who="3" m="16775" /><G70/><T81/><D81/><U68/><E68/><V5/><F104/><W36/><G36/><T76/><D128/><U114/><E19/><N who="3" m="7178" /><G50/><N who="0" m="30903" /><D107/><U95/><E95/><V27/><F131/><W83/><G14/><T58/><D58/><U62/><E62/><N who="3" m="23562" /><G83/><T30/><D133/><U52/><E114/><V119/><F27/><W48/><G48/><T106/><D30/><U125/><E125/><V2/><F9/><AGARI ba="0,0" hai="9,15,16,101,103" m="23562,7178,16775" machi="9" ten="30,2000,0" yaku="8,1,54,1" doraHai="87" who="3" fromWho="2" sc="255,0,235,0,242,-20,268,20" /><INIT seed="2,0,0,5,0,135" ten="255,235,222,288" oya="2" hai0="32,53,102,30,50,96,69,61,38,130,92,51,94" hai1="37,19,25,110,77,22,3,105,131,1,42,8,28" hai2="34,98,126,10,15,132,85,6,0,70,46,82,23" hai3="108,133,117,78,40,67,100,72,127,123,43,54,103"/><V109/><F70/><W31/><G117/><T116/><D38/><U124/><E110/><V120/><F120/><W41/><G123/><T64/><D130/><U76/><E131/><V39/><F132/><W134/><G108/><T95/><D116/><U73/><E105/><V52/><F34/><W128/><G128/><T24/><REACH who="0" step="1"/><D51/><REACH who="0" ten="245,235,222,288" step="2"/><U125/><E37/><V14/><F39/><W55/><G133/><T111/><D111/><U56/><E124/><V62/><F126/><W119/><G119/><T107/><D107/><U115/><E125/><V93/><F109/><W101/><G134/><T99/><D99/><U47/><E115/><V58/><F46/><AGARI ba="0,1" hai="24,30,32,46,50,53,61,64,69,92,94,95,96,102" machi="46" ten="30,2000,0" yaku="1,1,7,1,53,0" doraHai="135" doraHaiUra="18" who="0" fromWho="2" sc="245,30,235,0,222,-20,288,0" /><INIT seed="3,0,0,4,1,16" ten="275,235,202,288" oya="3" hai0="57,48,35,105,73,36,131,65,63,24,119,95,5" hai1="103,42,21,50,118,20,2,27,61,104,100,45,121" hai2="23,135,115,29,8,12,112,51,28,55,32,125,60" hai3="4,70,37,82,41,129,59,33,107,18,127,67,19"/><W68/><G107/><T122/><D119/><U88/><E121/><V64/><F32/><W94/><G33/><T116/><D116/><U7/><E118/><V117/><F117/><W25/><G4/><T62/><D5/><U38/><E2/><V113/><F125/><W98/><G37/><T81/><D36/><U75/><E75/><V130/><F130/><W92/><G41/><T86/><D122/><U34/><E7/><V3/><F135/><W6/><G6/><T133/><D73/><U76/><E76/><V110/><F110/><W123/><G123/><T0/><D105/><U132/><E132/><V22/><F3/><W54/><G127/><T111/><D0/><U14/><E61/><V9/><F9/><W93/><G82/><T78/><D111/><U83/><E104/><V46/><F8/><W1/><G1/><T124/><D131/><U79/><E79/><V58/><REACH who="2" step="1"/><F12/><REACH who="2" ten="275,235,192,288" step="2"/><W26/><G129/><T31/><D124/><U49/><E34/><V102/><F102/><W72/><G70/><T53/><D133/><U85/><E103/><V106/><F106/><W71/><G68/><T52/><D35/><U77/><E100/><V74/><F74/><W96/><G71/><T97/><D65/><U80/><E14/><V108/><F108/><W84/><G72/><T87/><D87/><U101/><E101/><V44/><F44/><W90/><G84/><T99/><D86/><U47/><E47/><V43/><F43/><W17/><G98/><T10/><D99/><U15/><E85/><V109/><F109/><W120/><G67/><N who="0" m="39375" /><D97/><U134/><E134/><RYUUKYOKU ba="0,1" sc="275,-10,235,-10,192,30,288,-10" hai2="22,23,28,29,46,51,55,58,60,64,112,113,115" /><INIT seed="4,1,1,1,2,93" ten="265,225,222,278" oya="0" hai0="41,34,90,7,61,92,105,114,42,58,111,53,68" hai1="56,38,39,35,71,43,78,9,1,60,134,6,79" hai2="3,121,97,24,18,128,100,94,118,54,126,120,112" hai3="89,16,2,31,81,83,11,77,108,10,44,37,130"/><T19/><D34/><U20/><E35/><V51/><F3/><W133/><G108/><T32/><D32/><U40/><E71/><V25/><F112/><W131/><G133/><T117/><D114/><U70/><E70/><V88/><F126/><W17/><G31/><T85/><D111/><U62/><E134/><V73/><F128/><N who="3" m="49195" /><G89/><T75/><D117/><U22/><E1/><V96/><F73/><N who="3" m="43183" /><G83/><T87/><D75/><U116/><E79/><V0/><F0/><W52/><G52/><T86/><D90/><U125/><E78/><V76/><F76/><W106/><G106/><T23/><D105/><U12/><E125/><V14/><F118/><W122/><G122/><T29/><D29/><U74/><E74/><V124/><F124/><W72/><G72/><T47/><D92/><U21/><E116/><V65/><F65/><W8/><G2/><T103/><D85/><U15/><E62/><V115/><F115/><W48/><G48/><T28/><D86/><U33/><E38/><V30/><F30/><W5/><G5/><T57/><D7/><N who="1" m="3135" /><E39/><V45/><F121/><W82/><G82/><T55/><D28/><U95/><E33/><V4/><F4/><W135/><G135/><T101/><D87/><U63/><E95/><N who="2" m="58431" /><F120/><W69/><G69/><T127/><D68/><U102/><E102/><N who="0" m="38921" /><D127/><U27/><E6/><V132/><F132/><W98/><G98/><T49/><D47/><U109/><E109/><V36/><F36/><W107/><G107/><T91/><D91/><U66/><E66/><V99/><F99/><W110/><G110/><T129/><D129/><RYUUKYOKU ba="1,1" sc="265,10,225,-30,222,10,278,10" hai0="19,23,41,42,49,53,55,57,58,61" hai2="14,18,24,25,45,51,54,88,94,96" hai3="8,10,11,16,17,37,44" /><INIT seed="4,2,1,2,5,31" ten="275,195,232,288" oya="0" hai0="1,113,96,105,46,49,23,99,36,41,95,37,20" hai1="116,43,45,90,21,111,29,130,92,131,71,74,57" hai2="112,121,108,120,53,40,8,54,81,28,25,13,107" hai3="55,19,38,84,27,18,39,67,103,83,97,80,34"/><T12/><D1/><U17/><E111/><V76/><F108/><W127/><G127/><T63/><D113/><U132/><E71/><V109/><F109/><W4/><G67/><T35/><D35/><U5/><E132/><V68/><F107/><W78/><G4/><T14/><D105/><U69/><E69/><V47/><F68/><W114/><G114/><T79/><D79/><U124/><E124/><V104/><F104/><W88/><G19/><N who="0" m="10343" /><D37/><N who="1" m="21743" /><E74/><V117/><F112/><W125/><G125/><T106/><D36/><U93/><E116/><V73/><F117/><W115/><G115/><T123/><D106/><U33/><E5/><V89/><F89/><W128/><G128/><N who="1" m="49194" /><E57/><V72/><F72/><W134/><G134/><T58/><D95/><N who="1" m="36427" /><E90/><V65/><F65/><W44/><G88/><T61/><D123/><U7/><E7/><V101/><F101/><W119/><G103/><T91/><D91/><U102/><E102/><V59/><F121/><W48/><G119/><T118/><D118/><U51/><E51/><V129/><F120/><W2/><G38/><T0/><D0/><U60/><E60/><N who="0" m="23113" /><D58/><U126/><E126/><V133/><F59/><W82/><G2/><T15/><D15/><N who="1" m="9407" /><E33/><N who="2" m="20623" /><F133/><W70/><G70/><T24/><D14/><U66/><E66/><V9/><F129/><W56/><G97/><T87/><D87/><U6/><E6/><N who="2" m="3223" /><F9/><W100/><G100/><T32/><D32/><U62/><E62/><V77/><F77/><W16/><G34/><T42/><D42/><U52/><E52/><N who="2" m="20075" /><F40/><N who="3" m="22559" /><G27/><T50/><D50/><U3/><E3/><V122/><F122/><RYUUKYOKU ba="2,1" sc="275,0,195,0,232,0,288,0" hai0="23,24,41,46,49,96,99" hai1="29" hai2="47,73,76,81" hai3="16,18,48,55,56,78,80,82,83,84" /><INIT seed="4,3,1,0,2,116" ten="275,195,232,288" oya="0" hai0="3,115,67,40,45,89,24,7,34,83,99,105,96" hai1="57,8,9,82,120,75,69,21,90,61,35,27,104" hai2="20,64,33,80,16,44,36,28,12,15,107,87,49" hai3="92,11,135,108,63,117,68,43,14,131,81,2,38"/><T121/><D121/><U13/><E69/><V132/><F132/><W66/><G117/><T98/><D67/><U59/><E104/><V39/><F107/><W100/><G108/><T109/><D105/><U124/><E120/><V106/><F106/><W0/><G131/><T30/><D109/><U5/><E35/><V134/><F64/><W23/><G135/><T1/><D115/><U54/><E124/><V47/><F47/><W19/><G43/><T70/><D70/><U41/><E41/><V55/><F134/><W76/><G38/><T10/><D1/><U101/><E101/><V71/><F71/><W31/><G92/><T52/><D52/><U60/><E8/><V48/><F48/><W94/><G94/><T6/><D6/><U118/><E118/><V102/><F102/><W74/><G100/><T127/><D127/><U103/><E103/><V86/><F86/><W113/><G113/><T62/><D62/><U126/><E126/><V114/><F12/><W129/><G129/><T123/><D123/><U84/><E75/><V51/><F51/><W122/><G122/><T58/><D58/><N who="1" m="34903" /><E61/><V26/><REACH who="2" step="1"/><F114/><REACH who="2" ten="275,195,222,288" step="2"/><W37/><G37/><N who="0" m="21647" /><D99/><U128/><E128/><V25/><F25/><W88/><G88/><AGARI ba="3,2" hai="15,16,20,26,28,33,36,39,44,49,55,80,87,88" machi="88" ten="30,8000,1" yaku="1,1,7,1,54,2,53,1" doraHai="116" doraHaiUra="46" who="2" fromWho="3" sc="275,0,195,0,222,109,288,-89" owari="275,7.5,195,-30.5,331,43.1,199,-20.1" /></mjloggm>