<mjloggm ver="2.3"><GO type="225" lobby="0"/><UN n0="%77%72%77%72%77%72%77%72" n1="%28%EF%BF%A3%E2%96%BD%EF%BF%A3%29%CE%B4%E2%8C%92%E3%83%BB" n2="%E4%BF%BA%E3%81%A8%E5%A6%96%E5%A4%A2" n3="%EF%BC%AE%EF%BC%A1%EF%BC%AF%33%33%39" dan="17,16,17,17" rate="2163.09,2101.92,2179.58,2150.13" sx="M,M,F,M"/><TAIKYOKU oya="0"/><INIT seed="0,0,0,1,0,10" ten="250,250,250,250" oya="0" hai0="124,42,38,66,35,40,70,63,49,97,57,78,56" hai1="98,60,47,8,81,115,45,68,54,2,80,103,94" hai2="3,67,32,120,41,61,55,72,36,119,109,15,65" hai3="111,99,48,132,106,13,30,46,53,92,43,73,44"/><T28/><D78/><U113/><E2/><V107/><F3/><W128/><G73/><T16/><D35/><U6/><E6/><V29/><F72/><W26/><G106/><T50/><D28/><U34/><E8/><V79/><F79/><W122/><G111/><T25/><D97/><U112/><E34/><V86/><F107/><W62/><G128/><T83/><D83/><N who="1" m="31819" /><E54/><V37/><F86/><W88/><G132/><T105/><D105/><U130/><E130/><V17/><F120/><W77/><G77/><T24/><D24/><U58/><E58/><N who="0" m="22633" /><D25/><U108/><E108/><V7/><F7/><W117/><G122/><T1/><D16/><U4/><E4/><V27/><F109/><W101/><G117/><T23/><D23/><U90/><E90/><V118/><F55/><W116/><G116/><N who="2" m="44585" /><F41/><N who="0" m="15978" /><D1/><U96/><E96/><V123/><F123/><W76/><G76/><T127/><D38/><N who="2" m="14954" /><F61/><W31/><G62/><T125/><AGARI ba="0,0" hai="49,50,63,66,70,124,125,127" m="15978,22633" machi="125" ten="40,7800,0" yaku="18,1,34,2" doraHai="10" who="0" fromWho="0" sc="250,78,250,-26,250,-26,250,-26" /><INIT seed="0,1,0,1,3,95" ten="328,224,224,224" oya="0" hai0="11,122,59,112,26,41,89,92,114,125,47,14,40" hai1="8,52,67,101,127,91,109,69,77,129,36,99,9" hai2="3,135,105,71,30,56,75,106,60,115,111,116,117" hai3="130,103,76,50,120,48,119,78,46,102,2,37,82"/><T73/><D122/><U32/><E36/><V28/><F115/><W13/><G2/><T42/><D73/><U90/><E32/><V31/><F75/><W126/><G119/><N who="2" m="45641" /><F71/><W100/><G37/><T88/><D125/><U63/><E127/><V34/><F3/><W98/><G126/><T93/><D26/><U23/><E129/><V16/><F111/><W45/><G130/><T97/><D59/><U57/><E109/><V18/><F34/><W27/><G27/><T6/><REACH who="0" step="1"/><D47/><REACH who="0" ten="318,224,224,224" step="2"/><U1/><E69/><V51/><F135/><W107/><G120/><T85/><AGARI ba="1,1" hai="6,11,14,40,41,42,85,88,89,92,93,97,112,114" machi="85" ten="30,18000,2" yaku="1,1,2,1,0,1,52,1,54,1,53,2" doraHai="95" doraHaiUra="87" who="0" fromWho="0" sc="318,193,224,-61,224,-61,224,-61" /><INIT seed="0,2,0,4,5,3" ten="511,163,163,163" oya="0" hai0="101,25,111,83,63,107,5,91,126,34,28,55,36" hai1="14,92,9,93,75,20,72,62,51,46,27,81,102" hai2="123,7,54,45,50,39,122,0,42,110,132,13,131" hai3="118,113,130,53,117,10,15,31,115,22,78,94,112"/><T29/><D36/><U6/><E72/><V121/><F0/><W32/><G78/><T30/><D126/><U114/><E114/><V73/><F73/><W103/><G53/><T127/><D127/><U71/><E102/><V99/><F110/><W52/><G32/><T40/><D111/><U86/><E75/><V124/><F124/><W120/><G103/><T128/><D128/><U109/><E109/><V89/><F131/><W48/><G94/><T116/><D116/><U49/><E62/><V82/><F132/><W18/><G130/><T108/><D40/><N who="1" m="24775" /><E51/><V65/><F65/><W106/><G106/><T77/><D108/><U88/><E71/><V98/><F82/><W70/><G70/><T58/><D91/><U56/><E56/><V47/><REACH who="2" step="1"/><F89/><REACH who="2" ten="511,163,153,163" step="2"/><W79/><G79/><T19/><D83/><U2/><E2/><V12/><F12/><W100/><G100/><T33/><D77/><U43/><E43/><V80/><F80/><W119/><G120/><T67/><D101/><U64/><E64/><V66/><F66/><W90/><G90/><T105/><D67/><U135/><E135/><V4/><F4/><W37/><G115/><T11/><D107/><U41/><E41/><V134/><F134/><W44/><G37/><T74/><D105/><U84/><E84/><V96/><F96/><W69/><G69/><T17/><D74/><U38/><E38/><V95/><F95/><W129/><G129/><T85/><D85/><U125/><E125/><V23/><F23/><W133/><G133/><T21/><D5/><U87/><E87/><V68/><F68/><RYUUKYOKU ba="2,1" sc="511,0,163,0,153,0,163,0" hai0="11,17,19,21,25,28,29,30,33,34,55,58,63" hai1="6,9,14,20,27,81,86,88,92,93" hai2="7,13,39,42,45,47,50,54,98,99,121,122,123" hai3="10,15,18,22,31,44,48,52,112,113,117,118,119" /><INIT seed="0,3,1,4,2,124" ten="511,163,153,163" oya="0" hai0="97,42,35,71,16,54,93,88,83,99,51,25,12" hai1="109,29,103,72,111,38,101,24,90,133,87,15,69" hai2="37,62,45,108,36,56,94,75,129,80,132,30,123" hai3="107,8,34,52,59,114,55,85,13,130,106,96,53"/><T102/><D71/><U11/><E69/><V77/><F123/><W67/><G114/><T46/><D83/><N who="1" m="49535" /><E38/><V125/><F125/><W122/><G34/><T121/><D121/><U1/><E1/><V26/><F108/><N who="1" m="41545" /><E72/><V50/><F129/><W49/><G122/><T76/><D76/><U64/><E64/><V79/><F79/><W74/><G74/><T84/><D42/><U43/><E43/><V23/><F132/><W65/><G107/><T104/><D99/><U66/><E66/><N who="3" m="25098" /><G130/><T2/><D2/><U81/><E81/><V10/><F56/><W40/><G106/><T113/><D113/><U33/><E133/><V19/><F62/><W61/><G96/><T47/><D35/><U39/><E39/><V22/><F94/><W27/><G85/><T18/><D25/><U134/><E134/><V20/><F10/><W117/><G27/><T91/><D12/><U6/><AGARI ba="3,1" hai="6,11,15,24,29,33,101,103" m="41545,49535" machi="6" ten="30,1100,0" yaku="14,1" doraHai="124" who="1" fromWho="1" sc="511,-8,163,30,153,-6,163,-6" /><INIT seed="1,0,0,5,5,133" ten="503,193,147,157" oya="1" hai0="117,67,114,111,134,112,128,5,45,118,10,27,4" hai1="80,60,50,109,9,56,58,96,97,43,86,36,29" hai2="127,69,108,125,42,78,83,113,131,54,28,135,40" hai3="106,2,61,39,132,13,59,75,103,47,7,87,76"/><U100/><E36/><V95/><F69/><W123/><G123/><T48/><D67/><U90/><E109/><V25/><F108/><W46/><G75/><T6/><D111/><U3/><E3/><V21/><F135/><W55/><G2/><T94/><D134/><U91/><E29/><V92/><F131/><W32/><G32/><T14/><D94/><N who="1" m="58391" /><E9/><V85/><F113/><N who="0" m="43626" /><D48/><U122/><E122/><V24/><F54/><W71/><G71/><T68/><D45/><N who="1" m="25919" /><E60/><V37/><F37/><W129/><G132/><T98/><D68/><U120/><E120/><V11/><F11/><W51/><G39/><T15/><D98/><U12/><E12/><N who="0" m="4649" /><D128/><U17/><E17/><V126/><F25/><W8/><G129/><T23/><D10/><U44/><E44/><V72/><F95/><AGARI ba="0,0" hai="56,58,80,86,90,91,95,97" m="25919,58391" machi="95" ten="30,1500,0" yaku="8,1" doraHai="133" who="1" fromWho="2" sc="503,0,193,15,147,-15,157,0" /><INIT seed="1,1,0,4,0,55" ten="503,208,132,157" oya="1" hai0="128,27,125,102,67,50,14,66,29,62,129,90,45" hai1="86,112,10,40,26,80,47,42,23,127,4,131,8" hai2="130,9,95,109,39,78,58,43,68,34,98,21,134" hai3="36,103,28,37,113,104,65,79,118,117,123,19,85"/><U35/><E35/><V81/><F68/><W30/><G113/><T31/><D125/><U60/><E112/><V52/><F34/><W135/><G123/><T119/><D119/><N who="3" m="45577" /><G65/><T0/><D0/><U13/><E127/><V6/><F109/><W124/><G124/><T15/><D102/><U63/><E10/><V126/><F126/><W5/><G5/><T75/><D75/><U74/><E74/><V71/><F71/><W69/><G69/><T56/><D67/><U133/><E131/><N who="0" m="50249" /><D90/><N who="1" m="51527" /><E133/><V107/><F107/><W120/><G120/><T38/><D38/><N who="3" m="14953" /><G19/><T18/><D27/><U53/><E47/><V44/><F134/><W17/><G17/><T92/><D92/><U1/><E1/><V97/><F130/><W72/><G72/><T22/><D14/><U61/><E53/><AGARI ba="1,0" hai="15,18,22,29,31,45,50,53,56,62,66" m="50249" machi="53" ten="30,2000,0" yaku="19,1,52,1" doraHai="55" who="0" fromWho="1" sc="503,23,208,-23,132,0,157,0" /><INIT seed="2,0,0,2,5,27" ten="526,185,132,157" oya="2" hai0="88,83,60,47,107,36,84,18,87,58,74,78,106" hai1="95,69,111,90,129,119,42,23,44,13,8,49,79" hai2="98,118,0,134,53,24,20,70,96,39,35,81,97" hai3="12,26,38,6,54,41,21,65,4,33,43,114,115"/><V122/><F118/><W1/><G1/><T3/><D3/><U116/><E69/><V40/><F122/><W113/><G33/><T15/><D74/><U57/><E111/><V131/><F0/><W75/><G75/><T34/><D34/><U89/><E129/><V110/><F131/><W117/><G117/><T62/><D36/><U66/><E90/><V85/><F70/><W5/><G65/><T73/><D73/><U71/><E71/><V63/><F35/><W29/><G38/><T94/><D47/><U101/><E101/><V86/><F110/><W14/><REACH who="3" step="1"/><G54/><REACH who="3" ten="526,185,132,147" step="2"/><T102/><D102/><U99/><E66/><V16/><F134/><W45/><G45/><T32/><D32/><U37/><E44/><V125/><F39/><W109/><G109/><T128/><D128/><U11/><E37/><V93/><F40/><AGARI ba="0,1" hai="4,5,6,12,14,21,26,29,40,41,43,113,114,115" machi="40" ten="50,6400,0" yaku="1,1,11,1,52,1,53,0" doraHai="27" doraHaiUra="56" who="3" fromWho="2" sc="526,0,185,0,132,-64,147,74" /><INIT seed="3,0,0,1,3,61" ten="526,185,68,221" oya="3" hai0="3,30,11,86,126,79,66,13,106,50,71,119,55" hai1="135,19,114,46,111,117,83,132,97,4,76,48,127" hai2="133,0,62,24,53,124,77,14,38,63,100,21,45" hai3="105,54,26,33,115,121,25,41,128,118,95,112,102"/><W1/><G118/><T65/><D119/><U93/><E114/><V80/><F0/><W101/><G121/><T72/><D72/><U52/><E117/><V18/><F133/><W75/><G1/><T7/><D106/><U82/><E4/><V108/><F108/><W116/><G116/><T104/><D104/><U47/><E111/><V120/><F120/><W92/><G105/><T49/><D71/><U60/><E127/><V109/><F109/><W6/><G41/><T110/><D126/><U84/><E19/><V39/><F124/><W134/><G6/><T5/><D110/><U73/><E60/><V70/><F100/><W113/><G75/><T129/><D129/><U16/><E16/><V107/><F107/><W59/><G134/><T17/><D30/><U20/><E20/><V88/><F39/><W125/><G125/><T69/><D69/><U68/><E68/><V32/><F77/><W56/><G128/><T8/><D49/><U35/><E35/><V103/><F103/><W44/><G44/><T74/><D74/><U94/><E47/><V36/><F32/><W90/><G33/><T131/><D131/><U122/><E122/><V22/><F62/><W23/><G113/><T51/><D51/><U15/><E132/><V40/><F53/><W67/><G54/><T87/><D5/><U42/><E52/><V10/><F38/><W28/><G28/><T64/><D79/><U9/><E135/><V29/><F70/><W89/><G23/><T31/><D31/><U58/><E76/><V57/><F29/><W98/><G98/><T123/><D123/><RYUUKYOKU ba="0,0" sc="526,15,185,-15,68,-15,221,15" hai0="3,7,8,11,13,17,50,55,64,65,66,86,87" hai3="25,26,56,59,67,89,90,92,95,101,102,112,115" /><INIT seed="3,1,0,0,0,92" ten="541,170,53,236" oya="3" hai0="54,40,21,7,25,99,60,52,59,8,27,93,38" hai1="0,114,96,24,65,9,33,63,50,70,81,30,77" hai2="17,84,6,89,1,10,132,5,130,3,47,115,97" hai3="119,23,15,86,116,18,44,80,90,19,74,51,135"/><W53/><G135/><T123/><D123/><U121/><E121/><V107/><F115/><W83/><G74/><T55/><D38/><U91/><E114/><V71/><F132/><W101/><G83/><T69/><D40/><U39/><E39/><V31/><F130/><W117/><G117/><T26/><D69/><U45/><E9/><V42/><F71/><W13/><REACH who="3" step="1"/><G101/><REACH who="3" ten="541,170,53,226" step="2"/><N who="0" m="60655" /><D21/><AGARI ba="1,1" hai="13,15,18,19,21,23,44,51,53,80,86,90,116,119" machi="21" ten="30,5800,0" yaku="1,1,7,1,9,1,53,0" doraHai="92" doraHaiUra="34" who="3" fromWho="0" sc="541,-61,170,0,53,0,226,71" /><INIT seed="3,2,0,4,2,45" ten="480,170,53,297" oya="3" hai0="114,60,68,71,49,17,1,12,99,113,2,10,81" hai1="22,72,52,117,21,95,77,61,8,73,108,106,80" hai2="33,134,92,50,79,124,51,67,135,66,30,4,100" hai3="125,88,121,116,34,69,111,127,24,118,56,37,97"/><W75/><G69/><T115/><D81/><U55/><E106/><V15/><F79/><W43/><G37/><T74/><D74/><U25/><E108/><V29/><F4/><W42/><G75/><T98/><D49/><N who="2" m="18442" /><F33/><W65/><G121/><T58/><D68/><U47/><E117/><V23/><F15/><W20/><G34/><T59/><D59/><U27/><E77/><V109/><F109/><W44/><G111/><T11/><D71/><U57/><E80/><V76/><F76/><W5/><G5/><N who="0" m="1327" /><D2/><U110/><E95/><V104/><F104/><W87/><G97/><T107/><D107/><U28/><E110/><V112/><F23/><W131/><G116/><T132/><D132/><N who="2" m="50730" /><F112/><W86/><G118/><T38/><D38/><U18/><E8/><V123/><F123/><W64/><G87/><T84/><D84/><U54/><E73/><V85/><F85/><W128/><G20/><T122/><D122/><U9/><E72/><V130/><F130/><N who="3" m="49707" /><G24/><T0/><D0/><U53/><E9/><V101/><F92/><W63/><G64/><AGARI ba="2,0" hai="11,12,17,58,60,64,98,99,113,114,115" m="1327" machi="64" ten="30,1000,0" yaku="11,1" doraHai="45" who="0" fromWho="3" sc="480,16,170,0,53,0,297,-16" owari="496,59.6,170,-23.0,53,-44.7,281,8.1" /></mjloggm>