<mjloggm ver="2.3"><GO type="225" lobby="0"/><UN n0="%E3%80%90%E8%92%BC%E7%90%89%E3%80%91" n1="%E5%B8%86%E7%AB%8B%E5%A4%8F%E8%A1%A3" n2="%54%4F%52" n3="%E3%82%82%E3%81%90%E3%82%89" dan="16,16,17,17" rate="2117.71,2074.68,2251.45,2199.38" sx="F,M,M,M"/><TAIKYOKU oya="0"/><INIT seed="0,0,0,5,4,24" ten="250,250,250,250" oya="0" hai0="125,29,63,42,132,10,127,0,97,113,62,126,101" hai1="57,33,40,65,105,35,77,84,59,109,70,117,17" hai2="134,73,7,94,135,131,121,13,26,79,120,31,92" hai3="108,23,90,111,69,15,110,36,41,91,129,88,74"/><T48/><D113/><U124/><E117/><V100/><F73/><W104/><G129/><T58/><D132/><N who="2" m="50730" /><F79/><W32/><G32/><T11/><D29/><U43/><E105/><V14/><F100/><W55/><G104/><T95/><D0/><U60/><E124/><V34/><F92/><W130/><G130/><T76/><D76/><U54/><E109/><V25/><F94/><W103/><G103/><T4/><D4/><U87/><E70/><V83/><F83/><W30/><G69/><T45/><REACH who="0" step="1"/><D62/><REACH who="0" ten="240,250,250,250" step="2"/><U119/><E60/><V99/><F131/><W85/><G30/><T61/><D61/><U102/><E77/><V80/><F31/><W47/><G74/><T133/><D133/><U114/><E114/><V86/><F7/><W49/><G85/><T123/><D123/><U52/><E84/><V81/><F86/><W53/><G36/><T98/><D98/><U106/><E87/><V19/><F99/><W6/><G6/><T12/><D12/><U44/><E35/><V107/><F14/><W56/><G56/><T2/><D2/><U8/><E33/><V112/><F13/><W96/><G96/><T50/><D50/><U72/><E59/><V66/><F34/><W89/><N who="3" m="22528" /><DORA hai="39" /><W37/><G37/><T122/><D122/><U71/><E57/><V51/><F121/><W64/><G64/><AGARI ba="0,1" hai="10,11,42,45,48,58,63,64,95,97,101,125,126,127" machi="64" ten="40,18000,2" yaku="1,1,18,1,52,1,53,3" doraHai="24,39" doraHaiUra="5,38" who="0" fromWho="3" sc="240,190,250,0,250,0,250,-180" /><INIT seed="0,1,0,4,0,50" ten="430,250,250,70" oya="0" hai0="74,24,88,68,3,91,38,119,92,33,126,72,86" hai1="1,102,26,129,77,57,71,44,109,32,64,124,42" hai2="28,22,9,106,95,21,132,117,115,15,31,14,43" hai3="51,107,16,55,12,37,89,69,135,29,99,131,49"/><T73/><D119/><U46/><E1/><V25/><F106/><W125/><G37/><T17/><D68/><U112/><E112/><V2/><F115/><W10/><G69/><T45/><D3/><U87/><E109/><V58/><F117/><W116/><G116/><T101/><D126/><U11/><E124/><V75/><F75/><W134/><G125/><T54/><D101/><U80/><E129/><V41/><F132/><N who="3" m="50731" /><G131/><T20/><D33/><U56/><E11/><V5/><F95/><N who="3" m="56815" /><G107/><T61/><D91/><U39/><E102/><V76/><F76/><W103/><G103/><T30/><D30/><U59/><E71/><V19/><F58/><N who="3" m="33135" /><G51/><T123/><D123/><U100/><E100/><V7/><F43/><W60/><G29/><T8/><D8/><U83/><E42/><V105/><F41/><W130/><G130/><T4/><D4/><U0/><E39/><V108/><F105/><W113/><G60/><T120/><D120/><U34/><E44/><V62/><F62/><W93/><G93/><T90/><D90/><U48/><E46/><V35/><F108/><W121/><G113/><T40/><REACH who="0" step="1"/><D72/><REACH who="0" ten="420,250,250,70" step="2"/><U110/><E110/><V47/><F31/><W78/><G121/><T96/><D96/><U52/><E34/><V82/><F35/><W111/><G111/><T70/><D70/><U6/><E32/><V13/><F2/><W97/><G97/><T63/><D63/><U128/><E0/><V122/><F122/><W53/><G10/><T79/><D79/><U85/><E77/><V94/><F9/><N who="3" m="6159" /><G78/><T104/><D104/><U36/><E128/><RYUUKYOKU ba="1,1" sc="420,15,250,-15,250,-15,70,15" hai0="17,20,24,38,40,45,54,61,73,74,86,88,92" hai3="53" /><INIT seed="0,2,1,2,4,132" ten="435,235,235,85" oya="0" hai0="39,37,9,120,111,101,18,59,98,70,44,43,51" hai1="31,47,109,100,8,42,12,82,17,104,126,129,133" hai2="7,33,19,99,71,3,35,10,69,29,94,67,64" hai3="36,97,20,92,76,131,41,62,124,127,103,60,78"/><T65/><D120/><U88/><E109/><V23/><F71/><W118/><G118/><T77/><D111/><U49/><E133/><V21/><F21/><W74/><G131/><T61/><D77/><U4/><E129/><V79/><F79/><N who="3" m="30251" /><G74/><T26/><D70/><U32/><E126/><N who="3" m="48170" /><G20/><T5/><D18/><U91/><E4/><V116/><F116/><W28/><G28/><T72/><D26/><U85/><E32/><V53/><F35/><W110/><G110/><T125/><D72/><U80/><E31/><V84/><F29/><W121/><G121/><T58/><D58/><U89/><E104/><V95/><F69/><W123/><G123/><T119/><D119/><U63/><E100/><V45/><F33/><W52/><G52/><T24/><D24/><U75/><E75/><V16/><F53/><W40/><G40/><T46/><D46/><AGARI ba="2,1" hai="36,41,46,60,62,92,97,103" m="48170,30251" machi="46" ten="30,7700,0" yaku="18,1,52,3" doraHai="132" who="3" fromWho="0" sc="435,-83,235,0,235,0,85,93" /><INIT seed="1,0,0,0,4,1" ten="352,235,235,178" oya="1" hai0="42,105,116,59,45,131,84,61,3,98,40,49,108" hai1="15,52,121,86,27,112,38,57,122,114,47,4,96" hai2="83,133,36,104,115,6,73,80,79,62,56,90,127" hai3="89,31,20,58,95,68,11,41,111,32,23,24,129"/><U69/><E27/><V118/><F118/><W103/><G68/><T101/><D116/><U55/><E86/><V106/><F36/><W64/><G111/><T28/><D108/><U94/><E69/><V48/><F133/><W102/><G129/><T16/><D131/><U125/><E125/><V33/><F127/><W100/><G41/><T77/><D3/><U81/><E81/><V119/><F119/><W53/><G64/><T60/><D28/><U17/><E122/><V12/><F33/><W54/><G11/><T29/><D29/><U74/><E74/><V91/><F115/><W70/><G70/><T78/><D40/><U126/><E126/><V43/><F106/><W37/><G37/><T76/><D84/><U88/><E121/><V10/><F104/><W134/><G134/><T50/><D50/><U130/><E130/><V13/><F13/><W18/><G32/><T85/><D85/><U99/><E99/><V75/><F48/><W132/><G58/><T30/><D30/><U65/><E114/><V82/><F43/><W135/><G135/><T51/><D51/><N who="1" m="28799" /><E38/><V63/><F63/><W67/><G67/><T120/><D120/><U21/><E112/><V113/><F113/><W72/><G72/><T107/><D107/><U39/><E39/><V25/><F25/><N who="3" m="14487" /><G132/><T26/><REACH who="0" step="1"/><D59/><REACH who="0" ten="342,235,235,178" step="2"/><U9/><E57/><V123/><F123/><W109/><G109/><T71/><D71/><U87/><E87/><AGARI ba="0,1" hai="23,24,31,53,54,87,89,95,100,102,103" m="14487" machi="87" ten="30,1000,0" yaku="8,1" doraHai="1" who="3" fromWho="1" sc="342,0,235,-10,235,0,178,20" /><INIT seed="2,0,0,2,0,49" ten="342,225,235,198" oya="2" hai0="55,86,17,107,118,47,124,57,59,51,135,53,8" hai1="58,85,64,25,99,125,110,74,134,23,29,91,14" hai2="101,87,81,45,32,80,100,94,65,122,31,62,119" hai3="52,60,0,18,97,77,121,2,26,98,131,35,127"/><V75/><F119/><W44/><G121/><T90/><D107/><U113/><E113/><V68/><F122/><W48/><G131/><T67/><D135/><U84/><E134/><V5/><F5/><W10/><G127/><T1/><D124/><U88/><E125/><V129/><F129/><W6/><G2/><T128/><D128/><U56/><E74/><V126/><F126/><W7/><G7/><T19/><D118/><U3/><E3/><V95/><F75/><W69/><G77/><T78/><D78/><U13/><E110/><V83/><F45/><W105/><G105/><T130/><D130/><U39/><E39/><V133/><F133/><W61/><G18/><T120/><D120/><U104/><E99/><V82/><F31/><W102/><G69/><T11/><D67/><U123/><E104/><V114/><F32/><W71/><G71/><T63/><D47/><U46/><E46/><V93/><REACH who="2" step="1"/><F114/><REACH who="2" ten="342,225,225,198" step="2"/><W117/><G117/><T28/><D28/><U33/><E123/><V27/><F27/><W96/><REACH who="3" step="1"/><G102/><REACH who="3" ten="342,225,225,188" step="2"/><T20/><D1/><U112/><E112/><V21/><F21/><W41/><G41/><T79/><D17/><U103/><E103/><V30/><F30/><AGARI ba="0,2" hai="0,6,10,26,30,35,44,48,52,60,61,96,97,98" machi="30" ten="40,5200,0" yaku="1,1,52,1,54,1,53,0" doraHai="49" doraHaiUra="66" who="3" fromWho="2" sc="342,0,225,0,225,-52,188,72" /><INIT seed="3,0,0,2,1,129" ten="342,225,173,260" oya="3" hai0="9,124,117,115,72,29,66,78,123,42,80,130,59" hai1="19,107,12,13,34,79,23,121,132,15,110,109,76" hai2="3,126,87,118,95,18,48,96,106,112,88,52,127" hai3="100,119,31,98,75,113,39,133,94,49,40,73,61"/><W65/><G119/><T21/><D123/><U103/><E121/><V64/><F118/><W47/><G113/><T17/><D130/><U77/><E34/><V57/><F112/><W101/><G101/><T53/><D124/><U69/><E69/><V68/><F3/><W104/><G94/><T62/><D42/><U16/><E132/><V56/><F68/><W37/><G133/><T26/><D117/><U84/><E84/><V38/><F38/><W128/><G128/><T67/><D115/><U71/><E71/><V32/><F32/><W45/><G31/><T8/><D17/><U82/><E82/><V54/><F64/><W134/><G134/><T74/><D74/><U89/><E89/><V5/><F5/><W86/><G86/><T114/><D114/><U10/><E15/><V41/><F41/><W28/><G28/><T105/><D105/><U50/><E50/><V35/><F35/><W27/><G27/><T116/><D116/><U55/><E55/><V4/><F4/><W33/><G33/><T90/><D90/><U6/><E6/><V46/><F18/><W60/><G60/><T91/><D91/><U97/><AGARI ba="0,0" hai="10,12,13,16,19,23,76,77,79,97,103,107,109,110" machi="97" ten="30,2000,0" yaku="0,1,54,1" doraHai="129" who="1" fromWho="1" sc="342,-5,225,20,173,-5,260,-10" owari="337,43.7,245,-15.5,168,-33.2,250,5.0" /></mjloggm>