<mjloggm ver="2.3"><GO type="225" lobby="0"/><UN n0="%E3%81%B5%E3%81%98%E3%81%8B%E3%81%A4" n1="%E5%8F%AF%E5%85%90%E9%82%A3%E7%94%B1%E5%A4%9A" n2="%E3%81%8B%E3%82%8F%E3%81%A1%E3%82%83%E3%82%93%35%38" n3="%E6%9D%B1%E9%A2%A8%E3%81%AE%E3%81%8D%E3%82%83%E3%81%B7%E3%81%95%E3%82%93" dan="16,16,16,17" rate="2176.61,2090.59,2129.01,2245.04" sx="M,F,M,M"/><TAIKYOKU oya="0"/><INIT seed="0,0,0,1,0,14" ten="250,250,250,250" oya="0" hai0="39,52,49,73,131,124,50,122,87,94,53,91,127" hai1="110,34,84,22,67,44,119,72,60,113,28,6,20" hai2="126,12,41,107,83,135,112,79,42,32,82,51,100" hai3="37,13,111,81,29,3,17,45,36,86,56,90,115"/><T47/><D122/><U114/><E72/><V125/><F32/><W5/><G115/><N who="1" m="44042" /><E119/><V106/><F112/><W128/><G128/><T57/><D73/><U10/><E44/><V61/><F135/><W88/><G111/><T30/><D131/><U77/><E110/><V68/><F12/><W133/><G133/><T58/><REACH who="0" step="1"/><D30/><REACH who="0" ten="240,250,250,250" step="2"/><U1/><E28/><V31/><F31/><W18/><G29/><T23/><D23/><U130/><E130/><V92/><F126/><W59/><G3/><T26/><D26/><U108/><E108/><V8/><F125/><W15/><G5/><T116/><D116/><U97/><E34/><V19/><F8/><N who="3" m="6311" /><G36/><T98/><D98/><U134/><E97/><V66/><F19/><W16/><G37/><T25/><D25/><U129/><E129/><V118/><F118/><W123/><G123/><T71/><D71/><N who="1" m="42471" /><E134/><V96/><F96/><W27/><G27/><T99/><D99/><U78/><E84/><V70/><F70/><W109/><G109/><T121/><D121/><U33/><E33/><V55/><F68/><W35/><G35/><T65/><D65/><U93/><E20/><V85/><F66/><W75/><G75/><T21/><D21/><U48/><E22/><V46/><F106/><W9/><G18/><T11/><D11/><U54/><E10/><V74/><F107/><W102/><G102/><T95/><D95/><U80/><E93/><V43/><F100/><W63/><G9/><T0/><D0/><U64/><E64/><V62/><F92/><W76/><G15/><T38/><D38/><U104/><E1/><RYUUKYOKU ba="0,1" sc="240,15,250,-15,250,15,250,-15" hai0="39,47,49,50,52,53,57,58,87,91,94,124,127" hai2="41,42,43,46,51,55,61,62,74,79,82,83,85" /><INIT seed="0,1,1,0,2,7" ten="255,235,265,235" oya="0" hai0="68,52,53,70,60,28,23,8,117,89,127,42,0" hai1="135,79,18,91,9,41,14,40,16,45,111,57,90" hai2="99,26,56,100,35,71,88,67,22,69,123,130,129" hai3="101,83,30,25,122,12,55,24,47,1,109,94,126"/><T86/><D117/><U20/><E111/><V87/><F35/><W34/><G1/><T6/><D127/><U39/><E135/><V108/><F123/><W5/><G122/><T84/><D42/><U19/><E41/><V73/><F73/><W46/><G126/><T72/><D84/><U36/><E36/><V75/><F75/><W106/><G109/><T78/><D78/><U3/><E3/><V133/><F108/><W65/><G106/><T134/><D134/><U113/><E113/><V103/><F133/><W37/><G65/><T120/><D120/><U128/><E128/><N who="2" m="49259" /><F56/><W74/><G25/><T107/><D107/><U116/><E116/><V11/><F11/><W4/><G37/><T93/><D72/><U21/><E79/><V110/><F110/><W29/><G29/><T98/><D98/><U81/><E57/><V54/><F54/><W15/><G83/><T125/><D125/><U77/><E77/><V48/><F48/><W61/><G74/><T59/><REACH who="0" step="1"/><D53/><REACH who="0" ten="245,235,265,235" step="2"/><U58/><E81/><N who="2" m="49263" /><F67/><W2/><G55/><T82/><D82/><U27/><REACH who="1" step="1"/><E58/><REACH who="1" ten="245,225,265,235" step="2"/><V105/><F103/><W115/><G115/><T92/><D92/><U32/><E32/><V64/><F64/><W121/><G94/><T102/><D102/><U43/><E43/><V50/><F50/><W131/><G101/><T85/><D85/><U124/><E124/><V95/><F95/><W31/><G131/><T63/><D63/><U132/><E132/><V114/><F114/><W44/><G61/><T96/><D96/><U51/><E51/><V49/><F49/><W10/><G121/><RYUUKYOKU ba="1,3" sc="245,10,225,10,265,10,235,-30" hai0="0,6,8,23,28,52,59,60,68,70,86,89,93" hai1="9,14,16,18,19,20,21,27,39,40,45,90,91" hai2="22,26,69,71,99,100,105" /><INIT seed="0,2,3,5,0,19" ten="255,235,275,205" oya="0" hai0="93,38,97,63,2,124,118,102,101,135,115,112,58" hai1="37,127,89,105,52,40,91,50,57,5,69,60,23" hai2="16,9,17,128,7,72,59,121,65,46,36,98,14" hai3="25,32,33,133,119,44,31,104,45,108,111,24,51"/><T43/><D118/><U62/><E105/><V0/><F121/><W94/><G119/><T49/><D2/><U28/><E127/><V132/><F72/><W82/><G104/><T35/><D124/><U77/><E5/><V42/><F128/><W134/><G82/><T81/><D35/><N who="3" m="13385" /><G94/><T95/><D135/><N who="3" m="51721" /><G31/><T21/><D38/><U67/><E77/><V61/><F132/><W123/><G51/><T27/><D81/><U53/><E40/><V18/><REACH who="2" step="1"/><F98/><REACH who="2" ten="255,235,265,205" step="2"/><W84/><G84/><T75/><D75/><U100/><E100/><N who="0" m="38505" /><D97/><U54/><E37/><V34/><F34/><W103/><G103/><T131/><D115/><U109/><E109/><N who="3" m="42058" /><G123/><T12/><D131/><U64/><REACH who="1" step="1"/><E50/><REACH who="1" ten="255,225,265,205" step="2"/><V30/><F30/><W99/><G99/><T116/><D49/><U76/><E76/><V48/><F48/><W86/><G86/><T15/><D116/><U96/><E96/><V106/><F106/><W47/><AGARI ba="2,5" hai="24,25,44,45,47" m="42058,51721,13385" machi="47" ten="40,8000,1" yaku="28,2,20,1,14,1" doraHai="19" who="3" fromWho="3" sc="255,-42,225,-22,265,-22,205,136" /><INIT seed="1,0,0,4,0,132" ten="213,203,243,341" oya="1" hai0="14,33,113,95,134,117,18,31,1,124,91,73,69" hai1="126,62,42,94,57,51,125,10,84,123,30,83,64" hai2="70,75,29,7,100,72,15,16,86,133,89,63,96" hai3="41,130,74,66,55,49,0,47,92,79,36,110,99"/><U21/><E123/><V121/><F121/><W46/><G130/><T35/><D117/><U4/><E94/><V93/><F133/><W28/><G110/><T58/><D134/><U48/><E30/><V81/><F7/><W44/><G28/><T120/><D69/><U105/><E105/><V43/><F43/><W6/><G66/><T71/><D73/><U135/><E21/><V34/><F70/><W118/><G118/><T65/><D71/><U77/><E135/><V53/><F63/><W115/><G115/><T9/><D120/><U40/><E40/><V119/><F53/><W128/><G128/><T76/><D76/><U38/><E38/><V27/><REACH who="2" step="1"/><F119/><REACH who="2" ten="213,203,233,341" step="2"/><W103/><G55/><T82/><D113/><U106/><E106/><V37/><F37/><W101/><G49/><T17/><D65/><U32/><E32/><V102/><F102/><W111/><G103/><T90/><D35/><U8/><E51/><V13/><F13/><W54/><G54/><T109/><D14/><N who="1" m="5383" /><E10/><AGARI ba="0,1" hai="10,15,16,27,29,34,72,75,81,86,89,93,96,100" machi="10" ten="30,3900,0" yaku="1,1,7,1,54,1,53,0" doraHai="132" doraHaiUra="108" who="2" fromWho="1" sc="213,0,203,-39,233,49,341,0" /><INIT seed="2,0,0,2,5,50" ten="213,164,282,341" oya="2" hai0="121,15,49,12,118,51,39,1,83,62,107,33,94" hai1="130,89,99,7,72,68,92,42,44,98,24,10,4" hai2="88,32,102,106,110,48,71,96,9,5,21,109,133" hai3="105,80,16,124,90,73,3,30,112,47,55,108,85"/><V128/><F32/><W45/><G105/><T95/><D121/><U87/><E130/><V119/><F119/><W58/><G3/><T115/><D107/><U125/><E125/><V2/><F71/><W129/><G73/><T26/><D1/><U19/><E72/><V117/><F117/><W76/><G30/><T97/><D39/><U64/><E68/><V63/><F128/><W122/><G108/><N who="2" m="41577" /><F133/><W14/><G122/><T100/><D118/><U34/><E64/><V54/><F21/><W27/><G124/><T116/><D115/><U65/><E65/><V53/><F63/><W35/><G112/><T126/><D33/><U69/><E69/><V113/><F113/><W56/><G129/><T86/><D62/><U52/><E42/><V103/><F103/><W22/><G35/><T79/><D126/><U46/><E46/><N who="3" m="17418" /><G58/><T104/><D26/><U132/><E132/><V23/><F48/><N who="3" m="30823" /><G27/><T123/><D123/><U20/><E34/><V74/><F74/><W37/><G37/><T82/><D51/><N who="1" m="28775" /><E10/><V36/><F36/><W41/><G41/><T0/><D116/><U78/><E99/><N who="2" m="61791" /><F23/><W101/><G101/><T111/><D100/><U120/><E120/><V59/><F59/><W67/><G67/><T114/><D111/><U11/><E11/><V60/><F60/><W8/><G8/><T57/><D114/><U25/><E25/><V131/><F131/><W66/><G66/><T38/><D38/><U31/><E31/><V6/><F6/><W18/><G18/><T17/><D17/><U61/><E61/><V127/><F127/><W75/><G75/><RYUUKYOKU ba="0,0" sc="213,-30,164,10,282,10,341,10" hai1="4,7,19,20,24,78,87,89,92,98" hai2="2,5,9,53,54,88,96" hai3="14,16,22,76,80,85,90" /><INIT seed="2,1,0,2,1,70" ten="183,174,292,351" oya="2" hai0="62,42,119,7,44,114,66,10,28,100,52,93,78" hai1="83,14,112,134,2,4,120,18,85,35,43,8,107" hai2="128,125,46,16,108,103,69,41,126,63,72,99,17" hai3="39,58,121,65,102,55,0,29,94,5,92,122,129"/><V34/><F34/><W115/><G39/><T40/><D114/><U47/><E112/><V91/><F72/><W109/><G29/><T84/><D28/><U82/><E107/><V133/><F91/><W26/><G26/><T113/><D113/><U68/><E68/><V81/><F81/><W13/><G129/><T56/><D119/><U118/><E118/><V101/><F128/><W57/><G109/><T135/><D135/><U80/><E35/><V3/><F3/><W104/><G0/><T32/><D32/><U74/><E134/><V36/><F133/><W38/><G38/><T54/><D42/><U12/><E120/><V33/><F33/><W20/><G115/><T86/><D78/><U53/><E53/><V64/><F108/><W1/><G1/><T117/><D117/><U23/><E2/><V96/><F96/><W132/><G132/><T19/><D19/><N who="2" m="7242" /><F99/><W45/><G121/><T73/><D73/><U95/><E74/><V98/><F98/><W79/><G79/><T75/><D100/><U76/><REACH who="1" step="1"/><E95/><REACH who="1" ten="183,164,292,351" step="2"/><V97/><F103/><W50/><G102/><T131/><D75/><U67/><E67/><V6/><F101/><W30/><G104/><T106/><D106/><U25/><E25/><V127/><F97/><W88/><G122/><T116/><D116/><U49/><AGARI ba="1,1" hai="4,8,12,14,18,23,43,47,49,76,80,82,83,85" machi="49" ten="20,16000,3" yaku="1,1,0,1,7,1,25,2,8,1,53,2" doraHai="70" doraHaiUra="9" who="1" fromWho="1" sc="183,-41,164,173,292,-81,351,-41" /><INIT seed="3,0,0,0,3,116" ten="142,337,211,310" oya="3" hai0="1,89,46,115,8,59,92,15,99,51,45,102,100" hai1="106,82,127,81,103,53,120,44,128,78,18,110,64" hai2="62,31,29,7,98,93,107,125,17,22,114,47,132" hai3="130,57,55,83,85,14,25,5,61,109,13,10,96"/><W74/><G74/><T19/><D115/><U63/><E120/><V9/><F114/><W2/><G130/><T126/><D126/><U121/><E121/><V26/><F107/><W23/><G96/><T91/><D1/><U86/><E128/><V80/><F125/><W124/><G109/><T38/><D38/><U33/><E33/><V12/><F132/><W87/><G124/><T71/><D71/><U42/><E127/><V119/><F119/><W66/><G66/><T35/><D35/><U72/><E110/><V32/><F32/><W60/><G60/><T105/><D105/><U94/><E106/><V37/><F37/><W117/><G87/><T65/><D45/><U27/><E53/><V52/><F80/><W67/><G67/><T20/><D20/><U30/><E30/><V50/><REACH who="2" step="1"/><F62/><REACH who="2" ten="142,337,201,310" step="2"/><W21/><G117/><T90/><D102/><AGARI ba="0,1" hai="7,9,12,17,22,26,29,31,47,50,52,93,98,102" machi="102" ten="30,8000,1" yaku="1,1,2,1,7,1,8,1,54,1,53,0" doraHai="116" doraHaiUra="36" who="2" fromWho="0" sc="142,-80,337,0,201,90,310,0" owari="62,-43.8,337,43.7,291,-10.9,310,11.0" /></mjloggm>