<mjloggm ver="2.3"><GO type="225" lobby="0"/><UN n0="%E3%81%BE%E3%81%A8%E3%81%9F" n1="%E3%83%A9%E3%82%A4%E3%83%B3%E3%81%AE%E8%99%8E" n2="%E3%81%AB%E3%81%97%E3%81%A0%E3%81%8F%E3%82%93" n3="%4B%2E%32%2E%4B%2E" dan="16,16,16,17" rate="2122.13,2075.22,2073.18,2180.64" sx="M,M,M,M"/><TAIKYOKU oya="0"/><INIT seed="0,0,0,2,1,25" ten="250,250,250,250" oya="0" hai0="114,120,86,80,121,3,124,133,40,73,98,44,134" hai1="87,1,126,27,78,4,127,104,6,74,128,19,55" hai2="64,76,43,7,112,20,57,116,46,39,117,14,84" hai3="103,8,94,79,90,59,33,93,70,50,30,53,125"/><T34/><D3/><U108/><E104/><V111/><F112/><W61/><G125/><N who="1" m="47626" /><E74/><V109/><F76/><W38/><G38/><T99/><D124/><U54/><E108/><N who="2" m="41547" /><F84/><W68/><G79/><N who="0" m="44143" /><D44/><U60/><E128/><V89/><F89/><W131/><G131/><T17/><D17/><U113/><E113/><V58/><F64/><W100/><G8/><T129/><D34/><U21/><E1/><V49/><F39/><W12/><G12/><T16/><D16/><U18/><E18/><N who="2" m="10327" /><F7/><N who="1" m="2601" /><E60/><V13/><F13/><W0/><G0/><T81/><D40/><U132/><E132/><N who="0" m="50793" /><D114/><U65/><E65/><V10/><F10/><W107/><G70/><T88/><D129/><U47/><E47/><V9/><F9/><W122/><G68/><T110/><D110/><U45/><E45/><V22/><F22/><W106/><G33/><T23/><D23/><U31/><E19/><V32/><F32/><W83/><G122/><AGARI ba="0,0" hai="81,86,88,98,99,120,121,122" m="50793,44143" machi="122" ten="30,11600,0" yaku="20,1,34,2,54,1" doraHai="25" who="0" fromWho="3" sc="250,116,250,0,250,0,250,-116" /><INIT seed="0,1,0,2,4,59" ten="366,250,250,134" oya="0" hai0="128,79,122,8,64,48,99,15,19,41,98,43,52" hai1="135,78,90,57,34,2,123,91,108,6,50,120,132" hai2="129,81,22,103,56,65,124,36,86,21,121,47,95" hai3="27,10,31,112,26,82,61,24,88,16,58,44,77"/><T72/><D122/><U12/><E2/><V67/><F121/><W113/><G31/><T33/><D33/><U104/><E104/><V35/><F35/><W71/><G71/><T125/><D125/><U115/><E34/><V54/><F129/><W62/><G44/><T84/><D72/><U101/><E101/><V134/><F134/><W37/><G37/><T0/><D0/><U111/><E78/><V11/><F11/><W70/><G70/><T1/><D64/><U3/><E3/><V116/><F116/><W9/><G112/><T110/><D110/><U5/><E57/><V39/><F124/><W94/><G113/><T63/><D63/><N who="3" m="24073" /><G58/><N who="0" m="33031" /><D1/><U83/><E115/><V133/><F47/><W60/><N who="3" m="24081" /><W13/><DORA hai="105" /><G9/><T29/><D29/><U74/><E74/><V73/><F39/><W75/><G75/><T55/><D8/><U68/><E68/><V117/><F36/><W100/><G100/><T23/><D128/><U107/><E107/><V69/><F103/><W30/><G30/><T102/><D102/><U25/><E132/><V89/><F69/><W66/><G66/><T106/><D106/><U126/><E123/><V51/><F133/><W127/><G127/><T131/><D131/><U87/><E126/><V45/><F45/><W14/><G14/><T76/><D15/><U42/><E120/><V93/><F67/><W46/><G46/><T4/><D55/><U85/><E135/><V18/><F65/><W119/><G119/><T38/><D38/><U53/><E111/><V20/><F117/><W109/><G109/><T97/><D43/><RYUUKYOKU ba="1,0" sc="366,0,250,0,250,0,134,0" /><INIT seed="1,2,0,2,5,43" ten="366,250,250,134" oya="1" hai0="58,107,30,80,12,63,62,118,128,85,100,18,16" hai1="38,99,47,89,14,34,134,28,55,10,75,51,27" hai2="119,133,53,25,74,32,87,7,120,56,33,23,2" hai3="97,79,108,112,22,45,41,61,132,73,26,111,104"/><U91/><E75/><V6/><F120/><W92/><G112/><T123/><D118/><U65/><E134/><V93/><F74/><W29/><G132/><T70/><D30/><U131/><E131/><V94/><F133/><W103/><G61/><T68/><D62/><U110/><E110/><V69/><F69/><W1/><G1/><T8/><D128/><U101/><E65/><V96/><F119/><W64/><G64/><T83/><D83/><U102/><E38/><V37/><F37/><W129/><G129/><T24/><D100/><U40/><E40/><V0/><F0/><W71/><G71/><T67/><D107/><U115/><E102/><V72/><F72/><W48/><REACH who="3" step="1"/><G104/><REACH who="3" ten="366,250,250,124" step="2"/><T84/><D123/><U3/><E3/><V31/><F2/><W106/><G106/><T21/><D70/><U15/><E115/><V82/><F33/><W50/><G50/><T35/><D68/><U126/><E126/><V44/><F32/><W78/><G78/><T88/><D35/><U60/><E60/><V125/><F125/><W54/><G54/><T130/><D130/><U124/><E124/><V116/><F116/><W5/><G5/><T77/><D77/><U19/><E55/><V76/><F6/><W36/><G36/><T95/><D67/><U109/><E51/><V57/><F7/><W127/><G127/><T90/><D63/><U20/><E34/><V66/><F66/><W135/><G135/><T86/><D58/><U98/><E109/><V121/><F57/><W11/><G11/><T81/><D8/><U4/><E10/><V52/><F56/><RYUUKYOKU ba="2,1" sc="366,-10,250,-10,250,-10,124,30" hai3="22,26,29,41,45,48,73,79,92,97,103,108,111" /><INIT seed="2,3,1,3,0,65" ten="356,240,240,154" oya="2" hai0="60,66,31,100,133,83,75,77,67,18,126,87,98" hai1="46,5,92,30,8,2,71,84,21,99,15,17,103" hai2="129,10,104,55,89,20,28,13,121,35,43,48,106" hai3="90,76,127,32,68,23,101,94,61,7,81,80,27"/><V4/><F121/><W19/><G127/><T54/><D133/><U14/><E30/><V132/><F132/><W40/><G101/><T29/><D75/><U38/><E38/><V59/><F35/><W39/><G7/><T128/><D128/><U62/><E46/><V120/><F120/><W16/><G32/><T24/><D54/><U12/><REACH who="1" step="1"/><E84/><REACH who="1" ten="356,230,240,154" step="2"/><V115/><F115/><W63/><G39/><T42/><D31/><U125/><E125/><V86/><F129/><W116/><G116/><T1/><D29/><U82/><E82/><V122/><F122/><W52/><G81/><T78/><D87/><U131/><E131/><V124/><F124/><W9/><G40/><T34/><D83/><U3/><E3/><V107/><F43/><W58/><G76/><T130/><D77/><U123/><E123/><V105/><F28/><W110/><G80/><T49/><D78/><U64/><AGARI ba="3,2" hai="2,5,8,12,14,15,17,21,62,64,71,92,99,103" machi="64" ten="30,4000,0" yaku="1,1,0,1,52,1,53,0" doraHai="65" doraHaiUra="72" who="1" fromWho="1" sc="356,-13,230,69,240,-23,154,-13" /><INIT seed="3,0,0,3,2,84" ten="343,299,217,141" oya="3" hai0="73,70,135,59,62,61,32,14,83,52,91,89,11" hai1="60,36,40,94,39,1,104,67,126,99,72,120,27" hai2="23,131,78,109,26,105,20,116,10,130,111,46,54" hai3="33,24,96,77,50,30,103,31,63,45,71,66,79"/><W43/><REACH who="3" step="1"/><G31/><REACH who="3" ten="343,299,217,131" step="2"/><T13/><D32/><U53/><E120/><V51/><F116/><W112/><G112/><T98/><D70/><U47/><E36/><V29/><F105/><AGARI ba="0,1" hai="24,30,33,43,45,50,63,66,71,77,79,96,103,105" machi="105" ten="30,12000,1" yaku="21,2,7,1,25,2,53,0" doraHai="84" doraHaiUra="69" who="3" fromWho="2" sc="343,0,299,0,217,-120,131,130" /><INIT seed="3,1,0,5,4,67" ten="343,299,97,261" oya="3" hai0="135,31,54,88,20,105,28,62,120,117,39,58,19" hai1="34,100,2,119,12,128,126,27,71,129,104,74,44" hai2="32,51,6,49,5,1,24,90,107,93,121,68,11" hai3="25,75,89,40,41,47,98,65,125,57,9,113,42"/><W29/><G75/><T116/><D120/><U43/><E12/><V7/><F107/><W133/><G113/><T83/><D105/><U18/><E18/><V110/><F110/><W82/><G125/><T45/><D135/><U76/><E2/><V15/><F121/><W95/><G133/><T35/><D39/><N who="1" m="21631" /><E126/><V77/><F77/><W59/><G65/><T3/><D3/><U132/><E132/><V87/><F87/><W97/><G47/><T84/><D45/><U8/><E8/><V4/><F68/><W109/><G109/><T0/><D0/><U36/><E36/><V85/><N who="2" m="1024" /><DORA hai="127" /><V17/><REACH who="2" step="1"/><F1/><REACH who="2" ten="343,299,87,261" step="2"/><W118/><G118/><T30/><D35/><U14/><E71/><V122/><F122/><W38/><G38/><T46/><D116/><U13/><E119/><V86/><F86/><W66/><G98/><T23/><D84/><U92/><E104/><V56/><F56/><W102/><G57/><T91/><D58/><U22/><E76/><V72/><F72/><W101/><G59/><T131/><D117/><U112/><E74/><V53/><F53/><W79/><G66/><T64/><D54/><U94/><E112/><V106/><F106/><W73/><REACH who="3" step="1"/><G9/><REACH who="3" ten="343,299,87,251" step="2"/><T26/><D64/><U96/><E96/><V16/><F16/><W103/><G103/><T52/><D19/><U114/><E100/><V134/><F134/><W69/><G69/><T55/><D46/><U99/><E99/><V111/><F111/><W78/><G78/><T61/><D61/><U10/><E10/><V37/><F37/><W123/><G123/><T63/><D62/><RYUUKYOKU ba="1,2" sc="343,-15,299,-15,87,15,251,15" hai2="11,15,17,24,32,49,51,85,90,93" hai3="25,29,40,41,42,73,79,82,89,95,97,101,102" /><INIT seed="3,2,2,2,5,32" ten="328,284,102,266" oya="3" hai0="38,63,86,53,110,102,17,18,123,67,96,62,95" hai1="23,5,37,61,116,122,133,35,108,100,75,104,65" hai2="4,60,34,87,112,90,12,78,77,27,111,10,117" hai3="48,14,68,59,107,91,99,13,79,57,7,22,55"/><W43/><G68/><T129/><D123/><U127/><RYUUKYOKU type="yao9" ba="2,2" sc="328,0,284,0,102,0,266,0" hai1="5,23,35,37,61,65,75,100,104,108,116,122,127,133" /><INIT seed="3,3,2,0,1,0" ten="328,284,102,266" oya="3" hai0="91,33,74,96,76,10,128,120,54,105,5,52,132" hai1="112,72,14,125,68,58,123,49,69,2,103,6,118" hai2="23,127,65,117,111,81,61,50,16,12,60,30,8" hai3="4,90,11,55,51,108,78,89,92,9,62,36,126"/><W43/><G126/><T45/><D120/><U27/><E123/><V32/><F117/><W100/><G108/><T93/><D33/><U135/><E112/><V84/><F111/><W7/><G78/><T56/><D132/><U38/><E38/><V22/><F127/><W114/><G114/><T131/><D105/><U66/><E125/><V3/><F65/><W53/><G36/><T80/><D45/><U99/><E72/><V113/><F113/><W13/><G100/><T21/><D21/><U97/><E2/><V24/><F23/><W101/><G101/><T18/><D18/><U64/><E69/><V34/><F34/><W28/><G28/><T79/><D79/><U1/><E1/><V119/><F119/><W25/><G25/><T122/><D122/><U85/><E68/><V17/><F17/><W104/><G104/><T20/><D20/><U59/><E118/><V110/><F110/><W44/><G62/><T83/><D83/><U88/><E27/><V41/><F41/><W86/><G90/><T115/><D115/><U57/><E49/><V102/><F102/><W26/><G26/><T19/><D19/><U42/><E42/><V29/><F29/><W46/><G44/><T82/><D82/><N who="1" m="49207" /><E135/><V40/><F40/><W133/><G133/><T35/><D35/><U121/><E121/><V106/><F106/><W77/><G77/><T87/><D74/><U109/><E109/><V75/><F75/><W70/><G70/><T107/><D107/><N who="1" m="63983" /><E99/><V130/><F130/><N who="0" m="49706" /><D56/><U63/><E63/><V94/><F60/><W129/><G129/><T73/><D73/><RYUUKYOKU ba="3,2" sc="328,10,284,10,102,-30,266,10" hai0="5,10,52,54,76,80,87,91,93,96" hai1="6,14,57,58,59,64,66" hai3="4,7,9,11,13,43,46,51,53,55,86,89,92" /><INIT seed="3,4,2,2,0,35" ten="338,294,72,276" oya="3" hai0="54,69,99,30,18,46,49,130,48,127,88,120,84" hai1="34,4,109,25,42,7,40,15,119,91,53,8,61" hai2="134,131,117,122,10,98,112,113,97,58,47,0,16" hai3="110,31,12,104,57,11,28,66,37,63,6,86,20"/><W106/><G37/><T50/><D120/><U87/><E109/><V135/><F47/><W5/><G110/><T64/><D130/><U77/><E119/><V73/><F58/><W72/><G72/><T36/><D36/><U17/><E34/><V114/><F16/><W27/><G31/><T13/><D30/><U2/><E77/><V126/><F10/><W29/><G28/><T67/><D99/><U65/><E25/><V83/><F83/><W89/><REACH who="3" step="1"/><G5/><REACH who="3" ten="338,294,72,266" step="2"/><T118/><D118/><U93/><E7/><V1/><F114/><W39/><G39/><T24/><D127/><U43/><E53/><V102/><F73/><W41/><G41/><T92/><D69/><U23/><E42/><V51/><F126/><W95/><AGARI ba="4,3" hai="6,11,12,20,27,29,57,63,66,86,89,95,104,106" machi="95" ten="20,7800,0" yaku="1,1,0,1,7,1,53,1" doraHai="35" doraHaiUra="90" who="3" fromWho="3" sc="338,-30,294,-30,72,-30,266,120" owari="308,10.8,264,-13.6,42,-45.8,386,48.6" /></mjloggm>