<mjloggm ver="2.3"><GO type="225" lobby="0"/><UN n0="%E3%83%94%E3%83%B3%E3%82%B5%E3%83%AD%E5%BA%97%E5%93%A1" n1="%E6%A1%9C%E8%8A%B1%E9%96%83%E3%80%85" n2="%6C%61%6D%62" n3="%E6%81%A5%E6%99%92%E3%81%97" dan="17,16,16,16" rate="2237.92,2221.49,2162.82,2086.59" sx="M,M,M,M"/><TAIKYOKU oya="0"/><INIT seed="0,0,0,1,5,38" ten="250,250,250,250" oya="0" hai0="131,108,65,40,84,91,68,85,115,72,111,77,127" hai1="70,39,35,125,105,46,22,104,41,21,14,29,61" hai2="67,66,83,97,130,30,89,57,119,107,101,120,74" hai3="10,135,99,90,47,49,36,5,88,54,15,116,103"/><T64/><D115/><U73/><E22/><V62/><F120/><W31/><G135/><T48/><D72/><U58/><E125/><V134/><F134/><W18/><G116/><T25/><D127/><U100/><E73/><V123/><F123/><W6/><G31/><T32/><D131/><U106/><E14/><V121/><F121/><W94/><G36/><T0/><D0/><U118/><E21/><V33/><F130/><W60/><G60/><T20/><D32/><U27/><E58/><V37/><F37/><W26/><G26/><T128/><D77/><U81/><E81/><V51/><F119/><W93/><REACH who="3" step="1"/><G103/><REACH who="3" ten="250,250,250,240" step="2"/><T56/><D128/><U82/><E118/><V96/><F30/><W110/><G110/><N who="0" m="42027" /><D68/><U23/><E100/><V9/><F101/><W59/><G59/><T16/><D56/><U7/><E35/><V133/><F57/><W12/><G12/><T80/><D85/><AGARI ba="0,1" hai="5,6,10,15,18,47,49,54,85,88,90,93,94,99" machi="85" ten="30,8000,1" yaku="1,1,7,1,8,1,54,1,53,1" doraHai="38" doraHaiUra="42" who="3" fromWho="0" sc="250,-80,250,0,250,0,240,90" /><INIT seed="1,0,0,3,3,118" ten="170,250,250,330" oya="1" hai0="21,26,19,98,31,0,23,109,61,124,115,79,87" hai1="76,69,122,43,71,91,16,89,64,129,13,9,45" hai2="135,99,88,14,8,75,40,2,3,60,113,106,53" hai3="56,15,105,93,133,37,20,34,84,101,25,123,132"/><U36/><E129/><V6/><F135/><N who="3" m="51787" /><G37/><T5/><D115/><U11/><E122/><V28/><F113/><W39/><G39/><T1/><D109/><U80/><E64/><V77/><F40/><W107/><G123/><T102/><D124/><U134/><E134/><V62/><F28/><N who="3" m="19727" /><G56/><T46/><D46/><U94/><E9/><V130/><F130/><W86/><G86/><T125/><D125/><U97/><REACH who="1" step="1"/><E91/><REACH who="1" ten="170,240,250,330" step="2"/><V68/><F8/><W70/><G70/><T116/><D116/><U73/><AGARI ba="0,1" hai="11,13,16,36,43,45,69,71,73,76,80,89,94,97" machi="73" ten="20,12000,1" yaku="1,1,2,1,0,1,7,1,54,1,53,0" doraHai="118" doraHaiUra="127" who="1" fromWho="1" sc="170,-40,240,130,250,-40,330,-40" /><INIT seed="1,1,0,2,2,129" ten="130,370,210,290" oya="1" hai0="29,63,120,84,49,31,121,30,36,71,131,111,94" hai1="12,110,69,51,39,98,35,24,13,44,82,21,74" hai2="113,9,86,55,26,59,88,128,22,93,102,3,19" hai3="106,42,90,50,46,70,25,133,126,56,79,104,6"/><U76/><E39/><V10/><F128/><W58/><G70/><T89/><D131/><U100/><E35/><V68/><F68/><W92/><G126/><T64/><D111/><U28/><E69/><V18/><F113/><W117/><G117/><T132/><D36/><U127/><E127/><V4/><F102/><W78/><G104/><T75/><D75/><U8/><E8/><V16/><REACH who="2" step="1"/><F10/><REACH who="2" ten="130,370,200,290" step="2"/><W11/><G11/><T112/><D112/><U34/><E110/><V87/><F87/><W20/><G106/><T54/><REACH who="0" step="1"/><D132/><REACH who="0" ten="120,370,200,290" step="2"/><U5/><E74/><V1/><F1/><W72/><G133/><T80/><D80/><U103/><E82/><V105/><F105/><W96/><G72/><T66/><D66/><U48/><E100/><V52/><F52/><W122/><G122/><T85/><D85/><U108/><E103/><V27/><F27/><W118/><G25/><T107/><D107/><U134/><E134/><V115/><F115/><W33/><G118/><T99/><D99/><U7/><E98/><V109/><F109/><W101/><G96/><T73/><D73/><U0/><E108/><V61/><AGARI ba="1,2" hai="3,4,9,16,18,19,22,26,55,59,61,86,88,93" machi="61" ten="20,8000,1" yaku="1,1,0,1,7,1,54,2,53,0" doraHai="129" doraHaiUra="116" who="2" fromWho="2" sc="120,-21,370,-41,200,103,290,-21" /><INIT seed="2,0,0,3,1,61" ten="99,329,303,269" oya="2" hai0="31,131,95,37,79,23,56,39,110,90,129,62,40" hai1="20,86,22,92,46,11,121,130,43,53,125,1,26" hai2="70,105,36,66,116,30,126,123,34,0,50,128,96" hai3="17,21,120,10,114,15,42,99,127,5,48,98,119"/><V60/><RYUUKYOKU type="yao9" ba="0,0" sc="99,0,329,0,303,0,269,0" hai2="0,30,34,36,50,60,66,70,96,105,116,123,126,128" /><INIT seed="2,1,0,3,1,34" ten="99,329,303,269" oya="2" hai0="103,6,133,118,31,88,5,2,134,126,127,4,50" hai1="1,65,114,115,55,71,53,70,32,108,96,15,100" hai2="89,24,72,27,66,43,49,94,18,117,60,33,80" hai3="111,107,102,41,54,36,56,52,51,42,124,13,57"/><V16/><F117/><W75/><G75/><T99/><D118/><U85/><E1/><V116/><F116/><W20/><G111/><T91/><D31/><U64/><E32/><V122/><F122/><W93/><G107/><T26/><D26/><U37/><E85/><V82/><F72/><W11/><G124/><N who="0" m="47659" /><D50/><U131/><E15/><V68/><F80/><W69/><G20/><T21/><D21/><U48/><E37/><V17/><F82/><W9/><G69/><N who="1" m="26122" /><E96/><V121/><F121/><W23/><G23/><T63/><D63/><U87/><E87/><V86/><F86/><W120/><G120/><T112/><D112/><U0/><E100/><V74/><F74/><W40/><G36/><T62/><D62/><U119/><E0/><V79/><F79/><W61/><G13/><T10/><D5/><U7/><E7/><V30/><F27/><W59/><G59/><T22/><D22/><U132/><E119/><V104/><F104/><W28/><G28/><T35/><D6/><U109/><E131/><V130/><F130/><W110/><G110/><N who="1" m="42602" /><E132/><N who="0" m="50793" /><D35/><U12/><E12/><V8/><F8/><W44/><G44/><T98/><D98/><AGARI ba="1,0" hai="9,11,40,41,42,51,52,54,56,57,61,93,98,102" machi="98" ten="40,2600,0" yaku="8,1,54,1" doraHai="34" who="3" fromWho="0" sc="99,-29,329,0,303,0,269,29" /><INIT seed="3,0,0,4,3,41" ten="70,329,303,298" oya="3" hai0="121,87,33,108,6,127,5,113,27,45,39,130,13" hai1="47,100,68,85,42,110,77,115,76,51,134,70,63" hai2="81,11,0,62,36,93,50,23,57,7,131,4,79" hai3="8,101,67,12,125,46,15,133,3,99,78,61,103"/><W91/><G3/><T59/><D87/><U49/><E115/><V105/><F105/><W126/><G133/><T124/><D59/><U122/><E122/><V75/><F131/><W40/><G78/><T92/><D92/><U86/><E134/><V55/><F36/><W80/><G125/><T118/><D45/><N who="1" m="25783" /><E70/><V71/><F7/><N who="3" m="3103" /><G126/><T20/><D39/><U135/><E68/><V58/><F23/><W56/><G15/><T114/><D121/><U29/><E29/><V83/><F83/><W54/><G40/><T9/><D108/><U26/><E26/><V107/><F107/><W129/><G129/><T16/><D130/><U74/><E74/><V19/><F19/><W21/><G21/><T66/><D66/><U82/><E135/><V69/><REACH who="2" step="1"/><F93/><REACH who="2" ten="70,329,293,298" step="2"/><N who="3" m="56767" /><G80/><T48/><D48/><AGARI ba="0,1" hai="46,48,54,56,61,67,101,103" m="56767,3103" machi="48" ten="30,2900,0" yaku="8,1,52,1" doraHai="41" who="3" fromWho="0" sc="70,-29,329,0,293,0,298,39" owari="41,-45.9,329,12.9,293,-10.7,337,43.7" /></mjloggm>