<mjloggm ver="2.3"><GO type="225" lobby="0"/><UN n0="%E9%80%9F%E6%B0%B4%E5%87%9B%E9%A6%99" n1="%72%69%6F%75%63%68%61%6E" n2="%E5%B8%86%E7%AB%8B%E5%A4%8F%E8%A1%A3" n3="%E3%81%AF%E3%82%88%E3%81%8A%E3%81%98%E3%81%95%E3%82%93" dan="16,17,17,16" rate="2175.89,2260.09,2148.21,2157.54" sx="F,M,M,M"/><TAIKYOKU oya="0"/><INIT seed="0,0,0,2,5,74" ten="250,250,250,250" oya="0" hai0="129,135,35,101,49,10,112,105,41,73,53,130,80" hai1="82,131,114,19,6,43,96,59,55,21,106,44,92" hai2="42,66,133,122,125,22,90,12,83,113,71,99,72" hai3="115,134,64,28,97,56,5,126,34,110,102,120,68"/><T67/><D112/><U11/><E131/><V123/><F42/><W128/><G115/><T78/><D35/><U40/><E114/><V17/><F113/><W48/><G128/><T4/><D67/><U0/><E106/><V87/><F125/><W18/><G126/><T124/><D124/><U60/><E82/><V1/><F1/><W77/><G110/><T25/><D25/><U33/><E33/><V58/><F133/><W84/><G134/><T15/><D135/><U3/><E3/><V104/><F71/><W37/><G37/><T30/><D30/><U62/><E62/><V94/><F66/><W39/><G39/><T93/><D105/><U50/><E40/><V119/><F58/><W20/><G5/><T26/><D26/><U36/><E36/><V86/><F119/><W91/><G28/><T108/><D41/><U95/><REACH who="1" step="1"/><E96/><REACH who="1" ten="250,240,250,250" step="2"/><V46/><F104/><N who="3" m="63567" /><G34/><T7/><D130/><U63/><E63/><V75/><F123/><W31/><G120/><T76/><D129/><U79/><E79/><V89/><F122/><W70/><G77/><T107/><D76/><U38/><E38/><V27/><F75/><W9/><G70/><T118/><D118/><U127/><E127/><V51/><F72/><W23/><G68/><T13/><D107/><U69/><E69/><V14/><F99/><W103/><G48/><T61/><D49/><U109/><E109/><V111/><F111/><W85/><G85/><T116/><D108/><U2/><E2/><V32/><F32/><W29/><G84/><T16/><D116/><U88/><E88/><V132/><F132/><RYUUKYOKU ba="0,1" sc="250,-15,240,15,250,15,250,-15" hai1="0,6,11,19,21,43,44,50,55,59,60,92,95" hai2="12,14,17,22,27,46,51,83,86,87,89,90,94" /><INIT seed="1,1,1,1,2,98" ten="235,255,265,235" oya="1" hai0="88,79,76,38,33,37,130,94,127,20,111,10,97" hai1="21,89,15,67,122,28,42,16,27,19,7,24,17" hai2="105,73,44,43,23,87,113,103,31,46,90,45,62" hai3="129,35,72,80,121,115,118,53,14,64,114,123,128"/><U9/><E122/><N who="3" m="46602" /><G35/><T54/><D33/><N who="1" m="20615" /><E67/><V120/><F120/><W117/><G14/><T2/><D111/><U61/><E61/><V91/><F113/><N who="3" m="43019" /><G53/><T84/><D130/><N who="3" m="50281" /><G64/><T56/><D127/><U104/><E104/><V48/><F105/><W13/><G13/><T112/><D112/><U51/><E89/><V82/><F91/><W133/><G133/><T30/><D37/><U71/><E51/><V41/><F62/><W108/><G108/><T59/><D38/><U119/><E42/><V132/><F132/><W96/><G96/><T125/><D125/><U66/><E66/><V126/><F126/><W65/><G65/><T36/><D36/><U95/><E95/><V50/><F45/><W81/><G72/><T135/><D135/><U22/><E71/><V70/><F73/><W4/><G4/><T12/><D56/><U86/><E86/><V32/><F70/><W39/><G39/><T11/><D84/><U77/><E119/><AGARI ba="1,1" hai="80,81,117,118,119" m="50281,43019,46602" machi="119" ten="40,12000,2" yaku="28,2,12,1,19,1,34,2" doraHai="98" who="3" fromWho="1" sc="235,0,255,-123,265,0,235,133" /><INIT seed="2,0,0,3,0,100" ten="235,132,265,368" oya="2" hai0="36,105,42,82,83,50,59,128,135,17,26,115,126" hai1="64,30,53,75,33,113,78,107,68,13,88,108,52" hai2="47,76,16,46,45,18,62,38,116,111,106,125,11" hai3="63,123,56,118,39,69,132,71,57,74,87,66,122"/><V131/><F116/><W85/><G74/><T104/><D115/><U124/><E113/><V79/><F38/><W114/><G114/><T6/><D36/><U73/><E108/><V35/><F35/><W58/><G39/><T48/><D6/><U28/><E124/><V117/><F117/><W3/><G118/><T1/><D1/><U4/><E78/><V77/><F125/><W91/><G3/><T51/><D126/><U92/><E107/><V43/><F106/><W95/><G132/><T89/><D135/><U37/><E37/><V8/><F131/><W133/><G133/><T15/><D26/><U98/><E75/><V41/><F62/><W21/><G71/><T54/><D128/><U96/><E73/><V31/><F31/><W72/><G72/><T23/><D42/><N who="2" m="15882" /><F111/><W80/><REACH who="3" step="1"/><G21/><REACH who="3" ten="235,132,265,358" step="2"/><T120/><D120/><U86/><E33/><V5/><F5/><W25/><G25/><T60/><REACH who="0" step="1"/><D82/><REACH who="0" ten="225,132,265,358" step="2"/><U97/><E28/><V112/><F112/><W24/><G24/><T61/><D61/><U101/><E30/><V110/><F110/><W65/><G65/><T49/><D49/><U81/><E64/><V44/><N who="2" m="11264" /><DORA hai="32" /><V99/><F99/><N who="1" m="37961" /><E68/><V119/><F119/><W0/><G0/><T70/><D70/><U121/><E121/><V19/><AGARI ba="0,2" hai="8,11,16,18,19,76,77,79" m="11264,15882" machi="19" ten="50,18000,2" yaku="29,2,28,2,8,1,54,1" doraHai="100,32" who="2" fromWho="2" sc="225,-60,132,-60,265,200,358,-60" /><INIT seed="2,1,0,4,1,49" ten="165,72,465,298" oya="2" hai0="123,111,66,22,105,84,61,109,40,34,129,7,28" hai1="37,45,98,32,21,5,108,27,121,64,113,0,82" hai2="132,74,23,96,51,127,42,57,71,86,118,75,133" hai3="73,80,16,103,53,39,41,126,104,76,60,62,100"/><V91/><F118/><W59/><G126/><T134/><D105/><U12/><E113/><V17/><F71/><W125/><G125/><T2/><D34/><U31/><E121/><V9/><F9/><W128/><G128/><T15/><D123/><U87/><E108/><V46/><F96/><W99/><G103/><T13/><D40/><U30/><E64/><V14/><F127/><W116/><G116/><T47/><D47/><U58/><E98/><V1/><F1/><W25/><G41/><T120/><D120/><U69/><E69/><V56/><F75/><W106/><G39/><T79/><D129/><U135/><E135/><N who="2" m="51787" /><F74/><W67/><G104/><T90/><D2/><U92/><E92/><AGARI ba="1,0" hai="14,17,23,42,46,51,56,57,86,91,92" m="51787" machi="92" ten="30,1500,0" yaku="20,1" doraHai="49" who="2" fromWho="1" sc="165,0,72,-18,465,18,298,0" /><INIT seed="2,2,0,5,0,9" ten="165,54,483,298" oya="2" hai0="86,16,62,101,87,51,43,82,96,22,89,130,98" hai1="15,92,1,17,90,117,66,57,105,81,13,40,107" hai2="58,108,119,123,4,110,2,53,7,133,134,91,100" hai3="24,106,70,25,115,121,118,109,45,61,18,10,102"/><V0/><F119/><W74/><G74/><T39/><D39/><U84/><E117/><V20/><F100/><W116/><G121/><T72/><D72/><U103/><E1/><N who="2" m="619" /><F91/><W30/><G109/><N who="2" m="42089" /><F123/><W56/><G70/><T31/><D130/><U124/><E124/><V120/><F120/><W132/><G102/><T33/><D101/><U126/><E126/><V28/><F28/><W76/><G106/><T47/><D31/><U14/><E40/><V99/><F99/><W80/><G30/><T36/><D33/><U65/><E107/><V75/><F20/><W34/><G34/><T79/><D62/><N who="1" m="38095" /><E105/><V52/><F75/><W55/><G118/><T122/><D36/><U83/><E66/><V112/><F112/><W29/><G115/><T69/><D69/><U38/><E38/><V113/><F113/><W11/><G116/><T77/><D122/><U127/><E127/><V27/><F27/><W35/><G25/><N who="0" m="14535" /><D77/><U128/><E128/><V95/><F95/><AGARI ba="2,0" hai="43,47,51,79,82,86,87,89,95,96,98" m="14535" machi="95" ten="30,2000,0" yaku="8,1,54,1" doraHai="9" who="0" fromWho="2" sc="165,26,54,0,483,-26,298,0" /><INIT seed="3,0,0,4,1,75" ten="191,54,457,298" oya="3" hai0="111,48,99,65,12,44,106,77,34,35,108,59,83" hai1="87,45,74,122,96,17,36,125,130,49,126,120,42" hai2="62,33,63,25,30,98,91,90,110,118,37,132,27" hai3="113,28,15,127,26,47,5,16,41,103,69,88,64"/><W89/><G113/><T18/><D59/><U58/><E74/><V23/><F110/><N who="0" m="42026" /><D65/><U121/><E96/><V72/><F132/><W92/><G127/><T71/><D71/><U29/><E29/><V51/><F118/><W73/><G73/><N who="0" m="43439" /><D106/><U95/><E17/><V31/><F72/><W13/><G69/><T14/><D99/><U0/><E0/><V40/><F37/><W114/><G114/><T43/><D12/><U61/><E95/><V20/><F33/><W68/><G68/><T117/><D117/><U52/><E87/><V81/><F81/><W56/><G103/><T54/><D54/><U78/><E78/><V107/><F107/><W115/><G115/><T124/><D124/><N who="1" m="47723" /><E130/><V82/><F82/><W85/><G89/><N who="2" m="33801" /><F98/><W46/><G5/><T38/><D38/><AGARI ba="0,0" hai="36,38,42,45,49,52,58,61,120,121,122" m="47723" machi="38" ten="40,8000,1" yaku="18,1,34,2,54,1" doraHai="75" who="1" fromWho="0" sc="191,-80,54,80,457,0,298,0" owari="111,-38.9,134,-26.6,457,55.7,298,9.8" /></mjloggm>