<mjloggm ver="2.3"><GO type="225" lobby="0"/><UN n0="%E3%83%97%E3%83%AC%E3%83%B4%E3%82%A1%E3%83%86%E3%82%A3" n1="%6E%69%63%6F%6E%74%6F" n2="%E3%82%BC%E3%83%AB%E3%83%80%E3%81%AE%E4%BC%9D%E8%AA%AC" n3="%E6%9A%87%E4%BA%BA%EF%BC%A0%E9%85%8D%E4%BF%A1%E5%9E%A2" dan="16,17,17,17" rate="2124.42,2137.49,2247.70,2190.70" sx="F,M,M,M"/><TAIKYOKU oya="0"/><INIT seed="0,0,0,1,0,46" ten="250,250,250,250" oya="0" hai0="89,118,131,108,109,117,59,72,95,53,43,94,115" hai1="121,38,25,120,62,3,82,69,123,134,41,93,122" hai2="45,75,17,57,105,68,106,126,4,27,113,91,32" hai3="128,132,24,50,55,80,19,99,127,42,78,44,16"/><T112/><D72/><U125/><N who="1" m="30720" /><DORA hai="60" /><U67/><E3/><V74/><F68/><W12/><G128/><T2/><D2/><U77/><E125/><V101/><F113/><N who="0" m="43594" /><D43/><U92/><E134/><V84/><F126/><W70/><G127/><T6/><D6/><U14/><E14/><V48/><F4/><W129/><G129/><T0/><D0/><U54/><E54/><V29/><F57/><W97/><G70/><T104/><D131/><U98/><E25/><V107/><F101/><W52/><G132/><T18/><D18/><U100/><E38/><V7/><F17/><W40/><G24/><T26/><D26/><U66/><E66/><V34/><F34/><W63/><G19/><T61/><D104/><U87/><REACH who="1" step="1"/><E41/><REACH who="1" ten="250,240,250,250" step="2"/><V31/><F31/><W88/><G40/><T37/><D37/><U28/><E28/><V135/><F135/><W119/><G42/><T22/><D53/><U114/><E114/><V133/><F133/><W33/><G55/><T5/><D61/><U79/><E79/><V111/><F27/><W58/><G78/><T20/><D20/><U30/><E30/><V102/><F29/><W49/><G33/><T9/><D59/><U36/><E36/><V21/><F21/><W51/><G44/><T56/><D56/><U76/><E76/><V47/><F47/><W83/><G16/><T13/><D22/><U39/><E39/><V103/><F32/><W116/><G12/><T81/><D13/><U96/><E96/><N who="3" m="36938" /><G88/><T8/><D5/><U35/><E35/><V110/><F7/><W90/><G90/><T15/><D89/><RYUUKYOKU ba="0,1" sc="250,-15,240,15,250,-15,250,15" hai1="62,67,69,77,82,87,92,93,98,100" hai3="49,50,51,52,58,63,80,83,116,119" /><INIT seed="1,1,1,3,1,89" ten="235,255,235,265" oya="1" hai0="135,73,25,130,133,109,118,106,80,65,91,77,132" hai1="64,31,127,37,105,2,81,19,41,123,8,103,44" hai2="56,29,71,1,6,20,39,97,33,27,23,30,52" hai3="48,50,104,82,49,122,10,13,55,22,36,86,53"/><U5/><E127/><V60/><F39/><W119/><G122/><T47/><D118/><U101/><E123/><V42/><F42/><W7/><G119/><T112/><D65/><U21/><E64/><V94/><F71/><W117/><G117/><T126/><D47/><U115/><E115/><V40/><F40/><W67/><G36/><T114/><D25/><U54/><E31/><V51/><F29/><W4/><G104/><T26/><D26/><U131/><E131/><V70/><F70/><W15/><G67/><T3/><D3/><U45/><E105/><V74/><F74/><W88/><REACH who="3" step="1"/><G22/><REACH who="3" ten="235,255,235,255" step="2"/><T58/><D126/><U111/><E111/><V90/><REACH who="2" step="1"/><F60/><REACH who="2" ten="235,255,225,255" step="2"/><W24/><G24/><T18/><D109/><U87/><E37/><V34/><F34/><W9/><AGARI ba="1,3" hai="4,7,9,10,13,15,48,49,50,53,55,82,86,88" machi="9" ten="30,8000,1" yaku="1,1,0,1,9,1,8,1,54,1,53,0" doraHai="89" doraHaiUra="93" who="3" fromWho="3" sc="235,-21,255,-41,225,-21,255,113" /><INIT seed="2,0,0,1,1,56" ten="214,214,204,368" oya="2" hai0="124,21,81,60,52,77,121,17,4,49,28,34,91" hai1="69,19,14,111,8,12,20,103,71,89,73,65,57" hai2="64,75,10,39,72,101,62,58,106,30,25,118,23" hai3="26,105,104,107,18,114,42,97,16,116,131,76,36"/><V51/><F39/><W24/><G116/><T92/><D121/><U11/><E73/><V113/><F113/><W79/><G114/><T126/><D4/><U122/><E122/><V80/><F118/><W125/><G125/><T123/><D123/><U35/><E111/><V44/><F80/><W88/><G131/><T102/><D102/><U83/><E35/><V109/><F109/><W41/><G36/><T68/><D34/><U135/><E135/><V112/><F112/><W95/><G26/><N who="0" m="14639" /><D28/><U7/><E103/><V130/><F130/><W117/><G117/><T59/><D68/><U119/><E119/><V45/><F10/><W3/><G3/><T5/><D5/><U74/><E20/><V115/><F115/><W47/><G24/><T33/><D33/><U27/><E27/><V31/><F31/><W86/><G76/><T132/><D132/><U43/><E43/><V127/><F127/><N who="0" m="48682" /><D49/><U37/><E37/><V46/><REACH who="2" step="1"/><F51/><REACH who="2" ten="214,214,194,368" step="2"/><W100/><G79/><T98/><D77/><U90/><E11/><V6/><F6/><W108/><G108/><T129/><D129/><U40/><E8/><V63/><F63/><W78/><G78/><T9/><D9/><U85/><E7/><V29/><F29/><W134/><G134/><T0/><D0/><U128/><E128/><V110/><F110/><W15/><G18/><T66/><D81/><U87/><E19/><V70/><F70/><W2/><G16/><T96/><D96/><AGARI ba="0,1" hai="23,25,30,44,45,46,58,62,64,72,75,96,101,106" machi="96" ten="40,3900,0" yaku="1,1,52,1,53,0" doraHai="56" doraHaiUra="120" who="2" fromWho="0" sc="214,-39,214,0,194,49,368,0" /><INIT seed="2,1,0,3,3,4" ten="175,214,243,368" oya="2" hai0="72,87,131,30,64,80,108,83,32,124,76,58,133" hai1="10,105,78,116,49,34,91,13,47,98,19,75,130" hai2="125,23,73,70,120,28,135,69,94,6,26,132,36" hai3="27,38,67,106,61,121,82,111,110,134,2,57,89"/><V109/><F120/><W66/><G121/><T39/><D39/><U79/><E130/><V97/><F125/><W103/><G2/><T88/><D124/><U95/><E116/><V93/><F36/><W102/><G38/><T114/><D131/><U107/><E34/><V51/><F73/><W65/><G134/><N who="2" m="51241" /><F109/><N who="3" m="41483" /><G27/><T112/><D133/><U40/><REACH who="1" step="1"/><E75/><REACH who="1" ten="175,204,243,368" step="2"/><V122/><F122/><W55/><G106/><AGARI ba="1,1" hai="10,13,19,40,47,49,78,79,91,95,98,105,106,107" machi="106" ten="40,5200,0" yaku="1,1,2,1,52,1,53,0" doraHai="4" doraHaiUra="128" who="1" fromWho="3" sc="175,0,204,65,243,0,368,-55" /><INIT seed="3,0,0,2,4,30" ten="175,269,243,313" oya="3" hai0="127,95,59,113,80,101,8,99,20,1,25,77,16" hai1="29,107,79,6,12,18,69,32,84,97,33,5,114" hai2="121,105,14,35,135,48,123,65,131,110,34,83,93" hai3="115,49,26,51,76,104,87,88,10,82,24,61,81"/><W130/><G115/><T90/><D113/><U54/><E69/><V109/><F105/><W56/><G104/><T17/><D127/><U133/><E114/><V55/><F135/><W28/><G130/><T78/><D1/><U62/><E133/><V21/><F131/><W85/><G10/><T0/><D0/><U74/><E74/><V102/><F65/><W72/><G72/><T125/><D125/><U58/><E107/><V66/><F66/><W134/><G134/><T94/><D80/><U15/><E97/><N who="2" m="59695" /><F83/><W4/><G4/><T129/><D129/><U64/><E84/><V43/><F43/><W23/><G24/><T45/><D45/><U117/><E79/><V103/><F103/><W89/><G76/><T3/><D3/><U118/><E29/><V13/><F13/><N who="1" m="5193" /><E18/><N who="2" m="10455" /><F48/><W31/><G31/><T96/><D17/><U67/><E67/><AGARI ba="0,0" hai="23,26,28,49,51,56,61,67,81,82,85,87,88,89" machi="67" ten="30,11600,0" yaku="7,1,9,1,8,1,54,1" doraHai="30" who="3" fromWho="1" sc="175,0,269,-116,243,0,313,116" owari="175,-22.5,153,-34.7,243,4.3,429,52.9" /></mjloggm>