<mjloggm ver="2.3"><GO type="225" lobby="0"/><UN n0="%E4%B8%96%E7%95%8C%E3%81%AE%E4%BA%80%E4%BA%95" n1="%E5%84%AA%40%41%42%43" n2="%E3%81%BE%E3%81%A8%E3%81%9F" n3="%E3%80%93%E3%81%97%E3%83%BC%E3%82%89%E3%80%93" dan="17,17,17,16" rate="2179.57,2161.20,2227.68,2178.13" sx="M,M,M,M"/><TAIKYOKU oya="0"/><INIT seed="0,0,0,5,5,63" ten="250,250,250,250" oya="0" hai0="131,30,59,110,3,118,52,129,88,13,127,94,132" hai1="98,35,56,123,111,33,135,72,103,100,51,67,125" hai2="134,44,69,109,70,68,107,96,29,85,99,74,120" hai3="40,112,23,92,101,19,105,50,27,54,31,130,9"/><T79/><D118/><U114/><E123/><V49/><F120/><W86/><G105/><T82/><D3/><U117/><E117/><V14/><F74/><W38/><G130/><N who="0" m="49675" /><D30/><U87/><E72/><V133/><F109/><W97/><G112/><T55/><D110/><U32/><E111/><V90/><F29/><W41/><G38/><T1/><D1/><U17/><E125/><V58/><F58/><W113/><G113/><T39/><D39/><U43/><E114/><V18/><F107/><W36/><G36/><T11/><D127/><U126/><E126/><V66/><F96/><W84/><G9/><T0/><D0/><U61/><E135/><V78/><F99/><W25/><G41/><T57/><D132/><U7/><E7/><V60/><F78/><W73/><G40/><T122/><D122/><U2/><E2/><V48/><F133/><W124/><G73/><N who="0" m="43375" /><D57/><U83/><E17/><V34/><F34/><W10/><G124/><T47/><D47/><U24/><E24/><V104/><F104/><W62/><G10/><T81/><D81/><U119/><E119/><V89/><F44/><W28/><G28/><T42/><D42/><U80/><E83/><N who="2" m="49343" /><F134/><W76/><G76/><T108/><D59/><U4/><E32/><V65/><F60/><W64/><G31/><T22/><D108/><U115/><E115/><V12/><F90/><W121/><G121/><T53/><D22/><U5/><E33/><V77/><F77/><W21/><G21/><T26/><D26/><U8/><E35/><V93/><F14/><W20/><G27/><T95/><D88/><RYUUKYOKU ba="0,0" sc="250,30,250,-10,250,-10,250,-10" hai0="11,13,52,53,55,94,95" /><INIT seed="0,1,0,2,1,66" ten="280,240,240,240" oya="0" hai0="75,100,3,107,19,72,118,113,1,63,121,87,27" hai1="102,74,46,55,127,6,95,21,24,37,13,10,119" hai2="115,80,51,38,134,116,57,30,32,85,105,39,90" hai3="125,50,29,117,48,59,123,128,98,83,54,64,53"/><T120/><D113/><U103/><E119/><V88/><F115/><W40/><G117/><T92/><D118/><U12/><E74/><V33/><F116/><W68/><G29/><T5/><D63/><U56/><E127/><V108/><F105/><W44/><G98/><T79/><D19/><U133/><E133/><V109/><F134/><W49/><G83/><N who="0" m="47615" /><D27/><U94/><E13/><V93/><F39/><N who="3" m="21535" /><G125/><T7/><D7/><U130/><E46/><V28/><F38/><W0/><G0/><T106/><D5/><U71/><E71/><V26/><F30/><W78/><G78/><T15/><D15/><U101/><E37/><V52/><REACH who="2" step="1"/><F33/><REACH who="2" ten="280,240,230,240" step="2"/><W62/><G123/><T22/><D106/><U96/><E130/><V16/><F16/><W76/><G128/><T45/><D107/><U124/><E124/><V43/><F43/><W126/><G126/><T20/><D120/><U135/><E135/><V111/><F111/><W73/><G54/><T65/><D121/><U110/><E110/><V23/><F23/><W112/><G112/><T122/><D20/><U91/><E91/><V41/><BYE who="1" /><F41/><W35/><G35/><T69/><D22/><U60/><E60/><V61/><F61/><N who="3" m="39951" /><G76/><T97/><D122/><UN n1="%E5%84%AA%40%41%42%43" /><U42/><E42/><V14/><F14/><W82/><G73/><T132/><D132/><U99/><E21/><V104/><F104/><W25/><G25/><T31/><D72/><U129/><E129/><V77/><F77/><W4/><G4/><T8/><D75/><U89/><E24/><V114/><F114/><W58/><G58/><T2/><D2/><RYUUKYOKU ba="1,1" sc="280,-30,240,10,230,10,240,10" hai1="6,10,12,55,56,89,94,95,96,99,101,102,103" hai2="26,28,32,51,52,57,80,85,88,90,93,108,109" hai3="48,49,50,53,59,62,82" /><INIT seed="1,2,1,5,1,129" ten="250,250,240,250" oya="1" hai0="16,19,60,3,130,68,66,45,22,86,43,83,46" hai1="26,25,99,50,40,89,110,78,64,87,95,133,115" hai2="35,135,20,42,10,97,96,61,128,70,82,27,74" hai3="118,34,93,47,63,31,44,77,2,4,41,105,119"/><U92/><E115/><V117/><F117/><N who="3" m="44555" /><G105/><T109/><D130/><U111/><E64/><V11/><F35/><W17/><G77/><T75/><D109/><N who="1" m="41483" /><E133/><V15/><F128/><W48/><G17/><T54/><D3/><U9/><E9/><V91/><F11/><N who="3" m="2455" /><G63/><T29/><D75/><U23/><E78/><V6/><F42/><W103/><G47/><T122/><D122/><U106/><E106/><V123/><F74/><W81/><G81/><T8/><D8/><U30/><E26/><V18/><F135/><W104/><G104/><T28/><D46/><N who="1" m="25927" /><E92/><V108/><F123/><W127/><G127/><T85/><D83/><U94/><E95/><V62/><F108/><W14/><G14/><T12/><D54/><U90/><E87/><N who="2" m="50679" /><F70/><W131/><G131/><T121/><D121/><U124/><E124/><V21/><F21/><W36/><G36/><T53/><D85/><U39/><E39/><V71/><F71/><W120/><G120/><T134/><D86/><U0/><E0/><V84/><F84/><W116/><G116/><T72/><D134/><U113/><E113/><V114/><F114/><W101/><G93/><T58/><D72/><U112/><E112/><V125/><F125/><W132/><G132/><T107/><D107/><U49/><E49/><V38/><F38/><W67/><G67/><T88/><D66/><U76/><E76/><V59/><F62/><W57/><G57/><T102/><D68/><U33/><E33/><V13/><F13/><W7/><G7/><T100/><D12/><U69/><E69/><V80/><F80/><W1/><G1/><RYUUKYOKU ba="2,1" sc="250,-30,250,10,240,10,250,10" hai1="23,25,30,89,90,94,99" hai2="6,10,15,18,20,27,59,61,96,97" hai3="31,34,41,44,48,101,103" /><INIT seed="1,3,1,3,2,90" ten="220,260,250,260" oya="1" hai0="78,81,128,25,95,111,105,72,66,133,36,126,108" hai1="2,51,73,109,15,104,135,1,122,12,31,107,124" hai2="30,131,24,121,125,5,42,10,82,86,91,32,92" hai3="62,68,63,98,71,39,64,84,28,27,61,69,49"/><U74/><E51/><V102/><F121/><W88/><G39/><T129/><D36/><U29/><E122/><V127/><F131/><N who="0" m="50250" /><D66/><U52/><E124/><N who="2" m="47691" /><F42/><W47/><G98/><T11/><D126/><U120/><E120/><V130/><F130/><W0/><G0/><T17/><D105/><U9/><E9/><V123/><F123/><W87/><G64/><T14/><D133/><U23/><E23/><V103/><F82/><W19/><G19/><T106/><D106/><U132/><REACH who="1" step="1"/><E109/><REACH who="1" ten="220,250,250,260" step="2"/><N who="0" m="42057" /><D25/><U79/><E79/><V80/><F80/><W93/><G69/><T22/><D22/><U6/><E6/><V65/><F65/><W119/><G71/><T46/><D46/><U85/><E85/><V18/><F18/><W35/><G68/><T55/><D55/><AGARI ba="3,2" hai="1,2,12,15,29,31,52,55,73,74,104,107,132,135" machi="55" ten="25,9600,0" yaku="1,1,22,2,54,1,53,0" doraHai="90" doraHaiUra="97" who="1" fromWho="0" sc="220,-105,250,125,250,0,260,0" /><INIT seed="1,4,0,2,5,101" ten="115,375,250,260" oya="1" hai0="48,127,83,24,13,122,90,35,124,63,60,44,105" hai1="135,81,123,88,0,58,91,93,18,133,30,15,22" hai2="11,119,98,73,115,40,43,134,21,113,126,103,27" hai3="89,118,29,39,12,100,67,87,46,66,65,59,71"/><U57/><E0/><V49/><F119/><W54/><G118/><T111/><D111/><U86/><E123/><V33/><F73/><W116/><G116/><T61/><D13/><U80/><E30/><V52/><F126/><N who="0" m="48170" /><D122/><U42/><E42/><V131/><F33/><W132/><G132/><N who="1" m="50762" /><E80/><V120/><F11/><W75/><G75/><T79/><D90/><U5/><E5/><V128/><F120/><W14/><G29/><N who="0" m="19879" /><D83/><U62/><E62/><N who="0" m="15873" /><T20/><DORA hai="9" /><D20/><U53/><E53/><V70/><F21/><W95/><G71/><T106/><D79/><U97/><AGARI ba="4,0" hai="15,18,22,57,58,81,86,88,91,93,97" m="50762" machi="97" ten="30,6000,0" yaku="20,1,52,1,54,1" doraHai="101,9" who="1" fromWho="1" sc="115,-24,375,72,250,-24,260,-24" /><INIT seed="1,5,0,1,0,125" ten="91,447,226,236" oya="1" hai0="62,33,30,118,98,107,78,13,51,104,12,87,61" hai1="119,66,79,89,76,100,57,37,90,117,17,11,77" hai2="108,130,15,105,72,63,58,127,70,113,47,95,40" hai3="83,23,52,28,54,103,48,26,65,67,106,55,8"/><U131/><E37/><V25/><F105/><W110/><G110/><T121/><D118/><U123/><E123/><V71/><F108/><W32/><G106/><T1/><D1/><U36/><E36/><V20/><F72/><W124/><G103/><T109/><D109/><U19/><E100/><V99/><F113/><W9/><G124/><T73/><D73/><U0/><E0/><V68/><F15/><W24/><G48/><T31/><D51/><U39/><E39/><V22/><F127/><W114/><G114/><T132/><D87/><U29/><E29/><V81/><F81/><W16/><REACH who="3" step="1"/><G83/><REACH who="3" ten="91,447,226,226" step="2"/><T112/><D112/><U129/><E117/><V92/><F92/><W94/><G94/><T45/><D121/><U60/><E119/><V49/><F95/><W88/><G88/><N who="1" m="33898" /><E11/><AGARI ba="5,1" hai="8,9,11,16,23,24,26,28,32,52,54,55,65,67" machi="11" ten="40,5200,0" yaku="1,1,54,2,53,0" doraHai="125" doraHaiUra="2" who="3" fromWho="1" sc="91,0,447,-67,226,0,226,77" /><INIT seed="2,0,0,4,1,93" ten="91,380,226,303" oya="2" hai0="121,94,117,64,14,67,82,44,55,99,65,17,70" hai1="37,66,120,114,73,32,87,86,85,62,51,111,13" hai2="19,46,125,109,112,84,89,63,59,79,128,119,52" hai3="9,48,26,3,1,95,36,38,25,8,68,133,34"/><V90/><F119/><W42/><G95/><T7/><D121/><U35/><E37/><V72/><F112/><W92/><G92/><T105/><D105/><U75/><E114/><V6/><F125/><W118/><G42/><T10/><D117/><U49/><E111/><V23/><F128/><W123/><G48/><T83/><D70/><U18/><E120/><V80/><F109/><W56/><G56/><T134/><D134/><U28/><E28/><V22/><F6/><W102/><G102/><T29/><D29/><U91/><E91/><V108/><F108/><W60/><G60/><T127/><D127/><U104/><E104/><V113/><F113/><W124/><G68/><T130/><D130/><U27/><E27/><V131/><F131/><W132/><G124/><T78/><D78/><U33/><E49/><V16/><F46/><W77/><G77/><T54/><D17/><N who="2" m="6730" /><F72/><W100/><G100/><T110/><D110/><U106/><E51/><V50/><F50/><W45/><G45/><T76/><D44/><U81/><E106/><V5/><F5/><W39/><G39/><T12/><D12/><U97/><E81/><N who="2" m="47167" /><F90/><W20/><G123/><T116/><D116/><U24/><E75/><V40/><F40/><W11/><G118/><T53/><REACH who="0" step="1"/><D76/><REACH who="0" ten="81,380,226,303" step="2"/><U30/><E73/><V126/><F126/><W0/><G132/><T129/><D129/><U107/><E107/><V115/><F115/><W43/><G133/><T71/><D71/><N who="1" m="42455" /><E33/><V61/><F61/><W69/><G69/><T103/><AGARI ba="0,1" hai="7,10,14,53,54,55,64,65,67,82,83,94,99,103" machi="103" ten="30,7900,0" yaku="1,1,0,1,8,1,52,1,53,0" doraHai="93" doraHaiUra="15" who="0" fromWho="0" sc="81,89,380,-20,226,-39,303,-20" /><INIT seed="3,0,0,3,0,125" ten="170,360,187,283" oya="3" hai0="119,28,32,51,25,33,104,45,44,29,26,117,19" hai1="59,42,55,123,47,102,54,22,56,116,115,60,84" hai2="108,132,69,90,63,92,50,124,46,64,76,118,40" hai3="131,122,86,10,75,111,95,93,23,66,99,109,27"/><W96/><G75/><T16/><REACH who="0" step="1"/><D51/><REACH who="0" ten="160,360,187,283" step="2"/><N who="1" m="27127" /><E123/><V53/><F118/><W62/><G122/><T121/><D121/><U65/><E116/><V114/><F124/><W91/><G109/><T107/><AGARI ba="0,1" hai="16,19,25,26,28,29,32,33,44,45,104,107,117,119" machi="107" ten="25,12000,2" yaku="21,2,0,1,22,2,54,1,53,0" doraHai="125" doraHaiUra="78" who="0" fromWho="0" sc="160,130,360,-30,187,-30,283,-60" owari="290,9.0,330,43.0,157,-34.3,223,-17.7" /></mjloggm>