<mjloggm ver="2.3"><GO type="225" lobby="0"/><UN n0="%E3%81%82%E3%83%BC%E3%81%97" n1="%E5%A4%8F%E9%88%B4%E9%88%B4%E5%A4%8F" n2="%E3%81%AF%E3%82%88%E3%81%8A%E3%81%98%E3%81%95%E3%82%93" n3="%E3%81%BF%E3%81%BF%E3%81%9A" dan="16,16,16,17" rate="2104.93,2127.04,2092.96,2244.48" sx="M,M,M,M"/><TAIKYOKU oya="0"/><INIT seed="0,0,0,0,0,84" ten="250,250,250,250" oya="0" hai0="90,105,120,117,27,131,111,65,118,97,14,114,77" hai1="133,73,50,55,109,3,98,21,94,56,115,38,61" hai2="26,39,9,28,116,6,106,45,112,16,4,32,52" hai3="25,17,128,11,78,123,20,93,66,68,127,33,129"/><T24/><D120/><U79/><E38/><V40/><F112/><W99/><G127/><T135/><D114/><U86/><E115/><V8/><F106/><W15/><G123/><T22/><D135/><U126/><E73/><V59/><F116/><W80/><G33/><T71/><D77/><U134/><E3/><V88/><F9/><W83/><G66/><T125/><D125/><U19/><E126/><V53/><F53/><W92/><G68/><T62/><D131/><N who="3" m="50249" /><G78/><T2/><D2/><U5/><E5/><V18/><F4/><N who="3" m="3559" /><G92/><T87/><D111/><U95/><E109/><V30/><F30/><W103/><AGARI ba="0,0" hai="17,20,25,80,83,93,99,103" m="3559,50249" machi="103" ten="30,1100,0" yaku="19,1" doraHai="84" who="3" fromWho="3" sc="250,-5,250,-3,250,-3,250,11" /><INIT seed="1,0,0,1,4,28" ten="245,247,247,261" oya="1" hai0="67,54,57,65,79,31,112,83,16,84,24,98,101" hai1="74,53,96,7,130,29,3,37,68,40,55,106,115" hai2="92,119,20,125,61,33,48,94,132,10,56,76,71" hai3="30,89,39,118,63,5,18,11,80,60,64,9,12"/><U120/><E115/><V27/><F119/><W78/><G118/><T50/><D112/><U105/><E120/><V109/><F109/><W59/><G39/><T124/><D124/><U108/><E74/><V126/><F132/><W85/><G30/><T13/><D24/><U32/><E68/><V21/><F76/><W95/><G63/><T41/><D41/><U117/><E117/><V107/><F107/><W45/><G45/><T51/><D31/><U123/><E123/><V70/><F33/><W62/><G62/><T49/><D65/><U34/><E29/><N who="2" m="17639" /><F21/><W99/><REACH who="3" step="1"/><G9/><REACH who="3" ten="245,247,247,251" step="2"/><T38/><D38/><U46/><E37/><V111/><F10/><W47/><G47/><T75/><D67/><U103/><E46/><V127/><F111/><W42/><G42/><T134/><D134/><U2/><E40/><V52/><F70/><W129/><G129/><T43/><D43/><U116/><E108/><V69/><F69/><W0/><G0/><T81/><D51/><U66/><E116/><V73/><F73/><W87/><G87/><T110/><D110/><U114/><E130/><V36/><F36/><W72/><G72/><T93/><D50/><U90/><E114/><V1/><F1/><W17/><AGARI ba="0,1" hai="5,11,12,17,18,59,60,64,78,80,85,89,95,99" machi="17" ten="30,7900,0" yaku="1,1,0,1,8,1,53,1" doraHai="28" doraHaiUra="88" who="3" fromWho="3" sc="245,-20,247,-39,247,-20,251,89" /><INIT seed="2,0,0,0,0,14" ten="225,208,227,340" oya="2" hai0="23,120,126,133,55,114,49,67,54,103,121,29,82" hai1="3,113,62,69,58,8,26,53,35,122,89,98,20" hai2="106,16,5,36,9,24,56,70,32,30,63,118,83" hai3="38,105,132,100,68,64,131,128,25,116,86,19,104"/><V108/><F118/><W61/><G116/><T74/><D114/><U65/><E113/><V60/><F106/><W73/><G73/><T45/><D133/><U109/><E109/><V93/><F36/><W117/><G117/><T99/><D126/><U124/><E35/><V27/><F108/><W6/><G132/><T34/><D34/><U44/><E124/><V40/><F40/><W66/><G6/><T81/><D67/><U88/><E122/><V79/><F93/><W17/><G38/><T87/><D55/><U80/><E44/><V71/><F5/><W4/><G4/><T91/><D82/><U130/><E3/><V33/><F33/><W10/><G10/><T18/><D29/><U51/><E8/><V43/><F43/><W95/><G25/><T46/><D46/><N who="1" m="27895" /><E69/><V11/><F11/><W57/><G57/><T101/><D74/><U129/><E80/><V72/><F63/><W125/><G125/><T47/><D47/><U2/><E98/><V13/><F27/><W12/><G12/><N who="0" m="9671" /><D121/><U42/><E42/><V84/><F72/><W123/><G123/><T0/><D0/><U22/><E2/><V127/><F127/><W76/><G66/><AGARI ba="0,0" hai="9,13,16,24,30,32,56,60,66,70,71,79,83,84" machi="66" ten="30,5800,0" yaku="7,1,52,1,54,1" doraHai="14" who="2" fromWho="3" sc="225,0,208,0,227,58,340,-58" /><INIT seed="2,1,0,2,1,33" ten="225,208,285,282" oya="2" hai0="90,58,127,25,17,133,110,24,115,101,62,102,118" hai1="114,11,40,124,123,76,51,111,121,8,119,75,43" hai2="96,31,41,120,7,130,18,69,55,12,66,85,71" hai3="79,59,105,65,87,44,104,126,135,27,92,84,3"/><V83/><F120/><N who="1" m="46153" /><E114/><V131/><F31/><W47/><G27/><T81/><D115/><U94/><E119/><V91/><F7/><W4/><G135/><T36/><D36/><U29/><E111/><V109/><F109/><W28/><G28/><T23/><D110/><U93/><E29/><V38/><F55/><W99/><G126/><T19/><D127/><U77/><E124/><V78/><F41/><N who="1" m="15945" /><E51/><V9/><F38/><W72/><G59/><T73/><D133/><U53/><E53/><V70/><F18/><W45/><G65/><T39/><D39/><U10/><E75/><V22/><F22/><W125/><G125/><T129/><D129/><N who="2" m="49162" /><F66/><W68/><G68/><T14/><D73/><U60/><E60/><V1/><F96/><W30/><G30/><T52/><D118/><U21/><E21/><V82/><F12/><W74/><G74/><T0/><D0/><U64/><E64/><V6/><F83/><N who="3" m="45543" /><G3/><T89/><D25/><U112/><E112/><V49/><F49/><W54/><G4/><T61/><D61/><U103/><E103/><N who="0" m="39433" /><D81/><U35/><E35/><V5/><F6/><W56/><G56/><T97/><D97/><U42/><N who="1" m="15953" /><U122/><N who="1" m="46161" /><DORA hai="113" /><U2/><DORA hai="50" /><E2/><V16/><F16/><W37/><G37/><T106/><D106/><N who="3" m="41065" /><G54/><T34/><D34/><U26/><E26/><V100/><F100/><W46/><N who="3" m="11264" /><DORA hai="134" /><W132/><G132/><T108/><D108/><U117/><E117/><V116/><F116/><W67/><G67/><T95/><D95/><AGARI ba="1,0" hai="8,10,11,76,77,93,94,95" m="15953,46161" machi="95" ten="50,6400,0" yaku="28,2,13,1" doraHai="33,113,50,134" who="1" fromWho="0" sc="225,-67,208,67,285,0,282,0" /><INIT seed="3,0,0,5,4,125" ten="158,275,285,282" oya="3" hai0="48,111,104,68,122,71,85,43,80,55,130,8,9" hai1="73,77,18,10,113,72,126,60,52,86,93,98,29" hai2="102,6,131,101,31,112,76,65,120,33,127,41,121" hai3="56,2,38,61,49,30,62,25,47,1,37,36,90"/><W28/><G90/><T92/><D122/><N who="2" m="47210" /><F112/><W95/><G95/><T40/><D104/><U114/><E114/><V4/><F127/><W100/><G100/><N who="2" m="38505" /><F41/><W97/><G97/><T110/><D92/><U35/><E113/><V124/><F124/><W84/><G84/><T91/><D43/><U7/><E126/><V70/><F76/><W89/><G89/><T51/><D40/><U87/><E73/><V132/><F132/><W0/><G56/><T27/><D27/><U109/><E72/><V53/><F53/><N who="3" m="29887" /><G25/><T135/><D135/><U58/><E77/><V105/><F105/><W69/><G69/><N who="0" m="26699" /><D51/><U5/><E35/><V19/><F33/><W128/><G62/><T88/><D91/><N who="1" m="55615" /><E29/><V106/><F31/><W78/><G61/><T46/><D130/><U67/><E67/><V22/><F106/><W108/><G78/><T23/><D23/><U74/><E74/><V15/><F131/><W26/><G128/><T3/><D3/><U133/><E133/><V83/><F83/><W134/><G134/><T16/><D8/><U44/><E44/><V50/><F50/><W17/><G17/><T118/><D118/><U63/><E63/><AGARI ba="0,0" hai="4,6,15,19,22,63,65,70" m="38505,47210" machi="63" ten="30,1000,0" yaku="13,1" doraHai="125" who="2" fromWho="1" sc="158,0,275,-10,285,10,282,0" /><INIT seed="4,0,0,1,1,65" ten="158,265,295,282" oya="0" hai0="36,122,21,71,44,98,41,50,33,23,46,72,49" hai1="42,32,10,54,112,110,24,118,101,95,63,64,116" hai2="85,25,45,66,90,57,8,96,58,12,30,132,130" hai3="61,59,55,28,117,40,114,102,105,131,93,106,1"/><T70/><D33/><U83/><E110/><V82/><F130/><W7/><G117/><T3/><D122/><U124/><E124/><V22/><F132/><W15/><G114/><T9/><D72/><U78/><E42/><V62/><F45/><W77/><G1/><T126/><D126/><U51/><E112/><V108/><F108/><W0/><G0/><T109/><D109/><U52/><E10/><V104/><F104/><W91/><G77/><T14/><D3/><U73/><E101/><V80/><F96/><W75/><G75/><T89/><D71/><U115/><E95/><N who="2" m="54735" /><F58/><W129/><G28/><T86/><D98/><U68/><E115/><V5/><AGARI ba="0,0" hai="5,8,12,22,25,30,57,62,66,80,82" m="54735" machi="5" ten="30,1100,0" yaku="8,1" doraHai="65" who="2" fromWho="2" sc="158,-5,265,-3,295,11,282,-3" owari="153,-34.7,262,-13.8,306,40.6,279,7.9" /></mjloggm>