<mjloggm ver="2.3"><GO type="225" lobby="0"/><UN n0="%E3%81%B5%E3%81%98%E3%81%8B%E3%81%A4" n1="%6D%75%75%73%61%6E%6D%75" n2="%73%75%7A%75%6D%65%33" n3="%E8%B6%85%E7%B4%9A%E9%B3%B3%E5%87%B0" dan="17,16,17,17" rate="2209.51,2053.00,2270.30,2159.56" sx="M,F,M,F"/><TAIKYOKU oya="0"/><INIT seed="0,0,0,1,5,3" ten="250,250,250,250" oya="0" hai0="115,15,34,33,98,90,48,104,30,101,131,36,57" hai1="49,116,100,50,19,72,133,132,120,129,14,87,41" hai2="39,128,42,5,67,11,47,69,53,127,54,46,37" hai3="105,119,0,44,6,63,24,56,31,111,25,26,84"/><T7/><D115/><U113/><E72/><V110/><F110/><W81/><G119/><T22/><D131/><U21/><E116/><V55/><F128/><W59/><G105/><T4/><D36/><N who="2" m="13898" /><F11/><W32/><G111/><T82/><D82/><U92/><E129/><V86/><F86/><W93/><G93/><T40/><D90/><N who="1" m="53343" /><E120/><V112/><F5/><W88/><G44/><N who="2" m="16937" /><F112/><W95/><G95/><T45/><D57/><U123/><E123/><V43/><F127/><W109/><G109/><T117/><D117/><U9/><E113/><V103/><F103/><W68/><G68/><T75/><D75/><U76/><E76/><V1/><F1/><W122/><G59/><T78/><D78/><U96/><E41/><N who="2" m="15371" /><F67/><W20/><G32/><T2/><D2/><U64/><E64/><V114/><F114/><W99/><G99/><T16/><REACH who="0" step="1"/><D33/><REACH who="0" ten="240,250,250,250" step="2"/><U126/><E126/><V52/><N who="2" m="13312" /><DORA hai="70" /><V23/><F23/><W29/><G20/><T91/><D91/><U61/><E21/><V8/><F8/><W27/><N who="3" m="6144" /><DORA hai="118" /><W125/><G125/><T107/><D107/><U89/><E89/><V62/><F69/><W106/><G106/><T71/><D71/><U12/><E9/><V124/><F124/><W38/><G0/><T108/><D108/><U83/><E100/><V13/><F62/><W121/><G38/><T58/><D58/><U17/><E61/><V97/><F97/><W10/><G63/><T66/><D66/><U134/><E96/><V130/><F130/><W35/><G35/><T28/><D28/><N who="3" m="10825" /><G56/><T18/><D18/><U79/><E19/><RYUUKYOKU ba="0,1" sc="240,10,250,-30,250,10,250,10" hai0="4,7,15,16,22,30,34,40,45,48,98,101,104" hai2="13" hai3="6,10,81,84,88,121,122" /><INIT seed="0,1,1,5,4,39" ten="250,220,260,260" oya="0" hai0="54,103,15,132,13,41,42,65,22,83,121,76,113" hai1="130,25,117,107,17,111,119,55,81,8,99,12,133" hai2="70,84,75,2,101,56,105,85,129,67,36,79,127" hai3="72,43,46,1,120,110,90,112,71,64,69,82,7"/><T74/><D121/><U23/><E111/><V5/><F127/><W114/><G110/><T10/><D113/><U98/><E130/><V122/><F122/><W44/><G120/><T50/><D132/><U40/><E133/><V18/><F129/><W20/><G20/><T97/><D65/><U135/><E135/><V91/><F70/><W37/><G46/><T108/><D108/><U4/><E55/><V21/><F36/><W61/><G69/><T106/><D22/><U80/><E40/><V9/><F75/><W66/><G66/><T14/><REACH who="0" step="1"/><D10/><REACH who="0" ten="240,220,260,260" step="2"/><U34/><E34/><V126/><F21/><W89/><G112/><T48/><D48/><U87/><E117/><V94/><F9/><N who="3" m="2287" /><G114/><T32/><D32/><U86/><E119/><V27/><F67/><W51/><G51/><T53/><D53/><U19/><E107/><V52/><F105/><W31/><G31/><T47/><AGARI ba="1,2" hai="13,14,15,41,42,47,50,54,74,76,83,97,103,106" machi="47" ten="30,11700,0" yaku="1,1,0,1,52,2,53,0" doraHai="39" doraHaiUra="35" who="0" fromWho="0" sc="240,140,220,-40,260,-40,260,-40" /><INIT seed="0,2,0,1,4,110" ten="380,180,220,220" oya="0" hai0="121,129,81,65,103,1,57,97,12,45,105,29,90" hai1="75,133,7,122,52,86,53,13,35,126,80,59,107" hai2="55,99,23,2,124,115,44,98,132,64,38,125,79" hai3="114,74,116,10,94,88,112,77,22,6,128,131,76"/><T111/><D111/><U120/><E35/><V30/><F2/><W108/><G22/><T46/><D121/><U113/><E107/><V134/><F79/><N who="3" m="30283" /><G74/><T68/><D1/><U93/><E75/><V70/><F30/><W8/><G8/><T60/><D129/><N who="3" m="49737" /><G116/><T118/><D29/><U69/><E69/><V43/><F23/><W119/><G119/><T130/><D130/><U42/><E80/><V41/><F99/><N who="3" m="57799" /><G108/><T20/><D118/><U32/><E32/><V63/><F98/><W18/><G18/><T101/><D68/><U89/><E42/><V104/><F43/><W83/><G83/><T15/><D20/><U3/><E3/><AGARI ba="2,0" hai="3,6,10,112,114" m="57799,49737,30283" machi="3" ten="30,7700,0" yaku="19,1,52,2,54,1" doraHai="110" who="3" fromWho="1" sc="380,0,180,-83,220,0,220,83" /><INIT seed="1,0,0,0,2,81" ten="380,97,220,303" oya="1" hai0="128,130,91,123,47,55,49,133,84,36,73,50,129" hai1="100,30,104,44,131,1,68,35,4,89,5,108,20" hai2="117,13,45,88,110,17,77,92,97,111,46,112,125" hai3="103,120,27,19,51,66,58,59,29,118,64,99,32"/><U109/><E68/><V85/><F117/><W65/><G120/><T23/><D123/><U3/><E104/><V24/><F125/><W127/><G127/><T0/><D133/><U122/><E100/><V72/><F72/><W43/><G118/><T135/><D135/><U134/><E122/><V71/><F71/><W82/><G82/><T119/><D119/><U124/><E134/><V107/><F24/><W41/><G19/><T40/><D73/><U6/><E124/><V22/><F112/><W38/><G38/><T114/><D114/><U48/><E35/><V62/><F62/><W132/><G132/><T70/><D70/><U16/><E30/><V2/><F2/><W7/><G7/><T121/><D0/><U61/><E131/><V113/><F113/><W9/><G9/><T10/><D10/><U102/><E102/><N who="2" m="62927" /><F77/><W53/><REACH who="3" step="1"/><G58/><REACH who="3" ten="380,97,220,293" step="2"/><N who="0" m="33143" /><D121/><U14/><E3/><V21/><F21/><W96/><G96/><T60/><D23/><U54/><E1/><V78/><F78/><W79/><G79/><T8/><D8/><U52/><REACH who="1" step="1"/><E89/><REACH who="1" ten="380,87,220,293" step="2"/><V101/><F101/><W42/><G42/><T83/><D130/><U33/><E33/><V15/><F15/><W57/><G57/><AGARI ba="0,2" hai="4,5,6,14,16,20,44,48,52,54,57,61,108,109" machi="57" ten="40,7700,0" yaku="1,1,54,2,53,0" doraHai="81" doraHaiUra="116" who="1" fromWho="3" sc="380,0,87,97,220,0,293,-77" /><INIT seed="1,1,0,0,3,96" ten="380,184,220,216" oya="1" hai0="120,81,124,48,121,42,26,74,41,5,82,95,89" hai1="10,31,8,64,107,39,21,91,127,32,59,105,101" hai2="46,110,36,132,99,45,51,79,67,4,129,133,13" hai3="61,1,55,66,77,125,43,75,85,15,106,0,6"/><U115/><E32/><V20/><F129/><W97/><G125/><T119/><D124/><U134/><E127/><V87/><F110/><W113/><G113/><T90/><D119/><U49/><E39/><V58/><F36/><W114/><G114/><T40/><D5/><U104/><E115/><V34/><F34/><W78/><G75/><T72/><D26/><U11/><E134/><N who="2" m="51819" /><F99/><W84/><G43/><T86/><D48/><U53/><E64/><V73/><F73/><N who="0" m="28266" /><D89/><U69/><E69/><V23/><F4/><W56/><G66/><T128/><D128/><U131/><E131/><V38/><F38/><W98/><G1/><T65/><D65/><U25/><REACH who="1" step="1"/><E91/><REACH who="1" ten="380,174,220,216" step="2"/><V108/><F67/><W76/><G106/><T68/><D68/><U14/><E14/><V47/><F13/><W94/><G0/><T3/><D3/><U19/><E19/><V50/><F108/><W17/><G6/><T9/><D90/><U63/><E63/><V130/><F130/><W30/><G15/><T103/><D120/><U60/><E60/><V62/><F62/><W18/><G17/><T118/><D121/><U2/><E2/><V135/><F135/><W109/><G18/><T126/><D126/><U22/><E22/><V112/><F112/><W116/><G109/><T16/><D16/><U29/><E29/><V80/><F50/><W24/><G30/><T111/><D111/><U52/><E52/><AGARI ba="1,1" hai="20,23,45,46,47,51,52,58,79,80,87" m="51819" machi="52" ten="30,2000,0" yaku="20,1,54,1" doraHai="96" who="2" fromWho="1" sc="380,0,174,-23,220,33,216,0" /><INIT seed="2,0,0,0,2,97" ten="380,151,253,216" oya="2" hai0="126,125,114,131,11,20,80,87,37,1,101,104,129" hai1="41,133,81,54,50,69,100,26,119,134,56,18,68" hai2="109,70,132,22,65,75,46,47,86,30,48,13,31" hai3="60,107,135,105,57,89,35,92,4,78,84,73,42"/><V61/><F75/><W63/><G35/><T76/><D114/><U120/><E119/><V17/><F132/><W93/><G135/><T91/><D37/><U16/><E133/><V122/><F122/><W59/><G42/><T15/><D1/><U0/><E134/><V25/><F109/><W38/><G38/><T39/><D39/><U34/><E0/><V113/><F113/><W58/><G4/><T2/><D2/><U32/><E120/><V33/><F30/><W52/><G92/><T7/><D20/><U99/><E81/><V115/><F115/><W40/><G40/><T6/><D6/><U5/><E5/><V3/><F3/><W111/><G111/><T130/><D91/><U21/><E41/><V102/><F48/><W118/><G118/><T49/><D49/><U29/><E34/><V94/><REACH who="2" step="1"/><F86/><REACH who="2" ten="380,151,243,216" step="2"/><W51/><G73/><T24/><D87/><U62/><E50/><V19/><F19/><W123/><G123/><T44/><D130/><U55/><E18/><V79/><F79/><W82/><G78/><T8/><D76/><U85/><E85/><V10/><F10/><W9/><G9/><T14/><D129/><U71/><E55/><V106/><F106/><N who="3" m="40459" /><G82/><T43/><D131/><U64/><E54/><V90/><F90/><W72/><G72/><T121/><D80/><U12/><E71/><V28/><F28/><W83/><G83/><T128/><D128/><U67/><E64/><V66/><F66/><N who="3" m="39183" /><G51/><T108/><D121/><U103/><E103/><V95/><F95/><AGARI ba="0,1" hai="12,16,21,26,29,32,56,62,67,68,69,95,99,100" machi="95" ten="30,3900,0" yaku="7,1,52,1,54,1" doraHai="97" who="1" fromWho="2" sc="380,0,151,49,243,-39,216,0" /><INIT seed="3,0,0,5,2,58" ten="380,200,204,216" oya="3" hai0="53,11,89,93,36,134,13,29,108,98,100,5,3" hai1="120,78,37,97,34,128,0,48,31,69,79,56,41" hai2="85,73,133,50,104,6,119,26,86,33,59,84,118" hai3="94,17,88,64,90,52,27,23,68,43,44,106,113"/><W63/><G113/><T75/><D108/><U83/><E69/><V67/><F73/><W60/><G106/><T91/><D134/><U82/><E0/><V72/><F72/><W99/><G90/><T4/><D75/><U66/><E120/><V131/><F104/><W51/><REACH who="3" step="1"/><G60/><REACH who="3" ten="380,200,204,206" step="2"/><T123/><D89/><U95/><E79/><V80/><F119/><W70/><G70/><T121/><D91/><U130/><E78/><V8/><F118/><W107/><G107/><T57/><D123/><U105/><E105/><V24/><F133/><W28/><G28/><T12/><D29/><U10/><E31/><V87/><F33/><W2/><G2/><T42/><D121/><U124/><E34/><V16/><F80/><W81/><G81/><T7/><D3/><U132/><E132/><V114/><F114/><W65/><G65/><T49/><REACH who="0" step="1"/><D11/><REACH who="0" ten="370,200,204,206" step="2"/><U74/><E10/><V101/><F8/><W21/><G21/><T62/><D62/><U122/><E82/><V19/><F131/><W20/><G20/><T15/><D15/><U40/><E122/><V47/><F26/><W77/><G77/><T18/><D18/><U32/><E32/><V109/><F24/><W135/><G135/><T92/><D92/><U39/><E128/><V129/><F129/><W35/><G35/><T38/><D38/><U1/><E130/><V30/><F19/><W14/><G14/><T45/><AGARI ba="0,2" hai="4,5,7,12,13,36,42,45,49,53,57,93,98,100" machi="45" ten="30,2000,0" yaku="1,1,0,1,53,0" doraHai="58" doraHaiUra="111" who="0" fromWho="0" sc="370,40,200,-5,204,-5,206,-10" owari="410,51.0,195,-30.5,199,-0.1,196,-20.4" /></mjloggm>