<mjloggm ver="2.3"><GO type="225" lobby="0"/><UN n0="%E7%99%BD%E6%97%A5%E9%9B%AA%E8%8F%9C" n1="%E3%82%BF%E3%83%BC%E3%83%90%E3%83%B3%E9%87%8E%E5%8F%A3" n2="%E5%A4%8F%E9%88%B4%E9%88%B4%E5%A4%8F" n3="%72%69%6F%75%63%68%61%6E" dan="16,16,16,16" rate="2177.11,2127.01,2128.39,2146.32" sx="M,M,M,M"/><TAIKYOKU oya="0"/><INIT seed="0,0,0,4,1,117" ten="250,250,250,250" oya="0" hai0="1,15,75,14,6,26,40,101,46,64,68,12,59" hai1="11,56,39,135,122,42,35,32,73,78,95,90,121" hai2="99,44,106,115,5,50,74,23,2,55,72,105,76" hai3="49,118,69,48,132,30,3,94,125,21,37,17,25"/><T82/><D68/><U114/><E135/><V47/><F115/><W51/><G125/><T129/><D129/><U70/><E70/><V103/><F106/><W119/><G132/><T33/><D101/><U7/><E114/><V77/><F5/><W9/><G69/><T19/><D59/><U41/><E56/><V31/><F2/><W4/><G37/><T87/><D64/><U86/><E41/><V34/><F34/><W80/><G80/><T133/><D133/><U127/><E127/><V24/><REACH who="2" step="1"/><F47/><REACH who="2" ten="250,250,240,250" step="2"/><W98/><REACH who="3" step="1"/><G30/><REACH who="3" ten="250,250,240,240" step="2"/><T116/><D116/><U20/><E35/><V89/><F89/><AGARI ba="0,2" hai="3,4,9,17,21,25,48,49,51,89,94,98,118,119" machi="89" ten="40,2600,0" yaku="1,1,2,1,53,0" doraHai="117" doraHaiUra="134" who="3" fromWho="2" sc="250,0,250,0,240,-26,240,46" /><INIT seed="1,0,0,4,4,23" ten="250,250,214,286" oya="1" hai0="21,58,106,132,99,81,49,41,43,89,59,133,47" hai1="100,7,31,3,134,27,91,2,64,109,13,9,51" hai2="115,14,110,45,70,73,39,114,94,56,129,72,83" hai3="20,11,62,127,98,124,108,75,125,96,1,35,18"/><U5/><E100/><V28/><F70/><W53/><G108/><T67/><D43/><U69/><E69/><V24/><F110/><W54/><G35/><T0/><D0/><N who="1" m="43" /><E64/><V17/><F129/><W26/><G75/><T76/><D21/><N who="1" m="15855" /><E51/><V128/><F128/><W93/><G62/><T101/><D89/><U12/><E91/><V44/><F94/><W117/><G117/><T66/><D66/><U119/><E109/><V60/><F83/><W4/><REACH who="3" step="1"/><G98/><REACH who="3" ten="250,250,214,276" step="2"/><T97/><D97/><U122/><E119/><V92/><F73/><W95/><G95/><T40/><D67/><U10/><E122/><V48/><F72/><W19/><G19/><T118/><D118/><U74/><E74/><V111/><F92/><W104/><G104/><T78/><D106/><U16/><E134/><V131/><F111/><W71/><G71/><T84/><D99/><U87/><E87/><V6/><F131/><W8/><G8/><T135/><D84/><U82/><E82/><V116/><F116/><W126/><N who="3" m="31744" /><DORA hai="80" /><W103/><AGARI ba="0,1" hai="1,4,11,18,20,26,53,54,93,96,103" m="31744" machi="103" ten="60,12000,2" yaku="1,1,4,1,0,1,18,1,52,1,53,1" doraHai="23,80" doraHaiUra="15,65" who="3" fromWho="3" sc="250,-30,250,-60,214,-30,276,130" /><INIT seed="2,0,0,5,2,56" ten="220,190,184,406" oya="2" hai0="120,24,100,72,134,121,94,79,83,111,48,104,1" hai1="129,37,57,61,133,60,20,16,108,35,55,93,30" hai2="84,74,106,9,78,101,107,4,10,49,8,110,81" hai3="52,29,28,126,41,50,132,87,105,25,66,26,14"/><V65/><F110/><W82/><G105/><T18/><D1/><U77/><E37/><V23/><F4/><W47/><G126/><T130/><D111/><U33/><E108/><V75/><F65/><W131/><G131/><T73/><D73/><U85/><E129/><V39/><F39/><W118/><G118/><T92/><D130/><U127/><E127/><V5/><F5/><W45/><G132/><T12/><D24/><N who="3" m="9321" /><G66/><T27/><D27/><U70/><E133/><V113/><F113/><W69/><G69/><T44/><D134/><U63/><E70/><V51/><F23/><W115/><G115/><T58/><D58/><U19/><E35/><V54/><F51/><N who="3" m="28783" /><G14/><T59/><D104/><U21/><E33/><V0/><F0/><W15/><G15/><T36/><D36/><U135/><E135/><V68/><F107/><W2/><G2/><T128/><D128/><U99/><E30/><V96/><REACH who="2" step="1"/><F68/><REACH who="2" ten="220,190,174,406" step="2"/><W43/><G41/><T22/><D22/><U114/><E114/><V34/><F34/><W13/><G13/><T46/><D12/><U112/><E112/><V42/><F42/><W123/><G123/><T76/><D120/><U103/><E21/><V40/><F40/><W80/><G80/><T109/><D83/><N who="1" m="47343" /><E20/><V122/><F122/><W124/><G124/><T3/><D121/><U90/><E103/><V119/><F119/><W7/><G7/><T102/><D102/><U91/><E91/><AGARI ba="0,1" hai="28,29,43,47,50,82,87,91" m="28783,9321" machi="91" ten="30,2000,0" yaku="8,1,54,1" doraHai="56" who="3" fromWho="1" sc="220,0,190,-20,174,0,406,30" /><INIT seed="3,0,0,2,3,120" ten="220,170,174,436" oya="3" hai0="126,31,81,101,123,17,7,76,107,27,3,12,55" hai1="125,6,72,85,14,134,43,51,74,113,95,45,115" hai2="67,22,94,58,122,59,89,80,62,37,69,39,32" hai3="52,19,40,117,112,9,10,50,90,46,64,93,106"/><W57/><G112/><T97/><D123/><U105/><E105/><V103/><F122/><W133/><G117/><T56/><D126/><U36/><E125/><V91/><F32/><W118/><G118/><T78/><D3/><U82/><E134/><V70/><F70/><W99/><G106/><T26/><D7/><U104/><E104/><V29/><F69/><W130/><G133/><T34/><D27/><U135/><E95/><V60/><F37/><W42/><G130/><T132/><D81/><U68/><E68/><V92/><F39/><W21/><G64/><T87/><D87/><U79/><E36/><V18/><F29/><W25/><G40/><T20/><D132/><U100/><E100/><V96/><F80/><W2/><G2/><T98/><D97/><U33/><E33/><V53/><F92/><W38/><AGARI ba="0,0" hai="9,10,19,21,25,38,42,46,50,52,57,90,93,99" machi="38" ten="20,3900,0" yaku="0,1,7,1,54,1" doraHai="120" who="3" fromWho="3" sc="220,-13,170,-13,174,-13,436,39" owari="207,0.7,157,-34.3,161,-23.9,475,57.5" /></mjloggm>