<mjloggm ver="2.3"><GO type="225" lobby="0"/><UN n0="%E5%8F%AF%E5%85%90%E9%82%A3%E7%94%B1%E5%A4%9A" n1="%E8%B6%85%E7%B4%9A%E9%B3%B3%E5%87%B0" n2="%E3%81%B5%E3%81%98%E3%81%8B%E3%81%A4" n3="%E3%81%8B%E3%82%8F%E3%81%A1%E3%82%83%E3%82%93%35%38" dan="16,17,16,17" rate="2106.38,2198.32,2175.55,2258.61" sx="F,F,M,M"/><TAIKYOKU oya="0"/><INIT seed="0,0,0,4,0,50" ten="250,250,250,250" oya="0" hai0="68,56,80,83,77,35,54,76,23,13,90,98,130" hai1="122,19,92,131,14,132,2,15,110,71,106,100,127" hai2="52,41,25,10,32,46,120,121,107,28,105,37,82" hai3="33,60,12,38,29,91,48,84,88,17,123,93,64"/><T22/><D35/><U11/><E71/><V59/><F10/><W134/><G38/><T72/><D68/><U26/><E106/><V61/><REACH who="2" step="1"/><F82/><REACH who="2" ten="250,250,240,250" step="2"/><W67/><G123/><AGARI ba="0,1" hai="25,28,32,37,41,46,52,59,61,105,107,120,121,123" machi="123" ten="40,8000,1" yaku="1,1,2,1,52,1,54,1,53,0" doraHai="50" doraHaiUra="78" who="2" fromWho="3" sc="250,0,250,0,240,90,250,-80" /><INIT seed="1,0,0,1,5,82" ten="250,250,330,170" oya="1" hai0="120,12,99,16,23,6,98,122,130,62,56,117,119" hai1="75,28,52,37,20,72,109,80,41,124,40,83,64" hai2="11,114,89,116,35,111,101,14,86,21,15,63,78" hai3="66,25,79,97,103,91,45,17,71,77,54,1,34"/><U49/><E124/><V60/><F116/><W85/><G1/><T27/><D130/><U118/><E118/><N who="0" m="45065" /><D6/><U123/><E123/><N who="0" m="47145" /><D27/><U69/><E109/><V55/><F111/><W13/><G71/><T31/><D31/><U57/><E80/><V32/><F114/><W42/><G66/><AGARI ba="0,0" hai="12,16,23,56,62,66,98,99" m="47145,45065" machi="66" ten="30,2000,0" yaku="13,1,54,1" doraHai="82" who="0" fromWho="3" sc="250,20,250,0,330,0,170,-20" /><INIT seed="2,0,0,5,4,130" ten="270,250,330,150" oya="2" hai0="28,23,61,60,72,3,22,30,55,78,83,117,135" hai1="24,79,7,6,58,36,64,74,53,49,67,47,103" hai2="21,68,37,129,115,119,71,54,99,116,113,10,48" hai3="77,19,134,14,133,70,39,9,32,8,27,15,87"/><V38/><F21/><W121/><G70/><N who="2" m="26665" /><F10/><W76/><G39/><N who="2" m="14857" /><F99/><W128/><G121/><T57/><D3/><U101/><E24/><V120/><F129/><W108/><G128/><T25/><D117/><N who="2" m="45130" /><F120/><W123/><G123/><T1/><D1/><U125/><E79/><V40/><F40/><W41/><G41/><T43/><D43/><U109/><E101/><V80/><F80/><W112/><G112/><N who="2" m="43081" /><F48/><W132/><G108/><T84/><D72/><U97/><E103/><V90/><F90/><W20/><G87/><T52/><D22/><U17/><E6/><V111/><F54/><W69/><G69/><T122/><D122/><U107/><E36/><V44/><F44/><W104/><G104/><T46/><D30/><U50/><E47/><V29/><F29/><N who="3" m="19519" /><G8/><T85/><D46/><U89/><E50/><V45/><F45/><W56/><G56/><T95/><D84/><U94/><E58/><V102/><F102/><W5/><AGARI ba="0,0" hai="5,9,14,15,19,20,76,77,132,133,134" m="19519" machi="5" ten="30,7900,0" yaku="20,1,52,3" doraHai="130" who="3" fromWho="3" sc="270,-20,250,-20,330,-39,150,79" /><INIT seed="3,0,0,4,2,109" ten="250,230,291,229" oya="3" hai0="51,17,45,33,39,8,42,27,103,28,18,74,22" hai1="121,77,120,110,15,23,119,92,89,111,0,133,127" hai2="31,122,10,128,16,1,9,6,130,72,56,123,19" hai3="57,54,49,2,73,58,32,104,100,43,21,76,71"/><W105/><G71/><T115/><D74/><U106/><E106/><V95/><F72/><W48/><G32/><T3/><D103/><U44/><E0/><V83/><F83/><W47/><G2/><T30/><D115/><U85/><E127/><V79/><F79/><W37/><G100/><T50/><D28/><U20/><E133/><V94/><F31/><W12/><G73/><T40/><D40/><U75/><E119/><V116/><F116/><W63/><G76/><T64/><D64/><U65/><E65/><V25/><F56/><W107/><REACH who="3" step="1"/><G58/><REACH who="3" ten="250,230,291,219" step="2"/><T129/><D3/><U53/><E75/><V81/><F1/><W91/><G91/><T102/><D102/><U113/><E77/><V124/><F124/><W36/><G36/><T132/><D39/><U93/><E111/><V62/><F123/><W82/><G82/><T35/><D35/><U29/><E110/><V101/><F81/><W13/><G13/><T38/><D33/><U78/><E78/><V99/><F122/><W5/><G5/><T98/><D38/><U66/><E120/><V59/><F6/><W80/><G80/><T135/><D135/><U114/><E121/><V41/><F94/><W14/><G14/><T84/><D132/><U69/><E93/><V96/><F95/><W61/><G61/><T108/><D108/><U11/><E92/><V97/><F101/><W34/><G34/><T125/><D125/><U46/><E69/><V7/><F7/><W126/><G126/><T90/><D90/><U68/><E89/><V118/><F62/><W88/><G88/><T117/><D117/><RYUUKYOKU ba="0,1" sc="250,-10,230,-10,291,-10,219,30" hai3="12,21,37,43,47,48,49,54,57,63,104,105,107" /><INIT seed="3,1,1,0,2,14" ten="240,220,281,249" oya="3" hai0="111,7,18,66,107,118,43,17,102,25,58,26,52" hai1="93,79,127,2,28,120,54,98,39,129,57,87,46" hai2="101,24,72,73,97,33,16,88,75,94,132,34,117" hai3="76,113,36,70,114,103,67,51,38,68,91,22,108"/><W109/><G103/><T53/><D118/><U81/><E120/><V27/><F117/><W10/><G76/><T121/><D121/><U90/><E2/><V95/><F132/><W122/><G122/><T100/><D111/><N who="3" m="42569" /><G10/><T35/><D7/><U49/><E127/><V9/><F27/><N who="0" m="10250" /><D43/><U64/><E129/><V31/><F34/><W86/><G22/><T112/><D107/><U60/><REACH who="1" step="1"/><E39/><REACH who="1" ten="240,210,281,249" step="2"/><N who="3" m="14890" /><G51/><T84/><D112/><N who="3" m="43113" /><G67/><T69/><D66/><U105/><E105/><V71/><F31/><AGARI ba="1,2" hai="28,31,46,49,54,57,60,64,79,81,87,90,93,98" machi="31" ten="40,2600,0" yaku="1,1,8,1,53,0" doraHai="14" doraHaiUra="126" who="1" fromWho="2" sc="240,0,210,49,281,-29,249,0" /><INIT seed="4,0,0,2,3,118" ten="240,259,252,249" oya="0" hai0="32,48,97,27,125,73,6,44,115,109,62,17,95" hai1="33,49,42,112,39,129,19,41,100,58,111,135,24" hai2="75,134,51,120,99,107,78,92,0,3,30,126,82" hai3="67,45,25,81,131,13,123,11,98,77,35,56,80"/><T64/><D73/><U59/><E111/><V15/><F126/><W119/><G119/><T47/><D125/><U16/><E129/><V74/><F134/><W28/><G131/><T93/><D109/><U50/><E135/><V40/><F107/><W55/><G123/><T94/><D115/><U113/><E100/><V5/><F30/><W103/><G45/><T130/><D130/><U69/><E69/><V34/><F34/><W108/><G67/><T102/><D6/><U110/><E110/><V101/><F75/><W61/><G77/><T133/><D133/><U10/><E33/><V22/><F120/><W21/><G35/><T127/><D127/><U54/><E10/><V117/><F117/><W122/><G122/><T31/><D17/><N who="1" m="6731" /><E24/><V90/><F22/><W83/><G108/><T91/><D91/><U116/><E39/><V124/><F124/><W79/><G79/><T18/><D18/><U37/><E37/><V106/><F15/><W9/><REACH who="3" step="1"/><G13/><REACH who="3" ten="240,259,252,239" step="2"/><T26/><D26/><U20/><E116/><V96/><F5/><W2/><G2/><T23/><D32/><U36/><E36/><V7/><F7/><W1/><G1/><T132/><D132/><U43/><E20/><V105/><F105/><AGARI ba="0,1" hai="9,11,21,25,28,55,56,61,80,81,83,98,103,105" machi="105" ten="40,1300,0" yaku="1,1,53,0" doraHai="118" doraHaiUra="66" who="3" fromWho="2" sc="240,0,259,0,252,-13,239,23" /><INIT seed="5,0,0,1,3,52" ten="240,259,239,262" oya="1" hai0="67,94,4,126,59,15,77,43,106,74,78,113,13" hai1="57,88,86,37,34,117,30,56,89,14,62,36,128" hai2="2,131,66,65,132,111,76,123,31,129,3,98,83" hai3="107,11,28,70,121,40,5,17,8,100,19,6,135"/><U85/><E117/><V1/><F123/><W18/><G70/><T87/><D106/><U134/><E30/><V93/><F111/><W90/><G40/><T125/><D113/><U24/><E34/><V48/><F132/><W50/><G107/><T133/><D133/><U61/><E24/><V92/><F31/><W124/><G100/><T102/><D74/><U115/><E134/><V75/><F48/><W25/><G135/><T0/><D0/><U79/><E79/><V69/><F93/><W60/><G50/><T55/><D67/><U46/><E46/><V27/><F27/><W84/><G124/><N who="0" m="47723" /><D43/><U99/><E99/><V42/><F42/><W114/><G114/><T116/><D116/><U109/><E115/><V44/><F44/><W120/><G60/><N who="0" m="35967" /><D13/><U7/><E14/><V9/><F9/><W91/><G11/><N who="0" m="4583" /><D87/><U10/><E109/><V12/><F12/><N who="3" m="5135" /><G84/><T95/><D95/><U96/><E10/><V58/><F69/><W122/><G6/><T35/><D35/><U54/><E7/><V41/><F41/><W130/><G122/><T108/><D108/><U110/><E110/><V47/><F47/><W118/><G118/><T71/><D71/><U16/><E85/><V51/><F51/><W53/><G53/><T80/><D80/><U105/><E54/><V101/><REACH who="2" step="1"/><F66/><REACH who="2" ten="240,259,229,262" step="2"/><W82/><G121/><T103/><D94/><U38/><E105/><V23/><F23/><W97/><G120/><T33/><D33/><U49/><E49/><V26/><F26/><W112/><G25/><T72/><D72/><U21/><E37/><V45/><F45/><RYUUKYOKU ba="0,1" sc="240,15,259,-15,229,15,262,-15" hai0="77,78,102,103" hai2="1,2,3,58,65,75,76,83,92,98,101,129,131" /><INIT seed="6,1,1,4,0,104" ten="255,244,244,247" oya="2" hai0="77,105,103,9,113,109,120,75,55,36,54,33,16" hai1="127,23,4,135,49,101,46,125,40,119,56,38,12" hai2="96,115,118,63,30,84,31,57,95,8,34,133,22" hai3="29,68,58,85,59,88,111,39,37,52,53,117,7"/><V130/><F118/><W43/><G111/><T28/><D109/><U107/><E119/><V13/><F115/><W5/><G117/><T82/><D120/><U108/><E108/><V35/><F133/><W97/><G97/><BYE who="3" /><T122/><D122/><U2/><E135/><V66/><F130/><W121/><G121/><T24/><D36/><U11/><E38/><V126/><F84/><W102/><G102/><T50/><D113/><U94/><E107/><V6/><F126/><N who="1" m="48137" /><E56/><V70/><F70/><W47/><G47/><T79/><D79/><U116/><E116/><UN n3="%E3%81%8B%E3%82%8F%E3%81%A1%E3%82%83%E3%82%93%35%38" /><V25/><REACH who="2" step="1"/><F31/><REACH who="2" ten="255,244,234,247" step="2"/><W71/><G68/><T44/><D28/><U87/><E87/><V27/><F27/><W78/><G29/><T61/><D24/><U110/><E110/><V132/><F132/><W73/><G71/><T32/><D75/><U74/><E74/><V1/><F1/><W134/><G73/><T14/><D33/><U114/><E114/><V3/><F3/><W86/><G134/><T64/><D32/><U51/><E2/><V41/><F41/><W76/><G43/><T98/><D14/><U21/><E51/><V112/><F112/><W83/><G83/><T131/><D131/><U89/><E40/><V124/><F124/><W42/><G42/><T90/><D82/><U18/><E49/><V45/><F45/><W48/><G48/><T17/><D50/><U60/><E46/><V100/><AGARI ba="1,2" hai="6,8,13,22,25,30,34,35,57,63,66,95,96,100" machi="100" ten="20,12000,1" yaku="1,1,0,1,7,1,25,2,53,0" doraHai="104" doraHaiUra="81" who="2" fromWho="2" sc="255,-41,244,-41,234,143,247,-41" owari="214,1.4,203,-29.7,377,47.7,206,-19.4" /></mjloggm>