<mjloggm ver="2.3"><GO type="225" lobby="0"/><UN n0="%E3%81%A8%E3%82%93%E3%81%A8%E3%81%93%E3%81%A8%E3%82%93" n1="%E9%9B%80%E6%A5%B5%E3%81%AE%E3%81%B8" n2="%6D%75%75%6D%75%72%61" n3="%73%6C%69%63%6B%33%31%39" dan="16,16,17,16" rate="2091.33,2109.44,2184.52,2118.26" sx="M,M,F,M"/><TAIKYOKU oya="0"/><INIT seed="0,0,0,0,0,70" ten="250,250,250,250" oya="0" hai0="102,62,28,44,1,32,56,110,75,22,85,50,128" hai1="21,121,133,83,105,52,97,19,42,132,84,71,25" hai2="106,0,7,67,11,4,69,34,78,26,36,37,93" hai3="90,10,101,20,95,74,59,41,114,55,79,124,33"/><T88/><D75/><U125/><E121/><V103/><F93/><W14/><G33/><T96/><D1/><U64/><E125/><V49/><F49/><W118/><G114/><T3/><D3/><U130/><E130/><V43/><F7/><W87/><G118/><T66/><D32/><U31/><E71/><V13/><F13/><W16/><G124/><T131/><D110/><U54/><E64/><V108/><F43/><W127/><G127/><T86/><D28/><U135/><E42/><V51/><F51/><W5/><G101/><T98/><D22/><U91/><REACH who="1" step="1"/><E31/><REACH who="1" ten="250,240,250,250" step="2"/><N who="2" m="19831" /><F108/><W89/><G41/><N who="0" m="24847" /><D131/><U126/><E126/><V92/><F67/><W60/><G74/><T18/><D128/><U112/><E112/><V120/><F120/><W111/><G111/><T2/><D2/><U122/><E122/><V29/><F29/><W68/><G68/><T113/><D113/><U57/><E57/><V58/><F58/><W40/><G40/><T53/><D66/><U123/><E123/><V80/><F69/><W117/><G117/><T27/><D102/><AGARI ba="0,1" hai="19,21,25,52,54,83,84,91,97,102,105,132,133,135" machi="102" ten="40,8000,1" yaku="1,1,20,1,54,1,53,1" doraHai="70" doraHaiUra="94" who="1" fromWho="0" sc="250,-80,240,90,250,0,250,0" /><INIT seed="1,0,0,0,0,51" ten="170,330,250,250" oya="1" hai0="14,122,5,7,111,26,94,73,1,60,135,112,21" hai1="90,130,4,56,34,104,61,13,69,83,44,119,17" hai2="9,101,72,10,43,0,28,133,91,93,32,82,19" hai3="62,120,80,41,97,85,22,70,115,18,128,55,117"/><U88/><E69/><V8/><F133/><W96/><G120/><T77/><D73/><U6/><E34/><V121/><F121/><W57/><G115/><T92/><D77/><U116/><E104/><V52/><F43/><W110/><G110/><T29/><D122/><U36/><E130/><V47/><F0/><W67/><G128/><T64/><D112/><U87/><E36/><V118/><F118/><W124/><G124/><T16/><D111/><U99/><E44/><V40/><F40/><W58/><G41/><T66/><D135/><U65/><E116/><V79/><F101/><W127/><G70/><T123/><D123/><U30/><E30/><V20/><F32/><W114/><G127/><T78/><D78/><U49/><E49/><V33/><F33/><W46/><G46/><T48/><D48/><U63/><E63/><V100/><F100/><W74/><G74/><T109/><D66/><U2/><E2/><V15/><F28/><W31/><G31/><T54/><D109/><U23/><E119/><V68/><F68/><W53/><G114/><T126/><D126/><U102/><E102/><V50/><REACH who="2" step="1"/><F20/><REACH who="2" ten="170,330,240,250" step="2"/><W59/><G117/><T95/><D1/><U25/><E23/><V45/><F45/><W108/><G108/><T107/><D107/><U75/><E56/><V98/><AGARI ba="0,1" hai="8,9,10,15,19,47,50,52,72,79,82,91,93,98" machi="98" ten="20,8000,1" yaku="1,1,0,1,7,1,52,1,54,1,53,0" doraHai="51" doraHaiUra="131" who="2" fromWho="2" sc="170,-20,330,-40,240,90,250,-20" /><INIT seed="2,0,0,0,3,58" ten="150,290,330,230" oya="2" hai0="87,115,88,50,26,99,110,22,39,86,96,33,107" hai1="59,56,64,40,63,89,105,47,123,6,13,19,52" hai2="81,78,69,0,113,85,76,104,57,100,42,121,72" hai3="51,67,27,117,38,4,80,93,54,106,101,92,66"/><V95/><F113/><W24/><G117/><T34/><D39/><U8/><E105/><V7/><F69/><W74/><G38/><T111/><D50/><N who="1" m="26983" /><E123/><V97/><F42/><W11/><G106/><T16/><D115/><U17/><E89/><N who="2" m="53679" /><F121/><W61/><G74/><T94/><D86/><U119/><E119/><V70/><F70/><W77/><G80/><T102/><REACH who="0" step="1"/><D87/><REACH who="0" ten="140,290,330,230" step="2"/><U3/><E3/><V91/><F0/><W44/><G77/><T83/><D83/><U30/><E30/><V120/><F78/><W45/><G45/><T36/><D36/><U5/><E5/><V128/><F7/><W116/><G116/><T126/><D126/><U12/><E12/><V31/><F120/><W133/><G44/><T118/><D118/><U55/><E17/><V46/><F46/><W14/><G4/><T25/><D25/><U108/><E6/><V122/><F122/><W60/><G24/><T1/><D1/><U37/><E37/><V73/><F73/><W82/><G27/><T90/><D90/><U2/><E2/><V103/><F91/><W23/><G14/><T125/><D125/><U109/><E108/><AGARI ba="0,1" hai="16,22,26,33,34,88,94,96,99,102,107,108,110,111" machi="108" ten="40,8000,1" yaku="1,1,14,1,54,2,53,0" doraHai="58" doraHaiUra="132" who="0" fromWho="1" sc="140,90,290,-80,330,0,230,0" /><INIT seed="3,0,0,3,4,131" ten="230,210,330,230" oya="3" hai0="70,116,53,47,75,64,124,97,127,42,31,88,28" hai1="121,73,21,81,33,79,68,56,123,16,71,91,86" hai2="17,93,85,90,45,115,101,59,7,41,61,50,82" hai3="108,92,20,111,63,128,76,132,98,32,114,119,65"/><W39/><G119/><T110/><D75/><U125/><E33/><V104/><F115/><W134/><G114/><T96/><D53/><U0/><E0/><V8/><F104/><W19/><G32/><T95/><D116/><U57/><E125/><N who="0" m="48201" /><D110/><N who="3" m="42025" /><G39/><N who="0" m="21983" /><D97/><U34/><E34/><V22/><F101/><N who="3" m="60615" /><G76/><T9/><D9/><U40/><E40/><V43/><F90/><W10/><G10/><T112/><D112/><U49/><E123/><V109/><F8/><W1/><G1/><T13/><D13/><U120/><E121/><V89/><F109/><W133/><G128/><T129/><D129/><U72/><E120/><V135/><F89/><W67/><G63/><AGARI ba="0,0" hai="28,31,63,64,70,88,95,96" m="21983,48201" machi="63" ten="30,2000,0" yaku="18,1,54,1" doraHai="131" who="0" fromWho="3" sc="230,20,210,0,330,0,230,-20" owari="250,5.0,210,-19.0,330,43.0,210,-29.0" /></mjloggm>