<mjloggm ver="2.3"><GO type="225" lobby="0"/><UN n0="%61%69%73%79%6F" n1="%E3%81%8B%E3%82%8F%E3%81%A1%E3%82%83%E3%82%93%35%38" n2="%E6%B8%A9%E2%98%85%E6%83%85%E2%98%85%E6%8E%AA%E2%98%85%E7%BD%AE" n3="%E6%A1%9C%E8%8A%B1%E9%96%83%E3%80%85" dan="17,16,16,17" rate="2221.91,2123.91,2152.06,2123.81" sx="M,M,M,M"/><TAIKYOKU oya="0"/><INIT seed="0,0,0,4,4,23" ten="250,250,250,250" oya="0" hai0="110,43,117,58,44,54,9,46,69,127,57,41,6" hai1="28,79,12,107,89,96,115,86,78,5,100,131,113" hai2="61,81,49,48,2,71,37,121,30,65,1,47,70" hai3="108,50,62,67,111,10,120,88,77,22,119,122,21"/><T102/><D117/><U4/><E28/><V31/><F121/><N who="3" m="46699" /><G77/><N who="1" m="29194" /><E12/><V126/><F126/><W34/><G34/><T14/><D127/><U55/><E55/><V92/><F81/><W68/><G119/><T99/><D110/><N who="3" m="42025" /><G10/><T75/><D69/><U33/><E33/><V103/><F37/><W36/><G36/><T123/><D123/><U18/><E18/><V93/><F103/><W53/><G88/><T97/><D75/><U7/><E7/><V16/><F16/><W124/><G124/><T27/><D102/><U133/><E133/><V13/><F13/><W116/><G116/><T20/><D43/><U80/><E4/><V128/><F47/><AGARI ba="0,0" hai="21,22,47,50,53,62,67,68" m="42025,46699" machi="47" ten="30,2000,0" yaku="13,1,14,1" doraHai="23" who="3" fromWho="2" sc="250,0,250,0,250,-20,250,20" /><INIT seed="1,0,0,4,2,65" ten="250,250,230,270" oya="1" hai0="80,7,5,97,91,37,60,123,113,40,38,101,12" hai1="105,133,119,53,32,132,59,41,52,69,0,70,134" hai2="49,110,96,56,130,42,64,120,94,111,125,124,107" hai3="21,104,35,112,95,45,4,25,73,61,129,87,36"/><U58/><E105/><V81/><F107/><W39/><G73/><T63/><D113/><U50/><E0/><V54/><F120/><W85/><G35/><T83/><D123/><U106/><E106/><V115/><F115/><W128/><G4/><T29/><D40/><U108/><E32/><V13/><F130/><W43/><G104/><T90/><D12/><U126/><E119/><V20/><F81/><W102/><G39/><T23/><D23/><U103/><E103/><V86/><F86/><W24/><G24/><T19/><D19/><U62/><E126/><N who="2" m="48747" /><F42/><W6/><G6/><T55/><D55/><U2/><E2/><V46/><F20/><W33/><G33/><T11/><D101/><U92/><E92/><V109/><F13/><W82/><G87/><T84/><D84/><U48/><E108/><N who="2" m="27651" /><V30/><DORA hai="135" /><F30/><W16/><G112/><T77/><D77/><U34/><E34/><V131/><F131/><W99/><G85/><T122/><D122/><U72/><E72/><V67/><F46/><AGARI ba="0,0" hai="41,46,48,50,52,53,58,59,62,69,70,132,133,134" machi="46" ten="40,18000,2" yaku="20,1,34,3,52,2,54,1" doraHai="65,135" who="1" fromWho="2" sc="250,0,250,180,230,-180,270,0" /><INIT seed="1,1,0,0,0,46" ten="250,430,50,270" oya="1" hai0="112,99,105,54,106,113,102,45,31,68,101,126,10" hai1="18,61,81,103,71,2,40,84,14,119,38,82,16" hai2="62,64,111,83,49,3,132,96,7,133,67,86,9" hai3="128,56,69,92,11,59,73,44,134,0,98,120,53"/><U50/><E119/><V124/><F111/><W12/><G0/><T79/><D68/><U41/><E2/><V115/><F124/><W33/><G120/><T77/><D31/><U88/><E38/><V104/><F115/><W5/><G128/><T63/><D63/><U48/><E103/><N who="0" m="39433" /><D54/><U52/><E71/><V39/><F39/><W97/><G33/><T19/><D45/><N who="1" m="27663" /><E61/><V55/><F96/><W28/><G12/><T29/><D19/><N who="1" m="7211" /><E14/><V110/><F104/><W80/><G69/><T32/><D105/><U36/><E36/><V85/><F110/><W108/><G53/><T1/><D32/><U122/><E122/><V90/><F86/><W22/><G73/><T109/><D1/><U107/><E107/><V100/><F100/><W76/><G98/><T26/><D99/><U27/><E27/><V66/><REACH who="2" step="1"/><F62/><REACH who="2" ten="250,430,40,270" step="2"/><W47/><G97/><T91/><D106/><U15/><E15/><V131/><F131/><W72/><G108/><T23/><D109/><U129/><E129/><V125/><F125/><W30/><G72/><T17/><D126/><U127/><E127/><V130/><F130/><W89/><G11/><T42/><D10/><U6/><E6/><V70/><F70/><W37/><G5/><T60/><D113/><U20/><E20/><V78/><F78/><W121/><G76/><T123/><D112/><U74/><E74/><V25/><F25/><W75/><G22/><T43/><D123/><U34/><E34/><V35/><F35/><W114/><G75/><T24/><D60/><U58/><E84/><V135/><F135/><W13/><G121/><RYUUKYOKU ba="1,1" sc="250,-10,430,-10,40,30,270,-10" hai2="3,7,9,49,55,64,66,67,83,85,90,132,133" /><INIT seed="2,2,1,0,3,53" ten="240,420,70,260" oya="2" hai0="67,80,2,97,43,64,69,50,61,32,5,57,41" hai1="82,73,9,90,37,70,6,14,94,11,109,48,98" hai2="30,129,56,38,68,75,65,26,115,135,88,35,71" hai3="79,40,29,119,17,10,93,110,118,89,84,36,59"/><V83/><F115/><W13/><G110/><T96/><D32/><U76/><E37/><V55/><F38/><W91/><G79/><T45/><D2/><U18/><E70/><V120/><F120/><W107/><G107/><T102/><D5/><U58/><E109/><V116/><F116/><W113/><G113/><T77/><D41/><U23/><E48/><V134/><F129/><W39/><G39/><T1/><D1/><U8/><REACH who="1" step="1"/><E58/><REACH who="1" ten="240,410,70,260" step="2"/><V99/><F65/><W27/><G59/><T60/><REACH who="0" step="1"/><D102/><REACH who="0" ten="230,410,70,260" step="2"/><U133/><E133/><N who="2" m="50699" /><F75/><AGARI ba="2,3" hai="43,45,50,57,60,61,64,67,69,75,77,80,96,97" machi="75" ten="30,3900,0" yaku="1,1,7,1,52,1,53,0" doraHai="53" doraHaiUra="81" who="0" fromWho="2" sc="230,75,410,0,70,-45,260,0" /><INIT seed="3,0,0,2,5,23" ten="305,410,25,260" oya="3" hai0="26,99,58,94,63,40,121,117,98,111,122,49,52" hai1="104,31,131,83,55,4,32,108,45,30,19,80,60" hai2="9,12,100,10,120,133,68,41,71,105,24,129,87" hai3="1,66,3,96,125,7,73,50,135,118,25,128,93"/><W20/><G118/><T5/><D111/><U81/><E104/><V33/><F87/><W107/><G107/><T47/><D117/><U101/><E101/><V67/><F41/><W8/><G125/><T46/><D5/><U65/><E4/><V42/><F42/><W44/><G135/><T74/><D74/><U53/><E19/><V34/><F67/><W126/><G128/><T35/><D98/><U11/><E11/><V103/><F12/><W37/><G126/><T97/><D97/><U27/><E108/><V92/><F105/><W110/><G110/><T6/><D6/><U64/><E131/><V130/><F92/><W76/><G37/><T91/><D46/><U82/><E82/><V123/><REACH who="2" step="1"/><F133/><REACH who="2" ten="305,410,15,260" step="2"/><W62/><G66/><T39/><D39/><U69/><E65/><V29/><F29/><W77/><G93/><T59/><D59/><U72/><E31/><V14/><F14/><W16/><G96/><T18/><D35/><U48/><E53/><V112/><F112/><W56/><G73/><T85/><D85/><U78/><AGARI ba="0,1" hai="27,30,32,45,48,55,60,64,69,72,78,80,81,83" machi="78" ten="30,2000,0" yaku="0,1,52,1" doraHai="23" who="1" fromWho="1" sc="305,-5,410,30,15,-5,260,-10" owari="300,10.0,440,54.0,10,-49.0,250,-15.0" /></mjloggm>