<mjloggm ver="2.3"><GO type="225" lobby="0"/><UN n0="%E6%B8%A1%E5%A4%A9%E8%97%8D" n1="%E3%83%81%E3%83%AF%E3%83%AF%E9%9A%8A%E9%95%B7" n2="%E5%8D%A0%E3%81%84%E5%B8%AB%E8%A3%8F%E3%81%AA%E3%81%84%E3%81%97" n3="%E6%81%A5%E6%99%92%E3%81%97" dan="16,16,17,16" rate="2143.30,2116.50,2198.15,2158.34" sx="M,M,M,M"/><TAIKYOKU oya="0"/><INIT seed="0,0,0,5,0,14" ten="250,250,250,250" oya="0" hai0="119,65,86,104,100,81,85,10,25,11,5,74,62" hai1="125,48,36,95,102,35,39,64,12,32,105,60,116" hai2="15,67,58,8,2,63,129,66,49,124,59,51,112" hai3="123,43,120,17,101,78,18,132,38,131,55,7,73"/><T118/><D74/><U103/><E116/><V115/><F2/><W126/><G126/><T130/><D130/><U69/><E105/><V26/><F129/><W0/><G131/><T16/><D86/><U90/><E125/><V113/><F124/><W4/><G132/><T84/><D84/><U110/><E110/><V93/><F26/><W13/><G101/><T31/><D10/><U82/><E103/><V61/><REACH who="2" step="1"/><F93/><REACH who="2" ten="250,250,240,250" step="2"/><W56/><G0/><T33/><D118/><U44/><E95/><V92/><F92/><W46/><G120/><T50/><D119/><U34/><E102/><V37/><F37/><W122/><G123/><T22/><D100/><U57/><E36/><V94/><F94/><W111/><G122/><T88/><D104/><U45/><E39/><V128/><F128/><W87/><G111/><T29/><D33/><U52/><E32/><V121/><F121/><W68/><G13/><N who="0" m="5359" /><D50/><U3/><E34/><V1/><F1/><W40/><G38/><T134/><D134/><U6/><E35/><V47/><F47/><W24/><G46/><T133/><D133/><U28/><E3/><V79/><F79/><W19/><G24/><T114/><D114/><U135/><E44/><V53/><F53/><W96/><G55/><T9/><D9/><U72/><E135/><V117/><F117/><W106/><G106/><T54/><D54/><U23/><E52/><V30/><F30/><W89/><G78/><T97/><D97/><U107/><E28/><V70/><F70/><W20/><G96/><T75/><D75/><U83/><E72/><V109/><F109/><RYUUKYOKU ba="0,1" sc="250,15,250,-15,240,15,250,-15" hai0="16,22,25,29,31,62,65,81,85,88" hai2="8,15,49,51,58,59,61,63,66,67,112,113,115" /><INIT seed="0,1,1,3,3,65" ten="265,235,255,235" oya="0" hai0="100,39,55,77,87,45,67,60,50,133,12,101,3" hai1="5,123,113,8,81,64,36,105,63,40,115,54,131" hai2="75,62,102,11,28,49,46,22,34,16,112,129,48" hai3="37,134,121,56,68,41,13,111,18,96,135,90,119"/><T24/><D3/><U86/><E123/><V29/><F112/><W27/><G119/><T109/><D133/><N who="3" m="50697" /><G111/><T106/><D106/><U6/><E105/><V20/><F75/><W59/><G121/><T71/><D109/><U116/><E116/><V9/><F34/><W79/><G79/><T76/><D12/><U98/><E131/><V126/><F129/><W80/><G27/><T72/><D72/><U4/><E54/><V21/><F126/><W89/><G68/><T47/><D24/><U82/><E8/><N who="2" m="3147" /><F62/><W127/><G127/><T43/><REACH who="0" step="1"/><D76/><REACH who="0" ten="255,235,255,235" step="2"/><U58/><E115/><V83/><F28/><W61/><G13/><T124/><D124/><U118/><E113/><V107/><F29/><W95/><G18/><T84/><D84/><U57/><E86/><V23/><F16/><W69/><G96/><T128/><D128/><U122/><E118/><V44/><F107/><W2/><G2/><T110/><D110/><U10/><E122/><V26/><F26/><W38/><G90/><T15/><D15/><U117/><E117/><V52/><F102/><W125/><G89/><T78/><D78/><U33/><E4/><V1/><F1/><W103/><G125/><T51/><D51/><U25/><E5/><V70/><F48/><W14/><G103/><T0/><D0/><U66/><E6/><V91/><F49/><W42/><G14/><T35/><D35/><U94/><E33/><V120/><F91/><W130/><G130/><T88/><D88/><N who="1" m="55623" /><E25/><V97/><N who="2" m="5120" /><DORA hai="73" /><V7/><F120/><W32/><G32/><T74/><D74/><U53/><E10/><RYUUKYOKU ba="1,2" sc="255,30,235,-10,255,-10,235,-10" hai0="39,43,45,47,50,55,60,67,71,77,87,100,101" /><INIT seed="0,2,2,5,1,116" ten="285,225,245,225" oya="0" hai0="43,91,41,36,63,7,71,17,95,69,52,39,105" hai1="127,34,124,33,90,45,82,8,64,111,3,78,106" hai2="72,58,56,74,133,134,120,4,65,15,109,50,70" hai3="99,28,119,38,83,110,88,11,81,67,135,92,24"/><T87/><D105/><U21/><E106/><V121/><F70/><W1/><G119/><T44/><D7/><N who="1" m="1151" /><E64/><V86/><F109/><W25/><G110/><T47/><REACH who="0" step="1"/><D17/><REACH who="0" ten="275,225,245,225" step="2"/><U107/><E107/><V112/><F4/><W53/><G135/><T129/><D129/><U13/><E111/><V123/><F112/><W20/><G28/><T12/><D12/><U37/><E13/><V59/><F15/><W5/><G1/><T117/><D117/><U9/><E124/><V84/><F65/><W131/><G131/><T14/><D14/><U54/><E127/><V118/><F118/><W73/><G5/><T85/><D85/><N who="2" m="32874" /><F50/><W10/><G11/><T94/><D94/><U113/><E9/><V108/><F108/><W27/><G10/><T48/><D48/><U40/><E113/><V35/><F35/><W98/><G38/><T77/><D77/><U79/><E33/><V32/><F32/><W42/><G92/><T101/><D101/><U16/><E34/><V60/><F60/><W62/><G62/><T29/><D29/><U80/><E78/><V55/><F55/><W46/><G53/><T23/><D23/><U102/><E54/><V115/><F115/><W114/><G20/><T96/><D96/><U128/><E79/><V19/><F19/><W51/><G114/><T57/><AGARI ba="2,3" hai="36,39,41,43,44,47,52,57,63,69,71,87,91,95" machi="57" ten="30,11700,0" yaku="1,1,0,1,9,1,54,1,53,0" doraHai="116" doraHaiUra="18" who="0" fromWho="0" sc="275,153,225,-41,245,-41,225,-41" /><INIT seed="0,3,0,0,4,129" ten="428,184,204,184" oya="0" hai0="39,36,44,35,102,15,10,9,112,37,111,71,49" hai1="68,99,96,125,61,0,87,101,100,55,110,74,66" hai2="120,98,133,86,11,45,21,113,119,63,78,29,130" hai3="82,134,8,64,53,57,81,108,65,47,23,104,31"/><T92/><D112/><U41/><E74/><V51/><F120/><W73/><G104/><T97/><D71/><U19/><E0/><V32/><F113/><W25/><G108/><T62/><D35/><U46/><E110/><V13/><F130/><W90/><G73/><T7/><D111/><U26/><E125/><V3/><F119/><W80/><G134/><T105/><D62/><U1/><E1/><V70/><F32/><W12/><G47/><T4/><D105/><U69/><E55/><V132/><F98/><W122/><G90/><T17/><REACH who="0" step="1"/><D10/><REACH who="0" ten="418,184,204,184" step="2"/><U50/><E68/><V123/><F63/><N who="3" m="36271" /><G122/><T93/><D93/><U28/><E69/><V58/><F70/><W135/><G135/><N who="2" m="51785" /><F123/><W14/><G8/><T27/><D27/><U56/><E26/><N who="2" m="16591" /><F3/><W117/><G117/><T33/><D33/><U89/><E61/><V38/><F38/><W128/><G128/><T126/><D126/><U20/><E66/><AGARI ba="3,1" hai="12,14,23,25,31,64,65,66,80,81,82" m="36271" machi="66" ten="30,1000,0" yaku="8,1" doraHai="129" who="3" fromWho="1" sc="418,0,184,-19,204,0,184,29" /><INIT seed="1,0,0,4,2,38" ten="418,165,204,213" oya="1" hai0="8,59,29,7,12,113,72,67,134,86,52,68,95" hai1="77,109,76,13,89,0,25,98,58,34,3,70,30" hai2="23,46,49,39,35,5,22,33,32,15,14,120,26" hai3="66,16,117,21,105,27,118,57,36,43,116,85,110"/><U97/><E70/><V74/><F120/><W1/><G105/><T71/><D72/><U44/><E109/><V60/><F74/><W80/><G1/><T37/><D37/><U61/><E0/><V62/><F39/><W10/><G110/><T75/><D75/><U106/><E3/><V127/><F127/><W42/><G10/><T54/><D113/><U41/><E13/><V83/><F83/><W2/><G2/><T79/><D134/><U55/><E97/><V28/><F22/><W63/><REACH who="3" step="1"/><G36/><REACH who="3" ten="418,165,204,203" step="2"/><T135/><D8/><U93/><REACH who="1" step="1"/><E106/><REACH who="1" ten="418,155,204,203" step="2"/><V9/><REACH who="2" step="1"/><F14/><REACH who="2" ten="418,155,194,203" step="2"/><W101/><G101/><T69/><D12/><U73/><E73/><V103/><F103/><W53/><G53/><AGARI ba="0,3" hai="5,9,15,23,26,28,32,33,35,46,49,53,60,62" machi="53" ten="40,2600,0" yaku="1,1,53,1" doraHai="38" doraHaiUra="6" who="2" fromWho="3" sc="418,0,155,0,194,56,203,-26" /><INIT seed="2,0,0,1,1,27" ten="418,155,250,177" oya="2" hai0="21,116,70,118,72,40,82,106,61,135,4,114,56" hai1="123,2,128,99,51,13,113,37,18,92,63,50,15" hai2="34,131,134,98,48,33,46,0,105,11,108,74,9" hai3="69,45,122,32,87,78,7,83,5,24,111,100,91"/><V39/><F131/><W65/><G122/><T88/><D106/><U14/><E113/><V6/><F134/><W10/><G111/><T8/><D70/><U44/><E2/><V104/><F108/><W117/><G117/><N who="0" m="45163" /><D114/><U77/><E123/><V67/><F67/><W60/><G45/><T97/><D40/><U94/><E128/><V101/><F48/><W20/><G32/><N who="2" m="12393" /><F9/><W68/><G68/><T79/><D21/><U107/><E107/><N who="2" m="63927" /><F74/><W54/><G100/><T49/><D49/><U1/><E1/><V85/><F85/><W112/><G112/><T81/><D135/><U119/><E119/><V125/><F125/><W41/><G54/><N who="0" m="33943" /><D82/><U80/><E50/><V89/><F89/><W124/><G41/><AGARI ba="0,0" hai="0,6,11,39,41,46,104,105" m="63927,12393" machi="41" ten="30,2900,0" yaku="33,2" doraHai="27" who="2" fromWho="3" sc="418,0,155,0,250,29,177,-29" /><INIT seed="2,1,0,5,1,72" ten="418,155,279,148" oya="2" hai0="34,15,39,40,26,8,84,11,10,58,2,7,29" hai1="67,18,123,75,28,81,4,59,113,130,16,74,38" hai2="50,103,105,49,45,1,47,13,46,94,90,27,9" hai3="98,117,99,127,32,95,41,22,73,107,23,119,17"/><V83/><F1/><W61/><G32/><T125/><D58/><U131/><E113/><V37/><F37/><W118/><G127/><T53/><D53/><U133/><E38/><V112/><F112/><W33/><G33/><T6/><D125/><U0/><E133/><V56/><F105/><W124/><G124/><T116/><D116/><U21/><E123/><V64/><F103/><W68/><G23/><T62/><D62/><N who="1" m="38367" /><E28/><V54/><F27/><W114/><G114/><T87/><REACH who="0" step="1"/><D10/><REACH who="0" ten="408,155,279,148" step="2"/><U77/><E130/><V97/><F64/><W102/><G117/><T43/><D43/><U70/><E131/><V5/><REACH who="2" step="1"/><F83/><REACH who="2" ten="408,155,269,148" step="2"/><W14/><G118/><T12/><D12/><U106/><E81/><V85/><F85/><W55/><G119/><T30/><D30/><U92/><E74/><V132/><F132/><W35/><G73/><T60/><D60/><AGARI ba="1,2" hai="5,9,13,45,46,47,49,50,54,56,60,90,94,97" machi="60" ten="40,3900,0" yaku="1,1,8,1,53,0" doraHai="72" doraHaiUra="126" who="2" fromWho="0" sc="408,-42,155,0,269,62,148,0" /><INIT seed="2,2,0,5,5,112" ten="366,155,331,148" oya="2" hai0="57,32,89,85,111,75,103,100,58,128,109,129,99" hai1="2,36,121,56,53,23,88,98,132,82,68,76,38" hai2="127,12,41,48,96,60,37,14,108,104,70,51,90" hai3="16,102,0,97,63,95,62,21,65,105,15,115,19"/><V74/><F74/><W3/><G115/><T26/><D58/><U25/><E68/><V24/><F127/><W7/><G7/><T18/><D57/><U94/><E2/><V44/><F108/><N who="0" m="41546" /><D75/><U87/><E121/><V71/><F37/><W118/><G118/><T86/><D100/><U73/><E132/><V133/><F133/><W22/><G105/><N who="0" m="63743" /><D85/><U84/><E84/><V92/><F104/><W123/><G123/><T125/><D125/><U27/><E27/><V45/><F24/><W54/><G54/><T50/><D50/><U42/><E42/><V113/><F113/><W1/><REACH who="3" step="1"/><G65/><REACH who="3" ten="366,155,331,138" step="2"/><T9/><D129/><U66/><E66/><V20/><F60/><W79/><G79/><T52/><D52/><U8/><E73/><V40/><REACH who="2" step="1"/><F12/><AGARI ba="2,1" hai="0,1,3,12,15,16,19,21,22,62,63,95,97,102" machi="12" ten="40,5200,0" yaku="1,1,9,1,54,1,53,0" doraHai="112" doraHaiUra="119" who="3" fromWho="2" sc="366,0,155,0,331,-58,138,68" /><INIT seed="3,0,0,1,1,117" ten="366,155,273,206" oya="3" hai0="44,17,22,126,121,10,50,93,74,55,69,72,34" hai1="104,41,58,106,124,103,110,33,111,135,28,35,59" hai2="82,113,87,101,14,61,31,2,57,92,43,5,109" hai3="122,130,40,68,119,107,11,95,8,49,46,118,128"/><W4/><G107/><N who="1" m="41002" /><E28/><V84/><F109/><N who="1" m="41481" /><E41/><V52/><F113/><W116/><G68/><T89/><D121/><U30/><E30/><V25/><F2/><W102/><G122/><T18/><D34/><N who="1" m="12811" /><E103/><V15/><F43/><W112/><G112/><T27/><D27/><U134/><E124/><V125/><F125/><W79/><G79/><T65/><D126/><U99/><E99/><V91/><F101/><W123/><G123/><T36/><D22/><U100/><E100/><V37/><F25/><W131/><G4/><T127/><D127/><U90/><E90/><V0/><F31/><W78/><G78/><T86/><D89/><U19/><E19/><V133/><F91/><W64/><G64/><T76/><D18/><U16/><E16/><V42/><F42/><W97/><AGARI ba="0,0" hai="8,11,40,46,49,95,97,102,116,118,119,128,130,131" machi="97" ten="40,3900,0" yaku="0,1,19,1" doraHai="117" who="3" fromWho="3" sc="366,-13,155,-13,273,-13,206,39" /><INIT seed="3,1,0,5,2,39" ten="353,142,260,245" oya="3" hai0="74,56,28,76,13,85,96,37,51,94,30,36,91" hai1="86,92,45,72,100,116,41,59,93,67,102,38,34" hai2="12,50,5,23,17,48,57,22,40,20,122,6,16" hai3="64,8,4,114,29,127,125,134,82,95,52,84,90"/><W101/><G114/><T0/><D0/><U77/><E34/><V81/><F122/><W70/><G134/><T2/><D2/><U126/><E72/><V54/><F81/><W31/><G64/><T98/><D36/><U24/><E116/><V25/><F22/><W55/><G70/><T123/><D37/><U80/><E126/><N who="3" m="48138" /><G101/><T35/><D35/><U46/><E24/><V69/><F69/><W3/><G95/><T133/><D133/><U112/><E112/><V68/><F68/><W47/><G47/><AGARI ba="1,0" hai="5,6,12,16,17,20,23,25,40,47,48,50,54,57" machi="47" ten="40,5200,0" yaku="8,1,52,1,54,1" doraHai="39" who="2" fromWho="3" sc="353,0,142,0,260,55,245,-55" owari="353,45.3,142,-35.8,315,11.5,190,-21.0" /></mjloggm>