<mjloggm ver="2.3"><GO type="225" lobby="0"/><UN n0="%E6%A1%9C%E8%8A%B1%E9%96%83%E3%80%85" n1="%6E%69%63%6F%6E%74%6F" n2="%E3%81%86%E3%81%A9%E3%82%93%E3%81%93" n3="%E3%81%BF%E3%81%BF%E3%81%9A" dan="16,16,16,18" rate="2134.31,2125.60,2111.79,2244.07" sx="M,M,M,M"/><TAIKYOKU oya="0"/><INIT seed="0,0,0,0,0,50" ten="250,250,250,250" oya="0" hai0="134,114,16,3,43,12,9,45,92,70,110,32,40" hai1="13,82,85,123,59,127,5,102,135,129,83,47,24" hai2="128,56,53,112,61,122,87,119,101,91,41,80,93" hai3="108,97,8,10,126,103,124,35,75,104,121,37,99"/><T106/><D106/><U88/><E123/><V58/><F122/><W109/><G121/><T14/><D114/><U26/><E129/><V57/><F112/><W71/><G37/><T133/><D3/><U76/><E135/><N who="0" m="51721" /><D70/><U39/><E127/><N who="3" m="48682" /><G75/><T33/><D110/><N who="3" m="42601" /><G35/><N who="0" m="13387" /><D45/><U15/><E102/><V6/><F128/><W36/><G36/><T55/><D55/><U49/><E39/><V98/><F119/><W48/><G71/><T11/><D92/><U100/><E59/><V17/><F6/><AGARI ba="0,0" hai="6,9,11,12,14,16,40,43" m="13387,51721" machi="6" ten="30,2900,0" yaku="20,1,54,1" doraHai="50" who="0" fromWho="2" sc="250,29,250,0,250,-29,250,0" /><INIT seed="0,1,0,1,3,127" ten="279,250,221,250" oya="0" hai0="80,106,130,34,87,12,53,104,57,16,45,75,102" hai1="79,128,89,93,129,109,61,78,25,51,67,97,49" hai2="110,11,38,55,100,122,29,44,6,46,2,68,92" hai3="120,88,70,69,58,83,36,23,28,123,43,31,84"/><T54/><D75/><U103/><E109/><V0/><F122/><N who="3" m="46635" /><G58/><T7/><D34/><U59/><E51/><V63/><F110/><W98/><G98/><T114/><D114/><U1/><E1/><V37/><F2/><W73/><G73/><T10/><D130/><N who="1" m="50283" /><E25/><V41/><F29/><N who="3" m="11339" /><G23/><T118/><D118/><U56/><E103/><V105/><F105/><W125/><G125/><T115/><D115/><U99/><E99/><V20/><F100/><W111/><G111/><T131/><D131/><U42/><E42/><V135/><F41/><W81/><G81/><T119/><D119/><U95/><E95/><V126/><F92/><W132/><G132/><T24/><D102/><U101/><E101/><V124/><F135/><W18/><G18/><T91/><D24/><U65/><E65/><V134/><F134/><W47/><AGARI ba="1,0" hai="36,43,47,69,70,83,84,88" m="11339,46635" machi="47" ten="30,2000,0" yaku="13,1,54,1" doraHai="127" who="3" fromWho="3" sc="279,-11,250,-6,221,-6,250,23" /><INIT seed="1,0,0,5,4,60" ten="268,244,215,273" oya="1" hai0="87,84,32,2,117,28,134,70,75,56,54,30,109" hai1="110,63,10,50,77,27,35,132,9,90,114,26,11" hai2="128,69,112,73,76,42,49,44,103,80,121,93,62" hai3="55,126,6,98,22,74,58,19,65,86,43,46,66"/><U48/><E114/><V17/><F121/><W21/><G74/><T108/><D117/><U88/><E35/><V81/><F112/><W16/><G126/><T7/><D70/><U40/><E132/><V94/><F128/><W124/><G124/><T38/><D38/><U107/><E107/><V23/><F103/><W37/><G6/><T97/><D75/><U123/><E123/><V64/><REACH who="2" step="1"/><F81/><REACH who="2" ten="268,244,205,273" step="2"/><W129/><G129/><T85/><D134/><U89/><E110/><V120/><F120/><W100/><G86/><T31/><D97/><U111/><E111/><V127/><F127/><W53/><G98/><T29/><D32/><U3/><E3/><V59/><F59/><W95/><G100/><T92/><D108/><U116/><E116/><V135/><F135/><W105/><G58/><T33/><D33/><U15/><E15/><AGARI ba="0,1" hai="15,17,23,42,44,49,62,64,69,73,76,80,93,94" machi="15" ten="30,7700,0" yaku="1,1,7,1,52,1,53,1" doraHai="60" doraHaiUra="39" who="2" fromWho="1" sc="268,0,244,-77,205,87,273,0" /><INIT seed="2,0,0,1,4,115" ten="268,167,292,273" oya="2" hai0="49,55,101,1,2,61,69,21,123,70,91,106,8" hai1="56,132,57,72,89,74,48,29,60,86,5,4,26" hai2="30,58,37,66,67,81,84,46,118,75,100,80,68" hai3="78,44,93,135,126,17,62,23,103,39,105,122,3"/><V111/><F68/><W40/><G122/><T11/><D123/><U82/><E132/><V87/><F75/><W114/><G114/><T14/><D106/><U65/><E74/><V41/><F118/><W47/><G135/><T95/><D101/><U59/><E72/><V9/><F100/><W109/><G3/><T34/><D34/><U16/><E29/><V7/><F30/><W124/><G78/><T24/><D1/><U119/><E119/><V125/><F125/><N who="3" m="48235" /><G109/><T6/><D61/><U131/><E131/><V98/><F98/><N who="3" m="59855" /><G105/><T96/><D21/><U90/><E90/><V42/><F42/><W36/><G62/><T130/><D24/><U54/><REACH who="1" step="1"/><E59/><REACH who="1" ten="268,157,292,273" step="2"/><V32/><F58/><W99/><G99/><T113/><D130/><U63/><E63/><V33/><F111/><W112/><G112/><T45/><REACH who="0" step="1"/><D113/><REACH who="0" ten="258,157,292,273" step="2"/><U73/><E73/><V107/><F33/><W83/><G23/><AGARI ba="0,2" hai="4,5,16,23,26,48,54,56,57,60,65,82,86,89" machi="23" ten="40,5200,0" yaku="1,1,8,1,54,1,53,0" doraHai="115" doraHaiUra="92" who="1" fromWho="3" sc="258,0,157,72,292,0,273,-52" /><INIT seed="3,0,0,4,0,107" ten="258,229,292,221" oya="3" hai0="38,47,120,53,46,39,99,116,3,9,20,101,57" hai1="117,25,64,82,37,27,49,65,72,96,42,118,23" hai2="113,69,115,5,71,41,14,70,112,1,22,97,63" hai3="62,87,52,19,133,75,30,74,132,33,79,84,43"/><W109/><G43/><T2/><D116/><N who="1" m="44651" /><E37/><V16/><F41/><W28/><G19/><T76/><D120/><U40/><E96/><V103/><F1/><W80/><G109/><T61/><D20/><U104/><E104/><V89/><F89/><W21/><G21/><T95/><D76/><N who="1" m="44295" /><E27/><V78/><F78/><W13/><G13/><T123/><D123/><U10/><E10/><V131/><F5/><W11/><G11/><T7/><D2/><U34/><E34/><V8/><F131/><W55/><G33/><T102/><D102/><U85/><E85/><N who="3" m="32842" /><G75/><T24/><D24/><U18/><E42/><V6/><F6/><W93/><G93/><T56/><D39/><U77/><E77/><V98/><F8/><W50/><G62/><T54/><D38/><U4/><E4/><V26/><F26/><W127/><G127/><T121/><D121/><U90/><E90/><V60/><REACH who="2" step="1"/><F98/><REACH who="2" ten="258,229,282,221" step="2"/><W119/><G119/><T135/><D7/><U17/><E17/><V130/><F130/><W68/><G68/><T86/><D9/><U15/><E25/><V105/><AGARI ba="0,1" hai="14,16,22,60,63,69,70,71,97,103,105,112,113,115" machi="105" ten="40,12000,2" yaku="1,1,0,1,54,1,53,3" doraHai="107" doraHaiUra="108" who="2" fromWho="2" sc="258,-30,229,-30,282,130,221,-60" owari="228,2.8,199,-20.1,412,51.2,161,-33.9" /></mjloggm>