<mjloggm ver="2.3"><GO type="225" lobby="0"/><UN n0="%E7%BD%AA%E5%88%91%E6%B3%95%E5%AE%9A%E4%B8%BB%E7%BE%A9" n1="%73%61%6E%64%69%72%69%73" n2="%4D%50%43%32%38%30%30" n3="%E8%A8%88%E7%AE%97%E6%A9%9F%E8%87%AA%E7%84%B6" dan="16,16,16,17" rate="2169.84,2109.07,2140.88,2183.99" sx="M,M,M,M"/><TAIKYOKU oya="0"/><INIT seed="0,0,0,4,4,105" ten="250,250,250,250" oya="0" hai0="18,113,45,132,70,125,127,7,50,126,28,66,67" hai1="12,134,57,3,21,74,34,85,91,82,87,133,32" hai2="16,129,72,109,86,103,98,36,60,64,92,104,26" hai3="123,38,5,77,8,118,97,131,54,29,1,63,111"/><T99/><D113/><U102/><E3/><V90/><F36/><W84/><G118/><T24/><D7/><U80/><E102/><V110/><F129/><W100/><G38/><T13/><D99/><U93/><E57/><V47/><F47/><W42/><G42/><N who="0" m="24887" /><D70/><U51/><E51/><V14/><F26/><W81/><G131/><T10/><D132/><N who="1" m="50795" /><E12/><V135/><F135/><W35/><G123/><T33/><AGARI ba="0,0" hai="10,13,18,24,28,33,66,67,125,126,127" m="24887" machi="33" ten="30,1500,0" yaku="18,1" doraHai="105" who="0" fromWho="0" sc="250,15,250,-5,250,-5,250,-5" /><INIT seed="0,1,0,1,0,107" ten="265,245,245,245" oya="0" hai0="109,135,14,69,63,113,16,12,101,120,121,102,132" hai1="110,84,86,103,123,95,129,23,131,119,78,17,98" hai2="85,122,44,29,94,59,15,92,79,50,88,4,89" hai3="37,10,35,115,82,43,67,19,74,7,45,73,8"/><T68/><D113/><U56/><E119/><V20/><F122/><W41/><G115/><T27/><D27/><U130/><E123/><V33/><F33/><W83/><G35/><T127/><D63/><U71/><E71/><V26/><F59/><W64/><G19/><T11/><D11/><U58/><E110/><V34/><F34/><W38/><REACH who="3" step="1"/><G45/><REACH who="3" ten="265,245,245,235" step="2"/><T47/><D47/><U124/><E17/><V106/><F106/><W96/><G96/><T93/><D16/><U133/><E98/><N who="2" m="57607" /><F4/><AGARI ba="1,1" hai="4,7,8,10,37,38,41,43,64,67,73,74,82,83" machi="4" ten="25,8000,1" yaku="1,1,22,2,52,2,53,0" doraHai="107" doraHaiUra="32" who="3" fromWho="2" sc="265,0,245,0,245,-83,235,93" /><INIT seed="1,0,0,0,4,46" ten="265,245,162,328" oya="1" hai0="55,67,72,86,68,8,121,129,29,48,22,11,18" hai1="97,94,92,63,119,61,109,51,57,83,21,39,36" hai2="45,130,10,0,30,91,3,107,132,122,65,78,12" hai3="117,79,85,49,37,28,124,64,6,19,25,105,44"/><U33/><E119/><V5/><F107/><W87/><G37/><T106/><D72/><U89/><E33/><V42/><F122/><W32/><G105/><T82/><D106/><U77/><E109/><V98/><F132/><W102/><G102/><T7/><D129/><U58/><E39/><V99/><F130/><W76/><G6/><T100/><D100/><U96/><E36/><V2/><F65/><W133/><G64/><T59/><D29/><U13/><E51/><V127/><F127/><W74/><G133/><T31/><D31/><U123/><E123/><V125/><F125/><W16/><G124/><T73/><D73/><U112/><E112/><V35/><F91/><W47/><G47/><T66/><D68/><U84/><E13/><V23/><F78/><W75/><G76/><T120/><D121/><U26/><E63/><V80/><F80/><W17/><G117/><T40/><D40/><U69/><E61/><V38/><REACH who="2" step="1"/><F35/><REACH who="2" ten="265,245,152,328" step="2"/><W9/><G79/><N who="0" m="46431" /><D120/><U54/><E69/><V52/><F52/><W126/><G126/><T15/><D11/><U95/><E54/><V135/><F135/><W103/><G9/><T34/><D34/><U53/><E53/><V101/><F101/><W113/><G103/><T27/><AGARI ba="0,1" hai="7,8,15,18,22,27,48,55,59,66,67" m="46431" machi="27" ten="30,2000,0" yaku="8,1,52,1" doraHai="46" who="0" fromWho="0" sc="265,30,245,-10,152,-5,328,-5" /><INIT seed="2,0,0,4,0,134" ten="295,235,147,323" oya="2" hai0="117,54,71,4,118,113,115,73,119,53,79,31,76" hai1="38,24,84,11,35,125,114,15,59,6,26,95,92" hai2="135,41,124,127,49,0,14,88,20,72,74,103,99" hai3="33,93,34,69,123,111,107,80,128,27,96,81,37"/><V16/><F0/><W67/><G123/><T108/><D31/><U40/><E114/><N who="0" m="43529" /><D71/><U46/><E125/><N who="2" m="48203" /><F135/><W65/><G37/><T90/><D90/><U10/><E35/><V109/><F109/><W112/><G93/><T70/><D70/><U83/><E59/><V82/><F41/><W9/><G128/><T63/><D108/><U42/><E42/><V17/><F49/><W22/><G33/><T7/><D63/><U50/><E38/><V98/><F103/><W75/><G34/><T97/><D97/><N who="2" m="36874" /><F17/><W100/><G111/><T13/><D119/><U32/><E32/><V52/><F52/><W86/><G112/><T2/><D54/><U51/><E51/><V91/><F91/><W56/><G100/><T55/><D53/><U131/><E131/><V78/><F88/><W28/><G96/><T104/><D55/><U30/><E95/><V60/><F60/><W19/><G19/><T122/><D2/><U101/><E92/><V94/><F94/><W39/><G39/><T18/><D18/><N who="1" m="8567" /><E101/><V126/><N who="2" m="48211" /><V61/><DORA hai="48" /><F61/><W105/><G107/><T110/><D110/><U45/><E45/><V12/><F74/><W116/><G75/><T129/><D73/><U66/><E66/><V1/><F1/><W64/><G65/><T23/><D118/><U29/><E29/><V120/><F120/><W47/><G116/><T21/><D122/><U25/><E30/><V132/><F132/><W89/><G64/><T43/><D117/><U44/><E44/><V57/><F14/><W77/><G67/><T36/><D13/><N who="1" m="5367" /><E25/><V62/><F62/><RYUUKYOKU ba="0,0" sc="295,-15,235,15,147,15,323,-15" hai1="24,26,40,46,50,83,84" hai2="12,16,20,57,72,78,82" /><INIT seed="2,1,0,0,2,120" ten="280,250,162,308" oya="2" hai0="99,135,44,23,128,107,43,56,104,106,50,62,59" hai1="17,96,4,41,73,124,68,123,132,121,114,95,15" hai2="78,46,57,89,7,72,71,82,37,110,51,48,8" hai3="0,113,92,81,22,133,29,2,125,27,134,3,75"/><V88/><F71/><W35/><G125/><T67/><D128/><U93/><E114/><V21/><F110/><W80/><G113/><T118/><D135/><N who="3" m="51721" /><G75/><T52/><D118/><U1/><E132/><V36/><F21/><W109/><G109/><T6/><D6/><U19/><E124/><V60/><F51/><W14/><G92/><T20/><REACH who="0" step="1"/><D99/><REACH who="0" ten="270,250,162,308" step="2"/><U131/><E96/><V108/><F108/><W13/><G35/><T83/><D83/><AGARI ba="1,1" hai="0,2,3,13,14,22,27,29,80,81,83" m="51721" machi="83" ten="40,1300,0" yaku="20,1" doraHai="120" who="3" fromWho="0" sc="270,-16,250,0,162,0,308,26" /><INIT seed="3,0,0,4,3,14" ten="254,250,162,334" oya="3" hai0="121,82,133,73,116,87,5,2,98,78,120,51,112" hai1="100,26,126,90,67,41,17,31,10,56,18,80,106" hai2="15,93,109,22,129,66,58,24,117,125,59,4,119" hai3="3,48,128,118,77,130,124,110,60,83,115,44,50"/><W13/><G3/><T25/><D116/><U105/><E41/><V65/><F109/><W96/><G118/><T40/><D133/><U35/><E126/><V134/><F125/><W135/><G115/><T114/><D98/><U91/><E10/><V43/><F134/><W37/><G124/><T38/><D51/><U27/><E80/><V101/><F129/><W28/><G28/><T122/><D25/><U9/><E9/><V49/><F119/><W123/><G123/><T12/><D2/><U30/><E56/><V70/><F70/><W46/><G37/><T47/><D12/><U64/><E100/><V6/><F117/><W32/><G13/><T23/><D23/><U104/><E104/><V62/><F15/><W16/><G32/><AGARI ba="0,0" hai="17,18,26,27,30,31,32,35,64,67,90,91,105,106" machi="32" ten="25,6400,0" yaku="22,2,52,2" doraHai="14" who="1" fromWho="3" sc="254,0,250,64,162,0,334,-64" owari="254,-14.6,314,41.4,162,-33.8,270,7.0" /></mjloggm>