<mjloggm ver="2.3"><GO type="225" lobby="0"/><UN n0="%E3%83%97%E3%83%92" n1="%E5%B8%86%E7%AB%8B%E5%A4%8F%E8%A1%A3" n2="%E3%83%97%E3%83%AC%E3%83%B4%E3%82%A1%E3%83%86%E3%82%A3" n3="%72%69%6F%75%63%68%61%6E" dan="16,16,16,16" rate="2163.52,2118.42,2054.98,2152.71" sx="M,M,F,M"/><TAIKYOKU oya="0"/><INIT seed="0,0,0,3,2,126" ten="250,250,250,250" oya="0" hai0="100,3,122,131,32,29,46,87,112,54,10,59,70" hai1="34,67,115,95,28,84,40,94,25,104,4,49,26" hai2="120,51,13,66,17,82,65,116,89,69,119,97,53" hai3="45,134,117,8,75,57,58,50,111,62,76,1,101"/><T31/><D112/><U63/><E104/><V105/><F120/><W79/><G117/><N who="2" m="45129" /><F69/><W81/><G111/><T30/><D122/><U35/><E115/><V22/><F105/><W90/><G134/><T61/><D32/><U64/><E4/><V68/><F68/><W73/><G101/><T55/><D70/><U106/><E106/><V23/><F23/><W19/><G90/><T99/><D87/><U107/><E107/><V12/><F12/><W14/><G1/><T24/><D24/><U36/><E36/><V15/><F15/><W27/><G27/><T124/><D124/><U128/><E84/><N who="2" m="50327" /><F97/><W110/><G110/><T71/><D71/><U7/><E7/><V118/><N who="2" m="45137" /><V78/><DORA hai="133" /><F78/><W83/><REACH who="3" step="1"/><G62/><REACH who="3" ten="250,250,250,240" step="2"/><T74/><D3/><U77/><E63/><V33/><F33/><W103/><G103/><T98/><D100/><U108/><E108/><V96/><F96/><W6/><G6/><T88/><D98/><U41/><E35/><V91/><F91/><W80/><G80/><T86/><D99/><U52/><E34/><V18/><F18/><W38/><G38/><T2/><D61/><U92/><E26/><V132/><F132/><W9/><G9/><T42/><D10/><U93/><E25/><V20/><F20/><W39/><G39/><T130/><D2/><U37/><E37/><V44/><AGARI ba="0,1" hai="13,17,22,44,51,53,65,66" m="50327,45137" machi="44" ten="40,1500,0" yaku="12,1" doraHai="126,133" who="2" fromWho="2" sc="250,-7,250,-4,250,25,240,-4" /><INIT seed="1,0,0,3,3,73" ten="243,246,275,236" oya="1" hai0="36,127,79,83,65,31,54,19,84,7,92,71,28" hai1="42,110,91,93,126,107,77,33,111,132,21,56,14" hai2="44,4,43,128,62,35,3,52,49,39,45,5,120" hai3="69,12,58,108,104,18,59,0,125,123,101,63,113"/><U81/><E33/><V13/><F120/><W46/><G123/><T112/><D112/><U20/><E107/><V97/><F128/><W57/><G113/><T48/><D36/><U105/><E105/><V100/><F3/><W78/><G0/><T134/><D127/><U98/><E126/><V70/><F35/><W68/><G125/><T75/><D134/><U32/><E32/><V50/><F13/><W96/><G108/><N who="1" m="41514" /><E132/><V1/><F1/><W26/><G78/><T16/><D7/><U122/><E122/><V61/><F61/><W121/><G121/><T55/><D71/><U27/><E42/><V24/><F24/><W129/><G129/><T133/><D65/><U82/><E56/><V40/><F39/><W23/><G63/><T131/><D54/><U114/><E114/><V66/><REACH who="2" step="1"/><F40/><REACH who="2" ten="243,246,265,236" step="2"/><W95/><G104/><AGARI ba="0,1" hai="4,5,43,44,45,49,50,52,62,66,70,97,100,104" machi="104" ten="30,7700,0" yaku="1,1,2,1,7,1,54,1,53,0" doraHai="73" doraHaiUra="34" who="2" fromWho="3" sc="243,0,246,0,265,87,236,-77" /><INIT seed="2,0,0,3,1,52" ten="243,246,352,159" oya="2" hai0="80,48,104,102,132,44,66,122,107,50,97,99,120" hai1="128,72,35,29,40,25,6,111,33,41,62,110,58" hai2="127,65,129,32,0,51,79,118,14,106,84,38,67" hai3="17,124,12,81,130,114,23,15,135,4,108,60,19"/><V63/><F118/><W31/><G108/><N who="1" m="41514" /><E72/><V54/><F0/><W24/><G124/><T27/><D132/><U9/><E35/><V43/><F32/><W71/><G135/><T10/><D66/><N who="1" m="39255" /><E128/><V18/><F106/><W2/><G130/><T26/><D80/><U115/><E115/><V7/><F129/><W22/><G81/><T119/><D10/><U86/><E86/><V68/><F67/><W64/><G114/><T34/><D34/><U46/><E46/><N who="2" m="23927" /><F7/><W112/><G112/><T11/><D11/><U91/><E91/><V53/><F79/><W96/><G96/><T76/><D44/><U123/><E123/><V109/><F84/><W73/><G73/><T55/><D55/><U100/><E100/><V39/><F109/><W105/><G2/><AGARI ba="0,0" hai="2,6,9,25,29,33,40,41" m="39255,41514" machi="2" ten="30,2000,0" yaku="14,1,52,1" doraHai="52" who="1" fromWho="3" sc="243,0,246,20,352,0,159,-20" /><INIT seed="3,0,0,1,5,65" ten="243,266,352,139" oya="3" hai0="78,24,70,120,19,133,79,49,132,101,64,100,6" hai1="94,60,54,116,102,104,75,113,35,9,125,112,66" hai2="39,55,33,47,3,107,122,110,67,103,7,61,71" hai3="57,109,16,38,5,85,68,127,52,18,118,98,37"/><W25/><G118/><T121/><D6/><U23/><E75/><V80/><F110/><W20/><G109/><T93/><D49/><U46/><E35/><V32/><F122/><N who="0" m="47210" /><D24/><U31/><E104/><V117/><F117/><W96/><G127/><T128/><D19/><N who="3" m="7209" /><G38/><T43/><D43/><U114/><E125/><V106/><F80/><W130/><G37/><T76/><D128/><U86/><E116/><V84/><F84/><W124/><G68/><T63/><D93/><U91/><E102/><V42/><F55/><W36/><G36/><T81/><D81/><U111/><E111/><V21/><F21/><W90/><G124/><T41/><D41/><U29/><E9/><N who="2" m="2303" /><F103/><W34/><G34/><AGARI ba="0,0" hai="32,33,34,39,42,47,61,67,71,106,107" m="2303" machi="34" ten="30,3900,0" yaku="33,2,52,1" doraHai="65" who="2" fromWho="3" sc="243,0,266,0,352,39,139,-39" owari="243,-15.7,266,6.6,391,49.1,100,-40.0" /></mjloggm>