<mjloggm ver="2.3"><GO type="225" lobby="0"/><UN n0="%E3%82%A2%E3%83%A1%E3%82%A2%E3%83%A9%E3%83%AC" n1="%E3%81%8B%E3%82%8F%E3%81%A1%E3%82%83%E3%82%93%35%38" n2="%4C%4F%4C%49%54%41" n3="%61%6D%65%6B%69" dan="16,16,16,16" rate="2163.54,2145.42,2206.67,2092.83" sx="M,M,F,M"/><TAIKYOKU oya="0"/><INIT seed="0,0,0,0,3,45" ten="250,250,250,250" oya="0" hai0="52,30,114,37,34,96,9,113,104,18,95,46,131" hai1="60,49,80,128,1,135,75,56,40,101,124,93,11" hai2="55,25,6,36,97,79,88,5,66,35,69,90,31" hai3="47,4,71,44,14,20,8,54,10,24,91,58,103"/><T127/><D127/><U126/><E128/><V92/><F36/><W61/><G71/><T13/><D131/><U107/><E107/><V63/><F79/><W28/><G103/><T121/><D121/><U41/><E135/><V53/><REACH who="2" step="1"/><F90/><REACH who="2" ten="250,250,240,250" step="2"/><W82/><G91/><T17/><D37/><U12/><E126/><V122/><F122/><W33/><G33/><T89/><D104/><U64/><E124/><V38/><F38/><W3/><REACH who="3" step="1"/><G82/><REACH who="3" ten="250,250,240,240" step="2"/><T98/><D89/><U74/><E80/><V23/><F23/><W99/><G99/><T2/><D96/><U132/><E132/><V39/><F39/><W123/><G123/><T115/><D98/><U130/><E130/><V42/><F42/><W129/><G129/><T112/><D112/><U15/><E41/><V22/><F22/><W50/><G50/><T67/><D114/><U70/><E40/><V106/><F106/><W62/><G62/><T81/><D81/><U26/><E49/><V65/><F65/><W84/><G84/><T110/><D67/><U100/><E64/><V51/><F51/><W77/><G77/><T43/><D43/><U108/><E60/><V57/><F57/><W83/><G83/><T16/><D113/><U19/><E56/><V59/><F59/><W7/><AGARI ba="0,2" hai="3,4,7,8,10,14,20,24,28,44,47,54,58,61" machi="7" ten="20,2700,0" yaku="1,1,0,1,7,1,53,0" doraHai="45" doraHaiUra="78" who="3" fromWho="3" sc="250,-13,250,-7,240,-7,240,47" /><INIT seed="1,0,0,3,4,22" ten="237,243,233,287" oya="1" hai0="21,82,120,0,91,130,41,123,81,102,52,38,24" hai1="62,68,47,85,100,6,32,107,83,112,56,1,48" hai2="42,95,31,80,4,37,110,8,44,125,43,69,46" hai3="9,11,40,57,104,34,71,96,74,5,29,118,2"/><U121/><E112/><V128/><F69/><W133/><G71/><T20/><D0/><U124/><E121/><N who="0" m="46665" /><D102/><U35/><E68/><V98/><F110/><W53/><G74/><T73/><D20/><U105/><E124/><V90/><F128/><W14/><G133/><T54/><D130/><U23/><E1/><V109/><F109/><W67/><G40/><T87/><D41/><U65/><E6/><V79/><F31/><W64/><G118/><T129/><D38/><U63/><E63/><V61/><F61/><W33/><G33/><T49/><D129/><U92/><E107/><V59/><F59/><W18/><G96/><T122/><N who="0" m="46673" /><T3/><DORA hai="114" /><D3/><U103/><E105/><V13/><F125/><W50/><REACH who="3" step="1"/><G104/><REACH who="3" ten="237,243,233,277" step="2"/><T77/><D49/><U27/><E32/><V66/><F42/><W115/><G115/><T127/><D127/><U72/><E35/><V26/><F43/><W126/><G126/><T60/><D60/><U51/><E51/><V101/><F37/><W97/><G97/><T132/><D132/><U108/><E108/><V84/><F98/><W117/><G117/><T89/><D89/><N who="1" m="53295" /><E48/><V7/><F90/><W94/><G94/><T15/><D73/><U113/><E113/><V119/><F95/><W106/><G106/><T25/><D91/><U75/><E75/><V88/><F88/><W45/><G45/><T93/><D93/><U78/><E47/><V58/><F44/><W134/><G134/><T16/><D82/><U30/><E72/><V99/><F80/><W76/><G76/><T55/><AGARI ba="0,1" hai="15,16,21,24,25,52,54,55,77,81,87" m="46673" machi="55" ten="50,8000,1" yaku="13,1,52,2,54,2" doraHai="22,114" who="0" fromWho="0" sc="237,90,243,-40,233,-20,277,-20" /><INIT seed="2,0,0,4,3,15" ten="327,203,213,257" oya="2" hai0="32,111,67,2,72,45,25,117,91,127,0,71,128" hai1="50,129,52,134,60,27,28,133,1,66,17,99,46" hai2="107,79,5,49,8,24,42,86,88,14,7,81,112" hai3="97,12,3,121,34,40,43,41,35,135,90,13,76"/><V131/><F112/><W19/><G3/><T124/><D111/><U18/><E1/><V69/><F107/><W98/><G121/><T101/><D72/><U92/><E129/><V93/><F69/><W59/><G76/><T21/><D128/><U44/><E44/><N who="2" m="25751" /><F131/><W57/><G90/><T38/><D32/><U20/><E133/><V104/><F104/><W100/><G43/><N who="0" m="22775" /><D101/><U58/><REACH who="1" step="1"/><E134/><REACH who="1" ten="327,193,213,257" step="2"/><V11/><F24/><W84/><G135/><T9/><D25/><U85/><E85/><N who="2" m="52367" /><F11/><W30/><G84/><T22/><D9/><U68/><E68/><V94/><F94/><W6/><G41/><T126/><D71/><U23/><E23/><V123/><F123/><W37/><G40/><T114/><D22/><U75/><E75/><V87/><F86/><W63/><G37/><T48/><D2/><U64/><E64/><V33/><F33/><W55/><G35/><T83/><D67/><U65/><E65/><V122/><F122/><W102/><G34/><T26/><D0/><U82/><E82/><V54/><F54/><W110/><G110/><T109/><D83/><U103/><AGARI ba="0,1" hai="17,18,20,27,28,46,50,52,58,60,66,92,99,103" machi="103" ten="20,16000,3" yaku="1,1,0,1,7,1,25,2,8,1,52,2,54,1,53,0" doraHai="15" doraHaiUra="73" who="1" fromWho="1" sc="327,-40,193,170,213,-80,257,-40" /><INIT seed="3,0,0,1,3,95" ten="287,363,133,217" oya="3" hai0="3,97,22,108,24,112,39,124,103,43,73,10,27" hai1="88,101,4,15,54,85,32,2,51,90,69,40,34" hai2="93,19,67,56,47,23,100,45,134,33,38,116,133" hai3="126,0,52,120,28,14,63,79,29,37,96,66,123"/><W135/><G0/><T18/><D108/><U87/><E69/><V119/><F33/><W59/><G37/><T121/><D124/><U75/><E75/><V77/><F119/><W113/><G113/><T92/><D121/><U17/><E101/><V42/><F116/><W94/><G126/><T48/><D39/><U70/><E70/><V5/><F5/><W35/><G135/><T62/><D73/><U61/><E2/><V36/><F77/><W55/><G79/><T104/><D3/><U99/><E4/><V65/><F56/><W83/><G83/><T31/><D62/><U117/><E117/><V53/><F53/><W130/><G130/><T98/><D10/><U11/><E99/><V106/><F106/><W129/><G129/><T13/><D112/><U57/><E34/><V102/><F23/><W20/><G35/><T128/><D128/><U105/><E105/><V71/><F71/><W125/><G125/><T107/><D31/><N who="3" m="11849" /><G123/><T109/><D109/><U50/><E32/><V132/><F19/><N who="3" m="10359" /><G120/><T7/><D7/><U89/><E40/><V58/><F58/><W21/><G21/><T46/><REACH who="0" step="1"/><D107/><REACH who="0" ten="277,363,133,217" step="2"/><U1/><E1/><V86/><F86/><AGARI ba="0,1" hai="11,15,17,50,51,54,57,61,85,86,87,88,89,90" machi="86" ten="40,2600,0" yaku="8,1,54,1" doraHai="95" who="1" fromWho="2" sc="277,0,363,36,133,-26,217,0" owari="277,7.7,399,49.9,107,-39.3,217,-18.3" /></mjloggm>