<mjloggm ver="2.3"><GO type="225" lobby="0"/><UN n0="%E3%81%9F%E3%81%93%E2%98%86%E7%84%BC%E3%81%8D" n1="%E8%BE%9B%E5%8F%A3%E3%82%AB%E3%83%AC%E3%83%BC%E3%83%A9%E3%82%A4%E3%82%B9" n2="%E3%83%AB%E3%83%9B%E3%83%B3%E3%83%87%E3%82%A3%E3%82%A8" n3="%E3%81%A1%E3%82%85%E3%81%86%E3%81%A9%E3%81%8F%E8%B1%A1%E3%81%95%E3%82%93" dan="16,16,17,17" rate="2107.05,2135.15,2161.17,2206.70" sx="M,M,M,M"/><TAIKYOKU oya="0"/><INIT seed="0,0,0,1,1,21" ten="250,250,250,250" oya="0" hai0="11,121,30,25,15,54,95,41,94,53,123,109,89" hai1="64,125,107,1,22,46,32,42,76,3,28,66,19" hai2="6,116,82,113,5,87,2,88,133,103,63,115,101" hai3="86,50,39,72,129,126,47,124,90,120,59,80,128"/><T114/><D114/><U36/><E107/><V83/><F2/><W62/><G120/><T20/><D41/><U112/><E125/><N who="3" m="48234" /><G72/><T117/><D117/><U85/><E112/><V9/><F116/><W131/><G39/><T108/><D123/><U13/><E76/><V81/><F133/><W92/><G80/><T27/><D121/><U8/><E85/><V99/><F115/><W111/><G111/><N who="0" m="42571" /><D94/><U24/><REACH who="1" step="1"/><E1/><REACH who="1" ten="250,240,250,250" step="2"/><V105/><F113/><W79/><G79/><T122/><D122/><U48/><E48/><V78/><F87/><W70/><G131/><T118/><D118/><U29/><E29/><V77/><F78/><W65/><G129/><T74/><D74/><U35/><E35/><V16/><F77/><W73/><G128/><T34/><D95/><U43/><E43/><V55/><F99/><W44/><G73/><T17/><D89/><U93/><E93/><V57/><F88/><W69/><G50/><T38/><D38/><U97/><E97/><V134/><F105/><W12/><G12/><T132/><D132/><U71/><E71/><AGARI ba="0,1" hai="44,47,59,62,65,69,70,71,86,90,92" m="48234" machi="71" ten="30,1000,0" yaku="18,1" doraHai="21" who="3" fromWho="1" sc="250,0,240,-10,250,0,250,20" /><INIT seed="1,0,0,5,0,70" ten="250,230,250,270" oya="1" hai0="126,69,113,52,23,124,0,16,53,6,100,92,98" hai1="86,32,84,54,57,63,60,76,105,5,49,35,33" hai2="14,20,109,94,51,66,134,101,13,41,55,114,108" hai3="44,123,128,24,1,133,106,15,117,2,103,36,65"/><U82/><E105/><V27/><F66/><W118/><G123/><T89/><D69/><U8/><REACH who="1" step="1"/><E86/><REACH who="1" ten="250,220,250,270" step="2"/><V46/><F109/><W111/><G111/><T59/><D113/><U47/><E47/><V102/><F46/><W85/><G44/><T115/><D115/><U50/><E50/><V99/><F51/><W29/><G85/><T73/><D73/><U30/><E30/><V93/><F108/><W62/><G106/><T61/><D126/><U22/><E22/><V17/><F114/><W64/><G29/><T79/><D124/><U31/><E31/><V40/><F134/><W116/><G133/><T125/><D125/><U88/><E88/><V129/><F102/><W110/><G103/><T135/><D135/><U97/><E97/><V10/><F99/><W68/><G110/><T107/><D107/><U104/><E104/><V26/><F101/><W71/><G117/><T122/><D122/><U42/><E42/><V45/><F45/><W4/><G116/><T25/><D100/><U34/><N who="1" m="8192" /><DORA hai="132" /><U38/><E38/><V74/><F74/><W78/><G36/><T58/><D23/><U127/><E127/><V37/><F20/><W80/><G118/><T56/><D89/><U3/><AGARI ba="0,1" hai="3,5,8,49,54,57,60,63,76,82,84" m="8192" machi="3" ten="60,6000,0" yaku="1,1,0,1,53,0" doraHai="70,132" doraHaiUra="21,119" who="1" fromWho="1" sc="250,-20,220,70,250,-20,270,-20" /><INIT seed="1,1,0,2,2,100" ten="230,290,230,250" oya="1" hai0="60,38,106,84,15,41,6,7,72,88,9,90,101" hai1="128,68,95,133,94,67,97,42,129,22,111,32,125" hai2="14,49,130,74,3,34,55,4,21,83,123,70,33" hai3="77,43,10,25,105,57,85,102,92,2,63,99,16"/><U52/><E32/><V56/><F123/><W124/><G124/><T109/><D72/><U81/><E125/><V54/><F70/><W1/><G43/><T80/><D6/><U23/><E42/><V119/><F119/><W79/><G79/><T11/><D109/><U65/><E133/><V62/><F3/><W96/><G77/><T89/><D9/><U118/><E118/><V24/><F130/><N who="1" m="50281" /><E111/><V46/><F74/><W114/><G85/><T13/><D13/><U87/><E52/><V66/><F83/><W127/><G127/><T110/><D60/><N who="1" m="39975" /><E67/><V108/><F108/><W48/><G48/><T86/><D110/><U51/><E51/><V39/><F39/><W71/><G71/><T76/><D38/><U75/><E75/><V131/><F131/><W31/><G114/><T53/><D41/><U116/><E116/><V35/><F55/><W58/><G58/><T134/><D53/><U30/><E30/><V29/><REACH who="2" step="1"/><F4/><REACH who="2" ten="230,290,220,250" step="2"/><W122/><G122/><T104/><D134/><U36/><E36/><V103/><F103/><W5/><G5/><T98/><D101/><N who="1" m="60599" /><E95/><V44/><F44/><W47/><G47/><T121/><D121/><U45/><E45/><V135/><F135/><W73/><G73/><T28/><D80/><U50/><E50/><V107/><F107/><W112/><G92/><T12/><D104/><U37/><E37/><V59/><F59/><W27/><G105/><T120/><D106/><U117/><E117/><V19/><AGARI ba="1,1" hai="14,19,21,24,29,33,34,35,46,49,54,56,62,66" machi="19" ten="30,2000,0" yaku="1,1,0,1,53,0" doraHai="100" doraHaiUra="91" who="2" fromWho="2" sc="230,-6,290,-11,220,33,250,-6" /><INIT seed="2,0,0,4,5,6" ten="224,279,253,244" oya="2" hai0="124,69,9,109,32,119,65,110,92,121,46,122,5" hai1="10,47,107,48,64,16,37,45,42,50,63,104,0" hai2="112,30,23,97,51,132,108,99,57,133,118,128,126" hai3="87,15,17,59,34,26,68,1,130,129,72,3,85"/><V21/><F112/><W111/><G68/><T62/><D124/><U83/><E83/><V75/><F75/><W22/><G72/><T113/><D32/><U76/><E76/><V44/><F118/><W25/><G59/><T24/><D24/><N who="3" m="9321" /><G111/><N who="0" m="42507" /><D113/><U125/><E125/><V91/><F30/><W39/><G39/><T81/><D92/><U98/><E98/><V43/><F108/><W120/><G120/><N who="0" m="46187" /><D81/><U86/><E86/><N who="3" m="32778" /><G34/><T18/><D18/><U7/><E16/><V94/><F126/><W88/><G88/><T20/><D20/><U55/><REACH who="1" step="1"/><E37/><REACH who="1" ten="224,269,253,244" step="2"/><V11/><F99/><W31/><G31/><T105/><D119/><U41/><E41/><V60/><F132/><W38/><G38/><T101/><D101/><U58/><AGARI ba="0,1" hai="0,7,10,42,45,47,48,50,55,58,63,64,104,107" machi="58" ten="20,5200,0" yaku="1,1,0,1,7,1,52,1,53,0" doraHai="6" doraHaiUra="80" who="1" fromWho="1" sc="224,-13,269,62,253,-26,244,-13" /><INIT seed="3,0,0,2,4,133" ten="211,331,227,231" oya="3" hai0="42,12,52,113,3,124,78,73,93,104,126,54,61" hai1="62,30,134,45,121,26,123,6,91,14,88,99,92" hai2="96,114,72,15,47,0,44,82,111,66,94,109,132" hai3="27,120,58,9,76,21,81,59,32,107,65,70,51"/><W89/><G120/><T75/><D104/><U119/><E134/><V103/><F0/><W57/><G107/><T131/><D3/><U90/><E119/><V71/><F114/><W63/><G32/><T74/><D113/><U125/><E125/><N who="0" m="48233" /><D42/><U25/><E45/><V18/><F132/><W105/><G105/><T23/><D131/><U36/><E36/><V40/><F71/><W55/><G89/><T11/><D93/><U49/><E49/><V68/><F68/><W41/><G41/><T24/><D61/><U46/><E62/><V4/><F66/><W56/><N who="3" m="14336" /><DORA hai="7" /><W60/><G9/><T34/><D34/><U118/><E91/><V80/><F4/><W83/><G63/><T33/><D78/><U39/><E90/><V29/><F40/><W86/><G81/><T110/><D33/><U106/><E106/><V64/><F64/><W20/><REACH who="3" step="1"/><G27/><REACH who="3" ten="211,331,227,221" step="2"/><T129/><D110/><U43/><E26/><V116/><F109/><W22/><G22/><T127/><N who="0" m="48241" /><T13/><DORA hai="38" /><D129/><U31/><E43/><V130/><F111/><W35/><G35/><T87/><D87/><U84/><E84/><V17/><F130/><W100/><G100/><T115/><D115/><U95/><E39/><V1/><F103/><W53/><G53/><N who="0" m="20587" /><D11/><U19/><E121/><V5/><F80/><W77/><G77/><T2/><D2/><U69/><E123/><V135/><F1/><W8/><G8/><T98/><D98/><U28/><E99/><V117/><F96/><W50/><G50/><T101/><D101/><U79/><E79/><N who="2" m="44391" /><F116/><W85/><G85/><RYUUKYOKU ba="0,1" sc="211,15,331,-15,227,-15,221,15" hai0="12,13,23,24,73,74,75" hai3="20,21,51,55,60,65,70,76,83,86" /><INIT seed="3,1,1,3,4,4" ten="226,316,212,236" oya="3" hai0="64,38,116,22,24,18,57,134,76,120,73,44,36" hai1="129,34,47,58,131,95,84,65,88,15,85,5,104" hai2="124,35,7,1,74,19,128,94,119,3,55,92,40" hai3="59,45,9,110,25,29,105,100,32,63,99,114,10"/><W78/><G114/><T2/><D2/><U0/><E34/><V54/><F119/><W30/><G30/><T87/><D73/><U50/><E104/><V62/><F74/><W103/><G103/><T67/><D120/><U48/><E0/><V117/><F35/><W115/><G115/><T33/><D134/><U60/><E84/><V83/><F117/><W72/><G110/><T28/><D116/><U82/><E95/><N who="2" m="36395" /><F1/><W122/><G122/><T53/><D38/><U121/><E121/><V90/><F3/><W112/><G112/><T125/><D125/><U80/><E80/><V12/><F7/><W37/><G78/><T46/><D76/><U27/><E27/><V71/><F71/><W133/><G72/><T21/><D33/><U6/><E50/><V91/><F124/><W111/><G111/><T49/><D87/><U118/><E118/><V52/><F40/><W61/><G133/><T108/><D108/><U81/><E81/><V96/><F128/><N who="1" m="49225" /><E15/><V56/><F96/><W135/><G135/><T16/><D28/><U130/><E130/><V77/><F77/><W132/><G132/><T70/><D36/><U127/><E127/><V17/><F17/><W41/><G61/><T31/><D31/><U68/><E68/><V123/><F123/><W20/><G32/><T14/><D70/><U23/><E23/><N who="2" m="11751" /><F83/><W39/><G39/><T66/><AGARI ba="1,1" hai="14,16,18,21,22,24,44,46,49,53,57,64,66,67" machi="66" ten="30,4000,0" yaku="0,1,8,1,54,1" doraHai="4" who="0" fromWho="0" sc="226,53,316,-11,212,-11,236,-21" owari="279,7.9,305,40.5,201,-29.9,215,-18.5" /></mjloggm>