<mjloggm ver="2.3"><GO type="225" lobby="0"/><UN n0="%E7%AD%89%E3%80%85%E5%8A%9B%E5%8A%87%E5%A0%B4" n1="%E3%81%86%E3%83%BC%E3%81%B1%E3%83%BC" n2="%E5%8D%A0%E3%81%84%E5%B8%AB%E8%A3%8F%E3%81%AA%E3%81%84%E3%81%97" n3="%72%61%6B%33" dan="17,17,17,17" rate="2134.56,2181.93,2169.06,2181.98" sx="M,F,M,M"/><TAIKYOKU oya="0"/><INIT seed="0,0,0,3,5,73" ten="250,250,250,250" oya="0" hai0="99,57,100,94,1,90,49,23,59,123,16,51,26" hai1="35,48,109,121,124,76,58,47,91,2,12,74,131" hai2="17,96,9,79,114,134,6,4,98,97,56,132,61" hai3="104,106,80,130,108,101,37,72,19,39,85,87,43"/><T107/><D123/><U117/><E121/><V71/><F71/><W92/><G19/><T129/><D129/><U0/><E117/><V86/><F114/><W84/><G43/><T135/><D135/><N who="2" m="51754" /><F17/><W66/><G66/><T40/><D1/><U77/><E74/><V67/><F9/><W15/><G15/><T62/><D40/><U11/><E35/><V31/><F31/><W110/><G130/><T60/><D59/><U128/><E58/><V111/><F111/><N who="3" m="42539" /><G37/><T22/><D22/><U93/><E109/><V13/><F13/><W81/><G39/><T3/><D3/><U7/><E0/><V10/><F10/><W5/><G5/><N who="2" m="2153" /><F86/><W55/><G55/><T52/><REACH who="0" step="1"/><D62/><REACH who="0" ten="240,250,250,250" step="2"/><U68/><E131/><V89/><F89/><W53/><G53/><T8/><D8/><U69/><E2/><V28/><F28/><W64/><G64/><T70/><D70/><U54/><E128/><V126/><F126/><W105/><G72/><T32/><D32/><U36/><E124/><V122/><F122/><W18/><G18/><T118/><D118/><U33/><E33/><V29/><F29/><W21/><G21/><T115/><D115/><U25/><E69/><V102/><F102/><W34/><G34/><T88/><D88/><U133/><E68/><V116/><F116/><W119/><G119/><T113/><D113/><U20/><E133/><V24/><F24/><W112/><G112/><T50/><D50/><U125/><E125/><V127/><F127/><W95/><G101/><T27/><D27/><U30/><E36/><V45/><F45/><W82/><AGARI ba="0,1" hai="80,81,82,84,85,87,92,95,104,105,106" m="42539" machi="82" ten="50,16000,3" yaku="5,1,29,2,28,2,14,1,34,2" doraHai="73" who="3" fromWho="3" sc="240,-80,250,-40,250,-40,250,170" /><INIT seed="1,0,0,3,4,48" ten="160,210,210,420" oya="1" hai0="28,58,9,30,126,98,18,62,111,47,11,72,71" hai1="2,44,34,40,108,91,59,41,92,52,36,87,61" hai2="0,54,53,132,38,75,14,49,1,57,134,4,130" hai3="90,119,16,94,46,17,78,77,135,129,103,55,70"/><U65/><E108/><V124/><F75/><W81/><G70/><T20/><D72/><U22/><E34/><V60/><F38/><W56/><G129/><T106/><D71/><U35/><E35/><V73/><F73/><W66/><G135/><N who="2" m="51753" /><F130/><W64/><G119/><T115/><D115/><U80/><E2/><N who="2" m="1131" /><F124/><W83/><G103/><T86/><D111/><U121/><E121/><V27/><F27/><W85/><G46/><T82/><D126/><U15/><E92/><V13/><F4/><W84/><G66/><T29/><D47/><AGARI ba="0,0" hai="13,14,47,49,53,54,57,60" m="1131,51753" machi="47" ten="30,3900,0" yaku="20,1,52,2" doraHai="48" who="2" fromWho="0" sc="160,-39,210,0,210,39,420,0" /><INIT seed="2,0,0,3,0,113" ten="121,210,249,420" oya="2" hai0="89,100,71,132,121,72,58,32,7,23,26,95,123" hai1="1,24,115,66,76,94,133,57,78,80,63,91,81" hai2="56,127,125,11,109,22,40,128,101,117,74,59,55" hai3="68,107,0,87,29,42,131,122,52,69,129,27,6"/><V75/><F128/><N who="3" m="49227" /><G122/><T92/><D71/><U105/><E1/><V90/><F40/><W82/><G107/><T67/><D72/><U43/><E105/><V4/><F101/><W85/><G42/><T62/><D32/><U79/><E115/><V33/><F33/><N who="3" m="20671" /><G52/><T21/><D132/><U28/><E43/><V93/><F109/><W25/><G25/><T106/><D106/><U31/><E133/><V119/><F22/><W86/><G82/><N who="1" m="31850" /><E24/><V41/><F41/><W49/><G49/><T3/><D23/><U37/><E37/><V46/><F46/><W98/><G98/><AGARI ba="0,0" hai="28,31,57,63,66,76,78,79,91,94,98" m="31850" machi="98" ten="30,1000,0" yaku="8,1" doraHai="113" who="1" fromWho="3" sc="121,0,210,10,249,0,420,-10" /><INIT seed="3,0,0,3,4,102" ten="121,220,249,410" oya="3" hai0="40,78,47,37,12,81,7,16,45,97,132,130,11" hai1="111,61,51,91,33,4,26,57,2,23,76,39,131" hai2="123,98,27,121,115,86,15,88,105,71,42,134,28" hai3="99,112,133,44,72,55,119,60,107,104,1,43,38"/><W25/><G112/><T52/><D132/><U124/><E39/><V103/><F115/><W113/><G119/><T9/><D130/><U13/><E131/><V20/><F42/><W46/><G72/><T68/><D68/><U63/><E111/><V59/><F71/><W53/><G1/><T100/><D47/><U79/><E124/><V122/><F59/><W101/><G133/><T116/><D116/><U17/><E91/><V83/><F15/><W5/><G5/><T29/><D29/><N who="1" m="19639" /><E51/><V22/><F134/><W19/><G113/><T127/><D127/><U93/><E93/><V125/><F125/><W82/><G82/><T118/><D118/><U34/><E34/><AGARI ba="0,0" hai="20,22,27,28,34,83,86,88,98,103,105,121,122,123" machi="34" ten="40,5200,0" yaku="13,1,52,1,54,1" doraHai="102" who="2" fromWho="1" sc="121,0,220,-52,249,52,410,0" owari="121,-37.9,168,-23.2,301,10.1,410,51.0" /></mjloggm>