<mjloggm ver="2.3"><GO type="225" lobby="0"/><UN n0="%E3%81%A8%E3%82%89%E3%81%84%E3%81%A1" n1="%E5%B8%86%E7%AB%8B%E5%A4%8F%E8%A1%A3" n2="%E3%81%A8%E3%82%93%E3%81%A8%E3%81%93%E3%81%A8%E3%82%93" n3="%E5%BC%93%E6%9C%A8%E3%81%AA%E3%81%8A" dan="16,16,16,16" rate="2114.15,2119.68,2145.14,2125.26" sx="M,M,F,M"/><TAIKYOKU oya="0"/><INIT seed="0,0,0,3,0,89" ten="250,250,250,250" oya="0" hai0="80,122,98,42,75,27,4,22,69,52,113,102,3" hai1="70,46,126,76,74,97,116,8,45,1,95,29,37" hai2="111,15,96,100,135,30,128,10,14,129,62,133,110" hai3="84,85,112,48,121,86,87,115,24,41,23,101,6"/><T55/><D113/><U79/><E116/><V18/><F62/><W108/><G121/><T119/><D119/><U117/><E117/><V83/><F83/><W28/><G108/><N who="2" m="41513" /><F96/><W71/><G71/><T12/><D122/><U38/><E126/><V26/><F100/><W131/><G131/><N who="2" m="50249" /><F15/><W61/><G61/><T50/><D12/><U49/><E70/><V40/><F40/><W34/><G101/><T13/><D13/><U125/><E125/><V77/><F77/><W44/><N who="3" m="21504" /><DORA hai="78" /><W104/><G104/><T19/><D80/><U92/><E76/><V31/><F31/><W47/><G47/><T21/><D69/><U68/><E46/><V17/><F17/><W16/><REACH who="3" step="1"/><G6/><REACH who="3" ten="250,250,250,240" step="2"/><T94/><D4/><U73/><E68/><V81/><F81/><W93/><G93/><T58/><D94/><U114/><E92/><V11/><F10/><W120/><G120/><T107/><D102/><U134/><E8/><V103/><F103/><W33/><G33/><AGARI ba="0,1" hai="11,14,18,26,30,33,133,135" m="50249,41513" machi="33" ten="30,7700,0" yaku="14,1,19,1,34,2" doraHai="89,78" who="2" fromWho="3" sc="250,0,250,0,250,87,240,-77" /><INIT seed="1,0,0,4,1,64" ten="250,250,337,163" oya="1" hai0="105,113,97,126,13,30,50,129,25,101,8,14,111" hai1="63,33,103,122,2,11,77,82,60,54,28,61,29" hai2="17,78,15,87,42,130,27,58,76,70,117,114,73" hai3="89,83,22,53,44,45,40,38,109,134,135,127,56"/><U106/><E122/><V4/><F117/><W108/><G22/><T47/><D113/><U0/><E106/><V98/><F73/><W86/><G45/><T123/><D111/><U16/><E103/><V119/><F119/><W102/><G102/><T37/><D123/><U93/><E93/><V7/><F70/><W1/><G1/><T120/><D120/><U62/><E33/><V31/><F42/><W84/><G84/><T3/><D129/><U39/><E39/><V85/><F98/><W116/><G116/><T26/><D37/><U41/><E41/><V23/><F58/><W80/><G80/><T6/><D126/><U90/><E90/><V68/><F68/><W74/><G74/><T21/><D26/><U133/><E133/><V69/><F69/><W107/><G107/><T19/><REACH who="0" step="1"/><D30/><REACH who="0" ten="240,250,337,163" step="2"/><U67/><E67/><V132/><F130/><W75/><G127/><T49/><D49/><U112/><E112/><V96/><F114/><W125/><G125/><T36/><D36/><U128/><E128/><V124/><F124/><W48/><REACH who="3" step="1"/><G75/><REACH who="3" ten="240,250,337,153" step="2"/><T121/><D121/><U34/><E29/><V118/><F31/><W5/><G5/><T104/><D104/><U24/><E28/><V99/><F7/><W71/><G71/><T91/><D91/><U88/><E88/><V100/><F4/><W81/><G81/><T94/><D94/><U20/><E34/><V65/><F100/><W9/><G9/><T59/><D59/><N who="1" m="34935" /><E11/><V72/><F72/><W95/><G95/><T131/><D131/><U92/><E92/><V18/><F118/><W32/><G32/><RYUUKYOKU ba="0,2" sc="240,10,250,10,337,-30,153,10" hai0="3,6,8,13,14,19,21,25,47,50,97,101,105" hai1="0,2,16,20,24,61,62,63,77,82" hai3="38,40,44,48,53,56,83,86,89,108,109,134,135" /><INIT seed="1,1,2,2,3,34" ten="250,260,307,163" oya="1" hai0="60,9,22,111,31,72,18,16,106,101,82,7,6" hai1="66,1,79,8,108,67,54,70,77,26,2,98,78" hai2="125,90,59,122,55,10,48,95,39,102,119,99,50" hai3="110,120,49,96,5,63,121,92,20,80,107,73,97"/><U87/><E108/><V61/><F39/><W51/><G110/><T118/><D111/><U32/><E87/><V57/><F119/><W116/><G116/><T14/><D118/><U71/><E8/><V74/><F74/><W117/><G117/><T3/><D31/><U36/><E36/><V0/><F122/><W12/><G107/><T47/><D47/><U124/><E54/><V30/><F30/><W75/><G63/><T114/><D114/><U15/><E15/><V126/><F102/><W115/><G115/><T104/><D101/><U29/><E98/><V93/><F95/><W109/><G109/><T86/><D72/><U27/><E124/><N who="2" m="47723" /><F59/><W100/><G97/><T40/><D40/><U46/><E46/><V134/><F134/><W94/><G94/><T127/><D127/><U105/><E105/><V21/><F21/><W28/><G28/><T58/><D58/><U123/><E123/><V130/><F130/><W131/><G131/><T83/><D83/><U85/><E85/><V103/><F103/><W42/><G80/><T52/><D82/><U112/><E112/><V23/><F23/><W128/><G128/><T64/><D104/><U19/><E19/><V132/><F132/><W81/><G75/><T37/><D18/><U35/><E77/><V69/><F69/><W25/><G73/><T68/><D106/><U13/><E29/><V43/><F43/><W76/><G42/><T33/><D16/><U135/><E135/><V44/><F44/><W62/><G120/><T84/><D68/><U91/><E91/><V89/><F90/><N who="3" m="55319" /><G121/><T113/><D113/><RYUUKYOKU ba="1,2" sc="250,-15,260,15,307,15,163,-15" hai1="1,2,13,26,27,32,35,66,67,70,71,78,79" hai2="0,10,48,50,55,57,61,89,93,99" /><INIT seed="1,2,2,3,2,83" ten="235,275,322,148" oya="1" hai0="46,113,41,65,11,131,73,102,57,123,100,40,37" hai1="34,79,132,32,23,43,16,96,42,109,58,24,67" hai2="128,127,111,27,50,30,70,84,92,88,80,36,51" hai3="75,18,107,35,0,53,56,68,78,49,55,119,118"/><U117/><E117/><N who="3" m="44554" /><G35/><T28/><D73/><U77/><E34/><V120/><F120/><W52/><G0/><T114/><D28/><U60/><E132/><V129/><F36/><W82/><G107/><T61/><D11/><U108/><E32/><V72/><F70/><W125/><G68/><T25/><D25/><U94/><E43/><V26/><F111/><N who="1" m="42569" /><E42/><V29/><F127/><W13/><G125/><T115/><D123/><U39/><E39/><V93/><F72/><W19/><G19/><T1/><D1/><U17/><E17/><V90/><F80/><W133/><G133/><T104/><D41/><U5/><E5/><V14/><F14/><W48/><G56/><T126/><D126/><U4/><E4/><V81/><F81/><W44/><G44/><T10/><D104/><U6/><E6/><V20/><F20/><AGARI ba="2,2" hai="13,18,20,48,49,52,53,55,75,78,82" m="44554" machi="20" ten="30,2000,0" yaku="12,1,54,1" doraHai="83" who="3" fromWho="2" sc="235,0,275,0,322,-26,148,46" /><INIT seed="2,0,0,2,4,14" ten="235,275,296,194" oya="2" hai0="16,94,105,23,109,108,21,48,135,75,83,40,99" hai1="24,70,79,134,13,76,37,68,58,132,4,86,47" hai2="102,46,92,116,82,38,128,124,20,119,103,129,93" hai3="81,57,110,125,73,22,41,130,72,127,39,9,121"/><V33/><F33/><W126/><G121/><T100/><D135/><N who="1" m="51755" /><E58/><V85/><F20/><W89/><G110/><N who="0" m="42603" /><D23/><U0/><E0/><V71/><F71/><N who="1" m="27177" /><E86/><V31/><F31/><W67/><G130/><N who="2" m="50281" /><F46/><N who="3" m="23871" /><G9/><T114/><D114/><U53/><E24/><V32/><F38/><W80/><G22/><T88/><D48/><N who="1" m="28831" /><E37/><V8/><F32/><W97/><G97/><N who="0" m="57543" /><D40/><U1/><E1/><V90/><F8/><AGARI ba="0,0" hai="4,8,13,76,79" m="28831,27177,51755" machi="8" ten="30,1000,0" yaku="20,1" doraHai="14" who="1" fromWho="2" sc="235,0,275,10,296,-10,194,0" /><INIT seed="3,0,0,0,0,5" ten="235,285,286,194" oya="3" hai0="58,1,99,104,6,107,34,117,71,131,115,109,11" hai1="65,12,129,14,100,90,51,127,126,38,42,92,130" hai2="41,29,33,135,10,106,60,74,63,105,61,88,101" hai3="111,55,26,30,120,21,102,87,112,70,15,54,7"/><W13/><G112/><T8/><D71/><U75/><E38/><V2/><F74/><W114/><G120/><T44/><D117/><U22/><E65/><V86/><F41/><W23/><G114/><T97/><D115/><U83/><E100/><V132/><F29/><W32/><G70/><T72/><D34/><U20/><E20/><V133/><F33/><W3/><G3/><T64/><D72/><U66/><E66/><V67/><F67/><W25/><G32/><T59/><D44/><N who="1" m="26007" /><E83/><N who="2" m="49247" /><F101/><W49/><G111/><T62/><D109/><U95/><E95/><V16/><F2/><W68/><G68/><T17/><D131/><N who="1" m="50187" /><E75/><V80/><F80/><W82/><G102/><T37/><D37/><U108/><E108/><V48/><F48/><W40/><G40/><T123/><D59/><U31/><E31/><V119/><F119/><W113/><G113/><T73/><D73/><U85/><E22/><V125/><F125/><AGARI ba="0,0" hai="12,14,85,90,92,125,126,127" m="50187,26007" machi="125" ten="30,2000,0" yaku="18,1,19,1" doraHai="5" who="1" fromWho="2" sc="235,0,285,20,286,-20,194,0" owari="235,-16.5,305,40.5,266,6.6,194,-30.6" /></mjloggm>