<mjloggm ver="2.3"><GO type="225" lobby="0"/><UN n0="%6D%75%75%6D%75%72%61" n1="%E3%83%AD%E3%83%83%E3%83%86%E9%9B%80%E7%90%83" n2="%61%69%73%79%6F" n3="%72%69%6F%75%63%68%61%6E" dan="16,17,17,17" rate="2184.65,2256.99,2193.78,2181.20" sx="F,M,M,M"/><TAIKYOKU oya="0"/><INIT seed="0,0,0,1,0,10" ten="250,250,250,250" oya="0" hai0="99,123,101,118,89,105,24,102,56,127,115,85,48" hai1="11,35,133,116,86,130,81,49,109,110,114,29,8" hai2="111,94,124,17,120,12,65,97,129,75,14,4,90" hai3="21,107,77,13,70,36,7,22,53,47,34,28,5"/><T93/><D115/><U122/><E116/><V100/><F120/><W112/><G112/><T42/><D118/><U58/><E122/><V82/><F111/><N who="1" m="42505" /><E114/><V106/><F129/><W0/><G107/><T57/><D123/><U126/><E126/><V69/><F124/><W38/><G70/><T68/><D127/><U33/><E133/><V43/><F43/><W6/><G0/><T25/><D68/><U15/><E130/><V128/><F128/><W3/><G3/><T119/><D119/><U87/><E8/><V39/><F39/><W95/><G77/><T79/><D102/><U117/><E29/><V125/><F125/><W44/><G95/><T113/><D113/><U103/><E103/><V62/><F17/><W27/><G34/><T32/><D79/><N who="1" m="46399" /><E87/><N who="2" m="52575" /><F4/><W96/><G96/><T74/><D74/><U19/><E117/><V72/><F72/><W91/><G91/><T98/><D85/><U9/><E9/><V37/><F37/><W54/><G36/><T67/><D32/><U2/><E2/><V63/><F63/><W64/><G38/><T84/><D84/><U88/><E88/><V20/><F20/><W30/><G30/><T71/><D105/><U134/><E134/><V83/><F83/><W50/><G64/><T66/><D66/><U132/><E132/><V55/><F82/><W59/><REACH who="3" step="1"/><G53/><AGARI ba="0,0" hai="11,15,19,33,35,49,53,58" m="46399,42505" machi="53" ten="30,2000,0" yaku="14,1,52,1" doraHai="10" who="1" fromWho="3" sc="250,0,250,20,250,0,250,-20" /><INIT seed="1,0,0,2,1,116" ten="250,270,250,230" oya="1" hai0="76,36,114,0,103,67,65,45,56,17,61,21,120" hai1="26,7,125,41,134,94,35,32,110,68,6,38,4" hai2="121,10,42,78,40,89,128,95,27,97,124,108,91" hai3="51,60,104,72,1,33,34,12,107,44,119,66,43"/><U86/><E68/><V92/><F108/><W93/><G119/><T15/><D114/><U30/><E125/><V113/><F128/><W127/><G1/><T96/><D0/><U62/><E134/><V58/><F124/><W130/><G127/><T19/><D76/><U52/><E110/><V131/><F121/><W82/><G130/><T39/><D120/><U3/><E35/><V88/><F113/><W54/><G93/><T133/><D133/><U31/><E31/><V100/><F78/><W8/><G72/><T25/><D65/><U28/><E28/><V111/><F111/><W83/><G33/><T29/><D45/><U79/><E41/><V102/><F27/><W77/><G34/><T85/><D85/><U23/><E38/><V84/><F131/><W87/><G83/><T129/><D129/><U50/><E62/><V64/><F10/><W11/><G54/><T132/><D132/><U20/><E3/><V16/><F16/><W9/><REACH who="3" step="1"/><G12/><REACH who="3" ten="250,270,250,220" step="2"/><T55/><D55/><U46/><REACH who="1" step="1"/><E94/><REACH who="1" ten="250,260,250,220" step="2"/><V112/><F112/><W98/><G98/><T105/><REACH who="0" step="1"/><D29/><REACH who="0" ten="240,260,250,220" step="2"/><U109/><E109/><V2/><F2/><W117/><G117/><T80/><D80/><AGARI ba="0,3" hai="4,6,7,20,23,26,30,32,46,50,52,79,80,86" machi="80" ten="40,3900,0" yaku="1,1,54,1,53,0" doraHai="116" doraHaiUra="123" who="1" fromWho="0" sc="240,-39,260,69,250,0,220,0" /><INIT seed="1,1,0,3,0,91" ten="201,329,250,220" oya="1" hai0="134,50,120,25,18,19,66,2,35,127,41,129,51" hai1="102,39,124,123,24,34,121,67,47,105,112,3,65" hai2="88,40,4,81,7,54,60,32,107,117,63,6,131" hai3="73,23,69,86,59,27,36,9,133,22,10,52,64"/><U46/><E112/><V43/><F117/><W5/><G73/><T70/><D127/><U0/><E102/><V44/><F107/><W33/><G133/><T20/><D134/><U111/><E105/><V85/><F32/><W14/><G36/><T26/><D129/><U125/><E34/><V29/><F29/><W17/><G69/><T71/><D2/><U48/><E48/><N who="2" m="28935" /><F131/><W101/><G64/><T95/><D120/><U80/><E80/><V38/><F38/><W49/><G101/><T13/><D35/><U74/><E39/><V78/><F78/><W11/><G33/><T1/><D1/><U8/><E24/><V96/><F96/><W82/><REACH who="3" step="1"/><G22/><REACH who="3" ten="201,329,250,210" step="2"/><T106/><D20/><U75/><E75/><V83/><F63/><W56/><G56/><T31/><D71/><U135/><E74/><V21/><F60/><W130/><G130/><T77/><D70/><U103/><E135/><V87/><F21/><W84/><G84/><T79/><D66/><U12/><E67/><V126/><F126/><W28/><G28/><T72/><D72/><U68/><E65/><V94/><F85/><W99/><G99/><T118/><D31/><U108/><E68/><V58/><F58/><W100/><G100/><T116/><D116/><U45/><E103/><V122/><F122/><W93/><G93/><T97/><D118/><U114/><E123/><V61/><F61/><W57/><G57/><T42/><D106/><U15/><E121/><V115/><F115/><W104/><G104/><T53/><D97/><U109/><E125/><V92/><F92/><W30/><G30/><RYUUKYOKU ba="1,1" sc="201,-15,329,-15,250,15,210,15" hai2="4,6,7,40,43,81,83,87,88,94" hai3="5,9,10,11,14,17,23,27,49,52,59,82,86" /><INIT seed="2,2,1,5,2,115" ten="186,314,265,225" oya="2" hai0="56,89,69,96,2,15,93,29,30,23,40,83,4" hai1="60,113,122,128,82,32,131,72,7,24,18,71,36" hai2="19,1,97,22,106,25,8,91,66,80,57,98,37" hai3="125,102,58,101,5,132,81,73,65,123,20,41,75"/><V100/><F37/><W21/><G123/><T134/><D69/><U130/><E113/><V46/><F46/><W27/><G125/><T108/><D108/><U59/><E122/><V48/><F48/><W67/><G132/><T118/><D134/><U107/><E107/><V13/><F1/><W116/><G116/><T94/><D2/><U117/><E117/><V88/><F98/><W53/><G41/><T63/><D118/><U3/><E71/><V68/><F68/><W6/><G81/><T70/><D70/><U87/><E72/><V85/><F66/><N who="3" m="25099" /><G75/><T12/><D40/><U39/><E7/><N who="3" m="2570" /><G73/><T84/><D93/><U28/><E18/><V35/><F57/><W42/><G42/><T105/><D105/><U99/><E99/><V124/><F124/><W14/><G14/><N who="0" m="5163" /><D4/><U33/><E33/><V95/><F35/><W10/><G10/><T90/><D23/><N who="3" m="8777" /><G27/><T119/><D119/><U133/><E133/><V43/><F43/><W135/><G135/><T62/><D56/><U92/><E3/><V64/><F64/><W114/><G114/><T0/><D0/><U126/><E126/><V103/><REACH who="2" step="1"/><F106/><REACH who="2" ten="186,314,255,225" step="2"/><W129/><G129/><T78/><D62/><AGARI ba="2,2" hai="53,58,62,101,102" m="8777,2570,25099" machi="62" ten="30,1000,0" yaku="8,1" doraHai="115" who="3" fromWho="0" sc="186,-16,314,0,255,0,225,36" /><INIT seed="3,0,0,3,4,132" ten="170,314,255,261" oya="3" hai0="84,67,114,58,101,123,79,24,37,119,56,122,55" hai1="128,71,33,42,23,15,82,104,65,52,59,11,91" hai2="70,8,100,31,135,63,38,5,72,29,30,44,3" hai3="98,0,130,93,113,126,25,51,107,34,94,133,127"/><W21/><G113/><T109/><D119/><U95/><E33/><V86/><F72/><W120/><G120/><T2/><D114/><U111/><E111/><V134/><F100/><N who="3" m="62871" /><G34/><T22/><D109/><U64/><E104/><V81/><F70/><W96/><G0/><T106/><D2/><U47/><E71/><V19/><F63/><W1/><G1/><T49/><D37/><U62/><E23/><V118/><F19/><W14/><G14/><T60/><D106/><U40/><E82/><V45/><F118/><W66/><G66/><N who="1" m="25706" /><E47/><V26/><F26/><W12/><G12/><T61/><D101/><U39/><E39/><V88/><REACH who="2" step="1"/><F45/><REACH who="2" ten="170,314,245,261" step="2"/><W97/><G133/><T103/><D103/><U27/><E27/><V80/><F80/><W74/><G74/><T83/><REACH who="0" step="1"/><D61/><REACH who="0" ten="160,314,245,261" step="2"/><U105/><E62/><V129/><F129/><W43/><G130/><T112/><D112/><U32/><E128/><V116/><F116/><W87/><G126/><T125/><D125/><U121/><E105/><V6/><F6/><W28/><G127/><T69/><D69/><U41/><E121/><V18/><F18/><AGARI ba="0,2" hai="18,22,24,49,55,56,58,60,67,79,83,84,122,123" machi="18" ten="30,2000,0" yaku="1,1,7,1,53,0" doraHai="132" doraHaiUra="90" who="0" fromWho="2" sc="160,40,314,0,245,-20,261,0" owari="200,-30.0,314,41.4,225,-17.5,261,6.1" /></mjloggm>