<mjloggm ver="2.3"><GO type="225" lobby="0"/><UN n0="%E7%B4%94%E6%BD%94%E3%83%94%E3%83%A9%E3%83%8B%E3%82%A2" n1="%E3%81%A4%E3%81%A3%E3%81%B1%E3%82%8A%E3%83%9D%E3%83%BC%E3%83%AB" n2="%E3%83%B4%E3%83%A0%EF%BC%99%E3%81%A6" n3="%28%EF%BF%A3%E2%96%BD%EF%BF%A3%29%CE%B4%E2%8C%92%E3%83%BB" dan="16,16,16,16" rate="2148.93,2125.08,2092.27,2215.77" sx="M,M,M,M"/><TAIKYOKU oya="0"/><INIT seed="0,0,0,3,0,95" ten="250,250,250,250" oya="0" hai0="45,40,24,115,123,124,32,82,134,52,98,80,42" hai1="29,117,96,17,60,62,104,89,129,71,26,61,125" hai2="0,66,87,41,27,84,36,55,11,65,5,22,102" hai3="58,44,74,85,133,69,127,130,56,53,112,94,105"/><T51/><D115/><U21/><E117/><V116/><F116/><W46/><G105/><T68/><D123/><U54/><E129/><V86/><F55/><W70/><G74/><T1/><D1/><U33/><E125/><V83/><F83/><W73/><G73/><T126/><D68/><N who="3" m="26217" /><G85/><T100/><D134/><U3/><E3/><V18/><REACH who="2" step="1"/><F102/><REACH who="2" ten="250,250,240,250" step="2"/><W79/><G53/><T12/><D80/><U111/><E54/><V76/><F76/><W6/><G130/><T38/><D82/><U8/><E111/><V81/><F81/><W106/><G112/><T90/><D90/><U14/><E89/><V47/><AGARI ba="0,1" hai="0,5,11,18,22,27,36,41,47,65,66,84,86,87" machi="47" ten="30,2000,0" yaku="1,1,0,1,53,0" doraHai="95" doraHaiUra="120" who="2" fromWho="2" sc="250,-10,250,-5,240,30,250,-5" /><INIT seed="1,0,0,4,4,78" ten="240,245,270,245" oya="1" hai0="131,39,129,6,41,8,36,72,19,75,135,27,25" hai1="0,104,52,87,77,2,57,16,69,51,43,134,133" hai2="90,26,5,12,58,119,35,114,68,102,59,109,11" hai3="94,33,125,126,121,54,24,88,95,111,83,50,31"/><U128/><E104/><V3/><F68/><W108/><G121/><T118/><D118/><U45/><E69/><V96/><F119/><W30/><G30/><T60/><D60/><U63/><E128/><N who="0" m="49225" /><D135/><N who="1" m="51723" /><E16/><V21/><F109/><N who="3" m="42059" /><G83/><AGARI ba="0,0" hai="0,2,43,45,51,52,57,63,77,83,87" m="51723" machi="83" ten="30,5800,0" yaku="20,1,52,1,54,1" doraHai="78" who="1" fromWho="3" sc="240,0,245,58,270,0,245,-58" /><INIT seed="1,1,0,5,5,89" ten="240,303,270,187" oya="1" hai0="85,53,129,56,59,75,126,82,26,111,78,62,132" hai1="76,52,110,102,123,29,69,57,7,101,71,70,21" hai2="4,10,73,109,106,36,81,44,40,46,22,20,114" hai3="96,87,127,17,63,64,14,93,120,117,112,104,34"/><U50/><E123/><V6/><F106/><W48/><G34/><T35/><D111/><U60/><E110/><V103/><F109/><W5/><G120/><T51/><D126/><U27/><E7/><V38/><F114/><W74/><G74/><T72/><D129/><U18/><E76/><N who="2" m="44175" /><F4/><W128/><G127/><T12/><D132/><U28/><REACH who="1" step="1"/><E60/><REACH who="1" ten="240,293,270,187" step="2"/><V67/><F67/><W47/><G5/><T88/><D78/><U80/><E80/><V61/><F61/><W99/><G112/><T79/><D75/><U39/><E39/><V0/><F103/><AGARI ba="1,1" hai="18,21,27,28,29,50,52,57,69,70,71,101,102,103" machi="103" ten="40,3900,0" yaku="1,1,54,1,53,0" doraHai="89" doraHaiUra="95" who="1" fromWho="2" sc="240,0,293,52,270,-42,187,0" /><INIT seed="1,2,0,1,0,125" ten="240,345,228,187" oya="1" hai0="94,86,135,131,17,103,20,36,42,38,113,33,93" hai1="75,21,90,7,89,58,45,130,14,72,85,88,39" hai2="124,66,92,0,100,23,109,76,37,79,28,106,134" hai3="77,30,3,119,81,22,104,70,95,8,19,126,59"/><U12/><E130/><V24/><F37/><W47/><G104/><T74/><D74/><U56/><E85/><V120/><F120/><W110/><G70/><T64/><D33/><U67/><E39/><V112/><F124/><W98/><G126/><T101/><D113/><U91/><E45/><V63/><F112/><W99/><G110/><T44/><D38/><U4/><E91/><V43/><F43/><W73/><G119/><T128/><D64/><U35/><E35/><V50/><F109/><W46/><G98/><T122/><D135/><U96/><E21/><V83/><F106/><W62/><G8/><T114/><D122/><U133/><E67/><V82/><F50/><W41/><G3/><T60/><D60/><U25/><E25/><V40/><F40/><W34/><G34/><T78/><D114/><U29/><E29/><V32/><F0/><W55/><G30/><T117/><D117/><U68/><E68/><V87/><F134/><W54/><G54/><T116/><D116/><U61/><E61/><V107/><F107/><W111/><G41/><T97/><D78/><N who="2" m="29738" /><F32/><W57/><G57/><N who="1" m="22122" /><E96/><N who="2" m="59399" /><F87/><W51/><G51/><T9/><D9/><U15/><E133/><V11/><F11/><W132/><G132/><T49/><D36/><U127/><E127/><V71/><F71/><W80/><G80/><T115/><D115/><U123/><E123/><V1/><F1/><W48/><G48/><T108/><D108/><U5/><AGARI ba="2,0" hai="4,5,7,12,14,15,72,75,88,89,90" m="22122" machi="5" ten="40,12000,1" yaku="29,2,28,2,54,1" doraHai="125" who="1" fromWho="1" sc="240,-42,345,126,228,-42,187,-42" /><INIT seed="1,3,0,2,2,102" ten="198,471,186,145" oya="1" hai0="54,126,2,74,37,111,10,96,29,114,93,60,71" hai1="7,95,107,15,25,112,125,116,1,30,57,34,135" hai2="21,130,97,17,82,118,63,42,36,50,45,43,6" hai3="39,40,66,4,67,0,75,80,83,41,23,26,20"/><U117/><E107/><V33/><F118/><W52/><G4/><T92/><D74/><U115/><E95/><V51/><F33/><W16/><G75/><T100/><D37/><U13/><E57/><V62/><F130/><W61/><G0/><T119/><D111/><U76/><E76/><V77/><F6/><W134/><G134/><T32/><D126/><U133/><E1/><V81/><F97/><W28/><G39/><T47/><D114/><N who="1" m="43563" /><E125/><V68/><F36/><W113/><G113/><T53/><D10/><N who="1" m="4319" /><E15/><V84/><F81/><N who="3" m="31307" /><G67/><T128/><D2/><U108/><E108/><V129/><F129/><W109/><G66/><T91/><D128/><U49/><E49/><V18/><F68/><W105/><G105/><T22/><D71/><U64/><E64/><V87/><F87/><W56/><G109/><T90/><D119/><AGARI ba="3,0" hai="25,30,34,116,117,119,133,135" m="4319,43563" machi="119" ten="30,2900,0" yaku="34,2" doraHai="102" who="1" fromWho="0" sc="198,-38,471,38,186,0,145,0" /><INIT seed="1,4,0,0,1,35" ten="160,509,186,145" oya="1" hai0="29,34,57,88,124,4,67,64,8,38,2,117,76" hai1="106,109,54,31,74,52,71,14,66,79,25,82,126" hai2="42,131,128,127,108,118,30,85,99,19,78,15,10" hai3="91,16,83,49,32,115,28,103,98,120,69,101,100"/><U51/><E126/><V12/><F118/><W119/><G69/><T62/><D117/><U102/><E109/><V0/><F108/><W39/><G39/><T130/><D124/><U97/><E14/><V77/><F127/><W33/><G119/><T5/><D5/><U36/><E51/><V90/><F99/><W26/><G120/><T18/><D38/><U7/><E7/><N who="2" m="1383" /><F30/><W72/><G115/><T58/><D76/><N who="2" m="29290" /><F19/><W89/><G72/><T84/><D130/><N who="2" m="49706" /><F42/><W75/><G75/><T61/><D18/><U53/><E36/><V68/><F68/><W105/><G33/><T113/><D113/><U112/><E112/><V48/><F48/><W55/><G105/><T73/><D73/><U11/><E11/><V6/><F6/><W125/><G125/><T46/><D34/><U123/><E123/><V133/><F133/><W93/><G91/><T134/><D29/><U3/><E31/><V17/><F17/><W23/><G83/><AGARI ba="4,0" hai="12,15,83,85,90" m="49706,29290,1383" machi="83" ten="30,2000,0" yaku="19,1,52,1" doraHai="35" who="2" fromWho="3" sc="160,0,509,0,186,32,145,-32" /><INIT seed="2,0,0,3,0,55" ten="160,509,218,113" oya="2" hai0="128,59,83,117,88,98,48,102,15,22,129,70,80" hai1="79,57,111,107,105,116,122,25,43,61,4,50,39" hai2="21,113,100,69,8,32,45,49,134,96,2,28,67" hai3="78,77,68,71,73,20,75,91,115,99,84,94,7"/><V74/><F113/><W124/><G7/><T114/><D70/><U72/><E116/><V135/><F21/><W56/><G115/><T125/><D125/><U93/><E39/><V12/><F74/><W40/><G124/><T19/><D117/><U0/><E25/><V90/><F90/><W89/><G40/><T11/><D11/><U1/><E107/><V18/><F2/><W108/><G108/><T95/><D114/><U36/><E105/><V97/><F69/><W104/><G20/><T46/><D102/><U66/><E36/><V9/><F9/><W85/><G104/><T76/><D59/><U101/><E79/><V63/><F28/><W3/><G3/><T34/><D34/><U87/><E72/><V121/><F32/><W37/><G37/><T54/><REACH who="0" step="1"/><D83/><REACH who="0" ten="150,509,218,113" step="2"/><U82/><E0/><V14/><F100/><W27/><G56/><T119/><D119/><U17/><E101/><V123/><F8/><W92/><REACH who="3" step="1"/><G27/><REACH who="3" ten="150,509,218,103" step="2"/><T42/><D42/><U103/><E57/><V86/><F121/><W60/><G60/><T24/><D24/><U131/><E43/><V58/><F58/><W112/><G112/><T64/><D64/><U5/><E61/><V29/><F63/><W6/><G6/><T65/><D65/><U13/><E5/><V44/><F67/><W53/><G53/><T81/><D81/><U35/><E4/><V51/><F123/><W127/><G127/><T23/><D23/><U30/><E82/><V31/><F49/><W106/><G106/><T133/><D133/><U120/><E50/><V33/><F51/><W52/><G52/><RYUUKYOKU ba="0,2" sc="150,15,509,-15,218,-15,103,15" hai0="15,19,22,46,48,54,76,80,88,95,98,128,129" hai3="68,71,73,75,77,78,84,85,89,91,92,94,99" /><INIT seed="3,1,2,3,3,57" ten="165,494,203,118" oya="3" hai0="8,99,113,18,1,120,86,77,119,107,37,110,127" hai1="0,9,62,31,74,76,24,78,41,38,94,88,45" hai2="52,47,89,82,35,2,125,101,61,56,42,79,117" hai3="105,134,49,19,12,96,39,135,114,43,132,59,121"/><W30/><G114/><T13/><D113/><U100/><E100/><V44/><F117/><W85/><G121/><T109/><D119/><U131/><E131/><V112/><F112/><W15/><G30/><T75/><D120/><U60/><E9/><V50/><F35/><W116/><G116/><T54/><D37/><U29/><E29/><V71/><F125/><W128/><G128/><T80/><D127/><U84/><E0/><V124/><F124/><W58/><G39/><T73/><D1/><U40/><E40/><V68/><F101/><N who="3" m="62631" /><G85/><T32/><D32/><U5/><E5/><V81/><F2/><W63/><G19/><T90/><D54/><U11/><E11/><V14/><F14/><N who="3" m="5163" /><G63/><T111/><D107/><U67/><E74/><N who="0" m="28169" /><D99/><U72/><E72/><V46/><F79/><AGARI ba="1,2" hai="8,13,18,77,79,80,86,90,109,110,111" m="28169" machi="79" ten="40,1300,0" yaku="14,1" doraHai="57" who="0" fromWho="2" sc="165,36,494,0,203,-16,118,0" owari="201,0.1,494,59.4,187,-21.3,118,-38.2" /></mjloggm>