<mjloggm ver="2.3"><GO type="225" lobby="0"/><UN n0="%E5%A4%96%E5%B7%9D%E7%AB%9C%E6%88%90" n1="%E5%80%89%E6%A9%8B%EF%BC%A0%E4%BA%8B%E5%8B%99" n2="%6D%75%75%6D%75%72%61" n3="%E5%AE%AE%E4%BF%9D%E9%B6%8F%E8%82%89" dan="16,16,17,16" rate="2098.94,2109.52,2199.38,2109.40" sx="M,M,F,M"/><TAIKYOKU oya="0"/><INIT seed="0,0,0,3,3,73" ten="250,250,250,250" oya="0" hai0="29,115,25,20,127,121,85,42,8,94,112,54,63" hai1="21,65,135,39,110,10,107,132,86,18,7,46,118" hai2="93,37,76,3,105,12,80,55,99,68,57,124,19" hai3="9,17,106,41,38,113,84,134,64,58,36,69,130"/><T62/><D121/><U126/><E118/><V83/><F3/><W109/><G106/><T71/><D127/><U11/><E107/><V101/><F124/><W47/><G84/><T53/><D42/><N who="1" m="22879" /><E126/><V102/><F68/><W70/><G17/><T122/><D122/><U59/><E86/><V27/><F37/><W33/><G9/><T4/><D71/><N who="3" m="27145" /><G33/><T79/><D112/><U117/><E117/><V120/><F120/><W30/><G30/><T56/><D115/><U22/><E65/><V6/><F105/><W16/><G109/><T50/><D54/><U31/><E59/><V91/><F6/><W123/><G130/><T133/><D133/><N who="1" m="51275" /><E110/><V81/><F76/><W45/><G58/><T2/><REACH who="0" step="1"/><D94/><REACH who="0" ten="240,250,250,250" step="2"/><U82/><E82/><AGARI ba="0,1" hai="2,4,8,20,25,29,50,53,56,62,63,79,82,85" machi="82" ten="40,7700,0" yaku="1,1,2,1,52,1,53,0" doraHai="73" doraHaiUra="43" who="0" fromWho="1" sc="240,87,250,-77,250,0,250,0" /><INIT seed="0,1,0,2,0,28" ten="327,173,250,250" oya="0" hai0="119,67,12,89,91,103,127,27,58,73,84,129,16" hai1="45,85,56,46,123,60,79,42,106,63,96,124,48" hai2="133,41,55,32,61,22,50,26,11,78,131,126,20" hai3="25,90,33,108,72,125,115,14,44,36,47,4,69"/><T1/><D1/><U43/><E123/><V128/><F126/><W130/><G115/><T99/><D119/><U98/><E106/><V121/><F121/><W104/><G69/><T34/><D73/><U37/><E124/><V52/><F133/><W71/><G71/><T117/><D117/><U29/><E29/><N who="2" m="19511" /><F78/><W109/><G130/><N who="2" m="49705" /><F11/><W10/><G104/><T111/><D84/><U24/><E24/><V122/><F122/><W65/><G65/><T97/><D97/><U66/><E79/><V86/><F86/><W113/><G113/><T9/><D111/><U114/><E114/><V70/><F41/><W31/><G72/><T39/><D39/><U102/><E102/><V5/><F5/><W101/><G101/><T118/><D118/><U19/><E85/><V87/><F87/><W80/><G125/><T74/><D74/><U120/><E120/><V95/><F95/><W59/><G80/><T82/><D82/><U15/><REACH who="1" step="1"/><E60/><REACH who="1" ten="327,163,250,250" step="2"/><V35/><F35/><W13/><G33/><T54/><D34/><U107/><E107/><V2/><F50/><W40/><G109/><T94/><D127/><U64/><E64/><N who="2" m="41231" /><F2/><W49/><G108/><T18/><D67/><U116/><E116/><V110/><F110/><W30/><G49/><N who="0" m="31055" /><D129/><U68/><E68/><V62/><F62/><W75/><G75/><T81/><D81/><U23/><AGARI ba="1,1" hai="15,19,23,37,42,43,45,46,48,56,63,66,96,98" machi="23" ten="20,2700,0" yaku="1,1,0,1,7,1,53,0" doraHai="28" doraHaiUra="105" who="1" fromWho="1" sc="327,-14,163,40,250,-8,250,-8" /><INIT seed="1,0,0,3,3,38" ten="313,203,242,242" oya="1" hai0="35,17,80,49,6,10,135,85,64,82,70,75,0" hai1="133,54,15,112,66,7,99,31,131,129,93,79,3" hai2="43,52,18,37,86,121,63,98,8,50,45,13,134" hai3="127,122,57,44,27,40,89,117,68,25,107,90,21"/><U101/><E112/><V108/><F108/><W109/><G122/><T84/><D35/><U132/><E66/><V103/><F134/><N who="1" m="51817" /><E3/><V125/><F125/><W100/><G68/><T61/><D75/><U104/><E31/><V30/><F30/><W69/><G69/><T11/><D82/><U23/><E54/><V62/><F86/><W110/><G127/><T115/><D80/><U5/><E79/><V47/><REACH who="2" step="1"/><F121/><REACH who="2" ten="313,203,232,242" step="2"/><W48/><G110/><T9/><D85/><U53/><E129/><V22/><F22/><W16/><G109/><T77/><D84/><U116/><E131/><V124/><F124/><W96/><G117/><T72/><D72/><U33/><E116/><V73/><F73/><W105/><G105/><AGARI ba="0,1" hai="8,13,18,37,43,45,47,50,52,62,63,98,103,105" machi="105" ten="30,7700,0" yaku="1,1,7,1,52,1,54,1,53,0" doraHai="38" doraHaiUra="114" who="2" fromWho="3" sc="313,0,203,0,232,87,242,-77" /><INIT seed="2,0,0,1,3,5" ten="313,203,319,165" oya="2" hai0="79,91,50,31,48,67,66,28,49,75,125,94,35" hai1="29,133,77,85,121,22,57,80,0,135,24,20,8" hai2="43,119,42,15,16,25,23,45,114,51,71,82,123" hai3="46,58,105,63,27,56,70,95,53,89,68,10,86"/><V76/><F114/><W40/><G105/><T107/><D107/><U17/><E121/><V116/><F123/><W104/><G104/><T109/><D109/><U52/><E0/><V65/><F42/><W117/><G117/><T93/><D125/><U41/><E41/><V73/><REACH who="2" step="1"/><F25/><REACH who="2" ten="313,203,309,165" step="2"/><W55/><G27/><T108/><D108/><U26/><REACH who="1" step="1"/><E8/><REACH who="1" ten="313,193,309,165" step="2"/><V81/><F81/><W115/><G10/><T110/><D110/><U4/><E4/><V96/><F96/><W126/><G115/><T120/><D120/><U1/><E1/><V38/><F38/><W36/><REACH who="3" step="1"/><G126/><REACH who="3" ten="313,193,309,155" step="2"/><T98/><D98/><U88/><E88/><V124/><F124/><W128/><G128/><T106/><D91/><U118/><E118/><V90/><F90/><W34/><G34/><T2/><D35/><U84/><E84/><V122/><F122/><W62/><AGARI ba="0,3" hai="36,40,46,53,55,56,58,62,63,68,70,86,89,95" machi="62" ten="20,8000,1" yaku="1,1,0,1,7,1,9,1,53,1" doraHai="5" doraHaiUra="69" who="3" fromWho="3" sc="313,-20,193,-20,309,-40,155,110" /><INIT seed="3,0,0,0,4,116" ten="293,173,269,265" oya="3" hai0="131,78,66,38,103,40,13,77,3,70,54,101,127" hai1="95,19,112,61,100,18,98,22,76,86,39,84,35" hai2="82,94,68,73,44,8,12,29,93,2,7,91,24" hai3="74,60,63,97,20,36,46,123,81,132,130,104,25"/><W53/><G132/><T0/><D0/><U115/><E35/><V114/><F114/><W48/><G130/><T55/><D3/><U52/><E39/><V30/><F68/><W107/><G36/><T21/><D54/><U6/><E6/><V128/><F128/><W67/><G123/><T10/><D21/><U51/><E61/><V32/><F30/><W105/><G97/><T71/><D71/><U57/><E18/><V1/><F1/><W119/><G119/><T43/><D43/><U31/><E31/><V89/><F12/><W80/><G74/><T109/><D55/><U42/><E42/><V121/><F121/><W59/><REACH who="3" step="1"/><G63/><REACH who="3" ten="293,173,269,255" step="2"/><T4/><D38/><U88/><E76/><V133/><F133/><W135/><G135/><T113/><D78/><U129/><E129/><V27/><F91/><W37/><G37/><T87/><D77/><U14/><REACH who="1" step="1"/><E86/><REACH who="1" ten="293,163,269,255" step="2"/><V34/><F73/><W45/><G45/><T65/><D87/><U75/><E75/><V111/><F44/><W96/><G96/><T125/><D131/><U56/><E56/><V58/><F58/><W15/><G15/><T47/><D13/><U5/><E5/><V92/><F2/><W99/><G99/><T120/><D4/><U122/><E122/><V118/><F7/><W49/><G49/><T83/><D120/><U28/><E28/><AGARI ba="0,2" hai="20,25,28,46,48,53,59,60,67,80,81,104,105,107" machi="28" ten="40,2000,0" yaku="1,1,53,0" doraHai="116" doraHaiUra="106" who="3" fromWho="1" sc="293,0,163,-20,269,0,255,40" /><INIT seed="3,1,0,2,4,40" ten="293,143,269,295" oya="3" hai0="69,97,5,75,114,1,107,122,98,52,113,57,14" hai1="108,128,131,76,92,7,47,100,81,8,43,82,115" hai2="56,132,96,2,41,94,3,123,13,32,9,112,20" hai3="67,58,133,24,44,12,36,25,109,68,83,10,55"/><W46/><G133/><T80/><D122/><U21/><E115/><N who="0" m="44041" /><D69/><U19/><E108/><V88/><F32/><W84/><G109/><T6/><D1/><U85/><E82/><V45/><F112/><W79/><G68/><T71/><D71/><U119/><E119/><V53/><F20/><W22/><G67/><T86/><D75/><U35/><E35/><V48/><F132/><W26/><G22/><T59/><D59/><U74/><E100/><V11/><F11/><W105/><G105/><T18/><D107/><U106/><E106/><V89/><F89/><W66/><G66/><T54/><D54/><U91/><E21/><V31/><F31/><W121/><G36/><T61/><D18/><U39/><REACH who="1" step="1"/><E19/><REACH who="1" ten="293,133,269,295" step="2"/><V129/><F123/><W134/><G121/><T16/><D16/><U29/><E29/><V65/><F129/><W135/><G134/><T60/><D5/><U127/><E127/><V111/><F111/><W118/><G135/><T73/><D6/><U4/><E4/><V72/><F72/><W63/><G118/><T93/><D73/><U90/><E90/><V125/><F125/><W51/><G10/><T78/><D93/><U77/><E77/><V23/><F23/><W64/><G12/><AGARI ba="1,1" hai="7,8,12,39,43,47,74,76,81,85,91,92,128,131" machi="12" ten="40,5200,0" yaku="1,1,52,1,53,1" doraHai="40" doraHaiUra="42" who="1" fromWho="3" sc="293,0,133,65,269,0,295,-55" /><INIT seed="4,0,0,0,3,127" ten="293,198,269,240" oya="0" hai0="4,119,1,89,10,74,108,30,13,69,66,117,12" hai1="23,54,16,50,45,112,60,6,92,81,131,83,3" hai2="102,106,79,122,9,29,62,55,99,129,47,86,101" hai3="135,39,20,25,77,65,110,72,38,56,130,32,76"/><T64/><D74/><U132/><E132/><V133/><F122/><W126/><G110/><T31/><D108/><U41/><E112/><V95/><F133/><W52/><G126/><T68/><D89/><U107/><E107/><V46/><F29/><W84/><G32/><T5/><D10/><U120/><E120/><V124/><F124/><W94/><G65/><T85/><D85/><U100/><E3/><AGARI ba="0,0" hai="1,3,4,5,12,13,30,31,64,66,68,69,117,119" machi="3" ten="25,2400,0" yaku="22,2" doraHai="127" who="0" fromWho="1" sc="293,24,198,-24,269,0,240,0" owari="317,41.7,174,-32.6,269,6.9,240,-16.0" /></mjloggm>