<mjloggm ver="2.3"><GO type="225" lobby="0"/><UN n0="%E7%B4%94%E6%BD%94%E3%83%94%E3%83%A9%E3%83%8B%E3%82%A2" n1="%61%69%73%79%6F" n2="%72%61%6B%33" n3="%6D%75%75%6D%75%72%61" dan="17,17,18,16" rate="2254.35,2163.86,2270.68,2234.85" sx="M,M,M,F"/><TAIKYOKU oya="0"/><INIT seed="0,0,0,1,4,34" ten="250,250,250,250" oya="0" hai0="65,12,28,80,43,47,87,89,122,30,13,115,21" hai1="70,9,88,37,49,16,82,77,74,106,11,132,119" hai2="51,33,64,14,32,58,1,62,76,101,110,131,5" hai3="31,103,117,3,104,120,72,17,108,134,52,67,73"/><T99/><D115/><U116/><E37/><V95/><F110/><W91/><G117/><T2/><D122/><U56/><E70/><V98/><F131/><W85/><G108/><T38/><D2/><U24/><E106/><V59/><F76/><W127/><G134/><T107/><D65/><U83/><E132/><V25/><F14/><W44/><G120/><T15/><REACH who="0" step="1"/><D21/><REACH who="0" ten="240,250,250,250" step="2"/><U40/><E119/><V4/><F1/><W90/><G3/><T113/><D113/><U69/><E116/><V112/><F112/><W55/><G67/><T92/><D92/><U0/><E0/><V35/><F35/><W8/><G104/><T97/><D97/><U53/><E40/><V86/><F32/><W66/><G66/><T109/><D109/><U133/><E133/><V26/><F33/><W18/><G55/><T23/><D23/><U79/><E69/><V57/><F98/><W123/><G123/><T45/><D45/><U100/><E100/><AGARI ba="0,1" hai="12,13,15,28,30,38,43,47,80,87,89,99,100,107" machi="100" ten="40,7700,0" yaku="1,1,53,2" doraHai="34" doraHaiUra="27" who="0" fromWho="1" sc="240,87,250,-77,250,0,250,0" /><INIT seed="0,1,0,5,0,66" ten="327,173,250,250" oya="0" hai0="33,80,21,106,3,42,24,57,11,130,34,110,26" hai1="43,50,72,123,17,97,25,122,53,56,109,73,116" hai2="5,39,135,63,59,117,125,22,107,103,27,71,89" hai3="69,10,62,29,38,7,77,108,44,121,58,96,129"/><T91/><D106/><U49/><E116/><V78/><F125/><W128/><G108/><T55/><D110/><U2/><E109/><V1/><F135/><W19/><G121/><T37/><D130/><N who="3" m="50281" /><G77/><T64/><D64/><U51/><E2/><V75/><F39/><W18/><G29/><T81/><D37/><U127/><E127/><V67/><F117/><W134/><G96/><T104/><D42/><U14/><E123/><V15/><F1/><N who="3" m="367" /><G134/><T47/><D47/><U60/><E122/><V88/><F5/><W92/><G92/><T93/><D104/><U83/><E25/><V40/><F15/><W4/><G4/><T87/><D3/><U6/><E6/><V131/><F131/><W86/><G86/><T105/><D105/><U23/><E43/><V0/><F40/><N who="3" m="22551" /><G69/><T85/><D11/><U13/><E13/><V98/><F0/><W90/><G90/><T30/><D26/><U46/><E46/><V70/><F78/><W94/><G94/><T45/><D45/><U84/><REACH who="1" step="1"/><E97/><REACH who="1" ten="327,163,250,250" step="2"/><V126/><F126/><W68/><G68/><T20/><D24/><U119/><E119/><V118/><F118/><W82/><G82/><T102/><D81/><U99/><E99/><V16/><F70/><W41/><G41/><T61/><D80/><U114/><E114/><V65/><F71/><W35/><G35/><T9/><D33/><U12/><E12/><V32/><F32/><W8/><G8/><T36/><D34/><U133/><E133/><V120/><F120/><W101/><G101/><T76/><D102/><U54/><E54/><AGARI ba="1,1" hai="18,19,54,58,62" m="22551,367,50281" machi="54" ten="30,1000,0" yaku="19,1" doraHai="66" who="3" fromWho="1" sc="327,0,163,-13,250,0,250,23" /><INIT seed="1,0,0,0,1,51" ten="327,150,250,273" oya="1" hai0="64,21,40,32,132,57,113,15,62,130,135,67,7" hai1="55,52,111,74,110,79,47,73,12,85,56,30,119" hai2="63,98,107,20,22,91,124,86,72,92,37,99,105" hai3="83,93,61,128,1,65,87,13,11,109,71,118,53"/><U16/><E119/><V100/><F37/><W29/><G118/><T24/><D113/><U88/><E30/><V68/><F124/><W28/><G109/><N who="1" m="41482" /><E47/><V102/><REACH who="2" step="1"/><F72/><REACH who="2" ten="327,150,240,273" step="2"/><N who="1" m="27753" /><E79/><V19/><F19/><W58/><G28/><T45/><D132/><U50/><E50/><V82/><F82/><W31/><G31/><T95/><D135/><U70/><E56/><V90/><F90/><W46/><G29/><T39/><D57/><U133/><E70/><V44/><F44/><W76/><G71/><T77/><D45/><U106/><E133/><V33/><F33/><W54/><G46/><T78/><D32/><U115/><E115/><V35/><F35/><W108/><G108/><T4/><D39/><U0/><E0/><V103/><F103/><W60/><G1/><T10/><D4/><U59/><E59/><V117/><F117/><W129/><G129/><T89/><D7/><U49/><E49/><V26/><F26/><W36/><G128/><T116/><D24/><U42/><E42/><V84/><F84/><W8/><G36/><T101/><D40/><U80/><E106/><V122/><F122/><W114/><G114/><T41/><D41/><U9/><AGARI ba="0,1" hai="9,12,16,52,55,80,85,88" m="27753,41482" machi="9" ten="30,18000,2" yaku="14,1,10,1,52,2,54,3" doraHai="51" who="1" fromWho="1" sc="327,-60,150,190,240,-60,273,-60" /><INIT seed="1,1,0,1,2,54" ten="267,340,180,213" oya="1" hai0="122,45,15,86,89,71,42,135,60,131,22,83,81" hai1="12,77,73,93,102,112,79,87,92,10,32,37,56" hai2="2,88,39,123,117,67,128,25,63,106,126,46,133" hai3="85,134,120,110,43,19,13,94,31,68,114,111,53"/><U41/><E112/><V125/><F2/><W127/><G114/><T103/><D122/><U57/><E32/><V9/><F106/><W58/><G120/><T36/><D131/><U50/><E73/><V8/><F123/><W7/><G68/><T82/><D135/><U109/><E37/><V132/><F117/><W33/><G134/><N who="2" m="51817" /><F25/><W75/><G75/><T119/><D119/><U5/><E109/><N who="3" m="41482" /><G127/><N who="2" m="48649" /><F88/><N who="3" m="53519" /><G43/><T76/><D103/><U121/><E121/><V11/><F46/><W49/><G7/><T124/><D124/><U27/><E27/><V115/><F115/><W70/><G70/><T55/><D71/><U61/><E102/><V108/><F39/><W64/><G64/><T44/><D44/><N who="1" m="25871" /><E77/><V6/><F108/><W95/><G95/><N who="1" m="36426" /><E61/><V26/><F26/><W40/><G40/><T3/><D60/><U38/><E38/><V80/><F80/><AGARI ba="1,0" hai="5,10,12,56,57,79,80,87" m="36426,25871" machi="80" ten="30,11600,0" yaku="25,1,8,1,52,2" doraHai="54" who="1" fromWho="2" sc="267,0,340,119,180,-119,213,0" /><INIT seed="1,2,0,2,5,21" ten="267,459,61,213" oya="1" hai0="41,105,19,51,85,55,46,72,130,79,134,127,117" hai1="44,116,16,120,89,97,122,99,115,62,59,49,80" hai2="107,74,84,73,135,83,11,82,129,53,54,50,40" hai3="43,48,7,34,113,126,121,101,69,18,29,13,106"/><U4/><E115/><V86/><F107/><W71/><G113/><T66/><D105/><U3/><E116/><V81/><F129/><W93/><G121/><T60/><D130/><U57/><E3/><V8/><F135/><W91/><G126/><T70/><D127/><U108/><E4/><V64/><F64/><W67/><G7/><T114/><D114/><U87/><E108/><V90/><F40/><W63/><G106/><T133/><D72/><U30/><E30/><V37/><F37/><W131/><G131/><T20/><D117/><U15/><E120/><V26/><F83/><W24/><G101/><T132/><D85/><U96/><E62/><V110/><F50/><W36/><G36/><T111/><D79/><U31/><E31/><V2/><F2/><W104/><G104/><T77/><D77/><U0/><E0/><V125/><F125/><W61/><G43/><T92/><D92/><U52/><E122/><V102/><F90/><W75/><G75/><T78/><D78/><U6/><E6/><V56/><F56/><W109/><G48/><T68/><D111/><U119/><E119/><V112/><F112/><W17/><G109/><T33/><D33/><U45/><E45/><V35/><F110/><W47/><G47/><T14/><D41/><U39/><E39/><V42/><F42/><W58/><G63/><T118/><D118/><U128/><E128/><V95/><F35/><W123/><G123/><T27/><D70/><U124/><E124/><V22/><F73/><W38/><G38/><T23/><D132/><U98/><N who="1" m="24576" /><DORA hai="9" /><U10/><AGARI ba="2,0" hai="10,15,16,44,49,52,57,59,80,87,89" m="24576" machi="10" ten="40,24000,3" yaku="4,1,0,1,25,2,8,1,52,1,54,2" doraHai="21,9" who="1" fromWho="1" sc="267,-82,459,246,61,-82,213,-82" owari="185,-1.5,705,80.5,-21,-52.1,131,-26.9" /></mjloggm>