<mjloggm ver="2.3"><GO type="225" lobby="0"/><UN n0="%E8%B7%AF%E9%9C%B8" n1="%E6%97%A5%E6%9B%9C%E6%97%A5%E3%82%88%E3%82%8A%E3%81%AE%E4%BD%BF%E8%80%85" n2="%E3%81%AA%E3%81%A1%30%39%32%37" n3="%E6%B0%B7%E5%B7%9D%E9%87%8C%E5%A5%88" dan="17,17,16,16" rate="2164.77,2139.81,2102.01,2133.61" sx="M,M,M,F"/><TAIKYOKU oya="0"/><INIT seed="0,0,0,4,3,32" ten="250,250,250,250" oya="0" hai0="54,16,5,28,121,76,6,47,135,122,53,92,117" hai1="119,8,134,9,38,25,35,15,13,20,51,116,67" hai2="98,91,10,99,34,55,18,24,132,108,29,40,37" hai3="101,36,30,133,128,84,50,14,102,43,109,64,68"/><T26/><D117/><U41/><E38/><V23/><F108/><W7/><G36/><T100/><D135/><U130/><E67/><V58/><F132/><W22/><G133/><T73/><D73/><U48/><E134/><V1/><F37/><W46/><G109/><T12/><D76/><U106/><E106/><V61/><F40/><W39/><G128/><T120/><D100/><U131/><E41/><V27/><REACH who="2" step="1"/><F91/><REACH who="2" ten="250,250,240,250" step="2"/><W78/><G39/><T2/><D2/><U107/><E131/><V65/><F65/><W105/><G64/><T57/><D121/><U75/><E130/><V71/><F71/><W63/><G68/><T96/><D120/><U66/><E66/><V90/><F90/><W17/><G43/><T111/><D122/><U81/><E119/><V103/><F103/><W70/><G102/><N who="0" m="60679" /><D111/><U4/><E116/><V69/><F69/><W127/><G101/><T11/><D54/><U113/><E113/><V19/><F19/><W42/><G17/><T82/><D16/><U125/><E107/><V74/><F74/><W104/><G104/><T0/><D0/><U94/><E75/><V49/><F49/><W93/><G50/><N who="0" m="30903" /><D5/><AGARI ba="0,1" hai="1,5,10,18,23,24,27,29,34,55,58,61,98,99" machi="5" ten="40,2600,0" yaku="1,1,52,1,53,0" doraHai="32" doraHaiUra="86" who="2" fromWho="0" sc="250,-26,250,0,240,36,250,0" /><INIT seed="1,0,0,4,0,122" ten="224,250,276,250" oya="1" hai0="5,53,7,74,110,43,109,12,40,72,67,4,50" hai1="106,35,76,119,32,38,34,96,24,28,100,31,2" hai2="89,97,9,92,30,64,84,3,104,133,95,10,0" hai3="15,60,116,18,126,61,68,1,98,56,14,88,42"/><U8/><E119/><V132/><F104/><W62/><G1/><N who="2" m="585" /><F64/><W52/><G126/><T79/><D67/><U48/><E48/><V73/><F73/><N who="0" m="28266" /><D12/><U36/><E76/><V135/><F30/><W134/><G134/><N who="2" m="34305" /><V71/><DORA hai="91" /><F71/><W128/><G128/><T54/><D79/><U22/><REACH who="1" step="1"/><E31/><REACH who="1" ten="224,240,276,250" step="2"/><V44/><F44/><W39/><G116/><T17/><D50/><U46/><E46/><V113/><F113/><W19/><G39/><T65/><D65/><U69/><E69/><V49/><F49/><N who="3" m="30735" /><G68/><T70/><D70/><U99/><E99/><V118/><F118/><W125/><G125/><T21/><D53/><U20/><E20/><V37/><F37/><W27/><G42/><T45/><D54/><U101/><E101/><AGARI ba="0,1" hai="9,10,84,89,92,95,97,101" m="34305,585" machi="101" ten="40,5200,0" yaku="20,1,52,2" doraHai="122,91" who="2" fromWho="1" sc="224,0,240,-52,276,62,250,0" /><INIT seed="2,0,0,4,0,128" ten="224,188,338,250" oya="2" hai0="60,41,115,3,79,17,4,119,113,77,51,1,36" hai1="109,107,42,57,114,98,10,46,134,105,7,111,69" hai2="108,117,59,18,93,14,0,9,23,130,122,112,62" hai3="47,26,101,49,75,84,89,78,102,15,83,68,64"/><V104/><F104/><W86/><G75/><T90/><D36/><U43/><E114/><V92/><F112/><W58/><G68/><T31/><D119/><U37/><E69/><V110/><F117/><W11/><G26/><T21/><D113/><U63/><E43/><V118/><F118/><W135/><G135/><T50/><D115/><U116/><E116/><V67/><F122/><W12/><G58/><T54/><D31/><U66/><E134/><V100/><F130/><W16/><G12/><T65/><D4/><U56/><E56/><V35/><F35/><W33/><G64/><T123/><D1/><U127/><E127/><V96/><F0/><W126/><G33/><T73/><D3/><U82/><E82/><V20/><F93/><N who="3" m="54439" /><G126/><T38/><D73/><U61/><E61/><V103/><F103/><W88/><G78/><N who="0" m="29707" /><D38/><U125/><E125/><V76/><F76/><W132/><G132/><T44/><D123/><U27/><E27/><V124/><F124/><W29/><G29/><T45/><D60/><U53/><E66/><V81/><F23/><W121/><G121/><T71/><D65/><U32/><E32/><V91/><F20/><W25/><G25/><N who="0" m="14511" /><D71/><U39/><E39/><V2/><F2/><W19/><G19/><T70/><D70/><U6/><E107/><V99/><F67/><W133/><G133/><T40/><D41/><AGARI ba="0,0" hai="11,15,16,41,47,49,83,86,88,101,102" m="54439" machi="41" ten="30,3900,0" yaku="8,1,54,2" doraHai="128" who="3" fromWho="0" sc="224,-39,188,0,338,0,250,39" /><INIT seed="3,0,0,1,3,2" ten="185,188,338,289" oya="3" hai0="4,84,93,80,18,110,30,125,28,73,55,131,26" hai1="89,95,122,1,129,107,16,23,68,42,49,119,0" hai2="45,62,130,90,15,92,116,79,44,67,71,103,83" hai3="134,17,115,118,135,35,126,27,31,124,117,61,24"/><W101/><G101/><T22/><D110/><U41/><E107/><V86/><F116/><N who="3" m="44651" /><G61/><T113/><D113/><U112/><E129/><V69/><F69/><W133/><G115/><T5/><D131/><U81/><E122/><V21/><F130/><W102/><G102/><T48/><D125/><N who="3" m="48233" /><G24/><T57/><D73/><U10/><E112/><V32/><F103/><W8/><G17/><T53/><D93/><U77/><E95/><V127/><F32/><N who="3" m="20607" /><G8/><T54/><D55/><U11/><E10/><V108/><F108/><W78/><G78/><N who="0" m="46103" /><D54/><U40/><E11/><V99/><F127/><W12/><G12/><T25/><D26/><U64/><E77/><V96/><F96/><W75/><G75/><T9/><D9/><U85/><E119/><V98/><F98/><W13/><G13/><T120/><D120/><U74/><E74/><V70/><F70/><W88/><G88/><T46/><D46/><N who="1" m="25799" /><E0/><V132/><F15/><W60/><G60/><T43/><D43/><U50/><E1/><V59/><F21/><W19/><G19/><T111/><D111/><U34/><E34/><AGARI ba="0,0" hai="34,35,133,134,135" m="20607,48233,44651" machi="34" ten="40,12000,1" yaku="20,1,18,1,23,1,34,2" doraHai="2" who="3" fromWho="1" sc="185,0,188,-120,338,0,289,120" owari="185,-21.5,68,-43.2,338,13.8,409,50.9" /></mjloggm>