<mjloggm ver="2.3"><GO type="225" lobby="0"/><UN n0="%E3%81%BF%E3%81%BF%E3%81%9A" n1="%E3%81%82%E3%83%BC%E3%81%97" n2="%E3%81%AF%E3%82%88%E3%81%8A%E3%81%98%E3%81%95%E3%82%93" n3="%E3%81%86%E3%82%8B%E3%81%8A%E3%81%A1%E3%82%83" dan="17,16,16,16" rate="2247.24,2107.18,2099.41,2116.84" sx="M,M,M,F"/><TAIKYOKU oya="0"/><INIT seed="0,0,0,3,5,100" ten="250,250,250,250" oya="0" hai0="88,133,99,14,78,98,49,67,7,115,24,22,110" hai1="36,34,113,92,134,127,76,47,52,71,72,77,135" hai2="80,84,129,42,61,131,57,66,123,26,15,102,68" hai3="16,4,111,112,85,3,41,103,38,122,1,56,30"/><T109/><D115/><U75/><E71/><V35/><F123/><W86/><G112/><T74/><D67/><U117/><E113/><V19/><F42/><W23/><G30/><T87/><D74/><U108/><E117/><V8/><F102/><W32/><G32/><T59/><D78/><U20/><E34/><V119/><F119/><W118/><G103/><T63/><D133/><N who="1" m="50699" /><E108/><N who="0" m="41577" /><D14/><U81/><E127/><V70/><F35/><W31/><G118/><T45/><D7/><U21/><E92/><V114/><F26/><N who="3" m="14695" /><G4/><T13/><D13/><U39/><E77/><V105/><F114/><W95/><G95/><N who="0" m="54687" /><D59/><U101/><E101/><V25/><F25/><W37/><G56/><T94/><D63/><U6/><E6/><V46/><F46/><W51/><G122/><T50/><D94/><U2/><E2/><V96/><F96/><N who="0" m="36906" /><D45/><U0/><E0/><V43/><F68/><W130/><G1/><T28/><AGARI ba="0,0" hai="22,24,28,49,50" m="36906,54687,41577" machi="28" ten="30,6000,0" yaku="14,1,10,1,54,1" doraHai="100" who="0" fromWho="0" sc="250,60,250,-20,250,-20,250,-20" /><INIT seed="0,1,0,5,4,93" ten="310,230,230,230" oya="0" hai0="33,60,111,67,53,115,43,38,63,117,129,70,98" hai1="121,9,127,119,88,118,2,58,55,116,10,105,86" hai2="92,69,24,107,99,14,131,100,32,103,30,96,6" hai3="113,112,34,17,80,134,72,104,20,68,1,7,44"/><T0/><D33/><U85/><E121/><V73/><F73/><W59/><G68/><T19/><D0/><U39/><E39/><V40/><F69/><W26/><G104/><T101/><D115/><U87/><E105/><V50/><F131/><W57/><G134/><T64/><D117/><U31/><E127/><V37/><F37/><W62/><G44/><T128/><D53/><U78/><E78/><V12/><REACH who="2" step="1"/><F6/><REACH who="2" ten="310,230,220,230" step="2"/><W95/><G7/><T94/><D129/><U76/><E76/><V54/><F54/><W81/><G72/><T11/><D128/><U29/><E2/><V84/><F84/><N who="1" m="32361" /><E119/><V122/><F122/><W23/><G1/><T61/><D38/><U48/><E118/><V110/><F110/><W133/><G113/><T42/><D111/><U41/><E41/><N who="0" m="15369" /><D70/><U82/><E116/><V49/><F49/><W56/><G112/><T114/><D114/><U4/><E4/><V36/><F36/><W74/><G74/><T51/><D51/><U25/><E25/><V18/><F18/><W77/><G17/><T22/><D11/><AGARI ba="1,1" hai="9,10,11,29,31,48,55,58,82,87,88" m="32361" machi="11" ten="30,2000,0" yaku="8,1,54,1" doraHai="93" who="1" fromWho="0" sc="310,-23,230,33,220,0,230,0" /><INIT seed="1,0,0,0,5,86" ten="287,263,220,230" oya="1" hai0="39,49,98,81,3,24,122,63,14,68,34,126,60" hai1="135,131,117,77,28,40,84,43,87,48,75,9,27" hai2="8,29,85,23,2,15,19,31,37,90,32,79,13" hai3="66,78,124,46,52,82,132,121,18,56,26,21,10"/><U51/><E117/><V74/><F37/><W125/><G121/><T94/><D39/><U102/><E135/><V42/><F42/><W30/><G132/><T35/><D3/><U25/><E102/><V100/><F2/><W96/><G96/><T103/><D122/><U111/><E75/><V41/><F41/><N who="1" m="15945" /><E77/><V129/><F129/><W0/><G66/><T120/><D120/><U6/><E28/><V128/><F128/><W16/><G46/><T88/><D126/><N who="3" m="48745" /><G10/><T72/><D14/><N who="1" m="5431" /><E131/><V54/><F32/><W127/><N who="3" m="48753" /><W20/><DORA hai="115" /><G0/><T83/><D72/><U123/><E123/><V116/><F116/><W36/><G21/><T70/><D35/><U1/><E1/><V130/><F130/><W91/><G36/><T112/><D112/><U133/><E133/><V53/><F100/><W92/><G78/><T67/><D34/><U50/><E111/><V114/><F114/><W12/><G12/><T17/><D103/><U106/><E106/><V7/><F79/><W118/><G118/><T93/><D24/><AGARI ba="0,0" hai="24,25,27,48,50,51,84,87" m="5431,15945" machi="24" ten="30,1500,0" yaku="8,1" doraHai="86,115" who="1" fromWho="0" sc="287,-15,263,15,220,0,230,0" /><INIT seed="1,1,0,0,0,14" ten="272,278,220,230" oya="1" hai0="34,30,102,82,85,42,86,50,35,22,72,12,63" hai1="44,45,71,4,109,36,115,64,98,57,32,53,106" hai2="87,112,73,81,69,3,101,8,77,99,7,93,135" hai3="130,100,18,33,70,124,107,80,108,58,51,123,129"/><U10/><E115/><V65/><F112/><W62/><G123/><T97/><D72/><U1/><E32/><V117/><F117/><W27/><G70/><T75/><D75/><U66/><E36/><V41/><F135/><W89/><G100/><T111/><D111/><U67/><E71/><V122/><F122/><W61/><G107/><T131/><D131/><N who="3" m="50185" /><G124/><T133/><D133/><U96/><E109/><V23/><F41/><W56/><G108/><T48/><D63/><N who="3" m="24073" /><G51/><T28/><D12/><N who="1" m="5191" /><E106/><V9/><F69/><W39/><G39/><T88/><D42/><U60/><E1/><V83/><F9/><W38/><G38/><T125/><D125/><U31/><E31/><V91/><F65/><W2/><G2/><T79/><D34/><U37/><E37/><V134/><F134/><W95/><G80/><N who="0" m="47263" /><D35/><U116/><E116/><V13/><F3/><W103/><G103/><T126/><D126/><U21/><E21/><V15/><F23/><N who="3" m="13815" /><G33/><T24/><D30/><U43/><E43/><V78/><REACH who="2" step="1"/><F15/><REACH who="2" ten="272,278,210,230" step="2"/><W84/><AGARI ba="1,1" hai="56,58,84,89,95" m="13815,24073,50185" machi="84" ten="30,2000,0" yaku="19,1,52,1" doraHai="14" who="3" fromWho="3" sc="272,-6,278,-11,210,-6,230,33" /><INIT seed="2,0,0,5,4,69" ten="266,267,204,263" oya="2" hai0="102,65,26,84,126,107,12,28,109,82,48,120,97" hai1="118,85,83,3,51,54,78,57,19,92,13,79,56" hai2="119,21,64,81,94,55,2,127,103,101,31,77,96" hai3="32,29,122,44,99,129,93,33,128,18,134,67,72"/><V115/><F115/><W0/><G122/><T15/><D120/><U46/><E3/><V131/><F119/><W41/><G72/><T76/><D109/><U104/><E104/><V27/><F127/><W88/><G0/><T111/><D111/><U74/><E118/><V86/><F131/><N who="3" m="50251" /><G134/><T22/><D126/><U61/><E74/><V38/><F2/><W73/><G73/><T63/><D48/><U112/><E112/><V45/><F64/><W5/><G5/><T62/><D62/><U6/><E6/><V58/><F45/><W20/><G29/><T80/><D82/><U17/><E79/><V124/><F124/><W43/><G67/><T42/><D42/><N who="3" m="15881" /><G44/><T50/><D50/><U16/><E92/><V52/><F55/><W34/><G34/><T133/><D133/><U59/><REACH who="1" step="1"/><E13/><AGARI ba="0,0" hai="13,18,20,32,33,88,93,99" m="15881,50251" machi="13" ten="30,2000,0" yaku="19,1,54,1" doraHai="69" who="3" fromWho="1" sc="266,0,267,-20,204,0,263,20" /><INIT seed="3,0,0,0,0,35" ten="266,247,204,283" oya="3" hai0="65,52,45,105,82,5,54,67,131,79,42,63,6" hai1="71,125,126,106,117,93,103,98,124,59,62,17,85" hai2="87,29,47,36,70,56,26,24,129,88,44,74,55" hai3="28,76,72,2,104,40,68,133,91,99,102,111,94"/><W34/><G68/><T11/><D105/><U97/><E71/><V95/><F129/><W18/><G40/><T134/><D131/><U58/><E117/><V86/><F74/><W123/><G123/><T22/><D134/><U4/><E4/><V119/><F119/><W57/><G133/><T66/><D22/><U113/><E113/><V12/><F70/><W19/><G2/><N who="0" m="439" /><D63/><U32/><E32/><V132/><F132/><W121/><G121/><T118/><D6/><U7/><E7/><V33/><F36/><W84/><G57/><T38/><D118/><U50/><E85/><V41/><F41/><W3/><G3/><T107/><D107/><U96/><E17/><V109/><F109/><W9/><G9/><T92/><D92/><U14/><E14/><V16/><F87/><W81/><G111/><T135/><D135/><U69/><E50/><V64/><F26/><AGARI ba="0,0" hai="18,19,26,28,34,72,76,81,84,91,94,99,102,104" machi="26" ten="40,3900,0" yaku="24,2" doraHai="35" who="3" fromWho="2" sc="266,0,247,0,204,-39,283,39" owari="266,6.6,247,-15.3,165,-33.5,322,42.2" /></mjloggm>