<mjloggm ver="2.3"><GO type="225" lobby="0"/><UN n0="%E3%82%B3%E3%83%90%E3%83%AC%E3%82%A4" n1="%E3%81%8B%E3%82%8F%E3%81%A1%E3%82%83%E3%82%93%35%38" n2="%E3%83%B4%E3%83%A0%EF%BC%99%E3%81%A6" n3="%E3%82%BC%E3%83%AB%E3%83%80%E3%81%AE%E4%BC%9D%E8%AA%AC" dan="16,17,16,18" rate="2067.89,2187.51,2120.39,2204.25" sx="M,M,M,M"/><TAIKYOKU oya="0"/><INIT seed="0,0,0,4,2,40" ten="250,250,250,250" oya="0" hai0="119,123,6,33,5,107,102,1,2,24,101,95,94" hai1="64,132,17,79,14,43,114,35,32,65,44,98,7" hai2="70,71,99,31,27,22,34,112,121,106,124,67,60" hai3="56,3,86,72,38,131,75,82,69,109,105,103,61"/><T126/><D119/><U0/><E132/><V80/><F121/><W96/><G3/><T29/><D123/><U51/><E114/><V11/><F112/><W12/><G109/><T83/><D126/><U20/><E79/><V135/><F124/><W45/><G69/><T54/><D107/><U68/><E98/><V78/><F135/><W81/><G131/><T129/><D129/><U18/><E0/><V52/><F11/><W122/><G122/><T115/><D115/><U39/><E7/><V25/><F70/><W8/><G38/><T49/><D2/><U9/><E39/><V87/><F99/><W97/><G97/><T63/><D63/><U50/><E68/><V62/><F106/><W53/><G45/><T74/><D102/><U59/><E32/><V130/><F130/><W110/><G110/><T36/><D36/><U92/><E92/><V133/><F133/><W117/><G117/><T108/><D101/><U90/><E90/><V77/><F78/><W91/><REACH who="3" step="1"/><G82/><REACH who="3" ten="250,250,250,240" step="2"/><T116/><D116/><U127/><E127/><V46/><F71/><W113/><G113/><T30/><D1/><U57/><E35/><V120/><F120/><W66/><G66/><N who="1" m="25706" /><E51/><N who="2" m="28791" /><F67/><W26/><G26/><AGARI ba="0,1" hai="9,14,17,18,20,26,43,44,50,57,59" m="25706" machi="26" ten="30,2000,0" yaku="8,1,52,1" doraHai="40" who="1" fromWho="3" sc="250,0,250,30,250,0,240,-20" /><INIT seed="1,0,0,2,3,114" ten="250,280,250,220" oya="1" hai0="72,67,40,127,34,33,109,42,18,47,117,102,52" hai1="22,51,5,60,101,87,12,8,50,1,73,95,25" hai2="28,75,14,23,21,69,35,99,70,126,120,123,133" hai3="64,31,81,79,104,62,135,43,56,65,48,19,125"/><U93/><E73/><V115/><F75/><W32/><G104/><T24/><D72/><U49/><E1/><V128/><F115/><W46/><G125/><T113/><D127/><U89/><E60/><V68/><F126/><W59/><G135/><T38/><D113/><U6/><E6/><V9/><F133/><W122/><G122/><T77/><D77/><U55/><E101/><V74/><F74/><W91/><G79/><T92/><D117/><U71/><E71/><V130/><F99/><W29/><G32/><T97/><D67/><U90/><E55/><V82/><F82/><W106/><G106/><T4/><D42/><U118/><E118/><V30/><F35/><W112/><G112/><T44/><D4/><U98/><REACH who="1" step="1"/><E50/><REACH who="1" ten="250,270,250,220" step="2"/><V63/><F63/><W110/><G64/><T111/><D109/><U119/><E119/><V45/><F68/><W17/><G110/><T134/><D111/><U16/><AGARI ba="0,1" hai="5,8,12,16,22,25,49,51,87,89,90,93,95,98" machi="16" ten="20,18000,2" yaku="1,1,0,1,7,1,8,1,54,1,53,1" doraHai="114" doraHaiUra="0" who="1" fromWho="1" sc="250,-60,270,190,250,-60,220,-60" /><INIT seed="1,1,0,0,3,104" ten="190,460,190,160" oya="1" hai0="6,123,95,85,53,75,48,36,42,60,78,46,63" hai1="7,3,31,12,73,45,43,113,94,55,103,22,58" hai2="109,38,67,2,23,51,97,62,28,102,130,106,49" hai3="30,70,117,5,71,91,120,32,127,20,101,64,121"/><U66/><E66/><V98/><F38/><W8/><G127/><T125/><D125/><U16/><E113/><V118/><F118/><W26/><G117/><T99/><D123/><U114/><E114/><V90/><F2/><W33/><G91/><T96/><D99/><U86/><E73/><V126/><F126/><W41/><G41/><T10/><D85/><U39/><E31/><V79/><F79/><W88/><G101/><T35/><D35/><U112/><E112/><V25/><F109/><W93/><G121/><T124/><D124/><U15/><E3/><V27/><F130/><W115/><G115/><T61/><D61/><U132/><E132/><V129/><F129/><W89/><G89/><T1/><D53/><U74/><E74/><V133/><F133/><W57/><G57/><T68/><D48/><U108/><E108/><V111/><F111/><W116/><G116/><T92/><D92/><U11/><E86/><V76/><F76/><W82/><G82/><N who="0" m="45407" /><D68/><N who="3" m="26153" /><G64/><T100/><AGARI ba="1,0" hai="1,6,10,36,42,46,60,63,95,96,100" m="45407" machi="100" ten="30,2000,0" yaku="25,1,52,1" doraHai="104" who="0" fromWho="0" sc="190,23,460,-11,190,-6,160,-6" /><INIT seed="2,0,0,2,0,98" ten="213,449,184,154" oya="2" hai0="45,11,4,15,14,106,134,21,58,71,34,20,69" hai1="87,100,128,44,81,13,46,17,29,125,64,118,121" hai2="48,105,116,131,120,70,123,7,90,86,72,119,61" hai3="133,83,130,39,52,5,27,35,65,19,127,107,135"/><V93/><F7/><W126/><G39/><T12/><D134/><N who="3" m="51209" /><G65/><T32/><D45/><U96/><E118/><N who="2" m="45099" /><F48/><W53/><G107/><T49/><D49/><U22/><E64/><V114/><F61/><W40/><G40/><T102/><D58/><U88/><E46/><V84/><F70/><W115/><G115/><T57/><D57/><U25/><E44/><V95/><F114/><W68/><G68/><T60/><D60/><U18/><E13/><N who="0" m="5225" /><D102/><U56/><E56/><V122/><F131/><W75/><G5/><T109/><D106/><U77/><E17/><V92/><F72/><W117/><G117/><T1/><D71/><U16/><E18/><V31/><F31/><N who="3" m="19967" /><G19/><N who="0" m="10495" /><D69/><U113/><E16/><V99/><F84/><W28/><G28/><T129/><D129/><U82/><E29/><V62/><F62/><W24/><G24/><T80/><D34/><U2/><E25/><V111/><F111/><W47/><G130/><T73/><D109/><U76/><E128/><V104/><F104/><W112/><G112/><T110/><D32/><U0/><E113/><V79/><F79/><N who="3" m="44543" /><G47/><T55/><D110/><U37/><E37/><V41/><F41/><W74/><G74/><T38/><D38/><U91/><E22/><V51/><F51/><W9/><G9/><T132/><D132/><U67/><E67/><V94/><F105/><W54/><AGARI ba="0,0" hai="52,53,54,126,127" m="44543,19967,51209" machi="54" ten="40,2700,0" yaku="20,1,54,1" doraHai="98" who="3" fromWho="3" sc="213,-7,449,-7,184,-13,154,27" /><INIT seed="3,0,0,0,3,1" ten="206,442,171,181" oya="3" hai0="117,53,5,72,97,44,77,83,100,40,9,39,86" hai1="6,107,123,124,81,36,58,131,22,60,121,25,125" hai2="122,103,7,80,29,56,62,23,101,129,27,24,18" hai3="93,51,114,110,15,38,42,35,105,34,20,127,70"/><W66/><G105/><T21/><D117/><U50/><E36/><V49/><F129/><W76/><G114/><T45/><D21/><U119/><E107/><V33/><F122/><W59/><G76/><T96/><D86/><U118/><E81/><V82/><F49/><W134/><G127/><N who="1" m="48714" /><E6/><V43/><F43/><W108/><G134/><T64/><D64/><N who="1" m="38935" /><E50/><V132/><F132/><W104/><G104/><T26/><D26/><U57/><E57/><V71/><F71/><W67/><G93/><T14/><D100/><U95/><E95/><V84/><F7/><W87/><G87/><T13/><D13/><U135/><E131/><V31/><F18/><N who="3" m="10335" /><G38/><T75/><D75/><U88/><E88/><V2/><F2/><W12/><G12/><T41/><D53/><U112/><E112/><V130/><F130/><W65/><G70/><T79/><D79/><U3/><E3/><V11/><F80/><W61/><G51/><AGARI ba="0,0" hai="5,9,14,39,40,41,44,45,51,72,77,83,96,97" machi="51" ten="30,2000,0" yaku="7,1,52,1" doraHai="1" who="0" fromWho="3" sc="206,20,442,0,171,0,181,-20" owari="226,2.6,442,54.2,171,-22.9,161,-33.9" /></mjloggm>