<mjloggm ver="2.3"><GO type="225" lobby="0"/><UN n0="%77%72%77%72%77%72%77%72" n1="%E3%81%B5%E3%81%98%E3%81%8B%E3%81%A4" n2="%E3%82%BC%E3%83%AB%E3%83%80%E3%81%AE%E4%BC%9D%E8%AA%AC" n3="%E5%8D%A0%E3%81%84%E5%B8%AB%E8%A3%8F%E3%81%AA%E3%81%84%E3%81%97" dan="17,16,18,17" rate="2211.10,2137.49,2253.29,2160.94" sx="M,M,M,M"/><TAIKYOKU oya="0"/><INIT seed="0,0,0,3,0,26" ten="250,250,250,250" oya="0" hai0="80,69,128,52,121,36,125,19,22,90,127,113,58" hai1="130,126,95,31,35,111,17,100,13,6,64,129,42" hai2="46,12,39,131,45,63,87,88,112,122,66,48,109" hai3="123,110,114,3,72,106,105,115,43,50,104,61,11"/><T33/><D113/><U18/><E64/><V119/><F122/><W85/><G123/><T73/><D121/><U23/><E42/><V0/><F0/><W99/><G110/><T10/><D33/><U82/><E82/><V83/><F112/><W78/><G72/><T74/><D69/><U91/><E95/><V108/><F131/><N who="1" m="50185" /><E91/><V14/><F119/><W96/><G61/><T98/><D36/><U15/><E100/><V67/><F39/><W54/><G43/><T27/><D128/><U101/><E101/><V49/><F108/><W77/><G114/><T133/><D133/><U75/><E75/><V56/><F109/><W102/><G115/><T32/><D32/><U1/><E111/><V8/><F67/><W40/><G40/><T30/><D98/><U92/><E92/><V70/><F14/><N who="1" m="5129" /><E126/><N who="0" m="48137" /><D90/><U71/><E71/><V79/><F79/><W7/><G99/><T44/><D44/><N who="2" m="17002" /><F70/><W93/><G77/><T51/><D80/><U21/><E35/><V118/><F118/><W29/><G78/><T41/><D41/><U89/><E89/><V37/><F37/><W59/><REACH who="3" step="1"/><G85/><REACH who="3" ten="250,250,250,240" step="2"/><T76/><D76/><U24/><E23/><V68/><F68/><W120/><G120/><T62/><D62/><U9/><AGARI ba="0,1" hai="1,6,9,17,18,21,24,31" m="5129,50185" machi="9" ten="30,7900,0" yaku="19,1,34,2,52,1" doraHai="26" who="1" fromWho="1" sc="250,-39,250,89,250,-20,240,-20" /><INIT seed="1,0,0,2,5,84" ten="211,339,230,220" oya="1" hai0="129,3,130,60,27,111,36,30,61,37,48,109,29" hai1="76,74,125,28,5,52,18,94,99,114,124,25,71" hai2="51,7,68,123,121,62,96,63,75,66,22,70,91" hai3="11,92,39,87,135,13,90,119,19,134,32,12,15"/><U82/><E114/><V83/><F7/><W93/><G32/><T112/><D3/><U88/><E71/><V33/><F33/><W44/><G119/><T10/><D10/><U115/><E5/><V105/><F51/><W69/><G69/><T101/><D101/><U108/><E115/><V16/><F105/><W46/><G93/><T57/><D112/><U38/><E38/><N who="0" m="14953" /><D27/><U78/><E78/><V102/><F75/><W49/><G39/><T72/><D72/><U0/><E0/><V113/><F113/><W127/><G127/><N who="1" m="48714" /><E108/><N who="0" m="41545" /><D29/><U120/><E120/><V58/><F102/><W126/><G126/><T79/><D30/><U43/><E43/><V20/><F70/><W118/><G118/><T133/><D79/><U104/><E18/><V9/><F121/><W117/><G44/><T21/><D21/><N who="1" m="15407" /><E104/><V97/><F123/><W55/><REACH who="3" step="1"/><G117/><REACH who="3" ten="211,339,230,210" step="2"/><T53/><D133/><AGARI ba="0,1" hai="11,12,13,15,19,46,49,55,87,90,92,133,134,135" machi="133" ten="40,8000,1" yaku="1,1,2,1,20,1,52,1,53,0" doraHai="84" doraHaiUra="116" who="3" fromWho="0" sc="211,-80,339,0,230,0,210,90" /><INIT seed="2,0,0,5,5,94" ten="131,339,230,300" oya="2" hai0="28,91,9,6,133,72,7,113,55,111,89,97,53" hai1="78,41,90,116,52,10,69,59,66,5,74,36,16" hai2="105,12,79,129,24,60,86,98,92,30,15,0,109" hai3="63,130,11,37,58,122,3,57,108,135,45,18,134"/><V119/><F119/><W115/><G122/><T81/><D113/><U85/><E116/><V70/><F0/><W126/><G115/><T34/><D111/><U48/><E74/><V77/><F129/><W65/><G108/><T14/><D133/><N who="3" m="50697" /><G130/><T54/><D6/><U73/><E73/><V20/><F109/><W1/><G126/><T96/><D34/><U120/><E78/><V62/><F105/><W25/><G58/><T93/><D28/><U84/><E120/><V124/><F124/><W132/><N who="3" m="50705" /><W29/><DORA hai="76" /><G18/><T99/><D72/><U26/><E26/><V40/><F40/><N who="3" m="22671" /><G11/><T80/><D91/><U71/><E85/><AGARI ba="0,0" hai="7,9,14,53,54,55,80,81,85,89,93,96,97,99" machi="85" ten="40,12000,2" yaku="8,1,52,5" doraHai="94,76" who="0" fromWho="1" sc="131,120,339,-120,230,0,300,0" /><INIT seed="3,0,0,4,0,80" ten="251,219,230,300" oya="3" hai0="96,107,95,64,125,36,103,123,34,16,93,51,92" hai1="18,56,90,63,37,32,105,6,73,48,46,65,57" hai2="89,14,121,52,102,41,9,119,134,11,87,38,30" hai3="7,17,42,71,129,2,130,8,58,132,79,114,126"/><W28/><G114/><T75/><D36/><U55/><E32/><V81/><F119/><W62/><G126/><T70/><D75/><U74/><E105/><V88/><F134/><W27/><G132/><T54/><D123/><U44/><E6/><V108/><F121/><W77/><G17/><T10/><D34/><U39/><E18/><V100/><F108/><W66/><G58/><N who="1" m="22634" /><E90/><N who="2" m="34923" /><F38/><N who="1" m="14345" /><E74/><V124/><F41/><W116/><G42/><T50/><D125/><U53/><E73/><V83/><F124/><W15/><G15/><N who="0" m="7287" /><D70/><N who="1" m="42303" /><E46/><V5/><F30/><W85/><G116/><T35/><D35/><U97/><E97/><V86/><F11/><W60/><G79/><T31/><D31/><U110/><E110/><V1/><F1/><W68/><G77/><T117/><D117/><U112/><E112/><V131/><F83/><W101/><G101/><N who="2" m="39017" /><F81/><W82/><G82/><T45/><D107/><U61/><E61/><V120/><F120/><W113/><G113/><T128/><D103/><U115/><E115/><V67/><F86/><W19/><G85/><T111/><D111/><U33/><E33/><V109/><F109/><W40/><G28/><T104/><D104/><U3/><E3/><V43/><F87/><W127/><G127/><T4/><D96/><U84/><E84/><V78/><F78/><W135/><G135/><T20/><D4/><U49/><E49/><V133/><F133/><W106/><G106/><T99/><D99/><U12/><E12/><V26/><F26/><W118/><G118/><T98/><D98/><U0/><E0/><V21/><F14/><W59/><G2/><RYUUKYOKU ba="0,0" sc="251,-10,219,30,230,-10,300,-10" hai1="44,48,53,55" /><INIT seed="4,1,0,3,3,106" ten="241,249,220,290" oya="0" hai0="113,78,128,73,13,33,14,71,42,110,72,41,55" hai1="68,16,46,5,6,94,97,18,77,116,67,69,25" hai2="66,111,122,52,79,95,35,100,38,9,50,134,4" hai3="87,39,20,98,117,101,133,103,83,131,60,65,57"/><T30/><D113/><U75/><E116/><V31/><F122/><W49/><G117/><T23/><D33/><U15/><E46/><V127/><F111/><W107/><G39/><T118/><D71/><U17/><E25/><V22/><F38/><W11/><G133/><T123/><D123/><U121/><E121/><V29/><F134/><W82/><G131/><T126/><D118/><U7/><E67/><V92/><F35/><W47/><G11/><T112/><D112/><U3/><E15/><N who="0" m="5641" /><D78/><U70/><E3/><V21/><F127/><W26/><G87/><T99/><D128/><U54/><E54/><V80/><F66/><W81/><G103/><T104/><D126/><U135/><E135/><V48/><F9/><W1/><G1/><T93/><D104/><U0/><E0/><V2/><F2/><W58/><G58/><T74/><D55/><U108/><E108/><V12/><F12/><W64/><G64/><T120/><D120/><U43/><E43/><V40/><F4/><W88/><G107/><T115/><D115/><U125/><E125/><V102/><F40/><N who="3" m="24807" /><G101/><N who="0" m="60655" /><D110/><U105/><E105/><V51/><F51/><W45/><G98/><T27/><D41/><U61/><E61/><V24/><F52/><W59/><G45/><T119/><D42/><U86/><E75/><V130/><F130/><W109/><G57/><T34/><D119/><U8/><E8/><V90/><F90/><W132/><G132/><T28/><D34/><U36/><E36/><V53/><F53/><W56/><G109/><T37/><D37/><U114/><E114/><V89/><F89/><RYUUKYOKU ba="1,0" sc="241,30,249,-10,220,-10,290,-10" hai0="23,27,28,30,72,73,74" /><INIT seed="4,2,0,4,1,91" ten="271,239,210,280" oya="0" hai0="36,20,116,118,23,130,122,92,47,5,69,50,22" hai1="95,63,65,111,131,78,28,41,17,35,27,2,42" hai2="51,55,99,4,70,100,49,124,80,114,53,83,90" hai3="86,132,117,24,6,98,85,59,101,33,72,82,32"/><T15/><D122/><U126/><E111/><V84/><F70/><W127/><G117/><T129/><D69/><U19/><E126/><V30/><F114/><W75/><G127/><T74/><D74/><U3/><E78/><V102/><F124/><W108/><G108/><T58/><D58/><U112/><E112/><V89/><F4/><W0/><G132/><T107/><D107/><U94/><E131/><N who="0" m="50185" /><D36/><U76/><E76/><V97/><F84/><W62/><G6/><T7/><D92/><N who="1" m="35371" /><E35/><V135/><REACH who="2" step="1"/><F30/><REACH who="2" ten="271,239,200,280" step="2"/><W44/><G85/><T128/><D128/><U46/><E28/><V56/><F56/><W43/><G59/><T134/><D5/><U121/><E121/><V60/><F60/><W123/><G62/><T77/><D134/><AGARI ba="2,1" hai="49,51,53,55,80,83,89,90,97,99,100,102,134,135" machi="134" ten="25,8000,1" yaku="1,1,22,2,53,2" doraHai="91" doraHaiUra="87" who="2" fromWho="0" sc="271,-86,239,0,200,96,280,0" /><INIT seed="5,0,0,2,5,130" ten="185,239,296,280" oya="1" hai0="72,122,15,7,119,117,115,85,99,133,13,48,3" hai1="74,21,71,57,84,135,116,97,54,69,70,118,131" hai2="78,2,95,6,0,63,125,26,44,62,28,27,60" hai3="86,110,61,111,42,108,100,20,107,23,32,34,101"/><U36/><E74/><V47/><F78/><W105/><G86/><T16/><D72/><U59/><E84/><V96/><F125/><W83/><G83/><T79/><D3/><U52/><E97/><V92/><F6/><W39/><G61/><T106/><D115/><U81/><E81/><V51/><F51/><W89/><G42/><T128/><D128/><U77/><E77/><V73/><F73/><W132/><G132/><T126/><D126/><U38/><E21/><N who="3" m="8266" /><G89/><T37/><D37/><N who="1" m="14443" /><E135/><V103/><F95/><W114/><G39/><T120/><D133/><U40/><E40/><V87/><F87/><W30/><G30/><T53/><D79/><U90/><E90/><V67/><F67/><W17/><G17/><T45/><D85/><U35/><E35/><N who="3" m="13354" /><G114/><T55/><D55/><N who="1" m="21035" /><E131/><V9/><F28/><W46/><G46/><T98/><D106/><AGARI ba="0,0" hai="100,101,105,106,107,108,110,111" m="13354,8266" machi="106" ten="40,2600,0" yaku="28,2" doraHai="130" who="3" fromWho="0" sc="185,-26,239,0,296,0,280,26" owari="159,-34.1,239,-16.1,296,9.6,306,40.6" /></mjloggm>