<mjloggm ver="2.3"><GO type="225" lobby="0"/><UN n0="%E3%81%B8%E3%82%80%E3%81%B8%E3%82%80%EF%BC%92%E5%8F%B7" n1="%E9%89%A2%E5%B7%BB%E3%82%AC%E3%83%96" n2="%E3%83%AD%E3%83%83%E3%83%86%E9%9B%80%E7%90%83" n3="%73%61%6B%6F%EF%BC%A0%E6%9C%80" dan="17,16,17,17" rate="2137.88,2103.79,2232.90,2244.94" sx="M,M,M,M"/><TAIKYOKU oya="0"/><INIT seed="0,0,0,2,3,53" ten="250,250,250,250" oya="0" hai0="18,89,111,35,71,77,90,59,122,22,50,29,87" hai1="19,45,96,52,119,0,124,25,1,14,69,115,126" hai2="123,36,6,113,102,94,121,5,74,24,62,15,13" hai3="33,100,75,107,104,110,32,11,27,16,81,39,128"/><T73/><D122/><U28/><E119/><V105/><F105/><W26/><G39/><T58/><D71/><U40/><E69/><V61/><F36/><W79/><G110/><T130/><D111/><U131/><E96/><V133/><F74/><W4/><G128/><T95/><D130/><U3/><E131/><V43/><F43/><W7/><G100/><T86/><D73/><U51/><E115/><V120/><F24/><W38/><G38/><T64/><D77/><U55/><E55/><V99/><F113/><W8/><G79/><T112/><D112/><U93/><E93/><V41/><F41/><W70/><G75/><T20/><D35/><U135/><E135/><V125/><F125/><W23/><G70/><T84/><D50/><U132/><E132/><V30/><F30/><W117/><G81/><T54/><D54/><U67/><E67/><V34/><F34/><N who="3" m="13419" /><G107/><T129/><D129/><U47/><E25/><N who="3" m="9226" /><G104/><T49/><D49/><U88/><E28/><V2/><F133/><W63/><G63/><T21/><D29/><U57/><E88/><N who="0" m="33897" /><D64/><U12/><E47/><V65/><F65/><W127/><G117/><T106/><D106/><U72/><E72/><V46/><F62/><W60/><G60/><T97/><D18/><U68/><E68/><V31/><F61/><W85/><G85/><T80/><D80/><U44/><E44/><V17/><F46/><W109/><G109/><T98/><D98/><U48/><REACH who="1" step="1"/><E19/><REACH who="1" ten="250,240,250,250" step="2"/><V103/><F123/><W37/><G127/><AGARI ba="0,1" hai="0,1,3,12,14,40,45,48,51,52,57,124,126,127" machi="127" ten="50,8000,1" yaku="1,1,2,1,18,1,52,1,54,1,53,0" doraHai="53" doraHaiUra="118" who="1" fromWho="3" sc="250,0,240,90,250,0,250,-80" /><INIT seed="1,0,0,0,4,64" ten="250,330,250,170" oya="1" hai0="51,72,74,111,19,39,82,52,115,66,17,11,130" hai1="36,30,58,3,118,55,23,4,102,21,71,108,99" hai2="25,54,32,92,95,37,31,93,1,61,41,56,106" hai3="79,69,67,122,105,110,107,128,120,101,100,124,78"/><U94/><E118/><V13/><F1/><W22/><G67/><T0/><D115/><U27/><E36/><V68/><F106/><N who="3" m="40459" /><G22/><T8/><D39/><U10/><E108/><V135/><F135/><W73/><G69/><T109/><D66/><U96/><E96/><V45/><REACH who="2" step="1"/><F13/><REACH who="2" ten="250,330,240,170" step="2"/><W119/><G110/><T97/><D0/><U76/><E76/><N who="3" m="29226" /><G119/><T29/><D109/><U47/><E47/><V123/><F123/><N who="3" m="47147" /><G73/><T84/><D74/><U87/><E3/><V75/><F75/><W57/><G57/><T86/><D72/><U131/><E58/><V77/><F77/><W116/><G116/><T20/><D111/><U80/><E27/><V43/><F43/><W49/><G49/><T113/><D51/><U35/><E30/><V12/><F12/><W16/><G16/><T70/><D19/><U114/><E4/><V26/><F26/><W126/><G128/><T133/><D130/><U83/><E131/><V117/><F117/><W121/><G121/><T14/><D14/><U50/><E50/><V103/><F103/><AGARI ba="0,1" hai="100,101,103,124,126" m="47147,29226,40459" machi="103" ten="40,8000,1" yaku="28,2,34,2" doraHai="64" who="3" fromWho="2" sc="250,0,330,0,240,-80,170,90" /><INIT seed="2,0,0,3,0,117" ten="250,330,160,260" oya="2" hai0="128,63,118,47,119,24,74,76,26,121,20,125,10" hai1="19,46,61,17,129,83,54,55,59,95,123,41,3" hai2="23,92,21,111,78,104,27,50,75,64,25,6,11" hai3="131,108,82,43,91,42,8,112,16,114,133,106,81"/><V18/><F111/><W98/><G108/><T53/><D125/><U2/><E129/><V77/><F104/><W70/><G70/><T116/><D128/><U66/><E2/><V12/><F75/><W35/><G35/><T94/><D121/><U67/><E3/><V13/><F64/><W88/><G131/><T105/><D105/><U124/><E124/><V90/><F50/><W113/><G133/><T115/><D115/><U110/><E110/><V36/><F36/><W14/><G106/><T107/><D107/><U58/><E83/><N who="3" m="31754" /><G98/><T40/><D76/><U5/><E5/><V127/><F127/><W32/><G32/><T87/><D74/><U132/><E132/><V7/><F7/><W130/><G130/><T134/><D10/><U15/><E95/><V29/><REACH who="2" step="1"/><F27/><REACH who="2" ten="250,330,150,260" step="2"/><W68/><G68/><T79/><D24/><U86/><E67/><V45/><F45/><W80/><G80/><N who="0" m="47519" /><D134/><U135/><E66/><V96/><AGARI ba="0,1" hai="6,11,12,13,18,21,23,25,29,77,78,90,92,96" machi="96" ten="20,7800,0" yaku="1,1,0,1,7,1,8,1,53,0" doraHai="117" doraHaiUra="48" who="2" fromWho="2" sc="250,-26,330,-26,150,88,260,-26" /><INIT seed="2,1,0,3,1,56" ten="224,304,238,234" oya="2" hai0="114,28,32,83,135,0,41,124,96,58,47,52,61" hai1="5,35,109,12,64,86,115,51,34,130,53,112,19" hai2="108,40,22,131,50,71,7,81,21,110,103,67,8" hai3="63,16,77,36,74,73,68,126,95,29,30,27,97"/><V33/><F33/><W123/><G36/><T117/><D114/><U38/><E38/><V6/><F103/><W45/><G123/><T105/><D124/><U42/><E109/><N who="2" m="42091" /><F131/><W120/><G120/><T84/><D135/><U59/><E130/><V90/><F40/><W132/><G45/><T101/><D0/><U62/><E42/><V118/><F50/><W99/><G126/><T98/><D117/><U65/><E35/><V82/><F118/><W3/><G3/><T18/><D18/><U15/><E34/><V93/><F22/><W44/><G44/><T17/><D17/><U49/><E19/><V102/><F21/><W43/><G43/><T125/><D125/><U20/><E20/><V10/><F102/><W70/><G132/><T106/><D28/><U57/><E112/><V11/><F67/><W2/><G27/><T69/><D69/><U107/><E65/><V54/><F54/><W133/><G68/><T122/><D32/><U119/><E64/><V60/><F60/><W104/><G63/><T13/><D122/><U89/><E62/><V87/><F71/><W1/><G70/><T25/><D25/><U78/><E115/><V91/><F81/><W80/><G80/><T26/><D26/><U72/><E119/><V39/><F39/><W129/><G133/><T4/><D101/><U66/><E49/><V92/><F82/><W113/><G129/><T31/><D105/><U14/><E51/><V9/><N who="2" m="2048" /><DORA hai="116" /><V48/><F48/><W79/><G104/><T111/><D106/><U37/><E107/><V46/><F46/><W100/><G100/><RYUUKYOKU ba="1,0" sc="224,-10,304,-10,238,30,234,-10" hai2="6,7,87,90,91,92,93" /><INIT seed="2,2,0,5,5,61" ten="214,294,268,224" oya="2" hai0="131,35,43,112,57,127,87,109,132,18,130,100,102" hai1="48,116,114,110,0,15,106,68,103,11,19,56,12" hai2="67,49,65,84,90,37,60,59,33,75,82,16,46" hai3="125,118,63,34,62,10,4,22,101,107,9,69,126"/><V128/><F128/><N who="0" m="49194" /><D112/><U72/><E68/><V71/><F33/><W94/><G34/><T83/><D35/><U1/><E72/><V39/><F75/><W89/><G118/><T8/><D109/><U23/><E103/><N who="0" m="39465" /><D132/><U115/><E106/><V73/><F73/><W58/><G101/><T26/><D127/><N who="3" m="48649" /><G107/><T123/><D123/><U113/><E110/><V93/><F67/><N who="3" m="41207" /><G22/><N who="0" m="13655" /><D57/><U51/><E56/><V105/><F71/><W80/><G80/><T6/><D43/><U44/><E116/><V122/><F105/><W95/><G89/><T117/><D117/><U86/><E86/><V54/><F122/><W124/><N who="3" m="48657" /><W99/><DORA hai="30" /><G99/><T29/><D29/><U14/><E114/><V119/><F119/><W104/><G104/><T98/><D98/><U64/><E115/><V32/><F32/><W88/><G88/><N who="0" m="51327" /><D8/><U55/><E11/><V52/><F82/><W28/><G9/><T2/><D2/><U121/><E1/><V24/><REACH who="2" step="1"/><F54/><REACH who="2" ten="214,294,258,224" step="2"/><N who="3" m="34263" /><G28/><T38/><D6/><U41/><E113/><V21/><AGARI ba="2,1" hai="16,21,24,37,39,46,49,52,59,60,65,84,90,93" machi="21" ten="30,18000,2" yaku="1,1,0,1,52,1,54,2,53,1" doraHai="61,30" doraHaiUra="20,27" who="2" fromWho="2" sc="214,-62,294,-62,258,196,224,-62" /><INIT seed="2,3,0,0,2,89" ten="152,232,454,162" oya="2" hai0="55,48,108,65,56,63,99,15,82,88,85,81,103" hai1="9,64,97,28,44,41,125,31,111,37,40,112,119" hai2="83,29,133,76,60,73,110,118,74,1,68,25,21" hai3="32,66,80,27,13,11,71,100,45,107,67,126,102"/><V123/><F1/><W115/><G115/><T57/><D108/><U43/><E112/><V117/><F133/><W130/><G126/><T128/><D128/><U35/><E119/><V113/><F113/><W58/><G130/><T39/><D39/><U47/><E41/><V77/><F123/><W19/><G71/><T18/><D82/><U49/><E125/><V3/><F3/><W114/><G114/><T2/><D2/><U92/><E111/><V5/><F5/><W101/><G107/><T46/><D103/><U26/><E28/><V8/><F8/><W132/><G132/><T120/><D120/><U51/><E64/><V105/><F105/><W34/><G32/><T10/><D99/><U16/><E37/><V98/><F98/><W124/><G45/><AGARI ba="3,0" hai="10,15,18,45,46,48,55,56,57,63,65,81,85,88" machi="45" ten="40,2600,0" yaku="8,1,54,1" doraHai="89" who="0" fromWho="3" sc="152,35,232,0,454,0,162,-35" /><INIT seed="3,0,0,2,3,27" ten="187,232,454,127" oya="3" hai0="37,33,87,91,120,45,3,123,109,57,134,95,72" hai1="31,4,24,114,97,131,76,32,110,127,65,14,111" hai2="40,69,26,124,67,68,35,39,126,21,12,22,47" hai3="79,135,52,29,9,8,85,125,25,20,77,75,66"/><W80/><G125/><N who="2" m="48233" /><F67/><W63/><G135/><T96/><D3/><U58/><E114/><V128/><F128/><W38/><G38/><T46/><D33/><U117/><E131/><V18/><F35/><W51/><G77/><T107/><D109/><N who="1" m="41483" /><E76/><V133/><F133/><W53/><G75/><T71/><D71/><U49/><E97/><V101/><F101/><W17/><G17/><AGARI ba="0,0" hai="12,17,18,21,22,26,39,40,47,68,69" m="48233" machi="17" ten="30,1000,0" yaku="18,1" doraHai="27" who="2" fromWho="3" sc="187,0,232,0,454,10,127,-10" owari="187,-21.3,232,3.2,464,56.4,117,-38.3" /></mjloggm>