<mjloggm ver="2.3"><GO type="225" lobby="0"/><UN n0="%E3%82%BC%E3%83%AB%E3%83%80%E3%81%AE%E4%BC%9D%E8%AA%AC" n1="%E3%83%8F%E3%82%AC%E3%82%BF%E3%82%AB%E3%81%AE%E3%81%88%E3%81%98%E3%81%8D" n2="%E6%97%A5%E6%9B%9C%E6%97%A5%E3%82%88%E3%82%8A%E3%81%AE%E4%BD%BF%E8%80%85" n3="%E3%83%A9%E3%83%BC%E3%83%A1%E3%83%B3%E4%BA%94%E9%83%8E" dan="16,16,18,16" rate="2140.39,2149.15,2179.31,2036.79" sx="M,M,M,M"/><TAIKYOKU oya="0"/><INIT seed="0,0,0,2,2,36" ten="250,250,250,250" oya="0" hai0="87,81,6,134,122,111,49,124,76,126,108,83,132" hai1="39,123,53,107,135,22,34,20,85,13,9,21,90" hai2="99,84,31,26,63,71,110,104,45,95,114,18,89" hai3="75,116,86,62,15,97,37,69,44,58,80,60,56"/><T78/><D6/><U24/><E123/><V0/><F114/><W118/><G75/><N who="0" m="43167" /><D49/><U127/><E107/><V46/><F0/><W67/><G15/><T91/><D91/><U98/><E39/><V105/><F18/><W32/><G32/><T57/><D57/><U59/><E127/><N who="0" m="48681" /><D122/><U120/><E120/><V100/><F105/><W66/><G69/><T109/><AGARI ba="0,0" hai="78,83,87,108,109,111,132,134" m="48681,43167" machi="109" ten="40,12000,1" yaku="14,1,10,1,18,1,34,2" doraHai="36" who="0" fromWho="0" sc="250,120,250,-40,250,-40,250,-40" /><INIT seed="0,1,0,1,0,10" ten="370,210,210,210" oya="0" hai0="11,134,96,46,24,82,66,33,71,118,95,25,6" hai1="103,80,92,54,127,30,109,78,130,72,18,133,47" hai2="84,86,115,7,114,64,132,3,62,119,98,31,9" hai3="20,40,39,116,79,44,67,70,68,2,65,42,27"/><T83/><D118/><U74/><E109/><V100/><F119/><W91/><G116/><T22/><D134/><U61/><E133/><V76/><F132/><W19/><G2/><T135/><D135/><U113/><E113/><V73/><F86/><W102/><G79/><T53/><D33/><U110/><E110/><V32/><F84/><W125/><G125/><T104/><D104/><U8/><E30/><V28/><F28/><W34/><G102/><T77/><D71/><U108/><E74/><V0/><F0/><W26/><G42/><T48/><D66/><U1/><E127/><V14/><F3/><W81/><G68/><T112/><D112/><U106/><E92/><V5/><F5/><W97/><G70/><T99/><D99/><U4/><E18/><V93/><F31/><W37/><G37/><T58/><D58/><U56/><E108/><V105/><F32/><W89/><G81/><N who="0" m="30731" /><D22/><U129/><REACH who="1" step="1"/><E47/><REACH who="1" ten="370,200,210,210" step="2"/><V121/><F93/><W16/><G44/><T88/><D77/><U60/><E60/><V23/><F76/><W101/><G19/><T94/><D95/><U69/><E69/><N who="2" m="42135" /><F73/><W15/><G16/><T36/><D46/><U35/><E35/><V63/><F63/><W55/><G34/><T90/><D94/><U52/><E52/><V38/><F115/><W45/><G55/><T29/><D53/><U123/><E123/><V117/><F114/><W12/><G45/><T21/><D29/><U128/><E128/><V85/><F117/><W13/><G65/><T120/><D120/><U107/><E107/><V131/><F121/><W124/><G67/><RYUUKYOKU ba="1,1" sc="370,-10,200,30,210,-10,210,-10" hai1="1,4,8,54,56,61,72,78,80,103,106,129,130" /><INIT seed="1,2,1,5,4,19" ten="360,230,200,200" oya="1" hai0="17,130,40,28,125,58,79,7,41,74,82,89,47" hai1="83,12,112,70,13,109,128,52,56,115,8,10,48" hai2="108,81,116,1,73,3,29,91,92,110,117,34,123" hai3="38,122,72,75,99,20,90,80,64,46,105,22,2"/><U121/><E121/><V49/><F49/><W39/><G122/><T76/><D28/><U107/><E107/><V68/><F68/><W31/><G2/><N who="2" m="521" /><F81/><W0/><G0/><T33/><D33/><U59/><E70/><V43/><F73/><W4/><G4/><T102/><D7/><U9/><E128/><V111/><F43/><W134/><G31/><T53/><D130/><U84/><E109/><N who="2" m="27907" /><V67/><DORA hai="114" /><F67/><W57/><G80/><T45/><D82/><U78/><REACH who="1" step="1"/><E59/><REACH who="1" ten="360,220,200,200" step="2"/><V106/><F123/><W77/><G57/><T97/><D58/><U26/><E26/><N who="2" m="18743" /><F106/><W71/><G105/><T126/><D126/><U120/><E120/><V127/><F127/><W65/><G71/><T55/><D125/><U133/><E133/><V104/><F104/><W16/><G134/><T135/><D135/><U69/><E69/><V132/><F132/><W87/><G72/><T51/><D74/><U95/><E95/><V44/><F44/><W25/><G75/><T5/><D47/><U113/><AGARI ba="2,2" hai="8,9,10,12,13,48,52,56,78,83,84,112,113,115" machi="113" ten="40,12000,1" yaku="1,1,0,1,54,1,53,1" doraHai="19,114" doraHaiUra="54,32" who="1" fromWho="1" sc="360,-42,220,146,200,-42,200,-42" /><INIT seed="1,3,0,2,1,94" ten="318,366,158,158" oya="1" hai0="12,130,115,9,15,88,10,61,131,90,120,117,51" hai1="44,64,49,118,25,65,127,92,7,132,121,112,32" hai2="62,91,113,119,86,38,36,43,47,30,67,98,60" hai3="126,99,56,66,124,125,39,45,110,26,73,27,104"/><U84/><E112/><V68/><F119/><W87/><G73/><T23/><D115/><U4/><E118/><V0/><F113/><W128/><G110/><T81/><D117/><U95/><E121/><V31/><F0/><W48/><G39/><T20/><D51/><U42/><E127/><V21/><F38/><W133/><G133/><T101/><D81/><U103/><E132/><V74/><F74/><W85/><G128/><T34/><D101/><U96/><E25/><N who="3" m="9226" /><G56/><T13/><D61/><U29/><E29/><V50/><F62/><W80/><G66/><N who="1" m="25706" /><E32/><V129/><F129/><N who="0" m="49162" /><D34/><U135/><E135/><V24/><F36/><W55/><G80/><T53/><D53/><U6/><E6/><V122/><F122/><W71/><G71/><T116/><D116/><U54/><E54/><V11/><F11/><N who="0" m="4106" /><D120/><U70/><E70/><V3/><F3/><W79/><G79/><T93/><D90/><AGARI ba="3,0" hai="4,7,42,44,49,84,90,92,95,96,103" m="25706" machi="90" ten="30,2900,0" yaku="8,1,52,1" doraHai="94" who="1" fromWho="0" sc="318,-38,366,38,158,0,158,0" /><INIT seed="1,4,0,4,3,58" ten="280,404,158,158" oya="1" hai0="99,104,103,34,26,82,52,126,7,2,122,49,89" hai1="40,95,64,135,57,22,18,71,11,1,69,129,117" hai2="55,8,66,111,47,10,17,114,25,81,43,5,75" hai3="63,68,86,101,80,38,112,23,54,21,85,110,90"/><U12/><E117/><V32/><F111/><W115/><G110/><T91/><D126/><U108/><E108/><V105/><F105/><W78/><G38/><T130/><D130/><U62/><E129/><V35/><F66/><W41/><G41/><T48/><D122/><U88/><E135/><V24/><F55/><W4/><G101/><T98/><D49/><U30/><E40/><V123/><F123/><W119/><G119/><T27/><D34/><U93/><E93/><V59/><F59/><W109/><G109/><T121/><D121/><U46/><E46/><V134/><F134/><W107/><G107/><T127/><D127/><U36/><E36/><N who="2" m="21991" /><F10/><W31/><G4/><T39/><D39/><U19/><E30/><N who="2" m="19527" /><F17/><W16/><G31/><T131/><D131/><U56/><E56/><V92/><F92/><W79/><G23/><T9/><D91/><U13/><E1/><N who="2" m="47" /><F114/><W124/><G124/><T33/><D33/><U42/><E42/><V94/><F94/><W128/><G128/><T113/><D113/><U74/><E74/><V15/><F15/><W125/><G125/><T53/><D98/><AGARI ba="4,0" hai="11,12,13,18,19,22,57,62,64,69,71,88,95,98" machi="98" ten="30,5800,0" yaku="7,1,52,1,54,1" doraHai="58" who="1" fromWho="0" sc="280,-70,404,70,158,0,158,0" /><INIT seed="1,5,0,3,1,12" ten="210,474,158,158" oya="1" hai0="107,101,50,109,54,115,46,132,3,62,9,17,71" hai1="37,22,96,1,51,11,6,79,135,57,52,83,113" hai2="18,102,27,47,44,29,129,8,89,26,40,78,114" hai3="76,2,111,70,127,110,103,108,69,93,80,53,64"/><U36/><E113/><V116/><F116/><W45/><G2/><T131/><D115/><U15/><E135/><V119/><F119/><W10/><G127/><T7/><D132/><U88/><E22/><V94/><F114/><W106/><G106/><T77/><D109/><U65/><E65/><V134/><F134/><W86/><G64/><T38/><D131/><U63/><E63/><V123/><F123/><W61/><G10/><T85/><D38/><U72/><E1/><V124/><F102/><W91/><G103/><T98/><D62/><U14/><E14/><V23/><F78/><W68/><G45/><T48/><D71/><U122/><E122/><V117/><F117/><W56/><REACH who="3" step="1"/><G69/><REACH who="3" ten="210,474,158,148" step="2"/><T42/><D3/><U84/><REACH who="1" step="1"/><E96/><AGARI ba="5,1" hai="53,56,61,68,70,76,80,86,91,93,96,108,110,111" machi="96" ten="40,8000,1" yaku="1,1,2,1,14,1,53,1" doraHai="12" doraHaiUra="55" who="3" fromWho="1" sc="210,0,474,-95,158,0,148,105" /><INIT seed="2,0,0,0,5,52" ten="210,379,158,253" oya="2" hai0="62,5,114,86,122,130,63,44,48,108,102,96,72" hai1="127,23,94,22,119,9,69,55,32,120,99,74,84" hai2="85,28,80,107,89,49,50,27,24,110,45,47,41" hai3="36,90,128,118,10,20,112,58,18,14,59,54,13"/><V31/><F107/><W92/><G118/><T131/><D72/><U71/><E119/><V66/><F66/><W124/><G36/><T53/><D114/><U91/><E32/><V98/><F110/><W76/><G76/><T125/><D122/><U70/><E74/><V25/><REACH who="2" step="1"/><F98/><REACH who="2" ten="210,379,148,253" step="2"/><W1/><G112/><T2/><D108/><U83/><E99/><V0/><F0/><W82/><G1/><T4/><D2/><U135/><E120/><V100/><F100/><W60/><G128/><N who="0" m="49195" /><D125/><U12/><E127/><V68/><F68/><W103/><G124/><T88/><D96/><U7/><E71/><V113/><F113/><W37/><G103/><T105/><D102/><U29/><E70/><V51/><F51/><W33/><G37/><T6/><D105/><U93/><E69/><V81/><F81/><AGARI ba="0,1" hai="4,5,6,44,48,53,62,63,81,86,88" m="49195" machi="81" ten="30,2000,0" yaku="19,1,54,1" doraHai="52" who="0" fromWho="2" sc="210,30,379,0,148,-20,253,0" /><INIT seed="3,0,0,0,3,97" ten="240,379,128,253" oya="3" hai0="131,60,16,7,92,85,96,75,36,66,5,69,15" hai1="62,57,63,45,20,43,46,124,39,91,132,109,38" hai2="94,120,70,6,103,35,61,79,133,73,101,78,68" hai3="14,104,81,8,119,25,95,106,116,84,55,42,44"/><W117/><G55/><T10/><D75/><U52/><E109/><V19/><F35/><W1/><G1/><T88/><D36/><U26/><E124/><V93/><F73/><W128/><G128/><T114/><D131/><U47/><E132/><V118/><F6/><W86/><G25/><T76/><D114/><U12/><E12/><V130/><F130/><W27/><G27/><T67/><D67/><U0/><E0/><V65/><F65/><W90/><G44/><T129/><D129/><U54/><E91/><V102/><F61/><W113/><G42/><T28/><D28/><U110/><E110/><V24/><F24/><W77/><G113/><T13/><D13/><U21/><E21/><V34/><F102/><W80/><G14/><T2/><D2/><U100/><E100/><V135/><F34/><W71/><G8/><T30/><D30/><U59/><E39/><V64/><F64/><W50/><G50/><T82/><AGARI ba="0,0" hai="5,7,10,15,16,60,66,69,76,82,85,88,92,96" machi="82" ten="30,4000,0" yaku="0,1,54,2" doraHai="97" who="0" fromWho="0" sc="240,40,379,-10,128,-10,253,-20" owari="280,8.0,369,46.9,118,-38.2,233,-16.7" /></mjloggm>