<mjloggm ver="2.3"><GO type="225" lobby="0"/><UN n0="%47%32%E9%BE%8D%E9%96%80" n1="%E3%81%8F%E3%82%8A%E3%83%94%E3%83%BC" n2="%E3%83%AB%E3%83%9B%E3%83%B3%E3%83%87%E3%82%A3%E3%82%A8" n3="%E6%A1%9C%E8%8A%B1%E9%96%83%E3%80%85" dan="16,16,17,16" rate="2098.50,2108.11,2174.46,2190.73" sx="M,M,M,M"/><TAIKYOKU oya="0"/><INIT seed="0,0,0,2,1,51" ten="250,250,250,250" oya="0" hai0="43,10,11,106,127,6,102,133,50,110,125,80,90" hai1="131,58,69,14,26,15,16,5,130,128,122,7,39" hai2="117,135,85,101,1,89,65,23,113,82,105,134,78" hai3="52,87,19,97,68,79,35,115,34,88,24,74,62"/><T84/><D133/><N who="2" m="50698" /><F1/><W28/><G115/><T45/><D110/><U44/><E69/><V93/><F23/><N who="3" m="13439" /><G74/><T38/><D38/><U114/><E122/><V76/><F65/><W46/><G68/><T49/><D49/><U70/><E70/><V32/><F32/><W104/><G104/><T132/><D132/><U25/><E114/><V64/><F64/><W100/><G100/><T94/><D106/><U95/><E95/><V73/><F113/><W92/><G28/><T54/><D43/><N who="1" m="22655" /><E15/><V71/><F71/><W96/><G46/><T2/><REACH who="0" step="1"/><D11/><REACH who="0" ten="240,250,250,250" step="2"/><U91/><E130/><V9/><F9/><W22/><G22/><T107/><D107/><U120/><E131/><V75/><F117/><W81/><G97/><AGARI ba="0,1" hai="2,6,10,45,50,54,80,84,90,94,97,102,125,127" machi="97" ten="40,7700,0" yaku="1,1,52,1,53,1" doraHai="51" doraHaiUra="3" who="0" fromWho="3" sc="240,87,250,0,250,0,250,-77" /><INIT seed="0,1,0,1,0,27" ten="327,250,250,173" oya="0" hai0="83,68,60,36,128,23,93,28,106,41,122,6,90" hai1="16,17,73,10,9,58,82,51,117,94,22,124,103" hai2="63,129,37,14,92,88,34,112,77,72,109,64,47" hai3="48,119,44,15,87,121,125,67,69,20,7,8,19"/><T81/><D106/><U86/><E117/><V75/><F112/><W95/><G119/><T74/><D122/><U30/><E73/><V96/><F109/><W49/><G121/><T85/><D128/><U108/><E124/><V91/><F34/><W54/><G125/><T35/><D35/><U0/><E0/><V116/><F129/><W46/><G69/><T29/><D6/><U80/><E108/><V5/><F77/><W111/><G67/><T70/><D23/><U33/><E33/><V79/><F79/><W25/><G111/><T1/><D1/><U61/><E51/><V4/><F4/><W26/><G26/><T133/><D133/><U32/><E32/><V118/><F118/><W84/><REACH who="3" step="1"/><G95/><REACH who="3" ten="327,250,250,163" step="2"/><T31/><D70/><U110/><E110/><V3/><F92/><W43/><AGARI ba="1,1" hai="7,8,15,19,20,25,43,44,46,48,49,54,84,87" machi="43" ten="20,8000,1" yaku="1,1,2,1,0,1,7,1,8,1,53,0" doraHai="27" doraHaiUra="102" who="3" fromWho="3" sc="327,-41,250,-21,250,-21,163,93" /><INIT seed="1,0,0,3,4,61" ten="286,229,229,256" oya="1" hai0="19,35,115,85,106,44,68,29,74,56,111,87,120" hai1="128,60,43,59,95,118,51,49,73,67,12,21,126" hai2="131,107,23,103,121,36,100,9,53,124,39,91,108" hai3="78,127,133,93,110,77,113,69,129,92,135,40,71"/><U55/><E118/><V72/><F121/><W90/><G40/><T31/><D115/><U37/><E73/><V88/><F72/><W47/><G47/><T114/><D68/><N who="3" m="26185" /><G113/><T3/><D74/><U99/><E128/><V119/><F108/><W101/><G110/><T18/><D106/><U2/><E126/><V11/><F23/><W4/><G4/><T104/><D104/><U5/><E2/><V132/><F107/><W16/><G129/><T58/><D114/><U116/><E116/><V13/><F13/><W52/><G52/><T65/><D111/><U94/><E37/><V34/><F34/><W89/><G16/><T7/><D44/><N who="1" m="25759" /><E99/><V41/><F41/><W125/><G101/><T38/><D3/><U105/><E105/><V17/><F17/><W15/><G15/><T8/><D7/><U109/><E109/><V96/><F53/><W76/><G93/><T79/><D38/><U6/><E6/><V98/><F119/><W70/><N who="3" m="26193" /><W122/><DORA hai="62" /><G92/><T86/><D18/><N who="1" m="10439" /><E5/><V27/><F27/><W63/><G122/><T24/><D120/><U75/><E75/><V112/><F112/><W32/><G32/><T117/><D35/><U1/><E1/><V81/><F131/><W10/><G10/><T42/><D8/><U22/><E22/><V26/><F26/><W45/><G127/><T0/><D24/><U20/><E20/><V130/><F130/><W48/><G125/><T57/><D0/><U50/><E50/><V14/><F124/><W30/><G48/><T82/><D117/><U123/><E123/><V25/><F39/><RYUUKYOKU ba="0,0" sc="286,-10,229,30,229,-10,256,-10" hai1="51,55,59,60,67,94,95" /><INIT seed="1,1,0,4,2,103" ten="276,259,219,246" oya="1" hai0="115,8,100,116,124,114,111,76,112,11,60,66,4" hai1="7,5,133,120,69,87,21,10,18,64,92,96,104" hai2="54,89,53,90,88,14,118,82,45,127,34,55,86" hai3="79,84,83,30,110,37,98,29,117,132,35,17,13"/><U125/><E120/><V74/><F74/><W105/><G110/><T0/><D116/><U9/><E125/><V23/><F118/><W41/><G117/><T56/><D111/><U72/><E72/><V126/><F34/><W3/><G3/><T38/><D124/><N who="2" m="47658" /><F45/><W22/><G132/><T121/><D38/><U28/><E28/><V119/><F119/><W51/><G37/><T1/><D121/><U135/><E64/><V24/><F14/><W16/><G35/><T61/><D76/><U99/><E69/><V113/><F113/><W62/><G62/><T50/><D100/><N who="1" m="62471" /><E87/><V70/><F70/><W73/><G73/><T19/><D19/><AGARI ba="1,0" hai="19,23,24,53,54,55,82,86,88,89,90" m="47658" machi="19" ten="30,2000,0" yaku="18,1,54,1" doraHai="103" who="2" fromWho="0" sc="276,-23,259,0,219,23,246,0" /><INIT seed="2,0,0,1,3,73" ten="253,259,242,246" oya="2" hai0="68,47,104,92,1,61,75,127,76,12,50,3,133" hai1="132,99,72,89,101,106,83,79,69,77,15,64,70" hai2="58,46,51,130,109,4,20,84,56,97,81,88,85" hai3="17,63,117,44,78,9,49,34,53,122,57,26,114"/><V0/><F130/><W129/><G117/><T6/><D104/><U112/><E112/><V111/><F0/><W24/><G122/><T121/><D121/><U108/><E108/><N who="2" m="41547" /><F4/><W119/><G119/><T33/><D33/><U134/><E64/><V98/><F20/><W7/><G129/><T59/><D68/><N who="1" m="26219" /><E15/><V96/><F85/><W48/><G114/><T28/><D127/><U5/><E5/><V120/><F120/><W94/><G34/><T103/><D133/><N who="1" m="51307" /><E72/><V45/><F45/><W2/><G26/><T65/><D47/><U90/><E83/><V41/><AGARI ba="0,0" hai="41,46,51,56,58,81,84,88,96,97,98" m="41547" machi="41" ten="30,6000,0" yaku="14,1,10,1,54,1" doraHai="73" who="2" fromWho="2" sc="253,-20,259,-20,242,60,246,-20" /><INIT seed="2,1,0,3,1,64" ten="233,239,302,226" oya="2" hai0="42,91,105,67,81,88,106,22,69,104,134,38,17" hai1="115,37,70,100,59,128,84,78,1,18,122,86,102" hai2="79,71,24,8,123,126,3,6,130,0,111,60,94" hai3="77,108,107,11,14,85,75,58,54,92,50,120,35"/><V117/><F94/><W76/><G120/><T39/><D134/><U12/><E1/><N who="2" m="79" /><F79/><W49/><G108/><T119/><D119/><U56/><E37/><V61/><F61/><W9/><G35/><T43/><D67/><U80/><E128/><V127/><F123/><W65/><G107/><T72/><D69/><U63/><E115/><V113/><F113/><W44/><G75/><T51/><D51/><U68/><E122/><V47/><F47/><W90/><G9/><T132/><D132/><U114/><E114/><V98/><F98/><W74/><G74/><T97/><D72/><U53/><E59/><V133/><F133/><W25/><G25/><T112/><D112/><U131/><E131/><V55/><F55/><W87/><G87/><T32/><D32/><U96/><E86/><V26/><F130/><W83/><G92/><T23/><D105/><U89/><E78/><V101/><F101/><W135/><G135/><T121/><D121/><U82/><E82/><V52/><F52/><N who="3" m="29735" /><G65/><T20/><D81/><U2/><E2/><N who="2" m="555" /><F117/><W27/><G27/><N who="2" m="10281" /><F111/><W73/><G73/><T129/><D129/><U29/><E102/><V5/><F5/><AGARI ba="1,0" hai="5,11,14,50,54,58,76,77,83,85,90" m="29735" machi="5" ten="30,2000,0" yaku="8,1,54,1" doraHai="64" who="3" fromWho="2" sc="233,0,239,0,302,-23,226,23" /><INIT seed="3,0,0,5,4,4" ten="233,239,279,249" oya="3" hai0="121,14,64,96,94,6,78,20,15,71,46,90,91" hai1="69,103,102,42,10,29,129,23,75,51,131,132,67" hai2="111,127,21,124,57,126,107,38,106,48,108,86,34" hai3="19,55,135,87,80,26,95,128,17,54,99,119,123"/><W104/><G119/><T60/><D121/><U39/><E39/><V88/><F34/><W44/><G123/><T77/><D46/><U115/><E75/><V109/><F38/><W125/><G104/><T25/><D90/><U105/><E115/><V8/><F8/><W47/><G125/><T40/><D40/><U45/><E132/><V134/><F134/><W11/><G128/><T27/><D25/><N who="1" m="16575" /><E105/><V41/><F21/><N who="3" m="13615" /><G135/><T22/><D22/><U66/><E10/><V3/><F3/><W18/><G47/><T49/><D49/><U84/><E84/><V114/><F114/><W35/><G35/><T133/><D133/><U73/><E73/><V100/><F100/><N who="1" m="38441" /><E69/><V33/><F33/><W59/><G44/><T16/><REACH who="0" step="1"/><D6/><REACH who="0" ten="223,239,279,249" step="2"/><U7/><E7/><V70/><F41/><W122/><G122/><T101/><D101/><U37/><E51/><V43/><F43/><W82/><G19/><T118/><D118/><U72/><E45/><V116/><F116/><W92/><G18/><T110/><D110/><U36/><E42/><V76/><F76/><AGARI ba="0,1" hai="14,15,16,20,27,60,64,71,76,77,78,91,94,96" machi="76" ten="40,5200,0" yaku="1,1,54,1,53,1" doraHai="4" doraHaiUra="63" who="0" fromWho="2" sc="223,62,239,0,279,-52,249,0" /><INIT seed="4,0,0,4,2,66" ten="285,239,227,249" oya="0" hai0="45,131,103,23,112,24,54,7,128,109,49,90,92" hai1="78,101,123,15,67,51,102,70,106,68,100,42,104" hai2="76,111,126,29,36,118,19,86,69,124,41,60,130" hai3="98,94,0,16,6,37,85,33,89,31,21,75,59"/><T17/><D112/><U65/><E51/><V129/><F29/><W5/><G75/><T47/><D109/><U1/><E15/><V122/><F19/><W4/><G37/><T2/><D103/><U71/><E78/><V99/><F99/><W82/><G0/><T88/><D45/><U13/><E13/><V14/><F14/><N who="3" m="9367" /><G33/><T28/><D28/><U58/><E58/><V79/><F111/><W81/><G31/><T38/><D38/><U27/><E1/><V120/><F118/><W125/><G125/><N who="2" m="48233" /><F86/><W77/><G59/><T25/><D25/><U87/><E87/><V127/><N who="2" m="48241" /><V43/><DORA hai="61" /><F79/><W108/><G108/><T119/><D119/><U110/><E110/><V46/><F43/><W12/><G82/><T116/><D116/><U117/><E117/><V64/><F76/><W96/><G96/><T133/><D2/><U50/><E27/><V97/><F97/><W44/><G44/><T53/><D47/><N who="1" m="25975" /><E123/><AGARI ba="0,0" hai="36,41,46,60,64,69,120,122,123,129,130" m="48241" machi="123" ten="50,12000,2" yaku="18,1,23,1,34,2,52,2" doraHai="66,61" who="2" fromWho="1" sc="285,0,239,-120,227,120,249,0" owari="285,8.5,119,-38.1,347,44.7,249,-15.1" /></mjloggm>