<mjloggm ver="2.3"><GO type="225" lobby="0"/><UN n0="%E8%B7%AF%E9%9C%B8" n1="%E6%B4%BE%E9%81%A3%E3%81%AE%E3%82%B8%E3%83%A3%E3%83%83%E3%82%AF" n2="%6D%75%75%6D%75%72%61" n3="%E5%86%B7%E5%87%8D%E3%82%AE%E3%83%A7%E3%83%BC%E3%82%B6" dan="17,17,16,16" rate="2137.26,2193.78,2112.07,2158.34" sx="M,M,F,M"/><TAIKYOKU oya="0"/><INIT seed="0,0,0,0,5,41" ten="250,250,250,250" oya="0" hai0="86,61,17,109,42,96,90,35,132,23,45,64,126" hai1="9,12,20,74,69,44,118,1,65,79,27,66,62" hai2="94,106,135,97,99,68,101,39,70,34,8,2,88" hai3="6,24,53,98,73,95,36,103,108,33,114,119,83"/><T3/><D35/><U49/><E118/><V121/><F135/><W0/><G114/><T52/><D109/><U100/><E100/><V18/><F121/><W19/><G108/><T84/><D132/><U28/><E65/><V134/><F134/><W82/><G119/><T13/><D3/><U102/><E102/><V5/><F34/><W55/><G36/><T113/><D113/><U59/><E69/><V124/><F124/><W116/><G116/><T63/><D126/><U58/><E58/><V128/><F128/><W16/><G0/><T131/><D131/><U111/><E111/><V76/><F39/><W47/><G6/><T10/><D64/><U112/><E112/><V87/><REACH who="2" step="1"/><F18/><REACH who="2" ten="250,250,240,250" step="2"/><W85/><G19/><T72/><D72/><U110/><E110/><V22/><F22/><W46/><G73/><T48/><D23/><U67/><E74/><V57/><F57/><W4/><G4/><T60/><D42/><U120/><E120/><V117/><F117/><W43/><G43/><T122/><D122/><U50/><E20/><V81/><AGARI ba="0,1" hai="2,5,8,68,70,76,81,87,88,94,97,99,101,106" machi="81" ten="30,4000,0" yaku="1,1,0,1,54,1,53,0" doraHai="41" doraHaiUra="107" who="2" fromWho="2" sc="250,-20,250,-10,240,50,250,-10" /><INIT seed="1,0,0,2,4,19" ten="230,240,290,240" oya="1" hai0="118,62,56,104,70,115,13,73,35,97,59,85,101" hai1="68,24,105,130,129,93,36,109,133,46,0,84,18" hai2="107,14,37,74,50,60,16,110,131,48,21,116,40" hai3="94,54,10,102,78,3,66,121,1,67,120,112,39"/><U30/><E105/><V15/><F116/><W8/><G39/><T17/><D118/><U34/><E68/><V52/><F110/><W25/><G112/><T27/><D115/><U95/><E0/><V6/><F107/><W57/><G78/><T72/><D59/><U58/><E109/><V108/><F108/><W26/><G57/><T20/><D85/><U38/><E133/><V79/><F131/><N who="1" m="50185" /><E58/><N who="2" m="34887" /><F74/><W43/><G43/><T44/><D44/><U134/><E134/><V83/><F37/><N who="1" m="14441" /><E46/><N who="2" m="25671" /><F50/><W77/><G77/><T90/><D90/><U132/><E132/><V28/><F28/><W119/><G119/><T65/><D56/><U61/><E61/><V81/><F79/><W92/><REACH who="3" step="1"/><G54/><REACH who="3" ten="230,240,290,230" step="2"/><T7/><D7/><U76/><E76/><V106/><F106/><W69/><G69/><T114/><D114/><U23/><E84/><V32/><F32/><W96/><G96/><T53/><D53/><U71/><E71/><V103/><F103/><AGARI ba="0,1" hai="1,3,8,10,25,26,66,67,92,94,102,103,120,121" machi="103" ten="25,3200,0" yaku="1,1,22,2,53,0" doraHai="19" doraHaiUra="64" who="3" fromWho="2" sc="230,0,240,0,290,-32,230,42" /><INIT seed="2,0,0,3,1,5" ten="230,240,258,272" oya="2" hai0="87,129,99,27,100,55,16,115,19,56,124,70,114" hai1="101,38,65,54,74,80,90,64,111,93,97,86,62" hai2="25,35,26,32,117,134,53,103,44,82,2,119,83" hai3="42,76,13,60,92,30,104,122,24,79,127,113,91"/><V98/><F134/><W18/><G122/><T126/><D70/><U72/><E38/><V102/><F2/><W17/><G104/><T68/><D68/><U84/><E111/><V133/><F133/><W47/><G60/><T125/><D129/><U46/><E65/><V59/><F44/><W131/><G127/><T3/><D3/><U120/><E120/><V121/><F121/><W67/><G67/><T8/><D87/><U112/><E112/><N who="0" m="43049" /><D27/><U45/><E45/><V51/><F98/><W63/><G63/><N who="0" m="36255" /><D8/><U95/><E64/><V10/><F10/><W81/><G81/><T135/><D135/><U28/><E62/><V77/><F51/><W107/><G107/><AGARI ba="0,0" hai="16,19,99,100,107,124,125,126" m="36255,43049" machi="107" ten="40,2600,0" yaku="18,1,54,1" doraHai="5" who="0" fromWho="3" sc="230,26,240,0,258,0,272,-26" /><INIT seed="3,0,0,4,3,43" ten="256,240,258,246" oya="3" hai0="0,78,107,69,47,76,40,30,42,108,26,94,48" hai1="81,8,24,79,46,54,130,41,101,129,55,23,33" hai2="2,64,109,116,132,53,39,113,62,34,110,124,18" hai3="74,9,123,84,12,45,112,51,93,37,118,4,60"/><W90/><G112/><T128/><D107/><U63/><E33/><V16/><F113/><W67/><G74/><T58/><D69/><U134/><E101/><V82/><F116/><W11/><G118/><T19/><D0/><U119/><E119/><V83/><F34/><W59/><G123/><T22/><D128/><N who="1" m="49259" /><E134/><V80/><F132/><W44/><G37/><T70/><D70/><U125/><E8/><V17/><F124/><W86/><G51/><T57/><D108/><N who="2" m="41578" /><F2/><W49/><G49/><T100/><D40/><U89/><E89/><V38/><F53/><W73/><G73/><T99/><REACH who="0" step="1"/><D30/><REACH who="0" ten="246,240,258,246" step="2"/><N who="1" m="17695" /><E125/><V131/><F131/><W96/><G9/><T68/><D68/><AGARI ba="0,1" hai="16,17,18,38,39,62,64,68,80,82,83" m="41578" machi="68" ten="40,2600,0" yaku="14,1,54,1" doraHai="43" who="2" fromWho="0" sc="246,-26,240,0,258,36,246,0" /><INIT seed="4,0,0,2,1,77" ten="220,240,294,246" oya="0" hai0="92,19,46,102,78,67,48,2,108,75,15,33,30" hai1="98,110,35,120,57,62,28,130,96,83,58,64,16" hai2="117,101,24,65,12,34,17,41,76,61,109,68,74" hai3="14,9,29,107,119,54,45,89,37,52,39,23,6"/><T91/><D2/><U42/><E110/><V132/><F109/><W80/><G107/><T4/><D108/><U18/><E120/><V123/><F123/><W131/><G119/><T22/><D67/><U99/><E130/><V8/><F117/><W20/><G131/><T93/><D4/><U127/><E127/><V84/><F132/><W7/><G7/><T105/><D105/><U32/><E42/><V27/><F74/><W31/><G37/><T1/><D1/><U79/><E57/><V103/><F41/><W73/><G73/><T43/><D33/><U21/><E32/><V125/><F125/><W49/><G54/><T94/><D102/><U81/><E35/><V72/><F72/><W0/><G39/><T51/><D30/><N who="3" m="11273" /><G0/><T128/><D128/><U50/><E50/><V135/><F135/><W53/><G53/><T95/><N who="0" m="23552" /><DORA hai="124" /><T40/><D91/><U3/><E79/><V10/><F34/><W97/><G97/><T90/><D90/><U118/><E3/><V56/><F68/><W88/><G89/><T129/><D129/><U87/><E87/><AGARI ba="0,0" hai="6,9,14,20,23,45,49,52,80,87,88" m="11273" machi="87" ten="30,7700,0" yaku="8,1,52,1,54,2" doraHai="77,124" who="3" fromWho="1" sc="220,0,240,-77,294,0,246,77" owari="220,-18.0,163,-33.7,294,9.4,323,42.3" /></mjloggm>