<mjloggm ver="2.3"><GO type="225" lobby="0"/><UN n0="%E3%83%81%E3%83%AF%E3%83%AF%E9%9A%8A%E9%95%B7" n1="%73%73%6B%5F%66%72%65%65" n2="%E7%99%BD%E6%97%A5%E9%9B%AA%E8%8F%9C" n3="%65%6B%61%72%75%74%65" dan="16,16,17,16" rate="2091.58,2090.63,2181.32,2179.37" sx="M,M,M,M"/><TAIKYOKU oya="0"/><INIT seed="0,0,0,3,2,108" ten="250,250,250,250" oya="0" hai0="46,61,62,65,128,83,44,49,107,69,15,3,121" hai1="24,53,86,113,94,55,105,18,87,39,126,1,23" hai2="118,97,78,101,67,11,54,29,77,7,72,129,45" hai3="37,117,99,10,98,31,4,124,115,35,42,47,2"/><T84/><D3/><U135/><E126/><V48/><F129/><W93/><G117/><T25/><D107/><U132/><E135/><V16/><F118/><W134/><G124/><T40/><D121/><U133/><E105/><V89/><F72/><W85/><G134/><N who="1" m="51818" /><E39/><V50/><F29/><W80/><G115/><T58/><D128/><U30/><E1/><V109/><F109/><W106/><G106/><T14/><D25/><N who="1" m="14583" /><E113/><V103/><F67/><W110/><G110/><T127/><D127/><U63/><E63/><V57/><F89/><W52/><G93/><T66/><REACH who="0" step="1"/><D46/><REACH who="0" ten="240,250,250,250" step="2"/><U60/><E24/><V8/><F45/><W71/><G47/><T51/><D51/><U21/><E60/><V28/><F48/><W123/><G2/><T95/><D95/><U104/><E94/><V100/><F50/><W125/><G123/><T13/><D13/><U12/><E104/><V6/><F28/><W76/><G125/><T122/><D122/><U20/><E12/><V56/><F103/><W130/><G130/><T90/><AGARI ba="0,1" hai="14,15,40,44,49,58,61,62,65,66,69,83,84,90" machi="90" ten="20,3900,0" yaku="1,1,0,1,7,1,53,0" doraHai="108" doraHaiUra="17" who="0" fromWho="0" sc="240,49,250,-13,250,-13,250,-13" /><INIT seed="0,1,0,4,3,46" ten="289,237,237,237" oya="0" hai0="102,113,119,74,24,40,17,30,26,8,1,87,13" hai1="51,53,12,58,33,55,65,105,89,76,57,129,120" hai2="22,3,100,0,38,123,63,67,29,114,36,27,25" hai3="85,132,135,37,66,88,31,18,72,109,52,75,95"/><T86/><D74/><U103/><E120/><V126/><F114/><W108/><G37/><T49/><D113/><U92/><E129/><V80/><F123/><W84/><G66/><T39/><D39/><U42/><E33/><V131/><F131/><W60/><G18/><T4/><D119/><U68/><E76/><V61/><F126/><W124/><G31/><T96/><D26/><U127/><E127/><V6/><F36/><W56/><G85/><T110/><D110/><N who="3" m="42601" /><G124/><T48/><D40/><U9/><E103/><V62/><F38/><W71/><G71/><T54/><D54/><U78/><E105/><V34/><F67/><W94/><G94/><T83/><D87/><U116/><E78/><V77/><F6/><W117/><G117/><T10/><D86/><U115/><E42/><V122/><F122/><W59/><G56/><T70/><D83/><U118/><E115/><V133/><F133/><AGARI ba="1,0" hai="52,59,60,72,75,84,88,95,132,133,135" m="42601" machi="133" ten="30,7700,0" yaku="20,1,14,1,54,2" doraHai="46" who="3" fromWho="2" sc="289,0,237,0,237,-80,237,80" /><INIT seed="1,0,0,1,2,58" ten="289,237,157,317" oya="1" hai0="21,63,92,14,78,29,113,23,132,30,38,85,73" hai1="97,40,99,104,3,48,43,32,59,79,114,26,68" hai2="45,19,76,82,80,10,24,125,37,128,74,65,36" hai3="105,7,109,62,61,52,57,17,42,87,127,115,101"/><U6/><E114/><V129/><F125/><W103/><G115/><T123/><D73/><U124/><E124/><V55/><F65/><W120/><G120/><T116/><D38/><U126/><E68/><V27/><F82/><W111/><G127/><T25/><D113/><U66/><E126/><V5/><F36/><W122/><G122/><T16/><D123/><U118/><E118/><V20/><F27/><W13/><G7/><T22/><D116/><U39/><E39/><V49/><REACH who="2" step="1"/><F37/><REACH who="2" ten="289,237,147,317" step="2"/><W35/><G109/><T12/><D25/><U89/><E26/><V83/><F83/><W15/><G111/><T60/><D132/><U107/><E66/><V47/><F47/><W94/><G35/><T121/><D121/><U77/><E32/><V33/><F33/><W9/><G105/><T117/><D117/><U8/><E107/><V133/><F133/><W93/><G103/><T81/><D92/><U1/><E104/><V54/><F54/><W90/><G101/><T86/><D81/><U18/><E43/><V131/><F131/><W108/><G93/><T46/><D46/><U72/><E40/><V69/><F69/><W84/><G42/><T75/><D75/><U0/><E72/><V95/><F95/><W64/><G108/><T134/><D134/><U51/><E77/><V34/><F34/><W91/><G94/><T56/><D78/><U135/><E79/><V11/><F11/><N who="3" m="6335" /><G64/><T67/><D67/><U110/><E135/><V100/><F100/><W88/><G9/><T71/><D71/><U112/><E8/><V4/><F4/><W41/><G41/><RYUUKYOKU ba="0,1" sc="289,-10,237,-10,147,30,317,-10" hai2="5,10,19,20,24,45,49,55,74,76,80,128,129" /><INIT seed="2,1,1,4,5,42" ten="279,227,177,307" oya="2" hai0="27,64,109,116,21,48,91,51,66,78,134,57,18" hai1="131,99,47,36,24,59,120,70,45,28,76,65,83" hai2="6,98,124,100,58,23,86,94,103,38,26,132,34" hai3="135,5,44,40,92,33,125,7,110,53,106,56,111"/><V133/><F34/><W75/><G106/><T1/><D1/><U88/><E131/><V25/><F38/><N who="3" m="21527" /><G75/><T54/><D116/><U11/><E70/><V63/><F124/><W96/><G33/><T22/><D134/><N who="2" m="51818" /><F6/><W81/><G81/><T104/><D104/><U93/><E36/><V102/><F86/><W113/><G113/><T60/><D109/><N who="3" m="41481" /><G125/><T29/><D78/><U72/><E11/><V31/><F25/><W30/><G30/><T39/><D39/><U12/><E12/><V14/><F14/><W9/><G9/><T16/><D91/><U52/><E65/><AGARI ba="1,1" hai="23,26,31,58,63,65,94,98,100,102,103" m="51818" machi="65" ten="30,2900,0" yaku="25,1,20,1" doraHai="42" who="2" fromWho="1" sc="279,0,227,-32,177,42,307,0" /><INIT seed="2,2,0,0,2,2" ten="279,195,219,307" oya="2" hai0="33,54,106,45,39,17,75,124,7,49,13,70,129" hai1="128,83,4,23,51,125,84,10,6,61,80,96,8" hai2="134,64,29,38,121,60,135,15,102,116,30,44,58" hai3="77,72,55,32,62,91,115,68,104,118,43,100,5"/><V73/><F116/><W122/><G43/><T0/><D33/><U40/><E128/><V35/><F121/><W123/><G91/><T67/><D106/><U98/><E125/><V25/><F73/><W59/><G68/><T89/><D75/><U131/><E131/><V1/><F1/><W110/><G118/><T57/><D129/><U46/><E61/><V41/><F30/><W78/><G32/><T86/><D124/><U99/><E23/><V20/><F102/><W56/><G72/><T127/><D127/><U113/><E113/><V63/><F60/><W42/><G42/><T94/><D70/><U37/><E37/><V53/><F35/><W65/><G78/><T130/><D130/><U18/><E18/><V117/><F117/><W26/><G26/><T69/><D69/><U48/><E48/><N who="2" m="31015" /><F15/><W76/><G100/><T50/><D39/><U93/><E93/><V19/><F19/><W47/><G62/><T16/><D0/><U24/><E24/><V114/><F114/><W36/><G115/><T34/><D34/><U119/><E119/><V120/><F120/><W92/><G104/><T21/><D67/><U3/><REACH who="1" step="1"/><E84/><REACH who="1" ten="279,185,219,307" step="2"/><V9/><F9/><W85/><G85/><T107/><D107/><U95/><E95/><V103/><F63/><W82/><G36/><T112/><D112/><U11/><E11/><V14/><F64/><W133/><G65/><T108/><D94/><U87/><E87/><V101/><F14/><AGARI ba="2,1" hai="3,4,6,8,10,14,40,46,51,80,83,96,98,99" machi="14" ten="40,5200,0" yaku="1,1,52,2,53,0" doraHai="2" doraHaiUra="66" who="1" fromWho="2" sc="279,0,185,68,219,-58,307,0" /><INIT seed="3,0,0,4,3,21" ten="279,253,161,307" oya="3" hai0="79,60,59,7,130,62,118,9,112,40,99,24,16" hai1="43,12,102,70,11,8,124,133,32,10,76,27,29" hai2="108,68,34,72,107,49,109,38,135,78,67,81,69" hai3="116,83,96,19,25,77,44,6,1,123,63,13,95"/><W121/><G116/><T53/><D118/><U86/><E124/><V129/><F129/><W28/><G44/><T4/><D130/><U85/><E133/><V120/><F135/><W50/><G50/><T0/><D112/><U39/><E70/><V88/><F38/><W119/><G119/><T56/><D40/><U125/><E125/><V57/><F107/><W65/><G6/><N who="0" m="2091" /><D0/><U37/><E102/><V101/><F101/><W132/><G1/><T15/><D79/><U17/><E76/><V114/><F114/><W84/><G19/><N who="0" m="8687" /><D99/><U64/><E64/><V117/><F117/><W54/><G54/><N who="0" m="33815" /><D16/><U31/><E31/><V20/><F34/><W26/><G28/><T100/><D100/><U41/><E39/><V55/><F120/><W3/><G3/><T23/><D23/><N who="1" m="15615" /><E37/><V14/><F67/><W82/><G96/><T93/><D93/><U131/><E131/><V91/><F20/><W105/><G95/><T113/><D113/><U94/><E32/><V92/><F14/><W75/><G13/><T103/><D103/><U22/><E94/><V2/><F2/><W30/><G105/><T71/><D71/><N who="2" m="27210" /><F92/><W127/><G132/><T33/><D33/><U36/><E36/><V126/><F126/><W51/><G127/><T48/><D48/><U5/><E5/><V61/><F49/><W115/><G51/><T98/><D98/><U47/><E47/><V89/><F89/><N who="3" m="51351" /><G115/><T106/><D106/><U80/><E80/><V110/><AGARI ba="0,0" hai="55,57,61,72,78,81,88,91,108,109,110" m="27210" machi="110" ten="40,2700,0" yaku="14,1,54,1" doraHai="21" who="2" fromWho="2" sc="279,-7,253,-7,161,27,307,-13" /><INIT seed="4,0,0,0,5,75" ten="272,246,188,294" oya="0" hai0="105,13,12,116,73,54,6,109,11,25,115,113,86" hai1="94,117,103,57,77,34,30,28,59,111,67,55,41" hai2="71,101,92,42,63,68,62,9,122,24,102,16,98" hai3="32,100,133,23,2,119,17,125,89,60,82,99,49"/><T69/><D73/><U31/><E111/><V33/><F122/><W134/><G119/><T64/><D105/><U106/><E106/><V135/><F135/><N who="3" m="51723" /><G125/><T76/><D116/><U66/><E34/><V15/><F102/><W5/><G32/><T108/><D25/><U104/><E104/><V35/><F33/><W107/><G49/><T47/><D12/><U53/><E117/><V74/><F74/><W20/><G60/><N who="0" m="40071" /><D54/><N who="1" m="20491" /><E41/><V43/><F63/><W21/><G82/><N who="0" m="47431" /><D47/><U129/><E77/><V22/><F35/><W78/><G78/><T38/><D38/><U93/><E129/><V46/><F62/><W8/><G89/><T84/><D84/><U118/><E103/><V121/><F121/><W87/><G87/><T3/><D3/><U110/><E110/><AGARI ba="0,0" hai="6,11,13,108,109,110,113,115" m="47431,40071" machi="110" ten="30,2900,0" yaku="10,1,52,1" doraHai="75" who="0" fromWho="1" sc="272,29,246,-29,188,0,294,0" owari="301,40.1,217,-18.3,188,-31.2,294,9.4" /></mjloggm>