<mjloggm ver="2.3"><GO type="225" lobby="0"/><UN n0="%72%61%6B%33" n1="%33%74%72%65%65" n2="%E3%81%A9%E3%82%8F%E3%82%93%E3%81%94" n3="%E3%81%B2%E3%81%AA%E3%81%AE%E3%82%8A%E3%81%8F" dan="17,16,16,17" rate="2189.68,2157.66,2110.54,2194.83" sx="M,F,M,M"/><TAIKYOKU oya="0"/><INIT seed="0,0,0,4,1,37" ten="250,250,250,250" oya="0" hai0="105,19,76,39,23,68,9,2,94,114,66,103,31" hai1="134,21,63,126,42,135,121,84,109,69,7,112,57" hai2="77,52,90,74,96,122,40,110,53,41,0,108,102" hai3="95,47,16,82,71,20,32,91,83,128,12,22,70"/><T46/><D114/><U54/><E121/><V60/><F122/><W116/><G32/><T36/><D105/><U45/><E112/><V97/><F0/><W29/><G116/><T43/><D76/><U89/><E109/><N who="2" m="42091" /><F90/><W85/><G128/><T8/><D31/><U1/><E126/><V101/><F97/><W131/><G131/><T51/><D66/><U11/><E69/><V111/><F111/><W10/><G71/><T28/><D68/><U34/><E34/><V35/><F35/><W25/><G70/><T18/><D28/><U64/><E64/><V125/><F125/><W13/><REACH who="3" step="1"/><G47/><REACH who="3" ten="250,250,250,240" step="2"/><T55/><D46/><U120/><E120/><V17/><F101/><W61/><G61/><T88/><D103/><U100/><E100/><V93/><F60/><W106/><G106/><T59/><D2/><U132/><E132/><V124/><F124/><W92/><G92/><T15/><D94/><U56/><E135/><V24/><F74/><W115/><G115/><T81/><D81/><U6/><E134/><V75/><F75/><W3/><G3/><T44/><D36/><U48/><E1/><V119/><F119/><W65/><G65/><T98/><D39/><U58/><E63/><V4/><F93/><W107/><G107/><T26/><D44/><U79/><E45/><V27/><F102/><W62/><G62/><T123/><D123/><U72/><E72/><V127/><F127/><W73/><G73/><T87/><D51/><U49/><E49/><V30/><F53/><W86/><G86/><T117/><D87/><U33/><E84/><V104/><F52/><RYUUKYOKU ba="0,1" sc="250,-10,250,-10,250,-10,240,30" hai3="10,12,13,16,20,22,25,29,82,83,85,91,95" /><INIT seed="1,1,1,5,1,38" ten="240,240,240,270" oya="1" hai0="120,123,46,79,30,133,1,87,29,27,135,63,34" hai1="37,61,112,78,71,41,16,17,65,90,48,124,12" hai2="13,107,128,0,125,130,89,114,94,6,36,110,105" hai3="22,55,5,64,83,43,32,59,40,103,23,74,99"/><U25/><E112/><V3/><F36/><W101/><G32/><T109/><D63/><U4/><E124/><V84/><F125/><W52/><G64/><T44/><D1/><N who="2" m="586" /><F114/><W62/><G5/><T117/><D117/><U28/><E78/><V118/><F118/><W95/><G103/><T86/><D109/><U100/><E100/><V50/><F110/><W31/><G55/><T7/><D7/><U24/><E24/><V92/><F50/><W14/><G31/><T119/><D119/><U67/><E67/><V10/><F94/><W77/><REACH who="3" step="1"/><G14/><REACH who="3" ten="240,240,240,260" step="2"/><T20/><D34/><U102/><E102/><V56/><F56/><W126/><G126/><T106/><D30/><U15/><E65/><V39/><F107/><W80/><G80/><T53/><D106/><U35/><E4/><V97/><F105/><W75/><G75/><T70/><D29/><U131/><E12/><V19/><F6/><W93/><G93/><T58/><D53/><U129/><E15/><V76/><F13/><W115/><G115/><T2/><D2/><U85/><E28/><V127/><F127/><W66/><G66/><T88/><D70/><U68/><E68/><V132/><F10/><W18/><G18/><T122/><D120/><U8/><E17/><V11/><F11/><W42/><AGARI ba="1,2" hai="22,23,40,42,43,52,59,62,74,77,83,95,99,101" machi="42" ten="30,12000,2" yaku="1,1,0,1,52,3,54,1,53,1" doraHai="38" doraHaiUra="51" who="3" fromWho="3" sc="240,-31,240,-61,240,-31,260,143" /><INIT seed="2,0,0,0,1,46" ten="209,179,209,403" oya="2" hai0="90,28,132,78,27,75,37,96,82,40,125,122,107" hai1="127,53,87,7,83,19,119,13,44,99,102,29,69" hai2="15,131,68,97,4,41,35,123,49,79,105,26,55" hai3="18,108,93,20,94,92,0,116,81,2,63,5,112"/><V62/><F123/><W38/><G116/><T113/><D122/><U45/><E119/><V6/><F79/><W8/><G38/><T30/><D113/><U80/><E127/><V12/><F41/><W109/><G112/><T126/><D132/><U43/><E69/><V14/><F131/><W31/><G31/><T124/><D90/><U77/><E7/><V84/><F84/><W104/><G104/><T1/><D1/><U73/><E29/><V103/><F26/><W24/><G81/><T95/><D95/><U10/><E53/><V114/><F35/><W66/><REACH who="3" step="1"/><G2/><REACH who="3" ten="209,179,209,393" step="2"/><T120/><D120/><U130/><E130/><V42/><F114/><W88/><G88/><T135/><D30/><U47/><E80/><V16/><F105/><W61/><G61/><T71/><D37/><U54/><E43/><V11/><F42/><W67/><G67/><T3/><D40/><U58/><E73/><V57/><F62/><W65/><G65/><T121/><D121/><U100/><REACH who="1" step="1"/><E99/><REACH who="1" ten="209,169,209,393" step="2"/><V98/><F97/><W133/><G133/><T111/><D135/><U86/><E86/><V64/><F98/><W22/><G22/><T74/><D75/><U101/><E101/><V23/><F103/><W51/><G51/><AGARI ba="0,2" hai="10,13,19,44,45,47,51,54,58,77,83,87,100,102" machi="51" ten="40,5200,0" yaku="1,1,8,1,52,1,53,0" doraHai="46" doraHaiUra="25" who="1" fromWho="3" sc="209,0,169,72,209,0,393,-52" /><INIT seed="3,0,0,5,3,34" ten="209,241,209,341" oya="3" hai0="122,82,31,7,86,72,35,79,3,91,81,97,18" hai1="16,43,46,5,50,40,132,133,104,28,85,39,117" hai2="52,78,8,96,67,33,48,120,47,121,44,26,94" hai3="124,0,21,87,114,15,37,55,12,100,24,23,92"/><W129/><G0/><T6/><D122/><N who="2" m="47210" /><F67/><W29/><G37/><T70/><D70/><U2/><E104/><V49/><F78/><W71/><G71/><T73/><D3/><U36/><E28/><N who="2" m="19607" /><F8/><W131/><G55/><T25/><D72/><U69/><E69/><V57/><F48/><W98/><G87/><T135/><D135/><U84/><E50/><V10/><F10/><W103/><G103/><AGARI ba="0,0" hai="44,47,49,52,57,94,96,103" m="19607,47210" machi="103" ten="30,2000,0" yaku="13,1,54,1" doraHai="34" who="2" fromWho="3" sc="209,0,241,0,209,20,341,-20" owari="209,-29.1,241,4.1,229,-17.1,321,42.1" /></mjloggm>