<mjloggm ver="2.3"><GO type="225" lobby="0"/><UN n0="%E5%A4%9C%E3%81%AE%E3%82%AC%E3%82%B9%E3%83%91%E3%83%BC%E3%83%AB" n1="%E6%B8%A1%E5%A4%A9%E8%97%8D" n2="%E3%81%B5%E3%81%98%E3%81%8B%E3%81%A4" n3="%74%61%6B%75%61%6B%61" dan="16,16,16,16" rate="2117.00,2065.35,2184.06,2107.86" sx="M,M,M,M"/><TAIKYOKU oya="0"/><INIT seed="0,0,0,0,5,104" ten="250,250,250,250" oya="0" hai0="75,78,59,71,61,133,96,52,4,11,8,40,38" hai1="73,27,28,62,1,64,107,29,54,114,67,80,115" hai2="99,128,45,46,77,126,57,135,15,0,5,83,18" hai3="125,20,19,25,56,100,31,24,13,63,82,118,10"/><T103/><D133/><U120/><E120/><V44/><F126/><W134/><G125/><T6/><D71/><U130/><E130/><V72/><F128/><W119/><G134/><T22/><D22/><U79/><E1/><V84/><F135/><W121/><G121/><T105/><D40/><U90/><E107/><V16/><F99/><W30/><G100/><T21/><D38/><U70/><E64/><V93/><F0/><W94/><G94/><T66/><D21/><U32/><E90/><V101/><F101/><W95/><G95/><T36/><D36/><U127/><E127/><V34/><F34/><W113/><G113/><N who="1" m="43018" /><E29/><V131/><F131/><W122/><G122/><T74/><D66/><U110/><E54/><V53/><F93/><W124/><G124/><T86/><D86/><U68/><E110/><V26/><F26/><W60/><G82/><T51/><D61/><U42/><E42/><V88/><F5/><W92/><G92/><T106/><D106/><U14/><E14/><V48/><F15/><W81/><G81/><T132/><D132/><U3/><E3/><V129/><F129/><W85/><G85/><T108/><D108/><U109/><E109/><V50/><F50/><W39/><G39/><T23/><D23/><U58/><AGARI ba="0,0" hai="27,28,32,58,62,67,68,70,73,79,80" m="43018" machi="58" ten="30,2000,0" yaku="11,1,52,1" doraHai="104" who="1" fromWho="1" sc="250,-10,250,20,250,-5,250,-5" /><INIT seed="1,0,0,3,3,26" ten="240,270,245,245" oya="1" hai0="34,41,12,54,19,111,73,65,69,81,79,62,102" hai1="112,32,72,121,61,118,60,122,31,124,120,80,125" hai2="35,89,127,66,2,71,13,47,87,46,97,94,85" hai3="53,39,107,134,44,117,70,90,96,104,75,8,99"/><U130/><E112/><V100/><F2/><W88/><G75/><T22/><D111/><U92/><E118/><V106/><F127/><N who="1" m="48713" /><E130/><V101/><F35/><W49/><G70/><T37/><D34/><U55/><E92/><V57/><F71/><W18/><G117/><T91/><D102/><N who="2" m="39530" /><F106/><W56/><G134/><T5/><D5/><U108/><E108/><V115/><F115/><W105/><G99/><T15/><D91/><U40/><E40/><V23/><F66/><W116/><G96/><T24/><D41/><U119/><E119/><V63/><F23/><W38/><G116/><T3/><D37/><U17/><E17/><V74/><F13/><W30/><G30/><T33/><D3/><U93/><E93/><V76/><F74/><W43/><REACH who="3" step="1"/><G38/><REACH who="3" ten="240,270,245,235" step="2"/><T68/><D68/><U52/><E31/><V42/><F97/><W51/><G51/><T132/><D132/><U135/><E135/><V86/><F76/><W59/><G59/><T16/><D69/><U123/><E123/><V4/><F57/><W45/><G45/><N who="2" m="16905" /><F63/><N who="1" m="24137" /><E32/><V82/><F42/><W1/><G1/><T110/><D110/><U109/><E109/><V6/><F87/><W98/><G98/><T36/><D36/><U67/><E72/><V128/><F128/><W126/><G126/><T21/><D33/><U29/><E121/><V25/><F86/><W10/><G10/><T48/><D65/><U103/><E67/><V84/><F84/><W133/><G133/><T58/><D62/><U113/><E120/><V78/><F25/><AGARI ba="0,1" hai="12,15,16,19,21,22,24,25,48,54,58,73,79,81" machi="25" ten="30,3900,0" yaku="7,1,9,1,54,1" doraHai="26" who="0" fromWho="2" sc="240,49,270,0,245,-39,235,0" /><INIT seed="2,0,0,2,0,129" ten="289,270,206,235" oya="2" hai0="92,127,10,112,106,49,64,86,60,110,131,74,82" hai1="14,120,59,33,39,22,119,111,114,85,16,103,133" hai2="94,126,6,98,46,25,101,48,66,35,31,115,99" hai3="78,36,72,3,37,122,73,113,54,51,84,32,118"/><V68/><F115/><W88/><G122/><T90/><D112/><U20/><E114/><V77/><F126/><W26/><G3/><T128/><D106/><U38/><E33/><V132/><F77/><W55/><G113/><T87/><D127/><U91/><E119/><V41/><F6/><W80/><G118/><T105/><D105/><U21/><E111/><V11/><F11/><W56/><G55/><T71/><D74/><U5/><E5/><V70/><F66/><W61/><G51/><T104/><D104/><U67/><E120/><V24/><F24/><W96/><G96/><T28/><D110/><U95/><E103/><V4/><F4/><W43/><G43/><T81/><D28/><U50/><E133/><V42/><F42/><W13/><G13/><T76/><D49/><U7/><E7/><V12/><F12/><W69/><G69/><T34/><D34/><U65/><E38/><V135/><REACH who="2" step="1"/><F99/><REACH who="2" ten="289,270,196,235" step="2"/><W93/><REACH who="3" step="1"/><G72/><REACH who="3" ten="289,270,196,225" step="2"/><T125/><D125/><U53/><REACH who="1" step="1"/><E39/><REACH who="1" ten="289,260,196,225" step="2"/><V130/><F130/><W40/><G40/><T27/><D128/><U121/><E121/><V108/><F108/><W1/><G1/><T116/><D131/><U124/><E124/><V123/><F123/><W45/><G45/><T57/><D116/><U79/><E79/><V102/><F102/><W52/><G52/><T63/><D76/><U15/><E15/><V29/><F29/><AGARI ba="0,3" hai="26,29,32,36,37,54,56,61,73,78,80,84,88,93" machi="29" ten="40,5200,0" yaku="1,1,54,1,53,1" doraHai="129" doraHaiUra="23" who="3" fromWho="2" sc="289,0,260,0,196,-52,225,82" /><INIT seed="3,0,0,5,2,74" ten="289,260,144,307" oya="3" hai0="135,43,29,25,100,39,61,132,76,114,21,5,97" hai1="17,56,112,117,59,58,99,134,69,63,15,73,126" hai2="91,118,60,88,87,51,4,55,113,120,33,71,125" hai3="109,6,50,90,47,107,129,105,46,65,0,93,24"/><W133/><G133/><N who="0" m="51275" /><D114/><U45/><E134/><V30/><F113/><W20/><G129/><T124/><D124/><U37/><E112/><V70/><F118/><W119/><G119/><T27/><D5/><U78/><E117/><V77/><F125/><W116/><G116/><T98/><D76/><U103/><E126/><V22/><F120/><W32/><G32/><N who="0" m="20527" /><D100/><U111/><E111/><V94/><F4/><W75/><G75/><T64/><D43/><U34/><E34/><V79/><F33/><W35/><G35/><T1/><D39/><U121/><E121/><V23/><F71/><W130/><G130/><T92/><D92/><N who="1" m="58855" /><E73/><V13/><F70/><W19/><G109/><T85/><D85/><U106/><E106/><V36/><F36/><W72/><G72/><T84/><D84/><U7/><E69/><V52/><F60/><W101/><G101/><T8/><D8/><N who="1" m="4511" /><E37/><V42/><F42/><W53/><G107/><T9/><D9/><U127/><E127/><V54/><F51/><W102/><G105/><T96/><D1/><U10/><E45/><V16/><F91/><W11/><G46/><T80/><D80/><U86/><E86/><V81/><F81/><W68/><G90/><T128/><D128/><U67/><E78/><N who="2" m="29707" /><F30/><W95/><G102/><T123/><D123/><U104/><E104/><V28/><F28/><W31/><G31/><N who="0" m="17903" /><D98/><U41/><E41/><V108/><F108/><W12/><G0/><T82/><D82/><U131/><E131/><V14/><F14/><AGARI ba="0,0" hai="10,14,17,56,58,59,63,67" m="4511,58855" machi="14" ten="30,1000,0" yaku="8,1" doraHai="74" who="1" fromWho="2" sc="289,0,260,10,144,-10,307,0" owari="289,8.9,270,-13.0,134,-36.6,307,40.7" /></mjloggm>