<mjloggm ver="2.3"><GO type="225" lobby="0"/><UN n0="%E3%82%BC%E3%83%AB%E3%83%80%E3%81%AE%E4%BC%9D%E8%AA%AC" n1="%E9%89%A2%E5%B7%BB%E3%82%AC%E3%83%96" n2="%72%61%6B%33" n3="%E6%B4%BE%E9%81%A3%E3%81%AE%E3%82%B8%E3%83%A3%E3%83%83%E3%82%AF" dan="16,16,18,16" rate="2139.71,2134.65,2273.05,2151.01" sx="M,M,M,M"/><TAIKYOKU oya="0"/><INIT seed="0,0,0,2,2,106" ten="250,250,250,250" oya="0" hai0="25,27,21,97,56,2,24,22,90,92,86,118,5" hai1="100,107,26,38,131,119,17,99,95,12,36,122,96" hai2="115,3,121,126,39,74,110,8,20,14,52,84,48" hai3="102,77,113,15,123,0,103,33,71,130,104,65,94"/><T67/><D118/><U68/><E131/><V73/><F115/><W117/><G0/><T23/><D2/><U62/><E122/><V61/><F121/><W109/><G123/><T82/><D5/><U60/><E119/><V129/><F39/><W35/><G113/><T132/><D132/><U51/><E26/><V81/><F129/><W64/><G94/><T134/><D134/><U116/><E51/><V69/><F20/><W133/><G133/><T78/><D67/><U66/><E62/><V6/><F3/><W4/><G130/><T114/><D114/><U44/><E44/><V128/><F110/><W87/><G109/><T101/><REACH who="0" step="1"/><D56/><REACH who="0" ten="240,250,250,250" step="2"/><U9/><E116/><V32/><F128/><W11/><G64/><T42/><D42/><U41/><E41/><V91/><F6/><W76/><G117/><T47/><D47/><U18/><E17/><V54/><F54/><W45/><G65/><T13/><D13/><U85/><E18/><V79/><F14/><W29/><G15/><T125/><D125/><U108/><E12/><V37/><F126/><W49/><G4/><T58/><D58/><U43/><E43/><V93/><F52/><W127/><G127/><T70/><D70/><U30/><E108/><V83/><F69/><W75/><G71/><T124/><D124/><U112/><E112/><V80/><F8/><W53/><G11/><T28/><D28/><U16/><E30/><V50/><F37/><N who="1" m="14441" /><E9/><V55/><F55/><W98/><G29/><T89/><AGARI ba="0,1" hai="21,22,23,24,25,27,78,82,86,89,90,92,97,101" machi="89" ten="40,7800,0" yaku="1,1,0,1,8,1,53,0" doraHai="106" doraHaiUra="135" who="0" fromWho="0" sc="240,88,250,-26,250,-26,250,-26" /><INIT seed="0,1,0,2,4,89" ten="328,224,224,224" oya="0" hai0="109,65,130,98,128,64,99,35,104,21,43,6,121" hai1="114,62,67,108,131,122,13,47,116,92,28,54,52" hai2="23,69,79,33,30,129,91,31,38,51,127,16,88" hai3="106,84,133,74,20,76,22,8,46,10,66,97,75"/><T117/><D35/><U50/><E116/><V96/><F38/><W113/><G113/><T7/><D117/><U83/><E122/><V118/><F69/><W107/><G133/><T42/><D21/><U12/><E108/><V26/><F118/><W93/><G66/><N who="0" m="25707" /><D104/><U123/><E123/><V39/><F39/><W56/><G56/><T81/><D81/><U11/><E131/><N who="0" m="50217" /><D121/><U2/><E2/><V5/><F127/><W14/><G106/><T124/><D124/><U61/><E114/><V87/><F129/><W82/><G10/><T85/><D85/><U55/><E28/><V72/><F5/><N who="0" m="1546" /><D109/><U0/><E83/><V94/><F51/><W68/><G107/><T101/><D101/><U110/><E110/><V125/><F125/><W90/><G68/><T37/><D37/><U40/><E11/><V115/><F115/><W24/><G22/><T57/><D57/><U73/><E0/><V63/><F63/><W36/><G36/><T27/><D27/><U112/><E61/><V18/><F33/><W15/><G8/><T60/><D60/><U45/><E112/><V102/><F31/><W25/><G25/><T111/><D111/><U103/><E62/><V95/><REACH who="2" step="1"/><F102/><REACH who="2" ten="328,224,214,224" step="2"/><W49/><G49/><T119/><D119/><U4/><E103/><V132/><F132/><W48/><G48/><T58/><D58/><U77/><E4/><V44/><F44/><W59/><G46/><T78/><D78/><U135/><E45/><V53/><F53/><W70/><G59/><T1/><D1/><U41/><E135/><V29/><F29/><N who="3" m="17543" /><G70/><T126/><D126/><RYUUKYOKU ba="1,1" sc="328,10,224,-30,214,10,224,10" hai0="42,43,98,99" hai2="16,18,23,26,30,72,79,87,88,91,94,95,96" hai3="14,15,74,75,76,82,84,90,93,97" /><INIT seed="0,2,1,2,4,75" ten="338,194,224,234" oya="0" hai0="46,94,15,86,53,36,2,122,52,40,41,28,44" hai1="83,124,87,130,98,106,26,120,103,118,71,92,78" hai2="74,7,57,39,3,30,48,11,47,12,33,17,127" hai3="59,73,45,0,135,117,91,64,110,35,95,65,50"/><T129/><D2/><U29/><E118/><V125/><F74/><W23/><G35/><T79/><D122/><U115/><E120/><V25/><F57/><W96/><G0/><T105/><D105/><U16/><E130/><V82/><F39/><W8/><G117/><T55/><D129/><U99/><E124/><V90/><F90/><W42/><G8/><T22/><D94/><U112/><E71/><V93/><F93/><W134/><G73/><T18/><D28/><U88/><REACH who="1" step="1"/><E16/><REACH who="1" ten="338,184,224,234" step="2"/><V80/><F127/><W4/><G134/><T104/><D104/><U76/><E76/><V97/><F125/><W61/><G135/><T100/><D100/><U10/><E10/><V37/><F37/><W128/><G128/><T132/><D132/><U43/><E43/><N who="0" m="16457" /><D36/><U56/><E56/><V69/><F69/><W34/><G42/><T21/><D21/><AGARI ba="2,2" hai="21,26,29,78,83,87,88,92,98,99,103,106,112,115" machi="21" ten="40,8000,1" yaku="1,1,52,1,54,1,53,1" doraHai="75" doraHaiUra="27" who="1" fromWho="0" sc="338,-86,184,106,224,0,234,0" /><INIT seed="1,0,0,4,1,134" ten="252,290,224,234" oya="1" hai0="120,59,85,63,130,52,115,132,70,100,55,112,15" hai1="0,41,32,95,125,17,122,28,51,22,34,96,92" hai2="102,111,119,36,88,14,44,60,84,57,42,91,45" hai3="54,133,21,129,33,74,126,68,89,23,35,30,78"/><U69/><E122/><V29/><F111/><W135/><G68/><T113/><D132/><N who="3" m="50761" /><G129/><T103/><D130/><U82/><E0/><V123/><F123/><W19/><G89/><T39/><D120/><U77/><E69/><V67/><F119/><W98/><G98/><T128/><D128/><U94/><E28/><V61/><F102/><W90/><G90/><T6/><D39/><U43/><E96/><V73/><F73/><W118/><G118/><T65/><D85/><U9/><E9/><V16/><F29/><W8/><G54/><T18/><D6/><U5/><E5/><V97/><F44/><W101/><G101/><T79/><D79/><U7/><E7/><V3/><F3/><W110/><G110/><T114/><N who="0" m="28672" /><DORA hai="2" /><T76/><D76/><U50/><E34/><V66/><F84/><W37/><G37/><T72/><D72/><U40/><E32/><V83/><F83/><N who="3" m="45527" /><G8/><T104/><D55/><U62/><E82/><V4/><F97/><W20/><G33/><T46/><D46/><U109/><E77/><V117/><F117/><W71/><G71/><T127/><D104/><U10/><E10/><V27/><F27/><N who="3" m="18911" /><G126/><T131/><D127/><U49/><E109/><V99/><F99/><W116/><G116/><T87/><D87/><U47/><E125/><V58/><REACH who="2" step="1"/><F4/><REACH who="2" ten="252,290,214,234" step="2"/><W108/><G108/><T25/><D25/><AGARI ba="0,1" hai="19,20,21,23,25" m="18911,45527,50761" machi="25" ten="30,1000,0" yaku="20,1" doraHai="134,2" who="3" fromWho="0" sc="252,-10,290,0,214,0,234,20" /><INIT seed="2,0,0,5,1,77" ten="242,290,214,254" oya="2" hai0="128,107,103,6,93,91,79,38,98,53,66,111,3" hai1="35,120,57,68,16,56,130,0,46,10,127,69,84" hai2="123,82,97,40,50,104,110,108,61,109,67,105,102" hai3="2,17,13,55,88,126,7,96,65,22,41,119,48"/><V132/><F123/><W39/><G119/><T131/><D38/><U99/><E35/><V81/><F132/><W43/><G126/><T89/><D66/><U20/><E127/><V90/><F105/><W74/><G39/><T95/><D53/><U28/><E56/><N who="2" m="37287" /><F90/><N who="0" m="34314" /><D6/><U115/><E115/><V8/><F8/><W116/><G116/><T49/><D49/><U122/><E99/><V29/><F29/><W32/><G74/><T80/><D3/><U125/><E28/><V9/><F9/><W78/><G32/><T18/><D18/><U86/><E10/><V72/><F72/><W52/><G65/><T21/><D21/><U34/><E34/><V14/><F14/><W76/><G7/><T26/><D26/><U114/><E0/><V101/><F101/><W37/><G37/><T135/><D135/><U47/><E114/><V124/><F124/><W33/><G2/><T4/><D4/><U117/><E117/><V62/><F62/><W36/><G36/><T75/><D111/><U87/><E69/><V24/><F24/><W112/><G33/><T12/><D12/><N who="1" m="9223" /><E68/><V71/><F71/><W73/><G112/><T100/><D100/><U118/><E125/><V63/><F63/><W27/><G27/><T94/><AGARI ba="0,0" hai="75,79,80,93,94,95,98,103,107,128,131" m="34314" machi="94" ten="30,4000,0" yaku="34,2,52,1" doraHai="77" who="0" fromWho="0" sc="242,40,290,-10,214,-20,254,-10" /><INIT seed="3,0,0,1,0,11" ten="282,280,194,244" oya="3" hai0="82,33,56,72,39,51,108,83,125,87,64,132,86" hai1="60,15,116,124,127,78,107,89,115,77,113,92,23" hai2="35,38,85,130,9,101,111,28,79,129,53,97,17" hai3="122,34,119,31,131,66,16,52,46,67,106,135,102"/><W126/><G122/><T0/><D39/><U88/><E107/><V99/><F38/><W20/><G119/><T109/><D0/><U29/><E89/><V3/><F111/><N who="0" m="42570" /><D33/><U42/><E42/><V12/><F3/><W6/><G6/><T22/><D125/><N who="1" m="48203" /><E116/><V123/><F123/><W24/><G126/><T105/><D105/><U104/><E104/><V30/><F53/><W10/><G135/><T21/><D132/><U50/><E50/><V96/><F101/><W94/><G106/><T7/><D7/><U95/><E95/><V74/><F74/><W114/><G131/><N who="2" m="50185" /><F35/><W48/><G114/><T73/><D51/><U76/><E60/><V134/><F134/><W71/><G71/><T5/><D5/><U70/><E70/><V55/><F55/><W62/><G62/><N who="0" m="37959" /><D72/><U40/><E40/><V32/><F32/><W98/><G10/><T27/><D22/><U103/><E103/><V2/><F2/><W91/><G102/><T80/><D73/><U58/><E58/><V120/><F120/><W117/><G117/><T69/><D69/><U133/><E133/><V110/><F110/><W54/><G54/><T13/><D27/><AGARI ba="0,0" hai="16,20,24,27,31,34,46,48,52,66,67,91,94,98" machi="27" ten="30,5800,0" yaku="7,1,54,2" doraHai="11" who="3" fromWho="0" sc="282,-58,280,0,194,0,244,58" owari="224,-17.6,280,8.0,194,-30.6,302,40.2" /></mjloggm>