<mjloggm ver="2.3"><GO type="225" lobby="0"/><UN n0="%43%68%65" n1="%E6%80%AA%E3%81%97%E3%81%99%E3%81%8E%E3%82%8B%E3%83%81%E3%83%BC" n2="%E5%84%AA%40%41%42%43" n3="%33%74%72%65%65" dan="16,17,17,17" rate="2174.92,2156.34,2220.97,2154.90" sx="M,M,M,F"/><TAIKYOKU oya="0"/><INIT seed="0,0,0,2,2,63" ten="250,250,250,250" oya="0" hai0="106,110,29,102,45,77,23,82,31,88,64,94,115" hai1="117,108,50,4,7,59,93,30,36,22,18,90,92" hai2="51,61,3,98,95,99,48,21,11,134,41,126,73" hai3="75,65,47,17,85,42,60,109,71,25,14,111,1"/><T120/><D115/><U74/><E74/><V26/><F73/><W105/><G75/><T83/><D120/><U116/><E36/><V43/><F134/><W33/><G1/><T28/><D110/><N who="3" m="41993" /><G105/><T24/><D106/><U15/><E30/><N who="0" m="11881" /><D77/><U39/><E39/><V44/><F126/><W135/><G135/><T9/><D102/><U38/><E38/><V130/><F130/><W52/><G85/><T27/><D27/><U113/><E113/><V70/><F11/><N who="3" m="6367" /><G25/><T16/><D45/><U89/><E108/><V84/><F3/><W56/><G33/><T67/><D9/><U78/><E116/><V104/><F104/><W122/><G122/><T87/><N who="0" m="11889" /><T58/><DORA hai="66" /><D58/><U49/><E78/><V54/><F84/><W107/><G107/><T131/><D131/><U86/><E117/><V57/><F41/><W127/><G127/><T128/><D128/><U35/><E35/><V72/><F72/><W125/><G125/><T20/><D20/><U62/><E7/><V101/><F99/><W5/><G5/><T32/><D32/><U0/><E4/><V80/><F21/><W124/><G124/><T69/><D69/><U6/><E6/><V68/><F26/><W132/><G132/><T112/><D112/><U91/><E0/><V100/><F70/><W133/><G133/><T123/><D123/><U19/><E19/><V10/><F10/><W53/><G71/><T114/><D114/><U119/><E119/><V97/><F68/><W129/><G129/><T37/><D37/><AGARI ba="0,0" hai="37,42,47,52,53,56,60,65" m="6367,41993" machi="37" ten="30,3900,0" yaku="14,1,52,1,54,1" doraHai="63,66" who="3" fromWho="0" sc="250,-39,250,0,250,0,250,39" /><INIT seed="1,0,0,2,2,131" ten="211,250,250,289" oya="1" hai0="123,86,3,68,50,45,122,83,135,32,103,101,116" hai1="47,61,71,29,95,12,130,60,28,65,77,16,117" hai2="9,58,128,41,112,105,33,4,111,37,27,1,121" hai3="126,62,0,26,42,39,89,63,46,80,78,133,82"/><U21/><E117/><V79/><F58/><W108/><G108/><T20/><D32/><U90/><E130/><V100/><F121/><N who="0" m="46090" /><D68/><U44/><E77/><V7/><F7/><W40/><G126/><T59/><D3/><U99/><E61/><V23/><F128/><W92/><G0/><T85/><D59/><U107/><E107/><V30/><F111/><W34/><G42/><T96/><D20/><U118/><E118/><V94/><F94/><W57/><G78/><T13/><D13/><U74/><E74/><V102/><F112/><W43/><G43/><N who="0" m="24895" /><D116/><U2/><E2/><V113/><F113/><W6/><G34/><T64/><D64/><U67/><E67/><V48/><F37/><W97/><G26/><T91/><D86/><U15/><E15/><V10/><F9/><W51/><G6/><T110/><D110/><U5/><E5/><V53/><F41/><W129/><G129/><T119/><D119/><U24/><REACH who="1" step="1"/><E29/><REACH who="1" ten="211,240,250,289" step="2"/><V93/><F105/><W8/><G63/><T22/><D22/><AGARI ba="0,1" hai="12,16,21,22,24,28,44,47,60,65,71,90,95,99" machi="22" ten="30,11600,0" yaku="1,1,2,1,7,1,54,1,53,0" doraHai="131" doraHaiUra="76" who="1" fromWho="0" sc="211,-116,240,126,250,0,289,0" /><INIT seed="1,1,0,3,5,117" ten="95,366,250,289" oya="1" hai0="42,7,19,122,35,87,52,16,70,101,129,48,84" hai1="36,47,96,14,66,40,92,128,23,29,121,8,100" hai2="108,38,21,123,39,3,43,83,5,71,98,77,105" hai3="133,61,81,109,127,25,106,44,99,88,56,9,28"/><U26/><E121/><V120/><F108/><W64/><G109/><T74/><D74/><U69/><E128/><V80/><F80/><W37/><G133/><T72/><D72/><U115/><E115/><V53/><F53/><W10/><G127/><T90/><D129/><U107/><E66/><V73/><F21/><W110/><G110/><T45/><D35/><U78/><E69/><V2/><F71/><W24/><G106/><T95/><D70/><U60/><E60/><V55/><F55/><W68/><G68/><T126/><D126/><U97/><E78/><V91/><F91/><W31/><G44/><T130/><D130/><U102/><E14/><V58/><F58/><W134/><G37/><N who="2" m="13833" /><F43/><W93/><G81/><T57/><D122/><N who="2" m="46634" /><F5/><W79/><G79/><T85/><D7/><U22/><E22/><V13/><F13/><W62/><G62/><T18/><REACH who="0" step="1"/><D101/><AGARI ba="1,0" hai="2,3,73,77,83,98,101,105" m="46634,13833" machi="101" ten="30,7700,0" yaku="23,1,52,3" doraHai="117" who="2" fromWho="0" sc="95,-80,366,0,250,80,289,0" /><INIT seed="2,0,0,2,4,101" ten="15,366,330,289" oya="2" hai0="99,21,53,48,8,112,55,104,40,43,22,114,134" hai1="69,20,117,103,127,29,64,77,39,102,0,58,9" hai2="135,46,88,67,94,44,16,42,78,106,124,60,115" hai3="3,92,49,36,133,116,4,85,13,121,38,5,33"/><V87/><F115/><W65/><G116/><T18/><D134/><U41/><E117/><V76/><F106/><W24/><G121/><T10/><D48/><U23/><E127/><V15/><F135/><W90/><G133/><T14/><D14/><U107/><E69/><V56/><F124/><W118/><G118/><T28/><D18/><U59/><E77/><N who="2" m="29803" /><F42/><W31/><G65/><T108/><D99/><U73/><E41/><V109/><F109/><W96/><G3/><T72/><D28/><U79/><E107/><V122/><F122/><W83/><G5/><T1/><D1/><U91/><E79/><V51/><F51/><W97/><G97/><T125/><D125/><U66/><E39/><V11/><AGARI ba="0,0" hai="11,15,16,44,46,56,60,67,87,88,94" m="29803" machi="11" ten="30,6000,0" yaku="8,1,54,2" doraHai="101" who="2" fromWho="2" sc="15,-20,366,-20,330,60,289,-20" owari="-5,-50.5,346,14.6,390,49.0,269,-13.1" /></mjloggm>