<mjloggm ver="2.3"><GO type="225" lobby="0"/><UN n0="%E3%81%A9%E3%82%8F%E3%82%93%E3%81%94" n1="%72%61%6B%33" n2="%E6%A1%9C%E8%8A%B1%E9%96%83%E3%80%85" n3="%45%6C%79%73%69%75%6D" dan="16,16,18,17" rate="2190.56,2181.46,2228.18,2135.72" sx="M,M,M,F"/><TAIKYOKU oya="0"/><INIT seed="0,0,0,0,5,9" ten="250,250,250,250" oya="0" hai0="103,19,30,80,8,92,68,60,65,108,118,40,64" hai1="55,15,109,18,66,74,81,73,119,110,127,83,27" hai2="6,44,87,53,82,99,114,69,41,121,21,95,94" hai3="101,37,59,90,104,16,57,2,79,52,71,111,54"/><T26/><D118/><U133/><E119/><V102/><F121/><W58/><G71/><T45/><D65/><U62/><E127/><V14/><F114/><W33/><G2/><T61/><D61/><U47/><E27/><V25/><F69/><W0/><G0/><T4/><D19/><U128/><E128/><V46/><F53/><W34/><G37/><T117/><D117/><U115/><E115/><V24/><F95/><W85/><G79/><T129/><D129/><U20/><E133/><V116/><F116/><W86/><G111/><N who="1" m="42506" /><E55/><V78/><F46/><W1/><G1/><T23/><D108/><U125/><E47/><V135/><F135/><W122/><G122/><T106/><D106/><U22/><E22/><V17/><REACH who="2" step="1"/><F6/><REACH who="2" ten="250,250,240,250" step="2"/><W36/><G54/><T112/><D112/><U97/><E125/><V51/><AGARI ba="0,1" hai="14,17,21,24,25,41,44,51,78,82,87,94,99,102" machi="51" ten="20,12000,2" yaku="1,1,2,1,0,1,7,1,8,1,52,1,53,1" doraHai="9" doraHaiUra="72" who="2" fromWho="2" sc="250,-60,250,-30,240,130,250,-30" /><INIT seed="1,0,0,3,2,80" ten="190,220,370,220" oya="1" hai0="46,17,25,19,10,8,83,70,56,78,72,64,76" hai1="87,39,52,109,132,68,71,37,49,79,12,42,35" hai2="31,28,129,57,127,54,75,65,7,95,134,40,82" hai3="60,100,59,55,121,84,112,91,74,6,1,118,98"/><U26/><E132/><V107/><F107/><W67/><G121/><T32/><D70/><U135/><E135/><V123/><F134/><W125/><G112/><T43/><D78/><U36/><E42/><V23/><F123/><W81/><G125/><T96/><D96/><U90/><E79/><V106/><F106/><W24/><G118/><T18/><D32/><U128/><E128/><V103/><F65/><W29/><G74/><T20/><D64/><U120/><E120/><V108/><F108/><W53/><G6/><T73/><D56/><U5/><E109/><V47/><F7/><W105/><REACH who="3" step="1"/><G1/><REACH who="3" ten="190,220,370,210" step="2"/><T3/><D73/><U110/><E110/><V0/><F0/><W66/><G66/><T131/><D131/><U86/><E5/><V115/><F75/><W130/><G130/><T15/><D3/><U101/><E71/><V93/><F127/><W88/><G88/><T34/><D34/><AGARI ba="0,1" hai="24,29,34,53,55,59,60,67,81,84,91,98,100,105" machi="34" ten="30,3900,0" yaku="1,1,7,1,52,1,53,0" doraHai="80" doraHaiUra="117" who="3" fromWho="0" sc="190,-39,220,0,370,0,210,49" /><INIT seed="2,0,0,5,4,78" ten="151,220,370,259" oya="2" hai0="116,33,19,23,41,108,121,133,1,43,17,73,49" hai1="32,47,9,100,115,131,62,54,50,28,101,20,24" hai2="134,83,91,123,119,5,117,63,12,89,68,66,70" hai3="25,30,7,57,11,34,109,114,110,132,59,22,87"/><V74/><F123/><W135/><G87/><T112/><D33/><U52/><E115/><V128/><F128/><W106/><G106/><T72/><D1/><U77/><E131/><V125/><F125/><W36/><G36/><T18/><D112/><U122/><E122/><V102/><F102/><W61/><G114/><T48/><D121/><U13/><E32/><V96/><F134/><N who="3" m="51243" /><G22/><T64/><D133/><U127/><E127/><V55/><F70/><W40/><G40/><T93/><D108/><N who="3" m="41577" /><G61/><T51/><D116/><U21/><E21/><V35/><F63/><W97/><G97/><T113/><D113/><U6/><E77/><V85/><F85/><W3/><AGARI ba="0,0" hai="3,7,11,25,30,34,57,59" m="41577,51243" machi="3" ten="30,2000,0" yaku="20,1,14,1" doraHai="78" who="3" fromWho="3" sc="151,-5,220,-5,370,-10,259,20" /><INIT seed="3,0,0,2,5,127" ten="146,215,360,279" oya="3" hai0="52,69,27,28,107,85,72,67,64,74,111,65,22" hai1="76,90,54,43,30,35,40,38,61,93,11,123,25" hai2="108,2,53,70,47,87,19,110,75,98,37,77,62" hai3="103,80,50,9,59,73,133,44,34,32,135,31,116"/><W84/><G116/><T102/><D111/><U12/><E123/><V20/><F75/><W124/><G73/><T89/><D69/><U23/><E35/><V56/><F2/><W81/><G124/><T100/><D74/><U104/><E104/><V71/><F98/><W68/><G68/><T21/><D72/><U99/><E76/><V0/><F0/><W132/><G59/><T4/><D107/><U112/><E38/><V49/><F87/><W39/><G39/><T97/><D4/><N who="1" m="3175" /><E112/><V36/><F77/><W10/><G103/><T114/><D114/><U48/><E61/><V46/><F46/><AGARI ba="0,0" hai="23,25,30,40,43,46,48,54,90,93,99" m="3175" machi="46" ten="30,1000,0" yaku="8,1" doraHai="127" who="1" fromWho="2" sc="146,0,215,10,360,-10,279,0" owari="146,-35.4,225,-17.5,350,45.0,279,7.9" /></mjloggm>