<mjloggm ver="2.3"><GO type="225" lobby="0"/><UN n0="%E3%81%86%E3%81%A3%E3%81%97%E3%83%BC%30%30" n1="%28%EF%BF%A3%E2%96%BD%EF%BF%A3%29%CE%B4%E2%8C%92%E3%83%BB" n2="%E8%BE%9B%E5%8F%A3%E3%82%AB%E3%83%AC%E3%83%BC%E3%83%A9%E3%82%A4%E3%82%B9" n3="%E5%8D%A0%E3%81%84%E5%B8%AB%E8%A3%8F%E3%81%AA%E3%81%84%E3%81%97" dan="16,16,17,17" rate="2122.79,2128.81,2274.74,2158.98" sx="M,M,M,M"/><TAIKYOKU oya="0"/><INIT seed="0,0,0,2,4,84" ten="250,250,250,250" oya="0" hai0="115,92,14,25,53,125,97,52,111,60,133,119,66" hai1="62,105,31,37,4,2,54,127,75,72,21,93,50" hai2="17,123,126,80,89,39,24,35,87,108,132,19,73" hai3="58,36,9,30,45,26,86,11,15,79,128,77,96"/><T83/><D115/><U34/><E105/><V88/><F123/><W74/><G74/><T90/><D119/><U103/><E37/><V6/><F39/><W33/><G128/><T57/><D133/><U68/><E34/><V107/><F107/><W16/><G96/><T109/><D125/><U81/><E127/><V10/><F126/><W101/><G101/><T32/><D14/><U70/><E4/><V0/><F73/><W23/><G58/><T131/><D131/><U114/><E2/><V129/><F132/><W40/><G9/><T22/><D32/><U46/><E62/><V120/><F120/><W118/><G118/><T117/><D83/><U78/><E72/><V121/><F121/><W18/><REACH who="3" step="1"/><G86/><REACH who="3" ten="250,250,250,240" step="2"/><T64/><D117/><U76/><E75/><V7/><F129/><W100/><G100/><T104/><D104/><U99/><E99/><V48/><F108/><N who="0" m="41546" /><D66/><U106/><E106/><V112/><F112/><W113/><G113/><T98/><D97/><U71/><E103/><V56/><F56/><W28/><G28/><AGARI ba="0,1" hai="22,25,28,52,53,57,60,64,90,92,98" m="41546" machi="28" ten="30,11600,0" yaku="14,1,10,1,52,1,54,1" doraHai="84" who="0" fromWho="3" sc="250,126,250,0,250,0,240,-116" /><INIT seed="0,1,0,5,5,59" ten="376,250,250,124" oya="0" hai0="79,92,120,60,48,86,25,106,1,46,89,2,19" hai1="81,33,134,67,16,119,22,28,78,115,131,12,77" hai2="97,29,49,7,47,3,112,109,102,76,30,26,96" hai3="114,122,35,70,43,0,63,34,10,36,52,113,15"/><T104/><D120/><U128/><E119/><V27/><F112/><W80/><G122/><T24/><D24/><N who="1" m="18567" /><E115/><V54/><F109/><W75/><G114/><T38/><D38/><U62/><E81/><V74/><F74/><W53/><G15/><T58/><D79/><U99/><E99/><V124/><F124/><W6/><G53/><T87/><D87/><U17/><E17/><V8/><F76/><N who="3" m="44063" /><G52/><T68/><D68/><N who="1" m="42103" /><E134/><V20/><REACH who="2" step="1"/><F102/><REACH who="2" ten="376,250,240,124" step="2"/><W85/><G113/><T132/><D132/><U91/><E91/><V129/><F129/><AGARI ba="1,1" hai="12,16,22,77,78,128,129,131" m="42103,18567" machi="129" ten="30,3900,0" yaku="19,1,52,1,54,1" doraHai="59" who="1" fromWho="2" sc="376,0,250,52,240,-42,124,0" /><INIT seed="1,0,0,5,3,98" ten="376,302,198,124" oya="1" hai0="5,49,86,111,87,92,12,2,32,33,74,121,76" hai1="128,79,8,117,84,124,3,65,77,112,59,83,45" hai2="119,46,39,96,67,41,52,7,58,55,122,70,85" hai3="97,80,100,95,19,0,43,56,135,63,57,93,105"/><U134/><E112/><V69/><F7/><W13/><G0/><T131/><D2/><U42/><E117/><V16/><F119/><W94/><G135/><T6/><D92/><U21/><E134/><V4/><F4/><W34/><G34/><T118/><D12/><U75/><E128/><V129/><F85/><W62/><G43/><T40/><D40/><U116/><E124/><V101/><F129/><W91/><G80/><T44/><D49/><U24/><E3/><V64/><F122/><W9/><G91/><T88/><D76/><U106/><E106/><V113/><F113/><W51/><G51/><T26/><D26/><U73/><E8/><V123/><F123/><W114/><G114/><T107/><D107/><U126/><E126/><V82/><F82/><W99/><REACH who="3" step="1"/><G97/><REACH who="3" ten="376,302,198,114" step="2"/><T78/><D33/><U68/><E83/><V15/><F96/><W35/><G35/><T30/><D32/><U22/><E42/><V23/><F41/><W66/><G66/><T54/><D118/><U72/><E65/><V71/><F67/><W132/><G132/><T109/><D121/><U61/><E116/><V20/><F64/><W103/><G103/><T133/><D131/><U37/><E79/><V29/><F69/><W108/><G108/><T130/><D78/><U90/><E77/><V1/><F70/><W11/><G11/><T38/><D111/><U125/><E90/><V50/><F101/><W25/><G25/><T60/><D109/><U89/><E68/><V27/><F71/><W36/><G36/><T48/><D133/><U10/><E24/><V28/><F27/><RYUUKYOKU ba="0,1" sc="376,-10,302,-10,198,-10,114,30" hai3="9,13,19,56,57,62,63,93,94,95,99,100,105" /><INIT seed="2,1,1,4,1,96" ten="366,292,188,144" oya="2" hai0="87,106,109,120,65,70,14,102,6,8,9,111,17" hai1="51,11,88,24,23,103,62,67,55,85,26,127,5" hai2="133,53,117,118,45,126,83,42,119,29,3,58,21" hai3="107,47,81,1,27,41,132,49,76,80,72,59,46"/><V89/><F3/><W37/><G132/><T104/><D120/><U78/><E127/><V10/><F133/><W108/><G108/><N who="0" m="41547" /><D102/><U13/><E78/><V91/><F126/><W19/><G107/><T39/><D39/><U68/><E103/><V73/><F10/><W113/><G113/><T16/><D17/><U52/><E23/><V77/><F21/><W75/><G1/><N who="0" m="79" /><D87/><U35/><E35/><V30/><F30/><W134/><G134/><T71/><D65/><U66/><E55/><V129/><F29/><W92/><G92/><T0/><D0/><U100/><E100/><V33/><F33/><W122/><G122/><T31/><D31/><U50/><E50/><V48/><REACH who="2" step="1"/><F129/><REACH who="2" ten="366,292,178,144" step="2"/><W2/><G2/><T105/><AGARI ba="1,2" hai="9,14,16,70,71,104,105,106" m="79,41547" machi="105" ten="40,2700,0" yaku="14,1,54,1" doraHai="96" who="0" fromWho="0" sc="366,50,292,-8,178,-14,144,-8" /><INIT seed="3,0,0,3,3,98" ten="416,284,164,136" oya="3" hai0="104,23,44,32,41,73,45,15,69,84,120,87,18" hai1="20,12,42,51,103,60,121,70,97,66,62,76,74" hai2="8,131,115,11,36,118,71,16,40,7,132,65,27" hai3="26,122,86,33,13,95,75,4,80,135,124,101,83"/><W64/><G122/><T85/><D120/><U53/><E42/><V96/><F115/><W2/><G2/><T125/><D73/><U127/><E121/><V58/><F118/><W130/><G75/><T34/><D104/><U82/><E62/><N who="2" m="38103" /><F36/><W109/><G64/><T19/><D69/><U37/><E37/><V57/><F71/><W90/><G135/><T119/><D119/><U39/><E39/><V113/><F113/><W49/><G130/><T0/><D0/><U93/><E127/><V52/><F131/><W24/><G124/><T43/><D125/><U129/><E129/><V89/><F132/><W35/><G109/><T17/><D23/><U47/><E20/><N who="2" m="13703" /><F40/><N who="0" m="15434" /><D15/><U25/><E12/><V105/><F105/><W91/><G33/><AGARI ba="0,0" hai="17,18,19,32,33,34,44,45,84,85,87" m="15434" machi="33" ten="40,2600,0" yaku="28,2" doraHai="98" who="0" fromWho="3" sc="416,26,284,0,164,0,136,-26" owari="442,54.2,284,8.4,164,-23.6,110,-39.0" /></mjloggm>