<mjloggm ver="2.3"><GO type="225" lobby="0"/><UN n0="%E3%81%B1%E3%83%BC%E3%81%9B%E3%82%93%E3%81%A8%E4%BE%8D" n1="%E3%83%A1%E3%82%AC%E3%83%87%E3%82%B8" n2="%E7%89%B9%E6%9D%B1%E3%81%AF%E4%B8%96%E7%95%8C%E3%82%92%E6%95%91%E3%81%86" n3="%6D%75%75%6D%75%72%61" dan="18,16,16,17" rate="2225.53,2117.24,2126.77,2217.03" sx="M,F,M,F"/><TAIKYOKU oya="0"/><INIT seed="0,0,0,3,0,100" ten="250,250,250,250" oya="0" hai0="63,124,59,45,9,49,119,2,73,130,105,40,51" hai1="50,99,54,14,126,24,4,87,26,91,29,82,127" hai2="112,83,39,133,107,115,69,17,78,96,129,8,103" hai3="7,38,21,79,46,71,132,109,36,114,42,113,85"/><T67/><D119/><U131/><E131/><V95/><F39/><W121/><G109/><T15/><D130/><U20/><E99/><N who="2" m="61951" /><F17/><W12/><G132/><T76/><D124/><N who="1" m="47659" /><E26/><V10/><F8/><W52/><G71/><T56/><D2/><U5/><E14/><V75/><F10/><W66/><G66/><T90/><D105/><U37/><E37/><V28/><F28/><W62/><G36/><T122/><D122/><U128/><E128/><V19/><F19/><W23/><G121/><T25/><D73/><U125/><N who="1" m="47667" /><U81/><DORA hai="27" /><E81/><N who="2" m="45279" /><F69/><W68/><G7/><T22/><D76/><U135/><E135/><V84/><F129/><W86/><G68/><T30/><D90/><U34/><E20/><V116/><F116/><W77/><G21/><T72/><D72/><U43/><E43/><V33/><F33/><W93/><G12/><T35/><D35/><U111/><E111/><V6/><F6/><W64/><G23/><T74/><D74/><U80/><E80/><V0/><F0/><W3/><G3/><T101/><D101/><U58/><AGARI ba="0,0" hai="4,5,24,29,34,50,54,58,82,87,91" m="47667" machi="58" ten="40,2700,0" yaku="18,1,52,1" doraHai="100,27" who="1" fromWho="1" sc="250,-13,250,27,250,-7,250,-7" /><INIT seed="1,0,0,5,1,92" ten="237,277,243,243" oya="1" hai0="79,20,101,0,54,77,59,118,96,51,80,71,11" hai1="100,26,18,112,119,135,49,34,31,87,125,60,120" hai2="127,66,1,81,46,14,68,75,23,72,70,97,110" hai3="78,121,85,40,4,64,91,21,88,108,32,129,83"/><U39/><E39/><V93/><F1/><W69/><G121/><T55/><D118/><U86/><E119/><V45/><F110/><W99/><G32/><T38/><D71/><U29/><E120/><V67/><F14/><W89/><G108/><T30/><D38/><U10/><E112/><V133/><F23/><W131/><G40/><T6/><D80/><U16/><E31/><V36/><F36/><W47/><G47/><T8/><D8/><U9/><E135/><V104/><F104/><W17/><G4/><T109/><D55/><U28/><E60/><V103/><F127/><W134/><G134/><T22/><D109/><U2/><E100/><V116/><F116/><W106/><G64/><T107/><REACH who="0" step="1"/><D22/><REACH who="0" ten="227,277,243,243" step="2"/><U58/><E34/><V128/><F133/><W95/><G69/><T63/><D63/><U115/><E115/><V24/><F81/><W50/><G50/><T124/><D124/><U15/><E49/><V27/><F70/><W56/><G106/><T44/><D44/><U62/><E62/><N who="2" m="40023" /><F67/><W12/><REACH who="3" step="1"/><G56/><REACH who="3" ten="227,277,243,233" step="2"/><T43/><D43/><U19/><E125/><V102/><F45/><W37/><G37/><T48/><D48/><U94/><E58/><V41/><F46/><W53/><G53/><T25/><AGARI ba="0,2" hai="0,6,11,20,25,30,51,54,59,77,79,96,101,107" machi="25" ten="30,4000,0" yaku="1,1,0,1,52,1,53,0" doraHai="92" doraHaiUra="90" who="0" fromWho="0" sc="227,60,277,-20,243,-10,233,-10" /><INIT seed="2,0,0,2,1,61" ten="287,257,233,223" oya="2" hai0="122,108,88,99,55,128,31,93,112,28,38,113,89" hai1="20,105,101,82,49,0,134,103,15,59,84,48,13" hai2="3,19,133,85,66,1,107,5,116,60,11,126,104" hai3="17,67,83,39,12,37,7,102,90,86,77,56,91"/><V111/><F116/><W127/><G127/><T10/><D122/><U62/><E0/><V106/><F126/><W50/><G102/><N who="1" m="38922" /><E134/><V24/><F133/><W2/><G2/><T26/><D38/><U32/><E32/><V21/><F3/><W42/><G7/><T54/><D108/><U69/><E69/><V73/><F73/><W63/><G39/><T100/><D128/><U125/><E105/><V94/><F111/><W14/><G37/><T87/><D89/><N who="3" m="33801" /><G17/><T119/><D10/><U115/><E115/><V76/><F94/><W114/><G114/><T118/><D112/><U80/><E20/><V132/><F132/><W68/><G68/><T110/><D113/><U71/><E71/><V121/><F121/><W18/><G18/><T45/><D31/><U25/><E25/><V23/><F23/><W30/><G30/><T9/><D9/><U70/><E70/><V79/><REACH who="2" step="1"/><F85/><REACH who="2" ten="287,257,223,223" step="2"/><W95/><G95/><T129/><D110/><U34/><E34/><V130/><F130/><W47/><AGARI ba="0,1" hai="12,14,42,47,50,56,63,67,77,83,86" m="33801" machi="47" ten="30,2000,0" yaku="8,1,52,1" doraHai="61" who="3" fromWho="3" sc="287,-5,257,-5,223,-10,223,30" /><INIT seed="3,0,0,5,4,120" ten="282,252,213,253" oya="3" hai0="55,135,106,25,32,46,96,95,78,40,125,133,82" hai1="16,92,76,36,77,110,81,100,67,112,108,66,23" hai2="65,35,128,121,68,51,7,53,123,12,116,62,26" hai3="88,99,72,91,20,107,4,129,22,93,109,63,130"/><W118/><G118/><T27/><D106/><U69/><E36/><V111/><F116/><W104/><G72/><T17/><D55/><U19/><E112/><V41/><F41/><W114/><G114/><T115/><D115/><U90/><E100/><V24/><F128/><N who="3" m="49259" /><G4/><T13/><D125/><U30/><E30/><V102/><F102/><W34/><G34/><T103/><D32/><U5/><E5/><V80/><F80/><W94/><G63/><T119/><D119/><U56/><E56/><V75/><F75/><W58/><G58/><T8/><D135/><U15/><E19/><V87/><F87/><N who="3" m="52383" /><G109/><N who="1" m="42090" /><E69/><V73/><F111/><W97/><G97/><T124/><D124/><U29/><E29/><V1/><F35/><W60/><G60/><T45/><D45/><U10/><E81/><V132/><F1/><W33/><G33/><T42/><D46/><U52/><E52/><V105/><F105/><AGARI ba="0,0" hai="20,22,91,94,99,104,105,107" m="52383,49259" machi="105" ten="30,2900,0" yaku="19,1,54,1" doraHai="120" who="3" fromWho="2" sc="282,0,252,0,213,-29,253,29" /><INIT seed="3,1,0,0,0,63" ten="282,252,184,282" oya="3" hai0="68,53,3,38,83,56,55,111,126,16,21,73,109" hai1="74,69,48,33,59,51,29,62,116,129,31,9,91" hai2="108,7,52,25,70,118,28,105,23,128,22,49,61" hai3="32,113,39,114,65,35,107,4,75,100,18,117,76"/><W19/><G39/><T85/><D68/><U8/><E74/><V15/><F118/><W127/><G75/><T30/><D38/><U92/><E129/><V11/><F108/><N who="0" m="41546" /><D73/><U101/><E101/><V78/><F128/><W96/><G76/><T2/><D30/><N who="1" m="11275" /><E69/><V86/><F105/><W102/><G4/><T46/><D46/><U6/><E33/><V66/><F86/><W26/><G127/><T134/><D134/><U132/><E132/><V133/><F133/><W120/><G96/><T88/><D126/><U27/><E27/><V82/><F82/><W124/><G124/><T99/><D99/><N who="1" m="57759" /><E116/><V125/><F78/><W130/><G26/><N who="0" m="14631" /><D55/><N who="1" m="34175" /><E6/><V87/><F87/><W34/><G34/><T45/><D45/><U90/><E90/><V93/><F93/><W110/><G117/><T54/><D54/><U60/><E60/><AGARI ba="1,0" hai="2,3,53,56,60,83,85,88" m="14631,41546" machi="60" ten="30,3900,0" yaku="14,1,54,2" doraHai="63" who="0" fromWho="1" sc="282,42,252,-42,184,0,282,0" owari="324,42.4,210,-19.0,184,-31.6,282,8.2" /></mjloggm>