<mjloggm ver="2.3"><GO type="225" lobby="0"/><UN n0="%73%75%7A%75%6D%65%33" n1="%41%72%69%61" n2="%E5%8F%AF%E5%85%90%E9%82%A3%E7%94%B1%E5%A4%9A" n3="%E7%AD%89%E3%80%85%E5%8A%9B%E5%8A%87%E5%A0%B4" dan="18,16,16,16" rate="2278.67,2103.10,2190.22,2080.37" sx="M,F,F,M"/><TAIKYOKU oya="0"/><INIT seed="0,0,0,1,3,47" ten="250,250,250,250" oya="0" hai0="41,70,6,53,69,12,115,7,20,79,84,48,132" hai1="112,50,59,76,75,133,81,121,94,97,62,4,67" hai2="31,52,45,101,100,98,66,90,80,122,39,124,119" hai3="95,30,127,64,72,128,93,16,91,113,58,60,27"/><T37/><D115/><U92/><E121/><V18/><F122/><W106/><G106/><T83/><D132/><U2/><E133/><V26/><F124/><W3/><G113/><T105/><D105/><U42/><E112/><V49/><F119/><W43/><G72/><T8/><D6/><U130/><E130/><V126/><F126/><W99/><G127/><T102/><D102/><U110/><E110/><V28/><F39/><W56/><G3/><T55/><D37/><U29/><E29/><N who="2" m="11339" /><F66/><W1/><G1/><T34/><D34/><U44/><REACH who="1" step="1"/><E97/><REACH who="1" ten="250,240,250,250" step="2"/><V73/><F73/><W86/><G128/><T54/><D20/><U87/><E87/><N who="2" m="50535" /><F98/><W74/><G74/><T77/><D77/><U135/><E135/><V104/><F104/><W108/><G108/><T13/><D13/><U131/><E131/><V134/><F134/><W107/><G107/><T24/><D24/><U82/><E82/><V96/><F96/><W46/><G99/><T120/><D120/><U125/><E125/><V17/><F26/><W109/><G27/><T68/><REACH who="0" step="1"/><D41/><REACH who="0" ten="240,240,250,250" step="2"/><U61/><E61/><V85/><F85/><W32/><G43/><T0/><D0/><U129/><E129/><V71/><F101/><W36/><G86/><T116/><D116/><U114/><E114/><V11/><F100/><W19/><G60/><T38/><D38/><U118/><E118/><V10/><F10/><AGARI ba="0,2" hai="2,4,10,42,44,50,59,62,67,75,76,81,92,94" machi="10" ten="40,5200,0" yaku="1,1,52,1,53,1" doraHai="47" doraHaiUra="35" who="1" fromWho="2" sc="240,0,240,72,250,-52,250,0" /><INIT seed="1,0,0,3,1,3" ten="240,312,198,250" oya="1" hai0="2,85,46,81,34,40,107,105,48,1,93,16,73" hai1="82,60,52,4,63,39,77,6,88,8,80,132,62" hai2="38,112,87,118,111,26,121,75,9,17,130,133,116" hai3="76,84,134,101,0,103,44,18,71,20,25,54,59"/><U102/><E39/><V67/><F75/><W98/><G71/><T110/><D34/><U27/><E132/><V115/><F38/><W14/><G0/><T122/><D110/><U24/><E102/><V28/><F67/><W99/><G134/><T69/><D69/><U120/><E120/><V92/><F92/><W7/><G44/><T47/><D122/><U127/><E127/><V15/><F87/><W37/><G37/><T53/><D73/><U117/><E117/><N who="2" m="45163" /><F133/><W19/><G103/><T23/><D93/><U90/><E52/><V106/><F106/><W128/><G128/><T12/><D107/><U100/><E100/><V113/><F121/><W74/><G74/><T114/><D114/><N who="2" m="29186" /><V129/><DORA hai="31" /><F111/><W10/><G101/><T30/><D30/><U33/><E33/><AGARI ba="0,0" hai="9,15,17,26,28,33,129,130" m="29186,45163" machi="33" ten="50,8000,1" yaku="11,1,34,2,52,1" doraHai="3,31" who="2" fromWho="1" sc="240,0,312,-80,198,80,250,0" /><INIT seed="2,0,0,3,1,109" ten="240,232,278,250" oya="2" hai0="133,93,39,129,16,3,117,108,76,61,23,48,44" hai1="124,31,131,127,126,64,120,121,111,7,63,62,56" hai2="34,36,55,46,103,37,89,45,101,42,81,0,134" hai3="21,58,91,87,96,97,70,19,122,77,100,60,15"/><V68/><F34/><W72/><G122/><N who="1" m="47210" /><E31/><V78/><F134/><W40/><G70/><T33/><D133/><U22/><E7/><V11/><F68/><W92/><G72/><T12/><D108/><U88/><E22/><V73/><F89/><W24/><G77/><T95/><D33/><U26/><E111/><V47/><F47/><W41/><G15/><T20/><D3/><U74/><E26/><V107/><F107/><W132/><G132/><T51/><D117/><U29/><E29/><V43/><F55/><W6/><G6/><AGARI ba="0,0" hai="0,6,11,36,37,42,43,45,46,73,78,81,101,103" machi="6" ten="40,7700,0" yaku="9,1,25,2" doraHai="109" who="2" fromWho="3" sc="240,0,232,0,278,77,250,-77" /><INIT seed="2,1,0,0,1,20" ten="240,232,355,173" oya="2" hai0="85,118,80,95,64,6,135,121,83,117,16,130,111" hai1="5,23,103,2,41,27,100,12,71,106,36,51,74" hai2="98,53,120,35,14,134,55,9,110,105,18,127,119" hai3="69,45,54,68,108,122,97,43,21,73,94,78,123"/><V25/><F119/><N who="0" m="45578" /><D121/><U50/><E71/><V17/><F120/><W113/><G123/><T26/><D111/><U72/><E2/><V62/><F134/><W31/><G122/><T57/><D135/><U7/><E36/><V29/><F127/><W1/><G1/><T10/><D130/><U37/><E37/><V52/><F110/><W77/><G108/><T28/><D95/><U76/><E76/><V46/><F18/><W115/><G54/><T82/><D57/><U99/><E103/><V126/><F126/><W11/><G11/><T79/><D64/><U30/><E5/><V32/><F32/><W40/><G69/><T56/><D56/><U70/><E70/><V15/><F15/><W48/><G68/><T8/><D8/><U47/><E7/><V104/><F62/><W125/><G43/><T131/><D131/><U87/><E87/><V22/><F35/><W60/><G60/><T109/><D109/><U89/><E12/><V24/><F46/><W58/><G58/><T75/><D75/><U91/><REACH who="1" step="1"/><E50/><REACH who="1" ten="240,222,355,173" step="2"/><V96/><F105/><W39/><G39/><T101/><D101/><U66/><E66/><V61/><F104/><W63/><G125/><T0/><D85/><U34/><E34/><V84/><F84/><W42/><G63/><T133/><D79/><U107/><E107/><V93/><F61/><W114/><G73/><AGARI ba="1,1" hai="23,27,30,41,47,51,72,73,74,89,91,99,100,106" machi="73" ten="40,2600,0" yaku="1,1,52,1,53,0" doraHai="20" doraHaiUra="132" who="1" fromWho="3" sc="240,0,222,39,355,0,173,-29" /><INIT seed="3,0,0,3,0,122" ten="240,261,355,144" oya="3" hai0="74,79,123,88,81,33,7,56,109,77,8,73,118" hai1="125,106,114,103,26,121,22,100,42,64,101,5,15" hai2="34,3,68,58,130,20,59,120,111,96,46,99,30" hai3="104,57,78,89,128,132,24,12,86,95,32,2,107"/><W51/><G2/><T14/><D123/><U131/><E114/><V117/><F120/><W75/><G132/><T83/><D118/><U48/><E121/><V21/><F3/><W27/><G128/><T60/><D33/><U90/><E106/><V36/><F68/><W129/><G129/><T13/><D109/><U87/><E131/><V133/><F117/><W37/><G37/><T31/><D31/><U39/><E39/><V29/><F34/><W72/><G107/><T91/><D14/><U76/><E64/><AGARI ba="0,0" hai="7,8,13,56,60,64,73,74,77,79,81,83,88,91" machi="64" ten="30,3900,0" yaku="7,1,9,1,54,1" doraHai="122" who="0" fromWho="1" sc="240,39,261,-39,355,0,144,0" owari="279,7.9,222,-17.8,355,45.5,144,-35.6" /></mjloggm>