<mjloggm ver="2.3"><GO type="225" lobby="0"/><UN n0="%E7%89%B9%E6%9D%B1%E3%81%AF%E4%B8%96%E7%95%8C%E3%82%92%E6%95%91%E3%81%86" n1="%E3%82%86%E3%82%88%E3%81%BD%E3%83%BC" n2="%E5%A4%9C%E5%85%89%E5%A4%A9%E6%A5%BC" n3="%E5%B8%86%E7%AB%8B%E5%A4%8F%E8%A1%A3" dan="16,16,16,16" rate="2155.02,2098.11,2105.67,2169.18" sx="M,M,M,M"/><TAIKYOKU oya="0"/><INIT seed="0,0,0,3,2,83" ten="250,250,250,250" oya="0" hai0="25,86,50,92,87,4,110,105,51,98,3,71,16" hai1="131,107,85,109,75,15,108,82,32,89,42,52,106" hai2="63,26,21,43,96,62,54,57,30,69,1,79,76" hai3="47,58,74,120,114,0,78,11,6,128,56,61,12"/><T8/><D71/><U104/><E131/><V10/><F43/><W111/><G114/><T95/><D105/><U80/><E32/><V112/><F112/><W13/><G128/><T90/><D110/><N who="1" m="42603" /><E42/><V72/><F72/><W7/><G111/><T123/><D123/><U100/><E15/><V126/><F126/><W134/><G134/><T46/><D92/><U22/><E22/><V38/><F38/><W84/><G74/><T67/><D67/><U129/><E52/><V17/><F69/><W68/><G120/><T19/><D51/><U65/><E65/><V135/><F63/><W99/><G99/><T115/><D115/><U66/><E66/><V91/><F135/><W130/><G130/><T5/><D5/><U24/><E24/><V97/><F1/><W122/><G122/><T70/><D70/><U40/><E40/><V117/><F97/><W88/><G68/><T36/><D36/><U9/><E9/><V102/><F10/><N who="3" m="4183" /><G0/><T27/><D27/><U41/><E41/><V33/><F33/><W118/><G118/><T121/><D121/><U101/><E129/><V28/><F117/><W55/><G78/><AGARI ba="0,0" hai="75,78,80,82,85,89,100,101,104,106,107" m="42603" machi="78" ten="40,8000,1" yaku="14,1,34,2,52,1" doraHai="83" who="1" fromWho="3" sc="250,0,250,80,250,0,250,-80" /><INIT seed="1,0,0,5,1,89" ten="250,330,250,170" oya="1" hai0="30,5,119,111,66,21,92,2,75,70,98,18,3" hai1="9,43,117,135,113,126,53,62,17,58,36,129,44" hai2="83,35,50,103,101,24,28,38,41,23,88,114,61" hai3="115,42,63,49,78,104,121,55,123,132,0,31,10"/><U26/><E113/><V27/><F114/><W79/><G104/><T39/><D119/><U13/><E117/><V60/><F38/><W7/><G115/><T125/><D39/><U87/><E126/><V76/><F76/><W74/><G132/><T68/><D75/><U127/><E127/><V100/><F41/><W11/><G31/><T110/><D30/><U29/><E135/><V130/><F50/><W20/><G20/><T46/><D46/><U106/><E106/><V57/><F130/><W124/><G124/><T59/><D59/><U94/><E129/><V86/><REACH who="2" step="1"/><F57/><REACH who="2" ten="250,330,240,170" step="2"/><W33/><G79/><T12/><D125/><U47/><E43/><V131/><F131/><W133/><G78/><T122/><D68/><U14/><E36/><V97/><F97/><W85/><G133/><T8/><D70/><U15/><E47/><V64/><F64/><W120/><G42/><T25/><D66/><U99/><E44/><V72/><F72/><W73/><G73/><T69/><D69/><U19/><E87/><V77/><F77/><W134/><G74/><T95/><D98/><U84/><E84/><V48/><F48/><W71/><G134/><T52/><D52/><U128/><E128/><V54/><F54/><W22/><G85/><T90/><D110/><U6/><E99/><V96/><F96/><W40/><G40/><T108/><D108/><U112/><E112/><V105/><F105/><W102/><G71/><T107/><D107/><U51/><E58/><V45/><F45/><N who="3" m="28079" /><G123/><T93/><D122/><U56/><E53/><V116/><F116/><W82/><G121/><RYUUKYOKU ba="0,1" sc="250,-10,330,-10,240,30,170,-10" hai2="23,24,27,28,35,60,61,83,86,88,100,101,103" /><INIT seed="2,1,1,2,5,87" ten="240,320,270,160" oya="2" hai0="75,19,120,122,22,46,116,57,76,5,109,31,29" hai1="62,131,70,64,85,93,106,82,47,90,115,97,4" hai2="107,72,103,95,61,35,98,42,68,55,33,67,30" hai3="60,50,100,15,91,20,133,125,32,14,36,112,58"/><V12/><F72/><W44/><G32/><T69/><D69/><U21/><E115/><V6/><F42/><W23/><G36/><T26/><D109/><U127/><E127/><V92/><F35/><W105/><G112/><T39/><D116/><U38/><E131/><V108/><F108/><W101/><G133/><T110/><D110/><U129/><E129/><V81/><F81/><W48/><G125/><T132/><D132/><U71/><E106/><V80/><F80/><W134/><G134/><T56/><D5/><U45/><E38/><V123/><F123/><W18/><G105/><T28/><D76/><U111/><E71/><V73/><F73/><W128/><G128/><T16/><D75/><U0/><E21/><V54/><F12/><W119/><G119/><T8/><D122/><U114/><E114/><V52/><F6/><W17/><G91/><T102/><D102/><U74/><E74/><V89/><F89/><W59/><REACH who="3" step="1"/><G44/><REACH who="3" ten="240,320,270,150" step="2"/><T2/><D46/><U77/><E111/><V9/><F9/><W10/><G10/><T37/><D37/><U117/><E117/><V113/><F113/><W53/><G53/><T51/><D39/><U25/><E47/><V94/><F33/><W99/><G99/><T11/><D120/><U13/><E45/><V40/><F40/><W88/><G88/><T135/><D135/><U24/><E97/><V63/><F63/><AGARI ba="1,2" hai="14,15,17,18,20,23,48,50,58,59,60,63,100,101" machi="63" ten="25,6400,0" yaku="1,1,22,2,8,1,53,0" doraHai="87" doraHaiUra="104" who="3" fromWho="2" sc="240,0,320,0,270,-67,150,87" /><INIT seed="3,0,0,2,1,35" ten="240,320,203,237" oya="3" hai0="71,48,125,80,17,14,72,27,118,31,95,61,30" hai1="85,7,114,29,36,121,26,23,33,89,43,60,5" hai2="3,69,16,2,104,113,110,116,101,98,15,12,107" hai3="25,77,63,128,59,39,42,37,22,65,120,45,124"/><W112/><G120/><T127/><D118/><U132/><E114/><V91/><F113/><W82/><G112/><T90/><D48/><U108/><E36/><V81/><F116/><W44/><G124/><N who="0" m="47691" /><D27/><U88/><E43/><V111/><F69/><W117/><G128/><T83/><D61/><U1/><E1/><N who="2" m="11" /><F107/><W123/><G123/><T102/><D102/><U92/><E108/><N who="2" m="41515" /><F16/><W119/><G45/><T41/><D71/><U9/><E7/><V103/><F103/><W134/><G134/><T21/><D41/><U87/><E5/><V100/><F100/><W47/><G47/><T18/><D18/><U131/><E132/><V0/><N who="2" m="19" /><V106/><DORA hai="126" /><F106/><W28/><G39/><T75/><D31/><U99/><E29/><V84/><AGARI ba="0,0" hai="12,15,81,84,91,98,101,104" m="41515,19" machi="84" ten="50,8000,1" yaku="14,1,52,4" doraHai="35,126" who="2" fromWho="2" sc="240,-20,320,-20,203,80,237,-40" owari="220,-18.0,300,40.0,283,8.3,197,-30.3" /></mjloggm>