<mjloggm ver="2.3"><GO type="225" lobby="0"/><UN n0="%E3%81%BF%E3%81%BF%E3%81%9A" n1="%E3%83%A9%E3%83%BC%E3%83%A1%E3%83%B3%E4%BA%94%E9%83%8E" n2="%E6%80%AA%E3%81%97%E3%81%99%E3%81%8E%E3%82%8B%E3%83%81%E3%83%BC" n3="%E9%89%A2%E5%B7%BB%E3%82%AC%E3%83%96" dan="17,16,16,16" rate="2177.06,2071.69,2130.55,2133.88" sx="M,M,M,M"/><TAIKYOKU oya="0"/><INIT seed="0,0,0,4,0,64" ten="250,250,250,250" oya="0" hai0="42,128,108,81,10,132,77,16,65,41,113,90,56" hai1="51,70,15,39,11,32,129,60,104,38,7,57,69" hai2="76,110,115,124,96,24,122,40,102,27,1,0,43" hai3="105,100,80,83,52,23,86,46,31,114,121,4,21"/><T127/><D113/><U126/><E104/><V116/><F115/><W9/><G114/><T49/><D127/><U135/><E32/><V47/><F122/><W71/><G71/><T14/><D132/><U109/><E126/><V68/><F124/><W119/><G119/><T91/><D128/><U45/><E135/><V118/><F68/><W101/><G83/><T125/><D108/><U87/><E129/><V103/><F76/><W134/><G105/><T117/><D117/><N who="2" m="45162" /><F110/><W54/><G54/><N who="0" m="31823" /><D65/><U28/><E28/><V75/><F75/><W33/><G33/><T6/><D125/><U133/><E133/><V95/><F102/><W58/><G46/><T3/><D3/><N who="2" m="1098" /><F43/><N who="0" m="16394" /><D6/><U85/><E109/><V62/><F62/><W93/><G134/><T13/><D13/><U8/><E38/><AGARI ba="0,0" hai="24,27,38,40,47,95,96,103" m="1098,45162" machi="38" ten="30,1000,0" yaku="12,1" doraHai="64" who="2" fromWho="1" sc="250,0,250,-10,250,10,250,0" /><INIT seed="1,0,0,3,2,108" ten="250,240,260,250" oya="1" hai0="0,36,90,71,58,9,18,37,81,100,59,122,134" hai1="67,11,65,42,109,54,84,110,97,14,91,30,47" hai2="79,50,127,51,105,13,38,125,3,126,53,46,101" hai3="80,135,94,57,4,19,49,45,131,21,72,2,103"/><U118/><E118/><V43/><F3/><W133/><G2/><T75/><D71/><U41/><E54/><V104/><F79/><N who="3" m="44135" /><G4/><T29/><D29/><U83/><E30/><V35/><F35/><W68/><G68/><T25/><D100/><U129/><E129/><V28/><F28/><W99/><G57/><T32/><D32/><U77/><E77/><V115/><F115/><W111/><G131/><T74/><D25/><U114/><E97/><N who="2" m="61487" /><F105/><W40/><G111/><N who="1" m="42506" /><E114/><V73/><F73/><W6/><G6/><T63/><D134/><N who="3" m="51209" /><G21/><T92/><D75/><U31/><E31/><V33/><F33/><W1/><G1/><T27/><D0/><U85/><E84/><V87/><F87/><W117/><G19/><T44/><D18/><N who="1" m="8543" /><E41/><V7/><F53/><W123/><G123/><T55/><D122/><U82/><E82/><V39/><F39/><AGARI ba="0,0" hai="39,42,47,65,67,83,85,91" m="8543,42506" machi="39" ten="30,2900,0" yaku="14,1,10,1" doraHai="108" who="1" fromWho="2" sc="250,0,240,29,260,-29,250,0" /><INIT seed="1,1,0,4,0,52" ten="250,269,231,250" oya="1" hai0="47,23,124,13,14,96,3,30,104,120,92,17,40" hai1="61,27,44,28,21,82,9,57,93,132,69,88,22" hai2="91,48,43,66,50,42,95,102,18,79,37,123,4" hai3="56,36,29,49,74,46,73,111,133,109,19,31,0"/><U51/><E69/><V116/><F123/><W2/><G36/><T121/><D3/><N who="3" m="1065" /><G19/><T134/><D104/><U131/><E132/><V108/><F116/><W6/><G6/><T41/><D134/><U64/><E131/><V15/><F108/><N who="3" m="41547" /><G133/><T32/><D124/><U90/><E9/><V129/><F129/><W34/><G34/><T11/><D32/><U25/><E82/><V20/><F37/><W99/><G99/><T89/><D30/><N who="3" m="11273" /><G56/><T101/><D101/><U1/><E1/><V118/><F102/><W54/><AGARI ba="1,0" hai="46,49,54,73,74" m="11273,41547,1065" machi="54" ten="40,1500,0" yaku="14,1" doraHai="52" who="3" fromWho="3" sc="250,-5,269,-8,231,-5,250,18" /><INIT seed="2,0,0,4,0,2" ten="245,261,226,268" oya="2" hai0="55,98,12,30,90,15,78,4,77,33,127,132,124" hai1="23,97,28,62,17,85,111,107,46,32,24,64,128" hai2="14,134,37,54,120,75,82,18,95,108,104,126,8" hai3="117,101,27,74,22,92,99,130,113,57,88,72,133"/><V47/><F104/><W93/><G130/><T109/><D109/><U122/><E111/><V6/><F108/><W21/><G133/><T44/><D132/><U76/><E128/><V52/><F134/><W43/><G117/><T103/><D90/><U42/><E122/><V102/><F126/><N who="0" m="48170" /><D30/><U58/><E76/><N who="0" m="29289" /><D33/><U100/><E85/><V80/><F120/><W9/><G43/><T16/><D4/><U70/><E70/><V51/><F75/><W73/><G27/><T81/><D81/><N who="2" m="31338" /><F37/><W63/><G9/><N who="0" m="6159" /><D15/><U86/><E86/><V129/><F129/><W69/><G69/><T5/><D5/><U7/><E7/><V11/><F18/><W66/><REACH who="3" step="1"/><G113/><REACH who="3" ten="245,261,226,258" step="2"/><T96/><D103/><U53/><E100/><V36/><F11/><W35/><G35/><T68/><D68/><U1/><E32/><V45/><F36/><W87/><AGARI ba="0,1" hai="21,22,57,63,66,72,73,74,87,88,92,93,99,101" machi="87" ten="30,4000,0" yaku="1,1,0,1,54,1,53,0" doraHai="2" doraHaiUra="116" who="3" fromWho="3" sc="245,-10,261,-10,226,-20,258,50" /><INIT seed="3,0,0,3,4,101" ten="235,251,206,308" oya="3" hai0="112,65,53,68,105,98,10,39,36,134,131,94,102" hai1="108,18,120,28,40,90,46,97,48,104,61,106,95" hai2="79,67,127,9,81,15,55,42,16,72,85,59,82" hai3="26,3,70,115,51,32,87,107,86,75,4,121,11"/><W135/><G107/><T84/><D131/><U80/><E120/><V126/><F42/><W99/><G75/><T7/><D134/><U133/><E133/><V73/><F67/><W17/><G70/><T76/><D112/><U30/><E108/><V117/><F117/><W118/><G135/><T50/><D65/><U49/><E61/><V21/><F9/><W77/><G77/><T88/><D68/><U13/><E49/><V37/><F37/><W130/><G99/><T113/><D76/><U91/><E91/><V23/><F23/><W2/><G2/><T69/><D69/><U12/><E12/><V8/><F8/><W132/><G121/><T100/><D102/><U119/><E80/><V27/><F27/><W38/><G118/><T43/><D43/><U74/><E74/><V6/><F6/><W52/><G38/><T122/><D122/><U66/><E66/><V93/><F82/><W110/><G132/><T64/><D64/><U83/><E83/><V57/><F57/><W114/><G4/><T54/><D54/><U45/><E45/><V24/><F24/><W109/><G52/><T125/><D125/><N who="2" m="47626" /><F93/><W124/><G124/><T78/><D78/><U92/><E92/><V56/><F56/><W22/><G3/><N who="0" m="383" /><D113/><U116/><E116/><V71/><F71/><W34/><G114/><T31/><D31/><U41/><E41/><V60/><AGARI ba="0,0" hai="15,16,21,55,59,60,72,73,79,81,85" m="47626" machi="60" ten="30,2000,0" yaku="18,1,54,1" doraHai="101" who="2" fromWho="2" sc="235,-5,251,-5,206,20,308,-10" /><INIT seed="4,0,0,3,0,78" ten="230,246,226,298" oya="0" hai0="73,21,47,0,53,86,120,59,88,109,126,57,111" hai1="106,72,4,46,75,85,84,95,105,26,36,77,15" hai2="54,32,69,113,3,104,132,114,9,42,116,90,61" hai3="8,121,67,71,44,115,55,108,125,87,129,34,40"/><T18/><D120/><U27/><E4/><N who="2" m="1183" /><F132/><W56/><G108/><N who="0" m="41547" /><D73/><N who="1" m="28235" /><E15/><V29/><F116/><W12/><G34/><T45/><D0/><U91/><E27/><N who="2" m="18495" /><F54/><W93/><G115/><N who="2" m="44041" /><F90/><W5/><G55/><T35/><D126/><U58/><E26/><V30/><F30/><W17/><G17/><T63/><D59/><U2/><E58/><V117/><F117/><W16/><G16/><T52/><D53/><U24/><E24/><V39/><F104/><N who="1" m="40041" /><E46/><N who="2" m="23903" /><F61/><W68/><G44/><T94/><D35/><U50/><E50/><V96/><F96/><W123/><G56/><T19/><D19/><U1/><E36/><V76/><F76/><W107/><G40/><T82/><D94/><U6/><E6/><V80/><F80/><W119/><G107/><T83/><D82/><N who="1" m="47183" /><E1/><V92/><F92/><W110/><G93/><T10/><D10/><U100/><E2/><V133/><F133/><W65/><G8/><T60/><D63/><U124/><E124/><V23/><F23/><W33/><G125/><T41/><D41/><U102/><AGARI ba="0,0" hai="85,91,95,100,102" m="47183,40041,28235" machi="102" ten="40,12000,2" yaku="35,5,52,1" doraHai="78" who="1" fromWho="1" sc="230,-60,246,120,226,-30,298,-30" owari="170,-33.0,366,46.6,196,-20.4,268,6.8" /></mjloggm>