<mjloggm ver="2.3"><GO type="225" lobby="0"/><UN n0="%6D%75%75%73%61%6E%6D%75" n1="%E3%81%AB%E3%81%97%E3%81%A0%E3%81%8F%E3%82%93" n2="%E5%8D%A0%E3%81%84%E5%B8%AB%E8%A3%8F%E3%81%AA%E3%81%84%E3%81%97" n3="%E3%81%AA%E3%82%81%E3%81%93%E9%9B%80%E5%A3%AB" dan="17,16,17,16" rate="2130.49,2060.25,2189.59,2065.14" sx="F,M,M,M"/><TAIKYOKU oya="0"/><INIT seed="0,0,0,2,2,82" ten="250,250,250,250" oya="0" hai0="21,64,96,70,1,14,72,15,112,26,121,120,51" hai1="48,24,98,133,127,20,16,93,18,89,103,66,71" hai2="73,104,0,28,27,49,30,91,42,50,85,87,44" hai3="78,84,35,105,135,75,63,53,130,92,39,61,115"/><T32/><D112/><U38/><E38/><V22/><F73/><W100/><G39/><T3/><D32/><U108/><E108/><V117/><F104/><W90/><G35/><T11/><D72/><U6/><E133/><V125/><F125/><W81/><G115/><T45/><D70/><U25/><E127/><V77/><F0/><W54/><G135/><T95/><D64/><U40/><E6/><V52/><F117/><W57/><G130/><T5/><D14/><U29/><E71/><V123/><F123/><W86/><G105/><T111/><D111/><U131/><E66/><V8/><F8/><W47/><G100/><T106/><D106/><U58/><E131/><V62/><F62/><W36/><G36/><T33/><D33/><U23/><E29/><N who="2" m="11371" /><F91/><W80/><G47/><T74/><D74/><U94/><E58/><N who="2" m="33039" /><F77/><W55/><G63/><T17/><D121/><U129/><E129/><V37/><F37/><W118/><G118/><T69/><D69/><U12/><E12/><V31/><AGARI ba="0,0" hai="22,27,31,42,44,50,85,87" m="33039,11371" machi="31" ten="30,7900,0" yaku="8,1,52,2,54,1" doraHai="82" who="2" fromWho="2" sc="250,-39,250,-20,250,79,250,-20" /><INIT seed="1,0,0,4,5,133" ten="211,230,329,230" oya="1" hai0="93,70,36,55,111,69,107,24,63,114,82,56,8" hai1="101,19,66,32,71,42,60,89,43,34,103,106,98" hai2="0,1,10,90,109,75,100,48,41,35,110,117,95" hai3="4,14,33,25,84,53,73,68,87,121,67,31,91"/><U47/><E103/><V119/><F35/><W44/><G73/><T99/><D114/><U23/><E89/><V113/><F75/><W26/><G26/><T40/><D111/><N who="2" m="42506" /><F100/><W74/><G74/><T59/><D107/><U72/><E72/><V22/><F113/><W80/><G121/><T2/><D82/><U85/><E85/><N who="2" m="52687" /><F22/><W58/><G44/><T123/><D123/><U3/><E3/><N who="2" m="1099" /><F10/><W62/><G84/><T78/><D78/><U49/><REACH who="1" step="1"/><E42/><REACH who="1" ten="211,220,329,230" step="2"/><V65/><F65/><W50/><G4/><T64/><D40/><U61/><E61/><V116/><F41/><W18/><G67/><T13/><D2/><U94/><E94/><V135/><F135/><W46/><G62/><T28/><D93/><U12/><AGARI ba="0,1" hai="12,19,23,32,34,43,47,49,60,66,71,98,101,106" machi="12" ten="20,7800,0" yaku="1,1,0,1,7,1,53,1" doraHai="133" doraHaiUra="97" who="1" fromWho="1" sc="211,-26,220,88,329,-26,230,-26" /><INIT seed="1,1,0,3,0,29" ten="185,308,303,204" oya="1" hai0="82,104,87,24,66,58,123,97,38,130,107,129,61" hai1="116,85,106,25,10,119,72,2,114,52,131,83,18" hai2="99,60,46,37,103,30,19,22,49,105,122,95,108" hai3="43,88,8,75,89,26,45,109,4,135,20,59,110"/><U12/><E114/><V5/><F122/><W68/><G75/><T98/><D38/><U28/><E106/><V41/><F108/><N who="3" m="41579" /><G59/><T63/><D123/><U64/><E64/><V112/><F112/><W69/><G135/><T80/><D24/><U50/><E72/><V34/><F5/><W48/><G68/><T81/><D87/><U62/><E62/><V111/><F111/><W23/><G69/><T133/><D133/><U91/><E2/><V36/><F60/><N who="0" m="23114" /><D58/><U90/><E90/><N who="3" m="34922" /><G26/><T128/><D66/><U27/><E131/><V124/><F105/><AGARI ba="1,0" hai="80,81,82,97,98,104,105,107,128,129,130" m="23114" machi="105" ten="40,5200,0" yaku="28,2,19,1" doraHai="29" who="0" fromWho="2" sc="185,55,308,0,303,-55,204,0" /><INIT seed="2,0,0,3,2,125" ten="240,308,248,204" oya="2" hai0="6,106,15,117,83,108,10,50,89,67,41,91,64" hai1="110,68,17,123,109,113,34,14,96,53,21,46,105" hai2="62,13,0,69,52,7,40,20,71,57,55,16,51" hai3="79,66,120,47,104,97,134,11,128,2,32,61,29"/><V82/><F40/><W74/><G120/><T58/><D106/><U111/><E113/><V73/><F0/><W63/><G63/><N who="0" m="38007" /><D108/><U49/><E123/><V98/><F7/><N who="3" m="1527" /><G47/><N who="0" m="25967" /><D117/><U12/><E34/><V135/><F135/><W72/><G134/><T28/><D28/><U132/><E132/><V76/><REACH who="2" step="1"/><F98/><REACH who="2" ten="240,308,238,204" step="2"/><W107/><G97/><T70/><D6/><U80/><E96/><V93/><F93/><W43/><G43/><T133/><D133/><U59/><E105/><V95/><F95/><W25/><G128/><T26/><D83/><U100/><E80/><V22/><F22/><W129/><G129/><T4/><D4/><U126/><E126/><V84/><F84/><W131/><G131/><T88/><D10/><U5/><E5/><V19/><F19/><W78/><G78/><T87/><D87/><U92/><E92/><V48/><F48/><W36/><G36/><T103/><D91/><U114/><E114/><V119/><F119/><W122/><G122/><T54/><D88/><U118/><E118/><V1/><F1/><W39/><G39/><T77/><D89/><U127/><E127/><V60/><F60/><W42/><G42/><T85/><D77/><U35/><E35/><V56/><AGARI ba="0,1" hai="13,16,20,51,52,55,56,57,62,69,71,73,76,82" machi="56" ten="20,12000,1" yaku="1,1,0,1,7,1,54,2,53,0" doraHai="125" doraHaiUra="37" who="2" fromWho="2" sc="240,-40,308,-40,238,130,204,-40" /><INIT seed="2,1,0,4,4,7" ten="200,268,368,164" oya="2" hai0="78,81,118,54,15,75,31,22,89,117,12,48,46" hai1="97,135,18,21,40,13,11,119,100,72,107,70,121" hai2="23,69,25,71,82,85,29,5,35,128,56,28,124" hai3="39,14,10,109,116,120,132,111,8,77,129,65,41"/><V30/><F128/><W114/><G116/><N who="0" m="44651" /><D89/><U51/><E119/><V38/><F38/><W99/><G120/><T79/><D79/><U92/><E70/><V133/><F133/><W134/><G129/><T44/><D44/><U131/><E131/><V0/><F124/><W20/><G114/><T64/><D64/><U3/><E135/><N who="3" m="51754" /><G65/><T83/><D83/><U126/><E72/><V53/><F69/><W66/><G66/><T45/><D45/><U106/><E126/><V63/><F71/><W113/><G113/><T27/><AGARI ba="1,0" hai="12,15,22,27,31,46,48,54,75,78,81" m="44651" machi="27" ten="30,1100,0" yaku="12,1" doraHai="7" who="0" fromWho="0" sc="200,14,268,-4,368,-6,164,-4" /><INIT seed="3,0,0,0,1,135" ten="214,264,362,160" oya="3" hai0="133,106,78,1,39,58,8,70,65,15,30,4,60" hai1="108,54,110,122,50,117,100,113,103,85,71,40,77" hai2="24,126,96,45,32,92,68,38,128,119,112,9,130" hai3="3,18,64,131,134,120,17,115,6,36,49,37,91"/><W7/><G115/><T86/><D133/><U95/><E122/><V11/><F126/><W84/><G120/><T28/><D106/><U44/><E113/><V104/><F68/><W0/><G134/><T22/><D39/><N who="3" m="14921" /><G84/><T93/><D70/><U88/><E71/><V33/><F119/><W55/><G91/><N who="0" m="53495" /><D1/><N who="3" m="585" /><G64/><T83/><D22/><U2/><E2/><V132/><F112/><W105/><G105/><T98/><D98/><U75/><E117/><V12/><F104/><W26/><G26/><T97/><D97/><U129/><E129/><V27/><F24/><W107/><G107/><T101/><D101/><U5/><E5/><N who="3" m="1546" /><G131/><T14/><D14/><U87/><E87/><AGARI ba="0,0" hai="4,8,15,28,30,58,60,65,78,83,87" m="53495" machi="87" ten="30,1000,0" yaku="8,1" doraHai="135" who="0" fromWho="1" sc="214,10,264,-10,362,0,160,0" owari="224,-17.6,254,5.4,362,46.2,160,-34.0" /></mjloggm>