<mjloggm ver="2.3"><GO type="225" lobby="0"/><UN n0="%45%6C%79%73%69%75%6D" n1="%E7%89%B9%E6%9D%B1%E3%81%AF%E4%B8%96%E7%95%8C%E3%82%92%E6%95%91%E3%81%86" n2="%28%EF%BF%A3%E2%96%BD%EF%BF%A3%29%CE%B4%E2%8C%92%E3%83%BB" n3="%E3%82%BC%E3%83%AB%E3%83%80%E3%81%AE%E4%BC%9D%E8%AA%AC" dan="17,16,16,17" rate="2114.81,2054.49,2164.87,2189.40" sx="F,M,M,M"/><TAIKYOKU oya="0"/><INIT seed="0,0,0,0,1,50" ten="250,250,250,250" oya="0" hai0="76,128,56,21,116,126,11,122,20,90,39,81,44" hai1="120,88,37,109,58,74,114,57,82,95,66,2,26" hai2="105,99,42,48,94,83,121,13,16,45,52,46,24" hai3="47,63,103,4,18,62,115,91,7,8,107,65,118"/><T73/><D122/><U36/><E120/><V12/><F105/><W19/><G115/><T10/><D116/><U80/><E2/><V102/><F121/><W70/><G118/><T22/><D128/><U64/><E114/><V6/><F6/><W110/><G110/><T96/><D126/><U100/><E109/><V86/><F24/><W0/><G4/><T5/><D56/><U9/><E100/><V3/><F3/><W17/><G91/><T43/><REACH who="0" step="1"/><D5/><REACH who="0" ten="240,250,250,250" step="2"/><U23/><E58/><N who="2" m="33031" /><F42/><W101/><G70/><T31/><D31/><U41/><E41/><V133/><F133/><W132/><G7/><T35/><D35/><U97/><E57/><V113/><F113/><W77/><G132/><T72/><D72/><U71/><E74/><V40/><F40/><W135/><G135/><T30/><D30/><U51/><E71/><V92/><F92/><AGARI ba="0,1" hai="10,11,20,21,22,39,43,44,73,76,81,90,92,96" machi="92" ten="40,2000,0" yaku="1,1,53,0" doraHai="50" doraHaiUra="108" who="0" fromWho="2" sc="240,30,250,0,250,-20,250,0" /><INIT seed="0,1,0,2,0,58" ten="270,250,230,250" oya="0" hai0="24,119,52,22,49,73,83,101,91,13,16,45,98" hai1="33,77,80,116,21,70,128,50,111,61,99,20,14" hai2="36,25,105,110,55,41,59,121,26,35,72,86,27" hai3="19,32,0,114,90,97,106,129,124,37,57,64,68"/><T133/><D119/><U122/><E116/><V54/><F72/><W7/><G19/><T78/><D133/><U125/><E33/><V2/><F2/><W76/><G90/><T75/><D91/><U44/><E122/><V95/><F105/><W84/><G84/><T113/><D113/><U79/><E111/><V67/><F121/><W135/><G76/><T34/><D34/><U85/><E128/><V82/><F110/><W31/><G57/><T28/><D75/><U30/><E125/><V65/><F95/><W11/><G37/><T8/><REACH who="0" step="1"/><D98/><REACH who="0" ten="260,250,230,250" step="2"/><U48/><E99/><V17/><F35/><W71/><G97/><T6/><D6/><U60/><E79/><V51/><F17/><W103/><G7/><T104/><D104/><U66/><E77/><V134/><F134/><W120/><G106/><T43/><D43/><U94/><E85/><V127/><F41/><W115/><G32/><T62/><D62/><U108/><E61/><N who="2" m="36087" /><F127/><W88/><G124/><T56/><D56/><U102/><E108/><V100/><F100/><AGARI ba="1,1" hai="8,13,16,22,24,28,45,49,52,73,78,83,100,101" machi="100" ten="40,7700,0" yaku="1,1,54,2,53,0" doraHai="58" doraHaiUra="112" who="0" fromWho="2" sc="260,90,250,0,230,-80,250,0" /><INIT seed="0,2,0,0,4,70" ten="350,250,150,250" oya="0" hai0="36,58,73,6,118,18,20,104,39,134,129,87,9" hai1="94,49,25,40,2,27,110,17,92,108,66,85,130" hai2="8,56,77,132,59,31,22,98,65,91,79,35,37" hai3="53,96,74,71,114,122,10,19,97,57,99,11,46"/><T89/><D73/><U61/><E2/><V63/><F35/><W32/><G114/><T67/><D104/><U135/><E130/><V13/><F37/><W72/><G71/><T43/><D118/><U83/><E135/><V0/><F0/><W7/><G122/><T126/><D134/><U44/><E94/><V81/><F132/><W54/><G32/><T116/><D116/><U5/><E5/><V33/><F33/><W103/><G103/><T28/><D28/><U119/><E92/><V48/><F98/><W34/><G34/><T82/><D129/><U69/><E119/><V123/><F123/><W90/><G90/><T101/><D101/><U109/><REACH who="1" step="1"/><E17/><REACH who="1" ten="350,240,150,250" step="2"/><V12/><F81/><W14/><G19/><T47/><D18/><U102/><E102/><V86/><F31/><W64/><G7/><T21/><D6/><U50/><E50/><V60/><F48/><W84/><G99/><T75/><D36/><U113/><E113/><V23/><F86/><W107/><G84/><T51/><D39/><U131/><E131/><V41/><F8/><W4/><G11/><T95/><D9/><U117/><E117/><V100/><F100/><W128/><G128/><T112/><D112/><U52/><E52/><V106/><F106/><W121/><G53/><T78/><D51/><U3/><E3/><V133/><F133/><W93/><G107/><T105/><D105/><U80/><E80/><V125/><F41/><W115/><G115/><T55/><D43/><U26/><E26/><V127/><F65/><W111/><G64/><T30/><D67/><U62/><E62/><RYUUKYOKU ba="2,1" sc="350,-15,240,15,150,15,250,-15" hai1="25,27,40,44,49,61,66,69,83,85,108,109,110" hai2="12,13,22,23,56,59,60,63,77,79,91,125,127" /><INIT seed="1,3,1,4,3,55" ten="335,255,165,235" oya="1" hai0="51,21,120,10,90,81,88,84,18,36,98,29,4" hai1="65,7,114,70,63,16,123,106,83,73,127,31,134" hai2="42,129,15,75,5,135,125,72,13,105,12,24,92" hai3="30,85,62,119,131,74,102,34,28,23,67,27,126"/><U94/><E114/><V14/><F105/><W60/><G74/><T66/><D36/><U25/><E106/><V45/><F125/><W116/><G126/><T78/><D120/><U37/><E127/><V35/><N who="2" m="3072" /><DORA hai="87" /><V43/><F5/><W71/><G131/><T99/><D29/><U108/><E123/><V54/><F129/><W40/><G40/><T118/><D118/><N who="3" m="45097" /><G62/><T82/><D66/><U80/><E37/><V117/><F117/><W77/><G102/><T113/><D51/><U64/><E64/><V96/><F135/><W17/><G34/><T48/><D48/><U103/><E7/><V53/><F35/><W110/><G110/><T33/><D33/><U122/><E122/><V6/><F24/><W39/><G39/><T32/><D32/><U47/><E134/><V132/><F6/><W57/><G71/><T1/><D113/><U89/><E73/><V9/><F9/><W91/><G77/><T52/><D78/><U49/><E103/><V68/><F68/><W112/><G112/><T130/><D130/><U11/><E108/><V38/><F43/><W61/><G61/><T121/><D121/><U95/><E11/><V8/><F8/><W86/><G86/><T104/><D84/><U101/><E70/><V100/><REACH who="2" step="1"/><F132/><REACH who="2" ten="335,255,155,235" step="2"/><W44/><G44/><T0/><D4/><U115/><E47/><V3/><F3/><W93/><AGARI ba="3,2" hai="17,23,27,28,30,57,60,67,85,91,93" m="45097" machi="93" ten="30,4000,0" yaku="12,1,52,2" doraHai="55,87" who="3" fromWho="3" sc="335,-13,255,-23,155,-13,235,69" /><INIT seed="2,0,0,2,2,109" ten="322,232,142,304" oya="2" hai0="112,4,30,63,91,64,129,86,38,33,71,0,13" hai1="45,72,12,73,24,123,20,9,95,94,43,68,50" hai2="29,82,48,47,87,132,39,55,60,114,19,37,102" hai3="117,105,100,70,93,18,23,85,15,124,14,111,135"/><V84/><F132/><W22/><G117/><T10/><D129/><U41/><E68/><V108/><F108/><W104/><G111/><T44/><D112/><U3/><E3/><V65/><F114/><W119/><G119/><T58/><D30/><U46/><E123/><V7/><F29/><W66/><G135/><T75/><D33/><U127/><E127/><V6/><F102/><W5/><G124/><T90/><D75/><U36/><E95/><V1/><F87/><W52/><G52/><T83/><D0/><U88/><E20/><V97/><F97/><W25/><G5/><T21/><D21/><U62/><E24/><V133/><F133/><W128/><G14/><T106/><D106/><U79/><E79/><V2/><F2/><W101/><G128/><T53/><D86/><U110/><E62/><V56/><F19/><W40/><G40/><N who="0" m="22551" /><D83/><U54/><E41/><V113/><F113/><W125/><G66/><T35/><D35/><U131/><E110/><V116/><F116/><W67/><G70/><T78/><D78/><U76/><E76/><V31/><F31/><N who="3" m="17847" /><G67/><T118/><D118/><U89/><E131/><V32/><F32/><W69/><G69/><T27/><D27/><U57/><E73/><V51/><F51/><AGARI ba="0,0" hai="4,10,13,51,53,58,63,64,71,90,91" m="22551" machi="51" ten="30,1000,0" yaku="24,1" doraHai="109" who="0" fromWho="2" sc="322,10,232,0,142,-10,304,0" /><INIT seed="3,0,0,5,3,14" ten="332,232,132,304" oya="3" hai0="124,111,112,125,127,59,118,17,92,55,71,20,79" hai1="120,134,24,83,3,95,31,119,116,115,39,130,44" hai2="85,132,77,36,57,69,101,4,62,7,76,58,78" hai3="117,67,135,91,86,43,9,35,37,93,40,70,42"/><W29/><G117/><N who="1" m="45130" /><E3/><V68/><F85/><W98/><G135/><T74/><D118/><U15/><E120/><V73/><F132/><W51/><G37/><T21/><D71/><U121/><E121/><V52/><F36/><W110/><G110/><T131/><D131/><U94/><E134/><V32/><F32/><W10/><G51/><T75/><D111/><U122/><E122/><V28/><F28/><W48/><G48/><N who="0" m="31207" /><D112/><U128/><E115/><V133/><F133/><W90/><G35/><T63/><D63/><U64/><E64/><V100/><F73/><N who="0" m="27658" /><D79/><U129/><E83/><V34/><F34/><W50/><G50/><T22/><D92/><U54/><E15/><AGARI ba="0,0" hai="15,17,20,21,22,124,125,127" m="27658,31207" machi="15" ten="40,2600,0" yaku="18,1,52,1" doraHai="14" who="0" fromWho="1" sc="332,26,232,-26,132,0,304,0" owari="358,45.8,206,-19.4,132,-36.8,304,10.4" /></mjloggm>