<mjloggm ver="2.3"><GO type="225" lobby="0"/><UN n0="%72%69%6F%75%63%68%61%6E" n1="%E8%B6%85%E7%B4%9A%E9%B3%B3%E5%87%B0" n2="%E5%B0%8F%E9%BB%92%E5%B1%8B" n3="%E3%81%A0%E3%81%8A" dan="16,16,16,16" rate="2161.91,2150.68,2118.92,2054.35" sx="M,M,F,M"/><TAIKYOKU oya="0"/><INIT seed="0,0,0,3,5,126" ten="250,250,250,250" oya="0" hai0="121,15,26,74,105,90,54,134,36,85,27,49,118" hai1="35,2,23,52,87,73,5,47,102,53,67,16,57" hai2="76,83,123,72,107,66,39,60,59,34,77,117,111" hai3="58,113,12,1,25,41,29,93,61,71,131,38,128"/><T4/><D118/><U31/><E73/><V79/><F123/><W24/><G1/><T68/><D121/><U116/><E116/><V127/><F117/><W109/><G113/><T129/><D129/><N who="3" m="49737" /><G109/><T6/><D36/><U119/><E119/><V100/><F39/><W32/><G71/><T48/><D74/><U98/><E87/><V101/><F127/><W84/><G12/><T30/><D105/><U115/><E115/><V21/><F34/><W81/><G93/><T86/><D134/><U51/><E35/><V112/><F112/><W9/><G9/><N who="0" m="4519" /><D68/><U132/><E31/><V65/><F111/><W122/><G122/><T80/><D30/><U42/><E132/><V106/><F66/><N who="3" m="39223" /><G25/><N who="0" m="9227" /><D6/><U46/><E5/><V97/><F21/><W40/><G38/><T63/><D85/><U124/><E124/><V110/><F110/><W7/><G7/><T55/><D55/><U96/><E2/><V14/><F14/><W103/><G103/><T0/><D0/><U8/><E102/><V50/><F101/><W20/><G32/><T64/><D64/><U37/><E67/><V108/><F108/><W33/><G33/><T88/><D90/><AGARI ba="0,0" hai="20,24,29,40,41,81,84,90" m="39223,49737" machi="90" ten="30,7700,0" yaku="19,1,52,3" doraHai="126" who="3" fromWho="0" sc="250,-77,250,0,250,0,250,77" /><INIT seed="1,0,0,2,0,130" ten="173,250,250,327" oya="1" hai0="9,47,72,109,128,49,119,94,23,108,53,8,113" hai1="4,92,117,64,40,69,133,89,6,110,124,43,82" hai2="134,61,104,42,122,77,84,1,15,48,7,114,5" hai3="126,12,127,32,93,46,120,21,62,56,107,79,22"/><U14/><E117/><V51/><F104/><W44/><G32/><T87/><D119/><U63/><E124/><N who="3" m="47658" /><G107/><T70/><D113/><U30/><E110/><N who="0" m="42601" /><D72/><U135/><E82/><N who="2" m="47183" /><F1/><W13/><G120/><T67/><D128/><U103/><E103/><V100/><F100/><W54/><G79/><T28/><D67/><U3/><E3/><V59/><F122/><W76/><G76/><T121/><D70/><U125/><E125/><V96/><F96/><W115/><G93/><T123/><D23/><N who="3" m="8713" /><G115/><T45/><D28/><U17/><E30/><V2/><F2/><W95/><G95/><T31/><D31/><U33/><E33/><V0/><F0/><W55/><G55/><N who="0" m="30127" /><D123/><U25/><E43/><V36/><F42/><W11/><G13/><T118/><D118/><U66/><E40/><V16/><F15/><W97/><G97/><T58/><D47/><U24/><E66/><V116/><F114/><W71/><G71/><T86/><D121/><U19/><E64/><V85/><F116/><W20/><G20/><T101/><D101/><U68/><E14/><V35/><F35/><W26/><G26/><T73/><D73/><U41/><E41/><V91/><F85/><N who="0" m="32266" /><D94/><U10/><E92/><V34/><F34/><W78/><G78/><T57/><D57/><U39/><E68/><V74/><F59/><W131/><G131/><T60/><AGARI ba="0,0" hai="8,9,53,58,60" m="32266,30127,42601" machi="60" ten="30,1100,0" yaku="14,1" doraHai="130" who="0" fromWho="0" sc="173,11,250,-5,250,-3,327,-3" /><INIT seed="2,0,0,3,5,89" ten="184,245,247,324" oya="2" hai0="90,53,118,86,28,98,94,49,1,87,85,68,0" hai1="64,25,12,26,111,54,113,102,4,21,69,72,79" hai2="15,76,124,7,103,50,120,38,40,5,78,73,11" hai3="126,18,104,117,24,121,62,115,34,39,55,123,130"/><V129/><F120/><W95/><G117/><T32/><D68/><U83/><E113/><V110/><F38/><W51/><G39/><T35/><D118/><U22/><E111/><V13/><F129/><W116/><G104/><T71/><D71/><U135/><E135/><V16/><F124/><W128/><G116/><T63/><D63/><U131/><E131/><V93/><F110/><W133/><G126/><T29/><D29/><U67/><E102/><V47/><F73/><W59/><G133/><T106/><D106/><U52/><E69/><V70/><F70/><W80/><G115/><T31/><D31/><U45/><E4/><N who="2" m="1611" /><F15/><W96/><G128/><T6/><D28/><U8/><E12/><V88/><F103/><W44/><G130/><T43/><D43/><U125/><E125/><V65/><F65/><W19/><G34/><T134/><D134/><U97/><E72/><V10/><F10/><W119/><G119/><T36/><D36/><U61/><E8/><V66/><F66/><W101/><G121/><T108/><D108/><U42/><E67/><V33/><F33/><W84/><G123/><T2/><REACH who="0" step="1"/><D6/><REACH who="0" ten="174,245,247,324" step="2"/><U122/><E122/><V14/><F14/><W20/><G24/><T41/><D41/><U74/><E26/><V100/><F100/><W127/><G101/><T91/><D91/><U48/><E25/><V77/><F77/><W46/><G127/><T92/><D92/><U99/><E79/><V75/><F75/><W23/><G95/><T30/><D30/><U27/><E27/><V82/><F82/><W109/><G80/><T114/><D114/><RYUUKYOKU ba="0,1" sc="174,15,245,-15,247,15,324,-15" hai0="0,1,2,32,35,49,53,85,86,87,90,94,98" hai2="11,13,16,40,47,50,76,78,88,93" /><INIT seed="2,1,1,5,5,97" ten="189,230,262,309" oya="2" hai0="73,34,84,18,85,49,59,51,17,80,63,4,126" hai1="81,78,35,6,22,27,100,16,134,121,30,111,45" hai2="61,102,24,47,130,115,19,0,90,41,109,7,128" hai3="66,53,105,15,20,3,8,14,1,48,101,117,114"/><V33/><F115/><W118/><G114/><T79/><D126/><U26/><E111/><V2/><F109/><W82/><G66/><T131/><D131/><N who="2" m="50218" /><F90/><W42/><G42/><T119/><D119/><U127/><E127/><V129/><F129/><W95/><G105/><T5/><D34/><U46/><E134/><V52/><F7/><N who="0" m="2634" /><D73/><U57/><E121/><V110/><F110/><W125/><G82/><N who="0" m="47199" /><D49/><U56/><E6/><V65/><F33/><W13/><G1/><T39/><D51/><U83/><E83/><V135/><F135/><W124/><G3/><T55/><D39/><U12/><E12/><V72/><F72/><W62/><G124/><T91/><AGARI ba="1,1" hai="17,18,55,59,63,80,85,91" m="47199,2634" machi="91" ten="30,1100,0" yaku="8,1" doraHai="97" who="0" fromWho="0" sc="189,24,230,-4,262,-6,309,-4" /><INIT seed="3,0,0,2,0,19" ten="213,226,256,305" oya="3" hai0="90,120,20,32,45,28,65,17,99,41,98,87,118" hai1="73,129,23,0,66,112,35,71,47,110,127,75,95" hai2="107,126,83,122,67,5,119,9,108,37,109,16,134" hai3="124,24,4,84,111,92,54,18,117,104,40,70,61"/><W79/><G104/><T34/><D118/><U81/><E112/><V13/><F119/><W100/><G117/><T59/><D120/><U74/><E35/><V38/><F122/><W36/><G124/><T85/><D28/><U68/><E0/><V78/><F107/><W26/><G4/><T82/><D32/><U131/><E127/><V33/><F33/><W55/><G100/><T96/><D34/><U2/><E2/><N who="2" m="183" /><F67/><W3/><G3/><T60/><D85/><U105/><E110/><N who="2" m="42603" /><F134/><W11/><G111/><T6/><D6/><U48/><E105/><V10/><F126/><W14/><G70/><T1/><D1/><U25/><E95/><V42/><F42/><W121/><G40/><T88/><D90/><U7/><E7/><V43/><F43/><W49/><G92/><T128/><D128/><N who="1" m="49227" /><E66/><V15/><F15/><W86/><G14/><N who="0" m="9271" /><D41/><N who="1" m="24687" /><E81/><V21/><F10/><W58/><G11/><T8/><D8/><U53/><E53/><V46/><F46/><AGARI ba="0,0" hai="45,46,59,60,65,82,87,88,96,98,99" m="9271" machi="46" ten="30,3900,0" yaku="8,1,52,1,54,1" doraHai="19" who="0" fromWho="2" sc="213,39,226,0,256,-39,305,0" owari="252,5.2,226,-17.4,217,-28.3,305,40.5" /></mjloggm>