<mjloggm ver="2.3"><GO type="225" lobby="0"/><UN n0="%E3%82%B2%E3%82%B9%E8%8C%82%E5%8B%9D" n1="%E3%81%BF%E3%81%BF%E3%81%9A" n2="%6D%75%75%6D%75%72%61" n3="%E3%83%97%E3%83%AC%E3%83%B4%E3%82%A1%E3%83%86%E3%82%A3" dan="16,16,17,16" rate="2028.44,2149.12,2174.57,2119.71" sx="F,M,F,F"/><TAIKYOKU oya="0"/><INIT seed="0,0,0,0,4,50" ten="250,250,250,250" oya="0" hai0="71,51,86,12,0,92,88,48,20,94,17,59,115" hai1="24,76,74,70,79,9,87,77,112,38,34,52,13" hai2="40,19,41,72,47,96,99,67,62,57,129,95,11" hai3="107,80,133,73,78,39,18,116,110,104,93,131,36"/><T102/><D115/><U2/><E70/><V97/><F129/><W84/><G131/><T10/><D71/><U45/><E2/><V66/><F72/><W125/><G116/><T49/><D0/><U25/><E112/><V32/><F32/><W68/><G68/><T127/><D127/><U101/><E74/><V114/><F114/><W46/><G125/><T134/><D134/><U119/><E119/><V120/><F120/><W7/><G133/><T124/><D124/><U1/><E1/><V63/><F95/><W27/><G7/><T135/><D135/><U75/><E75/><V14/><REACH who="2" step="1"/><F47/><REACH who="2" ten="250,250,240,250" step="2"/><W122/><G122/><T85/><D94/><U56/><E101/><V91/><F91/><W15/><G93/><T105/><D85/><U109/><E45/><V53/><F53/><W90/><G73/><T128/><D128/><U29/><E87/><V35/><F35/><W81/><G90/><T6/><D102/><U43/><E43/><V26/><F26/><W132/><G27/><N who="0" m="14735" /><D105/><U100/><E100/><V5/><F5/><W123/><G132/><T16/><D6/><N who="1" m="3255" /><E24/><V61/><F61/><W3/><G123/><T82/><D92/><U54/><E54/><AGARI ba="0,1" hai="10,12,16,48,49,51,54,59,82,86,88" m="14735" machi="54" ten="30,11600,0" yaku="8,1,52,1,54,2" doraHai="50" who="0" fromWho="1" sc="250,126,250,-116,240,0,250,0" /><INIT seed="0,1,0,3,0,10" ten="376,134,240,250" oya="0" hai0="75,96,26,78,129,118,21,61,105,20,128,70,63" hai1="53,33,27,4,17,119,43,124,36,103,31,49,16" hai2="73,55,91,117,127,66,107,56,42,100,52,102,68" hai3="133,48,69,71,76,79,54,23,77,85,104,67,38"/><T59/><D118/><U115/><E119/><V135/><F117/><W30/><G104/><T0/><D0/><U87/><E124/><V120/><F120/><W99/><G38/><T98/><D70/><U46/><E115/><V25/><F73/><W13/><G133/><T51/><D51/><U18/><E103/><N who="2" m="39467" /><F107/><W80/><G99/><T9/><D105/><U74/><E74/><V111/><F68/><W125/><G125/><T86/><D75/><U113/><E113/><V34/><F34/><W24/><G69/><T65/><D9/><U126/><E126/><V82/><F111/><W132/><G132/><T3/><D3/><U2/><E2/><V41/><F135/><W134/><G134/><T92/><D61/><U50/><E4/><V35/><F35/><W81/><G71/><T14/><D78/><U114/><E114/><V72/><F72/><W106/><G106/><T122/><D122/><U62/><REACH who="1" step="1"/><E87/><REACH who="1" ten="376,124,240,250" step="2"/><N who="2" m="50679" /><F127/><W121/><G121/><T28/><D86/><U39/><E39/><V12/><F42/><W116/><G116/><T83/><D98/><U45/><E45/><V130/><F41/><W5/><G85/><T1/><D1/><U109/><E109/><V90/><F130/><W29/><G5/><T95/><D96/><U84/><E84/><V94/><F90/><W123/><G123/><T97/><D97/><U108/><E108/><V44/><F44/><W58/><G81/><T64/><D83/><U88/><E88/><V11/><F94/><W47/><G80/><T37/><D37/><U131/><E131/><V7/><F25/><W40/><G24/><RYUUKYOKU ba="1,1" sc="376,-15,124,15,240,15,250,-15" hai1="16,17,18,27,31,33,36,43,46,49,50,53,62" hai2="7,11,12,52,55,56,66" /><INIT seed="1,2,1,0,5,30" ten="361,139,255,235" oya="1" hai0="112,101,70,81,127,8,77,36,43,84,117,6,94" hai1="21,88,96,44,23,15,54,78,92,90,35,134,85" hai2="95,18,128,115,50,63,86,118,2,62,51,29,108" hai3="98,91,130,131,71,14,34,79,105,19,69,37,38"/><U102/><E134/><V87/><F118/><W3/><G79/><T122/><D112/><U33/><E78/><V66/><F2/><W53/><G3/><T39/><D117/><U11/><E90/><V52/><F115/><W82/><G53/><T59/><D70/><N who="3" m="26633" /><G82/><T110/><D110/><U109/><E109/><V25/><F128/><N who="3" m="49195" /><G91/><T123/><D127/><U74/><E74/><V45/><F108/><W16/><G34/><T7/><D59/><U27/><E44/><V99/><F66/><W12/><G98/><N who="0" m="59607" /><D43/><U133/><E54/><V32/><F87/><W13/><G105/><T55/><D55/><U41/><E41/><V75/><F86/><W0/><G0/><T42/><D42/><U60/><E60/><V1/><F75/><W104/><G104/><T4/><D8/><U113/><E113/><V119/><F1/><W47/><G47/><T111/><D111/><U28/><E23/><V31/><F119/><W114/><G114/><T68/><D68/><U64/><E64/><V80/><F80/><W83/><G83/><T22/><D22/><U76/><E76/><V135/><F63/><W93/><G93/><T97/><D97/><U120/><E120/><AGARI ba="2,1" hai="4,6,7,36,39,77,81,84,120,122,123" m="59607" machi="120" ten="30,1000,0" yaku="13,1" doraHai="30" who="0" fromWho="1" sc="361,26,139,-16,255,0,235,0" /><INIT seed="2,0,0,2,2,109" ten="387,123,255,235" oya="2" hai0="90,51,41,45,113,40,99,129,97,84,87,77,38" hai1="100,32,28,27,86,120,134,10,49,53,91,112,121" hai2="70,122,66,11,34,31,65,106,56,105,131,115,48" hai3="20,92,72,6,55,133,7,54,103,75,22,125,130"/><V67/><F122/><N who="1" m="47209" /><E100/><V1/><F70/><W114/><G125/><T76/><D113/><U24/><E134/><V118/><F115/><W64/><G133/><T80/><D129/><U17/><E24/><V127/><F131/><W82/><G130/><T8/><D8/><U135/><E135/><V101/><F118/><W57/><G82/><N who="0" m="47175" /><D38/><U9/><E17/><V33/><F127/><W4/><G114/><T19/><D40/><U44/><E112/><V107/><F101/><W42/><G42/><T88/><D19/><U43/><E43/><V36/><F36/><W111/><G111/><T78/><D78/><U18/><E18/><V102/><F102/><W85/><G103/><T62/><D62/><U110/><E110/><V98/><F98/><AGARI ba="0,0" hai="41,45,51,77,80,87,88,90,97,98,99" m="47175" machi="98" ten="30,2000,0" yaku="8,1,54,1" doraHai="109" who="0" fromWho="2" sc="387,20,123,0,255,-20,235,0" /><INIT seed="3,0,0,0,3,23" ten="407,123,235,235" oya="3" hai0="134,86,91,75,42,92,80,20,32,29,47,101,76" hai1="78,61,89,103,129,14,45,99,73,51,24,93,126" hai2="67,95,97,116,110,124,39,100,33,16,52,53,123" hai3="87,90,44,54,121,104,31,60,15,63,127,65,22"/><W27/><G104/><T68/><D134/><U36/><E126/><V102/><F116/><W66/><G127/><T128/><D128/><U113/><E129/><V108/><F124/><W28/><G121/><T50/><D68/><U131/><E131/><V64/><F123/><W82/><G28/><T109/><D109/><N who="2" m="42090" /><F39/><W17/><G63/><T49/><D32/><U105/><E113/><V11/><F33/><W72/><G72/><T96/><D50/><U38/><E14/><N who="2" m="7263" /><F102/><W114/><G114/><T98/><D101/><U7/><E7/><V119/><F119/><W77/><G77/><T41/><D42/><U12/><E12/><V4/><F4/><W106/><G106/><T84/><D75/><U34/><E61/><V8/><F8/><W0/><G0/><T43/><D43/><U58/><E58/><V37/><F37/><W9/><G60/><T69/><D69/><U115/><E115/><V6/><F6/><W18/><G17/><T1/><D1/><U3/><E3/><V74/><F74/><W88/><G90/><T71/><D71/><U85/><E51/><AGARI ba="0,0" hai="9,15,18,22,27,31,44,51,54,65,66,82,87,88" machi="51" ten="40,12000,1" yaku="25,2,8,1,52,1,54,1" doraHai="23" who="3" fromWho="1" sc="407,0,123,-120,235,0,235,120" /><INIT seed="3,1,0,2,2,69" ten="407,3,235,355" oya="3" hai0="129,71,74,86,118,80,103,85,128,2,134,82,95" hai1="111,98,61,26,117,42,28,47,64,67,65,130,24" hai2="88,33,21,73,7,75,6,83,66,81,77,121,13" hai3="27,20,119,105,23,49,104,68,120,60,100,56,51"/><W52/><G119/><T91/><D71/><U93/><E117/><V94/><F33/><W15/><G120/><T58/><D2/><U5/><E111/><V70/><F121/><W30/><G100/><T53/><D118/><U9/><E130/><N who="0" m="50281" /><D134/><U17/><E17/><V45/><F70/><W97/><G97/><N who="0" m="59839" /><D74/><U48/><E61/><V32/><F66/><W44/><G68/><T114/><D114/><U37/><E37/><V8/><F32/><W10/><G23/><T43/><D43/><U46/><E46/><V35/><F35/><W79/><G79/><T90/><D58/><U31/><E31/><V22/><F6/><W3/><G3/><T99/><D99/><U54/><E42/><V125/><F125/><W59/><G59/><T84/><D53/><U55/><E55/><V36/><F81/><AGARI ba="1,0" hai="80,81,82,84,85,86,90,91" m="59839,50281" machi="81" ten="30,3900,0" yaku="19,1,34,2" doraHai="69" who="0" fromWho="2" sc="407,42,3,0,235,-42,355,0" owari="449,54.9,3,-49.7,193,-20.7,355,15.5" /></mjloggm>