<mjloggm ver="2.3"><GO type="225" lobby="0"/><UN n0="%E3%81%B5%E3%81%98%E3%81%8B%E3%81%A4" n1="%E8%B6%85%E7%B4%9A%E9%B3%B3%E5%87%B0" n2="%E3%83%8F%E3%83%B3%E3%83%89%E3%83%A9%E3%83%BC%E3%83%BB%E3%83%AF%E3%83%B3" n3="%77%72%77%72%77%72%77%72" dan="16,17,16,17" rate="2150.35,2172.33,2164.25,2180.81" sx="M,M,M,M"/><TAIKYOKU oya="0"/><INIT seed="0,0,0,0,3,74" ten="250,250,250,250" oya="0" hai0="44,106,105,112,14,27,28,9,34,79,109,92,133" hai1="23,55,16,91,48,52,32,30,134,81,102,97,24" hai2="73,35,86,46,43,113,33,89,47,124,53,120,0" hai3="62,70,98,132,118,82,10,68,111,40,72,11,57"/><T54/><D112/><U114/><E114/><V69/><F113/><W67/><G118/><T22/><D133/><U18/><E134/><V88/><F120/><W2/><G132/><T122/><D122/><U101/><E55/><V4/><F73/><W135/><G135/><T19/><D109/><U5/><E5/><V115/><F115/><W99/><G111/><T56/><D44/><U15/><E18/><V8/><F69/><W78/><G40/><T83/><D92/><U20/><E32/><V17/><F124/><W60/><G68/><T93/><D93/><N who="1" m="56511" /><E81/><V37/><F17/><W130/><G130/><T59/><D34/><U110/><E110/><V107/><F89/><W90/><G90/><T7/><D7/><U36/><E36/><V51/><REACH who="2" step="1"/><F107/><REACH who="2" ten="250,250,240,250" step="2"/><W117/><G117/><T116/><D116/><U76/><E76/><V50/><F50/><W66/><REACH who="3" step="1"/><G11/><REACH who="3" ten="250,250,240,240" step="2"/><T94/><D9/><U25/><E25/><V96/><F96/><W103/><G103/><T75/><D27/><U77/><E77/><V85/><F85/><W12/><G12/><T13/><D13/><U71/><E71/><V129/><F129/><W119/><G119/><T29/><D79/><U3/><E3/><V61/><F61/><W131/><G131/><T126/><D14/><U100/><E100/><V58/><F58/><AGARI ba="0,2" hai="15,16,20,23,24,30,48,52,58,101,102" m="56511" machi="58" ten="30,3900,0" yaku="8,1,54,2" doraHai="74" who="1" fromWho="2" sc="250,0,250,59,240,-39,240,0" /><INIT seed="1,0,0,0,0,25" ten="250,309,201,240" oya="1" hai0="97,53,126,113,68,41,24,117,82,55,134,73,90" hai1="89,42,2,16,112,85,101,0,116,71,28,135,92" hai2="132,76,128,23,100,57,120,96,61,74,9,122,59" hai3="40,45,84,130,103,86,77,34,102,43,93,31,110"/><U3/><E112/><V109/><F109/><W72/><G110/><T65/><D117/><U35/><E116/><V124/><F128/><W20/><G130/><T52/><D113/><U66/><E135/><V44/><F132/><W46/><G34/><T26/><D134/><U114/><E114/><V1/><F124/><W104/><G104/><T56/><D126/><U5/><E5/><V14/><F44/><N who="3" m="17003" /><G72/><T67/><D41/><N who="3" m="15945" /><G77/><T70/><D73/><U95/><E42/><V58/><F61/><W6/><G6/><T83/><D56/><U30/><E35/><V54/><F54/><W13/><G13/><T38/><D38/><U111/><E111/><V119/><F119/><W50/><G50/><T39/><D39/><U62/><REACH who="1" step="1"/><E16/><REACH who="1" ten="250,299,201,240" step="2"/><V48/><F122/><W81/><G20/><T107/><D24/><U7/><E7/><V79/><F120/><W127/><G127/><T29/><D26/><U94/><E94/><V69/><F23/><W64/><G31/><T133/><D29/><U87/><E87/><V32/><F32/><W118/><G93/><T49/><D133/><U80/><E80/><V8/><F74/><W123/><G118/><T98/><D83/><U108/><E108/><V12/><F8/><W60/><G123/><T129/><D82/><U78/><E78/><V47/><F79/><N who="3" m="46143" /><G86/><T17/><D129/><U15/><E15/><V21/><F12/><W125/><G125/><T51/><D17/><U27/><E27/><V10/><F14/><W4/><G4/><T18/><D18/><U63/><E63/><V88/><F76/><W91/><G60/><RYUUKYOKU ba="0,1" sc="250,-10,299,30,201,-10,240,-10" hai1="0,2,3,28,30,62,66,71,85,89,92,95,101" /><INIT seed="1,1,1,1,3,53" ten="240,329,191,230" oya="1" hai0="98,78,0,5,82,91,34,58,85,126,43,94,102" hai1="109,134,132,23,110,63,19,29,105,128,129,8,73" hai2="99,75,28,1,115,52,51,60,118,15,48,45,89" hai3="87,3,57,59,22,30,38,6,4,122,61,10,127"/><U55/><E105/><V27/><F118/><W88/><G122/><T84/><D34/><U107/><E107/><V9/><F75/><W44/><G127/><T93/><D126/><U101/><E101/><V13/><F115/><W33/><G33/><T95/><D43/><U108/><E73/><V66/><F1/><W64/><G6/><T120/><D0/><U81/><E81/><V56/><F51/><W68/><G38/><T50/><D5/><U67/><E55/><V70/><F70/><W119/><G119/><T7/><D7/><U77/><E77/><V37/><F37/><W117/><G117/><T83/><D120/><U49/><E49/><V130/><F130/><N who="1" m="50281" /><E8/><V20/><REACH who="2" step="1"/><F9/><REACH who="2" ten="240,329,181,230" step="2"/><W86/><G10/><T47/><REACH who="0" step="1"/><D58/><REACH who="0" ten="230,329,181,230" step="2"/><U25/><E109/><V111/><F111/><W133/><G3/><T39/><D39/><U36/><E108/><V11/><F11/><W71/><G57/><T72/><D72/><U90/><E110/><V14/><F14/><W69/><G59/><T112/><D112/><U26/><E36/><V123/><F123/><W113/><G113/><T135/><D135/><U21/><E132/><V100/><F100/><W97/><G133/><T16/><D16/><U17/><E134/><V2/><F2/><W65/><G71/><T104/><D104/><U92/><E17/><V62/><F62/><N who="3" m="39959" /><G4/><T54/><AGARI ba="1,3" hai="47,50,54,78,82,83,84,85,91,93,94,95,98,102" machi="54" ten="20,8000,1" yaku="1,1,0,1,7,1,8,1,53,1" doraHai="53" doraHaiUra="46" who="0" fromWho="0" sc="230,113,329,-41,181,-21,230,-21" /><INIT seed="2,0,0,3,1,61" ten="343,288,160,209" oya="2" hai0="23,99,43,21,58,40,37,12,95,26,71,15,39" hai1="17,92,112,78,20,108,33,34,9,65,60,75,29" hai2="116,106,2,30,31,63,57,126,122,90,48,84,80" hai3="134,105,111,54,109,132,129,87,27,123,46,115,32"/><V3/><F116/><W7/><G105/><T125/><D71/><U88/><E112/><V53/><F122/><W50/><G123/><T4/><D125/><U120/><E120/><V66/><F106/><W104/><G104/><T72/><D72/><U51/><E108/><N who="3" m="41546" /><G115/><T76/><D76/><U69/><E29/><V45/><REACH who="2" step="1"/><F126/><REACH who="2" ten="343,288,150,209" step="2"/><W38/><G129/><T81/><D37/><U70/><E51/><V73/><F73/><W89/><G38/><T13/><D39/><U77/><E75/><V28/><AGARI ba="0,1" hai="2,3,28,30,31,45,48,53,57,63,66,80,84,90" machi="28" ten="30,6000,0" yaku="1,1,0,1,52,1,53,0" doraHai="61" doraHaiUra="130" who="2" fromWho="2" sc="343,-20,288,-20,150,70,209,-20" /><INIT seed="2,1,0,2,1,44" ten="323,268,220,189" oya="2" hai0="126,38,66,36,33,94,70,41,2,18,82,11,127" hai1="120,128,113,92,39,83,40,131,96,37,6,116,87" hai2="26,50,107,53,52,135,93,74,46,122,133,13,48" hai3="0,119,29,10,63,98,89,12,86,8,56,99,25"/><V69/><F122/><W124/><G119/><T17/><D33/><U35/><E116/><V75/><F107/><W105/><G124/><N who="0" m="47659" /><D82/><U90/><E113/><V57/><F69/><W134/><G134/><N who="2" m="51209" /><F13/><W85/><G105/><T125/><D94/><U110/><E35/><V79/><F79/><W100/><G0/><T43/><D43/><U62/><E120/><V109/><F109/><W123/><G123/><T27/><D27/><U21/><E110/><V78/><F78/><W77/><G77/><T42/><D42/><U58/><E6/><V4/><F4/><W117/><G117/><T15/><D2/><U59/><E21/><V130/><F130/><N who="1" m="49705" /><E40/><V54/><F93/><W24/><G12/><N who="0" m="7327" /><D41/><U118/><E118/><V23/><F54/><W102/><G29/><AGARI ba="1,0" hai="23,26,29,46,48,50,52,53,57,74,75" m="51209" machi="29" ten="30,11600,0" yaku="20,1,52,2,54,1" doraHai="44" who="2" fromWho="3" sc="323,0,268,0,220,119,189,-119" /><INIT seed="2,2,0,2,4,124" ten="323,268,339,70" oya="2" hai0="42,52,39,117,122,37,47,130,23,118,109,63,0" hai1="28,68,84,21,50,110,119,11,125,97,33,111,64" hai2="80,133,26,101,123,31,40,49,10,43,132,58,70" hai3="96,106,2,29,88,82,27,66,51,99,72,59,36"/><V79/><F70/><W116/><G116/><N who="0" m="44651" /><D0/><U115/><E119/><V73/><F123/><W81/><G36/><N who="0" m="21959" /><D122/><U19/><E115/><V57/><F101/><W22/><G2/><T17/><D109/><N who="1" m="41483" /><E125/><V65/><F10/><W112/><G112/><T98/><D98/><U60/><E97/><V54/><F58/><W87/><G106/><T126/><D126/><U38/><E38/><V32/><REACH who="2" step="1"/><F65/><REACH who="2" ten="323,268,329,70" step="2"/><W103/><G103/><T25/><D130/><U89/><E11/><V44/><F44/><W92/><G66/><T1/><D1/><U41/><E68/><V45/><F45/><W20/><G59/><AGARI ba="2,1" hai="17,23,25,37,39,52,59,63" m="21959,44651" machi="59" ten="30,2000,0" yaku="12,1,54,1" doraHai="124" who="0" fromWho="3" sc="323,36,268,0,329,0,70,-26" /><INIT seed="3,0,0,3,0,47" ten="359,268,329,44" oya="3" hai0="61,6,9,97,127,54,119,64,22,58,98,29,14" hai1="115,28,65,50,60,84,133,5,10,104,76,78,90" hai2="42,122,13,108,95,75,8,57,36,120,67,15,80" hai3="51,83,24,23,68,25,27,37,41,70,20,134,16"/><W86/><G37/><T118/><D127/><U109/><E115/><V7/><F108/><W56/><G134/><T45/><D119/><U130/><E104/><V71/><F71/><W88/><G25/><N who="0" m="16567" /><D118/><U52/><E109/><V0/><F95/><W110/><G110/><T131/><D131/><U43/><E130/><V59/><F42/><W73/><G73/><T33/><D33/><U2/><E133/><V44/><F44/><W32/><G32/><T3/><D3/><U26/><E43/><V30/><F36/><W129/><G129/><T48/><AGARI ba="0,0" hai="6,9,14,45,48,54,58,61,64,97,98" m="16567" machi="48" ten="30,2000,0" yaku="8,1,52,1" doraHai="47" who="0" fromWho="0" sc="359,20,268,-5,329,-5,44,-10" owari="379,47.9,263,-13.7,324,12.4,34,-46.6" /></mjloggm>