<mjloggm ver="2.3"><GO type="225" lobby="0"/><UN n0="%E6%A1%9C%E8%8A%B1%E9%96%83%E3%80%85" n1="%E2%91%A3%E9%81%BF%E9%81%8A%E6%88%AF%E3%80%90%E6%9D%B1%E5%8D%97%E3%80%91" n2="%E3%81%95%E3%81%8D%E3%81%9F%E3%81%BE%E6%9E%97%E6%AA%8E" n3="%72%69%6F%75%63%68%61%6E" dan="17,16,16,17" rate="2218.64,2129.62,2128.31,2239.91" sx="M,M,M,M"/><TAIKYOKU oya="0"/><INIT seed="0,0,0,0,1,57" ten="250,250,250,250" oya="0" hai0="70,122,25,135,89,132,108,125,10,90,79,97,123" hai1="19,118,39,60,2,82,52,105,45,85,31,68,40" hai2="48,14,119,21,81,121,55,107,115,66,6,18,54" hai3="124,46,101,33,112,109,120,32,9,34,44,3,4"/><T113/><D70/><U58/><E118/><V16/><F115/><W20/><G109/><T63/><D10/><U95/><E105/><V69/><F121/><N who="0" m="46090" /><D25/><U92/><E2/><V133/><F133/><N who="0" m="51274" /><D113/><U15/><E31/><V78/><F107/><W42/><G124/><T129/><D125/><U93/><E68/><V5/><F119/><W41/><G120/><T94/><D63/><U43/><E43/><V35/><F35/><W114/><G101/><N who="0" m="60599" /><D129/><U62/><E62/><V61/><F18/><W73/><G73/><T71/><D71/><U50/><E39/><V37/><F37/><N who="3" m="21551" /><G20/><T47/><D47/><U0/><E0/><V87/><F55/><W80/><G112/><T30/><D30/><U51/><E51/><V83/><F83/><W103/><G80/><T65/><D65/><U100/><E100/><V49/><F49/><N who="3" m="26839" /><G103/><T102/><D102/><U13/><E19/><V127/><F127/><W110/><G114/><T28/><D28/><U11/><E11/><V128/><F128/><W131/><G131/><T17/><D17/><U59/><E58/><AGARI ba="0,0" hai="5,6,14,16,21,48,54,58,61,66,69,78,81,87" machi="58" ten="30,3900,0" yaku="7,1,52,1,54,1" doraHai="57" who="2" fromWho="1" sc="250,0,250,-39,250,39,250,0" /><INIT seed="1,0,0,2,3,81" ten="250,211,289,250" oya="1" hai0="68,48,108,90,33,106,115,47,122,128,28,77,42" hai1="94,34,69,78,39,93,41,53,22,113,118,26,31" hai2="124,114,119,58,83,75,6,99,25,87,40,59,73" hai3="24,103,57,120,20,18,61,12,101,5,55,17,15"/><U100/><E118/><V85/><F119/><W49/><G120/><T92/><D115/><U65/><E113/><V72/><F114/><W50/><G5/><T52/><D106/><U10/><E34/><V80/><F6/><W67/><G49/><T123/><D68/><U43/><E39/><V60/><F40/><W134/><G134/><T62/><D77/><U109/><E109/><V91/><F99/><W111/><G111/><T19/><D108/><U116/><E116/><V131/><F131/><W36/><G36/><T23/><D28/><U35/><E35/><V9/><F9/><W82/><G82/><T71/><D33/><U0/><E78/><V107/><F107/><W97/><G97/><N who="0" m="57495" /><D71/><U11/><E0/><V132/><F132/><W130/><G130/><T76/><D76/><U45/><E69/><V98/><F98/><W30/><G12/><T105/><D105/><U125/><E65/><V74/><F74/><W102/><REACH who="3" step="1"/><G15/><REACH who="3" ten="250,211,289,240" step="2"/><T89/><D128/><U29/><E125/><V27/><F75/><W70/><AGARI ba="0,1" hai="17,18,20,24,30,50,55,57,61,67,70,101,102,103" machi="70" ten="30,4000,0" yaku="1,1,2,1,0,1,53,0" doraHai="81" doraHaiUra="112" who="3" fromWho="3" sc="250,-10,211,-20,289,-10,240,50" /><INIT seed="2,0,0,0,3,4" ten="240,191,279,290" oya="2" hai0="79,55,37,133,109,115,68,53,70,51,117,108,0" hai1="90,28,135,119,100,18,17,83,59,123,47,86,121" hai2="97,111,58,32,31,27,131,103,75,91,72,52,12" hai3="36,130,85,65,78,42,11,43,5,40,50,66,24"/><V9/><F131/><W74/><G130/><T104/><D104/><U44/><E119/><V33/><F33/><W69/><G74/><T39/><D0/><U99/><E135/><V26/><F26/><W118/><G118/><T67/><D79/><U132/><E132/><V112/><F112/><W105/><G105/><T95/><D95/><U73/><E28/><V49/><F91/><W22/><G36/><N who="0" m="13899" /><D117/><U3/><E3/><V48/><F48/><W122/><G122/><T92/><D92/><U29/><E29/><V7/><F111/><N who="0" m="42570" /><D133/><U34/><E34/><V125/><F125/><W10/><G50/><T45/><D115/><U56/><E73/><V61/><F49/><W76/><G69/><N who="0" m="26731" /><D67/><N who="3" m="25609" /><G5/><T81/><D81/><U64/><E64/><V126/><F126/><W14/><G14/><T93/><D93/><AGARI ba="0,0" hai="7,9,12,27,31,32,52,58,61,72,75,93,97,103" machi="93" ten="30,5800,0" yaku="7,1,52,1,54,1" doraHai="4" who="2" fromWho="0" sc="240,-58,191,0,279,58,290,0" /><INIT seed="2,1,0,5,2,47" ten="182,191,337,290" oya="2" hai0="132,77,113,37,19,8,58,74,28,101,66,124,6" hai1="42,46,104,44,131,84,63,69,118,60,16,36,75" hai2="33,11,48,29,99,31,23,129,121,80,39,120,38" hai3="73,126,122,53,4,14,110,89,41,133,43,21,116"/><V98/><F33/><W10/><G116/><T109/><D113/><U115/><E118/><V30/><F23/><W49/><G122/><T71/><D71/><U62/><E75/><V17/><F80/><W135/><G110/><T61/><D37/><U20/><E104/><V102/><F129/><W117/><G126/><T88/><D101/><U96/><E131/><V106/><F11/><W57/><G117/><T123/><D28/><U5/><E115/><V55/><F17/><W107/><G107/><T26/><D123/><U56/><E69/><V54/><F54/><W35/><G35/><T34/><D132/><N who="3" m="50761" /><G73/><T72/><D77/><U51/><E5/><V2/><F2/><N who="3" m="279" /><G89/><T92/><D109/><U78/><E96/><V45/><F121/><W128/><G128/><T22/><D34/><U81/><E44/><V125/><F125/><W9/><G21/><T15/><REACH who="0" step="1"/><D124/><REACH who="0" ten="172,191,337,290" step="2"/><U0/><E36/><V3/><F120/><W50/><G50/><T24/><D24/><N who="1" m="14343" /><E0/><V13/><F39/><W12/><G12/><T85/><AGARI ba="1,1" hai="6,8,15,19,22,26,58,61,66,72,74,85,88,92" machi="85" ten="20,5200,0" yaku="1,1,0,1,7,1,54,1,53,0" doraHai="47" doraHaiUra="64" who="0" fromWho="0" sc="172,65,191,-14,337,-27,290,-14" /><INIT seed="3,0,0,0,0,108" ten="237,177,310,276" oya="3" hai0="37,126,56,133,135,40,99,54,102,71,0,86,134" hai1="68,95,107,72,12,65,52,42,9,123,38,19,61" hai2="1,10,69,63,43,84,16,80,45,66,11,120,109" hai3="93,41,30,87,70,27,5,92,131,51,111,96,23"/><W47/><G131/><T90/><D126/><U46/><E107/><V67/><F109/><W114/><G114/><T58/><D71/><U15/><E123/><V44/><F120/><W97/><G111/><T14/><D0/><U4/><E72/><V74/><F67/><W53/><G70/><T88/><D14/><U13/><E95/><V35/><F35/><W76/><G5/><T104/><D54/><U25/><E25/><V85/><F45/><W117/><G117/><T29/><D29/><U125/><E125/><V22/><F11/><W128/><G128/><T55/><D55/><U48/><REACH who="1" step="1"/><E4/><REACH who="1" ten="237,167,310,276" step="2"/><V127/><F127/><W132/><G93/><N who="0" m="54423" /><D90/><U60/><E60/><V33/><F63/><W124/><G124/><T118/><D118/><U3/><E3/><V75/><F1/><W101/><G27/><T91/><D91/><U113/><E113/><V28/><F74/><W64/><G101/><T106/><D104/><U81/><E81/><V94/><F94/><W115/><G92/><T105/><D106/><U59/><AGARI ba="0,1" hai="9,12,13,15,19,38,42,46,48,52,59,61,65,68" machi="59" ten="20,12000,2" yaku="1,1,0,1,7,1,24,2,54,1,53,0" doraHai="108" doraHaiUra="18" who="1" fromWho="1" sc="237,-30,167,130,310,-30,276,-60" /><INIT seed="4,0,0,1,4,38" ten="207,297,280,216" oya="0" hai0="63,3,56,26,100,50,83,25,124,104,23,80,29" hai1="132,106,12,112,77,75,129,24,76,15,121,103,125" hai2="59,105,41,114,110,123,70,73,99,44,98,5,31" hai3="95,86,72,11,49,107,51,74,90,1,85,130,69"/><T60/><D3/><U66/><E121/><V118/><F110/><W109/><G69/><T9/><D124/><U20/><E125/><V8/><F123/><W54/><G109/><T128/><D128/><U88/><E129/><V28/><F70/><W4/><G130/><T55/><D104/><U102/><E66/><V36/><F114/><W78/><G107/><T92/><D9/><U48/><E112/><V35/><F118/><W42/><G42/><T6/><D6/><U119/><E119/><V108/><F108/><W67/><G67/><T27/><D27/><U57/><E75/><V58/><F58/><W115/><G115/><T16/><D100/><N who="1" m="38443" /><E88/><V126/><F126/><W91/><G78/><N who="1" m="30314" /><E106/><V120/><F120/><W127/><G127/><T34/><REACH who="0" step="1"/><D92/><REACH who="0" ten="197,297,280,216" step="2"/><U93/><E93/><V135/><F105/><W32/><G32/><T113/><D113/><U96/><E96/><V94/><F94/><N who="3" m="54607" /><G72/><T65/><D65/><U0/><E0/><V47/><F73/><W122/><G74/><T13/><D13/><U10/><E10/><V89/><F5/><W133/><G122/><T39/><D39/><U71/><E71/><V101/><F8/><W45/><G133/><T33/><D33/><U62/><E132/><V97/><F101/><W7/><G4/><T81/><AGARI ba="0,1" hai="16,23,25,26,29,34,50,55,56,60,63,80,81,83" machi="81" ten="30,6000,0" yaku="1,1,0,1,54,1,53,0" doraHai="38" doraHaiUra="82" who="0" fromWho="0" sc="197,70,297,-20,280,-20,216,-20" /><INIT seed="4,1,0,3,0,6" ten="267,277,260,196" oya="0" hai0="98,44,95,66,109,24,45,97,7,49,77,63,28" hai1="36,27,5,67,131,74,13,88,80,113,1,130,99" hai2="39,117,114,134,37,101,23,118,3,104,119,129,107" hai3="34,56,9,46,16,89,62,47,4,52,76,116,96"/><T19/><D109/><U72/><E1/><V84/><F3/><W103/><G116/><T61/><D7/><U133/><E36/><N who="2" m="13899" /><F101/><W15/><G34/><T8/><D77/><U75/><E67/><V87/><F114/><W83/><G89/><T31/><D45/><U121/><E121/><V38/><N who="2" m="13907" /><V53/><DORA hai="11" /><F53/><W60/><G60/><N who="0" m="23115" /><D66/><U94/><E113/><V82/><F134/><W51/><G4/><T12/><D24/><U17/><E27/><V64/><F64/><W93/><REACH who="3" step="1"/><G62/><REACH who="3" ten="267,277,260,186" step="2"/><T126/><D126/><U65/><E65/><V128/><F128/><N who="1" m="49193" /><E133/><V110/><F129/><W105/><G105/><T115/><D115/><U57/><E5/><V22/><F110/><W33/><G33/><T29/><D95/><U120/><E120/><V30/><F107/><W43/><G43/><AGARI ba="1,1" hai="8,12,19,28,29,31,43,44,49,97,98" m="23115" machi="43" ten="30,5800,0" yaku="8,1,52,2" doraHai="6,11" who="0" fromWho="3" sc="267,71,277,0,260,0,186,-61" owari="338,43.8,277,7.7,260,-14.0,125,-37.5" /></mjloggm>