<mjloggm ver="2.3"><GO type="225" lobby="0"/><UN n0="%E5%A4%9C%E3%81%AE%E3%82%AC%E3%82%B9%E3%83%91%E3%83%BC%E3%83%AB" n1="%E3%81%8B%E3%82%8F%E3%81%A1%E3%82%83%E3%82%93%35%38" n2="%E8%B6%85%E7%B4%9A%E9%B3%B3%E5%87%B0" n3="%E6%9D%B1%E9%A2%A8%E3%81%AE%E3%81%8D%E3%82%83%E3%81%B7%E3%81%95%E3%82%93" dan="16,16,16,16" rate="2089.96,2114.50,2153.19,2142.15" sx="M,M,M,M"/><TAIKYOKU oya="0"/><INIT seed="0,0,0,5,2,37" ten="250,250,250,250" oya="0" hai0="6,128,55,8,103,124,44,45,132,131,106,121,134" hai1="46,115,122,35,75,62,83,39,120,73,133,111,69" hai2="104,93,5,81,109,65,27,25,84,117,2,135,38" hai3="15,129,11,34,74,66,127,16,68,54,48,118,85"/><T97/><D121/><U14/><E14/><V53/><F104/><W58/><G74/><N who="1" m="28170" /><E83/><V80/><F38/><W51/><G129/><N who="0" m="49739" /><D55/><U0/><E111/><V108/><F135/><N who="0" m="51754" /><D124/><U77/><E77/><V100/><F5/><W64/><G127/><T7/><D7/><U99/><E120/><V119/><F2/><AGARI ba="0,0" hai="2,6,8,44,45,97,103,106" m="51754,49739" machi="2" ten="30,2900,0" yaku="19,1,20,1" doraHai="37" who="0" fromWho="2" sc="250,29,250,0,250,-29,250,0" /><INIT seed="0,1,0,3,0,108" ten="279,250,221,250" oya="0" hai0="7,64,61,50,106,91,14,126,100,93,29,135,13" hai1="32,37,92,76,43,124,31,78,24,48,1,80,115" hai2="18,87,72,17,96,122,69,97,85,113,112,90,111" hai3="120,25,75,74,133,89,70,41,19,58,3,84,123"/><T117/><D117/><U67/><E1/><V79/><F122/><N who="3" m="46635" /><G41/><T26/><D126/><U66/><E37/><V83/><F69/><W9/><G58/><T28/><D135/><U5/><E5/><V132/><F111/><W52/><G70/><T81/><D81/><U44/><E78/><N who="2" m="44487" /><F17/><W54/><G133/><T95/><D106/><U102/><E124/><V129/><F18/><W10/><G3/><T16/><D7/><U56/><E56/><V11/><F11/><N who="3" m="4107" /><G25/><T12/><D50/><U119/><E119/><V94/><F132/><W105/><G19/><T71/><D100/><U121/><E121/><V15/><F15/><W39/><G39/><T103/><D103/><U57/><E57/><V36/><F36/><W46/><G105/><T63/><D63/><U68/><E43/><V21/><F21/><W0/><G0/><T109/><D109/><U49/><E44/><V101/><F129/><W98/><G98/><N who="2" m="37993" /><F101/><W35/><G35/><T88/><D29/><U62/><E32/><V134/><F134/><W59/><G46/><T118/><D28/><U20/><E31/><V77/><F87/><W125/><G125/><T60/><D118/><U55/><E102/><V127/><F127/><W22/><G22/><N who="0" m="11527" /><D61/><U38/><E38/><V107/><F107/><W110/><G110/><T47/><D47/><U23/><E68/><V8/><F8/><W65/><G65/><N who="1" m="24586" /><E23/><V131/><F131/><W45/><G45/><T73/><D71/><U116/><E20/><V33/><F33/><W42/><G42/><T30/><D64/><U128/><E128/><V34/><F34/><RYUUKYOKU ba="1,0" sc="279,-10,250,-10,221,30,250,-10" hai2="77,79,85,90,94,112,113" /><INIT seed="1,2,0,0,3,116" ten="269,240,251,240" oya="1" hai0="42,13,126,16,25,41,10,46,134,55,23,7,1" hai1="47,104,106,15,107,52,128,122,63,4,68,123,53" hai2="96,80,62,30,64,11,78,132,88,49,94,38,60" hai3="35,19,73,28,2,113,109,5,44,17,121,0,90"/><U58/><E68/><V120/><F38/><W74/><G109/><T77/><D126/><U103/><E103/><V43/><F132/><W45/><G113/><T92/><D134/><U114/><E114/><V131/><F131/><W72/><G90/><T59/><D77/><U29/><E128/><V118/><F118/><W22/><G121/><T54/><D1/><U105/><E105/><V124/><F124/><W81/><G81/><T34/><D34/><U65/><E29/><V133/><F133/><W84/><G84/><T66/><D92/><U3/><E3/><V102/><F30/><W20/><G73/><T26/><D26/><U56/><E47/><V33/><F33/><W101/><G28/><T87/><D87/><U112/><E112/><V8/><F102/><W14/><G35/><T127/><D127/><U130/><E65/><V36/><F36/><W39/><G39/><T32/><D32/><U95/><E95/><V18/><F120/><W85/><G101/><T100/><D100/><U125/><E125/><V40/><F49/><W67/><G85/><T48/><D42/><N who="2" m="15914" /><F18/><W110/><G5/><T82/><D82/><U71/><E71/><V79/><F62/><AGARI ba="2,0" hai="7,10,13,16,23,25,41,46,48,54,55,59,62,66" machi="62" ten="40,2600,0" yaku="8,1,54,1" doraHai="116" who="0" fromWho="2" sc="269,32,240,0,251,-32,240,0" /><INIT seed="2,0,0,0,4,14" ten="301,240,219,240" oya="2" hai0="24,42,96,73,2,100,7,18,37,121,32,132,80" hai1="87,15,86,31,101,69,64,65,16,45,67,39,59" hai2="129,46,34,27,72,40,93,22,75,0,85,97,110" hai3="29,56,1,70,50,57,54,4,108,115,127,11,52"/><V10/><F129/><W61/><G108/><T17/><D121/><U38/><E69/><V41/><F34/><W49/><G127/><T120/><D120/><U78/><E39/><V44/><F110/><W131/><G29/><T28/><D132/><U84/><E31/><V68/><F68/><W60/><G131/><T26/><D26/><U105/><E105/><V9/><F0/><W126/><G126/><T58/><D58/><U107/><E107/><V20/><F85/><N who="1" m="32873" /><E38/><V76/><F76/><W53/><G115/><T130/><D130/><U23/><E101/><V81/><F27/><W106/><G106/><T88/><D100/><U66/><E45/><V6/><F93/><W99/><G99/><T83/><D83/><N who="1" m="47607" /><E67/><V134/><F81/><W5/><G70/><T109/><D109/><U124/><E124/><V51/><F97/><W33/><G33/><T62/><D96/><U21/><E21/><V118/><F6/><W12/><G54/><T104/><D104/><U92/><E92/><V123/><F123/><W90/><G90/><T19/><D88/><U25/><E25/><V36/><F118/><W77/><G77/><T98/><D98/><U13/><E13/><V48/><REACH who="2" step="1"/><F36/><REACH who="2" ten="301,240,209,240" step="2"/><W79/><G79/><T89/><D2/><U112/><E112/><V113/><F113/><W111/><G111/><T116/><D116/><U117/><E117/><V103/><F103/><W74/><G74/><T3/><D73/><U35/><E35/><V128/><F128/><W135/><G135/><AGARI ba="0,1" hai="9,10,20,22,40,41,44,46,48,51,72,75,134,135" machi="135" ten="25,4800,0" yaku="1,1,22,2,53,0" doraHai="14" doraHaiUra="95" who="2" fromWho="3" sc="301,0,240,0,209,58,240,-48" /><INIT seed="2,1,0,2,4,125" ten="301,240,267,192" oya="2" hai0="13,98,104,2,48,88,71,36,103,100,52,50,121" hai1="33,51,55,87,132,107,59,0,111,58,5,116,97" hai2="70,65,45,16,35,57,131,17,42,105,86,38,4" hai3="84,134,113,24,63,115,44,95,120,96,30,128,79"/><V20/><F35/><W61/><G120/><T54/><D2/><U62/><E33/><V127/><F105/><W25/><G44/><T83/><D36/><U15/><E0/><V28/><F127/><W49/><G49/><T108/><D71/><U26/><E26/><V99/><F4/><W81/><G134/><T41/><D121/><U101/><E116/><V12/><F99/><W135/><G135/><T74/><D108/><U27/><E27/><V117/><F117/><W21/><G24/><T123/><D123/><U126/><E132/><V72/><F72/><W106/><G106/><T29/><D29/><U93/><E126/><V31/><F70/><W94/><G94/><N who="0" m="56647" /><D41/><U90/><E111/><V1/><F1/><W22/><G22/><T68/><D68/><U7/><REACH who="1" step="1"/><E15/><REACH who="1" ten="301,230,267,192" step="2"/><V34/><F12/><W118/><G118/><T73/><D13/><U77/><E77/><V80/><F34/><W75/><G75/><T53/><D74/><U110/><E110/><V78/><F28/><W14/><G14/><T23/><D73/><U37/><E37/><V47/><F31/><W3/><G3/><T40/><D23/><U114/><E114/><N who="3" m="43530" /><G128/><T11/><D11/><U39/><E39/><V122/><F122/><W19/><G30/><T43/><D43/><U67/><AGARI ba="1,1" hai="5,7,51,55,58,59,62,67,87,90,93,97,101,107" machi="67" ten="20,5200,0" yaku="1,1,0,1,7,1,53,1" doraHai="125" doraHaiUra="56" who="1" fromWho="1" sc="301,-14,230,65,267,-27,192,-14" /><INIT seed="3,0,0,1,2,92" ten="287,295,240,178" oya="3" hai0="4,68,79,8,58,67,90,13,22,25,108,56,125" hai1="75,88,44,59,118,46,42,117,102,120,111,95,94" hai2="86,127,49,50,99,19,33,23,45,62,47,105,110" hai3="36,129,38,133,69,64,98,61,7,71,55,34,116"/><W73/><G73/><T11/><D108/><U82/><E120/><V21/><F33/><W66/><G34/><T134/><D125/><U0/><E0/><V74/><F74/><W135/><G7/><T32/><D32/><U28/><E28/><V107/><F110/><W103/><G116/><N who="1" m="44650" /><E111/><V16/><F86/><W54/><G129/><T52/><D134/><N who="3" m="51209" /><G98/><T53/><D79/><N who="1" m="44415" /><E42/><V93/><F93/><N who="1" m="35337" /><E102/><V31/><F31/><W15/><G15/><N who="0" m="5511" /><D68/><N who="3" m="26185" /><G103/><T126/><D126/><U91/><E59/><N who="0" m="22569" /><D67/><N who="3" m="25641" /><G61/><T57/><D90/><AGARI ba="0,0" hai="44,46,88,90,91" m="35337,44415,44650" machi="90" ten="30,2000,0" yaku="12,1,54,1" doraHai="92" who="1" fromWho="0" sc="287,-20,295,20,240,0,178,0" owari="267,6.7,315,41.5,240,-16.0,178,-32.2" /></mjloggm>