<mjloggm ver="2.3"><GO type="225" lobby="0"/><UN n0="%E9%80%86%E9%80%A3%E5%B8%AF%E3%81%AE%E9%AC%BC" n1="%E3%81%AF%E3%82%88%E3%81%8A%E3%81%98%E3%81%95%E3%82%93" n2="%E3%81%B5%E3%81%98%E3%81%8B%E3%81%A4" n3="%E3%81%8D%E3%82%85%E3%81%86" dan="16,17,16,16" rate="2137.19,2174.45,2195.76,2086.04" sx="M,M,M,M"/><TAIKYOKU oya="0"/><INIT seed="0,0,0,1,5,48" ten="250,250,250,250" oya="0" hai0="0,58,99,115,79,27,131,12,26,52,15,134,69" hai1="129,103,63,91,132,100,11,33,21,119,4,42,5" hai2="117,123,64,126,111,75,16,82,32,71,46,39,96" hai3="86,113,55,116,122,130,93,72,30,121,62,61,80"/><T104/><D0/><U106/><E33/><V57/><F123/><W41/><G116/><T101/><D115/><U77/><E119/><V105/><F117/><W38/><G113/><T68/><D134/><U78/><E132/><V1/><F1/><W125/><G125/><T10/><D131/><U118/><E118/><V88/><F126/><W8/><G72/><T114/><D114/><U45/><E129/><V112/><F112/><W53/><G93/><T2/><D2/><U23/><E106/><V85/><F32/><W7/><G30/><T60/><D15/><U108/><E108/><V14/><F71/><W47/><G130/><T31/><D79/><N who="1" m="30219" /><E63/><N who="2" m="37999" /><F39/><W135/><G135/><T128/><D128/><U66/><E66/><V110/><F75/><W59/><G62/><T65/><D65/><U94/><E45/><V49/><F105/><W102/><G102/><N who="1" m="38954" /><E42/><V18/><F96/><W127/><G127/><T97/><D97/><N who="1" m="57567" /><E11/><N who="2" m="6239" /><F18/><W70/><G70/><T17/><REACH who="0" step="1"/><D27/><REACH who="0" ten="240,250,250,250" step="2"/><U95/><E4/><V36/><F36/><W89/><REACH who="3" step="1"/><G55/><AGARI ba="0,1" hai="46,49,55,82,85,88,110,111" m="6239,37999" machi="55" ten="30,7700,0" yaku="25,1,52,1,54,2" doraHai="48" who="2" fromWho="3" sc="240,0,250,0,250,87,250,-77" /><INIT seed="1,0,0,2,0,132" ten="240,250,337,173" oya="1" hai0="106,113,74,83,38,7,49,17,18,90,0,67,127" hai1="3,73,66,16,44,105,29,20,95,111,31,56,93" hai2="35,25,42,21,89,120,110,129,11,40,27,61,94" hai3="98,28,62,50,45,130,76,15,34,57,72,64,119"/><U107/><E73/><V82/><F120/><W97/><G130/><T52/><D106/><U41/><E3/><V19/><F129/><W54/><G119/><T134/><D113/><U47/><E107/><V4/><F110/><W114/><G114/><T9/><D134/><U87/><E105/><V123/><F61/><W13/><G72/><T124/><D38/><U81/><E111/><V2/><F82/><W122/><G122/><T109/><D109/><U58/><E31/><V43/><F123/><W115/><G115/><T5/><D67/><U24/><E29/><V78/><F78/><W60/><G76/><T86/><D7/><U55/><E66/><V46/><F46/><N who="1" m="17449" /><E41/><V116/><F116/><W125/><G125/><N who="0" m="48203" /><D74/><U26/><E26/><V39/><F39/><W30/><G62/><T128/><D128/><U37/><E37/><V91/><F35/><W59/><G34/><T22/><D22/><U103/><E103/><V88/><REACH who="2" step="1"/><F25/><REACH who="2" ten="240,250,327,173" step="2"/><W23/><G30/><T53/><D53/><U71/><E55/><V102/><F102/><W92/><G45/><AGARI ba="0,1" hai="0,5,9,17,18,45,49,52,83,86,90" m="48203" machi="45" ten="30,8000,1" yaku="18,1,52,3,54,1" doraHai="132" who="0" fromWho="3" sc="240,90,250,0,327,0,173,-80" /><INIT seed="2,0,0,3,3,119" ten="330,250,327,93" oya="2" hai0="38,106,118,81,18,74,3,109,17,107,98,61,70" hai1="92,51,62,1,105,56,26,9,34,27,58,110,11" hai2="91,55,129,108,14,32,100,24,63,13,125,19,7" hai3="29,75,84,128,103,96,126,60,122,10,50,25,114"/><V102/><F125/><W134/><G75/><T77/><D118/><U72/><E105/><V52/><F129/><W93/><G128/><T97/><D109/><U94/><E72/><V121/><F108/><W59/><G126/><T101/><D3/><U21/><E110/><V115/><F121/><W90/><G134/><T44/><D38/><U0/><E51/><V48/><F32/><W64/><G114/><T5/><D5/><U85/><E85/><V123/><F123/><W67/><G122/><T82/><D44/><U40/><E21/><N who="2" m="13375" /><F91/><W36/><G36/><T20/><D82/><U117/><E117/><V88/><F115/><W2/><G2/><T53/><D20/><U113/><E113/><V30/><F30/><W33/><G10/><T43/><D43/><U16/><E40/><V87/><F63/><W31/><G31/><T73/><D73/><U120/><E62/><V22/><F22/><W131/><G50/><T76/><D76/><U42/><E42/><V8/><F14/><W83/><REACH who="3" step="1"/><G131/><REACH who="3" ten="330,250,327,83" step="2"/><T4/><D74/><U127/><E120/><V45/><F55/><AGARI ba="0,1" hai="25,29,33,55,59,60,64,67,83,84,90,93,96,103" machi="55" ten="30,7700,0" yaku="1,1,2,1,7,1,53,1" doraHai="119" doraHaiUra="89" who="3" fromWho="2" sc="330,0,250,0,327,-77,83,87" /><INIT seed="3,0,0,5,3,110" ten="330,250,250,170" oya="3" hai0="51,62,113,34,12,83,49,0,120,16,28,75,19" hai1="89,87,58,6,48,46,13,94,66,121,64,7,115" hai2="33,131,56,109,98,78,123,53,5,29,43,35,21" hai3="124,84,126,65,111,74,25,32,2,60,88,132,20"/><W71/><G111/><T9/><D120/><U127/><E115/><V81/><F109/><W97/><G74/><T103/><D113/><U100/><E121/><V24/><F123/><W82/><G132/><T68/><D0/><U90/><E127/><V15/><F131/><W42/><G2/><T118/><D118/><U36/><E36/><V112/><F43/><W4/><G4/><N who="1" m="1578" /><E100/><V134/><F98/><W76/><G32/><T93/><D19/><U91/><E13/><V14/><F134/><W44/><G97/><T55/><D28/><U79/><E58/><V52/><F53/><W50/><REACH who="3" step="1"/><G76/><REACH who="3" ten="330,250,250,160" step="2"/><T37/><D34/><U10/><E79/><V77/><F78/><W3/><G3/><T135/><D75/><U92/><E90/><V41/><F35/><W1/><G1/><T67/><D135/><U39/><E89/><V23/><F33/><W61/><G61/><T116/><D62/><U95/><E91/><V8/><F112/><W72/><G72/><T22/><D116/><U108/><E108/><V57/><F77/><W101/><G101/><T102/><D103/><U107/><E107/><V69/><F5/><W27/><G27/><T17/><D102/><U119/><E119/><V99/><F99/><W114/><G114/><T129/><D12/><U122/><E122/><V38/><F15/><W63/><G63/><T70/><D129/><U130/><E130/><V86/><F14/><W128/><G128/><T73/><D73/><U85/><E85/><V54/><F86/><W104/><G104/><T18/><D9/><U80/><E10/><V117/><F8/><RYUUKYOKU ba="0,1" sc="330,-10,250,-10,250,-10,160,30" hai3="20,25,42,44,50,60,65,71,82,84,88,124,126" /><INIT seed="3,1,1,2,4,90" ten="320,240,240,190" oya="3" hai0="53,5,39,103,40,132,88,25,80,44,125,98,113" hai1="41,131,130,45,129,115,79,55,33,92,12,27,63" hai2="83,21,135,15,69,81,49,11,36,9,114,93,6" hai3="133,43,117,48,105,76,16,72,96,87,86,71,75"/><W66/><G117/><T95/><D132/><U67/><E115/><V84/><F69/><W57/><G133/><T24/><D125/><U68/><E79/><V52/><F36/><W89/><G71/><T108/><D108/><U85/><E55/><V13/><F135/><W119/><G119/><T109/><D109/><U26/><E12/><V73/><F73/><W32/><G32/><T64/><D64/><U51/><E33/><V121/><F121/><W58/><G16/><T120/><D120/><U106/><E106/><V77/><F21/><W54/><G43/><T38/><D38/><U8/><E8/><V124/><F124/><W60/><G76/><T35/><D35/><U50/><E51/><V126/><F126/><W74/><REACH who="3" step="1"/><G89/><AGARI ba="1,1" hai="26,27,41,45,50,63,67,68,85,89,92,129,130,131" machi="89" ten="40,2600,0" yaku="19,1,52,1" doraHai="90" who="1" fromWho="3" sc="320,0,240,39,240,0,190,-29" owari="320,42.0,279,7.9,240,-16.0,161,-33.9" /></mjloggm>