<mjloggm ver="2.3"><GO type="225" lobby="0"/><UN n0="%72%69%6F%75%63%68%61%6E" n1="%E4%BF%BA%E3%81%A8%E5%A6%96%E5%A4%A2" n2="%48%61%61%61%6C%61%6E%64" n3="%E5%B8%86%E7%AB%8B%E5%A4%8F%E8%A1%A3" dan="17,17,18,16" rate="2197.69,2210.97,2161.72,2157.49" sx="M,F,M,M"/><TAIKYOKU oya="0"/><INIT seed="0,0,0,3,2,90" ten="250,250,250,250" oya="0" hai0="79,91,41,20,92,78,87,130,22,93,88,73,84" hai1="125,9,17,26,19,109,27,123,95,83,37,44,105" hai2="55,34,66,53,48,21,24,67,86,61,111,52,113" hai3="114,51,106,82,97,119,101,59,126,81,65,15,80"/><T28/><D130/><U85/><E123/><V13/><F113/><W4/><G114/><T47/><D73/><U115/><E115/><V11/><F111/><W102/><G126/><T129/><D129/><U117/><E117/><V42/><F34/><W94/><G119/><T72/><D72/><U131/><E105/><V103/><F103/><W5/><G15/><T58/><D58/><U110/><E131/><V89/><F42/><W98/><REACH who="3" step="1"/><G51/><REACH who="3" ten="250,250,250,240" step="2"/><N who="0" m="27119" /><D20/><U10/><E125/><V3/><F48/><W135/><G135/><T77/><D22/><U54/><E110/><V38/><F38/><W64/><G64/><T107/><D107/><U36/><E109/><V121/><F121/><W33/><G33/><T128/><D128/><U76/><E36/><V133/><F133/><W69/><G69/><T108/><D108/><U0/><E37/><V71/><F67/><W134/><G134/><T63/><D28/><U12/><E12/><V118/><F118/><W112/><G112/><T57/><D77/><U50/><E0/><V56/><F3/><W74/><G74/><T14/><D14/><U1/><E1/><V23/><F71/><W40/><G40/><T116/><D116/><U30/><E30/><V62/><F23/><W60/><AGARI ba="0,1" hai="4,5,59,60,65,80,81,82,94,97,98,101,102,106" machi="60" ten="30,4000,0" yaku="1,1,0,1,52,1,53,0" doraHai="90" doraHaiUra="7" who="3" fromWho="3" sc="250,-20,250,-10,250,-10,240,50" /><INIT seed="1,0,0,0,2,25" ten="230,240,240,290" oya="1" hai0="54,66,60,123,35,48,100,65,116,112,8,97,99" hai1="55,14,85,26,90,132,82,106,17,69,16,41,37" hai2="20,86,129,113,43,107,67,0,105,4,11,77,92" hai3="133,40,5,58,47,89,36,87,53,81,68,104,110"/><U127/><E106/><V117/><F117/><W3/><G110/><T62/><D112/><U76/><E69/><V103/><F113/><W19/><G133/><T2/><D116/><U84/><E132/><V30/><F129/><W109/><G109/><T115/><D115/><U128/><E128/><V119/><F119/><W57/><G104/><T102/><D123/><U126/><E55/><V33/><F33/><W73/><G68/><T70/><D35/><U95/><E26/><V46/><F67/><W114/><G114/><T59/><D2/><U75/><E17/><V111/><F111/><W31/><G31/><T71/><REACH who="0" step="1"/><D8/><REACH who="0" ten="220,240,240,290" step="2"/><U32/><E32/><V38/><F11/><W23/><G3/><T91/><D91/><U49/><E37/><V121/><F0/><W50/><G5/><T21/><D21/><U130/><E130/><V51/><F4/><W131/><G131/><T98/><AGARI ba="0,1" hai="48,54,59,60,62,65,66,70,71,97,98,99,100,102" machi="98" ten="30,4000,0" yaku="1,1,0,1,9,1,53,0" doraHai="25" doraHaiUra="80" who="0" fromWho="0" sc="220,50,240,-20,240,-10,290,-10" /><INIT seed="2,0,0,5,2,8" ten="270,220,230,280" oya="2" hai0="56,2,60,74,80,36,34,72,129,44,62,103,118" hai1="45,28,61,106,7,82,35,104,94,50,70,52,54" hai2="116,46,1,124,123,87,55,31,22,113,3,89,117" hai3="17,135,67,75,57,68,65,6,114,128,48,18,102"/><V11/><F113/><W92/><G75/><T51/><D34/><U85/><E7/><V40/><F123/><W69/><G128/><T115/><D115/><U112/><E112/><V119/><F124/><W12/><G135/><T0/><D129/><U130/><E130/><V20/><F55/><N who="3" m="31975" /><G69/><T14/><D118/><U83/><E104/><V37/><F31/><W5/><G18/><T126/><D126/><U4/><E106/><V107/><F107/><W47/><G47/><T131/><D131/><U134/><E134/><V33/><F33/><W88/><G102/><T120/><D120/><U77/><E4/><N who="3" m="1642" /><G68/><T21/><D36/><U122/><E122/><V19/><F11/><N who="3" m="6303" /><G114/><T91/><D103/><U63/><E70/><V38/><F37/><W132/><G132/><T108/><D74/><U29/><E35/><V9/><F9/><W64/><G64/><T13/><D72/><U133/><E133/><V76/><F22/><W49/><G49/><T59/><D21/><U86/><E54/><V111/><F111/><W27/><G27/><T15/><D108/><U32/><E32/><V78/><F1/><W10/><G10/><T58/><D0/><U93/><E28/><V25/><REACH who="2" step="1"/><F3/><REACH who="2" ten="270,220,220,280" step="2"/><W95/><G67/><T121/><D2/><U53/><E29/><V105/><F105/><W23/><G23/><T16/><D121/><U101/><E53/><V42/><F42/><W39/><G39/><T99/><D16/><U26/><E61/><V71/><F71/><W66/><G66/><T100/><D62/><U43/><E63/><V81/><AGARI ba="0,1" hai="19,20,25,38,40,46,76,78,81,87,89,116,117,119" machi="81" ten="30,3000,0" yaku="1,1,0,1,53,0" doraHai="8" doraHaiUra="96" who="2" fromWho="2" sc="270,-10,220,-10,220,40,280,-10" /><INIT seed="2,1,0,1,3,73" ten="260,210,260,270" oya="2" hai0="60,128,76,37,13,99,53,15,96,58,10,43,87" hai1="123,3,11,108,42,51,18,16,68,93,127,122,131" hai2="46,23,113,109,114,132,75,67,26,104,100,71,56" hai3="111,84,130,101,9,82,74,1,97,7,31,69,54"/><V88/><F71/><W35/><G111/><T89/><D128/><U21/><E68/><V102/><F109/><W40/><G130/><T55/><D76/><U64/><E108/><V29/><F132/><W105/><G40/><T94/><D15/><U110/><E110/><V119/><F119/><W17/><G69/><T107/><D107/><U126/><E64/><V72/><F72/><W57/><G35/><T50/><D43/><U116/><E131/><V59/><F75/><W6/><G31/><T135/><D37/><U78/><E116/><V83/><F46/><W92/><G105/><T28/><D28/><U106/><E106/><V8/><F8/><W45/><G45/><T121/><D121/><N who="1" m="46091" /><E93/><V14/><F14/><N who="3" m="7375" /><G74/><T47/><REACH who="0" step="1"/><D135/><REACH who="0" ten="250,210,260,270" step="2"/><U34/><E78/><V86/><F104/><W33/><G1/><T32/><D32/><U98/><E34/><V12/><F12/><W4/><G33/><T112/><D112/><U48/><E42/><V79/><F113/><W95/><G6/><AGARI ba="1,1" hai="6,10,13,47,50,53,55,58,60,87,89,94,96,99" machi="6" ten="30,3900,0" yaku="1,1,7,1,8,1,53,0" doraHai="73" doraHaiUra="134" who="0" fromWho="3" sc="250,52,210,0,260,0,270,-42" /><INIT seed="3,0,0,5,1,99" ten="302,210,260,228" oya="3" hai0="28,48,119,11,35,63,51,105,67,36,37,46,12" hai1="118,83,95,98,123,20,41,120,39,97,68,108,134" hai2="124,96,104,1,43,8,27,13,66,116,117,23,15" hai3="110,126,6,89,73,85,112,111,10,74,53,93,81"/><W22/><G112/><T109/><D119/><U78/><E68/><V106/><F1/><W115/><G115/><T130/><D105/><U25/><E118/><V32/><F32/><W61/><G126/><T72/><D72/><U90/><E108/><N who="3" m="41514" /><G22/><T24/><D48/><U16/><E134/><V21/><F124/><W60/><G53/><T131/><D109/><U58/><E97/><V18/><F66/><W38/><G38/><T17/><D131/><U102/><E90/><V9/><F43/><W2/><G74/><T82/><D82/><U4/><E4/><V45/><F45/><W29/><G29/><T107/><D107/><U44/><REACH who="1" step="1"/><E58/><REACH who="1" ten="302,200,260,228" step="2"/><V76/><F96/><N who="3" m="57391" /><G73/><AGARI ba="0,1" hai="16,20,25,39,41,44,73,78,83,95,98,102,120,123" machi="73" ten="30,8000,1" yaku="1,1,7,1,52,1,54,1,53,1" doraHai="99" doraHaiUra="42" who="1" fromWho="3" sc="302,0,200,90,260,0,228,-80" owari="302,40.2,290,9.0,260,-14.0,148,-35.2" /></mjloggm>