<mjloggm ver="2.3"><GO type="225" lobby="0"/><UN n0="%4E%49%4A%49%49%52%4F" n1="%E3%83%AD%E3%83%83%E3%83%86%E9%9B%80%E7%90%83" n2="%E9%A2%A8%E3%81%A7%E9%B3%B4%E3%81%8F" n3="%E6%80%AA%E3%81%97%E3%81%99%E3%81%8E%E3%82%8B%E3%83%81%E3%83%BC" dan="16,17,16,16" rate="2177.82,2181.79,2136.57,2175.19" sx="M,M,M,M"/><TAIKYOKU oya="0"/><INIT seed="0,0,0,4,1,49" ten="250,250,250,250" oya="0" hai0="106,27,113,50,29,34,111,61,107,58,57,55,64" hai1="5,20,4,129,15,108,52,97,22,83,23,31,121" hai2="40,100,127,89,59,93,39,85,131,60,116,69,77" hai3="98,82,81,103,47,117,75,11,94,24,73,80,124"/><T8/><D113/><U87/><E121/><V66/><F127/><W86/><G117/><T76/><D111/><U37/><E37/><V134/><F116/><W123/><G124/><T0/><REACH who="0" step="1"/><D76/><REACH who="0" ten="240,250,250,250" step="2"/><U104/><E108/><V41/><F77/><W54/><G123/><T133/><D133/><U2/><E129/><V130/><F134/><W90/><G73/><T21/><D21/><U17/><E22/><V114/><F114/><W74/><G75/><T53/><D53/><U135/><E135/><V70/><F131/><W128/><G74/><T26/><D26/><U88/><E23/><V67/><F130/><W112/><G128/><T30/><D30/><U122/><E31/><V13/><F67/><W63/><G24/><T7/><AGARI ba="0,1" hai="0,7,8,27,29,34,50,55,57,58,61,64,106,107" machi="7" ten="30,6000,0" yaku="1,1,0,1,52,1,53,0" doraHai="49" doraHaiUra="91" who="0" fromWho="0" sc="240,70,250,-20,250,-20,250,-20" /><INIT seed="0,1,0,3,4,49" ten="310,230,230,230" oya="0" hai0="106,84,64,121,18,40,127,21,46,4,29,120,135" hai1="6,124,128,74,62,31,78,115,26,56,117,17,43" hai2="48,53,89,67,71,5,68,104,55,88,122,14,91" hai3="105,63,25,58,96,97,34,59,10,75,83,108,12"/><T51/><D106/><U85/><E117/><V61/><F104/><W109/><G34/><T36/><D135/><U37/><E74/><V77/><F122/><W92/><G25/><T99/><D127/><U70/><E70/><V94/><F71/><W1/><G1/><T87/><D4/><U39/><E128/><V101/><F77/><N who="3" m="44479" /><G59/><T42/><D64/><U125/><E115/><V76/><F76/><W90/><G97/><T81/><D29/><U93/><E17/><V23/><F48/><W32/><G32/><T52/><D99/><U107/><E6/><V112/><F112/><W30/><G30/><T86/><D81/><N who="1" m="47287" /><E93/><V72/><F72/><W27/><G27/><T129/><D129/><U73/><E107/><V100/><F5/><N who="3" m="3151" /><G105/><T80/><D80/><U15/><E73/><V119/><F119/><W57/><G63/><T3/><D3/><U19/><E43/><V82/><F82/><W33/><G33/><T38/><D42/><U47/><E26/><V60/><F60/><W22/><G22/><T20/><D20/><N who="1" m="11391" /><E31/><V11/><F11/><W44/><G109/><T131/><D131/><U111/><E111/><V2/><F2/><W13/><G108/><T66/><D38/><U114/><E114/><V24/><F14/><W41/><G13/><T0/><D0/><U118/><E118/><V103/><REACH who="2" step="1"/><F94/><REACH who="2" ten="310,230,220,230" step="2"/><W134/><G134/><T45/><D121/><U123/><E123/><V98/><F98/><W132/><G132/><T16/><D120/><U133/><E133/><V113/><F113/><W130/><G130/><T28/><D36/><N who="1" m="13899" /><E47/><V7/><F7/><RYUUKYOKU ba="1,1" sc="310,-30,230,10,220,10,230,10" hai1="56,62,124,125" hai2="23,24,53,55,61,67,68,88,89,91,100,101,103" hai3="41,44,57,58,90,92,96" /><INIT seed="1,2,1,5,5,73" ten="280,240,230,240" oya="1" hai0="107,44,89,2,66,47,81,121,54,117,25,16,115" hai1="91,60,52,98,12,31,69,32,80,51,22,97,128" hai2="64,99,104,116,9,85,55,88,125,74,68,106,33" hai3="84,72,93,87,56,62,127,0,132,41,96,50,70"/><U18/><E128/><V38/><F74/><W111/><G72/><T43/><D117/><U34/><E69/><V19/><F38/><W59/><G0/><T82/><D2/><U1/><E1/><V124/><F33/><W78/><G111/><T126/><D107/><U53/><E34/><V27/><F116/><W129/><G70/><T4/><D115/><U90/><E32/><V39/><F39/><W26/><G127/><N who="2" m="48713" /><F99/><N who="1" m="37897" /><E31/><V101/><F101/><N who="3" m="60559" /><G132/><T11/><D126/><U63/><E53/><V86/><F86/><N who="3" m="32811" /><G129/><T118/><D66/><U67/><E67/><V109/><F109/><W113/><G113/><T102/><D121/><U40/><E40/><V37/><F37/><W77/><G26/><T20/><D118/><U65/><E65/><V119/><F119/><W7/><G7/><T112/><D112/><U24/><E24/><V110/><F110/><W6/><G6/><T95/><D102/><U21/><E21/><N who="2" m="13759" /><F9/><W103/><G103/><T13/><D54/><U57/><E80/><N who="0" m="30825" /><D43/><U71/><E71/><V3/><F3/><W133/><G133/><T35/><D35/><U15/><E12/><V14/><F14/><W105/><G105/><T108/><D108/><U123/><E123/><V83/><F55/><N who="3" m="31863" /><G41/><T100/><D100/><U120/><E120/><V58/><F68/><W122/><G122/><T30/><D4/><U5/><E5/><V114/><F114/><W48/><G48/><T131/><D131/><U76/><E51/><V92/><F83/><W29/><G29/><T45/><D45/><U75/><E63/><AGARI ba="2,1" hai="58,63,64,85,88,92,104,106" m="13759,48713" machi="63" ten="30,2000,0" yaku="18,1,54,1" doraHai="73" who="2" fromWho="1" sc="280,0,240,-26,230,36,240,0" /><INIT seed="2,0,0,4,2,26" ten="280,214,266,240" oya="2" hai0="22,49,112,110,125,100,45,101,44,105,72,120,68" hai1="119,4,79,135,75,107,28,39,5,23,12,91,121" hai2="13,64,16,54,67,21,114,65,41,123,43,60,73" hai3="117,78,62,94,132,81,133,113,69,40,57,51,96"/><V104/><F114/><W11/><G113/><T102/><D120/><U46/><E119/><V38/><F123/><W36/><G117/><T3/><D112/><U15/><E121/><V82/><F104/><W0/><G69/><T115/><D115/><U98/><E135/><N who="3" m="51786" /><G51/><T106/><D72/><U58/><E58/><N who="2" m="34903" /><F73/><N who="3" m="43215" /><G40/><N who="2" m="15433" /><F38/><W37/><G11/><T66/><D68/><U74/><E46/><V109/><F109/><W32/><G32/><T63/><D3/><U61/><E39/><V55/><F82/><W18/><G18/><T25/><D110/><U24/><E75/><V103/><F103/><N who="3" m="60823" /><G0/><T108/><D108/><U77/><E74/><V33/><F33/><W48/><G48/><T130/><D49/><U71/><E61/><V84/><F55/><AGARI ba="0,0" hai="36,37,55,57,62" m="60823,43215,51786" machi="55" ten="30,1000,0" yaku="20,1" doraHai="26" who="3" fromWho="2" sc="280,0,214,0,266,-10,240,10" /><INIT seed="3,0,0,1,5,59" ten="280,214,256,250" oya="3" hai0="111,119,4,23,33,91,41,101,75,58,83,20,29" hai1="18,102,64,78,47,0,45,55,106,14,57,70,6" hai2="8,74,65,110,134,21,77,39,120,122,125,113,2" hai3="1,96,109,128,61,129,27,68,108,118,10,94,81"/><W92/><G118/><T16/><D119/><U131/><E131/><N who="3" m="50250" /><G81/><T37/><D111/><N who="3" m="42569" /><G27/><N who="0" m="16639" /><D33/><U66/><E78/><V26/><F77/><W40/><G40/><T90/><D37/><U72/><E72/><V46/><F74/><W84/><G84/><T67/><D75/><U82/><E82/><V105/><F110/><W49/><G49/><T73/><D73/><U114/><E114/><V53/><F113/><W117/><G117/><T11/><D41/><U60/><E0/><V50/><F39/><W48/><G48/><T22/><D101/><U13/><E102/><V133/><F105/><W89/><G92/><T25/><D22/><N who="1" m="11599" /><E70/><V63/><F120/><W135/><G135/><T95/><D95/><U15/><E106/><V99/><F122/><W24/><G24/><T112/><D83/><U7/><E45/><V130/><F130/><W80/><G80/><T69/><D112/><U54/><E54/><V9/><F133/><W38/><G38/><T93/><D93/><U62/><E47/><V126/><F134/><W116/><G116/><T79/><D79/><U36/><E36/><V115/><F115/><W12/><G1/><T35/><D90/><U86/><E86/><V123/><F123/><W34/><G34/><T132/><D35/><U121/><E121/><V42/><F42/><W52/><G68/><T30/><D69/><N who="1" m="42119" /><E55/><V31/><F2/><W85/><G85/><T104/><D132/><U3/><E3/><V43/><F43/><W87/><G87/><T103/><D104/><U28/><E28/><V98/><F31/><W71/><G71/><T5/><D30/><RYUUKYOKU ba="0,0" sc="280,-10,214,30,256,-10,250,-10" hai1="6,7,14,15,57,62,66" /><INIT seed="4,1,0,1,2,82" ten="270,244,246,240" oya="0" hai0="49,124,1,89,96,109,66,79,84,32,48,50,92" hai1="131,125,85,87,111,42,27,40,41,106,130,44,20" hai2="3,11,58,37,118,99,26,60,34,135,4,39,38" hai3="2,81,128,57,61,94,33,25,91,63,53,31,70"/><T72/><D1/><U21/><E111/><V56/><F135/><W97/><G128/><N who="1" m="49194" /><E125/><V95/><F118/><W73/><G2/><T18/><D109/><U78/><E106/><V52/><F34/><W86/><G73/><T12/><D124/><U74/><E21/><V126/><F126/><W71/><REACH who="3" step="1"/><G63/><REACH who="3" ten="270,244,246,230" step="2"/><T108/><D72/><U0/><E0/><V7/><F7/><W102/><AGARI ba="1,1" hai="25,31,33,53,57,61,70,71,81,86,91,94,97,102" machi="102" ten="20,8000,1" yaku="1,1,2,1,0,1,7,1,52,1,53,0" doraHai="82" doraHaiUra="110" who="3" fromWho="3" sc="270,-41,244,-21,246,-21,230,93" owari="229,2.9,223,-27.7,225,-17.5,323,42.3" /></mjloggm>