<mjloggm ver="2.3"><GO type="225" lobby="0"/><UN n0="%33%74%72%65%65" n1="%E3%83%A1%E3%82%AC%E3%83%87%E3%82%B8" n2="%E6%B4%BE%E9%81%A3%E3%81%AE%E3%82%B8%E3%83%A3%E3%83%83%E3%82%AF" n3="%72%69%6F%75%63%68%61%6E" dan="16,16,16,17" rate="2142.43,2075.61,2153.40,2161.07" sx="F,F,M,M"/><TAIKYOKU oya="0"/><INIT seed="0,0,0,3,0,49" ten="250,250,250,250" oya="0" hai0="127,115,7,5,59,88,56,74,34,128,62,92,51" hai1="21,15,90,61,76,82,118,36,11,116,65,10,50" hai2="126,31,28,25,119,114,106,109,107,110,6,1,98" hai3="120,58,67,3,133,75,85,17,19,135,32,80,101"/><T29/><D115/><U79/><E36/><V78/><F114/><W71/><G71/><T86/><D74/><U47/><E21/><V129/><F126/><W81/><G3/><T91/><D127/><U46/><E46/><V53/><F129/><W23/><G32/><T18/><D128/><U8/><E118/><V68/><F68/><W54/><G120/><T87/><D34/><U77/><E116/><V134/><F119/><W12/><G67/><T117/><D29/><U122/><E122/><V100/><F106/><W16/><G101/><T70/><D70/><U111/><E111/><N who="2" m="42507" /><F78/><W89/><G80/><T2/><D2/><U108/><E108/><V113/><F113/><W30/><G75/><T38/><D38/><U84/><E61/><V73/><F73/><W41/><G41/><T104/><D104/><U55/><REACH who="1" step="1"/><E65/><REACH who="1" ten="250,240,250,250" step="2"/><V4/><F31/><W102/><G30/><T121/><D117/><U42/><E42/><V40/><F40/><W27/><G102/><T45/><D121/><U69/><E69/><V131/><F131/><W96/><G135/><T125/><D125/><U132/><E132/><V52/><F134/><W57/><G133/><T39/><D39/><U64/><E64/><V94/><F107/><W60/><G58/><T123/><D123/><U24/><E24/><V43/><F43/><W13/><G96/><T0/><D59/><U99/><E99/><V44/><F44/><W124/><G124/><T37/><D45/><U97/><E97/><V63/><F63/><W83/><G83/><T72/><D62/><U66/><E66/><V9/><F28/><RYUUKYOKU ba="0,1" sc="250,-15,240,15,250,-15,250,15" hai1="8,10,11,15,47,50,55,76,77,79,82,84,90" hai3="12,13,16,17,19,23,27,54,57,60,81,85,89" /><INIT seed="1,1,1,5,2,57" ten="235,255,235,265" oya="1" hai0="129,6,58,90,32,9,69,53,127,27,23,96,100" hai1="103,31,85,74,80,77,109,52,107,120,88,121,19" hai2="17,45,108,28,49,82,126,116,25,14,5,132,99" hai3="42,43,117,7,36,83,65,37,76,26,33,130,18"/><U44/><E31/><V79/><F116/><W87/><G117/><T68/><D129/><U94/><E109/><V11/><F108/><W73/><G130/><T104/><D32/><U93/><E19/><V105/><F126/><W86/><G7/><T50/><D90/><N who="1" m="53455" /><E44/><V60/><F132/><W97/><G65/><T40/><D40/><U133/><E52/><N who="2" m="29743" /><F105/><W91/><G97/><T124/><D124/><U70/><E70/><V3/><F99/><W128/><G128/><T34/><D34/><U118/><E118/><V122/><F122/><N who="1" m="47209" /><E107/><V55/><F3/><W72/><G36/><T112/><D112/><U39/><E39/><V47/><F28/><W38/><G38/><T59/><D59/><U81/><E133/><V134/><F134/><W8/><G37/><T2/><D127/><U30/><E30/><AGARI ba="1,1" hai="2,6,9,23,27,30,50,53,58,68,69,96,100,104" machi="30" ten="30,1000,0" yaku="7,1" doraHai="57" who="0" fromWho="1" sc="235,23,255,-13,235,0,265,0" /><INIT seed="2,0,0,5,3,82" ten="258,242,235,265" oya="2" hai0="53,5,18,108,130,70,79,133,66,88,114,109,26" hai1="37,117,1,123,14,103,58,105,6,121,11,15,52" hai2="32,33,57,75,59,29,113,77,131,111,84,119,27" hai3="81,129,44,60,134,56,83,126,54,63,74,98,48"/><V24/><F119/><W20/><G129/><T69/><D114/><U93/><E105/><V85/><F113/><W39/><G126/><T13/><D130/><U0/><E37/><V71/><F71/><W28/><G134/><T49/><D79/><U124/><E117/><V62/><F131/><W120/><G120/><N who="1" m="46154" /><E124/><V97/><F111/><N who="0" m="42570" /><D66/><U116/><E116/><V99/><F77/><W102/><G39/><T46/><D5/><U42/><E42/><V12/><F12/><W51/><G51/><T118/><D26/><U4/><E15/><V92/><F75/><W78/><G83/><T95/><D133/><U110/><E110/><V132/><F132/><W94/><REACH who="3" step="1"/><G44/><REACH who="3" ten="258,242,235,255" step="2"/><T47/><D46/><U112/><E112/><V2/><F2/><W100/><G100/><T36/><D36/><U90/><E103/><V91/><F99/><W87/><G87/><N who="0" m="52639" /><D118/><U22/><E1/><V106/><F106/><W122/><G122/><T55/><D55/><U43/><E43/><V34/><F59/><W23/><G23/><AGARI ba="0,1" hai="13,18,23,47,49,53,69,70" m="52639,42570" machi="23" ten="30,3900,0" yaku="14,1,52,1,54,1" doraHai="82" who="0" fromWho="3" sc="258,49,242,0,235,0,255,-39" /><INIT seed="3,0,0,0,4,122" ten="307,242,235,216" oya="3" hai0="39,20,59,42,27,80,103,1,135,123,92,7,98" hai1="36,4,67,28,52,61,111,56,68,22,125,121,18" hai2="5,95,16,3,106,71,24,89,119,14,74,58,88" hai3="10,26,34,43,129,63,100,133,84,128,51,29,105"/><W115/><G115/><T40/><D123/><U32/><E121/><V120/><F120/><W97/><G133/><T38/><D38/><U127/><E36/><V104/><F71/><W108/><G108/><T65/><D135/><U87/><E111/><V35/><F74/><W15/><G84/><T13/><D39/><U44/><E44/><V102/><F119/><W66/><G51/><T94/><D1/><U79/><E4/><V2/><F58/><W114/><G43/><T9/><D92/><U112/><E112/><V107/><F102/><W76/><G76/><T17/><D80/><N who="1" m="47519" /><E28/><V130/><F130/><W134/><G134/><T41/><D59/><U31/><E31/><N who="2" m="19943" /><F95/><W47/><G47/><T64/><AGARI ba="0,0" hai="7,9,13,17,20,27,40,41,42,64,65,94,98,103" machi="64" ten="30,2000,0" yaku="0,1,8,1" doraHai="122" who="0" fromWho="0" sc="307,20,242,-5,235,-5,216,-10" owari="327,42.7,237,3.7,230,-17.0,206,-29.4" /></mjloggm>