<mjloggm ver="2.3"><GO type="225" lobby="0"/><UN n0="%E3%82%BC%E3%83%AB%E3%83%80%E3%81%AE%E4%BC%9D%E8%AA%AC" n1="%48%61%61%61%6C%61%6E%64" n2="%E6%81%A5%E6%99%92%E3%81%97" n3="%E4%BF%BA%E3%81%A8%E5%A6%96%E5%A4%A2" dan="18,18,16,17" rate="2216.18,2184.33,2097.04,2176.66" sx="M,M,M,F"/><TAIKYOKU oya="0"/><INIT seed="0,0,0,5,2,65" ten="250,250,250,250" oya="0" hai0="25,7,97,14,45,3,40,134,85,76,84,5,23" hai1="117,80,113,42,89,95,37,39,77,98,116,63,0" hai2="20,2,17,33,64,87,6,9,32,114,110,22,13" hai3="16,121,88,126,48,120,132,36,41,31,60,72,34"/><T104/><D3/><U131/><E131/><V59/><F114/><W62/><G36/><T130/><D130/><U11/><E113/><V133/><F133/><W28/><G72/><T26/><D134/><U54/><E54/><V86/><F110/><W101/><G101/><T79/><D104/><U56/><E39/><V94/><F94/><W18/><G132/><T122/><D97/><U112/><E112/><V4/><F86/><N who="0" m="33386" /><D122/><N who="3" m="47209" /><G88/><T52/><D40/><U61/><E42/><V96/><F87/><W47/><G126/><T67/><D67/><U73/><E37/><V38/><F38/><W19/><G34/><N who="2" m="13417" /><F59/><W78/><G78/><N who="0" m="29739" /><D14/><U1/><E1/><N who="2" m="143" /><F64/><W123/><N who="3" m="47217" /><W70/><DORA hai="74" /><G70/><T24/><D23/><U30/><E73/><V103/><F96/><W58/><G62/><T12/><D12/><U129/><E63/><V93/><F93/><W82/><G82/><T35/><D35/><U44/><E129/><V75/><F103/><W91/><G91/><T46/><D46/><U135/><E44/><V29/><F75/><W81/><G81/><T90/><D90/><U71/><E135/><V106/><F106/><W109/><G109/><T83/><D83/><U100/><E89/><V21/><F29/><W105/><G105/><T66/><D66/><AGARI ba="0,0" hai="16,18,19,28,31,41,47,48,58,60,66" m="47217" machi="66" ten="40,2600,0" yaku="13,1,54,1" doraHai="65,74" who="3" fromWho="0" sc="250,-26,250,0,250,0,250,26" /><INIT seed="1,0,0,0,3,124" ten="224,250,250,276" oya="1" hai0="63,5,106,12,92,82,81,135,87,110,33,53,105" hai1="2,66,120,25,50,113,109,14,49,15,59,62,1" hai2="91,35,18,43,28,131,60,93,134,26,72,123,96" hai3="112,7,68,74,39,101,94,128,16,10,75,114,6"/><U54/><E113/><V42/><F134/><W98/><G39/><T73/><D33/><U71/><E120/><V47/><F123/><W29/><G68/><T52/><D135/><U115/><E115/><V21/><F72/><W126/><G126/><T130/><D110/><U36/><E109/><V22/><F35/><W84/><G114/><T88/><D73/><U132/><E132/><V24/><F131/><W125/><G128/><T99/><D130/><U38/><E25/><V56/><REACH who="2" step="1"/><F47/><REACH who="2" ten="224,250,240,276" step="2"/><W51/><G75/><T17/><D106/><U76/><E76/><V116/><F116/><W108/><G74/><T65/><D105/><U103/><E1/><V86/><F86/><W40/><G112/><T79/><D82/><U122/><E2/><V111/><F111/><W102/><G84/><T83/><D81/><U27/><E122/><V19/><F19/><W55/><G108/><T30/><D30/><U37/><E27/><V133/><F133/><W80/><G29/><T119/><D119/><U97/><REACH who="1" step="1"/><E49/><REACH who="1" ten="224,240,240,276" step="2"/><V57/><F57/><W23/><G125/><T46/><D46/><U31/><E31/><V104/><F104/><AGARI ba="0,2" hai="14,15,36,37,38,50,54,59,62,66,71,97,103,104" machi="104" ten="40,2000,0" yaku="1,1,53,0" doraHai="124" doraHaiUra="20" who="1" fromWho="2" sc="224,0,240,40,240,-20,276,0" /><INIT seed="1,1,0,0,0,63" ten="224,280,220,276" oya="1" hai0="129,85,80,77,135,58,83,34,134,33,100,67,7" hai1="30,91,60,111,128,120,131,70,23,18,78,21,125" hai2="110,73,12,102,117,42,14,29,93,43,108,97,124" hai3="15,115,57,54,69,86,40,38,72,114,95,132,24"/><U119/><E119/><V94/><F117/><W82/><G69/><T107/><D7/><U103/><E120/><V11/><F73/><W89/><G132/><N who="0" m="50731" /><D129/><N who="1" m="49739" /><E125/><V123/><F123/><W36/><G24/><T64/><D58/><U37/><E37/><V84/><F29/><W74/><G15/><T26/><D80/><U45/><E103/><V5/><F124/><W106/><G106/><T81/><D81/><U44/><E78/><V87/><F14/><W25/><G25/><T79/><D79/><U49/><E111/><N who="2" m="42539" /><F94/><W101/><G72/><T27/><D27/><N who="1" m="16751" /><E91/><V62/><F62/><W98/><G74/><T121/><D121/><U113/><E113/><V104/><F104/><W109/><G109/><T35/><D26/><N who="1" m="14711" /><E49/><V10/><F10/><W39/><G114/><T52/><D52/><U8/><E8/><V71/><F71/><W28/><G115/><T9/><D9/><U99/><E70/><V68/><F68/><W0/><G40/><AGARI ba="1,0" hai="5,11,12,40,42,43,84,87,93,97,102" m="42539" machi="40" ten="30,1000,0" yaku="14,1" doraHai="63" who="2" fromWho="3" sc="224,0,280,0,220,13,276,-13" /><INIT seed="2,0,0,0,3,81" ten="224,280,233,263" oya="2" hai0="74,28,70,129,25,91,130,15,49,126,133,46,16" hai1="56,96,5,39,69,94,75,102,14,48,58,59,103" hai2="8,21,97,101,105,20,117,65,11,9,79,42,1" hai3="44,87,90,66,35,29,114,83,17,33,24,119,13"/><V76/><F117/><W125/><G119/><T78/><D70/><U93/><E39/><V95/><F1/><W84/><G125/><T120/><D120/><U37/><E37/><V52/><F42/><W57/><G114/><T7/><D126/><U124/><E75/><V92/><F65/><W41/><G35/><T86/><D7/><U54/><E69/><V110/><F110/><W104/><G104/><T113/><D113/><U55/><E124/><V62/><F105/><W6/><G6/><T53/><D133/><U32/><E32/><V43/><F43/><W50/><G57/><T22/><D78/><N who="2" m="29738" /><F95/><W40/><G66/><T64/><D64/><U80/><E80/><V121/><F121/><W72/><G72/><T68/><D68/><U106/><E54/><V63/><F63/><W60/><G60/><T31/><D74/><U2/><E2/><V115/><F115/><W108/><G108/><T116/><D116/><U100/><E93/><V98/><F97/><W67/><G67/><T3/><D3/><U99/><E99/><V71/><F71/><W134/><G134/><T30/><REACH who="0" step="1"/><D25/><REACH who="0" ten="214,280,233,263" step="2"/><U0/><E0/><V47/><F47/><W112/><G112/><T132/><D132/><U4/><E58/><AGARI ba="0,1" hai="8,9,11,20,21,52,58,62,92,98,101" m="29738" machi="58" ten="30,2900,0" yaku="8,1,54,1" doraHai="81" who="2" fromWho="1" sc="214,0,280,-29,233,39,263,0" /><INIT seed="2,1,0,2,2,89" ten="214,251,272,263" oya="2" hai0="88,122,8,83,27,78,23,111,64,127,26,40,36" hai1="106,13,133,20,61,92,37,81,129,67,94,134,125" hai2="3,30,21,73,17,113,102,10,124,32,25,90,79" hai3="91,34,2,112,7,120,47,110,131,123,9,49,41"/><V43/><F113/><W58/><G112/><T44/><D122/><U104/><E37/><V87/><F124/><W62/><G34/><T130/><D127/><U56/><E125/><V0/><F102/><W57/><G110/><T98/><D111/><U35/><E35/><V48/><F73/><W109/><G109/><T93/><D130/><U45/><E129/><V19/><F79/><W33/><G33/><T96/><D64/><U103/><E81/><V119/><F119/><W42/><G131/><T84/><D8/><U15/><E45/><V126/><F126/><W29/><G29/><T100/><REACH who="0" step="1"/><D23/><REACH who="0" ten="204,251,272,263" step="2"/><U116/><E20/><V1/><F10/><W115/><G123/><T53/><D53/><U55/><E55/><V59/><F21/><W108/><G120/><T39/><D39/><U101/><E67/><V60/><F32/><W24/><G108/><T77/><D77/><U46/><E116/><V114/><F114/><W99/><G115/><T63/><D63/><U72/><E61/><V69/><F60/><W65/><G65/><T86/><D86/><U75/><E56/><V4/><F59/><W6/><G62/><T66/><D66/><U28/><E46/><V12/><F69/><W11/><G41/><T82/><D82/><U71/><E71/><V70/><F70/><W128/><G128/><T31/><D31/><AGARI ba="1,1" hai="13,15,28,31,72,75,92,94,101,103,104,106,133,134" machi="31" ten="25,6400,0" yaku="22,2,52,2" doraHai="89" who="1" fromWho="0" sc="204,-67,251,77,272,0,263,0" /><INIT seed="3,0,0,5,1,111" ten="137,328,272,263" oya="3" hai0="105,103,10,40,90,114,22,3,106,39,21,77,7" hai1="135,122,99,101,42,68,6,120,121,0,82,129,115" hai2="23,45,109,25,26,86,91,71,35,118,59,76,124" hai3="134,24,5,58,52,67,33,66,44,64,94,123,36"/><W93/><G123/><T117/><D117/><U29/><E115/><V78/><F118/><W88/><G134/><T132/><D132/><U48/><E135/><V37/><F71/><W1/><G33/><T18/><D90/><U81/><E68/><V49/><F109/><W72/><G72/><T65/><D65/><U125/><E29/><N who="2" m="17599" /><F37/><W79/><G24/><T61/><D61/><U97/><E97/><V13/><F35/><W62/><G79/><T20/><D18/><U46/><E125/><V30/><F59/><W14/><G1/><T16/><D103/><U89/><E89/><V80/><F124/><W55/><G94/><T108/><D108/><U83/><E129/><V73/><F73/><W51/><G36/><T102/><D102/><U9/><REACH who="1" step="1"/><E121/><REACH who="1" ten="137,318,272,263" step="2"/><V4/><F30/><W75/><G75/><T85/><D114/><U69/><E69/><V84/><F91/><W54/><G88/><T50/><D39/><U104/><AGARI ba="0,1" hai="0,6,9,42,46,48,81,82,83,99,101,104,120,122" machi="104" ten="30,2000,0" yaku="1,1,0,1,53,0" doraHai="111" doraHaiUra="63" who="1" fromWho="1" sc="137,-5,318,30,272,-5,263,-10" owari="132,-36.8,348,44.8,267,6.7,253,-14.7" /></mjloggm>