<mjloggm ver="2.3"><GO type="225" lobby="0"/><UN n0="%E3%81%99%E3%81%84%E3%81%BE%E3%81%9B%E3%83%BC%E3%82%93" n1="%E5%8D%8D%E6%B1%A0%E8%A2%8B%E6%9C%80%E5%BC%B7%E5%8D%8D" n2="%72%61%6B%33" n3="%6A%70%74%77%61%32" dan="16,16,18,16" rate="2126.33,2146.59,2279.42,2053.65" sx="M,M,M,M"/><TAIKYOKU oya="0"/><INIT seed="0,0,0,4,2,87" ten="250,250,250,250" oya="0" hai0="31,48,63,39,111,120,24,112,133,29,93,102,77" hai1="20,64,67,35,41,80,50,126,53,38,42,132,0" hai2="83,49,104,71,124,18,47,14,51,123,76,72,128" hai3="94,107,116,3,26,73,134,130,22,109,23,30,44"/><T86/><D39/><U33/><E132/><V54/><F124/><W69/><G107/><T37/><D37/><U25/><E126/><V17/><F128/><W131/><G116/><T121/><D112/><U127/><E127/><V65/><F123/><W61/><G73/><T106/><D133/><U34/><E0/><V2/><F2/><W45/><G3/><T114/><D114/><U16/><E80/><V90/><F104/><W96/><G109/><T98/><D111/><U113/><E113/><V117/><F117/><W119/><G119/><T40/><D31/><U135/><E135/><V118/><F118/><W11/><G11/><T9/><D9/><U21/><E21/><V57/><F71/><W91/><G22/><T75/><D63/><U85/><E85/><V95/><F14/><W89/><G89/><N who="0" m="53431" /><D48/><U6/><E6/><V8/><F8/><W129/><G134/><T122/><D40/><U15/><E38/><V97/><REACH who="2" step="1"/><F65/><AGARI ba="0,0" hai="23,26,30,44,45,61,65,69,91,94,96,129,130,131" machi="65" ten="40,2600,0" yaku="19,1,52,1" doraHai="87" who="3" fromWho="2" sc="250,0,250,0,250,-26,250,26" /><INIT seed="1,0,0,2,1,76" ten="250,250,224,276" oya="1" hai0="1,60,99,80,25,126,120,125,96,64,135,83,17" hai1="35,7,22,70,128,92,13,77,124,112,19,89,66" hai2="12,41,133,58,44,27,78,62,100,111,15,38,98" hai3="14,9,101,81,28,74,87,79,47,75,115,85,103"/><U117/><E117/><V105/><F111/><W24/><G115/><T33/><D1/><U59/><E112/><V51/><F133/><W16/><G47/><T56/><D135/><U11/><E128/><V3/><F3/><W97/><G85/><T0/><D0/><U32/><E124/><N who="0" m="47721" /><D120/><U65/><E70/><V55/><F27/><W72/><REACH who="3" step="1"/><G97/><REACH who="3" ten="250,250,224,266" step="2"/><N who="0" m="37451" /><D17/><U40/><E40/><V46/><REACH who="2" step="1"/><F78/><REACH who="2" ten="250,250,214,266" step="2"/><W91/><G91/><T129/><D129/><U23/><E77/><V54/><AGARI ba="0,2" hai="12,15,38,41,44,46,51,54,55,58,62,98,100,105" machi="54" ten="20,8000,1" yaku="1,1,2,1,0,1,7,1,53,1" doraHai="76" doraHaiUra="57" who="2" fromWho="2" sc="250,-20,250,-40,214,100,266,-20" /><INIT seed="2,0,0,1,2,51" ten="230,210,314,246" oya="2" hai0="93,7,107,3,114,66,73,122,6,13,133,48,96" hai1="23,41,67,15,27,75,60,38,127,50,92,42,119" hai2="49,46,19,79,29,77,63,35,101,113,34,17,99" hai3="78,88,126,25,118,112,70,54,111,57,69,58,124"/><V83/><F113/><W26/><G118/><T2/><D122/><U128/><E119/><V131/><F131/><W5/><G111/><T36/><D36/><U129/><E38/><V80/><F63/><W103/><G112/><T55/><D107/><U61/><E75/><V8/><F29/><W45/><G5/><T123/><D73/><U24/><E127/><N who="3" m="48682" /><G45/><T11/><D123/><U0/><E0/><V43/><F34/><W95/><G103/><T21/><D114/><U71/><E61/><V105/><F35/><W84/><G78/><T12/><D133/><U39/><E39/><V132/><F132/><W130/><G57/><T18/><D66/><U32/><E32/><V121/><F121/><W109/><G109/><T64/><D64/><U4/><E92/><V115/><F115/><W56/><G56/><N who="0" m="32871" /><D2/><U37/><E37/><V86/><REACH who="2" step="1"/><F8/><REACH who="2" ten="230,210,304,246" step="2"/><W87/><G130/><T91/><D3/><U44/><E129/><V28/><F28/><W31/><G31/><T9/><D9/><U53/><E128/><V72/><AGARI ba="0,1" hai="17,19,43,46,49,72,77,79,80,83,86,99,101,105" machi="72" ten="20,3900,0" yaku="1,1,0,1,7,1,53,0" doraHai="51" doraHaiUra="134" who="2" fromWho="2" sc="230,-13,210,-13,304,49,246,-13" /><INIT seed="2,1,0,4,2,63" ten="217,197,353,233" oya="2" hai0="111,22,88,37,101,31,5,52,131,20,30,6,0" hai1="26,56,109,133,113,96,66,127,11,53,122,126,95" hai2="40,71,7,59,48,98,99,51,75,115,92,110,42" hai3="87,120,123,80,23,61,41,82,72,24,118,38,114"/><V121/><F71/><W103/><G118/><T130/><D111/><U125/><E113/><V74/><F7/><N who="0" m="2570" /><D37/><U81/><E133/><V35/><F35/><W116/><G116/><T77/><D77/><U76/><E109/><V33/><F33/><W100/><G114/><T16/><D101/><U49/><E11/><V13/><F13/><W68/><G72/><T62/><D0/><U18/><E122/><V104/><F121/><W69/><G38/><T132/><D132/><U105/><E105/><V124/><F92/><W14/><G41/><T108/><D108/><U107/><E107/><V91/><F104/><W25/><G14/><N who="0" m="9239" /><D22/><N who="1" m="13655" /><E76/><V83/><F110/><W50/><G23/><T84/><D131/><U15/><E15/><V97/><F115/><W79/><G79/><T34/><D130/><U89/><E81/><V117/><F83/><W36/><G36/><T27/><D27/><U129/><E129/><V47/><F117/><W12/><G12/><T135/><D34/><U112/><E112/><V119/><F119/><W94/><G24/><T9/><D9/><U67/><AGARI ba="1,0" hai="49,53,56,66,67,89,95,96,125,126,127" m="13655" machi="67" ten="40,5200,0" yaku="18,1,52,2" doraHai="63" who="1" fromWho="1" sc="217,-14,197,55,353,-27,233,-14" /><INIT seed="3,0,0,2,4,104" ten="203,252,326,219" oya="3" hai0="38,69,82,131,24,62,60,61,77,15,117,115,20" hai1="73,35,11,71,98,97,6,50,18,66,64,25,53" hai2="81,51,108,122,57,3,39,89,63,55,45,36,128" hai3="96,34,92,130,113,16,126,32,49,125,27,129,70"/><W80/><G113/><T41/><D117/><U107/><E73/><V116/><F3/><W2/><G70/><T59/><D115/><U44/><E107/><V48/><F116/><W67/><G67/><T28/><D131/><N who="3" m="50185" /><G2/><T74/><D69/><U110/><E110/><V99/><F108/><W76/><G49/><T133/><D133/><U30/><E18/><V119/><F119/><W88/><G16/><T52/><REACH who="0" step="1"/><D15/><REACH who="0" ten="193,252,326,219" step="2"/><U65/><REACH who="1" step="1"/><E71/><REACH who="1" ten="193,242,326,219" step="2"/><V135/><F128/><W109/><G109/><T124/><D124/><N who="3" m="47721" /><G27/><T13/><D13/><AGARI ba="0,2" hai="6,11,13,25,30,35,44,50,53,64,65,66,97,98" machi="13" ten="40,1300,0" yaku="1,1,53,0" doraHai="104" doraHaiUra="12" who="1" fromWho="0" sc="193,-13,242,33,326,0,219,0" owari="180,-32.0,275,7.5,326,42.6,219,-18.1" /></mjloggm>