<mjloggm ver="2.3"><GO type="225" lobby="0"/><UN n0="%E3%81%A1%E3%82%85%E3%81%86%E3%81%A9%E3%81%8F%E8%B1%A1%E3%81%95%E3%82%93" n1="%72%69%6F%75%63%68%61%6E" n2="%E3%83%B4%E3%83%A0%EF%BC%99%E3%81%A6" n3="%E3%81%8A%E3%81%8B%E3%81%8F%E3%82%89" dan="17,17,17,16" rate="2192.27,2245.70,2197.72,2070.45" sx="M,M,M,M"/><TAIKYOKU oya="0"/><INIT seed="0,0,0,4,1,3" ten="250,250,250,250" oya="0" hai0="11,110,54,41,17,10,93,113,126,65,103,94,85" hai1="82,96,48,6,116,8,124,97,14,101,1,77,51" hai2="99,132,31,53,119,100,72,30,108,76,62,106,55" hai3="58,4,26,25,18,43,24,87,92,44,45,38,86"/><T60/><D113/><U12/><E124/><V118/><F108/><W22/><G45/><T2/><D126/><U80/><E116/><N who="2" m="44587" /><F132/><W89/><G58/><T98/><D41/><U15/><E97/><V50/><F62/><W130/><G130/><T81/><D54/><N who="2" m="20490" /><F50/><W70/><G70/><T63/><D110/><U134/><E134/><V59/><F59/><W47/><G47/><T127/><D127/><U28/><E28/><V117/><N who="2" m="44595" /><V79/><DORA hai="29" /><F72/><W0/><REACH who="3" step="1"/><G86/><REACH who="3" ten="250,250,250,240" step="2"/><T131/><D131/><U66/><E66/><V16/><F16/><W21/><G21/><T33/><D65/><U111/><E111/><V115/><F115/><W73/><G73/><T35/><D17/><U90/><E51/><V57/><F57/><W42/><G42/><T121/><D121/><U32/><E48/><V78/><AGARI ba="0,1" hai="30,31,76,78,79,99,100,106" m="20490,44595" machi="78" ten="50,1600,0" yaku="12,1" doraHai="3,29" who="2" fromWho="2" sc="250,-8,250,-4,250,26,240,-4" /><INIT seed="1,0,0,4,2,107" ten="242,246,276,236" oya="1" hai0="11,63,9,38,71,94,103,12,116,68,72,36,112" hai1="93,120,14,3,60,128,75,16,123,111,43,52,78" hai2="31,1,46,8,50,79,92,19,67,130,44,6,58" hai3="132,102,24,22,59,40,105,17,7,98,101,42,66"/><U32/><E3/><V114/><F130/><W133/><G7/><T84/><D112/><U109/><E128/><V30/><F114/><W97/><G59/><T26/><D116/><U82/><E32/><V54/><F79/><W28/><G66/><T49/><D9/><U18/><E43/><V74/><F74/><W121/><G28/><T62/><D49/><U119/><E119/><V86/><F19/><W25/><G25/><T113/><D26/><U61/><E93/><V35/><F35/><W39/><G121/><T122/><D122/><U106/><E106/><V96/><F86/><W83/><G83/><T55/><D113/><U125/><E125/><V76/><F76/><W20/><G20/><T73/><D55/><U23/><E18/><V4/><F4/><W57/><G57/><T117/><D117/><U21/><E21/><V134/><F134/><N who="3" m="51819" /><G39/><T108/><D108/><N who="1" m="41547" /><E60/><V135/><F135/><W80/><G80/><T95/><D84/><U77/><E78/><V5/><F5/><W15/><G24/><T51/><D11/><U100/><E100/><V115/><F115/><W124/><G124/><T2/><D51/><U127/><E127/><V99/><F30/><W89/><G89/><T33/><D103/><U69/><E52/><V104/><F31/><W34/><G34/><T91/><D33/><U37/><E37/><V0/><F0/><W70/><G70/><T90/><D2/><U126/><E126/><V27/><F1/><W64/><G64/><AGARI ba="0,0" hai="14,16,23,61,64,69,75,77,82,120,123" m="41547" machi="64" ten="30,11600,0" yaku="14,1,10,1,52,1,54,1" doraHai="107" who="1" fromWho="3" sc="242,0,246,116,276,0,236,-116" /><INIT seed="1,1,0,0,5,70" ten="242,362,276,120" oya="1" hai0="103,84,31,65,68,75,73,51,0,2,48,20,32" hai1="124,30,17,129,125,92,90,100,29,131,38,18,119" hai2="10,120,45,127,6,60,111,54,47,41,58,89,128" hai3="26,123,14,33,121,118,78,94,3,9,25,42,66"/><U105/><E119/><V27/><F120/><W40/><G3/><T1/><D32/><U59/><E105/><V22/><F111/><W12/><G66/><T83/><D103/><U85/><E100/><V63/><F127/><N who="1" m="48713" /><E38/><V37/><F128/><N who="1" m="49225" /><E59/><V107/><F107/><W122/><G78/><T126/><D126/><U116/><E116/><V88/><F47/><W109/><G118/><T16/><D31/><AGARI ba="1,0" hai="17,18,29,30,31,85,90,92" m="49225,48713" machi="31" ten="30,2900,0" yaku="18,1,19,1" doraHai="70" who="1" fromWho="0" sc="242,-32,362,32,276,0,120,0" /><INIT seed="1,2,0,3,0,129" ten="210,394,276,120" oya="1" hai0="11,15,92,83,4,119,0,23,128,127,109,60,95" hai1="31,130,76,34,67,1,106,79,131,47,25,70,5" hai2="39,63,38,72,80,20,115,126,114,77,2,85,111" hai3="41,3,8,113,66,71,35,124,50,110,55,45,57"/><U69/><E106/><V64/><F2/><W12/><G3/><T30/><D119/><U108/><E108/><V107/><F107/><W135/><G35/><T75/><D128/><N who="1" m="49195" /><E47/><V65/><F111/><W51/><G110/><T87/><D109/><U68/><E67/><V9/><F126/><W97/><G124/><T32/><D75/><U48/><E48/><V74/><F9/><AGARI ba="2,0" hai="1,5,9,25,31,34,68,69,70,76,79" m="49195" machi="9" ten="40,2000,0" yaku="19,1" doraHai="129" who="1" fromWho="2" sc="210,0,394,26,276,-26,120,0" /><INIT seed="1,3,0,0,2,70" ten="210,420,250,120" oya="1" hai0="57,85,29,111,133,114,4,78,126,32,5,122,79" hai1="92,61,74,69,83,112,23,43,110,124,102,67,106" hai2="105,60,44,129,103,0,28,45,31,94,53,2,87" hai3="90,96,120,84,107,56,76,58,82,25,131,127,24"/><U95/><E112/><V3/><F105/><W18/><G120/><T75/><D57/><U119/><E119/><V52/><F129/><W22/><G127/><T86/><D29/><U21/><E124/><V15/><F15/><W125/><G125/><T47/><D126/><U101/><E106/><V108/><F108/><W36/><G131/><T10/><D47/><U38/><E110/><V134/><F134/><W63/><G36/><T115/><D10/><U41/><E74/><V88/><F103/><W50/><G107/><T98/><D98/><U128/><E128/><V35/><F60/><W121/><G121/><T100/><D100/><U11/><E83/><V81/><F81/><W14/><G50/><T49/><D49/><U135/><E135/><V109/><F109/><W99/><G56/><T7/><D75/><U71/><E11/><V39/><F35/><W116/><G116/><T123/><D4/><U66/><REACH who="1" step="1"/><E61/><REACH who="1" ten="210,410,250,120" step="2"/><V13/><F94/><W80/><G80/><T65/><D133/><U9/><E9/><V37/><F2/><W97/><REACH who="3" step="1"/><G76/><REACH who="3" ten="210,410,250,110" step="2"/><T93/><D78/><U117/><E117/><V48/><F0/><W51/><G51/><T30/><D79/><U26/><E26/><V91/><F3/><W104/><G104/><T118/><D122/><U27/><E27/><V16/><F48/><W46/><G46/><T34/><D123/><U130/><E130/><V54/><F44/><W132/><G132/><T6/><D118/><U72/><E72/><V33/><F45/><W20/><G20/><T42/><D111/><U1/><E1/><V19/><F13/><RYUUKYOKU ba="3,2" sc="210,-15,410,15,250,-15,110,15" hai1="21,23,38,41,43,66,67,69,71,92,95,101,102" hai3="14,18,22,24,25,58,63,82,84,90,96,97,99" /><INIT seed="1,4,2,2,1,118" ten="195,425,235,125" oya="1" hai0="39,4,90,132,87,125,92,61,16,36,105,62,121" hai1="69,58,64,7,122,17,33,78,77,65,135,10,81" hai2="29,21,59,52,18,28,25,5,71,93,76,8,31" hai3="38,27,41,114,40,130,133,43,46,23,37,75,13"/><U106/><E122/><V73/><F71/><W54/><G114/><T102/><D4/><U103/><E135/><V116/><F116/><W22/><G75/><T120/><D132/><U2/><E33/><V70/><F70/><W80/><G133/><T84/><D125/><U99/><E69/><V66/><F66/><W107/><G107/><T127/><D127/><U83/><E17/><V123/><F123/><N who="0" m="47178" /><D16/><U100/><E100/><V15/><F93/><W108/><G108/><T110/><D110/><U49/><E83/><V112/><F112/><W14/><G130/><T124/><D124/><U9/><E9/><V56/><F56/><W19/><G80/><T111/><D111/><U72/><REACH who="1" step="1"/><E77/><REACH who="1" ten="195,415,235,125" step="2"/><V97/><F76/><W85/><G19/><T24/><D102/><U89/><E89/><V12/><F18/><W79/><G79/><T91/><D105/><U74/><E74/><V113/><F73/><W3/><G22/><T57/><D24/><U45/><E45/><V48/><F113/><W0/><G46/><T131/><D131/><U6/><E6/><V98/><F8/><W126/><G27/><T88/><D91/><U86/><E86/><V34/><F5/><W115/><G85/><T47/><D47/><U128/><E128/><V1/><F34/><W53/><G126/><T119/><D119/><U67/><E67/><V26/><F26/><W50/><G115/><T63/><D57/><U96/><E96/><N who="2" m="36971" /><F28/><W94/><G23/><T11/><D11/><U60/><E60/><V109/><F29/><W134/><G134/><T82/><AGARI ba="4,3" hai="36,39,61,62,63,82,84,87,88,90,92" m="47178" machi="82" ten="30,8000,1" yaku="13,1,52,3,54,1" doraHai="118" who="0" fromWho="0" sc="195,122,415,-44,235,-24,125,-24" /><INIT seed="2,0,0,0,4,81" ten="317,371,211,101" oya="2" hai0="90,47,120,48,21,104,133,9,52,25,39,20,56" hai1="0,109,102,37,34,10,55,79,40,125,30,22,50" hai2="46,94,118,96,89,127,3,68,2,75,51,84,74" hai3="64,65,24,1,107,45,92,63,41,85,108,101,77"/><V66/><F118/><W29/><G108/><T58/><D120/><U121/><E34/><V35/><F35/><W60/><G1/><T17/><D104/><U132/><E109/><V129/><F127/><W6/><G6/><T103/><D133/><U115/><E115/><V72/><F129/><W73/><G73/><T86/><D103/><U32/><E32/><V106/><F66/><W76/><G107/><T67/><D39/><U78/><E102/><V57/><F57/><W43/><G43/><T70/><D70/><U116/><E116/><V112/><F68/><W119/><G119/><T134/><D134/><U97/><E97/><V4/><F112/><W59/><G101/><T91/><D91/><U12/><E132/><V44/><F106/><W5/><G5/><T19/><D67/><U100/><E100/><V88/><F44/><W49/><G92/><N who="0" m="54359" /><D9/><U23/><E0/><V53/><REACH who="2" step="1"/><F4/><REACH who="2" ten="317,371,201,101" step="2"/><W11/><G65/><T38/><D38/><U16/><E125/><V15/><F15/><AGARI ba="0,1" hai="15,17,19,20,21,25,47,48,52,56,58" m="54359" machi="15" ten="30,3900,0" yaku="8,1,52,1,54,1" doraHai="81" who="0" fromWho="2" sc="317,49,371,0,201,-39,101,0" /><INIT seed="3,0,0,3,5,73" ten="366,371,162,101" oya="3" hai0="70,124,42,88,33,20,84,41,26,96,112,5,52" hai1="63,14,131,80,48,107,71,66,126,9,114,25,39" hai2="45,132,79,125,30,44,117,135,31,94,43,128,4" hai3="89,102,99,113,17,57,91,85,51,82,46,60,19"/><W1/><G113/><T47/><D70/><U29/><E114/><V15/><F117/><W67/><G1/><T38/><D112/><U53/><E107/><V83/><F128/><W54/><REACH who="3" step="1"/><G89/><REACH who="3" ten="366,371,162,91" step="2"/><T3/><D3/><U86/><E131/><V23/><F132/><W36/><G36/><T130/><D38/><U12/><E39/><V72/><F135/><W76/><G76/><T27/><D130/><U2/><E126/><V81/><F125/><W104/><AGARI ba="0,1" hai="17,19,46,51,54,57,60,67,82,85,91,99,102,104" machi="104" ten="20,3900,0" yaku="1,1,0,1,7,1,53,0" doraHai="73" doraHaiUra="111" who="3" fromWho="3" sc="366,-13,371,-13,162,-13,91,49" /><INIT seed="3,1,0,3,5,4" ten="353,358,149,140" oya="3" hai0="16,135,33,107,46,14,68,0,51,11,26,126,66" hai1="72,7,125,67,92,10,121,82,105,57,21,98,97" hai2="5,41,76,80,29,23,108,24,133,102,122,9,89" hai3="113,131,8,17,56,2,116,100,32,48,123,81,110"/><W36/><G36/><T27/><D107/><U50/><E121/><V49/><F122/><W83/><G113/><T109/><D0/><U94/><E125/><V15/><F102/><W91/><G123/><T120/><D120/><U64/><E105/><V53/><F108/><W99/><G116/><T128/><D33/><U93/><E21/><V90/><F133/><W117/><G117/><T30/><D30/><U87/><E72/><V13/><F13/><N who="3" m="7335" /><G2/><T132/><D109/><U88/><E50/><V43/><F43/><W45/><G32/><T112/><D112/><U61/><REACH who="1" step="1"/><E64/><REACH who="1" ten="353,348,149,140" step="2"/><V38/><F38/><W104/><G110/><T54/><D126/><U115/><E115/><V74/><F41/><N who="3" m="24623" /><G131/><T12/><D128/><U28/><E28/><V84/><F74/><W86/><G104/><T124/><D124/><U101/><E101/><V95/><F29/><W69/><G100/><T37/><D37/><U63/><E63/><V20/><F20/><W134/><G134/><N who="0" m="51243" /><D12/><AGARI ba="1,1" hai="7,10,12,57,61,67,82,87,88,92,93,94,97,98" machi="12" ten="40,8000,1" yaku="1,1,8,1,52,1,54,1,53,0" doraHai="4" doraHaiUra="118" who="1" fromWho="0" sc="353,-83,348,93,149,0,140,0" owari="270,7.0,441,54.1,149,-25.1,140,-36.0" /></mjloggm>