<mjloggm ver="2.3"><GO type="225" lobby="0"/><UN n0="%E3%81%8B%E3%82%8F%E3%81%A1%E3%82%83%E3%82%93%35%38" n1="%E6%81%A5%E6%99%92%E3%81%97" n2="%6C%61%6D%62" n3="%E3%81%AA%E3%81%BE%E3%81%91%E8%80%85" dan="16,16,16,16" rate="2116.08,2105.12,2170.57,2087.36" sx="M,M,M,M"/><TAIKYOKU oya="0"/><INIT seed="0,0,0,3,4,77" ten="250,250,250,250" oya="0" hai0="86,5,108,56,129,27,6,110,69,91,87,59,124" hai1="21,40,19,44,16,132,107,51,94,18,62,131,135" hai2="127,96,122,117,2,43,116,7,38,63,128,119,134" hai3="41,92,12,67,130,99,31,102,1,15,54,33,28"/><T0/><D69/><U36/><E107/><V76/><F122/><W64/><G1/><T121/><D121/><U82/><E131/><V74/><F128/><W26/><G130/><T29/><D129/><U71/><E94/><V93/><F2/><W24/><G54/><T85/><D124/><U52/><E21/><V8/><F38/><W88/><G41/><T66/><D91/><U61/><E82/><N who="2" m="45335" /><F43/><W105/><G64/><T34/><D66/><N who="1" m="41423" /><E62/><V37/><F37/><W83/><G67/><T49/><D0/><U78/><E78/><V11/><F63/><W95/><G95/><T9/><D49/><U97/><E97/><V73/><F134/><N who="1" m="51241" /><E19/><V84/><F127/><W55/><G55/><T98/><D98/><U123/><E123/><V68/><F68/><W115/><G115/><T125/><D125/><U109/><E109/><N who="0" m="42089" /><D9/><U25/><E25/><V103/><F11/><W32/><G105/><T79/><D79/><U39/><E39/><V53/><F8/><W118/><G118/><T30/><D29/><U4/><E4/><AGARI ba="0,0" hai="4,5,6,27,30,34,56,59,85,86,87" m="42089" machi="4" ten="30,2900,0" yaku="14,1,10,1" doraHai="77" who="0" fromWho="1" sc="250,29,250,-29,250,0,250,0" /><INIT seed="0,1,0,4,5,129" ten="279,221,250,250" oya="0" hai0="25,97,112,12,70,61,104,124,96,89,65,38,99" hai1="91,19,128,108,7,45,119,133,102,86,118,22,134" hai2="16,5,106,54,92,48,43,6,55,83,31,37,110" hai3="57,111,67,56,28,79,53,20,103,59,109,24,34"/><T44/><D112/><U13/><E128/><V32/><F106/><W95/><G79/><T30/><D124/><U52/><E108/><N who="3" m="41546" /><G67/><T1/><D12/><U27/><E102/><V26/><F110/><W105/><G105/><T115/><D115/><U15/><E118/><V29/><F29/><W81/><G81/><T21/><D1/><U62/><E119/><V77/><F37/><W68/><G68/><T73/><D73/><U113/><E113/><V60/><F43/><W127/><G34/><T8/><D8/><U11/><E27/><V80/><F80/><W122/><G127/><T101/><REACH who="0" step="1"/><D89/><REACH who="0" ten="269,221,250,250" step="2"/><U33/><E33/><V88/><F32/><W39/><G122/><T17/><D17/><U135/><E62/><V131/><F88/><W23/><G23/><T76/><D76/><U50/><REACH who="1" step="1"/><E135/><REACH who="1" ten="269,211,250,250" step="2"/><V82/><F60/><W47/><G24/><T74/><D74/><U94/><AGARI ba="1,2" hai="7,11,13,15,19,22,45,50,52,86,91,94,133,134" machi="94" ten="30,12000,2" yaku="1,1,2,1,0,1,52,2,54,1,53,0" doraHai="129" doraHaiUra="98" who="1" fromWho="1" sc="269,-61,211,143,250,-31,250,-31" /><INIT seed="1,0,0,5,5,46" ten="208,354,219,219" oya="1" hai0="23,132,60,36,67,92,106,10,95,77,27,96,17" hai1="35,39,97,61,55,99,63,115,6,130,7,111,72" hai2="33,53,119,19,58,131,65,73,120,134,105,24,42" hai3="0,70,135,83,59,82,20,102,117,84,44,78,110"/><U66/><E115/><V30/><F119/><W32/><G32/><T133/><D36/><U79/><E35/><V113/><F120/><W129/><G70/><T52/><D77/><U11/><E39/><V103/><F73/><W90/><G0/><T21/><D106/><U71/><E130/><V14/><F131/><W41/><G129/><T126/><D126/><U18/><E6/><V64/><F42/><W118/><G110/><T68/><D10/><U1/><E18/><V74/><F74/><W127/><G127/><T40/><D40/><U125/><E111/><V15/><F15/><W28/><G102/><T123/><D123/><U8/><E63/><V49/><F134/><N who="0" m="51818" /><D96/><U9/><E11/><V109/><F109/><W57/><G135/><T114/><D114/><U26/><E9/><V91/><F113/><W29/><G118/><T48/><D23/><U51/><E125/><V50/><F103/><W87/><G117/><T62/><D62/><U89/><E97/><V85/><F105/><W80/><G80/><T2/><D2/><U45/><E99/><V38/><F38/><W56/><REACH who="3" step="1"/><G20/><REACH who="3" ten="208,354,219,209" step="2"/><T54/><D54/><U116/><E55/><V86/><F53/><W121/><G121/><T5/><D5/><U22/><E116/><V34/><F34/><W43/><G43/><T76/><D76/><U98/><E79/><V88/><F33/><W81/><G81/><T12/><D12/><U104/><E7/><V124/><F14/><W128/><G128/><T4/><D4/><U107/><E1/><V112/><F124/><W25/><G25/><T122/><D122/><RYUUKYOKU ba="0,1" sc="208,15,354,-15,219,-15,209,15" hai0="17,21,27,48,52,60,67,68,92,95" hai3="28,29,41,44,56,57,59,78,82,83,84,87,90" /><INIT seed="2,1,1,4,3,100" ten="223,339,204,224" oya="2" hai0="3,33,56,24,113,121,108,60,116,28,102,110,62" hai1="22,31,101,135,30,5,72,20,107,114,83,0,39" hai2="27,68,32,115,80,48,90,82,112,6,69,64,49" hai3="126,10,106,127,128,120,52,2,58,43,92,133,53"/><V45/><F6/><W65/><G120/><T55/><D121/><U105/><E114/><V1/><F1/><W99/><G43/><T11/><D113/><U74/><E39/><V8/><F8/><W84/><G84/><T50/><D116/><U40/><E101/><V67/><F27/><W75/><G75/><T47/><D102/><U66/><E40/><V63/><F63/><W124/><G133/><T42/><D3/><U70/><E83/><V123/><F123/><W7/><G128/><T9/><REACH who="0" step="1"/><D60/><REACH who="0" ten="213,339,204,224" step="2"/><U97/><E0/><V18/><F112/><W86/><G126/><T26/><D26/><U78/><E31/><V29/><F115/><W15/><G2/><T57/><D57/><U119/><E30/><V34/><F29/><W46/><G127/><T79/><D79/><U134/><E78/><V95/><F90/><W25/><G25/><T125/><D125/><U17/><E119/><V122/><F122/><W76/><G124/><T59/><D59/><U61/><E134/><V131/><F131/><W71/><G58/><T88/><D88/><U109/><E61/><V12/><F12/><W38/><G76/><T4/><D4/><U54/><E5/><V44/><REACH who="2" step="1"/><F18/><REACH who="2" ten="213,339,194,224" step="2"/><W16/><G16/><T36/><D36/><U73/><E17/><V91/><F91/><W130/><G38/><T111/><AGARI ba="1,3" hai="9,11,24,28,33,42,47,50,55,56,62,108,110,111" machi="111" ten="30,7900,0" yaku="1,1,0,1,14,1,53,1" doraHai="100" doraHaiUra="37" who="0" fromWho="0" sc="213,112,339,-21,194,-40,224,-21" /><INIT seed="3,0,0,2,5,85" ten="325,318,154,203" oya="3" hai0="29,2,110,42,92,65,18,61,27,118,120,101,96" hai1="97,87,37,22,104,124,60,105,90,103,69,131,49" hai2="106,46,6,80,19,58,95,98,73,11,70,77,78" hai3="47,99,67,15,55,53,109,17,123,121,44,89,56"/><W26/><G121/><T62/><D118/><U133/><E37/><V63/><F70/><W130/><G130/><T23/><D120/><U107/><E131/><V7/><F106/><W113/><G113/><T32/><D2/><U102/><E102/><V108/><F108/><W13/><G109/><T122/><D110/><U100/><E100/><V125/><F125/><W83/><G123/><T134/><D122/><U86/><E86/><V117/><F117/><W20/><G67/><T115/><D115/><U9/><E124/><V21/><F46/><W40/><G53/><T114/><D114/><U52/><E133/><V31/><F31/><W12/><G40/><T91/><D42/><U10/><E22/><V35/><F35/><W84/><REACH who="3" step="1"/><G99/><REACH who="3" ten="325,318,154,193" step="2"/><T36/><D134/><U0/><E52/><V66/><F77/><W71/><G71/><T4/><D96/><U51/><E97/><V57/><F57/><W72/><G72/><T41/><D65/><U43/><E43/><V93/><F98/><W79/><G79/><T48/><D41/><U16/><E103/><V128/><F128/><W68/><G68/><T81/><D101/><U76/><E76/><V30/><F30/><W3/><G3/><T129/><D29/><U116/><E116/><V126/><F126/><W94/><G94/><T75/><D92/><N who="1" m="54367" /><E0/><V127/><F127/><W45/><G45/><T33/><D129/><U64/><E107/><V50/><F95/><W88/><G88/><T24/><D91/><U34/><E105/><V82/><F93/><W25/><G25/><T39/><D75/><U135/><E104/><RYUUKYOKU ba="0,1" sc="325,-10,318,-10,154,-10,193,30" hai3="12,13,15,17,20,26,44,47,55,56,83,84,89" /><INIT seed="3,1,1,0,2,18" ten="315,308,144,223" oya="3" hai0="87,24,131,85,90,10,63,80,77,121,81,32,13" hai1="134,22,36,47,30,55,37,110,124,4,122,92,74" hai2="23,12,64,31,95,3,108,19,91,128,96,130,48" hai3="119,109,17,28,99,68,7,107,58,9,86,5,105"/><W72/><G119/><T76/><D121/><U8/><E122/><V65/><F3/><W78/><G68/><T1/><D1/><U115/><E74/><V132/><F108/><W2/><G5/><T113/><D131/><U6/><E115/><V44/><F132/><W43/><G28/><T71/><D113/><U33/><E33/><V50/><F31/><W59/><G72/><T34/><D24/><N who="1" m="16663" /><E110/><V103/><F128/><W62/><G109/><T73/><D71/><U133/><E124/><V46/><F130/><W49/><G105/><T56/><D73/><U35/><E35/><V38/><F38/><N who="1" m="14953" /><E92/><V52/><F103/><W14/><G99/><T94/><D94/><U89/><E89/><V112/><F112/><W60/><G107/><T102/><D102/><U0/><E8/><V42/><AGARI ba="1,1" hai="12,19,23,42,44,46,48,50,52,64,65,91,95,96" machi="42" ten="20,8000,1" yaku="0,1,7,1,8,1,52,1,54,1" doraHai="18" who="2" fromWho="2" sc="315,-21,308,-21,144,93,223,-41" /><INIT seed="4,0,0,2,5,99" ten="294,287,237,182" oya="0" hai0="88,101,23,53,112,57,34,121,42,15,120,30,20" hai1="104,66,50,60,7,26,29,115,13,108,129,84,48" hai2="116,118,65,27,70,16,103,89,106,80,85,107,134" hai3="69,77,90,22,32,117,14,83,67,130,78,98,74"/><T44/><D101/><U12/><E108/><V131/><F131/><W3/><G3/><T97/><D34/><U133/><E129/><V6/><F6/><W71/><G117/><N who="2" m="45161" /><F134/><W63/><G32/><T81/><D23/><U31/><E133/><V40/><F40/><W110/><G110/><T73/><D73/><U28/><E26/><V109/><F109/><W119/><G119/><T64/><D64/><U58/><E104/><V94/><F65/><W25/><G130/><T125/><D125/><U82/><E115/><V86/><F70/><W132/><G77/><T105/><D105/><N who="2" m="39946" /><F27/><W102/><G14/><T49/><D112/><U1/><E1/><V111/><F16/><W62/><G132/><T68/><D68/><U56/><E56/><V75/><F111/><W33/><G33/><T100/><D15/><U126/><E126/><V55/><F55/><W123/><G123/><T79/><D30/><U113/><E113/><V17/><F17/><W37/><G37/><N who="0" m="21583" /><D20/><U8/><E13/><V18/><F18/><W21/><G71/><T59/><D59/><U114/><E114/><V45/><F45/><W2/><G2/><T0/><D0/><U127/><E127/><V35/><F35/><W91/><G63/><T76/><D121/><U135/><E135/><V93/><F75/><W43/><G43/><T10/><D120/><U19/><E7/><V11/><F11/><W96/><G21/><T61/><D10/><U9/><E8/><V38/><F38/><W39/><G39/><T51/><D57/><U41/><E41/><V47/><F47/><W72/><G72/><RYUUKYOKU ba="0,0" sc="294,-10,287,30,237,-10,182,-10" hai1="9,12,19,28,29,31,48,50,58,60,66,82,84" owari="284,8.4,317,41.7,227,-17.3,172,-32.8" /></mjloggm>