<mjloggm ver="2.3"><GO type="225" lobby="0"/><UN n0="%E5%8F%AF%E5%85%90%E9%82%A3%E7%94%B1%E5%A4%9A" n1="%E3%81%B2%E3%81%AA%E3%81%AE%E3%82%8A%E3%81%8F" n2="%43%68%65" n3="%E5%87%BA%E6%B0%B4" dan="16,17,16,16" rate="2184.49,2190.34,2174.17,2063.39" sx="F,M,M,F"/><TAIKYOKU oya="0"/><INIT seed="0,0,0,1,1,82" ten="250,250,250,250" oya="0" hai0="123,114,38,31,17,58,89,135,20,16,118,49,64" hai1="10,53,90,101,116,80,61,127,23,60,40,93,74" hai2="131,59,33,83,19,44,84,27,52,36,105,46,9" hai3="63,24,106,111,8,75,112,37,94,62,13,26,109"/><T133/><D114/><U76/><E116/><V69/><F69/><W66/><G112/><T5/><D118/><U11/><E127/><V107/><F131/><W15/><G106/><T128/><D123/><U120/><E120/><V25/><F107/><W51/><G37/><T21/><D38/><U129/><E129/><V92/><F105/><W30/><G75/><T47/><D128/><U6/><E101/><V67/><F67/><W22/><G51/><T71/><D71/><U88/><E40/><V103/><F36/><W39/><G39/><T99/><D5/><U35/><E35/><V50/><F33/><W29/><G94/><N who="0" m="56783" /><D31/><U54/><E90/><N who="2" m="51487" /><F27/><W119/><G119/><T81/><D81/><U85/><E23/><N who="0" m="8777" /><D135/><U108/><E108/><V68/><F68/><W104/><G22/><T77/><D77/><U100/><E100/><V78/><F78/><W3/><G104/><T57/><D133/><U130/><E130/><V14/><F25/><W132/><G132/><T117/><D117/><U32/><E32/><V86/><F103/><W12/><G66/><T45/><D45/><U134/><E134/><V97/><F97/><W34/><G34/><T102/><D102/><U79/><E79/><V2/><F2/><W121/><G121/><T43/><D64/><U87/><E74/><V124/><F124/><W125/><G125/><T65/><D65/><U0/><REACH who="1" step="1"/><E11/><REACH who="1" ten="250,240,250,250" step="2"/><V18/><F9/><W110/><G8/><T73/><D73/><U122/><E122/><V42/><F42/><W98/><G111/><T4/><D4/><U56/><E56/><AGARI ba="0,1" hai="16,17,43,47,49,56,57,58" m="8777,56783" machi="56" ten="30,2900,0" yaku="8,1,54,1" doraHai="82" who="0" fromWho="1" sc="250,39,240,-29,250,0,250,0" /><INIT seed="0,1,0,5,4,45" ten="289,211,250,250" oya="0" hai0="102,28,75,112,125,135,50,76,74,67,134,35,92" hai1="27,127,17,48,111,93,0,88,18,82,96,114,80" hai2="71,123,26,94,44,116,131,95,86,83,39,4,33" hai3="85,126,9,108,2,6,23,20,8,43,46,87,29"/><T81/><D112/><U34/><E114/><V72/><F123/><W78/><G108/><T113/><D113/><U57/><E111/><V117/><F71/><W25/><G126/><T110/><D110/><U19/><E0/><V103/><F72/><W84/><G8/><T58/><D125/><U79/><E127/><V38/><F4/><W100/><G100/><T62/><D75/><U56/><E82/><V16/><F131/><W10/><G10/><T65/><D65/><U41/><E34/><V122/><F122/><W47/><G20/><T68/><D28/><U3/><E3/><V101/><F33/><W30/><G47/><T90/><D102/><U59/><E27/><V40/><F39/><W115/><G115/><T12/><D12/><U118/><E118/><N who="2" m="45675" /><F101/><W24/><G78/><T99/><REACH who="0" step="1"/><D35/><REACH who="0" ten="279,211,250,250" step="2"/><U98/><E98/><V15/><F103/><W37/><REACH who="3" step="1"/><G25/><REACH who="3" ten="279,211,250,240" step="2"/><T14/><D14/><U106/><E106/><V21/><F26/><W49/><G49/><T69/><D69/><U66/><E66/><V52/><F15/><W89/><G89/><T64/><D64/><U13/><E13/><V121/><F121/><W77/><G77/><T119/><D119/><U104/><E104/><V42/><F38/><W36/><G36/><T105/><D105/><U124/><E124/><V109/><F109/><W97/><G97/><T91/><D91/><U5/><E79/><V130/><F130/><W73/><G73/><T55/><AGARI ba="1,2" hai="50,55,58,62,67,68,74,76,81,90,92,99,134,135" machi="55" ten="30,11700,0" yaku="1,1,0,1,52,1,53,1" doraHai="45" doraHaiUra="53" who="0" fromWho="0" sc="279,140,211,-40,250,-40,240,-40" /><INIT seed="0,2,0,1,4,40" ten="419,171,210,200" oya="0" hai0="130,122,126,5,19,118,93,62,22,58,50,63,82" hai1="70,2,106,95,100,42,109,20,85,131,73,98,13" hai2="102,91,69,35,48,90,89,34,108,119,11,14,71" hai3="9,99,88,8,24,12,75,25,52,59,60,6,92"/><T133/><D118/><U51/><E2/><V121/><F121/><W81/><G75/><T103/><D122/><U33/><E33/><V54/><F119/><W56/><G81/><T115/><D115/><U76/><E70/><V97/><F108/><W113/><G113/><T47/><D130/><U18/><E109/><V10/><F69/><W112/><G112/><T29/><D133/><U74/><E131/><V31/><F71/><W79/><G79/><T77/><D126/><U116/><E116/><V46/><F31/><W16/><REACH who="3" step="1"/><G59/><REACH who="3" ten="419,171,210,190" step="2"/><T55/><D82/><U94/><E76/><V44/><F44/><W87/><G87/><T64/><D77/><U43/><E74/><V0/><F0/><AGARI ba="2,1" hai="0,6,8,9,12,16,24,25,52,56,60,88,92,99" machi="0" ten="30,12000,2" yaku="1,1,7,1,54,3,53,1" doraHai="40" doraHaiUra="3" who="3" fromWho="2" sc="419,0,171,0,210,-126,190,136" /><INIT seed="1,0,0,5,1,34" ten="419,171,84,326" oya="1" hai0="67,73,4,90,119,100,108,97,70,74,95,96,9" hai1="8,23,16,30,103,19,50,33,47,31,99,98,107" hai2="20,129,58,78,83,44,26,82,76,61,32,89,72" hai3="126,94,77,87,91,124,102,111,54,27,65,101,116"/><U43/><E33/><V80/><F129/><W57/><G111/><T28/><D119/><U110/><E110/><V22/><F32/><W123/><G123/><T106/><D108/><U0/><E98/><V13/><F72/><W1/><G116/><T115/><D115/><U29/><REACH who="1" step="1"/><E23/><REACH who="1" ten="419,161,84,326" step="2"/><V63/><F22/><W130/><G130/><T71/><D97/><U14/><E14/><V51/><F13/><W59/><G126/><T125/><D96/><U121/><E121/><V86/><F78/><W92/><G124/><T133/><D125/><U64/><E64/><N who="2" m="38967" /><F76/><W52/><G65/><T117/><D67/><U46/><E46/><V41/><F63/><W45/><G77/><T109/><D109/><U36/><E36/><V118/><F118/><W120/><G45/><T17/><D117/><U56/><E56/><V6/><F6/><AGARI ba="0,1" hai="0,6,8,16,19,29,30,31,43,47,50,99,103,107" machi="6" ten="40,7700,0" yaku="1,1,52,1,54,1,53,0" doraHai="34" doraHaiUra="104" who="1" fromWho="2" sc="419,0,161,87,84,-77,326,0" /><INIT seed="1,1,0,2,1,104" ten="419,248,7,326" oya="1" hai0="119,78,41,47,100,68,126,118,117,87,109,38,61" hai1="52,96,31,11,77,97,85,34,108,1,60,65,110" hai2="94,92,45,55,80,26,23,121,56,132,16,71,57" hai3="27,79,67,20,93,24,73,76,102,53,5,39,134"/><U86/><E34/><V66/><F121/><W14/><G134/><T101/><D109/><N who="1" m="42091" /><E31/><V128/><F132/><W88/><G39/><T36/><D36/><U74/><E1/><V135/><F135/><W125/><G125/><T15/><D126/><U37/><E37/><V114/><F71/><W62/><G73/><T105/><D15/><U3/><E3/><V107/><F107/><W44/><G102/><T30/><D30/><U64/><E11/><V2/><F2/><W7/><G67/><N who="1" m="25674" /><E74/><V103/><F128/><W33/><G33/><T84/><D68/><U116/><E116/><V98/><F114/><W124/><G124/><T131/><D131/><U21/><E21/><V9/><F80/><W22/><G22/><T69/><D69/><U63/><E77/><V115/><F115/><W82/><G79/><T123/><D78/><U54/><E86/><V89/><F66/><W120/><G5/><T40/><D38/><U50/><E85/><N who="2" m="52271" /><F9/><W28/><G7/><T95/><D118/><U32/><E32/><V58/><F45/><W111/><G44/><T122/><D47/><N who="1" m="27743" /><E54/><AGARI ba="1,0" hai="16,23,26,54,55,56,57,58,94,98,103" m="52271" machi="54" ten="30,2000,0" yaku="8,1,54,1" doraHai="104" who="2" fromWho="1" sc="419,0,248,-23,7,23,326,0" /><INIT seed="2,0,0,4,4,3" ten="419,225,30,326" oya="2" hai0="0,39,18,115,51,65,135,48,64,99,102,80,55" hai1="1,86,30,92,94,19,103,67,77,76,90,28,36" hai2="127,66,53,23,123,70,10,129,106,110,26,89,8" hai3="108,41,130,2,7,61,25,12,91,109,121,93,124"/><V83/><F123/><W125/><G121/><T85/><D115/><U57/><E36/><V96/><F127/><N who="3" m="48715" /><G130/><T74/><D39/><U122/><E122/><V132/><F129/><W62/><G41/><T13/><D74/><U128/><E1/><V34/><F132/><W21/><G2/><T79/><D0/><U6/><E6/><V88/><F34/><W72/><G72/><T95/><D135/><U43/><E43/><V81/><F106/><W11/><G91/><N who="2" m="34889" /><F70/><W31/><G93/><T134/><D134/><U78/><E128/><V38/><F38/><W73/><G73/><T58/><D51/><U105/><E105/><V33/><F33/><W14/><G14/><T22/><AGARI ba="0,0" hai="13,18,22,48,55,58,64,65,79,80,85,95,99,102" machi="22" ten="20,2700,0" yaku="0,1,7,1,8,1" doraHai="3" who="0" fromWho="0" sc="419,27,225,-7,30,-13,326,-7" /><INIT seed="3,0,0,0,3,36" ten="446,218,17,319" oya="3" hai0="113,125,80,28,103,126,72,35,49,71,122,73,46" hai1="96,64,63,89,97,109,114,84,19,34,118,38,21" hai2="68,24,51,112,20,10,83,2,42,135,52,121,43" hai3="100,58,88,5,47,22,131,92,26,76,55,1,45"/><W50/><G131/><T87/><D122/><U57/><E34/><V41/><F112/><W123/><G123/><T115/><D71/><U3/><E3/><V11/><F121/><W79/><G100/><T94/><D28/><U85/><E109/><V15/><F68/><W128/><G128/><T17/><D35/><U70/><E114/><N who="0" m="43529" /><D17/><U134/><E134/><V117/><F117/><W105/><G105/><T108/><D108/><U32/><E32/><V14/><F135/><W75/><G5/><T95/><D73/><U56/><E38/><V110/><F110/><W111/><G111/><T133/><D72/><U0/><E0/><V25/><F2/><W77/><G75/><T31/><D31/><U67/><E84/><V54/><F83/><W120/><G120/><T132/><D132/><U102/><E102/><V30/><F25/><W129/><G129/><T86/><D86/><U101/><E70/><V44/><F54/><W9/><G9/><T48/><D133/><U107/><E107/><V13/><F11/><W90/><G1/><T78/><D49/><U61/><E101/><V7/><REACH who="2" step="1"/><F7/><REACH who="2" ten="446,218,7,319" step="2"/><W66/><G66/><T60/><D60/><U40/><E118/><V12/><F12/><W53/><G45/><T69/><D69/><U33/><E67/><V91/><F91/><W74/><G55/><N who="0" m="30103" /><D103/><U127/><E64/><V119/><F119/><W16/><G74/><T18/><D18/><U23/><E19/><V37/><F37/><W59/><REACH who="3" step="1"/><G90/><REACH who="3" ten="446,218,7,309" step="2"/><T104/><D104/><U99/><E89/><V4/><AGARI ba="0,2" hai="4,10,13,14,15,20,24,30,41,42,43,44,51,52" machi="4" ten="30,16000,3" yaku="1,1,0,1,8,1,52,3,54,1,53,1" doraHai="36" doraHaiUra="6" who="2" fromWho="2" sc="446,-40,218,-40,7,180,309,-80" owari="406,50.6,178,-32.2,187,-21.3,229,2.9" /></mjloggm>