<mjloggm ver="2.3"><GO type="225" lobby="0"/><UN n0="%E6%A1%9C%E8%8A%B1%E9%96%83%E3%80%85" n1="%6D%75%75%6D%75%72%61" n2="%E5%A4%96%E5%B7%9D%E7%AB%9C%E6%88%90" n3="%72%65%6E%6B%75%6E" dan="18,17,16,17" rate="2186.81,2194.86,2129.55,2277.61" sx="M,F,M,M"/><TAIKYOKU oya="0"/><INIT seed="0,0,0,4,0,35" ten="250,250,250,250" oya="0" hai0="91,131,8,67,88,25,129,61,128,56,58,60,5" hai1="18,132,9,123,125,111,71,19,11,130,93,68,3" hai2="22,4,82,105,106,80,107,94,15,104,59,112,126" hai3="41,20,100,33,21,31,110,113,37,90,47,38,97"/><T78/><D78/><U102/><E123/><V12/><F112/><W70/><G113/><T45/><D45/><U101/><E111/><V17/><F126/><W55/><G110/><T29/><D25/><U135/><E125/><V7/><F59/><W39/><G70/><T1/><D29/><U99/><E130/><V0/><F94/><W69/><G55/><AGARI ba="0,0" hai="1,5,8,55,56,58,60,61,67,88,91,128,129,131" machi="55" ten="40,7700,0" yaku="19,1,52,1,54,1" doraHai="35" who="0" fromWho="3" sc="250,77,250,0,250,0,250,-77" /><INIT seed="0,1,0,1,5,117" ten="327,250,250,173" oya="0" hai0="46,29,122,89,91,108,118,94,85,125,67,74,61" hai1="82,115,48,86,103,59,130,24,133,75,93,52,70" hai2="76,41,81,134,88,13,49,90,102,31,28,4,83" hai3="65,72,25,32,20,120,23,77,124,96,27,44,84"/><T26/><D118/><U57/><E130/><V14/><F134/><W135/><G124/><T17/><D125/><U53/><E70/><V98/><F41/><W62/><G135/><T50/><D74/><U36/><E133/><V123/><F49/><W10/><G72/><T105/><D105/><U9/><E36/><V73/><F123/><W80/><G10/><T12/><D108/><U111/><E111/><V51/><F51/><W8/><G8/><T113/><D113/><U18/><E75/><V106/><F4/><W78/><G78/><T1/><D91/><U109/><E109/><V95/><F83/><W119/><G119/><T71/><D1/><U3/><E3/><V30/><REACH who="2" step="1"/><F90/><REACH who="2" ten="327,250,240,173" step="2"/><W19/><G44/><T43/><D122/><U54/><E115/><V22/><F22/><W100/><G32/><T99/><D50/><U110/><E110/><V63/><F63/><W7/><G7/><T64/><D43/><U34/><E48/><V129/><F129/><W33/><G33/><T132/><D46/><U68/><E34/><V107/><F107/><W56/><G120/><T40/><D40/><U92/><E82/><V37/><F37/><W126/><G126/><T15/><D61/><U39/><E39/><V55/><F55/><W114/><G114/><T66/><D132/><U79/><E54/><V47/><F47/><W6/><G6/><T58/><D89/><U112/><E53/><V38/><F38/><W69/><G20/><T11/><D11/><U101/><E112/><V127/><F127/><W0/><G23/><T42/><D42/><U35/><E9/><RYUUKYOKU ba="1,1" sc="327,-10,250,-10,240,30,173,-10" hai2="13,14,28,30,31,73,76,81,88,95,98,102,106" /><INIT seed="1,2,1,2,0,97" ten="317,240,270,163" oya="1" hai0="28,44,29,39,71,130,126,59,121,45,33,15,81" hai1="83,109,96,49,73,82,19,6,87,9,99,47,122" hai2="53,75,89,134,68,43,20,86,66,85,38,79,54" hai3="32,63,37,26,94,100,133,91,17,2,16,61,27"/><U70/><E122/><V12/><F75/><W127/><G37/><T23/><D71/><U51/><E70/><V112/><F38/><W11/><G127/><T40/><D126/><U106/><E109/><V104/><F43/><W111/><G111/><T42/><D121/><U46/><E19/><N who="3" m="7242" /><G133/><T24/><D130/><U115/><E73/><V67/><F104/><W1/><G32/><T3/><D3/><U93/><E106/><V103/><F12/><W25/><G11/><T34/><D15/><U107/><E107/><V114/><F20/><W88/><G2/><T108/><D108/><U52/><E115/><V78/><F89/><N who="3" m="34379" /><G1/><T128/><D128/><U113/><E113/><V120/><F68/><W102/><G94/><T7/><D34/><U60/><E9/><V105/><F105/><W36/><G36/><T131/><D33/><U110/><E110/><V58/><F120/><W48/><G48/><T30/><D131/><U41/><E6/><V64/><F134/><W13/><G13/><T95/><D95/><U18/><E18/><V62/><F114/><W35/><G35/><T92/><D92/><U56/><E93/><V8/><F112/><W101/><AGARI ba="2,1" hai="25,26,27,61,63,100,101,102" m="34379,7242" machi="101" ten="40,16000,3" yaku="28,2,8,1,52,3,54,2" doraHai="97" who="3" fromWho="3" sc="317,-42,240,-82,270,-42,163,176" /><INIT seed="2,0,0,1,0,111" ten="275,158,228,339" oya="2" hai0="121,58,41,51,18,49,73,65,131,64,27,112,89" hai1="17,42,23,90,82,31,100,32,19,56,39,107,3" hai2="13,36,94,124,48,95,4,46,125,7,86,76,63" hai3="5,33,91,92,74,47,133,0,85,84,20,12,38"/><V14/><F36/><W115/><G74/><T52/><D121/><U119/><E119/><V132/><F63/><W1/><G33/><T97/><D73/><U28/><E32/><V61/><F61/><W67/><G67/><T54/><D131/><U21/><E3/><V62/><F62/><W113/><G133/><T35/><D112/><N who="3" m="43081" /><G84/><T110/><D41/><U53/><E42/><V40/><F132/><W11/><G20/><N who="0" m="13719" /><D35/><U44/><E39/><V2/><F2/><W134/><G134/><T30/><D30/><U24/><E44/><V25/><F46/><W98/><G98/><T50/><D110/><U87/><E56/><V81/><F86/><W106/><G106/><T96/><D96/><U57/><E57/><V55/><F76/><W126/><G126/><T120/><D120/><U69/><E69/><V88/><F81/><W72/><G72/><T109/><D109/><U70/><E70/><V117/><F95/><W22/><G22/><T130/><D130/><U10/><E10/><V60/><F94/><W93/><G93/><N who="0" m="56495" /><D58/><U37/><E37/><V71/><F71/><W16/><G5/><T116/><D116/><U99/><REACH who="1" step="1"/><E53/><AGARI ba="0,0" hai="49,50,51,52,53,54,64,65" m="56495,13719" machi="53" ten="30,2000,0" yaku="8,1,54,1" doraHai="111" who="0" fromWho="1" sc="275,20,158,-20,228,0,339,0" /><INIT seed="3,0,0,0,2,12" ten="295,138,228,339" oya="3" hai0="70,23,46,132,112,134,124,82,118,95,16,43,58" hai1="78,105,14,60,9,52,117,24,11,97,61,94,119" hai2="113,127,28,36,35,3,93,59,15,86,123,116,21" hai3="126,84,129,51,6,115,57,98,131,32,62,26,20"/><W107/><G115/><T79/><D118/><U38/><E105/><V19/><F36/><W4/><G32/><T67/><D70/><U39/><E78/><V68/><F68/><W40/><G126/><T42/><D124/><U5/><E24/><N who="2" m="18823" /><F59/><W99/><G84/><N who="0" m="48223" /><D112/><U76/><E76/><V13/><F86/><W109/><G109/><T91/><D46/><U2/><E39/><V47/><F93/><W33/><G33/><T30/><D30/><U55/><E38/><V50/><F50/><W120/><G98/><N who="0" m="57727" /><D134/><U17/><E117/><V104/><F47/><N who="3" m="26087" /><G120/><T77/><D77/><U125/><E125/><V53/><F53/><N who="3" m="34095" /><G99/><T133/><D133/><U74/><E74/><V114/><F104/><W44/><G44/><T22/><D22/><U102/><REACH who="1" step="1"/><E119/><REACH who="1" ten="295,128,228,339" step="2"/><V83/><F127/><W96/><G107/><T63/><D132/><U101/><E101/><V135/><F116/><W27/><G27/><AGARI ba="0,1" hai="16,23,27,42,43,58,63,67" m="57727,48223" machi="27" ten="30,3900,0" yaku="8,1,52,1,54,1" doraHai="12" who="0" fromWho="3" sc="295,49,128,0,228,0,339,-39" owari="344,44.4,128,-37.2,228,-17.2,300,10.0" /></mjloggm>