<mjloggm ver="2.3"><GO type="225" lobby="0"/><UN n0="%E8%B6%85%E7%B4%9A%E9%B3%B3%E5%87%B0" n1="%E7%99%BD%E6%97%A5%E9%9B%AA%E8%8F%9C" n2="%E3%83%97%E3%83%AC%E3%83%B4%E3%82%A1%E3%83%86%E3%82%A3" n3="%E4%BF%BA%E3%81%A8%E5%A6%96%E5%A4%A2" dan="16,16,16,17" rate="2124.20,2148.47,2118.44,2271.44" sx="M,M,F,F"/><TAIKYOKU oya="0"/><INIT seed="0,0,0,1,3,32" ten="250,250,250,250" oya="0" hai0="11,75,42,76,92,106,119,81,124,64,9,111,48" hai1="12,45,3,131,120,98,63,54,108,47,8,19,105" hai2="10,89,114,31,55,94,88,82,68,70,74,41,118" hai3="72,122,135,73,129,95,16,87,93,36,15,100,1"/><T6/><D119/><U34/><E120/><V59/><F118/><W121/><G36/><T71/><D106/><U43/><E34/><V128/><F114/><W25/><G25/><T123/><D123/><N who="3" m="47113" /><G135/><T35/><D35/><U133/><E133/><V109/><F109/><W44/><G44/><T65/><D124/><U14/><E108/><V21/><F128/><W91/><G129/><T0/><D111/><U58/><E131/><V18/><F41/><W60/><G60/><T30/><D30/><U77/><E77/><V4/><F31/><W101/><G1/><T132/><D132/><U37/><E45/><V5/><F74/><N who="3" m="28779" /><G95/><T127/><D127/><U39/><E37/><V7/><F82/><W20/><AGARI ba="0,0" hai="15,16,20,87,91,93,100,101" m="28779,47113" machi="20" ten="30,2000,0" yaku="13,1,54,1" doraHai="32" who="3" fromWho="3" sc="250,-10,250,-5,250,-5,250,20" /><INIT seed="1,0,0,5,1,46" ten="240,245,245,270" oya="1" hai0="12,108,30,21,131,90,92,64,47,60,36,97,11" hai1="118,9,87,28,50,57,105,7,94,2,59,71,96" hai2="23,99,132,72,74,39,128,43,51,109,44,134,86" hai3="122,70,120,79,34,126,1,84,119,3,75,0,15"/><U95/><E118/><V6/><F109/><W5/><G84/><T48/><D108/><U76/><E71/><V42/><F6/><W98/><G98/><T123/><D131/><U116/><E116/><V106/><F128/><W130/><G119/><T24/><D123/><U124/><E124/><V81/><F23/><W41/><G130/><T135/><D36/><U4/><E4/><V27/><F27/><W133/><G41/><T89/><D135/><N who="2" m="51754" /><F42/><W32/><G79/><T103/><D12/><U104/><E28/><V68/><F68/><W20/><G75/><N who="2" m="28713" /><F99/><W38/><G70/><T52/><REACH who="0" step="1"/><D11/><REACH who="0" ten="230,245,245,270" step="2"/><U80/><E9/><V115/><F115/><W19/><G133/><T65/><D65/><U8/><E8/><V45/><F106/><W73/><G126/><T66/><D66/><U83/><E105/><V101/><F101/><W69/><G38/><T88/><D88/><U93/><E104/><V102/><F102/><W125/><G125/><T16/><D16/><U33/><E7/><V58/><F39/><W77/><G5/><T14/><D14/><U62/><E2/><V113/><F113/><W112/><G112/><T63/><D63/><U49/><E62/><V53/><F43/><W29/><G122/><T114/><D114/><U18/><E18/><V13/><F13/><W55/><G120/><T40/><D40/><U26/><E26/><V17/><F17/><W82/><G29/><T61/><D61/><U85/><E50/><V91/><AGARI ba="0,1" hai="44,45,51,53,58,81,86,91" m="28713,51754" machi="91" ten="30,2000,0" yaku="20,1,52,1" doraHai="46" who="2" fromWho="2" sc="230,-5,245,-10,245,30,270,-5" /><INIT seed="2,0,0,5,2,23" ten="225,235,275,265" oya="2" hai0="118,26,37,108,100,105,110,4,84,126,111,21,125" hai1="78,3,52,42,109,51,112,65,75,66,34,116,55" hai2="102,73,85,1,91,50,72,134,130,7,119,53,12" hai3="124,81,122,36,83,31,64,39,33,128,38,63,93"/><V89/><F119/><W113/><G122/><T92/><D37/><U62/><E116/><V24/><F1/><W29/><G128/><T41/><D41/><U127/><E3/><V132/><F130/><W123/><G123/><T70/><D70/><U96/><E112/><V35/><F102/><W58/><G113/><T13/><D118/><U11/><E34/><V121/><F121/><W25/><G124/><N who="0" m="47723" /><D105/><U120/><E120/><V2/><F2/><W131/><G131/><T114/><D114/><U40/><E127/><V59/><F89/><W0/><G0/><T30/><D84/><U45/><E109/><N who="0" m="27905" /><T86/><DORA hai="28" /><D86/><U57/><E11/><V43/><F43/><W135/><G135/><N who="2" m="51753" /><F12/><W107/><G107/><T90/><D90/><U129/><E129/><V61/><F7/><W77/><G31/><T16/><D4/><U68/><E40/><V48/><F73/><W46/><G93/><T44/><D44/><U54/><E75/><V9/><F72/><W5/><G5/><T133/><D133/><U18/><E78/><V15/><F15/><W10/><G46/><T87/><D87/><U104/><E42/><V94/><F9/><W20/><G10/><N who="0" m="6199" /><D92/><U22/><E104/><V80/><F94/><W79/><G79/><T56/><D56/><U19/><E68/><V14/><F14/><W47/><G47/><T117/><D117/><U97/><E45/><V60/><F60/><W27/><G77/><T17/><D100/><U99/><E62/><V115/><F115/><W6/><G6/><T69/><D69/><U103/><E103/><V71/><F71/><RYUUKYOKU ba="0,0" sc="225,10,235,-30,275,10,265,10" hai0="17,21,26,30" hai2="24,35,48,50,53,59,61,80,85,91" hai3="20,25,27,29,33,36,38,39,58,63,64,81,83" /><INIT seed="2,1,0,3,2,70" ten="235,205,285,275" oya="2" hai0="32,100,3,95,63,89,99,87,122,27,98,53,42" hai1="77,110,71,29,64,127,28,113,4,24,90,38,106" hai2="80,21,73,65,34,121,107,44,82,37,97,129,31" hai3="86,108,45,40,74,104,46,83,17,49,105,72,130"/><V7/><F121/><W2/><G2/><T117/><D122/><U35/><E113/><V58/><F34/><W96/><G108/><T111/><D3/><U54/><E110/><V126/><F73/><W12/><G130/><T85/><D111/><U6/><E127/><V94/><F107/><W81/><G96/><T92/><D117/><U118/><E118/><V68/><F68/><W79/><G46/><T25/><D42/><U66/><E29/><V132/><F7/><W51/><G51/><T48/><D63/><U102/><E77/><V133/><F129/><W134/><G134/><N who="2" m="51817" /><F126/><W0/><G0/><T56/><D32/><U10/><E90/><N who="2" m="55511" /><F58/><W5/><G5/><T69/><D69/><U59/><E71/><V114/><F65/><W52/><G40/><T67/><D67/><U50/><E4/><V60/><F60/><W128/><G72/><T135/><D135/><U47/><E106/><V14/><F114/><W26/><G26/><AGARI ba="1,0" hai="25,26,27,48,53,56,85,87,89,92,95,98,99,100" machi="26" ten="40,1300,0" yaku="8,1" doraHai="70" who="0" fromWho="3" sc="235,16,205,0,285,0,275,-16" /><INIT seed="3,0,0,3,3,65" ten="251,205,285,259" oya="3" hai0="60,3,116,106,35,53,123,121,12,58,14,91,85" hai1="104,23,77,71,114,98,1,129,110,83,127,49,47" hai2="21,19,28,7,5,79,30,46,17,48,63,108,6" hai3="33,81,64,94,15,111,88,97,16,34,55,74,100"/><W93/><G111/><T107/><D116/><U96/><E114/><V113/><F108/><W36/><G36/><T92/><D3/><U57/><E110/><V130/><F113/><W102/><G64/><T24/><D106/><U27/><E1/><V22/><F130/><W61/><G102/><T45/><D107/><U99/><E129/><V90/><F79/><W128/><G128/><T41/><D12/><U95/><E104/><V133/><F63/><W132/><G132/><T20/><D14/><U82/><E127/><V10/><F90/><W52/><G34/><T109/><D35/><U29/><E71/><V0/><F48/><W89/><G33/><T4/><D4/><N who="2" m="1642" /><F46/><W68/><G68/><T2/><D2/><U40/><E57/><V112/><F112/><W75/><G61/><T135/><D135/><U115/><E115/><V13/><F133/><W124/><G124/><T126/><D109/><U31/><E29/><V8/><F8/><N who="3" m="6247" /><G75/><T26/><D26/><AGARI ba="0,0" hai="0,7,10,13,17,19,21,22,26,28,30" m="1642" machi="26" ten="30,8000,1" yaku="35,5" doraHai="65" who="2" fromWho="0" sc="251,-80,205,0,285,80,259,0" owari="171,-32.9,205,-19.5,365,46.5,259,5.9" /></mjloggm>