<mjloggm ver="2.3"><GO type="225" lobby="0"/><UN n0="%E3%81%A9%E3%82%8F%E3%82%93%E3%81%94" n1="%E8%90%BD%E6%97%A5" n2="%E5%AE%AE%E4%BF%9D%E9%B6%8F%E8%82%89" n3="%77%72%77%72%77%72%77%72" dan="16,18,16,16" rate="2187.34,2219.71,2134.62,2096.08" sx="M,F,M,M"/><TAIKYOKU oya="0"/><INIT seed="0,0,0,0,0,121" ten="250,250,250,250" oya="0" hai0="84,98,18,79,33,42,65,116,45,124,13,40,64" hai1="37,46,127,51,67,91,44,27,49,9,96,75,7" hai2="0,80,128,22,77,92,21,58,114,87,120,100,117" hai3="113,53,93,5,123,29,85,129,50,39,134,2,70"/><T43/><D116/><U130/><E75/><V69/><F120/><W17/><G123/><T59/><D124/><U90/><E127/><V132/><F69/><W111/><G113/><T25/><D45/><U68/><E130/><V35/><F114/><W28/><G129/><T23/><D98/><U103/><E37/><V115/><F35/><W104/><G104/><T66/><D33/><U101/><E27/><V19/><F0/><W11/><G70/><T20/><D79/><U99/><E68/><V54/><F132/><W41/><G134/><T52/><D84/><U57/><E57/><V47/><F117/><W83/><G93/><T16/><REACH who="0" step="1"/><D66/><REACH who="0" ten="240,250,250,250" step="2"/><U30/><E67/><V31/><F47/><W94/><G85/><T126/><D126/><U88/><E96/><N who="2" m="59399" /><F128/><W32/><G32/><T97/><D97/><U56/><E99/><V10/><F115/><W105/><G105/><T122/><D122/><U34/><E101/><V118/><F118/><W82/><G39/><T60/><AGARI ba="0,1" hai="13,16,18,20,23,25,40,42,43,52,59,60,64,65" machi="60" ten="30,18000,2" yaku="1,1,0,1,8,1,54,2,53,2" doraHai="121" doraHaiUra="14" who="0" fromWho="0" sc="240,190,250,-60,250,-60,250,-60" /><INIT seed="0,1,0,0,0,134" ten="430,190,190,190" oya="0" hai0="109,17,71,11,94,115,59,2,32,7,120,67,122" hai1="114,46,105,53,88,12,126,30,6,64,26,19,25" hai2="18,70,34,123,107,86,80,89,39,74,81,31,104" hai3="68,47,3,98,45,100,106,55,48,54,10,38,87"/><T63/><D115/><U52/><E105/><V13/><F123/><W77/><G68/><T90/><D32/><U8/><E114/><V130/><F39/><W82/><G38/><T61/><D109/><U62/><E126/><V37/><F70/><W9/><REACH who="3" step="1"/><G3/><REACH who="3" ten="430,190,190,180" step="2"/><T132/><D132/><U129/><E129/><V28/><F37/><W22/><G22/><T66/><D17/><U116/><E116/><V125/><F130/><W20/><G20/><T103/><D103/><U57/><E19/><V113/><F113/><W51/><AGARI ba="1,1" hai="9,10,45,47,48,51,54,55,77,82,87,98,100,106" machi="51" ten="30,8000,1" yaku="1,1,0,1,9,1,53,2" doraHai="134" doraHaiUra="40" who="3" fromWho="3" sc="430,-41,190,-21,190,-21,180,93" /><INIT seed="1,0,0,4,1,102" ten="389,169,169,273" oya="1" hai0="131,57,72,58,54,45,79,6,25,20,24,0,128" hai1="34,65,77,111,44,98,59,16,27,76,23,49,4" hai2="51,56,3,62,17,90,105,135,116,36,109,33,12" hai3="28,19,2,134,53,63,107,104,95,87,89,118,22"/><U94/><E111/><V39/><F116/><W15/><G2/><T133/><D133/><U83/><E34/><V124/><F3/><W64/><G118/><T21/><D72/><U8/><E83/><V82/><F33/><W121/><G121/><T129/><D79/><U75/><E75/><V48/><F135/><W11/><G134/><T10/><D45/><U130/><E130/><V103/><F124/><W132/><G132/><T32/><D32/><U84/><E84/><N who="2" m="50455" /><F105/><W46/><G28/><N who="0" m="17415" /><D54/><U67/><E67/><N who="2" m="39367" /><F36/><W123/><G123/><T41/><D41/><U92/><E92/><V9/><F39/><W52/><G22/><T68/><D68/><U35/><E35/><V73/><F73/><W101/><G101/><T13/><D0/><U97/><E97/><V88/><F103/><W1/><G1/><T117/><D117/><U7/><E65/><V71/><F71/><W47/><G47/><T126/><D126/><U112/><E59/><V69/><F69/><W74/><G74/><T78/><D78/><N who="1" m="30315" /><E112/><V127/><F127/><W37/><G37/><T91/><D91/><N who="1" m="55647" /><E8/><V122/><F109/><W113/><G113/><T61/><D61/><U60/><E60/><V110/><F122/><W43/><G63/><T125/><D125/><U96/><E96/><V26/><F110/><W29/><G64/><T50/><D50/><N who="2" m="18986" /><F88/><W114/><G114/><T100/><D100/><U81/><E81/><V80/><F80/><W115/><G115/><T31/><AGARI ba="0,0" hai="6,10,13,21,25,31,57,58,128,129,131" m="17415" machi="31" ten="30,1100,0" yaku="19,1" doraHai="102" who="0" fromWho="0" sc="389,11,169,-5,169,-3,273,-3" /><INIT seed="2,0,0,2,0,88" ten="400,164,166,270" oya="2" hai0="5,113,97,123,81,130,39,133,63,21,122,131,45" hai1="119,60,115,124,67,86,125,94,99,41,104,56,62" hai2="85,9,87,47,24,20,17,121,28,79,134,11,30" hai3="109,18,73,111,118,19,26,98,74,65,135,54,31"/><V70/><F121/><W71/><G118/><T128/><D113/><U108/><E115/><V120/><F120/><W69/><G54/><T89/><D133/><U126/><E119/><V46/><F70/><N who="3" m="26635" /><G65/><T127/><D127/><U58/><E108/><N who="3" m="41546" /><G98/><T83/><D5/><U13/><E41/><V114/><F114/><W7/><G7/><T117/><D63/><U68/><E104/><V61/><F61/><W129/><G129/><T116/><D116/><U22/><E86/><N who="2" m="32779" /><F79/><W48/><G48/><T90/><D117/><U132/><E132/><V82/><F82/><W2/><G2/><T105/><D83/><U0/><E0/><V91/><F91/><W59/><G59/><T25/><D81/><U27/><E62/><V16/><F134/><W84/><G84/><T107/><D123/><U112/><E112/><V34/><F34/><W4/><G4/><T50/><D122/><U14/><E68/><V51/><F47/><W95/><G135/><T53/><D107/><U66/><E66/><V72/><F72/><N who="3" m="27755" /><G95/><T78/><D78/><U106/><E106/><V110/><F110/><W6/><G6/><T92/><D105/><U102/><REACH who="1" step="1"/><E58/><REACH who="1" ten="400,154,166,270" step="2"/><V76/><F76/><W37/><G37/><T57/><D39/><U101/><E101/><V38/><F38/><W80/><G80/><T44/><D90/><U93/><E93/><V8/><F28/><AGARI ba="0,1" hai="21,25,28,44,45,50,53,57,89,92,97,128,130,131" machi="28" ten="40,2600,0" yaku="19,1,52,1" doraHai="88" who="0" fromWho="2" sc="400,36,154,0,166,-26,270,0" /><AGARI ba="0,0" hai="13,14,22,27,28,56,60,67,94,99,102,124,125,126" machi="28" ten="40,8000,1" yaku="1,1,25,2,18,1,52,1,53,0" doraHai="88" doraHaiUra="36" who="1" fromWho="2" sc="436,0,154,80,140,-80,270,0" /><INIT seed="3,0,0,5,5,114" ten="436,234,60,270" oya="3" hai0="78,89,105,70,74,48,21,28,98,17,106,26,102" hai1="40,122,51,55,72,119,50,25,135,64,82,32,125" hai2="91,108,121,44,36,53,5,22,58,39,3,23,107" hai3="59,130,88,112,7,45,30,93,37,2,4,127,133"/><W33/><G112/><T62/><D105/><U71/><E122/><V109/><F107/><W115/><G115/><T111/><D111/><U92/><E125/><V75/><F75/><W80/><G127/><T128/><D128/><U85/><E135/><V81/><F3/><W16/><G133/><T99/><D48/><U13/><E72/><V86/><F5/><W77/><G130/><T83/><D89/><U9/><E71/><V11/><F11/><W10/><G59/><T66/><REACH who="0" step="1"/><D99/><REACH who="0" ten="426,234,60,270" step="2"/><U31/><E64/><V29/><F91/><W69/><G88/><T15/><D15/><U118/><E92/><V110/><F121/><W46/><G2/><T100/><D100/><U126/><E126/><V56/><F86/><W20/><G37/><T18/><AGARI ba="0,1" hai="17,18,21,26,28,62,66,70,74,78,83,98,102,106" machi="18" ten="30,2000,0" yaku="1,1,0,1,53,0" doraHai="114" doraHaiUra="84" who="0" fromWho="0" sc="426,30,234,-5,60,-5,270,-10" owari="456,55.6,229,-17.1,55,-44.5,260,6.0" /></mjloggm>