<mjloggm ver="2.3"><GO type="225" lobby="0"/><UN n0="%E3%83%96%E3%83%A9%E3%82%B6%E3%83%BC" n1="%E3%81%AF%E3%82%88%E3%81%8A%E3%81%98%E3%81%95%E3%82%93" n2="%E3%81%BD%E3%81%A1%E3%81%9F%E3%81%93%E3%82%84" n3="%E7%89%B9%E6%9D%B1%E3%81%AF%E4%B8%96%E7%95%8C%E3%82%92%E6%95%91%E3%81%86" dan="16,16,17,16" rate="2114.86,2132.10,2170.82,2156.94" sx="M,M,M,M"/><TAIKYOKU oya="0"/><INIT seed="0,0,0,2,2,28" ten="250,250,250,250" oya="0" hai0="33,127,124,80,102,27,86,39,10,112,79,133,96" hai1="26,91,45,63,90,93,42,74,18,119,32,70,56" hai2="19,62,81,100,35,21,135,72,29,52,13,16,103" hai3="104,84,107,46,83,77,53,101,37,110,117,17,66"/><T123/><D112/><U76/><E119/><V111/><F111/><W23/><G117/><T7/><D123/><U44/><E70/><V134/><F19/><W0/><G0/><T36/><D133/><N who="2" m="50698" /><F72/><W132/><G132/><T24/><D24/><U105/><E105/><V8/><F81/><W31/><G110/><T30/><D127/><U128/><E128/><V25/><F8/><W54/><G66/><T6/><D124/><U47/><E74/><V106/><F106/><W22/><G31/><T60/><D60/><U82/><E76/><V125/><F125/><W94/><G22/><T41/><D41/><U85/><E32/><V75/><F75/><W50/><G37/><T120/><D120/><U114/><E114/><V65/><F52/><W55/><G107/><T87/><D87/><U67/><E26/><V95/><F95/><W108/><G104/><T3/><REACH who="0" step="1"/><D7/><REACH who="0" ten="240,250,250,250" step="2"/><U126/><E126/><V99/><F99/><N who="3" m="59639" /><G108/><T109/><D109/><U59/><E18/><V98/><F98/><W69/><G69/><AGARI ba="0,1" hai="13,16,21,25,29,35,62,65,69,100,103" m="50698" machi="69" ten="30,3900,0" yaku="20,1,52,1,54,1" doraHai="28" who="2" fromWho="3" sc="240,0,250,0,250,49,250,-39" /><INIT seed="1,0,0,4,2,14" ten="240,250,299,211" oya="1" hai0="102,24,0,96,38,15,10,106,129,99,98,67,122" hai1="66,103,91,55,101,5,81,57,127,46,92,19,85" hai2="105,128,65,43,100,53,8,131,18,17,90,26,32" hai3="93,70,40,49,111,109,110,86,87,94,52,130,25"/><U11/><E127/><V56/><F65/><W20/><G70/><T71/><D38/><U113/><E113/><V116/><F43/><W135/><G40/><T124/><D124/><U107/><E107/><V42/><F42/><W48/><G130/><N who="2" m="49705" /><F8/><W23/><G135/><T22/><D0/><U115/><E115/><V76/><F76/><W119/><G119/><T112/><D112/><U79/><E66/><V34/><F90/><W45/><G49/><T77/><D122/><U114/><E46/><V58/><F58/><W50/><G48/><T3/><D3/><U84/><E114/><V33/><F26/><W36/><G36/><T35/><D35/><U82/><E82/><V60/><F116/><W68/><G68/><T89/><D77/><U59/><E59/><V62/><F62/><W4/><G4/><T6/><D89/><U9/><E9/><V21/><F21/><N who="3" m="8267" /><G25/><T121/><D121/><U64/><E64/><V78/><F78/><W75/><G75/><T7/><D7/><U30/><E30/><V28/><F28/><W132/><G132/><T37/><D37/><U97/><E84/><AGARI ba="0,0" hai="45,50,52,84,86,87,93,94,109,110,111" m="8267" machi="84" ten="40,2600,0" yaku="14,1,54,1" doraHai="14" who="3" fromWho="1" sc="240,0,250,-26,299,0,211,26" /><INIT seed="2,0,0,5,2,22" ten="240,224,299,237" oya="2" hai0="16,29,104,34,115,99,14,131,46,85,17,63,11" hai1="12,33,3,70,1,48,127,93,30,52,21,77,53" hai2="126,108,96,84,130,122,24,118,61,110,13,125,51" hai3="8,47,111,91,18,39,58,80,49,87,23,133,59"/><V100/><F118/><W78/><G111/><N who="2" m="42537" /><F122/><W2/><G133/><T89/><D131/><U120/><E70/><V114/><F114/><W73/><G39/><T101/><D115/><U26/><E120/><V128/><F13/><W94/><G8/><T62/><D46/><U123/><E123/><V0/><F0/><W83/><G83/><T32/><D17/><U66/><E127/><N who="2" m="48651" /><F51/><W68/><G68/><T50/><D50/><U124/><E124/><V55/><F24/><W31/><G31/><T79/><D79/><U102/><E77/><V45/><F84/><W42/><REACH who="3" step="1"/><G2/><REACH who="3" ten="240,224,299,227" step="2"/><T81/><REACH who="0" step="1"/><D29/><REACH who="0" ten="230,224,299,227" step="2"/><U6/><E30/><V57/><F45/><W20/><G20/><T69/><D69/><U76/><E21/><V40/><F40/><W28/><G28/><T19/><D19/><U9/><E9/><V92/><AGARI ba="0,2" hai="55,57,61,92,96,100,128,130" m="48651,42537" machi="92" ten="40,7800,0" yaku="14,1,10,1,18,1" doraHai="22" who="2" fromWho="2" sc="230,-26,224,-26,299,98,227,-26" /><INIT seed="2,1,0,2,1,89" ten="204,198,397,201" oya="2" hai0="70,43,119,81,92,66,85,86,83,107,50,115,35" hai1="47,126,116,9,90,104,31,91,58,122,32,34,44" hai2="128,114,101,130,121,8,20,95,0,25,37,26,6" hai3="27,120,80,133,52,129,123,38,3,21,64,100,134"/><V105/><F114/><W51/><G3/><T49/><D107/><U40/><E116/><V36/><F121/><W87/><G38/><T46/><D115/><U28/><E104/><V60/><F105/><W84/><G64/><T55/><D119/><U22/><E122/><V67/><F101/><W103/><G129/><N who="2" m="49769" /><F95/><W76/><G84/><T10/><D35/><U4/><E126/><V110/><F110/><W14/><G14/><T11/><D66/><U39/><E44/><V96/><F96/><W15/><G15/><T79/><D92/><U2/><E58/><N who="2" m="37271" /><F26/><W13/><G123/><T117/><D70/><U30/><REACH who="1" step="1"/><E22/><REACH who="1" ten="204,188,397,201" step="2"/><V109/><F109/><W19/><G120/><T135/><D117/><U94/><E94/><V113/><F113/><W73/><G73/><T7/><D135/><N who="3" m="51721" /><G27/><T124/><D124/><U57/><E57/><AGARI ba="1,1" hai="13,19,21,51,52,57,76,80,87,100,103" m="51721" machi="57" ten="30,2000,0" yaku="20,1,54,1" doraHai="89" who="3" fromWho="1" sc="204,0,188,-23,397,0,201,33" /><INIT seed="3,0,0,4,0,63" ten="204,165,397,234" oya="3" hai0="24,36,129,5,76,130,68,113,131,132,90,67,70" hai1="104,48,27,58,31,117,29,44,128,34,135,111,93" hai2="62,84,126,92,17,2,79,33,124,32,121,87,116" hai3="80,133,77,22,35,75,64,69,0,14,9,85,134"/><W86/><G35/><T45/><D132/><N who="3" m="50793" /><G0/><T72/><D113/><U18/><E135/><V118/><F2/><W74/><G22/><T43/><D5/><U12/><E104/><V53/><F17/><N who="3" m="8399" /><G85/><T102/><D102/><U59/><E111/><V83/><F121/><W3/><G3/><T65/><D24/><U7/><E128/><V19/><F19/><W20/><G20/><T94/><D76/><U105/><E105/><V37/><F32/><W101/><G101/><T98/><D72/><U46/><E117/><V52/><F33/><W51/><G51/><T50/><D50/><U108/><E108/><V39/><F118/><W78/><G78/><T8/><D8/><U6/><E31/><V40/><F116/><W42/><G42/><T56/><D56/><U81/><E81/><V99/><F87/><W95/><G95/><T11/><D11/><U61/><E58/><V57/><F40/><W26/><G26/><T82/><D82/><U115/><E115/><V4/><F4/><N who="1" m="1577" /><E48/><V15/><F15/><W112/><G112/><T47/><D47/><U89/><E18/><V49/><F37/><W41/><G41/><T109/><D109/><U66/><E12/><V91/><REACH who="2" step="1"/><F39/><REACH who="2" ten="204,165,387,234" step="2"/><W16/><G16/><T88/><D130/><U21/><E34/><V114/><F114/><W123/><G123/><T25/><D131/><U100/><E100/><V127/><F127/><W30/><G86/><T13/><D129/><U96/><E96/><V55/><F55/><W119/><G119/><T110/><D13/><U38/><E38/><V28/><F28/><W106/><G74/><RYUUKYOKU ba="0,1" sc="204,-15,165,15,387,15,234,-15" hai1="21,27,29,44,46,59,61,66,89,93" hai2="49,52,53,57,62,79,83,84,91,92,99,124,126" owari="189,-21.1,180,-32.0,412,51.2,219,1.9" /></mjloggm>