<mjloggm ver="2.3"><GO type="225" lobby="0"/><UN n0="%E3%81%B2%E3%81%AA%E3%81%AE%E3%82%8A%E3%81%8F" n1="%E5%B8%86%E7%AB%8B%E5%A4%8F%E8%A1%A3" n2="%E3%81%82%E3%81%84%E3%81%82%E3%81%8A%E3%81%84" n3="%47%32%E9%BE%8D%E9%96%80" dan="16,17,18,16" rate="2122.98,2172.46,2200.28,2109.53" sx="M,M,M,M"/><TAIKYOKU oya="0"/><INIT seed="0,0,0,3,2,77" ten="250,250,250,250" oya="0" hai0="31,85,116,95,90,110,86,132,41,20,129,18,81" hai1="92,130,97,67,42,117,6,34,40,4,91,103,99" hai2="82,118,105,51,39,70,22,5,79,135,107,84,19" hai3="61,93,29,10,23,71,76,123,50,58,96,109,106"/><T47/><D116/><U24/><E130/><V8/><F135/><W102/><G109/><T74/><D132/><U73/><E117/><V131/><F39/><W122/><G71/><T33/><D129/><U64/><E73/><V13/><F70/><W100/><G10/><T128/><D128/><U46/><E34/><V44/><F118/><W15/><G76/><T16/><D74/><U36/><E24/><V114/><F114/><W80/><G80/><T11/><D33/><U54/><E54/><V48/><F48/><W28/><G50/><N who="0" m="26991" /><D11/><U32/><E32/><V45/><F45/><W78/><G78/><N who="0" m="46263" /><D110/><U56/><E42/><V55/><REACH who="2" step="1"/><F131/><REACH who="2" ten="250,250,240,250" step="2"/><W72/><G123/><T98/><D98/><U112/><E112/><V60/><F60/><W52/><G122/><T94/><D94/><U69/><E69/><V53/><F53/><W120/><G120/><T17/><D31/><U134/><E134/><V89/><F89/><W14/><G29/><T83/><D95/><U3/><E56/><V65/><F65/><W12/><G28/><T9/><D9/><U124/><E67/><V2/><AGARI ba="0,1" hai="2,5,8,13,19,22,44,51,55,79,82,84,105,107" machi="2" ten="20,5200,0" yaku="1,1,0,1,7,1,52,1,53,0" doraHai="77" doraHaiUra="127" who="2" fromWho="2" sc="250,-26,250,-13,240,62,250,-13" /><INIT seed="1,0,0,5,1,80" ten="224,237,302,237" oya="1" hai0="48,84,36,116,61,108,6,70,106,56,7,103,37" hai1="124,102,50,96,87,11,12,75,94,33,97,132,14" hai2="8,26,122,95,104,44,54,64,93,66,23,67,134" hai3="4,19,16,38,58,27,114,51,21,63,69,77,43"/><U40/><E124/><V68/><F104/><W45/><G114/><T89/><D116/><U100/><E132/><V52/><F68/><W129/><G129/><T22/><D108/><U131/><E75/><V9/><F134/><W123/><G123/><T101/><D70/><U5/><E33/><V2/><F122/><W118/><G118/><T10/><D48/><U32/><E32/><V76/><F76/><W109/><G109/><T18/><D37/><U120/><E120/><V73/><F73/><W128/><G128/><T125/><D36/><U55/><E131/><V79/><F79/><W29/><G4/><N who="0" m="1579" /><D10/><N who="2" m="4202" /><F2/><W3/><G3/><T119/><D106/><U133/><E133/><V60/><F60/><W35/><G35/><T30/><D30/><U135/><E14/><V15/><F15/><W13/><G13/><N who="0" m="9551" /><D125/><U0/><E0/><V71/><F71/><W57/><G77/><T53/><D119/><U31/><E135/><V46/><F46/><W91/><G69/><T111/><D111/><U92/><E31/><N who="2" m="17887" /><F44/><W59/><G38/><T107/><D107/><U78/><E40/><V99/><F95/><AGARI ba="0,0" hai="53,56,61,84,89,95,101,103" m="9551,1579" machi="95" ten="30,2000,0" yaku="8,1,52,1" doraHai="80" who="0" fromWho="2" sc="224,20,237,0,302,-20,237,0" /><INIT seed="2,0,0,2,4,62" ten="244,237,282,237" oya="2" hai0="27,20,77,83,101,66,13,37,28,120,12,72,11" hai1="133,114,99,92,105,53,135,6,29,17,96,10,32" hai2="48,41,107,122,44,23,78,16,34,42,51,46,85" hai3="94,117,131,119,65,115,93,132,90,125,118,98,52"/><V67/><F122/><W50/><G131/><T106/><D37/><U31/><E114/><V61/><F34/><W89/><G115/><T5/><D120/><U35/><E105/><V134/><F107/><W75/><G132/><N who="1" m="50762" /><E17/><V102/><F134/><W24/><G125/><T49/><D49/><U21/><E53/><V1/><F1/><W25/><G75/><T58/><D106/><U113/><E113/><V95/><F78/><W109/><G109/><T124/><D101/><N who="1" m="60551" /><E99/><V59/><F85/><W112/><G65/><T3/><REACH who="0" step="1"/><D124/><REACH who="0" ten="234,237,282,237" step="2"/><U54/><E54/><V55/><F102/><W127/><G127/><T110/><D110/><U88/><E35/><V30/><F95/><W26/><G112/><T71/><D71/><U18/><E32/><V7/><F7/><W100/><REACH who="3" step="1"/><G94/><REACH who="3" ten="234,237,282,227" step="2"/><T63/><AGARI ba="0,2" hai="3,5,11,12,13,20,27,28,58,63,66,72,77,83" machi="63" ten="30,7900,0" yaku="1,1,0,1,52,1,53,1" doraHai="62" doraHaiUra="104" who="0" fromWho="0" sc="234,99,237,-20,282,-39,227,-20" /><INIT seed="3,0,0,0,0,135" ten="333,217,243,207" oya="3" hai0="87,100,7,120,35,128,118,6,29,89,84,17,12" hai1="91,3,0,109,80,124,108,62,11,75,55,107,64" hai2="88,123,57,54,83,97,67,69,95,33,53,112,1" hai3="130,22,101,10,65,23,82,78,45,44,132,46,36"/><W127/><G132/><T49/><D120/><U119/><E107/><V93/><F112/><W110/><G36/><T117/><D100/><U27/><E119/><V31/><F1/><W19/><G130/><T71/><D71/><U104/><E104/><V30/><F123/><W38/><G38/><T121/><D121/><U61/><E27/><V39/><F39/><W86/><G110/><N who="1" m="42602" /><E124/><V60/><F33/><W47/><N who="3" m="11264" /><DORA hai="90" /><W73/><G127/><T5/><D87/><N who="1" m="50663" /><E75/><V63/><F83/><W28/><G101/><T79/><D49/><U98/><E98/><V2/><F2/><W134/><G134/><T9/><D29/><U13/><E55/><V52/><F30/><W76/><G73/><T103/><D79/><N who="3" m="30249" /><G65/><T74/><D103/><U113/><E62/><V25/><F63/><W37/><G37/><T94/><D74/><U68/><E113/><V41/><F69/><W81/><G28/><T92/><D35/><U115/><E115/><V59/><F41/><W116/><G116/><T18/><D128/><U105/><E105/><V125/><F125/><W43/><G43/><T51/><D118/><U133/><E133/><V58/><F31/><W20/><G86/><T77/><D117/><U72/><E72/><V8/><F67/><W106/><G106/><T34/><D84/><U40/><E40/><V24/><F60/><W26/><G26/><T15/><D34/><U66/><E66/><V111/><F111/><W21/><N who="3" m="5120" /><DORA hai="42" /><W32/><G32/><T48/><D48/><U4/><AGARI ba="0,0" hai="0,3,4,11,13,61,64,68" m="50663,42602" machi="4" ten="30,1100,0" yaku="14,1" doraHai="135,90,42" who="1" fromWho="1" sc="333,-3,217,11,243,-3,207,-5" owari="330,43.0,228,-17.2,240,4.0,202,-29.8" /></mjloggm>