<mjloggm ver="2.3"><GO type="225" lobby="0"/><UN n0="%E3%81%B5%E3%81%98%E3%81%8B%E3%81%A4" n1="%E5%A4%9C%E5%85%89%E5%A4%A9%E6%A5%BC" n2="%77%72%77%72%77%72%77%72" n3="%E5%8D%A0%E3%81%84%E5%B8%AB%E8%A3%8F%E3%81%AA%E3%81%84%E3%81%97" dan="16,16,17,17" rate="2166.23,2140.87,2195.38,2156.78" sx="M,M,M,M"/><TAIKYOKU oya="0"/><INIT seed="0,0,0,2,3,78" ten="250,250,250,250" oya="0" hai0="63,61,67,18,75,82,32,5,49,98,39,59,7" hai1="106,50,115,120,132,79,104,3,85,65,114,117,16" hai2="124,52,72,40,112,80,28,119,93,24,42,33,36" hai3="99,76,103,1,118,9,23,55,8,51,89,22,100"/><T134/><D134/><U14/><E117/><V53/><F112/><N who="1" m="43049" /><E3/><V34/><F119/><W113/><G118/><T107/><D39/><U129/><E120/><V43/><F124/><W41/><G41/><T10/><D32/><U126/><E126/><V109/><F36/><W96/><G76/><T62/><D18/><U86/><E132/><V95/><F34/><W4/><G89/><T68/><D5/><U121/><E121/><V133/><F133/><W27/><G113/><T56/><D68/><U13/><E65/><V111/><F72/><W105/><G8/><T122/><D122/><U6/><E85/><V131/><F131/><W94/><REACH who="3" step="1"/><G27/><REACH who="3" ten="250,250,250,240" step="2"/><T46/><D10/><N who="1" m="4311" /><E129/><V73/><F111/><W35/><G35/><T116/><D116/><U130/><E130/><V37/><F109/><W25/><G25/><T20/><D20/><N who="1" m="11287" /><E50/><V45/><F37/><W91/><G91/><T108/><D49/><U88/><E79/><V0/><F33/><W31/><G31/><T57/><D108/><U92/><AGARI ba="0,1" hai="86,88,92,104,106" m="11287,4311,43049" machi="92" ten="30,4000,0" yaku="11,1,54,2" doraHai="78" who="1" fromWho="1" sc="250,-20,250,50,250,-10,240,-10" /><INIT seed="1,0,0,5,4,61" ten="230,300,240,230" oya="1" hai0="124,49,17,116,121,95,1,0,57,41,113,79,87" hai1="54,99,75,130,123,66,126,56,133,19,27,45,127" hai2="106,84,132,35,5,91,114,120,71,16,42,117,6" hai3="112,13,85,65,128,70,48,103,7,31,86,51,111"/><U74/><E123/><V10/><F120/><W4/><G112/><T107/><D121/><U82/><E133/><V77/><F117/><W69/><G31/><T97/><D107/><U80/><E45/><V18/><F132/><W93/><G111/><T68/><D116/><U22/><E99/><V15/><F114/><W88/><G103/><T122/><D68/><U90/><E130/><V83/><F35/><W29/><G29/><T104/><D122/><U101/><E101/><V78/><F71/><W64/><G13/><T40/><D104/><U26/><E26/><V30/><F30/><W12/><G12/><T21/><D113/><U36/><E36/><V8/><F106/><W25/><G93/><T60/><D124/><N who="1" m="47659" /><E90/><V20/><F42/><W24/><REACH who="3" step="1"/><G88/><REACH who="3" ten="230,300,240,220" step="2"/><N who="0" m="53663" /><D97/><U76/><E80/><V9/><F18/><W58/><G58/><T62/><D0/><U92/><E92/><V44/><F44/><W131/><AGARI ba="0,1" hai="4,7,24,25,48,51,64,65,69,70,85,86,128,131" machi="131" ten="25,12000,2" yaku="1,1,0,1,22,2,52,2,53,0" doraHai="61" doraHaiUra="28" who="3" fromWho="3" sc="230,-30,300,-60,240,-30,220,130" /><INIT seed="2,0,0,3,2,54" ten="200,240,210,350" oya="2" hai0="119,56,83,135,107,92,82,68,79,39,57,52,1" hai1="16,86,14,108,78,101,48,100,75,51,84,24,87" hai2="41,77,5,104,111,36,105,35,94,30,44,76,95" hai3="2,47,0,11,93,53,85,33,131,89,67,69,88"/><V91/><F111/><W103/><G33/><T31/><D107/><U7/><E108/><V130/><F130/><W28/><G131/><T133/><D68/><U42/><E75/><V110/><F110/><W40/><G28/><T98/><D39/><U58/><E78/><V21/><F35/><W126/><G126/><T9/><D119/><U132/><E7/><V74/><F5/><W26/><G26/><T134/><D31/><U32/><E24/><V64/><F64/><W99/><G11/><T20/><D20/><N who="1" m="11287" /><E32/><V109/><F109/><W27/><G27/><T15/><D1/><U3/><E3/><V10/><F10/><W90/><G53/><T120/><D120/><U17/><E17/><V23/><F30/><W121/><G121/><T37/><D37/><U60/><E132/><V70/><F70/><W129/><G129/><T116/><D116/><U6/><E6/><V81/><F76/><W123/><G123/><T43/><D43/><U4/><E42/><V34/><F34/><W8/><G8/><T113/><D113/><U18/><E18/><V106/><REACH who="2" step="1"/><F95/><REACH who="2" ten="200,240,200,350" step="2"/><W25/><G69/><T72/><D9/><U38/><E4/><V19/><F19/><W112/><G0/><T63/><D15/><U80/><E80/><V102/><F102/><N who="1" m="39529" /><E38/><V114/><F114/><W29/><G2/><T61/><D79/><U45/><E45/><V65/><F65/><AGARI ba="0,1" hai="48,51,58,60,65,84,86,87" m="39529,11287" machi="65" ten="30,3900,0" yaku="8,1,52,1,54,1" doraHai="54" who="1" fromWho="2" sc="200,0,240,49,200,-39,350,0" /><INIT seed="3,0,0,2,4,6" ten="200,289,161,350" oya="3" hai0="121,81,40,9,134,28,62,103,119,0,87,52,33" hai1="56,128,88,112,94,108,61,4,113,60,50,20,65" hai2="25,70,129,30,5,18,41,19,125,69,109,132,63" hai3="135,78,45,49,101,98,95,72,71,114,68,53,117"/><W73/><G114/><T26/><D121/><U23/><E108/><V55/><F109/><W115/><G117/><T37/><D119/><U22/><E128/><V93/><F129/><W89/><G115/><T130/><D103/><U92/><E50/><V86/><F132/><W34/><G34/><T127/><D127/><U116/><E116/><V47/><F125/><W36/><G135/><T99/><D99/><U80/><E80/><V1/><F70/><W12/><G36/><T3/><D134/><U24/><E24/><V39/><F93/><W133/><G133/><T32/><D32/><U51/><E51/><V126/><F86/><W131/><G131/><T75/><D75/><U14/><E61/><V83/><F83/><N who="3" m="45511" /><G12/><T104/><D104/><U7/><E94/><V10/><F126/><W79/><G79/><N who="0" m="46527" /><D9/><U100/><E100/><V91/><F91/><W85/><G73/><T2/><D130/><U17/><E112/><V21/><REACH who="2" step="1"/><F55/><REACH who="2" ten="200,289,151,350" step="2"/><W74/><G74/><T66/><D52/><U64/><E113/><V58/><F58/><W77/><G77/><T31/><D66/><AGARI ba="0,1" hai="1,5,10,18,19,21,25,30,39,41,47,63,66,69" machi="66" ten="40,2600,0" yaku="1,1,52,1,53,0" doraHai="6" doraHaiUra="107" who="2" fromWho="0" sc="200,-26,289,0,151,36,350,0" owari="174,-32.6,289,8.9,187,-21.3,350,45.0" /></mjloggm>