<mjloggm ver="2.3"><GO type="225" lobby="0"/><UN n0="%E3%81%B2%E3%81%AA%E3%81%AE%E3%82%8A%E3%81%8F" n1="%E6%80%AA%E3%81%97%E3%81%99%E3%81%8E%E3%82%8B%E3%83%81%E3%83%BC" n2="%30%2E%31%32%30" n3="%73%75%7A%75%6D%65%33" dan="16,16,16,16" rate="2136.27,2115.77,2067.42,2146.67" sx="M,M,M,M"/><TAIKYOKU oya="0"/><INIT seed="0,0,0,2,0,77" ten="250,250,250,250" oya="0" hai0="54,11,109,25,35,50,40,127,120,18,99,124,131" hai1="26,118,2,97,114,47,39,116,7,102,10,51,130" hai2="69,70,19,65,45,64,36,44,59,49,34,121,126" hai3="14,94,43,110,56,79,93,82,60,55,31,9,125"/><T66/><D120/><U3/><E130/><V81/><F34/><W20/><G110/><T89/><D131/><U112/><E3/><V29/><F29/><W37/><G125/><N who="0" m="48203" /><D40/><N who="1" m="22943" /><E26/><V28/><F28/><W75/><G31/><N who="0" m="19951" /><D66/><N who="2" m="25706" /><F19/><W80/><G20/><T46/><D109/><U63/><E51/><V8/><F8/><W62/><G62/><T122/><D122/><U103/><E63/><V100/><F100/><W101/><G101/><T90/><D99/><U107/><E102/><V32/><F81/><W128/><G128/><T4/><D18/><U30/><E30/><V74/><F32/><W95/><G43/><T83/><D83/><U86/><E86/><V21/><F21/><W117/><G37/><T72/><D72/><U5/><E5/><V87/><F74/><W123/><G123/><T52/><D54/><U15/><E15/><AGARI ba="0,0" hai="4,11,15,46,50,52,89,90" m="19951,48203" machi="15" ten="30,2900,0" yaku="18,1,54,1" doraHai="77" who="0" fromWho="1" sc="250,29,250,-29,250,0,250,0" /><INIT seed="0,1,0,4,5,54" ten="279,221,250,250" oya="0" hai0="38,90,40,125,23,122,48,50,92,103,47,120,60" hai1="28,13,46,128,42,63,78,21,57,18,4,59,34" hai2="107,3,9,72,12,5,22,36,52,6,29,114,94" hai3="115,131,30,83,62,117,95,49,51,66,109,43,119"/><T27/><D125/><U25/><E128/><V116/><F107/><W37/><G30/><T45/><D103/><U1/><E78/><V98/><F72/><W44/><G83/><T130/><D130/><U11/><E63/><V129/><F36/><AGARI ba="1,0" hai="1,4,11,13,18,21,25,28,34,36,42,46,57,59" machi="36" ten="30,8000,1" yaku="7,1,24,2,52,2" doraHai="54" who="1" fromWho="2" sc="279,0,221,83,250,-83,250,0" /><INIT seed="1,0,0,4,3,134" ten="279,304,167,250" oya="1" hai0="62,6,14,74,100,44,11,124,43,33,86,98,108" hai1="23,104,0,109,120,92,126,9,117,101,32,28,97" hai2="105,68,102,22,15,29,61,7,84,119,46,16,4" hai3="20,110,93,45,130,38,35,75,82,132,30,115,27"/><U5/><E117/><V81/><F119/><W3/><G115/><T85/><D74/><U2/><E120/><V76/><F105/><W52/><G132/><T113/><D113/><U67/><E2/><V66/><F102/><W112/><G112/><T56/><D108/><U64/><E109/><V78/><F78/><W70/><G70/><T77/><D33/><U54/><E104/><V127/><F127/><W118/><G118/><T129/><D129/><U73/><E126/><V111/><F111/><W94/><G3/><T53/><D77/><U39/><E39/><V80/><F80/><W133/><G133/><T41/><D124/><U95/><E32/><V31/><F46/><W36/><G110/><T17/><D17/><U24/><E73/><V88/><REACH who="2" step="1"/><F76/><REACH who="2" ten="279,304,157,250" step="2"/><W107/><G107/><T71/><D44/><U51/><E92/><V99/><F99/><W96/><G130/><T91/><D98/><U25/><E25/><V12/><F12/><W60/><G94/><T8/><D14/><U63/><E63/><V59/><F59/><AGARI ba="0,1" hai="0,5,9,23,24,28,51,54,59,64,67,95,97,101" machi="59" ten="30,1500,0" yaku="7,1" doraHai="134" who="1" fromWho="2" sc="279,0,304,25,157,-15,250,0" /><INIT seed="1,1,0,3,2,1" ten="279,329,142,250" oya="1" hai0="78,31,98,39,6,84,87,105,121,63,96,51,58" hai1="131,114,115,26,93,59,72,88,18,23,56,60,49" hai2="48,85,122,62,108,75,125,90,2,80,44,91,81" hai3="129,29,113,8,83,7,52,27,21,117,4,67,40"/><U37/><E37/><V55/><F108/><W17/><G113/><T14/><D39/><U107/><E72/><V104/><F125/><W109/><G109/><T106/><D31/><U5/><E107/><V135/><F135/><W68/><G129/><T43/><D121/><U46/><E5/><N who="3" m="2122" /><G68/><T64/><D106/><U95/><E95/><V70/><F2/><W133/><G133/><T53/><D43/><U3/><E56/><V118/><F118/><W71/><G71/><T69/><D87/><U99/><E3/><V123/><F104/><W97/><G117/><T94/><D105/><U92/><E92/><V11/><F11/><W112/><G112/><T35/><D35/><U101/><E101/><V102/><F102/><W41/><G97/><T124/><D124/><U34/><E34/><V38/><F38/><W128/><G128/><T134/><D98/><U73/><E73/><V16/><F91/><W66/><G52/><T120/><D120/><U65/><E131/><V13/><F75/><W12/><G83/><T100/><D69/><U47/><E47/><V111/><F111/><W130/><G130/><T19/><D53/><AGARI ba="1,0" hai="18,23,26,46,49,53,59,60,65,88,93,99,114,115" machi="53" ten="30,2900,0" yaku="7,1,54,1" doraHai="1" who="1" fromWho="0" sc="279,-32,329,32,142,0,250,0" /><INIT seed="1,2,0,3,1,29" ten="247,361,142,250" oya="1" hai0="64,74,78,95,111,93,1,32,130,128,134,119,80" hai1="44,77,20,131,102,82,40,118,96,23,43,38,112" hai2="21,50,83,115,42,100,11,27,89,62,25,54,3" hai3="105,94,36,5,101,117,65,14,107,71,56,127,67"/><U88/><E112/><V30/><F115/><W124/><G36/><T17/><D1/><U92/><E118/><V41/><F100/><W90/><G71/><T18/><D119/><U33/><E33/><V37/><F37/><W132/><G117/><T75/><D75/><U28/><E28/><V13/><F3/><W39/><G39/><T24/><D111/><U66/><E40/><V125/><F62/><N who="3" m="38087" /><G67/><T4/><D134/><U61/><E102/><V68/><F68/><W8/><G101/><T49/><D64/><U120/><E131/><N who="0" m="50217" /><D4/><U114/><E120/><V34/><F125/><N who="3" m="48203" /><G132/><T133/><D49/><U97/><E97/><AGARI ba="2,0" hai="5,8,14,90,94,97,105,107" m="48203,38087" machi="97" ten="30,1000,0" yaku="18,1" doraHai="29" who="3" fromWho="1" sc="247,0,361,-16,142,0,250,16" /><INIT seed="2,0,0,0,1,64" ten="247,345,142,266" oya="2" hai0="11,90,32,84,93,37,5,43,4,98,88,7,129" hai1="82,14,39,128,41,70,22,132,125,121,105,35,16" hai2="123,106,117,75,126,73,92,76,86,18,95,2,6" hai3="46,53,12,51,78,134,9,130,127,42,28,60,79"/><V113/><F113/><W38/><G134/><T57/><D32/><U44/><E70/><V115/><F115/><W8/><G130/><T45/><D129/><U80/><E105/><V34/><F34/><W74/><G127/><T85/><D57/><U55/><E35/><V13/><F126/><W124/><G124/><T33/><D33/><U104/><E104/><V1/><F106/><W120/><G120/><T112/><D98/><U100/><E100/><V83/><F123/><W114/><G114/><T107/><D107/><U30/><E30/><V52/><F117/><W63/><G28/><T99/><D99/><U91/><E125/><V62/><F75/><W49/><G38/><T131/><D131/><U72/><E128/><V36/><F73/><W119/><G119/><T10/><REACH who="0" step="1"/><D112/><REACH who="0" ten="237,345,142,266" step="2"/><U17/><E121/><V116/><F116/><W29/><G74/><T111/><D111/><U31/><E72/><V21/><F36/><W118/><G118/><T89/><D89/><U47/><E91/><V77/><F77/><W48/><G79/><T15/><D15/><U0/><E132/><V102/><F102/><W65/><G78/><T23/><D23/><U25/><E0/><V68/><F68/><W71/><G12/><T110/><D110/><U135/><E135/><V58/><REACH who="2" step="1"/><F1/><REACH who="2" ten="237,345,132,266" step="2"/><W67/><G71/><T101/><D101/><U59/><E39/><V108/><F108/><W96/><G96/><T61/><D61/><U87/><E87/><V94/><F94/><AGARI ba="0,2" hai="4,5,7,10,11,37,43,45,84,85,88,90,93,94" machi="94" ten="40,5200,0" yaku="1,1,9,1,54,1,53,0" doraHai="64" doraHaiUra="109" who="0" fromWho="2" sc="237,72,345,0,132,-52,266,0" /><INIT seed="3,0,0,4,3,133" ten="309,345,80,266" oya="3" hai0="95,91,94,50,89,77,57,128,43,129,118,59,93" hai1="122,63,26,121,31,64,40,109,112,7,69,135,98" hai2="53,10,52,13,62,119,47,86,18,68,1,120,9" hai3="92,134,39,48,130,25,51,116,74,46,67,38,33"/><W5/><G116/><T56/><D118/><U36/><E112/><V85/><F119/><W124/><G134/><T110/><D110/><U58/><E109/><V78/><F120/><W83/><G130/><N who="0" m="50283" /><D77/><U16/><E135/><V27/><F68/><W55/><G67/><T54/><D43/><U107/><E16/><V11/><F1/><W35/><G5/><T37/><D37/><U19/><E19/><V88/><F27/><W126/><G92/><T61/><D61/><U131/><E58/><AGARI ba="0,0" hai="50,54,56,57,58,59,89,91,93,94,95" m="50283" machi="58" ten="40,1300,0" yaku="19,1" doraHai="133" who="0" fromWho="1" sc="309,13,345,-13,80,0,266,0" owari="322,12.2,332,43.2,80,-42.0,266,-13.4" /></mjloggm>