<mjloggm ver="2.3"><GO type="225" lobby="0"/><UN n0="%E8%B7%AF%E9%9C%B8" n1="%6D%75%75%6D%75%72%61" n2="%E7%99%BD%E6%97%A5%E9%9B%AA%E8%8F%9C" n3="%E3%83%AC%E3%82%A4%E3%83%88%E3%83%B3%E5%87%86%E6%95%99%E6%8E%88" dan="17,17,16,19" rate="2154.73,2203.22,2138.69,2272.80" sx="M,F,M,M"/><TAIKYOKU oya="0"/><INIT seed="0,0,0,0,0,53" ten="250,250,250,250" oya="0" hai0="45,35,42,131,11,6,32,97,92,26,10,1,31" hai1="130,12,3,133,128,27,122,25,107,88,81,114,123" hai2="98,24,83,49,67,54,58,61,135,108,64,33,78" hai3="59,60,16,8,22,99,87,104,40,15,44,13,89"/><T110/><D131/><N who="1" m="50219" /><E3/><V2/><F2/><W90/><G104/><T91/><D110/><U7/><E107/><V102/><F108/><W4/><G99/><T119/><D119/><U115/><E133/><V63/><F135/><W62/><G62/><T103/><D11/><N who="1" m="4223" /><E88/><V111/><F111/><W112/><G87/><T29/><D91/><U51/><E81/><V96/><F63/><W134/><G112/><N who="1" m="43050" /><E51/><V52/><F102/><W18/><G134/><T74/><D74/><U95/><E95/><V50/><F50/><N who="3" m="26887" /><G4/><T48/><D29/><U56/><E56/><V105/><F105/><W101/><G101/><T43/><D32/><U80/><E80/><V116/><F33/><W76/><G76/><T132/><D132/><U37/><E37/><V38/><F38/><W82/><G82/><T47/><D47/><U9/><E9/><V19/><F116/><W86/><G86/><T93/><D93/><U23/><E27/><V65/><F83/><W120/><G120/><T28/><D28/><AGARI ba="0,0" hai="23,25,28,122,123" m="43050,4223,50219" machi="28" ten="30,7700,0" yaku="19,1,11,1,34,2" doraHai="53" who="1" fromWho="0" sc="250,-77,250,77,250,0,250,0" /><INIT seed="1,0,0,1,4,124" ten="173,327,250,250" oya="1" hai0="8,114,75,103,112,64,5,46,49,74,1,121,7" hai1="97,14,16,13,63,102,52,80,122,93,37,116,36" hai2="107,89,17,67,85,72,35,66,110,40,4,78,26" hai3="50,109,125,20,48,61,71,127,82,86,83,99,69"/><U87/><E116/><V44/><F107/><W33/><G33/><T115/><D121/><U19/><E122/><V106/><F106/><W76/><G109/><T118/><D118/><U15/><E36/><V57/><F110/><W39/><G39/><T81/><D103/><U55/><E37/><V24/><F4/><W132/><G132/><T12/><D64/><U91/><E63/><V58/><F72/><W42/><G99/><T32/><D32/><U88/><E102/><V23/><F78/><W92/><G92/><T30/><D30/><U84/><E97/><V29/><F66/><W47/><G61/><T0/><D81/><U134/><E134/><V94/><REACH who="2" step="1"/><F67/><REACH who="2" ten="173,327,240,250" step="2"/><W101/><G125/><T9/><REACH who="0" step="1"/><D12/><REACH who="0" ten="163,327,240,250" step="2"/><N who="1" m="4715" /><E19/><V10/><F10/><AGARI ba="0,2" hai="10,15,16,52,55,80,84,87,88,91,93" m="4715" machi="10" ten="30,11600,0" yaku="8,1,54,3" doraHai="124" who="1" fromWho="2" sc="163,0,327,136,240,-116,250,0" /><INIT seed="1,1,0,1,0,29" ten="163,463,124,250" oya="1" hai0="98,99,105,115,5,93,101,87,33,85,34,10,31" hai1="27,60,89,11,13,96,30,18,91,124,42,81,22" hai2="78,3,107,80,8,39,104,121,75,57,59,112,123" hai3="44,79,90,119,54,43,9,68,36,24,2,70,14"/><U62/><E124/><V127/><F127/><W65/><G119/><T77/><D115/><U102/><E42/><V113/><F59/><W92/><G79/><T128/><D128/><U53/><E53/><V88/><F57/><W61/><G2/><T94/><D31/><U67/><E81/><V74/><F74/><W126/><G126/><T71/><D71/><U86/><E86/><V132/><F39/><W117/><G117/><T55/><D55/><U45/><E45/><V76/><F76/><W120/><G24/><T111/><D111/><U0/><E0/><V46/><F46/><W110/><G110/><T21/><D21/><U35/><E35/><V116/><F116/><W134/><G134/><T131/><D131/><U118/><E118/><V17/><F132/><W84/><G54/><T26/><D26/><U58/><REACH who="1" step="1"/><E62/><REACH who="1" ten="163,453,124,250" step="2"/><V69/><F113/><W83/><G83/><T19/><D87/><U51/><E51/><V32/><F112/><W28/><G44/><T97/><D33/><U40/><E40/><V133/><F32/><W125/><G43/><T16/><D34/><U1/><E1/><V64/><F3/><W109/><G125/><T103/><D77/><U23/><E23/><V95/><F133/><W72/><G61/><T12/><D85/><U130/><E130/><V38/><F38/><W135/><G36/><T4/><REACH who="0" step="1"/><D4/><REACH who="0" ten="153,453,124,250" step="2"/><U56/><E56/><V52/><F78/><W106/><G70/><T66/><D66/><U48/><E48/><V25/><F64/><W41/><G65/><T7/><D7/><U73/><E73/><V108/><F75/><RYUUKYOKU ba="1,2" sc="153,15,453,15,124,-15,250,-15" hai0="5,10,12,16,19,93,94,97,98,99,101,103,105" hai1="11,13,18,22,27,30,58,60,67,89,91,96,102" /><INIT seed="1,2,2,2,5,112" ten="168,468,109,235" oya="1" hai0="17,109,36,85,105,38,74,93,51,107,49,67,33" hai1="44,131,82,31,1,126,26,110,89,41,47,121,106" hai2="30,55,84,135,133,7,25,0,108,29,111,21,46" hai3="100,98,96,42,127,125,78,39,5,23,9,132,70"/><U43/><E121/><V57/><F46/><N who="3" m="23903" /><G70/><T114/><D74/><U45/><E106/><V15/><F84/><W35/><G35/><T13/><D33/><U123/><E123/><V62/><F0/><N who="3" m="167" /><G132/><N who="2" m="50761" /><F30/><W95/><G23/><T120/><D114/><U66/><E66/><V115/><F115/><W20/><G20/><T118/><D120/><U63/><E89/><V40/><F40/><W12/><G12/><T81/><D67/><U128/><E63/><V28/><F28/><W22/><G22/><T101/><D13/><U124/><E1/><V6/><F15/><W34/><G34/><T122/><D122/><U69/><E69/><V60/><F62/><W24/><G98/><T65/><D65/><U72/><E26/><V2/><F2/><W87/><G87/><T104/><D85/><U129/><E31/><V61/><F60/><W97/><G97/><T48/><D17/><U113/><E41/><V76/><F76/><W134/><G134/><T79/><D79/><N who="1" m="44391" /><E113/><V102/><F102/><W130/><G24/><T103/><D101/><U11/><E43/><V18/><F29/><W94/><G78/><T80/><D103/><U77/><E77/><V59/><F59/><W73/><G73/><T83/><D36/><U71/><E71/><V32/><F32/><W92/><G130/><N who="1" m="33282" /><U68/><DORA hai="88" /><E68/><V90/><F90/><W16/><G100/><T117/><D38/><U27/><E27/><V58/><F58/><W50/><G96/><T91/><D105/><U119/><E11/><V52/><F55/><W99/><G99/><N who="0" m="57791" /><D104/><U37/><E37/><V56/><F56/><RYUUKYOKU ba="2,2" sc="168,-10,468,-10,109,30,235,-10" hai2="6,7,18,21,25,52,57,61,108,111" /><INIT seed="2,3,2,3,5,26" ten="158,458,139,225" oya="2" hai0="23,88,2,49,64,58,15,46,116,61,75,109,5" hai1="79,59,65,14,19,102,124,66,24,35,11,93,97" hai2="32,44,36,28,45,0,104,21,67,34,95,113,82" hai3="12,9,107,51,37,6,60,27,50,8,38,90,106"/><V31/><F113/><W99/><G60/><T119/><D75/><U133/><E133/><V101/><F0/><W110/><G110/><T120/><D120/><U121/><E121/><V132/><F104/><W18/><G37/><T118/><D109/><U29/><E124/><V62/><F36/><W123/><G38/><T55/><D2/><U111/><E111/><V135/><F82/><W52/><G123/><T125/><D125/><U73/><REACH who="1" step="1"/><E59/><REACH who="1" ten="158,448,139,225" step="2"/><N who="2" m="37343" /><F135/><W78/><G106/><T115/><D115/><U96/><E96/><N who="2" m="59551" /><F132/><W1/><G107/><T122/><D122/><U117/><E117/><V13/><F34/><W16/><G99/><T57/><D57/><U7/><E7/><V68/><F68/><W114/><G6/><T84/><D5/><U85/><E85/><V131/><F32/><W41/><G114/><T72/><D72/><U25/><E25/><N who="2" m="16431" /><F131/><W108/><G108/><T87/><D87/><U98/><E98/><V40/><F31/><W54/><G1/><T17/><REACH who="0" step="1"/><D118/><REACH who="0" ten="148,448,139,225" step="2"/><U43/><E43/><V3/><F3/><W53/><G41/><T4/><D4/><U10/><E10/><V126/><F126/><W129/><G9/><T103/><D103/><U83/><AGARI ba="3,4" hai="11,14,19,24,29,35,65,66,73,79,83,93,97,102" machi="83" ten="30,4000,0" yaku="1,1,0,1,52,1,53,0" doraHai="26" doraHaiUra="128" who="1" fromWho="1" sc="148,-13,448,89,139,-23,225,-13" /><INIT seed="3,0,0,0,4,32" ten="135,537,116,212" oya="3" hai0="17,31,62,112,36,49,133,9,4,29,63,129,65" hai1="20,113,119,70,68,69,126,95,81,106,115,80,82" hai2="26,101,93,105,60,34,125,11,13,77,116,46,120" hai3="5,89,3,83,28,25,27,107,84,85,87,71,124"/><W110/><G107/><T72/><D72/><U55/><E106/><V67/><F116/><W103/><G103/><T96/><D36/><U132/><E119/><V48/><F125/><W76/><G71/><T47/><D129/><U43/><E126/><V41/><F120/><W42/><G42/><N who="0" m="24823" /><D4/><U54/><E43/><V128/><F128/><W44/><G5/><T38/><D38/><U118/><E118/><V98/><F77/><W22/><G76/><T19/><D133/><U100/><E132/><V134/><F134/><W40/><G110/><T30/><D65/><U75/><E75/><V64/><F93/><W88/><G83/><T131/><D131/><U59/><E20/><V6/><REACH who="2" step="1"/><F60/><REACH who="2" ten="135,537,106,212" step="2"/><N who="0" m="23082" /><D112/><U73/><E73/><V12/><F12/><W33/><G124/><T90/><D9/><U127/><E127/><V37/><F37/><W57/><G27/><T52/><D52/><N who="1" m="20011" /><E59/><V123/><F123/><W14/><G57/><T21/><D21/><U23/><E23/><V10/><F10/><W18/><G22/><T56/><D56/><U111/><E111/><V109/><F109/><W7/><G25/><T45/><D45/><U39/><E39/><V94/><F94/><AGARI ba="0,1" hai="17,19,29,30,31,90,94,96" m="23082,24823" machi="94" ten="30,1000,0" yaku="8,1" doraHai="32" who="0" fromWho="2" sc="135,20,537,0,106,-10,212,0" owari="155,-24.5,537,63.7,96,-40.4,212,1.2" /></mjloggm>