<mjloggm ver="2.3"><GO type="225" lobby="0"/><UN n0="%E3%83%A9%E3%83%BC%E3%83%A1%E3%83%B3%E4%BA%94%E9%83%8E" n1="%E3%81%B5%E3%81%98%E3%81%8B%E3%81%A4" n2="%33%74%72%65%65" n3="%E5%A4%9C%E3%81%AE%E3%82%AC%E3%82%B9%E3%83%91%E3%83%BC%E3%83%AB" dan="16,16,16,16" rate="2095.84,2205.04,2134.83,2135.07" sx="M,M,F,M"/><TAIKYOKU oya="0"/><INIT seed="0,0,0,2,5,108" ten="250,250,250,250" oya="0" hai0="127,98,120,0,37,62,25,13,126,79,91,12,84" hai1="125,66,74,121,80,27,133,48,123,63,95,116,22" hai2="112,51,105,113,42,68,107,52,61,100,30,31,115" hai3="114,19,92,104,97,32,99,7,132,23,43,87,83"/><T135/><D120/><U111/><E116/><V35/><F42/><W85/><G32/><T41/><D0/><U10/><E111/><V1/><F1/><W59/><G132/><T24/><D135/><U76/><E125/><N who="0" m="47625" /><D79/><U3/><E133/><V69/><F69/><W102/><G114/><T14/><D98/><U90/><E48/><V55/><F31/><W28/><G7/><T2/><D2/><U119/><E119/><V124/><F124/><W128/><G128/><T77/><D77/><U60/><E10/><V47/><F100/><W38/><G28/><T34/><D34/><U96/><E3/><V129/><F129/><W39/><G43/><T57/><D41/><U65/><E63/><V106/><F55/><W33/><G33/><T89/><D37/><U58/><REACH who="1" step="1"/><E65/><REACH who="1" ten="250,240,250,250" step="2"/><V17/><F61/><W78/><G39/><T36/><D36/><U54/><E54/><V117/><F117/><W81/><G38/><T75/><D62/><U94/><E94/><V101/><F68/><W44/><G92/><T109/><D109/><U64/><E64/><V110/><F110/><W6/><G83/><T50/><D50/><U73/><E73/><V4/><F115/><W21/><G81/><N who="0" m="49295" /><D75/><U15/><E15/><V118/><F113/><W131/><G131/><T9/><D9/><U5/><E5/><V93/><F112/><W29/><G6/><T103/><D13/><U70/><E70/><V86/><F4/><W71/><G71/><T20/><D12/><U16/><AGARI ba="0,1" hai="16,22,27,58,60,66,74,76,80,90,95,96,121,123" machi="16" ten="20,5200,0" yaku="1,1,0,1,7,1,54,1,53,0" doraHai="108" doraHaiUra="82" who="1" fromWho="1" sc="250,-26,240,62,250,-13,250,-13" /><INIT seed="1,0,0,1,5,2" ten="224,302,237,237" oya="1" hai0="51,82,98,88,78,12,22,47,103,135,71,107,44" hai1="69,5,95,93,73,60,39,21,133,33,48,129,56" hai2="105,111,58,74,100,124,34,66,53,27,84,108,134" hai3="59,43,77,37,85,36,11,127,123,96,41,8,40"/><U104/><E104/><V116/><F74/><W117/><G123/><T128/><D71/><U68/><E73/><V125/><F116/><W6/><G117/><T99/><D135/><U83/><E33/><V121/><F121/><W75/><G127/><N who="2" m="48713" /><F134/><W24/><G85/><T20/><D128/><U97/><E39/><V50/><F66/><W32/><G11/><T29/><D44/><U23/><E133/><V89/><F100/><W101/><G59/><T112/><D112/><U92/><E129/><V35/><F105/><W31/><G77/><T81/><D29/><U9/><E48/><V38/><F38/><W72/><G37/><T132/><D132/><U52/><E83/><N who="2" m="49311" /><F27/><W80/><G36/><T46/><D12/><N who="1" m="5167" /><E69/><V55/><F55/><W25/><G80/><T87/><D82/><U70/><E70/><V64/><F64/><W57/><G25/><T79/><D79/><U126/><E126/><V115/><F115/><W15/><REACH who="3" step="1"/><G57/><REACH who="3" ten="224,302,237,227" step="2"/><T16/><D81/><U61/><E68/><V0/><F58/><W119/><G119/><T109/><D78/><U42/><E61/><V131/><F131/><W54/><G54/><T4/><D87/><U122/><E122/><V102/><F53/><W26/><G26/><T13/><D47/><U45/><E97/><V130/><F130/><W65/><G65/><T19/><D99/><U1/><E1/><V14/><F0/><W67/><G67/><T86/><D98/><U76/><E76/><V17/><F50/><W91/><G91/><T10/><D51/><N who="1" m="27063" /><E60/><V18/><F102/><W30/><G30/><T114/><D103/><RYUUKYOKU ba="0,1" sc="224,-15,302,15,237,-15,227,15" hai1="21,23,52,56,92,93,95" hai3="6,8,15,24,31,32,40,41,43,72,75,96,101" /><INIT seed="1,1,1,3,1,75" ten="209,317,222,242" oya="1" hai0="118,106,50,111,62,27,84,97,126,99,73,78,25" hai1="121,18,46,127,98,89,132,37,101,23,45,26,124" hai2="76,39,125,69,96,3,105,93,112,80,104,72,12" hai3="51,5,103,66,20,24,49,119,123,31,22,43,4"/><U42/><E121/><V95/><F3/><W48/><G123/><T133/><D118/><U6/><E132/><V32/><F32/><W67/><G119/><T79/><D133/><U52/><E6/><N who="3" m="2666" /><G103/><T109/><D126/><U47/><E89/><V113/><F39/><W1/><G1/><T70/><D73/><U63/><E47/><V19/><F69/><W129/><G129/><T128/><D128/><U8/><E8/><V134/><F134/><W85/><G43/><T100/><D97/><U34/><E34/><V16/><F125/><N who="1" m="48201" /><E42/><V117/><F117/><W44/><G44/><T59/><D70/><U56/><E37/><V9/><F19/><N who="3" m="12319" /><G85/><T10/><D50/><U68/><E68/><V58/><F58/><W116/><G116/><T88/><D10/><U92/><AGARI ba="1,1" hai="18,23,26,45,46,52,56,63,92,98,101" m="48201" machi="92" ten="30,3000,0" yaku="18,1,54,1" doraHai="75" who="1" fromWho="1" sc="209,-11,317,43,222,-11,242,-11" /><INIT seed="1,2,0,1,1,123" ten="198,360,211,231" oya="1" hai0="47,72,117,101,61,22,8,33,93,79,126,4,115" hai1="114,21,83,92,14,67,68,131,57,77,118,127,74" hai2="64,113,19,26,29,130,1,97,95,45,128,94,133" hai3="81,49,25,56,44,125,53,65,16,11,78,87,89"/><U54/><E114/><V6/><F113/><W110/><G110/><T36/><D33/><U5/><E118/><V37/><F133/><W9/><G125/><T112/><D117/><U46/><E92/><V62/><F19/><W124/><G124/><T34/><D34/><U91/><E91/><V50/><F37/><W122/><G122/><T58/><D126/><U12/><E46/><V105/><F6/><W129/><G129/><T100/><D22/><U132/><E131/><V75/><F75/><W99/><G78/><T98/><D101/><U85/><E132/><V48/><F1/><W121/><G99/><T104/><D93/><U66/><E14/><V84/><F105/><W70/><G70/><T103/><D103/><U18/><E68/><V35/><F84/><W82/><G82/><N who="0" m="45415" /><D61/><U55/><E5/><V20/><F35/><W71/><G71/><T109/><D58/><U51/><E74/><V90/><F94/><W38/><G121/><T39/><D109/><U135/><E135/><V28/><F128/><W15/><G25/><T108/><D108/><U107/><E107/><V2/><F2/><W42/><G65/><T106/><D106/><U23/><E127/><V111/><F111/><W73/><G73/><T10/><D10/><AGARI ba="2,0" hai="9,10,11,15,16,38,42,44,49,53,56,81,87,89" machi="10" ten="30,2000,0" yaku="7,1,54,1" doraHai="123" who="3" fromWho="0" sc="198,-26,360,0,211,0,231,26" /><INIT seed="2,0,0,3,4,108" ten="172,360,211,257" oya="2" hai0="124,3,115,96,111,5,69,97,109,128,23,112,7" hai1="98,93,129,36,6,89,134,59,10,121,118,83,8" hai2="92,41,0,27,45,54,33,24,132,62,67,2,51" hai3="90,57,9,40,113,84,120,71,94,31,127,91,88"/><V35/><F132/><W103/><G120/><T65/><D124/><U117/><E134/><V18/><F92/><W110/><G71/><T75/><D75/><U58/><E129/><V4/><F18/><W60/><G110/><N who="0" m="41995" /><D128/><U133/><E36/><V30/><F4/><N who="0" m="1610" /><D3/><U49/><E121/><V100/><F100/><W19/><G127/><T78/><D78/><U34/><E34/><V79/><F79/><W86/><G40/><T123/><D123/><U70/><E70/><V76/><F76/><W106/><G106/><T52/><D23/><U47/><E10/><V39/><F27/><W43/><G43/><T66/><D52/><U105/><E8/><V17/><F17/><W11/><G11/><T68/><D96/><U32/><E98/><V53/><F53/><W25/><G9/><T22/><D22/><U37/><E6/><V44/><REACH who="2" step="1"/><F33/><REACH who="2" ten="172,360,201,257" step="2"/><W126/><G126/><T80/><D80/><U14/><E83/><V26/><F26/><W130/><G25/><T21/><D65/><U1/><E32/><V122/><F122/><W82/><G130/><T29/><D66/><U74/><E133/><V61/><F61/><W56/><G19/><T131/><D131/><U28/><E93/><V95/><F95/><W15/><G94/><T85/><D97/><U12/><E105/><V13/><F13/><W63/><G15/><T101/><D101/><U77/><E14/><V135/><F135/><W16/><G103/><T50/><D85/><U42/><E12/><V102/><F102/><W99/><G99/><T114/><D50/><N who="1" m="26999" /><E77/><V38/><F38/><W55/><G86/><RYUUKYOKU ba="0,1" sc="172,15,360,-15,201,15,257,-15" hai0="21,29,68,69,112,114,115" hai2="0,2,24,30,35,39,41,44,45,51,54,62,67" /><INIT seed="2,1,1,2,4,3" ten="187,345,216,242" oya="2" hai0="29,121,73,97,39,107,80,91,129,37,104,112,75" hai1="90,114,109,108,54,98,2,6,32,59,69,56,86" hai2="125,131,99,130,77,11,13,127,10,119,113,19,57" hai3="66,51,111,62,26,17,45,124,18,60,117,0,122"/><V47/><F113/><W110/><G117/><T132/><D112/><U4/><E114/><V93/><F119/><W120/><G0/><T65/><D121/><U55/><E69/><V34/><F34/><W81/><G124/><N who="2" m="47689" /><F77/><W52/><G81/><T135/><D129/><N who="2" m="49162" /><F57/><N who="3" m="37135" /><G62/><T126/><D126/><U115/><E98/><V48/><F48/><W95/><G95/><N who="0" m="56575" /><D65/><U100/><E32/><V116/><F47/><W79/><G79/><N who="0" m="44143" /><D75/><U25/><E2/><V49/><F49/><W58/><G45/><T105/><D29/><U31/><E115/><V28/><F28/><W9/><G122/><T67/><D67/><U84/><E31/><V133/><F116/><W96/><G120/><T92/><D92/><U16/><E59/><V85/><F85/><W74/><G74/><T101/><D101/><U83/><E86/><V7/><F93/><W72/><G72/><T1/><D1/><U128/><E128/><V68/><F68/><W36/><G51/><T27/><D37/><U44/><E44/><V53/><F53/><W89/><G36/><T41/><D39/><U82/><E55/><V118/><F118/><W12/><G52/><T76/><D76/><N who="1" m="46151" /><E56/><V21/><F99/><W64/><G58/><T50/><D50/><U24/><E54/><V102/><F102/><W88/><G64/><T22/><D41/><U8/><E100/><V42/><F42/><W15/><G96/><T106/><D106/><U87/><E87/><V78/><F78/><W123/><G123/><T61/><D61/><U134/><E90/><V103/><F103/><W70/><G88/><T94/><D94/><RYUUKYOKU ba="1,1" sc="187,30,345,-10,216,-10,242,-10" hai0="22,27,104,105,107,132,135" /><INIT seed="3,2,1,0,2,113" ten="217,335,206,232" oya="3" hai0="119,15,65,67,16,48,96,91,52,89,51,135,55" hai1="46,77,10,81,54,112,70,59,34,104,115,82,125" hai2="30,37,32,111,23,108,35,58,97,38,102,19,93" hai3="12,24,126,95,132,80,130,69,44,88,1,127,9"/><W71/><G1/><T42/><D135/><U75/><E70/><V47/><F58/><W85/><G130/><T83/><D119/><U94/><E34/><N who="2" m="12843" /><F47/><W118/><G118/><T0/><D0/><U22/><E82/><V33/><N who="2" m="12851" /><V124/><DORA hai="13" /><F30/><W7/><G24/><T98/><D42/><U78/><E78/><V105/><F105/><W3/><G132/><T63/><D63/><U92/><E10/><V86/><F86/><W14/><G44/><N who="0" m="28039" /><D83/><U99/><E125/><N who="3" m="47626" /><G80/><T61/><D61/><U100/><E46/><V72/><F72/><W25/><G25/><T21/><D89/><U62/><E22/><V134/><F134/><W8/><G3/><T133/><D133/><U18/><E112/><V4/><F124/><W116/><G116/><T50/><D50/><U129/><E115/><V41/><F41/><W123/><G123/><T87/><D87/><U40/><E129/><V60/><F60/><W122/><G122/><T84/><D84/><U57/><E40/><V73/><F73/><W56/><G56/><N who="0" m="32799" /><D91/><U110/><E59/><V103/><F103/><W117/><G117/><T27/><D27/><U114/><E100/><V49/><F49/><W101/><G101/><T66/><AGARI ba="2,1" hai="15,16,21,65,66,67,96,98" m="32799,28039" machi="66" ten="30,7900,0" yaku="8,1,52,1,54,2" doraHai="113,13" who="0" fromWho="0" sc="217,95,335,-22,206,-22,232,-41" owari="312,11.2,313,41.3,184,-31.6,191,-20.9" /></mjloggm>