<mjloggm ver="2.3"><GO type="225" lobby="0"/><UN n0="%45%6C%79%73%69%75%6D" n1="%E9%80%9F%E6%B0%B4%E5%87%9B%E9%A6%99" n2="%41%54%53%4D" n3="%70%68%65%6E%6F%6D%65" dan="18,16,16,17" rate="2158.37,2087.58,2085.88,2161.05" sx="F,F,M,M"/><TAIKYOKU oya="0"/><INIT seed="0,0,0,2,2,24" ten="250,250,250,250" oya="0" hai0="101,87,131,43,69,75,42,121,68,133,67,108,15" hai1="2,50,55,78,79,94,105,59,93,48,36,35,9" hai2="80,16,25,130,41,26,30,19,37,86,106,100,65" hai3="22,72,7,124,6,56,88,74,112,23,10,46,52"/><T92/><D121/><U14/><E105/><V95/><F130/><W53/><G112/><T11/><D75/><U111/><E36/><V119/><F119/><W90/><G124/><T5/><D131/><U103/><E35/><V110/><F110/><W129/><G129/><T13/><D108/><U91/><E2/><V89/><F106/><W122/><G122/><T76/><D133/><U17/><E111/><V34/><F65/><W109/><G109/><T8/><D76/><U135/><E135/><V73/><F26/><W85/><G46/><T33/><D33/><U3/><E3/><V126/><F126/><W97/><G97/><T49/><D67/><U27/><E27/><V0/><F0/><W62/><G85/><T84/><D68/><U57/><E103/><V107/><F41/><N who="0" m="15370" /><D49/><U118/><E118/><V83/><F37/><W117/><G117/><T61/><D61/><U20/><E9/><V104/><F83/><W58/><G10/><T134/><D69/><U44/><E94/><V99/><REACH who="2" step="1"/><F107/><REACH who="2" ten="250,250,240,250" step="2"/><W70/><G70/><T66/><D66/><U38/><E38/><V1/><F1/><W63/><AGARI ba="0,1" hai="6,7,22,23,52,53,56,58,62,63,72,74,88,90" machi="63" ten="25,8000,1" yaku="0,1,22,2,54,2" doraHai="24" who="3" fromWho="3" sc="250,-40,250,-20,240,-20,250,90" /><INIT seed="1,0,0,0,1,127" ten="210,230,220,340" oya="1" hai0="38,16,4,78,124,111,125,35,117,6,34,36,109" hai1="96,65,135,94,52,0,99,2,46,8,79,17,104" hai2="62,3,33,14,130,97,86,45,60,9,91,76,48" hai3="73,131,13,20,19,82,112,101,115,100,71,108,90"/><U87/><E135/><V85/><F130/><W103/><G131/><T42/><D78/><U70/><E65/><V126/><F126/><N who="0" m="48746" /><D42/><U24/><E70/><V39/><F33/><N who="0" m="12298" /><D117/><U83/><E104/><V41/><F3/><W23/><G108/><N who="0" m="41547" /><D16/><U29/><E29/><V121/><F121/><W25/><G19/><T98/><D98/><U74/><E99/><V44/><F97/><W61/><G73/><T116/><D116/><U5/><E74/><V30/><F30/><W26/><G112/><T37/><AGARI ba="0,0" hai="4,6,36,37,38" m="41547,12298,48746" machi="37" ten="50,8000,1" yaku="28,2,18,1,14,1" doraHai="127" who="0" fromWho="0" sc="210,80,230,-40,220,-20,340,-20" /><INIT seed="2,0,0,3,3,42" ten="290,190,200,320" oya="2" hai0="55,56,111,97,33,24,30,134,12,21,9,46,112" hai1="57,15,79,70,88,48,35,68,4,0,133,11,58" hai2="87,17,28,122,99,27,61,3,98,108,29,10,74" hai3="78,14,118,54,91,40,5,25,13,60,71,120,101"/><V38/><F122/><W104/><G120/><T31/><D112/><U103/><E35/><V26/><F74/><W67/><G118/><T47/><D111/><U41/><E133/><V107/><F38/><W94/><G78/><T77/><D134/><U100/><E79/><V106/><F108/><W84/><G40/><T69/><D69/><U63/><E0/><V53/><F87/><W59/><G5/><T102/><D77/><U20/><E20/><V123/><F123/><W19/><G104/><T50/><D30/><U7/><E7/><V6/><F17/><W1/><G1/><T132/><D33/><U113/><E113/><V92/><F99/><W62/><G101/><T131/><D131/><U85/><E58/><V73/><F73/><W22/><AGARI ba="0,0" hai="13,14,19,22,25,54,59,60,62,67,71,84,91,94" machi="22" ten="30,1100,0" yaku="0,1" doraHai="42" who="3" fromWho="3" sc="290,-3,190,-3,200,-5,320,11" /><INIT seed="3,0,0,3,0,85" ten="287,187,195,331" oya="3" hai0="41,100,117,32,130,43,11,101,29,60,37,33,50" hai1="103,13,108,119,90,77,110,126,8,123,2,118,97" hai2="62,122,9,114,65,21,127,24,31,94,72,5,47" hai3="73,27,14,129,51,7,86,128,105,3,22,53,92"/><W34/><G105/><T66/><D117/><N who="1" m="44555" /><E2/><V15/><F127/><W59/><G73/><T48/><D130/><U55/><E123/><V133/><F133/><W107/><G107/><T120/><D120/><U56/><E77/><V4/><F114/><W36/><G36/><T28/><D11/><U25/><E25/><V91/><F122/><W42/><G42/><T76/><D76/><U68/><E68/><V58/><F72/><W83/><G3/><T104/><D104/><N who="1" m="63599" /><E126/><V10/><F47/><W64/><G34/><T1/><D1/><U78/><E78/><V46/><F46/><W81/><G27/><T67/><D60/><N who="1" m="35871" /><E90/><V45/><F45/><W84/><G92/><T95/><D95/><U106/><E106/><V134/><F134/><W63/><G22/><T113/><REACH who="0" step="1"/><D37/><REACH who="0" ten="277,187,195,331" step="2"/><U121/><E121/><V102/><F102/><W12/><G7/><AGARI ba="0,1" hai="7,8,13,108,110" m="35871,63599,44555" machi="7" ten="30,1000,0" yaku="12,1" doraHai="85" who="1" fromWho="3" sc="277,0,187,20,195,0,331,-10" owari="277,7.7,207,-19.3,195,-30.5,321,42.1" /></mjloggm>