<mjloggm ver="2.3"><GO type="225" lobby="0"/><UN n0="%E7%AD%89%E3%80%85%E5%8A%9B%E5%8A%87%E5%A0%B4" n1="%E3%83%B4%E3%83%A0%EF%BC%99%E3%81%A6" n2="%E6%A1%9C%E8%8A%B1%E9%96%83%E3%80%85" n3="%E6%97%A5%E6%9B%9C%E6%97%A5%E3%82%88%E3%82%8A%E3%81%AE%E4%BD%BF%E8%80%85" dan="16,17,17,18" rate="2152.44,2202.79,2136.12,2155.63" sx="M,M,M,M"/><TAIKYOKU oya="0"/><INIT seed="0,0,0,0,4,84" ten="250,250,250,250" oya="0" hai0="104,42,54,110,109,132,87,8,44,71,9,123,80" hai1="21,133,11,100,52,111,63,115,99,17,75,41,116" hai2="0,113,85,114,122,62,86,15,95,128,130,101,46" hai3="83,108,67,64,40,70,24,50,43,32,27,26,10"/><T2/><D123/><U60/><E116/><V76/><F0/><W74/><G32/><T18/><D104/><U91/><E75/><V55/><F122/><W28/><G28/><T107/><D107/><U61/><E41/><V65/><F15/><W131/><G70/><T29/><D71/><U34/><E34/><V90/><F55/><W39/><G39/><T51/><D29/><U7/><E111/><N who="0" m="42505" /><D132/><U88/><E133/><V102/><F46/><W1/><G131/><N who="2" m="50217" /><F62/><N who="1" m="24169" /><E115/><N who="2" m="44043" /><F65/><W22/><G67/><T36/><D18/><U19/><E7/><V12/><F12/><W78/><G64/><T31/><D31/><U38/><E38/><V125/><F125/><W120/><G120/><T82/><D2/><U59/><E11/><V97/><F86/><W135/><G10/><N who="0" m="4203" /><D87/><U37/><E37/><V53/><F53/><W89/><G1/><T23/><D23/><U13/><E17/><V35/><F35/><W124/><G22/><T119/><D119/><U73/><E73/><V48/><F48/><W121/><G121/><T105/><D51/><U93/><AGARI ba="0,0" hai="13,19,21,52,59,63,88,91,93,99,100" m="24169" machi="93" ten="30,8000,1" yaku="8,1,52,2,54,2" doraHai="84" who="1" fromWho="1" sc="250,-40,250,80,250,-20,250,-20" /><INIT seed="1,0,0,0,1,114" ten="210,330,230,230" oya="1" hai0="65,121,9,128,101,16,91,57,135,13,46,17,48" hai1="64,126,58,43,116,14,24,37,96,30,67,87,56" hai2="50,38,110,86,53,89,41,21,123,112,94,27,0" hai3="63,117,125,33,36,2,4,31,59,52,106,66,29"/><U23/><E126/><V130/><F123/><W115/><G115/><T134/><D101/><U5/><E37/><V77/><F112/><W85/><G36/><T72/><D72/><U20/><E43/><V113/><F113/><W103/><G125/><T18/><D128/><U78/><E96/><V55/><F130/><W76/><G33/><T54/><D121/><U119/><E87/><V90/><F110/><W131/><G131/><T60/><REACH who="0" step="1"/><D91/><REACH who="0" ten="200,330,230,230" step="2"/><U88/><E88/><V107/><F90/><W68/><G103/><T40/><D40/><U11/><E78/><V39/><F77/><W44/><G76/><T15/><D15/><U97/><E97/><V108/><F108/><W47/><G85/><T95/><D95/><U104/><E104/><V79/><F79/><W1/><G106/><T132/><AGARI ba="0,1" hai="9,13,16,17,18,46,48,54,57,60,65,132,134,135" machi="132" ten="30,7900,0" yaku="1,1,0,1,20,1,54,1,53,0" doraHai="114" doraHaiUra="83" who="0" fromWho="0" sc="200,89,330,-39,230,-20,230,-20" /><INIT seed="2,0,0,5,5,7" ten="289,291,210,210" oya="2" hai0="109,78,44,37,92,90,104,40,94,129,81,63,62" hai1="103,29,131,122,65,118,32,0,84,117,80,69,47" hai2="99,11,91,38,50,2,116,3,5,112,105,61,58" hai3="53,70,73,102,19,33,18,96,4,93,113,88,57"/><V115/><F116/><W12/><G70/><T128/><D104/><U52/><E0/><V106/><F38/><W75/><G33/><T30/><D30/><U8/><E103/><V74/><F74/><W130/><G130/><N who="0" m="50283" /><D109/><U35/><E131/><V134/><F134/><W6/><G113/><T31/><D31/><U43/><E122/><V124/><F124/><W135/><G135/><T119/><D119/><U126/><E126/><V111/><F2/><W56/><G75/><N who="0" m="43231" /><D94/><U36/><E29/><V120/><F120/><W27/><G73/><T127/><D127/><U66/><E32/><V123/><F123/><W87/><G27/><T20/><D20/><U54/><E35/><V46/><F111/><W67/><G67/><T108/><D108/><U24/><E24/><V86/><F106/><W23/><G19/><T89/><D90/><U64/><E69/><V17/><F17/><W107/><REACH who="3" step="1"/><G57/><REACH who="3" ten="289,291,210,200" step="2"/><T13/><D44/><U28/><E117/><V34/><F34/><W45/><G45/><T85/><D63/><AGARI ba="0,1" hai="4,6,12,18,23,53,56,63,87,88,93,96,102,107" machi="63" ten="30,7700,0" yaku="1,1,7,1,54,1,53,1" doraHai="7" doraHaiUra="95" who="3" fromWho="0" sc="289,-77,291,0,210,0,200,87" /><INIT seed="3,0,0,2,4,76" ten="212,291,210,287" oya="3" hai0="50,3,18,72,116,49,12,117,59,131,4,125,122" hai1="129,26,70,52,10,64,61,43,58,85,30,87,105" hai2="48,0,22,36,13,112,40,111,66,63,55,31,33" hai3="69,124,103,1,90,107,82,35,20,114,42,130,44"/><W7/><G35/><T118/><D122/><U86/><E105/><V2/><F112/><W8/><G69/><T127/><D3/><U17/><E43/><V68/><F33/><W79/><G114/><T78/><D4/><U75/><E75/><V134/><F111/><W97/><G124/><N who="0" m="47691" /><D59/><N who="1" m="36927" /><E129/><V32/><F32/><W39/><G130/><T56/><D56/><U27/><E70/><V108/><F108/><W53/><G53/><T119/><D131/><U93/><E93/><V99/><F99/><W41/><G41/><T113/><D113/><U106/><E106/><V120/><F120/><W74/><G20/><N who="0" m="11335" /><D119/><U101/><E101/><V29/><F2/><W65/><G90/><T83/><AGARI ba="0,0" hai="49,50,72,78,83,116,117,118" m="11335,47691" machi="83" ten="40,2700,0" yaku="18,1,52,1" doraHai="76" who="0" fromWho="0" sc="212,27,291,-7,210,-7,287,-13" /><INIT seed="4,0,0,4,3,126" ten="239,284,203,274" oya="0" hai0="16,41,128,15,97,73,71,29,11,90,127,119,124" hai1="83,3,132,54,135,131,26,14,7,107,100,110,69" hai2="118,122,28,55,39,17,56,91,120,111,37,40,10" hai3="94,77,98,34,96,1,67,103,4,59,109,47,63"/><T88/><D119/><U68/><E3/><V57/><F111/><W36/><G109/><T32/><D73/><U112/><E110/><V101/><F118/><W108/><G108/><T130/><D71/><U24/><E131/><N who="0" m="50217" /><D41/><U99/><E83/><V65/><F101/><W6/><G34/><T133/><D133/><N who="1" m="51275" /><E54/><V42/><F28/><W30/><G30/><T93/><D90/><U70/><E112/><V8/><F55/><W18/><G77/><T80/><D80/><U0/><E0/><V51/><F91/><W78/><G78/><T31/><D31/><U79/><E79/><V117/><F117/><W115/><G1/><T50/><D50/><U25/><E68/><V58/><F51/><W66/><G115/><T46/><D46/><U49/><E49/><V23/><F65/><W82/><G82/><T62/><D62/><U44/><E44/><V125/><F57/><W5/><G47/><T12/><D12/><U113/><E113/><V123/><F123/><W9/><G36/><T60/><D60/><U74/><E74/><V129/><F129/><W64/><G67/><T95/><D95/><U81/><E81/><V43/><F43/><W104/><G66/><T87/><D87/><U134/><N who="1" m="51283" /><U72/><DORA hai="89" /><E72/><V19/><REACH who="2" step="1"/><F23/><REACH who="2" ten="239,284,193,274" step="2"/><W48/><G48/><T35/><D35/><U20/><E20/><V106/><F106/><W13/><G104/><T27/><AGARI ba="0,1" hai="11,15,16,27,29,32,88,93,97,124,127" m="50217" machi="27" ten="30,18000,2" yaku="19,1,52,4,54,2" doraHai="126,89" who="0" fromWho="0" sc="239,190,284,-60,193,-60,274,-60" owari="429,52.9,224,2.4,133,-36.7,214,-18.6" /></mjloggm>