<mjloggm ver="2.3"><GO type="225" lobby="0"/><UN n0="%E7%8B%97%E5%AE%8C%E4%BA%86%E9%80%81" n1="%E3%81%AA%E3%82%81%E3%81%93%E9%9B%80%E5%A3%AB" n2="%E3%81%BF%E3%81%BF%E3%81%9A" n3="%E3%80%93%E3%81%97%E3%83%BC%E3%82%89%E3%80%93" dan="16,16,18,16" rate="2122.77,2076.08,2257.53,2151.43" sx="F,M,M,M"/><TAIKYOKU oya="0"/><INIT seed="0,0,0,2,2,17" ten="250,250,250,250" oya="0" hai0="126,113,88,86,12,118,107,130,42,108,110,51,68" hai1="38,95,101,133,71,14,127,20,47,76,50,62,54" hai2="61,15,77,59,36,39,3,85,18,129,16,121,55" hai3="24,49,81,104,56,64,73,134,31,67,6,11,58"/><T65/><D107/><U122/><E122/><V83/><F121/><W124/><G104/><T1/><D1/><U63/><E127/><V45/><F3/><W90/><G124/><T0/><D0/><U37/><E133/><V119/><F129/><W13/><G134/><T34/><D34/><U33/><E76/><V2/><F2/><W74/><G74/><T96/><D126/><U115/><E33/><V9/><F119/><W98/><G73/><T80/><D118/><U57/><E71/><V125/><F125/><W111/><G111/><N who="0" m="42539" /><D113/><U92/><E63/><V40/><REACH who="2" step="1"/><F18/><REACH who="2" ten="250,250,240,250" step="2"/><W30/><G30/><T35/><D130/><U70/><E115/><V87/><F87/><W117/><G117/><T66/><D96/><U7/><E7/><V53/><F53/><W21/><G98/><T102/><D35/><U69/><E54/><V128/><F128/><W32/><G32/><T60/><D66/><U120/><E120/><V43/><F43/><W84/><G58/><T44/><D12/><U8/><E14/><V46/><F46/><W52/><AGARI ba="0,1" hai="6,11,13,21,24,31,49,52,56,64,67,81,84,90" machi="52" ten="30,7900,0" yaku="0,1,8,1,52,1,54,1" doraHai="17" who="3" fromWho="3" sc="250,-39,250,-20,240,-20,250,89" /><INIT seed="1,0,0,4,2,41" ten="211,230,220,339" oya="1" hai0="118,34,18,11,73,2,50,20,31,5,93,44,32" hai1="125,132,119,43,57,127,24,88,86,85,16,89,99" hai2="39,21,113,114,131,69,64,83,107,104,33,129,37" hai3="25,63,123,46,100,54,0,45,102,108,53,94,96"/><U7/><E119/><V55/><F33/><W116/><G0/><T12/><D73/><U92/><E7/><V67/><F21/><W52/><G116/><T70/><D70/><U135/><E57/><V101/><F83/><W10/><G123/><T4/><D118/><U36/><E43/><V109/><F101/><N who="3" m="60567" /><G108/><T128/><D128/><N who="2" m="49226" /><F109/><W68/><G68/><T79/><D79/><U75/><E75/><V51/><F107/><W126/><G126/><N who="1" m="48138" /><E36/><N who="2" m="13899" /><F104/><W120/><G120/><T30/><D93/><N who="1" m="54415" /><E99/><V3/><F3/><W133/><G133/><T9/><D50/><U29/><E29/><N who="0" m="10761" /><D44/><N who="3" m="17001" /><G25/><AGARI ba="0,0" hai="2,4,5,9,11,12,18,20,25,32,34" m="10761" machi="25" ten="30,8000,1" yaku="35,5" doraHai="41" who="0" fromWho="3" sc="211,80,230,0,220,0,339,-80" /><INIT seed="2,0,0,2,2,36" ten="291,230,220,259" oya="2" hai0="82,84,25,51,99,46,77,120,135,94,73,90,42" hai1="19,78,107,133,96,17,92,134,111,20,74,81,121" hai2="11,28,5,2,118,38,27,76,125,113,58,128,98" hai3="89,93,41,88,40,126,79,109,29,130,7,101,72"/><V95/><F113/><W129/><G109/><T83/><D120/><U80/><E111/><V114/><F114/><W57/><G126/><T34/><D135/><N who="1" m="51723" /><E107/><V15/><F118/><W131/><G29/><T22/><D34/><U127/><E127/><V39/><F125/><W3/><G101/><T61/><D61/><U47/><E121/><V59/><F128/><W103/><G103/><T26/><REACH who="0" step="1"/><D22/><REACH who="0" ten="281,230,220,259" step="2"/><U91/><E20/><N who="2" m="15463" /><F2/><W75/><G130/><T66/><D66/><U16/><E81/><V71/><F71/><W33/><G3/><T21/><D21/><U55/><E19/><V45/><F39/><W54/><G33/><T132/><D132/><U110/><E110/><V124/><F38/><W18/><G18/><T100/><AGARI ba="0,1" hai="25,26,42,46,51,73,77,82,83,84,90,94,99,100" machi="100" ten="20,5200,0" yaku="1,1,0,1,7,1,52,1,53,0" doraHai="36" doraHaiUra="12" who="0" fromWho="0" sc="281,62,230,-13,220,-26,259,-13" /><INIT seed="3,0,0,1,3,91" ten="343,217,194,246" oya="3" hai0="86,55,12,35,87,109,131,102,37,95,34,97,104" hai1="108,79,106,54,116,71,28,41,43,90,81,8,64" hai2="18,113,31,93,21,94,57,105,114,36,117,99,9" hai3="25,125,20,52,115,85,111,127,126,100,69,75,16"/><W5/><G75/><T15/><D37/><U17/><E106/><V56/><F117/><W26/><G115/><T47/><D109/><U32/><E108/><V58/><F36/><W134/><G69/><T29/><D131/><U72/><E116/><V107/><F9/><W46/><G111/><T30/><D35/><U0/><E54/><V92/><F31/><N who="0" m="11786" /><D104/><U73/><E73/><V124/><F124/><W24/><G134/><T39/><D39/><U70/><E90/><V88/><F107/><W128/><G128/><T119/><D119/><U11/><E11/><V49/><F49/><N who="3" m="28727" /><G100/><T123/><D34/><U48/><E48/><V80/><F80/><W110/><G110/><T132/><D123/><U78/><E78/><V76/><F76/><W135/><G135/><T14/><D132/><U118/><E71/><V83/><F83/><W77/><G5/><T51/><AGARI ba="0,0" hai="12,14,15,47,51,55,86,87,95,97,102" m="11786" machi="51" ten="30,2000,0" yaku="8,1,52,1" doraHai="91" who="0" fromWho="0" sc="343,20,217,-5,194,-5,246,-10" owari="363,46.3,212,-18.8,189,-31.1,236,3.6" /></mjloggm>