<mjloggm ver="2.3"><GO type="225" lobby="0"/><UN n0="%E3%83%A9%E3%82%A4%E3%83%B3%E3%81%AE%E8%99%8E" n1="%E5%B6%BA%E4%B8%8A%E5%92%B2" n2="%6D%75%75%73%61%6E%6D%75" n3="%E3%82%BC%E3%83%AB%E3%83%80%E3%81%AE%E4%BC%9D%E8%AA%AC" dan="16,16,17,17" rate="2098.01,2091.28,2163.80,2142.57" sx="M,F,F,M"/><TAIKYOKU oya="0"/><INIT seed="0,0,0,5,2,82" ten="250,250,250,250" oya="0" hai0="127,70,91,119,131,35,107,57,108,44,9,29,38" hai1="65,101,132,24,10,49,106,8,45,62,93,130,112" hai2="21,109,68,99,76,20,81,89,88,72,60,103,97" hai3="78,122,31,134,129,53,23,118,30,32,5,115,128"/><T75/><RYUUKYOKU type="yao9" ba="0,0" sc="250,0,250,0,250,0,250,0" hai0="9,29,35,38,44,57,70,75,91,107,108,119,127,131" /><INIT seed="0,1,0,5,5,131" ten="250,250,250,250" oya="0" hai0="71,80,53,13,49,90,1,54,47,77,122,50,2" hai1="39,58,8,26,97,59,72,16,33,123,15,99,24" hai2="111,134,88,100,108,75,63,82,86,105,106,94,4" hai3="85,117,115,44,76,68,73,7,121,64,104,30,36"/><T35/><D122/><U87/><E72/><V109/><F4/><W125/><G85/><T74/><D71/><U118/><E118/><V45/><F134/><W23/><G23/><T25/><D90/><U81/><E39/><V128/><F128/><W62/><G30/><T78/><D78/><N who="1" m="46519" /><E33/><V6/><F6/><W132/><G7/><T9/><D25/><N who="1" m="9835" /><E123/><V46/><F63/><W93/><G93/><T96/><D96/><AGARI ba="1,0" hai="8,15,16,58,59,96,97,99" m="9835,46519" machi="96" ten="30,2000,0" yaku="8,1,54,1" doraHai="131" who="1" fromWho="0" sc="250,-23,250,23,250,0,250,0" /><INIT seed="1,0,0,5,5,12" ten="227,273,250,250" oya="1" hai0="121,81,16,36,13,7,99,0,64,26,4,78,120" hai1="91,85,60,94,59,14,55,126,3,73,88,8,33" hai2="87,19,71,66,24,90,130,96,22,114,122,131,63" hai3="38,113,62,133,37,65,2,74,39,77,17,58,89"/><U117/><E3/><V31/><F122/><N who="0" m="47210" /><D36/><U124/><E73/><V61/><F114/><W119/><G113/><T106/><D0/><U128/><E117/><V10/><F96/><W111/><G2/><T44/><D64/><U1/><E1/><V49/><F49/><W53/><G119/><T43/><D26/><U105/><E105/><V75/><F75/><W69/><G111/><T11/><D99/><U95/><E33/><V118/><F61/><W57/><G133/><T6/><D106/><U52/><E128/><V47/><F47/><W83/><G89/><T5/><D5/><U132/><E132/><V23/><F10/><W129/><G129/><N who="2" m="49161" /><F118/><W86/><G74/><N who="0" m="43223" /><D44/><U79/><E79/><V67/><F63/><W127/><G127/><N who="1" m="48682" /><E55/><V30/><F71/><W109/><G109/><T70/><D43/><U42/><E42/><V45/><F45/><W80/><G53/><T125/><D125/><U98/><E8/><V116/><F116/><W101/><G69/><AGARI ba="0,0" hai="4,6,7,11,13,16,69,70" m="43223,47210" machi="69" ten="30,3900,0" yaku="13,1,52,1,54,1" doraHai="12" who="0" fromWho="3" sc="227,39,273,0,250,0,250,-39" /><INIT seed="2,0,0,0,0,44" ten="266,273,250,211" oya="2" hai0="113,95,5,56,15,28,6,109,74,69,97,78,77" hai1="17,41,83,38,116,16,29,70,26,63,128,80,114" hai2="59,53,34,120,119,92,3,125,126,104,66,27,52" hai3="118,79,21,30,42,50,76,101,12,0,62,75,73"/><V105/><F119/><W46/><G118/><T106/><D69/><U57/><E116/><V94/><F120/><W10/><G101/><T2/><D2/><U108/><E114/><V18/><F3/><W9/><G0/><T23/><D106/><N who="2" m="41066" /><F66/><W14/><G73/><T24/><D109/><U60/><E108/><V122/><F122/><W86/><G75/><T90/><D113/><U115/><E115/><V81/><F81/><N who="3" m="47399" /><G79/><N who="0" m="30219" /><D74/><U107/><E107/><V49/><F53/><W43/><G62/><T135/><D135/><U98/><E70/><V33/><F94/><W82/><G82/><T88/><D15/><N who="3" m="5673" /><G42/><T133/><D133/><U35/><E41/><V84/><F92/><W129/><G129/><T7/><D56/><U19/><E128/><V20/><F84/><W71/><G71/><T103/><AGARI ba="0,0" hai="5,6,7,23,24,28,88,90,95,97,103" m="30219" machi="103" ten="30,2000,0" yaku="8,1,54,1" doraHai="44" who="0" fromWho="0" sc="266,20,273,-5,250,-10,211,-5" /><INIT seed="3,0,0,2,1,126" ten="286,268,240,206" oya="3" hai0="92,107,77,67,29,127,105,55,66,78,116,128,14" hai1="10,106,70,58,45,32,41,69,60,43,1,90,108" hai2="121,98,102,111,104,36,3,132,9,124,123,75,89" hai3="62,5,110,44,0,73,20,24,49,17,23,53,42"/><W38/><G73/><T63/><D116/><U27/><E106/><V18/><F36/><W4/><G110/><T48/><D29/><U2/><E108/><V11/><F111/><W120/><G120/><N who="2" m="46153" /><F124/><W91/><G0/><T22/><D127/><U118/><E118/><V82/><F3/><W87/><G20/><T93/><D105/><U97/><E1/><V47/><F132/><W94/><REACH who="3" step="1"/><G62/><REACH who="3" ten="286,268,240,196" step="2"/><T39/><D22/><U83/><E2/><V133/><F133/><W26/><G26/><T115/><D63/><U119/><E27/><V13/><F47/><AGARI ba="0,1" hai="4,5,17,23,24,38,42,44,47,49,53,87,91,94" machi="47" ten="30,2900,0" yaku="1,1,7,1,53,0" doraHai="126" doraHaiUra="72" who="3" fromWho="2" sc="286,0,268,0,240,-29,196,39" /><INIT seed="3,1,0,1,0,44" ten="286,268,211,235" oya="3" hai0="86,105,48,120,72,20,54,4,69,90,6,8,39" hai1="109,116,119,74,122,94,42,68,22,82,5,115,34" hai2="67,25,46,32,27,65,108,80,78,83,66,63,33" hai3="11,26,103,104,29,76,64,57,112,53,2,132,133"/><W93/><G112/><T98/><D120/><U101/><E109/><V81/><F108/><W35/><G76/><T126/><D39/><U24/><E115/><V18/><F78/><W45/><G104/><T110/><D69/><U77/><E68/><V43/><F63/><W50/><G103/><T61/><D72/><U129/><E34/><V117/><F117/><W89/><G2/><T28/><D61/><U71/><E71/><V97/><F97/><W123/><G123/><T111/><D126/><U113/><E129/><V47/><F18/><W7/><G64/><T59/><D105/><U40/><E113/><V15/><F15/><W96/><REACH who="3" step="1"/><G45/><REACH who="3" ten="286,268,211,225" step="2"/><N who="2" m="16905" /><F43/><W21/><G21/><T1/><D1/><U62/><E122/><V10/><F10/><W55/><G55/><T51/><D8/><U23/><E42/><V36/><F36/><W130/><G130/><T75/><D111/><U79/><E40/><V131/><F131/><W73/><G73/><T17/><D75/><U135/><E74/><V134/><F134/><W124/><G124/><T49/><D110/><U88/><E135/><V95/><F95/><W56/><G56/><T91/><D59/><U125/><E94/><V19/><F19/><W38/><G38/><T3/><D3/><U127/><E127/><V70/><F70/><W92/><G92/><N who="0" m="56607" /><D54/><U128/><E125/><V0/><F0/><W114/><G114/><T31/><D17/><N who="1" m="12367" /><E128/><V106/><F106/><W13/><AGARI ba="1,1" hai="7,11,13,26,29,35,50,53,57,89,93,96,132,133" machi="13" ten="30,6000,0" yaku="1,1,0,1,52,1,53,0" doraHai="44" doraHaiUra="107" who="3" fromWho="3" sc="286,-21,268,-21,211,-21,225,73" /><INIT seed="3,2,0,5,4,120" ten="265,247,190,298" oya="3" hai0="9,93,5,90,45,16,62,20,135,49,112,27,57" hai1="18,108,64,44,41,32,97,71,115,19,59,61,33" hai2="88,12,53,89,50,52,67,35,124,127,10,17,100" hai3="107,104,110,60,4,36,38,47,22,116,29,113,11"/><W119/><G113/><T106/><D135/><U78/><E115/><V72/><F35/><W79/><G110/><T68/><D112/><U51/><E108/><V109/><F109/><W87/><G22/><T130/><D130/><U6/><E78/><V7/><F72/><W105/><G29/><T117/><D106/><U58/><E6/><V83/><F100/><W40/><G60/><T131/><D131/><U31/><E33/><V122/><F122/><W24/><G24/><T63/><D68/><U80/><E80/><V101/><F101/><W92/><G36/><T39/><D39/><U86/><E86/><N who="2" m="50271" /><F67/><W74/><G87/><T128/><D117/><U82/><E82/><V2/><F89/><W14/><G92/><T75/><D75/><U98/><E32/><V66/><F66/><W25/><G25/><T46/><D49/><U48/><E31/><V65/><F65/><W77/><REACH who="3" step="1"/><G74/><REACH who="3" ten="265,247,190,288" step="2"/><T43/><D63/><U0/><E61/><V95/><F95/><W13/><G13/><N who="0" m="5295" /><D128/><U84/><E84/><V96/><F96/><W3/><G3/><T26/><D26/><U15/><E0/><V133/><F133/><W28/><G28/><T56/><D62/><U8/><E97/><V55/><F50/><W114/><G114/><T85/><D85/><U118/><E98/><V30/><F30/><W123/><G123/><T81/><D93/><U129/><E129/><V70/><F70/><W126/><G126/><N who="2" m="48169" /><F2/><W102/><G102/><T132/><D132/><U1/><E64/><V37/><F37/><W21/><G21/><T76/><D20/><N who="1" m="11359" /><E1/><V121/><F121/><RYUUKYOKU ba="2,1" sc="265,-15,247,-15,190,15,288,15" hai2="7,10,12,17,52,53,55" hai3="4,11,14,38,40,47,77,79,104,105,107,116,119" owari="250,5.0,232,-16.8,205,-29.5,313,41.3" /></mjloggm>