<mjloggm ver="2.3"><GO type="225" lobby="0"/><UN n0="%73%69%72%6F%75%74" n1="%72%69%6F%75%63%68%61%6E" n2="%E5%AF%82%E5%AF%9E%E3%82%AE%E3%83%8D%E3%82%B9%E3%83%93%E3%83%BC%E3%83%AB" n3="%73%6C%69%63%6B%33%31%39" dan="16,17,16,16" rate="2069.11,2269.23,2143.53,2166.39" sx="M,M,M,M"/><TAIKYOKU oya="0"/><INIT seed="0,0,0,0,2,122" ten="250,250,250,250" oya="0" hai0="85,62,112,75,94,49,69,109,82,1,9,38,126" hai1="11,79,115,42,6,64,98,54,60,105,27,103,10" hai2="36,107,97,48,90,134,131,57,65,40,89,28,19" hai3="114,56,16,68,93,31,52,70,101,92,46,50,32"/><T88/><D112/><U84/><E115/><V108/><F131/><W129/><G114/><T41/><D126/><U20/><E42/><V66/><F134/><W106/><G129/><T86/><D49/><U39/><E39/><V53/><F28/><W2/><G2/><T87/><D109/><U117/><E117/><V12/><F12/><W3/><G3/><T100/><D69/><U30/><E54/><V24/><F108/><W121/><G121/><T21/><D62/><U25/><E6/><V78/><F78/><W124/><G124/><T17/><D100/><U7/><E7/><V0/><F0/><W116/><G116/><T61/><D61/><U14/><E14/><V99/><F36/><W55/><G106/><T83/><D9/><U104/><E104/><V47/><F107/><W43/><G16/><T77/><D1/><U135/><E135/><V58/><F24/><W125/><G125/><T80/><D41/><U33/><E84/><V22/><F99/><W95/><G101/><T133/><D38/><U15/><E79/><V132/><F132/><W76/><G76/><T8/><D8/><U127/><E15/><N who="2" m="9599" /><F97/><W13/><G13/><N who="0" m="9391" /><D133/><U44/><E127/><V5/><F5/><W91/><G91/><N who="2" m="34825" /><F40/><W37/><REACH who="3" step="1"/><G55/><REACH who="3" ten="250,250,250,240" step="2"/><T102/><D102/><U96/><E103/><V29/><F29/><W72/><G72/><T120/><D120/><U110/><E105/><V128/><F128/><W123/><G123/><T23/><D75/><U45/><E11/><V34/><F34/><W119/><G119/><T4/><D77/><U111/><E33/><V59/><AGARI ba="0,1" hai="47,48,53,57,58,59,65,66" m="34825,9599" machi="59" ten="30,2000,0" yaku="5,1,8,1" doraHai="122" who="2" fromWho="2" sc="250,-10,250,-5,250,30,240,-5" /><INIT seed="1,0,0,1,3,31" ten="240,245,280,235" oya="1" hai0="118,67,100,28,134,76,63,83,14,21,82,132,62" hai1="96,1,123,15,74,29,13,56,106,105,35,51,99" hai2="108,18,46,116,4,133,97,113,112,37,38,127,80" hai3="36,95,33,89,30,115,72,78,98,121,65,48,45"/><U20/><E123/><V22/><F116/><W39/><G121/><T111/><D118/><U77/><E1/><V107/><F108/><W81/><G115/><N who="2" m="44105" /><F133/><N who="0" m="51306" /><D111/><U57/><E74/><V41/><F4/><W32/><G65/><T122/><D122/><U47/><E77/><V9/><F9/><W70/><G70/><T50/><D100/><U64/><E35/><V34/><F80/><W6/><G6/><T55/><D67/><U84/><E84/><V27/><F127/><W87/><G30/><T131/><D131/><U75/><E75/><V0/><F0/><W119/><G119/><T90/><D90/><U130/><E130/><V53/><F53/><W126/><G126/><T128/><D128/><U109/><E109/><V25/><F37/><W125/><G125/><T16/><D28/><U49/><E64/><V135/><F135/><W26/><G26/><T10/><D10/><U94/><E29/><N who="2" m="19759" /><F97/><W117/><G117/><T71/><D71/><U7/><E7/><V92/><F92/><W2/><G2/><T17/><D17/><U12/><E20/><V110/><F110/><W5/><G5/><T52/><D55/><U40/><E94/><V58/><F107/><W101/><G39/><T69/><D69/><U86/><E86/><V59/><AGARI ba="0,0" hai="18,22,27,38,41,46,58,59" m="19759,44105" machi="59" ten="30,2000,0" yaku="11,1,52,1" doraHai="31" who="2" fromWho="2" sc="240,-5,245,-10,280,20,235,-5" /><INIT seed="2,0,0,0,0,60" ten="235,235,300,230" oya="2" hai0="24,83,8,58,93,80,37,51,114,91,111,77,21" hai1="92,63,3,43,98,69,67,34,113,35,18,44,15" hai2="16,72,9,5,47,2,76,86,109,123,54,133,26" hai3="129,110,121,70,84,1,32,107,124,27,17,19,131"/><V75/><F123/><W4/><G107/><T36/><D111/><U33/><E3/><V38/><F133/><W135/><G70/><T29/><D114/><U82/><E113/><V102/><F102/><W40/><G40/><T128/><D128/><N who="3" m="49225" /><G121/><T42/><D8/><U11/><E82/><V61/><F109/><W104/><G104/><T95/><D83/><U115/><E115/><V73/><F86/><W0/><G84/><T88/><D95/><U62/><E62/><V31/><F76/><W66/><G66/><T125/><D125/><U12/><E12/><V52/><F61/><W53/><G53/><T78/><D91/><U49/><REACH who="1" step="1"/><E34/><REACH who="1" ten="235,225,300,230" step="2"/><V64/><F2/><W130/><G0/><T14/><D14/><U94/><E94/><V57/><F75/><W134/><G110/><T48/><D80/><U106/><E106/><V41/><F73/><W74/><G74/><T99/><D36/><U6/><E6/><V56/><F5/><W10/><G130/><T101/><D37/><U71/><E71/><V127/><F72/><W7/><G7/><T85/><D77/><U22/><E22/><V132/><F38/><W118/><G124/><T50/><D78/><U59/><E59/><V90/><F57/><W122/><G122/><T13/><D58/><U116/><E116/><V97/><F56/><W23/><G32/><T108/><D108/><U105/><E105/><V89/><F127/><W120/><G120/><T45/><D13/><U112/><E112/><V39/><F39/><W28/><G118/><T30/><D21/><U46/><E46/><V126/><F47/><RYUUKYOKU ba="0,1" sc="235,-15,225,15,300,-15,230,15" hai1="11,15,18,33,35,43,44,49,63,67,69,92,98" hai3="1,4,10,17,19,23,27,28,134,135" /><INIT seed="3,1,1,1,1,42" ten="220,240,285,245" oya="3" hai0="37,21,72,126,16,108,117,88,62,52,118,124,69" hai1="106,23,97,5,94,86,6,121,26,13,35,47,112" hai2="22,75,100,4,36,68,120,54,32,2,60,43,7" hai3="110,85,129,116,20,104,59,24,31,61,128,76,115"/><W119/><G104/><T1/><D1/><U49/><E112/><V65/><F22/><W82/><G115/><T40/><D72/><U135/><E121/><V27/><F120/><W51/><G110/><T3/><D3/><U58/><E135/><V48/><F75/><W67/><REACH who="3" step="1"/><G51/><REACH who="3" ten="220,240,285,235" step="2"/><T33/><D108/><U80/><E106/><V93/><F48/><W55/><G55/><T95/><D37/><U134/><E134/><V64/><F54/><W113/><G113/><T131/><D40/><U84/><E49/><V79/><F43/><W41/><G41/><T89/><D131/><AGARI ba="1,2" hai="20,24,31,59,61,67,76,82,85,116,119,128,129,131" machi="131" ten="40,3900,0" yaku="1,1,19,1,53,0" doraHai="42" doraHaiUra="92" who="3" fromWho="0" sc="220,-42,240,0,285,0,235,62" /><INIT seed="3,2,0,4,4,110" ten="178,240,285,297" oya="3" hai0="106,24,103,122,14,71,57,133,94,2,5,121,4" hai1="47,99,6,43,101,40,64,79,38,78,128,36,102" hai2="92,19,66,95,118,91,39,100,76,31,9,72,29" hai3="32,77,74,55,73,67,68,86,53,51,37,63,84"/><W26/><G37/><T69/><D2/><U30/><E128/><V33/><F39/><W28/><G55/><T17/><D106/><U81/><E30/><V42/><F118/><W82/><G74/><T41/><D41/><U111/><E111/><V12/><F42/><W70/><G68/><T50/><D71/><U22/><E64/><V59/><F33/><W13/><G13/><T58/><D69/><U105/><E22/><V109/><F76/><W48/><G48/><T44/><D133/><U104/><E6/><N who="0" m="2665" /><D122/><U23/><E23/><V3/><F3/><W65/><G65/><T134/><D134/><U0/><E0/><V132/><F72/><W46/><AGARI ba="2,0" hai="26,28,32,46,51,53,63,67,70,73,77,82,84,86" machi="46" ten="20,2100,0" yaku="0,1,7,1" doraHai="110" who="3" fromWho="3" sc="178,-9,240,-9,285,-9,297,27" owari="169,-33.1,231,-16.9,276,7.6,324,42.4" /></mjloggm>