<mjloggm ver="2.3"><GO type="225" lobby="0"/><UN n0="%E3%81%AA%E3%81%A1%30%39%32%37" n1="%E5%A4%8F%E9%88%B4%E9%88%B4%E5%A4%8F" n2="%E3%81%86%E3%83%BC%E3%81%B1%E3%83%BC" n3="%E6%B8%A9%E2%98%85%E6%83%85%E2%98%85%E6%8E%AA%E2%98%85%E7%BD%AE" dan="16,16,17,16" rate="2102.39,2117.00,2155.70,2166.70" sx="M,M,M,M"/><TAIKYOKU oya="0"/><INIT seed="0,0,0,1,1,66" ten="250,250,250,250" oya="0" hai0="35,118,84,33,105,6,8,98,24,47,117,49,64" hai1="31,125,73,69,116,67,13,62,100,71,46,11,124" hai2="113,75,79,94,5,55,0,132,86,17,48,26,28" hai3="74,43,12,42,119,127,134,58,60,22,93,114,61"/><T111/><D111/><U9/><E116/><V32/><F113/><W41/><G119/><T108/><D108/><U89/><E73/><V30/><F30/><W83/><G114/><T10/><D118/><U20/><E100/><V103/><F132/><W80/><G134/><T90/><D117/><U16/><E89/><V3/><F5/><W59/><G127/><N who="1" m="48714" /><E46/><V85/><F75/><W45/><G74/><T109/><D109/><U97/><E97/><V29/><F29/><W25/><G12/><T18/><D64/><N who="1" m="41111" /><E31/><V115/><F115/><W57/><G45/><T15/><D98/><U7/><E7/><V133/><F133/><W53/><G93/><T112/><D105/><U82/><E82/><N who="3" m="31274" /><G53/><T38/><D112/><U88/><E88/><V23/><F79/><W121/><G121/><T120/><D120/><U65/><E65/><V131/><F85/><W128/><G128/><T99/><D99/><U102/><E102/><V4/><F4/><W96/><G96/><T50/><D90/><U37/><E37/><V21/><F131/><W39/><G39/><T122/><D84/><U129/><E129/><V104/><F103/><W126/><G126/><T40/><D122/><U92/><E92/><V68/><F104/><W72/><G72/><T76/><D76/><U106/><E106/><V44/><F94/><W78/><G78/><T51/><REACH who="0" step="1"/><D24/><REACH who="0" ten="240,250,250,250" step="2"/><U70/><E67/><V107/><F107/><W77/><G77/><T56/><D56/><U91/><E91/><V81/><F86/><W101/><G101/><T63/><D63/><U19/><E9/><V87/><F87/><RYUUKYOKU ba="0,1" sc="240,10,250,10,250,-30,250,10" hai0="6,8,10,15,18,33,35,38,40,47,49,50,51" hai1="11,13,16,19,20,70,71" hai3="22,25,41,42,43,57,58,59,60,61" /><INIT seed="0,1,1,3,0,31" ten="250,260,220,260" oya="0" hai0="126,116,0,61,9,133,68,40,114,96,35,88,75" hai1="99,37,109,33,118,53,87,30,81,10,70,100,92" hai2="119,57,60,43,56,91,55,72,111,48,67,42,132" hai3="127,82,20,29,8,49,36,134,120,108,12,26,117"/><T58/><D114/><U17/><E118/><V4/><F72/><W107/><G117/><T74/><D116/><U47/><E70/><V23/><F119/><W80/><G36/><T24/><D40/><U125/><E109/><V131/><F111/><W79/><G107/><T113/><D113/><U128/><E128/><V51/><F131/><W90/><G108/><T106/><D58/><U84/><E125/><V22/><F132/><W63/><G134/><T16/><D133/><U115/><E115/><V129/><F129/><W124/><G120/><T25/><D25/><U18/><E87/><V19/><F4/><W101/><G101/><N who="0" m="62759" /><D88/><N who="1" m="51215" /><E37/><V105/><F105/><W11/><G90/><T2/><D126/><N who="3" m="48169" /><G49/><T34/><D16/><N who="1" m="6251" /><E33/><N who="0" m="12297" /><D24/><U95/><E30/><V77/><F77/><W94/><G79/><T32/><D32/><U97/><E10/><V121/><F121/><W54/><G8/><T102/><D102/><N who="1" m="60711" /><E53/><V21/><F19/><N who="3" m="8607" /><G94/><T123/><D123/><U27/><E27/><V76/><F76/><W122/><G122/><T85/><D85/><U65/><E47/><N who="2" m="28063" /><F91/><W62/><G54/><AGARI ba="1,1" hai="21,22,23,42,43,51,54,56,57,60,67" m="28063" machi="54" ten="30,1000,0" yaku="8,1" doraHai="31" who="2" fromWho="3" sc="250,0,260,0,220,23,260,-13" /><INIT seed="1,0,0,3,4,12" ten="250,260,243,247" oya="1" hai0="41,81,17,14,64,128,89,135,45,2,125,27,11" hai1="129,95,84,16,121,78,26,25,10,35,127,118,21" hai2="94,60,93,23,36,99,9,55,119,70,102,76,46" hai3="31,67,54,133,34,83,49,0,73,82,44,5,97"/><U87/><E118/><V74/><F119/><W134/><G67/><T20/><D135/><N who="3" m="51721" /><G73/><T48/><D128/><U114/><E114/><V106/><F70/><W80/><G97/><T13/><D125/><U68/><E121/><V92/><F60/><W39/><G39/><T115/><D115/><U113/><E68/><V91/><F9/><N who="3" m="2215" /><G31/><T4/><REACH who="0" step="1"/><D64/><REACH who="0" ten="240,260,243,247" step="2"/><U98/><E113/><V18/><F99/><W111/><G111/><T90/><D90/><U24/><E127/><V40/><F91/><W72/><G72/><T59/><D59/><U124/><E124/><V6/><F74/><W109/><G109/><T1/><D1/><U120/><E129/><V130/><F130/><W126/><G126/><T71/><D71/><U110/><E110/><V52/><F76/><W96/><G96/><T63/><D63/><U22/><E120/><V3/><F3/><W112/><G112/><T33/><D33/><AGARI ba="0,1" hai="33,34,44,49,54,80,82,83" m="2215,51721" machi="33" ten="30,1000,0" yaku="20,1" doraHai="12" who="3" fromWho="0" sc="240,-10,260,0,243,0,247,20" /><INIT seed="2,0,0,2,3,23" ten="230,260,243,267" oya="2" hai0="14,84,64,62,86,69,53,47,122,105,113,67,1" hai1="88,27,48,116,35,98,79,124,36,119,70,129,104" hai2="80,26,25,22,16,40,130,33,91,59,117,126,87" hai3="76,12,71,5,39,111,46,42,83,72,34,54,134"/><V133/><F117/><W56/><G111/><T82/><D113/><U30/><E48/><V49/><F130/><W77/><G134/><T44/><D122/><U3/><E129/><V20/><F133/><W132/><G132/><T100/><D1/><U15/><E15/><V28/><F126/><W74/><G34/><T73/><D64/><U109/><E109/><V97/><F33/><W125/><G71/><T92/><D105/><U118/><E124/><V89/><F59/><W81/><G125/><T78/><D14/><U110/><E110/><V10/><F10/><W24/><G24/><T96/><D53/><U127/><E127/><V63/><F63/><W66/><G66/><T13/><D86/><U6/><E79/><N who="2" m="46495" /><F97/><W37/><G37/><T102/><D102/><N who="1" m="62551" /><E88/><V103/><F103/><W0/><G0/><T95/><D95/><U115/><E115/><V58/><F58/><W41/><G5/><T85/><D85/><U8/><E36/><V2/><F2/><W108/><G108/><T106/><REACH who="0" step="1"/><D13/><REACH who="0" ten="220,260,243,267" step="2"/><U52/><E3/><V57/><F40/><W99/><G41/><T75/><D75/><U51/><E118/><V114/><F114/><W120/><G120/><T11/><D11/><U61/><E116/><V9/><F9/><W38/><G99/><T68/><D68/><U101/><E119/><V65/><F65/><W43/><G43/><T4/><D4/><U131/><E131/><V123/><F123/><W21/><G39/><T93/><D93/><U94/><E70/><V60/><F60/><N who="3" m="35863" /><G12/><T18/><D18/><U32/><E61/><V7/><F7/><RYUUKYOKU ba="0,1" sc="220,10,260,-30,243,10,267,10" hai0="44,47,62,67,69,73,78,82,84,92,96,100,106" hai2="16,20,22,25,26,28,49,57,89,91" hai3="21,38,42,46,72,74,76,77,81,83" /><INIT seed="2,1,1,3,4,110" ten="230,230,253,277" oya="2" hai0="34,100,28,47,19,8,98,65,11,113,74,107,71" hai1="49,5,22,115,80,119,13,92,52,14,106,26,67" hai2="7,94,0,129,112,118,85,99,78,72,17,46,81" hai3="86,3,134,45,89,30,84,83,37,117,23,122,56"/><V87/><F118/><W82/><G122/><T39/><D74/><U33/><E106/><V24/><F112/><W12/><G117/><T70/><D19/><U60/><E33/><V97/><F129/><W76/><G3/><T105/><D105/><U62/><E115/><V131/><F131/><W68/><G68/><T73/><D73/><U88/><E80/><V10/><F97/><W4/><G134/><T75/><D75/><U104/><E104/><V48/><F24/><N who="3" m="16671" /><G37/><T114/><D8/><N who="1" m="4239" /><E14/><V54/><REACH who="2" step="1"/><F17/><REACH who="2" ten="230,230,243,277" step="2"/><W77/><G84/><T31/><D114/><U57/><E119/><V111/><F111/><W124/><G86/><T6/><D113/><U103/><E103/><AGARI ba="1,2" hai="0,7,10,46,48,54,72,78,81,85,87,94,99,103" machi="103" ten="30,2900,0" yaku="1,1,7,1,53,0" doraHai="110" doraHaiUra="55" who="2" fromWho="1" sc="230,0,230,-32,243,52,277,0" /><INIT seed="2,2,0,1,1,60" ten="230,198,295,277" oya="2" hai0="94,63,131,113,35,126,82,100,8,11,39,83,76" hai1="2,43,27,96,111,110,65,67,103,104,26,114,15" hai2="132,120,36,99,95,32,42,49,122,33,44,45,135" hai3="4,72,78,58,71,102,31,116,128,124,79,90,47"/><V50/><F33/><W85/><G71/><T41/><D113/><U61/><E2/><V17/><F32/><W125/><G116/><T12/><D35/><U130/><E114/><V87/><F87/><W123/><G123/><N who="2" m="47145" /><F17/><W48/><G128/><T24/><D126/><N who="3" m="48745" /><G72/><T40/><D63/><U108/><E130/><V84/><F84/><W118/><G118/><T75/><D94/><U73/><E73/><V91/><F45/><W69/><G69/><T0/><D75/><U51/><E15/><V109/><F109/><W81/><G31/><T106/><D12/><U70/><REACH who="1" step="1"/><E65/><REACH who="1" ten="230,188,295,277" step="2"/><V117/><F117/><W64/><G64/><T21/><D0/><U77/><E77/><V101/><F91/><W119/><G90/><T53/><D131/><U93/><E93/><V107/><F95/><W29/><G79/><T133/><D76/><U16/><E16/><V22/><F107/><W55/><G119/><T68/><D106/><U56/><E56/><V54/><F101/><W38/><G102/><T20/><D100/><U59/><E59/><N who="2" m="33231" /><F99/><W129/><G129/><T30/><D30/><U134/><E134/><N who="2" m="51243" /><F22/><W23/><G23/><T89/><D133/><U127/><E127/><V121/><F121/><W14/><G78/><T37/><D89/><U34/><E34/><V9/><F9/><N who="3" m="4391" /><G85/><T92/><D92/><U105/><E105/><V46/><F46/><AGARI ba="2,1" hai="26,27,43,46,51,61,67,70,96,103,104,108,110,111" machi="46" ten="40,8000,1" yaku="1,1,14,1,52,1,53,1" doraHai="60" doraHaiUra="57" who="1" fromWho="2" sc="230,0,188,96,295,-86,277,0" /><INIT seed="3,0,0,5,3,1" ten="230,284,209,277" oya="3" hai0="130,4,102,91,31,57,64,70,119,73,121,62,26" hai1="13,77,53,63,25,45,27,80,124,93,61,92,132" hai2="76,127,39,52,82,99,42,7,122,98,19,56,50" hai3="79,108,15,134,59,74,95,90,5,131,125,54,14"/><W100/><G134/><T12/><D121/><U72/><E132/><V8/><F122/><W87/><G131/><T68/><D119/><U103/><E124/><V86/><F127/><W6/><G125/><T118/><D118/><U106/><E106/><V51/><F39/><W101/><G108/><T123/><D123/><U34/><E61/><V69/><F69/><W107/><G74/><T46/><D130/><U23/><E103/><N who="3" m="39498" /><G79/><T21/><D73/><U83/><E83/><V133/><F133/><W116/><G107/><T24/><D102/><U41/><E13/><N who="3" m="4618" /><G116/><T20/><D91/><U44/><E27/><V43/><F19/><W94/><G94/><T58/><D68/><U35/><E35/><V29/><F29/><W96/><G96/><N who="2" m="36905" /><F50/><AGARI ba="0,0" hai="5,6,50,54,59,87,90,95" m="4618,39498" machi="50" ten="30,5800,0" yaku="8,1,52,2" doraHai="1" who="3" fromWho="2" sc="230,0,284,0,209,-58,277,58" owari="230,-17.0,284,8.4,151,-34.9,335,43.5" /></mjloggm>