<mjloggm ver="2.3"><GO type="225" lobby="0"/><UN n0="%E5%84%AA%40%41%42%43" n1="%E3%81%A8%E3%82%93%E3%81%A8%E3%81%93%E3%81%A8%E3%82%93" n2="%E5%8D%A0%E3%81%84%E5%B8%AB%E8%A3%8F%E3%81%AA%E3%81%84%E3%81%97" n3="%E3%83%AB%E3%83%9B%E3%83%B3%E3%83%87%E3%82%A3%E3%82%A8" dan="17,16,16,17" rate="2147.74,2113.21,2160.21,2190.45" sx="M,F,M,M"/><TAIKYOKU oya="0"/><INIT seed="0,0,0,3,4,44" ten="250,250,250,250" oya="0" hai0="19,94,54,85,29,66,58,121,13,67,70,14,96" hai1="23,55,110,62,74,112,71,36,135,45,91,122,80" hai2="46,42,24,18,65,119,72,2,4,131,33,73,3" hai3="133,1,82,101,40,10,9,129,109,32,28,5,118"/><T124/><D121/><U104/><E122/><V27/><F131/><W56/><G118/><T111/><D124/><U15/><E104/><V130/><F130/><W21/><G101/><T113/><D113/><U17/><E110/><V63/><F119/><W22/><G82/><T79/><D70/><U52/><E135/><V83/><F18/><W31/><G40/><T20/><D111/><U92/><E112/><V90/><F90/><W81/><G56/><T12/><D29/><N who="3" m="11337" /><G81/><N who="0" m="47295" /><D66/><U114/><E114/><V87/><F33/><W115/><G115/><T43/><D43/><U41/><E71/><V88/><F73/><W47/><G109/><T95/><D67/><U76/><REACH who="1" step="1"/><E62/><REACH who="1" ten="250,240,250,250" step="2"/><V116/><F116/><W78/><G133/><T126/><D126/><U53/><E53/><V60/><F60/><W6/><G129/><T57/><D57/><U108/><E108/><V107/><F107/><W127/><G127/><T50/><D96/><AGARI ba="0,1" hai="15,17,23,36,41,45,52,55,74,76,80,91,92,96" machi="96" ten="30,7700,0" yaku="1,1,7,1,54,1,53,1" doraHai="44" doraHaiUra="11" who="1" fromWho="0" sc="250,-77,240,87,250,0,250,0" /><INIT seed="1,0,0,2,2,59" ten="173,327,250,250" oya="1" hai0="84,40,1,22,81,13,121,41,83,120,118,16,63" hai1="104,74,67,116,29,33,94,3,97,92,32,30,8" hai2="68,115,75,35,73,129,112,6,110,128,135,79,109" hai3="133,108,36,49,43,134,80,50,130,10,127,93,113"/><U103/><E116/><V34/><F6/><W88/><G113/><N who="2" m="43593" /><F79/><W87/><G108/><N who="2" m="41577" /><F68/><W119/><G119/><T5/><D118/><U85/><E74/><N who="2" m="28171" /><F135/><W98/><G133/><T45/><D45/><U21/><BYE who="0" /><E33/><AGARI ba="0,0" hai="33,34,35,128,129" m="28171,41577,43593" machi="33" ten="40,12000,2" yaku="28,2,11,1,14,1,31,2" doraHai="59" who="2" fromWho="1" sc="173,0,327,-120,250,120,250,0" /><INIT seed="2,0,0,4,4,123" ten="173,207,370,250" oya="2" hai0="41,0,21,25,67,34,84,44,79,5,18,32,43" hai1="101,1,91,27,23,49,112,46,33,109,73,29,58" hai2="75,131,88,126,118,74,111,87,110,97,106,70,108" hai3="45,133,11,116,7,2,117,83,39,63,89,129,9"/><V119/><F70/><W72/><G129/><UN n0="%E5%84%AA%40%41%42%43" /><T130/><D130/><U60/><E112/><V42/><F42/><N who="3" m="22751" /><G89/><T40/><D67/><U31/><E73/><N who="2" m="27659" /><F131/><W82/><G82/><T47/><D32/><U134/><E1/><V35/><F35/><W104/><G104/><T127/><D127/><U51/><E101/><N who="2" m="62767" /><F126/><W56/><G56/><T52/><D34/><U64/><E134/><V22/><F22/><W105/><G105/><T15/><D0/><U98/><E109/><V20/><F20/><W102/><G102/><T53/><D79/><U61/><E46/><N who="0" m="17449" /><D84/><U114/><E114/><V12/><F12/><W128/><G11/><AGARI ba="0,0" hai="5,11,15,18,21,25,40,41,43,52,53" m="17449" machi="11" ten="30,2000,0" yaku="8,1,54,1" doraHai="123" who="0" fromWho="3" sc="173,20,207,0,370,0,250,-20" /><INIT seed="3,0,0,0,3,57" ten="193,207,370,230" oya="3" hai0="50,124,43,88,96,131,80,67,106,12,86,14,28" hai1="4,82,135,101,2,130,0,133,129,31,33,113,29" hai2="44,118,53,45,102,77,8,78,83,115,15,65,38" hai3="110,74,40,11,1,48,10,41,46,123,42,52,75"/><W54/><G123/><T35/><D35/><U90/><E101/><V114/><F118/><W81/><G110/><T3/><D3/><N who="1" m="1067" /><E113/><V97/><F65/><W127/><G127/><T103/><D124/><U51/><E51/><V95/><F45/><W121/><G121/><T63/><D28/><N who="1" m="10827" /><E4/><V79/><F83/><W125/><G125/><T120/><D120/><U6/><E6/><V64/><F64/><W9/><G1/><T126/><D126/><U93/><E82/><V109/><F109/><W68/><G68/><T87/><D131/><N who="1" m="50187" /><E33/><V117/><F115/><W36/><G36/><T100/><D100/><U16/><E16/><V26/><F114/><W59/><REACH who="3" step="1"/><G81/><REACH who="3" ten="193,207,370,220" step="2"/><T73/><D73/><U99/><AGARI ba="0,1" hai="90,93,99,133,135" m="50187,10827,1067" machi="99" ten="40,1500,0" yaku="19,1" doraHai="57" who="1" fromWho="1" sc="193,-4,207,25,370,-4,220,-7" owari="189,-31.1,232,3.2,366,46.6,213,-18.7" /></mjloggm>