<mjloggm ver="2.3"><GO type="225" lobby="0"/><UN n0="%77%72%77%72%77%72%77%72" n1="%E5%86%B7%E5%87%8D%E3%82%AE%E3%83%A7%E3%83%BC%E3%82%B6" n2="%66%67%67%68%68%64%66" n3="%E3%83%99%E3%83%AB%E3%83%A2%E3%83%83%E3%83%88" dan="16,17,16,16" rate="2226.55,2186.63,2087.89,2057.83" sx="M,M,M,M"/><TAIKYOKU oya="0"/><INIT seed="0,0,0,3,1,40" ten="250,250,250,250" oya="0" hai0="37,18,110,123,1,65,122,118,73,88,19,58,50" hai1="3,117,94,70,7,91,28,38,27,49,72,98,79" hai2="11,56,121,47,24,43,6,80,106,68,69,35,82" hai3="33,120,101,81,14,96,31,53,125,20,36,135,97"/><T52/><D118/><U109/><E117/><V9/><F121/><W59/><G120/><T100/><D73/><U85/><E109/><V124/><F106/><W84/><G33/><T44/><D1/><U107/><E38/><V23/><F124/><W127/><G36/><T86/><D100/><U116/><E116/><V108/><F108/><W62/><G135/><T77/><D110/><U48/><E70/><V126/><F35/><W29/><G29/><T130/><D130/><U93/><E7/><V75/><F11/><W13/><G13/><T41/><D122/><U92/><E3/><V113/><F113/><W114/><G114/><T60/><D77/><U104/><E72/><V99/><F99/><W111/><G111/><T30/><D30/><U89/><E79/><N who="2" m="44159" /><F56/><W0/><G0/><T5/><D5/><U63/><E63/><V129/><F82/><W67/><G125/><T61/><D61/><U12/><E12/><V78/><F78/><W55/><G127/><T87/><D87/><U16/><E93/><V17/><F129/><W4/><G97/><T132/><D132/><U25/><E104/><V45/><F126/><W115/><G115/><T64/><D123/><U102/><E107/><V119/><F119/><W128/><G128/><T76/><D76/><U105/><E105/><V10/><F10/><W15/><G62/><T83/><D65/><U54/><E102/><V2/><F43/><W131/><G67/><T21/><D21/><N who="1" m="13479" /><E54/><V112/><F112/><W39/><G55/><T51/><D37/><U42/><E42/><V134/><F134/><W34/><G131/><RYUUKYOKU ba="0,0" sc="250,10,250,10,250,10,250,-30" hai0="18,19,41,44,50,51,52,58,60,64,83,86,88" hai1="27,28,48,49,85,89,91,92,94,98" hai2="2,6,9,17,23,24,45,47,68,69" /><INIT seed="0,1,0,0,2,113" ten="260,260,260,220" oya="0" hai0="28,55,76,24,47,111,14,130,80,29,41,20,88" hai1="49,108,65,63,1,38,127,51,131,22,43,103,4" hai2="32,30,105,58,100,92,39,112,37,54,104,62,79" hai3="0,17,135,122,107,26,34,91,44,82,10,126,52"/><T42/><D130/><U16/><E108/><V124/><F112/><W75/><G107/><T73/><D111/><U134/><E131/><V2/><F2/><W35/><G126/><T12/><D28/><U72/><E134/><V110/><F110/><W97/><G135/><T83/><D55/><U40/><E72/><V36/><F124/><W46/><G46/><T5/><D5/><U71/><E127/><V114/><F114/><W117/><G122/><T31/><D31/><U6/><E103/><V118/><F79/><W33/><G0/><T84/><REACH who="0" step="1"/><D42/><REACH who="0" ten="250,260,260,220" step="2"/><U9/><E6/><V69/><F30/><W81/><G35/><T3/><D3/><U23/><E23/><V60/><F32/><W106/><G34/><T27/><D27/><U66/><E66/><V101/><F54/><W57/><G26/><T21/><D21/><U59/><E43/><V94/><F36/><AGARI ba="1,1" hai="12,14,20,24,29,36,41,47,73,76,80,83,84,88" machi="36" ten="30,5800,0" yaku="1,1,7,1,54,1,53,0" doraHai="113" doraHaiUra="115" who="0" fromWho="2" sc="250,71,260,0,260,-61,220,0" /><INIT seed="0,2,0,3,3,99" ten="321,260,199,220" oya="0" hai0="12,34,53,40,116,15,51,94,70,2,71,6,123" hai1="127,33,109,88,120,49,98,111,129,121,89,41,86" hai2="52,69,61,95,18,19,128,27,101,119,117,16,104" hai3="90,28,37,58,76,67,9,92,65,106,11,14,48"/><T26/><D116/><N who="2" m="44618" /><F104/><W22/><G37/><T87/><D123/><N who="1" m="47179" /><E33/><V135/><F135/><W105/><G76/><T108/><D108/><N who="1" m="41547" /><E49/><V57/><F69/><W97/><G11/><T115/><D71/><U29/><E41/><V85/><F128/><W110/><G110/><T62/><D40/><U43/><E43/><V39/><F39/><W75/><G75/><T125/><D62/><U44/><E44/><V74/><F74/><W30/><G30/><T13/><D51/><U126/><E29/><V5/><F5/><W42/><G67/><T17/><D6/><U21/><E21/><N who="2" m="13759" /><F85/><W20/><G65/><T72/><D34/><U24/><E24/><V3/><F3/><W63/><G63/><T36/><D26/><U122/><N who="1" m="47187" /><U31/><DORA hai="93" /><E31/><V68/><F68/><W81/><G28/><T114/><D2/><U64/><E64/><V118/><N who="2" m="44626" /><V47/><DORA hai="80" /><F47/><W0/><G0/><T45/><D45/><U79/><E129/><V133/><F133/><W50/><G50/><T10/><D70/><U66/><E66/><V60/><F61/><W124/><G42/><T56/><D36/><U112/><E112/><V100/><F95/><W134/><G134/><T46/><D46/><U103/><E103/><BYE who="1" /><AGARI ba="2,0" hai="16,18,52,57,60,100,101,103" m="13759,44626" machi="103" ten="40,12000,2" yaku="12,1,52,3,54,2" doraHai="99,93,80" who="2" fromWho="1" sc="321,0,260,-126,199,126,220,0" /><UN n1="%E5%86%B7%E5%87%8D%E3%82%AE%E3%83%A7%E3%83%BC%E3%82%B6" /><INIT seed="1,0,0,3,1,85" ten="321,134,325,220" oya="1" hai0="50,42,46,107,37,115,20,29,125,66,130,43,117" hai1="32,92,112,78,73,126,27,65,128,72,71,110,132" hai2="30,90,54,70,60,16,5,25,118,31,56,19,81" hai3="28,127,69,129,93,119,101,61,8,35,104,113,79"/><U98/><E112/><V0/><F118/><W4/><BYE who="1" /><G113/><T96/><D117/><U134/><E134/><V106/><F106/><W7/><G7/><T9/><D115/><U77/><E77/><V80/><F70/><W1/><G119/><T63/><D130/><U40/><E40/><V76/><F0/><W122/><G93/><T39/><D125/><U13/><E13/><V23/><F5/><W51/><G51/><T38/><D9/><U86/><E86/><N who="2" m="48391" /><F19/><W33/><G127/><T3/><D3/><U99/><E99/><V47/><F47/><W14/><G14/><T22/><D96/><U108/><E108/><V6/><F6/><W75/><G122/><T64/><D107/><U109/><E109/><V121/><F121/><W55/><G55/><T131/><D131/><U11/><E11/><V2/><F2/><W100/><G101/><T15/><D66/><U135/><E135/><V36/><F36/><W59/><G28/><T89/><D29/><U45/><E45/><V123/><F123/><W67/><G129/><T91/><D43/><U44/><E44/><V18/><F18/><W62/><G100/><T74/><D74/><U10/><E10/><V41/><F41/><W124/><G104/><T111/><D111/><U87/><E87/><AGARI ba="0,0" hai="16,23,25,30,31,54,56,60,81,87,90" m="48391" machi="87" ten="30,3900,0" yaku="8,1,52,1,54,1" doraHai="85" who="2" fromWho="1" sc="321,0,134,-39,325,39,220,0" /><INIT seed="2,0,0,2,3,52" ten="321,95,364,220" oya="2" hai0="8,32,120,61,77,36,107,72,45,56,85,87,25" hai1="126,63,91,13,27,79,104,130,97,115,64,33,58" hai2="96,55,53,12,108,39,112,101,29,21,76,41,17" hai3="49,43,109,48,100,4,99,86,1,93,59,15,28"/><V94/><F112/><W65/><G109/><T117/><D120/><U60/><E60/><V118/><F118/><W132/><G1/><T124/><D107/><U131/><E131/><V125/><F125/><W113/><G113/><T51/><D36/><U82/><E82/><V38/><F108/><W5/><G132/><T47/><D124/><U44/><E44/><V90/><F76/><W111/><G111/><T135/><D135/><U102/><E102/><V2/><F2/><W42/><G28/><T88/><D72/><U24/><E24/><V73/><F73/><W89/><G48/><T127/><D117/><U74/><E74/><V92/><F29/><W14/><G14/><T35/><D8/><U37/><E37/><V83/><F83/><W78/><G78/><T129/><D129/><U133/><E133/><V26/><F26/><W7/><G15/><T6/><D6/><U98/><E98/><V11/><F11/><W81/><REACH who="3" step="1"/><G49/><REACH who="3" ten="321,95,364,210" step="2"/><T40/><D127/><U20/><E20/><V116/><F39/><W23/><G23/><T34/><D25/><U71/><E71/><V122/><F116/><W70/><G70/><T10/><D10/><U0/><E0/><V106/><F38/><W103/><G103/><T110/><D110/><U50/><E50/><V69/><F101/><W84/><G84/><T105/><D77/><U31/><E31/><V75/><F21/><W57/><G57/><T114/><D114/><U62/><E62/><AGARI ba="0,1" hai="4,5,7,42,43,59,62,65,81,86,89,93,99,100" machi="62" ten="40,5200,0" yaku="1,1,8,1,52,1,53,0" doraHai="52" doraHaiUra="67" who="3" fromWho="1" sc="321,0,95,-52,364,0,210,62" /><INIT seed="3,0,0,0,5,75" ten="321,43,364,272" oya="3" hai0="88,10,67,92,56,24,122,74,90,130,124,37,18" hai1="131,116,113,77,79,2,129,87,83,22,12,97,132" hai2="108,9,27,3,49,73,13,71,114,115,106,82,101" hai3="63,26,125,21,119,31,118,68,52,28,17,65,48"/><W41/><G125/><T55/><D122/><U117/><E117/><V80/><F71/><W112/><G112/><T20/><D124/><U1/><E1/><V69/><F69/><W72/><G41/><T14/><D37/><U46/><E46/><V61/><F3/><W84/><G72/><T25/><D74/><U33/><E33/><V107/><F61/><W11/><G31/><T42/><D42/><U62/><E62/><V126/><F126/><W51/><G51/><N who="0" m="30847" /><D130/><U45/><E45/><V103/><F108/><W110/><G110/><T57/><D24/><U50/><E50/><V96/><F27/><W16/><G17/><T39/><D39/><U86/><E86/><V58/><F58/><W81/><G11/><T134/><D134/><U133/><E133/><V95/><F49/><W104/><G104/><T102/><D57/><U120/><E120/><V93/><F73/><W98/><G98/><N who="0" m="59719" /><D67/><U38/><E38/><V64/><F64/><W78/><G28/><AGARI ba="0,0" hai="10,14,18,20,25,28,88,90" m="59719,30847" machi="28" ten="30,2000,0" yaku="8,1,54,1" doraHai="75" who="0" fromWho="3" sc="321,20,43,0,364,0,272,-20" owari="341,14.1,43,-45.7,364,46.4,252,-14.8" /></mjloggm>