<mjloggm ver="2.3"><GO type="225" lobby="0"/><UN n0="%E3%81%B5%E3%81%98%E3%81%8B%E3%81%A4" n1="%E5%A4%9C%E5%85%89%E5%A4%A9%E6%A5%BC" n2="%E7%B4%94%E6%BD%94%E3%83%94%E3%83%A9%E3%83%8B%E3%82%A2" n3="%E4%BF%BA%E3%81%A8%E5%A6%96%E5%A4%A2" dan="17,16,17,17" rate="2196.02,2128.63,2253.40,2168.93" sx="M,F,M,F"/><TAIKYOKU oya="0"/><INIT seed="0,0,0,4,5,82" ten="250,250,250,250" oya="0" hai0="90,86,93,135,70,22,63,84,133,124,59,115,98" hai1="110,52,42,113,66,9,32,3,51,85,25,13,11" hai2="102,107,37,112,130,116,105,64,104,62,10,73,120" hai3="108,74,72,126,23,65,35,131,4,19,14,118,38"/><T127/><D70/><U106/><E110/><V78/><F112/><W100/><G118/><T20/><D115/><U101/><E113/><V83/><F120/><W50/><G38/><T43/><D43/><U58/><E3/><V109/><F109/><W88/><G108/><T111/><D20/><U87/><E42/><V24/><F37/><W122/><G122/><T40/><D40/><U121/><E121/><V54/><F116/><W53/><G35/><T81/><D22/><U36/><E66/><V49/><F24/><W55/><G131/><T41/><D41/><U44/><E44/><V77/><F77/><W21/><G126/><N who="0" m="48171" /><D111/><U119/><E9/><V56/><F10/><W75/><G100/><T79/><D98/><U69/><E69/><V0/><F0/><W91/><G65/><AGARI ba="0,0" hai="59,63,65,79,81,84,86,90,93,133,135" m="48171" machi="65" ten="30,5800,0" yaku="18,1,52,2" doraHai="82" who="0" fromWho="3" sc="250,58,250,0,250,0,250,-58" /><INIT seed="0,1,0,2,4,16" ten="308,250,250,192" oya="0" hai0="14,76,52,59,111,101,18,66,97,78,54,73,32" hai1="51,71,50,63,114,58,131,53,55,85,86,19,45" hai2="128,48,27,109,49,120,113,90,135,1,25,127,0" hai3="39,103,29,133,110,132,62,24,17,36,28,130,124"/><T40/><D32/><U67/><E131/><V117/><F90/><W8/><G130/><T4/><D4/><U119/><E119/><V125/><F128/><W72/><G72/><T22/><D40/><U81/><E114/><V69/><F69/><W12/><G110/><T88/><D111/><U11/><E11/><V15/><F15/><W33/><G124/><T79/><D73/><U118/><E118/><V38/><F38/><W5/><G103/><T91/><D66/><U44/><E19/><V34/><F34/><W126/><G126/><T93/><D54/><U99/><E99/><V37/><F37/><W68/><G29/><T134/><D134/><N who="3" m="51817" /><G17/><T21/><D21/><U94/><E94/><V98/><F117/><W95/><G95/><T23/><D23/><U43/><REACH who="1" step="1"/><E81/><REACH who="1" ten="308,240,250,192" step="2"/><V61/><F135/><W31/><G31/><T82/><REACH who="0" step="1"/><D82/><REACH who="0" ten="298,240,250,192" step="2"/><U64/><E64/><AGARI ba="1,2" hai="5,8,12,24,28,33,36,39,62,64,68" m="51817" machi="64" ten="30,1000,0" yaku="20,1" doraHai="16" who="3" fromWho="1" sc="298,0,240,-13,250,0,192,33" /><INIT seed="1,0,0,4,2,74" ten="298,227,250,225" oya="1" hai0="35,50,135,134,23,109,114,93,68,43,97,26,18" hai1="108,59,131,70,4,21,119,85,76,20,15,127,19" hai2="6,125,99,86,27,69,71,25,130,10,91,11,17" hai3="133,94,30,102,28,3,118,120,47,132,29,73,64"/><U67/><E119/><V81/><F125/><W37/><G120/><T82/><D114/><U96/><E127/><V100/><F130/><W123/><G123/><T78/><D68/><U12/><E131/><V22/><F27/><W7/><G118/><T110/><D35/><U44/><E70/><V49/><F49/><W95/><G73/><N who="0" m="43343" /><D50/><U8/><E108/><N who="0" m="41577" /><D43/><U46/><E96/><V32/><F32/><W66/><G7/><T2/><D2/><U13/><E13/><V88/><F10/><W45/><G3/><T106/><D106/><U39/><E21/><V72/><F72/><W83/><G83/><T122/><D122/><U33/><E33/><V113/><F113/><W61/><G37/><T40/><D40/><U116/><E39/><V36/><F36/><W124/><G124/><T0/><D0/><U105/><E105/><V115/><F115/><W126/><G126/><T52/><D52/><U56/><E116/><V16/><F17/><W101/><G30/><T51/><D51/><U84/><E76/><N who="2" m="46375" /><F69/><W62/><AGARI ba="0,0" hai="28,29,45,47,61,62,64,66,94,95,101,102,132,133" machi="62" ten="25,3200,0" yaku="0,1,22,2" doraHai="74" who="3" fromWho="3" sc="298,-8,227,-16,250,-8,225,32" /><INIT seed="2,0,0,1,5,120" ten="290,211,242,257" oya="2" hai0="80,41,128,107,99,27,121,94,67,105,118,52,51" hai1="115,43,30,116,133,42,122,13,58,114,48,69,9" hai2="49,47,108,130,124,15,106,126,78,101,97,91,79" hai3="89,28,98,129,18,88,17,12,125,104,44,5,60"/><V63/><F130/><W24/><G129/><T0/><D121/><U77/><E116/><V82/><F63/><W45/><G125/><N who="2" m="48233" /><F15/><W1/><G60/><T109/><D118/><U131/><E131/><V40/><F91/><W102/><G1/><T62/><D0/><U39/><E69/><V95/><F106/><W22/><G5/><T61/><D41/><U53/><E122/><V96/><F96/><W57/><G57/><T66/><D80/><U34/><E77/><N who="2" m="29195" /><F82/><W85/><G18/><T100/><D27/><U112/><E133/><V59/><F59/><W26/><G26/><T75/><D75/><U111/><E115/><V135/><F135/><W81/><REACH who="3" step="1"/><G89/><REACH who="3" ten="290,211,242,247" step="2"/><T113/><D128/><U20/><E58/><V23/><F23/><AGARI ba="0,1" hai="12,17,22,23,24,28,44,45,81,85,88,98,102,104" machi="23" ten="30,7700,0" yaku="1,1,2,1,7,1,54,1,53,0" doraHai="120" doraHaiUra="71" who="3" fromWho="2" sc="290,0,211,0,242,-77,247,87" /><INIT seed="3,0,0,0,4,125" ten="290,211,165,334" oya="3" hai0="0,120,62,83,16,124,104,87,88,39,105,93,36" hai1="30,107,76,116,64,61,56,135,4,66,117,44,59" hai2="134,33,11,26,112,68,46,129,65,97,128,95,29" hai3="21,91,14,5,118,38,52,54,60,127,99,126,71"/><W121/><G118/><N who="1" m="45674" /><E135/><V103/><F134/><W58/><G121/><T133/><D120/><U123/><E123/><V113/><F46/><W108/><G38/><T7/><D124/><N who="3" m="47657" /><G108/><T94/><D133/><U89/><E107/><N who="2" m="63983" /><F11/><N who="3" m="4463" /><G71/><T92/><D105/><U24/><E4/><V79/><F79/><W43/><G43/><T86/><D104/><U57/><E76/><V78/><F78/><W9/><G9/><T77/><D7/><U25/><E44/><V27/><F27/><N who="1" m="10313" /><E30/><V8/><F8/><W101/><G91/><T130/><D0/><U74/><E74/><V12/><F12/><W49/><G21/><T81/><D39/><U119/><N who="1" m="45682" /><U41/><DORA hai="84" /><E41/><V69/><F95/><N who="3" m="58623" /><G49/><T17/><D36/><U2/><E2/><V131/><F69/><W22/><G22/><T53/><D93/><U100/><E100/><V111/><F111/><W20/><G20/><T96/><D94/><U63/><E89/><V122/><F122/><W115/><G115/><T51/><D51/><U19/><E19/><V10/><F10/><W35/><G35/><T85/><D17/><U18/><E18/><V28/><F29/><W48/><G48/><T70/><D16/><U32/><E32/><V98/><F98/><W37/><G37/><T55/><D70/><AGARI ba="0,0" hai="56,57,59,61,63,64,66,70" m="10313,45682" machi="70" ten="40,1300,0" yaku="12,1" doraHai="125,84" who="1" fromWho="0" sc="290,-13,211,13,165,0,334,0" owari="277,7.7,224,-17.6,165,-33.5,334,43.4" /></mjloggm>