<mjloggm ver="2.3"><GO type="225" lobby="0"/><UN n0="%E5%B0%8F%E9%B3%A5%E9%81%8A%E7%B7%B4%E7%84%A1%32%31%E6%AD%B3" n1="%72%61%6B%33" n2="%74%61%6B%75%61%6B%61" n3="%E3%81%BE%E3%81%A8%E3%81%9F" dan="16,16,16,16" rate="2197.36,2154.99,2103.29,2103.80" sx="F,M,M,M"/><TAIKYOKU oya="0"/><INIT seed="0,0,0,0,5,90" ten="250,250,250,250" oya="0" hai0="21,47,89,131,30,65,113,56,40,111,17,80,33" hai1="64,134,102,59,83,103,101,12,69,91,41,132,109" hai2="93,53,71,119,123,55,100,73,105,97,1,130,50" hai3="128,24,61,27,135,20,133,42,48,104,94,25,125"/><T9/><D113/><U29/><E69/><V2/><F123/><W32/><G104/><T76/><D131/><U106/><E41/><V92/><F130/><W62/><G32/><T45/><D33/><U15/><E106/><V52/><F119/><W10/><G128/><T26/><D111/><U112/><E29/><V115/><F115/><W75/><G75/><T66/><D47/><U70/><E70/><V68/><F73/><W85/><G20/><T120/><D56/><U99/><E109/><V86/><F50/><W19/><G125/><T13/><D89/><U34/><E34/><V35/><F35/><W58/><G94/><T44/><D44/><U3/><E3/><V0/><REACH who="2" step="1"/><F105/><REACH who="2" ten="250,250,240,250" step="2"/><W72/><G48/><T14/><D120/><U16/><E112/><V82/><F82/><W116/><G72/><T118/><D118/><U124/><E83/><V60/><F60/><W18/><G61/><T81/><D81/><U84/><E124/><V36/><F36/><W63/><G62/><T98/><D80/><U74/><E74/><V110/><F110/><W114/><G114/><T88/><D76/><U4/><E134/><V7/><F7/><W96/><G133/><T28/><D45/><U8/><E132/><V67/><F67/><N who="0" m="25610" /><D40/><U23/><E64/><V87/><F87/><W39/><G42/><T117/><D117/><U95/><E84/><V78/><F78/><W37/><G116/><T122/><D122/><U127/><E127/><V43/><F43/><W49/><G135/><T38/><D38/><U51/><E51/><V31/><F31/><N who="0" m="11818" /><D9/><U121/><E121/><RYUUKYOKU ba="0,1" sc="250,10,250,10,240,10,250,-30" hai0="13,14,17,21,26,88,98" hai1="4,8,12,15,16,23,59,91,95,99,101,102,103" hai2="0,1,2,52,53,55,68,71,86,92,93,97,100" /><INIT seed="0,1,1,4,0,111" ten="260,260,250,220" oya="0" hai0="44,97,2,106,71,1,76,81,6,27,37,130,80" hai1="79,43,48,74,124,30,50,84,40,9,118,31,26" hai2="119,120,83,127,39,42,0,135,126,90,32,4,41" hai3="72,46,18,8,57,117,36,23,63,125,110,20,35"/><T54/><D71/><U34/><E118/><V56/><F120/><W13/><G35/><T92/><D106/><U65/><E74/><V77/><F135/><W53/><G117/><T61/><D130/><U104/><E104/><V7/><F119/><W123/><G110/><T28/><D80/><U112/><E124/><N who="2" m="47659" /><F32/><W100/><G125/><T47/><D1/><U95/><E65/><V107/><F107/><W49/><G123/><T51/><D37/><U78/><E9/><N who="2" m="2183" /><F7/><W70/><G72/><T114/><D6/><U64/><E64/><V98/><F56/><W5/><G100/><T121/><D2/><U91/><E34/><V75/><F39/><W11/><G36/><T134/><D134/><U99/><E26/><V19/><F19/><W25/><G70/><T116/><D116/><U109/><E109/><V17/><F17/><W88/><G11/><T132/><D121/><U82/><E78/><V55/><F55/><N who="3" m="30135" /><G20/><T58/><D132/><U93/><E30/><V101/><F101/><W131/><G131/><T15/><D28/><U60/><E31/><V69/><F69/><W24/><G24/><T14/><D27/><U12/><E12/><V59/><F59/><W89/><AGARI ba="1,1" hai="5,8,13,18,23,25,53,57,63,88,89" m="30135" machi="89" ten="30,2000,0" yaku="8,1,54,1" doraHai="111" who="3" fromWho="3" sc="260,-11,260,-6,250,-6,220,33" /><INIT seed="1,0,0,0,2,116" ten="249,254,244,253" oya="1" hai0="88,76,18,59,84,99,128,96,129,65,68,103,3" hai1="80,44,86,60,5,112,71,66,105,45,82,9,29" hai2="115,122,89,78,52,57,104,21,7,101,39,2,69" hai3="100,133,47,130,77,15,63,91,113,62,67,55,51"/><U13/><E112/><V16/><F69/><W54/><G113/><T46/><D3/><U117/><E117/><V106/><F39/><W28/><G130/><N who="0" m="50283" /><D68/><U24/><E105/><V35/><F35/><W134/><G100/><T79/><D46/><U110/><E110/><V107/><F115/><W108/><G77/><N who="0" m="29771" /><D18/><U20/><E82/><V90/><F78/><AGARI ba="0,0" hai="5,9,13,20,24,29,44,45,60,66,71,78,80,86" machi="78" ten="30,1500,0" yaku="7,1" doraHai="116" who="1" fromWho="2" sc="249,0,254,15,244,-15,253,0" /><INIT seed="1,1,0,0,0,16" ten="249,269,229,253" oya="1" hai0="127,65,108,62,29,133,73,132,27,53,31,78,52" hai1="44,107,81,120,42,9,97,89,135,41,72,113,12" hai2="95,112,98,1,43,25,38,67,58,0,121,47,79" hai3="46,56,77,49,35,26,4,101,30,61,24,66,14"/><U13/><E113/><V94/><F121/><W76/><G101/><T84/><D73/><U21/><E120/><V116/><F116/><W100/><G100/><T57/><D108/><U18/><E135/><N who="0" m="51785" /><D127/><U104/><E97/><V10/><F112/><W11/><REACH who="3" step="1"/><G26/><REACH who="3" ten="249,269,229,243" step="2"/><T93/><D31/><U55/><E107/><V39/><F25/><W40/><AGARI ba="1,1" hai="4,11,14,24,30,35,40,46,49,56,61,66,76,77" machi="40" ten="20,5200,0" yaku="1,1,2,1,0,1,7,1,53,0" doraHai="16" doraHaiUra="124" who="3" fromWho="3" sc="249,-14,269,-27,229,-14,243,65" /><INIT seed="2,0,0,2,4,28" ten="235,242,215,308" oya="2" hai0="71,25,104,40,122,39,11,58,91,17,112,12,45" hai1="34,129,42,134,24,27,93,130,7,37,16,72,36" hai2="35,32,54,111,75,115,22,118,120,8,48,68,76" hai3="49,38,53,98,61,50,109,5,87,135,46,44,6"/><V59/><F120/><W26/><G38/><T30/><D71/><U106/><E106/><V132/><F118/><W55/><G109/><T14/><D112/><U113/><E113/><V9/><F115/><W85/><G61/><T108/><D108/><U94/><E72/><V92/><F68/><W77/><G98/><T131/><D131/><U95/><E134/><V57/><F111/><W89/><G26/><T97/><D122/><U29/><E7/><V107/><F107/><W1/><G1/><T52/><D14/><U127/><E127/><V18/><F132/><W19/><G19/><T13/><D13/><U0/><E0/><V121/><F121/><W74/><G74/><T119/><D119/><U99/><E99/><V116/><F116/><W103/><G103/><T96/><D91/><U126/><E126/><V20/><F59/><W117/><G117/><T73/><D73/><U101/><E101/><V33/><F92/><N who="3" m="54319" /><G135/><T66/><D66/><U83/><E83/><AGARI ba="0,0" hai="5,6,44,46,49,50,53,55,77,83,87" m="54319" machi="83" ten="30,1000,0" yaku="8,1" doraHai="28" who="3" fromWho="1" sc="235,0,242,-10,215,0,308,10" /><INIT seed="3,0,0,1,2,22" ten="235,232,215,318" oya="3" hai0="47,120,82,4,8,71,70,31,132,18,3,107,108" hai1="127,37,49,54,119,86,6,67,123,38,95,7,65" hai2="26,84,48,10,51,40,109,131,74,12,97,72,99" hai3="9,68,80,73,42,85,15,52,103,28,50,77,121"/><W24/><G68/><T36/><D108/><U91/><E123/><V41/><F109/><W43/><G73/><T105/><D120/><U61/><E127/><V17/><F131/><W81/><G81/><T124/><D18/><U130/><E130/><V29/><F72/><W117/><G103/><T66/><D132/><U94/><E119/><V34/><F74/><W76/><G76/><T53/><D53/><U101/><E37/><V57/><F84/><W56/><G117/><T14/><D14/><U92/><E38/><V110/><F110/><W46/><G56/><T32/><D82/><N who="1" m="49623" /><E101/><V125/><F125/><W23/><G121/><T44/><D44/><N who="1" m="27943" /><E61/><V78/><F78/><W100/><G100/><T128/><D128/><U58/><E58/><V21/><F34/><W93/><G93/><T16/><D124/><U55/><E55/><N who="2" m="31975" /><F51/><W39/><G39/><T19/><D71/><U83/><E83/><V75/><F75/><W2/><G2/><T25/><D105/><U113/><E113/><V135/><F135/><W90/><G77/><T89/><D107/><U64/><AGARI ba="0,0" hai="6,7,64,65,67,92,94,95" m="27943,49623" machi="64" ten="30,1100,0" yaku="8,1" doraHai="22" who="1" fromWho="1" sc="235,-3,232,11,215,-3,318,-5" owari="232,-16.8,243,4.3,212,-28.8,313,41.3" /></mjloggm>