<mjloggm ver="2.3"><GO type="225" lobby="0"/><UN n0="%E3%81%A8%E3%82%93%E3%81%A8%E3%81%93%E3%81%A8%E3%82%93" n1="%73%6C%69%63%6B%33%31%39" n2="%E3%81%86%E3%81%A9%E3%82%93%E3%81%93" n3="%6B%75%7A%75%6E" dan="16,16,16,17" rate="2154.24,2082.65,2154.95,2178.23" sx="F,M,M,M"/><TAIKYOKU oya="0"/><INIT seed="0,0,0,0,0,88" ten="250,250,250,250" oya="0" hai0="131,42,102,15,100,22,126,95,47,62,7,64,49" hai1="0,116,55,92,135,96,14,50,52,129,10,51,41" hai2="45,43,101,128,19,73,23,90,13,70,79,20,66" hai3="89,117,58,53,78,25,91,68,111,67,28,106,33"/><T2/><D2/><U9/><E116/><V118/><F118/><W30/><G117/><T104/><D104/><U32/><E32/><V119/><F119/><W94/><G111/><T84/><D131/><U74/><E74/><V27/><F128/><W24/><G106/><T114/><D114/><U120/><E120/><V109/><F109/><W76/><G68/><T85/><D126/><U6/><E135/><V69/><F101/><W81/><G67/><T61/><D61/><U17/><E129/><V36/><F66/><W132/><G81/><T83/><D85/><U46/><REACH who="1" step="1"/><E50/><REACH who="1" ten="250,240,250,250" step="2"/><V98/><F73/><W39/><G132/><T103/><D49/><U121/><E121/><V80/><F79/><W133/><G133/><T3/><D102/><AGARI ba="0,1" hai="0,6,9,10,14,17,41,46,51,52,55,92,96,102" machi="102" ten="30,7700,0" yaku="1,1,7,1,52,1,54,1,53,0" doraHai="88" doraHaiUra="108" who="1" fromWho="0" sc="250,-77,240,87,250,0,250,0" /><INIT seed="1,0,0,3,5,104" ten="173,327,250,250" oya="1" hai0="109,9,73,68,53,94,121,99,97,74,133,72,95" hai1="98,130,81,82,129,132,113,93,87,76,4,36,20" hai2="110,30,10,85,126,83,107,66,62,92,96,128,117" hai3="134,48,22,47,54,116,67,13,29,19,37,6,84"/><U3/><E36/><V14/><F117/><W45/><G134/><T119/><D68/><U108/><E3/><V44/><F110/><W112/><G112/><T17/><D119/><U63/><E4/><V56/><F128/><N who="1" m="49257" /><E63/><V34/><F107/><W77/><G116/><T49/><D109/><U38/><E38/><V65/><F126/><W118/><G118/><T31/><D31/><U52/><E20/><V120/><F120/><W70/><G70/><T100/><D133/><U32/><E32/><V18/><F44/><W60/><G6/><T39/><D39/><U55/><E108/><V69/><F34/><W91/><G77/><T23/><D9/><U114/><E81/><V125/><F125/><W27/><G37/><T26/><D121/><U79/><E79/><N who="2" m="46335" /><F69/><W28/><G45/><T15/><D26/><U88/><E132/><V90/><F30/><W24/><G29/><T61/><D61/><U40/><E40/><V127/><F127/><W80/><G28/><T50/><REACH who="0" step="1"/><D53/><AGARI ba="0,0" hai="52,53,55,76,82,87,88,93,98,113,114" m="49257" machi="53" ten="30,5800,0" yaku="19,1,54,2" doraHai="104" who="1" fromWho="0" sc="173,-58,327,58,250,0,250,0" /><AGARI ba="0,0" hai="10,14,18,53,56,62,65,66,90,92,96" m="46335" machi="53" ten="30,1000,0" yaku="8,1" doraHai="104" who="2" fromWho="0" sc="115,-10,385,0,250,10,250,0" /><INIT seed="1,1,0,4,0,22" ten="105,385,260,250" oya="1" hai0="116,55,131,6,39,33,27,105,121,35,38,100,32" hai1="87,14,18,130,71,125,36,2,61,128,37,15,84" hai2="80,40,45,7,127,11,28,134,124,34,9,72,1" hai3="86,132,41,25,5,51,49,58,73,97,56,63,46"/><U59/><E2/><V90/><F90/><W114/><G73/><T29/><D116/><U126/><E71/><V79/><F11/><W111/><G114/><T112/><D112/><U120/><E120/><V93/><F93/><W103/><G111/><T89/><D121/><U19/><E59/><V95/><F95/><W48/><G132/><T62/><D131/><U43/><E43/><V119/><F119/><W30/><G5/><T83/><D6/><U94/><E94/><V66/><F66/><W54/><G86/><T107/><D89/><U4/><E61/><V52/><F52/><W129/><G129/><T85/><D55/><U135/><REACH who="1" step="1"/><E4/><REACH who="1" ten="105,375,260,250" step="2"/><V10/><F134/><AGARI ba="1,1" hai="14,15,18,19,36,37,84,87,125,126,128,130,134,135" machi="134" ten="25,9600,0" yaku="1,1,2,1,22,2,53,0" doraHai="22" doraHaiUra="122" who="1" fromWho="2" sc="105,0,375,109,260,-99,250,0" /><INIT seed="1,2,0,4,5,127" ten="105,484,161,250" oya="1" hai0="49,93,66,20,11,65,106,87,74,42,81,0,135" hai1="80,34,23,85,72,113,109,50,82,90,128,71,38" hai2="102,68,121,27,92,44,95,76,120,62,30,133,19" hai3="43,78,35,88,51,98,10,99,108,86,15,22,61"/><U53/><E34/><V28/><F133/><W134/><G108/><T18/><D106/><U6/><E38/><V89/><F19/><W47/><G35/><T2/><D74/><U105/><E113/><V96/><F76/><W91/><G134/><T4/><D135/><U59/><E105/><V31/><F27/><W132/><G132/><T84/><D0/><U33/><E33/><V58/><F68/><W119/><G119/><T9/><D9/><U8/><E71/><V45/><F120/><W48/><G22/><T107/><D107/><U79/><E23/><V64/><REACH who="2" step="1"/><F121/><REACH who="2" ten="105,484,151,250" step="2"/><W130/><G78/><T69/><D69/><U117/><E117/><V63/><F63/><W73/><G61/><T54/><D42/><U111/><REACH who="1" step="1"/><E128/><REACH who="1" ten="105,474,151,250" step="2"/><V129/><F129/><W123/><G130/><T94/><D66/><U36/><E36/><V75/><F75/><W100/><G73/><T29/><D65/><U37/><E37/><V57/><F57/><W16/><G123/><T126/><D126/><U5/><E5/><V7/><F7/><W46/><G46/><T52/><D4/><U70/><E70/><V124/><F124/><W13/><G47/><T115/><D115/><U14/><AGARI ba="2,2" hai="6,8,14,50,53,59,72,79,80,82,85,90,109,111" machi="14" ten="30,3000,0" yaku="1,1,0,1,53,0" doraHai="127" doraHaiUra="26" who="1" fromWho="1" sc="105,-12,474,56,151,-12,250,-12" /><INIT seed="1,3,0,1,4,50" ten="93,530,139,238" oya="1" hai0="7,94,113,104,73,34,134,124,18,10,16,133,13" hai1="101,62,98,68,47,56,9,78,33,107,5,40,120" hai2="83,129,71,31,15,109,84,96,32,69,57,91,80" hai3="66,88,74,46,30,6,100,92,36,45,54,3,1"/><U65/><E120/><V70/><F109/><W35/><G74/><T77/><D104/><U130/><E130/><V22/><F129/><W99/><G66/><T102/><D73/><U119/><E119/><V29/><F32/><W123/><G123/><T43/><D77/><U121/><E121/><V26/><F31/><W23/><G35/><T63/><D43/><U90/><E33/><V76/><F15/><W117/><G117/><T75/><D75/><U27/><E78/><V106/><F57/><W110/><G6/><T0/><D63/><U4/><E90/><V112/><F112/><W24/><G24/><T61/><D61/><U39/><E27/><V20/><F20/><W19/><G36/><T49/><D49/><U81/><E81/><V128/><F128/><W55/><G3/><T21/><D94/><U8/><E9/><V48/><F48/><W52/><G1/><T86/><D86/><U135/><E135/><N who="0" m="51721" /><D102/><U51/><E8/><V95/><F80/><W87/><G30/><T131/><D113/><U14/><E14/><V93/><F93/><N who="3" m="54431" /><G110/><T125/><D131/><U126/><E126/><N who="0" m="48745" /><D34/><U42/><E42/><V116/><F116/><W118/><G118/><T2/><D18/><U60/><REACH who="1" step="1"/><E39/><REACH who="1" ten="93,520,139,238" step="2"/><V12/><F76/><W103/><G103/><T108/><D108/><U97/><E97/><V89/><F83/><W115/><G115/><T105/><D105/><U25/><E25/><AGARI ba="3,1" hai="0,2,7,10,13,16,21,25" m="48745,51721" machi="25" ten="30,8000,1" yaku="20,1,18,1,34,2,54,1" doraHai="50" who="0" fromWho="1" sc="93,99,520,-89,139,0,238,0" /><INIT seed="2,0,0,1,4,69" ten="192,431,139,238" oya="2" hai0="96,111,62,24,120,64,32,127,13,8,114,50,110" hai1="119,134,132,45,0,43,6,71,130,91,30,115,93" hai2="37,100,128,19,1,70,34,51,85,26,58,98,95" hai3="21,106,113,78,38,57,133,87,107,90,86,22,25"/><V10/><F70/><W117/><G117/><T39/><D114/><U125/><E71/><V61/><F128/><W28/><G38/><T118/><D120/><U75/><E75/><V48/><F37/><W79/><G133/><N who="1" m="51306" /><E115/><V5/><F85/><W129/><G113/><T54/><D127/><U103/><E119/><V67/><REACH who="2" step="1"/><F19/><REACH who="2" ten="192,431,129,238" step="2"/><N who="3" m="12479" /><G129/><T102/><D39/><U82/><E130/><V35/><F35/><W11/><G87/><T3/><D32/><U77/><E125/><V49/><F49/><W2/><G86/><T123/><D50/><U122/><E122/><V65/><F65/><W42/><G78/><T41/><D64/><U63/><E63/><V105/><F105/><W83/><G79/><T80/><D62/><U36/><E77/><V66/><F66/><W12/><G107/><T89/><D123/><U9/><E36/><V92/><F92/><W124/><G106/><T27/><D118/><U16/><E82/><V68/><F68/><W101/><G83/><T44/><D80/><U18/><E93/><V52/><F52/><W99/><G124/><T40/><D54/><U53/><E53/><V4/><F4/><W15/><G42/><T76/><D41/><U29/><E43/><V73/><F73/><W112/><G112/><T81/><D40/><U46/><E18/><V74/><F74/><W23/><G99/><T131/><D96/><U7/><E16/><V109/><F109/><W47/><G47/><T14/><D131/><U72/><E7/><V116/><F116/><W56/><G56/><T55/><D81/><U108/><E72/><V94/><F94/><RYUUKYOKU ba="0,1" sc="192,-10,431,-10,129,30,238,-10" hai2="1,5,10,26,34,48,51,58,61,67,95,98,100" /><INIT seed="2,1,1,1,2,97" ten="182,421,159,228" oya="2" hai0="68,88,23,123,86,25,49,107,41,53,133,61,40" hai1="75,33,103,78,1,36,63,84,10,90,7,52,74" hai2="126,105,79,30,89,69,48,50,64,45,120,108,21" hai3="57,27,34,98,72,56,77,96,102,132,18,32,3"/><V51/><F120/><W54/><G132/><T39/><D107/><U31/><E36/><V26/><F126/><W67/><G3/><T118/><D39/><U12/><E103/><V16/><F108/><W124/><G124/><T113/><D113/><U83/><E33/><V14/><F79/><W38/><G38/><T44/><D118/><U6/><E31/><V60/><F105/><W28/><G96/><T55/><D133/><U95/><E74/><V134/><F134/><W19/><G34/><T42/><D123/><U104/><E104/><V87/><F45/><W110/><G57/><N who="0" m="34991" /><D68/><U115/><E115/><V122/><F122/><W9/><G9/><T65/><D65/><U116/><E116/><V135/><F135/><W127/><G67/><T93/><D55/><U13/><E6/><V81/><REACH who="2" step="1"/><F50/><REACH who="2" ten="182,421,149,228" step="2"/><W117/><G110/><T119/><D119/><U17/><E78/><V99/><F99/><W80/><G127/><T46/><D49/><U114/><E114/><V62/><F62/><W76/><G77/><T0/><D0/><U121/><E1/><V66/><F66/><W82/><G117/><T20/><D46/><U131/><E121/><V15/><F15/><W128/><G76/><T112/><D112/><U130/><E12/><V129/><F129/><W43/><G128/><T2/><D44/><U106/><E106/><V58/><F58/><W71/><G56/><T4/><D25/><U94/><E131/><V85/><F85/><W70/><G27/><T11/><D2/><U24/><E130/><V22/><AGARI ba="1,2" hai="14,16,21,22,26,30,48,51,60,64,69,81,87,89" machi="22" ten="20,7800,0" yaku="1,1,0,1,7,1,54,1,53,0" doraHai="97" doraHaiUra="91" who="2" fromWho="2" sc="182,-27,421,-27,149,101,228,-27" /><INIT seed="2,2,0,2,3,133" ten="155,394,250,201" oya="2" hai0="38,119,104,64,85,6,60,65,126,117,103,52,7" hai1="31,94,24,17,4,80,23,1,44,14,35,21,20" hai2="41,134,99,16,26,111,109,88,28,56,90,47,46" hai3="49,45,9,95,132,54,77,113,127,92,79,71,130"/><V97/><F134/><W68/><G132/><T10/><D38/><U76/><E94/><V73/><F73/><W128/><G9/><T106/><D85/><N who="1" m="48263" /><E44/><N who="2" m="16939" /><F41/><W0/><G0/><T62/><D10/><AGARI ba="2,0" hai="1,4,10,14,17,20,21,23,24,31,35" m="48263" machi="10" ten="30,1000,0" yaku="24,1" doraHai="133" who="1" fromWho="0" sc="155,-16,394,16,250,0,201,0" /><INIT seed="3,0,0,2,4,0" ten="139,410,250,201" oya="3" hai0="76,135,32,19,77,9,17,109,36,100,132,108,66" hai1="14,134,69,59,48,11,98,63,127,33,8,126,30" hai2="57,15,78,118,121,23,99,105,120,71,112,72,93" hai3="22,34,29,111,58,13,6,20,104,128,53,54,103"/><W31/><G128/><T85/><D36/><U24/><E69/><V101/><F71/><W125/><G125/><N who="1" m="47626" /><E134/><N who="0" m="51241" /><D32/><U107/><E48/><V41/><F112/><W52/><G34/><T96/><D66/><N who="1" m="39295" /><E14/><V86/><F118/><W117/><G117/><T124/><D9/><U94/><E107/><V129/><F129/><W116/><G116/><T119/><D124/><U5/><E5/><V50/><F72/><W38/><G38/><T65/><D119/><U91/><AGARI ba="0,0" hai="8,11,24,30,33,91,94,98" m="39295,47626" machi="91" ten="30,1100,0" yaku="18,1" doraHai="0" who="1" fromWho="1" sc="139,-3,410,11,250,-3,201,-5" owari="136,-36.4,421,52.1,247,4.7,196,-20.4" /></mjloggm>