<mjloggm ver="2.3"><GO type="225" lobby="0"/><UN n0="%E3%83%B4%E3%82%A3%E3%83%AF%E3%82%B3%E3%82%B0%E3%83%8B" n1="%E6%9D%B1%E9%A2%A8%E3%81%AE%E3%81%8D%E3%82%83%E3%81%B7%E3%81%95%E3%82%93" n2="%E3%81%B5%E3%81%98%E3%81%8B%E3%81%A4" n3="%E3%81%82%E3%81%99%E3%81%AB%E3%82%83%E3%82%80" dan="16,17,16,16" rate="2178.80,2230.15,2165.94,2103.09" sx="M,M,M,F"/><TAIKYOKU oya="0"/><INIT seed="0,0,0,5,0,71" ten="250,250,250,250" oya="0" hai0="46,78,51,27,30,115,97,17,111,29,26,65,133" hai1="92,42,80,82,128,75,40,35,20,63,13,105,72" hai2="120,23,54,129,122,39,94,70,36,16,81,58,69" hai3="55,127,4,48,125,47,108,3,33,95,99,93,52"/><T90/><D115/><U25/><E105/><V68/><F81/><W96/><G33/><T107/><D133/><U2/><E2/><V101/><F101/><W62/><G108/><T102/><D65/><U118/><E118/><V5/><F5/><W56/><G4/><T106/><D106/><U43/><E128/><V57/><F94/><W100/><REACH who="3" step="1"/><G3/><REACH who="3" ten="250,250,250,240" step="2"/><T0/><D111/><U37/><E35/><V6/><F6/><W126/><G126/><T88/><D0/><U112/><E112/><V8/><F129/><W7/><G7/><T84/><D17/><U79/><E13/><V132/><F132/><W45/><G45/><T135/><D135/><U22/><E92/><V28/><F28/><W86/><G86/><T89/><D30/><U15/><E15/><V64/><F16/><W41/><G41/><T12/><D29/><U85/><E85/><V74/><F23/><W77/><G77/><T91/><D12/><U11/><E79/><V98/><F8/><W87/><G87/><T113/><D78/><U10/><E43/><V61/><F74/><W31/><G31/><T83/><REACH who="0" step="1"/><D113/><REACH who="0" ten="240,250,250,240" step="2"/><U14/><E14/><V34/><F34/><W109/><G109/><T24/><D24/><U104/><E25/><V44/><F98/><W117/><G117/><T49/><D49/><U114/><E114/><V1/><F1/><W76/><G76/><T131/><D131/><U121/><E104/><V73/><F73/><W67/><G67/><T66/><D66/><U110/><E110/><V9/><F64/><W19/><G19/><T134/><D134/><U32/><E75/><RYUUKYOKU ba="0,2" sc="240,15,250,-15,250,-15,240,15" hai0="26,27,46,51,83,84,88,89,90,91,97,102,107" hai3="47,48,52,55,56,62,93,95,96,99,100,125,127" /><INIT seed="0,1,2,1,5,68" ten="255,235,235,255" oya="0" hai0="37,86,133,53,100,47,74,2,36,109,105,56,73" hai1="19,62,23,7,116,24,59,106,80,38,120,97,27" hai2="11,17,51,98,128,75,39,61,79,70,54,41,107" hai3="108,21,85,31,135,94,112,16,22,43,5,123,95"/><T126/><D2/><U58/><E120/><V115/><F115/><W60/><G112/><T78/><D133/><U55/><E116/><V29/><F128/><W82/><G135/><T99/><D126/><U12/><E38/><V122/><F122/><W131/><G123/><T49/><D109/><U83/><E106/><V121/><F121/><W72/><G72/><T0/><D0/><U66/><E97/><V35/><F79/><W96/><G131/><T117/><D117/><U57/><E7/><V6/><F17/><W134/><G134/><T104/><D105/><U91/><E91/><V40/><F75/><W84/><G43/><T130/><D130/><U26/><REACH who="1" step="1"/><E58/><REACH who="1" ten="255,225,235,255" step="2"/><V1/><F39/><W33/><G5/><T114/><D114/><U34/><E34/><V14/><F107/><W81/><G33/><T67/><D36/><U65/><E65/><V92/><F1/><W125/><G96/><T63/><REACH who="0" step="1"/><D37/><REACH who="0" ten="245,225,235,255" step="2"/><U89/><E89/><V42/><F98/><W102/><G108/><T101/><D101/><U113/><E113/><V64/><F70/><W10/><G102/><T129/><D129/><U87/><E87/><V28/><F35/><W124/><G85/><T119/><D119/><U110/><E110/><V32/><F32/><W103/><G84/><T46/><D46/><U15/><E15/><V30/><F14/><W88/><G103/><T71/><D71/><U44/><E44/><V8/><F92/><W132/><G95/><T93/><D93/><U18/><E18/><V52/><F6/><W127/><G94/><T77/><D77/><U69/><E69/><RYUUKYOKU ba="1,4" sc="245,15,225,15,235,-15,255,-15" hai0="47,49,53,56,63,67,73,74,78,86,99,100,104" hai1="12,19,23,24,26,27,55,57,59,62,66,80,83" /><INIT seed="0,2,4,3,4,42" ten="260,240,220,240" oya="0" hai0="91,97,96,93,85,36,6,82,77,107,76,131,1" hai1="48,2,113,111,69,124,132,110,114,58,13,15,87" hai2="120,4,19,108,75,24,125,40,89,35,83,78,38" hai3="7,22,106,16,8,112,12,61,72,0,44,60,30"/><T46/><D131/><U17/><E69/><V56/><F120/><W50/><G72/><T127/><D127/><U128/><E87/><V27/><F4/><W57/><G106/><T43/><D107/><U18/><E58/><V49/><F125/><W73/><G73/><N who="0" m="43311" /><D76/><U10/><E48/><V123/><F123/><W32/><G112/><N who="1" m="43114" /><E124/><V88/><F38/><W41/><G57/><T117/><D117/><U9/><E128/><V23/><F108/><N who="1" m="41513" /><E2/><V80/><F80/><W94/><G94/><T39/><D39/><U31/><E31/><V5/><F5/><W98/><G98/><T105/><D105/><U34/><E34/><V130/><F130/><W129/><G129/><T53/><D53/><U14/><E132/><V29/><REACH who="2" step="1"/><F56/><REACH who="2" ten="260,240,210,240" step="2"/><W66/><REACH who="3" step="1"/><G66/><REACH who="3" ten="260,240,210,230" step="2"/><T92/><D92/><U122/><E122/><V3/><F3/><W52/><G52/><T59/><D59/><U65/><E65/><V68/><F68/><W119/><G119/><T95/><D95/><U71/><E71/><V118/><F118/><W86/><G86/><T20/><D93/><U74/><E74/><V90/><F90/><W115/><G115/><T84/><D91/><U103/><E103/><V47/><AGARI ba="2,6" hai="19,23,24,27,29,35,40,47,49,75,78,83,88,89" machi="47" ten="30,7900,0" yaku="1,1,0,1,52,1,54,1,53,0" doraHai="42" doraHaiUra="54" who="2" fromWho="2" sc="260,-41,240,-22,210,145,230,-22" /><INIT seed="1,0,0,0,1,20" ten="219,218,355,208" oya="1" hai0="92,4,84,95,72,64,41,63,83,135,61,52,106" hai1="123,131,116,101,102,46,85,112,103,124,36,8,33" hai2="122,114,90,51,1,14,98,23,6,88,111,82,128" hai3="42,58,130,93,132,57,32,119,78,48,96,89,67"/><U45/><E33/><V44/><F122/><W13/><G132/><T15/><D106/><U110/><E123/><V22/><F111/><W80/><G130/><T60/><D72/><U25/><E116/><V10/><F128/><W65/><G32/><T97/><D135/><U76/><E131/><V121/><F121/><W2/><G2/><T12/><D41/><U68/><E68/><V56/><F114/><W109/><G109/><T104/><D64/><U3/><E112/><V120/><F120/><W127/><G127/><T47/><D104/><U7/><E110/><V94/><F56/><W35/><G35/><T134/><D4/><U99/><E124/><V34/><F34/><W40/><G13/><N who="0" m="5195" /><D97/><U37/><E99/><V75/><F1/><W39/><G39/><T43/><D43/><N who="3" m="16425" /><G119/><T125/><D134/><U19/><E36/><V86/><F75/><W24/><G24/><T113/><D113/><U118/><E37/><V18/><F6/><W77/><G48/><N who="0" m="28703" /><D125/><U5/><E5/><V100/><F100/><W0/><G0/><T54/><D54/><AGARI ba="0,0" hai="10,14,18,22,23,44,51,54,82,86,88,90,94,98" machi="54" ten="30,8000,1" yaku="7,1,25,2,8,1,54,1" doraHai="20" who="2" fromWho="0" sc="219,-80,218,0,355,80,208,0" /><INIT seed="2,0,0,2,1,114" ten="139,218,435,208" oya="2" hai0="88,124,48,95,38,45,16,110,113,44,76,107,6" hai1="5,9,81,32,25,102,74,31,63,108,135,86,22" hai2="29,40,1,14,59,116,13,24,80,12,4,78,73" hai3="46,27,100,109,33,21,96,82,64,117,87,20,97"/><V75/><F40/><W105/><G117/><T70/><D113/><U54/><E108/><V85/><F116/><W66/><G109/><T120/><D107/><U90/><E135/><V122/><F122/><W129/><G129/><T42/><D110/><U98/><E74/><V60/><F4/><W106/><G33/><T101/><D124/><U92/><E32/><V58/><F1/><W118/><G118/><T53/><D120/><U3/><E63/><V111/><F111/><W119/><G46/><T7/><D70/><U112/><E54/><V134/><F58/><W15/><G15/><T79/><D101/><U67/><E67/><V130/><F130/><W39/><G39/><T19/><D6/><U49/><E49/><V65/><F134/><W128/><G128/><T62/><D7/><U8/><E8/><V99/><F99/><W131/><G131/><T77/><REACH who="0" step="1"/><D62/><REACH who="0" ten="129,218,435,208" step="2"/><U0/><E112/><V26/><F60/><W23/><G119/><T127/><D127/><U71/><E71/><V91/><F73/><W43/><G106/><T56/><D56/><U61/><E61/><V37/><F59/><W121/><G121/><T2/><D2/><AGARI ba="0,1" hai="0,2,3,5,9,22,25,31,81,86,90,92,98,102" machi="2" ten="30,1000,0" yaku="7,1" doraHai="114" who="1" fromWho="0" sc="129,-10,218,20,435,0,208,0" /><INIT seed="3,0,0,1,0,132" ten="119,238,435,208" oya="3" hai0="50,54,51,79,42,3,117,35,47,41,16,53,39" hai1="120,89,124,130,18,93,106,29,69,61,85,1,58" hai2="87,2,88,80,30,108,15,105,122,57,110,5,84" hai3="92,107,59,33,115,11,133,37,73,38,75,78,66"/><W46/><G115/><T25/><D3/><U128/><E106/><V70/><F105/><W71/><G107/><T103/><D35/><U123/><E69/><V40/><F70/><W27/><G71/><T114/><D117/><U44/><E1/><V109/><F122/><W19/><G133/><T100/><D114/><U14/><E44/><V131/><F131/><N who="1" m="50217" /><E124/><V104/><F104/><W24/><G78/><T112/><D112/><U31/><E123/><V34/><F40/><W125/><G125/><T65/><D79/><U68/><E68/><V102/><F102/><W81/><G81/><T20/><D65/><N who="1" m="39095" /><E120/><V26/><F15/><W55/><G66/><T10/><D10/><AGARI ba="0,0" hai="10,14,18,29,31,85,89,93" m="39095,50217" machi="10" ten="30,1000,0" yaku="19,1" doraHai="132" who="1" fromWho="0" sc="119,-10,238,10,435,0,208,0" owari="109,-39.1,248,4.8,435,53.5,208,-19.2" /></mjloggm>