<mjloggm ver="2.3"><GO type="225" lobby="0"/><UN n0="%E4%BF%BA%E3%81%A8%E5%A6%96%E5%A4%A2" n1="%4E%55%44%41" n2="%E3%81%82%E3%81%99%E3%81%AB%E3%82%83%E3%82%80" n3="%72%69%6F%75%63%68%61%6E" dan="17,16,16,16" rate="2184.88,2155.89,2100.95,2209.16" sx="F,M,F,M"/><TAIKYOKU oya="0"/><INIT seed="0,0,0,1,2,55" ten="250,250,250,250" oya="0" hai0="113,48,94,67,15,96,56,20,108,77,130,7,16" hai1="132,32,61,76,6,14,29,85,62,2,37,69,17" hai2="87,84,35,114,135,133,107,9,22,12,26,11,83" hai3="121,101,66,93,21,41,104,106,111,116,38,89,47"/><T0/><D113/><U5/><E37/><V125/><F107/><W122/><G116/><T25/><D130/><U10/><E132/><N who="2" m="50763" /><F114/><W63/><G111/><T92/><D108/><U30/><E69/><V70/><F70/><W68/><G101/><T109/><D109/><U82/><E6/><V120/><F120/><N who="3" m="46187" /><G21/><T79/><D0/><U88/><E76/><N who="0" m="29257" /><D96/><AGARI ba="0,0" hai="38,41,47,63,66,68,89,93,96,104,106" m="46187" machi="96" ten="30,1000,0" yaku="13,1" doraHai="55" who="3" fromWho="0" sc="250,-10,250,0,250,0,250,10" /><INIT seed="1,0,0,3,3,103" ten="240,250,250,260" oya="1" hai0="126,63,57,104,91,125,87,133,53,19,60,113,99" hai1="68,26,100,90,65,1,49,56,59,12,110,13,84" hai2="96,34,2,82,36,39,92,35,77,8,117,76,83" hai3="86,47,97,51,107,122,20,134,72,46,42,24,127"/><U29/><E1/><V109/><F109/><W32/><G122/><T23/><D113/><U105/><E68/><V64/><F64/><W11/><G72/><T55/><D133/><U14/><E65/><V45/><F117/><W28/><G134/><T67/><D104/><U22/><E110/><V17/><F17/><W5/><G127/><N who="0" m="48651" /><D99/><U124/><E124/><V15/><F15/><W129/><G129/><T119/><D119/><U61/><E61/><V102/><F82/><W43/><G86/><T3/><D3/><U123/><E123/><V33/><F45/><W40/><G32/><T18/><D23/><U128/><E128/><V75/><REACH who="2" step="1"/><F77/><REACH who="2" ten="240,250,240,260" step="2"/><W101/><REACH who="3" step="1"/><G46/><REACH who="3" ten="240,250,240,250" step="2"/><T130/><D130/><U0/><E0/><AGARI ba="0,2" hai="0,5,11,20,24,28,40,42,43,47,51,97,101,107" machi="0" ten="30,7700,0" yaku="1,1,2,1,7,1,52,1,53,0" doraHai="103" doraHaiUra="112" who="3" fromWho="1" sc="240,0,250,-77,240,0,250,97" /><INIT seed="2,0,0,5,0,83" ten="240,173,240,347" oya="2" hai0="120,133,88,116,123,8,30,84,113,49,27,112,95" hai1="20,37,59,31,93,89,119,19,46,82,69,33,117" hai2="7,75,101,2,132,98,38,67,109,114,58,15,128" hai3="45,131,79,103,68,85,39,63,76,115,29,0,6"/><V71/><F114/><W73/><G115/><T34/><D113/><U16/><E69/><V23/><F132/><W40/><G131/><T105/><D112/><U127/><E127/><V41/><F128/><W5/><G103/><T64/><D133/><U121/><E121/><V81/><F71/><W92/><G29/><T10/><D105/><U9/><E33/><V13/><F109/><W78/><G73/><T104/><D104/><U51/><E37/><V77/><F23/><W110/><G110/><T124/><D124/><U22/><E59/><V62/><F41/><W14/><G0/><T32/><D32/><U24/><E82/><V102/><F102/><W74/><G74/><T96/><D64/><U80/><E80/><V11/><REACH who="2" step="1"/><F38/><REACH who="2" ten="240,173,230,347" step="2"/><W134/><G134/><T66/><D123/><U126/><E126/><V44/><F44/><W87/><G68/><T18/><D120/><U21/><E117/><V118/><F118/><W25/><G39/><T43/><D116/><U61/><E119/><V3/><F3/><W56/><G45/><T42/><D42/><U57/><E21/><V70/><F70/><W125/><G40/><T47/><D43/><N who="1" m="25055" /><E22/><V52/><F52/><N who="3" m="34183" /><G125/><T86/><D8/><U99/><E9/><V130/><F130/><W122/><G122/><T111/><D10/><U100/><E100/><V55/><F55/><AGARI ba="0,1" hai="16,19,20,24,31,55,57,61,89,93,99" m="25055" machi="55" ten="30,2000,0" yaku="8,1,54,1" doraHai="83" who="1" fromWho="2" sc="240,0,173,30,230,-20,347,0" /><INIT seed="3,0,0,1,1,21" ten="240,203,210,347" oya="3" hai0="84,112,56,119,80,22,31,27,8,5,134,90,106" hai1="85,36,34,26,107,40,131,52,13,81,101,94,29" hai2="122,89,54,67,1,77,51,30,57,96,125,97,35" hai3="83,17,33,23,25,129,135,2,118,120,14,47,86"/><W43/><G118/><T61/><D119/><U128/><E107/><V48/><F1/><W73/><G120/><T37/><D134/><U102/><E52/><N who="2" m="31879" /><F35/><W24/><G2/><T98/><D112/><U104/><E104/><V92/><F125/><W7/><G135/><T117/><D117/><U41/><E13/><V18/><F122/><W95/><G129/><N who="1" m="49738" /><E94/><N who="2" m="56399" /><F77/><W45/><G73/><T91/><D37/><U60/><E60/><V123/><F123/><W74/><G74/><T116/><D116/><U108/><E108/><V50/><F67/><W115/><G115/><T12/><D106/><U113/><E113/><V59/><F30/><W28/><G95/><T15/><D15/><U19/><E19/><V130/><F130/><W20/><G43/><N who="1" m="16458" /><E36/><V132/><F132/><W44/><G7/><T87/><D98/><U110/><E110/><V93/><F93/><W76/><G47/><T16/><D5/><U3/><E3/><V6/><F6/><W46/><G44/><T69/><D69/><U4/><E4/><V11/><F18/><AGARI ba="0,0" hai="14,17,18,20,23,24,25,28,33,45,46,76,83,86" machi="18" ten="30,5800,0" yaku="7,1,52,2" doraHai="21" who="3" fromWho="2" sc="240,0,203,0,210,-58,347,58" owari="240,4.0,203,-19.7,152,-34.8,405,50.5" /></mjloggm>