<mjloggm ver="2.3"><GO type="225" lobby="0"/><UN n0="%E5%B8%86%E7%AB%8B%E5%A4%8F%E8%A1%A3" n1="%E5%8D%A0%E3%81%84%E5%B8%AB%E8%A3%8F%E3%81%AA%E3%81%84%E3%81%97" n2="%E6%98%93%E5%88%A9%E8%96%A9%E4%BC%AF" n3="%E3%83%8F%E3%83%B3%E3%83%89%E3%83%A9%E3%83%BC%E3%83%BB%E3%83%AF%E3%83%B3" dan="16,17,16,17" rate="2144.55,2160.52,2123.50,2233.74" sx="M,M,F,M"/><TAIKYOKU oya="0"/><INIT seed="0,0,0,1,5,30" ten="250,250,250,250" oya="0" hai0="47,28,115,15,52,29,73,13,25,86,71,36,21" hai1="109,49,32,26,51,27,69,75,53,103,4,87,125" hai2="123,17,42,93,133,16,114,130,97,63,106,34,23" hai3="5,6,79,7,59,111,55,82,50,1,116,135,117"/><T45/><D115/><U74/><E109/><V58/><F114/><W124/><G1/><T127/><D73/><U77/><E69/><V37/><F123/><W84/><G111/><T94/><D71/><U67/><E67/><V113/><F113/><W128/><G128/><T8/><D127/><U91/><E103/><V62/><F133/><W57/><G124/><T65/><D65/><U31/><E125/><V134/><F106/><W14/><G135/><T118/><D118/><U104/><E104/><V101/><F134/><W126/><G126/><T22/><D36/><U99/><E4/><V39/><F34/><W95/><G14/><T119/><D119/><U78/><E99/><V85/><F63/><W56/><G117/><T90/><D15/><U12/><E12/><V105/><F17/><W98/><REACH who="3" step="1"/><G116/><REACH who="3" ten="250,250,250,240" step="2"/><T64/><D13/><U60/><E75/><V11/><F130/><W44/><G44/><T92/><D8/><U19/><E74/><V2/><F11/><W35/><G35/><T24/><D64/><U48/><E26/><V88/><F2/><W72/><G72/><T3/><D3/><U41/><E41/><V70/><F42/><W0/><G0/><T33/><D33/><U68/><E27/><V9/><F9/><W54/><G54/><T96/><D52/><U20/><E32/><V132/><F132/><W112/><G112/><T43/><D43/><U76/><E53/><V80/><F23/><W83/><G83/><T38/><D38/><U107/><E20/><V10/><F80/><W18/><G18/><T46/><D47/><U61/><E19/><RYUUKYOKU ba="0,1" sc="250,15,250,-15,250,-15,240,15" hai0="21,22,24,25,28,29,45,46,86,90,92,94,96" hai3="5,6,7,50,55,56,57,59,79,82,84,95,98" /><INIT seed="0,1,1,0,1,117" ten="265,235,235,255" oya="0" hai0="100,41,75,111,110,132,46,13,6,70,23,33,104" hai1="36,79,20,32,47,44,2,28,98,69,126,133,78" hai2="131,76,4,97,77,11,37,62,124,29,102,21,5" hai3="26,55,128,7,14,19,120,60,52,17,109,82,50"/><T105/><D33/><U9/><E32/><V66/><F37/><W35/><G109/><N who="0" m="41483" /><D75/><U107/><E69/><V108/><F131/><W61/><G128/><T116/><D116/><U3/><E133/><V106/><F124/><W64/><G120/><T99/><D70/><U89/><E126/><V73/><F5/><W74/><G7/><T24/><D132/><U57/><E9/><V48/><F48/><W68/><G60/><T85/><D85/><U45/><E36/><V8/><F8/><W56/><G55/><T63/><D63/><U51/><E2/><V71/><F73/><W95/><G95/><N who="0" m="58495" /><D13/><U49/><E3/><V30/><F108/><W67/><G67/><T121/><D6/><U96/><E107/><V112/><F77/><N who="1" m="29193" /><E89/><V114/><F76/><W16/><G74/><T38/><D121/><U42/><E98/><V25/><REACH who="2" step="1"/><F30/><AGARI ba="1,1" hai="23,24,30,38,41,46,104,105" m="58495,41483" machi="30" ten="30,2900,0" yaku="14,1,10,1" doraHai="117" who="0" fromWho="2" sc="265,42,235,0,235,-32,255,0" /><INIT seed="0,2,0,3,5,10" ten="307,235,203,255" oya="0" hai0="65,124,102,81,32,85,39,78,135,46,80,51,44" hai1="76,36,53,48,75,52,56,109,93,77,69,5,92" hai2="67,12,28,115,35,61,126,71,105,116,100,49,58" hai3="50,38,41,79,45,17,83,103,121,66,29,133,89"/><T108/><D32/><U43/><E109/><V134/><F115/><W22/><G133/><T120/><D120/><U110/><E110/><V1/><F1/><W34/><G121/><T55/><D108/><U15/><E69/><V130/><F130/><W60/><G103/><T24/><D124/><U59/><E36/><V13/><F134/><W47/><G89/><T16/><D65/><U114/><E43/><V88/><F116/><W127/><G127/><T111/><D111/><U4/><E114/><V107/><F126/><W7/><G7/><T70/><D70/><U101/><E75/><V125/><F125/><W84/><G29/><T98/><D135/><U20/><E101/><V72/><F72/><W99/><G99/><T23/><D80/><U33/><E33/><V86/><F49/><W11/><G11/><T94/><D39/><U104/><E104/><V95/><F58/><AGARI ba="2,0" hai="16,23,24,44,46,51,55,58,78,81,85,94,98,102" machi="58" ten="30,5800,0" yaku="7,1,8,1,54,1" doraHai="10" who="0" fromWho="2" sc="307,64,235,0,203,-64,255,0" /><INIT seed="0,3,0,4,1,3" ten="371,235,139,255" oya="0" hai0="45,123,76,93,90,116,114,100,38,0,127,129,74" hai1="106,30,46,131,86,117,34,107,134,31,105,77,111" hai2="72,87,69,5,103,22,36,56,94,78,91,66,119" hai3="1,58,54,49,113,79,80,13,97,57,21,35,96"/><T24/><D114/><U115/><E117/><V42/><F119/><W71/><G113/><T99/><D116/><U128/><E115/><V132/><F132/><W4/><G35/><T73/><D0/><U135/><E34/><V25/><F69/><W95/><G71/><T85/><D24/><U60/><E46/><V83/><F36/><W48/><G1/><T2/><D2/><U17/><E17/><V121/><F42/><W118/><G118/><T63/><D63/><U9/><E9/><V28/><F121/><W68/><G68/><T70/><D70/><U14/><E14/><V44/><F44/><W92/><G97/><T15/><D15/><U41/><E41/><V43/><F43/><W8/><G21/><T23/><D23/><U16/><E60/><V51/><F103/><W47/><G96/><T133/><D45/><U6/><E111/><V29/><F51/><W64/><G64/><T10/><D10/><U26/><E16/><V84/><F72/><N who="0" m="27754" /><D38/><U20/><E30/><V101/><F101/><W62/><G62/><T33/><D33/><U109/><E109/><V112/><F112/><W50/><G57/><T32/><D32/><U82/><REACH who="1" step="1"/><E6/><REACH who="1" ten="371,225,139,255" step="2"/><V39/><F29/><W126/><G47/><T55/><D123/><U61/><E61/><N who="2" m="38183" /><F39/><W40/><G40/><T75/><D55/><U67/><E67/><V125/><F125/><W27/><G126/><T108/><D127/><U11/><E11/><V65/><F65/><W110/><G54/><T120/><D108/><U81/><E81/><V124/><F124/><W37/><G110/><T12/><D120/><RYUUKYOKU ba="3,1" sc="371,-15,225,15,139,15,255,-15" hai1="20,26,31,77,82,86,105,106,107,128,131,134,135" hai2="5,22,25,28,78,83,84,87,91,94" /><INIT seed="1,4,1,0,3,24" ten="356,240,154,240" oya="1" hai0="94,1,112,90,128,42,34,82,15,36,69,74,121" hai1="56,29,62,37,123,3,19,77,44,43,38,35,41" hai2="81,93,52,46,23,87,72,21,76,110,48,122,12" hai3="32,114,16,59,20,86,14,26,31,2,105,4,9"/><U96/><E123/><V57/><F110/><W113/><G105/><T127/><RYUUKYOKU type="yao9" ba="4,1" sc="356,0,240,0,154,0,240,0" hai0="1,15,34,36,42,69,74,82,90,94,112,121,127,128" /><INIT seed="1,5,1,3,2,135" ten="356,240,154,240" oya="1" hai0="15,3,44,38,65,71,69,33,106,75,66,16,89" hai1="88,42,124,36,45,87,119,31,14,6,118,49,52" hai2="126,86,37,78,105,92,68,133,46,0,25,91,127" hai3="43,59,55,103,123,125,112,96,95,74,57,81,11"/><U39/><E39/><V60/><F133/><W41/><G123/><T72/><D3/><U114/><E114/><V20/><F105/><W54/><G112/><T80/><D33/><U83/><E124/><N who="2" m="47659" /><F0/><W10/><G125/><T24/><D24/><U122/><E122/><V73/><F73/><W18/><G81/><T115/><D115/><U56/><REACH who="1" step="1"/><E31/><REACH who="1" ten="356,230,154,240" step="2"/><N who="2" m="17831" /><F78/><W5/><G74/><T28/><D75/><U22/><E22/><V104/><F104/><W79/><G79/><T26/><D106/><U30/><E30/><V12/><F12/><W85/><G10/><AGARI ba="5,2" hai="6,10,14,36,42,45,49,52,56,83,87,88,118,119" machi="10" ten="40,7700,0" yaku="1,1,54,2,53,0" doraHai="135" doraHaiUra="58" who="1" fromWho="3" sc="356,0,230,112,154,0,240,-92" /><INIT seed="1,6,0,1,5,28" ten="356,342,154,148" oya="1" hai0="86,17,18,133,78,15,5,11,46,97,94,77,88" hai1="95,22,80,35,27,120,60,74,39,131,63,123,16" hai2="61,66,41,36,62,7,24,49,106,9,48,73,114" hai3="26,70,87,51,23,127,38,112,104,19,119,110,93"/><U122/><E39/><V55/><F106/><W75/><G38/><T96/><D133/><U108/><E131/><V58/><F73/><W53/><G112/><T56/><D46/><U125/><E125/><V67/><F24/><W116/><G127/><T76/><D56/><U111/><E95/><V50/><F9/><W115/><G115/><T33/><D33/><U21/><E35/><V65/><F7/><W14/><G104/><T117/><D117/><U90/><E22/><V44/><REACH who="2" step="1"/><F114/><REACH who="2" ten="356,342,144,148" step="2"/><W64/><G75/><T20/><D18/><U47/><E47/><V118/><F118/><W101/><G119/><T135/><D135/><U98/><E74/><V29/><F29/><W113/><G116/><T85/><REACH who="0" step="1"/><D85/><REACH who="0" ten="346,342,144,148" step="2"/><N who="1" m="50471" /><E98/><V124/><F124/><W4/><G113/><T13/><AGARI ba="6,2" hai="5,11,13,15,17,20,76,77,78,86,88,94,96,97" machi="13" ten="30,7900,0" yaku="1,1,0,1,8,1,54,1,53,0" doraHai="28" doraHaiUra="128" who="0" fromWho="0" sc="346,117,342,-45,144,-26,148,-26" /><INIT seed="2,0,0,2,0,62" ten="463,297,118,122" oya="2" hai0="8,88,42,15,112,103,66,124,125,134,54,25,128" hai1="84,5,55,65,58,9,87,90,69,1,24,77,26" hai2="98,43,60,46,73,22,47,107,12,49,35,40,48" hai3="113,96,70,64,4,116,108,0,11,100,110,94,56"/><V129/><F129/><W109/><G116/><T79/><D79/><U32/><E32/><V119/><F35/><W16/><G113/><T23/><D42/><U102/><E102/><V7/><F73/><W45/><G70/><T17/><D103/><U127/><E127/><N who="0" m="48713" /><D134/><U132/><E132/><V18/><F119/><W82/><G82/><T135/><D135/><U2/><E2/><V131/><F131/><W20/><G45/><T123/><D128/><U130/><E130/><V51/><F107/><W121/><G121/><T52/><D123/><U37/><E37/><V57/><F98/><W72/><G72/><T29/><D112/><U75/><E75/><V97/><F97/><W126/><G126/><T120/><D120/><U53/><E77/><V44/><REACH who="2" step="1"/><F7/><REACH who="2" ten="463,297,108,122" step="2"/><W91/><G100/><T76/><D76/><U61/><E84/><V122/><F122/><W10/><G4/><T28/><D88/><U117/><E117/><V33/><F33/><W101/><G101/><T39/><D39/><U27/><E87/><V133/><F133/><W13/><G0/><T71/><D29/><U74/><E90/><V118/><F118/><W34/><G34/><T106/><D106/><U104/><E104/><V36/><F36/><W92/><G92/><T50/><D50/><U78/><E78/><V80/><F80/><W105/><G105/><T111/><D111/><U83/><E83/><V59/><F59/><W89/><G89/><T67/><D71/><U95/><E74/><V99/><F99/><W38/><G38/><T81/><D81/><U19/><E58/><V115/><F115/><RYUUKYOKU ba="0,1" sc="463,10,297,-30,108,10,122,10" hai0="8,15,17,23,25,28,52,54,66,67" hai2="12,18,22,40,43,44,46,47,48,49,51,57,60" hai3="10,11,13,16,20,56,64,91,94,96,108,109,110" /><INIT seed="2,1,1,5,2,102" ten="473,267,118,132" oya="2" hai0="117,43,118,14,134,123,93,121,56,24,132,98,66" hai1="77,112,11,124,45,40,42,13,15,62,30,75,104" hai2="91,122,2,109,115,78,111,72,27,128,60,57,120" hai3="8,41,47,51,17,46,16,68,1,86,133,53,85"/><V31/><F115/><W58/><G68/><T25/><D43/><U54/><E112/><V37/><F37/><W61/><G133/><N who="0" m="51307" /><D14/><U28/><E104/><V10/><F91/><W69/><G69/><T6/><D6/><U105/><E105/><V95/><F95/><W55/><G1/><T19/><D56/><U36/><E124/><V74/><F128/><W101/><G101/><N who="0" m="60623" /><D66/><U35/><E35/><V38/><F38/><W83/><G8/><T67/><D67/><U126/><E126/><V100/><F100/><W52/><G85/><T88/><D88/><U87/><E75/><V81/><F74/><W63/><G63/><T130/><D130/><U107/><E107/><V97/><F97/><W92/><G92/><T64/><D64/><U33/><E33/><V127/><F127/><W94/><G94/><T49/><D49/><N who="1" m="28975" /><E62/><V110/><F10/><W48/><G41/><T21/><D25/><U99/><E99/><V131/><F2/><W22/><G22/><T84/><D84/><U23/><E23/><N who="2" m="15871" /><F131/><W89/><AGARI ba="1,1" hai="16,17,46,47,48,51,52,53,55,58,61,83,86,89" machi="89" ten="20,12000,2" yaku="0,1,7,1,9,1,8,1,54,2" doraHai="102" who="3" fromWho="3" sc="473,-31,267,-31,118,-61,132,133" /><INIT seed="3,0,0,5,5,112" ten="442,236,57,265" oya="3" hai0="25,24,28,50,11,122,82,22,53,135,111,38,125" hai1="48,16,41,92,75,104,81,84,69,32,23,36,79" hai2="97,37,96,35,99,39,49,114,76,119,86,52,88" hai3="89,106,44,7,6,60,130,95,94,65,12,46,18"/><W8/><G106/><T27/><D38/><U54/><E32/><V118/><F114/><W70/><G130/><T34/><D122/><U127/><E104/><V98/><N who="2" m="24576" /><DORA hai="10" /><V62/><F35/><W68/><G68/><T30/><D111/><U42/><E69/><V19/><F76/><W3/><G6/><T21/><D125/><U73/><E127/><V47/><F62/><W5/><G5/><T17/><D135/><U121/><E121/><V9/><F39/><W1/><G1/><T0/><D0/><U59/><E36/><V93/><REACH who="2" step="1"/><F37/><REACH who="2" ten="442,236,47,265" step="2"/><W133/><G133/><T57/><D11/><U134/><E134/><V124/><F124/><W14/><G8/><T110/><D110/><U26/><E75/><V77/><F77/><W102/><G60/><T13/><D82/><U33/><E33/><V71/><F71/><W72/><G70/><T31/><D34/><U128/><E128/><V115/><F115/><W63/><G72/><T117/><D22/><U45/><E73/><V78/><F78/><W58/><G63/><T107/><D107/><U116/><E92/><V120/><F120/><W129/><G94/><T40/><D40/><U74/><E74/><V90/><F90/><W20/><G89/><T61/><D61/><N who="1" m="36087" /><E42/><V83/><F83/><W43/><G95/><T109/><D109/><U29/><E29/><V85/><F85/><W56/><G43/><T108/><D108/><U91/><E79/><V131/><F131/><W101/><G129/><T51/><D51/><U67/><E67/><V87/><F87/><W100/><G65/><T126/><D126/><RYUUKYOKU ba="0,1" sc="442,10,236,10,47,10,265,-30" hai0="13,17,21,24,25,27,28,30,31,50,53,57,117" hai1="16,23,26,41,45,48,81,84,91,116" hai2="9,19,47,49,52,86,88,93,118,119" owari="462,56.2,246,4.6,57,-44.3,235,-16.5" /></mjloggm>