<mjloggm ver="2.3"><GO type="225" lobby="0"/><UN n0="%E3%83%A9%E3%83%BC%E3%83%A1%E3%83%B3%E4%BA%94%E9%83%8E" n1="%E3%81%BF%E3%81%BF%E3%81%9A" n2="%E3%81%B5%E3%81%98%E3%81%8B%E3%81%A4" n3="%48%61%61%61%6C%61%6E%64" dan="16,17,16,18" rate="2038.64,2250.32,2203.70,2251.53" sx="M,M,M,M"/><TAIKYOKU oya="0"/><INIT seed="0,0,0,0,3,5" ten="250,250,250,250" oya="0" hai0="28,91,29,55,58,60,68,94,77,8,14,81,33" hai1="20,90,4,37,112,92,3,50,98,133,22,49,46" hai2="1,39,69,117,101,115,110,66,113,51,79,100,12" hai3="126,135,84,71,131,21,47,17,83,105,85,108,75"/><T36/><D36/><U26/><E133/><V64/><F79/><W2/><G135/><T118/><D68/><U88/><E112/><V106/><F1/><W123/><G108/><T80/><D118/><U35/><E35/><V114/><F117/><W9/><G126/><T124/><D124/><U38/><E22/><V31/><F110/><W121/><G131/><T132/><D132/><U61/><E61/><V134/><F134/><W54/><G105/><T72/><D81/><U102/><E38/><V27/><F39/><W19/><G71/><T128/><D128/><U67/><E67/><V125/><F125/><W13/><G75/><T86/><REACH who="0" step="1"/><D33/><REACH who="0" ten="240,250,250,250" step="2"/><U99/><E37/><V89/><F69/><W48/><G83/><T127/><D127/><U65/><E65/><V32/><F115/><W111/><G111/><T104/><D104/><U107/><E90/><V119/><F119/><W24/><REACH who="3" step="1"/><G2/><REACH who="3" ten="240,250,250,240" step="2"/><T122/><D122/><AGARI ba="0,2" hai="9,13,17,19,21,24,47,48,54,84,85,121,122,123" machi="122" ten="40,8000,1" yaku="1,1,2,1,13,1,52,1,53,0" doraHai="5" doraHaiUra="73" who="3" fromWho="0" sc="240,-80,250,0,250,0,240,100" /><INIT seed="1,0,0,3,4,127" ten="160,250,250,340" oya="1" hai0="69,52,4,123,121,96,10,9,105,46,35,17,15" hai1="97,92,33,63,40,55,18,49,85,134,91,94,24" hai2="43,53,11,104,45,36,107,42,93,90,76,22,8" hai3="58,27,100,116,68,2,25,115,48,84,99,80,23"/><U88/><E134/><V47/><F76/><W126/><G115/><T122/><D69/><U110/><E110/><V75/><F75/><W82/><G68/><T51/><D35/><U112/><E112/><V89/><F53/><N who="3" m="32039" /><G2/><T109/><D109/><U73/><E73/><V64/><F64/><W65/><G65/><T12/><D96/><U79/><E79/><V119/><F22/><W61/><G61/><T86/><D86/><U26/><E33/><V34/><F34/><W14/><G126/><T54/><REACH who="0" step="1"/><D105/><REACH who="0" ten="150,250,250,340" step="2"/><U60/><E40/><AGARI ba="0,1" hai="4,9,10,12,15,17,40,46,51,52,54,121,122,123" machi="40" ten="40,12000,2" yaku="1,1,2,1,13,1,54,1,53,3" doraHai="127" doraHaiUra="118" who="0" fromWho="1" sc="150,130,250,-120,250,0,340,0" /><INIT seed="2,0,0,0,5,22" ten="280,130,250,340" oya="2" hai0="62,16,97,31,12,85,83,95,39,108,119,122,44" hai1="126,20,84,37,19,76,90,107,110,45,104,134,35" hai2="4,79,8,82,0,105,91,13,21,32,72,33,43" hai3="60,117,120,80,18,124,100,53,69,121,11,26,28"/><V94/><F105/><W129/><G117/><T127/><D122/><U47/><E35/><V109/><F43/><W58/><G124/><T116/><D127/><U77/><E126/><V106/><F106/><W14/><G129/><T42/><D108/><U113/><E113/><V55/><F109/><W112/><G112/><T111/><D111/><U99/><E110/><V24/><F0/><W133/><G133/><T89/><D62/><U68/><E68/><V57/><F57/><W70/><G100/><T9/><REACH who="0" step="1"/><D31/><REACH who="0" ten="270,130,250,340" step="2"/><U98/><E134/><V36/><F36/><W73/><G120/><T88/><AGARI ba="0,1" hai="9,12,16,39,42,44,83,85,88,89,95,97,116,119" machi="88" ten="30,8000,1" yaku="1,1,2,1,0,1,54,2,53,0" doraHai="22" doraHaiUra="135" who="0" fromWho="0" sc="270,90,130,-20,250,-40,340,-20" /><INIT seed="3,0,0,3,2,5" ten="360,110,210,320" oya="3" hai0="32,25,90,122,33,131,37,17,113,51,43,108,76" hai1="10,93,70,71,28,42,2,27,24,12,54,96,69" hai2="15,97,94,112,132,101,36,63,133,123,74,95,121" hai3="53,86,92,7,129,87,134,56,50,61,109,130,38"/><W100/><G38/><T80/><D122/><N who="2" m="46602" /><F63/><W14/><G134/><N who="2" m="51817" /><F15/><W52/><G109/><T124/><D108/><U128/><E128/><N who="3" m="49258" /><G100/><T39/><D131/><U16/><E42/><V115/><F36/><W99/><G99/><T75/><D37/><U1/><E54/><V55/><F55/><W127/><G92/><N who="2" m="35369" /><F74/><W22/><G127/><T84/><D39/><U107/><E107/><AGARI ba="0,0" hai="97,101,107,112,115" m="35369,51817,46602" machi="107" ten="30,7700,0" yaku="13,1,20,1,34,2" doraHai="5" who="2" fromWho="1" sc="360,0,110,-77,210,77,320,0" owari="360,46.0,33,-46.7,287,-11.3,320,12.0" /></mjloggm>