<mjloggm ver="2.3"><GO type="225" lobby="0"/><UN n0="%E3%82%82%E3%81%90%E3%82%89" n1="%E3%83%A2%E3%83%B3%E3%82%AD%E3%83%BC%E3%83%88%E3%83%AA%E3%83%83%E3%82%AF" n2="%72%69%6F%75%63%68%61%6E" n3="%E2%91%A3%E9%81%BF%E9%81%8A%E6%88%AF%E3%80%90%E6%9D%B1%E5%8D%97%E3%80%91" dan="17,17,16,16" rate="2215.00,2173.26,2219.70,2057.86" sx="M,M,M,M"/><TAIKYOKU oya="0"/><INIT seed="0,0,0,1,2,49" ten="250,250,250,250" oya="0" hai0="81,107,59,72,99,109,17,27,48,13,3,19,12" hai1="126,11,73,62,26,44,21,2,96,20,105,33,90" hai2="36,100,123,78,54,15,58,120,127,7,118,5,45" hai3="71,93,82,103,53,39,122,38,84,75,97,4,124"/><T64/><D3/><U47/><E73/><V37/><F127/><W98/><G124/><T35/><D109/><U10/><E126/><V50/><F118/><W60/><G122/><T121/><D121/><U74/><E74/><V8/><F78/><W16/><G75/><T135/><D135/><U87/><E33/><V1/><F36/><W132/><G132/><T22/><D81/><U41/><E105/><V83/><F83/><W108/><G4/><T101/><D72/><U89/><E96/><V116/><F116/><W9/><G98/><T85/><D85/><U51/><E2/><V63/><F37/><W77/><G108/><T42/><D42/><U67/><E47/><V79/><F79/><W30/><G30/><T69/><D69/><U76/><E76/><V25/><F100/><W86/><G86/><T14/><D35/><U43/><E21/><V52/><REACH who="2" step="1"/><F25/><REACH who="2" ten="250,250,240,250" step="2"/><W92/><G39/><T114/><D114/><U65/><E90/><V32/><F32/><W106/><G38/><T28/><REACH who="0" step="1"/><D64/><REACH who="0" ten="240,250,240,250" step="2"/><U95/><E67/><V55/><F55/><AGARI ba="0,2" hai="12,13,14,17,19,22,27,28,48,55,59,99,101,107" machi="55" ten="40,7700,0" yaku="1,1,2,1,52,1,53,0" doraHai="49" doraHaiUra="134" who="0" fromWho="2" sc="240,97,250,0,240,-77,250,0" /><INIT seed="0,1,0,2,2,18" ten="337,250,163,250" oya="0" hai0="114,115,91,87,17,99,66,37,128,25,41,131,101" hai1="16,46,32,33,27,129,1,42,80,54,119,45,76" hai2="19,59,130,29,2,65,96,47,38,71,49,23,0" hai3="44,60,4,120,56,79,122,7,73,55,109,26,100"/><T14/><D66/><U8/><E119/><V58/><F130/><N who="0" m="49706" /><D37/><U108/><E108/><V78/><F78/><W57/><G109/><T117/><D41/><U62/><E129/><V123/><F123/><W94/><G73/><T106/><D25/><U43/><E1/><V102/><F29/><W121/><G79/><T81/><D14/><U105/><E105/><V85/><F38/><W103/><G26/><T82/><D17/><U95/><E95/><V125/><F85/><W63/><G44/><T104/><D117/><U124/><E124/><V92/><F125/><W126/><G126/><T127/><D127/><U89/><E89/><V9/><F71/><W86/><G86/><N who="0" m="50639" /><D104/><U13/><E27/><V48/><F48/><W61/><G94/><T134/><D134/><U132/><E132/><V30/><F30/><W64/><G63/><T84/><D84/><N who="1" m="48135" /><E32/><V15/><F65/><W50/><G50/><T116/><D116/><U28/><E33/><V112/><F0/><W107/><G107/><T39/><D39/><U36/><E28/><V52/><REACH who="2" step="1"/><F112/><REACH who="2" ten="337,250,153,250" step="2"/><W12/><G120/><T135/><D135/><U67/><E36/><V72/><F72/><W34/><G122/><T113/><D115/><U98/><E67/><V110/><F110/><W11/><G121/><T31/><D31/><U51/><E51/><V53/><F53/><W5/><G34/><T35/><D35/><U97/><E54/><V69/><F69/><W74/><G74/><T10/><D114/><U40/><E62/><V70/><F70/><W88/><G88/><N who="0" m="51319" /><D113/><U21/><E45/><V77/><F77/><RYUUKYOKU ba="1,1" sc="337,10,250,-30,153,10,250,10" hai0="10,99,101,106" hai2="2,9,15,19,23,47,49,52,58,59,92,96,102" hai3="4,5,7,11,12,55,56,57,60,61,64,100,103" /><INIT seed="0,2,1,1,2,50" ten="347,220,163,260" oya="0" hai0="135,1,128,29,76,121,105,8,103,118,38,75,51" hai1="108,24,58,94,2,10,13,19,133,46,132,4,63" hai2="41,12,109,55,35,126,83,93,47,48,78,40,90" hai3="54,115,20,17,84,71,110,37,62,134,68,11,87"/><T114/><RYUUKYOKU type="yao9" ba="2,1" sc="347,0,220,0,163,0,260,0" hai0="1,8,29,38,51,75,76,103,105,114,118,121,128,135" /><INIT seed="0,3,1,4,0,40" ten="347,220,163,260" oya="0" hai0="119,82,85,5,53,44,17,91,31,122,28,74,16" hai1="107,73,61,94,24,58,116,134,36,129,106,104,4" hai2="19,60,62,124,23,18,95,83,37,66,32,105,79" hai3="78,3,114,54,34,45,135,127,33,89,52,96,115"/><T100/><D122/><U51/><E36/><V29/><F124/><W108/><G3/><T6/><D74/><U118/><E73/><V13/><F105/><W113/><G127/><T59/><D100/><U128/><E4/><N who="0" m="1641" /><D119/><U38/><E38/><V57/><F37/><W2/><G2/><T65/><D65/><U110/><E110/><V76/><F83/><W103/><G108/><T49/><D59/><U117/><E134/><V63/><F18/><AGARI ba="3,1" hai="16,17,18,28,31,44,49,53,82,85,91" m="1641" machi="18" ten="30,5800,0" yaku="8,1,52,1,54,1" doraHai="40" who="0" fromWho="2" sc="347,77,220,0,163,-67,260,0" /><INIT seed="0,4,0,2,5,119" ten="424,220,96,260" oya="0" hai0="113,60,14,39,44,56,52,127,61,50,12,54,131" hai1="111,110,65,32,27,125,108,115,63,19,109,29,133" hai2="124,67,16,37,92,53,49,97,106,34,107,104,102" hai3="31,72,4,10,134,95,30,36,129,35,98,66,126"/><T120/><D113/><U45/><N who="1" m="27648" /><DORA hai="112" /><U82/><E115/><V87/><F124/><W128/><G126/><T114/><D114/><U132/><E125/><V55/><F37/><W73/><G36/><T33/><D33/><U91/><E45/><V121/><F34/><W57/><G134/><T7/><D127/><U81/><E19/><V5/><F5/><W123/><G57/><N who="0" m="34855" /><D39/><U75/><E91/><V71/><F121/><W8/><G123/><T89/><D120/><U47/><E47/><V118/><F118/><W64/><G35/><T68/><D68/><U23/><E23/><V9/><F87/><W15/><G95/><T86/><D7/><U48/><E48/><V100/><F100/><W58/><G58/><T38/><D38/><U26/><E26/><V40/><F40/><W62/><G98/><T94/><D131/><U85/><E85/><V11/><F49/><W24/><G4/><T46/><D46/><U103/><E103/><V69/><F69/><W41/><G24/><T18/><D18/><U0/><E0/><V1/><F1/><W76/><G62/><T77/><D77/><N who="1" m="44223" /><E82/><V130/><F130/><W25/><G25/><T83/><D83/><U6/><E6/><V13/><REACH who="2" step="1"/><F11/><REACH who="2" ten="424,220,86,260" step="2"/><W43/><G76/><T99/><D86/><U80/><E80/><V84/><F84/><W79/><G79/><T70/><D70/><AGARI ba="4,1" hai="27,29,32,63,65,70,132,133" m="44223,27648" machi="70" ten="60,3900,0" yaku="14,1,23,1" doraHai="119,112" who="1" fromWho="0" sc="424,-51,220,61,86,0,260,0" /><INIT seed="1,0,0,3,1,13" ten="373,281,86,260" oya="1" hai0="121,45,90,52,47,88,62,124,76,21,86,110,114" hai1="9,83,65,19,43,77,67,85,99,64,126,31,97" hai2="14,122,39,12,25,29,125,93,10,7,40,123,127" hai3="50,107,111,53,108,89,57,94,96,18,119,69,103"/><U51/><E126/><N who="2" m="48139" /><F40/><W100/><G119/><T131/><D114/><U15/><REACH who="1" step="1"/><E31/><REACH who="1" ten="373,271,86,260" step="2"/><V26/><F39/><W8/><G108/><T98/><D124/><U117/><E117/><V20/><F93/><W56/><G111/><T60/><D110/><U87/><E87/><V115/><F115/><W30/><G30/><T78/><D86/><U120/><E120/><N who="2" m="46123" /><F25/><W118/><G118/><T54/><D121/><U2/><E2/><AGARI ba="0,1" hai="2,7,10,12,14,20,26,29" m="46123,48139" machi="2" ten="30,3900,0" yaku="18,1,34,2" doraHai="13" who="2" fromWho="1" sc="373,0,271,-39,86,49,260,0" /><INIT seed="2,0,0,1,0,128" ten="373,232,135,260" oya="2" hai0="85,97,19,31,77,76,30,67,72,96,50,36,124" hai1="112,99,42,40,119,100,102,103,35,34,44,8,114" hai2="118,73,13,62,122,68,1,21,70,41,6,91,56" hai3="93,134,55,16,47,110,12,26,51,133,2,126,49"/><V94/><F118/><W28/><G2/><T58/><D36/><U10/><E99/><N who="0" m="37961" /><D72/><U107/><E44/><V66/><F122/><W95/><G126/><T79/><D124/><U121/><E121/><V60/><F73/><W24/><G110/><T117/><D117/><U69/><E69/><V111/><F111/><W38/><G38/><T29/><D19/><U3/><E119/><V9/><F41/><N who="1" m="15977" /><E3/><V54/><F68/><W127/><G51/><T109/><D109/><U23/><E23/><V87/><REACH who="2" step="1"/><F21/><REACH who="2" ten="373,232,125,260" step="2"/><W89/><G127/><T74/><D74/><U135/><E107/><V90/><F90/><W52/><G89/><T129/><D79/><U86/><E34/><V5/><F5/><W53/><G49/><T18/><D77/><U108/><E35/><V7/><F7/><W27/><G47/><T132/><D50/><U37/><E108/><V0/><AGARI ba="0,1" hai="0,1,6,9,13,54,56,60,62,66,70,87,91,94" machi="0" ten="30,6000,0" yaku="1,1,0,1,53,1" doraHai="128" doraHaiUra="82" who="2" fromWho="2" sc="373,-20,232,-20,125,70,260,-20" /><INIT seed="2,1,0,4,1,27" ten="353,212,195,240" oya="2" hai0="44,124,87,67,125,54,2,36,100,61,17,78,20" hai1="127,58,97,81,116,90,39,109,96,117,129,32,131" hai2="66,103,50,126,120,94,114,52,115,11,34,1,86" hai3="49,85,68,91,25,30,79,38,5,37,23,3,64"/><V69/><F120/><W40/><G79/><T65/><D2/><U21/><E39/><V53/><F126/><N who="0" m="48746" /><D100/><U112/><E32/><V45/><F34/><W15/><G3/><T128/><D128/><N who="1" m="49227" /><E58/><V8/><F53/><W132/><G132/><T18/><D36/><U46/><E46/><V7/><F11/><W13/><G38/><T16/><D20/><U63/><E63/><V104/><F104/><W80/><G37/><T93/><D44/><U10/><E10/><V51/><F51/><W108/><G108/><T133/><D133/><U71/><E71/><V95/><F86/><W26/><G5/><T119/><D119/><N who="1" m="45643" /><E21/><V31/><F31/><N who="3" m="17855" /><G68/><T77/><D54/><U28/><E28/><V107/><F107/><W99/><G64/><T72/><D72/><U84/><E127/><V105/><F105/><W22/><G99/><N who="1" m="37962" /><E112/><V122/><F122/><W121/><BYE who="2" /><G121/><UN n2="%72%69%6F%75%63%68%61%6E" /><T56/><D67/><U102/><E102/><V75/><F103/><W14/><G49/><T83/><D65/><U98/><N who="1" m="37970" /><U41/><DORA hai="82" /><E41/><AGARI ba="1,0" hai="13,14,15,22,26,30,40,41,80,85,91" m="17855" machi="41" ten="30,7700,0" yaku="8,1,52,3" doraHai="27,82" who="3" fromWho="1" sc="353,0,212,-80,195,0,240,80" /><INIT seed="3,0,0,0,0,70" ten="353,132,195,320" oya="3" hai0="119,94,103,19,20,29,59,28,58,11,33,64,78" hai1="21,76,54,68,92,46,38,72,27,40,22,56,124" hai2="116,128,16,1,83,14,57,25,96,69,26,91,10" hai3="30,84,50,111,130,8,73,4,127,61,15,110,135"/><W12/><G73/><T107/><D119/><U100/><E68/><V66/><F116/><W112/><G112/><T81/><D107/><U23/><E124/><V95/><F128/><W48/><G127/><T122/><D33/><U108/><E108/><N who="3" m="41514" /><G130/><T53/><D122/><U5/><E5/><V117/><F117/><W134/><G30/><T18/><D64/><U132/><E132/><N who="3" m="50730" /><G61/><N who="0" m="36047" /><D59/><U93/><E100/><N who="2" m="60447" /><F1/><N who="3" m="15" /><G84/><N who="0" m="48183" /><D11/><U77/><E72/><V2/><F2/><W31/><G31/><N who="0" m="11851" /><D20/><U6/><E6/><V3/><F3/><W32/><G32/><T120/><D120/><U36/><E38/><V121/><F69/><W44/><G50/><T126/><D126/><U82/><E76/><V86/><F121/><W42/><AGARI ba="0,0" hai="12,15,42,44,48" m="15,50730,41514" machi="42" ten="30,6000,0" yaku="14,1,10,1,20,1" doraHai="70" who="3" fromWho="3" sc="353,-20,132,-20,195,-20,320,60" owari="333,13.3,112,-38.8,175,-22.5,380,48.0" /></mjloggm>