<mjloggm ver="2.3"><GO type="225" lobby="0"/><UN n0="%6D%75%75%6D%75%72%61" n1="%4E%55%44%41" n2="%E3%81%AF%E3%82%88%E3%81%8A%E3%81%98%E3%81%95%E3%82%93" n3="%E8%BE%9B%E5%8F%A3%E3%82%AB%E3%83%AC%E3%83%BC%E3%83%A9%E3%82%A4%E3%82%B9" dan="17,17,17,16" rate="2173.36,2148.03,2191.20,2221.74" sx="F,M,M,M"/><TAIKYOKU oya="0"/><INIT seed="0,0,0,4,0,60" ten="250,250,250,250" oya="0" hai0="86,56,6,7,55,30,11,116,124,31,21,123,87" hai1="120,83,50,46,64,3,35,122,93,53,2,106,133" hai2="17,129,75,91,66,99,132,130,54,73,102,97,114" hai3="103,45,58,12,101,96,5,119,39,121,117,22,24"/><T113/><D113/><U16/><E106/><N who="2" m="63823" /><F54/><W51/><G121/><T89/><D123/><U20/><E35/><V49/><F49/><W84/><G39/><T10/><D116/><U78/><E133/><V107/><F17/><W48/><G103/><T36/><D36/><U57/><E120/><V65/><F114/><W131/><G131/><N who="2" m="50185" /><F132/><W44/><G84/><N who="0" m="32299" /><D89/><U59/><E122/><V105/><F91/><W19/><G58/><T34/><D34/><U8/><E59/><V68/><F68/><W69/><G69/><T126/><D21/><U18/><E20/><V41/><F41/><W40/><G5/><N who="0" m="1547" /><D55/><U62/><E93/><V23/><F23/><W42/><REACH who="3" step="1"/><G12/><REACH who="3" ten="250,250,250,240" step="2"/><T108/><D56/><U70/><E70/><V104/><F99/><W28/><G28/><N who="0" m="10795" /><D108/><U74/><REACH who="1" step="1"/><E8/><AGARI ba="0,1" hai="8,10,11,124,126" m="10795,1547,32299" machi="8" ten="30,2900,0" yaku="28,2" doraHai="60" who="0" fromWho="1" sc="250,39,250,-29,250,0,240,0" /><INIT seed="0,1,0,1,4,69" ten="289,221,250,240" oya="0" hai0="127,73,28,65,35,98,3,64,33,44,126,7,68" hai1="16,67,125,4,32,60,107,40,49,61,81,89,46" hai2="118,77,84,115,9,6,130,2,41,0,100,34,111" hai3="38,124,110,15,47,114,106,72,85,121,76,132,131"/><T97/><D73/><U129/><E32/><N who="0" m="12361" /><D28/><U92/><E107/><V63/><F115/><W1/><G15/><T31/><D31/><U22/><E129/><V51/><F34/><W13/><G13/><T18/><D68/><U128/><E128/><V62/><F130/><W74/><G1/><T56/><D56/><U112/><E112/><V78/><F0/><W39/><G47/><T103/><D103/><U105/><E105/><V91/><F100/><W58/><G131/><T59/><D59/><U42/><E125/><N who="0" m="47625" /><D18/><U54/><E81/><V86/><F62/><N who="1" m="24169" /><E4/><V10/><F63/><W36/><G124/><T50/><D7/><U19/><E67/><N who="0" m="25673" /><D3/><U27/><E19/><V88/><F6/><W117/><G114/><T52/><AGARI ba="1,0" hai="44,50,52,97,98" m="25673,47625,12361" machi="52" ten="40,3900,0" yaku="18,1,54,1" doraHai="69" who="0" fromWho="0" sc="289,42,221,-14,250,-14,240,-14" /><INIT seed="0,2,0,0,2,130" ten="331,207,236,226" oya="0" hai0="129,12,84,69,103,122,7,64,76,0,49,56,83" hai1="8,133,74,34,51,123,115,119,104,20,22,82,52" hai2="39,127,93,13,53,47,131,97,73,32,61,66,77" hai3="79,125,101,29,23,88,46,41,14,85,18,80,4"/><T91/><D122/><U67/><E123/><V62/><F32/><W17/><G125/><T108/><D0/><U99/><E119/><V50/><F131/><W58/><G101/><T3/><D129/><U87/><E74/><V33/><F33/><W28/><G4/><T35/><D3/><U44/><E34/><V107/><F127/><W120/><G120/><T134/><D35/><U21/><E115/><V113/><F113/><W45/><G58/><T42/><D69/><U116/><E116/><V96/><F39/><W121/><G121/><T5/><D103/><U135/><E67/><V112/><F112/><W102/><G102/><T24/><D24/><U54/><E99/><V43/><F107/><W100/><G100/><T2/><D2/><U6/><E54/><V128/><F128/><W25/><G79/><T98/><D108/><U38/><E38/><V92/><F77/><W31/><REACH who="3" step="1"/><G41/><REACH who="3" ten="331,207,236,216" step="2"/><T126/><D76/><U55/><E104/><V71/><F43/><W60/><G60/><T48/><D5/><U109/><E55/><V19/><F62/><W10/><AGARI ba="2,1" hai="10,14,17,18,23,25,28,29,31,45,46,80,85,88" machi="10" ten="30,8000,1" yaku="1,1,0,1,8,1,54,1,53,1" doraHai="130" doraHaiUra="11" who="3" fromWho="3" sc="331,-42,207,-22,236,-22,216,96" /><INIT seed="1,0,0,4,4,67" ten="289,185,214,312" oya="1" hai0="131,80,106,83,9,2,69,92,113,40,53,104,61" hai1="103,94,20,12,68,50,105,77,127,22,13,84,44" hai2="0,72,23,26,58,52,8,54,63,70,55,6,87" hai3="64,118,21,120,59,111,35,7,75,4,56,129,32"/><U15/><E127/><V1/><F72/><W98/><G120/><T71/><D113/><U10/><E10/><V74/><F74/><W97/><G75/><T42/><D131/><U45/><E68/><V110/><F110/><W41/><G111/><T3/><D92/><U60/><E60/><V93/><F0/><W81/><G64/><T79/><D9/><U43/><E45/><V46/><F70/><W47/><G21/><N who="1" m="8298" /><E105/><V102/><F46/><W49/><G47/><T130/><D61/><U95/><E103/><V17/><REACH who="2" step="1"/><F87/><REACH who="2" ten="289,185,204,312" step="2"/><W123/><G59/><T85/><D130/><U125/><E125/><V117/><F117/><W99/><G56/><T65/><D85/><U134/><E134/><V57/><F57/><W112/><G118/><T76/><D65/><U96/><E96/><AGARI ba="0,1" hai="1,6,8,17,23,26,52,54,55,58,63,93,96,102" machi="96" ten="40,2600,0" yaku="1,1,54,1,53,0" doraHai="67" doraHaiUra="66" who="2" fromWho="1" sc="289,0,185,-26,204,36,312,0" /><INIT seed="2,0,0,5,5,46" ten="289,159,240,312" oya="2" hai0="1,19,62,61,121,52,38,18,96,132,41,118,21" hai1="20,74,63,111,5,35,31,91,56,116,7,2,75" hai2="49,81,57,36,80,42,44,104,50,17,120,103,24" hai3="72,32,25,23,127,78,82,88,60,54,125,30,110"/><V13/><F120/><W105/><G105/><T133/><D121/><U124/><E116/><V106/><F24/><W84/><G110/><T55/><D1/><U94/><E35/><V117/><F117/><W126/><G60/><N who="0" m="23147" /><D118/><U67/><E111/><V27/><F27/><W76/><G54/><N who="0" m="20523" /><D96/><U129/><E129/><V71/><F71/><W130/><G130/><T79/><D79/><N who="3" m="30249" /><G72/><T0/><D0/><U43/><E124/><V97/><F104/><W11/><G11/><T109/><D21/><AGARI ba="0,0" hai="21,23,25,30,32,82,84,88,125,126,127" m="30249" machi="21" ten="40,2600,0" yaku="18,1,54,1" doraHai="46" who="3" fromWho="0" sc="289,-26,159,0,240,0,312,26" /><INIT seed="3,0,0,5,5,91" ten="263,159,240,338" oya="3" hai0="1,21,97,92,67,2,66,38,5,73,37,15,50" hai1="23,98,128,130,78,30,31,53,114,45,48,29,6" hai2="100,95,72,57,56,70,16,107,125,54,90,32,39" hai3="99,104,52,51,25,34,103,82,86,19,20,55,59"/><W83/><G34/><T28/><D73/><U124/><E114/><V108/><F70/><W11/><G86/><T109/><D109/><U9/><E124/><V76/><F39/><W129/><G129/><T112/><D112/><U62/><E78/><V116/><F116/><W93/><G104/><T113/><D113/><U68/><E68/><V58/><F32/><W96/><G96/><T133/><D38/><U63/><E23/><V101/><F108/><W126/><G126/><T7/><D37/><U105/><E105/><V89/><F125/><W81/><G11/><T10/><D1/><U71/><E71/><V106/><F106/><W14/><G55/><T46/><D5/><U77/><E77/><V80/><F89/><W119/><G119/><T87/><D87/><U47/><E47/><V64/><F64/><W3/><G3/><T27/><D2/><U135/><E135/><V49/><F16/><W118/><G118/><T43/><D133/><U44/><E44/><V36/><F36/><W120/><G120/><T42/><D42/><U115/><E115/><V85/><F101/><AGARI ba="0,0" hai="7,10,15,21,27,28,43,46,50,66,67,92,97,101" machi="101" ten="30,3900,0" yaku="7,1,8,1,52,1" doraHai="91" who="0" fromWho="2" sc="263,39,159,0,240,-39,338,0" owari="302,10.2,159,-34.1,201,-19.9,338,43.8" /></mjloggm>