<mjloggm ver="2.3"><GO type="225" lobby="0"/><UN n0="%E5%BA%97%E9%95%B7%4D" n1="%E3%82%A2%E3%83%A1%E3%82%A2%E3%83%A9%E3%83%AC" n2="%E6%81%A5%E6%99%92%E3%81%97" n3="%61%6D%65%6B%69" dan="16,16,16,16" rate="2096.73,2144.46,2093.89,2085.49" sx="M,M,M,M"/><TAIKYOKU oya="0"/><INIT seed="0,0,0,5,3,114" ten="250,250,250,250" oya="0" hai0="35,89,120,28,96,63,76,44,80,46,79,101,21" hai1="86,43,119,122,41,29,36,125,30,130,74,0,93" hai2="6,25,107,50,132,95,117,10,37,87,69,129,48" hai3="128,134,23,39,131,55,118,123,72,77,7,42,113"/><T82/><D120/><U45/><E122/><V104/><F37/><W100/><G123/><T24/><D35/><U92/><E74/><V68/><F129/><W57/><G100/><T85/><D63/><U53/><E0/><V5/><F25/><W71/><G113/><T65/><D65/><U58/><E130/><N who="3" m="49706" /><G23/><T126/><D126/><U19/><E43/><V110/><F95/><W17/><G17/><T94/><REACH who="0" step="1"/><D101/><REACH who="0" ten="240,250,250,250" step="2"/><U52/><E125/><V38/><F68/><W135/><G71/><T18/><D18/><U12/><E19/><V81/><F69/><W11/><G135/><T66/><D66/><U20/><E30/><V106/><F132/><W73/><G134/><T121/><D121/><U70/><E29/><V83/><F5/><W4/><G4/><T78/><D78/><U26/><E70/><V22/><F6/><W124/><G124/><T14/><D14/><U59/><E12/><V90/><F38/><W102/><G102/><T16/><D16/><U32/><E32/><V2/><F2/><W8/><G7/><T98/><D98/><U9/><E36/><V49/><F48/><W109/><G39/><T1/><D1/><U33/><E33/><V64/><F49/><W127/><G127/><T103/><D103/><U60/><E60/><V84/><F50/><W47/><G11/><T108/><D108/><U40/><E9/><V56/><F10/><W75/><G8/><T112/><D112/><U91/><E26/><V27/><F27/><W99/><G109/><T54/><D54/><U97/><E53/><V62/><F110/><W31/><G55/><RYUUKYOKU ba="0,1" sc="240,30,250,-10,250,-10,250,-10" hai0="21,24,28,44,46,76,79,80,82,85,89,94,96" /><INIT seed="0,1,1,2,5,116" ten="270,240,240,240" oya="0" hai0="135,54,24,117,23,109,87,96,69,124,46,29,123" hai1="103,49,59,92,111,89,58,106,86,19,7,5,37" hai2="20,77,108,115,112,52,72,40,41,91,9,88,81" hai3="39,110,126,127,30,93,99,119,55,62,42,34,18"/><T98/><D117/><U15/><E111/><V67/><F108/><W71/><G110/><T21/><D109/><U4/><E37/><V130/><F130/><W28/><G119/><T61/><D124/><N who="3" m="47657" /><G34/><T8/><D123/><U75/><E75/><V78/><F67/><N who="3" m="41463" /><G55/><T60/><D135/><U114/><E114/><V80/><F20/><W48/><G39/><T97/><D69/><U13/><E13/><V57/><F9/><W85/><G85/><T118/><D118/><U45/><E103/><V84/><F57/><W47/><G18/><T16/><D87/><U94/><E106/><V33/><F33/><W100/><AGARI ba="1,1" hai="28,30,42,47,48,93,99,100" m="41463,47657" machi="100" ten="30,1100,0" yaku="18,1" doraHai="116" who="3" fromWho="3" sc="270,-6,240,-4,240,-4,240,24" /><INIT seed="1,0,0,1,0,75" ten="264,236,236,264" oya="1" hai0="77,25,13,17,52,67,81,96,80,9,124,128,103" hai1="85,99,117,6,98,74,111,120,114,79,37,22,43" hai2="70,105,20,36,69,40,87,115,53,34,7,133,4" hai3="19,134,57,106,44,93,48,64,11,84,126,54,89"/><U38/><E114/><V45/><F34/><W122/><G122/><T39/><D39/><U8/><E117/><V132/><F115/><W47/><G106/><T35/><D124/><U127/><E120/><V30/><F105/><W21/><G134/><N who="2" m="51817" /><F53/><W78/><G126/><T41/><D41/><U23/><E127/><V123/><F123/><W10/><G78/><T26/><D128/><U110/><E74/><V90/><F20/><N who="1" m="7721" /><E43/><V86/><F86/><W121/><G121/><T91/><D67/><U135/><E135/><V18/><F18/><W63/><REACH who="3" step="1"/><G47/><REACH who="3" ten="264,236,236,254" step="2"/><T61/><D35/><U62/><E79/><V50/><F45/><W31/><G31/><T42/><D42/><U88/><E38/><V112/><F30/><W32/><G32/><T66/><D77/><U33/><E37/><V49/><F40/><W28/><G28/><T71/><D91/><U109/><E33/><V113/><F36/><W94/><G94/><T5/><D81/><N who="1" m="49199" /><E62/><V51/><F112/><W118/><G118/><T46/><D80/><U100/><E100/><V119/><F119/><W3/><G3/><AGARI ba="0,1" hai="3,6,8,98,99,109,110,111" m="49199,7721" machi="3" ten="30,5800,0" yaku="14,1,10,1,54,1" doraHai="75" who="1" fromWho="3" sc="264,0,236,68,236,0,254,-58" /><INIT seed="1,1,0,1,3,57" ten="264,304,236,196" oya="1" hai0="33,74,4,38,65,36,123,109,21,2,55,22,54" hai1="93,86,70,16,18,71,13,23,37,34,44,35,113" hai2="75,53,6,15,68,0,83,63,76,92,112,98,58" hai3="51,1,64,42,100,67,5,12,117,59,132,50,62"/><U130/><E113/><V82/><F0/><W90/><G1/><T73/><D33/><U9/><E130/><V30/><F112/><W28/><G117/><T88/><D2/><U24/><E35/><V121/><F121/><W106/><G106/><T40/><D40/><U102/><E34/><V84/><F30/><W125/><G125/><T45/><D45/><U105/><E105/><V95/><F68/><W80/><G100/><T3/><D3/><U126/><E126/><V19/><F6/><W122/><G122/><T39/><D39/><U124/><E124/><V47/><F47/><W11/><G132/><T78/><D123/><U94/><E94/><V49/><F49/><W127/><G127/><T66/><D78/><U103/><E103/><V77/><REACH who="2" step="1"/><F98/><REACH who="2" ten="264,304,226,196" step="2"/><W135/><G135/><T118/><D4/><U99/><E37/><V61/><F61/><W8/><G28/><T91/><REACH who="0" step="1"/><D109/><REACH who="0" ten="254,304,226,196" step="2"/><U129/><E44/><V79/><F79/><W43/><G43/><T17/><D17/><U110/><E110/><V131/><F131/><W87/><G42/><T134/><D134/><U133/><E129/><V107/><F107/><W29/><G29/><T111/><D111/><U85/><E133/><V14/><F14/><W56/><G11/><AGARI ba="1,2" hai="11,15,19,53,58,63,75,76,77,82,83,84,92,95" machi="11" ten="30,3900,0" yaku="1,1,7,1,52,1,53,0" doraHai="57" doraHaiUra="116" who="2" fromWho="3" sc="254,0,304,0,226,62,196,-42" /><INIT seed="2,0,0,1,4,79" ten="254,304,288,154" oya="2" hai0="89,95,121,14,50,75,4,59,29,58,88,97,93" hai1="9,8,86,5,10,102,18,57,41,120,82,114,72" hai2="129,103,111,65,35,17,74,51,109,128,56,77,80" hai3="32,64,63,134,92,2,113,135,76,36,26,62,67"/><V24/><F103/><W19/><G2/><T70/><D70/><U105/><E114/><V12/><F35/><W125/><G32/><T61/><D75/><U99/><E120/><V42/><F24/><W107/><G107/><T7/><D121/><U20/><E72/><V37/><F37/><W55/><G19/><T110/><D110/><N who="2" m="41994" /><F42/><W118/><G26/><T27/><D50/><U133/><E133/><N who="3" m="50698" /><G92/><T28/><D14/><U123/><E41/><V119/><F119/><W127/><G76/><T98/><REACH who="0" step="1"/><D27/><REACH who="0" ten="244,304,288,154" step="2"/><U21/><E123/><V46/><F51/><W73/><G73/><T116/><D116/><U15/><E15/><V100/><F12/><W101/><G118/><T87/><D87/><U78/><E86/><V40/><F74/><W104/><G113/><T47/><D47/><U126/><E57/><V44/><F56/><N who="3" m="36935" /><G36/><T31/><D31/><U3/><E3/><V124/><F46/><W85/><G85/><T131/><D131/><U22/><E99/><V83/><F44/><W38/><G38/><T34/><D34/><U33/><E33/><V71/><F128/><W69/><G104/><T48/><D48/><U94/><E5/><V1/><F1/><W132/><G132/><T52/><D52/><U25/><E25/><V13/><F129/><W117/><G117/><T16/><D16/><U84/><E18/><V11/><F17/><W43/><G55/><T108/><D108/><U30/><E105/><V68/><F13/><W115/><G115/><T23/><D23/><U54/><E30/><V60/><F40/><W45/><G45/><T39/><D39/><RYUUKYOKU ba="0,1" sc="244,30,304,-10,288,-10,154,-10" hai0="4,7,28,29,58,59,61,88,89,93,95,97,98" /><INIT seed="3,1,1,5,3,85" ten="274,294,278,144" oya="3" hai0="10,80,17,104,110,16,120,32,112,119,0,116,133" hai1="74,25,22,6,64,44,52,114,93,15,132,29,63" hai2="83,130,91,78,54,4,100,118,7,125,8,124,87" hai3="84,101,45,77,23,72,46,38,129,86,126,79,9"/><W58/><G129/><T65/><D104/><U106/><E114/><V31/><F118/><W73/><G126/><N who="2" m="48745" /><F130/><W92/><G38/><T39/><D39/><U131/><E106/><V47/><F100/><W21/><G101/><T127/><D127/><U27/><E74/><N who="2" m="43479" /><F31/><W99/><G99/><T98/><D98/><U69/><E132/><V30/><F30/><W2/><G92/><T94/><D94/><U122/><E122/><V75/><F75/><W43/><G43/><T107/><D107/><U123/><E123/><V34/><F34/><W66/><G58/><T18/><D120/><U59/><E44/><V68/><F8/><W76/><G76/><T97/><D97/><U1/><E131/><V28/><F28/><W33/><G33/><T37/><D37/><U14/><E93/><N who="2" m="54527" /><F68/><W117/><G9/><T128/><D32/><U109/><E29/><V20/><F20/><W36/><G36/><T49/><D128/><U61/><E22/><V113/><F113/><W62/><G117/><T135/><D112/><U55/><E69/><V70/><F70/><W40/><G40/><T56/><D110/><U57/><E1/><V111/><F111/><W35/><G35/><T50/><D80/><U103/><E109/><V26/><F26/><N who="1" m="9737" /><E103/><V53/><F47/><W89/><G2/><T60/><D119/><U67/><E15/><V12/><F12/><W48/><G89/><T121/><D116/><U41/><E41/><V108/><F108/><W71/><G71/><T90/><D121/><U102/><E102/><V95/><F95/><W115/><G115/><T11/><D90/><RYUUKYOKU ba="1,1" sc="274,-15,294,15,278,15,144,-15" hai1="6,14,52,55,57,59,61,63,64,67" hai2="4,7,53,54" owari="259,-14.1,319,41.9,293,9.3,129,-37.1" /></mjloggm>