<mjloggm ver="2.3"><GO type="225" lobby="0"/><UN n0="%E3%81%BF%E3%81%BF%E3%81%9A" n1="%E8%A8%88%E7%AE%97%E6%A9%9F%E8%87%AA%E7%84%B6" n2="%E3%83%8F%E3%83%B3%E3%83%89%E3%83%A9%E3%83%BC%E3%83%BB%E3%83%AF%E3%83%B3" n3="%E7%89%B9%E6%9D%B1%E3%81%AF%E4%B8%96%E7%95%8C%E3%82%92%E6%95%91%E3%81%86" dan="18,17,17,16" rate="2251.75,2180.90,2260.93,2186.12" sx="M,M,M,M"/><TAIKYOKU oya="0"/><INIT seed="0,0,0,0,5,115" ten="250,250,250,250" oya="0" hai0="6,58,25,28,27,7,83,31,30,53,59,21,18" hai1="63,87,73,0,94,76,2,48,36,134,44,116,52" hai2="4,55,81,113,24,105,92,118,37,133,3,26,43" hai3="100,89,57,86,129,11,98,79,46,122,111,99,78"/><T66/><D83/><U13/><E73/><V22/><F113/><W91/><G111/><T130/><D130/><U60/><E134/><V54/><F105/><W12/><G129/><T39/><D39/><U14/><E36/><V34/><F133/><W128/><G128/><T49/><REACH who="0" step="1"/><D25/><REACH who="0" ten="240,250,250,250" step="2"/><U19/><E76/><V65/><F81/><W88/><G79/><T121/><D121/><U117/><E0/><V107/><F26/><W62/><G122/><T85/><D85/><U33/><E2/><V120/><F24/><W132/><G132/><T1/><D1/><U23/><E33/><V125/><F34/><W101/><G78/><T15/><D15/><U71/><E13/><V119/><F37/><W70/><G86/><T82/><D82/><U104/><E104/><V127/><F107/><W45/><G99/><T84/><D84/><U67/><REACH who="1" step="1"/><E60/><AGARI ba="0,1" hai="6,7,18,21,27,28,30,31,49,53,58,59,60,66" machi="60" ten="40,3900,0" yaku="1,1,8,1,53,0" doraHai="115" doraHaiUra="95" who="0" fromWho="1" sc="240,49,250,-39,250,0,250,0" /><INIT seed="0,1,0,1,4,115" ten="289,211,250,250" oya="0" hai0="134,92,23,110,109,111,84,96,126,116,113,65,75" hai1="38,76,28,56,85,45,97,41,105,58,12,35,77" hai2="29,14,52,127,89,20,21,93,117,100,46,43,69" hai3="73,19,98,2,102,91,66,18,125,82,118,123,48"/><T11/><D113/><U24/><E12/><V121/><F121/><W88/><G2/><T87/><D75/><U3/><E3/><V40/><F69/><W44/><G123/><T130/><D126/><U13/><E13/><V8/><F127/><W104/><G125/><T0/><D130/><U132/><E132/><V49/><F100/><W106/><G106/><T7/><D134/><U133/><E133/><V68/><F68/><W122/><G118/><T72/><D72/><U30/><E30/><V53/><F117/><W39/><G39/><T79/><D79/><U6/><E6/><V60/><F53/><W55/><G122/><T63/><D23/><N who="2" m="8778" /><F60/><W62/><G91/><N who="0" m="55327" /><D116/><U27/><E27/><V128/><F29/><W47/><G44/><T108/><N who="0" m="27648" /><DORA hai="4" /><T25/><D25/><U135/><E135/><V22/><F22/><W71/><REACH who="3" step="1"/><G73/><REACH who="3" ten="289,211,250,240" step="2"/><T15/><D0/><U5/><E105/><V26/><F26/><W67/><G67/><T78/><D78/><U1/><E77/><V34/><F128/><W74/><G74/><T37/><D37/><U95/><E76/><V16/><F34/><W90/><G90/><T31/><D31/><U124/><E124/><V59/><F46/><W107/><G107/><T131/><D131/><U32/><E32/><V99/><AGARI ba="1,1" hai="8,14,16,40,43,49,52,59,89,93,99" m="8778" machi="99" ten="30,7900,0" yaku="8,1,52,1,54,2" doraHai="115,4" who="2" fromWho="2" sc="289,-40,211,-21,250,92,240,-21" /><INIT seed="1,0,0,3,0,33" ten="249,190,342,219" oya="1" hai0="30,124,130,1,4,45,71,119,88,69,51,67,132" hai1="78,122,72,0,104,120,81,73,70,29,87,48,13" hai2="116,86,26,40,68,57,115,35,98,123,133,34,77" hai3="108,106,50,11,16,83,102,20,52,25,117,36,63"/><U55/><E70/><V8/><F68/><W112/><G112/><T62/><D119/><U3/><E104/><V42/><F123/><W61/><G36/><T56/><D124/><U31/><E13/><V92/><F116/><W94/><G106/><T107/><D107/><U38/><E38/><V93/><F133/><W19/><G108/><T24/><D132/><U126/><E126/><V84/><F8/><W32/><G32/><T85/><D130/><U58/><E122/><V91/><F115/><W99/><G117/><T109/><D109/><U66/><E66/><V111/><F111/><W59/><G83/><T121/><D121/><U96/><E96/><V37/><F57/><W6/><REACH who="3" step="1"/><G19/><REACH who="3" ten="249,190,342,209" step="2"/><T54/><D30/><U90/><E120/><V10/><F35/><W39/><G39/><T95/><REACH who="0" step="1"/><D24/><REACH who="0" ten="239,190,342,209" step="2"/><U79/><E29/><V27/><F27/><W131/><G131/><T46/><D46/><U118/><E31/><V110/><F26/><W80/><G80/><T134/><D134/><U18/><E118/><V74/><F110/><W125/><G125/><T105/><D105/><U17/><E18/><V43/><F34/><W22/><G22/><T23/><D23/><U129/><E17/><V12/><F37/><W7/><G7/><T14/><D14/><AGARI ba="0,2" hai="6,11,14,16,20,25,50,52,59,61,63,94,99,102" machi="14" ten="30,12000,2" yaku="1,1,7,1,8,1,54,2,53,1" doraHai="33" doraHaiUra="44" who="3" fromWho="0" sc="239,-120,190,0,342,0,209,140" /><INIT seed="2,0,0,0,0,101" ten="119,190,342,349" oya="2" hai0="79,91,21,62,8,18,14,113,120,61,122,89,75" hai1="1,81,39,129,92,46,26,70,7,135,95,60,45" hai2="132,48,111,4,118,125,112,65,6,38,124,67,53" hai3="13,108,100,110,121,0,130,55,32,94,23,83,5"/><V98/><F112/><W9/><G121/><T74/><D113/><U28/><E129/><V29/><F118/><W42/><G130/><T87/><D120/><U90/><E1/><V97/><F38/><W107/><G32/><T84/><D122/><U41/><E7/><N who="2" m="2603" /><F29/><W99/><G42/><T123/><D123/><U102/><E135/><V80/><F80/><W96/><G83/><T133/><D79/><U128/><E128/><V27/><F27/><W66/><G66/><N who="2" m="25097" /><F132/><W47/><G47/><T126/><D126/><N who="2" m="48746" /><F111/><N who="3" m="42539" /><G55/><T85/><D133/><U116/><E116/><V106/><F106/><W19/><G96/><T40/><D40/><U16/><E28/><V119/><F119/><W57/><G57/><AGARI ba="0,0" hai="48,53,57,97,98" m="48746,25097,2603" machi="57" ten="30,1500,0" yaku="18,1" doraHai="101" who="2" fromWho="3" sc="119,0,190,0,342,15,349,-15" /><INIT seed="2,1,0,0,1,60" ten="119,190,357,334" oya="2" hai0="8,107,72,75,113,55,10,96,132,63,99,53,103" hai1="25,54,83,92,93,35,88,56,129,111,90,24,127" hai2="89,34,18,115,109,108,64,121,30,40,128,13,21" hai3="123,131,0,62,87,2,105,110,68,45,4,95,14"/><V101/><F115/><W84/><G123/><T37/><D113/><U42/><E111/><N who="2" m="42571" /><F121/><W19/><G105/><T100/><D63/><N who="1" m="36247" /><E35/><V81/><F128/><W11/><G110/><T46/><D132/><U116/><E116/><V124/><F124/><W7/><G131/><T33/><D46/><U22/><E129/><V130/><F130/><W1/><G45/><T120/><D33/><U85/><E127/><V26/><F101/><W104/><G104/><T67/><D107/><U44/><E93/><V50/><F64/><W39/><G39/><T97/><D97/><N who="1" m="57479" /><E22/><V122/><F122/><W49/><G95/><T102/><D102/><U86/><E86/><N who="2" m="50383" /><F50/><AGARI ba="1,0" hai="24,25,42,44,50,83,85,90" m="57479,36247" machi="50" ten="30,2000,0" yaku="8,1,54,1" doraHai="60" who="1" fromWho="2" sc="119,0,190,23,357,-23,334,0" /><INIT seed="3,0,0,2,4,80" ten="119,213,334,334" oya="3" hai0="103,63,22,97,120,34,121,113,98,50,68,29,70" hai1="119,62,24,89,99,105,35,5,7,1,91,67,38" hai2="76,83,111,117,101,4,115,114,9,69,21,92,122" hai3="60,79,78,129,81,14,40,45,36,42,56,128,106"/><W132/><G132/><T52/><D113/><U41/><E38/><V16/><F117/><W23/><G106/><T59/><D22/><U47/><E119/><V127/><F69/><W94/><G42/><T55/><D70/><N who="1" m="42359" /><E47/><V37/><F37/><W77/><G94/><T28/><D98/><U39/><E39/><V51/><F111/><W85/><G14/><T125/><D125/><U17/><E17/><V131/><F127/><W124/><G23/><T134/><D134/><U53/><E53/><V18/><F131/><N who="3" m="50251" /><G124/><T26/><D28/><N who="1" m="19847" /><E41/><V33/><F33/><W96/><G96/><T20/><D20/><U82/><E82/><V109/><F109/><W3/><G3/><T30/><D30/><U110/><E110/><V135/><F135/><W87/><G81/><T57/><REACH who="0" step="1"/><D68/><REACH who="0" ten="109,213,334,334" step="2"/><U58/><E99/><V75/><F115/><W133/><G133/><T61/><D61/><U95/><E105/><AGARI ba="0,1" hai="26,29,34,50,52,55,57,59,63,97,103,105,120,121" machi="105" ten="30,3900,0" yaku="1,1,7,1,54,1,53,0" doraHai="80" doraHaiUra="0" who="0" fromWho="1" sc="109,49,213,-39,334,0,334,0" owari="158,-34.2,174,-22.6,334,43.4,334,13.4" /></mjloggm>