<mjloggm ver="2.3"><GO type="225" lobby="0"/><UN n0="%43%68%65" n1="%4D%50%43%32%38%30%30" n2="%E3%81%86%E3%81%A3%E3%81%97%E3%83%BC%30%30" n3="%E7%89%B9%E6%9D%B1%E3%81%AF%E4%B8%96%E7%95%8C%E3%82%92%E6%95%91%E3%81%86" dan="16,16,16,16" rate="2139.39,2155.54,2133.49,2187.18" sx="M,M,M,M"/><TAIKYOKU oya="0"/><INIT seed="0,0,0,2,3,126" ten="250,250,250,250" oya="0" hai0="2,9,3,33,60,100,84,19,62,17,43,75,5" hai1="11,116,16,99,54,36,35,120,123,79,52,109,48" hai2="87,68,0,21,51,111,119,135,31,122,91,76,102" hai3="61,56,44,71,47,38,23,94,81,41,25,103,70"/><T121/><D75/><U92/><E36/><V125/><F21/><W134/><G134/><T90/><D121/><U15/><E116/><V129/><F51/><W1/><G1/><T46/><D33/><U110/><E35/><V40/><F40/><W115/><G115/><T45/><D100/><U13/><E79/><V63/><F63/><W89/><G81/><T53/><D3/><U4/><E120/><V127/><F31/><W106/><G106/><T50/><D62/><U55/><E123/><V93/><F68/><W124/><G124/><T131/><D131/><U12/><E12/><V29/><F29/><W8/><G8/><T22/><D22/><U34/><E34/><V42/><F42/><W57/><G47/><T133/><D133/><U130/><E130/><V73/><F122/><W78/><G78/><T58/><REACH who="0" step="1"/><D46/><REACH who="0" ten="240,250,250,250" step="2"/><N who="1" m="27671" /><E110/><V83/><F0/><W112/><G103/><T74/><D74/><U37/><E109/><V85/><F111/><W39/><G61/><T114/><D114/><U108/><E108/><V107/><F135/><W18/><G112/><T7/><D7/><U10/><E37/><V118/><F129/><W128/><G39/><T28/><D28/><U105/><E105/><V80/><F125/><W96/><G128/><T24/><D24/><U66/><E66/><V32/><F32/><W26/><G25/><T113/><D113/><U88/><AGARI ba="0,1" hai="4,10,11,13,15,16,54,55,88,92,99" m="27671" machi="88" ten="30,7900,0" yaku="8,1,54,3" doraHai="126" who="1" fromWho="1" sc="240,-39,250,89,250,-20,250,-20" /><INIT seed="1,0,0,5,3,79" ten="201,339,230,230" oya="1" hai0="14,98,82,59,117,20,39,92,47,69,44,76,55" hai1="5,114,67,8,57,93,33,49,127,21,10,45,72" hai2="120,111,112,0,4,15,73,125,12,133,105,36,107" hai3="50,97,87,110,43,106,48,116,3,95,66,84,37"/><U63/><E114/><V2/><F15/><W24/><G3/><T28/><D69/><U56/><E33/><V134/><F12/><W75/><G75/><T123/><D117/><U135/><E72/><V71/><F4/><W109/><G106/><T100/><D123/><U131/><E135/><V129/><F107/><W51/><G66/><T6/><D39/><U119/><E119/><V130/><F0/><W78/><G116/><T124/><D124/><U16/><E127/><V18/><F18/><W88/><G24/><T29/><D29/><U113/><E131/><V90/><F90/><W22/><G22/><T58/><D58/><U60/><E93/><V11/><F11/><W70/><G70/><T101/><D101/><U96/><E96/><V64/><F64/><W94/><G78/><T118/><D118/><U65/><E5/><V32/><F133/><W115/><G115/><T23/><D23/><U9/><E113/><V41/><REACH who="2" step="1"/><F41/><REACH who="2" ten="201,339,220,230" step="2"/><W122/><G88/><T89/><D89/><U108/><E10/><V62/><F62/><W25/><G43/><T38/><D6/><U61/><E63/><V132/><F132/><W42/><G42/><T53/><D14/><N who="1" m="9367" /><E108/><V91/><F91/><W35/><G109/><T17/><D17/><U86/><E9/><V77/><F77/><W13/><G110/><T54/><D76/><U104/><E104/><V102/><F102/><W81/><G94/><T99/><D100/><U121/><E8/><V34/><F34/><W19/><G35/><T74/><D92/><U83/><E61/><V40/><F40/><W52/><G95/><RYUUKYOKU ba="0,1" sc="201,-10,339,-10,220,30,230,-10" hai2="2,32,36,71,73,105,111,112,120,125,129,130,134" /><INIT seed="2,1,1,0,4,53" ten="191,329,250,220" oya="2" hai0="94,52,4,19,132,24,120,106,129,13,84,89,60" hai1="79,77,110,10,75,90,22,37,5,119,82,38,93" hai2="64,31,99,96,116,78,17,41,91,65,131,113,80" hai3="118,40,72,29,61,34,9,135,57,21,25,71,126"/><V107/><F116/><W95/><G118/><T128/><D120/><U16/><E110/><V43/><F113/><W18/><G72/><T97/><D132/><U32/><E32/><V8/><F107/><W76/><G135/><T48/><D60/><U50/><E79/><V124/><F31/><W69/><G76/><T45/><D24/><U127/><E127/><V85/><F131/><W42/><G126/><T59/><D4/><U56/><E10/><V74/><F124/><W73/><G73/><T49/><D106/><U28/><E5/><V23/><F8/><W51/><G9/><T11/><REACH who="0" step="1"/><D97/><REACH who="0" ten="181,329,250,220" step="2"/><U58/><E119/><V108/><F99/><W117/><G117/><T114/><D114/><U26/><E26/><V68/><F96/><W44/><G40/><AGARI ba="1,2" hai="11,13,19,40,45,48,49,52,59,84,89,94,128,129" machi="40" ten="40,5200,0" yaku="1,1,52,1,54,1,53,0" doraHai="53" doraHaiUra="1" who="0" fromWho="3" sc="181,75,329,0,250,0,220,-55" /><INIT seed="3,0,0,3,0,15" ten="256,329,250,165" oya="3" hai0="26,34,10,23,82,81,0,59,118,100,42,61,132" hai1="124,35,88,66,19,6,74,12,125,117,44,52,127" hai2="101,7,76,69,20,17,119,8,18,46,72,27,104" hai3="73,1,102,96,116,85,54,38,4,28,134,33,106"/><W128/><G116/><T2/><D118/><U130/><E74/><V133/><F119/><W84/><G73/><T5/><D34/><U9/><E117/><V39/><F69/><W89/><G38/><T71/><D71/><U78/><E130/><V107/><F133/><W56/><G134/><T40/><D2/><U51/><E78/><V114/><F114/><W47/><G47/><T120/><D120/><U105/><E105/><V90/><F90/><W131/><G4/><T103/><D132/><U108/><E35/><V121/><F18/><W37/><G37/><T41/><D103/><U31/><E31/><V60/><F60/><W16/><G1/><T64/><REACH who="0" step="1"/><D100/><REACH who="0" ten="246,329,250,165" step="2"/><U43/><E124/><V129/><F101/><W53/><G16/><AGARI ba="0,1" hai="0,5,10,16,23,26,40,41,42,59,61,64,81,82" machi="16" ten="40,8000,1" yaku="1,1,2,1,52,1,54,1,53,0" doraHai="15" doraHaiUra="45" who="0" fromWho="3" sc="246,90,329,0,250,0,165,-80" owari="336,43.6,329,12.9,250,-15.0,85,-41.5" /></mjloggm>