<mjloggm ver="2.3"><GO type="225" lobby="0"/><UN n0="%E9%80%9F%E6%B0%B4%E5%87%9B%E9%A6%99" n1="%6B%79%6F%6E%6B%6F%31%31" n2="%6D%75%75%6D%75%72%61" n3="%E5%AE%AE%E4%BF%9D%E9%B6%8F%E8%82%89" dan="16,17,16,16" rate="2173.78,2202.15,2154.17,2103.60" sx="F,M,F,M"/><TAIKYOKU oya="0"/><INIT seed="0,0,0,1,3,98" ten="250,250,250,250" oya="0" hai0="79,93,130,28,32,72,120,101,112,96,83,31,95" hai1="104,16,75,86,80,78,115,81,108,29,40,34,12" hai2="89,67,37,20,0,21,30,43,113,117,68,44,35" hai3="46,110,62,94,64,131,23,54,2,74,13,82,66"/><T17/><D120/><U49/><E108/><V84/><F113/><W41/><G110/><T47/><D112/><U11/><E115/><V26/><F0/><W39/><G2/><T90/><D130/><U116/><E116/><V27/><F117/><W14/><G131/><T6/><D6/><U71/><E71/><V52/><F68/><W88/><G74/><T73/><D73/><U126/><E126/><V22/><F67/><W61/><G82/><T123/><D123/><U4/><E104/><V33/><F52/><W58/><G23/><T59/><D32/><U103/><E34/><V92/><REACH who="2" step="1"/><F22/><REACH who="2" ten="250,250,240,250" step="2"/><W69/><REACH who="3" step="1"/><G54/><REACH who="3" ten="250,250,240,240" step="2"/><T18/><D31/><AGARI ba="0,2" hai="20,21,26,27,30,31,33,35,37,43,44,84,89,92" machi="31" ten="30,8000,1" yaku="1,1,2,1,7,1,9,1,53,1" doraHai="98" doraHaiUra="87" who="2" fromWho="0" sc="250,-80,250,0,240,100,240,0" /><INIT seed="1,0,0,4,4,101" ten="170,250,340,240" oya="1" hai0="122,73,64,0,50,96,51,7,135,12,128,21,87" hai1="23,45,37,16,95,5,2,41,9,70,123,22,62" hai2="52,124,78,102,107,104,58,27,65,116,98,117,49" hai3="114,91,77,34,121,18,26,108,134,118,81,14,69"/><U74/><E123/><V132/><F124/><W48/><G121/><T130/><D73/><U54/><E74/><V57/><F132/><W4/><G114/><T32/><D32/><U1/><E1/><V85/><F104/><W28/><G69/><T53/><D64/><U109/><E23/><V46/><F27/><W71/><G71/><T84/><D0/><U89/><E109/><V88/><F78/><W83/><G108/><T72/><D72/><U42/><E70/><V17/><F17/><W61/><G4/><T63/><D135/><U8/><E8/><V25/><F25/><W35/><G35/><T60/><D122/><U10/><E10/><V133/><F133/><W39/><G39/><T92/><D130/><U3/><E3/><V29/><F29/><W59/><G48/><T131/><D131/><U55/><E62/><V36/><F58/><W82/><G91/><T105/><D105/><U126/><E41/><V94/><REACH who="2" step="1"/><F65/><REACH who="2" ten="170,250,330,240" step="2"/><W75/><G134/><T99/><D128/><U68/><E68/><V66/><F66/><W112/><G112/><T106/><D106/><U44/><E126/><V115/><F115/><W80/><G118/><T20/><D7/><U79/><E79/><V76/><F76/><W125/><G125/><T111/><D111/><U113/><E113/><V38/><F38/><W15/><REACH who="3" step="1"/><G18/><REACH who="3" ten="170,250,330,230" step="2"/><T120/><D120/><U110/><E110/><V24/><F24/><W127/><G127/><T30/><D30/><U47/><E16/><V119/><F119/><W11/><G11/><T103/><D21/><U19/><E22/><V31/><F31/><RYUUKYOKU ba="0,2" sc="170,-15,250,-15,330,15,230,15" hai2="36,46,49,52,57,85,88,94,98,102,107,116,117" hai3="14,15,26,28,34,59,61,75,77,80,81,82,83" /><INIT seed="2,1,2,0,1,7" ten="155,235,345,245" oya="2" hai0="42,50,60,25,62,105,38,102,79,59,36,65,52" hai1="97,63,17,33,103,84,73,2,43,93,133,127,55" hai2="3,98,15,51,0,1,125,114,30,129,48,104,11" hai3="26,72,124,78,46,81,35,47,29,28,107,4,116"/><V117/><F114/><W89/><G116/><T24/><D79/><U131/><E73/><V74/><F117/><W85/><G107/><T135/><D24/><U130/><E33/><V101/><F74/><W27/><G124/><T132/><D25/><U14/><E2/><V68/><F125/><W91/><G4/><T88/><D102/><U31/><E31/><V39/><F39/><W122/><G122/><T115/><D105/><U58/><E127/><V108/><F129/><N who="1" m="49161" /><E84/><V44/><F68/><W82/><REACH who="3" step="1"/><G89/><REACH who="3" ten="155,235,345,235" step="2"/><T10/><D88/><U37/><E133/><V40/><F0/><W92/><G92/><T128/><D115/><U56/><E93/><V109/><F1/><W53/><G53/><T21/><D128/><U5/><E5/><V13/><F3/><W118/><G118/><T86/><D135/><U95/><E55/><V34/><F104/><W45/><G45/><N who="0" m="25911" /><D132/><U119/><E119/><V94/><F94/><W71/><G71/><N who="0" m="42407" /><D21/><AGARI ba="1,3" hai="21,26,27,28,29,35,46,47,72,78,81,82,85,91" machi="21" ten="30,3900,0" yaku="1,1,7,1,53,1" doraHai="7" doraHaiUra="87" who="3" fromWho="0" sc="155,-42,235,0,345,0,235,72" /><INIT seed="3,0,0,1,5,119" ten="113,235,345,307" oya="3" hai0="123,77,15,98,56,132,57,58,135,113,55,95,93" hai1="36,75,107,90,32,126,65,16,128,100,12,40,29" hai2="37,51,69,105,102,66,14,106,76,39,111,18,68" hai3="118,13,94,117,120,0,53,46,114,44,121,83,22"/><W11/><G114/><T127/><D77/><U8/><E126/><V129/><F76/><W28/><G83/><T6/><D113/><U49/><E75/><V104/><F102/><W20/><G94/><T50/><D127/><U67/><E36/><V116/><F116/><N who="3" m="44651" /><G53/><T47/><D6/><U130/><E29/><V9/><F51/><W4/><G44/><T110/><D15/><U125/><E32/><V62/><F69/><W74/><G46/><T48/><D93/><U92/><E125/><V61/><F61/><W88/><G88/><T26/><D26/><U108/><E108/><V91/><F111/><W21/><G74/><T80/><D80/><U134/><E134/><V24/><F91/><W73/><G73/><T10/><D10/><U87/><E49/><V34/><F39/><W35/><G0/><T99/><D110/><U43/><E67/><V59/><F37/><W85/><G85/><T124/><D124/><U81/><E65/><V3/><F68/><W19/><G4/><T38/><D123/><N who="3" m="47177" /><G35/><T41/><D98/><U17/><E107/><V63/><F3/><W79/><G79/><T71/><D95/><U133/><E133/><N who="0" m="51273" /><D99/><U109/><E109/><V89/><F89/><W115/><G115/><T27/><D27/><AGARI ba="0,0" hai="11,13,19,20,21,22,27,28" m="47177,44651" machi="27" ten="30,12000,1" yaku="34,2,52,3" doraHai="119" who="3" fromWho="0" sc="113,-120,235,0,345,0,307,120" owari="-7,-50.7,235,-16.5,345,14.5,427,52.7" /></mjloggm>