<mjloggm ver="2.3"><GO type="225" lobby="0"/><UN n0="%E7%89%B9%E6%9D%B1%E3%81%AF%E4%B8%96%E7%95%8C%E3%82%92%E6%95%91%E3%81%86" n1="%E3%81%B2%E3%81%AA%E3%81%AE%E3%82%8A%E3%81%8F" n2="%E6%A1%9C%E8%8A%B1%E9%96%83%E3%80%85" n3="%4C%4F%4C%49%54%41" dan="16,17,18,16" rate="2164.28,2196.42,2287.42,2189.52" sx="M,M,M,F"/><TAIKYOKU oya="0"/><INIT seed="0,0,0,3,0,94" ten="250,250,250,250" oya="0" hai0="5,53,116,135,16,69,9,20,18,109,119,78,50" hai1="39,92,34,29,17,35,65,15,99,122,124,121,107" hai2="100,52,75,32,30,13,11,3,44,131,21,57,95" hai3="28,93,105,133,113,73,83,43,111,115,96,25,98"/><T90/><D69/><U104/><E39/><V23/><F75/><W130/><G111/><T87/><D135/><U77/><E124/><V79/><F131/><W22/><G130/><T36/><D36/><U128/><E128/><V41/><F79/><W8/><G133/><T76/><D109/><U56/><E77/><V64/><F64/><W114/><G73/><T24/><D18/><U68/><E68/><V125/><F3/><W49/><G83/><T108/><D108/><U31/><E107/><V46/><F32/><W10/><G43/><T51/><D51/><U102/><E35/><V103/><F30/><W58/><G49/><T72/><D119/><U19/><E19/><N who="2" m="8639" /><F41/><W123/><G58/><T14/><D116/><U27/><E31/><V70/><F103/><W55/><G55/><T62/><D62/><U82/><E82/><V4/><F4/><W66/><G66/><T47/><REACH who="0" step="1"/><D72/><REACH who="0" ten="240,250,250,250" step="2"/><U71/><E71/><V37/><F70/><W110/><G110/><T120/><D120/><U42/><E121/><V126/><F37/><W2/><G123/><T85/><D85/><U33/><E122/><V84/><F84/><W134/><G134/><T88/><D88/><U112/><E17/><V97/><F126/><W86/><G86/><T54/><D54/><U106/><E65/><V74/><F74/><W48/><G48/><T127/><D127/><U118/><E118/><V60/><F125/><W67/><G67/><T80/><AGARI ba="0,1" hai="5,9,14,16,20,24,47,50,53,76,78,80,87,90" machi="80" ten="20,12000,1" yaku="1,1,0,1,7,1,8,1,54,1,53,0" doraHai="94" doraHaiUra="117" who="0" fromWho="0" sc="240,130,250,-40,250,-40,250,-40" /><INIT seed="0,1,0,4,5,37" ten="370,210,210,210" oya="0" hai0="20,69,56,6,95,19,94,36,103,7,123,59,88" hai1="78,110,111,43,50,2,45,92,10,109,118,93,18" hai2="104,83,48,25,87,89,119,120,64,51,61,39,99" hai3="46,16,60,44,9,33,53,70,128,114,40,14,49"/><T71/><D123/><U23/><E118/><V68/><F120/><W100/><G114/><T121/><D121/><U134/><E134/><V24/><F39/><W108/><G108/><T54/><D36/><U17/><E78/><V116/><F48/><W81/><G33/><T124/><D124/><U27/><REACH who="1" step="1"/><E18/><REACH who="1" ten="370,200,210,210" step="2"/><V122/><F122/><W117/><G117/><T86/><D19/><U0/><E0/><V1/><F1/><W57/><G128/><T135/><D135/><U52/><E52/><V132/><F132/><W125/><G125/><T72/><D54/><U29/><E29/><V63/><F119/><W22/><G70/><T21/><D71/><U74/><E74/><V11/><F116/><W65/><G100/><T97/><D72/><U75/><E75/><V84/><F68/><W41/><G81/><T129/><D69/><U113/><E113/><V73/><F73/><W90/><G90/><T107/><D129/><U26/><E26/><V5/><F25/><N who="3" m="14535" /><G46/><T82/><D82/><U3/><E3/><V12/><F83/><W38/><G38/><T130/><D130/><U85/><E85/><V127/><F89/><W34/><G34/><T67/><D86/><U31/><E31/><V32/><F127/><W101/><G101/><T126/><D126/><U30/><E30/><V58/><F87/><W79/><G79/><T106/><D88/><U4/><AGARI ba="1,1" hai="2,4,10,17,23,27,43,45,50,92,93,109,110,111" machi="4" ten="40,8000,1" yaku="1,1,0,1,14,1,52,1,53,0" doraHai="37" doraHaiUra="28" who="1" fromWho="1" sc="370,-41,200,93,210,-21,210,-21" /><INIT seed="1,0,0,1,5,46" ten="329,293,189,189" oya="1" hai0="88,57,77,109,12,87,104,35,117,108,96,85,72" hai1="112,121,41,0,24,116,50,55,92,98,86,33,42" hai2="113,59,45,28,30,25,82,36,107,38,4,68,64" hai3="62,103,22,119,83,71,21,66,114,48,10,67,101"/><U43/><E112/><V7/><F68/><W106/><G114/><T90/><D35/><U44/><E116/><V128/><F113/><W110/><G110/><N who="0" m="42603" /><D117/><U60/><E0/><V31/><F107/><W39/><G119/><T115/><D115/><U80/><E121/><V18/><F128/><W17/><G39/><T78/><D12/><U95/><E60/><N who="2" m="37919" /><F38/><W23/><G67/><T27/><D27/><U111/><E111/><V37/><F37/><W56/><G106/><T74/><D57/><U123/><E123/><V75/><F75/><N who="0" m="28714" /><D87/><U89/><REACH who="1" step="1"/><E98/><REACH who="1" ten="329,283,189,189" step="2"/><V34/><F34/><W1/><G1/><T3/><D3/><U133/><E133/><V9/><F31/><AGARI ba="0,1" hai="24,31,33,41,42,43,44,50,55,80,86,89,92,95" machi="31" ten="40,7700,0" yaku="1,1,52,1,53,1" doraHai="46" doraHaiUra="47" who="1" fromWho="2" sc="329,0,283,87,189,-77,189,0" /><INIT seed="1,1,0,3,1,107" ten="329,370,112,189" oya="1" hai0="15,61,77,6,50,66,128,51,14,0,106,105,82" hai1="133,113,17,125,37,1,32,108,49,120,122,88,28" hai2="97,95,110,44,43,132,65,74,127,53,131,8,134" hai3="24,3,135,41,58,126,123,57,98,87,81,69,2"/><U36/><E113/><V80/><F110/><W72/><G123/><T9/><D128/><U60/><E1/><V76/><F131/><W19/><G69/><T100/><D106/><U103/><E133/><N who="2" m="51307" /><F127/><W12/><G135/><T22/><D100/><U52/><E125/><V92/><F65/><W104/><G72/><T71/><D105/><U20/><E103/><V78/><F78/><W55/><G41/><T39/><D39/><U54/><E108/><V84/><F53/><W10/><G104/><T67/><D67/><U45/><E32/><V124/><F124/><W129/><G129/><T86/><D22/><U90/><E28/><V89/><F8/><W112/><G112/><T4/><D0/><U40/><E37/><N who="2" m="21615" /><F95/><W11/><G11/><AGARI ba="1,0" hai="4,6,9,11,14,15,50,51,61,66,71,77,82,86" machi="11" ten="40,1300,0" yaku="9,1" doraHai="107" who="0" fromWho="3" sc="329,16,370,0,112,0,189,-16" /><INIT seed="2,0,0,5,1,79" ten="345,370,112,173" oya="2" hai0="38,32,64,69,16,127,91,88,121,33,12,6,134" hai1="118,0,129,81,95,60,82,51,115,11,100,70,23" hai2="84,43,110,14,97,120,124,130,28,10,123,108,74" hai3="119,77,85,111,34,3,109,26,30,122,116,50,103"/><V133/><F74/><W90/><G3/><T9/><D121/><U68/><E115/><V107/><F130/><W18/><G122/><T96/><D38/><U54/><E118/><V21/><F43/><W112/><G112/><T45/><D134/><U106/><E106/><V126/><F84/><W56/><G103/><T86/><D127/><N who="2" m="48682" /><F133/><W37/><G77/><T73/><D73/><U66/><E70/><V65/><F65/><W104/><G104/><T58/><D69/><U75/><E75/><V76/><F76/><W19/><G37/><T24/><D45/><U61/><E61/><V117/><F117/><N who="3" m="45131" /><G50/><T128/><D128/><U36/><E36/><V53/><F53/><W99/><G56/><T67/><D33/><U17/><E129/><V113/><F113/><W4/><G4/><T105/><D58/><U98/><E11/><V49/><F49/><W80/><G99/><T92/><D105/><U125/><E0/><V40/><F40/><W13/><G13/><T101/><D101/><U25/><E125/><V8/><F120/><W20/><G34/><T27/><D32/><U71/><E71/><V62/><F62/><W46/><G46/><AGARI ba="0,0" hai="17,23,25,46,51,54,60,66,68,81,82,95,98,100" machi="46" ten="30,3900,0" yaku="7,1,52,2" doraHai="79" who="1" fromWho="3" sc="345,0,370,39,112,0,173,-39" /><INIT seed="3,0,0,4,0,32" ten="345,409,112,134" oya="3" hai0="15,33,97,112,99,124,83,113,7,103,84,51,100" hai1="106,26,87,61,1,39,55,85,105,93,59,101,9" hai2="13,80,114,41,48,86,22,108,69,65,131,19,122" hai3="49,63,70,95,40,23,24,35,82,14,71,29,10"/><W0/><G95/><T27/><D7/><U111/><E39/><V75/><F114/><N who="0" m="44138" /><D15/><U130/><E85/><V90/><F108/><W31/><G63/><T109/><D27/><U96/><E26/><V115/><F115/><W74/><G31/><T76/><D51/><U116/><E111/><V118/><F118/><W16/><G82/><T6/><D6/><U119/><E87/><V132/><F132/><W37/><G74/><T21/><D21/><U92/><E92/><V8/><F131/><W128/><G37/><T121/><D33/><U44/><E130/><V43/><F122/><W91/><G91/><T28/><D28/><U120/><E120/><V20/><F75/><W5/><G128/><T17/><D17/><U57/><E57/><V60/><REACH who="2" step="1"/><F43/><REACH who="2" ten="345,409,102,134" step="2"/><W25/><G24/><T134/><D109/><U127/><E116/><V53/><F53/><W36/><G36/><T46/><D121/><U38/><E55/><V47/><AGARI ba="0,1" hai="8,13,19,20,22,41,47,48,60,65,69,80,86,90" machi="47" ten="30,2000,0" yaku="1,1,0,1,53,0" doraHai="32" doraHaiUra="110" who="2" fromWho="2" sc="345,-5,409,-5,102,30,134,-10" owari="340,14.0,404,50.4,132,-26.8,124,-37.6" /></mjloggm>