<mjloggm ver="2.3"><GO type="225" lobby="0"/><UN n0="%E8%B6%85%E7%B4%9A%E9%B3%B3%E5%87%B0" n1="%E3%81%8B%E3%82%8F%E3%81%A1%E3%82%83%E3%82%93%35%38" n2="%28%EF%BF%A3%E2%96%BD%EF%BF%A3%29%CE%B4%E2%8C%92%E3%83%BB" n3="%6D%75%75%6D%75%72%61" dan="16,16,16,16" rate="2158.96,2116.63,2103.48,2151.69" sx="M,M,M,F"/><TAIKYOKU oya="0"/><INIT seed="0,0,0,1,1,70" ten="250,250,250,250" oya="0" hai0="123,105,62,55,36,64,84,10,131,51,5,35,53" hai1="102,134,39,132,24,63,1,18,119,92,87,2,71" hai2="34,117,43,114,110,94,121,109,15,96,11,7,107" hai3="38,130,65,124,67,29,46,112,79,120,100,95,33"/><T9/><D123/><U78/><E119/><V59/><F34/><W58/><G112/><T75/><D35/><U85/><E71/><V3/><F121/><W69/><G69/><T8/><D75/><U30/><E63/><V26/><F114/><W41/><G79/><T88/><D105/><U32/><E18/><V56/><F107/><W50/><G120/><T22/><D131/><U116/><E116/><V19/><F117/><W118/><G118/><T27/><D5/><U97/><E39/><V98/><F26/><W81/><G81/><T104/><D104/><U91/><E78/><V45/><F96/><W49/><G124/><T129/><D129/><U74/><E74/><V20/><F110/><W54/><G130/><T0/><D0/><U99/><E99/><V60/><F60/><W23/><G33/><T66/><D36/><U44/><E44/><V115/><F109/><W28/><G49/><T127/><D127/><U4/><E87/><V128/><F115/><W40/><G40/><T125/><D125/><U47/><E47/><V101/><REACH who="2" step="1"/><F128/><REACH who="2" ten="250,250,240,250" step="2"/><W42/><G29/><T86/><D62/><U89/><E30/><V111/><F111/><W90/><G28/><T37/><D27/><U108/><E24/><V133/><F133/><N who="1" m="51305" /><E32/><V103/><F103/><W21/><G100/><T77/><D64/><U14/><E108/><V72/><F72/><W31/><G31/><T106/><D66/><U6/><E102/><V113/><F113/><W16/><G67/><T82/><D106/><U76/><E97/><V122/><F122/><W57/><G65/><T80/><D84/><RYUUKYOKU ba="0,1" sc="250,-10,250,-10,240,30,250,-10" hai2="3,7,11,15,19,20,43,45,56,59,94,98,101" /><INIT seed="1,1,1,0,0,99" ten="240,240,270,240" oya="1" hai0="78,33,123,34,47,114,26,135,40,44,42,62,91" hai1="25,20,108,120,101,73,1,95,133,110,79,54,86" hai2="45,50,48,83,60,90,43,81,4,6,126,94,0" hai3="70,24,5,111,7,14,106,53,17,19,97,107,118"/><U37/><E120/><V105/><F105/><W124/><G111/><N who="1" m="42538" /><E37/><V36/><F126/><W69/><G124/><T15/><D114/><U22/><E1/><V51/><F60/><W121/><G121/><T71/><D123/><U75/><E133/><V103/><F0/><W96/><G24/><T131/><D135/><U52/><E20/><V115/><F115/><W29/><G29/><T116/><D116/><U132/><E132/><V67/><F67/><W65/><G53/><N who="1" m="20586" /><E79/><V92/><F4/><W39/><G39/><T63/><D26/><U72/><E86/><V28/><F6/><W74/><G74/><T23/><D78/><U66/><E66/><V46/><F28/><W3/><G3/><T87/><D23/><U61/><E61/><V76/><F46/><W112/><G112/><T127/><D87/><U129/><E129/><V88/><F76/><W10/><G65/><T21/><D21/><U104/><E104/><V18/><F18/><W80/><G118/><T109/><D109/><U31/><E73/><V117/><F117/><W77/><G77/><T55/><D131/><U130/><E130/><V64/><F64/><W113/><G113/><T102/><D127/><U58/><E58/><V125/><F125/><W38/><G38/><T59/><D59/><U27/><E25/><V30/><F30/><W8/><G14/><T82/><D15/><U85/><E85/><N who="2" m="52239" /><F90/><W2/><G2/><T89/><D63/><U128/><E128/><V119/><F119/><W100/><G80/><T93/><D62/><U16/><E31/><V134/><F134/><W68/><G68/><RYUUKYOKU ba="1,1" sc="240,-30,240,10,270,10,240,10" hai1="16,22,27,72,75,95,101" hai2="36,43,45,48,50,51,81,83,94,103" hai3="5,7,8,10,17,19,69,70,96,97,100,106,107" /><INIT seed="1,2,1,4,3,126" ten="210,250,280,250" oya="1" hai0="124,68,67,6,17,114,95,16,73,109,108,97,135" hai1="42,112,71,82,33,47,10,93,113,105,96,101,75" hai2="134,90,46,91,4,81,39,21,15,111,61,7,9" hai3="18,20,53,76,64,40,25,129,38,28,3,51,89"/><U29/><E10/><V94/><F134/><W123/><G123/><T65/><D114/><U72/><E93/><V78/><F111/><N who="0" m="42570" /><D73/><N who="1" m="28235" /><E82/><V23/><F4/><W12/><G76/><T99/><D124/><U100/><E100/><V120/><F120/><W5/><G3/><T35/><D35/><U55/><E55/><V132/><F132/><W127/><G127/><T37/><D37/><N who="1" m="21967" /><E71/><V88/><F94/><W14/><G40/><T2/><D135/><U24/><AGARI ba="2,1" hai="24,29,33,96,101,105,112,113" m="21967,28235" machi="24" ten="30,1500,0" yaku="23,1" doraHai="126" who="1" fromWho="1" sc="210,-7,250,31,280,-7,250,-7" /><INIT seed="1,3,0,1,5,83" ten="203,281,273,243" oya="1" hai0="44,70,101,126,3,40,59,112,11,89,72,62,124" hai1="41,78,135,84,56,86,85,16,33,63,75,134,125" hai2="5,121,98,103,38,18,42,94,119,46,68,60,51" hai3="69,105,127,66,28,123,115,102,64,20,92,90,39"/><U109/><E33/><V81/><F121/><W129/><G123/><T93/><D112/><U113/><E113/><V54/><F119/><W19/><G115/><T120/><D120/><U77/><E125/><N who="0" m="48233" /><D72/><U100/><E109/><V31/><F5/><W27/><G127/><T117/><D117/><U53/><E100/><V36/><F31/><W80/><G39/><T12/><D101/><U58/><E41/><V6/><F6/><W0/><G0/><T88/><D3/><U132/><E75/><V106/><F18/><W74/><G129/><T50/><D70/><U52/><E16/><V45/><F81/><W32/><G105/><T57/><D62/><AGARI ba="3,0" hai="52,53,56,58,62,63,77,78,84,85,86,132,134,135" machi="62" ten="50,18000,2" yaku="9,1,20,1,52,3,54,1" doraHai="83" who="1" fromWho="0" sc="203,-189,281,189,273,0,243,0" /><INIT seed="1,4,0,4,1,61" ten="14,470,273,243" oya="1" hai0="21,125,65,103,7,132,9,18,62,83,76,27,84" hai1="120,111,109,22,81,19,23,11,67,33,64,130,25" hai2="129,85,78,20,115,58,63,47,104,10,110,91,73" hai3="71,46,6,116,90,0,107,128,53,123,54,59,56"/><U105/><E120/><V8/><F104/><W112/><G123/><T117/><D117/><U34/><E105/><V29/><F115/><W26/><G71/><T133/><D103/><U93/><E130/><V60/><F129/><W79/><G107/><T4/><D125/><U1/><E93/><V38/><F63/><W52/><G112/><T86/><D86/><U80/><E11/><V70/><F70/><W77/><G128/><T99/><D99/><U41/><E41/><V37/><F78/><W119/><G46/><T51/><D51/><U114/><E114/><V15/><F73/><W126/><G126/><T30/><D30/><U16/><E25/><V68/><F68/><W121/><G26/><T127/><D127/><U2/><AGARI ba="4,0" hai="1,2,16,19,22,23,33,34,64,67,80,81,109,111" machi="2" ten="25,18000,2" yaku="0,1,22,2,52,2,54,1" doraHai="61" who="1" fromWho="1" sc="14,-64,470,192,273,-64,243,-64" owari="-50,-55.0,662,76.2,209,0.9,179,-22.1" /></mjloggm>