<mjloggm ver="2.3"><GO type="225" lobby="0"/><UN n0="%E9%89%A2%E5%B7%BB%E3%82%AC%E3%83%96" n1="%E3%82%BC%E3%83%AB%E3%83%80%E3%81%AE%E4%BC%9D%E8%AA%AC" n2="%65%6B%61%72%75%74%65" n3="%E4%B8%AD%E5%B9%B4%E3%81%AE%E5%8D%B1%E6%A9%9F" dan="16,16,16,17" rate="2081.70,2176.79,2113.32,2204.82" sx="M,M,M,M"/><TAIKYOKU oya="0"/><INIT seed="0,0,0,1,4,6" ten="250,250,250,250" oya="0" hai0="99,68,21,8,70,78,34,31,65,46,19,43,14" hai1="81,84,13,22,77,102,91,26,120,109,105,32,67" hai2="17,48,0,95,25,129,132,75,47,59,73,111,114" hai3="20,122,127,134,54,86,72,40,45,94,116,104,71"/><T80/><D34/><U123/><E109/><V39/><F114/><W33/><G54/><T92/><D65/><U115/><E115/><V76/><F111/><W27/><G94/><T79/><D31/><U131/><E131/><V126/><F0/><W56/><G86/><T87/><D79/><U69/><E13/><V12/><F126/><W125/><G56/><T89/><REACH who="0" step="1"/><D21/><REACH who="0" ten="240,250,250,250" step="2"/><U128/><E32/><V100/><F129/><W124/><G33/><T57/><D57/><U23/><E23/><V88/><F76/><W82/><G71/><T113/><D113/><U16/><E128/><V18/><F59/><W38/><G20/><T62/><D62/><U51/><E77/><V63/><F63/><W117/><G117/><T53/><D53/><U119/><E119/><V4/><F75/><W44/><G44/><T97/><BYE who="3" /><D97/><UN n3="%E4%B8%AD%E5%B9%B4%E3%81%AE%E5%8D%B1%E6%A9%9F" /><U135/><E67/><V49/><F73/><W130/><G116/><T5/><D5/><U36/><E69/><V118/><F4/><W7/><G130/><T35/><D35/><U1/><E22/><N who="2" m="13519" /><F118/><W10/><G27/><T24/><D24/><U64/><E26/><V11/><F47/><W15/><G72/><T37/><AGARI ba="0,1" hai="8,14,19,37,43,46,68,70,78,80,87,89,92,99" machi="37" ten="20,7800,0" yaku="1,1,0,1,7,1,52,1,53,0" doraHai="6" doraHaiUra="52" who="0" fromWho="0" sc="240,88,250,-26,250,-26,250,-26" /><INIT seed="0,1,0,5,4,3" ten="328,224,224,224" oya="0" hai0="4,29,100,126,131,28,31,20,82,42,46,86,26" hai1="125,77,70,48,40,33,107,35,32,24,59,0,25" hai2="97,90,1,15,129,58,50,84,55,116,6,60,71" hai3="109,123,124,54,76,79,17,118,53,37,132,62,5"/><T63/><D126/><U13/><E0/><V51/><F129/><W85/><G118/><T61/><D131/><U128/><E128/><V19/><F116/><W36/><G124/><T23/><D100/><U9/><E125/><V115/><F115/><W89/><G123/><T64/><D4/><U49/><E70/><V130/><F130/><W99/><G132/><T72/><D72/><U67/><E107/><V104/><F71/><W81/><G109/><T66/><D61/><U34/><E77/><N who="3" m="29770" /><G36/><T101/><D101/><U41/><E34/><V133/><F133/><W43/><G37/><T18/><D23/><U74/><E74/><V106/><F104/><W122/><G43/><T56/><D64/><U21/><E67/><V73/><F73/><W16/><G122/><T52/><D66/><U105/><E105/><V30/><F30/><W10/><G99/><T95/><D95/><U113/><E113/><V134/><F134/><W88/><G89/><T57/><D57/><U102/><E102/><V69/><F69/><W14/><G62/><T45/><REACH who="0" step="1"/><D42/><REACH who="0" ten="318,224,224,224" step="2"/><U135/><E135/><V117/><F117/><W11/><G11/><T120/><D120/><U111/><E33/><V78/><F60/><W8/><G8/><T80/><D80/><U103/><E103/><V47/><F106/><W27/><G5/><T91/><AGARI ba="1,1" hai="18,20,26,28,29,31,45,46,52,56,63,82,86,91" machi="91" ten="30,11700,0" yaku="1,1,0,1,8,1,54,1,53,0" doraHai="3" doraHaiUra="7" who="0" fromWho="0" sc="318,130,224,-40,224,-40,224,-40" /><INIT seed="0,2,0,5,3,77" ten="448,184,184,184" oya="0" hai0="51,29,40,108,93,105,6,42,101,58,0,112,52" hai1="20,96,54,92,84,65,126,5,32,89,86,70,14" hai2="116,121,34,110,128,25,94,69,107,95,114,7,17" hai3="117,8,47,98,55,23,90,64,85,135,73,88,72"/><T13/><D112/><U113/><E32/><V119/><F114/><W99/><G117/><T79/><D108/><U120/><E120/><V41/><F121/><W57/><G135/><T43/><D105/><U35/><E35/><V82/><F69/><W127/><G127/><T104/><D104/><U123/><E123/><V97/><F110/><W4/><G73/><T27/><D0/><U30/><E113/><V36/><F128/><W45/><G72/><T49/><D79/><U74/><E74/><V122/><F122/><W76/><G64/><T130/><D27/><N who="1" m="16743" /><E70/><V60/><F7/><W33/><G23/><T63/><D29/><U22/><E65/><V9/><F41/><W11/><G76/><T68/><D68/><U75/><E75/><V56/><F36/><W28/><G28/><T67/><D93/><N who="2" m="35338" /><F97/><N who="3" m="36875" /><G33/><T31/><D101/><U38/><E38/><V87/><F34/><W3/><G3/><T78/><D78/><U10/><E126/><V44/><F44/><N who="3" m="16971" /><G4/><T133/><D31/><U115/><E115/><V129/><F129/><W134/><G134/><T80/><D130/><U16/><E54/><N who="2" m="33815" /><F107/><W132/><G132/><T46/><D133/><U118/><E118/><V21/><F9/><N who="3" m="3659" /><G85/><T48/><D42/><U81/><E86/><V26/><F119/><W131/><G131/><T71/><D43/><U109/><E109/><V125/><F116/><W91/><G55/><T2/><D40/><U59/><E59/><AGARI ba="2,0" hai="57,59,88,90,91" m="3659,16971,36875" machi="59" ten="40,8000,1" yaku="28,2,8,1,54,1" doraHai="77" who="3" fromWho="1" sc="448,0,184,-86,184,0,184,86" /><INIT seed="1,0,0,1,5,108" ten="448,98,184,270" oya="1" hai0="104,95,85,29,89,22,88,63,55,134,66,96,121" hai1="27,75,94,26,1,130,59,30,25,77,34,37,82" hai2="92,54,84,12,70,128,23,103,69,36,112,0,33" hai3="46,19,124,44,6,86,4,2,17,65,47,126,11"/><U102/><E130/><V98/><F128/><W119/><G119/><T122/><D134/><U118/><E118/><V62/><F36/><W56/><G86/><T5/><D55/><U107/><E37/><V60/><F0/><W15/><G2/><T10/><D22/><U132/><E132/><V87/><F33/><W127/><G4/><T72/><D29/><U52/><E107/><V42/><F42/><W73/><G73/><T24/><D24/><U74/><E74/><V51/><F70/><W101/><G101/><T135/><D72/><U58/><E58/><V64/><F62/><AGARI ba="0,0" hai="6,11,15,17,19,44,46,47,56,62,65,124,126,127" machi="62" ten="50,1600,0" yaku="18,1" doraHai="108" who="3" fromWho="2" sc="448,0,98,0,184,-16,270,16" /><INIT seed="2,0,0,3,0,108" ten="448,98,168,286" oya="2" hai0="27,122,59,103,7,98,87,17,3,20,75,114,91" hai1="52,118,101,62,33,41,71,11,32,79,132,102,26" hai2="25,82,131,130,0,83,8,35,44,72,22,9,81" hai3="120,88,61,111,126,5,42,110,80,117,40,34,124"/><V19/><F72/><W30/><G120/><T104/><D114/><U89/><E118/><V31/><F44/><W113/><G5/><T55/><D75/><U123/><E132/><V94/><F94/><W97/><G117/><T70/><D70/><U6/><E123/><V106/><F106/><W99/><G61/><T105/><D122/><U66/><E79/><V50/><F50/><W134/><G30/><T57/><D104/><U21/><E41/><N who="3" m="15978" /><G34/><T12/><D3/><U24/><E89/><V125/><F125/><N who="3" m="48235" /><G134/><T128/><D55/><U58/><E33/><V18/><F18/><W127/><N who="3" m="48243" /><W90/><DORA hai="4" /><G113/><T54/><D7/><U51/><E32/><V67/><F67/><W1/><G1/><T112/><D112/><U2/><REACH who="1" step="1"/><E26/><REACH who="1" ten="448,88,168,286" step="2"/><N who="2" m="14687" /><F0/><W86/><G90/><T109/><D91/><U15/><E15/><V107/><F107/><W43/><N who="3" m="15986" /><W29/><DORA hai="69" /><G29/><AGARI ba="0,1" hai="2,6,11,21,24,29,51,52,58,62,66,71,101,102" machi="29" ten="30,12000,2" yaku="1,1,7,1,52,1,54,1,53,2" doraHai="108,4,69" doraHaiUra="96,38,85" who="1" fromWho="3" sc="448,0,88,130,168,0,286,-120" /><INIT seed="3,0,0,5,2,97" ten="448,218,168,166" oya="3" hai0="0,1,80,55,28,68,108,64,57,17,49,70,63" hai1="56,135,2,25,69,84,9,123,59,4,8,6,101" hai2="12,41,45,51,21,132,96,42,107,7,79,22,102" hai3="120,83,39,78,111,85,122,89,53,73,117,65,82"/><W47/><G117/><T26/><D108/><U94/><E69/><V130/><F130/><W30/><G111/><T119/><D119/><U14/><E123/><V43/><F132/><W29/><G65/><T134/><D68/><U23/><E135/><V61/><F61/><W88/><G89/><T74/><D17/><U58/><E101/><V91/><F91/><W106/><G106/><T114/><D134/><U3/><E94/><V125/><F125/><W133/><G133/><T75/><D114/><U10/><E84/><V115/><F115/><W128/><G128/><T27/><D27/><U129/><E129/><V131/><F131/><W40/><REACH who="3" step="1"/><G53/><REACH who="3" ten="448,218,168,156" step="2"/><T66/><D64/><U86/><E2/><V35/><F79/><W110/><G110/><T105/><D105/><U33/><E3/><V67/><F67/><W104/><G104/><T103/><D0/><U11/><E4/><V18/><F7/><W13/><G13/><T77/><D1/><U15/><E15/><V93/><F107/><W37/><G37/><T121/><D66/><U87/><E14/><N who="2" m="9431" /><F35/><W90/><G90/><T60/><D55/><U31/><E33/><V36/><F36/><W50/><G50/><T71/><D49/><U48/><E48/><V46/><F51/><W99/><G99/><T109/><D109/><U44/><E6/><V24/><F12/><W100/><G100/><T127/><D103/><U92/><E11/><V5/><F5/><W34/><G34/><T116/><D116/><U38/><E38/><V16/><AGARI ba="0,1" hai="16,22,24,41,42,43,45,46,93,96,102" m="9431" machi="16" ten="30,4000,0" yaku="8,1,52,1,54,1" doraHai="97" who="2" fromWho="2" sc="448,-10,218,-10,168,50,156,-20" owari="438,53.8,208,-19.2,218,1.8,136,-36.4" /></mjloggm>