<mjloggm ver="2.3"><GO type="225" lobby="0"/><UN n0="%4C%4F%4C%49%54%41" n1="%E7%B4%94%E6%BD%94%E3%83%94%E3%83%A9%E3%83%8B%E3%82%A2" n2="%E3%81%A9%E3%82%8F%E3%82%93%E3%81%94" n3="%72%69%6F%75%63%68%61%6E" dan="16,16,16,16" rate="2193.08,2159.46,2068.22,2129.83" sx="F,M,M,M"/><TAIKYOKU oya="0"/><INIT seed="0,0,0,3,1,125" ten="250,250,250,250" oya="0" hai0="0,21,71,85,61,60,89,80,16,62,124,97,111" hai1="46,8,101,127,131,39,68,51,22,110,81,56,28" hai2="67,20,54,5,41,18,77,13,133,75,44,121,93" hai3="42,91,63,59,11,88,79,87,113,72,99,66,1"/><T112/><D112/><U108/><E127/><V3/><F133/><W84/><G113/><T105/><D124/><U126/><E126/><V118/><F121/><W70/><G42/><T37/><D37/><U32/><E32/><V2/><F118/><W38/><G38/><T36/><D36/><U102/><E68/><V55/><F67/><W90/><G99/><T24/><D0/><U76/><E8/><V109/><F109/><N who="1" m="42089" /><E56/><V27/><F93/><W48/><G72/><T116/><D111/><U17/><E28/><V30/><F3/><W9/><G79/><T128/><D116/><U26/><E39/><N who="2" m="21567" /><F27/><W35/><G35/><T134/><D134/><U58/><E58/><V31/><F31/><W106/><G106/><T7/><D7/><U73/><E131/><V119/><F30/><W15/><G1/><T34/><D34/><U104/><E104/><V19/><F19/><W45/><G9/><T95/><D105/><U135/><E135/><V10/><F119/><W115/><G115/><T83/><D128/><U43/><AGARI ba="0,0" hai="17,22,26,43,46,51,73,76,81,101,102" m="42089" machi="43" ten="30,1100,0" yaku="14,1" doraHai="125" who="1" fromWho="1" sc="250,-5,250,11,250,-3,250,-3" /><INIT seed="1,0,0,5,5,36" ten="245,261,247,247" oya="1" hai0="61,52,107,45,77,57,102,53,31,11,110,1,9" hai1="15,130,54,56,117,32,20,22,44,19,105,70,99" hai2="80,37,63,28,127,38,89,48,41,88,4,67,60" hai3="97,108,2,62,0,87,29,85,86,34,81,72,14"/><U101/><E117/><V135/><F4/><W133/><G108/><T18/><D110/><U43/><E70/><V25/><F135/><W84/><G133/><T118/><D118/><U114/><E130/><V90/><F127/><W10/><G72/><T113/><D113/><U42/><E32/><V121/><F121/><W125/><G125/><T5/><D31/><U59/><E114/><V6/><F6/><W47/><G97/><T55/><D77/><U78/><E44/><N who="2" m="25615" /><F38/><W104/><G104/><T7/><D18/><U98/><E59/><N who="2" m="37279" /><F37/><W71/><G47/><T16/><D45/><U21/><E78/><V131/><F131/><W92/><G92/><T100/><D16/><U82/><E82/><V109/><F109/><W27/><G71/><T79/><D79/><U3/><E3/><V122/><F122/><W58/><N who="3" m="21504" /><DORA hai="124" /><W26/><G81/><T46/><D46/><U128/><E128/><V49/><F80/><W30/><G14/><T95/><D107/><U116/><E116/><V126/><F126/><W73/><G10/><T129/><D129/><U123/><E123/><V68/><F68/><W24/><G73/><T91/><D91/><U66/><E66/><V39/><F39/><W112/><G112/><T83/><D83/><U74/><E74/><V120/><F120/><W65/><REACH who="3" step="1"/><G26/><REACH who="3" ten="245,261,247,237" step="2"/><T50/><D95/><N who="1" m="58591" /><E99/><V64/><F25/><W134/><G134/><T35/><D9/><N who="1" m="6639" /><E105/><V8/><F8/><W93/><G93/><T75/><D75/><U103/><E103/><V132/><F132/><W40/><G40/><T115/><D102/><U119/><E119/><RYUUKYOKU ba="0,1" sc="245,-15,261,15,247,-15,237,15" hai1="20,21,22,42,43,54,56" hai3="0,2,24,27,29,30,34,58,62,65" /><INIT seed="1,1,1,3,1,104" ten="230,276,232,252" oya="1" hai0="98,8,59,92,33,90,61,35,27,110,86,77,47" hai1="34,25,122,57,135,109,106,93,40,97,85,66,126" hai2="84,4,58,22,56,127,11,13,116,91,67,21,89" hai3="108,119,121,48,79,29,117,38,7,130,2,15,125"/><U3/><E122/><V60/><F127/><W37/><G121/><T134/><D110/><U111/><E126/><V46/><F116/><W73/><G125/><T114/><D114/><U69/><E3/><V6/><F6/><W44/><G108/><N who="1" m="41546" /><E135/><V30/><F30/><W80/><G130/><T95/><D134/><U43/><E85/><V72/><F72/><W96/><G2/><T45/><D8/><U99/><E69/><V82/><F46/><W42/><G29/><T105/><D105/><U78/><E78/><V71/><F71/><W107/><G107/><T9/><D9/><U65/><E106/><V55/><REACH who="2" step="1"/><F91/><REACH who="2" ten="230,276,222,252" step="2"/><W101/><G7/><T100/><D77/><U113/><E113/><V120/><F120/><W63/><G119/><T36/><D45/><U64/><E57/><V20/><F20/><W112/><G117/><T74/><D74/><U133/><E133/><V23/><F23/><W75/><G73/><T76/><D76/><U51/><E34/><V28/><F28/><W32/><G32/><T124/><D124/><U103/><E40/><V88/><F88/><W87/><G75/><T68/><D68/><U70/><E70/><V129/><F129/><W26/><G112/><T0/><D47/><N who="1" m="26111" /><E97/><V102/><F102/><W49/><G96/><T94/><D35/><U52/><E25/><V81/><F81/><W123/><G26/><T12/><D33/><U128/><E128/><V62/><AGARI ba="1,2" hai="4,11,13,21,22,55,56,58,60,62,67,82,84,89" machi="62" ten="20,8000,1" yaku="1,1,0,1,7,1,8,1,53,1" doraHai="104" doraHaiUra="83" who="2" fromWho="2" sc="230,-21,276,-41,222,103,252,-21" /><INIT seed="2,0,0,0,4,62" ten="209,235,325,231" oya="2" hai0="122,99,46,118,45,17,69,39,57,107,88,105,91" hai1="75,68,70,49,33,82,43,114,36,31,11,101,117" hai2="89,129,104,127,123,71,113,90,52,97,9,1,7" hai3="119,34,84,22,13,24,80,66,126,64,18,92,59"/><V87/><F123/><W103/><G119/><T10/><D122/><U131/><E49/><V41/><F113/><W25/><G126/><T38/><D69/><U133/><E114/><V94/><F127/><W128/><G128/><T110/><D110/><U135/><E101/><V120/><F129/><W106/><G106/><T102/><D118/><U28/><E11/><V47/><F71/><N who="1" m="27177" /><E117/><V58/><F120/><W29/><G59/><T0/><D107/><U79/><E131/><V20/><F104/><W2/><G2/><T130/><D130/><U27/><E31/><V12/><F1/><W15/><G15/><T6/><D17/><U81/><E81/><V65/><F20/><W121/><G121/><T40/><REACH who="0" step="1"/><D57/><REACH who="0" ten="199,235,325,231" step="2"/><U77/><E77/><V98/><F58/><W100/><G25/><T63/><D63/><U37/><E43/><AGARI ba="0,1" hai="0,6,10,38,39,40,43,45,46,88,91,99,102,105" machi="43" ten="40,5200,0" yaku="1,1,9,1,54,1,53,0" doraHai="62" doraHaiUra="26" who="0" fromWho="1" sc="199,62,235,-52,325,0,231,0" /><INIT seed="3,0,0,0,4,73" ten="261,183,325,231" oya="3" hai0="90,0,37,129,106,113,68,125,13,47,40,134,119" hai1="100,11,69,6,21,85,132,108,48,122,39,49,44" hai2="118,112,10,33,128,30,99,78,66,76,135,4,34" hai3="28,63,107,95,86,5,15,19,75,114,16,43,72"/><W87/><G114/><T88/><RYUUKYOKU type="yao9" ba="0,0" sc="261,0,183,0,325,0,231,0" hai0="0,13,37,40,47,68,88,90,106,113,119,125,129,134" /><INIT seed="3,1,0,3,0,125" ten="261,183,325,231" oya="3" hai0="64,44,65,59,71,29,21,8,102,32,0,40,48" hai1="104,98,55,4,16,72,91,87,69,77,133,110,34" hai2="14,126,134,128,85,109,111,2,99,83,25,106,46" hai3="56,119,19,90,107,27,81,68,105,114,5,17,76"/><W67/><G114/><T52/><D32/><U50/><E110/><N who="2" m="41995" /><F128/><W23/><G119/><T49/><D71/><U88/><E133/><V115/><F2/><W3/><G68/><T100/><D0/><U101/><E34/><V9/><F126/><W10/><G90/><T132/><D132/><U45/><E4/><V30/><F134/><W73/><REACH who="3" step="1"/><G19/><REACH who="3" ten="261,183,325,221" step="2"/><T6/><D100/><U78/><E69/><V121/><F115/><W127/><G127/><T60/><D102/><U95/><E72/><V120/><F120/><W82/><G82/><T37/><D6/><U54/><E91/><V117/><F121/><W26/><G26/><T33/><D29/><U135/><E135/><V41/><F117/><W24/><G24/><T84/><D84/><U12/><REACH who="1" step="1"/><E55/><REACH who="1" ten="261,173,325,221" step="2"/><V62/><F85/><W31/><G31/><T13/><D52/><U51/><E51/><V79/><F30/><W89/><G89/><T1/><D48/><U11/><AGARI ba="1,2" hai="11,12,16,45,50,54,77,78,87,88,95,98,101,104" machi="11" ten="20,8000,1" yaku="1,1,0,1,7,1,54,2,53,0" doraHai="125" doraHaiUra="124" who="1" fromWho="1" sc="261,-21,173,103,325,-21,221,-41" owari="240,-16.0,276,7.6,304,40.4,180,-32.0" /></mjloggm>