<mjloggm ver="2.3"><GO type="225" lobby="0"/><UN n0="%48%61%61%61%6C%61%6E%64" n1="%E3%81%BF%E3%81%BF%E3%81%9A" n2="%E3%81%B5%E3%81%98%E3%81%8B%E3%81%A4" n3="%E3%81%8B%E3%82%8F%E3%81%A1%E3%82%83%E3%82%93%35%38" dan="18,16,16,16" rate="2297.41,2216.54,2208.24,2181.88" sx="M,M,M,M"/><TAIKYOKU oya="0"/><INIT seed="0,0,0,5,4,50" ten="250,250,250,250" oya="0" hai0="25,2,40,76,27,22,7,84,42,54,46,95,59" hai1="67,82,100,58,51,98,61,21,33,133,3,70,20" hai2="38,119,77,30,16,48,73,120,64,102,18,24,37" hai3="115,74,87,47,111,126,9,69,99,108,116,91,68"/><T17/><D2/><U62/><E133/><V112/><F120/><W5/><G74/><T88/><D7/><U45/><E3/><V66/><F112/><W57/><G115/><T107/><D107/><U1/><E33/><V49/><F102/><W63/><G116/><T125/><D125/><U12/><E82/><V93/><F73/><W8/><G99/><T11/><D11/><N who="3" m="4169" /><G47/><T86/><D46/><U104/><E12/><V0/><F0/><W123/><G5/><T32/><D27/><U85/><E85/><V31/><F24/><W28/><G28/><T13/><D25/><U94/><E1/><V90/><F93/><N who="3" m="54527" /><G126/><T35/><D35/><U128/><E128/><V41/><F90/><W39/><G39/><T52/><D32/><U130/><E130/><V34/><F34/><W101/><G101/><T26/><D26/><U29/><E29/><V15/><F15/><W44/><G44/><T72/><D72/><U122/><E122/><V118/><REACH who="2" step="1"/><F41/><REACH who="2" ten="250,250,240,250" step="2"/><N who="0" m="15978" /><D59/><U131/><E131/><V121/><F121/><W97/><G123/><T36/><D36/><U103/><E103/><V129/><F129/><W79/><G57/><T65/><D65/><U114/><E114/><V55/><F55/><W19/><G68/><T81/><AGARI ba="0,1" hai="13,17,22,52,54,76,81,84,86,88,95" m="15978" machi="81" ten="30,12000,1" yaku="8,1,52,2,54,2" doraHai="50" who="0" fromWho="0" sc="250,130,250,-40,240,-40,250,-40" /><INIT seed="0,1,0,1,5,90" ten="380,210,200,210" oya="0" hai0="70,54,132,42,86,30,125,117,45,108,71,40,94" hai1="20,17,48,115,133,87,51,128,24,68,47,8,63" hai2="89,26,83,120,64,135,28,13,50,21,88,16,79" hai3="46,67,19,121,75,114,112,22,69,91,60,96,130"/><T10/><D117/><U107/><E128/><V101/><F120/><W37/><G75/><T73/><D73/><U31/><E133/><V36/><F36/><W116/><G116/><T74/><D74/><U92/><E115/><V53/><F135/><W12/><G130/><T103/><D30/><U77/><E107/><V93/><F64/><W122/><G96/><N who="0" m="59799" /><D70/><U97/><E63/><V118/><F118/><W49/><G91/><T61/><D71/><U99/><E68/><V124/><F124/><W76/><G76/><T4/><D125/><U33/><E99/><N who="2" m="59631" /><F83/><W32/><G32/><T2/><D2/><U80/><E47/><N who="2" m="27871" /><F79/><W56/><G37/><T38/><D38/><U111/><E111/><V134/><F134/><W58/><G114/><T109/><D132/><U82/><E82/><V59/><F59/><W34/><G34/><T78/><D45/><U62/><E62/><V66/><F66/><W98/><G112/><T3/><D61/><U65/><E65/><V104/><F104/><W14/><G121/><T105/><D105/><U25/><REACH who="1" step="1"/><E8/><AGARI ba="1,0" hai="8,13,16,21,26,28,88,89" m="27871,59631" machi="8" ten="30,7700,0" yaku="8,1,52,1,54,2" doraHai="90" who="2" fromWho="1" sc="380,0,210,-80,200,80,210,0" /><INIT seed="1,0,0,3,1,26" ten="380,130,280,210" oya="1" hai0="117,77,78,60,135,41,5,1,55,97,56,130,69" hai1="53,46,122,92,91,93,119,0,16,110,32,67,8" hai2="72,36,90,115,100,104,108,111,76,47,81,109,94" hai3="134,43,80,74,73,66,14,4,64,87,116,50,133"/><U95/><E119/><V30/><F115/><W54/><G43/><T13/><D1/><U101/><E122/><V124/><F36/><W132/><G116/><T105/><D117/><U3/><E32/><V12/><F12/><W11/><G66/><T131/><D41/><U28/><E67/><V34/><F47/><W2/><G64/><N who="0" m="41095" /><D135/><U62/><E110/><V128/><F128/><N who="0" m="49194" /><D5/><U79/><E79/><V125/><F30/><W10/><G87/><T49/><D13/><U15/><E28/><V33/><F104/><W24/><G80/><T70/><D70/><U25/><E25/><V85/><REACH who="2" step="1"/><F100/><AGARI ba="0,0" hai="49,55,56,77,78,97,100,105" m="49194,41095" machi="100" ten="30,1000,0" yaku="19,1" doraHai="26" who="0" fromWho="2" sc="380,10,130,0,280,-10,210,0" /><INIT seed="2,0,0,1,2,131" ten="390,130,270,210" oya="2" hai0="27,109,104,7,79,72,110,21,126,58,88,129,37" hai1="120,73,61,47,50,17,64,106,84,38,86,70,13" hai2="134,97,89,117,75,66,113,133,26,29,96,91,23" hai3="8,14,11,39,32,90,9,112,2,127,67,128,10"/><V53/><F113/><W6/><G39/><T93/><D129/><U15/><E73/><V18/><F117/><W4/><G128/><T55/><D104/><U30/><E106/><V105/><F75/><W122/><G122/><T40/><D126/><U132/><E120/><V119/><F119/><W98/><G67/><T16/><D7/><U63/><E30/><V83/><F66/><W43/><G43/><T77/><D40/><U0/><E63/><V87/><F105/><W20/><G90/><T45/><D45/><U59/><E0/><V25/><F53/><W54/><G98/><N who="0" m="57639" /><D37/><U22/><E132/><N who="2" m="50795" /><F91/><W46/><G54/><T78/><D72/><U44/><E44/><V28/><F28/><W68/><G46/><T49/><D110/><U57/><E57/><V74/><F74/><W24/><G68/><T116/><D109/><U3/><E3/><V19/><F19/><N who="3" m="10359" /><G127/><T92/><D116/><U80/><E70/><V130/><F130/><W60/><G112/><T34/><D78/><U124/><E124/><V99/><F96/><W95/><G95/><T1/><D92/><U125/><E125/><V100/><F100/><W69/><G69/><T42/><D79/><U35/><E38/><V82/><F83/><W33/><G6/><T71/><D71/><U56/><E56/><V108/><F108/><W52/><G52/><T101/><D101/><U12/><E80/><V85/><F85/><N who="1" m="32873" /><E35/><AGARI ba="0,0" hai="18,23,25,26,29,35,82,87,89,97,99" m="50795" machi="35" ten="30,11600,0" yaku="20,1,52,3" doraHai="131" who="2" fromWho="1" sc="390,0,130,-116,270,116,210,0" /><INIT seed="2,1,0,4,3,119" ten="390,14,386,210" oya="2" hai0="102,42,101,20,45,47,109,111,123,135,43,2,37" hai1="57,63,8,11,59,67,134,39,118,55,121,50,106" hai2="12,3,94,14,54,16,22,51,40,128,4,32,86" hai3="52,44,76,7,81,87,70,120,31,132,36,15,19"/><V33/><F128/><W72/><G70/><T97/><D135/><U131/><E118/><V91/><F40/><W30/><G120/><T26/><D2/><U74/><E131/><V104/><F104/><W28/><G132/><T82/><D82/><U62/><E106/><V112/><F3/><W98/><G7/><T96/><D123/><U53/><E74/><V88/><F91/><W10/><G98/><N who="0" m="37995" /><D20/><U6/><E134/><V84/><F84/><W85/><G36/><T46/><D26/><U65/><E39/><V122/><F122/><W133/><G133/><T93/><D93/><U125/><E125/><V69/><F69/><W58/><REACH who="3" step="1"/><G44/><REACH who="3" ten="390,14,386,200" step="2"/><N who="0" m="17003" /><D42/><U34/><E34/><V107/><F107/><W29/><N who="3" m="7168" /><DORA hai="56" /><W5/><G5/><T68/><D68/><U90/><E6/><V105/><F105/><W114/><G114/><T38/><D38/><U49/><REACH who="1" step="1"/><E121/><REACH who="1" ten="390,4,386,200" step="2"/><V25/><F112/><W92/><G92/><T18/><D37/><U64/><E64/><V21/><F33/><W1/><G1/><T89/><D43/><U0/><E0/><V23/><F32/><W13/><G13/><N who="2" m="5225" /><F4/><W83/><G83/><T48/><D109/><U129/><E129/><V116/><F116/><W127/><G127/><T113/><D111/><U35/><E35/><V80/><F80/><W60/><AGARI ba="1,2" hai="10,15,19,52,58,60,72,76,81,85,87" m="7168" machi="60" ten="40,8000,1" yaku="1,1,0,1,52,1,54,1,53,1" doraHai="119,56" doraHaiUra="71,75" who="3" fromWho="3" sc="390,-21,4,-21,386,-41,200,103" owari="369,46.9,-17,-51.7,345,14.5,303,-9.7" /></mjloggm>