<mjloggm ver="2.3"><GO type="225" lobby="0"/><UN n0="%E3%81%86%E3%81%A9%E3%82%93%E3%81%93" n1="%E3%81%B5%E3%81%98%E3%81%8B%E3%81%A4" n2="%72%69%6F%75%63%68%61%6E" n3="%E5%A4%9C%E3%81%AE%E3%82%AC%E3%82%B9%E3%83%91%E3%83%BC%E3%83%AB" dan="16,17,16,16" rate="2146.57,2211.77,2177.94,2147.76" sx="M,M,M,M"/><TAIKYOKU oya="0"/><BYE who="3" /><INIT seed="0,0,0,3,5,98" ten="250,250,250,250" oya="0" hai0="24,29,90,130,14,55,17,93,3,57,41,23,46" hai1="74,103,134,45,117,115,108,42,25,80,89,4,72" hai2="51,13,26,32,123,48,81,102,99,88,83,8,66" hai3="31,9,47,0,2,60,106,84,127,87,44,119,1"/><T75/><D75/><UN n3="%E5%A4%9C%E3%81%AE%E3%82%AC%E3%82%B9%E3%83%91%E3%83%BC%E3%83%AB" /><U34/><E117/><V54/><F123/><W101/><G119/><T6/><D130/><U95/><E115/><V59/><F66/><W76/><G127/><T35/><D41/><U79/><E134/><V133/><F133/><W78/><G31/><T132/><D46/><U28/><E108/><V22/><F32/><W70/><G9/><T82/><D82/><U129/><E129/><V64/><F64/><W21/><G21/><T118/><D118/><U16/><E4/><V20/><F48/><W69/><G60/><T7/><D132/><U10/><E72/><V49/><F49/><W96/><G87/><T114/><D114/><U36/><E10/><V77/><F88/><W11/><G11/><T71/><D71/><U112/><E112/><V63/><F63/><W111/><G111/><T27/><D3/><U56/><E56/><V100/><F20/><W85/><G85/><T113/><D113/><U135/><E135/><V73/><F81/><W94/><G106/><T39/><D39/><U43/><E43/><V15/><F8/><W91/><G101/><T104/><D104/><U124/><E124/><V65/><F65/><W67/><G67/><T38/><D38/><U121/><E121/><V19/><REACH who="2" step="1"/><F100/><REACH who="2" ten="250,250,240,250" step="2"/><W61/><G61/><N who="0" m="36031" /><D14/><U50/><E103/><V12/><F12/><W33/><G33/><T62/><D62/><U125/><E125/><V120/><F120/><W68/><G84/><T126/><D126/><U97/><REACH who="1" step="1"/><E50/><REACH who="1" ten="250,240,240,250" step="2"/><V18/><F18/><AGARI ba="0,2" hai="16,18,25,28,34,36,42,45,74,79,80,89,95,97" machi="18" ten="40,5200,0" yaku="1,1,2,1,54,1,53,0" doraHai="98" doraHaiUra="58" who="1" fromWho="2" sc="250,0,240,72,240,-52,250,0" /><INIT seed="1,0,0,1,4,20" ten="250,312,188,250" oya="1" hai0="115,124,34,90,75,56,102,18,6,46,72,108,42" hai1="49,104,10,54,88,68,128,94,89,0,63,84,48" hai2="28,66,23,127,5,44,64,39,135,65,60,7,134" hai3="25,35,103,122,8,107,111,22,62,121,109,21,123"/><U12/><E128/><V29/><F127/><W101/><G62/><T47/><D115/><U81/><E104/><V95/><F60/><W45/><G45/><T33/><D102/><N who="3" m="38921" /><G8/><T37/><D108/><N who="3" m="41545" /><G107/><T70/><D70/><U120/><E120/><V17/><F95/><W83/><G83/><T52/><D124/><U55/><E0/><V71/><F71/><W78/><G78/><T86/><D47/><U73/><E73/><V58/><F58/><W113/><G113/><T19/><D6/><N who="2" m="2058" /><F44/><W92/><G92/><T4/><D4/><N who="1" m="3143" /><E68/><V16/><F39/><W100/><N who="3" m="38929" /><W131/><DORA hai="27" /><G131/><T110/><D110/><U85/><E63/><V74/><F74/><W77/><G77/><T132/><D75/><U125/><E125/><V3/><F3/><W114/><G114/><T14/><D72/><U87/><E54/><V119/><F119/><W41/><G41/><T1/><D1/><U91/><E55/><V93/><F93/><AGARI ba="0,0" hai="48,49,81,84,85,87,88,89,91,93,94" m="3143" machi="93" ten="30,2900,0" yaku="8,1,54,1" doraHai="20,27" who="1" fromWho="2" sc="250,0,312,29,188,-29,250,0" /><INIT seed="1,1,0,1,1,10" ten="250,341,159,250" oya="1" hai0="122,106,51,70,8,129,26,102,130,86,1,104,55" hai1="100,95,63,36,87,68,114,7,5,105,121,90,120" hai2="2,6,20,56,38,41,31,58,111,14,124,116,126" hai3="19,37,117,81,108,83,64,30,79,11,98,61,40"/><U52/><E36/><V27/><F116/><W125/><G117/><T96/><D70/><U62/><E114/><V67/><F111/><W115/><G115/><T84/><D106/><U15/><E105/><V118/><F118/><W75/><G108/><T4/><D122/><U99/><E68/><V17/><F41/><W59/><G125/><N who="2" m="48233" /><F38/><W80/><G30/><T91/><D26/><U74/><E74/><V128/><F67/><W47/><REACH who="3" step="1"/><G98/><REACH who="3" ten="250,341,159,240" step="2"/><T23/><D130/><U54/><E121/><V32/><F128/><W113/><G113/><T132/><D129/><U103/><E99/><V22/><F22/><W34/><G34/><T53/><D23/><U0/><E120/><V71/><F71/><W69/><G69/><T33/><D33/><U12/><E0/><V76/><F76/><W119/><G119/><T29/><D1/><U21/><E21/><V50/><F50/><W127/><G127/><T24/><D51/><U25/><E63/><V46/><F46/><W44/><G44/><T42/><D96/><U49/><E62/><V133/><F133/><W134/><G134/><T16/><D132/><U72/><E49/><V77/><F77/><W39/><G39/><T112/><D112/><U18/><E103/><V73/><F73/><W85/><G85/><T60/><D86/><U13/><E100/><V135/><F135/><W57/><G57/><T43/><D84/><U48/><E72/><V28/><F28/><W45/><G45/><T123/><D102/><U78/><E48/><V97/><F97/><W131/><G131/><T107/><D29/><U9/><E78/><RYUUKYOKU ba="1,1" sc="250,-15,341,-15,159,15,240,15" hai2="2,6,14,17,20,27,31,32,56,58" hai3="11,19,37,40,47,59,61,64,75,79,80,81,83" /><INIT seed="2,2,1,1,0,81" ten="235,326,174,255" oya="2" hai0="87,80,82,3,57,29,31,21,63,7,114,118,49" hai1="76,75,12,84,50,56,96,14,92,86,112,119,129" hai2="28,115,0,44,93,64,116,4,90,65,98,52,104" hai3="120,17,85,70,39,35,83,132,46,38,108,121,124"/><V107/><F115/><W53/><G35/><T45/><D114/><U128/><E112/><V127/><F116/><W47/><G70/><T55/><D118/><U42/><E119/><V30/><F127/><W37/><G124/><T100/><D100/><U125/><E75/><V72/><F72/><W66/><G66/><N who="2" m="25705" /><F107/><W122/><G108/><T97/><D97/><U19/><E76/><V18/><F0/><W2/><G2/><T43/><D3/><U41/><E125/><V69/><F104/><W77/><G132/><T20/><D7/><U36/><E36/><V126/><F69/><W67/><G67/><T5/><D5/><U60/><E12/><V6/><F126/><W59/><REACH who="3" step="1"/><G17/><REACH who="3" ten="235,326,174,245" step="2"/><T135/><D135/><U94/><E19/><V40/><F18/><W131/><G131/><T13/><D31/><N who="2" m="11818" /><F40/><W1/><G1/><T110/><D29/><U25/><E42/><V106/><F106/><W134/><G134/><T130/><D130/><U133/><E41/><V109/><F109/><W15/><G15/><T88/><D110/><U16/><E14/><V123/><F123/><W58/><G58/><T74/><D13/><U51/><E133/><V23/><F23/><N who="0" m="8778" /><D74/><U71/><E71/><V11/><F11/><W26/><G26/><T33/><D33/><U22/><E129/><V9/><F9/><W95/><G95/><AGARI ba="2,2" hai="43,45,49,55,57,63,80,82,87,88,95" m="8778" machi="95" ten="30,3900,0" yaku="8,1,52,1,54,1" doraHai="81" who="0" fromWho="3" sc="235,65,326,0,174,0,245,-45" /><INIT seed="3,0,0,5,0,76" ten="300,326,174,200" oya="3" hai0="129,32,27,87,110,84,51,114,65,133,125,94,121" hai1="73,88,115,102,86,55,103,123,4,7,30,98,118" hai2="68,25,9,58,6,11,122,18,127,81,128,67,21" hai3="79,82,31,92,117,43,61,134,131,54,63,60,56"/><W89/><G117/><T29/><D121/><U97/><E123/><V40/><F122/><W48/><G131/><T62/><D129/><U64/><E115/><V14/><F128/><W124/><G134/><T59/><D133/><U135/><E73/><V57/><F127/><W101/><G101/><N who="1" m="38410" /><E118/><V47/><F68/><W16/><G124/><T105/><D105/><U69/><E30/><V74/><F67/><W44/><G31/><T42/><D125/><U17/><E17/><V90/><F11/><W78/><G16/><T85/><D110/><U126/><E64/><V130/><F130/><W5/><G5/><N who="1" m="2122" /><E69/><V95/><F74/><W39/><REACH who="3" step="1"/><G82/><REACH who="3" ten="300,326,174,190" step="2"/><T96/><D114/><U106/><E126/><V120/><F81/><W8/><G8/><T66/><D66/><U22/><E135/><V91/><F120/><W13/><G13/><T53/><D42/><U111/><E111/><V36/><REACH who="2" step="1"/><F90/><REACH who="2" ten="300,326,164,190" step="2"/><W93/><G93/><T132/><D132/><U100/><E88/><V119/><F119/><W83/><G83/><T37/><D65/><U35/><E106/><V1/><F1/><W99/><AGARI ba="0,2" hai="39,43,44,48,54,56,60,61,63,78,79,89,92,99" machi="99" ten="30,3000,0" yaku="1,1,0,1,53,0" doraHai="76" doraHaiUra="104" who="3" fromWho="3" sc="300,-10,326,-10,164,-10,190,50" /><INIT seed="3,1,0,2,4,48" ten="290,316,154,240" oya="3" hai0="132,72,104,77,11,58,106,84,79,128,0,16,1" hai1="37,71,118,56,14,39,25,46,131,42,81,19,135" hai2="30,105,85,32,33,17,34,110,18,127,22,21,27" hai3="36,82,20,98,38,113,2,29,12,44,123,103,45"/><W96/><G113/><T66/><D128/><U6/><E71/><V64/><F105/><W51/><G123/><T125/><D72/><U73/><E131/><V130/><F130/><W120/><G120/><T9/><D132/><U31/><E135/><V68/><F68/><W53/><G2/><T28/><D28/><U67/><E6/><V102/><F64/><W114/><G114/><T4/><D125/><U76/><E56/><V88/><F127/><W122/><G122/><T7/><D16/><N who="2" m="6250" /><F102/><W97/><G38/><T50/><D66/><U40/><E67/><V95/><F95/><W86/><G36/><T10/><D10/><U69/><E69/><V55/><F85/><W100/><G45/><T78/><D84/><U26/><E118/><V52/><F110/><W62/><G62/><T57/><D57/><U60/><E60/><V83/><F83/><W24/><REACH who="3" step="1"/><G12/><REACH who="3" ten="290,316,154,230" step="2"/><T47/><REACH who="0" step="1"/><D58/><REACH who="0" ten="280,316,154,230" step="2"/><U59/><E59/><V111/><F111/><W74/><G74/><T15/><D15/><U80/><E14/><V99/><F30/><W63/><G63/><T108/><D108/><U75/><E31/><V8/><F8/><W5/><G5/><T124/><D124/><U101/><E46/><V94/><F27/><W117/><G117/><T87/><D87/><U89/><E73/><V107/><F107/><W126/><G126/><T65/><D65/><U91/><E75/><V3/><F3/><W133/><G133/><T35/><D35/><N who="2" m="8962" /><V121/><DORA hai="23" /><F121/><W90/><AGARI ba="1,2" hai="20,24,29,44,51,53,82,86,90,96,97,98,100,103" machi="90" ten="30,12000,1" yaku="1,1,0,1,8,1,52,2,53,0" doraHai="48,23" doraHaiUra="116,70" who="3" fromWho="3" sc="280,-41,316,-41,154,-41,230,143" owari="239,-16.1,275,7.5,113,-38.7,373,47.3" /></mjloggm>