<mjloggm ver="2.3"><GO type="225" lobby="0"/><UN n0="%6D%75%75%6D%75%72%61" n1="%E7%AD%89%E3%80%85%E5%8A%9B%E5%8A%87%E5%A0%B4" n2="%E3%81%A9%E3%82%93%E3%82%88%E3%81%8F%4D%6B%2E%32" n3="%E3%81%86%E3%83%BC%E3%81%B1%E3%83%BC" dan="16,16,16,16" rate="2134.64,2155.10,2203.10,2206.48" sx="F,M,M,F"/><TAIKYOKU oya="0"/><INIT seed="0,0,0,1,2,31" ten="250,250,250,250" oya="0" hai0="49,15,19,73,108,66,40,33,113,131,91,54,115" hai1="106,30,124,107,27,82,17,76,0,10,118,11,6" hai2="93,13,133,123,51,83,117,57,61,92,100,55,119" hai3="23,112,21,32,38,34,67,79,4,18,50,88,101"/><T56/><D131/><U25/><E118/><N who="2" m="45067" /><F123/><W62/><G38/><T14/><D108/><U42/><E124/><V59/><F133/><W68/><G112/><T110/><D110/><U129/><E129/><V12/><F83/><W28/><G4/><T20/><D73/><U78/><E42/><V121/><F121/><W1/><G1/><T81/><D33/><U53/><E53/><N who="2" m="34031" /><F100/><W130/><G79/><T114/><D66/><U109/><E109/><V132/><F132/><W122/><G101/><T89/><D81/><U103/><E103/><V90/><F93/><W116/><G122/><T111/><D111/><U7/><E78/><V96/><AGARI ba="0,0" hai="12,13,51,55,57,90,92,96" m="34031,45067" machi="96" ten="30,1100,0" yaku="12,1" doraHai="31" who="2" fromWho="2" sc="250,-5,250,-3,250,11,250,-3" /><INIT seed="1,0,0,5,1,103" ten="245,247,261,247" oya="1" hai0="62,127,118,51,84,44,24,126,88,30,52,105,115" hai1="131,16,36,86,6,78,67,104,85,13,101,74,43" hai2="7,100,18,111,23,33,61,17,83,75,20,46,99" hai3="11,60,73,94,79,57,112,39,0,14,82,50,35"/><U1/><E131/><V9/><F33/><W69/><G112/><T40/><D115/><U45/><E67/><V53/><F111/><W27/><G39/><T93/><D118/><U117/><E117/><V113/><F113/><W31/><G0/><T25/><D105/><U12/><E1/><V59/><F46/><W90/><G50/><T92/><D92/><U114/><E114/><V10/><F83/><W130/><G69/><T119/><D119/><U64/><E64/><V63/><F75/><W76/><G79/><T41/><D24/><U91/><E74/><V129/><F129/><W72/><G73/><T21/><REACH who="0" step="1"/><D62/><REACH who="0" ten="235,247,261,247" step="2"/><U132/><E104/><V55/><F61/><W19/><G130/><T54/><D54/><U89/><E101/><V48/><F55/><W49/><G60/><T96/><D96/><U71/><E43/><AGARI ba="0,1" hai="21,25,30,40,41,43,44,51,52,84,88,93,126,127" machi="43" ten="40,5200,0" yaku="1,1,54,2,53,0" doraHai="103" doraHaiUra="95" who="0" fromWho="1" sc="235,62,247,-52,261,0,247,0" /><INIT seed="2,0,0,3,4,25" ten="297,195,261,247" oya="2" hai0="86,111,110,43,21,52,135,73,12,27,98,127,61" hai1="56,89,62,44,35,99,57,70,1,114,5,64,118" hai2="128,40,102,134,123,60,49,94,54,20,71,34,26" hai3="66,124,92,78,119,108,76,69,96,31,8,120,10"/><V129/><F123/><W100/><G120/><T22/><D73/><U45/><E114/><V117/><F34/><W51/><G119/><T4/><D127/><U16/><E118/><V84/><F40/><W107/><G108/><N who="0" m="41515" /><D135/><U79/><E79/><V30/><F117/><W11/><G124/><T46/><D98/><U63/><E70/><V104/><F104/><W121/><G121/><T88/><D61/><U113/><E113/><V42/><F42/><W91/><G51/><N who="0" m="28791" /><D43/><U58/><E58/><V59/><F134/><W18/><G18/><T17/><D4/><U74/><E74/><V90/><REACH who="2" step="1"/><F102/><REACH who="2" ten="297,195,251,247" step="2"/><W93/><G107/><T95/><D22/><U126/><E126/><V13/><F13/><AGARI ba="0,1" hai="12,13,17,21,27,86,88,95" m="28791,41515" machi="13" ten="30,3900,0" yaku="14,1,54,2" doraHai="25" who="0" fromWho="2" sc="297,49,195,0,251,-39,247,0" /><INIT seed="3,0,0,5,1,11" ten="346,195,212,247" oya="3" hai0="134,23,133,38,81,128,124,82,129,77,43,50,57" hai1="113,6,98,84,102,71,63,83,60,25,0,122,29" hai2="59,107,26,93,56,87,109,115,47,4,31,19,42" hai3="69,13,18,52,91,111,101,85,108,27,75,78,68"/><W79/><G101/><T22/><D38/><U7/><E122/><V106/><F115/><W131/><G27/><T36/><D36/><U10/><E113/><V119/><F119/><W74/><G52/><N who="0" m="31895" /><D43/><U35/><E71/><N who="3" m="27210" /><G131/><N who="0" m="50251" /><D124/><U62/><E7/><V127/><F127/><W123/><G123/><T55/><D55/><U54/><E54/><V120/><F26/><W17/><G75/><N who="0" m="43199" /><D82/><U64/><E64/><V117/><F42/><W80/><G74/><T24/><D24/><U135/><E135/><AGARI ba="0,0" hai="22,23,133,134,135" m="43199,50251,31895" machi="135" ten="30,3900,0" yaku="20,1,19,1,54,1" doraHai="11" who="0" fromWho="1" sc="346,39,195,-39,212,0,247,0" owari="385,48.5,156,-34.4,212,-18.8,247,4.7" /></mjloggm>