<mjloggm ver="2.3"><GO type="225" lobby="0"/><UN n0="%E3%82%82%E3%81%90%E3%82%89" n1="%E3%81%AF%E3%82%88%E3%81%8A%E3%81%98%E3%81%95%E3%82%93" n2="%6D%75%75%6D%75%72%61" n3="%45%6C%79%73%69%75%6D" dan="17,16,16,17" rate="2171.36,2209.64,2148.56,2120.85" sx="M,M,F,F"/><TAIKYOKU oya="0"/><INIT seed="0,0,0,4,3,55" ten="250,250,250,250" oya="0" hai0="131,49,88,98,109,5,130,28,135,106,122,41,23" hai1="64,116,84,15,33,104,115,56,7,54,105,26,81" hai2="8,12,124,39,2,71,11,42,91,77,34,117,22" hai3="111,6,29,119,20,31,17,125,128,113,76,112,25"/><T73/><D73/><U51/><E116/><V19/><F34/><W65/><G76/><T27/><D122/><U67/><E115/><N who="3" m="44106" /><G65/><T35/><D135/><U83/><E83/><V86/><F124/><W94/><G94/><N who="0" m="56647" /><D106/><U72/><E72/><V47/><F117/><W96/><G96/><T48/><D5/><U89/><E104/><V14/><F71/><W50/><G50/><T74/><D74/><U57/><E105/><V66/><F66/><N who="1" m="25129" /><E26/><V97/><F2/><W44/><G44/><T120/><D120/><U62/><E33/><V103/><F77/><W59/><G6/><T95/><D41/><U129/><E129/><N who="0" m="49161" /><D109/><U100/><E100/><V13/><F97/><W110/><G128/><T43/><D43/><U101/><E101/><V60/><F103/><W87/><G125/><T107/><D107/><U99/><E99/><V118/><F118/><W79/><G119/><T30/><D95/><U9/><E62/><V38/><F60/><W68/><G68/><T132/><D132/><U85/><E84/><V61/><F61/><W102/><G87/><T32/><D30/><U133/><E133/><V93/><REACH who="2" step="1"/><F39/><REACH who="2" ten="250,250,240,250" step="2"/><W37/><G37/><T75/><D75/><U36/><E36/><V80/><F80/><W134/><G134/><T4/><D49/><U45/><AGARI ba="0,1" hai="7,9,15,45,51,54,56,57,81,85,89" m="25129" machi="45" ten="30,4000,0" yaku="8,1,52,2" doraHai="55" who="1" fromWho="1" sc="250,-20,250,50,240,-10,250,-10" /><INIT seed="1,0,0,5,2,101" ten="230,300,230,240" oya="1" hai0="134,126,94,4,75,81,18,22,117,96,67,104,82" hai1="2,5,72,32,27,113,44,26,65,38,80,9,87" hai2="98,107,118,39,28,31,50,129,120,68,51,43,42" hai3="52,116,61,7,33,59,14,109,36,93,10,127,78"/><U64/><E113/><V95/><F118/><W89/><G36/><T55/><D117/><U125/><E125/><V29/><F120/><W100/><G116/><T77/><D126/><U23/><E32/><V69/><F129/><W85/><G127/><T106/><D134/><U37/><E27/><V128/><F128/><W73/><G33/><T83/><D67/><U49/><E38/><V3/><F3/><W84/><G109/><T45/><D4/><U34/><E34/><V30/><N who="2" m="7168" /><DORA hai="131" /><V63/><F107/><W135/><G135/><T88/><D75/><U132/><E37/><V122/><F122/><W92/><G100/><T20/><D77/><U121/><E72/><V0/><F0/><W56/><G73/><T48/><REACH who="0" step="1"/><D20/><REACH who="0" ten="220,300,230,240" step="2"/><U11/><E23/><V19/><F69/><W13/><G78/><T110/><D110/><U86/><E64/><V12/><F68/><W15/><G7/><T114/><D114/><U62/><E65/><V71/><F71/><W25/><G10/><T133/><D133/><U102/><E11/><V17/><F17/><W111/><G111/><T57/><D57/><U99/><E9/><V112/><F112/><W46/><G59/><T97/><D97/><U119/><E99/><V79/><F19/><W91/><G46/><T8/><D8/><U58/><E5/><V1/><F98/><W66/><G66/><T6/><D6/><U103/><E132/><V90/><F1/><W130/><G130/><T60/><D60/><U124/><E2/><V16/><F63/><W115/><G115/><T24/><AGARI ba="0,1" hai="18,22,24,45,48,55,81,82,83,88,94,96,104,106" machi="24" ten="30,12000,2" yaku="1,1,0,1,52,2,54,1,53,1" doraHai="101,131" doraHaiUra="40,35" who="0" fromWho="0" sc="220,130,300,-60,230,-30,240,-30" /><INIT seed="2,0,0,4,1,111" ten="350,240,200,210" oya="2" hai0="110,26,127,86,80,74,59,116,107,119,103,134,16" hai1="94,129,21,105,73,62,39,45,96,113,125,44,67" hai2="85,22,98,53,130,71,25,5,97,121,77,2,70" hai3="58,65,117,37,15,34,32,38,10,123,104,3,35"/><V36/><F121/><W100/><G117/><T115/><D110/><U133/><E113/><V23/><F130/><W51/><G123/><T92/><D115/><U93/><E73/><V69/><F36/><W30/><G3/><T64/><D134/><U31/><E133/><V90/><F77/><W63/><G30/><T114/><D114/><U4/><E4/><V131/><F131/><W108/><G108/><T106/><D74/><U18/><E31/><V46/><F2/><W102/><G51/><T12/><D26/><U29/><E29/><V6/><F53/><W76/><G76/><T78/><D127/><U82/><E82/><V84/><F46/><W122/><G122/><T89/><D64/><U112/><E125/><V61/><F61/><W11/><G104/><T66/><D59/><U124/><E124/><V20/><F25/><W132/><G132/><T0/><D66/><U68/><E129/><V118/><F118/><N who="0" m="45098" /><D103/><N who="1" m="62695" /><E112/><V41/><F41/><W72/><G72/><N who="0" m="43079" /><D0/><U87/><E87/><N who="2" m="33355" /><F90/><W83/><G83/><T101/><D101/><U28/><E28/><V40/><F40/><W75/><G75/><T126/><D126/><U24/><E39/><N who="3" m="14858" /><G100/><T81/><D81/><U19/><E45/><V14/><F14/><W1/><G102/><T7/><D7/><AGARI ba="0,0" hai="5,6,7,20,22,23,69,70,71,97,98" m="33355" machi="7" ten="40,3900,0" yaku="28,2" doraHai="111" who="2" fromWho="0" sc="350,-39,240,0,200,39,210,0" /><INIT seed="2,1,0,1,4,114" ten="311,240,239,210" oya="2" hai0="67,47,50,80,129,87,82,131,108,100,22,71,6" hai1="74,92,5,1,107,125,46,121,81,30,85,59,40" hai2="16,27,44,56,49,39,115,11,13,42,53,34,8" hai3="4,54,124,37,113,28,38,21,18,84,41,26,95"/><V118/><F115/><W117/><G113/><T9/><D108/><U23/><E107/><V128/><F128/><N who="0" m="49226" /><D100/><U134/><E125/><V58/><F118/><W105/><G105/><T98/><D98/><U63/><E134/><V88/><F8/><W17/><G124/><T109/><D109/><U73/><E92/><V91/><REACH who="2" step="1"/><F56/><REACH who="2" ten="311,240,229,210" step="2"/><W33/><G117/><T2/><D9/><U93/><E59/><V20/><F20/><W119/><G119/><T65/><D22/><U111/><E23/><V66/><F66/><W19/><G21/><T135/><D67/><U69/><E111/><V45/><F45/><W106/><G33/><T79/><D65/><U61/><E46/><V76/><F76/><W52/><G28/><AGARI ba="1,1" hai="11,13,16,27,28,34,39,42,44,49,53,58,88,91" machi="28" ten="40,12000,1" yaku="1,1,54,2,53,1" doraHai="114" doraHaiUra="12" who="2" fromWho="3" sc="311,0,240,0,229,133,210,-123" /><INIT seed="2,2,0,2,5,131" ten="311,240,362,87" oya="2" hai0="127,121,116,109,71,84,120,69,14,96,60,81,85" hai1="132,56,25,2,73,133,26,12,47,32,92,54,135" hai2="23,10,129,29,64,83,113,18,40,134,110,19,130" hai3="98,125,61,44,107,37,15,16,93,77,49,123,51"/><V67/><F113/><W82/><G123/><T20/><D109/><U31/><E2/><V108/><F40/><W76/><G107/><T103/><D127/><U122/><E73/><V13/><F29/><W68/><G125/><T114/><D114/><U100/><E122/><V42/><F42/><W27/><G37/><T87/><D116/><U128/><E128/><N who="2" m="49259" /><F83/><W105/><G105/><T9/><D20/><U0/><E0/><V41/><F41/><W80/><G27/><T75/><D121/><U6/><E26/><N who="2" m="14711" /><F134/><W59/><G68/><T89/><D75/><U1/><E1/><V36/><F36/><W104/><G104/><T126/><D71/><U106/><E106/><V91/><F91/><W72/><G44/><T99/><D120/><U94/><E47/><V50/><F50/><W115/><G115/><T38/><D38/><U111/><E100/><V39/><F39/><W95/><G95/><T117/><D117/><U3/><E3/><V97/><F97/><W46/><G46/><T88/><D89/><U118/><E111/><AGARI ba="2,0" hai="10,13,19,64,67,108,110,111" m="14711,49259" machi="111" ten="30,5800,0" yaku="14,1,10,1,19,1" doraHai="131" who="2" fromWho="1" sc="311,0,240,-64,362,64,87,0" /><INIT seed="2,3,0,3,0,93" ten="311,176,426,87" oya="2" hai0="13,80,56,0,9,83,114,101,21,66,134,31,34" hai1="126,51,12,37,132,128,50,24,109,129,6,23,98" hai2="120,43,113,49,4,79,94,135,92,2,69,89,68" hai3="115,110,61,36,87,112,22,74,57,133,100,131,19"/><V59/><F113/><W116/><G36/><T123/><D114/><N who="3" m="43561" /><G74/><T26/><D123/><U103/><E37/><V117/><F117/><W82/><G116/><T95/><D134/><U35/><E132/><V8/><F120/><W107/><G133/><T71/><D0/><U32/><E109/><V40/><F79/><N who="3" m="46559" /><G110/><T44/><D44/><U77/><E77/><V27/><F94/><W125/><G131/><N who="1" m="50250" /><E126/><V38/><F38/><W3/><G3/><T111/><D34/><N who="1" m="12843" /><E12/><V127/><F27/><N who="3" m="14815" /><G125/><T64/><D71/><U7/><E6/><V67/><F69/><W73/><G73/><T52/><D111/><U42/><E7/><V11/><F68/><W16/><G16/><N who="0" m="8239" /><D83/><U130/><E42/><V124/><F40/><W119/><G119/><T122/><D80/><U96/><E130/><V76/><F135/><W84/><G84/><T18/><D18/><N who="1" m="12407" /><E103/><V28/><F4/><W29/><G29/><T55/><D122/><U15/><E15/><V85/><F28/><W46/><G100/><T81/><D81/><U97/><AGARI ba="3,0" hai="50,51,96,97,98" m="12407,12843,50250" machi="97" ten="40,8000,1" yaku="19,1,52,3" doraHai="93" who="1" fromWho="1" sc="311,-23,176,89,426,-43,87,-23" /><INIT seed="3,0,0,2,4,117" ten="288,265,383,64" oya="3" hai0="62,64,134,34,63,51,49,127,93,116,20,112,12" hai1="87,61,96,105,103,53,125,2,25,113,81,19,131" hai2="7,128,58,133,98,75,55,68,122,83,132,110,23" hai3="121,88,90,43,123,8,28,15,118,82,129,5,39"/><W69/><G118/><T54/><D34/><U91/><E2/><V47/><F110/><W35/><G69/><T99/><D116/><U6/><E6/><V24/><F68/><W89/><G82/><T115/><D127/><U85/><E113/><N who="0" m="43593" /><D134/><U80/><E125/><V71/><F71/><W37/><G129/><T1/><D1/><U40/><E40/><V126/><F126/><W114/><G114/><T66/><D20/><U67/><E131/><V57/><F7/><W14/><G14/><T124/><D12/><U106/><E53/><V130/><F98/><W45/><REACH who="3" step="1"/><G37/><REACH who="3" ten="288,265,383,54" step="2"/><T109/><D124/><U32/><E80/><V3/><F83/><W27/><AGARI ba="0,1" hai="5,8,15,27,28,35,39,43,45,88,89,90,121,123" machi="27" ten="30,18000,2" yaku="1,1,2,1,0,1,52,2,54,1,53,0" doraHai="117" doraHaiUra="97" who="3" fromWho="3" sc="288,-60,265,-60,383,-60,54,190" /><INIT seed="3,1,0,5,4,21" ten="228,205,323,244" oya="3" hai0="52,113,46,93,134,55,16,67,80,8,99,9,65" hai1="49,45,23,127,25,51,14,40,57,105,33,107,43" hai2="110,76,92,95,50,75,41,111,103,133,112,94,6" hai3="81,98,15,27,74,30,5,0,47,129,44,28,18"/><W19/><G129/><T73/><D134/><U37/><E127/><V115/><F133/><W26/><G74/><T62/><D113/><U56/><E33/><V88/><F103/><W106/><G106/><T22/><D73/><U122/><E122/><V72/><F6/><W91/><G0/><T130/><D80/><U126/><E126/><V117/><F117/><W128/><G5/><T108/><D130/><U1/><E1/><V100/><F41/><W90/><G81/><T13/><D108/><N who="2" m="41514" /><F50/><W71/><G128/><T109/><D109/><U84/><E14/><V12/><F12/><W102/><G71/><T61/><D61/><U58/><E84/><N who="2" m="52231" /><F94/><W10/><G102/><N who="0" m="60783" /><D62/><U85/><E85/><V78/><F72/><W39/><G98/><T135/><D135/><U101/><E101/><V89/><F100/><W7/><G39/><T63/><D63/><U64/><E64/><N who="0" m="24649" /><D46/><U96/><E96/><N who="2" m="57455" /><F75/><W118/><G118/><T48/><D48/><U4/><E4/><V24/><F24/><N who="3" m="9259" /><G90/><T38/><D38/><U29/><E37/><V32/><F32/><W35/><G35/><T86/><D86/><U132/><E132/><V69/><F69/><W17/><G91/><T42/><D42/><U11/><E11/><AGARI ba="1,0" hai="8,9,11,13,16,22,52,55" m="24649,60783" machi="11" ten="30,3900,0" yaku="8,1,54,2" doraHai="21" who="0" fromWho="1" sc="228,42,205,-42,323,0,244,0" owari="270,7.0,163,-33.7,323,42.3,244,-15.6" /></mjloggm>