<mjloggm ver="2.3"><GO type="225" lobby="0"/><UN n0="%E7%AD%89%E3%80%85%E5%8A%9B%E5%8A%87%E5%A0%B4" n1="%72%69%6F%75%63%68%61%6E" n2="%E3%82%A2%E3%83%8A%E3%83%BC%E3%81%8D%E3%83%BC" n3="%E3%82%BC%E3%83%AB%E3%83%80%E3%81%AE%E4%BC%9D%E8%AA%AC" dan="17,16,16,16" rate="2134.60,2152.09,2104.21,2197.79" sx="M,M,M,M"/><TAIKYOKU oya="0"/><INIT seed="0,0,0,1,4,63" ten="250,250,250,250" oya="0" hai0="79,91,123,26,72,81,98,95,62,46,133,2,77" hai1="121,83,128,68,101,73,87,36,86,78,125,94,134" hai2="84,54,35,45,74,112,66,96,24,57,70,85,43" hai3="120,1,61,33,97,113,29,4,105,56,40,10,23"/><T37/><D123/><U99/><E121/><V122/><F74/><W102/><G120/><T103/><D2/><U88/><E36/><V126/><F122/><W69/><G40/><T82/><D133/><U60/><E134/><V71/><F112/><W17/><G113/><T55/><D26/><U20/><E20/><V107/><F126/><W53/><G69/><T119/><D119/><U117/><E117/><V49/><F71/><W52/><G33/><T16/><D37/><U38/><E38/><N who="2" m="21751" /><F96/><W111/><G111/><T59/><D46/><U114/><E114/><V80/><F80/><W115/><G115/><T104/><D16/><U3/><E3/><V41/><F41/><W124/><G124/><T15/><D15/><U51/><E125/><V7/><F7/><W44/><G29/><T76/><REACH who="0" step="1"/><D82/><REACH who="0" ten="240,250,250,250" step="2"/><U108/><E108/><V48/><F24/><W34/><G44/><T21/><D21/><U65/><E128/><V13/><F35/><W27/><REACH who="3" step="1"/><G34/><REACH who="3" ten="240,250,250,240" step="2"/><T5/><D5/><U132/><E132/><V22/><F22/><W31/><G31/><T129/><D129/><U28/><E28/><V19/><F19/><W18/><G18/><T118/><D118/><U6/><E6/><V47/><F47/><W0/><G0/><T64/><D64/><AGARI ba="0,2" hai="1,4,10,17,23,27,52,53,56,61,64,97,102,105" machi="64" ten="30,7700,0" yaku="1,1,7,1,52,1,54,1,53,0" doraHai="63" doraHaiUra="109" who="3" fromWho="0" sc="240,-77,250,0,250,0,240,97" /><INIT seed="1,0,0,4,3,57" ten="163,250,250,337" oya="1" hai0="46,21,83,76,107,102,128,63,126,86,68,12,10" hai1="109,117,0,45,115,38,90,105,60,48,85,56,9" hai2="4,103,39,79,95,58,92,74,50,52,33,71,32" hai3="22,73,80,112,53,47,15,2,96,5,54,25,19"/><U24/><E115/><V17/><F71/><W13/><G112/><T123/><D128/><U44/><E117/><V125/><F39/><W120/><G120/><T20/><D126/><U42/><E105/><V94/><F125/><W114/><G114/><T113/><D113/><U28/><E109/><V97/><F4/><W122/><G122/><T98/><D123/><U35/><E0/><V23/><F79/><W55/><G2/><T14/><D14/><U82/><E9/><V88/><F74/><W61/><G73/><T66/><REACH who="0" step="1"/><D46/><REACH who="0" ten="153,250,250,337" step="2"/><U7/><E7/><AGARI ba="0,1" hai="7,10,12,20,21,63,66,68,76,83,86,98,102,107" machi="7" ten="30,8000,1" yaku="1,1,2,1,7,1,52,1,53,1" doraHai="57" doraHaiUra="59" who="0" fromWho="1" sc="153,90,250,-80,250,0,337,0" /><INIT seed="2,0,0,1,0,21" ten="243,170,250,337" oya="2" hai0="121,41,95,126,110,92,89,32,22,13,1,99,111" hai1="94,52,10,45,48,27,24,77,105,80,44,31,106" hai2="69,40,122,76,101,60,108,66,87,46,53,120,112" hai3="25,125,96,81,18,79,54,50,118,133,83,113,98"/><V84/><F112/><W12/><G118/><T42/><D1/><U7/><E94/><V135/><F135/><W117/><G117/><T119/><D32/><U65/><E65/><V34/><F34/><W59/><G113/><T114/><D119/><U0/><E44/><V11/><F108/><W129/><G133/><T47/><D114/><U116/><E116/><V103/><F53/><W107/><G125/><T8/><D121/><U4/><E4/><V93/><F11/><W78/><G129/><T97/><D126/><U61/><E61/><V68/><F68/><W37/><G37/><T67/><D67/><U38/><E38/><V63/><F60/><W71/><G25/><T73/><D73/><U85/><REACH who="1" step="1"/><E24/><REACH who="1" ten="243,160,250,337" step="2"/><V15/><F63/><W2/><G50/><T123/><D47/><U132/><E132/><V134/><F93/><W17/><G71/><T35/><D95/><U62/><E62/><V88/><F46/><W102/><G59/><T14/><D92/><U33/><AGARI ba="0,1" hai="0,7,10,27,31,33,45,48,52,77,80,85,105,106" machi="33" ten="20,12000,2" yaku="1,1,0,1,7,1,52,1,54,1,53,1" doraHai="21" doraHaiUra="51" who="1" fromWho="1" sc="243,-30,160,130,250,-60,337,-30" /><INIT seed="3,0,0,2,0,89" ten="213,290,190,307" oya="3" hai0="43,76,112,93,57,44,41,35,67,111,34,13,83" hai1="79,119,86,123,115,129,17,80,32,62,55,54,63" hai2="16,102,4,117,130,27,42,26,69,58,52,106,8" hai3="116,48,66,12,126,108,18,2,124,122,59,113,40"/><W51/><G113/><T121/><D121/><U10/><E123/><V7/><F69/><W85/><G122/><T110/><D13/><U46/><E115/><V20/><F117/><W118/><G2/><T72/><D112/><U100/><E32/><V21/><F130/><W14/><G108/><N who="0" m="41515" /><D93/><U37/><E129/><V127/><F127/><N who="3" m="48683" /><G85/><T65/><D43/><U19/><E119/><N who="3" m="45610" /><G40/><T91/><D91/><U38/><E100/><V9/><F42/><W60/><G12/><T104/><D104/><U75/><E75/><V74/><F74/><W128/><G128/><T30/><D72/><U90/><E79/><V109/><F109/><W33/><G33/><T23/><D35/><U105/><E105/><V101/><F106/><W73/><G73/><T36/><D34/><U49/><E37/><V134/><F134/><W61/><G60/><N who="1" m="23082" /><E38/><V53/><F58/><W133/><G133/><T0/><D57/><N who="1" m="32975" /><E10/><AGARI ba="0,0" hai="10,14,18,48,51,59,61,66" m="45610,48683" machi="10" ten="30,1500,0" yaku="18,1" doraHai="89" who="3" fromWho="1" sc="213,0,290,-15,190,0,307,15" owari="213,-18.7,275,7.5,190,-31.0,322,42.2" /></mjloggm>