<mjloggm ver="2.3"><GO type="225" lobby="0"/><UN n0="%45%6C%79%73%69%75%6D" n1="%E3%81%8F%E3%82%8A%E3%83%94%E3%83%BC" n2="%E3%83%A1%E3%82%AC%E3%83%87%E3%82%B8" n3="%70%68%65%6E%6F%6D%65" dan="18,16,16,17" rate="2158.74,2104.43,2115.87,2170.53" sx="F,M,F,M"/><TAIKYOKU oya="0"/><INIT seed="0,0,0,1,3,61" ten="250,250,250,250" oya="0" hai0="7,122,108,109,60,83,59,71,96,30,62,8,105" hai1="42,79,23,94,80,56,1,22,120,72,52,48,89" hai2="65,101,19,82,110,113,85,9,10,115,49,68,34" hai3="73,53,76,4,0,86,78,54,133,132,25,121,90"/><T129/><D122/><U124/><E124/><V6/><F34/><W55/><G121/><T131/><D83/><U58/><E120/><V81/><F110/><N who="0" m="42602" /><D30/><U18/><E1/><V32/><F32/><W112/><G112/><T63/><D71/><U117/><E117/><V43/><F101/><W77/><G73/><T14/><D105/><U39/><E58/><V36/><F36/><W46/><G25/><T31/><D31/><U64/><E64/><V84/><F19/><W95/><REACH who="3" step="1"/><G46/><REACH who="3" ten="250,250,250,240" step="2"/><T74/><D74/><U127/><E127/><V28/><F113/><W5/><G5/><T119/><D119/><U50/><E72/><V51/><F6/><W33/><G33/><T103/><D59/><U11/><E56/><V21/><F68/><W106/><G106/><T26/><D26/><U37/><E37/><V44/><F115/><W70/><G70/><T98/><D103/><U3/><E39/><V75/><F75/><W123/><G123/><T114/><D114/><U116/><E116/><V12/><F44/><W104/><G104/><T57/><D57/><U66/><E50/><V69/><F69/><W87/><G87/><T126/><D126/><U100/><E48/><V91/><F49/><W97/><G97/><AGARI ba="0,1" hai="7,8,14,60,62,63,96,97,98,129,131" m="42602" machi="97" ten="40,3900,0" yaku="14,1,10,1" doraHai="61" who="0" fromWho="3" sc="250,49,250,0,250,0,240,-39" /><INIT seed="0,1,0,2,3,87" ten="299,250,250,201" oya="0" hai0="59,61,63,57,69,95,131,7,102,108,77,44,96" hai1="73,132,43,113,121,10,65,23,49,9,18,1,3" hai2="124,72,81,71,75,25,110,15,20,86,99,26,79" hai3="39,55,37,122,64,28,30,134,92,58,119,111,82"/><T32/><D32/><U98/><E73/><V126/><F71/><W70/><G119/><T27/><D131/><U109/><E121/><V5/><F110/><W0/><G111/><T74/><D108/><U38/><E38/><V104/><F75/><W41/><G122/><T105/><D69/><U85/><E132/><V91/><F5/><W106/><G106/><T83/><D27/><U12/><E113/><V112/><F15/><W16/><G0/><T117/><D117/><U78/><E65/><V46/><F46/><N who="3" m="23855" /><G39/><T76/><D76/><U89/><E1/><V66/><F66/><W101/><G82/><T33/><D33/><U135/><E3/><V62/><F62/><N who="3" m="40215" /><G134/><T56/><D7/><U21/><E135/><V29/><F26/><W19/><G101/><T60/><D44/><N who="1" m="25759" /><E10/><V24/><F24/><W48/><G92/><T51/><REACH who="0" step="1"/><D105/><REACH who="0" ten="289,250,250,201" step="2"/><U68/><E68/><V125/><F112/><W42/><G42/><T34/><D34/><U94/><E109/><V17/><F104/><W50/><G50/><AGARI ba="1,1" hai="50,51,56,57,59,60,61,63,74,77,83,95,96,102" machi="50" ten="40,2000,0" yaku="1,1,53,0" doraHai="87" doraHaiUra="130" who="0" fromWho="3" sc="289,33,250,0,250,0,201,-23" /><INIT seed="0,2,0,2,2,18" ten="322,250,250,178" oya="0" hai0="96,21,25,68,116,46,51,9,16,23,53,100,110" hai1="93,72,128,54,109,65,52,57,81,58,112,14,7" hai2="84,99,131,122,90,11,32,31,69,102,36,133,114" hai3="34,2,60,28,86,26,89,64,127,101,76,3,30"/><T62/><D116/><U135/><E109/><V118/><F122/><W87/><G127/><T95/><D110/><U8/><E135/><V132/><F36/><W22/><G76/><T71/><D9/><U66/><E128/><V107/><F114/><W29/><G101/><T67/><REACH who="0" step="1"/><D21/><REACH who="0" ten="312,250,250,178" step="2"/><U92/><E112/><V35/><F118/><W115/><G115/><T38/><D38/><U27/><E8/><V105/><F35/><W97/><G34/><T59/><AGARI ba="2,1" hai="16,23,25,46,51,53,59,62,67,68,71,95,96,100" machi="59" ten="20,12000,1" yaku="1,1,0,1,7,1,52,1,54,1,53,0" doraHai="18" doraHaiUra="1" who="0" fromWho="0" sc="312,136,250,-42,250,-42,178,-42" /><INIT seed="0,3,0,3,3,116" ten="448,208,208,136" oya="0" hai0="44,16,113,82,25,35,109,71,19,12,99,129,125" hai1="126,10,90,87,45,135,43,77,114,133,41,91,102" hai2="23,72,39,2,42,40,107,81,108,79,49,18,63" hai3="38,103,123,88,11,75,29,32,118,117,37,9,7"/><T6/><D71/><U0/><E102/><V86/><F107/><W4/><G103/><T96/><D113/><U22/><E126/><V110/><F2/><W85/><G75/><T128/><D125/><U58/><E41/><V53/><F63/><W46/><G29/><T14/><D44/><U134/><E114/><V27/><F72/><W92/><G32/><T57/><D57/><U94/><E58/><N who="2" m="33071" /><F39/><W34/><G34/><T17/><D82/><N who="1" m="47567" /><E22/><V101/><F101/><W52/><G123/><T5/><D99/><U83/><E83/><V60/><F60/><W30/><G30/><N who="0" m="19919" /><D96/><U130/><E130/><N who="0" m="50281" /><D109/><AGARI ba="3,0" hai="18,23,27,40,42,79,81,86,108,109,110" m="33071" machi="109" ten="30,1000,0" yaku="14,1" doraHai="116" who="2" fromWho="0" sc="448,-19,208,0,208,19,136,0" /><INIT seed="1,0,0,2,0,93" ten="429,208,227,136" oya="1" hai0="45,5,74,101,33,13,63,59,115,132,121,24,41" hai1="100,32,67,29,95,37,88,89,118,85,62,94,96" hai2="129,34,54,48,2,52,128,39,122,50,97,51,71" hai3="40,126,76,26,4,10,23,11,83,64,124,31,6"/><U44/><E118/><V79/><F34/><W1/><G64/><T91/><D74/><U110/><E110/><V127/><F122/><W56/><G56/><T38/><D115/><U82/><E32/><V60/><F2/><W111/><G40/><T84/><D132/><U42/><E29/><V133/><F133/><W28/><G111/><T103/><D121/><U98/><E62/><V16/><F39/><W109/><G109/><T57/><D57/><U77/><REACH who="1" step="1"/><E67/><REACH who="1" ten="429,198,227,136" step="2"/><V0/><F60/><W104/><G28/><T30/><D63/><U105/><E105/><V99/><F129/><W19/><G104/><T90/><D30/><U43/><E43/><V25/><F128/><W117/><G117/><T36/><D41/><U20/><E20/><N who="2" m="13447" /><F127/><W113/><G113/><T53/><D33/><U80/><E80/><V49/><F71/><W81/><G31/><T12/><D53/><U112/><E112/><V66/><F66/><W119/><G119/><T47/><D38/><U123/><E123/><V72/><F54/><W9/><G83/><T75/><D36/><U120/><E120/><V107/><F107/><W55/><G55/><T7/><D59/><U65/><E65/><V15/><F52/><W114/><G114/><T8/><D47/><U14/><E14/><V131/><F131/><W27/><G26/><T17/><D45/><U73/><E73/><V58/><F58/><W46/><G46/><T92/><D24/><U87/><E87/><V116/><F116/><W135/><G135/><T78/><D13/><U21/><E21/><V69/><F15/><N who="3" m="5543" /><G10/><T3/><D75/><AGARI ba="0,1" hai="1,6,11,19,23,27,75,76,81,124,126" m="5543" machi="75" ten="30,1000,0" yaku="6,1" doraHai="93" who="3" fromWho="0" sc="429,-10,198,0,227,0,136,20" /><INIT seed="2,0,0,0,0,38" ten="419,198,227,156" oya="2" hai0="93,107,56,97,2,22,116,50,24,75,128,12,84" hai1="14,99,80,42,127,36,117,15,120,77,111,49,88" hai2="25,69,71,39,19,13,113,95,76,21,29,51,18" hai3="94,5,86,119,100,110,124,109,105,4,62,67,59"/><V45/><F113/><W103/><G119/><T20/><D2/><U55/><E117/><V6/><F39/><W3/><G124/><T79/><D116/><U78/><E127/><V37/><F37/><W41/><G105/><T33/><D128/><U46/><E111/><N who="3" m="42506" /><G3/><T52/><D12/><N who="1" m="4651" /><E36/><V7/><F71/><W72/><G72/><T53/><D33/><U91/><E120/><V66/><F76/><N who="1" m="29289" /><E99/><V104/><F104/><W28/><G28/><T57/><D107/><U115/><E115/><V112/><F19/><W74/><G74/><T17/><D20/><U11/><E11/><V122/><F122/><W83/><G94/><T96/><D75/><U68/><E68/><V101/><F112/><W123/><G123/><T0/><D0/><U44/><E80/><V125/><F125/><W63/><G63/><N who="0" m="36231" /><D93/><U35/><E35/><V106/><F106/><W92/><G83/><AGARI ba="0,0" hai="17,22,24,50,53,57,79,83,84,96,97" m="36231" machi="83" ten="30,2000,0" yaku="8,1,54,1" doraHai="38" who="0" fromWho="3" sc="419,20,198,0,227,0,156,-20" /><INIT seed="3,0,0,5,2,66" ten="439,198,227,136" oya="3" hai0="61,6,69,56,64,20,15,104,23,54,58,49,42" hai1="86,44,83,98,33,75,132,129,47,35,100,114,103" hai2="59,11,117,106,127,96,89,18,38,5,111,123,9" hai3="130,30,116,67,12,65,87,97,32,55,24,2,93"/><W121/><G116/><T14/><D104/><U81/><E114/><V13/><F117/><W26/><G121/><T63/><D69/><U7/><E7/><V131/><F111/><W27/><G2/><T115/><D115/><U40/><E129/><V8/><F131/><W22/><G130/><T46/><D15/><U70/><E70/><V88/><F38/><W94/><G12/><T52/><D64/><U109/><E109/><V72/><F72/><W91/><G55/><T101/><D101/><U45/><E132/><V3/><F127/><W62/><G32/><T124/><D124/><U107/><E103/><V102/><F9/><AGARI ba="0,0" hai="6,9,14,20,23,42,46,49,52,54,56,58,61,63" machi="9" ten="40,5200,0" yaku="9,1,8,1,54,1" doraHai="66" who="0" fromWho="2" sc="439,52,198,0,227,-52,136,0" owari="491,59.1,198,-0.2,175,-22.5,136,-36.4" /></mjloggm>