<mjloggm ver="2.3"><GO type="225" lobby="0"/><UN n0="%E6%B8%A9%E2%98%85%E6%83%85%E2%98%85%E6%8E%AA%E2%98%85%E7%BD%AE" n1="%E7%AB%8B%E7%9B%B4%E5%A5%BD%E6%A3%92%40%E5%BF%98" n2="%6D%61%74%69%67%75%73%61" n3="%E3%81%8B%E3%82%8F%E3%81%A1%E3%82%83%E3%82%93%35%38" dan="17,17,17,16" rate="2161.59,2138.13,2165.52,2150.20" sx="M,M,M,M"/><TAIKYOKU oya="0"/><INIT seed="0,0,0,1,4,67" ten="250,250,250,250" oya="0" hai0="91,48,110,20,66,38,53,74,127,10,83,12,26" hai1="121,132,0,14,76,59,79,90,43,117,54,124,120" hai2="108,34,27,23,69,60,17,125,118,68,42,15,78" hai3="86,95,36,130,18,40,2,51,111,129,29,119,114"/><T126/><D38/><U85/><E0/><V65/><F108/><W44/><G2/><T11/><D66/><U46/><E117/><V47/><F118/><W122/><G119/><T106/><D106/><U107/><E107/><V1/><F125/><N who="0" m="47626" /><D110/><U87/><E124/><V109/><F109/><W3/><G3/><T41/><D41/><U112/><E112/><V55/><F1/><W89/><G111/><T63/><D63/><U75/><E75/><V80/><F55/><W133/><G114/><T50/><D12/><U35/><E35/><V77/><F34/><W104/><G104/><T9/><D53/><U28/><E28/><V116/><F116/><W57/><G122/><T24/><D91/><U82/><E132/><V123/><F123/><W84/><G133/><T5/><D5/><U73/><E73/><V99/><F15/><W8/><G36/><T7/><D7/><U102/><E120/><V49/><F77/><W39/><G39/><T56/><D56/><U105/><E79/><V32/><F78/><W70/><G130/><T13/><D83/><N who="1" m="49471" /><E14/><V98/><F80/><W92/><G129/><T19/><D74/><U131/><E121/><V64/><F32/><W33/><G70/><T58/><D58/><U16/><E131/><V135/><F135/><W25/><G57/><T37/><D37/><N who="1" m="21871" /><E105/><V88/><F88/><N who="3" m="53255" /><G8/><N who="0" m="2051" /><T96/><DORA hai="31" /><D96/><U100/><E59/><V4/><F4/><W45/><G45/><T93/><D93/><U81/><E81/><V97/><F97/><W71/><G71/><T94/><D94/><U115/><E115/><V134/><F134/><RYUUKYOKU ba="0,0" sc="250,10,250,-30,250,10,250,10" hai0="13,19,20,24,26,48,50" hai2="17,23,27,42,47,49,60,64,65,68,69,98,99" hai3="18,25,29,33,40,44,51,86,89,95" /><INIT seed="0,1,0,1,1,14" ten="260,220,260,260" oya="0" hai0="9,6,15,77,31,66,118,110,74,0,40,33,96" hai1="27,128,106,114,36,37,38,54,130,98,129,95,42" hai2="119,115,62,16,26,65,92,61,80,21,76,79,90" hai3="45,32,23,88,75,41,131,83,47,48,57,2,43"/><T117/><D66/><U84/><E114/><V127/><F115/><W34/><G2/><T102/><D110/><U112/><E112/><V111/><F111/><W91/><G131/><T17/><D40/><U44/><E106/><V100/><F127/><W68/><G68/><T59/><D59/><U73/><E73/><V30/><F119/><W29/><G57/><T49/><D49/><U113/><E113/><V56/><F100/><W70/><G70/><T125/><D125/><U109/><E109/><V93/><F61/><W50/><G23/><N who="0" m="11711" /><D77/><N who="2" m="29770" /><F30/><W13/><G13/><T116/><D74/><U67/><E67/><V39/><F39/><W124/><G75/><T135/><D135/><U28/><E54/><V46/><F46/><W3/><G3/><T60/><D60/><U22/><REACH who="1" step="1"/><E84/><AGARI ba="1,0" hai="16,21,26,56,62,65,80,84,90,92,93" m="29770" machi="84" ten="30,3900,0" yaku="8,1,52,1,54,1" doraHai="14" who="2" fromWho="1" sc="260,0,220,-42,260,42,260,0" /><INIT seed="1,0,0,4,4,114" ten="260,178,302,260" oya="1" hai0="26,105,77,130,28,111,52,48,72,70,19,16,33" hai1="61,127,67,27,3,6,86,74,14,102,31,25,51" hai2="59,64,60,5,112,57,35,58,118,83,98,23,7" hai3="88,37,55,34,36,119,80,103,9,17,21,15,68"/><U4/><E74/><V122/><F35/><W1/><G68/><T44/><D111/><U2/><E51/><V54/><F122/><W73/><G34/><T131/><D105/><U116/><E86/><V45/><F112/><W47/><G103/><T107/><D107/><U76/><E76/><V94/><F118/><W113/><G113/><T29/><D70/><U22/><E102/><V40/><F83/><W20/><G1/><N who="1" m="10" /><E61/><V53/><F23/><N who="3" m="8779" /><G73/><T69/><D28/><N who="1" m="17463" /><E67/><V93/><F64/><W121/><G121/><T32/><D32/><N who="1" m="20607" /><E127/><V104/><F104/><W75/><G75/><T106/><D106/><U30/><E116/><V123/><F123/><W79/><G79/><T18/><REACH who="0" step="1"/><D69/><REACH who="0" ten="250,178,302,260" step="2"/><U71/><E71/><V89/><F93/><W13/><G119/><T132/><D132/><U42/><E30/><V56/><REACH who="2" step="1"/><F54/><REACH who="2" ten="250,178,292,260" step="2"/><W108/><G55/><T120/><D120/><U97/><E42/><V92/><F92/><W10/><G80/><AGARI ba="0,2" hai="16,18,19,26,29,33,44,48,52,72,77,80,130,131" machi="80" ten="40,5200,0" yaku="1,1,54,2,53,0" doraHai="114" doraHaiUra="82" who="0" fromWho="3" sc="250,72,178,0,292,0,260,-52" /><INIT seed="2,0,0,0,1,113" ten="322,178,292,208" oya="2" hai0="69,9,16,70,77,92,11,96,2,12,94,90,109" hai1="45,42,62,110,128,68,18,39,89,30,129,126,100" hai2="101,98,53,36,26,119,46,91,19,81,35,76,71" hai3="3,52,14,64,95,54,13,21,6,33,120,57,1"/><V123/><F71/><W8/><G33/><T134/><D109/><U58/><E30/><V10/><F123/><W112/><G120/><T0/><D134/><U60/><E100/><V82/><F91/><W15/><G112/><T51/><D77/><U31/><E31/><V59/><F35/><W17/><G1/><T56/><D51/><U40/><E89/><V49/><F119/><W132/><G132/><T20/><D56/><U86/><E86/><V114/><F114/><W4/><G4/><T117/><D117/><U75/><E75/><V44/><F36/><W102/><G64/><T88/><D2/><U55/><E18/><V104/><F81/><W47/><G47/><T103/><D103/><U111/><E42/><V105/><F104/><W87/><G54/><T22/><D0/><U97/><E97/><V125/><F125/><W115/><G115/><T133/><D133/><U74/><E74/><V24/><F24/><W118/><G118/><T50/><D50/><U106/><E106/><V84/><REACH who="2" step="1"/><F10/><REACH who="2" ten="322,178,282,208" step="2"/><W66/><G8/><N who="0" m="6151" /><D70/><U83/><E126/><V61/><F61/><W72/><G102/><T29/><D69/><U99/><E83/><V25/><F25/><W85/><G95/><T41/><D11/><U108/><E99/><V38/><F38/><W93/><G93/><T122/><D9/><U27/><E27/><V43/><F43/><W67/><G6/><T37/><D122/><U28/><E28/><V23/><AGARI ba="0,1" hai="19,23,26,44,46,49,53,59,76,82,84,98,101,105" machi="23" ten="30,6000,0" yaku="1,1,0,1,53,1" doraHai="113" doraHaiUra="48" who="2" fromWho="2" sc="322,-20,178,-20,282,70,208,-20" /><INIT seed="2,1,0,2,0,65" ten="302,158,352,188" oya="2" hai0="60,14,5,132,112,134,46,56,117,19,38,54,48" hai1="51,94,129,0,9,103,59,127,99,90,20,97,115" hai2="110,126,30,4,128,118,105,11,98,44,75,92,124" hai3="8,107,29,39,45,106,10,135,47,1,7,120,49"/><V101/><F118/><W55/><G120/><T82/><D5/><U81/><E115/><V35/><F75/><W23/><G135/><N who="0" m="51755" /><D82/><U72/><E127/><N who="2" m="48683" /><F44/><W83/><G10/><T78/><D78/><U113/><E113/><V13/><F128/><W116/><G116/><T58/><D112/><U70/><E129/><V3/><F110/><W63/><G63/><T34/><D34/><U109/><E109/><V41/><F41/><W121/><G121/><T79/><D79/><U68/><E20/><V50/><F50/><W26/><REACH who="3" step="1"/><G83/><REACH who="3" ten="302,158,352,178" step="2"/><T43/><D117/><U67/><E9/><V12/><F92/><W85/><G85/><T15/><D19/><U119/><E119/><V111/><F111/><W77/><G77/><T133/><D133/><U64/><E0/><V17/><F17/><W69/><G69/><T89/><D89/><U131/><E131/><V22/><F22/><W130/><G130/><T93/><D93/><U42/><E70/><V96/><F96/><W88/><G88/><T102/><D102/><U27/><E68/><V71/><F71/><W53/><G53/><AGARI ba="1,1" hai="14,15,38,43,46,48,53,54,56,58,60" m="51755" machi="53" ten="30,1000,0" yaku="20,1" doraHai="65" who="0" fromWho="3" sc="302,23,158,0,352,0,178,-13" /><INIT seed="3,0,0,1,1,119" ten="325,158,352,165" oya="3" hai0="55,2,70,114,116,40,91,38,107,14,57,90,15" hai1="45,103,24,43,109,102,104,67,71,97,108,29,41" hai2="60,62,82,50,20,37,61,93,133,69,7,36,6" hai3="54,56,127,132,79,99,110,135,18,17,30,88,49"/><W111/><G79/><T81/><D116/><U22/><E102/><V46/><F69/><W48/><G30/><T65/><D2/><U44/><E67/><V26/><F133/><N who="3" m="51275" /><G49/><N who="0" m="30959" /><D107/><U73/><E73/><V12/><F82/><W28/><G28/><T75/><D15/><U94/><E71/><V112/><F112/><W123/><G127/><T32/><D14/><U21/><E21/><V125/><F125/><W34/><G34/><T84/><D75/><U124/><E124/><V85/><F37/><W39/><G39/><T131/><D32/><U128/><E128/><V1/><F1/><W126/><G126/><T25/><D25/><U80/><E80/><V13/><F36/><W33/><G33/><T35/><D35/><U101/><E101/><V92/><F12/><W78/><G78/><T129/><D114/><U66/><E66/><V10/><F85/><W118/><G118/><T47/><D84/><U23/><E23/><V120/><F120/><W59/><G59/><T4/><D4/><U134/><E134/><V31/><F6/><W122/><G17/><T68/><D81/><U64/><E64/><V106/><F106/><W16/><G18/><T105/><D105/><U87/><E104/><V58/><F58/><W130/><G130/><N who="0" m="49675" /><D70/><U74/><E74/><V89/><F89/><W52/><G52/><AGARI ba="0,0" hai="7,10,13,20,26,31,46,50,52,60,61,62,92,93" machi="52" ten="40,2600,0" yaku="8,1,54,1" doraHai="119" who="2" fromWho="3" sc="325,0,158,0,352,26,165,-26" owari="325,12.5,158,-24.2,378,47.8,139,-36.1" /></mjloggm>