<mjloggm ver="2.3"><GO type="225" lobby="0"/><UN n0="%61%6D%65%6B%69" n1="%E5%A4%96%E5%B7%9D%E7%AB%9C%E6%88%90" n2="%6D%75%75%73%61%6E%6D%75" n3="%E6%81%A5%E6%99%92%E3%81%97" dan="16,16,16,16" rate="2094.02,2108.43,2140.21,2063.31" sx="M,M,F,M"/><TAIKYOKU oya="0"/><INIT seed="0,0,0,1,1,78" ten="250,250,250,250" oya="0" hai0="45,134,105,81,30,25,125,43,58,79,80,84,111" hai1="103,34,135,72,10,101,83,87,82,38,119,98,44" hai2="130,128,20,116,9,112,62,77,110,66,31,42,91" hai3="127,16,106,37,26,2,11,49,74,88,55,95,8"/><T53/><D105/><U27/><E119/><V131/><F112/><W89/><G106/><T102/><D102/><U23/><E34/><V48/><F116/><W126/><G37/><T32/><D125/><N who="3" m="47625" /><G74/><T7/><D134/><U124/><E124/><V50/><F110/><W41/><G41/><T28/><D111/><U108/><E108/><V118/><F118/><W59/><G2/><T24/><D7/><U60/><E60/><V47/><F77/><W19/><G89/><T121/><D121/><U63/><E72/><V107/><F107/><W56/><G56/><T21/><D81/><U17/><E135/><V92/><F9/><N who="3" m="3659" /><G26/><T6/><D6/><U115/><E115/><V76/><F76/><W61/><G61/><T69/><D69/><U113/><E63/><V65/><F50/><W97/><AGARI ba="0,0" hai="16,19,49,55,59,88,95,97" m="3659,47625" machi="97" ten="30,4000,0" yaku="18,1,54,2" doraHai="78" who="3" fromWho="3" sc="250,-20,250,-10,250,-10,250,40" /><INIT seed="1,0,0,0,5,9" ten="230,240,240,290" oya="1" hai0="32,114,71,26,2,68,11,116,30,123,34,46,120" hai1="133,25,128,80,98,19,90,105,82,18,134,135,107" hai2="99,37,100,27,109,85,57,65,1,94,92,51,35" hai3="31,42,61,91,77,66,103,39,24,55,122,22,14"/><U132/><N who="1" m="33792" /><DORA hai="40" /><U129/><E25/><V96/><F37/><W108/><G108/><T0/><D114/><U89/><E18/><V48/><F1/><W52/><G77/><T81/><D116/><U113/><E19/><V95/><F109/><W10/><G103/><T8/><D81/><N who="1" m="31339" /><E113/><V58/><F85/><W59/><G122/><T70/><D34/><U104/><E98/><V110/><F110/><W83/><G42/><T131/><D131/><AGARI ba="0,0" hai="89,90,104,105,107,128,129,131" m="31339,33792" machi="131" ten="70,18000,2" yaku="28,2,19,1,20,1,34,2" doraHai="9,40" who="1" fromWho="0" sc="230,-180,240,180,240,0,290,0" /><INIT seed="1,1,0,2,1,59" ten="50,420,240,290" oya="1" hai0="79,49,68,76,27,103,5,29,102,124,83,104,67" hai1="88,82,110,116,118,13,105,114,52,70,128,34,75" hai2="120,3,51,115,16,19,7,14,99,24,46,108,96" hai3="17,133,35,0,91,117,9,127,22,101,77,92,65"/><U94/><E114/><V48/><F120/><W66/><G35/><T87/><D124/><U64/><E34/><V129/><F115/><W30/><G127/><T6/><D79/><U12/><E64/><V62/><F108/><W132/><G101/><T86/><D86/><U45/><E70/><V25/><F129/><W97/><G117/><T60/><D49/><U38/><E105/><V93/><F3/><W36/><G36/><T112/><D103/><U39/><E128/><V73/><F73/><W74/><G77/><T31/><D31/><U130/><E130/><V69/><F69/><W113/><G74/><T53/><D53/><U55/><E82/><V125/><F125/><W81/><G81/><T78/><D78/><U15/><E75/><V72/><F72/><W58/><G113/><T42/><D42/><U2/><E2/><V98/><F62/><N who="3" m="38103" /><G0/><T28/><D28/><U61/><E110/><V1/><F1/><W33/><G33/><T20/><REACH who="0" step="1"/><D112/><REACH who="0" ten="40,420,240,290" step="2"/><U8/><E116/><V134/><F48/><W50/><G50/><T4/><D4/><U10/><E118/><V85/><F51/><W109/><G30/><T89/><D89/><U107/><E88/><N who="2" m="53391" /><F46/><W40/><G109/><T90/><D90/><U95/><E45/><V43/><F43/><W135/><G40/><T56/><D56/><U37/><E55/><V41/><F41/><W11/><G66/><T71/><D71/><U32/><E52/><V119/><F119/><W23/><G17/><N who="2" m="6729" /><F134/><W80/><G80/><T63/><D63/><U121/><E61/><V21/><F7/><W44/><G44/><RYUUKYOKU ba="1,1" sc="40,10,420,-30,240,10,290,10" hai0="5,6,20,27,29,60,67,68,76,83,87,102,104" hai2="14,21,24,25,96,98,99" hai3="9,11,22,23,91,92,97,132,133,135" /><INIT seed="2,2,1,3,1,59" ten="50,390,250,300" oya="2" hai0="101,76,124,29,58,65,69,75,13,100,8,126,41" hai1="17,114,103,16,42,60,57,9,116,86,5,77,46" hai2="90,111,7,133,99,95,127,125,26,31,112,110,108" hai3="53,49,33,87,92,14,79,28,11,84,119,34,2"/><V22/><F112/><W109/><G119/><T61/><D41/><U113/><E116/><V93/><F133/><W24/><G109/><T0/><D0/><U129/><E129/><V91/><REACH who="2" step="1"/><F7/><REACH who="2" ten="50,390,240,300" step="2"/><W96/><G2/><T118/><D118/><U134/><E134/><V39/><F39/><W82/><G34/><T74/><D126/><U64/><E114/><V6/><F6/><W67/><G33/><T18/><D124/><U121/><E113/><V70/><F70/><W56/><G28/><T19/><D29/><U81/><E121/><V35/><F35/><W47/><G24/><T105/><D69/><U120/><E120/><V88/><F88/><W4/><G4/><T25/><D76/><U83/><E5/><V38/><F38/><W48/><G79/><T37/><D37/><U94/><E77/><V55/><F55/><W98/><G53/><T131/><D131/><U123/><E123/><V63/><F63/><W44/><G14/><T45/><D25/><U43/><E43/><V104/><F104/><W73/><G48/><T21/><D105/><U128/><E128/><V32/><F32/><W89/><G49/><T66/><D61/><U132/><E60/><V122/><F122/><W10/><G89/><T51/><D13/><U71/><E132/><V115/><F115/><W30/><G30/><T107/><D107/><U36/><E36/><V130/><F130/><W27/><G27/><T106/><D106/><U97/><E71/><V3/><F3/><W52/><G52/><T54/><D54/><U80/><E42/><V68/><F68/><W15/><G15/><RYUUKYOKU ba="2,2" sc="50,-10,390,-10,240,30,300,-10" hai2="22,26,31,90,91,93,95,99,108,110,111,125,127" /><INIT seed="2,3,2,4,2,120" ten="40,380,270,290" oya="2" hai0="91,133,39,35,1,129,66,8,32,124,90,0,99" hai1="73,41,72,117,119,87,123,51,37,96,74,79,77" hai2="12,118,48,59,40,44,57,103,108,4,15,13,82" hai3="128,121,3,19,70,107,62,92,26,104,55,11,115"/><V130/><F118/><N who="1" m="45065" /><E51/><V76/><F130/><W18/><G121/><T110/><D39/><U52/><E52/><V61/><F108/><W75/><G75/><T67/><D129/><U6/><E6/><V17/><F103/><W109/><G128/><T86/><D124/><U85/><E41/><V47/><F47/><W45/><G109/><T113/><D133/><U80/><E37/><V53/><F59/><N who="3" m="35199" /><G70/><T106/><D113/><U27/><E27/><V114/><F114/><W34/><G34/><T31/><D106/><U111/><E123/><V127/><F127/><W30/><G30/><T122/><D122/><U10/><E10/><V93/><F93/><W36/><G36/><T2/><D8/><U134/><E111/><V105/><F105/><W21/><G115/><T25/><D110/><U126/><E126/><V56/><F56/><W42/><G3/><T23/><D99/><U65/><E65/><V9/><REACH who="2" step="1"/><F17/><REACH who="2" ten="40,380,260,290" step="2"/><N who="3" m="12591" /><G104/><T43/><D43/><U78/><E134/><V29/><F29/><W125/><G107/><T94/><D32/><U38/><E80/><V98/><F98/><W95/><G125/><T116/><D35/><U14/><E96/><V100/><F100/><W5/><G5/><T135/><D116/><U46/><E46/><V20/><F20/><W60/><G19/><T50/><D135/><U71/><E71/><V102/><F102/><W88/><G95/><N who="0" m="54743" /><D50/><U7/><E38/><V58/><F58/><W83/><G92/><T33/><D33/><U84/><E7/><V132/><F132/><W64/><G18/><T81/><D94/><U63/><E63/><RYUUKYOKU ba="3,3" sc="40,10,380,10,260,10,290,-30" hai0="0,1,2,23,25,31,66,67,81,91" hai1="14,72,73,74,77,78,79,84,85,87" hai2="4,9,12,13,15,40,44,48,53,57,61,76,82" /><INIT seed="2,4,3,2,2,83" ten="50,390,270,260" oya="2" hai0="33,118,66,84,68,46,125,30,124,98,47,117,41" hai1="109,4,50,6,43,63,27,28,26,73,24,13,71" hai2="62,64,37,7,74,79,130,39,32,52,76,127,129" hai3="70,82,134,8,110,9,135,106,48,51,29,22,116"/><V60/><F32/><W99/><G116/><T38/><D33/><U1/><E73/><V57/><F127/><W67/><G110/><T16/><D30/><U122/><E122/><V31/><F7/><W10/><G82/><T72/><D72/><U69/><E13/><V102/><F102/><N who="3" m="62815" /><G70/><T15/><D98/><U115/><E28/><V81/><F31/><W107/><G67/><T61/><D46/><U113/><E109/><V123/><F76/><W90/><G90/><T36/><D36/><U35/><E35/><V12/><F12/><W23/><G107/><T25/><D25/><U97/><E97/><V54/><F123/><W87/><G87/><T105/><D105/><U88/><E88/><V108/><F108/><W128/><G128/><N who="2" m="49257" /><F54/><W75/><G75/><T95/><D95/><U121/><E121/><V0/><F0/><W14/><G14/><T20/><REACH who="0" step="1"/><D84/><REACH who="0" ten="40,390,270,260" step="2"/><U119/><E26/><V3/><F3/><W114/><G29/><T40/><D40/><U103/><E27/><V80/><F80/><W5/><G5/><T94/><D94/><U112/><E24/><V18/><F18/><W34/><G34/><T126/><AGARI ba="4,4" hai="15,16,20,38,41,47,61,66,68,117,118,124,125,126" machi="126" ten="40,8000,1" yaku="1,1,0,1,18,1,54,1,53,1" doraHai="83" doraHaiUra="58" who="0" fromWho="0" sc="40,132,390,-24,270,-44,260,-24" /><INIT seed="3,0,0,0,1,15" ten="172,366,226,236" oya="3" hai0="79,84,76,35,95,115,61,41,101,64,38,108,54" hai1="111,24,98,70,39,125,65,74,110,63,77,18,94" hai2="16,1,47,59,22,43,17,2,86,26,53,8,49" hai3="32,85,109,0,131,71,58,96,87,44,130,90,62"/><W55/><G0/><T11/><D108/><N who="1" m="41515" /><E39/><V20/><F86/><W14/><G32/><T124/><D115/><U92/><E125/><V73/><F73/><W107/><G71/><T69/><D124/><U78/><E74/><V3/><F8/><W9/><G109/><T93/><D35/><U68/><E68/><V6/><F6/><W29/><G29/><T19/><D101/><N who="1" m="60615" /><E94/><V52/><REACH who="2" step="1"/><F59/><REACH who="2" ten="172,366,216,236" step="2"/><W129/><G9/><T72/><D72/><U132/><E132/><V31/><F31/><W120/><G129/><T118/><D118/><U112/><E112/><V10/><F10/><W91/><G130/><T126/><D126/><U116/><E116/><V21/><F21/><AGARI ba="0,1" hai="18,21,24,63,65,70,77,78" m="60615,41515" machi="21" ten="30,2000,0" yaku="14,1,52,1" doraHai="15" who="1" fromWho="2" sc="172,0,366,30,216,-20,236,0" owari="172,-32.8,396,49.6,196,-20.4,236,3.6" /></mjloggm>