<mjloggm ver="2.3"><GO type="225" lobby="0"/><UN n0="%E3%83%B4%E3%82%A3%E3%83%AF%E3%82%B3%E3%82%B0%E3%83%8B" n1="%E3%81%BF%E3%81%BF%E3%81%9A" n2="%E5%91%89%E5%AF%8C%E6%98%A5" n3="%33%74%72%65%65" dan="16,17,16,16" rate="2163.25,2281.02,2154.90,2061.85" sx="M,M,M,F"/><TAIKYOKU oya="0"/><INIT seed="0,0,0,3,4,84" ten="250,250,250,250" oya="0" hai0="87,100,9,102,77,26,129,20,122,94,118,55,83" hai1="90,116,43,134,62,132,99,13,41,60,64,21,68" hai2="113,25,123,44,131,14,96,74,17,18,50,130,27" hai3="85,22,127,75,86,51,121,15,8,4,79,34,124"/><T58/><D129/><N who="2" m="49162" /><F113/><W42/><G34/><T119/><D122/><U112/><E116/><V54/><F123/><W28/><G121/><T48/><D118/><U66/><E112/><V67/><F74/><W65/><G75/><T104/><D119/><U71/><E21/><V5/><F67/><W98/><G65/><T47/><D104/><U135/><E13/><V69/><F69/><W72/><G72/><T49/><D94/><AGARI ba="0,0" hai="41,43,60,62,64,66,68,71,90,94,99,132,134,135" machi="94" ten="40,5200,0" yaku="9,1,20,1,52,1" doraHai="84" who="1" fromWho="0" sc="250,-52,250,52,250,0,250,0" /><INIT seed="1,0,0,4,0,128" ten="198,302,250,250" oya="1" hai0="44,70,73,51,12,24,75,87,17,69,124,28,2" hai1="42,23,133,135,84,112,95,16,65,80,81,63,9" hai2="10,39,26,91,5,118,54,48,47,3,14,45,49" hai3="116,92,86,102,107,130,56,40,32,96,101,62,61"/><U25/><E112/><V125/><F118/><W33/><G130/><T34/><D2/><U113/><E113/><V0/><F39/><W52/><G116/><T119/><D119/><U122/><E122/><V120/><F120/><W29/><G40/><T77/><D124/><U13/><E42/><V103/><F125/><W111/><G111/><T53/><D87/><U35/><E35/><V30/><F103/><W109/><G109/><T68/><REACH who="0" step="1"/><D77/><REACH who="0" ten="188,302,250,250" step="2"/><U89/><E133/><V126/><F126/><W19/><G86/><T11/><AGARI ba="0,1" hai="11,12,17,24,28,34,44,51,53,68,69,70,73,75" machi="11" ten="30,4000,0" yaku="1,1,2,1,0,1,53,0" doraHai="128" doraHaiUra="36" who="0" fromWho="0" sc="188,50,302,-20,250,-10,250,-10" /><INIT seed="2,0,0,0,2,119" ten="238,282,240,240" oya="2" hai0="25,38,106,72,16,21,12,34,97,101,90,20,103" hai1="22,8,104,86,68,107,47,69,88,111,105,49,92" hai2="96,53,131,5,108,87,24,56,57,129,82,115,121" hai3="76,70,29,74,95,42,19,114,14,46,62,44,123"/><V13/><F115/><W50/><G114/><T27/><D34/><U28/><E111/><V78/><F108/><W93/><G123/><T18/><D38/><U60/><E60/><V100/><F121/><W135/><G135/><T41/><D72/><U65/><E65/><V124/><F124/><W58/><G70/><T134/><D134/><U113/><E113/><V52/><F24/><W130/><G130/><T3/><D3/><U118/><E118/><V10/><F56/><W36/><G29/><T2/><D2/><U45/><E8/><V55/><REACH who="2" step="1"/><F57/><REACH who="2" ten="238,282,230,240" step="2"/><W85/><G58/><T32/><D32/><U0/><E68/><V120/><F120/><W126/><G126/><T51/><D27/><U40/><E69/><V63/><F63/><W122/><G62/><T75/><D25/><U31/><E28/><V128/><F128/><W77/><G122/><T81/><D106/><AGARI ba="0,1" hai="5,10,13,52,53,55,78,82,87,96,100,106,129,131" machi="106" ten="40,3900,0" yaku="1,1,54,1,53,0" doraHai="119" doraHaiUra="67" who="2" fromWho="0" sc="238,-39,282,0,230,49,240,0" /><INIT seed="2,1,0,5,2,122" ten="199,282,279,240" oya="2" hai0="130,39,124,99,84,23,103,119,76,48,26,52,65" hai1="85,62,28,94,118,59,97,131,109,128,32,9,106" hai2="88,69,72,80,49,1,19,77,105,135,127,45,95" hai3="79,111,64,71,3,40,27,86,115,68,134,33,54"/><V113/><F113/><W90/><G79/><T100/><D124/><U46/><E109/><V82/><F127/><W18/><G111/><T17/><D130/><N who="1" m="49707" /><E118/><V66/><F1/><W12/><G3/><T110/><D119/><U37/><E106/><V120/><F120/><W56/><G115/><T114/><D39/><U7/><E85/><V34/><F34/><W10/><G134/><T36/><D36/><U5/><E28/><V112/><F112/><W31/><G64/><T38/><D38/><U22/><E22/><V87/><F105/><W129/><G40/><T75/><D75/><U47/><E32/><V24/><F135/><W43/><G43/><T63/><D114/><U70/><E70/><V125/><F125/><W133/><G133/><T67/><D110/><U30/><E30/><V11/><F69/><W101/><G129/><T57/><D99/><U58/><E58/><V16/><F66/><W83/><G101/><T25/><D25/><U55/><E37/><V74/><F24/><W35/><G33/><T78/><D65/><U116/><E116/><V20/><F20/><W98/><G98/><T50/><D50/><AGARI ba="1,0" hai="10,12,18,27,31,35,50,54,56,68,71,83,86,90" machi="50" ten="30,1000,0" yaku="7,1" doraHai="122" who="3" fromWho="0" sc="199,-13,282,0,279,0,240,13" /><INIT seed="3,0,0,2,0,53" ten="186,282,279,253" oya="3" hai0="69,36,89,24,102,85,109,46,4,105,125,21,126" hai1="122,22,112,75,13,93,83,70,58,50,57,48,82" hai2="108,0,84,117,111,15,131,119,124,135,10,128,62" hai3="28,133,97,107,114,60,11,99,130,3,27,38,37"/><W94/><G114/><T59/><D69/><U96/><E70/><V56/><F124/><N who="0" m="47722" /><D109/><N who="2" m="42058" /><F84/><W127/><G133/><T2/><D2/><U1/><E122/><V29/><F0/><W66/><G130/><N who="2" m="49705" /><F29/><W90/><G127/><T68/><D68/><U71/><E71/><V98/><F98/><W55/><G97/><N who="0" m="61647" /><D4/><U19/><E112/><V120/><F120/><W49/><G3/><T78/><D78/><U42/><E75/><V77/><F77/><W79/><G79/><T33/><D33/><U51/><E42/><V43/><F43/><W110/><G110/><T86/><D89/><N who="1" m="55343" /><E1/><V7/><F135/><W16/><G107/><T54/><D46/><U34/><E34/><V74/><F74/><W47/><G99/><T41/><D36/><U115/><E115/><V6/><F6/><W92/><G38/><T116/><D116/><U73/><E73/><V45/><F45/><W35/><G37/><T44/><D44/><U123/><E123/><V132/><F132/><W31/><G35/><T100/><D41/><U12/><E13/><V91/><F91/><W129/><G90/><T113/><D100/><U30/><E30/><V63/><F63/><W72/><G129/><T52/><D113/><U40/><E40/><V64/><AGARI ba="0,0" hai="7,10,15,56,62,64,117,119" m="49705,42058" machi="64" ten="30,4000,0" yaku="14,1,19,1,52,1" doraHai="53" who="2" fromWho="2" sc="186,-10,282,-10,279,40,253,-20" owari="176,-32.4,272,7.2,319,41.9,233,-16.7" /></mjloggm>