<mjloggm ver="2.3"><GO type="225" lobby="0"/><UN n0="%E7%B4%94%E6%BD%94%E3%83%94%E3%83%A9%E3%83%8B%E3%82%A2" n1="%E3%83%8F%E3%83%B3%E3%83%89%E3%83%A9%E3%83%BC%E3%83%BB%E3%83%AF%E3%83%B3" n2="%E6%B8%A9%E2%98%85%E6%83%85%E2%98%85%E6%8E%AA%E2%98%85%E7%BD%AE" n3="%E5%8D%A0%E3%81%84%E5%B8%AB%E8%A3%8F%E3%81%AA%E3%81%84%E3%81%97" dan="17,17,17,17" rate="2169.48,2180.95,2149.69,2182.28" sx="M,M,M,M"/><TAIKYOKU oya="0"/><INIT seed="0,0,0,5,2,116" ten="250,250,250,250" oya="0" hai0="54,64,2,81,75,43,115,108,99,60,6,88,36" hai1="120,100,73,69,53,37,113,103,82,51,44,42,112" hai2="77,48,39,133,128,4,13,58,105,59,24,102,95" hai3="63,87,17,20,30,109,8,15,12,126,111,135,101"/><T41/><D115/><N who="1" m="44107" /><E69/><V129/><F39/><W78/><G101/><T25/><D54/><U10/><E10/><N who="2" m="4295" /><F105/><W93/><G126/><T66/><D2/><U114/><N who="1" m="44115" /><U79/><DORA hai="107" /><E120/><V40/><F133/><W29/><G135/><T11/><D25/><U83/><E83/><V85/><F24/><W38/><G38/><T32/><D32/><U47/><AGARI ba="0,0" hai="37,42,44,47,51,53,73,79,82,100,103" m="44115" machi="47" ten="40,2700,0" yaku="11,1,52,1" doraHai="116,107" who="1" fromWho="1" sc="250,-13,250,27,250,-7,250,-7" /><INIT seed="1,0,0,3,5,62" ten="237,277,243,243" oya="1" hai0="94,122,1,18,35,39,71,67,50,48,20,83,14" hai1="28,72,45,109,65,9,73,93,92,26,66,100,113" hai2="79,59,21,12,120,135,95,108,56,61,15,4,117" hai3="32,55,60,127,23,22,111,98,129,3,13,91,78"/><U17/><E113/><V85/><F120/><W80/><G3/><T126/><D39/><U130/><E130/><V125/><F117/><W112/><G112/><T41/><D122/><U106/><E106/><V121/><F121/><W134/><G32/><T132/><D35/><U116/><E116/><V8/><F108/><W81/><G111/><T40/><D1/><U107/><E107/><V25/><F135/><W29/><G129/><T84/><D126/><U64/><E109/><V99/><F125/><W51/><G134/><T24/><D132/><U7/><E17/><V89/><F15/><W46/><G127/><T124/><D94/><U42/><E73/><V119/><F119/><W52/><G29/><T118/><D118/><U6/><E72/><V87/><F79/><W34/><G34/><T102/><D102/><U33/><E100/><V0/><F59/><W96/><G13/><T47/><D124/><U10/><E10/><V103/><F0/><W69/><G69/><T37/><D41/><U86/><E86/><V131/><F131/><W133/><G133/><T63/><REACH who="0" step="1"/><D24/><REACH who="0" ten="227,277,243,243" step="2"/><U31/><E26/><V128/><F103/><W2/><G2/><T105/><D105/><U75/><E33/><V110/><F110/><W68/><G81/><T11/><D11/><U54/><E42/><V53/><REACH who="2" step="1"/><F128/><REACH who="2" ten="227,277,233,243" step="2"/><W5/><G68/><T58/><D58/><U70/><E70/><V30/><AGARI ba="0,2" hai="4,8,12,21,25,30,53,56,61,85,87,89,95,99" machi="30" ten="20,8000,1" yaku="1,1,2,1,0,1,7,1,8,1,53,0" doraHai="62" doraHaiUra="104" who="2" fromWho="2" sc="227,-20,277,-40,233,100,243,-20" /><INIT seed="2,0,0,3,2,66" ten="207,237,333,223" oya="2" hai0="76,31,125,50,97,88,83,78,84,2,80,71,62" hai1="102,26,40,21,4,104,30,105,13,65,29,1,112" hai2="58,43,89,67,56,19,55,25,106,116,90,0,120" hai3="126,46,34,133,100,86,64,16,91,82,68,60,113"/><V39/><F116/><W123/><G123/><T103/><D2/><U75/><E112/><V20/><F0/><W27/><G113/><T74/><D50/><U92/><E75/><V24/><F120/><W11/><G133/><T52/><D125/><U9/><E40/><V28/><F106/><W15/><G126/><T42/><D42/><U38/><E38/><V45/><F67/><W114/><G114/><T77/><D31/><U94/><E30/><V54/><F58/><W41/><G100/><T5/><D5/><U124/><E124/><V72/><F72/><W85/><G85/><N who="0" m="50215" /><D71/><U51/><E51/><V70/><F70/><W7/><G34/><T117/><D52/><U12/><E65/><V17/><F55/><W3/><G27/><T44/><D62/><U127/><E127/><V14/><F17/><W57/><G57/><T115/><D44/><U96/><E105/><V134/><F134/><W118/><G118/><T111/><D111/><U108/><E108/><V23/><REACH who="2" step="1"/><F25/><REACH who="2" ten="207,237,323,223" step="2"/><W22/><REACH who="3" step="1"/><G41/><REACH who="3" ten="207,237,323,213" step="2"/><T69/><D117/><U8/><E1/><V98/><F98/><W32/><G32/><T10/><D69/><U99/><E96/><V53/><F53/><W6/><G6/><AGARI ba="0,2" hai="4,6,8,9,12,13,21,26,29,92,94,99,102,104" machi="6" ten="30,2000,0" yaku="7,1,9,1" doraHai="66" who="1" fromWho="3" sc="207,0,237,40,323,0,213,-20" /><INIT seed="3,0,0,4,0,95" ten="207,277,323,193" oya="3" hai0="108,64,90,12,113,79,91,122,89,57,29,84,129" hai1="116,82,21,101,2,4,111,19,27,96,30,120,38" hai2="18,69,60,6,133,86,83,7,70,74,93,26,102" hai3="94,44,48,33,132,115,49,14,126,50,47,10,99"/><W80/><G115/><T25/><D122/><U62/><E120/><V100/><F74/><W32/><G126/><T107/><D107/><U42/><E111/><V5/><F133/><W112/><G112/><T37/><D37/><U71/><E116/><V41/><F41/><W8/><G132/><T52/><D108/><U56/><E71/><V98/><F102/><W35/><G80/><N who="0" m="47135" /><D129/><U92/><E2/><V40/><F40/><W53/><G53/><T130/><D130/><U88/><E4/><V23/><REACH who="2" step="1"/><F60/><REACH who="2" ten="207,277,313,193" step="2"/><W73/><G73/><T61/><D113/><U9/><E42/><V16/><F16/><W43/><G43/><T63/><D63/><U17/><E38/><V31/><F31/><W28/><G28/><T114/><D114/><U65/><E9/><V34/><F34/><W123/><G123/><T45/><D29/><U125/><E125/><V124/><F124/><W87/><G87/><AGARI ba="0,1" hai="17,19,21,27,30,56,62,65,82,87,88,92,96,101" machi="87" ten="40,8000,1" yaku="25,2,8,1,52,1,54,1" doraHai="95" who="1" fromWho="3" sc="207,0,277,90,313,0,193,-80" owari="207,-19.3,367,46.7,313,11.3,113,-38.7" /></mjloggm>