<mjloggm ver="2.3"><GO type="225" lobby="0"/><UN n0="%E6%98%93%E5%88%A9%E8%96%A9%E4%BC%AF" n1="%E5%BA%97%E9%95%B7%4D" n2="%E9%BB%99%E8%81%B4%E3%81%AE%E3%81%99%E3%82%9D%E3%82%81" n3="%E3%83%81%E3%83%AF%E3%83%AF%E9%9A%8A%E9%95%B7" dan="16,16,16,16" rate="2081.85,2072.15,2104.11,2102.29" sx="F,M,M,M"/><TAIKYOKU oya="0"/><INIT seed="0,0,0,2,1,24" ten="250,250,250,250" oya="0" hai0="133,106,90,32,4,87,97,44,128,22,17,109,36" hai1="38,96,55,0,115,99,47,57,113,49,132,7,85" hai2="88,14,39,34,65,73,76,63,40,117,124,122,26" hai3="67,130,98,8,93,95,108,70,28,110,19,18,60"/><T81/><D128/><U94/><E7/><V66/><F124/><W42/><G130/><T92/><D133/><U84/><E0/><V6/><F122/><W102/><G42/><T68/><D32/><U131/><E96/><V45/><F73/><W52/><G95/><T58/><D68/><U75/><E75/><V31/><F76/><W119/><G119/><T129/><D129/><U50/><E38/><V33/><F66/><W78/><G78/><T16/><D109/><N who="3" m="42089" /><G28/><T86/><D4/><U134/><E131/><V125/><F125/><W72/><G72/><T35/><D35/><U59/><E85/><V53/><F53/><W11/><G52/><T114/><D114/><N who="1" m="43531" /><E84/><V48/><F117/><W77/><G77/><T2/><D106/><U120/><E120/><V101/><F101/><W27/><G27/><T100/><D87/><U9/><E9/><AGARI ba="0,0" hai="8,9,11,18,19,60,67,70,93,98,102" m="42089" machi="9" ten="30,1000,0" yaku="14,1" doraHai="24" who="3" fromWho="1" sc="250,0,250,-10,250,0,250,10" /><INIT seed="1,0,0,3,5,35" ten="250,240,250,260" oya="1" hai0="4,95,99,17,111,45,105,16,71,114,42,63,30" hai1="132,126,52,7,36,15,49,87,97,101,5,134,92" hai2="12,131,44,91,29,39,66,37,13,98,117,73,3" hai3="51,130,108,100,20,46,62,122,11,94,93,28,24"/><U76/><E36/><V120/><F117/><W41/><G122/><T123/><D114/><U18/><E126/><V0/><F131/><W27/><G130/><T83/><D111/><U2/><E76/><V86/><F29/><W72/><G72/><T53/><D105/><U127/><E87/><V70/><F73/><W50/><G108/><T124/><D124/><U104/><E104/><V89/><F66/><W61/><G24/><T106/><D106/><U69/><E69/><V78/><F78/><W65/><G100/><T96/><D96/><U102/><E102/><V109/><F70/><W56/><G50/><T32/><D4/><U14/><E127/><V25/><F25/><W110/><G110/><T82/><D82/><U64/><E64/><V34/><F109/><W121/><G121/><T6/><D6/><U21/><E14/><V125/><F125/><W118/><G118/><T128/><D128/><U113/><E113/><V40/><F34/><W119/><G119/><T116/><D116/><U133/><REACH who="1" step="1"/><E2/><REACH who="1" ten="250,230,250,260" step="2"/><V77/><F77/><W103/><G103/><T38/><D71/><U31/><E31/><V88/><F86/><W81/><G28/><T84/><D123/><U135/><N who="1" m="33792" /><DORA hai="48" /><U58/><AGARI ba="0,1" hai="5,7,15,18,21,49,52,58,92,97,101" m="33792" machi="58" ten="60,18000,2" yaku="1,1,4,1,0,1,20,1,52,1,54,1,53,1" doraHai="35,48" doraHaiUra="57,55" who="1" fromWho="1" sc="250,-60,230,190,250,-60,260,-60" /><INIT seed="1,1,0,4,1,9" ten="190,420,190,200" oya="1" hai0="25,108,76,92,75,65,60,31,130,35,122,38,24" hai1="39,87,99,54,79,67,22,0,106,126,28,70,16" hai2="134,78,103,90,12,81,50,131,57,48,2,10,129" hai3="29,113,19,133,47,123,118,42,116,86,66,41,52"/><U111/><E39/><V45/><F103/><W3/><G3/><T80/><D108/><U21/><E0/><V40/><F2/><W11/><G123/><T89/><D130/><N who="2" m="49674" /><F90/><W115/><G29/><T15/><D38/><U77/><E111/><V37/><F57/><W127/><G86/><T1/><D1/><U82/><E70/><V124/><F124/><W6/><G6/><T18/><D122/><U74/><E67/><V94/><F94/><W98/><G98/><T117/><D25/><N who="1" m="16431" /><E74/><N who="2" m="43223" /><F134/><W26/><G133/><T14/><D18/><AGARI ba="1,0" hai="10,12,18,37,40,45,48,50" m="43223,49674" machi="18" ten="30,2000,0" yaku="19,1,52,1" doraHai="9" who="2" fromWho="0" sc="190,-23,420,0,190,23,200,0" /><INIT seed="2,0,0,1,1,117" ten="167,420,213,200" oya="2" hai0="118,99,54,6,39,76,0,50,7,129,53,31,48" hai1="14,70,45,106,123,89,23,44,34,8,17,36,132" hai2="108,82,27,13,32,71,55,100,21,16,96,59,77" hai3="112,80,40,58,67,57,104,88,92,49,93,64,116"/><V38/><F71/><W133/><G104/><T41/><D129/><U121/><E34/><V81/><F38/><W12/><G116/><T52/><D118/><U2/><E70/><V3/><F3/><W9/><G112/><T90/><D76/><U114/><E106/><V62/><F108/><W86/><G133/><T63/><D31/><U35/><E35/><V135/><F135/><W79/><G93/><T10/><D7/><U68/><E68/><V102/><F102/><W85/><G57/><T126/><D126/><U87/><E114/><V20/><F32/><W131/><G131/><T28/><D28/><U120/><E132/><V84/><F81/><W42/><G42/><T29/><D29/><U122/><E123/><V51/><F51/><W11/><G11/><T134/><D134/><U130/><E36/><V103/><REACH who="2" step="1"/><F96/><REACH who="2" ten="167,420,203,200" step="2"/><W101/><G101/><T15/><D0/><U43/><E130/><V5/><F5/><N who="3" m="3119" /><G58/><T47/><REACH who="0" step="1"/><D63/><REACH who="0" ten="157,420,203,200" step="2"/><U125/><E125/><V72/><F72/><W73/><G73/><T83/><D83/><N who="1" m="49407" /><E43/><V33/><F33/><W113/><G113/><T95/><AGARI ba="0,2" hai="6,10,15,39,41,47,48,50,52,53,54,90,95,99" machi="95" ten="30,4000,0" yaku="1,1,0,1,54,1,53,0" doraHai="117" doraHaiUra="128" who="0" fromWho="0" sc="157,60,420,-10,203,-20,200,-10" /><INIT seed="3,0,0,1,3,129" ten="217,410,183,190" oya="3" hai0="113,17,13,35,2,64,95,56,115,106,73,87,20" hai1="18,117,43,59,98,78,23,94,83,62,112,24,5" hai2="99,74,90,71,102,107,32,41,108,84,81,0,93" hai3="101,60,131,27,63,116,82,109,69,57,37,25,126"/><W33/><G116/><T103/><D73/><U50/><E112/><N who="0" m="43081" /><D35/><U134/><E134/><V133/><F32/><W58/><G37/><T34/><D34/><U28/><E117/><V127/><F0/><W15/><G131/><T26/><D2/><U68/><E5/><V31/><F31/><W120/><G120/><T128/><D128/><U96/><E68/><V54/><F71/><W65/><G126/><T1/><D1/><U7/><E7/><V36/><F108/><W9/><G109/><T3/><D3/><U66/><E18/><V125/><F133/><W123/><G123/><T97/><D26/><U39/><E39/><V46/><F54/><W22/><G33/><T53/><D64/><U48/><E43/><V52/><F52/><W105/><G27/><T85/><D106/><U77/><E98/><V61/><F61/><AGARI ba="0,0" hai="13,17,20,53,56,61,85,87,95,97,103" m="43081" machi="61" ten="30,1000,0" yaku="11,1" doraHai="129" who="0" fromWho="2" sc="217,10,410,0,183,-10,190,0" owari="227,2.7,410,51.0,173,-32.7,190,-21.0" /></mjloggm>