<mjloggm ver="2.3"><GO type="225" lobby="0"/><UN n0="%72%69%6F%75%63%68%61%6E" n1="%E6%9C%AA%E6%9D%A5%E5%B0%91%E5%B9%B4" n2="%E3%81%A1%E3%82%85%E3%81%86%E3%81%A9%E3%81%8F%E8%B1%A1%E3%81%95%E3%82%93" n3="%E3%81%95%E3%81%8D%E3%81%9F%E3%81%BE%E6%9E%97%E6%AA%8E" dan="16,16,17,16" rate="2206.18,2129.76,2177.77,2096.49" sx="M,M,M,M"/><TAIKYOKU oya="0"/><INIT seed="0,0,0,5,0,123" ten="250,250,250,250" oya="0" hai0="35,69,102,111,43,126,45,121,60,119,33,40,52" hai1="25,44,13,9,55,23,0,99,115,8,127,49,34" hai2="6,26,5,117,128,135,68,87,92,114,7,108,105" hai3="70,28,79,122,2,41,133,106,86,58,10,113,36"/><T76/><D111/><U59/><E127/><V65/><F114/><W82/><G113/><T95/><D119/><U62/><E115/><V96/><F117/><W46/><G122/><T21/><D121/><U94/><E34/><V103/><F128/><W48/><G133/><T37/><D126/><U125/><E0/><V3/><F3/><W29/><G106/><T22/><D40/><U11/><E125/><V42/><F42/><W101/><G101/><T97/><D76/><U80/><E80/><V134/><F26/><W120/><G120/><T132/><D132/><N who="2" m="50730" /><F65/><W129/><G129/><T53/><D33/><U90/><E13/><V71/><F108/><W75/><G86/><T20/><REACH who="0" step="1"/><D35/><REACH who="0" ten="240,250,250,250" step="2"/><U56/><REACH who="1" step="1"/><E62/><REACH who="1" ten="240,240,250,250" step="2"/><V64/><F64/><AGARI ba="0,2" hai="20,21,22,37,43,45,52,53,60,64,69,95,97,102" machi="64" ten="40,12000,1" yaku="1,1,2,1,54,1,53,1" doraHai="123" doraHaiUra="57" who="0" fromWho="2" sc="240,140,240,0,250,-120,250,0" /><INIT seed="0,1,0,2,2,70" ten="380,240,130,250" oya="0" hai0="27,135,24,35,61,104,65,76,30,105,60,120,29" hai1="64,130,57,56,1,67,110,131,37,7,3,117,81" hai2="116,68,11,54,25,34,4,113,5,50,40,108,14" hai3="59,44,126,84,45,129,88,89,23,38,22,119,99"/><T12/><D135/><U20/><E117/><V19/><F113/><W98/><G119/><T32/><D120/><U92/><E110/><V90/><F108/><W33/><G33/><T87/><D12/><U100/><E37/><V69/><F116/><W122/><G122/><T101/><D101/><U8/><E1/><V9/><F40/><W132/><G132/><T2/><D2/><U36/><E36/><V77/><F77/><W0/><G0/><T79/><D87/><U125/><E125/><V128/><F128/><N who="1" m="49193" /><E81/><V74/><F74/><W72/><G72/><T123/><D123/><U52/><E20/><V80/><F4/><W85/><G126/><T95/><D95/><U97/><E57/><V127/><F127/><W133/><G133/><T47/><D65/><U15/><E3/><V39/><F9/><W66/><G59/><T112/><REACH who="0" step="1"/><D47/><REACH who="0" ten="370,240,130,250" step="2"/><U21/><E21/><V63/><F14/><W49/><G129/><T62/><D62/><AGARI ba="1,1" hai="7,8,15,52,56,62,64,67,92,97,100" m="49193" machi="62" ten="30,2000,0" yaku="19,1,54,1" doraHai="70" who="1" fromWho="0" sc="370,-23,240,33,130,0,250,0" /><INIT seed="1,0,0,3,2,55" ten="347,273,130,250" oya="1" hai0="104,74,83,56,132,17,123,43,22,66,8,97,42" hai1="29,31,27,93,120,112,68,77,65,134,48,88,34" hai2="129,1,73,107,128,76,6,82,7,101,131,126,33" hai3="121,105,28,38,117,16,135,75,54,119,85,87,12"/><U70/><E112/><V2/><F33/><W63/><G121/><T51/><D132/><U102/><E120/><V18/><F18/><W52/><G135/><T4/><D123/><U49/><E134/><V90/><F126/><W3/><G105/><T78/><D104/><U45/><E102/><V69/><F69/><W23/><G75/><T32/><D32/><U91/><E77/><V25/><F25/><W92/><G38/><T24/><D97/><U100/><E31/><V118/><F118/><N who="3" m="45067" /><G3/><T125/><D125/><U64/><E100/><V98/><REACH who="2" step="1"/><F90/><REACH who="2" ten="347,273,120,250" step="2"/><N who="3" m="53327" /><G28/><T103/><D103/><U94/><E29/><V20/><F20/><W36/><G36/><T109/><D22/><U39/><E34/><V133/><F133/><W86/><G54/><T9/><D24/><U79/><E27/><V53/><F53/><W46/><G46/><T10/><D17/><U130/><E45/><V5/><AGARI ba="0,1" hai="1,2,5,6,7,73,76,82,98,101,107,128,129,131" machi="5" ten="40,5200,0" yaku="1,1,0,1,19,1,53,0" doraHai="55" doraHaiUra="116" who="2" fromWho="2" sc="347,-13,273,-26,120,62,250,-13" /><INIT seed="2,0,0,2,0,135" ten="334,247,182,237" oya="2" hai0="116,69,13,51,105,67,75,59,109,71,117,74,120" hai1="72,129,89,68,66,96,77,65,98,6,94,113,126" hai2="9,78,131,31,2,18,86,10,23,30,133,93,82" hai3="76,95,33,57,79,83,107,90,0,25,46,11,122"/><V50/><F133/><W110/><G110/><T19/><D109/><U12/><E113/><V20/><F131/><W56/><G122/><T21/><D120/><U49/><E129/><V32/><F32/><W48/><G107/><T88/><D105/><U29/><E68/><N who="0" m="26185" /><D88/><N who="1" m="55367" /><E72/><V103/><F2/><W85/><G33/><T34/><D34/><U119/><E119/><N who="0" m="45641" /><D51/><U60/><E77/><V134/><F134/><W28/><G79/><T54/><D54/><U47/><E29/><N who="2" m="10763" /><F50/><W97/><G0/><T87/><D87/><U104/><E60/><AGARI ba="0,0" hai="13,19,21,59,60,67,74,75" m="45641,26185" machi="60" ten="30,1000,0" yaku="12,1" doraHai="135" who="0" fromWho="1" sc="334,10,247,-10,182,0,237,0" /><INIT seed="3,0,0,2,5,69" ten="344,237,182,237" oya="3" hai0="89,86,51,112,61,3,39,11,123,10,68,126,8" hai1="73,117,104,58,72,96,124,93,128,63,49,26,6" hai2="90,70,22,37,95,133,119,40,130,75,35,4,134" hai3="109,0,79,5,57,31,91,12,121,55,131,99,88"/><W85/><G121/><T23/><D123/><U129/><E104/><V87/><F119/><W38/><G0/><T29/><D39/><U64/><E117/><V24/><F35/><W21/><G38/><T102/><D126/><U15/><E124/><V44/><F70/><W114/><G114/><T7/><D112/><U65/><E65/><V59/><F75/><W122/><G122/><T32/><D32/><U76/><E26/><V41/><F4/><W118/><G118/><T47/><D102/><N who="1" m="60687" /><E49/><V42/><F130/><N who="1" m="50281" /><E76/><V101/><F101/><W25/><G131/><T18/><D29/><U107/><E107/><V74/><F74/><W115/><G115/><T113/><D113/><U20/><E20/><V52/><F133/><W103/><G109/><T127/><D127/><U43/><E43/><V9/><F9/><AGARI ba="0,0" hai="6,9,15,58,63,64,72,73" m="50281,60687" machi="9" ten="30,1000,0" yaku="19,1" doraHai="69" who="1" fromWho="2" sc="344,0,237,10,182,-10,237,0" owari="344,44.4,247,4.7,172,-32.8,237,-16.3" /></mjloggm>