<mjloggm ver="2.3"><GO type="225" lobby="0"/><UN n0="%E8%B1%86%59%E5%A4%AA%E9%83%8E" n1="%E3%81%82%E3%81%99%E3%81%AB%E3%82%83%E3%82%80" n2="%E3%83%91%E3%82%AF%E3%83%81%E3%81%86%E3%81%BE%E5%A4%AB" n3="%E3%83%A9%E3%83%BC%E3%83%A1%E3%83%B3%E4%BA%94%E9%83%8E" dan="16,16,16,16" rate="2026.09,2056.98,2090.72,2102.07" sx="M,F,M,M"/><TAIKYOKU oya="0"/><INIT seed="0,0,0,3,1,98" ten="250,250,250,250" oya="0" hai0="76,63,114,43,77,17,21,65,46,82,4,2,1" hai1="61,32,71,133,109,70,105,115,6,99,74,8,90" hai2="50,85,53,42,52,79,5,68,48,94,106,81,35" hai3="119,86,22,47,125,27,88,13,100,31,0,40,45"/><T107/><D114/><U120/><E120/><V80/><F35/><W19/><G119/><T15/><D107/><U134/><E109/><V111/><F106/><W10/><G125/><T37/><D76/><U124/><E124/><V55/><F111/><W64/><G0/><T69/><REACH who="0" step="1"/><D4/><REACH who="0" ten="240,250,250,250" step="2"/><U102/><E115/><V67/><F5/><W58/><G40/><T95/><D95/><U28/><E74/><AGARI ba="0,1" hai="1,2,15,17,21,37,43,46,63,65,69,74,77,82" machi="74" ten="30,2900,0" yaku="1,1,7,1,53,0" doraHai="98" doraHaiUra="112" who="0" fromWho="1" sc="240,39,250,-29,250,0,250,0" /><INIT seed="0,1,0,3,1,92" ten="279,221,250,250" oya="0" hai0="133,134,129,88,102,66,65,80,18,37,41,43,28" hai1="119,118,126,11,8,39,79,127,15,82,44,116,31" hai2="99,91,56,117,38,123,128,77,64,1,55,114,12" hai3="5,135,14,110,16,103,96,24,17,48,70,75,3"/><T121/><D28/><U86/><E31/><V104/><F38/><W54/><G75/><T76/><D121/><U34/><E34/><V90/><F1/><W122/><G70/><T105/><D18/><U9/><E15/><V27/><F77/><W95/><G122/><T115/><D115/><U45/><REACH who="1" step="1"/><E39/><REACH who="1" ten="279,211,250,250" step="2"/><V61/><F12/><W67/><G3/><T100/><D37/><U97/><E97/><V33/><F99/><W71/><G14/><T59/><D105/><U51/><E51/><V47/><F33/><W20/><G48/><T74/><D134/><U60/><E60/><V84/><F61/><W46/><G96/><T109/><D133/><U108/><E108/><V68/><F104/><W98/><G110/><T81/><D109/><U7/><E7/><V87/><F123/><W72/><G135/><T40/><D102/><U0/><E0/><V93/><F114/><W73/><G5/><T36/><D100/><U63/><E63/><V120/><F120/><W111/><G111/><T35/><D35/><U83/><E83/><V42/><F117/><W132/><G132/><T85/><D36/><U112/><E112/><V125/><F93/><W106/><G106/><T10/><D10/><U22/><E22/><V52/><F68/><W69/><G69/><T32/><D32/><U23/><E23/><V89/><F27/><W4/><G4/><T50/><REACH who="0" step="1"/><D129/><REACH who="0" ten="269,211,250,250" step="2"/><U57/><E57/><V107/><F56/><W13/><G71/><T62/><D62/><U49/><E49/><V53/><F128/><W19/><G103/><T58/><D58/><U130/><E130/><RYUUKYOKU ba="1,2" sc="269,15,211,15,250,-15,250,-15" hai0="40,41,43,50,59,65,66,74,76,80,81,85,88" hai1="8,9,11,44,45,79,82,86,116,118,119,126,127" /><INIT seed="0,2,2,5,1,68" ten="284,226,235,235" oya="0" hai0="8,37,19,31,6,5,81,45,105,47,76,72,134" hai1="34,109,101,130,71,93,119,74,106,49,77,100,4" hai2="127,69,118,27,53,10,46,135,113,61,94,25,21" hai3="90,107,15,102,22,1,82,115,28,126,17,98,54"/><T95/><D105/><U91/><E119/><V0/><F113/><W60/><G115/><T55/><D134/><U117/><E117/><V110/><F118/><W129/><G1/><N who="0" m="47" /><D47/><U80/><E34/><V23/><F135/><W103/><G126/><T120/><D55/><U32/><E4/><V123/><F123/><W97/><G129/><T128/><D120/><U116/><E32/><V108/><F127/><W104/><G28/><T14/><D95/><U59/><E116/><V67/><F0/><W41/><G41/><N who="0" m="22703" /><D6/><U66/><E130/><V38/><F10/><W58/><G90/><T12/><D128/><U16/><E106/><V79/><F94/><W99/><G98/><T51/><D51/><U26/><E49/><N who="2" m="28855" /><F38/><W92/><G92/><T7/><D7/><U18/><E59/><V29/><F21/><W33/><G33/><T83/><D31/><U24/><E100/><V13/><F29/><W131/><G131/><T132/><D132/><U3/><E101/><V62/><F13/><N who="0" m="5226" /><D83/><AGARI ba="2,2" hai="15,17,22,54,58,60,82,83,97,99,102,103,104,107" machi="83" ten="40,1300,0" yaku="9,1" doraHai="68" who="3" fromWho="0" sc="284,-19,226,0,235,0,235,39" /><INIT seed="1,0,0,2,0,79" ten="265,226,235,274" oya="1" hai0="70,65,83,119,134,27,2,33,120,23,11,64,110" hai1="94,7,96,47,91,127,100,24,22,101,132,13,57" hai2="15,25,114,75,50,56,19,107,135,52,115,93,109" hai3="67,92,34,133,84,112,12,43,60,97,98,103,8"/><U130/><E130/><V44/><F107/><W99/><G112/><N who="2" m="43049" /><F109/><W20/><G34/><T36/><D119/><U49/><E132/><V90/><F135/><W121/><G133/><T4/><D134/><U32/><E127/><V86/><F75/><W124/><G121/><T21/><D110/><U89/><E57/><V82/><F25/><W35/><G35/><T77/><D70/><U74/><E74/><V58/><F93/><W105/><G124/><T66/><D36/><U51/><E32/><V1/><F1/><W87/><G43/><T117/><D117/><U41/><E49/><V30/><F30/><W0/><G0/><T95/><D95/><U111/><E111/><V55/><F55/><W71/><G20/><AGARI ba="0,0" hai="15,19,20,44,50,52,56,58,82,86,90" m="43049" machi="20" ten="30,3900,0" yaku="11,1,52,1,54,1" doraHai="79" who="2" fromWho="3" sc="265,0,226,0,235,39,274,-39" /><INIT seed="2,0,0,3,5,78" ten="265,226,274,235" oya="2" hai0="128,10,44,46,32,92,72,69,81,31,134,61,30" hai1="8,16,27,80,101,48,120,63,43,96,99,113,115" hai2="90,77,38,131,97,65,7,117,5,40,116,98,73" hai3="57,79,91,35,71,42,60,18,54,29,82,70,1"/><V74/><F131/><W49/><G1/><T37/><D134/><U135/><E135/><V24/><F38/><W50/><G91/><T25/><D30/><U93/><E120/><V129/><F129/><W85/><G18/><T26/><D26/><U102/><E63/><V52/><F65/><W6/><G6/><T12/><D37/><U112/><E43/><V15/><F40/><W109/><G109/><T17/><D92/><U28/><E48/><V122/><F24/><W103/><G103/><T56/><D69/><U62/><E62/><V107/><F90/><W66/><G71/><T108/><D108/><U127/><E127/><V4/><F15/><W106/><G106/><T36/><D36/><U133/><E133/><V47/><F122/><W126/><G126/><T124/><D128/><U75/><E28/><V132/><F132/><W104/><G104/><T68/><D68/><U118/><E118/><V9/><F9/><W0/><G0/><T87/><D72/><U34/><E34/><V13/><F13/><W23/><G35/><T3/><D3/><U84/><E75/><V53/><F74/><W88/><G29/><T119/><D119/><U58/><E58/><V45/><F73/><W19/><G42/><T86/><D86/><U123/><E123/><V111/><F116/><W20/><G49/><T100/><D100/><U14/><E27/><V39/><F117/><W55/><G70/><T89/><REACH who="0" step="1"/><D124/><REACH who="0" ten="255,226,274,235" step="2"/><U41/><E102/><V2/><F111/><W64/><G85/><T22/><D22/><U105/><E101/><V59/><F39/><W21/><G23/><RYUUKYOKU ba="0,1" sc="255,30,226,-10,274,-10,235,-10" hai0="10,12,17,25,31,32,44,46,56,61,81,87,89" /><INIT seed="3,1,1,5,1,61" ten="285,216,264,225" oya="3" hai0="11,79,118,112,27,46,19,108,37,28,9,83,21" hai1="88,15,66,59,1,123,97,127,86,75,87,14,120" hai2="117,13,110,124,89,121,94,99,10,44,104,128,129" hai3="130,125,67,6,2,0,57,48,38,64,31,122,71"/><W73/><G122/><T93/><D118/><U39/><E75/><V7/><F117/><W16/><G38/><T36/><D112/><U95/><E1/><V114/><F114/><W42/><G73/><T20/><D93/><U84/><E39/><V55/><F121/><W77/><G71/><T81/><D81/><U119/><E119/><V30/><F110/><W115/><G115/><T54/><D37/><U52/><E127/><V24/><F124/><W51/><G125/><T12/><D108/><U25/><E25/><V26/><F104/><W29/><G77/><T49/><D36/><U5/><E66/><N who="3" m="25130" /><G0/><T91/><D91/><U17/><E5/><V134/><F134/><W23/><G2/><T113/><D113/><U22/><REACH who="1" step="1"/><E14/><REACH who="1" ten="285,206,264,225" step="2"/><V100/><F24/><N who="3" m="14439" /><G6/><T45/><D45/><U53/><E53/><V107/><F7/><W32/><G130/><T74/><AGARI ba="1,2" hai="9,11,12,19,20,21,27,28,46,49,54,74,79,83" machi="74" ten="20,1500,0" yaku="0,1,7,1" doraHai="61" who="0" fromWho="0" sc="285,38,206,-5,264,-5,225,-8" owari="323,42.3,201,-29.9,259,5.9,217,-18.3" /></mjloggm>