<mjloggm ver="2.3"><GO type="225" lobby="0"/><UN n0="%E3%81%B2%E3%81%AA%E3%81%AE%E3%82%8A%E3%81%8F" n1="%72%61%6B%33" n2="%E3%81%A1%E3%82%85%E3%81%86%E3%81%A9%E3%81%8F%E8%B1%A1%E3%81%95%E3%82%93" n3="%E3%81%8F%E3%82%8A%E3%83%94%E3%83%BC" dan="17,17,16,16" rate="2163.51,2286.62,2111.24,2075.62" sx="M,M,M,M"/><TAIKYOKU oya="0"/><INIT seed="0,0,0,2,0,98" ten="250,250,250,250" oya="0" hai0="32,101,48,95,59,79,16,122,47,9,38,120,37" hai1="18,62,81,135,49,13,89,51,69,80,128,111,67" hai2="4,70,82,99,131,90,103,22,21,96,104,74,44" hai3="8,43,132,23,65,125,114,88,3,112,40,29,71"/><T73/><D32/><U108/><E128/><V27/><F70/><W19/><G125/><T78/><D59/><U84/><E135/><V110/><F110/><N who="1" m="42025" /><E81/><V6/><F131/><W100/><G132/><T121/><D73/><U60/><E60/><V25/><F44/><W126/><G126/><T33/><D33/><U50/><E50/><V56/><F56/><W52/><G29/><T42/><D38/><U17/><E17/><V1/><F1/><W26/><G100/><T57/><D57/><U83/><E83/><V36/><F36/><W7/><G52/><T109/><D37/><U106/><E106/><V129/><F129/><W61/><REACH who="3" step="1"/><G88/><REACH who="3" ten="250,250,250,240" step="2"/><T10/><D109/><U127/><E127/><V28/><F90/><W72/><G72/><T30/><D30/><U31/><E31/><V77/><REACH who="2" step="1"/><F99/><REACH who="2" ten="250,250,240,240" step="2"/><W134/><G134/><T24/><D121/><U15/><E89/><V63/><F63/><W75/><G75/><T39/><D120/><U86/><E62/><V119/><F119/><W105/><G105/><T92/><D122/><U93/><E86/><V35/><F35/><W58/><G58/><T76/><D47/><U68/><E84/><V115/><F115/><AGARI ba="0,2" hai="3,7,8,19,23,26,40,43,61,65,71,112,114,115" machi="115" ten="40,1300,0" yaku="1,1,53,0" doraHai="98" doraHaiUra="46" who="3" fromWho="2" sc="250,0,250,0,240,-13,240,33" /><INIT seed="1,0,0,4,3,44" ten="250,250,227,273" oya="1" hai0="129,131,99,41,112,128,123,20,87,124,78,49,52" hai1="84,130,110,6,28,32,50,121,57,69,109,85,59" hai2="91,92,98,104,79,107,65,117,113,96,40,48,70" hai3="1,71,7,27,86,116,30,10,55,33,9,43,63"/><U81/><E69/><V127/><F117/><W77/><G116/><T24/><D112/><U15/><E121/><V25/><F127/><W126/><G126/><T89/><D124/><U120/><E120/><V3/><F3/><W23/><G43/><T135/><D123/><U119/><E119/><V17/><F113/><W11/><G71/><T51/><D135/><U38/><E38/><V56/><F79/><W105/><G105/><T19/><D78/><U90/><E130/><V75/><F75/><W134/><G134/><T106/><D41/><U82/><E32/><V31/><F17/><W58/><G77/><T62/><D62/><U72/><E28/><V61/><F98/><W97/><G97/><T64/><D64/><U16/><E6/><V93/><F93/><W54/><G86/><T36/><D36/><U115/><E72/><V42/><F42/><W118/><G118/><T111/><D111/><N who="1" m="42507" /><E115/><V53/><REACH who="2" step="1"/><F40/><REACH who="2" ten="250,250,217,273" step="2"/><W0/><G0/><T4/><D106/><U94/><E85/><V101/><F101/><W14/><G55/><T88/><D99/><U2/><E2/><V114/><F114/><W74/><G74/><T45/><D87/><U80/><E94/><V5/><F5/><W125/><G125/><T108/><D108/><U39/><E39/><V35/><AGARI ba="0,1" hai="25,31,35,48,53,56,61,65,70,91,92,96,104,107" machi="35" ten="20,5200,0" yaku="1,1,0,1,7,1,52,1,53,0" doraHai="44" doraHaiUra="83" who="2" fromWho="2" sc="250,-13,250,-26,217,62,273,-13" /><INIT seed="2,0,0,4,1,66" ten="237,224,279,260" oya="2" hai0="41,61,43,14,92,4,79,46,114,75,116,9,22" hai1="52,101,65,113,120,42,74,135,118,20,56,59,40" hai2="26,62,54,106,13,85,108,68,103,25,49,19,71" hai3="45,131,132,93,104,33,127,39,97,64,63,69,112"/><V122/><F122/><W12/><G127/><T50/><D114/><U128/><E74/><V134/><F134/><W34/><G132/><T96/><D116/><U24/><E135/><V67/><F108/><W58/><G131/><T117/><D117/><U87/><E118/><V115/><F115/><W90/><G112/><T28/><D75/><U29/><E113/><V121/><F121/><W94/><G104/><T6/><D79/><U72/><E72/><V16/><F68/><W1/><G1/><T10/><D61/><N who="1" m="38055" /><E128/><V107/><F85/><W91/><G58/><T102/><D28/><U7/><E7/><V55/><F55/><W81/><G81/><T53/><REACH who="0" step="1"/><D22/><REACH who="0" ten="227,224,279,260" step="2"/><U18/><E29/><V98/><F107/><W82/><G63/><T51/><D51/><N who="1" m="31135" /><E120/><V95/><F106/><W8/><G34/><T99/><D99/><U110/><E110/><V70/><F70/><W84/><G33/><T88/><D88/><U76/><E101/><V77/><F77/><W109/><G109/><T30/><D30/><U125/><E125/><V133/><F133/><W5/><G91/><T100/><D100/><U0/><E0/><AGARI ba="0,1" hai="0,4,6,9,10,14,41,43,46,50,53,92,96,102" machi="0" ten="30,2000,0" yaku="1,1,7,1,53,0" doraHai="66" doraHaiUra="73" who="0" fromWho="1" sc="227,30,224,-20,279,0,260,0" /><INIT seed="3,0,0,5,3,107" ten="257,204,279,260" oya="3" hai0="125,41,23,5,52,15,51,50,113,119,106,42,118" hai1="36,70,65,1,77,33,20,103,29,131,27,100,116" hai2="95,75,66,28,18,98,114,80,43,78,117,123,61" hai3="60,35,53,22,101,71,89,129,85,84,44,46,58"/><W11/><G35/><T127/><D106/><U34/><E36/><V26/><F114/><W120/><G120/><T130/><D113/><U31/><E1/><V128/><F117/><N who="0" m="44554" /><D5/><U132/><E116/><V45/><F128/><W40/><G129/><T47/><D15/><U64/><E131/><V21/><F123/><W49/><G101/><T112/><D23/><U126/><E20/><V135/><F135/><W38/><G11/><T7/><D7/><U94/><E132/><V62/><F28/><W111/><G111/><T8/><D8/><U9/><E9/><V82/><F82/><W134/><G134/><T57/><D130/><U37/><E37/><V91/><REACH who="2" step="1"/><F66/><REACH who="2" ten="257,204,269,260" step="2"/><W68/><G68/><T16/><D112/><U88/><E70/><V110/><F110/><W55/><G71/><T2/><D2/><U109/><E109/><V4/><F4/><W25/><G89/><T54/><D16/><AGARI ba="0,1" hai="16,22,25,38,40,44,46,49,53,55,58,60,84,85" machi="16" ten="30,2900,0" yaku="7,1,54,1" doraHai="107" who="3" fromWho="0" sc="257,-29,204,0,269,0,260,39" /><INIT seed="3,1,0,5,5,0" ten="228,204,269,299" oya="3" hai0="102,134,46,60,92,89,99,25,82,118,66,76,47" hai1="18,93,3,121,108,133,70,67,80,41,96,111,6" hai2="68,14,51,94,73,4,59,11,29,44,113,7,43" hai3="58,128,36,21,35,52,28,127,30,106,84,62,79"/><W78/><G35/><T109/><D109/><N who="1" m="42059" /><E121/><V97/><F68/><W5/><G36/><T40/><D134/><U20/><E133/><V61/><F113/><W55/><G106/><T22/><D118/><U87/><E41/><V107/><F107/><W24/><G127/><T39/><D102/><N who="1" m="60687" /><E70/><V103/><F73/><W120/><G128/><T71/><D40/><U104/><E104/><V69/><F69/><W116/><G116/><T72/><REACH who="0" step="1"/><D39/><REACH who="0" ten="218,204,269,299" step="2"/><U85/><E67/><N who="2" m="39359" /><F29/><AGARI ba="1,1" hai="22,25,29,46,47,60,66,71,72,76,82,89,92,99" machi="29" ten="30,2000,0" yaku="1,1,7,1,53,0" doraHai="0" doraHaiUra="1" who="0" fromWho="2" sc="218,33,204,0,269,-23,299,0" /><INIT seed="4,0,0,4,1,128" ten="251,204,246,299" oya="0" hai0="119,67,89,96,120,5,48,22,71,59,61,104,37" hai1="111,100,9,12,31,33,135,131,99,44,118,35,73" hai2="58,15,26,86,115,51,56,127,52,77,81,103,18" hai3="40,124,57,53,34,101,36,27,16,116,19,109,3"/><T113/><D119/><U4/><E118/><V30/><F115/><W72/><G109/><T92/><D113/><U80/><E111/><V39/><F39/><W11/><G116/><T130/><D120/><U10/><E131/><V98/><F127/><W93/><G72/><T14/><D37/><U24/><E44/><V47/><F15/><W20/><G34/><T88/><D104/><U90/><E10/><V97/><F18/><W78/><G78/><T87/><D130/><U121/><E121/><V75/><F75/><W132/><G132/><T69/><D48/><U17/><E33/><V60/><F103/><W117/><G117/><T122/><D122/><U76/><E90/><V105/><F105/><W29/><G124/><T7/><D69/><U79/><E79/><V66/><REACH who="2" step="1"/><F58/><REACH who="2" ten="251,204,236,299" step="2"/><W83/><G19/><N who="0" m="10615" /><D71/><U123/><E123/><V82/><F82/><AGARI ba="0,1" hai="5,7,59,61,67,82,87,88,89,92,96" m="10615" machi="82" ten="30,2900,0" yaku="8,1,54,1" doraHai="128" who="0" fromWho="2" sc="251,39,204,0,236,-29,299,0" /><INIT seed="4,1,0,4,4,96" ten="290,204,207,299" oya="0" hai0="69,50,60,74,8,110,91,42,119,98,28,6,130" hai1="71,126,27,101,88,102,24,32,116,97,25,114,47" hai2="54,46,109,44,55,33,51,52,31,104,90,131,66" hai3="76,0,11,85,73,21,59,78,10,128,133,107,122"/><T108/><D119/><U99/><E116/><V12/><F104/><W18/><G73/><T4/><D74/><U121/><E121/><V79/><F79/><W19/><G107/><T58/><D28/><U125/><E32/><V129/><F109/><N who="0" m="42090" /><D69/><U34/><E34/><V83/><F12/><W22/><G128/><N who="2" m="49225" /><F66/><W92/><G133/><T103/><D91/><U9/><E71/><V39/><F31/><W82/><G0/><T13/><D130/><U123/><E123/><V43/><F33/><W111/><G78/><T38/><D38/><U14/><E47/><N who="2" m="24063" /><F83/><W68/><G68/><T77/><D77/><U15/><E114/><V132/><F90/><W1/><G1/><T106/><D50/><U134/><E134/><V62/><F132/><W117/><G117/><T17/><D42/><U61/><E61/><V86/><F86/><W64/><G92/><T48/><D48/><U16/><E15/><V135/><F135/><W120/><G111/><T63/><D63/><U3/><E3/><V65/><F51/><W40/><G40/><T35/><D35/><U118/><E118/><V84/><F84/><W23/><G122/><T30/><D30/><U70/><E70/><AGARI ba="1,0" hai="44,46,52,54,55,62,65,70" m="24063,49225" machi="70" ten="30,7700,0" yaku="19,1,34,2,54,1" doraHai="96" who="2" fromWho="1" sc="290,0,204,-80,207,80,299,0" /><INIT seed="5,0,0,4,0,131" ten="290,124,287,299" oya="1" hai0="122,20,31,34,52,26,128,121,79,63,30,0,101" hai1="51,96,94,125,59,11,40,62,55,15,76,5,111" hai2="24,80,28,95,116,13,135,45,18,119,78,73,61" hai3="81,100,72,115,69,16,99,14,85,39,123,89,103"/><U35/><E125/><V38/><F61/><W1/><G1/><T56/><D128/><U68/><E111/><V84/><F135/><W29/><G123/><N who="0" m="47115" /><D0/><U57/><E35/><V110/><F110/><W47/><G115/><T83/><D101/><U23/><E68/><V8/><F38/><W12/><G69/><T106/><D106/><U108/><E108/><V70/><F70/><W64/><G64/><T109/><D109/><U10/><E76/><V21/><F45/><W90/><G29/><N who="0" m="17607" /><D34/><U58/><E11/><V44/><F44/><W104/><G72/><AGARI ba="0,0" hai="30,31,52,56,63,72,79,83" m="17607,47115" machi="72" ten="30,2000,0" yaku="13,1,54,1" doraHai="131" who="0" fromWho="3" sc="290,20,124,0,287,0,299,-20" owari="310,41.0,124,-37.6,287,8.7,279,-12.1" /></mjloggm>