<mjloggm ver="2.3"><GO type="225" lobby="0"/><UN n0="%4B%2E%32%2E%4B%2E" n1="%E3%81%91%E3%83%BC%E3%81%9E%E3%81%88" n2="%72%61%6B%33" n3="%E7%B4%94%E6%BD%94%E3%83%94%E3%83%A9%E3%83%8B%E3%82%A2" dan="16,16,18,17" rate="2086.99,2190.08,2295.99,2220.14" sx="M,F,M,M"/><TAIKYOKU oya="0"/><INIT seed="0,0,0,3,5,65" ten="250,250,250,250" oya="0" hai0="0,100,43,90,74,85,80,83,115,18,69,102,134" hai1="73,84,24,82,2,129,16,7,76,130,133,55,15" hai2="79,53,124,57,9,51,77,71,81,26,93,98,128" hai3="119,27,91,28,125,25,108,50,117,135,54,123,58"/><T40/><D115/><U8/><E133/><V86/><F124/><W131/><G125/><T112/><D112/><U23/><E73/><V67/><F128/><W48/><G131/><T99/><D134/><U78/><E78/><V105/><F105/><W21/><G108/><T88/><D0/><U106/><E106/><V63/><F26/><W116/><G123/><T13/><D69/><U95/><E95/><V31/><F31/><W33/><G91/><T56/><D56/><U103/><E103/><N who="0" m="39465" /><D74/><U47/><E47/><V114/><F114/><W35/><G135/><T122/><D122/><U101/><E101/><V120/><F120/><W30/><G21/><N who="0" m="11471" /><D80/><U44/><E55/><V46/><F9/><W97/><G97/><T109/><D109/><U4/><E4/><V36/><F79/><W66/><G66/><T12/><D12/><U19/><REACH who="1" step="1"/><E44/><REACH who="1" ten="250,240,250,250" step="2"/><V96/><F93/><AGARI ba="0,1" hai="40,43,83,85,88,90,93,99" m="11471,39465" machi="93" ten="30,2900,0" yaku="8,1,54,1" doraHai="65" who="0" fromWho="2" sc="250,39,240,0,250,-29,250,0" /><INIT seed="0,1,0,5,1,105" ten="289,240,221,250" oya="0" hai0="57,125,41,121,38,29,107,19,89,88,4,54,100" hai1="85,82,68,117,79,66,40,53,23,39,110,36,76" hai2="87,115,124,52,94,43,84,120,134,77,21,58,14" hai3="73,61,78,131,95,135,32,28,102,55,12,8,93"/><T67/><D121/><U106/><E117/><V92/><F124/><W99/><G131/><T90/><D125/><U81/><E106/><V127/><F127/><W70/><G135/><T69/><D29/><U6/><E110/><V3/><F3/><W74/><G78/><T96/><D4/><U98/><E40/><V42/><F115/><W49/><G93/><T16/><D69/><U30/><E98/><V5/><F134/><W86/><G86/><T31/><D67/><U60/><E6/><V64/><F64/><W18/><G61/><T33/><D41/><U123/><E123/><V114/><F114/><W104/><G104/><T47/><D47/><U10/><E10/><V128/><F128/><W59/><REACH who="3" step="1"/><G70/><REACH who="3" ten="289,240,221,240" step="2"/><T20/><D107/><U109/><E79/><V111/><F87/><W91/><G91/><T108/><D96/><U132/><E85/><V63/><F84/><W116/><G116/><T75/><D100/><U7/><E76/><V80/><F77/><W11/><G11/><T65/><D90/><U62/><E132/><V83/><F94/><W119/><G119/><T1/><D89/><U44/><E68/><V126/><F92/><W24/><AGARI ba="1,1" hai="8,12,18,24,28,32,49,55,59,73,74,95,99,102" machi="24" ten="30,7900,0" yaku="1,1,0,1,52,2,53,0" doraHai="105" doraHaiUra="2" who="3" fromWho="3" sc="289,-40,240,-21,221,-21,240,92" /><INIT seed="1,0,0,0,3,55" ten="249,219,200,332" oya="1" hai0="135,129,6,7,98,87,0,72,83,128,59,70,86" hai1="99,50,34,62,68,67,107,123,120,100,32,108,37" hai2="26,64,25,111,43,48,94,112,81,78,21,13,47" hai3="106,110,133,29,49,92,116,69,132,20,30,39,126"/><U134/><E134/><N who="3" m="51818" /><G39/><T63/><D135/><U89/><E108/><V61/><F111/><W130/><G106/><T15/><D70/><U38/><E89/><V18/><F94/><W24/><G69/><T36/><D36/><N who="1" m="13931" /><E50/><V122/><F122/><AGARI ba="0,0" hai="32,34,62,67,68,99,100,107,120,122,123" m="13931" machi="122" ten="30,1500,0" yaku="23,1" doraHai="55" who="1" fromWho="2" sc="249,0,219,15,200,-15,332,0" /><INIT seed="1,1,0,3,5,119" ten="249,234,185,332" oya="1" hai0="55,89,0,96,29,39,53,71,91,3,114,25,7" hai1="86,31,84,73,4,58,11,106,13,105,109,38,121" hai2="124,28,92,66,48,75,90,59,47,20,103,98,37" hai3="26,82,36,79,45,63,12,64,61,1,88,57,113"/><U76/><E38/><V81/><F124/><W27/><G1/><T118/><D114/><U112/><E112/><V125/><F125/><W80/><G113/><T22/><D118/><U14/><E73/><V49/><F37/><W115/><G115/><T74/><D71/><U85/><E76/><V135/><F135/><W104/><G104/><T129/><D74/><U9/><E109/><V120/><F120/><W123/><G123/><T32/><D39/><U6/><E121/><V128/><F128/><W134/><G134/><T110/><D110/><U50/><E31/><V87/><F75/><W67/><G12/><T130/><D32/><U18/><E18/><V117/><F117/><W78/><G36/><T102/><D55/><AGARI ba="1,0" hai="4,6,9,11,13,14,50,55,58,84,85,86,105,106" machi="55" ten="40,2000,0" yaku="9,1" doraHai="119" who="1" fromWho="0" sc="249,-23,234,23,185,0,332,0" /><INIT seed="1,2,0,3,3,90" ten="226,257,185,332" oya="1" hai0="86,1,63,72,104,58,38,99,35,89,22,55,64" hai1="116,129,107,8,115,74,98,48,84,108,114,56,44" hai2="25,121,66,29,71,45,67,91,61,103,54,51,94" hai3="28,12,50,31,37,97,53,0,47,95,41,10,81"/><U68/><E116/><V11/><F121/><W120/><G0/><T78/><D35/><U3/><E68/><V27/><F67/><W20/><G20/><T23/><D1/><U128/><E74/><V49/><F103/><W75/><G75/><T118/><D118/><U88/><E107/><V83/><F83/><W14/><G14/><T7/><D38/><U92/><E56/><V33/><F49/><W43/><G81/><N who="0" m="45255" /><D7/><N who="1" m="1151" /><E98/><V52/><F25/><W60/><G120/><T135/><D64/><U80/><E80/><V5/><F5/><N who="3" m="3151" /><G37/><T105/><D105/><U73/><E73/><V77/><F11/><W100/><G60/><T110/><D63/><U46/><E46/><V18/><F18/><W112/><G112/><T123/><D123/><U65/><E65/><V134/><F77/><W30/><AGARI ba="2,0" hai="28,30,31,41,43,47,50,53,95,97,100" m="3151" machi="30" ten="30,2000,0" yaku="8,1,52,1" doraHai="90" who="3" fromWho="3" sc="226,-7,257,-12,185,-7,332,26" /><INIT seed="2,0,0,3,0,110" ten="219,245,178,358" oya="2" hai0="34,51,40,59,128,72,103,25,28,17,88,13,52" hai1="44,83,122,69,127,0,67,20,82,38,4,100,101" hai2="105,64,36,66,90,120,74,112,125,94,23,58,39" hai3="14,54,2,104,78,130,24,80,135,108,47,107,132"/><V106/><F120/><W99/><G2/><T30/><D72/><U116/><E116/><V5/><F74/><W35/><G108/><T33/><D128/><U37/><E69/><V31/><F125/><W109/><G109/><T43/><D103/><U98/><E67/><V15/><F112/><W119/><G14/><T41/><D88/><U46/><E4/><V84/><F36/><W131/><G54/><T48/><D30/><U92/><E0/><V121/><F39/><W86/><G47/><T126/><D126/><U70/><E70/><V50/><F121/><W73/><G119/><T79/><D79/><U1/><E1/><V61/><F64/><W117/><G117/><T91/><D91/><U22/><E92/><V12/><F50/><W7/><G7/><T123/><D123/><U71/><E98/><V93/><F93/><W133/><G86/><T60/><REACH who="0" step="1"/><D34/><REACH who="0" ten="209,245,178,358" step="2"/><U111/><E122/><V57/><F31/><N who="3" m="19943" /><G99/><T49/><D49/><U77/><E38/><V42/><F90/><W27/><G131/><T81/><D81/><U16/><E83/><V87/><F87/><W97/><G97/><T85/><D85/><U21/><E82/><V9/><F84/><W3/><G130/><T26/><D26/><U134/><E37/><V95/><F95/><W68/><G27/><T75/><D75/><U63/><E111/><V65/><F94/><W53/><G132/><T18/><D18/><U11/><E134/><V55/><F106/><W29/><G135/><T19/><D19/><U124/><E127/><V8/><F105/><W10/><G133/><T113/><D113/><RYUUKYOKU ba="0,1" sc="209,30,245,-10,178,-10,358,-10" hai0="13,17,25,28,33,40,41,43,48,51,52,59,60" /><INIT seed="3,1,1,2,5,7" ten="239,235,168,348" oya="3" hai0="21,43,47,72,76,110,117,8,127,100,66,41,67" hai1="12,37,84,90,80,128,95,124,130,22,28,45,48" hai2="10,40,135,86,15,3,98,9,101,81,119,74,30" hai3="11,129,93,73,49,112,63,109,118,24,70,131,69"/><W78/><G118/><T99/><D117/><U97/><E124/><V85/><F119/><W77/><G112/><T17/><D127/><U116/><E37/><V91/><F135/><W132/><G132/><T26/><D110/><U29/><E116/><V39/><F30/><W27/><G11/><N who="2" m="4105" /><F3/><W16/><G16/><T64/><D47/><U2/><E2/><V5/><F74/><W75/><G49/><T113/><D113/><U20/><E130/><V94/><F39/><W104/><G104/><T123/><D123/><U19/><E22/><V96/><F40/><W59/><G70/><T50/><D8/><U0/><E0/><V56/><F5/><W46/><G69/><T102/><D72/><U121/><E121/><V13/><F56/><W115/><G59/><T79/><D41/><N who="1" m="24623" /><E128/><V71/><F71/><W92/><G109/><T58/><D43/><U44/><E44/><V87/><F81/><W83/><G46/><T18/><D21/><U60/><E60/><V133/><F133/><W82/><G115/><T111/><D111/><U62/><E62/><AGARI ba="1,1" hai="24,27,62,63,73,75,77,78,82,83,92,93,129,131" machi="62" ten="25,2400,0" yaku="22,2" doraHai="7" who="3" fromWho="1" sc="239,0,235,-27,168,0,348,37" owari="239,3.9,208,-19.2,168,-33.2,385,48.5" /></mjloggm>