<mjloggm ver="2.3"><GO type="225" lobby="0"/><UN n0="%E5%AF%82%E5%AF%9E%E3%82%AE%E3%83%8D%E3%82%B9%E3%83%93%E3%83%BC%E3%83%AB" n1="%E6%A0%B9%E5%85%83%E3%81%8B%E3%82%89%E5%90%B9%E3%81%A3%E9%A3%9B%E3%81%B6" n2="%E4%B8%89%E5%86%A0%E7%8E%8B%E3%83%BB%E5%B1%B1%E7%94%B0%E5%93%B2%E4%BA%BA" n3="%E6%A1%9C%E8%8A%B1%E9%96%83%E3%80%85" dan="16,17,17,18" rate="2152.39,2194.65,2151.31,2195.38" sx="M,F,M,M"/><TAIKYOKU oya="0"/><INIT seed="0,0,0,4,2,34" ten="250,250,250,250" oya="0" hai0="68,67,2,13,40,14,92,20,15,62,12,102,132" hai1="116,24,89,25,48,73,135,124,87,9,58,111,88" hai2="72,96,43,78,76,127,41,7,61,31,133,112,121" hai3="23,80,5,107,0,106,118,60,26,86,44,131,4"/><T109/><D132/><U63/><E116/><V45/><F112/><W37/><G118/><T104/><D104/><U105/><E111/><V129/><F121/><W28/><G131/><T65/><D109/><U39/><E39/><V100/><F129/><W17/><G60/><T11/><D40/><U38/><E38/><V94/><F133/><W8/><G5/><T82/><D67/><U50/><E73/><V70/><F127/><W99/><G99/><T27/><D82/><U125/><E9/><V57/><F70/><W18/><G44/><T126/><D126/><U113/><E105/><V117/><F117/><W123/><G37/><T59/><D68/><U66/><E113/><V114/><F114/><W46/><G46/><T98/><D2/><U134/><E58/><V97/><F31/><W93/><G93/><T55/><D13/><U71/><E63/><V85/><F72/><W84/><G84/><T3/><D3/><U108/><E71/><V32/><F32/><W79/><G123/><T19/><REACH who="0" step="1"/><D55/><REACH who="0" ten="240,250,250,250" step="2"/><U83/><E83/><V77/><F43/><W33/><G18/><AGARI ba="0,1" hai="11,12,14,15,18,19,20,27,59,62,65,92,98,102" machi="18" ten="30,11600,0" yaku="1,1,2,1,7,1,8,1,53,0" doraHai="34" doraHaiUra="110" who="0" fromWho="3" sc="240,126,250,0,250,0,250,-116" /><INIT seed="0,1,0,4,4,68" ten="366,250,250,134" oya="0" hai0="76,8,63,108,33,126,58,50,75,53,30,31,72" hai1="59,118,70,104,54,96,78,45,123,81,2,47,13" hai2="37,130,67,48,84,100,0,24,119,115,5,60,9" hai3="92,26,117,101,15,4,109,51,125,18,127,25,64"/><T114/><D114/><U86/><E118/><V62/><F115/><W94/><G117/><T112/><D112/><U129/><E123/><V105/><F119/><W65/><G109/><T83/><D126/><N who="3" m="48137" /><G4/><T22/><D33/><U28/><E2/><V74/><F48/><W82/><G82/><T42/><D75/><U36/><E70/><N who="2" m="42343" /><F84/><W43/><G65/><T32/><D32/><U116/><E129/><V55/><F55/><W3/><G64/><T135/><D108/><U122/><E122/><V121/><F62/><W16/><G3/><T52/><D42/><U7/><E28/><V12/><F5/><W97/><G92/><T102/><D83/><U27/><E7/><V106/><F130/><W46/><G18/><T69/><D72/><U87/><E81/><V11/><F106/><W21/><AGARI ba="1,0" hai="15,16,21,25,26,43,46,51,94,97,101" m="48137" machi="21" ten="30,2000,0" yaku="18,1,54,1" doraHai="68" who="3" fromWho="3" sc="366,-11,250,-6,250,-6,134,23" /><INIT seed="1,0,0,5,5,92" ten="355,244,244,157" oya="1" hai0="103,40,133,113,27,111,119,125,15,33,9,100,87" hai1="42,90,49,66,20,129,122,23,44,81,86,60,18" hai2="132,107,82,62,120,6,34,95,11,51,32,83,110" hai3="7,58,116,76,115,84,26,64,31,12,97,45,63"/><U61/><E129/><V117/><F107/><W112/><G116/><T114/><D119/><U41/><E122/><V93/><F117/><W127/><G127/><T78/><D125/><U17/><E42/><V53/><F120/><W55/><G7/><T69/><D69/><U10/><E10/><V106/><F106/><W94/><G12/><T50/><D111/><U105/><E105/><V85/><F62/><W108/><G108/><T54/><D40/><U43/><E43/><V59/><F110/><W123/><G123/><T8/><D133/><U4/><E4/><V3/><F83/><W5/><G5/><T19/><D8/><U28/><E28/><V71/><F71/><W70/><G45/><T38/><D38/><U39/><E39/><V29/><F132/><W16/><G84/><T118/><D118/><U30/><E30/><V57/><F57/><W14/><G76/><T2/><D2/><U0/><E0/><V102/><F29/><W48/><G26/><T121/><D121/><U74/><E74/><V24/><F24/><W80/><G80/><N who="0" m="47511" /><D27/><N who="1" m="14735" /><E66/><V56/><F34/><W75/><G31/><T135/><D33/><U22/><E22/><V1/><F32/><W99/><G75/><T73/><D73/><U96/><E96/><N who="2" m="59663" /><F1/><W101/><REACH who="3" step="1"/><G99/><REACH who="3" ten="355,244,244,147" step="2"/><T126/><D126/><U88/><E86/><V46/><F82/><W21/><AGARI ba="0,1" hai="14,16,21,48,55,58,63,64,70,94,97,101,112,115" machi="21" ten="20,12000,2" yaku="1,1,2,1,0,1,7,1,52,1,54,1,53,0" doraHai="92" doraHaiUra="77" who="3" fromWho="3" sc="355,-30,244,-60,244,-30,147,130" /><INIT seed="2,0,0,1,3,38" ten="325,184,214,277" oya="2" hai0="65,115,117,0,98,5,28,100,47,79,2,14,53" hai1="89,78,6,74,7,24,64,61,23,41,107,73,108" hai2="106,40,121,49,57,62,114,36,46,120,52,13,111" hai3="3,15,97,1,86,109,96,128,26,68,21,123,71"/><V35/><F106/><W125/><G123/><N who="2" m="47177" /><F13/><W12/><G86/><T135/><D115/><U90/><E107/><V67/><F35/><W127/><G21/><T81/><D65/><U91/><E108/><V11/><F11/><W44/><G44/><T60/><D28/><U116/><E116/><V33/><F33/><W118/><G109/><T131/><D117/><U69/><E78/><V22/><F22/><W19/><G26/><T4/><D14/><U55/><E55/><V10/><F10/><W75/><G75/><T43/><D2/><U31/><REACH who="1" step="1"/><E41/><REACH who="1" ten="325,174,214,277" step="2"/><V119/><F119/><W56/><G118/><T112/><D53/><U95/><E95/><V101/><F101/><W122/><G122/><T102/><D43/><U48/><E48/><V51/><F111/><W93/><G93/><T18/><D102/><U32/><E32/><V76/><F76/><W92/><G92/><T132/><D79/><U85/><E85/><V129/><F129/><W87/><G87/><T30/><D100/><U105/><E105/><V54/><F114/><W17/><G128/><T80/><D112/><U72/><AGARI ba="0,1" hai="6,7,23,24,31,61,64,69,72,73,74,89,90,91" machi="72" ten="40,2700,0" yaku="1,1,0,1,53,0" doraHai="38" doraHaiUra="9" who="1" fromWho="1" sc="325,-7,174,37,214,-13,277,-7" /><INIT seed="3,0,0,0,2,4" ten="318,211,201,270" oya="3" hai0="47,78,117,135,11,102,124,74,93,57,12,123,18" hai1="58,22,52,38,114,42,8,65,88,51,28,46,5" hai2="33,134,23,110,67,39,76,41,59,87,126,49,60" hai3="50,97,98,101,100,90,95,82,89,16,96,128,53"/><W14/><G128/><T107/><D123/><U80/><E114/><V21/><F33/><W17/><G82/><T34/><D117/><U106/><E106/><V122/><F122/><W3/><G3/><T1/><D34/><U26/><E65/><V6/><F110/><W72/><G72/><T111/><D107/><U25/><E25/><V79/><F134/><W32/><G32/><T29/><D29/><U130/><E130/><V108/><F108/><W19/><G14/><T20/><D111/><U85/><E5/><V70/><F126/><W131/><G131/><T43/><D57/><U48/><E8/><V103/><F103/><N who="3" m="39499" /><G95/><T115/><D93/><U37/><AGARI ba="0,0" hai="22,26,28,37,38,42,46,48,51,52,58,80,85,88" machi="37" ten="30,4000,0" yaku="0,1,54,2" doraHai="4" who="1" fromWho="1" sc="318,-10,211,40,201,-10,270,-20" owari="308,40.8,251,5.1,191,-30.9,250,-15.0" /></mjloggm>