<mjloggm ver="2.3"><GO type="225" lobby="0"/><UN n0="%6D%75%75%6D%75%72%61" n1="%E3%81%95%E3%81%8D%E3%81%9F%E3%81%BE%E6%9E%97%E6%AA%8E" n2="%E9%80%9F%E6%B0%B4%E5%87%9B%E9%A6%99" n3="%E6%A1%9C%E8%8A%B1%E9%96%83%E3%80%85" dan="17,16,16,17" rate="2203.06,2165.03,2168.30,2190.06" sx="F,M,F,M"/><TAIKYOKU oya="0"/><INIT seed="0,0,0,5,2,15" ten="250,250,250,250" oya="0" hai0="127,56,87,13,74,128,110,107,50,66,44,12,131" hai1="20,41,102,86,117,60,72,8,54,84,118,5,46" hai2="30,101,83,42,92,58,97,27,10,99,68,31,67" hai3="34,96,59,17,116,124,109,29,106,0,134,113,125"/><T52/><D74/><U11/><E72/><V98/><F68/><W16/><G113/><T85/><D107/><U19/><E102/><V9/><F42/><W62/><G116/><T94/><D127/><N who="3" m="48713" /><G109/><T71/><D71/><U91/><E118/><V75/><F31/><W126/><G134/><T115/><D115/><U43/><E117/><V80/><F9/><N who="1" m="3657" /><E5/><V82/><F10/><W22/><G34/><T103/><D110/><U135/><E86/><V65/><F65/><N who="3" m="39135" /><G0/><T70/><D70/><U33/><E33/><V88/><F75/><W120/><G120/><T105/><D105/><U61/><E61/><N who="2" m="38327" /><F101/><N who="3" m="62759" /><G126/><T55/><D66/><U36/><E36/><V2/><F2/><W7/><G7/><T18/><D103/><U64/><E64/><V48/><F48/><W57/><G57/><T40/><D56/><N who="1" m="34839" /><E46/><V51/><F51/><W39/><G39/><T3/><D3/><U23/><E135/><V119/><F119/><W38/><G38/><T100/><D100/><U49/><E49/><V89/><F89/><W123/><G123/><T28/><D50/><U111/><E111/><V79/><F79/><W78/><G78/><T4/><D44/><U24/><E91/><V81/><N who="2" m="20480" /><DORA hai="132" /><V45/><F45/><W69/><G69/><T1/><D1/><U133/><E133/><V73/><F73/><W6/><G6/><T130/><D4/><U95/><E84/><V14/><F99/><W121/><G121/><T25/><D87/><U104/><E104/><V93/><F98/><W47/><G47/><T53/><D85/><U129/><E129/><V63/><F97/><RYUUKYOKU ba="0,0" sc="250,-10,250,-10,250,-10,250,30" hai3="16,17,22,29" /><INIT seed="1,1,0,1,1,75" ten="240,240,240,280" oya="1" hai0="125,91,41,2,18,87,9,111,15,76,8,42,45" hai1="17,30,93,49,53,69,95,34,51,47,72,0,135" hai2="3,117,80,52,134,102,6,28,94,21,96,123,38" hai3="79,131,112,130,109,98,99,32,122,132,48,119,120"/><U118/><E118/><V31/><F38/><W14/><G32/><T88/><D111/><U106/><E106/><V84/><F117/><W114/><G119/><T29/><D125/><U13/><E72/><V55/><F123/><N who="3" m="47147" /><G14/><N who="0" m="7495" /><D2/><U110/><E69/><V64/><F134/><W50/><G109/><T66/><D66/><U78/><E135/><V40/><F40/><N who="0" m="15466" /><D45/><N who="1" m="27823" /><E0/><V1/><F1/><W5/><G5/><N who="0" m="3503" /><D29/><U57/><E30/><V10/><F64/><W126/><G132/><T85/><D85/><U22/><E34/><V33/><F33/><W101/><G126/><T71/><D71/><U70/><E70/><V127/><F127/><W107/><G48/><T12/><D12/><U60/><E110/><V63/><F63/><W128/><G50/><T39/><D39/><U46/><E51/><V86/><F86/><W129/><G129/><T65/><D65/><N who="1" m="39055" /><E47/><V62/><F62/><W43/><G43/><T92/><D92/><N who="1" m="35403" /><E46/><V4/><F28/><W74/><G99/><T108/><D108/><U44/><E44/><V23/><F31/><W103/><G101/><T104/><D104/><U113/><E113/><V133/><F133/><W77/><G74/><T67/><D67/><U90/><E90/><V73/><F73/><W7/><G7/><T54/><D54/><N who="2" m="20522" /><F6/><W24/><G24/><T36/><D36/><U20/><E20/><V124/><F124/><W26/><G26/><T121/><D121/><U25/><E25/><V56/><F56/><W27/><G27/><T83/><AGARI ba="1,0" hai="76,83,87,88,91" m="3503,15466,7495" machi="83" ten="30,4000,0" yaku="8,1,52,1,54,1" doraHai="75" who="0" fromWho="0" sc="240,43,240,-21,240,-11,280,-11" /><INIT seed="2,0,0,0,0,54" ten="283,219,229,269" oya="2" hai0="89,18,78,134,31,43,69,14,127,113,8,25,70" hai1="92,75,57,0,107,96,116,135,125,119,44,4,63" hai2="9,19,46,66,98,103,38,67,121,51,17,126,81" hai3="97,6,86,13,94,87,76,26,84,24,64,65,27"/><V100/><F121/><W30/><G76/><T1/><D113/><U59/><E75/><V131/><F38/><W20/><G6/><T68/><D127/><U132/><E107/><V61/><F126/><W3/><G3/><T52/><D134/><N who="1" m="51243" /><E125/><V124/><F124/><W2/><G2/><T73/><D1/><U42/><E63/><V122/><F122/><W36/><G36/><T112/><D43/><U77/><E77/><V22/><F131/><W39/><G39/><T114/><D89/><N who="1" m="55311" /><E4/><V133/><F133/><W95/><G95/><T23/><D78/><U79/><E79/><V33/><F81/><W102/><REACH who="3" step="1"/><G30/><REACH who="3" ten="283,219,229,259" step="2"/><T16/><D31/><U62/><E0/><V58/><F33/><W7/><G7/><T11/><D73/><U90/><E90/><V15/><F98/><W48/><G48/><T60/><D114/><U85/><E62/><V35/><F35/><W21/><G21/><T101/><D112/><U120/><E120/><V128/><F128/><W49/><G49/><T12/><D60/><U123/><E123/><V118/><F118/><N who="1" m="45097" /><E85/><V117/><F117/><W106/><G106/><T29/><D23/><U28/><E28/><V45/><F67/><W93/><G93/><T115/><D29/><U5/><E5/><V53/><F46/><W108/><G108/><T72/><D115/><U83/><E83/><V50/><F50/><AGARI ba="0,1" hai="42,44,50,57,59" m="45097,55311,51243" machi="50" ten="30,3900,0" yaku="20,1,52,2" doraHai="54" who="1" fromWho="2" sc="283,0,219,49,229,-39,259,0" /><INIT seed="3,0,0,0,0,5" ten="283,268,190,259" oya="3" hai0="114,101,125,31,14,90,121,108,45,24,6,9,79" hai1="106,94,63,67,17,91,97,11,118,107,74,115,71" hai2="75,129,0,12,104,53,19,38,58,30,123,7,51" hai3="61,132,50,18,56,105,62,57,60,83,131,8,33"/><W80/><G33/><T16/><D121/><U92/><E115/><V78/><F104/><W46/><G105/><T34/><D114/><U66/><E74/><V26/><F38/><W122/><G131/><T40/><D101/><U23/><E118/><V54/><F129/><W65/><G132/><T70/><D70/><U4/><E67/><V15/><F123/><W3/><G122/><T98/><D108/><U52/><E94/><V73/><F78/><W59/><G65/><T127/><D79/><U130/><E130/><V68/><F68/><W109/><G109/><T48/><D90/><U20/><E20/><V64/><F64/><W124/><G124/><N who="0" m="47691" /><D98/><U119/><E119/><V112/><F12/><N who="3" m="7431" /><G3/><T84/><D84/><U111/><E111/><V135/><F135/><W25/><G25/><T41/><D6/><U86/><E97/><V77/><F77/><W72/><G72/><T35/><D35/><U49/><E23/><N who="2" m="11775" /><F54/><AGARI ba="0,0" hai="46,50,54,56,57,59,60,61,62,80,83" m="7431" machi="54" ten="30,2900,0" yaku="8,1,52,1" doraHai="5" who="3" fromWho="2" sc="283,0,268,0,190,-29,259,29" /><AGARI ba="0,0" hai="9,14,16,24,31,34,40,41,45,48,54" m="47691" machi="54" ten="30,3900,0" yaku="18,1,52,1,54,1" doraHai="5" who="0" fromWho="2" sc="283,39,268,0,161,-39,288,0" /><INIT seed="3,1,0,4,4,35" ten="322,268,122,288" oya="3" hai0="41,24,66,110,21,118,123,18,103,26,78,0,39" hai1="124,98,111,2,50,86,129,119,14,116,109,87,6" hai2="120,43,30,57,106,52,61,133,19,96,128,104,75" hai3="74,47,70,54,101,94,38,42,3,121,135,46,31"/><W51/><G121/><T83/><D118/><N who="1" m="45099" /><E129/><V79/><F133/><W127/><G135/><T85/><D123/><U122/><E122/><V23/><F128/><W1/><G127/><T28/><D110/><N who="1" m="41995" /><E124/><V88/><F120/><W100/><G74/><T12/><D66/><U80/><E14/><V32/><F30/><W37/><G70/><T16/><D103/><U115/><E115/><V131/><F32/><W20/><G38/><T49/><D39/><U8/><E98/><V134/><F134/><W40/><G54/><T25/><D49/><U93/><E93/><V99/><F131/><W84/><G100/><T53/><D41/><U97/><E97/><V5/><F5/><W69/><G69/><T56/><D56/><U90/><E87/><V55/><F43/><W112/><G112/><T125/><D53/><U92/><E92/><V7/><F7/><W71/><G71/><T36/><D36/><U4/><E4/><V82/><F55/><W60/><G60/><T76/><D76/><U64/><E50/><V107/><F99/><N who="3" m="59639" /><G84/><T22/><D125/><U33/><E33/><V58/><F58/><W77/><G77/><T81/><D78/><U15/><E15/><V114/><F114/><W63/><G63/><T68/><D68/><U73/><E64/><V44/><F44/><W89/><G89/><T108/><D85/><U59/><E59/><V132/><F132/><W48/><G37/><T67/><D67/><U62/><E62/><V130/><F130/><W27/><G48/><T10/><D108/><U34/><E34/><V113/><F113/><W102/><G102/><RYUUKYOKU ba="1,0" sc="322,-15,268,15,122,-15,288,15" hai1="2,6,8,73,80,86,90" hai3="1,3,20,27,31,40,42,46,47,51" /><INIT seed="3,2,0,3,5,125" ten="307,283,107,303" oya="3" hai0="89,124,36,85,110,84,100,126,129,114,48,53,21" hai1="57,0,54,78,134,62,122,76,121,7,118,14,23" hai2="115,65,67,128,102,10,97,103,26,38,90,3,43" hai3="96,45,123,69,127,49,133,42,64,61,111,47,86"/><W132/><G123/><T77/><D129/><U56/><E134/><N who="3" m="51818" /><G111/><T105/><D110/><U51/><E118/><V94/><F115/><W20/><G127/><N who="0" m="48683" /><D114/><U25/><E0/><V24/><F38/><W11/><G86/><T32/><D36/><U60/><E122/><V44/><F3/><W70/><G11/><T46/><D32/><U99/><E121/><V50/><F10/><W41/><G20/><T16/><D77/><U29/><E99/><V74/><F74/><W93/><G70/><T58/><D105/><U33/><E51/><V28/><F128/><W75/><G75/><T113/><D100/><U98/><E98/><V1/><F1/><W101/><G45/><T87/><D113/><U107/><E107/><V6/><F6/><W80/><G80/><N who="0" m="49287" /><D46/><U2/><E2/><V34/><REACH who="2" step="1"/><F24/><AGARI ba="2,0" hai="16,21,24,48,53,58,85,87" m="49287,48683" machi="24" ten="30,2000,0" yaku="18,1,54,1" doraHai="125" who="0" fromWho="2" sc="307,26,283,0,107,-26,303,0" owari="333,43.3,283,-11.7,81,-41.9,303,10.3" /></mjloggm>