<mjloggm ver="2.3"><GO type="225" lobby="0"/><UN n0="%E5%8F%AF%E5%85%90%E9%82%A3%E7%94%B1%E5%A4%9A" n1="%30%2E%31%32%30" n2="%E3%83%A9%E3%82%B9%E7%8E%87%EF%BC%93%E5%89%B2" n3="%45%6C%79%73%69%75%6D" dan="16,16,16,17" rate="2191.52,2130.31,2112.21,2091.32" sx="F,M,F,F"/><TAIKYOKU oya="0"/><INIT seed="0,0,0,5,1,126" ten="250,250,250,250" oya="0" hai0="4,59,7,67,51,32,113,122,76,98,30,68,102" hai1="71,42,82,61,16,97,78,74,46,123,27,114,128" hai2="36,15,29,20,119,60,116,0,6,44,129,130,89" hai3="75,110,134,87,133,125,38,3,12,25,83,100,8"/><T118/><D113/><U124/><E123/><V35/><F35/><W77/><G125/><T21/><D118/><N who="2" m="45098" /><F0/><W117/><G117/><T14/><D122/><U64/><E124/><V69/><F89/><W18/><G110/><T70/><D76/><U49/><E114/><V48/><F36/><W11/><G100/><T40/><D32/><U81/><E81/><V31/><F69/><W22/><G38/><T91/><D91/><U105/><E105/><V62/><F15/><W108/><G108/><T112/><D112/><U58/><E97/><V85/><F85/><W96/><G96/><T26/><D14/><U45/><E128/><N who="2" m="49259" /><F6/><W53/><G87/><T24/><D68/><U5/><E5/><V63/><F20/><W79/><G3/><T41/><D70/><U56/><REACH who="1" step="1"/><E46/><REACH who="1" ten="250,240,250,250" step="2"/><V109/><F109/><W37/><G83/><T54/><D4/><U1/><E1/><V115/><F115/><W9/><G75/><T106/><D7/><U19/><E19/><V55/><AGARI ba="0,1" hai="29,31,44,48,55,60,62,63" m="49259,45098" machi="55" ten="40,8000,1" yaku="12,1,19,1,52,3" doraHai="126" who="2" fromWho="2" sc="250,-40,240,-20,250,90,250,-20" /><INIT seed="1,0,0,1,4,3" ten="210,220,340,230" oya="1" hai0="65,82,29,32,121,21,130,5,43,79,51,62,33" hai1="100,9,106,53,10,115,96,95,64,118,72,76,83" hai2="40,111,122,127,18,41,52,91,55,131,133,67,47" hai3="15,34,134,63,45,77,39,57,27,58,31,46,16"/><U119/><E115/><V49/><F122/><W132/><G77/><T37/><D130/><U17/><E64/><V26/><F131/><W14/><G14/><T0/><D121/><U24/><E53/><N who="2" m="29887" /><F111/><W56/><G63/><T135/><D135/><N who="3" m="51753" /><G39/><T61/><D51/><U113/><E113/><V25/><F127/><W117/><G117/><T84/><D21/><AGARI ba="0,0" hai="15,16,21,27,31,34,45,46,56,57,58" m="51753" machi="21" ten="30,2000,0" yaku="20,1,54,1" doraHai="3" who="3" fromWho="0" sc="210,-20,220,0,340,0,230,20" /><INIT seed="2,0,0,3,1,54" ten="190,220,340,250" oya="2" hai0="30,16,102,112,46,89,63,49,116,57,119,34,110" hai1="71,84,65,56,75,19,124,73,69,27,81,51,125" hai2="123,23,26,55,113,52,29,48,45,92,121,20,104" hai3="109,37,114,134,99,133,98,67,36,96,129,68,135"/><V33/><F104/><W5/><G109/><T4/><D112/><U39/><E39/><N who="3" m="14922" /><G114/><T0/><D110/><U64/><E27/><V42/><F113/><W106/><G5/><T17/><D102/><U50/><E19/><V22/><REACH who="2" step="1"/><F92/><REACH who="2" ten="190,220,330,250" step="2"/><W3/><G106/><T79/><D119/><U18/><E125/><V78/><F78/><W101/><G133/><T91/><D79/><U8/><E124/><V28/><F28/><W83/><G134/><T66/><D116/><U100/><E100/><V130/><F130/><W61/><G129/><T122/><D122/><AGARI ba="0,1" hai="20,22,23,26,29,33,42,45,48,52,55,121,122,123" machi="122" ten="40,7700,0" yaku="1,1,54,1,53,1" doraHai="54" doraHaiUra="41" who="2" fromWho="0" sc="190,-77,220,0,330,87,250,0" /><INIT seed="2,1,0,2,2,110" ten="113,220,417,250" oya="2" hai0="12,46,15,101,21,135,109,42,55,2,82,108,114" hai1="124,60,106,24,6,102,97,59,62,80,127,120,78" hai2="49,51,69,84,90,91,35,36,117,58,31,45,65" hai3="100,113,32,111,72,11,37,133,131,79,22,38,0"/><V30/><F117/><W122/><G22/><T61/><D2/><U5/><E120/><V85/><F35/><W50/><G50/><T20/><D101/><U77/><E24/><V104/><F104/><W54/><G54/><T129/><D129/><U94/><E106/><V25/><F69/><W4/><G100/><T8/><D135/><U13/><E62/><N who="2" m="38103" /><F36/><W130/><G79/><T1/><D1/><U26/><E26/><V99/><F51/><W112/><G32/><T107/><D107/><U105/><E105/><V70/><F70/><W115/><G72/><T88/><D114/><U73/><E78/><V74/><F74/><W18/><G18/><T98/><D61/><U34/><E34/><V76/><F99/><W27/><G27/><T119/><D119/><U103/><E103/><V53/><F76/><W116/><G116/><T28/><D55/><U121/><E121/><V132/><F132/><W29/><G29/><N who="2" m="10761" /><F25/><W23/><G23/><N who="0" m="8779" /><D28/><U16/><E124/><V89/><AGARI ba="1,0" hai="45,49,53,84,85,89,90,91" m="10761,38103" machi="89" ten="30,1500,0" yaku="8,1" doraHai="110" who="2" fromWho="2" sc="113,-6,220,-6,417,18,250,-6" /><INIT seed="2,2,0,2,5,96" ten="107,214,435,244" oya="2" hai0="94,24,109,112,0,130,77,61,19,56,62,83,35" hai1="11,115,39,52,64,117,114,15,103,82,50,89,73" hai2="95,27,104,45,133,26,108,40,43,28,100,60,5" hai3="42,125,113,68,31,101,85,13,105,75,116,21,49"/><V88/><F133/><W91/><G116/><T127/><D112/><U128/><E117/><V81/><F5/><W2/><G2/><T74/><D0/><U135/><E39/><V102/><F104/><W87/><G75/><T33/><D109/><U41/><E135/><V10/><F108/><W59/><G68/><T37/><D37/><U32/><E32/><V12/><F81/><W6/><G125/><T14/><D127/><U58/><E128/><V107/><F107/><W51/><G85/><T124/><D124/><U93/><E64/><V7/><F60/><W71/><G71/><T9/><D130/><U38/><E38/><V131/><F131/><W18/><G31/><T97/><D24/><N who="2" m="9258" /><F28/><W84/><G6/><T120/><D120/><U29/><E29/><V86/><F45/><W66/><G105/><T34/><REACH who="0" step="1"/><D56/><REACH who="0" ten="97,214,435,244" step="2"/><U17/><E114/><V69/><F69/><W106/><G113/><T121/><D121/><U46/><E115/><V3/><F3/><W53/><G59/><T98/><D98/><U57/><E57/><V126/><F126/><W70/><G70/><T44/><D44/><U25/><E58/><V119/><F119/><W47/><G47/><T80/><D80/><U134/><E46/><V72/><F72/><W90/><G13/><T8/><D8/><U122/><E11/><V110/><F110/><W63/><G63/><T78/><D78/><U99/><E15/><V54/><F54/><W132/><G132/><T92/><D92/><U30/><E93/><V23/><F23/><W22/><G22/><T79/><D79/><U16/><E134/><RYUUKYOKU ba="2,1" sc="97,15,214,-15,435,15,244,-15" hai0="9,14,19,33,34,35,61,62,74,77,83,94,97" hai2="7,10,12,40,43,86,88,95,100,102" /><INIT seed="2,3,1,4,1,81" ten="112,199,450,229" oya="2" hai0="61,116,42,79,35,123,125,73,94,32,87,93,77" hai1="57,23,30,69,58,19,65,84,118,96,47,67,29" hai2="60,91,31,17,5,40,44,135,9,13,131,53,10" hai3="68,101,56,127,33,98,24,3,132,45,89,72,37"/><V78/><F131/><W39/><G68/><T86/><D123/><U8/><E69/><V12/><F135/><W41/><G132/><T6/><D73/><U16/><E118/><V104/><F104/><W43/><G127/><T62/><D42/><U75/><E75/><V130/><F130/><W83/><G3/><T95/><D6/><U133/><E133/><V111/><F78/><N who="0" m="29706" /><D125/><U54/><E96/><V55/><F111/><W80/><G72/><T124/><D116/><U105/><E105/><V134/><F31/><N who="1" m="11785" /><E47/><V129/><F134/><W34/><G41/><T76/><N who="0" m="29714" /><T25/><DORA hai="15" /><D25/><N who="1" m="14567" /><E58/><V128/><F128/><W100/><G39/><T48/><D124/><U109/><E109/><V110/><F110/><W103/><G37/><T122/><D122/><U4/><E4/><V102/><F129/><W38/><G38/><T26/><D26/><U92/><E8/><V0/><F0/><W66/><G24/><T51/><D32/><U21/><E21/><V90/><F5/><W71/><G33/><T108/><D108/><U119/><E19/><V99/><F17/><W46/><G34/><T50/><D35/><U2/><E2/><V11/><F10/><W114/><G43/><T121/><D121/><U112/><E112/><V64/><F40/><W88/><G114/><T97/><D97/><U14/><E119/><V63/><F99/><W36/><G98/><T1/><D1/><U106/><E106/><V22/><F22/><W126/><G126/><T52/><D52/><U27/><E27/><V113/><F113/><W20/><G20/><T49/><D49/><RYUUKYOKU ba="3,1" sc="112,30,199,-10,450,-10,229,-10" hai0="48,50,51,61,62,86,87,93,94,95" /><INIT seed="3,4,1,1,3,33" ten="142,189,440,219" oya="3" hai0="27,104,78,10,132,134,57,51,101,40,20,116,114" hai1="98,3,109,106,4,38,43,122,110,46,21,11,58" hai2="97,91,13,23,108,112,89,61,85,67,113,41,115" hai3="105,103,77,86,74,18,118,60,81,69,35,25,95"/><W7/><G118/><T8/><D116/><U63/><E122/><V79/><F41/><W28/><G7/><T42/><D114/><U94/><E106/><V52/><F97/><W73/><G18/><T70/><D70/><U32/><E21/><V54/><F79/><W15/><G15/><T117/><D117/><U119/><E32/><V83/><F91/><W19/><G19/><T49/><D78/><U36/><E36/><V121/><F108/><N who="1" m="41577" /><E119/><V22/><F121/><W17/><G17/><T131/><D131/><U39/><E46/><V29/><F13/><W90/><G73/><T30/><D104/><U12/><E12/><V66/><F66/><W47/><G47/><T129/><D129/><U65/><E43/><N who="0" m="16425" /><D101/><AGARI ba="4,1" hai="3,4,11,38,39,58,63,65,94,98,101" m="41577" machi="101" ten="30,2000,0" yaku="14,1,52,1" doraHai="33" who="1" fromWho="0" sc="142,-32,189,42,440,0,219,0" owari="110,-39.0,231,3.1,440,54.0,219,-18.1" /></mjloggm>