<mjloggm ver="2.3"><GO type="225" lobby="0"/><UN n0="%70%68%65%6E%6F%6D%65" n1="%4B%2E%32%2E%4B%2E" n2="%E7%B4%94%E6%BD%94%E3%83%94%E3%83%A9%E3%83%8B%E3%82%A2" n3="%72%61%6B%33" dan="16,16,17,18" rate="2123.88,2088.07,2219.88,2291.03" sx="M,M,M,M"/><TAIKYOKU oya="0"/><INIT seed="0,0,0,3,3,57" ten="250,250,250,250" oya="0" hai0="93,99,41,56,6,14,114,35,15,25,70,64,80" hai1="47,55,117,107,45,100,129,102,134,65,36,42,23" hai2="125,33,34,115,24,82,16,106,60,84,133,78,11" hai3="59,48,71,95,118,43,32,77,92,87,122,38,2"/><T46/><D114/><U105/><E117/><V4/><F115/><W73/><G32/><T132/><D132/><U79/><E134/><V27/><F106/><W1/><G118/><T49/><D70/><U8/><E129/><V69/><F125/><W123/><G73/><T40/><D41/><U13/><E79/><V91/><F133/><W54/><G71/><T58/><D80/><U12/><E23/><V86/><F33/><W89/><G77/><T97/><D6/><U127/><E127/><V5/><F34/><W39/><G95/><T130/><D99/><U17/><E65/><V10/><F5/><W108/><G108/><T44/><D46/><U37/><E55/><V113/><F113/><W111/><G111/><T0/><D0/><N who="3" m="105" /><G43/><T28/><D130/><U85/><E85/><V112/><F4/><W119/><G119/><T61/><REACH who="0" step="1"/><D56/><REACH who="0" ten="240,250,250,250" step="2"/><U62/><E42/><V98/><F98/><W21/><G59/><T51/><D51/><U26/><E47/><V135/><F112/><W63/><G48/><T94/><D94/><U72/><E45/><V116/><F135/><W20/><G92/><T104/><D104/><U3/><E3/><V90/><F116/><W22/><G39/><T120/><D120/><U101/><E37/><V121/><F121/><W109/><G38/><T66/><D66/><U19/><E36/><V88/><F69/><W29/><G123/><T128/><D128/><U7/><E105/><V126/><F82/><W67/><G122/><T75/><D75/><U50/><E107/><V52/><F126/><W110/><G110/><T68/><D68/><RYUUKYOKU ba="0,1" sc="240,30,250,-10,250,-10,250,-10" hai0="14,15,25,28,35,40,44,49,58,61,64,93,97" /><INIT seed="0,1,1,4,0,49" ten="270,240,240,240" oya="0" hai0="46,55,93,125,130,5,51,60,70,47,44,134,116" hai1="62,23,9,43,77,106,17,41,29,118,127,71,90" hai2="83,68,22,52,114,54,28,59,124,102,94,45,103" hai3="33,11,97,129,25,67,111,69,10,126,56,0,15"/><T50/><D5/><U85/><E106/><V76/><F68/><W95/><G111/><T36/><D93/><U57/><E118/><V80/><F114/><W79/><G126/><T82/><D125/><U38/><E127/><V89/><F124/><W8/><G129/><T64/><D82/><N who="2" m="31274" /><F76/><W107/><G0/><T16/><D130/><U132/><E71/><V53/><F45/><N who="0" m="17514" /><D16/><U123/><E38/><V105/><F105/><W98/><G79/><T75/><D75/><U91/><E77/><V30/><F59/><W66/><G69/><T24/><D24/><U122/><E29/><N who="2" m="11371" /><F22/><W113/><G113/><T81/><D81/><U128/><E128/><V32/><F32/><W1/><G1/><T4/><D4/><U120/><E9/><V109/><F109/><W13/><G107/><T31/><D31/><U73/><E73/><V35/><F35/><W34/><G11/><T104/><D104/><U48/><E120/><V117/><F117/><W58/><G95/><T27/><D27/><AGARI ba="1,1" hai="8,10,13,15,25,27,33,34,56,58,66,67,97,98" machi="27" ten="25,1600,0" yaku="22,2" doraHai="49" who="3" fromWho="0" sc="270,-19,240,0,240,0,240,29" /><INIT seed="1,0,0,2,0,8" ten="251,240,240,269" oya="1" hai0="18,65,93,66,87,55,74,32,123,43,53,58,4" hai1="94,120,27,0,107,5,2,86,97,1,100,57,20" hai2="17,81,121,11,63,54,16,64,50,13,22,122,73" hai3="135,44,77,127,39,15,70,48,78,134,71,46,56"/><U124/><E120/><V106/><F106/><W85/><G56/><T89/><D74/><U14/><E124/><V125/><F125/><W88/><G127/><T111/><D32/><U99/><E86/><V103/><F103/><W98/><G39/><T83/><D123/><U90/><E57/><V7/><F17/><W102/><G70/><T101/><D111/><U132/><E132/><V47/><F81/><W38/><G71/><T37/><D4/><U76/><E76/><V52/><F54/><W3/><G3/><T9/><D43/><U67/><E67/><V12/><F73/><W42/><G78/><T21/><D9/><U30/><REACH who="1" step="1"/><E14/><REACH who="1" ten="251,230,240,269" step="2"/><V69/><AGARI ba="0,1" hai="7,11,12,13,16,22,47,50,52,63,64,69,121,122" machi="69" ten="20,12000,2" yaku="0,1,7,1,52,2,54,2" doraHai="8" who="2" fromWho="2" sc="251,-30,230,-60,240,130,269,-30" /><INIT seed="2,0,0,4,2,126" ten="221,170,370,239" oya="2" hai0="106,10,96,66,20,25,90,86,98,23,95,129,83" hai1="43,72,61,13,36,32,130,52,15,50,49,6,27" hai2="121,11,81,58,67,127,100,122,71,26,73,88,112" hai3="87,101,41,76,116,16,80,107,93,24,14,118,54"/><V65/><F127/><W55/><G118/><T105/><D129/><U78/><E36/><V132/><F112/><W38/><G116/><T33/><D33/><U56/><E130/><V37/><F37/><W68/><G68/><T69/><D10/><U64/><E43/><V57/><F100/><W5/><G5/><T103/><D23/><U60/><E60/><V131/><F131/><W31/><G107/><T115/><D115/><U28/><E49/><V51/><F71/><W124/><G124/><T42/><D42/><U125/><E125/><V117/><F117/><W133/><G133/><T1/><D1/><U46/><REACH who="1" step="1"/><E6/><REACH who="1" ten="221,160,370,239" step="2"/><V110/><F51/><W123/><G41/><T34/><D69/><U45/><E45/><V70/><F70/><W21/><G38/><T91/><D66/><U75/><E75/><V104/><F73/><W47/><G47/><T35/><REACH who="0" step="1"/><D105/><REACH who="0" ten="211,160,370,239" step="2"/><U30/><E30/><AGARI ba="0,2" hai="20,25,30,34,35,83,86,90,91,95,96,98,103,106" machi="30" ten="30,8000,1" yaku="1,1,2,1,7,1,53,2" doraHai="126" doraHaiUra="29" who="0" fromWho="1" sc="211,100,160,-80,370,0,239,0" /><INIT seed="3,0,0,2,0,59" ten="311,80,370,239" oya="3" hai0="52,46,7,75,112,8,38,30,44,11,76,106,20" hai1="82,132,98,133,123,2,68,15,105,55,81,107,102" hai2="109,80,5,65,19,127,39,13,12,125,115,29,108" hai3="18,78,45,116,33,95,100,93,22,40,34,91,10"/><W27/><G116/><T99/><D112/><U131/><E55/><V61/><F39/><W48/><G78/><T47/><D106/><U110/><E68/><V79/><F29/><W63/><G100/><T121/><D121/><U0/><E15/><N who="2" m="5707" /><F19/><W31/><G10/><T104/><D104/><U111/><E0/><V103/><F103/><W62/><G95/><T117/><D117/><U119/><E2/><V43/><F43/><W130/><G130/><T21/><D38/><U9/><E9/><V23/><F23/><N who="0" m="8778" /><D75/><U28/><E28/><V88/><F88/><W122/><G122/><T101/><D76/><U85/><E123/><V69/><F5/><W51/><G51/><T90/><D30/><U120/><E120/><V67/><F67/><W66/><G66/><T135/><D135/><U54/><E54/><V129/><F115/><W24/><REACH who="3" step="1"/><G33/><REACH who="3" ten="311,80,370,229" step="2"/><T35/><D35/><U50/><E119/><V83/><F129/><W124/><G124/><N who="2" m="47689" /><F80/><N who="1" m="30825" /><E131/><V96/><F96/><AGARI ba="0,1" hai="18,22,24,27,31,34,40,45,48,62,63,91,93,96" machi="96" ten="30,11600,0" yaku="1,1,7,1,52,2,53,0" doraHai="59" doraHaiUra="126" who="3" fromWho="2" sc="311,0,80,0,370,-116,229,126" owari="311,11.1,80,-42.0,254,-14.6,355,45.5" /></mjloggm>