<mjloggm ver="2.3"><GO type="225" lobby="0"/><UN n0="%E8%BE%9B%E5%8F%A3%E3%82%AB%E3%83%AC%E3%83%BC%E3%83%A9%E3%82%A4%E3%82%B9" n1="%E3%81%A9%E3%82%8F%E3%82%93%E3%81%94" n2="%72%65%6E%6B%75%6E" n3="%E6%97%A5%E6%9B%9C%E6%97%A5%E3%82%88%E3%82%8A%E3%81%AE%E4%BD%BF%E8%80%85" dan="16,16,17,17" rate="2226.37,2097.32,2258.20,2119.80" sx="M,M,M,M"/><TAIKYOKU oya="0"/><INIT seed="0,0,0,0,4,128" ten="250,250,250,250" oya="0" hai0="112,7,69,57,12,103,75,51,68,43,134,83,110" hai1="109,81,34,38,45,94,91,113,22,101,122,126,102" hai2="26,93,106,5,66,27,60,129,100,0,79,42,89" hai3="114,15,16,135,73,77,11,71,47,133,70,33,61"/><T108/><D112/><U40/><E34/><V52/><F129/><W30/><G114/><T59/><D103/><U39/><E113/><V21/><F42/><W17/><G47/><N who="0" m="26111" /><D7/><U53/><E122/><V84/><F79/><W130/><G130/><T132/><D12/><U98/><E109/><N who="0" m="42089" /><D83/><U76/><E126/><V92/><F106/><W8/><G77/><T35/><D35/><U125/><E39/><V82/><F100/><W99/><G73/><T41/><D41/><U119/><E119/><V111/><F111/><W86/><G33/><T46/><D46/><U104/><E104/><V44/><F5/><W118/><G118/><T31/><D31/><U107/><E107/><V56/><F0/><W23/><G30/><T1/><D1/><U10/><E10/><V4/><F4/><W55/><G8/><T74/><D74/><U96/><E22/><V25/><F21/><W48/><G23/><T2/><D2/><U120/><E125/><V97/><F97/><W131/><G131/><T124/><D75/><U36/><E98/><V49/><AGARI ba="0,0" hai="25,26,27,44,49,52,56,60,66,82,84,89,92,93" machi="49" ten="30,4000,0" yaku="0,1,8,1,54,1" doraHai="128" who="2" fromWho="2" sc="250,-20,250,-10,250,40,250,-10" /><INIT seed="1,0,0,4,1,4" ten="230,240,290,240" oya="1" hai0="33,72,132,79,35,118,14,66,51,102,39,11,12" hai1="78,29,70,82,1,47,43,58,13,57,90,76,48" hai2="49,125,31,22,128,133,64,6,99,105,2,37,98" hai3="88,69,65,135,113,54,9,101,27,115,106,18,100"/><U0/><E70/><V55/><F37/><W104/><G69/><T53/><D118/><U71/><E71/><V25/><F125/><W94/><G65/><T36/><D66/><U120/><E120/><V80/><F128/><W95/><G54/><T119/><D119/><U68/><E68/><V93/><F133/><W62/><G62/><T45/><D132/><U89/><E1/><V63/><F105/><W96/><G135/><T34/><D102/><U21/><E0/><V50/><F63/><W41/><G41/><T123/><D123/><U44/><E44/><V28/><F64/><W32/><G32/><T83/><REACH who="0" step="1"/><D14/><REACH who="0" ten="220,240,290,240" step="2"/><U110/><E13/><V112/><F2/><W126/><G101/><T73/><D73/><U117/><E117/><V42/><F112/><W19/><G115/><T97/><D97/><U75/><E110/><V10/><F98/><W40/><G113/><T23/><D23/><U114/><E114/><V87/><F22/><N who="3" m="13783" /><G126/><T92/><D92/><U122/><E122/><V46/><F93/><W111/><G111/><T103/><D103/><U15/><E75/><V116/><F99/><N who="3" m="57799" /><G106/><T107/><D107/><U77/><E82/><V74/><F74/><W134/><G104/><T8/><D8/><U129/><E129/><V3/><F116/><W108/><G108/><T52/><D52/><U60/><E15/><V121/><F121/><W5/><G134/><T91/><D91/><N who="1" m="34827" /><E78/><N who="2" m="46487" /><F25/><W127/><G127/><T26/><D26/><N who="1" m="16591" /><E77/><V16/><F3/><N who="3" m="191" /><G40/><T109/><D109/><U124/><E124/><V30/><F55/><W17/><G100/><T131/><D131/><RYUUKYOKU ba="0,1" sc="220,15,240,-15,290,-15,240,15" hai0="11,12,33,34,35,36,39,45,51,53,72,79,83" hai3="17,19,95,96" /><INIT seed="2,1,1,3,4,57" ten="235,225,275,255" oya="2" hai0="74,0,87,95,11,92,123,56,1,21,15,58,84" hai1="76,127,67,68,129,83,98,41,52,33,81,26,3" hai2="75,124,10,132,24,72,79,135,130,30,4,91,19" hai3="50,109,49,104,108,61,36,23,14,18,63,121,29"/><V133/><F19/><W107/><G36/><T53/><D123/><U16/><E3/><N who="2" m="287" /><F91/><W60/><G121/><T47/><D74/><N who="2" m="28202" /><F79/><W64/><G64/><T112/><D112/><U45/><E129/><V35/><F124/><W7/><G7/><T90/><D21/><N who="1" m="13607" /><E33/><V94/><F94/><W115/><G115/><T48/><D1/><U102/><E68/><V43/><F43/><W117/><G117/><T12/><D0/><U78/><E67/><V119/><F130/><W122/><G122/><T38/><D38/><U31/><E31/><V42/><F42/><W125/><G125/><T118/><D118/><AGARI ba="1,1" hai="24,30,35,118,119,132,133,135" m="28202,287" machi="118" ten="40,3900,0" yaku="20,1,23,1" doraHai="57" who="2" fromWho="0" sc="235,-42,225,0,275,52,255,0" /><INIT seed="2,2,0,0,5,43" ten="193,225,327,255" oya="2" hai0="129,88,45,91,58,126,85,14,81,29,80,5,70" hai1="124,97,76,20,1,6,67,105,125,84,56,38,89" hai2="109,100,21,82,51,92,34,28,114,103,83,110,78" hai3="19,7,116,108,59,49,47,44,62,130,31,4,53"/><V41/><F114/><W99/><G116/><T2/><D70/><U64/><E76/><V72/><F34/><W57/><G108/><N who="2" m="41577" /><F82/><W24/><G19/><T115/><D115/><U17/><E38/><V42/><F92/><W23/><G130/><T63/><D129/><U15/><E6/><N who="3" m="2090" /><G99/><T52/><D126/><N who="1" m="48747" /><E1/><V119/><F119/><W87/><G87/><N who="0" m="50279" /><D2/><U60/><E97/><V22/><F42/><W61/><G61/><T33/><D33/><U39/><E39/><V73/><F73/><W96/><G96/><T101/><D101/><N who="2" m="38986" /><F28/><W86/><G86/><T77/><D29/><U25/><E105/><V50/><F50/><W118/><G118/><T106/><D106/><U93/><E67/><AGARI ba="2,0" hai="23,24,31,44,47,49,53,57,59,62,67" m="2090" machi="67" ten="30,3900,0" yaku="8,1,52,2" doraHai="43" who="3" fromWho="1" sc="193,0,225,-45,327,0,255,45" /><INIT seed="3,0,0,3,5,87" ten="193,180,327,300" oya="3" hai0="14,102,126,68,90,20,41,28,77,27,50,62,122" hai1="53,56,83,33,125,70,61,106,13,12,86,69,55" hai2="7,57,111,31,89,47,117,78,48,24,121,107,25" hai3="101,113,38,110,23,17,67,43,108,118,135,34,94"/><W22/><G34/><T74/><D122/><U115/><E115/><V64/><F107/><W112/><G67/><T18/><D74/><U131/><E106/><V35/><F78/><W116/><G43/><T84/><D102/><U92/><E33/><V100/><F100/><W1/><G38/><T26/><D77/><U81/><E70/><V104/><F104/><W79/><G1/><T19/><D126/><U42/><E125/><V123/><F7/><W54/><G54/><T133/><D133/><U98/><E69/><V8/><F8/><W72/><G135/><T40/><D50/><U127/><E131/><V36/><F24/><N who="3" m="14415" /><G23/><N who="0" m="15455" /><D62/><U73/><E42/><V88/><F117/><N who="3" m="45163" /><G79/><T45/><D45/><U65/><E73/><V105/><F105/><W58/><G72/><T5/><D5/><U59/><E127/><V4/><F4/><W96/><G58/><T120/><D68/><U6/><E65/><V129/><F36/><W109/><AGARI ba="0,0" hai="94,96,101,108,109,110,112,113" m="45163,14415" machi="109" ten="40,3900,0" yaku="14,1,10,1" doraHai="87" who="3" fromWho="3" sc="193,-13,180,-13,327,-13,300,39" owari="180,-22.0,167,-33.3,314,11.4,339,43.9" /></mjloggm>