<mjloggm ver="2.3"><GO type="225" lobby="0"/><UN n0="%72%69%6F%75%63%68%61%6E" n1="%E7%AB%8B%E7%9B%B4%E5%A5%BD%E6%A3%92%40%E5%BF%98" n2="%61%74%73%75%74%6F%64%6F" n3="%E6%98%93%E5%88%A9%E8%96%A9%E4%BC%AF" dan="16,17,16,16" rate="2202.99,2142.95,2085.54,2110.19" sx="M,M,M,F"/><TAIKYOKU oya="0"/><INIT seed="0,0,0,0,1,75" ten="250,250,250,250" oya="0" hai0="31,73,44,42,65,77,94,125,114,89,8,14,23" hai1="123,57,84,135,110,25,10,54,9,130,64,115,56" hai2="62,113,61,100,59,32,118,4,119,99,76,21,78" hai3="41,16,13,90,50,28,72,7,67,27,98,33,39"/><T66/><D114/><U58/><E123/><V133/><F32/><W85/><G72/><T37/><D125/><U34/><E115/><V80/><F113/><W17/><G39/><T95/><D95/><U45/><E110/><V127/><F127/><W70/><G98/><T96/><D23/><U43/><E130/><V68/><F133/><W74/><G74/><T69/><D31/><U97/><E135/><V51/><F4/><W47/><G67/><T129/><D129/><U71/><E84/><V116/><F80/><W55/><G70/><T22/><D22/><U120/><E120/><V122/><F122/><W104/><G41/><T52/><D69/><U109/><E109/><V48/><F21/><W128/><G104/><T107/><D107/><U86/><E86/><V1/><F1/><W36/><G36/><T18/><REACH who="0" step="1"/><D52/><REACH who="0" ten="240,250,250,250" step="2"/><U3/><E54/><N who="2" m="34039" /><F68/><W15/><G128/><T121/><D121/><U105/><E71/><V5/><F62/><W124/><G124/><T92/><D92/><U103/><E64/><V38/><F119/><W108/><G108/><T91/><D91/><U0/><E105/><V6/><F118/><W11/><REACH who="3" step="1"/><G15/><REACH who="3" ten="240,250,250,240" step="2"/><T53/><D53/><U82/><E0/><V46/><F116/><W20/><G20/><T88/><D88/><U29/><E3/><V24/><F100/><W112/><G112/><T106/><D106/><U117/><E117/><V132/><F132/><W49/><G49/><T35/><D35/><U63/><E34/><V134/><F134/><W126/><G126/><T2/><D2/><U26/><E63/><V79/><F38/><RYUUKYOKU ba="0,2" sc="240,15,250,-15,250,-15,240,15" hai0="8,14,18,37,42,44,65,66,73,77,89,94,96" hai3="7,11,13,16,17,27,28,33,47,50,55,85,90" /><INIT seed="0,1,2,4,4,80" ten="255,235,235,255" oya="0" hai0="79,127,68,74,5,99,13,90,34,116,110,98,53" hai1="57,76,30,37,8,63,83,121,86,130,115,67,21" hai2="19,113,14,49,126,15,94,112,66,129,132,24,50" hai3="71,51,122,11,134,109,96,78,56,22,59,135,106"/><T103/><D116/><U38/><E121/><V36/><F36/><W35/><G71/><T46/><D127/><U104/><E104/><V107/><F107/><W69/><G35/><T32/><D68/><U111/><E111/><V33/><F126/><W89/><G69/><T29/><D110/><U120/><E120/><V123/><F123/><W85/><G109/><T118/><D118/><U31/><E130/><V65/><F129/><W84/><G122/><T73/><D29/><U4/><E115/><V133/><F94/><N who="3" m="56399" /><G106/><T2/><D2/><U26/><REACH who="1" step="1"/><E31/><REACH who="1" ten="255,225,235,255" step="2"/><V87/><F113/><W88/><G135/><T39/><D34/><U114/><E114/><V18/><F33/><W42/><G134/><T91/><D32/><U41/><E41/><V81/><F112/><W10/><G42/><T55/><D73/><U128/><E128/><V7/><F133/><W1/><G1/><AGARI ba="1,3" hai="1,4,8,21,26,30,37,38,57,63,67,76,83,86" machi="1" ten="30,7700,0" yaku="1,1,7,1,52,1,53,1" doraHai="80" doraHaiUra="58" who="1" fromWho="3" sc="255,0,225,110,235,0,255,-80" /><INIT seed="1,0,0,5,0,32" ten="255,335,235,175" oya="1" hai0="5,102,30,85,123,8,44,52,61,66,47,104,21" hai1="9,69,77,48,98,29,20,64,16,24,117,3,132" hai2="125,82,15,45,128,70,99,80,51,2,40,0,129" hai3="91,39,84,88,89,71,124,67,27,58,31,133,46"/><U97/><E117/><V127/><F70/><W23/><G133/><T83/><D123/><U38/><E38/><V63/><F63/><W108/><G108/><T96/><D52/><U6/><E132/><V94/><F15/><W12/><G124/><N who="2" m="47689" /><F82/><W56/><G71/><T49/><D49/><U134/><E134/><V14/><F14/><W120/><G120/><T35/><D21/><U116/><E116/><V19/><F19/><W93/><G39/><T106/><D106/><U105/><E105/><V130/><F80/><W28/><G46/><T121/><D121/><U60/><E77/><V53/><F53/><W72/><G72/><T112/><D112/><U90/><E48/><V54/><F54/><W7/><G31/><T50/><D50/><U135/><E135/><V62/><F62/><W109/><G109/><T18/><D18/><U33/><REACH who="1" step="1"/><E90/><AGARI ba="0,0" hai="0,2,40,45,51,90,94,99,128,129,130" m="47689" machi="90" ten="40,8000,1" yaku="19,1,18,1,52,2" doraHai="32" who="2" fromWho="1" sc="255,0,335,-80,235,80,175,0" /><INIT seed="2,0,0,1,5,81" ten="255,255,315,175" oya="2" hai0="120,116,0,67,14,128,2,8,108,55,3,99,1" hai1="130,35,7,106,82,134,30,12,19,58,50,88,85" hai2="127,103,23,105,44,101,121,38,29,40,33,87,72" hai3="83,64,104,129,37,96,24,122,60,57,42,126,63"/><V135/><F72/><W56/><G122/><T124/><D120/><U109/><E109/><V20/><F121/><W115/><G129/><T97/><D108/><U112/><E112/><V79/><F127/><W25/><G126/><T110/><D110/><U4/><E106/><V77/><F33/><W133/><G133/><T89/><D124/><U26/><E130/><V43/><F44/><W22/><G115/><T31/><D116/><U119/><E119/><V123/><F38/><W78/><G37/><T46/><D67/><U107/><E107/><V76/><F76/><W71/><G42/><T10/><D128/><U93/><E134/><V13/><F105/><W70/><G25/><T132/><D132/><U118/><E118/><V62/><F13/><W125/><G125/><T73/><D73/><U48/><E48/><V91/><F91/><W6/><G6/><T94/><D31/><U39/><E39/><V80/><F123/><W47/><G47/><T100/><N who="0" m="0" /><DORA hai="17" /><T86/><D14/><U69/><E69/><V5/><F5/><W51/><G51/><T114/><D114/><U9/><E50/><V27/><F79/><W75/><G96/><N who="0" m="36939" /><D100/><U16/><E4/><V49/><F103/><W111/><G104/><T11/><D46/><U41/><E41/><V98/><F43/><W102/><G102/><T61/><D61/><U15/><E7/><V21/><F40/><W53/><REACH who="3" step="1"/><G111/><REACH who="3" ten="255,255,315,165" step="2"/><T131/><D131/><U34/><E26/><N who="2" m="16583" /><F135/><W117/><G117/><T90/><D90/><U52/><E88/><N who="2" m="51303" /><F101/><W18/><AGARI ba="0,1" hai="18,22,24,53,56,57,60,63,64,70,71,75,78,83" machi="18" ten="20,12000,2" yaku="1,1,0,1,7,1,52,1,53,2" doraHai="81,17" doraHaiUra="59,95" who="3" fromWho="3" sc="255,-30,255,-30,315,-60,165,130" /><INIT seed="3,0,0,2,3,130" ten="225,225,255,295" oya="3" hai0="71,116,133,115,5,134,51,112,95,64,93,9,11" hai1="67,91,129,128,99,86,127,90,28,42,4,55,81" hai2="6,98,12,35,0,132,24,10,48,75,23,20,123" hai3="87,34,70,78,126,110,106,50,73,103,22,45,1"/><W43/><G34/><T92/><D116/><U102/><E67/><V27/><F75/><W121/><G121/><T89/><D89/><N who="1" m="51407" /><E28/><N who="2" m="19847" /><F98/><W131/><G1/><N who="0" m="175" /><D51/><U54/><E42/><V84/><F84/><W57/><G70/><T80/><D80/><U37/><E37/><V47/><F47/><W41/><G126/><T30/><D30/><U26/><E26/><V101/><F101/><W74/><G131/><N who="1" m="50250" /><E4/><V59/><F59/><W21/><G43/><T25/><D25/><U79/><E127/><V119/><F48/><W122/><G57/><T124/><D124/><U135/><E135/><N who="0" m="51721" /><D11/><U105/><E79/><V38/><F38/><W66/><G78/><T19/><D19/><U114/><E114/><V125/><F125/><W113/><G113/><T88/><D88/><AGARI ba="0,0" hai="54,55,88,90,91,99,102,105" m="50250,51407" machi="88" ten="30,2000,0" yaku="19,1,54,1" doraHai="130" who="1" fromWho="0" sc="225,-20,225,20,255,0,295,0" /><INIT seed="4,0,0,2,2,27" ten="205,245,255,295" oya="0" hai0="26,34,105,107,122,65,75,73,49,100,5,92,3" hai1="0,48,2,60,4,77,51,23,10,74,109,21,24" hai2="131,9,16,104,84,71,89,129,102,61,12,1,99" hai3="41,134,22,33,116,83,43,82,81,62,108,120,86"/><T50/><D122/><U29/><E109/><V133/><F133/><W59/><G33/><T44/><D65/><U18/><E0/><V8/><F61/><W110/><G116/><T37/><D37/><U119/><E119/><V80/><REACH who="2" step="1"/><F71/><REACH who="2" ten="205,245,245,295" step="2"/><W125/><G134/><T20/><D107/><U121/><E121/><V91/><F91/><W25/><G120/><T111/><D105/><U96/><E60/><V56/><F56/><W132/><G132/><T45/><D111/><U93/><E77/><V118/><F118/><W130/><G110/><T36/><D36/><U112/><E112/><V28/><F28/><W7/><G59/><T135/><D135/><U19/><E74/><V126/><F126/><W117/><G62/><T54/><D75/><U68/><E68/><V55/><F55/><W90/><G90/><T30/><D73/><U35/><E29/><V46/><F46/><W87/><G125/><T58/><D49/><U103/><E35/><V40/><F40/><W98/><G43/><T64/><D64/><U79/><E79/><V13/><F13/><AGARI ba="0,1" hai="2,4,10,13,18,19,21,23,24,48,51,93,96,103" machi="13" ten="30,1000,0" yaku="7,1" doraHai="27" who="1" fromWho="2" sc="205,0,245,20,245,-10,295,0" /><INIT seed="5,0,0,2,5,37" ten="205,265,235,295" oya="1" hai0="23,31,38,63,115,58,96,122,100,28,83,127,29" hai1="86,77,42,2,75,65,27,133,112,16,129,121,32" hai2="84,119,72,124,111,120,33,18,53,49,103,56,11" hai3="94,128,30,25,76,3,41,70,88,101,19,51,114"/><U135/><E121/><V17/><F72/><W46/><G70/><T36/><D127/><U108/><E2/><V24/><F111/><W1/><G101/><T22/><D115/><U78/><E75/><V48/><F120/><W109/><G109/><T99/><D122/><U35/><E108/><V134/><F119/><W93/><G76/><N who="1" m="29290" /><E65/><V9/><F134/><N who="1" m="51209" /><E86/><V126/><F84/><W123/><G3/><T59/><D83/><U21/><E129/><V60/><F124/><W12/><G1/><T97/><D100/><U57/><E57/><N who="0" m="21513" /><D63/><U20/><E112/><V10/><F103/><W4/><G128/><T64/><D64/><U6/><E6/><V118/><F126/><W117/><G4/><T45/><D45/><U7/><E7/><V0/><F0/><W52/><G117/><T110/><D110/><U50/><E21/><AGARI ba="0,0" hai="21,22,23,28,29,31,36,38,96,97,99" m="21513" machi="21" ten="40,2600,0" yaku="28,2" doraHai="37" who="0" fromWho="1" sc="205,26,265,-26,235,0,295,0" /><INIT seed="6,0,0,1,0,42" ten="231,239,235,295" oya="2" hai0="125,113,72,52,21,83,49,19,65,103,9,86,94" hai1="14,6,25,101,43,56,112,128,117,96,3,114,111" hai2="118,107,71,62,84,4,77,61,12,67,74,24,54" hai3="110,135,50,108,53,131,120,124,64,109,73,35,2"/><V102/><F118/><W41/><G35/><T55/><D113/><N who="1" m="43627" /><E111/><V30/><F74/><W93/><G2/><T75/><D125/><U40/><E3/><V82/><F61/><W60/><G73/><T31/><D65/><U28/><E28/><V13/><F54/><W8/><G8/><T39/><D39/><U130/><E25/><V32/><REACH who="2" step="1"/><F4/><REACH who="2" ten="231,239,225,295" step="2"/><W18/><G53/><T57/><D55/><U59/><E117/><V123/><F123/><W45/><G60/><T132/><D72/><U5/><E5/><V129/><F129/><W88/><G131/><T46/><D75/><U76/><E128/><V127/><F127/><W119/><G124/><T29/><D57/><U99/><E130/><V134/><F134/><W92/><G135/><T44/><D132/><U10/><E59/><V78/><F78/><W81/><G119/><T34/><D34/><U22/><E76/><V105/><F105/><W89/><G109/><T100/><D44/><U47/><E56/><V126/><F126/><W0/><G45/><T68/><D68/><U91/><E47/><V1/><F1/><W63/><G0/><T79/><D9/><U33/><E33/><V48/><F48/><W15/><G50/><T122/><D122/><U36/><E36/><V27/><F27/><W80/><G108/><T121/><D121/><U58/><E58/><V85/><F85/><W7/><G120/><T70/><D70/><U133/><E133/><V98/><AGARI ba="0,1" hai="12,13,24,30,32,62,67,71,77,82,84,98,102,107" machi="98" ten="30,11700,0" yaku="1,1,0,1,25,2,53,0" doraHai="42" doraHaiUra="87" who="2" fromWho="2" sc="231,-39,239,-39,225,127,295,-39" owari="192,-30.8,200,-20.0,352,45.2,256,5.6" /></mjloggm>