<mjloggm ver="2.3"><GO type="225" lobby="0"/><UN n0="%E5%B8%86%E7%AB%8B%E5%A4%8F%E8%A1%A3" n1="%E3%81%95%E3%81%8D%E3%81%9F%E3%81%BE%E6%9E%97%E6%AA%8E" n2="%E6%A1%9C%E8%8A%B1%E9%96%83%E3%80%85" n3="%72%69%6F%75%63%68%61%6E" dan="16,16,16,16" rate="2169.70,2082.66,2222.08,2162.47" sx="M,M,M,M"/><TAIKYOKU oya="0"/><INIT seed="0,0,0,2,2,111" ten="250,250,250,250" oya="0" hai0="94,67,121,30,54,33,56,126,1,92,57,81,29" hai1="27,47,71,120,10,0,97,13,79,93,104,62,89" hai2="25,101,7,76,107,59,112,41,77,61,12,66,135" hai3="108,51,119,115,8,106,68,83,69,118,95,114,37"/><T18/><D121/><U43/><E120/><V102/><F135/><W3/><G106/><T60/><D1/><U14/><E104/><V52/><F41/><W2/><G95/><N who="0" m="36395" /><D33/><U105/><E105/><V134/><F134/><W28/><G51/><N who="0" m="30815" /><D126/><U64/><E79/><N who="2" m="30283" /><F112/><N who="3" m="43051" /><G83/><T46/><D81/><U70/><E70/><N who="3" m="27242" /><G28/><T113/><D113/><U117/><E117/><N who="3" m="44554" /><G108/><T110/><D46/><U19/><E0/><N who="3" m="42" /><G8/><T16/><D110/><U96/><E96/><V23/><F107/><W22/><G22/><T58/><D58/><U125/><E125/><V9/><F52/><W6/><G6/><T34/><D34/><U122/><E122/><V39/><F23/><W88/><G37/><T75/><D30/><U63/><E10/><V116/><F39/><W11/><G11/><T73/><D29/><U99/><E71/><V65/><F116/><W17/><G17/><T127/><D18/><U38/><E38/><V45/><F45/><W78/><G78/><T80/><D16/><U132/><E19/><V44/><F44/><W32/><G32/><T74/><D80/><U48/><E47/><V84/><F7/><W129/><G129/><T35/><D35/><U91/><E93/><V5/><F5/><W36/><G36/><T133/><D133/><U53/><E132/><V98/><F9/><W90/><AGARI ba="0,0" hai="88,90" m="42,44554,27242,43051" machi="90" ten="40,12000,2" yaku="28,2,52,3,54,1" doraHai="111" who="3" fromWho="3" sc="250,-60,250,-30,250,-30,250,120" /><INIT seed="1,0,0,1,0,82" ten="190,220,220,370" oya="1" hai0="132,106,131,83,70,92,17,63,40,19,80,21,55" hai1="116,11,69,15,99,10,12,87,105,44,20,13,110" hai2="2,1,108,65,94,74,3,126,26,133,46,37,42" hai3="115,101,114,4,124,93,29,112,135,61,68,5,100"/><U76/><E116/><V122/><F122/><W58/><G124/><T85/><D106/><U96/><E110/><V23/><F108/><W32/><G135/><T45/><D131/><U103/><E69/><V31/><F126/><W109/><G109/><T54/><D132/><U102/><E20/><V98/><F133/><W60/><G68/><T91/><D70/><U128/><E128/><V57/><F74/><W95/><G29/><T14/><D19/><U22/><E22/><V121/><F121/><W59/><REACH who="3" step="1"/><G112/><REACH who="3" ten="190,220,220,360" step="2"/><T73/><D73/><U51/><E10/><V36/><F36/><W48/><G48/><N who="0" m="26663" /><D63/><U6/><E11/><V125/><F125/><W134/><G134/><T7/><D7/><U104/><E6/><V27/><F31/><W49/><G49/><T53/><AGARI ba="0,1" hai="14,17,21,53,54,55,80,83,85,91,92" m="26663" machi="53" ten="30,2000,0" yaku="8,1,52,1" doraHai="82" who="0" fromWho="0" sc="190,30,220,-10,220,-5,360,-5" /><INIT seed="2,0,0,2,4,49" ten="220,210,215,355" oya="2" hai0="36,79,22,74,121,125,128,8,7,70,27,34,2" hai1="111,64,126,62,88,133,51,6,23,10,60,100,129" hai2="9,63,37,106,43,4,17,99,53,58,54,68,89" hai3="105,20,56,127,24,40,93,90,47,1,118,61,132"/><V15/><F68/><W94/><G118/><T14/><D121/><U38/><E38/><V116/><F116/><W113/><G105/><T102/><D70/><U110/><E100/><V120/><F120/><W21/><G1/><T78/><D128/><U124/><E129/><V122/><F122/><W25/><G127/><N who="1" m="48682" /><E133/><V0/><F37/><W103/><G132/><T18/><D125/><U134/><E134/><V59/><F43/><W85/><G113/><T42/><D102/><U72/><E72/><V35/><F35/><W16/><G103/><T98/><D98/><U81/><E23/><V86/><F99/><W44/><G94/><T80/><D78/><U135/><E135/><V3/><F106/><W104/><G104/><T65/><D65/><U108/><E51/><V97/><F97/><W109/><G109/><T73/><D73/><U66/><E66/><V41/><F41/><W30/><G40/><T107/><D107/><U28/><E28/><V115/><F115/><W39/><G39/><T13/><D34/><U52/><E64/><AGARI ba="0,0" hai="16,20,21,24,25,30,44,47,56,61,64,85,90,93" machi="64" ten="30,3900,0" yaku="7,1,8,1,54,1" doraHai="49" who="3" fromWho="1" sc="220,0,210,-39,215,0,355,39" /><INIT seed="3,0,0,4,5,67" ten="220,171,215,394" oya="3" hai0="120,25,131,129,88,43,118,60,41,93,72,11,97" hai1="29,96,130,39,115,42,55,61,28,89,17,119,54" hai2="100,66,26,37,5,36,33,95,87,84,112,94,103" hai3="9,133,82,49,71,47,7,53,45,69,81,10,125"/><W86/><G125/><T12/><D118/><U4/><E115/><V134/><F112/><W101/><G133/><T73/><D25/><U23/><E4/><V19/><F5/><W16/><G101/><N who="2" m="38985" /><F33/><W56/><G71/><T50/><D60/><U3/><E3/><V13/><F66/><W40/><G69/><T14/><D120/><U22/><E130/><N who="0" m="49673" /><D50/><U21/><E119/><V18/><F134/><W124/><G124/><T102/><D88/><U90/><E39/><N who="2" m="14923" /><F13/><N who="0" m="5226" /><D11/><N who="3" m="4105" /><G7/><T83/><D83/><N who="3" m="31753" /><G40/><AGARI ba="0,0" hai="40,41,43,72,73,93,97,102" m="5226,49673" machi="40" ten="30,1000,0" yaku="19,1" doraHai="67" who="0" fromWho="3" sc="220,10,171,0,215,0,394,-10" owari="230,3.0,171,-32.9,215,-18.5,384,48.4" /></mjloggm>