<mjloggm ver="2.3"><GO type="225" lobby="0"/><UN n0="%E5%AF%82%E5%AF%9E%E3%82%AE%E3%83%8D%E3%82%B9%E3%83%93%E3%83%BC%E3%83%AB" n1="%E6%B8%A9%E2%98%85%E6%83%85%E2%98%85%E6%8E%AA%E2%98%85%E7%BD%AE" n2="%72%61%6B%33" n3="%E7%B4%94%E6%BD%94%E3%83%94%E3%83%A9%E3%83%8B%E3%82%A2" dan="16,16,18,18" rate="2140.48,2129.51,2198.57,2218.21" sx="M,M,M,M"/><TAIKYOKU oya="0"/><INIT seed="0,0,0,0,5,53" ten="250,250,250,250" oya="0" hai0="111,57,38,130,61,14,75,33,108,99,73,55,126" hai1="65,105,60,92,91,69,74,88,6,52,56,128,67" hai2="110,9,113,100,131,125,12,16,39,59,10,37,85" hai3="112,132,5,133,47,27,118,121,40,13,58,122,3"/><T31/><D38/><U29/><E105/><V98/><F113/><W34/><G112/><T134/><D130/><U18/><E74/><V117/><F131/><W106/><G106/><T123/><D123/><N who="3" m="47113" /><G118/><T54/><D134/><N who="3" m="51817" /><G58/><N who="0" m="35031" /><D126/><U80/><E128/><V17/><F125/><W36/><G13/><T82/><D99/><N who="1" m="57735" /><E69/><V97/><F117/><W28/><G5/><T84/><D14/><U93/><E6/><V90/><F110/><N who="0" m="42026" /><D31/><U50/><E29/><V103/><F12/><W26/><G27/><T79/><D33/><U76/><E18/><V109/><F109/><W51/><G51/><AGARI ba="0,0" hai="51,55,57,73,75,79,82,84" m="42026,35031" machi="51" ten="30,11600,0" yaku="14,1,10,1,52,2" doraHai="53" who="0" fromWho="3" sc="250,116,250,0,250,0,250,-116" /><INIT seed="0,1,0,2,1,3" ten="366,250,250,134" oya="0" hai0="103,44,112,42,27,80,90,54,47,6,81,19,59" hai1="22,25,12,70,109,93,35,43,7,72,14,78,121" hai2="102,94,82,77,64,20,118,92,104,15,135,18,79" hai3="63,89,98,11,75,40,127,95,61,17,52,116,114"/><T66/><D112/><U117/><E121/><V111/><F111/><W131/><G75/><T110/><D110/><U124/><E117/><V38/><F135/><W1/><G114/><T32/><D66/><U100/><E70/><V73/><F118/><W86/><G116/><T26/><D103/><U57/><E35/><V122/><F122/><W115/><G115/><T123/><D123/><U101/><E109/><V48/><F38/><W31/><G40/><T106/><D106/><U96/><E124/><V126/><F126/><W23/><G127/><T8/><D32/><U56/><E43/><V97/><F79/><W113/><G113/><T5/><D90/><U37/><E37/><V69/><REACH who="2" step="1"/><F48/><REACH who="2" ten="366,250,240,134" step="2"/><W21/><G131/><T107/><D107/><U24/><E78/><V119/><F119/><W83/><G31/><T9/><D42/><U16/><E72/><V88/><F88/><W128/><G128/><T58/><D54/><U0/><E101/><V129/><F129/><W53/><G52/><T28/><D28/><U55/><E55/><V2/><F2/><W51/><G1/><T29/><D29/><U134/><E0/><V130/><F130/><W87/><G51/><T74/><D74/><U99/><E134/><V34/><F34/><W30/><G30/><T60/><D60/><AGARI ba="1,1" hai="15,18,20,60,64,69,73,77,82,92,94,97,102,104" machi="60" ten="40,1300,0" yaku="1,1,53,0" doraHai="3" doraHaiUra="85" who="2" fromWho="0" sc="366,-16,250,0,240,26,134,0" /><INIT seed="1,0,0,5,4,58" ten="350,250,266,134" oya="1" hai0="7,3,47,107,76,42,45,25,44,27,113,83,30" hai1="90,121,52,85,5,36,17,23,78,93,65,100,33" hai2="131,77,1,57,8,29,63,133,59,128,15,62,124" hai3="106,114,88,56,80,10,72,86,41,132,37,64,91"/><U120/><E33/><V50/><F124/><W68/><G114/><T35/><D107/><U129/><E36/><V53/><F133/><W87/><G132/><T38/><D27/><U70/><E129/><V75/><F1/><W116/><G116/><T119/><D113/><U39/><E39/><V14/><F29/><W127/><G127/><T6/><D119/><U31/><E31/><V73/><F50/><W0/><G72/><N who="0" m="43399" /><D7/><U21/><E100/><V101/><F101/><W81/><G106/><T20/><D20/><U115/><E115/><V89/><F89/><W104/><G104/><T122/><D122/><U130/><E130/><N who="2" m="49707" /><F77/><W49/><G68/><T102/><D102/><U118/><E78/><V126/><F126/><W4/><G37/><T98/><D98/><U48/><E5/><N who="2" m="3343" /><F15/><W79/><G79/><T61/><D6/><U19/><E118/><V40/><F40/><W94/><G94/><T97/><D3/><U11/><E11/><V105/><F105/><W110/><G41/><T84/><D42/><U9/><E9/><V2/><F2/><W134/><G134/><T22/><D38/><U103/><E103/><V99/><F99/><W123/><G123/><T108/><D97/><U109/><E121/><V55/><AGARI ba="0,0" hai="53,55,57,59,62,63,73,75" m="3343,49707" machi="55" ten="30,4000,0" yaku="19,1,52,2" doraHai="58" who="2" fromWho="2" sc="350,-10,250,-20,266,40,134,-10" /><INIT seed="2,0,0,3,2,80" ten="340,230,306,124" oya="2" hai0="128,52,124,33,87,77,116,111,2,32,100,20,61" hai1="36,3,74,131,22,119,127,9,122,34,90,54,125" hai2="95,114,19,26,60,14,99,55,75,69,117,88,129" hai3="97,133,4,1,7,110,48,5,10,134,59,83,23"/><V27/><F129/><W62/><G110/><T118/><D111/><U35/><E54/><V56/><F114/><W38/><G38/><T18/><D2/><U105/><E90/><V93/><F117/><N who="0" m="45162" /><D100/><U44/><E44/><V16/><F75/><W57/><G97/><T94/><D124/><U120/><E74/><V17/><F69/><W24/><G48/><T39/><D39/><U108/><E105/><V112/><F112/><W68/><G68/><T11/><D11/><U106/><E106/><V85/><F14/><W49/><G49/><T58/><D128/><U115/><E36/><V15/><F15/><W107/><G107/><T109/><D109/><U71/><E71/><V41/><F41/><W123/><G123/><N who="1" m="47146" /><E115/><V91/><AGARI ba="0,0" hai="16,17,19,26,27,55,56,60,85,88,91,93,95,99" machi="91" ten="30,12000,1" yaku="0,1,8,1,52,1,54,2" doraHai="80" who="2" fromWho="2" sc="340,-40,230,-40,306,120,124,-40" /><INIT seed="2,1,0,5,0,82" ten="300,190,426,84" oya="2" hai0="36,62,39,54,72,119,95,91,47,56,2,88,124" hai1="33,6,28,102,37,127,104,126,89,73,10,133,40" hai2="26,130,69,13,32,114,19,107,31,1,129,109,43" hai3="94,0,25,34,75,117,76,60,98,4,121,44,85"/><V113/><F69/><W15/><G117/><T8/><D119/><U41/><E73/><V132/><F43/><W74/><G121/><T84/><D124/><N who="1" m="47659" /><E133/><V115/><F107/><W58/><G0/><T23/><D72/><U116/><E37/><V108/><F1/><W42/><G34/><T61/><D23/><U111/><E111/><N who="2" m="42571" /><F132/><W63/><G25/><T29/><D29/><U106/><E116/><V66/><F66/><W135/><G74/><T55/><D91/><U87/><E28/><V50/><F50/><W20/><G75/><T22/><D22/><AGARI ba="1,0" hai="13,19,22,26,31,32,113,114,115,129,130" m="42571" machi="22" ten="40,12000,1" yaku="14,1,10,1,34,2" doraHai="82" who="2" fromWho="0" sc="300,-123,190,0,426,123,84,0" /><INIT seed="2,2,0,0,1,49" ten="177,190,549,84" oya="2" hai0="9,67,107,83,57,62,61,81,112,5,114,23,66" hai1="32,14,15,133,53,50,46,18,16,38,130,19,28" hai2="44,29,54,42,129,4,104,24,7,77,102,21,118" hai3="126,51,22,70,113,48,55,94,60,13,31,33,58"/><V82/><F129/><W131/><G113/><T65/><D107/><U84/><E130/><V123/><F118/><W17/><G131/><T124/><D124/><U117/><E117/><V20/><F123/><W63/><G126/><T88/><D23/><U95/><E38/><V6/><F104/><W45/><G33/><T90/><D67/><U103/><E133/><V105/><F105/><W120/><G120/><T35/><D35/><U25/><REACH who="1" step="1"/><E84/><REACH who="1" ten="177,180,549,84" step="2"/><V64/><F4/><W10/><G70/><T56/><D9/><U40/><E40/><V71/><F6/><AGARI ba="2,1" hai="5,6,56,57,61,62,65,66,81,83,88,90,112,114" machi="6" ten="25,3200,0" yaku="22,2,54,1" doraHai="49" who="0" fromWho="2" sc="177,48,180,0,549,-38,84,0" /><INIT seed="3,0,0,0,1,131" ten="225,180,511,84" oya="3" hai0="44,67,118,45,48,59,20,25,26,10,69,120,53" hai1="13,91,108,60,127,57,85,46,79,96,89,41,64" hai2="0,100,98,84,88,5,90,54,104,68,65,126,22" hai3="101,82,122,29,86,30,16,1,110,4,75,2,12"/><W49/><G122/><T93/><D118/><U135/><E108/><V81/><F0/><W43/><G110/><T50/><D120/><U70/><E127/><V37/><F126/><W92/><G75/><T66/><D69/><U76/><E70/><V58/><F5/><W113/><G113/><T112/><D112/><U111/><E111/><V28/><F37/><W23/><G1/><T73/><D73/><U32/><E32/><V17/><F28/><W55/><G43/><N who="0" m="24607" /><D10/><U63/><E63/><V62/><F90/><N who="3" m="51543" /><G2/><T103/><D45/><U123/><E123/><V35/><F35/><W77/><G77/><T106/><D106/><U9/><E135/><V119/><F119/><W72/><G72/><T125/><D125/><U31/><E31/><N who="3" m="11786" /><G4/><T52/><D53/><U129/><E129/><V6/><F6/><W21/><G21/><T56/><D20/><U18/><E96/><V78/><F78/><W105/><G105/><T97/><D67/><U107/><E107/><V3/><F3/><W74/><G74/><T19/><D19/><U124/><E124/><V14/><F68/><W36/><G36/><T121/><D121/><U24/><E24/><V132/><F132/><W130/><G130/><T33/><D33/><U102/><E91/><V115/><F115/><W7/><G7/><T42/><D25/><U8/><E8/><V38/><F38/><W128/><G128/><T34/><D26/><U87/><E102/><V39/><F39/><W134/><G134/><T11/><D34/><U116/><E116/><V94/><F104/><W15/><G15/><T133/><D133/><RYUUKYOKU ba="0,0" sc="225,-10,180,-10,511,30,84,-10" hai2="14,17,22,54,58,62,65,81,84,88,94,98,100" owari="215,1.5,170,-23.0,541,64.1,74,-42.6" /></mjloggm>