<mjloggm ver="2.3"><GO type="225" lobby="0"/><UN n0="%E3%82%B5%E3%83%AB%E3%82%B7%E3%83%B3" n1="%E9%80%9F%E6%B0%B4%E5%87%9B%E9%A6%99" n2="%33%74%72%65%65" n3="%73%6C%69%63%6B%33%31%39" dan="16,16,17,17" rate="2114.68,2130.61,2148.14,2148.54" sx="M,F,F,M"/><TAIKYOKU oya="0"/><INIT seed="0,0,0,1,4,51" ten="250,250,250,250" oya="0" hai0="37,108,65,45,83,92,16,133,109,98,123,55,19" hai1="129,79,2,6,91,17,120,99,43,66,113,11,5" hai2="96,71,128,70,82,101,34,131,67,81,0,28,95" hai3="47,122,84,76,32,77,60,50,35,40,130,90,111"/><T107/><D123/><U10/><E120/><V27/><F0/><W68/><G122/><T134/><D107/><U3/><E129/><N who="2" m="49739" /><F67/><W41/><G130/><T44/><D83/><AGARI ba="0,0" hai="27,28,34,70,71,81,82,83,95,96,101" m="49739" machi="83" ten="30,1000,0" yaku="19,1" doraHai="51" who="2" fromWho="0" sc="250,-10,250,0,250,10,250,0" /><INIT seed="1,0,0,4,0,31" ten="240,250,260,250" oya="1" hai0="59,77,0,34,49,75,132,120,123,13,72,20,70" hai1="99,98,97,85,71,119,5,57,117,79,32,87,50" hai2="2,107,11,127,24,9,112,109,121,124,122,125,116" hai3="36,52,28,118,39,15,61,134,92,42,105,54,104"/><U111/><E71/><V94/><F107/><W131/><G131/><T68/><D0/><U133/><E5/><N who="2" m="1207" /><F94/><W62/><G28/><T27/><D132/><U128/><E128/><V129/><F129/><W93/><G15/><T78/><D13/><U3/><E3/><V73/><F73/><N who="0" m="28234" /><D59/><U45/><E57/><V53/><F53/><W40/><REACH who="3" step="1"/><G134/><REACH who="3" ten="240,250,260,240" step="2"/><T56/><D70/><U23/><E133/><V55/><F122/><N who="0" m="46634" /><D68/><U18/><E119/><AGARI ba="0,1" hai="36,39,40,42,52,54,61,62,92,93,104,105,118,119" machi="119" ten="25,12000,2" yaku="1,1,22,2,54,1,53,2" doraHai="31" doraHaiUra="90" who="3" fromWho="1" sc="240,0,250,-120,260,0,240,130" /><INIT seed="2,0,0,5,5,103" ten="240,130,260,370" oya="2" hai0="93,88,49,5,37,15,1,83,102,67,51,60,77" hai1="76,85,52,7,45,100,104,92,110,130,123,127,10" hai2="31,111,24,28,120,41,65,131,34,119,43,98,4" hai3="35,29,128,73,47,20,68,69,108,53,132,36,99"/><V13/><F119/><W94/><G73/><T0/><D37/><U114/><E114/><V58/><F120/><W3/><G3/><T6/><D102/><U39/><E123/><V16/><F131/><W118/><G118/><T129/><D129/><U54/><E130/><V115/><F115/><W44/><G128/><T12/><D1/><U38/><E110/><V74/><F74/><W82/><G35/><T90/><D0/><U79/><E127/><V112/><F112/><W126/><G108/><T80/><D60/><U19/><E19/><V78/><F78/><W30/><G82/><T86/><D67/><U25/><E25/><V23/><F111/><W22/><G53/><T117/><D117/><U63/><E63/><N who="2" m="38135" /><F34/><W70/><G126/><T105/><D105/><U48/><E79/><V125/><F125/><W71/><G71/><T101/><D101/><U17/><E17/><N who="2" m="12399" /><F4/><W87/><G36/><T14/><D90/><U84/><E76/><V75/><F75/><W27/><G69/><T109/><D109/><U124/><E124/><V32/><F32/><W2/><G68/><T133/><D133/><U72/><E72/><V21/><F98/><W56/><G70/><T42/><D80/><U33/><E33/><V57/><F57/><W81/><G56/><T50/><REACH who="0" step="1"/><D42/><AGARI ba="0,0" hai="13,16,21,28,31,41,42,43" m="12399,38135" machi="42" ten="30,2900,0" yaku="8,1,54,1" doraHai="103" who="2" fromWho="0" sc="240,-29,130,0,260,29,370,0" /><INIT seed="2,1,0,3,5,58" ten="211,130,289,370" oya="2" hai0="34,131,81,13,0,42,48,103,79,93,125,87,133" hai1="22,83,30,82,21,107,56,115,64,9,40,10,37" hai2="50,112,119,38,44,55,32,84,47,104,123,35,100" hai3="130,106,41,26,109,98,126,33,20,61,28,92,7"/><V54/><F123/><W51/><G109/><T18/><D131/><U108/><E107/><V121/><F121/><W117/><G117/><T62/><D34/><U91/><E115/><V77/><F119/><W63/><G106/><T89/><D0/><U16/><E40/><V73/><F73/><W124/><G7/><T65/><D133/><U102/><E37/><V43/><F112/><W111/><G111/><T120/><D125/><N who="3" m="48233" /><G33/><T45/><D103/><U3/><E102/><V1/><F1/><W4/><G4/><T14/><D18/><U60/><E108/><V31/><F31/><W8/><G8/><N who="1" m="3178" /><E3/><V97/><F55/><W17/><G17/><T11/><D11/><U46/><E46/><V23/><F23/><W78/><G78/><T5/><D5/><U80/><E30/><V59/><F44/><N who="3" m="25999" /><G130/><T71/><REACH who="0" step="1"/><D120/><REACH who="0" ten="201,130,289,370" step="2"/><U114/><E114/><V135/><F135/><W122/><G122/><T86/><AGARI ba="1,1" hai="13,14,42,45,48,62,65,71,79,81,86,87,89,93" machi="86" ten="20,8000,1" yaku="1,1,2,1,0,1,7,1,52,1,53,0" doraHai="58" doraHaiUra="29" who="0" fromWho="0" sc="201,93,130,-21,289,-41,370,-21" /><INIT seed="3,0,0,4,0,20" ten="294,109,248,349" oya="3" hai0="61,49,46,32,128,69,115,103,83,73,94,8,74" hai1="28,125,11,17,124,80,30,23,19,91,104,9,62" hai2="59,79,98,120,89,92,72,47,95,55,65,1,12" hai3="56,43,123,84,114,44,111,93,5,24,31,78,119"/><W3/><G114/><T97/><D128/><U90/><E80/><V122/><F1/><W7/><G119/><T87/><D115/><U2/><E62/><V135/><F135/><W118/><G118/><T6/><D32/><U102/><E102/><V33/><F33/><W134/><G123/><T101/><D69/><U40/><E40/><V100/><F65/><W58/><G134/><T66/><D61/><U63/><E63/><V75/><F47/><W113/><G113/><T107/><D107/><U109/><E104/><V133/><F133/><W108/><G93/><T86/><D86/><U4/><E91/><V64/><F64/><W70/><G84/><T45/><D45/><U35/><E90/><V77/><F12/><W105/><G78/><N who="2" m="29705" /><F55/><W26/><G105/><T21/><D103/><U99/><E99/><N who="2" m="59495" /><F59/><N who="3" m="22571" /><G70/><T39/><D39/><U129/><E35/><V67/><F67/><W53/><G53/><T112/><D49/><U36/><E36/><V116/><F116/><W48/><G31/><T76/><D46/><U13/><E129/><V14/><F14/><W127/><G48/><T15/><D66/><U81/><E81/><V22/><F122/><W50/><G50/><T130/><D112/><U57/><E57/><V132/><F120/><W52/><G44/><T126/><D101/><U60/><E60/><V38/><F38/><W106/><G5/><T0/><D6/><U34/><E109/><V41/><F41/><W110/><G7/><T25/><D83/><U16/><E34/><V71/><F132/><W96/><G108/><T10/><D76/><U121/><E121/><RYUUKYOKU ba="0,0" sc="294,0,109,0,248,0,349,0" owari="294,9.4,109,-39.1,248,-15.2,349,44.9" /></mjloggm>