<mjloggm ver="2.3"><GO type="225" lobby="0"/><UN n0="%E3%82%82%E3%81%90%E3%82%89" n1="%E3%81%86%E3%81%A3%E3%81%97%E3%83%BC%30%30" n2="%E5%BE%AE%E5%B7%AE%E3%81%AE%E4%BD%95%E5%88%87%E3%82%8B%EF%BC%9C%E9%81%8B" n3="%73%75%7A%75%6D%65%33" dan="17,16,17,17" rate="2206.25,2107.17,2174.94,2181.72" sx="M,M,M,M"/><TAIKYOKU oya="0"/><INIT seed="0,0,0,1,0,101" ten="250,250,250,250" oya="0" hai0="90,71,70,84,121,26,133,77,57,112,10,0,49" hai1="122,124,5,1,79,8,13,52,130,4,93,65,66" hai2="82,118,68,103,14,63,98,15,69,31,86,128,36" hai3="34,45,113,9,102,60,35,51,23,132,107,17,3"/><T85/><D121/><U41/><E122/><V83/><F128/><W7/><G113/><T73/><D112/><U16/><E130/><V109/><F109/><W20/><G132/><T80/><D133/><U95/><E124/><V116/><F36/><W78/><G78/><T75/><D26/><U29/><E41/><V110/><F110/><W48/><G60/><T96/><D96/><U120/><E120/><V42/><F42/><W59/><G59/><T115/><D115/><U56/><E29/><V88/><F31/><W135/><G135/><T87/><D87/><U105/><E105/><V39/><F82/><W18/><G102/><T37/><D37/><U54/><E79/><V111/><F39/><W27/><G107/><T106/><D106/><U64/><E54/><V2/><F2/><W24/><REACH who="3" step="1"/><G51/><REACH who="3" ten="250,250,250,240" step="2"/><T61/><D49/><N who="1" m="30735" /><E1/><V97/><F111/><W74/><G74/><T50/><D50/><U25/><E25/><V38/><F38/><W11/><G11/><T55/><D71/><U92/><AGARI ba="0,1" hai="4,5,8,13,16,64,65,66,92,93,95" m="30735" machi="92" ten="30,4000,0" yaku="8,1,54,2" doraHai="101" who="1" fromWho="1" sc="250,-20,250,50,250,-10,240,-10" /><INIT seed="1,0,0,3,4,54" ten="230,300,240,230" oya="1" hai0="100,32,108,67,9,46,34,21,17,29,75,59,101" hai1="4,63,41,95,11,115,86,103,37,133,114,22,27" hai2="105,125,40,93,56,55,48,120,53,98,128,99,131" hai3="50,57,132,39,69,62,83,72,60,44,106,15,24"/><U26/><E133/><V0/><F120/><W49/><G106/><T126/><D75/><U94/><E37/><V122/><F122/><W127/><G127/><T76/><D126/><U79/><E41/><V74/><F125/><W45/><G132/><T84/><D108/><U134/><E134/><V70/><F70/><W2/><G2/><T28/><D34/><U90/><E79/><V116/><F74/><W112/><G15/><N who="0" m="7407" /><D32/><U87/><E63/><V38/><F0/><W111/><G24/><N who="0" m="16399" /><D29/><U19/><E26/><V12/><F116/><W88/><G111/><T121/><D121/><U118/><E118/><V78/><F38/><W77/><G112/><T65/><D46/><U96/><REACH who="1" step="1"/><E86/><REACH who="1" ten="230,290,240,230" step="2"/><V110/><F110/><W124/><G124/><T64/><D84/><U18/><E18/><V16/><F131/><W7/><G39/><T117/><D76/><U42/><E42/><V109/><F128/><W104/><G62/><N who="0" m="38367" /><D117/><U31/><E31/><V89/><F109/><W35/><G77/><T10/><D10/><U130/><E130/><V123/><F123/><W8/><G8/><T51/><D51/><U25/><E25/><V102/><F78/><W5/><G49/><T1/><D1/><AGARI ba="0,1" hai="1,4,11,19,22,27,87,90,94,95,96,103,114,115" machi="1" ten="30,2900,0" yaku="1,1,7,1,53,0" doraHai="54" doraHaiUra="58" who="1" fromWho="0" sc="230,-29,290,39,240,0,230,0" /><INIT seed="1,1,0,4,4,109" ten="201,329,240,230" oya="1" hai0="71,60,0,133,95,48,86,37,74,108,39,115,89" hai1="19,45,125,11,27,9,43,76,41,91,26,2,22" hai2="80,135,65,4,81,51,46,62,114,44,36,123,67" hai3="107,24,79,49,35,42,28,70,134,96,10,83,57"/><U58/><E125/><V116/><F4/><W106/><G134/><T40/><D74/><U63/><E76/><V56/><F135/><W128/><G70/><T30/><D133/><U15/><E2/><V93/><F93/><W25/><G128/><T20/><D0/><U68/><E68/><V129/><F81/><W97/><G10/><T31/><D108/><U75/><E75/><V8/><F80/><W32/><G42/><T12/><D115/><U1/><E1/><V29/><F8/><W90/><G49/><T126/><D126/><U50/><E43/><N who="2" m="22631" /><F29/><W78/><G57/><T85/><D85/><U6/><E91/><V64/><F129/><W104/><G90/><T131/><D131/><U23/><E6/><V52/><F123/><W54/><G54/><T72/><D72/><U55/><REACH who="1" step="1"/><E15/><REACH who="1" ten="201,319,240,230" step="2"/><V7/><F7/><W100/><G78/><T102/><D40/><U101/><E101/><V33/><F116/><W13/><G13/><T117/><D102/><U47/><E47/><V21/><F33/><W84/><G100/><T82/><D117/><U113/><E113/><V121/><F121/><W103/><G103/><T119/><D119/><U111/><E111/><V112/><F21/><W5/><G5/><T87/><D20/><U127/><E127/><V73/><F73/><W130/><G130/><T77/><D77/><U69/><E69/><V105/><F105/><W66/><G32/><T38/><D71/><U124/><E124/><V16/><F16/><AGARI ba="1,1" hai="9,11,16,19,22,23,26,27,41,45,50,55,58,63" machi="16" ten="30,12000,1" yaku="1,1,7,1,9,1,8,1,54,1,53,0" doraHai="109" doraHaiUra="118" who="1" fromWho="2" sc="201,0,319,133,240,-123,230,0" /><INIT seed="1,2,0,4,5,114" ten="201,452,117,230" oya="1" hai0="52,101,103,134,72,131,18,113,106,50,56,60,4" hai1="94,133,102,79,7,45,109,53,46,69,84,81,70" hai2="64,86,2,36,26,130,13,32,8,99,112,119,73" hai3="25,75,30,104,24,118,88,127,0,129,20,107,122"/><U128/><E128/><V92/><F73/><W115/><G115/><T15/><D113/><U19/><E133/><V22/><F112/><W5/><G129/><T39/><D39/><U11/><E109/><V67/><F130/><W41/><G122/><T66/><D131/><U117/><E19/><V126/><F126/><W135/><G75/><T10/><D72/><U61/><E117/><V16/><F36/><W37/><G135/><T125/><D125/><U132/><E132/><V49/><F119/><W58/><G127/><T35/><D35/><U123/><E123/><V3/><F3/><W28/><G118/><T85/><D134/><U82/><E82/><V14/><F86/><W110/><G110/><T68/><D106/><U55/><E46/><V48/><F2/><W6/><G0/><T57/><D85/><U29/><E29/><V80/><F32/><W105/><G58/><T59/><REACH who="0" step="1"/><D18/><REACH who="0" ten="191,452,117,230" step="2"/><U90/><E84/><V47/><F80/><W111/><G111/><T38/><D38/><U89/><E81/><V78/><F78/><W62/><G37/><T121/><D121/><U71/><E79/><V93/><F99/><W120/><G120/><T63/><D63/><U74/><E61/><V91/><F49/><W54/><G62/><T33/><D33/><U77/><E77/><V98/><F93/><W9/><G105/><T76/><D76/><U27/><E94/><V17/><REACH who="2" step="1"/><F26/><REACH who="2" ten="191,452,107,230" step="2"/><W1/><G107/><T124/><D124/><U12/><E27/><V108/><F108/><W100/><G104/><T87/><D87/><U51/><E74/><V96/><F96/><RYUUKYOKU ba="2,2" sc="191,15,452,-15,107,15,230,-15" hai0="4,10,15,50,52,56,57,59,60,66,68,101,103" hai2="8,13,14,16,17,22,47,48,64,67,91,92,98" /><INIT seed="2,3,2,0,5,5" ten="206,437,122,215" oya="2" hai0="100,50,92,7,65,58,87,45,71,113,8,102,23" hai1="68,107,129,132,73,75,93,70,77,12,99,21,17" hai2="37,112,22,30,84,3,123,127,33,126,114,59,49" hai3="60,55,121,89,83,124,56,40,104,2,1,82,43"/><V19/><F37/><W46/><G121/><T101/><D71/><U79/><E107/><V62/><F84/><W67/><G104/><T54/><D113/><U85/><E132/><V135/><F49/><N who="3" m="29111" /><G1/><T20/><D87/><U31/><E129/><V96/><F96/><W109/><G2/><T6/><D92/><U16/><E31/><V66/><F123/><W98/><G124/><N who="2" m="47657" /><F3/><W103/><G103/><T120/><D6/><U38/><E38/><V95/><F135/><W4/><G4/><T88/><D88/><U115/><E115/><V52/><F95/><N who="3" m="56687" /><G109/><T13/><D120/><U41/><E85/><V91/><F91/><W90/><G90/><T28/><D28/><U110/><E110/><V34/><F30/><W78/><G78/><T125/><D125/><U63/><E79/><V131/><F131/><W15/><G15/><T47/><D65/><U94/><E77/><V80/><F66/><W11/><G11/><T29/><D23/><U27/><E75/><V42/><F42/><AGARI ba="3,2" hai="40,42,43,56,60,67,82,83" m="56687,29111" machi="42" ten="30,1000,0" yaku="8,1" doraHai="5" who="3" fromWho="2" sc="206,0,437,0,122,-19,215,39" /><INIT seed="3,0,0,3,0,69" ten="206,437,103,254" oya="3" hai0="104,0,47,50,37,71,83,99,92,51,70,59,120" hai1="43,102,44,96,81,27,39,63,56,24,78,17,28" hai2="132,4,34,112,6,103,74,20,29,68,106,127,75" hai3="116,46,23,122,79,31,36,89,40,38,12,67,3"/><W84/><G122/><T25/><D0/><U118/><E118/><V135/><F20/><W16/><G116/><T100/><D120/><U22/><E81/><V101/><F68/><W5/><G79/><T55/><D83/><U87/><E87/><V19/><F19/><W49/><G67/><T114/><D114/><U66/><E78/><V113/><F127/><W9/><G31/><T124/><D124/><U115/><E115/><V10/><F29/><W125/><G125/><T57/><D25/><U32/><E96/><V7/><F10/><W62/><G62/><T95/><D104/><U109/><E102/><V42/><F42/><W134/><G134/><T21/><D21/><U130/><E109/><V53/><F7/><W131/><G131/><T129/><D129/><U123/><E130/><V11/><F11/><W41/><G40/><T14/><D14/><U91/><E91/><V18/><F18/><W86/><G86/><T98/><D47/><U35/><E123/><V105/><REACH who="2" step="1"/><F53/><REACH who="2" ten="206,437,93,254" step="2"/><W1/><G1/><T85/><D55/><U60/><E60/><V54/><F54/><W65/><G65/><T30/><D30/><U26/><E26/><V128/><F128/><W48/><G48/><T126/><D126/><U77/><E77/><V64/><F64/><W88/><G3/><T121/><D70/><U52/><E66/><V13/><F13/><W107/><G5/><T111/><D71/><U76/><E76/><V90/><F90/><W45/><G12/><T110/><D121/><U82/><E52/><V73/><F73/><W15/><G15/><T61/><D61/><RYUUKYOKU ba="0,1" sc="206,-10,437,-10,93,30,254,-10" hai2="4,6,34,74,75,101,103,105,106,112,113,132,135" owari="196,-20.4,437,53.7,123,-37.7,244,4.4" /></mjloggm>