<mjloggm ver="2.3"><GO type="225" lobby="0"/><UN n0="%73%6C%69%63%6B%33%31%39" n1="%6B%65%6E%6E%64%69" n2="%E3%81%82%E3%81%B9%E3%81%99%E3%81%91" n3="%E3%82%BC%E3%83%AB%E3%83%80%E3%81%AE%E4%BC%9D%E8%AA%AC" dan="16,16,16,16" rate="2143.84,2164.90,2103.53,2199.69" sx="M,M,M,M"/><TAIKYOKU oya="0"/><INIT seed="0,0,0,3,2,41" ten="250,250,250,250" oya="0" hai0="109,51,94,76,61,55,97,7,69,95,124,107,87" hai1="120,134,89,93,44,21,14,131,6,15,64,99,32" hai2="104,66,50,114,58,34,68,29,25,52,13,3,20" hai3="4,54,81,112,59,43,115,96,65,63,46,82,126"/><T71/><D124/><U28/><E120/><V37/><F114/><W83/><G126/><T130/><D130/><U118/><E118/><V123/><F123/><W1/><G96/><T60/><D107/><U0/><E131/><V26/><F3/><W42/><G42/><T24/><D7/><U74/><E74/><V127/><F127/><W117/><G117/><T22/><D76/><U18/><E134/><V105/><F37/><W19/><G19/><T47/><D109/><U91/><E64/><V92/><F13/><W48/><G4/><T135/><D135/><U23/><E32/><V113/><F113/><W102/><G102/><T129/><D129/><U2/><E28/><V73/><F73/><W10/><G10/><T128/><D128/><U121/><E121/><V75/><F92/><W98/><G98/><T40/><D87/><U57/><E57/><V108/><F75/><W122/><G1/><T12/><D12/><U8/><E23/><V85/><F85/><W62/><REACH who="3" step="1"/><G122/><REACH who="3" ten="250,250,250,240" step="2"/><T79/><D40/><U53/><E0/><V77/><F108/><W36/><G36/><T17/><D97/><U45/><E2/><V119/><F119/><W11/><G11/><T132/><D132/><U16/><E6/><V5/><F5/><W110/><G110/><T86/><D71/><AGARI ba="0,1" hai="43,46,48,54,59,62,63,65,71,81,82,83,112,115" machi="71" ten="40,2600,0" yaku="1,1,52,1,53,0" doraHai="41" doraHaiUra="101" who="3" fromWho="0" sc="250,-26,250,0,250,0,240,36" /><INIT seed="1,0,0,1,4,82" ten="224,250,250,276" oya="1" hai0="99,84,30,36,25,113,48,16,81,130,23,55,96" hai1="111,62,4,135,11,0,119,49,125,52,101,87,14" hai2="122,93,58,33,91,17,63,85,31,50,131,133,7" hai3="92,105,34,128,94,41,5,108,70,83,42,110,106"/><U120/><E119/><V132/><F122/><W65/><G5/><T45/><D130/><U19/><E120/><V24/><F131/><W1/><G128/><T57/><D113/><U115/><E115/><V67/><F50/><W43/><G83/><T60/><D30/><U10/><E135/><V26/><REACH who="2" step="1"/><F7/><REACH who="2" ten="224,250,240,276" step="2"/><W86/><G110/><T80/><D36/><U2/><E111/><V134/><F134/><W89/><G108/><T39/><D39/><U59/><E125/><V46/><F46/><W107/><G42/><N who="0" m="24631" /><D80/><U51/><E0/><V98/><F98/><W28/><G1/><T75/><D75/><U47/><E47/><V124/><F124/><W72/><G43/><T114/><D114/><U9/><E2/><V90/><F90/><AGARI ba="0,1" hai="16,23,25,55,57,60,81,84,90,96,99" m="24631" machi="90" ten="30,3900,0" yaku="8,1,52,1,54,1" doraHai="82" who="0" fromWho="2" sc="224,49,250,0,240,-39,276,0" /><INIT seed="2,0,0,1,1,30" ten="273,250,201,276" oya="2" hai0="48,131,9,84,60,125,32,80,78,77,107,5,64" hai1="98,94,128,82,79,81,126,76,59,27,133,105,72" hai2="96,66,51,132,11,89,0,106,95,91,52,73,50" hai3="88,129,21,111,23,83,41,119,109,57,114,39,15"/><V62/><F132/><W74/><G119/><T118/><D107/><U45/><E133/><V110/><F73/><W2/><G2/><T34/><D118/><U120/><E128/><V31/><F106/><W130/><G114/><T112/><D112/><U12/><E126/><V8/><F110/><N who="3" m="41995" /><G57/><T113/><D113/><U115/><E115/><V16/><F31/><W104/><G104/><T56/><D131/><N who="3" m="50185" /><G15/><T1/><D125/><U13/><E120/><V90/><F0/><W75/><G75/><T43/><D77/><U22/><E105/><V26/><F51/><W36/><G74/><T42/><REACH who="0" step="1"/><D48/><REACH who="0" ten="263,250,201,276" step="2"/><U58/><E76/><V93/><F66/><W10/><G39/><T127/><D127/><U123/><E123/><V69/><F69/><W28/><G36/><T46/><D46/><U4/><E45/><N who="2" m="27727" /><F62/><W117/><G117/><T67/><D67/><U47/><E47/><V124/><F124/><W100/><G41/><AGARI ba="0,1" hai="1,5,9,32,34,41,42,43,56,60,64,78,80,84" machi="41" ten="40,8000,1" yaku="1,1,52,2,53,1" doraHai="30" doraHaiUra="3" who="0" fromWho="3" sc="263,90,250,0,201,0,276,-80" /><INIT seed="3,0,0,4,3,35" ten="353,250,201,196" oya="3" hai0="57,34,45,118,42,24,131,80,73,32,128,14,29" hai1="13,105,20,130,76,52,67,91,62,129,75,72,96" hai2="19,112,17,121,0,103,87,18,37,95,93,11,43" hai3="41,49,98,134,89,59,123,68,111,82,83,40,109"/><W125/><G123/><T78/><D118/><U38/><E38/><V10/><F112/><W86/><G68/><T7/><D57/><U65/><E52/><V70/><F70/><W63/><G125/><T135/><D135/><U106/><E91/><N who="2" m="53503" /><F0/><W27/><G134/><T55/><D55/><U92/><E13/><V6/><F6/><W119/><G119/><T126/><D126/><U47/><E20/><V124/><F37/><W56/><G98/><T54/><D54/><U113/><E47/><V108/><F108/><N who="3" m="41547" /><G27/><T4/><D32/><U79/><E92/><V117/><F117/><W30/><G30/><T77/><D77/><U74/><E113/><V15/><F43/><N who="3" m="16459" /><G49/><N who="0" m="26807" /><D14/><U115/><E115/><V110/><F124/><W9/><G9/><T116/><D116/><U85/><E96/><N who="2" m="59807" /><F110/><W21/><G21/><T22/><D34/><U64/><E106/><V120/><F11/><W132/><G132/><T23/><D23/><U5/><E105/><V71/><F71/><W104/><G104/><T53/><D53/><U28/><E28/><V114/><F114/><W102/><G102/><T69/><D69/><U84/><E65/><V90/><F121/><W94/><G59/><T46/><D46/><U50/><E72/><V101/><F101/><W66/><AGARI ba="0,0" hai="56,63,66,82,83,86,89,94" m="16459,41547" machi="66" ten="30,3000,0" yaku="14,1,10,1" doraHai="35" who="3" fromWho="3" sc="353,-10,250,-10,201,-10,196,30" /><INIT seed="3,1,0,1,4,79" ten="343,240,191,226" oya="3" hai0="24,9,121,119,101,28,73,49,65,127,31,22,13" hai1="0,86,30,53,59,48,115,106,66,46,133,107,45" hai2="118,123,67,72,134,83,100,80,56,108,21,51,61" hai3="132,126,11,69,129,10,103,55,38,1,17,41,63"/><W130/><G126/><T64/><D121/><U74/><E74/><V131/><F118/><W104/><G132/><T77/><D119/><U36/><E115/><V89/><F123/><W44/><G17/><T5/><D127/><U20/><E0/><V111/><F134/><W39/><G39/><T122/><D122/><U60/><E133/><V91/><F131/><N who="3" m="50187" /><G1/><T16/><D101/><U88/><E30/><N who="0" m="11305" /><D73/><U4/><E20/><V26/><F100/><W18/><G18/><N who="0" m="12375" /><D77/><U114/><E4/><V70/><F72/><W84/><G84/><T102/><D102/><U2/><E2/><V43/><F70/><W7/><G7/><T27/><D49/><U35/><E35/><V87/><F51/><W37/><G37/><T29/><D29/><U85/><E85/><N who="2" m="50343" /><F43/><W99/><G69/><T12/><D27/><U42/><E114/><V105/><F105/><W8/><G8/><AGARI ba="1,0" hai="5,8,9,12,13,16,64,65" m="12375,11305" machi="8" ten="30,2000,0" yaku="8,1,54,1" doraHai="79" who="0" fromWho="3" sc="343,23,240,0,191,0,226,-23" owari="366,46.6,240,4.0,191,-30.9,203,-19.7" /></mjloggm>