<mjloggm ver="2.3"><GO type="225" lobby="0"/><UN n0="%33%74%72%65%65" n1="%E5%8D%A0%E3%81%84%E5%B8%AB%E8%A3%8F%E3%81%AA%E3%81%84%E3%81%97" n2="%E7%99%BD%E9%9B%AA%E4%B9%83%E6%84%9B" n3="%E3%81%82%E3%81%99%E3%81%AB%E3%82%83%E3%82%80" dan="16,16,16,16" rate="2112.37,2107.13,2070.89,2131.24" sx="F,M,F,F"/><TAIKYOKU oya="0"/><INIT seed="0,0,0,4,3,90" ten="250,250,250,250" oya="0" hai0="51,6,119,58,134,84,0,128,45,106,28,44,100" hai1="127,3,92,12,48,104,27,114,109,23,105,126,63" hai2="17,40,112,35,25,66,41,57,67,69,64,110,32" hai3="91,16,113,98,2,7,13,94,123,76,60,65,36"/><T121/><D119/><U68/><E109/><V10/><F112/><W56/><G113/><T31/><D121/><U118/><E3/><V107/><F69/><W1/><G36/><T21/><D128/><U96/><E114/><V47/><F107/><W14/><G123/><T124/><D124/><N who="1" m="47659" /><E118/><V111/><F57/><W24/><G76/><T43/><D134/><U80/><E80/><V133/><F133/><W26/><G1/><T29/><D58/><U81/><E12/><N who="2" m="7319" /><F25/><W59/><G2/><T73/><D73/><U11/><E11/><V20/><F20/><N who="3" m="11279" /><G59/><T39/><D0/><U61/><E81/><V89/><F89/><W129/><G129/><T83/><D6/><U53/><E68/><V88/><F88/><W108/><G108/><N who="2" m="41513" /><F40/><W33/><G33/><T38/><D43/><U72/><E105/><V132/><F132/><W55/><G65/><T125/><D106/><U5/><E5/><V8/><F8/><AGARI ba="0,0" hai="7,8,14,24,26,55,56,60,91,94,98" m="11279" machi="8" ten="30,3900,0" yaku="8,1,52,1,54,1" doraHai="90" who="3" fromWho="2" sc="250,0,250,0,250,-39,250,39" /><INIT seed="1,0,0,3,1,73" ten="250,250,211,289" oya="1" hai0="4,98,69,45,117,63,40,124,83,56,66,70,119" hai1="41,29,28,67,101,36,21,54,34,57,89,106,103" hai2="26,113,96,87,14,44,115,125,9,10,93,111,65" hai3="15,118,24,76,35,6,23,3,8,38,91,37,43"/><U105/><E34/><V77/><F111/><W135/><G135/><T55/><D4/><U16/><E67/><V1/><F125/><W82/><G118/><N who="0" m="45067" /><D83/><U0/><E0/><V11/><F65/><W130/><G130/><T33/><D98/><U61/><E105/><V49/><F1/><W25/><G43/><T22/><D22/><U64/><E106/><V30/><F14/><W75/><G91/><T52/><D33/><U123/><E123/><V133/><F133/><W88/><G24/><T112/><D112/><N who="2" m="43082" /><F26/><W31/><G88/><T107/><D107/><U129/><E129/><V62/><F62/><W50/><G50/><N who="0" m="26919" /><D124/><U97/><E36/><V132/><F30/><N who="1" m="11881" /><E41/><N who="2" m="24719" /><F132/><W48/><G48/><T100/><D100/><U120/><E64/><V110/><F110/><W86/><G75/><T74/><D74/><U78/><E120/><V99/><F93/><W114/><G114/><T71/><AGARI ba="0,0" hai="52,55,56,63,66,69,70,71" m="26919,45067" machi="71" ten="40,5200,0" yaku="34,2,54,1" doraHai="73" who="0" fromWho="0" sc="250,52,250,-26,211,-13,289,-13" /><INIT seed="2,0,0,1,0,28" ten="302,224,198,276" oya="2" hai0="74,87,54,40,25,124,67,131,96,69,80,126,53" hai1="56,79,121,132,82,93,32,41,78,117,27,100,110" hai2="106,45,35,77,127,130,1,7,84,107,128,111,135" hai3="14,58,39,16,116,113,108,86,89,109,13,68,57"/><V88/><F77/><W43/><G68/><T94/><D74/><U21/><E117/><V24/><F127/><N who="0" m="48682" /><D40/><U52/><E110/><N who="3" m="42602" /><G116/><T6/><D131/><N who="2" m="50218" /><F111/><W97/><G97/><T59/><D6/><U99/><E32/><V65/><F65/><W26/><G113/><T37/><D37/><U3/><E3/><V75/><F75/><W18/><G43/><T23/><D69/><U81/><E132/><V30/><F135/><W118/><G39/><T112/><D112/><U42/><E121/><V17/><F45/><W38/><G38/><T4/><D4/><U12/><E12/><N who="3" m="4714" /><G26/><T47/><D25/><U29/><E79/><V5/><F17/><N who="3" m="6763" /><G118/><T103/><D67/><U95/><E95/><AGARI ba="0,0" hai="57,58,86,89,95" m="6763,4714,42602" machi="95" ten="30,2000,0" yaku="14,1,54,1" doraHai="28" who="3" fromWho="1" sc="302,0,224,-20,198,0,276,20" /><INIT seed="3,0,0,2,4,11" ten="302,204,198,296" oya="3" hai0="117,42,37,93,94,0,78,77,69,90,88,10,114" hai1="5,34,64,85,118,75,89,28,22,57,116,39,46" hai2="79,96,101,97,4,25,82,50,86,1,31,120,15" hai3="51,56,70,76,72,17,3,30,128,66,105,41,38"/><W80/><G105/><T135/><D69/><U112/><E112/><V84/><F1/><W2/><G30/><T29/><D117/><N who="1" m="45163" /><E75/><V81/><F120/><W74/><G74/><T52/><D114/><U109/><E34/><V132/><F132/><W113/><G113/><T12/><D0/><U18/><E109/><V67/><F67/><W45/><G128/><T21/><D37/><U27/><E5/><V100/><F50/><W65/><G65/><T59/><D42/><N who="1" m="22879" /><E64/><V115/><F115/><W20/><G70/><T95/><D135/><U58/><E28/><V32/><F100/><W47/><G56/><T63/><D29/><U106/><E106/><V49/><F49/><W33/><G33/><T60/><D60/><U91/><E91/><N who="0" m="34857" /><D21/><U124/><E124/><V133/><F133/><W43/><G66/><T83/><D83/><U62/><E62/><V13/><F4/><AGARI ba="0,0" hai="4,10,12,52,59,63,77,78,93,94,95" m="34857" machi="4" ten="30,7700,0" yaku="8,1,52,1,54,2" doraHai="11" who="0" fromWho="2" sc="302,77,204,0,198,-77,296,0" owari="379,47.9,204,-19.6,121,-37.9,296,9.6" /></mjloggm>