<mjloggm ver="2.3"><GO type="225" lobby="0"/><UN n0="%E5%86%B7%E5%87%8D%E3%82%AE%E3%83%A7%E3%83%BC%E3%82%B6" n1="%E3%83%AD%E3%83%83%E3%83%86%E9%9B%80%E7%90%83" n2="%33%74%72%65%65" n3="%E3%83%A9%E3%83%BC%E3%83%A1%E3%83%B3%E4%BA%94%E9%83%8E" dan="16,17,16,16" rate="2116.92,2183.53,2128.93,2077.82" sx="M,M,F,M"/><TAIKYOKU oya="0"/><INIT seed="0,0,0,1,0,101" ten="250,250,250,250" oya="0" hai0="16,62,36,110,81,44,83,70,121,73,51,84,118" hai1="66,65,25,15,67,88,8,24,86,27,4,74,92" hai2="72,57,109,32,124,98,100,111,53,20,130,41,131" hai3="31,39,38,87,91,52,17,3,119,50,129,34,11"/><T23/><D118/><U75/><AGARI ba="0,0" hai="4,8,15,24,25,27,65,66,67,74,75,86,88,92" machi="75" ten="40,32000,5" yakuman="38" doraHai="101" who="1" fromWho="1" sc="250,-160,250,320,250,-80,250,-80" /><INIT seed="1,0,0,0,2,23" ten="90,570,170,170" oya="1" hai0="11,40,128,43,58,72,49,45,83,74,57,110,5" hai1="133,66,28,112,71,41,81,44,91,80,65,34,124" hai2="59,10,12,86,20,29,88,92,108,106,125,109,52" hai3="68,130,64,94,76,21,38,134,1,90,107,14,99"/><U7/><E112/><V78/><F106/><W36/><G1/><T32/><D128/><U51/><E124/><V132/><F125/><W126/><G130/><T101/><D110/><N who="2" m="42602" /><F78/><W95/><G107/><T17/><D101/><U16/><E133/><V54/><F132/><W53/><G126/><T31/><D17/><U62/><E7/><N who="2" m="3167" /><F59/><W121/><G121/><T96/><D96/><U119/><E119/><V129/><F129/><W67/><G134/><T84/><D72/><U73/><E73/><V61/><F61/><W116/><G116/><T24/><D74/><U25/><E66/><V6/><F6/><W114/><G114/><T42/><D57/><U87/><E16/><V118/><F118/><W85/><G68/><T135/><D58/><U3/><E3/><V26/><AGARI ba="0,0" hai="20,26,29,52,54,86,88,92" m="3167,42602" machi="26" ten="30,7900,0" yaku="14,1,52,1,54,2" doraHai="23" who="2" fromWho="2" sc="90,-20,570,-39,170,79,170,-20" /><INIT seed="2,0,0,4,5,130" ten="70,531,249,150" oya="2" hai0="93,106,38,88,61,30,101,2,95,121,85,46,97" hai1="108,78,29,13,49,110,7,11,76,82,34,125,135" hai2="96,72,69,0,45,71,47,56,52,84,73,102,16" hai3="67,12,109,91,62,131,105,1,80,39,53,133,57"/><V18/><F0/><W26/><G1/><T118/><D121/><U129/><E135/><V28/><F28/><W5/><G105/><T79/><D118/><U75/><E129/><V117/><F117/><W104/><G104/><T20/><D2/><U119/><E119/><V48/><F84/><W83/><G39/><T94/><D79/><N who="1" m="44415" /><E125/><V33/><F33/><W65/><G109/><N who="1" m="42090" /><E49/><V126/><F126/><W86/><G131/><T90/><D61/><U17/><E17/><V42/><F45/><W32/><G133/><T122/><D122/><U23/><E23/><V124/><F124/><W9/><G32/><T36/><D46/><U6/><E6/><V128/><F128/><W134/><G134/><T21/><D21/><U66/><E66/><N who="3" m="25098" /><G26/><AGARI ba="0,0" hai="7,11,13,26,29,34,76,78" m="42090,44415" machi="26" ten="30,1000,0" yaku="14,1" doraHai="130" who="1" fromWho="3" sc="70,0,531,10,249,0,150,-10" /><INIT seed="3,0,0,3,0,25" ten="70,541,249,140" oya="3" hai0="70,119,87,26,124,82,59,86,27,20,49,57,16" hai1="61,47,96,107,32,115,133,40,114,11,28,58,7" hai2="77,79,67,62,52,45,130,121,88,131,14,112,110" hai3="31,102,94,63,50,80,44,36,117,135,4,134,15"/><W81/><G117/><T103/><D70/><U90/><E133/><N who="3" m="50698" /><G36/><T120/><D119/><U17/><E17/><V55/><F112/><W113/><G113/><T126/><D120/><U48/><E28/><V1/><F121/><W53/><G63/><T10/><D103/><U19/><E19/><V123/><F123/><W22/><G4/><T129/><D129/><U132/><E32/><V127/><F62/><W128/><G128/><T101/><D101/><U105/><E132/><V18/><F130/><W66/><G66/><T30/><D87/><U34/><E34/><V76/><F67/><W92/><G15/><T95/><D95/><N who="3" m="36393" /><G102/><T2/><D2/><U75/><E107/><V39/><F14/><W122/><G122/><T65/><D65/><U60/><E60/><V118/><F39/><W125/><G125/><T83/><D83/><U99/><E105/><V6/><F127/><W29/><G22/><T73/><D126/><U71/><E71/><V46/><F6/><W116/><G116/><T56/><D124/><U5/><E5/><V24/><F1/><W108/><G108/><T54/><D10/><U42/><E11/><V93/><F110/><W43/><G43/><T13/><D13/><U106/><E40/><V111/><F111/><W69/><G69/><T85/><D49/><U109/><E7/><V9/><F118/><W74/><G74/><T8/><D8/><U91/><E109/><V3/><F131/><W89/><G80/><T35/><REACH who="0" step="1"/><D54/><REACH who="0" ten="60,541,249,140" step="2"/><U104/><E115/><V12/><F3/><W38/><G38/><T98/><D98/><U37/><E114/><RYUUKYOKU ba="0,1" sc="60,15,541,-15,249,-15,140,15" hai0="16,20,26,27,30,35,56,57,59,73,82,85,86" hai3="29,31,44,50,53,81,89" /><INIT seed="3,1,1,1,0,43" ten="75,526,234,155" oya="3" hai0="82,105,135,101,81,58,52,21,9,62,95,56,22" hai1="5,2,15,74,129,85,60,124,94,18,99,40,119" hai2="104,10,38,47,11,26,57,6,80,98,130,93,120" hai3="115,3,126,87,50,76,49,123,24,66,132,121,13"/><W14/><G115/><T97/><D135/><U96/><E74/><V42/><F130/><W36/><G3/><T118/><D105/><U102/><E129/><V113/><F113/><W127/><G132/><T108/><D108/><U0/><E124/><N who="3" m="47658" /><G36/><T32/><D32/><U86/><E119/><V59/><F104/><W37/><G37/><T83/><D118/><U70/><E40/><V107/><F107/><W64/><G24/><T125/><D125/><U25/><E25/><V68/><F68/><W8/><G76/><T103/><D103/><U45/><E45/><V20/><F26/><W31/><G31/><T35/><D35/><U27/><E27/><V23/><F38/><W53/><G87/><T106/><D106/><U69/><E99/><V33/><F33/><W34/><G34/><T4/><REACH who="0" step="1"/><D58/><REACH who="0" ten="65,526,234,155" step="2"/><U41/><E70/><V88/><F59/><N who="3" m="33199" /><G123/><T89/><D89/><U51/><E86/><V54/><F88/><W29/><G121/><T122/><D122/><U46/><E85/><V12/><F120/><W90/><G90/><T131/><D131/><U116/><E116/><V117/><F117/><W72/><G72/><T61/><D61/><U30/><E30/><V114/><F114/><W71/><G29/><T133/><D133/><U67/><E5/><V73/><F6/><W112/><G112/><T79/><D79/><U16/><E18/><V7/><F7/><W75/><G75/><T65/><D65/><U78/><E78/><V100/><F73/><W48/><G64/><T77/><D77/><U1/><E1/><AGARI ba="1,2" hai="1,4,9,21,22,52,56,62,81,82,83,95,97,101" machi="1" ten="40,2600,0" yaku="1,1,54,1,53,0" doraHai="43" doraHaiUra="134" who="0" fromWho="1" sc="65,49,526,-29,234,0,155,0" owari="114,-38.6,497,59.7,234,3.4,155,-24.5" /></mjloggm>