<mjloggm ver="2.3"><GO type="225" lobby="0"/><UN n0="%E3%81%99%E3%81%84%E3%81%BE%E3%81%9B%E3%83%BC%E3%82%93" n1="%43%68%65" n2="%72%69%6F%75%63%68%61%6E" n3="%74%61%6B%65%2D%79%6F%75" dan="16,16,17,16" rate="2148.30,2078.52,2238.39,2201.90" sx="M,M,M,M"/><TAIKYOKU oya="0"/><INIT seed="0,0,0,1,0,91" ten="250,250,250,250" oya="0" hai0="61,48,103,66,21,37,18,97,116,118,59,104,17" hai1="29,132,124,54,102,51,62,78,71,20,121,14,47" hai2="63,44,13,90,76,129,4,36,60,50,125,65,106" hai3="81,1,88,74,25,3,117,67,42,83,33,75,6"/><T80/><D37/><U87/><E121/><V12/><F125/><W131/><G117/><T49/><D17/><U56/><E124/><V43/><F129/><W69/><G131/><T27/><REACH who="0" step="1"/><D80/><REACH who="0" ten="240,250,250,250" step="2"/><U68/><E132/><V135/><F135/><W40/><G81/><T72/><D72/><U127/><E127/><V57/><F36/><W86/><G83/><T15/><D15/><U120/><E14/><V94/><F4/><W98/><G6/><T23/><D23/><U128/><E20/><V79/><F12/><W8/><G75/><T58/><D58/><U70/><E128/><V95/><F13/><W134/><G74/><T107/><D107/><U10/><E56/><N who="2" m="36999" /><F106/><W22/><G134/><T110/><D110/><U85/><E71/><V133/><F133/><W123/><G69/><T100/><D100/><U0/><E102/><V77/><F90/><W53/><G88/><T101/><D101/><U73/><E73/><V5/><F5/><W30/><G1/><T35/><D35/><U55/><E0/><V115/><F115/><W96/><G33/><T126/><D126/><U16/><E70/><V64/><AGARI ba="0,1" hai="43,44,50,57,63,64,76,77,79,94,95" m="36999" machi="64" ten="30,4000,0" yaku="8,1,52,2" doraHai="91" who="2" fromWho="2" sc="240,-20,250,-10,250,50,250,-10" /><INIT seed="1,0,0,4,5,73" ten="220,240,300,240" oya="1" hai0="83,110,99,100,92,29,94,120,31,18,47,0,74" hai1="39,75,26,135,44,4,82,25,96,38,108,104,81" hai2="101,132,33,32,107,129,10,80,77,5,133,87,115" hai3="130,98,79,9,20,65,121,15,3,19,35,63,28"/><U56/><E135/><N who="2" m="51787" /><F129/><W124/><G121/><T116/><D116/><U7/><E56/><V1/><F115/><W85/><G130/><T62/><D120/><U72/><E96/><AGARI ba="0,0" hai="1,5,10,32,33,77,80,87,96,101,107" m="51787" machi="96" ten="30,2000,0" yaku="20,1,52,1" doraHai="73" who="2" fromWho="1" sc="220,0,240,-20,300,20,240,0" /><INIT seed="2,0,0,0,1,63" ten="220,220,320,240" oya="2" hai0="4,55,102,135,118,48,83,117,6,120,104,30,90" hai1="131,42,134,26,97,95,65,19,69,119,17,108,31" hai2="25,28,122,56,101,72,27,16,87,132,99,43,36" hai3="93,78,1,10,21,58,86,22,77,44,13,5,103"/><V53/><F122/><W50/><G58/><T111/><D120/><U129/><E119/><N who="0" m="45577" /><D111/><U59/><E69/><V85/><F72/><W2/><G2/><T61/><D135/><U62/><E108/><V125/><F132/><W20/><G1/><T66/><D30/><U110/><E42/><V74/><F74/><W29/><G29/><T113/><D113/><U54/><E54/><V124/><F36/><W133/><G133/><T76/><D90/><N who="1" m="55543" /><E110/><V47/><F47/><W52/><REACH who="3" step="1"/><G86/><REACH who="3" ten="220,220,320,230" step="2"/><N who="0" m="48487" /><D104/><U67/><E134/><V112/><F28/><W106/><G106/><T130/><D130/><N who="1" m="49675" /><E67/><V39/><F87/><W51/><G51/><T68/><D102/><U98/><E98/><AGARI ba="0,1" hai="5,10,13,20,21,22,44,50,52,77,78,93,98,103" machi="98" ten="40,5200,0" yaku="1,1,8,1,54,1,53,0" doraHai="63" doraHaiUra="79" who="3" fromWho="1" sc="220,0,220,-52,320,0,230,62" /><INIT seed="3,0,0,4,3,108" ten="220,168,320,292" oya="3" hai0="76,120,95,107,109,3,37,125,19,70,124,114,38" hai1="51,99,130,94,14,45,59,123,92,83,31,129,132" hai2="103,134,78,117,88,71,20,42,112,63,32,115,75" hai3="50,97,49,86,60,81,7,21,89,135,96,16,128"/><W48/><G128/><T90/><D120/><U39/><E123/><V110/><F117/><W57/><G7/><T82/><D107/><U11/><E132/><V102/><F32/><W66/><G135/><T0/><D70/><U69/><E69/><V40/><F134/><W104/><G104/><T13/><D109/><U131/><E31/><V29/><F110/><W28/><G28/><T91/><D114/><U79/><E59/><V98/><F78/><W5/><G5/><T9/><D38/><U62/><E62/><V15/><F75/><W121/><G121/><T100/><D37/><U105/><E39/><V58/><F71/><W84/><G84/><N who="0" m="52679" /><D91/><U34/><E34/><V47/><F115/><W61/><G61/><T111/><D100/><N who="2" m="38442" /><F112/><W113/><G113/><T67/><D67/><U133/><E133/><V72/><F72/><W56/><G56/><T52/><D111/><U87/><E99/><V55/><F47/><W116/><G116/><T24/><D0/><U77/><E77/><V10/><F98/><W74/><G74/><T65/><D65/><U8/><E105/><V22/><F88/><W80/><G81/><T17/><D82/><U85/><E85/><V23/><F29/><W46/><G46/><T33/><D3/><U122/><E122/><V101/><N who="2" m="38450" /><V106/><DORA hai="41" /><F106/><W2/><G2/><T4/><D76/><U64/><E64/><V126/><F126/><W30/><G30/><N who="0" m="19655" /><D125/><U12/><E92/><V27/><F27/><AGARI ba="0,0" hai="16,21,27,48,49,50,57,60,66,80,86,89,96,97" machi="27" ten="40,3900,0" yaku="8,1,54,1" doraHai="108,41" who="3" fromWho="2" sc="220,0,168,0,320,-39,292,39" owari="220,-18.0,168,-33.2,281,8.1,331,43.1" /></mjloggm>