<mjloggm ver="2.3"><GO type="225" lobby="0"/><UN n0="%E5%8D%A0%E3%81%84%E5%B8%AB%E8%A3%8F%E3%81%AA%E3%81%84%E3%81%97" n1="%E3%82%A2%E3%83%BC%E3%83%A2%E3%83%AD%E3%83%BC%E3%83%B4%E3%82%A1" n2="%77%72%77%72%77%72%77%72" n3="%E3%81%B5%E3%81%98%E3%81%8B%E3%81%A4" dan="16,16,16,16" rate="2163.11,2139.00,2220.54,2171.41" sx="M,M,M,M"/><TAIKYOKU oya="0"/><INIT seed="0,0,0,3,4,81" ten="250,250,250,250" oya="0" hai0="102,83,8,21,79,120,70,14,131,113,101,54,99" hai1="48,20,40,63,78,57,38,100,16,19,95,98,133" hai2="73,17,23,88,96,118,77,114,1,84,94,107,43" hai3="80,61,10,119,6,32,13,103,129,128,0,85,2"/><T33/><D113/><U82/><E133/><V18/><F114/><W4/><G119/><T65/><D33/><U105/><E38/><V12/><F1/><W46/><G32/><T44/><D120/><U123/><E105/><V108/><F118/><W86/><G103/><T132/><D132/><U75/><E123/><V122/><F122/><W52/><G80/><T25/><D131/><N who="3" m="50249" /><G13/><T41/><D65/><U11/><E11/><V35/><F35/><W130/><N who="3" m="50257" /><W9/><DORA hai="5" /><G46/><T125/><D70/><U28/><E48/><V91/><F108/><W104/><G104/><T7/><D125/><U51/><E51/><V66/><F73/><W121/><G121/><T76/><D54/><U36/><E36/><V47/><F77/><W135/><G135/><T24/><D24/><N who="1" m="16391" /><E40/><V49/><F107/><W127/><G127/><T87/><D79/><U71/><E71/><V92/><F18/><W124/><G124/><T67/><D99/><U69/><E69/><V106/><F106/><W112/><G112/><T26/><D67/><AGARI ba="0,0" hai="16,19,57,63,67,75,78,82,95,98,100" m="16391" machi="67" ten="30,2000,0" yaku="25,1,54,1" doraHai="81,5" who="1" fromWho="0" sc="250,-20,250,20,250,0,250,0" /><AGARI ba="0,0" hai="12,17,23,43,47,49,66,67,84,88,91,92,94,96" machi="67" ten="40,5200,0" yaku="8,1,52,1,54,1" doraHai="81,5" who="2" fromWho="0" sc="230,-52,270,0,250,52,250,0" /><INIT seed="1,0,0,3,4,105" ten="178,270,302,250" oya="1" hai0="75,15,128,84,62,39,68,114,86,22,6,125,65" hai1="127,101,70,46,96,56,13,129,94,133,42,47,34" hai2="102,12,16,126,90,121,110,120,116,26,131,35,14" hai3="113,50,107,124,28,98,41,117,19,3,61,111,32"/><U74/><E70/><V57/><F116/><W25/><G113/><T63/><D114/><U55/><E34/><V45/><F110/><W79/><G3/><T89/><D39/><U73/><E129/><V20/><F131/><W109/><G117/><T108/><D108/><N who="3" m="41545" /><G79/><T36/><D36/><U91/><E133/><V88/><F102/><N who="3" m="62935" /><G61/><T83/><D128/><U67/><E67/><V37/><F126/><W0/><G0/><T2/><D125/><U119/><E119/><V5/><F35/><W135/><G124/><T78/><D2/><U72/><E127/><V132/><F132/><W82/><G82/><T103/><D103/><U53/><E13/><V104/><F12/><W134/><G19/><T51/><D51/><U66/><E42/><V54/><F104/><W40/><G40/><T64/><D89/><U8/><E8/><V33/><F37/><W71/><G71/><T21/><D6/><U59/><E66/><V81/><F5/><W95/><G95/><T99/><D99/><U1/><E101/><V18/><F81/><W92/><G92/><T43/><D43/><U60/><REACH who="1" step="1"/><E1/><REACH who="1" ten="178,260,302,250" step="2"/><V24/><F33/><W31/><G134/><T48/><D15/><U4/><E4/><V77/><F14/><W130/><G130/><T76/><D68/><U115/><E115/><V38/><F38/><W52/><G41/><T112/><D112/><U7/><E7/><V80/><F26/><W17/><G135/><T85/><D64/><U93/><E93/><V44/><F24/><W30/><G17/><T49/><D65/><U69/><E69/><V10/><F18/><RYUUKYOKU ba="0,1" sc="178,-15,260,15,302,-15,250,15" hai1="46,47,53,55,56,59,60,72,73,74,91,94,96" hai3="25,28,30,31,32,50,52" /><INIT seed="1,1,1,4,3,100" ten="163,275,287,265" oya="1" hai0="23,61,43,0,42,99,132,19,85,48,117,112,16" hai1="71,125,70,103,46,51,95,108,127,66,115,4,119" hai2="75,58,72,49,17,11,78,12,2,33,40,35,104" hai3="107,37,76,28,105,87,44,79,82,41,8,98,14"/><U65/><E4/><V123/><F123/><W84/><G28/><T13/><D112/><U38/><E103/><V109/><F109/><W80/><REACH who="3" step="1"/><G98/><REACH who="3" ten="163,275,287,255" step="2"/><T10/><D117/><U34/><E119/><V31/><F31/><W97/><G97/><T47/><D132/><U130/><E115/><V60/><F33/><W129/><G129/><T101/><D0/><U77/><E34/><V5/><F35/><W1/><G1/><T22/><D85/><U18/><E130/><V57/><F2/><W131/><G131/><T102/><D99/><U6/><E125/><V90/><F75/><W32/><G32/><T81/><D81/><U73/><E127/><V30/><F30/><W63/><G63/><T121/><D121/><U94/><E73/><V135/><F60/><W59/><G59/><T3/><D61/><U74/><E70/><V88/><F57/><W116/><G116/><T113/><D113/><U55/><E71/><V91/><F58/><W36/><G36/><T126/><D126/><U15/><E38/><V21/><F135/><W110/><G110/><T29/><D29/><U20/><E108/><V54/><F72/><W133/><G133/><T39/><D39/><U7/><E74/><V45/><F49/><W62/><G62/><T64/><D64/><N who="1" m="24683" /><E77/><V122/><F78/><W52/><G52/><T96/><D96/><U9/><E6/><AGARI ba="1,2" hai="6,8,14,37,41,44,76,79,80,82,84,87,105,107" machi="6" ten="30,8000,1" yaku="1,1,7,1,9,1,52,2,53,0" doraHai="100" doraHaiUra="56" who="3" fromWho="1" sc="163,0,275,-83,287,0,255,103" /><INIT seed="2,0,0,3,5,46" ten="163,192,287,358" oya="2" hai0="97,135,52,11,31,71,108,28,109,88,36,117,95" hai1="22,86,34,103,55,67,85,25,63,81,94,132,125" hai2="124,43,56,68,130,27,111,69,51,35,82,7,131" hai3="126,42,113,37,96,41,13,19,33,20,134,91,24"/><V5/><F124/><W40/><G126/><T120/><D120/><U89/><E125/><V14/><F111/><N who="0" m="42570" /><D71/><U18/><E132/><V123/><F123/><W122/><G122/><T15/><D36/><U64/><E34/><V58/><F82/><W53/><G134/><T9/><D135/><U77/><E103/><V54/><F43/><W79/><G79/><T127/><D127/><U118/><E118/><V110/><F110/><W102/><G91/><T38/><D38/><U112/><E112/><V57/><F27/><W104/><G53/><T45/><D117/><U129/><E129/><N who="2" m="49163" /><F35/><W3/><G3/><T66/><D66/><U30/><E30/><N who="0" m="11305" /><D15/><U119/><E119/><V2/><F14/><W105/><G105/><T10/><D10/><U6/><E6/><N who="2" m="2059" /><F2/><W65/><G33/><T44/><D44/><AGARI ba="0,0" hai="44,51,54,56,57,58,68,69" m="2059,49163" machi="44" ten="30,2900,0" yaku="19,1,52,1" doraHai="46" who="2" fromWho="0" sc="163,-29,192,0,287,29,358,0" /><INIT seed="2,1,0,1,4,67" ten="134,192,316,358" oya="2" hai0="37,29,81,77,82,96,90,69,24,112,21,99,16" hai1="33,134,11,119,88,26,86,30,19,12,103,5,38" hai2="75,76,70,58,45,51,32,39,102,97,105,100,6" hai3="35,107,17,10,40,64,43,23,95,3,18,109,79"/><V73/><F32/><W7/><G107/><T125/><D112/><U42/><E119/><V56/><F39/><W89/><G79/><T92/><D37/><U9/><E134/><V110/><F102/><W108/><G35/><T66/><D125/><U123/><E103/><V22/><F70/><W135/><G64/><T68/><D66/><U25/><E123/><V28/><F110/><N who="3" m="42603" /><G135/><T104/><D82/><U126/><E126/><V131/><F131/><W53/><G53/><T13/><D99/><U27/><E42/><N who="3" m="15914" /><G23/><T85/><REACH who="0" step="1"/><D104/><REACH who="0" ten="124,192,316,358" step="2"/><U63/><E38/><V84/><F105/><W91/><G91/><T60/><D60/><U59/><E63/><V47/><F97/><AGARI ba="1,1" hai="3,7,10,17,18,89,95,97" m="15914,42603" machi="97" ten="30,1000,0" yaku="14,1" doraHai="67" who="3" fromWho="2" sc="124,0,192,0,316,-13,358,23" /><INIT seed="3,0,0,4,4,38" ten="124,192,303,381" oya="3" hai0="70,78,7,65,94,103,47,2,32,59,127,128,75" hai1="48,116,96,92,58,19,129,26,44,134,112,91,10" hai2="50,123,53,5,64,90,109,17,25,41,69,84,40" hai3="57,82,108,95,110,39,52,12,56,0,86,119,126"/><W85/><G119/><T28/><D127/><U8/><E112/><V35/><F109/><N who="3" m="42091" /><G0/><T125/><D125/><U107/><E134/><V118/><F118/><W124/><G39/><T51/><D128/><U20/><E129/><V121/><F5/><W83/><G12/><T130/><D130/><U72/><E72/><V131/><F131/><W42/><G42/><N who="2" m="16489" /><F69/><W22/><G22/><T33/><D70/><U3/><E3/><V76/><F76/><N who="3" m="46279" /><G95/><T23/><D78/><U93/><E107/><V77/><F77/><N who="3" m="46447" /><G57/><T37/><D75/><U80/><E58/><N who="2" m="33079" /><F35/><W132/><G132/><T73/><D73/><U49/><E116/><V100/><F100/><W88/><G88/><T60/><D37/><U102/><E91/><V68/><F25/><W29/><G29/><T98/><D7/><U117/><E102/><V120/><F17/><W62/><AGARI ba="0,0" hai="52,56,62,124,126" m="46447,46279,42091" machi="62" ten="30,6000,0" yaku="14,1,10,1,54,1" doraHai="38" who="3" fromWho="3" sc="124,-20,192,-20,303,-20,381,60" owari="104,-39.6,172,-22.8,283,8.3,441,54.1" /></mjloggm>