<mjloggm ver="2.3"><GO type="225" lobby="0"/><UN n0="%E3%81%BF%E3%81%BF%E3%81%9A" n1="%73%6C%69%63%6B%33%31%39" n2="%E3%82%B0%E3%83%AA%E3%82%B0%E3%83%AA%E6%A3%92" n3="%72%61%6B%33" dan="17,16,16,18" rate="2196.48,2156.49,2114.21,2255.62" sx="M,M,M,M"/><TAIKYOKU oya="0"/><INIT seed="0,0,0,5,5,92" ten="250,250,250,250" oya="0" hai0="44,19,111,26,68,22,102,37,71,35,33,77,72" hai1="108,135,53,73,81,20,96,6,93,94,107,5,121" hai2="133,115,129,23,50,28,27,98,56,128,125,17,18" hai3="52,83,41,39,106,45,70,8,43,104,95,91,86"/><T114/><D114/><U132/><E121/><V74/><F74/><W88/><G70/><T134/><D134/><N who="1" m="51243" /><E108/><V48/><F133/><W25/><G41/><T87/><D111/><U58/><E107/><V105/><F115/><W117/><G117/><T84/><D72/><U89/><E20/><V9/><F125/><W90/><G25/><T116/><D116/><U63/><E93/><V85/><F85/><W2/><G90/><T11/><D102/><U109/><E109/><V112/><F112/><W29/><G29/><T31/><D11/><U67/><E67/><V60/><F9/><W103/><G103/><T126/><D126/><U69/><E69/><V21/><F28/><W7/><REACH who="3" step="1"/><G52/><REACH who="3" ten="250,250,250,240" step="2"/><T65/><D71/><U110/><E110/><V131/><F131/><W10/><G10/><T3/><D68/><U99/><E99/><AGARI ba="0,1" hai="2,7,8,39,43,45,83,86,88,91,95,99,104,106" machi="99" ten="30,7700,0" yaku="1,1,7,1,52,1,54,1,53,0" doraHai="92" doraHaiUra="122" who="3" fromWho="1" sc="250,0,250,-77,250,0,240,87" /><INIT seed="1,0,0,0,1,128" ten="250,173,250,327" oya="1" hai0="39,16,63,37,53,35,86,15,87,56,110,21,49" hai1="120,88,25,131,105,18,132,75,65,89,129,36,27" hai2="100,124,61,30,32,81,79,90,78,9,8,77,28" hai3="115,76,34,125,45,102,31,80,50,29,52,22,42"/><U94/><E120/><V98/><F124/><W64/><G115/><T47/><D35/><U1/><E105/><V99/><F61/><W12/><G125/><T57/><D110/><U54/><E36/><V83/><F32/><W4/><G34/><T26/><D39/><U116/><E116/><V20/><F20/><W40/><G102/><T13/><D57/><U121/><E121/><V72/><F100/><W119/><G64/><T69/><D69/><U10/><E75/><V108/><F78/><W118/><G4/><T106/><D37/><U104/><E104/><V135/><F90/><W23/><G23/><T95/><D106/><U123/><E123/><V122/><F122/><W71/><G71/><T6/><D6/><U17/><E65/><V101/><F101/><W19/><G31/><T97/><D87/><U127/><E127/><V24/><F24/><N who="1" m="9289" /><E54/><V58/><F108/><W92/><G92/><T41/><D86/><N who="1" m="52503" /><E1/><V51/><F72/><N who="3" m="43015" /><G29/><T112/><D112/><U67/><E67/><V74/><F74/><W43/><G118/><T55/><D53/><U0/><E0/><V109/><F109/><W7/><G119/><T126/><D126/><U2/><E132/><V114/><F114/><W96/><G96/><T117/><REACH who="0" step="1"/><D117/><REACH who="0" ten="240,173,250,327" step="2"/><U66/><E66/><V82/><F58/><W111/><G111/><T73/><D73/><U130/><E89/><AGARI ba="0,1" hai="13,15,16,21,26,41,47,49,55,56,63,89,95,97" machi="89" ten="30,12000,2" yaku="1,1,7,1,25,2,8,1,54,1,53,0" doraHai="128" doraHaiUra="5" who="0" fromWho="1" sc="240,130,173,-120,250,0,327,0" /><INIT seed="2,0,0,0,0,83" ten="370,53,250,327" oya="2" hai0="108,130,128,119,13,63,5,117,25,97,114,94,27" hai1="3,105,111,123,76,135,38,8,107,14,69,17,40" hai2="98,32,87,103,80,2,19,24,68,91,133,102,45" hai3="10,82,15,99,96,125,75,50,60,12,121,90,59"/><V112/><F112/><W0/><G125/><T89/><D114/><U70/><E111/><V41/><F133/><W67/><G121/><T21/><D108/><U53/><E135/><V49/><F68/><W126/><G0/><T77/><D77/><U72/><E123/><V56/><F2/><W57/><G126/><T110/><D110/><U37/><E53/><V7/><F7/><W30/><G30/><T58/><D13/><U134/><E17/><V81/><F32/><W65/><G75/><T55/><D5/><U54/><E54/><V120/><F120/><W116/><G116/><N who="0" m="44619" /><D27/><U131/><E14/><V84/><F56/><W52/><G67/><T22/><D22/><U86/><E134/><V85/><F91/><W118/><G118/><T62/><D63/><U18/><E18/><AGARI ba="0,0" hai="18,21,25,55,58,62,89,94,97,128,130" m="44619" machi="18" ten="30,2000,0" yaku="25,1,12,1" doraHai="83" who="0" fromWho="1" sc="370,20,53,-20,250,0,327,0" /><INIT seed="3,0,0,4,1,63" ten="390,33,250,327" oya="3" hai0="46,73,102,14,11,53,133,115,35,83,65,1,90" hai1="28,57,27,0,96,3,56,94,88,86,97,42,24" hai2="99,6,54,8,7,37,43,20,33,118,75,29,59" hai3="128,68,101,72,85,55,60,113,10,22,84,117,125"/><W39/><G113/><T87/><D35/><U61/><E42/><V121/><F118/><W32/><G32/><T15/><D65/><U106/><E106/><V135/><F75/><W103/><G117/><T9/><D115/><U36/><E36/><V66/><F121/><W67/><G72/><T107/><D73/><U100/><E100/><V91/><F135/><W47/><G125/><T130/><D133/><U13/><E13/><V109/><F33/><W52/><G128/><T19/><D1/><U16/><E86/><V17/><F109/><W38/><G22/><T112/><D112/><U2/><E28/><V132/><F29/><W50/><G10/><T4/><D130/><U21/><E96/><V108/><F132/><W111/><G111/><T120/><D120/><U40/><E24/><V26/><F108/><W122/><G122/><T64/><D64/><U116/><E56/><V77/><F43/><W114/><G114/><T110/><D110/><U79/><E40/><V58/><F37/><W41/><G38/><T92/><D107/><U34/><E34/><V81/><F77/><W44/><REACH who="3" step="1"/><G55/><REACH who="3" ten="390,33,250,317" step="2"/><T98/><D46/><U104/><E116/><V30/><F8/><W124/><G124/><T131/><D131/><U70/><E21/><V76/><F54/><AGARI ba="0,1" hai="4,9,11,14,15,19,53,54,83,87,90,92,98,102" machi="54" ten="40,1300,0" yaku="8,1" doraHai="63" who="0" fromWho="2" sc="390,23,33,0,250,-13,317,0" owari="413,51.3,33,-46.7,237,-16.3,317,11.7" /></mjloggm>