<mjloggm ver="2.3"><GO type="225" lobby="0"/><UN n0="%72%69%6F%75%63%68%61%6E" n1="%E5%BC%93%E6%9C%A8%E3%81%AA%E3%81%8A" n2="%E5%A4%9C%E3%81%AE%E3%82%AC%E3%82%B9%E3%83%91%E3%83%BC%E3%83%AB" n3="%E8%B6%85%E7%B4%9A%E9%B3%B3%E5%87%B0" dan="16,16,16,16" rate="2109.41,2077.37,2092.30,2120.50" sx="M,M,M,M"/><TAIKYOKU oya="0"/><INIT seed="0,0,0,4,1,106" ten="250,250,250,250" oya="0" hai0="4,61,28,117,121,38,128,66,99,39,77,42,96" hai1="98,1,69,134,63,88,40,114,0,123,71,67,110" hai2="124,8,86,75,84,101,97,62,3,129,122,116,81" hai3="105,31,54,60,9,27,7,127,89,83,46,108,65"/><T95/><D117/><U115/><E123/><V24/><F122/><W22/><G105/><T5/><D121/><U44/><E110/><V12/><F3/><W35/><G108/><T125/><D125/><U23/><E134/><V80/><F124/><W113/><G127/><T58/><D128/><U74/><E23/><V102/><F129/><W119/><G119/><T109/><D109/><U107/><E71/><V70/><F116/><W72/><G113/><N who="1" m="43018" /><E74/><V10/><F24/><W16/><G46/><T103/><D28/><U29/><E29/><V104/><F102/><W94/><G54/><T131/><D131/><U19/><E19/><V33/><F33/><W118/><G118/><T112/><D112/><U37/><E88/><V45/><F75/><W111/><G111/><T64/><D77/><U78/><E78/><V30/><F30/><W91/><G94/><T53/><D99/><U17/><E17/><V14/><F10/><W47/><G47/><T18/><D18/><U50/><E50/><V49/><F8/><W79/><G35/><T34/><D34/><U92/><E92/><V133/><F133/><W87/><G31/><T130/><D130/><U85/><E85/><V15/><F86/><W25/><G25/><T41/><D38/><U76/><E76/><V11/><F84/><W56/><G87/><T48/><D39/><U55/><E55/><N who="2" m="30127" /><F11/><W36/><G36/><T126/><D126/><U52/><E52/><V120/><F120/><W100/><G100/><AGARI ba="0,0" hai="0,1,37,40,44,63,67,69,98,100,107" m="43018" machi="100" ten="30,2000,0" yaku="11,1,23,1" doraHai="106" who="1" fromWho="3" sc="250,0,250,20,250,0,250,-20" /><INIT seed="1,0,0,4,4,25" ten="250,270,250,230" oya="1" hai0="10,95,23,131,110,44,49,97,15,24,121,100,107" hai1="66,6,53,13,127,50,125,99,63,26,47,135,94" hai2="115,130,58,52,113,119,17,11,36,75,16,46,85" hai3="4,41,129,61,68,65,133,105,71,102,82,30,84"/><U40/><E135/><V112/><F130/><W57/><G129/><T8/><D110/><U27/><E6/><V106/><F75/><W31/><G133/><T91/><D131/><U88/><E13/><V120/><F120/><W122/><G122/><T80/><D121/><U33/><E40/><N who="2" m="22791" /><F119/><W93/><G105/><T79/><D15/><U69/><REACH who="1" step="1"/><E33/><REACH who="1" ten="250,260,250,230" step="2"/><V118/><F118/><W124/><G41/><T111/><D111/><U21/><E21/><V87/><F11/><W67/><G4/><T108/><D108/><U43/><E43/><V59/><F115/><W83/><G124/><AGARI ba="0,1" hai="26,27,47,50,53,63,66,69,88,94,99,124,125,127" machi="124" ten="40,7700,0" yaku="1,1,18,1,54,1,53,0" doraHai="25" doraHaiUra="3" who="1" fromWho="3" sc="250,0,260,87,250,0,230,-77" /><INIT seed="1,1,0,5,2,58" ten="250,347,250,153" oya="1" hai0="10,20,92,93,11,53,128,108,98,118,76,104,122" hai1="1,135,109,34,107,43,21,88,125,46,129,52,16" hai2="124,39,114,37,54,55,112,131,121,42,80,111,78" hai3="12,120,134,45,5,123,130,87,67,22,61,7,106"/><U119/><E119/><V40/><F121/><W30/><G106/><T79/><D118/><U72/><E34/><V82/><F111/><W73/><G73/><T132/><D108/><U19/><E107/><V64/><F64/><W68/><G130/><T51/><D122/><U59/><E72/><V17/><F124/><W14/><G134/><T117/><D117/><U133/><E1/><V6/><F17/><W24/><G45/><T15/><D128/><U105/><E105/><V47/><F131/><W96/><G96/><T89/><D104/><U32/><E32/><V28/><F6/><W77/><G5/><T110/><D110/><U127/><E109/><V18/><F18/><W62/><G12/><T69/><D69/><U65/><E129/><V75/><F28/><W103/><G103/><N who="0" m="60871" /><D20/><U23/><E65/><V101/><F101/><W63/><G120/><T41/><D41/><U85/><E23/><V70/><F70/><W66/><G123/><T56/><D132/><N who="1" m="50763" /><E19/><V3/><F3/><W91/><G77/><N who="0" m="29771" /><D15/><N who="1" m="9375" /><E43/><V26/><F75/><W50/><G68/><T83/><D83/><N who="1" m="49215" /><E46/><V25/><F47/><W95/><G50/><AGARI ba="1,0" hai="50,52,59,125,127" m="49215,9375,50763" machi="50" ten="30,11600,0" yaku="20,1,54,3" doraHai="58" who="1" fromWho="3" sc="250,0,347,119,250,0,153,-119" /><INIT seed="1,2,0,0,3,57" ten="250,466,250,34" oya="1" hai0="1,90,79,126,113,130,32,99,6,11,38,92,97" hai1="8,5,28,133,41,67,64,65,36,68,44,125,108" hai2="62,23,101,45,71,2,48,127,26,34,40,73,118" hai3="30,94,49,29,112,39,111,13,98,14,16,81,104"/><U96/><E125/><V63/><F118/><W58/><G112/><T51/><D113/><U74/><E133/><V70/><F34/><W95/><G39/><T18/><D126/><U119/><E119/><V20/><F127/><W7/><G111/><T100/><D130/><U110/><E74/><V89/><F2/><W80/><G104/><T123/><D38/><U93/><E28/><V124/><F124/><W77/><G58/><T10/><D123/><U50/><E36/><V3/><F3/><W61/><G61/><N who="2" m="23049" /><F73/><W72/><G49/><T66/><D32/><U76/><E68/><V37/><F71/><W88/><G80/><T87/><D66/><U132/><E67/><V86/><F70/><W114/><G114/><T82/><D51/><U75/><E65/><V78/><F37/><W107/><G107/><T115/><D115/><U52/><E64/><V128/><F128/><W25/><G95/><T56/><D56/><U106/><E106/><V9/><F101/><W84/><G72/><T55/><D55/><U69/><E69/><V53/><F78/><W42/><G42/><T59/><D59/><N who="1" m="33175" /><E76/><V135/><F135/><W35/><G29/><T105/><D10/><U120/><E75/><V60/><N who="2" m="23057" /><V116/><DORA hai="19" /><F116/><W0/><REACH who="3" step="1"/><G16/><REACH who="3" ten="250,466,250,24" step="2"/><T109/><D18/><U22/><E132/><V121/><F48/><W17/><G17/><T85/><D109/><U46/><E110/><V91/><F40/><W24/><G24/><T129/><D129/><U131/><E131/><V83/><F26/><W27/><G27/><T134/><D134/><U33/><E108/><RYUUKYOKU ba="2,1" sc="250,15,466,-15,250,-15,24,15" hai0="1,6,11,79,82,85,87,90,92,97,99,100,105" hai3="0,7,13,14,25,30,35,77,81,84,88,94,98" /><INIT seed="2,3,1,5,0,117" ten="265,451,235,39" oya="2" hai0="58,38,126,129,40,26,98,2,43,135,24,47,97" hai1="116,79,8,49,68,94,21,93,27,82,119,62,120" hai2="78,70,36,9,63,64,35,109,60,31,132,32,96" hai3="134,73,45,50,19,130,14,33,16,114,103,122,48"/><V22/><F36/><W42/><G33/><T3/><D129/><U99/><E94/><V83/><F132/><W56/><G73/><T127/><D135/><U123/><E49/><V110/><F9/><W90/><G134/><T15/><D15/><U23/><E8/><V39/><F39/><W55/><G130/><T53/><D40/><U107/><E107/><V102/><F63/><W101/><G114/><T106/><D24/><U86/><E68/><V34/><F22/><W61/><G122/><N who="1" m="46634" /><E62/><V1/><F1/><N who="0" m="10" /><D26/><U74/><E74/><N who="2" m="43479" /><F31/><W111/><G111/><N who="2" m="42505" /><F35/><W57/><G90/><T80/><D106/><AGARI ba="3,1" hai="32,34,60,64,70,96,102,106" m="42505,43479" machi="106" ten="30,5800,0" yaku="14,1,10,1,23,1" doraHai="117" who="2" fromWho="0" sc="265,-67,451,0,235,77,39,0" /><INIT seed="2,4,0,5,0,113" ten="198,451,312,39" oya="2" hai0="35,44,30,121,92,50,135,45,22,63,93,75,127" hai1="119,80,21,39,84,57,31,8,42,32,110,37,116" hai2="117,95,94,111,122,69,128,129,62,18,77,36,112" hai3="41,131,24,132,67,26,71,28,49,25,102,59,109"/><V97/><F112/><W19/><G109/><T12/><D121/><U53/><E110/><V9/><F111/><W16/><G131/><N who="2" m="50249" /><F122/><W74/><G74/><T120/><D120/><U48/><E32/><V123/><F123/><W65/><G132/><T5/><D135/><U29/><E8/><V40/><F77/><W130/><G130/><T114/><D114/><U61/><E37/><V108/><F108/><W125/><G125/><T78/><D127/><U15/><E39/><V134/><F134/><W13/><G28/><T89/><D30/><U88/><E31/><V90/><F117/><W72/><G72/><T10/><D35/><U96/><E96/><V83/><F83/><W85/><G102/><T27/><D78/><U46/><REACH who="1" step="1"/><E15/><REACH who="1" ten="198,441,312,39" step="2"/><N who="2" m="7535" /><F97/><W6/><G85/><T58/><D75/><U68/><E68/><V11/><F11/><W101/><G71/><T87/><D93/><U14/><E14/><V86/><F95/><W4/><G13/><T3/><D12/><U43/><E43/><V76/><F36/><W70/><G70/><T47/><D27/><AGARI ba="4,1" hai="21,27,29,42,46,48,53,57,61,80,84,88,116,119" machi="27" ten="40,8000,1" yaku="1,1,52,2,54,1,53,1" doraHai="113" doraHaiUra="23" who="1" fromWho="0" sc="198,-92,441,102,312,0,39,0" /><INIT seed="3,0,0,3,0,55" ten="106,543,312,39" oya="3" hai0="120,86,37,2,11,107,97,102,119,49,113,25,23" hai1="94,110,15,45,69,10,3,65,12,53,103,79,87" hai2="19,5,48,93,132,13,56,74,34,54,91,72,130" hai3="96,14,84,106,128,63,114,59,58,126,40,100,66"/><W4/><G114/><T133/><D119/><U22/><E79/><V124/><F34/><W129/><G126/><T51/><D120/><U116/><E87/><V76/><F130/><N who="3" m="50283" /><G84/><T85/><D37/><U68/><E15/><V24/><F124/><W70/><G40/><T44/><D113/><U90/><E12/><V47/><F132/><W75/><G75/><T9/><D133/><U111/><E22/><V8/><F76/><W41/><G41/><T64/><D64/><U104/><E90/><V28/><F74/><W36/><G36/><T35/><D35/><U108/><E94/><V98/><F72/><W26/><G26/><T112/><D112/><U122/><E53/><V33/><F5/><W115/><G115/><T95/><D107/><U52/><E104/><V30/><F30/><W134/><G134/><T121/><D121/><U80/><E122/><V61/><F24/><W73/><G73/><T1/><D1/><U101/><E3/><V77/><F77/><W42/><G42/><N who="0" m="24727" /><D2/><U123/><E116/><V135/><F135/><W125/><G125/><T89/><D85/><U38/><E38/><V92/><F28/><W21/><G21/><T118/><D118/><U29/><E29/><V17/><F33/><W78/><G78/><T16/><D51/><U71/><E123/><V81/><F48/><W131/><N who="3" m="50291" /><W27/><DORA hai="117" /><G27/><T0/><D0/><U43/><E43/><V105/><F8/><AGARI ba="0,0" hai="4,8,14,58,59,63,66,70,96,100,106" m="50291" machi="8" ten="40,7700,0" yaku="19,1,52,2" doraHai="55,117" who="3" fromWho="2" sc="106,0,543,0,312,-77,39,77" /><INIT seed="3,1,0,5,4,118" ten="106,543,235,116" oya="3" hai0="84,38,46,66,29,52,17,89,130,125,51,39,4" hai1="61,82,1,129,134,65,112,2,108,36,72,75,67" hai2="117,10,48,88,95,40,91,109,121,101,33,0,128" hai3="6,53,70,104,44,80,69,58,7,131,93,79,106"/><W45/><G131/><T64/><D130/><U59/><E82/><V100/><F128/><W13/><G93/><N who="0" m="54439" /><D38/><U110/><E59/><V42/><F117/><W98/><G98/><T133/><D39/><U115/><E61/><V83/><F33/><W9/><G104/><T47/><D125/><U77/><E129/><V57/><F121/><W99/><G99/><T78/><D133/><U31/><E31/><V16/><F109/><W37/><G106/><T120/><D120/><U14/><E36/><V96/><F0/><W124/><G124/><T105/><D105/><U97/><E14/><N who="2" m="7255" /><F91/><W54/><G6/><T18/><D29/><U28/><E28/><V132/><F132/><W135/><G135/><T12/><D78/><U55/><E77/><V122/><F122/><W21/><G70/><T94/><D46/><N who="3" m="18025" /><G37/><T116/><D116/><U111/><E97/><V22/><F101/><W73/><G69/><T86/><D4/><U60/><E110/><V41/><F100/><W107/><G107/><T90/><D17/><U27/><E134/><V34/><F34/><W8/><G8/><AGARI ba="1,0" hai="8,12,18,47,51,52,64,66,86,90,94" m="54439" machi="8" ten="30,2000,0" yaku="8,1,54,1" doraHai="118" who="0" fromWho="3" sc="106,23,543,0,235,0,116,-23" owari="129,-27.1,543,64.3,235,3.5,93,-40.7" /></mjloggm>