<mjloggm ver="2.3"><GO type="225" lobby="0"/><UN n0="%E3%81%82%E3%81%99%E3%81%AB%E3%82%83%E3%82%80" n1="%E3%81%95%E3%81%8D%E3%81%9F%E3%81%BE%E6%9E%97%E6%AA%8E" n2="%E3%82%BD%E3%83%AB%E3%83%88%E3%82%AF%E3%83%AA%E3%83%BC%E3%82%AF" n3="%4B%2E%32%2E%4B%2E" dan="16,16,16,16" rate="2147.88,2045.58,2089.48,2147.64" sx="F,M,M,M"/><TAIKYOKU oya="0"/><INIT seed="0,0,0,0,3,114" ten="250,250,250,250" oya="0" hai0="59,121,87,86,90,116,74,40,43,130,21,81,102" hai1="98,41,18,68,110,128,111,29,83,77,37,101,12" hai2="4,22,122,120,108,55,36,100,45,46,56,8,38" hai3="92,95,124,57,107,132,82,63,26,76,71,127,123"/><T94/><D121/><U28/><E68/><V10/><F100/><W70/><G107/><T61/><D130/><U72/><E128/><V17/><F122/><W129/><G123/><T125/><D125/><N who="3" m="48201" /><G129/><T35/><D35/><U5/><E5/><V32/><F32/><W48/><G132/><T6/><D74/><U27/><E41/><V11/><F120/><W73/><G48/><T80/><D6/><U119/><E37/><V23/><F4/><W33/><G70/><T42/><D116/><U1/><E1/><V88/><F108/><N who="1" m="41513" /><E27/><V39/><F88/><W49/><G49/><T54/><D21/><N who="1" m="11463" /><E119/><V131/><F131/><W118/><G71/><T66/><D102/><U133/><E133/><V3/><F3/><W7/><G7/><T96/><REACH who="0" step="1"/><D66/><REACH who="0" ten="240,250,250,250" step="2"/><U67/><E67/><V91/><F91/><W19/><G118/><T60/><D60/><U24/><E24/><V51/><REACH who="2" step="1"/><F17/><REACH who="2" ten="240,250,240,250" step="2"/><W113/><G19/><T97/><D97/><U99/><E99/><V69/><F69/><W0/><G0/><T109/><D109/><U30/><E30/><V115/><F115/><W14/><G113/><T16/><D16/><U135/><E135/><V79/><F79/><W89/><G89/><T2/><D2/><U84/><E72/><V103/><F103/><W93/><G33/><T50/><D50/><U13/><E98/><V9/><N who="2" m="2048" /><DORA hai="126" /><V105/><F105/><W34/><G34/><T15/><D15/><U85/><E101/><V58/><F58/><W75/><G14/><T64/><D64/><U112/><E13/><V53/><F53/><N who="3" m="34223" /><G73/><T78/><D78/><RYUUKYOKU ba="0,2" sc="240,10,250,-30,240,10,250,10" hai0="40,42,43,54,59,61,80,81,86,87,90,94,96" hai2="22,23,36,38,39,45,46,51,55,56" hai3="26,75,76,82,92,93,95" /><INIT seed="0,1,2,4,5,71" ten="250,220,250,260" oya="0" hai0="40,44,59,22,21,32,79,42,135,29,107,46,64" hai1="117,54,48,12,82,14,111,6,24,73,72,108,51" hai2="102,103,33,80,101,17,2,112,92,118,31,19,63" hai3="100,56,16,70,35,95,39,0,105,25,121,76,50"/><T89/><D107/><U36/><E117/><V77/><F2/><W115/><G70/><T65/><D79/><U45/><E24/><V131/><F112/><W74/><G115/><T132/><D29/><U67/><E67/><V86/><F131/><W125/><G0/><T97/><D97/><U104/><E104/><V127/><F127/><W55/><G125/><T85/><D85/><U61/><E61/><V15/><F118/><W52/><G121/><T93/><D93/><U124/><E124/><V34/><F34/><W68/><G68/><T129/><D129/><U133/><E133/><V20/><F33/><W8/><G39/><T66/><D32/><U126/><E126/><V83/><F31/><W57/><G105/><T81/><D81/><U69/><E69/><V9/><F63/><W60/><G76/><T113/><D113/><U91/><E36/><V4/><F4/><W75/><G35/><T43/><D59/><N who="1" m="33223" /><E91/><N who="2" m="53367" /><F77/><W78/><G78/><T5/><D89/><U38/><E38/><V120/><F120/><W13/><REACH who="3" step="1"/><G25/><AGARI ba="1,2" hai="9,15,17,19,20,25,80,83,101,102,103" m="53367" machi="25" ten="30,1000,0" yaku="8,1" doraHai="71" who="2" fromWho="3" sc="250,0,220,0,250,33,260,-13" /><INIT seed="1,0,0,0,1,130" ten="250,220,283,247" oya="1" hai0="5,111,80,39,8,59,112,37,33,4,46,104,90" hai1="13,118,6,131,93,91,27,67,79,3,76,63,95" hai2="10,43,41,94,17,88,102,123,23,60,92,72,134" hai3="85,22,24,128,126,42,54,84,29,78,135,51,9"/><U16/><E118/><V70/><F72/><W105/><G105/><T52/><D111/><U62/><E131/><V38/><F38/><W26/><G128/><T35/><D112/><U57/><E3/><V110/><F123/><W68/><G68/><T71/><D71/><U7/><E63/><V89/><F110/><W101/><G101/><T50/><D104/><U47/><E47/><V25/><F70/><W73/><G126/><T96/><D4/><N who="1" m="1579" /><E27/><V122/><F122/><W74/><G42/><T49/><D39/><U83/><E83/><V107/><F107/><W121/><G9/><T58/><D37/><U65/><E65/><V113/><F113/><W125/><G125/><T87/><D96/><N who="1" m="57407" /><E95/><V69/><F69/><W119/><G119/><T1/><REACH who="0" step="1"/><D59/><REACH who="0" ten="240,220,283,247" step="2"/><U127/><E127/><V66/><F134/><W0/><G135/><T120/><D120/><U11/><AGARI ba="0,1" hai="11,13,16,57,62,67,76,79" m="57407,1579" machi="11" ten="30,3000,0" yaku="8,1,54,1" doraHai="130" who="1" fromWho="1" sc="240,-10,220,40,283,-10,247,-10" /><INIT seed="1,1,0,4,5,52" ten="230,260,273,237" oya="1" hai0="9,84,98,131,74,1,63,29,30,21,78,92,96" hai1="108,126,26,69,25,24,16,103,112,14,0,38,120" hai2="3,4,101,79,12,75,47,28,86,41,64,124,7" hai3="97,73,82,89,134,40,105,35,62,46,106,58,51"/><U8/><E112/><V85/><F64/><W23/><G35/><T34/><D131/><U68/><E120/><V5/><F28/><W130/><G130/><T65/><D34/><U13/><E38/><V116/><F116/><W72/><G134/><T39/><D39/><U117/><E103/><V60/><F3/><W10/><G73/><T123/><D74/><U125/><E117/><V50/><F75/><W56/><G72/><T27/><D123/><U127/><E69/><V37/><F37/><W95/><G82/><T20/><D1/><U102/><E102/><V135/><F135/><W129/><G129/><T32/><D9/><N who="1" m="6191" /><E0/><V100/><F124/><W31/><G10/><T19/><D32/><U107/><E68/><V109/><F109/><W36/><G56/><T128/><D128/><U15/><E107/><V33/><F33/><W67/><REACH who="3" step="1"/><G36/><REACH who="3" ten="230,260,273,227" step="2"/><T22/><D22/><U87/><E108/><V99/><F4/><W17/><G17/><T83/><D19/><N who="1" m="8647" /><E15/><V133/><F7/><W80/><G80/><T6/><D6/><U57/><E87/><V2/><F5/><W76/><G76/><T54/><D20/><U45/><E57/><V94/><F86/><W119/><G119/><T53/><D30/><U122/><E122/><V55/><F79/><W114/><G114/><T104/><D104/><U90/><E45/><V44/><F44/><W93/><G93/><T48/><D92/><U110/><E110/><V115/><F94/><W66/><G66/><T18/><D65/><U43/><E26/><AGARI ba="1,1" hai="23,26,31,40,46,51,58,62,67,89,95,97,105,106" machi="26" ten="40,2600,0" yaku="1,1,52,1,53,0" doraHai="52" doraHaiUra="118" who="3" fromWho="1" sc="230,0,260,-29,273,0,227,39" /><INIT seed="2,0,0,2,0,77" ten="230,231,273,266" oya="2" hai0="63,111,28,101,117,4,49,0,121,125,132,31,18" hai1="14,21,90,40,120,24,96,7,76,57,131,79,73" hai2="109,78,44,30,2,39,91,81,72,107,56,3,6" hai3="71,106,9,108,98,1,66,99,104,12,114,83,22"/><V27/><F107/><W115/><G1/><T129/><D121/><U61/><E131/><V55/><F109/><W69/><G22/><T113/><D111/><U42/><E120/><V15/><F15/><W92/><G108/><T52/><D113/><N who="3" m="43017" /><G83/><T95/><D129/><U37/><E37/><V58/><F91/><N who="3" m="55583" /><G66/><T8/><D117/><U65/><E79/><V25/><F30/><W36/><G36/><T127/><D31/><N who="1" m="17807" /><E76/><V88/><F88/><W68/><G99/><T133/><D28/><U50/><E73/><V124/><F124/><W29/><G29/><T59/><D125/><U74/><E74/><V85/><F85/><W118/><G118/><T64/><D127/><U126/><E126/><V75/><F75/><W105/><G105/><T103/><D95/><N who="1" m="56439" /><E50/><V53/><F53/><W34/><G34/><T80/><D80/><U130/><E130/><V19/><F19/><AGARI ba="0,0" hai="9,12,19,68,69,71,104,106" m="55583,43017" machi="19" ten="40,1300,0" yaku="11,1" doraHai="77" who="3" fromWho="2" sc="230,0,231,0,273,-13,266,13" /><INIT seed="3,0,0,1,0,70" ten="230,231,260,279" oya="3" hai0="39,13,26,114,23,25,56,15,50,30,47,18,9" hai1="63,89,41,66,85,33,123,48,79,132,3,111,24" hai2="87,100,80,88,73,69,29,20,86,124,91,95,60" hai3="1,117,42,40,12,133,68,75,122,71,93,2,64"/><W46/><G117/><T31/><D114/><U10/><E123/><V7/><F7/><W115/><G115/><T6/><D39/><U99/><E132/><V78/><F69/><W129/><G122/><T81/><D56/><U37/><E37/><V101/><F60/><W125/><G75/><T65/><D65/><U67/><E111/><V54/><F54/><W59/><G93/><T108/><D108/><U118/><E118/><V8/><F8/><W130/><G12/><T77/><D30/><U105/><E79/><V51/><F51/><W5/><G125/><T21/><D21/><U119/><E119/><V0/><F0/><W103/><G103/><N who="2" m="39497" /><F20/><W126/><G133/><T110/><D31/><U36/><E36/><V28/><F28/><W112/><G126/><T62/><D62/><U49/><E105/><V94/><F29/><W82/><G82/><T134/><D134/><U107/><E107/><V58/><F58/><W135/><G112/><T131/><D110/><U44/><E49/><V113/><F113/><W84/><G135/><T72/><REACH who="0" step="1"/><D131/><REACH who="0" ten="220,231,260,279" step="2"/><U97/><E63/><V14/><F14/><W76/><G71/><T128/><D128/><U19/><E67/><V53/><F53/><AGARI ba="0,1" hai="6,9,13,15,18,23,25,26,47,50,53,72,77,81" machi="53" ten="30,2000,0" yaku="1,1,7,1,53,0" doraHai="70" doraHaiUra="98" who="0" fromWho="2" sc="220,30,231,0,260,-20,279,0" /><INIT seed="4,0,0,2,3,63" ten="250,231,240,279" oya="0" hai0="46,134,78,18,40,129,8,11,110,27,50,124,96" hai1="67,15,86,10,101,28,121,114,4,116,42,61,59" hai2="32,33,29,109,47,118,2,82,24,12,103,132,68" hai3="0,41,92,37,84,49,31,3,25,131,123,115,99"/><T127/><D134/><U81/><E116/><V74/><F109/><W76/><G37/><T97/><D110/><U80/><E121/><V104/><F118/><W65/><G123/><T93/><D129/><U38/><E114/><V72/><F2/><W94/><G115/><T106/><D78/><U62/><E101/><V100/><F132/><W112/><G3/><T43/><D43/><U55/><E28/><V45/><F33/><W126/><G0/><T66/><D66/><U20/><E20/><V75/><F82/><W98/><G126/><N who="0" m="48171" /><D106/><U56/><REACH who="1" step="1"/><E86/><REACH who="1" ten="250,221,240,279" step="2"/><V9/><F103/><W48/><G84/><T91/><D96/><U36/><E36/><V88/><F100/><W26/><G99/><T90/><D91/><U69/><E69/><V135/><F88/><W85/><G85/><T130/><D130/><U120/><E120/><V89/><F89/><W44/><G98/><T122/><D122/><U71/><E71/><V133/><F68/><W6/><G131/><T77/><D77/><U73/><E73/><V16/><F104/><W13/><G76/><T95/><D95/><U22/><E22/><AGARI ba="0,1" hai="8,11,18,22,27,40,46,50,90,93,97" m="48171" machi="22" ten="30,1500,0" yaku="18,1" doraHai="63" who="0" fromWho="1" sc="250,25,221,-15,240,0,279,0" /><INIT seed="4,1,0,0,5,38" ten="275,206,240,279" oya="0" hai0="77,98,0,71,64,113,85,2,128,116,7,70,36" hai1="94,93,28,5,52,40,55,65,54,21,60,25,41" hai2="13,29,49,125,17,53,45,20,51,104,81,72,16" hai3="15,59,3,9,119,101,79,126,82,33,8,22,91"/><T61/><D116/><U129/><E129/><V30/><F104/><W96/><G33/><T23/><D128/><U90/><E5/><V78/><F125/><W62/><G91/><T134/><D113/><U112/><E112/><V10/><F51/><W27/><G3/><T24/><D134/><U69/><REACH who="1" step="1"/><E94/><REACH who="1" ten="275,196,240,279" step="2"/><V67/><REACH who="2" step="1"/><F67/><REACH who="2" ten="275,196,230,279" step="2"/><W124/><G124/><T73/><D64/><U58/><E58/><V66/><F66/><W105/><G126/><T63/><D71/><U14/><E14/><AGARI ba="1,2" hai="10,13,14,16,17,20,29,30,45,49,53,72,78,81" machi="14" ten="30,3900,0" yaku="1,1,7,1,54,1,53,0" doraHai="38" doraHaiUra="127" who="2" fromWho="1" sc="275,0,196,-42,230,62,279,0" /><INIT seed="5,0,0,5,0,102" ten="275,154,292,279" oya="1" hai0="135,90,14,18,79,77,0,19,5,61,115,121,39" hai1="26,23,4,47,16,6,127,22,72,24,80,106,81" hai2="46,128,38,31,126,34,93,27,64,122,131,87,7" hai3="132,29,91,43,78,124,63,53,62,33,10,104,17"/><U129/><E127/><V45/><F122/><W83/><G124/><T111/><D111/><U59/><E129/><N who="2" m="49739" /><F126/><W105/><G132/><T21/><D135/><U50/><E106/><V98/><F87/><W116/><G43/><T112/><D39/><U42/><E59/><V89/><F38/><W92/><G29/><T88/><D121/><U11/><E72/><V36/><F36/><W71/><G33/><T130/><D130/><U66/><E66/><V52/><F64/><W133/><G116/><T85/><D61/><U56/><E56/><V67/><F67/><W20/><G10/><T123/><D123/><U107/><E107/><V44/><F7/><W49/><G71/><T9/><D19/><U13/><REACH who="1" step="1"/><E6/><REACH who="1" ten="275,144,292,279" step="2"/><V57/><F57/><W114/><G133/><T70/><D70/><U84/><E84/><V94/><F94/><W82/><G104/><T1/><D85/><U30/><AGARI ba="0,1" hai="4,11,13,16,22,23,24,26,30,42,47,50,80,81" machi="30" ten="20,12000,1" yaku="1,1,0,1,7,1,8,1,54,1,53,0" doraHai="102" doraHaiUra="51" who="1" fromWho="1" sc="275,-40,144,130,292,-40,279,-40" /><INIT seed="5,1,0,5,0,1" ten="235,274,252,239" oya="1" hai0="119,66,73,14,62,61,3,120,114,101,46,74,131" hai1="72,45,10,38,12,132,70,96,81,117,13,92,109" hai2="67,64,97,57,91,33,116,133,0,37,127,34,94" hai3="35,8,19,75,44,50,69,52,88,49,105,27,115"/><U17/><E117/><V103/><F116/><W54/><G75/><T47/><D119/><U121/><E121/><V43/><F0/><W65/><G105/><T42/><D3/><U32/><E32/><V90/><F34/><W4/><G115/><T5/><D114/><U21/><E70/><V129/><F33/><W86/><G69/><T36/><D120/><U122/><E122/><V63/><F129/><W68/><G68/><T2/><D2/><U87/><E72/><V112/><F112/><W56/><G65/><T16/><D131/><U18/><E132/><V98/><F133/><W84/><G88/><T39/><D101/><U26/><E109/><V128/><F128/><W6/><G35/><T59/><D62/><U124/><E124/><V48/><F37/><W80/><G80/><T110/><D110/><U93/><E96/><V30/><F30/><W55/><G55/><T126/><D126/><U83/><E83/><V111/><F111/><W23/><G8/><T24/><D24/><U107/><E26/><V134/><F134/><W108/><G108/><T20/><REACH who="0" step="1"/><D5/><AGARI ba="1,0" hai="4,5,6,19,23,27,44,49,50,52,54,56,84,86" machi="5" ten="40,8000,1" yaku="8,1,52,3,54,1" doraHai="1" who="3" fromWho="0" sc="235,-83,274,0,252,0,239,83" owari="152,-34.8,274,7.4,252,-14.8,322,42.2" /></mjloggm>