<mjloggm ver="2.3"><GO type="225" lobby="0"/><UN n0="%E3%83%AB%E3%83%9B%E3%83%B3%E3%83%87%E3%82%A3%E3%82%A8" n1="%E3%81%B7%E3%82%8A%E3%82%93%E8%81%96%E4%BA%BA" n2="%E3%82%BC%E3%83%AB%E3%83%80%E3%81%AE%E4%BC%9D%E8%AA%AC" n3="%E3%81%A1%E3%82%85%E3%81%86%E3%81%A9%E3%81%8F%E8%B1%A1%E3%81%95%E3%82%93" dan="17,16,16,16" rate="2191.90,2114.30,2111.89,2078.97" sx="M,M,M,M"/><TAIKYOKU oya="0"/><INIT seed="0,0,0,1,0,98" ten="250,250,250,250" oya="0" hai0="72,132,27,114,25,104,19,1,20,21,95,120,0" hai1="96,40,67,15,39,35,34,23,45,33,135,110,60" hai2="36,32,75,18,48,31,6,77,88,130,54,51,99" hai3="127,100,22,47,41,112,12,68,14,50,2,42,43"/><T94/><D104/><U7/><E135/><V62/><F36/><W119/><G112/><T8/><D72/><U123/><E123/><V63/><F130/><W71/><G119/><T102/><D120/><U49/><E39/><V73/><F6/><W13/><G2/><T133/><D114/><U5/><E110/><V76/><F18/><W82/><G127/><T56/><D56/><U103/><E15/><V124/><F99/><W66/><G82/><T131/><D131/><U101/><E23/><N who="0" m="8777" /><D102/><U113/><E113/><V64/><F54/><W17/><G100/><T61/><D61/><U74/><E103/><V93/><F93/><N who="0" m="35338" /><D19/><U3/><E74/><V30/><F32/><W90/><G90/><T91/><D91/><U117/><E3/><N who="0" m="1097" /><D8/><U65/><E117/><V109/><F88/><W128/><G128/><T37/><D37/><U134/><E134/><AGARI ba="0,0" hai="25,27,132,133,134" m="1097,35338,8777" machi="134" ten="40,7700,0" yaku="28,2,20,1" doraHai="98" who="0" fromWho="1" sc="250,77,250,-77,250,0,250,0" /><INIT seed="0,1,0,3,0,67" ten="327,173,250,250" oya="0" hai0="54,61,127,24,99,78,112,129,132,42,95,23,2" hai1="133,10,131,65,32,134,18,7,38,21,96,123,15" hai2="11,51,110,103,72,97,25,111,19,34,41,80,50" hai3="90,118,48,84,63,9,101,100,56,55,35,125,108"/><T58/><D112/><U69/><E38/><V26/><F72/><W114/><G118/><T81/><D2/><U53/><E32/><V73/><F73/><W49/><G114/><T89/><D127/><U98/><E123/><V88/><F11/><W83/><G35/><T91/><D129/><U126/><E126/><V115/><F115/><W31/><G125/><T12/><D132/><N who="1" m="50795" /><E131/><V71/><F71/><W14/><G31/><T37/><D12/><N who="1" m="9415" /><E53/><V122/><F122/><W4/><REACH who="3" step="1"/><G108/><REACH who="3" ten="327,173,250,240" step="2"/><T28/><D37/><U135/><E135/><V6/><F34/><W74/><G74/><T39/><D39/><U3/><E3/><V121/><F111/><W43/><G43/><T94/><D42/><U102/><E102/><AGARI ba="1,1" hai="4,9,14,48,49,55,56,63,83,84,90,100,101,102" machi="102" ten="40,2600,0" yaku="1,1,8,1,53,0" doraHai="67" doraHaiUra="40" who="3" fromWho="1" sc="327,0,173,-29,250,0,240,39" /><INIT seed="1,0,0,4,1,134" ten="327,144,250,279" oya="1" hai0="1,73,123,125,96,88,27,28,14,51,9,105,86" hai1="117,53,67,13,47,23,75,70,115,42,24,122,100" hai2="102,49,54,17,41,19,91,71,3,78,33,95,11" hai3="39,106,10,82,4,50,31,81,93,127,12,43,36"/><U64/><E75/><V69/><F33/><W46/><G106/><T103/><D73/><U107/><E122/><V94/><F41/><W120/><G120/><T30/><D1/><U66/><E70/><V34/><F34/><W87/><G31/><T108/><D108/><U98/><E117/><V80/><F69/><W48/><G127/><T92/><D125/><U7/><E53/><V109/><F71/><W38/><G50/><T59/><D123/><U83/><E83/><V20/><F109/><W97/><REACH who="3" step="1"/><G87/><REACH who="3" ten="327,144,250,269" step="2"/><T25/><D30/><U90/><E115/><V126/><F49/><W84/><G84/><T135/><D28/><U77/><E77/><V111/><F126/><W56/><G56/><T44/><D59/><U129/><E129/><V45/><F78/><W57/><G57/><T62/><D62/><U132/><E132/><V114/><F114/><W118/><G118/><T130/><D130/><U74/><E74/><V124/><F124/><W131/><G131/><T52/><D135/><U0/><E47/><V99/><F111/><W116/><G116/><T128/><D128/><U35/><E35/><V63/><F45/><W76/><G76/><T61/><D61/><U8/><E42/><V15/><F63/><W18/><G18/><AGARI ba="0,1" hai="9,14,18,25,27,44,51,52,86,88,92,96,103,105" machi="18" ten="30,3900,0" yaku="7,1,54,2" doraHai="134" who="0" fromWho="3" sc="327,49,144,0,250,0,269,-39" /><INIT seed="2,0,0,0,1,79" ten="376,144,250,230" oya="2" hai0="93,111,102,100,50,125,64,132,83,119,75,46,91" hai1="14,25,6,92,4,133,121,34,11,21,68,94,51" hai2="72,82,89,56,12,66,98,39,30,65,43,49,45" hai3="3,120,131,52,114,129,127,24,38,124,69,112,115"/><V128/><F128/><N who="3" m="49227" /><G3/><T15/><D111/><U106/><E106/><V104/><F30/><W81/><G120/><T29/><D64/><U54/><E68/><V58/><F104/><W59/><G24/><T42/><D125/><N who="3" m="48201" /><G69/><T2/><D15/><U23/><E133/><V44/><F65/><W85/><G38/><T135/><D119/><U0/><E121/><V110/><F66/><W7/><G7/><T63/><D2/><U61/><E61/><V118/><F118/><W53/><G59/><T5/><D63/><U8/><E34/><V113/><F12/><W20/><G20/><T32/><D5/><U108/><E23/><V48/><F39/><W41/><G41/><T19/><D19/><U35/><E35/><V33/><F58/><W18/><G18/><T28/><D32/><U67/><E67/><V87/><F56/><W74/><G74/><T134/><D28/><U16/><REACH who="1" step="1"/><E108/><REACH who="1" ten="376,134,250,230" step="2"/><V71/><F110/><W103/><G103/><T86/><D29/><U27/><E27/><V105/><F33/><W109/><G109/><T130/><D130/><U22/><E22/><V31/><F71/><W107/><G107/><T73/><D102/><U10/><E10/><V36/><F105/><W62/><G62/><T116/><D116/><U60/><E60/><V97/><F31/><W76/><AGARI ba="0,1" hai="52,53,76,81,85,112,114,115" m="48201,49227" machi="76" ten="40,8000,1" yaku="11,1,19,1,18,1,52,1,54,1" doraHai="79" who="3" fromWho="3" sc="376,-20,134,-20,250,-40,230,90" /><INIT seed="3,0,0,0,0,81" ten="356,114,210,320" oya="3" hai0="101,98,100,28,93,85,43,26,96,50,58,83,9" hai1="106,17,79,129,30,37,77,11,111,31,107,47,87" hai2="48,103,64,105,38,122,27,116,35,33,66,119,3" hai3="131,13,120,51,21,60,124,108,20,123,34,75,68"/><W5/><G75/><T133/><D133/><U71/><E71/><V18/><F38/><W42/><G34/><T23/><D9/><U132/><E132/><V45/><F3/><W56/><G68/><T29/><D29/><U128/><E37/><V114/><F114/><W126/><G131/><T36/><D36/><U2/><E47/><V14/><F64/><N who="3" m="38919" /><G5/><T78/><D43/><U89/><E2/><V22/><F66/><W70/><G70/><T113/><D113/><U76/><E11/><V0/><F18/><N who="3" m="10319" /><G21/><T19/><D19/><U54/><E17/><V112/><F22/><W109/><G42/><T59/><D50/><U115/><E115/><V62/><F48/><W4/><G4/><T95/><AGARI ba="0,0" hai="23,26,28,58,59,78,83,85,93,95,96,98,100,101" machi="95" ten="20,8000,1" yaku="0,1,7,1,9,1,8,1,52,1" doraHai="81" who="0" fromWho="0" sc="356,80,114,-20,210,-20,320,-40" owari="436,53.6,94,-40.6,190,-21.0,280,8.0" /></mjloggm>