<mjloggm ver="2.3"><GO type="225" lobby="0"/><UN n0="%E6%B4%BE%E9%81%A3%E3%81%AE%E3%82%B8%E3%83%A3%E3%83%83%E3%82%AF" n1="%E9%B3%B3%E6%9D%B1%E3%81%AE%E3%81%86%E3%81%95%E3%81%8E%E3%81%95%E3%82%93" n2="%43%68%65" n3="%E3%81%AA%E3%81%A1%30%39%32%37" dan="16,17,16,16" rate="2186.17,2185.62,2175.20,2074.55" sx="M,M,M,M"/><TAIKYOKU oya="0"/><INIT seed="0,0,0,0,1,43" ten="250,250,250,250" oya="0" hai0="29,5,55,2,125,78,15,76,117,105,69,63,58" hai1="107,90,9,71,28,44,35,116,77,3,99,57,70" hai2="92,46,60,110,84,65,24,114,118,64,7,134,80" hai3="40,135,96,132,36,62,23,66,31,101,37,34,61"/><T59/><D69/><U1/><E116/><V131/><F114/><W32/><BYE who="2" /><G23/><T106/><D117/><U20/><E20/><V54/><F54/><W112/><G112/><T95/><D2/><U127/><E57/><UN n2="%43%68%65" /><V87/><F118/><W81/><G81/><T25/><D125/><U109/><E127/><V124/><F124/><W100/><G40/><T129/><D129/><U10/><E77/><V51/><F131/><W91/><G91/><T72/><D95/><U83/><E109/><V130/><F130/><W12/><G12/><T89/><D89/><U121/><E121/><V85/><F134/><N who="3" m="51243" /><G62/><T113/><D113/><U126/><E83/><V45/><F51/><W82/><G82/><T133/><D133/><U30/><E126/><V73/><F73/><W103/><G96/><T86/><D72/><U14/><E14/><V49/><F49/><W120/><G120/><T39/><D39/><N who="3" m="14921" /><G31/><T19/><D76/><U17/><E90/><N who="2" m="53319" /><F110/><W16/><G16/><T50/><D19/><U6/><E17/><V22/><F7/><W42/><G42/><T123/><D123/><U67/><E6/><V94/><F94/><W52/><G52/><T108/><D108/><U33/><E99/><V0/><F60/><W128/><G128/><T48/><D63/><U21/><E1/><V111/><F0/><W27/><G27/><T18/><D5/><U98/><E3/><V4/><F4/><W8/><G8/><N who="0" m="6503" /><D78/><U53/><E9/><V104/><F111/><W11/><G11/><T88/><D25/><U47/><E10/><V41/><F80/><W97/><G97/><RYUUKYOKU ba="0,0" sc="250,-10,250,-10,250,-10,250,30" hai3="32,34,61,66,100,101,103" /><INIT seed="1,1,0,1,2,41" ten="240,240,240,280" oya="1" hai0="61,63,37,36,14,16,98,2,86,55,51,135,49" hai1="7,8,22,44,53,75,117,19,125,10,105,29,104" hai2="18,50,94,123,80,77,82,78,85,34,111,39,31" hai3="21,73,97,56,128,12,35,47,54,132,58,100,101"/><U90/><E117/><V1/><F123/><W68/><G68/><T15/><D2/><U127/><E75/><V72/><F39/><W46/><G35/><T26/><D135/><U57/><E29/><V110/><F1/><W116/><G73/><T83/><D98/><U42/><E90/><V65/><F65/><W33/><G33/><T92/><D92/><U74/><E74/><V67/><F67/><W30/><G132/><T38/><D26/><N who="1" m="14687" /><E53/><V91/><F31/><W60/><G128/><T5/><D5/><U122/><E57/><V114/><F34/><W99/><G116/><T0/><D0/><N who="1" m="103" /><E10/><V113/><F50/><N who="3" m="30807" /><G12/><T40/><D15/><U59/><E59/><V134/><F134/><W89/><G21/><T48/><D40/><U88/><E88/><V106/><F106/><W124/><G30/><T25/><D25/><U107/><E122/><V118/><F118/><W23/><G23/><T119/><D119/><U108/><E108/><N who="2" m="41515" /><F18/><W4/><G4/><T76/><REACH who="0" step="1"/><D55/><REACH who="0" ten="230,240,240,280" step="2"/><U112/><E105/><V20/><F20/><AGARI ba="1,1" hai="14,16,20,36,37,38,48,49,51,61,63,76,83,86" machi="20" ten="50,6400,0" yaku="1,1,2,1,54,1,53,0" doraHai="41" doraHaiUra="121" who="0" fromWho="2" sc="230,77,240,0,240,-67,280,0" /><INIT seed="2,0,0,3,3,8" ten="307,240,173,280" oya="2" hai0="33,95,91,125,87,129,113,81,2,102,98,54,26" hai1="23,82,112,48,86,50,35,34,130,4,73,9,3" hai2="116,88,105,59,80,53,71,126,52,118,84,110,62" hai3="55,107,47,120,0,75,66,13,133,94,19,51,60"/><V104/><F126/><W103/><G120/><T56/><D113/><U135/><E112/><V58/><F71/><W117/><G117/><T115/><D115/><U134/><E73/><V37/><F37/><W28/><G133/><N who="1" m="50698" /><E23/><V5/><F5/><W76/><G0/><T72/><D2/><U16/><E16/><V38/><F38/><W92/><G28/><T122/><D122/><U67/><E67/><V31/><F31/><W14/><G14/><T36/><D36/><U83/><E83/><V106/><REACH who="2" step="1"/><F110/><REACH who="2" ten="307,240,163,280" step="2"/><W24/><G19/><T132/><D125/><U108/><E108/><V64/><F64/><W7/><G66/><T131/><D132/><U32/><E130/><V111/><F111/><W20/><G7/><T77/><D131/><U109/><E109/><V45/><F45/><W41/><G47/><T22/><D129/><U42/><E42/><V49/><AGARI ba="0,1" hai="49,52,53,58,59,62,80,84,88,104,105,106,116,118" machi="49" ten="30,12000,1" yaku="1,1,0,1,54,2,53,1" doraHai="8" doraHaiUra="44" who="2" fromWho="2" sc="307,-40,240,-40,163,130,280,-40" /><INIT seed="2,1,0,1,5,104" ten="267,200,293,240" oya="2" hai0="49,125,80,106,15,29,25,42,9,26,69,134,126" hai1="133,110,57,48,35,3,112,103,81,13,34,28,5" hai2="77,97,46,75,119,111,98,39,114,40,30,2,41" hai3="23,94,132,109,71,45,67,47,18,7,63,14,124"/><V123/><F114/><W76/><G109/><T21/><D106/><U135/><E112/><V122/><F119/><W27/><G132/><N who="1" m="50762" /><E103/><V87/><F111/><W43/><G124/><T62/><D134/><U37/><E37/><V127/><F127/><N who="0" m="48650" /><D80/><U53/><E110/><V99/><F87/><W88/><G76/><T86/><D86/><U65/><E3/><V60/><F41/><W95/><G47/><N who="0" m="25847" /><D26/><U89/><E28/><V116/><F116/><W1/><G1/><T131/><D131/><U117/><E117/><V36/><F36/><W105/><G105/><T44/><D44/><N who="1" m="27783" /><E81/><N who="2" m="45247" /><F30/><W19/><G7/><N who="0" m="3519" /><D62/><N who="1" m="38095" /><E89/><V79/><F79/><W66/><G88/><T90/><D69/><U107/><E107/><V50/><F60/><W83/><G83/><T20/><D90/><U68/><E68/><V64/><F50/><W93/><G63/><T59/><D59/><U12/><E12/><V56/><F56/><W82/><G82/><T55/><D55/><U113/><E113/><V70/><F70/><W115/><G115/><T0/><D0/><U8/><AGARI ba="1,0" hai="5,8,13,34,35" m="38095,27783,50762" machi="8" ten="30,1100,0" yaku="20,1" doraHai="104" who="1" fromWho="1" sc="267,-4,200,14,293,-6,240,-4" /><INIT seed="3,0,0,5,3,6" ten="263,214,287,236" oya="3" hai0="88,108,59,17,115,62,92,3,22,14,33,99,86" hai1="8,27,117,101,104,76,28,45,64,2,130,44,90" hai2="96,60,75,48,123,47,40,81,84,83,46,73,25" hai3="54,110,65,80,118,61,56,72,11,37,89,109,7"/><W30/><G118/><T79/><D3/><U100/><E117/><V116/><F116/><W41/><G30/><T57/><D33/><U94/><E76/><V29/><F123/><W105/><G105/><T26/><D108/><N who="3" m="41577" /><G37/><T9/><D115/><U125/><E130/><V31/><F31/><W103/><G41/><T66/><D59/><U126/><E64/><V102/><F47/><N who="1" m="17993" /><E104/><V91/><F60/><W98/><G72/><T129/><D129/><U134/><E2/><V122/><F83/><W13/><G80/><N who="0" m="47391" /><D26/><U32/><E8/><AGARI ba="0,0" hai="8,9,14,17,22,57,62,66,88,92,99" m="47391" machi="8" ten="30,7700,0" yaku="8,1,52,2,54,1" doraHai="6" who="0" fromWho="1" sc="263,77,214,-77,287,0,236,0" owari="340,44.0,137,-36.3,287,8.7,236,-16.4" /></mjloggm>