<mjloggm ver="2.3"><GO type="225" lobby="0"/><UN n0="%E3%81%BF%E3%81%BF%E3%81%9A" n1="%6D%61%74%69%67%75%73%61" n2="%E9%B3%B3%E6%9D%B1%E3%81%AE%E3%81%86%E3%81%95%E3%81%8E%E3%81%95%E3%82%93" n3="%E3%81%B5%E3%81%98%E3%81%8B%E3%81%A4" dan="16,17,17,16" rate="2135.81,2229.85,2259.22,2180.14" sx="M,M,M,M"/><TAIKYOKU oya="0"/><INIT seed="0,0,0,0,2,62" ten="250,250,250,250" oya="0" hai0="82,113,40,98,120,9,36,123,103,57,60,48,31" hai1="95,118,58,76,20,22,102,128,135,133,80,37,88" hai2="129,117,104,49,19,15,122,66,115,126,68,110,39" hai3="90,101,99,14,1,105,5,100,97,4,41,121,64"/><T34/><D113/><U131/><E37/><V38/><RYUUKYOKU type="yao9" ba="0,0" sc="250,0,250,0,250,0,250,0" hai2="15,19,38,39,49,66,68,104,110,115,117,122,126,129" /><INIT seed="0,1,0,3,2,85" ten="250,250,250,250" oya="0" hai0="91,79,51,33,31,25,26,39,75,36,37,24,41" hai1="65,111,99,8,9,60,94,117,54,130,27,131,113" hai2="4,62,14,118,58,134,125,112,64,68,105,43,121" hai3="74,93,101,133,6,30,2,35,23,45,61,70,17"/><T103/><D103/><U28/><E117/><V34/><F105/><W71/><G74/><T5/><D5/><U129/><E111/><V106/><F106/><W7/><G133/><T81/><REACH who="0" step="1"/><D91/><REACH who="0" ten="240,250,250,250" step="2"/><N who="1" m="55775" /><E113/><V29/><F4/><W32/><G7/><T104/><D104/><U100/><E100/><V88/><F88/><W115/><G101/><T78/><D78/><U57/><E65/><V76/><F64/><W46/><G115/><T50/><D50/><U77/><E77/><V40/><F76/><W84/><G6/><T123/><D123/><U53/><E53/><V126/><F112/><W83/><G2/><T107/><D107/><U135/><E135/><V120/><F134/><W73/><G73/><T0/><D0/><U119/><E119/><V21/><F118/><W110/><G110/><T52/><D52/><U1/><E1/><V47/><F121/><W69/><G61/><T87/><D87/><U98/><E98/><V109/><F62/><W92/><G92/><T19/><D19/><U108/><E108/><V122/><F109/><W72/><G93/><T44/><AGARI ba="1,1" hai="24,25,26,31,33,36,37,39,41,44,51,75,79,81" machi="44" ten="40,3900,0" yaku="1,1,0,1,53,0" doraHai="85" doraHaiUra="97" who="0" fromWho="0" sc="240,52,250,-14,250,-14,250,-14" /><INIT seed="0,2,0,0,3,129" ten="292,236,236,236" oya="0" hai0="40,113,17,127,86,10,34,120,19,18,85,111,23" hai1="69,82,28,31,59,44,25,13,4,119,41,123,125" hai2="115,98,71,20,104,16,78,133,132,106,97,45,8" hai3="43,33,49,11,73,32,1,14,130,15,50,108,63"/><T101/><D113/><U55/><E119/><V58/><F71/><W77/><G130/><T57/><D120/><U0/><E69/><V56/><F115/><W30/><G63/><T135/><D34/><U66/><E66/><V114/><F114/><W3/><G73/><T12/><D127/><U21/><E123/><V80/><F8/><W89/><G77/><T74/><D74/><U116/><E0/><N who="3" m="74" /><G89/><T72/><D72/><U118/><E31/><V121/><F45/><W7/><G50/><T27/><D111/><U79/><E125/><V64/><F121/><W131/><G49/><T87/><D40/><U94/><E94/><V100/><F64/><W134/><G43/><T122/><D122/><U68/><E68/><V91/><F91/><W124/><G108/><T9/><D101/><U117/><E13/><N who="3" m="4618" /><G124/><T36/><D36/><U24/><E4/><V53/><F98/><W38/><G38/><T96/><D96/><U22/><E55/><V35/><F104/><W99/><G99/><T61/><D9/><U126/><E59/><V90/><F56/><W92/><G92/><T67/><REACH who="0" step="1"/><D135/><REACH who="0" ten="282,236,236,236" step="2"/><U6/><E126/><V65/><F133/><W5/><G134/><T109/><D109/><U62/><E41/><V47/><F100/><W105/><G131/><T84/><N who="0" m="21504" /><DORA hai="29" /><T54/><D54/><U110/><E110/><V60/><F97/><W39/><G39/><T83/><D83/><U51/><E82/><V26/><F80/><W88/><G33/><T81/><D81/><U37/><E37/><V48/><F132/><W112/><G112/><T52/><D52/><RYUUKYOKU ba="2,1" sc="282,30,236,-10,236,-10,236,-10" hai0="10,12,17,18,19,23,27,57,61,67" /><INIT seed="0,3,1,2,2,78" ten="312,226,226,226" oya="0" hai0="118,103,83,124,9,107,97,130,80,8,19,115,133" hai1="131,79,116,16,10,81,36,75,7,134,77,127,53" hai2="59,125,40,123,21,94,51,66,86,27,89,0,113" hai3="18,39,120,117,50,108,41,87,73,111,105,22,45"/><T17/><D115/><U106/><E116/><V109/><F123/><W34/><G117/><T24/><D118/><U13/><E106/><V82/><F113/><W90/><G105/><T2/><D124/><U15/><E36/><V110/><F0/><W102/><G34/><T44/><D130/><U42/><E42/><V23/><F125/><W135/><G120/><T57/><D133/><U1/><E127/><V91/><F66/><W56/><G135/><T61/><D44/><U129/><E134/><V76/><F89/><W119/><G119/><T88/><D2/><U31/><E31/><V85/><F21/><W26/><G73/><T72/><D72/><U49/><E79/><V64/><F40/><W71/><G102/><T101/><D107/><U30/><E30/><V37/><F37/><W60/><G71/><T29/><D29/><U74/><E74/><V68/><F68/><W99/><G99/><T69/><D69/><U54/><E54/><V122/><F122/><W33/><G33/><T58/><D24/><U35/><E35/><V67/><F51/><W11/><G11/><T12/><D61/><U20/><REACH who="1" step="1"/><E1/><REACH who="1" ten="312,216,226,226" step="2"/><V38/><F38/><W55/><REACH who="3" step="1"/><G39/><REACH who="3" ten="312,216,226,216" step="2"/><T126/><D126/><U96/><E96/><V112/><F112/><W25/><G25/><T84/><D97/><U93/><E93/><AGARI ba="3,3" hai="18,22,26,41,45,50,55,56,60,87,90,93,108,111" machi="93" ten="40,1300,0" yaku="1,1,53,0" doraHai="78" doraHaiUra="4" who="3" fromWho="1" sc="312,0,216,-22,226,0,216,52" /><INIT seed="1,0,0,3,1,55" ten="312,194,226,268" oya="1" hai0="112,0,76,64,93,24,54,3,22,29,94,31,92" hai1="32,63,127,107,83,71,106,86,123,110,52,126,119" hai2="5,38,132,23,67,46,97,1,77,16,11,122,79" hai3="95,121,47,58,91,109,49,114,35,98,42,130,7"/><U128/><E119/><V45/><F122/><W6/><G121/><T87/><D112/><U10/><E123/><V61/><F132/><W78/><G114/><T65/><D0/><U15/><E32/><V66/><F97/><W100/><G35/><T111/><D3/><U41/><E41/><V26/><F66/><N who="0" m="25706" /><D111/><U82/><E71/><V134/><F134/><W72/><G109/><T53/><D29/><U50/><E63/><V120/><F120/><W89/><G130/><T36/><D36/><U80/><E86/><V44/><REACH who="2" step="1"/><F38/><REACH who="2" ten="312,194,216,268" step="2"/><W33/><G98/><T57/><D57/><AGARI ba="0,1" hai="1,5,11,16,23,26,44,45,46,57,61,67,77,79" machi="57" ten="40,8000,1" yaku="1,1,2,1,52,1,54,1,53,0" doraHai="55" doraHaiUra="85" who="2" fromWho="0" sc="312,-80,194,0,216,90,268,0" /><INIT seed="2,0,0,1,4,90" ten="232,194,306,268" oya="2" hai0="44,43,23,114,34,103,123,113,16,2,53,129,26" hai1="125,96,4,70,87,58,122,104,112,17,36,71,126" hai2="119,118,25,86,89,93,132,3,55,79,33,110,67" hai3="1,57,74,51,6,69,60,46,91,21,130,127,134"/><V100/><F3/><W45/><G74/><T10/><D123/><U41/><E4/><V82/><F67/><W83/><G127/><N who="1" m="48650" /><E17/><V64/><F64/><W68/><G134/><T115/><D129/><U19/><E19/><V9/><F9/><W27/><G130/><T116/><D116/><U133/><E87/><V35/><F132/><W81/><G6/><T40/><D34/><U88/><E133/><V62/><F100/><W66/><G1/><T50/><D2/><U75/><E75/><V65/><F55/><N who="3" m="30199" /><G68/><N who="1" m="26154" /><E104/><V111/><F119/><W24/><G69/><T61/><D10/><U121/><E58/><N who="2" m="37079" /><F25/><N who="3" m="9803" /><G45/><T47/><D47/><N who="1" m="23975" /><E112/><V59/><F59/><W120/><G21/><T12/><D12/><U32/><E32/><V56/><F56/><W128/><G128/><T28/><D61/><U106/><E106/><V7/><F7/><W5/><G5/><T135/><D135/><U38/><E38/><V80/><F118/><W98/><G120/><T107/><D28/><U22/><E22/><V18/><F18/><W108/><G57/><T73/><D73/><U101/><E101/><V0/><F0/><W72/><G60/><T76/><REACH who="0" step="1"/><D76/><REACH who="0" ten="222,194,306,268" step="2"/><U29/><E29/><V49/><F33/><W54/><G72/><T109/><D109/><U84/><E96/><AGARI ba="0,1" hai="16,23,26,40,43,44,50,53,96,103,107,113,114,115" machi="96" ten="40,2600,0" yaku="1,1,54,1,53,0" doraHai="90" doraHaiUra="11" who="0" fromWho="1" sc="222,36,194,-26,306,0,268,0" /><INIT seed="3,0,0,5,0,81" ten="258,168,306,268" oya="3" hai0="64,72,35,11,133,22,16,65,57,47,116,89,28" hai1="128,106,8,97,70,24,108,84,33,111,41,124,126" hai2="36,21,43,125,92,112,0,52,60,31,127,88,54" hai3="42,79,113,83,105,12,102,114,134,99,2,69,107"/><W37/><G69/><T78/><D116/><U32/><E70/><V6/><F112/><W96/><G12/><N who="0" m="7199" /><D35/><N who="1" m="13387" /><E41/><V44/><F6/><W87/><G2/><T100/><D133/><U49/><E49/><V90/><F0/><W110/><G37/><T130/><D130/><U103/><E24/><N who="2" m="16783" /><F60/><W132/><G42/><T61/><D78/><U9/><E128/><V19/><F19/><W135/><G110/><N who="1" m="42026" /><E8/><V121/><F121/><W82/><G82/><T117/><D72/><U59/><E59/><V76/><F76/><W30/><G30/><T45/><D117/><U63/><E63/><V7/><F90/><W40/><G40/><T95/><D100/><AGARI ba="0,0" hai="79,83,87,96,99,100,102,105,107,113,114,132,134,135" machi="100" ten="40,18000,2" yaku="9,1,20,1,34,3,52,1" doraHai="81" who="3" fromWho="0" sc="258,-180,168,0,306,0,268,180" owari="78,-42.2,168,-23.2,306,10.6,448,54.8" /></mjloggm>