<mjloggm ver="2.3"><GO type="225" lobby="0"/><UN n0="%E3%80%93%E3%81%97%E3%83%BC%E3%82%89%E3%80%93" n1="%E3%81%A4%E3%81%A3%E3%81%B1%E3%82%8A%E3%83%9D%E3%83%BC%E3%83%AB" n2="%E4%BA%AE%E6%B5%81%E6%89%93%E8%80%85" n3="%6D%75%75%73%61%6E%6D%75" dan="17,17,16,17" rate="2213.02,2227.92,2107.23,2159.38" sx="M,M,F,F"/><TAIKYOKU oya="0"/><INIT seed="0,0,0,1,5,8" ten="250,250,250,250" oya="0" hai0="97,73,21,7,31,94,52,32,5,107,134,102,98" hai1="99,74,90,82,127,3,113,39,112,64,129,47,19" hai2="106,105,116,75,28,85,78,62,128,124,72,118,60" hai3="115,41,89,67,50,111,10,87,80,12,65,2,30"/><T13/><D73/><N who="2" m="28234" /><F28/><W46/><G115/><N who="1" m="44106" /><E129/><V43/><F43/><W36/><G111/><T6/><D134/><U117/><E127/><V83/><F128/><W88/><G2/><T55/><D32/><U123/><E117/><N who="2" m="45163" /><F124/><W59/><G30/><T135/><D135/><U58/><E123/><V33/><F33/><W4/><REACH who="3" step="1"/><G89/><REACH who="3" ten="250,250,250,240" step="2"/><T114/><D114/><U20/><E90/><V121/><F121/><W76/><G76/><T22/><D31/><U103/><E3/><V49/><F49/><W120/><G120/><T25/><D102/><U77/><E103/><V18/><F60/><W29/><G29/><T53/><D107/><N who="2" m="40970" /><F62/><W91/><G91/><T1/><D1/><U122/><E77/><V45/><F18/><W0/><G0/><T54/><D6/><U71/><E19/><V132/><F132/><W56/><G56/><T92/><D5/><U26/><E58/><V61/><F61/><W16/><G16/><T101/><D7/><U40/><E122/><V17/><F17/><W23/><G23/><T9/><D101/><U130/><E20/><V51/><F51/><W42/><G42/><T37/><D22/><U84/><E130/><V126/><F126/><W100/><G100/><T109/><D21/><U95/><E40/><V57/><F57/><W48/><G48/><T70/><D109/><U35/><E35/><V131/><F131/><W110/><G110/><T108/><D108/><U133/><E133/><V69/><F69/><W11/><G11/><T119/><N who="0" m="13312" /><DORA hai="68" /><T93/><D70/><U15/><E71/><V27/><F45/><W104/><G104/><RYUUKYOKU ba="0,1" sc="250,-15,250,-15,250,15,240,15" hai2="27,78,83,85" hai3="4,10,12,36,41,46,50,59,65,67,80,87,88" /><INIT seed="1,1,1,5,1,134" ten="235,235,265,255" oya="1" hai0="32,122,27,49,107,37,17,120,10,68,28,62,18" hai1="78,34,106,38,69,20,24,63,1,58,103,35,41" hai2="92,25,0,21,100,85,33,54,135,90,15,125,119" hai3="40,70,114,109,4,47,132,42,12,48,121,133,111"/><U3/><E69/><V9/><F0/><W22/><G121/><N who="0" m="46699" /><D37/><U61/><E78/><V102/><F119/><W130/><G114/><T105/><D49/><U104/><E41/><V80/><F33/><W14/><G130/><T97/><D10/><U13/><E13/><N who="3" m="5226" /><G4/><T51/><D51/><U93/><E38/><V95/><F125/><W124/><G124/><T45/><D45/><U52/><E63/><V117/><F117/><W76/><G42/><T30/><D30/><U7/><E93/><N who="2" m="35915" /><F54/><W88/><G70/><T53/><D53/><U101/><E7/><N who="2" m="3519" /><F135/><N who="3" m="51787" /><G22/><T50/><D50/><U59/><E3/><V128/><F128/><W116/><G116/><T99/><D99/><U84/><E1/><V81/><F81/><W77/><G88/><T44/><D44/><U65/><E35/><V6/><F6/><W79/><AGARI ba="1,1" hai="40,47,48,76,77,79,109,111" m="51787,5226" machi="79" ten="40,1500,0" yaku="20,1" doraHai="134" who="3" fromWho="3" sc="235,-5,235,-8,265,-5,255,28" /><INIT seed="2,0,0,2,0,49" ten="230,227,260,283" oya="2" hai0="134,24,81,31,12,111,128,125,65,113,17,74,67" hai1="60,86,119,27,116,37,106,108,91,82,35,53,99" hai2="68,33,89,63,73,132,90,77,59,20,105,56,28" hai3="107,30,61,76,29,71,7,70,127,19,47,101,41"/><V23/><F105/><W93/><G127/><T48/><D113/><U42/><E108/><V50/><F132/><W114/><G107/><T120/><D120/><U72/><E72/><V0/><F0/><W133/><G114/><T123/><D123/><U69/><E42/><V10/><F33/><W64/><G133/><T16/><D134/><U40/><E40/><V45/><F68/><W131/><G131/><T109/><D128/><U80/><E37/><V79/><F10/><W118/><G7/><T34/><D125/><U124/><E124/><V21/><F28/><W3/><G3/><T9/><D17/><U126/><E126/><V57/><F63/><W22/><G76/><N who="2" m="29257" /><F73/><W110/><G70/><T85/><D74/><U44/><E82/><V54/><AGARI ba="0,0" hai="20,21,23,45,50,54,56,57,59,89,90" m="29257" machi="54" ten="40,3900,0" yaku="8,1,52,1" doraHai="49" who="2" fromWho="2" sc="230,-13,227,-13,260,39,283,-13" /><INIT seed="2,1,0,2,0,135" ten="217,214,299,270" oya="2" hai0="21,118,31,7,107,59,42,108,106,69,83,93,16" hai1="41,76,56,80,86,120,2,1,62,122,6,10,94" hai2="43,77,88,11,123,61,29,27,20,131,44,112,102" hai3="70,64,84,75,34,33,19,74,9,97,87,91,47"/><V22/><F112/><W52/><G70/><T92/><D69/><U26/><E2/><V125/><F123/><N who="1" m="47145" /><E41/><V68/><F77/><W117/><G117/><T103/><D118/><U32/><E94/><V35/><F131/><W90/><G34/><T15/><D108/><U46/><E46/><V71/><F102/><W49/><G33/><T104/><D103/><U82/><E82/><V111/><F111/><W73/><G64/><T121/><D121/><U60/><E56/><V124/><F11/><W51/><G51/><T45/><D7/><U36/><E36/><N who="2" m="21607" /><F88/><W128/><G128/><T85/><D59/><U57/><E57/><V4/><F4/><W79/><G79/><T127/><D31/><AGARI ba="1,0" hai="1,6,10,26,31,32,60,62,76,80,86" m="47145" machi="31" ten="30,1000,0" yaku="13,1" doraHai="135" who="1" fromWho="0" sc="217,-13,214,13,299,0,270,0" /><INIT seed="3,0,0,0,2,125" ten="204,227,299,270" oya="3" hai0="48,16,39,127,120,92,131,91,108,40,46,42,84" hai1="79,118,66,123,80,134,107,65,15,52,71,2,18" hai2="29,133,8,64,113,5,44,20,106,97,88,103,121" hai3="96,49,47,63,117,122,14,30,76,28,89,69,128"/><W132/><G117/><T34/><D34/><U102/><E2/><V7/><F113/><W116/><G116/><T129/><D127/><U19/><E118/><V4/><F133/><W43/><G122/><T54/><BYE who="3" /><D120/><U45/><E123/><V1/><F64/><W22/><G22/><T6/><D108/><U23/><E134/><V110/><F110/><W72/><G72/><T61/><D6/><UN n3="%6D%75%75%73%61%6E%6D%75" /><U78/><E107/><V94/><F121/><W11/><G132/><T68/><D16/><N who="1" m="10655" /><E102/><V26/><F44/><W57/><G76/><N who="1" m="29226" /><E80/><V75/><F75/><W112/><G69/><T9/><D9/><U70/><E70/><V50/><F50/><W27/><G112/><T135/><D135/><U105/><E105/><V81/><F81/><W93/><G128/><N who="0" m="49227" /><D39/><U95/><E71/><V13/><F1/><W59/><G27/><T36/><D36/><U77/><E77/><V115/><F115/><W31/><REACH who="3" step="1"/><G63/><REACH who="3" ten="204,227,299,260" step="2"/><T82/><D82/><U111/><E111/><V109/><F109/><W41/><G41/><N who="0" m="15979" /><D68/><U101/><E18/><AGARI ba="0,1" hai="11,14,18,28,30,31,43,47,49,57,59,89,93,96" machi="18" ten="40,12000,1" yaku="1,1,8,1,53,3" doraHai="125" doraHaiUra="24" who="3" fromWho="1" sc="204,0,227,-120,299,0,260,130" owari="204,-19.6,107,-39.3,299,9.9,390,49.0" /></mjloggm>