<mjloggm ver="2.3"><GO type="225" lobby="0"/><UN n0="%E3%82%A2%E3%83%A1%E3%82%A2%E3%83%A9%E3%83%AC" n1="%E3%82%B2%E3%82%B9%E8%8C%82%E5%8B%9D" n2="%E3%80%93%E3%81%97%E3%83%BC%E3%82%89%E3%80%93" n3="%E6%98%93%E5%88%A9%E8%96%A9%E4%BC%AF" dan="16,16,16,16" rate="2151.27,2110.58,2165.47,2038.65" sx="M,F,M,F"/><TAIKYOKU oya="0"/><INIT seed="0,0,0,5,1,60" ten="250,250,250,250" oya="0" hai0="119,130,104,14,7,73,85,20,45,41,72,91,102" hai1="26,116,67,58,54,81,5,121,55,40,94,97,100" hai2="120,62,89,117,17,95,27,108,15,11,75,99,113" hai3="133,32,56,46,6,19,23,63,57,110,82,18,114"/><T88/><D119/><U87/><E116/><V3/><F75/><W80/><G32/><T61/><D130/><U24/><E121/><V125/><F120/><W48/><G114/><T9/><D91/><U101/><E101/><V76/><F76/><W79/><G110/><T65/><D20/><U112/><E112/><V16/><F3/><W31/><G6/><T96/><D45/><U71/><E71/><V70/><F113/><W52/><G133/><T77/><D41/><U124/><E124/><V92/><F125/><W8/><G57/><T47/><D47/><U123/><E123/><V59/><F70/><W35/><G35/><T37/><D37/><U105/><E105/><V38/><F38/><W51/><G51/><T25/><D25/><N who="1" m="9835" /><E40/><V12/><F108/><W127/><G127/><T115/><D77/><N who="1" m="46511" /><E5/><V90/><F27/><N who="3" m="16895" /><G8/><T134/><D134/><U98/><E98/><V39/><F39/><W44/><G44/><T33/><D33/><U126/><E126/><V50/><F50/><W2/><G2/><T53/><D53/><U28/><E28/><V106/><F106/><W22/><G79/><T111/><D111/><U118/><E118/><V68/><F68/><W34/><G34/><T103/><D103/><U78/><E78/><V84/><F117/><W64/><G22/><T49/><D115/><U69/><E69/><V131/><F131/><W128/><G128/><T83/><D49/><N who="1" m="31055" /><E55/><N who="2" m="34175" /><F15/><W42/><G42/><T132/><D132/><U109/><E109/><V1/><F1/><W135/><G135/><T107/><D107/><U21/><E21/><V36/><F36/><RYUUKYOKU ba="0,0" sc="250,0,250,0,250,0,250,0" hai0="7,9,14,61,65,72,73,83,85,88,96,102,104" hai1="67,94,97,100" hai2="11,12,16,17,84,89,90,92,95,99" hai3="18,19,46,48,52,56,63,64,80,82" /><INIT seed="0,1,0,1,1,78" ten="250,250,250,250" oya="0" hai0="18,21,31,105,67,117,76,61,38,102,125,93,64" hai1="100,54,14,59,120,88,15,83,134,26,23,47,9" hai2="111,58,104,96,27,132,13,30,50,79,55,8,131" hai3="82,135,113,116,80,57,45,63,103,65,89,74,62"/><T37/><D117/><U3/><E134/><V52/><F132/><W1/><G113/><T12/><D125/><U40/><E120/><V123/><F123/><W6/><G135/><T20/><D105/><U119/><E119/><V92/><F104/><W28/><G116/><T99/><D76/><U60/><E100/><V16/><F111/><W17/><G28/><T130/><D130/><U91/><E3/><V53/><F79/><W22/><G103/><T106/><D106/><U10/><E10/><V115/><F131/><W97/><G74/><T44/><D44/><U126/><E126/><V5/><F5/><W122/><G122/><T56/><REACH who="0" step="1"/><D64/><REACH who="0" ten="240,250,250,250" step="2"/><U75/><E75/><V124/><F124/><W90/><G45/><T49/><D49/><U11/><E47/><V51/><F51/><W114/><G114/><T24/><AGARI ba="1,1" hai="12,18,20,21,24,31,37,38,56,61,67,93,99,102" machi="24" ten="30,11700,0" yaku="1,1,0,1,25,2,53,0" doraHai="78" doraHaiUra="110" who="0" fromWho="0" sc="240,130,250,-40,250,-40,250,-40" /><INIT seed="0,2,0,5,2,89" ten="370,210,210,210" oya="0" hai0="132,131,16,47,124,109,18,25,106,70,32,33,54" hai1="71,101,130,46,19,81,50,51,23,64,40,61,98" hai2="115,91,69,135,26,122,78,85,4,90,75,8,72" hai3="11,58,12,123,80,73,45,134,88,1,95,6,55"/><T92/><D106/><U24/><E130/><V7/><F69/><W44/><G134/><T107/><D107/><U103/><E81/><V79/><F135/><W93/><G123/><T87/><D70/><U77/><E77/><V34/><F122/><W3/><G3/><T110/><D132/><U120/><E120/><V13/><F115/><W35/><G35/><N who="0" m="13387" /><D25/><U76/><E76/><V38/><F38/><W42/><G1/><T53/><D124/><U82/><E82/><V117/><F117/><W29/><G29/><T111/><D131/><U9/><E9/><V62/><F62/><W60/><G73/><T125/><D125/><U63/><E63/><V49/><F49/><N who="3" m="26775" /><G45/><T57/><D47/><U27/><E27/><V127/><F26/><W65/><G65/><T116/><D116/><U83/><E83/><V0/><F34/><W121/><G121/><T43/><D43/><U105/><REACH who="1" step="1"/><E101/><REACH who="1" ten="370,200,210,210" step="2"/><V20/><F72/><W119/><G119/><T31/><D110/><U113/><E113/><V94/><F75/><W41/><G41/><T48/><D109/><U39/><AGARI ba="2,1" hai="19,23,24,39,40,46,50,51,61,64,71,98,103,105" machi="39" ten="20,2700,0" yaku="1,1,0,1,7,1,53,0" doraHai="89" doraHaiUra="5" who="1" fromWho="1" sc="370,-15,200,43,210,-9,210,-9" /><INIT seed="1,0,0,0,5,107" ten="355,243,201,201" oya="1" hai0="33,29,120,36,78,60,119,55,37,52,113,121,4" hai1="5,101,87,133,19,94,124,105,0,118,81,15,102" hai2="95,122,14,9,96,68,34,45,20,18,13,126,84" hai3="88,116,51,89,24,67,26,16,48,11,75,79,39"/><U54/><E118/><V32/><F68/><W43/><G116/><T61/><D119/><U30/><E133/><V57/><F122/><N who="0" m="47210" /><D78/><U99/><E124/><V123/><F126/><W71/><G39/><N who="0" m="14923" /><D4/><U117/><E117/><V86/><F123/><W73/><G71/><T3/><D3/><U110/><E110/><V12/><F34/><W103/><G67/><T25/><D113/><U104/><E30/><V134/><F32/><W109/><G103/><T62/><AGARI ba="0,0" hai="25,29,33,52,55,60,61,62" m="14923,47210" machi="62" ten="40,2700,0" yaku="13,1,54,1" doraHai="107" who="0" fromWho="0" sc="355,27,243,-13,201,-7,201,-7" /><INIT seed="2,0,0,3,1,134" ten="382,230,194,194" oya="2" hai0="21,3,37,109,35,135,115,124,55,38,16,106,133" hai1="76,82,80,127,78,66,24,110,120,79,71,67,22" hai2="122,72,101,26,65,117,88,93,48,118,87,2,64" hai3="23,39,7,128,130,83,126,99,59,0,104,15,57"/><V8/><F72/><W111/><G39/><T113/><D124/><U91/><E127/><V44/><F122/><W132/><G126/><T9/><D109/><U85/><E110/><V89/><F101/><W94/><G111/><T81/><D35/><U46/><E120/><V50/><F26/><W108/><G104/><T112/><D106/><U31/><E46/><V92/><F2/><W61/><G108/><T43/><D81/><N who="1" m="31339" /><E71/><V36/><F36/><W84/><G0/><T131/><D131/><U45/><E45/><V52/><F8/><W129/><G132/><N who="0" m="50763" /><D55/><U90/><E90/><V30/><F30/><W86/><G83/><AGARI ba="0,0" hai="22,24,31,66,67,76,78,79,83,85,91" m="31339" machi="83" ten="30,1000,0" yaku="8,1" doraHai="134" who="1" fromWho="3" sc="382,0,230,10,194,0,194,-10" /><INIT seed="3,0,0,4,5,44" ten="382,240,194,184" oya="3" hai0="81,3,83,71,22,27,127,86,33,72,41,98,47" hai1="105,21,120,28,97,92,1,64,19,15,111,29,7" hai2="58,129,38,73,103,53,48,43,75,128,101,66,131" hai3="13,12,78,17,51,49,65,122,70,91,79,30,24"/><W118/><G118/><T113/><D71/><U25/><E105/><V134/><F134/><W55/><G122/><T31/><D3/><U100/><E111/><V37/><F66/><W5/><G70/><T67/><D67/><U121/><E64/><V99/><F101/><W46/><G65/><T20/><D127/><U115/><E115/><V119/><F119/><W108/><G108/><T63/><D63/><U10/><E29/><V116/><F116/><W110/><G110/><T68/><D68/><U94/><E94/><N who="2" m="58871" /><F43/><N who="3" m="24799" /><G5/><T61/><D61/><U117/><E117/><V76/><F76/><N who="3" m="29227" /><G30/><T95/><D72/><AGARI ba="0,0" hai="37,38,48,53,58,72,73,75,128,129,131" m="58871" machi="72" ten="40,2600,0" yaku="19,1,52,1" doraHai="44" who="2" fromWho="0" sc="382,-26,240,0,194,26,184,0" owari="356,45.6,240,4.0,220,-18.0,184,-31.6" /></mjloggm>