<mjloggm ver="2.3"><GO type="225" lobby="0"/><UN n0="%E3%81%86%E3%82%8C%E3%81%9F%E3%82%93%E6%9E%95" n1="%6D%75%75%6D%75%72%61" n2="%E3%81%A8%E3%82%93%E3%81%A8%E3%81%93%E3%81%A8%E3%82%93" n3="%E3%81%BF%E3%81%BF%E3%81%9A" dan="16,16,16,16" rate="2103.78,2099.76,2108.28,2123.31" sx="F,F,F,M"/><TAIKYOKU oya="0"/><INIT seed="0,0,0,5,4,37" ten="250,250,250,250" oya="0" hai0="97,79,110,128,12,8,135,49,132,0,5,33,65" hai1="81,14,50,121,68,51,123,84,39,29,3,46,78" hai2="1,77,13,118,94,125,116,64,85,108,102,42,109" hai3="26,91,34,120,92,95,6,93,99,40,130,54,63"/><T133/><D79/><U20/><E3/><V48/><F1/><W19/><G130/><T41/><D128/><U127/><E68/><V56/><F125/><W114/><G114/><T16/><D33/><U61/><E127/><V80/><F13/><W72/><G72/><T74/><D74/><U23/><E61/><N who="2" m="37927" /><F102/><W96/><G120/><T87/><D87/><U18/><E39/><V69/><F69/><W119/><G119/><N who="2" m="45609" /><F94/><N who="3" m="36459" /><G34/><T25/><D97/><U36/><E36/><V4/><F4/><W10/><G6/><T131/><D131/><U103/><E103/><V106/><F106/><W59/><G99/><T21/><D65/><U47/><E121/><V101/><F101/><W17/><G10/><T107/><D107/><U30/><E123/><V7/><F7/><W57/><G57/><T2/><D110/><N who="2" m="42602" /><F48/><W126/><G126/><T43/><D49/><U73/><E73/><V62/><F62/><W15/><G15/><T52/><D0/><U122/><E122/><V112/><F112/><W117/><G117/><T134/><N who="0" m="33792" /><DORA hai="113" /><T124/><D124/><U88/><E51/><V90/><F42/><N who="0" m="15882" /><D2/><U75/><E50/><V58/><F58/><W9/><G40/><T66/><D66/><U100/><E100/><V35/><F35/><W115/><G115/><T71/><D71/><U111/><E111/><V27/><F27/><W24/><G26/><T83/><D52/><U45/><REACH who="1" step="1"/><E20/><REACH who="1" ten="250,240,250,250" step="2"/><V82/><F77/><W11/><G24/><T60/><D60/><U89/><E89/><V31/><F31/><W28/><G28/><T129/><D129/><U70/><E70/><RYUUKYOKU ba="0,1" sc="250,0,240,0,250,0,250,0" hai0="5,8,12,16,21,25,83" hai1="14,18,23,29,30,45,46,47,75,78,81,84,88" hai2="80,82,85,90" hai3="9,11,17,19,54,59,63,91,95,96" /><INIT seed="0,1,1,1,4,86" ten="250,240,250,250" oya="0" hai0="108,118,64,13,131,109,117,34,97,25,23,37,2" hai1="29,102,114,125,20,88,112,69,126,79,30,130,31" hai2="50,132,18,60,104,1,38,48,61,43,103,56,9" hai3="119,62,58,84,101,71,135,22,8,107,92,32,85"/><T41/><D37/><U59/><E69/><V76/><F132/><W6/><G119/><N who="0" m="45579" /><D41/><U83/><E130/><V7/><F76/><W3/><G32/><T15/><D64/><U66/><E102/><V127/><F127/><N who="1" m="48649" /><E79/><V14/><F38/><W0/><G135/><T21/><D97/><U111/><E111/><N who="0" m="42569" /><D131/><U91/><E20/><N who="0" m="7753" /><D2/><U57/><E83/><V49/><F43/><W12/><G71/><T77/><D77/><U11/><E11/><V122/><F1/><W28/><G107/><T90/><D90/><N who="1" m="34347" /><E66/><V75/><F104/><W45/><G0/><T98/><D98/><U123/><E123/><V35/><F122/><W46/><G3/><T89/><D89/><U4/><E4/><V42/><F7/><W120/><G120/><T87/><D87/><U115/><AGARI ba="1,1" hai="29,30,31,57,59,112,114,115" m="34347,48649" machi="115" ten="40,16000,3" yaku="28,2,11,1,18,1,52,3,54,1" doraHai="86" who="1" fromWho="1" sc="250,-81,240,173,250,-41,250,-41" /><INIT seed="1,0,0,1,3,25" ten="169,413,209,209" oya="1" hai0="1,24,101,78,67,120,55,59,89,35,132,18,32" hai1="81,128,119,39,3,118,80,7,76,95,114,30,85" hai2="100,135,84,91,83,86,133,40,99,111,51,15,126" hai3="8,46,28,64,122,98,34,38,37,94,50,115,71"/><U125/><E114/><V53/><F111/><W92/><G122/><T17/><D132/><U106/><E106/><V0/><F0/><W61/><G115/><T113/><D120/><U72/><E128/><V97/><F126/><W127/><G94/><T6/><D113/><U22/><E125/><V58/><F40/><W54/><G127/><T88/><D101/><U27/><E39/><V117/><F117/><W43/><G8/><T9/><D78/><U60/><E3/><V93/><F15/><W112/><G112/><T29/><D67/><U20/><E7/><V4/><F4/><W116/><G116/><T134/><D35/><U63/><E95/><V69/><F69/><W56/><G38/><T70/><D70/><U14/><E118/><V75/><F75/><W73/><G73/><T68/><D68/><U52/><E119/><V108/><F108/><W47/><G46/><T48/><REACH who="0" step="1"/><D134/><REACH who="0" ten="159,413,209,209" step="2"/><N who="2" m="51210" /><F100/><N who="3" m="60487" /><G34/><T65/><D65/><U44/><E76/><AGARI ba="0,1" hai="51,53,58,76,83,84,86,91,93,97,99" m="51210" machi="76" ten="30,1000,0" yaku="20,1" doraHai="25" who="2" fromWho="1" sc="159,0,413,-10,209,20,209,0" /><INIT seed="2,0,0,2,5,80" ten="159,403,229,209" oya="2" hai0="69,99,37,101,94,89,135,58,116,7,35,128,103" hai1="1,81,52,23,66,68,106,107,133,53,56,62,86" hai2="5,31,78,38,100,22,76,122,126,25,42,88,28" hai3="75,114,60,113,36,130,12,0,61,132,119,96,111"/><V121/><F126/><W6/><G119/><T115/><D116/><U120/><E1/><V124/><F124/><W41/><G75/><T98/><D69/><U17/><E133/><V102/><F5/><W131/><G0/><T48/><D37/><U34/><E34/><V8/><F8/><N who="3" m="4119" /><G132/><T27/><D128/><N who="3" m="49193" /><G111/><T84/><D135/><U11/><E11/><V44/><F31/><W20/><G20/><T14/><D115/><N who="3" m="44041" /><G96/><T19/><D7/><U95/><E23/><V118/><F118/><W30/><G30/><T43/><D27/><U40/><E17/><V91/><F121/><W26/><G26/><T123/><D35/><U2/><E120/><V49/><F38/><W13/><G13/><T110/><D110/><U82/><E2/><V71/><F71/><W93/><G93/><T33/><D33/><U109/><E106/><V16/><F28/><W47/><AGARI ba="0,0" hai="36,41,47,60,61" m="44041,49193,4119" machi="47" ten="40,2700,0" yaku="19,1,11,1" doraHai="80" who="3" fromWho="3" sc="159,-7,403,-7,229,-13,209,27" /><INIT seed="3,0,0,0,1,50" ten="152,396,216,236" oya="3" hai0="22,103,74,133,105,89,94,59,49,39,123,17,113" hai1="122,66,116,48,65,92,28,93,16,2,108,76,1" hai2="73,85,52,20,118,125,35,3,99,30,4,98,40" hai3="6,68,15,71,63,106,110,26,58,56,100,64,21"/><W51/><G110/><T102/><D133/><U128/><E122/><V134/><F118/><W44/><G106/><T111/><D123/><U27/><E108/><V130/><F73/><W37/><G100/><T115/><D111/><U57/><E116/><V42/><F35/><W12/><G71/><T135/><D135/><U10/><E76/><V129/><F134/><W96/><G96/><T7/><D39/><U127/><E2/><V124/><F4/><W101/><G101/><T82/><D113/><U41/><E128/><N who="2" m="49259" /><F3/><W97/><G97/><N who="2" m="36873" /><F85/><W78/><G78/><T72/><D115/><U109/><E93/><V55/><F20/><W23/><G37/><T88/><D7/><U75/><E41/><N who="2" m="15979" /><F30/><W61/><G68/><T31/><D105/><U53/><E1/><V132/><F132/><W25/><G6/><T62/><D31/><U38/><E75/><V121/><F121/><W19/><G23/><T60/><D94/><U86/><E38/><V34/><F34/><W91/><G12/><T117/><D117/><U32/><E109/><V36/><F36/><W0/><G0/><T45/><D74/><U33/><E33/><V80/><F80/><W84/><G84/><N who="0" m="50327" /><D72/><U79/><E32/><V9/><F9/><W104/><G104/><T126/><D103/><U77/><E77/><V131/><F131/><W90/><G15/><N who="0" m="9535" /><D102/><U87/><E79/><V47/><F47/><W13/><G13/><T107/><D107/><U24/><E28/><V81/><F81/><W14/><G14/><T18/><D45/><U54/><E27/><V43/><N who="2" m="15987" /><V46/><DORA hai="112" /><F46/><RYUUKYOKU ba="0,0" sc="152,-10,396,-10,216,30,236,-10" hai2="52,55,124,125" owari="142,-35.8,386,48.6,246,4.6,226,-17.4" /></mjloggm>