<mjloggm ver="2.3"><GO type="225" lobby="0"/><UN n0="%E3%83%9D%E3%83%B3%E3%83%9D%E3%82%B3%E5%95%86%E4%BA%8B" n1="%E5%A4%96%E5%B7%9D%E7%AB%9C%E6%88%90" n2="%E7%99%BD%E6%97%A5%E9%9B%AA%E8%8F%9C" n3="%E3%81%B5%E3%81%98%E3%81%8B%E3%81%A4" dan="16,16,17,17" rate="2133.80,2103.53,2165.54,2211.94" sx="M,M,M,M"/><TAIKYOKU oya="0"/><INIT seed="0,0,0,2,5,90" ten="250,250,250,250" oya="0" hai0="31,74,83,68,112,37,132,134,121,10,47,135,53" hai1="29,5,4,20,96,50,46,91,131,117,24,76,129" hai2="108,100,98,133,40,78,32,72,30,25,64,120,89" hai3="3,113,9,17,19,2,116,82,62,111,7,58,77"/><T11/><D112/><U84/><E117/><V39/><F120/><W1/><G113/><T38/><D121/><U26/><E76/><V115/><F115/><W57/><G116/><T127/><D68/><U124/><E124/><V105/><F108/><W114/><G114/><T110/><D127/><U44/><E96/><V8/><F133/><W103/><G111/><T73/><D31/><U97/><E97/><V86/><F64/><W36/><G36/><N who="0" m="13931" /><D110/><U130/><E24/><V125/><F125/><W109/><G103/><T107/><D107/><U0/><E0/><V65/><F65/><W104/><G104/><T69/><D69/><U12/><E12/><V49/><F39/><W63/><G109/><T80/><D53/><U118/><E118/><V67/><F67/><W21/><G2/><T70/><D47/><U52/><REACH who="1" step="1"/><E46/><REACH who="1" ten="250,240,250,250" step="2"/><V51/><F78/><W88/><G77/><T55/><D70/><U42/><E42/><V95/><F40/><W54/><G1/><T27/><D27/><U18/><E18/><V43/><F43/><W6/><G6/><T48/><D73/><U79/><E79/><V34/><F72/><W22/><G19/><T45/><D74/><U87/><E87/><V81/><F34/><W92/><G17/><T128/><D128/><U28/><E28/><V60/><F30/><W61/><G3/><T126/><D126/><U33/><E33/><V101/><F32/><W41/><G7/><T123/><D123/><U106/><E106/><V14/><F25/><W35/><G35/><T94/><D94/><AGARI ba="0,1" hai="4,5,20,26,29,44,50,52,84,91,94,129,130,131" machi="94" ten="40,8000,1" yaku="1,1,19,1,52,1,54,1,53,0" doraHai="90" doraHaiUra="66" who="1" fromWho="0" sc="250,-80,240,90,250,0,250,0" /><INIT seed="1,0,0,0,2,132" ten="170,330,250,250" oya="1" hai0="74,41,76,14,72,77,51,46,114,68,134,79,91" hai1="5,34,19,99,56,13,98,3,129,25,26,61,49" hai2="36,62,67,97,101,7,18,21,117,64,93,119,124" hai3="47,2,11,10,109,42,73,38,22,39,92,43,125"/><U112/><E112/><V84/><F36/><W23/><G109/><T54/><D114/><U50/><E3/><V123/><F123/><W111/><G111/><T35/><D134/><U120/><E5/><V86/><F7/><W106/><G73/><T28/><D68/><U63/><E63/><V118/><F124/><W78/><G78/><T53/><D91/><U89/><E34/><V108/><F108/><W15/><G106/><T66/><D66/><U70/><E70/><V12/><REACH who="2" step="1"/><F67/><REACH who="2" ten="170,330,240,250" step="2"/><W0/><G125/><T105/><D74/><U131/><E120/><V121/><F121/><W17/><G39/><T90/><D72/><U127/><E127/><V135/><F135/><W94/><G0/><T107/><D105/><U32/><E131/><V6/><F6/><W75/><G2/><T16/><D107/><U102/><E129/><V128/><F128/><W96/><G38/><T48/><D41/><U20/><E49/><V87/><F87/><W9/><G75/><T71/><D51/><U100/><E50/><V81/><F81/><W83/><G83/><T55/><D48/><U31/><E99/><V130/><F130/><W27/><G96/><T126/><D46/><U29/><E98/><V116/><N who="2" m="29696" /><DORA hai="80" /><V115/><F115/><W33/><G47/><T30/><D126/><U40/><E40/><N who="3" m="15402" /><G33/><T4/><D35/><U88/><E32/><V24/><F24/><W60/><G60/><T122/><D122/><U58/><E25/><V82/><F82/><W59/><G59/><AGARI ba="0,1" hai="12,18,21,59,62,64,84,86,93,97,101" m="29696" machi="59" ten="70,8000,1" yaku="1,1,52,2,53,1" doraHai="132,80" doraHaiUra="57,69" who="2" fromWho="3" sc="170,0,330,0,240,90,250,-80" /><INIT seed="2,0,0,1,1,14" ten="170,330,330,170" oya="2" hai0="119,67,89,27,107,71,19,48,103,105,13,55,133" hai1="75,8,78,98,112,72,128,91,22,131,16,36,70" hai2="44,82,104,68,60,101,45,106,122,123,120,114,2" hai3="94,9,132,130,35,77,99,63,80,56,83,25,37"/><V92/><F114/><W3/><G132/><T41/><D133/><U129/><E112/><V59/><F2/><W79/><G130/><T11/><D119/><U17/><E36/><V0/><F0/><W32/><G37/><T30/><D41/><U95/><E70/><V38/><F68/><W29/><G35/><T65/><D89/><U66/><E66/><V125/><F125/><W40/><G40/><T39/><D39/><U1/><E22/><V111/><F111/><W26/><G26/><T88/><D88/><U85/><E78/><V62/><F82/><W46/><G46/><T126/><D126/><U21/><E21/><V127/><F127/><W18/><G77/><T73/><D73/><N who="1" m="28235" /><E85/><V28/><F38/><W96/><G79/><T5/><D5/><AGARI ba="0,0" hai="1,5,8,16,17,91,95,98,128,129,131" m="28235" machi="5" ten="40,8000,1" yaku="19,1,52,2,54,1" doraHai="14" who="1" fromWho="0" sc="170,-80,330,80,330,0,170,0" /><INIT seed="3,0,0,3,2,68" ten="90,410,330,170" oya="3" hai0="112,47,65,122,55,18,123,83,6,135,126,74,60" hai1="97,71,80,61,77,23,56,120,0,3,19,51,66" hai2="127,117,34,88,96,105,75,76,13,118,99,58,59" hai3="110,125,20,32,130,72,128,10,131,37,27,26,38"/><W89/><G125/><T35/><D35/><U28/><E28/><V63/><F34/><W5/><G72/><T92/><D6/><U108/><E120/><V70/><F127/><W44/><G44/><T103/><D126/><U57/><E108/><V30/><F30/><N who="3" m="19551" /><G110/><T21/><D112/><U91/><E51/><V106/><F70/><W78/><G78/><T82/><D135/><U7/><E7/><V11/><F76/><W69/><G89/><T104/><D104/><U17/><E17/><V86/><F75/><W25/><G69/><T48/><D74/><U113/><E113/><V81/><F106/><W39/><G20/><T40/><D123/><U36/><E36/><V49/><F105/><W54/><G54/><T45/><D122/><U42/><E42/><V22/><F22/><W100/><G100/><T46/><D103/><U102/><E91/><V133/><F133/><W24/><G24/><T101/><D47/><U62/><E71/><V119/><F49/><W114/><G114/><T50/><D65/><U1/><E97/><V64/><REACH who="2" step="1"/><F59/><REACH who="2" ten="90,410,320,170" step="2"/><W29/><G29/><T33/><D33/><U8/><E23/><V31/><F31/><W95/><G95/><T85/><D60/><U4/><E57/><V84/><F84/><W116/><G116/><T16/><D85/><U73/><E62/><V132/><F132/><W98/><G98/><T109/><D109/><U129/><E73/><V115/><F115/><W79/><G79/><T67/><D67/><U93/><E77/><V53/><F53/><W121/><G39/><T43/><D55/><U14/><E56/><RYUUKYOKU ba="0,1" sc="90,-10,410,-10,320,30,170,-10" hai2="11,13,58,63,64,81,86,88,96,99,117,118,119" owari="80,-42.0,410,51.0,350,15.0,160,-24.0" /></mjloggm>