<mjloggm ver="2.3"><GO type="225" lobby="0"/><UN n0="%E7%89%B9%E6%9D%B1%E3%81%AF%E4%B8%96%E7%95%8C%E3%82%92%E6%95%91%E3%81%86" n1="%28%EF%BF%A3%E2%96%BD%EF%BF%A3%29%CE%B4%E2%8C%92%E3%83%BB" n2="%33%74%72%65%65" n3="%E3%81%8F%E3%82%89%E3%82%89" dan="16,16,16,17" rate="2046.19,2125.22,2217.26,2162.22" sx="M,M,F,F"/><TAIKYOKU oya="0"/><INIT seed="0,0,0,5,1,102" ten="250,250,250,250" oya="0" hai0="54,90,101,132,129,66,46,24,118,134,95,65,69" hai1="60,16,79,8,12,128,76,5,115,81,100,92,89" hai2="26,93,126,120,38,17,37,10,25,67,2,44,122" hai3="74,113,19,112,97,29,31,83,13,45,61,70,82"/><T105/><D118/><U106/><E128/><V51/><F126/><W14/><G97/><N who="0" m="61615" /><D69/><U0/><E115/><V28/><F67/><W124/><G124/><T50/><D24/><U6/><E106/><V85/><F38/><W36/><G70/><T127/><D127/><U48/><E100/><V87/><F37/><W35/><G36/><T107/><D107/><U72/><E79/><V39/><F39/><W94/><G94/><T135/><D129/><U7/><E60/><V33/><F26/><W32/><G61/><T18/><D18/><U88/><E48/><V11/><F17/><W119/><G19/><T71/><D71/><U62/><E62/><V22/><F22/><W56/><G45/><T41/><D41/><U123/><E123/><V104/><F104/><W114/><G114/><T131/><D131/><U42/><E42/><V111/><F120/><W49/><G49/><T73/><D73/><U86/><REACH who="1" step="1"/><E89/><REACH who="1" ten="250,240,250,250" step="2"/><N who="2" m="53423" /><F51/><W130/><G130/><T9/><D9/><AGARI ba="0,1" hai="0,5,6,7,8,9,12,16,72,76,81,86,88,92" machi="9" ten="30,7700,0" yaku="1,1,7,1,54,2,53,0" doraHai="102" doraHaiUra="30" who="1" fromWho="0" sc="250,-77,240,87,250,0,250,0" /><INIT seed="1,0,0,1,5,20" ten="173,327,250,250" oya="1" hai0="120,65,88,117,99,103,1,95,63,44,61,33,52" hai1="96,57,43,38,46,108,69,4,124,113,17,55,118" hai2="114,132,6,78,74,91,10,85,54,7,11,14,71" hai3="49,45,125,67,102,98,128,26,28,90,21,100,83"/><U86/><E69/><V133/><F114/><W50/><G125/><T15/><D117/><U121/><E118/><V39/><F39/><W112/><G128/><T25/><D1/><U5/><E113/><V32/><F71/><W73/><G112/><T31/><D120/><U60/><E121/><V9/><F32/><W80/><G73/><T68/><D15/><U105/><E124/><V37/><F37/><W106/><G102/><T101/><REACH who="0" step="1"/><D63/><REACH who="0" ten="163,327,250,250" step="2"/><N who="1" m="36287" /><E108/><V107/><F14/><W110/><G110/><T104/><D104/><U122/><E105/><V41/><F107/><W92/><G106/><T27/><D27/><U126/><E60/><V123/><F123/><W127/><G26/><T48/><AGARI ba="0,1" hai="25,31,33,44,48,52,61,65,68,88,95,99,101,103" machi="48" ten="30,12000,2" yaku="1,1,0,1,52,1,54,2,53,1" doraHai="20" doraHaiUra="29" who="0" fromWho="0" sc="163,130,327,-60,250,-30,250,-30" /><INIT seed="2,0,0,2,4,94" ten="293,267,220,220" oya="2" hai0="23,88,67,112,109,102,125,76,62,35,114,36,49" hai1="56,101,55,99,74,104,18,12,60,37,66,19,129" hai2="30,63,2,117,42,38,5,9,113,130,43,93,115" hai3="47,119,121,128,68,73,111,77,25,83,85,86,27"/><V1/><F117/><W48/><G119/><T52/><D36/><U32/><E74/><V64/><F130/><W80/><G121/><T21/><D35/><U92/><E32/><V34/><F1/><W95/><G128/><T123/><D123/><U22/><E129/><V54/><F54/><W61/><G111/><T3/><D3/><U84/><E37/><V120/><F120/><W134/><G134/><T15/><D76/><U44/><E104/><V31/><F93/><W103/><G73/><T133/><D133/><U14/><E84/><V106/><F106/><W6/><G6/><T124/><D102/><U89/><E101/><V28/><F34/><W4/><G4/><T33/><D109/><U20/><E44/><V91/><F91/><N who="3" m="51623" /><G61/><T40/><D40/><U97/><E97/><V71/><REACH who="2" step="1"/><F38/><REACH who="2" ten="293,267,210,220" step="2"/><W82/><G82/><T87/><D33/><U29/><E29/><V96/><F96/><N who="3" m="59807" /><G68/><T116/><D116/><U16/><E19/><V127/><F127/><W75/><G75/><T90/><D124/><U41/><E41/><AGARI ba="0,1" hai="2,5,9,28,30,31,41,42,43,63,64,71,113,115" machi="41" ten="40,2000,0" yaku="1,1,53,0" doraHai="94" doraHaiUra="100" who="2" fromWho="1" sc="293,0,267,-20,210,30,220,0" /><AGARI ba="0,0" hai="25,27,41,47,48,77,83,86" m="59807,51623" machi="41" ten="30,2000,0" yaku="8,1,52,1" doraHai="94" who="3" fromWho="1" sc="293,0,247,-20,240,0,220,20" /><INIT seed="2,1,0,4,0,52" ten="293,227,240,240" oya="2" hai0="74,38,41,118,33,47,59,12,133,79,100,135,28" hai1="117,110,9,6,85,83,80,24,68,13,102,84,4" hai2="55,95,91,56,11,63,35,71,27,112,105,60,54" hai3="2,77,30,22,101,61,15,1,87,36,40,122,57"/><V89/><F112/><W111/><G122/><T49/><D118/><U51/><E68/><V42/><F105/><W78/><G111/><T127/><D127/><U69/><E69/><V16/><F42/><W19/><G101/><T39/><D100/><U129/><E117/><V66/><F35/><W44/><G30/><T10/><D79/><N who="1" m="46111" /><E110/><V86/><F91/><W115/><G115/><T65/><D74/><U62/><E129/><V96/><F86/><W114/><G114/><T109/><D109/><U43/><E102/><V97/><F97/><W116/><G116/><T34/><D38/><U45/><E24/><V14/><F27/><W131/><G131/><T125/><D125/><U128/><E128/><V126/><F126/><W23/><G23/><T20/><D20/><U76/><E62/><V103/><F103/><W132/><G132/><N who="0" m="50763" /><D28/><U18/><AGARI ba="1,0" hai="4,6,9,13,18,43,45,51,76,83,85" m="46111" machi="18" ten="30,1100,0" yaku="8,1" doraHai="52" who="1" fromWho="1" sc="293,-4,227,14,240,-6,240,-4" /><INIT seed="3,0,0,4,0,17" ten="289,241,234,236" oya="3" hai0="2,18,67,14,87,56,82,75,20,117,108,19,31" hai1="99,135,96,114,58,124,111,81,27,105,16,120,13" hai2="5,119,91,49,115,57,101,48,68,118,130,35,22" hai3="83,3,36,50,21,8,28,15,60,107,1,85,44"/><W38/><G107/><T7/><D75/><U41/><E114/><V66/><F35/><W62/><G38/><T4/><D117/><U65/><E120/><V61/><F115/><W90/><G36/><T63/><D108/><U104/><E124/><V106/><F130/><W79/><G3/><T25/><D2/><U102/><E135/><V0/><F0/><W128/><G1/><T100/><D100/><U45/><E81/><V59/><F5/><N who="0" m="2122" /><D14/><U86/><E13/><V134/><F134/><W64/><G128/><T47/><D47/><U78/><E45/><V76/><F101/><W12/><G90/><AGARI ba="0,0" hai="18,19,20,25,31,56,63,67,82,87,90" m="2122" machi="90" ten="30,2000,0" yaku="8,1,52,1" doraHai="17" who="0" fromWho="3" sc="289,20,241,0,234,0,236,-20" owari="309,40.9,241,4.1,234,-16.6,216,-28.4" /></mjloggm>