<mjloggm ver="2.3"><GO type="225" lobby="0"/><UN n0="%33%74%72%65%65" n1="%50%65%74%65%72%50%61%6E" n2="%79%75%72%69%6D%6F%67" n3="%E6%A1%9C%E8%8A%B1%E9%96%83%E3%80%85" dan="16,16,16,16" rate="2116.22,2203.21,2155.49,2234.25" sx="F,M,F,M"/><TAIKYOKU oya="0"/><INIT seed="0,0,0,3,1,13" ten="250,250,250,250" oya="0" hai0="58,75,131,96,110,43,117,59,45,122,22,108,88" hai1="50,105,68,2,34,4,17,73,123,18,115,54,78" hai2="107,11,7,57,47,125,64,83,109,30,27,116,84" hai3="86,35,74,101,118,70,60,124,0,76,53,25,3"/><T130/><D117/><U37/><E37/><V38/><F109/><N who="0" m="42090" /><D122/><U126/><E123/><V65/><F125/><W29/><G86/><T39/><D75/><U52/><E68/><V10/><F107/><W15/><G118/><T28/><D28/><U8/><E105/><V89/><F11/><W93/><G93/><N who="0" m="56359" /><D22/><U97/><E34/><V119/><F119/><W20/><G124/><T14/><D14/><U91/><E126/><V41/><F57/><AGARI ba="0,0" hai="39,43,45,57,58,59,130,131" m="56359,42090" machi="57" ten="30,5800,0" yaku="14,1,10,1,54,1" doraHai="13" who="0" fromWho="2" sc="250,58,250,0,250,-58,250,0" /><INIT seed="0,1,0,2,4,60" ten="308,250,192,250" oya="0" hai0="11,15,120,124,65,1,62,94,104,119,82,21,50" hai1="37,36,83,105,18,29,112,26,47,3,8,71,79" hai2="81,117,80,39,45,100,38,12,66,134,49,17,108" hai3="32,5,9,78,59,98,85,122,125,96,0,77,110"/><T74/><D119/><U58/><E71/><V43/><F108/><W127/><G110/><T7/><D120/><U106/><E112/><V31/><F134/><W30/><G122/><T111/><D104/><U75/><E58/><V10/><F31/><W14/><G0/><T109/><D124/><N who="3" m="47689" /><G59/><T13/><D94/><U133/><E133/><V97/><F117/><W52/><G52/><T57/><D50/><U116/><E116/><V114/><F114/><W102/><G85/><T25/><D111/><U24/><E24/><V131/><F131/><W130/><G130/><T87/><D74/><U27/><E27/><V91/><F66/><W48/><G48/><T73/><D73/><U103/><E103/><V19/><F19/><W89/><G89/><T40/><D40/><N who="1" m="22919" /><E18/><V88/><F81/><W20/><G20/><T54/><D54/><U95/><E95/><V51/><F51/><W41/><G41/><T56/><D56/><U68/><E68/><V76/><F39/><W128/><G128/><T63/><D63/><U46/><E46/><V42/><F42/><W55/><G55/><T135/><D135/><U6/><E37/><V69/><F69/><W72/><G72/><T92/><D109/><U101/><E101/><V123/><F123/><W4/><G102/><T22/><D92/><U2/><E2/><V132/><F38/><W16/><G30/><N who="0" m="17711" /><D22/><AGARI ba="1,0" hai="3,6,8,22,26,29,75,79,83,105,106" m="22919" machi="22" ten="30,1000,0" yaku="25,1" doraHai="60" who="1" fromWho="0" sc="308,-13,250,13,192,0,250,0" /><INIT seed="1,0,0,0,2,116" ten="295,263,192,250" oya="1" hai0="76,130,51,17,0,96,24,38,52,48,104,22,23" hai1="129,65,16,47,99,102,74,95,11,5,21,2,112" hai2="28,54,39,18,55,41,36,9,75,110,49,80,107" hai3="126,88,90,58,34,100,87,30,83,127,132,125,82"/><U101/><E112/><V19/><F107/><W85/><G132/><T27/><D38/><U29/><E129/><V105/><F105/><W73/><G73/><T131/><D0/><U3/><E74/><V121/><F121/><W8/><G100/><T89/><D76/><U32/><E2/><V122/><F122/><W63/><G8/><T94/><D104/><U40/><E65/><V72/><F28/><W25/><REACH who="3" step="1"/><G126/><REACH who="3" ten="295,263,192,240" step="2"/><T12/><D131/><U97/><E102/><V135/><F9/><W37/><G37/><T50/><D130/><U4/><E101/><V67/><F135/><W59/><G59/><N who="0" m="33159" /><D12/><U120/><E120/><V31/><F39/><W68/><G68/><T103/><D103/><U13/><E3/><V93/><F36/><W45/><G45/><T124/><D124/><U46/><E46/><V114/><F75/><W111/><G111/><T44/><D44/><U77/><E47/><V91/><F110/><W33/><G33/><T57/><D57/><U35/><E32/><V86/><F72/><W70/><G70/><T62/><D62/><U53/><E35/><V1/><F1/><W98/><G98/><T84/><D96/><U134/><E99/><V113/><F113/><W26/><G26/><T71/><D71/><U56/><E97/><V6/><F114/><W128/><G128/><T79/><D24/><U123/><E13/><V66/><F86/><W133/><G133/><T42/><D27/><U78/><E134/><V109/><F109/><W117/><G117/><T115/><D115/><U60/><E123/><V119/><F119/><W69/><G69/><RYUUKYOKU ba="0,1" sc="295,-10,263,-10,192,-10,240,30" hai3="25,30,34,58,63,82,83,85,87,88,90,125,127" /><INIT seed="2,1,1,1,2,33" ten="285,253,182,270" oya="2" hai0="119,111,126,105,57,7,46,18,93,27,48,68,6" hai1="112,85,128,113,125,21,11,110,80,26,47,28,98" hai2="104,36,88,61,117,129,82,103,73,106,78,130,56" hai3="122,51,114,107,38,95,22,67,35,81,76,12,62"/><V69/><F36/><W118/><G118/><T101/><D68/><U108/><E125/><V124/><F69/><W32/><G122/><T75/><D105/><U23/><E128/><N who="2" m="49259" /><F117/><W135/><G107/><N who="2" m="41001" /><F103/><W96/><G51/><T94/><D101/><U44/><E98/><V4/><F4/><W8/><G22/><T53/><D7/><U16/><E11/><V70/><F70/><W74/><G135/><T84/><D6/><U13/><E47/><V30/><F30/><W10/><G10/><T5/><D46/><U134/><E44/><V24/><F24/><W50/><G38/><T91/><D5/><U100/><E100/><V39/><F39/><W132/><G132/><T109/><D27/><U42/><E42/><V19/><F19/><W116/><G116/><T2/><D18/><U1/><E1/><V3/><F124/><W64/><G8/><T58/><D126/><U54/><E54/><N who="2" m="33943" /><F88/><N who="3" m="55399" /><G12/><T52/><D119/><U20/><E134/><V115/><F115/><W66/><G114/><T83/><D2/><AGARI ba="1,1" hai="2,3,73,78,82" m="33943,41001,49259" machi="2" ten="30,5800,0" yaku="19,1,52,2" doraHai="33" who="2" fromWho="0" sc="285,-61,253,0,182,71,270,0" /><INIT seed="2,2,0,2,5,45" ten="224,253,253,270" oya="2" hai0="132,114,90,124,23,130,75,26,61,57,56,92,7" hai1="94,78,10,83,127,68,72,46,122,135,12,113,134" hai2="33,35,11,9,106,65,126,71,47,59,32,54,63" hai3="102,79,49,18,80,70,20,131,74,98,44,8,64"/><V2/><F106/><W115/><G131/><T88/><D130/><U29/><E113/><V112/><F112/><W62/><G115/><T85/><D114/><U103/><E68/><V5/><F126/><W38/><G38/><T76/><D124/><U4/><E127/><V128/><F128/><W87/><G8/><T99/><D132/><N who="1" m="50731" /><E29/><V116/><F116/><W16/><G74/><T118/><D118/><U19/><E122/><V125/><F125/><W13/><G18/><T109/><D109/><U25/><E46/><V14/><F47/><W69/><G62/><T3/><D75/><U86/><E103/><V133/><F133/><W93/><REACH who="3" step="1"/><G64/><REACH who="3" ten="224,253,253,260" step="2"/><T89/><D7/><U101/><E4/><V108/><F108/><W107/><G107/><T60/><D60/><U77/><E72/><V105/><F105/><W117/><G117/><T82/><D61/><U37/><E37/><V100/><F71/><W123/><G123/><T121/><D121/><U48/><E10/><V52/><F11/><W91/><G91/><N who="0" m="55711" /><D3/><U120/><E120/><V27/><F100/><W0/><G0/><T53/><D53/><AGARI ba="2,1" hai="13,16,20,44,49,53,69,70,79,80,87,93,98,102" machi="53" ten="30,8000,1" yaku="1,1,7,1,52,1,54,1,53,1" doraHai="45" doraHaiUra="41" who="3" fromWho="0" sc="224,-86,253,0,253,0,260,96" /><INIT seed="3,0,0,3,3,102" ten="138,253,253,356" oya="3" hai0="20,81,66,24,47,106,132,38,22,127,72,52,86" hai1="128,120,115,73,1,82,5,18,39,80,37,94,58" hai2="48,134,13,87,91,16,33,78,104,28,60,125,69" hai3="49,59,40,11,56,124,42,6,85,19,36,61,67"/><W108/><G124/><T23/><D127/><U30/><E115/><V118/><F118/><W111/><G19/><T27/><D132/><U43/><E128/><V130/><F125/><W62/><G49/><T29/><D72/><U117/><E120/><V95/><F130/><W55/><G85/><T100/><D66/><U96/><E30/><V9/><F134/><W119/><G119/><T31/><D20/><U41/><E18/><V121/><F121/><W101/><G101/><T110/><D110/><N who="3" m="42025" /><G36/><T63/><D38/><U122/><E39/><V103/><F48/><W57/><G57/><T12/><D12/><AGARI ba="0,0" hai="6,11,12,40,42,55,56,59,61,62,67" m="42025" machi="12" ten="30,2900,0" yaku="14,1,10,1" doraHai="102" who="3" fromWho="0" sc="138,-29,253,0,253,0,356,29" owari="109,-39.1,253,5.3,253,-14.7,385,48.5" /></mjloggm>