<mjloggm ver="2.3"><GO type="225" lobby="0"/><UN n0="%47%48%4F%53%54" n1="%E3%82%BC%E3%83%AB%E3%83%80%E3%81%AE%E4%BC%9D%E8%AA%AC" n2="%E9%A6%AC%E4%BA%86%E9%9A%94%E5%A3%81" n3="%E5%8D%A0%E3%81%84%E5%B8%AB%E8%A3%8F%E3%81%AA%E3%81%84%E3%81%97" dan="17,17,17,16" rate="2294.42,2148.47,2194.22,2127.37" sx="M,M,M,M"/><TAIKYOKU oya="0"/><INIT seed="0,0,0,2,5,20" ten="250,250,250,250" oya="0" hai0="105,21,7,14,35,80,115,44,122,79,83,42,93" hai1="97,124,34,39,17,78,6,63,41,24,31,19,33" hai2="56,8,40,16,76,110,51,114,73,85,46,92,132" hai3="126,18,107,15,116,50,96,54,98,87,60,120,121"/><T25/><D115/><U49/><E39/><V81/><F114/><W53/><G116/><T133/><D122/><N who="3" m="47209" /><G126/><T113/><D105/><U86/><E124/><V55/><F110/><W118/><G118/><T66/><D113/><U0/><E34/><V23/><F132/><W22/><G107/><T88/><D133/><U37/><E97/><N who="3" m="37482" /><G60/><T58/><D35/><U4/><E63/><V127/><F127/><W111/><G111/><T91/><D66/><U67/><E67/><V103/><F103/><W131/><G131/><T100/><D100/><U43/><E43/><V3/><F3/><W26/><G87/><N who="0" m="48543" /><D83/><U106/><E106/><V134/><F134/><W99/><G99/><T65/><D93/><U109/><E109/><V9/><F92/><W112/><G112/><T57/><D65/><U69/><E0/><V27/><REACH who="2" step="1"/><F73/><REACH who="2" ten="250,250,240,250" step="2"/><W30/><G50/><AGARI ba="0,1" hai="8,9,16,23,27,40,46,50,51,55,56,76,81,85" machi="50" ten="30,12000,2" yaku="1,1,2,1,7,1,8,1,52,1,54,1,53,0" doraHai="20" doraHaiUra="32" who="2" fromWho="3" sc="250,0,250,0,240,130,250,-120" /><INIT seed="1,0,0,4,4,126" ten="250,250,370,130" oya="1" hai0="35,132,112,95,20,84,4,44,71,11,106,111,51" hai1="117,123,105,5,81,45,8,21,69,66,64,48,6" hai2="135,72,38,100,14,63,42,134,54,26,98,77,83" hai3="124,130,93,25,40,34,46,12,47,86,116,27,39"/><U16/><E117/><V73/><F14/><W114/><G114/><T28/><D112/><U36/><E123/><V87/><F26/><W67/><G124/><T10/><D106/><U103/><E36/><V50/><F63/><W104/><G104/><T75/><D75/><U32/><E32/><V88/><F42/><W30/><G116/><T24/><D71/><U97/><E81/><V58/><F38/><W7/><G67/><T17/><D111/><U1/><E6/><V70/><F70/><W19/><G46/><T90/><D132/><N who="2" m="50730" /><F77/><W9/><G27/><T102/><D102/><U60/><E60/><V37/><F37/><W94/><G86/><T108/><D108/><U52/><E69/><V89/><F89/><W15/><REACH who="3" step="1"/><G130/><REACH who="3" ten="250,250,370,120" step="2"/><T56/><D84/><U53/><E53/><V62/><F73/><W18/><G18/><T65/><D17/><U2/><E2/><V31/><F72/><W125/><G125/><T85/><D65/><U80/><E80/><V55/><F31/><W99/><G99/><T133/><D28/><U128/><E128/><V107/><F55/><W29/><G29/><T129/><D85/><U78/><E78/><V59/><F59/><W41/><G41/><T110/><D56/><U3/><E1/><V82/><F83/><W68/><G68/><T0/><D129/><U74/><E74/><V33/><F58/><W96/><G96/><T115/><D0/><U13/><AGARI ba="0,1" hai="3,5,8,13,16,21,45,48,52,64,66,97,103,105" machi="13" ten="20,7800,0" yaku="0,1,7,1,54,2" doraHai="126" who="1" fromWho="1" sc="250,-26,250,88,370,-26,120,-26" /><INIT seed="1,1,0,1,3,98" ten="224,338,344,94" oya="1" hai0="95,125,4,93,103,36,99,82,132,113,38,115,53" hai1="50,76,25,111,118,33,88,94,46,75,5,127,69" hai2="18,6,55,78,9,83,48,129,81,107,67,59,89" hai3="12,85,13,70,101,60,90,73,27,44,21,112,100"/><U19/><E118/><V128/><F107/><W2/><G2/><T16/><D125/><U68/><E127/><V110/><F110/><W20/><G73/><T79/><D132/><U77/><E111/><V10/><F67/><W8/><G112/><T17/><D4/><U105/><E105/><V56/><F56/><W39/><G70/><T14/><D17/><U80/><E76/><V54/><F54/><W120/><G120/><T24/><D24/><U31/><E19/><V122/><F122/><W29/><G60/><T102/><D53/><U131/><E5/><V134/><F134/><W108/><G108/><T92/><D38/><U47/><E131/><N who="2" m="50251" /><F89/><W63/><G63/><T91/><D36/><U42/><REACH who="1" step="1"/><E47/><REACH who="1" ten="224,328,344,94" step="2"/><V0/><F78/><W104/><G104/><T1/><D115/><U97/><AGARI ba="1,1" hai="25,31,33,42,46,50,68,69,75,77,80,88,94,97" machi="97" ten="20,18000,2" yaku="1,1,2,1,0,1,7,1,54,1,53,1" doraHai="98" doraHaiUra="84" who="1" fromWho="1" sc="224,-61,328,193,344,-61,94,-61" /><INIT seed="1,2,0,5,0,28" ten="163,521,283,33" oya="1" hai0="130,37,125,94,108,106,21,59,31,18,100,109,61" hai1="36,71,124,95,118,68,32,131,7,50,60,97,24" hai2="133,120,126,49,38,119,122,78,77,11,74,25,8" hai3="12,33,101,52,58,47,127,15,30,16,69,40,19"/><U105/><E36/><V35/><F119/><W85/><G69/><T41/><D125/><U111/><E118/><V81/><F38/><W129/><G127/><T132/><D130/><U116/><E116/><V3/><F126/><W92/><G129/><T86/><D132/><U110/><E124/><V103/><F133/><W51/><G30/><T134/><D106/><U57/><E131/><V117/><F117/><W34/><G12/><T66/><D134/><U70/><E7/><N who="2" m="1151" /><F49/><W63/><G19/><T75/><D75/><U22/><E50/><V72/><F11/><W43/><G43/><T135/><D135/><U10/><E10/><V113/><F103/><W27/><G27/><T46/><D31/><N who="1" m="17815" /><E32/><V102/><F102/><W6/><G6/><T62/><D62/><U76/><E76/><V115/><F25/><W14/><G14/><T13/><D100/><N who="1" m="60479" /><E105/><V104/><F104/><W26/><G26/><T84/><D109/><N who="1" m="41483" /><E71/><V56/><F35/><W53/><G40/><T17/><D108/><U39/><E39/><V128/><F128/><W23/><REACH who="3" step="1"/><G101/><REACH who="3" ten="163,521,283,23" step="2"/><T98/><D18/><U42/><E42/><V80/><F120/><W5/><G5/><T90/><AGARI ba="2,1" hai="13,17,21,37,41,46,59,61,66,84,86,90,94,98" machi="90" ten="20,1500,0" yaku="0,1,7,1" doraHai="28" who="0" fromWho="0" sc="163,31,521,-9,283,-6,23,-6" /><INIT seed="2,0,0,3,2,93" ten="194,512,277,17" oya="2" hai0="110,47,87,88,72,127,41,7,56,23,103,132,85" hai1="91,115,118,106,104,59,62,4,36,35,18,73,61" hai2="134,68,12,19,101,10,43,53,131,16,95,78,100" hai3="94,79,86,108,90,29,70,67,120,30,89,102,11"/><V92/><F68/><W82/><G120/><T96/><D72/><U6/><E36/><V69/><F69/><W75/><G108/><T26/><D110/><U45/><E35/><V49/><F131/><W112/><G112/><T57/><D127/><U117/><E73/><V60/><F134/><W8/><G90/><T99/><D132/><U64/><E45/><N who="2" m="25791" /><F78/><W33/><G67/><T5/><D87/><U80/><E18/><V21/><F53/><W38/><G38/><T28/><D57/><U31/><E31/><V122/><F60/><W77/><G70/><T17/><D56/><U81/><E59/><V24/><F122/><W84/><G33/><T32/><D103/><AGARI ba="0,0" hai="10,12,16,19,21,24,92,95,100,101,103" m="25791" machi="103" ten="30,2900,0" yaku="8,1,54,1" doraHai="93" who="2" fromWho="0" sc="194,-29,512,0,277,29,17,0" /><INIT seed="2,1,0,3,5,102" ten="165,512,306,17" oya="2" hai0="109,132,14,69,45,39,112,97,128,87,103,16,10" hai1="7,98,76,105,24,120,115,8,106,27,130,5,127" hai2="129,26,121,60,113,23,74,52,54,62,81,108,2" hai3="117,90,35,48,72,125,78,116,92,31,66,71,51"/><V77/><F113/><W110/><G110/><T17/><D112/><U15/><E115/><V37/><F121/><W133/><G133/><T107/><D109/><U56/><E120/><V99/><F108/><W40/><G125/><T79/><D132/><U104/><E127/><V85/><F2/><W0/><G0/><T84/><D128/><U94/><E130/><V80/><F129/><W20/><G35/><T83/><D69/><U123/><E123/><V55/><F37/><W29/><G78/><T46/><D39/><U89/><E76/><V64/><F99/><W70/><G72/><T75/><D17/><U114/><E114/><V42/><F42/><W134/><G134/><T131/><D131/><U3/><E56/><V32/><F32/><W47/><G20/><T59/><D59/><U12/><E3/><V22/><F22/><W38/><G38/><T1/><D1/><U43/><E43/><V100/><F100/><W21/><G21/><T119/><D119/><N who="3" m="45641" /><G51/><T73/><REACH who="0" step="1"/><D84/><REACH who="0" ten="155,512,306,17" step="2"/><U33/><E33/><V25/><F85/><N who="3" m="52303" /><G71/><T111/><D111/><U68/><E68/><V86/><F86/><W50/><G29/><T34/><D34/><U9/><AGARI ba="1,1" hai="5,7,8,9,12,15,24,27,89,94,98,104,105,106" machi="9" ten="40,8000,1" yaku="0,1,9,1,52,3" doraHai="102" who="1" fromWho="1" sc="155,-21,512,93,306,-41,17,-21" owari="134,-26.6,605,70.5,265,6.5,-4,-50.4" /></mjloggm>