<mjloggm ver="2.3"><GO type="225" lobby="0"/><UN n0="%E6%9D%B1%E9%A2%A8%E3%81%AE%E3%81%8D%E3%82%83%E3%81%B7%E3%81%95%E3%82%93" n1="%E5%B0%8F%E9%B3%A5%E9%81%8A%E7%B7%B4%E7%84%A1%32%31%E6%AD%B3" n2="%63%68%78%62%64" n3="%E3%81%82%E3%80%81%E8%B2%A0%E3%81%91%E3%81%BE%E3%81%97%E3%81%9F" dan="16,16,16,16" rate="2179.24,2156.98,2148.55,2118.60" sx="M,F,M,M"/><TAIKYOKU oya="0"/><INIT seed="0,0,0,2,0,29" ten="250,250,250,250" oya="0" hai0="25,1,85,89,53,24,92,103,71,134,20,26,6" hai1="98,33,36,27,3,65,118,105,41,11,114,60,109" hai2="15,4,128,18,80,0,77,91,31,40,82,83,123" hai3="16,57,42,88,119,37,54,12,39,70,63,79,129"/><T61/><D134/><U120/><E118/><V22/><F123/><W52/><G119/><T104/><D1/><U59/><E114/><V38/><F128/><W102/><G129/><T97/><D6/><U132/><E109/><V115/><F115/><W106/><G79/><T99/><D99/><U131/><E132/><V35/><F91/><W66/><G102/><T95/><D104/><U121/><E131/><V7/><F0/><W73/><G73/><T68/><REACH who="0" step="1"/><D20/><REACH who="0" ten="240,250,250,250" step="2"/><U74/><E3/><V110/><F110/><W135/><G106/><T10/><D10/><U100/><E11/><V108/><F108/><W30/><G135/><T101/><D101/><U116/><E116/><V43/><F4/><W55/><G30/><T75/><D75/><U113/><E74/><V127/><F7/><W2/><G2/><T93/><D93/><U28/><E113/><V49/><F31/><W126/><G126/><T122/><D122/><U17/><E121/><V72/><F127/><W124/><G124/><T51/><D51/><U78/><E120/><V125/><F125/><W76/><G76/><T8/><D8/><U46/><E78/><V112/><F112/><W96/><G70/><T50/><D50/><U87/><E87/><V84/><F49/><W94/><REACH who="3" step="1"/><G42/><REACH who="3" ten="240,250,250,240" step="2"/><T62/><D62/><U56/><REACH who="1" step="1"/><E17/><REACH who="1" ten="240,240,250,240" step="2"/><V34/><F72/><W9/><AGARI ba="0,3" hai="9,12,16,37,39,52,54,55,57,63,66,88,94,96" machi="9" ten="30,12000,2" yaku="1,1,2,1,0,1,54,3,53,0" doraHai="29" doraHaiUra="67" who="3" fromWho="3" sc="240,-60,240,-30,250,-30,240,150" /><INIT seed="1,0,0,0,1,73" ten="180,210,220,390" oya="1" hai0="37,58,66,1,132,115,113,31,77,125,11,117,47" hai1="20,41,54,98,17,90,106,25,122,9,62,10,60" hai2="2,128,111,131,127,45,13,82,107,112,33,57,120" hai3="87,19,116,6,40,78,104,64,59,109,85,83,21"/><U86/><E122/><V67/><F120/><W26/><G109/><T44/><D31/><U99/><E41/><V114/><F2/><W55/><G116/><T69/><D117/><U124/><E124/><V30/><F107/><W129/><G129/><N who="2" m="49737" /><F127/><W39/><G104/><T50/><D125/><U79/><E106/><V97/><F97/><N who="1" m="36873" /><E54/><V130/><N who="2" m="49745" /><V0/><DORA hai="53" /><F0/><W75/><G6/><T93/><D93/><N who="1" m="54487" /><E79/><V92/><F92/><W102/><G102/><T28/><D28/><U133/><E133/><V84/><F45/><W12/><G39/><T15/><D77/><U70/><E70/><V4/><F30/><W7/><G40/><N who="0" m="22543" /><D1/><U134/><E134/><V22/><F33/><W108/><G108/><T49/><D132/><U56/><E60/><N who="2" m="38287" /><F111/><W123/><G123/><T91/><D91/><U96/><N who="1" m="36881" /><U5/><DORA hai="72" /><E5/><V42/><F42/><W89/><G7/><N who="0" m="3583" /><D47/><U61/><E61/><V94/><F94/><W34/><G34/><T76/><D49/><U35/><E35/><V18/><F4/><W38/><G38/><T101/><D101/><U3/><E3/><V63/><F63/><W74/><G55/><N who="0" m="32119" /><D76/><AGARI ba="0,0" hai="13,18,22,76,82,84,112,114" m="38287,49745" machi="76" ten="40,8000,1" yaku="19,1,52,3" doraHai="73,53,72" who="2" fromWho="0" sc="180,-80,210,0,220,80,390,0" /><INIT seed="2,0,0,4,5,32" ten="100,210,300,390" oya="2" hai0="49,88,36,52,129,43,44,104,107,119,94,70,19" hai1="100,25,71,22,31,92,17,110,7,68,60,134,59" hai2="96,74,89,85,126,66,37,75,64,83,98,133,73" hai3="46,108,87,9,35,53,30,23,80,42,135,93,95"/><V5/><F37/><W118/><G108/><T86/><D129/><U125/><E110/><V47/><F47/><W41/><G135/><T127/><D127/><U106/><E134/><V33/><F133/><W117/><G35/><T105/><D119/><U97/><E106/><V111/><F33/><W90/><G118/><T21/><D70/><U27/><E125/><V130/><F126/><W29/><G117/><T11/><D11/><U77/><E77/><V115/><F111/><W6/><G53/><T57/><REACH who="0" step="1"/><D105/><REACH who="0" ten="90,210,300,390" step="2"/><U20/><REACH who="1" step="1"/><E7/><REACH who="1" ten="90,200,300,390" step="2"/><V28/><F5/><W82/><G6/><T76/><D76/><U112/><E112/><V16/><F115/><W78/><G78/><T72/><D72/><U131/><E131/><V45/><F130/><W69/><G69/><T109/><D109/><U24/><E24/><AGARI ba="0,2" hai="19,21,24,36,43,44,49,52,57,86,88,94,104,107" machi="24" ten="30,8000,1" yaku="1,1,7,1,54,2,53,1" doraHai="32" doraHaiUra="18" who="0" fromWho="1" sc="90,100,200,-80,300,0,390,0" /><INIT seed="3,0,0,2,5,87" ten="190,120,300,390" oya="3" hai0="4,131,27,94,98,5,118,34,89,21,9,68,81" hai1="125,3,73,63,17,95,43,15,29,12,135,130,59" hai2="74,100,80,108,56,49,66,57,101,117,20,64,71" hai3="121,128,25,36,92,84,2,38,83,114,41,115,102"/><W37/><BYE who="2" /><G41/><T54/><D68/><U103/><E73/><V124/><F124/><W46/><G92/><T6/><D34/><U107/><E3/><V40/><F40/><W10/><G84/><T55/><D131/><U96/><E130/><V13/><F13/><W39/><G25/><T14/><D81/><UN n2="%63%68%78%62%64" /><U91/><E135/><V11/><F117/><W7/><G46/><T88/><D89/><U45/><E125/><V65/><F71/><W48/><G48/><T28/><D118/><U120/><E29/><V86/><F74/><W8/><G8/><T67/><D67/><U30/><E30/><V58/><F11/><W105/><G83/><T104/><D104/><U53/><E120/><V44/><F20/><W51/><G51/><T85/><D85/><U119/><E119/><V75/><F75/><W32/><G39/><T22/><D22/><U47/><E43/><N who="2" m="24735" /><F108/><W97/><G38/><T50/><REACH who="0" step="1"/><D55/><REACH who="0" ten="180,120,300,390" step="2"/><U133/><E133/><V23/><F23/><W111/><G105/><T79/><D79/><AGARI ba="0,1" hai="56,57,58,64,65,66,79,80,86,100,101" m="24735" machi="79" ten="30,1000,0" yaku="8,1" doraHai="87" who="2" fromWho="0" sc="180,-10,120,0,300,20,390,0" owari="170,-23.0,120,-38.0,320,12.0,390,49.0" /></mjloggm>