<mjloggm ver="2.3"><GO type="225" lobby="0"/><UN n0="%E3%82%82%E3%82%93%E3%81%8D%E3%82%93%E3%81%90" n1="%E5%B8%86%E7%AB%8B%E5%A4%8F%E8%A1%A3" n2="%6B%75%7A%75%6E" n3="%E3%81%82%E3%81%99%E3%81%AB%E3%82%83%E3%82%80" dan="16,16,17,16" rate="2051.26,2094.85,2184.74,2142.15" sx="M,M,M,F"/><TAIKYOKU oya="0"/><INIT seed="0,0,0,0,0,119" ten="250,250,250,250" oya="0" hai0="37,73,60,72,61,85,63,88,129,56,55,132,75" hai1="127,11,25,59,120,118,45,64,80,131,4,133,48" hai2="35,49,32,16,104,29,24,117,109,54,83,46,33" hai3="130,113,114,91,34,8,1,99,50,42,98,17,71"/><T20/><D37/><U31/><E118/><V134/><F109/><W74/><G71/><T111/><D129/><U69/><E131/><V22/><F117/><W84/><G130/><T47/><D132/><U79/><E133/><V58/><F134/><W62/><G74/><T77/><D111/><U12/><E127/><V68/><F68/><W106/><G34/><T89/><D47/><U82/><E69/><V94/><F104/><W115/><G106/><T21/><D77/><U116/><E116/><V0/><F0/><W6/><G62/><T90/><D85/><U122/><E59/><V18/><F94/><W43/><G17/><T39/><D39/><U112/><E80/><V28/><F28/><W19/><G19/><T66/><D66/><U53/><E64/><V96/><F96/><W27/><G27/><T36/><D36/><U135/><E112/><V103/><F103/><W97/><REACH who="3" step="1"/><G50/><AGARI ba="0,0" hai="20,21,50,55,56,60,61,63,72,73,75,88,89,90" machi="50" ten="50,9600,0" yaku="29,2,54,1" doraHai="119" who="0" fromWho="3" sc="250,96,250,0,250,0,250,-96" /><INIT seed="0,1,0,1,4,99" ten="346,250,250,154" oya="0" hai0="130,106,64,20,100,105,133,39,13,18,129,43,24" hai1="113,62,27,116,50,77,7,82,19,28,38,16,76" hai2="36,67,42,9,111,58,122,109,120,15,31,53,46" hai3="71,79,93,97,51,90,5,83,49,3,91,10,8"/><T14/><D64/><U63/><E38/><V95/><F31/><W98/><G71/><T123/><D123/><N who="2" m="47146" /><F15/><W45/><G10/><T124/><D43/><U69/><E116/><V35/><F9/><W108/><G108/><N who="2" m="41545" /><F35/><W102/><G97/><T80/><D39/><U54/><E113/><V23/><F23/><W6/><G51/><T2/><D2/><U135/><E135/><V107/><F95/><W4/><G4/><T61/><D61/><N who="1" m="23051" /><E69/><V115/><F107/><W59/><G59/><T88/><D133/><U32/><E32/><V118/><F115/><W127/><G127/><T132/><D124/><U131/><E131/><N who="0" m="50185" /><D132/><U34/><E34/><V87/><F87/><W96/><G96/><N who="0" m="61575" /><D106/><U134/><E134/><V75/><F75/><W26/><G6/><T128/><D128/><U17/><E7/><V70/><F70/><W84/><REACH who="3" step="1"/><G26/><REACH who="3" ten="346,250,250,144" step="2"/><T11/><D11/><U78/><E27/><V0/><F0/><W103/><G103/><T101/><D101/><U74/><E74/><V119/><F67/><W1/><G1/><T57/><D57/><N who="1" m="32983" /><E82/><V60/><AGARI ba="1,1" hai="36,42,46,53,58,60,118,119" m="41545,47146" machi="60" ten="40,5200,0" yaku="14,1,34,2" doraHai="99" who="2" fromWho="2" sc="346,-27,250,-14,250,65,144,-14" /><INIT seed="1,0,0,2,4,21" ten="319,236,315,130" oya="1" hai0="20,19,91,78,101,88,106,80,46,49,6,18,132" hai1="29,73,70,125,81,117,126,89,57,68,25,47,75" hai2="69,127,65,11,79,58,48,54,116,33,55,39,100" hai3="53,135,17,77,34,93,10,15,0,13,105,35,62"/><U82/><E117/><V123/><F116/><W107/><G135/><T115/><D115/><U44/><E57/><V121/><F33/><W14/><G77/><T22/><D132/><U9/><E9/><V30/><F30/><W98/><G17/><T26/><D6/><U71/><E89/><V95/><F79/><W24/><G35/><T86/><D106/><U130/><E130/><V3/><F39/><W43/><G43/><T66/><D66/><U74/><E25/><V92/><F69/><W27/><G34/><T31/><D101/><U60/><E60/><V76/><F65/><W28/><G28/><T111/><D111/><U40/><E29/><V7/><F76/><W42/><G42/><N who="0" m="24791" /><D31/><U67/><E67/><V122/><F100/><W83/><G83/><N who="1" m="31754" /><E40/><V72/><F122/><W37/><G37/><T94/><D94/><U51/><E51/><V8/><F95/><W96/><G0/><T61/><D61/><U59/><E59/><V118/><F92/><W102/><G10/><T84/><D84/><U32/><E32/><V134/><F8/><W50/><G62/><T129/><D129/><U99/><E99/><V63/><F134/><W108/><G108/><T112/><D112/><U110/><E110/><V52/><F121/><W113/><G113/><T2/><D2/><U133/><E133/><V97/><F97/><W38/><G38/><T23/><D23/><U5/><E5/><V114/><F123/><W120/><G120/><T87/><D87/><U12/><E12/><AGARI ba="0,0" hai="12,18,19,20,22,26,78,80,86,88,91" m="24791" machi="12" ten="30,3900,0" yaku="8,1,52,1,54,1" doraHai="21" who="0" fromWho="1" sc="319,39,236,-39,315,0,130,0" /><INIT seed="2,0,0,0,3,66" ten="358,197,315,130" oya="2" hai0="68,29,111,133,125,104,3,15,75,129,32,113,90" hai1="79,44,43,101,105,64,0,49,96,82,127,118,63" hai2="56,62,124,54,102,20,130,42,31,37,27,9,51" hai3="88,30,52,83,69,128,98,1,126,34,100,14,59"/><V97/><F124/><W94/><G1/><T21/><RYUUKYOKU type="yao9" ba="0,0" sc="358,0,197,0,315,0,130,0" hai0="3,15,21,29,32,68,75,90,104,111,113,125,129,133" /><INIT seed="2,1,0,5,1,12" ten="358,197,315,130" oya="2" hai0="18,17,73,132,84,11,110,87,37,135,121,51,23" hai1="94,108,41,50,75,25,67,115,34,69,119,104,32" hai2="120,124,22,113,16,14,28,13,116,125,71,131,36" hai3="53,68,60,38,89,81,40,61,103,100,64,6,96"/><V79/><F71/><W128/><G128/><T134/><D73/><U74/><E94/><V107/><F36/><W27/><G6/><T82/><D37/><U105/><E50/><V123/><F107/><N who="1" m="41033" /><E41/><V101/><F101/><W106/><G103/><T76/><D121/><N who="2" m="46666" /><F79/><W114/><G114/><T46/><D110/><U57/><E57/><V99/><F99/><W1/><G1/><T70/><D70/><U56/><E56/><V83/><F83/><W130/><G130/><T88/><D11/><U52/><E52/><V48/><F116/><W93/><G81/><N who="0" m="47143" /><D23/><U26/><E119/><V39/><F39/><W97/><G27/><T31/><D31/><N who="1" m="19567" /><E108/><V4/><F113/><W80/><G80/><T10/><D10/><U58/><E58/><V63/><F28/><W122/><G53/><AGARI ba="1,0" hai="17,18,46,51,53,82,87,88,132,134,135" m="47143" machi="53" ten="30,7700,0" yaku="20,1,52,2,54,1" doraHai="12" who="0" fromWho="3" sc="358,80,197,0,315,0,130,-80" /><INIT seed="3,0,0,2,3,124" ten="438,197,315,50" oya="3" hai0="22,89,112,29,116,1,9,78,30,7,44,56,123" hai1="67,27,65,19,125,31,102,81,103,51,129,87,8" hai2="74,52,70,91,49,97,113,42,17,61,23,104,2" hai3="107,108,26,119,59,115,32,43,128,101,5,21,122"/><W62/><G115/><T4/><D123/><U45/><E125/><V6/><F74/><W3/><G119/><T46/><D116/><U80/><E129/><V100/><F91/><W109/><G122/><T75/><D75/><U37/><E81/><V25/><F2/><W15/><G43/><T68/><D68/><U82/><E80/><V48/><F6/><W114/><G114/><T134/><D134/><U85/><E85/><V18/><F113/><W117/><G117/><T35/><D35/><U13/><E37/><V47/><F61/><W69/><G69/><T118/><D78/><U55/><E67/><V130/><F70/><W60/><G60/><T83/><D118/><U121/><E65/><V53/><F130/><W20/><G20/><T50/><D56/><U98/><E98/><V41/><F18/><N who="3" m="10463" /><G128/><T33/><D33/><U132/><E132/><V63/><F63/><W11/><G101/><T58/><D112/><U86/><E86/><V120/><F120/><W76/><G76/><T34/><D34/><U96/><E96/><V28/><F28/><N who="3" m="19479" /><G107/><T36/><D36/><U135/><E135/><V16/><REACH who="2" step="1"/><F17/><REACH who="2" ten="438,197,305,50" step="2"/><W72/><G72/><T111/><D30/><U40/><E121/><V110/><F110/><N who="3" m="42603" /><G62/><T0/><D111/><U95/><E40/><V79/><F79/><W66/><G66/><T88/><D29/><U71/><E71/><V38/><F38/><W106/><G106/><T92/><D50/><U131/><E131/><V54/><F54/><W84/><G84/><T93/><D89/><N who="1" m="51447" /><E95/><V73/><F73/><W94/><G94/><T77/><D92/><RYUUKYOKU ba="0,1" sc="438,-30,197,10,305,10,50,10" hai1="8,13,19,27,31,45,51,55,102,103" hai2="16,23,25,41,42,47,48,49,52,53,97,100,104" hai3="3,5,11,59" /><INIT seed="3,1,1,2,2,104" ten="408,207,315,60" oya="3" hai0="129,131,92,86,111,74,123,20,24,79,48,62,17" hai1="58,133,18,100,107,130,28,93,47,91,45,102,90" hai2="57,55,12,89,31,41,38,32,40,85,127,54,135" hai3="5,121,64,13,25,15,106,3,8,21,44,72,95"/><W71/><G106/><T108/><D123/><U101/><E130/><N who="0" m="49673" /><D74/><U87/><E133/><V42/><F135/><W99/><G72/><T110/><D48/><U50/><E107/><V27/><F127/><W126/><G126/><T61/><D79/><U134/><E134/><V73/><F38/><W63/><G44/><T81/><D81/><U46/><E28/><V39/><F39/><W118/><G118/><T69/><D69/><U19/><E58/><V29/><F12/><W77/><G77/><T1/><D1/><U23/><E50/><V94/><F31/><W105/><G105/><T124/><D124/><U75/><E75/><V88/><F73/><W14/><G121/><T112/><D112/><U76/><E76/><V78/><F78/><W109/><G109/><T98/><D86/><U65/><E65/><V83/><F57/><W0/><G0/><T114/><D114/><U33/><E33/><V22/><REACH who="2" step="1"/><F32/><REACH who="2" ten="408,207,305,60" step="2"/><W60/><G60/><T67/><D67/><U16/><REACH who="1" step="1"/><E91/><AGARI ba="1,2" hai="17,20,24,61,62,91,92,98,108,110,111" m="49673" machi="91" ten="40,2600,0" yaku="14,1,19,1" doraHai="104" who="0" fromWho="1" sc="408,49,207,-29,305,0,60,0" owari="457,55.7,178,-22.2,305,10.5,60,-44.0" /></mjloggm>