<mjloggm ver="2.3"><GO type="225" lobby="0"/><UN n0="%72%69%6F%75%63%68%61%6E" n1="%E4%B8%89%E5%86%A0%E7%8E%8B%E3%83%BB%E5%B1%B1%E7%94%B0%E5%93%B2%E4%BA%BA" n2="%E3%81%A1%E3%82%85%E3%81%86%E3%81%A9%E3%81%8F%E8%B1%A1%E3%81%95%E3%82%93" n3="%E8%90%BD%E6%97%A5" dan="17,16,17,19" rate="2235.80,2147.95,2234.13,2229.99" sx="M,M,M,F"/><TAIKYOKU oya="0"/><INIT seed="0,0,0,0,0,6" ten="250,250,250,250" oya="0" hai0="51,19,99,27,11,126,45,42,49,20,128,134,93" hai1="38,0,16,68,109,104,108,66,73,54,118,88,14" hai2="69,122,83,129,105,98,70,112,12,10,8,90,37" hai3="124,78,89,86,50,31,1,65,114,75,72,64,40"/><T101/><D126/><U41/><E0/><V43/><F122/><W130/><G114/><T115/><D134/><U135/><E118/><V13/><F112/><W76/><G31/><T63/><D128/><U30/><E135/><V34/><F34/><W53/><G40/><T36/><D115/><U84/><E73/><V95/><F105/><W74/><G1/><T103/><D101/><U97/><E30/><V120/><F120/><W106/><G106/><T26/><D26/><U123/><E123/><V58/><F129/><W59/><G124/><T60/><REACH who="0" step="1"/><D11/><REACH who="0" ten="240,250,250,250" step="2"/><U100/><E100/><V2/><F8/><W119/><G130/><T121/><D121/><U85/><E109/><V79/><F10/><W111/><G111/><T18/><D18/><U25/><E25/><V91/><F2/><W107/><G119/><T15/><D15/><U4/><E16/><V62/><F12/><W87/><G107/><T22/><D22/><U3/><E14/><V55/><F13/><W7/><G7/><T33/><D33/><U56/><E108/><V82/><F70/><W116/><G116/><T71/><D71/><U80/><E104/><V110/><F69/><W92/><G78/><T96/><D96/><U29/><E68/><V52/><F110/><W94/><G76/><T48/><AGARI ba="0,1" hai="19,20,27,36,42,45,48,49,51,60,63,93,99,103" machi="48" ten="30,3000,0" yaku="1,1,0,1,53,0" doraHai="6" doraHaiUra="81" who="0" fromWho="0" sc="240,40,250,-10,250,-10,250,-10" /><INIT seed="0,1,0,1,2,135" ten="280,240,240,240" oya="0" hai0="22,85,67,45,7,5,48,131,51,64,102,86,71" hai1="37,29,88,6,69,75,1,43,132,124,52,3,49" hai2="123,19,133,108,58,125,91,118,84,74,77,12,54" hai3="110,76,94,25,62,41,53,57,126,120,70,63,55"/><T9/><D131/><U113/><E132/><V28/><F133/><W116/><G94/><T14/><D102/><U17/><E75/><V32/><F123/><W36/><G76/><T42/><D5/><U117/><E117/><V112/><F112/><W114/><G25/><T59/><D71/><U80/><E113/><V99/><F99/><W93/><G93/><T103/><D103/><U121/><E121/><V81/><F118/><W115/><G116/><T4/><D4/><U79/><E69/><V83/><F108/><W122/><G110/><T27/><D51/><U111/><E29/><V26/><F125/><W98/><G98/><T72/><D72/><U15/><E124/><V100/><F100/><W104/><G104/><T127/><D127/><U20/><E6/><V101/><F101/><W11/><G11/><T23/><D23/><U130/><E130/><V119/><F119/><W33/><G33/><T87/><REACH who="0" step="1"/><D59/><REACH who="0" ten="270,240,240,240" step="2"/><U39/><E20/><V56/><F56/><W16/><G126/><T38/><D38/><U90/><E39/><V97/><F58/><N who="3" m="35151" /><G114/><T8/><D8/><U106/><E111/><V95/><F74/><W129/><G115/><T24/><D24/><U61/><E37/><V31/><F26/><W30/><G129/><T10/><D10/><U13/><E49/><V47/><F32/><W2/><G70/><T82/><D82/><U78/><E80/><V40/><F81/><W34/><G2/><T44/><D44/><U92/><E1/><V0/><F0/><W89/><G120/><T96/><D96/><U18/><E3/><V65/><F47/><RYUUKYOKU ba="1,1" sc="270,30,240,-10,240,-10,240,-10" hai0="7,9,14,22,27,42,45,48,64,67,85,86,87" /><INIT seed="0,2,1,4,1,48" ten="300,230,230,230" oya="0" hai0="97,83,122,76,74,112,72,36,12,20,104,26,65" hai1="29,54,3,110,134,84,16,70,23,46,94,113,117" hai2="25,6,96,37,88,93,1,15,45,128,13,121,130" hai3="109,18,118,33,58,126,90,19,24,68,98,49,85"/><T80/><D112/><U7/><E117/><V59/><F121/><W56/><G118/><T32/><D122/><U127/><E70/><V60/><F25/><W103/><G68/><T78/><D36/><U100/><E110/><V67/><F1/><W41/><G109/><T132/><D132/><U57/><E127/><V42/><REACH who="2" step="1"/><F6/><REACH who="2" ten="300,230,220,230" step="2"/><W61/><G126/><T111/><D111/><U101/><E134/><V106/><F106/><W0/><G0/><T89/><D104/><U64/><E7/><V91/><F91/><W2/><G2/><T135/><D135/><U81/><E3/><V50/><F50/><W43/><G24/><T62/><D32/><U27/><E113/><V11/><F11/><W82/><G33/><T51/><D51/><N who="1" m="29047" /><E29/><V133/><F133/><W92/><G43/><T39/><D39/><U31/><E31/><V10/><F10/><W38/><G38/><T102/><D89/><N who="1" m="51343" /><E94/><V124/><F124/><W114/><G114/><T95/><D26/><U63/><AGARI ba="2,2" hai="16,23,27,57,63,64,100,101" m="51343,29047" machi="63" ten="30,4000,0" yaku="8,1,52,1,54,1" doraHai="48" who="1" fromWho="1" sc="300,-22,230,66,220,-12,230,-12" /><INIT seed="1,0,0,1,3,40" ten="278,296,208,218" oya="1" hai0="134,4,23,125,108,34,42,103,56,50,61,98,1" hai1="95,70,6,45,54,72,59,102,110,37,74,30,20" hai2="71,109,63,87,116,111,13,68,5,81,128,8,106" hai3="127,105,77,51,15,76,64,114,80,112,88,86,66"/><U35/><E35/><V119/><F106/><W46/><G127/><T93/><D108/><N who="2" m="41546" /><F128/><W33/><G33/><T29/><D134/><U12/><E70/><N who="2" m="26667" /><F63/><W36/><G36/><T104/><D125/><U133/><E133/><V131/><F131/><W18/><G105/><T75/><D75/><U107/><E107/><V11/><F11/><N who="3" m="6527" /><G112/><T91/><D34/><U67/><E74/><V62/><F62/><W89/><G114/><T24/><D4/><U132/><E72/><V27/><F27/><W123/><G123/><T2/><D42/><U17/><E6/><V26/><F26/><W38/><G38/><T19/><D50/><U97/><E132/><V9/><F9/><W41/><G89/><AGARI ba="0,0" hai="5,8,13,81,87,89,116,119" m="26667,41546" machi="89" ten="30,1000,0" yaku="14,1" doraHai="40" who="2" fromWho="3" sc="278,0,296,0,208,10,218,-10" /><INIT seed="2,0,0,2,4,93" ten="278,296,218,208" oya="2" hai0="1,73,133,83,17,110,5,33,89,130,81,82,109" hai1="65,98,49,87,123,124,12,128,51,129,99,55,90" hai2="59,127,23,6,48,31,101,21,15,108,43,25,68" hai3="44,8,117,74,35,115,96,126,84,41,19,94,69"/><V0/><F68/><W32/><G117/><T72/><D33/><U26/><E124/><V10/><F127/><W24/><G74/><N who="0" m="28779" /><D17/><U125/><E125/><V95/><F108/><N who="0" m="41578" /><D5/><U3/><E123/><V77/><F77/><W36/><G126/><T106/><D1/><U119/><E119/><V13/><F21/><W9/><G115/><T105/><D133/><U46/><E3/><V91/><F101/><W28/><G35/><T62/><D62/><U63/><E49/><V38/><F38/><W22/><G69/><T79/><D130/><N who="1" m="50283" /><E12/><V47/><REACH who="2" step="1"/><F59/><REACH who="2" ten="278,296,208,208" step="2"/><W113/><G113/><T42/><D79/><U92/><E26/><V76/><F76/><W58/><G58/><AGARI ba="0,1" hai="46,51,55,58,63,65,87,90,92,98,99" m="50283" machi="58" ten="30,3900,0" yaku="19,1,52,2" doraHai="93" who="1" fromWho="3" sc="278,0,296,49,208,0,208,-39" /><INIT seed="3,0,0,2,0,2" ten="278,345,208,169" oya="3" hai0="127,60,27,95,73,113,78,28,37,104,110,3,74" hai1="26,30,97,108,72,8,43,39,129,53,92,48,17" hai2="99,125,133,46,69,132,126,101,106,44,56,55,71" hai3="21,51,15,29,103,38,63,52,36,102,34,121,40"/><W82/><G121/><T100/><D104/><U7/><E108/><V96/><F101/><W47/><G34/><T13/><D110/><U134/><E134/><N who="2" m="51819" /><F106/><W25/><G38/><T9/><D3/><U68/><E68/><N who="2" m="26187" /><F96/><W93/><G63/><T94/><D37/><U10/><E17/><V20/><F20/><W23/><G93/><T32/><D127/><N who="2" m="48650" /><F99/><W77/><G23/><T24/><D100/><U124/><E97/><V84/><F84/><W66/><G66/><T116/><D78/><U42/><E72/><V91/><F91/><W90/><G90/><T61/><D74/><U123/><E124/><V85/><F85/><W58/><REACH who="3" step="1"/><G15/><REACH who="3" ten="278,345,208,159" step="2"/><T81/><D13/><N who="1" m="5279" /><E92/><V0/><F0/><W6/><G6/><T57/><D95/><U11/><E123/><V89/><F89/><W35/><G35/><T5/><D32/><U109/><E109/><V18/><F18/><W88/><G88/><T70/><D94/><U45/><E30/><V76/><F76/><W107/><G107/><T67/><D28/><U135/><E135/><V22/><F22/><W111/><G111/><T80/><D5/><U59/><E39/><V65/><F65/><W115/><G115/><T31/><D113/><U83/><E83/><V50/><AGARI ba="0,1" hai="44,46,50,55,56" m="48650,26187,51819" machi="50" ten="40,8000,1" yaku="20,1,18,1,34,2" doraHai="2" who="2" fromWho="2" sc="278,-20,345,-20,208,90,159,-40" owari="258,-14.2,325,42.5,298,9.8,119,-38.1" /></mjloggm>