<mjloggm ver="2.3"><GO type="225" lobby="0"/><UN n0="%E3%81%B2%E3%81%BE%E3%81%A4%E3%81%B6%E3%81%97" n1="%E5%86%B7%E5%87%8D%E3%82%AE%E3%83%A7%E3%83%BC%E3%82%B6" n2="%E9%A2%A8%E3%81%A7%E9%B3%B4%E3%81%8F" n3="%E3%82%A2%E3%82%A4%E3%82%B9%E3%83%86%E3%82%A3%E3%83%BC%E3%81%82%E3%81%B9" dan="16,16,16,16" rate="2173.27,2134.72,2151.65,2125.30" sx="M,M,M,M"/><TAIKYOKU oya="0"/><INIT seed="0,0,0,5,5,13" ten="250,250,250,250" oya="0" hai0="80,115,22,87,133,15,77,38,88,92,107,127,83" hai1="9,0,131,125,102,129,70,101,90,50,130,66,47" hai2="55,93,61,72,132,114,49,18,45,24,95,33,54" hai3="12,99,117,19,120,3,11,97,121,89,75,111,71"/><T8/><D115/><U84/><E125/><V40/><F72/><W118/><G71/><T56/><D127/><U76/><E76/><V43/><F114/><W25/><G75/><T94/><D133/><U135/><E135/><V52/><F132/><W73/><G73/><T79/><D38/><U65/><E0/><V81/><F33/><W57/><G111/><T29/><D107/><U28/><E28/><V16/><F43/><W37/><G37/><T14/><D79/><U7/><E7/><V104/><F104/><W74/><G74/><T1/><D1/><U20/><E20/><N who="2" m="13319" /><F81/><W85/><G3/><T30/><D94/><N who="2" m="35850" /><F18/><N who="3" m="8479" /><G57/><AGARI ba="0,0" hai="40,45,49,52,54,55,57,61" m="35850,13319" machi="57" ten="30,7700,0" yaku="8,1,52,1,54,2" doraHai="13" who="2" fromWho="3" sc="250,0,250,0,250,77,250,-77" /><INIT seed="1,0,0,4,3,122" ten="250,250,327,173" oya="1" hai0="16,50,111,73,31,26,34,55,93,46,52,107,82" hai1="74,133,25,135,109,94,134,113,24,81,129,68,35" hai2="96,126,7,118,62,103,8,21,51,92,110,76,70" hai3="65,57,128,13,95,75,17,29,101,30,116,4,2"/><U33/><E113/><V36/><F36/><W130/><G75/><T3/><D107/><U79/><E129/><N who="3" m="49770" /><G101/><T40/><D3/><U132/><E68/><V5/><F118/><W87/><G95/><T131/><D131/><U32/><N who="1" m="33792" /><DORA hai="41" /><U125/><E125/><V115/><F115/><W1/><G87/><T43/><D43/><U10/><E109/><V102/><F102/><W71/><G57/><T88/><D111/><U0/><E94/><V59/><F110/><W123/><G65/><T121/><D121/><U69/><E69/><V124/><F76/><W27/><G71/><T61/><D61/><U106/><E106/><V45/><F21/><N who="3" m="13743" /><G123/><T72/><D72/><U15/><REACH who="1" step="1"/><E0/><REACH who="1" ten="250,240,327,173" step="2"/><N who="3" m="106" /><G116/><T112/><D112/><U14/><E14/><V117/><F70/><W78/><G78/><T86/><REACH who="0" step="1"/><D16/><AGARI ba="0,1" hai="10,15,16,24,25,32,33,35,74,79,81" m="33792" machi="16" ten="70,12000,1" yaku="1,1,20,1,54,1,53,1" doraHai="122,41" doraHaiUra="97,11" who="1" fromWho="0" sc="250,-120,240,130,327,0,173,0" /><INIT seed="1,1,0,4,3,53" ten="130,370,327,173" oya="1" hai0="130,108,124,11,8,15,36,10,0,82,105,97,9" hai1="127,88,35,95,67,107,20,68,132,28,71,29,119" hai2="122,118,24,73,6,84,89,110,72,49,33,12,46" hai3="65,51,38,23,55,79,14,7,76,78,111,126,4"/><U30/><E119/><V98/><F122/><W64/><G111/><T128/><D36/><U27/><E127/><V96/><F73/><W1/><G38/><T63/><D124/><U94/><E107/><V133/><F72/><W101/><G101/><T120/><D120/><U61/><E132/><V69/><F69/><W104/><G104/><T44/><D108/><U21/><E95/><V113/><F113/><W135/><G135/><T59/><D44/><U18/><E71/><V99/><F110/><W85/><G1/><T87/><D0/><U81/><E81/><V106/><F106/><W80/><G126/><T39/><D39/><U32/><REACH who="1" step="1"/><E21/><REACH who="1" ten="130,360,327,173" step="2"/><V100/><F118/><W47/><G23/><T25/><D130/><U131/><E131/><V92/><F133/><W112/><G112/><T117/><D128/><U121/><E121/><V40/><F33/><W70/><G70/><T129/><D117/><U50/><E50/><V77/><F49/><W19/><G80/><T109/><D129/><U45/><E45/><V91/><F46/><W58/><G47/><T37/><D37/><U56/><E56/><V22/><F22/><W83/><G58/><T5/><D109/><U54/><E54/><V42/><F92/><W34/><G55/><T74/><D74/><U31/><N who="1" m="7168" /><DORA hai="2" /><U26/><E26/><V66/><F24/><W60/><G51/><T93/><D105/><U102/><E102/><V103/><F100/><W86/><G34/><T90/><D90/><N who="2" m="34314" /><F103/><W48/><G48/><T52/><D25/><U75/><E75/><V123/><F123/><W134/><G134/><RYUUKYOKU ba="1,1" sc="130,-10,360,30,327,-10,173,-10" hai1="18,20,27,32,35,61,67,68,88,94" /><INIT seed="1,2,1,5,2,115" ten="120,390,317,163" oya="1" hai0="44,13,37,53,129,27,41,127,64,80,99,6,11" hai1="0,125,106,74,38,26,110,32,63,66,56,120,100" hai2="33,132,46,131,58,65,69,118,134,20,2,34,60" hai3="102,89,19,61,87,31,133,21,68,17,76,123,85"/><U114/><RYUUKYOKU type="yao9" ba="2,1" sc="120,0,390,0,317,0,163,0" hai1="0,26,32,38,56,63,66,74,100,106,110,114,120,125" /><INIT seed="1,3,1,5,2,75" ten="120,390,317,163" oya="1" hai0="44,86,97,50,53,122,31,27,106,98,90,78,73" hai1="66,17,45,40,59,103,70,83,60,65,100,121,129" hai2="12,58,35,38,62,10,56,48,19,85,37,49,80" hai3="29,18,43,46,87,79,133,76,94,64,105,4,33"/><U131/><E121/><V120/><F35/><W22/><G105/><T114/><D122/><U99/><E17/><V63/><F120/><W88/><G4/><T8/><D114/><U96/><E83/><V127/><F38/><W81/><G64/><T23/><D106/><U134/><E134/><V30/><F37/><W24/><G133/><T125/><D125/><U123/><E123/><V117/><F30/><W101/><G101/><T95/><REACH who="0" step="1"/><D8/><REACH who="0" ten="110,390,317,163" step="2"/><U72/><E129/><V118/><F127/><W108/><G108/><T13/><D13/><U77/><E131/><V42/><F12/><W25/><REACH who="3" step="1"/><G94/><REACH who="3" ten="110,390,317,153" step="2"/><T57/><D57/><U15/><E59/><V130/><F56/><W116/><G116/><T89/><D89/><U20/><E103/><V124/><F58/><W3/><G3/><T54/><D54/><U91/><E100/><V104/><F118/><W9/><G9/><T41/><D41/><U93/><E91/><V102/><F42/><W2/><G2/><T39/><D39/><AGARI ba="3,3" hai="18,22,24,25,29,33,39,43,46,76,79,81,87,88" machi="39" ten="30,8000,1" yaku="1,1,7,1,52,2,54,1,53,0" doraHai="75" doraHaiUra="0" who="3" fromWho="0" sc="110,-89,390,0,317,0,153,119" /><INIT seed="2,0,0,3,4,107" ten="21,390,317,272" oya="2" hai0="6,111,40,130,81,76,91,119,118,42,93,23,73" hai1="102,52,54,21,98,70,114,67,120,9,78,60,127" hai2="116,83,25,37,86,121,36,31,79,34,1,94,43" hai3="100,117,20,48,3,62,85,129,22,2,4,61,5"/><V104/><F104/><W72/><G117/><N who="0" m="44555" /><D6/><U68/><E114/><V101/><F116/><W0/><G100/><T58/><D23/><U108/><E108/><V39/><F1/><W51/><G85/><N who="0" m="52463" /><D58/><U110/><E110/><V103/><F121/><W109/><G109/><T41/><D111/><U12/><E127/><V47/><REACH who="2" step="1"/><F94/><REACH who="2" ten="21,390,307,272" step="2"/><W26/><G3/><T115/><D115/><U64/><E120/><V126/><F126/><W77/><G2/><T8/><D130/><U57/><E68/><V49/><AGARI ba="0,1" hai="25,31,34,36,37,39,43,47,49,79,83,86,101,103" machi="49" ten="30,6000,0" yaku="1,1,0,1,53,1" doraHai="107" doraHaiUra="30" who="2" fromWho="2" sc="21,-20,390,-20,307,70,272,-20" /><INIT seed="2,1,0,0,3,112" ten="1,370,377,252" oya="2" hai0="42,43,22,27,10,21,32,4,101,33,8,106,122" hai1="131,7,44,68,118,70,36,54,48,99,74,63,95" hai2="51,23,55,97,81,5,83,102,35,12,103,14,120" hai3="18,96,104,59,114,134,72,117,31,37,64,0,93"/><V16/><F35/><N who="0" m="13386" /><D101/><N who="2" m="38410" /><F97/><W3/><G114/><T85/><D85/><U30/><E74/><V53/><F120/><W49/><G37/><T56/><D56/><U113/><E113/><V45/><F53/><W66/><G104/><T132/><D132/><U46/><E118/><V69/><F69/><W1/><G117/><T127/><D106/><U75/><E75/><V109/><F109/><W87/><G72/><T94/><D94/><U119/><E119/><V76/><F76/><W20/><G31/><T107/><D107/><U11/><E30/><V91/><F91/><N who="3" m="53503" /><G96/><T65/><D65/><U79/><E79/><V82/><F5/><W126/><G134/><T39/><D39/><U13/><E63/><V40/><F55/><N who="3" m="32239" /><G126/><T115/><D115/><U105/><E105/><V121/><F121/><W90/><G90/><T116/><D116/><U129/><E99/><V77/><F77/><W17/><G17/><T9/><D127/><U67/><E67/><V71/><F71/><W89/><G89/><T52/><D52/><U130/><E95/><V125/><F125/><W41/><G41/><AGARI ba="1,0" hai="7,11,13,36,41,44,46,48,54,68,70,129,130,131" machi="41" ten="40,1300,0" yaku="19,1" doraHai="112" who="1" fromWho="3" sc="1,0,370,16,377,0,252,-16" /><INIT seed="3,0,0,3,4,31" ten="1,386,377,236" oya="3" hai0="27,69,51,49,83,63,76,11,56,28,107,14,126" hai1="123,35,62,59,60,25,101,55,6,22,18,122,119" hai2="37,104,7,106,120,3,41,127,131,110,87,44,47" hai3="5,57,133,95,113,124,68,29,82,105,72,21,30"/><W50/><G105/><T24/><D24/><U93/><E119/><V61/><F110/><W19/><G68/><T65/><D65/><BYE who="0" /><U78/><E78/><V0/><F127/><W8/><G113/><T4/><D4/><U85/><E35/><V96/><F131/><W53/><G124/><T66/><D66/><U114/><E114/><V15/><F15/><W64/><G133/><T135/><D135/><U9/><E60/><V132/><F132/><W86/><G72/><T39/><D39/><U84/><E84/><V75/><F87/><W32/><G32/><T102/><D102/><U10/><E10/><N who="2" m="2407" /><F96/><W117/><G64/><T38/><D38/><U134/><E134/><V12/><F12/><N who="3" m="5135" /><G117/><T118/><D118/><U20/><E22/><V1/><F61/><W112/><G112/><T89/><D89/><U92/><E92/><V16/><F16/><W103/><G103/><T36/><D36/><U71/><E71/><V73/><F47/><W111/><G111/><T13/><D13/><U34/><E34/><V48/><F48/><W100/><G100/><T46/><D46/><U129/><E129/><V26/><F26/><N who="3" m="14655" /><G95/><T99/><D99/><U130/><E130/><V17/><F17/><W81/><G81/><T40/><D40/><U91/><E101/><V88/><F88/><AGARI ba="0,0" hai="29,30,50,53,57,82,86,88" m="14655,5135" machi="88" ten="30,2900,0" yaku="8,1,54,1" doraHai="31" who="3" fromWho="2" sc="1,0,386,0,377,-29,236,29" /><INIT seed="3,1,0,0,1,59" ten="1,386,348,265" oya="3" hai0="45,15,70,48,28,56,24,58,86,127,129,116,8" hai1="18,131,110,117,37,43,17,81,23,74,46,52,95" hai2="44,102,0,78,123,128,83,125,75,6,93,94,5" hai3="119,92,10,118,33,26,80,16,90,106,91,104,25"/><W29/><G80/><T107/><D107/><U65/><E110/><V38/><F125/><W111/><G111/><T133/><D133/><U100/><E131/><V40/><F128/><W71/><G71/><T2/><D2/><U113/><E113/><V64/><F123/><W112/><G112/><T85/><D85/><U109/><E109/><V11/><F6/><W27/><G26/><T32/><D32/><U84/><E74/><V66/><REACH who="2" step="1"/><F102/><REACH who="2" ten="1,386,338,265" step="2"/><W89/><G92/><AGARI ba="1,1" hai="0,5,11,38,40,44,64,66,75,78,83,92,93,94" machi="92" ten="40,8000,1" yaku="1,1,2,1,25,2,53,0" doraHai="59" doraHaiUra="53" who="2" fromWho="3" sc="1,0,386,0,338,93,265,-83" owari="1,-49.9,386,18.6,431,53.1,182,-21.8" /></mjloggm>