<mjloggm ver="2.3"><GO type="225" lobby="0"/><UN n0="%E8%A8%88%E7%AE%97%E6%A9%9F%E8%87%AA%E7%84%B6" n1="%73%7A%2E%64%31" n2="%E3%83%B4%E3%83%A0%EF%BC%99%E3%81%A6" n3="%E3%81%AF%E3%82%88%E3%81%8A%E3%81%98%E3%81%95%E3%82%93" dan="17,16,17,16" rate="2185.57,2127.47,2244.86,2144.81" sx="M,M,M,M"/><TAIKYOKU oya="0"/><INIT seed="0,0,0,3,2,134" ten="250,250,250,250" oya="0" hai0="115,99,54,131,16,5,39,107,63,94,128,46,0" hai1="108,51,82,81,53,121,91,61,73,4,18,129,33" hai2="90,47,22,24,96,118,10,44,6,93,111,70,32" hai3="9,50,36,58,95,74,98,87,126,29,19,59,109"/><T80/><D115/><U103/><E121/><V60/><F111/><W34/><G74/><T31/><D31/><U42/><E108/><V112/><F112/><W127/><G36/><T124/><D107/><U69/><E33/><V66/><F32/><W37/><G37/><T8/><D80/><U100/><E129/><N who="0" m="49737" /><D63/><U101/><E42/><V76/><F76/><W85/><G109/><T92/><D92/><U133/><E69/><V120/><F118/><W114/><G114/><T38/><D16/><U20/><E4/><V110/><F120/><W2/><G29/><T132/><D132/><U72/><E72/><V26/><F26/><W11/><G34/><T3/><D3/><U62/><E73/><V86/><F110/><W12/><G9/><T84/><D84/><N who="1" m="50575" /><E82/><V25/><F25/><W15/><G15/><T116/><D116/><U78/><E78/><V17/><F86/><W75/><G2/><AGARI ba="0,0" hai="2,6,10,17,22,24,44,47,60,66,70,90,93,96" machi="2" ten="30,1000,0" yaku="7,1" doraHai="134" who="2" fromWho="3" sc="250,0,250,0,250,10,250,-10" /><INIT seed="1,0,0,4,5,56" ten="250,250,260,240" oya="1" hai0="36,64,35,54,93,124,102,112,120,82,65,8,61" hai1="97,26,62,103,84,57,114,41,73,98,81,129,60" hai2="115,0,47,25,58,51,23,106,70,33,12,45,85" hai3="100,111,5,121,77,80,116,11,30,22,79,3,21"/><U104/><E114/><V126/><F70/><W123/><G111/><T1/><D112/><U17/><E129/><V15/><F0/><W110/><G110/><T105/><D36/><U19/><E73/><V55/><F106/><W13/><G116/><T96/><D35/><U9/><E97/><V67/><F126/><W122/><G100/><T2/><D124/><U68/><E41/><V16/><F115/><W46/><G46/><T38/><D38/><U7/><E68/><V63/><F33/><W127/><G127/><T88/><D82/><U89/><E57/><V134/><F134/><W83/><G3/><T66/><D120/><U14/><REACH who="1" step="1"/><E26/><REACH who="1" ten="250,240,260,240" step="2"/><V72/><F72/><W125/><G125/><T39/><D96/><U27/><E27/><V107/><F107/><W10/><G122/><T132/><D132/><U53/><E53/><V34/><F47/><W113/><G113/><T32/><D54/><U87/><E87/><V101/><F101/><W99/><G99/><T119/><D102/><U37/><E37/><V130/><F130/><W71/><G71/><T86/><D105/><U4/><E4/><V92/><F34/><W75/><G5/><T69/><D32/><U117/><E117/><V43/><F43/><W18/><G123/><T50/><D119/><U44/><E44/><V94/><F85/><N who="3" m="48271" /><G121/><T6/><D39/><U78/><E78/><V118/><F118/><W109/><G109/><T52/><D1/><U31/><E31/><V76/><F76/><W90/><G90/><T42/><D42/><U131/><E131/><V95/><AGARI ba="0,1" hai="12,15,16,23,25,45,51,55,58,63,67,92,94,95" machi="95" ten="30,7900,0" yaku="0,1,8,1,52,1,54,1" doraHai="56" who="2" fromWho="2" sc="250,-20,240,-39,260,89,240,-20" /><INIT seed="2,0,0,2,3,115" ten="230,201,349,220" oya="2" hai0="40,132,93,16,3,119,34,120,4,71,72,49,123" hai1="94,95,8,56,105,23,121,29,109,48,127,39,15" hai2="104,68,106,12,112,91,61,20,118,84,107,83,124" hai3="111,7,18,54,133,77,11,13,19,81,57,64,100"/><V27/><F112/><W60/><G111/><T87/><D72/><U80/><E109/><V102/><F124/><W9/><G133/><T46/><D71/><U110/><E127/><V33/><F12/><W70/><G100/><T103/><D34/><U36/><E110/><V65/><F33/><W82/><G82/><T24/><D132/><U97/><E105/><V89/><F89/><W85/><REACH who="3" step="1"/><G9/><REACH who="3" ten="230,201,349,210" step="2"/><T10/><D103/><U31/><E80/><V122/><F102/><W35/><G35/><T30/><D10/><U26/><E94/><V114/><F114/><W47/><G47/><T67/><D46/><U45/><E121/><V125/><F122/><W126/><G126/><T134/><D134/><U129/><E45/><V6/><F125/><W59/><G59/><T51/><D123/><U78/><E56/><V117/><REACH who="2" step="1"/><F6/><REACH who="2" ten="230,201,339,210" step="2"/><W52/><G52/><T37/><D4/><N who="1" m="3463" /><E95/><V66/><F66/><W38/><G38/><T76/><D37/><U63/><E39/><V86/><F86/><W135/><G135/><T43/><D120/><U14/><E36/><V42/><F42/><W108/><G108/><T5/><D40/><U74/><E74/><V128/><F128/><W0/><G0/><T98/><D43/><U116/><E129/><V17/><AGARI ba="0,2" hai="17,20,27,61,65,68,83,84,91,104,106,107,117,118" machi="17" ten="30,11700,0" yaku="1,1,0,1,52,2,53,0" doraHai="115" doraHaiUra="41" who="2" fromWho="2" sc="230,-39,201,-39,339,137,210,-39" /><INIT seed="2,1,0,1,4,32" ten="191,162,476,171" oya="2" hai0="127,99,107,28,71,108,115,97,44,92,59,34,39" hai1="87,122,41,31,78,20,66,80,25,134,77,24,126" hai2="65,19,38,37,82,11,120,69,23,111,132,121,46" hai3="94,0,26,15,55,85,14,133,29,35,48,117,1"/><V61/><F132/><W81/><G117/><T8/><D115/><U104/><E134/><V2/><F111/><W68/><G133/><T83/><D71/><U21/><E104/><V52/><F82/><W113/><G68/><T130/><D130/><U128/><E128/><V58/><F37/><W86/><G113/><T4/><D127/><U100/><E126/><V47/><F47/><W36/><G36/><T119/><D107/><U131/><E131/><V22/><F22/><W63/><G63/><T74/><D59/><U89/><E100/><V42/><F2/><W3/><G94/><T70/><D70/><U72/><E122/><V112/><F11/><W7/><G7/><T40/><D92/><U116/><E116/><V9/><F9/><W53/><G86/><T12/><D108/><U76/><E66/><V103/><F103/><W43/><G43/><T84/><D74/><U54/><E54/><V33/><F33/><W102/><G102/><T49/><D39/><U129/><E129/><V51/><F112/><W106/><G106/><T64/><D64/><U30/><REACH who="1" step="1"/><E41/><REACH who="1" ten="191,152,476,171" step="2"/><V123/><F121/><W13/><REACH who="3" step="1"/><G48/><REACH who="3" ten="191,152,476,161" step="2"/><T101/><D101/><U88/><E88/><AGARI ba="1,2" hai="0,1,3,13,14,15,26,29,35,53,55,81,85,88" machi="88" ten="50,16000,3" yaku="1,1,2,1,52,3,54,1,53,3" doraHai="32" doraHaiUra="10" who="3" fromWho="1" sc="191,0,152,-163,476,0,161,183" owari="191,-20.9,-11,-51.1,476,57.6,344,14.4" /></mjloggm>