<mjloggm ver="2.3"><GO type="225" lobby="0"/><UN n0="%6D%75%75%6D%75%72%61" n1="%E6%98%93%E5%88%A9%E8%96%A9%E4%BC%AF" n2="%E3%83%B4%E3%83%A0%EF%BC%99%E3%81%A6" n3="%E3%81%8B%E3%82%8F%E3%81%A1%E3%82%83%E3%82%93%35%38" dan="16,16,17,16" rate="2163.02,2145.13,2154.15,2078.21" sx="F,F,M,M"/><TAIKYOKU oya="0"/><INIT seed="0,0,0,3,1,7" ten="250,250,250,250" oya="0" hai0="37,33,111,46,126,70,13,39,38,127,30,112,72" hai1="36,97,130,122,90,20,121,14,54,12,2,61,113" hai2="105,87,19,26,47,118,23,41,62,29,63,31,45" hai3="100,110,117,133,135,64,81,83,28,4,79,73,48"/><T109/><D112/><U92/><E2/><V17/><F105/><W59/><G117/><T11/><D72/><U5/><E130/><V85/><F118/><W8/><G110/><N who="0" m="41995" /><D70/><U43/><E113/><V108/><F108/><W102/><G28/><T9/><D13/><U1/><E43/><V58/><F41/><W115/><G83/><T69/><D69/><U57/><E36/><V68/><F68/><W52/><G64/><T3/><D3/><U32/><E32/><V128/><F128/><W89/><G89/><T77/><D77/><U94/><E1/><V93/><F93/><W116/><G116/><T71/><D71/><U86/><E20/><V6/><F6/><W21/><G21/><T125/><D46/><U49/><E61/><V35/><F35/><W84/><G73/><T104/><D104/><U119/><E119/><V106/><F106/><W53/><G115/><T51/><D51/><U120/><REACH who="1" step="1"/><E5/><REACH who="1" ten="250,240,250,250" step="2"/><V132/><F23/><W66/><G66/><T60/><D60/><U91/><AGARI ba="0,1" hai="12,14,49,54,57,86,90,91,92,94,97,120,121,122" machi="91" ten="40,8000,1" yaku="1,1,2,1,0,1,53,1" doraHai="7" doraHaiUra="44" who="1" fromWho="1" sc="250,-40,240,90,250,-20,250,-20" /><INIT seed="1,0,0,5,4,119" ten="210,330,230,230" oya="1" hai0="118,63,102,11,42,45,83,77,43,51,89,23,59" hai1="131,103,10,37,12,123,49,113,52,35,76,65,100" hai2="107,30,106,66,22,109,90,15,81,116,1,93,126" hai3="117,135,130,80,125,115,112,78,9,91,16,122,60"/><U53/><E113/><V26/><F116/><W8/><G117/><T7/><D118/><U114/><E114/><V98/><F1/><W92/><G8/><T75/><D102/><U24/><E37/><V58/><F109/><W27/><G130/><T46/><D23/><U108/><E131/><V70/><F70/><W41/><G41/><T5/><D89/><U17/><E123/><V57/><F126/><W40/><G122/><T132/><D132/><U38/><E38/><V61/><F81/><W105/><G105/><T96/><D96/><U62/><E76/><V133/><F133/><W85/><G135/><T36/><REACH who="0" step="1"/><D11/><REACH who="0" ten="200,330,230,230" step="2"/><U99/><E99/><V124/><F124/><W21/><G125/><T74/><D74/><U128/><E128/><V97/><F97/><W104/><G104/><T48/><D48/><U67/><E100/><V110/><F110/><W3/><G60/><T121/><D121/><U68/><E103/><V86/><F86/><W127/><G127/><T134/><D134/><U79/><E108/><V64/><F106/><W111/><G111/><T25/><D25/><U20/><E20/><V39/><F107/><W72/><REACH who="3" step="1"/><G40/><REACH who="3" ten="200,330,230,220" step="2"/><T129/><D129/><U71/><E62/><N who="2" m="37967" /><F39/><W54/><G54/><AGARI ba="0,2" hai="5,7,36,42,43,45,46,51,54,59,63,75,77,83" machi="54" ten="30,2000,0" yaku="1,1,7,1,53,0" doraHai="119" doraHaiUra="32" who="0" fromWho="3" sc="200,40,330,0,230,0,220,-20" /><INIT seed="2,0,0,2,4,17" ten="240,330,230,200" oya="2" hai0="69,81,124,132,16,107,30,22,101,90,2,64,57" hai1="21,130,92,77,100,38,120,104,6,134,118,0,34" hai2="60,128,112,8,88,40,108,19,58,28,74,12,98" hai3="27,4,35,99,72,110,73,121,11,63,80,52,54"/><V83/><F112/><W94/><G121/><T53/><D2/><U59/><E38/><V9/><F128/><W42/><G110/><T135/><D124/><U117/><E34/><V123/><F123/><W3/><G42/><T105/><D30/><U70/><E70/><V85/><F108/><W127/><G127/><T78/><D90/><U125/><E134/><N who="0" m="51241" /><D101/><U111/><E130/><V82/><F28/><W84/><G35/><T131/><D64/><U31/><E104/><V48/><F98/><W24/><G73/><N who="0" m="43215" /><D69/><U96/><E120/><V32/><F32/><W119/><G72/><T126/><D131/><U26/><E125/><V33/><F33/><W76/><G119/><T95/><D95/><U122/><E77/><V36/><F36/><W65/><G27/><N who="0" m="14791" /><D126/><U61/><E111/><V93/><F74/><W44/><G24/><T102/><D102/><U133/><E133/><V18/><F18/><W115/><G115/><T89/><D89/><U129/><E129/><V87/><F87/><W10/><G10/><T1/><D1/><U91/><E91/><V97/><F8/><W71/><REACH who="3" step="1"/><G44/><REACH who="3" ten="240,330,230,190" step="2"/><T23/><D23/><U14/><E122/><V29/><F9/><W41/><G41/><T47/><D47/><U66/><E118/><V15/><F40/><W25/><G25/><T68/><D68/><U106/><E117/><V79/><F12/><W56/><G56/><T75/><D75/><U45/><E14/><V67/><F15/><W55/><G55/><T43/><D43/><U7/><E45/><V20/><F58/><W46/><G46/><T113/><D113/><RYUUKYOKU ba="0,1" sc="240,15,330,-15,230,-15,190,15" hai0="53,57,105,107" hai3="3,4,11,52,54,63,65,71,76,80,84,94,99" /><INIT seed="3,1,1,5,5,53" ten="255,315,215,205" oya="3" hai0="63,55,99,73,82,94,5,39,130,106,38,123,95" hai1="9,135,78,22,76,48,32,8,108,89,56,10,16" hai2="15,97,43,105,50,31,116,112,65,127,87,74,7" hai3="68,117,110,83,86,2,120,122,91,29,72,69,126"/><W134/><G2/><T41/><D123/><N who="3" m="47145" /><G29/><T125/><D106/><U90/><E108/><V111/><F111/><W45/><G110/><T124/><D130/><U66/><E135/><V52/><F31/><W107/><G45/><T33/><D33/><U80/><E32/><V77/><F65/><W102/><G68/><T58/><D5/><U17/><E17/><V26/><F43/><W98/><G69/><T64/><D64/><U0/><E0/><V100/><F26/><W60/><G60/><T75/><D82/><U14/><E78/><V104/><F15/><W12/><G12/><T11/><D11/><U28/><E28/><V1/><F1/><W79/><G117/><T121/><D121/><U128/><E128/><V57/><F7/><W67/><G67/><T114/><D114/><U42/><E42/><V96/><F112/><W54/><G54/><T88/><D94/><U21/><E21/><V113/><F113/><W118/><G118/><T18/><D18/><U103/><E103/><V25/><F116/><W37/><G37/><N who="0" m="13835" /><D41/><U133/><E10/><V47/><F25/><W30/><G134/><T24/><D24/><U13/><E133/><V27/><F27/><W51/><G30/><T3/><D3/><U101/><E9/><V129/><F129/><W44/><G126/><AGARI ba="1,1" hai="55,58,63,73,75,88,95,99,124,125,126" m="13835" machi="126" ten="30,3900,0" yaku="18,1,52,1,54,1" doraHai="53" who="0" fromWho="3" sc="255,52,315,0,215,0,205,-42" owari="307,10.7,315,41.5,215,-18.5,163,-33.7" /></mjloggm>