<mjloggm ver="2.3"><GO type="225" lobby="0"/><UN n0="%E5%8D%A0%E3%81%84%E5%B8%AB%E8%A3%8F%E3%81%AA%E3%81%84%E3%81%97" n1="%E9%B3%B3%E6%9D%B1%E3%81%AE%E3%81%86%E3%81%95%E3%81%8E%E3%81%95%E3%82%93" n2="%77%72%77%72%77%72%77%72" n3="%48%61%61%61%6C%61%6E%64" dan="16,17,16,18" rate="2161.04,2257.27,2223.93,2296.90" sx="M,M,M,M"/><TAIKYOKU oya="0"/><INIT seed="0,0,0,4,4,85" ten="250,250,250,250" oya="0" hai0="92,84,33,20,77,115,2,116,119,118,66,110,134" hai1="100,17,12,62,93,121,112,97,21,82,34,127,103" hai2="131,48,56,8,25,123,44,102,113,55,19,78,99" hai3="94,74,68,52,26,76,60,109,86,83,125,24,29"/><T87/><D115/><U13/><E127/><V61/><F113/><W107/><G125/><T124/><D33/><U37/><E121/><V45/><F123/><W65/><G109/><T1/><D124/><U96/><E112/><V32/><F131/><W10/><G107/><T95/><D110/><U108/><E108/><V7/><F78/><W75/><G10/><T98/><D134/><U11/><E37/><V88/><F32/><W67/><G67/><T18/><D66/><U63/><E82/><V59/><F102/><W91/><G29/><T28/><D28/><U49/><E49/><V79/><F79/><W130/><G130/><T40/><D40/><U111/><E34/><V35/><F7/><W135/><G135/><T73/><D73/><U72/><E72/><V31/><F19/><W54/><REACH who="3" step="1"/><G75/><REACH who="3" ten="250,250,250,240" step="2"/><T47/><D118/><U41/><E111/><V6/><F8/><W128/><G128/><T3/><D116/><U50/><E11/><V126/><F126/><W64/><G64/><T80/><D119/><U133/><E133/><V122/><F122/><W51/><G51/><T38/><D38/><U5/><E50/><V36/><F36/><W117/><G117/><T4/><D1/><U58/><E62/><V30/><F30/><W71/><G71/><T14/><D2/><U106/><E63/><V46/><F6/><W90/><G90/><N who="0" m="53319" /><D4/><U42/><E5/><V129/><F129/><W0/><G0/><T81/><D3/><U22/><E22/><V101/><F59/><W43/><G43/><N who="1" m="16394" /><E58/><V89/><F61/><W132/><G132/><T70/><D20/><RYUUKYOKU ba="0,1" sc="250,-30,250,10,250,10,240,10" hai1="12,13,17,21,93,96,97,100,103,106" hai2="25,31,35,44,45,46,48,55,56,88,89,99,101" hai3="24,26,52,54,60,65,68,74,76,83,86,91,94" /><INIT seed="1,1,1,4,1,69" ten="220,260,260,250" oya="1" hai0="126,4,38,127,119,88,32,59,27,130,72,98,110" hai1="60,120,79,133,132,100,125,92,50,66,62,86,102" hai2="90,99,3,46,35,48,1,22,63,113,121,23,19" hai3="70,30,91,14,41,134,56,78,123,0,16,129,9"/><U105/><E120/><V82/><F121/><W87/><G123/><T24/><D119/><U17/><E125/><N who="0" m="47625" /><D110/><U25/><E105/><V31/><F35/><W117/><G70/><T89/><D130/><U29/><E17/><V65/><F113/><W55/><G129/><T107/><D72/><U11/><E11/><V8/><F8/><W61/><G117/><T36/><D4/><U71/><E60/><V85/><F99/><W115/><G115/><T57/><D57/><U58/><E50/><V33/><F33/><W97/><G134/><N who="1" m="51818" /><E71/><V114/><F22/><W67/><G0/><T96/><D59/><U81/><E92/><V64/><F31/><W15/><G30/><N who="0" m="19527" /><D27/><U43/><E43/><V18/><F18/><W111/><G41/><T118/><D118/><U44/><E44/><V2/><F63/><W34/><G61/><T52/><D52/><U7/><E7/><V94/><F114/><W28/><G55/><T112/><D112/><U5/><E5/><V106/><F48/><W20/><G56/><T13/><D13/><U108/><E108/><V49/><F64/><W73/><G67/><T40/><D40/><U77/><E77/><V128/><F65/><W75/><G111/><T84/><D107/><U21/><AGARI ba="1,1" hai="21,25,29,58,62,66,79,81,86,100,102" m="51818" machi="21" ten="30,1500,0" yaku="20,1" doraHai="69" who="1" fromWho="1" sc="220,-6,260,28,260,-6,250,-6" /><INIT seed="1,2,0,2,0,100" ten="214,288,254,244" oya="1" hai0="95,105,96,17,36,85,48,99,94,73,116,106,41" hai1="129,63,16,70,30,31,102,92,0,7,118,27,42" hai2="58,128,91,109,54,122,65,101,97,28,44,67,72" hai3="86,23,10,98,82,93,84,83,14,135,43,64,75"/><U120/><E118/><V47/><F122/><W50/><G135/><T57/><D36/><U125/><E120/><V134/><F72/><W49/><G64/><T79/><D116/><U81/><E42/><V103/><F134/><W126/><G126/><T26/><D73/><U9/><E125/><V110/><F28/><W33/><G33/><T39/><D39/><U12/><E129/><V115/><F128/><W4/><G75/><T56/><D41/><U21/><E81/><N who="3" m="30730" /><G23/><T11/><D85/><N who="3" m="32873" /><G43/><T90/><D79/><U45/><E45/><N who="2" m="17483" /><F115/><W15/><G15/><T124/><D124/><U113/><E113/><V108/><F91/><AGARI ba="2,0" hai="4,10,14,49,50,91,93,98" m="32873,30730" machi="91" ten="30,1000,0" yaku="8,1" doraHai="100" who="3" fromWho="2" sc="214,0,288,0,254,-16,244,16" /><INIT seed="2,0,0,0,3,106" ten="214,288,238,260" oya="2" hai0="120,127,60,73,81,51,110,56,5,124,93,109,121" hai1="75,101,24,14,97,32,28,103,4,79,113,114,116" hai2="30,27,13,63,47,1,125,59,104,85,69,105,20" hai3="72,57,112,29,40,67,17,129,65,25,130,119,33"/><V131/><F1/><W58/><G119/><T88/><D5/><U84/><E116/><V83/><F131/><N who="3" m="50187" /><G112/><T49/><D49/><U41/><E75/><V18/><F69/><W90/><G40/><T10/><D10/><U52/><E41/><V108/><F125/><N who="0" m="48202" /><D51/><U132/><E132/><V19/><F47/><W89/><G72/><T62/><D62/><U98/><E52/><V46/><F46/><W91/><G17/><T102/><D102/><U66/><E66/><AGARI ba="0,0" hai="25,29,33,57,58,65,66,67,89,90,91" m="50187" machi="66" ten="30,1000,0" yaku="19,1" doraHai="106" who="3" fromWho="1" sc="214,0,288,-10,238,0,260,10" /><INIT seed="3,0,0,3,1,86" ten="214,278,238,270" oya="3" hai0="77,36,93,53,25,45,65,78,15,111,38,130,68" hai1="117,48,44,12,128,22,37,18,40,89,112,31,20" hai2="99,79,107,52,42,55,39,97,71,74,91,56,103" hai3="17,3,34,72,87,135,29,14,26,84,7,95,76"/><W50/><G135/><T134/><D134/><U5/><E128/><V21/><F71/><W33/><G33/><T104/><D104/><U118/><E112/><V24/><F39/><W32/><G32/><T28/><D130/><U70/><E70/><V85/><F42/><W100/><G50/><T114/><D111/><U122/><E122/><V63/><F97/><W106/><G106/><T94/><D114/><U30/><E5/><V57/><F79/><W73/><G7/><T88/><D38/><U9/><E37/><V27/><F21/><N who="1" m="8297" /><E89/><V96/><F96/><W16/><G3/><T120/><D120/><U133/><E133/><V2/><F74/><W116/><G73/><T1/><D1/><U92/><E92/><V109/><F2/><W124/><G72/><T51/><D36/><U10/><E10/><V60/><F109/><W67/><G76/><T125/><D125/><U6/><E6/><V126/><F126/><W102/><G124/><T101/><D101/><U11/><E11/><V75/><F75/><W69/><G102/><T123/><D123/><U113/><E113/><V8/><F8/><W105/><G105/><T19/><D93/><AGARI ba="0,0" hai="24,27,52,55,56,57,60,63,85,91,93,99,103,107" machi="93" ten="30,7700,0" yaku="7,1,9,1,52,1,54,1" doraHai="86" who="2" fromWho="0" sc="214,-77,278,0,238,77,270,0" owari="137,-36.3,278,7.8,315,41.5,270,-13.0" /></mjloggm>