<mjloggm ver="2.3"><GO type="225" lobby="0"/><UN n0="%E5%B8%86%E7%AB%8B%E5%A4%8F%E8%A1%A3" n1="%33%74%72%65%65" n2="%E3%81%8A%E3%81%8B%E3%81%8F%E3%82%89" n3="%E3%81%8F%E3%81%BE%E3%81%96%E3%82%8F" dan="17,17,17,16" rate="2140.97,2222.47,2104.60,2005.21" sx="M,F,M,M"/><TAIKYOKU oya="0"/><INIT seed="0,0,0,5,2,105" ten="250,250,250,250" oya="0" hai0="18,5,106,124,97,27,92,17,56,51,33,57,11" hai1="68,35,23,67,29,112,126,101,127,88,3,95,10" hai2="30,0,83,129,50,26,32,89,107,131,4,8,46" hai3="82,78,86,34,69,16,28,93,44,61,9,58,49"/><T24/><D124/><N who="1" m="47659" /><E35/><V118/><F107/><W121/><G121/><T123/><D106/><U109/><E109/><V75/><F118/><W45/><G69/><T130/><D130/><U42/><E42/><V120/><F120/><W133/><G133/><T22/><D123/><U12/><E101/><V15/><F15/><N who="3" m="7279" /><G34/><T87/><D87/><U41/><E41/><V119/><F119/><W103/><G28/><T76/><D76/><U7/><E112/><V20/><F32/><W90/><G103/><T52/><D33/><U53/><E53/><V13/><F0/><W77/><G49/><T116/><D116/><U48/><E48/><V79/><REACH who="2" step="1"/><F89/><REACH who="2" ten="250,250,240,250" step="2"/><W43/><G43/><AGARI ba="0,1" hai="4,8,13,20,26,30,43,46,50,75,79,83,129,131" machi="43" ten="40,5200,0" yaku="1,1,2,1,52,1,53,0" doraHai="105" doraHaiUra="31" who="2" fromWho="3" sc="250,0,250,0,240,62,250,-52" /><INIT seed="1,0,0,4,2,50" ten="250,250,302,198" oya="1" hai0="25,130,30,68,48,118,18,15,131,4,24,27,91" hai1="105,16,119,81,53,72,56,35,127,42,121,96,126" hai2="92,74,117,49,31,21,109,70,133,94,12,73,51" hai3="106,88,85,6,86,71,19,128,122,39,10,116,26"/><U55/><E119/><V45/><F70/><W47/><G122/><T108/><D68/><U1/><E121/><V129/><F109/><W41/><G128/><N who="0" m="49195" /><D118/><U3/><E35/><V9/><F129/><W82/><G116/><T32/><D91/><U75/><E42/><V111/><F51/><W29/><G71/><T124/><D108/><U14/><E96/><V28/><F111/><W101/><G19/><T132/><D48/><U46/><E46/><V20/><F73/><N who="1" m="28233" /><E81/><V5/><F74/><W76/><G101/><T125/><D132/><U89/><E89/><V36/><F36/><W64/><G106/><T60/><D4/><U67/><E105/><V107/><F107/><W58/><G58/><T34/><D60/><N who="1" m="38279" /><E3/><V135/><F117/><W40/><G40/><T23/><D34/><U95/><E95/><N who="2" m="36395" /><F135/><W78/><G85/><T57/><D57/><U90/><E90/><V11/><F11/><W65/><G76/><T113/><D113/><U99/><E99/><V0/><F0/><W83/><G78/><T112/><D112/><U52/><E1/><V79/><F79/><W63/><G63/><T80/><D80/><U38/><E38/><V8/><F133/><W66/><G82/><T13/><D13/><U33/><E33/><V100/><F45/><W17/><G47/><T69/><D69/><U59/><E59/><V134/><F134/><W2/><G39/><T44/><D44/><U123/><E123/><V87/><F12/><W61/><G61/><T7/><D7/><U54/><N who="1" m="13312" /><DORA hai="62" /><U22/><AGARI ba="0,0" hai="14,16,22,126,127" m="13312,38279,28233" machi="22" ten="50,24000,3" yaku="4,1,52,5,54,2" doraHai="50,62" who="1" fromWho="1" sc="250,-80,250,240,302,-80,198,-80" /><INIT seed="1,1,0,3,2,61" ten="170,490,222,118" oya="1" hai0="88,30,131,23,33,111,12,92,119,64,51,81,121" hai1="117,29,89,107,120,122,86,104,10,42,80,55,118" hai2="3,19,32,83,4,54,67,15,34,100,102,77,94" hai3="130,110,22,13,46,24,103,8,68,40,18,14,84"/><U124/><E42/><V108/><F108/><W123/><G110/><T134/><D111/><U43/><E43/><V91/><F4/><W16/><G130/><T128/><D119/><N who="1" m="45579" /><E55/><V78/><F3/><W87/><G123/><N who="1" m="47146" /><E10/><V9/><F77/><W105/><G68/><T25/><D88/><N who="1" m="51271" /><E29/><V73/><F54/><W90/><G105/><N who="1" m="40522" /><E89/><V36/><F36/><W47/><G90/><T127/><D30/><U116/><N who="1" m="45587" /><U69/><DORA hai="70" /><E69/><V97/><F32/><W113/><G113/><T1/><D33/><U58/><E58/><V75/><F34/><W79/><G47/><T27/><D27/><U93/><E93/><V63/><F91/><W7/><G7/><T37/><D25/><U82/><E82/><V125/><F94/><W62/><G62/><T106/><D92/><U45/><E45/><V76/><F83/><W31/><G46/><T126/><D106/><U133/><E133/><V59/><F9/><W38/><G40/><T5/><D134/><U96/><E96/><V41/><F97/><W49/><G38/><T109/><D37/><U65/><E65/><V132/><F67/><W129/><G49/><T56/><D81/><U95/><E95/><V35/><F35/><W98/><G98/><T11/><D109/><U135/><E135/><V2/><F41/><W115/><G31/><T114/><D121/><U57/><E57/><V44/><F59/><W26/><G24/><T28/><D28/><U71/><E71/><V66/><F44/><W20/><G26/><T52/><D64/><U6/><E6/><V60/><F132/><W101/><G8/><RYUUKYOKU ba="1,0" sc="170,-10,490,30,222,-10,118,-10" hai1="124" /><INIT seed="1,2,0,2,3,123" ten="160,520,212,108" oya="1" hai0="10,48,111,52,47,128,87,62,96,41,50,104,49" hai1="13,53,1,102,9,65,118,121,16,28,108,99,77" hai2="80,39,112,33,56,43,25,100,30,12,71,122,93" hai3="113,0,40,21,46,54,76,81,2,103,69,59,135"/><U72/><E118/><V73/><F71/><W58/><G113/><T117/><D117/><U116/><E116/><V24/><F122/><W27/><G69/><T83/><D128/><U7/><E121/><V74/><F80/><W98/><G135/><T38/><D111/><U127/><E65/><V114/><F12/><W61/><G59/><T84/><D104/><U60/><E28/><N who="2" m="19591" /><F56/><W15/><G15/><T130/><D130/><U18/><E127/><V20/><F43/><W42/><G2/><T95/><D10/><U17/><E77/><V11/><F39/><W29/><G0/><T19/><D19/><U79/><E79/><V57/><F57/><W119/><G119/><T126/><D126/><U75/><E1/><V35/><F11/><W45/><G42/><T110/><D110/><U32/><E108/><V66/><F20/><W26/><G26/><T8/><D8/><U44/><E32/><V34/><F66/><W22/><G22/><T97/><D62/><U67/><E67/><V70/><F35/><W92/><REACH who="3" step="1"/><G40/><REACH who="3" ten="160,520,212,98" step="2"/><T85/><D52/><U68/><E68/><V5/><F70/><W125/><G125/><T107/><D38/><U4/><E4/><V63/><F5/><W106/><G106/><T89/><REACH who="0" step="1"/><D83/><REACH who="0" ten="150,520,212,98" step="2"/><U131/><E131/><V82/><F82/><W133/><G133/><T36/><D36/><U78/><E60/><V31/><F63/><W101/><G101/><AGARI ba="2,2" hai="41,47,48,49,50,84,85,87,89,95,96,97,101,107" machi="101" ten="40,1300,0" yaku="1,1,53,0" doraHai="123" doraHaiUra="64" who="0" fromWho="3" sc="150,39,520,0,212,0,98,-19" /><INIT seed="2,0,0,5,2,69" ten="189,520,212,79" oya="2" hai0="110,108,60,62,92,135,39,37,58,54,123,43,114" hai1="75,134,122,93,91,10,46,17,71,27,76,73,94" hai2="61,87,36,2,70,101,105,96,77,127,26,78,30" hai3="121,52,6,25,15,59,29,95,9,55,1,19,115"/><V51/><F2/><W128/><G121/><T0/><D123/><U88/><E122/><V3/><F3/><W89/><G128/><T5/><D114/><U22/><E71/><V131/><F131/><W102/><G102/><T97/><D135/><U68/><E68/><V103/><F103/><W56/><G115/><T99/><D5/><U82/><E134/><V132/><F132/><W33/><G59/><N who="0" m="34935" /><D0/><U100/><E100/><V80/><F127/><W11/><REACH who="3" step="1"/><G56/><REACH who="3" ten="189,520,212,69" step="2"/><T117/><D117/><U81/><E46/><V45/><F101/><W44/><G44/><T90/><D43/><U57/><E57/><V42/><F42/><W38/><G38/><N who="0" m="14347" /><D58/><U32/><E32/><V28/><F70/><W130/><G130/><T125/><D62/><U35/><E35/><V16/><F61/><W83/><G83/><T34/><D125/><U119/><E81/><V13/><F80/><W129/><G129/><T49/><D34/><U120/><E82/><V133/><F133/><W74/><G74/><T12/><D49/><U66/><E73/><V20/><F51/><W63/><G63/><T72/><D72/><U65/><E75/><V50/><F50/><W18/><G18/><T40/><D40/><U47/><E17/><V41/><F16/><W31/><G31/><T116/><D116/><U113/><E119/><V23/><F28/><W107/><G107/><T7/><D99/><AGARI ba="0,1" hai="1,6,9,11,15,19,25,29,33,52,55,89,95,99" machi="99" ten="30,7700,0" yaku="1,1,7,1,54,1,53,1" doraHai="69" doraHaiUra="24" who="3" fromWho="0" sc="189,-77,520,0,212,0,69,87" /><INIT seed="3,0,0,4,4,113" ten="112,520,212,156" oya="3" hai0="46,45,11,65,24,31,22,43,94,124,15,112,110" hai1="47,109,69,107,21,19,127,100,40,77,79,23,82" hai2="62,56,42,121,39,105,60,130,35,2,72,90,1" hai3="88,34,66,119,97,29,30,58,63,85,84,71,25"/><W18/><G119/><T14/><D112/><U129/><E109/><V89/><F35/><W133/><G133/><T26/><D110/><U41/><E129/><V81/><F105/><W38/><G38/><T74/><D124/><U10/><E69/><V53/><F130/><W57/><G30/><T131/><D131/><U101/><E107/><V95/><F39/><W92/><G84/><T132/><D132/><U118/><E127/><V59/><F42/><W126/><G126/><T12/><D74/><U135/><E41/><V102/><F102/><W5/><G5/><T4/><D65/><U134/><E10/><V55/><F121/><W98/><G18/><T16/><D94/><U13/><E23/><V52/><F53/><W33/><G33/><T115/><D115/><U9/><E118/><V80/><F95/><W96/><AGARI ba="0,0" hai="25,29,34,57,58,63,66,71,85,88,92,96,97,98" machi="96" ten="30,3000,0" yaku="0,1,54,1" doraHai="113" who="3" fromWho="3" sc="112,-10,520,-10,212,-10,156,30" /><INIT seed="3,1,0,4,1,12" ten="102,510,202,186" oya="3" hai0="73,13,123,41,52,116,133,61,51,49,54,92,103" hai1="4,56,122,63,57,14,96,0,68,2,39,17,115" hai2="9,89,80,124,101,93,91,26,24,99,34,33,113" hai3="19,111,119,66,70,132,86,76,69,106,72,127,23"/><W5/><G119/><T35/><D73/><U18/><E39/><V130/><F113/><W47/><G72/><T55/><D116/><U120/><E68/><V37/><F37/><W83/><G127/><T95/><D35/><U128/><E115/><V87/><F130/><W117/><G117/><T42/><D123/><U112/><E112/><V75/><F124/><W46/><G132/><T71/><D133/><U31/><E31/><V114/><F114/><W118/><G118/><T32/><D32/><U62/><E96/><V131/><F131/><W64/><G106/><T126/><D126/><U104/><E104/><V125/><F125/><W7/><G70/><T1/><D1/><U10/><E128/><V110/><F110/><W53/><G69/><T22/><D71/><U100/><E100/><V121/><F33/><W88/><G76/><T102/><D61/><U58/><E2/><V30/><F24/><N who="3" m="14463" /><G111/><T108/><D108/><U79/><E79/><V50/><F121/><W107/><G107/><T85/><D85/><U82/><E120/><V78/><F9/><W29/><G29/><T59/><D59/><U77/><E122/><V11/><F11/><W105/><G105/><T94/><D22/><U44/><E0/><V45/><F75/><W43/><G43/><AGARI ba="1,0" hai="26,30,34,43,45,50,78,80,87,89,91,93,99,101" machi="43" ten="30,1000,0" yaku="7,1" doraHai="12" who="2" fromWho="3" sc="102,0,510,0,202,13,186,-13" owari="102,-39.8,510,61.0,215,1.5,173,-22.7" /></mjloggm>