<mjloggm ver="2.3"><GO type="225" lobby="0"/><UN n0="%6D%75%75%6D%75%72%61" n1="%E6%B8%A9%E2%98%85%E6%83%85%E2%98%85%E6%8E%AA%E2%98%85%E7%BD%AE" n2="%E8%BE%9B%E5%8F%A3%E3%82%AB%E3%83%AC%E3%83%BC%E3%83%A9%E3%82%A4%E3%82%B9" n3="%E3%82%B2%E3%82%B9%E8%8C%82%E5%8B%9D" dan="16,17,16,16" rate="2145.82,2256.36,2199.76,2056.58" sx="F,M,M,F"/><TAIKYOKU oya="0"/><INIT seed="0,0,0,2,2,80" ten="250,250,250,250" oya="0" hai0="108,1,20,0,95,93,8,98,119,71,124,87,91" hai1="52,15,63,7,135,133,38,79,127,92,67,39,46" hai2="30,51,117,27,125,120,33,100,43,96,70,112,54" hai3="10,102,114,36,82,83,50,26,6,17,99,94,31"/><T73/><D119/><U86/><E127/><V19/><F120/><W35/><G114/><T57/><D71/><U45/><E7/><V111/><F112/><W41/><G36/><N who="1" m="13866" /><E15/><V66/><F125/><W126/><G17/><T104/><D124/><U74/><E74/><V18/><F111/><W14/><REACH who="3" step="1"/><G126/><REACH who="3" ten="250,250,250,240" step="2"/><T72/><D108/><U85/><E79/><V34/><F18/><W134/><G134/><N who="1" m="51210" /><E92/><V23/><F19/><W21/><G21/><T129/><D20/><U11/><E11/><V2/><F23/><W121/><G121/><T109/><D109/><U22/><E22/><V103/><F33/><W123/><G123/><T47/><D8/><U84/><E52/><V48/><F54/><W76/><G76/><T122/><D122/><U113/><E113/><V28/><F34/><W69/><G69/><AGARI ba="0,1" hai="45,46,63,67,69,84,85,86" m="51210,13866" machi="69" ten="40,8000,1" yaku="20,1,52,3" doraHai="80" who="1" fromWho="3" sc="250,0,250,90,250,0,240,-80" /><INIT seed="1,0,0,0,4,35" ten="250,340,250,160" oya="1" hai0="53,77,81,135,13,79,98,125,88,106,1,100,112" hai1="31,6,91,63,58,20,124,11,66,89,25,133,84" hai2="36,82,33,115,109,67,32,59,65,78,104,90,107" hai3="19,56,119,30,45,94,75,27,130,134,95,121,29"/><U54/><E133/><V70/><F70/><W22/><G134/><T57/><D135/><U76/><E124/><V83/><F36/><W12/><G130/><T123/><D125/><U96/><E96/><V2/><F109/><W97/><G121/><T18/><D112/><U38/><E38/><V21/><F115/><W40/><G119/><T55/><D123/><U129/><E129/><V72/><F21/><W9/><G75/><T73/><D1/><U16/><E31/><V50/><F50/><W62/><G30/><T51/><D55/><U127/><E127/><V71/><F71/><W74/><G74/><T132/><D132/><U5/><E66/><V43/><F43/><W128/><G128/><T15/><D79/><U28/><E28/><V105/><F2/><W103/><G94/><T108/><D108/><U85/><E76/><V113/><F113/><W80/><G80/><T17/><D15/><N who="1" m="5623" /><E5/><V8/><F8/><W68/><G68/><T116/><D116/><U61/><E63/><V122/><F122/><W64/><REACH who="3" step="1"/><G40/><REACH who="3" ten="250,340,250,150" step="2"/><T3/><D73/><U52/><E54/><V0/><F105/><W131/><G131/><T120/><D53/><U47/><E47/><AGARI ba="0,1" hai="9,12,19,22,27,29,45,47,56,62,64,95,97,103" machi="47" ten="40,8000,1" yaku="1,1,25,2,8,1,53,1" doraHai="35" doraHaiUra="14" who="3" fromWho="1" sc="250,0,340,-80,250,0,150,90" /><INIT seed="2,0,0,0,2,48" ten="250,260,250,240" oya="2" hai0="44,84,53,74,102,41,108,58,36,75,87,69,14" hai1="62,92,2,9,99,61,126,16,52,19,107,56,6" hai2="114,88,112,121,15,39,51,55,24,95,46,133,115" hai3="129,11,79,42,131,120,67,3,101,18,81,38,37"/><V23/><F133/><W12/><G120/><T100/><D69/><U20/><E107/><V72/><F121/><W118/><G118/><T113/><D113/><U43/><E126/><V47/><F72/><W35/><G35/><T134/><D108/><U130/><E130/><N who="3" m="49674" /><G3/><T71/><D71/><U66/><E43/><V111/><F111/><W8/><G101/><T25/><D134/><U89/><E20/><V33/><F33/><W68/><G42/><T91/><D25/><U132/><E132/><V40/><F15/><N who="3" m="7527" /><G67/><T128/><D128/><U59/><AGARI ba="0,0" hai="2,6,9,16,19,52,56,59,61,62,66,89,92,99" machi="59" ten="20,8000,1" yaku="0,1,7,1,52,1,54,2" doraHai="48" who="1" fromWho="1" sc="250,-20,260,80,250,-40,240,-20" /><INIT seed="3,0,0,0,1,69" ten="230,340,210,220" oya="3" hai0="82,95,44,85,96,126,35,78,15,84,25,10,38" hai1="119,6,115,98,121,34,80,133,90,31,39,72,91" hai2="21,56,88,66,99,87,102,86,118,1,20,125,17" hai3="33,64,59,100,3,106,16,109,104,55,30,53,94"/><W5/><G64/><T2/><D2/><U4/><E4/><V13/><F118/><W42/><G42/><T122/><D122/><U127/><E91/><V129/><F125/><W65/><G65/><T123/><D123/><U60/><E34/><V103/><F129/><W49/><G30/><T73/><D126/><U57/><E57/><V76/><F1/><W114/><G33/><T97/><D25/><U117/><E90/><V26/><F76/><W71/><G71/><T45/><D35/><U18/><E18/><N who="2" m="12567" /><F99/><N who="0" m="37962" /><D38/><U128/><E80/><N who="2" m="49223" /><F87/><W43/><G114/><T48/><D73/><U8/><E60/><AGARI ba="0,0" hai="13,17,21,56,60,66,102,103" m="49223,12567" machi="60" ten="30,2000,0" yaku="8,1,54,1" doraHai="69" who="2" fromWho="1" sc="230,0,340,-20,210,20,220,0" owari="230,3.0,320,42.0,230,-17.0,220,-28.0" /></mjloggm>