<mjloggm ver="2.3"><GO type="225" lobby="0"/><UN n0="%6D%75%75%6D%75%72%61" n1="%E9%BA%BB%E9%9B%80%E5%B0%91%E5%B9%B4" n2="%72%69%6F%75%63%68%61%6E" n3="%E4%B8%AD%E5%B9%B4%E3%81%AE%E5%8D%B1%E6%A9%9F" dan="16,17,17,16" rate="2086.75,2158.54,2257.65,2100.98" sx="F,M,M,M"/><TAIKYOKU oya="0"/><INIT seed="0,0,0,1,3,40" ten="250,250,250,250" oya="0" hai0="76,65,55,3,1,79,44,112,68,45,0,5,37" hai1="91,69,124,122,50,64,16,102,38,110,49,61,8" hai2="130,7,23,67,29,128,80,22,56,12,134,133,59" hai3="48,93,123,26,88,135,47,111,126,14,54,131,107"/><T19/><D112/><U98/><E122/><V127/><F80/><W109/><G123/><T9/><D19/><U66/><E124/><V116/><F116/><W117/><G117/><T114/><D114/><U21/><E38/><V84/><F84/><W33/><G107/><T30/><D30/><U92/><E110/><N who="3" m="41994" /><G126/><T108/><D108/><U73/><E73/><V99/><F127/><W78/><G78/><T13/><D68/><U118/><E64/><V86/><F86/><N who="3" m="52375" /><G135/><N who="2" m="51721" /><F99/><W105/><G105/><T42/><REACH who="0" step="1"/><D65/><REACH who="0" ten="240,250,250,250" step="2"/><U2/><E118/><V87/><F67/><W125/><G125/><T27/><D27/><U43/><E69/><V103/><F29/><N who="3" m="19639" /><G131/><T72/><D72/><U41/><E66/><V53/><F130/><W90/><G90/><T119/><D119/><U75/><E91/><V39/><F128/><W74/><G74/><T36/><D36/><U52/><E75/><V31/><F39/><W11/><G11/><T82/><D82/><U4/><E8/><N who="2" m="4127" /><F31/><W57/><G14/><T51/><AGARI ba="0,1" hai="0,1,3,5,9,13,37,42,44,45,51,55,76,79" machi="51" ten="40,12000,1" yaku="1,1,0,1,52,2,53,1" doraHai="40" doraHaiUra="71" who="0" fromWho="0" sc="240,130,250,-40,250,-40,250,-40" /><INIT seed="0,1,0,0,1,34" ten="370,210,210,210" oya="0" hai0="110,87,37,74,100,96,56,8,118,61,36,12,132" hai1="115,116,55,52,47,114,124,49,28,109,15,39,83" hai2="92,122,5,0,82,117,73,79,10,88,1,105,129" hai3="27,71,121,17,40,119,54,111,77,86,33,69,66"/><T58/><D74/><U26/><E116/><V76/><F122/><W30/><G119/><T85/><D118/><U108/><E39/><V41/><F117/><W98/><G121/><T32/><D32/><U99/><E124/><V31/><F105/><W128/><G111/><N who="1" m="42570" /><E99/><V25/><F129/><W106/><G128/><T65/><D132/><U89/><E15/><V101/><F76/><W68/><G54/><T133/><D133/><U13/><E13/><V102/><F41/><W57/><G17/><T60/><D110/><U6/><E6/><V51/><F51/><W24/><G24/><T38/><D96/><U103/><E103/><V9/><F9/><W130/><G40/><T42/><D100/><U11/><E11/><V125/><F0/><W29/><G29/><T35/><D35/><N who="1" m="20887" /><E55/><V21/><REACH who="2" step="1"/><F125/><REACH who="2" ten="370,210,200,210" step="2"/><W95/><G130/><T7/><REACH who="0" step="1"/><D42/><REACH who="0" ten="360,210,200,210" step="2"/><U91/><E114/><V59/><F59/><W127/><G127/><T3/><D3/><U93/><E115/><V81/><F81/><W126/><G126/><T44/><D44/><U64/><E93/><V113/><F113/><W70/><G106/><T72/><D72/><U112/><E112/><V135/><F135/><W94/><G94/><T131/><D131/><U22/><E83/><V62/><F62/><W107/><G107/><T63/><D63/><U84/><E47/><V43/><F43/><W50/><G95/><T134/><D134/><U46/><E46/><V14/><F14/><W120/><G120/><T78/><D78/><U20/><E84/><AGARI ba="1,2" hai="1,5,10,21,25,31,73,79,82,84,88,92,101,102" machi="84" ten="30,8000,1" yaku="1,1,7,1,52,1,54,1,53,1" doraHai="34" doraHaiUra="19" who="2" fromWho="1" sc="360,0,210,-83,200,103,210,0" /><INIT seed="1,0,0,3,4,24" ten="360,127,303,210" oya="1" hai0="62,0,91,68,3,130,30,56,112,73,81,132,57" hai1="55,32,37,31,74,117,129,128,89,131,9,97,66" hai2="25,49,6,10,60,109,79,83,101,40,35,59,94" hai3="92,82,27,98,102,50,71,1,19,93,99,119,38"/><U104/><E117/><V69/><F109/><W108/><G38/><T107/><D112/><U26/><E74/><V90/><F69/><W111/><G1/><T77/><D107/><U95/><E104/><V51/><F101/><W21/><G71/><T127/><D130/><U113/><E113/><V2/><F40/><W45/><G119/><T11/><D127/><U84/><E37/><V29/><F90/><W8/><G8/><T54/><D132/><U87/><E66/><V124/><F94/><W75/><G82/><T103/><D103/><U65/><E65/><V33/><F33/><W78/><G78/><T34/><D68/><U43/><E43/><V126/><F124/><W135/><G75/><T134/><D134/><U42/><E42/><V12/><F2/><W28/><G135/><T63/><D91/><U122/><E122/><V85/><REACH who="2" step="1"/><F126/><REACH who="2" ten="360,127,293,210" step="2"/><W58/><G93/><T114/><D0/><U13/><REACH who="1" step="1"/><E55/><AGARI ba="0,1" hai="6,10,12,25,29,35,49,51,55,59,60,79,83,85" machi="55" ten="30,7700,0" yaku="1,1,2,1,7,1,52,1,53,0" doraHai="24" doraHaiUra="120" who="2" fromWho="1" sc="360,0,127,-77,293,87,210,0" /><INIT seed="2,0,0,0,0,43" ten="360,50,380,210" oya="2" hai0="13,134,30,22,17,59,103,90,39,53,46,44,93" hai1="54,16,29,64,18,87,107,36,73,79,33,106,63" hai2="92,86,34,84,72,75,15,104,52,135,130,42,105" hai3="61,62,9,77,41,89,81,95,88,126,10,69,97"/><V132/><F34/><W12/><G126/><T48/><D134/><N who="2" m="51242" /><F42/><W70/><G89/><T66/><D39/><U96/><E73/><N who="2" m="28235" /><F15/><W5/><G41/><T122/><D122/><U0/><E0/><V129/><F52/><W71/><REACH who="3" step="1"/><G10/><REACH who="3" ten="360,50,380,200" step="2"/><N who="0" m="6327" /><D103/><U28/><E36/><V51/><F51/><W131/><G131/><N who="2" m="50185" /><F92/><W6/><G6/><T35/><D35/><U74/><E107/><AGARI ba="0,1" hai="84,86,104,105,107" m="50185,28235,51242" machi="107" ten="40,18000,2" yaku="28,2,20,1,19,1,34,2" doraHai="43" who="2" fromWho="1" sc="360,0,50,-180,380,190,200,0" owari="360,16.0,-130,-63.0,570,67.0,200,-20.0" /></mjloggm>