<mjloggm ver="2.3"><GO type="225" lobby="0"/><UN n0="%72%69%6F%75%63%68%61%6E" n1="%E6%A0%B9%E5%85%83%E3%81%8B%E3%82%89%E5%90%B9%E3%81%A3%E9%A3%9B%E3%81%B6" n2="%E6%A1%9C%E8%8A%B1%E9%96%83%E3%80%85" n3="%E3%81%82%E3%81%B9%E3%81%99%E3%81%91" dan="17,17,17,16" rate="2152.07,2228.25,2135.17,2123.29" sx="M,F,M,M"/><TAIKYOKU oya="0"/><INIT seed="0,0,0,3,3,0" ten="250,250,250,250" oya="0" hai0="42,111,80,61,37,65,22,101,15,91,21,64,45" hai1="89,12,46,71,34,93,133,23,74,97,13,35,25" hai2="62,59,18,84,114,10,82,99,105,109,94,30,39" hai3="113,66,127,103,123,60,110,90,119,72,129,28,79"/><T49/><D111/><U29/><E71/><V106/><F114/><W38/><G119/><T128/><D128/><U81/><E133/><V31/><F39/><W51/><G38/><T78/><D101/><U92/><E92/><V63/><F109/><W4/><G113/><T96/><D37/><U107/><E107/><V77/><F105/><W11/><G127/><T69/><D64/><U57/><E57/><V36/><F36/><W102/><G129/><T126/><D126/><U48/><E13/><N who="2" m="7479" /><F106/><W125/><G125/><T87/><REACH who="0" step="1"/><D15/><REACH who="0" ten="240,250,250,250" step="2"/><U19/><E23/><V75/><F75/><W121/><G103/><T76/><D76/><U122/><E12/><V134/><F134/><W116/><G102/><T47/><D47/><U9/><E46/><V27/><F27/><W131/><G79/><T40/><D40/><U8/><E25/><V17/><F59/><W108/><G131/><T117/><D117/><U54/><E35/><V56/><F56/><N who="3" m="37127" /><G116/><T24/><D24/><U120/><E34/><V115/><F115/><W43/><G110/><T73/><D73/><U100/><E74/><V50/><F77/><W5/><G72/><T132/><D132/><U98/><E100/><V16/><F31/><W33/><G108/><T20/><D20/><U52/><E29/><V104/><F30/><W58/><G28/><T118/><D118/><U7/><E54/><V85/><F104/><W2/><G33/><T112/><D112/><U3/><E52/><V14/><F14/><W95/><G58/><T130/><D130/><U124/><E124/><V44/><F44/><N who="3" m="26015" /><G2/><T86/><D86/><RYUUKYOKU ba="0,1" sc="240,30,250,-10,250,-10,250,-10" hai0="21,22,42,45,49,61,65,69,78,80,87,91,96" /><INIT seed="0,1,1,5,2,39" ten="270,240,240,240" oya="0" hai0="118,54,7,134,124,102,74,43,106,113,119,8,62" hai1="13,97,48,23,30,41,133,84,16,65,58,27,96" hai2="76,57,25,115,51,24,126,78,75,108,112,86,46" hai3="110,91,85,101,129,67,100,135,34,123,89,94,132"/><T109/><D113/><U103/><E133/><N who="3" m="51274" /><G34/><T6/><D134/><U114/><E114/><V104/><F75/><W70/><G70/><T18/><D74/><U37/><E37/><V131/><F104/><W0/><G0/><T77/><D124/><U64/><E84/><V88/><F126/><W125/><G67/><N who="1" m="25674" /><E103/><N who="3" m="39498" /><G110/><T53/><D77/><N who="2" m="29802" /><F115/><W22/><G22/><T130/><D109/><U87/><E87/><V32/><F32/><W128/><G123/><T122/><D122/><U66/><N who="1" m="25682" /><U45/><DORA hai="116" /><E58/><V95/><F112/><W47/><G47/><T15/><D130/><N who="3" m="50281" /><G91/><T50/><D119/><U20/><AGARI ba="1,1" hai="13,16,20,23,27,30,41,45,48,96,97" m="25682" machi="20" ten="30,4000,0" yaku="8,1,52,1,54,1" doraHai="39,116" who="1" fromWho="1" sc="270,-21,240,53,240,-11,240,-11" /><INIT seed="1,0,0,4,0,7" ten="249,293,229,229" oya="1" hai0="40,133,72,76,69,89,94,1,109,96,135,99,87" hai1="123,9,75,25,18,19,83,27,31,114,108,29,22" hai2="61,117,80,78,56,23,73,132,20,122,37,110,112" hai3="42,39,65,21,10,74,63,88,129,12,91,67,131"/><U118/><E114/><V24/><F117/><W4/><G74/><T50/><D69/><U5/><E75/><V77/><F122/><W49/><G39/><T57/><D1/><N who="1" m="175" /><E83/><V93/><F110/><W92/><G21/><T34/><D109/><U124/><E118/><V17/><F132/><N who="0" m="50762" /><D34/><N who="1" m="20783" /><E123/><V53/><F112/><W126/><G126/><T41/><D72/><U98/><E98/><N who="0" m="37417" /><D76/><U97/><E97/><V38/><F78/><W36/><G92/><T85/><D87/><U28/><E124/><V35/><F35/><W128/><G36/><T8/><D8/><U26/><E108/><V103/><F103/><W86/><G86/><T3/><D3/><U0/><E0/><V102/><F102/><W66/><G63/><T113/><D113/><U54/><E54/><AGARI ba="0,0" hai="40,41,50,54,57,85,89,94" m="37417,50762" machi="54" ten="30,1000,0" yaku="20,1" doraHai="7" who="0" fromWho="1" sc="249,10,293,-10,229,0,229,0" /><INIT seed="2,0,0,5,1,40" ten="259,283,229,229" oya="2" hai0="30,42,70,14,135,41,132,37,100,17,48,50,96" hai1="4,87,46,121,131,43,52,105,77,110,88,27,62" hai2="95,75,23,101,57,108,68,19,1,44,10,86,114" hai3="113,90,93,130,54,128,73,16,120,80,5,55,125"/><V133/><F114/><W91/><G120/><T76/><D70/><U69/><E110/><V2/><F68/><W107/><G107/><T9/><D76/><U127/><E127/><V47/><F75/><W67/><G125/><T3/><D30/><U60/><E131/><N who="3" m="50218" /><G113/><T116/><D116/><U71/><E105/><V53/><F133/><N who="0" m="51274" /><D3/><U119/><E77/><V8/><F108/><W32/><G67/><T109/><D109/><U45/><E4/><V92/><F1/><W18/><G5/><T72/><D72/><U38/><E121/><V117/><F117/><W85/><G32/><T63/><D63/><U11/><E11/><N who="2" m="4139" /><F2/><W64/><G64/><T29/><D29/><U26/><E71/><V97/><F86/><N who="3" m="52439" /><G73/><T59/><D37/><U49/><E119/><V31/><F95/><W21/><G18/><T111/><D111/><U24/><E69/><V58/><F31/><W36/><G36/><T33/><D33/><U126/><E126/><V0/><F0/><W84/><G84/><T123/><D123/><U122/><REACH who="1" step="1"/><E122/><REACH who="1" ten="259,273,229,229" step="2"/><V74/><F74/><W99/><G99/><T28/><D96/><U7/><E7/><V6/><F6/><W83/><G83/><AGARI ba="0,1" hai="24,26,27,38,43,45,46,49,52,60,62,83,87,88" machi="83" ten="40,8000,1" yaku="1,1,52,2,54,2,53,0" doraHai="40" doraHaiUra="13" who="1" fromWho="3" sc="259,0,273,90,229,0,229,-80" /><INIT seed="3,0,0,5,3,51" ten="259,363,229,149" oya="3" hai0="17,98,47,89,108,95,41,83,72,67,66,22,106" hai1="7,4,116,8,26,5,75,43,115,19,50,68,48" hai2="9,31,100,1,105,28,132,25,16,93,62,35,54" hai3="73,33,14,120,71,87,99,91,64,117,12,121,36"/><W104/><G117/><T85/><D108/><U113/><E75/><V34/><F105/><W96/><G73/><T90/><D106/><U18/><E68/><V112/><F112/><W30/><G36/><T76/><D72/><U107/><E107/><V79/><F79/><W63/><G99/><T77/><D90/><U56/><E116/><V88/><F132/><W118/><G118/><T70/><D70/><U69/><E69/><V27/><F100/><N who="3" m="62471" /><G120/><T133/><D76/><U20/><E43/><V94/><F88/><W74/><G74/><T2/><D2/><U84/><E84/><V59/><F1/><W111/><G111/><T82/><D82/><U37/><E37/><V134/><F134/><W129/><G129/><T11/><D11/><U125/><E125/><V130/><F130/><W45/><G45/><T101/><D101/><U61/><E115/><V24/><F24/><N who="3" m="18631" /><G121/><T29/><D29/><U49/><E113/><V32/><F32/><W80/><AGARI ba="0,0" hai="12,14,63,64,71,80,87,91" m="18631,62471" machi="80" ten="30,1500,0" yaku="25,1" doraHai="51" who="3" fromWho="3" sc="259,-5,363,-5,229,-5,149,15" /><INIT seed="3,1,0,3,3,129" ten="254,358,224,164" oya="3" hai0="42,98,100,99,117,81,114,134,54,64,120,115,70" hai1="25,104,109,106,82,31,121,21,8,63,32,102,108" hai2="80,62,128,49,47,72,94,52,6,20,14,71,29" hai3="96,67,34,50,38,51,83,10,77,68,91,22,95"/><W92/><G38/><T132/><D117/><U88/><E102/><V66/><F128/><W1/><G34/><T118/><D118/><U131/><E121/><V44/><F94/><W33/><G33/><T53/><D120/><U41/><E41/><V7/><F44/><W76/><G95/><T37/><D81/><U0/><E63/><V111/><F111/><N who="1" m="42569" /><E21/><V2/><F2/><W133/><G133/><N who="0" m="51307" /><D98/><U59/><E59/><V26/><REACH who="2" step="1"/><F14/><REACH who="2" ten="254,358,214,164" step="2"/><W124/><G124/><T30/><D30/><N who="1" m="19535" /><E0/><V110/><F110/><W23/><G77/><AGARI ba="1,1" hai="6,7,20,26,29,47,49,52,62,66,71,72,77,80" machi="77" ten="40,2600,0" yaku="1,1,54,1,53,0" doraHai="129" doraHaiUra="89" who="2" fromWho="3" sc="254,0,358,0,214,39,164,-29" owari="254,5.4,358,45.8,253,-14.7,135,-36.5" /></mjloggm>