<mjloggm ver="2.3"><GO type="225" lobby="0"/><UN n0="%73%75%7A%75%6D%65%33" n1="%E5%8F%AF%E5%85%90%E9%82%A3%E7%94%B1%E5%A4%9A" n2="%6D%75%75%6D%75%72%61" n3="%E3%83%9F%E3%82%B9%E3%82%BF%E3%83%BC%E3%83%89%E3%83%BC%E3%83%8A%E3%83%84" dan="18,17,16,16" rate="2187.36,2169.33,2086.16,2069.85" sx="M,F,F,M"/><TAIKYOKU oya="0"/><INIT seed="0,0,0,0,2,108" ten="250,250,250,250" oya="0" hai0="13,57,71,68,60,114,53,59,17,64,1,32,92" hai1="72,12,39,78,119,94,74,107,121,130,49,99,27" hai2="116,37,11,35,87,104,7,95,16,38,113,128,70" hai3="25,29,103,43,86,77,21,2,47,79,69,55,127"/><T40/><D1/><U24/><E39/><V105/><F35/><W61/><G127/><T120/><D32/><U115/><E119/><V0/><F70/><W14/><G2/><T97/><D40/><U98/><E121/><V18/><F128/><W10/><G103/><T133/><D120/><U117/><E117/><V44/><F116/><W110/><G110/><T19/><D133/><U122/><E122/><V90/><F113/><W82/><G69/><T66/><D114/><U125/><E125/><V100/><F100/><W126/><G126/><T36/><D36/><U5/><E130/><V96/><F96/><W65/><G65/><T52/><D71/><U6/><E107/><V124/><F124/><W62/><G77/><T33/><D33/><U41/><E115/><V76/><F76/><W129/><G55/><T80/><D80/><U123/><E123/><V23/><F37/><W118/><G129/><T93/><D68/><U34/><E34/><V102/><F102/><W85/><G85/><T30/><D30/><U89/><E99/><V73/><F18/><N who="0" m="6666" /><D13/><U22/><E74/><V112/><F73/><W28/><G28/><T4/><D4/><N who="1" m="1643" /><E72/><V106/><F112/><W67/><G118/><T63/><D97/><U88/><E78/><V9/><F9/><W8/><G8/><T48/><D48/><U91/><E12/><N who="2" m="9607" /><F38/><W42/><G10/><T26/><D26/><N who="1" m="9771" /><E22/><V81/><F81/><W135/><G14/><T111/><D111/><U51/><E51/><V84/><F87/><W20/><G86/><T56/><D56/><U45/><AGARI ba="0,0" hai="41,45,49,88,89,91,94,98" m="9771,1643" machi="45" ten="30,2000,0" yaku="8,1,54,1" doraHai="108" who="1" fromWho="1" sc="250,-10,250,20,250,-5,250,-5" /><INIT seed="1,0,0,0,3,88" ten="240,270,245,245" oya="1" hai0="82,113,103,69,104,66,122,130,61,16,101,36,110" hai1="21,134,100,63,13,132,102,90,0,27,121,55,28" hai2="46,115,19,106,117,32,49,25,37,2,9,79,65" hai3="80,78,51,14,24,6,126,76,7,97,133,71,60"/><U44/><E121/><V105/><F117/><W98/><G133/><N who="1" m="51306" /><E0/><V39/><F115/><W47/><G126/><T30/><D113/><U83/><E13/><V38/><F79/><W129/><G129/><T5/><D122/><U26/><E26/><V99/><F65/><W128/><G128/><T124/><D130/><U112/><E112/><V43/><F32/><W18/><G24/><T77/><D124/><U34/><E34/><V67/><F67/><W72/><G71/><T123/><D30/><U86/><E63/><V111/><F111/><W53/><G60/><T33/><D110/><U15/><E15/><V135/><F135/><W31/><G31/><T35/><D5/><U125/><E125/><V127/><F127/><W114/><G78/><T75/><D123/><U116/><E116/><V120/><F120/><W17/><G17/><T108/><D108/><U50/><AGARI ba="0,0" hai="21,27,28,44,50,55,83,86,90,100,102" m="51306" machi="50" ten="30,1500,0" yaku="20,1" doraHai="88" who="1" fromWho="1" sc="240,-5,270,15,245,-5,245,-5" /><INIT seed="1,1,0,3,5,99" ten="235,285,240,240" oya="1" hai0="29,47,116,2,0,60,53,85,120,58,110,91,18" hai1="97,123,75,3,131,7,101,82,132,56,74,106,104" hai2="109,37,80,78,45,13,27,62,42,17,46,21,39" hai3="40,33,44,65,108,59,49,57,89,50,134,126,28"/><U93/><E7/><V38/><F109/><W98/><G33/><T66/><D116/><U71/><E71/><V64/><F13/><W79/><G28/><T111/><D29/><U9/><E9/><V114/><F114/><W12/><G79/><T23/><D120/><U118/><E3/><V76/><F45/><W52/><G108/><N who="0" m="41515" /><D66/><U107/><E118/><V105/><F105/><W130/><G130/><T87/><D47/><U117/><E117/><V119/><F119/><W34/><G34/><T6/><D6/><U94/><E123/><V68/><REACH who="2" step="1"/><F76/><REACH who="2" ten="235,285,230,240" step="2"/><W5/><G12/><N who="0" m="9671" /><D87/><AGARI ba="1,1" hai="17,21,27,37,38,39,42,46,62,64,68,78,80,87" machi="87" ten="30,2000,0" yaku="1,1,7,1,53,0" doraHai="99" doraHaiUra="88" who="2" fromWho="0" sc="235,-23,285,0,230,33,240,0" /><INIT seed="2,0,0,0,5,135" ten="212,285,263,240" oya="2" hai0="117,30,75,79,61,114,98,88,119,62,102,9,81" hai1="82,131,57,13,104,22,100,26,63,128,130,52,33" hai2="56,76,80,133,111,87,51,6,113,43,49,103,108" hai3="54,64,20,127,23,78,27,134,47,90,110,65,38"/><V109/><F113/><W132/><G110/><T1/><D114/><U116/><E116/><N who="0" m="44617" /><D30/><U101/><E104/><V0/><F133/><N who="3" m="51307" /><G78/><T124/><D1/><U77/><E13/><V84/><F103/><W59/><G127/><T4/><D4/><U39/><E39/><V36/><F87/><W53/><G90/><T42/><D9/><U89/><E89/><V67/><F36/><W8/><G8/><T74/><D42/><U107/><E33/><V44/><F6/><W94/><G94/><N who="0" m="58711" /><D61/><U37/><E37/><N who="2" m="21615" /><F0/><W45/><G38/><T46/><D46/><N who="3" m="17417" /><G20/><T66/><D88/><U19/><REACH who="1" step="1"/><E107/><REACH who="1" ten="212,275,263,240" step="2"/><V105/><F105/><W97/><G97/><T106/><D106/><U32/><E32/><V125/><F125/><W5/><G5/><T14/><D14/><U28/><E28/><V129/><F129/><W25/><G25/><T69/><D75/><AGARI ba="0,1" hai="19,22,26,52,57,63,75,77,82,100,101,128,130,131" machi="75" ten="40,5200,0" yaku="1,1,19,1,54,1,53,0" doraHai="135" doraHaiUra="95" who="1" fromWho="0" sc="212,-52,275,62,263,0,240,0" /><INIT seed="3,0,0,5,5,65" ten="160,337,263,240" oya="3" hai0="20,38,43,117,33,77,121,46,19,63,129,47,35" hai1="41,58,44,3,78,100,116,28,55,48,17,109,86" hai2="2,34,11,14,81,16,0,99,104,18,12,94,60" hai3="15,27,85,103,30,53,10,126,107,114,56,132,92"/><W119/><G114/><T31/><D121/><U39/><E109/><V123/><F104/><W112/><G112/><T134/><D117/><U32/><E116/><V6/><F34/><W50/><G107/><T131/><D134/><U135/><E135/><V98/><F123/><W95/><G132/><T96/><D77/><U128/><E128/><V57/><F81/><W69/><G69/><T130/><D31/><U24/><E3/><V45/><F45/><W62/><G126/><T36/><D96/><U93/><E100/><V83/><F83/><W13/><G13/><T127/><D127/><U122/><E122/><V89/><F98/><W106/><G106/><T8/><D8/><U120/><E120/><V74/><F74/><W102/><G62/><T84/><D84/><U70/><E70/><V67/><REACH who="2" step="1"/><F6/><REACH who="2" ten="160,337,253,240" step="2"/><W73/><G73/><T49/><D63/><U21/><E93/><V111/><F111/><W68/><G95/><T51/><D35/><U61/><E61/><V101/><F101/><W52/><G102/><T7/><D7/><U124/><E124/><V90/><F90/><W71/><G103/><T59/><D33/><U79/><E86/><V82/><F82/><W87/><G85/><T133/><D133/><U97/><E97/><V76/><F76/><W105/><G105/><T72/><D72/><U5/><E5/><V108/><F108/><W29/><G87/><T22/><D59/><U4/><E4/><V66/><F66/><W115/><G56/><T37/><REACH who="0" step="1"/><D19/><REACH who="0" ten="150,337,253,240" step="2"/><U26/><AGARI ba="0,2" hai="17,21,24,26,28,32,39,41,44,48,55,58,78,79" machi="26" ten="20,1500,0" yaku="0,1,7,1" doraHai="65" who="1" fromWho="1" sc="150,-4,337,35,253,-4,240,-7" owari="146,-35.4,372,47.2,249,4.9,233,-16.7" /></mjloggm>