<mjloggm ver="2.3"><GO type="225" lobby="0"/><UN n0="%E3%80%93%E3%81%97%E3%83%BC%E3%82%89%E3%80%93" n1="%E5%A4%9C%E3%81%AE%E3%82%AC%E3%82%B9%E3%83%91%E3%83%BC%E3%83%AB" n2="%E3%81%B5%E3%81%98%E3%81%8B%E3%81%A4" n3="%72%69%6F%75%63%68%61%6E" dan="16,16,17,16" rate="2167.06,2174.00,2168.51,2210.08" sx="M,M,M,M"/><TAIKYOKU oya="0"/><INIT seed="0,0,0,1,1,125" ten="250,250,250,250" oya="0" hai0="81,47,34,105,28,67,33,78,43,122,94,90,14" hai1="11,6,92,117,126,118,58,93,116,87,77,4,21" hai2="88,76,51,124,72,37,85,74,113,127,31,135,66" hai3="16,44,69,103,101,64,115,57,40,12,24,84,35"/><T102/><D122/><U13/><E126/><N who="2" m="48171" /><F37/><W128/><G128/><T7/><D67/><U23/><E6/><V99/><F31/><W42/><G115/><T63/><D63/><U45/><E58/><V0/><F51/><W62/><G40/><T41/><D102/><U30/><E30/><V91/><F0/><W61/><G84/><T2/><D105/><U49/><E23/><V104/><F66/><W39/><G24/><T131/><D131/><U17/><E87/><V50/><F50/><W129/><G35/><T20/><D43/><U3/><REACH who="1" step="1"/><E77/><REACH who="1" ten="250,240,250,250" step="2"/><V25/><F25/><W36/><G129/><T111/><D28/><U108/><E108/><V18/><F18/><W130/><G130/><T71/><D111/><U120/><E120/><V123/><F123/><W110/><G110/><T109/><D109/><U106/><E106/><V75/><F113/><W65/><REACH who="3" step="1"/><G39/><REACH who="3" ten="250,240,250,240" step="2"/><N who="0" m="21951" /><D33/><U114/><E114/><V59/><F85/><W121/><G121/><T22/><D34/><U19/><E19/><V55/><F76/><W134/><G134/><T27/><D78/><U107/><E107/><V96/><F135/><W95/><G95/><T70/><D94/><U73/><E73/><V98/><F104/><W54/><G54/><AGARI ba="0,2" hai="3,4,11,13,17,21,45,49,54,92,93,116,117,118" machi="54" ten="40,2600,0" yaku="1,1,53,1" doraHai="125" doraHaiUra="5" who="1" fromWho="3" sc="250,0,240,46,250,0,240,-26" /><INIT seed="1,0,0,5,5,51" ten="250,286,250,214" oya="1" hai0="42,37,39,118,116,13,8,86,23,58,89,100,103" hai1="28,61,57,114,121,98,130,31,110,111,119,48,108" hai2="126,79,46,4,18,74,17,104,83,25,55,113,60" hai3="29,10,11,101,105,92,77,70,65,16,2,94,26"/><U5/><E130/><V50/><F126/><W102/><G105/><T73/><D73/><U69/><E114/><V117/><F117/><W20/><G77/><T82/><D23/><U125/><E119/><V127/><F127/><W91/><G70/><T67/><D103/><N who="3" m="39433" /><G2/><T80/><D100/><U115/><E125/><V81/><F104/><W62/><G92/><T120/><D82/><U53/><E115/><V44/><F4/><W41/><G41/><T24/><D24/><U1/><E121/><V47/><F113/><W72/><G72/><T88/><D89/><U131/><E131/><V38/><F38/><W15/><G65/><T134/><D120/><U49/><E98/><V27/><F60/><W99/><G62/><T112/><D112/><U59/><E69/><V95/><F95/><W64/><G64/><T85/><D85/><U107/><E107/><V0/><F0/><W35/><G35/><T122/><D122/><U93/><E93/><V97/><F97/><W109/><G109/><T3/><D3/><U63/><E1/><V52/><F79/><W84/><G10/><T30/><D8/><U68/><E68/><V71/><F71/><W123/><G123/><T90/><D116/><U40/><E5/><V96/><F96/><AGARI ba="0,0" hai="11,15,16,20,26,29,84,91,94,96,99" m="39433" machi="96" ten="30,2000,0" yaku="8,1,54,1" doraHai="51" who="3" fromWho="2" sc="250,0,286,0,250,-20,214,20" /><INIT seed="2,0,0,2,4,79" ten="250,286,230,234" oya="2" hai0="49,25,35,17,68,5,13,120,80,40,127,41,3" hai1="93,96,36,108,135,10,34,124,48,86,92,44,9" hai2="78,51,109,128,43,47,18,114,81,33,15,116,77" hai3="42,63,50,75,85,110,131,23,130,72,64,29,52"/><V66/><F116/><W22/><G110/><T125/><D68/><U118/><E36/><V111/><F114/><W74/><G42/><T119/><D119/><U71/><E118/><V20/><F33/><W104/><G104/><T38/><D38/><U24/><E71/><V112/><F112/><W11/><G11/><N who="0" m="2495" /><D120/><U123/><E123/><V134/><F128/><N who="3" m="49195" /><G85/><T8/><D49/><U89/><E124/><N who="0" m="47689" /><D80/><U62/><E135/><V122/><F134/><W106/><G106/><T113/><D113/><U70/><E108/><N who="2" m="41547" /><F122/><W21/><G29/><AGARI ba="0,0" hai="8,13,17,25,29,35,40,41" m="47689,2495" machi="29" ten="30,1000,0" yaku="18,1" doraHai="79" who="0" fromWho="3" sc="250,10,286,0,230,0,234,-10" /><INIT seed="3,0,0,1,4,20" ten="260,286,230,224" oya="3" hai0="48,61,131,108,114,75,14,57,69,124,64,36,109" hai1="122,125,56,130,24,82,100,116,66,10,81,107,44" hai2="95,39,98,59,40,31,18,87,65,71,29,68,112" hai3="16,34,84,30,105,62,58,47,111,45,93,0,51"/><W49/><G105/><T113/><D75/><U133/><E122/><V97/><F112/><N who="0" m="43114" /><D14/><U32/><E125/><V123/><F39/><W46/><G0/><T72/><D72/><U11/><E130/><V91/><F40/><W23/><G111/><N who="0" m="42571" /><D131/><U135/><E116/><V22/><F123/><W115/><G115/><T88/><D88/><U17/><E44/><N who="3" m="11266" /><W121/><DORA hai="2" /><G121/><T128/><D128/><U70/><E100/><V119/><F71/><W53/><G34/><T38/><D124/><U74/><E56/><V60/><F68/><W103/><G30/><N who="2" m="11273" /><F119/><W110/><G110/><T15/><D15/><AGARI ba="0,0" hai="15,18,22,59,60,65,87,91,95,97,98" m="11273" machi="15" ten="30,1000,0" yaku="8,1" doraHai="20,2" who="2" fromWho="0" sc="260,-10,286,0,230,10,224,0" /><INIT seed="4,0,0,3,0,113" ten="250,286,240,224" oya="0" hai0="76,15,58,128,68,33,7,97,85,101,70,18,111" hai1="121,31,88,5,22,61,44,6,16,91,132,37,55" hai2="53,25,79,119,23,130,38,51,134,67,103,29,131" hai3="30,40,99,46,1,109,133,86,115,0,56,112,32"/><T98/><D33/><U34/><E121/><V129/><F38/><W110/><G133/><T94/><D128/><U39/><E132/><V66/><F134/><W83/><G99/><T69/><D111/><N who="3" m="42505" /><G56/><T48/><D7/><N who="1" m="2571" /><E39/><V71/><F79/><N who="3" m="46463" /><G30/><T64/><D97/><U95/><E37/><V126/><F103/><W60/><G60/><T62/><D76/><U9/><E34/><V12/><F12/><W82/><G82/><T106/><D85/><U102/><E102/><V57/><F126/><W36/><G32/><T135/><D135/><U13/><E95/><V54/><F71/><W14/><G14/><T52/><REACH who="0" step="1"/><D94/><REACH who="0" ten="240,286,240,224" step="2"/><U24/><E91/><V59/><F119/><W104/><G104/><T78/><D78/><U118/><E88/><V114/><F131/><W107/><G107/><T19/><D19/><U41/><E118/><V47/><F130/><W90/><G90/><T65/><D65/><U89/><E89/><V93/><F93/><W125/><G125/><T28/><D28/><U105/><E105/><V50/><F129/><W120/><G120/><T127/><D127/><U75/><E31/><V122/><F122/><W80/><G80/><T45/><D45/><U21/><E44/><V2/><F47/><W17/><G17/><T27/><D27/><U123/><E123/><V72/><F67/><W63/><G112/><T108/><D108/><U73/><E24/><V26/><F114/><W49/><G115/><T117/><D117/><U96/><E96/><V84/><F26/><W100/><G36/><T124/><D124/><U8/><E16/><V43/><F25/><RYUUKYOKU ba="0,1" sc="240,30,286,-10,240,-10,224,-10" hai0="15,18,48,52,58,62,64,68,69,70,98,101,106" /><INIT seed="4,1,1,0,5,68" ten="270,276,230,214" oya="0" hai0="12,26,13,86,51,59,108,49,10,107,14,105,124" hai1="128,29,30,45,77,16,130,20,94,46,36,125,35" hai2="109,1,9,101,66,48,102,87,74,71,50,80,70" hai3="44,97,113,83,28,88,96,53,121,32,43,15,31"/><T85/><D124/><U58/><E125/><V40/><F109/><W61/><G113/><T57/><D26/><N who="1" m="18871" /><E30/><N who="3" m="11306" /><G32/><T106/><D10/><U42/><E77/><V69/><F74/><W52/><G121/><T123/><D108/><U47/><E94/><V76/><F66/><W65/><G43/><T27/><D27/><N who="1" m="14727" /><E58/><N who="0" m="22025" /><D123/><U111/><E111/><V19/><F1/><W127/><G127/><T17/><D17/><U126/><E126/><V119/><F71/><W115/><G115/><T0/><D0/><U120/><E120/><V6/><F70/><W91/><G65/><T112/><D112/><U79/><E79/><V75/><F76/><W114/><G114/><T118/><D118/><U24/><E24/><V82/><F119/><W56/><G15/><T90/><D90/><N who="3" m="34345" /><G83/><T23/><D23/><U54/><E54/><V21/><F82/><W62/><G61/><T73/><D73/><U55/><E55/><V122/><F75/><W34/><G34/><T63/><D63/><U67/><E67/><V41/><F122/><W92/><G92/><T103/><D103/><U133/><E42/><V89/><F69/><W7/><G7/><T81/><D81/><U129/><E133/><V18/><F41/><W78/><G78/><T95/><D95/><U64/><E64/><V5/><F40/><W116/><G116/><T131/><D131/><U135/><E135/><V134/><F134/><W2/><G2/><T100/><D100/><N who="2" m="38506" /><F5/><W4/><G4/><T132/><D132/><U93/><E93/><V38/><F6/><W104/><G104/><T99/><D99/><U110/><E110/><RYUUKYOKU ba="1,1" sc="270,10,276,10,230,-30,214,10" hai0="12,13,14,49,51,85,86,105,106,107" hai1="36,45,46,47,128,129,130" hai3="44,52,53,56,62,96,97" /><INIT seed="4,2,1,5,2,128" ten="280,286,200,224" oya="0" hai0="4,45,124,18,15,76,53,32,92,21,127,79,116" hai1="125,97,126,121,105,62,69,106,110,55,42,84,3" hai2="104,20,14,114,131,37,65,122,7,120,119,90,83" hai3="56,44,51,101,95,107,33,41,81,66,38,129,70"/><T8/><D32/><U13/><E3/><V9/><F104/><W113/><G129/><T34/><D34/><U22/><E110/><V72/><F131/><W134/><G134/><T36/><D116/><U40/><E121/><V10/><F37/><W60/><G113/><T5/><D92/><U67/><E84/><V96/><F114/><W94/><G33/><T117/><D117/><U100/><E106/><V85/><F119/><W71/><G81/><T115/><D115/><U73/><E73/><V109/><F109/><W28/><G28/><T132/><D132/><U77/><E77/><N who="0" m="29769" /><D53/><U130/><E55/><V12/><F72/><W80/><G80/><T54/><D54/><U64/><E64/><V24/><F65/><W27/><G27/><T133/><D133/><U39/><E39/><V86/><F96/><N who="3" m="61863" /><G70/><T43/><D21/><U112/><E130/><V23/><F86/><W26/><G26/><T111/><D111/><U0/><E0/><V57/><F57/><W63/><G63/><T49/><D36/><U108/><E112/><V30/><REACH who="2" step="1"/><F23/><REACH who="2" ten="280,286,190,224" step="2"/><W98/><G98/><T75/><D75/><U1/><E108/><V11/><F11/><W2/><G2/><T87/><D87/><U78/><E1/><V135/><F135/><W91/><G91/><T31/><D8/><U35/><E35/><V25/><F25/><W102/><G102/><T82/><D15/><U59/><E69/><V46/><F46/><W19/><G19/><AGARI ba="2,2" hai="7,9,10,12,14,19,20,24,30,83,85,90,120,122" machi="19" ten="30,2000,0" yaku="1,1,7,1,53,0" doraHai="128" doraHaiUra="58" who="2" fromWho="3" sc="280,0,286,0,190,46,224,-26" /><INIT seed="5,0,0,1,0,79" ten="280,286,236,198" oya="1" hai0="131,82,65,116,13,124,35,133,6,62,34,67,10" hai1="15,102,96,129,56,63,76,75,122,110,51,30,1" hai2="3,44,49,126,78,68,45,53,95,92,107,55,7" hai3="33,2,42,71,50,59,47,93,108,109,52,117,99"/><U46/><E122/><V105/><F68/><W88/><G2/><T123/><D116/><U25/><E1/><V0/><F78/><W26/><G117/><T8/><D123/><U98/><E129/><V113/><F49/><W73/><G73/><T5/><D131/><U66/><E110/><V100/><F100/><W83/><G71/><T43/><D133/><U119/><E119/><V12/><F12/><W64/><G64/><T77/><D43/><U103/><E15/><V32/><F113/><W58/><G59/><T135/><D135/><U36/><E36/><V57/><F57/><W85/><G26/><T94/><D94/><U118/><E118/><V97/><F97/><N who="1" m="37481" /><E76/><V69/><F69/><W23/><G23/><T128/><D124/><U114/><E75/><V40/><F126/><W84/><G33/><T130/><D77/><U74/><E74/><V16/><F32/><W27/><G27/><T31/><D13/><U72/><E114/><V48/><F3/><W80/><G85/><T38/><D38/><U127/><E127/><V61/><F0/><W4/><G4/><T21/><D31/><U121/><E121/><V86/><F7/><W24/><G24/><T29/><D29/><U22/><E72/><V125/><F125/><W11/><G11/><T14/><D14/><U81/><E81/><V87/><F107/><W60/><G80/><T134/><D82/><U101/><E101/><AGARI ba="0,0" hai="42,47,50,52,58,60,83,84,88,93,99,101,108,109" machi="101" ten="30,7700,0" yaku="7,1,52,1,54,2" doraHai="79" who="3" fromWho="1" sc="280,0,286,-77,236,0,198,77" /><INIT seed="6,0,0,3,0,120" ten="280,209,236,275" oya="2" hai0="102,55,128,59,26,3,96,79,9,11,83,133,57" hai1="134,114,32,78,23,100,97,5,2,115,117,46,88" hai2="34,65,0,86,106,1,107,38,119,80,118,56,31" hai3="53,14,52,6,25,48,43,17,50,15,58,13,132"/><V16/><F38/><W68/><G68/><T19/><D128/><U81/><E117/><V40/><F40/><W127/><G127/><T69/><D69/><U33/><E134/><V116/><F34/><W75/><G132/><T77/><D133/><U93/><E23/><V66/><F31/><W129/><G129/><T60/><D3/><U62/><E62/><V101/><F56/><W4/><G75/><T29/><D59/><U10/><E46/><V45/><F45/><N who="3" m="27663" /><G43/><T109/><D109/><U70/><E70/><V76/><F107/><W30/><G30/><T7/><D19/><U92/><E114/><V130/><F130/><W51/><G50/><T82/><D79/><U67/><E67/><V111/><F111/><W22/><AGARI ba="0,0" hai="4,6,13,14,15,17,22,25,51,53,58" m="27663" machi="22" ten="30,2000,0" yaku="8,1,54,1" doraHai="120" who="3" fromWho="3" sc="280,-5,209,-5,236,-10,275,20" /><INIT seed="7,0,0,1,5,54" ten="275,204,226,295" oya="3" hai0="122,14,82,24,133,110,8,95,29,76,27,123,77" hai1="108,125,37,36,90,103,32,39,91,89,58,59,34" hai2="134,101,118,13,135,128,7,3,100,113,55,124,50" hai3="126,30,81,38,56,60,5,127,16,92,73,25,15"/><W28/><G38/><T87/><D110/><U129/><E108/><V115/><F118/><W130/><G130/><T41/><D133/><N who="2" m="50698" /><F124/><N who="3" m="47659" /><G92/><T105/><D105/><U132/><E125/><V6/><F3/><W71/><G71/><T21/><D77/><U65/><E132/><V102/><F128/><W97/><G97/><T22/><D41/><U53/><E129/><V69/><F69/><W66/><G5/><N who="2" m="1545" /><F13/><W106/><G106/><T114/><D114/><N who="2" m="43530" /><F102/><W74/><G81/><T117/><D117/><U62/><REACH who="1" step="1"/><E103/><REACH who="1" ten="275,194,226,295" step="2"/><V40/><F40/><W67/><G67/><T112/><D112/><U98/><E98/><V63/><F63/><AGARI ba="0,1" hai="32,34,36,37,39,53,58,59,62,63,65,89,90,91" machi="63" ten="50,12000,2" yaku="1,1,52,2,53,3" doraHai="54" doraHaiUra="68" who="1" fromWho="2" sc="275,0,194,130,226,-120,295,0" owari="275,-12.5,324,42.4,106,-39.4,295,9.5" /></mjloggm>