<mjloggm ver="2.3"><GO type="225" lobby="0"/><UN n0="%E6%A1%9C%E8%8A%B1%E9%96%83%E3%80%85" n1="%E6%B8%A9%E2%98%85%E6%83%85%E2%98%85%E6%8E%AA%E2%98%85%E7%BD%AE" n2="%E3%81%8B%E3%82%8F%E3%81%A1%E3%82%83%E3%82%93%35%38" n3="%6D%61%74%69%67%75%73%61" dan="17,17,16,17" rate="2230.02,2163.72,2166.24,2166.44" sx="M,M,M,M"/><TAIKYOKU oya="0"/><INIT seed="0,0,0,5,1,91" ten="250,250,250,250" oya="0" hai0="6,116,16,125,81,76,106,54,127,22,8,72,59" hai1="129,104,61,41,121,85,77,58,128,134,10,86,64" hai2="99,93,68,47,92,70,73,46,14,50,55,15,38" hai3="17,1,123,108,66,18,13,37,113,96,83,27,131"/><T44/><D116/><U26/><E121/><V49/><F38/><W101/><G1/><T130/><D106/><U4/><E134/><V133/><F73/><W124/><G37/><T95/><D44/><U118/><E118/><V63/><F133/><W80/><G113/><T35/><D35/><U19/><E104/><V60/><F99/><W45/><G108/><T32/><D32/><U74/><E41/><V112/><REACH who="2" step="1"/><F55/><REACH who="2" ten="250,250,240,250" step="2"/><W132/><G96/><T53/><D53/><U43/><E74/><V114/><AGARI ba="0,1" hai="14,15,46,47,49,50,60,63,68,70,92,93,112,114" machi="114" ten="25,12000,2" yaku="1,1,2,1,0,1,22,2,52,2,53,0" doraHai="91" doraHaiUra="117" who="2" fromWho="2" sc="250,-60,250,-30,240,130,250,-30" /><INIT seed="1,0,0,0,3,11" ten="190,220,370,220" oya="1" hai0="76,120,33,117,110,75,4,113,86,109,126,29,57" hai1="134,0,2,81,77,108,35,123,36,1,32,63,66" hai2="14,124,125,72,24,45,70,31,10,26,135,98,23" hai3="121,114,40,3,52,68,99,15,20,73,93,56,60"/><U18/><E123/><V19/><F72/><W116/><G121/><T88/><D120/><U95/><E134/><V85/><F70/><W119/><G3/><T127/><D113/><U67/><E36/><V49/><F135/><W130/><G114/><T55/><D117/><N who="3" m="45129" /><G73/><T8/><D76/><U64/><E108/><N who="0" m="41577" /><D75/><U9/><E63/><V41/><F98/><W78/><G78/><T28/><D33/><U6/><E18/><V107/><F107/><W58/><G40/><T7/><D29/><U91/><E81/><V17/><REACH who="2" step="1"/><F85/><REACH who="2" ten="190,220,360,220" step="2"/><W34/><G68/><T13/><D28/><U48/><E77/><V42/><F42/><W53/><G130/><T71/><D71/><U5/><E48/><V80/><F80/><W101/><G34/><AGARI ba="0,1" hai="10,14,17,19,23,24,26,31,34,41,45,49,124,125" machi="34" ten="40,2600,0" yaku="1,1,52,1,53,0" doraHai="11" doraHaiUra="59" who="2" fromWho="3" sc="190,0,220,0,360,36,220,-26" /><INIT seed="2,0,0,1,2,38" ten="190,220,396,194" oya="2" hai0="33,40,22,121,96,124,118,37,115,79,123,30,16" hai1="133,19,63,23,65,89,2,32,128,135,125,61,90" hai2="73,84,119,120,87,64,56,24,105,86,114,51,91" hai3="130,110,74,0,129,68,71,41,131,21,27,94,83"/><V7/><F73/><W60/><G0/><T57/><D115/><U106/><E106/><V101/><F7/><W17/><G110/><T109/><D79/><U46/><E32/><V72/><F72/><W42/><G94/><T11/><D57/><N who="1" m="37039" /><E2/><V103/><F24/><W5/><G5/><T66/><D66/><U116/><E116/><V127/><F51/><W6/><G6/><T53/><D53/><U113/><E113/><V52/><F64/><N who="3" m="40967" /><G71/><T31/><D96/><U107/><E107/><V39/><F91/><W77/><AGARI ba="0,0" hai="17,21,27,41,42,74,77,83,129,130,131" m="40967" machi="77" ten="40,5200,0" yaku="19,1,52,2" doraHai="38" who="3" fromWho="3" sc="190,-13,220,-13,396,-26,194,52" /><INIT seed="3,0,0,2,1,10" ten="177,207,370,246" oya="3" hai0="124,38,45,75,71,109,1,82,59,92,86,7,84" hai1="32,125,134,97,104,17,26,6,2,102,89,9,74" hai2="119,40,135,79,57,126,20,47,46,56,30,8,69" hai3="118,112,27,15,29,131,93,65,101,11,77,4,28"/><W123/><G112/><T94/><D71/><U53/><E134/><V35/><F35/><W43/><G118/><T133/><D133/><U18/><E125/><V108/><F69/><W5/><G123/><T100/><D124/><U128/><E128/><V55/><F79/><W21/><G131/><T72/><D59/><U132/><E132/><V103/><F103/><W13/><G43/><T3/><D7/><U121/><E121/><V0/><F0/><W24/><G77/><T116/><D100/><U42/><E74/><V14/><F55/><W96/><G65/><T91/><D109/><U90/><E42/><V31/><F30/><W63/><G63/><T37/><D91/><U70/><E53/><V107/><F31/><W98/><G96/><T83/><REACH who="0" step="1"/><D45/><REACH who="0" ten="167,207,370,246" step="2"/><U117/><E117/><AGARI ba="0,1" hai="1,3,37,38,72,75,82,83,84,86,92,94,116,117" machi="117" ten="25,6400,0" yaku="1,1,2,1,22,2,53,0" doraHai="10" doraHaiUra="25" who="0" fromWho="1" sc="167,74,207,-64,370,0,246,0" owari="241,-15.9,143,-35.7,370,47.0,246,4.6" /></mjloggm>