<mjloggm ver="2.3"><GO type="225" lobby="0"/><UN n0="%43%68%65" n1="%74%61%6B%65%2D%79%6F%75" n2="%E3%81%95%E3%81%8D%E3%81%9F%E3%81%BE%E6%9E%97%E6%AA%8E" n3="%E3%81%8F%E3%81%BE%E3%81%96%E3%82%8F" dan="16,16,16,16" rate="2092.86,2200.92,2142.60,2086.40" sx="M,M,M,M"/><TAIKYOKU oya="0"/><INIT seed="0,0,0,5,5,93" ten="250,250,250,250" oya="0" hai0="52,76,99,78,83,82,42,4,45,115,74,127,18" hai1="84,128,94,107,6,97,54,85,133,126,110,21,81" hai2="40,64,88,1,56,79,0,28,111,17,121,8,101" hai3="2,63,77,22,43,11,108,112,59,12,131,15,36"/><T66/><D115/><U24/><E110/><V102/><F111/><W120/><G112/><T118/><D118/><U90/><E128/><V7/><F121/><W14/><G108/><T3/><D127/><U113/><E113/><V13/><F79/><W10/><G131/><T33/><D33/><U62/><E126/><V72/><F72/><W109/><G109/><T44/><D66/><U104/><E133/><V98/><F28/><W69/><G69/><T5/><D3/><U19/><E6/><V47/><F64/><W46/><G77/><T105/><D18/><U129/><E129/><V96/><F56/><W37/><G37/><T119/><D119/><U25/><E25/><V41/><F47/><W53/><G2/><T89/><D44/><U16/><E19/><V124/><F124/><W135/><G135/><T50/><D42/><U87/><E81/><V29/><F29/><W134/><G134/><T39/><D39/><U73/><E73/><V123/><F123/><W9/><G22/><T34/><D34/><U114/><E114/><V125/><F125/><W100/><G100/><T130/><D130/><U68/><E68/><V49/><F1/><W30/><G30/><T80/><D80/><U106/><E106/><V86/><F102/><W35/><G35/><T27/><D27/><U38/><E38/><V51/><F101/><W31/><G31/><T117/><D117/><U60/><E60/><V71/><F71/><W67/><G120/><T32/><D32/><U23/><E23/><V103/><F103/><W58/><G67/><T92/><D105/><U65/><E65/><RYUUKYOKU ba="0,0" sc="250,10,250,10,250,-30,250,10" hai0="4,5,45,50,52,74,76,78,82,83,89,92,99" hai1="16,21,24,54,62,84,85,87,90,94,97,104,107" hai3="9,10,11,12,14,15,36,43,46,53,58,59,63" /><INIT seed="0,1,0,0,1,99" ten="260,260,220,260" oya="0" hai0="131,114,49,134,129,119,70,93,63,105,69,15,39" hai1="37,95,122,38,75,83,65,29,18,117,10,57,113" hai2="31,41,30,110,107,76,109,12,121,97,22,74,77" hai3="54,42,88,106,0,124,126,4,108,48,64,84,103"/><T56/><D105/><U52/><E117/><V47/><F121/><W116/><G116/><T45/><D119/><U25/><E122/><V96/><F12/><W127/><G108/><N who="2" m="41577" /><F22/><W133/><G133/><T61/><D15/><U8/><E113/><V43/><F74/><W89/><G42/><N who="2" m="15881" /><F47/><W58/><G64/><T24/><D24/><U44/><E65/><V13/><F13/><W5/><G0/><T78/><D78/><N who="2" m="30314" /><F107/><W9/><G9/><T115/><D39/><U86/><E37/><V50/><F50/><W28/><G28/><AGARI ba="1,0" hai="28,30,31,96,97" m="30314,15881,41577" machi="28" ten="30,3900,0" yaku="28,2,14,1" doraHai="99" who="2" fromWho="3" sc="260,0,260,0,220,42,260,-42" /><INIT seed="1,0,0,2,0,100" ten="260,260,262,218" oya="1" hai0="11,57,114,103,14,46,81,74,32,132,2,113,59" hai1="120,122,77,101,4,15,23,135,51,6,109,102,41" hai2="73,37,82,52,62,91,40,84,10,13,61,86,133" hai3="126,116,87,104,118,65,7,47,64,20,26,50,83"/><U43/><E135/><V70/><F73/><W48/><G126/><T78/><D32/><U125/><E125/><V108/><F108/><W92/><G7/><N who="1" m="2602" /><E120/><V90/><F133/><W96/><G104/><T112/><D2/><U24/><E122/><V38/><F70/><W111/><G111/><T34/><D34/><U54/><E109/><V63/><F40/><N who="1" m="15433" /><E15/><V72/><F72/><W79/><G118/><T29/><D29/><N who="1" m="17567" /><E77/><V60/><F38/><W123/><G116/><T75/><D75/><U0/><E0/><V68/><F68/><W88/><G123/><T31/><D31/><U56/><AGARI ba="0,0" hai="51,54,56,101,102" m="17567,15433,2602" machi="56" ten="30,1500,0" yaku="8,1" doraHai="100" who="1" fromWho="1" sc="260,-5,260,15,262,-5,218,-5" /><INIT seed="1,1,0,4,0,122" ten="255,275,257,213" oya="1" hai0="52,17,11,15,128,7,39,99,92,95,14,104,93" hai1="42,13,103,113,116,37,35,118,4,105,129,21,67" hai2="68,89,19,47,133,98,75,32,46,96,88,12,58" hai3="54,56,69,53,5,41,16,87,20,18,9,126,44"/><U117/><E113/><V81/><F68/><W102/><G126/><T51/><D39/><U65/><E35/><V60/><F32/><W124/><G124/><T109/><D109/><U6/><E129/><V86/><F75/><W85/><G69/><T78/><D128/><U100/><E37/><V57/><F133/><W49/><G102/><T27/><D78/><U82/><E42/><V131/><F131/><W79/><G53/><T115/><D27/><U83/><E21/><V112/><F58/><W55/><G54/><T40/><D40/><U80/><E13/><V90/><F112/><W50/><G79/><T3/><D3/><U135/><E135/><V30/><F30/><W73/><G73/><T0/><D0/><U25/><E25/><V64/><F98/><W29/><G18/><T84/><D84/><U48/><E48/><V94/><REACH who="2" step="1"/><F90/><REACH who="2" ten="255,275,247,213" step="2"/><W132/><G29/><T120/><D115/><U125/><E125/><V114/><F114/><W2/><REACH who="3" step="1"/><G132/><REACH who="3" ten="255,275,247,203" step="2"/><T76/><D76/><U24/><E117/><V28/><F28/><W101/><G101/><N who="0" m="60647" /><D120/><U8/><E118/><V121/><F121/><W71/><G71/><T22/><D104/><U123/><E105/><V127/><F127/><W62/><G62/><T10/><D10/><AGARI ba="1,2" hai="10,12,19,46,47,57,60,64,81,86,88,89,94,96" machi="10" ten="30,7700,0" yaku="1,1,7,1,8,1,54,1,53,0" doraHai="122" doraHaiUra="130" who="2" fromWho="0" sc="255,-80,275,0,247,100,203,0" /><INIT seed="2,0,0,4,0,127" ten="175,275,347,203" oya="2" hai0="134,44,60,106,98,77,34,96,4,124,37,18,76" hai1="36,78,86,32,62,58,113,112,25,42,132,51,72" hai2="27,103,94,125,75,61,118,92,67,22,23,105,30" hai3="71,57,93,12,26,46,1,9,89,121,43,79,68"/><V110/><F118/><W31/><G121/><T59/><D34/><U38/><E72/><V97/><F125/><W115/><G1/><T99/><D106/><U52/><E78/><V49/><F75/><W21/><G57/><T7/><D124/><U2/><E2/><V114/><F114/><N who="1" m="44137" /><E86/><V122/><F122/><W20/><G79/><N who="0" m="30283" /><D37/><N who="1" m="14443" /><E25/><V119/><F119/><W84/><G115/><T19/><D44/><N who="1" m="26007" /><E32/><V29/><F94/><W130/><G21/><T5/><D134/><AGARI ba="0,0" hai="52,58,62,132,134" m="26007,14443,44137" machi="134" ten="40,5200,0" yaku="34,2,54,1" doraHai="127" who="1" fromWho="0" sc="175,-52,275,52,347,0,203,0" /><INIT seed="3,0,0,5,4,81" ten="123,327,347,203" oya="3" hai0="75,12,102,48,118,72,110,64,86,52,60,134,10" hai1="34,50,59,135,19,132,41,62,106,43,30,33,120" hai2="68,4,46,87,121,127,98,2,61,76,129,70,107" hai3="25,58,22,128,17,114,105,42,13,101,66,116,56"/><W112/><G116/><T96/><D110/><U28/><E120/><V63/><F2/><W117/><G117/><T15/><D118/><U111/><E106/><V1/><F1/><W108/><G128/><T89/><D134/><N who="1" m="51243" /><E111/><V69/><F4/><W85/><G108/><T7/><D15/><U124/><E124/><V126/><F129/><W37/><G37/><T27/><D27/><U104/><E104/><V14/><F121/><W74/><G74/><T90/><D90/><U51/><E19/><V94/><F107/><W103/><G105/><T32/><D32/><N who="1" m="12395" /><E50/><V57/><F46/><W53/><G42/><N who="1" m="15882" /><E51/><V9/><F63/><W0/><G0/><T8/><D8/><U131/><E131/><V11/><F127/><W99/><G13/><T100/><D96/><U95/><E95/><V35/><F35/><W65/><G112/><T55/><D75/><U80/><E80/><N who="2" m="47495" /><F14/><W119/><G119/><T67/><D72/><U24/><E24/><V133/><F126/><W45/><G45/><T54/><D48/><U79/><E79/><V39/><F39/><W125/><G114/><T91/><D91/><U20/><E20/><V77/><F77/><W44/><G125/><T6/><D6/><U23/><E23/><V122/><F122/><W18/><G22/><T78/><D78/><U5/><E5/><V97/><F133/><W88/><G18/><T21/><D21/><U31/><E31/><V115/><F115/><W82/><G17/><T130/><D130/><U16/><E16/><V40/><F40/><W109/><G25/><T84/><D7/><U73/><E73/><RYUUKYOKU ba="0,0" sc="123,-10,327,30,347,-10,203,-10" hai1="28,30,59,62" owari="113,-38.7,357,45.7,337,13.7,193,-20.7" /></mjloggm>