<mjloggm ver="2.3"><GO type="225" lobby="0"/><UN n0="%E3%81%B8%E3%82%80%E3%81%B8%E3%82%80%EF%BC%92%E5%8F%B7" n1="%E3%82%B8%E3%83%A3%E3%83%9E%E3%83%BC%E3%83%AB%E3%83%9E%E3%83%AC%E3%83%BC" n2="%E6%80%AA%E3%81%97%E3%81%99%E3%81%8E%E3%82%8B%E3%83%81%E3%83%BC" n3="%4B%2E%32%2E%4B%2E" dan="16,17,16,16" rate="2127.42,2195.17,2159.84,2125.52" sx="M,M,M,M"/><TAIKYOKU oya="0"/><INIT seed="0,0,0,5,5,132" ten="250,250,250,250" oya="0" hai0="47,3,77,85,70,78,134,49,46,99,66,103,24" hai1="60,113,86,130,76,104,88,131,19,106,6,62,95" hai2="22,74,17,7,93,109,16,68,36,84,20,124,57" hai3="110,123,112,69,2,119,28,39,98,30,90,59,10"/><T43/><D134/><U118/><E118/><V50/><F68/><W96/><G112/><T71/><D3/><U8/><E113/><V91/><F74/><W127/><G69/><T135/><D135/><U128/><E19/><N who="2" m="7243" /><F124/><W23/><G119/><T63/><D71/><U80/><E106/><V45/><F109/><W92/><G39/><T15/><D15/><U35/><E104/><V102/><F36/><W31/><G110/><T11/><D11/><U5/><E35/><V32/><F32/><W105/><G123/><T18/><D85/><U21/><E21/><N who="2" m="8299" /><F102/><W40/><G127/><T53/><D18/><U75/><REACH who="1" step="1"/><E5/><REACH who="1" ten="250,240,250,250" step="2"/><V111/><F111/><W79/><G23/><T25/><D25/><U26/><E26/><V115/><F115/><W0/><G10/><T34/><D24/><U126/><E126/><V1/><F1/><AGARI ba="0,1" hai="1,6,8,60,62,75,76,80,86,88,95,128,130,131" machi="1" ten="40,5200,0" yaku="1,1,19,1,54,1,53,0" doraHai="132" doraHaiUra="12" who="1" fromWho="2" sc="250,0,240,62,250,-52,250,0" /><INIT seed="1,0,0,5,3,55" ten="250,302,198,250" oya="1" hai0="4,44,46,36,58,77,15,54,61,78,64,98,57" hai1="100,122,14,48,26,108,112,117,1,102,73,5,9" hai2="132,107,125,129,75,70,133,94,123,95,65,6,27" hai3="20,134,13,51,82,127,18,50,79,103,87,109,126"/><U115/><E117/><V53/><F123/><W67/><G109/><T62/><D98/><U32/><E73/><V17/><F107/><W3/><G134/><N who="2" m="51817" /><F75/><W92/><G3/><T131/><D131/><U88/><E122/><V96/><F129/><W33/><G33/><T91/><D91/><U25/><E108/><V12/><F125/><N who="3" m="47627" /><G67/><T68/><D68/><U128/><E128/><V41/><F41/><W135/><G135/><T121/><D121/><U130/><E130/><V69/><F27/><W43/><G43/><T74/><D74/><U40/><E1/><V104/><F6/><W113/><G113/><T10/><REACH who="0" step="1"/><D36/><REACH who="0" ten="240,302,198,250" step="2"/><U2/><E115/><V101/><F53/><W105/><G105/><T21/><D21/><U22/><E22/><N who="2" m="11559" /><F70/><W59/><G103/><T84/><D84/><U66/><E102/><V16/><F69/><W30/><G92/><T28/><D28/><U7/><E100/><V63/><F94/><W110/><G110/><T19/><D19/><U89/><E32/><V47/><F16/><W93/><G93/><T85/><D85/><U90/><E112/><V106/><F106/><W39/><G39/><T0/><D0/><U80/><E2/><V34/><F104/><W120/><G120/><T119/><D119/><U60/><E5/><V71/><F34/><W81/><G30/><T99/><D99/><U35/><E35/><V111/><F111/><W29/><G29/><T8/><D8/><U38/><E38/><V114/><F114/><W11/><G11/><T124/><D124/><U24/><E7/><V52/><F52/><N who="3" m="32151" /><G82/><T72/><D72/><RYUUKYOKU ba="0,1" sc="240,10,302,-30,198,10,250,10" hai0="4,10,15,44,46,54,57,58,61,62,64,77,78" hai2="47,63,65,71,95,96,101" hai3="13,18,20,51,79,81,87" /><INIT seed="2,1,1,0,4,82" ten="250,272,208,260" oya="2" hai0="28,96,9,5,74,128,68,63,49,131,50,83,132" hai1="58,75,129,54,53,67,35,86,88,59,17,81,2" hai2="26,121,100,55,0,106,102,10,124,87,31,1,109" hai3="97,135,15,45,24,51,62,112,114,95,39,65,70"/><V126/><F121/><W130/><G39/><T60/><D132/><U122/><E35/><V107/><F55/><N who="1" m="21001" /><E2/><N who="2" m="1131" /><F10/><W7/><G135/><T20/><D96/><U52/><E75/><V89/><F109/><W46/><G24/><N who="0" m="16391" /><D83/><U79/><E129/><N who="0" m="49737" /><D74/><U64/><E122/><V104/><F26/><W94/><G94/><T120/><D120/><U134/><E134/><V19/><F19/><W4/><G130/><T105/><D105/><N who="2" m="26882" /><V40/><DORA hai="3" /><F40/><N who="3" m="24999" /><G15/><N who="0" m="5551" /><D68/><U22/><E79/><V99/><F31/><W66/><G66/><N who="1" m="25130" /><E52/><V11/><F99/><W133/><G46/><T78/><D78/><U116/><E116/><V61/><F61/><AGARI ba="1,1" hai="49,50,60,61,63" m="5551,49737,16391" machi="61" ten="30,2000,0" yaku="19,1,52,1" doraHai="82,3" who="0" fromWho="2" sc="250,33,272,0,208,-23,260,0" /><INIT seed="3,0,0,3,2,10" ten="283,272,185,260" oya="3" hai0="23,15,101,120,103,7,2,40,54,61,57,64,41" hai1="100,135,91,132,124,134,95,14,106,105,44,121,55" hai2="72,70,65,114,38,6,119,9,50,104,30,52,84" hai3="94,26,80,18,8,115,19,89,126,4,102,110,51"/><W69/><G69/><T62/><D120/><U32/><E121/><V45/><F114/><W133/><G115/><T35/><D35/><U116/><E32/><V34/><F119/><W33/><G126/><T11/><D23/><U81/><E124/><V127/><F127/><W46/><G133/><T27/><D27/><U37/><E116/><V87/><F72/><W59/><G110/><T22/><D2/><U36/><E81/><V53/><F104/><N who="1" m="40041" /><E100/><N who="0" m="38473" /><D22/><U60/><E14/><V1/><F38/><W49/><G102/><T25/><D25/><U58/><E44/><V82/><F53/><N who="3" m="32175" /><G33/><T117/><D117/><U130/><E130/><V98/><F98/><AGARI ba="0,0" hai="36,37,55,58,60,91,95,98,132,134,135" m="40041" machi="98" ten="40,1300,0" yaku="20,1" doraHai="10" who="1" fromWho="2" sc="283,0,272,13,185,-13,260,0" /><INIT seed="4,0,0,2,5,89" ten="283,285,172,260" oya="0" hai0="21,71,54,125,72,117,32,107,66,17,77,46,56" hai1="69,114,113,26,61,16,30,34,51,22,7,85,43" hai2="52,47,50,37,93,101,10,2,92,64,135,39,86" hai3="67,80,0,42,13,11,5,95,122,88,90,73,35"/><T103/><D117/><U123/><E123/><V19/><F135/><W31/><G122/><T116/><D116/><U133/><E7/><V97/><F64/><W41/><G67/><T79/><D32/><U118/><E118/><V127/><F127/><W4/><G4/><T14/><D72/><U110/><E110/><V108/><F108/><W68/><G68/><T111/><D111/><U124/><E124/><V70/><F70/><W82/><G90/><T28/><D28/><U23/><E85/><V94/><F2/><W36/><G36/><T126/><D46/><N who="1" m="26079" /><E133/><V62/><F62/><W109/><G109/><T33/><D33/><U45/><E45/><V74/><F74/><W78/><G82/><T38/><D38/><U98/><E98/><V106/><REACH who="2" step="1"/><F86/><REACH who="2" ten="283,285,162,260" step="2"/><W84/><REACH who="3" step="1"/><G0/><REACH who="3" ten="283,285,162,250" step="2"/><T44/><D125/><U53/><E69/><V20/><F20/><W120/><G120/><T18/><D126/><U25/><E23/><V57/><F57/><W83/><G83/><T27/><D71/><U112/><E34/><V134/><F134/><W100/><G100/><T65/><D65/><U119/><E119/><V105/><F105/><W87/><G87/><T76/><D66/><U9/><E22/><V1/><F1/><W104/><G104/><T49/><D56/><N who="1" m="34959" /><E114/><V58/><F58/><W48/><G48/><T102/><D107/><U96/><E113/><V15/><AGARI ba="0,2" hai="10,15,19,37,39,47,50,52,92,93,94,97,101,106" machi="15" ten="30,12000,2" yaku="1,1,0,1,52,3,54,1,53,1" doraHai="89" doraHaiUra="6" who="2" fromWho="2" sc="283,-60,285,-30,162,140,250,-30" owari="223,-17.7,255,5.5,302,40.2,220,-28.0" /></mjloggm>