<mjloggm ver="2.3"><GO type="225" lobby="0"/><UN n0="%77%72%77%72%77%72%77%72" n1="%E6%A0%B9%E5%85%83%E3%81%8B%E3%82%89%E5%90%B9%E3%81%A3%E9%A3%9B%E3%81%B6" n2="%E3%81%A8%E3%82%93%E3%81%A8%E3%81%93%E3%81%A8%E3%82%93" n3="%E3%82%BC%E3%83%AB%E3%83%80%E3%81%AE%E4%BC%9D%E8%AA%AC" dan="16,17,16,17" rate="2090.49,2164.62,2126.69,2246.02" sx="M,F,M,M"/><TAIKYOKU oya="0"/><INIT seed="0,0,0,3,4,111" ten="250,250,250,250" oya="0" hai0="28,127,94,58,78,77,39,26,64,23,52,0,101" hai1="65,74,41,86,75,36,59,135,2,129,50,69,13" hai2="5,81,87,120,102,112,61,70,128,73,107,3,12" hai3="25,15,35,105,37,8,67,44,83,33,123,131,113"/><T20/><D127/><U16/><E2/><V38/><F12/><W47/><G105/><T90/><D39/><U110/><E129/><V118/><F87/><W30/><G131/><T84/><D0/><U40/><E135/><V72/><F128/><W121/><G113/><T60/><D101/><U7/><E7/><V22/><F22/><W82/><G35/><T119/><D119/><U31/><E31/><V63/><F63/><W55/><G67/><T108/><D108/><U29/><E29/><V95/><F95/><W51/><G44/><T99/><D20/><U32/><E41/><V6/><F6/><N who="3" m="3479" /><G37/><T57/><REACH who="0" step="1"/><D99/><REACH who="0" ten="240,250,250,250" step="2"/><U91/><E36/><V130/><F38/><W114/><G114/><T104/><D104/><U43/><E110/><V133/><F102/><W132/><G132/><T62/><AGARI ba="0,1" hai="23,26,28,52,57,58,60,62,64,77,78,84,90,94" machi="62" ten="20,18000,2" yaku="1,1,0,1,7,1,8,1,54,1,53,2" doraHai="111" doraHaiUra="54" who="0" fromWho="0" sc="240,190,250,-60,250,-60,250,-60" /><INIT seed="0,1,0,0,2,8" ten="430,190,190,190" oya="0" hai0="64,66,1,46,57,108,29,102,110,117,88,79,133" hai1="62,78,24,13,87,0,113,6,14,75,106,101,107" hai2="33,115,59,129,4,72,12,93,74,95,23,128,96" hai3="127,85,26,126,48,27,83,22,99,47,84,45,31"/><T81/><D117/><U68/><E87/><V122/><F115/><W11/><G99/><T28/><D1/><U2/><E78/><V25/><F33/><W92/><G92/><T65/><D102/><U3/><E75/><V7/><F122/><W103/><G103/><T86/><D133/><U118/><E118/><V116/><F59/><W77/><G85/><T69/><D69/><U44/><E6/><V37/><F37/><W34/><G11/><T36/><D57/><U98/><E107/><V97/><F23/><W32/><G47/><T119/><D119/><U18/><E44/><V132/><F25/><W130/><G130/><T39/><D39/><U63/><E113/><V19/><F116/><W124/><REACH who="3" step="1"/><G27/><REACH who="3" ten="430,190,190,180" step="2"/><T53/><D79/><U94/><E94/><V134/><REACH who="2" step="1"/><F19/><REACH who="2" ten="430,190,180,180" step="2"/><W67/><G67/><T111/><D36/><U114/><E114/><V54/><F54/><AGARI ba="1,2" hai="22,26,31,32,34,45,48,54,77,83,84,124,126,127" machi="54" ten="40,2600,0" yaku="1,1,18,1,53,0" doraHai="8" doraHaiUra="89" who="3" fromWho="2" sc="430,0,190,0,180,-29,180,49" /><INIT seed="1,0,0,0,2,66" ten="430,190,151,229" oya="1" hai0="126,86,54,95,118,11,125,80,134,81,83,49,8" hai1="112,26,93,72,22,44,14,102,96,58,131,130,25" hai2="1,39,70,6,28,65,113,50,21,45,53,88,68" hai3="61,100,78,15,94,69,0,7,123,20,120,27,79"/><U122/><E112/><V13/><F113/><W55/><G0/><T19/><D118/><U31/><E72/><V35/><F65/><W29/><G123/><T17/><D134/><U91/><E122/><V63/><F63/><W77/><G120/><T128/><D128/><U116/><E116/><V92/><F35/><W67/><G55/><T124/><D95/><U111/><E44/><V56/><F1/><W36/><G36/><T51/><D86/><U41/><E41/><N who="2" m="22719" /><F28/><W76/><G76/><T30/><D30/><U2/><E2/><V101/><F6/><W71/><G71/><T107/><D107/><U33/><E58/><V10/><F10/><N who="0" m="3626" /><D49/><U121/><E14/><V103/><F101/><W89/><G100/><T42/><D42/><U109/><E121/><V16/><F103/><W108/><G15/><T57/><AGARI ba="0,0" hai="17,19,51,54,57,80,81,83,124,125,126" m="3626" machi="57" ten="40,1500,0" yaku="18,1" doraHai="66" who="0" fromWho="0" sc="430,15,190,-7,151,-4,229,-4" /><INIT seed="2,0,0,5,1,114" ten="445,183,147,225" oya="2" hai0="115,51,38,22,18,101,73,124,43,89,9,84,71" hai1="52,69,116,53,42,30,60,48,92,90,47,39,102" hai2="10,64,119,34,72,118,54,59,78,12,80,66,15" hai3="76,88,23,31,81,130,65,109,4,120,17,112,33"/><V108/><F34/><W58/><G120/><T2/><D115/><U106/><E116/><V16/><F108/><W62/><G109/><T5/><D71/><U131/><E131/><V97/><F97/><W46/><G112/><T87/><D73/><U117/><E117/><V7/><F64/><W20/><G130/><T122/><D122/><U40/><E30/><V98/><F98/><W56/><G4/><T57/><D124/><U63/><E106/><V93/><F93/><W134/><G134/><T35/><D35/><U111/><E102/><V11/><F66/><W135/><G135/><T128/><D128/><U41/><E111/><V95/><F95/><W24/><G46/><T99/><D38/><U6/><E6/><V91/><F91/><W105/><G105/><T70/><D70/><U74/><E74/><V75/><F72/><W133/><G133/><T132/><D89/><U83/><E83/><V107/><F107/><W1/><G1/><T13/><D132/><U0/><E0/><V19/><F7/><W96/><G56/><T79/><D79/><U25/><E25/><V126/><F126/><W21/><G88/><T26/><D2/><U55/><E39/><V28/><F28/><W104/><G96/><T121/><D121/><U67/><REACH who="1" step="1"/><E63/><AGARI ba="0,0" hai="10,11,12,15,16,19,54,59,63,75,78,80,118,119" machi="63" ten="30,12000,1" yaku="7,1,9,1,52,2,54,1" doraHai="114" who="2" fromWho="1" sc="445,0,183,-120,147,120,225,0" /><INIT seed="2,1,0,4,0,36" ten="445,63,267,225" oya="2" hai0="53,106,72,76,99,6,45,2,27,119,44,110,1" hai1="67,9,20,31,111,115,51,65,10,66,39,61,112" hai2="74,134,64,28,88,35,58,122,17,7,59,103,54" hai3="94,101,128,12,125,43,133,93,3,104,42,48,62"/><V121/><F74/><W16/><G3/><T70/><D70/><U13/><E39/><V98/><F134/><W100/><G133/><T105/><D110/><U89/><E111/><V73/><F73/><W81/><G125/><T127/><D127/><U87/><E61/><V82/><F7/><W22/><G128/><T25/><D53/><U4/><E115/><V113/><F113/><W49/><G104/><T11/><D99/><U92/><E112/><V123/><F64/><W114/><G114/><T117/><D76/><U50/><REACH who="1" step="1"/><E10/><REACH who="1" ten="445,53,267,225" step="2"/><V108/><F108/><W109/><G62/><T24/><D11/><U30/><E30/><V19/><F28/><W107/><G109/><T102/><D119/><U90/><E90/><V26/><F88/><W60/><G60/><T131/><D117/><U46/><E46/><V47/><F47/><W77/><G49/><T126/><D44/><U75/><E75/><V116/><F116/><W5/><G48/><T57/><D126/><U14/><E14/><V29/><F121/><W18/><G12/><T97/><D45/><U56/><E56/><V52/><F59/><W96/><G100/><T69/><D102/><U55/><E55/><V118/><F54/><W130/><G101/><T78/><D57/><U85/><E85/><V120/><F118/><W15/><G15/><T84/><D72/><U34/><E34/><V124/><F124/><W135/><G135/><T129/><D84/><U0/><E0/><V95/><F52/><W21/><G130/><T91/><D131/><U132/><E132/><V33/><F122/><W41/><G77/><RYUUKYOKU ba="1,1" sc="445,-10,53,30,267,-10,225,-10" hai1="4,9,13,20,31,50,51,65,66,67,87,89,92" /><INIT seed="3,2,1,1,5,120" ten="435,83,257,215" oya="3" hai0="42,55,88,74,83,128,134,5,107,10,96,38,109" hai1="63,94,48,44,75,67,23,47,15,95,31,133,69" hai2="72,41,27,50,20,115,16,64,87,106,124,54,111" hai3="2,59,89,33,39,65,100,114,11,85,70,26,80"/><W14/><G114/><T93/><D109/><U18/><E75/><V35/><F72/><W81/><G39/><T56/><D128/><U84/><E133/><V57/><F115/><W30/><G100/><T71/><D71/><U119/><E119/><V52/><F106/><W123/><G2/><T24/><D24/><U129/><E129/><V62/><F111/><W92/><G70/><T79/><D134/><U103/><E31/><V3/><F3/><W21/><G33/><T112/><D107/><U122/><E122/><V97/><F124/><W132/><G132/><T60/><D112/><U91/><E95/><V76/><F97/><W19/><G123/><T126/><D126/><U43/><E103/><V32/><F41/><W40/><G40/><T25/><D25/><U105/><E105/><V90/><F76/><W51/><G65/><T66/><D42/><U4/><E4/><V28/><F28/><W125/><G125/><T104/><D104/><U118/><E118/><V53/><F50/><W49/><G49/><T110/><D110/><U78/><E78/><V131/><F131/><W17/><G17/><T9/><D38/><U117/><E117/><V22/><F22/><W108/><G108/><T29/><D29/><U45/><E43/><V86/><F87/><W113/><G113/><T101/><D101/><U34/><E34/><V68/><F68/><W12/><G12/><T8/><D66/><U7/><E7/><V46/><F46/><W37/><G37/><T36/><D36/><U1/><E1/><AGARI ba="2,1" hai="1,5,8,9,10,55,56,60,74,79,83,88,93,96" machi="1" ten="30,2000,0" yaku="7,1,54,1" doraHai="120" who="0" fromWho="1" sc="435,36,83,-26,257,0,215,0" owari="471,57.1,57,-44.3,257,5.7,215,-18.5" /></mjloggm>