<mjloggm ver="2.3"><GO type="225" lobby="0"/><UN n0="%E3%81%95%E3%81%8D%E3%81%9F%E3%81%BE%E6%9E%97%E6%AA%8E" n1="%4E%49%4A%49%49%52%4F" n2="%73%6C%69%63%6B%33%31%39" n3="%E3%81%AF%E3%82%88%E3%81%8A%E3%81%98%E3%81%95%E3%82%93" dan="16,16,17,16" rate="2159.84,2154.81,2211.81,2152.33" sx="M,M,M,M"/><TAIKYOKU oya="0"/><INIT seed="0,0,0,3,0,87" ten="250,250,250,250" oya="0" hai0="131,45,104,38,97,49,55,100,36,84,1,11,29" hai1="41,18,40,61,111,115,123,88,10,9,74,110,122" hai2="66,101,28,83,17,56,99,6,27,21,124,109,3" hai3="47,54,108,116,92,132,37,70,24,134,82,127,71"/><T86/><D131/><U65/><E74/><V16/><F109/><N who="1" m="41481" /><E115/><V43/><F124/><W0/><G108/><T5/><REACH who="0" step="1"/><D29/><REACH who="0" ten="240,250,250,250" step="2"/><U94/><E122/><V118/><F28/><W35/><G127/><T32/><D32/><U62/><E123/><V12/><F118/><W23/><G35/><T91/><D91/><U129/><E129/><V81/><F101/><W102/><G116/><T130/><D130/><U39/><E39/><AGARI ba="0,1" hai="1,5,11,36,38,39,45,49,55,84,86,97,100,104" machi="39" ten="40,12000,1" yaku="1,1,53,3" doraHai="87" doraHaiUra="69" who="0" fromWho="1" sc="240,130,250,-120,250,0,250,0" /><INIT seed="0,1,0,1,5,116" ten="370,130,250,250" oya="0" hai0="43,102,30,41,121,58,88,105,51,10,18,59,23" hai1="129,4,85,113,112,9,120,76,126,12,114,35,65" hai2="125,24,47,40,127,122,80,28,123,25,93,115,2" hai3="101,20,119,104,106,117,50,3,103,14,5,37,134"/><T63/><D121/><N who="2" m="46090" /><F2/><W107/><G37/><T60/><D105/><U22/><E120/><V33/><F93/><W79/><G79/><T48/><D102/><U44/><E126/><N who="2" m="48139" /><F115/><W109/><G3/><T133/><D133/><U53/><E129/><V52/><F80/><W64/><G134/><T49/><D30/><U78/><E35/><V83/><F83/><W66/><G106/><T13/><D88/><U38/><E65/><V111/><F111/><W90/><G90/><T16/><D59/><U128/><E128/><V86/><F86/><W26/><G109/><T56/><D58/><U74/><E74/><V118/><F24/><W77/><G26/><N who="0" m="14695" /><D63/><U70/><E70/><V39/><F52/><AGARI ba="1,0" hai="10,13,18,41,43,48,49,51,52,56,60" m="14695" machi="52" ten="30,5800,0" yaku="8,1,54,2" doraHai="116" who="0" fromWho="2" sc="370,61,130,0,250,-61,250,0" /><INIT seed="0,2,0,2,1,121" ten="431,130,189,250" oya="0" hai0="110,50,55,77,31,119,60,100,92,118,35,15,20" hai1="84,91,80,81,129,112,82,6,67,69,78,103,0" hai2="61,18,52,93,29,16,115,47,21,7,111,104,42" hai3="12,37,65,26,116,102,58,5,125,46,49,14,108"/><T62/><D77/><U95/><E0/><V70/><F115/><W90/><G116/><T24/><D100/><U8/><E69/><V53/><F104/><W117/><G117/><T127/><D127/><U71/><E71/><V74/><F74/><W101/><G125/><T3/><D3/><U76/><E67/><V114/><F114/><W25/><G37/><T11/><D92/><U79/><E8/><V27/><F7/><W66/><G90/><T131/><D131/><U19/><E6/><V59/><F70/><W13/><G5/><T63/><D35/><U64/><E19/><V9/><F111/><W43/><G108/><T36/><D36/><U126/><E64/><N who="3" m="24682" /><G58/><T10/><D110/><U4/><E4/><V133/><F133/><W105/><G105/><T41/><D41/><U56/><E56/><V38/><F9/><W68/><G68/><T34/><D11/><U32/><E32/><V23/><F53/><W75/><G75/><T87/><D34/><U72/><E126/><V99/><REACH who="2" step="1"/><F23/><REACH who="2" ten="431,130,179,250" step="2"/><W1/><G1/><T135/><D135/><U86/><E112/><V57/><F57/><W113/><G113/><T122/><D20/><U17/><E129/><V73/><F73/><W40/><G43/><T124/><D124/><U83/><E17/><V88/><AGARI ba="2,1" hai="16,18,21,27,29,38,42,47,52,59,61,88,93,99" machi="88" ten="20,12000,2" yaku="1,1,0,1,7,1,54,3,53,1" doraHai="121" doraHaiUra="48" who="2" fromWho="2" sc="431,-62,130,-32,179,136,250,-32" /><INIT seed="1,0,0,1,1,44" ten="369,98,315,218" oya="1" hai0="18,38,32,34,13,107,53,49,91,75,93,132,65" hai1="99,104,130,110,63,135,80,6,88,25,21,64,61" hai2="7,17,126,56,84,3,100,67,62,4,120,78,119" hai3="11,60,101,70,131,36,97,111,71,125,116,31,9"/><U94/><E130/><V96/><F119/><W114/><G36/><T37/><D107/><U134/><E104/><V46/><F120/><W8/><G114/><T43/><D75/><U106/><E106/><V39/><F126/><W128/><G125/><T42/><D132/><N who="1" m="50731" /><E6/><V105/><F3/><W117/><G111/><T24/><D65/><U79/><E64/><V92/><F17/><W72/><G72/><T47/><D38/><U16/><E110/><V40/><F105/><N who="3" m="63663" /><G60/><T15/><D15/><U2/><E2/><V19/><F19/><W57/><G57/><T50/><D37/><U115/><E115/><V68/><F68/><N who="3" m="26155" /><G31/><T122/><D122/><U76/><E76/><V59/><F59/><W81/><G81/><T66/><D66/><U95/><E95/><V123/><F123/><W14/><G14/><T102/><D102/><U77/><E77/><V58/><F58/><W33/><G33/><T51/><D34/><U73/><AGARI ba="0,0" hai="16,21,25,61,63,73,79,80,88,94,99" m="50731" machi="73" ten="30,6000,0" yaku="20,1,54,2" doraHai="44" who="1" fromWho="1" sc="369,-20,98,60,315,-20,218,-20" /><INIT seed="1,1,0,2,2,82" ten="349,158,295,198" oya="1" hai0="121,52,99,14,115,87,131,126,76,8,106,88,43" hai1="94,75,21,97,66,4,38,100,111,74,123,40,132" hai2="44,112,2,16,73,130,35,13,135,65,34,33,129" hai3="24,27,85,89,7,134,118,45,80,58,128,96,116"/><U55/><E123/><V81/><F2/><W95/><G128/><N who="2" m="49257" /><F135/><W22/><G134/><T83/><D115/><U59/><E132/><V69/><F112/><W70/><G70/><T23/><D131/><U18/><E4/><V41/><F65/><W117/><G7/><T79/><D126/><U127/><E127/><V32/><F69/><W11/><G11/><T25/><D43/><U107/><E66/><V17/><F35/><W57/><G45/><T50/><D121/><U108/><E107/><V46/><F13/><W29/><REACH who="3" step="1"/><G27/><REACH who="3" ten="349,158,295,188" step="2"/><T37/><D25/><N who="1" m="14519" /><E38/><N who="2" m="21559" /><F46/><W90/><AGARI ba="1,1" hai="22,24,29,57,58,80,85,89,90,95,96,116,117,118" machi="90" ten="30,7900,0" yaku="1,1,0,1,12,1,52,1,53,0" doraHai="82" doraHaiUra="125" who="3" fromWho="3" sc="349,-21,158,-40,295,-21,188,92" /><INIT seed="2,0,0,4,2,4" ten="328,118,274,280" oya="2" hai0="17,55,109,13,129,30,66,74,114,83,104,15,31" hai1="26,12,19,52,100,7,16,99,44,117,135,81,22" hai2="94,127,88,64,108,95,105,72,75,46,133,97,106" hai3="50,63,126,58,103,65,79,98,18,9,25,10,8"/><V86/><F64/><W90/><G126/><T82/><D109/><U1/><E135/><V71/><F71/><W35/><G79/><T80/><D129/><U101/><E117/><V69/><F69/><W40/><G90/><T111/><D111/><U60/><E1/><V77/><F46/><N who="3" m="25927" /><G35/><T125/><D125/><U6/><E81/><N who="2" m="47407" /><F127/><W14/><G25/><T87/><D114/><U112/><E112/><V3/><F3/><W27/><G27/><T20/><D104/><N who="2" m="40042" /><F108/><W119/><G119/><T85/><D74/><N who="2" m="28202" /><F95/><AGARI ba="0,0" hai="8,9,10,14,18,58,63,65,95,98,103" m="25927" machi="95" ten="30,7700,0" yaku="8,1,52,3" doraHai="4" who="3" fromWho="2" sc="328,0,118,0,274,-77,280,77" /><INIT seed="3,0,0,4,0,28" ten="328,118,197,357" oya="3" hai0="3,79,78,18,6,71,109,95,100,0,27,75,44" hai1="101,19,123,16,114,5,94,68,41,99,96,50,131" hai2="88,32,113,12,83,61,91,112,133,46,14,93,98" hai3="8,82,34,25,92,1,80,132,72,37,60,97,115"/><W73/><G115/><T107/><D109/><U74/><E114/><V21/><F32/><W70/><G37/><T103/><D71/><U38/><E123/><V42/><F133/><W15/><G1/><T9/><D0/><U64/><E38/><V59/><F112/><W51/><G132/><T29/><D18/><U89/><E131/><V66/><F113/><W85/><G51/><T7/><D7/><U65/><E74/><V69/><F69/><W63/><G25/><T48/><D107/><U47/><E5/><V126/><F126/><W4/><G34/><T23/><D75/><U105/><E68/><V22/><F83/><W120/><G120/><T26/><D26/><U67/><E105/><V87/><F91/><W135/><G135/><T39/><D39/><U106/><E106/><V58/><F58/><W134/><G134/><T84/><D103/><U55/><E101/><V17/><F87/><W129/><G129/><T30/><D30/><U53/><REACH who="1" step="1"/><E99/><REACH who="1" ten="328,108,197,357" step="2"/><V36/><F12/><W2/><G15/><T118/><D118/><U125/><E125/><V20/><AGARI ba="0,1" hai="14,17,20,21,22,36,42,46,59,61,66,88,93,98" machi="20" ten="20,2700,0" yaku="0,1,7,1,54,1" doraHai="28" who="2" fromWho="2" sc="328,-7,108,-7,197,37,357,-13" owari="321,12.1,101,-39.9,234,-16.6,344,44.4" /></mjloggm>