<mjloggm ver="2.3"><GO type="225" lobby="0"/><UN n0="%72%61%6B%33" n1="%43%68%65" n2="%4E%49%4A%49%49%52%4F" n3="%E4%B8%AD%E5%B9%B4%E3%81%AE%E5%8D%B1%E6%A9%9F" dan="17,16,17,17" rate="2169.35,2164.98,2207.94,2174.80" sx="M,M,M,M"/><TAIKYOKU oya="0"/><INIT seed="0,0,0,3,3,113" ten="250,250,250,250" oya="0" hai0="54,2,83,64,66,99,5,79,21,118,33,34,109" hai1="10,55,93,85,132,11,101,3,48,27,105,133,58" hai2="102,63,25,69,9,45,72,89,80,24,114,100,70" hai3="41,7,123,39,124,125,111,106,42,16,43,31,135"/><T103/><D118/><U71/><E71/><V131/><F114/><W53/><G106/><T38/><D38/><U121/><E121/><V40/><F131/><W78/><G123/><T32/><D109/><U116/><E105/><V75/><F75/><W117/><G111/><T22/><D54/><U126/><E126/><N who="3" m="48746" /><G117/><T49/><D49/><U14/><E116/><V74/><F74/><W8/><G78/><T46/><D46/><U20/><E3/><V68/><F63/><W56/><G31/><T77/><D5/><U104/><E104/><V120/><F120/><W18/><G39/><T50/><D50/><U82/><E93/><V67/><F67/><W87/><G87/><T134/><D2/><U81/><E101/><V107/><F9/><N who="1" m="3081" /><E14/><V84/><F72/><W90/><G90/><T12/><D134/><N who="1" m="51819" /><E85/><V15/><F15/><N who="3" m="5535" /><G135/><T44/><D12/><U62/><E48/><AGARI ba="0,0" hai="16,18,41,42,43,48,53,56" m="5535,48746" machi="48" ten="30,2000,0" yaku="18,1,54,1" doraHai="113" who="3" fromWho="1" sc="250,0,250,-20,250,0,250,20" /><INIT seed="1,0,0,5,2,6" ten="250,230,250,270" oya="1" hai0="48,128,18,60,69,114,68,47,1,86,125,94,122" hai1="66,21,79,23,74,45,111,0,108,82,71,105,70" hai2="20,83,110,7,8,78,121,87,9,14,132,80,92" hai3="56,43,97,5,101,59,84,46,64,31,90,22,102"/><U129/><E105/><V42/><F121/><W57/><G64/><T11/><D114/><U107/><E107/><V100/><F110/><N who="1" m="42025" /><E129/><V26/><F132/><W52/><G5/><T95/><D125/><U126/><E126/><V12/><F42/><W13/><G43/><T15/><D122/><U55/><E0/><V39/><F39/><W123/><G123/><T2/><D128/><U120/><E120/><V32/><F32/><W63/><G97/><T38/><D38/><U3/><E3/><V133/><F133/><W24/><G13/><T17/><D1/><U131/><E131/><V41/><F41/><W16/><G31/><T130/><D2/><U99/><E99/><N who="2" m="59495" /><F83/><N who="3" m="49439" /><G63/><T50/><D60/><N who="1" m="40263" /><E71/><V119/><F119/><W29/><G29/><T88/><D130/><U10/><E10/><N who="2" m="4203" /><F7/><W27/><G27/><T77/><D69/><U36/><E36/><V117/><F117/><W62/><G62/><T19/><D68/><U127/><E127/><V37/><F37/><W96/><G96/><T115/><D11/><U28/><E28/><AGARI ba="0,0" hai="12,14,20,26,28,78,80,87" m="4203,59495" machi="28" ten="30,7700,0" yaku="8,1,52,3" doraHai="6" who="2" fromWho="1" sc="250,0,230,-77,250,77,270,0" /><INIT seed="2,0,0,0,4,56" ten="250,153,327,270" oya="2" hai0="103,44,83,99,80,101,16,20,58,40,5,82,116" hai1="55,88,29,8,71,86,74,102,90,41,25,129,135" hai2="34,72,61,47,84,10,67,126,115,64,78,106,130" hai3="127,76,132,31,77,123,37,63,117,2,111,66,27"/><V70/><F115/><W57/><G123/><T42/><D116/><U104/><E74/><V54/><F126/><W48/><G117/><T79/><D5/><U21/><E135/><V97/><F130/><W19/><G37/><T94/><D58/><U17/><E129/><V32/><F67/><W93/><G132/><T43/><D101/><U92/><E71/><V91/><F10/><W51/><G2/><T39/><REACH who="0" step="1"/><D79/><REACH who="0" ten="240,153,327,270" step="2"/><U133/><E133/><V26/><F78/><W38/><G77/><T69/><D69/><U96/><E90/><V13/><F70/><W118/><G118/><T45/><D45/><U35/><E41/><V59/><F47/><W85/><G127/><T18/><D18/><U1/><E55/><V114/><F59/><W107/><G19/><T128/><D128/><U124/><E124/><V75/><F54/><W50/><G76/><T24/><AGARI ba="0,1" hai="16,20,24,39,40,42,43,44,80,82,83,94,99,103" machi="24" ten="30,4000,0" yaku="1,1,0,1,54,1,53,0" doraHai="56" doraHaiUra="108" who="0" fromWho="0" sc="240,50,153,-10,327,-20,270,-10" /><INIT seed="3,0,0,2,3,87" ten="290,143,307,260" oya="3" hai0="111,5,121,3,132,128,14,35,44,135,48,28,9" hai1="7,13,134,6,85,60,0,36,124,117,46,133,70" hai2="122,119,24,110,29,1,55,62,75,68,25,95,123" hai3="94,17,99,103,72,126,88,43,97,59,79,112,77"/><W22/><G112/><T84/><D121/><N who="2" m="46090" /><F110/><W129/><G126/><T18/><D111/><U81/><E124/><V19/><F119/><W38/><G129/><T105/><D105/><U108/><E108/><V20/><F1/><W39/><G59/><T83/><D128/><U65/><E117/><V69/><F75/><W109/><G109/><T21/><D48/><U104/><E104/><V41/><F41/><W49/><G49/><T118/><D44/><U53/><E0/><V32/><F95/><W113/><G113/><T58/><D58/><AGARI ba="0,0" hai="19,20,24,25,29,32,55,58,62,68,69" m="46090" machi="58" ten="30,1000,0" yaku="13,1" doraHai="87" who="2" fromWho="0" sc="290,-10,143,0,307,10,260,0" owari="280,8.0,143,-35.7,317,41.7,260,-14.0" /></mjloggm>