<mjloggm ver="2.3"><GO type="225" lobby="0"/><UN n0="%E6%AB%BB%E4%BA%95%E5%A5%8F" n1="%6D%75%75%6D%75%72%61" n2="%E6%82%94%E3%81%84%E3%82%BF%E3%83%B3" n3="%45%6C%79%73%69%75%6D" dan="17,17,16,18" rate="2189.94,2200.53,2032.38,2147.93" sx="M,F,M,F"/><TAIKYOKU oya="0"/><INIT seed="0,0,0,2,1,129" ten="250,250,250,250" oya="0" hai0="65,10,43,41,122,134,60,64,19,82,112,76,18" hai1="14,113,68,26,22,115,110,47,16,67,5,23,35" hai2="132,54,85,49,3,75,29,80,91,127,77,106,32" hai3="125,17,12,57,74,93,1,58,63,8,13,92,42"/><T109/><D112/><N who="1" m="43083" /><E68/><V111/><F111/><W133/><G1/><T104/><D122/><U70/><E70/><V121/><F121/><W97/><G74/><T108/><D104/><U116/><E67/><V103/><F127/><W48/><G125/><T33/><D33/><U39/><E47/><V86/><F3/><W55/><G133/><T83/><D10/><N who="1" m="4431" /><E39/><V135/><F29/><W27/><G27/><T21/><D21/><N who="1" m="13607" /><E116/><V131/><F32/><W9/><G97/><T44/><D44/><U96/><E96/><N who="2" m="61799" /><F131/><W0/><G0/><T31/><D76/><U66/><E66/><V84/><F49/><W59/><G42/><T62/><REACH who="0" step="1"/><D31/><REACH who="0" ten="240,250,250,250" step="2"/><U61/><E110/><V94/><F54/><W100/><G55/><T107/><D107/><U78/><E78/><V102/><F102/><W46/><G100/><T120/><D120/><U89/><E35/><V36/><F36/><W34/><G34/><T101/><D101/><U40/><E23/><V87/><AGARI ba="0,1" hai="75,77,80,84,85,86,87,91,94,132,135" m="61799" machi="87" ten="30,8000,1" yaku="24,1,34,2,52,2" doraHai="129" who="2" fromWho="2" sc="240,-40,250,-20,250,90,250,-20" /><INIT seed="1,0,0,4,4,66" ten="200,230,340,230" oya="1" hai0="1,90,109,108,132,73,128,6,48,71,72,93,126" hai1="54,12,119,11,24,101,38,40,94,91,20,64,68" hai2="113,134,3,63,57,69,124,99,116,13,14,96,131" hai3="106,36,30,82,58,35,18,29,17,2,22,65,53"/><U111/><E119/><V59/><F116/><W114/><G114/><T74/><D132/><U62/><E111/><N who="0" m="42569" /><D128/><U46/><E101/><V123/><F123/><W26/><G36/><T110/><N who="0" m="42577" /><T115/><DORA hai="34" /><D115/><U56/><E11/><V102/><F124/><W117/><G65/><T85/><D126/><U21/><E12/><V33/><F33/><W27/><G106/><T95/><D48/><N who="1" m="30791" /><E24/><V88/><F63/><W75/><G2/><T76/><D71/><U118/><E118/><V31/><F69/><W112/><G112/><T70/><D70/><U43/><E43/><V84/><F14/><W19/><G117/><T44/><D44/><U55/><E55/><V15/><F15/><W135/><G135/><T129/><D129/><U105/><E105/><V97/><F113/><W125/><G125/><T89/><D6/><U60/><E62/><V23/><F134/><W107/><G107/><T7/><D7/><U41/><E41/><V86/><F13/><W10/><G10/><T4/><D4/><U0/><E0/><V9/><F3/><W5/><G5/><T130/><D1/><U67/><E67/><V16/><F9/><W122/><G122/><T103/><D130/><U78/><E78/><V87/><F102/><W32/><G32/><T100/><D76/><U61/><E61/><V47/><F47/><W37/><G37/><T77/><D77/><U92/><E92/><N who="2" m="54279" /><F131/><W81/><REACH who="3" step="1"/><G75/><REACH who="3" ten="200,230,340,220" step="2"/><T52/><D52/><U121/><E121/><V49/><F23/><W133/><G133/><T51/><D51/><AGARI ba="0,1" hai="17,18,19,22,26,27,29,30,35,51,53,58,81,82" machi="51" ten="40,1300,0" yaku="1,1,53,0" doraHai="66,34" doraHaiUra="8,98" who="3" fromWho="0" sc="200,-13,230,0,340,0,220,23" /><INIT seed="2,0,0,3,1,33" ten="187,230,340,243" oya="2" hai0="128,36,77,26,20,83,90,105,73,98,56,43,130" hai1="62,78,27,7,10,54,19,133,48,47,135,31,12" hai2="28,14,131,80,22,59,39,113,114,58,111,5,52" hai3="97,37,95,32,3,92,75,34,61,100,9,122,6"/><V81/><F39/><W85/><G75/><T93/><D43/><U0/><E78/><V82/><F131/><W69/><G37/><T53/><D36/><U46/><E46/><V25/><F111/><W102/><G122/><T104/><D128/><U76/><E76/><V101/><F101/><W89/><G100/><T57/><D57/><U4/><E62/><V91/><F59/><W68/><REACH who="3" step="1"/><G61/><REACH who="3" ten="187,230,340,233" step="2"/><T38/><D38/><U129/><E129/><V70/><F113/><W108/><G108/><T23/><D130/><U16/><E133/><V123/><F114/><W79/><G79/><T127/><D127/><U60/><E135/><V35/><F123/><W112/><G112/><T51/><REACH who="0" step="1"/><D20/><REACH who="0" ten="177,230,340,233" step="2"/><U13/><E60/><V71/><F22/><W106/><G106/><T1/><D1/><U88/><E0/><V84/><F35/><AGARI ba="0,2" hai="3,6,9,32,34,35,68,69,85,89,92,95,97,102" machi="35" ten="40,8000,1" yaku="1,1,52,1,53,2" doraHai="33" doraHaiUra="67" who="3" fromWho="2" sc="177,0,230,0,340,-80,233,100" /><INIT seed="3,0,0,4,2,94" ten="177,230,260,333" oya="3" hai0="57,2,34,26,128,123,61,100,102,107,22,27,62" hai1="8,114,0,113,103,18,80,134,69,89,41,53,23" hai2="32,19,67,87,91,122,133,119,51,73,10,5,130" hai3="35,120,125,93,12,132,70,85,7,42,117,31,47"/><W108/><G70/><T135/><D123/><U13/><E134/><V38/><F119/><W131/><G12/><T30/><D135/><U126/><E126/><V60/><F38/><W3/><G47/><T71/><D128/><U36/><E69/><V88/><F73/><W6/><G93/><T77/><D2/><U15/><E0/><V11/><F32/><W97/><G97/><T37/><D37/><U129/><E129/><V29/><F29/><W79/><G85/><T21/><D34/><U96/><E41/><V14/><F130/><W105/><G31/><T109/><D109/><U45/><E36/><V46/><F122/><W68/><G42/><T49/><D71/><U83/><E53/><N who="2" m="29943" /><F87/><W84/><G84/><T50/><D77/><U4/><E45/><V81/><F81/><W111/><G79/><T20/><D107/><U55/><E55/><V1/><F1/><W76/><G76/><T121/><D121/><U90/><E83/><V52/><F67/><W39/><G105/><T59/><D22/><U54/><E54/><V44/><F133/><W110/><G3/><T65/><D30/><U33/><E33/><V115/><F115/><W16/><G35/><T56/><D56/><U75/><E80/><V17/><F10/><W64/><G132/><T40/><D40/><U101/><E75/><V86/><F60/><W98/><G120/><T112/><D112/><N who="1" m="43115" /><E96/><V92/><F91/><W43/><G39/><T48/><D48/><AGARI ba="0,0" hai="5,11,14,17,19,44,48,52,86,88,92" m="29943" machi="48" ten="30,3900,0" yaku="8,1,54,2" doraHai="94" who="2" fromWho="0" sc="177,-39,230,0,260,39,333,0" owari="138,-36.2,230,-17.0,299,9.9,333,43.3" /></mjloggm>