<mjloggm ver="2.3"><GO type="225" lobby="0"/><UN n0="%E3%81%82%E3%81%99%E3%81%AB%E3%82%83%E3%82%80" n1="%E3%83%AD%E3%83%83%E3%83%86%E9%9B%80%E7%90%83" n2="%6D%75%75%6D%75%72%61" n3="%E6%97%A5%E6%9B%9C%E6%97%A5%E3%82%88%E3%82%8A%E3%81%AE%E4%BD%BF%E8%80%85" dan="16,17,16,18" rate="2194.40,2247.78,2141.96,2147.51" sx="F,M,F,M"/><TAIKYOKU oya="0"/><INIT seed="0,0,0,2,3,133" ten="250,250,250,250" oya="0" hai0="109,103,43,57,25,122,75,127,42,1,108,83,70" hai1="114,85,40,54,32,72,120,129,116,13,119,80,5" hai2="60,131,9,34,74,27,121,50,102,19,21,38,95" hai3="84,101,130,64,7,107,93,12,4,14,8,92,51"/><T68/><D122/><U132/><E120/><V106/><F121/><W71/><G130/><T123/><D123/><U37/><E72/><V88/><F38/><W6/><G71/><N who="0" m="27179" /><D1/><U36/><E32/><V47/><F74/><W112/><G112/><T23/><D103/><U62/><E129/><V118/><F131/><W66/><G107/><T59/><D75/><U115/><E132/><V104/><F118/><W69/><G69/><T29/><D83/><U46/><E37/><V33/><F60/><W56/><G101/><T3/><D3/><U28/><E28/><V135/><F135/><W124/><G124/><T89/><D89/><U16/><E5/><V67/><F9/><N who="3" m="4135" /><G6/><T79/><D79/><U78/><E54/><V94/><F67/><N who="3" m="25643" /><G84/><T53/><D57/><U48/><E62/><V22/><F34/><W15/><G15/><T81/><D81/><U58/><E58/><V55/><F33/><W77/><G77/><T97/><D97/><U18/><E36/><V87/><REACH who="2" step="1"/><F22/><REACH who="2" ten="250,250,240,250" step="2"/><W24/><G24/><T26/><D25/><U35/><E35/><V52/><F52/><AGARI ba="0,1" hai="7,8,14,51,52,56,92,93" m="25643,4135" machi="52" ten="30,2000,0" yaku="8,1,54,1" doraHai="133" who="3" fromWho="2" sc="250,0,250,0,240,-20,250,30" /><INIT seed="1,0,0,5,3,30" ten="250,250,220,280" oya="1" hai0="39,37,35,113,57,102,123,72,59,10,32,67,85" hai1="132,65,56,82,3,77,5,7,13,135,0,18,79" hai2="21,50,71,40,115,104,94,45,43,105,114,125,118" hai3="129,60,130,111,14,112,134,127,84,106,20,83,27"/><U68/><E68/><V23/><F118/><W52/><G112/><N who="2" m="43049" /><F71/><W6/><G106/><N who="2" m="41065" /><F125/><W109/><G14/><T54/><D72/><U122/><E56/><V25/><F94/><W58/><G6/><N who="1" m="2058" /><E65/><V49/><F25/><W103/><G103/><T64/><D102/><U41/><E41/><N who="2" m="15947" /><F45/><W73/><G73/><T120/><D113/><U97/><E97/><V92/><F92/><W96/><G96/><T98/><D98/><U75/><E122/><N who="0" m="46633" /><D85/><U128/><E79/><V91/><F91/><W16/><G127/><T63/><D10/><N who="1" m="6455" /><E128/><N who="3" m="49258" /><G134/><AGARI ba="0,0" hai="0,3,75,77,82,132,134,135" m="6455,2058" machi="134" ten="30,1500,0" yaku="20,1" doraHai="30" who="1" fromWho="3" sc="250,0,250,15,220,0,280,-15" /><INIT seed="1,1,0,5,4,1" ten="250,265,220,265" oya="1" hai0="88,63,2,39,18,49,59,13,127,126,41,12,132" hai1="15,62,96,135,109,81,68,0,130,91,45,37,66" hai2="31,36,57,89,84,71,40,51,87,22,14,102,120" hai3="11,76,131,123,133,106,105,83,107,110,5,10,9"/><U50/><E130/><V95/><F71/><W27/><G123/><T100/><D100/><U119/><E135/><V90/><F120/><W53/><G131/><T128/><D128/><U17/><E119/><V43/><F36/><W82/><G133/><T44/><D2/><U32/><E0/><V70/><F70/><W113/><G113/><T115/><D115/><U77/><E32/><V56/><F102/><W99/><G110/><T33/><D33/><U65/><E37/><V25/><F14/><W72/><G83/><T79/><D79/><U55/><E109/><V112/><F112/><W129/><G129/><T92/><D132/><U29/><E29/><V124/><F124/><N who="0" m="47658" /><D18/><U98/><E91/><V26/><F26/><W52/><G27/><T103/><D103/><U116/><E66/><V23/><F23/><W117/><G117/><T78/><D78/><U101/><E101/><V85/><F85/><W48/><G99/><N who="0" m="57735" /><D39/><U19/><E19/><V3/><F3/><W134/><G134/><T24/><D24/><U47/><E116/><V34/><F34/><W86/><G72/><T38/><D38/><U121/><E121/><V93/><REACH who="2" step="1"/><F51/><REACH who="2" ten="250,265,210,265" step="2"/><W69/><G69/><T42/><D12/><U111/><E111/><V7/><F7/><W54/><REACH who="3" step="1"/><G48/><REACH who="3" ten="250,265,210,255" step="2"/><T64/><D13/><AGARI ba="1,2" hai="5,9,10,11,13,52,53,54,76,82,86,105,106,107" machi="13" ten="50,8000,1" yaku="1,1,2,1,52,1,54,1,53,0" doraHai="1" doraHaiUra="67" who="3" fromWho="0" sc="250,-83,265,0,210,0,255,103" /><INIT seed="2,0,0,0,4,5" ten="167,265,210,358" oya="2" hai0="130,125,119,123,75,73,118,16,95,64,74,47,19" hai1="89,14,20,49,23,129,94,109,40,15,70,87,113" hai2="13,9,55,68,7,134,2,103,112,86,35,46,21" hai3="115,104,128,76,41,33,99,61,10,4,90,24,63"/><V69/><F112/><W107/><G41/><T34/><D34/><U8/><E70/><V32/><F134/><W122/><G76/><T26/><D123/><U57/><E109/><V58/><F103/><W3/><G122/><T45/><D64/><U114/><E129/><V18/><F46/><N who="0" m="17418" /><D130/><U53/><E40/><V91/><F68/><W31/><G128/><T83/><D83/><U111/><E111/><V120/><F69/><W25/><G115/><T77/><D77/><U133/><E133/><V38/><F38/><W50/><G50/><T79/><D79/><U71/><E71/><V59/><F120/><W88/><G25/><T96/><D26/><U108/><E108/><V132/><F132/><W22/><G33/><T51/><D51/><U98/><E98/><V131/><F58/><W117/><G117/><N who="0" m="44555" /><D125/><U92/><E49/><V52/><F131/><W60/><REACH who="3" step="1"/><G99/><REACH who="3" ten="167,265,210,348" step="2"/><T100/><AGARI ba="0,1" hai="16,19,73,74,75,95,96,100" m="44555,17418" machi="100" ten="40,2700,0" yaku="12,1,54,1" doraHai="5" who="0" fromWho="0" sc="167,37,265,-7,210,-13,348,-7" /><INIT seed="3,0,0,0,0,14" ten="204,258,197,341" oya="3" hai0="62,81,96,80,125,12,23,112,51,129,7,101,85" hai1="104,134,15,126,22,93,50,97,118,71,44,66,24" hai2="1,49,100,113,98,21,116,75,69,57,67,91,64" hai3="46,76,110,32,36,105,99,124,82,114,130,28,123"/><W37/><G114/><T40/><D112/><U78/><E104/><V11/><F113/><W16/><G123/><T68/><D129/><U47/><E126/><V79/><F116/><W60/><G60/><T19/><D125/><U84/><E134/><V43/><F69/><W9/><G28/><T95/><D7/><U53/><E66/><N who="2" m="25131" /><F75/><W27/><G32/><T92/><D68/><U90/><E15/><V0/><F0/><W117/><G99/><T115/><D115/><U87/><E71/><V55/><F1/><W29/><G37/><T18/><D62/><U103/><E78/><V13/><F79/><W52/><G36/><T106/><D106/><U128/><E128/><V122/><F122/><W119/><G76/><T133/><D133/><U131/><E131/><V94/><F43/><W33/><G105/><T17/><D92/><U61/><E93/><V107/><F21/><W34/><G33/><T25/><D12/><U48/><E22/><V42/><F42/><W135/><G34/><T45/><D81/><U31/><E24/><V86/><F107/><W89/><G27/><T70/><D70/><U88/><E61/><V102/><F98/><W20/><G135/><T56/><D56/><U26/><E47/><V6/><AGARI ba="0,0" hai="6,11,13,49,55,57,86,91,94,100,102" m="25131" machi="6" ten="30,1100,0" yaku="8,1" doraHai="14" who="2" fromWho="2" sc="204,-3,258,-3,197,11,341,-5" owari="201,-29.9,255,5.5,208,-19.2,336,43.6" /></mjloggm>