<mjloggm ver="2.3"><GO type="225" lobby="0"/><UN n0="%E3%83%8F%E3%83%B3%E3%83%89%E3%83%A9%E3%83%BC%E3%83%BB%E3%83%AF%E3%83%B3" n1="%E6%9D%B1%E9%A2%A8%E3%81%AE%E3%81%8D%E3%82%83%E3%81%B7%E3%81%95%E3%82%93" n2="%E3%81%AF%E3%82%88%E3%81%8A%E3%81%98%E3%81%95%E3%82%93" n3="%E3%81%BF%E3%81%BF%E3%81%9A" dan="16,17,17,17" rate="2119.59,2232.72,2164.44,2217.44" sx="M,M,M,M"/><TAIKYOKU oya="0"/><INIT seed="0,0,0,2,2,68" ten="250,250,250,250" oya="0" hai0="122,66,107,37,57,38,15,33,1,84,113,104,100" hai1="54,71,77,45,87,116,76,103,81,51,43,20,73" hai2="99,34,118,16,42,90,30,60,78,39,117,94,102" hai3="126,61,10,112,133,23,29,3,121,135,36,59,63"/><T47/><D113/><U17/><E71/><V35/><F78/><W72/><G72/><T98/><D122/><U74/><E116/><N who="2" m="44651" /><F60/><W64/><G112/><T21/><D1/><U128/><E128/><V124/><F124/><W93/><G121/><T44/><D33/><U88/><E103/><V53/><F53/><W7/><G126/><T85/><D107/><U24/><E73/><V0/><F0/><W19/><G29/><T50/><D44/><U79/><E74/><V96/><F30/><W120/><G120/><T62/><D21/><U83/><REACH who="1" step="1"/><E54/><REACH who="1" ten="250,240,250,250" step="2"/><V8/><F102/><W48/><G135/><T13/><D85/><U27/><E27/><V80/><F99/><W4/><G133/><T9/><D84/><U14/><E14/><N who="2" m="7239" /><F80/><W108/><G3/><T75/><D75/><U58/><E58/><V40/><F40/><W32/><G59/><T95/><D15/><U129/><E129/><V5/><F5/><W41/><G4/><T109/><D104/><U69/><E69/><V11/><F11/><W111/><G10/><T110/><D13/><U82/><AGARI ba="0,1" hai="17,20,24,43,45,51,76,77,79,81,82,83,87,88" machi="82" ten="30,7900,0" yaku="1,1,0,1,8,1,54,1,53,0" doraHai="68" doraHaiUra="134" who="1" fromWho="1" sc="250,-39,240,89,250,-20,250,-20" /><INIT seed="1,0,0,1,2,17" ten="211,329,230,230" oya="1" hai0="33,122,84,28,38,131,105,100,66,120,90,71,49" hai1="81,127,53,93,64,89,72,47,107,11,104,4,70" hai2="13,27,74,96,129,25,43,15,23,88,24,78,10" hai3="42,69,106,115,3,123,57,85,46,94,76,39,44"/><U117/><E117/><V8/><F129/><W132/><G123/><N who="0" m="47147" /><D38/><U91/><E127/><V119/><F119/><W97/><G115/><T134/><D131/><U112/><E112/><V55/><F74/><W103/><G69/><T14/><D134/><U54/><E64/><V0/><F0/><W126/><G132/><T6/><D49/><U63/><E70/><V98/><F78/><W118/><G126/><T9/><D100/><U109/><E109/><V32/><F32/><W86/><G118/><T80/><D105/><U67/><E72/><V114/><F114/><W108/><G3/><T124/><D124/><U19/><E81/><V59/><F43/><W125/><G125/><T111/><D111/><U99/><E19/><N who="2" m="10735" /><F88/><N who="1" m="33865" /><E47/><V83/><F83/><W116/><G44/><T48/><D48/><U18/><E4/><N who="2" m="3463" /><F10/><W79/><G116/><T135/><D135/><U95/><E107/><V36/><F36/><W30/><G108/><T77/><D77/><N who="3" m="29769" /><G106/><T130/><D130/><U51/><E104/><V26/><N who="2" m="6144" /><DORA hai="58" /><V12/><F12/><W20/><G86/><T62/><D33/><U56/><E99/><V101/><F101/><W41/><G85/><T37/><D37/><U21/><E11/><V1/><F1/><W5/><G41/><T7/><D7/><U52/><E51/><AGARI ba="0,0" hai="51,55,59,96,98" m="6144,3463,10735" machi="51" ten="40,2600,0" yaku="8,1,52,1" doraHai="17,58" who="2" fromWho="1" sc="211,0,329,-26,230,26,230,0" /><INIT seed="2,0,0,2,5,58" ten="211,303,256,230" oya="2" hai0="83,52,2,13,7,118,100,40,99,76,29,34,87" hai1="94,21,8,86,28,55,17,33,15,98,114,135,14" hai2="125,46,82,3,38,25,69,5,93,101,19,32,60" hai3="123,109,120,16,127,119,4,59,81,116,48,49,106"/><V134/><F125/><W27/><G106/><T121/><D121/><U39/><E39/><V24/><F134/><W90/><G4/><T88/><D118/><U11/><E114/><V18/><F82/><W26/><G127/><T1/><D40/><U79/><E135/><V47/><F3/><W45/><G109/><T0/><D34/><U117/><E117/><V95/><F5/><W73/><G73/><T102/><D29/><U35/><E55/><V10/><F32/><W92/><G116/><T96/><D52/><U68/><E68/><V70/><F101/><W53/><G81/><T71/><D71/><U57/><E57/><V113/><F10/><W43/><G119/><T104/><D76/><U112/><E112/><V66/><F113/><W64/><G64/><T74/><D74/><U75/><E75/><V20/><F38/><W111/><G111/><T62/><D62/><U72/><E72/><V37/><F37/><W23/><REACH who="3" step="1"/><G27/><REACH who="3" ten="211,303,256,220" step="2"/><T6/><REACH who="0" step="1"/><D13/><REACH who="0" ten="201,303,256,220" step="2"/><U78/><E14/><N who="2" m="9303" /><F66/><W42/><G42/><T80/><D80/><N who="1" m="47383" /><E15/><V51/><F24/><W12/><G12/><T22/><D22/><U107/><E33/><V126/><F25/><W133/><G133/><T61/><D61/><U50/><E35/><V124/><F60/><W91/><G91/><T63/><D63/><U132/><E132/><V97/><F126/><W130/><G130/><T77/><D77/><U115/><E79/><V128/><F124/><W44/><G44/><T110/><D110/><U41/><E115/><V84/><F46/><W36/><G36/><T30/><D30/><U122/><E28/><RYUUKYOKU ba="0,2" sc="201,15,303,-15,256,-15,220,15" hai0="0,1,2,6,7,83,87,88,96,99,100,102,104" hai3="16,23,26,43,45,48,49,53,59,90,92,120,123" /><INIT seed="3,1,2,5,5,0" ten="216,288,241,235" oya="3" hai0="17,87,107,100,105,33,10,93,95,121,110,65,134" hai1="34,85,118,64,112,114,60,106,23,82,3,91,2" hai2="73,129,4,94,76,122,16,69,20,81,24,83,53" hai3="71,29,109,30,58,38,28,128,84,39,133,132,63"/><W119/><G119/><T117/><D33/><U80/><E106/><V113/><F113/><W43/><G71/><T45/><D117/><U66/><E34/><V35/><F129/><W41/><G128/><T47/><D121/><U116/><E23/><V130/><F130/><W42/><G84/><T75/><D75/><U135/><E85/><V51/><F122/><W79/><G79/><T74/><D74/><U32/><E60/><V19/><F35/><W72/><G72/><T97/><D110/><U50/><E32/><V126/><F126/><W89/><G89/><N who="0" m="53439" /><D105/><U57/><E91/><V1/><F69/><W103/><G103/><T31/><D107/><U49/><E57/><V27/><F83/><W18/><G18/><T92/><D134/><AGARI ba="1,2" hai="2,3,49,50,64,66,80,82,112,114,116,118,134,135" machi="134" ten="25,1600,0" yaku="22,2" doraHai="0" who="1" fromWho="0" sc="216,-19,288,39,241,0,235,0" owari="197,-30.3,327,42.7,241,4.1,235,-16.5" /></mjloggm>