<mjloggm ver="2.3"><GO type="225" lobby="0"/><UN n0="%E3%81%82%E3%81%84%E3%81%82%E3%81%8A%E3%81%84" n1="%E5%B8%86%E7%AB%8B%E5%A4%8F%E8%A1%A3" n2="%E3%81%AF%E3%82%88%E3%81%8A%E3%81%98%E3%81%95%E3%82%93" n3="%E9%80%86%E9%80%A3%E5%B8%AF%E3%81%AE%E9%AC%BC" dan="18,17,16,16" rate="2200.00,2136.63,2166.69,2167.07" sx="M,M,M,M"/><TAIKYOKU oya="0"/><INIT seed="0,0,0,0,5,83" ten="250,250,250,250" oya="0" hai0="65,24,53,128,107,49,60,20,100,101,114,0,132" hai1="62,121,68,86,41,85,71,127,16,4,26,66,89" hai2="59,95,88,93,76,18,116,70,73,115,40,17,34" hai3="28,67,113,94,91,133,81,117,33,15,130,105,14"/><T56/><D114/><U123/><E127/><V131/><F70/><W52/><G113/><T125/><D125/><U75/><E75/><V32/><F115/><W96/><G117/><T21/><D0/><U112/><E112/><V39/><F59/><W72/><G133/><T22/><D132/><U12/><E41/><V55/><F55/><W3/><G130/><T61/><D128/><U7/><E71/><V119/><F131/><W126/><G3/><T38/><D38/><U104/><E104/><V64/><F64/><W25/><G126/><T92/><D107/><U10/><E86/><V135/><F135/><W111/><G111/><T13/><D13/><U80/><REACH who="1" step="1"/><E26/><REACH who="1" ten="250,240,250,250" step="2"/><V102/><F40/><W8/><G105/><T109/><D109/><U27/><E27/><V5/><F73/><W6/><G72/><T79/><D24/><U134/><E134/><V19/><F119/><W110/><G25/><T124/><D124/><U51/><E51/><V45/><F116/><W108/><G108/><T82/><D61/><U120/><AGARI ba="0,1" hai="4,7,10,12,16,62,66,68,80,85,89,120,121,123" machi="120" ten="30,7900,0" yaku="1,1,0,1,52,1,54,1,53,0" doraHai="83" doraHaiUra="90" who="1" fromWho="1" sc="250,-39,240,89,250,-20,250,-20" /><INIT seed="1,0,0,0,4,69" ten="211,329,230,230" oya="1" hai0="28,30,106,88,37,128,73,116,17,5,76,19,68" hai1="101,61,25,121,36,110,132,64,11,80,33,95,134" hai2="131,70,129,7,1,40,122,103,22,43,13,55,93" hai3="62,97,24,100,3,26,91,41,123,126,63,32,57"/><U21/><E121/><V67/><F122/><W4/><G126/><T8/><D116/><U2/><E80/><V115/><F115/><W109/><G109/><T92/><D106/><U35/><E95/><V124/><F124/><W58/><G123/><T111/><D68/><N who="1" m="41999" /><E101/><V77/><F77/><W98/><G41/><T42/><D111/><U75/><E75/><V66/><F1/><W135/><G135/><N who="1" m="51754" /><E110/><V65/><F70/><W118/><G91/><T15/><D128/><N who="2" m="49226" /><F55/><W56/><G100/><T6/><D6/><N who="1" m="1495" /><E36/><V27/><F13/><W108/><G108/><T113/><D113/><U86/><E86/><V125/><F7/><W48/><G4/><T99/><D76/><U81/><E81/><V133/><F125/><W34/><G3/><T49/><D73/><U89/><E89/><V83/><F83/><W130/><G130/><T79/><D79/><U45/><E45/><V85/><F133/><W104/><G104/><T87/><D37/><U53/><E53/><V59/><F59/><W60/><G48/><T84/><D87/><U9/><E9/><V114/><F114/><W20/><G98/><T14/><D99/><U54/><E54/><V102/><F102/><W112/><G97/><T39/><D39/><U52/><E52/><V47/><F47/><W12/><G112/><T96/><D96/><U127/><E127/><V78/><F103/><W117/><G117/><T71/><D71/><U16/><AGARI ba="0,0" hai="16,21,25,33,35" m="1495,51754,41999" machi="16" ten="30,3000,0" yaku="20,1,54,1" doraHai="69" who="1" fromWho="1" sc="211,-10,329,30,230,-10,230,-10" /><INIT seed="1,1,0,1,0,7" ten="201,359,220,220" oya="1" hai0="52,38,62,128,59,35,86,109,1,81,96,77,93" hai1="6,88,95,58,90,87,104,129,122,74,25,33,121" hai2="100,108,17,132,75,83,34,89,42,22,24,54,63" hai3="103,133,16,125,102,72,26,80,23,27,116,76,56"/><U49/><E129/><V47/><F108/><W31/><G116/><T114/><D109/><U57/><E74/><V70/><F132/><W105/><G133/><T61/><D128/><U106/><E6/><V99/><F34/><W134/><G134/><T78/><D114/><U69/><E69/><V101/><F70/><W97/><G125/><T67/><D35/><U112/><E112/><V29/><F29/><W46/><G103/><T51/><D38/><U10/><E33/><V28/><F28/><W111/><G111/><T79/><D1/><U39/><E39/><V13/><F13/><W43/><G56/><T123/><D123/><U14/><E25/><V19/><F19/><W117/><G117/><T113/><D113/><U18/><E90/><V30/><F30/><W124/><G124/><T36/><D36/><U15/><E15/><V68/><F75/><W3/><G3/><T85/><D85/><U131/><E58/><N who="2" m="35287" /><F68/><W115/><G115/><T20/><D20/><U44/><E57/><V48/><F83/><W0/><G0/><T45/><REACH who="0" step="1"/><D62/><REACH who="0" ten="191,359,220,220" step="2"/><U21/><E131/><V37/><F37/><W120/><G120/><T65/><D65/><U4/><E122/><V71/><F71/><W119/><G119/><T98/><D98/><U127/><E121/><V32/><F32/><W9/><G97/><T91/><AGARI ba="1,1" hai="45,51,52,59,61,67,77,78,79,81,86,91,93,96" machi="91" ten="20,12000,2" yaku="1,1,0,1,7,1,8,1,54,1,53,1" doraHai="7" doraHaiUra="53" who="0" fromWho="0" sc="191,133,359,-61,220,-31,220,-31" /><INIT seed="2,0,0,5,1,12" ten="324,298,189,189" oya="2" hai0="71,100,41,93,124,13,107,22,90,120,16,50,24" hai1="81,3,76,135,122,111,116,109,17,95,48,84,74" hai2="103,59,73,130,131,40,115,0,5,61,114,51,42" hai3="106,112,45,99,66,68,97,43,108,92,134,64,94"/><V53/><F73/><W91/><G112/><N who="2" m="43049" /><F103/><W39/><G134/><T58/><D71/><U117/><E3/><V36/><F5/><W87/><G108/><N who="1" m="41546" /><E135/><V7/><F7/><W21/><G106/><T96/><D120/><U27/><E122/><V38/><F0/><W65/><G68/><T57/><D124/><U83/><E95/><V11/><F11/><W127/><G127/><T133/><D133/><U102/><E102/><V8/><F8/><W19/><REACH who="3" step="1"/><G94/><REACH who="3" ten="324,298,189,179" step="2"/><T10/><D107/><U70/><E70/><V105/><F105/><W1/><G1/><T118/><D118/><U30/><E117/><V26/><F26/><AGARI ba="0,1" hai="19,21,26,39,43,45,64,65,66,87,91,92,97,99" machi="26" ten="40,8000,1" yaku="1,1,52,1,53,3" doraHai="12" doraHaiUra="62" who="3" fromWho="2" sc="324,0,298,0,189,-80,179,90" /><INIT seed="3,0,0,0,0,72" ten="324,298,109,269" oya="3" hai0="106,94,33,127,135,77,38,122,11,91,19,17,1" hai1="0,52,6,81,41,47,128,15,92,32,79,116,5" hai2="68,118,120,93,131,80,125,50,51,129,87,14,18" hai3="134,115,31,103,36,133,78,49,37,7,62,3,121"/><W23/><G121/><T126/><D122/><U97/><E116/><V102/><F120/><W4/><G115/><T45/><D106/><U10/><E128/><V108/><F68/><W117/><G117/><T42/><D33/><U26/><E0/><V70/><F118/><W67/><G103/><T99/><D135/><U28/><E6/><V76/><F70/><W30/><G49/><T71/><D71/><U16/><E5/><V119/><F119/><W130/><G130/><T57/><D77/><U112/><E112/><V40/><F131/><W101/><G101/><T60/><D1/><U2/><E2/><V44/><F129/><W85/><G37/><T107/><D107/><U105/><E105/><V75/><F108/><W12/><G36/><T20/><D11/><U63/><E63/><V24/><F125/><N who="0" m="47626" /><D20/><U58/><E58/><V100/><F24/><W54/><G3/><T104/><D104/><U39/><E52/><AGARI ba="0,0" hai="17,19,38,42,45,52,57,60,91,94,99" m="47626" machi="52" ten="30,2000,0" yaku="18,1,54,1" doraHai="72" who="0" fromWho="1" sc="324,20,298,-20,109,0,269,0" owari="344,44.4,278,7.8,109,-39.1,269,-13.1" /></mjloggm>