<mjloggm ver="2.3"><GO type="225" lobby="0"/><UN n0="%70%68%65%6E%6F%6D%65" n1="%E3%83%B4%E3%83%A0%EF%BC%99%E3%81%A6" n2="%45%6C%79%73%69%75%6D" n3="%E9%81%85%E5%88%BB%E3%81%AE%E3%83%97%E3%83%AA%E3%83%B3%E3%82%B9%E2%99%AA" dan="16,17,17,16" rate="2168.62,2193.25,2128.96,2172.70" sx="M,M,F,F"/><TAIKYOKU oya="0"/><INIT seed="0,0,0,5,4,91" ten="250,250,250,250" oya="0" hai0="109,10,117,52,77,79,126,103,7,59,22,32,83" hai1="48,84,9,87,78,98,123,37,61,31,88,112,75" hai2="51,122,49,17,39,43,115,92,40,97,120,27,71" hai3="23,89,6,18,64,110,5,135,4,28,42,36,116"/><T24/><D117/><U128/><E37/><V56/><F115/><W29/><G116/><T133/><D126/><U33/><E123/><V13/><F71/><W85/><G110/><T41/><D109/><U70/><E112/><V8/><F39/><W96/><G135/><T113/><D113/><U130/><E75/><V47/><F27/><W58/><G96/><T121/><D121/><U45/><E9/><V107/><F107/><W60/><G42/><T104/><D32/><U86/><E78/><V65/><F65/><W108/><G36/><T3/><D41/><U90/><E31/><V44/><REACH who="2" step="1"/><F56/><REACH who="2" ten="250,250,240,250" step="2"/><W99/><G108/><T35/><D133/><U94/><E33/><V63/><F63/><W66/><G66/><T129/><D35/><U125/><E125/><V62/><F62/><W101/><G29/><T127/><D127/><U14/><E61/><V81/><F81/><W55/><G28/><T118/><D83/><U102/><E70/><V69/><F69/><W54/><G64/><T80/><D80/><U100/><E130/><V16/><F16/><W57/><G57/><T50/><D129/><U38/><E128/><V73/><F73/><W11/><G58/><T25/><D118/><U30/><E38/><V67/><F67/><W72/><G72/><T111/><D111/><U134/><E30/><V119/><F119/><W106/><G60/><T15/><D25/><U68/><E68/><V114/><F114/><W19/><G19/><N who="0" m="10623" /><D24/><U0/><E134/><V93/><F93/><N who="3" m="54447" /><G11/><T2/><D2/><U26/><E0/><V53/><F53/><N who="3" m="19979" /><G18/><T1/><D1/><RYUUKYOKU ba="0,1" sc="250,10,250,-30,240,10,250,10" hai0="3,7,10,50,52,59,77,79,103,104" hai2="8,13,17,40,43,44,47,49,51,92,97,120,122" hai3="4,5,6,23,99,101,106" /><INIT seed="0,1,1,2,0,71" ten="260,220,250,260" oya="0" hai0="59,23,100,115,45,46,85,127,88,103,108,135,7" hai1="58,73,110,54,130,86,82,35,53,36,133,41,84" hai2="118,29,96,43,17,74,117,114,70,18,113,42,128" hai3="48,111,132,13,98,62,55,9,125,80,107,5,14"/><T61/><D115/><N who="2" m="44042" /><F70/><W12/><G111/><T87/><D127/><U57/><E110/><V77/><F29/><W4/><G125/><T49/><D108/><U78/><E35/><V64/><F64/><W79/><G132/><T124/><D124/><U19/><E133/><V32/><F32/><W0/><G5/><T83/><D135/><U106/><E106/><V91/><F128/><W75/><G62/><T72/><D72/><U50/><E130/><V69/><F69/><W39/><G39/><T66/><D7/><U126/><E126/><V2/><F2/><W34/><G34/><T16/><D87/><U52/><E53/><V21/><F17/><W92/><G107/><T90/><D90/><U25/><E41/><V22/><F22/><W1/><G1/><T63/><D63/><U121/><E36/><V101/><F91/><W8/><G8/><T6/><D6/><U11/><E121/><V20/><F20/><W89/><REACH who="3" step="1"/><G0/><REACH who="3" ten="260,220,250,250" step="2"/><T123/><D123/><U47/><E11/><V97/><F21/><W120/><G120/><T122/><D122/><U99/><E50/><V76/><F117/><W116/><G116/><T104/><D104/><U60/><E60/><V131/><F118/><W109/><G109/><T30/><D30/><U26/><E73/><V15/><F74/><W27/><G27/><N who="0" m="14823" /><D49/><U67/><E19/><V3/><F3/><W95/><G95/><T28/><D28/><U56/><E25/><V94/><F131/><W65/><G65/><T68/><D68/><U31/><E26/><V10/><F10/><W51/><G51/><T40/><D40/><RYUUKYOKU ba="1,2" sc="260,15,220,-15,250,-15,250,15" hai0="45,46,59,61,66,83,85,88,100,103" hai3="4,9,12,13,14,48,55,75,79,80,89,92,98" /><INIT seed="0,2,2,1,2,12" ten="275,205,235,265" oya="0" hai0="102,76,81,83,57,119,129,113,19,63,105,82,108" hai1="60,35,20,48,92,21,61,53,56,0,100,97,10" hai2="131,109,33,98,77,59,4,6,22,47,103,94,84" hai3="2,29,18,40,30,135,116,17,120,106,34,58,55"/><T28/><D113/><U9/><E35/><V13/><F33/><W3/><G106/><T31/><D119/><U88/><E100/><V44/><F109/><W93/><G116/><T50/><D129/><U69/><E69/><V112/><F112/><W11/><G34/><T96/><D108/><U70/><E70/><V65/><F131/><W114/><G114/><T118/><D118/><U62/><E0/><V27/><F77/><W42/><G120/><T86/><D50/><U37/><E37/><V66/><F84/><W121/><G121/><T80/><REACH who="0" step="1"/><D19/><REACH who="0" ten="265,205,235,265" step="2"/><U43/><E43/><V115/><F115/><W117/><G117/><T91/><D91/><U24/><E20/><V127/><F22/><W8/><G42/><T75/><D75/><U16/><AGARI ba="2,3" hai="9,10,16,21,24,48,53,56,60,61,62,88,92,97" machi="16" ten="30,8000,1" yaku="0,1,8,1,52,1,54,2" doraHai="12" who="1" fromWho="1" sc="265,-42,205,116,235,-22,265,-22" /><INIT seed="1,0,0,5,4,20" ten="223,321,213,243" oya="1" hai0="108,24,6,135,93,67,49,81,116,130,85,88,97" hai1="32,78,70,102,73,23,34,44,53,115,13,64,33" hai2="72,80,47,134,21,100,111,104,58,43,79,74,7" hai3="2,45,5,86,0,90,92,132,82,66,10,117,31"/><U42/><E115/><V96/><F111/><W112/><G112/><T91/><D108/><U103/><E53/><V105/><F134/><W124/><G132/><T56/><D135/><U54/><E54/><V127/><F127/><W4/><G124/><T89/><D116/><U71/><E78/><V11/><F21/><W57/><G117/><T30/><D130/><U83/><E83/><V121/><F58/><W8/><G31/><T18/><D6/><U25/><E13/><V106/><F72/><W99/><G45/><T129/><D18/><U12/><E12/><V51/><REACH who="2" step="1"/><F121/><REACH who="2" ten="223,321,203,243" step="2"/><W126/><G126/><T55/><D129/><U84/><E71/><V123/><F123/><W48/><G66/><T9/><D67/><U35/><E73/><V41/><F41/><W76/><G57/><T128/><D128/><U14/><E33/><V125/><F125/><W94/><G48/><T119/><D119/><U36/><E64/><V65/><F65/><W113/><G113/><T1/><D1/><AGARI ba="0,1" hai="1,7,11,43,47,51,74,79,80,96,100,104,105,106" machi="1" ten="30,3900,0" yaku="1,1,7,1,53,1" doraHai="20" doraHaiUra="98" who="2" fromWho="0" sc="223,-39,321,0,203,49,243,0" /><INIT seed="2,0,0,2,0,25" ten="184,321,252,243" oya="2" hai0="64,76,107,49,83,111,29,23,10,26,63,119,132" hai1="19,99,0,135,88,46,33,5,36,75,35,81,60" hai2="50,84,121,52,77,122,95,67,13,109,3,48,56" hai3="45,59,94,14,106,87,102,101,34,110,6,41,44"/><V43/><F3/><W70/><G70/><T89/><D107/><U133/><E60/><V40/><F109/><W38/><G34/><T115/><D111/><U108/><E108/><V104/><F104/><W27/><G110/><T128/><D115/><U51/><E36/><V18/><F67/><W20/><G106/><T62/><D128/><U69/><E69/><V112/><F112/><W57/><G45/><T11/><D132/><U2/><E19/><V72/><F72/><W85/><G14/><T78/><D119/><U32/><E75/><V54/><F121/><W65/><G6/><T79/><D49/><U21/><E21/><N who="2" m="11471" /><F122/><W100/><G65/><T129/><D129/><U73/><E73/><V53/><F53/><W30/><REACH who="3" step="1"/><G94/><REACH who="3" ten="184,321,252,233" step="2"/><T105/><D105/><U131/><E0/><V4/><F4/><W90/><G90/><T42/><D42/><U39/><E5/><V116/><F116/><W55/><G55/><T12/><D64/><U68/><E2/><V127/><F40/><W91/><G91/><T24/><D26/><U61/><E68/><V16/><F43/><W123/><G123/><T96/><D11/><U22/><E32/><V134/><F54/><W120/><G120/><T103/><D12/><U86/><E33/><V97/><F52/><W31/><G31/><T124/><D10/><U1/><E35/><V15/><F15/><W118/><G118/><T80/><D124/><U92/><E1/><V71/><F127/><W126/><G126/><T130/><D130/><U117/><E131/><V8/><F8/><W82/><G82/><N who="0" m="31275" /><D89/><U114/><E117/><RYUUKYOKU ba="0,1" sc="184,15,321,-15,252,-15,233,15" hai0="23,24,29,62,63,76,78,79,96,103" hai3="20,27,30,38,41,44,57,59,85,87,100,101,102" /><INIT seed="3,1,1,1,1,127" ten="199,306,237,248" oya="3" hai0="114,90,41,43,135,104,80,8,57,16,87,50,3" hai1="97,35,30,37,121,77,58,4,86,19,117,14,96" hai2="5,38,60,56,18,98,34,82,45,2,79,84,130" hai3="118,7,112,103,120,91,72,62,32,36,99,68,69"/><W102/><G112/><T28/><D114/><U24/><E37/><V126/><F34/><W113/><G113/><T70/><D70/><U108/><E121/><V75/><F126/><W51/><G118/><T124/><D124/><U23/><E117/><V11/><F130/><W59/><G36/><T39/><D135/><U17/><E108/><V52/><F98/><W134/><G120/><T111/><D111/><U110/><E110/><V131/><F131/><W100/><G72/><T33/><D104/><U12/><E4/><V0/><F18/><W48/><G32/><T93/><D39/><U73/><E73/><V76/><F76/><W95/><G134/><T132/><D132/><U63/><E86/><V129/><F129/><W22/><G7/><T67/><D3/><U83/><E83/><V9/><F9/><W89/><G22/><T25/><D93/><U44/><E44/><V106/><F106/><W116/><G116/><T49/><D50/><U85/><E85/><V54/><F75/><W46/><G91/><T21/><D8/><U65/><E77/><V109/><F109/><W88/><G89/><T78/><D78/><U71/><E71/><V92/><F92/><W26/><G26/><T10/><D10/><AGARI ba="1,1" hai="10,12,14,17,19,23,24,30,35,58,63,65,96,97" machi="10" ten="30,1000,0" yaku="7,1" doraHai="127" who="1" fromWho="0" sc="199,-13,306,23,237,0,248,0" owari="186,-31.4,329,42.9,237,-16.3,248,4.8" /></mjloggm>