<mjloggm ver="2.3"><GO type="225" lobby="0"/><UN n0="%70%68%65%6E%6F%6D%65" n1="%E5%B0%8F%E9%B3%A5%E9%81%8A%E7%B7%B4%E7%84%A1%32%31%E6%AD%B3" n2="%E3%81%AF%E3%82%88%E3%81%8A%E3%81%98%E3%81%95%E3%82%93" n3="%E3%83%97%E3%83%AC%E3%83%B4%E3%82%A1%E3%83%86%E3%82%A3" dan="16,16,17,16" rate="2119.43,2177.99,2221.55,2045.36" sx="M,F,M,F"/><TAIKYOKU oya="0"/><INIT seed="0,0,0,1,4,113" ten="250,250,250,250" oya="0" hai0="127,114,93,111,20,40,15,53,44,7,116,96,60" hai1="98,128,8,106,71,121,59,29,54,101,17,133,42" hai2="100,119,19,115,91,4,89,88,63,51,126,107,39" hai3="104,57,33,78,72,35,1,5,10,123,0,3,9"/><T75/><D114/><U81/><E71/><V79/><F115/><W16/><G123/><T55/><D127/><U48/><E121/><V66/><F39/><W43/><G104/><T131/><D131/><U92/><E128/><V30/><F126/><W105/><G105/><T124/><D124/><U6/><E133/><V87/><F119/><W11/><G57/><T18/><D75/><U25/><E42/><V21/><F4/><N who="3" m="1159" /><G43/><T73/><D73/><U32/><E17/><V134/><F134/><W69/><G78/><T109/><D116/><U46/><E81/><V45/><F30/><W130/><G72/><T13/><D15/><U76/><E76/><V49/><F100/><W122/><G69/><T36/><D7/><U23/><E106/><V83/><F107/><W74/><G74/><T52/><REACH who="0" step="1"/><D60/><REACH who="0" ten="240,250,250,250" step="2"/><U58/><E32/><N who="3" m="12362" /><G130/><T135/><D135/><U80/><REACH who="1" step="1"/><E80/><REACH who="1" ten="240,240,250,250" step="2"/><V129/><F129/><W50/><G122/><T31/><D31/><U102/><E102/><AGARI ba="0,2" hai="13,18,20,36,40,44,52,53,55,93,96,102,109,111" machi="102" ten="40,3900,0" yaku="1,1,54,1,53,0" doraHai="113" doraHaiUra="118" who="0" fromWho="1" sc="240,59,240,-39,250,0,250,0" /><INIT seed="0,1,0,4,4,90" ten="299,201,250,250" oya="0" hai0="115,89,41,119,78,83,105,99,91,3,20,50,125" hai1="47,60,33,95,53,127,23,96,13,97,25,63,42" hai2="82,4,111,76,110,22,114,87,44,118,9,85,104" hai3="124,77,18,29,14,106,109,101,98,40,11,134,21"/><T135/><D3/><U67/><E33/><V71/><F114/><W32/><G109/><T59/><D115/><U131/><E127/><V57/><F71/><W35/><G124/><T31/><D119/><U133/><E133/><V64/><F104/><W10/><G134/><T65/><D135/><U103/><E131/><V121/><F121/><W16/><G77/><T45/><D125/><U113/><E113/><V62/><F118/><W69/><G69/><T88/><D31/><U102/><E13/><V7/><F85/><W68/><G68/><T19/><D65/><U6/><E6/><V117/><F117/><W27/><G40/><T2/><D59/><U1/><E1/><V38/><F22/><W51/><G51/><T74/><D2/><U75/><E75/><V94/><F94/><W54/><G54/><T130/><D130/><U30/><E53/><V55/><F38/><W116/><G116/><T80/><D83/><U123/><E123/><V129/><F129/><W79/><G79/><T108/><D108/><N who="2" m="41514" /><F9/><W12/><AGARI ba="1,0" hai="10,11,12,14,16,18,21,27,29,32,35,98,101,106" machi="12" ten="30,4000,0" yaku="0,1,9,1,54,1" doraHai="90" who="3" fromWho="3" sc="299,-21,201,-11,250,-11,250,43" /><INIT seed="1,0,0,4,0,75" ten="278,190,239,293" oya="1" hai0="101,120,1,35,24,92,9,53,29,104,37,88,2" hai1="131,36,113,50,45,26,38,73,44,96,64,99,65" hai2="19,22,62,98,17,34,32,25,122,48,20,124,7" hai3="33,6,59,112,87,103,14,28,114,128,106,40,81"/><U31/><E113/><V70/><F122/><W0/><G0/><T109/><D120/><U76/><E131/><V121/><F121/><W90/><G128/><T21/><D109/><U30/><E50/><V13/><F124/><W51/><G33/><T97/><D37/><U42/><E26/><V74/><F74/><W79/><G28/><T52/><D35/><U67/><E73/><V123/><F123/><W41/><G41/><T133/><D133/><U91/><E91/><V72/><F72/><W4/><G59/><T12/><D2/><U132/><E132/><V10/><F98/><W134/><G134/><T86/><REACH who="0" step="1"/><D1/><REACH who="0" ten="268,190,239,293" step="2"/><U23/><E23/><V77/><F32/><W57/><G114/><T46/><D46/><U135/><E135/><V5/><F34/><W130/><G112/><T71/><D71/><U66/><N who="1" m="16384" /><DORA hai="69" /><U55/><E36/><V78/><F70/><W54/><G130/><T125/><D125/><U18/><E44/><V39/><F39/><W100/><G106/><T27/><D27/><U111/><E111/><V15/><F25/><W117/><G117/><T83/><D83/><U58/><E76/><V61/><F20/><W93/><G14/><T105/><D105/><U43/><E43/><V126/><F22/><W84/><G40/><T127/><D127/><U16/><E30/><V102/><F126/><W56/><REACH who="3" step="1"/><G57/><REACH who="3" ten="268,190,239,283" step="2"/><T95/><D95/><U108/><E108/><V119/><F15/><W68/><G68/><T3/><D3/><U82/><E31/><V94/><F119/><W110/><G110/><T11/><D11/><U116/><E116/><RYUUKYOKU ba="0,2" sc="268,15,190,-15,239,-15,283,15" hai0="9,12,21,24,29,52,53,86,88,92,97,101,104" hai3="4,6,51,54,56,79,81,84,87,90,93,100,103" /><INIT seed="2,1,2,5,5,78" ten="283,175,224,298" oya="2" hai0="89,29,130,3,33,39,24,27,135,68,113,93,125" hai1="81,66,9,35,53,107,120,6,96,98,41,57,134" hai2="110,87,121,69,14,7,11,16,75,100,91,58,32" hai3="116,17,77,61,88,73,71,23,50,132,64,122,44"/><V99/><F121/><W70/><G122/><T63/><D113/><U109/><E120/><V59/><F75/><W131/><G116/><T124/><D135/><U117/><E117/><V86/><F69/><W128/><G132/><T133/><D133/><U19/><E35/><V72/><F72/><W103/><G71/><T95/><D130/><N who="3" m="49705" /><G103/><T106/><D106/><U97/><E134/><V38/><F38/><W49/><G44/><T119/><D119/><U55/><E107/><V42/><F42/><W92/><G77/><T84/><D3/><U36/><E109/><V52/><F32/><W85/><G73/><T12/><D39/><U34/><E34/><V112/><F112/><W28/><G28/><T40/><D40/><U104/><E19/><V67/><F110/><W2/><G2/><T76/><D76/><U83/><E104/><V54/><F7/><W111/><G111/><T94/><D12/><AGARI ba="1,2" hai="12,17,23,49,50,61,64,70,85,88,92" m="49705" machi="12" ten="30,2000,0" yaku="19,1,54,1" doraHai="78" who="3" fromWho="0" sc="283,-23,175,0,224,0,298,43" /><INIT seed="3,0,0,5,4,89" ten="260,175,224,341" oya="3" hai0="94,1,48,62,33,97,76,118,134,99,95,69,110" hai1="73,100,96,51,57,84,102,82,124,26,72,68,16" hai2="50,0,78,129,22,8,30,98,55,77,108,42,109" hai3="67,115,2,49,12,83,4,91,114,54,52,120,9"/><W35/><G35/><T58/><D118/><U135/><E135/><V40/><F129/><W123/><G2/><T107/><D33/><U128/><E68/><V17/><F98/><W87/><G67/><T47/><D1/><U104/><E128/><V85/><F30/><W103/><G103/><T7/><D69/><U122/><E122/><V81/><F78/><W21/><G123/><T27/><D134/><U111/><E111/><N who="2" m="42571" /><F8/><W86/><G120/><T36/><D36/><U121/><E121/><V101/><F101/><W46/><G21/><T34/><D7/><U117/><E124/><V13/><F0/><W105/><G105/><T93/><D110/><U92/><E117/><V59/><AGARI ba="0,0" hai="13,17,22,40,42,50,55,59,77,81,85" m="42571" machi="59" ten="30,1100,0" yaku="14,1" doraHai="89" who="2" fromWho="2" sc="260,-3,175,-3,224,11,341,-5" owari="257,5.7,172,-32.8,235,-16.5,336,43.6" /></mjloggm>