<mjloggm ver="2.3"><GO type="225" lobby="0"/><UN n0="%E6%A0%B9%E5%85%83%E3%81%8B%E3%82%89%E5%90%B9%E3%81%A3%E9%A3%9B%E3%81%B6" n1="%4C%4F%4C%49%54%41" n2="%48%61%61%61%6C%61%6E%64" n3="%72%61%6B%33" dan="17,16,18,16" rate="2198.62,2143.89,2244.46,2106.19" sx="F,F,M,M"/><TAIKYOKU oya="0"/><INIT seed="0,0,0,5,2,19" ten="250,250,250,250" oya="0" hai0="112,10,105,33,89,29,130,42,108,84,119,80,39" hai1="117,121,48,30,106,59,133,78,40,90,118,74,81" hai2="62,3,127,116,67,47,44,57,70,111,91,101,5" hai3="1,83,92,110,43,50,68,13,23,93,129,26,27"/><T120/><D112/><U12/><E121/><V94/><F111/><W109/><G1/><T0/><D119/><U132/><E106/><V79/><F116/><W15/><G68/><T71/><D120/><U45/><E30/><V86/><F127/><W60/><G60/><T131/><D71/><U49/><E90/><V85/><F101/><W16/><G83/><T126/><D126/><U20/><E49/><V134/><F134/><N who="1" m="51817" /><E59/><V76/><F70/><W21/><G129/><T7/><D105/><U77/><E77/><V56/><F56/><W122/><G122/><T124/><D108/><N who="3" m="41577" /><G43/><T35/><D124/><U66/><E66/><V82/><F79/><W65/><G50/><T64/><D64/><U14/><E14/><N who="3" m="5130" /><G65/><T22/><D42/><U38/><E48/><V17/><F76/><W87/><G87/><T31/><D39/><U36/><E38/><V104/><F86/><W98/><G98/><T37/><D37/><U103/><E103/><V28/><F67/><W34/><G34/><T99/><D99/><U96/><E96/><V135/><F135/><W46/><G46/><T52/><D35/><U53/><E53/><V95/><F47/><W58/><G58/><T107/><D52/><U9/><E9/><V11/><F44/><W63/><G63/><T24/><D107/><U6/><E6/><V114/><F104/><W128/><G128/><N who="0" m="49195" /><D33/><U123/><E123/><V125/><F125/><W41/><G41/><T97/><D97/><U18/><AGARI ba="0,0" hai="12,18,20,36,40,45,74,78,81,117,118" m="51817" machi="18" ten="30,2000,0" yaku="20,1,52,1" doraHai="19" who="1" fromWho="1" sc="250,-10,250,20,250,-5,250,-5" /><INIT seed="1,0,0,2,2,2" ten="240,270,245,245" oya="1" hai0="84,105,26,3,55,134,27,95,67,57,42,85,29" hai1="43,117,125,19,10,133,36,11,24,118,90,113,31" hai2="132,121,41,112,56,32,102,33,126,128,72,53,52" hai3="101,22,7,127,79,110,108,83,38,81,46,16,131"/><U129/><E36/><V130/><F121/><W66/><G127/><T58/><D105/><U115/><E43/><V91/><F126/><W89/><G131/><N who="2" m="50217" /><F132/><W62/><G101/><T34/><D134/><U35/><E129/><V98/><F112/><N who="1" m="43081" /><E90/><V75/><F91/><W70/><G89/><T124/><D3/><U37/><E37/><V77/><F41/><N who="3" m="22839" /><G79/><T109/><D109/><N who="3" m="42089" /><G7/><T9/><D124/><U18/><E133/><V93/><F77/><W13/><AGARI ba="0,0" hai="13,16,22,62,66,70,81,83" m="42089,22839" machi="13" ten="30,2000,0" yaku="14,1,54,1" doraHai="2" who="3" fromWho="3" sc="240,-5,270,-10,245,-5,245,20" /><INIT seed="2,0,0,0,5,63" ten="235,260,240,265" oya="2" hai0="114,56,37,23,133,27,25,54,62,76,19,49,132" hai1="119,2,100,111,51,120,75,10,115,74,31,7,45" hai2="44,24,131,117,32,47,113,52,116,50,64,9,109" hai3="20,87,126,101,98,118,11,15,127,104,129,43,124"/><V83/><F113/><W35/><G35/><T46/><D114/><U58/><E115/><V135/><F131/><W22/><G129/><T121/><D121/><U71/><E71/><V97/><F135/><N who="0" m="51786" /><D76/><U123/><E119/><V67/><F109/><W17/><G118/><T61/><D37/><U108/><E100/><V16/><F116/><W5/><G43/><T80/><D80/><U30/><E58/><N who="2" m="33047" /><F32/><W92/><G87/><T4/><D4/><U134/><E134/><V125/><F125/><W78/><G78/><T86/><D86/><U95/><E95/><V65/><F117/><W41/><G41/><T68/><D68/><U36/><E31/><V39/><F39/><W13/><REACH who="3" step="1"/><G20/><REACH who="3" ten="235,260,240,255" step="2"/><N who="0" m="13471" /><D46/><U79/><E45/><V89/><F44/><W57/><G57/><T88/><D88/><U81/><E120/><V42/><F47/><W53/><G53/><T90/><D90/><U102/><E123/><V130/><F130/><W48/><G48/><T72/><D72/><U107/><E74/><V93/><F42/><W26/><G26/><T77/><D77/><U18/><E51/><V28/><F24/><W14/><G14/><T94/><D62/><U112/><E75/><V73/><F73/><W1/><G1/><T40/><D40/><U33/><E79/><V12/><F83/><W70/><G70/><T38/><D38/><U91/><E36/><V82/><F82/><W105/><AGARI ba="0,1" hai="5,11,13,15,17,22,92,98,101,104,105,124,126,127" machi="105" ten="40,8000,1" yaku="1,1,0,1,18,1,53,2" doraHai="63" doraHaiUra="103" who="3" fromWho="3" sc="235,-20,260,-20,240,-40,255,90" /><INIT seed="3,0,0,4,3,39" ten="215,240,200,345" oya="3" hai0="73,45,115,23,21,124,98,8,117,24,46,31,113" hai1="25,102,108,74,17,9,15,114,127,93,95,1,16" hai2="58,135,129,89,51,37,4,80,55,125,110,32,126" hai3="52,103,75,81,134,66,3,36,83,109,133,60,54"/><W111/><G3/><T70/><D73/><U33/><E114/><N who="0" m="43529" /><D70/><U130/><E74/><V57/><F32/><W128/><G128/><T105/><D124/><N who="2" m="47722" /><F4/><W100/><G36/><T59/><D8/><U86/><E127/><V35/><F35/><W101/><G54/><T71/><D71/><U50/><E1/><V42/><F129/><W38/><G52/><T116/><D59/><U11/><E108/><N who="3" m="41546" /><G38/><T132/><D132/><N who="3" m="50793" /><G75/><T47/><D23/><U112/><E130/><V90/><F110/><W53/><G53/><T123/><D123/><U97/><E33/><V2/><F2/><W67/><G67/><T65/><D65/><U69/><E50/><V7/><F135/><W10/><G10/><T107/><D107/><U118/><E11/><V12/><F57/><AGARI ba="0,0" hai="57,60,66,81,83,100,101,103" m="50793,41546" machi="57" ten="40,7700,0" yaku="14,1,10,1,20,1" doraHai="39" who="3" fromWho="2" sc="215,0,240,0,200,-77,345,77" owari="215,-18.5,240,4.0,123,-37.7,422,52.2" /></mjloggm>