<mjloggm ver="2.3"><GO type="225" lobby="0"/><UN n0="%E3%83%B4%E3%83%A0%EF%BC%99%E3%81%A6" n1="%73%61%6E%64%69%72%69%73" n2="%E6%97%A5%E6%9B%9C%E6%97%A5%E3%82%88%E3%82%8A%E3%81%AE%E4%BD%BF%E8%80%85" n3="%E8%81%B7%E6%A5%AD%E3%80%81%E9%A2%A8%32" dan="17,16,17,16" rate="2209.96,2154.56,2156.78,2110.38" sx="M,M,M,M"/><TAIKYOKU oya="0"/><INIT seed="0,0,0,0,5,46" ten="250,250,250,250" oya="0" hai0="73,100,131,121,24,38,40,8,79,18,114,32,105" hai1="55,119,33,98,126,39,31,124,69,56,43,88,49" hai2="41,34,110,127,21,134,106,90,108,3,128,113,95" hai3="22,91,28,112,97,14,25,1,78,58,84,0,30"/><T62/><D114/><U37/><E119/><V107/><F34/><W80/><G112/><T85/><D121/><U47/><E69/><V125/><F3/><W102/><G30/><T130/><D73/><U6/><E6/><V77/><F41/><W50/><G14/><T135/><D135/><U10/><E10/><V17/><F113/><W103/><G103/><T29/><D38/><U27/><REACH who="1" step="1"/><E39/><REACH who="1" ten="250,240,250,250" step="2"/><V7/><F7/><W118/><G118/><T60/><D8/><U53/><E53/><V93/><F134/><W35/><G1/><T129/><D129/><U23/><E23/><V87/><F128/><W123/><G0/><T89/><D131/><U116/><E116/><V72/><F21/><W2/><G2/><T44/><D130/><U66/><E66/><V12/><F127/><W48/><G35/><T76/><D32/><U11/><E11/><V36/><F125/><W52/><G123/><T109/><D40/><U111/><E111/><V13/><F110/><W4/><G4/><T26/><D109/><U45/><E45/><V99/><F108/><W9/><G9/><T51/><D44/><U133/><E133/><V122/><F36/><W70/><G70/><T5/><D5/><U81/><E81/><N who="2" m="45223" /><F122/><W61/><REACH who="3" step="1"/><G78/><REACH who="3" ten="250,240,250,240" step="2"/><T96/><D76/><U71/><E71/><V101/><F12/><W59/><G59/><T92/><D79/><U82/><E82/><V54/><F13/><W75/><G75/><T115/><D115/><U132/><E132/><V57/><F17/><W86/><G86/><T16/><D85/><U94/><AGARI ba="0,2" hai="27,31,33,37,43,47,49,55,56,88,94,98,124,126" machi="94" ten="30,7900,0" yaku="1,1,0,1,52,1,54,1,53,0" doraHai="46" doraHaiUra="67" who="1" fromWho="1" sc="250,-39,240,99,250,-20,240,-20" /><INIT seed="1,0,0,1,2,22" ten="211,339,230,220" oya="1" hai0="57,117,122,109,4,98,5,14,85,40,39,119,30" hai1="38,26,100,43,132,126,17,134,42,53,123,45,24" hai2="27,49,58,135,3,47,94,108,64,133,52,97,36" hai3="114,110,62,70,54,120,2,21,84,83,124,90,7"/><U91/><E123/><V6/><F108/><W111/><G120/><T116/><D122/><U69/><E69/><V67/><F6/><W93/><G114/><T9/><D109/><N who="3" m="41481" /><G124/><T118/><N who="0" m="29696" /><DORA hai="89" /><T92/><D30/><U68/><E68/><V60/><F3/><W18/><G7/><T71/><D71/><U113/><E113/><V127/><F127/><W87/><G2/><T12/><D85/><U28/><E126/><V15/><F36/><W20/><G18/><T56/><D40/><U106/><E43/><V65/><F15/><W61/><G61/><T78/><D78/><U0/><E0/><V10/><F10/><W130/><G130/><T48/><D48/><U80/><E53/><V37/><F37/><W44/><G44/><T86/><D86/><N who="1" m="50631" /><E17/><V82/><F82/><W107/><G107/><T77/><D77/><U33/><E33/><V1/><F1/><W35/><G35/><T46/><D39/><U112/><E28/><V73/><F73/><W55/><G55/><T32/><D32/><U104/><E104/><V19/><F135/><N who="1" m="51753" /><E112/><V102/><F133/><W128/><G128/><T79/><D79/><U101/><E106/><V66/><F19/><W131/><G131/><T88/><D46/><U34/><E34/><V72/><F72/><W63/><G54/><T75/><D75/><U99/><E99/><V41/><N who="2" m="16384" /><DORA hai="103" /><V31/><F31/><W29/><G70/><T50/><D50/><U95/><E38/><V59/><F59/><W125/><G125/><T105/><D105/><U51/><E51/><V76/><F76/><N who="3" m="46183" /><G29/><T25/><D56/><RYUUKYOKU ba="0,0" sc="211,-15,339,-15,230,15,220,15" hai2="27,41,47,49,52,58,60,94,97,102" hai3="20,21,62,63,87,90,93" /><INIT seed="2,1,0,2,0,124" ten="196,324,245,235" oya="2" hai0="130,76,21,40,4,97,77,31,0,89,87,104,34" hai1="55,28,127,103,121,70,107,110,14,3,105,57,49" hai2="90,1,27,42,11,68,35,117,32,134,50,19,109" hai3="43,120,119,111,86,66,2,94,74,100,79,83,44"/><V64/><F117/><W116/><G111/><T71/><D34/><U96/><E3/><V56/><F68/><W92/><G2/><T72/><D71/><U98/><E110/><V108/><F134/><W47/><G120/><T75/><D40/><U67/><E127/><V22/><F90/><W131/><G66/><T73/><D21/><U102/><E121/><V78/><F78/><N who="0" m="30314" /><D4/><U18/><E28/><V53/><F64/><W48/><G74/><T123/><D31/><U63/><E18/><V24/><F42/><W125/><G125/><T59/><D59/><U99/><E99/><V12/><F27/><W30/><G30/><T39/><D39/><U6/><E14/><V58/><F35/><W126/><G126/><T132/><D0/><U135/><E6/><N who="2" m="1487" /><F58/><W122/><G122/><T95/><D123/><U84/><E84/><V133/><F133/><AGARI ba="1,0" hai="49,55,57,63,67,70,96,98,102,103,105,107,133,135" machi="133" ten="40,1300,0" yaku="9,1" doraHai="124" who="1" fromWho="2" sc="196,0,324,16,245,-16,235,0" /><INIT seed="3,0,0,0,2,35" ten="196,340,229,235" oya="3" hai0="85,111,120,41,45,96,74,16,135,10,59,76,128" hai1="28,63,21,53,80,75,84,14,81,116,87,106,103" hai2="83,95,100,78,124,49,38,99,107,32,79,97,36" hai3="102,123,86,27,23,62,24,22,71,119,18,40,48"/><W108/><G123/><T12/><D120/><U127/><E75/><V33/><F124/><W88/><G119/><T132/><D111/><U46/><E106/><V101/><F49/><W37/><G37/><T73/><D128/><U67/><E103/><V31/><F79/><W98/><G108/><T60/><D96/><U105/><E105/><V118/><F118/><W4/><G4/><T52/><D85/><U68/><E127/><V66/><F66/><W34/><G34/><T30/><D30/><U51/><E116/><V65/><F65/><W1/><G1/><T112/><D112/><U131/><E131/><V5/><F5/><W43/><G48/><N who="0" m="26671" /><D76/><U109/><E109/><V44/><F44/><W130/><G98/><T50/><D60/><U29/><E14/><V54/><F33/><W72/><G72/><T129/><D129/><U77/><E21/><V11/><F11/><W0/><G62/><T26/><D26/><U70/><E70/><V25/><F54/><W89/><G130/><T93/><D93/><U47/><E47/><V133/><F133/><AGARI ba="0,0" hai="10,12,16,50,52,59,73,74,132,133,135" m="26671" machi="133" ten="30,3900,0" yaku="20,1,54,2" doraHai="35" who="0" fromWho="2" sc="196,39,340,0,229,-39,235,0" owari="235,3.5,340,44.0,190,-31.0,235,-16.5" /></mjloggm>