<mjloggm ver="2.3"><GO type="225" lobby="0"/><UN n0="%E3%81%9F%E3%81%93%E2%98%86%E7%84%BC%E3%81%8D" n1="%E3%82%82%E3%81%90%E3%82%89" n2="%E3%81%8B%E3%82%8F%E3%81%A1%E3%82%83%E3%82%93%35%38" n3="%E9%80%9F%E6%B0%B4%E5%87%9B%E9%A6%99" dan="16,16,16,16" rate="2074.31,2214.80,2132.45,2126.45" sx="M,M,M,F"/><TAIKYOKU oya="0"/><INIT seed="0,0,0,3,5,81" ten="250,250,250,250" oya="0" hai0="56,14,116,121,88,37,111,31,0,38,64,105,84" hai1="60,98,110,72,83,117,78,86,22,62,82,46,75" hai2="128,134,96,54,33,94,95,4,100,109,52,76,10" hai3="15,71,101,40,44,25,43,5,119,123,19,135,87"/><T26/><D105/><U102/><E117/><V73/><F33/><W129/><G119/><T68/><D116/><U6/><E110/><V120/><F120/><W90/><G71/><T55/><D0/><U126/><E126/><V42/><F109/><W35/><G135/><T133/><D121/><U32/><E32/><V58/><F134/><W63/><G129/><T125/><D125/><U127/><E127/><V39/><F128/><W61/><G101/><T124/><D124/><U51/><E6/><V91/><F73/><W49/><G43/><T11/><D64/><U108/><E22/><V1/><F76/><W3/><G3/><T53/><D68/><U41/><E108/><V34/><F34/><W131/><G131/><T50/><D55/><U67/><E83/><V8/><F8/><N who="3" m="4495" /><G35/><T70/><D70/><U13/><E13/><V113/><F113/><W65/><G65/><T74/><D74/><U80/><E67/><V18/><F18/><W66/><G66/><T23/><D133/><U28/><E28/><V77/><F77/><W114/><G114/><T16/><D111/><U85/><E75/><V104/><F104/><W122/><G122/><T57/><D56/><U12/><E12/><V112/><F112/><W118/><G118/><T21/><D11/><U9/><E9/><V99/><REACH who="2" step="1"/><F58/><REACH who="2" ten="250,250,240,250" step="2"/><W92/><G123/><T30/><D30/><U69/><E72/><V7/><F7/><W27/><G19/><T20/><REACH who="0" step="1"/><D23/><REACH who="0" ten="240,250,240,250" step="2"/><U106/><E69/><V79/><F79/><AGARI ba="0,2" hai="41,46,51,60,62,78,79,80,82,85,86,98,102,106" machi="79" ten="30,7700,0" yaku="7,1,9,1,52,2" doraHai="81" who="1" fromWho="2" sc="240,0,250,97,240,-77,250,0" /><INIT seed="1,0,0,1,5,126" ten="240,347,163,250" oya="1" hai0="80,33,102,12,98,108,50,119,51,135,104,121,124" hai1="28,127,73,130,55,93,65,125,48,38,133,8,40" hai2="118,24,54,7,30,18,74,31,112,71,86,88,59" hai3="70,90,49,26,4,96,5,2,47,63,110,3,21"/><U114/><E114/><V103/><F118/><W43/><G70/><T123/><D119/><U17/><E73/><V37/><F112/><W19/><G110/><T9/><D33/><U117/><E117/><V6/><F71/><W78/><G78/><T83/><D124/><N who="1" m="47691" /><E133/><V23/><F103/><W13/><G2/><T10/><D108/><U89/><E65/><V27/><F37/><W32/><G32/><T99/><D99/><U132/><E28/><V36/><F36/><W134/><G134/><T22/><D22/><U77/><E77/><V45/><F45/><W64/><G3/><T84/><D9/><U115/><E132/><V1/><F74/><W92/><REACH who="3" step="1"/><G13/><REACH who="3" ten="240,347,163,240" step="2"/><T107/><D135/><U56/><E115/><V68/><F68/><W46/><G46/><T116/><D12/><N who="1" m="7303" /><E38/><V61/><F1/><W111/><G111/><T81/><D116/><U25/><E25/><V20/><REACH who="2" step="1"/><F31/><REACH who="2" ten="240,347,153,240" step="2"/><W34/><G34/><T15/><D123/><U42/><E130/><V62/><F62/><W14/><G14/><T11/><D15/><U44/><E44/><V100/><F100/><W129/><G129/><T97/><D102/><U69/><E69/><V29/><F29/><W0/><G0/><T85/><D121/><U87/><AGARI ba="0,2" hai="40,42,48,55,56,87,89,93" m="7303,47691" machi="87" ten="30,1500,0" yaku="18,1" doraHai="126" who="1" fromWho="1" sc="240,-5,347,35,153,-5,240,-5" /><INIT seed="1,1,0,5,0,0" ten="235,382,148,235" oya="1" hai0="46,27,50,76,21,29,88,99,134,92,5,98,83" hai1="60,85,132,82,127,114,133,81,40,78,68,131,118" hai2="41,52,10,90,75,102,105,113,48,13,2,70,96" hai3="111,84,9,16,28,101,135,24,44,20,74,56,39"/><U110/><E118/><V26/><F113/><W91/><G74/><T61/><D134/><U77/><E114/><V129/><F129/><W64/><G135/><N who="1" m="51786" /><E40/><V103/><F70/><W116/><G111/><T93/><D61/><U121/><E60/><V104/><F75/><W107/><G101/><T38/><D38/><U65/><E65/><V94/><F2/><W125/><G125/><T72/><D5/><U120/><E68/><V55/><F41/><W109/><G107/><T54/><REACH who="0" step="1"/><D93/><REACH who="0" ten="225,382,148,235" step="2"/><U123/><E127/><V32/><F105/><W34/><G39/><T63/><D63/><U51/><E51/><V11/><F104/><W87/><G116/><T36/><D36/><U3/><E131/><V80/><F48/><W71/><G109/><T108/><D108/><U62/><E62/><V22/><F32/><W31/><G71/><T119/><D119/><U69/><E69/><V23/><F102/><W115/><G115/><T35/><D35/><U130/><E110/><V112/><F112/><W49/><G34/><T117/><D117/><U15/><E130/><V30/><F103/><W100/><G100/><T106/><D106/><U58/><E123/><V53/><REACH who="2" step="1"/><F80/><REACH who="2" ten="225,382,138,235" step="2"/><N who="3" m="49543" /><G49/><T67/><D67/><U14/><E82/><V47/><F47/><W25/><G44/><T45/><D45/><U7/><E81/><V8/><F8/><W33/><G64/><T42/><D42/><U6/><E121/><V97/><F97/><AGARI ba="1,2" hai="21,27,29,46,50,54,72,76,83,88,92,97,98,99" machi="97" ten="30,3900,0" yaku="1,1,7,1,54,1,53,0" doraHai="0" doraHaiUra="124" who="0" fromWho="2" sc="225,62,382,0,138,-42,235,0" /><INIT seed="2,0,0,0,0,128" ten="287,382,96,235" oya="2" hai0="57,29,72,21,119,122,110,33,104,12,92,64,13" hai1="5,49,61,46,69,82,42,133,58,44,27,123,6" hai2="73,54,35,23,117,112,8,121,2,37,11,50,15" hai3="55,62,17,41,76,135,22,38,28,71,25,124,115"/><V97/><F112/><W0/><G0/><T101/><D104/><U96/><E69/><V129/><F121/><W77/><G124/><T94/><D72/><U7/><E123/><V113/><F117/><W68/><G115/><T107/><D33/><U75/><E133/><V45/><F113/><W9/><G41/><T18/><D29/><U14/><E27/><V102/><F35/><W19/><G38/><T56/><D110/><U118/><E118/><V3/><F73/><W100/><G100/><T105/><D122/><U109/><E109/><V91/><F129/><W88/><G71/><T80/><D80/><U24/><E24/><V78/><F78/><W98/><G135/><T20/><D101/><U89/><E46/><V93/><F37/><W125/><G125/><T53/><D64/><N who="1" m="38967" /><E75/><V134/><F134/><W43/><G43/><T114/><D114/><U127/><E127/><V103/><F3/><W63/><G68/><T74/><D74/><U65/><E65/><V4/><REACH who="2" step="1"/><F23/><REACH who="2" ten="287,382,86,235" step="2"/><W132/><G132/><T90/><D21/><U95/><E82/><V36/><F36/><W83/><G83/><T85/><D20/><U47/><E47/><V26/><F26/><W108/><G108/><T106/><D119/><U131/><E131/><V1/><F1/><W84/><G25/><T31/><D12/><AGARI ba="0,1" hai="5,6,7,12,14,42,44,49,89,95,96" m="38967" machi="12" ten="30,1000,0" yaku="8,1" doraHai="128" who="1" fromWho="0" sc="287,-10,382,20,86,0,235,0" /><INIT seed="3,0,0,4,4,68" ten="277,402,86,235" oya="3" hai0="107,104,73,23,2,122,111,87,69,131,51,110,17" hai1="126,89,28,42,103,102,33,82,12,92,91,98,5" hai2="132,72,130,127,8,76,11,120,95,63,93,113,54" hai3="56,58,85,135,47,80,24,78,84,39,101,0,3"/><W4/><G135/><T30/><D2/><U105/><E126/><V50/><F63/><W74/><G101/><N who="1" m="38410" /><E33/><V36/><F50/><W100/><G100/><T61/><D73/><U22/><E105/><V81/><F54/><W64/><G24/><T86/><D30/><U66/><E42/><V97/><F127/><W19/><G19/><T133/><D133/><U123/><E123/><V90/><F132/><W53/><G64/><T20/><D51/><U43/><E43/><V18/><F18/><W41/><G56/><T25/><D61/><U96/><E66/><V94/><F94/><W115/><G115/><T67/><D69/><U65/><E65/><V46/><F81/><W109/><G109/><T128/><D67/><U118/><E118/><V71/><F71/><W35/><G35/><T48/><D48/><U14/><E5/><V88/><F72/><W112/><G112/><T59/><D59/><U1/><E1/><V10/><F10/><N who="3" m="2311" /><G3/><T16/><D25/><N who="1" m="16439" /><E98/><V83/><F113/><W9/><G9/><T134/><D134/><U70/><E70/><V31/><F31/><W106/><G106/><T52/><D122/><U125/><E125/><V119/><F119/><W121/><G121/><T6/><D6/><U38/><E12/><V15/><F120/><W124/><G124/><T34/><D34/><U114/><E14/><V26/><F26/><W44/><G44/><T60/><D60/><AGARI ba="0,0" hai="39,41,47,53,58,60,74,78,80,84,85" m="2311" machi="60" ten="30,2900,0" yaku="25,1,52,1" doraHai="68" who="3" fromWho="0" sc="277,-29,402,0,86,0,235,29" /><INIT seed="3,1,0,3,5,63" ten="248,402,86,264" oya="3" hai0="86,51,92,98,129,32,82,135,42,101,14,2,115" hai1="29,106,25,58,19,79,72,114,121,73,93,10,85" hai2="36,20,47,7,38,113,94,90,83,43,133,76,22" hai3="88,70,8,21,104,54,55,105,15,37,111,119,122"/><W65/><G37/><T62/><D2/><U64/><E106/><V40/><F133/><W112/><G119/><T80/><D32/><U1/><E121/><V77/><F94/><W26/><G112/><T44/><D129/><U69/><E69/><V97/><F97/><W123/><G105/><T91/><D135/><U57/><E57/><V53/><F113/><W125/><G104/><T48/><D115/><U33/><E114/><V102/><F47/><W11/><G11/><T68/><D82/><U116/><E116/><V18/><F83/><W87/><G125/><T28/><D28/><U56/><E56/><V89/><F7/><W23/><G23/><T6/><D48/><U13/><E1/><V124/><F124/><W99/><G99/><T49/><D51/><U45/><E45/><V3/><F3/><W17/><G111/><T109/><D109/><U126/><E126/><V107/><F107/><W100/><G100/><T46/><D44/><U0/><E0/><V50/><F50/><W9/><G9/><N who="0" m="4407" /><D68/><U127/><E127/><V130/><F130/><W52/><G70/><T12/><D12/><U41/><E41/><V81/><F81/><N who="3" m="49263" /><G123/><T128/><D128/><U5/><E93/><V118/><F118/><W134/><G122/><T108/><D108/><U16/><E73/><V75/><F75/><W71/><G71/><T24/><D24/><U74/><E72/><V39/><F39/><W30/><G134/><T60/><AGARI ba="1,0" hai="42,46,49,60,62,80,86,91,92,98,101" m="4407" machi="60" ten="30,1100,0" yaku="8,1" doraHai="63" who="0" fromWho="0" sc="248,14,402,-4,86,-4,264,-6" owari="262,6.2,398,49.8,82,-41.8,258,-14.2" /></mjloggm>