<mjloggm ver="2.3"><GO type="225" lobby="0"/><UN n0="%E3%82%A2%E3%83%BC%E3%83%A2%E3%83%AD%E3%83%BC%E3%83%B4%E3%82%A1" n1="%E3%82%BC%E3%83%AB%E3%83%80%E3%81%AE%E4%BC%9D%E8%AA%AC" n2="%E6%A1%9C%E8%8A%B1%E9%96%83%E3%80%85" n3="%E3%81%99%E3%81%84%E3%81%BE%E3%81%9B%E3%83%BC%E3%82%93" dan="16,16,16,16" rate="2190.36,2209.29,2114.24,2161.75" sx="M,M,M,M"/><TAIKYOKU oya="0"/><INIT seed="0,0,0,4,3,89" ten="250,250,250,250" oya="0" hai0="120,96,66,129,69,7,35,56,15,83,29,77,45" hai1="116,125,104,50,24,11,4,70,2,80,62,107,30" hai2="74,17,111,40,43,99,14,81,12,22,1,26,32" hai3="19,16,73,53,28,65,127,93,67,121,95,117,5"/><T126/><D120/><U118/><E50/><V113/><F113/><W57/><G117/><N who="1" m="45162" /><E80/><V82/><F111/><W54/><G73/><T134/><D69/><U115/><E115/><V91/><F1/><W34/><G121/><T135/><D96/><U88/><E88/><V0/><F0/><W49/><G127/><T86/><D45/><U6/><E4/><V44/><F32/><W92/><G5/><T87/><D126/><U76/><E76/><V68/><F68/><W106/><G106/><T72/><D7/><U98/><E98/><V90/><F74/><W3/><G3/><T55/><D66/><N who="3" m="25097" /><G28/><T130/><D29/><U48/><E48/><N who="2" m="26631" /><F43/><W46/><G34/><T131/><D35/><N who="1" m="20935" /><E125/><V38/><F38/><W105/><G105/><T63/><REACH who="0" step="1"/><D15/><REACH who="0" ten="240,250,250,250" step="2"/><U102/><E102/><V13/><F99/><W75/><G75/><T124/><D124/><U18/><E18/><N who="3" m="6698" /><G54/><T132/><AGARI ba="0,1" hai="55,56,63,72,77,83,86,87,129,130,131,132,134,135" machi="132" ten="40,12000,1" yaku="1,1,0,1,19,1,20,1,53,0" doraHai="89" doraHaiUra="23" who="0" fromWho="0" sc="240,130,250,-40,250,-40,250,-40" /><INIT seed="0,1,0,1,2,41" ten="370,210,210,210" oya="0" hai0="31,5,38,51,9,42,108,77,49,122,59,134,101" hai1="74,28,90,87,131,70,45,48,36,113,54,32,114" hai2="55,76,105,80,40,19,126,10,106,95,67,58,60" hai3="62,22,123,97,125,135,116,24,103,26,52,1,117"/><T66/><D122/><U84/><E74/><V69/><F126/><W15/><G125/><T57/><D134/><U50/><E131/><V0/><F95/><W128/><G1/><T6/><D38/><U88/><E70/><V46/><F19/><W2/><G2/><T35/><D101/><U99/><E36/><N who="2" m="21767" /><F55/><W56/><G128/><T94/><D77/><U7/><E7/><N who="2" m="1383" /><F58/><W4/><G135/><T121/><D121/><U21/><E21/><V98/><F98/><W133/><G133/><T43/><D94/><N who="1" m="56775" /><E90/><V96/><F96/><W129/><G129/><T82/><D9/><U23/><E23/><V14/><F14/><W100/><G123/><T112/><D112/><N who="1" m="43115" /><E50/><V110/><F110/><W109/><G109/><T107/><D108/><U104/><E104/><V47/><F47/><W102/><G97/><T119/><D107/><U20/><E20/><V3/><F3/><W8/><REACH who="3" step="1"/><G24/><AGARI ba="1,0" hai="24,28,32,45,48,54,84,87" m="43115,56775" machi="24" ten="30,3900,0" yaku="11,1,52,1,54,1" doraHai="41" who="1" fromWho="3" sc="370,0,210,42,210,0,210,-42" /><INIT seed="1,0,0,0,1,78" ten="370,252,210,168" oya="1" hai0="67,20,1,102,32,70,42,132,21,95,54,87,23" hai1="114,88,26,109,39,10,45,25,89,7,33,99,59" hai2="111,125,11,3,38,118,90,123,24,129,82,17,96" hai3="133,105,100,4,28,130,134,13,86,71,135,91,128"/><U19/><E114/><V127/><F118/><W29/><G71/><T74/><D74/><U112/><E112/><V120/><F38/><W126/><G100/><T2/><D32/><U9/><E109/><V46/><F46/><W64/><G64/><T124/><D42/><U27/><E33/><V60/><F111/><W14/><G105/><T6/><D6/><U110/><E110/><V83/><F129/><N who="3" m="49771" /><G4/><T65/><D124/><N who="2" m="47690" /><F60/><W35/><G126/><T84/><D132/><N who="3" m="33793" /><W48/><DORA hai="69" /><G48/><T76/><D70/><U63/><E7/><N who="2" m="1535" /><F96/><W107/><G107/><T79/><D102/><U58/><E99/><V113/><F90/><W37/><G37/><T47/><D67/><U0/><E63/><V36/><F36/><W121/><G121/><N who="2" m="46665" /><F113/><W104/><G104/><T106/><D106/><U18/><E39/><V117/><F117/><W44/><G44/><T40/><D65/><U98/><E45/><V50/><F50/><W57/><G57/><T12/><D47/><U5/><E98/><V8/><F8/><W53/><G53/><T51/><D54/><U31/><E10/><V119/><F119/><W77/><G77/><T66/><D66/><U62/><E62/><V22/><AGARI ba="0,0" hai="17,22,24,82,83" m="46665,1535,47690" machi="22" ten="40,5200,0" yaku="18,1,52,2" doraHai="78,69" who="2" fromWho="2" sc="370,-13,252,-26,210,52,168,-13" /><INIT seed="2,0,0,2,1,42" ten="357,226,262,155" oya="2" hai0="17,135,89,2,122,127,110,109,21,60,131,14,123" hai1="37,56,113,77,124,132,62,119,92,54,107,52,35" hai2="13,3,84,12,108,129,103,61,58,22,72,96,57" hai3="49,97,112,75,20,7,36,115,67,114,88,43,102"/><V0/><F72/><W106/><G36/><T91/><D131/><U130/><E77/><V94/><F129/><W118/><G118/><T73/><D127/><U80/><E80/><V25/><F108/><N who="0" m="41578" /><D135/><U93/><E107/><V69/><F69/><W117/><G117/><T83/><D2/><U55/><E119/><V28/><F0/><W133/><G133/><T104/><D104/><U9/><E35/><V6/><F58/><W18/><G75/><T4/><D4/><U47/><E9/><V53/><F3/><W40/><G7/><T19/><D60/><U44/><E132/><V82/><REACH who="2" step="1"/><F6/><REACH who="2" ten="357,226,252,155" step="2"/><W101/><G115/><T128/><D128/><U41/><E130/><V38/><F38/><W86/><G114/><T111/><D111/><U51/><E113/><V45/><F45/><W59/><G112/><T87/><D73/><U74/><E74/><V126/><F126/><W121/><G59/><T29/><D123/><U99/><E124/><V33/><F33/><W76/><G121/><T81/><D122/><U24/><E47/><V8/><F8/><W1/><G1/><T116/><D116/><U68/><E68/><V71/><F71/><W16/><G20/><T64/><D21/><U48/><E37/><V120/><F120/><W5/><G5/><T50/><D64/><U10/><E10/><V34/><F34/><W39/><G67/><T78/><D50/><U105/><E51/><V79/><AGARI ba="0,1" hai="12,13,22,25,28,53,57,61,79,82,84,94,96,103" machi="79" ten="20,7800,0" yaku="1,1,0,1,7,1,8,1,53,0" doraHai="42" doraHaiUra="70" who="2" fromWho="2" sc="357,-26,226,-26,252,88,155,-26" /><INIT seed="2,1,0,3,5,79" ten="331,200,340,129" oya="2" hai0="64,49,18,110,22,122,92,68,7,54,20,17,112" hai1="89,45,25,125,123,5,97,128,60,120,2,14,11" hai2="38,58,84,133,94,106,42,116,0,39,63,87,35" hai3="135,66,31,33,96,27,117,19,83,50,9,41,67"/><V29/><F116/><W98/><G117/><T10/><D122/><N who="1" m="46635" /><E125/><V90/><F133/><W104/><G135/><T73/><D112/><U6/><E128/><V99/><F0/><W8/><G41/><T109/><D73/><U53/><E25/><V74/><F74/><W52/><G83/><T30/><D92/><N who="1" m="56463" /><E60/><V57/><F57/><W134/><G134/><T121/><D68/><U80/><E80/><V34/><F106/><W15/><G8/><T37/><D37/><U86/><E86/><V111/><F87/><W65/><REACH who="3" step="1"/><G104/><REACH who="3" ten="331,200,340,119" step="2"/><T47/><D121/><U46/><E11/><V43/><F43/><W1/><G1/><T70/><D10/><U126/><E2/><V100/><F42/><W36/><G36/><T59/><D109/><U129/><E129/><V101/><F111/><W131/><G131/><T56/><D110/><U12/><E126/><V16/><F39/><W76/><G76/><T44/><D7/><U81/><E81/><V127/><F38/><W82/><G82/><T26/><D64/><U114/><E5/><V3/><F3/><W4/><G4/><T118/><D118/><U115/><E6/><V119/><F127/><W21/><G21/><T132/><D22/><U85/><E115/><V77/><F77/><W88/><G88/><T113/><D132/><U71/><E114/><V69/><F90/><W102/><G102/><T91/><D91/><U103/><E103/><V75/><F101/><W40/><G40/><T107/><D107/><U62/><E45/><AGARI ba="1,1" hai="9,15,19,27,31,33,45,50,52,65,66,67,96,98" machi="45" ten="40,8000,1" yaku="1,1,54,1,53,2" doraHai="79" doraHaiUra="95" who="3" fromWho="1" sc="331,0,200,-83,340,0,119,93" /><INIT seed="3,0,0,2,1,77" ten="331,117,340,212" oya="3" hai0="68,10,110,57,26,63,87,74,47,92,116,95,62" hai1="31,70,36,83,134,30,27,71,69,52,118,80,79" hai2="1,123,42,51,117,98,33,32,35,101,122,90,109" hai3="78,25,132,93,100,20,114,50,24,59,48,66,126"/><W102/><G114/><T85/><D116/><U7/><E36/><V72/><F109/><W56/><G126/><T81/><D74/><U131/><E118/><V128/><F117/><W46/><G132/><T127/><D110/><U44/><E134/><V94/><F128/><W108/><G108/><T82/><D127/><U103/><E131/><V133/><F72/><W28/><G78/><N who="0" m="46263" /><D68/><U4/><E79/><V61/><F1/><W8/><G8/><T64/><D47/><U29/><E27/><V125/><F125/><W121/><G121/><N who="2" m="46089" /><F61/><W119/><G50/><T104/><D104/><U135/><E135/><V58/><F133/><W6/><G6/><N who="1" m="2090" /><E44/><N who="2" m="26007" /><F58/><W105/><G59/><N who="0" m="36959" /><D10/><U40/><E40/><V38/><F38/><W113/><G25/><T12/><D12/><U124/><E124/><V73/><F73/><W65/><G105/><T16/><D26/><U107/><E107/><V23/><F23/><W86/><G113/><T60/><D16/><U43/><E43/><V112/><F112/><W39/><G39/><T89/><D63/><U129/><E129/><V75/><F75/><W22/><G24/><T120/><D120/><U54/><E103/><AGARI ba="0,0" hai="32,33,35,90,94,98,101,103" m="26007,46089" machi="103" ten="40,1300,0" yaku="13,1" doraHai="77" who="2" fromWho="1" sc="331,0,117,-13,340,13,212,0" owari="331,13.1,104,-39.6,353,45.3,212,-18.8" /></mjloggm>