<mjloggm ver="2.3"><GO type="225" lobby="0"/><UN n0="%E7%AB%8B%E8%8A%B1%E9%9F%BF" n1="%E9%A2%A8%E7%B8%AB" n2="%E7%8B%82%E6%B0%97%E3%81%AE%E7%9E%B3" n3="%28%EF%BF%A3%E2%96%BD%EF%BF%A3%29%CE%B4%E2%8C%92%E3%83%BB" dan="17,16,16,17" rate="2164.31,2109.63,2042.18,2245.70" sx="F,M,F,M"/><TAIKYOKU oya="0"/><INIT seed="0,0,0,2,1,51" ten="250,250,250,250" oya="0" hai0="108,89,28,107,31,4,92,114,75,90,30,18,130" hai1="91,81,26,80,117,14,39,88,48,95,62,17,116" hai2="8,7,93,16,79,34,50,85,11,134,112,135,57" hai3="33,24,36,49,12,6,20,47,99,128,73,19,23"/><T100/><D114/><U65/><E39/><V98/><F34/><W82/><G128/><T43/><D130/><U132/><E26/><V87/><F112/><W59/><G33/><T66/><D75/><U67/><E48/><V115/><F115/><W101/><G36/><T111/><D4/><U113/><E113/><V27/><F79/><W72/><G59/><T119/><D119/><U109/><E132/><N who="2" m="50731" /><F7/><W106/><G82/><T63/><D43/><U61/><E109/><N who="0" m="42057" /><D107/><U74/><E74/><V0/><F0/><W56/><G56/><N who="0" m="37223" /><D18/><U124/><E124/><V9/><F27/><W70/><G70/><T5/><D5/><U41/><E41/><V52/><F16/><W3/><G3/><T22/><D22/><U126/><E126/><V133/><N who="2" m="50739" /><V35/><DORA hai="60" /><F35/><W55/><REACH who="3" step="1"/><G6/><REACH who="3" ten="250,250,250,240" step="2"/><T54/><D54/><U105/><E105/><V123/><F123/><W32/><G32/><T94/><D94/><U129/><E95/><V42/><F42/><W68/><G68/><T25/><D25/><U77/><E129/><V104/><F104/><W78/><G78/><T76/><D76/><U10/><E77/><V131/><F131/><W71/><G71/><T2/><D2/><U45/><E45/><V127/><F127/><W58/><G58/><T120/><D120/><U118/><E62/><V97/><F93/><W64/><G64/><N who="1" m="24650" /><E61/><V122/><F122/><W21/><G21/><T96/><AGARI ba="0,1" hai="28,30,31,89,90,92,96,100" m="37223,42057" machi="96" ten="40,7800,0" yaku="14,1,10,1,52,1" doraHai="51,60" who="0" fromWho="0" sc="250,88,250,-26,250,-26,240,-26" /><INIT seed="0,1,0,2,1,100" ten="338,224,224,214" oya="0" hai0="101,15,126,21,98,70,95,134,25,18,120,4,85" hai1="73,75,41,122,5,17,26,36,3,78,42,77,129" hai2="105,29,24,84,92,112,76,68,107,51,33,56,131" hai3="93,13,43,113,46,108,97,69,99,53,10,82,89"/><T119/><D119/><U20/><E122/><V50/><F112/><W123/><G113/><T90/><D120/><U135/><E135/><V106/><F68/><W12/><G69/><T79/><D134/><U114/><E129/><V88/><F76/><W83/><G123/><T31/><D126/><U32/><E32/><V81/><F131/><W28/><G108/><T52/><D70/><U14/><E114/><V55/><REACH who="2" step="1"/><F51/><REACH who="2" ten="338,224,214,214" step="2"/><N who="3" m="27103" /><G28/><T39/><D39/><U45/><E77/><V125/><F125/><W103/><G83/><AGARI ba="1,1" hai="24,29,33,50,55,56,81,83,84,88,92,105,106,107" machi="83" ten="40,12000,2" yaku="1,1,52,3,54,1,53,1" doraHai="100" doraHaiUra="27" who="2" fromWho="3" sc="338,0,224,0,214,133,214,-123" /><INIT seed="1,0,0,0,4,111" ten="338,224,347,91" oya="1" hai0="24,18,70,96,1,23,32,47,8,67,50,100,104" hai1="60,6,19,109,128,114,130,56,123,34,66,12,51" hai2="124,35,62,9,14,88,10,39,73,49,63,46,90" hai3="83,44,127,2,22,94,57,20,69,11,25,81,42"/><U72/><E123/><V52/><F35/><W59/><G69/><T15/><D1/><U132/><E72/><V26/><F39/><W122/><G127/><T37/><D37/><U129/><E34/><V87/><F73/><W102/><G122/><T125/><D125/><U121/><E121/><V31/><F124/><W86/><G22/><T13/><D32/><U4/><E132/><V48/><F48/><W134/><G134/><T106/><D106/><U68/><E109/><V80/><F90/><W7/><G83/><T112/><D112/><U61/><E51/><V30/><F9/><W103/><G94/><T98/><D98/><U99/><E99/><V53/><F53/><W54/><G59/><T113/><D113/><U65/><REACH who="1" step="1"/><E114/><REACH who="1" ten="338,214,347,91" step="2"/><V126/><F126/><W84/><G86/><T36/><D36/><U21/><AGARI ba="0,1" hai="4,6,12,19,21,56,60,61,65,66,68,128,129,130" machi="21" ten="30,11700,0" yaku="1,1,2,1,0,1,19,1,53,0" doraHai="111" doraHaiUra="115" who="1" fromWho="1" sc="338,-39,214,127,347,-39,91,-39" /><INIT seed="1,1,0,1,5,42" ten="299,341,308,52" oya="1" hai0="70,111,25,132,20,107,91,28,7,123,85,13,71" hai1="41,119,31,29,53,90,75,12,40,131,6,102,24" hai2="23,37,77,0,129,61,98,58,120,112,99,10,133" hai3="35,36,113,109,87,128,105,101,16,116,26,59,78"/><U9/><E75/><V21/><F120/><W93/><G36/><T122/><D107/><U44/><E119/><V5/><F37/><W96/><G116/><T103/><D103/><U135/><E102/><V11/><F133/><W106/><G113/><T51/><D132/><U89/><E135/><V54/><F129/><W33/><G128/><T22/><D111/><U62/><E131/><V34/><F34/><W121/><G109/><T63/><D63/><U57/><E29/><V8/><F112/><W76/><G121/><N who="0" m="46091" /><D51/><N who="1" m="27015" /><E41/><V97/><F77/><W66/><G105/><T64/><D64/><U49/><E62/><V65/><F0/><W69/><G69/><T45/><D45/><U134/><E134/><V27/><F5/><W55/><G66/><T114/><D114/><U130/><E130/><V47/><F27/><W82/><G78/><T74/><D74/><U125/><E125/><V83/><F83/><W43/><G43/><T126/><D126/><U50/><E50/><AGARI ba="1,0" hai="8,10,11,21,23,47,50,54,58,61,65,97,98,99" machi="50" ten="40,2600,0" yaku="8,1,52,1" doraHai="42" who="2" fromWho="1" sc="299,0,341,-29,308,29,52,0" /><INIT seed="2,0,0,2,1,74" ten="299,312,337,52" oya="2" hai0="108,19,71,131,57,5,26,77,85,76,116,16,34" hai1="20,89,129,112,45,36,18,84,65,14,94,43,25" hai2="73,41,67,72,117,49,38,53,4,127,63,99,46" hai3="12,91,32,42,124,114,135,24,66,35,10,22,111"/><V69/><F117/><W133/><G66/><T75/><D71/><U68/><E129/><V122/><F122/><W104/><G42/><T23/><D75/><U118/><E118/><V80/><F127/><W28/><G104/><T123/><D116/><U30/><E112/><V7/><F99/><W134/><G91/><T113/><D113/><U128/><E128/><V88/><F72/><W47/><G47/><T48/><D123/><U78/><E78/><N who="0" m="30313" /><D34/><N who="3" m="12841" /><G114/><T95/><D131/><U62/><REACH who="1" step="1"/><E14/><REACH who="1" ten="299,302,337,52" step="2"/><V96/><F73/><W115/><G115/><T110/><D110/><U59/><E59/><N who="2" m="33199" /><F96/><W50/><G50/><T106/><D108/><U64/><E64/><V33/><F33/><W103/><G111/><T109/><D109/><U44/><E44/><V101/><F101/><W11/><G103/><T55/><D106/><U54/><E54/><V83/><F83/><W98/><G98/><T58/><D57/><U27/><E27/><V132/><F132/><N who="3" m="33795" /><W0/><DORA hai="39" /><G124/><T60/><D48/><U8/><E8/><N who="3" m="3114" /><G12/><T6/><D58/><U61/><E61/><V125/><F125/><W119/><G119/><T130/><D60/><U1/><E1/><AGARI ba="0,1" hai="0,1,22,24,28" m="3114,33795,12841" machi="1" ten="50,6400,0" yaku="20,1,34,2" doraHai="74,39" who="3" fromWho="1" sc="299,0,302,-64,337,0,52,74" /><INIT seed="3,0,0,4,2,66" ten="299,238,337,126" oya="3" hai0="83,72,16,57,73,97,17,115,24,12,50,118,93" hai1="130,47,128,20,14,71,55,114,18,135,86,69,104" hai2="102,59,56,91,109,65,78,1,77,94,124,43,106" hai3="5,10,37,74,81,58,52,120,40,79,131,127,126"/><W101/><G120/><T75/><D118/><U8/><E104/><V117/><F1/><W22/><G131/><N who="1" m="50218" /><E114/><V82/><F117/><W21/><G101/><T27/><D115/><U4/><E135/><V0/><F0/><N who="3" m="295" /><G40/><T36/><D36/><U30/><E30/><V105/><F43/><W49/><G37/><T6/><D6/><U64/><E64/><V39/><F39/><W95/><G95/><T3/><D3/><N who="1" m="31" /><E86/><V111/><F102/><W99/><G99/><T54/><D83/><U100/><E100/><V32/><F105/><W35/><G35/><T53/><D53/><U61/><E61/><V11/><F106/><W90/><G90/><T19/><REACH who="0" step="1"/><D12/><REACH who="0" ten="289,238,337,126" step="2"/><U87/><E87/><V85/><F109/><W125/><AGARI ba="0,1" hai="21,22,49,52,58,74,79,81,125,126,127" m="295" machi="125" ten="30,3000,0" yaku="18,1,54,1" doraHai="66" who="3" fromWho="3" sc="289,-10,238,-10,337,-10,126,40" /><INIT seed="3,1,0,4,5,78" ten="279,228,327,166" oya="3" hai0="35,52,79,89,125,18,110,114,11,1,77,5,54" hai1="28,40,62,73,108,19,86,58,24,9,56,47,61" hai2="85,92,43,76,63,113,95,59,31,6,22,45,93" hai3="67,64,123,46,29,51,134,13,14,2,38,122,83"/><W117/><G2/><T126/><D110/><U7/><E73/><V17/><F113/><W105/><G105/><T130/><D114/><U44/><E19/><V96/><F6/><W30/><G38/><T84/><D35/><U72/><E72/><V129/><F129/><W87/><G117/><T131/><D18/><U4/><E108/><V10/><F10/><W16/><G134/><T71/><D71/><U66/><E9/><V90/><F31/><N who="3" m="11787" /><G123/><T53/><D79/><U55/><E86/><V20/><F76/><N who="3" m="46567" /><G122/><T81/><D77/><U12/><E12/><N who="3" m="4714" /><G16/><T48/><D48/><U26/><E26/><N who="2" m="14607" /><F22/><W135/><G135/><T27/><D27/><U133/><E133/><V106/><F106/><W107/><G107/><T75/><D75/><U88/><E88/><V104/><F104/><W80/><G80/><T97/><D97/><U99/><E99/><V50/><F85/><W100/><G100/><T41/><D41/><AGARI ba="1,0" hai="41,46,51,64,67" m="4714,46567,11787" machi="41" ten="30,2900,0" yaku="8,1,52,1" doraHai="78" who="3" fromWho="0" sc="279,-32,228,0,327,0,166,32" /><INIT seed="3,2,0,1,0,61" ten="247,228,327,198" oya="3" hai0="21,33,108,57,12,101,75,105,43,80,20,38,41" hai1="117,86,84,78,127,72,37,93,107,3,126,69,90" hai2="39,19,88,18,128,99,15,131,52,27,68,124,89" hai3="11,87,91,40,119,10,132,6,85,29,55,118,111"/><W123/><G123/><T129/><D33/><U115/><E69/><V56/><F68/><W24/><G132/><T17/><D108/><U32/><E37/><V77/><F39/><W63/><G111/><T7/><D7/><U31/><E3/><V79/><F124/><N who="1" m="47657" /><E115/><V54/><F27/><W83/><G40/><T47/><D43/><U71/><E71/><V13/><F56/><W16/><G87/><T58/><D129/><U48/><E48/><V25/><F25/><W82/><G83/><T114/><D114/><U1/><E1/><V46/><F46/><W92/><G82/><T74/><D21/><U116/><E72/><V73/><F99/><N who="3" m="57759" /><G29/><T122/><D122/><U5/><E5/><V49/><F49/><W28/><G28/><T130/><D130/><U51/><E107/><V70/><F70/><W44/><G85/><T113/><D113/><U26/><E51/><V100/><F100/><W104/><G104/><T30/><D30/><U103/><E103/><V120/><F120/><W125/><G125/><T59/><D101/><U53/><E53/><V14/><F14/><N who="3" m="5463" /><G44/><T98/><D105/><U8/><E8/><V50/><F50/><W62/><G11/><T121/><D121/><U36/><E36/><V64/><F64/><W42/><G42/><T0/><D0/><U34/><E34/><V135/><F73/><W95/><G95/><T2/><D2/><U60/><E60/><N who="3" m="23082" /><G55/><T97/><D75/><U23/><E32/><V65/><F65/><W9/><G9/><T22/><D22/><U81/><AGARI ba="2,0" hai="23,26,31,78,81,84,86,90,93,116,117" m="47657" machi="81" ten="30,1100,0" yaku="18,1" doraHai="61" who="1" fromWho="1" sc="247,-5,228,17,327,-5,198,-7" owari="242,-15.8,245,4.5,322,42.2,191,-30.9" /></mjloggm>