<mjloggm ver="2.3"><GO type="225" lobby="0"/><UN n0="%E5%84%AA%40%41%42%43" n1="%E3%81%BF%E3%81%BF%E3%81%9A" n2="%E3%81%BE%E3%81%A8%E3%81%9F" n3="%E5%8D%A0%E3%81%84%E5%B8%AB%E8%A3%8F%E3%81%AA%E3%81%84%E3%81%97" dan="17,16,16,16" rate="2177.71,2125.33,2113.18,2124.66" sx="M,M,M,M"/><TAIKYOKU oya="0"/><INIT seed="0,0,0,4,1,16" ten="250,250,250,250" oya="0" hai0="8,10,114,37,103,38,22,76,31,36,33,30,68" hai1="34,56,74,111,87,64,113,82,120,125,21,50,90" hai2="94,126,63,29,19,117,121,98,106,1,81,39,78" hai3="43,77,14,97,79,107,5,13,95,47,26,102,17"/><T18/><D114/><U99/><E120/><V2/><F121/><W101/><G107/><T83/><D68/><U46/><E34/><V85/><F39/><W104/><G104/><T57/><D103/><U131/><E113/><V59/><F126/><W127/><G127/><T108/><D108/><U100/><E125/><V4/><F106/><W109/><G109/><T48/><D33/><U105/><E111/><V49/><F29/><W12/><G5/><T7/><D48/><U67/><E131/><V52/><F4/><W115/><G115/><T72/><D57/><U110/><E110/><V128/><F128/><W60/><G102/><T84/><D72/><U9/><E9/><V122/><F122/><W54/><G54/><T123/><D10/><U55/><E74/><V41/><F117/><W28/><G17/><T132/><D132/><U116/><E116/><V15/><F49/><W25/><G60/><T58/><D58/><U44/><REACH who="1" step="1"/><E21/><REACH who="1" ten="250,240,250,250" step="2"/><V32/><F32/><W51/><REACH who="3" step="1"/><G26/><REACH who="3" ten="250,240,250,240" step="2"/><T35/><D123/><U53/><E53/><V69/><F52/><W133/><G133/><T11/><D11/><U0/><E0/><V119/><F1/><W86/><G86/><T91/><D8/><U6/><E6/><V124/><F2/><W130/><G130/><T73/><D7/><U24/><E24/><V89/><F124/><W93/><G93/><N who="0" m="54503" /><D35/><AGARI ba="0,2" hai="12,13,14,25,28,35,43,47,51,77,79,95,97,101" machi="35" ten="40,1300,0" yaku="1,1,53,0" doraHai="16" doraHaiUra="66" who="3" fromWho="0" sc="250,-13,240,0,250,0,240,33" /><INIT seed="1,0,0,0,0,91" ten="237,240,250,273" oya="1" hai0="104,53,61,110,109,82,120,102,32,18,118,49,1" hai1="19,80,116,133,16,0,114,88,34,35,84,51,3" hai2="77,14,6,71,117,101,67,70,123,55,98,25,4" hai3="29,121,54,26,134,74,43,129,24,75,126,72,112"/><U78/><E114/><V81/><F117/><W93/><G121/><T2/><D118/><U12/><E116/><V111/><F123/><W94/><G112/><T22/><D120/><U95/><E133/><V106/><F111/><N who="0" m="42506" /><D32/><U125/><E125/><V85/><F55/><W60/><G126/><T119/><D61/><U107/><E107/><V76/><F76/><W30/><G134/><T99/><D82/><U122/><E122/><V92/><F67/><W39/><G129/><T52/><D119/><U11/><E51/><V37/><F37/><W13/><G13/><N who="0" m="9551" /><D53/><U89/><E89/><V103/><F25/><W21/><G54/><T7/><D7/><U59/><E59/><AGARI ba="0,0" hai="1,2,49,52,59,99,102,104" m="9551,42506" machi="59" ten="30,2000,0" yaku="14,1,54,1" doraHai="91" who="0" fromWho="1" sc="237,20,240,-20,250,0,273,0" /><INIT seed="2,0,0,4,4,118" ten="257,220,250,273" oya="2" hai0="42,112,0,20,54,93,37,133,89,62,126,79,39" hai1="105,40,36,120,80,83,113,5,128,125,115,106,59" hai2="43,116,9,73,100,97,71,111,81,95,41,130,68" hai3="63,86,119,99,18,11,74,108,98,127,76,94,102"/><V38/><F116/><W53/><G119/><T46/><D0/><U35/><E5/><V117/><F117/><W15/><G108/><T7/><D7/><U96/><E35/><V58/><F130/><W72/><G127/><T78/><D112/><N who="1" m="43083" /><E59/><V12/><F43/><W92/><G86/><T131/><D39/><U82/><E36/><V25/><F111/><W21/><G76/><T124/><D131/><U101/><E40/><V87/><F73/><W52/><G63/><T31/><D133/><U16/><E16/><V4/><F58/><W114/><G114/><T10/><D10/><U28/><E28/><V91/><REACH who="2" step="1"/><F25/><REACH who="2" ten="257,220,240,273" step="2"/><N who="3" m="14519" /><G74/><T88/><D124/><U134/><E128/><V50/><F50/><W23/><G72/><T132/><D126/><U49/><E125/><V69/><F69/><W45/><G45/><AGARI ba="0,1" hai="4,9,12,38,41,45,68,71,81,87,91,95,97,100" machi="45" ten="40,2000,0" yaku="1,1,53,0" doraHai="118" doraHaiUra="13" who="2" fromWho="3" sc="257,0,220,0,240,30,273,-20" /><INIT seed="2,1,0,2,4,20" ten="257,220,270,253" oya="2" hai0="91,109,61,101,39,126,116,84,82,93,130,44,12" hai1="67,53,56,14,68,98,115,3,59,13,117,52,75" hai2="129,62,1,11,10,120,36,60,89,86,19,9,32" hai3="48,22,122,96,54,43,63,69,25,29,78,128,55"/><V51/><F36/><W108/><G122/><T103/><D109/><U15/><E3/><V23/><F32/><W65/><G108/><T18/><D126/><U4/><E115/><V127/><F120/><W41/><G128/><T92/><D130/><U121/><E121/><V133/><F133/><W38/><G78/><T34/><D34/><U112/><E112/><V73/><F73/><W64/><G38/><T110/><D110/><U24/><E117/><V95/><F1/><W76/><G76/><T21/><D116/><U49/><E75/><V119/><F119/><W124/><G124/><T58/><D44/><U88/><E68/><V111/><F111/><W94/><G65/><T72/><D39/><U35/><E67/><V66/><F129/><W74/><G55/><T17/><D72/><U0/><E0/><V123/><F123/><W57/><REACH who="3" step="1"/><G74/><REACH who="3" ten="257,220,270,243" step="2"/><T37/><D37/><U113/><E113/><V125/><F127/><W5/><G5/><T105/><D105/><U26/><E4/><V31/><F66/><W33/><G33/><T81/><D82/><U104/><E35/><V83/><F83/><W90/><AGARI ba="1,1" hai="22,25,29,41,43,48,54,57,63,64,69,90,94,96" machi="90" ten="20,5200,0" yaku="1,1,0,1,7,1,52,1,53,0" doraHai="20" doraHaiUra="7" who="3" fromWho="3" sc="257,-14,220,-14,270,-27,243,65" /><INIT seed="3,0,0,4,0,23" ten="243,206,243,308" oya="3" hai0="62,8,72,11,101,122,103,42,110,25,43,31,29" hai1="15,129,57,109,99,83,35,27,18,96,33,124,98" hai2="134,128,87,64,0,112,85,48,38,52,100,14,120" hai3="47,3,63,86,121,66,115,80,39,2,105,17,51"/><W30/><G105/><T10/><D122/><U108/><E124/><V44/><F0/><W7/><G115/><T125/><D72/><U107/><E107/><V130/><F112/><W56/><G121/><T55/><D110/><N who="1" m="42603" /><E129/><N who="2" m="49771" /><F120/><W12/><G30/><N who="0" m="11275" /><D25/><U67/><E83/><V49/><F38/><W97/><G97/><N who="1" m="24834" /><U5/><DORA hai="13" /><E67/><V65/><F100/><N who="0" m="38474" /><D125/><U127/><E127/><V60/><F134/><W126/><G126/><T123/><D123/><U113/><E57/><AGARI ba="0,0" hai="8,10,11,42,43,55,57,62" m="38474,11275" machi="57" ten="30,1000,0" yaku="8,1" doraHai="23,13" who="0" fromWho="1" sc="243,10,206,-10,243,0,308,0" owari="253,5.3,196,-30.4,243,-15.7,308,40.8" /></mjloggm>