<mjloggm ver="2.3"><GO type="225" lobby="0"/><UN n0="%E7%9C%9F%E4%B8%80" n1="%E6%A0%B9%E5%85%83%E3%81%8B%E3%82%89%E5%90%B9%E3%81%A3%E9%A3%9B%E3%81%B6" n2="%E4%B8%89%E5%86%A0%E7%8E%8B%E3%83%BB%E5%B1%B1%E7%94%B0%E5%93%B2%E4%BA%BA" n3="%E3%82%A2%E3%83%9E%E3%83%9D%EF%BD%9E%EF%BD%9E%E3%83%A9" dan="17,17,17,17" rate="2194.37,2188.69,2149.16,2183.56" sx="M,F,M,M"/><TAIKYOKU oya="0"/><INIT seed="0,0,0,1,3,124" ten="250,250,250,250" oya="0" hai0="63,3,106,24,6,7,40,39,45,113,71,74,97" hai1="65,135,107,51,119,23,114,110,103,58,11,130,77" hai2="52,104,127,35,47,101,115,55,112,109,132,84,4" hai3="50,70,21,64,134,90,91,76,2,15,22,117,73"/><T131/><D7/><U17/><E77/><V108/><F127/><W59/><G2/><T25/><D25/><U129/><E119/><V56/><F35/><W79/><G70/><T20/><D113/><U33/><E110/><N who="2" m="42603" /><F4/><W61/><G134/><T19/><D74/><U122/><E33/><V67/><F84/><W9/><G50/><T111/><D111/><U69/><E122/><V89/><F89/><N who="3" m="33803" /><G117/><T133/><D133/><U99/><E135/><V42/><F132/><W96/><G96/><T10/><D131/><N who="1" m="50187" /><E114/><N who="2" m="43563" /><F101/><W68/><G68/><T27/><D97/><N who="1" m="61935" /><E69/><V81/><F104/><W46/><G73/><T13/><REACH who="0" step="1"/><D106/><REACH who="0" ten="240,250,250,250" step="2"/><U54/><E99/><V87/><F87/><W88/><G15/><T62/><D62/><U41/><E41/><V36/><F81/><W85/><G61/><AGARI ba="0,1" hai="36,42,47,52,55,56,61,67" m="43563,42603" machi="61" ten="30,7700,0" yaku="14,1,34,2,54,1" doraHai="124" who="2" fromWho="3" sc="240,0,250,0,250,87,250,-77" /><INIT seed="1,0,0,5,3,55" ten="240,250,337,173" oya="1" hai0="25,23,87,76,102,98,118,31,131,104,62,101,16" hai1="26,130,81,99,110,120,127,93,9,33,29,135,132" hai2="63,20,43,85,119,128,129,10,123,44,86,8,67" hai3="38,0,48,112,125,5,100,58,96,68,49,108,41"/><U97/><E120/><V92/><F119/><W115/><G125/><T64/><D131/><N who="2" m="50250" /><F123/><W46/><G108/><T89/><D118/><U114/><E114/><V78/><F20/><W73/><G73/><T42/><D42/><U60/><E127/><V84/><F92/><W90/><G68/><T83/><D102/><U37/><E37/><N who="2" m="21615" /><F78/><W28/><G28/><T22/><D76/><U56/><E110/><V133/><F133/><N who="1" m="51273" /><E130/><V30/><F30/><W54/><G90/><T2/><D2/><U13/><E93/><V88/><F88/><W134/><G38/><T34/><REACH who="0" step="1"/><D16/><REACH who="0" ten="230,250,337,173" step="2"/><N who="1" m="8239" /><E81/><V47/><F47/><W35/><G134/><T7/><D7/><U72/><E72/><V17/><F17/><W53/><G5/><T3/><D3/><U74/><E74/><V39/><F39/><W11/><G0/><T126/><D126/><U52/><AGARI ba="0,1" hai="26,29,33,52,56,60,97,99" m="8239,51273" machi="52" ten="30,11700,0" yaku="20,1,52,1,54,2" doraHai="55" who="1" fromWho="1" sc="230,-39,250,127,337,-39,173,-39" /><INIT seed="1,1,0,0,3,83" ten="191,377,298,134" oya="1" hai0="22,111,45,84,112,61,117,7,132,44,20,103,54" hai1="108,93,124,5,58,74,110,79,21,106,51,53,40" hai2="98,69,95,38,99,11,130,71,116,59,87,72,8" hai3="12,0,133,33,65,96,37,120,114,49,41,29,121"/><U16/><E106/><V57/><F72/><W80/><G114/><T43/><D112/><U123/><E123/><V15/><F38/><W60/><G133/><T115/><D117/><U90/><E124/><V39/><F15/><W97/><G0/><T25/><D115/><U24/><E5/><V126/><F39/><W42/><G37/><T35/><D111/><N who="1" m="42539" /><E40/><V88/><F116/><W66/><G12/><T36/><D132/><U30/><E74/><V91/><F130/><W104/><G80/><T77/><D7/><U6/><E79/><V105/><F95/><W102/><G97/><T46/><D103/><U1/><E30/><V63/><F105/><W107/><G104/><T13/><D35/><U50/><E50/><V55/><F126/><W34/><G34/><T92/><D43/><U125/><E125/><V3/><F63/><W127/><G127/><T82/><D36/><U129/><E129/><V56/><F3/><W67/><G60/><T14/><D92/><U94/><E90/><V62/><F91/><W86/><G42/><T100/><D100/><U19/><E19/><V118/><F88/><W85/><G121/><T52/><D61/><U18/><E18/><V76/><F62/><W26/><REACH who="3" step="1"/><G120/><REACH who="3" ten="191,377,298,124" step="2"/><T28/><D13/><U73/><E73/><V2/><F2/><W113/><G113/><T122/><D122/><U4/><E4/><V31/><F118/><W119/><G119/><T128/><D128/><U48/><E48/><V70/><F70/><W17/><G17/><AGARI ba="1,1" hai="14,17,20,22,25,28,44,45,46,52,54,77,82,84" machi="17" ten="40,5200,0" yaku="8,1,52,1,54,1" doraHai="83" who="0" fromWho="3" sc="191,65,377,0,298,0,124,-55" /><INIT seed="2,0,0,5,3,97" ten="256,377,298,69" oya="2" hai0="125,58,120,39,23,45,129,81,90,24,56,102,94" hai1="77,70,121,15,71,124,8,6,40,33,126,116,3" hai2="51,63,37,62,4,0,48,25,112,130,49,69,103" hai3="32,114,55,36,1,110,44,28,65,11,73,105,101"/><V29/><F112/><W31/><G114/><T7/><D120/><U14/><E116/><V22/><F37/><W12/><G110/><T13/><D129/><U135/><E135/><V86/><F130/><W83/><G65/><T27/><D125/><N who="1" m="48235" /><E33/><V134/><F134/><W35/><G55/><T88/><D39/><U42/><E77/><V52/><F69/><N who="1" m="26121" /><E121/><V53/><F0/><W113/><G28/><T117/><D45/><U38/><E42/><V54/><F4/><N who="3" m="1423" /><G12/><T72/><D117/><U21/><E21/><V100/><F86/><W132/><G31/><T67/><D72/><U108/><E108/><V46/><F46/><AGARI ba="0,0" hai="3,6,8,14,15,38,40,46" m="26121,48235" machi="46" ten="30,1000,0" yaku="18,1" doraHai="97" who="1" fromWho="2" sc="256,0,377,10,298,-10,69,0" /><INIT seed="3,0,0,4,2,29" ten="256,387,288,69" oya="3" hai0="103,109,68,15,20,5,92,32,8,65,128,75,52" hai1="13,40,102,48,9,126,105,116,10,70,67,95,94" hai2="19,24,73,101,89,66,4,110,26,112,74,130,47" hai3="100,53,122,16,39,44,34,60,56,88,21,83,121"/><W86/><G100/><T0/><D75/><U118/><E126/><V134/><F112/><W81/><G34/><T35/><D109/><U28/><E28/><V107/><F110/><W82/><G39/><T97/><D128/><U96/><E67/><V11/><F66/><W22/><G22/><T71/><D52/><U133/><E70/><V62/><F130/><W124/><G124/><T31/><D65/><U25/><E25/><V114/><F62/><W59/><G44/><T76/><D76/><U23/><E23/><V51/><F114/><W117/><G117/><N who="1" m="45162" /><E133/><V2/><F134/><W125/><G125/><T79/><D79/><U84/><E84/><V57/><F57/><W108/><G108/><T43/><D43/><U63/><E63/><V12/><F26/><W119/><G59/><T18/><D35/><U6/><E9/><V30/><F89/><W131/><G131/><T77/><D77/><U80/><E80/><V50/><F101/><W91/><G119/><T111/><D111/><U45/><AGARI ba="0,0" hai="6,10,13,40,45,48,94,95,96,102,105" m="45162" machi="45" ten="30,1100,0" yaku="12,1" doraHai="29" who="1" fromWho="1" sc="256,-3,387,11,288,-3,69,-5" owari="253,-14.7,398,49.8,285,8.5,64,-43.6" /></mjloggm>