<mjloggm ver="2.3"><GO type="225" lobby="0"/><UN n0="%E6%B0%B7%E5%B7%9D%E9%87%8C%E5%A5%88" n1="%E5%8F%AF%E5%85%90%E9%82%A3%E7%94%B1%E5%A4%9A" n2="%E3%81%A8%E3%82%93%E3%81%A8%E3%81%93%E3%81%A8%E3%82%93" n3="%E3%81%8B%E3%82%8F%E3%81%A1%E3%82%83%E3%82%93%35%38" dan="16,17,16,17" rate="2151.12,2237.82,2109.43,2184.49" sx="F,F,M,M"/><TAIKYOKU oya="0"/><INIT seed="0,0,0,2,2,119" ten="250,250,250,250" oya="0" hai0="13,30,108,38,50,76,67,29,21,109,25,72,0" hai1="106,64,128,65,6,18,77,62,1,36,14,40,34" hai2="49,71,123,102,12,19,97,15,135,3,129,44,125" hai3="118,28,96,24,100,5,70,111,54,48,23,115,52"/><T86/><D38/><U58/><E128/><V37/><F37/><W43/><G118/><T84/><D0/><U103/><E34/><V53/><F3/><W127/><G115/><T79/><D67/><U130/><E130/><V61/><F129/><W117/><G117/><T114/><D114/><U51/><E36/><V90/><F125/><W132/><G70/><T35/><D30/><U124/><E124/><V98/><F135/><W93/><G127/><T4/><D50/><U92/><E106/><V85/><F123/><W47/><G132/><T57/><D57/><U31/><E31/><V95/><F97/><W94/><G111/><N who="0" m="42571" /><D72/><U78/><E65/><V39/><F39/><W134/><G134/><T66/><D66/><U121/><E1/><V16/><F61/><W46/><G5/><T11/><D35/><U107/><E6/><V2/><F71/><W68/><G68/><T9/><D9/><U45/><E107/><V55/><F55/><W20/><G47/><T42/><D42/><U122/><E122/><V126/><F2/><W26/><REACH who="3" step="1"/><G94/><REACH who="3" ten="250,250,250,240" step="2"/><T75/><D75/><U74/><E74/><V7/><F126/><W101/><G101/><T131/><D131/><U10/><E121/><V22/><F7/><W59/><G59/><T105/><D105/><U33/><E33/><V87/><REACH who="2" step="1"/><F102/><REACH who="2" ten="250,250,240,240" step="2"/><W63/><G63/><T99/><D99/><AGARI ba="0,2" hai="10,14,18,40,45,51,58,62,64,77,78,92,99,103" machi="99" ten="40,1300,0" yaku="8,1" doraHai="119" who="1" fromWho="0" sc="250,-13,250,33,240,0,240,0" /><INIT seed="1,0,0,4,4,112" ten="237,283,240,240" oya="1" hai0="135,68,23,59,88,18,13,124,46,15,76,49,80" hai1="132,30,1,31,35,133,105,128,43,42,70,122,85" hai2="72,86,11,126,2,119,127,5,96,27,109,22,4" hai3="14,51,36,25,87,37,83,114,7,16,110,67,9"/><U73/><E73/><V0/><F72/><W78/><G114/><T47/><D124/><N who="2" m="47658" /><F96/><W61/><G110/><T57/><D68/><U64/><E122/><V8/><F86/><W115/><G115/><T125/><D125/><U55/><E128/><V106/><F106/><W58/><G25/><T84/><D135/><U108/><E105/><V74/><F74/><W99/><G99/><T19/><D76/><U32/><E1/><N who="2" m="619" /><F109/><W34/><G34/><T38/><D38/><U97/><E108/><V52/><F52/><W100/><G100/><T95/><D95/><U123/><E123/><V120/><F120/><W41/><REACH who="3" step="1"/><G16/><REACH who="3" ten="237,283,240,230" step="2"/><T29/><D29/><U28/><E97/><V17/><F119/><W117/><G117/><T6/><D6/><AGARI ba="0,1" hai="4,5,6,8,11,17,22,27" m="619,47658" machi="6" ten="30,3900,0" yaku="18,1,34,2" doraHai="112" who="2" fromWho="0" sc="237,-39,283,0,240,49,230,0" /><INIT seed="2,0,0,4,1,53" ten="198,283,289,230" oya="2" hai0="68,87,112,72,135,1,101,33,65,106,16,79,128" hai1="8,121,29,20,76,89,58,93,133,61,70,113,131" hai2="32,99,55,95,31,125,54,21,50,90,119,98,56" hai3="60,45,88,122,9,40,52,86,4,114,28,36,103"/><V44/><F119/><W12/><G122/><T41/><D112/><U25/><E113/><V81/><F125/><W94/><G114/><T123/><D123/><U104/><E121/><V132/><F132/><W17/><G28/><T24/><D72/><U102/><E133/><V100/><F32/><W30/><G30/><T73/><D135/><U105/><E131/><V27/><F81/><W63/><G103/><T85/><D128/><U80/><E70/><V124/><F124/><W42/><G42/><T10/><D41/><U82/><E8/><V48/><REACH who="2" step="1"/><F100/><REACH who="2" ten="198,283,279,230" step="2"/><W97/><G97/><AGARI ba="0,1" hai="21,27,31,44,48,50,54,55,56,90,95,97,98,99" machi="97" ten="30,12000,1" yaku="1,1,2,1,7,1,8,1,52,1,53,0" doraHai="53" doraHaiUra="109" who="2" fromWho="3" sc="198,0,283,0,279,130,230,-120" /><INIT seed="2,1,0,1,4,126" ten="198,283,409,110" oya="2" hai0="86,48,57,131,115,70,92,90,99,17,36,42,66" hai1="82,50,26,84,110,49,5,9,10,56,23,93,124" hai2="95,47,113,34,112,14,125,114,103,2,15,62,43" hai3="29,25,65,46,67,12,106,55,38,77,8,127,75"/><V98/><F2/><W81/><G127/><T4/><D115/><U30/><E124/><V19/><F125/><W72/><G106/><T44/><D4/><U135/><E110/><V64/><F34/><W40/><G75/><T117/><D117/><U16/><E135/><V116/><F116/><W13/><G55/><N who="0" m="31975" /><D17/><U109/><E109/><V63/><F19/><W128/><G128/><T120/><D120/><U118/><E118/><V71/><REACH who="2" step="1"/><F62/><REACH who="2" ten="198,283,399,110" step="2"/><W119/><G119/><T91/><D131/><U101/><E16/><V61/><F61/><W41/><G29/><T87/><D91/><U129/><E129/><V121/><F121/><W104/><G25/><T100/><D90/><U60/><E60/><AGARI ba="1,1" hai="36,42,44,60,66,70,86,87,92,99,100" m="31975" machi="60" ten="30,1000,0" yaku="24,1" doraHai="126" who="0" fromWho="1" sc="198,23,283,-13,399,0,110,0" /><INIT seed="3,0,0,2,3,130" ten="221,270,399,110" oya="3" hai0="114,7,90,28,24,76,26,37,126,105,12,58,27" hai1="135,104,6,101,118,107,61,15,129,75,59,48,117" hai2="112,40,54,30,14,120,33,77,123,94,19,89,131" hai3="35,134,71,55,63,119,50,70,95,106,34,124,9"/><W29/><G119/><N who="1" m="45578" /><E135/><V64/><F112/><W17/><G124/><T81/><D126/><U60/><E75/><V49/><F131/><W36/><G36/><T108/><D24/><U78/><E78/><V38/><F64/><W72/><G72/><T16/><D7/><U42/><E129/><V57/><F77/><W1/><G106/><T88/><D105/><U122/><E122/><V21/><F33/><N who="3" m="12299" /><G29/><T0/><D37/><U13/><E61/><V43/><F30/><W68/><G95/><T65/><D0/><U111/><E101/><V66/><F66/><N who="3" m="41055" /><G1/><T115/><D58/><U47/><E15/><V73/><F73/><W125/><G125/><T97/><D97/><U51/><E51/><V69/><F69/><W98/><G98/><T3/><D65/><U91/><E91/><V41/><REACH who="2" step="1"/><F38/><REACH who="2" ten="221,270,389,110" step="2"/><W92/><G134/><T10/><D115/><U25/><E60/><V80/><F80/><W83/><G83/><T31/><D114/><U8/><E48/><V103/><F103/><W128/><G128/><T44/><D44/><U52/><E47/><V32/><F32/><W20/><G9/><T87/><D3/><U99/><E8/><V121/><F121/><W4/><G4/><T84/><D84/><AGARI ba="0,1" hai="14,19,21,40,41,43,49,54,57,84,89,94,120,123" machi="84" ten="40,5200,0" yaku="1,1,25,2,53,0" doraHai="130" doraHaiUra="102" who="2" fromWho="0" sc="221,-52,270,0,389,62,110,0" owari="169,-23.1,270,7.0,451,55.1,110,-39.0" /></mjloggm>