<mjloggm ver="2.3"><GO type="225" lobby="0"/><UN n0="%72%61%6B%33" n1="%E7%AD%89%E3%80%85%E5%8A%9B%E5%8A%87%E5%A0%B4" n2="%E3%81%A9%E3%82%93%E3%82%88%E3%81%8F%4D%6B%2E%32" n3="%E3%83%A8%E3%82%B7%E3%83%AF" dan="17,16,16,17" rate="2177.63,2144.64,2191.67,2238.46" sx="M,M,M,M"/><TAIKYOKU oya="0"/><INIT seed="0,0,0,4,0,126" ten="250,250,250,250" oya="0" hai0="134,79,50,124,27,43,70,69,23,109,133,2,36" hai1="125,62,65,22,63,21,74,33,129,15,53,116,37" hai2="60,91,13,135,83,56,58,38,4,55,42,92,84" hai3="20,128,115,77,47,82,86,19,28,103,10,64,40"/><T5/><D124/><U24/><E74/><V113/><F113/><W100/><G115/><T9/><D79/><U96/><E37/><V114/><F114/><W106/><G106/><T71/><D36/><U93/><E33/><V34/><F34/><W95/><G128/><T117/><D117/><U111/><E125/><V3/><F3/><W131/><G131/><T119/><D119/><U122/><E116/><V51/><F135/><W88/><G64/><T18/><REACH who="0" step="1"/><D109/><REACH who="0" ten="240,250,250,250" step="2"/><U12/><E111/><V30/><F38/><W75/><G28/><T104/><D104/><U89/><E129/><V132/><F132/><W121/><G121/><T68/><N who="0" m="17408" /><DORA hai="32" /><T80/><D80/><U16/><E122/><V41/><F83/><W99/><G75/><T14/><D14/><U101/><E15/><V17/><F4/><W11/><G77/><T85/><D85/><U98/><E12/><V6/><F30/><W31/><G31/><T127/><D127/><U118/><E118/><V52/><REACH who="2" step="1"/><F6/><REACH who="2" ten="240,250,240,250" step="2"/><W72/><G72/><T8/><D8/><AGARI ba="0,2" hai="8,13,17,41,42,51,52,55,56,58,60,84,91,92" machi="8" ten="30,8000,1" yaku="1,1,2,1,7,1,8,1,54,1,53,0" doraHai="126,32" doraHaiUra="120,67" who="2" fromWho="0" sc="240,-80,250,0,240,100,250,0" /><INIT seed="1,0,0,2,3,34" ten="160,250,340,250" oya="1" hai0="119,18,30,129,86,4,93,79,50,28,64,122,55" hai1="9,62,97,116,95,1,24,33,120,56,36,73,98" hai2="0,3,132,46,125,78,100,38,13,26,127,47,99" hai3="80,87,92,59,107,58,124,106,8,68,20,113,77"/><U39/><E116/><V130/><F130/><W72/><G113/><T40/><D119/><U101/><E120/><V105/><F132/><W112/><G112/><T48/><D129/><U52/><E73/><V83/><F26/><W10/><G68/><T85/><D122/><U22/><E33/><V89/><F89/><W6/><G124/><N who="2" m="47689" /><F13/><W110/><G110/><T45/><D64/><U91/><E9/><V108/><F108/><W67/><G20/><T43/><D18/><U54/><E54/><V63/><F63/><W109/><G109/><T70/><D70/><U14/><E14/><V102/><F102/><W118/><G118/><T82/><D4/><U41/><E41/><N who="2" m="22839" /><F47/><W88/><G10/><T49/><D43/><U90/><E1/><V27/><F27/><W103/><G67/><T131/><D131/><U19/><E91/><V11/><F11/><W84/><G84/><AGARI ba="0,0" hai="0,3,78,83,84,99,100,105" m="22839,47689" machi="84" ten="30,3900,0" yaku="18,1,52,2" doraHai="34" who="2" fromWho="3" sc="160,0,250,0,340,39,250,-39" /><INIT seed="2,0,0,1,5,67" ten="160,250,379,211" oya="2" hai0="106,55,88,92,26,39,86,8,132,96,134,49,38" hai1="44,135,29,50,76,14,100,116,1,131,3,15,58" hai2="33,103,90,95,77,51,112,125,30,68,109,81,57" hai3="31,53,18,89,118,120,22,0,133,45,52,97,99"/><V13/><F112/><W37/><G118/><T72/><D72/><U34/><E116/><V41/><F125/><W65/><G120/><T124/><D124/><U108/><E108/><V105/><F105/><W17/><G0/><T12/><D26/><U111/><E111/><V123/><F103/><W2/><G2/><T107/><D39/><U46/><E135/><V24/><F123/><W87/><G133/><T101/><D38/><U36/><E131/><V91/><F68/><W16/><G65/><T10/><D10/><U21/><E34/><V35/><F109/><W122/><G122/><T80/><D134/><U47/><E36/><V11/><F33/><W75/><G75/><T59/><REACH who="0" step="1"/><D132/><REACH who="0" ten="150,250,379,211" step="2"/><U20/><E29/><V28/><F28/><W78/><G37/><T25/><D25/><U70/><E21/><V66/><F24/><N who="3" m="16791" /><G45/><T40/><D40/><U126/><E46/><V104/><F41/><W130/><G130/><T5/><AGARI ba="0,1" hai="5,8,12,49,55,59,80,86,88,92,96,101,106,107" machi="5" ten="20,5200,0" yaku="1,1,0,1,7,1,54,1,53,0" doraHai="67" doraHaiUra="114" who="0" fromWho="0" sc="150,62,250,-13,379,-26,211,-13" /><INIT seed="3,0,0,1,1,90" ten="212,237,353,198" oya="3" hai0="44,35,116,112,55,14,111,48,105,77,97,88,26" hai1="69,101,50,63,12,28,107,53,9,100,98,21,89" hai2="33,78,68,92,19,34,85,54,75,25,20,133,18" hai3="103,125,59,49,13,128,46,67,118,3,124,29,123"/><W8/><G123/><T23/><D116/><U87/><E101/><V115/><F68/><W113/><G118/><T83/><D111/><U57/><E28/><V56/><F115/><W130/><G3/><T108/><D108/><U30/><E30/><V121/><F121/><W81/><G29/><T127/><D112/><U42/><E21/><V91/><F133/><W120/><G113/><T58/><D127/><N who="3" m="48713" /><G103/><T36/><D35/><U66/><E42/><V38/><F38/><W110/><G81/><T80/><D36/><U15/><E9/><V106/><F106/><W7/><G120/><T86/><D14/><U32/><E32/><V1/><F1/><W132/><G110/><T65/><D105/><U62/><E62/><V104/><F104/><W99/><G99/><T10/><D10/><U39/><E39/><V52/><F75/><W109/><G109/><T95/><D83/><AGARI ba="0,0" hai="12,15,50,53,57,63,66,69,83,87,89,98,100,107" machi="83" ten="30,1000,0" yaku="7,1" doraHai="90" who="1" fromWho="0" sc="212,-10,237,10,353,0,198,0" owari="202,-19.8,247,4.7,353,45.3,198,-30.2" /></mjloggm>