<mjloggm ver="2.3"><GO type="225" lobby="0"/><UN n0="%E8%A6%9A%E9%86%92%E3%81%97%E3%81%9F%E3%81%A8%E3%81%BE%E3%81%A8" n1="%E9%B3%B3%E6%9D%B1%E3%81%AE%E3%81%BF%E3%81%91%E3%81%AB%E3%82%83%E3%82%93" n2="%77%72%77%72%77%72%77%72" n3="%E3%82%86%E3%82%88%E3%81%BD%E3%83%BC" dan="16,17,17,16" rate="2135.80,2179.86,2202.66,2097.18" sx="M,F,M,M"/><TAIKYOKU oya="0"/><INIT seed="0,0,0,0,2,30" ten="250,250,250,250" oya="0" hai0="20,57,78,117,28,133,59,37,65,52,44,38,66" hai1="125,39,121,41,120,97,14,36,104,92,71,46,106" hai2="108,63,53,81,13,134,68,91,131,126,42,48,9" hai3="19,99,93,122,132,110,3,114,90,22,130,70,33"/><T80/><D117/><U86/><E71/><V69/><F108/><W43/><G114/><T56/><D133/><U47/><E125/><V115/><F115/><W31/><G110/><T64/><D20/><U10/><E86/><V95/><F126/><W4/><G70/><T77/><D28/><U60/><E60/><V119/><F134/><W76/><G130/><T128/><D128/><U83/><E83/><V124/><F124/><W116/><G116/><T49/><REACH who="0" step="1"/><D77/><REACH who="0" ten="240,250,250,250" step="2"/><U87/><E121/><V25/><F131/><W15/><G132/><T94/><D94/><U55/><E120/><V24/><F119/><W6/><G122/><T5/><D5/><U8/><E106/><V7/><F81/><W123/><G123/><T101/><D101/><U62/><E104/><V54/><F95/><W26/><G76/><T23/><D23/><U96/><E92/><V84/><F7/><W16/><G3/><T0/><D0/><U58/><E8/><V67/><F9/><W11/><G43/><T73/><AGARI ba="0,1" hai="37,38,44,49,52,56,57,59,64,65,66,73,78,80" machi="73" ten="30,6000,0" yaku="1,1,0,1,54,1,53,0" doraHai="30" doraHaiUra="100" who="0" fromWho="0" sc="240,70,250,-20,250,-20,250,-20" /><INIT seed="0,1,0,1,2,62" ten="310,230,230,230" oya="0" hai0="48,90,119,118,28,33,87,42,25,11,66,86,120" hai1="91,114,37,101,18,6,103,69,26,56,126,81,67" hai2="54,55,111,7,121,19,43,53,108,132,94,97,14" hai3="17,128,8,92,71,122,46,9,16,20,65,99,50"/><T4/><D120/><U125/><E69/><V5/><F121/><W24/><G122/><T10/><D10/><U134/><E37/><V29/><F132/><W129/><G71/><T73/><D73/><U79/><E91/><V45/><F29/><W115/><G115/><T113/><D113/><U84/><E6/><V124/><F124/><N who="1" m="47721" /><E134/><V110/><F45/><W61/><G17/><T32/><D32/><U41/><E41/><V57/><F57/><N who="3" m="37039" /><G129/><T82/><D66/><U47/><E47/><V75/><F75/><W95/><G128/><T60/><D60/><N who="1" m="38279" /><E114/><V49/><F49/><W105/><G105/><T127/><D48/><U112/><E112/><V100/><REACH who="2" step="1"/><F43/><REACH who="2" ten="310,230,220,230" step="2"/><N who="3" m="24927" /><G95/><T27/><D42/><U83/><E83/><V35/><F35/><W38/><G38/><T40/><D127/><U21/><AGARI ba="1,1" hai="18,21,26,79,81,84,101,103" m="38279,47721" machi="21" ten="30,2000,0" yaku="18,1,52,1" doraHai="62" who="1" fromWho="1" sc="310,-11,230,33,220,-6,230,-6" /><INIT seed="1,0,0,5,2,97" ten="299,263,214,224" oya="1" hai0="122,128,51,70,26,14,98,93,131,33,12,95,38" hai1="47,80,94,63,101,37,130,55,20,65,66,0,27" hai2="6,99,85,32,44,87,108,79,11,34,133,39,46" hai3="40,18,86,61,107,17,67,15,13,53,74,5,45"/><U52/><E0/><V7/><F108/><W77/><G74/><T25/><D38/><U103/><E130/><N who="0" m="49705" /><D70/><U49/><E37/><V111/><F111/><W22/><G107/><T120/><D51/><N who="1" m="28799" /><E80/><V56/><F133/><W62/><G5/><T89/><D93/><U4/><E4/><V19/><F39/><W84/><G53/><T41/><D41/><U64/><E94/><V83/><F99/><W110/><G110/><T23/><D33/><U9/><E9/><V135/><F135/><W109/><G109/><T50/><D50/><U3/><E3/><V134/><F134/><W123/><G77/><T29/><D26/><U1/><E1/><V82/><F56/><W10/><G123/><AGARI ba="0,0" hai="12,14,23,25,29,89,95,98,120,122,123" m="49705" machi="123" ten="30,2000,0" yaku="13,1,19,1" doraHai="97" who="0" fromWho="3" sc="299,20,263,0,214,0,224,-20" /><INIT seed="2,0,0,1,2,8" ten="319,263,214,204" oya="2" hai0="2,112,58,71,83,35,39,103,130,118,61,60,121" hai1="6,63,59,27,87,110,120,81,16,34,92,36,55" hai2="90,99,10,107,77,84,25,100,94,109,111,47,65" hai3="80,131,79,64,124,40,0,66,57,89,106,113,75"/><V12/><F65/><W1/><G124/><T98/><D112/><U24/><E36/><V68/><F68/><W95/><G131/><T48/><D121/><U50/><E120/><V135/><F135/><W117/><G117/><T56/><D130/><U105/><E105/><V14/><F25/><W52/><G106/><T78/><D39/><U126/><E126/><V86/><F47/><W97/><G40/><T72/><D2/><U23/><E110/><N who="2" m="41995" /><F10/><W49/><G113/><T134/><D35/><U29/><E92/><V51/><F51/><W30/><REACH who="3" step="1"/><G30/><REACH who="3" ten="319,263,214,194" step="2"/><T133/><D118/><U43/><E43/><V26/><F26/><W33/><G33/><T45/><D134/><U4/><REACH who="1" step="1"/><E50/><REACH who="1" ten="319,253,214,194" step="2"/><V18/><F18/><W15/><G15/><T5/><D48/><U115/><E115/><V19/><F19/><W85/><G85/><T88/><D133/><U31/><E31/><V125/><F125/><W76/><G76/><AGARI ba="0,2" hai="4,6,16,23,24,27,29,34,55,59,63,76,81,87" machi="76" ten="30,3900,0" yaku="1,1,7,1,54,1,53,0" doraHai="8" doraHaiUra="104" who="1" fromWho="3" sc="319,0,253,59,214,0,194,-39" /><INIT seed="3,0,0,1,1,121" ten="319,312,214,155" oya="3" hai0="49,34,76,66,28,100,22,85,122,20,41,13,74" hai1="56,18,62,114,65,52,125,129,47,32,26,113,39" hai2="82,128,11,12,24,16,5,97,135,23,77,6,101" hai3="31,42,68,40,131,127,69,126,130,115,43,17,112"/><W104/><G17/><T19/><D34/><U0/><E0/><V30/><F128/><N who="3" m="49195" /><G31/><T48/><D122/><U103/><E129/><V107/><F135/><W88/><G88/><T96/><D74/><AGARI ba="0,0" hai="5,6,11,12,16,23,24,30,74,77,82,97,101,107" machi="74" ten="30,2000,0" yaku="7,1,54,1" doraHai="121" who="2" fromWho="0" sc="319,-20,312,0,214,20,155,0" owari="299,9.9,312,41.2,234,-16.6,155,-34.5" /></mjloggm>