<mjloggm ver="2.3"><GO type="225" lobby="0"/><UN n0="%52%61%69%61%6E%2E" n1="%E3%83%81%E3%83%AF%E3%83%AF%E9%9A%8A%E9%95%B7" n2="%E3%81%B5%E3%81%98%E3%81%8B%E3%81%A4" n3="%E6%81%A5%E6%99%92%E3%81%97" dan="16,16,16,16" rate="2046.95,2169.40,2170.30,2101.09" sx="M,M,M,M"/><TAIKYOKU oya="0"/><INIT seed="0,0,0,1,1,47" ten="250,250,250,250" oya="0" hai0="86,33,16,80,72,19,38,82,99,118,119,44,11" hai1="100,78,127,134,53,91,93,62,90,32,6,36,106" hai2="68,49,121,88,35,64,25,45,124,3,95,135,126" hai3="14,17,60,56,101,115,54,59,89,22,0,128,1"/><T81/><D33/><U125/><E36/><V2/><F121/><W50/><G128/><T5/><D72/><U113/><E32/><V27/><F135/><W107/><G115/><T37/><D86/><U43/><E113/><V120/><F120/><W73/><G73/><T79/><D79/><U102/><E134/><V117/><F64/><W131/><G131/><T109/><D99/><U92/><E43/><V69/><F117/><W52/><REACH who="3" step="1"/><G89/><REACH who="3" ten="250,250,250,240" step="2"/><T111/><D119/><U8/><E90/><V104/><F69/><W46/><G46/><T61/><D118/><U58/><E91/><V133/><F68/><W21/><G21/><T103/><D103/><U75/><E100/><V29/><F133/><W77/><G77/><T94/><D44/><U132/><E132/><V129/><F129/><W116/><G116/><T114/><D114/><U18/><E78/><V12/><F45/><W31/><G31/><T87/><D111/><U112/><E75/><V71/><F71/><W66/><G66/><T10/><D109/><U13/><E112/><V84/><F29/><W83/><G83/><T40/><D40/><U7/><E102/><V97/><F35/><W48/><G48/><T98/><D37/><U57/><E127/><N who="2" m="48683" /><F49/><W76/><G76/><N who="0" m="46471" /><D38/><U15/><E125/><V30/><F104/><W130/><G130/><T65/><D81/><U39/><E106/><V96/><F88/><W123/><G123/><T41/><D82/><U108/><E39/><V34/><F34/><W105/><G105/><T42/><D42/><U74/><E108/><V122/><F122/><W28/><G28/><RYUUKYOKU ba="0,1" sc="250,-10,250,-10,250,-10,240,30" hai3="0,1,14,17,22,50,52,54,56,59,60,101,107" /><INIT seed="1,1,1,0,4,8" ten="240,240,240,270" oya="1" hai0="11,91,121,37,47,94,13,100,92,82,112,17,42" hai1="18,1,115,2,69,29,123,127,6,12,98,85,14" hai2="131,109,117,36,93,103,33,134,52,135,5,4,40" hai3="28,45,80,19,31,0,111,108,73,55,60,49,132"/><U97/><E115/><V133/><F117/><W27/><G0/><T89/><D112/><U119/><E119/><V20/><F33/><W21/><G132/><T44/><D121/><U9/><E123/><V99/><F109/><W90/><G60/><T126/><D126/><U64/><E127/><V96/><F131/><W88/><G73/><T30/><D100/><U26/><E1/><V15/><F96/><W74/><G74/><T62/><D30/><U23/><E85/><V118/><F118/><W7/><G7/><T125/><D125/><U76/><E76/><V105/><F105/><W59/><G108/><T51/><D62/><N who="1" m="40087" /><E14/><V63/><F40/><N who="3" m="24743" /><G111/><T81/><D92/><U25/><E25/><V10/><F36/><W54/><G54/><T41/><REACH who="0" step="1"/><D89/><REACH who="0" ten="230,240,240,270" step="2"/><N who="3" m="34409" /><G80/><T128/><D128/><U16/><E18/><N who="2" m="10335" /><F10/><W104/><G104/><T22/><D22/><U46/><E46/><V3/><F3/><W95/><G95/><T129/><D129/><U124/><E124/><V84/><F84/><AGARI ba="1,2" hai="11,13,17,37,41,42,44,47,51,81,82,84,91,94" machi="84" ten="30,7700,0" yaku="1,1,7,1,52,1,53,1" doraHai="8" doraHaiUra="70" who="0" fromWho="2" sc="230,100,240,0,240,-80,270,0" /><INIT seed="2,0,0,0,4,53" ten="330,240,160,270" oya="2" hai0="63,15,89,14,28,21,123,109,125,76,8,99,7" hai1="19,11,86,91,45,47,97,4,110,87,105,79,55" hai2="68,20,90,133,3,25,17,41,1,5,61,130,80" hai3="18,22,33,88,120,70,35,12,94,51,34,60,54"/><V116/><F116/><W30/><G120/><T36/><D36/><U122/><E122/><V62/><F133/><W59/><G30/><T48/><D123/><U121/><E121/><V64/><F130/><W10/><G10/><T42/><D109/><U69/><E69/><V131/><F131/><W56/><G70/><T72/><D72/><U6/><E110/><V92/><F80/><W95/><REACH who="3" step="1"/><G88/><REACH who="3" ten="330,240,160,260" step="2"/><T50/><D89/><U75/><E91/><V93/><F93/><W124/><G124/><T119/><D8/><U71/><E11/><V129/><F129/><W43/><G43/><T27/><D28/><U32/><E71/><V38/><F5/><W46/><G46/><T67/><D42/><U31/><E45/><V100/><F100/><W128/><G128/><T127/><D7/><U77/><E4/><V132/><F132/><W104/><G104/><T126/><D126/><U29/><E6/><V78/><F78/><W118/><G118/><T112/><D76/><U84/><E77/><V2/><F2/><W134/><G134/><T13/><D119/><U81/><E79/><V26/><F41/><W98/><G98/><T83/><D99/><U49/><E97/><N who="2" m="57495" /><F38/><W65/><AGARI ba="0,1" hai="12,18,22,33,34,35,51,54,56,59,60,65,94,95" machi="65" ten="30,7900,0" yaku="1,1,0,1,52,2,53,0" doraHai="53" doraHaiUra="135" who="3" fromWho="3" sc="330,-20,240,-20,160,-39,260,89" /><INIT seed="3,0,0,1,4,29" ten="310,220,121,349" oya="3" hai0="123,43,48,23,69,52,120,81,1,53,61,67,66" hai1="83,18,20,79,126,135,9,80,64,100,72,86,51" hai2="85,77,28,4,35,60,44,12,114,54,73,127,128" hai3="109,133,130,89,97,106,62,27,46,38,58,36,42"/><W68/><G130/><T41/><D1/><U82/><E126/><V87/><F128/><W34/><G133/><T107/><D107/><U98/><E135/><V11/><F127/><W5/><G5/><T125/><D125/><U39/><E39/><V26/><F114/><W49/><G109/><T122/><D23/><U101/><E64/><V76/><F73/><W63/><G89/><T110/><D81/><N who="1" m="31339" /><E72/><V56/><F44/><W70/><G63/><N who="0" m="40159" /><D110/><U124/><E124/><V113/><F113/><W96/><G96/><T31/><D31/><U94/><E9/><V119/><F119/><W111/><G111/><T88/><D88/><N who="1" m="55623" /><E51/><V134/><F134/><W117/><G49/><T93/><D93/><U16/><E18/><V95/><F95/><W55/><G38/><T32/><D32/><U37/><E37/><V6/><F77/><W104/><G117/><T121/><D120/><U19/><E19/><V22/><F76/><W15/><G34/><T74/><D74/><U59/><E59/><V57/><F57/><W92/><G36/><T71/><D53/><U30/><E30/><V25/><REACH who="2" step="1"/><F6/><REACH who="2" ten="310,220,111,349" step="2"/><W132/><G132/><T115/><D115/><U99/><E99/><V0/><F0/><W2/><G97/><T90/><D90/><U21/><E21/><V103/><F103/><W84/><G2/><T112/><D112/><U108/><E108/><V118/><F118/><W24/><G70/><T14/><D14/><AGARI ba="0,1" hai="14,16,20,79,83,86,100,101" m="55623,31339" machi="14" ten="30,3900,0" yaku="8,1,54,2" doraHai="29" who="1" fromWho="0" sc="310,-39,220,49,111,0,349,0" owari="271,7.1,269,-13.1,111,-38.9,349,44.9" /></mjloggm>