<mjloggm ver="2.3"><GO type="225" lobby="0"/><UN n0="%28%EF%BF%A3%E2%96%BD%EF%BF%A3%29%CE%B4%E2%8C%92%E3%83%BB" n1="%E5%B8%86%E7%AB%8B%E5%A4%8F%E8%A1%A3" n2="%33%74%72%65%65" n3="%72%69%6F%75%63%68%61%6E" dan="16,16,16,17" rate="2101.97,2203.56,2158.11,2271.12" sx="M,M,F,M"/><TAIKYOKU oya="0"/><INIT seed="0,0,0,1,3,113" ten="250,250,250,250" oya="0" hai0="68,7,4,132,120,29,52,134,18,10,117,75,77" hai1="3,33,63,26,47,69,9,125,122,53,50,119,16" hai2="82,30,81,124,90,61,116,91,13,25,21,17,32" hai3="23,76,100,98,60,130,114,85,54,6,95,101,78"/><T126/><D68/><U48/><E122/><V83/><F124/><W27/><G114/><T72/><D120/><U34/><E125/><V56/><REACH who="2" step="1"/><F116/><REACH who="2" ten="250,250,240,250" step="2"/><W107/><G130/><T1/><D126/><U71/><E119/><V131/><F131/><W79/><G6/><T106/><D117/><U103/><E34/><V92/><F92/><W64/><G107/><T0/><D106/><U88/><E33/><V35/><F35/><W46/><G46/><T127/><D127/><U62/><E47/><V8/><F8/><W87/><G101/><T129/><D129/><U128/><E9/><V14/><F14/><W96/><G96/><T43/><D10/><U105/><E103/><V44/><F44/><W42/><G42/><T41/><D41/><U58/><E105/><V94/><F94/><W36/><G36/><T99/><D43/><U80/><E128/><V93/><F93/><W40/><G40/><T109/><D99/><U67/><E3/><V37/><F37/><W28/><REACH who="3" step="1"/><G54/><AGARI ba="0,1" hai="13,17,21,25,30,32,54,56,61,81,82,83,90,91" machi="54" ten="40,2600,0" yaku="1,1,53,1" doraHai="113" doraHaiUra="15" who="2" fromWho="3" sc="250,0,250,0,240,36,250,-26" /><INIT seed="1,0,0,2,2,44" ten="250,250,276,224" oya="1" hai0="97,92,117,133,42,109,82,113,104,95,21,51,130" hai1="94,26,66,49,29,2,134,0,1,17,87,14,68" hai2="91,15,16,4,116,112,46,72,85,22,125,114,120" hai3="60,3,128,118,28,103,64,119,45,135,8,75,32"/><U107/><E107/><V81/><F116/><N who="3" m="44587" /><G75/><T62/><D117/><U36/><E36/><V131/><F120/><W38/><G128/><T47/><D130/><U76/><E134/><V100/><F131/><W99/><G135/><T65/><D133/><U123/><E123/><V77/><F125/><W35/><G28/><T18/><D113/><U40/><E66/><V57/><F100/><W101/><G103/><T108/><D82/><U121/><E68/><V25/><F57/><W20/><G20/><T43/><D43/><U5/><E121/><V31/><F4/><N who="3" m="1055" /><G38/><T83/><D83/><U78/><E5/><V115/><F72/><W41/><G41/><T80/><D80/><U10/><E94/><V33/><F77/><W55/><G55/><T86/><D86/><U61/><E87/><V9/><F22/><W48/><G45/><AGARI ba="0,0" hai="9,15,16,25,31,33,45,46,81,85,91,112,114,115" machi="45" ten="40,2600,0" yaku="11,1,54,1" doraHai="44" who="2" fromWho="3" sc="250,0,250,0,276,26,224,-26" /><INIT seed="2,0,0,2,4,72" ten="250,250,302,198" oya="2" hai0="134,106,47,43,115,132,41,48,27,59,44,12,124" hai1="133,78,39,77,73,87,126,46,107,100,83,3,90" hai2="62,108,95,31,53,112,7,135,71,2,0,119,85" hai3="80,66,91,104,82,89,42,65,94,15,110,13,123"/><V21/><F112/><W105/><G42/><T130/><D106/><N who="3" m="41065" /><G94/><T114/><D27/><U60/><E3/><V68/><F119/><W84/><G84/><T30/><D30/><U103/><E60/><V28/><F95/><W51/><G51/><N who="0" m="27023" /><D12/><N who="3" m="4681" /><G123/><T81/><D81/><N who="3" m="31337" /><G110/><T8/><D8/><U113/><E46/><V49/><F85/><W29/><G29/><T22/><D22/><U120/><E120/><V33/><F21/><W25/><G25/><T129/><D59/><U23/><E23/><V4/><F28/><W17/><G17/><T19/><D19/><U93/><E113/><N who="0" m="43017" /><D124/><U11/><E126/><V36/><F31/><W98/><G98/><T111/><D111/><U24/><E11/><V18/><F18/><W61/><G61/><T75/><D75/><U76/><E24/><V26/><F62/><W70/><G70/><T56/><D56/><U117/><E117/><V57/><F71/><W74/><G74/><T54/><D43/><U58/><E58/><V10/><F68/><W63/><G63/><T96/><D96/><N who="1" m="61831" /><E39/><V9/><F36/><W67/><AGARI ba="0,0" hai="65,66,67,89,91" m="31337,4681,41065" machi="67" ten="40,2700,0" yaku="28,2" doraHai="72" who="3" fromWho="3" sc="250,-7,250,-7,302,-13,198,27" /><INIT seed="3,0,0,3,0,43" ten="243,243,289,225" oya="3" hai0="96,110,8,75,79,62,108,118,103,24,65,41,47" hai1="58,32,101,130,4,91,135,112,133,127,128,23,125" hai2="6,76,71,83,61,70,3,18,132,33,20,60,116" hai3="93,9,81,86,50,45,48,129,122,2,114,42,10"/><W35/><G114/><T55/><D118/><U36/><E32/><V59/><F116/><W1/><G122/><T84/><D75/><U39/><E112/><V0/><F33/><W5/><G35/><T73/><D73/><U29/><E4/><V51/><F132/><N who="1" m="50761" /><E58/><V88/><F51/><W26/><G129/><N who="1" m="49770" /><E91/><V28/><F88/><N who="3" m="51279" /><G1/><T117/><D117/><U63/><E63/><V77/><F6/><W119/><G2/><T97/><D62/><U74/><E101/><V102/><F102/><W31/><G119/><T16/><D103/><U121/><E74/><V105/><F0/><W111/><G111/><T80/><D110/><U126/><E121/><V113/><F3/><W134/><G134/><T53/><D108/><U87/><E87/><V15/><F113/><W90/><G5/><T94/><D96/><U106/><E106/><V89/><F105/><W27/><G50/><T99/><D97/><U100/><E100/><V19/><F61/><W92/><G92/><T82/><D94/><U49/><E49/><V115/><F60/><W54/><G54/><T22/><D99/><U7/><E7/><V64/><F115/><W72/><G72/><T67/><D55/><U107/><E107/><V109/><F109/><W95/><G95/><T13/><D53/><U124/><E124/><V66/><F66/><W69/><G69/><T34/><D34/><U78/><E78/><N who="2" m="30315" /><F70/><W37/><G48/><N who="0" m="26735" /><D82/><U123/><E123/><V131/><F71/><W11/><G31/><AGARI ba="0,0" hai="8,13,16,22,24,31,65,67,79,80,84" m="26735" machi="31" ten="30,3900,0" yaku="8,1,52,1,54,1" doraHai="43" who="0" fromWho="3" sc="243,39,243,0,289,0,225,-39" /><INIT seed="4,0,0,5,0,12" ten="282,243,289,186" oya="0" hai0="96,10,115,62,40,18,27,67,82,90,60,66,106" hai1="94,55,30,101,29,75,93,1,23,42,68,51,120" hai2="57,6,121,48,36,49,104,105,76,111,100,2,117" hai3="17,79,33,86,130,132,109,8,32,69,11,124,14"/><T83/><D115/><U81/><E1/><V44/><F111/><W9/><G109/><T110/><D110/><U26/><E68/><V85/><F121/><W16/><G69/><T112/><D112/><U127/><E127/><V20/><F117/><W50/><G124/><T125/><D40/><U116/><E116/><V41/><F2/><W107/><G107/><T129/><D129/><U34/><E120/><V114/><F6/><W102/><G130/><T78/><D125/><U87/><E75/><V97/><F114/><W61/><G132/><T88/><D106/><U28/><E42/><V37/><F104/><W74/><G74/><T98/><D78/><U135/><E34/><V65/><F20/><N who="3" m="11287" /><G32/><T53/><D53/><U38/><E38/><V35/><F35/><W73/><G73/><T71/><D10/><U77/><E135/><V4/><F4/><W89/><G33/><T80/><D71/><U22/><E101/><V54/><F65/><N who="0" m="24586" /><D96/><U126/><E126/><V119/><F119/><W0/><G0/><T113/><D113/><U92/><REACH who="1" step="1"/><E23/><REACH who="1" ten="282,233,289,186" step="2"/><V103/><F103/><W24/><G102/><T15/><D90/><U131/><E131/><V133/><F133/><W122/><G122/><T72/><D72/><U39/><E39/><V43/><F43/><W5/><G79/><T45/><D88/><U52/><E52/><V118/><F118/><W47/><G89/><T13/><D83/><U134/><E134/><V7/><F37/><W3/><G3/><T95/><D82/><U21/><E21/><V128/><F36/><W59/><G5/><T84/><D80/><RYUUKYOKU ba="0,1" sc="282,-10,233,30,289,-10,186,-10" hai1="22,26,28,29,30,51,55,77,81,87,92,93,94" /><INIT seed="5,1,1,4,5,56" ten="272,263,279,176" oya="1" hai0="100,72,6,25,38,69,92,50,121,36,35,11,48" hai1="12,104,2,21,81,7,78,62,80,108,96,134,122" hai2="53,115,128,87,74,89,49,0,54,8,13,95,34" hai3="127,135,117,130,61,73,9,102,133,63,79,59,52"/><U86/><E122/><V64/><F128/><W39/><G130/><T14/><D72/><U82/><E2/><V111/><F111/><W131/><G131/><T88/><D100/><U75/><E134/><N who="3" m="51210" /><G39/><T94/><D69/><U19/><E108/><V55/><F115/><W124/><G117/><T106/><D106/><U26/><E104/><V1/><F34/><W24/><G102/><T41/><D94/><U15/><E96/><V68/><F74/><W29/><G9/><T28/><D121/><U107/><E107/><V67/><F68/><W37/><G37/><T110/><D110/><U116/><E116/><V76/><F1/><W44/><G44/><T51/><REACH who="0" step="1"/><D41/><REACH who="0" ten="262,263,279,176" step="2"/><U32/><E75/><V109/><F109/><W46/><G46/><T97/><AGARI ba="1,2" hai="6,11,14,25,28,35,36,38,48,50,51,88,92,97" machi="97" ten="30,7900,0" yaku="1,1,2,1,0,1,54,1,53,0" doraHai="56" doraHaiUra="40" who="0" fromWho="0" sc="262,102,263,-40,279,-21,176,-21" owari="364,46.4,223,-17.7,258,5.8,155,-34.5" /></mjloggm>