<mjloggm ver="2.3"><GO type="225" lobby="0"/><UN n0="%4D%6F%6E%61%6E%61" n1="%E3%82%BD%E3%83%AB%E3%83%88%E3%82%AF%E3%83%AA%E3%83%BC%E3%82%AF" n2="%72%65%6E%6B%75%6E" n3="%4B%2E%32%2E%4B%2E" dan="16,16,17,16" rate="2131.70,2083.30,2263.01,2137.26" sx="F,M,M,M"/><TAIKYOKU oya="0"/><INIT seed="0,0,0,1,3,98" ten="250,250,250,250" oya="0" hai0="104,72,76,34,59,100,103,32,69,65,6,105,30" hai1="43,107,28,90,10,21,94,13,93,134,84,101,49" hai2="33,77,66,122,87,7,133,95,25,110,37,47,35" hai3="81,60,75,124,18,29,88,74,27,8,115,83,99"/><T15/><D15/><U12/><E107/><V71/><F122/><W51/><G115/><T129/><D59/><U5/><E134/><V121/><F121/><W70/><G124/><T126/><D126/><U2/><E2/><V79/><F7/><W117/><G117/><T73/><D6/><U111/><E111/><V68/><F133/><W40/><G74/><T22/><D22/><U135/><E135/><V11/><F11/><W41/><G70/><T118/><D65/><U91/><E43/><V31/><F33/><W97/><G60/><T109/><D30/><U125/><E125/><V114/><F114/><W61/><G61/><T26/><D26/><U17/><E49/><V48/><F37/><W63/><G75/><T19/><D19/><U58/><E58/><V55/><F110/><W0/><G63/><T120/><D76/><U56/><E56/><V54/><F54/><W80/><G51/><T24/><D24/><U46/><E46/><V108/><F108/><W92/><G99/><T119/><D109/><U102/><E28/><V23/><F35/><W112/><G112/><T3/><D3/><U131/><E131/><V67/><F68/><W14/><REACH who="3" step="1"/><G0/><REACH who="3" ten="250,250,250,240" step="2"/><T78/><D69/><U62/><E62/><V132/><F132/><W96/><G96/><AGARI ba="0,1" hai="5,10,12,13,17,21,84,90,91,93,94,96,101,102" machi="96" ten="30,7700,0" yaku="7,1,8,1,52,2" doraHai="98" who="1" fromWho="3" sc="250,0,250,87,250,0,240,-77" /><INIT seed="1,0,0,4,0,44" ten="250,337,250,163" oya="1" hai0="100,95,20,93,68,123,61,70,47,115,87,9,105" hai1="53,98,118,10,66,30,112,69,97,127,29,25,22" hai2="99,54,37,23,82,2,63,129,14,114,131,21,55" hai3="57,81,75,126,13,0,43,31,27,33,102,73,36"/><U60/><E112/><V108/><F37/><W59/><G126/><T12/><D105/><U62/><E118/><V96/><F2/><W35/><G35/><T6/><D115/><U83/><E127/><V133/><F114/><W120/><G120/><T107/><D107/><U58/><E10/><V134/><F82/><W78/><G73/><T1/><D123/><U103/><E83/><V111/><F14/><W104/><G13/><T15/><D61/><AGARI ba="0,0" hai="21,23,54,55,61,63,96,99,108,111,129,131,133,134" machi="61" ten="25,1600,0" yaku="22,2" doraHai="44" who="2" fromWho="0" sc="250,-16,337,0,250,16,163,0" /><INIT seed="2,0,0,2,4,88" ten="234,337,266,163" oya="2" hai0="111,10,121,26,107,49,8,50,95,44,99,79,60" hai1="47,52,30,61,35,133,65,71,33,84,63,116,17" hai2="103,32,109,81,101,90,125,135,118,91,108,25,69" hai3="6,41,102,127,77,96,21,16,72,82,89,98,53"/><V27/><F69/><W119/><G127/><T67/><D107/><U83/><E116/><V59/><F118/><W54/><G119/><T2/><D121/><U39/><E133/><V38/><F38/><W51/><G6/><T134/><D111/><U43/><E17/><V9/><F125/><W34/><G34/><T23/><D134/><U1/><E1/><V132/><F59/><W105/><G41/><T66/><D79/><U75/><E75/><V62/><F62/><W45/><G54/><T36/><D36/><U70/><E30/><V129/><F9/><N who="0" m="3690" /><D60/><U24/><E24/><V113/><F81/><W37/><G37/><T0/><D50/><U131/><E131/><V130/><REACH who="2" step="1"/><F32/><REACH who="2" ten="234,337,256,163" step="2"/><W106/><G106/><T15/><D2/><U104/><E71/><V20/><F20/><W58/><G58/><T4/><D0/><U124/><E124/><V22/><F22/><W7/><G7/><T13/><D4/><U68/><E68/><V117/><F117/><W122/><G122/><T57/><D57/><U126/><E126/><V114/><AGARI ba="0,1" hai="25,27,90,91,101,103,108,109,113,114,129,130,132,135" machi="114" ten="25,9600,0" yaku="1,1,0,1,22,2,53,0" doraHai="88" doraHaiUra="18" who="2" fromWho="2" sc="234,-32,337,-32,256,106,163,-32" /><INIT seed="2,1,0,3,4,71" ten="202,305,362,131" oya="2" hai0="2,81,60,46,32,98,83,65,12,102,37,122,128" hai1="22,77,99,0,135,72,92,1,129,24,10,124,62" hai2="107,131,87,17,109,79,116,125,134,8,100,50,97" hai3="38,29,4,58,74,132,34,20,30,80,76,120,25"/><V73/><F116/><W86/><G132/><T45/><D2/><U93/><E72/><V16/><F73/><W51/><G120/><T15/><D32/><U52/><E77/><V84/><F134/><W11/><G30/><T115/><D115/><U14/><E135/><V112/><F112/><W35/><G86/><T63/><D122/><U123/><E0/><V114/><F114/><W130/><G130/><T26/><D128/><U59/><E1/><V40/><F131/><W108/><G108/><T127/><D26/><U66/><E129/><V3/><F109/><W110/><G110/><T113/><D113/><U111/><E111/><V41/><F125/><W118/><G118/><T133/><D98/><U43/><E43/><V6/><F41/><W33/><G51/><T61/><D133/><U89/><E93/><V126/><F126/><W39/><REACH who="3" step="1"/><G58/><REACH who="3" ten="202,305,362,121" step="2"/><T88/><D127/><U56/><E124/><V28/><F28/><W105/><G105/><T95/><D63/><U67/><E123/><V19/><F79/><W21/><G21/><T96/><D61/><U55/><E22/><V75/><F75/><W27/><G27/><T57/><D60/><N who="1" m="35871" /><E24/><V90/><F50/><W9/><G9/><T13/><D57/><U18/><AGARI ba="1,1" hai="10,14,18,52,59,62,66,67,89,92,99" m="35871" machi="18" ten="30,2000,0" yaku="8,1,54,1" doraHai="71" who="1" fromWho="1" sc="202,-6,305,33,362,-11,121,-6" /><INIT seed="3,0,0,1,2,69" ten="196,338,351,115" oya="3" hai0="56,5,119,32,49,25,37,47,11,6,107,108,52" hai1="96,76,105,23,21,82,63,62,115,39,135,46,84" hai2="4,34,122,70,33,42,125,81,80,117,53,1,27" hai3="132,104,58,40,124,98,64,7,43,110,109,45,13"/><W133/><G7/><T99/><D108/><N who="3" m="41577" /><G13/><T12/><D119/><U106/><E115/><V123/><F70/><W83/><G83/><N who="2" m="31817" /><F117/><W9/><G9/><T26/><D32/><U18/><E21/><V54/><F42/><N who="3" m="15915" /><G124/><T57/><D37/><U44/><E39/><V31/><F34/><W79/><G79/><T20/><D26/><U14/><E135/><N who="3" m="51786" /><G45/><T85/><D6/><U61/><E106/><V121/><F125/><W28/><G28/><T10/><D11/><AGARI ba="0,0" hai="1,4,11,27,31,33,53,54,121,122,123" m="31817" machi="11" ten="40,1300,0" yaku="13,1" doraHai="69" who="2" fromWho="0" sc="196,-13,338,0,351,13,115,0" owari="183,-21.7,338,13.8,364,46.4,115,-38.5" /></mjloggm>