<mjloggm ver="2.3"><GO type="225" lobby="0"/><UN n0="%28%EF%BF%A3%E2%96%BD%EF%BF%A3%29%CE%B4%E2%8C%92%E3%83%BB" n1="%E3%81%99%E3%81%84%E3%81%BE%E3%81%9B%E3%83%BC%E3%82%93" n2="%E3%81%A9%E3%82%8F%E3%82%93%E3%81%94" n3="%E6%B8%A9%E2%98%85%E6%83%85%E2%98%85%E6%8E%AA%E2%98%85%E7%BD%AE" dan="16,18,16,18" rate="2137.03,2203.59,2089.85,2183.37" sx="M,M,M,M"/><TAIKYOKU oya="0"/><INIT seed="0,0,0,5,4,10" ten="250,250,250,250" oya="0" hai0="130,70,121,101,62,133,124,100,7,29,114,61,131" hai1="56,90,14,36,76,30,79,89,23,28,5,115,19" hai2="118,8,112,111,33,57,22,98,134,108,72,94,84" hai3="44,47,132,32,129,34,66,95,48,87,125,77,93"/><T37/><D37/><U75/><E36/><V25/><F33/><W6/><G132/><T50/><D114/><U9/><E115/><V99/><F112/><W82/><G129/><N who="0" m="49163" /><D121/><U51/><E75/><V53/><F72/><W92/><G125/><T119/><D119/><U106/><E106/><V46/><F46/><W123/><G123/><T16/><D29/><N who="1" m="11371" /><E79/><V122/><F122/><W2/><G66/><N who="0" m="41295" /><D7/><U96/><E76/><V65/><F65/><W83/><G6/><T120/><D120/><U127/><E96/><V43/><F134/><W21/><G2/><T110/><D133/><U52/><E127/><V86/><F118/><W126/><G126/><T11/><D124/><U31/><N who="1" m="11379" /><U80/><DORA hai="41" /><E80/><V105/><F105/><W42/><G83/><T71/><D110/><U73/><E73/><V4/><F111/><W3/><G3/><T85/><D85/><U81/><E81/><V68/><F86/><W97/><G97/><T49/><D101/><U18/><E5/><V64/><F84/><W113/><G113/><T13/><D100/><U128/><E128/><V45/><F108/><W17/><G34/><T59/><D71/><U12/><AGARI ba="0,0" hai="9,12,14,18,19,23,51,52,56,89,90" m="11379" machi="12" ten="40,8000,1" yaku="8,1,52,2,54,1" doraHai="10,41" who="1" fromWho="1" sc="250,-40,250,80,250,-20,250,-20" /><INIT seed="1,0,0,0,2,118" ten="210,330,230,230" oya="1" hai0="73,69,117,82,63,105,85,76,40,84,43,15,100" hai1="53,90,135,28,20,116,67,30,4,131,98,112,7" hai2="119,35,54,77,1,25,16,87,102,106,46,61,109" hai3="22,68,110,125,2,37,3,122,129,99,133,50,111"/><U108/><E112/><V71/><F119/><W104/><RYUUKYOKU type="yao9" ba="0,0" sc="210,0,330,0,230,0,230,0" hai3="2,3,22,37,50,68,99,104,110,111,122,125,129,133" /><INIT seed="1,1,0,2,0,58" ten="210,330,230,230" oya="1" hai0="127,47,32,25,42,59,43,51,132,88,30,31,75" hai1="23,22,113,70,129,57,106,63,74,109,105,8,62" hai2="54,79,45,99,55,48,134,15,119,27,66,122,76" hai3="135,77,108,46,96,24,40,126,61,121,86,49,56"/><U72/><E113/><V41/><F134/><W10/><G121/><T120/><D75/><U81/><E129/><V107/><F119/><W83/><G135/><T3/><D132/><U5/><E109/><V118/><F118/><W14/><G108/><T39/><D120/><U19/><E70/><V100/><F122/><W103/><G126/><T112/><D112/><U44/><E44/><V80/><F76/><W68/><G68/><T20/><D3/><U21/><E19/><V11/><F27/><W131/><G24/><T17/><D127/><U50/><E50/><V2/><F66/><W84/><G131/><T33/><D43/><U73/><E81/><V117/><F2/><W71/><G71/><T133/><D133/><U78/><E78/><V60/><F60/><W16/><G83/><T37/><D33/><U26/><E26/><V38/><F38/><W6/><G6/><T92/><D59/><U125/><E125/><V4/><REACH who="2" step="1"/><F117/><REACH who="2" ten="210,330,220,230" step="2"/><W36/><G36/><T93/><D32/><U111/><E111/><V94/><F94/><N who="3" m="58775" /><G77/><T69/><D39/><U65/><REACH who="1" step="1"/><E63/><REACH who="1" ten="210,320,220,230" step="2"/><V29/><F29/><W0/><G0/><AGARI ba="1,2" hai="0,5,8,21,22,23,57,62,65,72,73,74,105,106" machi="0" ten="50,9600,0" yaku="1,1,2,1,52,1,53,0" doraHai="58" doraHaiUra="95" who="1" fromWho="3" sc="210,0,320,119,220,0,230,-99" /><INIT seed="1,2,0,5,4,10" ten="210,439,220,131" oya="1" hai0="73,37,125,82,16,83,0,49,17,55,132,53,99" hai1="48,116,9,102,104,86,2,127,21,23,80,74,42" hai2="85,41,29,123,101,118,22,108,59,20,25,18,129" hai3="135,5,61,92,8,109,34,36,68,130,31,51,72"/><U69/><E69/><V120/><F41/><W95/><G36/><T71/><D37/><U94/><E116/><V45/><F45/><W30/><G72/><T103/><D0/><U81/><E127/><V52/><F118/><W112/><G112/><T40/><D71/><U7/><E104/><V32/><F101/><W65/><G109/><T105/><D125/><U35/><E35/><V128/><F108/><W91/><G130/><N who="2" m="50281" /><F85/><W115/><G115/><T24/><D132/><U62/><E62/><N who="2" m="36199" /><F32/><W134/><G51/><T56/><D40/><U13/><E102/><V122/><F122/><W111/><G111/><T58/><D73/><U100/><E100/><V4/><F4/><W46/><G46/><T106/><D106/><U133/><E7/><V19/><F29/><W119/><G119/><T6/><D6/><U54/><E42/><V70/><F70/><W50/><G50/><T44/><D44/><U28/><E48/><V76/><F76/><W88/><G34/><T96/><D49/><U84/><E74/><V43/><F43/><W3/><G95/><T38/><D103/><U12/><E94/><V64/><F64/><W33/><G33/><T114/><D105/><U57/><E57/><V131/><N who="2" m="50289" /><V110/><DORA hai="93" /><F110/><W77/><G77/><T26/><REACH who="0" step="1"/><D38/><REACH who="0" ten="200,439,220,131" step="2"/><U78/><E78/><V121/><F123/><W15/><G3/><T97/><D97/><U89/><E2/><V75/><F75/><W39/><G39/><T124/><D124/><U87/><E81/><V107/><F107/><W60/><G68/><T67/><D67/><U47/><E80/><RYUUKYOKU ba="2,1" sc="200,15,439,-15,220,15,131,-15" hai0="16,17,24,26,53,55,56,58,82,83,96,99,114" hai2="18,19,20,22,25,120,121" /><INIT seed="2,3,1,2,2,61" ten="215,424,235,116" oya="2" hai0="36,85,4,113,8,54,100,106,58,112,129,69,76" hai1="12,65,84,78,79,135,29,43,89,126,86,117,87" hai2="34,41,94,82,23,116,42,39,47,25,75,91,37" hai3="81,10,51,118,0,55,93,111,22,14,11,99,70"/><V72/><F116/><W131/><G118/><T56/><D69/><U20/><E117/><V5/><F34/><W53/><G70/><T1/><D36/><U66/><E135/><V108/><F5/><W73/><G111/><T71/><D71/><U97/><E126/><V74/><F108/><W130/><G73/><T57/><D129/><N who="3" m="49161" /><G81/><T50/><D76/><N who="1" m="29227" /><E43/><V62/><F82/><W90/><G0/><T101/><D85/><N who="1" m="32875" /><E97/><V21/><F62/><W103/><G103/><T132/><D132/><U105/><E105/><V64/><F25/><W16/><G55/><T46/><REACH who="0" step="1"/><D106/><REACH who="0" ten="205,424,235,116" step="2"/><U114/><E114/><AGARI ba="3,2" hai="1,4,8,46,50,54,56,57,58,100,101,112,113,114" machi="114" ten="40,8000,1" yaku="1,1,2,1,53,3" doraHai="61" doraHaiUra="52" who="0" fromWho="1" sc="205,109,424,-89,235,0,116,0" /><INIT seed="3,0,0,3,5,5" ten="314,335,235,116" oya="3" hai0="27,103,56,79,2,96,1,77,47,29,15,41,92" hai1="118,124,64,128,60,40,101,9,88,30,17,13,80" hai2="87,62,58,98,75,50,42,66,71,22,32,63,90" hai3="126,110,12,20,114,83,94,26,57,82,108,104,43"/><W54/><G104/><T69/><D69/><U23/><E128/><V36/><F32/><W119/><G114/><T45/><D1/><U109/><E109/><N who="3" m="42090" /><G119/><T95/><D2/><U115/><E115/><V0/><F75/><W135/><G135/><T107/><D47/><U55/><E124/><V38/><F98/><W18/><G43/><T106/><D56/><U8/><E118/><V100/><F100/><W73/><G73/><T85/><D106/><U129/><E129/><V78/><F42/><W65/><G65/><T49/><D15/><U84/><E101/><V123/><F66/><W24/><G94/><T28/><D28/><U111/><E111/><V7/><F38/><W19/><G126/><T120/><D120/><U48/><E40/><V121/><F36/><W99/><G99/><T125/><D125/><U81/><E81/><N who="3" m="30730" /><G19/><T14/><D107/><U72/><E72/><V112/><F123/><W89/><G89/><T44/><D95/><U133/><E133/><V68/><F90/><W39/><G39/><T25/><D92/><U132/><E132/><V11/><F112/><W67/><G67/><T37/><D96/><U10/><E64/><V131/><F131/><W59/><G59/><T33/><D103/><U91/><E91/><V86/><F121/><W53/><G53/><N who="0" m="29863" /><D85/><U105/><E105/><V93/><F93/><W127/><G127/><T34/><D79/><U122/><E122/><V117/><F78/><W4/><G4/><T35/><D77/><U51/><E88/><V6/><F7/><W134/><G134/><T46/><D37/><U21/><E84/><RYUUKYOKU ba="0,0" sc="314,-10,335,-10,235,-10,116,30" hai3="12,18,20,24,26,54,57" /><INIT seed="3,1,0,4,1,77" ten="304,325,225,146" oya="3" hai0="113,11,53,69,90,134,129,33,65,71,14,7,15" hai1="6,81,20,78,0,121,72,88,3,22,101,51,40" hai2="107,52,91,41,24,104,92,1,132,2,109,100,49" hai3="42,86,93,105,36,18,124,61,43,68,98,103,58"/><W10/><G124/><T89/><D33/><U26/><E121/><V60/><F41/><W45/><G68/><T106/><D106/><U64/><E64/><V131/><F60/><W30/><G43/><T67/><D129/><U127/><E101/><V62/><F62/><W44/><G44/><T39/><D39/><U76/><E76/><V79/><F131/><W28/><G18/><T97/><D134/><U83/><E6/><V112/><F112/><W17/><G17/><T123/><D123/><U115/><E22/><V21/><F79/><W133/><G10/><N who="0" m="4447" /><D71/><U73/><E73/><V74/><F74/><W122/><G133/><T70/><D69/><U55/><E40/><V31/><F132/><W120/><G120/><T4/><D70/><U130/><E127/><V96/><F107/><W54/><REACH who="3" step="1"/><G122/><REACH who="3" ten="304,325,225,136" step="2"/><T59/><D113/><U34/><E115/><V135/><F135/><W27/><G27/><T110/><D4/><U37/><E130/><V47/><REACH who="2" step="1"/><F109/><REACH who="2" ten="304,325,215,136" step="2"/><W57/><G57/><T82/><D59/><U19/><E26/><V48/><F48/><W119/><G119/><T94/><D110/><U66/><E51/><V75/><F75/><W85/><G85/><AGARI ba="1,2" hai="1,2,21,24,31,47,49,52,85,91,92,96,100,104" machi="85" ten="30,3900,0" yaku="1,1,7,1,54,1,53,0" doraHai="77" doraHaiUra="114" who="2" fromWho="3" sc="304,0,325,0,215,62,136,-42" owari="304,10.4,325,42.5,277,-12.3,94,-40.6" /></mjloggm>