<mjloggm ver="2.3"><GO type="225" lobby="0"/><UN n0="%E3%83%81%E3%83%AF%E3%83%AF%E9%9A%8A%E9%95%B7" n1="%E6%B4%BE%E9%81%A3%E3%81%AE%E3%82%B8%E3%83%A3%E3%83%83%E3%82%AF" n2="%E6%98%93%E5%88%A9%E8%96%A9%E4%BC%AF" n3="%E5%86%B7%E5%87%8D%E3%82%AE%E3%83%A7%E3%83%BC%E3%82%B6" dan="16,17,16,16" rate="2186.91,2241.67,2112.73,2177.33" sx="M,M,F,M"/><TAIKYOKU oya="0"/><INIT seed="0,0,0,1,2,48" ten="250,250,250,250" oya="0" hai0="104,89,105,127,113,70,44,77,112,23,123,47,29" hai1="109,111,4,131,57,73,69,35,92,64,63,125,66" hai2="103,13,95,19,62,106,134,132,90,99,107,129,25" hai3="79,15,32,37,116,16,60,117,67,14,36,11,82"/><T28/><D123/><U2/><E35/><V21/><F129/><W42/><G32/><T133/><D70/><U122/><E73/><V58/><F13/><W46/><G15/><T5/><D127/><U18/><E122/><V115/><F115/><W39/><G116/><T41/><D133/><N who="2" m="51306" /><F103/><W34/><G34/><T91/><D77/><U76/><E76/><V27/><F27/><W55/><G117/><T71/><D71/><U102/><E125/><V75/><F75/><W50/><G42/><T61/><D41/><U7/><E18/><V100/><F100/><W8/><G8/><T65/><D61/><U110/><E131/><V114/><F114/><W101/><G101/><T83/><D65/><AGARI ba="0,0" hai="19,21,25,58,62,65,90,95,99,106,107" m="51306" machi="65" ten="30,1000,0" yaku="20,1" doraHai="48" who="2" fromWho="0" sc="250,-10,250,0,250,10,250,0" /><INIT seed="1,0,0,3,2,95" ten="240,250,260,250" oya="1" hai0="39,33,134,56,31,61,48,42,10,130,117,85,86" hai1="14,54,72,125,74,2,41,35,44,129,9,90,7" hai2="52,113,124,132,26,121,21,80,71,18,37,70,135" hai3="12,28,75,34,1,57,63,131,127,49,69,53,116"/><U110/><E35/><V66/><F37/><W91/><G1/><T25/><D117/><U16/><E125/><V112/><F121/><W58/><G116/><T81/><D39/><U82/><E129/><V60/><F124/><W102/><G69/><T99/><D130/><U8/><E110/><V105/><F105/><W84/><G127/><T78/><D134/><N who="2" m="51242" /><F80/><W123/><G123/><T97/><D85/><N who="1" m="50487" /><E41/><V109/><F109/><W36/><G75/><T32/><D32/><U77/><E77/><V104/><F104/><W51/><G36/><T114/><D114/><N who="2" m="44138" /><F66/><W23/><G34/><T4/><D42/><U103/><E103/><V40/><F40/><W67/><G102/><T106/><D106/><U79/><E79/><V96/><F96/><W65/><G65/><T45/><D78/><U5/><E5/><V17/><F17/><N who="3" m="10663" /><G28/><T19/><D31/><U115/><E115/><V94/><F94/><N who="3" m="54631" /><G131/><T50/><D81/><U15/><E2/><V93/><F93/><W107/><G107/><T55/><D4/><U111/><E111/><V20/><F20/><W101/><G101/><T27/><D33/><U68/><E68/><V13/><F13/><W3/><G3/><T92/><D92/><U24/><E24/><V122/><F122/><W46/><G46/><T47/><D47/><U87/><E87/><V76/><F76/><W0/><G0/><T100/><D86/><U133/><E133/><V108/><F108/><W29/><G29/><T126/><D126/><U6/><E6/><V83/><F83/><W43/><G43/><T11/><D100/><U59/><E44/><RYUUKYOKU ba="0,0" sc="240,-30,250,10,260,10,250,10" hai1="7,8,9,14,15,16,54,59,72,74" hai2="18,21,26,52,60,70,71" hai3="49,51,53,57,58,63,67" /><INIT seed="1,1,0,5,5,77" ten="210,260,270,260" oya="1" hai0="119,98,32,123,113,100,13,4,19,67,0,61,135" hai1="39,57,125,120,109,26,72,121,95,40,14,86,36" hai2="30,9,69,18,55,133,84,53,31,63,21,115,118" hai3="91,11,130,80,129,131,54,68,94,104,66,29,96"/><U7/><E72/><V44/><F118/><W78/><G104/><T75/><D119/><U105/><E105/><V82/><F133/><W23/><G54/><T116/><D116/><U10/><E125/><V81/><F115/><W12/><G66/><T93/><D113/><U76/><E109/><V2/><F69/><W83/><G68/><T62/><D32/><U51/><E26/><V111/><F2/><W8/><G8/><T65/><D135/><U16/><E7/><V49/><F111/><W128/><N who="3" m="32768" /><DORA hai="43" /><W15/><G78/><T22/><D123/><U17/><E17/><V88/><F82/><N who="3" m="31275" /><G11/><N who="0" m="4327" /><D75/><U89/><E76/><V28/><F9/><W70/><G70/><T127/><D65/><U64/><E64/><V103/><F103/><W114/><G114/><T101/><D101/><U24/><E120/><V27/><F63/><W20/><G29/><T58/><D67/><U112/><E112/><V46/><F55/><W5/><G5/><T37/><D0/><U122/><E122/><V50/><F50/><W134/><G134/><T99/><D61/><U79/><E121/><V90/><F90/><W74/><G74/><T59/><D62/><U45/><E79/><V52/><F53/><W3/><G3/><T117/><D117/><U126/><E126/><V73/><F73/><W33/><G33/><T35/><D127/><U1/><E1/><V47/><AGARI ba="1,0" hai="18,21,27,28,30,31,44,46,47,49,52,81,84,88" machi="47" ten="30,16000,3" yaku="0,1,8,1,52,4,54,2" doraHai="77,43" who="2" fromWho="2" sc="210,-41,260,-81,270,163,260,-41" /><INIT seed="2,0,0,1,0,122" ten="169,179,433,219" oya="2" hai0="63,99,96,49,101,61,38,52,71,34,48,7,74" hai1="1,12,62,77,10,24,110,66,91,40,125,102,98" hai2="5,21,118,93,15,0,80,134,86,18,6,31,4" hai3="90,128,112,25,114,105,59,76,20,69,29,88,64"/><V133/><F118/><W123/><G123/><T39/><D74/><U26/><E1/><V130/><F130/><W124/><G128/><T35/><D7/><U129/><E77/><V72/><F31/><W53/><G105/><T70/><REACH who="0" step="1"/><D52/><REACH who="0" ten="159,179,433,219" step="2"/><U73/><E73/><V16/><F6/><W116/><G53/><T75/><D75/><U113/><E129/><V56/><F5/><W127/><G114/><T108/><D108/><U46/><E113/><V103/><F4/><W55/><G112/><T126/><D126/><U68/><E125/><V117/><F72/><W23/><G55/><T17/><D17/><U19/><E110/><V50/><F18/><W47/><G124/><T121/><D121/><U111/><E111/><V51/><F16/><W83/><G127/><T84/><D84/><U67/><E67/><V43/><F86/><W37/><G64/><T44/><D44/><U120/><E120/><V42/><F0/><W32/><G47/><T33/><D33/><U8/><E8/><V89/><F117/><W65/><G65/><T14/><D14/><U82/><E46/><V2/><F15/><W9/><G9/><T107/><D107/><N who="1" m="63959" /><E40/><V28/><F43/><W36/><G116/><T57/><D57/><U79/><E79/><V95/><F56/><W92/><G59/><T97/><D97/><U41/><E41/><V109/><F42/><W131/><G131/><T119/><D119/><U60/><E60/><V135/><F109/><W104/><G104/><T22/><D22/><U132/><E132/><V106/><F2/><W45/><G23/><T3/><D3/><RYUUKYOKU ba="0,1" sc="159,15,179,15,433,-15,219,-15" hai0="34,35,38,39,48,49,61,63,70,71,96,99,101" hai1="10,12,19,24,26,62,66,68,82,91" /><INIT seed="3,1,1,3,4,19" ten="174,194,418,204" oya="3" hai0="60,13,55,95,121,103,100,32,130,88,52,107,2" hai1="59,48,7,90,61,26,35,102,92,33,20,80,118" hai2="27,29,3,21,30,57,36,89,76,132,78,93,10" hai3="9,40,83,6,98,94,128,53,84,34,75,44,28"/><W41/><G75/><T112/><D2/><U123/><E123/><V23/><F36/><W1/><G128/><T47/><D121/><U31/><E7/><V119/><F132/><W86/><G34/><T106/><D32/><U96/><E118/><V65/><F3/><W122/><G28/><N who="2" m="10857" /><F10/><W46/><G122/><T66/><D130/><U104/><E48/><V67/><F119/><W0/><G0/><T74/><D74/><U71/><E71/><V126/><F126/><W12/><G1/><T73/><D73/><U42/><E42/><N who="3" m="16490" /><G53/><N who="0" m="20555" /><D112/><U77/><E77/><N who="2" m="29803" /><F57/><W50/><G50/><T22/><D107/><U51/><E51/><V4/><F4/><W120/><G120/><T81/><D106/><U49/><E49/><V43/><F43/><W108/><G108/><T70/><D70/><U79/><E79/><V135/><F135/><W111/><G111/><T131/><D131/><U69/><E69/><V5/><F5/><W110/><G110/><T124/><D124/><U11/><E104/><V125/><F125/><W117/><G117/><T97/><D47/><N who="3" m="17961" /><G83/><T56/><D81/><U134/><E134/><V63/><F63/><W101/><AGARI ba="1,1" hai="6,9,12,84,86,94,98,101" m="17961,16490" machi="101" ten="30,1500,0" yaku="8,1" doraHai="19" who="3" fromWho="3" sc="174,-6,194,-6,418,-6,204,28" /><INIT seed="3,2,0,5,2,84" ten="168,188,412,232" oya="3" hai0="52,15,92,28,32,121,11,106,111,108,25,118,41" hai1="68,59,46,10,33,60,75,27,40,115,124,17,70" hai2="93,80,90,119,21,113,36,5,107,125,122,67,55" hai3="94,104,82,45,87,100,131,8,26,105,31,91,109"/><W34/><G131/><T53/><D106/><U130/><E115/><V71/><F113/><W0/><G109/><N who="0" m="42059" /><D118/><U101/><E75/><V85/><F36/><W43/><G0/><T72/><D121/><U56/><E101/><V58/><F125/><W83/><G8/><T54/><D72/><U7/><E124/><V73/><F119/><W49/><G82/><T89/><D41/><U97/><E97/><V38/><F38/><W114/><G114/><T117/><D117/><U123/><E123/><V79/><F21/><W14/><G14/><T134/><D134/><U112/><E112/><V24/><F24/><W6/><G6/><N who="0" m="3575" /><D53/><U99/><E99/><AGARI ba="2,0" hai="25,28,32,52,54,89,92,99" m="3575,42059" machi="99" ten="30,3900,0" yaku="14,1,52,1,54,1" doraHai="84" who="0" fromWho="1" sc="168,45,188,-45,412,0,232,0" owari="213,-18.7,143,-35.7,412,51.2,232,3.2" /></mjloggm>