<mjloggm ver="2.3"><GO type="225" lobby="0"/><UN n0="%66%67%67%68%68%64%66" n1="%77%72%77%72%77%72%77%72" n2="%E3%83%99%E3%83%AB%E3%83%A2%E3%83%83%E3%83%88" n3="%E3%81%A9%E3%82%8F%E3%82%93%E3%81%94" dan="16,16,16,16" rate="2060.76,2222.05,2105.36,2087.30" sx="M,M,M,M"/><TAIKYOKU oya="0"/><INIT seed="0,0,0,1,5,110" ten="250,250,250,250" oya="0" hai0="120,35,104,32,37,86,89,114,118,50,65,122,51" hai1="41,128,105,49,10,18,21,85,103,77,58,8,91" hai2="60,52,100,36,23,112,74,2,106,97,5,129,28" hai3="111,44,125,53,1,11,113,46,66,4,0,92,95"/><T40/><D104/><U33/><E33/><V47/><F129/><W55/><G66/><T12/><D118/><U24/><E128/><V121/><F74/><W73/><G73/><T90/><D65/><U98/><E77/><V130/><F130/><W132/><G111/><T38/><D12/><U93/><REACH who="1" step="1"/><E58/><REACH who="1" ten="250,240,250,250" step="2"/><V63/><F121/><W71/><G71/><T45/><D32/><U61/><E61/><V42/><F63/><W26/><G132/><T123/><D35/><U78/><E78/><V94/><F60/><W15/><G125/><T107/><D123/><U30/><E30/><V56/><F28/><W124/><G124/><T117/><D122/><U7/><E7/><V16/><F5/><W99/><G4/><T75/><D120/><U127/><E127/><V72/><F56/><W13/><G46/><AGARI ba="0,1" hai="8,10,18,21,24,41,46,49,85,91,93,98,103,105" machi="46" ten="40,1300,0" yaku="1,1,53,0" doraHai="110" doraHaiUra="31" who="1" fromWho="3" sc="250,0,240,23,250,0,250,-13" /><INIT seed="1,0,0,4,2,37" ten="250,263,250,237" oya="1" hai0="44,100,105,79,11,119,34,22,110,48,38,81,73" hai1="117,67,118,74,54,13,115,108,15,97,47,28,45" hai2="58,77,71,91,76,17,0,19,75,12,9,5,24" hai3="96,132,104,16,64,95,50,68,82,3,99,40,42"/><U84/><E115/><V57/><F71/><W86/><G3/><T93/><D119/><U124/><E74/><V55/><F75/><W14/><G104/><T18/><D34/><U89/><E124/><V59/><F91/><N who="3" m="51671" /><G68/><T29/><D110/><U123/><E123/><V83/><F24/><W87/><G132/><T125/><D125/><U69/><E108/><V129/><F129/><W43/><G64/><T51/><D105/><U53/><E67/><V1/><F1/><W103/><G50/><T111/><D29/><U35/><E69/><V46/><F46/><N who="1" m="17417" /><E35/><V90/><F90/><N who="3" m="53727" /><G103/><T126/><D126/><U122/><E122/><V135/><F135/><W49/><G49/><T98/><D111/><U130/><E130/><V116/><F116/><W102/><G102/><T8/><D38/><U30/><E97/><V61/><F0/><W128/><G128/><T39/><D39/><U88/><E89/><V10/><F83/><W62/><G62/><T112/><D112/><U65/><E65/><V121/><F121/><W114/><G114/><T26/><REACH who="0" step="1"/><D51/><REACH who="0" ten="240,263,250,237" step="2"/><U25/><E118/><V41/><F61/><W127/><G127/><T32/><D32/><U4/><E30/><V60/><F60/><W2/><G2/><T33/><D33/><U106/><E28/><V92/><F59/><W94/><G94/><T56/><D56/><U20/><E117/><V7/><F92/><W120/><G120/><T6/><D6/><U85/><E4/><V52/><F12/><W27/><G14/><T133/><D133/><U36/><E106/><V80/><F80/><W63/><G63/><RYUUKYOKU ba="0,1" sc="240,10,263,-30,250,10,237,10" hai0="8,11,18,22,26,44,48,73,79,81,93,98,100" hai2="5,7,9,10,17,19,41,52,55,57,58,76,77" hai3="16,27,40,42,43,96,99" /><INIT seed="2,1,1,0,1,100" ten="250,233,260,247" oya="2" hai0="80,3,107,26,61,83,114,36,89,43,0,34,94" hai1="109,24,77,21,98,14,101,65,88,32,30,91,120" hai2="129,23,132,93,17,128,86,44,81,74,11,48,125" hai3="112,110,13,22,111,99,15,130,118,51,121,70,113"/><V127/><F74/><W64/><G70/><T103/><D114/><N who="3" m="44137" /><G64/><T46/><D61/><U7/><E109/><N who="3" m="41482" /><G121/><T102/><D102/><U122/><E77/><N who="2" m="46383" /><F93/><W27/><G118/><T33/><D83/><U76/><E76/><V45/><F11/><W20/><G130/><N who="2" m="50281" /><F132/><W126/><G126/><N who="2" m="48137" /><F48/><W62/><G99/><T40/><D80/><U4/><E122/><V55/><F55/><W82/><G82/><T73/><D73/><U97/><E97/><V38/><F38/><W58/><G51/><T68/><D36/><U29/><E120/><V105/><F105/><W49/><G49/><T90/><D107/><U25/><E65/><V63/><F63/><W96/><G96/><T116/><D94/><U108/><E108/><V6/><F6/><W131/><G131/><T67/><D67/><U134/><E134/><V18/><F18/><N who="3" m="12759" /><G62/><T71/><D43/><U16/><E4/><V69/><F69/><W59/><G20/><T72/><D68/><U104/><E7/><V78/><F78/><W85/><G85/><T50/><D71/><U52/><E52/><V117/><F117/><W57/><AGARI ba="1,1" hai="13,15,57,58,59" m="12759,41482,44137" machi="57" ten="40,2700,0" yaku="11,1,14,1" doraHai="100" who="3" fromWho="3" sc="250,-8,233,-8,260,-14,247,40" /><INIT seed="3,0,0,2,4,131" ten="242,225,246,287" oya="3" hai0="104,110,97,73,99,75,85,126,129,118,8,23,58" hai1="55,53,35,91,72,106,79,59,41,27,38,111,63" hai2="66,92,37,57,109,127,67,65,122,96,112,19,28" hai3="95,87,116,61,74,0,6,84,69,76,29,13,36"/><W33/><G116/><T120/><D118/><U68/><E68/><V42/><F112/><W86/><G36/><T52/><D120/><U12/><E106/><V11/><F28/><W94/><G0/><T124/><D129/><U30/><E111/><V7/><F109/><W130/><G130/><T31/><D110/><U39/><E41/><V40/><F127/><N who="0" m="48682" /><D85/><U105/><E105/><V45/><F40/><W14/><G33/><T50/><D8/><U5/><E91/><V102/><F19/><W4/><G29/><T62/><D62/><U21/><E53/><V81/><F81/><W71/><G87/><T47/><D47/><U60/><E60/><V70/><F122/><W107/><G61/><T119/><D119/><U80/><REACH who="1" step="1"/><E5/><REACH who="1" ten="242,215,246,287" step="2"/><V64/><F70/><W83/><G107/><T114/><D114/><U108/><E108/><V123/><F123/><W113/><G113/><T43/><D43/><U77/><E77/><V22/><F67/><W17/><G76/><T46/><D104/><U115/><E115/><V49/><F66/><W89/><G71/><T15/><D52/><U101/><E101/><V93/><F65/><W32/><G69/><T133/><D50/><U56/><E56/><V10/><F49/><W54/><G54/><T51/><D58/><U125/><E125/><V44/><F57/><W128/><G128/><T134/><D51/><U9/><E9/><V34/><F11/><W1/><G4/><T82/><D46/><U18/><AGARI ba="0,1" hai="12,18,21,27,30,35,38,39,55,59,63,72,79,80" machi="18" ten="30,4000,0" yaku="1,1,0,1,53,1" doraHai="131" doraHaiUra="16" who="1" fromWho="1" sc="242,-10,215,50,246,-10,287,-20" /><INIT seed="4,0,0,4,3,47" ten="232,265,236,267" oya="0" hai0="31,12,68,48,58,117,66,115,106,132,131,104,83" hai1="72,27,51,75,41,91,103,42,64,77,123,29,96" hai2="113,108,23,101,20,79,14,40,15,97,85,38,110" hai3="86,126,67,135,3,84,7,121,39,4,70,22,95"/><T45/><D117/><U92/><E123/><V18/><F113/><W130/><G39/><T102/><D68/><U57/><E77/><V10/><F38/><W111/><G111/><T125/><D115/><U128/><E128/><V98/><F79/><W88/><G130/><T99/><D131/><U89/><E75/><V65/><F65/><W33/><G33/><T30/><D132/><U49/><E72/><V62/><F62/><W16/><G135/><T59/><D106/><U36/><E36/><V5/><F85/><W32/><G32/><T90/><D125/><U26/><E26/><V44/><F23/><W122/><G126/><T80/><D12/><U73/><E73/><V133/><F133/><W11/><G7/><T1/><D1/><U76/><E76/><V114/><F114/><W17/><G86/><T87/><D80/><U0/><E0/><V13/><F13/><W53/><G53/><T82/><D82/><U28/><E42/><V6/><F98/><W50/><G50/><N who="1" m="18954" /><E41/><V93/><F108/><W56/><G70/><T69/><D69/><U127/><E127/><V55/><F40/><W52/><G122/><T63/><REACH who="0" step="1"/><D59/><REACH who="0" ten="222,265,236,267" step="2"/><U46/><E57/><V100/><F110/><W19/><G121/><T129/><D129/><U118/><E118/><V24/><F15/><W71/><G71/><T120/><D120/><U25/><E25/><V60/><F5/><W34/><G3/><T94/><D94/><U8/><E92/><V124/><F124/><W37/><G4/><T116/><D116/><U107/><E27/><V109/><F109/><W119/><G119/><RYUUKYOKU ba="0,1" sc="222,30,265,-10,236,-10,267,-10" hai0="30,31,45,48,58,63,66,83,87,90,99,102,104" /><INIT seed="4,1,1,3,3,66" ten="252,255,226,257" oya="0" hai0="118,92,17,44,26,105,18,110,1,133,126,40,84" hai1="48,125,32,4,35,82,7,111,50,116,120,70,23" hai2="121,85,60,46,24,71,14,132,43,53,101,28,8" hai3="112,130,80,57,98,103,117,42,94,102,68,95,22"/><T11/><D118/><U55/><E70/><V106/><F121/><W109/><G68/><T108/><D105/><U62/><E116/><V58/><F132/><W99/><G117/><T88/><D126/><U72/><E125/><V31/><F85/><W30/><G112/><T5/><D133/><U114/><E23/><V74/><F74/><W25/><G109/><N who="0" m="42091" /><D26/><U93/><E114/><V86/><F86/><W52/><G130/><T107/><D107/><U78/><E120/><V90/><F90/><W6/><G6/><T19/><D19/><U122/><E122/><V100/><F106/><W51/><G42/><T33/><D33/><U67/><E35/><V123/><F123/><W12/><G12/><T0/><D0/><U97/><E48/><AGARI ba="1,1" hai="1,5,11,17,18,40,44,48,84,88,92" m="42091" machi="48" ten="30,2900,0" yaku="10,1,54,1" doraHai="66" who="0" fromWho="1" sc="252,42,255,-32,226,0,257,0" /><INIT seed="4,2,0,0,2,117" ten="294,223,226,257" oya="0" hai0="127,135,9,46,13,113,114,85,39,88,5,106,120" hai1="87,123,116,70,92,27,62,93,3,111,91,1,48" hai2="103,131,73,76,118,49,64,24,98,74,0,26,60" hai3="128,78,14,32,23,10,121,20,34,115,126,17,59"/><T95/><D120/><U18/><E123/><V130/><F0/><W6/><G78/><T72/><D72/><N who="2" m="27754" /><F76/><W69/><G69/><T104/><D135/><U75/><E111/><V30/><F49/><W51/><G121/><T100/><D127/><U7/><E75/><V132/><F30/><W52/><G126/><T66/><D66/><U25/><E116/><V36/><F36/><W19/><G115/><N who="0" m="44043" /><D100/><U129/><E129/><N who="2" m="49163" /><F118/><W37/><G37/><T81/><D81/><U31/><E7/><V38/><F38/><W61/><G128/><T28/><D28/><U16/><E48/><V56/><F132/><W84/><G84/><T45/><D45/><U83/><E1/><V107/><AGARI ba="2,0" hai="24,26,56,60,64,98,103,107" m="49163,27754" machi="107" ten="30,1100,0" yaku="19,1" doraHai="117" who="2" fromWho="2" sc="294,-7,223,-5,226,17,257,-5" /><INIT seed="5,0,0,5,5,130" ten="287,218,243,252" oya="1" hai0="3,64,94,121,38,68,5,119,108,39,20,102,133" hai1="114,87,129,23,99,34,70,59,53,112,42,40,95" hai2="105,118,17,36,54,120,6,97,49,22,78,103,21" hai3="0,32,125,115,85,123,58,19,66,76,35,37,41"/><U31/><E129/><V92/><F36/><W30/><G123/><T116/><D108/><U63/><E70/><V100/><F118/><W4/><G37/><N who="0" m="13835" /><D94/><U48/><E34/><V2/><F78/><W29/><G41/><T56/><D20/><U104/><E104/><V82/><F82/><W74/><G74/><T16/><D16/><U135/><E87/><V13/><F120/><W45/><G45/><T50/><D102/><U61/><E135/><V81/><F81/><W113/><G125/><T107/><D5/><U52/><E23/><V75/><F75/><W60/><G19/><T132/><D3/><U101/><E31/><N who="3" m="11786" /><G85/><T79/><D79/><U47/><REACH who="1" step="1"/><E63/><REACH who="1" ten="287,208,243,252" step="2"/><V71/><F71/><W11/><G76/><T77/><D133/><U27/><E27/><V33/><F33/><W12/><G35/><T84/><D132/><U1/><E1/><V43/><F2/><W65/><G32/><T109/><D107/><U62/><E62/><V98/><F22/><W14/><G0/><T18/><D68/><U9/><E9/><N who="2" m="4279" /><F105/><W10/><G10/><T7/><D84/><U89/><E89/><V69/><F69/><W90/><G90/><T128/><D128/><U44/><E44/><N who="2" m="27943" /><F98/><W131/><G131/><T8/><D77/><U91/><E91/><N who="2" m="55455" /><F43/><AGARI ba="0,1" hai="40,42,43,47,48,52,53,59,61,95,99,101,112,114" machi="43" ten="40,3900,0" yaku="1,1,54,1,53,0" doraHai="130" doraHaiUra="106" who="1" fromWho="2" sc="287,0,208,49,243,-39,252,0" /><INIT seed="5,1,0,5,0,62" ten="287,257,204,252" oya="1" hai0="76,19,71,128,127,67,77,85,116,115,10,104,111" hai1="126,7,113,6,36,97,26,99,78,17,61,101,119" hai2="120,80,13,44,96,135,86,23,20,5,58,14,21" hai3="92,60,9,133,75,89,123,72,66,2,53,82,106"/><U31/><E119/><V84/><F135/><W73/><G123/><T25/><D111/><U91/><E36/><V132/><F132/><W22/><G133/><T18/><D104/><U52/><E113/><V130/><F130/><W16/><G106/><T39/><D115/><U24/><E78/><V50/><F120/><W103/><G53/><T64/><D39/><U121/><E126/><V108/><F108/><W125/><G103/><T70/><D116/><U43/><E43/><V88/><F58/><W79/><G125/><T42/><D42/><U129/><E129/><V49/><F5/><N who="1" m="1545" /><E31/><V134/><F134/><W63/><G9/><T55/><D127/><U29/><E29/><V59/><F59/><W8/><G8/><T114/><D114/><U3/><E3/><V105/><F105/><W4/><G4/><T37/><D37/><U28/><E28/><V124/><F124/><W109/><G2/><T74/><D74/><U100/><E17/><V33/><F33/><W1/><G1/><T48/><D71/><U32/><E32/><V11/><F11/><W107/><G107/><T112/><D70/><U54/><E91/><N who="2" m="51591" /><F96/><N who="1" m="36937" /><E121/><V46/><F46/><W0/><G0/><T102/><D112/><U34/><E34/><V41/><F50/><W69/><G109/><T15/><D128/><U45/><E45/><V56/><F56/><W81/><G79/><T110/><D77/><U83/><E61/><V57/><F57/><W95/><G60/><T94/><D110/><U90/><E100/><V12/><F23/><W27/><G89/><T98/><D102/><U65/><E101/><RYUUKYOKU ba="1,0" sc="287,-15,257,-15,204,15,252,15" hai2="12,13,14,20,21,41,44,49,86,88" hai3="16,22,27,63,66,69,72,73,75,81,82,92,95" /><INIT seed="6,2,0,5,4,123" ten="272,242,219,267" oya="2" hai0="4,83,121,45,89,24,36,103,2,87,73,27,19" hai1="104,60,124,127,57,69,26,0,91,74,43,95,78" hai2="3,61,100,105,75,79,64,55,88,115,53,17,59" hai3="12,67,98,132,23,99,97,94,106,114,1,11,29"/><V113/><F3/><W77/><G1/><T32/><D121/><U120/><E120/><V22/><F75/><W49/><G106/><T35/><D103/><U135/><E0/><V111/><F79/><W21/><G132/><T52/><D73/><U40/><E104/><V5/><F5/><W33/><G77/><T92/><D36/><U8/><E69/><V109/><F88/><W133/><G133/><T10/><D92/><U119/><E119/><V118/><F118/><W130/><G67/><T117/><D117/><U81/><E26/><N who="2" m="14671" /><F100/><W18/><G33/><T62/><D62/><U6/><E135/><V126/><F126/><N who="1" m="48169" /><E8/><V37/><F37/><W116/><G29/><T96/><D96/><N who="1" m="57471" /><E6/><V58/><F105/><W39/><G39/><T128/><D4/><U112/><E112/><N who="2" m="43083" /><F64/><AGARI ba="2,0" hai="40,43,57,60,64,74,78,81" m="57471,48169" machi="64" ten="30,1000,0" yaku="18,1" doraHai="123" who="1" fromWho="2" sc="272,0,242,16,219,-16,267,0" /><INIT seed="7,0,0,0,5,81" ten="272,258,203,267" oya="3" hai0="47,85,117,93,65,19,108,106,6,64,87,16,60" hai1="69,32,120,84,38,73,1,3,50,28,39,5,8" hai2="131,94,90,71,114,27,130,2,123,121,53,115,23" hai3="35,17,18,92,31,22,0,134,102,119,62,111,129"/><W46/><G119/><T72/><D117/><U112/><E120/><N who="2" m="46155" /><F71/><W52/><G0/><T91/><D72/><U79/><E73/><V15/><F53/><W78/><G35/><T107/><D108/><U37/><E32/><V80/><F80/><W34/><G34/><T126/><D126/><U45/><E112/><N who="2" m="43051" /><F2/><W36/><G62/><T29/><D60/><U100/><E1/><V4/><F90/><W125/><G52/><T48/><D91/><U95/><E69/><V41/><F41/><W116/><G92/><T9/><D93/><U101/><E95/><V51/><F51/><W98/><G98/><T43/><D48/><U57/><E57/><V124/><F94/><W75/><G102/><T7/><D43/><U103/><E103/><V59/><F59/><W68/><G68/><T25/><D107/><U135/><E101/><V70/><F70/><W61/><G61/><T76/><D106/><U132/><E100/><V82/><F82/><W127/><G127/><T55/><D55/><U40/><E37/><V54/><F54/><W10/><G125/><T11/><D76/><U86/><E79/><V33/><F124/><W24/><G78/><T26/><D65/><U88/><E38/><V14/><F33/><W42/><G36/><T99/><D64/><U21/><E39/><V110/><F110/><W77/><G42/><T118/><D47/><U44/><E44/><V97/><F97/><W56/><G46/><T63/><D99/><U13/><E3/><V104/><F104/><W30/><G111/><T133/><D118/><U67/><E45/><V20/><F4/><RYUUKYOKU ba="0,0" sc="272,0,258,0,203,0,267,0" owari="272,37.2,258,-14.2,203,-29.7,267,6.7" /></mjloggm>