<mjloggm ver="2.3"><GO type="225" lobby="0"/><UN n0="%E6%B4%BE%E9%81%A3%E3%81%AE%E3%82%B8%E3%83%A3%E3%83%83%E3%82%AF" n1="%E3%81%A8%E3%82%93%E3%81%A8%E3%81%93%E3%81%A8%E3%82%93" n2="%E3%83%B4%E3%82%A3%E3%83%AF%E3%82%B3%E3%82%B0%E3%83%8B" n3="%68%6F%72%69%30%39%30%31" dan="17,16,16,16" rate="2236.92,2107.19,2162.01,2058.17" sx="M,M,M,M"/><TAIKYOKU oya="0"/><INIT seed="0,0,0,2,0,32" ten="250,250,250,250" oya="0" hai0="66,86,46,132,111,106,7,100,102,94,59,0,82" hai1="57,135,119,18,39,24,90,40,77,34,36,23,42" hai2="28,9,35,117,8,91,88,71,130,2,81,84,51" hai3="47,73,107,72,104,123,26,98,6,129,126,128,134"/><T15/><D106/><N who="3" m="40489" /><G6/><T12/><D132/><U37/><E119/><V101/><F71/><W109/><G47/><T55/><D111/><U95/><E135/><V115/><F115/><W33/><G26/><T19/><D0/><U49/><E77/><V41/><F101/><N who="0" m="39018" /><D94/><U112/><E112/><V124/><F130/><N who="3" m="50283" /><G33/><T56/><D66/><U85/><E34/><V64/><F124/><W96/><G134/><T133/><D133/><U122/><REACH who="1" step="1"/><E122/><REACH who="1" ten="250,240,250,250" step="2"/><V50/><F117/><W61/><G123/><T27/><D27/><U21/><E21/><V110/><F35/><W4/><G126/><T48/><D7/><U67/><E67/><V78/><F64/><W53/><G4/><T69/><D69/><U20/><E20/><V30/><F110/><W22/><G22/><N who="0" m="11623" /><D15/><U125/><E125/><V52/><F9/><W127/><G127/><T60/><D60/><U11/><E11/><V113/><F113/><W13/><G13/><T54/><D54/><AGARI ba="0,1" hai="18,23,24,36,37,39,40,42,49,54,57,85,90,95" machi="54" ten="40,8000,1" yaku="1,1,53,3" doraHai="32" doraHaiUra="70" who="1" fromWho="0" sc="250,-80,240,90,250,0,250,0" /><INIT seed="1,0,0,0,3,98" ten="170,330,250,250" oya="1" hai0="101,123,5,135,7,58,6,46,96,14,12,117,102" hai1="66,71,134,82,65,48,119,64,87,67,78,81,130" hai2="107,79,131,42,20,62,114,11,17,97,63,77,113" hai3="70,35,80,116,125,100,45,33,32,37,15,121,118"/><U36/><E119/><N who="3" m="45610" /><G121/><T95/><D117/><U51/><E130/><V49/><F131/><W4/><G70/><T92/><D123/><U122/><E122/><V68/><F11/><N who="3" m="4583" /><G125/><T27/><D135/><U90/><E36/><V84/><F97/><W13/><G13/><N who="0" m="5227" /><D46/><U38/><E38/><V132/><F107/><W124/><G124/><T0/><D0/><U69/><E134/><V25/><F132/><W53/><G80/><T89/><D27/><U22/><E22/><V41/><F84/><W3/><G3/><T30/><D30/><U75/><N who="1" m="16384" /><DORA hai="8" /><U129/><REACH who="1" step="1"/><E129/><REACH who="1" ten="170,320,250,250" step="2"/><V54/><F20/><W10/><G37/><T60/><D92/><U73/><E73/><V93/><F93/><W72/><G72/><T55/><AGARI ba="0,1" hai="5,6,7,55,58,60,89,95,96,101,102" m="5227" machi="55" ten="30,12000,2" yaku="8,1,52,5" doraHai="98,8" who="0" fromWho="0" sc="170,130,320,-60,250,-30,250,-30" /><INIT seed="2,0,0,5,2,52" ten="300,260,220,220" oya="2" hai0="127,111,18,89,10,124,97,49,42,30,96,81,116" hai1="51,102,1,27,48,8,44,56,29,77,59,113,126" hai2="88,28,114,50,38,72,47,45,129,101,6,22,2" hai3="128,69,41,130,134,90,20,39,135,17,86,32,4"/><V35/><F114/><W24/><G69/><T33/><D111/><U55/><E113/><V71/><F71/><W12/><G39/><T3/><D116/><U74/><E126/><V23/><F72/><W119/><G41/><T60/><D30/><U110/><E110/><V19/><F38/><W112/><G112/><T131/><D33/><U120/><E120/><V25/><F129/><N who="3" m="49771" /><G90/><T100/><D131/><U79/><E102/><V70/><F70/><W109/><G86/><N who="0" m="50383" /><D60/><U105/><E105/><V76/><F76/><N who="1" m="29257" /><E1/><V0/><F101/><W125/><G125/><T46/><D3/><U80/><E74/><V103/><F103/><W15/><G109/><T68/><D68/><U36/><E36/><V108/><F108/><W64/><G64/><T99/><D124/><U16/><E80/><V84/><F6/><W132/><G119/><T57/><D127/><U115/><E115/><V58/><F35/><W5/><G15/><N who="0" m="7543" /><D100/><U7/><E7/><V104/><F0/><W54/><G54/><T123/><D123/><U67/><E67/><V91/><F2/><W11/><G32/><T83/><D83/><U122/><E122/><V9/><F91/><W13/><G13/><T85/><D85/><U82/><E82/><N who="2" m="49175" /><F104/><W106/><G106/><T31/><D31/><AGARI ba="0,0" hai="4,5,11,12,17,20,24,31,132,134,135" m="49771" machi="31" ten="40,8000,1" yaku="20,1,19,1,34,2" doraHai="52" who="3" fromWho="0" sc="300,-80,260,0,220,0,220,80" /><INIT seed="3,0,0,4,1,5" ten="220,260,220,300" oya="3" hai0="128,63,117,119,109,118,28,102,131,36,89,42,100" hai1="135,19,116,32,101,122,70,127,90,45,3,126,76" hai2="129,81,53,35,80,75,12,51,85,103,59,14,115" hai3="2,106,46,72,41,58,133,34,66,83,132,93,104"/><W107/><G34/><T61/><D109/><U78/><E122/><V27/><F115/><W108/><G2/><T96/><D28/><U114/><E114/><V40/><F129/><N who="0" m="49738" /><D89/><U84/><E32/><V1/><F1/><W125/><G108/><T26/><D26/><U18/><E70/><V91/><F103/><N who="0" m="39466" /><D96/><U88/><E3/><V95/><F40/><W15/><G125/><T7/><D7/><U29/><E29/><V73/><F73/><W54/><G93/><T121/><D121/><U123/><E101/><V110/><F110/><W23/><G72/><T13/><D13/><N who="2" m="5226" /><F75/><W43/><G83/><N who="2" m="31817" /><F35/><W57/><G15/><T71/><D71/><U39/><E123/><V16/><F16/><W69/><G23/><T10/><D10/><U8/><E8/><V64/><F64/><W62/><G104/><T44/><AGARI ba="0,0" hai="36,42,44,61,63,117,118,119" m="39466,49738" machi="44" ten="40,1500,0" yaku="19,1" doraHai="5" who="0" fromWho="0" sc="220,15,260,-4,220,-4,300,-7" /><INIT seed="4,0,0,2,4,95" ten="235,256,216,293" oya="0" hai0="63,110,8,69,20,21,18,10,94,73,41,101,111" hai1="109,19,81,71,24,119,31,44,52,0,115,45,130" hai2="6,103,16,55,125,5,46,56,127,38,22,36,91" hai3="72,84,7,120,42,88,86,92,30,123,134,116,100"/><T79/><D41/><U104/><E109/><N who="0" m="41481" /><D79/><U53/><E119/><V105/><F91/><N who="3" m="53351" /><G116/><T85/><D73/><U118/><E118/><V128/><F128/><W108/><G108/><T26/><D21/><U76/><E71/><V66/><F66/><W33/><G7/><N who="2" m="2569" /><F46/><W80/><G42/><T133/><D133/><U106/><E130/><V107/><F56/><W61/><G61/><T23/><D23/><U87/><E104/><N who="2" m="40011" /><F55/><W9/><G9/><T83/><D83/><U12/><E106/><V15/><F103/><W29/><G134/><T58/><D69/><U35/><E0/><V75/><F75/><W34/><G100/><T13/><D13/><U114/><E44/><V57/><F57/><W131/><G72/><T3/><D3/><U2/><E2/><V70/><F70/><W40/><G40/><T122/><D122/><N who="3" m="46633" /><G131/><T54/><D101/><U50/><REACH who="1" step="1"/><E53/><REACH who="1" ten="235,246,216,293" step="2"/><V17/><F17/><W77/><G77/><T102/><D102/><U49/><E49/><V4/><N who="2" m="2577" /><V37/><AGARI ba="0,1" hai="15,16,22,36,37,38,125,127" m="40011,2577" machi="37" ten="50,3200,0" yaku="4,1,54,1" doraHai="95" who="2" fromWho="2" sc="235,-16,246,-8,216,42,293,-8" /><INIT seed="5,0,0,0,1,46" ten="219,238,258,285" oya="1" hai0="85,94,126,114,105,10,45,8,130,98,47,24,77" hai1="52,44,78,25,70,125,80,109,121,58,127,2,18" hai2="88,96,62,120,101,36,66,74,41,49,72,48,135" hai3="22,67,17,117,91,60,11,64,128,63,3,81,110"/><U16/><E121/><V28/><F120/><W132/><G110/><T61/><D130/><U103/><E70/><V112/><F36/><W93/><G128/><T113/><D105/><U39/><E2/><V131/><F131/><W133/><G81/><N who="0" m="47279" /><D126/><N who="1" m="48139" /><E103/><V42/><F135/><N who="3" m="51787" /><G3/><T100/><D61/><N who="3" m="23625" /><G11/><N who="0" m="4139" /><D24/><U106/><E106/><V27/><F88/><W69/><G69/><T14/><D14/><U76/><E109/><V40/><F112/><AGARI ba="0,0" hai="45,47,94,98,100,112,113,114" m="4139,47279" machi="112" ten="30,1000,0" yaku="15,1" doraHai="46" who="0" fromWho="2" sc="219,10,238,0,258,-10,285,0" /><INIT seed="6,0,0,2,3,19" ten="229,238,248,285" oya="2" hai0="120,20,25,119,10,74,83,84,130,26,34,29,96" hai1="132,110,126,23,112,55,78,1,104,106,81,108,98" hai2="109,8,40,44,2,18,31,9,114,103,60,76,22" hai3="43,52,37,87,4,51,36,69,68,82,56,21,121"/><V116/><F116/><W27/><G121/><T118/><D120/><U107/><E1/><V90/><F114/><W38/><G4/><T39/><D39/><U97/><E55/><V105/><F31/><W3/><G3/><T115/><D74/><N who="1" m="43223" /><E23/><V57/><F76/><W113/><G43/><T66/><D115/><U65/><E65/><V85/><F109/><N who="1" m="42089" /><E112/><V133/><F103/><W88/><REACH who="3" step="1"/><G113/><REACH who="3" ten="229,238,248,275" step="2"/><T125/><D118/><U92/><E126/><V0/><F0/><W80/><G80/><T99/><D125/><U111/><N who="1" m="42097" /><U91/><DORA hai="32" /><E132/><V70/><F133/><W58/><G58/><T79/><D119/><U64/><E64/><N who="2" m="38927" /><F70/><W129/><G129/><T17/><D66/><U61/><E61/><V127/><F2/><W6/><G6/><T15/><D130/><U73/><E73/><V49/><F127/><W50/><G50/><T102/><D102/><AGARI ba="0,1" hai="91,92,97,98,102,104,106,107" m="42097,43223" machi="102" ten="40,2600,0" yaku="34,2" doraHai="19,32" who="1" fromWho="0" sc="229,-26,238,36,248,0,275,0" /><INIT seed="7,0,0,1,3,119" ten="203,274,248,275" oya="3" hai0="17,38,94,121,95,32,20,5,46,124,84,35,106" hai1="77,16,131,25,90,47,126,133,12,14,92,104,129" hai2="101,45,105,29,120,97,100,62,135,60,85,125,72" hai3="1,56,21,80,23,130,96,113,86,3,67,40,88"/><W2/><G40/><T112/><D106/><U55/><E104/><V117/><F117/><W42/><G42/><T102/><D5/><U50/><E126/><V39/><F72/><W52/><G67/><T44/><D124/><U122/><E122/><V107/><F125/><W74/><G130/><N who="1" m="49674" /><E77/><V99/><F135/><W110/><G113/><T63/><D38/><U59/><E133/><V57/><F29/><W4/><G4/><T28/><D112/><U0/><E0/><V89/><F120/><W15/><G15/><N who="1" m="5674" /><E47/><V36/><F45/><W31/><G31/><T9/><D9/><U22/><E90/><V128/><F128/><W118/><G118/><T69/><D121/><U76/><E76/><V87/><F57/><W134/><G134/><T26/><D32/><U108/><E92/><V61/><REACH who="2" step="1"/><F85/><REACH who="2" ten="203,274,238,275" step="2"/><W30/><G30/><T11/><D11/><U10/><E108/><V115/><F115/><W79/><G110/><T33/><D33/><U37/><E10/><V65/><F65/><W127/><G127/><T70/><D70/><U81/><E37/><V49/><F49/><N who="3" m="30735" /><G74/><T82/><D69/><U78/><E78/><V103/><F103/><W75/><G75/><T83/><D63/><U64/><E64/><V71/><F71/><W48/><G48/><T19/><D35/><U114/><E114/><V53/><F53/><W27/><G27/><T93/><D102/><U18/><E25/><V34/><F34/><W66/><G66/><T116/><D116/><U73/><E22/><V68/><F68/><W6/><G6/><T24/><D24/><U51/><E50/><RYUUKYOKU ba="0,1" sc="203,-30,274,10,238,10,275,10" hai1="16,18,51,55,59,73,81" hai2="36,39,60,61,62,87,89,97,99,100,101,105,107" hai3="1,2,3,21,23,79,80,86,88,96" /><INIT seed="7,1,1,0,0,78" ten="173,284,248,285" oya="3" hai0="116,0,34,132,65,60,25,45,12,90,63,101,23" hai1="110,50,126,6,10,92,82,95,14,71,46,134,64" hai2="11,107,117,2,103,123,58,19,57,111,21,62,75" hai3="130,39,81,97,56,79,49,26,44,52,100,133,87"/><W15/><G130/><T96/><D116/><U104/><E110/><V93/><F117/><W127/><G127/><T61/><D0/><U43/><E126/><V118/><F118/><W31/><G133/><T67/><D132/><U27/><E134/><V125/><F125/><W84/><G15/><T72/><D72/><U83/><E104/><V18/><F107/><W69/><G69/><T16/><D45/><U129/><E129/><V135/><F135/><W53/><G87/><T91/><D34/><U73/><E27/><V124/><F111/><W35/><G39/><T109/><D109/><U38/><E38/><V1/><F75/><W94/><G56/><T66/><REACH who="0" step="1"/><D25/><REACH who="0" ten="163,284,248,285" step="2"/><U80/><REACH who="1" step="1"/><E73/><REACH who="1" ten="163,274,248,285" step="2"/><V29/><F124/><W32/><G32/><T88/><D88/><U86/><E86/><V37/><F1/><W28/><G28/><T77/><D77/><U55/><E55/><AGARI ba="1,3" hai="26,31,35,44,49,52,53,55,79,81,84,94,97,100" machi="55" ten="30,5800,0" yaku="7,1,52,1,54,1" doraHai="78" who="3" fromWho="1" sc="163,0,274,-61,248,0,285,91" owari="163,-33.7,213,-18.7,248,4.8,376,47.6" /></mjloggm>