<mjloggm ver="2.3"><GO type="225" lobby="0"/><UN n0="%E5%A4%96%E5%B7%9D%E7%AB%9C%E6%88%90" n1="%E3%81%A9%E3%82%93%E3%82%88%E3%81%8F%4D%6B%2E%32" n2="%6D%75%75%73%61%6E%6D%75" n3="%4D%6F%6E%61%6E%61" dan="16,16,16,16" rate="2068.74,2155.99,2144.73,2113.92" sx="M,M,F,F"/><TAIKYOKU oya="0"/><INIT seed="0,0,0,2,4,99" ten="250,250,250,250" oya="0" hai0="32,46,108,107,64,62,88,36,68,34,12,27,111" hai1="124,6,11,50,120,131,80,0,85,49,77,26,40" hai2="33,75,115,3,98,19,91,65,51,56,100,71,76" hai3="96,87,84,45,121,82,42,86,24,55,44,43,7"/><T21/><D107/><U90/><E120/><V30/><F115/><W103/><G121/><T57/><D12/><U67/><E124/><V130/><F3/><W122/><G122/><T101/><D68/><U125/><E125/><V61/><F91/><W117/><G117/><T15/><D15/><U52/><E131/><V63/><F19/><W54/><G7/><T73/><D73/><U133/><E133/><V116/><F51/><W128/><G128/><T28/><D101/><U74/><E67/><V78/><F75/><W1/><G1/><T25/><D88/><U23/><E40/><V134/><F134/><W104/><G24/><T35/><D36/><U4/><E4/><V17/><F17/><W70/><G70/><T29/><REACH who="0" step="1"/><D46/><REACH who="0" ten="240,250,250,250" step="2"/><U97/><E97/><V39/><F39/><W31/><G44/><T66/><D66/><U102/><E102/><V92/><F130/><W22/><G45/><T93/><D93/><U58/><E74/><V20/><F116/><W112/><G112/><T79/><D79/><U41/><E77/><V118/><F118/><W8/><G82/><T94/><D94/><U109/><E90/><V126/><F126/><W14/><G14/><T114/><D114/><U13/><E80/><V16/><F76/><W119/><G119/><T60/><D60/><U9/><E13/><N who="2" m="9231" /><F78/><W127/><G127/><T83/><D83/><U132/><E132/><V69/><F61/><W81/><G81/><T48/><D48/><U18/><E50/><V2/><F2/><W113/><G113/><T110/><AGARI ba="0,1" hai="21,25,27,28,29,32,34,35,57,62,64,108,110,111" machi="110" ten="30,11700,0" yaku="1,1,0,1,14,1,10,1,53,0" doraHai="99" doraHaiUra="47" who="0" fromWho="0" sc="240,127,250,-39,250,-39,250,-39" /><INIT seed="0,1,0,1,5,73" ten="367,211,211,211" oya="0" hai0="0,66,3,21,46,52,115,36,54,20,49,77,59" hai1="84,33,55,99,117,114,120,135,35,76,107,43,48" hai2="26,30,68,91,6,40,89,125,23,97,60,103,16" hai3="2,98,100,17,18,12,93,72,44,111,79,61,25"/><T8/><D115/><U63/><E114/><V83/><F125/><W39/><G111/><T50/><D36/><U134/><E117/><V118/><F118/><W106/><G2/><T130/><D130/><U86/><E43/><V116/><F116/><W71/><G39/><T28/><D66/><U62/><E120/><V11/><F40/><W5/><G44/><T104/><D104/><U47/><E107/><V34/><F83/><W131/><G131/><T10/><D77/><U51/><E99/><V80/><F80/><W90/><G71/><T95/><D95/><U105/><E105/><V128/><F128/><W24/><G61/><T87/><D87/><U75/><E75/><V64/><F103/><W22/><G5/><T38/><D38/><U110/><E110/><V112/><F97/><W31/><G72/><T29/><D59/><U92/><E86/><V42/><F42/><W70/><G79/><T123/><REACH who="0" step="1"/><D46/><REACH who="0" ten="357,211,211,211" step="2"/><U13/><E92/><V56/><F112/><W133/><G70/><T32/><D32/><U74/><E74/><V4/><F68/><W108/><G108/><T81/><D81/><N who="1" m="47143" /><E35/><V57/><F57/><W122/><G122/><AGARI ba="1,1" hai="0,3,8,10,20,21,28,29,49,50,52,54,122,123" machi="122" ten="25,18000,2" yaku="1,1,22,2,54,1,53,2" doraHai="73" doraHaiUra="19" who="0" fromWho="3" sc="357,193,211,0,211,0,211,-183" /><INIT seed="0,2,0,2,4,99" ten="550,211,211,28" oya="0" hai0="2,77,64,114,100,44,93,84,119,53,24,55,25" hai1="121,104,41,22,7,128,21,40,101,135,61,92,75" hai2="116,130,120,57,31,35,127,109,102,86,48,39,71" hai3="45,3,52,88,54,4,19,110,73,134,82,0,50"/><T111/><D114/><U42/><E121/><V91/><F120/><W131/><G110/><T14/><D2/><U8/><E104/><V87/><F71/><W47/><G131/><T56/><D119/><U30/><E75/><V72/><F72/><W94/><G134/><T117/><D117/><U97/><E128/><V98/><F116/><W5/><G19/><T89/><D111/><U28/><E135/><V81/><F39/><W20/><G20/><T113/><D113/><U65/><E22/><V105/><F130/><W74/><G82/><T32/><D32/><U133/><E21/><V103/><F109/><W18/><G18/><T78/><D14/><U26/><E26/><N who="0" m="10345" /><D100/><U80/><E80/><V112/><F112/><W60/><G60/><N who="0" m="37895" /><D55/><U43/><N who="1" m="10240" /><DORA hai="49" /><U132/><E132/><V9/><F105/><W34/><G34/><T63/><D63/><U15/><REACH who="1" step="1"/><E133/><REACH who="1" ten="550,201,211,28" step="2"/><V59/><F35/><W1/><G74/><T85/><D93/><U123/><E123/><V106/><F106/><W23/><G73/><T66/><D78/><U129/><E129/><V12/><F81/><W16/><G47/><T36/><D77/><U29/><E29/><V70/><F31/><W62/><G62/><T90/><D36/><U95/><E95/><V68/><F48/><W10/><G10/><T51/><D66/><U96/><E96/><V125/><F98/><W38/><G38/><T37/><D37/><U76/><E76/><V67/><F9/><W17/><G54/><T46/><D53/><U107/><E107/><V58/><F67/><W83/><G23/><T124/><D51/><RYUUKYOKU ba="2,1" sc="550,-10,201,30,211,-10,28,-10" hai1="7,8,15,28,30,61,65,92,97,101" /><INIT seed="1,3,1,4,0,106" ten="540,231,201,18" oya="1" hai0="14,49,87,63,54,98,68,132,107,97,29,104,4" hai1="85,23,122,22,78,81,93,83,90,3,94,116,26" hai2="80,17,118,111,129,35,41,66,8,25,119,11,45" hai3="27,133,72,61,120,77,59,114,58,55,131,117,7"/><U73/><E122/><V96/><F111/><W44/><G117/><T75/><D75/><U86/><E116/><V126/><F126/><W79/><G120/><T30/><D132/><U115/><E115/><V71/><F129/><W16/><G131/><T84/><D4/><U135/><E135/><V125/><F125/><W99/><G114/><T39/><D39/><U69/><E69/><V46/><F80/><W32/><G133/><T9/><D9/><U24/><E3/><V108/><F108/><W5/><G32/><T113/><D14/><U20/><REACH who="1" step="1"/><E94/><REACH who="1" ten="540,221,201,18" step="2"/><V53/><F71/><W52/><G99/><T43/><D98/><U34/><E34/><V50/><F96/><W1/><G1/><T57/><D97/><U13/><E13/><V64/><F35/><W12/><G27/><T51/><D104/><U123/><E123/><V6/><F118/><W36/><G36/><T101/><D68/><U121/><E121/><V91/><F119/><W28/><G28/><T37/><D29/><U95/><E95/><V56/><F17/><W48/><G44/><T89/><D30/><U134/><E134/><V76/><F45/><W38/><G38/><T19/><D113/><U127/><E127/><V74/><F46/><W18/><G18/><T105/><D19/><U102/><E102/><V42/><F6/><N who="3" m="2059" /><G72/><T92/><D101/><U33/><E33/><V62/><F74/><W88/><G88/><AGARI ba="3,2" hai="20,22,23,24,26,73,78,81,83,85,86,88,90,93" machi="88" ten="40,7700,0" yaku="1,1,52,1,54,1,53,0" doraHai="106" doraHaiUra="47" who="1" fromWho="3" sc="540,0,221,106,201,0,18,-86" owari="540,64.0,327,12.7,201,-19.9,-68,-56.8" /></mjloggm>