<mjloggm ver="2.3"><GO type="225" lobby="0"/><UN n0="%E3%82%BC%E3%83%AB%E3%83%80%E3%81%AE%E4%BC%9D%E8%AA%AC" n1="%73%6C%69%63%6B%33%31%39" n2="%E5%A4%96%E5%B7%9D%E7%AB%9C%E6%88%90" n3="%4B%2E%32%2E%4B%2E" dan="16,16,16,16" rate="2163.86,2159.94,2231.95,2154.35" sx="M,M,M,M"/><TAIKYOKU oya="0"/><INIT seed="0,0,0,4,5,3" ten="250,250,250,250" oya="0" hai0="48,63,111,73,18,28,126,92,100,33,16,123,56" hai1="30,115,134,96,122,82,39,132,71,65,50,101,13" hai2="114,76,131,66,6,45,8,125,43,41,88,81,15" hai3="93,11,36,21,107,87,7,86,55,24,83,124,135"/><T40/><D123/><U79/><E39/><V108/><F114/><W12/><G107/><T17/><D73/><U60/><E122/><V4/><F108/><W94/><G124/><T26/><D126/><U49/><E13/><V59/><F125/><W34/><G34/><T89/><D111/><U38/><E30/><V54/><F131/><W116/><G116/><T72/><D72/><U119/><E38/><V113/><F76/><W121/><G121/><T37/><D37/><U47/><E119/><V46/><F66/><W23/><G135/><N who="1" m="51754" /><E47/><N who="2" m="17931" /><F113/><W14/><G36/><T97/><D40/><N who="2" m="15434" /><F15/><W120/><G55/><T1/><D1/><U95/><E115/><V91/><F8/><W53/><G53/><T42/><D42/><U64/><E64/><V44/><N who="2" m="17939" /><V67/><DORA hai="29" /><F67/><W104/><G104/><T74/><D74/><AGARI ba="0,0" hai="49,50,60,65,71,74,79,82,95,96,101" m="51754" machi="74" ten="30,1000,0" yaku="20,1" doraHai="3,29" who="1" fromWho="0" sc="250,-10,250,10,250,0,250,0" /><INIT seed="1,0,0,4,0,122" ten="240,260,250,250" oya="1" hai0="55,45,60,135,44,13,12,120,41,87,132,46,86" hai1="1,92,127,80,69,84,40,4,54,75,91,67,65" hai2="133,51,83,33,38,62,53,73,70,50,17,66,90" hai3="36,48,114,128,18,56,14,34,74,94,104,98,25"/><U89/><E40/><V10/><F33/><W24/><G114/><T113/><D113/><U3/><E127/><V100/><F38/><W107/><G36/><T85/><D41/><U79/><E69/><V108/><F133/><N who="0" m="51274" /><D120/><U58/><E4/><V35/><F35/><W88/><G74/><T95/><D95/><U57/><E57/><AGARI ba="0,0" hai="12,13,44,45,46,55,57,60,85,86,87" m="51274" machi="57" ten="40,1300,0" yaku="20,1" doraHai="122" who="0" fromWho="1" sc="240,13,260,-13,250,0,250,0" /><INIT seed="2,0,0,5,2,14" ten="253,247,250,250" oya="2" hai0="94,57,127,38,126,56,45,52,74,43,17,133,6" hai1="0,41,37,120,65,103,104,62,20,108,89,21,19" hai2="72,31,78,8,88,27,117,32,55,75,13,135,123" hai3="95,102,50,44,112,54,92,26,93,80,67,70,40"/><V42/><F117/><W59/><G112/><T109/><D109/><U132/><E0/><V96/><F123/><W98/><G80/><T125/><D133/><U84/><E108/><V34/><F135/><W100/><G100/><T91/><D74/><U61/><E132/><V22/><F42/><W48/><G70/><T63/><D6/><U39/><E120/><V11/><F11/><W121/><G121/><T36/><D57/><U73/><E73/><V76/><F75/><W82/><G67/><T81/><D81/><U85/><E21/><V35/><F72/><W113/><G113/><T51/><REACH who="0" step="1"/><D17/><REACH who="0" ten="243,247,250,250" step="2"/><U58/><E19/><V90/><F55/><W28/><REACH who="3" step="1"/><G82/><REACH who="3" ten="243,247,250,240" step="2"/><T101/><D101/><U5/><E103/><V77/><REACH who="2" step="1"/><F96/><AGARI ba="0,2" hai="36,38,43,45,51,52,56,63,91,94,96,125,126,127" machi="96" ten="40,5200,0" yaku="1,1,18,1,54,1,53,0" doraHai="14" doraHaiUra="106" who="0" fromWho="2" sc="243,72,247,0,250,-52,240,0" /><INIT seed="3,0,0,0,0,80" ten="315,247,198,240" oya="3" hai0="85,40,79,2,58,129,74,49,38,119,89,72,0" hai1="20,4,66,24,39,83,23,14,105,68,132,118,100" hai2="84,77,60,69,12,26,120,94,109,36,42,115,99" hai3="114,130,22,133,21,135,128,7,61,78,111,96,52"/><W75/><G114/><T107/><D119/><U37/><E105/><V76/><F115/><W30/><G111/><T86/><D107/><U81/><E100/><V27/><F109/><W46/><G7/><T6/><D129/><N who="3" m="49769" /><G96/><T126/><D126/><U90/><E68/><V41/><F120/><W65/><G78/><N who="2" m="30313" /><F36/><W101/><G75/><T19/><D19/><U64/><E37/><V63/><F69/><N who="3" m="42159" /><G101/><T48/><D79/><U59/><E39/><V103/><F12/><W127/><G127/><T91/><D38/><U131/><E131/><V28/><F28/><W45/><G30/><T13/><D13/><U104/><E4/><V43/><F60/><W11/><G11/><T123/><D6/><U112/><E112/><V93/><F63/><W121/><G121/><T92/><D123/><U50/><E118/><V34/><F34/><W122/><G122/><T53/><D72/><U15/><E66/><V110/><F110/><W116/><G116/><T17/><D74/><U32/><E64/><V33/><F33/><W67/><G67/><T1/><D1/><U10/><E32/><V18/><F18/><W3/><G3/><T44/><D17/><U98/><E14/><V117/><F117/><W134/><G45/><T56/><D56/><U73/><E73/><V51/><F51/><AGARI ba="0,0" hai="21,22,46,51,52,133,134,135" m="42159,49769" machi="51" ten="40,7700,0" yaku="20,1,19,1,54,1" doraHai="80" who="3" fromWho="2" sc="315,0,247,0,198,-77,240,77" owari="315,11.5,247,-15.3,121,-37.9,317,41.7" /></mjloggm>