<mjloggm ver="2.3"><GO type="225" lobby="0"/><UN n0="%E3%82%A2%E3%83%A1%E3%82%A2%E3%83%A9%E3%83%AC" n1="%E3%82%B3%E3%83%90%E3%83%AC%E3%82%A4" n2="%E3%81%B2%E3%81%AA%E3%81%AE%E3%82%8A%E3%81%8F" n3="%E5%A4%9C%E3%81%AE%E3%82%AC%E3%82%B9%E3%83%91%E3%83%BC%E3%83%AB" dan="16,16,17,17" rate="2078.70,2061.24,2146.32,2182.12" sx="M,M,M,M"/><TAIKYOKU oya="0"/><INIT seed="0,0,0,3,5,94" ten="250,250,250,250" oya="0" hai0="118,32,9,125,65,7,92,87,21,38,43,16,3" hai1="89,29,11,90,109,25,91,28,83,40,80,116,6" hai2="112,57,42,26,22,114,50,31,20,13,124,106,119" hai3="36,52,102,126,46,73,82,5,62,27,63,84,100"/><T129/><D129/><U131/><E116/><V8/><F106/><W33/><G73/><T71/><D125/><U111/><E131/><V70/><F70/><W107/><G126/><T30/><D118/><U48/><E40/><V93/><F124/><W122/><G122/><T17/><D38/><U105/><E48/><V128/><F119/><W4/><G33/><T134/><D43/><U117/><E105/><V130/><F42/><W14/><G36/><T77/><D134/><U95/><E95/><V37/><F37/><W44/><G27/><N who="0" m="18527" /><D17/><U60/><E60/><N who="3" m="23082" /><G46/><T1/><D1/><U55/><E55/><V45/><F22/><W108/><G107/><T110/><D110/><N who="1" m="41995" /><E117/><V67/><F128/><W56/><G108/><T58/><D58/><U78/><E78/><V49/><F130/><W61/><G44/><T104/><D104/><U54/><E54/><N who="2" m="31959" /><F112/><W41/><G41/><T133/><D133/><U74/><E74/><V127/><F127/><W53/><G53/><T132/><D132/><U121/><E121/><V98/><F67/><W120/><G120/><T39/><D39/><U88/><N who="1" m="22528" /><DORA hai="19" /><U0/><E29/><V35/><F45/><W12/><G52/><T69/><D65/><U72/><E72/><V97/><F31/><W66/><G66/><T115/><D115/><U101/><E28/><V47/><F47/><W15/><G56/><T64/><D64/><U96/><E25/><V34/><F49/><W18/><G61/><T75/><D75/><U81/><E0/><V86/><F114/><W135/><G135/><T79/><D71/><U76/><E6/><RYUUKYOKU ba="0,0" sc="250,0,250,0,250,0,250,0" /><INIT seed="1,1,0,0,5,21" ten="250,250,250,250" oya="1" hai0="56,31,117,105,126,109,39,27,72,113,128,87,44" hai1="12,32,70,85,43,88,110,36,102,97,26,81,111" hai2="38,28,23,134,45,50,106,131,35,24,18,80,58" hai3="49,125,99,123,121,82,46,129,33,40,16,2,34"/><U42/><E70/><V64/><F134/><W48/><G2/><T73/><D113/><U104/><E12/><V15/><F131/><W119/><G129/><T107/><D117/><U6/><E6/><V122/><F122/><W11/><G119/><T67/><D128/><U61/><E61/><V74/><F106/><W30/><G125/><T1/><D87/><U96/><E97/><V95/><F95/><W135/><G135/><T7/><D56/><U112/><E112/><V124/><F38/><W114/><G114/><T118/><D67/><U19/><E36/><V5/><F5/><W132/><G132/><T63/><D63/><U59/><E59/><V14/><F124/><W79/><G34/><N who="0" m="20863" /><D109/><N who="1" m="41483" /><E19/><V98/><F98/><W78/><G49/><T108/><D126/><U51/><E51/><V9/><F64/><W10/><G99/><T60/><D60/><U130/><E130/><V53/><F15/><W41/><G41/><N who="0" m="22591" /><D118/><U22/><E22/><V93/><F93/><W0/><G121/><T101/><D108/><U92/><E92/><V3/><F3/><W94/><G0/><T13/><D13/><U68/><E68/><V37/><F37/><W116/><G123/><T120/><D120/><U127/><E127/><V47/><REACH who="2" step="1"/><F35/><REACH who="2" ten="250,250,240,250" step="2"/><W83/><G116/><T17/><D107/><U4/><E4/><V55/><F55/><W65/><G65/><T57/><D7/><U76/><E32/><V25/><F25/><N who="3" m="18639" /><G94/><T20/><D1/><U86/><E26/><V52/><F52/><W29/><G40/><T66/><D105/><U69/><E69/><V71/><F71/><RYUUKYOKU ba="1,1" sc="250,-15,250,15,240,15,250,-15" hai1="42,43,76,81,85,86,88,96,102,104" hai2="9,14,18,23,24,28,45,47,50,53,58,74,80" /><INIT seed="1,2,1,5,2,71" ten="235,265,255,235" oya="1" hai0="134,62,121,15,9,67,131,73,89,29,101,97,98" hai1="113,68,111,79,5,0,10,48,74,72,85,32,4" hai2="38,80,18,1,110,123,120,53,42,124,56,57,2" hai3="109,115,47,91,104,54,20,50,103,13,77,114,8"/><U90/><E113/><V95/><F110/><W60/><G109/><T102/><D134/><U3/><E68/><V135/><F135/><W37/><G77/><T19/><D131/><U16/><E32/><V6/><F124/><W40/><G20/><T33/><D73/><U130/><E111/><V87/><F95/><W24/><G24/><T117/><D117/><U127/><E130/><V96/><F96/><W132/><G132/><T52/><D121/><U12/><E127/><V108/><F108/><W118/><G118/><T41/><D41/><U26/><E26/><V63/><F18/><W39/><G103/><T45/><D29/><U126/><E79/><V35/><F35/><W86/><G104/><T81/><D33/><U34/><E34/><V61/><F42/><W22/><G22/><T105/><D89/><U55/><E5/><V30/><F38/><N who="3" m="14347" /><G60/><T58/><D81/><U23/><E3/><V84/><F30/><W125/><G40/><T25/><D25/><U17/><E17/><V94/><F94/><W28/><G28/><T107/><REACH who="0" step="1"/><D45/><REACH who="0" ten="225,265,255,235" step="2"/><U122/><E126/><V46/><F46/><W93/><G125/><T51/><D51/><U27/><E122/><V64/><F80/><W116/><G116/><T44/><D44/><U112/><E27/><V128/><F128/><W65/><G115/><T82/><D82/><U106/><E112/><V66/><REACH who="2" step="1"/><F53/><AGARI ba="2,2" hai="9,15,19,52,53,58,62,67,97,98,101,102,105,107" machi="53" ten="40,5200,0" yaku="1,1,9,1,54,1,53,0" doraHai="71" doraHaiUra="76" who="0" fromWho="2" sc="225,78,265,0,255,-58,235,0" /><INIT seed="2,0,0,3,1,49" ten="303,265,197,235" oya="2" hai0="76,71,121,22,85,24,91,10,11,99,16,61,7" hai1="35,30,20,28,115,6,47,8,69,67,125,105,3" hai2="110,130,43,80,15,27,111,75,117,54,127,34,126" hai3="73,52,133,18,5,77,2,13,66,31,112,44,120"/><V84/><F75/><W88/><G120/><T29/><D121/><U89/><E115/><V74/><F74/><W108/><G112/><T21/><D76/><U0/><E105/><V65/><F117/><W19/><G108/><N who="2" m="41513" /><F65/><W56/><G133/><T17/><D99/><U102/><E102/><V81/><F130/><W50/><G2/><T9/><D7/><U23/><E125/><N who="2" m="47627" /><F43/><N who="3" m="24863" /><G73/><T123/><D123/><U116/><E67/><V42/><F42/><W59/><G77/><T25/><D71/><U118/><E69/><V40/><F40/><W62/><G31/><N who="0" m="17807" /><D61/><U132/><E132/><V124/><N who="2" m="47635" /><V51/><DORA hai="103" /><F15/><W92/><G5/><T60/><D60/><U135/><E135/><V93/><F93/><AGARI ba="0,0" hai="9,10,11,16,17,22,25,29,85,91,93" m="17807" machi="93" ten="30,2000,0" yaku="8,1,54,1" doraHai="49,103" who="0" fromWho="2" sc="303,20,265,0,197,-20,235,0" /><INIT seed="3,0,0,0,2,48" ten="323,265,177,235" oya="3" hai0="13,37,1,20,75,10,63,34,17,41,91,43,60" hai1="9,42,4,51,40,26,68,54,72,134,117,106,12" hai2="79,22,88,99,58,56,67,50,47,15,105,98,69" hai3="89,118,62,77,7,6,78,27,29,65,101,3,59"/><W38/><G118/><T115/><D75/><U64/><E72/><V111/><F111/><W103/><G38/><T116/><D116/><U107/><E117/><V74/><F105/><W84/><G3/><T87/><D34/><U104/><E134/><V127/><F127/><W19/><G19/><N who="0" m="8631" /><D1/><U132/><E132/><V126/><F126/><W44/><G44/><T129/><D37/><U102/><E102/><V122/><F122/><W97/><G103/><T32/><D32/><U80/><E80/><V128/><F128/><W113/><G113/><T11/><D11/><U24/><E64/><V135/><F74/><W121/><G121/><T100/><D100/><U46/><E68/><V85/><F79/><W120/><G120/><T93/><D115/><U73/><E73/><V57/><F135/><W114/><G114/><T0/><D0/><U82/><E82/><V112/><F112/><W16/><G16/><T86/><D86/><U66/><E66/><V45/><F67/><W33/><G78/><T39/><D39/><U130/><E130/><V21/><F69/><W94/><REACH who="3" step="1"/><G77/><REACH who="3" ten="323,265,177,225" step="2"/><T95/><D129/><U30/><REACH who="1" step="1"/><E26/><REACH who="1" ten="323,255,177,225" step="2"/><V8/><F47/><W53/><G53/><T125/><D125/><U5/><E5/><N who="2" m="3471" /><F22/><AGARI ba="0,2" hai="4,9,12,22,24,30,40,42,46,51,54,104,106,107" machi="22" ten="40,2600,0" yaku="1,1,52,1,53,0" doraHai="48" doraHaiUra="110" who="1" fromWho="2" sc="323,0,255,46,177,-26,225,0" owari="323,42.3,301,10.1,151,-34.9,225,-17.5" /></mjloggm>