<mjloggm ver="2.3"><GO type="225" lobby="0"/><UN n0="%E9%80%9F%E6%B0%B4%E5%87%9B%E9%A6%99" n1="%E3%81%B8%E3%82%80%E3%81%B8%E3%82%80%EF%BC%92%E5%8F%B7" n2="%E3%81%B7%E3%82%8A%E3%82%93%E8%81%96%E4%BA%BA" n3="%73%6C%69%63%6B%33%31%39" dan="16,17,16,16" rate="2050.29,2165.41,2174.34,2199.81" sx="F,M,M,M"/><TAIKYOKU oya="0"/><INIT seed="0,0,0,1,2,65" ten="250,250,250,250" oya="0" hai0="108,42,102,53,55,133,128,99,35,135,34,78,14" hai1="17,110,106,41,64,93,19,6,4,123,49,43,130" hai2="103,61,37,125,73,58,121,9,33,84,46,95,122" hai3="89,59,80,85,101,40,107,127,27,77,57,120,7"/><T97/><D78/><U69/><E106/><V26/><F73/><W31/><G127/><T90/><D42/><U45/><E123/><V44/><F125/><W75/><G120/><T109/><D14/><U10/><E130/><V92/><F9/><W112/><G112/><T22/><D22/><U38/><E110/><N who="0" m="42601" /><D90/><U32/><E32/><N who="0" m="12329" /><D102/><U28/><E28/><V86/><F33/><W54/><G40/><T81/><D81/><U2/><E6/><V68/><F26/><W115/><G7/><T62/><D62/><U134/><E134/><N who="0" m="51209" /><D128/><U132/><E132/><V1/><F61/><W105/><G101/><T111/><N who="0" m="42609" /><T47/><DORA hai="91" /><D47/><U8/><E41/><V29/><F103/><W94/><G77/><T51/><D51/><U113/><E49/><V63/><F63/><W70/><G80/><T36/><D36/><U5/><E38/><V52/><F37/><W131/><G131/><T21/><D21/><U76/><E76/><V116/><F121/><W88/><G89/><T100/><D97/><U74/><E45/><V16/><F122/><W118/><G88/><T72/><D72/><U3/><E74/><V13/><F46/><W79/><G75/><T119/><D119/><U48/><E48/><V104/><F44/><W98/><G79/><T67/><D67/><U124/><E43/><V114/><F116/><W24/><G98/><T56/><D56/><U82/><E82/><V117/><F58/><W30/><G59/><T11/><D11/><U83/><E83/><V126/><F117/><W23/><G118/><T87/><D87/><U71/><E64/><RYUUKYOKU ba="0,0" sc="250,30,250,-10,250,-10,250,-10" hai0="53,55,99,100" /><BYE who="0" /><INIT seed="0,1,0,0,4,70" ten="280,240,240,240" oya="0" hai0="35,3,36,101,81,129,120,77,8,2,109,105,55" hai1="58,110,133,84,97,18,113,117,67,28,86,123,89" hai2="20,71,60,32,127,83,122,54,90,52,64,29,7" hai3="79,30,39,68,78,17,45,48,121,11,126,88,57"/><T112/><D112/><U107/><E117/><UN n0="%E9%80%9F%E6%B0%B4%E5%87%9B%E9%A6%99" /><V135/><F122/><W115/><G115/><T98/><D120/><U25/><E123/><V130/><F130/><W69/><G121/><T61/><D129/><U85/><E113/><V53/><F135/><W108/><G30/><T65/><D55/><U21/><E110/><V96/><F32/><W24/><G108/><T116/><D116/><U47/><E47/><V76/><F7/><W33/><G126/><T19/><D19/><U16/><E133/><V72/><F127/><W0/><G39/><T106/><D106/><U131/><E131/><V63/><F90/><W27/><G57/><T132/><D132/><U99/><E107/><V6/><F6/><W75/><G69/><N who="0" m="42159" /><D8/><U49/><E49/><V80/><F80/><W43/><G68/><T50/><D50/><U12/><E89/><V91/><F91/><W38/><G88/><T104/><D104/><U42/><E42/><V40/><F40/><W114/><G48/><T87/><D109/><U59/><E18/><V102/><F60/><W73/><G114/><T1/><D35/><U74/><E74/><V22/><REACH who="2" step="1"/><F29/><REACH who="2" ten="280,240,230,240" step="2"/><W14/><G33/><T37/><D87/><U51/><E51/><V92/><AGARI ba="1,1" hai="20,22,52,53,54,63,64,71,72,76,83,92,96,102" machi="92" ten="30,8000,1" yaku="1,1,2,1,0,1,54,1,53,1" doraHai="70" doraHaiUra="95" who="2" fromWho="2" sc="280,-41,240,-21,230,93,240,-21" /><INIT seed="1,0,0,2,3,42" ten="239,219,323,219" oya="1" hai0="19,61,23,47,22,108,28,78,75,33,63,14,135" hai1="51,132,45,29,30,77,110,127,27,3,59,49,128" hai2="0,57,31,115,123,97,39,102,92,82,17,81,98" hai3="6,25,106,100,89,116,129,56,16,64,125,114,71"/><U38/><E3/><V107/><F0/><W2/><G114/><T117/><D33/><U67/><E127/><V95/><F31/><W90/><G71/><T72/><D117/><U4/><E128/><V10/><F39/><W101/><G2/><T113/><D113/><U118/><E118/><V111/><F115/><W15/><G129/><T21/><D108/><U48/><E110/><V93/><F111/><W65/><G125/><T130/><D130/><U50/><E132/><V1/><F123/><W79/><G79/><T13/><D135/><U122/><E122/><V68/><F68/><W62/><G64/><T76/><D28/><U91/><E77/><N who="0" m="29801" /><D19/><U96/><E4/><V66/><F1/><W20/><G116/><T134/><D134/><U80/><E38/><V85/><F85/><W73/><G73/><N who="0" m="28235" /><D47/><U124/><E124/><V52/><F66/><W41/><G41/><T5/><D5/><U83/><E59/><V103/><F103/><N who="3" m="39499" /><G106/><T105/><D105/><U9/><E9/><AGARI ba="0,0" hai="6,9,15,16,20,25,56,62,65,89,90" m="39499" machi="9" ten="30,2000,0" yaku="8,1,54,1" doraHai="42" who="3" fromWho="1" sc="239,0,219,-20,323,0,219,20" /><INIT seed="2,0,0,3,0,114" ten="239,199,323,239" oya="2" hai0="61,37,86,84,85,106,35,24,103,115,112,102,10" hai1="111,18,77,49,30,47,59,55,58,53,2,79,1" hai2="108,8,29,105,51,39,67,119,89,120,95,65,5" hai3="118,87,82,25,43,91,11,6,7,28,131,110,63"/><V132/><F39/><W32/><G110/><T133/><D37/><U73/><E111/><V70/><F108/><W42/><G131/><T22/><D35/><U124/><E124/><V31/><F105/><W62/><G6/><T126/><D126/><U125/><E125/><V134/><F120/><W60/><REACH who="3" step="1"/><G118/><REACH who="3" ten="239,199,323,229" step="2"/><T68/><D115/><U113/><E113/><V76/><F119/><W135/><G135/><T46/><D133/><U98/><E2/><AGARI ba="0,1" hai="2,7,11,25,28,32,42,43,60,62,63,82,87,91" machi="2" ten="40,1300,0" yaku="1,1,53,0" doraHai="114" doraHaiUra="93" who="3" fromWho="1" sc="239,0,199,-13,323,0,229,23" /><INIT seed="3,0,0,4,0,126" ten="239,186,323,252" oya="3" hai0="65,88,57,93,124,12,128,46,40,34,23,16,109" hai1="64,111,129,101,66,55,76,134,78,42,43,130,63" hai2="49,7,74,50,13,31,6,36,107,32,41,113,97" hai3="71,9,58,79,45,44,95,83,118,89,104,24,4"/><W75/><G118/><T33/><D124/><U3/><E3/><V131/><F74/><W117/><G71/><T116/><D116/><U82/><E101/><V77/><F77/><W106/><G117/><T53/><D65/><N who="1" m="25195" /><E134/><V68/><F68/><W133/><G133/><T86/><D109/><U59/><E111/><V112/><F36/><W52/><G24/><T119/><D119/><U94/><E94/><V132/><F32/><W100/><G104/><T91/><D91/><U80/><E80/><V11/><F31/><W84/><G100/><T73/><D73/><N who="1" m="43279" /><E78/><V135/><F41/><W18/><G18/><T38/><REACH who="0" step="1"/><D128/><REACH who="0" ten="229,186,323,252" step="2"/><U8/><E8/><V72/><F131/><AGARI ba="0,1" hai="42,43,55,59,63,129,130,131" m="43279,25195" machi="131" ten="30,7700,0" yaku="19,1,52,3" doraHai="126" who="1" fromWho="2" sc="229,0,186,87,323,-77,252,0" /><INIT seed="4,0,0,0,4,126" ten="229,273,246,252" oya="0" hai0="104,35,133,45,127,114,27,8,123,89,122,76,93" hai1="11,67,80,90,48,7,135,128,59,6,72,46,24" hai2="55,51,41,69,53,81,50,13,63,97,54,31,110" hai3="112,96,28,86,120,118,3,108,73,131,15,130,129"/><T40/><D104/><U106/><E106/><V30/><F110/><W125/><G125/><T9/><D127/><U42/><E135/><V61/><F69/><W44/><G108/><T26/><D133/><U117/><E117/><V100/><F81/><W71/><G112/><T58/><D114/><U33/><E33/><V107/><F13/><W78/><G118/><T38/><D35/><U47/><E47/><V29/><REACH who="2" step="1"/><F41/><REACH who="2" ten="229,273,236,252" step="2"/><W68/><G15/><T20/><D123/><U103/><E80/><V18/><F18/><W92/><G3/><T10/><D122/><U64/><E42/><V134/><F134/><W12/><G12/><T56/><D76/><U22/><E7/><V16/><F16/><W94/><G68/><T88/><D26/><U79/><E6/><V99/><F99/><W121/><G71/><T36/><D36/><U85/><E24/><V119/><F119/><W95/><G96/><T113/><D113/><U83/><E83/><V75/><F75/><W17/><G17/><T70/><D70/><U25/><E25/><V111/><F111/><W66/><G73/><T102/><D102/><U91/><E103/><V43/><F43/><W5/><G5/><T0/><D0/><U124/><E79/><V32/><F32/><W23/><G78/><T77/><D77/><U19/><E19/><V49/><AGARI ba="0,1" hai="29,30,31,49,50,51,53,54,55,61,63,97,100,107" machi="49" ten="40,8000,1" yaku="1,1,0,1,29,2,53,0" doraHai="126" doraHaiUra="39" who="2" fromWho="2" sc="229,-40,273,-20,236,90,252,-20" owari="189,-31.1,253,5.3,326,42.6,232,-16.8" /></mjloggm>