<mjloggm ver="2.3"><GO type="225" lobby="0"/><UN n0="%E7%AD%89%E3%80%85%E5%8A%9B%E5%8A%87%E5%A0%B4" n1="%4E%49%4A%49%49%52%4F" n2="%E3%81%82%E3%81%B9%E3%81%99%E3%81%91" n3="%E3%82%BC%E3%83%AB%E3%83%80%E3%81%AE%E4%BC%9D%E8%AA%AC" dan="16,17,16,16" rate="2128.73,2246.63,2111.64,2217.10" sx="M,M,M,M"/><TAIKYOKU oya="0"/><INIT seed="0,0,0,4,4,55" ten="250,250,250,250" oya="0" hai0="38,14,28,50,108,67,74,11,65,62,102,132,97" hai1="69,34,25,57,48,29,81,33,24,7,114,80,19" hai2="70,127,75,10,86,119,103,47,6,22,56,21,59" hai3="125,113,107,110,130,98,84,124,116,117,44,72,3"/><T32/><D38/><U121/><E69/><V128/><F70/><W18/><G3/><T37/><D37/><U31/><E114/><V66/><F75/><W40/><G18/><T122/><D122/><U16/><E7/><V36/><F66/><W106/><G44/><T26/><D74/><U100/><E100/><V129/><F127/><N who="3" m="48715" /><G40/><T20/><D132/><U68/><E68/><V60/><F60/><W93/><G72/><T43/><D108/><U118/><E118/><N who="3" m="45674" /><G113/><T13/><D67/><U4/><E4/><V104/><F119/><W30/><G30/><T1/><D1/><U91/><E121/><V96/><F47/><W63/><G63/><T58/><D32/><U82/><E91/><V71/><F36/><W79/><G110/><T78/><D78/><U85/><E85/><V42/><F86/><W99/><G130/><N who="2" m="50281" /><F71/><W2/><G2/><T76/><D76/><U51/><E80/><V111/><F42/><W133/><G133/><T88/><D43/><U123/><E123/><V46/><F46/><W9/><G9/><T35/><D11/><U15/><E15/><N who="2" m="5591" /><F111/><W8/><G8/><T61/><D61/><U23/><E23/><AGARI ba="0,0" hai="21,22,23,56,59,96,103,104" m="5591,50281" machi="23" ten="30,3900,0" yaku="19,1,52,2" doraHai="55" who="2" fromWho="1" sc="250,0,250,-39,250,39,250,0" /><INIT seed="1,0,0,5,3,17" ten="250,211,289,250" oya="1" hai0="119,73,34,26,92,68,2,35,89,102,19,75,87" hai1="98,82,50,95,128,111,27,110,15,125,30,57,37" hai2="67,84,97,16,69,24,106,5,9,53,23,133,8" hai3="72,25,74,123,65,81,124,29,135,121,56,1,120"/><U66/><E37/><V28/><F133/><W13/><G1/><T63/><D119/><U132/><E132/><V14/><F84/><W96/><G135/><T94/><D2/><U64/><E125/><V83/><F83/><W62/><G124/><T3/><D3/><U43/><E82/><V113/><F113/><W46/><G13/><T129/><D129/><U100/><E15/><V91/><F53/><W77/><G46/><T104/><D104/><U58/><E128/><V22/><F69/><W99/><REACH who="3" step="1"/><G72/><REACH who="3" ten="250,211,289,240" step="2"/><T39/><D75/><U47/><E58/><V11/><F106/><W127/><G127/><T131/><D73/><U108/><REACH who="1" step="1"/><E57/><REACH who="1" ten="250,201,289,240" step="2"/><V130/><F130/><W32/><AGARI ba="0,2" hai="25,29,32,56,62,65,74,77,81,96,99,120,121,123" machi="32" ten="30,2000,0" yaku="1,1,0,1,53,0" doraHai="17" doraHaiUra="112" who="3" fromWho="3" sc="250,-5,201,-10,289,-5,240,40" /><INIT seed="2,0,0,3,5,104" ten="245,191,284,280" oya="2" hai0="86,126,2,24,89,35,26,33,111,63,19,55,13" hai1="114,127,72,117,18,69,40,94,64,41,121,120,7" hai2="34,20,95,109,32,71,70,134,59,57,118,6,91" hai3="30,79,129,74,52,76,29,12,27,60,51,102,15"/><V4/><F118/><W80/><G129/><T93/><D2/><U45/><E7/><V46/><F46/><W37/><G37/><T65/><D111/><U10/><E117/><V54/><F134/><W43/><G102/><T48/><D126/><U87/><E127/><V16/><F71/><W39/><G60/><T103/><D103/><U106/><E106/><V99/><F70/><W68/><G68/><T116/><D116/><U42/><E114/><V66/><F34/><W14/><G79/><T122/><D122/><N who="1" m="47211" /><E10/><V112/><F32/><W22/><G39/><T100/><D35/><U1/><E1/><V123/><F112/><W53/><REACH who="3" step="1"/><G30/><REACH who="3" ten="245,191,284,270" step="2"/><T96/><D63/><N who="1" m="40095" /><E18/><V31/><F123/><W0/><G0/><T85/><D19/><U113/><E113/><V128/><F31/><W47/><AGARI ba="0,1" hai="12,14,15,22,27,29,43,47,51,52,53,74,76,80" machi="47" ten="30,8000,1" yaku="1,1,0,1,52,1,54,1,53,1" doraHai="104" doraHaiUra="38" who="3" fromWho="3" sc="245,-20,191,-20,284,-40,270,90" /><INIT seed="3,0,0,0,3,76" ten="225,171,244,360" oya="3" hai0="72,128,23,93,134,89,67,40,15,26,87,99,113" hai1="11,90,58,27,30,24,56,109,7,103,96,0,95" hai2="115,3,25,107,39,119,100,10,116,18,19,88,78" hai3="79,111,83,85,46,71,74,6,8,92,42,2,51"/><W106/><G106/><T73/><D134/><U12/><E109/><V91/><F39/><W33/><G71/><T126/><D126/><U16/><E103/><V52/><F115/><W64/><G64/><T37/><D128/><U61/><E30/><V34/><F78/><W36/><G33/><T131/><D131/><U123/><E56/><V68/><F68/><W127/><G111/><T69/><D113/><U22/><REACH who="1" step="1"/><E123/><REACH who="1" ten="225,161,244,360" step="2"/><V48/><F100/><W4/><G127/><T105/><D69/><U117/><E117/><V5/><F119/><W13/><G46/><T63/><D105/><U50/><E50/><V21/><F48/><W45/><G51/><T66/><D37/><U29/><E29/><V77/><F116/><W129/><G45/><T118/><D118/><U9/><E9/><V43/><F10/><W125/><G8/><T62/><D62/><U65/><AGARI ba="0,1" hai="0,7,11,12,16,22,24,27,58,61,65,90,95,96" machi="65" ten="20,5200,0" yaku="1,1,0,1,7,1,54,1,53,0" doraHai="76" doraHaiUra="108" who="1" fromWho="1" sc="225,-13,161,62,244,-13,360,-26" owari="212,-28.8,223,-17.7,231,3.1,334,43.4" /></mjloggm>