<mjloggm ver="2.3"><GO type="225" lobby="0"/><UN n0="%73%69%67%65%6E%6F%72%69" n1="%E6%A1%9C%E8%8A%B1%E9%96%83%E3%80%85" n2="%79%75%72%69%6D%6F%67" n3="%E3%83%B4%E3%83%A0%EF%BC%99%E3%81%A6" dan="18,17,16,16" rate="2243.23,2189.78,2141.79,2121.66" sx="M,M,F,M"/><TAIKYOKU oya="0"/><INIT seed="0,0,0,0,2,125" ten="250,250,250,250" oya="0" hai0="42,92,37,62,84,57,46,53,50,29,67,25,51" hai1="129,19,48,133,17,56,35,22,58,10,113,49,74" hai2="55,110,15,115,47,94,2,78,4,132,108,75,61" hai3="36,89,130,90,88,60,95,16,72,65,99,38,43"/><T119/><D119/><U105/><E35/><V86/><F115/><W3/><G3/><T9/><D9/><U18/><E105/><V66/><F75/><W28/><G72/><T40/><D40/><U39/><E39/><V107/><F2/><W13/><G28/><T85/><D92/><U81/><E133/><V121/><F107/><W63/><G130/><T96/><D96/><U76/><E113/><V68/><F121/><W8/><G63/><T87/><REACH who="0" step="1"/><D67/><REACH who="0" ten="240,250,250,250" step="2"/><U6/><E10/><N who="2" m="4551" /><F132/><W124/><G124/><T45/><D45/><U83/><E83/><V73/><F47/><W70/><REACH who="3" step="1"/><G43/><REACH who="3" ten="240,250,250,240" step="2"/><T34/><AGARI ba="0,2" hai="25,29,34,37,42,46,50,51,53,57,62,84,85,87" machi="34" ten="30,3000,0" yaku="1,1,0,1,53,0" doraHai="125" doraHaiUra="103" who="0" fromWho="0" sc="240,50,250,-10,250,-10,240,-10" /><INIT seed="0,1,0,3,0,51" ten="290,240,240,230" oya="0" hai0="88,39,100,89,98,119,8,58,16,63,114,108,52" hai1="123,29,76,10,72,86,85,12,74,44,112,28,42" hai2="43,125,121,56,109,36,15,27,117,84,127,93,120" hai3="99,49,5,66,129,41,47,62,122,30,32,35,131"/><T92/><D114/><U102/><E123/><V91/><F36/><W90/><G122/><T97/><D119/><U87/><E112/><V14/><F43/><W64/><G5/><T40/><D108/><U104/><E104/><V31/><F109/><W59/><G64/><T26/><D39/><U33/><E102/><V133/><F133/><W81/><G30/><T118/><D118/><U55/><E33/><V34/><F117/><W73/><G73/><T19/><D40/><U103/><E103/><V22/><F121/><W50/><G50/><T116/><D116/><U54/><E76/><V6/><F120/><W18/><G18/><T21/><D97/><U77/><E77/><V13/><F6/><W115/><G115/><T111/><D111/><U48/><E74/><V70/><F70/><W128/><G81/><T65/><D65/><U107/><E107/><V20/><REACH who="2" step="1"/><F56/><REACH who="2" ten="290,240,230,230" step="2"/><W105/><G105/><T113/><D113/><U126/><E126/><AGARI ba="1,1" hai="13,14,15,20,22,27,31,34,84,91,93,125,126,127" machi="126" ten="40,5200,0" yaku="1,1,2,1,18,1,53,0" doraHai="51" doraHaiUra="45" who="2" fromWho="1" sc="290,0,240,-55,230,65,230,0" /><INIT seed="1,0,0,3,3,98" ten="290,185,295,230" oya="1" hai0="50,107,87,26,27,132,39,64,53,73,23,121,90" hai1="61,6,100,10,1,135,94,83,102,106,66,5,88" hai2="92,127,72,109,57,22,63,44,17,71,84,21,123" hai3="32,124,12,76,13,91,2,120,15,97,14,105,95"/><U19/><E106/><V34/><F72/><W113/><G120/><T29/><D39/><U96/><E135/><V131/><F34/><W0/><G113/><T111/><D73/><U18/><E6/><V128/><F123/><W85/><G32/><T69/><D121/><U47/><E47/><V48/><F71/><W33/><G33/><T133/><D107/><U4/><E4/><V60/><F109/><W75/><G124/><T25/><D111/><U126/><E126/><V3/><F3/><W116/><G116/><T56/><D69/><U77/><E18/><V119/><F127/><W79/><G79/><T89/><D64/><U11/><E19/><V130/><F119/><W30/><G30/><T118/><D89/><U40/><E11/><V104/><F104/><W62/><G62/><T81/><D118/><U8/><E8/><V46/><F63/><W59/><G59/><T20/><REACH who="0" step="1"/><D26/><REACH who="0" ten="280,185,295,230" step="2"/><U67/><E67/><N who="2" m="39311" /><F131/><W54/><G75/><T55/><D55/><U117/><E117/><V16/><F128/><W38/><G54/><T129/><D129/><U86/><E40/><V80/><F130/><W42/><G42/><T134/><D134/><U9/><E9/><V51/><F46/><W108/><G38/><T114/><D114/><U28/><E28/><AGARI ba="0,1" hai="20,23,25,27,28,29,50,53,56,81,87,90,132,133" machi="28" ten="40,2600,0" yaku="1,1,9,1,53,0" doraHai="98" doraHaiUra="43" who="0" fromWho="1" sc="280,36,185,-26,295,0,230,0" /><INIT seed="2,0,0,1,0,69" ten="316,159,295,230" oya="2" hai0="25,39,68,51,23,110,4,40,83,134,106,46,1" hai1="33,29,64,131,71,78,73,58,45,124,0,2,120" hai2="17,10,74,90,50,108,121,14,6,85,125,94,104" hai3="113,48,67,27,112,70,135,53,11,82,130,26,115"/><V34/><F121/><W105/><G105/><T92/><D106/><U77/><E58/><V62/><F125/><W93/><G130/><T41/><D68/><U132/><E131/><V49/><F74/><W60/><G135/><T84/><D110/><U128/><E128/><V81/><F104/><W66/><G66/><T116/><D116/><U63/><E78/><V30/><F34/><W21/><G11/><T129/><D129/><U127/><E132/><V16/><F30/><W5/><G5/><T28/><D92/><U72/><E120/><V22/><F108/><W42/><G42/><T109/><D109/><U57/><E57/><V36/><F36/><W37/><G37/><T87/><D87/><U24/><E45/><V103/><F62/><W100/><G82/><T47/><D134/><U80/><REACH who="1" step="1"/><E72/><REACH who="1" ten="316,149,295,230" step="2"/><V43/><F43/><W101/><G112/><T19/><D46/><U75/><E75/><V126/><F126/><AGARI ba="0,1" hai="0,2,24,29,33,63,64,71,73,77,80,124,126,127" machi="126" ten="40,8000,1" yaku="1,1,18,1,23,2,53,0" doraHai="69" doraHaiUra="3" who="1" fromWho="2" sc="316,0,149,90,295,-80,230,0" /><INIT seed="3,0,0,1,2,25" ten="316,239,215,230" oya="3" hai0="46,124,134,83,101,130,122,64,51,21,118,44,91" hai1="3,5,23,4,66,70,60,133,53,69,50,33,80" hai2="90,67,2,135,104,61,75,98,56,96,81,123,99" hai3="84,10,100,41,109,82,77,88,93,89,16,94,126"/><W79/><G126/><T131/><D118/><U38/><E33/><V9/><F135/><W43/><G109/><T19/><D122/><U37/><E133/><V8/><F123/><W27/><G100/><T95/><D134/><U28/><E70/><V86/><F104/><W119/><G119/><T92/><D124/><U73/><E28/><V62/><F75/><W129/><G129/><T40/><D64/><U11/><E23/><V34/><F34/><W17/><G27/><T132/><D132/><U58/><REACH who="1" step="1"/><E5/><REACH who="1" ten="316,229,215,230" step="2"/><V55/><REACH who="2" step="1"/><F2/><REACH who="2" ten="316,229,205,230" step="2"/><W87/><G82/><T116/><D83/><U78/><AGARI ba="0,2" hai="3,4,11,37,38,50,53,58,60,66,69,73,78,80" machi="78" ten="30,7900,0" yaku="1,1,2,1,0,1,53,1" doraHai="25" doraHaiUra="48" who="1" fromWho="1" sc="316,-20,229,99,205,-20,230,-39" owari="296,9.6,328,42.8,185,-31.5,191,-20.9" /></mjloggm>