<mjloggm ver="2.3"><GO type="225" lobby="0"/><UN n0="%E3%81%99%E3%81%84%E3%81%BE%E3%81%9B%E3%83%BC%E3%82%93" n1="%E7%89%B9%E6%9D%B1%E3%81%AF%E4%B8%96%E7%95%8C%E3%82%92%E6%95%91%E3%81%86" n2="%73%6C%69%63%6B%33%31%39" n3="%E3%81%A1%E3%82%85%E3%81%86%E3%81%A9%E3%81%8F%E8%B1%A1%E3%81%95%E3%82%93" dan="16,16,16,17" rate="2130.86,2187.32,2188.57,2188.84" sx="M,M,M,M"/><TAIKYOKU oya="0"/><INIT seed="0,0,0,0,0,14" ten="250,250,250,250" oya="0" hai0="45,13,33,85,88,48,91,7,25,70,5,87,132" hai1="50,84,43,90,66,26,103,122,9,36,118,130,124" hai2="57,21,105,76,53,95,11,29,49,78,22,71,75" hai3="6,67,62,94,127,0,46,117,121,73,102,109,39"/><T107/><D132/><U82/><E118/><V106/><F71/><W44/><G117/><T8/><D107/><U47/><E122/><V68/><F68/><W123/><G73/><T83/><D70/><U15/><E130/><V63/><F105/><W80/><G80/><N who="0" m="49191" /><D33/><U119/><E119/><V97/><F106/><W55/><G44/><T41/><D25/><U37/><E124/><V92/><F92/><W108/><G6/><AGARI ba="0,0" hai="5,6,7,8,13,41,45,48,83,87,91" m="49191" machi="6" ten="30,2900,0" yaku="8,1,54,1" doraHai="14" who="0" fromWho="3" sc="250,29,250,0,250,0,250,-29" /><INIT seed="0,1,0,4,2,64" ten="279,250,250,221" oya="0" hai0="77,79,83,24,116,109,96,134,50,36,88,34,15" hai1="131,125,17,87,106,35,18,33,70,104,12,68,133" hai2="119,38,1,32,5,112,21,76,31,98,57,27,81" hai3="86,16,3,94,100,25,4,65,135,23,75,78,111"/><T129/><D116/><U8/><E87/><V105/><F112/><W114/><G114/><T10/><D36/><U72/><E72/><V123/><F123/><W115/><G115/><T44/><D129/><U40/><E40/><V2/><F38/><W49/><G111/><T51/><D134/><U126/><E131/><V74/><F119/><W80/><G135/><T11/><D109/><U85/><E85/><V56/><F32/><W0/><G4/><T42/><D51/><U101/><E133/><V9/><REACH who="2" step="1"/><F1/><REACH who="2" ten="279,250,240,221" step="2"/><W99/><G0/><T54/><D34/><U110/><E110/><V62/><F62/><W84/><G3/><T89/><D50/><U67/><E35/><V43/><F43/><W127/><G127/><N who="1" m="48650" /><E33/><V58/><F58/><W93/><G49/><T130/><D42/><U92/><E18/><V14/><F14/><W97/><REACH who="3" step="1"/><G65/><REACH who="3" ten="279,250,240,211" step="2"/><T61/><D130/><U124/><E124/><V60/><F60/><W52/><G52/><T39/><D61/><U37/><E37/><V41/><F41/><W66/><G66/><T63/><D54/><U95/><E67/><V30/><F30/><W82/><G82/><T22/><D39/><U107/><E101/><AGARI ba="1,2" hai="2,5,9,21,27,31,56,57,74,76,81,98,101,105" machi="101" ten="40,5200,0" yaku="1,1,53,2" doraHai="64" doraHaiUra="53" who="2" fromWho="1" sc="279,0,250,-55,240,75,211,0" /><AGARI ba="1,0" hai="16,23,25,75,78,80,84,86,93,94,97,99,100,101" machi="101" ten="30,7700,0" yaku="1,1,7,1,9,1,54,1,53,0" doraHai="64" doraHaiUra="53" who="3" fromWho="1" sc="279,0,195,-77,315,0,211,77" /><INIT seed="1,0,0,0,1,23" ten="279,118,315,288" oya="1" hai0="65,125,73,30,80,108,40,75,1,96,78,117,9" hai1="71,8,81,57,86,19,103,111,28,15,37,16,32" hai2="74,13,120,115,48,112,102,46,94,130,3,43,127" hai3="45,70,10,31,110,123,52,42,128,121,104,77,61"/><U122/><E71/><V133/><F120/><W41/><G104/><T116/><D108/><U33/><E122/><V92/><F3/><W134/><G77/><T54/><D125/><U34/><E37/><V129/><F74/><W22/><G10/><T131/><D75/><U56/><E111/><V85/><F127/><W66/><G110/><T24/><D131/><N who="2" m="50186" /><F133/><W106/><G128/><T51/><D40/><U44/><E103/><V68/><F68/><W2/><G2/><T119/><D65/><U36/><E28/><V88/><F13/><W105/><G134/><T83/><D83/><U11/><E36/><V63/><F63/><W132/><G132/><T62/><D62/><U60/><E44/><V76/><F76/><W84/><G121/><T0/><D96/><AGARI ba="0,0" hai="43,46,48,85,88,92,94,96,102,112,115" m="50186" machi="96" ten="30,2000,0" yaku="19,1,54,1" doraHai="23" who="2" fromWho="0" sc="279,-20,118,0,315,20,288,0" /><INIT seed="2,0,0,2,4,15" ten="259,118,335,288" oya="2" hai0="30,130,105,93,17,80,131,23,42,28,109,49,118" hai1="127,69,94,95,57,20,43,63,32,8,37,5,112" hai2="86,72,50,97,53,13,19,6,119,70,75,25,128" hai3="114,102,87,76,16,89,34,78,24,3,96,56,134"/><V74/><F119/><W79/><G3/><T100/><D118/><U31/><E112/><V111/><F70/><W92/><G114/><T104/><D109/><U83/><E32/><V58/><F111/><W55/><G134/><T101/><D80/><U51/><E69/><V124/><F124/><W115/><G115/><T14/><D42/><U59/><E37/><V52/><F128/><N who="0" m="49194" /><D49/><U36/><E36/><V26/><F6/><W117/><G117/><T81/><D81/><U71/><E71/><V132/><F132/><W103/><G34/><T33/><D93/><U11/><E127/><V129/><F86/><W98/><G87/><T125/><D125/><U88/><E83/><V60/><F97/><W4/><G4/><T40/><D40/><U99/><E95/><V1/><F1/><W107/><G107/><N who="0" m="41035" /><D33/><U35/><E35/><V82/><F82/><W122/><G122/><T106/><N who="0" m="41043" /><T123/><DORA hai="116" /><D123/><U120/><E120/><V46/><REACH who="2" step="1"/><F129/><REACH who="2" ten="259,118,325,288" step="2"/><W38/><G98/><T121/><D121/><U68/><E5/><V67/><F67/><W73/><G73/><T85/><D85/><U90/><E99/><V29/><F29/><AGARI ba="0,1" hai="14,17,23,28,29,30,100,101" m="41043,49194" machi="29" ten="50,3200,0" yaku="19,1,52,1" doraHai="15,116" who="0" fromWho="2" sc="259,42,118,0,325,-32,288,0" /><INIT seed="3,0,0,0,0,12" ten="301,118,293,288" oya="3" hai0="128,98,122,121,96,7,92,108,51,54,107,64,77" hai1="123,1,124,58,46,4,118,110,105,16,47,75,22" hai2="91,5,21,85,120,29,20,38,48,10,57,72,18" hai3="66,49,3,25,41,68,69,14,119,99,109,67,65"/><W79/><G119/><T59/><D108/><U62/><E123/><V8/><F38/><W6/><G3/><T131/><D7/><U83/><E105/><V114/><F114/><W28/><G79/><T134/><D134/><U112/><E112/><V89/><F72/><W70/><G99/><T117/><D117/><U103/><E103/><V26/><F120/><W53/><G41/><T127/><D127/><U84/><E75/><V101/><F101/><W126/><G126/><T113/><D113/><U115/><E115/><V19/><F89/><W81/><G81/><T135/><D135/><U30/><E30/><V87/><F85/><W74/><G74/><T43/><D77/><U100/><E100/><V13/><F29/><W31/><G109/><T125/><D125/><U42/><E124/><V61/><F48/><W0/><G0/><T15/><D43/><U45/><E4/><V97/><F97/><N who="0" m="37482" /><D92/><U37/><E1/><V133/><F5/><W95/><G95/><T116/><D116/><U90/><E110/><V35/><F35/><W71/><G71/><T86/><D86/><U9/><E9/><V76/><F76/><W52/><G49/><T102/><D102/><U132/><E132/><V80/><F133/><W55/><G25/><T93/><D93/><U11/><E11/><AGARI ba="0,0" hai="6,11,14,28,31,52,53,55,65,66,67,68,69,70" machi="11" ten="50,9600,0" yaku="29,2,54,1" doraHai="12" who="3" fromWho="1" sc="301,0,118,-96,293,0,288,96" owari="301,10.1,22,-47.8,293,-10.7,384,48.4" /></mjloggm>