<mjloggm ver="2.3"><GO type="225" lobby="0"/><UN n0="%E3%81%8B%E3%82%8F%E3%81%A1%E3%82%83%E3%82%93%35%38" n1="%E3%82%B2%E3%82%B9%E8%8C%82%E5%8B%9D" n2="%77%72%77%72%77%72%77%72" n3="%E3%81%A8%E3%82%93%E3%81%A8%E3%81%93%E3%81%A8%E3%82%93" dan="17,16,16,16" rate="2145.62,2060.19,2100.84,2127.28" sx="M,F,M,M"/><TAIKYOKU oya="0"/><INIT seed="0,0,0,5,1,12" ten="250,250,250,250" oya="0" hai0="64,100,16,3,127,88,87,72,44,33,41,61,1" hai1="45,29,26,47,67,8,59,85,128,101,66,42,10" hai2="70,118,117,23,98,82,32,113,89,52,71,92,119" hai3="25,51,28,56,18,126,107,6,24,73,108,27,116"/><T46/><D33/><U55/><E128/><V38/><F113/><W69/><G69/><T99/><D72/><U68/><E101/><V95/><F32/><N who="3" m="20487" /><G107/><T129/><D129/><U106/><E106/><V79/><F38/><W62/><G73/><T134/><D134/><U90/><E68/><V4/><F4/><W39/><G39/><T2/><D127/><U105/><E105/><V120/><F120/><W15/><G51/><T34/><D34/><U37/><E47/><V63/><F92/><W36/><G36/><T91/><D91/><U112/><E112/><V109/><F109/><W102/><G102/><T133/><D133/><U83/><E66/><V57/><REACH who="2" step="1"/><F23/><REACH who="2" ten="250,250,240,250" step="2"/><W125/><G6/><T9/><D1/><U22/><REACH who="1" step="1"/><E67/><REACH who="1" ten="250,240,240,250" step="2"/><V35/><F35/><W135/><G108/><T7/><D64/><U122/><E122/><V131/><F131/><W75/><G135/><T114/><D114/><U53/><E53/><V5/><F5/><W30/><G125/><T43/><D43/><U40/><E40/><V78/><F78/><W132/><G126/><T19/><D41/><U50/><AGARI ba="0,2" hai="8,10,22,26,29,37,42,45,50,55,59,83,85,90" machi="50" ten="20,5200,0" yaku="1,1,0,1,7,1,53,1" doraHai="12" doraHaiUra="77" who="1" fromWho="1" sc="250,-26,240,72,240,-13,250,-13" /><INIT seed="1,0,0,5,0,37" ten="224,312,227,237" oya="1" hai0="69,22,12,10,32,84,54,61,50,109,11,91,93" hai1="125,47,40,44,31,101,102,62,56,51,129,68,63" hai2="30,88,48,111,33,99,115,112,52,67,100,74,132" hai3="96,2,89,20,126,53,36,9,103,128,94,21,7"/><U85/><E125/><V86/><F74/><W27/><G126/><T55/><D32/><U3/><E129/><V105/><F111/><W116/><G128/><T0/><D109/><U130/><E130/><V95/><F132/><W42/><G116/><T121/><D121/><U57/><E3/><V28/><F67/><W65/><G65/><T107/><D107/><U127/><E127/><V19/><F19/><W1/><G1/><T97/><D0/><U72/><E72/><V41/><F41/><W8/><G8/><T35/><D35/><U90/><E31/><V110/><F110/><W24/><G53/><T49/><D61/><N who="1" m="23051" /><E44/><V108/><F108/><W34/><G103/><N who="1" m="39434" /><E68/><V29/><REACH who="2" step="1"/><F33/><REACH who="2" ten="224,312,217,237" step="2"/><W123/><G123/><T59/><D69/><U45/><E45/><AGARI ba="0,1" hai="28,29,30,45,48,52,86,88,95,99,100,105,112,115" machi="45" ten="40,8000,1" yaku="1,1,2,1,54,2,53,0" doraHai="37" doraHaiUra="23" who="2" fromWho="1" sc="224,0,312,-80,217,90,237,0" /><INIT seed="2,0,0,0,2,31" ten="224,232,307,237" oya="2" hai0="92,132,106,102,126,5,109,39,124,50,80,0,62" hai1="120,65,64,66,97,24,127,86,83,76,101,118,70" hai2="119,38,54,26,67,69,46,30,72,44,13,41,16" hai3="105,81,96,12,20,15,84,8,52,3,58,99,125"/><V23/><F119/><W104/><G125/><N who="0" m="48235" /><D39/><U93/><E127/><V63/><F72/><W94/><G3/><T71/><D109/><U108/><E108/><V130/><F130/><W21/><G105/><T51/><D106/><U133/><E118/><V1/><F1/><W28/><G104/><T37/><D37/><U73/><E133/><V123/><F123/><W82/><G28/><T34/><D132/><U122/><E70/><V36/><F54/><W9/><G84/><T29/><D80/><U19/><E73/><V121/><F121/><N who="1" m="46697" /><E24/><V88/><F88/><N who="3" m="55367" /><G99/><N who="0" m="59751" /><D5/><U129/><E19/><V75/><F75/><W115/><G115/><T95/><D95/><U10/><E10/><N who="3" m="4202" /><G21/><T25/><D0/><U111/><E111/><V55/><F55/><W53/><G53/><T79/><D79/><U98/><E97/><V68/><F38/><W112/><G112/><T35/><D35/><U60/><E129/><V2/><F2/><W18/><G12/><T49/><D62/><AGARI ba="0,0" hai="15,18,20,52,58,62,81,82" m="4202,55367" machi="62" ten="30,3900,0" yaku="8,1,54,2" doraHai="31" who="3" fromWho="0" sc="224,-39,232,0,307,0,237,39" /><INIT seed="3,0,0,2,3,101" ten="185,232,307,276" oya="3" hai0="55,79,49,130,0,107,116,24,106,48,74,53,89" hai1="129,54,3,121,109,19,10,128,23,4,47,20,72" hai2="75,131,114,2,78,100,85,51,95,18,35,93,84" hai3="82,34,61,36,134,59,6,112,68,46,63,92,73"/><W9/><G112/><T52/><D116/><U58/><E109/><V88/><F2/><W15/><G34/><T104/><D0/><U16/><E72/><V11/><F35/><W81/><G134/><T45/><D130/><N who="1" m="50283" /><E47/><V126/><F126/><W66/><G73/><T1/><D1/><U97/><E97/><N who="2" m="59439" /><F75/><W69/><G69/><T118/><D118/><U119/><E119/><V111/><F111/><W40/><REACH who="3" step="1"/><G92/><REACH who="3" ten="185,232,307,266" step="2"/><T64/><D64/><AGARI ba="0,1" hai="6,9,15,36,40,46,59,61,63,64,66,68,81,82" machi="64" ten="30,5800,0" yaku="1,1,2,1,7,1,53,0" doraHai="101" doraHaiUra="117" who="3" fromWho="0" sc="185,-58,232,0,307,0,266,68" owari="127,-37.3,232,-16.8,307,10.7,334,43.4" /></mjloggm>