<mjloggm ver="2.3"><GO type="225" lobby="0"/><UN n0="%E4%BF%BA%E3%81%A8%E5%A6%96%E5%A4%A2" n1="%E6%A1%9C%E8%8A%B1%E9%96%83%E3%80%85" n2="%E3%81%9F%E3%81%8C%E3%82%84%E3%81%99" n3="%E3%81%B5%E3%81%98%E3%81%8B%E3%81%A4" dan="17,16,17,17" rate="2184.87,2215.73,2176.38,2208.51" sx="F,M,M,M"/><TAIKYOKU oya="0"/><INIT seed="0,0,0,5,0,59" ten="250,250,250,250" oya="0" hai0="42,101,49,83,115,44,72,5,54,133,24,135,110" hai1="79,18,20,111,74,113,57,8,61,27,23,4,0" hai2="117,46,92,47,85,131,15,56,82,126,99,104,62" hai3="33,80,129,127,93,69,94,108,3,35,118,89,48"/><T84/><D115/><U13/><E111/><V95/><F104/><W2/><G108/><T67/><D72/><U12/><E113/><V125/><F131/><W7/><G69/><T14/><D110/><U76/><E74/><V71/><F71/><W121/><G129/><T103/><D24/><U9/><E23/><V19/><F117/><W17/><G118/><T64/><D5/><U107/><E107/><V130/><F130/><W116/><G116/><T29/><D29/><U32/><E32/><V119/><F119/><W63/><G17/><T26/><D26/><U122/><E122/><V50/><F126/><W70/><G48/><T28/><D28/><N who="1" m="17511" /><E0/><V43/><F47/><W98/><G80/><T75/><D14/><U45/><E45/><V37/><F37/><W134/><G134/><N who="0" m="51211" /><D42/><U66/><AGARI ba="0,0" hai="4,8,9,12,13,18,57,61,66,76,79" m="17511" machi="66" ten="30,2000,0" yaku="8,1,52,1" doraHai="59" who="1" fromWho="1" sc="250,-10,250,20,250,-5,250,-5" /><INIT seed="1,0,0,2,5,30" ten="240,270,245,245" oya="1" hai0="24,86,88,2,58,123,31,70,61,15,82,127,36" hai1="54,69,41,74,23,87,118,68,98,102,48,73,112" hai2="79,37,108,44,109,105,91,67,29,9,47,5,22" hai3="21,51,97,18,80,81,56,116,34,35,46,27,60"/><U65/><E112/><V101/><F79/><W26/><G116/><T129/><D2/><U99/><E118/><V13/><F67/><W132/><G132/><T4/><D70/><U49/><E87/><V89/><F101/><W7/><G7/><T19/><D36/><U130/><E130/><V104/><F22/><W8/><G8/><T78/><D129/><U32/><E23/><V125/><F29/><W122/><G122/><T120/><D127/><U40/><E54/><V1/><F13/><W93/><G27/><T95/><D4/><U106/><E102/><V33/><F33/><W103/><G80/><T52/><D15/><U38/><E38/><V83/><F125/><W100/><G81/><T14/><D14/><U119/><E65/><V131/><F131/><W66/><REACH who="3" step="1"/><G100/><REACH who="3" ten="240,270,245,235" step="2"/><T71/><D120/><U62/><E119/><V12/><F83/><W75/><G75/><T94/><D123/><U57/><E74/><V135/><F135/><W133/><G133/><T92/><D78/><U0/><E73/><V110/><F1/><W16/><G16/><T126/><D126/><U134/><E0/><V50/><F91/><W55/><AGARI ba="0,1" hai="18,21,26,34,35,46,51,55,56,60,66,93,97,103" machi="55" ten="20,8000,1" yaku="1,1,0,1,7,1,52,2,53,0" doraHai="30" doraHaiUra="124" who="3" fromWho="3" sc="240,-20,270,-40,245,-20,235,90" /><INIT seed="2,0,0,5,5,93" ten="220,230,225,325" oya="2" hai0="73,67,80,15,11,0,12,120,38,71,113,84,76" hai1="6,117,122,79,59,4,134,20,125,94,60,51,69" hai2="14,96,45,48,47,77,99,31,13,88,40,110,72" hai3="128,106,81,68,116,132,112,129,92,7,52,25,130"/><V133/><F31/><W8/><G116/><T131/><D120/><U63/><E117/><V82/><F133/><W17/><G106/><T89/><D113/><U21/><E134/><V119/><F119/><W36/><G68/><T16/><D131/><U5/><E122/><V114/><F114/><W37/><G132/><T90/><D38/><U43/><E125/><V49/><F110/><W70/><G81/><T10/><D0/><U58/><E69/><V65/><F65/><W111/><G70/><T61/><REACH who="0" step="1"/><D73/><REACH who="0" ten="210,230,225,325" step="2"/><U103/><E4/><AGARI ba="0,1" hai="4,10,11,12,15,16,61,67,71,76,80,84,89,90" machi="4" ten="30,7700,0" yaku="1,1,2,1,7,1,54,1,53,0" doraHai="93" doraHaiUra="102" who="0" fromWho="1" sc="210,87,230,-77,225,0,325,0" /><INIT seed="3,0,0,2,1,27" ten="297,153,225,325" oya="3" hai0="2,78,25,84,20,18,38,103,17,115,7,97,23" hai1="54,36,63,123,113,4,56,64,34,19,88,3,45" hai2="79,133,13,29,114,35,62,96,71,14,49,87,28" hai3="61,58,16,102,70,21,24,50,22,135,46,105,109"/><W82/><G135/><T90/><D38/><U89/><E123/><V72/><F72/><W116/><G116/><T60/><D115/><U104/><E113/><V48/><F114/><W108/><G70/><T11/><D78/><U131/><E104/><V8/><F35/><W81/><G22/><T112/><D112/><U98/><E131/><V44/><F133/><W53/><G102/><T127/><D60/><U134/><E134/><V95/><F62/><W110/><G105/><T59/><D59/><U12/><E34/><V130/><F71/><W31/><G16/><T32/><D32/><U99/><E3/><V120/><F130/><W68/><G68/><T132/><D127/><U43/><E4/><N who="2" m="3207" /><F14/><W76/><G76/><T1/><D1/><U119/><E119/><V74/><F74/><W41/><AGARI ba="0,0" hai="21,24,31,41,46,50,53,58,61,81,82,108,109,110" machi="41" ten="30,11700,0" yaku="0,1,14,1,10,1,52,1" doraHai="27" who="3" fromWho="3" sc="297,-39,153,-39,225,-39,325,117" owari="258,5.8,114,-38.6,186,-21.4,442,54.2" /></mjloggm>