<mjloggm ver="2.3"><GO type="225" lobby="0"/><UN n0="%70%68%65%6E%6F%6D%65" n1="%72%61%6B%33" n2="%E3%82%BD%E3%83%83%E3%82%AF%E3%82%B9%E2%99%AA" n3="%E3%82%A2%E3%82%A4%E3%82%B9%E3%83%86%E3%82%A3%E3%83%BC%E3%81%82%E3%81%B9" dan="16,17,16,16" rate="2113.72,2153.63,2056.43,2117.05" sx="M,M,M,M"/><TAIKYOKU oya="0"/><INIT seed="0,0,0,3,4,110" ten="250,250,250,250" oya="0" hai0="81,19,35,53,40,4,115,80,34,20,55,62,37" hai1="90,16,32,73,56,134,18,66,102,128,33,21,9" hai2="28,60,119,98,120,72,107,103,12,78,70,67,27" hai3="99,68,13,65,111,88,77,61,101,15,46,127,41"/><T84/><D4/><U117/><E117/><V52/><F120/><W1/><G1/><T51/><D115/><U7/><E73/><V106/><F119/><W76/><G111/><T129/><D129/><U83/><E128/><V71/><F71/><W2/><G2/><T109/><D109/><U104/><E134/><V57/><F12/><W22/><G127/><T38/><D62/><U48/><E104/><V85/><F85/><W47/><G47/><T10/><D10/><U135/><E102/><V86/><F86/><W91/><G77/><T26/><D81/><U121/><E135/><V124/><F124/><W113/><G76/><T79/><D53/><U92/><E83/><V89/><F89/><W93/><G113/><T25/><D40/><U54/><E66/><V36/><F36/><W105/><G22/><T95/><D95/><U123/><E123/><V132/><F132/><W133/><G91/><T96/><D96/><U24/><E18/><V74/><F106/><W130/><G130/><T49/><D49/><U59/><E59/><V0/><F78/><W30/><G30/><T63/><D63/><U29/><E29/><V5/><F0/><W75/><G75/><T131/><D131/><U14/><REACH who="1" step="1"/><E121/><REACH who="1" ten="250,240,250,250" step="2"/><V17/><F17/><W112/><G133/><T23/><D34/><U82/><E82/><V8/><F74/><W3/><G105/><T118/><D35/><U45/><E45/><V97/><F72/><W11/><G46/><N who="0" m="28151" /><D118/><U122/><E122/><V87/><F107/><W64/><G64/><T108/><D108/><U100/><E100/><V116/><F103/><RYUUKYOKU ba="0,1" sc="250,15,240,15,250,-15,250,-15" hai0="19,20,23,25,26,37,38,79,80,84" hai1="7,9,14,16,21,24,32,33,48,54,56,90,92" /><INIT seed="0,1,1,3,2,35" ten="265,255,235,235" oya="0" hai0="111,32,65,87,133,54,86,126,67,131,60,11,83" hai1="7,110,71,103,8,52,78,0,27,96,122,41,3" hai2="134,31,39,22,10,108,92,109,56,26,79,25,47" hai3="127,117,118,63,129,114,5,61,89,123,17,58,19"/><T43/><D126/><U48/><E122/><V135/><F79/><W85/><G114/><T116/><D116/><U81/><E71/><V42/><F92/><W119/><G127/><T94/><D131/><U14/><E41/><V99/><F99/><W132/><G129/><T4/><D133/><N who="2" m="50698" /><F10/><W69/><G132/><T101/><D32/><U50/><E110/><V102/><F102/><W38/><G38/><T18/><D43/><U30/><E50/><V95/><F95/><W55/><G5/><T33/><D33/><U44/><E27/><V130/><F130/><W21/><G123/><T113/><D18/><U24/><E24/><V37/><F37/><W80/><REACH who="3" step="1"/><G21/><REACH who="3" ten="265,255,235,225" step="2"/><T23/><D23/><U115/><E115/><V45/><F109/><W49/><G49/><T6/><D113/><U124/><E124/><V12/><F108/><W66/><AGARI ba="1,2" hai="17,19,55,58,61,63,66,69,80,85,89,117,118,119" machi="66" ten="40,2700,0" yaku="1,1,0,1,53,0" doraHai="35" doraHaiUra="75" who="3" fromWho="3" sc="265,-14,255,-8,235,-8,225,50" /><INIT seed="1,0,0,4,0,73" ten="251,247,227,275" oya="1" hai0="95,25,11,103,133,52,21,5,60,72,17,109,74" hai1="23,2,44,105,83,19,40,71,106,14,8,6,15" hai2="128,89,88,27,37,46,32,57,91,127,79,120,41" hai3="18,3,59,58,104,121,98,97,99,20,116,125,43"/><U16/><E71/><V64/><F120/><W65/><G121/><T113/><D113/><U100/><E100/><V108/><F108/><W0/><G125/><T48/><D109/><U33/><E33/><V123/><F123/><W102/><G102/><T67/><D133/><U22/><REACH who="1" step="1"/><E83/><REACH who="1" ten="251,237,227,275" step="2"/><V92/><F127/><W50/><G104/><T28/><D103/><U82/><E82/><V56/><F92/><W66/><G116/><T13/><D95/><U68/><E68/><V85/><F128/><W93/><G93/><T31/><D72/><U119/><E119/><V10/><F64/><W80/><G80/><T86/><D74/><U29/><E29/><V70/><F70/><W124/><G124/><T7/><D28/><U38/><AGARI ba="0,1" hai="2,6,8,14,15,16,19,22,23,38,40,44,105,106" machi="38" ten="20,12000,1" yaku="1,1,0,1,7,1,9,1,54,1,53,0" doraHai="73" doraHaiUra="112" who="1" fromWho="1" sc="251,-40,237,130,227,-40,275,-40" /><INIT seed="1,1,0,2,0,78" ten="211,367,187,235" oya="1" hai0="7,15,51,76,56,16,27,109,29,119,21,80,64" hai1="93,41,14,44,18,23,115,127,95,0,110,69,81" hai2="117,85,33,42,86,106,17,133,13,87,134,94,108" hai3="66,116,10,61,102,129,68,128,101,60,47,30,96"/><U74/><E115/><V122/><F117/><W58/><G116/><T131/><D119/><U70/><E0/><V32/><F122/><W124/><G124/><T114/><D114/><U98/><E127/><V31/><F106/><W121/><G121/><T103/><D109/><U20/><E110/><V67/><F108/><W105/><G102/><T50/><D131/><U123/><E123/><V77/><F42/><W34/><G10/><N who="0" m="4575" /><D103/><U91/><E23/><V100/><F67/><W97/><G97/><T75/><D75/><U3/><E3/><V65/><F65/><W9/><G9/><T36/><D36/><U25/><E25/><V118/><F118/><W71/><G47/><T22/><D64/><U1/><E1/><V12/><F77/><W92/><G92/><T55/><D51/><U90/><E74/><V52/><F32/><W59/><G71/><T88/><D76/><U6/><E6/><V63/><F100/><W28/><G28/><T57/><D57/><N who="3" m="21513" /><G61/><T8/><D8/><U126/><E126/><V37/><F37/><W62/><G60/><T73/><D73/><U132/><E70/><V99/><F31/><W53/><G53/><T83/><D88/><U46/><E69/><V82/><F52/><W4/><G4/><T84/><D84/><N who="2" m="32362" /><F63/><W107/><G107/><T43/><D43/><U49/><E41/><V112/><F112/><W89/><G89/><T11/><D11/><U111/><E91/><N who="2" m="55775" /><F33/><W45/><G45/><T2/><D2/><U19/><E46/><V72/><F72/><W54/><G54/><T48/><D50/><U104/><E49/><RYUUKYOKU ba="1,0" sc="211,15,367,-15,187,-15,235,15" hai0="16,21,22,27,29,48,55,56,80,83" hai3="30,34,62,66,68,96,101,105,128,129" /><INIT seed="2,2,0,5,4,0" ten="226,352,172,250" oya="2" hai0="50,112,38,129,131,35,98,10,2,117,81,88,69" hai1="107,42,83,90,103,61,120,106,82,34,118,1,15" hai2="55,75,43,84,76,97,104,100,85,108,72,111,127" hai3="62,30,26,5,89,110,29,51,24,119,40,93,128"/><V56/><F127/><W86/><G110/><N who="2" m="42025" /><F43/><W18/><G119/><T115/><D38/><U52/><E1/><V17/><F17/><W12/><G128/><N who="0" m="49227" /><D117/><U123/><E34/><V4/><F4/><W27/><G62/><T130/><N who="0" m="49235" /><T7/><DORA hai="49" /><D69/><U77/><E42/><V68/><F68/><W126/><G126/><T19/><D35/><U121/><E118/><V91/><F76/><W58/><G5/><T32/><D32/><U96/><E15/><V135/><F135/><W99/><G99/><T23/><D50/><U124/><E124/><V122/><F122/><W20/><REACH who="3" step="1"/><G40/><REACH who="3" ten="226,352,172,240" step="2"/><T73/><D98/><U105/><E120/><V109/><N who="2" m="42033" /><V57/><DORA hai="48" /><F85/><W45/><G45/><T9/><D73/><N who="2" m="28234" /><F55/><AGARI ba="2,1" hai="12,18,20,24,26,27,29,30,51,55,58,86,89,93" machi="55" ten="40,12000,2" yaku="1,1,25,2,8,1,52,2,53,1" doraHai="0,49,48" doraHaiUra="102,116,16" who="3" fromWho="2" sc="226,0,352,0,172,-126,240,136" /><INIT seed="3,0,0,0,2,130" ten="226,352,46,376" oya="3" hai0="56,32,76,6,116,55,133,103,107,5,1,120,41" hai1="135,49,105,46,97,118,113,57,51,117,109,50,19" hai2="75,129,111,2,67,23,21,18,131,124,93,65,61" hai3="31,30,12,52,106,128,84,89,10,36,24,94,71"/><W48/><G128/><T25/><D116/><N who="1" m="44651" /><E113/><V112/><F93/><W42/><G106/><T16/><D120/><U81/><E19/><V14/><F75/><W70/><G31/><T125/><D125/><U38/><E81/><V44/><F44/><W13/><G12/><T28/><D41/><N who="1" m="22839" /><E109/><V33/><F61/><W73/><G73/><T108/><D108/><U110/><E110/><V69/><F69/><W27/><G27/><T96/><D76/><U95/><E105/><V63/><F63/><W122/><G122/><T83/><D83/><U68/><E68/><V66/><F111/><W82/><G94/><T72/><D72/><U35/><E35/><V58/><F58/><W80/><G80/><T85/><D85/><U8/><E8/><V17/><F112/><W79/><G79/><T62/><D1/><U114/><E114/><V54/><F54/><W87/><G84/><T9/><D6/><U77/><E77/><V45/><F45/><N who="3" m="27663" /><G42/><T98/><D98/><U11/><E11/><V78/><F78/><W88/><G36/><T64/><D5/><U47/><E47/><V20/><F124/><W99/><G99/><T92/><D107/><U0/><E0/><V43/><F43/><W59/><G59/><T26/><D55/><N who="1" m="31983" /><E135/><V86/><F86/><W22/><G89/><T74/><D74/><U7/><E7/><V123/><F123/><W60/><G71/><T119/><D119/><U37/><E37/><V121/><F121/><W34/><G34/><T101/><D32/><U127/><E127/><V91/><F33/><W126/><G126/><T100/><D56/><RYUUKYOKU ba="0,0" sc="226,-10,352,30,46,-10,376,-10" hai1="50,51,95,97" owari="216,-18.4,382,48.2,36,-46.4,366,16.6" /></mjloggm>