<mjloggm ver="2.3"><GO type="225" lobby="0"/><UN n0="%E3%81%95%E3%81%8D%E3%81%9F%E3%81%BE%E6%9E%97%E6%AA%8E" n1="%E8%BE%9B%E5%8F%A3%E3%82%AB%E3%83%AC%E3%83%BC%E3%83%A9%E3%82%A4%E3%82%B9" n2="%E7%99%BD%E6%97%A5%E9%9B%AA%E8%8F%9C" n3="%E8%90%BD%E6%97%A5" dan="16,17,17,16" rate="2082.63,2232.79,2204.02,2211.33" sx="M,M,M,F"/><TAIKYOKU oya="0"/><INIT seed="0,0,0,4,2,63" ten="250,250,250,250" oya="0" hai0="44,115,70,128,67,99,82,78,77,113,101,108,123" hai1="111,88,35,10,56,91,52,74,34,18,25,68,122" hai2="41,76,86,48,72,40,60,66,15,19,118,29,4" hai3="93,97,13,36,84,104,119,17,16,20,31,37,22"/><T87/><D44/><U100/><E122/><V53/><F72/><W39/><G119/><T27/><D27/><U26/><E68/><V5/><F29/><W102/><G31/><T95/><D70/><U8/><E74/><V106/><F106/><W47/><G84/><T71/><D71/><U83/><E111/><V89/><F76/><W50/><G104/><T12/><D12/><U62/><E100/><V28/><F28/><W79/><G79/><T38/><D38/><U81/><E35/><V120/><F120/><W133/><G133/><T110/><D67/><U23/><E34/><V103/><F103/><W49/><REACH who="3" step="1"/><G47/><REACH who="3" ten="250,250,250,240" step="2"/><T11/><D78/><U116/><E116/><V126/><F86/><W131/><G131/><T51/><D128/><U92/><E83/><V55/><F118/><W33/><G33/><T59/><D123/><U127/><E127/><V57/><F126/><W129/><G129/><T121/><D121/><U30/><E81/><V117/><F117/><W32/><G32/><T98/><D87/><N who="1" m="52255" /><E30/><V85/><F85/><W7/><G7/><T107/><D82/><U46/><E46/><V24/><F5/><W90/><G90/><N who="0" m="55671" /><D77/><U130/><E130/><V64/><F89/><W21/><G21/><T109/><D11/><N who="1" m="4139" /><E91/><V65/><F4/><W124/><G124/><T105/><D105/><U112/><E112/><V69/><F69/><W9/><G9/><T134/><D134/><U125/><E125/><V6/><F6/><W42/><G42/><T58/><D58/><U0/><E0/><V73/><F57/><W96/><G96/><T80/><D80/><RYUUKYOKU ba="0,1" sc="250,10,250,10,250,-30,240,10" hai0="51,59,99,101,107,108,109,110,113,115" hai1="18,23,25,26,52,56,62" hai3="13,16,17,20,22,36,37,39,49,50,93,97,102" /><INIT seed="0,1,1,3,0,97" ten="260,260,220,250" oya="0" hai0="58,72,38,130,83,115,65,51,57,17,54,32,25" hai1="114,53,9,132,113,31,49,86,117,101,64,124,120" hai2="56,73,13,59,134,20,6,108,96,128,16,68,82" hai3="62,123,19,11,118,41,129,71,67,50,61,80,93"/><T91/><D115/><N who="1" m="44043" /><E117/><V75/><F68/><W74/><G118/><T99/><D130/><U98/><E120/><V94/><F128/><W14/><G129/><T8/><D38/><U84/><E124/><V43/><F108/><W92/><G123/><T23/><D32/><U66/><E31/><V30/><F43/><W1/><G1/><T4/><D72/><U29/><E29/><V87/><F134/><W35/><G35/><T95/><D83/><U28/><E28/><V33/><F6/><W111/><G111/><T52/><D65/><N who="1" m="25195" /><E9/><V110/><F110/><W55/><G41/><T78/><D78/><U37/><E37/><V121/><F121/><W45/><REACH who="3" step="1"/><G62/><REACH who="3" ten="260,260,220,240" step="2"/><N who="0" m="36135" /><D8/><U48/><E132/><V126/><F33/><W127/><G127/><T135/><D135/><U36/><E36/><V105/><F126/><W27/><G27/><N who="0" m="14831" /><D4/><U18/><E48/><V77/><F77/><BYE who="2" /><AGARI ba="1,2" hai="11,14,19,45,50,55,61,67,71,74,77,80,92,93" machi="77" ten="40,2600,0" yaku="1,1,53,1" doraHai="97" doraHaiUra="42" who="3" fromWho="2" sc="260,0,260,0,220,-29,240,49" /><INIT seed="1,0,0,1,1,99" ten="260,260,191,289" oya="1" hai0="80,36,42,98,78,111,31,131,73,57,75,68,70" hai1="74,14,86,90,110,88,109,91,21,64,106,94,92" hai2="96,114,112,19,123,76,1,89,26,132,102,59,113" hai3="128,81,55,127,126,53,105,115,40,61,133,58,63"/><U29/><E64/><UN n2="%E7%99%BD%E6%97%A5%E9%9B%AA%E8%8F%9C" /><V4/><F123/><W122/><G105/><T71/><D31/><U30/><E74/><V2/><F132/><W125/><G122/><T118/><D57/><U5/><E106/><V79/><F89/><W97/><G115/><T82/><D118/><U12/><E5/><V51/><F19/><W32/><G32/><T10/><D131/><U15/><E21/><V3/><F26/><W121/><G121/><T108/><D10/><U7/><E7/><V104/><REACH who="2" step="1"/><F4/><REACH who="2" ten="260,260,181,289" step="2"/><W47/><G133/><T13/><D78/><U0/><E0/><V18/><F18/><W27/><G27/><T93/><D13/><U25/><E30/><V135/><F135/><W87/><G127/><T116/><D116/><U49/><E91/><V28/><F28/><W67/><G126/><T83/><D98/><U129/><E29/><V20/><F20/><W44/><G125/><T35/><D35/><U101/><E25/><V41/><F41/><W72/><G40/><T69/><D42/><U54/><E129/><V130/><F130/><W11/><G128/><T134/><D134/><U100/><E109/><V103/><F103/><N who="1" m="39497" /><E110/><V52/><AGARI ba="0,1" hai="1,2,3,51,52,59,76,79,96,102,104,112,113,114" machi="52" ten="40,8000,1" yaku="1,1,0,1,11,1,52,1,54,1,53,0" doraHai="99" doraHaiUra="39" who="2" fromWho="2" sc="260,-20,260,-40,181,90,289,-20" /><INIT seed="2,0,0,2,5,62" ten="240,220,271,269" oya="2" hai0="72,12,60,93,40,19,129,7,90,123,113,29,67" hai1="48,91,22,132,0,53,55,71,15,11,2,25,28" hai2="32,84,98,124,17,18,49,121,37,125,6,16,88" hai3="134,135,107,106,115,50,120,41,85,44,103,114,20"/><V100/><F37/><W73/><G73/><T58/><D113/><N who="3" m="43017" /><G120/><T10/><D123/><U34/><E71/><V78/><F32/><W45/><G103/><T64/><D72/><U5/><E132/><N who="3" m="50730" /><G20/><T89/><D129/><U51/><E91/><V83/><F121/><W26/><G26/><T102/><D40/><U108/><E108/><V52/><F6/><W8/><G8/><T116/><D116/><U86/><E86/><V81/><F100/><W4/><G4/><T101/><D29/><U112/><E112/><V42/><F42/><N who="3" m="24855" /><G85/><T21/><D102/><U46/><REACH who="1" step="1"/><E22/><REACH who="1" ten="240,210,271,269" step="2"/><V68/><F68/><W27/><G27/><T54/><D101/><U66/><E66/><N who="0" m="25129" /><D93/><U47/><AGARI ba="0,1" hai="0,2,5,11,15,25,28,34,46,47,48,51,53,55" machi="47" ten="20,5200,0" yaku="1,1,0,1,7,1,9,1,53,0" doraHai="62" doraHaiUra="130" who="1" fromWho="1" sc="240,-13,210,62,271,-26,269,-13" /><INIT seed="3,0,0,0,4,91" ten="227,272,245,256" oya="3" hai0="106,82,60,77,75,93,99,81,131,122,72,80,34" hai1="108,53,14,69,51,109,121,16,1,85,40,97,15" hai2="22,105,27,44,2,73,43,67,56,76,66,90,47" hai3="120,48,64,125,115,132,87,130,23,84,36,42,59"/><W52/><G115/><T35/><D122/><U119/><E1/><V5/><F105/><W55/><G120/><T118/><D118/><U100/><E121/><V129/><F47/><W61/><G125/><T63/><D131/><U25/><E69/><V38/><F56/><W57/><G130/><T113/><D106/><U18/><E40/><V95/><F129/><W62/><G132/><T32/><D113/><U94/><E85/><V114/><F114/><W39/><G23/><T20/><D20/><N who="1" m="13447" /><E18/><V10/><F76/><W49/><G64/><T65/><D65/><U46/><E119/><V45/><F45/><W68/><G42/><T110/><D110/><AGARI ba="0,0" hai="14,15,46,51,53,94,97,100,108,109,110" m="13447" machi="110" ten="30,3900,0" yaku="14,1,52,1,54,1" doraHai="91" who="1" fromWho="0" sc="227,-39,272,39,245,0,256,0" owari="188,-31.2,311,41.1,245,-15.5,256,5.6" /></mjloggm>