<mjloggm ver="2.3"><GO type="225" lobby="0"/><UN n0="%E6%98%93%E5%88%A9%E8%96%A9%E4%BC%AF" n1="%E6%B4%BE%E9%81%A3%E3%81%AE%E3%82%B8%E3%83%A3%E3%83%83%E3%82%AF" n2="%E3%81%AF%E3%82%88%E3%81%8A%E3%81%98%E3%81%95%E3%82%93" n3="%E3%83%A9%E3%83%BC%E3%83%A1%E3%83%B3%E4%BA%94%E9%83%8E" dan="16,17,17,16" rate="2085.04,2196.45,2157.64,2151.46" sx="F,M,M,M"/><TAIKYOKU oya="0"/><INIT seed="0,0,0,3,1,39" ten="250,250,250,250" oya="0" hai0="50,131,81,12,116,16,97,3,91,92,61,96,108" hai1="20,94,42,51,125,100,60,89,83,119,135,54,120" hai2="70,52,129,29,127,90,112,95,30,78,22,104,67" hai3="130,47,109,0,87,101,35,26,128,72,73,84,44"/><T46/><D116/><U53/><E119/><V1/><F104/><W15/><G0/><T68/><D3/><U25/><E120/><V110/><F112/><W113/><G113/><T85/><D131/><N who="3" m="50217" /><G109/><T132/><D132/><U74/><E135/><V117/><F117/><W9/><G101/><T21/><D108/><U76/><E100/><V124/><F110/><W40/><G26/><T34/><D34/><U48/><E125/><N who="2" m="48203" /><F129/><W28/><G28/><T105/><D105/><U11/><E11/><V37/><F37/><N who="3" m="21519" /><G47/><T65/><REACH who="0" step="1"/><D92/><REACH who="0" ten="240,250,250,250" step="2"/><U27/><E94/><V79/><F1/><W45/><G35/><T126/><D126/><U56/><E83/><V36/><F95/><W103/><G103/><T62/><D62/><U32/><E60/><V80/><F80/><W33/><G33/><T111/><D111/><U41/><E32/><V5/><F30/><W6/><G45/><T57/><D57/><U14/><E56/><V66/><F29/><W2/><G2/><T43/><AGARI ba="0,1" hai="12,16,21,43,46,50,61,65,68,81,85,91,96,97" machi="43" ten="20,12000,1" yaku="1,1,0,1,7,1,52,1,54,1,53,0" doraHai="39" doraHaiUra="106" who="0" fromWho="0" sc="240,130,250,-40,250,-40,250,-40" /><INIT seed="0,1,0,3,1,105" ten="370,210,210,210" oya="0" hai0="90,10,46,11,121,85,86,61,49,13,111,29,23" hai1="81,120,0,101,17,19,69,27,64,123,63,73,89" hai2="131,33,112,77,36,127,96,4,100,43,88,51,118" hai3="87,72,41,117,22,132,7,48,39,8,6,5,50"/><T35/><D121/><U75/><E0/><V130/><F112/><W110/><G117/><T60/><D35/><U32/><E101/><V70/><F33/><W93/><G110/><T119/><D119/><U9/><E9/><V2/><F118/><W82/><G132/><T12/><D86/><U95/><E81/><V28/><F70/><W56/><G22/><T134/><D29/><U45/><E45/><V84/><F28/><W58/><G39/><T16/><D134/><U126/><E126/><V79/><F36/><W15/><G93/><T66/><D66/><U97/><E32/><V129/><F127/><W108/><G72/><T3/><D3/><U26/><E26/><V40/><F4/><N who="3" m="3463" /><G108/><T80/><D111/><U103/><E103/><V94/><F2/><W71/><G71/><T25/><D25/><U37/><E37/><V99/><F99/><W24/><G24/><T67/><D67/><U68/><E68/><V14/><F14/><W135/><G135/><T122/><D122/><U113/><E113/><V44/><REACH who="2" step="1"/><F40/><REACH who="2" ten="370,210,200,210" step="2"/><W42/><G42/><N who="0" m="24791" /><D23/><U128/><E120/><V59/><F59/><N who="3" m="22571" /><G41/><T91/><D13/><U31/><E123/><V18/><F18/><W124/><G124/><T30/><D30/><U109/><E109/><V62/><F62/><N who="0" m="24170" /><D11/><U104/><E31/><V20/><F20/><W78/><AGARI ba="1,1" hai="5,6,7,48,50,78,82,87" m="22571,3463" machi="78" ten="30,1100,0" yaku="8,1" doraHai="105" who="3" fromWho="3" sc="370,-6,210,-4,200,-4,210,24" /><INIT seed="1,0,0,5,0,130" ten="364,206,196,234" oya="1" hai0="5,97,88,86,84,122,121,48,78,11,91,76,23" hai1="0,87,22,18,90,28,15,92,9,98,61,69,109" hai2="27,8,103,99,6,55,60,107,32,47,43,25,29" hai3="35,108,95,74,36,82,123,132,39,120,81,66,67"/><U38/><E38/><V40/><F27/><W114/><G35/><T93/><D23/><U113/><E113/><V112/><F112/><W125/><G114/><T62/><D62/><U105/><E109/><V135/><F135/><W126/><G108/><T42/><D42/><U85/><E105/><V31/><F31/><W34/><G34/><T19/><D19/><U116/><E116/><V13/><F47/><W64/><G95/><N who="0" m="54663" /><D48/><U44/><E44/><V72/><F72/><W96/><G96/><T63/><D63/><U16/><E28/><V68/><REACH who="2" step="1"/><F55/><REACH who="2" ten="364,206,186,234" step="2"/><W79/><G132/><T106/><D122/><U124/><E124/><V24/><F24/><W131/><G123/><T80/><D121/><U129/><E129/><V51/><F51/><W77/><G131/><T110/><D110/><U73/><E73/><V83/><F83/><W57/><G120/><T115/><D115/><U65/><REACH who="1" step="1"/><E0/><REACH who="1" ten="364,196,186,234" step="2"/><V7/><F7/><W52/><G125/><T45/><D45/><U56/><E56/><V111/><F111/><W71/><G126/><T14/><D106/><U119/><E119/><V118/><F118/><W41/><G74/><T2/><D2/><U1/><E1/><V30/><F30/><W101/><G36/><T21/><D5/><U46/><E46/><V58/><F58/><W33/><G39/><T89/><D80/><U37/><E37/><V134/><F134/><W117/><G81/><T128/><D128/><U17/><E17/><V12/><F12/><AGARI ba="0,2" hai="9,12,15,16,18,22,61,65,69,85,87,90,92,98" machi="12" ten="30,5800,0" yaku="1,1,7,1,54,1,53,0" doraHai="130" doraHaiUra="75" who="1" fromWho="2" sc="364,0,196,78,186,-58,234,0" /><INIT seed="1,1,0,0,0,75" ten="364,274,128,234" oya="1" hai0="9,36,20,117,27,1,93,59,108,116,7,41,113" hai1="57,54,109,5,25,47,60,43,71,79,49,103,44" hai2="101,50,31,26,99,56,17,12,86,2,76,61,37" hai3="70,134,127,11,40,66,135,19,96,132,90,105,38"/><U24/><E103/><V21/><F37/><W128/><G127/><T65/><D113/><U104/><E104/><V81/><F2/><W34/><G34/><T129/><D108/><U98/><E98/><V112/><F112/><W22/><G128/><T77/><D129/><U28/><E5/><V23/><F50/><W84/><G11/><T111/><D111/><U130/><E130/><V88/><F101/><N who="3" m="62631" /><G66/><T121/><D121/><U91/><E91/><V58/><F61/><W85/><G70/><T8/><D8/><U30/><E109/><V119/><F119/><W64/><G64/><T73/><D93/><U63/><E71/><V120/><F120/><W52/><G52/><T33/><D33/><U106/><E106/><V32/><F32/><W74/><G74/><T35/><D35/><U95/><E95/><AGARI ba="1,0" hai="12,17,21,23,26,31,56,58,76,81,86,88,95,99" machi="95" ten="40,5200,0" yaku="8,1,52,1,54,1" doraHai="75" who="2" fromWho="1" sc="364,0,274,-55,128,55,234,0" /><INIT seed="2,0,0,4,2,6" ten="364,219,183,234" oya="2" hai0="82,39,121,118,77,48,67,57,66,5,114,93,110" hai1="115,78,97,33,135,70,58,80,51,42,65,0,13" hai2="91,45,37,53,12,60,103,14,68,100,56,64,61" hai3="52,43,119,34,4,112,50,29,11,36,54,84,79"/><V102/><REACH who="2" step="1"/><F91/><REACH who="2" ten="364,219,173,234" step="2"/><W124/><G119/><T128/><D118/><U85/><E115/><V134/><F134/><W101/><G112/><T19/><D114/><U47/><E135/><V132/><F132/><W106/><G124/><T117/><D117/><U71/><E33/><V120/><F120/><W32/><G32/><T72/><D121/><U127/><E127/><V116/><F116/><W26/><G34/><T41/><D128/><U21/><E0/><V88/><F88/><W62/><G101/><T35/><D35/><U126/><E126/><V111/><F111/><W75/><G79/><T31/><D110/><U129/><E129/><V109/><F109/><W133/><G133/><T125/><D77/><U123/><E123/><V87/><F87/><W98/><G84/><T89/><D89/><U99/><E71/><V113/><F113/><W25/><G75/><T73/><D73/><U92/><E70/><V38/><F38/><W122/><G36/><T96/><D39/><U105/><E85/><V131/><F131/><W2/><G2/><T86/><D86/><U30/><E78/><V9/><F9/><W15/><G122/><T81/><D72/><U27/><E80/><V95/><F95/><W74/><G74/><T20/><D82/><U1/><E1/><V17/><F17/><W44/><G11/><T7/><D93/><U22/><E92/><V40/><AGARI ba="0,1" hai="12,14,37,40,45,53,56,60,61,64,68,100,102,103" machi="40" ten="30,11700,0" yaku="21,2,0,1,53,1" doraHai="6" doraHaiUra="69" who="2" fromWho="2" sc="364,-39,219,-39,173,127,234,-39" /><INIT seed="2,1,0,4,2,115" ten="325,180,300,195" oya="2" hai0="113,41,54,68,73,133,111,58,39,67,2,1,135" hai1="36,85,61,26,43,3,116,18,60,5,118,7,94" hai2="117,25,128,132,134,101,77,62,35,108,81,0,72" hai3="22,12,66,40,31,104,110,84,63,6,46,55,131"/><V48/><F48/><BYE who="2" /><N who="3" m="26695" /><G104/><UN n2="%E3%81%AF%E3%82%88%E3%81%8A%E3%81%98%E3%81%95%E3%82%93" /><T15/><D73/><U16/><E43/><V52/><F0/><W37/><G37/><T83/><D113/><U38/><E85/><V79/><F128/><W65/><G110/><T33/><D33/><U129/><E94/><V24/><F108/><W29/><G131/><T32/><D32/><U49/><E49/><V10/><F101/><W126/><G126/><T130/><D130/><U99/><E129/><V86/><F10/><N who="3" m="4183" /><G84/><T122/><D122/><U17/><E3/><V20/><F35/><W71/><G71/><T76/><D2/><U105/><E105/><V13/><F117/><N who="1" m="45161" /><E26/><V53/><F79/><W100/><G100/><T28/><D76/><U92/><E92/><V127/><F72/><W106/><G106/><T78/><D78/><U125/><E125/><V50/><F127/><W64/><G22/><T4/><D1/><U59/><E59/><AGARI ba="1,0" hai="29,31,55,59,63,64,65,66" m="4183,26695" machi="59" ten="30,1000,0" yaku="8,1" doraHai="115" who="3" fromWho="1" sc="325,0,180,-13,300,0,195,13" /><INIT seed="3,0,0,5,4,80" ten="325,167,300,208" oya="3" hai0="62,42,3,8,103,36,26,96,70,99,97,113,43" hai1="66,11,82,108,1,132,27,86,10,76,19,107,39" hai2="67,4,7,122,124,120,75,91,119,111,129,41,55" hai3="134,52,102,125,79,74,63,61,46,49,88,60,32"/><W135/><G32/><T31/><D103/><U53/><E107/><V78/><F119/><W30/><G30/><T121/><D121/><N who="2" m="46698" /><F111/><W104/><G125/><T118/><D118/><U130/><E39/><V81/><F124/><W92/><G102/><T84/><D36/><U115/><E115/><V126/><F126/><W87/><G104/><T123/><D113/><U85/><E108/><V25/><F129/><W24/><G24/><T110/><D84/><N who="1" m="48199" /><E130/><V40/><F67/><W15/><G15/><T73/><D62/><U69/><E69/><V14/><F25/><W65/><G79/><T114/><D8/><N who="1" m="3115" /><E1/><V64/><F64/><W98/><G74/><T51/><D70/><U12/><E132/><N who="3" m="50730" /><G65/><T21/><D73/><U13/><E66/><V59/><F91/><W101/><G101/><T68/><D3/><U112/><E112/><V58/><F58/><W34/><G34/><T48/><D68/><U35/><E35/><V0/><F0/><W56/><G56/><T100/><D114/><U28/><E28/><V71/><F71/><W29/><G29/><T95/><D110/><U72/><E72/><V131/><F131/><W23/><G23/><T109/><D109/><U50/><E27/><V57/><F57/><W9/><G9/><T38/><D123/><U94/><E94/><V54/><F14/><N who="1" m="5737" /><E19/><V90/><F90/><W116/><G116/><T18/><D18/><U45/><AGARI ba="0,0" hai="45,50,53,85,86" m="5737,3115,48199" machi="45" ten="30,7900,0" yaku="8,1,52,3" doraHai="80" who="1" fromWho="1" sc="325,-20,167,79,300,-20,208,-39" owari="305,40.5,246,-15.4,280,8.0,169,-33.1" /></mjloggm>