<mjloggm ver="2.3"><GO type="225" lobby="0"/><UN n0="%72%69%6F%75%63%68%61%6E" n1="%6D%61%74%69%67%75%73%61" n2="%28%EF%BF%A3%E2%96%BD%EF%BF%A3%29%CE%B4%E2%8C%92%E3%83%BB" n3="%6D%75%75%73%61%6E%6D%75" dan="16,17,17,17" rate="2201.56,2166.29,2259.54,2147.43" sx="M,M,M,F"/><TAIKYOKU oya="0"/><INIT seed="0,0,0,2,3,60" ten="250,250,250,250" oya="0" hai0="86,73,128,110,88,11,12,55,72,85,50,35,127" hai1="49,29,39,90,126,65,24,32,134,21,61,7,0" hai2="48,80,132,76,122,10,14,18,30,133,64,31,101" hai3="84,81,75,111,8,9,15,58,121,130,34,120,104"/><T13/><D35/><U113/><E39/><V95/><F122/><N who="3" m="47211" /><G75/><T135/><D127/><U47/><E126/><V94/><F48/><W108/><G104/><T115/><D115/><U77/><E77/><V41/><F41/><W22/><G34/><T27/><D128/><U52/><E113/><V54/><F54/><W117/><G117/><T119/><D119/><U82/><E134/><N who="2" m="51819" /><F64/><W103/><G103/><T71/><D110/><N who="3" m="42025" /><G130/><T107/><D135/><U20/><E7/><V33/><F101/><W56/><G22/><T114/><D71/><U1/><E90/><V69/><F69/><W25/><G25/><T102/><D114/><U97/><E82/><V6/><F6/><N who="3" m="3479" /><G9/><T109/><D109/><U93/><E21/><V68/><F68/><W43/><G43/><T42/><D42/><U92/><E32/><V118/><F118/><W16/><G16/><N who="0" m="8223" /><D107/><U23/><E23/><V83/><F33/><W51/><G51/><T26/><D102/><U37/><E37/><V123/><F123/><W63/><G63/><T129/><D129/><U74/><E74/><N who="0" m="28777" /><D13/><U38/><E38/><V106/><F106/><W44/><G44/><N who="0" m="28103" /><D85/><U100/><E93/><N who="2" m="35339" /><F76/><AGARI ba="0,0" hai="56,58,76,81,84" m="3479,42025,47211" machi="76" ten="30,2000,0" yaku="13,1,14,1" doraHai="60" who="3" fromWho="2" sc="250,0,250,0,250,-20,250,20" /><INIT seed="1,0,0,0,5,78" ten="250,250,230,270" oya="1" hai0="18,51,124,7,111,43,98,82,22,99,83,5,93" hai1="107,90,0,127,11,89,132,123,58,42,16,27,77" hai2="15,12,79,63,104,57,106,122,125,103,97,113,41" hai3="50,19,54,64,120,49,52,72,29,56,71,134,81"/><U75/><E123/><V20/><F122/><W126/><G120/><T45/><D111/><U62/><E107/><V44/><F125/><W30/><G126/><T32/><D32/><U108/><E127/><V36/><F113/><W76/><G134/><T25/><D124/><U60/><E42/><V26/><F106/><W61/><REACH who="3" step="1"/><G19/><REACH who="3" ten="250,250,230,260" step="2"/><T96/><REACH who="0" step="1"/><D93/><REACH who="0" ten="240,250,230,260" step="2"/><U17/><E132/><V91/><F104/><W84/><G84/><T85/><D85/><U69/><E108/><V47/><F97/><W116/><G116/><T67/><D67/><U66/><E66/><V35/><F35/><W88/><G88/><T92/><D92/><U31/><E89/><V3/><F91/><W117/><G117/><T46/><D46/><AGARI ba="0,2" hai="29,30,46,49,50,52,54,56,61,64,71,72,76,81" machi="46" ten="30,7700,0" yaku="1,1,7,1,52,1,54,1,53,0" doraHai="78" doraHaiUra="39" who="3" fromWho="0" sc="240,-77,250,0,230,0,260,97" /><INIT seed="2,0,0,5,3,25" ten="163,250,230,357" oya="2" hai0="132,70,101,126,107,76,104,36,53,75,41,32,23" hai1="66,85,28,9,31,59,7,62,105,135,118,30,3" hai2="40,44,56,11,47,114,94,100,64,18,128,121,125" hai3="69,124,54,88,27,51,33,45,98,119,77,92,16"/><V20/><F114/><W117/><G119/><T42/><D126/><U10/><E118/><V115/><F115/><W46/><G69/><T48/><D132/><U50/><E135/><V130/><F11/><W19/><G117/><T96/><D107/><U111/><E105/><V34/><F34/><W83/><G124/><T26/><D36/><U89/><E111/><V4/><F4/><W17/><G45/><T120/><D120/><U13/><E50/><V35/><F35/><W8/><G8/><T129/><D32/><U78/><E78/><V87/><F121/><W95/><G95/><T82/><D70/><U108/><E108/><V57/><F125/><W55/><G55/><T79/><D79/><U112/><E112/><V133/><F47/><W80/><G77/><T14/><D14/><U43/><E43/><V106/><F106/><W58/><G46/><T1/><D1/><U38/><E38/><N who="2" m="21527" /><F64/><W99/><G99/><T0/><D0/><U39/><E39/><V116/><F116/><W71/><G71/><T67/><D67/><U90/><REACH who="1" step="1"/><E85/><REACH who="1" ten="163,240,230,357" step="2"/><V37/><F87/><W113/><G113/><T127/><D127/><U131/><E131/><V5/><F37/><W97/><G51/><T68/><D129/><U122/><E122/><V22/><F133/><W60/><G60/><T102/><D42/><U73/><E73/><V123/><F130/><W61/><G61/><T84/><D41/><U2/><E2/><V29/><F128/><W110/><G110/><T63/><D63/><U6/><AGARI ba="0,1" hai="3,6,7,9,10,13,28,30,31,59,62,66,89,90" machi="6" ten="30,8000,1" yaku="1,1,0,1,52,3,53,0" doraHai="25" doraHaiUra="21" who="1" fromWho="1" sc="163,-20,240,90,230,-40,357,-20" /><INIT seed="3,0,0,1,4,17" ten="143,330,190,337" oya="3" hai0="95,111,99,75,135,20,127,115,24,34,134,60,86" hai1="76,91,52,100,39,19,84,4,124,35,96,41,92" hai2="125,81,66,109,97,120,42,10,79,126,2,61,27" hai3="54,14,48,1,72,3,73,11,68,65,102,88,114"/><W13/><G114/><T55/><D75/><U71/><E71/><V69/><F109/><W119/><G119/><T93/><D34/><U21/><E35/><V121/><F42/><W53/><G102/><T12/><D111/><U18/><E4/><N who="2" m="1303" /><F27/><W83/><G68/><T108/><D108/><U46/><E124/><N who="2" m="47723" /><F97/><W7/><G65/><T57/><D127/><U118/><E118/><V101/><F101/><W26/><G26/><T43/><D115/><U123/><E123/><V47/><F47/><N who="3" m="27807" /><G54/><T38/><D12/><U70/><E70/><V16/><F16/><N who="3" m="8255" /><G14/><T112/><D112/><U50/><E76/><V80/><F80/><W23/><G23/><T31/><D43/><U106/><E21/><V133/><F133/><W67/><G67/><T78/><D38/><U129/><E129/><V45/><F45/><AGARI ba="0,0" hai="18,19,39,41,45,46,50,52,84,91,92,96,100,106" machi="45" ten="30,2000,0" yaku="7,1,54,1" doraHai="17" who="1" fromWho="2" sc="143,0,330,20,190,-20,337,0" owari="143,-35.7,350,45.0,170,-23.0,337,13.7" /></mjloggm>