<mjloggm ver="2.3"><GO type="225" lobby="0"/><UN n0="%E3%81%BE%E3%81%A8%E3%81%9F" n1="%E3%81%8B%E3%82%8F%E3%81%A1%E3%82%83%E3%82%93%35%38" n2="%E3%81%A8%E3%82%93%E3%81%A8%E3%81%93%E3%81%A8%E3%82%93" n3="%4B%2E%32%2E%4B%2E" dan="16,17,16,17" rate="2066.41,2142.64,2093.76,2194.24" sx="M,M,M,M"/><TAIKYOKU oya="0"/><INIT seed="0,0,0,1,3,74" ten="250,250,250,250" oya="0" hai0="123,6,50,121,92,14,60,64,120,106,11,63,44" hai1="135,100,42,61,110,5,80,54,105,40,89,129,87" hai2="22,94,3,78,95,26,4,49,90,125,68,118,58" hai3="31,124,1,117,41,91,18,16,65,99,96,29,76"/><T108/><D106/><U111/><E5/><V51/><F68/><W70/><G1/><T56/><D108/><N who="1" m="41515" /><E135/><V119/><F125/><W128/><G117/><N who="2" m="44553" /><F78/><W39/><G128/><T7/><D63/><U21/><E129/><V69/><F69/><W67/><G70/><T134/><D134/><U98/><E21/><V27/><F58/><AGARI ba="0,0" hai="40,42,54,58,61,80,87,89,98,100,105" m="41515" machi="58" ten="30,1000,0" yaku="14,1" doraHai="74" who="1" fromWho="2" sc="250,0,250,10,250,-10,250,0" /><INIT seed="1,0,0,3,0,23" ten="250,260,240,250" oya="1" hai0="92,5,25,76,98,110,124,7,38,83,34,62,10" hai1="90,112,12,125,117,81,42,22,43,133,73,114,104" hai2="65,67,107,79,39,54,86,11,105,88,13,68,35" hai3="47,59,21,63,58,102,51,48,26,50,46,84,130"/><U134/><E104/><V103/><F39/><W20/><G130/><T127/><D38/><U49/><E117/><V122/><F122/><W97/><G84/><T109/><D62/><U17/><E125/><N who="0" m="48201" /><D7/><U27/><E49/><V123/><F123/><W82/><G82/><T87/><D10/><U60/><E60/><V100/><F35/><W19/><G21/><T113/><D5/><U99/><E99/><V31/><F31/><W28/><G19/><T3/><D3/><U55/><E55/><V4/><F79/><W116/><G116/><T78/><D34/><U120/><E120/><V44/><F107/><W41/><G47/><T45/><D45/><U0/><E0/><V91/><F105/><W93/><G58/><T53/><D53/><AGARI ba="0,0" hai="20,26,28,41,46,48,50,51,53,59,63,93,97,102" machi="53" ten="30,3900,0" yaku="7,1,8,1,52,1" doraHai="23" who="3" fromWho="0" sc="250,-39,260,0,240,0,250,39" /><INIT seed="2,0,0,4,2,96" ten="211,260,240,289" oya="2" hai0="128,52,118,72,18,135,113,65,35,33,0,23,42" hai1="48,11,37,26,103,132,13,51,32,2,102,86,73" hai2="4,29,22,97,1,66,106,20,92,3,84,77,40" hai3="109,101,88,25,67,134,131,83,98,105,116,121,9"/><V114/><F114/><W10/><G116/><T36/><D113/><U21/><E73/><V99/><F106/><W58/><G121/><T89/><D72/><U120/><E37/><V43/><F66/><W24/><G109/><T54/><D118/><U30/><E2/><V90/><F4/><W123/><G123/><T125/><D0/><U34/><E32/><V80/><F29/><W122/><G122/><T27/><D125/><U78/><E34/><V81/><F3/><W14/><G131/><T12/><D128/><U28/><E28/><V75/><F1/><W100/><G9/><T126/><D126/><U124/><E132/><V130/><F130/><W53/><G67/><T5/><D135/><U61/><E61/><V119/><F99/><W55/><G55/><T62/><D89/><U108/><E108/><V91/><REACH who="2" step="1"/><F119/><REACH who="2" ten="211,260,230,289" step="2"/><W68/><G134/><T50/><D35/><U15/><E120/><V31/><F31/><W76/><G105/><T47/><D33/><U112/><E112/><V6/><F6/><N who="3" m="3415" /><G98/><T74/><D5/><N who="1" m="3311" /><E124/><V59/><F59/><W41/><G68/><T44/><D74/><U107/><E107/><V104/><F104/><W117/><G117/><T93/><D93/><U94/><E94/><V64/><F64/><W115/><G58/><T60/><D65/><U111/><E111/><V16/><F16/><W129/><G129/><T127/><D127/><U56/><E56/><V17/><F17/><W95/><G115/><T49/><D27/><U57/><E15/><V19/><F19/><W79/><G95/><T70/><D70/><U133/><E133/><RYUUKYOKU ba="0,1" sc="211,15,260,-15,230,15,289,-15" hai0="12,18,23,36,42,44,47,49,50,52,54,60,62" hai2="20,22,40,43,75,77,80,81,84,90,91,92,97" /><INIT seed="2,1,1,0,5,1" ten="226,245,245,274" oya="2" hai0="41,97,99,7,119,125,55,130,42,76,121,85,22" hai1="124,105,43,54,117,75,72,2,112,108,106,50,0" hai2="92,64,102,13,15,115,63,34,96,82,40,133,45" hai3="131,77,23,80,123,32,31,18,78,53,127,58,74"/><V69/><F115/><W122/><G127/><T83/><D121/><U46/><E54/><V65/><F133/><W68/><G68/><T14/><D125/><U60/><E50/><V116/><F116/><W110/><G110/><T135/><D135/><U111/><E124/><V8/><F34/><W48/><G131/><T16/><D130/><U6/><E60/><V28/><F28/><W103/><G103/><T67/><D119/><U113/><E46/><V9/><F65/><W66/><G66/><T87/><D67/><U37/><E43/><N who="0" m="16393" /><D87/><U126/><E126/><V25/><F25/><W38/><G38/><T56/><D7/><U33/><E6/><V70/><F82/><W11/><G78/><T118/><D118/><U59/><E59/><V134/><F134/><W120/><G11/><T51/><AGARI ba="1,1" hai="14,16,22,51,55,56,76,83,85,97,99" m="16393" machi="51" ten="30,2000,0" yaku="8,1,54,1" doraHai="1" who="0" fromWho="0" sc="226,33,245,-6,245,-11,274,-6" /><INIT seed="3,0,0,3,1,11" ten="259,239,234,268" oya="3" hai0="1,134,69,102,87,17,5,90,33,85,36,55,30" hai1="81,131,60,124,99,117,59,119,48,74,7,100,135" hai2="3,105,56,43,68,50,14,97,64,53,94,10,24" hai3="9,109,121,72,77,6,46,103,35,96,89,120,27"/><W80/><G109/><T61/><D36/><U122/><E122/><V18/><F105/><W95/><G35/><T32/><D85/><U75/><E7/><V114/><F114/><W57/><G27/><T127/><D55/><U20/><E81/><V13/><F3/><W28/><G28/><T12/><D102/><U78/><E78/><V31/><F43/><W26/><G26/><T115/><D127/><U98/><E124/><V111/><F111/><W107/><G57/><T2/><D5/><U8/><E8/><V66/><F68/><W79/><G79/><T71/><D71/><U42/><E20/><N who="2" m="15751" /><F14/><W58/><G58/><T133/><D115/><U73/><E135/><V40/><F40/><W67/><G67/><T22/><D30/><U44/><E131/><V83/><F83/><W51/><G107/><T92/><D32/><U123/><E123/><V104/><F104/><W113/><G103/><AGARI ba="0,0" hai="10,13,18,50,53,56,64,66,94,97,103" m="15751" machi="103" ten="30,2000,0" yaku="8,1,52,1" doraHai="11" who="2" fromWho="3" sc="259,0,239,0,234,20,268,-20" /><INIT seed="4,0,0,2,4,90" ten="259,239,254,248" oya="0" hai0="95,33,72,70,125,54,59,42,24,62,5,98,15" hai1="105,83,120,127,93,3,13,60,31,39,75,57,17" hai2="66,107,58,7,21,132,126,81,8,87,77,35,28" hai3="43,100,47,27,106,82,34,103,40,102,50,10,37"/><T14/><D72/><U88/><E120/><V18/><F107/><W41/><G106/><T89/><D125/><U63/><E105/><V48/><F126/><W92/><G82/><T4/><D70/><U69/><E127/><V52/><F132/><W123/><G123/><T128/><D128/><U85/><E3/><V29/><F66/><W46/><G10/><T45/><D33/><U22/><E39/><V44/><F35/><W135/><G135/><T76/><D76/><N who="1" m="46311" /><E69/><V55/><F8/><W115/><G115/><T23/><D5/><U6/><E75/><V99/><F99/><W122/><G122/><T19/><D4/><U73/><E73/><V111/><F7/><W56/><G56/><T68/><D68/><U131/><E131/><V117/><F111/><W129/><G129/><T61/><D62/><U36/><E36/><AGARI ba="0,0" hai="14,15,19,23,24,36,42,45,54,59,61,89,95,98" machi="36" ten="30,11600,0" yaku="7,1,25,2,52,1" doraHai="90" who="0" fromWho="1" sc="259,116,239,-116,254,0,248,0" owari="375,47.5,123,-37.7,254,5.4,248,-15.2" /></mjloggm>