<mjloggm ver="2.3"><GO type="225" lobby="0"/><UN n0="%73%73%6B%5F%66%72%65%65" n1="%79%75%72%69%6D%6F%67" n2="%E3%81%BF%E3%81%BF%E3%81%9A" n3="%E5%8D%8D%E6%B1%A0%E8%A2%8B%E6%9C%80%E5%BC%B7%E5%8D%8D" dan="16,16,18,16" rate="2182.99,2128.00,2258.36,2151.58" sx="M,F,M,M"/><TAIKYOKU oya="0"/><INIT seed="0,0,0,2,5,13" ten="250,250,250,250" oya="0" hai0="4,24,85,84,118,27,60,36,116,42,126,117,81" hai1="74,123,124,16,0,97,121,54,51,43,127,39,30" hai2="55,128,63,114,99,120,78,53,62,125,31,129,77" hai3="28,112,111,45,135,29,68,56,86,98,69,33,96"/><T19/><D126/><N who="1" m="48171" /><E0/><V92/><F125/><W122/><G122/><T73/><D4/><U104/><E30/><V94/><F31/><W32/><G45/><T100/><D100/><N who="1" m="62479" /><E43/><V61/><F120/><W12/><G12/><T75/><D84/><U80/><E39/><V102/><F114/><W83/><G112/><T14/><D73/><U89/><E89/><V65/><F65/><W41/><G41/><T38/><D75/><U18/><E121/><V20/><F20/><W91/><G91/><T49/><D60/><U23/><E23/><V72/><F72/><W101/><G101/><T90/><D49/><U106/><E106/><V26/><F26/><W25/><G25/><T6/><D6/><U93/><E93/><V95/><F99/><W119/><G96/><T47/><REACH who="0" step="1"/><D36/><REACH who="0" ten="240,250,250,250" step="2"/><U3/><E123/><V88/><F102/><W79/><G86/><T50/><D50/><U133/><E3/><V109/><F88/><W5/><G5/><T2/><D2/><U108/><E133/><V103/><F103/><W52/><G135/><T64/><D64/><U71/><E71/><V48/><F109/><W40/><G111/><T132/><D132/><U130/><E108/><V21/><F48/><W105/><G69/><T22/><AGARI ba="0,1" hai="14,19,22,24,27,38,42,47,81,85,90,116,117,118" machi="22" ten="30,11700,0" yaku="1,1,0,1,52,1,53,1" doraHai="13" doraHaiUra="37" who="0" fromWho="0" sc="240,127,250,-39,250,-39,250,-39" /><INIT seed="0,1,0,2,5,22" ten="367,211,211,211" oya="0" hai0="93,67,113,96,39,127,43,18,86,55,104,51,133" hai1="124,15,45,90,108,41,122,102,36,71,32,8,80" hai2="56,98,17,14,115,5,65,3,107,23,85,26,79" hai3="7,105,75,91,42,66,33,116,83,52,19,73,28"/><T44/><D113/><U24/><E108/><V58/><F115/><W111/><G42/><T59/><D133/><U121/><E124/><V76/><F3/><W38/><G38/><T72/><D72/><U4/><E71/><V126/><F126/><W94/><G19/><T114/><D114/><U131/><E131/><V88/><F107/><W78/><G52/><T92/><D127/><U2/><E102/><V57/><F98/><W125/><G28/><T68/><D86/><U101/><E101/><V20/><F65/><W25/><G25/><T95/><D104/><U118/><E15/><V46/><F46/><W62/><G62/><N who="0" m="40055" /><D18/><U16/><E118/><V100/><F100/><AGARI ba="1,0" hai="39,43,44,51,55,59,92,93,95,96,100" m="40055" machi="100" ten="30,1500,0" yaku="24,1" doraHai="22" who="0" fromWho="2" sc="367,18,211,0,211,-18,211,0" /><INIT seed="0,2,0,5,0,82" ten="385,211,193,211" oya="0" hai0="111,92,132,90,67,30,76,18,52,36,43,34,11" hai1="66,113,1,50,25,91,4,62,46,5,45,135,100" hai2="73,134,65,63,83,104,89,122,58,102,108,119,28" hai3="9,116,29,60,127,35,42,117,88,48,105,128,68"/><T95/><D132/><U77/><E135/><V72/><F134/><W110/><G110/><T10/><D67/><U22/><E113/><V115/><F115/><W86/><G105/><T8/><D76/><U123/><E123/><V20/><F122/><W121/><G121/><T69/><D69/><U87/><E77/><V33/><F108/><W38/><G38/><T71/><D71/><U101/><E5/><V47/><F119/><W53/><G128/><T131/><D34/><U0/><E0/><V129/><F129/><W7/><G42/><T14/><D30/><U133/><E133/><V114/><F114/><W39/><G39/><T70/><D70/><U107/><E107/><V56/><F33/><W74/><G74/><T84/><D111/><U94/><E4/><V32/><F32/><W41/><G41/><T24/><D24/><U80/><E1/><V2/><F2/><W3/><G29/><T75/><D75/><U55/><E80/><V81/><F47/><W126/><G35/><T109/><D43/><U13/><E13/><V54/><F102/><W44/><G60/><T85/><D36/><U26/><E46/><V61/><F104/><W124/><G68/><T51/><D131/><U27/><E22/><V112/><F112/><W15/><G3/><T40/><D40/><U93/><E93/><AGARI ba="2,0" hai="7,9,15,44,48,53,86,88,93,116,117,124,126,127" machi="93" ten="40,5200,0" yaku="18,1,52,1,54,1" doraHai="82" who="3" fromWho="1" sc="385,0,211,-58,193,0,211,58" /><INIT seed="1,0,0,1,0,13" ten="385,153,193,269" oya="1" hai0="99,18,21,12,37,113,38,48,128,96,83,131,30" hai1="94,133,31,20,6,100,33,92,51,7,1,36,55" hai2="81,59,97,16,98,26,130,135,132,27,103,127,66" hai3="110,71,35,85,56,39,62,105,118,44,42,86,123"/><U29/><E36/><N who="0" m="13929" /><D113/><U43/><E43/><V0/><F0/><W50/><G123/><T54/><D30/><N who="1" m="11275" /><E33/><V72/><F130/><N who="0" m="49706" /><D83/><U134/><E1/><V52/><F127/><W28/><G105/><T15/><D15/><U40/><E40/><V119/><F66/><W88/><G110/><T64/><D64/><U101/><E20/><N who="2" m="13575" /><F27/><W24/><G118/><T75/><D75/><U60/><E60/><N who="2" m="35943" /><F119/><W120/><G39/><T11/><D11/><U73/><E73/><V4/><F4/><N who="1" m="1577" /><E55/><V2/><F2/><W89/><G71/><T8/><D21/><U79/><E79/><N who="2" m="44263" /><F103/><N who="1" m="39497" /><E51/><V61/><F61/><W23/><G35/><T17/><D17/><U124/><E124/><V41/><F41/><W25/><G25/><T102/><D102/><U109/><E109/><V125/><F125/><W115/><G115/><T67/><D67/><U129/><E129/><V108/><F108/><W3/><G3/><T121/><D121/><U76/><E76/><V57/><F57/><AGARI ba="0,0" hai="8,12,18,48,54,57,96,99" m="49706,13929" machi="57" ten="30,2000,0" yaku="19,1,52,1" doraHai="13" who="0" fromWho="2" sc="385,20,153,0,193,-20,269,0" /><INIT seed="2,0,0,2,1,5" ten="405,153,173,269" oya="2" hai0="127,55,76,66,79,21,29,47,62,56,74,49,134" hai1="111,52,65,83,94,37,81,1,12,19,14,90,51" hai2="41,4,59,15,39,128,16,69,43,120,61,92,98" hai3="31,34,17,89,119,112,60,122,10,107,116,131,126"/><V32/><F120/><W3/><G60/><T0/><D74/><U97/><E111/><V63/><F32/><W64/><G64/><T96/><D134/><U102/><E37/><V50/><F4/><W75/><G89/><T91/><D0/><U53/><E1/><V133/><F133/><W7/><G107/><T118/><D127/><U117/><E65/><V84/><F128/><W24/><G75/><T123/><D118/><U68/><E68/><V71/><F84/><W78/><G78/><T114/><D123/><U129/><E129/><V13/><F13/><W35/><G131/><T58/><D58/><U42/><E14/><V26/><F26/><N who="3" m="18807" /><G126/><T27/><D114/><U110/><E117/><N who="3" m="45130" /><G122/><T108/><D108/><U135/><E110/><V86/><F86/><W124/><G124/><T48/><D48/><U20/><E102/><V109/><F109/><W72/><G72/><T33/><D33/><U46/><REACH who="1" step="1"/><E135/><REACH who="1" ten="405,143,173,269" step="2"/><V104/><F39/><W22/><G112/><T45/><D66/><U40/><E40/><N who="2" m="15435" /><F71/><W105/><G35/><T85/><D55/><AGARI ba="0,1" hai="12,19,20,42,46,51,52,53,55,81,83,90,94,97" machi="55" ten="40,8000,1" yaku="1,1,8,1,54,1,53,2" doraHai="5" doraHaiUra="77" who="1" fromWho="0" sc="405,-80,143,90,173,0,269,0" /><INIT seed="3,0,0,1,4,117" ten="325,233,173,269" oya="3" hai0="42,78,62,47,106,107,6,3,109,14,131,135,104" hai1="2,99,50,51,36,71,31,40,29,65,79,129,111" hai2="67,94,119,89,18,103,10,27,100,48,61,121,105" hai3="82,26,69,53,45,127,4,32,7,12,74,116,96"/><W126/><G69/><T123/><D123/><U75/><E2/><V46/><F119/><W64/><G116/><T124/><D135/><U28/><E75/><V81/><F105/><W13/><G64/><T24/><D109/><U1/><E1/><V113/><F113/><W25/><G45/><T80/><D131/><U128/><E79/><V16/><F121/><W120/><G53/><T70/><D3/><U83/><E83/><V134/><F134/><W11/><G96/><T49/><D24/><N who="3" m="9321" /><G82/><T110/><D110/><U73/><E73/><V133/><F133/><W132/><G132/><T44/><D44/><U30/><E36/><V9/><F81/><W108/><G74/><T97/><D124/><N who="3" m="47657" /><G32/><T20/><D62/><U59/><E71/><V57/><F100/><W72/><G72/><T37/><D70/><U15/><E40/><V87/><F103/><W102/><G102/><T63/><D63/><U34/><E34/><V112/><F112/><W84/><G84/><N who="0" m="48151" /><D97/><U43/><E43/><V5/><F27/><W22/><G120/><T54/><D54/><U66/><E111/><V95/><F94/><W86/><G86/><T91/><D91/><U122/><E99/><V77/><F77/><W93/><G93/><T56/><D56/><U58/><E31/><V17/><REACH who="2" step="1"/><F5/><REACH who="2" ten="325,233,163,269" step="2"/><N who="3" m="3183" /><G108/><T8/><D107/><U38/><E122/><V92/><F92/><W68/><G68/><T85/><D106/><U115/><E115/><V52/><AGARI ba="0,1" hai="9,10,16,17,18,46,48,52,57,61,67,87,89,95" machi="52" ten="30,12000,2" yaku="1,1,0,1,8,1,54,2,53,1" doraHai="117" doraHaiUra="55" who="2" fromWho="2" sc="325,-30,233,-30,163,130,269,-60" /><INIT seed="4,0,0,3,0,29" ten="295,203,293,209" oya="0" hai0="63,20,6,89,35,16,109,79,26,82,55,18,92" hai1="115,25,64,66,11,5,12,102,21,67,127,133,54" hai2="130,76,114,36,48,53,93,85,9,116,98,126,135" hai3="69,19,44,107,61,42,22,121,111,43,131,91,104"/><T62/><D35/><U108/><E108/><V74/><F36/><W24/><G111/><T119/><D119/><U30/><E127/><V124/><F116/><W1/><G1/><T13/><D6/><U95/><E133/><V41/><F41/><W90/><G131/><T94/><D109/><U99/><E115/><V38/><F38/><W8/><G8/><N who="0" m="6183" /><D79/><U37/><E37/><V0/><F135/><W10/><G10/><T7/><D7/><U46/><E46/><V110/><F110/><W58/><G69/><T34/><D34/><U113/><E113/><V27/><F74/><W117/><G117/><T88/><D82/><U128/><E128/><V77/><F85/><W72/><G72/><T129/><D55/><AGARI ba="0,0" hai="5,11,12,21,25,30,54,55,64,66,67,95,99,102" machi="55" ten="40,1300,0" yaku="8,1" doraHai="29" who="1" fromWho="0" sc="295,-13,203,13,293,0,209,0" /><INIT seed="5,0,0,1,0,91" ten="282,216,293,209" oya="1" hai0="93,124,45,96,47,65,13,130,105,113,2,41,43" hai1="54,0,76,108,21,66,127,6,44,62,40,51,30" hai2="92,135,88,101,77,48,37,97,28,94,71,74,17" hai3="3,68,112,1,53,81,122,55,82,10,125,78,123"/><U22/><E127/><V99/><F37/><W80/><G78/><T32/><D130/><U49/><E108/><V134/><F71/><W90/><G90/><N who="0" m="55351" /><D2/><N who="3" m="521" /><G10/><T46/><D32/><U132/><E132/><N who="2" m="50731" /><F28/><W31/><G31/><T115/><D105/><U24/><E76/><V64/><F64/><W56/><G56/><T98/><D98/><U70/><E6/><V42/><F17/><W100/><G100/><T103/><D103/><U131/><E0/><V61/><F61/><W7/><G7/><T75/><D75/><U107/><E131/><V109/><F109/><W57/><G57/><T84/><D84/><U8/><E8/><V29/><F29/><W104/><G104/><T129/><D65/><U11/><E11/><V87/><F74/><W119/><G119/><T63/><D63/><U12/><E107/><V23/><F23/><W26/><G26/><T69/><D124/><U35/><E12/><V39/><F39/><W121/><G125/><T106/><D106/><U83/><E83/><N who="2" m="47599" /><F48/><W38/><G38/><T133/><D69/><U58/><AGARI ba="0,0" hai="21,22,24,30,35,40,44,49,51,54,58,62,66,70" machi="58" ten="20,2100,0" yaku="0,1,7,1" doraHai="91" who="1" fromWho="1" sc="282,-7,216,21,293,-7,209,-7" /><INIT seed="5,1,0,4,2,14" ten="275,237,286,202" oya="1" hai0="30,52,117,124,44,90,125,62,111,32,63,45,83" hai1="92,67,106,39,11,5,43,131,54,82,93,78,72" hai2="21,119,26,129,41,108,20,98,22,80,12,107,3" hai3="89,69,53,55,77,123,70,40,56,87,94,135,113"/><U7/><E106/><V38/><F108/><W58/><G113/><T97/><D111/><U1/><E131/><V133/><F3/><W134/><G123/><T126/><D117/><U8/><E67/><V4/><F119/><W118/><G118/><T37/><D37/><U109/><E109/><V13/><F129/><W27/><G77/><T51/><D44/><N who="1" m="23679" /><E54/><N who="3" m="20490" /><G40/><T35/><D30/><U130/><E130/><V86/><F133/><N who="3" m="50699" /><G27/><T99/><D83/><U102/><E102/><V57/><F38/><W9/><G9/><T61/><D90/><U60/><E60/><V0/><F41/><W84/><G84/><T76/><D76/><U74/><E74/><V91/><F57/><AGARI ba="1,0" hai="56,57,58,69,70,87,89,94" m="50699,20490" machi="57" ten="30,1000,0" yaku="20,1" doraHai="14" who="3" fromWho="2" sc="275,0,237,0,286,-13,202,13" /><INIT seed="6,0,0,1,5,89" ten="275,237,273,215" oya="2" hai0="118,9,114,119,70,132,61,52,105,125,129,36,87" hai1="90,49,60,81,75,76,20,0,110,112,7,111,15" hai2="126,1,85,24,122,11,21,63,84,43,54,59,115" hai3="23,104,128,58,18,108,93,51,96,103,19,44,10"/><V17/><F122/><W98/><G108/><T134/><D114/><U46/><E112/><V32/><F115/><W91/><G128/><T12/><D36/><U79/><E0/><V107/><F107/><W39/><G39/><T66/><D125/><U77/><E60/><V121/><F126/><W56/><G10/><T47/><D87/><U33/><E33/><V13/><F121/><W35/><G35/><T82/><D82/><U2/><E2/><V64/><F43/><W130/><G130/><T92/><D92/><U62/><E62/><V67/><F1/><W37/><G37/><T88/><D88/><U26/><E15/><V41/><F41/><W94/><G104/><T45/><D105/><U95/><E7/><V6/><F32/><W71/><G71/><T116/><D129/><U40/><E111/><V14/><F14/><N who="3" m="9687" /><G19/><N who="0" m="8591" /><D45/><U102/><E102/><V27/><F27/><W124/><G124/><T28/><D28/><U48/><E48/><AGARI ba="0,0" hai="47,48,52,61,66,70,116,118,119,132,134" m="8591" machi="48" ten="40,2600,0" yaku="12,1,54,1" doraHai="89" who="0" fromWho="1" sc="275,26,237,-26,273,0,215,0" owari="301,40.1,211,-28.9,273,7.3,215,-18.5" /></mjloggm>