<mjloggm ver="2.3"><GO type="225" lobby="0"/><UN n0="%E3%82%BC%E3%83%AB%E3%83%80%E3%81%AE%E4%BC%9D%E8%AA%AC" n1="%72%69%6F%75%63%68%61%6E" n2="%E4%BA%BA%E9%96%93%E3%83%81%E3%83%A3%E3%83%BC%E3%83%8F%E3%83%B3" n3="%E4%BA%95%E5%B8%AF" dan="17,16,16,16" rate="2234.36,2227.67,2095.17,2034.49" sx="M,M,M,M"/><TAIKYOKU oya="0"/><INIT seed="0,0,0,1,4,79" ten="250,250,250,250" oya="0" hai0="60,129,122,105,54,45,131,126,64,58,20,63,13" hai1="72,47,36,80,95,9,124,14,59,27,102,83,55" hai2="51,94,108,2,127,53,113,128,110,111,21,78,68" hai3="6,103,130,85,87,30,109,75,22,46,116,32,15"/><T119/><D105/><U56/><E124/><V16/><F113/><W37/><G75/><T133/><D13/><U17/><E72/><V120/><F120/><W70/><G70/><T33/><D20/><N who="1" m="13711" /><E36/><V39/><F2/><W43/><G103/><T25/><D25/><U96/><E47/><V118/><F118/><W101/><G101/><T91/><D33/><U88/><E102/><V97/><F68/><W48/><G87/><T19/><D19/><N who="1" m="8655" /><E56/><N who="2" m="32831" /><F39/><W77/><G46/><T49/><D119/><U7/><E7/><V65/><F127/><W99/><G37/><T73/><D126/><U107/><E107/><V8/><F128/><N who="0" m="49226" /><D122/><U42/><E42/><V134/><F134/><W89/><G43/><N who="0" m="24767" /><D73/><U76/><E76/><V24/><F8/><W23/><G77/><T29/><D29/><U93/><E95/><V11/><F11/><W66/><G30/><T132/><D91/><U18/><E18/><V74/><F74/><W82/><G89/><T41/><D41/><U117/><E117/><V28/><F78/><W106/><G6/><T86/><D86/><U31/><E31/><V10/><F10/><W35/><G85/><T50/><D60/><AGARI ba="0,0" hai="55,59,60,80,83,88,93,96" m="8655,13711" machi="60" ten="30,8000,1" yaku="25,1,8,1,52,2,54,1" doraHai="79" who="1" fromWho="0" sc="250,-80,250,80,250,0,250,0" /><INIT seed="1,0,0,3,5,31" ten="170,330,250,250" oya="1" hai0="113,126,120,21,69,44,78,82,24,81,90,61,57" hai1="106,19,7,38,2,66,92,71,72,104,22,55,6" hai2="20,37,102,77,4,83,98,87,118,36,109,73,95" hai3="62,43,91,100,51,15,99,60,111,8,1,32,54"/><U115/><E115/><V122/><F118/><W18/><G111/><T58/><D113/><U116/><E116/><V124/><F122/><W105/><G43/><T70/><D120/><U96/><E72/><V135/><F4/><W74/><G74/><T48/><D126/><U132/><E38/><V125/><F109/><W17/><G1/><T68/><D90/><U53/><E132/><V130/><F130/><W56/><G32/><T117/><D117/><U127/><E127/><N who="2" m="48715" /><F135/><W35/><G35/><T64/><D58/><U114/><E114/><V97/><F73/><W67/><G91/><T5/><D5/><N who="1" m="1547" /><E71/><V28/><F97/><W50/><REACH who="3" step="1"/><G17/><REACH who="3" ten="170,330,250,240" step="2"/><T40/><REACH who="0" step="1"/><D78/><REACH who="0" ten="160,330,250,240" step="2"/><U85/><E2/><V12/><F77/><W112/><G112/><T94/><D94/><U93/><E92/><V46/><F95/><W9/><G9/><T110/><D110/><U108/><E93/><V42/><F102/><W34/><G34/><T128/><D128/><U63/><E108/><V41/><F98/><W16/><G16/><AGARI ba="0,2" hai="16,21,24,40,44,48,57,61,64,68,69,70,81,82" machi="16" ten="40,2600,0" yaku="1,1,54,1,53,0" doraHai="31" doraHaiUra="27" who="0" fromWho="3" sc="160,46,330,0,250,0,240,-26" /><INIT seed="2,0,0,4,3,6" ten="206,330,250,214" oya="2" hai0="66,44,42,111,25,26,127,114,118,54,33,117,51" hai1="48,124,47,41,82,87,45,73,113,63,37,123,115" hai2="68,132,91,72,40,105,55,112,61,21,7,14,39" hai3="19,23,122,70,85,104,133,53,119,38,12,126,8"/><V107/><F112/><W31/><G122/><T71/><D114/><U93/><E123/><V98/><F72/><W101/><G119/><N who="0" m="45579" /><D111/><U108/><E108/><V50/><F132/><W35/><G133/><T84/><D127/><U17/><E124/><V49/><F49/><W99/><G126/><T135/><D135/><U75/><E75/><V57/><F91/><W106/><G38/><N who="0" m="21591" /><D33/><U110/><E110/><V131/><F131/><W125/><G125/><T5/><D84/><U97/><E73/><V130/><F130/><W2/><G85/><T129/><D5/><U13/><E63/><V79/><F98/><W69/><G106/><T1/><D1/><U80/><E80/><V121/><F121/><W52/><G35/><T94/><D94/><U134/><E134/><V65/><F79/><W59/><G53/><T60/><D129/><U22/><E93/><V90/><F90/><W29/><G2/><T83/><D83/><U76/><REACH who="1" step="1"/><E97/><REACH who="1" ten="206,320,250,214" step="2"/><V15/><F105/><W89/><G104/><T56/><AGARI ba="0,1" hai="25,26,51,54,56,60,66,71" m="21591,45579" machi="56" ten="30,2000,0" yaku="24,1,12,1" doraHai="6" who="0" fromWho="0" sc="206,30,320,-5,250,-10,214,-5" /><INIT seed="3,0,0,0,3,105" ten="236,315,240,209" oya="3" hai0="131,96,127,52,108,45,103,1,82,124,80,81,128" hai1="49,85,134,40,100,110,68,9,38,15,76,104,54" hai2="46,98,30,116,75,65,92,66,72,99,44,27,16" hai3="77,18,118,26,102,37,28,24,29,87,14,78,71"/><W17/><G118/><T69/><D69/><U79/><E68/><V125/><F116/><W21/><G71/><T56/><D45/><N who="2" m="17514" /><F75/><W126/><G37/><T91/><D1/><U114/><E40/><V13/><F72/><W5/><G126/><N who="0" m="48171" /><D108/><U20/><E110/><V88/><F125/><W130/><G130/><N who="0" m="49707" /><D56/><U83/><E38/><V7/><F7/><W112/><G112/><T0/><D52/><U11/><E114/><V129/><F129/><W47/><G47/><T107/><D0/><U94/><E54/><V93/><F30/><W55/><G55/><T123/><D123/><U109/><E49/><V10/><F27/><W53/><G53/><T3/><D3/><U101/><E20/><V67/><F66/><W8/><G102/><AGARI ba="0,0" hai="10,13,16,65,67,88,92,93,98,99,102" m="17514" machi="102" ten="30,3900,0" yaku="8,1,54,2" doraHai="105" who="2" fromWho="3" sc="236,0,315,0,240,39,209,-39" owari="236,-16.4,315,41.5,279,7.9,170,-33.0" /></mjloggm>