<mjloggm ver="2.3"><GO type="225" lobby="0"/><UN n0="%72%69%6F%75%63%68%61%6E" n1="%73%69%72%6F%75%74" n2="%E7%89%B9%E6%9D%B1%E3%81%AF%E4%B8%96%E7%95%8C%E3%82%92%E6%95%91%E3%81%86" n3="%E3%81%A1%E3%82%85%E3%81%86%E3%81%A9%E3%81%8F%E8%B1%A1%E3%81%95%E3%82%93" dan="17,16,16,17" rate="2236.11,2022.84,2189.61,2188.28" sx="M,M,M,M"/><TAIKYOKU oya="0"/><INIT seed="0,0,0,5,0,48" ten="250,250,250,250" oya="0" hai0="111,33,105,83,87,116,119,71,69,27,129,93,29" hai1="43,82,57,38,118,41,46,42,85,92,47,13,24" hai2="0,35,66,67,127,64,5,78,15,106,79,8,107" hai3="130,18,126,28,81,56,97,39,125,26,108,114,59"/><T11/><D129/><U7/><E118/><V45/><F35/><W16/><G114/><T63/><D105/><U120/><E120/><V109/><F109/><W89/><G39/><T32/><D111/><U96/><E24/><V112/><F112/><W133/><G108/><T14/><D32/><U91/><E38/><V36/><F127/><N who="3" m="48651" /><G130/><T1/><D1/><U54/><E13/><V76/><REACH who="2" step="1"/><F0/><REACH who="2" ten="250,250,240,250" step="2"/><W61/><G133/><T122/><D122/><U134/><E134/><V65/><N who="2" m="16384" /><DORA hai="73" /><V55/><F55/><N who="3" m="33951" /><G59/><T62/><D119/><U113/><E113/><V99/><F99/><W4/><G4/><T34/><D33/><U84/><E7/><V2/><F2/><W135/><G135/><T23/><D34/><U53/><E53/><V60/><F60/><W49/><G49/><T40/><D116/><U95/><E96/><V132/><F132/><W50/><G50/><T103/><D69/><U44/><REACH who="1" step="1"/><E85/><REACH who="1" ten="250,240,240,250" step="2"/><V94/><F94/><N who="3" m="56527" /><G81/><T86/><D83/><U117/><E117/><V12/><F12/><W75/><G75/><T22/><D14/><U70/><E70/><V104/><F104/><W6/><G6/><T77/><D71/><U52/><E52/><V37/><F37/><W68/><G68/><T20/><D93/><U74/><E74/><V100/><F100/><W110/><G110/><T19/><D103/><U124/><E124/><V121/><F121/><W3/><G3/><T98/><D98/><U30/><E30/><V101/><F101/><W90/><G28/><T128/><D29/><U58/><E58/><V10/><F10/><W131/><G131/><RYUUKYOKU ba="0,2" sc="250,-15,240,15,240,15,250,-15" hai1="41,42,43,44,46,47,54,57,82,84,91,92,95" hai2="5,8,15,36,45,76,78,79,106,107" /><INIT seed="1,1,2,3,4,101" ten="235,255,255,235" oya="1" hai0="5,106,21,113,47,83,55,65,15,24,70,80,120" hai1="134,25,44,59,110,28,2,98,86,6,16,26,95" hai2="57,23,17,30,130,89,14,22,34,32,51,0,46" hai3="128,115,1,84,87,122,88,63,124,56,36,29,7"/><U72/><E72/><V64/><F0/><W39/><G115/><T10/><D113/><U54/><E134/><V12/><F130/><W74/><G74/><T42/><D120/><U67/><E110/><V48/><F34/><W27/><G122/><T93/><D106/><U105/><E105/><V66/><F32/><W78/><G128/><T100/><D55/><U125/><E125/><V90/><F57/><W13/><G1/><T81/><D65/><N who="2" m="25194" /><F48/><W53/><G124/><T121/><D70/><U35/><E6/><V49/><F51/><W58/><G78/><T20/><D121/><U102/><E2/><V108/><F108/><W119/><G84/><T129/><D129/><U37/><E86/><V92/><F92/><W75/><G75/><T118/><D118/><U18/><E26/><N who="2" m="16735" /><F12/><W127/><G127/><T8/><D8/><U3/><E67/><V62/><F62/><N who="3" m="36111" /><G119/><T104/><D104/><U38/><E3/><V71/><F71/><W94/><G36/><T4/><D24/><U111/><E111/><V43/><AGARI ba="1,2" hai="14,17,22,43,46,49,89,90" m="16735,25194" machi="43" ten="30,1100,0" yaku="8,1" doraHai="101" who="2" fromWho="2" sc="235,-4,255,-6,255,34,235,-4" /><INIT seed="2,0,0,0,1,107" ten="231,249,289,231" oya="2" hai0="133,13,115,32,73,18,17,78,97,106,102,85,55" hai1="74,101,69,6,113,120,109,29,48,47,68,35,9" hai2="80,91,105,51,38,71,126,117,98,65,56,89,49" hai3="31,14,4,122,132,21,28,45,124,0,83,46,42"/><V11/><F38/><W95/><G122/><T63/><D115/><U1/><E113/><V84/><F71/><W27/><G124/><T36/><D32/><U76/><E101/><V118/><F126/><W130/><G130/><T54/><D36/><U104/><E104/><V90/><F49/><W40/><G132/><T81/><D133/><U129/><E129/><V116/><F11/><W99/><G0/><T112/><D112/><U66/><E109/><V5/><F5/><W19/><G83/><T67/><D85/><U20/><E20/><V3/><F3/><W123/><G123/><T108/><D108/><U103/><E103/><N who="2" m="62711" /><F51/><W7/><G42/><T88/><D88/><N who="2" m="33898" /><F56/><W25/><G45/><T110/><D110/><U121/><E69/><V60/><F60/><W87/><G87/><T58/><REACH who="0" step="1"/><D18/><REACH who="0" ten="221,249,289,231" step="2"/><U44/><E35/><V111/><F111/><W15/><G19/><T70/><D70/><U2/><E68/><V33/><F33/><W8/><G4/><T37/><D37/><U131/><E121/><V23/><F116/><W50/><G7/><T135/><D135/><U93/><E120/><V86/><F86/><W114/><G114/><T57/><D57/><U26/><E6/><V94/><F118/><W96/><G8/><AGARI ba="0,1" hai="8,13,17,54,55,58,63,67,73,78,81,97,102,106" machi="8" ten="30,3900,0" yaku="1,1,7,1,52,1,53,0" doraHai="107" doraHaiUra="64" who="0" fromWho="3" sc="221,49,249,0,289,0,231,-39" /><INIT seed="3,0,0,4,3,34" ten="270,249,289,192" oya="3" hai0="124,33,60,119,76,88,32,94,70,22,97,103,102" hai1="61,68,127,114,54,50,53,128,9,78,12,63,122" hai2="49,93,130,117,133,24,35,10,62,105,40,55,83" hai3="29,96,116,39,15,30,86,25,112,47,64,41,13"/><W57/><G116/><T67/><D119/><U82/><E114/><V28/><F105/><W123/><G112/><T77/><D124/><U7/><E127/><V110/><F117/><W72/><G123/><T45/><D32/><U14/><E128/><V18/><F130/><W91/><G72/><T43/><D33/><U81/><E122/><V135/><F110/><W5/><G96/><T66/><D67/><U17/><E68/><V118/><F118/><W44/><G44/><T8/><D22/><U3/><E3/><V51/><F93/><W74/><G74/><T115/><D115/><U37/><E37/><V99/><F99/><W131/><G131/><T104/><D8/><U87/><E81/><V79/><F40/><W73/><G73/><T107/><D104/><U0/><E0/><V98/><F98/><W58/><G29/><T90/><D90/><U65/><E65/><V19/><F62/><W113/><G113/><T20/><D20/><U125/><E125/><V121/><F51/><W75/><G75/><T80/><D107/><U56/><REACH who="1" step="1"/><E53/><REACH who="1" ten="270,239,289,192" step="2"/><V111/><F121/><W16/><G64/><T129/><D129/><U120/><E120/><V108/><F108/><W1/><G1/><T89/><D103/><U23/><AGARI ba="0,1" hai="7,9,12,14,17,23,50,54,56,61,63,78,82,87" machi="23" ten="20,5200,0" yaku="1,1,0,1,7,1,8,1,53,0" doraHai="34" doraHaiUra="92" who="1" fromWho="1" sc="270,-13,239,62,289,-13,192,-26" owari="257,-14.3,301,40.1,276,7.6,166,-33.4" /></mjloggm>