<mjloggm ver="2.3"><GO type="225" lobby="0"/><UN n0="%72%69%6F%75%63%68%61%6E" n1="%77%72%77%72%77%72%77%72" n2="%38%63%E3%81%AF%E3%81%A3%E3%81%97%E3%83%BC" n3="%E7%AD%89%E3%80%85%E5%8A%9B%E5%8A%87%E5%A0%B4" dan="16,16,16,16" rate="2115.69,2097.61,2090.57,2138.81" sx="M,M,M,M"/><TAIKYOKU oya="0"/><INIT seed="0,0,0,2,2,37" ten="250,250,250,250" oya="0" hai0="93,22,49,21,120,118,51,72,45,10,73,64,46" hai1="18,100,33,88,61,132,91,105,14,84,44,48,54" hai2="67,34,71,97,90,0,38,69,28,94,116,119,117" hai3="58,74,42,70,134,78,96,6,128,92,30,31,86"/><T135/><D118/><U112/><E132/><V131/><F131/><W111/><G70/><T13/><D120/><U107/><E112/><V20/><F0/><W52/><G74/><T102/><D135/><U122/><E122/><V129/><F129/><W98/><G134/><T25/><D64/><U109/><E109/><V114/><F114/><W19/><G128/><T63/><D63/><U125/><E125/><V62/><F38/><W56/><G111/><T60/><D60/><U27/><E61/><V87/><F34/><W47/><G6/><T130/><D130/><U11/><E100/><V133/><F133/><W3/><G3/><T36/><D36/><U40/><E91/><V110/><F110/><W115/><G115/><T123/><D123/><U55/><E55/><V126/><F126/><W35/><G58/><T99/><D73/><U104/><E54/><V106/><F71/><W39/><G19/><N who="0" m="8631" /><D72/><U66/><E66/><V83/><F106/><W43/><G43/><N who="0" m="24767" /><D25/><U103/><E103/><V53/><F53/><AGARI ba="0,0" hai="21,22,46,51,53,93,99,102" m="24767,8631" machi="53" ten="30,2900,0" yaku="8,1,52,1" doraHai="37" who="0" fromWho="2" sc="250,29,250,0,250,-29,250,0" /><INIT seed="0,1,0,1,4,5" ten="279,250,221,250" oya="0" hai0="91,117,74,35,95,45,22,9,94,25,106,31,128" hai1="51,123,15,52,49,32,53,113,116,71,1,34,58" hai2="47,3,14,33,56,2,64,90,48,97,55,57,42" hai3="21,38,87,76,30,27,23,103,75,60,26,24,104"/><T54/><D128/><U77/><E116/><V118/><F33/><W127/><G38/><T10/><D117/><U59/><E1/><V11/><F118/><W79/><G75/><T133/><D106/><U4/><E123/><V93/><F64/><W36/><G36/><T46/><D133/><U37/><E71/><V72/><F72/><W111/><G111/><T89/><D74/><U78/><E37/><V98/><F98/><W129/><G127/><T85/><D35/><U6/><REACH who="1" step="1"/><E15/><REACH who="1" ten="279,240,221,250" step="2"/><V120/><F120/><W44/><G129/><T16/><D31/><U122/><E122/><V115/><F115/><AGARI ba="1,1" hai="4,6,32,34,49,51,52,53,58,59,77,78,113,115" machi="115" ten="25,6400,0" yaku="1,1,22,2,54,1,53,0" doraHai="5" doraHaiUra="112" who="1" fromWho="2" sc="279,0,240,77,221,-67,250,0" /><INIT seed="1,0,0,4,0,125" ten="279,317,154,250" oya="1" hai0="78,54,10,8,120,4,121,84,108,81,60,134,130" hai1="40,12,26,131,103,43,83,73,105,128,28,47,126" hai2="82,15,61,27,92,70,99,39,75,25,16,50,69" hai3="35,57,132,127,102,44,109,11,33,6,74,66,19"/><U115/><E115/><V113/><F39/><W118/><G74/><T31/><D130/><N who="1" m="49707" /><E126/><V51/><F113/><W116/><G19/><T38/><D108/><U30/><E12/><V111/><F111/><W112/><G44/><T86/><D38/><U56/><E56/><V95/><F82/><W0/><G102/><T24/><D134/><U37/><E43/><V123/><F75/><W64/><G57/><N who="0" m="34871" /><D84/><U18/><E18/><V59/><F123/><N who="0" m="47178" /><D4/><U3/><E3/><V129/><F129/><W114/><G0/><T22/><AGARI ba="0,0" hai="8,10,22,24,31,78,81,86" m="47178,34871" machi="22" ten="30,1100,0" yaku="13,1" doraHai="125" who="0" fromWho="0" sc="279,11,317,-5,154,-3,250,-3" /><INIT seed="2,0,0,5,1,50" ten="290,312,151,247" oya="2" hai0="23,111,2,52,9,68,84,81,120,4,132,16,62" hai1="39,24,49,83,46,38,13,69,27,112,115,98,74" hai2="105,12,19,65,116,85,67,22,87,122,33,82,72" hai3="42,106,0,64,76,7,59,123,131,75,108,35,30"/><V6/><F122/><W61/><G106/><T14/><D120/><U119/><E119/><V58/><F116/><W31/><G123/><T57/><D111/><U80/><E69/><V29/><F105/><W43/><G108/><T28/><D68/><U18/><E74/><V34/><F72/><W54/><G131/><T53/><D132/><U113/><E98/><V10/><F87/><W45/><G35/><T99/><D99/><U135/><E135/><V110/><F110/><W125/><G125/><T36/><D36/><U127/><E127/><V114/><F114/><W121/><G121/><T71/><D71/><U97/><E97/><V91/><F29/><W70/><G43/><T37/><D37/><U118/><E118/><V104/><F104/><W77/><G77/><T94/><D28/><U130/><E130/><V88/><F91/><W51/><G7/><T124/><D124/><U66/><E66/><V89/><F89/><W107/><G0/><T21/><D94/><U100/><E100/><V25/><REACH who="2" step="1"/><F65/><REACH who="2" ten="290,312,141,247" step="2"/><W101/><G107/><T95/><D95/><U133/><E133/><V103/><F103/><W117/><G101/><T73/><D73/><U92/><E92/><V126/><F126/><W47/><G117/><T5/><D84/><U55/><E80/><V11/><F11/><W128/><G128/><T134/><D81/><U78/><E83/><V63/><AGARI ba="0,1" hai="6,10,12,19,22,25,33,34,58,63,67,82,85,88" machi="63" ten="30,6000,0" yaku="1,1,0,1,54,1,53,0" doraHai="50" doraHaiUra="96" who="2" fromWho="2" sc="290,-20,312,-20,141,70,247,-20" /><INIT seed="2,1,0,4,4,115" ten="270,292,211,227" oya="2" hai0="9,13,35,116,104,118,73,119,96,98,4,28,15" hai1="64,113,43,58,108,46,47,109,41,88,36,82,132" hai2="80,23,127,27,65,124,10,78,72,53,62,52,14" hai3="87,81,20,1,45,107,85,3,135,11,128,56,12"/><V26/><F26/><W129/><G107/><T97/><D73/><U114/><E82/><V51/><F14/><W105/><G105/><T130/><D130/><U48/><E88/><V61/><F10/><W18/><G135/><T79/><D79/><U100/><E100/><V19/><F62/><W84/><G81/><T5/><D104/><U50/><E132/><V106/><F106/><W66/><G45/><T103/><D103/><U59/><E64/><V86/><F72/><W125/><G125/><N who="2" m="48201" /><F51/><W112/><G112/><T63/><D63/><U21/><E21/><V95/><F95/><W134/><G134/><T0/><D4/><U90/><E90/><V55/><F55/><W33/><G20/><T49/><D49/><U74/><E74/><V54/><F54/><W93/><G93/><T2/><D13/><U6/><E6/><V31/><F31/><W37/><G12/><T16/><D5/><U121/><E121/><V39/><F39/><AGARI ba="1,0" hai="36,39,41,43,46,47,48,50,58,59,108,109,113,114" machi="39" ten="25,8000,1" yaku="22,2,34,3" doraHai="115" who="1" fromWho="2" sc="270,0,292,83,211,-83,227,0" /><INIT seed="3,0,0,5,5,45" ten="270,375,128,227" oya="3" hai0="48,117,24,84,110,60,0,57,65,15,93,87,2" hai1="115,131,63,132,69,34,121,3,70,9,71,33,7" hai2="22,100,96,90,133,28,40,124,27,78,13,67,119" hai3="17,105,127,108,47,86,11,19,41,122,43,23,118"/><W29/><G122/><T37/><D117/><U31/><E121/><V74/><F124/><W97/><G118/><T8/><D37/><U114/><E131/><V99/><F119/><W89/><G127/><T61/><D110/><U53/><E53/><V95/><F133/><W39/><G108/><T12/><D24/><N who="1" m="18663" /><E132/><V62/><F74/><W30/><G43/><T51/><D93/><U66/><E34/><V103/><F78/><W52/><G97/><T104/><D8/><U46/><E46/><V16/><F40/><W26/><G105/><T18/><D18/><U88/><E88/><V1/><F1/><W10/><G52/><T85/><D104/><U64/><E64/><V116/><F116/><W75/><G75/><T44/><D44/><U68/><AGARI ba="0,0" hai="3,7,9,63,66,68,69,70,71,114,115" m="18663" machi="68" ten="30,1100,0" yaku="23,1" doraHai="45" who="1" fromWho="1" sc="270,-3,375,11,128,-3,227,-5" owari="267,6.7,386,48.6,125,-37.5,222,-17.8" /></mjloggm>