<mjloggm ver="2.3"><GO type="225" lobby="0"/><UN n0="%E6%B8%A9%E2%98%85%E6%83%85%E2%98%85%E6%8E%AA%E2%98%85%E7%BD%AE" n1="%E3%81%A9%E3%82%8F%E3%82%93%E3%81%94" n2="%E3%81%82%E3%81%99%E3%81%AB%E3%82%83%E3%82%80" n3="%E3%81%B5%E3%81%98%E3%81%8B%E3%81%A4" dan="18,16,16,16" rate="2247.81,2098.61,2126.87,2167.88" sx="M,M,F,M"/><TAIKYOKU oya="0"/><INIT seed="0,0,0,2,4,11" ten="250,250,250,250" oya="0" hai0="44,26,93,0,64,78,12,29,128,69,126,86,20" hai1="94,10,48,96,6,90,17,109,3,129,9,88,30" hai2="79,55,42,76,66,57,32,77,125,111,49,114,95" hai3="40,104,117,63,106,4,123,5,53,38,47,84,110"/><T1/><D128/><U81/><E109/><V23/><F111/><W62/><G110/><T102/><D126/><U21/><E129/><V124/><F32/><W75/><G117/><T51/><D69/><U43/><E30/><V131/><F114/><W121/><G75/><T105/><D64/><U46/><E10/><V16/><F131/><W71/><G84/><T52/><D105/><N who="3" m="40553" /><G53/><T13/><D1/><U87/><E81/><V101/><F66/><N who="3" m="41431" /><G63/><T99/><D0/><U24/><REACH who="1" step="1"/><E87/><REACH who="1" ten="250,240,250,250" step="2"/><V122/><F122/><AGARI ba="0,1" hai="4,5,38,40,47,121,122,123" m="41431,40553" machi="122" ten="30,1000,0" yaku="13,1" doraHai="11" who="3" fromWho="2" sc="250,0,240,0,250,-10,250,20" /><INIT seed="1,0,0,2,5,55" ten="250,240,240,270" oya="1" hai0="54,28,87,102,35,60,36,14,130,116,50,124,115" hai1="40,43,4,66,120,46,67,75,135,68,0,109,117" hai2="100,106,80,82,92,11,42,22,65,95,131,122,37" hai3="33,91,84,107,111,23,133,3,119,29,8,5,9"/><U2/><E120/><V76/><F122/><W20/><G107/><T10/><D36/><U19/><E75/><V132/><F132/><W108/><G84/><T61/><D115/><U93/><E117/><V114/><F131/><W59/><G91/><T13/><D116/><U78/><E78/><V81/><F114/><W51/><G119/><T127/><D130/><U113/><E113/><V41/><F76/><W44/><G133/><T79/><D102/><U45/><E135/><V58/><F106/><W24/><G59/><N who="0" m="33239" /><D28/><U30/><E30/><V128/><F128/><W99/><G99/><T85/><D35/><U38/><E93/><N who="2" m="35915" /><F37/><W90/><G90/><T27/><D27/><U32/><E38/><V134/><F134/><W21/><REACH who="3" step="1"/><G9/><REACH who="3" ten="250,240,240,260" step="2"/><T63/><D10/><N who="1" m="2311" /><E68/><V34/><F11/><W88/><G88/><T48/><D87/><U77/><E77/><V73/><F100/><W104/><G104/><T7/><D85/><U25/><E45/><V110/><F73/><W71/><G71/><T101/><D79/><U74/><E46/><V89/><F89/><W70/><G70/><T121/><D101/><U15/><E74/><V126/><F80/><W129/><G129/><T64/><D121/><U1/><E1/><V125/><F81/><W96/><G96/><T103/><D103/><U72/><E2/><V26/><F82/><W86/><G86/><T69/><D69/><U56/><E72/><V97/><F97/><W49/><G49/><T98/><D98/><U57/><E57/><V17/><F58/><W53/><AGARI ba="0,1" hai="3,5,8,20,21,23,24,29,33,44,51,53,108,111" machi="53" ten="30,4000,0" yaku="1,1,0,1,53,1" doraHai="55" doraHaiUra="47" who="3" fromWho="3" sc="250,-10,240,-20,240,-10,260,50" /><INIT seed="2,0,0,4,5,92" ten="240,220,230,310" oya="2" hai0="81,1,46,3,57,7,114,97,67,69,96,48,119" hai1="125,74,33,104,110,45,112,62,131,71,76,20,120" hai2="39,68,78,29,118,5,41,126,18,77,60,130,99" hai3="59,128,56,89,54,19,16,51,50,23,53,90,70"/><V37/><F118/><W93/><G70/><T27/><D114/><U13/><RYUUKYOKU type="yao9" ba="0,0" sc="240,0,220,0,230,0,310,0" hai1="13,20,33,45,62,71,74,76,104,110,112,120,125,131" /><INIT seed="2,1,0,4,4,10" ten="240,220,230,310" oya="2" hai0="15,68,107,73,45,16,129,120,23,101,59,109,48" hai1="65,26,82,116,14,127,25,106,22,112,19,50,79" hai2="97,34,76,44,41,3,124,46,98,0,71,39,93" hai3="88,27,110,83,132,95,70,81,51,56,9,131,17"/><V47/><F34/><W91/><G70/><T119/><D120/><U52/><E116/><V36/><F71/><W62/><G132/><T49/><D68/><U99/><E112/><V130/><F130/><W105/><G131/><T20/><D73/><U125/><E65/><V86/><F124/><N who="1" m="47689" /><E99/><V111/><F111/><W24/><G105/><T60/><D129/><U5/><E5/><V104/><F104/><W75/><G51/><T40/><D109/><U92/><E92/><V6/><F98/><W94/><G75/><T4/><D119/><U33/><E33/><V115/><F115/><W85/><G110/><T100/><D4/><U114/><E106/><V42/><F47/><W55/><G27/><T84/><D107/><U134/><E134/><V126/><F6/><W43/><G43/><T117/><D117/><U77/><E114/><V18/><F126/><W7/><G24/><N who="1" m="9322" /><E82/><V61/><F61/><W66/><G66/><N who="0" m="39199" /><D23/><U54/><E54/><V35/><F35/><W30/><G30/><T90/><D48/><U53/><E53/><V12/><F76/><W63/><G63/><T133/><D133/><U32/><E32/><V29/><F29/><W31/><G31/><T87/><D87/><U118/><E118/><V58/><F86/><N who="3" m="52599" /><G7/><T80/><AGARI ba="1,0" hai="15,16,20,40,45,49,80,84,90,100,101" m="39199" machi="80" ten="30,4000,0" yaku="8,1,52,1,54,1" doraHai="10" who="0" fromWho="0" sc="240,43,220,-11,230,-21,310,-11" /><INIT seed="3,0,0,0,5,26" ten="283,209,209,299" oya="3" hai0="121,14,114,19,99,8,37,119,113,107,135,22,76" hai1="104,25,101,90,54,116,24,83,27,5,85,110,87" hai2="120,128,88,64,23,51,79,129,1,20,75,73,42" hai3="77,108,16,56,46,134,66,132,28,68,34,41,9"/><W60/><G108/><T65/><D37/><U58/><E110/><V97/><F1/><W38/><G77/><T100/><D119/><U2/><E116/><V48/><F120/><W52/><G34/><T39/><D121/><U126/><E126/><V33/><F33/><W40/><G40/><T72/><D39/><U125/><E125/><V63/><F79/><W89/><G89/><T91/><D65/><U57/><E104/><V35/><F35/><W17/><G28/><T11/><D91/><N who="1" m="51647" /><E2/><V69/><F23/><W109/><G109/><T49/><D49/><N who="2" m="19018" /><F20/><W71/><G9/><T43/><D43/><U59/><E101/><V103/><F42/><W117/><G117/><T115/><REACH who="0" step="1"/><D135/><REACH who="0" ten="273,209,209,299" step="2"/><N who="3" m="51753" /><G66/><T86/><D86/><U50/><E87/><V12/><F75/><W7/><G7/><T95/><D95/><U10/><E5/><V105/><F73/><W74/><G74/><T21/><D21/><U55/><E10/><V93/><F105/><W98/><G98/><T36/><D36/><U3/><E90/><V80/><F88/><W61/><G61/><T124/><D124/><U15/><E50/><V47/><F80/><AGARI ba="0,1" hai="8,11,14,19,22,72,76,80,99,100,107,113,114,115" machi="80" ten="40,8000,1" yaku="1,1,11,1,53,2" doraHai="26" doraHaiUra="4" who="0" fromWho="2" sc="273,90,209,0,209,-80,299,0" owari="363,46.3,209,-19.1,129,-37.1,299,9.9" /></mjloggm>