<mjloggm ver="2.3"><GO type="225" lobby="0"/><UN n0="%E9%89%A2%E5%B7%BB%E3%82%AC%E3%83%96" n1="%E9%B3%B3%E6%9D%B1%E3%81%AE%E3%81%86%E3%81%95%E3%81%8E%E3%81%95%E3%82%93" n2="%6D%75%75%6D%75%72%61" n3="%E5%A4%96%E5%B7%9D%E7%AB%9C%E6%88%90" dan="16,17,16,16" rate="2099.71,2267.03,2202.98,2229.49" sx="M,M,M,M"/><TAIKYOKU oya="0"/><INIT seed="0,0,0,1,2,105" ten="250,250,250,250" oya="0" hai0="12,120,2,116,48,119,81,88,101,51,78,4,55" hai1="109,80,82,62,123,95,23,35,11,93,53,5,45" hai2="104,61,32,58,64,97,56,85,63,68,69,77,54" hai3="0,87,65,17,15,108,52,41,92,67,1,75,13"/><T103/><D120/><U121/><E35/><V112/><F112/><W99/><G75/><T57/><D2/><U40/><E109/><V73/><F32/><W47/><G108/><T66/><D66/><U83/><E123/><V134/><F134/><W107/><G107/><T100/><D51/><N who="1" m="27047" /><E121/><V26/><F85/><W30/><G30/><T8/><REACH who="0" step="1"/><D88/><REACH who="0" ten="240,250,250,250" step="2"/><U9/><E83/><V49/><F68/><W133/><G67/><T128/><D128/><U33/><E82/><V135/><F69/><W125/><G65/><T43/><D43/><U31/><E80/><V76/><F64/><W113/><G41/><T28/><D28/><U27/><E62/><V106/><F63/><W84/><G0/><T86/><AGARI ba="0,1" hai="4,8,12,48,55,57,78,81,86,100,101,103,116,119" machi="86" ten="30,3000,0" yaku="1,1,0,1,53,0" doraHai="105" doraHaiUra="111" who="0" fromWho="0" sc="240,40,250,-10,250,-10,250,-10" /><INIT seed="0,1,0,4,1,127" ten="280,240,240,240" oya="0" hai0="1,132,71,85,69,114,67,87,104,73,124,115,55" hai1="22,130,7,133,18,77,83,76,44,47,3,96,14" hai2="31,30,89,111,25,107,94,54,109,118,21,34,117" hai3="121,16,95,66,68,51,88,58,13,112,11,119,37"/><T90/><D73/><U126/><E133/><V116/><F107/><W20/><G112/><T135/><D104/><U74/><E126/><V49/><F34/><W91/><G119/><T97/><D1/><U56/><E77/><V15/><F31/><W64/><G37/><T46/><D124/><U131/><E56/><N who="2" m="32847" /><F15/><N who="3" m="9247" /><G68/><T100/><D55/><U24/><E96/><AGARI ba="1,0" hai="21,25,30,89,94,96,109,111,116,117,118" m="32847" machi="96" ten="30,1000,0" yaku="12,1" doraHai="127" who="2" fromWho="1" sc="280,0,240,-13,240,13,240,0" /><INIT seed="1,0,0,0,3,58" ten="280,227,253,240" oya="1" hai0="3,29,76,1,69,49,37,5,57,44,123,117,121" hai1="22,36,82,70,30,85,113,10,38,9,77,89,118" hai2="99,97,127,78,80,27,112,16,59,94,39,31,115" hai3="103,132,45,92,42,116,67,12,19,14,68,28,95"/><U46/><E113/><N who="2" m="43595" /><F39/><W102/><G132/><T134/><D69/><U26/><E118/><V18/><F127/><W33/><G116/><T86/><D117/><U106/><E106/><V64/><F64/><W107/><G12/><T34/><D134/><U120/><E120/><N who="0" m="46153" /><D34/><U4/><E70/><V62/><F31/><W124/><G103/><T32/><D32/><U60/><E46/><V50/><F50/><W20/><G45/><T23/><D76/><U119/><E119/><V2/><F2/><W7/><G7/><T43/><D86/><U110/><E110/><V133/><F133/><W71/><G42/><T135/><D5/><U53/><E77/><V52/><F27/><N who="3" m="18591" /><G124/><T51/><D135/><U17/><E30/><V109/><F109/><W56/><G56/><T130/><D130/><U100/><E100/><N who="2" m="60471" /><F99/><N who="3" m="61919" /><G71/><T73/><D73/><AGARI ba="0,0" hai="16,18,52,59,62,73,78,80" m="60471,43595" machi="73" ten="30,7700,0" yaku="11,1,52,1,54,2" doraHai="58" who="2" fromWho="0" sc="280,-77,227,0,253,77,240,0" /><INIT seed="2,0,0,5,2,122" ten="203,227,330,240" oya="2" hai0="45,127,8,48,4,32,54,35,131,51,92,25,94" hai1="132,3,128,1,86,49,102,10,11,101,93,126,15" hai2="123,5,36,66,59,76,12,109,17,53,97,41,95" hai3="43,90,106,87,28,112,26,124,22,85,129,82,115"/><V39/><F123/><W118/><G118/><T57/><D127/><U117/><E117/><V89/><F66/><W30/><G124/><T114/><D114/><N who="3" m="43561" /><G106/><T74/><D131/><U44/><E128/><V119/><F5/><W27/><G129/><T37/><D74/><U29/><E126/><V13/><F76/><W120/><G120/><T64/><D37/><U98/><E132/><V33/><F33/><N who="3" m="20631" /><G87/><T46/><D25/><U56/><E29/><V111/><F119/><W68/><G43/><T72/><D72/><U52/><E102/><V24/><F24/><W134/><G68/><T20/><D20/><U16/><E10/><V88/><F41/><W75/><G75/><T18/><D18/><U23/><E11/><N who="2" m="6303" /><F89/><W61/><G61/><T55/><D35/><U71/><E71/><V100/><F100/><W116/><G116/><T50/><D32/><U78/><REACH who="1" step="1"/><E44/><REACH who="1" ten="203,217,330,240" step="2"/><V79/><F59/><W38/><G38/><T65/><D50/><U108/><E108/><V9/><F39/><W113/><N who="3" m="43569" /><W62/><DORA hai="83" /><G62/><T34/><D34/><U14/><E14/><V60/><F36/><W80/><G134/><T69/><D69/><U58/><E58/><V6/><F111/><W42/><G42/><T96/><D57/><U77/><E77/><V40/><F109/><W63/><G63/><T130/><D130/><U81/><AGARI ba="0,1" hai="1,3,15,16,23,49,52,56,78,81,86,93,98,101" machi="81" ten="30,12000,2" yaku="1,1,0,1,52,1,54,2,53,1" doraHai="122,83" doraHaiUra="0,73" who="1" fromWho="1" sc="203,-30,217,130,330,-60,240,-30" /><INIT seed="3,0,0,0,2,51" ten="173,347,270,210" oya="3" hai0="113,7,85,37,11,75,66,4,74,68,100,48,101" hai1="41,114,124,127,14,92,108,6,16,50,64,15,40" hai2="116,76,130,81,95,57,106,62,99,110,65,33,123" hai3="86,19,21,83,125,70,122,45,91,61,42,102,22"/><W80/><G122/><T26/><D113/><U27/><E114/><V20/><F116/><W67/><G125/><N who="1" m="48202" /><E108/><V36/><F110/><W58/><G102/><T47/><D37/><U18/><E6/><V120/><F33/><W115/><G115/><T94/><D68/><U119/><E119/><V10/><F106/><W38/><G19/><T133/><D66/><U72/><E72/><V84/><F130/><W46/><G46/><T9/><D133/><U59/><E27/><V105/><F105/><W117/><G117/><T121/><D121/><U82/><E92/><V135/><F135/><W39/><G39/><T128/><D128/><U107/><E82/><V88/><F36/><W104/><G104/><T126/><D126/><U118/><E107/><V55/><F10/><W29/><G29/><T56/><D26/><U3/><E3/><V5/><F5/><W24/><G24/><T12/><D56/><U134/><E134/><V2/><F2/><W97/><G97/><T34/><D34/><U1/><E1/><V112/><F112/><W71/><G83/><T103/><D11/><N who="1" m="6239" /><E118/><V60/><F123/><W109/><G109/><T25/><D25/><U78/><E78/><V17/><F120/><W111/><G111/><T131/><D7/><U30/><E30/><V63/><F65/><W69/><AGARI ba="0,0" hai="21,22,38,42,45,58,61,67,69,70,71,80,86,91" machi="69" ten="30,1500,0" yaku="0,1" doraHai="51" who="3" fromWho="3" sc="173,-5,347,-5,270,-5,210,15" /><INIT seed="3,1,0,0,4,24" ten="168,342,265,225" oya="3" hai0="32,68,90,35,99,108,97,120,7,4,55,14,11" hai1="133,65,122,37,86,59,87,69,123,48,75,93,110" hai2="119,8,49,106,109,27,88,113,63,84,125,12,16" hai3="19,94,54,5,6,101,98,83,50,91,9,73,23"/><W62/><G62/><T1/><D120/><U116/><E75/><V95/><F113/><W61/><G61/><T134/><D68/><U89/><E37/><V15/><F119/><W96/><G9/><T74/><D74/><U44/><E59/><V132/><F109/><W72/><G72/><T128/><D108/><U92/><E110/><V71/><F125/><W124/><G124/><T57/><D128/><U112/><E112/><V52/><F132/><W3/><G3/><T79/><D79/><U53/><E116/><V58/><F106/><W102/><G73/><T13/><D134/><U82/><E133/><V46/><F71/><W67/><G67/><T111/><D111/><U28/><E65/><N who="2" m="39159" /><F15/><W107/><G83/><T85/><D32/><U0/><E69/><V42/><F27/><W18/><G91/><T121/><D35/><U114/><E89/><V118/><F118/><W51/><G51/><T22/><D121/><U31/><E48/><V77/><F77/><W135/><G135/><T104/><D1/><U34/><E114/><V17/><F17/><W130/><G19/><T21/><D104/><U10/><E0/><V70/><F70/><W64/><G64/><T127/><D127/><U56/><E123/><V126/><F126/><W40/><G40/><AGARI ba="1,0" hai="8,12,16,40,42,46,49,52,84,88,95" m="39159" machi="40" ten="30,7700,0" yaku="8,1,54,3" doraHai="24" who="2" fromWho="3" sc="168,0,342,0,265,80,225,-80" owari="168,-23.2,342,14.2,345,44.5,145,-35.5" /></mjloggm>