<mjloggm ver="2.3"><GO type="225" lobby="0"/><UN n0="%E3%81%BF%E3%81%BF%E3%81%9A" n1="%72%69%6F%75%63%68%61%6E" n2="%E3%81%8C%E3%81%9F" n3="%E3%81%AE%E3%81%82%E3%83%9E%E3%82%B9%E3%82%BF%E3%83%BC%30%31" dan="17,16,16,17" rate="2336.92,2155.80,2101.71,2174.12" sx="M,M,F,M"/><TAIKYOKU oya="0"/><INIT seed="0,0,0,4,0,88" ten="250,250,250,250" oya="0" hai0="103,77,27,87,94,101,119,21,76,19,121,96,28" hai1="82,30,63,130,6,72,0,23,81,57,90,69,58" hai2="95,11,125,117,34,7,124,32,131,113,60,92,116" hai3="109,26,126,46,83,111,39,53,123,61,105,67,29"/><T24/><D119/><N who="2" m="45642" /><F60/><W102/><G123/><T50/><D121/><U35/><E35/><N who="2" m="13355" /><F131/><W47/><G126/><N who="2" m="48745" /><F113/><W40/><G105/><T16/><D103/><U38/><E63/><V49/><F49/><W78/><G102/><T55/><D87/><U2/><E130/><V132/><F132/><W14/><G53/><T44/><D19/><U112/><E112/><V59/><F59/><W12/><G47/><T118/><D118/><U89/><E57/><V100/><F100/><W71/><G109/><T98/><D96/><U110/><E58/><V17/><F17/><W93/><G111/><T84/><D84/><U5/><E110/><V62/><F62/><W43/><G93/><T18/><D18/><U108/><E108/><V22/><F22/><AGARI ba="0,0" hai="16,21,22,24,27,28,44,50,55,76,77,94,98,101" machi="22" ten="30,11600,0" yaku="7,1,8,1,52,1,54,1" doraHai="88" who="0" fromWho="2" sc="250,116,250,0,250,-116,250,0" /><INIT seed="0,1,0,4,2,64" ten="366,250,134,250" oya="0" hai0="81,57,16,20,14,6,116,80,123,114,8,87,102" hai1="67,83,112,122,63,105,130,62,109,77,82,53,48" hai2="89,74,29,5,132,38,133,2,27,3,41,72,131" hai3="95,99,127,85,0,88,86,18,115,125,70,35,61"/><T73/><D114/><U120/><E105/><V75/><F131/><W59/><G115/><T13/><D116/><U65/><E112/><V134/><F89/><W104/><G0/><T49/><D123/><U108/><E77/><V30/><F5/><W119/><G35/><T103/><D73/><U126/><E126/><N who="3" m="48138" /><G119/><T37/><D37/><U10/><E10/><V71/><F71/><W15/><G104/><T1/><D1/><U39/><E39/><V19/><F19/><W47/><G47/><T17/><D6/><U84/><E84/><V54/><F54/><N who="3" m="34039" /><G70/><T96/><D96/><U24/><E130/><V110/><F110/><N who="1" m="42601" /><E24/><V66/><F66/><N who="1" m="25097" /><E82/><V7/><F7/><W106/><G106/><T34/><D34/><U51/><E83/><N who="0" m="31817" /><D87/><U90/><E90/><V69/><F69/><W40/><G40/><T44/><D57/><N who="1" m="35119" /><E63/><V45/><REACH who="2" step="1"/><F29/><REACH who="2" ten="366,250,124,250" step="2"/><W55/><G18/><T46/><D46/><U60/><E60/><V68/><F68/><W33/><G88/><T128/><D128/><U36/><E36/><V101/><F101/><W97/><G55/><AGARI ba="1,1" hai="8,13,14,16,17,20,44,49,55,102,103" m="31817" machi="55" ten="30,2900,0" yaku="8,1,54,1" doraHai="64" who="0" fromWho="3" sc="366,42,250,0,124,0,250,-32" /><INIT seed="0,2,0,5,4,131" ten="408,250,124,218" oya="0" hai0="11,16,15,120,44,113,69,46,47,9,35,48,93" hai1="96,1,118,122,105,95,58,4,37,99,63,78,41" hai2="59,134,86,117,31,119,55,76,110,57,21,51,107" hai3="114,92,70,108,28,66,52,74,132,23,56,116,115"/><T124/><D113/><U89/><E118/><N who="2" m="45067" /><F107/><W5/><G116/><T64/><D120/><U128/><E122/><V24/><F110/><W3/><G108/><T18/><D35/><U42/><E128/><V79/><F57/><W32/><G74/><T81/><D124/><U53/><E37/><V84/><F84/><W10/><G32/><T109/><D109/><U98/><E78/><N who="2" m="29739" /><F86/><W87/><G66/><T103/><D81/><U71/><E71/><V77/><N who="2" m="29747" /><V12/><DORA hai="22" /><F12/><W94/><G70/><T61/><D103/><U50/><E1/><V45/><F45/><W82/><G114/><T29/><D93/><U8/><E63/><V17/><F17/><W80/><G115/><T111/><D111/><U104/><E105/><V14/><F14/><W36/><G82/><T40/><D29/><U33/><E104/><V38/><F38/><W60/><G36/><T75/><D75/><U91/><E91/><V101/><F101/><W88/><G92/><T39/><D39/><U83/><E83/><V112/><F112/><W67/><G80/><T85/><D85/><U126/><E126/><V125/><F125/><W54/><G87/><T135/><D18/><U62/><E62/><V6/><F6/><W43/><G60/><T13/><D13/><N who="1" m="5255" /><E89/><V68/><F68/><W20/><G88/><T106/><D106/><U121/><E95/><V65/><F65/><W0/><G94/><T73/><D73/><U2/><E2/><V102/><F102/><W19/><G0/><T129/><D69/><U7/><E121/><V72/><F72/><W26/><G3/><RYUUKYOKU ba="2,0" sc="408,-10,250,-10,124,30,218,-10" hai2="21,24,31,51,55,59,134" /><INIT seed="1,3,0,3,1,113" ten="398,240,154,208" oya="1" hai0="30,0,94,6,98,74,7,90,34,45,31,110,39" hai1="67,65,86,28,54,72,21,36,100,18,40,27,78" hai2="134,9,60,95,53,15,96,37,89,135,77,93,91" hai3="16,62,122,32,33,119,120,112,82,10,121,109,51"/><U125/><E125/><V13/><F37/><W3/><G112/><T73/><D110/><U26/><E72/><V128/><F128/><W42/><G109/><T92/><D0/><U22/><E100/><V14/><F77/><W123/><N who="3" m="30720" /><DORA hai="106" /><W97/><G62/><T57/><D57/><U44/><REACH who="1" step="1"/><E54/><REACH who="1" ten="398,230,154,208" step="2"/><V130/><F130/><W17/><G33/><T80/><D74/><U99/><E99/><V5/><F134/><W129/><G32/><T76/><D34/><U49/><E49/><V117/><F135/><W41/><G97/><T46/><D39/><U88/><E88/><V69/><F117/><W85/><G119/><T47/><REACH who="0" step="1"/><D94/><REACH who="0" ten="388,230,154,208" step="2"/><U23/><E23/><V127/><F127/><W79/><G129/><T56/><D56/><U38/><E38/><V24/><F69/><W63/><G63/><T29/><AGARI ba="3,2" hai="6,7,29,30,31,45,46,47,73,76,80,90,92,98" machi="29" ten="30,4000,0" yaku="1,1,0,1,52,1,53,0" doraHai="113,106" doraHaiUra="71,114" who="0" fromWho="0" sc="388,69,230,-23,154,-13,208,-13" /><INIT seed="2,0,0,3,4,109" ten="457,207,141,195" oya="2" hai0="66,9,1,87,134,31,94,84,103,27,17,70,22" hai1="68,37,98,88,57,110,49,72,124,130,90,25,73" hai2="85,89,112,2,64,45,59,29,67,78,105,115,33" hai3="63,8,14,38,135,107,92,128,120,0,125,19,126"/><V7/><F105/><W80/><G107/><T101/><D134/><U116/><E68/><V62/><F78/><W60/><G135/><T12/><D70/><U77/><E37/><V106/><F106/><W121/><G38/><T34/><D66/><U58/><E116/><V93/><F64/><W119/><G119/><T86/><D94/><U5/><E77/><V50/><F7/><AGARI ba="0,0" hai="1,7,9,12,17,22,27,31,34,84,86,87,101,103" machi="7" ten="40,2600,0" yaku="24,2" doraHai="109" who="0" fromWho="2" sc="457,26,207,0,141,-26,195,0" /><INIT seed="3,0,0,2,5,40" ten="483,207,115,195" oya="3" hai0="99,9,19,4,92,22,96,12,47,132,112,106,82" hai1="36,34,48,51,15,91,71,87,115,29,100,83,44" hai2="72,104,45,75,16,18,122,80,98,101,28,85,42" hai3="108,5,60,54,74,56,3,109,113,94,23,20,37"/><W133/><G113/><T70/><D70/><U39/><E115/><V0/><F122/><W121/><G121/><T62/><D112/><U105/><E71/><V131/><F0/><W33/><G74/><T127/><D127/><U110/><E110/><N who="3" m="42602" /><G33/><T14/><D132/><U55/><E15/><V86/><F131/><W63/><G133/><T46/><D82/><U125/><E125/><V59/><F28/><W123/><G123/><T128/><D128/><U77/><E77/><V69/><F69/><W73/><G73/><T41/><D41/><U13/><E13/><V64/><F72/><W93/><G37/><T97/><D106/><U68/><E68/><V21/><F75/><W53/><G5/><T2/><D62/><N who="3" m="23593" /><G3/><T129/><D129/><U114/><E114/><V95/><F104/><W38/><G38/><T90/><D2/><U107/><E107/><V102/><F102/><W57/><G57/><T6/><D6/><U8/><E100/><V52/><F64/><W135/><G135/><T89/><D89/><U1/><E105/><V43/><F45/><AGARI ba="0,0" hai="4,9,12,14,19,22,45,46,47,90,92,96,97,99" machi="45" ten="40,8000,1" yaku="8,1,52,3" doraHai="40" who="0" fromWho="2" sc="483,80,207,0,115,-80,195,0" owari="563,66.3,207,0.7,35,-46.5,195,-20.5" /></mjloggm>