<mjloggm ver="2.3"><GO type="225" lobby="0"/><UN n0="%E3%82%B7%E3%83%B3%E5%A4%AA%E6%9C%97" n1="%E6%A1%9C%E8%8A%B1%E9%96%83%E3%80%85" n2="%E3%81%BE%E3%81%A8%E3%81%9F" n3="%62%6F%6E%6F%73%2E%2E" dan="16,18,16,17" rate="2131.52,2261.09,2134.48,2209.83" sx="M,M,M,M"/><TAIKYOKU oya="0"/><INIT seed="0,0,0,2,0,118" ten="250,250,250,250" oya="0" hai0="80,16,44,92,63,28,64,37,113,85,95,11,132" hai1="104,52,125,34,18,2,35,74,32,33,47,121,3" hai2="96,133,48,29,78,40,13,127,23,86,54,98,79" hai3="88,67,106,65,87,84,81,56,131,72,25,83,12"/><T6/><D132/><U103/><E74/><V58/><F133/><W24/><G131/><T30/><D113/><U53/><N who="1" m="8192" /><DORA hai="5" /><U124/><E18/><V123/><F127/><N who="1" m="48713" /><E121/><V110/><F123/><W100/><G72/><T4/><D37/><U82/><E82/><V9/><F40/><W7/><G100/><T27/><D44/><U109/><E109/><V116/><F116/><W69/><G106/><T70/><D4/><U130/><E130/><V108/><F96/><W76/><G69/><T77/><D92/><U66/><E66/><N who="3" m="25098" /><G56/><T14/><REACH who="0" step="1"/><D95/><REACH who="0" ten="240,250,250,250" step="2"/><U43/><E104/><V17/><F108/><W8/><AGARI ba="0,1" hai="7,8,12,24,25,76,81,83,84,87,88" m="25098" machi="8" ten="30,4000,0" yaku="8,1,52,1,54,1" doraHai="118,5" who="3" fromWho="3" sc="240,-20,250,-10,250,-10,250,50" /><INIT seed="1,0,0,3,5,124" ten="220,240,240,300" oya="1" hai0="113,55,94,13,47,129,53,78,44,36,75,133,101" hai1="37,35,60,59,120,28,97,86,114,103,107,118,130" hai2="134,110,8,9,69,99,76,71,25,92,52,100,19" hai3="15,102,62,14,108,70,18,54,135,121,126,46,74"/><U77/><E114/><V115/><F110/><W122/><G108/><T6/><D113/><U24/><E118/><V66/><F115/><W34/><G126/><T51/><D133/><U127/><E127/><V30/><F134/><W17/><G74/><T26/><D75/><U82/><E37/><V33/><F66/><W10/><G34/><T67/><D78/><U90/><E120/><V61/><F76/><W5/><G102/><T81/><D81/><U40/><E40/><V65/><F71/><W45/><G135/><T95/><D67/><U131/><REACH who="1" step="1"/><E77/><REACH who="1" ten="220,230,240,300" step="2"/><V48/><REACH who="2" step="1"/><F19/><REACH who="2" ten="220,230,230,300" step="2"/><W73/><G17/><T29/><D36/><U89/><E89/><V72/><F72/><W88/><G18/><T43/><D101/><U3/><E3/><V117/><F117/><W38/><G122/><T123/><D123/><U56/><E56/><AGARI ba="0,2" hai="8,9,25,30,33,48,52,56,61,65,69,92,99,100" machi="56" ten="30,7700,0" yaku="1,1,7,1,54,1,53,1" doraHai="124" doraHaiUra="96" who="2" fromWho="1" sc="220,0,230,-77,230,97,300,0" /><INIT seed="2,0,0,5,1,126" ten="220,153,327,300" oya="2" hai0="64,6,116,32,41,39,59,103,42,113,124,96,112" hai1="123,47,118,60,25,108,97,134,19,105,40,0,101" hai2="73,114,2,29,31,56,93,53,30,18,37,106,79" hai3="128,69,135,87,82,119,54,4,20,9,35,61,68"/><V10/><F106/><W133/><G35/><T80/><D116/><U51/><E118/><V85/><F37/><W104/><G104/><T125/><D32/><U43/><E108/><V86/><F73/><W110/><G119/><T76/><D6/><U65/><E134/><N who="3" m="51210" /><G110/><T34/><D34/><U50/><E0/><V58/><F2/><W120/><G120/><T107/><D59/><U26/><E123/><V27/><F79/><W99/><G99/><T102/><D64/><U129/><E19/><V67/><F58/><N who="3" m="35031" /><G20/><T45/><D41/><U90/><E90/><V52/><F67/><W71/><G128/><T72/><REACH who="0" step="1"/><D103/><REACH who="0" ten="210,153,327,300" step="2"/><U48/><E129/><V21/><F56/><W131/><G131/><T92/><D92/><U94/><E105/><V22/><F53/><W36/><G69/><T13/><D13/><U130/><E130/><V66/><F52/><W24/><G24/><T70/><D70/><U7/><E7/><V111/><F66/><W3/><G36/><T28/><D28/><U17/><E17/><V1/><F29/><W115/><G115/><AGARI ba="0,1" hai="39,42,45,72,76,80,96,102,107,112,113,115,124,125" machi="115" ten="40,5200,0" yaku="1,1,23,2,53,0" doraHai="126" doraHaiUra="121" who="0" fromWho="3" sc="210,62,153,0,327,0,300,-52" /><INIT seed="3,0,0,5,2,69" ten="272,153,327,248" oya="3" hai0="103,28,51,47,55,11,48,30,63,36,113,68,7" hai1="67,124,65,23,92,89,108,128,91,77,45,61,87" hai2="134,38,120,32,21,133,102,111,42,74,82,49,116" hai3="1,93,56,62,24,101,106,84,88,50,44,109,29"/><W41/><G1/><T79/><D113/><U98/><E108/><V123/><F116/><W107/><G109/><T57/><D103/><U19/><E128/><V78/><F32/><W22/><REACH who="3" step="1"/><G101/><REACH who="3" ten="272,153,327,238" step="2"/><T119/><D119/><U132/><E132/><N who="2" m="50795" /><F111/><W110/><G110/><T127/><D127/><U10/><E124/><V126/><F126/><W39/><G39/><T46/><D36/><U34/><E34/><V12/><F38/><W4/><G4/><T72/><D68/><U53/><E77/><V118/><F102/><W59/><G59/><T18/><D79/><U2/><E2/><V20/><F118/><W15/><G15/><N who="0" m="7551" /><D7/><U3/><E3/><V27/><F12/><W117/><G117/><T17/><D72/><U73/><E73/><V129/><F129/><W131/><G131/><T76/><D76/><U5/><E5/><V31/><F21/><W105/><G105/><T135/><D135/><U97/><E10/><V75/><F75/><W81/><G81/><T94/><D94/><U58/><E45/><AGARI ba="0,1" hai="20,27,31,42,45,49,74,78,82,120,123" m="50795" machi="45" ten="30,1000,0" yaku="20,1" doraHai="69" who="2" fromWho="1" sc="272,0,153,-10,327,20,238,0" owari="272,7.2,143,-35.7,347,44.7,238,-16.2" /></mjloggm>