<mjloggm ver="2.3"><GO type="225" lobby="0"/><UN n0="%E3%81%B7%E3%82%8A%E3%82%93%E8%81%96%E4%BA%BA" n1="%6D%75%75%6D%75%72%61" n2="%73%69%72%6F%75%74" n3="%E3%81%82%E3%81%99%E3%81%AB%E3%82%83%E3%82%80" dan="16,17,16,16" rate="2085.35,2179.98,2022.96,2079.33" sx="M,F,M,F"/><TAIKYOKU oya="0"/><INIT seed="0,0,0,1,0,25" ten="250,250,250,250" oya="0" hai0="92,106,64,47,126,29,135,68,22,20,58,72,107" hai1="78,33,69,102,52,36,105,127,113,93,108,115,118" hai2="49,40,87,50,0,96,121,9,80,7,75,124,57" hai3="90,109,83,14,27,132,19,43,76,24,119,15,6"/><T61/><D72/><U85/><E118/><V1/><F121/><W99/><G119/><T21/><D135/><U62/><E36/><V94/><F75/><W16/><G132/><T59/><D126/><U111/><E127/><V133/><F124/><W95/><G6/><T74/><D74/><U32/><E69/><V81/><F133/><W129/><G109/><N who="1" m="42058" /><E105/><V65/><F81/><W12/><G43/><T23/><D106/><U18/><E18/><N who="3" m="6698" /><G129/><T100/><D107/><U11/><E11/><V122/><F0/><W103/><G76/><T88/><D100/><U45/><E102/><V44/><F122/><W67/><G67/><T5/><D5/><U89/><E78/><V31/><F65/><W39/><G39/><T41/><D47/><U104/><E104/><V86/><F57/><W30/><G30/><T114/><D41/><U73/><E73/><V120/><F31/><W79/><G79/><T55/><D68/><U38/><E38/><V134/><F120/><W71/><G71/><T63/><D114/><N who="1" m="43531" /><E45/><V48/><F134/><W10/><G10/><T97/><N who="0" m="5120" /><DORA hai="101" /><T37/><REACH who="0" step="1"/><D37/><REACH who="0" ten="240,250,250,250" step="2"/><U125/><E125/><V77/><F44/><W131/><G131/><T3/><D3/><U70/><E70/><V28/><F1/><W128/><G128/><T4/><D4/><U117/><E117/><V130/><F7/><W91/><G103/><T53/><D53/><U17/><E17/><V8/><F40/><W54/><G54/><T13/><D13/><U26/><E26/><V51/><F130/><W116/><G116/><T98/><D98/><U112/><E112/><RYUUKYOKU ba="0,1" sc="240,10,250,10,250,-30,250,10" hai0="29,55,58,59,61,63,64,88,92,97" hai1="32,33,52,62,85,89,93" hai3="12,14,15,24,27,83,90,91,95,99" /><INIT seed="0,1,1,4,2,27" ten="250,260,220,260" oya="0" hai0="81,113,42,43,77,26,64,86,6,85,117,2,114" hai1="110,58,120,23,74,132,49,4,29,100,98,106,94" hai2="121,115,109,39,68,73,125,105,92,63,57,21,67" hai3="55,119,95,41,126,108,28,56,66,7,88,127,83"/><T112/><D117/><U72/><E120/><V104/><F115/><W60/><G108/><T70/><D70/><U14/><E110/><V40/><F109/><W96/><G119/><T3/><D64/><U79/><E132/><V15/><F73/><W9/><G41/><T107/><D107/><U53/><E106/><V35/><F35/><W111/><G111/><T76/><D26/><U52/><E79/><V99/><F125/><N who="3" m="47627" /><G83/><T118/><D118/><U0/><E0/><V13/><F121/><W124/><G124/><T122/><D122/><U20/><E72/><V123/><F123/><W133/><G133/><T90/><D6/><U84/><E84/><V25/><F68/><W59/><G59/><T17/><D17/><U75/><E75/><V37/><F105/><W82/><G82/><T116/><D116/><U62/><E74/><V134/><F104/><W78/><G78/><T89/><D81/><U46/><REACH who="1" step="1"/><E29/><REACH who="1" ten="250,250,220,260" step="2"/><V97/><F134/><W1/><G28/><T130/><D112/><U45/><E45/><V91/><F99/><W24/><G24/><T34/><D130/><U128/><E128/><V69/><F25/><W48/><G66/><T32/><AGARI ba="1,2" hai="2,3,32,34,42,43,76,77,85,86,89,90,113,114" machi="32" ten="25,4800,0" yaku="0,1,22,2" doraHai="27" who="0" fromWho="0" sc="250,71,250,-17,220,-17,260,-17" /><INIT seed="0,2,0,0,1,26" ten="321,233,203,243" oya="0" hai0="130,98,3,114,61,111,35,65,69,90,132,119,31" hai1="115,118,104,67,48,134,21,60,2,46,29,109,108" hai2="105,0,39,77,4,54,38,53,78,47,106,1,110" hai3="89,133,76,71,18,135,82,24,8,50,41,84,85"/><T59/><D114/><U72/><E115/><V129/><F4/><W87/><G71/><T22/><D119/><U79/><E118/><V25/><F25/><W56/><G56/><T102/><D3/><U62/><E104/><V96/><F96/><W5/><G50/><T17/><D132/><N who="3" m="50761" /><G41/><T10/><D10/><U123/><E134/><V43/><F43/><W64/><G64/><T51/><D90/><U66/><E2/><V13/><F47/><W34/><G89/><T9/><D9/><U97/><E97/><V70/><F70/><W7/><G7/><T120/><D120/><U27/><E123/><V16/><F129/><W36/><G36/><T33/><D130/><U126/><E126/><V101/><F101/><W83/><G76/><T23/><D69/><U74/><E79/><V57/><F57/><W49/><G49/><T45/><D111/><N who="1" m="42571" /><E67/><V68/><F68/><W121/><G121/><T122/><D122/><U40/><E66/><V15/><REACH who="2" step="1"/><F110/><REACH who="2" ten="321,233,193,243" step="2"/><W88/><G5/><T117/><D117/><U32/><E32/><V107/><F107/><W55/><G34/><T75/><D33/><U93/><E62/><V20/><F20/><W103/><G103/><T52/><D35/><U42/><E60/><V92/><F92/><W116/><G24/><N who="0" m="16791" /><D23/><U124/><E124/><V37/><F37/><W28/><G116/><T128/><D128/><U44/><E93/><V6/><F6/><W19/><G82/><T63/><D63/><U12/><E12/><V99/><F99/><W127/><G83/><T14/><D98/><U95/><E95/><V30/><F30/><RYUUKYOKU ba="2,1" sc="321,-15,233,15,193,15,243,-15" hai1="21,27,29,40,42,44,46,48,72,74" hai2="0,1,13,15,16,38,39,53,54,77,78,105,106" /><INIT seed="1,3,1,2,4,41" ten="306,248,208,228" oya="1" hai0="44,66,85,56,54,27,29,13,64,11,46,113,19" hai1="77,20,80,75,102,76,26,42,82,12,107,135,65" hai2="70,21,18,51,58,92,130,14,5,101,15,93,109" hai3="48,79,126,36,95,127,81,125,73,28,78,24,38"/><U10/><E135/><V84/><F70/><W67/><G79/><T119/><D113/><U40/><E65/><N who="0" m="25193" /><D119/><U31/><E107/><V98/><F109/><W116/><G116/><T134/><D134/><U110/><E102/><V71/><F130/><W52/><G67/><T133/><D133/><U72/><REACH who="1" step="1"/><E110/><REACH who="1" ten="306,238,208,228" step="2"/><V16/><F71/><W55/><G95/><T60/><D85/><U106/><E106/><V9/><F84/><W17/><G17/><AGARI ba="3,2" hai="10,12,17,20,26,31,40,42,72,75,76,77,80,82" machi="17" ten="30,5800,0" yaku="1,1,7,1,9,1,53,0" doraHai="41" doraHaiUra="96" who="1" fromWho="3" sc="306,0,238,87,208,0,228,-67" /><INIT seed="1,4,0,3,0,66" ten="306,325,208,161" oya="1" hai0="30,75,18,130,96,117,43,89,4,19,57,23,132" hai1="62,17,49,56,55,83,25,8,127,114,95,84,112" hai2="77,34,116,76,48,82,72,110,134,80,102,61,29" hai3="5,69,36,2,118,14,97,78,52,87,68,58,125"/><U0/><E127/><V21/><F116/><W42/><G125/><T64/><D75/><U9/><E95/><V126/><F126/><W13/><G118/><T74/><D74/><U7/><E49/><V16/><F110/><W108/><G108/><T99/><D43/><U98/><E98/><V81/><F134/><W33/><G33/><T135/><D4/><U123/><E123/><V103/><F29/><W41/><G2/><T28/><D130/><U44/><E44/><V51/><F34/><W54/><G97/><T111/><D117/><U15/><REACH who="1" step="1"/><E25/><REACH who="1" ten="306,315,208,161" step="2"/><V35/><F51/><W90/><G36/><T60/><D111/><U88/><AGARI ba="4,1" hai="0,7,8,9,15,17,55,56,62,83,84,88,112,114" machi="88" ten="20,12000,1" yaku="1,1,2,1,0,1,7,1,54,1,53,0" doraHai="66" doraHaiUra="70" who="1" fromWho="1" sc="306,-44,315,142,208,-44,161,-44" /><INIT seed="1,5,0,3,2,120" ten="262,457,164,117" oya="1" hai0="23,7,13,68,29,26,59,123,43,35,17,82,108" hai1="113,104,40,64,77,32,87,122,71,112,132,128,84" hai2="81,78,66,44,24,18,0,86,116,63,100,69,134" hai3="57,54,6,79,33,105,133,8,31,21,56,55,73"/><U102/><E122/><V41/><F116/><W12/><G133/><T50/><D68/><U61/><E132/><V60/><F0/><W135/><G135/><T114/><D123/><U91/><E128/><V119/><F119/><W28/><G105/><T72/><D114/><U130/><E130/><V10/><F100/><W38/><G38/><T4/><D72/><U48/><E32/><V9/><F134/><W95/><G33/><T11/><D82/><U121/><E121/><V36/><F63/><W34/><G34/><T22/><D43/><U126/><E126/><V16/><REACH who="2" step="1"/><F24/><REACH who="2" ten="262,457,154,117" step="2"/><W51/><G73/><T89/><D26/><U117/><E102/><V101/><F101/><W45/><G79/><T83/><D35/><U19/><E61/><V127/><F127/><W118/><G118/><T124/><D124/><U67/><E117/><V75/><F75/><W96/><G21/><T74/><D23/><U131/><E77/><V42/><F42/><W5/><G5/><T65/><D74/><U2/><E40/><V1/><F1/><W94/><G45/><T106/><D22/><U47/><E2/><V37/><F37/><W25/><G25/><T52/><D7/><U76/><E47/><V107/><F107/><W46/><G46/><T58/><D4/><U39/><E76/><V93/><F93/><W115/><G94/><T98/><D106/><U125/><E104/><V20/><F20/><W62/><REACH who="3" step="1"/><G115/><REACH who="3" ten="262,457,154,107" step="2"/><N who="1" m="44106" /><E39/><V88/><F88/><AGARI ba="5,2" hai="6,8,12,28,31,51,54,55,56,57,62,88,95,96" machi="88" ten="30,7700,0" yaku="1,1,7,1,8,1,54,1,53,0" doraHai="120" doraHaiUra="97" who="3" fromWho="2" sc="262,0,457,0,154,-92,107,112" /><INIT seed="2,0,0,0,4,85" ten="262,457,62,219" oya="2" hai0="53,1,135,12,83,115,109,36,86,116,127,78,51" hai1="61,76,102,43,122,7,37,96,67,117,9,125,60" hai2="92,41,88,131,39,57,32,101,3,84,13,21,91" hai3="28,64,45,48,77,14,10,65,93,95,89,11,34"/><V100/><F32/><W66/><G77/><T49/><D36/><U27/><E117/><V133/><F3/><W44/><G34/><T26/><D1/><U25/><E125/><V81/><F131/><W5/><G28/><T40/><D116/><U112/><E112/><V132/><F39/><W103/><G103/><N who="2" m="39497" /><F41/><W126/><G126/><T8/><D127/><U23/><E122/><V62/><F133/><W106/><G106/><T79/><D115/><U4/><E37/><V35/><F35/><W90/><G11/><T16/><D26/><U97/><E43/><V121/><F132/><W94/><REACH who="3" step="1"/><G44/><REACH who="3" ten="262,457,62,209" step="2"/><N who="0" m="25735" /><D135/><U15/><E102/><V119/><F119/><W80/><G80/><T98/><D109/><U0/><E76/><N who="2" m="46119" /><F121/><W104/><G104/><T128/><D128/><U120/><E120/><V54/><F92/><W111/><G111/><T24/><D98/><U69/><E97/><V114/><F114/><W108/><G108/><T33/><D33/><U29/><E96/><V110/><F110/><W75/><G75/><T124/><D124/><U99/><E99/><V105/><F105/><W82/><G82/><T19/><D83/><U107/><E107/><V58/><F58/><W129/><G129/><T22/><D86/><U113/><E113/><V38/><F38/><W30/><G30/><T134/><D134/><U20/><E29/><V42/><F42/><AGARI ba="0,1" hai="5,10,14,42,45,48,64,65,66,89,90,93,94,95" machi="42" ten="40,12000,2" yaku="1,1,8,1,52,2,53,3" doraHai="85" doraHaiUra="63" who="3" fromWho="2" sc="262,0,457,0,62,-120,209,130" owari="262,-13.8,457,55.7,-58,-55.8,339,13.9" /></mjloggm>