<mjloggm ver="2.3"><GO type="225" lobby="0"/><UN n0="%E7%89%B9%E6%9D%B1%E3%81%AF%E4%B8%96%E7%95%8C%E3%82%92%E6%95%91%E3%81%86" n1="%E5%BA%97%E9%95%B7%4D" n2="%E3%83%81%E3%83%AF%E3%83%AF%E9%9A%8A%E9%95%B7" n3="%E3%80%93%E3%81%97%E3%83%BC%E3%82%89%E3%80%93" dan="16,16,17,16" rate="2158.81,2106.33,2217.88,2187.41" sx="M,M,M,M"/><TAIKYOKU oya="0"/><INIT seed="0,0,0,2,1,58" ten="250,250,250,250" oya="0" hai0="77,81,43,123,135,118,45,117,115,80,65,86,96" hai1="72,59,66,37,17,56,74,93,122,22,85,97,48" hai2="0,21,53,55,112,106,76,103,105,92,78,31,98" hai3="75,132,46,39,41,9,129,119,2,23,62,90,1"/><T47/><D115/><U20/><E37/><V54/><F112/><W18/><G75/><T128/><D123/><U15/><E122/><V68/><F0/><W61/><G119/><T125/><D128/><U7/><E7/><V133/><F133/><W84/><G129/><T131/><D131/><U116/><E116/><V30/><F68/><W126/><G132/><T12/><D135/><U19/><E85/><V60/><F60/><W52/><G126/><T51/><D125/><U5/><E5/><V101/><F21/><W67/><G9/><T110/><D110/><U124/><E124/><V107/><REACH who="2" step="1"/><F101/><REACH who="2" ten="250,250,240,250" step="2"/><W89/><G61/><T63/><D118/><U29/><E29/><AGARI ba="0,1" hai="29,30,31,53,54,55,76,78,92,98,103,105,106,107" machi="29" ten="50,3200,0" yaku="1,1,2,1,53,0" doraHai="58" doraHaiUra="10" who="2" fromWho="1" sc="250,0,250,-32,240,42,250,0" /><INIT seed="1,0,0,4,0,34" ten="250,218,282,250" oya="1" hai0="97,86,31,128,88,54,90,44,10,36,113,84,101" hai1="119,114,117,121,53,98,102,82,42,125,94,30,123" hai2="72,109,2,91,87,133,43,57,126,46,9,14,7" hai3="23,69,11,83,56,18,79,64,118,48,112,61,93"/><U52/><E30/><V26/><F72/><W22/><G112/><T75/><D113/><U60/><E114/><V38/><F126/><W17/><G118/><T122/><D75/><U134/><E125/><V27/><F133/><W49/><G93/><T104/><D128/><U129/><E129/><V100/><F109/><W24/><G11/><T45/><D122/><U39/><E134/><V77/><F77/><W6/><G6/><T50/><D31/><U16/><E82/><V28/><F100/><W80/><G69/><T4/><D36/><U95/><E42/><V15/><F57/><W51/><REACH who="3" step="1"/><G79/><REACH who="3" ten="250,218,282,240" step="2"/><T106/><D106/><U66/><E94/><V58/><F7/><W124/><G124/><T33/><D10/><U115/><E115/><V70/><F9/><W63/><G63/><T21/><D4/><U67/><E39/><V99/><F38/><W0/><G0/><T65/><D104/><U96/><E95/><V81/><F2/><W131/><G131/><T59/><D50/><U130/><E130/><V25/><F70/><W71/><G71/><T92/><D92/><U5/><E5/><V105/><F105/><W29/><G29/><T55/><D101/><U68/><E68/><V1/><F28/><W85/><G85/><T135/><D135/><U19/><E102/><V13/><F1/><W108/><G108/><T110/><D110/><U111/><E111/><V40/><F87/><W12/><AGARI ba="0,1" hai="12,17,18,22,23,24,48,49,51,56,61,64,80,83" machi="12" ten="30,4000,0" yaku="1,1,0,1,8,1,53,0" doraHai="34" doraHaiUra="37" who="3" fromWho="3" sc="250,-10,218,-20,282,-10,240,50" /><INIT seed="2,0,0,0,1,56" ten="240,198,272,290" oya="2" hai0="58,128,1,126,113,81,53,19,108,9,119,20,38" hai1="69,96,117,112,52,48,109,23,60,103,73,86,116" hai2="5,104,10,124,24,110,85,79,63,8,89,59,78" hai3="17,131,37,118,99,127,25,134,121,91,90,14,94"/><V36/><F36/><W68/><G37/><T15/><D113/><U26/><E73/><V57/><F104/><W74/><G74/><T65/><D38/><U55/><E112/><V13/><F124/><W42/><G42/><T95/><D126/><U44/><E86/><V72/><F72/><W28/><G68/><T30/><D108/><U18/><E109/><V12/><F24/><W45/><G45/><T125/><D125/><U49/><E69/><V102/><F102/><W80/><G134/><T21/><D128/><U82/><E82/><V66/><F59/><W32/><G131/><T129/><D65/><U33/><E33/><V61/><F61/><W50/><G50/><T40/><D40/><U35/><E35/><V6/><F110/><W133/><G121/><T43/><D119/><U107/><REACH who="1" step="1"/><E60/><REACH who="1" ten="240,188,272,290" step="2"/><V123/><F123/><W115/><G127/><T106/><D129/><U54/><E54/><V41/><F41/><W132/><G115/><T88/><D53/><U34/><E34/><V22/><F22/><W92/><G80/><AGARI ba="0,1" hai="5,6,8,10,12,13,57,63,66,78,79,80,85,89" machi="80" ten="30,11600,0" yaku="7,1,9,1,8,1,52,1" doraHai="56" who="2" fromWho="3" sc="240,0,188,0,272,126,290,-116" /><INIT seed="2,1,0,4,4,82" ten="240,188,398,174" oya="2" hai0="15,41,11,44,100,86,110,99,135,127,81,97,91" hai1="54,134,63,29,92,72,5,121,93,133,48,112,43" hai2="89,21,20,34,31,23,65,37,124,62,71,32,2" hai3="68,78,36,104,69,53,3,26,103,10,126,95,7"/><V61/><F37/><W122/><G36/><T80/><D110/><U58/><E72/><V0/><F124/><W30/><G126/><T118/><D127/><U70/><E112/><V45/><F45/><W77/><G104/><T132/><D118/><U33/><E5/><V4/><F31/><W125/><G125/><T105/><D99/><U117/><E117/><V14/><F61/><W130/><G130/><T8/><D80/><U94/><E121/><V18/><F4/><W66/><G122/><T27/><D27/><U57/><E70/><V42/><F42/><W46/><G69/><T87/><D87/><U17/><E17/><V98/><F98/><W115/><G115/><T12/><D15/><U119/><E119/><V6/><F6/><W13/><G3/><T106/><D106/><U102/><E102/><V109/><F109/><W96/><G66/><T47/><D47/><U114/><E114/><V52/><F0/><W123/><G68/><T40/><D40/><U16/><E16/><V1/><F1/><W19/><G19/><T88/><D91/><U108/><E108/><V50/><F2/><W35/><REACH who="3" step="1"/><G123/><REACH who="3" ten="240,188,398,164" step="2"/><T84/><D105/><U131/><E131/><V73/><F71/><W49/><AGARI ba="1,1" hai="7,10,13,26,30,35,46,49,53,77,78,95,96,103" machi="49" ten="30,4000,0" yaku="1,1,2,1,0,1,53,0" doraHai="82" doraHaiUra="129" who="3" fromWho="3" sc="240,-11,188,-11,398,-21,164,53" /><INIT seed="3,0,0,3,4,90" ten="229,177,377,217" oya="3" hai0="134,73,10,130,100,87,80,31,52,9,83,24,68" hai1="27,116,120,86,126,56,57,61,32,13,42,106,125" hai2="77,121,111,88,48,49,37,70,132,53,84,5,93" hai3="94,11,76,95,20,38,3,124,25,74,36,23,41"/><W44/><G38/><T108/><D68/><U59/><E106/><V55/><F37/><W112/><G112/><T107/><D73/><U63/><E32/><V51/><F70/><W16/><G23/><T131/><D83/><U96/><E27/><V2/><F121/><W4/><G124/><N who="1" m="47722" /><E86/><V99/><F111/><W22/><G22/><T47/><D108/><U115/><E13/><V114/><F114/><W58/><G58/><N who="1" m="22634" /><E96/><V104/><F132/><W14/><G25/><T62/><D134/><U39/><E115/><V127/><F127/><W15/><G15/><T43/><D107/><U19/><E19/><V103/><F77/><W60/><G60/><N who="1" m="23114" /><E120/><V50/><F2/><W71/><G71/><T29/><D29/><U26/><N who="1" m="22642" /><U122/><DORA hai="54" /><E26/><V89/><F5/><W91/><G91/><T123/><D24/><U45/><E122/><V85/><N who="2" m="12288" /><DORA hai="35" /><V30/><F30/><W72/><G72/><T18/><D87/><U65/><E116/><V97/><F97/><W113/><G113/><T17/><D17/><U67/><AGARI ba="0,0" hai="39,42,45,65,67" m="23114,22642,47722" machi="67" ten="40,12000,2" yaku="18,1,34,2,52,4" doraHai="90,54,35" who="1" fromWho="1" sc="229,-30,177,120,377,-30,217,-60" owari="199,-20.1,297,9.7,347,44.7,157,-34.3" /></mjloggm>