<mjloggm ver="2.3"><GO type="225" lobby="0"/><UN n0="%E3%83%B4%E3%82%A3%E3%83%AF%E3%82%B3%E3%82%B0%E3%83%8B" n1="%E9%80%86%E9%80%A3%E5%B8%AF%E3%81%AE%E9%AC%BC" n2="%E3%83%A1%E3%82%AC%E3%83%87%E3%82%B8" n3="%E6%9C%AA%E6%9D%A5%E5%B0%91%E5%B9%B4" dan="16,16,16,16" rate="2184.25,2140.18,2122.98,2149.93" sx="M,M,F,M"/><TAIKYOKU oya="0"/><INIT seed="0,0,0,1,4,12" ten="250,250,250,250" oya="0" hai0="90,44,65,104,105,62,38,15,79,35,124,72,42" hai1="45,84,135,86,122,130,59,55,69,46,31,99,66" hai2="18,74,114,87,82,29,127,52,93,41,5,49,25" hai3="61,2,89,111,81,1,110,83,134,77,13,92,57"/><T85/><D124/><U43/><E122/><V80/><F114/><W78/><G134/><T23/><D35/><U50/><E135/><V112/><F127/><W96/><G13/><T33/><D33/><U60/><E130/><V32/><F112/><W131/><G131/><T101/><D101/><U30/><E99/><V106/><F106/><W107/><G107/><T22/><D79/><N who="3" m="30217" /><G81/><T97/><D23/><U9/><E9/><V76/><F5/><W88/><G89/><T67/><D72/><U126/><E126/><V68/><F68/><W129/><G83/><T6/><D97/><U113/><E113/><V28/><F82/><W3/><G129/><T132/><D132/><U125/><E125/><V120/><F120/><W21/><G21/><T10/><D22/><U34/><E46/><V54/><F29/><W102/><G102/><T73/><D67/><U133/><E133/><V103/><F103/><W7/><G7/><T117/><D117/><U40/><E40/><V119/><F119/><W100/><G100/><T53/><D53/><U51/><REACH who="1" step="1"/><E34/><REACH who="1" ten="250,240,250,250" step="2"/><V4/><F41/><W24/><G2/><T116/><D116/><U91/><E91/><V108/><F32/><W17/><G3/><T16/><D73/><U128/><E128/><V123/><F123/><W26/><G1/><T36/><D6/><U63/><E63/><V121/><F4/><W47/><G47/><T20/><D10/><U71/><E71/><V39/><F121/><W19/><G96/><T48/><D105/><U115/><E115/><V64/><F74/><W118/><G61/><T95/><D104/><RYUUKYOKU ba="0,1" sc="250,15,240,15,250,-15,250,-15" hai0="15,16,20,36,38,42,44,48,62,65,85,90,95" hai1="30,31,43,45,50,51,55,59,60,66,69,84,86" /><INIT seed="0,1,1,3,0,33" ten="265,255,235,235" oya="0" hai0="80,35,129,61,36,59,70,118,49,9,91,107,130" hai1="109,48,42,111,34,11,117,62,0,40,68,87,101" hai2="88,58,69,85,15,13,135,106,22,74,79,90,95" hai3="26,57,8,56,55,50,126,64,27,53,39,46,71"/><T14/><D118/><U125/><E34/><V120/><F69/><W89/><G126/><T4/><D35/><U12/><E125/><V103/><F120/><W16/><G39/><T19/><D36/><U104/><E117/><V29/><F135/><W76/><G76/><T127/><D107/><U115/><E115/><V60/><F90/><W124/><G71/><T81/><D127/><U6/><E87/><V3/><F3/><W97/><G64/><T133/><D49/><U67/><E12/><V31/><F15/><N who="3" m="7271" /><G124/><T116/><D70/><U122/><E122/><V108/><F108/><N who="1" m="41545" /><E48/><V75/><F75/><W73/><G73/><T83/><D133/><U114/><E114/><V17/><F74/><W105/><G105/><T23/><D116/><U86/><E86/><V132/><F132/><W112/><G112/><T96/><D96/><AGARI ba="1,1" hai="0,6,11,40,42,62,67,68,96,101,104" m="41545" machi="96" ten="30,2000,0" yaku="14,1,52,1" doraHai="33" who="1" fromWho="0" sc="265,-23,255,33,235,0,235,0" /><INIT seed="1,0,0,2,2,2" ten="242,288,235,235" oya="1" hai0="105,73,13,56,14,82,94,79,68,28,97,1,47" hai1="61,133,52,7,66,40,65,69,77,129,128,114,135" hai2="17,107,24,10,101,118,57,92,89,9,31,27,44" hai3="18,25,35,84,108,22,63,122,0,132,119,127,21"/><U45/><E114/><V109/><F109/><W32/><G122/><T91/><D68/><U16/><E77/><V34/><F118/><W100/><G108/><T23/><D1/><U124/><E124/><V115/><F115/><W48/><G127/><T67/><D105/><U76/><E76/><V60/><F101/><W113/><G113/><T33/><D33/><U71/><E7/><V117/><F107/><W72/><G72/><T102/><D47/><U90/><E90/><V95/><F44/><W29/><G0/><T126/><D126/><U26/><E26/><V30/><F117/><W99/><G132/><N who="1" m="50762" /><E16/><V12/><F89/><W98/><G98/><T41/><D41/><U50/><E40/><V123/><F9/><W131/><G119/><T15/><D91/><U19/><E19/><V54/><REACH who="2" step="1"/><F123/><REACH who="2" ten="242,288,225,235" step="2"/><W62/><G100/><T104/><D102/><U78/><E78/><V46/><F46/><W87/><G32/><AGARI ba="0,1" hai="10,12,17,24,27,30,31,32,34,54,57,60,92,95" machi="32" ten="30,3900,0" yaku="1,1,7,1,9,1,53,0" doraHai="2" doraHaiUra="120" who="2" fromWho="3" sc="242,0,288,0,225,49,235,-39" /><INIT seed="2,0,0,0,5,43" ten="242,288,274,196" oya="2" hai0="135,82,59,5,12,95,50,78,36,7,69,68,99" hai1="11,29,81,13,22,66,119,118,26,92,90,56,86" hai2="80,16,91,0,34,33,83,2,96,10,113,38,44" hai3="67,17,88,98,19,120,79,94,15,111,75,37,73"/><V107/><F113/><W117/><G117/><T57/><D36/><U71/><E71/><V3/><F34/><W23/><G120/><T35/><D35/><U64/><E119/><V32/><F33/><W47/><G111/><T97/><D135/><U103/><E118/><V28/><F28/><W42/><G79/><T89/><D99/><U62/><E103/><V74/><F32/><W106/><G67/><T40/><D68/><U20/><E20/><V122/><F122/><W21/><REACH who="3" step="1"/><G106/><REACH who="3" ten="242,288,274,186" step="2"/><T39/><D78/><U115/><E115/><V110/><F107/><W54/><G54/><T84/><D5/><U104/><E104/><V48/><F110/><W109/><G109/><T100/><D7/><U132/><E66/><V14/><F74/><W70/><G70/><T24/><D69/><U127/><E132/><V63/><F2/><W25/><AGARI ba="0,1" hai="15,17,19,21,23,25,37,42,47,73,75,88,94,98" machi="25" ten="20,8000,1" yaku="1,1,0,1,7,1,52,1,54,1,53,0" doraHai="43" doraHaiUra="125" who="3" fromWho="3" sc="242,-20,288,-20,274,-40,186,90" /><INIT seed="3,0,0,2,4,122" ten="222,268,234,276" oya="3" hai0="32,48,74,21,130,113,129,51,69,5,58,6,92" hai1="82,65,10,102,26,88,97,57,76,80,33,16,107" hai2="4,101,116,14,68,36,87,0,110,31,115,64,128" hai3="73,46,85,20,7,13,61,135,60,104,124,24,131"/><W127/><G73/><T133/><D74/><U41/><E41/><V45/><F115/><W43/><G104/><T18/><D69/><U123/><E123/><V81/><F116/><W2/><G2/><T35/><D92/><U38/><E38/><V132/><F128/><N who="0" m="49258" /><D58/><U47/><E47/><V56/><F68/><W79/><G135/><T50/><D133/><U29/><E76/><V72/><F72/><W63/><G131/><T52/><D113/><U109/><E109/><V91/><F110/><W98/><G98/><T49/><N who="0" m="12288" /><DORA hai="94" /><T114/><D52/><U22/><E10/><V70/><F70/><W125/><G43/><T93/><D93/><U23/><E33/><N who="0" m="12873" /><D114/><U27/><REACH who="1" step="1"/><E88/><REACH who="1" ten="222,258,234,276" step="2"/><V134/><F91/><W67/><G46/><T37/><D37/><U100/><E100/><V25/><F45/><W54/><G124/><T8/><D8/><U105/><E105/><V66/><F36/><W112/><G112/><T106/><D106/><U119/><E119/><V117/><F101/><W71/><G127/><T55/><D55/><U89/><E89/><V90/><F117/><W12/><G54/><T39/><D39/><U96/><E96/><V84/><F134/><W28/><G125/><T77/><D77/><U62/><AGARI ba="0,1" hai="16,22,23,26,27,29,57,62,65,80,82,97,102,107" machi="62" ten="30,8000,1" yaku="1,1,0,1,52,1,54,1,53,1" doraHai="122,94" doraHaiUra="99,83" who="1" fromWho="1" sc="222,-20,258,90,234,-20,276,-40" owari="202,-29.8,348,44.8,214,-18.6,236,3.6" /></mjloggm>