<mjloggm ver="2.3"><GO type="225" lobby="0"/><UN n0="%73%6C%69%63%6B%33%31%39" n1="%72%69%6F%75%63%68%61%6E" n2="%E6%B0%B7%E5%B7%9D%E9%87%8C%E5%A5%88" n3="%6D%75%75%6D%75%72%61" dan="16,17,16,17" rate="2116.01,2245.33,2110.69,2184.78" sx="M,M,F,F"/><TAIKYOKU oya="0"/><INIT seed="0,0,0,3,4,68" ten="250,250,250,250" oya="0" hai0="14,19,45,100,118,109,39,29,78,61,95,131,75" hai1="25,31,23,98,126,40,104,133,6,2,51,27,3" hai2="83,115,97,77,57,0,71,106,135,18,66,103,74" hai3="102,90,38,116,125,20,22,107,79,127,46,12,92"/><T96/><D118/><U41/><E126/><N who="3" m="48138" /><G116/><T120/><D120/><U117/><E117/><V59/><F115/><W52/><G79/><T82/><D131/><U128/><E128/><V44/><F135/><W55/><G107/><T94/><D29/><U37/><E133/><V101/><F101/><W53/><G102/><T121/><D121/><U35/><E51/><V130/><F130/><W28/><G12/><T58/><D109/><U24/><E24/><V85/><F0/><W114/><G114/><T54/><D95/><U16/><E37/><V91/><F18/><W4/><G4/><T11/><REACH who="0" step="1"/><D45/><REACH who="0" ten="240,250,250,250" step="2"/><U105/><E105/><V42/><F71/><W50/><G28/><T76/><D76/><U32/><E32/><V33/><F33/><W88/><G92/><T49/><D49/><U122/><E122/><V112/><F112/><W124/><G124/><T30/><D30/><U1/><REACH who="1" step="1"/><E6/><REACH who="1" ten="240,240,250,250" step="2"/><V119/><F119/><W48/><G48/><T72/><D72/><U13/><E13/><V17/><F74/><W80/><G50/><T81/><D81/><U9/><E9/><V15/><F83/><W62/><G80/><T8/><D8/><U7/><E7/><V47/><F47/><W110/><G110/><T113/><D113/><U21/><E21/><N who="3" m="8298" /><G62/><T67/><D67/><U108/><E108/><V64/><F66/><W132/><G132/><T73/><D73/><U87/><E87/><V56/><F64/><W10/><G10/><T26/><D26/><U86/><E86/><V5/><F5/><W43/><AGARI ba="0,2" hai="38,43,46,52,53,55,88,90" m="8298,48138" machi="43" ten="40,8000,1" yaku="18,1,52,1,54,2" doraHai="68" who="3" fromWho="3" sc="240,-40,240,-20,250,-20,250,100" /><INIT seed="1,0,0,3,2,111" ten="200,220,230,350" oya="1" hai0="110,17,6,47,2,32,26,135,98,118,69,73,46" hai1="43,49,128,62,64,119,126,14,39,113,109,12,65" hai2="53,4,104,101,54,78,50,15,90,29,7,79,31" hai3="24,75,103,71,18,19,134,66,89,121,48,102,74"/><U88/><E113/><V86/><F101/><W3/><G121/><T130/><D118/><U76/><E119/><V94/><F104/><W8/><G134/><T63/><D73/><U13/><E126/><V125/><F125/><W133/><G133/><T41/><D135/><U96/><E128/><V123/><F123/><W77/><G89/><T67/><D110/><U60/><E39/><V30/><F15/><W81/><G75/><T100/><D130/><U93/><E109/><V82/><F53/><W40/><G71/><T61/><D61/><N who="1" m="23659" /><E76/><V56/><REACH who="2" step="1"/><F79/><REACH who="2" ten="200,220,220,350" step="2"/><W127/><G127/><T85/><D100/><U105/><E105/><V117/><F117/><W45/><G102/><T97/><D2/><U57/><E43/><V59/><F59/><W70/><G103/><T27/><D69/><U68/><E68/><V52/><F52/><AGARI ba="0,1" hai="12,13,14,49,52,57,64,65,88,93,96" m="23659" machi="52" ten="30,5800,0" yaku="8,1,54,2" doraHai="111" who="1" fromWho="2" sc="200,0,220,68,220,-58,350,0" /><INIT seed="1,1,0,0,3,99" ten="200,288,162,350" oya="1" hai0="11,83,56,127,85,118,87,80,8,132,90,109,97" hai1="24,20,123,32,49,134,40,35,126,42,50,37,102" hai2="14,2,81,19,75,47,115,89,108,53,101,128,114" hai3="112,10,86,44,39,4,68,1,27,28,3,103,72"/><U54/><E123/><V30/><F2/><W41/><G72/><T7/><D118/><U131/><E37/><V57/><F108/><W94/><G112/><T76/><D109/><U26/><E131/><V92/><F128/><W88/><G68/><T69/><D69/><U130/><E130/><V82/><F30/><W61/><G61/><T43/><D127/><U93/><E126/><V9/><F47/><W79/><G79/><T110/><D110/><U34/><E134/><V106/><F75/><W84/><G103/><T78/><D43/><U125/><E125/><V18/><F18/><W25/><G3/><T105/><D132/><U36/><E36/><V95/><F106/><W129/><G129/><T119/><D119/><U104/><E104/><V62/><F95/><W0/><G0/><T111/><D111/><U59/><E49/><V116/><F116/><W33/><G27/><T29/><D29/><U113/><E113/><V12/><F12/><W15/><G1/><T55/><D7/><U70/><E70/><V133/><F133/><W22/><REACH who="3" step="1"/><G84/><REACH who="3" ten="200,288,162,340" step="2"/><T58/><D78/><U100/><E26/><V71/><F71/><W23/><AGARI ba="1,1" hai="4,10,15,22,23,25,28,33,39,41,44,86,88,94" machi="23" ten="30,8000,1" yaku="1,1,2,1,0,1,54,1,53,1" doraHai="99" doraHaiUra="21" who="3" fromWho="3" sc="200,-21,288,-41,162,-21,340,93" /><INIT seed="2,0,0,4,2,22" ten="179,247,141,433" oya="2" hai0="121,12,117,40,45,60,85,31,114,130,65,110,87" hai1="106,33,10,43,78,49,103,98,92,82,125,95,8" hai2="97,53,47,69,18,23,14,70,34,80,113,29,41" hai3="42,134,46,17,90,73,55,37,58,68,112,96,94"/><V48/><F113/><W109/><G109/><T83/><D114/><U66/><E125/><V75/><F97/><W35/><G112/><T86/><D121/><U5/><E33/><V122/><F122/><W84/><G68/><T61/><D110/><U62/><E10/><V101/><F101/><W15/><G73/><T108/><D108/><U28/><E28/><V120/><F120/><W127/><G127/><T132/><D130/><U128/><E128/><V88/><F41/><W36/><G35/><T67/><D132/><U25/><E25/><V7/><F7/><W116/><G134/><T9/><D31/><U72/><E49/><V76/><REACH who="2" step="1"/><F88/><REACH who="2" ten="179,247,131,433" step="2"/><W89/><G89/><T39/><D83/><U107/><E43/><V131/><F131/><W6/><G96/><T38/><D40/><U93/><E107/><V24/><AGARI ba="0,1" hai="14,18,23,24,29,34,47,48,53,69,70,75,76,80" machi="24" ten="30,6000,0" yaku="1,1,0,1,52,1,53,0" doraHai="22" doraHaiUra="63" who="2" fromWho="2" sc="179,-20,247,-20,131,70,433,-20" /><INIT seed="2,1,0,5,0,116" ten="159,227,201,413" oya="2" hai0="34,66,29,118,87,122,109,31,59,98,4,86,41" hai1="93,113,20,83,0,124,57,102,100,39,123,68,56" hai2="76,77,67,62,131,22,126,18,106,60,121,97,48" hai3="89,88,75,9,94,114,54,96,99,8,81,119,13"/><V42/><F126/><W53/><G119/><T37/><D118/><U72/><E113/><V50/><F131/><W2/><G114/><T19/><D109/><U129/><E68/><V3/><F3/><W36/><G36/><T12/><D37/><U52/><E39/><V112/><F112/><W58/><G2/><T82/><D41/><U73/><E0/><V30/><F30/><W45/><G75/><T132/><D132/><U15/><E124/><V21/><F121/><W104/><G104/><T61/><D4/><U74/><E129/><V16/><F97/><W32/><G32/><T44/><D44/><U38/><E38/><V133/><F106/><W127/><G127/><T91/><D34/><U28/><E123/><V117/><F117/><W120/><G120/><T64/><D64/><U35/><E83/><V101/><F101/><W135/><G135/><T24/><D122/><U92/><E35/><V33/><F33/><W55/><G45/><T71/><D71/><U108/><E108/><V49/><F133/><W105/><G105/><T25/><D98/><U69/><E69/><V103/><F103/><N who="1" m="39465" /><E56/><N who="2" m="37255" /><F62/><N who="3" m="36175" /><G9/><T27/><REACH who="0" step="1"/><D87/><REACH who="0" ten="149,227,201,413" step="2"/><U65/><E65/><V6/><F42/><W40/><G40/><T47/><D47/><U90/><E73/><V78/><F6/><N who="3" m="3223" /><G99/><T46/><D46/><U23/><E72/><V1/><F1/><W111/><G111/><T14/><D14/><U95/><E74/><V7/><F7/><W110/><G110/><T5/><D5/><U130/><E130/><V51/><N who="2" m="12288" /><DORA hai="85" /><V70/><F70/><W63/><G63/><T43/><D43/><RYUUKYOKU ba="1,1" sc="149,10,227,-30,201,10,413,10" hai0="12,19,24,25,27,29,31,59,61,66,82,86,91" hai2="16,18,21,22,76,77,78" hai3="54,55,81,88,89,94,96" /><INIT seed="2,2,1,3,4,97" ten="159,197,211,423" oya="2" hai0="11,52,72,131,23,13,109,67,91,2,75,60,111" hai1="107,37,34,102,80,104,77,89,134,81,56,19,27" hai2="113,71,135,65,14,63,124,70,61,48,29,20,82" hai3="98,99,125,115,76,68,40,69,8,112,127,28,46"/><V55/><F113/><N who="3" m="43595" /><G76/><T15/><D131/><U105/><E37/><V122/><F122/><W129/><G129/><T93/><D2/><U25/><E134/><V38/><F38/><N who="3" m="21783" /><G8/><T94/><D23/><U42/><E42/><V117/><F117/><W50/><G28/><T90/><D67/><U53/><E102/><V95/><F124/><N who="3" m="47691" /><G50/><T110/><D60/><U35/><E89/><N who="0" m="33801" /><D52/><U74/><E80/><V47/><F63/><W101/><G99/><T31/><D31/><U24/><REACH who="1" step="1"/><E19/><REACH who="1" ten="159,187,211,423" step="2"/><V17/><F17/><W0/><G0/><T100/><D100/><U120/><E120/><V121/><F121/><W4/><G4/><N who="0" m="3303" /><D15/><U78/><E78/><V119/><F14/><W22/><G22/><T7/><D7/><U116/><E116/><V64/><F119/><W79/><G79/><T1/><D1/><U43/><E43/><V58/><F20/><W18/><G18/><T86/><D86/><U45/><E45/><V51/><F47/><W73/><G73/><AGARI ba="2,2" hai="72,73,75,93,94,109,110,111" m="3303,33801" machi="73" ten="40,1300,0" yaku="14,1" doraHai="97" who="0" fromWho="3" sc="159,39,187,0,211,0,423,-19" /><INIT seed="3,0,0,2,3,54" ten="198,187,211,404" oya="3" hai0="125,52,71,93,76,41,74,20,88,112,117,135,58" hai1="84,110,33,131,106,94,35,27,87,56,96,66,44" hai2="103,97,24,72,115,119,95,16,111,132,5,57,49" hai3="11,40,133,13,98,30,6,7,113,15,38,101,77"/><W31/><G77/><T86/><D117/><U70/><E131/><V60/><F115/><W85/><G85/><T2/><D71/><U120/><E120/><V78/><F119/><W18/><G98/><T19/><D2/><U9/><E110/><V12/><F132/><W23/><G7/><T107/><D112/><U61/><E44/><V129/><F129/><W102/><G102/><T100/><D41/><U69/><E9/><V50/><F111/><W89/><G11/><T59/><D135/><U123/><E123/><V116/><F116/><W17/><G17/><T26/><D125/><U39/><E39/><V45/><F45/><W8/><G8/><T127/><D127/><U25/><E106/><V51/><F5/><W10/><G15/><T4/><D4/><U126/><E126/><V121/><F24/><N who="1" m="9289" /><E69/><V130/><F130/><W63/><G30/><T91/><D74/><U105/><E105/><V134/><F134/><W90/><G10/><T92/><D107/><U21/><E70/><V34/><F34/><W79/><G31/><T118/><D118/><U43/><E43/><V122/><F122/><W42/><G23/><T48/><D76/><U0/><E0/><V114/><F114/><W75/><G18/><T67/><D100/><N who="1" m="60439" /><E21/><N who="2" m="11399" /><F121/><W47/><G13/><T37/><D37/><U55/><E33/><V36/><F36/><W83/><G6/><T104/><D104/><U65/><E35/><V73/><F78/><W64/><G113/><T128/><D128/><U3/><E3/><V14/><F14/><W80/><G133/><T99/><D59/><N who="1" m="37055" /><E66/><AGARI ba="0,0" hai="19,20,26,48,52,58,66,67,86,88,91,92,93,99" machi="66" ten="40,8000,1" yaku="8,1,52,1,54,2" doraHai="54" who="0" fromWho="1" sc="198,80,187,-80,211,0,404,0" owari="278,7.8,107,-39.3,211,-18.9,404,50.4" /></mjloggm>