<mjloggm ver="2.3"><GO type="225" lobby="0"/><UN n0="%E7%B4%94%E6%BD%94%E3%83%94%E3%83%A9%E3%83%8B%E3%82%A2" n1="%E5%8F%AF%E5%85%90%E9%82%A3%E7%94%B1%E5%A4%9A" n2="%E3%82%A2%E3%83%8A%E3%83%BC%E3%81%8D%E3%83%BC" n3="%6D%75%75%6D%75%72%61" dan="17,16,17,17" rate="2143.81,2192.65,2150.23,2191.18" sx="M,F,M,F"/><TAIKYOKU oya="0"/><INIT seed="0,0,0,4,3,8" ten="250,250,250,250" oya="0" hai0="65,92,119,2,11,16,117,73,100,60,7,72,54" hai1="36,47,133,28,74,66,124,64,25,121,114,57,116" hai2="87,24,109,51,75,86,128,23,76,46,93,132,99" hai3="90,106,26,113,44,96,39,97,0,85,84,98,56"/><T134/><D134/><U29/><E116/><V59/><F132/><W71/><G71/><T19/><D54/><U79/><E133/><V12/><F109/><W104/><G0/><T125/><D125/><U3/><E121/><V123/><F123/><W58/><G113/><T13/><D73/><U120/><E120/><V1/><F1/><W27/><G39/><T17/><D72/><U34/><E3/><V43/><F128/><W111/><G44/><T135/><D135/><U130/><E124/><V88/><F59/><W122/><G122/><T37/><D37/><U105/><E105/><V31/><REACH who="2" step="1"/><F12/><REACH who="2" ten="250,250,240,250" step="2"/><W49/><G111/><T18/><D2/><U10/><E57/><V110/><F110/><W30/><G56/><T103/><N who="0" m="4096" /><DORA hai="42" /><T78/><D78/><U115/><E79/><V101/><F101/><W69/><G58/><T67/><D60/><U35/><E130/><V48/><F48/><W15/><G49/><T21/><D21/><U127/><E36/><V9/><F9/><W118/><G15/><T22/><D22/><U40/><E127/><V107/><F107/><W70/><G106/><T95/><D103/><U61/><E61/><V33/><F33/><W82/><G104/><T102/><D100/><U5/><E114/><V52/><F52/><W83/><G69/><T91/><D119/><U45/><E115/><V6/><F6/><W38/><G70/><T80/><D117/><U68/><E68/><V50/><F50/><W41/><G118/><T129/><D102/><U55/><E55/><V14/><F14/><W131/><G131/><T4/><D129/><RYUUKYOKU ba="0,1" sc="250,-10,250,-10,240,30,250,-10" hai2="23,24,31,43,46,51,75,76,86,87,88,93,99" /><INIT seed="1,1,1,4,5,110" ten="240,240,270,240" oya="1" hai0="7,61,65,116,98,131,19,57,77,108,64,17,2" hai1="28,11,130,74,97,134,115,88,90,50,92,94,84" hai2="71,49,114,117,106,105,36,34,47,6,66,102,13" hai3="45,67,89,118,133,100,31,76,126,70,135,58,10"/><U73/><E28/><V52/><F117/><W111/><G111/><T3/><D108/><U25/><E25/><V16/><F34/><W27/><G70/><T14/><D77/><U68/><E68/><V86/><F36/><W72/><G118/><T80/><D80/><U53/><E130/><V32/><F32/><W103/><G126/><T56/><D116/><U30/><E30/><V24/><F6/><W101/><G45/><T42/><D42/><U121/><E121/><V82/><F24/><W48/><G10/><T18/><D98/><U40/><E40/><V112/><F102/><W123/><G123/><T15/><D7/><U43/><E43/><V128/><F128/><W119/><G89/><T63/><D131/><U87/><E134/><N who="3" m="51210" /><G119/><T46/><D46/><U122/><E122/><V79/><F66/><W107/><G76/><T22/><REACH who="0" step="1"/><D18/><REACH who="0" ten="230,240,270,240" step="2"/><U62/><E97/><V55/><F71/><W60/><G72/><T38/><D38/><U99/><E99/><V59/><F106/><W0/><G107/><T69/><D69/><U132/><E132/><V120/><F105/><W33/><G0/><T93/><D93/><U1/><E74/><V4/><F4/><W44/><G103/><T124/><D124/><U129/><E73/><V9/><REACH who="2" step="1"/><F120/><REACH who="2" ten="230,240,260,240" step="2"/><W85/><G85/><T109/><D109/><U12/><E129/><V125/><F125/><W95/><G95/><T20/><AGARI ba="1,3" hai="2,3,14,15,17,19,20,22,56,57,61,63,64,65" machi="20" ten="20,12000,2" yaku="1,1,0,1,7,1,32,3,53,0" doraHai="110" doraHaiUra="37" who="0" fromWho="0" sc="230,153,240,-61,260,-31,240,-31" /><INIT seed="2,0,0,0,3,65" ten="383,179,229,209" oya="2" hai0="54,79,73,88,2,60,126,113,59,120,95,62,27" hai1="96,72,58,53,49,133,3,71,38,131,99,114,83" hai2="78,67,61,24,1,6,121,47,52,108,89,40,44" hai3="118,75,0,20,100,51,109,7,101,94,82,124,74"/><V15/><F121/><W84/><G118/><T85/><D120/><U123/><E114/><V8/><F108/><W81/><G109/><T39/><D39/><U25/><E123/><V5/><F78/><W36/><G36/><T132/><D2/><U135/><E3/><V14/><F1/><W13/><G0/><T68/><D113/><U34/><E38/><V10/><F24/><W12/><G124/><T31/><D126/><U127/><E127/><V76/><F76/><W35/><G35/><T42/><D42/><U46/><E131/><V37/><F89/><W23/><G51/><T125/><D125/><U57/><E72/><V112/><F112/><W122/><G84/><T70/><D62/><U50/><E83/><V128/><F128/><W107/><G122/><T4/><D4/><U21/><E34/><V32/><F32/><W9/><G94/><T117/><D117/><U29/><E71/><V63/><F67/><W28/><G28/><T115/><D115/><U90/><E90/><V92/><F92/><W110/><G110/><T98/><D73/><U119/><E119/><V80/><F80/><W69/><G7/><T86/><D86/><U116/><E116/><V93/><F93/><W30/><G30/><T102/><D79/><U87/><E87/><V97/><F97/><W77/><G77/><T105/><D132/><N who="1" m="50763" /><E50/><AGARI ba="0,0" hai="5,6,8,10,14,15,37,40,44,47,50,52,61,63" machi="50" ten="40,3900,0" yaku="9,1,54,1" doraHai="65" who="2" fromWho="1" sc="383,0,179,-39,229,39,209,0" /><INIT seed="2,1,0,0,0,34" ten="383,140,268,209" oya="2" hai0="98,18,81,53,114,52,107,17,25,41,8,108,75" hai1="69,38,110,72,109,96,83,66,35,131,90,126,94" hai2="11,28,67,19,82,76,68,45,9,50,130,113,99" hai3="103,57,74,101,88,30,4,61,22,92,123,100,117"/><V87/><F113/><W106/><G117/><T5/><D114/><U58/><E38/><V55/><F130/><W89/><G123/><T2/><D41/><U43/><E43/><V33/><F19/><W135/><G74/><T127/><D108/><N who="1" m="41579" /><E35/><V54/><F54/><W129/><G129/><T121/><D81/><U21/><E69/><V16/><F99/><W134/><G106/><T128/><D75/><U32/><E32/><V62/><REACH who="2" step="1"/><F16/><REACH who="2" ten="383,140,258,209" step="2"/><W47/><G134/><T125/><D52/><U77/><E131/><V31/><F31/><W12/><G135/><T3/><D53/><U119/><E96/><V91/><F91/><W73/><G89/><T85/><D18/><U20/><E90/><V64/><F64/><W6/><G30/><T115/><D115/><U0/><E66/><V116/><F116/><W36/><G88/><T105/><D98/><U79/><E119/><V13/><F13/><W133/><G133/><T7/><D128/><U23/><E126/><N who="0" m="48137" /><D121/><U84/><E79/><V104/><F104/><W15/><G100/><T44/><D107/><U111/><E111/><V132/><F132/><W80/><G101/><T102/><D102/><U118/><E118/><V63/><F63/><W124/><G124/><T56/><D105/><U86/><E77/><V27/><AGARI ba="1,1" hai="9,11,27,28,33,45,50,55,62,67,68,76,82,87" machi="27" ten="30,6000,0" yaku="1,1,0,1,53,1" doraHai="34" doraHaiUra="29" who="2" fromWho="2" sc="383,-21,140,-21,258,73,209,-21" /><INIT seed="2,2,0,1,5,14" ten="362,119,331,188" oya="2" hai0="78,119,80,98,76,127,15,12,5,74,70,11,40" hai1="50,128,91,113,97,89,84,42,72,3,45,32,55" hai2="18,81,79,41,38,108,133,23,86,16,46,104,35" hai3="21,102,28,30,90,105,73,29,93,0,51,53,126"/><V88/><F133/><W20/><G73/><T59/><D70/><U31/><E113/><V43/><F35/><W106/><G0/><T49/><D119/><U101/><E72/><V44/><F108/><W6/><G6/><T124/><D78/><U2/><E128/><V130/><F130/><W48/><G126/><N who="0" m="48171" /><D98/><U22/><E32/><V122/><F122/><W62/><G62/><T34/><D34/><U82/><E91/><V103/><F23/><W123/><G48/><T17/><D59/><U26/><REACH who="1" step="1"/><E42/><REACH who="1" ten="362,109,331,188" step="2"/><V25/><F41/><W1/><G123/><T121/><D40/><U27/><E27/><V87/><F43/><W61/><G90/><T10/><D121/><U112/><E112/><V99/><F88/><W85/><G102/><T64/><D49/><U24/><E24/><V58/><F25/><W7/><G51/><T83/><D83/><U132/><E132/><V52/><F81/><W33/><G33/><T92/><D64/><U9/><E9/><V57/><F103/><W75/><G75/><T115/><D115/><U120/><E120/><V114/><F114/><W129/><G129/><T111/><D111/><U65/><E65/><V116/><F116/><W39/><G85/><T117/><D117/><U56/><E56/><V131/><F58/><W77/><G77/><T134/><D134/><U94/><AGARI ba="2,1" hai="2,3,22,26,31,45,50,55,82,84,89,94,97,101" machi="94" ten="20,2700,0" yaku="1,1,0,1,7,1,53,0" doraHai="14" doraHaiUra="60" who="1" fromWho="1" sc="362,-9,109,43,331,-15,188,-9" /><INIT seed="3,0,0,1,3,29" ten="353,152,316,179" oya="3" hai0="50,3,4,78,71,87,21,105,64,61,98,1,130" hai1="116,77,10,133,100,5,81,107,47,125,76,40,46" hai2="119,23,122,124,67,59,45,56,115,129,85,54,74" hai3="33,48,135,38,89,31,34,126,51,104,30,12,37"/><W22/><G104/><T19/><D130/><U18/><E133/><V91/><F74/><W11/><G135/><T36/><D36/><U75/><E125/><V8/><F124/><W106/><G126/><T73/><D73/><U63/><E116/><V52/><F129/><W88/><G106/><T16/><D19/><U2/><E77/><V66/><F119/><W113/><G22/><T65/><D4/><U24/><E63/><V93/><F115/><W114/><G12/><T110/><D65/><U83/><E83/><V13/><F122/><W97/><G97/><T6/><D6/><U32/><E18/><V26/><F45/><W101/><G101/><T72/><D72/><U14/><E14/><V53/><F67/><W121/><G11/><T103/><D50/><U43/><E47/><V127/><F66/><W27/><G27/><T57/><D71/><U7/><E7/><N who="2" m="3231" /><F127/><W109/><G109/><T94/><D110/><U79/><E79/><V68/><F68/><W42/><G42/><T58/><D58/><U69/><E69/><V131/><F131/><W92/><G92/><T95/><D95/><U39/><E43/><V123/><F123/><AGARI ba="0,0" hai="30,31,33,34,37,38,48,51,88,89,113,114,121,123" machi="123" ten="25,12000,1" yaku="22,2,52,2,54,1" doraHai="29" who="3" fromWho="2" sc="353,0,152,0,316,-120,179,120" /><INIT seed="3,1,0,4,0,50" ten="353,152,196,299" oya="3" hai0="56,95,12,126,52,58,60,31,100,104,23,66,81" hai1="96,0,53,115,97,3,45,27,14,6,24,94,105" hai2="46,132,98,93,20,73,84,128,8,92,110,19,77" hai3="109,120,91,107,11,87,38,101,130,16,15,62,75"/><W103/><G120/><T1/><D1/><U32/><E115/><V37/><F110/><W5/><G75/><T111/><D111/><U99/><E105/><V49/><F73/><W33/><G109/><T78/><D104/><U106/><E106/><V65/><F37/><W124/><G107/><T40/><D40/><U88/><E0/><V67/><F128/><W64/><G130/><T71/><D71/><U22/><E3/><V13/><F132/><W113/><G113/><T21/><D126/><U61/><E32/><V123/><F123/><W2/><G33/><T86/><D31/><U18/><E45/><V127/><F127/><W4/><G38/><T39/><D12/><U7/><E27/><V118/><F118/><W59/><G124/><T117/><D39/><U28/><E28/><V79/><F20/><W114/><G114/><T36/><D36/><U70/><E70/><V89/><F92/><W47/><G47/><T121/><D117/><U9/><E6/><N who="3" m="2666" /><G2/><T133/><D133/><U129/><E129/><V69/><F69/><W85/><G85/><T44/><D44/><U72/><E72/><V10/><F10/><W83/><AGARI ba="1,0" hai="11,15,16,59,62,64,83,87,91,101,103" m="2666" machi="83" ten="30,3000,0" yaku="8,1,54,1" doraHai="50" who="3" fromWho="3" sc="353,-11,152,-11,196,-11,299,33" /><INIT seed="3,2,0,2,5,67" ten="342,141,185,332" oya="3" hai0="113,80,21,112,119,111,88,132,46,105,64,60,54" hai1="77,108,134,30,115,89,51,4,55,98,126,73,58" hai2="14,45,38,33,102,10,99,43,1,106,103,53,50" hai3="35,41,48,124,66,118,135,97,75,128,70,68,86"/><W36/><G75/><T2/><D2/><U120/><E120/><V16/><F103/><W82/><G118/><T114/><D119/><U57/><E115/><V65/><F65/><W84/><G36/><T42/><D111/><U61/><E108/><V24/><F1/><W100/><G35/><T74/><D132/><U52/><E134/><V133/><F133/><W101/><G135/><T93/><D105/><U125/><E4/><V85/><F85/><W28/><G28/><T13/><D54/><U83/><REACH who="1" step="1"/><E30/><REACH who="1" ten="342,131,185,332" step="2"/><V29/><REACH who="2" step="1"/><F38/><REACH who="2" ten="342,131,175,332" step="2"/><W6/><G6/><T94/><D114/><U116/><E116/><V117/><F117/><W5/><G5/><T109/><D113/><U34/><E34/><V9/><F9/><W27/><G128/><T31/><D112/><U107/><E107/><V40/><AGARI ba="2,2" hai="10,14,16,24,29,33,40,43,45,50,53,99,102,106" machi="40" ten="30,4000,0" yaku="1,1,0,1,54,1,53,0" doraHai="67" doraHaiUra="121" who="2" fromWho="2" sc="342,-12,131,-12,175,66,332,-22" owari="330,43.0,119,-38.1,241,-15.9,310,11.0" /></mjloggm>