<mjloggm ver="2.3"><GO type="225" lobby="0"/><UN n0="%63%68%78%62%64" n1="%E3%82%B2%E3%82%B9%E8%8C%82%E5%8B%9D" n2="%77%72%77%72%77%72%77%72" n3="%E6%B4%BE%E9%81%A3%E3%81%AE%E3%82%B8%E3%83%A3%E3%83%83%E3%82%AF" dan="16,16,16,17" rate="2129.60,2044.01,2125.87,2192.56" sx="F,F,M,M"/><TAIKYOKU oya="0"/><INIT seed="0,0,0,0,1,113" ten="250,250,250,250" oya="0" hai0="111,42,115,109,68,90,35,85,11,78,60,116,84" hai1="123,22,114,39,18,50,55,95,127,108,100,25,20" hai2="94,107,103,120,91,131,34,66,1,44,52,48,121" hai3="57,71,104,29,54,7,88,119,81,19,125,126,2"/><T21/><D35/><U5/><E123/><V41/><F1/><W15/><G71/><T40/><D115/><U24/><E114/><V17/><F131/><W6/><G104/><T105/><D105/><U59/><E127/><N who="3" m="48650" /><G29/><T82/><D116/><U87/><E108/><N who="0" m="41545" /><D11/><U38/><E5/><V4/><F34/><W14/><G2/><T30/><D30/><U79/><E79/><V36/><F4/><W3/><G3/><T96/><D96/><U49/><E49/><V74/><F74/><W65/><G65/><N who="0" m="40999" /><D21/><U76/><E76/><V28/><F28/><W134/><G134/><T45/><D45/><U72/><E72/><V130/><F130/><W124/><G119/><T89/><D89/><U128/><E128/><V97/><F17/><W77/><G77/><T67/><D67/><U16/><REACH who="1" step="1"/><E100/><REACH who="1" ten="250,240,250,250" step="2"/><V33/><F121/><W26/><G6/><T132/><D132/><U135/><E135/><V106/><F120/><W118/><G7/><T92/><AGARI ba="0,1" hai="40,42,78,82,84,85,90,92" m="40999,41545" machi="92" ten="30,3000,0" yaku="14,1,10,1" doraHai="113" who="0" fromWho="0" sc="250,40,240,-10,250,-10,250,-10" /><INIT seed="0,1,0,5,3,122" ten="290,230,240,240" oya="0" hai0="75,12,105,77,66,36,103,92,116,100,123,126,96" hai1="30,79,71,87,8,72,133,93,23,52,74,37,6" hai2="114,48,84,95,86,13,0,58,68,2,128,111,17" hai3="54,1,85,64,99,90,4,22,117,15,18,10,135"/><T28/><D36/><U80/><E133/><V131/><F114/><W53/><G135/><T24/><D123/><U63/><E37/><V106/><F106/><W41/><G117/><T11/><D116/><U27/><E93/><V76/><F68/><W57/><G41/><T39/><D39/><U3/><REACH who="1" step="1"/><E52/><REACH who="1" ten="290,220,240,240" step="2"/><N who="2" m="32007" /><F95/><W60/><G99/><T113/><D113/><U62/><E62/><V49/><F49/><W67/><G53/><T35/><D66/><AGARI ba="1,1" hai="3,6,8,23,27,30,63,66,71,72,74,79,80,87" machi="66" ten="40,1300,0" yaku="1,1,53,0" doraHai="122" doraHaiUra="120" who="1" fromWho="0" sc="290,-16,220,26,240,0,240,0" /><INIT seed="1,0,0,2,5,3" ten="274,246,240,240" oya="1" hai0="79,45,18,10,67,94,23,11,27,22,57,46,93" hai1="84,47,75,108,87,13,78,71,72,58,97,20,64" hai2="25,126,37,101,119,74,131,34,80,135,5,96,85" hai3="81,110,43,14,65,2,63,105,107,15,31,60,44"/><U56/><E71/><V89/><F119/><W118/><G2/><T53/><D79/><U16/><E47/><N who="0" m="17929" /><D67/><U33/><E33/><V123/><F123/><W86/><G118/><T1/><D1/><U48/><E108/><V55/><F37/><W38/><G110/><T59/><D59/><U104/><E56/><V50/><F131/><W68/><G60/><N who="0" m="35887" /><D23/><U114/><E114/><V128/><F128/><W35/><G105/><T62/><D62/><U91/><E64/><V41/><F34/><W99/><G107/><T98/><D94/><N who="1" m="54631" /><E78/><V29/><F74/><W40/><G40/><T102/><AGARI ba="0,0" hai="10,11,18,22,27,93,98,102" m="35887,17929" machi="102" ten="30,1100,0" yaku="8,1" doraHai="3" who="0" fromWho="0" sc="274,11,246,-5,240,-3,240,-3" /><INIT seed="2,0,0,2,1,12" ten="285,241,237,237" oya="2" hai0="128,6,114,91,30,15,119,106,87,14,19,20,82" hai1="70,49,71,102,112,62,32,7,93,86,2,103,45" hai2="65,94,95,89,54,97,33,13,122,105,104,129,79" hai3="29,37,55,124,3,43,42,36,68,98,17,131,127"/><V101/><F122/><W26/><G3/><T60/><D106/><U130/><E32/><V96/><F33/><W66/><G98/><T22/><D114/><U57/><E112/><V40/><F40/><N who="3" m="15403" /><G29/><T5/><D119/><U123/><E130/><V4/><F129/><W109/><G131/><T75/><D75/><U52/><E123/><V108/><F108/><W61/><G109/><T120/><D128/><U8/><E103/><V135/><F135/><W83/><G83/><T44/><D44/><U53/><REACH who="1" step="1"/><E86/><REACH who="1" ten="285,231,237,237" step="2"/><V25/><F101/><W133/><G133/><T34/><D34/><U51/><E51/><V67/><F97/><AGARI ba="0,1" hai="2,7,8,45,49,52,53,57,62,70,71,93,97,102" machi="97" ten="40,2600,0" yaku="1,1,54,1,53,0" doraHai="12" doraHaiUra="74" who="1" fromWho="2" sc="285,0,231,36,237,-26,237,0" /><INIT seed="3,0,0,4,0,34" ten="285,267,211,237" oya="3" hai0="123,4,86,97,103,28,24,60,111,45,14,20,15" hai1="61,130,2,100,30,40,26,70,88,23,106,31,109" hai2="11,59,63,12,95,82,1,135,112,19,104,68,76" hai3="64,110,77,83,96,134,113,66,72,105,21,90,29"/><W41/><G113/><T133/><D123/><U108/><E130/><V122/><F112/><W85/><G134/><T118/><D133/><U6/><E40/><V81/><F135/><W53/><G110/><N who="1" m="42602" /><E100/><V35/><F104/><W48/><G41/><T120/><D111/><U121/><E106/><V107/><F107/><W74/><G74/><T94/><D120/><U25/><E121/><V42/><F122/><W117/><G117/><T102/><D118/><U93/><E61/><V36/><F35/><W127/><G127/><T125/><D103/><U37/><E70/><V71/><F95/><N who="3" m="56439" /><G72/><T10/><D60/><U101/><E101/><V13/><F82/><W3/><G3/><T89/><D45/><U131/><E131/><V124/><F1/><W50/><G105/><T78/><D78/><U54/><E54/><V56/><F56/><N who="3" m="32807" /><G50/><T44/><D44/><U32/><E37/><V7/><F124/><W47/><G47/><T98/><D125/><U58/><E58/><V9/><F42/><W38/><G38/><T33/><D102/><U126/><E126/><V22/><F36/><W75/><G75/><T51/><D51/><U84/><E2/><V62/><F62/><W52/><G52/><T5/><D33/><U128/><E128/><V91/><F91/><W16/><G29/><T27/><D27/><AGARI ba="0,0" hai="16,21,27,64,66,77,83,85" m="32807,56439" machi="27" ten="30,2900,0" yaku="8,1,54,1" doraHai="34" who="3" fromWho="0" sc="285,-29,267,0,211,0,237,29" /><INIT seed="3,1,0,0,2,13" ten="256,267,211,266" oya="3" hai0="4,2,48,131,6,61,67,42,5,129,47,89,65" hai1="84,24,62,19,80,45,55,41,34,78,126,125,111" hai2="135,102,101,108,92,81,28,110,116,31,16,121,95" hai3="36,106,29,77,71,90,88,91,9,83,23,20,11"/><W49/><G36/><T51/><D2/><U1/><E1/><V119/><F135/><W132/><G106/><T27/><D27/><U46/><E111/><N who="2" m="42539" /><F121/><W35/><G71/><T60/><D89/><U98/><E98/><V43/><F43/><W117/><G117/><N who="2" m="45129" /><F81/><W130/><G130/><N who="0" m="49675" /><D48/><U68/><E34/><V44/><F44/><W115/><G115/><T38/><D38/><U73/><E73/><V127/><F127/><N who="1" m="48649" /><E41/><V100/><F16/><W134/><G49/><T64/><AGARI ba="1,0" hai="4,5,6,42,47,51,60,61,64,65,67" m="49675" machi="64" ten="40,1500,0" yaku="19,1" doraHai="13" who="0" fromWho="0" sc="256,18,267,-5,211,-5,266,-8" /><INIT seed="4,0,0,0,1,101" ten="274,262,206,258" oya="0" hai0="132,30,89,76,57,130,1,38,123,126,69,111,116" hai1="95,63,59,75,98,20,82,27,25,35,24,56,94" hai2="84,64,127,12,78,2,68,81,107,11,10,74,104" hai3="72,67,41,48,117,39,47,14,71,4,87,93,80"/><T16/><RYUUKYOKU type="yao9" ba="0,0" sc="274,0,262,0,206,0,258,0" hai0="1,16,30,38,57,69,76,89,111,116,123,126,130,132" /><INIT seed="4,1,0,2,0,16" ten="274,262,206,258" oya="0" hai0="37,69,19,20,11,58,102,50,117,46,124,91,133" hai1="134,77,89,109,4,56,54,44,108,87,15,68,66" hai2="125,24,63,7,72,9,26,53,86,99,65,93,112" hai3="81,39,111,100,95,48,17,123,70,59,71,79,22"/><T23/><D117/><U105/><E105/><V55/><F72/><W103/><G39/><T38/><D69/><U49/><E77/><V107/><F107/><W1/><G1/><T84/><D124/><U43/><E134/><V10/><F125/><W29/><G111/><T6/><D133/><U60/><E15/><V82/><F112/><W57/><G123/><T52/><D102/><U5/><E108/><V135/><F135/><W14/><G29/><T106/><D106/><U116/><E116/><V61/><F24/><W118/><G118/><T64/><D37/><U47/><E47/><V31/><F26/><W62/><G48/><N who="0" m="30983" /><D64/><U2/><E2/><V94/><F31/><W114/><G114/><T12/><D6/><U40/><E40/><V92/><F99/><W122/><G122/><T97/><D97/><U80/><REACH who="1" step="1"/><E109/><REACH who="1" ten="274,252,206,258" step="2"/><V113/><F113/><W96/><G79/><T45/><D45/><U30/><E30/><V27/><F27/><W21/><G14/><T41/><D38/><AGARI ba="1,1" hai="4,5,38,43,44,49,54,56,60,66,68,80,87,89" machi="38" ten="30,7700,0" yaku="1,1,7,1,24,2,53,0" doraHai="16" doraHaiUra="28" who="1" fromWho="0" sc="274,-80,252,90,206,0,258,0" owari="194,-30.6,342,44.2,206,-19.4,258,5.8" /></mjloggm>