<mjloggm ver="2.3"><GO type="225" lobby="0"/><UN n0="%E3%81%82%E3%81%99%E3%81%AB%E3%82%83%E3%82%80" n1="%E3%81%A8%E3%82%89%E3%81%84%E3%81%A1" n2="%E3%81%AF%E3%82%88%E3%81%8A%E3%81%98%E3%81%95%E3%82%93" n3="%E3%83%97%E3%83%AC%E3%83%B4%E3%82%A1%E3%83%86%E3%82%A3" dan="16,16,17,16" rate="2125.20,2112.87,2257.99,2115.12" sx="F,M,M,F"/><TAIKYOKU oya="0"/><INIT seed="0,0,0,4,3,46" ten="250,250,250,250" oya="0" hai0="49,64,0,94,78,58,128,19,8,2,50,87,99" hai1="15,77,116,112,75,18,79,117,6,83,70,48,129" hai2="96,132,93,130,113,54,39,85,9,41,86,10,20" hai3="126,103,29,40,135,11,14,43,131,30,16,119,55"/><T125/><D125/><U92/><E129/><V105/><F113/><W68/><G119/><T108/><D128/><U36/><E36/><V104/><F130/><W73/><G131/><T66/><D0/><U59/><E70/><V97/><F39/><W62/><G73/><T57/><D2/><U74/><E112/><V124/><F41/><N who="3" m="15947" /><G68/><T26/><D108/><U23/><E6/><V24/><F54/><W31/><G126/><T82/><D57/><U47/><E92/><V88/><F124/><W109/><G109/><T115/><D115/><U53/><REACH who="1" step="1"/><E47/><REACH who="1" ten="250,240,250,250" step="2"/><V102/><F104/><W13/><G135/><T38/><D38/><U7/><E7/><V72/><F132/><W65/><G103/><N who="0" m="60919" /><D58/><U56/><E56/><V44/><F44/><W33/><G33/><T114/><D114/><U90/><E90/><V25/><F88/><W45/><G65/><N who="0" m="25195" /><D8/><U106/><E106/><V37/><F9/><W133/><G133/><T5/><D5/><U98/><E98/><V107/><F97/><W27/><G62/><T67/><D67/><U76/><E76/><V118/><F96/><W61/><G61/><T42/><D42/><U35/><E35/><V120/><F107/><W17/><G45/><T4/><D4/><U122/><E122/><V121/><F105/><W111/><G111/><T84/><D84/><U100/><E100/><V123/><F37/><W1/><G1/><T91/><D78/><U28/><E28/><V95/><F121/><W71/><G71/><T60/><D60/><U34/><E34/><V51/><F123/><W12/><G55/><T69/><D69/><RYUUKYOKU ba="0,1" sc="250,10,240,10,250,-30,250,10" hai0="19,26,49,50,82,87,91" hai1="15,18,23,48,53,59,74,75,77,79,83,116,117" hai3="11,12,13,14,16,17,27,29,30,31" /><INIT seed="0,1,1,2,1,42" ten="260,250,220,260" oya="0" hai0="66,81,27,7,13,99,28,49,87,118,117,21,90" hai1="116,64,71,84,92,79,126,86,52,122,58,11,119" hai2="8,75,32,102,82,33,23,41,106,128,110,9,114" hai3="129,4,130,22,69,91,74,2,95,48,125,6,34"/><T15/><D66/><U132/><E122/><V133/><F114/><W25/><G69/><T43/><D99/><U83/><E132/><V53/><F133/><W10/><G74/><T1/><D118/><U108/><E108/><V73/><F110/><W85/><G125/><T63/><D117/><U30/><E126/><V89/><F128/><W5/><G34/><T104/><D104/><U39/><E39/><V88/><F41/><W131/><REACH who="3" step="1"/><G48/><REACH who="3" ten="260,250,220,250" step="2"/><T100/><D49/><U3/><E116/><V55/><F32/><W115/><G115/><T47/><D43/><U50/><E119/><V45/><F33/><W112/><G112/><T135/><D135/><U107/><E71/><V59/><F75/><W60/><G60/><T97/><D63/><U29/><E107/><V36/><F73/><W24/><G24/><T77/><D27/><U98/><E64/><V109/><F106/><W56/><G56/><T0/><D1/><U16/><E3/><V127/><F59/><W35/><G35/><T18/><D0/><U113/><E113/><V93/><F127/><W14/><G14/><T121/><D13/><N who="1" m="7231" /><E86/><V62/><F109/><W80/><G80/><T67/><D81/><U123/><E123/><V38/><F82/><W17/><AGARI ba="1,2" hai="2,4,5,6,10,17,22,25,85,91,95,129,130,131" machi="17" ten="30,4000,0" yaku="1,1,0,1,19,1,53,0" doraHai="42" doraHaiUra="103" who="3" fromWho="3" sc="260,-21,250,-11,220,-11,250,63" /><INIT seed="1,0,0,2,4,96" ten="239,239,209,313" oya="1" hai0="28,59,24,132,5,45,95,42,39,82,128,126,72" hai1="127,26,47,67,122,81,89,0,50,14,44,17,55" hai2="57,97,32,116,3,56,93,20,135,43,22,99,16" hai3="25,134,66,65,15,114,91,8,90,112,10,2,60"/><U130/><E122/><V75/><F116/><W101/><G134/><T111/><D111/><U7/><E127/><V69/><F69/><W63/><G25/><T53/><D132/><U131/><E67/><V125/><F32/><W21/><G21/><T102/><D128/><N who="1" m="49195" /><E26/><N who="2" m="14599" /><F75/><W35/><G15/><T18/><D126/><U115/><E115/><V70/><F70/><W68/><G68/><T9/><D18/><U58/><E7/><V46/><F3/><W105/><G105/><T104/><D104/><U106/><E106/><V33/><BYE who="1" /><F33/><W79/><G35/><UN n1="%E3%81%A8%E3%82%89%E3%81%84%E3%81%A1" /><T85/><D72/><U84/><E0/><V31/><F99/><W108/><G2/><T110/><D110/><U37/><E37/><V12/><F135/><W64/><G108/><T121/><D121/><U94/><E81/><V73/><F73/><W38/><G38/><T30/><D82/><U120/><E120/><V92/><F92/><W54/><G54/><T49/><D24/><U74/><E74/><V86/><F86/><W71/><G71/><T51/><D85/><U103/><E103/><N who="2" m="60847" /><F125/><W88/><G101/><T23/><D102/><U124/><E124/><V129/><F129/><W87/><G87/><T11/><D95/><U76/><E76/><V1/><F1/><W29/><G79/><T107/><D107/><U80/><E80/><V6/><F31/><W98/><G29/><T27/><D28/><U109/><E109/><V4/><F4/><W83/><G83/><T62/><D5/><U117/><E117/><V36/><F6/><W19/><G98/><T123/><D123/><U40/><E40/><RYUUKYOKU ba="0,0" sc="239,10,239,10,209,10,313,-30" hai0="9,11,23,27,30,39,42,45,49,51,53,59,62" hai1="14,17,44,47,50,55,58,84,89,94" hai2="12,22,36,43,46,56,57" /><INIT seed="1,1,0,0,1,135" ten="249,249,219,283" oya="1" hai0="8,25,60,9,82,18,77,125,63,34,126,97,87" hai1="76,124,50,66,74,133,117,58,102,123,5,107,56" hai2="3,0,75,54,20,79,105,21,100,91,51,101,40" hai3="37,22,61,99,83,42,95,111,1,78,31,94,70"/><U90/><E117/><V71/><F71/><W16/><G111/><T129/><D129/><U67/><E123/><V110/><F110/><W68/><G1/><T85/><D97/><U36/><E36/><V17/><F40/><W48/><G31/><T12/><D9/><U104/><E5/><V39/><F39/><W32/><G32/><T47/><D47/><U64/><E102/><V103/><F105/><W52/><G37/><T6/><D87/><U45/><E90/><V93/><F75/><W73/><G42/><T19/><D19/><U62/><E133/><V43/><F79/><W33/><G33/><T88/><D77/><U108/><E108/><V130/><F43/><W84/><G73/><T13/><D13/><U14/><E14/><V98/><F20/><W28/><G28/><N who="0" m="19727" /><D6/><U89/><E89/><V113/><F113/><W4/><G4/><T92/><D82/><U131/><E131/><V119/><F119/><W116/><G116/><T115/><D115/><U7/><E7/><V86/><F98/><W24/><G95/><T41/><D41/><N who="1" m="24879" /><E76/><V35/><F35/><W10/><G10/><T81/><D92/><U118/><E118/><V72/><F72/><W132/><G132/><T106/><D106/><N who="1" m="40491" /><E74/><V46/><REACH who="2" step="1"/><F130/><REACH who="2" ten="249,249,209,283" step="2"/><W114/><G114/><T121/><D121/><U27/><E27/><AGARI ba="1,1" hai="0,3,17,21,27,46,51,54,86,91,93,100,101,103" machi="27" ten="40,2600,0" yaku="1,1,2,1,53,0" doraHai="135" doraHaiUra="134" who="2" fromWho="1" sc="249,0,249,-29,209,39,283,0" /><INIT seed="2,0,0,1,3,86" ten="249,220,248,283" oya="2" hai0="103,114,76,73,64,101,120,126,24,93,41,14,75" hai1="39,132,49,85,2,5,81,123,106,37,13,79,135" hai2="63,42,84,29,44,18,97,89,7,33,17,53,90" hai3="26,40,92,43,88,87,59,16,77,107,36,100,91"/><V55/><F33/><W74/><G36/><T38/><D120/><U34/><E2/><V133/><F133/><N who="1" m="51273" /><E123/><V117/><F117/><W127/><G127/><T62/><D114/><U65/><E34/><V108/><F108/><W51/><G74/><T116/><D116/><U118/><E118/><V30/><BYE who="1" /><F7/><W47/><G77/><T98/><D103/><UN n1="%E3%81%A8%E3%82%89%E3%81%84%E3%81%A1" /><U111/><E111/><V48/><F97/><N who="3" m="57503" /><G100/><T27/><D126/><U15/><E106/><V109/><F109/><W130/><G107/><T102/><D102/><U45/><E65/><V122/><F122/><W3/><G3/><T28/><D14/><N who="1" m="5131" /><E5/><V54/><F63/><W70/><G70/><T60/><D76/><U50/><E50/><V112/><F112/><W115/><G115/><T105/><D60/><U83/><E83/><V134/><F134/><W58/><G130/><T94/><D94/><U46/><E46/><V31/><REACH who="2" step="1"/><F90/><REACH who="2" ten="249,220,238,283" step="2"/><W22/><G43/><AGARI ba="0,1" hai="37,39,43,45,49,79,81,85" m="5131,51273" machi="43" ten="30,1000,0" yaku="20,1" doraHai="86" who="1" fromWho="3" sc="249,0,220,20,238,0,283,-10" /><INIT seed="3,0,0,5,2,126" ten="249,240,238,273" oya="3" hai0="51,21,9,66,120,11,95,45,86,52,125,38,43" hai1="117,97,41,88,103,62,59,8,75,73,98,20,113" hai2="53,90,107,119,33,40,17,89,101,15,25,67,132" hai3="36,127,6,23,30,108,60,37,54,74,18,64,100"/><W48/><G127/><T112/><D120/><U109/><E113/><V16/><F119/><W56/><G74/><T13/><D125/><U39/><E117/><V69/><F132/><W111/><G6/><T81/><D66/><U91/><E109/><N who="3" m="42058" /><G30/><T122/><D122/><U29/><E8/><V27/><F40/><W102/><G37/><T83/><D112/><U76/><E41/><V78/><F78/><W3/><G3/><T5/><D9/><U65/><E39/><V82/><F53/><W63/><G36/><T0/><D0/><U80/><E75/><V61/><F82/><W115/><G115/><T134/><D134/><U121/><E98/><N who="2" m="61879" /><F25/><N who="3" m="14583" /><G63/><T58/><REACH who="0" step="1"/><D21/><REACH who="0" ten="239,240,238,273" step="2"/><U50/><E121/><V71/><F33/><W14/><G14/><T116/><D116/><U128/><E20/><V49/><F15/><W22/><G22/><T135/><D135/><U72/><E73/><V46/><F27/><W124/><G124/><T94/><D94/><U12/><E72/><V130/><F130/><W84/><G84/><T105/><D105/><U131/><E128/><V70/><F17/><W4/><G4/><T106/><D106/><U57/><E131/><V55/><F16/><W32/><G32/><T133/><D133/><U99/><E12/><V85/><F85/><W92/><G92/><T44/><D44/><AGARI ba="0,1" hai="44,48,54,56,60,64,100,102" m="14583,42058" machi="44" ten="30,2900,0" yaku="14,1,10,1" doraHai="126" who="3" fromWho="0" sc="239,-29,240,0,238,0,273,39" owari="210,-29.0,240,4.0,238,-16.2,312,41.2" /></mjloggm>