<mjloggm ver="2.3"><GO type="225" lobby="0"/><UN n0="%63%68%78%62%64" n1="%E6%B8%A1%E5%A4%A9%E8%97%8D" n2="%E4%BF%BA%E3%81%A8%E5%A6%96%E5%A4%A2" n3="%E5%8E%9F%E7%AF%80%E5%AD%90" dan="16,16,17,16" rate="2142.07,2105.58,2233.81,2092.42" sx="M,F,F,F"/><TAIKYOKU oya="0"/><INIT seed="0,0,0,1,2,90" ten="250,250,250,250" oya="0" hai0="77,83,15,37,108,60,43,87,63,94,7,122,64" hai1="127,70,109,115,75,6,49,13,125,17,19,47,96" hai2="113,88,25,117,118,44,67,133,29,33,11,103,2" hai3="74,24,39,26,130,48,65,76,8,18,119,31,50"/><T84/><D122/><U59/><E70/><V107/><F113/><W79/><G119/><N who="2" m="45577" /><F67/><W51/><G39/><T97/><D108/><U61/><E75/><V89/><F133/><W112/><G112/><T45/><D84/><U68/><E109/><V101/><F44/><W41/><G41/><T10/><REACH who="0" step="1"/><D64/><REACH who="0" ten="240,250,250,250" step="2"/><U128/><E115/><V69/><F69/><W1/><G65/><T52/><D52/><U23/><E127/><V91/><F107/><W12/><G74/><T42/><D42/><U98/><E125/><V126/><F126/><W81/><G130/><T35/><D35/><U120/><E120/><V93/><F93/><W56/><G81/><T134/><D134/><U14/><E128/><V95/><F95/><W54/><G54/><T58/><D58/><U104/><E104/><V72/><F72/><W34/><G56/><T62/><D62/><U36/><E61/><V105/><F105/><W123/><G123/><T27/><D27/><U22/><E59/><V121/><F121/><W110/><G110/><T82/><D82/><U99/><E68/><V0/><F33/><W71/><G71/><T57/><D57/><U78/><E47/><V116/><F116/><W66/><G66/><T55/><D55/><U129/><E129/><V9/><F25/><W102/><G24/><T124/><D124/><U3/><E98/><V80/><F80/><W16/><G34/><T106/><D106/><U4/><E99/><V131/><F131/><W28/><G26/><T5/><D5/><U85/><E4/><N who="2" m="1159" /><F29/><W46/><G28/><T114/><D114/><U53/><E6/><AGARI ba="0,1" hai="2,6,11,88,89,91,101,103" m="1159,45577" machi="6" ten="30,3900,0" yaku="6,1,12,1,54,1" doraHai="90" who="2" fromWho="1" sc="240,0,250,-39,250,49,250,0" /><INIT seed="1,0,0,2,3,112" ten="240,211,299,250" oya="1" hai0="30,15,67,119,100,132,28,36,54,63,25,102,12" hai1="87,134,46,31,44,90,106,109,128,85,103,3,35" hai2="58,84,23,57,2,17,26,114,118,117,16,61,1" hai3="40,113,18,93,56,21,120,79,78,6,122,68,124"/><U71/><E3/><V41/><F114/><W110/><G68/><T108/><D108/><U121/><E109/><V55/><F41/><W52/><G110/><T98/><D36/><U9/><E121/><V50/><F1/><W115/><G113/><T5/><D119/><U53/><E71/><V89/><F2/><W22/><G115/><T101/><D132/><U70/><E70/><V73/><F73/><W116/><G124/><T19/><D54/><U135/><E128/><V45/><F17/><W39/><G6/><T33/><D30/><U51/><E44/><V96/><F96/><W130/><G130/><T8/><D15/><U129/><E129/><V86/><F86/><W49/><G93/><T65/><D65/><U72/><E72/><V48/><F48/><W76/><G116/><T125/><D125/><U104/><E9/><V126/><F126/><W32/><G32/><T59/><REACH who="0" step="1"/><D5/><REACH who="0" ten="230,211,299,250" step="2"/><U27/><E85/><V4/><F4/><W74/><G74/><T131/><D131/><U91/><E87/><V133/><F133/><N who="1" m="50697" /><E103/><V0/><F0/><W42/><G39/><T13/><D13/><U77/><E77/><V43/><REACH who="2" step="1"/><F58/><REACH who="2" ten="230,211,289,250" step="2"/><W94/><G56/><T80/><D80/><AGARI ba="0,2" hai="16,23,26,43,45,50,55,57,61,80,84,89,117,118" machi="80" ten="30,12000,2" yaku="1,1,2,1,7,1,52,2,54,1,53,0" doraHai="112" doraHaiUra="111" who="2" fromWho="0" sc="230,-120,211,0,289,140,250,0" /><INIT seed="2,0,0,2,0,120" ten="110,211,429,250" oya="2" hai0="83,52,12,104,117,78,76,108,58,11,54,24,39" hai1="81,85,41,114,60,86,132,124,69,63,8,84,111" hai2="95,133,125,5,55,14,26,4,29,56,80,79,10" hai3="67,101,32,75,40,135,13,53,123,112,6,131,35"/><V7/><F133/><W70/><G123/><T49/><D39/><U91/><E114/><V20/><F125/><W94/><G75/><T38/><D117/><U99/><E124/><V71/><F71/><W45/><G131/><T68/><D38/><U115/><E115/><V73/><REACH who="2" step="1"/><F95/><REACH who="2" ten="110,211,419,250" step="2"/><W42/><G94/><T33/><D68/><U128/><E132/><V89/><F89/><W110/><G70/><T47/><D104/><U106/><E128/><V1/><F1/><W30/><G135/><T22/><D108/><U59/><E111/><V118/><F118/><W119/><G110/><T19/><D33/><U51/><E69/><V72/><F72/><W17/><G32/><T3/><D3/><U77/><E91/><V92/><F92/><W107/><G35/><T15/><D15/><U16/><E106/><V18/><F18/><W34/><G17/><T48/><REACH who="0" step="1"/><D83/><REACH who="0" ten="100,211,419,250" step="2"/><U130/><E81/><V64/><F64/><W102/><G67/><T9/><D9/><U23/><E8/><V100/><F100/><W126/><G107/><T65/><D65/><U105/><E105/><V28/><F28/><AGARI ba="0,2" hai="11,12,19,22,24,28,47,48,49,52,54,58,76,78" machi="28" ten="30,12000,2" yaku="1,1,7,1,8,1,54,1,53,2" doraHai="120" doraHaiUra="44" who="0" fromWho="2" sc="100,140,211,0,419,-120,250,0" /><INIT seed="3,0,0,1,3,73" ten="240,211,299,250" oya="3" hai0="101,45,69,72,96,50,9,14,105,82,30,123,118" hai1="32,65,28,125,97,135,104,17,111,35,19,74,0" hai2="61,37,84,98,100,90,26,128,43,33,133,60,39" hai3="29,116,106,132,76,109,91,66,70,81,4,47,87"/><W3/><G116/><T62/><D118/><U67/><E74/><V21/><F33/><W22/><G132/><T57/><D123/><U115/><E115/><V117/><F117/><W127/><G127/><T64/><D30/><U2/><E104/><V68/><F133/><W102/><G109/><T16/><D69/><U31/><E135/><V113/><F113/><W131/><G131/><T80/><REACH who="0" step="1"/><D72/><REACH who="0" ten="230,211,299,250" step="2"/><U89/><E111/><V85/><F68/><W99/><G70/><T78/><D78/><U53/><E125/><V124/><F124/><W38/><G76/><T1/><D1/><U20/><E0/><V86/><F128/><W15/><G3/><T51/><D51/><U11/><E2/><V121/><F121/><W93/><G29/><T5/><D5/><U55/><E28/><N who="2" m="17487" /><F37/><W56/><G4/><T95/><D95/><U112/><E31/><V79/><F79/><W40/><G93/><T71/><D71/><U25/><E112/><V42/><F39/><W34/><G34/><T126/><D126/><U119/><E35/><V129/><F129/><W44/><G38/><T130/><D130/><U110/><E32/><V18/><F18/><W13/><G13/><T52/><AGARI ba="0,1" hai="9,14,16,45,50,52,57,62,64,80,82,96,101,105" machi="52" ten="20,8000,1" yaku="1,1,0,1,7,1,54,2,53,0" doraHai="73" doraHaiUra="83" who="0" fromWho="0" sc="230,90,211,-20,299,-20,250,-40" owari="320,42.0,191,-30.9,279,7.9,210,-19.0" /></mjloggm>