<mjloggm ver="2.3"><GO type="225" lobby="0"/><UN n0="%E3%81%8B%E3%82%8F%E3%81%A1%E3%82%83%E3%82%93%35%38" n1="%E9%87%8E%E3%80%85%E5%AE%AE%E8%97%8D" n2="%E3%82%B7%E3%83%B3%E5%A4%AA%E6%9C%97" n3="%E5%B8%86%E7%AB%8B%E5%A4%8F%E8%A1%A3" dan="17,16,16,16" rate="2127.77,2129.93,2163.22,2159.03" sx="M,F,M,M"/><TAIKYOKU oya="0"/><INIT seed="0,0,0,4,0,107" ten="250,250,250,250" oya="0" hai0="38,3,97,61,126,134,5,14,84,127,66,42,95" hai1="74,0,41,43,49,36,78,133,83,85,69,40,109" hai2="39,34,108,101,1,15,105,20,130,19,98,10,131" hai3="46,44,63,60,80,88,72,52,135,102,110,82,112"/><T8/><D134/><U28/><E0/><V7/><F39/><W33/><G112/><T125/><D84/><U89/><E69/><V96/><F108/><W48/><G135/><T29/><D29/><U115/><E109/><V24/><REACH who="2" step="1"/><F98/><REACH who="2" ten="250,250,240,250" step="2"/><W45/><G110/><T99/><D99/><U21/><E36/><V132/><F132/><W70/><G102/><T47/><D3/><U123/><E133/><V31/><AGARI ba="0,1" hai="1,7,10,15,19,20,24,31,34,96,101,105,130,131" machi="31" ten="30,8000,1" yaku="1,1,0,1,24,2,53,1" doraHai="107" doraHaiUra="23" who="2" fromWho="2" sc="250,-40,250,-20,240,90,250,-20" /><INIT seed="1,0,0,5,1,35" ten="210,230,330,230" oya="1" hai0="123,13,119,120,126,121,63,4,34,50,117,72,38" hai1="90,61,75,29,20,66,5,69,115,130,25,71,51" hai2="74,78,87,65,1,16,118,58,77,12,76,100,32" hai3="91,54,41,98,128,30,24,70,99,108,53,47,26"/><U60/><E115/><V57/><F118/><N who="0" m="45066" /><D72/><U86/><E75/><V28/><F74/><W94/><G108/><T64/><D34/><U22/><E130/><V44/><F100/><W82/><G128/><T81/><D81/><U73/><E73/><V40/><F1/><W133/><G133/><T17/><D4/><U109/><E109/><V114/><F114/><W107/><G70/><T49/><D126/><U27/><E51/><N who="0" m="19465" /><D13/><U134/><E5/><V124/><F124/><W21/><G82/><T95/><D95/><U8/><E8/><V62/><F28/><W15/><G26/><T59/><D17/><U83/><E134/><V111/><F32/><W112/><G112/><T33/><D33/><U92/><E83/><V113/><F113/><W122/><G15/><T11/><D11/><U9/><E9/><V3/><F3/><W55/><G107/><T88/><D88/><U97/><E86/><V46/><F111/><W43/><G99/><T89/><D89/><U48/><E48/><N who="2" m="26631" /><F46/><W129/><G47/><T93/><D93/><U84/><E84/><V101/><F101/><W23/><G129/><T14/><D14/><U127/><E127/><V79/><F79/><W85/><G98/><T18/><D18/><U132/><E132/><V52/><F87/><W106/><G106/><T6/><D6/><U10/><E10/><N who="2" m="6167" /><F78/><W56/><G23/><N who="1" m="8746" /><E29/><V2/><F2/><W131/><G131/><T68/><D38/><U45/><E45/><V80/><F80/><W105/><G105/><T39/><D39/><U110/><E110/><V116/><F116/><W0/><G0/><RYUUKYOKU ba="0,0" sc="210,10,230,10,330,10,230,-30" hai0="59,63,64,68,120,121,123" hai1="25,27,60,61,66,69,71,90,92,97" hai2="52,57,58,62,65,76,77" /><INIT seed="1,1,0,4,4,7" ten="220,240,340,200" oya="1" hai0="114,21,51,49,134,71,57,130,115,45,19,26,56" hai1="98,126,37,20,73,10,41,109,84,119,40,82,76" hai2="18,85,74,31,48,53,1,29,22,32,108,88,34" hai3="131,6,86,36,60,42,110,24,15,70,50,4,102"/><U135/><E119/><V83/><F1/><W17/><G36/><T68/><D19/><U39/><E126/><V89/><F108/><W91/><G110/><T99/><D99/><U122/><E122/><V96/><F74/><W81/><G131/><T90/><D21/><U9/><E109/><V5/><F5/><W123/><G123/><T94/><D26/><U8/><E135/><V62/><F62/><W124/><G124/><T11/><D94/><U132/><E132/><V95/><F32/><W58/><G70/><T59/><D90/><U105/><E73/><V2/><F2/><W65/><G24/><T92/><D92/><U79/><E79/><V0/><F0/><W30/><G30/><T43/><D11/><U78/><E78/><V61/><F34/><W66/><G66/><T63/><D134/><U25/><E37/><V33/><F33/><W67/><G67/><N who="0" m="41087" /><D71/><U55/><E39/><V54/><F54/><W16/><G102/><T52/><D130/><U116/><E55/><V133/><F133/><W127/><G127/><T35/><D35/><U87/><E87/><V112/><F61/><W27/><G27/><T107/><D107/><U14/><E14/><N who="2" m="9559" /><F112/><AGARI ba="1,0" hai="43,45,49,51,52,56,57,59,112,114,115" m="41087" machi="112" ten="30,3900,0" yaku="34,2,54,1" doraHai="7" who="0" fromWho="2" sc="220,42,240,0,340,-42,200,0" /><INIT seed="2,0,0,0,0,23" ten="262,240,298,200" oya="2" hai0="25,56,31,9,76,45,111,124,122,15,127,58,104" hai1="72,44,42,118,38,96,59,54,46,70,91,32,33" hai2="30,48,35,3,115,117,65,99,132,93,20,43,67" hai3="69,6,85,37,8,55,21,61,89,49,107,11,36"/><V83/><F3/><W101/><G37/><T73/><D122/><U129/><E118/><V2/><F35/><W60/><G36/><T77/><D104/><U79/><E70/><V88/><F2/><W51/><G107/><T110/><D45/><U12/><E46/><N who="2" m="25695" /><F115/><W74/><G101/><T53/><D76/><U103/><E91/><V63/><F117/><W1/><G74/><T126/><D77/><U27/><E129/><V92/><F132/><W66/><G11/><T14/><D73/><U123/><E123/><V22/><F63/><W13/><G60/><N who="0" m="35855" /><D58/><U105/><E12/><N who="0" m="4649" /><D9/><U130/><E130/><V106/><F106/><W125/><G125/><N who="0" m="32003" /><T19/><DORA hai="114" /><D19/><U113/><E113/><V135/><F135/><W26/><G1/><T133/><D133/><U128/><E128/><V98/><F30/><W47/><G51/><T10/><D10/><U134/><E134/><V57/><F57/><W68/><G61/><T97/><D97/><U29/><E72/><V119/><F119/><W40/><G40/><T39/><D39/><U17/><E33/><AGARI ba="0,0" hai="25,31,33,110,111" m="32003,4649,35855" machi="33" ten="40,2600,0" yaku="18,1,52,1" doraHai="23,114" who="0" fromWho="1" sc="262,26,240,-26,298,0,200,0" /><INIT seed="3,0,0,1,3,135" ten="288,214,298,200" oya="3" hai0="45,13,39,78,49,126,100,115,70,31,99,52,36" hai1="107,117,54,17,68,108,63,21,22,58,120,30,62" hai2="110,98,1,113,43,91,38,46,119,19,71,67,121" hai3="10,51,123,134,66,5,40,48,41,97,14,61,94"/><W34/><G134/><T103/><D70/><U127/><E120/><V72/><F110/><W132/><G123/><T85/><D31/><U32/><E107/><V69/><F121/><W59/><G34/><T4/><D126/><U104/><E104/><V118/><F113/><W129/><G129/><T80/><D115/><U106/><E106/><V2/><F19/><W28/><G28/><T101/><REACH who="0" step="1"/><D99/><REACH who="0" ten="278,214,298,200" step="2"/><U18/><E68/><V35/><F71/><W124/><G124/><T95/><D95/><U3/><E127/><V122/><F122/><W25/><G132/><T93/><D93/><U105/><E105/><V82/><F69/><W79/><G79/><T23/><D23/><U92/><E92/><V133/><F133/><W114/><G114/><T109/><D109/><U11/><E108/><V130/><F35/><W89/><REACH who="3" step="1"/><G25/><REACH who="3" ten="278,214,298,190" step="2"/><T111/><D111/><U112/><E112/><V64/><F119/><W26/><G26/><T73/><D73/><U86/><E117/><V56/><F118/><W47/><G47/><T33/><D33/><U77/><E32/><V90/><F46/><W55/><G55/><T96/><D96/><U60/><E30/><V125/><F98/><W74/><G74/><T57/><D57/><U9/><E54/><V128/><F56/><W50/><AGARI ba="0,2" hai="5,10,14,40,41,48,50,51,59,61,66,89,94,97" machi="50" ten="30,6000,0" yaku="1,1,0,1,8,1,53,0" doraHai="135" doraHaiUra="29" who="3" fromWho="3" sc="278,-20,214,-20,298,-20,190,80" /><INIT seed="3,1,0,2,0,64" ten="258,194,278,270" oya="3" hai0="24,81,33,90,5,34,105,11,79,98,118,124,52" hai1="51,4,103,54,71,29,23,53,25,63,82,39,37" hai2="96,60,113,27,46,89,119,132,20,102,111,121,123" hai3="56,76,13,75,62,94,66,31,48,36,127,95,107"/><W72/><G107/><T104/><D118/><U61/><E4/><V135/><F119/><W19/><G36/><T12/><D124/><U99/><E82/><V17/><F113/><W77/><G127/><T43/><D43/><U1/><E1/><V14/><F111/><W109/><G109/><T120/><D120/><N who="2" m="46154" /><F89/><W35/><G35/><T18/><D33/><U10/><E10/><N who="2" m="6359" /><F46/><W125/><G125/><T38/><D38/><U40/><E40/><V87/><F87/><W108/><G108/><T49/><D90/><U41/><E41/><V70/><F20/><W88/><G75/><T92/><D34/><U16/><E29/><V114/><F27/><W50/><G31/><T42/><D42/><U30/><E30/><V126/><F114/><W91/><G72/><T129/><D24/><U117/><E117/><V115/><F115/><W57/><G77/><T80/><D80/><U0/><E0/><V44/><F44/><W130/><G76/><T131/><D81/><U28/><E28/><V22/><F22/><N who="3" m="11631" /><G57/><N who="0" m="32911" /><D79/><U133/><E133/><V32/><F32/><W134/><G134/><T122/><D122/><U73/><E73/><V45/><F45/><W2/><G2/><N who="0" m="439" /><D104/><N who="1" m="63615" /><E71/><V78/><F78/><W112/><G112/><T9/><D105/><U86/><E37/><V47/><F126/><W85/><G130/><T7/><D7/><U106/><E39/><V15/><F132/><W58/><G58/><T97/><D97/><AGARI ba="1,0" hai="48,50,56,62,66,85,88,91,94,95,97" m="11631" machi="97" ten="30,2900,0" yaku="8,1,54,1" doraHai="64" who="3" fromWho="0" sc="258,-32,194,0,278,0,270,32" owari="226,-17.4,194,-30.6,278,7.8,302,40.2" /></mjloggm>