<mjloggm ver="2.3"><GO type="225" lobby="0"/><UN n0="%48%61%61%61%6C%61%6E%64" n1="%72%69%6F%75%63%68%61%6E" n2="%E3%81%B5%E3%81%98%E3%81%8B%E3%81%A4" n3="%E3%81%BF%E3%81%BF%E3%81%9A" dan="18,16,16,17" rate="2262.85,2139.86,2169.46,2259.09" sx="M,M,M,M"/><TAIKYOKU oya="0"/><INIT seed="0,0,0,4,2,89" ten="250,250,250,250" oya="0" hai0="106,133,51,0,35,46,126,58,100,36,4,115,98" hai1="34,24,23,64,63,1,102,134,10,48,8,74,96" hai2="31,2,20,72,65,22,113,116,73,103,127,125,88" hai3="53,3,5,121,118,30,107,97,38,120,11,56,47"/><T82/><D115/><U70/><E134/><V101/><F113/><W87/><G118/><T52/><D133/><U9/><E74/><N who="2" m="28779" /><F65/><W69/><G69/><T94/><D35/><U59/><E10/><V67/><F67/><W25/><G87/><T62/><D126/><N who="2" m="48138" /><F2/><W39/><G56/><T26/><D26/><U28/><E1/><V75/><N who="2" m="28787" /><V111/><DORA hai="50" /><F111/><W130/><G130/><T60/><D82/><U119/><E119/><V114/><F114/><W19/><G19/><T21/><D21/><N who="2" m="8298" /><F31/><W129/><G30/><T123/><D123/><U13/><E23/><V61/><F61/><W108/><G3/><T6/><D106/><N who="1" m="63815" /><E13/><V45/><F45/><W95/><G47/><T41/><REACH who="0" step="1"/><D0/><REACH who="0" ten="240,250,250,250" step="2"/><U110/><E110/><V104/><F104/><W40/><G107/><T122/><D122/><U81/><E81/><V55/><F116/><W54/><G120/><T132/><D132/><U112/><E112/><V90/><F55/><AGARI ba="0,1" hai="8,9,24,28,34,48,55,59,63,64,70" m="63815" machi="55" ten="30,2000,0" yaku="25,1,52,1" doraHai="89,50" who="1" fromWho="2" sc="240,0,250,30,250,-20,250,0" /><INIT seed="1,0,0,2,0,46" ten="240,280,230,250" oya="1" hai0="86,8,44,1,98,11,115,19,40,4,36,22,45" hai1="34,35,126,108,3,119,70,84,134,102,92,77,27" hai2="20,64,95,85,66,65,107,80,111,75,100,81,15" hai3="82,123,96,120,10,94,83,17,62,73,21,41,135"/><U50/><E119/><V101/><F111/><W30/><G135/><T97/><D115/><U104/><E134/><V7/><F107/><W5/><G30/><T18/><D45/><U69/><E3/><V55/><F75/><W59/><G41/><T114/><D114/><U67/><E108/><V12/><F55/><N who="3" m="34175" /><G73/><T68/><D68/><U53/><E126/><V37/><F37/><W78/><G78/><T49/><D36/><U129/><E129/><V79/><F81/><W52/><G123/><T28/><D86/><U63/><E70/><V29/><F29/><W133/><G133/><T87/><D87/><U42/><E42/><V57/><F57/><W109/><G109/><T47/><D47/><U6/><E104/><V16/><REACH who="2" step="1"/><F95/><REACH who="2" ten="240,280,220,250" step="2"/><W127/><G52/><T0/><D28/><U117/><E92/><V71/><F71/><W91/><G127/><T74/><D74/><U43/><E43/><V132/><F132/><W26/><G120/><T106/><D106/><U24/><E69/><V14/><F14/><AGARI ba="0,1" hai="5,10,14,17,21,26,82,83,91,94,96" m="34175" machi="14" ten="30,2000,0" yaku="25,1,8,1" doraHai="46" who="3" fromWho="2" sc="240,0,280,0,220,-20,250,30" /><INIT seed="2,0,0,2,5,107" ten="240,280,200,280" oya="2" hai0="66,12,21,115,3,104,56,101,131,58,79,28,119" hai1="10,27,125,133,84,45,121,55,106,5,134,22,122" hai2="77,103,118,81,51,25,32,87,6,34,108,68,111" hai3="100,135,13,102,98,129,91,52,43,76,127,38,113"/><V65/><F118/><W46/><G127/><T86/><D3/><N who="1" m="319" /><E106/><V71/><F103/><W50/><G129/><T69/><D115/><U59/><E45/><V35/><F6/><W92/><G135/><N who="1" m="51722" /><E84/><V72/><F51/><W120/><G120/><T14/><D131/><U128/><E125/><V132/><F132/><W97/><G113/><T44/><D119/><U62/><E128/><V33/><F87/><W117/><G117/><T11/><D44/><U42/><E42/><V90/><F90/><W17/><G76/><T47/><D47/><U110/><E110/><N who="2" m="42027" /><F65/><W73/><G73/><T31/><D86/><U26/><E26/><V94/><F94/><N who="3" m="56543" /><G38/><T2/><D66/><U80/><E80/><V116/><F116/><W99/><G43/><T89/><D89/><U67/><E67/><V36/><F36/><W19/><G13/><T109/><D109/><U1/><E1/><V123/><F123/><W70/><G70/><N who="2" m="26665" /><F34/><W64/><G64/><T48/><D69/><U7/><E7/><V41/><F41/><W114/><G114/><T57/><D2/><U74/><E74/><V18/><F18/><AGARI ba="0,0" hai="18,22,27,55,59,62,121,122" m="51722,319" machi="18" ten="30,1000,0" yaku="20,1" doraHai="107" who="1" fromWho="2" sc="240,0,280,10,200,-10,280,0" /><INIT seed="3,0,0,5,4,42" ten="240,290,190,280" oya="3" hai0="56,77,62,21,87,130,79,40,65,129,36,105,39" hai1="48,22,124,34,5,91,107,115,116,64,30,57,68" hai2="60,134,27,80,123,18,2,32,74,72,132,93,83" hai3="106,9,13,41,33,120,76,7,108,4,63,73,43"/><W89/><G120/><T86/><D105/><U104/><E115/><V121/><F2/><W100/><G33/><T127/><D127/><U55/><E34/><V14/><F32/><W12/><G73/><N who="2" m="28265" /><F60/><W84/><G76/><N who="0" m="29259" /><D21/><U133/><E124/><V59/><F27/><W99/><G108/><T94/><D94/><U122/><E122/><N who="2" m="46603" /><F59/><W28/><G28/><T85/><D40/><U97/><E5/><V47/><F47/><W24/><G24/><T3/><D3/><U118/><E133/><N who="2" m="51307" /><F14/><W71/><G71/><T103/><D56/><U69/><E30/><V58/><F18/><W50/><G63/><T92/><D62/><N who="1" m="39959" /><E69/><V101/><F58/><W15/><G50/><T49/><D49/><U35/><E35/><V54/><F54/><W98/><G98/><AGARI ba="0,0" hai="80,83,93,98,101" m="51307,46603,28265" machi="98" ten="40,8000,1" yaku="13,1,20,1,34,2" doraHai="42" who="2" fromWho="3" sc="240,0,290,0,190,80,280,-80" /><INIT seed="4,0,0,4,4,10" ten="240,290,270,200" oya="0" hai0="79,89,59,102,44,13,125,72,54,107,97,88,55" hai1="32,23,48,41,69,86,77,35,122,29,68,81,93" hai2="12,94,28,87,52,18,11,92,74,85,64,56,132" hai3="63,40,30,60,123,101,1,121,37,90,96,104,134"/><T33/><D33/><U95/><E122/><N who="3" m="46602" /><G1/><T75/><D125/><U36/><E36/><V7/><F132/><W9/><G134/><T49/><D13/><U39/><E39/><V130/><F130/><W127/><G127/><T103/><D103/><U62/><E32/><V128/><F128/><W129/><G129/><T99/><D79/><U47/><E35/><V118/><F74/><W73/><G73/><T126/><D126/><U66/><REACH who="1" step="1"/><E68/><REACH who="1" ten="240,280,270,200" step="2"/><V105/><F118/><W115/><G115/><T27/><D72/><U98/><E98/><V71/><F71/><W83/><G30/><T91/><D75/><U38/><E38/><V0/><F28/><W116/><G116/><T80/><D99/><U22/><E22/><V4/><F87/><N who="3" m="50559" /><G9/><T133/><D133/><U117/><E117/><V19/><F85/><W58/><G58/><T50/><REACH who="0" step="1"/><D27/><AGARI ba="0,1" hai="23,27,29,41,47,48,62,66,69,77,81,86,93,95" machi="27" ten="40,2600,0" yaku="1,1,53,1" doraHai="10" doraHaiUra="67" who="1" fromWho="0" sc="240,-26,280,36,270,0,200,0" owari="214,-18.6,316,41.6,270,7.0,200,-30.0" /></mjloggm>