<mjloggm ver="2.3"><GO type="225" lobby="0"/><UN n0="%E3%83%97%E3%83%AC%E3%83%B4%E3%82%A1%E3%83%86%E3%82%A3" n1="%E5%8F%AF%E5%85%90%E9%82%A3%E7%94%B1%E5%A4%9A" n2="%E3%81%AF%E3%81%BE%E3%81%A1%E3%83%AA%E3%83%BC%E3%82%B0" n3="%E9%9D%92%E3%82%A2%E3%83%8A%E3%82%B0%E3%83%A9%E3%83%A0%E6%B2%96" dan="16,16,16,17" rate="2116.07,2222.50,2059.66,2110.75" sx="F,F,M,F"/><TAIKYOKU oya="0"/><INIT seed="0,0,0,2,0,73" ten="250,250,250,250" oya="0" hai0="99,135,24,9,45,14,18,97,129,81,48,115,102" hai1="22,125,38,50,77,34,95,108,94,64,33,89,69" hai2="60,90,79,107,91,59,57,82,44,65,132,27,3" hai3="13,105,25,58,131,19,53,30,15,116,110,103,134"/><T43/><D115/><U12/><E38/><V21/><F3/><W36/><G116/><T20/><D129/><U6/><E108/><V101/><F132/><W93/><G110/><T127/><D135/><U41/><E125/><V85/><F44/><W70/><G36/><T32/><D127/><U84/><E69/><V47/><F47/><W39/><G39/><T78/><D32/><U128/><E128/><V113/><F113/><W17/><G70/><T86/><REACH who="0" step="1"/><D102/><REACH who="0" ten="240,250,250,250" step="2"/><U106/><E33/><V37/><F101/><W8/><G103/><T5/><AGARI ba="0,1" hai="5,9,14,18,20,24,43,45,48,78,81,86,97,99" machi="5" ten="20,24000,3" yaku="1,1,2,1,0,1,7,1,25,2,8,1,52,1,53,0" doraHai="73" doraHaiUra="29" who="0" fromWho="0" sc="240,250,250,-80,250,-80,250,-80" /><INIT seed="0,1,0,2,3,73" ten="490,170,170,170" oya="0" hai0="87,135,118,35,95,33,25,45,131,96,110,116,41" hai1="58,67,82,55,18,98,9,28,78,104,85,124,32" hai2="129,121,97,36,126,31,120,2,127,89,128,103,4" hai3="50,56,76,20,134,122,11,105,26,53,112,114,13"/><T3/><D3/><U46/><E124/><N who="2" m="47659" /><F36/><W62/><G105/><T107/><D131/><N who="2" m="50250" /><F31/><W68/><G134/><T71/><D135/><U86/><E67/><V23/><F23/><W72/><G122/><N who="2" m="47209" /><F4/><W47/><G68/><T106/><D71/><U52/><E28/><V6/><F6/><W99/><G99/><T65/><D65/><U132/><E132/><V60/><F60/><W59/><G59/><T24/><D96/><U90/><E32/><V40/><F40/><W83/><G20/><T80/><D41/><U48/><E98/><V66/><F66/><W91/><G26/><T133/><D133/><U49/><E104/><N who="2" m="63599" /><F89/><W115/><G91/><T8/><D8/><U1/><E1/><AGARI ba="1,0" hai="1,2" m="63599,47209,50250,47659" machi="1" ten="40,5200,0" yaku="18,1,19,1,23,1" doraHai="73" who="2" fromWho="1" sc="490,0,170,-55,170,55,170,0" /><INIT seed="1,0,0,1,0,93" ten="490,115,225,170" oya="1" hai0="90,131,35,10,71,125,28,41,63,104,106,49,111" hai1="132,134,31,97,51,114,74,78,85,39,3,80,24" hai2="68,98,83,27,13,129,26,58,95,62,79,11,81" hai3="5,75,108,121,60,109,7,102,105,64,50,128,84"/><U21/><E114/><V54/><F129/><W53/><G75/><T133/><D131/><U43/><E39/><V116/><F116/><W55/><G121/><T96/><D111/><N who="3" m="42569" /><G128/><T89/><D125/><U2/><E74/><V15/><F68/><N who="3" m="41991" /><G84/><T82/><D10/><U130/><E130/><V99/><F79/><W8/><G50/><T113/><D113/><U34/><E34/><V16/><F15/><N who="3" m="5519" /><G7/><T19/><D133/><N who="1" m="51307" /><E97/><AGARI ba="0,0" hai="53,55,97,102,105" m="5519,41991,42569" machi="97" ten="30,2000,0" yaku="14,1,52,1" doraHai="93" who="3" fromWho="1" sc="490,0,115,-20,225,0,170,20" /><INIT seed="2,0,0,0,0,119" ten="490,95,225,190" oya="2" hai0="95,75,42,115,131,114,89,52,10,2,54,116,92" hai1="1,129,32,72,36,58,43,6,105,55,102,48,120" hai2="111,82,39,11,47,125,104,97,13,21,60,61,3" hai3="50,68,122,24,56,96,64,53,81,118,83,57,35"/><V45/><F125/><W91/><G122/><T0/><D75/><U106/><E32/><V16/><F111/><W67/><G68/><T86/><D42/><U121/><E129/><V79/><F104/><W70/><G70/><T27/><D131/><U93/><E72/><N who="2" m="43367" /><F47/><W31/><G118/><T66/><D66/><N who="3" m="25129" /><G35/><T8/><D116/><U7/><E43/><N who="2" m="22783" /><F97/><W37/><G37/><T44/><D44/><U80/><E36/><V84/><F84/><W18/><G31/><T62/><D27/><U90/><E80/><V76/><F76/><W29/><G29/><T98/><D98/><N who="1" m="57655" /><E102/><V30/><F30/><W101/><G101/><T85/><D89/><U112/><E112/><V19/><F19/><W12/><G24/><T107/><D62/><U113/><E113/><V135/><F135/><W14/><G14/><T78/><D78/><U9/><E7/><AGARI ba="0,0" hai="3,7,11,13,16,21,60,61" m="22783,43367" machi="7" ten="30,2900,0" yaku="25,1,54,1" doraHai="119" who="2" fromWho="1" sc="490,0,95,-29,225,29,190,0" /><INIT seed="2,1,0,0,1,113" ten="490,66,254,190" oya="2" hai0="18,97,12,60,81,33,17,35,128,86,101,99,78" hai1="31,42,43,82,73,110,24,135,70,105,132,58,134" hai2="116,2,6,22,44,77,54,122,131,88,98,13,27" hai3="51,133,112,38,104,34,90,125,28,56,115,65,46"/><V14/><F122/><W11/><G104/><T39/><D39/><U32/><E110/><V9/><F77/><W50/><G34/><T92/><D128/><U106/><E58/><V118/><F131/><W63/><G28/><T129/><D129/><U80/><E43/><V109/><F109/><W15/><G133/><T21/><D60/><U49/><E49/><V102/><F44/><W72/><G72/><T55/><D55/><U124/><E124/><V25/><F54/><W8/><G8/><T45/><D45/><U123/><E123/><V30/><F88/><W5/><G125/><T48/><D48/><U7/><E42/><V127/><F127/><W66/><G66/><T3/><D3/><U111/><E111/><V91/><F91/><W95/><G38/><T19/><D33/><U83/><E73/><V29/><F98/><N who="3" m="57719" /><G46/><T87/><D35/><U117/><E117/><N who="2" m="45163" /><F102/><W26/><G26/><T126/><D126/><U62/><REACH who="1" step="1"/><E7/><REACH who="1" ten="490,56,254,190" step="2"/><V1/><F1/><W89/><G51/><T64/><D64/><U37/><E37/><V41/><F41/><W61/><G50/><T85/><D99/><U57/><E57/><V100/><F100/><W84/><G61/><T53/><D53/><U121/><E121/><V76/><F76/><W40/><G40/><T69/><D69/><U16/><E16/><AGARI ba="1,1" hai="12,16,17,18,19,21,78,81,85,86,87,92,97,101" machi="16" ten="40,2600,0" yaku="8,1,54,1" doraHai="113" who="0" fromWho="1" sc="490,39,56,-29,254,0,190,0" /><INIT seed="3,0,0,2,4,134" ten="529,27,254,190" oya="3" hai0="47,2,71,130,98,126,84,78,82,45,3,77,97" hai1="101,60,7,28,62,68,92,74,121,42,5,85,128" hai2="106,34,114,23,95,67,38,21,124,0,6,75,122" hai3="123,9,131,58,24,87,56,93,37,118,48,66,35"/><W27/><G118/><T26/><D71/><U10/><E121/><V43/><F95/><W112/><G123/><T127/><D26/><U53/><E128/><V103/><F23/><W29/><G131/><T1/><D130/><U76/><E42/><V115/><F21/><W40/><G112/><T54/><D54/><U129/><E129/><V88/><F88/><N who="3" m="53407" /><G35/><T79/><D84/><U113/><E113/><V4/><F34/><W120/><G37/><T50/><D82/><U18/><E28/><V49/><F38/><W99/><G66/><T46/><D50/><U61/><E68/><V94/><F67/><W119/><G119/><T11/><D11/><U80/><E74/><V19/><F122/><W39/><G39/><T111/><REACH who="0" step="1"/><D111/><REACH who="0" ten="519,27,254,190" step="2"/><U22/><E53/><V25/><F115/><W57/><G120/><T90/><D90/><U91/><E10/><V109/><F114/><W30/><G99/><AGARI ba="0,1" hai="1,2,3,45,46,47,77,78,79,97,98,99,126,127" machi="99" ten="50,16000,3" yaku="1,1,29,2,28,2,52,2,53,3" doraHai="134" doraHaiUra="73" who="0" fromWho="3" sc="519,170,27,0,254,0,190,-160" owari="689,78.9,27,-47.3,254,5.4,30,-37.0" /></mjloggm>