<mjloggm ver="2.3"><GO type="225" lobby="0"/><UN n0="%E3%83%A1%E3%82%AC%E3%83%87%E3%82%B8" n1="%E5%B8%86%E7%AB%8B%E5%A4%8F%E8%A1%A3" n2="%E3%81%95%E3%81%8D%E3%81%9F%E3%81%BE%E6%9E%97%E6%AA%8E" n3="%E9%B3%B3%E6%9D%B1%E3%81%AE%E3%81%86%E3%81%95%E3%81%8E%E3%81%95%E3%82%93" dan="16,17,16,16" rate="2116.12,2181.43,2165.80,2151.30" sx="F,M,M,M"/><TAIKYOKU oya="0"/><INIT seed="0,0,0,3,5,76" ten="250,250,250,250" oya="0" hai0="50,57,27,35,117,59,46,114,63,78,45,29,110" hai1="44,87,21,135,133,31,22,128,37,107,40,23,108" hai2="131,26,9,56,4,55,36,79,96,99,64,66,109" hai3="48,34,105,134,17,115,113,51,52,24,47,65,126"/><T84/><D114/><U103/><E108/><V97/><F109/><W39/><G105/><T88/><D117/><U111/><E111/><V0/><F131/><W10/><G39/><T98/><D78/><U61/><E128/><V71/><F36/><W124/><G134/><N who="1" m="51210" /><E87/><V18/><F71/><W104/><G104/><T132/><D132/><U93/><E107/><V120/><F120/><W106/><G106/><T102/><D102/><U68/><E31/><V3/><F3/><W20/><G34/><T91/><D91/><U116/><E116/><V58/><F79/><W16/><G65/><T82/><D98/><N who="1" m="59855" /><E23/><V89/><F89/><W85/><G48/><T129/><D129/><U90/><E90/><V67/><F55/><W119/><G85/><T122/><D122/><U32/><E32/><V53/><F53/><W72/><G72/><T100/><D100/><U92/><E92/><V83/><F83/><W14/><REACH who="3" step="1"/><G119/><REACH who="3" ten="250,250,250,240" step="2"/><T8/><D110/><U13/><E13/><V19/><F26/><W101/><G101/><T118/><D118/><U15/><E15/><V33/><F33/><W42/><G42/><T30/><D27/><U121/><E121/><V43/><F43/><W38/><G38/><T2/><D35/><U77/><E40/><V6/><F0/><W1/><G1/><T28/><D50/><U81/><E37/><V7/><F9/><W95/><G95/><T60/><D60/><U70/><E61/><V94/><F94/><W5/><G5/><N who="0" m="1079" /><D63/><U54/><E70/><V123/><F123/><W11/><G11/><T112/><D112/><AGARI ba="0,1" hai="10,14,16,17,20,24,47,51,52,112,113,115,124,126" machi="112" ten="40,8000,1" yaku="1,1,54,2,53,1" doraHai="76" doraHaiUra="41" who="3" fromWho="0" sc="250,-80,250,0,250,0,240,90" /><INIT seed="1,0,0,3,0,6" ten="170,250,250,330" oya="1" hai0="83,30,26,78,27,101,121,118,89,104,88,24,71" hai1="96,105,97,128,131,112,16,93,79,36,2,57,60" hai2="81,91,32,20,84,92,113,54,18,69,103,76,59" hai3="41,53,74,29,127,63,33,13,73,126,37,119,123"/><U125/><E36/><V17/><F113/><W87/><G123/><T51/><D118/><U65/><E112/><V99/><F69/><W9/><G119/><T25/><D71/><U45/><E125/><N who="3" m="47626" /><G87/><T80/><D121/><U64/><E2/><V117/><F117/><W122/><G122/><T133/><D133/><U98/><E79/><V46/><F32/><W31/><G63/><T52/><D101/><U67/><E45/><V11/><F46/><N who="3" m="23855" /><G53/><T10/><D10/><U106/><E93/><V85/><F11/><W22/><G22/><N who="0" m="15639" /><D104/><U70/><E106/><V0/><F20/><W23/><G23/><T107/><D107/><U94/><E105/><V50/><REACH who="2" step="1"/><F0/><REACH who="2" ten="170,250,240,330" step="2"/><W135/><G33/><T56/><D78/><U40/><E70/><V21/><F21/><W120/><G120/><T12/><D12/><U58/><E128/><V134/><F134/><W19/><G135/><T68/><D68/><U5/><E131/><V108/><F108/><W28/><AGARI ba="0,1" hai="9,13,19,28,29,31,73,74" m="23855,47626" machi="28" ten="30,2000,0" yaku="18,1,52,1" doraHai="6" who="3" fromWho="3" sc="170,-5,250,-10,240,-5,330,30" /><INIT seed="2,0,0,2,0,25" ten="165,240,235,360" oya="2" hai0="2,113,47,115,33,7,117,37,78,125,1,87,12" hai1="44,31,57,42,105,30,5,93,46,118,9,97,6" hai2="24,23,11,67,65,83,96,127,106,38,66,86,109" hai3="28,80,60,27,19,36,101,0,56,124,70,89,22"/><V131/><F38/><W17/><G70/><T35/><D87/><U71/><E105/><V79/><F127/><W58/><G0/><N who="0" m="107" /><D78/><U110/><E110/><V48/><F131/><W107/><G36/><T54/><D54/><U77/><E118/><V59/><F109/><W111/><G111/><T84/><D84/><U112/><E112/><N who="0" m="43081" /><D47/><N who="1" m="17963" /><E71/><V134/><F11/><W104/><G58/><T75/><D75/><U116/><E9/><V100/><F134/><W123/><G123/><T95/><D95/><U91/><E116/><V61/><REACH who="2" step="1"/><F48/><REACH who="2" ten="165,240,225,360" step="2"/><W128/><G124/><T68/><D37/><U34/><E5/><V40/><F40/><W76/><G128/><T32/><D125/><U122/><E6/><V81/><F81/><W126/><G126/><T4/><D117/><U16/><E42/><V45/><F45/><W50/><G50/><T120/><D120/><U21/><E122/><V39/><F39/><W3/><G80/><T52/><D4/><U10/><E10/><V132/><F132/><W64/><G3/><T72/><D7/><U49/><E49/><V14/><F14/><W73/><G107/><T55/><D12/><U133/><E133/><V99/><F99/><W13/><G13/><T92/><D92/><U53/><E97/><V51/><F51/><W69/><G104/><T43/><D43/><U29/><E93/><V74/><F74/><W63/><G73/><T26/><D72/><U121/><E121/><V102/><F102/><W135/><G101/><T15/><D15/><U103/><E103/><V41/><F41/><W18/><G135/><T114/><D114/><RYUUKYOKU ba="0,1" sc="165,-10,240,-10,225,30,360,-10" hai2="23,24,59,61,65,66,67,79,83,86,96,100,106" /><INIT seed="2,1,1,0,5,76" ten="155,230,255,350" oya="2" hai0="42,113,109,133,83,58,61,101,90,72,2,73,82" hai1="44,96,47,79,39,81,6,84,86,9,26,111,40" hai2="0,106,124,38,25,33,105,102,3,126,59,62,64" hai3="104,41,31,118,12,78,7,74,60,51,110,125,11"/><V36/><F102/><W71/><G118/><T43/><D113/><U67/><E111/><V54/><F54/><W55/><G104/><N who="2" m="40041" /><F25/><W23/><G110/><T85/><D2/><N who="2" m="554" /><F33/><W100/><G125/><AGARI ba="1,1" hai="36,38,59,62,64,124,125,126" m="554,40041" machi="125" ten="40,2000,0" yaku="18,1" doraHai="76" who="2" fromWho="3" sc="155,0,230,0,255,33,350,-23" /><INIT seed="2,2,0,4,1,107" ten="155,230,288,327" oya="2" hai0="63,104,57,117,80,36,32,131,67,113,27,118,31" hai1="26,128,135,70,97,9,20,82,56,66,53,100,78" hai2="94,91,45,81,90,55,75,133,116,14,95,106,130" hai3="121,23,60,16,40,61,110,115,73,86,101,38,15"/><V46/><F116/><W28/><G121/><T48/><D113/><U65/><E135/><V64/><F64/><W84/><G115/><T1/><D1/><U123/><E128/><V108/><F106/><W18/><G73/><T59/><D131/><U134/><E123/><V72/><F130/><W96/><G110/><T12/><D36/><U85/><E70/><V21/><F21/><N who="3" m="11423" /><G38/><T11/><D104/><U8/><E134/><V129/><F129/><W41/><G28/><T102/><D102/><U24/><E24/><V77/><F133/><W99/><G60/><T51/><D80/><U43/><E43/><N who="3" m="16458" /><G61/><T54/><REACH who="0" step="1"/><D51/><REACH who="0" ten="145,230,288,327" step="2"/><N who="1" m="30783" /><E66/><V79/><F81/><W132/><G132/><T22/><D22/><U62/><E65/><V44/><F108/><W6/><G101/><T37/><D37/><U47/><E62/><V35/><F35/><W74/><G23/><T10/><D10/><U126/><E8/><V83/><F83/><W39/><G39/><T105/><D105/><U92/><E9/><V30/><F95/><W109/><G109/><T2/><D2/><U50/><E20/><V5/><F94/><W88/><G6/><AGARI ba="2,1" hai="6,11,12,27,31,32,48,54,57,59,63,67,117,118" machi="6" ten="40,5200,0" yaku="1,1,53,2" doraHai="107" doraHaiUra="52" who="0" fromWho="3" sc="145,68,230,0,288,0,327,-58" /><INIT seed="3,0,0,3,0,15" ten="213,230,288,269" oya="3" hai0="46,120,55,41,1,64,14,67,2,123,32,121,51" hai1="122,112,23,9,102,84,77,105,87,78,31,39,28" hai2="118,30,21,126,47,53,79,44,24,69,109,93,50" hai3="22,119,65,104,135,18,82,61,45,0,128,98,85"/><W75/><G119/><T117/><D117/><U36/><E112/><V111/><F118/><W95/><G0/><T110/><D32/><U73/><E122/><V26/><F69/><W100/><G128/><T38/><D110/><N who="2" m="41994" /><F126/><W94/><G135/><T40/><D2/><U130/><E9/><V11/><F11/><W133/><G75/><T42/><D1/><U5/><E5/><V129/><F129/><W92/><G45/><T134/><D134/><U7/><E7/><V76/><F93/><W8/><G8/><T81/><D81/><U114/><E23/><N who="2" m="15647" /><F47/><W37/><G37/><T16/><REACH who="0" step="1"/><D38/><REACH who="0" ten="203,230,288,269" step="2"/><U103/><E130/><V107/><F107/><W71/><G133/><T63/><D63/><U86/><E105/><V20/><F20/><AGARI ba="0,1" hai="14,16,20,40,41,42,46,51,55,64,67,120,121,123" machi="20" ten="50,6400,0" yaku="1,1,52,1,54,1,53,0" doraHai="15" doraHaiUra="56" who="0" fromWho="2" sc="203,74,230,0,288,-64,269,0" /><INIT seed="4,0,0,3,0,79" ten="277,230,224,269" oya="0" hai0="78,8,40,9,34,11,6,32,108,102,55,90,10" hai1="39,121,19,95,7,100,64,134,4,86,3,117,24" hai2="20,99,66,48,98,111,46,29,130,31,21,88,26" hai3="96,41,119,74,124,109,60,35,45,85,84,50,77"/><T33/><D108/><U56/><E117/><V13/><F111/><W42/><G109/><T76/><D102/><U92/><E39/><V82/><F130/><W16/><G119/><T1/><D40/><U131/><E121/><V118/><F118/><W69/><G35/><T103/><D103/><U0/><E134/><V132/><F132/><W44/><G124/><T23/><D23/><N who="1" m="13439" /><E3/><V72/><F72/><W67/><G96/><T2/><D2/><U106/><E106/><V17/><F66/><W83/><REACH who="3" step="1"/><G16/><REACH who="3" ten="277,230,224,259" step="2"/><T25/><D25/><U15/><E131/><V89/><F31/><W68/><G68/><T112/><D33/><U38/><E100/><V52/><F89/><W18/><G18/><T27/><D34/><U127/><E127/><V75/><F75/><W135/><G135/><T116/><D116/><U107/><E107/><V122/><F122/><W62/><G62/><T87/><D27/><U70/><E70/><V63/><F63/><W51/><AGARI ba="0,1" hai="41,42,44,45,50,51,60,67,69,74,77,83,84,85" machi="51" ten="20,12000,2" yaku="1,1,0,1,7,1,9,1,52,1,53,2" doraHai="79" doraHaiUra="37" who="3" fromWho="3" sc="277,-60,230,-30,224,-30,259,130" owari="217,1.7,200,-20.0,194,-30.6,389,48.9" /></mjloggm>