<mjloggm ver="2.3"><GO type="225" lobby="0"/><UN n0="%63%68%78%62%64" n1="%6E%69%63%6F%6E%74%6F" n2="%E3%81%A8%E3%82%93%E3%81%A8%E3%81%93%E3%81%A8%E3%82%93" n3="%73%6C%69%63%6B%33%31%39" dan="16,17,16,16" rate="2143.65,2123.50,2160.67,2092.94" sx="M,M,F,M"/><TAIKYOKU oya="0"/><INIT seed="0,0,0,5,0,130" ten="250,250,250,250" oya="0" hai0="36,26,74,34,107,52,71,12,20,103,30,31,66" hai1="23,17,75,104,6,1,4,46,11,93,125,13,14" hai2="0,102,58,109,24,62,41,117,16,95,28,51,70" hai3="124,133,45,123,89,113,7,91,32,47,78,61,106"/><T101/><D36/><U37/><E104/><V49/><F70/><W63/><G113/><T134/><D74/><U64/><E64/><V92/><F0/><W118/><G118/><T98/><D134/><U120/><E120/><V99/><F109/><W97/><G32/><T121/><D121/><U116/><E116/><V69/><F69/><W10/><G123/><T2/><D2/><U5/><E93/><V65/><F117/><W21/><G78/><T15/><D103/><U108/><E108/><V8/><F41/><W55/><G124/><T29/><D52/><U87/><E87/><V110/><F110/><W77/><G77/><T94/><D94/><U128/><E46/><V38/><F38/><W111/><G21/><T100/><D100/><U3/><E128/><V39/><F39/><W84/><G133/><T79/><D79/><U44/><E44/><N who="3" m="16970" /><G55/><T76/><D76/><U132/><E75/><V60/><F60/><N who="3" m="23115" /><G84/><T96/><D96/><U68/><E68/><V67/><F65/><W129/><G129/><T115/><D115/><U72/><E72/><V43/><F43/><W50/><G50/><T18/><D12/><N who="1" m="9639" /><E37/><V48/><F92/><W54/><G54/><T42/><D42/><U25/><E132/><V105/><F105/><W57/><G57/><T85/><D85/><U9/><E125/><V35/><REACH who="2" step="1"/><F49/><REACH who="2" ten="250,250,240,250" step="2"/><W19/><G111/><T135/><D135/><U73/><E73/><V122/><F122/><W80/><G106/><T22/><D34/><U90/><E1/><V114/><F114/><W112/><G112/><T56/><D71/><U119/><E3/><RYUUKYOKU ba="0,1" sc="250,15,250,-15,240,15,250,-15" hai0="15,18,20,22,26,29,30,31,56,66,98,101,107" hai2="8,16,24,28,35,48,51,58,62,67,95,99,102" /><INIT seed="0,1,1,1,1,106" ten="265,235,255,235" oya="0" hai0="12,73,37,117,132,111,66,89,88,14,49,121,51" hai1="54,35,48,47,55,34,113,16,32,1,53,112,10" hai2="11,77,127,84,63,42,60,59,101,45,109,13,94" hai3="15,90,78,9,130,119,129,6,99,87,65,122,125"/><T100/><D121/><U4/><REACH who="1" step="1"/><E16/><REACH who="1" ten="265,225,255,235" step="2"/><V118/><F118/><W24/><G119/><T52/><D117/><U46/><E46/><V91/><F45/><W114/><G122/><T26/><D132/><U36/><E36/><V68/><F109/><W71/><G129/><T62/><D37/><U123/><E123/><V58/><F127/><W105/><G130/><T86/><D111/><U50/><E50/><V8/><F60/><W39/><G39/><T75/><D51/><U79/><E79/><V95/><F77/><W56/><G78/><T83/><D26/><U25/><E25/><V57/><F63/><W23/><G125/><T96/><D89/><U64/><E64/><V74/><F91/><W128/><G65/><T80/><D62/><U69/><E69/><V61/><F68/><W44/><G71/><T134/><D66/><U93/><E93/><V81/><F94/><W33/><G44/><T43/><D134/><U27/><E27/><V107/><F95/><W41/><G128/><T76/><D43/><AGARI ba="1,2" hai="1,4,10,32,34,35,43,47,48,53,54,55,112,113" machi="43" ten="50,8000,1" yaku="21,2,53,2" doraHai="106" doraHaiUra="110" who="1" fromWho="0" sc="265,-83,225,103,255,0,235,0" /><INIT seed="1,0,0,2,0,54" ten="182,328,255,235" oya="1" hai0="90,100,27,106,26,2,124,1,59,69,91,132,107" hai1="121,5,7,42,104,39,101,31,98,129,77,45,47" hai2="63,126,71,67,70,109,64,11,94,122,127,81,123" hai3="119,60,57,82,55,105,115,6,50,36,74,52,118"/><U12/><E121/><V9/><F94/><W114/><G105/><T43/><D69/><U125/><E129/><V37/><F37/><W131/><G6/><T92/><D92/><U25/><E125/><V88/><F81/><W80/><G36/><T8/><D43/><U84/><E12/><V83/><F83/><N who="3" m="31787" /><G74/><T95/><D95/><U3/><E77/><V46/><F46/><N who="3" m="27735" /><G131/><T134/><D8/><U38/><E84/><V4/><F4/><W75/><G75/><T22/><D22/><U111/><E111/><V72/><F72/><W130/><G130/><T112/><D100/><U96/><E3/><V93/><F109/><W21/><G21/><T30/><D30/><U23/><E98/><V40/><F122/><W19/><G19/><T108/><D108/><U65/><E39/><V56/><F123/><W128/><G128/><T89/><D112/><U87/><E87/><V99/><F126/><W113/><G113/><T35/><D124/><U49/><E38/><V13/><F127/><W68/><G68/><T73/><D73/><U28/><E28/><V53/><F71/><W135/><G135/><N who="0" m="51755" /><D35/><U102/><E104/><N who="0" m="39977" /><D59/><U16/><E31/><V48/><F70/><W29/><G29/><T120/><D120/><U58/><E7/><N who="2" m="3263" /><F11/><W116/><AGARI ba="0,0" hai="55,57,60,114,115,116,118,119" m="27735,31787" machi="116" ten="40,5200,0" yaku="12,1,52,1,54,1" doraHai="54" who="3" fromWho="3" sc="182,-13,328,-26,255,-13,235,52" /><INIT seed="2,0,0,0,3,119" ten="169,302,242,287" oya="2" hai0="94,51,99,35,4,80,107,42,36,12,18,126,70" hai1="118,32,1,83,127,25,10,7,82,112,37,68,14" hai2="8,44,59,65,128,67,96,77,130,52,6,72,64" hai3="87,111,28,79,54,0,106,50,134,5,88,34,110"/><V135/><F135/><W17/><G106/><T78/><D107/><U26/><E112/><V92/><F44/><W45/><G134/><T117/><D35/><U9/><E118/><V115/><F115/><W24/><G79/><T55/><D70/><U71/><E37/><V62/><F77/><W102/><G102/><T30/><D117/><U76/><E127/><V21/><F21/><W124/><G124/><T93/><D126/><U47/><E47/><V95/><F72/><W60/><G17/><T31/><D36/><U74/><E83/><V53/><F53/><W101/><G101/><T13/><D42/><U108/><E108/><N who="3" m="41514" /><G60/><T43/><D43/><U123/><E123/><V48/><F62/><W22/><G22/><T100/><D94/><U75/><E75/><V16/><F16/><W85/><G88/><T89/><D100/><U133/><E133/><V20/><F20/><W122/><G122/><T61/><D61/><U97/><E97/><V56/><F96/><W81/><G81/><T131/><D131/><N who="2" m="50218" /><F59/><W125/><G125/><T41/><D4/><U11/><E11/><AGARI ba="0,0" hai="0,5,11,24,28,34,45,50,54,85,87" m="41514" machi="11" ten="30,1000,0" yaku="14,1" doraHai="119" who="3" fromWho="1" sc="169,0,302,-10,242,0,287,10" /><INIT seed="3,0,0,3,4,129" ten="169,292,242,297" oya="3" hai0="97,75,76,25,81,122,59,5,29,79,55,85,68" hai1="42,111,10,12,115,92,126,4,113,17,49,84,63" hai2="114,69,43,39,116,1,104,123,65,44,82,51,103" hai3="134,2,6,14,61,62,128,91,117,80,58,95,127"/><W74/><G134/><T101/><D68/><U31/><E111/><V110/><F114/><N who="1" m="43529" /><E126/><V38/><F116/><W124/><G117/><T94/><D122/><U7/><E31/><V15/><F1/><W96/><G2/><T100/><D5/><U33/><E33/><V20/><F110/><W99/><G128/><T98/><D76/><U56/><E49/><V86/><F103/><W78/><G99/><T37/><D37/><U32/><E42/><V67/><F104/><W93/><G93/><T47/><D47/><U72/><E32/><V0/><F0/><W120/><G120/><T40/><D40/><U133/><E72/><V26/><F15/><W21/><G21/><T34/><D75/><U108/><E133/><V57/><F69/><W13/><G61/><T52/><REACH who="0" step="1"/><D59/><REACH who="0" ten="159,292,242,297" step="2"/><U53/><E108/><V125/><F123/><W64/><G6/><T118/><D118/><U8/><E8/><V109/><F109/><W70/><G70/><T18/><D18/><U66/><E7/><V16/><F57/><W24/><G127/><T90/><D90/><N who="1" m="53319" /><E4/><V71/><F125/><W89/><G124/><T9/><D9/><U3/><E3/><V105/><F71/><W112/><G112/><T19/><D19/><U87/><E87/><V83/><F86/><W132/><G91/><T77/><D77/><U35/><E35/><V28/><F16/><W11/><G11/><T119/><D119/><U121/><E121/><V46/><F38/><W107/><G74/><T73/><D73/><U45/><E45/><V60/><F46/><W131/><G89/><T48/><D48/><RYUUKYOKU ba="0,1" sc="159,15,292,15,242,-15,297,-15" hai0="25,29,34,52,55,79,81,85,94,97,98,100,101" hai1="10,12,17,53,56,63,66" owari="174,-32.6,317,41.7,227,-17.3,282,8.2" /></mjloggm>