<mjloggm ver="2.3"><GO type="225" lobby="0"/><UN n0="%E3%81%AF%E3%82%88%E3%81%8A%E3%81%98%E3%81%95%E3%82%93" n1="%E6%98%93%E5%88%A9%E8%96%A9%E4%BC%AF" n2="%E6%97%A5%E6%9B%9C%E6%97%A5%E3%82%88%E3%82%8A%E3%81%AE%E4%BD%BF%E8%80%85" n3="%E3%81%AA%E3%81%BE%E3%81%91%E8%80%85" dan="17,16,16,16" rate="2185.07,2027.81,2082.93,2104.18" sx="M,F,M,M"/><TAIKYOKU oya="0"/><INIT seed="0,0,0,2,1,8" ten="250,250,250,250" oya="0" hai0="24,102,13,42,108,34,47,84,114,60,19,5,111" hai1="129,86,22,133,54,107,98,0,104,12,95,125,1" hai2="11,58,75,61,92,132,18,93,74,83,28,89,121" hai3="40,17,4,85,68,131,25,41,127,23,49,6,105"/><T97/><D114/><U38/><E38/><V55/><F121/><W36/><G36/><T119/><D119/><U126/><E133/><V91/><F132/><W70/><G105/><T101/><D5/><U88/><E129/><V116/><F28/><W52/><G127/><N who="1" m="48650" /><E54/><V120/><F120/><W96/><G131/><T78/><D60/><U51/><E51/><V30/><F30/><W66/><G96/><T37/><D24/><U109/><E109/><N who="0" m="42057" /><D34/><U46/><E46/><V87/><F116/><W63/><G70/><T44/><D47/><U73/><E73/><V112/><F112/><W103/><G103/><T106/><D101/><N who="1" m="62519" /><E107/><V21/><F11/><W82/><G40/><T53/><D53/><U124/><N who="1" m="48658" /><U10/><DORA hai="117" /><E22/><V62/><F62/><W72/><G41/><T122/><D122/><U76/><E76/><V100/><F100/><W113/><G72/><T128/><D128/><U67/><E67/><V32/><F32/><W16/><G17/><AGARI ba="0,0" hai="0,1,10,12,17,86,88,95" m="62519,48658" machi="17" ten="40,5200,0" yaku="18,1,52,1,54,1" doraHai="8,117" who="1" fromWho="3" sc="250,0,250,52,250,0,250,-52" /><INIT seed="1,0,0,2,5,66" ten="250,302,250,198" oya="1" hai0="9,121,124,70,113,40,54,42,89,110,93,135,104" hai1="68,41,130,62,105,61,125,128,72,67,88,92,115" hai2="120,100,30,50,51,57,76,123,43,79,73,28,3" hai3="15,13,81,21,56,132,134,36,55,7,48,39,12"/><U5/><E105/><V117/><F3/><W45/><G7/><T101/><D113/><U11/><E72/><V38/><F100/><W98/><G21/><T24/><D110/><U29/><E115/><V133/><F38/><W103/><G81/><T87/><D124/><U65/><E29/><V106/><F57/><W78/><G78/><T10/><D135/><U4/><E41/><V63/><F43/><N who="0" m="16426" /><D70/><N who="1" m="42287" /><E11/><N who="0" m="4105" /><D104/><U31/><E31/><V26/><F106/><W90/><G90/><T102/><D121/><U37/><E37/><V131/><F30/><W80/><G80/><T17/><D54/><U84/><E125/><V86/><F73/><W74/><G74/><T69/><D69/><U91/><E91/><V16/><F120/><W47/><G39/><T25/><D25/><U35/><E35/><V59/><F123/><W83/><G83/><T64/><D64/><U14/><E14/><V0/><F26/><W107/><REACH who="3" step="1"/><G36/><REACH who="3" ten="250,302,250,188" step="2"/><T96/><D87/><U20/><E20/><AGARI ba="0,1" hai="17,20,24,89,93,96,101,102" m="4105,16426" machi="20" ten="30,1000,0" yaku="8,1" doraHai="66" who="0" fromWho="1" sc="250,20,302,-10,250,0,188,0" /><INIT seed="2,0,0,3,5,112" ten="270,292,250,188" oya="2" hai0="44,18,76,27,116,2,57,33,65,36,93,32,72" hai1="24,7,96,30,25,49,82,63,35,4,26,103,85" hai2="106,127,84,91,102,41,94,31,110,129,134,40,77" hai3="38,68,10,66,60,29,131,69,46,122,64,123,100"/><V42/><F127/><W58/><G100/><T37/><D2/><U55/><E63/><V15/><F129/><W3/><G29/><T113/><D113/><U54/><E35/><V22/><F134/><W1/><G131/><T0/><D0/><U81/><E30/><V21/><F110/><W121/><G3/><T109/><D109/><U111/><E82/><V126/><F126/><W117/><G10/><T128/><D128/><U115/><E115/><V11/><F77/><W104/><G104/><T47/><D93/><N who="1" m="58767" /><E111/><V88/><F31/><W133/><G1/><T71/><D71/><U86/><E86/><N who="2" m="52503" /><F102/><W23/><G23/><N who="2" m="8713" /><F106/><W20/><G20/><T50/><D18/><U97/><E97/><V13/><F11/><W95/><G95/><AGARI ba="0,0" hai="13,15,40,41,42,84,91,95" m="8713,52503" machi="95" ten="30,2900,0" yaku="8,1,54,1" doraHai="112" who="2" fromWho="3" sc="270,0,292,0,250,29,188,-29" /><INIT seed="2,1,0,3,5,124" ten="270,292,279,159" oya="2" hai0="30,50,128,71,3,4,106,119,26,109,52,126,78" hai1="112,115,41,36,66,13,77,91,11,54,70,39,0" hai2="61,33,49,88,62,21,75,104,108,19,12,114,29" hai3="73,121,44,99,64,80,10,38,79,2,25,110,68"/><V15/><F114/><W63/><G110/><T84/><D71/><U129/><E0/><V18/><F75/><W131/><G121/><T90/><D106/><U59/><E77/><V9/><F104/><W101/><G25/><T47/><D126/><U94/><E129/><V17/><F108/><W122/><G122/><T53/><D109/><U125/><E125/><V102/><F102/><W116/><G116/><T74/><D119/><U69/><E69/><V82/><F18/><W132/><G132/><T86/><D128/><U57/><E57/><V98/><F29/><W48/><G99/><T42/><D74/><U31/><E31/><V120/><F33/><W103/><G48/><T43/><D3/><U32/><E32/><V67/><F120/><W81/><G81/><N who="0" m="47159" /><D4/><U45/><E39/><V134/><F134/><W111/><G111/><T130/><D130/><U16/><E91/><V100/><F67/><W87/><G87/><T40/><D53/><U7/><E94/><N who="2" m="58455" /><F49/><W96/><G96/><T113/><D113/><U6/><E112/><V89/><F82/><W37/><G37/><T55/><D55/><U105/><E105/><V117/><F117/><W51/><G131/><T14/><D14/><U95/><E95/><V5/><F5/><W27/><G27/><T58/><D26/><U56/><E115/><V23/><F9/><W123/><G123/><T34/><D34/><U127/><E127/><V20/><F20/><W46/><G38/><N who="0" m="21911" /><D30/><U118/><E118/><V133/><F133/><W97/><G97/><T107/><D107/><U35/><E36/><V76/><F76/><RYUUKYOKU ba="1,0" sc="270,15,292,-15,279,15,159,-15" hai0="42,43,50,52,58,86,90" hai2="12,15,17,19,21,23,61,62,88,89" /><INIT seed="2,2,0,1,5,28" ten="285,277,294,144" oya="2" hai0="75,51,48,19,70,5,128,20,22,88,32,72,120" hai1="94,98,102,123,109,3,49,99,1,54,93,95,69" hai2="74,110,53,42,112,58,62,131,59,36,27,12,79" hai3="73,117,18,10,116,57,21,34,97,47,82,17,37"/><V135/><F112/><W90/><G10/><T126/><D120/><U113/><E113/><V60/><F131/><W92/><G57/><T24/><D32/><U30/><E109/><V64/><F135/><W129/><G129/><T134/><D128/><U14/><E69/><V39/><F110/><W50/><G37/><T80/><D70/><U106/><E123/><V40/><F12/><W9/><G116/><T66/><D66/><U43/><E43/><N who="2" m="16427" /><F27/><W114/><G114/><T96/><D134/><U107/><E30/><V56/><F79/><W55/><G117/><T35/><D35/><U65/><E65/><N who="2" m="39047" /><F74/><W125/><G125/><T63/><D63/><AGARI ba="2,0" hai="36,39,53,58,59,62,63,64" m="39047,16427" machi="63" ten="30,12000,1" yaku="35,5" doraHai="28" who="2" fromWho="0" sc="285,-126,277,0,294,126,144,0" /><INIT seed="2,3,0,3,5,70" ten="159,277,420,144" oya="2" hai0="31,125,120,116,105,32,33,50,101,87,86,95,24" hai1="130,78,93,88,71,82,62,77,34,103,74,47,25" hai2="127,11,67,64,61,83,124,41,19,56,44,60,1" hai3="20,18,9,100,6,7,46,16,59,126,110,4,96"/><V5/><F19/><W69/><G69/><T98/><D120/><U40/><E130/><V131/><F131/><W12/><G110/><T91/><D125/><U109/><E109/><V28/><F28/><W81/><G126/><N who="2" m="48169" /><F83/><W90/><G59/><T79/><D116/><U108/><E108/><V76/><F76/><W123/><G123/><T132/><D132/><U115/><E115/><V104/><F104/><W135/><G135/><T128/><D128/><U73/><E103/><V114/><F114/><W55/><G81/><T84/><D32/><U36/><E78/><V111/><F111/><W107/><G90/><T57/><D79/><U89/><E93/><V102/><F102/><W94/><G107/><T13/><D13/><U85/><E74/><V42/><F44/><W92/><G92/><T22/><D33/><U35/><E25/><V122/><F122/><W119/><G119/><T43/><D43/><U2/><E2/><V134/><F134/><W121/><G121/><T52/><AGARI ba="3,0" hai="22,24,31,50,52,57,84,86,87,91,95,98,101,105" machi="52" ten="30,2000,0" yaku="0,1,54,1" doraHai="70" who="0" fromWho="0" sc="159,29,277,-8,420,-13,144,-8" /><INIT seed="3,0,0,5,0,101" ten="188,269,407,136" oya="3" hai0="98,83,114,32,110,27,53,69,11,37,65,3,44" hai1="109,51,2,9,62,122,134,52,131,33,81,108,55" hai2="97,63,34,67,60,23,43,46,26,70,5,92,78" hai3="21,130,104,99,42,57,84,28,64,76,18,119,107"/><W40/><G119/><T118/><D118/><U50/><E33/><V10/><F34/><W90/><G28/><T94/><D110/><N who="1" m="42603" /><E122/><V129/><F78/><W112/><G112/><T20/><D114/><U24/><E134/><V30/><F129/><W17/><G130/><T25/><D83/><U88/><E24/><V80/><F80/><W35/><G35/><T58/><D69/><U47/><E62/><V113/><F67/><W73/><G73/><T71/><D11/><U54/><E131/><V103/><F70/><W117/><G76/><T87/><D44/><U56/><E55/><V116/><F116/><W100/><G117/><T16/><D87/><N who="1" m="50287" /><E9/><V102/><F102/><W93/><G107/><T29/><D71/><U123/><E123/><V95/><F5/><W14/><G64/><T86/><D65/><U15/><E15/><V68/><F68/><W85/><G85/><T77/><D3/><AGARI ba="0,0" hai="2,3,47,50,51,52,54,56" m="50287,42603" machi="3" ten="30,3900,0" yaku="14,1,54,2" doraHai="101" who="1" fromWho="0" sc="188,-39,269,39,407,0,136,0" owari="149,-25.1,308,10.8,407,50.7,136,-36.4" /></mjloggm>