<mjloggm ver="2.3"><GO type="225" lobby="0"/><UN n0="%E3%80%90%E3%83%88%E3%83%AA%E3%83%A5%E3%83%95%E3%80%91" n1="%E9%BB%99%E8%81%B4%E3%81%AE%E3%81%99%E3%82%9D%E3%82%81" n2="%E6%98%93%E5%88%A9%E8%96%A9%E4%BC%AF" n3="%E5%B8%86%E7%AB%8B%E5%A4%8F%E8%A1%A3" dan="16,16,16,17" rate="2072.37,2118.76,2088.44,2179.51" sx="M,M,F,M"/><TAIKYOKU oya="0"/><INIT seed="0,0,0,0,4,106" ten="250,250,250,250" oya="0" hai0="132,86,31,32,130,21,115,67,68,5,118,105,89" hai1="53,41,134,87,45,76,72,10,73,54,93,94,125" hai2="122,108,3,64,77,19,85,43,114,98,112,26,97" hai3="14,44,35,48,92,84,127,11,107,99,2,20,12"/><T116/><D115/><U61/><E134/><V24/><F3/><W39/><G127/><T69/><D105/><U121/><E121/><V120/><F43/><W104/><G35/><T4/><D132/><U81/><E10/><V70/><F70/><W66/><G39/><T90/><D32/><U15/><E15/><V30/><F64/><W42/><G66/><T1/><D1/><U52/><E61/><V124/><F108/><W33/><G33/><T117/><D130/><U123/><E123/><V110/><F110/><W47/><G47/><T46/><D46/><U79/><E125/><V80/><F124/><W78/><G2/><T16/><D31/><U60/><E60/><V6/><F6/><W13/><G20/><T109/><D109/><U27/><E27/><V22/><F120/><W133/><G133/><T101/><D101/><U74/><REACH who="1" step="1"/><E79/><REACH who="1" ten="250,240,250,250" step="2"/><V131/><F122/><W75/><G11/><T28/><D116/><U38/><AGARI ba="0,1" hai="38,41,45,52,53,54,72,73,74,76,81,87,93,94" machi="38" ten="40,12000,2" yaku="1,1,2,1,0,1,52,3,54,1,53,0" doraHai="106" doraHaiUra="103" who="1" fromWho="1" sc="250,-60,240,130,250,-30,250,-30" /><INIT seed="1,0,0,2,3,120" ten="190,370,220,220" oya="1" hai0="83,111,74,65,42,5,124,133,79,32,121,58,100" hai1="86,38,129,29,52,118,130,64,23,54,126,94,122" hai2="62,46,127,99,105,35,131,39,44,97,88,49,1" hai3="11,76,14,56,63,95,80,106,17,68,115,132,31"/><U112/><E112/><V9/><F35/><W27/><G115/><T108/><D121/><U125/><E38/><V8/><F131/><N who="1" m="50185" /><E64/><V37/><F62/><W15/><G132/><T10/><D133/><U71/><E71/><V101/><F127/><N who="1" m="48649" /><E118/><V61/><F61/><W60/><G106/><T96/><D124/><U113/><E113/><V6/><F9/><W84/><G68/><T69/><D42/><U19/><E29/><V91/><F46/><W67/><G63/><N who="0" m="40127" /><D32/><U89/><E122/><V50/><F50/><W102/><G11/><T92/><D58/><U81/><E81/><V40/><REACH who="2" step="1"/><F99/><REACH who="2" ten="190,370,210,220" step="2"/><W13/><G60/><T73/><D10/><U25/><AGARI ba="0,1" hai="19,23,25,52,54,86,89,94" m="48649,50185" machi="25" ten="30,6000,0" yaku="19,1,18,1,54,1" doraHai="120" who="1" fromWho="1" sc="190,-20,370,70,210,-20,220,-20" /><INIT seed="1,1,0,5,4,19" ten="170,440,190,200" oya="1" hai0="13,104,35,132,73,110,54,16,76,2,9,135,28" hai1="1,85,125,114,80,56,72,27,131,6,65,42,94" hai2="71,18,122,26,117,10,67,107,31,78,98,39,5" hai3="32,108,96,48,64,22,15,126,79,123,69,121,81"/><U37/><E114/><V44/><F117/><W87/><G32/><T33/><D104/><U103/><E131/><V49/><F122/><W12/><G108/><T95/><D110/><U70/><E70/><V101/><F78/><W50/><G126/><T82/><D54/><U111/><E125/><V119/><F119/><W46/><G69/><T68/><D68/><U91/><E1/><V40/><F18/><W97/><G64/><T120/><D120/><U92/><E6/><V102/><F102/><W3/><G3/><T90/><D2/><U86/><E37/><V7/><F49/><W38/><G38/><T113/><D113/><U84/><E42/><V51/><F51/><W52/><G123/><T100/><D100/><U8/><E8/><V77/><F77/><W14/><G121/><T53/><D53/><U128/><E128/><V57/><F57/><W58/><REACH who="3" step="1"/><G22/><REACH who="3" ten="170,440,190,190" step="2"/><T25/><REACH who="0" step="1"/><D35/><REACH who="0" ten="160,440,190,190" step="2"/><U24/><E111/><V105/><F71/><W4/><G4/><T11/><D11/><U45/><E65/><V93/><F67/><W66/><G66/><T59/><D59/><U124/><E56/><V74/><F7/><W20/><G20/><T115/><D115/><U129/><E124/><V60/><F5/><W127/><G127/><T133/><D133/><U61/><E129/><V55/><F10/><W21/><G21/><T34/><D34/><U17/><E45/><V106/><F44/><W99/><G99/><AGARI ba="1,2" hai="9,13,16,25,28,33,73,76,82,90,95,99,132,135" machi="99" ten="40,5200,0" yaku="1,1,54,1,53,1" doraHai="19" doraHaiUra="75" who="0" fromWho="3" sc="160,75,440,0,190,0,190,-55" /><INIT seed="2,0,0,5,3,91" ten="235,440,190,135" oya="2" hai0="34,71,2,68,114,5,13,125,52,10,99,111,36" hai1="66,45,86,134,80,75,54,42,38,84,115,27,133" hai2="67,48,20,39,15,105,37,57,108,135,47,9,23" hai3="122,22,87,94,26,51,127,93,104,14,12,62,107"/><V58/><F105/><W90/><G122/><T1/><D114/><U103/><E103/><V53/><F135/><N who="1" m="51721" /><E66/><V40/><F108/><W0/><G0/><T124/><D36/><U19/><E54/><V6/><REACH who="2" step="1"/><F39/><REACH who="2" ten="235,440,180,135" step="2"/><W79/><G107/><T24/><D111/><U121/><E115/><V70/><F70/><W28/><G104/><T18/><D68/><U78/><E121/><V116/><F116/><W7/><G127/><T128/><D71/><U72/><E75/><V95/><F95/><N who="3" m="36363" /><G79/><T60/><D124/><U117/><E117/><V98/><F98/><W89/><G62/><AGARI ba="0,1" hai="6,9,15,20,23,37,40,47,48,53,57,58,62,67" machi="62" ten="40,3900,0" yaku="1,1,53,1" doraHai="91" doraHaiUra="63" who="2" fromWho="3" sc="235,0,440,0,180,49,135,-39" /><INIT seed="2,1,0,0,1,79" ten="235,440,229,96" oya="2" hai0="36,14,99,81,66,52,54,29,115,75,128,69,111" hai1="121,27,131,126,135,33,8,98,4,7,16,118,106" hai2="86,32,85,17,101,42,56,134,72,43,34,120,48" hai3="63,104,127,25,130,9,97,88,112,114,13,93,70"/><V55/><F120/><W67/><G127/><T94/><D115/><U60/><E118/><V57/><F72/><W39/><G130/><T95/><D111/><U37/><E37/><V50/><F101/><W62/><G39/><T77/><D36/><U91/><E135/><V83/><F134/><W6/><G104/><T82/><D128/><U45/><E126/><V49/><F17/><W73/><G73/><T46/><D29/><U103/><E121/><V132/><F132/><W76/><G76/><T26/><D26/><U108/><E108/><V71/><F71/><W19/><G25/><T61/><D82/><U3/><E4/><V35/><F55/><W47/><G47/><T110/><D110/><U109/><E109/><V117/><F117/><W59/><REACH who="3" step="1"/><G6/><REACH who="3" ten="235,440,229,86" step="2"/><T123/><D46/><U2/><E45/><V22/><F43/><W10/><G10/><T30/><D77/><U129/><E7/><V15/><F42/><W68/><G68/><T113/><D69/><U89/><E8/><V100/><F35/><W38/><G38/><T122/><D75/><U74/><E74/><V116/><F34/><W21/><G21/><T65/><D123/><U90/><E33/><V12/><F32/><W107/><G107/><T11/><D11/><U58/><E131/><V40/><F40/><W20/><G20/><T133/><D133/><U53/><E129/><V102/><F22/><W0/><G0/><T28/><D122/><U80/><E2/><V24/><F24/><W18/><G18/><T44/><D44/><U84/><E3/><V124/><F124/><W92/><G92/><RYUUKYOKU ba="1,1" sc="235,-15,440,15,229,-15,86,15" hai1="16,27,53,58,60,80,84,89,90,91,98,103,106" hai3="9,13,19,59,62,63,67,70,88,93,97,112,114" /><INIT seed="3,2,1,3,1,82" ten="220,455,214,101" oya="3" hai0="91,30,31,88,95,26,67,130,99,87,61,111,45" hai1="68,4,107,110,81,134,35,62,34,44,103,17,92" hai2="116,54,131,19,36,124,59,2,80,101,53,12,39" hai3="55,29,73,89,79,105,25,100,78,102,108,40,126"/><W27/><G126/><T64/><D111/><U41/><E107/><V113/><F116/><W65/><G108/><T3/><D3/><U42/><E4/><V5/><F113/><W43/><G65/><N who="0" m="25163" /><D130/><U76/><E68/><V22/><F131/><W69/><G69/><T15/><D61/><U86/><E62/><V94/><F124/><W121/><G121/><T8/><D26/><U49/><E42/><V52/><F59/><W135/><G135/><T119/><D45/><U28/><E28/><V9/><F80/><W32/><G73/><T10/><D119/><U33/><E134/><V83/><F83/><W93/><G55/><T123/><D123/><U24/><E17/><V115/><F115/><W66/><G66/><T125/><D125/><U37/><E24/><V51/><F51/><W122/><G122/><T16/><D8/><U46/><E110/><V112/><F112/><W14/><G14/><T74/><D74/><U6/><E6/><V109/><F109/><W13/><G13/><T114/><D114/><U50/><E44/><V97/><AGARI ba="2,1" hai="2,5,9,12,19,22,36,39,52,53,54,94,97,101" machi="97" ten="30,2000,0" yaku="0,1,54,1" doraHai="82" who="2" fromWho="2" sc="220,-7,455,-7,214,36,101,-12" owari="213,-18.7,448,54.8,250,5.0,89,-41.1" /></mjloggm>