<mjloggm ver="2.3"><GO type="225" lobby="0"/><UN n0="%E7%89%B9%E6%9D%B1%E3%81%AF%E4%B8%96%E7%95%8C%E3%82%92%E6%95%91%E3%81%86" n1="%6D%75%75%6D%75%72%61" n2="%E5%84%AA%40%41%42%43" n3="%72%69%6F%75%63%68%61%6E" dan="16,16,17,17" rate="2157.02,2120.84,2223.24,2301.01" sx="M,F,M,M"/><TAIKYOKU oya="0"/><INIT seed="0,0,0,4,1,25" ten="250,250,250,250" oya="0" hai0="41,15,69,53,51,4,127,84,113,26,89,111,106" hai1="40,23,21,50,129,18,61,82,108,88,79,71,83" hai2="30,70,132,93,31,37,56,60,80,125,87,6,75" hai3="92,27,44,24,39,76,126,118,120,43,1,8,131"/><T123/><D113/><U67/><E108/><V54/><F37/><W105/><G126/><T121/><D106/><U115/><E129/><V78/><F125/><W5/><G131/><T134/><D127/><U3/><E3/><V97/><F70/><W96/><G118/><T20/><D69/><U38/><E38/><V34/><F34/><W116/><G116/><T63/><D134/><U12/><E115/><V7/><F132/><W65/><G120/><T100/><D100/><U74/><E82/><V2/><F75/><W22/><G105/><T19/><D63/><U103/><E103/><V91/><F2/><W73/><G65/><T9/><D41/><U117/><E117/><V49/><REACH who="2" step="1"/><F60/><REACH who="2" ten="250,250,240,250" step="2"/><W101/><REACH who="3" step="1"/><G22/><REACH who="3" ten="250,250,240,240" step="2"/><T109/><D109/><U122/><E23/><V0/><F0/><W62/><G62/><T119/><D111/><U86/><E21/><V95/><F95/><W14/><G14/><T58/><D119/><U90/><E12/><V47/><F47/><W128/><G128/><T59/><D59/><U81/><E61/><V45/><F45/><W98/><G98/><T133/><REACH who="0" step="1"/><D133/><REACH who="0" ten="240,250,240,240" step="2"/><U17/><E122/><V55/><F55/><W107/><G107/><T11/><D11/><U130/><E130/><V64/><F64/><W35/><G35/><T68/><D68/><U72/><E67/><V102/><F102/><W32/><G32/><T112/><D112/><U57/><E71/><V52/><F52/><W114/><G114/><T110/><D110/><U124/><E57/><V16/><F16/><W104/><G104/><T29/><D29/><AGARI ba="0,3" hai="6,7,29,30,31,49,54,56,78,80,87,91,93,97" machi="29" ten="40,8000,1" yaku="1,1,8,1,52,3,53,0" doraHai="25" doraHaiUra="99" who="2" fromWho="0" sc="240,-80,250,0,240,110,240,0" /><INIT seed="1,0,0,5,5,123" ten="160,250,350,240" oya="1" hai0="125,131,0,54,19,114,72,86,82,95,81,115,60" hai1="130,11,89,45,94,58,107,117,132,77,8,71,13" hai2="84,48,28,124,61,92,15,134,88,63,50,104,51" hai3="87,36,30,32,65,119,64,128,66,41,118,3,35"/><U34/><E117/><N who="3" m="44554" /><G3/><T18/><D0/><U76/><E71/><V83/><F104/><W57/><G128/><T69/><D131/><U62/><E130/><V42/><F134/><W20/><G87/><T106/><D106/><U67/><E107/><V133/><F133/><W29/><G57/><T53/><D95/><U40/><E132/><V120/><F120/><W31/><G20/><T110/><D60/><N who="2" m="23114" /><F28/><W74/><G74/><T2/><D86/><U6/><E34/><N who="3" m="12842" /><G41/><T75/><D2/><U26/><E11/><V105/><F105/><W23/><G23/><T25/><D25/><U113/><E26/><V78/><F15/><W52/><G52/><T112/><D112/><U38/><REACH who="1" step="1"/><E113/><REACH who="1" ten="160,240,350,240" step="2"/><V21/><F21/><W9/><G36/><T46/><D69/><U97/><AGARI ba="0,1" hai="6,8,13,38,40,45,58,62,67,76,77,89,94,97" machi="97" ten="20,7800,0" yaku="1,1,2,1,0,1,7,1,53,0" doraHai="123" doraHaiUra="17" who="1" fromWho="1" sc="160,-26,240,88,350,-26,240,-26" /><INIT seed="1,1,0,3,4,105" ten="134,328,324,214" oya="1" hai0="95,104,115,79,108,98,96,70,10,6,68,18,3" hai1="48,126,24,84,103,82,1,75,34,57,4,135,28" hai2="22,125,112,130,85,46,58,14,128,114,51,134,67" hai3="13,127,12,37,133,19,62,17,106,53,8,30,33"/><U49/><E126/><V59/><F125/><W120/><G127/><T86/><D115/><N who="2" m="44074" /><F134/><W119/><G120/><T132/><D132/><U63/><E135/><V102/><F102/><W45/><G133/><T117/><D117/><U110/><E110/><V47/><F85/><W81/><G119/><T66/><D108/><U113/><E113/><V89/><F89/><W43/><G106/><T129/><D129/><N who="2" m="49770" /><F14/><W88/><G30/><T9/><D104/><U121/><E103/><V55/><F22/><W111/><G33/><T15/><D66/><U92/><E92/><V5/><F5/><W69/><G111/><T72/><D86/><U32/><E32/><V77/><F77/><W109/><G109/><T71/><REACH who="0" step="1"/><D95/><REACH who="0" ten="124,328,324,214" step="2"/><U54/><E84/><V41/><F67/><W29/><G69/><T131/><D131/><U27/><E121/><V123/><F123/><W116/><G116/><T118/><D118/><U107/><E107/><V21/><F21/><W38/><G8/><T73/><D73/><U122/><E75/><V2/><F2/><W35/><G35/><T50/><D50/><AGARI ba="1,1" hai="41,46,47,50,51,55,58,59" m="49770,44074" machi="50" ten="30,7700,0" yaku="11,1,19,1,34,2" doraHai="105" who="2" fromWho="0" sc="124,-80,328,0,324,90,214,0" /><INIT seed="2,0,0,2,1,34" ten="44,328,414,214" oya="2" hai0="8,47,32,14,13,132,42,135,115,50,131,0,97" hai1="26,83,95,126,19,109,130,104,65,9,49,71,119" hai2="4,55,127,90,124,17,110,69,100,43,64,133,30" hai3="92,66,56,45,76,48,60,22,62,118,7,108,23"/><V113/><F113/><W134/><G108/><T116/><D115/><U129/><E104/><V91/><F30/><W89/><G134/><T52/><D32/><U2/><E119/><V88/><F43/><W123/><G123/><T58/><D116/><U36/><E36/><V78/><F133/><W82/><G118/><T73/><D73/><U103/><E109/><V27/><F100/><W94/><G7/><T29/><D131/><U120/><E126/><N who="2" m="48171" /><F78/><W35/><G35/><T87/><D29/><U112/><E112/><V41/><F41/><W11/><G11/><T67/><D67/><U54/><E65/><V51/><F4/><W101/><G62/><T44/><D44/><U15/><E71/><V107/><F107/><W114/><G114/><T1/><D132/><U74/><E120/><V86/><F64/><W39/><G39/><T111/><D111/><U105/><E105/><V121/><F69/><W128/><G128/><T102/><D87/><U106/><E106/><V25/><F121/><W40/><G101/><T46/><D46/><U12/><E103/><V98/><F98/><W85/><REACH who="3" step="1"/><G92/><REACH who="3" ten="44,328,414,204" step="2"/><N who="0" m="58663" /><D135/><U84/><E95/><V122/><F122/><W63/><G63/><N who="0" m="36295" /><D8/><U33/><E9/><V99/><F110/><W53/><G53/><T21/><D21/><U16/><E54/><V93/><F55/><W81/><G81/><T38/><D38/><U6/><E83/><V31/><F93/><W75/><AGARI ba="0,1" hai="22,23,40,45,48,56,60,66,75,76,82,85,89,94" machi="75" ten="20,2700,0" yaku="1,1,0,1,7,1,53,0" doraHai="34" doraHaiUra="125" who="3" fromWho="3" sc="44,-7,328,-7,414,-13,204,37" /><INIT seed="3,0,0,1,5,40" ten="37,321,401,241" oya="3" hai0="55,26,59,99,122,117,90,68,30,58,121,88,35" hai1="13,89,107,80,112,11,134,66,29,21,41,98,129" hai2="27,39,83,47,85,15,17,78,4,60,110,69,108" hai3="96,92,22,72,33,74,63,97,118,115,25,135,91"/><W54/><G115/><T23/><D68/><U24/><E112/><V132/><F132/><W52/><G135/><T67/><D117/><U61/><E134/><V123/><F123/><W6/><G118/><T114/><D114/><U127/><E129/><V125/><F125/><W126/><G126/><T7/><D35/><U62/><E127/><V94/><F4/><W131/><G131/><T86/><D122/><U130/><E130/><V71/><F27/><W102/><G6/><T109/><D109/><N who="2" m="42090" /><F60/><W73/><G33/><T95/><D121/><U82/><E107/><V8/><F94/><W42/><G42/><AGARI ba="0,0" hai="8,15,17,39,42,47,69,71,78,83,85" m="42090" machi="42" ten="30,2000,0" yaku="14,1,52,1" doraHai="40" who="2" fromWho="3" sc="37,0,321,0,401,20,241,-20" owari="37,-46.3,321,12.1,421,52.1,221,-17.9" /></mjloggm>