<mjloggm ver="2.3"><GO type="225" lobby="0"/><UN n0="%72%65%6E%6B%75%6E" n1="%E3%82%B3%E3%83%90%E3%83%AC%E3%82%A4" n2="%E3%82%B7%E3%83%B3%E5%A4%AA%E6%9C%97" n3="%E6%98%93%E5%88%A9%E8%96%A9%E4%BC%AF" dan="17,16,16,16" rate="2261.65,2092.91,2145.01,2031.13" sx="M,M,M,F"/><TAIKYOKU oya="0"/><INIT seed="0,0,0,5,0,21" ten="250,250,250,250" oya="0" hai0="25,131,109,17,46,118,121,58,61,65,50,76,115" hai1="13,44,119,97,105,127,135,116,107,37,72,3,41" hai2="125,66,90,87,93,63,69,26,9,73,104,47,22" hai3="23,34,2,24,122,132,31,62,42,5,99,101,45"/><T64/><D115/><U57/><E3/><V129/><F125/><W98/><G132/><T94/><D118/><U10/><E135/><V53/><F129/><W77/><G122/><T91/><D121/><U54/><E127/><V103/><F73/><W51/><G77/><T20/><D131/><U130/><E72/><V4/><F104/><W12/><G62/><T16/><D109/><U128/><E130/><V114/><F114/><W79/><G79/><T38/><D38/><U6/><E128/><V59/><F103/><W40/><G40/><N who="0" m="24903" /><D76/><U71/><E71/><V123/><F123/><W55/><G42/><T88/><D65/><U111/><E111/><V124/><F124/><W110/><G110/><T96/><D17/><U28/><E28/><V52/><F47/><W126/><G101/><AGARI ba="0,0" hai="16,20,25,58,61,64,88,91,94,96,101" m="24903" machi="101" ten="30,11600,0" yaku="8,1,52,1,54,2" doraHai="21" who="0" fromWho="3" sc="250,116,250,0,250,0,250,-116" /><INIT seed="0,1,0,2,3,47" ten="366,250,250,134" oya="0" hai0="122,8,97,91,109,81,27,111,116,42,90,40,70" hai1="118,117,17,114,55,14,46,129,102,65,30,28,72" hai2="29,104,68,33,119,6,5,108,133,50,7,94,32" hai3="135,107,130,76,86,74,39,64,75,38,31,44,62"/><T89/><D70/><U21/><E72/><V88/><F119/><W131/><G31/><T96/><D116/><U100/><E114/><V73/><F108/><N who="0" m="41546" /><D122/><U127/><E129/><N who="3" m="49162" /><G107/><T3/><D81/><U25/><E127/><V37/><F37/><N who="3" m="13835" /><G76/><T124/><D124/><U49/><E30/><V112/><F68/><N who="3" m="42007" /><G86/><T41/><D27/><U101/><REACH who="1" step="1"/><E65/><REACH who="1" ten="366,240,250,134" step="2"/><V128/><F73/><W93/><G75/><T126/><D126/><U53/><E53/><V69/><F128/><W85/><G74/><T18/><D18/><U59/><E59/><V1/><F29/><W79/><G135/><T134/><D134/><U12/><E12/><V10/><F133/><W13/><G13/><T66/><D66/><U19/><E19/><V82/><F112/><W84/><G79/><T20/><D20/><AGARI ba="1,1" hai="14,17,20,21,25,28,46,49,55,100,101,102,117,118" machi="20" ten="40,2600,0" yaku="1,1,52,1,53,0" doraHai="47" doraHaiUra="56" who="1" fromWho="0" sc="366,-29,240,39,250,0,134,0" /><INIT seed="1,0,0,0,1,96" ten="337,279,250,134" oya="1" hai0="130,129,39,43,63,65,48,57,7,93,110,115,124" hai1="45,132,78,32,83,128,131,92,38,127,112,105,98" hai2="34,122,70,111,64,22,0,9,18,68,126,21,41" hai3="133,8,61,76,82,58,99,116,85,23,66,135,103"/><U10/><E32/><V47/><F122/><W119/><G8/><T28/><D28/><U67/><E112/><V13/><F126/><W15/><G15/><T101/><D7/><U84/><E127/><V104/><F111/><W55/><G55/><N who="0" m="31975" /><D124/><U54/><E105/><V19/><F34/><W5/><G5/><T117/><D117/><N who="3" m="45129" /><G23/><T49/><D115/><U114/><E114/><V73/><F104/><N who="3" m="63615" /><G58/><N who="0" m="37111" /><D93/><U16/><E67/><V42/><F64/><W14/><G14/><T75/><D101/><N who="1" m="60615" /><E38/><V36/><F42/><W95/><G61/><T44/><D75/><U31/><E31/><V56/><F73/><N who="3" m="43279" /><G66/><T11/><D110/><U71/><E71/><V1/><F56/><W40/><G40/><N who="0" m="24711" /><D11/><U80/><E83/><V113/><F113/><W50/><G50/><T6/><D6/><U77/><E77/><V46/><F0/><W60/><G60/><T69/><D69/><U120/><E10/><V91/><F1/><W89/><AGARI ba="0,0" hai="85,89,95,133,135" m="43279,63615,45129" machi="89" ten="30,8000,1" yaku="24,1,12,1,34,2,52,1" doraHai="96" who="3" fromWho="3" sc="337,-20,279,-40,250,-20,134,80" /><INIT seed="2,0,0,1,4,37" ten="317,239,230,214" oya="2" hai0="64,121,51,50,14,29,43,2,6,59,91,105,92" hai1="27,18,54,48,122,20,60,38,83,97,1,34,57" hai2="82,102,135,134,98,79,132,81,24,8,112,113,101" hai3="9,71,30,88,128,76,13,31,131,111,25,7,133"/><V5/><F24/><W93/><G71/><T44/><D105/><U119/><E1/><V11/><F5/><W0/><G76/><T69/><D121/><U114/><E38/><V130/><F130/><N who="3" m="49707" /><G111/><T58/><D2/><U95/><E122/><V80/><F79/><W74/><G74/><T118/><D118/><U66/><E119/><V87/><F87/><N who="3" m="52383" /><G133/><T125/><D29/><N who="3" m="10761" /><G25/><T63/><D125/><U90/><E114/><N who="2" m="44139" /><F101/><W78/><G78/><T23/><D50/><U129/><E129/><V46/><F46/><W89/><G89/><T109/><D109/><U47/><E34/><V68/><F68/><W53/><G53/><T52/><D69/><U21/><E20/><V72/><F72/><W123/><G123/><T67/><D59/><U70/><REACH who="1" step="1"/><E83/><REACH who="1" ten="317,229,230,214" step="2"/><V96/><F102/><W110/><G110/><T108/><D108/><U94/><E94/><V41/><F41/><W62/><G0/><T100/><D100/><U16/><E16/><V103/><F103/><W39/><G39/><T4/><D4/><U32/><E32/><V127/><F127/><W86/><G86/><T116/><D116/><U3/><E3/><V107/><F107/><W124/><G124/><T56/><D6/><U104/><E104/><V126/><F126/><W33/><G33/><T117/><D117/><U55/><E55/><V49/><F80/><W36/><G36/><T15/><D15/><U84/><E84/><V106/><F81/><W75/><G75/><T35/><D14/><U115/><E115/><V12/><F82/><W26/><G26/><T99/><D35/><U22/><E22/><RYUUKYOKU ba="0,1" sc="317,-15,229,15,230,-15,214,15" hai1="18,21,27,47,48,54,57,60,66,70,90,95,97" hai3="7,9,13,62" /><INIT seed="3,1,1,2,0,73" ten="302,244,215,229" oya="3" hai0="110,84,13,44,25,130,30,65,90,29,124,0,107" hai1="100,132,87,7,116,58,54,9,19,61,47,125,115" hai2="105,83,46,126,134,72,109,71,34,70,75,5,3" hai3="64,92,78,16,133,119,56,41,4,52,93,82,38"/><W91/><G119/><T99/><D0/><U20/><E116/><V113/><RYUUKYOKU type="yao9" ba="1,1" sc="302,0,244,0,215,0,229,0" hai2="3,5,34,46,70,71,72,75,83,105,109,113,126,134" /><INIT seed="3,2,1,0,0,102" ten="302,244,215,229" oya="3" hai0="115,48,86,71,42,128,27,20,68,39,85,70,28" hai1="29,24,4,109,124,97,114,100,57,91,40,63,113" hai2="14,77,117,131,0,37,11,35,89,53,47,125,54" hai3="1,108,72,52,92,51,127,78,75,65,104,7,73"/><W34/><G34/><T99/><D128/><U41/><E124/><V94/><F131/><W58/><G127/><T122/><D122/><U46/><E109/><V8/><F125/><W26/><G108/><T123/><D123/><U12/><E91/><V106/><F106/><W107/><G78/><T69/><D69/><U32/><E41/><V3/><F35/><W22/><G65/><T119/><D119/><U2/><E2/><V59/><F117/><W103/><G7/><T64/><D64/><U110/><E110/><V74/><F74/><W17/><REACH who="3" step="1"/><G1/><REACH who="3" ten="302,244,215,219" step="2"/><T60/><D115/><U44/><E4/><V43/><F77/><W13/><G13/><T61/><D71/><U93/><E12/><V95/><F11/><W112/><G112/><T126/><D70/><U36/><E113/><V56/><F3/><W45/><G45/><T82/><D68/><U66/><E114/><V67/><F0/><W80/><G80/><T50/><D82/><U133/><E46/><V21/><F67/><W9/><G9/><T5/><D5/><U87/><E66/><V15/><F21/><W18/><G18/><T83/><D83/><U132/><E44/><V120/><F120/><W31/><G31/><T30/><D30/><U81/><E32/><V23/><F23/><W76/><G76/><T129/><D126/><U135/><E29/><V33/><F33/><W10/><G10/><T111/><D129/><U62/><E132/><V6/><F15/><W16/><G16/><T19/><D19/><U134/><E135/><V121/><F121/><W96/><AGARI ba="2,2" hai="17,22,26,51,52,58,72,73,75,92,96,103,104,107" machi="96" ten="40,18000,2" yaku="1,1,0,1,52,2,54,1,53,1" doraHai="102" doraHaiUra="55" who="3" fromWho="3" sc="302,-62,244,-62,215,-62,219,206" owari="240,4.0,182,-21.8,153,-34.7,425,52.5" /></mjloggm>