<mjloggm ver="2.3"><GO type="225" lobby="0"/><UN n0="%E3%83%B4%E3%82%A3%E3%83%AF%E3%82%B3%E3%82%B0%E3%83%8B" n1="%E6%9D%B1%E9%A2%A8%E3%81%AE%E3%81%8D%E3%82%83%E3%81%B7%E3%81%95%E3%82%93" n2="%77%72%77%72%77%72%77%72" n3="%72%65%6E%6B%75%6E" dan="16,17,17,17" rate="2159.23,2267.19,2194.81,2224.21" sx="M,M,M,M"/><TAIKYOKU oya="0"/><INIT seed="0,0,0,2,3,25" ten="250,250,250,250" oya="0" hai0="90,95,80,113,35,88,66,16,82,60,124,44,54" hai1="126,9,58,89,47,81,131,100,40,48,123,8,38" hai2="92,19,26,20,73,21,6,93,86,13,130,2,71" hai3="49,114,43,68,75,4,120,79,51,96,98,70,110"/><T122/><D113/><U129/><E123/><V45/><F73/><W106/><G114/><T119/><D119/><U46/><E58/><V74/><F74/><W67/><G120/><T36/><D122/><U132/><E100/><V72/><F72/><W3/><G110/><T10/><D35/><U112/><E112/><V23/><F71/><W107/><G75/><T12/><D124/><U31/><E31/><V0/><F130/><N who="1" m="49673" /><E132/><V108/><F108/><W133/><G4/><T104/><D104/><U5/><E126/><V121/><F121/><W15/><G15/><T135/><D135/><U27/><E27/><V134/><F134/><W91/><G91/><N who="0" m="34859" /><D36/><U64/><E64/><V30/><F0/><W57/><G3/><T63/><D95/><U101/><E101/><V94/><F6/><W78/><G67/><T127/><D127/><U97/><E5/><V56/><F2/><W11/><G133/><T55/><D66/><U41/><E81/><N who="0" m="31337" /><D44/><U24/><E24/><N who="2" m="16647" /><F45/><W105/><G105/><T39/><D39/><U18/><E18/><N who="2" m="10447" /><F56/><W7/><G57/><T102/><D102/><U53/><E40/><V83/><F83/><W61/><G107/><T118/><D118/><U84/><E38/><V109/><F109/><W28/><G106/><T116/><D116/><U76/><E41/><V125/><F125/><W33/><G70/><T59/><D59/><U37/><E37/><V65/><F65/><W50/><G68/><T62/><AGARI ba="0,0" hai="10,12,16,54,55,60,62,63" m="31337,34859" machi="62" ten="30,6000,0" yaku="8,1,54,2" doraHai="25" who="0" fromWho="0" sc="250,60,250,-20,250,-20,250,-20" /><INIT seed="0,1,0,5,2,58" ten="310,230,230,230" oya="0" hai0="67,50,26,104,105,59,1,132,97,16,110,47,57" hai1="118,92,52,88,96,130,56,123,77,43,15,64,102" hai2="6,14,76,100,40,99,82,109,78,89,65,37,69" hai3="41,94,124,0,33,2,60,113,19,36,134,8,51"/><T62/><D132/><U49/><E130/><V10/><F109/><W119/><G33/><T93/><D1/><U120/><E118/><V27/><F37/><W85/><G36/><T91/><D110/><U74/><E74/><V38/><F38/><W21/><G113/><T54/><REACH who="0" step="1"/><D47/><REACH who="0" ten="300,230,230,230" step="2"/><U126/><E123/><V45/><F45/><W23/><G134/><T32/><D32/><U106/><E120/><V29/><F40/><W72/><G2/><T24/><D24/><U3/><E43/><V122/><F122/><W98/><G0/><T20/><AGARI ba="1,1" hai="16,20,26,50,54,57,59,62,67,91,93,97,104,105" machi="20" ten="30,11700,0" yaku="1,1,0,1,52,1,54,1,53,0" doraHai="58" doraHaiUra="28" who="0" fromWho="0" sc="300,130,230,-40,230,-40,230,-40" /><INIT seed="0,2,0,3,1,1" ten="430,190,190,190" oya="0" hai0="50,74,84,33,52,118,76,56,65,28,60,123,37" hai1="26,92,124,73,11,23,48,3,109,89,19,125,44" hai2="68,93,4,70,57,116,58,51,113,22,112,114,7" hai3="54,121,25,134,59,62,94,95,90,35,71,66,64"/><T99/><D118/><U32/><E73/><V13/><F116/><W131/><G134/><T24/><D123/><U53/><E109/><V38/><F38/><W45/><G131/><T127/><D127/><U122/><E32/><V30/><F93/><W102/><G121/><T81/><D37/><U6/><REACH who="1" step="1"/><E122/><REACH who="1" ten="430,180,190,190" step="2"/><V31/><F114/><W36/><G35/><T5/><D74/><U128/><E128/><V29/><F29/><W115/><G115/><T40/><D33/><U129/><E129/><V117/><F117/><W135/><G135/><T17/><D28/><U106/><E106/><V41/><F22/><W98/><G25/><T61/><D24/><U107/><E107/><V85/><F85/><AGARI ba="2,1" hai="3,6,11,19,23,26,44,48,53,85,89,92,124,125" machi="85" ten="40,5200,0" yaku="1,1,52,1,53,1" doraHai="1" doraHaiUra="83" who="1" fromWho="2" sc="430,0,180,68,190,-58,190,0" /><INIT seed="1,0,0,3,5,101" ten="430,248,132,190" oya="1" hai0="27,22,62,119,47,132,61,105,14,111,4,45,135" hai1="54,110,112,77,11,31,17,1,134,86,71,76,75" hai2="116,125,38,26,118,5,60,117,129,102,10,78,29" hai3="96,36,8,50,48,83,65,7,72,40,69,92,44"/><U13/><E71/><V19/><F129/><W99/><G69/><T127/><D111/><U70/><E70/><V9/><F125/><W46/><G65/><T98/><D127/><U68/><E68/><V18/><F38/><W95/><G72/><T115/><D115/><U37/><E37/><V131/><F60/><W120/><G120/><T24/><D119/><N who="2" m="30466" /><V130/><DORA hai="74" /><F78/><W133/><G133/><N who="0" m="51275" /><D105/><U80/><E134/><V6/><F102/><W20/><G20/><T108/><D98/><U39/><E39/><V103/><F103/><W2/><G83/><T94/><D94/><U21/><E112/><V42/><F42/><W56/><G56/><T53/><D27/><N who="1" m="16879" /><E1/><N who="2" m="175" /><F29/><W93/><REACH who="3" step="1"/><G36/><REACH who="3" ten="430,248,132,180" step="2"/><T97/><D108/><U66/><E110/><V58/><F58/><W15/><G15/><T25/><D14/><U126/><E126/><V128/><F26/><W82/><G82/><T100/><D24/><U63/><E75/><V41/><F41/><AGARI ba="0,1" hai="2,7,8,40,41,44,46,48,50,92,93,95,96,99" machi="41" ten="40,2600,0" yaku="1,1,9,1,53,0" doraHai="101,74" doraHaiUra="16,28" who="3" fromWho="2" sc="430,0,248,0,132,-26,180,36" /><INIT seed="2,0,0,0,1,129" ten="430,248,106,216" oya="2" hai0="96,97,54,61,95,53,5,21,19,82,27,90,62" hai1="33,48,58,106,14,15,79,133,35,34,86,7,66" hai2="123,69,12,44,18,125,89,28,9,108,81,52,107" hai3="36,1,102,103,88,68,99,83,122,93,118,10,105"/><V57/><F123/><W112/><G36/><T132/><D132/><U71/><E133/><V131/><F69/><W74/><G68/><T50/><D5/><U114/><E106/><V24/><F107/><W72/><G122/><T46/><D96/><U42/><E114/><V40/><F131/><W22/><G118/><T130/><D130/><U41/><E71/><V60/><F125/><W91/><G22/><T85/><D53/><U30/><E30/><V0/><F0/><W31/><G31/><T51/><D51/><U3/><E66/><V76/><F108/><W84/><G112/><T128/><D128/><U113/><E113/><V6/><F89/><AGARI ba="0,0" hai="19,21,27,46,50,54,61,62,82,85,89,90,95,97" machi="89" ten="30,2000,0" yaku="7,1,8,1" doraHai="129" who="0" fromWho="2" sc="430,20,248,0,106,-20,216,0" /><INIT seed="3,0,0,3,5,17" ten="450,248,86,216" oya="3" hai0="1,109,130,33,6,7,97,134,118,76,91,61,128" hai1="121,74,38,56,4,51,35,85,29,75,54,23,62" hai2="14,106,46,60,88,120,112,117,77,102,20,9,78" hai3="80,49,39,100,10,79,8,129,90,72,12,59,123"/><W96/><G123/><T63/><D109/><U101/><E35/><V27/><F112/><W73/><G129/><N who="0" m="49771" /><D33/><U5/><E38/><V19/><F117/><W104/><G39/><T34/><D34/><U52/><E121/><V126/><F126/><W93/><G72/><T115/><D134/><U131/><E101/><V110/><F110/><W50/><G59/><T25/><D25/><U71/><E71/><V84/><F120/><W70/><G70/><T26/><D26/><N who="1" m="16607" /><E74/><V107/><F60/><W114/><G114/><T55/><D55/><U98/><E98/><V94/><F107/><W69/><G69/><T66/><D76/><U24/><E75/><V113/><F113/><W28/><G28/><T105/><D1/><U13/><E24/><V64/><F64/><W44/><G12/><T45/><D45/><N who="1" m="28015" /><E131/><V122/><F122/><W41/><REACH who="3" step="1"/><G50/><REACH who="3" ten="450,248,86,206" step="2"/><T67/><D115/><U89/><E13/><V48/><F106/><W47/><G47/><T83/><D118/><U99/><E99/><AGARI ba="0,1" hai="8,10,41,44,49,73,79,80,90,93,96,99,100,104" machi="99" ten="30,2900,0" yaku="1,1,7,1,53,0" doraHai="17" doraHaiUra="15" who="3" fromWho="1" sc="450,0,248,-29,86,0,206,39" /><INIT seed="3,1,0,0,2,132" ten="450,219,86,245" oya="3" hai0="37,59,64,123,126,46,29,102,61,103,60,113,7" hai1="19,91,6,11,65,108,43,81,106,5,120,35,97" hai2="41,116,66,58,124,30,1,0,133,122,38,67,52" hai3="111,83,15,74,105,86,57,32,27,2,119,17,130"/><W24/><G2/><T69/><D126/><U40/><E35/><V128/><F30/><W107/><G119/><T80/><D123/><U49/><E108/><V10/><F116/><W55/><G74/><T117/><D117/><U8/><E120/><V54/><F122/><W51/><G130/><T62/><D113/><U28/><E65/><V42/><F10/><W53/><G111/><T131/><D7/><U56/><E28/><V98/><F98/><W89/><G32/><T48/><D29/><U118/><E118/><V75/><F58/><W88/><G89/><T13/><D13/><U50/><E106/><V135/><F38/><W70/><G70/><T23/><D23/><U20/><E97/><V16/><F75/><W96/><G96/><T77/><D37/><U109/><E109/><V114/><F128/><W134/><G134/><T12/><D12/><U39/><E39/><V78/><F78/><W31/><G31/><T33/><D33/><U82/><E56/><V36/><F36/><W47/><G105/><T73/><D61/><U115/><E115/><V92/><F92/><W110/><G107/><T63/><D63/><U4/><E4/><V26/><F26/><W84/><G84/><T25/><D25/><U76/><E76/><V101/><F101/><W72/><G72/><T87/><D73/><U104/><E104/><V18/><F114/><W125/><G125/><AGARI ba="1,0" hai="0,1,16,18,41,42,52,54,66,67,124,125,133,135" machi="125" ten="25,12000,2" yaku="22,2,52,2,54,2" doraHai="132" who="2" fromWho="3" sc="450,0,219,0,86,123,245,-123" owari="450,55.0,219,1.9,209,-19.1,122,-37.8" /></mjloggm>