<mjloggm ver="2.3"><GO type="225" lobby="0"/><UN n0="%E3%81%B2%E3%81%AA%E3%81%AE%E3%82%8A%E3%81%8F" n1="%E7%A6%8F%E5%8E%9F%E9%81%A5%E3%81%A8%E7%B5%90%E5%A9%9A%E3%81%99%E3%82%8B" n2="%E3%81%8B%E3%82%8F%E3%81%A1%E3%82%83%E3%82%93%35%38" n3="%48%61%61%61%6C%61%6E%64" dan="17,17,16,18" rate="2234.16,2123.24,2184.42,2225.13" sx="M,M,M,M"/><TAIKYOKU oya="0"/><INIT seed="0,0,0,3,1,44" ten="250,250,250,250" oya="0" hai0="135,64,3,51,98,35,96,25,73,53,6,106,68" hai1="32,134,5,105,88,66,61,41,70,10,81,120,129" hai2="100,127,0,57,27,75,74,124,101,36,12,102,47" hai3="28,89,112,123,37,23,38,11,87,95,34,77,126"/><T14/><D73/><N who="2" m="27658" /><F0/><W26/><G112/><T99/><D3/><U82/><E120/><V8/><F27/><W133/><G123/><T42/><D42/><U18/><E129/><V110/><F110/><W132/><G77/><T59/><D106/><U31/><E134/><N who="3" m="51818" /><G126/><N who="2" m="48169" /><F57/><W52/><G34/><T22/><D135/><U131/><E131/><V16/><F47/><W45/><G11/><N who="0" m="4471" /><D68/><U4/><E70/><V80/><F80/><W63/><G63/><T90/><D35/><U109/><E82/><V119/><F36/><W122/><G122/><T56/><D64/><U85/><E66/><V121/><F121/><W54/><G54/><T13/><D13/><U48/><E32/><V1/><F1/><W114/><G114/><T30/><D59/><U7/><E41/><V60/><F60/><W111/><G111/><T78/><D78/><U86/><E61/><V115/><F115/><W9/><G9/><T43/><D43/><U83/><E109/><V128/><F128/><W103/><G37/><T92/><AGARI ba="0,0" hai="22,25,30,51,53,56,90,92,96,98,99" m="4471" machi="92" ten="30,3000,0" yaku="8,1,52,1" doraHai="44" who="0" fromWho="0" sc="250,30,250,-10,250,-10,250,-10" /><INIT seed="0,1,0,0,0,95" ten="280,240,240,240" oya="0" hai0="90,42,128,118,101,112,70,108,76,116,87,121,110" hai1="92,115,93,20,49,91,77,132,41,22,133,125,26" hai2="106,30,120,39,81,102,18,117,37,12,24,45,83" hai3="16,66,98,59,17,107,47,122,55,104,131,11,63"/><T38/><D70/><U119/><E119/><N who="0" m="45609" /><D42/><U127/><E77/><V7/><F7/><W75/><G131/><T48/><D48/><U134/><E115/><V27/><F117/><W14/><G75/><T0/><D38/><U56/><E92/><V6/><F6/><W43/><G122/><T100/><D0/><U123/><E123/><V73/><F120/><W94/><G17/><T86/><D121/><U105/><E105/><V32/><F27/><W57/><G57/><T51/><D51/><U113/><E113/><V33/><F33/><W72/><G72/><T62/><D62/><U109/><E109/><N who="0" m="42089" /><D128/><U53/><E41/><V13/><F39/><W78/><G55/><T9/><D9/><U44/><E44/><V61/><F61/><W1/><G1/><T23/><D23/><U31/><REACH who="1" step="1"/><E22/><REACH who="1" ten="280,230,240,240" step="2"/><V5/><F45/><W4/><G47/><T126/><D112/><U25/><E25/><V89/><F24/><W3/><G43/><T46/><D46/><U97/><AGARI ba="1,1" hai="20,26,31,49,53,56,91,93,97,125,127,132,133,134" machi="97" ten="40,8000,1" yaku="1,1,0,1,20,1,52,1,53,0" doraHai="95" doraHaiUra="29" who="1" fromWho="1" sc="280,-41,230,93,240,-21,240,-21" /><INIT seed="1,0,0,4,5,58" ten="239,323,219,219" oya="1" hai0="107,48,50,103,27,135,106,122,73,9,35,79,32" hai1="93,40,129,113,31,71,105,128,92,121,61,100,15" hai2="117,16,86,25,55,115,42,19,74,124,62,54,43" hai3="5,82,10,8,18,26,101,51,109,126,119,78,98"/><U49/><E113/><V23/><F74/><W81/><G109/><T12/><D73/><U134/><E121/><V91/><F117/><W64/><G119/><T114/><D79/><U30/><E134/><V3/><F3/><W29/><G126/><T75/><D75/><U57/><E71/><V47/><F124/><W123/><G123/><T90/><D114/><U88/><E15/><V102/><F102/><W7/><G64/><T127/><D127/><U120/><E120/><V4/><F4/><W34/><G51/><T37/><D37/><U53/><E105/><V83/><F115/><W96/><G18/><T116/><D122/><U52/><E40/><N who="2" m="15403" /><F47/><W95/><G78/><T44/><D103/><U131/><E100/><V41/><N who="2" m="15411" /><V1/><DORA hai="133" /><F1/><W112/><G112/><T69/><D44/><N who="1" m="27687" /><E93/><V125/><F125/><W84/><G5/><T99/><D69/><U85/><AGARI ba="0,0" hai="30,31,53,57,61,85,88,92,128,129,131" m="27687" machi="85" ten="30,11700,0" yaku="19,1,52,1,54,2" doraHai="58,133" who="1" fromWho="1" sc="239,-39,323,117,219,-39,219,-39" /><INIT seed="1,1,0,5,5,34" ten="200,440,180,180" oya="1" hai0="31,51,126,40,16,80,109,17,35,10,103,105,30" hai1="3,99,9,56,128,12,5,28,57,113,48,61,117" hai2="33,85,29,46,22,96,11,98,54,7,43,121,119" hai3="73,76,45,64,39,123,75,93,131,81,133,94,41"/><U110/><E113/><V78/><F119/><W21/><G123/><T100/><D109/><U20/><E117/><V112/><F33/><W88/><G131/><T49/><D126/><U120/><E120/><V101/><F121/><W72/><G133/><T125/><D125/><U122/><E122/><V83/><F112/><W69/><G94/><T52/><D105/><U14/><E128/><V1/><F54/><W107/><G107/><T63/><D35/><U27/><E110/><V18/><F29/><N who="0" m="10762" /><D63/><U66/><E99/><V70/><F101/><N who="0" m="38986" /><D80/><U25/><E25/><V129/><F70/><W4/><G21/><T42/><D51/><U104/><E104/><V60/><F60/><W90/><G69/><T134/><D134/><U130/><E130/><V82/><F82/><W92/><G64/><T26/><D26/><U55/><AGARI ba="1,0" hai="3,5,9,12,14,20,27,28,48,55,56,57,61,66" machi="55" ten="30,3000,0" yaku="0,1,52,1" doraHai="34" who="1" fromWho="1" sc="200,-11,440,33,180,-11,180,-11" /><INIT seed="1,2,0,4,1,29" ten="189,473,169,169" oya="1" hai0="74,58,36,110,92,31,53,131,19,89,116,16,99" hai1="128,43,13,69,68,54,47,111,78,5,83,119,23" hai2="63,82,79,59,106,77,60,61,1,87,133,62,4" hai3="9,20,27,105,32,51,22,103,38,40,6,34,118"/><U80/><E119/><V134/><F106/><W109/><G118/><T49/><D116/><U102/><E102/><V120/><F120/><W11/><G38/><T21/><D110/><U93/><E93/><V48/><F48/><W17/><G109/><T90/><D131/><U3/><E54/><V112/><F112/><W37/><G37/><T115/><D115/><U55/><E55/><V114/><F114/><W44/><G20/><T65/><D36/><U56/><E56/><V71/><F71/><W125/><G125/><T50/><D74/><U123/><E80/><V100/><F100/><W41/><G41/><T98/><D65/><U129/><E123/><V67/><REACH who="2" step="1"/><F77/><REACH who="2" ten="189,473,159,169" step="2"/><W18/><G103/><T33/><D50/><U96/><E69/><V26/><F26/><W14/><REACH who="3" step="1"/><G105/><REACH who="3" ten="189,473,159,159" step="2"/><T85/><D49/><U97/><E111/><V94/><F94/><W15/><AGARI ba="2,2" hai="6,9,11,14,15,17,18,22,27,32,34,40,44,51" machi="15" ten="20,16000,3" yaku="1,1,2,1,0,1,7,1,52,2,53,2" doraHai="29" doraHaiUra="7" who="3" fromWho="3" sc="189,-42,473,-82,159,-42,159,186" /><INIT seed="2,0,0,3,2,113" ten="147,391,117,345" oya="2" hai0="6,124,88,87,97,42,51,76,75,21,100,44,50" hai1="10,0,120,35,53,86,129,93,82,74,32,19,131" hai2="59,67,109,5,22,72,118,18,61,104,77,110,98" hai3="24,60,43,95,116,23,94,37,70,62,48,33,38"/><V58/><F5/><W4/><G116/><T15/><D124/><U85/><E120/><V64/><F72/><W7/><G33/><T126/><D126/><U14/><E0/><V71/><F77/><W11/><G38/><T107/><D75/><U3/><E3/><V40/><F40/><W20/><G37/><T1/><D1/><U135/><E135/><V123/><F123/><W108/><G108/><N who="2" m="41577" /><F67/><W27/><G43/><T80/><D51/><U46/><E74/><V36/><F36/><W106/><G48/><T114/><D114/><U2/><E2/><V73/><F73/><W115/><G115/><T69/><D69/><U12/><E12/><N who="2" m="9543" /><F118/><W105/><G11/><N who="0" m="4599" /><D21/><U49/><E35/><V78/><F78/><W9/><G9/><T81/><D81/><U90/><REACH who="1" step="1"/><E32/><REACH who="1" ten="147,381,117,345" step="2"/><V121/><F121/><W25/><G25/><T63/><D63/><U91/><AGARI ba="0,1" hai="10,14,19,46,49,53,82,85,86,90,91,93,129,131" machi="91" ten="30,8000,1" yaku="1,1,2,1,0,1,25,2,53,0" doraHai="113" doraHaiUra="111" who="1" fromWho="1" sc="147,-20,381,90,117,-40,345,-20" /><INIT seed="3,0,0,0,1,100" ten="127,471,77,325" oya="3" hai0="121,39,105,34,128,18,16,52,104,24,81,31,85" hai1="4,89,64,70,60,15,53,61,65,108,76,59,111" hai2="12,109,55,102,92,22,5,114,13,46,116,82,118" hai3="63,30,54,107,69,28,103,88,127,19,117,99,95"/><W74/><G117/><T14/><D39/><U33/><E33/><V32/><F32/><W20/><G127/><T43/><D43/><U51/><E76/><V94/><F114/><W25/><G74/><T56/><D121/><U133/><E133/><V36/><F36/><W126/><G126/><T67/><D67/><U79/><E79/><V75/><F75/><W73/><G73/><T26/><D26/><U125/><E125/><V129/><F102/><W101/><G101/><T134/><D128/><U131/><E131/><V66/><F129/><W44/><G69/><T86/><D86/><U57/><E89/><V37/><F37/><W11/><G11/><T135/><D18/><U3/><E3/><V113/><F66/><W106/><G44/><T7/><D7/><U87/><E87/><V62/><F113/><W77/><G77/><T48/><D85/><U90/><E90/><V91/><F109/><N who="1" m="42057" /><E15/><N who="2" m="5707" /><F5/><AGARI ba="0,0" hai="4,5,51,53,57,59,60,61,64,65,70" m="42057" machi="5" ten="30,1000,0" yaku="14,1" doraHai="100" who="1" fromWho="2" sc="127,0,471,10,77,-10,325,0" owari="127,-27.3,481,58.1,67,-43.3,325,12.5" /></mjloggm>