<mjloggm ver="2.3"><GO type="225" lobby="0"/><UN n0="%E3%81%A8%E3%82%93%E3%81%A8%E3%81%93%E3%81%A8%E3%82%93" n1="%E5%8E%9F%E7%AF%80%E5%AD%90" n2="%E3%83%A9%E3%83%96%E3%83%AC%E3%83%BC" n3="%77%72%77%72%77%72%77%72" dan="16,16,18,16" rate="2132.30,2087.18,2173.50,2123.86" sx="F,F,M,M"/><TAIKYOKU oya="0"/><INIT seed="0,0,0,0,5,2" ten="250,250,250,250" oya="0" hai0="83,21,84,80,133,68,36,48,62,64,108,123,52" hai1="3,55,128,17,44,98,28,102,110,116,67,129,89" hai2="127,12,59,15,74,23,86,70,56,33,125,37,85" hai3="51,6,113,81,117,96,122,120,92,109,25,40,1"/><T66/><D123/><N who="3" m="47145" /><G113/><T103/><D36/><U104/><E116/><V19/><F37/><W18/><G117/><T13/><D133/><U58/><E3/><V9/><F70/><W32/><G109/><T105/><D108/><U11/><E110/><V22/><F74/><W130/><G130/><N who="1" m="50282" /><E28/><V99/><F99/><W50/><G40/><T5/><D66/><U135/><E135/><V76/><F33/><W121/><N who="3" m="47153" /><W87/><DORA hai="63" /><G1/><T106/><D103/><U45/><E89/><V0/><F0/><W14/><G6/><T30/><D80/><U131/><N who="1" m="50290" /><U134/><DORA hai="88" /><E67/><V75/><F75/><W34/><G25/><T39/><D39/><U111/><E134/><V41/><F41/><W93/><G32/><T46/><D30/><U69/><E69/><V35/><F35/><W90/><G34/><T79/><REACH who="0" step="1"/><D21/><REACH who="0" ten="240,250,250,250" step="2"/><U107/><E111/><V26/><F23/><N who="3" m="11735" /><G81/><T101/><D101/><AGARI ba="0,1" hai="50,51,87,90,92,93,96,101" m="11735,47153" machi="101" ten="40,5200,0" yaku="13,1,52,2" doraHai="2,63,88" who="3" fromWho="0" sc="240,-52,250,0,250,0,250,62" /><INIT seed="1,0,0,4,1,113" ten="188,250,250,312" oya="1" hai0="51,40,89,83,34,135,24,110,133,57,66,92,78" hai1="127,100,88,82,95,3,130,21,102,72,124,114,17" hai2="29,77,45,32,59,44,105,4,123,68,50,125,65" hai3="64,62,111,41,28,11,90,108,80,33,27,117,70"/><U63/><E3/><V69/><F77/><W134/><G134/><T55/><D110/><N who="3" m="42025" /><G117/><T15/><D66/><U71/><E71/><V101/><F4/><W16/><G41/><T26/><D40/><U43/><E43/><V128/><F125/><N who="1" m="48201" /><E63/><V91/><F128/><W84/><G11/><T126/><D126/><U25/><E114/><V14/><F14/><W20/><G33/><T132/><D34/><U73/><E130/><V112/><F91/><W79/><G79/><T104/><D104/><U12/><E25/><N who="2" m="18479" /><F123/><W118/><G118/><T48/><D48/><U1/><E1/><V75/><F75/><N who="1" m="28745" /><E82/><V76/><F76/><W98/><G28/><T53/><D55/><U129/><E129/><V103/><F69/><W121/><G121/><T81/><D15/><U74/><N who="1" m="28753" /><U87/><AGARI ba="0,0" hai="12,17,21,87,88,95,100,102" m="28753,48201" machi="87" ten="50,9600,0" yaku="4,1,18,1,54,1" doraHai="113" who="1" fromWho="1" sc="188,-32,250,96,250,-32,312,-32" /><INIT seed="1,1,0,1,2,36" ten="156,346,218,280" oya="1" hai0="50,133,135,45,107,82,95,118,65,21,39,89,125" hai1="106,71,34,52,73,75,53,129,5,111,87,31,92" hai2="86,126,57,20,128,11,56,114,64,55,42,105,84" hai3="18,7,58,49,54,46,132,115,70,28,68,43,23"/><U47/><E106/><V112/><F105/><W6/><G115/><T85/><D118/><U26/><E71/><V14/><F126/><W134/><G28/><T3/><D107/><U108/><E129/><V12/><F128/><W93/><G93/><T32/><D32/><U76/><E5/><V78/><F20/><W17/><G17/><T48/><D3/><U10/><E10/><V119/><F119/><W110/><G110/><N who="1" m="42026" /><E92/><V130/><F130/><W15/><G6/><T121/><D125/><U113/><E113/><V120/><F64/><W81/><G81/><T94/><D121/><U122/><E122/><V0/><F0/><W123/><G7/><T4/><D65/><U2/><E2/><V40/><F55/><N who="1" m="21065" /><E47/><V33/><F120/><W109/><G123/><T116/><D4/><U79/><E87/><V8/><REACH who="2" step="1"/><F78/><AGARI ba="1,0" hai="26,31,34,73,75,76,78,79" m="21065,42026" machi="78" ten="30,5800,0" yaku="14,1,10,1,54,1" doraHai="36" who="1" fromWho="2" sc="156,0,346,61,218,-61,280,0" /><INIT seed="1,2,0,0,5,90" ten="156,407,157,280" oya="1" hai0="86,78,43,37,96,42,41,95,6,126,24,72,14" hai1="89,64,52,88,10,75,103,19,118,35,84,7,102" hai2="12,91,87,73,116,110,113,59,104,40,25,111,54" hai3="55,51,97,5,123,1,85,26,13,127,106,58,77"/><U18/><E75/><V8/><F73/><W93/><G123/><T107/><D126/><U49/><E35/><V109/><F104/><W132/><G132/><T61/><D107/><U115/><E64/><V31/><F113/><W0/><G127/><T128/><D128/><U45/><E118/><V60/><F40/><W120/><G120/><T27/><D72/><U23/><E115/><V46/><F46/><W33/><G106/><T94/><D37/><U79/><E79/><V22/><F116/><W4/><G33/><T11/><D61/><U70/><E70/><V36/><F36/><W38/><G38/><T20/><D20/><U81/><E89/><V21/><F25/><N who="0" m="9802" /><D96/><U17/><REACH who="1" step="1"/><E23/><REACH who="1" ten="156,397,157,280" step="2"/><V80/><F31/><W133/><G77/><T63/><D63/><U65/><E65/><V71/><F71/><W56/><G133/><T32/><D32/><U83/><E83/><AGARI ba="2,1" hai="6,11,14,41,42,43,78,83,86,94,95" m="9802" machi="83" ten="30,3900,0" yaku="8,1,52,2" doraHai="90" who="0" fromWho="1" sc="156,55,397,-45,157,0,280,0" /><INIT seed="2,0,0,1,1,0" ten="211,352,157,280" oya="2" hai0="41,107,76,133,68,92,56,66,104,6,86,27,4" hai1="128,121,127,75,83,21,90,39,35,132,59,113,78" hai2="9,29,53,64,103,88,93,96,55,99,45,26,97" hai3="118,54,102,81,7,115,116,17,13,73,108,38,52"/><V117/><F117/><W131/><G38/><T124/><D68/><U74/><E35/><V79/><F64/><W12/><G108/><T94/><D124/><U36/><E113/><V72/><F72/><W30/><G30/><T50/><D133/><U85/><E132/><V126/><F126/><W11/><G115/><T58/><D27/><U114/><E114/><V69/><F69/><W120/><G120/><T91/><D76/><U61/><E127/><V82/><F45/><W65/><G65/><T119/><D119/><U34/><E34/><V24/><F24/><W125/><G125/><T1/><D1/><U111/><E111/><V28/><F28/><W49/><G102/><T37/><D37/><U122/><E75/><V109/><F109/><W23/><G54/><T16/><D66/><N who="1" m="39231" /><E21/><V15/><F82/><W18/><G18/><T40/><D50/><U60/><E60/><V77/><F55/><W89/><G131/><T48/><D48/><U134/><E128/><V129/><F53/><W110/><G110/><T106/><D16/><U80/><E134/><V100/><F129/><W31/><G31/><T42/><REACH who="0" step="1"/><D94/><REACH who="0" ten="201,352,157,280" step="2"/><U130/><E130/><V14/><F103/><W19/><G19/><T123/><D123/><AGARI ba="0,1" hai="36,39,74,78,80,83,85,90,121,122,123" m="39231" machi="123" ten="30,1000,0" yaku="13,1" doraHai="0" who="1" fromWho="0" sc="201,-10,352,20,157,0,280,0" /><INIT seed="3,0,0,4,3,9" ten="191,372,157,280" oya="3" hai0="55,118,36,107,60,6,20,51,33,73,106,125,18" hai1="56,78,63,97,100,117,69,23,86,24,83,1,62" hai2="126,93,30,114,34,119,74,84,50,95,48,80,2" hai3="130,43,98,59,131,58,132,103,116,67,22,35,94"/><W90/><G116/><T113/><D118/><U96/><E1/><V68/><F119/><W99/><G35/><T123/><D123/><U8/><E117/><V87/><F2/><W29/><G132/><T52/><D36/><U72/><E69/><V134/><F68/><W26/><G43/><T32/><D73/><U111/><E111/><V85/><F134/><W110/><G110/><T14/><D125/><U135/><E135/><V15/><F126/><W39/><G39/><T120/><D120/><U66/><E63/><V7/><F114/><W49/><G49/><T4/><D113/><U71/><E71/><V70/><F70/><W41/><G41/><T91/><D91/><U42/><E42/><V47/><F74/><W89/><G89/><T75/><D75/><U19/><E8/><V128/><F128/><N who="3" m="49195" /><G67/><T108/><D108/><U46/><E46/><V129/><F30/><W57/><G57/><T17/><D60/><U104/><E72/><V44/><F34/><W81/><G81/><T27/><D51/><N who="2" m="19498" /><F80/><W45/><G45/><N who="2" m="17481" /><F129/><W82/><G82/><T0/><D0/><U127/><E127/><V13/><F7/><W121/><G121/><T133/><D133/><U10/><E10/><V102/><F102/><W31/><G31/><T109/><D109/><U64/><E97/><V101/><F95/><AGARI ba="0,0" hai="22,26,29,58,59,90,94,95,98,99,103" m="49195" machi="95" ten="30,1500,0" yaku="19,1" doraHai="9" who="3" fromWho="2" sc="191,0,372,0,157,-15,280,15" /><INIT seed="3,1,0,3,4,127" ten="191,372,142,295" oya="3" hai0="113,80,75,41,42,98,53,35,47,31,88,57,7" hai1="8,51,89,15,121,129,118,22,45,78,86,64,102" hai2="52,63,38,40,104,133,1,66,87,26,72,105,94" hai3="134,25,61,3,11,18,74,125,33,67,56,122,97"/><W58/><G122/><T20/><D35/><U110/><E121/><V111/><F72/><W55/><G125/><T59/><D113/><U46/><E110/><V114/><F111/><W79/><G134/><T17/><D31/><U37/><E129/><V9/><F133/><W126/><G126/><T128/><D128/><U95/><E37/><V106/><F114/><W84/><G74/><T132/><D132/><U24/><E64/><V90/><F26/><W70/><G3/><T108/><D108/><U116/><E102/><V77/><F77/><W21/><G11/><T36/><D7/><N who="1" m="3487" /><E78/><V81/><F40/><N who="0" m="15466" /><D36/><U49/><E118/><V76/><F38/><W135/><G135/><T39/><D39/><U117/><E117/><V13/><F1/><W2/><G2/><T82/><D75/><U5/><E5/><V71/><F106/><W69/><G33/><T44/><D80/><U30/><E116/><V54/><F105/><W73/><G73/><T131/><D131/><U6/><E6/><V83/><F104/><W60/><REACH who="3" step="1"/><G97/><REACH who="3" ten="191,372,142,285" step="2"/><T91/><D98/><U4/><E4/><V28/><F28/><W119/><G119/><T19/><D82/><AGARI ba="1,1" hai="18,21,25,55,56,58,60,61,67,69,70,79,82,84" machi="82" ten="40,2000,0" yaku="1,1,53,0" doraHai="127" doraHaiUra="27" who="3" fromWho="0" sc="191,-23,372,0,142,0,285,33" /><INIT seed="3,2,0,2,2,127" ten="168,372,142,318" oya="3" hai0="23,17,87,36,71,103,100,64,19,34,114,129,126" hai1="55,25,31,119,38,82,116,106,28,65,108,110,51" hai2="41,85,133,123,44,83,92,88,130,3,1,77,39" hai3="50,62,10,117,32,21,73,122,47,128,56,93,68"/><W80/><G117/><N who="1" m="45130" /><E106/><V125/><F125/><W20/><G122/><T84/><D34/><N who="1" m="20751" /><E38/><V26/><F123/><W49/><G32/><T67/><D36/><U124/><E124/><V33/><F133/><W75/><G68/><T13/><D126/><U9/><E31/><V54/><F54/><W24/><G10/><N who="0" m="6327" /><D129/><U120/><E120/><V37/><F37/><W70/><G70/><T112/><D71/><U0/><E65/><N who="0" m="25161" /><D112/><U89/><E0/><V69/><F69/><W42/><G128/><T2/><D2/><U8/><E89/><V99/><REACH who="2" step="1"/><F130/><REACH who="2" ten="168,372,132,318" step="2"/><W40/><G62/><T95/><D114/><U104/><E55/><V102/><F102/><N who="0" m="38954" /><D95/><U101/><E104/><V121/><F121/><W45/><G93/><T131/><D131/><U27/><E101/><V81/><F81/><W98/><G80/><T6/><D6/><U118/><E82/><V96/><F96/><W135/><G98/><T30/><D30/><AGARI ba="2,1" hai="1,3,26,30,33,39,41,44,77,83,85,88,92,99" machi="30" ten="40,5200,0" yaku="1,1,54,1,53,1" doraHai="127" doraHaiUra="79" who="2" fromWho="0" sc="168,-58,372,0,132,68,318,0" owari="110,-39.0,372,47.2,200,-20.0,318,11.8" /></mjloggm>