<mjloggm ver="2.3"><GO type="225" lobby="0"/><UN n0="%E3%81%9F%E3%81%8B%E3%80%82" n1="%E3%82%A2%E3%83%A1%E3%82%A2%E3%83%A9%E3%83%AC" n2="%E8%BE%9B%E5%8F%A3%E3%82%AB%E3%83%AC%E3%83%BC%E3%83%A9%E3%82%A4%E3%82%B9" n3="%E6%A1%9C%E8%8A%B1%E9%96%83%E3%80%85" dan="16,16,18,16" rate="2089.87,2179.37,2285.28,2176.25" sx="M,M,M,M"/><TAIKYOKU oya="0"/><INIT seed="0,0,0,1,1,31" ten="250,250,250,250" oya="0" hai0="32,92,84,1,94,7,106,42,27,83,3,133,96" hai1="53,61,135,17,59,21,52,100,99,62,47,72,13" hai2="10,126,50,105,57,98,122,81,64,41,109,39,35" hai3="76,5,33,101,119,131,9,102,104,116,19,120,12"/><T38/><D106/><U130/><E135/><V103/><F122/><W128/><G76/><T55/><D94/><U93/><E130/><N who="3" m="49706" /><G104/><T132/><D55/><U30/><E72/><V29/><F109/><W34/><G120/><T70/><D70/><U82/><E30/><V40/><F126/><W60/><G60/><T11/><D3/><U67/><E82/><V127/><F127/><W115/><G115/><T24/><D42/><U86/><E86/><V69/><F81/><W44/><G44/><T22/><D38/><U118/><E118/><N who="3" m="45098" /><G5/><T107/><D107/><U88/><E47/><V66/><F10/><W123/><G123/><T15/><D83/><U18/><E100/><AGARI ba="0,0" hai="9,12,19,33,34,100,101,102" m="45098,49706" machi="100" ten="30,3900,0" yaku="19,1,52,2" doraHai="31" who="3" fromWho="1" sc="250,0,250,-39,250,0,250,39" /><INIT seed="1,0,0,3,0,8" ten="250,211,250,289" oya="1" hai0="128,117,98,55,24,100,67,78,121,53,71,101,97" hai1="120,10,22,20,99,124,108,64,48,116,14,17,28" hai2="131,74,135,125,41,49,51,122,18,60,127,118,103" hai3="115,39,130,23,69,95,134,83,86,61,104,38,96"/><U44/><E116/><V65/><F118/><W84/><G115/><T0/><D121/><U102/><E120/><V50/><F122/><W15/><G104/><T3/><D117/><U56/><E124/><N who="2" m="47691" /><F74/><W9/><G134/><T4/><D128/><U72/><E72/><V87/><F103/><W68/><G130/><T21/><D78/><U85/><E108/><V132/><F131/><W30/><G86/><T40/><D40/><U5/><E85/><V109/><F18/><W16/><G30/><T113/><D113/><U90/><E90/><V93/><F93/><W42/><G9/><T81/><D81/><U52/><E28/><V123/><F87/><W34/><G34/><T1/><D4/><U37/><E5/><V112/><F112/><W63/><G69/><T106/><D67/><U82/><E82/><V54/><F123/><W11/><G11/><T58/><D71/><U119/><E119/><V62/><F109/><W12/><G12/><T45/><D45/><U13/><E13/><V91/><F91/><N who="3" m="55423" /><G68/><T77/><D77/><U59/><E37/><V105/><F105/><W126/><G126/><T80/><D80/><U114/><E114/><V129/><F129/><W76/><G39/><T19/><REACH who="0" step="1"/><D58/><REACH who="0" ten="240,211,250,289" step="2"/><N who="1" m="22059" /><E64/><V89/><F65/><W79/><G79/><T47/><D47/><U70/><E70/><V27/><F135/><W43/><G38/><T73/><D73/><U110/><E110/><V25/><F132/><W46/><G46/><T88/><D88/><U107/><E44/><N who="2" m="25743" /><F89/><W75/><G75/><T26/><D26/><N who="2" m="9738" /><F54/><W7/><G7/><T57/><D57/><RYUUKYOKU ba="0,1" sc="240,0,211,0,250,0,289,0" hai0="0,1,3,19,21,24,53,55,97,98,100,101,106" hai1="10,14,17,20,22,48,52,99,102,107" hai2="50,51,60,62" hai3="15,16,23,42,43,61,63,76,83,84" /><INIT seed="1,1,1,3,2,49" ten="240,211,250,289" oya="1" hai0="10,52,100,135,22,115,0,110,107,2,69,36,73" hai1="27,96,37,88,113,129,109,50,133,54,33,65,17" hai2="131,19,38,62,81,99,24,72,105,79,6,45,101" hai3="15,103,104,64,111,42,11,57,98,3,121,9,30"/><U58/><E113/><V122/><F122/><W85/><G121/><T56/><D69/><U34/><E37/><V46/><F131/><W94/><G111/><T53/><D115/><U70/><E129/><V4/><F62/><W126/><G126/><T118/><D118/><U39/><E39/><V93/><F105/><W74/><G3/><T47/><D73/><U127/><E127/><V132/><F132/><W7/><G74/><T20/><D110/><U21/><E109/><V90/><F101/><W66/><G42/><T1/><D135/><U80/><E133/><V55/><F38/><W97/><G30/><T8/><D107/><U5/><E5/><V28/><F19/><W60/><G85/><T29/><D100/><U61/><REACH who="1" step="1"/><E80/><REACH who="1" ten="240,201,250,289" step="2"/><V114/><F114/><W116/><G116/><T82/><D82/><U71/><E71/><V91/><F4/><W51/><G7/><T16/><D36/><U78/><E78/><V18/><F6/><W83/><G83/><T25/><D47/><U102/><E102/><V120/><F45/><W31/><G104/><T41/><D41/><U77/><E77/><V108/><F108/><W67/><G103/><T92/><D56/><U63/><E63/><V95/><F79/><W23/><G57/><T13/><REACH who="0" step="1"/><D92/><AGARI ba="1,2" hai="17,21,27,33,34,50,54,58,61,65,70,88,92,96" machi="92" ten="40,12000,1" yaku="1,1,52,1,54,1,53,1" doraHai="49" doraHaiUra="89" who="1" fromWho="0" sc="240,-123,201,143,250,0,289,0" /><INIT seed="1,2,0,5,0,49" ten="117,344,250,289" oya="1" hai0="54,46,99,6,121,4,60,84,10,32,55,92,59" hai1="100,117,30,108,119,94,12,124,47,9,62,16,79" hai2="52,7,63,82,120,18,110,14,97,19,105,53,66" hai3="33,8,88,67,89,58,122,20,96,80,5,101,2"/><U45/><E124/><V43/><F120/><W72/><G122/><T130/><D130/><U13/><E108/><V48/><F110/><W118/><G33/><T27/><D121/><U42/><E30/><V107/><F82/><W133/><G133/><T21/><D32/><U70/><E79/><V103/><F107/><W40/><G40/><T131/><D131/><U98/><E47/><V115/><F115/><W102/><G118/><T127/><D127/><U123/><E123/><V51/><F43/><W83/><G20/><T129/><D129/><U22/><E62/><V39/><F39/><W23/><G23/><T134/><D134/><U78/><E70/><V106/><F106/><W126/><G102/><T125/><D125/><U28/><E78/><V38/><F38/><W77/><G83/><T93/><D84/><U87/><E87/><V1/><F1/><W25/><G25/><T73/><D73/><U85/><E85/><V44/><F7/><W76/><G76/><T56/><D46/><U61/><E61/><V3/><F3/><W57/><G126/><T95/><D99/><U11/><E28/><V69/><F14/><W36/><G36/><T15/><D6/><U71/><E71/><V17/><F17/><W111/><G111/><T81/><D81/><U75/><E75/><V34/><F34/><W68/><G68/><T31/><D93/><U90/><E117/><V109/><F109/><W0/><G0/><T128/><D128/><U135/><E135/><V86/><F86/><W64/><G2/><T35/><D35/><U37/><E119/><V116/><F116/><RYUUKYOKU ba="2,0" sc="117,15,344,-15,250,15,289,-15" hai0="4,10,15,21,27,31,54,55,56,59,60,92,95" hai2="18,19,44,48,51,52,53,63,66,69,97,103,105" /><INIT seed="2,3,0,2,0,13" ten="132,329,265,274" oya="2" hai0="16,37,15,74,98,86,100,81,129,128,77,105,135" hai1="87,80,124,39,26,73,62,38,33,127,47,35,88" hai2="131,118,42,45,5,7,57,133,91,103,29,111,61" hai3="96,114,36,19,72,93,102,89,52,126,43,50,134"/><V109/><F118/><W66/><G134/><T85/><D135/><U82/><E62/><V71/><F133/><W53/><G126/><N who="1" m="48170" /><E47/><V3/><F71/><W120/><G120/><T23/><REACH who="0" step="1"/><D37/><REACH who="0" ten="122,329,265,274" step="2"/><U1/><E39/><V106/><F111/><W22/><G36/><T69/><D69/><U108/><E38/><V59/><F109/><W110/><G110/><T83/><D83/><U67/><E82/><V10/><F131/><AGARI ba="3,1" hai="15,16,23,74,77,81,85,86,98,100,105,128,129,131" machi="131" ten="40,8000,1" yaku="1,1,19,1,52,1,54,1,53,0" doraHai="13" doraHaiUra="54" who="0" fromWho="2" sc="122,99,329,0,265,-89,274,0" /><INIT seed="3,0,0,2,4,54" ten="221,329,176,274" oya="3" hai0="124,27,98,66,64,6,76,52,69,3,116,51,29" hai1="81,13,56,94,86,72,58,93,71,38,60,133,1" hai2="7,134,34,128,131,37,24,91,127,79,114,83,113" hai3="88,102,103,78,45,89,20,120,35,67,28,82,26"/><W121/><G35/><T40/><D116/><U31/><E1/><V77/><F7/><W105/><G67/><T80/><D124/><U41/><E72/><N who="2" m="43431" /><F24/><W129/><G129/><N who="2" m="49737" /><F34/><W62/><G62/><T39/><D98/><U44/><E133/><V36/><F36/><W73/><G45/><N who="0" m="23711" /><D69/><U47/><E31/><V4/><F4/><W110/><G110/><T30/><D29/><U53/><E71/><V17/><F17/><W126/><G126/><T43/><D43/><U107/><E107/><V111/><F37/><W97/><G103/><T63/><D27/><U9/><E58/><V115/><F127/><W2/><G2/><T50/><D30/><U61/><E47/><V117/><F117/><W15/><G15/><T19/><D19/><U57/><E57/><V5/><F5/><W92/><G89/><T23/><D23/><U101/><E101/><V90/><F111/><W12/><G12/><T84/><D6/><U70/><E70/><V18/><F18/><W32/><G32/><T112/><D3/><U46/><E46/><V22/><F22/><W25/><G25/><T119/><D119/><U99/><E61/><V21/><F21/><W87/><AGARI ba="0,0" hai="20,26,28,73,78,82,87,88,92,97,102,105,120,121" machi="87" ten="20,12000,1" yaku="0,1,7,1,24,2,54,1" doraHai="54" who="3" fromWho="3" sc="221,-40,329,-40,176,-40,274,120" owari="181,-21.9,289,8.9,136,-36.4,394,49.4" /></mjloggm>