<mjloggm ver="2.3"><GO type="225" lobby="0"/><UN n0="%77%72%77%72%77%72%77%72" n1="%47%68%6F%73%74%55%30" n2="%E7%89%B9%E6%9D%B1%E3%81%AF%E4%B8%96%E7%95%8C%E3%82%92%E6%95%91%E3%81%86" n3="%E3%81%AA%E3%82%81%E3%81%93%E9%9B%80%E5%A3%AB" dan="17,17,16,16" rate="2163.28,2131.13,2042.38,2052.48" sx="M,M,M,M"/><TAIKYOKU oya="0"/><INIT seed="0,0,0,0,5,80" ten="250,250,250,250" oya="0" hai0="78,106,9,3,89,126,32,60,24,29,27,42,36" hai1="61,48,105,85,62,57,55,114,53,54,74,7,31" hai2="81,17,20,99,65,16,130,101,67,12,111,35,38" hai3="21,28,68,1,10,25,70,115,72,100,110,40,45"/><T91/><D126/><U127/><E74/><V131/><F111/><W90/><G110/><T87/><D106/><U93/><E105/><V124/><F124/><W56/><G115/><T125/><D125/><U116/><E127/><V77/><F38/><W118/><G72/><T76/><D60/><N who="1" m="23147" /><E116/><V113/><F35/><W86/><G56/><T73/><D73/><U30/><E7/><V94/><F113/><W63/><G63/><T0/><D24/><U5/><E5/><V26/><F131/><W71/><G100/><T84/><D42/><U98/><E114/><V4/><F4/><W69/><G10/><T46/><D46/><U49/><E85/><N who="2" m="48303" /><F130/><W37/><N who="3" m="17408" /><DORA hai="122" /><W134/><G1/><T52/><D36/><U23/><E23/><AGARI ba="0,0" hai="12,16,17,20,23,26,65,67,94,99,101" m="48303" machi="23" ten="30,3900,0" yaku="8,1,52,1,54,1" doraHai="80,122" who="2" fromWho="1" sc="250,0,250,-39,250,39,250,0" /><INIT seed="1,0,0,0,5,73" ten="250,211,289,250" oya="1" hai0="84,119,70,15,107,20,22,71,89,39,105,98,79" hai1="135,101,50,13,26,94,60,16,45,88,97,4,110" hai2="19,34,14,86,3,77,31,1,5,65,90,74,116" hai3="124,56,128,21,40,51,32,47,0,61,24,125,81"/><U36/><E36/><V134/><F116/><W113/><G113/><T48/><D39/><U122/><E122/><V131/><F65/><W17/><G0/><T30/><D119/><U46/><E135/><V82/><F134/><W38/><G128/><T111/><D111/><U2/><E110/><V104/><F131/><W7/><G7/><T41/><D30/><U109/><E109/><V37/><F37/><W52/><G32/><T85/><D70/><U127/><E127/><V42/><F42/><W78/><REACH who="3" step="1"/><G38/><REACH who="3" ten="250,211,289,240" step="2"/><T102/><D71/><U75/><E2/><V28/><F5/><W18/><G18/><T29/><D29/><U92/><E75/><AGARI ba="0,1" hai="17,21,24,40,47,51,52,56,61,75,78,81,124,125" machi="75" ten="40,5200,0" yaku="1,1,52,1,54,1,53,0" doraHai="73" doraHaiUra="69" who="3" fromWho="1" sc="250,0,211,-52,289,0,240,62" /><INIT seed="2,0,0,0,5,1" ten="250,159,289,302" oya="2" hai0="61,48,102,7,123,17,82,75,45,116,121,126,29" hai1="89,95,113,132,16,98,9,43,125,64,65,59,131" hai2="52,84,104,76,77,49,8,63,134,36,129,87,106" hai3="3,80,54,86,124,66,108,20,71,0,37,53,57"/><V68/><F36/><W31/><G37/><T70/><D126/><U10/><E113/><V42/><F42/><W35/><G35/><T56/><D70/><U13/><E131/><V22/><F129/><W97/><G108/><T33/><D116/><U15/><E132/><V122/><F122/><W111/><G54/><T34/><D102/><U62/><E125/><V44/><F134/><W96/><G111/><T21/><D7/><U30/><E30/><V25/><F8/><W133/><G3/><T117/><D117/><U91/><E43/><V58/><F68/><W28/><G0/><T14/><D75/><U100/><E65/><V60/><F106/><W19/><G66/><T40/><D82/><U2/><E2/><V46/><F104/><W24/><G71/><T105/><D105/><U4/><AGARI ba="0,0" hai="4,9,10,13,15,16,59,62,64,89,91,95,98,100" machi="4" ten="20,8000,1" yaku="0,1,7,1,8,1,52,1,54,1" doraHai="1" who="1" fromWho="1" sc="250,-20,159,80,289,-40,302,-20" /><INIT seed="3,0,0,5,3,90" ten="230,239,249,282" oya="3" hai0="31,29,133,67,85,48,86,44,71,21,103,122,43" hai1="117,68,32,16,130,61,15,87,112,118,123,80,13" hai2="111,75,49,23,73,93,56,77,88,11,41,1,110" hai3="96,54,84,14,91,101,94,8,30,72,40,100,59"/><W128/><G72/><T58/><D122/><U20/><E123/><V28/><F28/><N who="0" m="10826" /><D71/><U127/><E32/><V97/><F23/><W6/><G128/><T39/><D39/><U74/><E112/><V109/><F77/><W7/><G30/><T116/><D133/><U78/><E130/><V95/><F95/><N who="3" m="54759" /><G40/><T35/><D35/><U70/><E127/><V46/><F56/><W36/><G36/><T10/><D10/><U66/><E70/><V37/><F37/><W81/><G81/><T50/><D116/><N who="1" m="44651" /><E74/><V0/><F0/><W51/><G101/><T4/><D4/><AGARI ba="0,0" hai="1,4,11,41,46,49,73,75,88,93,97,109,110,111" machi="4" ten="40,5200,0" yaku="14,1,52,1,54,1" doraHai="90" who="2" fromWho="0" sc="230,-52,239,0,249,52,282,0" /><AGARI ba="0,0" hai="4,6,7,8,14,51,54,59,94,96,100" m="54759" machi="4" ten="30,5800,0" yaku="8,1,52,2" doraHai="90" who="3" fromWho="0" sc="178,-58,239,0,301,0,282,58" owari="120,-38.0,239,-16.1,301,10.1,340,44.0" /></mjloggm>