<mjloggm ver="2.3"><GO type="225" lobby="0"/><UN n0="%77%72%77%72%77%72%77%72" n1="%E8%90%BD%E6%97%A5" n2="%E6%A1%9C%E8%8A%B1%E9%96%83%E3%80%85" n3="%E7%89%B9%E6%9D%B1%E3%81%AF%E4%B8%96%E7%95%8C%E3%82%92%E6%95%91%E3%81%86" dan="17,16,16,16" rate="2151.56,2151.01,2183.09,2047.15" sx="M,F,M,M"/><TAIKYOKU oya="0"/><INIT seed="0,0,0,0,1,57" ten="250,250,250,250" oya="0" hai0="81,115,133,130,93,1,25,127,59,20,135,106,29" hai1="102,51,60,80,30,28,85,27,101,105,38,90,67" hai2="15,104,109,54,114,110,52,61,83,63,34,70,45" hai3="42,14,47,31,9,75,66,89,121,58,69,107,56"/><T46/><D106/><U22/><E38/><V94/><F104/><W33/><G75/><T82/><D115/><U118/><E118/><V112/><F34/><W97/><G121/><T11/><D127/><U21/><E105/><V24/><F24/><W13/><G13/><T87/><D130/><U99/><E99/><V103/><F83/><W43/><G43/><T44/><D59/><U6/><E6/><V134/><F134/><N who="0" m="51210" /><D93/><U50/><E30/><V113/><F15/><W37/><G69/><T86/><D11/><U55/><E22/><V41/><F94/><W4/><G66/><T3/><D87/><U79/><E79/><V8/><F8/><W120/><G120/><T26/><D26/><U132/><E132/><V116/><F103/><W2/><G107/><T78/><D81/><U124/><E124/><V128/><F128/><W88/><G97/><T23/><D20/><U77/><E77/><V32/><F32/><W40/><G14/><T96/><D96/><U73/><E73/><V119/><F70/><W19/><G33/><T49/><D46/><U65/><E101/><V36/><F116/><W10/><G10/><T17/><D29/><U0/><E102/><V16/><F119/><W68/><G31/><T84/><D86/><U62/><E0/><V7/><F7/><W117/><G68/><T131/><D131/><U5/><E5/><V122/><F16/><W48/><G19/><T129/><D129/><U100/><E100/><V95/><F122/><W18/><G18/><T74/><D74/><U76/><E80/><V39/><F113/><W92/><G117/><RYUUKYOKU ba="0,0" sc="250,30,250,-10,250,-10,250,-10" hai0="1,3,17,23,25,44,49,78,82,84" /><INIT seed="0,1,0,3,2,45" ten="280,240,240,240" oya="0" hai0="116,27,58,38,22,78,130,126,86,108,14,97,29" hai1="80,85,134,121,6,5,1,60,115,17,103,59,13" hai2="35,124,96,71,31,19,98,50,43,111,123,133,54" hai3="4,66,26,7,107,90,61,118,47,37,131,92,24"/><T113/><D113/><U53/><E115/><V101/><F123/><W48/><G107/><T67/><D116/><U127/><E121/><V21/><F111/><W56/><G118/><T132/><D38/><U62/><E127/><V57/><F124/><W18/><G37/><T30/><D126/><U112/><E134/><V100/><F71/><W81/><G81/><T49/><D132/><U28/><E28/><V84/><F133/><W39/><G39/><T16/><D108/><U20/><E112/><V129/><F129/><W0/><G131/><T119/><D119/><U15/><E1/><V89/><F43/><W109/><G109/><T44/><D130/><U68/><E103/><N who="2" m="39499" /><F31/><W55/><G0/><T64/><D97/><U106/><E106/><V72/><F72/><W120/><G120/><T34/><D29/><U114/><E114/><V41/><F41/><W122/><G122/><T69/><D69/><U42/><E42/><V105/><F35/><W104/><G104/><T117/><D117/><U10/><E68/><V73/><F73/><W11/><G11/><T74/><D74/><U8/><E62/><V128/><F105/><W52/><G55/><N who="0" m="32111" /><D44/><U46/><E46/><V51/><F128/><W135/><G135/><T94/><D78/><U32/><E32/><V70/><F70/><W36/><G36/><T40/><D40/><U87/><E80/><N who="2" m="49287" /><F51/><W82/><G82/><T110/><D110/><U88/><E88/><AGARI ba="1,0" hai="14,16,22,27,30,34,64,67,86,88,94" m="32111" machi="88" ten="30,11600,0" yaku="25,1,52,1,54,2" doraHai="45" who="0" fromWho="1" sc="280,119,240,-119,240,0,240,0" /><INIT seed="0,2,0,3,2,126" ten="399,121,240,240" oya="0" hai0="77,131,1,76,94,20,10,5,23,104,71,105,17" hai1="81,69,85,21,63,24,53,75,36,60,124,70,49" hai2="40,39,109,41,90,2,123,102,79,130,19,120,12" hai3="28,15,25,6,111,4,26,88,84,134,101,93,115"/><T73/><D71/><U46/><E75/><V27/><F2/><W132/><G115/><T55/><D131/><U133/><E133/><N who="3" m="51306" /><G111/><T16/><D94/><U122/><E122/><V32/><F109/><W92/><G15/><T54/><D10/><U100/><E100/><V57/><F79/><W64/><G64/><T97/><D97/><U121/><E121/><V52/><F102/><W59/><G59/><T22/><D5/><N who="3" m="2153" /><G28/><T0/><REACH who="0" step="1"/><D20/><REACH who="0" ten="389,121,240,240" step="2"/><U112/><E70/><V72/><F123/><W34/><G34/><T47/><D47/><U35/><E35/><V68/><F120/><W80/><G92/><T113/><D113/><U42/><E112/><V7/><F68/><W44/><G44/><T38/><D38/><U66/><E124/><V11/><F39/><W117/><G117/><T83/><D83/><U3/><E3/><V116/><F116/><W108/><G108/><T78/><D78/><U114/><E114/><V37/><F37/><W61/><G61/><T65/><D65/><U86/><E63/><V14/><F7/><W96/><AGARI ba="2,1" hai="25,26,80,84,88,93,96,101" m="2153,51306" machi="96" ten="30,2000,0" yaku="20,1,54,1" doraHai="126" who="3" fromWho="3" sc="389,-12,121,-7,240,-7,240,36" /><INIT seed="1,0,0,1,3,98" ten="377,114,233,276" oya="1" hai0="63,127,31,23,35,43,66,52,67,61,122,91,112" hai1="49,41,96,34,55,32,133,101,108,60,80,73,59" hai2="99,22,29,40,93,47,14,116,58,115,123,82,126" hai3="15,95,118,120,129,75,78,86,46,134,105,2,64"/><U84/><E133/><V21/><F116/><W107/><G2/><T103/><D112/><U125/><E73/><V4/><F123/><W25/><G64/><T20/><D122/><U135/><E135/><V76/><F115/><W68/><G68/><T77/><D77/><U88/><E125/><V57/><F126/><W56/><G56/><T42/><D127/><U1/><E1/><V94/><F94/><W100/><G15/><T109/><D109/><U72/><E72/><V113/><F113/><W102/><G46/><T90/><D31/><U65/><E41/><V121/><F29/><W104/><G25/><T50/><D35/><U12/><E12/><V83/><F83/><N who="3" m="45535" /><G120/><T87/><D87/><U8/><E8/><V44/><F44/><W111/><G134/><T10/><D10/><U30/><E30/><V79/><F79/><W48/><G48/><T27/><D50/><U36/><E36/><V45/><F45/><W26/><G26/><T37/><D27/><U11/><E11/><N who="2" m="4455" /><F57/><W28/><G28/><T39/><D52/><U16/><E108/><V51/><F58/><W6/><G111/><T3/><D3/><U85/><E85/><N who="2" m="48327" /><F121/><W53/><G118/><T89/><D89/><AGARI ba="0,0" hai="21,22,40,47,51,89,93,99" m="48327,4455" machi="89" ten="30,2000,0" yaku="25,1,8,1" doraHai="98" who="2" fromWho="0" sc="377,-20,114,0,233,20,276,0" /><INIT seed="2,0,0,4,1,39" ten="357,114,253,276" oya="2" hai0="119,33,22,100,122,131,29,115,30,55,120,110,128" hai1="117,86,135,99,65,49,87,9,108,40,121,21,106" hai2="4,82,94,116,63,5,26,74,84,56,48,134,24" hai3="90,83,6,76,98,114,61,12,71,11,8,50,47"/><V43/><F116/><W32/><G32/><T91/><D115/><U133/><E117/><V80/><F134/><W77/><G114/><T31/><D119/><U124/><E65/><N who="2" m="39143" /><F74/><W2/><G71/><T53/><D33/><U35/><E35/><V96/><F24/><W113/><G61/><T75/><D75/><U68/><E68/><V107/><F26/><W41/><G113/><T69/><D69/><U66/><E66/><V129/><F107/><W85/><REACH who="3" step="1"/><G98/><REACH who="3" ten="357,114,253,266" step="2"/><T58/><D122/><U73/><E121/><V111/><F129/><W57/><G57/><T127/><D58/><U109/><E99/><V20/><F111/><N who="1" m="42569" /><E106/><V27/><F96/><W78/><G78/><T103/><D120/><U64/><E64/><V62/><F62/><W130/><G130/><T95/><D110/><U36/><E124/><V70/><F70/><W132/><G132/><N who="1" m="50762" /><E73/><V101/><F84/><N who="1" m="32297" /><E21/><V19/><F20/><W14/><G14/><T81/><D127/><U37/><E9/><V42/><F101/><N who="0" m="38986" /><D131/><U45/><AGARI ba="0,1" hai="36,37,40,45,49" m="32297,50762,42569" machi="45" ten="40,5200,0" yaku="14,1,20,1,52,1" doraHai="39" who="1" fromWho="1" sc="357,-13,114,62,253,-26,266,-13" /><INIT seed="3,0,0,1,0,56" ten="344,176,227,253" oya="3" hai0="9,39,122,68,31,35,108,95,32,58,10,64,131" hai1="110,57,59,18,12,54,133,132,8,112,106,0,5" hai2="115,90,70,101,91,47,11,107,113,118,62,102,119" hai3="85,24,111,60,45,69,14,117,34,46,72,16,51"/><W100/><G117/><N who="2" m="44553" /><F11/><W99/><G72/><T6/><D122/><U71/><E71/><V123/><F47/><W50/><G111/><T33/><D131/><U19/><E112/><N who="2" m="43083" /><F70/><W65/><G85/><T61/><D108/><U97/><E110/><V76/><F62/><W44/><G24/><T93/><D39/><U77/><E59/><V63/><F63/><W86/><G86/><T96/><D93/><U37/><E37/><V98/><F123/><W29/><G29/><T7/><D68/><U129/><E129/><V78/><F102/><W120/><G34/><T48/><D48/><U42/><E42/><V92/><F91/><W127/><G120/><T1/><D31/><U79/><E19/><V134/><F134/><W4/><G4/><T66/><D66/><U22/><E132/><V94/><F94/><W73/><G73/><T30/><D30/><U53/><E133/><V67/><F67/><W43/><G50/><T124/><D32/><U25/><E54/><V104/><F101/><W126/><G51/><T89/><D33/><U3/><E3/><V116/><F116/><W84/><G43/><T81/><D35/><U83/><E0/><V75/><F75/><W17/><G84/><T26/><D1/><U125/><E125/><N who="3" m="47626" /><G14/><T82/><D124/><U135/><E135/><V55/><F55/><W2/><G2/><N who="0" m="215" /><D26/><U49/><E83/><N who="0" m="31753" /><D7/><U40/><E40/><V103/><F103/><W21/><G21/><T114/><D114/><U20/><E20/><V15/><F15/><W87/><G87/><T27/><D27/><U74/><E74/><V80/><F80/><RYUUKYOKU ba="0,0" sc="344,0,176,0,227,0,253,0" hai0="10,58,61,64,89,95,96" hai1="5,8,12,18,22,25,49,53,57,77,79,97,106" hai2="76,78,90,92,98,104,107" hai3="16,17,44,45,46,60,65,69,99,100" /><INIT seed="3,1,0,5,2,99" ten="344,176,227,253" oya="3" hai0="30,38,81,94,108,59,35,113,53,122,88,68,69" hai1="32,0,1,131,12,62,61,48,70,16,123,124,115" hai2="55,51,34,26,118,29,100,114,79,119,91,43,31" hai3="109,49,120,83,36,41,130,21,121,52,19,15,3"/><W80/><G3/><T85/><D122/><U125/><E123/><V10/><F114/><W133/><G130/><T50/><D113/><U106/><E115/><V45/><F79/><W67/><G133/><T57/><D38/><U96/><E32/><V39/><F100/><W42/><G67/><T24/><D108/><U9/><E131/><V86/><F10/><W2/><G2/><T71/><D59/><U90/><E48/><V18/><F18/><W54/><G36/><T105/><D105/><U40/><E40/><N who="3" m="15466" /><G121/><T129/><D129/><U5/><E1/><V27/><F55/><N who="3" m="21035" /><G120/><T8/><D8/><U126/><E70/><V87/><F39/><W103/><G109/><T92/><AGARI ba="1,0" hai="24,30,35,50,53,57,68,69,71,81,85,88,92,94" machi="92" ten="40,2700,0" yaku="0,1,54,1" doraHai="99" who="0" fromWho="0" sc="344,30,176,-8,227,-8,253,-14" owari="374,47.4,168,-33.2,219,-18.1,239,3.9" /></mjloggm>