<mjloggm ver="2.3"><GO type="225" lobby="0"/><UN n0="%E5%A4%96%E5%B7%9D%E7%AB%9C%E6%88%90" n1="%31%50%E3%81%9F%E3%81%9D" n2="%72%61%6B%33" n3="%E8%A8%88%E7%AE%97%E6%A9%9F%E8%87%AA%E7%84%B6" dan="16,16,18,17" rate="2177.81,2116.04,2288.25,2223.21" sx="M,F,M,M"/><TAIKYOKU oya="0"/><INIT seed="0,0,0,0,4,45" ten="250,250,250,250" oya="0" hai0="104,7,114,24,27,57,50,36,29,40,83,20,34" hai1="90,64,12,10,107,113,81,25,53,127,5,16,68" hai2="125,96,111,33,22,14,78,76,84,6,98,56,112" hai3="32,21,124,88,77,58,115,132,129,92,108,116,122"/><T63/><D114/><U46/><E107/><V3/><F111/><W74/><RYUUKYOKU type="yao9" ba="0,0" sc="250,0,250,0,250,0,250,0" hai3="21,32,58,74,77,88,92,108,115,116,122,124,129,132" /><INIT seed="0,1,0,1,1,109" ten="250,250,250,250" oya="0" hai0="123,108,0,30,77,40,11,121,49,85,125,6,19" hai1="103,102,133,88,124,1,36,120,18,5,94,87,32" hai2="44,79,116,90,71,106,92,2,56,28,63,61,41" hai3="115,7,83,38,128,24,91,80,27,130,65,73,98"/><T4/><D108/><U17/><E120/><V9/><F106/><W3/><G38/><T10/><D77/><U78/><E36/><V84/><F116/><W107/><G65/><T37/><D85/><U127/><E32/><V122/><F28/><W111/><G111/><T131/><D40/><U43/><E43/><V58/><F122/><N who="0" m="46602" /><D49/><U118/><E118/><V97/><F2/><W99/><G107/><T104/><D104/><U62/><E62/><V100/><F9/><W22/><G3/><N who="0" m="287" /><D37/><U50/><E1/><V119/><F119/><W55/><G55/><T33/><D125/><N who="1" m="48203" /><E5/><V39/><F79/><W69/><G7/><T132/><D132/><U34/><E34/><V96/><F96/><W105/><G105/><T93/><D93/><U112/><E133/><V75/><F75/><W113/><G73/><T86/><D86/><U25/><E25/><V48/><F71/><W15/><G69/><T135/><D135/><U95/><E50/><V16/><F39/><W82/><G15/><T67/><D67/><U42/><E42/><V53/><F41/><W129/><G24/><N who="0" m="18631" /><D19/><U47/><E17/><V60/><F16/><N who="3" m="12743" /><G98/><T31/><D31/><U110/><E18/><V14/><F14/><W66/><G66/><T52/><D52/><U13/><E110/><V45/><F48/><W20/><G20/><T76/><D76/><U72/><E78/><V35/><F53/><W23/><G23/><T29/><D29/><U81/><E72/><V74/><F74/><W89/><G99/><T46/><D46/><N who="2" m="18026" /><F35/><W117/><G117/><T59/><D59/><U12/><E47/><RYUUKYOKU ba="1,0" sc="250,10,250,-30,250,10,250,10" hai0="0,6,11,131" hai2="56,58,60,61,63,84,90,92,97,100" hai3="80,82,83,89,91,113,115,128,129,130" /><INIT seed="0,2,0,3,2,17" ten="260,220,260,260" oya="0" hai0="28,124,31,130,111,113,67,53,56,75,50,88,35" hai1="36,37,14,62,7,42,26,69,106,116,81,99,10" hai2="119,40,129,51,66,74,9,63,65,109,78,73,96" hai3="112,55,12,0,1,125,71,19,89,16,18,118,64"/><T43/><D113/><U29/><E116/><V21/><F109/><W5/><G112/><T80/><D35/><U93/><E42/><V91/><F129/><W59/><G118/><T104/><D104/><U4/><E4/><V85/><F96/><W133/><G125/><T77/><D124/><U100/><E93/><V27/><F9/><W6/><G133/><T76/><D130/><U132/><E81/><V32/><F32/><W128/><G128/><T92/><D111/><U135/><E135/><V44/><F78/><W41/><G41/><T131/><D131/><U103/><E103/><V48/><F48/><W101/><G101/><T72/><D67/><U121/><E121/><V25/><F25/><W107/><G107/><T87/><REACH who="0" step="1"/><D43/><REACH who="0" ten="250,220,260,260" step="2"/><U108/><E108/><V90/><F65/><W134/><G134/><T3/><D3/><U122/><E132/><V127/><F127/><W94/><G0/><T84/><D84/><U2/><E2/><V98/><F85/><N who="3" m="52527" /><G1/><T38/><D38/><U22/><E122/><V20/><F119/><W86/><G86/><T54/><D54/><U79/><E36/><V58/><F40/><W47/><G12/><T83/><AGARI ba="2,1" hai="28,31,50,53,56,72,75,76,77,80,83,87,88,92" machi="83" ten="30,11700,0" yaku="1,1,0,1,9,1,54,1,53,0" doraHai="17" doraHaiUra="120" who="0" fromWho="0" sc="250,133,220,-41,260,-41,260,-41" /><INIT seed="0,3,0,3,1,44" ten="383,179,219,219" oya="0" hai0="89,76,7,133,69,24,122,75,90,121,13,62,132" hai1="46,42,96,33,135,3,8,98,72,80,88,114,51" hai2="50,6,126,119,1,73,65,61,95,111,32,2,49" hai3="87,116,35,30,118,43,57,103,128,79,92,9,104"/><T39/><D39/><U0/><E33/><V12/><F32/><W5/><G128/><T22/><D76/><U41/><E135/><N who="0" m="51785" /><D75/><U29/><E29/><V28/><F28/><W71/><G71/><T109/><D109/><U66/><E66/><V94/><F73/><W97/><G43/><T60/><D13/><U34/><E34/><V123/><F126/><W99/><G57/><T15/><D15/><U68/><E68/><V100/><F123/><N who="0" m="47114" /><D7/><U25/><E25/><V78/><F78/><W105/><G79/><T10/><D10/><U125/><E72/><V127/><F12/><W81/><G9/><T45/><D45/><U31/><E31/><V40/><F6/><W93/><G5/><T55/><D55/><U102/><E125/><V85/><F127/><W124/><G124/><T82/><D82/><U64/><E8/><V16/><F40/><W54/><G54/><T84/><D69/><U56/><E42/><V36/><F36/><W59/><G35/><T108/><D108/><U120/><E3/><V70/><F1/><W23/><G23/><T106/><D106/><N who="3" m="41065" /><G30/><N who="0" m="17687" /><D60/><N who="1" m="37895" /><E120/><V53/><F2/><W101/><G59/><T20/><D20/><U11/><E11/><V48/><F111/><W77/><AGARI ba="3,0" hai="77,81,87,92,93,97,99,101,103,116,118" m="41065" machi="77" ten="30,2000,0" yaku="34,2" doraHai="44" who="3" fromWho="3" sc="383,-13,179,-8,219,-8,219,29" /><INIT seed="1,0,0,5,0,32" ten="370,171,211,248" oya="1" hai0="63,40,101,104,109,90,82,95,37,29,5,51,79" hai1="99,130,120,135,116,33,114,14,26,27,18,74,66" hai2="113,44,28,111,73,121,20,91,92,8,87,110,9" hai3="71,34,43,105,81,2,118,103,52,127,102,56,30"/><U133/><E74/><V0/><F121/><W84/><G71/><T57/><D37/><U49/><E120/><V4/><F113/><W72/><G127/><T88/><D104/><U48/><E114/><V62/><F73/><W60/><G118/><T6/><D29/><U108/><E116/><V64/><F44/><W17/><G72/><T134/><D134/><N who="1" m="51211" /><E33/><V54/><F54/><W59/><G105/><T25/><D25/><N who="1" m="9227" /><E130/><V15/><F20/><W11/><G34/><T13/><D13/><U46/><E66/><V89/><F89/><W123/><G30/><T39/><D39/><U65/><E65/><V69/><REACH who="2" step="1"/><F28/><REACH who="2" ten="370,171,201,248" step="2"/><W106/><G123/><T97/><D90/><U80/><E46/><V122/><F122/><W41/><G43/><T47/><D101/><U124/><E124/><V36/><F36/><W22/><G41/><T1/><D88/><U83/><E108/><V115/><F115/><W16/><G102/><T70/><D109/><U12/><E99/><V68/><F68/><W96/><G22/><T78/><D70/><U107/><E107/><V126/><F126/><W35/><G35/><T3/><D97/><U125/><E125/><V58/><F58/><W86/><G56/><T61/><D57/><U67/><E67/><V31/><F31/><W131/><G131/><T38/><D38/><U94/><E94/><V76/><F76/><N who="0" m="29226" /><D95/><U24/><E83/><V10/><F10/><W53/><G53/><T55/><D82/><U19/><E80/><V98/><F98/><W77/><G84/><T85/><D55/><U119/><E119/><V93/><F93/><RYUUKYOKU ba="0,1" sc="370,-15,171,-15,201,15,248,15" hai2="0,4,8,9,15,62,64,69,87,91,92,110,111" hai3="2,11,16,17,52,59,60,77,81,86,96,103,106" /><INIT seed="2,1,1,1,0,86" ten="355,156,216,263" oya="2" hai0="34,56,107,25,29,3,24,36,15,135,8,33,100" hai1="98,61,9,80,129,35,14,92,96,55,62,111,39" hai2="122,57,30,87,19,118,128,89,65,83,99,85,78" hai3="132,42,63,10,44,113,31,134,67,49,45,82,93"/><V5/><F128/><W71/><G31/><N who="0" m="19687" /><D36/><U124/><E35/><V90/><F118/><W40/><G113/><T53/><D100/><U104/><E111/><V97/><F122/><W54/><G82/><T13/><D107/><U58/><E124/><V47/><F5/><W66/><G10/><T16/><D56/><U121/><E121/><V109/><F109/><W105/><G105/><T106/><D53/><U126/><E39/><V52/><F30/><W41/><G93/><T81/><D81/><U4/><E129/><V102/><F19/><W64/><G44/><T130/><D106/><U120/><E120/><V69/><F102/><W119/><G119/><T12/><D130/><U2/><E126/><V7/><F7/><W123/><G123/><T101/><D101/><U116/><E2/><V26/><F26/><W22/><G22/><N who="0" m="11527" /><D135/><AGARI ba="1,1" hai="40,41,42,45,49,54,63,64,66,67,71,132,134,135" machi="135" ten="40,8000,1" yaku="20,1,34,3" doraHai="86" who="3" fromWho="0" sc="355,-83,156,0,216,0,263,93" /><INIT seed="3,0,0,4,3,98" ten="272,156,216,356" oya="3" hai0="118,61,43,67,105,117,19,31,37,127,100,65,38" hai1="56,4,41,128,58,49,90,80,108,101,50,87,14" hai2="73,110,18,29,131,44,63,34,92,0,16,75,2" hai3="106,57,97,96,94,130,39,104,5,51,69,46,107"/><W13/><G69/><T76/><D76/><U9/><E108/><V133/><F110/><W48/><G96/><T7/><D7/><U81/><E128/><V116/><F116/><W52/><G39/><T78/><D78/><U79/><E50/><V122/><F34/><W112/><G112/><T27/><D19/><U115/><E115/><V102/><F29/><W114/><G130/><T64/><D127/><U72/><E72/><V103/><F131/><W68/><G68/><T95/><D105/><U36/><E36/><V77/><F77/><W17/><G5/><T40/><D61/><U20/><E20/><V91/><F63/><W45/><G114/><T113/><D113/><U47/><REACH who="1" step="1"/><E101/><REACH who="1" ten="272,146,216,356" step="2"/><V89/><F73/><W1/><G48/><T24/><D100/><U134/><E134/><V15/><F75/><W70/><G51/><T119/><D37/><U66/><E66/><V60/><F133/><W83/><G45/><T120/><D38/><U71/><E71/><V26/><F44/><W11/><G46/><T59/><D119/><U25/><E25/><V21/><F103/><W53/><G70/><T84/><D67/><U124/><E124/><V126/><F126/><W129/><G129/><T62/><D118/><U22/><E22/><V12/><F102/><W135/><G104/><T93/><D117/><U10/><E10/><V23/><F26/><W33/><G106/><T28/><D62/><U74/><AGARI ba="0,1" hai="4,9,14,41,47,49,56,58,74,79,80,81,87,90" machi="74" ten="20,5200,0" yaku="1,1,0,1,7,1,53,1" doraHai="98" doraHaiUra="8" who="1" fromWho="1" sc="272,-13,146,62,216,-13,356,-26" owari="259,5.9,208,-19.2,203,-29.7,330,43.0" /></mjloggm>