<mjloggm ver="2.3"><GO type="225" lobby="0"/><UN n0="%E3%82%A2%E3%82%A4%E3%82%B9%E3%83%86%E3%82%A3%E3%83%BC%E3%81%82%E3%81%B9" n1="%E3%81%BF%E3%81%BF%E3%81%9A" n2="%E7%B4%94%E6%BD%94%E3%83%94%E3%83%A9%E3%83%8B%E3%82%A2" n3="%73%6C%69%63%6B%33%31%39" dan="16,16,16,16" rate="2111.52,2096.72,2169.48,2090.28" sx="M,M,M,M"/><TAIKYOKU oya="0"/><INIT seed="0,0,0,2,1,22" ten="250,250,250,250" oya="0" hai0="20,43,54,73,14,125,99,93,51,21,3,59,71" hai1="53,57,89,41,19,45,118,29,105,72,107,17,28" hai2="102,133,77,65,5,88,63,114,113,128,27,37,76" hai3="103,58,6,67,15,81,9,16,13,2,4,111,34"/><T121/><D3/><U87/><E72/><V35/><F37/><W123/><G111/><T64/><D121/><U134/><E107/><V75/><F102/><W115/><G115/><T101/><D125/><U135/><E105/><V70/><F133/><N who="1" m="50697" /><E118/><V96/><F128/><W91/><G123/><T85/><D73/><U109/><E109/><V117/><F5/><W8/><G34/><T44/><D14/><U127/><E127/><V108/><F117/><W48/><G103/><T60/><REACH who="0" step="1"/><D85/><REACH who="0" ten="240,250,250,250" step="2"/><U56/><E17/><V0/><F0/><W122/><G122/><T129/><D129/><U78/><E19/><V95/><F75/><W55/><G2/><T36/><AGARI ba="0,1" hai="20,21,36,43,44,51,54,59,60,64,71,93,99,101" machi="36" ten="20,12000,1" yaku="1,1,0,1,7,1,24,2,53,0" doraHai="22" doraHaiUra="25" who="0" fromWho="0" sc="240,130,250,-40,250,-40,250,-40" /><INIT seed="0,1,0,3,1,118" ten="370,210,210,210" oya="0" hai0="64,49,5,88,79,15,115,35,57,132,99,131,8" hai1="34,61,117,22,109,54,102,119,53,85,10,82,37" hai2="48,103,50,41,30,46,120,28,116,43,78,123,91" hai3="67,71,51,92,40,66,21,56,59,134,62,9,104"/><T25/><D115/><U95/><E34/><V83/><F116/><W113/><G104/><T128/><D132/><U7/><E37/><V55/><F103/><W108/><G113/><T31/><D79/><U107/><E107/><V60/><F91/><W133/><G9/><T19/><D5/><U3/><E109/><V77/><F60/><N who="3" m="40391" /><G21/><T33/><D35/><U73/><E53/><V106/><F106/><W80/><G92/><T2/><D2/><U14/><E73/><V75/><F78/><W11/><G11/><T94/><REACH who="0" step="1"/><D49/><REACH who="0" ten="360,210,210,210" step="2"/><U127/><E117/><V69/><F50/><W74/><G51/><T70/><D70/><U90/><E119/><V23/><F69/><W63/><G133/><T65/><D65/><U129/><E3/><V27/><REACH who="2" step="1"/><F28/><REACH who="2" ten="360,210,200,210" step="2"/><W47/><G134/><T58/><D58/><U6/><E6/><V68/><F68/><W93/><G59/><T45/><D45/><U114/><E114/><V39/><F39/><W0/><G56/><T36/><D36/><U38/><E38/><V121/><AGARI ba="1,2" hai="23,27,30,41,43,46,48,55,75,77,83,120,121,123" machi="121" ten="30,8000,1" yaku="1,1,0,1,52,3,53,0" doraHai="118" doraHaiUra="122" who="2" fromWho="2" sc="360,-41,210,-21,200,103,210,-21" /><INIT seed="1,0,0,4,4,107" ten="319,189,303,189" oya="1" hai0="97,126,16,96,82,33,31,93,17,34,69,132,87" hai1="128,91,9,37,3,105,135,134,86,68,131,80,56" hai2="79,55,42,58,35,111,46,15,67,2,101,27,47" hai3="78,14,5,108,49,116,92,127,23,38,65,19,106"/><U28/><E68/><V18/><F2/><W113/><G106/><T119/><D119/><U12/><E37/><V73/><F101/><W117/><G38/><T88/><D69/><U63/><E28/><V32/><F67/><W51/><G113/><T4/><D126/><U81/><E3/><V36/><F47/><W74/><G127/><T6/><D132/><N who="1" m="50731" /><E105/><V120/><F27/><W99/><G65/><T48/><D34/><U72/><E56/><V66/><F66/><W100/><G5/><N who="0" m="2155" /><D31/><U21/><E63/><V77/><F77/><W39/><G39/><T11/><D33/><U102/><E21/><V26/><F26/><W121/><G121/><T76/><D11/><U61/><E61/><V133/><F120/><W44/><G108/><T71/><D71/><U103/><E12/><V118/><F118/><N who="3" m="45675" /><G44/><T13/><D13/><U98/><E9/><V0/><F0/><W1/><G1/><T20/><D20/><U89/><E89/><V60/><F133/><W43/><G43/><T25/><D25/><U64/><E64/><V50/><F111/><W62/><G62/><T8/><D8/><U10/><E10/><V83/><F60/><W85/><G49/><T57/><D97/><U29/><E29/><V45/><F46/><W130/><G51/><T114/><D114/><U24/><E24/><V70/><F70/><W94/><G99/><T59/><D59/><U123/><E123/><V7/><F7/><W84/><G14/><T52/><AGARI ba="0,0" hai="16,17,48,52,57,76,82,87,88,93,96" m="2155" machi="52" ten="30,7900,0" yaku="8,1,54,3" doraHai="107" who="0" fromWho="0" sc="319,79,189,-39,303,-20,189,-20" /><INIT seed="2,0,0,1,0,118" ten="398,150,283,169" oya="2" hai0="13,54,19,46,52,14,122,61,20,18,73,56,57" hai1="97,69,23,2,28,133,90,80,117,40,72,25,5" hai2="85,34,92,129,58,93,62,4,105,32,1,59,120" hai3="16,79,121,106,27,76,8,22,63,84,114,91,98"/><V29/><F105/><W131/><G121/><T88/><D122/><U21/><E117/><V10/><F120/><W83/><G131/><T7/><D73/><U87/><E69/><V44/><F129/><W101/><G114/><T112/><D112/><U31/><E133/><V64/><F29/><W107/><G107/><T70/><D70/><U47/><E72/><V36/><F59/><W89/><G63/><T111/><D111/><U95/><E2/><V41/><REACH who="2" step="1"/><F85/><REACH who="2" ten="398,150,273,169" step="2"/><W71/><G71/><T119/><D119/><U82/><E5/><V128/><F128/><W39/><G106/><T38/><D7/><U127/><E127/><V9/><F9/><W55/><G8/><T66/><D57/><U15/><E87/><V108/><F108/><W3/><G84/><T26/><D56/><U53/><E53/><V68/><F68/><W35/><G55/><T17/><D52/><U81/><E31/><V116/><F116/><W12/><G35/><AGARI ba="0,1" hai="1,4,10,32,34,35,36,41,44,58,62,64,92,93" machi="35" ten="40,3900,0" yaku="1,1,53,1" doraHai="118" doraHaiUra="6" who="2" fromWho="3" sc="398,0,150,0,273,49,169,-39" /><INIT seed="2,1,0,3,1,68" ten="398,150,322,130" oya="2" hai0="111,20,102,57,5,131,113,110,19,129,41,52,134" hai1="99,4,133,31,71,121,37,65,89,30,63,112,116" hai2="117,74,101,50,122,79,2,88,7,78,14,56,66" hai3="72,119,109,13,36,100,105,115,33,11,82,16,118"/><V27/><F117/><W26/><G109/><N who="0" m="41483" /><D113/><U35/><E112/><V73/><F122/><W108/><G108/><T10/><D134/><U123/><E116/><V53/><F2/><W95/><G105/><T24/><D41/><U120/><E133/><V40/><F101/><W106/><G106/><T77/><D77/><N who="2" m="29194" /><F74/><W76/><G115/><T9/><D102/><U58/><E4/><V80/><F73/><W3/><G36/><T49/><D10/><U94/><E35/><V46/><F66/><W81/><G81/><T54/><D54/><U51/><E37/><V29/><F29/><N who="1" m="10761" /><E51/><N who="2" m="30783" /><F27/><W104/><G26/><T59/><D59/><AGARI ba="1,0" hai="58,59,63,65,71,89,94,99,120,121,123" m="10761" machi="59" ten="40,1300,0" yaku="13,1" doraHai="68" who="1" fromWho="0" sc="398,-16,150,16,322,0,130,0" /><INIT seed="3,0,0,1,0,106" ten="382,166,322,130" oya="3" hai0="121,111,58,39,60,56,95,98,80,43,9,47,110" hai1="45,15,116,97,81,49,35,129,14,16,134,125,18" hai2="36,74,27,63,113,50,21,86,75,25,131,3,109" hai3="118,132,28,37,115,96,135,34,127,57,123,69,102"/><W61/><G118/><T87/><D121/><U78/><E35/><V55/><F113/><W99/><G115/><T11/><D58/><U52/><E116/><V38/><F3/><W90/><G123/><T64/><D110/><U22/><E125/><V107/><F107/><W68/><G37/><T53/><D64/><U71/><E129/><V8/><F131/><W67/><G127/><T83/><D83/><U103/><E134/><N who="3" m="51242" /><G90/><T70/><D70/><N who="3" m="27241" /><G102/><T29/><D29/><U126/><E71/><V23/><F109/><W65/><G65/><T108/><D111/><U122/><E122/><V73/><F63/><W46/><G46/><T92/><D92/><U5/><E126/><V33/><F33/><W26/><AGARI ba="0,0" hai="26,28,34,57,61,67,96,99" m="27241,51242" machi="26" ten="40,2100,0" yaku="20,1" doraHai="106" who="3" fromWho="3" sc="382,-7,166,-7,322,-7,130,21" /><INIT seed="3,1,0,0,1,96" ten="375,159,315,151" oya="3" hai0="111,59,27,129,130,83,47,87,116,7,109,38,133" hai1="56,41,13,62,85,15,74,44,121,24,9,92,88" hai2="0,110,113,22,114,5,26,68,78,82,49,46,94" hai3="35,128,43,122,51,61,101,117,52,81,2,107,66"/><W34/><G117/><T4/><D116/><U12/><E121/><V40/><F68/><N who="3" m="42063" /><G122/><T33/><D133/><U31/><E74/><V84/><F110/><N who="0" m="41994" /><D59/><U79/><E79/><V102/><F0/><W124/><G2/><T67/><D67/><U127/><E127/><V97/><REACH who="2" step="1"/><F5/><REACH who="2" ten="375,159,305,151" step="2"/><W14/><G14/><T64/><D4/><U1/><E1/><V3/><F3/><W69/><G69/><T55/><D7/><U104/><E9/><V45/><F45/><W108/><G108/><T125/><D125/><U112/><E13/><V90/><F90/><W93/><G124/><T8/><D130/><U131/><E131/><V73/><F73/><W118/><G128/><T42/><D129/><U48/><E112/><V17/><AGARI ba="1,1" hai="17,22,26,40,46,49,78,82,84,94,97,102,113,114" machi="17" ten="20,5200,0" yaku="1,1,0,1,7,1,52,1,53,0" doraHai="96" doraHaiUra="71" who="2" fromWho="2" sc="375,-14,159,-14,305,65,151,-27" owari="361,16.1,145,-25.5,370,47.0,124,-37.6" /></mjloggm>