<mjloggm ver="2.3"><GO type="225" lobby="0"/><UN n0="%E3%81%9F%E3%81%8C%E3%82%84%E3%81%99" n1="%E5%86%B7%E5%87%8D%E3%82%AE%E3%83%A7%E3%83%BC%E3%82%B6" n2="%72%61%6B%33" n3="%73%6C%69%63%6B%33%31%39" dan="17,16,17,16" rate="2172.65,2114.84,2173.47,2152.17" sx="M,M,M,M"/><TAIKYOKU oya="0"/><INIT seed="0,0,0,2,3,77" ten="250,250,250,250" oya="0" hai0="94,23,53,102,0,32,19,100,65,118,83,9,13" hai1="128,68,122,131,93,90,109,107,132,82,134,123,58" hai2="12,84,15,4,45,47,29,36,1,85,108,98,57" hai3="48,114,116,42,130,35,49,78,75,6,22,111,79"/><T37/><D37/><U54/><E68/><V8/><F108/><W115/><G35/><T120/><D118/><U92/><E107/><V113/><F113/><W105/><G105/><T46/><D32/><U18/><E18/><V5/><F1/><W71/><G71/><T81/><D120/><N who="1" m="46123" /><E109/><V67/><F98/><W99/><G111/><T2/><D65/><U88/><E54/><V125/><F125/><W126/><G6/><T119/><D119/><U87/><E58/><V74/><F74/><W89/><G75/><T56/><D46/><U7/><E7/><V69/><F69/><W31/><G126/><T103/><D94/><N who="1" m="36459" /><E90/><V66/><F36/><W28/><G89/><T33/><D33/><U20/><E20/><V16/><F29/><W27/><G22/><T72/><D72/><U76/><E76/><V50/><F57/><W44/><G44/><T91/><D91/><U10/><E10/><V51/><F8/><W124/><G124/><T121/><D121/><U21/><E21/><V106/><F106/><W127/><G127/><T26/><D0/><U30/><E30/><V3/><F3/><W59/><G28/><N who="0" m="17503" /><D2/><U62/><E62/><AGARI ba="0,0" hai="9,13,19,53,56,62,81,83,100,102,103" m="17503" machi="62" ten="30,5800,0" yaku="8,1,52,2" doraHai="77" who="0" fromWho="1" sc="250,58,250,-58,250,0,250,0" /><INIT seed="0,1,0,4,3,41" ten="308,192,250,250" oya="0" hai0="79,60,34,105,1,122,47,55,56,133,12,111,120" hai1="14,86,6,72,11,28,92,16,49,110,38,74,33" hai2="58,93,132,101,21,18,29,113,20,108,42,128,17" hai3="66,112,40,7,107,103,70,106,109,43,115,0,88"/><T121/><D1/><U46/><E38/><V52/><F108/><W27/><G0/><T32/><D105/><U135/><E110/><V99/><F128/><W59/><G7/><T104/><D104/><U91/><E135/><V116/><F113/><W71/><G109/><T13/><D111/><U2/><E28/><V94/><F132/><W23/><G88/><T51/><D133/><U35/><E35/><V82/><F116/><W131/><G131/><T100/><D100/><U48/><E33/><V117/><F117/><W127/><G103/><T124/><D124/><U89/><E89/><V83/><F29/><W57/><G23/><T81/><D32/><U39/><E39/><V19/><F42/><W69/><G27/><T10/><D10/><U73/><REACH who="1" step="1"/><E46/><REACH who="1" ten="308,182,250,250" step="2"/><V53/><F94/><W87/><G107/><T63/><D34/><U119/><E119/><V4/><F4/><W98/><G106/><T95/><D95/><U125/><E125/><V76/><F83/><W114/><G127/><T130/><D130/><U78/><E78/><V24/><F58/><W36/><G59/><T30/><D30/><U123/><E123/><V75/><REACH who="2" step="1"/><F19/><REACH who="2" ten="308,182,240,250" step="2"/><W126/><G126/><T102/><D56/><U3/><E3/><V31/><F31/><W62/><G36/><T118/><D118/><U8/><AGARI ba="1,2" hai="2,6,8,11,14,16,48,49,72,73,74,86,91,92" machi="8" ten="40,5200,0" yaku="1,1,0,1,54,1,53,0" doraHai="41" doraHaiUra="26" who="1" fromWho="1" sc="308,-27,182,75,240,-14,250,-14" /><INIT seed="1,0,0,3,2,130" ten="281,257,226,236" oya="1" hai0="37,35,102,47,72,3,33,85,111,99,71,41,50" hai1="10,11,13,1,44,66,94,0,117,80,4,97,31" hai2="39,89,62,22,27,63,88,69,75,123,21,124,70" hai3="115,26,95,5,106,100,49,116,90,24,81,2,82"/><U83/><E117/><V73/><F27/><N who="3" m="10283" /><G2/><T103/><D72/><U110/><E31/><V125/><REACH who="2" step="1"/><F39/><REACH who="2" ten="281,257,216,236" step="2"/><W64/><G116/><T133/><D37/><U9/><E110/><V56/><F56/><W61/><G115/><T92/><D111/><U132/><E132/><V42/><F42/><W20/><G106/><T112/><D41/><U78/><E0/><V6/><F6/><W120/><G5/><T86/><D133/><U45/><E1/><V104/><F104/><W131/><G131/><T15/><D3/><U32/><E4/><V101/><F101/><W74/><G100/><T126/><D103/><U109/><E109/><V55/><F55/><W119/><G119/><T129/><D102/><U17/><E13/><V25/><F25/><W46/><G120/><AGARI ba="0,1" hai="21,22,62,63,69,70,73,75,88,89,120,123,124,125" machi="120" ten="25,12000,2" yaku="1,1,22,2,54,1,53,2" doraHai="130" doraHaiUra="19" who="2" fromWho="3" sc="281,0,257,0,216,130,236,-120" /><INIT seed="2,0,0,0,4,123" ten="281,257,346,116" oya="2" hai0="97,109,124,3,81,108,71,4,53,43,131,19,87" hai1="5,34,105,107,0,80,98,60,74,78,76,102,27" hai2="116,49,40,38,51,28,79,121,15,14,118,6,73" hai3="96,29,112,104,84,8,20,12,111,7,120,2,125"/><V23/><F121/><W69/><G120/><T92/><D71/><U72/><E60/><V134/><F38/><W61/><G125/><T115/><D115/><U37/><E107/><V99/><F73/><W135/><G112/><T119/><D124/><U25/><E37/><V86/><F99/><W45/><G135/><T133/><D133/><U63/><E63/><V88/><F79/><W11/><G84/><T56/><D43/><U89/><E89/><V70/><F70/><W9/><G45/><T46/><D46/><U64/><E64/><V30/><F134/><W57/><G69/><T83/><D19/><U66/><E66/><V90/><F6/><N who="3" m="1111" /><G96/><T114/><D114/><U33/><E27/><V129/><F23/><W48/><G48/><N who="0" m="30759" /><D87/><U106/><E25/><V128/><F86/><W47/><G47/><T85/><D85/><U17/><E17/><V21/><F21/><W95/><G95/><T24/><D24/><U127/><E106/><V122/><F122/><W39/><G104/><T55/><D55/><U52/><E52/><V100/><F100/><W65/><G39/><T50/><D50/><U1/><E127/><V13/><F13/><N who="3" m="5311" /><G29/><T117/><D97/><U10/><E0/><V82/><F40/><W113/><G113/><T94/><D3/><U58/><E58/><V32/><F82/><AGARI ba="0,0" hai="1,5,10,33,34,72,74,76,78,80,82,98,102,105" machi="82" ten="40,8000,1" yaku="9,1,33,3" doraHai="123" who="1" fromWho="2" sc="281,0,257,80,346,-80,116,0" /><INIT seed="3,0,0,1,4,13" ten="281,337,266,116" oya="3" hai0="87,30,24,111,89,43,51,102,41,35,62,33,64" hai1="90,88,79,133,6,83,100,66,94,95,130,132,80" hai2="72,85,16,14,70,12,84,31,36,119,40,69,92" hai3="10,120,39,114,42,135,47,48,103,67,19,15,82"/><W123/><G135/><N who="1" m="51786" /><E66/><V45/><F72/><W96/><G114/><T110/><D35/><U59/><E59/><V129/><F119/><W127/><G127/><T126/><D126/><U81/><E6/><V23/><F129/><W105/><G82/><N who="1" m="31850" /><E130/><V44/><F31/><W4/><G67/><T28/><D28/><U73/><E100/><V99/><F45/><W78/><G78/><T115/><D102/><U91/><AGARI ba="0,0" hai="73,79,83,88,90,91,94,95" m="31850,51786" machi="91" ten="40,8000,1" yaku="20,1,34,2,54,1" doraHai="13" who="1" fromWho="1" sc="281,-20,337,80,266,-20,116,-40" owari="261,6.1,417,51.7,246,-15.4,76,-42.4" /></mjloggm>