<mjloggm ver="2.3"><GO type="225" lobby="0"/><UN n0="%E3%81%82%E3%81%B9%E3%81%99%E3%81%91" n1="%E9%B3%B3%E6%9D%B1%E3%81%AE%E3%81%86%E3%81%95%E3%81%8E%E3%81%95%E3%82%93" n2="%E6%B8%A9%E2%98%85%E6%83%85%E2%98%85%E6%8E%AA%E2%98%85%E7%BD%AE" n3="%E3%82%82%E3%82%93%E3%81%8D%E3%82%93%E3%81%90" dan="16,17,17,16" rate="2088.40,2229.87,2212.77,2033.96" sx="M,M,M,M"/><TAIKYOKU oya="0"/><INIT seed="0,0,0,1,4,61" ten="250,250,250,250" oya="0" hai0="70,112,64,129,106,26,31,37,110,91,0,98,122" hai1="76,104,52,62,67,25,50,115,20,100,105,30,66" hai2="94,58,81,74,96,32,63,34,79,8,135,102,55" hai3="10,108,131,38,107,73,13,7,75,22,68,121,18"/><T6/><D112/><U16/><E115/><V19/><REACH who="2" step="1"/><F135/><REACH who="2" ten="250,250,240,250" step="2"/><W124/><G121/><T48/><D122/><U15/><E76/><V120/><F120/><W33/><G124/><T126/><D126/><U36/><E36/><V99/><F99/><W5/><G131/><T117/><D37/><U118/><E118/><V83/><F83/><W57/><G38/><T29/><D98/><U21/><E100/><V46/><F46/><W56/><G108/><T133/><D110/><U35/><E35/><V130/><F130/><W3/><G33/><T43/><D133/><U86/><E86/><V39/><F39/><W103/><G103/><T82/><D82/><U90/><E90/><V53/><F53/><W128/><G128/><T54/><D91/><U114/><E114/><V132/><F132/><W59/><G75/><T4/><D54/><U89/><E89/><V71/><F71/><W127/><G68/><T47/><D70/><U92/><E92/><V49/><F49/><W45/><G73/><T17/><D48/><U41/><E104/><V12/><AGARI ba="0,1" hai="8,12,19,32,34,55,58,63,74,79,81,94,96,102" machi="12" ten="30,4000,0" yaku="21,2,0,1,53,0" doraHai="61" doraHaiUra="23" who="2" fromWho="2" sc="250,-20,250,-10,240,50,250,-10" /><INIT seed="1,0,0,5,2,47" ten="230,240,290,240" oya="1" hai0="29,126,8,69,111,14,75,57,41,37,2,65,135" hai1="60,119,25,22,103,70,134,51,16,118,81,54,45" hai2="109,113,52,4,53,68,32,63,55,99,104,17,87" hai3="90,73,50,42,12,110,3,46,56,66,88,27,86"/><U23/><E134/><V107/><F32/><W89/><G3/><T59/><D75/><U112/><E112/><V116/><F116/><W76/><G110/><T97/><D2/><U24/><E103/><V38/><F38/><W115/><G115/><T133/><D111/><U79/><E70/><V33/><F33/><W117/><G117/><T96/><D126/><U61/><E118/><V28/><F28/><W94/><G73/><T130/><D130/><U100/><E100/><V62/><F109/><W30/><G76/><T31/><D37/><U74/><REACH who="1" step="1"/><E119/><REACH who="1" ten="230,230,290,240" step="2"/><V40/><F68/><W131/><G131/><T34/><D69/><U36/><E36/><V49/><F113/><W120/><G120/><T78/><D135/><U121/><E121/><V35/><F107/><W10/><G66/><T80/><D65/><U9/><E9/><V67/><F104/><W83/><G94/><T64/><D64/><U108/><E108/><V20/><F67/><W71/><G71/><T6/><D133/><U95/><E95/><V19/><F63/><W123/><G123/><T1/><D8/><U114/><E114/><V101/><F101/><W72/><G72/><T77/><D80/><U124/><E124/><V106/><F106/><W0/><G0/><T129/><D1/><U15/><E15/><V92/><F62/><W7/><REACH who="3" step="1"/><G56/><REACH who="3" ten="230,230,290,230" step="2"/><T98/><D59/><U13/><E13/><V132/><F92/><W44/><G44/><T58/><D57/><U105/><E105/><V84/><F132/><W18/><G18/><AGARI ba="0,2" hai="16,18,22,23,24,25,45,51,54,60,61,74,79,81" machi="18" ten="30,12000,1" yaku="1,1,7,1,9,1,52,1,54,1,53,0" doraHai="47" doraHaiUra="26" who="1" fromWho="3" sc="230,0,230,140,290,0,230,-120" /><INIT seed="1,1,0,2,4,67" ten="230,370,290,110" oya="1" hai0="41,36,58,68,49,9,74,8,55,75,16,89,50" hai1="23,98,88,95,40,117,66,37,64,24,57,90,63" hai2="102,26,82,54,81,84,127,93,133,25,14,15,32" hai3="86,45,56,34,18,107,77,19,13,38,103,5,70"/><U44/><E117/><V0/><F0/><W132/><G34/><T27/><D36/><U71/><E64/><V30/><F133/><W108/><G132/><T99/><D68/><U106/><E106/><V53/><F127/><W48/><G108/><T129/><D129/><U33/><E33/><V123/><F123/><W22/><G38/><T124/><D75/><U39/><E39/><V111/><F111/><W59/><G70/><T47/><D74/><U51/><E37/><V2/><F2/><W119/><G119/><T73/><D73/><U120/><E120/><V110/><F110/><W60/><G60/><T11/><D124/><U104/><E104/><V109/><F109/><W115/><G115/><T118/><D27/><U3/><E3/><V96/><F26/><W4/><G103/><T128/><D128/><U62/><E62/><V35/><F35/><W43/><G107/><T6/><D6/><N who="3" m="2665" /><G19/><T126/><D118/><U79/><E79/><V100/><F100/><W112/><G112/><T135/><D135/><U20/><E71/><V97/><F97/><W105/><G105/><T72/><D72/><U94/><E24/><V114/><F114/><W131/><G131/><T28/><D126/><U92/><E92/><V29/><F29/><W80/><AGARI ba="1,0" hai="13,18,22,43,45,48,56,59,77,80,86" m="2665" machi="80" ten="30,1100,0" yaku="8,1" doraHai="67" who="3" fromWho="3" sc="230,-4,370,-6,290,-4,110,14" /><INIT seed="2,0,0,4,1,111" ten="226,364,286,124" oya="2" hai0="79,81,71,80,36,68,40,102,107,28,94,90,101" hai1="84,85,54,126,125,63,49,21,131,109,30,47,27" hai2="130,38,22,16,119,73,113,87,10,32,77,117,29" hai3="135,86,114,23,9,43,2,100,4,5,82,83,123"/><V33/><F73/><W89/><G123/><T61/><D36/><U44/><E109/><V59/><F38/><W6/><G135/><T24/><D40/><U127/><E131/><V0/><F59/><W66/><G100/><T96/><D102/><U118/><E118/><N who="2" m="45067" /><F87/><N who="1" m="33353" /><E63/><V60/><F77/><W129/><G129/><T75/><D81/><U88/><E88/><V58/><F58/><AGARI ba="0,0" hai="21,27,30,44,47,49,54,58,125,126,127" m="33353" machi="58" ten="30,1000,0" yaku="18,1" doraHai="111" who="1" fromWho="2" sc="226,0,364,10,286,-10,124,0" /><INIT seed="3,0,0,4,3,121" ten="226,374,276,124" oya="3" hai0="75,27,38,11,29,109,0,44,22,33,5,101,100" hai1="92,112,116,72,97,99,12,32,26,86,126,79,107" hai2="90,102,19,36,68,133,130,118,95,67,104,40,94" hai3="66,91,83,105,51,119,106,128,76,47,131,3,43"/><W111/><G119/><T60/><D75/><U10/><E112/><V23/><F118/><W85/><G3/><T50/><D38/><U45/><E116/><V55/><F133/><W9/><G66/><T80/><D80/><U31/><E72/><V129/><F55/><W35/><G35/><T8/><D8/><U108/><E107/><V124/><F124/><W37/><G37/><T65/><D33/><U58/><E126/><V21/><F104/><W117/><G117/><T89/><D89/><U1/><E1/><V6/><F6/><W64/><G64/><T93/><D93/><U69/><E69/><V122/><F102/><W73/><G9/><T74/><D74/><U18/><E58/><V2/><F2/><W14/><G14/><T114/><D114/><U78/><E86/><V70/><F67/><W123/><G123/><T71/><D109/><U30/><E108/><V125/><F125/><W98/><G111/><T132/><D132/><U49/><E31/><V54/><F122/><W56/><G56/><T59/><D59/><U61/><E61/><V88/><F36/><W13/><G13/><T113/><D113/><U135/><E99/><V77/><F54/><AGARI ba="0,0" hai="0,5,11,22,27,29,44,50,54,60,65,71,100,101" machi="54" ten="30,1000,0" yaku="7,1" doraHai="121" who="0" fromWho="2" sc="226,10,374,0,276,-10,124,0" owari="236,-16.4,374,47.4,266,6.6,124,-37.6" /></mjloggm>