<mjloggm ver="2.3"><GO type="225" lobby="0"/><UN n0="%4C%4F%4C%49%54%41" n1="%E3%81%8B%E3%82%8F%E3%81%A1%E3%82%83%E3%82%93%35%38" n2="%E3%82%A2%E3%83%AC%E3%83%83%E3%82%AF%E3%82%B9%5A%5A%56" n3="%74%2E%6F%2E%6F%2E%73" dan="16,16,16,17" rate="2168.44,2156.40,2093.46,2118.10" sx="F,M,F,M"/><TAIKYOKU oya="0"/><INIT seed="0,0,0,4,1,7" ten="250,250,250,250" oya="0" hai0="28,96,44,104,17,87,117,2,135,101,38,74,106" hai1="63,3,110,43,40,97,86,116,62,35,12,52,85" hai2="108,64,4,26,39,25,93,56,92,19,5,18,41" hai3="68,66,0,71,91,120,49,48,119,109,27,57,36"/><T79/><D117/><U65/><E3/><V15/><F108/><W59/><G0/><T122/><D122/><U16/><E35/><V129/><F129/><W73/><G73/><T61/><D2/><U58/><E116/><V94/><F39/><W13/><G27/><T20/><D28/><U102/><E110/><V11/><F41/><N who="1" m="15945" /><E97/><V118/><F118/><W46/><G91/><T70/><D38/><U67/><E102/><V95/><N who="2" m="23552" /><DORA hai="10" /><V134/><F134/><W54/><G119/><T72/><D106/><U60/><E65/><V24/><REACH who="2" step="1"/><F4/><REACH who="2" ten="250,250,240,250" step="2"/><W21/><G109/><T89/><D135/><U133/><E133/><V100/><F100/><W75/><G36/><T55/><D101/><U47/><E47/><V14/><F14/><W81/><G46/><T112/><D44/><U132/><E132/><V88/><F88/><W32/><G120/><T30/><D89/><U107/><E107/><V90/><F90/><W53/><G32/><T8/><D104/><U77/><E67/><V45/><F45/><W123/><G66/><T111/><D111/><U33/><E33/><V121/><F121/><W69/><G123/><T127/><D96/><U1/><E1/><V103/><F103/><W99/><G99/><T114/><D55/><U50/><E77/><V37/><F37/><W78/><G13/><T23/><D79/><U34/><E34/><V80/><F80/><W124/><G124/><T128/><D127/><U84/><E12/><V125/><F125/><W22/><AGARI ba="0,1" hai="21,22,48,49,53,54,57,59,68,69,71,75,78,81" machi="22" ten="40,2700,0" yaku="0,1,9,1" doraHai="7,10" who="3" fromWho="3" sc="250,-13,250,-7,240,-7,250,37" /><INIT seed="1,0,0,0,1,128" ten="237,243,233,287" oya="1" hai0="9,109,82,79,92,94,17,86,130,1,125,100,16" hai1="134,46,43,23,21,11,116,5,56,70,69,76,114" hai2="20,122,18,64,96,117,10,14,126,105,83,47,112" hai3="29,123,129,104,26,119,124,25,120,87,101,40,93"/><U65/><E114/><V127/><F117/><W113/><G113/><T6/><D130/><U131/><E116/><V15/><F122/><W50/><G129/><T13/><D109/><U19/><E131/><V2/><F2/><W108/><G119/><T38/><D38/><U51/><E76/><V44/><F112/><W74/><G108/><T30/><D125/><N who="2" m="47626" /><F64/><W68/><G124/><T132/><D30/><U110/><E110/><V98/><F83/><W53/><G74/><T37/><D37/><U133/><E56/><V77/><F77/><W27/><G40/><T12/><D132/><N who="1" m="50795" /><E65/><V55/><F55/><W121/><G121/><T4/><D1/><N who="1" m="431" /><E21/><V22/><F22/><W60/><G120/><T73/><D73/><U67/><E67/><V91/><F105/><W31/><G104/><T72/><D72/><U57/><E57/><V0/><F20/><W66/><G123/><T111/><D111/><U49/><E49/><V28/><F44/><W102/><G50/><T115/><D115/><U85/><E85/><V103/><F47/><W106/><G87/><T88/><D79/><U62/><E62/><V34/><F98/><W58/><G66/><T33/><D33/><U118/><E118/><V84/><F34/><W90/><G58/><T99/><D82/><U8/><E8/><AGARI ba="0,0" hai="4,6,8,9,12,13,16,17,86,88,92,94,99,100" machi="8" ten="30,8000,1" yaku="7,1,9,1,8,1,54,2" doraHai="128" who="0" fromWho="1" sc="237,80,243,-80,233,0,287,0" /><INIT seed="2,0,0,5,0,64" ten="317,163,233,287" oya="2" hai0="118,68,117,129,128,51,50,52,130,93,11,1,81" hai1="69,5,80,74,40,99,77,39,70,63,55,12,103" hai2="121,95,91,32,49,94,107,24,125,92,25,66,119" hai3="124,16,86,67,84,43,10,7,115,110,134,47,96"/><V131/><F107/><W113/><G110/><T57/><D68/><N who="1" m="26219" /><E55/><V72/><F119/><N who="0" m="45578" /><D93/><U111/><E63/><V13/><F72/><W54/><G124/><T82/><D50/><U97/><E12/><V31/><F125/><W4/><G134/><T88/><D88/><U17/><E17/><V15/><F66/><W26/><G67/><T101/><D101/><U90/><E90/><V123/><F131/><W62/><G54/><T135/><D135/><U2/><E103/><V36/><F36/><W53/><G53/><T56/><D57/><U76/><E76/><V3/><F3/><W38/><G62/><T8/><D1/><U30/><E30/><V35/><F49/><W19/><G96/><T58/><D58/><U21/><E21/><V83/><F83/><AGARI ba="0,0" hai="8,11,51,52,56,81,82,83,128,129,130" m="45578" machi="83" ten="40,5200,0" yaku="19,1,12,1,54,1" doraHai="64" who="0" fromWho="2" sc="317,52,163,0,233,-52,287,0" /><INIT seed="3,0,0,2,4,125" ten="369,163,181,287" oya="3" hai0="73,37,133,39,8,130,94,47,1,81,30,70,9" hai1="49,40,28,74,105,119,102,108,106,84,121,18,127" hai2="76,89,86,134,66,41,128,72,6,68,38,19,117" hai3="109,16,57,126,131,92,26,45,79,33,51,135,82"/><W97/><G126/><T118/><D118/><U0/><E127/><V122/><F117/><W107/><G135/><T124/><D124/><U2/><E119/><V43/><F134/><W132/><G132/><T5/><D133/><U80/><E121/><V83/><F38/><W55/><G107/><T34/><D94/><U103/><E74/><V7/><F128/><W104/><G104/><T116/><D116/><U20/><E106/><V60/><F19/><W99/><G109/><T61/><D8/><U21/><E108/><V24/><F24/><W95/><G131/><T91/><D130/><U11/><E0/><V25/><F25/><W123/><G123/><T52/><D91/><U54/><E40/><V88/><F89/><W22/><G33/><T113/><D52/><U32/><E32/><V110/><F110/><W111/><G111/><T42/><D37/><U63/><E63/><V58/><F68/><W90/><G95/><T75/><D113/><U62/><E62/><V120/><F120/><W23/><G23/><N who="1" m="8778" /><E2/><V29/><F29/><W112/><G112/><T101/><D81/><U31/><E105/><V87/><F122/><W35/><G35/><T56/><D101/><N who="1" m="38411" /><E18/><V85/><F88/><W129/><G129/><T17/><D17/><U67/><E11/><V48/><REACH who="2" step="1"/><F41/><REACH who="2" ten="369,163,171,287" step="2"/><W53/><G99/><T78/><D42/><U44/><E67/><V15/><F15/><W46/><REACH who="3" step="1"/><G55/><REACH who="3" ten="369,163,171,277" step="2"/><N who="0" m="33951" /><D34/><U13/><E13/><V4/><F4/><W65/><G65/><T10/><D5/><U69/><E69/><V50/><F50/><W114/><G114/><T98/><D70/><RYUUKYOKU ba="0,2" sc="369,-30,163,10,171,10,277,10" hai1="28,31,44,49,54,80,84" hai2="6,7,43,48,58,60,66,72,76,83,85,86,87" hai3="16,22,26,45,46,51,53,57,79,82,90,92,97" /><INIT seed="3,1,2,2,1,28" ten="339,173,181,287" oya="3" hai0="118,95,27,127,48,128,37,22,90,60,50,29,85" hai1="111,49,101,129,112,53,96,34,126,84,47,134,11" hai2="114,123,99,42,45,122,74,26,108,1,121,87,76" hai3="55,62,107,109,6,81,75,5,35,14,92,4,89"/><W130/><G107/><T24/><D118/><U133/><E112/><V97/><F1/><W80/><G35/><T20/><D37/><U113/><E113/><V102/><F114/><W32/><G32/><T93/><D127/><U38/><E126/><V52/><F108/><W117/><G117/><T91/><D128/><U25/><E129/><V105/><F74/><W69/><G130/><T7/><D60/><U132/><E111/><V59/><F97/><W94/><G109/><T10/><D10/><U12/><E84/><V100/><F26/><W67/><G94/><T125/><D7/><N who="1" m="3199" /><E38/><N who="2" m="21719" /><F99/><W73/><G73/><T56/><D56/><U33/><E25/><V124/><F105/><AGARI ba="1,2" hai="33,34,47,49,53,96,101,105,132,133,134" m="3199" machi="105" ten="30,3900,0" yaku="20,1,52,2" doraHai="28" who="1" fromWho="2" sc="339,0,173,62,181,-42,287,0" owari="339,43.9,235,-16.5,139,-36.1,287,8.7" /></mjloggm>