<mjloggm ver="2.3"><GO type="225" lobby="0"/><UN n0="%E6%98%A5%E3%81%AE%E3%81%8B%E3%81%91%E3%82%89" n1="%33%74%72%65%65" n2="%73%61%6E%64%69%72%69%73" n3="%4E%49%4A%49%49%52%4F" dan="16,17,16,16" rate="2030.05,2163.99,2113.36,2179.13" sx="F,F,M,M"/><TAIKYOKU oya="0"/><INIT seed="0,0,0,0,3,46" ten="250,250,250,250" oya="0" hai0="49,6,97,72,22,57,123,23,47,124,32,77,13" hai1="128,132,45,10,86,24,113,109,93,83,37,102,131" hai2="51,85,103,127,119,114,75,81,87,36,120,105,69" hai3="91,71,1,110,90,40,4,92,94,126,41,31,48"/><T54/><D123/><U63/><E109/><V115/><F36/><W108/><G71/><T73/><D32/><U21/><E132/><V84/><F69/><W42/><G31/><T30/><D124/><U58/><E10/><V68/><F68/><W7/><G126/><T117/><D117/><U60/><E113/><V82/><F51/><W0/><G42/><T98/><D73/><U12/><E12/><V8/><F8/><W67/><G67/><T20/><D30/><U76/><E37/><V53/><F53/><W3/><G3/><T107/><D107/><U66/><E60/><V14/><F14/><W62/><G62/><T35/><D35/><U122/><E45/><V129/><F127/><W130/><REACH who="3" step="1"/><G48/><REACH who="3" ten="250,250,250,240" step="2"/><T39/><D39/><U116/><E116/><V106/><F119/><W96/><G96/><T27/><D97/><N who="1" m="59695" /><E122/><V26/><F120/><W118/><G118/><T74/><D98/><U17/><E131/><AGARI ba="0,1" hai="0,1,4,7,40,41,90,91,92,94,108,110,130,131" machi="131" ten="25,3200,0" yaku="1,1,22,2,53,0" doraHai="46" doraHaiUra="44" who="3" fromWho="1" sc="250,0,250,-32,250,0,240,42" /><INIT seed="1,0,0,5,0,107" ten="250,218,250,282" oya="1" hai0="67,72,117,96,2,122,92,54,121,25,118,41,11" hai1="10,95,21,36,79,114,73,126,131,116,12,29,87" hai2="89,63,51,46,62,113,77,133,50,80,111,105,66" hai3="74,40,60,86,47,15,30,132,93,110,48,59,99"/><U38/><E114/><V0/><F0/><W37/><G110/><T102/><D41/><U9/><E116/><V70/><F111/><W123/><G132/><T3/><D67/><U27/><E131/><V115/><F105/><W119/><G123/><N who="0" m="47115" /><D72/><U90/><E126/><V97/><F63/><W6/><G119/><N who="0" m="45579" /><D11/><U108/><E108/><V69/><F69/><W7/><G74/><T85/><D54/><U100/><E100/><V128/><F133/><W84/><G37/><T56/><D56/><U8/><REACH who="1" step="1"/><E12/><REACH who="1" ten="250,208,250,282" step="2"/><V101/><F101/><W134/><G15/><T104/><D25/><U135/><E135/><V14/><F14/><W19/><G134/><T91/><AGARI ba="0,1" hai="2,3,85,91,92,96,102,104" m="45579,47115" machi="91" ten="40,1500,0" yaku="13,1" doraHai="107" who="0" fromWho="0" sc="250,25,208,-7,250,-4,282,-4" /><INIT seed="2,0,0,4,2,72" ten="275,201,246,278" oya="2" hai0="17,3,9,106,89,27,5,31,124,126,10,0,8" hai1="92,42,33,53,99,115,117,67,105,25,132,75,98" hai2="13,21,56,14,95,44,34,130,2,112,87,40,121" hai3="11,86,38,30,131,129,20,15,50,82,64,104,52"/><V29/><F121/><W109/><G38/><T80/><D106/><U134/><E115/><V84/><F112/><W97/><G109/><T36/><D36/><U133/><E117/><V7/><F130/><N who="3" m="49675" /><G64/><T73/><D89/><U1/><E67/><V58/><F2/><N who="0" m="554" /><D80/><U62/><E1/><V83/><F34/><W61/><G61/><T23/><D73/><U24/><E75/><V28/><F95/><W70/><G70/><T59/><D59/><N who="1" m="35183" /><E33/><V90/><F84/><W101/><G20/><N who="0" m="15847" /><D5/><U108/><E108/><V107/><F107/><W119/><G30/><T91/><D91/><N who="1" m="55583" /><E42/><V63/><F7/><N who="3" m="3583" /><G119/><T76/><D76/><U18/><E18/><V66/><F29/><W77/><G50/><T35/><D35/><U135/><N who="1" m="33792" /><DORA hai="94" /><U49/><E49/><N who="2" m="26759" /><F58/><W93/><G104/><T65/><D65/><U127/><E127/><V51/><F51/><W114/><G114/><T102/><D102/><AGARI ba="0,0" hai="24,25,99,102,105" m="33792,55583,35183" machi="102" ten="60,7700,0" yaku="20,1,52,2" doraHai="72,94" who="1" fromWho="0" sc="275,-77,201,77,246,0,278,0" /><INIT seed="3,0,0,0,3,11" ten="198,278,246,278" oya="3" hai0="116,110,25,46,100,57,52,28,84,94,41,111,15" hai1="121,130,44,19,37,3,31,83,117,12,127,35,29" hai2="77,51,18,30,75,87,50,126,119,42,124,32,135" hai3="67,10,17,55,109,45,58,91,7,56,133,89,128"/><W112/><G112/><T69/><D69/><U8/><E121/><V39/><F119/><W79/><G133/><T107/><D116/><U85/><E117/><V113/><F113/><W59/><G128/><T82/><D107/><U62/><E130/><V48/><F75/><W2/><G109/><T71/><D71/><U53/><E127/><V36/><F42/><W20/><G79/><T105/><D105/><U80/><E3/><V101/><F101/><W34/><G34/><T4/><D94/><U27/><E31/><V98/><F98/><W106/><G106/><T22/><D100/><U1/><E1/><V114/><F135/><W47/><G67/><T33/><D46/><U63/><E80/><V81/><F114/><W54/><G47/><T73/><D41/><U66/><E66/><V123/><F123/><W65/><G65/><T6/><D73/><U93/><E93/><V95/><F95/><W134/><G134/><T24/><D24/><U5/><E5/><V49/><N who="2" m="12288" /><DORA hai="90" /><V43/><F43/><W64/><G64/><T97/><D97/><U103/><E53/><V38/><REACH who="2" step="1"/><F18/><REACH who="2" ten="198,278,236,278" step="2"/><W88/><REACH who="3" step="1"/><G45/><REACH who="3" ten="198,278,236,268" step="2"/><T132/><D132/><U23/><E44/><V14/><F14/><AGARI ba="0,2" hai="2,7,10,14,17,20,54,55,56,58,59,88,89,91" machi="14" ten="40,12000,1" yaku="1,1,2,1,52,1,54,1,53,1" doraHai="11,90" doraHaiUra="92,9" who="3" fromWho="2" sc="198,0,278,0,236,-120,268,140" owari="198,-20.2,278,7.8,116,-38.4,408,50.8" /></mjloggm>