<mjloggm ver="2.3"><GO type="225" lobby="0"/><UN n0="%E3%82%82%E3%81%90%E3%82%89" n1="%45%6C%79%73%69%75%6D" n2="%E6%A1%9C%E8%8A%B1%E9%96%83%E3%80%85" n3="%48%61%61%61%6C%61%6E%64" dan="17,18,18,17" rate="2180.69,2201.17,2220.09,2237.07" sx="M,F,M,M"/><TAIKYOKU oya="0"/><INIT seed="0,0,0,5,3,7" ten="250,250,250,250" oya="0" hai0="126,132,108,9,90,52,71,32,129,112,72,15,4" hai1="97,45,49,28,102,103,12,99,94,35,79,56,81" hai2="13,29,67,80,95,133,128,19,101,85,46,30,127" hai3="93,11,42,130,76,18,22,54,69,37,83,63,65"/><T44/><D112/><U59/><E35/><V104/><F104/><W100/><G130/><T31/><D71/><U74/><E28/><V17/><F128/><W92/><G100/><T55/><D129/><U113/><E113/><V120/><F120/><W119/><G119/><T60/><D72/><U107/><REACH who="1" step="1"/><E12/><REACH who="1" ten="250,240,250,250" step="2"/><V58/><F30/><W33/><G33/><T36/><D31/><U1/><E1/><V105/><F29/><W43/><G43/><AGARI ba="0,1" hai="43,45,49,56,59,74,79,81,94,97,99,102,103,107" machi="43" ten="30,7700,0" yaku="1,1,7,1,53,2" doraHai="7" doraHaiUra="96" who="1" fromWho="3" sc="250,0,240,87,250,0,250,-77" /><INIT seed="1,0,0,3,5,50" ten="250,327,250,173" oya="1" hai0="86,44,128,59,99,29,95,104,124,34,109,41,49" hai1="12,123,119,42,90,76,89,134,82,103,61,93,106" hai2="5,4,30,79,75,55,17,20,13,53,36,35,113" hai3="27,87,65,26,37,52,7,71,91,39,118,100,11"/><U21/><E123/><V54/><F36/><W83/><G118/><T14/><D109/><U28/><E119/><V85/><F75/><W15/><G100/><T121/><D121/><U57/><E42/><V131/><F131/><W63/><G37/><T94/><D128/><U46/><E106/><V60/><F113/><W2/><G39/><T64/><D124/><U129/><E46/><V48/><F60/><W97/><G97/><T105/><D86/><U8/><E134/><V56/><F35/><W127/><G127/><T40/><D40/><U81/><E129/><V10/><F30/><W92/><G2/><T84/><D84/><U96/><E21/><V102/><F102/><W101/><G101/><T122/><D122/><U73/><E28/><V45/><F56/><W111/><G111/><T47/><D47/><U67/><E81/><N who="2" m="47295" /><F4/><AGARI ba="0,0" hai="4,8,12,57,61,67,73,76,82,89,90,93,96,103" machi="4" ten="30,1500,0" yaku="7,1" doraHai="50" who="1" fromWho="2" sc="250,0,327,15,250,-15,173,0" /><INIT seed="1,1,0,5,5,108" ten="250,342,235,173" oya="1" hai0="61,125,6,128,99,122,41,95,124,96,77,98,84" hai1="55,65,69,54,51,75,0,110,11,38,91,132,135" hai2="58,100,118,78,90,19,26,29,64,15,133,97,66" hai3="63,59,73,28,113,44,30,101,74,47,32,105,10"/><U43/><E75/><V57/><F118/><W117/><G117/><T46/><D6/><U109/><E11/><V82/><F133/><N who="1" m="51273" /><E0/><V112/><F90/><W126/><G126/><N who="0" m="48747" /><D128/><U48/><E91/><V92/><F112/><W114/><G10/><T102/><D122/><U31/><E31/><V60/><F58/><W24/><G30/><T129/><D129/><U13/><E13/><V123/><F123/><W68/><G74/><T34/><D34/><U23/><E23/><V76/><F66/><N who="3" m="41055" /><G59/><T120/><D120/><U80/><E80/><V62/><F62/><W37/><G73/><T53/><D77/><U88/><E88/><V86/><F78/><W71/><G71/><T81/><D81/><U52/><E38/><V25/><REACH who="2" step="1"/><F29/><REACH who="2" ten="250,342,225,173" step="2"/><W67/><G67/><T115/><D102/><U56/><E69/><V50/><F50/><N who="1" m="18985" /><E43/><V9/><AGARI ba="1,1" hai="9,15,19,25,26,57,60,64,76,82,86,92,97,100" machi="9" ten="20,5200,0" yaku="1,1,0,1,7,1,8,1,53,0" doraHai="108" doraHaiUra="119" who="2" fromWho="2" sc="250,-14,342,-27,225,65,173,-14" /><INIT seed="2,0,0,1,1,55" ten="236,315,290,159" oya="2" hai0="111,13,20,125,113,84,128,43,118,31,8,54,82" hai1="59,122,124,133,1,71,135,23,27,37,93,70,96" hai2="123,109,134,130,69,98,68,6,12,63,78,47,94" hai3="81,87,46,9,119,4,72,127,83,115,38,35,57"/><V77/><F123/><W75/><G119/><T22/><D113/><U86/><E37/><V106/><F106/><W80/><G115/><T99/><D118/><U45/><E1/><V15/><F130/><W92/><G35/><T50/><D128/><U39/><E122/><V28/><F134/><N who="1" m="51209" /><E86/><V30/><F109/><W97/><G127/><T76/><D111/><U107/><E107/><V90/><F68/><W26/><G26/><T21/><D125/><U44/><E59/><V102/><F102/><W89/><G87/><T112/><D112/><U79/><E79/><N who="2" m="30219" /><F69/><N who="1" m="26121" /><E39/><V65/><F65/><W34/><G34/><T129/><D129/><U52/><E52/><V108/><F63/><W100/><G72/><T7/><D99/><U29/><E124/><V11/><F108/><W105/><G75/><T67/><D67/><U48/><E48/><V3/><F3/><W49/><G38/><T74/><D74/><U114/><E114/><V5/><F47/><W73/><G73/><T120/><D120/><U88/><AGARI ba="0,0" hai="23,27,29,44,45,88,93,96" m="26121,51209" machi="88" ten="30,2000,0" yaku="20,1,54,1" doraHai="55" who="1" fromWho="1" sc="236,-5,315,20,290,-10,159,-5" /><INIT seed="3,0,0,0,4,99" ten="231,335,280,154" oya="3" hai0="42,120,12,94,38,57,23,58,27,41,103,2,36" hai1="20,82,118,102,89,79,129,60,29,109,100,85,107" hai2="111,95,24,104,93,119,31,63,35,19,127,14,125" hai3="22,33,101,45,87,16,25,72,48,32,4,98,55"/><W11/><G72/><T80/><D2/><U5/><E107/><V76/><F119/><W131/><G131/><T9/><D120/><U133/><E118/><V74/><F104/><W135/><G135/><T110/><D110/><U117/><E109/><V77/><F111/><W75/><G87/><T34/><D34/><U68/><E5/><V61/><F93/><W105/><REACH who="3" step="1"/><G75/><REACH who="3" ten="231,335,280,144" step="2"/><T7/><D38/><U13/><E129/><V10/><F74/><W28/><G28/><T134/><D36/><U96/><E133/><V81/><F125/><W106/><G106/><T83/><D134/><U114/><E117/><V6/><F127/><W65/><G65/><T43/><D80/><U47/><E29/><V64/><F95/><W3/><AGARI ba="0,1" hai="3,4,11,16,22,25,32,33,45,48,55,98,101,105" machi="3" ten="20,12000,1" yaku="1,1,0,1,7,1,52,1,54,1,53,0" doraHai="99" doraHaiUra="84" who="3" fromWho="3" sc="231,-40,335,-40,280,-40,144,130" /><INIT seed="3,1,0,1,2,51" ten="191,295,240,274" oya="3" hai0="73,89,96,111,83,122,112,50,24,105,44,120,21" hai1="62,124,7,61,63,52,58,109,46,3,55,116,34" hai2="43,37,108,92,66,11,84,45,72,97,1,118,40" hai3="131,18,94,70,69,8,17,26,127,79,25,36,134"/><W91/><G36/><T59/><D111/><U0/><E34/><V101/><F118/><W88/><G79/><T87/><D112/><U93/><E109/><V106/><F108/><W126/><G131/><T86/><D73/><U30/><E30/><V9/><F72/><W121/><G134/><T98/><D59/><U42/><E7/><V39/><F66/><W113/><G113/><T53/><D87/><U16/><E116/><V23/><F23/><W128/><G128/><T60/><D60/><U81/><E124/><N who="3" m="47658" /><G91/><T20/><D20/><U10/><E81/><V82/><F106/><W135/><G121/><T41/><D41/><U14/><E93/><V67/><F67/><W78/><G78/><T132/><D132/><U15/><E15/><V54/><F1/><W77/><G77/><T107/><D107/><U29/><E29/><V49/><F39/><W6/><G135/><T71/><D71/><N who="3" m="27145" /><G25/><T85/><D105/><U28/><E28/><V100/><F100/><W48/><G48/><T68/><D68/><U90/><E90/><N who="2" m="51479" /><F37/><W31/><G26/><T57/><D86/><U95/><E95/><V129/><F129/><W13/><G31/><N who="0" m="17807" /><D122/><U32/><E32/><V119/><F119/><W75/><G75/><T80/><D120/><U38/><E63/><V35/><F35/><W33/><G33/><T123/><D123/><U56/><AGARI ba="1,0" hai="0,3,10,14,16,38,42,46,52,55,56,58,61,62" machi="56" ten="30,12000,2" yaku="0,1,9,1,52,2,54,2" doraHai="51" who="1" fromWho="1" sc="191,-31,295,123,240,-31,274,-61" owari="160,-34.0,418,51.8,209,-19.1,213,1.3" /></mjloggm>