<mjloggm ver="2.3"><GO type="225" lobby="0"/><UN n0="%E3%83%AD%E3%83%83%E3%83%86%E9%9B%80%E7%90%83" n1="%73%6C%69%63%6B%33%31%39" n2="%E3%81%9F%E3%81%8C%E3%82%84%E3%81%99" n3="%E9%8A%80%E3%81%B0%E3%81%95%E3%81%BF" dan="17,16,16,17" rate="2245.91,2178.55,2199.49,2207.85" sx="M,M,M,M"/><TAIKYOKU oya="0"/><INIT seed="0,0,0,2,0,66" ten="250,250,250,250" oya="0" hai0="71,103,57,82,124,69,111,105,35,50,115,54,41" hai1="113,86,11,59,38,51,73,47,123,68,56,72,92" hai2="96,94,125,26,112,37,0,15,107,75,34,2,119" hai3="4,29,120,22,45,114,24,67,89,62,55,122,63"/><T53/><D115/><U10/><E123/><N who="3" m="47146" /><G114/><T20/><D35/><U116/><E116/><V134/><F112/><W126/><G126/><T19/><D124/><U90/><E38/><V39/><F125/><W121/><N who="3" m="47154" /><W100/><DORA hai="101" /><G100/><T79/><D111/><U44/><E68/><V109/><F75/><W104/><G104/><T21/><D41/><U131/><E131/><V97/><F15/><W43/><G4/><T74/><D54/><U16/><E113/><V87/><F94/><W106/><G106/><T80/><D80/><U84/><E72/><V95/><F95/><W25/><G89/><T108/><D108/><U70/><E70/><V5/><F5/><W133/><G133/><T99/><D21/><U76/><E73/><V7/><F7/><W12/><G12/><AGARI ba="0,0" hai="12,19,20,50,53,57,69,71,74,79,82,99,103,105" machi="12" ten="30,11600,0" yaku="7,1,52,3" doraHai="66,101" who="0" fromWho="3" sc="250,116,250,0,250,0,250,-116" /><INIT seed="0,1,0,0,0,13" ten="366,250,250,134" oya="0" hai0="0,37,62,55,71,25,49,63,65,47,96,61,27" hai1="99,112,104,95,72,39,105,114,36,5,43,24,54" hai2="68,124,59,31,74,85,78,106,103,101,30,110,11" hai3="4,73,48,50,22,80,118,9,121,33,113,131,123"/><T89/><D0/><U16/><E72/><V127/><F68/><W3/><G113/><N who="1" m="43626" /><E5/><V40/><F40/><W77/><G118/><T46/><D89/><N who="1" m="55791" /><E54/><V58/><F74/><W83/><G33/><T87/><D87/><U41/><E43/><V53/><F11/><W81/><G131/><T6/><D96/><U45/><E39/><V21/><F110/><W126/><G126/><T128/><D6/><U108/><E108/><V38/><F38/><W18/><G77/><T42/><D128/><U56/><E56/><V60/><F59/><W97/><G97/><T75/><D75/><U109/><E109/><V7/><F7/><W94/><G94/><T8/><D8/><U32/><E32/><V23/><F85/><W134/><G134/><T34/><D34/><U92/><E92/><V129/><F129/><W115/><G73/><T57/><D47/><U76/><E76/><V2/><F78/><W122/><REACH who="3" step="1"/><G115/><REACH who="3" ten="366,250,250,124" step="2"/><T102/><D102/><U86/><E86/><V26/><F103/><W132/><G132/><T100/><D100/><U98/><E98/><V51/><F101/><W29/><G29/><T67/><D67/><U17/><E104/><V70/><F106/><W125/><G125/><T133/><D133/><U28/><E105/><V107/><F107/><W116/><G116/><T15/><D65/><U44/><E44/><V117/><F117/><W14/><AGARI ba="1,1" hai="3,4,9,14,18,22,48,50,80,81,83,121,122,123" machi="14" ten="40,8000,1" yaku="1,1,0,1,13,1,52,1,53,1" doraHai="13" doraHaiUra="12" who="3" fromWho="3" sc="366,-41,250,-21,250,-21,124,93" /><INIT seed="1,0,0,0,2,14" ten="325,229,229,217" oya="1" hai0="10,39,103,7,82,3,65,54,35,48,32,80,116" hai1="99,11,5,15,90,37,69,55,38,130,93,53,107" hai2="71,29,30,21,62,78,44,23,129,19,102,96,43" hai3="73,47,12,66,28,79,126,72,0,118,45,92,1"/><U134/><E69/><V111/><F78/><W16/><G28/><T74/><D39/><U83/><E107/><V17/><F129/><W135/><G66/><T4/><D116/><U76/><E130/><V49/><F111/><W67/><G67/><T18/><D65/><U106/><E106/><V100/><F62/><W26/><G26/><T60/><D60/><U88/><E90/><V64/><F64/><W85/><G118/><T132/><D132/><U127/><E134/><V108/><F108/><W122/><G122/><T59/><D7/><U133/><E127/><V41/><F71/><W56/><G135/><T128/><D128/><U68/><E68/><V86/><F86/><W52/><G126/><T121/><D121/><U84/><REACH who="1" step="1"/><E133/><REACH who="1" ten="325,219,229,217" step="2"/><V36/><F102/><W24/><G79/><T112/><D103/><U20/><E20/><V31/><F23/><W109/><G109/><T6/><D35/><U120/><E120/><V117/><F21/><W98/><G92/><T97/><D32/><U101/><E101/><V119/><F119/><W13/><G98/><T113/><D97/><U25/><E25/><V81/><F117/><W131/><G24/><T8/><D113/><U77/><E77/><V46/><REACH who="2" step="1"/><F81/><REACH who="2" ten="325,219,219,217" step="2"/><W125/><G125/><T70/><D82/><U123/><E123/><V110/><F110/><W58/><G131/><T2/><D80/><U61/><E61/><V9/><F9/><W40/><G85/><T95/><D70/><U34/><E34/><V104/><AGARI ba="0,2" hai="17,19,29,30,31,36,41,43,44,46,49,96,100,104" machi="104" ten="30,7900,0" yaku="1,1,0,1,52,2,53,0" doraHai="14" doraHaiUra="114" who="2" fromWho="2" sc="325,-20,219,-39,219,99,217,-20" /><INIT seed="2,0,0,5,5,26" ten="305,180,318,197" oya="2" hai0="96,77,6,12,87,64,54,117,111,45,100,40,107" hai1="20,58,79,104,34,78,119,52,60,133,66,56,102" hai2="38,113,1,82,0,84,95,88,22,103,132,28,55" hai3="97,73,47,99,126,68,123,127,93,86,130,59,89"/><V50/><F38/><W134/><G68/><T18/><D111/><U3/><E119/><V51/><F113/><W44/><G123/><T92/><D117/><U129/><E3/><V21/><F132/><W69/><G69/><T80/><D64/><U8/><E34/><V124/><F124/><N who="3" m="47659" /><G73/><T128/><D128/><U90/><E8/><V31/><F0/><W76/><G130/><T19/><D54/><U11/><E11/><V9/><F51/><W114/><G134/><T57/><D57/><U108/><E129/><V85/><F9/><W63/><G114/><T94/><D6/><U65/><E133/><V91/><F1/><W7/><G7/><T39/><D19/><U14/><E66/><V106/><F106/><W67/><G76/><T101/><D101/><U62/><E108/><V131/><F103/><N who="3" m="60847" /><G99/><T98/><D98/><U70/><E70/><V33/><F131/><W72/><G72/><T105/><D105/><U71/><E71/><V32/><F32/><W110/><G110/><T43/><D43/><U81/><E102/><V10/><F10/><AGARI ba="0,0" hai="10,12,18,39,40,45,77,80,87,92,94,96,100,107" machi="10" ten="30,1000,0" yaku="7,1" doraHai="26" who="0" fromWho="2" sc="305,10,180,0,318,-10,197,0" /><INIT seed="3,0,0,3,4,125" ten="315,180,308,197" oya="3" hai0="96,105,14,58,99,23,34,116,67,121,17,126,133" hai1="85,16,31,83,110,102,52,134,26,117,88,100,89" hai2="65,95,98,24,77,28,45,32,131,73,80,40,39" hai3="106,68,49,97,113,81,7,30,5,12,0,112,3"/><W19/><G68/><T135/><D121/><U87/><E110/><V129/><REACH who="2" step="1"/><F65/><REACH who="2" ten="315,180,298,197" step="2"/><W82/><G112/><T109/><D116/><U22/><E134/><N who="0" m="51209" /><D126/><U43/><E117/><V74/><F74/><W122/><G113/><T128/><D109/><U94/><E43/><V8/><F8/><W108/><G122/><T118/><D118/><U104/><E104/><V50/><F50/><W111/><G49/><T21/><D34/><U78/><E52/><V59/><F59/><W4/><G106/><T37/><D37/><U124/><E124/><V92/><F92/><W93/><G111/><T60/><D128/><U47/><E47/><V18/><F18/><W1/><G108/><T2/><D2/><U11/><E78/><V70/><F70/><W55/><G55/><T114/><D114/><U56/><E56/><V132/><F132/><W27/><G19/><N who="0" m="10487" /><D105/><U38/><E38/><V53/><F53/><W75/><G75/><T130/><D130/><U36/><E36/><V69/><F69/><W86/><G3/><T64/><D64/><U51/><E51/><V15/><F15/><AGARI ba="0,1" hai="15,17,23,58,60,67,96,99" m="10487,51209" machi="15" ten="30,1000,0" yaku="20,1" doraHai="125" who="0" fromWho="2" sc="315,20,180,0,298,-10,197,0" /><AGARI ba="0,0" hai="11,15,16,22,26,31,83,85,87,88,89,94,100,102" machi="15" ten="40,5200,0" yaku="8,1,54,2" doraHai="125" who="1" fromWho="2" sc="335,0,180,52,288,-52,197,0" owari="335,43.5,232,-16.8,236,3.6,197,-30.3" /></mjloggm>