<mjloggm ver="2.3"><GO type="225" lobby="0"/><UN n0="%E3%81%AF%E3%82%88%E3%81%8A%E3%81%98%E3%81%95%E3%82%93" n1="%73%69%72%6F%75%74" n2="%E4%B8%8B%E6%AE%B5%E3%83%81%E3%82%A7%E3%83%AA%E3%83%BC" n3="%E3%81%A1%E3%82%85%E3%81%86%E3%81%A9%E3%81%8F%E8%B1%A1%E3%81%95%E3%82%93" dan="16,16,16,17" rate="2143.98,2028.40,2141.32,2181.41" sx="M,M,M,M"/><TAIKYOKU oya="0"/><INIT seed="0,0,0,5,1,29" ten="250,250,250,250" oya="0" hai0="59,112,81,39,97,131,58,32,51,45,56,134,33" hai1="130,79,17,26,19,21,111,106,103,6,124,57,3" hai2="22,127,74,128,91,40,98,99,116,100,72,30,115" hai3="20,73,108,53,38,118,95,67,18,104,60,23,119"/><T11/><D112/><U13/><E79/><V10/><F115/><W7/><G104/><T93/><D39/><U90/><E106/><V4/><F116/><W83/><G38/><T121/><D121/><U71/><E71/><V68/><F68/><W110/><G7/><T125/><D125/><U0/><E103/><V5/><F127/><W77/><G53/><T107/><D107/><U9/><E124/><V135/><F40/><W48/><G48/><T31/><D31/><N who="1" m="17871" /><E90/><V65/><F65/><W16/><G95/><T75/><D131/><U50/><E57/><V63/><F128/><W24/><G110/><T62/><D62/><U76/><E76/><V49/><F63/><W54/><G54/><T37/><D37/><U69/><E50/><V70/><F70/><W123/><G108/><T82/><D134/><U109/><E69/><V132/><F49/><W42/><G42/><T84/><D11/><U105/><E105/><V28/><F10/><W12/><G123/><T61/><D75/><U27/><E130/><V114/><F114/><W66/><REACH who="3" step="1"/><G60/><REACH who="3" ten="250,250,250,240" step="2"/><T43/><D61/><U80/><E111/><V94/><F94/><W133/><G133/><T2/><D2/><N who="1" m="555" /><E109/><V44/><F44/><W101/><G101/><T89/><REACH who="0" step="1"/><D82/><REACH who="0" ten="240,250,250,240" step="2"/><U78/><E80/><V47/><F135/><W15/><G15/><T14/><D14/><U55/><E13/><V113/><F132/><W41/><G41/><T52/><D52/><U126/><E55/><V8/><F113/><W1/><G1/><T86/><D86/><U36/><E126/><V64/><F72/><W129/><G129/><RYUUKYOKU ba="0,2" sc="240,15,250,-15,250,-15,240,15" hai0="32,33,43,45,51,56,58,59,81,84,89,93,97" hai3="12,16,18,20,23,24,66,67,73,77,83,118,119" /><INIT seed="0,1,2,3,1,57" ten="255,235,235,255" oya="0" hai0="103,89,45,34,118,67,84,80,24,15,121,69,119" hai1="110,133,120,83,20,92,109,73,6,46,113,14,22" hai2="39,4,66,128,117,28,94,106,48,96,107,111,132" hai3="102,0,79,9,93,49,51,124,63,38,35,114,61"/><T37/><D121/><U25/><E120/><V95/><F39/><W27/><G114/><T122/><D122/><U134/><E113/><V58/><F117/><W56/><G38/><T47/><D103/><U10/><E92/><V29/><F132/><N who="1" m="50793" /><E46/><V86/><F128/><W59/><G79/><T78/><D45/><U64/><E64/><V82/><F111/><N who="1" m="42505" /><E25/><V97/><F4/><W31/><G124/><T87/><D47/><U16/><E83/><V130/><F130/><W13/><G0/><T60/><D37/><U70/><E70/><V8/><F8/><W17/><G93/><N who="2" m="35337" /><F107/><W129/><G102/><T71/><D69/><U74/><E74/><V44/><F106/><W55/><REACH who="3" step="1"/><G129/><REACH who="3" ten="255,235,235,245" step="2"/><T32/><D118/><U62/><E73/><V26/><F97/><W116/><G116/><T77/><D119/><U100/><E100/><V33/><F96/><W2/><G2/><T5/><D87/><U7/><E62/><N who="2" m="38231" /><F33/><W40/><G40/><T104/><D32/><U108/><E108/><V36/><F36/><W115/><G115/><T131/><D104/><U43/><E43/><N who="2" m="24607" /><F26/><W125/><G125/><T1/><D131/><U98/><E98/><V112/><F112/><W68/><G68/><T76/><D1/><U88/><E88/><AGARI ba="1,3" hai="28,29,82,86,88" m="24607,38231,35337" machi="88" ten="30,3900,0" yaku="8,1,52,1,54,1" doraHai="57" who="2" fromWho="1" sc="255,0,235,-42,235,72,245,0" /><INIT seed="1,0,0,0,4,132" ten="255,193,307,245" oya="1" hai0="37,131,57,51,32,33,38,74,16,3,65,128,47" hai1="79,68,41,20,25,133,92,119,63,118,106,80,1" hai2="134,56,27,17,50,127,135,97,35,49,126,77,46" hai3="78,69,53,70,83,62,44,5,64,4,75,113,55"/><U61/><E1/><V26/><F77/><W105/><G113/><T45/><D74/><U0/><E0/><V107/><F56/><W117/><G117/><T100/><D3/><U6/><E6/><V103/><F17/><W28/><G105/><T116/><D116/><U15/><E15/><V102/><F102/><W94/><G28/><T93/><D100/><U81/><E106/><V30/><F26/><W29/><G29/><T90/><D65/><U114/><E114/><V58/><F58/><W108/><G108/><T31/><D57/><U34/><E34/><V11/><F11/><W36/><G70/><T42/><D16/><U85/><E133/><N who="2" m="50699" /><F50/><W88/><G53/><AGARI ba="0,0" hai="27,30,35,46,49,53,97,103,107,126,127" m="50699" machi="53" ten="30,3900,0" yaku="20,1,52,2" doraHai="132" who="2" fromWho="3" sc="255,0,193,0,307,39,245,-39" /><INIT seed="2,0,0,2,3,101" ten="255,193,346,206" oya="2" hai0="51,132,108,1,100,90,16,134,37,67,88,83,66" hai1="73,76,56,121,52,84,115,39,48,109,58,9,3" hai2="103,128,44,57,42,46,14,29,110,35,13,85,107" hai3="120,71,81,18,53,112,4,43,11,94,114,75,99"/><V117/><F117/><W131/><G71/><T93/><D37/><U80/><E115/><N who="3" m="44074" /><G120/><T127/><D1/><U32/><E121/><V77/><F128/><W26/><G43/><T31/><D31/><U62/><E39/><V133/><F133/><N who="0" m="51306" /><D108/><U8/><E32/><V74/><F74/><W59/><G131/><T105/><D127/><U70/><E70/><V68/><F68/><W41/><G41/><T21/><D51/><U104/><E109/><V27/><F110/><W126/><G126/><T10/><D10/><U86/><E104/><V24/><F57/><W20/><G75/><T87/><D100/><U61/><E48/><V49/><F27/><W15/><G81/><T19/><D105/><U98/><E98/><V111/><F111/><W113/><N who="3" m="44082" /><W135/><DORA hai="47" /><G135/><T122/><D122/><U64/><REACH who="1" step="1"/><E9/><REACH who="1" ten="255,183,346,206" step="2"/><V25/><F107/><W50/><G99/><N who="0" m="57783" /><D19/><U123/><E123/><V82/><F49/><W60/><G60/><T6/><D6/><AGARI ba="0,1" hai="3,6,8,52,56,58,61,62,64,73,76,80,84,86" machi="6" ten="40,2600,0" yaku="1,1,54,1,53,0" doraHai="101,47" doraHaiUra="36,30" who="1" fromWho="0" sc="255,-26,183,36,346,0,206,0" /><INIT seed="3,0,0,1,5,63" ten="229,219,346,206" oya="3" hai0="15,42,16,33,116,53,133,44,17,103,7,54,112" hai1="120,98,80,126,76,67,4,130,43,128,135,70,52" hai2="104,9,121,92,31,8,50,34,73,91,78,55,102" hai3="118,100,101,26,83,24,27,32,12,29,28,88,40"/><W62/><G118/><T35/><D116/><U107/><E120/><V59/><F121/><W123/><G123/><T19/><D133/><U95/><E107/><V14/><F34/><W127/><G127/><T110/><D110/><U1/><E43/><V93/><F31/><N who="3" m="11851" /><G32/><T85/><D112/><U56/><E67/><V10/><F104/><W81/><G40/><T11/><D33/><U41/><E70/><V39/><F39/><W22/><G62/><T18/><D35/><U21/><E41/><V61/><F73/><W124/><G124/><T109/><D109/><U23/><E126/><V49/><F78/><W37/><G37/><T3/><D103/><N who="3" m="39497" /><G88/><T89/><N who="0" m="4096" /><DORA hai="58" /><T119/><D3/><U25/><E135/><V84/><F14/><W129/><G129/><T38/><REACH who="0" step="1"/><D119/><REACH who="0" ten="219,219,346,206" step="2"/><U117/><E1/><V134/><F134/><W74/><G12/><T96/><D96/><AGARI ba="0,1" hai="8,9,10,49,50,55,59,61,84,91,92,93,96,102" machi="96" ten="40,2600,0" yaku="8,1,52,1" doraHai="63,58" who="2" fromWho="0" sc="219,-26,219,0,346,36,206,0" owari="193,-30.7,219,1.9,382,48.2,206,-19.4" /></mjloggm>