<mjloggm ver="2.3"><GO type="225" lobby="0"/><UN n0="%E5%B8%86%E7%AB%8B%E5%A4%8F%E8%A1%A3" n1="%E5%B0%8F%E5%AE%AE%E3%81%9F%E3%81%9A%E3%81%8D" n2="%74%2E%6F%2E%6F%2E%73" n3="%6D%75%75%73%61%6E%6D%75" dan="17,16,17,16" rate="2163.61,2160.44,2099.71,2079.78" sx="M,F,M,F"/><TAIKYOKU oya="0"/><INIT seed="0,0,0,2,1,117" ten="250,250,250,250" oya="0" hai0="20,130,53,81,110,55,70,0,125,14,48,98,123" hai1="37,76,4,124,35,89,12,74,129,86,102,29,80" hai2="3,13,52,87,18,132,118,17,126,68,111,46,104" hai3="57,22,60,116,105,62,8,103,119,43,28,61,82"/><T34/><D0/><U26/><E124/><V5/><F111/><W65/><G43/><T24/><D125/><U113/><E129/><V77/><F126/><W120/><G105/><T71/><D130/><U84/><E37/><V115/><F115/><W135/><G135/><T41/><D110/><U114/><E102/><V93/><F104/><W45/><G103/><T106/><D123/><U79/><E74/><V133/><F68/><W49/><G116/><T112/><D112/><N who="1" m="43115" /><E86/><V19/><F3/><W21/><G119/><T91/><D34/><U134/><E134/><V100/><F118/><W32/><G32/><T97/><D14/><U88/><E89/><V2/><F2/><W64/><G8/><AGARI ba="0,0" hai="4,8,12,26,29,35,76,79,80,84,88" m="43115" machi="8" ten="30,2000,0" yaku="11,1,54,1" doraHai="117" who="1" fromWho="3" sc="250,0,250,20,250,0,250,-20" /><INIT seed="1,0,0,2,2,127" ten="250,270,250,230" oya="1" hai0="96,61,122,63,117,71,55,73,125,76,59,95,103" hai1="38,105,37,113,94,12,5,3,119,118,1,67,62" hai2="115,98,126,64,85,18,114,112,120,75,131,132,34" hai3="24,25,45,6,123,26,28,135,69,23,15,46,107"/><U53/><E105/><V109/><F120/><W44/><G123/><T77/><D122/><U52/><E12/><V49/><F75/><W100/><G69/><T32/><D125/><U124/><E124/><V74/><F74/><W16/><G135/><T57/><D117/><N who="1" m="44555" /><E94/><V78/><F126/><W134/><G134/><T130/><D71/><U72/><E72/><V128/><F132/><W68/><G68/><T39/><D39/><N who="1" m="14859" /><E5/><V82/><F109/><W111/><G111/><T21/><D32/><U89/><E62/><V48/><F34/><W66/><G66/><T87/><D73/><U70/><E70/><V22/><F98/><W13/><G107/><T60/><D60/><U133/><E133/><V104/><F64/><W41/><G100/><T30/><D87/><U4/><E4/><V35/><F35/><W47/><G6/><T99/><D99/><U33/><E33/><V88/><F78/><W17/><G28/><T116/><D116/><U14/><E14/><N who="2" m="9559" /><F104/><W19/><REACH who="3" step="1"/><G13/><REACH who="3" ten="250,270,250,220" step="2"/><T9/><D30/><U92/><E67/><V43/><F43/><W29/><G29/><T65/><D65/><U129/><E3/><V81/><F81/><W51/><AGARI ba="0,1" hai="15,16,17,19,23,24,25,26,41,44,45,46,47,51" machi="51" ten="30,7900,0" yaku="1,1,0,1,8,1,54,1,53,0" doraHai="127" doraHaiUra="50" who="3" fromWho="3" sc="250,-20,270,-39,250,-20,220,89" /><INIT seed="2,0,0,2,4,80" ten="230,231,230,309" oya="2" hai0="0,113,76,122,36,38,31,83,84,112,130,45,127" hai1="132,41,92,25,2,21,12,48,27,57,17,125,73" hai2="128,62,52,77,81,55,32,23,15,24,20,59,60" hai3="111,18,64,110,46,102,121,103,131,14,19,71,49"/><V1/><F128/><W106/><G121/><T7/><D122/><U33/><E2/><V126/><F126/><W119/><G119/><T82/><D130/><U96/><E73/><V16/><F1/><W11/><G131/><T93/><D127/><U3/><E3/><V79/><F32/><W120/><G120/><T134/><D134/><U129/><E132/><V65/><F62/><N who="3" m="40343" /><G106/><T47/><D31/><U61/><E33/><V97/><F97/><W29/><G29/><T50/><D93/><U9/><E125/><V105/><F105/><W117/><G19/><T69/><D69/><U74/><E74/><V8/><F23/><W133/><G117/><T99/><D99/><U22/><E129/><V114/><F114/><W85/><G133/><T109/><D109/><N who="3" m="41481" /><G85/><T4/><D0/><U95/><E22/><V56/><F56/><W108/><N who="3" m="41489" /><W115/><DORA hai="26" /><G115/><T51/><D76/><U34/><E34/><V94/><F94/><W54/><AGARI ba="0,0" hai="11,14,18,46,49,54,102,103" m="41489,40343" machi="54" ten="40,1500,0" yaku="14,1" doraHai="80,26" who="3" fromWho="3" sc="230,-4,231,-4,230,-7,309,15" /><INIT seed="3,0,0,3,1,94" ten="226,227,223,324" oya="3" hai0="87,75,42,13,109,21,71,122,31,66,37,0,80" hai1="95,56,46,101,26,16,28,65,62,61,45,129,4" hai2="40,72,63,12,24,23,29,131,34,52,11,15,54" hai3="60,112,32,6,133,2,50,115,93,105,19,30,68"/><W84/><G105/><T51/><D122/><U121/><E121/><V41/><F72/><W55/><G133/><T8/><D109/><U76/><E129/><V7/><F131/><W73/><G73/><T98/><D37/><U86/><E4/><V117/><F117/><W107/><G107/><T90/><D75/><U77/><E16/><V10/><F34/><W9/><G32/><T67/><D71/><U104/><E104/><V127/><F127/><W20/><G30/><T78/><D0/><U120/><E120/><V89/><F89/><W125/><G125/><T97/><D21/><N who="1" m="15439" /><E62/><V100/><F100/><W130/><G130/><T79/><D31/><U123/><E123/><V74/><F74/><W49/><G68/><T126/><D126/><U58/><E58/><N who="2" m="35271" /><F54/><W27/><G60/><T106/><D106/><U57/><E57/><V43/><F40/><W18/><G50/><T88/><D51/><U96/><E86/><V47/><F47/><AGARI ba="0,0" hai="45,46,47,56,61,65,76,77,95,96,101" m="15439" machi="47" ten="30,3900,0" yaku="25,1,8,1,52,1" doraHai="94" who="1" fromWho="2" sc="226,0,227,39,223,-39,324,0" owari="226,-17.4,266,6.6,184,-31.6,324,42.4" /></mjloggm>