<mjloggm ver="2.3"><GO type="225" lobby="0"/><UN n0="%6B%79%6F%6E%6B%6F%31%31" n1="%E6%B4%BE%E9%81%A3%E3%81%AE%E3%82%B8%E3%83%A3%E3%83%83%E3%82%AF" n2="%E3%80%90%E3%83%88%E3%83%AA%E3%83%A5%E3%83%95%E3%80%91" n3="%3E%5F%30%40%E6%9D%8F%E6%9D%8F%E8%BB%8D%E5%9C%98" dan="17,17,16,16" rate="2144.20,2203.23,2039.59,2130.09" sx="M,M,M,F"/><TAIKYOKU oya="0"/><INIT seed="0,0,0,3,2,94" ten="250,250,250,250" oya="0" hai0="84,121,11,58,76,112,104,6,78,117,47,44,42" hai1="119,109,21,89,77,70,66,16,29,7,106,30,116" hai2="96,41,123,82,57,71,124,102,59,12,3,54,114" hai3="128,125,52,74,126,83,2,99,80,64,5,81,51"/><T115/><D117/><U48/><E77/><V27/><F114/><W69/><G128/><T0/><D121/><U23/><E7/><V56/><F3/><W18/><G74/><T130/><D130/><U10/><E106/><V108/><F108/><W19/><G5/><T103/><D47/><U55/><E109/><V63/><F41/><W35/><G35/><T72/><D84/><U60/><E10/><V22/><F124/><N who="3" m="47723" /><G2/><T111/><D58/><U135/><E135/><V24/><F82/><N who="3" m="20995" /><W36/><DORA hai="37" /><G36/><T98/><D72/><U14/><E89/><V39/><F39/><W88/><G64/><T133/><D133/><U118/><REACH who="1" step="1"/><E23/><REACH who="1" ten="250,240,250,250" step="2"/><V33/><F22/><W15/><G15/><T25/><D111/><U40/><E40/><V50/><F12/><W20/><G20/><T61/><D115/><U113/><E113/><V92/><F123/><W95/><G69/><T62/><D112/><U91/><E91/><V49/><F71/><W53/><G53/><T17/><D78/><U107/><E107/><V129/><F129/><W120/><G120/><T8/><D76/><U43/><E43/><V87/><F54/><W127/><G127/><T93/><D104/><U134/><E134/><V100/><F33/><W34/><G34/><T122/><D122/><U75/><E75/><V85/><F102/><W28/><G52/><T101/><D101/><U131/><E131/><V132/><F132/><W73/><G73/><T110/><D110/><U26/><E26/><V38/><F24/><W1/><G88/><T86/><D25/><U65/><E65/><N who="2" m="39143" /><F100/><W67/><G67/><RYUUKYOKU ba="0,1" sc="250,-10,240,30,250,-10,250,-10" hai1="14,16,21,29,30,48,55,60,66,70,116,118,119" /><INIT seed="1,1,1,1,4,47" ten="240,270,240,240" oya="1" hai0="107,111,25,48,29,5,135,50,37,89,27,124,98" hai1="79,17,128,112,41,113,84,22,78,43,14,32,116" hai2="57,71,101,95,40,23,75,34,131,82,62,125,130" hai3="133,127,9,132,120,63,91,87,96,103,65,77,126"/><U72/><E116/><V11/><F34/><W92/><G9/><T15/><D37/><U70/><E32/><V6/><F125/><N who="3" m="47627" /><G120/><T12/><D124/><U1/><E70/><V94/><F23/><W109/><G109/><T39/><D39/><U121/><E121/><V97/><F40/><W74/><G63/><T54/><D111/><U105/><E105/><V4/><F94/><N who="3" m="54655" /><G65/><T13/><D135/><N who="3" m="51785" /><G77/><T69/><D69/><U35/><E78/><N who="2" m="44383" /><F11/><W52/><G52/><T24/><D107/><U30/><E79/><V90/><F71/><W85/><G85/><T129/><D5/><U33/><E84/><V55/><F90/><W3/><G3/><T7/><D7/><U0/><E0/><V118/><F118/><W58/><G58/><T36/><D54/><U108/><E1/><V21/><F21/><W93/><G93/><N who="0" m="56623" /><D36/><U123/><E33/><V31/><F31/><W60/><G60/><T81/><D29/><U44/><E108/><V114/><F114/><W46/><G46/><T73/><D73/><AGARI ba="1,1" hai="73,74,92,96,103" m="51785,54655,47627" machi="73" ten="30,7700,0" yaku="18,1,20,1,34,2" doraHai="47" who="3" fromWho="0" sc="240,-80,270,0,240,0,240,90" /><INIT seed="2,0,0,1,0,112" ten="160,270,240,330" oya="2" hai0="74,35,36,10,3,40,93,50,106,2,95,116,66" hai1="62,7,103,94,119,126,14,110,67,91,31,60,85" hai2="65,28,4,113,49,61,46,38,102,16,22,15,13" hai3="45,105,34,111,80,129,132,122,59,42,133,124,83"/><V69/><F113/><W130/><G105/><T43/><D36/><U131/><E110/><V101/><F38/><W89/><G34/><T18/><D35/><U17/><E119/><V128/><F28/><W78/><G122/><T47/><D106/><U118/><E118/><V48/><F128/><N who="3" m="49259" /><G111/><T92/><D74/><U5/><E126/><V134/><F134/><N who="3" m="51819" /><G124/><T84/><D116/><U90/><E103/><V53/><REACH who="2" step="1"/><F49/><REACH who="2" ten="160,270,230,330" step="2"/><N who="3" m="26807" /><G78/><T8/><D43/><U100/><E131/><V75/><F75/><W115/><G115/><T70/><D50/><U71/><E31/><V44/><F44/><W11/><G59/><T19/><D47/><U56/><E56/><V57/><F57/><W121/><G121/><T68/><D40/><U127/><E127/><V114/><F114/><W123/><G123/><T25/><D68/><U81/><E71/><V24/><F24/><W73/><G73/><T117/><D25/><U98/><E62/><V39/><F39/><W55/><G55/><T54/><D54/><U52/><E52/><V0/><F0/><N who="0" m="42" /><D117/><U107/><E60/><V9/><AGARI ba="0,1" hai="4,9,13,15,16,22,46,48,53,61,65,69,101,102" machi="9" ten="30,6000,0" yaku="1,1,0,1,54,1,53,0" doraHai="112" doraHaiUra="87" who="2" fromWho="2" sc="160,-20,270,-20,230,70,330,-20" /><INIT seed="2,1,0,4,5,67" ten="140,250,300,310" oya="2" hai0="101,85,41,97,129,92,16,81,77,50,5,100,59" hai1="66,107,131,56,76,99,87,112,60,18,34,109,80" hai2="45,48,133,96,63,9,26,40,105,46,68,111,124" hai3="106,69,62,132,8,49,64,52,93,94,57,118,55"/><V12/><F133/><W20/><G106/><T119/><D129/><U21/><E112/><V29/><F124/><W44/><G118/><T104/><D119/><U134/><E109/><V47/><F111/><W72/><G72/><T88/><D5/><U6/><E131/><V82/><F82/><W128/><G128/><T32/><D32/><U120/><E120/><V2/><F2/><W30/><G132/><T10/><D41/><U35/><E134/><V27/><F27/><W3/><G30/><T36/><D36/><U7/><E34/><V14/><F14/><W89/><G20/><T90/><D90/><U98/><E35/><V51/><F51/><W113/><G113/><T28/><D28/><U135/><E135/><V78/><F78/><W108/><G108/><T19/><D10/><U122/><E122/><V13/><F13/><W116/><G116/><T23/><D104/><U95/><E107/><V24/><F24/><W43/><G55/><N who="0" m="32247" /><D19/><U22/><E98/><V70/><F105/><W73/><G73/><T130/><D130/><U91/><REACH who="1" step="1"/><E22/><REACH who="1" ten="140,240,300,310" step="2"/><V125/><F96/><W31/><G31/><T102/><D102/><U53/><E53/><V103/><F103/><W1/><G8/><T33/><D33/><U54/><E54/><V42/><F29/><W79/><G79/><T17/><D17/><U61/><E61/><V84/><F63/><N who="3" m="40095" /><G89/><T71/><D71/><U15/><AGARI ba="1,1" hai="6,7,15,18,21,56,60,66,76,80,87,91,95,99" machi="15" ten="20,8000,1" yaku="1,1,0,1,7,1,8,1,53,1" doraHai="67" doraHaiUra="75" who="1" fromWho="1" sc="140,-21,240,93,300,-41,310,-21" /><INIT seed="3,0,0,3,2,29" ten="119,333,259,289" oya="3" hai0="22,126,76,58,112,71,55,69,5,15,42,115,13" hai1="63,70,10,51,96,19,103,94,2,95,104,134,80" hai2="114,8,102,82,45,127,21,133,52,37,89,43,85" hai3="117,44,40,97,100,72,16,123,65,38,92,24,98"/><W67/><G72/><T111/><D76/><U9/><E80/><V57/><F114/><W66/><G123/><T62/><D5/><U121/><E121/><V125/><F133/><W60/><G117/><T12/><D42/><U90/><E134/><V28/><F8/><W116/><G116/><T77/><D77/><U74/><E74/><V130/><F102/><W53/><G53/><T61/><D22/><U11/><E2/><V132/><F132/><W113/><G113/><T33/><D12/><U106/><E51/><V68/><F68/><W88/><G24/><T4/><D55/><U131/><E19/><V124/><F130/><W6/><G16/><T0/><D4/><U54/><E131/><V129/><F129/><W26/><G26/><T31/><D58/><U49/><E70/><V46/><F46/><W18/><G18/><T84/><D84/><U81/><E81/><V23/><F28/><W107/><REACH who="3" step="1"/><G6/><REACH who="3" ten="119,333,259,279" step="2"/><T17/><D17/><U120/><E120/><V34/><F34/><W101/><G101/><T99/><D31/><U1/><E103/><V35/><F35/><W86/><G86/><T75/><D75/><U119/><E119/><V110/><F110/><W64/><G64/><T128/><D128/><U108/><E108/><V36/><F36/><W27/><G27/><T122/><D33/><U59/><E54/><V50/><AGARI ba="0,1" hai="21,23,37,43,45,50,52,57,82,85,89,124,125,127" machi="50" ten="30,4000,0" yaku="0,1,18,1,54,1" doraHai="29" who="2" fromWho="2" sc="119,-10,333,-10,259,50,279,-20" owari="109,-39.1,323,42.3,309,10.9,259,-14.1" /></mjloggm>