<mjloggm ver="2.3"><GO type="225" lobby="0"/><UN n0="%6C%61%6D%62" n1="%4E%55%44%41" n2="%E5%84%AA%40%41%42%43" n3="%E6%98%93%E5%88%A9%E8%96%A9%E4%BC%AF" dan="16,17,17,16" rate="2152.21,2181.52,2239.88,2100.65" sx="M,M,M,F"/><TAIKYOKU oya="0"/><INIT seed="0,0,0,3,1,132" ten="250,250,250,250" oya="0" hai0="39,117,96,101,41,129,108,91,26,120,111,55,114" hai1="80,57,36,76,23,72,65,121,106,98,7,87,14" hai2="75,31,79,40,37,59,19,13,24,85,52,27,77" hai3="115,0,11,5,48,133,102,128,74,62,42,29,43"/><T89/><D114/><U124/><E121/><V126/><F75/><W95/><G115/><T84/><D120/><U30/><E36/><V123/><F123/><W22/><G74/><T3/><D3/><U25/><E72/><V69/><F69/><W9/><G128/><T112/><D112/><U17/><E106/><V116/><F116/><W122/><G133/><T118/><D55/><U110/><E110/><N who="0" m="42025" /><D26/><U64/><E7/><V45/><F126/><W71/><G11/><T83/><D41/><U28/><E124/><V44/><F44/><W38/><G38/><T135/><D39/><U131/><E131/><V61/><F85/><W66/><G48/><T86/><D135/><U1/><E1/><V60/><F27/><W51/><G51/><T8/><D8/><U81/><E98/><V107/><F107/><W105/><G105/><N who="0" m="63655" /><D129/><U70/><E30/><V21/><REACH who="2" step="1"/><F60/><REACH who="2" ten="250,250,240,250" step="2"/><W32/><G122/><T47/><D47/><U67/><E70/><V82/><F82/><AGARI ba="0,1" hai="82,83,84,86,89,91,117,118" m="63655,42025" machi="82" ten="30,11600,0" yaku="14,1,10,1,34,2" doraHai="132" who="0" fromWho="2" sc="250,126,250,0,240,-116,250,0" /><INIT seed="0,1,0,2,5,93" ten="376,250,124,250" oya="0" hai0="64,11,124,67,122,47,108,30,68,48,70,5,42" hai1="9,65,18,75,125,39,98,6,82,117,49,13,71" hai2="63,0,56,35,103,15,97,100,72,101,57,120,45" hai3="96,90,76,102,12,4,104,55,88,73,53,79,51"/><T2/><D122/><U91/><E117/><V33/><F120/><W43/><G43/><T69/><D124/><U129/><E39/><V85/><F72/><W37/><G37/><T95/><D108/><U80/><E125/><V27/><F0/><W29/><G29/><T89/><REACH who="0" step="1"/><D30/><REACH who="0" ten="366,250,124,250" step="2"/><U59/><E129/><V87/><F35/><W62/><G73/><T113/><D113/><U109/><E109/><V3/><F33/><W127/><G127/><T46/><D46/><U78/><E75/><V116/><F45/><W111/><G111/><T119/><D119/><U17/><E71/><V54/><F116/><W74/><G74/><T135/><D135/><U21/><E59/><V105/><F57/><W8/><G62/><T92/><D92/><U25/><E80/><V58/><F56/><W41/><G41/><T134/><D134/><U14/><E82/><V107/><F58/><W115/><G115/><T7/><D7/><U118/><E118/><V24/><F107/><W50/><G4/><T94/><D94/><U20/><E6/><V19/><F105/><W86/><G104/><T114/><D114/><U110/><E110/><V44/><F63/><W131/><G131/><T61/><D61/><U52/><E65/><V66/><F66/><W38/><G38/><T10/><D10/><U40/><E40/><V1/><F44/><W84/><G8/><T112/><D112/><U132/><E132/><V123/><F123/><W28/><G28/><T31/><D31/><U16/><E9/><V23/><F54/><W126/><G53/><T81/><D81/><U26/><E52/><RYUUKYOKU ba="1,1" sc="366,30,250,-10,124,-10,250,-10" hai0="2,5,11,42,47,48,64,67,68,69,70,89,95" /><INIT seed="0,2,1,1,4,78" ten="396,240,114,240" oya="0" hai0="131,42,54,26,71,63,12,119,84,96,44,133,79" hai1="126,53,92,15,122,74,49,37,76,5,27,103,88" hai2="18,128,127,114,11,35,38,60,77,117,43,90,39" hai3="29,55,57,113,33,101,121,98,129,91,100,116,132"/><T105/><D119/><U123/><E37/><V19/><F114/><W115/><G116/><T99/><D133/><U69/><E69/><V107/><F117/><W110/><G110/><T67/><D131/><U10/><E103/><V20/><F35/><W34/><G121/><T87/><D105/><U118/><E118/><V134/><F107/><W50/><G132/><T36/><D26/><U61/><E61/><V40/><F134/><W112/><G129/><T58/><D12/><U104/><E104/><V108/><F128/><W89/><G101/><T86/><REACH who="0" step="1"/><D79/><REACH who="0" ten="386,240,114,240" step="2"/><U16/><E76/><V82/><F77/><W65/><G113/><T81/><D81/><U2/><E27/><V102/><F82/><W21/><G112/><T8/><D8/><U59/><E74/><V13/><F11/><W109/><G115/><T135/><D135/><U68/><E126/><V70/><F127/><W14/><G14/><T75/><D75/><U30/><E30/><V46/><F108/><W85/><G29/><T95/><D95/><U28/><E28/><V17/><F13/><W48/><G109/><T7/><D7/><U47/><E122/><V51/><F17/><W41/><G34/><T62/><AGARI ba="2,2" hai="36,42,44,54,58,62,63,67,71,84,86,87,96,99" machi="62" ten="30,3000,0" yaku="1,1,0,1,53,0" doraHai="78" doraHaiUra="124" who="0" fromWho="0" sc="386,56,240,-12,114,-12,240,-12" /><INIT seed="0,3,0,0,3,68" ten="442,228,102,228" oya="0" hai0="132,98,99,12,81,95,62,35,125,80,82,8,114" hai1="24,109,59,101,106,51,9,41,104,63,5,100,90" hai2="67,30,64,39,86,6,72,40,52,124,76,15,2" hai3="102,130,133,73,54,11,38,58,117,120,22,66,96"/><T118/><D114/><U27/><E104/><V134/><F134/><W70/><G117/><T57/><D118/><U119/><E119/><V105/><F124/><W44/><G73/><T129/><D35/><U56/><E109/><V17/><F105/><W50/><G130/><T77/><D132/><U16/><E90/><V113/><F113/><W131/><G131/><T33/><D33/><U29/><E106/><V28/><F67/><W55/><G55/><T47/><D129/><U89/><E89/><V53/><F64/><W112/><G120/><T32/><D32/><U110/><E110/><V3/><F3/><W37/><G112/><T49/><D77/><U42/><E16/><V75/><F75/><W111/><G11/><T128/><D125/><U7/><E9/><N who="2" m="2263" /><F86/><W26/><G70/><T10/><D10/><U79/><E79/><V4/><F4/><W18/><G133/><T34/><D34/><U31/><REACH who="1" step="1"/><E51/><REACH who="1" ten="442,218,102,228" step="2"/><V85/><F85/><W45/><G111/><T115/><D128/><U14/><E14/><V71/><F30/><W23/><G18/><T88/><D115/><U25/><E25/><V69/><F28/><W20/><G26/><T61/><D12/><U74/><E74/><V87/><F87/><W107/><G50/><T84/><D8/><U97/><E97/><V123/><F15/><W43/><G96/><T65/><REACH who="0" step="1"/><D61/><AGARI ba="3,1" hai="5,7,24,27,29,31,41,42,56,59,61,63,100,101" machi="61" ten="25,6400,0" yaku="1,1,22,2,8,1,53,0" doraHai="68" doraHaiUra="93" who="1" fromWho="0" sc="442,-73,218,83,102,0,228,0" /><INIT seed="1,0,0,3,2,107" ten="369,301,102,228" oya="1" hai0="85,84,3,16,48,126,77,87,112,131,68,40,55" hai1="17,115,89,56,37,124,53,46,71,91,119,43,22" hai2="42,118,111,132,21,26,30,94,23,66,20,2,97" hai3="58,63,62,129,82,109,29,59,69,52,38,74,121"/><U81/><E119/><V93/><F118/><W25/><G121/><T9/><D112/><U7/><E115/><V61/><F2/><W13/><G38/><T65/><D40/><U110/><E110/><V100/><F111/><W50/><G129/><T54/><D54/><U11/><E124/><V127/><F132/><W36/><G36/><T106/><D106/><U14/><E81/><V83/><F127/><W67/><G13/><T108/><D108/><U116/><E71/><V123/><F123/><W101/><G101/><T113/><D113/><U4/><E116/><V95/><F42/><W39/><G39/><T31/><D31/><U98/><E98/><V12/><F83/><W28/><G25/><T105/><D105/><U80/><E80/><V128/><F128/><W92/><G92/><T57/><D77/><U86/><E86/><V135/><F135/><W41/><G109/><T103/><D103/><U99/><E99/><V45/><F45/><W10/><G10/><T19/><D131/><U33/><E33/><V15/><F15/><W73/><G41/><T1/><D126/><U70/><E70/><V64/><F64/><W5/><G5/><T120/><D120/><U47/><E47/><V27/><F12/><W35/><G82/><T76/><D76/><U51/><REACH who="1" step="1"/><E4/><REACH who="1" ten="369,291,102,228" step="2"/><V130/><F130/><W32/><G35/><T90/><D84/><U122/><E122/><V72/><F72/><N who="3" m="27755" /><G32/><T0/><D85/><U134/><E134/><V79/><F100/><W125/><G125/><T6/><D87/><U102/><E102/><V75/><F97/><W133/><G133/><RYUUKYOKU ba="0,1" sc="369,-15,291,15,102,-15,228,15" hai1="7,11,14,17,22,37,43,46,51,53,56,89,91" hai3="28,29,50,52,58,59,62,63,67,69" /><INIT seed="1,1,1,5,0,62" ten="354,306,87,243" oya="1" hai0="0,99,73,20,85,77,101,126,88,50,134,66,117" hai1="56,7,19,28,48,55,12,34,54,26,110,82,2" hai2="120,63,32,13,5,71,60,111,133,122,93,95,36" hai3="109,90,44,45,123,69,61,87,11,16,108,3,135"/><U125/><E125/><V18/><F36/><W64/><G123/><T4/><D117/><U74/><E110/><N who="3" m="42602" /><G135/><T80/><D126/><U37/><E37/><V39/><F32/><W10/><G3/><T83/><D134/><U33/><E33/><V130/><F71/><W118/><G118/><T89/><D66/><U47/><E82/><V49/><F39/><W58/><G69/><T27/><D50/><U17/><E74/><V81/><F130/><W65/><G16/><T51/><D51/><U92/><E92/><V76/><F18/><W96/><G96/><T40/><D40/><U21/><E19/><V72/><F13/><W106/><G106/><T43/><D43/><N who="1" m="24703" /><E56/><V103/><F111/><W112/><G65/><T9/><D20/><U8/><AGARI ba="1,1" hai="2,7,8,12,17,21,26,28,34,54,55" m="24703" machi="8" ten="30,1500,0" yaku="24,1" doraHai="62" who="1" fromWho="1" sc="354,-6,306,28,87,-6,243,-6" /><INIT seed="1,2,0,2,4,32" ten="348,334,81,237" oya="1" hai0="96,2,33,6,101,47,126,87,15,25,14,20,29" hai1="116,85,66,41,133,40,77,130,97,112,120,100,10" hai2="73,21,58,70,24,111,18,51,114,71,3,27,91" hai3="64,131,56,86,72,135,102,53,124,13,60,110,121"/><U43/><E120/><V42/><F111/><W123/><G72/><T74/><D74/><U16/><E116/><V113/><F73/><W132/><G102/><T54/><D87/><U44/><E112/><N who="2" m="43115" /><F91/><W83/><G110/><T95/><D33/><U26/><E133/><N who="3" m="51274" /><G13/><T76/><D76/><U98/><E130/><V107/><F107/><W9/><G9/><T59/><D47/><U115/><E115/><V65/><F27/><W106/><G106/><T38/><D38/><U82/><E66/><V55/><F42/><N who="1" m="16489" /><E100/><V22/><F22/><W61/><G131/><T94/><D126/><U30/><E30/><V128/><F128/><W99/><G99/><T134/><D94/><U4/><E4/><V69/><F65/><W104/><G104/><T36/><D36/><U49/><E10/><V89/><F89/><N who="3" m="51423" /><G124/><T50/><D134/><U105/><E105/><V79/><F79/><W23/><G23/><AGARI ba="2,0" hai="16,23,26,43,44,49,77,82,85,97,98" m="16489" machi="23" ten="30,2900,0" yaku="8,1,54,1" doraHai="32" who="1" fromWho="3" sc="348,0,334,35,81,0,237,-35" /><INIT seed="1,3,0,0,0,89" ten="348,369,81,202" oya="1" hai0="93,11,4,70,15,43,42,62,36,2,76,133,31" hai1="45,88,134,81,69,20,86,23,124,54,125,68,33" hai2="126,104,130,35,3,92,109,49,38,129,26,123,40" hai3="60,91,56,128,83,96,16,106,112,90,53,52,108"/><U132/><E33/><V75/><RYUUKYOKU type="yao9" ba="3,0" sc="348,0,369,0,81,0,202,0" hai2="3,26,35,38,40,49,75,92,104,109,123,126,129,130" /><INIT seed="1,4,0,2,0,87" ten="348,369,81,202" oya="1" hai0="18,26,112,57,8,17,36,31,69,49,44,122,126" hai1="115,121,72,14,64,127,101,132,131,86,88,135,118" hai2="54,29,48,125,45,2,4,130,34,10,20,15,47" hai3="99,9,23,84,92,114,41,117,134,106,21,76,62"/><U32/><E115/><V60/><F130/><W78/><G114/><T7/><D112/><U85/><E118/><V94/><F125/><W13/><G134/><N who="1" m="51242" /><E121/><V73/><F73/><W97/><G117/><T82/><D69/><U133/><N who="1" m="51250" /><U0/><DORA hai="113" /><E0/><V40/><F34/><W5/><G41/><T123/><D36/><U98/><E72/><V6/><F6/><W33/><G33/><N who="0" m="20727" /><D57/><U28/><E131/><V66/><F94/><W58/><G99/><T90/><D82/><N who="1" m="49207" /><E127/><V42/><F47/><W110/><G106/><T124/><D124/><U37/><E37/><V22/><F2/><W95/><G95/><T102/><D126/><U52/><E64/><V59/><F29/><W71/><G71/><T107/><D122/><U108/><E108/><V24/><F24/><W70/><G70/><T1/><D123/><U109/><E109/><V55/><F66/><W12/><G110/><T96/><D1/><U56/><E14/><V77/><F77/><W93/><G13/><T103/><D107/><N who="1" m="63927" /><E86/><V61/><F40/><W38/><G38/><T89/><D96/><U105/><E105/><V50/><F61/><W83/><G92/><T3/><D103/><U104/><E104/><V39/><F39/><W16/><G93/><T30/><D102/><U19/><E19/><V75/><F75/><N who="3" m="43423" /><G97/><T116/><D116/><U51/><E32/><V65/><REACH who="2" step="1"/><F42/><REACH who="2" ten="348,369,71,202" step="2"/><W46/><G5/><T27/><D18/><U79/><E28/><V74/><F74/><W68/><G16/><T63/><D17/><U119/><E119/><V128/><F128/><W43/><G78/><AGARI ba="4,1" hai="51,52,56,78,79" m="63927,49207,51250" machi="78" ten="40,12000,1" yaku="6,1,20,1,52,1,54,2" doraHai="87,113" who="1" fromWho="3" sc="348,0,369,142,71,0,202,-132" /><INIT seed="1,5,0,5,3,54" ten="348,511,71,70" oya="1" hai0="113,25,61,102,42,51,37,2,12,3,48,5,66" hai1="87,59,109,95,100,131,97,119,15,93,115,27,65" hai2="75,105,40,69,130,13,11,57,31,8,72,29,82" hai3="134,94,88,128,33,92,104,50,6,120,124,19,121"/><U0/><E115/><V36/><F69/><W68/><G104/><T83/><D113/><U81/><E119/><V58/><F105/><W118/><G33/><T127/><D127/><U116/><E116/><V107/><F107/><W62/><G118/><T135/><D102/><U18/><E0/><V28/><F130/><W76/><G76/><T117/><D117/><U123/><E123/><V74/><F82/><W133/><G6/><T84/><D37/><U43/><E131/><V22/><F22/><W126/><G50/><T47/><D135/><N who="3" m="51721" /><G94/><T10/><D25/><U35/><E43/><V17/><REACH who="2" step="1"/><F11/><REACH who="2" ten="348,511,61,70" step="2"/><W23/><G128/><T73/><D73/><U103/><E81/><V132/><F132/><W20/><G20/><T55/><D83/><U46/><E35/><V91/><F91/><W114/><G114/><T122/><D122/><U39/><E93/><V90/><F90/><W53/><G68/><T77/><D77/><U56/><E95/><V71/><F71/><W9/><G9/><T30/><D10/><U129/><E129/><V63/><F63/><W64/><G121/><T86/><D61/><U67/><E100/><V14/><F14/><N who="3" m="9719" /><G120/><T98/><D12/><U101/><E15/><V80/><F80/><W125/><G88/><T85/><D2/><U70/><E70/><V89/><F89/><W26/><G92/><T16/><D3/><U24/><E101/><V99/><F99/><W32/><G32/><T112/><D98/><U110/><E103/><V79/><F79/><W21/><G21/><T78/><D112/><U106/><E97/><V1/><F1/><RYUUKYOKU ba="5,1" sc="348,-10,511,-10,61,30,70,-10" hai2="8,13,17,28,29,31,36,40,57,58,72,74,75" /><INIT seed="2,6,1,5,0,9" ten="338,501,91,60" oya="2" hai0="95,97,73,31,38,5,121,85,103,118,115,72,35" hai1="15,134,94,53,51,112,107,88,67,13,52,111,11" hai2="110,34,69,83,90,123,80,26,43,62,8,32,37" hai3="133,36,45,108,27,102,114,122,14,17,41,42,19"/><V63/><F123/><W124/><G122/><T0/><D115/><U91/><E107/><V128/><F69/><W50/><G108/><T66/><D121/><U1/><E112/><V61/><F110/><W109/><G109/><T44/><D118/><U58/><E111/><V12/><F128/><W75/><G75/><T10/><D66/><U101/><E134/><V3/><F3/><W106/><G133/><T120/><D120/><U93/><E101/><V4/><F26/><W49/><G124/><T48/><D38/><U16/><E1/><V79/><F90/><N who="1" m="34345" /><E67/><V87/><REACH who="2" step="1"/><F80/><REACH who="2" ten="338,501,81,60" step="2"/><W125/><G114/><T20/><D0/><U57/><E15/><V98/><F98/><W92/><G14/><T100/><D97/><U56/><E56/><V47/><AGARI ba="6,2" hai="4,8,12,32,34,37,43,47,61,62,63,79,83,87" machi="47" ten="30,6000,0" yaku="1,1,0,1,52,1,53,0" doraHai="9" doraHaiUra="55" who="2" fromWho="2" sc="338,-26,501,-26,81,98,60,-26" /><INIT seed="2,7,0,2,4,33" ten="312,475,179,34" oya="2" hai0="109,131,135,117,22,84,106,121,69,124,75,7,28" hai1="26,52,11,103,77,68,113,73,107,115,15,82,127" hai2="101,122,114,45,66,125,65,63,92,129,126,79,18" hai3="57,91,29,74,14,9,43,41,59,58,55,4,123"/><V46/><F114/><W50/><G74/><T134/><D134/><U37/><E37/><V76/><F122/><W21/><G123/><T98/><D22/><U64/><E52/><V47/><F129/><W1/><G91/><T108/><D84/><U86/><E86/><V30/><F30/><W112/><G112/><T32/><D98/><N who="1" m="61943" /><E15/><V34/><F34/><W19/><REACH who="3" step="1"/><G29/><REACH who="3" ten="312,475,179,24" step="2"/><T88/><D88/><U36/><E11/><V8/><F8/><W13/><G13/><T35/><D28/><U12/><E12/><V105/><F101/><W111/><G111/><T6/><D108/><U78/><E127/><V70/><F125/><W130/><G130/><T49/><D6/><U100/><E100/><V5/><F5/><W81/><G81/><T2/><D7/><U132/><E132/><V25/><F126/><W62/><G62/><T38/><D49/><U60/><E26/><V128/><F25/><W95/><G95/><T39/><D32/><U96/><E96/><V71/><F128/><W72/><G72/><T42/><D42/><AGARI ba="7,1" hai="1,4,9,14,19,21,41,42,43,50,55,57,58,59" machi="42" ten="40,8000,1" yaku="1,1,52,1,53,3" doraHai="33" doraHaiUra="53" who="3" fromWho="0" sc="312,-101,475,0,179,0,24,111" /><INIT seed="3,0,0,1,3,32" ten="211,475,179,135" oya="3" hai0="114,29,26,95,36,16,55,39,134,82,84,124,74" hai1="111,41,43,125,49,18,48,1,19,15,73,70,119" hai2="108,37,135,80,69,13,89,25,87,35,126,93,63" hai3="116,94,132,102,90,57,56,3,86,118,115,34,2"/><W65/><G115/><T75/><D114/><U52/><E1/><V21/><F37/><W92/><G132/><T104/><D104/><U0/><E0/><V117/><F117/><W120/><G120/><T85/><D134/><U106/><E73/><V71/><F135/><W54/><G34/><T99/><D16/><U59/><E106/><V12/><F108/><W76/><G76/><T128/><D84/><U61/><E111/><V4/><F126/><W103/><G65/><T46/><D39/><U77/><E125/><V96/><F35/><W78/><G78/><T98/><D98/><U64/><E119/><V121/><F121/><W40/><G40/><T27/><D27/><U58/><E77/><V62/><F71/><W20/><G54/><T83/><D83/><U44/><E70/><V72/><F69/><W33/><G33/><T88/><D128/><U22/><E19/><N who="2" m="12479" /><F72/><W31/><G86/><T131/><D131/><U67/><E67/><V109/><F109/><W45/><G45/><T17/><D17/><U112/><E112/><V130/><F130/><W30/><G20/><N who="0" m="15559" /><D124/><U24/><E43/><V79/><F12/><AGARI ba="0,0" hai="12,15,18,22,24,41,44,48,49,52,58,59,61,64" machi="12" ten="40,2600,0" yaku="8,1,54,1" doraHai="32" who="1" fromWho="2" sc="211,0,475,26,179,-26,135,0" owari="211,1.1,501,60.1,153,-24.7,135,-36.5" /></mjloggm>