<mjloggm ver="2.3"><GO type="225" lobby="0"/><UN n0="%E3%81%86%E3%82%8C%E3%81%9F%E3%82%93%E6%9E%95" n1="%E9%80%86%E9%80%A3%E5%B8%AF%E3%81%AE%E9%AC%BC" n2="%E3%81%86%E3%83%BC%E3%81%B1%E3%83%BC" n3="%6D%75%75%6D%75%72%61" dan="16,16,17,17" rate="2123.64,2105.53,2197.43,2205.14" sx="F,M,F,F"/><TAIKYOKU oya="0"/><INIT seed="0,0,0,4,1,110" ten="250,250,250,250" oya="0" hai0="58,108,89,76,121,19,44,84,114,104,111,87,51" hai1="64,83,86,12,97,36,96,107,135,124,118,46,81" hai2="61,106,14,1,115,5,22,78,70,92,105,60,45" hai3="126,40,74,0,80,99,72,56,63,16,47,127,10"/><T23/><D121/><U11/><E118/><V69/><F78/><W116/><G116/><T79/><D104/><U131/><E135/><V98/><F1/><W21/><G99/><T6/><D6/><U117/><E131/><V26/><F115/><W35/><G35/><T57/><D114/><U90/><E124/><N who="3" m="47658" /><G10/><T49/><D89/><U52/><E117/><V112/><F112/><W54/><G80/><T43/><D19/><U41/><E64/><V38/><F70/><W50/><G0/><T62/><D62/><U67/><E67/><V101/><F69/><W91/><G91/><T17/><D17/><U130/><E130/><V3/><F3/><W119/><G119/><T20/><D44/><U68/><E68/><V82/><F82/><W100/><G100/><T95/><REACH who="0" step="1"/><D43/><REACH who="0" ten="240,250,250,250" step="2"/><U32/><E107/><V77/><F105/><W75/><G16/><T28/><D28/><U39/><E41/><N who="2" m="22711" /><F106/><W133/><G133/><T8/><D8/><U120/><E11/><N who="2" m="4463" /><F61/><W7/><G7/><T66/><D66/><U129/><E120/><V9/><F60/><W24/><G24/><T102/><D102/><U65/><E65/><V53/><F9/><W88/><G88/><T48/><D48/><U94/><E90/><V125/><F125/><W85/><G21/><T13/><D13/><U113/><E129/><V134/><F134/><W2/><G2/><T33/><D33/><U31/><E113/><V71/><F71/><W37/><G63/><T103/><D103/><U27/><E32/><V15/><F26/><W4/><G4/><T128/><D128/><U123/><E27/><RYUUKYOKU ba="0,1" sc="240,15,250,-15,250,-15,250,15" hai0="20,23,49,51,57,58,76,79,84,87,95,108,111" hai3="37,40,47,50,54,56,72,74,75,85" /><INIT seed="0,1,1,4,3,56" ten="255,235,235,265" oya="0" hai0="108,128,125,131,117,106,112,22,52,41,115,39,88" hai1="93,42,17,66,61,16,71,50,107,36,11,38,79" hai2="97,6,104,43,102,105,21,67,85,130,113,70,40" hai3="95,18,33,73,4,99,9,54,37,8,121,119,12"/><T80/><D117/><U86/><E107/><V28/><F113/><W76/><G119/><T53/><D125/><U63/><E63/><V2/><F105/><W29/><G121/><T47/><D106/><U26/><E26/><V126/><F126/><W116/><G116/><T48/><D22/><U1/><E1/><V32/><F21/><W10/><G37/><T31/><D31/><U120/><E120/><V58/><F58/><W65/><G65/><T68/><D68/><U96/><E50/><V5/><F85/><W109/><G109/><T77/><D108/><U90/><E42/><N who="2" m="15915" /><F130/><N who="0" m="49706" /><D88/><U69/><E69/><V46/><F46/><W15/><G29/><T101/><D101/><U60/><E60/><N who="2" m="40295" /><F2/><W111/><G111/><T114/><D39/><U23/><E11/><V30/><F30/><W103/><G33/><T35/><D35/><U51/><E51/><V72/><F72/><AGARI ba="1,1" hai="41,47,48,52,53,72,77,80,112,114,115" m="49706" machi="72" ten="40,3900,0" yaku="19,1,54,1" doraHai="56" who="0" fromWho="2" sc="255,52,235,0,235,-42,265,0" /><INIT seed="0,2,0,1,1,79" ten="307,235,193,265" oya="0" hai0="6,96,51,83,78,34,39,56,54,4,122,5,128" hai1="120,15,20,41,104,121,123,21,107,42,116,47,50" hai2="66,102,36,69,68,30,59,114,97,118,125,77,127" hai3="90,85,43,105,106,81,87,7,135,27,32,112,92"/><T86/><D122/><U61/><E116/><V9/><F114/><W53/><G112/><T3/><D128/><U14/><E61/><N who="2" m="38207" /><F36/><W48/><G135/><T124/><D124/><N who="2" m="47690" /><F118/><W40/><G7/><T119/><D119/><U111/><E111/><V60/><F30/><W108/><G108/><T95/><D39/><U63/><E63/><V18/><F60/><W129/><G129/><T130/><D34/><U10/><E42/><V103/><F77/><W133/><G133/><T73/><D130/><U71/><E71/><N who="2" m="27211" /><F97/><W55/><G55/><T38/><D38/><U0/><E0/><V134/><F134/><W62/><G62/><T113/><D113/><U11/><E15/><AGARI ba="2,0" hai="9,15,18,102,103" m="27211,47690,38207" machi="15" ten="30,1000,0" yaku="18,1" doraHai="79" who="2" fromWho="1" sc="307,0,235,-16,193,16,265,0" /><INIT seed="1,0,0,1,2,100" ten="307,219,209,265" oya="1" hai0="43,21,41,36,84,48,118,124,23,97,42,66,3" hai1="77,59,95,25,39,9,27,1,129,122,98,65,96" hai2="58,128,119,81,22,26,126,49,74,114,85,46,61" hai3="51,18,4,14,44,47,91,16,38,103,102,110,32"/><U112/><E122/><V34/><F128/><W131/><G32/><T71/><D118/><U123/><E123/><V106/><F126/><W125/><G125/><T127/><D3/><U63/><E112/><V72/><F34/><W67/><G131/><T87/><D36/><U33/><E129/><V73/><F106/><W5/><G110/><T75/><D75/><U30/><E39/><V19/><F119/><W86/><G67/><T76/><D71/><U53/><E77/><V93/><F93/><W13/><G38/><T29/><D66/><U0/><E27/><V107/><F107/><W134/><G134/><T83/><D84/><U6/><E0/><V7/><F7/><W57/><G57/><T117/><D117/><U115/><E115/><V108/><F108/><W62/><G62/><T109/><D109/><U8/><E8/><V121/><F121/><W111/><G111/><T79/><D79/><U54/><REACH who="1" step="1"/><E98/><REACH who="1" ten="307,209,209,265" step="2"/><V132/><F114/><W89/><G86/><T70/><D97/><U68/><E68/><V113/><F113/><W104/><G13/><T2/><D70/><U99/><E99/><V120/><F120/><W94/><G14/><T10/><D127/><U55/><E55/><N who="2" m="34015" /><F85/><W35/><G4/><N who="0" m="1303" /><D124/><U101/><AGARI ba="0,1" hai="1,6,9,25,30,33,53,54,59,63,65,95,96,101" machi="101" ten="20,7800,0" yaku="1,1,0,1,7,1,53,1" doraHai="100" doraHaiUra="24" who="1" fromWho="1" sc="307,-26,209,88,209,-26,265,-26" /><INIT seed="1,1,0,4,3,63" ten="281,297,183,239" oya="1" hai0="67,25,52,28,128,97,126,31,117,71,53,6,0" hai1="132,129,20,32,40,27,131,106,77,94,61,33,58" hai2="133,125,113,80,55,11,36,72,66,90,48,30,64" hai3="10,5,26,74,114,9,92,101,121,41,84,123,102"/><U69/><E106/><V7/><F36/><W51/><G74/><T38/><D117/><U8/><E69/><V3/><F133/><W13/><G114/><T1/><D38/><U18/><E132/><V119/><F119/><W56/><G26/><T59/><D128/><U99/><E40/><V16/><F30/><W96/><G101/><T76/><D126/><U47/><E47/><V81/><F125/><W21/><G21/><T4/><D76/><U60/><E77/><V39/><F39/><W110/><G110/><T85/><D71/><U37/><E37/><V49/><F49/><W46/><G84/><T54/><D85/><U75/><E61/><V34/><F34/><W107/><G107/><T116/><D97/><U135/><E75/><V91/><F113/><W42/><G42/><T35/><D28/><U134/><E8/><V93/><F90/><W68/><G68/><T86/><D86/><U14/><E135/><V118/><F118/><W124/><G124/><T23/><D35/><U29/><E33/><V88/><F91/><W12/><REACH who="3" step="1"/><G56/><REACH who="3" ten="281,297,183,229" step="2"/><T122/><D116/><U115/><E115/><V89/><F72/><W19/><AGARI ba="1,1" hai="5,9,10,12,13,19,41,46,51,92,96,102,121,123" machi="19" ten="20,8000,1" yaku="1,1,2,1,0,1,7,1,53,1" doraHai="63" doraHaiUra="95" who="3" fromWho="3" sc="281,-21,297,-41,183,-21,229,93" /><INIT seed="2,0,0,1,0,20" ten="260,256,162,322" oya="2" hai0="12,67,9,113,84,123,3,92,72,127,35,119,36" hai1="51,0,132,97,87,19,6,42,15,129,29,94,46" hai2="40,38,44,134,68,5,45,49,83,82,105,27,130" hai3="7,22,24,89,107,80,1,122,133,25,111,50,77"/><V66/><F105/><W4/><G122/><T110/><RYUUKYOKU type="yao9" ba="0,0" sc="260,0,256,0,162,0,322,0" hai0="3,9,12,35,36,67,72,84,92,110,113,119,123,127" /><INIT seed="2,1,0,3,4,13" ten="260,256,162,322" oya="2" hai0="30,51,74,60,77,109,68,120,65,4,25,63,47" hai1="100,86,33,10,115,83,89,9,37,110,123,72,39" hai2="102,7,107,134,41,1,117,76,61,104,17,42,57" hai3="21,19,128,28,18,35,73,98,105,44,99,101,32"/><V31/><F117/><W113/><G128/><T48/><D120/><U69/><E115/><V15/><F31/><W54/><G113/><T71/><D109/><U119/><E123/><V108/><F76/><W90/><G73/><T121/><D121/><U56/><E110/><V133/><F7/><W131/><G131/><T70/><D77/><U6/><E69/><V26/><F26/><W40/><G54/><T52/><D74/><U132/><E33/><V59/><F1/><W67/><G67/><N who="0" m="41063" /><D4/><U12/><E132/><N who="2" m="50795" /><F108/><W45/><G28/><T124/><D25/><U91/><E72/><V46/><F102/><W62/><G62/><N who="0" m="40247" /><D30/><U94/><E119/><V92/><F92/><W43/><G101/><T125/><D48/><U29/><E100/><V111/><F111/><W11/><G90/><T129/><D129/><U0/><E29/><V106/><F61/><W78/><G78/><T116/><D116/><U50/><E91/><V3/><F3/><W36/><G105/><N who="2" m="26881" /><V95/><DORA hai="38" /><F95/><W79/><G79/><T135/><D135/><U126/><E94/><V16/><F17/><W81/><G32/><T87/><D87/><U66/><E0/><V2/><F2/><W118/><G35/><T84/><D84/><U55/><E6/><V114/><F114/><W103/><G118/><T80/><D80/><U20/><E83/><V85/><F85/><W97/><G81/><T64/><AGARI ba="1,0" hai="47,51,52,63,64,71,124,125" m="40247,41063" machi="64" ten="30,4000,0" yaku="34,2,54,1" doraHai="13,38" who="0" fromWho="0" sc="260,43,256,-11,162,-21,322,-11" /><INIT seed="3,0,0,2,3,93" ten="303,245,141,311" oya="3" hai0="106,130,64,6,43,57,70,16,52,79,23,2,84" hai1="124,96,102,7,39,87,133,48,99,12,85,90,107" hai2="35,0,115,89,110,86,77,44,53,101,41,15,109" hai3="18,40,38,20,30,33,91,129,54,98,28,61,1"/><W104/><G33/><T105/><D43/><U131/><E39/><V5/><F35/><W127/><G1/><T117/><D117/><U123/><E123/><V63/><F0/><W32/><G32/><T51/><D130/><U56/><E131/><V22/><F101/><W72/><G72/><T9/><D70/><U97/><E133/><V81/><F89/><W24/><G129/><T135/><D64/><U68/><E68/><V125/><F22/><W128/><G128/><T3/><D3/><U71/><E71/><V19/><F19/><W113/><G113/><T121/><D121/><U103/><E124/><V17/><F17/><W88/><G127/><T34/><D34/><U80/><E87/><V62/><F115/><W21/><G104/><T119/><D119/><U59/><E48/><V55/><F125/><W27/><G38/><T31/><D31/><N who="3" m="11817" /><G98/><T92/><D135/><U94/><REACH who="1" step="1"/><E99/><REACH who="1" ten="303,235,141,311" step="2"/><V45/><F109/><W8/><G61/><N who="2" m="23049" /><F110/><W120/><G120/><T29/><D51/><U74/><E74/><V14/><F14/><W134/><G134/><T95/><D2/><U75/><E75/><V78/><F78/><W67/><G24/><T11/><D79/><U73/><E73/><V111/><F111/><W82/><G27/><T66/><D84/><U26/><E26/><V42/><F42/><W122/><G122/><T37/><D37/><U25/><E25/><V100/><F100/><W47/><G40/><T46/><D66/><U60/><E60/><V4/><F45/><W132/><G47/><T10/><D46/><U50/><E50/><N who="2" m="26895" /><F15/><N who="3" m="7527" /><G132/><T114/><D114/><RYUUKYOKU ba="0,1" sc="303,-15,235,15,141,15,311,-15" hai1="7,12,56,59,80,85,90,94,96,97,102,103,107" hai2="4,5,53,55,77,81,86" /><INIT seed="4,1,1,2,4,85" ten="288,250,156,296" oya="0" hai0="123,41,131,39,129,133,38,7,65,104,49,99,81" hai1="125,48,2,74,37,108,44,79,69,126,32,59,15" hai2="86,36,34,132,45,17,107,110,128,90,27,83,118" hai3="1,43,56,121,10,30,23,11,78,24,14,57,96"/><T20/><D123/><U62/><E2/><V31/><F110/><W102/><G121/><T25/><D133/><U100/><E32/><V117/><F132/><W50/><G78/><T89/><D65/><U54/><E108/><V0/><F107/><W66/><G1/><T75/><D7/><U98/><E69/><V101/><F101/><W68/><G68/><T113/><D113/><U22/><E37/><V46/><F0/><W8/><G14/><T103/><D49/><U19/><E79/><V51/><F128/><N who="0" m="49226" /><D41/><U84/><E84/><V40/><REACH who="2" step="1"/><F17/><REACH who="2" ten="288,250,146,296" step="2"/><W12/><G102/><T124/><D124/><U94/><REACH who="1" step="1"/><E74/><REACH who="1" ten="288,240,146,296" step="2"/><V64/><F64/><AGARI ba="1,3" hai="15,19,22,44,48,54,59,62,64,94,98,100,125,126" machi="64" ten="40,2600,0" yaku="1,1,2,1,53,0" doraHai="85" doraHaiUra="122" who="1" fromWho="2" sc="288,0,240,59,146,-29,296,0" /><INIT seed="5,0,0,2,0,14" ten="288,299,117,296" oya="1" hai0="83,106,81,127,20,111,117,42,114,126,6,133,108" hai1="5,2,37,11,13,104,58,40,43,115,25,75,73" hai2="124,0,86,122,132,96,78,121,91,112,110,33,56" hai3="80,10,119,1,82,60,109,28,131,85,8,130,87"/><U97/><E115/><V99/><F33/><W65/><G109/><N who="0" m="42059" /><D42/><U4/><E25/><V67/><F110/><W57/><G28/><T105/><D6/><U95/><E104/><N who="0" m="40041" /><D20/><U76/><E58/><V46/><F0/><W51/><G51/><T41/><D41/><U123/><E123/><V45/><F112/><W39/><G39/><T129/><D114/><U120/><E120/><V69/><F69/><W18/><G119/><T24/><D24/><U125/><E125/><N who="0" m="47625" /><D117/><U21/><E76/><V118/><F124/><W98/><G1/><T49/><D49/><U47/><E43/><V90/><F118/><W107/><G18/><T7/><D7/><U54/><E54/><V34/><F78/><W100/><G10/><T22/><D22/><U53/><E53/><V113/><F113/><W77/><G8/><T3/><D3/><U84/><E5/><V9/><F9/><W116/><G116/><T102/><D133/><U15/><E2/><V38/><F132/><W68/><G68/><T103/><D129/><N who="3" m="49161" /><G77/><T89/><D89/><N who="1" m="53671" /><E21/><V29/><F29/><W36/><G36/><T79/><D79/><U93/><E15/><V134/><F134/><W19/><G19/><T70/><D70/><U62/><E62/><V88/><F38/><W72/><G72/><T16/><D16/><U64/><E64/><V44/><F34/><W17/><G17/><T94/><D103/><N who="1" m="60847" /><E75/><V101/><F101/><W74/><G74/><T55/><D55/><U26/><BYE who="0" /><E73/><V48/><F86/><AGARI ba="0,0" hai="57,60,65,80,82,85,86,87,98,100,107" m="49161" machi="86" ten="30,1000,0" yaku="19,1" doraHai="14" who="3" fromWho="2" sc="288,0,299,0,117,-10,296,10" owari="288,-11.2,299,9.9,107,-39.3,306,40.6" /></mjloggm>