<mjloggm ver="2.3"><GO type="225" lobby="0"/><UN n0="%E3%81%AA%E3%82%81%E3%81%93%E9%9B%80%E5%A3%AB" n1="%E6%A1%9C%E8%8A%B1%E9%96%83%E3%80%85" n2="%E3%81%B5%E3%81%98%E3%81%8B%E3%81%A4" n3="%E4%BA%AE%E6%B5%81%E6%89%93%E8%80%85" dan="16,16,16,16" rate="2090.88,2132.97,2108.53,2071.52" sx="M,M,M,F"/><TAIKYOKU oya="0"/><INIT seed="0,0,0,2,2,59" ten="250,250,250,250" oya="0" hai0="93,15,96,113,129,109,24,9,85,114,87,5,89" hai1="79,12,130,28,77,34,46,78,53,7,20,70,33" hai2="127,72,44,135,17,131,117,106,95,25,14,40,112" hai3="65,35,125,27,133,45,63,83,120,94,61,30,73"/><T81/><D129/><U128/><E70/><V92/><F112/><W100/><G133/><T52/><D109/><U56/><E46/><V18/><F135/><W64/><G125/><T134/><D134/><U26/><E7/><V55/><F127/><W116/><G116/><T69/><D69/><U0/><E0/><V37/><F117/><W43/><G43/><T54/><D87/><U90/><E90/><V57/><F106/><W38/><G120/><T86/><D86/><U97/><E97/><V19/><F72/><W22/><G22/><T51/><D54/><U82/><E82/><V126/><F131/><N who="1" m="50217" /><E12/><V1/><F1/><W110/><G110/><T121/><D121/><U88/><E88/><V21/><F126/><W42/><G94/><T2/><D2/><U75/><E75/><V67/><F67/><W3/><G100/><T124/><D124/><U104/><E104/><V4/><F4/><W119/><G3/><T62/><D24/><U8/><E8/><V74/><F74/><W16/><G119/><T23/><D23/><U48/><AGARI ba="0,0" hai="20,26,28,33,34,48,53,56,77,78,79" m="50217" machi="48" ten="30,1100,0" yaku="19,1" doraHai="59" who="1" fromWho="1" sc="250,-5,250,11,250,-3,250,-3" /><INIT seed="1,0,0,1,3,1" ten="245,261,247,247" oya="1" hai0="75,16,106,84,103,82,69,73,130,25,31,66,50" hai1="41,125,86,12,116,51,56,109,37,43,18,97,70" hai2="76,27,101,80,4,105,108,7,6,83,29,47,78" hai3="79,40,8,20,55,123,71,127,62,90,2,9,126"/><U112/><E112/><V107/><F108/><W45/><G123/><T53/><D130/><U64/><E116/><V135/><F135/><W93/><G79/><T98/><D66/><U95/><E125/><N who="3" m="47626" /><G2/><T19/><D69/><U85/><E70/><V46/><F101/><W3/><G3/><T94/><D106/><N who="2" m="40458" /><F27/><W52/><G20/><N who="0" m="15783" /><D75/><U13/><E37/><V133/><F29/><W23/><G23/><T104/><D104/><U67/><E109/><V63/><F63/><W113/><G113/><T44/><D73/><U100/><E12/><V5/><N who="2" m="1024" /><DORA hai="54" /><V114/><F133/><W111/><G111/><T87/><D87/><N who="1" m="33291" /><E51/><V49/><F49/><N who="3" m="26791" /><G71/><T21/><D21/><N who="1" m="11471" /><E64/><V61/><F61/><AGARI ba="0,0" hai="41,43,56,61,67,95,97,100" m="11471,33291" machi="61" ten="30,2900,0" yaku="8,1,52,1" doraHai="1,54" who="1" fromWho="2" sc="245,0,261,29,247,-29,247,0" /><INIT seed="1,1,0,0,0,127" ten="245,290,218,247" oya="1" hai0="34,98,64,123,97,58,48,41,73,2,65,32,61" hai1="96,40,110,29,62,106,1,81,82,79,70,104,84" hai2="8,128,95,121,33,4,77,36,38,88,24,12,59" hai3="3,13,99,108,30,14,7,92,25,9,10,117,83"/><U55/><E1/><V54/><F121/><W105/><G108/><T132/><D2/><U93/><E110/><V78/><F128/><W45/><G105/><T69/><D73/><U75/><E40/><V114/><F114/><W90/><G117/><T80/><D80/><U115/><E29/><V35/><F77/><W107/><G107/><T131/><D132/><U109/><E115/><V27/><F27/><W46/><G83/><T56/><D69/><U100/><E109/><V68/><F78/><W19/><REACH who="3" step="1"/><G3/><REACH who="3" ten="245,290,218,237" step="2"/><T11/><D123/><U74/><E74/><V0/><F0/><W57/><G57/><T102/><D58/><U86/><E75/><V130/><F68/><W111/><G111/><T28/><D56/><N who="1" m="35103" /><E70/><V120/><F120/><W91/><G91/><T47/><D102/><U72/><E72/><V66/><F59/><W71/><G71/><T119/><D119/><U67/><E106/><V122/><F122/><W52/><G52/><T116/><D116/><U133/><E104/><V125/><F54/><W129/><G129/><T16/><D131/><U15/><E133/><V18/><F130/><W134/><G134/><T126/><D65/><U6/><E67/><V17/><F66/><W63/><G63/><T94/><D61/><U101/><E101/><V53/><F53/><W42/><G42/><T103/><D64/><U26/><E82/><V50/><F88/><W22/><AGARI ba="1,1" hai="7,9,10,13,14,19,22,25,30,45,46,90,92,99" machi="22" ten="20,5200,0" yaku="1,1,0,1,7,1,8,1,53,0" doraHai="127" doraHaiUra="135" who="3" fromWho="3" sc="245,-14,290,-27,218,-14,237,65" /><INIT seed="2,0,0,5,2,102" ten="231,263,204,302" oya="2" hai0="45,73,11,130,88,64,126,107,28,60,27,32,62" hai1="29,7,87,63,35,49,127,4,77,41,5,81,115" hai2="9,83,34,133,21,112,15,38,71,17,76,58,82" hai3="75,36,12,129,43,23,85,92,117,10,25,97,84"/><V48/><F133/><W95/><G75/><T101/><D62/><U50/><E115/><V66/><F112/><W118/><G36/><T68/><D130/><U70/><E127/><V80/><F34/><W121/><G43/><T86/><D73/><U69/><E41/><V37/><F71/><W89/><G121/><T91/><D126/><U109/><E109/><V94/><F76/><W1/><G1/><T67/><D67/><U72/><E72/><V31/><F94/><W19/><G129/><T104/><D104/><U111/><E111/><V18/><F31/><W0/><G0/><T78/><D11/><U114/><E114/><V8/><F8/><W123/><G123/><T105/><D105/><U40/><E40/><V24/><REACH who="2" step="1"/><F66/><REACH who="2" ten="231,263,194,302" step="2"/><W132/><G132/><T131/><D131/><U79/><E79/><V120/><F120/><W16/><G84/><T26/><D86/><U54/><E29/><V20/><F20/><W53/><G117/><T100/><D78/><U135/><E35/><V22/><F22/><W57/><G118/><T46/><D32/><U113/><E135/><V90/><F90/><N who="0" m="34346" /><D28/><U103/><E113/><V134/><F134/><W39/><G95/><T56/><D68/><N who="1" m="26219" /><E103/><N who="0" m="39497" /><D107/><U108/><E108/><V33/><F33/><W119/><G119/><T74/><D74/><U125/><E125/><V44/><F44/><AGARI ba="0,1" hai="26,27,44,45,46,56,60,64" m="39497,34346" machi="44" ten="30,2000,0" yaku="8,1,54,1" doraHai="102" who="0" fromWho="2" sc="231,30,263,0,194,-20,302,0" /><INIT seed="3,0,0,0,5,47" ten="261,263,174,302" oya="3" hai0="81,25,123,18,5,63,76,58,129,57,3,31,112" hai1="65,27,35,92,78,56,130,60,107,37,53,83,44" hai2="8,117,125,69,79,96,72,111,39,33,10,46,4" hai3="7,135,34,109,0,2,28,74,1,126,13,15,49"/><W48/><G74/><T40/><D123/><U20/><E107/><V55/><F117/><W67/><G67/><T104/><D129/><U52/><E35/><V80/><F111/><W24/><G109/><T82/><D104/><U23/><E130/><V42/><F125/><W86/><G126/><T99/><D99/><U132/><E132/><V12/><F33/><W11/><G135/><T119/><D82/><U45/><E92/><V90/><F69/><W93/><G15/><T113/><D18/><U127/><E20/><V21/><F21/><W118/><G118/><T133/><D40/><U68/><E127/><V64/><F64/><W43/><G43/><T91/><D91/><U120/><E120/><V6/><F90/><W59/><G59/><T101/><D101/><U108/><E108/><V38/><F96/><W88/><AGARI ba="0,0" hai="0,1,2,7,11,13,24,28,34,48,49,86,88,93" machi="88" ten="40,12000,1" yaku="0,1,52,2,54,1" doraHai="47" who="3" fromWho="3" sc="261,-40,263,-40,174,-40,302,120" owari="221,-17.9,223,2.3,134,-36.6,422,52.2" /></mjloggm>