<mjloggm ver="2.3"><GO type="225" lobby="0"/><UN n0="%E8%BE%9B%E5%8F%A3%E3%82%AB%E3%83%AC%E3%83%BC%E3%83%A9%E3%82%A4%E3%82%B9" n1="%E3%81%93%E3%81%8F%E3%82%89%E3%82%AB%E3%83%90%E8%94%B5" n2="%6D%61%74%69%67%75%73%61" n3="%E6%98%93%E5%88%A9%E8%96%A9%E4%BC%AF" dan="17,16,17,16" rate="2228.11,2100.95,2156.91,2095.74" sx="M,M,M,F"/><TAIKYOKU oya="0"/><INIT seed="0,0,0,4,4,128" ten="250,250,250,250" oya="0" hai0="89,49,132,96,21,86,43,23,131,3,54,10,105" hai1="48,11,36,13,40,1,85,75,102,114,64,93,116" hai2="8,63,78,82,117,129,119,79,66,6,74,9,84" hai3="108,50,0,15,94,103,44,37,2,109,18,97,30"/><T127/><D131/><U7/><E75/><V76/><F129/><W60/><G37/><T27/><D127/><U106/><E36/><V126/><F126/><W87/><G30/><T61/><D43/><U19/><E116/><N who="2" m="44619" /><F74/><W22/><G60/><T99/><D61/><U24/><E114/><V71/><F8/><W124/><G87/><T51/><D51/><U123/><E123/><V59/><F71/><W46/><G46/><T92/><D132/><U112/><E112/><V57/><F59/><W32/><G32/><T39/><D39/><U115/><E115/><V69/><F69/><W80/><G80/><T98/><D105/><U31/><E106/><V104/><F104/><W20/><G20/><T107/><D107/><U118/><E64/><V65/><F65/><W83/><G83/><T120/><D120/><U28/><E118/><V4/><F4/><W100/><G100/><T133/><D133/><U16/><E102/><V42/><F42/><W38/><G38/><T130/><D130/><U111/><E48/><V81/><F82/><W90/><G103/><T45/><REACH who="0" step="1"/><D27/><REACH who="0" ten="240,250,250,250" step="2"/><U26/><E26/><V5/><F5/><AGARI ba="0,1" hai="3,5,10,21,23,45,49,54,86,89,92,96,98,99" machi="5" ten="40,3900,0" yaku="1,1,2,1,53,0" doraHai="128" doraHaiUra="77" who="0" fromWho="2" sc="240,49,250,0,250,-39,250,0" /><INIT seed="0,1,0,5,5,69" ten="289,250,211,250" oya="0" hai0="39,18,83,43,105,111,106,41,26,54,45,84,15" hai1="134,21,110,70,6,0,55,12,46,129,23,91,128" hai2="13,53,127,88,42,65,124,72,67,56,66,133,76" hai3="58,51,28,30,96,100,59,123,31,50,74,78,52"/><T24/><D111/><U48/><E110/><V135/><F76/><W122/><G74/><T102/><D43/><U4/><E0/><V3/><F3/><W120/><G78/><T107/><D102/><U27/><E134/><N who="2" m="51211" /><F72/><W10/><G10/><T103/><D103/><U118/><E70/><V82/><F13/><W117/><G117/><T126/><D126/><N who="2" m="48170" /><F82/><W38/><G38/><T113/><D54/><U95/><E118/><V7/><F7/><W17/><G17/><T116/><D113/><U114/><E114/><V73/><F73/><W29/><N who="3" m="7168" /><DORA hai="20" /><W16/><G16/><T86/><D116/><U94/><E94/><V81/><F42/><W108/><G108/><T98/><D98/><U14/><E14/><V19/><F19/><W8/><G8/><T22/><REACH who="0" step="1"/><D84/><REACH who="0" ten="279,250,211,250" step="2"/><N who="1" m="52711" /><E55/><V32/><F32/><W101/><G52/><T89/><AGARI ba="1,1" hai="15,18,22,24,26,39,41,45,83,86,89,105,106,107" machi="89" ten="30,12000,1" yaku="1,1,0,1,52,3,53,0" doraHai="69,20" doraHaiUra="92,2" who="0" fromWho="0" sc="279,133,250,-41,211,-41,250,-41" /><INIT seed="0,2,0,3,2,113" ten="412,209,170,209" oya="0" hai0="60,73,118,80,70,5,98,108,112,124,79,29,13" hai1="62,18,104,56,100,57,58,78,23,39,0,55,43" hai2="6,81,22,86,77,59,132,111,10,64,3,42,31" hai3="38,24,65,54,72,91,11,117,127,95,26,46,25"/><T102/><D112/><U75/><E0/><V44/><F111/><W4/><G127/><T83/><D124/><U52/><E104/><V84/><F132/><W27/><G72/><T33/><D108/><U106/><E106/><V32/><F32/><W94/><G65/><N who="0" m="41255" /><D83/><U53/><E100/><V67/><F59/><W88/><G117/><T63/><D13/><U89/><E75/><V129/><F129/><W96/><G27/><N who="0" m="18623" /><D5/><U122/><E122/><V28/><F86/><W17/><G54/><T20/><D20/><U92/><E78/><V48/><REACH who="2" step="1"/><F28/><REACH who="2" ten="412,209,160,209" step="2"/><W66/><G66/><T76/><D73/><U1/><E62/><V69/><F69/><W85/><G17/><T87/><D63/><U130/><E130/><V37/><F37/><W110/><G110/><T103/><D87/><U14/><E39/><V105/><F105/><W116/><G116/><T19/><D98/><U74/><E74/><V97/><F97/><W123/><G123/><T61/><D61/><U36/><E36/><V120/><F120/><W40/><REACH who="3" step="1"/><G26/><AGARI ba="2,1" hai="3,6,10,22,26,31,42,44,48,64,67,77,81,84" machi="26" ten="40,1300,0" yaku="1,1,53,0" doraHai="113" doraHaiUra="119" who="2" fromWho="3" sc="412,0,209,0,160,29,209,-19" /><INIT seed="1,0,0,5,3,107" ten="412,209,189,190" oya="1" hai0="118,79,0,124,86,71,129,111,112,24,87,61,47" hai1="42,39,82,64,40,36,20,4,83,120,131,80,116" hai2="90,91,65,94,93,2,132,128,48,9,134,43,63" hai3="29,70,66,67,85,121,125,26,130,19,12,122,100"/><U55/><E116/><V126/><F2/><W44/><G130/><T84/><D0/><U104/><E104/><V53/><F9/><W108/><G108/><T117/><D111/><U97/><E120/><V102/><F43/><W28/><G125/><T74/><D129/><U15/><E131/><V99/><F128/><W18/><G100/><T98/><D124/><U106/><E64/><V6/><F6/><W113/><G113/><T110/><D110/><U51/><E106/><V73/><F126/><W76/><G44/><T114/><D47/><U75/><E97/><V38/><F38/><W133/><G133/><N who="2" m="51305" /><F94/><W68/><G12/><T127/><D127/><U8/><E75/><V81/><F53/><W69/><G85/><T1/><D86/><U25/><E36/><V16/><F48/><W31/><G76/><T88/><D79/><U77/><E39/><V27/><F63/><W105/><G26/><T11/><D1/><U58/><REACH who="1" step="1"/><E77/><REACH who="1" ten="412,199,189,190" step="2"/><N who="2" m="44207" /><F65/><N who="3" m="24587" /><G105/><T95/><D117/><U49/><E49/><V52/><F52/><W60/><G60/><T37/><D118/><U119/><E119/><V103/><F103/><W30/><N who="3" m="7168" /><DORA hai="72" /><W7/><G7/><T14/><D37/><U92/><E92/><V17/><F27/><W45/><G45/><T56/><D24/><U78/><E78/><V34/><F34/><W3/><G122/><T135/><D95/><U5/><E5/><V115/><F115/><W109/><G121/><T33/><D135/><U96/><E96/><V59/><F59/><W32/><G109/><T123/><D114/><U101/><E101/><V62/><F62/><RYUUKYOKU ba="0,1" sc="412,-15,199,15,189,15,190,-15" hai1="4,8,15,20,25,40,42,51,55,58,80,82,83" hai2="16,17,90,91,93,99,102" /><INIT seed="1,1,1,0,1,96" ten="397,214,204,175" oya="1" hai0="93,123,84,16,22,30,58,3,79,81,94,75,118" hai1="63,13,67,89,80,97,36,7,9,101,53,133,114" hai2="33,111,108,51,106,25,117,42,27,41,8,99,35" hai3="14,31,37,46,131,82,28,29,59,64,70,44,15"/><U78/><E133/><V116/><F99/><W100/><G70/><T65/><D118/><U72/><E114/><V45/><F106/><W92/><G131/><T90/><D3/><U26/><E36/><V104/><F104/><W132/><G132/><T21/><D123/><U20/><E53/><V71/><F71/><W57/><G82/><T102/><D30/><U24/><E89/><V91/><F91/><W69/><G69/><T115/><D115/><U60/><E67/><V48/><F8/><W112/><G112/><T98/><REACH who="0" step="1"/><D16/><REACH who="0" ten="387,214,204,175" step="2"/><U18/><REACH who="1" step="1"/><E24/><REACH who="1" ten="387,204,204,175" step="2"/><V40/><F42/><W103/><G64/><T47/><D47/><AGARI ba="1,3" hai="25,27,33,35,40,41,45,47,48,51,108,111,116,117" machi="47" ten="25,1600,0" yaku="22,2" doraHai="96" who="2" fromWho="0" sc="387,-19,204,0,204,49,175,0" /><INIT seed="2,0,0,5,5,32" ten="368,204,253,175" oya="2" hai0="125,115,47,41,46,16,133,103,20,68,61,92,76" hai1="84,15,97,135,2,78,80,124,58,6,95,91,69" hai2="83,11,65,5,27,57,66,54,17,33,45,87,8" hai3="100,128,39,96,56,111,43,71,89,51,4,28,110"/><V107/><F107/><W60/><G128/><T117/><D115/><U52/><E124/><V10/><F45/><W36/><G89/><T38/><D125/><U104/><E135/><V22/><F33/><W101/><G101/><T88/><D133/><U26/><E69/><V102/><F102/><W93/><G28/><T21/><D103/><U112/><E112/><V126/><F5/><W113/><G113/><T116/><D76/><U18/><E104/><V134/><F134/><W14/><G71/><T114/><D114/><U40/><E40/><V119/><F119/><N who="0" m="45642" /><D47/><U131/><E131/><V132/><F132/><W50/><G14/><T64/><D16/><U19/><E26/><V85/><F126/><W105/><G105/><T73/><D73/><U81/><E80/><V44/><F44/><W48/><G4/><T49/><D38/><U7/><E18/><V108/><F108/><W37/><REACH who="3" step="1"/><G43/><REACH who="3" ten="368,204,253,165" step="2"/><T70/><D70/><U82/><E81/><V3/><F83/><W63/><G63/><T55/><D41/><U86/><E97/><AGARI ba="0,1" hai="20,21,46,49,55,61,64,68,88,92,97" m="45642" machi="97" ten="30,2000,0" yaku="12,1,54,1" doraHai="32" who="0" fromWho="1" sc="368,30,204,-20,253,0,165,0" /><INIT seed="3,0,0,5,1,17" ten="398,184,253,165" oya="3" hai0="111,112,91,52,58,124,43,47,79,102,126,60,42" hai1="133,108,103,5,76,90,119,44,54,19,106,28,41" hai2="121,77,56,78,2,73,120,134,69,105,87,3,123" hai3="97,33,39,53,15,65,100,22,117,99,34,6,71"/><W32/><G117/><T40/><D111/><U122/><E122/><V125/><F69/><W84/><G39/><T26/><D112/><U85/><E119/><V98/><F73/><W18/><G6/><T59/><D79/><U7/><E108/><V64/><F134/><W101/><G84/><T104/><D91/><U89/><E133/><V62/><F125/><N who="0" m="48234" /><D26/><U45/><E89/><V27/><F27/><W10/><G10/><T96/><D58/><U35/><E90/><V81/><F78/><W93/><G53/><T14/><D14/><U4/><E54/><V57/><F56/><W116/><G116/><T21/><D21/><U20/><E76/><V80/><F81/><W127/><G127/><T31/><D31/><U72/><E28/><V109/><F109/><W88/><REACH who="3" step="1"/><G99/><REACH who="3" ten="398,184,253,155" step="2"/><T0/><D0/><U95/><E85/><V24/><F2/><W11/><G11/><T1/><D1/><U130/><E4/><V55/><F3/><W118/><G118/><T12/><D96/><U38/><E5/><V48/><F98/><W92/><G92/><T129/><D52/><U36/><E95/><V49/><F55/><W13/><G13/><T114/><D12/><U110/><E7/><V86/><F87/><W8/><G8/><T51/><D114/><U75/><E110/><V70/><F123/><W66/><G66/><T115/><D115/><U61/><E75/><V135/><F121/><W74/><G74/><T132/><D132/><U46/><E72/><V131/><F135/><W107/><G107/><T63/><D104/><U16/><E106/><V68/><F120/><RYUUKYOKU ba="0,1" sc="398,-10,184,-10,253,-10,155,30" hai3="15,18,22,32,33,34,65,71,88,93,97,100,101" /><INIT seed="3,1,1,0,0,126" ten="388,174,243,185" oya="3" hai0="61,83,114,55,51,37,2,63,28,85,33,105,102" hai1="78,95,12,98,89,32,118,43,20,93,13,84,127" hai2="47,91,49,94,104,75,123,31,111,24,69,106,67" hai3="1,71,17,124,119,53,42,19,68,82,11,57,96"/><W131/><G119/><T120/><D37/><U56/><E32/><V3/><F75/><W117/><G117/><T129/><D2/><U130/><E118/><V132/><F3/><W5/><G124/><T80/><D80/><U52/><E127/><V21/><F111/><W88/><G42/><T66/><D120/><U46/><E130/><V36/><F132/><W113/><G113/><T103/><D129/><U86/><E20/><V58/><F69/><W73/><G73/><T59/><D63/><U74/><E74/><V18/><F36/><W134/><G134/><T90/><D105/><U48/><E84/><V7/><F7/><W92/><G82/><T110/><D110/><U77/><E77/><V4/><F4/><W41/><G41/><T81/><D81/><U8/><E8/><V62/><F123/><W122/><G122/><T125/><D114/><U133/><E133/><V29/><F106/><W135/><G135/><T65/><D65/><U64/><E64/><V9/><F9/><W116/><G116/><T70/><D125/><U15/><E78/><V109/><F104/><W14/><G131/><T107/><D107/><U35/><E35/><V10/><F10/><W22/><REACH who="3" step="1"/><G19/><REACH who="3" ten="388,174,243,175" step="2"/><T30/><D30/><U101/><REACH who="1" step="1"/><E12/><REACH who="1" ten="388,164,243,175" step="2"/><V97/><F109/><W108/><G108/><T0/><D28/><U23/><E23/><V39/><F39/><AGARI ba="1,3" hai="13,15,39,43,46,48,52,56,86,89,93,95,98,101" machi="39" ten="30,3900,0" yaku="1,1,7,1,54,1,53,0" doraHai="126" doraHaiUra="79" who="1" fromWho="2" sc="388,0,164,72,243,-42,175,0" owari="388,48.8,236,3.6,201,-19.9,175,-32.5" /></mjloggm>