<mjloggm ver="2.3"><GO type="225" lobby="0"/><UN n0="%E3%81%86%E3%82%8B%E3%81%8A%E3%81%A1%E3%82%83" n1="%E3%81%AF%E3%82%88%E3%81%8A%E3%81%98%E3%81%95%E3%82%93" n2="%72%69%6F%75%63%68%61%6E" n3="%E3%81%82%E3%83%BC%E3%81%97" dan="16,16,16,16" rate="2107.72,2092.39,2203.40,2113.64" sx="F,M,M,M"/><TAIKYOKU oya="0"/><INIT seed="0,0,0,1,1,31" ten="250,250,250,250" oya="0" hai0="42,37,101,107,56,92,45,27,3,25,119,34,134" hai1="53,49,111,0,127,23,125,33,54,38,8,59,100" hai2="20,86,24,32,30,75,70,94,6,124,85,109,102" hai3="46,36,73,130,126,11,13,72,116,2,47,22,105"/><T57/><D119/><U48/><E38/><V14/><F109/><W43/><G116/><T135/><D3/><U68/><E68/><V99/><F124/><N who="1" m="47689" /><E111/><V80/><F70/><W28/><G105/><T17/><D107/><U133/><E100/><V89/><F75/><W121/><G126/><T65/><D27/><U91/><E133/><N who="0" m="50697" /><D65/><U4/><E23/><V63/><F63/><W10/><G2/><T7/><D7/><U16/><E91/><V84/><REACH who="2" step="1"/><F20/><REACH who="2" ten="250,250,240,250" step="2"/><W39/><G22/><N who="0" m="13519" /><D34/><U40/><E33/><V110/><F110/><W103/><G73/><T35/><D35/><U74/><E74/><V108/><F108/><W79/><G72/><T128/><D128/><U76/><E76/><V106/><F106/><W97/><G79/><T9/><D9/><AGARI ba="0,1" hai="6,9,14,24,30,32,80,84,85,86,89,94,99,102" machi="9" ten="40,2600,0" yaku="1,1,52,1,53,0" doraHai="31" doraHaiUra="18" who="2" fromWho="0" sc="250,-26,250,0,240,36,250,0" /><INIT seed="1,0,0,1,1,30" ten="224,250,276,250" oya="1" hai0="69,68,34,17,37,54,60,21,71,64,5,36,114" hai1="33,45,23,102,77,110,57,42,94,46,52,126,91" hai2="9,44,39,79,133,115,29,92,19,51,50,24,22" hai3="86,47,3,72,112,113,83,8,74,61,129,128,38"/><U1/><E1/><V27/><F133/><W73/><G61/><T111/><D114/><N who="3" m="44137" /><G47/><T104/><D111/><U117/><E117/><V103/><F115/><W101/><G38/><T95/><D104/><U106/><E106/><V120/><F120/><W63/><G63/><T11/><D54/><U82/><E110/><V7/><F79/><N who="3" m="46463" /><G8/><T109/><D109/><U93/><E33/><V53/><F39/><W55/><G55/><T84/><D36/><U58/><E126/><V75/><F75/><W20/><G20/><T35/><D37/><U13/><E58/><V97/><F50/><W89/><G3/><T66/><D95/><N who="1" m="36363" /><E102/><V121/><F121/><W76/><G101/><T107/><D84/><N who="1" m="50583" /><E77/><V96/><F96/><W105/><G105/><T70/><D107/><U40/><E13/><N who="2" m="5311" /><F24/><W100/><G100/><T123/><D123/><U98/><E23/><V119/><F119/><W65/><G65/><T122/><D66/><U130/><E98/><V43/><F53/><W125/><G125/><T28/><D122/><U16/><E16/><AGARI ba="0,0" hai="16,19,22,27,29,43,44,51,92,97,103" m="5311" machi="16" ten="30,2000,0" yaku="8,1,54,1" doraHai="30" who="2" fromWho="1" sc="224,0,250,-20,276,20,250,0" /><INIT seed="2,0,0,3,0,106" ten="224,230,296,250" oya="2" hai0="77,134,52,32,83,20,48,2,123,79,64,100,71" hai1="80,117,111,25,3,73,109,37,68,35,62,70,10" hai2="85,21,12,17,56,51,92,8,69,0,33,127,88" hai3="60,132,75,104,11,54,7,105,27,108,47,116,1"/><V50/><F69/><W130/><G116/><T90/><D32/><U107/><E117/><V34/><F127/><W30/><G108/><N who="1" m="41546" /><E107/><N who="3" m="41034" /><G54/><T6/><D123/><U86/><E37/><V124/><F124/><W28/><G28/><T114/><D114/><U23/><E35/><V19/><F50/><W96/><G96/><T87/><D100/><U101/><E101/><V110/><F110/><W16/><G16/><T24/><D134/><U31/><E62/><V13/><REACH who="2" step="1"/><F0/><REACH who="2" ten="224,230,286,250" step="2"/><W36/><G132/><T93/><D2/><U125/><E125/><V22/><F22/><W9/><G1/><T98/><D71/><U74/><E68/><V97/><F97/><W102/><G11/><T58/><D6/><N who="1" m="1375" /><E70/><V121/><F121/><W40/><G9/><T91/><REACH who="0" step="1"/><D64/><REACH who="0" ten="214,230,286,250" step="2"/><U63/><E63/><V45/><F45/><W135/><G7/><T4/><D4/><U133/><E133/><V49/><F49/><W46/><G46/><T72/><D72/><U103/><E103/><V66/><F66/><W95/><G75/><T59/><D59/><U65/><E65/><V113/><F113/><W29/><G135/><T55/><D55/><AGARI ba="0,2" hai="8,12,13,17,19,21,33,34,51,55,56,85,88,92" machi="55" ten="40,12000,1" yaku="1,1,25,2,54,1,53,0" doraHai="106" doraHaiUra="118" who="2" fromWho="0" sc="214,-120,230,0,286,140,250,0" /><INIT seed="2,1,0,1,2,133" ten="94,230,426,250" oya="2" hai0="59,82,74,125,64,98,69,112,24,65,57,115,124" hai1="99,17,35,60,83,130,117,102,129,42,75,89,2" hai2="81,116,108,134,8,52,110,86,88,93,78,72,87" hai3="47,73,70,46,92,132,120,23,37,127,71,91,103"/><V107/><F116/><W68/><G73/><T54/><D98/><U101/><E117/><V14/><F134/><W55/><G120/><T126/><D24/><U79/><E2/><V80/><F107/><W77/><G103/><T85/><D74/><U67/><E35/><V53/><F110/><W1/><G77/><T21/><D21/><U128/><E42/><V121/><F121/><W90/><G1/><T51/><D69/><U114/><E114/><N who="0" m="43561" /><D59/><U32/><E32/><V27/><F27/><W97/><G90/><AGARI ba="1,0" hai="51,54,57,64,65,82,85,90,124,125,126" m="43561" machi="90" ten="40,8000,1" yaku="18,1,52,3" doraHai="133" who="0" fromWho="3" sc="94,83,230,0,426,0,250,-83" /><INIT seed="3,0,0,0,4,17" ten="177,230,426,167" oya="3" hai0="58,39,121,133,48,54,56,84,13,127,26,107,76" hai1="90,64,94,129,42,71,34,0,125,83,111,124,135" hai2="105,1,78,77,55,117,79,134,66,92,116,47,15" hai3="23,10,40,65,6,2,28,81,67,37,7,32,119"/><W52/><G119/><T25/><D121/><U97/><E111/><V9/><F105/><W75/><G7/><T21/><D127/><U30/><E129/><V62/><F1/><W88/><G32/><T38/><D107/><U73/><E0/><V60/><F134/><W82/><G81/><N who="0" m="47143" /><D39/><U130/><E130/><V100/><F117/><W22/><G28/><T120/><D38/><U128/><E128/><V20/><F20/><N who="3" m="7723" /><G88/><T36/><D36/><U33/><E135/><V57/><F116/><W24/><G52/><N who="0" m="31751" /><D120/><U85/><E73/><V109/><F109/><W102/><G102/><T5/><D133/><U99/><E30/><V101/><F92/><W27/><G27/><T98/><D98/><U69/><E97/><V45/><F100/><W8/><G8/><N who="0" m="4239" /><D21/><U114/><E114/><V74/><F101/><W68/><G24/><T93/><D93/><U80/><E83/><V110/><F110/><W14/><G14/><T4/><D4/><U53/><E53/><V122/><F122/><W18/><G18/><T126/><D126/><N who="1" m="48747" /><E69/><V132/><F132/><W104/><G104/><T96/><D96/><U31/><E31/><V113/><F113/><W63/><G67/><T103/><D103/><U29/><E29/><V3/><F3/><W91/><G91/><T123/><D123/><U86/><E85/><V70/><F74/><W35/><G35/><T61/><AGARI ba="0,0" hai="25,26,54,58,61" m="4239,31751,47143" machi="61" ten="30,2000,0" yaku="8,1,54,1" doraHai="17" who="0" fromWho="0" sc="177,20,230,-5,426,-5,167,-10" owari="197,-20.3,225,2.5,421,52.1,157,-34.3" /></mjloggm>