<mjloggm ver="2.3"><GO type="225" lobby="0"/><UN n0="%E3%81%B7%E3%82%8A%E3%82%93%E8%81%96%E4%BA%BA" n1="%E3%81%AF%E3%82%88%E3%81%8A%E3%81%98%E3%81%95%E3%82%93" n2="%E6%80%AA%E3%81%97%E3%81%99%E3%81%8E%E3%82%8B%E3%83%81%E3%83%BC" n3="%4E%49%4A%49%49%52%4F" dan="16,16,16,16" rate="2114.79,2132.41,2163.44,2181.17" sx="M,M,M,M"/><TAIKYOKU oya="0"/><INIT seed="0,0,0,5,4,63" ten="250,250,250,250" oya="0" hai0="105,117,69,81,37,90,113,126,134,112,131,122,36" hai1="11,74,10,6,0,17,84,61,100,93,132,80,76" hai2="89,47,22,38,18,127,2,53,46,70,118,68,34" hai3="114,115,102,45,3,40,86,14,16,98,56,101,87"/><T23/><RYUUKYOKU type="yao9" ba="0,0" sc="250,0,250,0,250,0,250,0" hai0="23,36,37,69,81,90,105,112,113,117,122,126,131,134" /><INIT seed="0,1,0,2,2,48" ten="250,250,250,250" oya="0" hai0="8,44,84,71,64,88,92,17,110,68,43,46,82" hai1="90,45,30,115,57,100,69,131,114,123,9,62,51" hai2="112,34,10,101,118,128,133,78,106,119,38,72,126" hai3="103,19,122,96,132,0,113,42,50,66,56,47,107"/><T2/><D46/><U27/><E123/><V102/><RYUUKYOKU type="yao9" ba="1,0" sc="250,0,250,0,250,0,250,0" hai2="10,34,38,72,78,101,102,106,112,118,119,126,128,133" /><INIT seed="0,2,0,3,3,110" ten="250,250,250,250" oya="0" hai0="34,46,66,67,20,128,85,112,74,4,84,96,51" hai1="23,8,55,75,49,39,52,43,131,98,58,16,79" hai2="50,54,81,97,117,99,90,76,30,101,0,68,32" hai3="106,93,61,72,38,25,94,3,42,111,134,78,12"/><T13/><D34/><U64/><E131/><V123/><F123/><W47/><G111/><T15/><D74/><U5/><E64/><V1/><F68/><W70/><G106/><T14/><D128/><U109/><E109/><V113/><F113/><W57/><G134/><T2/><D2/><U36/><E43/><V115/><F115/><W59/><G70/><T122/><D122/><U71/><E71/><V100/><F117/><W63/><G25/><T87/><D112/><U102/><E55/><V127/><F90/><W18/><G3/><T135/><D4/><U130/><E130/><V116/><F127/><W89/><G78/><T19/><D96/><U103/><E79/><V114/><F114/><W92/><G72/><T82/><D82/><U10/><E75/><V21/><F32/><W41/><G89/><T37/><D37/><U44/><E44/><N who="2" m="27975" /><F1/><W27/><G27/><T35/><D35/><U31/><E31/><V120/><F0/><W129/><G129/><T118/><D118/><U60/><E49/><V77/><F120/><W40/><G47/><T56/><D135/><U65/><E65/><N who="0" m="24585" /><D56/><N who="3" m="21577" /><G38/><N who="1" m="14378" /><E5/><V29/><F116/><W17/><G12/><T73/><D73/><U26/><E103/><N who="2" m="39499" /><F30/><W33/><G33/><T108/><D108/><U133/><E133/><V24/><F77/><W86/><G86/><AGARI ba="2,0" hai="21,24,29,76,81,86,97,99" m="39499,27975" machi="86" ten="30,1000,0" yaku="8,1" doraHai="110" who="2" fromWho="3" sc="250,0,250,0,250,16,250,-16" /><INIT seed="1,0,0,3,0,26" ten="250,250,266,234" oya="1" hai0="105,82,70,41,32,1,12,53,29,60,98,9,23" hai1="94,55,40,5,67,80,10,24,49,14,63,83,52" hai2="19,74,133,125,15,16,78,75,77,61,57,106,39" hai3="131,99,51,38,128,65,124,110,21,92,58,27,8"/><U96/><E24/><V135/><F106/><W117/><G38/><T43/><D1/><U79/><E40/><V127/><F39/><W88/><G117/><T36/><D36/><U97/><E97/><V50/><F50/><W100/><G110/><T107/><D107/><U126/><E126/><N who="2" m="48139" /><F77/><W91/><G124/><T2/><D2/><U121/><E121/><V31/><F31/><N who="3" m="17903" /><G8/><T81/><D32/><U33/><E33/><V35/><F19/><W104/><G104/><T116/><D116/><U123/><E123/><V132/><F78/><W86/><G86/><T101/><D29/><U93/><E93/><V22/><F35/><W122/><G122/><T30/><D30/><U108/><E108/><V7/><F7/><W69/><G69/><T45/><D70/><U134/><E134/><V119/><F119/><W18/><G18/><T59/><D23/><U130/><E130/><N who="3" m="49706" /><G51/><T54/><D81/><N who="1" m="31307" /><E79/><V115/><F115/><W25/><G25/><T28/><D28/><U72/><E72/><V118/><F118/><W114/><G114/><T85/><D43/><U102/><E49/><V84/><F84/><W37/><G37/><T120/><D41/><U129/><E129/><V62/><F62/><AGARI ba="0,0" hai="58,62,65,88,91,92,99,100" m="49706,17903" machi="62" ten="30,7700,0" yaku="25,1,19,1,52,1,54,1" doraHai="26" who="3" fromWho="2" sc="250,0,250,0,266,-77,234,77" /><INIT seed="2,0,0,1,1,67" ten="250,250,189,311" oya="2" hai0="2,52,55,123,130,64,16,116,122,33,34,84,106" hai1="7,10,53,124,5,22,76,47,41,120,66,94,131" hai2="6,40,90,126,72,1,108,12,115,13,129,21,112" hai3="77,135,125,119,114,9,30,20,103,38,117,50,23"/><V14/><F72/><W31/><G38/><T79/><D106/><U63/><E124/><V56/><F126/><W87/><G125/><T4/><D64/><U8/><E131/><V78/><F78/><W39/><G39/><T133/><D130/><U121/><E53/><V74/><F74/><W83/><G135/><T89/><D79/><U99/><E22/><V18/><F129/><W17/><G114/><N who="2" m="43561" /><F56/><W91/><G117/><T101/><D101/><U75/><E76/><V86/><F90/><W26/><G103/><T37/><D37/><U46/><E75/><V92/><F92/><W44/><G119/><T27/><D116/><U0/><E94/><V111/><F86/><W43/><G23/><T42/><D42/><U25/><E99/><V93/><F93/><W29/><REACH who="3" step="1"/><G77/><REACH who="3" ten="250,250,189,301" step="2"/><T71/><D122/><U51/><E120/><V134/><F134/><W110/><G110/><N who="2" m="42025" /><F40/><W69/><G69/><T82/><D71/><U61/><E121/><V105/><F105/><W88/><G88/><T59/><D123/><U3/><E41/><V35/><F35/><W107/><G107/><T60/><D133/><U62/><E66/><V96/><F96/><W100/><G100/><T49/><D34/><U102/><E102/><V73/><F73/><W81/><G81/><T85/><D33/><U19/><E51/><V48/><F48/><W70/><G70/><T24/><D49/><U32/><E32/><V127/><F127/><W98/><G98/><T80/><D80/><U36/><E36/><V109/><N who="2" m="42033" /><V15/><DORA hai="68" /><F6/><W118/><G118/><T58/><D4/><RYUUKYOKU ba="0,1" sc="250,-30,250,10,189,10,301,10" hai1="0,3,5,7,8,10,19,25,46,47,61,62,63" hai2="1,12,13,14,15,18,21" hai3="9,17,20,26,29,30,31,43,44,50,83,87,91" /><INIT seed="2,1,1,5,4,5" ten="220,260,199,311" oya="2" hai0="24,27,63,75,119,126,118,26,0,117,98,86,14" hai1="33,101,129,102,52,34,88,12,99,84,127,54,35" hai2="128,66,95,109,23,41,87,61,114,30,133,122,60" hai3="17,64,55,107,51,110,90,9,67,73,123,7,82"/><V96/><F114/><W83/><G110/><T125/><D75/><U100/><E99/><V120/><F109/><W113/><G113/><T135/><D0/><U4/><E127/><N who="0" m="48649" /><D98/><U121/><E129/><V72/><F72/><W43/><G123/><T94/><D63/><U53/><E121/><V18/><F128/><W2/><G107/><T103/><D103/><U36/><E36/><V13/><F133/><W80/><G43/><T15/><D94/><N who="1" m="54535" /><E4/><V77/><F41/><W11/><G73/><T1/><D86/><U45/><E12/><N who="0" m="4649" /><D1/><U104/><E104/><V124/><F124/><W22/><G2/><T21/><D135/><U48/><E48/><V40/><F60/><W42/><G7/><T91/><D91/><U8/><E45/><V56/><F40/><W108/><G108/><T92/><D92/><U31/><E31/><AGARI ba="1,1" hai="21,24,26,27,31,117,118,119" m="4649,48649" machi="31" ten="40,8000,1" yaku="12,1,18,1,34,2" doraHai="5" who="0" fromWho="1" sc="220,93,260,-83,199,0,311,0" /><INIT seed="3,0,0,1,1,64" ten="313,177,199,311" oya="3" hai0="126,36,100,114,76,115,121,128,101,73,8,124,46" hai1="132,99,85,10,17,110,54,84,35,102,47,74,44" hai2="95,75,111,122,13,134,118,61,14,57,127,15,78" hai3="34,24,40,25,130,103,55,83,105,19,88,79,63"/><W71/><G40/><N who="0" m="22791" /><D121/><U56/><E74/><V41/><F127/><N who="0" m="48682" /><D128/><U20/><E35/><V2/><F111/><W30/><G130/><T69/><D69/><U125/><E125/><V29/><F134/><W86/><G79/><T53/><D53/><U7/><E110/><V104/><F2/><W135/><G135/><T91/><D91/><U67/><E67/><V48/><F104/><W18/><G24/><T33/><D33/><U60/><E132/><V32/><F29/><W23/><G103/><N who="0" m="39499" /><D8/><U9/><E44/><V27/><F15/><W1/><G105/><T58/><D58/><U39/><E47/><V62/><F75/><W129/><G129/><T109/><D109/><U116/><E39/><V51/><F95/><W80/><G1/><T45/><D45/><U0/><E10/><V90/><F78/><W92/><G71/><T43/><D43/><U3/><E3/><V12/><F118/><W6/><G6/><T22/><D22/><U11/><E11/><V87/><F122/><W96/><G34/><T93/><D93/><U113/><E113/><V119/><F119/><W133/><G133/><T98/><D98/><U81/><E116/><V16/><F62/><W68/><G68/><T70/><D70/><U49/><E60/><V26/><F51/><W107/><G107/><T82/><AGARI ba="0,0" hai="73,76,82,114,115" m="39499,48682,22791" machi="82" ten="40,1500,0" yaku="18,1" doraHai="64" who="0" fromWho="0" sc="313,15,177,-4,199,-4,311,-7" owari="328,42.8,173,-32.7,195,-20.5,304,10.4" /></mjloggm>