<mjloggm ver="2.3"><GO type="225" lobby="0"/><UN n0="%77%72%77%72%77%72%77%72" n1="%48%61%61%61%6C%61%6E%64" n2="%E6%B4%BE%E9%81%A3%E3%81%AE%E3%82%B8%E3%83%A3%E3%83%83%E3%82%AF" n3="%E3%83%A9%E3%83%BC%E3%83%A1%E3%83%B3%E4%BA%94%E9%83%8E" dan="16,18,17,16" rate="2222.09,2291.41,2200.34,2039.61" sx="M,M,M,M"/><TAIKYOKU oya="0"/><INIT seed="0,0,0,3,0,101" ten="250,250,250,250" oya="0" hai0="21,106,100,131,75,111,19,97,24,12,41,132,7" hai1="4,82,94,33,64,76,6,47,70,118,37,130,120" hai2="81,45,113,107,124,18,35,115,29,73,53,31,68" hai3="103,66,79,80,27,110,87,32,52,117,121,48,98"/><T15/><D75/><U3/><E118/><V22/><F68/><W135/><G117/><T59/><D131/><U91/><E120/><V36/><F124/><W89/><G121/><T104/><D132/><U99/><E33/><V116/><F116/><W83/><G135/><T88/><D111/><U56/><E70/><V10/><F10/><W44/><G110/><T77/><D77/><U25/><E130/><V8/><F8/><W74/><G66/><T96/><D41/><U93/><E3/><V43/><F53/><W55/><G27/><T34/><D7/><U61/><E25/><V65/><F65/><W90/><G32/><T127/><D127/><U109/><E109/><V20/><F35/><W60/><G90/><T16/><D34/><U28/><E28/><V62/><F62/><W78/><G89/><T13/><D59/><U51/><E94/><V17/><F107/><W2/><G2/><T9/><REACH who="0" step="1"/><D88/><REACH who="0" ten="240,250,250,250" step="2"/><U49/><E76/><V84/><F73/><W46/><G74/><T5/><D5/><U71/><E4/><V69/><F69/><W134/><G134/><T123/><D123/><U26/><E6/><V1/><F1/><W112/><G78/><T95/><D95/><U128/><E128/><V126/><F126/><W105/><G79/><T0/><D0/><U63/><E82/><V122/><F122/><W40/><G80/><T125/><D125/><U133/><E133/><V102/><F81/><W58/><G83/><T11/><D11/><U42/><E93/><V108/><F43/><W92/><G92/><T72/><D72/><U86/><E42/><RYUUKYOKU ba="0,1" sc="240,30,250,-10,250,-10,250,-10" hai0="9,12,13,15,16,19,21,24,96,97,100,104,106" /><INIT seed="0,1,1,1,3,89" ten="270,240,240,240" oya="0" hai0="44,116,25,41,84,2,110,68,10,93,130,70,118" hai1="125,49,126,67,13,79,19,103,73,56,106,26,4" hai2="53,87,34,32,37,28,33,46,65,122,54,113,14" hai3="55,51,95,59,131,24,18,0,45,39,50,62,112"/><T27/><D130/><U107/><E4/><V129/><F122/><W1/><G112/><T121/><D121/><U20/><E73/><V63/><F113/><W17/><G39/><T92/><D2/><U124/><E79/><V21/><F129/><W74/><G131/><T58/><D10/><U94/><E13/><V75/><F75/><W3/><G74/><T60/><D84/><U30/><E19/><V101/><F101/><W119/><G119/><T16/><D110/><U22/><E22/><V47/><F87/><W71/><G24/><T23/><D27/><U6/><E6/><V96/><F96/><W128/><G128/><T78/><D78/><U15/><E15/><V99/><F99/><W80/><G80/><T105/><D105/><U98/><E49/><V108/><F108/><W52/><REACH who="3" step="1"/><G95/><REACH who="3" ten="270,240,240,230" step="2"/><T91/><D93/><U135/><E135/><V9/><F37/><W86/><G86/><T61/><D118/><U117/><E117/><V127/><F33/><W97/><G97/><T42/><D92/><U88/><E103/><V69/><F34/><W109/><G109/><T133/><D133/><U90/><E90/><V12/><F32/><W120/><G120/><T104/><D91/><U11/><E107/><V100/><F100/><W57/><G57/><T35/><D104/><U64/><E106/><V7/><F69/><N who="0" m="26730" /><D116/><U5/><E56/><V38/><F38/><W40/><G40/><N who="0" m="15467" /><D35/><U72/><E72/><V115/><F115/><W102/><G102/><T76/><D58/><U111/><E111/><V82/><F82/><W36/><G36/><T132/><D132/><RYUUKYOKU ba="1,2" sc="270,-15,240,15,240,-15,230,15" hai1="5,11,20,26,30,64,67,88,94,98,124,125,126" hai3="0,1,3,17,18,45,50,51,52,55,59,62,71" /><INIT seed="1,2,2,1,4,102" ten="255,255,225,245" oya="1" hai0="50,103,82,99,44,83,17,25,120,123,135,73,117" hai1="61,14,1,100,114,51,42,109,2,87,116,131,124" hai2="30,84,130,77,128,125,45,81,105,29,110,31,127" hai3="63,68,20,95,59,129,48,60,4,86,71,88,90"/><U47/><E114/><V16/><F110/><W11/><G129/><N who="2" m="49769" /><F45/><W9/><G68/><T23/><D117/><U134/><E131/><V65/><F65/><W75/><G75/><T40/><D135/><U69/><E116/><V56/><F56/><W12/><G71/><T106/><REACH who="0" step="1"/><D73/><REACH who="0" ten="245,255,225,245" step="2"/><U107/><E134/><V118/><F118/><W115/><G115/><T96/><D96/><U66/><E109/><V72/><F72/><W113/><G113/><T92/><D92/><U119/><E119/><V0/><F0/><W98/><G98/><T85/><D85/><U26/><E87/><V22/><F105/><W46/><G86/><T108/><D108/><U57/><E1/><V32/><F32/><W111/><G111/><T53/><D53/><U101/><E2/><V112/><F112/><W15/><G95/><T64/><D64/><U6/><E107/><V121/><F121/><AGARI ba="2,3" hai="17,23,25,40,44,50,82,83,99,103,106,120,121,123" machi="121" ten="40,5200,0" yaku="1,1,13,1,52,1,53,0" doraHai="102" doraHaiUra="10" who="0" fromWho="2" sc="245,88,255,0,225,-58,245,0" /><INIT seed="2,0,0,5,4,60" ten="333,255,167,245" oya="2" hai0="26,99,4,87,75,109,52,5,115,121,85,101,37" hai1="54,74,90,70,71,81,123,131,21,103,40,110,6" hai2="66,68,89,113,79,116,69,84,62,0,88,93,58" hai3="27,64,12,130,133,65,16,42,96,67,127,8,29"/><V20/><F0/><W1/><G127/><T129/><D115/><U126/><E126/><V100/><F113/><W105/><G1/><T22/><D121/><U51/><E123/><V134/><F116/><W14/><G130/><T72/><D37/><U34/><E34/><V106/><F134/><W102/><G133/><T98/><D109/><U97/><E110/><V39/><F39/><W46/><G12/><T107/><D98/><U45/><E131/><V11/><F11/><W82/><G82/><T59/><D72/><U3/><E21/><V55/><F79/><W86/><G86/><T38/><D38/><U44/><E6/><V118/><F118/><W61/><G61/><T41/><D41/><U36/><E3/><V24/><F89/><W80/><G80/><T43/><D43/><U76/><REACH who="1" step="1"/><E90/><REACH who="1" ten="333,245,167,245" step="2"/><V63/><F69/><W91/><G91/><T35/><D22/><U73/><E73/><V124/><F124/><W83/><G83/><T7/><D75/><U120/><E120/><V132/><F132/><W33/><REACH who="3" step="1"/><G67/><REACH who="3" ten="333,245,167,235" step="2"/><T78/><D129/><U92/><AGARI ba="0,2" hai="36,40,44,45,51,54,70,71,74,76,81,92,97,103" machi="92" ten="20,2700,0" yaku="1,1,0,1,7,1,53,0" doraHai="60" doraHaiUra="135" who="1" fromWho="1" sc="333,-7,245,47,167,-13,235,-7" /><INIT seed="3,0,0,0,5,134" ten="326,292,154,228" oya="3" hai0="43,52,110,9,84,68,34,36,132,86,1,93,71" hai1="53,79,15,35,51,130,49,6,33,104,3,96,87" hai2="59,109,21,4,57,112,58,38,25,18,89,118,116" hai3="27,77,41,115,83,107,23,7,66,10,94,114,95"/><W22/><G107/><T13/><D34/><U39/><E3/><V122/><F112/><W127/><G66/><T44/><D1/><U62/><E39/><V31/><F38/><W47/><G114/><T120/><D120/><U29/><E130/><V101/><F101/><W16/><G23/><T129/><D129/><U126/><E126/><V50/><F122/><W12/><G115/><T102/><D110/><U113/><E113/><V100/><F100/><W73/><REACH who="3" step="1"/><G127/><REACH who="3" ten="326,292,154,218" step="2"/><T119/><D68/><U98/><E104/><V54/><F109/><W61/><G61/><T56/><D71/><U60/><E60/><V24/><F4/><W19/><G19/><T117/><D117/><U124/><E124/><V0/><F0/><W92/><G92/><T8/><D93/><U42/><E62/><V108/><F108/><W40/><G40/><T64/><D43/><U80/><E33/><V123/><F123/><W82/><G82/><T135/><D64/><U11/><E35/><V26/><F89/><W125/><G125/><T5/><D119/><U14/><E29/><V99/><F99/><W2/><G2/><T74/><D8/><U88/><E88/><V46/><REACH who="2" step="1"/><F31/><REACH who="2" ten="326,292,144,218" step="2"/><W90/><G90/><T65/><D102/><U133/><E96/><V20/><F20/><W81/><G81/><T128/><D128/><U131/><E98/><V75/><F75/><W28/><G28/><T32/><D74/><U63/><E131/><V48/><F48/><AGARI ba="0,2" hai="7,10,12,16,22,27,41,47,48,73,77,83,94,95" machi="48" ten="30,5800,0" yaku="1,1,7,1,54,1,53,0" doraHai="134" doraHaiUra="111" who="3" fromWho="2" sc="326,0,292,0,144,-58,218,78" /><INIT seed="3,1,0,2,3,89" ten="326,292,86,296" oya="3" hai0="128,15,70,74,116,46,90,122,68,73,76,97,5" hai1="52,94,53,102,72,24,30,109,6,55,54,111,4" hai2="60,8,9,7,123,79,98,17,64,113,41,1,110" hai3="20,3,57,48,86,39,50,34,80,21,16,45,106"/><W126/><G34/><T58/><D116/><U2/><E72/><V135/><F110/><N who="1" m="41993" /><E55/><V44/><F135/><W104/><G3/><T93/><D128/><U49/><E49/><V12/><F123/><W47/><G39/><T132/><D132/><U26/><E2/><V13/><F113/><W37/><G37/><T75/><D76/><U65/><E65/><V129/><F129/><W63/><G104/><T42/><D58/><U131/><E131/><V27/><F27/><N who="1" m="10281" /><E30/><V10/><F10/><W78/><G106/><T112/><D112/><U35/><E35/><V62/><F1/><W31/><G31/><T96/><D122/><U88/><E102/><V95/><F64/><N who="3" m="39023" /><G126/><T108/><D108/><U121/><E121/><V84/><F84/><AGARI ba="1,0" hai="4,6,52,53,54,84,88,94" m="10281,41993" machi="84" ten="30,7700,0" yaku="14,1,52,1,54,2" doraHai="89" who="1" fromWho="2" sc="326,0,292,80,86,-80,296,0" owari="326,12.6,372,47.2,6,-49.4,296,-10.4" /></mjloggm>