<mjloggm ver="2.3"><GO type="225" lobby="0"/><UN n0="%E3%82%A2%E3%83%A1%E3%82%A2%E3%83%A9%E3%83%AC" n1="%E6%98%93%E5%88%A9%E8%96%A9%E4%BC%AF" n2="%E6%81%A5%E6%99%92%E3%81%97" n3="%E9%A6%AC%E4%BA%86%E9%9A%94%E5%A3%81" dan="16,16,16,17" rate="2106.10,2073.15,2135.67,2245.33" sx="M,F,M,M"/><TAIKYOKU oya="0"/><INIT seed="0,0,0,1,5,126" ten="250,250,250,250" oya="0" hai0="122,112,57,87,56,44,93,4,118,78,117,29,72" hai1="90,81,82,40,37,70,97,0,39,76,106,61,1" hai2="23,54,89,128,80,58,105,32,85,75,24,13,21" hai3="55,125,116,65,43,60,53,109,135,71,86,107,8"/><T19/><D112/><U99/><E70/><V16/><F105/><W132/><G116/><T108/><D122/><U34/><E34/><V38/><F38/><W15/><G107/><T2/><D29/><U124/><E124/><V46/><F75/><W25/><G125/><T113/><D113/><U35/><E35/><V47/><F32/><W31/><G109/><T74/><D108/><U36/><E40/><V120/><F128/><W20/><G43/><T6/><D44/><U26/><E26/><V83/><F83/><W92/><G92/><T62/><D19/><U100/><E61/><N who="2" m="36055" /><F120/><W103/><G86/><T94/><D87/><U68/><E68/><V66/><F66/><W88/><G88/><T102/><D62/><U91/><E82/><V11/><F23/><W96/><G96/><T48/><D48/><U131/><E131/><V18/><AGARI ba="0,0" hai="11,13,16,18,21,24,46,47,80,85,89" m="36055" machi="18" ten="30,2000,0" yaku="8,1,54,1" doraHai="126" who="2" fromWho="2" sc="250,-10,250,-5,250,20,250,-5" /><INIT seed="1,0,0,2,3,129" ten="240,245,270,245" oya="1" hai0="98,99,83,10,96,12,69,90,105,95,80,114,63" hai1="39,25,49,57,3,26,132,42,53,120,133,48,100" hai2="28,109,13,72,23,2,107,73,44,123,11,111,37" hai3="8,122,103,118,47,64,32,74,66,56,97,24,6"/><U77/><E120/><V41/><F123/><W60/><G122/><T101/><D114/><U71/><E3/><V88/><F107/><W17/><G74/><T113/><D113/><U67/><E49/><V30/><F2/><W121/><G121/><T55/><D99/><U125/><E125/><V15/><F15/><W124/><G124/><T110/><D110/><N who="2" m="41994" /><F88/><W126/><G126/><T21/><D21/><U130/><E130/><V54/><F54/><W135/><G118/><T9/><D9/><U1/><E1/><V20/><F20/><W4/><G66/><T36/><D36/><U94/><E77/><V46/><F46/><W65/><G65/><T38/><D38/><U89/><E100/><V93/><F93/><W61/><G47/><T104/><D104/><U59/><E42/><V85/><F85/><W33/><G33/><T18/><D69/><U108/><E108/><V19/><F23/><W79/><G79/><T45/><D45/><U84/><E39/><V128/><F128/><W43/><G43/><T76/><D76/><U119/><E119/><V34/><F34/><W50/><G32/><T35/><D35/><U51/><E71/><V5/><F5/><W82/><G4/><T68/><D68/><U116/><E116/><V131/><F131/><W7/><G7/><T86/><D86/><U81/><E94/><V29/><AGARI ba="0,0" hai="11,13,19,28,29,30,37,41,44,72,73" m="41994" machi="29" ten="30,1100,0" yaku="14,1" doraHai="129" who="2" fromWho="2" sc="240,-3,245,-5,270,11,245,-3" /><INIT seed="2,0,0,0,0,110" ten="237,240,281,242" oya="2" hai0="20,118,47,105,111,10,40,107,50,43,54,67,38" hai1="63,65,83,100,97,119,121,1,46,66,81,94,135" hai2="13,89,37,60,103,49,82,55,35,115,4,73,64" hai3="74,117,6,126,32,98,125,106,90,62,26,16,116"/><V0/><F37/><W80/><G6/><T52/><D111/><U102/><E119/><V77/><F0/><W104/><G62/><T113/><D113/><U122/><E1/><V3/><F3/><W11/><G32/><T114/><D114/><U108/><E108/><V34/><F103/><W28/><G28/><T18/><D118/><U61/><E135/><V7/><F89/><W21/><G11/><T101/><D67/><U25/><E25/><V84/><F73/><W109/><G109/><T48/><D10/><U19/><E19/><V71/><F115/><W27/><G27/><T57/><D40/><U76/><E46/><V91/><F91/><W131/><G131/><T15/><REACH who="0" step="1"/><D101/><REACH who="0" ten="227,240,281,242" step="2"/><U99/><REACH who="1" step="1"/><E94/><REACH who="1" ten="227,230,281,242" step="2"/><V93/><F93/><N who="3" m="56631" /><G116/><T59/><AGARI ba="0,2" hai="15,18,20,38,43,47,48,50,52,54,57,59,105,107" machi="59" ten="20,8000,1" yaku="1,1,0,1,7,1,9,1,54,1,53,0" doraHai="110" doraHaiUra="78" who="0" fromWho="0" sc="227,100,230,-20,281,-40,242,-20" /><INIT seed="3,0,0,0,2,108" ten="327,210,241,222" oya="3" hai0="69,25,80,131,91,102,85,15,127,0,119,9,64" hai1="97,32,100,103,38,89,66,65,70,124,74,56,41" hai2="17,94,54,47,39,116,37,110,61,132,101,46,123" hai3="45,2,135,48,7,79,86,8,84,118,21,10,49"/><W109/><G118/><T122/><D122/><U126/><E70/><V68/><F116/><W40/><G109/><T88/><D0/><U29/><E74/><V27/><F110/><W23/><G135/><T115/><D115/><U104/><E103/><V13/><F132/><W55/><G8/><T76/><D131/><U43/><E32/><V117/><F117/><W134/><G134/><T34/><D102/><U128/><E29/><V62/><F27/><W130/><G130/><T12/><D12/><U93/><E128/><V6/><F6/><W3/><G3/><T31/><D127/><N who="1" m="48683" /><E38/><V105/><F105/><W90/><G79/><T121/><D121/><U82/><E82/><V113/><F39/><W44/><REACH who="3" step="1"/><G84/><REACH who="3" ten="327,210,241,212" step="2"/><T57/><D85/><N who="1" m="52399" /><E66/><V125/><F125/><W14/><G14/><T114/><D15/><U106/><E106/><V22/><F13/><W120/><G120/><T59/><D9/><U67/><E65/><V19/><F123/><W98/><G98/><T71/><D76/><U18/><E18/><V24/><F17/><W33/><G33/><T28/><D64/><U11/><E11/><V129/><F19/><W42/><G42/><T95/><D119/><U99/><E99/><V107/><F129/><W51/><G51/><T81/><D34/><U5/><E5/><V16/><F16/><W53/><G53/><T78/><D78/><U50/><E67/><V63/><F107/><W36/><G36/><T75/><D75/><U77/><E77/><V30/><F37/><W26/><G26/><T73/><D25/><U96/><E96/><N who="2" m="59543" /><F54/><AGARI ba="0,1" hai="41,43,50,54,56,97,100,104" m="52399,48683" machi="54" ten="30,1000,0" yaku="18,1" doraHai="108" who="1" fromWho="2" sc="327,0,210,20,241,-10,212,0" owari="327,42.7,230,-17.0,231,3.1,212,-28.8" /></mjloggm>