<mjloggm ver="2.3"><GO type="225" lobby="0"/><UN n0="%E7%99%BD%E6%97%A5%E9%9B%AA%E8%8F%9C" n1="%33%74%72%65%65" n2="%E3%82%B7%E3%83%B3%E5%A4%AA%E6%9C%97" n3="%E3%83%B4%E3%83%A0%EF%BC%99%E3%81%A6" dan="17,16,16,16" rate="2196.01,2114.01,2126.39,2095.20" sx="M,F,M,M"/><TAIKYOKU oya="0"/><INIT seed="0,0,0,1,5,15" ten="250,250,250,250" oya="0" hai0="93,66,70,36,25,129,47,90,58,92,111,1,50" hai1="14,10,118,23,9,35,122,19,54,59,89,112,123" hai2="32,18,29,56,77,102,41,125,98,134,75,26,43" hai3="24,11,64,127,63,86,31,0,5,33,110,49,42"/><T126/><D1/><U2/><E118/><V79/><F134/><W22/><G110/><T87/><D126/><U76/><E112/><V96/><F125/><W60/><G127/><T68/><D129/><U132/><E132/><V106/><F96/><W45/><G64/><T101/><D36/><U72/><E35/><V7/><F7/><W38/><G38/><T84/><D111/><U91/><E72/><V67/><F79/><W62/><G86/><T20/><D58/><U4/><E76/><V44/><F77/><W6/><G6/><T65/><D70/><U115/><E115/><V135/><F75/><W116/><REACH who="3" step="1"/><G116/><REACH who="3" ten="250,250,250,240" step="2"/><T124/><D124/><U109/><E109/><V34/><F135/><W133/><G133/><T99/><D68/><U128/><E128/><V52/><F67/><W81/><G81/><T131/><D84/><U46/><E123/><V107/><F98/><W80/><G80/><T121/><D121/><U74/><E122/><V105/><F34/><AGARI ba="0,1" hai="0,5,11,22,24,31,33,34,42,45,49,60,62,63" machi="34" ten="40,1300,0" yaku="1,1,53,0" doraHai="15" doraHaiUra="55" who="3" fromWho="2" sc="250,0,250,0,250,-13,240,23" /><INIT seed="1,0,0,0,1,8" ten="250,250,237,263" oya="1" hai0="85,12,121,99,115,48,89,33,31,88,73,4,61" hai1="114,134,16,41,26,9,91,59,84,44,81,17,49" hai2="52,103,56,69,102,83,77,47,29,125,67,118,53" hai3="54,126,70,34,116,66,111,1,20,93,87,133,119"/><U124/><E114/><V104/><F118/><W97/><G34/><T40/><D73/><U28/><E134/><V107/><F125/><W10/><G126/><T60/><D115/><U32/><E124/><V122/><F122/><W14/><G133/><T24/><D121/><U71/><E71/><V129/><F129/><W5/><G111/><T45/><D99/><U75/><E75/><V35/><F35/><W64/><G87/><T15/><D89/><U7/><REACH who="1" step="1"/><E59/><REACH who="1" ten="250,240,237,263" step="2"/><V98/><F69/><W23/><G70/><T100/><D100/><U120/><E120/><V25/><F104/><W135/><G135/><T0/><D0/><AGARI ba="0,1" hai="0,7,9,16,17,26,28,32,41,44,49,81,84,91" machi="0" ten="30,5800,0" yaku="1,1,7,1,54,1,53,0" doraHai="8" doraHaiUra="105" who="1" fromWho="0" sc="250,-58,240,68,237,0,263,0" /><INIT seed="1,1,0,1,3,90" ten="192,308,237,263" oya="1" hai0="80,99,88,16,78,111,36,43,108,69,5,117,93" hai1="62,47,79,103,59,29,125,31,64,27,133,1,45" hai2="84,56,95,107,72,33,51,134,135,102,83,41,92" hai3="53,42,40,87,127,6,116,130,12,128,44,119,131"/><U8/><E133/><N who="2" m="50699" /><F33/><W63/><G127/><T104/><D117/><N who="3" m="45129" /><G87/><T34/><D34/><U55/><E125/><V74/><F41/><N who="3" m="15979" /><G12/><T48/><D69/><U24/><E79/><N who="2" m="46207" /><F51/><N who="3" m="28903" /><G6/><T77/><D36/><U101/><E1/><V129/><F56/><W2/><G2/><T121/><D5/><U91/><E59/><V11/><F11/><W96/><G96/><T19/><D121/><U100/><E8/><V26/><F26/><W52/><G52/><T49/><D104/><U114/><E55/><V110/><F110/><N who="0" m="42026" /><D77/><U10/><E24/><V82/><F129/><W132/><G132/><T15/><D43/><U61/><E27/><V112/><F112/><W18/><G18/><N who="0" m="6699" /><D15/><U109/><E114/><V115/><F115/><W98/><G98/><T97/><D99/><U123/><E109/><V0/><F0/><W57/><G57/><T94/><D94/><N who="2" m="35882" /><F82/><W32/><G32/><T14/><D14/><U71/><E10/><V65/><F107/><W21/><G21/><T28/><D28/><U73/><E29/><V7/><F7/><W60/><AGARI ba="1,0" hai="60,63,128,130,131" m="28903,15979,45129" machi="60" ten="40,8000,1" yaku="19,1,12,1,34,2" doraHai="90" who="3" fromWho="3" sc="192,-21,308,-41,237,-21,263,83" /><INIT seed="2,0,0,5,1,104" ten="171,267,216,346" oya="2" hai0="133,56,93,7,121,20,25,31,97,127,125,128,49" hai1="64,73,96,36,68,37,63,27,34,112,33,88,70" hai2="80,6,91,26,19,38,131,21,89,45,35,13,120" hai3="92,53,46,17,90,50,57,2,86,62,60,78,1"/><V24/><F131/><W71/><G71/><T55/><D121/><U8/><E112/><V129/><F129/><W10/><G62/><T105/><D128/><U51/><E70/><V61/><F120/><W115/><G115/><T72/><D105/><U101/><E73/><V116/><F116/><W74/><G17/><T114/><D114/><U110/><E110/><V111/><F111/><W113/><G113/><T118/><D133/><U126/><E126/><V15/><F35/><W77/><G10/><T23/><D118/><U39/><E88/><V67/><F38/><W52/><REACH who="3" step="1"/><G74/><REACH who="3" ten="171,267,216,336" step="2"/><T117/><D117/><U58/><E8/><V14/><F61/><W95/><G95/><T76/><D7/><U30/><E68/><V100/><F19/><W130/><G130/><T107/><D107/><U18/><E18/><V16/><F16/><W11/><G11/><T98/><D125/><U103/><E63/><V85/><F6/><W48/><G48/><T44/><D127/><U82/><E51/><V12/><F80/><W75/><G75/><T84/><D72/><U3/><E82/><V108/><F108/><W4/><G4/><T83/><D93/><U47/><E37/><V102/><F21/><W5/><G5/><T123/><D123/><U109/><E39/><V65/><F24/><W28/><G28/><T87/><D20/><U66/><E109/><V124/><F26/><W59/><G59/><T99/><D56/><U79/><E58/><V40/><F124/><W122/><G122/><T106/><D106/><U43/><E27/><V0/><N who="2" m="3072" /><DORA hai="81" /><V119/><F119/><RYUUKYOKU ba="0,1" sc="171,15,267,-15,216,-15,336,15" hai0="23,25,31,44,49,55,76,83,84,87,97,98,99" hai3="1,2,46,50,52,53,57,60,77,78,86,90,92" /><INIT seed="3,1,1,0,3,2" ten="186,252,201,351" oya="3" hai0="112,73,124,49,91,126,0,12,60,115,54,19,51" hai1="122,74,69,25,32,66,85,34,135,134,81,71,48" hai2="94,100,45,5,14,117,89,7,70,101,113,9,61" hai3="83,26,132,63,93,42,75,22,125,97,65,80,41"/><W88/><G125/><N who="0" m="48235" /><D0/><U44/><E74/><V62/><F117/><W38/><G132/><T128/><D128/><U108/><E108/><V129/><F129/><W53/><G38/><T39/><D39/><U15/><E15/><V3/><F113/><N who="0" m="43594" /><D73/><U35/><E134/><V11/><F45/><W21/><G53/><T123/><D123/><U104/><E44/><V6/><F70/><W40/><G75/><T130/><D130/><U46/><E69/><V13/><F3/><W84/><G26/><T114/><N who="0" m="43602" /><T27/><DORA hai="64" /><D27/><U99/><E25/><V76/><F76/><W77/><G80/><T18/><D91/><U119/><E81/><V133/><F133/><W67/><G83/><T36/><D36/><U31/><E122/><V23/><F100/><W58/><G77/><T4/><D4/><N who="2" m="1642" /><F101/><W103/><G103/><T72/><D72/><U1/><E1/><V37/><F37/><W55/><G88/><T52/><D60/><U92/><E135/><V102/><F102/><W106/><G63/><T105/><D105/><U118/><E104/><V29/><F62/><W87/><G106/><T50/><D18/><U120/><E120/><V78/><F61/><W43/><G65/><T116/><D116/><U30/><E66/><V56/><F78/><W17/><G67/><T121/><D121/><U20/><E119/><V28/><F56/><W109/><G17/><T47/><D47/><U79/><E46/><V127/><F127/><W90/><G58/><T111/><D111/><U107/><E107/><V59/><F59/><W110/><N who="3" m="10240" /><DORA hai="82" /><W57/><G110/><RYUUKYOKU ba="1,1" sc="186,30,252,-10,201,-10,351,-10" hai0="12,19,49,50,51,52,54" owari="216,-18.4,242,4.2,191,-30.9,351,45.1" /></mjloggm>