<mjloggm ver="2.3"><GO type="225" lobby="0"/><UN n0="%E3%81%A9%E3%82%8F%E3%82%93%E3%81%94" n1="%72%69%6F%75%63%68%61%6E" n2="%E7%99%BD%E6%97%A5%E9%9B%AA%E8%8F%9C" n3="%E3%81%AF%E3%82%88%E3%81%8A%E3%81%98%E3%81%95%E3%82%93" dan="16,16,16,17" rate="2061.74,2163.51,2162.44,2239.80" sx="M,M,M,M"/><TAIKYOKU oya="0"/><INIT seed="0,0,0,4,0,122" ten="250,250,250,250" oya="0" hai0="37,26,60,43,105,69,80,5,101,125,111,91,121" hai1="39,93,52,13,72,41,48,126,38,113,19,120,106" hai2="123,27,112,50,17,117,74,71,134,1,49,36,104" hai3="7,100,85,25,108,56,0,29,133,116,61,97,59"/><T127/><D121/><U92/><E120/><V2/><RYUUKYOKU type="yao9" ba="0,0" sc="250,0,250,0,250,0,250,0" hai2="1,2,17,27,36,49,50,71,74,104,112,117,123,134" /><INIT seed="0,1,0,3,3,65" ten="250,250,250,250" oya="0" hai0="99,106,88,74,50,11,101,52,121,25,27,7,64" hai1="55,63,49,9,100,119,37,39,98,47,86,45,35" hai2="12,135,131,44,83,91,93,2,112,10,17,22,66" hai3="110,116,129,120,97,13,108,79,130,125,30,71,124"/><T24/><D121/><U68/><E119/><V29/><F112/><W34/><G79/><T127/><D127/><N who="3" m="48713" /><G97/><T16/><D74/><U33/><E9/><V92/><F131/><N who="3" m="50187" /><G71/><T58/><D64/><N who="1" m="40991" /><E33/><V43/><F66/><W32/><G116/><T42/><D42/><N who="1" m="22735" /><E35/><N who="3" m="13354" /><G120/><T102/><D102/><U70/><E86/><V38/><F91/><W105/><G105/><T67/><D67/><U107/><E107/><V78/><F78/><W87/><G87/><T96/><D88/><U6/><E6/><V76/><F76/><W18/><G30/><T109/><D99/><U51/><E100/><V21/><F29/><W28/><G28/><T73/><D73/><U72/><E98/><V113/><F38/><W84/><G84/><T40/><D40/><N who="1" m="22943" /><E72/><V5/><F113/><W133/><G133/><T26/><D106/><U104/><E104/><V31/><F135/><W57/><G57/><T41/><D96/><U61/><E70/><V118/><F118/><W48/><G48/><T60/><D101/><U114/><E114/><V54/><F83/><W85/><G85/><T36/><D50/><U103/><E103/><V20/><F93/><W4/><G4/><T90/><D90/><U82/><E82/><V59/><F5/><W23/><AGARI ba="1,0" hai="13,18,23,108,110" m="13354,50187,48713" machi="23" ten="40,8000,1" yaku="18,1,19,1,34,2" doraHai="65" who="3" fromWho="3" sc="250,-41,250,-21,250,-21,250,83" /><INIT seed="1,0,0,3,4,19" ten="209,229,229,333" oya="1" hai0="132,88,83,97,114,3,117,10,91,37,4,79,129" hai1="33,96,34,118,7,112,18,56,125,30,85,15,36" hai2="104,23,24,94,2,51,86,58,40,5,17,59,9" hai3="48,53,71,61,72,87,75,20,67,27,25,66,43"/><U130/><E112/><V42/><F104/><W54/><G67/><T76/><D117/><U55/><E118/><V123/><F123/><W45/><G25/><T74/><D114/><U98/><E125/><V81/><F94/><W68/><G71/><T101/><D132/><U50/><E130/><V92/><F92/><W0/><G0/><T109/><D129/><U28/><E36/><V116/><F116/><W8/><G8/><T84/><D109/><U49/><E7/><V70/><F70/><W38/><G87/><T11/><D11/><U105/><E105/><V47/><REACH who="2" step="1"/><F42/><REACH who="2" ten="209,229,219,333" step="2"/><W113/><G113/><T124/><D124/><U32/><E98/><V133/><F133/><W29/><REACH who="3" step="1"/><G53/><REACH who="3" ten="209,229,219,323" step="2"/><T41/><D97/><U89/><E96/><V60/><F60/><W110/><G110/><T26/><D101/><U39/><E55/><V102/><F102/><W31/><G31/><T46/><D26/><U99/><E28/><V6/><F6/><W78/><G78/><AGARI ba="0,2" hai="2,5,9,17,23,24,40,47,51,58,59,78,81,86" machi="78" ten="30,7700,0" yaku="1,1,7,1,52,1,53,1" doraHai="19" doraHaiUra="44" who="2" fromWho="3" sc="209,0,229,0,219,97,323,-77" /><INIT seed="2,0,0,0,2,19" ten="209,229,316,246" oya="2" hai0="60,110,32,124,98,82,117,24,77,36,7,1,132" hai1="103,116,18,66,126,87,63,25,2,72,108,93,70" hai2="83,135,69,133,48,102,122,6,28,74,15,119,104" hai3="62,8,3,64,95,43,112,73,94,125,23,90,71"/><V128/><F119/><W16/><G73/><T67/><D117/><U44/><E116/><V100/><F122/><W109/><G109/><T54/><D110/><U20/><E108/><V47/><F69/><W107/><G107/><T41/><D132/><N who="2" m="50762" /><F128/><W10/><G125/><T27/><D124/><U123/><E126/><V115/><F115/><W105/><G105/><T45/><D32/><U31/><E123/><V38/><F38/><W81/><G112/><T134/><D134/><U92/><E72/><V59/><F59/><N who="3" m="36959" /><G3/><T39/><D54/><U26/><E2/><V51/><F28/><W86/><G43/><T55/><D55/><U78/><E44/><V127/><F127/><W4/><G71/><T114/><D98/><U76/><E103/><V49/><F47/><W101/><G4/><T130/><D39/><U65/><E66/><V88/><F104/><W46/><G46/><T89/><D130/><U111/><E111/><V91/><F74/><W121/><G121/><T42/><D42/><U97/><E87/><N who="2" m="50303" /><F91/><W58/><G58/><N who="0" m="37271" /><D89/><U129/><E129/><V14/><F6/><W11/><G101/><AGARI ba="0,0" hai="14,15,48,49,51,100,101,102" m="50303,50762" machi="101" ten="30,2900,0" yaku="20,1,54,1" doraHai="19" who="2" fromWho="3" sc="209,0,229,0,316,29,246,-29" /><INIT seed="2,1,0,1,3,27" ten="209,229,345,217" oya="2" hai0="29,33,80,100,101,130,5,58,124,26,86,88,15" hai1="9,65,87,116,32,50,44,23,63,132,19,114,48" hai2="60,72,57,106,118,99,103,128,112,43,125,105,107" hai3="62,53,42,108,24,4,61,96,47,84,64,97,6"/><V78/><F112/><W21/><G108/><T7/><D130/><U110/><E114/><V127/><F118/><W34/><G34/><T1/><D1/><U20/><E116/><V67/><F128/><W73/><G73/><T38/><D38/><U135/><E110/><V117/><F117/><W133/><G133/><N who="1" m="51274" /><E32/><V16/><F43/><W18/><G84/><T83/><D124/><N who="2" m="47690" /><F16/><W12/><G53/><T22/><D83/><AGARI ba="1,0" hai="57,60,67,72,78,83,99,103,105,106,107" m="47690" machi="83" ten="30,1500,0" yaku="18,1" doraHai="27" who="2" fromWho="0" sc="209,-18,229,0,345,18,217,0" /><INIT seed="2,2,0,2,3,118" ten="191,229,363,217" oya="2" hai0="76,93,92,30,51,67,122,40,107,126,16,31,54" hai1="56,135,11,105,96,116,128,106,108,2,15,6,79" hai2="131,65,3,28,109,84,35,66,58,94,49,20,22" hai3="124,82,110,125,42,25,103,55,61,41,114,17,72"/><V34/><F3/><W121/><G121/><T129/><D107/><U99/><E116/><V90/><F131/><W27/><G110/><T7/><D122/><U98/><E108/><V62/><F66/><W134/><G134/><T104/><D104/><U64/><E135/><V81/><F109/><W18/><G103/><T132/><D132/><U8/><E128/><V44/><F34/><W111/><G111/><T119/><D129/><U71/><E71/><V13/><F13/><W117/><G117/><T74/><D119/><U112/><E112/><V80/><F35/><W53/><G82/><N who="2" m="31849" /><F28/><N who="0" m="10794" /><D74/><U123/><E79/><V75/><F75/><W33/><G61/><T85/><D7/><U1/><E123/><V9/><F9/><W115/><G33/><T23/><D40/><AGARI ba="2,0" hai="20,22,40,44,49,58,62,65,84,90,94" m="31849" machi="40" ten="30,1500,0" yaku="8,1" doraHai="118" who="2" fromWho="0" sc="191,-21,229,0,363,21,217,0" /><INIT seed="2,3,0,2,4,42" ten="170,229,384,217" oya="2" hai0="24,102,97,67,73,37,119,20,72,91,10,88,41" hai1="52,99,112,109,29,83,101,74,66,90,33,26,85" hai2="19,59,77,95,120,107,1,98,21,2,68,70,93" hai3="92,63,127,50,118,43,17,105,44,6,126,27,131"/><V58/><F120/><W132/><G118/><T69/><D119/><U123/><E112/><V3/><F77/><W8/><G105/><T18/><D69/><U23/><E123/><V79/><F79/><W16/><G131/><T9/><D67/><U87/><E109/><V134/><F134/><W40/><G132/><T89/><D73/><U94/><E66/><V110/><F110/><W82/><G82/><T100/><D72/><U4/><E4/><V114/><F114/><W56/><G40/><T128/><D128/><U36/><E36/><V51/><F107/><W55/><G92/><T34/><D34/><U76/><E33/><V75/><F75/><W30/><G127/><T39/><D102/><U64/><E64/><V45/><F93/><W81/><G81/><T22/><D22/><U62/><REACH who="1" step="1"/><E101/><REACH who="1" ten="170,219,384,217" step="2"/><N who="2" m="60639" /><F70/><W117/><G117/><T124/><D124/><U103/><E103/><V65/><F68/><W47/><G126/><T106/><REACH who="0" step="1"/><D37/><REACH who="0" ten="160,219,384,217" step="2"/><U12/><E12/><V78/><F65/><W125/><G125/><T113/><D113/><U5/><E5/><V15/><F15/><W13/><G6/><T121/><D121/><U130/><E130/><V31/><F3/><W35/><G13/><T135/><D135/><U133/><E133/><V116/><F2/><W61/><G35/><T54/><D54/><U115/><E115/><V104/><F1/><W122/><G122/><T129/><D129/><U38/><E38/><V86/><F116/><W60/><G55/><T48/><D48/><U0/><E0/><V80/><F51/><N who="3" m="27039" /><G63/><T49/><D49/><U108/><E108/><RYUUKYOKU ba="3,2" sc="160,15,219,15,384,-15,217,-15" hai0="9,10,18,20,24,39,41,88,89,91,97,100,106" hai1="23,26,29,52,62,74,76,83,85,87,90,94,99" /><INIT seed="3,4,2,1,4,98" ten="175,234,369,202" oya="3" hai0="35,108,19,61,0,41,71,134,63,113,73,42,20" hai1="69,4,82,114,118,76,57,133,44,121,122,117,126" hai2="43,33,75,14,78,7,106,59,52,94,1,27,119" hai3="93,132,17,107,50,37,2,125,30,12,131,112,31"/><W99/><G112/><T102/><D73/><U74/><E126/><V92/><F106/><W97/><G37/><T130/><D35/><U34/><E133/><V24/><F1/><W79/><G2/><T68/><D0/><U85/><E114/><V29/><F27/><W80/><G125/><T109/><D113/><U96/><E69/><N who="0" m="26697" /><D102/><U91/><E34/><V103/><F43/><N who="0" m="16394" /><D134/><U104/><E4/><V53/><F75/><W116/><G116/><N who="1" m="44650" /><E44/><V87/><F103/><W115/><G115/><T86/><D86/><U28/><E57/><V60/><F87/><N who="3" m="48543" /><G132/><T6/><D6/><U13/><E13/><V56/><F14/><W54/><G99/><T111/><D130/><U45/><E45/><V105/><F7/><W127/><G107/><T46/><D46/><U70/><E70/><V47/><F105/><W16/><G131/><T18/><D18/><U72/><E28/><N who="3" m="10794" /><G127/><T3/><D3/><U101/><E72/><V22/><F33/><W100/><G12/><AGARI ba="4,2" hai="12,19,20,61,63,108,109,111" m="16394,26697" machi="12" ten="40,1300,0" yaku="14,1" doraHai="98" who="0" fromWho="3" sc="175,45,234,0,369,0,202,-25" owari="220,-18.0,234,3.4,369,46.9,177,-32.3" /></mjloggm>