<mjloggm ver="2.3"><GO type="225" lobby="0"/><UN n0="%E6%97%A5%E6%9B%9C%E6%97%A5%E3%82%88%E3%82%8A%E3%81%AE%E4%BD%BF%E8%80%85" n1="%E4%B8%AD%E5%B9%B4%E3%81%AE%E5%8D%B1%E6%A9%9F" n2="%E6%A1%9C%E8%8A%B1%E9%96%83%E3%80%85" n3="%65%6B%61%72%75%74%65" dan="18,17,18,16" rate="2160.45,2215.46,2196.58,2141.49" sx="M,M,M,M"/><TAIKYOKU oya="0"/><INIT seed="0,0,0,0,4,57" ten="250,250,250,250" oya="0" hai0="48,17,10,11,41,87,84,24,78,59,39,98,75" hai1="83,4,69,82,64,112,27,60,52,97,32,120,70" hai2="133,125,15,51,108,73,68,119,3,56,21,77,33" hai3="0,8,79,131,91,100,72,35,89,81,14,85,66"/><T12/><D39/><U5/><E120/><V86/><F73/><W54/><G35/><T80/><D98/><U49/><E69/><V130/><F68/><W20/><G131/><T106/><D106/><U90/><E112/><V115/><F3/><W9/><G100/><T29/><D10/><U18/><E83/><V22/><F33/><W44/><G66/><T36/><D36/><U47/><E18/><V127/><F108/><W37/><G0/><T117/><D117/><U42/><E42/><V113/><F133/><W16/><G89/><T128/><D128/><U132/><E132/><V1/><F1/><W53/><G54/><T45/><REACH who="0" step="1"/><D59/><REACH who="0" ten="240,250,250,250" step="2"/><U102/><E82/><V105/><F105/><W43/><REACH who="3" step="1"/><G53/><REACH who="3" ten="240,250,250,240" step="2"/><T134/><D134/><U107/><E90/><V50/><F130/><W76/><G76/><T122/><D122/><U19/><E19/><V135/><F135/><W58/><G58/><T26/><D26/><U62/><REACH who="1" step="1"/><E60/><REACH who="1" ten="240,240,250,240" step="2"/><V94/><F115/><W74/><G74/><T126/><D126/><U46/><E46/><V104/><F113/><W129/><G129/><T92/><D92/><AGARI ba="0,3" hai="8,9,14,16,20,37,43,44,72,79,81,85,91,92" machi="92" ten="30,3900,0" yaku="1,1,7,1,54,1,53,0" doraHai="57" doraHaiUra="110" who="3" fromWho="0" sc="240,-39,240,0,250,0,240,69" /><INIT seed="1,0,0,5,5,117" ten="201,240,250,309" oya="1" hai0="9,84,41,81,131,130,60,1,97,95,68,14,70" hai1="25,31,107,98,8,71,106,52,39,122,29,13,36" hai2="128,53,114,45,129,121,27,32,37,100,55,7,115" hai3="120,108,5,90,57,119,91,3,44,0,133,127,66"/><U92/><E122/><V15/><F100/><W35/><G35/><T33/><D33/><U10/><E71/><V43/><F7/><W18/><G119/><T21/><D21/><U93/><E98/><V59/><F15/><W54/><G120/><T72/><D72/><U96/><E96/><V124/><F121/><W132/><G108/><T118/><D1/><U17/><E13/><V34/><F34/><W12/><G127/><T58/><D41/><U135/><E135/><N who="3" m="51786" /><G44/><T61/><D70/><U99/><E99/><V22/><F32/><W23/><G66/><T2/><D68/><U74/><E74/><V28/><F124/><W86/><G5/><T6/><D2/><N who="3" m="553" /><G86/><T69/><D69/><U19/><REACH who="1" step="1"/><E52/><REACH who="1" ten="201,230,250,309" step="2"/><N who="2" m="20043" /><F59/><W49/><AGARI ba="0,1" hai="12,18,23,49,54,57,90,91" m="553,51786" machi="49" ten="30,1100,0" yaku="20,1" doraHai="117" who="3" fromWho="3" sc="201,-3,230,-5,250,-3,309,21" /><INIT seed="2,0,0,4,2,127" ten="198,225,247,330" oya="2" hai0="44,31,63,27,101,67,42,107,8,60,85,7,65" hai1="87,113,77,124,52,93,47,43,82,102,3,69,80" hai2="39,79,75,70,34,37,28,99,92,125,58,24,91" hai3="13,71,45,100,86,114,108,16,110,19,105,106,104"/><V25/><F70/><W96/><G71/><T2/><D85/><U29/><E3/><V121/><F121/><W88/><G114/><T41/><D101/><U14/><E69/><V23/><F125/><W130/><G130/><T109/><D107/><N who="3" m="41033" /><G45/><T134/><D109/><N who="3" m="42089" /><G13/><T74/><D74/><U15/><E113/><V20/><F34/><W122/><G122/><T26/><D134/><U89/><E29/><V51/><F79/><W59/><G59/><T126/><D126/><U123/><E123/><V76/><F76/><W97/><G97/><T115/><D115/><U4/><E124/><V36/><F75/><W111/><N who="3" m="42097" /><W35/><DORA hai="117" /><G35/><T68/><D44/><U61/><E43/><V55/><REACH who="2" step="1"/><F39/><REACH who="2" ten="198,225,237,330" step="2"/><W30/><G30/><AGARI ba="0,1" hai="20,23,24,25,28,30,36,37,51,55,58,91,92,99" machi="30" ten="30,11600,0" yaku="1,1,2,1,7,1,9,1,53,0" doraHai="127,117" doraHaiUra="56,81" who="2" fromWho="3" sc="198,0,225,0,237,126,330,-116" /><INIT seed="2,1,0,5,4,44" ten="198,225,363,214" oya="2" hai0="5,128,29,92,94,66,6,49,34,15,78,121,98" hai1="46,129,70,118,8,123,19,105,82,61,0,96,79" hai2="52,101,16,27,45,68,43,60,75,85,59,22,62" hai3="126,63,93,114,56,106,38,2,104,11,130,42,97"/><V131/><F75/><W102/><G126/><T71/><D121/><U124/><E19/><V74/><F74/><W111/><G111/><T50/><D34/><U26/><E118/><V135/><F135/><W21/><G130/><T80/><D71/><U30/><E129/><V18/><F131/><W57/><G114/><T116/><D128/><U7/><E124/><V77/><F101/><W20/><G38/><T125/><D125/><U91/><E91/><V37/><F68/><W84/><G42/><T41/><D116/><U83/><E123/><V103/><F103/><W108/><G57/><T134/><D134/><U89/><E89/><V87/><F77/><W73/><G73/><T110/><D110/><U33/><E79/><V3/><F3/><W133/><G133/><T36/><D36/><U47/><E83/><V100/><F100/><W17/><G108/><T127/><D127/><U112/><E82/><V9/><REACH who="2" step="1"/><F62/><REACH who="2" ten="198,225,353,214" step="2"/><W55/><G63/><T95/><D78/><U13/><E112/><V65/><F65/><W1/><G1/><T32/><D66/><N who="1" m="41295" /><E0/><V25/><F25/><W86/><G2/><T122/><D122/><U24/><E24/><V115/><F115/><W107/><G104/><T113/><D113/><U53/><E105/><V51/><F51/><N who="3" m="30847" /><G106/><T99/><D50/><U76/><E76/><V72/><F72/><W67/><G67/><T23/><D49/><N who="1" m="28855" /><E47/><V40/><F40/><W54/><G107/><T109/><D41/><U58/><E58/><V4/><F4/><W88/><G102/><T39/><D109/><U10/><E26/><V12/><AGARI ba="1,1" hai="9,12,16,18,22,27,37,43,45,52,59,60,85,87" machi="12" ten="30,18000,2" yaku="1,1,5,1,0,1,54,2,53,2" doraHai="44" doraHaiUra="81" who="2" fromWho="2" sc="198,-61,225,-61,353,193,214,-61" /><INIT seed="2,2,0,2,2,73" ten="137,164,546,153" oya="2" hai0="114,93,125,35,57,30,78,123,22,8,91,101,20" hai1="44,0,111,127,49,112,46,1,47,103,129,54,31" hai2="106,76,77,133,60,24,86,102,87,65,110,119,29" hai3="58,63,132,10,135,6,43,115,9,71,88,26,96"/><V62/><F119/><W69/><G115/><T118/><D114/><U126/><E112/><V68/><F133/><N who="3" m="51275" /><G43/><T74/><D123/><U116/><E116/><V117/><F117/><W59/><G26/><T99/><D118/><U36/><E36/><V109/><F62/><W39/><G39/><T17/><D125/><N who="1" m="47627" /><E111/><N who="2" m="42507" /><F102/><W107/><G107/><T82/><D35/><U70/><E70/><N who="3" m="26634" /><G6/><T21/><D57/><N who="3" m="21513" /><G63/><T97/><D30/><U37/><E37/><V108/><F106/><W23/><G23/><T66/><D66/><U64/><E64/><V104/><F104/><W12/><G12/><T19/><REACH who="0" step="1"/><D8/><REACH who="0" ten="127,164,546,153" step="2"/><U27/><E47/><V42/><F108/><W124/><G124/><T55/><D55/><U131/><E46/><V2/><F42/><W120/><G120/><T89/><D89/><U41/><E41/><V7/><F29/><W3/><G3/><N who="1" m="1098" /><E103/><V67/><F67/><W72/><G72/><T51/><D51/><U11/><E11/><V38/><F38/><W5/><G5/><T45/><D45/><U80/><E44/><V79/><F7/><W15/><G10/><T100/><D100/><U84/><E49/><V130/><F2/><W13/><G9/><T34/><D34/><N who="1" m="20863" /><E54/><V81/><F65/><W14/><G88/><AGARI ba="2,1" hai="80,84,88,129,131" m="20863,1098,47627" machi="88" ten="30,2000,0" yaku="18,1,54,1" doraHai="73" who="1" fromWho="3" sc="127,0,164,36,546,0,153,-26" /><INIT seed="3,0,0,2,0,111" ten="127,200,546,127" oya="3" hai0="127,83,68,75,53,82,72,24,51,35,105,80,114" hai1="56,110,45,85,57,96,33,87,120,2,118,76,12" hai2="104,130,43,62,113,32,67,134,126,34,30,26,101" hai3="8,31,11,60,108,40,77,36,100,131,112,27,107"/><W28/><G108/><T50/><D68/><U129/><E2/><V20/><F113/><W61/><G112/><T22/><D35/><U38/><E120/><V0/><F0/><W95/><G131/><T1/><D1/><U119/><E33/><V66/><F66/><W123/><G123/><T86/><D105/><U115/><E115/><V132/><F43/><W23/><G107/><T5/><D5/><U44/><E129/><V49/><F49/><N who="0" m="18442" /><D75/><U73/><E73/><V70/><F126/><W19/><G77/><N who="0" m="46351" /><D72/><U6/><E110/><V47/><F47/><N who="1" m="17993" /><E38/><V18/><F130/><W94/><G36/><T88/><D114/><U39/><E39/><V124/><F124/><W71/><G71/><T116/><D116/><U81/><E87/><V125/><F125/><W29/><G40/><T41/><D41/><U84/><E84/><V91/><F91/><W99/><REACH who="3" step="1"/><G94/><REACH who="3" ten="127,200,546,117" step="2"/><T13/><D127/><U79/><E79/><V17/><F104/><W106/><G106/><T21/><D88/><U133/><E119/><V48/><F70/><W15/><G15/><T89/><D89/><U121/><E118/><V103/><F103/><W64/><G64/><T109/><D109/><U42/><E121/><V4/><F101/><W52/><G52/><T122/><D122/><U93/><E42/><V90/><F90/><W25/><G25/><T128/><D128/><U37/><E37/><V135/><F26/><W63/><AGARI ba="0,1" hai="8,11,19,23,27,28,29,31,60,61,63,95,99,100" machi="63" ten="30,6000,0" yaku="1,1,0,1,8,1,53,0" doraHai="111" doraHaiUra="55" who="3" fromWho="3" sc="127,-20,200,-20,546,-20,117,70" /><INIT seed="3,1,0,0,4,15" ten="107,180,526,187" oya="3" hai0="114,109,31,62,90,120,14,121,19,56,115,58,80" hai1="43,37,55,39,60,83,46,44,67,40,8,9,87" hai2="130,53,70,26,32,111,117,4,10,13,105,104,3" hai3="47,75,72,107,52,42,102,6,36,69,97,68,126"/><W41/><G126/><T0/><D0/><U133/><E55/><V17/><F117/><W65/><G42/><T64/><D109/><U50/><E50/><V95/><F111/><W34/><G6/><T22/><D31/><U123/><E123/><V11/><F70/><W66/><G34/><T74/><D58/><U18/><E18/><V30/><F130/><W103/><G103/><T113/><REACH who="0" step="1"/><D90/><REACH who="0" ten="97,180,526,187" step="2"/><U2/><E2/><V82/><F95/><N who="3" m="58687" /><G69/><T1/><D1/><U91/><E133/><V27/><F53/><W94/><G68/><AGARI ba="1,1" hai="8,9,37,39,40,43,44,46,60,67,68,83,87,91" machi="68" ten="30,2000,0" yaku="7,1,9,1" doraHai="15" who="1" fromWho="3" sc="97,0,180,33,526,0,187,-23" owari="97,-40.3,213,1.3,526,62.6,164,-23.6" /></mjloggm>