<mjloggm ver="2.3"><GO type="225" lobby="0"/><UN n0="%E5%8D%A0%E3%81%84%E5%B8%AB%E8%A3%8F%E3%81%AA%E3%81%84%E3%81%97" n1="%E3%82%BC%E3%83%AB%E3%83%80%E3%81%AE%E4%BC%9D%E8%AA%AC" n2="%E8%A8%88%E7%AE%97%E6%A9%9F%E8%87%AA%E7%84%B6" n3="%E5%AE%AE%E4%BF%9D%E9%B6%8F%E8%82%89" dan="17,17,17,16" rate="2206.07,2170.99,2172.77,2076.55" sx="M,M,M,M"/><TAIKYOKU oya="0"/><INIT seed="0,0,0,1,1,93" ten="250,250,250,250" oya="0" hai0="97,89,69,107,100,36,16,82,57,11,2,129,90" hai1="96,131,124,8,108,87,42,81,113,44,112,49,41" hai2="70,75,125,38,104,26,47,65,19,13,50,76,35" hai3="114,15,24,22,116,55,27,56,122,46,4,52,64"/><T51/><D69/><U98/><E108/><V84/><F75/><W105/><G114/><N who="1" m="44138" /><E124/><V48/><F104/><W91/><G105/><T29/><D36/><U102/><E131/><V32/><F38/><W68/><G116/><T9/><D129/><U3/><E102/><V80/><F125/><W95/><G122/><T101/><D29/><U12/><E42/><V60/><F26/><W103/><G68/><T17/><D2/><U123/><E3/><V53/><REACH who="2" step="1"/><F48/><REACH who="2" ten="250,250,240,250" step="2"/><N who="3" m="28695" /><G24/><T66/><D51/><U61/><E123/><V92/><F92/><W77/><G27/><T1/><D107/><U118/><E118/><V45/><F45/><W132/><G95/><N who="0" m="56559" /><D1/><U59/><E61/><V67/><F67/><W119/><G64/><T130/><D130/><U111/><E111/><V63/><F63/><W121/><G119/><T115/><D115/><U79/><E59/><V117/><F117/><W5/><G121/><T99/><D57/><U40/><E40/><V25/><F25/><W54/><G56/><T18/><D66/><U58/><E58/><V10/><AGARI ba="0,1" hai="10,13,19,32,35,47,50,53,60,65,70,76,80,84" machi="10" ten="20,2700,0" yaku="1,1,0,1,7,1,53,0" doraHai="93" doraHaiUra="134" who="2" fromWho="2" sc="250,-13,250,-7,240,37,250,-7" /><INIT seed="1,0,0,4,4,62" ten="237,243,277,243" oya="1" hai0="105,128,31,64,24,76,91,41,106,27,71,26,50" hai1="116,25,42,130,9,123,35,1,96,10,17,129,29" hai2="70,19,121,66,12,73,49,125,3,2,63,95,103" hai3="109,92,56,38,44,104,111,108,68,118,46,132,110"/><U58/><E42/><V120/><F73/><W117/><N who="3" m="27648" /><DORA hai="13" /><W122/><G104/><T54/><D128/><N who="1" m="49259" /><E96/><V126/><F49/><W119/><G68/><T82/><D41/><U55/><E116/><V89/><F103/><W21/><G132/><T85/><D31/><U40/><E40/><V78/><F78/><W83/><G38/><T101/><D101/><U0/><E123/><V36/><F36/><W113/><G92/><T7/><D7/><U45/><E45/><N who="3" m="17514" /><G83/><T74/><D50/><N who="1" m="31095" /><E17/><V61/><F121/><W30/><G122/><T11/><D54/><U99/><E99/><N who="2" m="57839" /><F120/><W8/><G56/><T60/><REACH who="0" step="1"/><D11/><AGARI ba="0,0" hai="0,1,9,10,11,25,29,35" m="31095,49259" machi="11" ten="30,1500,0" yaku="19,1" doraHai="62,13" who="1" fromWho="0" sc="237,-15,243,15,277,0,243,0" /><INIT seed="1,1,0,1,1,129" ten="222,258,277,243" oya="1" hai0="65,79,104,113,55,99,52,128,89,101,21,132,80" hai1="50,19,86,59,58,40,122,75,102,124,100,123,35" hai2="110,26,121,18,131,95,10,51,62,32,117,127,13" hai3="111,78,48,1,12,43,15,109,69,41,64,37,42"/><U0/><E75/><V29/><F117/><W82/><G1/><T9/><D113/><U96/><E0/><V36/><F36/><W22/><G37/><T11/><D128/><U116/><E35/><V14/><F131/><W28/><G69/><T5/><D65/><U6/><E6/><V74/><F74/><W38/><G38/><T83/><D21/><U44/><E116/><V25/><F121/><W68/><G68/><T126/><D126/><U61/><E124/><V72/><F72/><W92/><G64/><T49/><D132/><U23/><E86/><V73/><F73/><N who="3" m="43343" /><G48/><T70/><D70/><U108/><E108/><N who="3" m="41546" /><G92/><T135/><D135/><U119/><E119/><V93/><F51/><W84/><G84/><T24/><D79/><U107/><E102/><V115/><F62/><W20/><G28/><T97/><D24/><U85/><E85/><V134/><F25/><W106/><G106/><T53/><D49/><U133/><E133/><V67/><F134/><W98/><G98/><T34/><D34/><U46/><E46/><V56/><F110/><W76/><G76/><T57/><D57/><U27/><REACH who="1" step="1"/><E59/><REACH who="1" ten="222,248,277,243" step="2"/><V63/><F127/><W87/><G87/><T17/><D83/><U105/><E105/><V3/><F3/><W7/><G7/><T91/><D80/><U31/><E31/><V54/><F29/><W77/><G77/><T112/><D97/><U71/><E71/><V66/><F32/><W81/><G81/><T33/><D33/><U88/><E88/><V120/><F56/><W4/><G4/><T94/><D91/><U125/><E125/><RYUUKYOKU ba="1,1" sc="222,-15,248,15,277,-15,243,15" hai1="19,23,27,40,44,50,58,61,96,100,107,122,123" hai3="12,15,20,22,41,42,43" /><INIT seed="1,2,1,2,1,20" ten="207,263,262,258" oya="1" hai0="51,60,9,64,131,121,52,115,106,82,0,29,87" hai1="41,55,135,35,97,23,83,49,36,73,43,62,89" hai2="114,134,63,4,84,57,27,88,45,13,129,117,130" hai3="39,58,33,72,12,76,77,16,118,53,18,113,124"/><U66/><E35/><V105/><F117/><W22/><G113/><T112/><D106/><U128/><E135/><V81/><F105/><W123/><G33/><T103/><D103/><U17/><E36/><V2/><F2/><W54/><G39/><T47/><D131/><N who="2" m="50186" /><F134/><W110/><G110/><T34/><D34/><U48/><BYE who="0" /><E128/><V42/><F114/><W132/><G123/><T8/><D8/><U37/><E37/><N who="2" m="21711" /><F13/><UN n0="%E5%8D%A0%E3%81%84%E5%B8%AB%E8%A3%8F%E3%81%AA%E3%81%84%E3%81%97" /><W122/><G124/><T31/><D121/><U127/><E127/><V99/><F99/><W32/><G122/><T1/><D115/><U94/><E73/><V93/><F4/><W86/><G72/><T104/><D104/><U85/><E43/><V133/><F133/><W91/><G132/><T119/><D119/><U98/><E41/><V107/><F107/><W95/><G118/><T61/><D112/><U108/><E108/><V21/><F93/><W26/><G32/><T44/><D44/><U28/><E98/><V3/><F3/><W125/><G125/><T24/><D9/><U116/><E116/><V65/><F21/><N who="3" m="13607" /><G54/><T30/><D24/><AGARI ba="2,1" hai="24,27,57,63,65,81,84,88" m="21711,50186" machi="24" ten="30,7700,0" yaku="19,1,52,2,54,1" doraHai="20" who="2" fromWho="0" sc="207,-83,263,0,262,93,258,0" /><INIT seed="2,0,0,3,2,65" ten="124,263,355,258" oya="2" hai0="58,16,114,95,119,74,126,35,47,77,118,63,103" hai1="41,76,87,112,96,0,78,28,135,117,17,125,54" hai2="111,123,109,8,25,45,81,32,12,55,134,52,106" hai3="50,29,11,33,42,68,85,66,4,132,26,72,104"/><V31/><F123/><W121/><G121/><T34/><D114/><U5/><E112/><V110/><F106/><W88/><G72/><T60/><D126/><U30/><E117/><V130/><F130/><W64/><G104/><T39/><D77/><U71/><E125/><V27/><F134/><W15/><G132/><T53/><D74/><U3/><E54/><V57/><F27/><W79/><G79/><T6/><D6/><U67/><E17/><N who="2" m="8327" /><F45/><W105/><G105/><T40/><D60/><U1/><E5/><V9/><F9/><W108/><G108/><T62/><D63/><U7/><E7/><V70/><F70/><W24/><G68/><T133/><D133/><U89/><E41/><V131/><F131/><W10/><G10/><T21/><D95/><U59/><E71/><V75/><F57/><W36/><G36/><T128/><D103/><U113/><E113/><V86/><F75/><W37/><G37/><T23/><D23/><U115/><E115/><V22/><F32/><W46/><REACH who="3" step="1"/><G26/><REACH who="3" ten="124,263,355,248" step="2"/><T48/><D39/><U2/><E135/><V107/><F107/><W13/><G13/><N who="0" m="9359" /><D128/><U129/><E129/><V127/><F127/><W51/><G51/><T97/><D97/><U90/><E0/><V19/><F19/><W20/><G20/><T38/><D38/><U120/><E120/><V116/><F116/><AGARI ba="0,1" hai="34,35,40,47,48,53,58,62,116,118,119" m="9359" machi="116" ten="30,2000,0" yaku="12,1,54,1" doraHai="65" who="0" fromWho="2" sc="124,30,263,0,355,-20,248,0" /><INIT seed="3,0,0,2,1,80" ten="154,263,335,248" oya="3" hai0="18,46,23,134,35,65,111,12,36,97,82,30,131" hai1="133,5,118,121,70,54,95,87,24,8,110,81,27" hai2="11,91,90,6,98,16,41,15,102,73,106,113,79" hai3="128,3,112,92,115,25,19,47,89,119,10,132,32"/><W96/><G119/><T127/><D111/><U2/><E70/><V72/><F113/><W135/><G128/><T66/><D131/><U68/><E68/><V130/><F130/><W22/><G32/><T116/><D116/><U129/><E129/><V101/><F41/><W75/><G75/><T109/><D109/><U57/><E121/><V86/><F102/><W38/><G38/><T71/><D134/><N who="3" m="51241" /><G47/><T26/><D127/><U77/><E118/><V114/><F114/><W39/><G39/><T49/><D36/><U44/><E110/><V99/><F79/><W1/><G1/><T125/><D71/><U43/><E95/><V29/><F29/><W60/><G60/><T33/><D33/><U67/><E67/><V84/><F99/><W0/><G0/><T76/><D97/><U63/><E133/><V59/><F59/><W42/><G42/><T17/><D125/><U85/><E85/><V40/><F40/><W58/><G58/><T62/><D62/><U31/><E31/><V83/><F6/><AGARI ba="0,0" hai="3,6,10,19,22,25,89,92,96,112,115" m="51241" machi="6" ten="30,1500,0" yaku="20,1" doraHai="80" who="3" fromWho="2" sc="154,0,263,0,335,-15,248,15" /><INIT seed="3,1,0,2,2,19" ten="154,263,320,263" oya="3" hai0="26,77,85,34,99,58,44,94,119,13,23,38,104" hai1="97,121,4,55,46,54,113,0,79,106,89,16,33" hai2="74,103,70,90,68,93,8,60,45,129,20,84,82" hai3="9,76,132,40,112,115,125,80,63,12,29,108,64"/><W42/><G132/><T59/><D104/><U91/><E33/><V37/><F129/><W120/><G120/><T25/><D119/><U11/><E113/><V43/><F20/><W101/><G125/><T131/><D131/><U100/><E121/><V49/><F60/><W47/><G29/><T134/><D134/><U102/><E79/><N who="2" m="44407" /><F49/><W24/><G24/><T73/><D73/><U50/><E100/><V118/><F118/><W87/><G101/><T83/><D38/><U7/><E7/><V56/><F56/><W126/><G126/><T28/><D44/><U98/><E98/><V124/><F124/><W96/><G96/><T123/><D13/><U130/><E130/><V39/><F39/><W3/><G108/><T66/><D66/><U111/><E111/><V15/><F15/><W75/><G75/><T21/><D34/><U127/><E127/><V116/><F116/><W62/><G3/><T114/><D114/><U41/><E16/><V1/><F103/><W88/><G76/><T81/><D81/><U122/><E122/><V95/><F95/><W22/><G22/><N who="0" m="8203" /><D123/><U133/><E133/><V14/><F14/><W86/><G64/><T53/><D28/><U17/><E17/><V32/><F32/><W65/><G65/><T5/><D5/><AGARI ba="1,0" hai="1,5,8,37,43,45,68,70,84,90,93" m="44407" machi="5" ten="30,1000,0" yaku="25,1" doraHai="19" who="2" fromWho="0" sc="154,-13,263,0,320,13,263,0" owari="141,-35.9,263,6.3,333,43.3,263,-13.7" /></mjloggm>