<mjloggm ver="2.3"><GO type="225" lobby="0"/><UN n0="%E6%B5%81%E3%82%8C%EF%BC%9F%53%4F%41" n1="%E3%82%A2%E3%82%A4%E3%82%B9%E3%83%86%E3%82%A3%E3%83%BC%E3%81%82%E3%81%B9" n2="%E6%B4%BE%E9%81%A3%E3%81%AE%E3%82%B8%E3%83%A3%E3%83%83%E3%82%AF" n3="%E6%AB%BB%E4%BA%95%E5%A5%8F" dan="16,16,17,17" rate="2110.95,2114.89,2173.14,2221.25" sx="M,M,M,M"/><TAIKYOKU oya="0"/><INIT seed="0,0,0,1,2,135" ten="250,250,250,250" oya="0" hai0="105,61,73,95,127,108,125,3,122,68,111,24,17" hai1="104,121,32,62,115,75,60,90,56,44,23,35,89" hai2="99,107,7,39,70,91,11,31,12,134,74,103,128" hai3="100,66,119,110,118,98,18,50,131,25,47,106,58"/><T1/><D105/><U33/><E121/><V9/><F39/><W116/><G110/><N who="0" m="42027" /><D122/><U45/><E115/><V96/><F70/><W130/><G58/><T69/><D73/><U94/><E104/><V88/><F74/><W27/><G66/><N who="0" m="41039" /><D69/><U71/><E75/><V82/><F134/><W26/><REACH who="3" step="1"/><G18/><REACH who="3" ten="250,250,250,240" step="2"/><T123/><D123/><U84/><E71/><V86/><F128/><W112/><G112/><T126/><D95/><U4/><E56/><V16/><F31/><W80/><G80/><T48/><D48/><U14/><E62/><V53/><F107/><W49/><G49/><T109/><D109/><U59/><E59/><V113/><F113/><W97/><G97/><T21/><AGARI ba="0,1" hai="1,3,17,21,24,125,126,127" m="41039,42027" machi="21" ten="40,18000,2" yaku="18,1,14,1,10,1,52,3" doraHai="135" who="0" fromWho="0" sc="250,190,250,-60,250,-60,240,-60" /><INIT seed="0,1,0,1,3,120" ten="440,190,190,180" oya="0" hai0="73,46,45,88,66,13,111,89,128,119,47,91,32" hai1="127,81,70,10,131,49,98,5,7,33,123,101,0" hai2="56,130,59,78,28,29,87,104,105,65,99,38,61" hai3="86,125,3,90,15,124,97,27,39,106,55,36,57"/><T60/><D119/><U114/><E123/><V129/><F38/><W93/><G3/><T40/><D32/><U80/><E114/><V72/><F72/><W100/><G27/><T35/><D35/><U44/><E127/><N who="3" m="48714" /><G15/><T94/><D128/><N who="2" m="49258" /><F59/><W92/><G106/><N who="2" m="41065" /><F99/><W37/><G37/><T8/><D73/><U109/><E109/><V21/><F21/><W115/><G115/><T24/><D111/><U53/><E33/><V12/><F12/><W16/><G16/><T43/><D94/><U30/><E30/><V25/><F25/><W64/><G64/><T112/><D24/><U17/><E70/><V71/><F71/><W20/><G20/><T75/><D75/><U4/><E131/><V69/><F69/><W50/><AGARI ba="1,0" hai="36,39,50,55,57,86,90,92,93,97,100" m="48714" machi="50" ten="30,1100,0" yaku="18,1" doraHai="120" who="3" fromWho="3" sc="440,-6,190,-4,190,-4,180,14" /><INIT seed="1,0,0,5,4,74" ten="434,186,186,194" oya="1" hai0="32,71,76,109,94,125,105,83,63,0,18,70,124" hai1="117,68,55,95,17,119,80,90,29,133,13,61,23" hai2="4,6,16,14,51,64,45,112,78,44,86,88,108" hai3="102,47,33,82,85,134,87,122,104,81,120,30,58"/><U39/><E133/><V24/><F108/><W9/><G134/><T93/><D105/><U26/><E39/><V91/><F64/><W22/><G33/><T75/><D32/><U19/><E80/><N who="2" m="47383" /><F112/><W12/><G102/><T111/><D0/><U114/><E19/><V62/><F62/><W36/><G104/><T42/><D42/><U8/><E114/><V128/><F128/><W126/><G126/><N who="0" m="48747" /><D18/><U2/><E2/><V69/><F69/><N who="0" m="26122" /><D63/><U57/><REACH who="1" step="1"/><E68/><REACH who="1" ten="434,176,186,194" step="2"/><V67/><F67/><W106/><G36/><T115/><D115/><U49/><E49/><V130/><F130/><W15/><G81/><T131/><D131/><U118/><E118/><V31/><F51/><W41/><G82/><T98/><D94/><U97/><AGARI ba="0,1" hai="8,13,17,23,26,29,55,57,61,90,95,97,117,119" machi="97" ten="20,7800,0" yaku="1,1,0,1,7,1,53,1" doraHai="74" doraHaiUra="84" who="1" fromWho="1" sc="434,-26,176,88,186,-26,194,-26" /><INIT seed="1,1,0,4,3,87" ten="408,264,160,168" oya="1" hai0="59,120,64,8,99,54,7,27,113,29,39,11,91" hai1="33,102,135,71,36,88,119,90,117,98,2,105,15" hai2="75,9,127,3,68,67,12,14,118,97,83,0,79" hai3="26,122,44,45,41,101,73,133,134,89,53,6,28"/><U76/><E2/><V115/><F118/><W20/><G73/><T109/><D113/><U19/><E36/><V77/><F115/><W103/><G122/><T111/><D39/><U129/><E71/><V63/><F127/><W95/><G6/><T110/><D64/><U80/><E33/><V121/><F121/><W94/><G94/><N who="0" m="56799" /><D7/><U30/><E30/><V32/><F32/><W132/><G53/><T107/><D107/><U25/><E25/><V34/><F34/><W23/><G23/><N who="0" m="15615" /><D120/><U16/><E19/><V1/><F77/><W17/><G28/><T37/><D37/><U21/><E135/><V69/><F69/><W106/><G106/><T57/><D57/><U60/><E60/><AGARI ba="1,0" hai="8,11,54,59,60,109,110,111" m="15615,56799" machi="60" ten="30,2000,0" yaku="14,1,52,1" doraHai="87" who="0" fromWho="1" sc="408,23,264,-23,160,0,168,0" /><INIT seed="2,0,0,5,0,100" ten="431,241,160,168" oya="2" hai0="83,81,73,90,66,82,35,11,135,132,88,29,13" hai1="30,20,26,70,63,33,87,25,9,111,23,40,72" hai2="110,53,21,44,89,116,61,93,49,14,109,45,86" hai3="85,10,92,95,19,36,107,64,127,18,102,126,71"/><V28/><F116/><W47/><G64/><T51/><D73/><U99/><E72/><V108/><F61/><W103/><G71/><T118/><D118/><U96/><E111/><V58/><REACH who="2" step="1"/><F28/><REACH who="2" ten="431,241,150,168" step="2"/><W101/><G126/><T121/><D29/><U2/><E63/><V22/><F22/><W130/><G127/><T4/><D121/><U119/><E23/><V59/><F59/><W98/><G130/><T133/><D35/><U128/><E20/><V42/><F42/><W34/><G34/><T124/><D124/><U112/><E40/><V94/><F94/><W5/><G95/><T68/><D68/><U41/><E41/><V114/><F114/><W46/><G92/><T37/><D37/><U3/><E30/><V80/><F80/><W32/><G36/><T56/><D66/><U123/><E33/><V122/><F122/><W105/><G32/><T60/><D60/><U113/><E70/><V8/><F8/><W65/><G65/><T120/><D120/><U57/><E9/><V129/><F129/><W0/><G105/><T78/><D78/><U97/><E123/><V17/><AGARI ba="0,1" hai="14,17,21,44,45,49,53,58,86,89,93,108,109,110" machi="17" ten="40,18000,2" yaku="1,1,0,1,25,2,14,1,10,1,53,0" doraHai="100" doraHaiUra="67" who="2" fromWho="2" sc="431,-60,241,-60,150,190,168,-60" /><INIT seed="2,1,0,4,0,38" ten="371,181,340,108" oya="2" hai0="132,22,60,1,95,29,90,111,18,45,94,127,135" hai1="101,91,75,71,123,61,70,65,0,118,112,126,104" hai2="12,98,110,97,83,2,134,56,102,80,109,21,49" hai3="28,99,88,15,27,58,133,82,125,121,106,129,31"/><V124/><F2/><W52/><G121/><T114/><D114/><U40/><E112/><V55/><F124/><W33/><G125/><T130/><D127/><U62/><E126/><V78/><F134/><N who="0" m="51242" /><D111/><N who="2" m="42506" /><F102/><W57/><G133/><T64/><D1/><U48/><E118/><V103/><F103/><W117/><G117/><T122/><D122/><U119/><E119/><V23/><F80/><W131/><G57/><N who="0" m="36879" /><D29/><U50/><E75/><N who="2" m="43487" /><F23/><W73/><G31/><T4/><D4/><U46/><E0/><V42/><F42/><W20/><G73/><T113/><D113/><U87/><E123/><V24/><F12/><W77/><G106/><T89/><D45/><U74/><E74/><V66/><F66/><W37/><G77/><T7/><D7/><U32/><E32/><V59/><F59/><W115/><G115/><T68/><D68/><U86/><E70/><V25/><F25/><W128/><G82/><T14/><D130/><U81/><E62/><V100/><F100/><W85/><G20/><T53/><D53/><U6/><E6/><V5/><F5/><W19/><G15/><T11/><D22/><U13/><E65/><V105/><F105/><W69/><G27/><T16/><D18/><AGARI ba="1,0" hai="18,21,24,49,55,56,97,98" m="43487,42506" machi="18" ten="30,2900,0" yaku="14,1,10,1" doraHai="38" who="2" fromWho="0" sc="371,-32,181,0,340,32,108,0" /><INIT seed="2,2,0,3,1,132" ten="339,181,372,108" oya="2" hai0="100,41,15,83,51,91,106,103,78,101,48,117,133" hai1="121,39,71,135,9,67,1,36,18,26,61,31,4" hai2="88,74,104,109,33,96,35,120,42,84,7,86,43" hai3="69,53,30,127,11,130,27,80,134,28,57,118,124"/><V38/><F120/><W87/><G118/><T34/><D133/><U44/><E135/><V24/><F74/><W2/><G134/><T23/><D34/><U75/><E121/><V56/><F7/><N who="3" m="1527" /><G69/><T19/><D117/><U55/><E75/><V72/><F72/><W25/><G130/><T105/><D91/><U92/><E18/><V16/><F56/><W123/><G123/><T46/><REACH who="0" step="1"/><D51/><REACH who="0" ten="329,181,372,108" step="2"/><U95/><E39/><V0/><F38/><W10/><G10/><T73/><AGARI ba="2,1" hai="15,19,23,41,46,48,73,78,83,100,101,103,105,106" machi="73" ten="30,4000,0" yaku="1,1,2,1,0,1,53,0" doraHai="132" doraHaiUra="85" who="0" fromWho="0" sc="329,56,181,-12,372,-22,108,-12" /><INIT seed="3,0,0,5,0,47" ten="385,169,350,96" oya="3" hai0="34,26,1,24,71,103,56,7,3,52,42,119,65" hai1="69,95,77,61,125,114,68,8,121,67,33,122,37" hai2="133,62,89,101,0,84,75,92,97,117,100,21,16" hai3="2,18,128,93,115,94,28,110,90,11,17,4,70"/><W85/><G115/><T6/><D119/><U25/><E114/><V124/><F0/><W107/><G107/><T131/><D42/><U57/><E37/><V102/><F117/><W108/><G70/><T58/><D71/><U82/><E125/><V46/><F75/><W29/><G128/><T112/><D112/><U104/><E104/><V36/><F133/><W91/><G28/><T48/><D34/><U27/><E8/><V14/><F124/><W63/><G29/><T99/><D3/><U129/><E129/><V76/><F62/><W109/><REACH who="3" step="1"/><G63/><REACH who="3" ten="385,169,350,86" step="2"/><N who="0" m="38135" /><D131/><U12/><E69/><V51/><F36/><W60/><G60/><T50/><D1/><U86/><E68/><V130/><F130/><W116/><G116/><T49/><D103/><U30/><E61/><V55/><F76/><W127/><G127/><T74/><D74/><U135/><E30/><V88/><F89/><W53/><G53/><N who="0" m="31783" /><D99/><AGARI ba="0,1" hai="14,16,21,46,51,55,84,88,92,97,99,100,101,102" machi="99" ten="40,8000,1" yaku="8,1,52,1,54,2" doraHai="47" who="2" fromWho="0" sc="385,-80,169,0,350,90,86,0" /><AGARI ba="0,0" hai="2,4,11,17,18,85,90,91,93,94,99,108,109,110" machi="99" ten="40,7700,0" yaku="1,1,14,1,10,1,53,0" doraHai="47" doraHaiUra="64" who="3" fromWho="0" sc="305,-77,169,0,440,0,86,77" /><INIT seed="3,1,0,1,2,68" ten="228,169,440,163" oya="3" hai0="42,23,124,121,115,32,6,54,87,97,84,33,86" hai1="134,31,102,55,103,53,90,40,122,29,0,79,99" hai2="92,81,82,129,37,95,11,46,21,78,25,45,85" hai3="67,47,26,7,30,4,83,127,76,89,70,8,114"/><W50/><G114/><T57/><D121/><U93/><E122/><V24/><F129/><W105/><G105/><T14/><D14/><U101/><E0/><V22/><F37/><W133/><G133/><T120/><D120/><U27/><E134/><V128/><F11/><W98/><G127/><T65/><D65/><U75/><E40/><V91/><F128/><W28/><G67/><T109/><D109/><U44/><E75/><V36/><F36/><W123/><G70/><T51/><D51/><N who="1" m="28903" /><E79/><V60/><F60/><W88/><G123/><T119/><D119/><U126/><E126/><V61/><F61/><W20/><G28/><N who="1" m="10826" /><E55/><V80/><F92/><W135/><G135/><T59/><D59/><U10/><E10/><V13/><F13/><N who="3" m="5255" /><G7/><T71/><D71/><U9/><E9/><V104/><F104/><W130/><G130/><T19/><D19/><U39/><E39/><V62/><F62/><W38/><G38/><T72/><D72/><U113/><E113/><V110/><F110/><W49/><G98/><T132/><D132/><U117/><E117/><V106/><F106/><W58/><G58/><T112/><D112/><U69/><E69/><V125/><F125/><W41/><G49/><T3/><D3/><U107/><E107/><V131/><F131/><W18/><G30/><T74/><D74/><U1/><E1/><V63/><F63/><W2/><G2/><T108/><D108/><U56/><E56/><V116/><F116/><W118/><G118/><T5/><D124/><U52/><E52/><V34/><F34/><W12/><G26/><AGARI ba="1,0" hai="26,27,90,93,99,101,102,103" m="10826,28903" machi="26" ten="30,1000,0" yaku="8,1" doraHai="68" who="1" fromWho="3" sc="228,0,169,13,440,0,163,-13" owari="228,2.8,182,-21.8,440,54.0,150,-35.0" /></mjloggm>