<mjloggm ver="2.3"><GO type="225" lobby="0"/><UN n0="%E3%81%86%E3%83%BC%E3%81%B1%E3%83%BC" n1="%E3%81%99%E3%81%84%E3%81%BE%E3%81%9B%E3%83%BC%E3%82%93" n2="%E7%9C%9F%E4%B8%80" n3="%E5%AF%82%E5%AF%9E%E3%82%AE%E3%83%8D%E3%82%B9%E3%83%93%E3%83%BC%E3%83%AB" dan="16,16,17,16" rate="2192.73,2141.24,2155.56,2127.22" sx="F,M,M,M"/><TAIKYOKU oya="0"/><INIT seed="0,0,0,0,2,130" ten="250,250,250,250" oya="0" hai0="57,100,122,60,98,90,28,129,51,16,73,33,49" hai1="14,39,109,50,114,67,3,95,8,10,99,94,66" hai2="56,36,42,127,30,81,64,126,102,29,88,44,1" hai3="38,70,133,77,9,46,84,87,2,6,12,13,23"/><T47/><D122/><U5/><E39/><V71/><F1/><W128/><G70/><T37/><D73/><U43/><E109/><V91/><F71/><W120/><G128/><T58/><D129/><U119/><E119/><V24/><F102/><W72/><G120/><T93/><D33/><U0/><E114/><V69/><F69/><W11/><G23/><T134/><D28/><N who="2" m="10858" /><F24/><W26/><G26/><T61/><D37/><U117/><E117/><V80/><F64/><W48/><G38/><T79/><D79/><U110/><E110/><V74/><F56/><W83/><G133/><T105/><D134/><U21/><E21/><V54/><F54/><W45/><G2/><T7/><D7/><U86/><E8/><V18/><F18/><W15/><G15/><T92/><D16/><U104/><E104/><V59/><F59/><N who="0" m="22538" /><D105/><U85/><E0/><V22/><F22/><W68/><G68/><T41/><D51/><U132/><E3/><V35/><F35/><W108/><G108/><T17/><D17/><U89/><E132/><V34/><F34/><W25/><G25/><T82/><D82/><N who="2" m="31850" /><F74/><W116/><G116/><T118/><D118/><U124/><E95/><V103/><F103/><W75/><G75/><T55/><D55/><U106/><E106/><V115/><F115/><W27/><G27/><T53/><D53/><U97/><E66/><V32/><F32/><W107/><G107/><T62/><D93/><N who="1" m="56495" /><E67/><V40/><F40/><N who="3" m="24615" /><G46/><T131/><D131/><U125/><E43/><V4/><F4/><N who="3" m="3111" /><G72/><T123/><D123/><U20/><E5/><V19/><F19/><RYUUKYOKU ba="0,0" sc="250,10,250,-30,250,10,250,10" hai0="41,47,49,60,61,62,90,92,98,100" hai2="36,42,44,88,91,126,127" hai3="6,11,13,77,83,84,87" /><INIT seed="0,1,0,0,1,118" ten="260,220,260,260" oya="0" hai0="93,42,84,14,47,121,21,81,45,89,49,71,76" hai1="5,64,134,110,113,77,37,65,117,13,120,28,44" hai2="19,114,27,8,34,52,38,9,25,6,43,96,11" hai3="50,32,15,79,115,75,17,29,54,82,86,95,59"/><T20/><D71/><U97/><E117/><V98/><F114/><W40/><G115/><T68/><D68/><U0/><E113/><V87/><F6/><W41/><G32/><T105/><D105/><U2/><E120/><V62/><F38/><W55/><G29/><T106/><D106/><U36/><E28/><V33/><F43/><W69/><G69/><T125/><D125/><U128/><E77/><V56/><F87/><W102/><G55/><T26/><D121/><U129/><E97/><V100/><F98/><N who="3" m="59743" /><G75/><T132/><D132/><U16/><E134/><V3/><F3/><N who="1" m="1065" /><E5/><V57/><F57/><W58/><G58/><T124/><D124/><U70/><E70/><V104/><REACH who="2" step="1"/><F27/><REACH who="2" ten="260,220,250,260" step="2"/><W122/><G122/><T112/><D112/><U23/><E37/><V85/><F85/><W66/><G66/><T72/><D26/><U92/><E65/><V4/><F4/><W94/><G94/><T74/><D72/><U91/><E64/><V31/><F31/><W90/><G79/><T1/><D1/><U130/><E92/><V83/><F83/><W51/><G51/><T12/><D47/><U46/><E46/><V123/><F123/><W109/><G109/><T101/><D101/><U10/><E110/><V127/><F127/><W73/><G73/><T67/><D67/><U35/><E44/><V22/><AGARI ba="1,1" hai="8,9,11,19,22,25,33,34,52,56,62,96,100,104" machi="22" ten="30,7900,0" yaku="1,1,0,1,54,1,53,1" doraHai="118" doraHaiUra="53" who="2" fromWho="2" sc="260,-40,220,-21,250,92,260,-21" /><INIT seed="1,0,0,1,0,126" ten="220,199,342,239" oya="1" hai0="103,83,58,112,86,44,38,20,42,96,37,6,108" hai1="70,9,67,107,130,124,10,16,36,63,93,34,52" hai2="46,128,14,109,21,97,115,76,105,17,74,127,90" hai3="50,29,66,62,120,101,72,55,22,18,92,23,53"/><U2/><E107/><V98/><F109/><W28/><G72/><T1/><D108/><U32/><E36/><V100/><F127/><W80/><G120/><T89/><D112/><U131/><E124/><V31/><F115/><W60/><G80/><T61/><D37/><U129/><E93/><V27/><F74/><W59/><G60/><T39/><D38/><U7/><E52/><N who="3" m="20042" /><G50/><T3/><D20/><N who="3" m="7721" /><G18/><T84/><D6/><N who="1" m="1239" /><E16/><V111/><F76/><W5/><G5/><T25/><D25/><U94/><E94/><V71/><F111/><W54/><N who="3" m="20050" /><W43/><DORA hai="33" /><G43/><T82/><D61/><U35/><E35/><V135/><F17/><W121/><G121/><T0/><D58/><U78/><E78/><V88/><F105/><W102/><G92/><T113/><D113/><U116/><E116/><V4/><F4/><W30/><AGARI ba="0,0" hai="28,29,30,59,62,66,101,102" m="7721,20050" machi="30" ten="40,2700,0" yaku="8,1,54,1" doraHai="126,33" who="3" fromWho="3" sc="220,-7,199,-13,342,-7,239,27" /><INIT seed="2,0,0,3,2,104" ten="213,186,335,266" oya="2" hai0="109,21,124,118,65,106,133,29,64,127,42,129,24" hai1="45,86,19,1,40,69,43,105,119,38,48,53,23" hai2="41,101,9,36,79,62,128,46,54,130,30,34,117" hai3="125,123,0,91,112,75,82,98,52,84,116,50,15"/><V77/><F117/><W22/><G0/><T102/><D118/><U55/><E105/><V39/><F39/><W14/><G116/><T135/><D42/><U4/><E119/><V96/><F9/><W73/><G123/><T99/><D109/><U31/><E69/><V12/><F12/><W126/><G112/><T93/><D106/><U51/><E31/><V35/><F54/><W28/><G98/><T47/><D47/><U94/><E38/><V71/><F79/><W11/><G28/><T25/><D24/><U68/><E68/><V10/><F10/><W13/><G22/><T107/><D107/><U78/><E4/><V8/><F8/><W7/><G11/><T18/><D18/><U121/><E121/><V70/><F77/><W2/><G2/><T61/><D65/><U132/><E132/><N who="0" m="50761" /><D129/><N who="2" m="49770" /><F70/><AGARI ba="0,0" hai="21,25,29,61,64,70,93,99,102,124,127" m="50761" machi="70" ten="30,1000,0" yaku="20,1" doraHai="104" who="0" fromWho="2" sc="213,10,186,0,335,-10,266,0" /><INIT seed="3,0,0,0,1,74" ten="223,186,325,266" oya="3" hai0="75,10,12,7,47,104,8,34,86,119,129,94,58" hai1="120,53,13,40,93,96,39,85,57,77,14,3,112" hai2="43,111,87,23,128,124,22,4,56,20,36,98,131" hai3="71,55,66,79,83,73,113,117,92,35,2,26,49"/><W107/><G113/><T46/><D119/><U132/><E120/><V99/><F111/><W31/><G117/><T59/><D104/><U19/><E112/><V17/><F124/><W108/><G2/><T95/><D75/><U50/><E3/><V70/><F70/><W80/><G92/><N who="0" m="35371" /><D34/><U109/><E109/><V54/><F4/><W51/><G108/><T123/><D123/><U64/><E132/><V82/><F17/><W48/><G83/><T41/><D129/><N who="2" m="49738" /><F43/><W97/><G55/><T28/><D28/><U84/><E64/><V68/><F36/><W67/><REACH who="3" step="1"/><G71/><REACH who="3" ten="223,186,325,256" step="2"/><T102/><D41/><U16/><E40/><V114/><F68/><W101/><AGARI ba="0,1" hai="26,31,35,48,49,51,66,67,73,79,80,97,101,107" machi="101" ten="30,11700,0" yaku="1,1,2,1,0,1,52,1,53,0" doraHai="74" doraHaiUra="65" who="3" fromWho="3" sc="223,-39,186,-39,325,-39,256,127" owari="184,-21.6,147,-35.3,286,8.6,383,48.3" /></mjloggm>