<mjloggm ver="2.3"><GO type="225" lobby="0"/><UN n0="%E3%82%B3%E3%83%90%E3%83%AC%E3%82%A4" n1="%E5%8D%A0%E3%81%84%E5%B8%AB%E8%A3%8F%E3%81%AA%E3%81%84%E3%81%97" n2="%E5%B8%86%E7%AB%8B%E5%A4%8F%E8%A1%A3" n3="%E3%81%82%E3%81%B9%E3%81%99%E3%81%91" dan="16,17,17,16" rate="2195.75,2177.32,2145.95,2047.81" sx="M,M,M,M"/><TAIKYOKU oya="0"/><INIT seed="0,0,0,1,0,87" ten="250,250,250,250" oya="0" hai0="21,38,120,125,72,60,57,48,1,29,61,73,10" hai1="56,116,58,15,128,31,78,2,0,106,39,105,83" hai2="131,98,24,82,68,112,92,52,113,19,11,126,75" hai3="107,5,64,89,102,40,7,74,25,84,99,54,62"/><T33/><D33/><U67/><E116/><V100/><F68/><W122/><G74/><T123/><D38/><U63/><E128/><V114/><F131/><W76/><G76/><T18/><D48/><U101/><E39/><V34/><F126/><W46/><G122/><T44/><D44/><U124/><E124/><V3/><F34/><W104/><G104/><T109/><D125/><U119/><E119/><V118/><F118/><W91/><G25/><T6/><D29/><U8/><E31/><V14/><F24/><W133/><G54/><T66/><D72/><U23/><E23/><V65/><F65/><W43/><G133/><T108/><D73/><U45/><E45/><V90/><F3/><W49/><G43/><T26/><REACH who="0" step="1"/><D60/><REACH who="0" ten="240,250,250,250" step="2"/><U77/><E63/><V47/><F75/><W71/><REACH who="3" step="1"/><G91/><REACH who="3" ten="240,250,250,240" step="2"/><T117/><D117/><U103/><E78/><V93/><F113/><W55/><G55/><T79/><D79/><U50/><E77/><V134/><F134/><W53/><G53/><T132/><D132/><U42/><E42/><V110/><F114/><W20/><G20/><T81/><D81/><AGARI ba="0,2" hai="5,7,40,46,49,62,64,71,81,84,89,99,102,107" machi="81" ten="30,3900,0" yaku="1,1,7,1,52,1,53,0" doraHai="87" doraHaiUra="135" who="3" fromWho="0" sc="240,-39,250,0,250,0,240,59" /><INIT seed="1,0,0,2,2,2" ten="201,250,250,299" oya="1" hai0="19,125,8,134,100,62,48,49,75,80,113,93,37" hai1="126,94,77,84,0,30,69,116,47,110,26,31,12" hai2="20,44,4,39,107,72,129,52,1,81,25,104,66" hai3="90,34,68,21,70,56,59,109,106,105,99,27,38"/><U71/><E116/><V54/><F66/><W120/><G120/><T6/><D37/><U95/><E0/><V131/><F104/><W88/><G38/><T122/><D113/><U65/><E126/><V7/><F107/><W91/><G34/><T132/><D125/><U42/><E65/><V22/><F39/><W74/><G74/><T119/><D19/><U58/><E58/><V13/><F1/><W41/><G41/><T24/><D24/><U86/><E12/><V17/><F72/><W73/><G73/><T67/><D122/><U130/><E130/><N who="2" m="49675" /><F81/><W53/><G59/><T85/><D119/><U78/><E26/><V40/><F40/><W101/><G106/><T128/><D75/><U111/><REACH who="1" step="1"/><E42/><REACH who="1" ten="201,240,250,299" step="2"/><V102/><F102/><W46/><G101/><T5/><D128/><U28/><E28/><N who="2" m="17447" /><F54/><W33/><G53/><T10/><D100/><U97/><E97/><V9/><F22/><W76/><G21/><T35/><D35/><U89/><E89/><V92/><F52/><W60/><G33/><T11/><D8/><U36/><E36/><V98/><F44/><AGARI ba="0,1" hai="30,31,44,47,69,71,77,78,84,86,94,95,110,111" machi="44" ten="25,4800,0" yaku="1,1,22,2,53,0" doraHai="2" doraHaiUra="14" who="1" fromWho="2" sc="201,0,240,58,250,-48,299,0" /><INIT seed="1,1,0,0,3,53" ten="201,298,202,299" oya="1" hai0="57,25,55,3,97,37,28,88,24,102,34,47,27" hai1="19,125,123,61,92,20,112,21,113,41,63,98,74" hai2="87,22,65,54,101,124,99,43,38,105,84,66,121" hai3="9,5,18,14,106,17,29,51,79,117,130,82,116"/><U62/><E74/><V95/><F121/><W126/><G106/><T68/><D3/><U78/><E123/><V119/><F124/><W36/><G126/><T81/><D68/><U104/><E104/><V56/><F119/><N who="3" m="45643" /><G36/><T32/><D32/><U23/><E125/><V26/><F38/><W11/><G130/><T135/><D135/><U50/><E78/><V72/><F72/><N who="3" m="43367" /><G29/><T134/><D134/><U39/><E39/><V77/><F43/><W64/><G64/><T133/><D133/><U33/><E33/><V1/><F1/><N who="3" m="175" /><G51/><T16/><D37/><U118/><E118/><V80/><F105/><W131/><G131/><T128/><D128/><U75/><E75/><V120/><F87/><W67/><G67/><T111/><D34/><U108/><E108/><V48/><REACH who="2" step="1"/><F120/><REACH who="2" ten="201,298,192,299" step="2"/><W93/><G93/><T7/><D111/><U0/><E0/><V91/><F91/><W59/><G59/><T103/><D57/><U132/><E132/><V96/><F96/><W114/><G114/><T10/><D97/><U49/><E113/><V90/><F90/><W60/><G60/><T109/><D109/><U42/><E112/><V76/><F76/><W46/><G46/><T4/><D88/><N who="1" m="55559" /><E49/><V45/><F45/><W44/><G44/><T6/><D47/><N who="1" m="25967" /><E42/><V30/><AGARI ba="1,1" hai="22,26,30,48,54,56,65,66,77,80,84,95,99,101" machi="30" ten="20,8000,1" yaku="1,1,0,1,7,1,8,1,52,1,53,0" doraHai="53" doraHaiUra="35" who="2" fromWho="2" sc="201,-21,298,-41,192,93,299,-21" /><INIT seed="2,0,0,5,3,122" ten="180,257,285,278" oya="2" hai0="33,70,71,49,34,84,54,125,55,68,3,115,100" hai1="62,45,24,19,79,113,123,108,131,97,119,52,25" hai2="66,74,128,23,103,86,21,96,1,29,57,12,17" hai3="41,38,88,31,10,13,59,61,18,80,4,9,20"/><V127/><F74/><W90/><G38/><T30/><D115/><U53/><E113/><V110/><F1/><W132/><G41/><T87/><D3/><U51/><E119/><V118/><F118/><W44/><G44/><T112/><D112/><U124/><E123/><V47/><F128/><W94/><G132/><T135/><D135/><U82/><E131/><V46/><F127/><W92/><G31/><T102/><D125/><U48/><E124/><V126/><F126/><W116/><G116/><T8/><D8/><U129/><E129/><V39/><F39/><W111/><G80/><T121/><D121/><U43/><E108/><V15/><F86/><N who="3" m="52247" /><G4/><T14/><D14/><U89/><E62/><V133/><F133/><W6/><G6/><T73/><D73/><U26/><E89/><V60/><F110/><W98/><G111/><T7/><D7/><U37/><E97/><V0/><F0/><W107/><G107/><T101/><D30/><U5/><E5/><V99/><F99/><W67/><AGARI ba="0,0" hai="9,10,13,18,20,59,61,67,90,94,98" m="52247" machi="67" ten="30,2000,0" yaku="8,1,54,1" doraHai="122" who="3" fromWho="3" sc="180,-5,257,-5,285,-10,278,20" /><INIT seed="3,0,0,4,1,55" ten="175,252,275,298" oya="3" hai0="16,73,127,128,1,46,79,50,76,75,95,118,18" hai1="66,117,31,69,101,33,74,14,32,49,72,44,61" hai2="22,13,105,12,48,123,29,43,59,93,25,107,26" hai3="114,68,27,103,84,132,99,113,70,86,67,7,45"/><W15/><G132/><T3/><D95/><U126/><E126/><V131/><F123/><W57/><G70/><T129/><D50/><U40/><E117/><V28/><F131/><W65/><G68/><T104/><D46/><U81/><E81/><V85/><F107/><W17/><G45/><T52/><D127/><U19/><E101/><V71/><F71/><W20/><G114/><T21/><D21/><U47/><E31/><V90/><F105/><W97/><G113/><T133/><D104/><U94/><E94/><V62/><F48/><W109/><G109/><T2/><D2/><U53/><E32/><V130/><F43/><W11/><G67/><T9/><D9/><U51/><REACH who="1" step="1"/><E33/><REACH who="1" ten="175,242,275,298" step="2"/><V0/><F130/><W39/><G103/><T134/><REACH who="0" step="1"/><D52/><REACH who="0" ten="165,242,275,298" step="2"/><U102/><E102/><V82/><F93/><W63/><G39/><T60/><D60/><U34/><E34/><V87/><F0/><W111/><G111/><T83/><D83/><U110/><E110/><V36/><F36/><W4/><G63/><T30/><D30/><U106/><E106/><V88/><F62/><W92/><G92/><T91/><D91/><U124/><E124/><V24/><F82/><W100/><G100/><T35/><D35/><U78/><E78/><V120/><F22/><AGARI ba="0,2" hai="14,19,22,40,44,47,49,51,53,61,66,69,72,74" machi="22" ten="30,3900,0" yaku="1,1,7,1,53,1" doraHai="55" doraHaiUra="8" who="1" fromWho="2" sc="165,0,242,59,275,-39,298,0" owari="165,-33.5,301,40.1,236,-16.4,298,9.8" /></mjloggm>