<mjloggm ver="2.3"><GO type="225" lobby="0"/><UN n0="%E8%A8%88%E7%AE%97%E6%A9%9F%E8%87%AA%E7%84%B6" n1="%E3%81%AF%E3%82%88%E3%81%8A%E3%81%98%E3%81%95%E3%82%93" n2="%4E%6F%2E%30%30%30%31" n3="%E6%A0%B9%E5%85%83%E3%81%8B%E3%82%89%E5%90%B9%E3%81%A3%E9%A3%9B%E3%81%B6" dan="17,16,18,16" rate="2202.91,2137.49,2241.20,2181.88" sx="M,M,M,F"/><TAIKYOKU oya="0"/><INIT seed="0,0,0,0,2,55" ten="250,250,250,250" oya="0" hai0="62,30,64,42,120,45,123,73,113,118,119,14,58" hai1="2,32,6,10,67,22,16,121,43,98,46,117,40" hai2="99,85,128,116,24,104,75,19,4,61,70,35,74" hai3="21,52,51,84,36,106,53,135,65,126,89,131,50"/><T87/><D73/><U37/><E117/><N who="0" m="44553" /><D14/><U110/><E110/><V100/><F116/><W3/><G3/><T122/><D87/><U97/><E121/><V93/><F128/><W15/><G36/><N who="0" m="21703" /><D30/><U90/><E43/><V18/><F4/><W27/><G131/><T25/><D25/><U83/><E67/><N who="2" m="41327" /><F93/><N who="3" m="54439" /><G106/><T28/><D28/><U130/><E32/><V115/><F115/><AGARI ba="0,0" hai="58,62,64,113,115,120,122,123" m="21703,44553" machi="115" ten="40,7700,0" yaku="34,2,52,1" doraHai="55" who="0" fromWho="2" sc="250,77,250,0,250,-77,250,0" /><INIT seed="0,1,0,1,3,81" ten="327,250,173,250" oya="0" hai0="120,41,122,99,113,34,5,25,19,105,14,69,125" hai1="37,119,52,94,39,72,114,131,55,23,86,128,8" hai2="109,115,70,103,13,77,78,4,133,9,46,21,40" hai3="44,93,29,43,7,101,27,54,111,126,31,117,127"/><T92/><D113/><U47/><E119/><V91/><F115/><W38/><G117/><T67/><D125/><N who="3" m="47625" /><G111/><T123/><D41/><U129/><E114/><V85/><F109/><W64/><G7/><T121/><D5/><U53/><E72/><V82/><F133/><W22/><G64/><T90/><D105/><U89/><E8/><V68/><F103/><W84/><G54/><T107/><D107/><U100/><E100/><V45/><F45/><W17/><G84/><T36/><D36/><N who="1" m="13899" /><E23/><V75/><F21/><W80/><G80/><T108/><D108/><U18/><E18/><V66/><F66/><W61/><G61/><T63/><D122/><U6/><E6/><V11/><F9/><W135/><G135/><T73/><D73/><U30/><E30/><V74/><F74/><W58/><G58/><T95/><D95/><U118/><E118/><V3/><F78/><W1/><G1/><T88/><D90/><U15/><E15/><V49/><REACH who="2" step="1"/><F3/><REACH who="2" ten="327,250,163,250" step="2"/><W102/><G101/><T0/><D0/><U106/><E106/><V65/><F65/><W98/><AGARI ba="1,1" hai="17,22,27,29,31,38,43,44,93,98,102" m="47625" machi="98" ten="30,1100,0" yaku="18,1" doraHai="81" who="3" fromWho="3" sc="327,-6,250,-4,163,-4,250,24" /><INIT seed="1,0,0,0,3,37" ten="321,246,159,274" oya="1" hai0="34,93,117,130,132,98,55,87,102,118,121,81,65" hai1="96,45,109,16,50,40,51,76,0,14,9,95,115" hai2="3,20,41,97,2,85,88,127,22,120,107,28,73" hai3="83,122,25,64,17,69,57,71,112,29,30,7,1"/><U119/><E119/><V11/><F120/><W13/><G122/><T6/><D121/><U105/><E115/><V70/><F70/><W113/><G57/><T12/><D34/><U128/><E128/><V54/><F73/><W63/><G71/><T106/><D65/><U91/><E109/><V36/><F127/><W74/><G30/><T116/><D55/><U58/><E105/><V89/><F54/><W49/><G49/><T131/><D12/><U44/><E0/><V125/><F125/><W48/><G48/><T24/><D24/><U53/><E76/><V19/><F28/><W82/><G82/><T80/><D6/><U31/><E31/><V68/><F68/><W47/><G47/><AGARI ba="0,0" hai="9,14,16,40,44,45,47,50,51,53,58,91,95,96" machi="47" ten="40,7700,0" yaku="8,1,52,1,54,1" doraHai="37" who="1" fromWho="3" sc="321,0,246,77,159,0,274,-77" /><INIT seed="1,1,0,2,3,17" ten="321,323,159,197" oya="1" hai0="95,2,16,106,115,34,58,11,109,87,32,33,114" hai1="124,24,39,36,128,50,74,129,105,64,9,4,6" hai2="98,123,14,59,40,5,134,130,100,113,47,67,26" hai3="122,18,112,86,132,41,75,72,60,102,94,121,97"/><U120/><E120/><V133/><F123/><W7/><G41/><T78/><D106/><U44/><E105/><V49/><F130/><N who="1" m="50281" /><E74/><N who="3" m="28202" /><G7/><N who="1" m="2602" /><E9/><V117/><F117/><W70/><G18/><T55/><D2/><U19/><E124/><V81/><F113/><W89/><G60/><T101/><D109/><U27/><E64/><V43/><F67/><W54/><G54/><T93/><D115/><U92/><E92/><V83/><F40/><W135/><G70/><T21/><D11/><U29/><E19/><V8/><F59/><W69/><G69/><T131/><D114/><U85/><E85/><V96/><F96/><W82/><G112/><T99/><D131/><U103/><E103/><V53/><F43/><W79/><G122/><T45/><D95/><U20/><E24/><V73/><F26/><W22/><G121/><T76/><D87/><U104/><E104/><V42/><F73/><N who="3" m="43375" /><G22/><T48/><REACH who="0" step="1"/><D58/><REACH who="0" ten="311,323,159,197" step="2"/><U77/><E77/><V118/><F118/><W38/><G38/><T10/><D10/><U0/><E0/><V90/><F8/><W23/><G23/><T61/><D61/><U110/><E110/><V111/><F111/><W71/><G71/><T46/><D46/><U56/><E56/><V3/><F3/><W62/><G62/><T91/><D91/><U12/><E12/><AGARI ba="1,1" hai="12,16,21,32,33,34,45,48,55,76,78,93,99,101" machi="12" ten="40,12000,2" yaku="1,1,52,1,54,1,53,3" doraHai="17" doraHaiUra="31" who="0" fromWho="1" sc="311,133,323,-123,159,0,197,0" /><INIT seed="2,0,0,3,4,115" ten="444,200,159,197" oya="2" hai0="49,135,81,80,96,103,6,46,56,17,107,126,39" hai1="33,60,78,20,122,61,85,74,83,117,82,99,0" hai2="106,50,44,45,89,1,14,118,131,15,88,123,111" hai3="104,34,30,75,109,110,13,21,18,4,51,29,95"/><V57/><F123/><W125/><G104/><T7/><D39/><U66/><E117/><V113/><F113/><W9/><G75/><T42/><D126/><U120/><E33/><V127/><F106/><W12/><G95/><T121/><D121/><N who="1" m="46699" /><E0/><V52/><F1/><N who="3" m="143" /><G51/><T23/><D135/><U93/><E20/><V27/><F118/><W97/><G97/><T37/><D80/><U67/><E67/><V25/><F127/><W26/><G125/><T84/><D56/><U64/><E64/><V24/><F131/><W19/><G30/><T94/><D37/><U87/><E82/><V86/><F111/><W28/><G29/><T11/><D11/><AGARI ba="0,0" hai="11,12,13,18,19,21,26,28,34,109,110" m="143" machi="11" ten="30,3900,0" yaku="24,1,34,2" doraHai="115" who="3" fromWho="0" sc="444,-39,200,0,159,0,197,39" /><INIT seed="3,0,0,5,2,122" ten="405,200,159,236" oya="3" hai0="130,2,26,126,3,80,0,106,56,111,13,65,37" hai1="109,16,44,39,61,112,27,19,4,11,20,57,18" hai2="108,132,91,118,69,67,9,47,95,72,90,100,119" hai3="83,36,107,60,53,23,98,114,70,32,86,97,58"/><W43/><G32/><T15/><D37/><U31/><E109/><V89/><F47/><W124/><G124/><T62/><D106/><U104/><E112/><V117/><F9/><W66/><G107/><T51/><D111/><U46/><E104/><V63/><F72/><W25/><G114/><T52/><D130/><U113/><E113/><V59/><F132/><W33/><G33/><T123/><D123/><U116/><E116/><V127/><F127/><W102/><G43/><T17/><D126/><U99/><E99/><V55/><F100/><W21/><G36/><T87/><D26/><U120/><E120/><V75/><F75/><W103/><G98/><T125/><D17/><U29/><E29/><V6/><F6/><W121/><G97/><T34/><D34/><U101/><E101/><V82/><F82/><W92/><G92/><T129/><D129/><U134/><E134/><V74/><F74/><W68/><G23/><T22/><D22/><U5/><E39/><V14/><F14/><W93/><G93/><T10/><D10/><U24/><E27/><V77/><F77/><W110/><G70/><T12/><D125/><U40/><E40/><V128/><F128/><W54/><G110/><T76/><REACH who="0" step="1"/><D0/><REACH who="0" ten="395,200,159,236" step="2"/><U96/><E11/><V38/><F38/><W28/><G21/><T49/><D49/><U79/><E20/><V1/><F1/><W50/><G25/><T135/><D135/><U7/><E24/><V42/><F108/><W35/><G35/><T73/><D73/><U115/><E115/><V85/><F42/><W71/><G121/><T131/><D131/><RYUUKYOKU ba="0,1" sc="395,15,200,-15,159,15,236,-15" hai0="2,3,12,13,15,51,52,56,62,65,76,80,87" hai2="55,59,63,67,69,85,89,90,91,95,117,118,119" owari="420,52.0,185,-21.5,174,-32.6,221,2.1" /></mjloggm>