<mjloggm ver="2.3"><GO type="225" lobby="0"/><UN n0="%E3%83%B4%E3%83%A0%EF%BC%99%E3%81%A6" n1="%72%69%6F%75%63%68%61%6E" n2="%E6%B0%B7%E5%B7%9D%E9%87%8C%E5%A5%88" n3="%62%6F%6E%6F%73%2E%2E" dan="17,17,16,17" rate="2124.19,2225.90,2117.30,2217.12" sx="M,M,F,M"/><TAIKYOKU oya="0"/><INIT seed="0,0,0,0,1,46" ten="250,250,250,250" oya="0" hai0="81,1,102,71,119,37,28,62,108,92,63,52,50" hai1="40,42,77,87,70,20,7,80,127,5,53,38,100" hai2="23,115,14,135,79,47,105,83,74,66,133,109,93" hai3="33,44,124,97,59,9,27,60,17,31,41,12,90"/><T58/><D119/><U134/><E127/><V61/><F115/><W19/><G124/><T2/><D37/><U13/><E134/><V55/><F105/><W98/><G90/><T94/><D108/><U8/><E70/><V18/><F109/><W3/><G17/><T129/><D129/><U122/><E122/><V36/><F93/><W126/><G3/><T67/><D28/><U106/><E38/><V128/><F128/><W125/><G126/><T25/><D25/><U39/><E39/><V34/><F34/><W24/><G24/><T6/><D92/><U54/><E5/><V16/><F18/><W45/><G45/><T95/><D95/><U78/><E78/><V104/><F104/><W69/><G69/><T73/><D6/><U64/><E64/><V118/><F118/><W30/><G30/><T96/><REACH who="0" step="1"/><D62/><REACH who="0" ten="240,250,250,250" step="2"/><U123/><E123/><V85/><F36/><N who="3" m="21543" /><G125/><T88/><D88/><U110/><E110/><V26/><F26/><W51/><G60/><T68/><D68/><U72/><E106/><V29/><F29/><W0/><G0/><T84/><D84/><U35/><E87/><V43/><F85/><W15/><G15/><T89/><D89/><U49/><E7/><V32/><F135/><W99/><G98/><T76/><AGARI ba="0,1" hai="1,2,50,52,58,63,67,71,73,76,81,94,96,102" machi="76" ten="30,11700,0" yaku="1,1,0,1,52,1,54,1,53,0" doraHai="46" doraHaiUra="113" who="0" fromWho="0" sc="240,127,250,-39,250,-39,250,-39" /><INIT seed="0,1,0,4,5,19" ten="367,211,211,211" oya="0" hai0="130,57,14,135,50,5,93,27,88,118,17,44,101" hai1="126,54,64,75,86,91,116,47,1,48,13,61,0" hai2="7,38,2,23,89,98,8,83,87,85,100,43,21" hai3="6,40,76,26,58,11,32,70,35,20,128,22,107"/><T105/><D118/><U15/><E75/><V69/><F69/><W123/><G70/><T78/><D135/><U73/><E73/><V31/><F31/><W131/><G107/><T96/><D130/><N who="3" m="49705" /><G123/><T53/><D78/><U82/><E126/><V72/><F72/><W102/><G102/><T37/><D5/><U133/><E133/><V3/><F3/><N who="3" m="479" /><G76/><T45/><D27/><U125/><E125/><V65/><F65/><W90/><G40/><T104/><D37/><U71/><REACH who="1" step="1"/><E116/><REACH who="1" ten="367,201,211,211" step="2"/><V80/><F38/><W74/><G74/><T68/><D68/><U129/><E129/><V51/><F43/><W56/><G35/><T24/><D104/><U108/><E108/><V99/><F51/><W16/><G32/><T42/><D105/><U52/><E52/><V30/><F30/><N who="3" m="17735" /><G90/><T55/><D88/><U67/><E67/><V132/><F132/><W41/><G41/><T28/><D42/><U18/><E18/><V109/><F109/><W60/><G60/><T4/><D17/><U97/><E97/><V25/><F99/><W111/><G111/><T127/><D127/><U114/><E114/><V59/><F98/><W62/><G62/><T10/><D53/><U33/><E33/><AGARI ba="1,1" hai="4,10,14,24,28,33,44,45,50,55,57,93,96,101" machi="33" ten="30,1500,0" yaku="7,1" doraHai="19" who="0" fromWho="1" sc="367,28,201,-18,211,0,211,0" /><INIT seed="0,2,0,2,1,25" ten="395,183,211,211" oya="0" hai0="112,113,76,133,49,19,91,104,71,32,43,42,39" hai1="48,18,129,33,86,27,55,118,60,81,53,75,34" hai2="93,95,115,116,24,78,54,5,50,29,40,61,124" hai3="14,9,17,119,70,80,1,128,79,105,12,96,117"/><T89/><D39/><U127/><E118/><V22/><F116/><W31/><G70/><T46/><D104/><U11/><E129/><V90/><F115/><W57/><G1/><T64/><D133/><U73/><E127/><V126/><F78/><W13/><G128/><T101/><D101/><U134/><E134/><V131/><F131/><W35/><G117/><T111/><D76/><U65/><E53/><V88/><F5/><W66/><G119/><T16/><D111/><U59/><E33/><V108/><F40/><W10/><G96/><T100/><D100/><U102/><E102/><V2/><F2/><W58/><G105/><T56/><D71/><U77/><E11/><V94/><F61/><W6/><G13/><T92/><D32/><U30/><REACH who="1" step="1"/><E18/><REACH who="1" ten="395,173,211,211" step="2"/><V135/><F135/><W47/><G66/><T8/><D8/><U74/><E74/><V130/><F130/><W62/><G35/><T28/><D19/><U125/><E125/><N who="2" m="48235" /><F108/><W122/><G9/><T7/><D112/><U37/><E37/><V99/><F99/><W83/><G10/><T23/><D113/><U0/><E0/><V97/><F97/><W121/><G6/><T87/><D7/><U103/><E103/><V20/><F20/><W110/><G17/><T38/><D23/><U63/><E63/><V120/><F120/><W123/><G62/><T109/><D16/><U21/><E21/><V36/><F36/><W26/><G110/><T3/><D38/><U107/><E107/><V98/><F98/><W84/><G122/><T69/><D109/><U51/><E51/><V114/><F114/><RYUUKYOKU ba="2,1" sc="395,-15,173,15,211,15,211,-15" hai1="27,30,34,48,55,59,60,65,73,75,77,81,86" hai2="22,24,29,50,54,88,90,93,94,95" /><INIT seed="1,3,1,0,2,62" ten="380,188,226,196" oya="1" hai0="84,0,101,6,115,93,73,100,77,11,65,8,135" hai1="89,122,126,112,38,99,127,119,80,71,66,120,35" hai2="85,86,87,113,51,95,98,90,117,7,92,106,74" hai3="41,21,54,68,97,64,12,116,76,28,75,48,24"/><U114/><E35/><V58/><F117/><W53/><G116/><T124/><D115/><N who="1" m="44075" /><E38/><V110/><F74/><W70/><G41/><T132/><D124/><N who="1" m="47659" /><E119/><V3/><F106/><W19/><G54/><T46/><D73/><U22/><E22/><V20/><F113/><W49/><G48/><T121/><D121/><N who="1" m="46699" /><E71/><V123/><F123/><W15/><G68/><T130/><D11/><U103/><E66/><V81/><F20/><W26/><G64/><T55/><D8/><U56/><E56/><V78/><F58/><W131/><G70/><T36/><D65/><U63/><E63/><V2/><F51/><W111/><G49/><T39/><D39/><U128/><E128/><V30/><F30/><W94/><G131/><T16/><D36/><U33/><E33/><V107/><F7/><W18/><G28/><T14/><D6/><U34/><E34/><V91/><F3/><W31/><G31/><T23/><D0/><U9/><E9/><V25/><F2/><W61/><G61/><T134/><D130/><U29/><E29/><V40/><F25/><W133/><G24/><T44/><D44/><U108/><E108/><V32/><F32/><W10/><G111/><T102/><D46/><U13/><E13/><V5/><F5/><W27/><G26/><T4/><D4/><U125/><N who="1" m="47667" /><U129/><DORA hai="60" /><E129/><V47/><F110/><W50/><G27/><T59/><D23/><U105/><E89/><V96/><F47/><N who="3" m="27871" /><G21/><T72/><D59/><U45/><E45/><V118/><F118/><W1/><G1/><T67/><D67/><U83/><AGARI ba="3,1" hai="80,83,99,103,105" m="46699,47667,44075" machi="83" ten="50,12000,1" yaku="5,1,18,1,34,2" doraHai="62,60" who="1" fromWho="1" sc="380,-43,188,139,226,-43,196,-43" /><INIT seed="1,4,0,0,1,123" ten="337,327,183,153" oya="1" hai0="112,30,12,47,32,114,53,18,14,66,20,48,41" hai1="26,60,23,34,27,54,70,101,103,45,58,28,93" hai2="95,111,82,59,17,22,129,113,36,135,37,38,96" hai3="64,106,99,126,9,63,117,51,46,130,115,92,97"/><U127/><E127/><V109/><F129/><W132/><G115/><T24/><D66/><U131/><E131/><V39/><F39/><W133/><G130/><T107/><D107/><U40/><E70/><V78/><F135/><N who="3" m="51787" /><G126/><T29/><D29/><U124/><E124/><V90/><F59/><N who="3" m="36991" /><G117/><T5/><D5/><U87/><E87/><V11/><F11/><W21/><G9/><T102/><D102/><U31/><REACH who="1" step="1"/><E93/><REACH who="1" ten="337,317,183,153" step="2"/><V56/><F113/><W80/><G80/><T84/><D84/><U13/><E13/><V74/><REACH who="2" step="1"/><F56/><REACH who="2" ten="337,317,173,153" step="2"/><W55/><G46/><T100/><D47/><U76/><E76/><V89/><F89/><W110/><G110/><T67/><D112/><U73/><E73/><V134/><F134/><W3/><G3/><T118/><D114/><U120/><E120/><V62/><F62/><W52/><G97/><T98/><D98/><U88/><E88/><V108/><F108/><W65/><G99/><T91/><D91/><U125/><E125/><V50/><F50/><AGARI ba="4,2" hai="23,26,27,28,31,34,40,45,50,54,58,60,101,103" machi="50" ten="30,2900,0" yaku="1,1,7,1,53,0" doraHai="123" doraHaiUra="61" who="1" fromWho="2" sc="337,0,317,61,173,-41,153,0" /><INIT seed="1,5,0,4,0,77" ten="337,378,132,153" oya="1" hai0="135,92,28,66,15,90,102,79,113,6,103,106,76" hai1="65,45,116,16,97,47,19,24,107,128,131,75,32" hai2="14,101,96,120,10,17,51,61,27,42,89,1,35" hai3="64,12,43,33,93,40,132,84,98,58,121,29,36"/><U71/><E116/><V114/><F120/><W82/><G121/><T88/><D113/><U117/><E117/><V105/><F114/><W22/><G132/><T123/><D123/><U130/><E75/><V74/><F1/><W2/><G2/><T18/><D135/><U59/><E59/><V129/><F129/><W31/><G33/><T30/><D6/><U72/><E72/><V46/><F74/><W9/><G36/><T108/><D108/><U4/><E4/><V0/><F0/><W23/><G22/><T118/><D118/><U95/><E107/><V69/><F89/><N who="0" m="34410" /><D66/><U55/><E71/><V87/><F87/><W115/><G115/><T52/><D52/><U53/><E65/><V126/><F126/><W67/><G67/><T26/><D106/><U81/><E53/><V7/><F69/><W13/><G64/><T80/><D26/><U125/><E125/><V63/><REACH who="2" step="1"/><F7/><REACH who="2" ten="337,378,122,153" step="2"/><N who="3" m="3135" /><G84/><N who="0" m="48135" /><D79/><U48/><E45/><V99/><F99/><W70/><G70/><T68/><D68/><U5/><E5/><V94/><F94/><W111/><G111/><T85/><D85/><U11/><E131/><V39/><F39/><W110/><G110/><T109/><D109/><U62/><E130/><V134/><F134/><W127/><G127/><T73/><D73/><U78/><E128/><V112/><F112/><W50/><G93/><T38/><D38/><U119/><E95/><V20/><F20/><W21/><G98/><N who="0" m="59719" /><D103/><U3/><E119/><V54/><F54/><N who="3" m="32087" /><G82/><T86/><D86/><N who="1" m="48439" /><E97/><V25/><F25/><W60/><G13/><T104/><D104/><U91/><E24/><RYUUKYOKU ba="5,1" sc="337,15,378,-15,122,15,153,-15" hai0="15,18,28,30" hai2="10,14,17,27,35,42,46,51,61,63,96,101,105" /><INIT seed="2,6,1,3,4,97" ten="352,363,137,138" oya="2" hai0="82,84,19,61,70,73,95,80,94,76,72,75,15" hai1="49,134,21,68,63,71,115,111,74,33,48,85,128" hai2="58,125,129,89,79,57,62,88,131,47,1,106,103" hai3="120,14,36,50,66,52,81,29,22,35,109,65,99"/><V2/><F125/><W59/><G120/><T56/><D70/><U55/><E115/><V31/><F79/><W130/><G109/><T92/><D80/><U64/><E74/><V17/><F31/><W27/><G36/><T51/><D51/><U98/><E33/><V44/><F17/><W69/><G130/><N who="2" m="49673" /><F106/><W32/><G81/><T105/><D105/><U39/><E111/><V28/><F28/><W42/><G42/><T132/><D132/><U121/><E128/><V116/><F116/><W126/><G126/><T119/><D119/><U83/><E39/><V53/><F58/><W102/><G69/><T8/><REACH who="0" step="1"/><D75/><REACH who="0" ten="342,363,137,138" step="2"/><U123/><E134/><V7/><F47/><W67/><REACH who="3" step="1"/><G14/><REACH who="3" ten="342,363,137,128" step="2"/><T23/><D23/><U25/><E68/><V11/><F2/><W100/><G100/><T26/><D26/><U107/><E21/><V113/><F113/><W86/><G86/><T0/><D0/><U6/><E25/><V87/><F87/><W4/><G4/><T12/><D12/><U78/><E6/><V24/><F103/><W9/><G9/><T104/><D104/><AGARI ba="6,3" hai="22,27,29,32,35,50,52,59,65,66,67,99,102,104" machi="104" ten="40,12000,2" yaku="1,1,52,1,54,1,53,3" doraHai="97" doraHaiUra="60" who="3" fromWho="0" sc="342,-138,363,0,137,0,128,168" /><INIT seed="3,0,0,5,4,21" ten="204,363,137,296" oya="3" hai0="109,40,27,121,16,84,119,2,128,42,23,29,103" hai1="30,114,33,100,38,67,22,56,72,41,39,92,115" hai2="63,43,71,60,48,105,32,12,7,50,97,18,58" hai3="52,54,118,11,36,26,59,79,96,108,101,87,135"/><W74/><G118/><T10/><D119/><U91/><E72/><V34/><F34/><W53/><G74/><T126/><D121/><U0/><E0/><V77/><F32/><W61/><G36/><T45/><D109/><U106/><E33/><V51/><F71/><W66/><G135/><T78/><D126/><U93/><E106/><V132/><F132/><W13/><G26/><T14/><D128/><U80/><E80/><V8/><F77/><W6/><G108/><T130/><D130/><U117/><E117/><V86/><F105/><W55/><G55/><T111/><D111/><U116/><E116/><V89/><F97/><W31/><G31/><T82/><D103/><U70/><E70/><V107/><F107/><W19/><G6/><T104/><D104/><U15/><E41/><V17/><F43/><W98/><G101/><T44/><D2/><U35/><E35/><V24/><F58/><W133/><G133/><T20/><D10/><U49/><E100/><V95/><REACH who="2" step="1"/><F7/><REACH who="2" ten="204,363,127,296" step="2"/><W113/><G113/><T83/><D42/><U75/><E56/><V46/><F46/><W99/><G79/><T57/><D40/><U68/><E115/><V131/><F131/><W120/><G120/><T69/><D69/><U1/><E68/><V124/><F124/><W88/><G96/><T76/><D57/><U47/><E47/><V125/><F125/><W65/><G65/><T3/><D3/><U9/><E1/><V134/><F134/><W127/><G127/><T90/><D76/><U64/><E114/><V28/><F28/><W37/><G37/><N who="1" m="13834" /><E30/><V62/><F62/><RYUUKYOKU ba="0,1" sc="204,10,363,-30,127,10,296,10" hai0="14,16,20,23,27,29,44,45,78,82,83,84,90" hai2="8,12,17,18,24,48,50,51,60,63,86,89,95" hai3="11,13,19,52,53,54,59,61,66,87,88,98,99" /><INIT seed="3,1,1,1,1,56" ten="214,333,137,306" oya="3" hai0="96,71,1,103,91,60,73,16,105,50,52,104,20" hai1="67,108,123,84,51,128,130,102,14,64,44,101,94" hai2="76,59,87,6,77,126,47,36,124,37,82,86,28" hai3="93,0,83,88,54,110,32,115,38,131,9,63,58"/><W89/><G115/><T33/><D33/><U10/><E108/><V122/><F122/><W120/><G120/><T112/><D112/><U55/><E123/><V125/><F28/><W134/><G32/><T106/><D73/><U11/><E11/><V53/><F6/><W30/><G30/><T21/><D1/><U5/><E84/><V26/><F26/><W68/><G38/><T42/><D91/><U109/><E109/><V2/><F2/><W72/><G110/><T17/><D42/><U57/><E44/><V22/><F22/><W29/><G29/><T114/><D114/><U13/><E13/><V62/><F47/><W133/><G131/><N who="1" m="50218" /><E102/><V90/><REACH who="2" step="1"/><F77/><REACH who="2" ten="214,333,127,306" step="2"/><N who="3" m="44455" /><G0/><T70/><D20/><U69/><E69/><V24/><F24/><W40/><G9/><T95/><D21/><U127/><E127/><V49/><F49/><W23/><G68/><T97/><D70/><U98/><AGARI ba="1,2" hai="5,10,14,51,55,57,64,67,94,98,101" m="50218" machi="98" ten="30,1100,0" yaku="19,1" doraHai="56" who="1" fromWho="1" sc="214,-4,333,34,127,-4,306,-6" owari="210,-19.0,367,46.7,123,-37.7,300,10.0" /></mjloggm>