<mjloggm ver="2.3"><GO type="225" lobby="0"/><UN n0="%E8%B6%85%E7%B4%9A%E9%B3%B3%E5%87%B0" n1="%E3%81%8B%E3%82%8F%E3%81%A1%E3%82%83%E3%82%93%35%38" n2="%E3%81%A4%E3%81%A3%E3%81%B1%E3%82%8A%E3%83%9D%E3%83%BC%E3%83%AB" n3="%E6%B4%BE%E9%81%A3%E3%81%AE%E3%82%B8%E3%83%A3%E3%83%83%E3%82%AF" dan="16,17,16,17" rate="2121.04,2172.36,2099.32,2217.39" sx="F,M,M,M"/><TAIKYOKU oya="0"/><INIT seed="0,0,0,3,0,1" ten="250,250,250,250" oya="0" hai0="105,29,74,62,20,109,91,112,0,28,32,119,130" hai1="122,77,78,100,5,75,42,118,21,38,54,60,48" hai2="61,13,2,86,120,68,73,107,96,64,24,87,34" hai3="43,15,11,41,10,14,7,49,135,26,81,22,12"/><T27/><D112/><U58/><E118/><V121/><F73/><W82/><G135/><T110/><D119/><U3/><E122/><V131/><F2/><W44/><G41/><T98/><D0/><U39/><E100/><N who="2" m="62855" /><F13/><W19/><REACH who="3" step="1"/><G15/><REACH who="3" ten="250,250,250,240" step="2"/><T16/><D109/><U70/><E42/><V99/><F131/><W106/><G106/><T102/><D130/><U89/><E3/><V67/><F121/><W103/><G103/><T45/><D102/><U46/><E39/><V36/><F120/><W25/><G25/><T104/><D27/><U59/><E38/><V33/><F36/><W40/><G40/><T97/><D104/><U69/><E69/><V55/><F24/><W90/><G90/><T125/><D91/><U116/><E70/><V31/><F68/><W111/><G111/><T65/><D110/><U71/><E71/><V108/><F108/><W80/><G80/><T30/><D105/><U114/><E89/><V88/><F88/><W129/><G129/><T72/><D98/><U6/><E116/><V4/><F99/><W76/><G76/><T9/><D97/><U63/><E78/><V127/><F67/><W123/><G123/><T66/><D66/><N who="1" m="39191" /><E77/><V93/><F64/><W50/><G50/><T35/><D65/><N who="1" m="39167" /><E114/><V8/><F93/><W126/><G126/><T84/><D125/><U132/><E132/><V117/><F127/><W92/><G92/><T79/><D79/><U83/><E83/><V128/><F128/><W85/><G85/><T124/><D84/><U17/><E75/><V95/><F117/><W101/><G101/><T47/><D124/><RYUUKYOKU ba="0,1" sc="250,-15,250,15,250,-15,240,15" hai1="5,6,17,21,46,48,54" hai3="7,10,11,12,14,19,22,26,43,44,49,81,82" /><INIT seed="1,1,1,5,3,80" ten="235,265,235,255" oya="1" hai0="83,49,7,97,76,28,82,37,118,61,66,24,132" hai1="2,129,102,126,131,41,5,122,30,84,130,56,12" hai2="52,19,127,31,121,62,44,96,91,106,89,94,109" hai3="42,65,86,112,123,64,73,53,43,90,36,51,11"/><U133/><E122/><V111/><F121/><W6/><G112/><T120/><D120/><U115/><E115/><V95/><F106/><W87/><G73/><T67/><D118/><U48/><E133/><V105/><F105/><W99/><G36/><T16/><D37/><U124/><E102/><V113/><F113/><W78/><G123/><T10/><D132/><U110/><E2/><V77/><F77/><W58/><G99/><T68/><D67/><N who="3" m="25673" /><G78/><T88/><D49/><U20/><E110/><N who="2" m="41995" /><F127/><N who="1" m="48681" /><E30/><V57/><F31/><W46/><G90/><N who="2" m="34313" /><F96/><W50/><G43/><T47/><D47/><N who="1" m="25711" /><E56/><V107/><F107/><W60/><G50/><T85/><D97/><U22/><E84/><N who="3" m="32298" /><G11/><AGARI ba="1,1" hai="5,11,12,20,22,129,130,131" m="25711,48681" machi="11" ten="40,3900,0" yaku="19,1,18,1" doraHai="80" who="1" fromWho="3" sc="235,0,265,52,235,0,255,-42" /><INIT seed="1,2,0,4,2,10" ten="235,317,235,213" oya="1" hai0="37,84,119,12,129,53,77,101,15,98,109,123,40" hai1="66,9,67,125,34,131,65,130,108,4,32,56,55" hai2="97,91,135,114,36,85,52,41,70,16,25,46,5" hai3="95,121,99,13,64,18,0,90,57,20,62,132,127"/><U31/><E125/><V78/><F70/><W113/><G121/><T73/><D119/><U24/><E34/><V88/><F135/><W59/><G113/><T110/><D123/><U22/><E32/><V105/><F114/><W19/><G0/><T103/><D129/><U128/><E108/><N who="0" m="41577" /><D73/><U100/><E100/><N who="0" m="38473" /><D98/><U44/><E44/><V93/><F5/><W47/><G132/><T104/><D104/><U63/><REACH who="1" step="1"/><E66/><REACH who="1" ten="235,307,235,213" step="2"/><V82/><F105/><W3/><G127/><T120/><D120/><U45/><E45/><V28/><F52/><N who="3" m="34087" /><G47/><N who="0" m="23951" /><D53/><U42/><E42/><V17/><F91/><W79/><G79/><T14/><D77/><U26/><E26/><V87/><F87/><AGARI ba="2,1" hai="12,14,15,84,87" m="23951,38473,41577" machi="87" ten="40,8000,1" yaku="14,1,52,3" doraHai="10" who="0" fromWho="2" sc="235,96,307,0,235,-86,213,0" /><INIT seed="2,0,0,3,1,83" ten="331,307,149,213" oya="2" hai0="88,8,134,101,94,131,12,19,114,93,4,117,46" hai1="21,113,48,123,111,24,59,108,102,65,118,124,56" hai2="105,55,45,89,54,40,129,9,60,38,75,97,2" hai3="0,29,115,1,35,69,32,92,100,68,106,30,78"/><V70/><F129/><W20/><G115/><T27/><D114/><U16/><E113/><V61/><F75/><W85/><G20/><N who="0" m="13727" /><D131/><U76/><E118/><V50/><F70/><W71/><G106/><T37/><D117/><U17/><E124/><V7/><F55/><W103/><G78/><T126/><D126/><U53/><E123/><V74/><F74/><W36/><G36/><T109/><D109/><N who="1" m="42059" /><E102/><N who="3" m="38954" /><G85/><N who="0" m="52367" /><D37/><U95/><E95/><V133/><F133/><W79/><G79/><T127/><D134/><U43/><E43/><V99/><F89/><W23/><G23/><T49/><D127/><U77/><E17/><V26/><F26/><W86/><G86/><T18/><D101/><U84/><E84/><V28/><F28/><N who="3" m="10859" /><G92/><T14/><D94/><U66/><E66/><V120/><F105/><W87/><G87/><T47/><D49/><U82/><E82/><V104/><F104/><W39/><G39/><T34/><D34/><AGARI ba="0,0" hai="0,1,32,34,35,68,69,71" m="10859,38954" machi="34" ten="40,2600,0" yaku="28,2" doraHai="83" who="3" fromWho="0" sc="331,-26,307,0,149,0,213,26" /><INIT seed="3,0,0,1,2,22" ten="305,307,149,239" oya="3" hai0="71,39,18,50,119,96,24,97,82,45,92,5,128" hai1="77,65,12,16,8,118,112,87,111,60,134,59,113" hai2="116,61,100,120,101,74,56,29,79,73,69,21,27" hai3="125,49,81,122,47,84,106,72,30,26,23,105,19"/><W107/><G122/><T94/><D119/><U46/><E113/><V99/><F116/><W66/><G66/><T62/><D39/><U108/><E112/><V129/><F120/><W31/><G72/><T133/><D133/><U89/><E118/><V33/><F129/><W70/><G70/><T32/><D128/><U114/><E114/><V104/><F101/><W88/><REACH who="3" step="1"/><G125/><REACH who="3" ten="305,307,149,229" step="2"/><T57/><D71/><U64/><E64/><V43/><F43/><AGARI ba="0,1" hai="19,23,26,30,31,43,47,49,81,84,88,105,106,107" machi="43" ten="40,12000,1" yaku="1,1,2,1,52,1,54,1,53,1" doraHai="22" doraHaiUra="40" who="3" fromWho="2" sc="305,0,307,0,149,-120,229,130" owari="305,-9.5,307,10.7,29,-47.1,359,45.9" /></mjloggm>