<mjloggm ver="2.3"><GO type="225" lobby="0"/><UN n0="%E5%B5%90%E9%9B%B2%E3%81%AE%E3%82%AB%E3%83%A9%E3%82%B9" n1="%E3%81%BF%E3%81%BF%E3%81%9A" n2="%77%72%77%72%77%72%77%72" n3="%E3%81%99%E3%81%84%E3%81%BE%E3%81%9B%E3%83%BC%E3%82%93" dan="16,16,16,17" rate="2067.06,2136.62,2235.19,2237.23" sx="F,M,M,M"/><TAIKYOKU oya="0"/><INIT seed="0,0,0,0,3,55" ten="250,250,250,250" oya="0" hai0="64,68,57,21,88,133,90,89,45,29,102,26,28" hai1="39,61,108,98,83,42,69,129,27,48,110,20,111" hai2="18,49,135,92,54,2,0,52,60,119,70,50,101" hai3="44,63,10,127,121,122,1,109,84,82,123,36,8"/><T59/><D133/><U38/><E83/><V24/><F135/><W116/><G116/><T4/><D68/><U75/><E75/><V6/><F119/><W130/><G109/><T94/><D4/><U34/><E34/><V14/><F6/><W97/><G127/><T62/><D45/><N who="1" m="25655" /><E98/><N who="2" m="59591" /><F0/><W56/><G130/><T81/><D81/><U5/><E5/><V67/><F70/><W117/><G117/><T73/><D73/><U100/><E100/><V76/><F76/><N who="3" m="46151" /><G97/><N who="0" m="59703" /><D57/><U32/><E32/><V22/><F67/><N who="3" m="39399" /><G1/><T31/><AGARI ba="0,0" hai="21,26,28,29,31,59,62,64,88,89,90" m="59703" machi="31" ten="30,11700,0" yaku="25,1,8,1,52,1,54,1" doraHai="55" who="0" fromWho="0" sc="250,117,250,-39,250,-39,250,-39" /><INIT seed="0,1,0,0,5,96" ten="367,211,211,211" oya="0" hai0="61,108,51,74,50,95,12,1,57,109,116,85,115" hai1="13,78,2,134,35,27,48,87,52,15,72,125,76" hai2="45,55,110,18,102,119,79,67,111,92,100,70,127" hai3="17,9,46,82,113,11,121,4,123,38,49,60,5"/><T104/><D74/><U37/><E2/><V36/><F127/><W26/><G113/><T133/><D1/><U101/><E37/><V129/><F129/><W114/><G38/><T10/><D115/><U93/><E72/><V59/><F119/><W29/><G114/><T107/><D116/><U39/><E39/><V23/><F79/><W71/><G82/><T75/><D75/><U122/><E122/><N who="3" m="46602" /><G60/><T20/><D20/><U54/><E125/><V97/><F67/><W86/><G86/><T21/><D21/><U56/><E134/><V53/><F70/><W41/><G71/><T62/><D133/><U69/><E69/><V118/><F118/><W30/><G17/><T42/><D62/><U90/><E35/><V66/><F66/><W128/><G128/><T6/><D104/><U124/><E27/><V31/><F31/><N who="3" m="11787" /><G26/><T81/><D107/><U98/><E124/><V103/><F36/><W16/><G16/><T99/><D108/><N who="2" m="41514" /><F18/><W88/><G88/><N who="0" m="55783" /><D109/><U3/><E78/><V130/><F23/><W63/><G63/><T77/><D42/><U83/><E76/><V120/><F130/><W126/><G126/><T7/><D6/><AGARI ba="1,0" hai="4,5,6,9,11,41,46,49" m="11787,46602" machi="6" ten="30,1000,0" yaku="13,1" doraHai="96" who="3" fromWho="0" sc="367,-13,211,0,211,0,211,13" /><INIT seed="1,0,0,5,5,124" ten="354,211,211,224" oya="1" hai0="91,8,110,26,14,54,33,79,40,87,116,101,46" hai1="48,39,83,97,133,58,109,27,47,75,108,31,130" hai2="43,120,38,132,71,9,49,90,24,5,102,65,2" hai3="23,12,7,77,15,29,0,20,63,56,37,34,28"/><U114/><E114/><V78/><F120/><W53/><G37/><T6/><D110/><N who="1" m="42603" /><E133/><V105/><F132/><W112/><G112/><T50/><D116/><U57/><E97/><V99/><F90/><W84/><G0/><T30/><D101/><U123/><E123/><V21/><F49/><W129/><G129/><T89/><REACH who="0" step="1"/><D54/><REACH who="0" ten="344,211,211,224" step="2"/><N who="1" m="29983" /><E130/><V126/><F102/><W10/><G53/><T70/><D70/><U64/><E64/><V111/><F65/><W88/><G34/><T66/><D66/><U35/><E39/><V94/><F38/><W59/><G59/><T85/><D85/><U32/><E32/><V113/><F71/><W73/><G56/><T135/><D135/><U96/><E96/><V60/><F99/><W128/><G84/><T11/><D11/><U18/><E75/><V80/><F111/><W107/><G73/><T118/><D118/><U41/><E41/><V82/><F43/><W25/><G10/><T115/><D115/><U52/><E58/><V36/><F36/><W117/><G128/><T122/><D122/><U104/><E57/><V134/><F134/><W92/><G117/><T45/><D45/><U72/><E52/><V62/><F113/><W121/><G121/><T93/><D93/><U68/><E68/><V81/><F94/><W69/><G92/><T103/><D103/><U131/><E131/><V74/><F105/><W4/><G107/><T3/><D3/><U67/><E104/><V119/><F119/><W16/><G69/><T13/><D13/><U17/><E67/><V76/><F74/><W22/><G15/><T98/><D98/><RYUUKYOKU ba="0,1" sc="344,15,211,15,211,-15,224,-15" hai0="6,8,14,26,30,33,40,46,50,79,87,89,91" hai1="17,18,27,31,35,72,83" /><INIT seed="1,1,1,4,0,116" ten="359,226,196,209" oya="1" hai0="22,0,133,7,65,117,64,66,106,113,90,29,74" hai1="6,88,104,123,93,99,118,135,127,76,81,8,101" hai2="4,71,102,17,14,23,12,42,18,3,43,83,129" hai3="91,126,53,115,51,16,2,60,122,48,61,110,36"/><U131/><E118/><V28/><F129/><W37/><G2/><T98/><D74/><U44/><E131/><V24/><F71/><W34/><G34/><T26/><D113/><U79/><E127/><V49/><F102/><W54/><G115/><T82/><D133/><U121/><E135/><V100/><F100/><W1/><G1/><T109/><D109/><U63/><E63/><V47/><F83/><W21/><G110/><T128/><D128/><U75/><E44/><V32/><F4/><W97/><G122/><T39/><D39/><U78/><E8/><V132/><F3/><W68/><G68/><T9/><D106/><U72/><E6/><V11/><REACH who="2" step="1"/><F132/><REACH who="2" ten="359,226,186,209" step="2"/><W31/><G126/><T59/><D0/><U134/><E134/><V10/><F10/><W112/><G112/><T85/><D9/><U96/><E78/><V89/><F89/><W87/><G91/><T86/><D90/><U130/><E130/><V95/><F95/><W41/><G37/><T67/><D7/><U27/><E27/><V5/><F5/><W15/><G36/><T35/><D26/><U114/><E114/><V20/><F20/><W38/><G38/><T56/><D22/><U111/><E111/><V73/><F73/><W50/><G21/><T55/><D117/><U46/><E46/><V70/><F70/><W33/><G33/><T77/><D35/><U105/><E104/><V19/><F19/><W57/><G16/><T124/><D77/><U25/><E25/><V62/><F62/><W84/><G61/><T107/><D107/><U92/><E105/><V58/><F58/><RYUUKYOKU ba="1,2" sc="359,-15,226,15,186,15,209,-15" hai1="72,75,76,79,81,88,92,93,96,99,101,121,123" hai2="11,12,14,17,18,23,24,28,32,42,43,47,49" /><INIT seed="1,2,2,5,0,50" ten="344,241,201,194" oya="1" hai0="47,65,64,92,87,56,10,60,131,27,111,31,16" hai1="55,7,76,12,35,91,89,59,43,62,34,127,20" hai2="14,86,53,71,19,112,106,100,3,2,77,41,124" hai3="23,29,49,80,4,8,11,46,24,114,96,37,115"/><U66/><E127/><V45/><F124/><W13/><G37/><T90/><D111/><U129/><E43/><V33/><F33/><W78/><G96/><T110/><D110/><U135/><E76/><V95/><F71/><W74/><REACH who="3" step="1"/><G11/><REACH who="3" ten="344,241,201,184" step="2"/><T107/><D10/><U94/><E129/><V83/><F112/><W82/><G82/><T38/><D38/><U109/><E109/><V28/><F106/><W119/><G119/><T61/><D107/><U79/><E94/><V48/><F95/><W81/><G81/><T51/><D131/><U108/><E108/><V72/><F100/><W118/><G118/><T69/><D92/><U68/><E135/><V117/><F117/><W18/><G18/><T116/><D16/><U123/><E123/><V44/><F28/><W36/><G36/><T22/><D116/><U99/><E99/><V73/><F73/><W132/><G132/><T17/><D17/><U85/><E7/><V0/><F72/><W75/><G75/><T9/><D9/><U67/><E85/><V15/><REACH who="2" step="1"/><F19/><REACH who="2" ten="344,241,191,184" step="2"/><W58/><G58/><T39/><D56/><U98/><E59/><V126/><F126/><W97/><G97/><T88/><D69/><U30/><E98/><V42/><F42/><AGARI ba="2,4" hai="4,8,13,23,24,29,42,46,49,74,78,80,114,115" machi="42" ten="30,2000,0" yaku="1,1,7,1,53,0" doraHai="50" doraHaiUra="101" who="3" fromWho="2" sc="344,0,241,0,191,-26,184,66" /><INIT seed="2,0,0,3,5,40" ten="344,241,165,250" oya="2" hai0="23,121,58,56,53,54,28,97,66,135,118,19,84" hai1="94,17,63,105,48,122,100,25,4,39,104,38,26" hai2="24,69,64,6,130,87,124,75,51,81,73,120,88" hai3="72,47,128,126,59,106,115,33,103,107,111,109,129"/><V116/><F116/><W0/><G126/><T78/><D121/><U36/><E122/><V101/><F120/><W29/><G0/><T13/><D135/><U123/><E123/><V79/><F124/><W18/><G72/><T67/><D28/><U2/><E63/><V9/><F130/><N who="3" m="50283" /><G115/><T68/><D68/><U22/><E26/><V89/><F101/><W86/><G18/><T131/><D131/><U32/><E32/><V93/><F24/><N who="3" m="18599" /><G59/><T7/><D7/><U92/><E4/><V12/><F51/><W113/><G113/><T27/><D13/><U77/><E2/><V127/><F127/><W1/><G1/><T108/><D108/><N who="3" m="41545" /><G103/><T60/><D118/><U46/><E100/><V112/><F112/><W55/><G86/><T90/><D97/><U34/><E34/><V41/><F41/><W70/><G70/><T35/><D35/><U98/><E98/><V16/><F6/><W15/><G15/><T133/><D67/><U5/><E5/><V71/><F73/><W31/><G31/><T95/><D66/><U119/><E119/><V96/><REACH who="2" step="1"/><F64/><REACH who="2" ten="344,241,155,250" step="2"/><W3/><G3/><T50/><D50/><AGARI ba="0,1" hai="47,50,55,106,107" m="41545,18599,50283" machi="50" ten="30,3900,0" yaku="19,1,14,1,52,1" doraHai="40" who="3" fromWho="0" sc="344,-39,241,0,155,0,250,49" /><INIT seed="3,0,0,5,3,11" ten="305,241,155,299" oya="3" hai0="43,134,85,113,91,95,15,26,31,112,92,53,59" hai1="121,36,68,38,57,103,1,94,127,55,114,45,76" hai2="105,99,28,0,63,115,123,97,62,18,30,35,120" hai3="51,19,47,74,5,83,66,37,67,56,40,41,107"/><W72/><G107/><T106/><D106/><U2/><E76/><V132/><F105/><W131/><G5/><T130/><D130/><U96/><E114/><N who="0" m="44137" /><D43/><U87/><E68/><V82/><F115/><W78/><G131/><T126/><D15/><U70/><E70/><V21/><F0/><W65/><G19/><T75/><D75/><U16/><E121/><V81/><F21/><W86/><G41/><T64/><D64/><U44/><E87/><V4/><F4/><W88/><G74/><T109/><D109/><U98/><E127/><V135/><REACH who="2" step="1"/><F18/><REACH who="2" ten="305,241,145,299" step="2"/><W27/><G27/><T20/><D126/><U117/><E16/><V101/><F101/><W52/><G67/><T24/><D20/><U50/><E1/><V9/><F9/><W29/><G29/><T108/><D31/><U25/><E2/><V46/><F46/><W71/><G71/><T58/><D108/><U33/><E44/><V125/><F125/><W118/><G118/><T122/><D122/><U73/><E45/><V6/><F6/><W119/><G119/><T13/><D134/><U61/><E117/><V128/><F128/><W116/><G116/><T54/><D59/><U60/><E57/><V48/><F48/><W80/><AGARI ba="0,1" hai="37,40,47,51,52,56,65,66,72,78,80,83,86,88" machi="80" ten="20,7800,0" yaku="0,1,7,1,54,2" doraHai="11" who="3" fromWho="3" sc="305,-26,241,-26,145,-26,299,88" owari="279,7.9,215,-18.5,119,-38.1,387,48.7" /></mjloggm>