<mjloggm ver="2.3"><GO type="225" lobby="0"/><UN n0="%38%63%E3%81%AF%E3%81%A3%E3%81%97%E3%83%BC" n1="%77%72%77%72%77%72%77%72" n2="%E6%A0%B9%E5%85%83%E3%81%8B%E3%82%89%E5%90%B9%E3%81%A3%E9%A3%9B%E3%81%B6" n3="%E4%B8%89%E5%86%A0%E7%8E%8B%E3%83%BB%E5%B1%B1%E7%94%B0%E5%93%B2%E4%BA%BA" dan="16,16,17,16" rate="2085.75,2105.94,2225.48,2115.64" sx="M,M,F,M"/><TAIKYOKU oya="0"/><INIT seed="0,0,0,1,0,0" ten="250,250,250,250" oya="0" hai0="108,53,8,123,13,57,107,77,38,35,82,105,124" hai1="34,48,112,12,20,103,67,73,11,49,91,56,99" hai2="6,15,31,133,132,2,26,44,29,28,86,106,76" hai3="75,118,72,1,47,95,23,45,83,74,78,98,27"/><T129/><D123/><U88/><E34/><V114/><F106/><W90/><G1/><T66/><D129/><U96/><E73/><V43/><F114/><W115/><G118/><T52/><D124/><U101/><E112/><V65/><F65/><W50/><G115/><T117/><D117/><U113/><E20/><V84/><F2/><W110/><G110/><T130/><D130/><U24/><E24/><V62/><F62/><W134/><G134/><N who="2" m="51817" /><F76/><W51/><G51/><N who="1" m="19530" /><E113/><V121/><F121/><W3/><G3/><T17/><D38/><U120/><E120/><V69/><F69/><W100/><G100/><N who="1" m="38474" /><E56/><V92/><F26/><W104/><G104/><T9/><D35/><U25/><E25/><V42/><F44/><W122/><G122/><T68/><D68/><U126/><E67/><V127/><F127/><W135/><G135/><T85/><D108/><U71/><E71/><V89/><F86/><W22/><G45/><T36/><D36/><U59/><E59/><V55/><F55/><W109/><G109/><T116/><D116/><U128/><E128/><V58/><F58/><W93/><G27/><T60/><D105/><U37/><E37/><V119/><F119/><W32/><G32/><T16/><D107/><U18/><E126/><V14/><F14/><AGARI ba="0,0" hai="8,9,13,14,16,17,52,53,57,60,66,77,82,85" machi="14" ten="40,12000,1" yaku="9,1,8,1,54,2" doraHai="0" who="0" fromWho="2" sc="250,120,250,0,250,-120,250,0" /><INIT seed="0,1,0,1,3,61" ten="370,250,130,250" oya="0" hai0="37,98,127,60,7,114,30,71,29,102,92,54,0" hai1="13,55,39,100,1,42,106,36,117,110,16,27,105" hai2="85,14,125,58,62,121,47,128,95,38,46,129,124" hai3="24,77,6,134,112,86,123,99,115,133,107,43,25"/><T70/><D114/><U75/><E117/><V118/><F14/><W40/><G6/><T26/><D37/><U69/><E1/><V56/><F95/><W78/><G86/><T23/><D127/><N who="2" m="48714" /><F85/><W4/><G4/><T76/><D76/><U97/><E75/><V81/><F81/><W18/><G99/><T108/><D108/><U94/><E27/><V2/><F2/><W88/><G18/><T111/><D111/><U32/><E32/><V11/><F11/><W52/><G107/><T89/><D30/><U101/><E101/><V74/><F74/><W82/><G82/><T63/><D7/><U3/><E3/><V64/><F118/><W66/><G123/><T65/><D0/><U103/><E103/><V119/><F119/><W72/><G72/><T113/><D113/><U120/><E120/><V57/><F121/><W126/><G126/><T31/><D31/><U34/><E34/><V67/><F67/><W45/><G66/><T20/><D20/><U131/><E106/><V35/><F35/><W91/><G78/><T22/><D22/><U68/><E105/><V59/><F38/><W50/><G77/><T12/><D12/><U73/><E36/><V96/><F96/><W51/><G115/><T104/><D104/><U5/><E39/><V79/><F79/><W33/><G112/><T90/><D70/><U48/><E5/><V87/><F87/><W21/><G21/><T84/><D84/><U109/><E73/><V130/><AGARI ba="1,0" hai="46,47,56,57,58,59,62,64,128,129,130" m="48714" machi="130" ten="40,8000,1" yaku="19,1,18,1,34,2,52,1" doraHai="61" who="2" fromWho="2" sc="370,-41,250,-21,130,83,250,-21" /><INIT seed="1,0,0,2,5,102" ten="329,229,213,229" oya="1" hai0="80,132,130,18,72,17,126,45,135,70,49,116,36" hai1="75,62,24,19,57,103,21,39,56,105,124,25,89" hai2="95,131,34,44,106,91,129,37,114,14,79,48,123" hai3="60,109,31,127,58,118,67,8,15,23,16,125,33"/><U50/><E39/><V82/><F123/><W115/><G115/><T81/><D116/><U27/><E124/><N who="3" m="47690" /><G109/><T38/><D70/><U134/><E134/><N who="0" m="51241" /><D126/><U113/><E113/><V41/><F34/><W117/><G33/><T35/><D35/><U22/><E75/><N who="2" m="43391" /><F14/><N who="3" m="9623" /><G31/><T2/><D2/><U12/><E89/><V29/><F29/><W30/><G30/><T86/><D130/><N who="2" m="49674" /><F114/><W78/><G78/><N who="0" m="44103" /><D38/><U112/><E112/><V128/><N who="2" m="49682" /><V32/><DORA hai="87" /><F32/><W100/><G100/><T96/><D96/><U0/><E0/><V92/><F37/><W47/><G47/><T74/><D74/><U90/><E22/><V66/><F66/><W98/><G98/><T107/><D36/><U83/><E21/><V77/><F77/><W43/><G43/><T9/><D9/><U119/><E19/><AGARI ba="0,0" hai="8,15,19,58,60,67,117,118" m="9623,47690" machi="19" ten="30,2000,0" yaku="18,1,54,1" doraHai="102,87" who="3" fromWho="1" sc="329,0,229,-20,213,0,229,20" /><INIT seed="2,0,0,1,3,66" ten="329,209,213,249" oya="2" hai0="3,132,54,5,128,135,37,41,89,114,69,22,17" hai1="47,50,20,40,133,98,113,129,1,102,35,93,96" hai2="11,26,116,12,130,33,124,119,120,59,56,34,46" hai3="28,39,61,65,51,16,70,8,123,29,122,84,10"/><V71/><F120/><W52/><G122/><T32/><D32/><U76/><E35/><V43/><F34/><W67/><G123/><T134/><D114/><U131/><E113/><V86/><F124/><W77/><G39/><T38/><D128/><N who="1" m="49227" /><E133/><V62/><F130/><W87/><G67/><T80/><D54/><U112/><E112/><V91/><F59/><W106/><G106/><T48/><D69/><U81/><E1/><V64/><F56/><W7/><G16/><T53/><D41/><U30/><E98/><V99/><F26/><W100/><G100/><T95/><D80/><U25/><E81/><V24/><F24/><W103/><G103/><T121/><D121/><U44/><E44/><V9/><F33/><W88/><G77/><AGARI ba="0,0" hai="20,25,30,40,47,50,76,77,93,96,102" m="49227" machi="77" ten="30,1000,0" yaku="19,1" doraHai="66" who="1" fromWho="3" sc="329,0,209,10,213,0,249,-10" /><INIT seed="3,0,0,4,4,119" ten="329,219,213,239" oya="3" hai0="61,74,75,5,21,127,1,110,9,91,128,67,123" hai1="15,53,22,11,30,65,40,13,41,66,25,28,121" hai2="125,108,130,132,102,85,106,36,118,90,133,69,126" hai3="26,94,29,3,32,34,120,129,19,7,20,117,101"/><W80/><G117/><T27/><D123/><U122/><E53/><V44/><F108/><W70/><G70/><T24/><D110/><U131/><E131/><V112/><F112/><W115/><G115/><T60/><D128/><U76/><E76/><V38/><F69/><W68/><G68/><T98/><D24/><U89/><E89/><V6/><F6/><W135/><G129/><T79/><D127/><N who="2" m="48650" /><F118/><W86/><G135/><N who="2" m="51785" /><F130/><W8/><G120/><T87/><D98/><U114/><E114/><V64/><F64/><W95/><G101/><T92/><D79/><U39/><E39/><N who="2" m="14891" /><F44/><W78/><REACH who="3" step="1"/><G34/><REACH who="3" ten="329,219,213,229" step="2"/><T4/><D4/><U2/><E122/><V16/><F16/><W107/><G107/><T111/><D111/><U96/><E121/><V63/><F106/><W72/><G72/><T113/><D113/><U104/><E104/><V23/><F102/><W73/><G73/><T99/><D75/><U12/><E28/><V124/><F124/><W54/><G54/><T93/><D74/><U77/><E30/><V45/><F45/><W33/><G33/><T59/><D67/><U17/><E65/><V37/><F37/><W55/><G55/><T0/><D5/><N who="1" m="1463" /><E66/><V81/><F63/><W83/><G83/><T47/><D47/><U35/><E35/><V103/><F103/><W57/><G57/><T116/><D59/><U56/><E56/><V42/><F42/><W88/><G88/><T18/><D116/><U58/><E58/><V46/><F46/><W48/><G48/><T52/><D91/><U14/><N who="1" m="3072" /><DORA hai="134" /><U105/><E77/><V31/><F31/><RYUUKYOKU ba="0,1" sc="329,-30,219,10,213,10,229,10" hai1="17,22,25,40,41,96,105" hai2="23,81,85,90" hai3="3,7,8,19,20,26,29,32,78,80,86,94,95" /><INIT seed="3,1,1,1,5,25" ten="299,229,223,239" oya="3" hai0="29,17,79,110,65,18,114,2,63,107,87,82,132" hai1="130,73,89,122,49,55,75,56,54,19,6,59,9" hai2="39,101,21,108,98,58,102,24,33,84,51,1,30" hai3="62,41,0,119,27,91,111,7,124,11,31,53,109"/><W100/><G119/><T28/><D110/><N who="3" m="41993" /><G124/><T47/><D107/><U83/><E122/><V44/><F1/><W118/><G118/><T50/><D2/><U12/><E130/><V16/><F108/><W81/><G41/><T45/><D132/><U36/><E36/><V22/><F33/><N who="3" m="20735" /><G100/><N who="2" m="38505" /><F39/><W95/><G81/><T77/><D77/><U131/><E131/><V60/><F98/><N who="3" m="57727" /><G53/><T52/><D114/><U88/><E6/><V134/><F84/><W92/><G62/><T40/><D17/><U66/><E66/><N who="2" m="39191" /><F134/><W133/><G92/><T94/><D18/><U38/><E38/><V112/><F112/><W90/><G90/><T123/><D123/><U67/><E67/><V126/><F126/><W20/><G133/><T127/><D94/><U103/><E103/><V117/><F117/><W35/><G20/><T120/><D120/><U57/><E57/><V34/><F34/><AGARI ba="1,1" hai="0,7,11,34,35" m="57727,20735,41993" machi="34" ten="30,5800,0" yaku="14,1,10,1,52,1" doraHai="25" who="3" fromWho="2" sc="299,0,229,0,223,-61,239,71" owari="299,9.9,229,-17.1,162,-33.8,310,41.0" /></mjloggm>