<mjloggm ver="2.3"><GO type="225" lobby="0"/><UN n0="%E5%84%AA%40%41%42%43" n1="%33%74%72%65%65" n2="%E3%81%A1%E3%82%85%E3%81%86%E3%81%A9%E3%81%8F%E8%B1%A1%E3%81%95%E3%82%93" n3="%E3%83%9F%E3%83%AA%E3%83%80%E3%81%97%E3%82%88" dan="17,17,16,16" rate="2226.75,2153.01,2085.39,2046.73" sx="M,F,M,M"/><TAIKYOKU oya="0"/><INIT seed="0,0,0,4,0,120" ten="250,250,250,250" oya="0" hai0="112,24,84,66,7,117,114,53,100,41,51,23,89" hai1="133,135,48,111,54,35,19,93,71,31,97,17,99" hai2="39,131,30,21,0,8,47,59,16,15,77,78,88" hai3="107,34,5,130,61,95,109,33,128,98,121,26,125"/><T44/><D117/><U38/><E38/><V129/><F59/><W119/><G119/><T52/><D66/><U94/><E71/><V32/><F39/><W22/><G121/><T25/><D100/><U43/><E43/><V122/><F47/><W67/><G125/><T116/><D116/><U85/><E85/><V70/><F70/><W40/><G5/><T69/><D69/><U76/><E76/><V90/><F122/><W106/><G40/><T103/><D103/><U3/><E3/><V29/><F78/><W49/><G49/><T58/><D7/><U14/><E31/><N who="2" m="11787" /><F32/><W20/><G34/><T27/><D23/><U60/><E60/><V105/><F77/><W75/><G33/><T74/><D74/><U1/><E1/><V57/><F57/><W65/><G75/><T18/><D18/><U63/><E63/><V50/><F50/><W104/><G61/><T68/><D68/><U82/><E48/><V42/><F42/><W83/><G83/><T36/><REACH who="0" step="1"/><D53/><REACH who="0" ten="240,250,250,250" step="2"/><U28/><E54/><V123/><F123/><W2/><G65/><T45/><D45/><U46/><E46/><V96/><F105/><W64/><G64/><T91/><D91/><U79/><E35/><V113/><F90/><W87/><G67/><T13/><D13/><U6/><E14/><V55/><F55/><W108/><G106/><T12/><D12/><U126/><E19/><V101/><F88/><W10/><G104/><T127/><D127/><U11/><E126/><V80/><F21/><W134/><G107/><T37/><D37/><U4/><E4/><V72/><F0/><RYUUKYOKU ba="0,1" sc="240,30,250,-10,250,-10,250,-10" hai0="24,25,27,36,41,44,51,52,58,84,89,112,114" /><INIT seed="0,1,1,0,5,27" ten="270,240,240,240" oya="0" hai0="65,36,28,62,102,108,10,67,69,1,116,29,68" hai1="124,88,127,110,57,75,54,42,107,18,35,89,7" hai2="133,76,22,118,8,19,51,12,23,16,130,125,96" hai3="112,95,6,91,46,20,83,93,9,101,34,50,115"/><T106/><D116/><U37/><E75/><V66/><F118/><W99/><G34/><T40/><D108/><U104/><E110/><V97/><F133/><W79/><G20/><T59/><D36/><U105/><E7/><V13/><F125/><N who="1" m="48201" /><E35/><V70/><F130/><W58/><G58/><T74/><D74/><U0/><E0/><V111/><F111/><W131/><G131/><T63/><D40/><U80/><E18/><V117/><F117/><W33/><G33/><T73/><D73/><U128/><E128/><V31/><F76/><W61/><G61/><T77/><D77/><U30/><E30/><V81/><F81/><W100/><G100/><T114/><D114/><U15/><E15/><V4/><F51/><W86/><G9/><T87/><D87/><U49/><E80/><V85/><F85/><W134/><G6/><T38/><D38/><U47/><AGARI ba="1,1" hai="37,42,47,49,54,57,88,89,104,105,107" m="48201" machi="47" ten="40,2700,0" yaku="18,1,54,1" doraHai="27" who="1" fromWho="1" sc="270,-14,240,40,240,-8,240,-8" /><INIT seed="1,0,0,5,5,105" ten="256,280,232,232" oya="1" hai0="88,47,89,82,49,55,112,60,5,20,61,108,121" hai1="73,83,113,10,101,107,4,11,85,69,54,6,29" hai2="31,35,57,90,66,99,120,78,86,117,0,106,58" hai3="62,74,46,16,24,50,45,38,2,64,28,30,67"/><U92/><E113/><V21/><F120/><W56/><G2/><T116/><D116/><U1/><E69/><V51/><F117/><W12/><G74/><T87/><D112/><U111/><E29/><V81/><F0/><W109/><G109/><T19/><D108/><U14/><E111/><V22/><F57/><W129/><G129/><T93/><D5/><U27/><E107/><V8/><F8/><W37/><G67/><T100/><D100/><U65/><E65/><V91/><F106/><W32/><G30/><T114/><D121/><U23/><E54/><V17/><F99/><W33/><G33/><T59/><D47/><U123/><E123/><V42/><F35/><W72/><G72/><T124/><D124/><U132/><E132/><V131/><F131/><W44/><REACH who="3" step="1"/><G50/><REACH who="3" ten="256,280,232,222" step="2"/><T76/><D114/><U75/><E75/><V70/><F31/><W126/><G126/><T48/><D49/><U39/><E73/><V94/><F66/><W84/><G84/><N who="0" m="52359" /><D76/><U102/><E85/><V40/><F78/><W104/><G104/><T63/><D48/><U7/><E1/><V71/><F51/><W134/><G134/><T34/><D34/><U77/><E77/><V103/><F86/><W110/><G110/><T9/><D9/><AGARI ba="0,1" hai="9,12,16,24,28,32,37,38,44,45,46,56,62,64" machi="9" ten="40,5200,0" yaku="1,1,54,1,53,1" doraHai="105" doraHaiUra="53" who="3" fromWho="0" sc="256,-52,280,0,232,0,222,62" /><INIT seed="2,0,0,4,2,15" ten="204,280,232,284" oya="2" hai0="49,32,0,129,100,109,105,33,78,23,59,8,92" hai1="27,91,125,37,101,120,117,58,22,102,11,48,43" hai2="113,107,67,38,28,88,44,97,75,103,51,18,121" hai3="6,135,116,69,71,13,54,124,114,90,63,12,74"/><V106/><F121/><W20/><G116/><T115/><D115/><U60/><E117/><V61/><F113/><W41/><G114/><T73/><D105/><U25/><E125/><V45/><F75/><W62/><G74/><T40/><D109/><U2/><E37/><V53/><F28/><W24/><G41/><T57/><D129/><U1/><E27/><V30/><F30/><W7/><G124/><T52/><D40/><U89/><E2/><V112/><F112/><W87/><G135/><T104/><D104/><U36/><E36/><V64/><F106/><W29/><G69/><T9/><D23/><U128/><E11/><V98/><F18/><W76/><G76/><T132/><D132/><U108/><E1/><V81/><F61/><N who="3" m="23051" /><G54/><T56/><D78/><U68/><E68/><V39/><F45/><W42/><G42/><T133/><D73/><U118/><E108/><V14/><F14/><N who="3" m="5739" /><G71/><T70/><D70/><U31/><E128/><V85/><REACH who="2" step="1"/><F97/><REACH who="2" ten="204,280,222,284" step="2"/><W83/><AGARI ba="0,1" hai="6,7,20,24,29,83,87,90" m="5739,23051" machi="83" ten="30,1100,0" yaku="8,1" doraHai="15" who="3" fromWho="3" sc="204,-3,280,-3,222,-5,284,21" /><INIT seed="3,0,0,4,0,107" ten="201,277,217,305" oya="3" hai0="32,84,63,13,48,71,7,50,125,133,76,102,68" hai1="43,11,12,73,41,25,124,105,118,24,36,62,87" hai2="131,120,126,78,22,75,81,109,83,35,26,74,134" hai3="54,14,119,79,9,108,64,57,0,72,16,19,110"/><W135/><G135/><T100/><D32/><U1/><E1/><V101/><F134/><W46/><G119/><T127/><D133/><U129/><E73/><V117/><F117/><W114/><G114/><T23/><D76/><U111/><E105/><V30/><F109/><N who="3" m="42091" /><G0/><T104/><D84/><U39/><E111/><V70/><F70/><N who="0" m="26666" /><D63/><U5/><E62/><V29/><F101/><N who="0" m="39018" /><D104/><U10/><E118/><V85/><F120/><W99/><G99/><T91/><D91/><U18/><E87/><V98/><F98/><W113/><G113/><T56/><D56/><U89/><E89/><V80/><F85/><W6/><G64/><T33/><D33/><U55/><E39/><V115/><F115/><W51/><G57/><T60/><D60/><U31/><E36/><V86/><F86/><W49/><G49/><N who="0" m="19051" /><D7/><U34/><E5/><V92/><F78/><W112/><G112/><T96/><D96/><U38/><E38/><V93/><F35/><W61/><G61/><T69/><N who="0" m="26674" /><T37/><DORA hai="132" /><D37/><U59/><E34/><V97/><F97/><W130/><G130/><T77/><D77/><U42/><E59/><V45/><F131/><W106/><G106/><T47/><D47/><U44/><E44/><V67/><F67/><W28/><G28/><T4/><D4/><U82/><E31/><V17/><F45/><W123/><G123/><T65/><D65/><U95/><E129/><V21/><F29/><W2/><G2/><T53/><D53/><U40/><N who="1" m="10240" /><DORA hai="94" /><U122/><E55/><V103/><F103/><W116/><G116/><T15/><D15/><RYUUKYOKU ba="0,0" sc="201,15,277,-15,217,-15,305,15" hai0="13,23,125,127" hai3="6,9,14,16,19,46,51,54,72,79" owari="216,-18.4,262,6.2,202,-29.8,320,42.0" /></mjloggm>