<mjloggm ver="2.3"><GO type="225" lobby="0"/><UN n0="%65%6B%61%72%75%74%65" n1="%E3%82%BC%E3%83%AB%E3%83%80%E3%81%AE%E4%BC%9D%E8%AA%AC" n2="%72%69%6F%75%63%68%61%6E" n3="%E4%B8%89%E5%86%A0%E7%8E%8B%E3%83%BB%E5%B1%B1%E7%94%B0%E5%93%B2%E4%BA%BA" dan="16,16,17,17" rate="2112.87,2176.96,2203.49,2139.06" sx="M,M,M,M"/><TAIKYOKU oya="0"/><INIT seed="0,0,0,5,0,90" ten="250,250,250,250" oya="0" hai0="119,43,108,35,38,65,41,103,75,1,52,55,29" hai1="15,23,72,67,6,134,120,45,36,131,19,9,8" hai2="128,14,24,42,5,3,93,122,30,97,111,10,106" hai3="46,53,13,51,54,115,89,60,79,47,135,87,31"/><T61/><D119/><U124/><E120/><V44/><F111/><W83/><G135/><T132/><D132/><U50/><E134/><V37/><F128/><W113/><G31/><T110/><D75/><U92/><E131/><V11/><F122/><W112/><G13/><T116/><D1/><U78/><E124/><V20/><F106/><W84/><G60/><T28/><D103/><U99/><E36/><V66/><F66/><W129/><G129/><T48/><D116/><U2/><E67/><V94/><REACH who="2" step="1"/><F97/><REACH who="2" ten="250,250,240,250" step="2"/><W109/><G109/><N who="0" m="42091" /><D38/><U0/><E0/><V85/><F85/><W117/><G117/><T33/><D33/><U71/><E71/><V123/><F123/><W81/><G113/><T77/><D35/><U26/><E72/><V127/><F127/><W63/><REACH who="3" step="1"/><G63/><REACH who="3" ten="250,250,240,240" step="2"/><T91/><D61/><U64/><E2/><V17/><AGARI ba="0,2" hai="3,5,10,11,14,17,20,24,30,37,42,44,93,94" machi="17" ten="20,8000,1" yaku="1,1,0,1,7,1,52,2,53,0" doraHai="90" doraHaiUra="76" who="2" fromWho="2" sc="250,-40,250,-20,240,100,240,-20" /><INIT seed="1,0,0,2,2,12" ten="210,230,340,220" oya="1" hai0="104,26,58,52,66,131,117,96,75,128,6,107,17" hai1="109,110,125,71,42,101,64,116,81,54,135,134,48" hai2="36,93,82,100,25,21,73,132,130,87,47,76,45" hai3="129,50,103,1,61,123,30,102,85,18,9,22,121"/><U69/><E101/><V72/><F130/><N who="0" m="49706" /><D117/><U33/><E33/><V106/><F132/><N who="1" m="50729" /><E81/><V43/><F106/><W67/><G129/><T65/><D6/><U59/><E116/><V2/><F2/><W29/><G102/><N who="0" m="62535" /><D75/><U114/><E114/><V70/><F70/><N who="1" m="26633" /><E125/><V113/><F113/><W38/><G103/><T56/><D56/><N who="1" m="32839" /><E42/><V79/><F76/><W10/><G123/><T34/><D107/><U88/><E88/><V94/><F100/><W92/><G121/><T53/><D34/><U3/><E3/><V84/><F93/><W23/><G92/><T49/><D53/><U97/><E97/><V120/><F120/><W39/><G85/><T7/><D7/><U55/><E64/><V68/><F94/><W74/><G67/><N who="0" m="25611" /><D26/><U37/><E37/><V83/><F68/><W60/><G1/><T99/><D99/><U127/><E127/><V14/><F83/><W24/><G24/><T31/><D31/><U124/><E124/><V78/><F78/><W63/><G74/><T80/><D80/><U119/><E119/><V89/><F73/><W0/><G0/><T15/><D15/><U91/><E91/><V40/><F14/><W62/><G29/><T35/><D35/><U13/><E13/><V95/><F95/><W118/><G30/><T44/><D17/><U112/><E112/><V5/><F89/><W16/><G18/><T46/><AGARI ba="0,0" hai="44,46,49,52,58" m="25611,62535,49706" machi="46" ten="30,2000,0" yaku="19,1,54,1" doraHai="12" who="0" fromWho="0" sc="210,20,230,-10,340,-5,220,-5" /><INIT seed="2,0,0,3,2,95" ten="230,220,335,215" oya="2" hai0="81,132,43,109,105,135,0,62,54,22,104,15,23" hai1="8,2,57,99,133,101,110,27,61,87,7,42,24" hai2="69,72,120,118,16,127,96,70,123,98,63,71,76" hai3="44,32,30,119,83,5,55,48,116,124,28,131,14"/><V107/><F118/><W128/><G124/><T68/><D0/><U115/><E110/><V1/><F1/><W35/><G83/><T31/><D109/><U89/><E133/><N who="0" m="51273" /><D43/><U38/><E115/><V40/><F127/><W108/><G108/><T80/><D31/><N who="3" m="11817" /><G116/><T74/><D81/><U20/><E20/><N who="0" m="7721" /><D15/><U121/><E121/><V50/><F63/><W37/><G37/><T122/><D122/><U13/><E2/><V77/><F72/><W93/><G119/><T112/><D112/><U91/><E42/><V60/><F60/><W19/><G5/><T12/><D12/><U100/><E38/><V111/><F111/><W67/><G67/><N who="0" m="41079" /><D54/><N who="1" m="33975" /><E27/><V21/><F123/><W51/><G51/><T78/><AGARI ba="0,0" hai="74,78,80,104,105" m="41079,7721,51273" machi="78" ten="30,1100,0" yaku="20,1" doraHai="95" who="0" fromWho="0" sc="230,11,220,-3,335,-5,215,-3" /><INIT seed="3,0,0,2,2,127" ten="241,217,330,212" oya="3" hai0="33,37,73,96,38,89,47,15,63,94,24,25,48" hai1="2,51,35,78,3,86,32,133,27,126,11,19,13" hai2="113,34,103,121,79,111,39,16,23,54,81,22,69" hai3="123,106,95,18,76,102,120,124,68,118,132,83,64"/><W62/><G118/><T30/><D73/><U117/><E126/><V21/><F113/><W52/><G124/><T135/><D135/><U5/><E133/><V50/><F34/><N who="1" m="12841" /><E51/><V41/><F69/><W110/><G132/><T4/><D63/><U57/><E57/><V125/><F125/><W12/><G106/><T75/><D75/><U28/><E86/><N who="2" m="48447" /><F39/><W134/><G134/><T26/><D26/><U92/><E92/><V98/><F111/><W130/><G110/><T88/><D25/><U100/><E100/><V44/><F121/><W129/><G52/><T70/><D70/><U1/><E78/><V43/><F16/><W29/><G29/><T87/><D15/><U31/><E117/><V107/><F107/><W0/><G0/><N who="1" m="106" /><E27/><V93/><AGARI ba="0,0" hai="21,22,23,41,43,44,50,54,93,98,103" m="48447" machi="93" ten="30,1100,0" yaku="8,1" doraHai="127" who="2" fromWho="2" sc="241,-3,217,-3,330,11,212,-5" owari="238,3.8,214,-18.6,341,44.1,207,-29.3" /></mjloggm>