<mjloggm ver="2.3"><GO type="225" lobby="0"/><UN n0="%E5%90%88%E6%B3%95%E3%82%B4%E3%83%AA%E3%83%A9" n1="%6D%75%75%6D%75%72%61" n2="%E4%BE%BF%E6%89%80" n3="%E3%83%A9%E3%82%B9%E7%8E%87%EF%BC%93%E5%89%B2" dan="16,17,16,16" rate="2009.26,2187.09,2038.48,2155.03" sx="M,F,M,F"/><TAIKYOKU oya="0"/><INIT seed="0,0,0,2,0,7" ten="250,250,250,250" oya="0" hai0="82,109,47,77,120,74,83,10,122,14,93,129,56" hai1="6,43,50,26,89,107,123,86,96,24,101,131,39" hai2="90,17,49,67,105,32,134,13,112,55,57,54,38" hai3="127,98,41,36,18,58,132,60,40,44,70,87,9"/><T11/><D129/><U28/><E123/><V8/><F112/><W66/><G132/><T51/><D109/><U31/><E131/><V121/><F121/><W53/><G127/><T34/><D34/><U64/><E39/><V97/><F134/><W68/><G98/><T126/><D126/><U100/><E64/><V117/><F117/><W63/><G87/><T130/><D130/><U94/><E100/><V79/><F38/><W78/><G78/><T102/><D82/><U42/><E6/><V52/><F32/><W106/><G106/><T99/><D56/><U30/><REACH who="1" step="1"/><E50/><REACH who="1" ten="250,240,250,250" step="2"/><V27/><F67/><W81/><G68/><T104/><D104/><U69/><E69/><V25/><F105/><W95/><G36/><T71/><D71/><U5/><E5/><V22/><F79/><W59/><G70/><T116/><D116/><U23/><E23/><V103/><F103/><W29/><G66/><T76/><D122/><U85/><E85/><V110/><F110/><W114/><G114/><T62/><D120/><U124/><E124/><V72/><F72/><W88/><G63/><T19/><D77/><U92/><E92/><N who="2" m="56471" /><F27/><AGARI ba="0,1" hai="24,26,27,28,30,31,42,43,86,89,94,96,101,107" machi="27" ten="40,1300,0" yaku="1,1,53,0" doraHai="7" doraHaiUra="16" who="1" fromWho="2" sc="250,0,240,23,250,-13,250,0" /><INIT seed="1,0,0,5,5,34" ten="250,263,237,250" oya="1" hai0="13,111,3,98,77,59,64,56,127,23,18,105,63" hai1="6,21,122,36,58,68,52,119,90,1,2,84,29" hai2="50,72,17,133,27,134,113,39,5,12,20,95,66" hai3="70,116,69,32,114,41,60,128,99,55,49,132,81"/><U46/><E119/><V38/><F72/><W115/><G32/><T30/><D111/><U92/><E122/><V86/><F113/><N who="3" m="43019" /><G99/><T85/><D127/><U106/><E68/><N who="3" m="26218" /><G81/><T26/><D77/><U16/><E106/><V93/><F66/><W11/><G11/><T125/><D125/><U124/><E124/><V96/><F86/><W28/><G28/><T62/><D85/><U79/><E79/><V10/><F50/><W89/><G89/><T40/><D40/><N who="1" m="22791" /><E6/><V67/><F67/><W0/><G0/><T61/><D3/><U88/><E29/><V135/><REACH who="2" step="1"/><F95/><REACH who="2" ten="250,263,227,250" step="2"/><W54/><G116/><T94/><D64/><U121/><E121/><V24/><F24/><W19/><G49/><T100/><REACH who="0" step="1"/><D105/><REACH who="0" ten="240,263,227,250" step="2"/><U129/><E84/><V110/><F110/><W91/><G41/><T31/><D31/><U123/><E123/><V48/><F48/><W126/><G126/><T42/><D42/><U47/><E129/><V78/><F78/><W73/><G128/><T4/><D4/><U44/><E92/><V103/><AGARI ba="0,2" hai="5,10,12,17,20,27,38,39,93,96,103,133,134,135" machi="103" ten="30,4000,0" yaku="1,1,0,1,20,1,53,0" doraHai="34" doraHaiUra="75" who="2" fromWho="2" sc="240,-10,263,-20,227,60,250,-10" /><INIT seed="2,0,0,3,2,103" ten="230,243,287,240" oya="2" hai0="101,63,110,30,68,119,79,21,128,97,42,32,90" hai1="107,33,93,76,120,70,65,8,85,56,26,58,41" hai2="69,60,47,34,22,13,17,114,48,73,127,43,25" hai3="111,23,72,75,100,0,118,12,54,87,88,94,104"/><V84/><F114/><W36/><G0/><T113/><D113/><U49/><E70/><V24/><F73/><W14/><G118/><T81/><D110/><U16/><E107/><V4/><F127/><W18/><G36/><T134/><D128/><U132/><E33/><V77/><F34/><W53/><G111/><T6/><D6/><U83/><E132/><V67/><REACH who="2" step="1"/><F4/><REACH who="2" ten="230,243,277,240" step="2"/><W74/><REACH who="3" step="1"/><G14/><REACH who="3" ten="230,243,277,230" step="2"/><T5/><D134/><U124/><E124/><V82/><AGARI ba="0,2" hai="13,17,22,24,25,43,47,48,60,67,69,77,82,84" machi="82" ten="30,11700,0" yaku="1,1,2,1,0,1,53,1" doraHai="103" doraHaiUra="45" who="2" fromWho="2" sc="230,-39,243,-39,277,137,230,-39" /><INIT seed="2,1,0,0,3,24" ten="191,204,414,191" oya="2" hai0="82,45,6,19,70,48,86,121,103,120,36,15,72" hai1="118,54,94,89,9,67,8,71,66,57,107,25,26" hai2="109,32,69,79,33,124,55,115,116,102,53,60,34" hai3="59,49,22,1,35,105,38,21,129,29,130,112,14"/><V37/><F115/><W68/><G112/><T17/><D70/><U2/><E107/><V81/><F116/><W99/><G68/><T56/><D72/><U108/><E108/><V127/><F37/><W92/><G38/><T104/><D36/><U40/><E40/><V93/><F109/><W78/><G1/><T28/><D104/><U126/><E126/><N who="2" m="48171" /><F93/><W131/><G78/><T122/><D103/><U46/><E46/><V27/><F102/><W74/><G74/><T110/><D56/><U113/><E118/><V41/><F41/><W65/><G14/><T7/><D17/><U77/><E2/><V73/><F27/><N who="1" m="10249" /><E77/><V111/><F111/><W117/><G117/><T12/><D110/><U106/><E71/><V80/><F80/><W23/><G105/><T95/><D95/><U50/><E106/><V91/><F91/><N who="3" m="55711" /><G35/><T16/><D6/><U62/><E113/><V31/><F31/><W100/><G100/><T3/><D3/><U133/><E133/><V128/><F128/><W64/><G29/><T44/><D7/><U4/><E4/><V84/><F73/><W83/><G83/><T61/><D120/><U134/><E134/><V132/><F132/><W114/><G114/><T47/><D122/><U119/><E119/><V88/><F79/><W10/><G10/><N who="1" m="4202" /><E50/><V97/><F97/><AGARI ba="1,0" hai="54,57,62,66,67,89,94,97" m="4202,10249" machi="97" ten="30,1000,0" yaku="8,1" doraHai="24" who="1" fromWho="2" sc="191,0,204,13,414,-13,191,0" /><INIT seed="3,0,0,0,5,10" ten="191,217,401,191" oya="3" hai0="114,25,96,78,56,3,27,109,49,129,67,128,20" hai1="53,126,19,117,111,133,38,66,7,85,11,31,87" hai2="34,88,51,68,125,72,58,54,52,28,61,35,134" hai3="37,47,112,93,63,90,77,91,75,115,64,46,120"/><W5/><G120/><T18/><D3/><U60/><E38/><V32/><F72/><W106/><G106/><T84/><D109/><U130/><E111/><V95/><F125/><W99/><G5/><T132/><D132/><U105/><E105/><V119/><F134/><W57/><G91/><T29/><D114/><U100/><E133/><V42/><F42/><W113/><REACH who="3" step="1"/><G37/><REACH who="3" ten="191,217,401,181" step="2"/><T6/><D6/><U4/><E4/><V17/><F88/><W97/><G97/><T33/><D96/><U2/><E7/><V44/><F119/><W116/><G116/><T9/><D129/><U30/><E117/><V127/><F127/><W21/><G21/><T82/><D128/><U86/><E126/><V15/><F35/><W23/><G23/><T43/><D33/><U98/><E130/><V71/><F34/><W122/><G122/><T70/><D20/><U41/><E2/><V107/><F32/><W1/><G1/><T118/><D118/><U14/><E98/><V92/><F107/><W108/><G108/><T124/><D124/><U16/><E100/><V48/><F28/><W0/><G0/><T59/><D29/><U36/><E30/><V101/><F101/><W22/><G22/><T102/><D102/><U39/><E31/><V121/><F17/><W79/><G79/><T89/><D78/><U40/><E16/><V24/><F121/><W12/><G12/><T104/><D104/><U80/><E19/><V8/><F15/><W135/><G135/><T62/><D18/><U83/><E14/><V76/><F76/><W103/><G103/><T81/><D89/><RYUUKYOKU ba="0,1" sc="191,-10,217,-10,401,-10,181,30" hai3="46,47,57,63,64,75,77,90,93,99,112,113,115" /><INIT seed="3,1,1,5,5,36" ten="181,207,391,211" oya="3" hai0="58,1,47,72,2,118,33,94,82,16,61,37,29" hai1="99,88,26,134,119,79,48,22,39,0,107,18,64" hai2="114,132,120,46,62,133,113,77,106,102,54,83,7" hai3="101,43,98,86,34,13,3,60,35,41,10,97,11"/><W24/><G34/><T112/><D118/><U126/><E39/><V105/><F120/><W73/><G73/><T111/><D33/><U76/><E0/><V55/><F7/><W8/><G3/><T38/><D29/><U130/><E119/><V5/><F5/><W125/><G125/><T50/><D38/><U95/><E126/><V109/><F109/><W20/><G35/><T74/><D37/><U131/><E134/><N who="2" m="51819" /><F46/><W57/><G13/><T56/><D74/><U30/><E107/><N who="2" m="40971" /><F102/><W68/><G68/><T84/><D72/><U21/><E48/><V81/><F62/><W121/><G86/><T27/><D1/><U127/><E64/><V45/><F45/><W70/><G70/><T100/><D2/><U9/><E9/><V115/><F81/><W49/><G49/><T90/><D112/><U117/><E127/><V32/><F32/><W14/><G14/><T123/><D123/><U44/><E44/><V67/><F67/><N who="3" m="39311" /><G121/><T25/><D111/><U78/><E117/><V110/><F110/><W128/><G128/><N who="1" m="49194" /><E76/><V71/><F71/><W116/><G116/><T4/><D4/><U53/><E53/><V93/><F93/><N who="3" m="58543" /><G98/><N who="0" m="59479" /><D61/><U51/><E51/><V89/><F89/><W135/><G135/><T69/><D69/><U59/><E59/><V12/><F12/><AGARI ba="1,1" hai="12,18,21,22,26,30,78,79,88,95,99" m="49194" machi="12" ten="30,2000,0" yaku="19,1,54,1" doraHai="36" who="1" fromWho="2" sc="181,0,207,33,391,-23,211,0" owari="181,-31.9,240,4.0,368,46.8,211,-18.9" /></mjloggm>