<mjloggm ver="2.3"><GO type="225" lobby="0"/><UN n0="%63%68%78%62%64" n1="%E3%81%82%E3%81%B9%E3%81%99%E3%81%91" n2="%E3%81%82%E3%80%81%E8%B2%A0%E3%81%91%E3%81%BE%E3%81%97%E3%81%9F" n3="%E3%83%AC%E3%82%A4%E3%83%88%E3%83%B3%E5%87%86%E6%95%99%E6%8E%88" dan="16,16,16,19" rate="2137.52,2152.47,2125.74,2300.59" sx="M,M,M,M"/><TAIKYOKU oya="0"/><INIT seed="0,0,0,4,1,92" ten="250,250,250,250" oya="0" hai0="111,12,64,25,95,0,127,114,83,120,28,57,21" hai1="77,126,84,53,13,39,29,87,131,24,49,59,105" hai2="40,109,75,90,31,97,69,134,101,56,110,47,20" hai3="44,119,19,27,73,85,6,17,55,89,125,66,67"/><T94/><D120/><U104/><E39/><V7/><F69/><W30/><G73/><T35/><D114/><U18/><E126/><V45/><F75/><W88/><G119/><T100/><D127/><U117/><E131/><V10/><F90/><W61/><G6/><T58/><D111/><N who="2" m="42506" /><F56/><W52/><G125/><T38/><D38/><U122/><E117/><V116/><F134/><W91/><G85/><T42/><D0/><U124/><E124/><V72/><F72/><W102/><G102/><T63/><D42/><U86/><E105/><V9/><F116/><W80/><G80/><T98/><D83/><U71/><E104/><V26/><F7/><W51/><G55/><T118/><D118/><U41/><E71/><V123/><F123/><W76/><G76/><T108/><D108/><U135/><E135/><V43/><F43/><W70/><REACH who="3" step="1"/><G67/><REACH who="3" ten="250,250,250,240" step="2"/><T36/><D36/><U79/><E41/><V54/><F54/><W133/><G133/><T46/><D46/><N who="2" m="17418" /><F40/><W107/><G107/><AGARI ba="0,1" hai="9,10,20,26,31,97,101,107" m="17418,42506" machi="107" ten="30,2000,0" yaku="14,1,52,1" doraHai="92" who="2" fromWho="3" sc="250,0,250,0,250,30,240,-20" /><INIT seed="1,0,0,2,4,28" ten="250,250,280,220" oya="1" hai0="1,34,78,7,114,45,8,101,69,37,29,75,12" hai1="121,46,112,122,97,55,6,49,36,71,135,67,118" hai2="26,14,53,111,32,87,57,130,65,134,96,113,70" hai3="51,117,58,129,124,123,54,40,25,99,10,105,116"/><U104/><E6/><V81/><F111/><W56/><G123/><N who="1" m="47114" /><E104/><V2/><F2/><W23/><G124/><T42/><D114/><U93/><E93/><V79/><F70/><W115/><G115/><T102/><D12/><U86/><E86/><V18/><F65/><W47/><G129/><T132/><D132/><U100/><E100/><V98/><F113/><W61/><G10/><T90/><D90/><U68/><E97/><V77/><F130/><W119/><G58/><T11/><D11/><U41/><E135/><V106/><F79/><W74/><G74/><T13/><D13/><U72/><E72/><V43/><F43/><W3/><G3/><T84/><D84/><U109/><E112/><V21/><F106/><W19/><G105/><T85/><D85/><U92/><E92/><V35/><F134/><W76/><REACH who="3" step="1"/><G99/><REACH who="3" ten="250,250,280,210" step="2"/><T9/><D9/><U48/><E109/><V108/><F108/><W60/><G60/><T126/><D126/><U66/><E118/><V94/><F98/><W82/><G82/><N who="0" m="45407" /><D69/><N who="1" m="26699" /><E36/><V33/><F96/><W17/><G17/><T20/><D20/><U91/><E91/><V31/><REACH who="2" step="1"/><F94/><REACH who="2" ten="250,250,270,210" step="2"/><W64/><G64/><T107/><D107/><U0/><E0/><V44/><F44/><AGARI ba="0,2" hai="41,44,46,48,49,55,66,67" m="26699,47114" machi="44" ten="30,2900,0" yaku="34,2" doraHai="28" who="1" fromWho="2" sc="250,0,250,49,270,-29,210,0" /><INIT seed="1,1,0,2,3,21" ten="250,299,241,210" oya="1" hai0="107,103,102,15,115,14,76,123,93,50,59,32,47" hai1="44,55,88,63,17,16,83,62,9,113,81,129,0" hai2="131,40,111,105,74,23,2,85,97,12,53,116,78" hai3="114,4,72,119,108,120,86,6,80,100,64,37,122"/><U26/><E113/><V95/><F116/><W61/><G114/><T125/><D115/><U11/><E129/><V25/><F2/><W39/><G119/><T130/><D130/><U36/><E36/><V20/><F131/><W69/><G108/><T126/><D123/><U42/><E42/><V89/><F111/><W117/><G117/><T135/><D135/><U48/><E0/><V56/><F40/><W68/><G68/><T104/><D32/><U28/><E83/><V46/><F46/><W96/><G4/><T38/><D38/><U73/><E73/><V54/><F12/><W49/><G49/><T77/><D50/><U19/><E11/><V18/><F23/><W52/><G6/><T5/><D47/><U118/><E9/><V87/><F105/><W8/><G8/><T24/><D93/><U128/><E128/><V29/><F29/><W90/><G72/><T92/><D92/><U43/><E43/><V98/><F54/><W71/><G71/><T121/><D5/><U30/><E30/><V70/><F70/><W65/><G65/><T91/><D121/><U41/><E55/><V10/><F10/><W22/><G52/><T82/><D82/><U94/><E81/><N who="2" m="47287" /><F74/><W134/><G120/><T60/><D60/><AGARI ba="1,0" hai="18,20,25,53,56,60,87,89,95,97,98" m="47287" machi="60" ten="30,2000,0" yaku="8,1,52,1" doraHai="21" who="2" fromWho="0" sc="250,-23,299,0,241,23,210,0" /><INIT seed="2,0,0,5,2,12" ten="227,299,264,210" oya="2" hai0="114,51,16,29,79,104,99,78,85,57,31,54,40" hai1="63,60,45,15,97,88,37,65,8,74,111,83,90" hai2="0,3,14,128,5,70,4,93,103,33,109,115,53" hai3="21,13,106,43,98,72,132,22,71,32,80,64,66"/><V108/><F70/><W133/><G32/><T91/><D114/><U25/><E111/><N who="2" m="42571" /><F115/><W58/><G71/><T69/><D69/><U117/><E25/><V34/><F53/><W59/><G43/><T41/><D104/><U130/><E130/><V17/><F93/><W44/><G44/><T87/><D99/><U92/><E65/><N who="3" m="25194" /><G72/><T121/><D121/><U118/><E118/><V52/><F52/><W81/><G98/><T84/><D91/><U119/><E74/><V7/><F103/><W94/><G94/><T68/><D68/><U129/><E129/><V96/><F96/><W47/><G47/><T26/><D41/><U120/><E120/><V23/><F128/><W9/><G106/><T27/><D27/><U20/><E97/><V82/><F82/><N who="3" m="31851" /><G133/><T77/><D40/><U18/><E83/><V122/><F122/><W30/><G132/><T75/><D75/><U126/><E92/><V76/><F76/><W38/><G38/><T42/><D42/><U1/><E37/><V49/><F49/><W95/><G95/><T116/><D116/><U19/><E119/><V101/><F101/><W62/><G62/><T135/><D135/><U50/><E63/><V123/><F123/><W6/><G59/><T125/><D125/><U46/><E60/><V2/><AGARI ba="0,0" hai="0,2,3,4,5,7,14,17,23,33,34" m="42571" machi="2" ten="40,12000,1" yaku="14,1,10,1,34,2,52,1" doraHai="12" who="2" fromWho="2" sc="227,-40,299,-40,264,120,210,-40" /><INIT seed="2,1,0,3,5,113" ten="187,259,384,170" oya="2" hai0="129,100,106,84,17,4,130,80,62,37,52,87,97" hai1="25,16,107,94,13,126,41,104,88,73,117,65,69" hai2="49,125,70,122,34,43,103,33,58,92,110,55,24" hai3="5,60,95,7,127,96,115,48,134,46,131,53,63"/><V19/><F122/><W1/><G115/><T67/><D37/><U18/><E73/><V51/><F70/><W64/><G127/><T102/><D4/><U90/><E41/><V128/><F125/><W82/><G131/><N who="0" m="50187" /><D102/><U133/><E25/><V31/><F128/><W98/><G134/><T29/><D29/><U132/><E126/><V86/><F19/><W2/><G2/><T15/><D80/><U20/><E94/><V135/><F135/><W120/><G120/><T75/><D75/><U59/><E18/><V57/><F110/><W11/><G7/><T9/><D52/><U44/><E44/><V32/><F43/><W71/><G82/><T38/><D38/><U50/><E50/><V28/><F28/><W27/><G95/><T76/><D76/><U54/><E54/><V3/><F3/><W99/><REACH who="3" step="1"/><G63/><REACH who="3" ten="187,259,384,160" step="2"/><T12/><D12/><U10/><E13/><V116/><F92/><W47/><G47/><T22/><D9/><U23/><E10/><V93/><F93/><W123/><G123/><T109/><D109/><U77/><E132/><V36/><F32/><W78/><G78/><T45/><D45/><U8/><E77/><V111/><F33/><W0/><G0/><T35/><D35/><U56/><E8/><V112/><F34/><W121/><G121/><T114/><D114/><U118/><E133/><V40/><F112/><W85/><G85/><T66/><D62/><U89/><E23/><V83/><F83/><W21/><G21/><T30/><D30/><U39/><E20/><V42/><F31/><W108/><G108/><T68/><D68/><RYUUKYOKU ba="1,1" sc="187,15,259,-15,384,-15,160,15" hai0="15,17,22,66,67,84,87,97,100,106" hai3="1,5,11,27,46,48,53,60,64,71,96,98,99" /><INIT seed="3,2,1,1,2,37" ten="202,244,369,175" oya="3" hai0="32,27,80,92,107,114,76,46,43,30,20,0,120" hai1="6,63,28,19,8,100,2,112,26,128,3,106,12" hai2="61,35,39,113,82,25,88,74,101,133,129,122,118" hai3="34,73,119,38,15,31,79,115,16,110,111,102,41"/><W29/><G115/><T45/><D120/><U17/><E112/><V123/><F113/><W57/><G119/><T69/><D107/><U4/><E63/><V21/><F35/><W135/><G102/><T93/><D114/><U60/><E60/><V97/><BYE who="1" /><F39/><W99/><G135/><T40/><D69/><U117/><E117/><V134/><F118/><W42/><G38/><T94/><D0/><U52/><E52/><V116/><F116/><W77/><G99/><T1/><D1/><U51/><E51/><V9/><F9/><W59/><G73/><T50/><D32/><U81/><E81/><V72/><F129/><W103/><G103/><UN n1="%E3%81%82%E3%81%B9%E3%81%99%E3%81%91" /><T70/><D70/><U56/><E56/><N who="3" m="21578" /><G34/><T124/><D124/><U64/><E100/><V89/><F101/><W95/><G95/><T5/><D5/><N who="1" m="2155" /><E106/><V121/><F97/><W33/><G33/><T71/><D71/><U125/><E64/><V75/><F61/><W66/><G66/><T130/><D130/><U13/><E128/><V126/><F126/><W55/><G55/><N who="0" m="30159" /><D46/><U127/><E3/><V91/><F134/><W14/><G110/><T86/><AGARI ba="2,1" hai="20,27,30,40,43,76,80,86,92,93,94" m="30159" machi="86" ten="30,4000,0" yaku="8,1,52,2" doraHai="37" who="0" fromWho="0" sc="202,56,244,-12,369,-12,175,-22" owari="258,5.8,232,-16.8,357,45.7,153,-34.7" /></mjloggm>