<mjloggm ver="2.3"><GO type="225" lobby="0"/><UN n0="%E5%A4%9C%E3%81%AE%E3%82%AC%E3%82%B9%E3%83%91%E3%83%BC%E3%83%AB" n1="%E4%BA%95%E5%B8%AF" n2="%E3%82%B3%E3%83%90%E3%83%AC%E3%82%A4" n3="%E7%99%BD%E5%92%B2%E8%8A%B1%E3%81%A1%E3%82%83%E3%82%93" dan="17,16,16,16" rate="2220.60,2041.58,2085.73,2078.57" sx="M,M,M,F"/><TAIKYOKU oya="0"/><INIT seed="0,0,0,5,3,76" ten="250,250,250,250" oya="0" hai0="81,63,127,54,133,110,100,128,3,37,22,38,80" hai1="64,135,69,35,134,18,111,53,12,120,60,77,96" hai2="94,102,23,130,116,66,14,74,44,65,126,90,55" hai3="61,73,2,17,48,118,122,31,9,15,46,47,45"/><T62/><D3/><U58/><E120/><V93/><F116/><W25/><G118/><T21/><D127/><U29/><E111/><V71/><F74/><W70/><G122/><T40/><D110/><U131/><E131/><V32/><F32/><W123/><G123/><T7/><D128/><U83/><E96/><V42/><F71/><W113/><G113/><T92/><D7/><U39/><E39/><V117/><F117/><W91/><G73/><T86/><D133/><U85/><E29/><V105/><F105/><W27/><G91/><N who="0" m="53367" /><D38/><U51/><REACH who="1" step="1"/><E35/><REACH who="1" ten="250,240,250,250" step="2"/><V109/><F109/><W98/><G98/><T112/><D112/><U103/><E103/><V8/><F130/><W26/><G31/><T119/><D119/><U107/><E107/><V0/><F102/><W97/><G97/><T114/><D114/><U84/><E84/><V19/><F126/><W72/><G72/><T68/><D37/><U52/><E52/><V108/><F55/><W104/><G104/><T87/><D100/><U1/><E1/><V121/><F121/><W78/><G2/><T82/><D40/><U6/><E6/><V20/><F108/><W95/><G17/><T101/><D101/><U34/><E34/><V50/><F0/><W106/><G106/><T49/><D87/><U125/><E125/><V132/><F132/><W56/><G78/><T5/><D5/><U43/><E43/><V4/><F4/><W30/><G30/><T11/><D54/><U36/><E36/><V115/><F115/><W99/><G99/><T129/><D129/><U75/><E75/><V59/><F42/><RYUUKYOKU ba="0,1" sc="250,-10,240,30,250,-10,250,-10" hai1="12,18,51,53,58,60,64,69,77,83,85,134,135" /><INIT seed="1,1,1,5,1,83" ten="240,270,240,240" oya="1" hai0="99,72,22,7,23,128,107,49,4,0,90,54,15" hai1="130,63,87,116,88,39,10,55,71,32,47,82,34" hai2="98,17,62,105,95,86,11,79,9,1,33,77,37" hai3="58,60,24,20,16,26,42,97,19,92,117,12,101"/><U29/><E116/><V53/><F37/><W52/><G117/><T69/><D72/><U41/><E130/><V74/><F33/><W91/><G42/><T133/><D69/><U5/><E29/><V118/><F74/><W120/><G120/><T113/><D113/><U38/><E38/><V70/><F105/><W96/><G19/><T134/><D0/><U78/><E78/><V102/><F1/><W51/><REACH who="3" step="1"/><G60/><REACH who="3" ten="240,270,240,230" step="2"/><T75/><D128/><U6/><E6/><V131/><F118/><W104/><AGARI ba="1,2" hai="12,16,20,24,26,51,52,58,91,92,96,97,101,104" machi="104" ten="20,12000,2" yaku="1,1,2,1,0,1,7,1,54,2,53,0" doraHai="83" doraHaiUra="115" who="3" fromWho="3" sc="240,-31,270,-61,240,-31,230,143" /><INIT seed="2,0,0,3,5,131" ten="209,209,209,373" oya="2" hai0="116,87,92,123,54,61,18,71,89,100,99,15,42" hai1="65,111,76,130,38,69,90,66,112,96,49,132,79" hai2="36,6,25,103,75,37,19,119,10,121,101,45,57" hai3="2,52,14,29,51,0,13,95,77,17,84,5,31"/><V86/><F75/><W91/><G77/><N who="1" m="29770" /><E38/><V104/><F119/><W20/><G2/><T7/><D116/><U127/><E69/><V11/><F121/><W102/><G102/><T23/><D123/><U106/><E106/><V26/><F104/><W41/><G41/><T81/><D42/><U93/><E112/><V21/><F45/><N who="3" m="27759" /><G0/><T94/><D7/><U28/><E111/><V125/><F125/><W80/><G80/><T50/><D71/><U73/><E73/><V113/><F113/><W109/><G109/><T126/><D126/><U117/><E117/><V16/><F86/><W82/><G82/><T62/><REACH who="0" step="1"/><D81/><REACH who="0" ten="199,209,209,373" step="2"/><U8/><E127/><V3/><F36/><W110/><G110/><T60/><D60/><U120/><E120/><V59/><F37/><W64/><G64/><T115/><D115/><U27/><E66/><V34/><F6/><W39/><G39/><T107/><D107/><U35/><E65/><V83/><F83/><W128/><G128/><T105/><D105/><U53/><E130/><V1/><REACH who="2" step="1"/><F21/><REACH who="2" ten="199,209,199,373" step="2"/><W135/><G20/><T133/><D133/><U67/><E132/><V134/><F134/><W22/><G135/><T70/><D70/><U33/><E33/><AGARI ba="0,2" hai="1,3,10,11,16,19,25,26,33,34,57,59,101,103" machi="33" ten="25,18000,2" yaku="1,1,22,2,54,1,53,2" doraHai="131" doraHaiUra="97" who="2" fromWho="1" sc="199,0,209,-180,199,200,373,0" /><INIT seed="2,1,0,2,4,117" ten="199,29,399,373" oya="2" hai0="20,124,131,54,113,66,89,77,70,32,76,56,13" hai1="19,65,92,91,79,14,25,126,22,57,74,112,8" hai2="24,4,44,53,127,125,133,122,49,107,30,50,108" hai3="48,85,98,40,64,11,5,18,119,73,26,37,62"/><V99/><F4/><W84/><G119/><T72/><D113/><U97/><E112/><V6/><F6/><W88/><G73/><T52/><D32/><U16/><E126/><N who="2" m="48139" /><F133/><W39/><G98/><T27/><D124/><U80/><E65/><V68/><F68/><W21/><G48/><T86/><D131/><U129/><E129/><V114/><F114/><W35/><G35/><T60/><D13/><U118/><E118/><V120/><F50/><W116/><G40/><T110/><D110/><U0/><E0/><V31/><F108/><W83/><G85/><T96/><D96/><U9/><REACH who="1" step="1"/><E57/><REACH who="1" ten="199,19,399,373" step="2"/><V103/><F31/><W17/><G116/><T2/><D2/><U87/><E87/><V100/><F103/><W128/><G128/><T43/><D56/><U95/><E95/><V78/><F78/><W93/><G93/><T81/><D77/><U36/><E36/><V1/><F1/><W28/><G39/><T12/><D76/><U42/><E42/><V135/><F135/><W101/><G37/><T111/><D111/><U123/><E123/><V41/><F41/><W29/><G101/><T71/><D43/><U67/><E67/><V51/><F49/><W130/><G130/><T132/><D132/><U134/><E134/><V59/><F59/><N who="3" m="36959" /><G29/><T34/><D66/><U109/><E109/><V10/><F122/><W61/><G61/><T38/><D60/><U46/><E46/><V23/><F120/><W58/><G58/><T69/><D38/><U47/><E47/><V115/><F115/><W7/><G7/><T105/><D71/><U104/><E104/><RYUUKYOKU ba="1,1" sc="199,-30,19,10,399,10,373,10" hai1="8,9,14,16,19,22,25,74,79,80,91,92,97" hai2="10,23,24,30,44,51,53,99,100,107" hai3="5,11,17,18,21,26,28,83,84,88" /><INIT seed="2,2,1,1,1,87" ten="169,29,409,383" oya="2" hai0="107,29,10,84,74,22,45,115,21,12,130,120,80" hai1="88,57,32,103,83,59,122,2,7,105,86,52,15" hai2="31,11,43,82,53,75,16,98,64,119,33,61,4" hai3="118,114,77,108,51,123,3,85,37,132,28,95,68"/><V49/><F119/><W89/><G28/><T121/><D115/><U39/><E122/><V36/><F33/><W100/><G51/><T34/><D74/><U60/><E2/><V41/><F31/><W101/><G77/><T69/><D107/><U50/><E39/><V63/><F63/><W96/><G118/><T48/><D69/><U102/><E32/><V124/><F124/><W26/><G26/><T76/><D130/><U8/><REACH who="1" step="1"/><E105/><REACH who="1" ten="169,19,409,383" step="2"/><V104/><F36/><W23/><G3/><T106/><D34/><U91/><E91/><V129/><F129/><W42/><G89/><T5/><D106/><U0/><E0/><V110/><F110/><W20/><G37/><T35/><D120/><U62/><E62/><V27/><F104/><W44/><G108/><T94/><D121/><U128/><E128/><V65/><F61/><W112/><G123/><T70/><D35/><U81/><E81/><V14/><F65/><AGARI ba="2,2" hai="7,8,15,50,52,57,59,60,65,83,86,88,102,103" machi="65" ten="30,12000,2" yaku="1,1,7,1,8,1,52,1,54,2,53,0" doraHai="87" doraHaiUra="13" who="1" fromWho="2" sc="169,0,19,146,409,-126,383,0" /><INIT seed="3,0,0,2,2,73" ten="169,165,283,383" oya="3" hai0="63,19,112,60,65,62,117,23,20,83,107,37,88" hai1="38,99,100,95,113,24,135,0,81,1,104,67,29" hai2="30,61,25,6,114,13,48,119,32,7,92,40,39" hai3="108,76,78,80,4,59,82,131,72,130,69,55,89"/><W124/><G124/><T22/><D117/><U52/><E113/><V71/><F119/><W84/><G69/><T97/><D37/><U133/><E38/><V94/><F39/><W53/><G108/><T74/><D112/><U111/><E67/><V3/><F3/><W102/><G102/><T93/><D107/><U121/><E111/><V115/><F6/><W122/><G122/><T35/><D35/><N who="1" m="20903" /><E121/><V18/><F7/><W91/><G4/><T106/><D106/><U31/><E95/><V66/><F94/><W58/><G84/><N who="0" m="50207" /><D74/><AGARI ba="0,0" hai="53,55,58,59,72,74,76,78,80,82,89,91,130,131" machi="74" ten="25,9600,0" yaku="22,2,52,2" doraHai="73" who="3" fromWho="0" sc="169,-96,165,0,283,0,383,96" owari="73,-42.7,165,-23.5,283,8.3,479,57.9" /></mjloggm>