<mjloggm ver="2.3"><GO type="225" lobby="0"/><UN n0="%72%69%6F%75%63%68%61%6E" n1="%E3%81%A4%E3%81%A3%E3%81%B1%E3%82%8A%E3%83%9D%E3%83%BC%E3%83%AB" n2="%79%75%72%69%6D%6F%67" n3="%6D%75%75%73%61%6E%6D%75" dan="16,16,17,16" rate="2156.90,2161.55,2171.22,2127.29" sx="M,M,F,F"/><TAIKYOKU oya="0"/><INIT seed="0,0,0,1,4,73" ten="250,250,250,250" oya="0" hai0="110,76,23,109,130,85,60,108,125,131,46,72,75" hai1="16,18,95,28,68,49,113,40,81,33,104,129,47" hai2="20,69,128,0,54,13,31,30,44,106,3,77,64" hai3="105,57,1,114,34,53,91,96,37,127,123,4,102"/><T82/><D125/><U15/><E104/><V132/><F106/><W41/><G114/><T112/><D112/><U50/><E68/><V59/><F69/><W97/><G34/><T7/><D7/><U101/><E113/><V9/><F3/><W24/><G127/><T6/><D6/><U39/><E129/><N who="0" m="49161" /><D60/><U10/><E18/><V2/><F0/><W124/><G124/><T17/><D46/><U115/><E115/><V43/><F2/><W48/><G123/><T12/><AGARI ba="0,0" hai="12,17,23,72,75,76,82,85,108,109,110" m="49161" machi="12" ten="40,12000,1" yaku="14,1,10,1,19,1,52,1" doraHai="73" who="0" fromWho="0" sc="250,120,250,-40,250,-40,250,-40" /><INIT seed="0,1,0,5,0,105" ten="370,210,210,210" oya="0" hai0="87,22,134,117,0,6,38,84,28,104,33,58,19" hai1="15,24,113,2,52,79,9,37,48,85,73,53,101" hai2="86,81,96,77,118,103,11,129,72,17,59,8,70" hai3="42,51,116,30,40,131,93,69,92,78,46,106,60"/><T107/><D117/><U128/><E37/><V122/><F70/><W43/><G116/><T21/><D38/><U27/><E2/><V16/><F129/><W127/><G131/><T99/><D134/><U100/><E73/><V112/><F112/><W66/><G106/><T90/><D22/><U5/><E128/><V4/><F122/><W80/><G127/><T133/><D133/><U41/><E41/><V130/><F130/><W13/><G30/><T55/><D28/><U94/><E113/><V62/><F86/><W108/><G13/><T110/><D33/><U36/><E36/><V20/><F118/><W114/><G108/><T76/><D110/><U57/><E53/><V1/><F20/><W82/><G114/><T54/><D76/><U63/><E63/><V68/><F68/><W132/><G80/><T12/><D99/><N who="1" m="59511" /><E101/><V65/><REACH who="2" step="1"/><F11/><REACH who="2" ten="370,210,200,210" step="2"/><W67/><G132/><T98/><D84/><U83/><AGARI ba="1,1" hai="5,9,15,24,27,48,52,57,79,83,85" m="59511" machi="83" ten="30,2000,0" yaku="8,1,54,1" doraHai="105" who="1" fromWho="1" sc="370,-11,210,33,200,-6,210,-6" /><INIT seed="1,0,0,1,5,8" ten="359,243,194,204" oya="1" hai0="126,75,93,131,33,7,52,87,72,46,70,23,39" hai1="26,53,49,88,133,71,11,4,110,10,63,54,82" hai2="100,89,29,78,96,113,122,60,109,55,127,103,107" hai3="13,40,124,101,20,14,116,3,99,56,129,42,17"/><U28/><E133/><V125/><F122/><W118/><G3/><T0/><D33/><U18/><E110/><V59/><F29/><W94/><G129/><T41/><D70/><U74/><E74/><V45/><F109/><W120/><G120/><T114/><D114/><U64/><E18/><V32/><F32/><W111/><G111/><T112/><D112/><U1/><E11/><V34/><F34/><W84/><G124/><T79/><D131/><U12/><E1/><V97/><F113/><W21/><G56/><T9/><D126/><U135/><E135/><V81/><F45/><W51/><G84/><T61/><D23/><U2/><E2/><V95/><REACH who="2" step="1"/><F103/><REACH who="2" ten="359,243,184,204" step="2"/><W77/><G77/><T19/><D79/><U5/><E28/><V123/><F123/><W27/><G116/><T90/><REACH who="0" step="1"/><D19/><REACH who="0" ten="349,243,184,204" step="2"/><U37/><E71/><V76/><F76/><W66/><G17/><T105/><D105/><U57/><E4/><V117/><F117/><W47/><G118/><T67/><D67/><U115/><E115/><V108/><F108/><W83/><G66/><T119/><D119/><U85/><E64/><V58/><F58/><AGARI ba="0,2" hai="0,7,9,39,41,46,52,58,61,72,75,87,90,93" machi="58" ten="40,2600,0" yaku="1,1,54,1,53,0" doraHai="8" doraHaiUra="30" who="0" fromWho="2" sc="349,46,243,0,184,-26,204,0" /><INIT seed="2,0,0,3,1,87" ten="395,243,158,204" oya="2" hai0="120,98,41,64,75,100,96,5,45,6,60,25,71" hai1="33,51,95,67,99,44,43,46,97,102,108,104,58" hai2="127,131,125,126,34,132,42,112,56,10,65,101,129" hai3="134,78,83,114,106,66,30,76,23,37,109,110,82"/><V27/><F42/><W94/><G106/><T68/><D120/><U122/><E122/><V50/><F101/><W53/><G37/><T31/><D75/><U40/><E108/><N who="3" m="41578" /><G134/><T92/><D98/><U133/><E133/><V73/><F73/><W55/><G114/><T14/><D14/><U15/><E33/><V52/><F112/><W1/><G1/><T62/><D62/><U77/><E77/><N who="3" m="29802" /><G66/><T57/><D68/><U36/><E15/><V17/><F65/><W111/><N who="3" m="41586" /><W59/><DORA hai="135" /><G94/><T91/><D91/><U105/><E67/><V49/><F132/><W9/><G9/><T24/><D71/><U88/><E58/><V113/><F113/><W89/><G89/><T74/><D74/><U117/><REACH who="1" step="1"/><E104/><REACH who="1" ten="395,233,158,204" step="2"/><V63/><F10/><W130/><G59/><T86/><D64/><U20/><E20/><N who="2" m="13711" /><F34/><W2/><G2/><T72/><D57/><U39/><E39/><V116/><F116/><AGARI ba="0,1" hai="36,40,43,44,46,51,88,95,97,99,102,105,116,117" machi="116" ten="40,8000,1" yaku="1,1,52,1,54,1,53,2" doraHai="87,135" doraHaiUra="81,38" who="1" fromWho="2" sc="395,0,233,90,158,-80,204,0" /><INIT seed="3,0,0,2,0,108" ten="395,323,78,204" oya="3" hai0="124,70,76,131,74,15,130,6,43,37,89,26,93" hai1="55,41,23,68,28,0,39,109,110,67,122,64,36" hai2="9,133,53,51,94,104,42,115,5,60,103,65,31" hai3="91,14,47,101,29,134,10,16,3,77,40,1,52"/><W80/><G134/><T90/><D124/><U105/><E105/><V34/><F133/><W22/><G101/><T20/><D70/><U79/><E79/><V81/><F42/><W12/><G40/><T83/><D15/><U44/><E0/><V75/><F81/><W112/><G112/><T46/><D6/><U99/><E99/><V98/><F75/><W27/><G91/><T49/><D37/><N who="1" m="21551" /><E23/><V116/><F94/><W35/><G47/><T48/><D48/><U118/><E28/><V66/><F116/><W126/><G126/><T121/><D121/><U11/><E11/><V84/><F84/><W57/><G14/><T19/><REACH who="0" step="1"/><D89/><REACH who="0" ten="385,323,78,204" step="2"/><U59/><E122/><V71/><F66/><N who="1" m="25129" /><E68/><V113/><F53/><W2/><G10/><T128/><D128/><U13/><E13/><V32/><F51/><W92/><G92/><T50/><D50/><N who="1" m="31223" /><E118/><V8/><F8/><W30/><G30/><T54/><D54/><U7/><E7/><V88/><F88/><W135/><G135/><T106/><D106/><U125/><E125/><V97/><F97/><AGARI ba="0,1" hai="19,20,26,43,46,49,74,76,83,90,93,97,130,131" machi="97" ten="40,1300,0" yaku="1,1,53,0" doraHai="108" doraHaiUra="119" who="0" fromWho="2" sc="385,23,323,0,78,-13,204,0" owari="408,50.8,323,12.3,65,-43.5,204,-19.6" /></mjloggm>