<mjloggm ver="2.3"><GO type="225" lobby="0"/><UN n0="%E3%81%82%E3%81%99%E3%81%AB%E3%82%83%E3%82%80" n1="%72%69%6F%75%63%68%61%6E" n2="%E5%AF%82%E5%AF%9E%E3%82%AE%E3%83%8D%E3%82%B9%E3%83%93%E3%83%BC%E3%83%AB" n3="%E6%80%AA%E3%81%97%E3%81%99%E3%81%8E%E3%82%8B%E3%83%81%E3%83%BC" dan="16,17,16,16" rate="2047.92,2270.53,2173.80,2105.52" sx="F,M,M,M"/><TAIKYOKU oya="0"/><INIT seed="0,0,0,4,3,39" ten="250,250,250,250" oya="0" hai0="131,28,42,33,83,5,31,91,46,85,3,96,78" hai1="8,135,0,120,133,15,76,16,77,82,80,26,51" hai2="90,111,19,36,104,10,1,57,34,4,88,29,101" hai3="43,12,45,113,132,20,23,103,50,18,117,17,64"/><T63/><D131/><U95/><E120/><V97/><F111/><W62/><G113/><T48/><D33/><U130/><E130/><V9/><F36/><W70/><G132/><N who="1" m="50762" /><E0/><V84/><F57/><W25/><REACH who="3" step="1"/><G103/><REACH who="3" ten="250,250,250,240" step="2"/><T41/><D3/><U100/><E26/><V123/><F123/><W53/><G53/><N who="0" m="29847" /><D5/><U89/><E100/><V37/><F1/><W99/><G99/><T122/><D122/><U71/><E71/><V52/><F4/><W74/><G74/><T65/><D65/><U49/><E77/><V11/><F97/><W60/><G60/><T79/><D63/><U125/><E125/><V108/><F101/><W44/><G44/><T75/><D75/><N who="1" m="43039" /><E82/><V59/><F108/><W22/><G22/><T118/><D78/><U21/><E21/><V110/><F110/><W6/><G6/><T107/><D107/><U7/><E7/><V112/><F104/><W40/><G40/><N who="0" m="15467" /><D118/><AGARI ba="0,1" hai="12,17,18,20,23,25,43,45,50,62,64,70,117,118" machi="118" ten="40,8000,1" yaku="1,1,52,1,53,2" doraHai="39" doraHaiUra="115" who="3" fromWho="0" sc="250,-80,250,0,250,0,240,90" /><INIT seed="1,0,0,2,3,110" ten="170,250,250,330" oya="1" hai0="96,10,109,48,89,128,88,8,24,60,0,85,117" hai1="70,132,39,107,113,100,67,43,1,47,16,87,74" hai2="27,112,86,2,114,131,51,116,104,63,111,80,82" hai3="29,135,58,14,75,105,91,106,123,122,5,126,37"/><U28/><E113/><N who="2" m="43627" /><F111/><W7/><G37/><T59/><D109/><U99/><E132/><V3/><F116/><W119/><G135/><T52/><D117/><U79/><E1/><N who="2" m="11" /><F131/><W66/><G119/><T127/><D128/><U73/><E28/><V17/><F104/><W90/><G29/><T11/><D127/><U120/><E120/><V93/><F51/><W45/><G126/><T102/><D0/><U13/><E87/><V69/><F93/><W103/><G75/><T4/><D4/><U77/><E73/><V15/><F27/><W36/><G106/><T65/><D24/><U62/><REACH who="1" step="1"/><E74/><REACH who="1" ten="170,240,250,330" step="2"/><V134/><F134/><W57/><G122/><T83/><D85/><U118/><E118/><V68/><F86/><W12/><G123/><T41/><D83/><N who="2" m="31786" /><F63/><W49/><G36/><T108/><D108/><U98/><E98/><V40/><F40/><W50/><G49/><T56/><REACH who="0" step="1"/><D41/><REACH who="0" ten="160,240,250,330" step="2"/><U26/><E26/><V130/><F130/><W115/><G115/><T30/><D30/><U31/><E31/><V64/><F64/><W61/><G66/><T124/><D124/><U44/><E44/><V125/><F125/><W18/><G45/><T53/><D53/><U34/><E34/><V46/><F46/><W92/><G50/><T76/><D76/><U21/><AGARI ba="0,2" hai="13,16,21,39,43,47,62,67,70,77,79,99,100,107" machi="21" ten="20,7800,0" yaku="1,1,0,1,7,1,54,1,53,0" doraHai="110" doraHaiUra="78" who="1" fromWho="1" sc="160,-26,240,98,250,-26,330,-26" /><INIT seed="1,1,0,3,2,26" ten="134,338,224,304" oya="1" hai0="74,48,59,88,133,131,110,8,72,7,75,9,43" hai1="19,124,114,56,0,97,78,103,1,63,101,54,67" hai2="105,50,92,57,90,125,30,111,116,51,52,117,49" hai3="102,21,79,33,35,10,53,24,44,15,83,25,98"/><U126/><E114/><V17/><F105/><W122/><G122/><T58/><D110/><U60/><E78/><V22/><F111/><W3/><G53/><T82/><D131/><U2/><E19/><V128/><F128/><W45/><G3/><T95/><D133/><U93/><REACH who="1" step="1"/><E103/><REACH who="1" ten="134,328,224,304" step="2"/><V46/><F117/><W86/><G102/><T32/><D72/><U130/><E130/><V11/><F116/><W108/><G79/><T41/><D74/><U6/><E6/><V13/><F125/><W107/><G108/><T23/><D7/><U81/><E81/><V123/><F123/><W68/><G83/><T76/><D82/><U87/><E87/><N who="2" m="52319" /><F46/><W18/><G45/><T119/><D76/><U38/><E38/><V120/><F120/><W14/><G44/><T47/><D75/><U112/><E112/><V99/><F99/><W62/><G98/><T118/><D119/><U121/><E121/><V64/><F64/><W115/><G86/><T70/><D118/><U77/><E77/><V39/><F39/><W132/><G115/><T89/><D89/><U106/><E106/><V12/><F30/><N who="3" m="17679" /><G107/><T104/><D104/><U85/><E85/><V69/><F69/><AGARI ba="1,1" hai="0,1,2,54,56,60,63,67,69,93,97,101,124,126" machi="69" ten="40,3900,0" yaku="1,1,53,1" doraHai="26" doraHaiUra="91" who="1" fromWho="2" sc="134,0,328,52,224,-42,304,0" /><INIT seed="1,2,0,3,1,71" ten="134,380,182,304" oya="1" hai0="105,121,122,64,126,118,112,109,117,99,29,91,26" hai1="43,78,4,57,58,66,97,84,23,20,87,55,95" hai2="16,79,135,93,47,115,81,88,15,28,96,49,67" hai3="10,90,54,11,92,102,86,74,14,6,132,104,68"/><U9/><E43/><V59/><F135/><W94/><G132/><T33/><D126/><U113/><E113/><V35/><F115/><W133/><G133/><T61/><D112/><U7/><E66/><V77/><F35/><W34/><G34/><T38/><D109/><U60/><E57/><V131/><F28/><W72/><G68/><N who="0" m="41999" /><D91/><U53/><E53/><N who="2" m="29887" /><F131/><W36/><G94/><T76/><D76/><U51/><E51/><V27/><F27/><W8/><G54/><T108/><D108/><U129/><E129/><V56/><F81/><W12/><G36/><T80/><D80/><U5/><E9/><N who="2" m="6255" /><F56/><W63/><G11/><T69/><D69/><U89/><REACH who="1" step="1"/><E78/><REACH who="1" ten="134,370,182,304" step="2"/><V22/><F67/><W31/><G10/><T70/><D70/><U45/><E45/><V101/><F59/><W19/><G8/><T103/><D38/><U50/><E50/><V42/><F42/><W3/><G6/><T100/><D100/><U2/><E2/><V82/><F22/><AGARI ba="2,1" hai="4,5,7,20,22,23,55,58,60,84,87,89,95,97" machi="22" ten="40,3900,0" yaku="1,1,8,1,53,0" doraHai="71" doraHaiUra="123" who="1" fromWho="2" sc="134,0,370,55,182,-45,304,0" /><INIT seed="1,3,0,0,3,75" ten="134,425,137,304" oya="1" hai0="10,55,95,31,40,9,101,64,35,92,99,107,41" hai1="30,8,66,112,125,57,4,102,121,72,113,77,116" hai2="23,65,69,59,79,24,37,70,42,48,74,83,110" hai3="33,43,130,135,54,20,118,122,29,21,44,106,16"/><U22/><E116/><V63/><F110/><W0/><G106/><T25/><D40/><U105/><E121/><V127/><F127/><W97/><G0/><T100/><D41/><U86/><E125/><V47/><REACH who="2" step="1"/><F37/><REACH who="2" ten="134,425,127,304" step="2"/><W115/><G122/><T34/><D34/><U104/><E113/><V14/><F14/><W90/><G33/><T56/><D64/><U126/><E112/><V50/><F50/><W71/><G115/><T73/><D73/><U61/><E72/><V98/><F98/><W7/><G97/><T39/><D39/><U26/><E126/><V67/><F67/><W15/><G118/><T36/><D36/><U93/><E102/><V131/><F131/><W3/><G15/><T13/><D101/><U38/><E38/><V89/><F89/><W58/><G90/><T51/><REACH who="0" step="1"/><D9/><REACH who="0" ten="124,425,127,304" step="2"/><U120/><E120/><V88/><F88/><W52/><G130/><T2/><D2/><U124/><E124/><V129/><F129/><W94/><G3/><T46/><D46/><U85/><E8/><V12/><F12/><W28/><G44/><T60/><D60/><U128/><E61/><V82/><F82/><W17/><G43/><T84/><D84/><U132/><E86/><V119/><F119/><W103/><G103/><T87/><D87/><U19/><E85/><V49/><F49/><W76/><G54/><T91/><D91/><U27/><E128/><V109/><F109/><W114/><G52/><T134/><D134/><U117/><E66/><V96/><F96/><W62/><G135/><T32/><D32/><N who="1" m="20567" /><E132/><V53/><F53/><W81/><G62/><RYUUKYOKU ba="3,2" sc="124,15,425,-15,127,15,304,-15" hai0="10,13,25,31,35,51,55,56,92,95,99,100,107" hai2="23,24,42,47,48,59,63,65,69,70,74,79,83" /><INIT seed="2,4,2,3,3,53" ten="139,410,142,289" oya="2" hai0="129,0,92,39,109,95,16,98,56,31,67,73,126" hai1="75,12,70,3,23,32,110,131,62,36,55,83,77" hai2="133,82,124,72,71,1,115,76,51,2,102,63,97" hai3="34,17,89,88,48,114,40,116,6,94,81,120,42"/><V84/><F115/><W33/><G114/><T69/><D109/><U122/><E110/><V27/><F124/><W74/><G116/><T86/><D73/><U35/><E3/><V106/><F133/><W47/><G120/><T125/><D0/><U132/><E122/><V54/><F27/><W78/><G6/><T24/><D39/><U18/><E132/><V59/><REACH who="2" step="1"/><F72/><REACH who="2" ten="139,410,132,289" step="2"/><W10/><G74/><T11/><D126/><U4/><E131/><V25/><F25/><W99/><G34/><T7/><D129/><U19/><E32/><V13/><F13/><N who="3" m="7351" /><G33/><T29/><D125/><U46/><E35/><V50/><F50/><W118/><G118/><T68/><D24/><U28/><E36/><V111/><F111/><W44/><G78/><T38/><D38/><U103/><E77/><V119/><F119/><W5/><G48/><T134/><D134/><U80/><E12/><V87/><F87/><N who="3" m="50287" /><G5/><T121/><D7/><U127/><E4/><V91/><F91/><W96/><G96/><T123/><D121/><U30/><E127/><V26/><F26/><W85/><G99/><T61/><D123/><U135/><E135/><V9/><F9/><W41/><AGARI ba="4,3" hai="40,41,42,44,47,85,89,94" m="50287,7351" machi="41" ten="30,2000,0" yaku="8,1,54,1" doraHai="53" who="3" fromWho="3" sc="139,-9,410,-9,132,-14,289,62" /><INIT seed="3,0,0,0,0,91" ten="130,401,118,351" oya="3" hai0="36,125,20,110,133,1,26,25,113,121,129,30,87" hai1="63,46,109,31,34,45,59,68,77,11,22,106,3" hai2="0,135,57,43,96,100,93,75,50,86,8,41,32" hai3="82,21,58,70,126,118,103,132,55,73,108,131,56"/><W27/><G118/><T84/><D36/><U98/><E109/><V81/><F32/><W47/><G70/><T117/><D121/><U104/><E77/><N who="2" m="46383" /><F75/><W72/><G108/><T94/><D110/><U53/><E34/><V33/><F33/><W60/><G131/><T40/><D117/><U7/><E68/><V79/><F0/><W116/><G116/><T74/><D74/><U71/><E71/><V39/><F39/><W83/><G126/><T67/><D1/><U54/><E53/><N who="2" m="31927" /><F135/><W12/><G132/><T99/><D133/><U6/><E6/><V115/><F115/><W62/><G12/><T85/><D129/><U19/><E31/><V42/><F8/><W102/><G47/><T37/><D125/><U48/><E98/><V28/><F28/><N who="3" m="17519" /><G72/><T16/><D113/><U123/><E123/><V69/><F69/><W5/><G73/><T111/><D111/><U23/><E23/><V29/><F29/><W14/><G14/><N who="0" m="9239" /><D30/><U134/><E134/><V15/><F15/><W49/><G5/><T107/><D107/><U128/><E128/><V120/><F120/><W64/><G49/><T95/><D37/><U65/><E45/><V18/><F18/><W101/><AGARI ba="0,0" hai="55,56,58,60,62,64,82,83,101,102,103" m="17519" machi="101" ten="30,1500,0" yaku="8,1" doraHai="91" who="3" fromWho="3" sc="130,-5,401,-5,118,-5,351,15" /><INIT seed="3,1,0,3,0,74" ten="125,396,113,366" oya="3" hai0="121,131,112,49,11,129,68,104,6,27,34,60,30" hai1="9,110,59,119,12,3,35,103,108,44,37,48,20" hai2="90,134,36,67,40,42,58,7,65,26,89,80,106" hai3="51,133,54,107,70,76,29,126,88,132,47,101,116"/><W93/><G116/><T97/><D121/><U46/><E35/><V122/><F106/><W72/><G126/><T16/><D16/><N who="1" m="10247" /><E37/><V32/><F122/><W33/><G70/><T14/><D49/><U98/><E119/><V95/><F36/><W64/><G64/><N who="2" m="24649" /><F32/><W127/><G127/><T17/><D112/><U94/><E59/><V23/><F134/><N who="3" m="51819" /><G33/><T117/><D117/><U24/><E24/><V22/><F7/><W111/><G111/><N who="1" m="42538" /><E48/><V38/><F38/><W56/><G29/><T99/><D104/><U125/><E125/><V105/><F105/><W77/><G72/><T8/><D68/><U63/><E63/><V39/><F39/><W78/><G56/><T0/><D60/><U69/><E69/><V128/><F128/><AGARI ba="1,0" hai="0,6,8,11,14,17,27,30,34,97,99,128,129,131" machi="128" ten="40,1300,0" yaku="19,1" doraHai="74" who="0" fromWho="2" sc="125,16,396,0,113,-16,366,0" owari="141,-25.9,396,49.6,97,-40.3,366,16.6" /></mjloggm>