<mjloggm ver="2.3"><GO type="225" lobby="0"/><UN n0="%E3%83%81%E3%83%AF%E3%83%AF%E9%9A%8A%E9%95%B7" n1="%72%65%6E%6B%75%6E" n2="%72%69%6F%75%63%68%61%6E" n3="%28%EF%BF%A3%E2%96%BD%EF%BF%A3%29%CE%B4%E2%8C%92%E3%83%BB" dan="16,17,17,16" rate="2179.98,2201.90,2211.42,2203.39" sx="M,M,M,M"/><TAIKYOKU oya="0"/><INIT seed="0,0,0,0,3,126" ten="250,250,250,250" oya="0" hai0="6,82,65,84,17,15,5,60,127,133,1,7,0" hai1="28,18,118,16,68,25,42,3,70,109,59,89,13" hai2="79,12,55,23,97,11,62,69,46,128,122,32,100" hai3="129,74,101,110,107,41,50,61,96,112,81,20,108"/><T14/><D127/><U35/><E118/><V26/><F128/><W49/><G112/><T8/><D133/><U92/><E3/><V131/><F131/><W72/><G129/><T77/><REACH who="0" step="1"/><D14/><REACH who="0" ten="240,250,250,250" step="2"/><U78/><E109/><V58/><F12/><W67/><G110/><T34/><D34/><U54/><E42/><V38/><F32/><W71/><G108/><T43/><D43/><U31/><E31/><V36/><F122/><W98/><G41/><T73/><D73/><U45/><E35/><V114/><F114/><W9/><G74/><T132/><D132/><U87/><E28/><V52/><F38/><W85/><G72/><T56/><AGARI ba="0,1" hai="0,1,5,6,7,8,15,17,56,60,65,77,82,84" machi="56" ten="30,3000,0" yaku="1,1,0,1,53,0" doraHai="126" doraHaiUra="40" who="0" fromWho="0" sc="240,40,250,-10,250,-10,250,-10" /><INIT seed="0,1,0,1,0,47" ten="280,240,240,240" oya="0" hai0="57,82,45,54,123,63,48,103,2,90,35,6,51" hai1="100,111,49,13,91,121,114,109,98,14,22,101,3" hai2="78,1,0,76,12,59,71,62,93,94,9,46,134" hai3="88,124,68,64,21,20,11,70,32,16,65,89,122"/><T18/><D123/><U42/><E3/><V28/><F134/><W55/><G32/><T44/><D35/><U30/><E121/><V31/><F71/><W27/><G122/><T107/><D107/><U133/><E133/><V113/><F113/><W25/><G124/><T128/><D128/><U7/><E114/><V84/><F0/><W105/><G105/><T120/><D103/><U86/><E30/><N who="2" m="11307" /><F1/><W81/><G11/><T110/><D120/><U52/><E42/><V37/><F37/><W117/><G55/><T130/><D130/><U72/><E72/><V41/><F46/><N who="0" m="18026" /><D6/><U8/><E22/><V29/><N who="2" m="11315" /><V33/><DORA hai="39" /><F33/><W116/><G81/><T108/><D2/><U127/><E13/><V131/><F41/><W36/><G36/><T95/><D82/><N who="1" m="49623" /><E127/><V126/><F131/><W56/><G56/><T112/><D112/><U106/><E106/><V50/><F126/><W80/><G80/><T87/><D18/><AGARI ba="1,0" hai="16,18,20,21,25,27,64,65,68,70,88,89,116,117" machi="18" ten="25,6400,0" yaku="22,2,54,2" doraHai="47,39" who="3" fromWho="0" sc="280,-67,240,0,240,0,240,67" /><INIT seed="1,0,0,5,0,23" ten="213,240,240,307" oya="1" hai0="73,81,50,0,95,99,63,77,51,53,126,47,30" hai1="21,110,5,108,67,115,129,34,123,38,17,18,90" hai2="29,59,33,49,20,4,85,9,118,125,72,25,37" hai3="128,111,97,100,62,91,121,112,135,132,32,31,119"/><U16/><E38/><V7/><F118/><W98/><G119/><T134/><D0/><U82/><E115/><V12/><F125/><W113/><G121/><T55/><D126/><U65/><E123/><V75/><F37/><W76/><G62/><T69/><D134/><N who="3" m="51241" /><G31/><T26/><D69/><U70/><E34/><V122/><F122/><W48/><G32/><T133/><D133/><U42/><E42/><V13/><F85/><W54/><G76/><T80/><D63/><N who="1" m="40255" /><E5/><V127/><F127/><W105/><G128/><T39/><D39/><U94/><E82/><V93/><F93/><N who="3" m="56511" /><G111/><N who="1" m="42538" /><E67/><V101/><F101/><W10/><G10/><T45/><D77/><U52/><E129/><V46/><F59/><AGARI ba="0,0" hai="48,54,59,98,100,105,112,113" m="56511,51241" machi="59" ten="30,1000,0" yaku="20,1" doraHai="23" who="3" fromWho="2" sc="213,0,240,0,240,-10,307,10" /><INIT seed="2,0,0,5,3,114" ten="213,240,230,317" oya="2" hai0="133,27,61,107,68,98,94,108,95,99,9,87,51" hai1="106,28,120,52,30,128,111,54,66,105,62,60,72" hai2="35,79,49,11,124,83,33,14,21,85,117,70,26" hai3="53,42,130,93,67,121,115,74,17,80,31,103,24"/><V29/><F117/><W76/><G121/><T0/><D133/><U77/><E120/><V37/><F124/><W129/><G115/><T18/><D108/><U20/><E111/><V7/><F70/><W25/><G42/><T58/><D68/><U63/><E128/><V125/><F125/><W110/><G110/><T100/><D51/><U50/><E66/><V55/><REACH who="2" step="1"/><F37/><REACH who="2" ten="213,240,220,317" step="2"/><W132/><G130/><T126/><D126/><U57/><E106/><V81/><F81/><W90/><G80/><T47/><D107/><U3/><E105/><V36/><F36/><W40/><G129/><T19/><D95/><U12/><E72/><V84/><F84/><W127/><G93/><T56/><D87/><U22/><E77/><V43/><F43/><W96/><G40/><T45/><D94/><U71/><E71/><V78/><F78/><W131/><G76/><T134/><D134/><U118/><E118/><V16/><F16/><W109/><G17/><T101/><D19/><N who="1" m="10343" /><E3/><V23/><F23/><W44/><G132/><T38/><D0/><U5/><E5/><V135/><F135/><W32/><G127/><T102/><D38/><U104/><E104/><V69/><F69/><W8/><G109/><T48/><D18/><U46/><E22/><V91/><F91/><W39/><G90/><T97/><D101/><U59/><E54/><V13/><F13/><W122/><G53/><T4/><D100/><U15/><E15/><V64/><F64/><W113/><G103/><T1/><D102/><U119/><E119/><V6/><F6/><W10/><G131/><T92/><D4/><RYUUKYOKU ba="0,1" sc="213,-15,240,15,220,15,317,-15" hai1="28,30,46,50,52,57,59,60,62,63" hai2="7,11,14,21,26,29,33,35,49,55,79,83,85" /><INIT seed="2,1,1,0,2,21" ten="198,255,235,302" oya="2" hai0="129,95,4,108,31,60,0,66,12,55,90,82,84" hai1="89,131,63,35,41,133,116,91,92,128,17,14,98" hai2="53,18,52,58,111,3,51,61,28,48,114,130,117" hai3="64,75,71,44,62,30,83,19,77,72,106,24,40"/><V11/><F114/><W33/><G19/><T73/><D0/><U120/><E116/><V67/><F117/><W78/><G106/><T93/><D108/><U112/><E112/><V49/><F111/><W127/><G127/><T86/><D129/><N who="1" m="49739" /><E35/><V16/><F130/><W76/><REACH who="3" step="1"/><G75/><REACH who="3" ten="198,255,235,292" step="2"/><T45/><D73/><U109/><E109/><V100/><F28/><W56/><G56/><T101/><D31/><U74/><E74/><V113/><F113/><W38/><AGARI ba="1,2" hai="24,30,33,38,40,44,62,64,71,72,76,77,78,83" machi="38" ten="20,5200,0" yaku="1,1,0,1,7,1,52,1,53,0" doraHai="21" doraHaiUra="87" who="3" fromWho="3" sc="198,-14,255,-14,235,-27,292,75" /><INIT seed="3,0,0,2,4,53" ten="184,241,208,367" oya="3" hai0="19,134,49,16,27,63,120,12,3,34,131,54,28" hai1="36,87,129,17,55,98,8,123,58,119,6,65,10" hai2="118,40,133,83,14,18,102,0,106,57,23,11,84" hai3="86,96,91,110,115,13,73,7,9,61,111,105,121"/><W46/><G73/><T92/><D120/><U37/><E123/><V1/><F118/><W5/><G121/><T41/><D3/><U15/><E119/><V81/><F133/><W72/><G72/><T79/><D134/><U33/><E33/><V82/><F84/><W42/><G115/><T126/><D131/><U78/><E129/><V68/><F68/><W74/><G74/><T52/><D126/><U30/><E30/><V97/><F40/><W22/><G22/><N who="0" m="15479" /><D79/><U20/><E65/><V101/><F102/><N who="3" m="62663" /><G61/><T77/><D34/><U124/><E98/><V88/><F88/><W60/><G60/><T94/><D77/><U109/><E109/><N who="3" m="41482" /><G13/><T103/><D41/><U90/><E20/><V69/><F69/><W122/><G9/><N who="0" m="6159" /><D103/><U29/><E10/><V70/><F70/><W48/><G122/><T21/><D63/><U89/><E8/><V116/><F116/><W95/><AGARI ba="0,0" hai="5,7,42,46,48,86,91,95" m="41482,62663" machi="95" ten="30,3000,0" yaku="14,1,10,1" doraHai="53" who="3" fromWho="3" sc="184,-10,241,-10,208,-10,367,30" owari="174,-32.6,231,3.1,198,-20.2,397,49.7" /></mjloggm>