<mjloggm ver="2.3"><GO type="225" lobby="0"/><UN n0="%E3%83%97%E3%83%AC%E3%83%B4%E3%82%A1%E3%83%86%E3%82%A3" n1="%E6%B8%A1%E5%A4%A9%E8%97%8D" n2="%E3%81%BF%E3%81%BF%E3%81%9A" n3="%E3%81%82%E3%81%B9%E3%81%99%E3%81%91" dan="16,16,16,16" rate="2137.92,2120.51,2168.75,2146.58" sx="F,M,M,M"/><TAIKYOKU oya="0"/><INIT seed="0,0,0,1,3,129" ten="250,250,250,250" oya="0" hai0="98,43,95,81,14,91,20,105,68,82,78,48,122" hai1="88,3,67,61,73,56,114,25,2,27,17,100,128" hai2="111,124,76,4,58,110,40,41,26,33,121,11,12" hai3="49,79,92,9,71,112,42,45,117,102,18,50,72"/><T28/><D68/><U93/><E73/><V46/><F121/><W103/><G112/><T94/><D122/><U84/><E114/><V135/><F124/><W134/><G71/><T66/><D66/><U15/><E128/><V89/><F76/><W19/><G117/><T60/><D60/><U51/><E100/><V8/><F58/><W53/><G79/><T119/><D119/><U52/><E3/><V63/><F63/><W115/><G72/><T132/><D105/><U83/><E2/><V35/><F89/><W125/><G125/><T44/><D132/><U131/><E131/><V34/><F135/><W116/><G134/><T118/><D118/><U39/><E39/><V99/><F99/><W47/><G116/><T69/><D69/><U80/><E80/><V30/><F41/><W130/><G130/><T113/><D113/><U64/><E64/><V90/><F90/><W120/><G9/><T108/><D108/><N who="2" m="41514" /><F8/><W5/><G120/><T77/><D95/><U16/><E93/><V6/><F4/><W107/><G5/><T86/><D81/><U37/><E37/><AGARI ba="0,0" hai="6,11,12,26,30,33,34,35,37,40,46" m="41514" machi="37" ten="30,1000,0" yaku="14,1" doraHai="129" who="2" fromWho="1" sc="250,0,250,-10,250,10,250,0" /><INIT seed="1,0,0,2,5,58" ten="250,240,260,250" oya="1" hai0="3,9,126,19,42,65,91,0,8,17,119,4,118" hai1="37,132,113,106,67,123,20,107,114,72,128,124,43" hai2="18,30,59,115,16,45,86,103,104,39,77,108,25" hai3="11,28,44,1,33,117,111,35,69,63,121,134,29"/><U55/><E123/><V7/><F108/><W85/><G121/><T56/><D42/><U15/><E72/><V34/><F115/><W87/><G11/><T14/><D91/><U32/><E32/><V38/><F7/><W133/><G111/><T122/><D122/><U79/><E79/><V127/><F127/><W57/><G1/><T116/><D126/><U84/><E124/><V129/><F129/><W76/><G69/><T31/><D65/><U70/><E128/><V40/><F38/><W47/><G57/><T50/><D56/><U10/><E132/><V110/><F110/><W54/><G54/><T68/><D50/><U131/><E131/><V13/><F59/><W49/><G49/><T60/><D60/><U125/><E125/><V26/><F26/><W95/><G95/><T100/><D100/><U82/><E106/><V97/><REACH who="2" step="1"/><F13/><REACH who="2" ten="250,240,250,250" step="2"/><W89/><G134/><T21/><D68/><U51/><E37/><V5/><F5/><W75/><G133/><T102/><D0/><U80/><E15/><V135/><F135/><W6/><G6/><T78/><D3/><U101/><E113/><V99/><F99/><W120/><G120/><T92/><D4/><U73/><E114/><V94/><F94/><W81/><G35/><T27/><D118/><U112/><E70/><V93/><F93/><W52/><G33/><T2/><D2/><U96/><E112/><V22/><F22/><W24/><G117/><T62/><D119/><U12/><E20/><V23/><F23/><W48/><G24/><T88/><D116/><U71/><E71/><V64/><F64/><RYUUKYOKU ba="0,1" sc="250,-10,240,-10,250,30,250,-10" hai2="16,18,25,30,34,39,40,45,77,86,97,103,104" /><INIT seed="2,1,1,0,2,108" ten="240,230,280,240" oya="2" hai0="106,135,29,68,0,114,13,37,101,39,32,49,63" hai1="94,57,120,5,23,20,107,55,99,96,59,100,10" hai2="41,35,58,40,53,64,7,115,70,129,89,127,93" hai3="8,14,31,98,87,47,104,133,6,134,69,90,15"/><V85/><F35/><W19/><G69/><T109/><D13/><U1/><E120/><V38/><F127/><W4/><G31/><T21/><D21/><U3/><E3/><V121/><F121/><W61/><G61/><T16/><D16/><U123/><E123/><V75/><F75/><W86/><G47/><T9/><D49/><U119/><E59/><V17/><F7/><W105/><G6/><N who="0" m="1223" /><D109/><U18/><E119/><V46/><F40/><W91/><G98/><N who="0" m="61751" /><D135/><N who="3" m="51721" /><G87/><T27/><D114/><U60/><REACH who="1" step="1"/><E18/><REACH who="1" ten="240,220,280,240" step="2"/><V30/><F17/><W78/><G19/><T33/><D33/><U76/><E76/><V122/><F58/><W113/><G78/><T43/><D43/><U84/><E84/><V67/><F85/><W71/><G86/><T24/><D24/><U125/><E125/><V66/><F41/><W36/><G15/><T116/><D116/><U72/><E72/><V22/><F122/><W110/><G14/><T118/><D118/><U117/><E117/><V25/><F70/><W73/><G71/><T54/><D54/><U12/><E12/><V102/><F53/><W51/><G73/><T88/><D88/><AGARI ba="1,2" hai="1,5,10,20,23,55,57,60,88,94,96,99,100,107" machi="88" ten="30,3900,0" yaku="1,1,7,1,54,1,53,0" doraHai="108" doraHaiUra="26" who="1" fromWho="0" sc="240,-42,220,62,280,0,240,0" /><INIT seed="3,0,0,4,1,116" ten="198,282,280,240" oya="3" hai0="86,129,93,30,15,61,67,90,25,121,43,89,33" hai1="54,80,37,76,92,130,103,127,22,106,99,18,48" hai2="14,51,100,71,118,112,69,96,95,9,97,19,131" hai3="134,26,107,62,29,91,60,125,50,78,85,40,117"/><W36/><G117/><T23/><D129/><U74/><E130/><V34/><F131/><W8/><G107/><T39/><D39/><U77/><E127/><V31/><F118/><W41/><G125/><T81/><D43/><U83/><E37/><V53/><F112/><W32/><G134/><T82/><D121/><U128/><E128/><V132/><F132/><W11/><G78/><T120/><D120/><U5/><E5/><V16/><F19/><W27/><G50/><T123/><D123/><U79/><E106/><V56/><REACH who="2" step="1"/><F96/><REACH who="2" ten="198,282,270,240" step="2"/><W119/><G119/><T42/><D42/><U113/><E113/><V45/><F45/><W73/><G41/><T6/><D6/><U63/><E74/><V126/><F126/><W115/><G73/><T24/><D15/><N who="1" m="9567" /><E63/><V38/><F38/><W1/><G62/><T88/><D25/><AGARI ba="0,1" hai="9,14,16,25,31,34,51,53,56,69,71,95,97,100" machi="25" ten="40,5200,0" yaku="1,1,54,1,53,1" doraHai="116" doraHaiUra="49" who="2" fromWho="0" sc="198,-52,282,0,270,62,240,0" owari="146,-35.4,282,8.2,332,43.2,240,-16.0" /></mjloggm>