<mjloggm ver="2.3"><GO type="225" lobby="0"/><UN n0="%E6%A0%B9%E5%85%83%E3%81%8B%E3%82%89%E5%90%B9%E3%81%A3%E9%A3%9B%E3%81%B6" n1="%E6%80%AA%E3%81%97%E3%81%99%E3%81%8E%E3%82%8B%E3%83%81%E3%83%BC" n2="%E8%81%B7%E6%A5%AD%E3%80%81%E9%A2%A8%32" n3="%E6%81%AC%E6%B7%A1%E5%AF%82%E5%AF%9E" dan="17,17,16,16" rate="2192.92,2206.48,2128.76,2126.56" sx="F,M,M,M"/><TAIKYOKU oya="0"/><INIT seed="0,0,0,5,3,122" ten="250,250,250,250" oya="0" hai0="86,0,50,48,58,127,29,96,111,45,33,134,131" hai1="10,46,91,5,43,128,9,90,75,62,35,79,41" hai2="64,66,97,3,51,123,12,39,30,125,113,99,24" hai3="88,23,52,36,101,47,22,61,56,84,130,82,87"/><T44/><D0/><U112/><E35/><V18/><F39/><W8/><G130/><T77/><D131/><U135/><E128/><V102/><F3/><W20/><G101/><T17/><D33/><U2/><E135/><V72/><F123/><W11/><REACH who="3" step="1"/><G84/><REACH who="3" ten="250,250,250,240" step="2"/><T16/><D86/><U124/><E75/><V119/><F72/><W83/><G83/><T92/><D134/><U117/><E112/><V57/><F113/><W38/><G38/><T89/><D127/><U78/><E124/><V115/><F125/><W14/><G14/><T55/><D77/><U95/><E2/><V107/><F115/><W31/><G31/><T110/><D29/><U60/><E79/><V73/><F73/><W114/><G114/><T105/><D105/><U109/><E78/><V27/><F107/><W118/><G118/><T126/><D126/><U94/><E117/><V1/><F119/><W81/><G81/><T69/><D69/><U4/><E46/><V19/><F30/><W120/><G120/><T67/><D45/><U74/><E74/><V116/><F102/><W21/><N who="3" m="5120" /><DORA hai="53" /><W63/><G63/><N who="0" m="38391" /><D50/><U104/><E104/><V108/><F51/><W28/><G28/><T54/><D54/><U100/><E100/><V103/><F103/><W59/><G59/><T6/><D6/><U71/><E71/><V26/><F57/><W49/><G49/><T129/><D129/><U32/><E32/><V93/><F116/><W25/><G25/><T80/><D80/><U15/><E15/><V68/><F24/><W42/><AGARI ba="0,1" hai="8,11,36,42,47,52,56,61,82,87,88" m="5120" machi="42" ten="40,8000,1" yaku="1,1,0,1,52,1,54,2,53,0" doraHai="122,53" doraHaiUra="121,34" who="3" fromWho="3" sc="250,-40,250,-20,250,-20,240,90" /><INIT seed="1,0,0,0,0,11" ten="210,230,230,330" oya="1" hai0="130,117,115,46,101,34,129,32,69,28,100,39,50" hai1="99,68,22,48,65,122,8,31,93,19,76,80,1" hai2="71,0,35,91,114,104,108,45,27,13,12,133,57" hai3="119,40,41,59,92,135,47,23,97,30,54,98,120"/><U7/><E122/><V127/><F71/><W88/><G120/><T126/><D115/><U106/><E106/><V21/><F0/><W24/><G135/><T62/><D117/><U29/><E48/><V14/><F35/><W49/><G119/><T25/><D39/><U18/><E65/><V43/><F104/><W121/><G121/><T79/><D79/><U105/><E68/><V72/><F72/><W78/><G78/><T73/><D73/><U17/><E22/><V81/><F108/><W52/><G97/><T85/><D34/><U61/><E61/><AGARI ba="0,0" hai="23,24,30,40,41,47,49,52,54,59,61,88,92,98" machi="61" ten="30,7700,0" yaku="7,1,8,1,54,2" doraHai="11" who="3" fromWho="1" sc="210,0,230,-77,230,0,330,77" /><INIT seed="2,0,0,3,3,69" ten="210,153,230,407" oya="2" hai0="80,7,118,43,52,127,65,0,122,98,89,70,97" hai1="105,115,20,126,5,49,123,24,121,17,87,135,66" hai2="104,103,74,102,107,54,113,51,116,58,1,67,13" hai3="109,88,120,48,124,53,129,18,26,94,16,55,45"/><V85/><F1/><W41/><G109/><T57/><D122/><N who="1" m="46603" /><E115/><V37/><F74/><W63/><G120/><T77/><D127/><U29/><E105/><V100/><F116/><W128/><G124/><T46/><D118/><U19/><E126/><V60/><F113/><W83/><G83/><T119/><D119/><U40/><E66/><V6/><F37/><W82/><G82/><T11/><D65/><U99/><E99/><V50/><F50/><W114/><G114/><T33/><D70/><U78/><E5/><V84/><F104/><W108/><G108/><T91/><D33/><U76/><E135/><V44/><REACH who="2" step="1"/><F107/><REACH who="2" ten="210,153,220,407" step="2"/><W117/><G117/><T28/><D0/><U31/><E49/><V3/><F3/><W22/><G128/><T75/><D75/><U132/><E132/><V8/><AGARI ba="0,1" hai="6,8,13,44,51,54,58,60,67,84,85,100,102,103" machi="8" ten="30,6000,0" yaku="1,1,0,1,8,1,53,0" doraHai="69" doraHaiUra="93" who="2" fromWho="2" sc="210,-20,153,-20,220,70,407,-20" /><INIT seed="2,1,0,2,5,106" ten="190,133,290,387" oya="2" hai0="16,112,91,75,70,102,113,7,93,82,86,51,23" hai1="13,62,18,108,133,8,61,38,9,33,45,67,88" hai2="130,63,74,120,32,123,17,96,107,126,0,73,14" hai3="54,58,128,118,39,35,40,52,46,2,10,47,83"/><V135/><F0/><W36/><G35/><T98/><D70/><U125/><E33/><V89/><F32/><W71/><G71/><T22/><D7/><U56/><E108/><V1/><F1/><W60/><G118/><T85/><D23/><U81/><E125/><V117/><F117/><W34/><G34/><T119/><D51/><U27/><E133/><V24/><F24/><W114/><G128/><T69/><D69/><U43/><E27/><V37/><F37/><W116/><G116/><T94/><D119/><U65/><E9/><V5/><F5/><W109/><G109/><T95/><D75/><U50/><E38/><V28/><F28/><W64/><G83/><T72/><D72/><U57/><REACH who="1" step="1"/><E88/><REACH who="1" ten="190,123,290,387" step="2"/><V103/><F89/><W25/><G25/><N who="0" m="14535" /><D113/><U111/><E111/><V29/><F126/><W19/><G114/><T20/><D112/><U15/><E15/><V78/><F14/><W6/><G19/><T44/><D20/><U104/><E104/><V53/><F17/><W134/><G134/><T12/><D12/><U92/><E92/><N who="0" m="35433" /><D85/><U48/><E48/><V55/><F107/><W124/><G124/><T121/><D121/><U4/><E4/><V122/><F123/><W99/><G39/><T115/><D115/><U79/><E79/><V101/><F122/><W66/><G36/><T59/><D95/><U127/><E127/><V42/><F120/><W131/><G6/><T110/><D110/><U132/><E132/><V3/><F78/><W129/><G2/><T77/><D77/><U90/><E90/><V21/><F135/><W26/><G26/><RYUUKYOKU ba="1,1" sc="190,-10,123,30,290,-10,387,-10" hai1="8,13,18,43,45,50,56,57,61,62,65,67,81" /><INIT seed="3,2,1,5,0,86" ten="180,153,280,377" oya="3" hai0="115,9,61,53,69,60,104,105,72,131,15,77,67" hai1="124,119,42,34,132,40,111,11,122,18,50,91,21" hai2="106,49,109,93,133,24,120,0,108,51,4,14,41" hai3="85,79,82,118,129,47,116,56,84,78,63,100,28"/><W16/><G129/><T87/><D131/><U6/><E34/><V1/><F106/><W52/><G28/><T44/><D72/><U126/><E122/><V59/><F24/><W71/><G71/><T31/><D31/><U125/><E111/><V99/><F133/><W101/><G47/><T32/><D32/><U26/><E132/><V64/><F120/><W130/><G130/><T33/><D33/><U43/><E119/><V22/><F41/><W81/><G16/><T27/><D27/><U38/><E38/><V17/><F64/><W36/><G36/><T10/><D10/><U29/><E91/><V110/><F59/><W8/><G8/><T135/><D135/><U20/><E50/><N who="2" m="18955" /><F4/><W89/><G89/><AGARI ba="2,1" hai="0,1,14,17,22,89,93,99,108,109,110" m="18955" machi="89" ten="30,2000,0" yaku="14,1,52,1" doraHai="86" who="2" fromWho="3" sc="180,0,153,0,280,36,377,-26" owari="180,-22.0,153,-34.7,316,11.6,351,45.1" /></mjloggm>