<mjloggm ver="2.3"><GO type="225" lobby="0"/><UN n0="%E7%AC%B9%E9%A4%85" n1="%E3%82%BC%E3%83%AB%E3%83%80%E3%81%AE%E4%BC%9D%E8%AA%AC" n2="%E3%81%8B%E3%82%8F%E3%81%A1%E3%82%83%E3%82%93%35%38" n3="%74%61%6B%75%61%6B%61" dan="17,17,17,16" rate="2220.61,2265.57,2149.71,2126.27" sx="M,M,M,M"/><TAIKYOKU oya="0"/><INIT seed="0,0,0,4,4,13" ten="250,250,250,250" oya="0" hai0="125,101,48,51,71,68,49,121,58,10,79,6,132" hai1="73,131,114,122,61,33,109,74,25,30,129,75,28" hai2="54,128,56,11,21,92,126,14,34,95,0,120,24" hai3="90,86,27,69,46,23,40,107,80,29,76,96,110"/><T105/><D121/><U26/><E122/><V130/><F126/><W135/><G110/><T97/><D125/><U127/><E127/><V88/><F0/><W53/><G135/><T52/><D79/><U66/><E109/><V19/><F34/><W18/><G69/><T12/><REACH who="0" step="1"/><D132/><REACH who="0" ten="240,250,250,250" step="2"/><U98/><E114/><V82/><F120/><W3/><G76/><T134/><D134/><U4/><E129/><V115/><F115/><W50/><G3/><T119/><D119/><U2/><E131/><V22/><F130/><W111/><G111/><T85/><D85/><U62/><E2/><V39/><F128/><W100/><REACH who="3" step="1"/><G40/><REACH who="3" ten="240,250,250,240" step="2"/><T116/><D116/><U81/><E73/><V41/><F41/><W102/><G102/><T5/><D5/><U94/><E4/><V99/><F39/><W63/><G63/><AGARI ba="0,2" hai="6,10,12,48,49,51,52,58,63,68,71,97,101,105" machi="63" ten="40,3900,0" yaku="1,1,54,1,53,0" doraHai="13" doraHaiUra="84" who="0" fromWho="3" sc="240,59,250,0,250,0,240,-39" /><INIT seed="0,1,0,2,2,128" ten="299,250,250,201" oya="0" hai0="67,117,115,78,134,63,123,77,103,19,110,118,61" hai1="36,11,32,80,106,59,73,92,121,16,68,79,96" hai2="84,108,40,13,87,86,6,98,85,104,23,44,83" hai3="89,30,56,48,15,21,81,90,9,130,29,43,7"/><T18/><D115/><U45/><E68/><V5/><F108/><W26/><G130/><T100/><D67/><U2/><E121/><V47/><F104/><W101/><G101/><T125/><D110/><U69/><E69/><V54/><F98/><W127/><G127/><T14/><D14/><U132/><E32/><V50/><F23/><W97/><G97/><T88/><D88/><N who="3" m="33897" /><G81/><T102/><D102/><N who="1" m="62791" /><E59/><V49/><REACH who="2" step="1"/><F13/><REACH who="2" ten="299,250,240,201" step="2"/><W12/><G12/><T82/><D118/><U119/><E119/><V75/><F75/><W95/><G95/><T112/><D117/><U31/><E73/><V0/><F0/><W116/><G116/><T105/><D105/><U64/><E2/><V133/><F133/><W39/><G39/><T129/><D134/><U72/><E132/><V28/><F28/><N who="3" m="17487" /><G43/><T58/><D129/><U17/><E36/><V126/><F126/><W51/><G51/><T93/><D125/><U22/><E72/><V8/><F8/><W41/><G41/><T1/><D1/><U74/><E11/><V124/><F124/><W55/><AGARI ba="1,1" hai="7,9,15,29,30,48,55,56" m="17487,33897" machi="55" ten="30,2000,0" yaku="8,1,54,1" doraHai="128" who="3" fromWho="3" sc="299,-11,250,-6,240,-6,201,33" /><INIT seed="1,0,0,3,4,50" ten="288,244,234,234" oya="1" hai0="58,74,72,65,12,31,33,133,128,6,103,120,96" hai1="37,57,92,2,100,41,126,132,3,85,48,66,49" hai2="97,93,135,62,5,99,77,54,14,73,52,104,0" hai3="35,17,64,76,89,51,39,25,82,8,26,88,129"/><U34/><E34/><V130/><F0/><W46/><G39/><T18/><D6/><U81/><E126/><V53/><F130/><W113/><G113/><T123/><D128/><U121/><E121/><N who="0" m="46665" /><D133/><U118/><E118/><V19/><F5/><W47/><G47/><T7/><D7/><U125/><E125/><V63/><F135/><W59/><G35/><T69/><D69/><U102/><E132/><V21/><F104/><W131/><G131/><T55/><D65/><U29/><E37/><V116/><F116/><W22/><G26/><N who="0" m="18679" /><D12/><U9/><E66/><V119/><F119/><W4/><G129/><T23/><D23/><U101/><E9/><V44/><F44/><W115/><G59/><T87/><D87/><U13/><E13/><V38/><F38/><W95/><G64/><T80/><D80/><U10/><E81/><V32/><F32/><W79/><G115/><T117/><D18/><U91/><E29/><V109/><F109/><W86/><G4/><T60/><D117/><U94/><E10/><V105/><F105/><AGARI ba="0,0" hai="55,58,60,72,74,96,103,105" m="18679,46665" machi="105" ten="30,2000,0" yaku="13,1,52,1" doraHai="50" who="0" fromWho="2" sc="288,20,244,0,234,-20,234,0" /><INIT seed="2,0,0,3,1,114" ten="308,244,214,234" oya="2" hai0="93,10,62,131,96,69,38,123,63,99,46,18,0" hai1="74,43,67,91,72,71,54,86,22,8,126,44,127" hai2="5,133,78,117,57,7,85,48,87,94,105,130,11" hai3="15,83,129,115,109,9,39,23,13,45,32,95,2"/><V20/><F105/><W3/><G109/><T98/><D123/><U16/><E8/><V4/><F117/><W122/><G122/><T6/><D131/><U55/><E67/><V73/><F73/><W33/><G95/><T42/><D69/><U75/><E71/><V60/><F130/><W26/><G83/><T64/><D64/><U134/><E134/><V51/><F133/><W24/><G45/><T101/><D18/><U116/><E116/><V118/><F118/><W89/><G89/><T52/><D52/><U14/><E55/><N who="2" m="33855" /><F11/><W84/><G84/><N who="2" m="32329" /><F78/><W27/><G39/><T119/><D119/><U56/><E44/><V59/><F59/><W100/><G100/><T61/><AGARI ba="0,0" hai="0,6,10,38,42,46,61,62,63,93,96,98,99,101" machi="61" ten="30,1100,0" yaku="0,1" doraHai="114" who="0" fromWho="0" sc="308,11,244,-3,214,-5,234,-3" /><INIT seed="3,0,0,5,4,4" ten="319,241,209,231" oya="3" hai0="21,128,83,87,121,126,1,66,59,80,96,99,95" hai1="104,77,88,129,103,102,120,36,81,32,109,62,79" hai2="12,15,17,18,60,63,49,13,53,107,92,48,7" hai3="134,67,72,39,105,123,116,93,11,69,43,56,75"/><W10/><G123/><T14/><D1/><U40/><E32/><V133/><F133/><W27/><G105/><T23/><D121/><U8/><E120/><V86/><F107/><W112/><G116/><T19/><D126/><U91/><E109/><V85/><F7/><W68/><G112/><T46/><D128/><U97/><E129/><V114/><F114/><W37/><G134/><T55/><D66/><U84/><E62/><V90/><F86/><W44/><G37/><T110/><D46/><U26/><E26/><V38/><F38/><W16/><G93/><T9/><D83/><N who="1" m="47215" /><E8/><N who="2" m="6279" /><F13/><W58/><G72/><T3/><D3/><U30/><E30/><V89/><F89/><N who="1" m="34377" /><E40/><V111/><F111/><W28/><G75/><T82/><D82/><U106/><E36/><V119/><F119/><W70/><G67/><T130/><D130/><U29/><E29/><V6/><F6/><W25/><G25/><T24/><D110/><U117/><E117/><V118/><F118/><W47/><G47/><T51/><D24/><U61/><E61/><N who="2" m="23627" /><F53/><W132/><G132/><T78/><D99/><N who="1" m="61535" /><E81/><V54/><F54/><W76/><G76/><AGARI ba="0,0" hai="76,79,97,103,106" m="61535,34377,47215" machi="76" ten="30,12000,2" yaku="35,5,54,1" doraHai="4" who="1" fromWho="3" sc="319,0,241,120,209,0,231,-120" owari="319,11.9,361,46.1,209,-19.1,111,-38.9" /></mjloggm>