<mjloggm ver="2.3"><GO type="225" lobby="0"/><UN n0="%E9%B3%B3%E6%9D%B1%E3%81%AE%E3%81%86%E3%81%95%E3%81%8E%E3%81%95%E3%82%93" n1="%E7%89%B9%E6%9D%B1%E3%81%AF%E4%B8%96%E7%95%8C%E3%82%92%E6%95%91%E3%81%86" n2="%E3%80%90%E3%83%88%E3%83%AA%E3%83%A5%E3%83%95%E3%80%91" n3="%E3%81%95%E3%81%8D%E3%81%9F%E3%81%BE%E6%9E%97%E6%AA%8E" dan="17,16,16,16" rate="2223.73,2130.51,2068.28,2109.98" sx="M,M,M,M"/><TAIKYOKU oya="0"/><INIT seed="0,0,0,0,0,111" ten="250,250,250,250" oya="0" hai0="114,121,127,132,128,76,48,13,65,118,37,106,56" hai1="5,63,52,131,35,78,126,124,135,3,80,49,7" hai2="66,29,71,64,10,77,75,19,59,117,91,96,55" hai3="36,123,116,87,67,72,69,70,15,33,16,74,14"/><T11/><D106/><U88/><E35/><V122/><F71/><W38/><G116/><T44/><D118/><U109/><E109/><V107/><F122/><W79/><G33/><T97/><D121/><U30/><E30/><V54/><F29/><W105/><G105/><T42/><D128/><U32/><E32/><V134/><F134/><W112/><G123/><T1/><D132/><U84/><E135/><V27/><F75/><W51/><G51/><T6/><D127/><N who="1" m="48683" /><E131/><V125/><F77/><W119/><G119/><T8/><D97/><U133/><E133/><V86/><F54/><W82/><G67/><T31/><D31/><U26/><E63/><V53/><F53/><W43/><G43/><T120/><D120/><U92/><E26/><V130/><F130/><W45/><G45/><T95/><D95/><U103/><E103/><V85/><F117/><W129/><G129/><T81/><D65/><N who="2" m="25194" /><F107/><W73/><G14/><T83/><D56/><N who="1" m="32783" /><E3/><V113/><F27/><W60/><G60/><T98/><D48/><U47/><E47/><V50/><F10/><N who="3" m="6263" /><G70/><T25/><D25/><U115/><E115/><V101/><F113/><W39/><G69/><T2/><D114/><U20/><E20/><V0/><F0/><N who="0" m="106" /><D11/><U18/><E18/><V108/><F19/><W100/><G112/><T104/><D104/><U46/><E46/><V28/><F28/><W68/><G68/><T89/><D76/><U41/><E41/><V21/><F108/><W90/><G79/><T61/><D61/><U23/><E23/><V93/><F21/><W17/><G17/><T34/><D34/><RYUUKYOKU ba="0,0" sc="250,10,250,10,250,-30,250,10" hai0="6,8,13,37,42,44,81,83,89,98" hai1="5,7,78,80,84,88,92" hai3="36,38,39,72,73,74,82,87,90,100" /><INIT seed="0,1,0,4,5,123" ten="260,260,220,260" oya="0" hai0="105,16,118,73,94,127,55,63,111,9,113,121,27" hai1="64,103,11,109,84,51,104,43,40,18,135,0,72" hai2="14,29,12,77,15,6,20,38,62,115,25,90,91" hai3="122,23,93,74,87,65,41,124,88,36,22,130,37"/><T71/><D113/><U17/><E72/><V81/><F38/><W31/><G74/><T67/><D118/><U59/><E135/><V120/><F120/><W86/><G122/><T82/><D105/><U117/><E117/><V99/><F115/><W60/><G130/><T119/><D119/><U78/><E103/><V53/><F6/><W95/><G124/><T76/><D121/><U101/><E101/><V114/><F99/><W61/><G61/><T30/><D127/><U54/><E104/><V42/><F42/><W26/><G23/><T106/><D106/><U5/><E64/><V89/><F114/><W134/><G134/><T102/><D55/><U131/><E131/><V75/><F62/><W129/><G129/><T68/><D68/><U57/><E57/><V133/><F53/><W56/><G41/><T1/><D94/><U39/><E43/><V28/><REACH who="2" step="1"/><F133/><REACH who="2" ten="260,260,210,260" step="2"/><W126/><G126/><T21/><D102/><U70/><E39/><V116/><F116/><W34/><G34/><T97/><D97/><U19/><E40/><V47/><F47/><W33/><G33/><T4/><REACH who="0" step="1"/><D111/><REACH who="0" ten="250,260,210,260" step="2"/><U110/><REACH who="1" step="1"/><E70/><REACH who="1" ten="250,250,210,260" step="2"/><V13/><N who="2" m="3072" /><DORA hai="3" /><V100/><F100/><W48/><REACH who="3" step="1"/><G48/><REACH who="3" ten="250,250,210,250" step="2"/><RYUUKYOKU type="reach4" ba="1,4" sc="250,0,250,0,210,0,250,0" hai0="1,4,9,16,21,27,30,63,67,71,73,76,82" hai1="0,5,11,17,18,19,51,54,59,78,84,109,110" hai2="20,25,28,29,75,77,81,89,90,91" hai3="22,26,31,36,37,56,60,65,86,87,88,93,95" /><INIT seed="0,2,4,5,1,69" ten="250,250,210,250" oya="0" hai0="122,31,13,59,99,29,81,125,46,53,56,92,73" hai1="42,132,82,109,95,128,112,48,105,127,75,101,44" hai2="63,40,21,38,19,20,77,126,88,54,116,32,17" hai3="120,24,45,98,117,61,3,51,121,65,108,49,41"/><T103/><D125/><U1/><E1/><V130/><F32/><W70/><G108/><T33/><D122/><N who="3" m="47209" /><G117/><T91/><D33/><U110/><E105/><V86/><F126/><W129/><G129/><T124/><D124/><U94/><E127/><V12/><F130/><W83/><G3/><T97/><D13/><U90/><E128/><V18/><F77/><W27/><G83/><T28/><D73/><U52/><E132/><V16/><F116/><W79/><G79/><T115/><D115/><U43/><E112/><V58/><F38/><N who="3" m="21687" /><G98/><T72/><D72/><U23/><E23/><V74/><F40/><N who="1" m="15401" /><E101/><V135/><F135/><W9/><G9/><T78/><D78/><N who="1" m="44383" /><E90/><V25/><REACH who="2" step="1"/><F74/><REACH who="2" ten="250,250,200,250" step="2"/><W96/><G96/><T47/><D99/><U66/><E109/><V11/><F11/><W37/><G37/><T118/><D118/><U71/><E110/><V62/><F62/><W6/><G6/><T4/><D4/><U119/><E119/><V39/><F39/><W2/><G2/><T8/><D8/><U134/><E134/><V104/><F104/><W80/><G80/><AGARI ba="2,5" hai="12,16,17,18,19,20,21,25,54,58,63,80,86,88" machi="80" ten="30,16000,3" yaku="1,1,7,1,8,1,54,2,53,4" doraHai="69" doraHaiUra="14" who="2" fromWho="3" sc="250,0,250,0,200,216,250,-166" /><INIT seed="1,0,0,3,5,130" ten="250,250,416,84" oya="1" hai0="110,108,115,41,128,74,71,40,95,16,73,58,52" hai1="1,57,18,24,19,112,103,66,46,30,47,32,125" hai2="77,25,75,67,68,17,92,62,36,44,82,129,9" hai3="10,33,70,81,27,12,93,114,39,111,100,11,124"/><U3/><E112/><V119/><F129/><W97/><G114/><T4/><D115/><U26/><E103/><V5/><F92/><W61/><G39/><T22/><D71/><U14/><E66/><V54/><F54/><W87/><G111/><N who="0" m="42539" /><D4/><U120/><E57/><V132/><F132/><W65/><G124/><T113/><D95/><U43/><E120/><V123/><F123/><W37/><G37/><T50/><D128/><U83/><E83/><V94/><F94/><W45/><G45/><T133/><D133/><U15/><E30/><V48/><F25/><W20/><G33/><T131/><D131/><U34/><REACH who="1" step="1"/><E43/><REACH who="1" ten="250,240,416,84" step="2"/><N who="0" m="16457" /><D113/><U135/><E135/><V56/><F56/><W121/><G121/><T90/><D90/><U80/><E80/><V49/><F67/><W106/><G106/><T107/><D107/><U126/><AGARI ba="0,1" hai="1,3,14,15,18,19,24,26,32,34,46,47,125,126" machi="126" ten="25,18000,2" yaku="1,1,0,1,22,2,53,2" doraHai="130" doraHaiUra="42" who="1" fromWho="1" sc="250,-60,240,190,416,-60,84,-60" /><INIT seed="1,1,0,3,5,106" ten="190,430,356,24" oya="1" hai0="55,78,131,71,31,28,51,96,83,84,80,93,20" hai1="79,69,7,0,10,41,25,16,113,2,91,37,118" hai2="45,53,54,40,85,34,42,92,57,68,123,109,107" hai3="82,133,128,122,39,11,3,66,98,60,112,95,1"/><U17/><E113/><V101/><F109/><W56/><G112/><T132/><D131/><U73/><E118/><V129/><F129/><W70/><G128/><T75/><D71/><U58/><E69/><V100/><F68/><W18/><G122/><T81/><D132/><U8/><E58/><V29/><F107/><W9/><G133/><T87/><D75/><U59/><E91/><N who="2" m="53359" /><F34/><W127/><G127/><T77/><D83/><N who="1" m="45551" /><E25/><V88/><F88/><W30/><G30/><T126/><D20/><U76/><E76/><V26/><F123/><W114/><G114/><T99/><D126/><U36/><E36/><V52/><F45/><W33/><G33/><T102/><REACH who="0" step="1"/><D99/><REACH who="0" ten="180,430,356,24" step="2"/><U19/><E8/><V21/><F57/><AGARI ba="1,1" hai="28,31,51,55,57,77,78,80,81,84,87,93,96,102" machi="57" ten="30,8000,1" yaku="1,1,2,1,7,1,9,1,8,1,53,0" doraHai="106" doraHaiUra="35" who="0" fromWho="2" sc="180,93,430,0,356,-83,24,0" /><INIT seed="2,0,0,5,1,84" ten="273,430,273,24" oya="2" hai0="114,61,111,110,112,121,19,65,4,8,31,67,85" hai1="74,109,59,25,82,11,43,57,26,91,2,21,80" hai2="81,113,40,55,35,34,88,122,99,132,89,117,24" hai3="119,105,58,96,39,64,52,27,115,46,10,63,50"/><V12/><F113/><N who="0" m="43626" /><D121/><U93/><E109/><N who="0" m="41481" /><D31/><U128/><E128/><V47/><F117/><W100/><G119/><T16/><D85/><U20/><E43/><V9/><F122/><W37/><G115/><T106/><D106/><U22/><E2/><V18/><F132/><W133/><G133/><T124/><D124/><U45/><E45/><V72/><F99/><W71/><G10/><T129/><D129/><U56/><E11/><V0/><F55/><W127/><G127/><T30/><D30/><U102/><E102/><V23/><F35/><W15/><G15/><N who="0" m="5511" /><D67/><U70/><E70/><AGARI ba="0,0" hai="16,19,61,65,70" m="5511,41481,43626" machi="70" ten="30,2000,0" yaku="14,1,54,1" doraHai="84" who="0" fromWho="1" sc="273,20,430,-20,273,0,24,0" /><INIT seed="3,0,0,3,2,122" ten="293,410,273,24" oya="3" hai0="24,40,111,70,16,99,64,27,1,62,75,109,67" hai1="81,94,78,133,135,101,116,22,96,117,23,129,119" hai2="45,88,86,43,126,30,68,106,46,130,65,95,51" hai3="53,21,90,74,11,73,112,3,89,29,69,14,91"/><W17/><G112/><T0/><D75/><N who="1" m="43231" /><E129/><V72/><F72/><W18/><G69/><T76/><D76/><U61/><E61/><V31/><F130/><W39/><G39/><T127/><D127/><U54/><E54/><V107/><F126/><W93/><G93/><T123/><D123/><U4/><E4/><V56/><F68/><W48/><G29/><T63/><D70/><U60/><E60/><N who="2" m="38023" /><F106/><W32/><G32/><T85/><D85/><U28/><E28/><N who="2" m="10795" /><F107/><W33/><G33/><T132/><D132/><AGARI ba="0,0" hai="22,23,94,96,101,116,117,119,132,133,135" m="43231" machi="132" ten="40,2600,0" yaku="12,1,20,1" doraHai="122" who="1" fromWho="0" sc="293,-26,410,26,273,0,24,0" owari="267,-13.3,436,53.6,273,7.3,24,-47.6" /></mjloggm>