<mjloggm ver="2.3"><GO type="225" lobby="0"/><UN n0="%E3%83%81%E3%83%AF%E3%83%AF%E9%9A%8A%E9%95%B7" n1="%E8%90%BD%E6%97%A5" n2="%E3%81%A4%E3%81%A3%E3%81%B1%E3%82%8A%E3%83%9D%E3%83%BC%E3%83%AB" n3="%73%73%6B%5F%66%72%65%65" dan="17,16,17,17" rate="2169.42,2152.99,2215.39,2179.25" sx="M,F,M,M"/><TAIKYOKU oya="0"/><INIT seed="0,0,0,2,1,12" ten="250,250,250,250" oya="0" hai0="16,125,104,76,8,90,30,57,78,34,61,58,62" hai1="96,18,4,69,54,44,99,23,11,21,3,109,5" hai2="119,31,2,123,94,36,56,126,102,64,128,28,45" hai3="13,98,25,133,129,49,81,40,108,116,82,1,91"/><T134/><D104/><U87/><E69/><V27/><F123/><W50/><G116/><T65/><D125/><U24/><E109/><V22/><F2/><W118/><G118/><T105/><D105/><U75/><E75/><V100/><F119/><W43/><G1/><T115/><D115/><U112/><E112/><V26/><F126/><W53/><G129/><T20/><D134/><U66/><E66/><V67/><F128/><W80/><G133/><T111/><D111/><U39/><E5/><V60/><F64/><W130/><G130/><T63/><D34/><U74/><E74/><V117/><F117/><W37/><G37/><T88/><D8/><U46/><E46/><V84/><F45/><N who="3" m="25767" /><G25/><N who="0" m="14471" /><D30/><U42/><E54/><V6/><F6/><W127/><G43/><T132/><D132/><U106/><E106/><V55/><F36/><W114/><G114/><T59/><D65/><U97/><E87/><V35/><F67/><W38/><G38/><T19/><D19/><U47/><E47/><V72/><F72/><W33/><G33/><T7/><D7/><U92/><REACH who="1" step="1"/><E23/><REACH who="1" ten="250,240,250,250" step="2"/><V122/><F122/><W113/><G108/><T14/><D14/><U135/><E135/><V0/><F0/><W9/><G113/><T52/><D52/><U83/><E83/><V121/><F121/><W131/><G131/><T17/><D17/><U101/><AGARI ba="0,1" hai="3,4,11,18,21,24,39,42,44,92,96,97,99,101" machi="101" ten="20,8000,1" yaku="1,1,0,1,7,1,52,1,53,1" doraHai="12" doraHaiUra="70" who="1" fromWho="1" sc="250,-40,240,90,250,-20,250,-20" /><INIT seed="1,0,0,0,2,83" ten="210,330,230,230" oya="1" hai0="13,28,96,73,117,107,35,135,79,16,80,69,7" hai1="120,38,87,23,130,121,27,22,86,57,111,131,32" hai2="74,133,90,125,10,54,71,53,116,9,118,20,41" hai3="48,50,11,49,18,132,6,40,33,30,3,124,92"/><U129/><E38/><V85/><F74/><W56/><G132/><T97/><D117/><U68/><E68/><V59/><F71/><W2/><G124/><T51/><D69/><U99/><E99/><V58/><F125/><W14/><G40/><T67/><D135/><U88/><E111/><V108/><F133/><W110/><G110/><T29/><D67/><U8/><E8/><V72/><F72/><W106/><G106/><T93/><D7/><U36/><E36/><V1/><F1/><W102/><G56/><T60/><D60/><U103/><E103/><V24/><F41/><W127/><G127/><T78/><D78/><U39/><E39/><V81/><F108/><W19/><G92/><T64/><D64/><U21/><E57/><N who="2" m="21515" /><F118/><W37/><G102/><T4/><D107/><U55/><E55/><N who="2" m="21003" /><F116/><W66/><G66/><T12/><D35/><U65/><E65/><V26/><F26/><W47/><G37/><T52/><D73/><U77/><E77/><V45/><F45/><W44/><G2/><T46/><D79/><U105/><E105/><V15/><F15/><W115/><G115/><T100/><D12/><U104/><E104/><V31/><AGARI ba="0,0" hai="9,10,20,24,31,81,85,90" m="21003,21515" machi="31" ten="30,2000,0" yaku="8,1,52,1" doraHai="83" who="2" fromWho="2" sc="210,-5,330,-10,230,20,230,-5" /><INIT seed="2,0,0,0,4,135" ten="205,320,250,225" oya="2" hai0="97,61,120,121,73,37,109,117,65,75,49,18,51" hai1="90,77,111,35,103,116,54,63,102,72,81,98,133" hai2="107,92,48,129,59,31,13,45,10,119,104,88,105" hai3="19,110,3,127,58,108,27,21,93,22,52,70,89"/><V57/><F119/><W71/><G3/><T82/><D37/><U2/><E2/><V101/><F129/><W50/><G127/><T25/><D117/><U112/><E35/><V17/><F31/><W64/><G21/><T40/><D109/><N who="3" m="42089" /><G64/><T5/><D5/><U83/><E112/><V24/><F24/><W6/><G6/><T85/><D97/><AGARI ba="0,0" hai="19,22,27,50,52,58,70,71,89,93,97" m="42089" machi="97" ten="30,2000,0" yaku="14,1,54,1" doraHai="135" who="3" fromWho="0" sc="205,-20,320,0,250,0,225,20" /><INIT seed="3,0,0,3,0,49" ten="185,320,250,245" oya="3" hai0="78,112,108,15,65,86,39,7,132,1,127,32,68" hai1="62,85,80,114,95,70,44,79,22,91,3,29,52" hai2="119,48,54,109,13,56,122,53,2,93,30,11,58" hai3="133,115,123,121,98,19,24,131,135,101,38,117,45"/><W57/><G115/><T8/><D39/><U25/><E114/><V69/><F69/><W110/><G117/><T113/><D32/><U41/><E3/><V0/><F119/><W16/><G131/><T111/><D127/><U46/><E41/><V64/><F64/><W66/><G110/><T102/><D132/><N who="3" m="50761" /><G45/><T12/><D1/><U14/><E14/><V106/><F106/><N who="3" m="63799" /><G38/><T28/><D28/><U94/><E94/><V6/><F109/><W50/><G24/><T92/><D113/><U47/><E70/><V120/><F30/><W59/><G66/><T33/><D112/><U9/><E9/><V36/><F36/><W75/><G75/><T18/><D111/><U104/><E104/><V20/><F93/><W27/><G27/><T34/><D108/><U42/><E42/><V125/><F20/><W72/><G72/><T130/><D130/><U126/><E126/><V87/><F87/><W43/><G43/><T88/><D102/><U129/><E129/><V35/><F35/><W90/><G90/><T84/><D65/><U81/><E79/><V89/><F89/><W4/><G4/><T73/><D73/><U63/><E63/><N who="2" m="36239" /><F125/><W83/><G83/><T116/><D116/><U51/><E62/><V82/><F82/><AGARI ba="0,0" hai="22,25,29,44,46,47,51,52,80,81,82,85,91,95" machi="82" ten="40,5200,0" yaku="8,1,52,1,54,1" doraHai="49" who="1" fromWho="2" sc="185,0,320,52,250,-52,245,0" owari="185,-31.5,372,47.2,198,-20.2,245,4.5" /></mjloggm>