<mjloggm ver="2.3"><GO type="225" lobby="0"/><UN n0="%E3%81%9F%E3%81%93%E2%98%86%E7%84%BC%E3%81%8D" n1="%70%68%65%6E%6F%6D%65" n2="%6D%75%75%6D%75%72%61" n3="%43%68%65" dan="16,17,16,16" rate="2122.90,2206.65,2142.76,2114.72" sx="M,M,F,M"/><TAIKYOKU oya="0"/><INIT seed="0,0,0,0,4,126" ten="250,250,250,250" oya="0" hai0="119,21,85,106,123,81,112,12,29,67,93,14,64" hai1="42,37,25,78,16,23,61,54,117,36,24,43,52" hai2="19,135,38,13,27,58,95,99,1,31,118,5,40" hai3="26,96,83,10,39,125,8,4,20,71,46,84,9"/><T92/><D106/><U41/><E117/><V101/><F135/><W69/><G125/><T115/><D29/><U91/><E78/><V104/><F118/><W129/><G96/><T17/><D119/><U7/><E7/><V100/><F1/><W86/><G4/><T116/><D116/><U56/><E54/><V82/><F5/><W60/><G60/><T15/><D123/><U97/><REACH who="1" step="1"/><E25/><REACH who="1" ten="250,240,250,250" step="2"/><V98/><F27/><W70/><G26/><N who="0" m="14639" /><D115/><U73/><E73/><V75/><F75/><W66/><G66/><N who="0" m="25131" /><D112/><U120/><E120/><V102/><F104/><W49/><G46/><T44/><D44/><U130/><E130/><V94/><F40/><W68/><G129/><T53/><D53/><U103/><E103/><V88/><F102/><W18/><G70/><T55/><D55/><U50/><E50/><V111/><F101/><W30/><G49/><T124/><D124/><U28/><E28/><V74/><F31/><W77/><G30/><T109/><D109/><U107/><E107/><V59/><F111/><W108/><G108/><T132/><D132/><U3/><E3/><V127/><F127/><W134/><G134/><T22/><D22/><U35/><E35/><V113/><F113/><W62/><G69/><T0/><D0/><U33/><E33/><V63/><F74/><N who="3" m="43447" /><G71/><T11/><D11/><U89/><E89/><AGARI ba="0,1" hai="12,14,15,81,85,89,92,93" m="25131,14639" machi="89" ten="30,1500,0" yaku="8,1" doraHai="126" who="0" fromWho="1" sc="250,25,240,-15,250,0,250,0" /><INIT seed="0,1,0,3,2,67" ten="275,225,250,250" oya="0" hai0="11,129,124,44,90,88,52,32,99,94,97,112,54" hai1="4,102,46,113,16,76,91,115,127,107,103,61,7" hai2="27,24,18,77,39,131,73,69,130,86,119,36,135" hai3="33,25,123,43,101,89,57,14,45,2,74,72,78"/><T108/><D32/><U26/><E76/><V95/><F135/><W104/><G2/><T9/><D112/><N who="1" m="43083" /><E107/><V83/><F119/><W126/><G89/><N who="0" m="34411" /><D129/><N who="2" m="49162" /><F95/><W98/><G126/><T106/><D124/><U38/><E127/><V58/><F86/><W35/><G123/><T31/><D106/><U65/><E91/><V79/><F79/><W122/><G122/><T8/><D108/><U93/><E46/><V82/><F82/><W118/><G118/><T110/><D110/><U68/><E38/><N who="2" m="14379" /><F58/><W13/><G57/><T111/><D44/><U121/><E121/><V48/><F48/><W117/><G45/><T19/><D31/><U0/><E0/><V53/><F53/><N who="0" m="20586" /><D111/><U125/><E125/><V34/><F34/><W80/><G35/><T100/><D99/><N who="1" m="59759" /><E103/><V114/><F114/><W22/><G101/><T120/><D120/><U23/><AGARI ba="1,0" hai="4,7,16,23,26,61,65,68" m="59759,43083" machi="23" ten="30,4000,0" yaku="11,1,52,1,54,1" doraHai="67" who="1" fromWho="1" sc="275,-21,225,43,250,-11,250,-11" /><INIT seed="1,0,0,5,1,110" ten="254,268,239,239" oya="1" hai0="93,117,119,52,10,15,132,43,122,66,50,9,114" hai1="21,81,55,30,108,71,23,2,100,106,109,26,49" hai2="11,103,22,67,113,42,35,70,17,125,53,134,72" hai3="121,4,74,40,76,51,63,48,25,60,44,6,73"/><U82/><E2/><V91/><F72/><W54/><G121/><T8/><D114/><U16/><E71/><V111/><F111/><N who="1" m="42569" /><E100/><V34/><F134/><W36/><G36/><T133/><D43/><U92/><E92/><V18/><F125/><W33/><G33/><T75/><D75/><U84/><E106/><V77/><F42/><W12/><G25/><T19/><D66/><U124/><E124/><V31/><F103/><W28/><G28/><T98/><D122/><U131/><E131/><V89/><F77/><W116/><G116/><T78/><D78/><U69/><E69/><V58/><F70/><W95/><G95/><T41/><D41/><U68/><E84/><V96/><F31/><W130/><G130/><T87/><D87/><U0/><E0/><V20/><F67/><W102/><G102/><T99/><D119/><U65/><E65/><V7/><F96/><W123/><G123/><T120/><D120/><U118/><E68/><V86/><F86/><W57/><G74/><T90/><D99/><U59/><E118/><V115/><F35/><W24/><G76/><T37/><D117/><U126/><E126/><V32/><F32/><W104/><G73/><T135/><D37/><U39/><E39/><V14/><F34/><W85/><G85/><T105/><D105/><U13/><AGARI ba="0,0" hai="13,16,21,23,26,30,49,55,59,81,82" m="42569" machi="13" ten="30,6000,0" yaku="14,1,10,1,54,1" doraHai="110" who="1" fromWho="1" sc="254,-20,268,60,239,-20,239,-20" /><INIT seed="1,1,0,1,4,108" ten="234,328,219,219" oya="1" hai0="20,41,82,18,75,68,79,0,102,99,107,97,42" hai1="19,135,13,112,84,22,12,44,72,49,54,116,32" hai2="91,73,5,1,29,81,125,50,69,52,104,134,132" hai3="83,71,131,128,23,17,90,57,15,45,130,10,129"/><U28/><E72/><V46/><F104/><W86/><G71/><T40/><D68/><U35/><E116/><V33/><F69/><W64/><N who="3" m="32768" /><DORA hai="94" /><W4/><G45/><T120/><D0/><U89/><E112/><V110/><F110/><W34/><G34/><T11/><D11/><U26/><E135/><V25/><F125/><W105/><G105/><T96/><REACH who="0" step="1"/><D120/><REACH who="0" ten="224,328,219,219" step="2"/><U88/><E32/><V7/><F1/><W56/><G64/><T100/><D100/><U70/><E70/><V61/><F134/><W67/><REACH who="3" step="1"/><G67/><REACH who="3" ten="224,328,219,209" step="2"/><T98/><D98/><U123/><E123/><V85/><F132/><W92/><G92/><T2/><D2/><AGARI ba="1,2" hai="2,4,10,15,17,23,56,57,83,86,90" m="32768" machi="2" ten="70,8000,1" yaku="1,1,19,1,53,1" doraHai="108,94" doraHaiUra="115,80" who="3" fromWho="0" sc="224,-83,328,0,219,0,209,103" /><INIT seed="2,0,0,4,4,38" ten="141,328,219,312" oya="2" hai0="70,56,21,4,104,19,121,101,41,27,91,77,94" hai1="115,11,98,1,12,40,89,20,74,111,15,13,73" hai2="129,71,45,58,75,82,26,107,110,114,66,7,99" hai3="8,49,97,96,68,29,25,37,43,127,117,132,87"/><V57/><F114/><W83/><G117/><T134/><D70/><U18/><E115/><V65/><F129/><W36/><G68/><T88/><D121/><U122/><E122/><V126/><F126/><W78/><G127/><T85/><D134/><U108/><E1/><V130/><F130/><W95/><G132/><T28/><D4/><U34/><E34/><V23/><F7/><W32/><G8/><T63/><D104/><U76/><E40/><V52/><F110/><N who="1" m="42025" /><E76/><V102/><F71/><W5/><G5/><T3/><D3/><U64/><E64/><V61/><F45/><W24/><G24/><T118/><D118/><U39/><E39/><V92/><F107/><W80/><G80/><T86/><D77/><U125/><E125/><V14/><F14/><N who="1" m="5737" /><E20/><V17/><F75/><W55/><G43/><T35/><D101/><U51/><E51/><N who="2" m="30879" /><F82/><W33/><G33/><T100/><D100/><U69/><E69/><V84/><F84/><W0/><G0/><T106/><D106/><U113/><E113/><V53/><AGARI ba="0,0" hai="17,23,26,53,58,61,65,66,92,99,102" m="30879" machi="53" ten="30,3000,0" yaku="8,1,54,1" doraHai="38" who="2" fromWho="2" sc="141,-10,328,-10,219,30,312,-10" /><INIT seed="2,1,0,1,2,66" ten="131,318,249,302" oya="2" hai0="104,19,22,126,68,7,49,6,65,124,40,0,87" hai1="95,12,77,47,67,59,48,2,31,93,115,50,73" hai2="27,74,105,79,34,129,8,103,57,107,112,53,120" hai3="102,111,69,135,18,131,71,44,5,86,70,88,29"/><V113/><F120/><W130/><G111/><T83/><D104/><U109/><E109/><V133/><F129/><N who="3" m="49163" /><G135/><T125/><D40/><U30/><E2/><V89/><F133/><W39/><G102/><T25/><D49/><U32/><E115/><V116/><F116/><W20/><G5/><T21/><D21/><U84/><E73/><V1/><F89/><W92/><G29/><N who="1" m="10762" /><E32/><V91/><F34/><W55/><G55/><T81/><D0/><U75/><E75/><V13/><F27/><N who="3" m="14743" /><G44/><T24/><D24/><U26/><E26/><V98/><F1/><W3/><G3/><T78/><REACH who="0" step="1"/><D83/><REACH who="0" ten="121,318,249,302" step="2"/><N who="1" m="47215" /><E12/><V33/><F107/><W106/><G106/><T134/><D134/><U82/><E82/><V132/><F33/><W28/><G28/><T121/><D121/><U41/><E50/><V35/><F132/><W110/><G110/><T62/><AGARI ba="1,1" hai="6,7,19,22,25,62,65,68,78,81,87,124,125,126" machi="62" ten="40,8000,1" yaku="1,1,0,1,18,1,52,1,53,1" doraHai="66" doraHaiUra="72" who="0" fromWho="0" sc="121,93,318,-21,249,-41,302,-21" /><INIT seed="3,0,0,5,5,94" ten="214,297,208,281" oya="3" hai0="67,134,32,93,58,74,41,50,42,12,109,4,19" hai1="65,97,127,96,66,98,110,8,28,27,37,29,102" hai2="34,36,111,101,85,56,81,24,73,43,70,114,14" hai3="5,88,40,131,132,57,123,86,25,18,79,35,115"/><W6/><G115/><T51/><D74/><U121/><E121/><V103/><F70/><W116/><G123/><T39/><D32/><U129/><E37/><V95/><F114/><W106/><G116/><T82/><D82/><U80/><E110/><V53/><F111/><W47/><G131/><T108/><D4/><U77/><E129/><V38/><F73/><W13/><G79/><T9/><D134/><U54/><E127/><V84/><F14/><W33/><G106/><T126/><D126/><U133/><E133/><V23/><F34/><W125/><G57/><T100/><D39/><U10/><E102/><V61/><F43/><N who="0" m="16394" /><D109/><U62/><E54/><V16/><F84/><W130/><G130/><T0/><D0/><U44/><E44/><V72/><F72/><W60/><G35/><T7/><D7/><U45/><E45/><V46/><F46/><W90/><G6/><T99/><D108/><U120/><E120/><V112/><F112/><W31/><G5/><T119/><D119/><U89/><E77/><V63/><F36/><W128/><G128/><T105/><D105/><U113/><E113/><V59/><F38/><N who="3" m="21911" /><G132/><T78/><D78/><U30/><E27/><V55/><F95/><N who="3" m="54679" /><G125/><T83/><D83/><U26/><E26/><V21/><F23/><W3/><G3/><T11/><D11/><N who="1" m="4139" /><E62/><AGARI ba="0,0" hai="9,12,19,50,51,58,62,67,93,99,100" m="16394" machi="62" ten="30,2000,0" yaku="8,1,52,1" doraHai="94" who="0" fromWho="1" sc="214,20,297,-20,208,0,281,0" /><INIT seed="4,0,0,3,3,47" ten="234,277,208,281" oya="0" hai0="76,107,27,30,37,46,93,69,13,63,22,87,84" hai1="51,73,102,115,57,50,100,58,113,11,95,99,49" hai2="112,40,26,19,78,42,125,133,92,59,33,126,130" hai3="65,108,77,60,98,17,45,32,101,103,121,111,88"/><T36/><D107/><U52/><E73/><V0/><F0/><W20/><G32/><T66/><D84/><U105/><E11/><V3/><F3/><W123/><G77/><T119/><D119/><U6/><E6/><V122/><F122/><N who="3" m="46603" /><G45/><T80/><D93/><U41/><E41/><V94/><F112/><N who="1" m="43081" /><E58/><V127/><F130/><W79/><G79/><T15/><REACH who="0" step="1"/><D46/><REACH who="0" ten="224,277,208,281" step="2"/><U135/><E135/><V85/><F133/><W39/><G111/><T71/><D71/><U129/><E129/><V124/><F124/><W9/><G108/><T48/><D48/><N who="1" m="30855" /><E105/><V61/><F126/><W91/><G39/><AGARI ba="0,1" hai="13,15,22,27,30,36,37,39,63,66,69,76,80,87" machi="39" ten="40,2000,0" yaku="1,1,53,0" doraHai="47" doraHaiUra="128" who="0" fromWho="3" sc="224,30,277,0,208,0,281,-20" /><INIT seed="4,1,0,5,2,59" ten="254,277,208,261" oya="0" hai0="129,130,0,20,35,72,91,52,98,38,4,125,30" hai1="12,60,96,56,122,85,14,29,118,93,133,49,65" hai2="108,17,105,40,58,51,107,73,120,42,7,47,97" hai3="26,44,39,3,33,53,78,24,54,84,67,74,124"/><T109/><D72/><U6/><E118/><V106/><F108/><W114/><G74/><T121/><D38/><U2/><E122/><V71/><F120/><W21/><G3/><T37/><D37/><U66/><E133/><V95/><F71/><W80/><G114/><T15/><D121/><U69/><E29/><V117/><F73/><W113/><G113/><T79/><D79/><U99/><E2/><V81/><F117/><W104/><G104/><T88/><D98/><N who="1" m="37419" /><E69/><V55/><F81/><W9/><G124/><T77/><D77/><U76/><E6/><V23/><F7/><W8/><G33/><T68/><D68/><U50/><E65/><V36/><F42/><W11/><G67/><T86/><D125/><U126/><E126/><V57/><F57/><W92/><G92/><T83/><D91/><N who="1" m="53487" /><E76/><V111/><F111/><W110/><G110/><T10/><D109/><U135/><E135/><V13/><REACH who="2" step="1"/><F107/><REACH who="2" ten="254,277,198,261" step="2"/><W5/><G5/><T34/><D4/><U19/><E14/><V131/><F131/><W90/><G80/><T119/><D119/><U112/><E112/><V103/><AGARI ba="1,1" hai="13,17,23,36,40,47,51,55,58,95,97,103,105,106" machi="103" ten="20,5200,0" yaku="1,1,0,1,7,1,53,1" doraHai="59" doraHaiUra="18" who="2" fromWho="2" sc="254,-27,277,-14,198,65,261,-14" /><INIT seed="5,0,0,3,0,73" ten="227,263,263,247" oya="1" hai0="45,122,25,78,10,35,100,79,123,106,128,11,62" hai1="46,49,22,29,101,53,6,37,57,23,93,70,27" hai2="65,21,15,111,13,8,86,51,52,76,71,109,19" hai3="115,47,91,97,84,55,85,30,80,67,39,103,3"/><U1/><E70/><V127/><F127/><W108/><G108/><T87/><D87/><U2/><E22/><V5/><F71/><W117/><G3/><T102/><D62/><U26/><E27/><V96/><F65/><W38/><G115/><T126/><D126/><U14/><E14/><V58/><F96/><W12/><G117/><T20/><D35/><U42/><REACH who="1" step="1"/><E6/><REACH who="1" ten="227,253,263,247" step="2"/><V16/><F5/><W4/><G4/><T110/><D110/><U114/><E114/><V43/><F21/><W54/><G12/><T66/><D66/><U104/><E104/><V77/><F15/><W9/><G67/><T83/><D106/><U28/><E28/><V24/><F13/><W50/><G30/><N who="0" m="17703" /><D128/><U56/><E56/><V134/><F58/><W17/><G17/><T64/><D45/><U18/><E18/><V89/><F19/><W107/><G9/><N who="0" m="3083" /><D64/><U48/><E48/><V61/><F51/><W119/><G119/><T31/><D31/><U59/><E59/><V99/><F109/><W131/><G131/><T92/><D123/><U133/><E133/><V132/><F134/><W44/><G39/><T7/><D7/><U34/><E34/><V98/><F132/><W63/><G38/><T112/><D122/><U120/><E120/><V74/><F111/><W69/><G69/><T0/><D112/><U41/><E41/><V90/><F8/><W72/><G63/><T60/><D60/><U68/><E68/><V135/><F61/><W82/><G47/><T36/><D0/><U95/><E95/><N who="2" m="56687" /><F135/><W118/><G118/><T130/><D36/><U129/><E129/><RYUUKYOKU ba="0,1" sc="227,-10,253,30,263,-10,247,-10" hai1="1,2,23,26,29,37,42,46,49,53,57,93,101" /><INIT seed="5,1,1,2,3,63" ten="217,283,253,237" oya="1" hai0="6,42,105,36,71,93,114,104,83,5,9,109,78" hai1="122,51,4,110,108,50,80,52,40,24,112,44,35" hai2="37,77,20,18,1,7,100,28,70,103,81,82,57" hai3="55,127,12,129,126,48,41,65,72,29,119,128,101"/><U75/><E122/><V125/><F70/><W62/><G72/><N who="0" m="43463" /><D93/><U117/><E112/><V56/><F125/><N who="3" m="47627" /><G101/><T68/><D114/><U120/><E120/><V49/><F37/><W130/><G29/><T16/><D16/><U96/><E117/><V31/><F100/><W34/><G34/><T38/><D109/><N who="1" m="42091" /><E4/><V97/><F7/><W21/><G21/><T124/><D5/><U88/><E96/><V131/><F97/><W107/><G12/><T45/><D124/><U11/><E11/><V121/><F20/><W33/><G33/><T123/><D38/><U85/><E75/><V19/><F121/><W99/><G99/><T133/><D133/><U79/><E79/><V102/><F77/><W46/><G107/><N who="0" m="41035" /><D123/><U59/><E35/><V60/><F1/><AGARI ba="1,1" hai="1,6,9,36,42,45,68,71" m="41035,43463" machi="1" ten="30,3900,0" yaku="25,1,33,2" doraHai="63" who="0" fromWho="2" sc="217,52,283,0,253,-42,237,0" /><INIT seed="6,0,0,1,5,103" ten="269,283,211,237" oya="2" hai0="20,94,2,108,44,46,109,112,29,116,21,100,4" hai1="8,129,76,59,75,119,35,126,111,62,0,128,114" hai2="7,125,26,105,120,6,115,38,93,82,16,54,51" hai3="81,34,58,107,102,41,28,88,32,61,127,87,1"/><V45/><F120/><W133/><G1/><T85/><D4/><U113/><E35/><V123/><F123/><W40/><G127/><T135/><D2/><U31/><E31/><V89/><F125/><W3/><G3/><T17/><D29/><U56/><E126/><V12/><F115/><N who="1" m="44041" /><E111/><V101/><F38/><W36/><G133/><T90/><D17/><U70/><E70/><V134/><F134/><W122/><G122/><T117/><D135/><U71/><E71/><V18/><F105/><W14/><G14/><T78/><D20/><U77/><E59/><V73/><F73/><W96/><G36/><T19/><D19/><U5/><E119/><V104/><F104/><W91/><G91/><T98/><D90/><U9/><E9/><N who="2" m="6159" /><F101/><W69/><G34/><T80/><D100/><U64/><E75/><V53/><F53/><W66/><G58/><T106/><D112/><U47/><E47/><V52/><F54/><W68/><G68/><T60/><D46/><U24/><E24/><AGARI ba="0,0" hai="24,28,32,40,41,61,66,69,81,87,88,96,102,107" machi="24" ten="40,8000,1" yaku="25,2,52,1,54,1" doraHai="103" who="3" fromWho="1" sc="269,0,283,-80,211,0,237,80" owari="269,6.9,203,-29.7,211,-18.9,317,41.7" /></mjloggm>