<mjloggm ver="2.3"><GO type="225" lobby="0"/><UN n0="%E3%81%A0%E3%81%8A" n1="%72%61%6B%33" n2="%E5%AF%82%E5%AF%9E%E3%82%AE%E3%83%8D%E3%82%B9%E3%83%93%E3%83%BC%E3%83%AB" n3="%E3%81%A6%E3%81%A4%EF%BC%A3" dan="16,17,16,16" rate="2012.42,2247.38,2145.29,2061.51" sx="M,M,M,M"/><TAIKYOKU oya="0"/><INIT seed="0,0,0,0,2,80" ten="250,250,250,250" oya="0" hai0="1,46,27,113,79,39,107,64,5,11,14,102,129" hai1="93,97,32,6,76,133,124,16,35,118,40,110,26" hai2="54,120,33,37,85,68,18,19,13,90,7,87,119" hai3="25,50,66,71,42,20,57,81,125,86,123,52,43"/><T78/><D113/><U77/><E118/><V44/><F120/><W70/><G123/><T56/><D129/><U60/><E110/><V115/><F68/><W22/><G125/><T127/><D127/><U58/><E133/><V4/><F33/><W59/><G20/><T122/><D1/><U47/><E6/><N who="2" m="2091" /><F37/><W89/><G70/><T38/><D27/><U105/><E105/><V128/><F115/><W17/><REACH who="3" step="1"/><G71/><REACH who="3" ten="250,250,250,240" step="2"/><T116/><D122/><U73/><E124/><V49/><F119/><W135/><G135/><T106/><D116/><U29/><E32/><V0/><F128/><W111/><G111/><T91/><D11/><U121/><E121/><V112/><F112/><W103/><G103/><T75/><D107/><U134/><E134/><V69/><F69/><W100/><G100/><T34/><D106/><U31/><E35/><V98/><F0/><W23/><G23/><T99/><D102/><U62/><E29/><V2/><F2/><W74/><G74/><T126/><D75/><U3/><E73/><V65/><F65/><W82/><G82/><T10/><D64/><U83/><E83/><V101/><F101/><W48/><G48/><T72/><D34/><U21/><E31/><V45/><F13/><W109/><G109/><T130/><D14/><U8/><E3/><V9/><F9/><W51/><G51/><T36/><D10/><U84/><E8/><V12/><F12/><W132/><G132/><T30/><D126/><U53/><E21/><V117/><F117/><W94/><G94/><T41/><D30/><U92/><E92/><V28/><F28/><RYUUKYOKU ba="0,1" sc="250,-10,250,-10,250,-10,240,30" hai3="17,22,25,42,43,50,52,57,59,66,81,86,89" /><INIT seed="1,1,1,1,4,30" ten="240,240,240,270" oya="1" hai0="111,16,84,11,79,131,61,21,59,1,76,122,67" hai1="56,20,24,58,12,114,85,73,102,2,60,46,86" hai2="110,120,81,45,88,133,66,62,91,125,82,94,48" hai3="117,96,95,115,118,100,17,23,3,113,89,71,26"/><U97/><E114/><V109/><F120/><W93/><G71/><T129/><D122/><U90/><E2/><V69/><F133/><W39/><G39/><T9/><D111/><N who="2" m="42506" /><F125/><W34/><G3/><T92/><D92/><U27/><E73/><V44/><F44/><W47/><G47/><T108/><D108/><U75/><E75/><V38/><F38/><W132/><G132/><T64/><D64/><U121/><E121/><V105/><F105/><W77/><G77/><N who="0" m="29771" /><D84/><U134/><E134/><V22/><F22/><W124/><G124/><T99/><D99/><U54/><E46/><V6/><F6/><W70/><G70/><T80/><D80/><N who="2" m="30826" /><F94/><W52/><G34/><T29/><D29/><U98/><E102/><V116/><F116/><N who="3" m="44651" /><G52/><AGARI ba="1,1" hai="45,48,52,62,66,69,88,91" m="30826,42506" machi="52" ten="30,3900,0" yaku="14,1,54,2" doraHai="30" who="2" fromWho="3" sc="240,0,240,0,240,52,270,-42" /><INIT seed="2,0,0,2,4,92" ten="240,240,292,228" oya="2" hai0="49,133,86,0,57,37,23,73,66,91,96,77,62" hai1="110,100,75,35,71,10,8,59,3,94,44,61,58" hai2="108,72,101,114,34,119,43,113,105,124,56,135,41" hai3="81,5,60,98,131,120,7,29,82,79,13,102,123"/><V67/><F119/><W26/><G131/><T16/><D37/><U125/><E35/><V42/><F34/><W134/><G134/><T76/><D0/><U25/><E75/><V6/><F72/><W106/><G82/><N who="0" m="49623" /><D73/><U31/><E71/><V84/><F135/><W50/><G50/><T33/><D33/><U126/><E44/><V111/><F6/><W85/><G60/><T19/><D19/><U12/><E3/><V90/><F124/><W39/><G39/><T1/><D1/><U130/><E58/><V30/><F30/><W97/><G97/><T51/><D133/><U52/><E110/><N who="2" m="42027" /><F56/><W9/><REACH who="3" step="1"/><G5/><REACH who="3" ten="240,240,292,218" step="2"/><T132/><D51/><U24/><E130/><V27/><F114/><W65/><G65/><T21/><D49/><U128/><E128/><V80/><F67/><W118/><G118/><T74/><D96/><U38/><E38/><V14/><F113/><W17/><G17/><T15/><D132/><U99/><E126/><V127/><F127/><W55/><G55/><T54/><D54/><U69/><E125/><V121/><F43/><W87/><G87/><T36/><D36/><U11/><E69/><V78/><F42/><W88/><G88/><T95/><D74/><U18/><REACH who="1" step="1"/><E31/><REACH who="1" ten="240,230,292,218" step="2"/><V89/><F41/><W53/><G53/><T28/><D66/><U32/><E32/><AGARI ba="0,2" hai="7,9,13,26,29,32,79,81,85,98,102,106,120,123" machi="32" ten="30,3900,0" yaku="1,1,7,1,52,1,53,0" doraHai="92" doraHaiUra="68" who="3" fromWho="1" sc="240,0,230,-39,292,0,218,59" /><INIT seed="3,0,0,5,2,13" ten="240,191,292,277" oya="3" hai0="102,135,55,32,117,18,124,63,82,16,88,78,34" hai1="48,108,36,26,67,84,17,51,47,77,115,43,99" hai2="93,25,121,66,129,14,21,81,85,126,44,30,38" hai3="97,123,119,103,65,92,134,53,57,79,50,87,90"/><W76/><G119/><T46/><D117/><U96/><E108/><V0/><F0/><W42/><G123/><T60/><D124/><U35/><E115/><V104/><F104/><W132/><G65/><T59/><D135/><N who="3" m="51753" /><G42/><T8/><D102/><U39/><E67/><V61/><F126/><W83/><AGARI ba="0,0" hai="50,53,57,76,79,83,87,90,92,97,103" m="51753" machi="83" ten="30,1500,0" yaku="20,1" doraHai="13" who="3" fromWho="3" sc="240,-5,191,-5,292,-5,277,15" /><INIT seed="3,1,0,2,4,115" ten="235,186,287,292" oya="3" hai0="13,110,51,93,11,92,72,9,31,12,50,8,46" hai1="39,0,71,116,4,42,88,129,27,113,87,14,99" hai2="134,32,112,83,102,66,100,24,70,55,91,40,6" hai3="127,43,57,29,25,3,114,28,122,67,98,84,123"/><W119/><G119/><T103/><D72/><U63/><E113/><V60/><F112/><W69/><G114/><T73/><D73/><U62/><E129/><V125/><F40/><W89/><G69/><T85/><D110/><U1/><E99/><V94/><F125/><W75/><G75/><T120/><D31/><U79/><E79/><V74/><F6/><W20/><G127/><T86/><D50/><U30/><E116/><V78/><F134/><W65/><G3/><T47/><D47/><U48/><E39/><V37/><F55/><W58/><G98/><T21/><D21/><U124/><E124/><V19/><F37/><W38/><G38/><T45/><D45/><U44/><E14/><N who="0" m="5737" /><D120/><U17/><E17/><V132/><F132/><W16/><G43/><N who="0" m="25055" /><D103/><U52/><E42/><V35/><F35/><W61/><G123/><T18/><D18/><U108/><E108/><V22/><F32/><W131/><G131/><T135/><D135/><U121/><E121/><V133/><F133/><W76/><G76/><T36/><D36/><U109/><E109/><V23/><F23/><W118/><G118/><T96/><D96/><AGARI ba="1,0" hai="19,22,24,60,66,70,74,78,83,91,94,96,100,102" machi="96" ten="30,1000,0" yaku="7,1" doraHai="115" who="2" fromWho="0" sc="235,-13,186,0,287,13,292,0" owari="222,-17.8,186,-31.4,300,40.0,292,9.2" /></mjloggm>