<mjloggm ver="2.3"><GO type="225" lobby="0"/><UN n0="%E5%AE%AE%E4%BF%9D%E9%B6%8F%E8%82%89" n1="%E8%B7%AF%E9%9C%B8" n2="%E2%91%A3%E9%81%BF%E9%81%8A%E6%88%AF%E3%80%90%E6%9D%B1%E5%8D%97%E3%80%91" n3="%E3%81%AF%E3%82%88%E3%81%8A%E3%81%98%E3%81%95%E3%82%93" dan="16,17,16,16" rate="2096.23,2185.88,2122.85,2147.73" sx="M,M,M,M"/><TAIKYOKU oya="0"/><INIT seed="0,0,0,2,1,97" ten="250,250,250,250" oya="0" hai0="88,16,59,36,135,66,7,15,18,29,101,134,75" hai1="131,98,70,4,19,35,78,83,126,125,123,45,14" hai2="17,99,91,105,43,129,34,111,6,55,113,54,82" hai3="57,77,130,62,56,12,65,86,79,115,20,90,2"/><T23/><D75/><U76/><E123/><V3/><F113/><W84/><G2/><T80/><D36/><U112/><E112/><V89/><F34/><W120/><G115/><T127/><D127/><N who="1" m="48651" /><E70/><V47/><F129/><W31/><G130/><T118/><D118/><U37/><E35/><V9/><F111/><W133/><G120/><T119/><D119/><U1/><E131/><V26/><F89/><W106/><G106/><T48/><D101/><U68/><E68/><V0/><F0/><W22/><G133/><N who="0" m="50699" /><D29/><U122/><E122/><V81/><F81/><W108/><G108/><T107/><D107/><U51/><E37/><V46/><F47/><W38/><G38/><T73/><D73/><U102/><E83/><V41/><F43/><W69/><G69/><T74/><D74/><U128/><E128/><V71/><F71/><W39/><G39/><T124/><D124/><U8/><E1/><V94/><F105/><W32/><G32/><T30/><D30/><U93/><E4/><V121/><F82/><N who="3" m="49431" /><G86/><N who="0" m="50247" /><D7/><U21/><E8/><V100/><F121/><W109/><G109/><T92/><D18/><U85/><E85/><V87/><F17/><N who="3" m="10279" /><G57/><T95/><D66/><U110/><E110/><V132/><F132/><W50/><G50/><T10/><D10/><U117/><E117/><V40/><F3/><W27/><AGARI ba="0,0" hai="22,27,31,56,62,65,77,79" m="10279,49431" machi="27" ten="30,1100,0" yaku="8,1" doraHai="97" who="3" fromWho="3" sc="250,-5,250,-3,250,-3,250,11" /><INIT seed="1,0,0,4,3,107" ten="245,247,247,261" oya="1" hai0="38,0,1,6,26,48,76,111,93,39,36,116,124" hai1="92,133,64,85,97,4,44,27,40,51,41,45,99" hai2="31,68,9,119,33,35,46,54,77,103,113,79,73" hai3="134,115,96,66,80,83,12,49,56,78,87,82,88"/><U125/><E125/><V109/><F109/><W128/><G115/><T60/><D116/><U14/><E133/><V2/><F119/><W62/><G134/><T20/><D111/><U122/><E122/><V37/><F113/><W131/><G49/><T21/><D124/><U108/><E108/><V58/><F79/><W18/><G96/><T104/><D104/><U24/><E64/><V94/><F68/><W105/><G105/><T98/><D76/><U57/><E57/><V55/><F94/><W132/><G132/><T100/><D60/><U42/><E85/><V47/><F103/><W30/><G30/><T19/><D6/><U127/><E127/><V117/><F117/><W15/><G15/><T23/><D48/><U81/><E81/><N who="2" m="45231" /><F47/><N who="1" m="17993" /><E51/><N who="2" m="31071" /><F55/><W118/><G118/><T43/><REACH who="0" step="1"/><D43/><REACH who="0" ten="235,247,247,261" step="2"/><U17/><E4/><N who="2" m="1175" /><F31/><W70/><G78/><T120/><D120/><U11/><E97/><V65/><F65/><W72/><G70/><T71/><D71/><U135/><E135/><V28/><F28/><W90/><G72/><T25/><D25/><U130/><E130/><N who="3" m="49706" /><G87/><T129/><D129/><U86/><E86/><V91/><F91/><AGARI ba="0,1" hai="11,14,17,24,27,40,41,42,91,92,99" m="17993" machi="91" ten="30,1500,0" yaku="8,1" doraHai="107" who="1" fromWho="2" sc="235,0,247,25,247,-15,261,0" /><INIT seed="1,1,0,5,1,127" ten="235,272,232,261" oya="1" hai0="104,86,22,40,123,41,115,81,50,106,37,42,7" hai1="118,83,54,109,47,78,62,68,52,6,77,23,133" hai2="67,18,36,33,65,96,129,38,60,105,132,88,125" hai3="16,97,89,107,93,108,90,131,130,75,10,114,119"/><U116/><E133/><V13/><F132/><W103/><G114/><T29/><D115/><U3/><E109/><V5/><F33/><W44/><G108/><T30/><D37/><U61/><E23/><V134/><F125/><W80/><G119/><T70/><D70/><U66/><E3/><V11/><F134/><W58/><G44/><T99/><D123/><U73/><E6/><V74/><F74/><W43/><G43/><T4/><D50/><U31/><E31/><V79/><F79/><N who="3" m="44159" /><G58/><T2/><D2/><U27/><E27/><V32/><F32/><W56/><G56/><T46/><D46/><U72/><E47/><V122/><F122/><W91/><G16/><T95/><D106/><U98/><E98/><V48/><F48/><W15/><G15/><T69/><D104/><U120/><E120/><V111/><F67/><W45/><G10/><T12/><D69/><U55/><E62/><V28/><F28/><N who="0" m="10858" /><D22/><U100/><E100/><V34/><F34/><W121/><G45/><T110/><D12/><U21/><E21/><V9/><F111/><W82/><G121/><T94/><D94/><U35/><E35/><V101/><F38/><W102/><G82/><AGARI ba="1,0" hai="52,54,55,61,66,68,72,73,77,78,82,83,116,118" machi="82" ten="40,3900,0" yaku="9,1,54,1" doraHai="127" who="1" fromWho="3" sc="235,0,272,42,232,0,261,-42" /><INIT seed="1,2,0,3,2,45" ten="235,314,232,219" oya="1" hai0="13,74,11,87,1,15,53,100,49,66,39,34,65" hai1="82,50,105,77,76,0,99,47,96,29,83,36,132" hai2="30,62,21,108,133,28,114,107,109,33,24,57,10" hai3="19,52,129,102,78,127,7,75,40,124,134,27,31"/><U95/><E36/><V121/><F107/><W44/><G129/><T64/><D74/><U97/><E0/><V69/><F69/><W91/><G134/><T115/><D39/><U94/><E29/><V128/><F133/><W12/><G102/><T123/><D34/><U14/><E105/><V92/><F128/><W80/><G91/><T9/><D115/><U117/><E117/><V111/><F121/><W59/><G7/><T23/><D1/><U60/><E60/><V86/><F114/><W17/><G44/><T101/><D23/><U51/><E14/><N who="0" m="5129" /><D87/><U41/><E132/><V88/><F10/><N who="0" m="3594" /><D123/><U55/><E83/><V120/><F120/><W71/><G40/><T61/><D61/><U26/><E26/><V103/><F103/><N who="0" m="39498" /><D53/><U18/><E18/><N who="2" m="12343" /><F33/><W79/><G78/><N who="1" m="30314" /><E82/><V131/><F131/><W110/><G71/><T48/><AGARI ba="2,0" hai="48,49,64,65,66" m="39498,3594,5129" machi="48" ten="40,8000,1" yaku="28,2,8,1,52,2" doraHai="45" who="0" fromWho="0" sc="235,86,314,-42,232,-22,219,-22" /><INIT seed="2,0,0,0,2,48" ten="321,272,210,197" oya="2" hai0="70,123,47,65,0,78,30,17,96,41,74,63,23" hai1="12,59,86,43,10,40,124,87,92,51,115,99,22" hai2="29,20,106,58,85,134,36,54,114,130,60,45,80" hai3="132,34,110,38,46,108,79,13,125,16,31,28,3"/><V122/><F122/><W15/><G3/><T19/><D123/><U90/><E115/><V128/><F106/><W69/><G69/><T5/><D96/><U6/><E124/><V7/><F114/><W100/><G125/><T119/><D119/><U9/><E9/><V135/><F7/><W39/><G132/><N who="2" m="50729" /><F29/><W107/><G79/><T84/><D84/><N who="1" m="32299" /><E22/><V2/><F20/><W11/><G15/><T68/><D68/><U53/><AGARI ba="0,0" hai="6,10,12,40,43,51,53,59,90,92,99" m="32299" machi="53" ten="30,2000,0" yaku="8,1,52,1" doraHai="48" who="1" fromWho="1" sc="321,-5,272,20,210,-10,197,-5" /><INIT seed="3,0,0,5,1,113" ten="316,292,200,192" oya="3" hai0="57,55,101,77,93,96,115,120,107,35,31,25,27" hai1="125,56,47,54,122,39,23,92,82,8,7,69,21" hai2="9,36,84,97,65,24,117,106,130,121,20,19,17" hai3="87,111,33,62,104,68,15,89,41,37,81,76,6"/><W100/><G33/><T45/><D115/><U118/><E69/><V48/><F36/><W52/><G111/><T127/><D120/><U79/><E122/><V72/><F121/><W94/><G104/><T28/><D127/><U126/><E118/><V88/><F72/><W108/><G108/><T123/><D123/><U32/><E32/><V119/><F65/><W12/><G100/><T4/><D4/><U66/><E66/><V0/><F130/><W73/><G6/><T42/><D77/><U83/><E92/><V103/><F48/><W102/><G102/><T63/><D107/><U86/><E82/><V59/><F59/><N who="3" m="35175" /><G68/><T26/><D31/><U129/><E129/><V16/><F0/><W14/><G37/><AGARI ba="0,0" hai="25,26,27,28,35,37,42,45,55,57,63,93,96,101" machi="37" ten="30,1000,0" yaku="7,1" doraHai="113" who="0" fromWho="3" sc="316,10,292,0,200,0,192,-10" owari="326,42.6,292,9.2,200,-20.0,182,-31.8" /></mjloggm>