<mjloggm ver="2.3"><GO type="225" lobby="0"/><UN n0="%E3%82%82%E3%81%90%E3%82%89" n1="%E8%81%B7%E6%A5%AD%E3%80%81%E9%A2%A8%32" n2="%72%61%6B%33" n3="%E3%81%86%E3%83%BC%E3%81%B1%E3%83%BC" dan="17,16,18,16" rate="2230.66,2149.74,2198.17,2166.68" sx="M,M,M,F"/><TAIKYOKU oya="0"/><INIT seed="0,0,0,2,2,102" ten="250,250,250,250" oya="0" hai0="73,86,3,97,91,135,58,101,38,79,41,11,77" hai1="59,21,27,128,76,22,118,81,43,123,13,78,122" hai2="70,19,39,12,0,89,24,93,51,35,105,62,133" hai3="66,4,37,14,44,42,31,40,100,132,54,9,98"/><T50/><D135/><U68/><E68/><V114/><F39/><W52/><G132/><T109/><D38/><U8/><E118/><V116/><F0/><W2/><G42/><T131/><D131/><U125/><E125/><V103/><F51/><W20/><G66/><T111/><D3/><U65/><E128/><V36/><F36/><W121/><G121/><T117/><D11/><U115/><E115/><V34/><F24/><W134/><G134/><T113/><D113/><U108/><E108/><N who="0" m="41545" /><D73/><U26/><E43/><V28/><F116/><W120/><G120/><T49/><D117/><U124/><E124/><V82/><F82/><W23/><G20/><N who="1" m="7786" /><E81/><V110/><F34/><W74/><G74/><T94/><D49/><U53/><E65/><V96/><F35/><W126/><G126/><T57/><D41/><U64/><E64/><V55/><F114/><W83/><G83/><N who="0" m="49631" /><D57/><U88/><E122/><V67/><F133/><W85/><G85/><T69/><D69/><U71/><E71/><V60/><F110/><W56/><G56/><T119/><D119/><U5/><E123/><V130/><F130/><W18/><REACH who="3" step="1"/><G31/><REACH who="3" ten="250,250,250,240" step="2"/><T17/><D17/><U15/><E59/><N who="2" m="34943" /><F28/><W30/><G30/><T92/><D58/><U6/><E6/><V48/><F19/><W129/><G129/><T99/><D50/><U45/><E5/><V75/><F48/><W95/><AGARI ba="0,1" hai="2,4,9,14,18,23,37,40,44,52,54,95,98,100" machi="95" ten="20,8000,1" yaku="1,1,0,1,7,1,54,1,53,1" doraHai="102" doraHaiUra="32" who="3" fromWho="3" sc="250,-40,250,-20,250,-20,240,90" /><INIT seed="1,0,0,1,0,47" ten="210,230,230,330" oya="1" hai0="116,133,118,114,132,60,18,42,22,13,71,98,0" hai1="92,105,120,44,45,52,103,70,90,74,15,51,24" hai2="54,135,93,63,25,67,48,14,50,109,130,11,76" hai3="3,126,97,32,64,43,78,107,59,23,69,81,124"/><U29/><E120/><V19/><F109/><W119/><G32/><T7/><D114/><U8/><E74/><V72/><F130/><W101/><G69/><T88/><D42/><U4/><E70/><V75/><F135/><N who="0" m="51786" /><D71/><U122/><E122/><V35/><F93/><W131/><G3/><T95/><D60/><U102/><E105/><V57/><F76/><W129/><G23/><T49/><D7/><U37/><E45/><V112/><F112/><W80/><G43/><T68/><D0/><U56/><E44/><V17/><F17/><W2/><G2/><T100/><D68/><U16/><E37/><V87/><F87/><N who="3" m="48535" /><G119/><N who="0" m="45611" /><D100/><U91/><E4/><V40/><F40/><W125/><G81/><T6/><D6/><U110/><E110/><V85/><F67/><W73/><G73/><T117/><N who="0" m="45619" /><T41/><DORA hai="33" /><D41/><U96/><E102/><V99/><F75/><W21/><G21/><AGARI ba="0,0" hai="8,15,16,21,24,29,51,52,56,90,91,92,96,103" machi="21" ten="30,12000,1" yaku="7,1,8,1,52,1,54,2" doraHai="47,33" who="1" fromWho="3" sc="210,0,230,120,230,0,330,-120" /><INIT seed="1,1,0,5,4,70" ten="210,350,230,210" oya="1" hai0="30,68,1,43,94,103,97,23,17,75,54,124,132" hai1="8,117,9,79,109,122,10,91,71,126,36,42,73" hai2="44,116,4,35,46,59,2,55,65,85,135,108,6" hai3="28,77,64,67,58,80,13,53,25,29,37,100,111"/><U99/><E122/><V107/><F35/><W128/><G111/><T96/><D68/><U115/><E117/><V62/><F107/><W87/><G128/><T114/><D114/><U57/><E71/><V93/><F116/><W21/><G37/><T95/><D1/><U113/><E126/><V39/><F135/><W22/><G100/><T104/><D124/><U101/><E91/><V31/><F31/><W20/><G21/><T88/><D75/><U106/><E109/><V26/><F26/><W86/><G87/><T18/><D132/><U19/><E19/><V84/><F2/><W83/><G83/><T32/><D32/><U120/><E57/><V66/><F85/><W16/><REACH who="3" step="1"/><G29/><REACH who="3" ten="210,350,230,200" step="2"/><T14/><D30/><U129/><E129/><V48/><F39/><W15/><G15/><T92/><D23/><U34/><E36/><V119/><F119/><W60/><AGARI ba="1,1" hai="13,16,20,22,25,28,53,58,60,64,67,77,80,86" machi="60" ten="20,8000,1" yaku="1,1,0,1,7,1,8,1,54,1,53,0" doraHai="70" doraHaiUra="3" who="3" fromWho="3" sc="210,-21,350,-41,230,-21,200,93" /><INIT seed="2,0,0,3,2,50" ten="189,309,209,293" oya="2" hai0="13,32,73,70,53,98,123,6,122,61,10,25,135" hai1="127,68,124,113,69,20,51,52,79,42,103,58,83" hai2="27,48,94,30,31,5,82,44,19,86,121,76,4" hai3="89,14,95,57,39,96,134,74,18,37,54,119,24"/><V107/><F107/><W131/><G119/><T21/><D73/><U78/><E113/><V117/><F121/><W28/><G74/><T38/><D38/><U106/><E79/><V115/><F115/><W130/><G134/><T77/><D135/><U47/><E103/><V101/><F117/><W102/><G102/><T85/><D32/><U17/><E106/><V29/><F19/><W110/><G110/><T88/><D70/><U62/><E124/><V118/><F27/><W45/><G45/><T80/><D77/><U49/><E49/><V71/><F71/><W93/><G95/><T64/><D98/><U81/><E81/><V59/><F59/><W8/><G131/><T65/><D123/><U126/><E126/><V16/><F16/><W2/><G2/><T75/><D75/><U97/><E97/><N who="2" m="59575" /><F118/><W133/><G133/><T132/><D122/><U63/><E127/><V120/><F120/><W100/><G100/><T105/><D105/><U0/><E0/><V90/><F76/><W109/><G130/><T46/><D132/><U1/><E1/><V128/><F128/><W60/><REACH who="3" step="1"/><G109/><REACH who="3" ten="189,309,209,283" step="2"/><T108/><D108/><U55/><E47/><V87/><F87/><W111/><G111/><T104/><D104/><U125/><E125/><V12/><F12/><W114/><G114/><T66/><D46/><U7/><E42/><AGARI ba="0,1" hai="4,5,29,30,31,42,44,48,82,86,90" m="59575" machi="42" ten="30,1500,0" yaku="8,1" doraHai="50" who="2" fromWho="1" sc="189,0,309,-15,209,25,283,0" /><INIT seed="2,1,0,3,3,63" ten="189,294,234,283" oya="2" hai0="95,80,76,112,115,44,90,24,73,53,64,58,22" hai1="86,10,133,55,6,84,117,104,77,31,81,96,47" hai2="8,110,46,13,66,105,16,42,40,20,3,18,54" hai3="49,78,33,93,119,29,97,89,118,111,67,15,43"/><V65/><F105/><W121/><G121/><T102/><D44/><U28/><E117/><V114/><F114/><W75/><G111/><T60/><D102/><U79/><E133/><V45/><F110/><W129/><G129/><T135/><D135/><U107/><E104/><V51/><F3/><W41/><G29/><T92/><D92/><U74/><E79/><V134/><F134/><W100/><G33/><T38/><D38/><U26/><E31/><V11/><F11/><W101/><G15/><T5/><D5/><U36/><E55/><V91/><F91/><W35/><G35/><T71/><D71/><U27/><E27/><N who="2" m="14727" /><F45/><W106/><G100/><T61/><D61/><U9/><E9/><V108/><F108/><W21/><G21/><T23/><D53/><U14/><E47/><V2/><F2/><W37/><G37/><T123/><D22/><U70/><E70/><V99/><F99/><W72/><G72/><T4/><D4/><U87/><E36/><V57/><F42/><W82/><G41/><T103/><D123/><U0/><E0/><V48/><AGARI ba="1,0" hai="8,13,18,40,46,48,51,54,57,65,66" m="14727" machi="48" ten="30,11700,0" yaku="8,1,52,2,54,1" doraHai="63" who="2" fromWho="2" sc="189,-40,294,-40,234,120,283,-40" /><INIT seed="2,2,0,4,3,0" ten="149,254,354,243" oya="2" hai0="31,3,38,39,51,12,23,45,74,42,72,87,11" hai1="2,109,113,115,36,44,50,89,6,88,30,25,21" hai2="79,37,132,114,52,98,56,117,19,123,75,83,131" hai3="71,90,16,124,135,121,118,64,20,111,120,5,126"/><V4/><F114/><W49/><G71/><T10/><D74/><U80/><E109/><V7/><F117/><W70/><G70/><T61/><D72/><U34/><E36/><V28/><F123/><N who="3" m="47179" /><G49/><T103/><D103/><U101/><E101/><V40/><F131/><W33/><G64/><T63/><D39/><U67/><E67/><V134/><F28/><W53/><G53/><T32/><D38/><U55/><E34/><V104/><F19/><W105/><G105/><T9/><D3/><U97/><E97/><V22/><F22/><W43/><G90/><T94/><D32/><U95/><E80/><V24/><F24/><N who="3" m="14343" /><G43/><T85/><D85/><U107/><E107/><V57/><F57/><W92/><G92/><T119/><D119/><U128/><E128/><V1/><F1/><W59/><G59/><T122/><D122/><U91/><REACH who="1" step="1"/><E95/><REACH who="1" ten="149,244,354,243" step="2"/><V27/><F98/><W60/><G111/><T106/><D106/><U133/><E133/><V112/><F104/><W110/><G110/><T108/><D108/><U29/><E29/><V14/><F134/><W35/><G135/><T17/><REACH who="0" step="1"/><D31/><REACH who="0" ten="139,244,354,243" step="2"/><U68/><E68/><V13/><F132/><W58/><G35/><T65/><D65/><U76/><E76/><V48/><F37/><W86/><G33/><T100/><D100/><U8/><AGARI ba="2,2" hai="2,6,8,21,25,30,44,50,55,88,89,91,113,115" machi="8" ten="30,7900,0" yaku="1,1,0,1,52,1,54,1,53,0" doraHai="0" doraHaiUra="125" who="1" fromWho="1" sc="139,-22,244,105,354,-41,243,-22" /><INIT seed="3,0,0,4,5,116" ten="117,349,313,221" oya="3" hai0="60,68,64,125,3,17,37,120,126,6,20,63,98" hai1="73,0,47,107,12,38,119,110,89,82,26,35,71" hai2="103,66,48,112,32,57,55,129,77,78,102,46,18" hai3="130,75,88,39,115,21,59,121,105,28,41,36,70"/><W124/><G115/><T97/><D37/><U101/><E71/><V99/><F112/><W58/><G70/><T81/><D81/><U52/><E0/><V69/><F129/><W29/><G105/><T134/><D6/><U61/><E12/><V27/><F69/><W100/><G100/><T25/><D3/><U13/><E13/><V94/><F103/><W127/><G75/><T131/><D131/><U86/><E61/><N who="2" m="38191" /><F32/><W72/><G72/><T95/><D134/><U22/><E35/><V56/><F46/><W7/><G130/><T50/><D50/><U33/><E33/><V113/><F113/><W49/><G7/><T45/><D45/><U123/><E123/><V93/><F93/><W34/><G34/><T117/><D117/><U16/><E38/><V4/><F4/><W11/><G11/><T9/><D9/><U135/><E135/><V30/><F30/><W104/><G104/><T92/><D63/><U53/><E119/><V51/><F51/><W114/><G49/><T44/><D44/><U91/><E47/><V19/><F19/><W65/><G114/><T42/><D42/><U40/><E40/><V87/><F87/><W79/><G41/><T67/><D67/><U31/><E16/><V54/><F54/><N who="1" m="21097" /><E73/><V24/><F18/><W5/><G65/><T14/><D14/><U122/><E122/><V96/><F96/><W83/><G121/><T80/><D80/><U76/><E110/><V109/><F109/><W132/><G132/><T111/><D120/><U106/><E106/><V84/><F84/><N who="3" m="50207" /><G5/><T128/><D128/><U62/><E62/><RYUUKYOKU ba="0,0" sc="117,-15,349,15,313,15,221,-15" hai1="22,26,31,76,82,86,89,91,101,107" hai2="24,27,48,55,56,77,78,94,99,102" owari="102,-39.8,364,46.4,328,12.8,206,-19.4" /></mjloggm>