<mjloggm ver="2.3"><GO type="225" lobby="0"/><UN n0="%6B%69%72%61%64%6F%6B%69" n1="%E3%81%9A%E3%82%93%E3%81%9A%E3%82%93%E3%80%82" n2="%E3%81%99%E3%81%84%E3%81%BE%E3%81%9B%E3%83%BC%E3%82%93" n3="%E3%82%B2%E3%82%B9%E8%8C%82%E5%8B%9D" dan="16,17,17,16" rate="2086.03,2136.55,2239.26,2128.72" sx="M,M,M,F"/><TAIKYOKU oya="0"/><INIT seed="0,0,0,1,4,48" ten="250,250,250,250" oya="0" hai0="26,133,114,13,21,2,17,106,104,73,27,80,62" hai1="29,98,115,9,30,93,87,130,44,16,58,72,6" hai2="28,25,123,116,126,54,49,22,118,59,75,24,14" hai3="108,77,63,124,37,0,33,89,81,47,94,50,95"/><T10/><D114/><U105/><E72/><V125/><F75/><W134/><G124/><N who="2" m="47721" /><F123/><W122/><G134/><T85/><D73/><U79/><E105/><V113/><F113/><W19/><G122/><T111/><D111/><U131/><E115/><V45/><F14/><W92/><G108/><T38/><D38/><U20/><E44/><V5/><F5/><W120/><G120/><T65/><D133/><U41/><E41/><N who="2" m="24751" /><F25/><W68/><G33/><T78/><D2/><U97/><E131/><V61/><AGARI ba="0,0" hai="22,24,28,54,59,61,116,118" m="24751,47721" machi="61" ten="30,2000,0" yaku="18,1,52,1" doraHai="48" who="2" fromWho="2" sc="250,-10,250,-5,250,20,250,-5" /><INIT seed="1,0,0,2,0,109" ten="240,245,270,245" oya="1" hai0="129,133,61,5,98,22,46,66,89,79,96,49,113" hai1="59,101,108,14,118,45,16,25,12,43,74,120,90" hai2="126,33,103,19,134,1,44,86,105,75,51,91,110" hai3="36,107,4,2,77,48,57,128,123,72,97,31,121"/><U84/><E118/><V32/><F110/><W6/><G36/><T42/><D129/><U47/><E120/><V115/><F75/><W112/><G128/><T95/><D133/><U88/><E108/><V13/><F1/><W93/><G107/><T104/><D113/><U35/><E74/><V38/><F38/><W130/><G130/><T10/><D79/><U132/><E132/><V135/><F126/><W70/><G70/><T27/><D104/><U54/><E101/><V69/><F69/><W116/><G116/><T114/><D114/><U64/><E64/><V85/><F85/><W8/><G31/><T78/><D78/><U67/><E67/><V125/><F125/><W94/><G112/><T55/><D42/><U9/><E12/><V7/><F7/><W41/><G4/><T56/><D96/><U18/><E90/><V26/><F115/><W81/><G93/><T71/><D71/><U82/><E43/><V99/><F135/><W3/><G3/><T111/><D111/><U83/><E83/><N who="2" m="49631" /><F26/><W106/><G106/><T62/><D62/><N who="1" m="36215" /><E35/><V122/><F122/><W65/><G41/><T60/><D60/><U117/><E117/><V76/><F76/><W0/><G2/><T28/><D5/><U92/><E82/><V17/><F134/><W100/><G65/><T50/><D50/><U119/><E119/><V102/><F102/><W63/><G63/><T124/><D124/><U30/><E30/><V52/><F19/><W37/><G37/><T131/><D131/><U53/><E53/><V15/><F17/><W39/><G39/><T80/><D80/><RYUUKYOKU ba="0,0" sc="240,0,245,0,270,0,245,0" hai0="10,22,27,28,46,49,55,56,61,66,89,95,98" hai1="9,14,16,18,25,45,47,84,88,92" hai2="13,15,32,33,44,51,52,99,103,105" hai3="0,6,8,48,57,72,77,81,94,97,100,121,123" /><INIT seed="1,1,0,0,4,36" ten="240,245,270,245" oya="1" hai0="93,42,47,90,56,63,16,2,30,111,113,114,26" hai1="132,101,72,10,108,73,59,81,50,68,45,134,112" hai2="78,70,43,91,13,61,106,1,89,83,49,58,104" hai3="22,80,88,129,4,67,11,98,12,86,99,46,96"/><U87/><E68/><V115/><F1/><W25/><G129/><T62/><D2/><U14/><E112/><V24/><F115/><W92/><G67/><T37/><D111/><U135/><E59/><V65/><F24/><W15/><G15/><T32/><D16/><N who="1" m="8279" /><E101/><V51/><F106/><W85/><G46/><T53/><REACH who="0" step="1"/><D63/><REACH who="0" ten="230,245,270,245" step="2"/><U9/><E108/><V18/><F61/><W122/><G122/><T105/><D105/><U82/><E9/><V66/><F104/><W41/><G41/><T31/><D31/><U6/><E6/><V123/><F43/><W121/><G121/><T94/><D94/><U79/><E82/><V131/><F83/><W130/><G130/><T76/><D76/><U38/><E38/><V107/><F78/><W8/><G11/><T95/><D95/><U20/><E20/><V84/><F107/><W23/><REACH who="3" step="1"/><G25/><REACH who="3" ten="230,245,270,235" step="2"/><T127/><D127/><U97/><E97/><AGARI ba="1,2" hai="26,30,32,37,42,47,53,56,62,90,93,97,113,114" machi="97" ten="30,3900,0" yaku="1,1,7,1,52,1,53,0" doraHai="36" doraHaiUra="126" who="0" fromWho="1" sc="230,62,245,-42,270,0,235,0" /><INIT seed="2,0,0,5,4,107" ten="292,203,270,235" oya="2" hai0="90,33,19,99,3,98,31,69,79,84,88,38,45" hai1="97,35,14,123,92,34,133,113,11,47,49,41,77" hai2="0,74,122,39,4,60,27,111,119,68,100,32,120" hai3="24,80,52,15,61,85,102,75,106,55,86,81,115"/><V76/><F119/><W36/><G115/><T21/><D69/><U112/><E133/><V128/><F128/><W54/><G36/><T57/><D3/><U105/><E123/><V10/><F100/><W7/><G24/><T70/><D70/><U95/><E105/><V50/><F50/><W22/><G61/><T117/><D117/><U94/><E97/><V37/><F111/><W135/><G135/><T87/><D31/><U125/><E125/><V114/><F114/><W67/><G67/><T12/><D33/><U28/><E77/><V64/><F122/><W63/><G63/><T16/><D38/><U89/><E89/><N who="0" m="34409" /><D45/><U82/><E82/><N who="2" m="45335" /><F120/><W131/><G131/><T43/><D43/><U72/><E72/><V13/><F13/><W101/><G106/><T118/><D118/><U51/><E34/><V2/><F2/><W96/><G81/><N who="0" m="47167" /><D87/><U40/><E40/><V23/><F32/><W93/><G75/><T124/><D124/><U9/><E9/><V26/><F39/><W42/><G42/><T30/><D30/><U5/><REACH who="1" step="1"/><E51/><REACH who="1" ten="292,193,270,235" step="2"/><V130/><F37/><W18/><G86/><T8/><D98/><U104/><E104/><V73/><F73/><W129/><G129/><T44/><D99/><U71/><E71/><V126/><F126/><W83/><G85/><T46/><D57/><U78/><E78/><V121/><F121/><W108/><G108/><T62/><D62/><U6/><E6/><V1/><F130/><W53/><N who="3" m="13312" /><DORA hai="132" /><W127/><G127/><T134/><D134/><U20/><E20/><V66/><F60/><W103/><G7/><RYUUKYOKU ba="0,1" sc="292,10,193,10,270,-30,235,10" hai0="8,12,16,19,21,44,46" hai1="5,11,14,28,35,41,47,49,92,94,95,112,113" hai3="15,18,22,80,83,93,96,101,102,103" /><INIT seed="3,1,1,5,1,63" ten="302,203,240,245" oya="3" hai0="7,26,30,104,56,85,93,57,43,21,32,116,73" hai1="45,121,86,14,23,49,102,33,9,65,69,52,122" hai2="113,101,96,31,97,76,35,53,19,44,50,95,15" hai3="110,78,131,107,39,132,6,54,129,105,81,87,77"/><W36/><G132/><T134/><D73/><U108/><E33/><V55/><F113/><W133/><G133/><T126/><D104/><N who="3" m="40009" /><G6/><T22/><D116/><U135/><E135/><V3/><F3/><W25/><G25/><T61/><D134/><U130/><E108/><V79/><F35/><W84/><G54/><T34/><D43/><U91/><E130/><N who="3" m="49674" /><G110/><T119/><D119/><U82/><E102/><V118/><F31/><W92/><G92/><T20/><D7/><U66/><E23/><N who="2" m="11775" /><F118/><W75/><G75/><T120/><D32/><U60/><REACH who="1" step="1"/><E66/><REACH who="1" ten="302,193,240,245" step="2"/><V64/><F64/><W99/><G99/><T72/><D34/><U13/><E13/><V11/><F97/><W74/><G74/><T4/><D72/><U103/><E103/><V42/><F11/><W58/><G84/><T128/><D85/><U112/><E112/><V51/><F42/><W125/><G125/><T12/><D126/><U127/><E127/><V67/><F67/><W68/><G87/><T124/><D124/><U46/><E46/><AGARI ba="1,2" hai="44,46,50,51,53,55,76,79,95,96,101" m="11775" machi="46" ten="30,1000,0" yaku="8,1" doraHai="63" who="2" fromWho="1" sc="302,0,193,-13,240,33,245,0" owari="302,40.2,180,-32.0,273,7.3,245,-15.5" /></mjloggm>