<mjloggm ver="2.3"><GO type="225" lobby="0"/><UN n0="%41%54%53%4D" n1="%E5%B8%86%E7%AB%8B%E5%A4%8F%E8%A1%A3" n2="%33%74%72%65%65" n3="%E3%81%95%E3%81%8D%E3%81%9F%E3%81%BE%E6%9E%97%E6%AA%8E" dan="16,17,17,16" rate="2096.83,2145.97,2224.06,2159.93" sx="M,M,F,M"/><TAIKYOKU oya="0"/><INIT seed="0,0,0,2,3,113" ten="250,250,250,250" oya="0" hai0="117,61,20,100,103,22,24,97,47,111,8,124,15" hai1="67,62,95,87,105,56,92,72,120,19,96,11,2" hai2="71,134,29,104,25,55,110,126,14,74,64,84,42" hai3="30,53,132,70,89,31,48,13,112,83,122,66,44"/><T49/><D124/><U133/><E120/><V73/><F104/><W68/><G112/><T98/><D111/><U16/><E133/><V123/><F123/><W101/><G132/><T1/><D1/><U12/><E72/><V114/><F42/><W32/><G122/><T43/><D117/><U94/><E2/><V79/><F14/><W57/><G101/><T106/><D61/><U75/><E75/><V63/><F110/><W82/><G32/><T4/><REACH who="0" step="1"/><D24/><REACH who="0" ten="240,250,250,250" step="2"/><U121/><E121/><V58/><F126/><W60/><G60/><T35/><D35/><U130/><E130/><V81/><F134/><W107/><G70/><T38/><D38/><U129/><E129/><V91/><F114/><W3/><G3/><T10/><D10/><U41/><E11/><V37/><F37/><W69/><G69/><T36/><D36/><U33/><E33/><V115/><F115/><W54/><G68/><T26/><D26/><U128/><E128/><V65/><F71/><W28/><G28/><T80/><D80/><U135/><E135/><V88/><F25/><W21/><G83/><T7/><D7/><U52/><E62/><V102/><F29/><W99/><G82/><T0/><D0/><U40/><E19/><V5/><F5/><W93/><G31/><T90/><D90/><U34/><E34/><V76/><F91/><W85/><G89/><T9/><D9/><U27/><E27/><V51/><F63/><W18/><G30/><T59/><D59/><U109/><E109/><V6/><F6/><W78/><G18/><T119/><D119/><U77/><E16/><RYUUKYOKU ba="0,1" sc="240,30,250,-10,250,-10,250,-10" hai0="4,8,15,20,22,43,47,49,97,98,100,103,106" /><INIT seed="0,1,1,4,3,42" ten="270,240,240,240" oya="0" hai0="126,102,49,127,51,19,80,27,63,16,40,48,77" hai1="46,90,134,24,36,70,76,132,53,115,8,5,29" hai2="109,34,66,26,83,82,97,67,133,12,118,74,78" hai3="39,56,117,101,61,64,86,38,88,100,87,3,116"/><T113/><D113/><U125/><E125/><N who="0" m="47625" /><D102/><U15/><E115/><V75/><F109/><W4/><G3/><T135/><D135/><N who="1" m="51755" /><E70/><V85/><F133/><W114/><G114/><T72/><D63/><U84/><E76/><V44/><F118/><W128/><G128/><T35/><D40/><N who="1" m="22791" /><E53/><V120/><F120/><W28/><G28/><AGARI ba="1,1" hai="16,19,27,28,35,48,49,51,72,77,80" m="47625" machi="28" ten="30,2900,0" yaku="18,1,54,1" doraHai="42" who="0" fromWho="3" sc="270,42,240,0,240,0,240,-32" /><INIT seed="0,2,0,0,4,36" ten="312,240,240,208" oya="0" hai0="37,58,29,84,56,94,74,129,121,85,66,108,38" hai1="119,2,51,112,98,35,95,100,22,3,42,39,50" hai2="61,64,40,67,18,134,122,44,82,125,45,46,105" hai3="96,88,79,53,33,73,128,116,41,133,14,132,19"/><T106/><D74/><U102/><E119/><V57/><F105/><W59/><G116/><T126/><D106/><U6/><E35/><V26/><F122/><W69/><G69/><T63/><D121/><U1/><E112/><V97/><F125/><W115/><G115/><T99/><D126/><U15/><E102/><V111/><F111/><W30/><G128/><T118/><D118/><U135/><E135/><N who="3" m="51786" /><G73/><T77/><D129/><U131/><E131/><V101/><F134/><W16/><G79/><T72/><D72/><U21/><E21/><N who="2" m="13623" /><F101/><W11/><G33/><T120/><D120/><U104/><E104/><V103/><F103/><W75/><G75/><T81/><D108/><U13/><E22/><V23/><F97/><W70/><G70/><T10/><D85/><U93/><E93/><V117/><F117/><W5/><G30/><T110/><D110/><U65/><E65/><N who="2" m="25163" /><F82/><W48/><G41/><T86/><D81/><U114/><E114/><V47/><F23/><W17/><G96/><T109/><D99/><U31/><E31/><V80/><F80/><W32/><G32/><T89/><D109/><U90/><E100/><V27/><F27/><W71/><G71/><T54/><D77/><U124/><E124/><V113/><F113/><W34/><G34/><T107/><D107/><U52/><E6/><V123/><F123/><W78/><G78/><T20/><D86/><U127/><E127/><V28/><F28/><W87/><G87/><T24/><D10/><U0/><N who="1" m="0" /><DORA hai="68" /><U76/><E76/><V55/><N who="2" m="11264" /><DORA hai="9" /><V91/><F40/><W62/><G88/><AGARI ba="2,0" hai="55,57,61,88,91" m="11264,25163,13623" machi="88" ten="40,5200,0" yaku="6,1,8,1,54,1" doraHai="36,68,9" who="2" fromWho="3" sc="312,0,240,0,240,58,208,-58" /><INIT seed="1,0,0,1,1,7" ten="312,240,298,150" oya="1" hai0="132,129,121,120,57,133,123,104,28,65,111,80,116" hai1="53,59,100,95,91,35,96,82,110,49,60,17,27" hai2="40,46,23,4,105,87,109,9,1,16,31,24,43" hai3="19,83,47,8,98,34,130,73,38,61,103,102,114"/><U72/><E72/><V14/><F109/><W10/><G114/><T126/><D104/><U33/><E110/><V125/><F125/><W134/><G134/><N who="0" m="51819" /><D111/><U112/><E112/><V108/><F108/><W131/><G34/><T93/><D116/><U135/><E135/><V50/><F105/><W22/><G61/><N who="0" m="38063" /><D129/><N who="3" m="49161" /><G73/><T70/><D70/><U76/><E76/><V39/><F87/><W32/><G32/><T85/><D28/><U2/><E2/><V45/><REACH who="2" step="1"/><F31/><REACH who="2" ten="312,240,288,150" step="2"/><W75/><G75/><T74/><D126/><U89/><E82/><V41/><F41/><N who="3" m="22967" /><G83/><T37/><D74/><U68/><E35/><V54/><F54/><W51/><G51/><T64/><D80/><U84/><E33/><V117/><F117/><W13/><G103/><T118/><D118/><U15/><E100/><V106/><F106/><AGARI ba="0,1" hai="8,10,13,19,22,98,102,106" m="22967,49161" machi="106" ten="30,3900,0" yaku="19,1,52,2" doraHai="7" who="3" fromWho="2" sc="312,0,240,0,288,-39,150,49" /><INIT seed="2,0,0,4,5,19" ten="312,240,249,199" oya="2" hai0="2,69,101,97,9,16,92,86,55,133,87,128,114" hai1="58,5,36,35,121,37,124,90,120,81,23,66,106" hai2="78,21,77,96,1,65,115,38,42,18,67,75,100" hai3="83,107,13,31,118,29,26,52,131,54,50,4,74"/><V102/><F115/><W103/><G118/><T73/><D73/><U3/><E35/><V47/><F1/><W28/><G131/><T123/><D123/><N who="1" m="47179" /><E106/><V116/><F116/><W62/><G107/><T10/><D114/><U135/><E135/><V57/><F75/><W112/><G112/><T82/><D69/><U45/><E124/><V132/><F132/><W17/><G103/><T119/><D133/><U89/><E23/><V56/><F100/><W104/><G104/><T126/><D2/><U34/><E34/><V32/><F32/><W117/><G117/><T80/><D119/><U41/><E37/><V111/><F111/><W109/><G109/><T99/><D128/><U44/><E45/><V33/><F33/><W60/><G4/><T27/><D126/><U130/><E130/><V91/><F91/><N who="1" m="34825" /><E81/><V20/><F20/><N who="3" m="11311" /><G74/><T61/><D82/><U8/><E58/><V22/><F57/><N who="3" m="32919" /><G83/><T122/><D80/><U46/><E46/><V94/><F22/><N who="3" m="15447" /><G54/><T40/><D55/><U7/><E5/><V76/><REACH who="2" step="1"/><F56/><REACH who="2" ten="312,240,239,199" step="2"/><W84/><G84/><T51/><D87/><U134/><E134/><V43/><F43/><W129/><G129/><T39/><D40/><U6/><E6/><V25/><AGARI ba="0,1" hai="18,21,25,38,42,47,65,67,76,77,78,94,96,102" machi="25" ten="30,6000,0" yaku="1,1,0,1,52,1,53,0" doraHai="19" doraHaiUra="85" who="2" fromWho="2" sc="312,-20,240,-20,239,70,199,-20" /><INIT seed="2,1,0,4,1,9" ten="292,220,309,179" oya="2" hai0="127,13,85,133,28,122,27,98,87,130,7,86,66" hai1="93,131,40,6,80,68,73,54,60,100,101,50,45" hai2="134,88,64,118,39,81,132,115,33,5,19,59,2" hai3="97,111,3,121,67,38,92,110,89,29,128,47,58"/><V72/><F115/><W69/><G121/><T61/><D122/><U34/><E131/><V124/><F118/><W71/><G3/><T65/><D130/><U76/><E34/><V103/><F124/><W51/><G128/><T120/><D120/><U17/><E6/><V108/><F33/><W105/><G105/><T112/><D112/><U116/><E116/><V42/><F103/><W114/><G114/><T77/><D133/><U46/><E93/><V78/><F108/><N who="3" m="41515" /><G38/><T10/><D127/><U96/><E96/><V44/><F19/><W15/><G29/><T119/><D119/><U125/><E125/><V43/><F43/><N who="3" m="25087" /><G58/><T106/><D106/><U109/><E109/><V31/><F31/><W95/><G95/><T70/><D66/><U82/><E82/><N who="2" m="45383" /><F64/><W53/><G53/><T123/><D123/><U0/><E0/><V16/><F59/><W102/><G102/><T104/><D77/><U83/><E83/><V107/><F107/><W62/><G71/><T18/><D7/><U94/><E94/><V56/><F56/><W1/><G1/><T91/><D104/><U21/><E68/><V35/><F5/><W49/><G49/><T32/><REACH who="0" step="1"/><D98/><REACH who="0" ten="282,220,309,179" step="2"/><U48/><REACH who="1" step="1"/><E60/><REACH who="1" ten="282,210,309,179" step="2"/><V84/><F134/><W74/><G74/><T63/><D63/><U75/><E75/><V79/><F132/><W22/><G62/><T57/><D57/><U55/><E55/><V126/><F126/><W26/><G69/><T25/><D25/><AGARI ba="1,2" hai="17,21,25,40,45,46,48,50,54,73,76,80,100,101" machi="25" ten="30,2000,0" yaku="1,1,7,1,53,0" doraHai="9" doraHaiUra="11" who="1" fromWho="0" sc="282,-23,210,43,309,0,179,0" /><INIT seed="3,0,0,2,2,113" ten="259,253,309,179" oya="3" hai0="42,6,9,79,19,26,109,68,88,3,85,50,61" hai1="4,101,0,49,70,83,82,59,124,55,20,14,43" hai2="103,105,126,38,117,17,57,47,98,95,116,112,114" hai3="92,44,30,29,27,13,69,129,131,110,65,81,63"/><W53/><G110/><T21/><D109/><U45/><E70/><V73/><F17/><W135/><G135/><T40/><D79/><U94/><E124/><V7/><F57/><W36/><G13/><T97/><D97/><N who="1" m="59575" /><E0/><V48/><F48/><W132/><G132/><T16/><D50/><N who="1" m="31223" /><E20/><V54/><F126/><W23/><G30/><T24/><D68/><U32/><E32/><V52/><F73/><W12/><G12/><T31/><D61/><U122/><E122/><V1/><F105/><W125/><G125/><T106/><D106/><U93/><E93/><V76/><F112/><W75/><G92/><T120/><D120/><U102/><E102/><V100/><F100/><W121/><G121/><T39/><D39/><U71/><E71/><V91/><F103/><W87/><G75/><T64/><D64/><U33/><E33/><V130/><F38/><W60/><G36/><T25/><D31/><U37/><E37/><V107/><F107/><W77/><REACH who="3" step="1"/><G44/><REACH who="3" ten="259,253,309,169" step="2"/><T78/><D3/><U5/><E14/><V46/><F47/><W66/><G66/><T104/><D104/><U10/><E10/><V96/><F46/><W86/><G86/><T111/><D85/><U118/><E118/><V89/><F117/><W108/><G108/><T74/><D111/><U8/><E8/><V22/><F116/><W115/><G115/><T35/><D74/><U90/><E83/><V99/><F114/><W67/><G67/><T127/><D127/><U84/><AGARI ba="0,1" hai="4,5,43,45,49,82,84,90" m="31223,59575" machi="84" ten="30,1100,0" yaku="8,1" doraHai="113" who="1" fromWho="1" sc="259,-3,253,21,309,-3,169,-5" owari="256,-14.4,274,7.4,306,40.6,164,-33.6" /></mjloggm>