<mjloggm ver="2.3"><GO type="225" lobby="0"/><UN n0="%6D%75%75%6D%75%72%61" n1="%E7%BD%AA%E5%88%91%E6%B3%95%E5%AE%9A%E4%B8%BB%E7%BE%A9" n2="%6E%69%63%6F%6E%74%6F" n3="%72%69%6F%75%63%68%61%6E" dan="16,16,17,17" rate="2176.52,2156.77,2178.43,2300.90" sx="F,M,M,M"/><TAIKYOKU oya="0"/><INIT seed="0,0,0,5,1,72" ten="250,250,250,250" oya="0" hai0="14,135,4,97,7,42,66,129,3,98,65,18,62" hai1="36,119,124,121,19,91,86,41,99,127,101,10,45" hai2="64,87,1,115,82,73,133,38,11,16,20,40,29" hai3="35,21,120,68,134,105,76,2,25,132,46,75,114"/><T28/><D129/><U118/><E121/><V85/><F133/><W107/><G120/><T106/><D135/><N who="3" m="51753" /><G114/><T34/><D42/><U9/><E19/><V80/><F115/><W55/><G68/><T56/><D66/><U111/><E111/><V67/><F38/><W61/><G2/><T23/><D3/><U30/><E30/><V26/><F40/><W48/><G35/><T90/><D90/><U37/><E37/><V5/><F73/><W59/><G75/><T78/><D78/><U77/><E77/><N who="2" m="46223" /><F1/><W110/><G76/><T113/><D113/><U8/><E86/><V102/><F102/><W103/><G103/><T100/><REACH who="0" step="1"/><D97/><REACH who="0" ten="240,250,250,250" step="2"/><U12/><E91/><N who="2" m="51703" /><F5/><W54/><G110/><T130/><D130/><U17/><E119/><V117/><F117/><W109/><G109/><T112/><D112/><U81/><E118/><V0/><F0/><W58/><G46/><T51/><D51/><U50/><E36/><V79/><F79/><W122/><G122/><T24/><AGARI ba="0,1" hai="4,7,14,18,23,24,28,34,56,62,65,98,100,106" machi="24" ten="30,3000,0" yaku="1,1,0,1,53,0" doraHai="72" doraHaiUra="71" who="0" fromWho="0" sc="240,40,250,-10,250,-10,250,-10" /><INIT seed="0,1,0,3,4,51" ten="280,240,240,240" oya="0" hai0="35,112,69,100,18,5,73,75,45,8,48,68,78" hai1="134,79,81,40,92,14,106,49,115,0,99,59,74" hai2="119,3,63,67,27,65,2,135,25,102,20,22,70" hai3="125,94,37,16,53,62,108,126,84,96,36,58,131"/><T10/><D112/><U15/><E0/><V11/><F135/><W118/><G108/><T30/><D100/><U116/><E116/><V46/><F119/><W71/><G131/><T85/><D85/><U72/><E72/><V104/><F65/><W88/><G118/><T55/><D18/><U101/><E134/><V66/><F46/><W122/><G122/><T109/><D109/><U86/><E115/><V127/><F127/><N who="3" m="48651" /><G71/><T23/><D23/><U98/><E74/><V29/><F67/><W76/><G16/><T17/><D75/><U33/><E33/><V83/><F83/><AGARI ba="1,0" hai="36,37,53,58,62,76,83,84,88,94,96" m="48651" machi="83" ten="30,3900,0" yaku="18,1,52,1,54,1" doraHai="51" who="3" fromWho="2" sc="280,0,240,0,240,-42,240,42" /><INIT seed="1,0,0,2,1,92" ten="280,240,198,282" oya="1" hai0="120,125,127,123,59,27,93,16,23,46,131,4,0" hai1="104,107,128,36,112,22,58,61,49,33,47,3,94" hai2="9,62,60,28,75,25,89,20,86,98,105,35,87" hai3="56,118,31,72,2,24,50,101,97,66,53,116,88"/><U90/><E33/><V111/><F111/><W135/><G2/><T134/><D59/><U103/><E112/><V100/><F75/><W124/><G124/><N who="0" m="47691" /><D46/><U99/><E3/><V122/><F122/><N who="0" m="46634" /><D93/><U78/><E128/><V121/><F121/><W34/><G135/><T21/><D134/><U130/><E36/><V51/><F51/><W106/><G72/><T32/><D131/><U12/><E130/><V63/><F9/><W10/><G10/><N who="0" m="2311" /><D23/><U119/><E78/><V18/><REACH who="2" step="1"/><F89/><REACH who="2" ten="280,240,188,282" step="2"/><W77/><G77/><T14/><D32/><U126/><E126/><V19/><F19/><W115/><G115/><T74/><D74/><U41/><E90/><V84/><F84/><W38/><G38/><T15/><AGARI ba="0,1" hai="14,15,16,21,27" m="2311,46634,47691" machi="15" ten="40,8000,1" yaku="18,1,13,1,34,2,54,1" doraHai="92" who="0" fromWho="0" sc="280,90,240,-40,188,-20,282,-20" /><INIT seed="2,0,0,0,3,90" ten="370,200,168,262" oya="2" hai0="2,45,129,39,80,83,114,107,23,69,77,50,105" hai1="61,34,62,13,73,48,16,111,125,31,56,20,96" hai2="6,99,84,92,118,119,81,43,134,46,37,71,102" hai3="63,57,41,130,122,64,36,17,0,117,4,85,126"/><V58/><F134/><W74/><G117/><T127/><D114/><U112/><E112/><V47/><F71/><W18/><G122/><T26/><D39/><U32/><E111/><V106/><F106/><W133/><G74/><T28/><D127/><U14/><E73/><V15/><F58/><W3/><G126/><T10/><D129/><U79/><E125/><V19/><F47/><W11/><G130/><T21/><D69/><U98/><E79/><V40/><F40/><W115/><G115/><T123/><D123/><U30/><E48/><V59/><F59/><W65/><G133/><T53/><D23/><U103/><E56/><V91/><REACH who="2" step="1"/><F6/><REACH who="2" ten="370,200,158,262" step="2"/><N who="3" m="1479" /><G57/><T100/><D45/><U128/><E128/><V44/><F44/><W8/><G41/><T132/><D107/><U113/><E113/><V38/><F38/><W72/><G36/><T116/><D105/><U76/><E62/><V109/><F109/><W60/><G63/><T7/><D132/><U42/><E61/><V131/><F131/><W25/><G60/><T54/><D7/><U82/><E42/><V9/><AGARI ba="0,1" hai="9,15,19,37,43,46,81,84,91,92,99,102,118,119" machi="9" ten="20,7800,0" yaku="1,1,0,1,7,1,52,1,53,0" doraHai="90" doraHaiUra="108" who="2" fromWho="2" sc="370,-26,200,-26,158,88,262,-26" /><INIT seed="2,1,0,2,0,9" ten="344,174,246,236" oya="2" hai0="135,109,94,123,8,36,39,68,129,15,107,76,82" hai1="57,49,28,13,104,56,67,26,16,18,64,50,11" hai2="97,38,115,41,86,105,85,58,122,35,78,90,44" hai3="62,83,103,55,110,98,119,4,54,134,96,121,102"/><V52/><F115/><W99/><G110/><T51/><D109/><U124/><E124/><V5/><F122/><W127/><G119/><T27/><D107/><U45/><E104/><V116/><F116/><W7/><G121/><T3/><D123/><U60/><E18/><V87/><F35/><W47/><G127/><T59/><D68/><U112/><E112/><V77/><F5/><W126/><G126/><T88/><D3/><U125/><E125/><V1/><F1/><W40/><G134/><T72/><D27/><U30/><E26/><V61/><REACH who="2" step="1"/><F90/><REACH who="2" ten="344,174,236,236" step="2"/><W34/><G34/><T73/><D88/><U91/><E91/><V132/><F132/><W2/><G2/><T12/><D135/><U106/><E106/><V10/><F10/><W84/><G4/><T22/><D8/><U89/><E89/><V70/><F70/><W65/><G7/><T19/><D22/><U20/><E11/><V111/><F111/><W69/><G83/><T21/><D82/><U71/><E71/><V79/><F79/><W108/><G108/><T92/><D76/><U29/><E45/><V81/><F81/><W120/><G120/><T24/><D21/><U95/><E95/><V128/><F128/><W6/><G6/><T93/><D129/><U33/><E33/><V63/><F63/><AGARI ba="1,1" hai="13,16,20,28,29,30,49,50,56,57,60,63,64,67" machi="63" ten="40,8000,1" yaku="9,1,8,1,52,1,54,1" doraHai="9" who="1" fromWho="2" sc="344,0,174,93,236,-83,236,0" /><INIT seed="3,0,0,0,0,116" ten="344,267,153,236" oya="3" hai0="56,62,70,16,36,28,37,41,51,119,55,72,118" hai1="33,84,49,2,93,128,40,46,129,9,113,101,45" hai2="43,66,106,67,134,111,29,75,13,112,25,122,87" hai3="130,78,58,102,35,120,14,34,110,98,24,68,64"/><W1/><G120/><T50/><D72/><U6/><E113/><V42/><F75/><W71/><G1/><T18/><D28/><U127/><E33/><V12/><F106/><W99/><G130/><N who="1" m="50282" /><E127/><V135/><F111/><W32/><G110/><T90/><D90/><N who="1" m="53447" /><E46/><V69/><F112/><W124/><G124/><T88/><D88/><U97/><E101/><V86/><F29/><W23/><G78/><T91/><D51/><U79/><E97/><V109/><F109/><W39/><G39/><T53/><D53/><U59/><E59/><V133/><F25/><W125/><G125/><T30/><D30/><U76/><AGARI ba="0,0" hai="2,6,9,40,45,49,76,79" m="53447,50282" machi="76" ten="30,1100,0" yaku="19,1" doraHai="116" who="1" fromWho="1" sc="344,-3,267,11,153,-3,236,-5" owari="341,44.1,278,7.8,150,-35.0,231,-16.9" /></mjloggm>