<mjloggm ver="2.3"><GO type="225" lobby="0"/><UN n0="%72%69%6F%75%63%68%61%6E" n1="%E6%A0%B9%E5%85%83%E3%81%8B%E3%82%89%E5%90%B9%E3%81%A3%E9%A3%9B%E3%81%B6" n2="%E7%AD%89%E3%80%85%E5%8A%9B%E5%8A%87%E5%A0%B4" n3="%E3%81%AF%E3%82%88%E3%81%8A%E3%81%98%E3%81%95%E3%82%93" dan="16,17,16,17" rate="2127.14,2225.73,2131.97,2222.87" sx="M,F,M,M"/><TAIKYOKU oya="0"/><BYE who="3" /><UN n3="%E3%81%AF%E3%82%88%E3%81%8A%E3%81%98%E3%81%95%E3%82%93" /><INIT seed="0,0,0,5,2,13" ten="250,250,250,250" oya="0" hai0="54,87,8,129,55,43,122,33,101,49,115,47,133" hai1="66,93,53,4,135,89,80,130,12,15,92,102,100" hai2="67,75,123,2,20,35,109,65,17,131,119,48,106" hai3="114,42,14,44,16,18,90,98,108,37,73,95,59"/><T76/><D115/><U0/><E130/><V60/><F106/><W57/><G114/><T71/><D122/><U61/><E135/><V132/><F75/><W79/><G108/><T111/><D129/><U26/><E0/><V88/><F35/><W64/><G64/><T94/><D133/><U125/><E125/><V56/><F2/><W34/><G34/><T120/><D120/><U72/><E26/><V118/><F123/><W97/><G98/><T85/><D71/><U10/><E53/><V11/><F131/><W83/><REACH who="3" step="1"/><G18/><REACH who="3" ten="250,250,250,240" step="2"/><T45/><D33/><U51/><E66/><V117/><F132/><W24/><G24/><T58/><D111/><U103/><E15/><V110/><F67/><W104/><G104/><T38/><D101/><U116/><E102/><V107/><F107/><W30/><G30/><T78/><D8/><AGARI ba="0,1" hai="8,14,16,37,42,44,57,59,73,79,83,90,95,97" machi="8" ten="30,8000,1" yaku="1,1,7,1,52,1,54,1,53,1" doraHai="13" doraHaiUra="91" who="3" fromWho="0" sc="250,-80,250,0,250,0,240,90" /><INIT seed="1,0,0,4,5,18" ten="170,250,250,330" oya="1" hai0="47,66,10,130,117,53,28,69,25,79,39,131,52" hai1="115,88,51,56,124,96,24,86,92,71,60,17,82" hai2="118,12,9,89,6,4,8,109,26,73,68,76,38" hai3="33,40,21,59,7,42,129,110,34,22,13,75,108"/><U37/><E115/><V14/><F68/><W41/><G75/><T78/><D117/><U91/><E124/><V87/><F38/><W3/><G129/><N who="0" m="49163" /><D10/><U44/><E37/><V112/><F118/><W36/><G36/><T119/><D119/><U85/><E71/><V77/><F109/><N who="3" m="42091" /><G3/><T20/><D66/><U30/><E17/><V61/><F112/><W55/><G7/><T19/><D69/><U100/><E44/><V5/><F73/><W84/><G84/><T57/><D19/><U32/><E51/><V31/><F61/><N who="3" m="36095" /><G13/><T107/><D107/><U94/><E56/><V81/><REACH who="2" step="1"/><F4/><REACH who="2" ten="170,250,240,330" step="2"/><W64/><G64/><T103/><D103/><U50/><REACH who="1" step="1"/><E50/><REACH who="1" ten="170,240,240,330" step="2"/><V120/><F120/><W102/><G102/><T99/><D39/><U23/><E23/><AGARI ba="0,2" hai="5,6,8,9,12,14,23,26,31,76,77,81,87,89" machi="23" ten="30,8000,1" yaku="1,1,7,1,9,1,8,1,52,1,53,0" doraHai="18" doraHaiUra="46" who="2" fromWho="1" sc="170,0,240,-80,240,100,330,0" /><AGARI ba="0,0" hai="21,22,23,33,34,40,41,42" m="36095,42091" machi="23" ten="30,7700,0" yaku="14,1,52,3" doraHai="18" who="3" fromWho="1" sc="170,0,160,-77,340,0,330,77" /><INIT seed="2,0,0,5,0,70" ten="170,83,340,407" oya="2" hai0="50,74,7,40,49,129,33,121,3,11,18,68,56" hai1="63,47,13,81,110,108,103,55,98,101,21,65,100" hai2="8,28,109,6,14,106,61,78,120,124,116,133,93" hai3="0,44,71,119,24,99,79,32,125,37,126,57,17"/><V64/><F106/><W30/><G71/><T34/><D121/><U95/><E81/><V10/><F116/><W97/><G119/><T131/><D68/><U36/><E13/><V85/><F120/><W29/><G0/><T82/><D18/><U107/><E21/><V134/><F28/><W127/><G79/><N who="0" m="44407" /><D56/><N who="1" m="35231" /><E65/><V73/><F73/><W80/><G80/><T52/><D40/><N who="1" m="22919" /><E107/><V118/><F118/><W94/><G57/><N who="0" m="32911" /><D50/><U86/><E86/><V42/><F85/><W135/><G135/><T77/><D77/><U48/><E48/><V96/><F78/><W12/><G30/><T66/><D66/><U22/><E22/><V62/><F64/><W132/><G132/><T91/><D91/><U92/><E98/><V9/><F96/><W53/><G53/><T88/><D88/><U38/><E38/><V111/><F134/><W114/><G114/><T5/><D5/><U115/><E115/><V15/><F6/><W123/><G123/><T51/><D51/><U31/><E31/><V27/><F133/><W39/><G44/><T59/><D59/><U54/><E54/><V105/><F42/><W89/><G99/><T25/><D25/><U60/><E60/><V102/><F62/><W113/><G113/><T112/><D112/><U67/><E67/><V16/><F61/><W2/><G2/><T75/><D75/><U76/><E76/><V72/><F72/><W43/><G43/><T117/><D117/><U58/><E58/><V122/><F27/><W130/><G39/><T46/><D46/><U83/><E83/><V20/><F122/><W4/><G37/><RYUUKYOKU ba="0,0" sc="170,15,83,15,340,-15,407,-15" hai0="3,7,11,33,34,129,131" hai1="92,95,100,101,103,108,110" /><INIT seed="3,1,0,2,3,85" ten="185,98,325,392" oya="3" hai0="126,118,78,50,10,1,90,104,125,36,69,82,44" hai1="98,79,102,33,2,49,115,46,24,76,94,127,25" hai2="8,66,73,6,130,61,133,105,101,68,88,22,99" hai3="56,111,38,41,35,64,107,103,60,72,39,16,42"/><W112/><G112/><T37/><D118/><U95/><E127/><N who="0" m="48649" /><D104/><U58/><E2/><V77/><F133/><W62/><G35/><T86/><D69/><U83/><E115/><V21/><F130/><W123/><G72/><N who="0" m="43335" /><D10/><U4/><E33/><V114/><F114/><W121/><G16/><T110/><D1/><U9/><E58/><V26/><F77/><W43/><G103/><T93/><D110/><U13/><E95/><V96/><F73/><W32/><G32/><T122/><D122/><N who="3" m="46601" /><G107/><T5/><D5/><U124/><E124/><V17/><F22/><W23/><G23/><T55/><AGARI ba="1,0" hai="36,37,44,50,55,86,90,93" m="43335,48649" machi="55" ten="30,2000,0" yaku="18,1,52,1" doraHai="85" who="0" fromWho="0" sc="185,23,98,-6,325,-6,392,-11" owari="208,-19.2,92,-40.8,319,11.9,381,48.1" /></mjloggm>