<mjloggm ver="2.3"><GO type="225" lobby="0"/><UN n0="%E3%81%A9%E3%82%8F%E3%82%93%E3%81%94" n1="%6B%75%7A%75%6E" n2="%48%61%61%61%6C%61%6E%64" n3="%E3%81%8B%E3%82%8F%E3%81%A1%E3%82%83%E3%82%93%35%38" dan="16,17,18,16" rate="2095.17,2166.95,2231.29,2177.03" sx="M,M,M,M"/><TAIKYOKU oya="0"/><INIT seed="0,0,0,5,4,131" ten="250,250,250,250" oya="0" hai0="74,26,30,76,77,133,92,78,95,101,37,27,66" hai1="38,122,50,114,80,87,40,130,88,60,25,52,102" hai2="106,47,23,91,107,59,109,71,100,82,70,112,64" hai3="97,56,108,111,57,18,117,46,43,104,44,53,124"/><T4/><D37/><U127/><E122/><V125/><F112/><W34/><G34/><T81/><D4/><U105/><E130/><V126/><F109/><N who="3" m="42059" /><G18/><T65/><D74/><U116/><E116/><V20/><F59/><N who="3" m="22603" /><G97/><T28/><D81/><U135/><E127/><V93/><F82/><W123/><G104/><T75/><D75/><U62/><E114/><V10/><F10/><W118/><G124/><T86/><D101/><U99/><E40/><V29/><F100/><W115/><G115/><T3/><D78/><U24/><E38/><V67/><F93/><W7/><G7/><T68/><D86/><U129/><E129/><V16/><F29/><W134/><G123/><T6/><D6/><U36/><E36/><V96/><F96/><W42/><G53/><T55/><D55/><U2/><E2/><V61/><F16/><W113/><G113/><T35/><D35/><U5/><E5/><V45/><REACH who="2" step="1"/><F91/><REACH who="2" ten="250,250,240,250" step="2"/><W119/><G134/><T120/><D120/><U49/><E135/><V63/><AGARI ba="0,1" hai="20,23,45,47,61,63,64,67,70,71,106,107,125,126" machi="63" ten="25,12000,2" yaku="1,1,2,1,0,1,22,2,53,2" doraHai="131" doraHaiUra="132" who="2" fromWho="2" sc="250,-60,250,-30,240,130,250,-30" /><INIT seed="1,0,0,4,1,67" ten="190,220,370,220" oya="1" hai0="90,121,109,68,16,78,3,11,94,129,112,7,6" hai1="110,77,65,8,62,33,111,26,61,113,29,128,20" hai2="27,57,39,30,97,0,70,131,24,64,124,37,35" hai3="31,4,54,127,19,100,75,14,76,10,104,72,120"/><U79/><E113/><V116/><F116/><W2/><G120/><T25/><D112/><U44/><E128/><V101/><F131/><W12/><G127/><T105/><D129/><U82/><E20/><V48/><F124/><W63/><G31/><T45/><D105/><U73/><E77/><V49/><F0/><W108/><G108/><N who="1" m="41514" /><E44/><V46/><F27/><W85/><G2/><T102/><D102/><U81/><E81/><V69/><F57/><W117/><G117/><T92/><D78/><U103/><E103/><V41/><F48/><W59/><G104/><T96/><D121/><U98/><E98/><V130/><F130/><W126/><G100/><T53/><D94/><U34/><E34/><V107/><F70/><W52/><G126/><T95/><D95/><U99/><E99/><V43/><F43/><W114/><G114/><T66/><D109/><U84/><E8/><V86/><F86/><W88/><G76/><T22/><D45/><U36/><E36/><V89/><F89/><W74/><G54/><T118/><D118/><U47/><E47/><V115/><F115/><W17/><REACH who="3" step="1"/><G14/><REACH who="3" ten="190,220,370,210" step="2"/><T56/><D3/><U133/><E133/><V1/><F1/><W58/><G58/><T38/><D56/><N who="1" m="37031" /><E62/><AGARI ba="0,1" hai="24,30,35,37,39,41,46,49,62,64,69,97,101,107" machi="62" ten="40,5200,0" yaku="25,2,52,1" doraHai="67" who="2" fromWho="1" sc="190,0,220,-52,370,62,210,0" /><INIT seed="2,0,0,2,1,60" ten="190,168,432,210" oya="2" hai0="128,15,135,31,61,65,107,68,97,105,117,59,67" hai1="47,103,20,39,133,51,57,0,36,22,111,121,13" hai2="78,37,109,62,12,79,71,94,112,77,120,106,58" hai3="74,40,28,119,45,130,98,18,125,44,91,116,41"/><V90/><F106/><W101/><G74/><T4/><D135/><U50/><E133/><V53/><F112/><W32/><G32/><T89/><D128/><U126/><E0/><V38/><F120/><W80/><G28/><T113/><D113/><U96/><E121/><V9/><F71/><W24/><G130/><T85/><D31/><U134/><E134/><V131/><F131/><W118/><G125/><T56/><D117/><U84/><E126/><V23/><F23/><W66/><G24/><T95/><D67/><U49/><E111/><V83/><F83/><W30/><G30/><T46/><D46/><U14/><E84/><V34/><F34/><W73/><G18/><T27/><D27/><U86/><E86/><V48/><F48/><W54/><G66/><T42/><D42/><N who="3" m="16489" /><G54/><T124/><D124/><U127/><E127/><V8/><F109/><W123/><G123/><T122/><D122/><U25/><E47/><N who="3" m="17994" /><G91/><T43/><D43/><U2/><E2/><V92/><F90/><W108/><G108/><T110/><D110/><U102/><E57/><V33/><F33/><W87/><G73/><T76/><D107/><U104/><E25/><V72/><F72/><W19/><G19/><T115/><D115/><U63/><E63/><V55/><F62/><W7/><G7/><T26/><D26/><U93/><E104/><V69/><F58/><W16/><G16/><T17/><D105/><U114/><E114/><V6/><F6/><W88/><G118/><T82/><D4/><U75/><E75/><V35/><F35/><W11/><G11/><AGARI ba="0,0" hai="11,15,17,56,59,61,65,68,76,82,85,89,95,97" machi="11" ten="30,2000,0" yaku="7,1,52,1" doraHai="60" who="0" fromWho="3" sc="190,20,168,0,432,0,210,-20" /><INIT seed="3,0,0,0,2,98" ten="210,168,432,190" oya="3" hai0="49,75,128,18,1,15,107,96,4,129,127,0,103" hai1="48,122,9,26,113,90,30,97,114,28,41,132,93" hai2="65,37,108,126,32,61,121,11,118,59,115,22,104" hai3="71,74,7,86,133,50,54,57,25,84,64,116,44"/><W111/><G74/><T89/><D75/><U80/><E122/><V5/><F32/><W88/><G116/><T34/><D34/><U33/><E132/><V72/><F108/><W43/><G133/><T123/><D123/><U110/><E110/><V67/><F104/><W13/><G111/><T76/><D76/><U83/><E30/><V99/><F37/><W135/><G135/><T19/><D127/><U109/><E109/><V31/><F72/><W112/><G112/><T130/><D49/><U38/><E38/><V40/><F40/><W20/><G71/><T95/><D4/><U134/><E134/><V131/><F5/><W81/><G64/><T45/><D45/><U79/><E83/><V3/><F65/><W12/><G84/><N who="0" m="52647" /><D19/><U70/><E70/><V105/><F105/><W51/><REACH who="3" step="1"/><G7/><REACH who="3" ten="210,168,432,180" step="2"/><T42/><D42/><U101/><E113/><V63/><F67/><W16/><AGARI ba="0,1" hai="12,13,16,20,25,43,44,50,51,54,57,81,86,88" machi="16" ten="20,18000,2" yaku="1,1,2,1,0,1,7,1,8,1,54,2,53,0" doraHai="98" doraHaiUra="27" who="3" fromWho="3" sc="210,-60,168,-60,432,-60,180,190" /><INIT seed="3,1,0,1,2,11" ten="150,108,372,370" oya="3" hai0="13,35,2,118,82,33,81,32,100,79,103,120,130" hai1="125,4,23,55,53,59,134,119,15,46,26,25,22" hai2="7,41,65,57,113,47,124,80,3,96,38,83,16" hai3="20,112,63,34,58,111,77,129,6,14,132,0,69"/><W36/><G112/><T123/><D2/><U45/><E125/><V98/><F113/><W68/><G34/><T91/><D118/><U121/><E121/><V52/><F65/><N who="3" m="39159" /><G36/><T54/><D130/><U104/><E104/><V49/><F124/><W87/><G0/><T28/><D28/><U93/><E134/><V95/><F98/><W64/><G64/><T56/><D123/><U60/><E119/><V107/><F107/><W19/><G132/><T76/><D91/><U12/><E4/><V43/><F43/><W109/><G6/><T74/><D13/><N who="1" m="5195" /><E93/><V110/><F7/><W102/><G102/><T86/><REACH who="0" step="1"/><D120/><REACH who="0" ten="140,108,372,370" step="2"/><U99/><E99/><V62/><F96/><W78/><G129/><T94/><D94/><U67/><E23/><V51/><F95/><W27/><G14/><T116/><D116/><U135/><E135/><V61/><F3/><W24/><G24/><N who="1" m="9322" /><E22/><V1/><F1/><W114/><G114/><T75/><D75/><U40/><E40/><V115/><F115/><W71/><G87/><T131/><D131/><U70/><E70/><N who="3" m="17922" /><W17/><DORA hai="18" /><G17/><T133/><D133/><U84/><E84/><V31/><F16/><W5/><G5/><T42/><D42/><U127/><E127/><V108/><F41/><W48/><G48/><AGARI ba="1,1" hai="32,33,35,48,54,56,74,76,79,81,82,86,100,103" machi="48" ten="40,1300,0" yaku="1,1,53,0" doraHai="11,18" doraHaiUra="66,92" who="0" fromWho="3" sc="140,26,108,0,372,0,370,-16" owari="166,-23.4,108,-39.2,372,47.2,354,15.4" /></mjloggm>