<mjloggm ver="2.3"><GO type="225" lobby="0"/><UN n0="%E7%99%BD%E6%97%A5%E9%9B%AA%E8%8F%9C" n1="%47%68%6F%73%74%55%30" n2="%E7%B4%94%E6%BD%94%E3%83%94%E3%83%A9%E3%83%8B%E3%82%A2" n3="%E5%8F%AF%E5%85%90%E9%82%A3%E7%94%B1%E5%A4%9A" dan="16,17,16,17" rate="2201.23,2163.42,2170.76,2158.44" sx="M,M,M,F"/><TAIKYOKU oya="0"/><INIT seed="0,0,0,5,3,87" ten="250,250,250,250" oya="0" hai0="28,99,55,73,95,116,133,101,33,29,77,31,20" hai1="96,104,19,47,11,12,25,82,2,61,6,75,5" hai2="35,86,26,36,102,123,38,110,71,62,134,46,9" hai3="43,64,119,124,89,92,132,108,39,76,100,16,51"/><T127/><D116/><U40/><E61/><V67/><F123/><W107/><G119/><T80/><D33/><U131/><E131/><V130/><F110/><W23/><G39/><T112/><D112/><U121/><E121/><V81/><F134/><W115/><G115/><T114/><D114/><U37/><E25/><V122/><F122/><W27/><G108/><T4/><D133/><U98/><E104/><V10/><F130/><W48/><G132/><T41/><D41/><U30/><E5/><V3/><F102/><W21/><G124/><T111/><D111/><U105/><E105/><V24/><F24/><W44/><G76/><T94/><D4/><U1/><E1/><V56/><F71/><W15/><G64/><T60/><D127/><U78/><REACH who="1" step="1"/><E30/><REACH who="1" ten="250,240,250,250" step="2"/><V65/><F26/><W129/><G129/><T8/><D31/><U32/><E32/><V13/><F35/><W66/><G107/><T135/><D29/><U53/><E53/><V93/><F65/><W59/><G66/><T14/><D135/><U97/><E97/><V103/><F3/><W34/><G34/><T17/><D60/><U128/><E128/><V58/><F62/><W117/><G117/><T83/><D55/><U45/><E45/><V79/><F67/><W126/><G126/><T72/><D28/><U50/><E50/><V90/><F46/><W57/><G48/><T125/><D125/><U118/><E118/><V120/><F120/><W52/><G52/><T54/><D54/><U109/><E109/><V63/><F63/><W70/><G44/><T91/><D99/><U42/><E42/><RYUUKYOKU ba="0,1" sc="250,-10,240,30,250,-10,250,-10" hai1="2,6,11,12,19,37,40,47,75,78,82,96,98" /><INIT seed="1,1,1,3,0,127" ten="240,270,240,240" oya="1" hai0="5,109,64,96,39,44,26,1,132,37,19,63,134" hai1="106,46,113,54,84,9,124,51,68,89,117,83,118" hai2="41,111,23,30,77,62,32,98,67,25,31,10,80" hai3="101,57,0,38,69,81,121,97,112,94,45,119,21"/><U114/><E106/><V75/><F111/><W35/><G121/><T49/><D109/><U102/><E124/><V53/><F41/><W130/><G112/><T123/><D123/><U71/><E102/><V78/><F78/><W15/><G69/><T133/><D1/><U13/><E68/><V76/><F76/><W47/><G0/><T74/><D5/><U120/><E71/><V65/><F10/><W18/><G35/><T52/><D74/><U92/><E120/><V129/><F129/><W14/><G119/><T85/><D85/><U60/><E60/><V2/><F2/><W66/><G130/><T3/><D3/><U61/><E61/><V48/><F62/><N who="3" m="38223" /><G38/><T99/><D19/><N who="1" m="8623" /><E92/><V56/><F98/><N who="0" m="37418" /><D26/><U108/><E108/><V22/><F32/><W58/><G81/><T43/><D43/><U4/><E4/><V95/><F95/><W36/><G36/><T27/><D27/><AGARI ba="1,1" hai="22,23,25,27,30,31,48,53,56,65,67,75,77,80" machi="27" ten="40,1300,0" yaku="9,1" doraHai="127" who="2" fromWho="0" sc="240,-16,270,0,240,26,240,0" /><INIT seed="2,0,0,2,5,108" ten="224,270,266,240" oya="2" hai0="57,123,28,89,65,76,91,129,8,114,121,102,25" hai1="39,50,85,119,15,79,1,127,74,60,80,93,92" hai2="128,112,36,67,73,38,68,105,126,99,48,71,83" hai3="61,111,40,62,88,72,125,9,21,32,109,13,23"/><V12/><F48/><W116/><G116/><T106/><D129/><U34/><E119/><V29/><F12/><W26/><G72/><T86/><D114/><U37/><E1/><V27/><F128/><W0/><G0/><T41/><D41/><U52/><E34/><N who="2" m="20799" /><F112/><W7/><G40/><T69/><D69/><N who="2" m="26698" /><F67/><W77/><G77/><T46/><D46/><U42/><E60/><N who="3" m="23146" /><G125/><T130/><D130/><U16/><E127/><V10/><F10/><W55/><G55/><T90/><D8/><U49/><E74/><V120/><F120/><W135/><G135/><T14/><D14/><U58/><E39/><V115/><F115/><W97/><G32/><T75/><D75/><U53/><E37/><V54/><F54/><W122/><G122/><T82/><D65/><U35/><E35/><V100/><F126/><W17/><G23/><T64/><D64/><U104/><E42/><V22/><F22/><W113/><G113/><T98/><REACH who="0" step="1"/><D57/><REACH who="0" ten="214,270,266,240" step="2"/><N who="1" m="32911" /><E104/><V118/><F118/><W110/><G9/><AGARI ba="0,1" hai="9,15,16,50,53,58,79,80,85,92,93" m="32911" machi="9" ten="30,3900,0" yaku="8,1,54,2" doraHai="108" who="1" fromWho="3" sc="214,0,270,49,266,0,240,-39" /><INIT seed="3,0,0,1,4,118" ten="214,319,266,201" oya="3" hai0="20,39,5,56,126,42,120,77,86,109,13,45,10" hai1="85,12,29,99,102,57,37,74,107,76,49,48,63" hai2="34,122,41,59,112,103,21,26,67,17,97,50,32" hai3="100,80,40,105,52,131,94,70,134,7,16,3,87"/><W55/><G105/><T104/><D104/><U58/><E37/><V92/><F112/><W62/><G131/><T84/><D109/><U115/><E115/><V113/><F113/><W78/><G134/><T117/><D117/><U27/><E74/><V11/><F122/><W101/><G3/><T1/><D126/><U9/><E76/><V61/><F41/><W19/><G7/><T93/><D120/><U75/><E85/><V98/><F50/><W28/><G40/><T53/><D77/><U130/><E75/><V43/><F43/><W128/><G128/><T127/><D127/><U119/><E58/><V106/><F11/><W31/><G70/><T81/><D81/><U73/><E73/><V35/><F35/><W36/><G36/><T111/><D111/><U95/><E107/><V96/><F96/><N who="3" m="59415" /><G101/><AGARI ba="0,0" hai="17,21,26,32,34,59,61,67,92,97,98,101,103,106" machi="101" ten="30,1000,0" yaku="7,1" doraHai="118" who="2" fromWho="3" sc="214,0,319,0,266,10,201,-10" owari="214,-18.6,319,41.9,276,7.6,191,-30.9" /></mjloggm>