<mjloggm ver="2.3"><GO type="225" lobby="0"/><UN n0="%6D%75%75%6D%75%72%61" n1="%E5%AF%82%E5%AF%9E%E3%82%AE%E3%83%8D%E3%82%B9%E3%83%93%E3%83%BC%E3%83%AB" n2="%E4%B8%AD%E5%B9%B4%E3%81%AE%E5%8D%B1%E6%A9%9F" n3="%E9%A2%A8%E3%81%A7%E9%B3%B4%E3%81%8F" dan="16,16,17,16" rate="2208.83,2178.26,2205.87,2152.72" sx="F,M,M,M"/><TAIKYOKU oya="0"/><INIT seed="0,0,0,0,1,10" ten="250,250,250,250" oya="0" hai0="121,43,58,87,114,11,27,94,68,111,50,6,19" hai1="99,85,124,18,25,44,88,128,107,77,9,90,32" hai2="91,66,3,52,16,54,125,104,116,71,29,37,46" hai3="74,48,2,0,81,131,86,133,51,103,4,123,96"/><T21/><D114/><U119/><E119/><V97/><F3/><W1/><G74/><T84/><D121/><U109/><E109/><V130/><F29/><W75/><G75/><T22/><D68/><U105/><E128/><V117/><F130/><W122/><G4/><T36/><D111/><U20/><E32/><V26/><F125/><W73/><G73/><T7/><D36/><U98/><E124/><V40/><F71/><W118/><G133/><T56/><D22/><U45/><E107/><V80/><F66/><W63/><G63/><T102/><D102/><U14/><E77/><V106/><F106/><N who="3" m="63847" /><G118/><N who="2" m="45673" /><F104/><W47/><G47/><N who="1" m="17994" /><E105/><V62/><F62/><W60/><G60/><T93/><D43/><U41/><E41/><V35/><F35/><W57/><G57/><N who="0" m="22123" /><D50/><U78/><E78/><V83/><F83/><W132/><G132/><T38/><D38/><U113/><E113/><V15/><F26/><W31/><G31/><T59/><N who="0" m="22131" /><T24/><DORA hai="65" /><D24/><U61/><E61/><V100/><F100/><W127/><G127/><T110/><D110/><U129/><E129/><V76/><F76/><N who="3" m="46375" /><G131/><T126/><D126/><U23/><E90/><V72/><F72/><W67/><G67/><T120/><D27/><U134/><E134/><V13/><F80/><W5/><G5/><T17/><D6/><N who="1" m="3383" /><E23/><N who="2" m="11663" /><F15/><W135/><G135/><T64/><D64/><U101/><E101/><V112/><F112/><W34/><G34/><T55/><D7/><U108/><E108/><V92/><AGARI ba="0,0" hai="37,40,46,52,54,91,92,97" m="11663,45673" machi="92" ten="30,7900,0" yaku="12,1,52,1,54,2" doraHai="10,65" who="2" fromWho="2" sc="250,-39,250,-20,250,79,250,-20" /><INIT seed="1,0,0,5,2,1" ten="211,230,329,230" oya="1" hai0="63,98,43,134,78,8,120,35,88,52,111,71,25" hai1="85,12,39,26,55,73,48,128,62,60,47,56,53" hai2="116,131,96,41,97,29,89,125,82,44,127,16,81" hai3="65,91,100,32,21,66,102,64,129,132,49,33,11"/><U23/><E73/><V18/><F29/><W61/><G129/><T99/><D111/><U118/><E118/><V130/><F44/><W13/><G132/><T20/><D134/><U7/><E128/><N who="2" m="49195" /><F41/><W101/><G61/><T68/><D35/><U87/><E39/><V83/><F116/><W106/><G106/><T37/><D71/><U95/><E62/><V75/><F75/><W30/><G91/><T17/><D78/><U115/><E95/><N who="2" m="56431" /><F97/><W103/><N who="3" m="25600" /><DORA hai="9" /><W57/><G21/><T90/><D37/><U77/><E77/><V123/><F123/><W40/><G30/><N who="0" m="17703" /><D43/><U105/><E105/><V3/><F3/><W6/><REACH who="3" step="1"/><G40/><REACH who="3" ten="211,230,329,220" step="2"/><T108/><D120/><U50/><E60/><V36/><F36/><W0/><G0/><T121/><D121/><U93/><E115/><V117/><F117/><W45/><G45/><T27/><D108/><U122/><E122/><V22/><F22/><W79/><G79/><T28/><D99/><U5/><E93/><V10/><F10/><W74/><G74/><T110/><D110/><U24/><E23/><V46/><F46/><W14/><G14/><N who="0" m="7367" /><D98/><U58/><E47/><V94/><F94/><W19/><G19/><AGARI ba="0,1" hai="16,18,19,81,82,83,125,127" m="56431,49195" machi="19" ten="40,2600,0" yaku="19,1,54,1" doraHai="1,9" who="2" fromWho="3" sc="211,0,230,0,329,36,220,-26" /><INIT seed="2,0,0,4,4,111" ten="211,230,365,194" oya="2" hai0="21,78,81,68,135,18,94,32,34,100,64,11,52" hai1="134,53,8,105,85,16,63,40,99,133,41,120,45" hai2="4,31,117,107,2,131,29,101,49,36,27,30,102" hai3="90,67,14,72,103,50,86,96,65,43,62,33,56"/><V130/><F36/><W82/><G33/><T76/><D135/><N who="1" m="51723" /><E120/><V17/><F107/><W95/><G72/><T119/><D119/><U6/><E85/><V124/><F49/><W55/><G43/><T1/><D64/><U92/><E105/><V47/><F47/><W38/><G38/><T44/><D68/><U109/><E16/><V7/><F117/><W42/><G42/><T54/><D34/><U12/><E109/><V83/><F83/><W70/><G65/><T114/><D32/><U46/><E46/><V104/><F104/><W15/><REACH who="3" step="1"/><G103/><REACH who="3" ten="211,230,365,184" step="2"/><T3/><D100/><N who="1" m="60519" /><E45/><V115/><F102/><W22/><G22/><T112/><D44/><U89/><E41/><V118/><F101/><W84/><G84/><T71/><D21/><U126/><E40/><V80/><F118/><W110/><G110/><T128/><D54/><U51/><E53/><V57/><F130/><W122/><G122/><T113/><D128/><U132/><E132/><V5/><F131/><W26/><G26/><T74/><D52/><U88/><E63/><V13/><F27/><W23/><G23/><T79/><D74/><U35/><E35/><V106/><F106/><W73/><G73/><T0/><D71/><U87/><E51/><V129/><F129/><W19/><G19/><T37/><D37/><U48/><E48/><V24/><F24/><W123/><G123/><T58/><D58/><U60/><E60/><V108/><F57/><W121/><G121/><T125/><D125/><U75/><E75/><V127/><F124/><W116/><G116/><T97/><D18/><U77/><E126/><RYUUKYOKU ba="0,1" sc="211,-15,230,15,365,-15,184,15" hai1="6,8,12,77,87,88,89" hai3="14,15,50,55,56,62,67,70,82,86,90,95,96" /><INIT seed="3,1,1,4,4,78" ten="196,245,350,199" oya="3" hai0="33,62,53,24,52,48,54,22,116,28,72,45,4" hai1="12,113,69,120,105,91,98,97,58,3,124,99,32" hai2="49,82,61,123,10,63,134,117,35,44,73,30,6" hai3="19,5,51,40,107,118,2,119,135,111,56,125,114"/><W90/><G107/><T131/><D116/><U121/><E3/><V59/><F117/><W100/><G100/><T132/><D131/><U65/><E69/><V76/><F123/><W87/><G114/><T67/><D132/><U11/><E32/><V93/><F134/><W37/><G135/><T55/><D72/><U60/><E113/><V23/><F35/><W39/><G118/><T133/><D133/><U115/><E115/><V27/><F93/><W36/><G119/><T0/><D33/><U15/><E105/><V84/><F59/><W109/><G125/><T21/><D21/><U29/><E29/><V25/><F25/><W74/><G74/><T104/><D104/><U64/><E124/><V75/><F75/><W83/><G19/><T96/><D96/><U129/><E129/><V79/><F79/><W26/><G26/><T94/><D94/><U31/><E31/><V16/><F73/><W89/><G89/><T38/><D38/><U57/><E91/><V7/><F30/><W106/><G106/><T47/><N who="0" m="13312" /><DORA hai="108" /><T66/><D62/><N who="2" m="23562" /><F10/><N who="3" m="2359" /><G56/><N who="1" m="21610" /><E60/><V103/><F103/><W130/><G130/><T110/><D110/><N who="3" m="41993" /><G51/><T102/><D102/><U43/><E121/><V101/><F101/><W85/><G85/><T80/><D48/><U8/><E120/><V46/><F49/><W126/><G126/><T18/><D28/><U42/><E11/><V14/><F7/><W92/><G92/><T77/><D4/><N who="1" m="3079" /><E15/><V9/><AGARI ba="1,1" hai="6,9,14,16,23,27,44,46,76,82,84" m="23562" machi="9" ten="30,4000,0" yaku="8,1,52,1,54,1" doraHai="78,108" who="2" fromWho="2" sc="196,-11,245,-11,350,53,199,-21" owari="185,-21.5,234,3.4,403,50.3,178,-32.2" /></mjloggm>