<mjloggm ver="2.3"><GO type="225" lobby="0"/><UN n0="%E3%81%BF%E3%81%BF%E3%81%9A" n1="%E3%81%B5%E3%81%98%E3%81%8B%E3%81%A4" n2="%6D%61%74%69%67%75%73%61" n3="%E3%82%BC%E3%83%AB%E3%83%80%E3%81%AE%E4%BC%9D%E8%AA%AC" dan="18,16,17,18" rate="2259.00,2094.13,2140.62,2196.12" sx="M,M,M,M"/><TAIKYOKU oya="0"/><INIT seed="0,0,0,5,5,16" ten="250,250,250,250" oya="0" hai0="35,65,73,61,118,48,92,69,85,46,29,91,101" hai1="57,40,9,134,123,28,80,109,81,15,74,3,76" hai2="8,121,89,78,14,120,94,114,70,54,51,131,56" hai3="27,38,39,77,31,67,30,43,132,24,10,52,111"/><T34/><D118/><U12/><E109/><V125/><F114/><W13/><G111/><T116/><D116/><U83/><E123/><V97/><F70/><W105/><G105/><T126/><D126/><U110/><E134/><V53/><F131/><W26/><G132/><T36/><D36/><U133/><E133/><V84/><F125/><W93/><G67/><T32/><D73/><U108/><E40/><V86/><F78/><W79/><G43/><T0/><D0/><U90/><E57/><V19/><F121/><W124/><G124/><T129/><D129/><U100/><E100/><V96/><F120/><W44/><G93/><T50/><D50/><U58/><E58/><N who="2" m="33087" /><F86/><W62/><G39/><T2/><D2/><U103/><E103/><V68/><F68/><W113/><G38/><T72/><D72/><U135/><E135/><V122/><F122/><W17/><G113/><T75/><D75/><U102/><E102/><V45/><F45/><W127/><G127/><T119/><D119/><U22/><E90/><V88/><F89/><W41/><G41/><T115/><D115/><U55/><E55/><V107/><F107/><W60/><G60/><AGARI ba="0,0" hai="8,14,19,54,56,60,84,88,94,96,97" m="33087" machi="60" ten="30,2000,0" yaku="8,1,54,1" doraHai="16" who="2" fromWho="3" sc="250,0,250,0,250,20,250,-20" /><INIT seed="1,0,0,1,1,109" ten="250,250,270,230" oya="1" hai0="103,24,129,28,66,10,61,6,100,43,42,33,82" hai1="54,67,76,91,107,85,121,41,106,119,56,68,35" hai2="50,64,14,125,96,135,51,62,31,110,30,18,134" hai3="92,87,98,73,84,126,37,90,124,105,63,122,52"/><U99/><E121/><V108/><F96/><W32/><G32/><T19/><D129/><U115/><E35/><V38/><F38/><W20/><G37/><T89/><D19/><U48/><E119/><V113/><F125/><N who="3" m="48235" /><G122/><T11/><D11/><U97/><E115/><V80/><F80/><W25/><G73/><T131/><D131/><U34/><E34/><V72/><F72/><W104/><G104/><T75/><D103/><U74/><E41/><V78/><F78/><W57/><G105/><T112/><D100/><U116/><E116/><V132/><F113/><W8/><G8/><T128/><D112/><U88/><E91/><V15/><F62/><W60/><G60/><T47/><D128/><U4/><E4/><V69/><F64/><W130/><G130/><T3/><D47/><U1/><E1/><V120/><F69/><W65/><G65/><T2/><D3/><U29/><E29/><AGARI ba="0,0" hai="20,25,29,52,57,63,84,87,90,92,98" m="48235" machi="29" ten="30,2000,0" yaku="18,1,54,1" doraHai="109" who="3" fromWho="1" sc="250,0,250,-20,270,0,230,20" /><INIT seed="2,0,0,0,1,132" ten="250,230,270,250" oya="2" hai0="48,86,107,65,27,22,130,82,12,67,78,39,26" hai1="38,100,109,88,54,10,29,87,75,125,62,6,85" hai2="133,69,56,40,37,131,68,15,1,25,113,79,34" hai3="127,102,63,108,99,128,14,2,36,19,104,50,21"/><V94/><F1/><W72/><G36/><T16/><D39/><U76/><E38/><V9/><F113/><W24/><G2/><T121/><D107/><U57/><E109/><V41/><F131/><W73/><G108/><T59/><D121/><U42/><E42/><V114/><F133/><W84/><G128/><T83/><D130/><U77/><E100/><V116/><F116/><W80/><G127/><T134/><D134/><U20/><E125/><V126/><F126/><W93/><G104/><T120/><D120/><U135/><E85/><V89/><F79/><W66/><G50/><T13/><D83/><U129/><E75/><V18/><F56/><W117/><G117/><T7/><D13/><N who="1" m="5335" /><E135/><V47/><F41/><W46/><G46/><T64/><D7/><U101/><E101/><V118/><F114/><W32/><G32/><T0/><D0/><U119/><E119/><V124/><F124/><W97/><G97/><T103/><D103/><U28/><E129/><V33/><F118/><W111/><G14/><T52/><AGARI ba="0,0" hai="12,16,22,26,27,48,52,59,64,65,67,78,82,86" machi="52" ten="30,7900,0" yaku="0,1,8,1,54,2" doraHai="132" who="0" fromWho="0" sc="250,79,230,-20,270,-39,250,-20" /><INIT seed="3,0,0,3,3,111" ten="329,210,231,230" oya="3" hai0="43,34,72,21,74,5,95,63,10,49,129,55,44" hai1="105,104,122,58,91,14,97,110,98,134,85,102,115" hai2="20,17,35,117,9,30,76,59,48,6,78,68,19" hai3="83,96,52,8,39,133,135,33,1,7,86,25,123"/><W65/><G123/><T84/><D34/><U120/><E14/><N who="2" m="5431" /><F68/><W75/><G39/><T62/><D129/><U2/><E2/><V57/><F35/><W38/><G38/><T31/><D74/><U4/><E4/><V127/><F127/><W114/><G75/><T47/><D72/><U108/><E58/><N who="2" m="22027" /><F48/><W15/><G65/><T89/><D21/><U27/><E27/><N who="2" m="16743" /><F117/><W67/><G67/><T53/><D31/><U16/><E134/><N who="3" m="51210" /><G96/><T11/><D11/><U13/><E115/><V50/><F50/><W41/><G41/><T124/><D124/><U54/><E54/><N who="0" m="20489" /><D47/><U109/><E98/><V73/><F73/><W77/><G114/><T121/><D121/><U126/><E126/><V28/><F28/><N who="3" m="19599" /><G52/><T99/><D84/><U106/><E122/><V90/><F90/><W132/><G132/><T45/><D95/><N who="1" m="54767" /><E120/><V18/><AGARI ba="0,0" hai="17,18,19,76,78" m="16743,22027,5431" machi="18" ten="30,1100,0" yaku="8,1" doraHai="111" who="2" fromWho="2" sc="329,-3,210,-3,231,11,230,-5" owari="326,42.6,207,-29.3,242,4.2,225,-17.5" /></mjloggm>