<mjloggm ver="2.3"><GO type="225" lobby="0"/><UN n0="%E3%81%86%E3%82%8C%E3%81%9F%E3%82%93%E6%9E%95" n1="%E5%8F%AF%E5%85%90%E9%82%A3%E7%94%B1%E5%A4%9A" n2="%E3%81%A8%E3%82%93%E3%81%A8%E3%81%93%E3%81%A8%E3%82%93" n3="%E9%B3%B3%E6%9D%B1%E3%81%AE%E3%81%86%E3%81%95%E3%81%8E%E3%81%95%E3%82%93" dan="16,17,16,17" rate="2106.50,2246.98,2090.80,2199.76" sx="F,F,M,M"/><TAIKYOKU oya="0"/><INIT seed="0,0,0,2,2,22" ten="250,250,250,250" oya="0" hai0="50,14,115,2,74,5,94,58,42,110,114,40,60" hai1="109,80,7,99,78,31,48,61,124,116,118,23,16" hai2="81,8,19,103,41,52,112,128,11,43,56,18,20" hai3="106,105,3,129,32,76,123,51,95,59,117,134,38"/><T1/><D74/><U75/><E109/><V13/><F112/><W89/><G117/><T127/><D110/><U44/><E124/><V10/><F128/><W35/><G38/><T96/><D127/><U87/><E7/><V36/><F36/><W24/><G3/><T25/><D1/><U122/><E122/><V101/><F81/><W84/><G129/><T85/><D2/><U102/><E31/><V63/><REACH who="2" step="1"/><F18/><REACH who="2" ten="250,250,240,250" step="2"/><W119/><G123/><T53/><D114/><U86/><E118/><V26/><F26/><W17/><G24/><T33/><D115/><U4/><E116/><V120/><F120/><W90/><G17/><T71/><D25/><U39/><E39/><V65/><F65/><W66/><G66/><T79/><D33/><U67/><E16/><V37/><F37/><W49/><G119/><T125/><D125/><U108/><E108/><V55/><F55/><W77/><G32/><T64/><D5/><U12/><E4/><V133/><F133/><W91/><G134/><T88/><REACH who="0" step="1"/><D14/><REACH who="0" ten="240,250,240,250" step="2"/><U100/><E12/><V6/><F6/><W69/><G35/><T126/><D126/><U15/><E15/><V9/><N who="2" m="2048" /><DORA hai="97" /><V47/><F47/><W46/><G46/><T68/><D68/><U54/><E44/><V72/><F72/><W45/><G69/><T135/><D135/><U62/><E75/><V132/><F132/><W57/><G45/><T70/><D70/><U131/><E131/><V113/><F113/><W82/><G59/><T104/><D104/><U93/><E67/><V98/><F98/><N who="3" m="57711" /><G57/><T21/><D21/><U130/><E23/><RYUUKYOKU ba="0,2" sc="240,15,250,-15,240,15,250,-15" hai0="40,42,50,53,58,60,64,71,79,85,88,94,96" hai2="13,19,20,41,43,52,56,63,101,103" /><INIT seed="0,1,2,3,4,63" ten="255,235,255,235" oya="0" hai0="97,38,64,95,120,109,66,102,14,130,85,30,25" hai1="71,20,122,126,123,42,121,118,62,10,56,112,81" hai2="89,108,77,134,101,15,98,51,55,75,124,24,92" hai3="86,4,33,125,99,40,128,2,49,46,100,22,135"/><T82/><D120/><U41/><E118/><V18/><F108/><W54/><G33/><T31/><D130/><U0/><E126/><V94/><F124/><W69/><G125/><T16/><D38/><U117/><E117/><V11/><F134/><W132/><G69/><T79/><D109/><U13/><E71/><V113/><F113/><W52/><G128/><T76/><D76/><U107/><E107/><V90/><F75/><W28/><G86/><T12/><D12/><U87/><E20/><V36/><F36/><W73/><G73/><T29/><D25/><U93/><E93/><V119/><F77/><W8/><G28/><T127/><D127/><U80/><E0/><V67/><F67/><W9/><G22/><AGARI ba="1,2" hai="14,16,22,29,30,31,64,66,79,82,85,95,97,102" machi="22" ten="40,12000,1" yaku="8,1,52,2,54,1" doraHai="63" who="0" fromWho="3" sc="255,143,235,0,255,0,235,-123" /><INIT seed="0,2,0,1,4,84" ten="398,235,255,112" oya="0" hai0="62,5,13,118,59,112,15,56,9,20,128,117,95" hai1="81,119,106,87,103,58,79,53,55,4,47,108,30" hai2="122,38,36,109,102,133,104,78,18,75,14,12,48" hai3="93,24,115,86,44,80,50,6,131,22,127,113,69"/><T114/><D128/><U10/><E119/><V100/><F122/><W3/><G127/><T60/><D95/><U101/><E108/><V43/><F109/><W98/><G69/><T88/><D20/><U73/><E30/><V134/><F48/><W40/><G131/><T82/><D5/><U25/><E25/><V66/><F66/><W129/><G129/><T65/><D82/><U52/><E73/><V135/><F43/><W42/><G42/><T17/><D88/><N who="1" m="51311" /><E106/><V92/><F104/><W120/><G120/><T29/><D29/><U7/><E79/><V37/><F92/><W34/><G34/><T26/><D26/><U41/><E58/><V121/><F121/><W21/><G6/><N who="1" m="2090" /><E10/><N who="2" m="6423" /><F14/><W72/><G3/><T54/><REACH who="0" step="1"/><D13/><REACH who="0" ten="388,235,255,112" step="2"/><U11/><E11/><V97/><F97/><W130/><G98/><T125/><D125/><U28/><E28/><V32/><F32/><W77/><G130/><T123/><D123/><U67/><E67/><V132/><F132/><W124/><G124/><T85/><D85/><U107/><E107/><V49/><F75/><W64/><G72/><T83/><D83/><U74/><E74/><V23/><F78/><W2/><G77/><T90/><D90/><U45/><E41/><V111/><F111/><W0/><G40/><T39/><D39/><U61/><E103/><N who="2" m="39467" /><F23/><W91/><G21/><T68/><D68/><U70/><E101/><V1/><F1/><W35/><G0/><T16/><D16/><U31/><E31/><V8/><F8/><W96/><G2/><T94/><D94/><U89/><E89/><V99/><F99/><RYUUKYOKU ba="2,1" sc="388,10,235,10,255,10,112,-30" hai0="9,15,17,54,56,59,60,62,65,112,114,117,118" hai1="45,47,52,53,55,61,70" hai2="36,37,38,49,133,134,135" /><INIT seed="0,3,1,2,0,90" ten="398,245,265,82" oya="0" hai0="19,36,10,66,98,52,113,27,24,114,75,100,83" hai1="20,130,34,120,47,121,105,51,16,70,13,42,21" hai2="93,0,17,61,9,48,35,104,128,60,63,4,72" hai3="74,122,76,38,12,8,107,112,71,22,117,50,115"/><T54/><D36/><U86/><E34/><V103/><F104/><W77/><G117/><T45/><D66/><U62/><E105/><V92/><F72/><W81/><G38/><T111/><D111/><U94/><E130/><V1/><F35/><W106/><G71/><T57/><D45/><U39/><E39/><V129/><F17/><W32/><G32/><T82/><D54/><U126/><E126/><V67/><F67/><W131/><G131/><N who="2" m="50249" /><F48/><W2/><G122/><T46/><D46/><U96/><E70/><V6/><F103/><W110/><G110/><T64/><D64/><U33/><E33/><V99/><F99/><W87/><G107/><T15/><D113/><U101/><E62/><V89/><F89/><W80/><G106/><T29/><D114/><U31/><REACH who="1" step="1"/><E86/><REACH who="1" ten="398,235,265,82" step="2"/><V134/><F134/><W68/><G68/><T44/><D75/><U84/><E84/><V56/><F56/><W119/><G74/><T109/><D57/><U37/><E37/><V5/><F9/><W59/><G115/><T123/><D10/><U73/><E73/><V58/><F58/><W102/><G112/><T25/><D109/><U133/><E133/><V118/><F118/><W28/><G59/><T41/><D123/><U97/><E97/><V69/><F69/><W14/><G8/><T79/><D98/><U49/><E49/><V11/><F11/><W40/><G50/><T132/><D132/><U43/><E43/><V26/><F26/><AGARI ba="3,2" hai="13,16,20,21,26,31,42,47,51,94,96,101,120,121" machi="26" ten="40,8000,1" yaku="1,1,52,1,54,1,53,1" doraHai="90" doraHaiUra="95" who="1" fromWho="2" sc="398,0,235,109,265,-89,82,0" /><INIT seed="1,0,0,2,4,116" ten="398,344,176,82" oya="1" hai0="32,83,98,67,17,35,66,61,107,84,47,53,75" hai1="10,55,105,99,86,131,56,121,58,103,119,25,114" hai2="111,132,81,51,85,49,40,128,92,52,118,127,97" hai3="100,21,3,115,72,87,71,54,2,37,26,42,102"/><U74/><E119/><V34/><F118/><W94/><G115/><T9/><D75/><U77/><E114/><V125/><F34/><W16/><G72/><T96/><D35/><U15/><E74/><V57/><F111/><W23/><G71/><T123/><D32/><U133/><E133/><V38/><F132/><W22/><G2/><T45/><D107/><U19/><E131/><V60/><F128/><W135/><G3/><T24/><D123/><U11/><E121/><V36/><F51/><W104/><G135/><T89/><D24/><U4/><E55/><V106/><F106/><W8/><G104/><T120/><D120/><U129/><E129/><V31/><F31/><W0/><G37/><T134/><D134/><U20/><REACH who="1" step="1"/><E11/><REACH who="1" ten="398,334,176,82" step="2"/><V43/><F125/><W59/><G8/><T13/><D53/><U90/><E90/><V113/><F127/><W126/><G126/><T76/><D89/><U48/><E48/><V28/><F113/><W110/><G54/><T64/><D61/><U88/><E88/><N who="2" m="51247" /><F36/><W65/><G102/><T41/><D41/><U1/><E1/><V7/><F38/><W33/><G0/><T82/><D83/><AGARI ba="0,1" hai="4,10,15,19,20,25,56,58,77,83,86,99,103,105" machi="83" ten="40,2000,0" yaku="1,1,53,0" doraHai="116" doraHaiUra="91" who="1" fromWho="0" sc="398,-20,334,30,176,0,82,0" /><INIT seed="1,1,0,4,5,111" ten="378,364,176,82" oya="1" hai0="8,103,104,28,12,77,63,30,60,54,11,93,47" hai1="69,20,97,4,24,32,75,46,85,41,17,87,70" hai2="35,109,48,133,74,130,114,118,94,127,105,5,43" hai3="33,132,36,45,100,13,51,37,88,89,101,120,64"/><U119/><E119/><V99/><RYUUKYOKU type="yao9" ba="1,0" sc="378,0,364,0,176,0,82,0" hai2="5,35,43,48,74,94,99,105,109,114,118,127,130,133" /><INIT seed="1,2,0,1,4,84" ten="378,364,176,82" oya="1" hai0="121,34,42,74,125,25,92,85,108,69,45,120,130" hai1="83,115,27,96,54,5,15,26,4,81,68,63,10" hai2="52,122,87,19,30,80,61,33,94,55,40,64,60" hai3="90,88,3,62,6,57,111,127,112,106,2,66,50"/><U67/><E115/><V131/><F122/><N who="0" m="47210" /><D74/><U82/><E4/><V20/><F131/><W119/><G112/><T35/><D130/><U101/><REACH who="1" step="1"/><E54/><REACH who="1" ten="378,354,176,82" step="2"/><V97/><F55/><W46/><G6/><T59/><D125/><U110/><E110/><V22/><F52/><W104/><G127/><T105/><D108/><U53/><E53/><V13/><F40/><W1/><G111/><T114/><D42/><U73/><E73/><V72/><F72/><W32/><G119/><T135/><D114/><U107/><AGARI ba="2,1" hai="5,10,15,26,27,63,67,68,81,82,83,96,101,107" machi="107" ten="30,6000,0" yaku="1,1,0,1,53,1" doraHai="84" doraHaiUra="93" who="1" fromWho="1" sc="378,-22,354,76,176,-22,82,-22" /><INIT seed="1,3,0,0,2,9" ten="356,430,154,60" oya="1" hai0="70,2,118,123,19,106,38,103,73,50,18,76,49" hai1="81,23,85,104,84,51,91,26,127,88,132,120,114" hai2="71,43,92,21,61,125,116,45,77,33,112,20,11" hai3="129,110,79,134,58,59,52,44,69,46,63,74,97"/><U72/><E114/><V82/><F116/><W47/><G129/><T101/><D118/><U35/><E120/><V39/><F33/><W31/><G134/><T68/><D123/><U1/><E1/><V133/><F133/><W62/><G110/><T111/><D38/><U0/><E132/><V14/><F125/><W107/><G31/><T28/><D2/><U32/><E0/><V89/><F112/><W90/><G74/><T4/><D4/><U53/><E104/><V121/><F61/><W117/><G117/><T99/><D28/><U55/><E72/><V105/><F71/><W7/><G79/><T25/><D111/><U37/><E37/><V48/><F105/><W12/><G69/><T135/><D135/><U130/><E130/><V17/><F39/><W131/><G131/><T10/><D99/><U115/><E115/><V86/><REACH who="2" step="1"/><F121/><REACH who="2" ten="356,430,144,60" step="2"/><W126/><G126/><T5/><D106/><U108/><E127/><V98/><AGARI ba="3,1" hai="11,14,17,20,21,43,45,48,77,82,86,89,92,98" machi="98" ten="20,12000,2" yaku="1,1,2,1,0,1,7,1,8,1,52,1,53,0" doraHai="9" doraHaiUra="27" who="2" fromWho="2" sc="356,-33,430,-63,144,139,60,-33" /><INIT seed="2,0,0,2,0,92" ten="323,367,283,27" oya="2" hai0="22,82,113,45,46,20,60,54,102,127,72,7,13" hai1="58,8,40,123,70,107,87,126,17,50,66,91,67" hai2="128,108,38,43,96,101,129,48,51,74,0,27,23" hai3="25,97,78,103,115,119,135,121,79,9,110,69,106"/><V81/><F0/><W12/><G119/><T95/><D113/><U6/><E107/><V112/><F112/><W37/><G121/><T84/><D127/><U99/><E70/><V61/><F38/><W77/><G115/><T125/><D125/><U75/><E75/><V1/><F1/><W16/><G135/><T88/><D72/><U98/><E126/><V35/><F35/><W130/><G130/><N who="2" m="50281" /><F61/><W83/><G110/><T29/><D29/><U26/><E123/><V2/><F2/><W56/><G69/><T71/><D71/><U21/><E8/><V31/><F43/><W80/><G37/><T65/><D65/><N who="1" m="24587" /><E6/><V41/><F41/><W15/><G25/><T28/><D28/><U90/><E90/><V52/><F108/><W68/><G68/><T73/><D73/><U55/><E40/><V18/><F31/><W124/><G124/><T30/><D30/><U93/><AGARI ba="0,0" hai="17,21,26,50,55,58,87,91,93,98,99" m="24587" machi="93" ten="30,4000,0" yaku="8,1,52,2" doraHai="92" who="1" fromWho="1" sc="323,-10,367,40,283,-20,27,-10" /><INIT seed="3,0,0,2,2,86" ten="313,407,263,17" oya="3" hai0="125,103,19,124,5,42,111,27,110,77,119,0,14" hai1="58,3,70,1,30,92,74,115,28,52,99,55,56" hai2="113,18,132,133,108,65,61,34,46,118,22,66,43" hai3="44,54,2,114,109,126,16,98,20,127,23,51,25"/><W33/><G114/><T60/><D119/><U87/><E74/><V67/><F34/><W97/><G33/><T121/><D121/><U120/><E70/><V68/><F118/><W80/><G2/><T62/><D42/><U85/><E120/><V35/><F35/><W64/><G109/><N who="0" m="41483" /><D77/><U106/><E106/><V49/><F113/><W130/><G130/><T135/><D135/><N who="2" m="51786" /><F108/><W134/><G134/><T90/><D103/><U47/><E47/><V36/><F36/><W26/><G64/><T78/><D78/><U117/><E117/><V112/><F112/><W131/><G131/><T102/><D102/><U73/><E73/><V10/><F10/><W57/><G80/><T100/><D100/><U104/><E104/><V15/><AGARI ba="0,0" hai="15,18,22,43,46,49,61,65,66,67,68" m="51786" machi="15" ten="30,1100,0" yaku="20,1" doraHai="86" who="2" fromWho="2" sc="313,-3,407,-3,263,11,17,-5" owari="310,11.0,404,50.4,274,-12.6,12,-48.8" /></mjloggm>