<mjloggm ver="2.3"><GO type="225" lobby="0"/><UN n0="%4B%2E%32%2E%4B%2E" n1="%E3%81%91%E3%83%BC%E3%81%9E%E3%81%88" n2="%6D%75%75%6D%75%72%61" n3="%6B%65%6E%6E%64%69" dan="16,16,16,16" rate="2233.79,2161.85,2150.56,2166.66" sx="M,F,F,M"/><TAIKYOKU oya="0"/><INIT seed="0,0,0,1,3,96" ten="250,250,250,250" oya="0" hai0="43,34,104,126,91,72,77,102,76,121,83,110,90" hai1="29,107,27,26,78,99,60,85,97,10,124,115,109" hai2="53,57,36,114,132,20,66,15,50,92,5,40,18" hai3="135,46,111,106,113,122,130,41,8,75,81,23,131"/><T30/><D43/><U125/><E109/><V116/><F114/><W13/><G113/><T71/><D71/><U128/><E128/><N who="3" m="49194" /><G111/><T24/><D110/><U11/><E115/><V133/><F116/><W100/><G135/><T19/><D121/><U112/><E112/><V39/><F66/><W87/><G23/><T58/><D126/><N who="1" m="48747" /><E107/><V28/><F28/><W3/><G122/><T9/><D77/><U16/><E60/><V55/><F5/><W2/><G75/><T73/><D73/><U101/><E85/><V44/><F36/><N who="3" m="21799" /><G100/><T86/><D72/><U65/><E97/><V14/><F14/><W68/><G106/><T117/><D58/><U21/><E65/><V95/><REACH who="2" step="1"/><F55/><REACH who="2" ten="250,250,240,250" step="2"/><W74/><G68/><T80/><D117/><U42/><E42/><V12/><F12/><W88/><G74/><T61/><D30/><U62/><E29/><V32/><F32/><W105/><G105/><T120/><D120/><U48/><E27/><V108/><F108/><W94/><G94/><AGARI ba="0,1" hai="15,18,20,39,40,44,50,53,57,92,94,95,132,133" machi="94" ten="40,1300,0" yaku="1,1,53,0" doraHai="96" doraHaiUra="93" who="2" fromWho="3" sc="250,0,250,0,240,23,250,-13" /><INIT seed="1,0,0,0,1,114" ten="250,250,263,237" oya="1" hai0="112,24,84,47,78,89,31,28,1,66,92,54,34" hai1="99,86,19,43,118,109,115,75,98,100,120,105,35" hai2="124,51,127,39,12,97,117,85,33,102,65,15,70" hai3="16,69,22,37,88,59,52,7,121,44,9,125,18"/><U32/><E43/><V108/><F39/><W0/><G121/><T40/><D112/><U130/><E19/><V57/><F33/><W73/><G125/><N who="2" m="48201" /><F108/><W55/><G69/><T13/><D1/><U41/><E41/><V116/><F70/><W60/><G73/><T134/><D134/><U122/><E75/><V10/><F85/><W72/><G72/><T103/><D31/><U110/><E86/><V42/><F65/><W95/><G37/><T80/><D66/><U128/><E100/><V20/><F20/><W5/><G5/><T62/><D103/><U93/><E93/><N who="2" m="58671" /><F57/><W106/><G106/><T96/><D13/><N who="2" m="5194" /><F10/><W67/><G44/><AGARI ba="0,0" hai="42,44,51,116,117" m="5194,58671,48201" machi="44" ten="30,3900,0" yaku="18,1,52,2" doraHai="114" who="2" fromWho="3" sc="250,0,250,0,263,39,237,-39" /><INIT seed="2,0,0,3,3,113" ten="250,250,302,198" oya="2" hai0="44,1,115,83,36,71,65,84,80,99,129,92,81" hai1="91,74,133,7,12,54,95,89,130,58,11,35,28" hai2="88,53,97,49,82,86,33,17,70,55,52,41,94" hai3="78,6,14,63,108,50,100,135,103,132,56,72,24"/><V134/><F70/><W104/><G108/><T73/><D115/><U68/><E133/><V120/><F33/><W75/><G24/><T47/><D73/><U118/><E130/><V62/><F134/><W59/><G50/><T42/><D1/><U67/><E74/><V43/><F120/><W18/><G14/><T102/><D129/><U26/><E91/><V19/><F62/><W110/><G63/><T22/><D65/><U60/><E68/><V5/><F5/><W45/><G45/><T93/><D71/><U40/><E40/><N who="2" m="15435" /><F49/><W27/><G104/><T111/><D111/><U122/><E122/><V77/><AGARI ba="0,0" hai="17,19,52,53,55,77,82,86,88,94,97" m="15435" machi="77" ten="30,6000,0" yaku="8,1,54,2" doraHai="113" who="2" fromWho="2" sc="250,-20,250,-20,302,60,198,-20" /><INIT seed="2,1,0,1,2,23" ten="230,230,362,178" oya="2" hai0="116,33,7,52,121,87,133,22,53,48,100,61,90" hai1="34,109,60,56,115,92,11,134,130,49,18,4,97" hai2="76,74,79,93,96,28,26,12,67,126,37,77,65" hai3="131,45,118,36,1,86,113,81,84,29,85,10,66"/><V16/><F37/><W17/><G118/><T24/><D121/><U120/><E115/><V35/><F74/><W30/><G131/><T83/><D116/><U78/><E34/><V19/><F126/><W15/><G113/><T27/><D33/><U101/><E109/><V64/><REACH who="2" step="1"/><F12/><REACH who="2" ten="230,230,352,178" step="2"/><W55/><G36/><T71/><D133/><U40/><E134/><V69/><F69/><W91/><G1/><T89/><D71/><U43/><E130/><V3/><F3/><W50/><G66/><T39/><D39/><U122/><E120/><V105/><F105/><W72/><G72/><T102/><D24/><U0/><E122/><V129/><F129/><W63/><G63/><T44/><D27/><U38/><E38/><V68/><F68/><W108/><G108/><T20/><D61/><U8/><E60/><V95/><F95/><W51/><G51/><T106/><D106/><U62/><E49/><V98/><F98/><W9/><G9/><T111/><D111/><U42/><E11/><V119/><F119/><W94/><REACH who="3" step="1"/><G85/><REACH who="3" ten="230,230,352,168" step="2"/><T25/><D48/><U117/><E8/><V103/><AGARI ba="1,2" hai="16,19,26,28,35,64,65,67,76,77,79,93,96,103" machi="103" ten="30,11700,0" yaku="1,1,0,1,52,1,54,1,53,0" doraHai="23" doraHaiUra="112" who="2" fromWho="2" sc="230,-40,230,-40,352,140,168,-40" /><INIT seed="2,2,0,4,0,67" ten="190,190,492,128" oya="2" hai0="3,5,46,73,57,63,88,26,65,98,47,115,27" hai1="80,17,132,130,101,49,75,18,129,0,69,125,116" hai2="41,78,24,56,55,35,104,128,76,60,89,52,102" hai3="64,7,135,34,66,90,84,83,37,81,25,31,86"/><V28/><F128/><W45/><G135/><T19/><D73/><U110/><E80/><V58/><F41/><W123/><G123/><T77/><D77/><U72/><E101/><V30/><F30/><W10/><G37/><T71/><D115/><U70/><E49/><V13/><F89/><W134/><G45/><T21/><D3/><U95/><E95/><V126/><F126/><W133/><G133/><T109/><D5/><U91/><E91/><V97/><REACH who="2" step="1"/><F13/><REACH who="2" ten="190,190,482,128" step="2"/><W32/><G134/><T43/><D43/><U54/><E132/><V11/><F11/><W121/><G121/><T23/><D88/><U68/><E0/><V44/><F44/><W9/><G90/><T99/><D47/><U127/><E127/><V33/><F33/><W92/><G31/><T105/><D46/><U122/><E125/><V22/><F22/><W100/><G10/><T39/><D23/><U2/><E122/><V124/><F124/><W40/><G40/><T1/><D1/><U16/><E2/><V108/><F108/><W85/><G9/><T118/><D109/><U42/><E42/><V79/><F79/><W4/><G34/><T112/><D21/><U96/><E110/><V103/><F103/><W36/><G32/><T106/><D39/><U113/><E130/><V74/><F74/><W111/><G36/><T14/><D14/><U6/><E75/><V29/><F29/><W20/><G111/><T61/><D26/><U53/><E72/><V114/><F114/><W38/><G38/><T120/><D112/><U51/><E113/><V15/><F15/><W59/><G20/><RYUUKYOKU ba="2,1" sc="190,-10,190,-10,482,30,128,-10" hai2="24,28,35,52,55,56,58,60,76,78,97,102,104" /><INIT seed="2,3,1,3,4,79" ten="180,180,512,118" oya="2" hai0="94,48,113,53,37,106,82,31,58,97,69,100,62" hai1="5,24,126,118,52,127,101,29,57,28,44,91,135" hai2="105,30,73,36,47,17,109,75,129,3,21,38,50" hai3="96,130,14,121,93,39,131,63,33,35,64,41,43"/><V19/><F3/><W122/><G14/><T87/><D113/><U104/><E118/><V7/><F105/><W83/><G93/><T85/><D37/><U72/><E72/><V128/><F7/><W65/><G96/><T42/><D31/><U95/><E135/><V54/><F54/><W12/><G12/><T68/><D87/><U74/><E74/><V46/><F46/><W10/><G10/><T78/><D42/><N who="3" m="15881" /><G63/><T132/><D132/><U9/><E44/><V25/><F47/><W2/><G83/><T59/><D94/><U90/><E101/><V88/><F109/><W13/><G13/><T6/><REACH who="0" step="1"/><D6/><REACH who="0" ten="170,180,512,118" step="2"/><U77/><E5/><V11/><F36/><W124/><G39/><T56/><D56/><U112/><E57/><V66/><F38/><W99/><G99/><T40/><D40/><U76/><E112/><V4/><F4/><W86/><G86/><T107/><D107/><U26/><E104/><V20/><F75/><W103/><G35/><T125/><D125/><U70/><E95/><V1/><F73/><W55/><G33/><T67/><AGARI ba="3,2" hai="48,53,58,59,62,67,68,69,78,82,85,97,100,106" machi="67" ten="20,5200,0" yaku="1,1,0,1,7,1,52,1,53,0" doraHai="79" doraHaiUra="123" who="0" fromWho="0" sc="170,81,180,-16,512,-29,118,-16" /><INIT seed="3,0,0,1,2,120" ten="251,164,483,102" oya="3" hai0="101,41,12,10,38,27,17,67,51,35,86,34,113" hai1="36,48,9,121,109,110,50,28,116,70,55,11,69" hai2="82,4,65,30,33,21,7,18,105,78,132,84,87" hai3="93,102,72,25,100,91,77,42,29,89,88,124,92"/><W45/><G124/><T123/><D38/><U54/><E36/><V1/><F105/><W122/><G122/><T127/><D123/><U47/><E121/><V126/><F126/><W95/><G72/><T61/><D127/><U107/><E107/><V60/><F33/><W43/><G77/><T128/><D101/><N who="3" m="39017" /><G45/><T96/><D96/><U5/><E28/><V58/><F132/><W108/><G108/><N who="1" m="41578" /><E116/><V81/><F1/><W119/><G119/><T23/><D128/><U79/><E79/><N who="2" m="46143" /><F30/><W83/><G83/><T98/><D98/><U46/><E11/><V31/><F31/><W0/><G0/><AGARI ba="0,0" hai="0,5,9,46,47,48,50,54,55,69,70" m="41578" machi="0" ten="30,7700,0" yaku="14,1,52,3" doraHai="120" who="1" fromWho="3" sc="251,0,164,77,483,0,102,-77" owari="251,5.1,241,-15.9,483,58.3,25,-47.5" /></mjloggm>