<mjloggm ver="2.3"><GO type="225" lobby="0"/><UN n0="%E5%91%A8%E6%9D%B1" n1="%72%69%6F%75%63%68%61%6E" n2="%E6%97%A5%E6%9B%9C%E6%97%A5%E3%82%88%E3%82%8A%E3%81%AE%E4%BD%BF%E8%80%85" n3="%E4%BF%BA%E3%81%A8%E5%A6%96%E5%A4%A2" dan="17,16,16,17" rate="2125.19,2164.83,2095.55,2208.03" sx="M,M,M,F"/><TAIKYOKU oya="0"/><INIT seed="0,0,0,2,5,96" ten="250,250,250,250" oya="0" hai0="59,36,92,89,15,94,5,73,117,41,21,95,18" hai1="91,85,29,120,39,20,97,56,127,103,126,27,44" hai2="98,47,112,45,10,49,48,31,22,116,76,111,6" hai3="78,118,84,38,26,93,87,74,61,104,79,133,71"/><T100/><D117/><U51/><E120/><V123/><F112/><W68/><G118/><T119/><D119/><U128/><E128/><V129/><F116/><W109/><G38/><T88/><D73/><U62/><E39/><V54/><F123/><W115/><G104/><T130/><D130/><U70/><E70/><V106/><F129/><W81/><G115/><T50/><D36/><U17/><E17/><V122/><F76/><W135/><G26/><T64/><D100/><U24/><E24/><V4/><F122/><W19/><G74/><T77/><D77/><U105/><E56/><V58/><F111/><W55/><G19/><T7/><D64/><U3/><E62/><V124/><F124/><W108/><G55/><N who="0" m="32247" /><D41/><U35/><E3/><V65/><F65/><W1/><G1/><T101/><D101/><U99/><E99/><V69/><F69/><W121/><G121/><T34/><D34/><U90/><E35/><V13/><F106/><W134/><G61/><T33/><D33/><U43/><REACH who="1" step="1"/><E91/><AGARI ba="0,0" hai="5,7,15,18,21,88,89,91,92,94,95" m="32247" machi="91" ten="30,2900,0" yaku="8,1,54,1" doraHai="96" who="0" fromWho="1" sc="250,29,250,-29,250,0,250,0" /><INIT seed="0,1,0,2,0,15" ten="279,221,250,250" oya="0" hai0="0,1,19,119,61,10,5,16,29,130,27,110,54" hai1="131,36,128,71,113,88,52,50,93,77,58,22,126" hai2="83,66,69,23,64,34,7,97,41,98,14,38,111" hai3="103,53,116,62,26,12,124,81,17,8,25,65,51"/><T95/><D119/><U118/><E118/><V102/><F34/><W30/><G116/><T106/><D106/><U96/><E71/><V59/><F69/><W73/><G124/><T67/><D130/><N who="1" m="49707" /><E36/><V13/><F38/><W115/><G115/><T104/><D104/><U80/><E126/><V87/><F41/><W78/><G103/><T114/><D114/><U20/><E113/><V49/><F111/><W109/><G109/><T40/><D110/><U33/><E33/><V21/><F49/><W123/><G123/><T57/><D0/><U79/><E79/><V60/><F66/><W135/><G135/><T63/><D40/><U105/><E105/><V28/><F7/><W91/><G91/><T3/><D3/><U4/><E4/><V9/><F9/><W75/><G75/><AGARI ba="1,0" hai="20,22,50,52,58,75,77,80,88,93,96" m="49707" machi="75" ten="30,3900,0" yaku="19,1,54,2" doraHai="15" who="1" fromWho="3" sc="279,0,221,42,250,0,250,-42" /><INIT seed="1,0,0,4,0,5" ten="279,263,250,208" oya="1" hai0="112,115,86,20,93,9,70,90,103,31,51,17,62" hai1="104,120,57,130,50,6,82,84,7,109,127,30,21" hai2="97,63,122,125,108,54,58,135,32,34,94,37,116" hai3="42,105,79,3,131,121,118,92,8,67,14,128,41"/><U38/><E120/><V49/><F116/><W124/><G121/><T26/><D103/><U110/><E127/><V35/><F122/><W129/><G105/><T114/><D51/><U133/><E130/><N who="3" m="33282" /><W69/><DORA hai="1" /><G124/><T28/><REACH who="0" step="1"/><D9/><REACH who="0" ten="269,263,250,208" step="2"/><U52/><E104/><V106/><F106/><W78/><G118/><T66/><AGARI ba="0,1" hai="17,20,26,28,31,62,66,70,86,90,93,112,114,115" machi="66" ten="40,5200,0" yaku="1,1,2,1,0,1,53,0" doraHai="5,1" doraHaiUra="95,119" who="0" fromWho="0" sc="269,62,263,-26,250,-13,208,-13" /><INIT seed="2,0,0,4,3,8" ten="331,237,237,195" oya="2" hai0="6,51,35,60,55,66,117,23,16,20,116,80,71" hai1="115,65,26,34,109,41,126,10,125,91,43,122,74" hai2="54,105,134,2,27,84,97,96,64,63,94,38,111" hai3="56,103,25,70,89,112,92,50,123,45,128,87,69"/><V82/><F38/><W48/><G123/><T61/><D35/><U31/><E115/><V24/><F2/><W3/><G112/><T113/><D113/><U107/><E109/><V22/><F105/><W47/><G128/><T18/><D6/><U124/><E122/><V62/><F111/><W0/><G56/><T1/><D1/><U132/><E132/><V135/><F54/><W49/><G25/><N who="2" m="9801" /><F22/><N who="0" m="8234" /><D80/><U59/><E74/><V75/><F75/><W127/><G127/><T100/><D100/><U98/><E10/><V28/><F28/><W36/><G103/><T95/><D95/><N who="1" m="56703" /><E107/><V90/><F64/><W58/><G58/><N who="0" m="33151" /><D61/><AGARI ba="0,0" hai="26,31,34,41,43,59,61,65,124,125,126" m="56703" machi="61" ten="30,1000,0" yaku="18,1" doraHai="8" who="1" fromWho="0" sc="331,-10,237,10,237,0,195,0" /><INIT seed="3,0,0,2,3,72" ten="321,247,237,195" oya="3" hai0="90,30,69,36,23,126,83,21,25,92,51,128,123" hai1="133,109,64,108,124,40,58,107,59,125,93,12,63" hai2="50,38,66,47,34,18,4,86,84,74,22,75,122" hai3="127,114,14,119,67,29,42,20,32,80,52,106,13"/><W10/><G114/><T96/><D123/><U81/><E107/><V57/><F34/><W77/><G119/><T78/><D128/><U87/><E133/><V111/><F38/><W91/><G106/><T99/><D126/><N who="1" m="48747" /><E93/><V33/><F33/><W9/><G127/><T7/><D36/><U65/><E12/><N who="3" m="4714" /><G32/><T5/><D69/><U101/><E101/><V104/><F104/><W45/><G67/><N who="1" m="25674" /><E40/><V130/><F75/><W73/><G73/><T129/><D129/><U44/><E44/><V95/><F74/><W15/><N who="3" m="4722" /><W115/><DORA hai="56" /><G115/><T35/><D35/><U100/><E100/><V62/><F130/><W28/><G42/><T68/><D21/><U131/><E131/><V110/><F122/><W76/><G91/><T17/><D68/><U121/><E121/><V61/><F4/><W89/><G89/><T26/><D5/><U117/><E117/><V132/><F132/><W0/><G0/><T70/><D70/><U48/><E48/><V82/><F111/><N who="1" m="42569" /><E63/><N who="2" m="38255" /><F110/><W103/><G103/><T49/><D7/><U94/><E94/><V1/><F95/><W116/><G116/><T55/><D90/><AGARI ba="0,0" hai="58,59,81,87,90" m="42569,25674,48747" machi="90" ten="30,2000,0" yaku="18,1,14,1" doraHai="72,56" who="1" fromWho="0" sc="321,-20,247,20,237,0,195,0" owari="301,40.1,267,6.7,237,-16.3,195,-30.5" /></mjloggm>