<mjloggm ver="2.3"><GO type="225" lobby="0"/><UN n0="%E5%84%AA%40%41%42%43" n1="%E7%AD%89%E3%80%85%E5%8A%9B%E5%8A%87%E5%A0%B4" n2="%E9%B3%B3%E6%9D%B1%E3%81%AE%E3%81%86%E3%81%95%E3%81%8E%E3%81%95%E3%82%93" n3="%E6%B4%BE%E9%81%A3%E3%81%AE%E3%82%B8%E3%83%A3%E3%83%83%E3%82%AF" dan="18,16,17,16" rate="2242.27,2151.68,2273.47,2161.17" sx="M,M,M,M"/><TAIKYOKU oya="0"/><INIT seed="0,0,0,5,2,132" ten="250,250,250,250" oya="0" hai0="55,94,99,72,54,123,130,120,115,116,102,101,18" hai1="97,23,1,42,112,41,8,111,100,16,50,31,58" hai2="38,43,68,5,35,81,80,93,73,13,27,14,6" hai3="85,28,52,125,40,4,3,51,82,119,29,63,0"/><T86/><D115/><U67/><E111/><V105/><F105/><W135/><G119/><T106/><D116/><U78/><E112/><V108/><F108/><W57/><G135/><T26/><D130/><U49/><E31/><V74/><F68/><W44/><G125/><T22/><D72/><U47/><E78/><V48/><F38/><W91/><REACH who="3" step="1"/><G4/><REACH who="3" ten="250,250,250,240" step="2"/><T62/><D120/><U117/><E117/><V77/><F5/><W46/><G46/><T69/><D123/><U92/><E1/><AGARI ba="0,1" hai="0,1,3,28,29,40,44,51,52,57,63,82,85,91" machi="1" ten="40,2600,0" yaku="1,1,54,1,53,0" doraHai="132" doraHaiUra="89" who="3" fromWho="1" sc="250,0,250,-26,250,0,240,36" /><INIT seed="1,0,0,5,0,93" ten="250,224,250,276" oya="1" hai0="131,79,124,134,4,71,119,64,30,17,57,128,20" hai1="1,94,117,116,72,114,111,53,2,98,133,32,73" hai2="65,24,43,63,13,41,83,76,62,104,112,18,118" hai3="46,132,35,88,8,37,36,44,15,23,40,107,82"/><U14/><E32/><V95/><F118/><W121/><G35/><T39/><D119/><U52/><E94/><V120/><F104/><W7/><G107/><T66/><D39/><U100/><E14/><V10/><F120/><W70/><G70/><T48/><D71/><U45/><E45/><V113/><F95/><W77/><G121/><T75/><D134/><U125/><E100/><V97/><F97/><W102/><G102/><T106/><D106/><U42/><E42/><N who="2" m="15883" /><F24/><W56/><G44/><T34/><D4/><U11/><E11/><V58/><F58/><W26/><G56/><T87/><D30/><U84/><E84/><N who="2" m="48231" /><F65/><W22/><G132/><T91/><D79/><U105/><E105/><V25/><F25/><W49/><G23/><T135/><D75/><U81/><E133/><V110/><F110/><W60/><G60/><T92/><D34/><U16/><E81/><V67/><F67/><N who="0" m="25642" /><D135/><U9/><E9/><V96/><F96/><W38/><G77/><T85/><D85/><U21/><E98/><V55/><F55/><W101/><G101/><T6/><D6/><U33/><E33/><V127/><F127/><W130/><G82/><T103/><D103/><U122/><E21/><V74/><F74/><W89/><G22/><T115/><D124/><U5/><E125/><V80/><F80/><W59/><G59/><T12/><D115/><AGARI ba="0,0" hai="10,13,18,62,63,112,113,115" m="48231,15883" machi="115" ten="30,1000,0" yaku="11,1" doraHai="93" who="2" fromWho="0" sc="250,-10,224,0,250,10,276,0" /><INIT seed="2,0,0,3,3,74" ten="240,224,260,276" oya="2" hai0="1,69,116,4,47,13,62,121,41,118,125,98,63" hai1="9,92,119,34,32,38,3,60,132,7,79,80,115" hai2="111,53,45,15,70,95,57,87,54,101,64,89,31" hai3="135,52,56,123,84,19,65,124,82,58,67,21,109"/><V61/><F111/><W120/><G109/><T43/><D121/><U78/><E115/><V23/><F101/><W112/><G112/><T81/><D125/><U28/><E119/><N who="0" m="45609" /><D1/><U50/><E38/><V129/><F129/><W51/><G124/><T102/><D69/><U17/><E132/><V73/><F73/><W55/><G135/><T25/><D25/><U12/><E92/><V83/><F45/><W117/><G117/><T16/><D4/><U122/><E122/><V126/><F126/><W44/><G120/><T22/><D81/><U37/><E37/><V77/><F70/><W29/><G29/><T104/><D43/><U36/><E36/><AGARI ba="0,0" hai="13,16,22,36,41,47,62,63,98,102,104" m="45609" machi="36" ten="30,2000,0" yaku="12,1,54,1" doraHai="74" who="0" fromWho="1" sc="240,20,224,-20,260,0,276,0" /><INIT seed="3,0,0,1,1,85" ten="260,204,260,276" oya="3" hai0="99,118,73,43,9,104,100,70,10,66,63,98,58" hai1="110,128,27,67,91,54,123,135,19,6,23,44,2" hai2="41,33,132,116,119,52,121,7,103,11,65,50,133" hai3="131,53,75,57,12,26,0,127,126,86,105,3,81"/><W83/><G105/><T76/><D118/><N who="2" m="45098" /><F33/><W25/><G131/><T122/><D122/><U14/><E123/><V13/><F121/><W49/><G12/><T130/><D130/><U28/><E128/><V87/><F103/><W77/><G25/><T46/><D98/><U36/><E110/><V20/><F65/><W47/><G26/><T29/><D29/><U94/><E135/><N who="2" m="51787" /><F20/><W22/><G57/><T16/><D70/><U101/><E67/><V129/><F129/><W56/><G56/><T59/><D58/><U93/><E2/><V71/><F71/><W8/><G22/><T90/><D76/><U106/><E6/><V68/><F68/><W39/><G39/><T60/><D73/><U62/><E106/><V64/><F64/><W5/><REACH who="3" step="1"/><G3/><REACH who="3" ten="260,204,260,266" step="2"/><T109/><D63/><U21/><E36/><V120/><F13/><W51/><G51/><T48/><D48/><U92/><E62/><V124/><F50/><W17/><G17/><T112/><D59/><U42/><E54/><V69/><F52/><W37/><G37/><T79/><D60/><U97/><E42/><V95/><F41/><W24/><G24/><T113/><D43/><U34/><E34/><V82/><F69/><W30/><G30/><T125/><D66/><U134/><E134/><V31/><F31/><W84/><G84/><T61/><D104/><U35/><E35/><V88/><F87/><W80/><G80/><T89/><D16/><U78/><E44/><V108/><F120/><W72/><G72/><T55/><D46/><U96/><E78/><AGARI ba="0,1" hai="0,5,8,47,49,53,75,77,78,81,83,86,126,127" machi="78" ten="40,3900,0" yaku="1,1,53,1" doraHai="85" doraHaiUra="107" who="3" fromWho="1" sc="260,0,204,-39,260,0,266,49" owari="260,6.0,165,-33.5,260,-14.0,315,41.5" /></mjloggm>