<mjloggm ver="2.3"><GO type="225" lobby="0"/><UN n0="%E8%90%BD%E6%97%A5" n1="%E3%81%AF%E3%82%88%E3%81%8A%E3%81%98%E3%81%95%E3%82%93" n2="%E6%98%93%E5%88%A9%E8%96%A9%E4%BC%AF" n3="%E3%83%8F%E3%83%B3%E3%83%89%E3%83%A9%E3%83%BC%E3%83%BB%E3%83%AF%E3%83%B3" dan="17,17,16,17" rate="2216.58,2157.52,2126.75,2182.45" sx="F,M,F,M"/><TAIKYOKU oya="0"/><INIT seed="0,0,0,2,2,56" ten="250,250,250,250" oya="0" hai0="119,13,58,3,37,12,93,54,8,129,105,44,87" hai1="67,31,55,40,128,30,59,38,89,15,88,41,2" hai2="14,66,81,110,107,117,101,112,73,63,102,23,83" hai3="113,50,79,115,80,39,97,21,10,92,1,116,36"/><T25/><D105/><U65/><E2/><V64/><F110/><W114/><G116/><T22/><D119/><U72/><E72/><V103/><F117/><W5/><G50/><T134/><D134/><U16/><E128/><V130/><F112/><W126/><G21/><T7/><D129/><U47/><E40/><V0/><F0/><W20/><G20/><T33/><D33/><U45/><E45/><V6/><F130/><W85/><REACH who="3" step="1"/><G126/><REACH who="3" ten="250,250,250,240" step="2"/><T24/><D37/><U26/><E30/><V76/><F107/><W68/><G68/><T125/><D125/><U74/><E31/><V48/><F48/><W46/><G46/><T19/><D44/><U111/><E111/><V82/><F23/><W4/><G4/><T91/><REACH who="0" step="1"/><D3/><REACH who="0" ten="240,250,250,240" step="2"/><U127/><E47/><V60/><F6/><W27/><G27/><T70/><D70/><U133/><E26/><V52/><F14/><W35/><G35/><T118/><D118/><U11/><E15/><V17/><F17/><W57/><G57/><T49/><AGARI ba="0,2" hai="7,8,12,13,19,22,24,25,49,54,58,87,91,93" machi="49" ten="20,18000,2" yaku="1,1,0,1,7,1,25,2,8,1,53,0" doraHai="56" doraHaiUra="75" who="0" fromWho="0" sc="240,200,250,-60,250,-60,240,-60" /><INIT seed="0,1,0,4,2,77" ten="440,190,190,180" oya="0" hai0="121,82,28,17,15,101,39,119,117,34,127,99,58" hai1="128,22,72,114,21,7,89,14,96,129,123,70,78" hai2="60,124,36,88,91,48,61,37,4,64,84,23,42" hai3="52,111,80,51,135,133,63,68,86,54,116,2,122"/><T126/><D39/><U11/><E123/><V69/><F124/><N who="0" m="47658" /><D121/><U40/><E70/><V41/><F4/><W67/><G122/><T25/><D58/><U106/><E114/><V33/><F33/><W32/><G116/><T87/><D15/><U6/><E40/><V13/><F61/><W130/><G2/><T100/><D17/><U35/><E35/><V47/><F42/><W9/><G32/><T110/><D110/><U85/><E6/><V53/><F91/><W104/><G104/><N who="0" m="63519" /><D101/><N who="1" m="62759" /><E78/><AGARI ba="1,0" hai="25,28,34,78,82,87,117,119" m="63519,47658" machi="78" ten="30,2900,0" yaku="18,1,52,1" doraHai="77" who="0" fromWho="1" sc="440,32,190,-32,190,0,180,0" /><INIT seed="0,2,0,0,4,102" ten="472,158,190,180" oya="0" hai0="113,11,30,128,42,106,3,39,62,33,21,135,28" hai1="81,19,12,86,112,69,124,8,4,80,119,99,34" hai2="95,10,9,74,52,20,92,116,89,41,121,111,5" hai3="109,117,115,133,125,57,56,31,88,68,47,27,58"/><T110/><D62/><U49/><E119/><V93/><F111/><W107/><G115/><T44/><D44/><U55/><E69/><V35/><F35/><W96/><G117/><T97/><D21/><U78/><E34/><V82/><F116/><W103/><G68/><T18/><D18/><U134/><E124/><V0/><F41/><W59/><G109/><T77/><D77/><U6/><E134/><V66/><F66/><W1/><G1/><T120/><D42/><U76/><E99/><V105/><F10/><W37/><G133/><T24/><D97/><U2/><E2/><V16/><F121/><W15/><G125/><T79/><D79/><U130/><E130/><V94/><F105/><W45/><G37/><T43/><D43/><U126/><E112/><V29/><F29/><W14/><N who="3" m="14336" /><DORA hai="25" /><W65/><G65/><T104/><D11/><U54/><E126/><V118/><F118/><W75/><G75/><T63/><D63/><U60/><E60/><V13/><F95/><W84/><G47/><T122/><D24/><U101/><E101/><V91/><F74/><W64/><G45/><T50/><D33/><U100/><E100/><V17/><F82/><W32/><REACH who="3" step="1"/><G64/><REACH who="3" ten="472,158,190,170" step="2"/><T26/><D39/><U70/><E70/><V22/><REACH who="2" step="1"/><F52/><REACH who="2" ten="472,158,180,170" step="2"/><N who="1" m="20009" /><E49/><V123/><F123/><W73/><G73/><T46/><D50/><U36/><E36/><V67/><F67/><W71/><G71/><T7/><D122/><U38/><E38/><V85/><F85/><AGARI ba="2,2" hai="4,6,8,12,19,76,78,80,81,85,86" m="20009" machi="85" ten="30,2000,0" yaku="8,1,54,1" doraHai="102,25" who="1" fromWho="2" sc="472,0,158,46,180,-26,170,0" /><INIT seed="1,0,0,0,3,91" ten="472,204,154,170" oya="1" hai0="121,85,6,36,81,31,41,51,95,29,103,68,69" hai1="94,1,22,89,49,42,93,111,107,35,60,48,118" hai2="9,56,72,52,133,53,110,100,125,38,11,57,109" hai3="63,4,128,5,76,27,26,77,16,59,92,21,117"/><U83/><E107/><V80/><F38/><W30/><G128/><T132/><D36/><U75/><E35/><V33/><F33/><W104/><G104/><T131/><D6/><U47/><E118/><V99/><F133/><W64/><G117/><T73/><D73/><U46/><E1/><V13/><F125/><W126/><G126/><T2/><D2/><U67/><E111/><N who="2" m="42507" /><F80/><W74/><G74/><T123/><D131/><U32/><E32/><V10/><F72/><W40/><G40/><T20/><D132/><U101/><E101/><V24/><F24/><W28/><G92/><N who="1" m="35434" /><E75/><V122/><F13/><W7/><G26/><T14/><D69/><U37/><E37/><V17/><F17/><W50/><G50/><N who="1" m="19562" /><E42/><V135/><F122/><W113/><G113/><T12/><D68/><U106/><E106/><N who="2" m="63775" /><F135/><W71/><G71/><T119/><D119/><U130/><E130/><V54/><AGARI ba="0,0" hai="9,10,11,52,53,54,56,57" m="63775,42507" machi="54" ten="40,2700,0" yaku="14,1,54,1" doraHai="91" who="2" fromWho="2" sc="472,-7,204,-13,154,27,170,-7" /><INIT seed="2,0,0,2,4,54" ten="465,191,181,163" oya="2" hai0="124,58,3,128,107,11,100,65,57,24,109,2,96" hai1="4,121,49,46,89,51,21,5,27,115,110,39,102" hai2="43,101,1,52,8,72,14,29,12,111,84,116,117" hai3="94,23,68,76,79,34,85,40,126,25,69,16,33"/><V103/><F72/><W15/><G126/><T44/><D124/><U105/><E115/><V35/><F43/><W131/><G131/><T66/><D128/><U45/><E39/><V99/><F1/><W75/><G75/><T93/><D109/><U91/><E110/><V55/><F111/><W7/><G40/><T132/><D132/><U50/><E121/><V80/><F35/><W106/><G106/><T78/><D44/><N who="1" m="17003" /><E102/><V36/><F29/><W61/><G79/><T95/><D95/><U129/><E105/><V77/><F36/><W18/><G7/><N who="1" m="2634" /><E129/><V13/><F8/><W73/><G73/><T90/><D24/><U64/><E64/><V118/><REACH who="2" step="1"/><F103/><REACH who="2" ten="465,191,171,163" step="2"/><W37/><G37/><T31/><D11/><U0/><E0/><V53/><F53/><W41/><G41/><T60/><D31/><AGARI ba="0,1" hai="21,27,31,49,50,51,89,91" m="2634,17003" machi="31" ten="30,1000,0" yaku="8,1" doraHai="54" who="1" fromWho="0" sc="465,-10,191,20,171,0,163,0" /><INIT seed="3,0,0,2,5,87" ten="455,211,171,163" oya="3" hai0="123,9,90,18,63,106,29,58,6,19,120,86,21" hai1="4,119,115,30,102,71,114,12,40,105,52,28,3" hai2="7,73,15,109,93,31,48,81,47,80,0,53,68" hai3="35,127,89,44,14,117,64,96,131,49,69,107,54"/><W74/><G117/><T125/><D106/><U45/><E3/><V116/><F116/><W104/><G35/><T62/><D29/><U85/><E119/><V111/><F0/><W23/><G74/><T27/><D19/><U130/><E71/><V17/><F68/><W8/><G131/><T55/><D63/><U128/><E52/><V113/><F113/><N who="1" m="43017" /><E85/><V42/><F7/><W118/><G118/><T126/><D125/><U66/><E66/><V99/><F31/><W24/><G127/><T103/><D103/><U121/><E121/><V91/><F53/><W92/><G64/><T59/><D59/><U79/><E79/><V101/><F101/><W50/><G69/><T78/><D78/><U32/><E32/><V10/><F73/><W5/><REACH who="3" step="1"/><G50/><REACH who="3" ten="455,211,171,153" step="2"/><T25/><D126/><U77/><E130/><V60/><REACH who="2" step="1"/><F60/><REACH who="2" ten="455,211,161,153" step="2"/><W57/><G57/><T36/><D120/><U22/><E128/><V122/><F122/><W67/><G67/><T97/><D123/><U94/><E45/><V75/><F75/><W13/><G13/><T39/><D62/><U43/><E12/><V110/><AGARI ba="0,2" hai="10,15,17,42,47,48,80,81,91,93,99,109,110,111" machi="110" ten="30,7900,0" yaku="1,1,0,1,14,1,52,1,53,0" doraHai="87" doraHaiUra="112" who="2" fromWho="2" sc="455,-20,211,-20,161,99,153,-39" owari="435,53.5,191,-20.9,260,6.0,114,-38.6" /></mjloggm>