<mjloggm ver="2.3"><GO type="225" lobby="0"/><UN n0="%E6%81%A5%E6%99%92%E3%81%97" n1="%6D%75%75%73%61%6E%6D%75" n2="%E8%BE%9B%E5%8F%A3%E3%82%AB%E3%83%AC%E3%83%BC%E3%83%A9%E3%82%A4%E3%82%B9" n3="%E3%82%BF%E3%83%BC%E3%83%90%E3%83%B3%E9%87%8E%E5%8F%A3" dan="16,16,18,16" rate="2067.64,2132.05,2253.04,2042.29" sx="M,F,M,M"/><TAIKYOKU oya="0"/><INIT seed="0,0,0,2,2,7" ten="250,250,250,250" oya="0" hai0="96,58,60,25,41,74,4,35,80,12,65,45,53" hai1="105,129,17,101,14,52,78,28,8,135,94,9,11" hai2="38,107,10,51,95,63,24,2,56,127,68,132,6" hai3="26,21,27,44,72,83,122,89,113,33,115,130,111"/><T59/><D96/><N who="1" m="59543" /><E105/><V16/><F107/><W102/><G111/><T73/><D35/><U117/><E117/><V91/><F38/><W124/><G124/><T106/><D106/><U88/><E129/><V70/><F127/><W100/><G130/><T0/><D0/><U31/><E135/><V99/><F132/><W19/><G122/><T62/><D25/><U114/><E114/><V134/><F51/><W81/><G44/><T30/><D30/><N who="1" m="11307" /><E78/><V93/><F93/><W104/><G104/><T118/><D80/><U123/><E123/><V85/><F85/><W120/><G120/><T18/><D4/><U84/><E52/><V48/><F48/><W54/><G54/><T86/><D86/><U46/><E46/><V1/><F1/><W71/><G71/><T112/><D118/><U128/><E128/><V43/><F43/><W13/><G72/><T79/><D79/><U57/><E57/><V98/><F98/><W121/><G121/><T61/><D61/><U77/><E77/><V76/><F76/><W92/><G33/><T69/><D69/><U64/><E64/><V97/><F97/><N who="3" m="57487" /><G115/><T119/><D112/><U67/><E67/><V3/><F3/><W47/><G47/><T66/><D53/><U87/><E87/><V49/><F49/><W37/><G37/><N who="0" m="21679" /><D119/><U29/><N who="1" m="11315" /><U131/><DORA hai="55" /><E131/><V103/><F134/><W133/><G133/><T39/><D39/><U50/><E50/><V23/><F103/><N who="3" m="39467" /><G113/><T32/><D32/><U125/><E125/><V116/><F116/><W90/><G90/><T40/><D40/><U109/><E109/><RYUUKYOKU ba="0,0" sc="250,0,250,0,250,0,250,0" hai0="12,18,58,59,60,62,65,66,73,74" hai1="8,9,11,14,17,84,88" hai2="2,6,10,16,23,24,56,63,68,70,91,95,99" hai3="13,19,21,26,27,81,83" /><INIT seed="0,1,0,3,1,124" ten="250,250,250,250" oya="0" hai0="111,65,135,132,51,10,3,93,9,37,28,5,96" hai1="72,73,90,103,59,12,105,123,44,116,88,45,120" hai2="23,81,49,21,32,29,55,98,62,112,40,128,57" hai3="97,68,127,115,22,118,60,69,27,50,39,33,42"/><T47/><D37/><U1/><E116/><V0/><F112/><W24/><G118/><T134/><D111/><U48/><E1/><V89/><F0/><W18/><G115/><T64/><D28/><U86/><E105/><V82/><F32/><W77/><G127/><T83/><D83/><N who="2" m="31754" /><F128/><W2/><G77/><T117/><D10/><U95/><E103/><V11/><F11/><W56/><G2/><T4/><D4/><U101/><E101/><V79/><F79/><W20/><G33/><T30/><D30/><U121/><E90/><V74/><F74/><W31/><G39/><T67/><D117/><U108/><E108/><V16/><F29/><W7/><G7/><T104/><D104/><U14/><E59/><V34/><F34/><W114/><G97/><T100/><REACH who="0" step="1"/><D67/><REACH who="0" ten="240,250,250,250" step="2"/><U71/><E120/><V110/><F110/><W70/><G114/><T78/><D78/><U52/><E121/><V19/><F23/><W126/><G126/><T25/><D25/><U130/><E123/><V63/><F21/><W113/><G113/><T46/><D46/><U92/><E45/><N who="2" m="25767" /><F63/><W54/><REACH who="3" step="1"/><G42/><AGARI ba="1,1" hai="3,5,9,42,47,51,64,65,93,96,100,132,134,135" machi="42" ten="40,3900,0" yaku="1,1,20,1,53,0" doraHai="124" doraHaiUra="75" who="0" fromWho="3" sc="240,52,250,0,250,0,250,-42" /><INIT seed="0,2,0,0,2,20" ten="292,250,250,208" oya="0" hai0="60,88,121,78,1,30,58,134,125,124,38,61,59" hai1="119,103,51,80,16,95,0,68,23,55,48,104,98" hai2="76,2,81,24,64,120,9,6,131,14,3,128,117" hai3="34,83,72,102,130,46,5,12,41,67,123,115,112"/><T42/><D121/><U93/><E119/><V132/><F120/><W77/><G123/><T105/><D1/><U49/><E0/><V91/><F117/><W11/><G130/><N who="2" m="49705" /><F91/><W28/><G102/><T19/><D105/><U84/><E68/><V54/><F64/><W37/><G67/><T29/><D78/><U35/><E35/><V10/><F132/><W47/><REACH who="3" step="1"/><G46/><REACH who="3" ten="292,250,250,198" step="2"/><T87/><D134/><U52/><E104/><V118/><F118/><W110/><G110/><T114/><D124/><U96/><E103/><V108/><F108/><W43/><G43/><T82/><D125/><U17/><E55/><V63/><F54/><W116/><G116/><T26/><D42/><U113/><E52/><V15/><F63/><W18/><G18/><T70/><D61/><U74/><E17/><V40/><F40/><W33/><G33/><T73/><D19/><U27/><E113/><V62/><F62/><W56/><G56/><T65/><D59/><U22/><E22/><V53/><F53/><W90/><G90/><T111/><D58/><U92/><E74/><V69/><F69/><W7/><G7/><T21/><D111/><U106/><E106/><V57/><F57/><W44/><G44/><T66/><D114/><U89/><AGARI ba="2,1" hai="16,23,27,48,49,51,80,84,89,92,93,95,96,98" machi="89" ten="30,7900,0" yaku="0,1,8,1,52,1,54,1" doraHai="20" who="1" fromWho="1" sc="292,-41,250,95,250,-22,198,-22" /><INIT seed="1,0,0,4,2,84" ten="251,345,228,176" oya="1" hai0="92,99,125,129,39,105,45,60,5,70,59,61,132" hai1="74,64,12,88,90,114,126,128,97,72,65,127,49" hai2="123,1,76,122,81,35,18,52,89,66,118,47,22" hai3="104,62,25,75,43,14,42,85,16,108,121,133,28"/><U21/><E114/><V31/><F118/><W27/><G121/><T131/><D105/><U124/><E128/><N who="0" m="49225" /><D125/><U54/><E21/><V41/><F1/><W94/><G75/><N who="1" m="28714" /><E12/><V80/><F66/><N who="1" m="25705" /><E97/><V100/><F100/><W10/><G104/><T83/><D70/><U29/><E29/><V40/><F35/><W55/><G108/><T38/><D132/><U120/><E120/><V117/><F31/><W56/><G133/><T46/><D83/><N who="2" m="31818" /><F117/><W78/><G27/><T2/><D5/><U96/><E96/><V51/><F123/><W7/><G7/><T13/><D13/><U24/><E24/><N who="2" m="14423" /><F122/><W95/><G78/><T53/><D2/><U58/><AGARI ba="0,0" hai="49,54,58,88,90,124,126,127" m="25705,28714" machi="58" ten="40,12000,1" yaku="18,1,52,2,54,1" doraHai="84" who="1" fromWho="1" sc="251,-40,345,120,228,-40,176,-40" /><INIT seed="1,1,0,2,3,5" ten="211,465,188,136" oya="1" hai0="71,111,98,47,10,54,78,91,133,31,34,115,129" hai1="131,13,67,39,55,51,90,135,33,97,70,66,101" hai2="16,50,112,96,21,23,8,103,81,77,26,69,46" hai3="64,105,114,126,25,94,62,24,134,107,12,79,22"/><U18/><E39/><V83/><F69/><W17/><G114/><T37/><D115/><U130/><E33/><V49/><F112/><W100/><G134/><T109/><D71/><U82/><E70/><V19/><F8/><W116/><G126/><T95/><D133/><U125/><E82/><V84/><F83/><W76/><G116/><T53/><D129/><N who="1" m="49163" /><E90/><V9/><F9/><W128/><G107/><T1/><D78/><U121/><E125/><V38/><F38/><W75/><G105/><T35/><D37/><U3/><E3/><V117/><F117/><W93/><G128/><T2/><D47/><N who="1" m="28159" /><E121/><V102/><F96/><W87/><G75/><T27/><D35/><U63/><E63/><V74/><F74/><W41/><G41/><T73/><D1/><U88/><E135/><V89/><F77/><W30/><G25/><T120/><D73/><U61/><E61/><V44/><F44/><W110/><G110/><N who="0" m="41995" /><D120/><U119/><E101/><N who="2" m="38411" /><F46/><W57/><G100/><T123/><D123/><U15/><E119/><V32/><F32/><W36/><G36/><T104/><D104/><U65/><E18/><V29/><F19/><W92/><REACH who="3" step="1"/><G87/><REACH who="3" ten="211,465,188,126" step="2"/><T4/><AGARI ba="1,1" hai="2,4,10,27,31,34,53,54,91,95,98" m="41995" machi="4" ten="30,2000,0" yaku="14,1,52,1" doraHai="5" who="0" fromWho="0" sc="211,33,465,-11,188,-6,126,-6" /><INIT seed="2,0,0,5,3,104" ten="244,454,182,120" oya="2" hai0="34,40,9,53,50,126,26,23,33,51,16,31,36" hai1="107,2,81,25,105,68,20,61,64,115,70,109,78" hai2="35,73,12,134,71,57,32,131,6,58,79,84,72" hai3="124,85,14,112,19,127,125,108,103,121,87,42,90"/><V80/><F71/><W67/><G121/><T18/><D36/><U63/><E115/><V65/><F131/><W37/><G112/><T69/><D126/><U76/><E2/><V56/><F65/><W10/><G108/><T24/><D69/><U101/><E109/><V97/><F134/><W99/><G67/><T4/><D40/><U122/><E122/><V29/><F97/><W22/><G42/><T60/><D60/><U118/><E118/><V129/><F129/><W98/><G37/><T59/><D51/><U94/><E94/><V17/><F6/><W75/><G22/><T102/><D102/><U77/><E81/><V111/><F111/><W114/><G114/><T92/><D92/><U39/><E39/><V95/><F95/><N who="3" m="54735" /><G87/><T128/><D128/><U54/><E101/><V5/><F5/><W44/><G44/><T21/><D31/><U96/><E96/><N who="3" m="36906" /><G103/><T52/><D53/><U48/><E70/><V49/><F49/><W28/><G28/><T93/><D93/><U3/><E63/><V91/><F29/><W110/><G110/><T88/><D88/><U106/><E3/><AGARI ba="0,0" hai="3,4,9,16,18,21,23,24,26,33,34,50,52,59" machi="3" ten="30,7700,0" yaku="7,1,9,1,54,2" doraHai="104" who="0" fromWho="1" sc="244,77,454,-77,182,0,120,0" /><INIT seed="3,0,0,1,2,70" ten="321,377,182,120" oya="3" hai0="7,32,29,120,111,10,35,36,96,11,30,57,101" hai1="104,18,121,94,16,113,79,62,116,74,78,42,80" hai2="58,114,82,91,75,4,106,27,53,133,103,69,67" hai3="20,49,105,109,48,98,47,25,127,23,8,73,3"/><W131/><G73/><T107/><D120/><U125/><E104/><V37/><F114/><W33/><G131/><T68/><D111/><U51/><E113/><V117/><F37/><W123/><G123/><T17/><D57/><U108/><E121/><V84/><F117/><W122/><G122/><T124/><D124/><U13/><E108/><V9/><F75/><W118/><G109/><T55/><D55/><U21/><E125/><V112/><F112/><W71/><G118/><T34/><D17/><U6/><E116/><V50/><F133/><W130/><G127/><T44/><D30/><U46/><E78/><V28/><F69/><W97/><G71/><T86/><D86/><U41/><E62/><V76/><F67/><W88/><G130/><T26/><D68/><U59/><E59/><V115/><F115/><W77/><G77/><T0/><D11/><U87/><E6/><V19/><F19/><W95/><G49/><T40/><AGARI ba="0,0" hai="0,7,10,26,29,32,34,35,36,40,44,96,101,107" machi="40" ten="30,8000,1" yaku="0,1,33,3,52,1" doraHai="70" who="0" fromWho="0" sc="321,80,377,-20,182,-20,120,-40" owari="401,50.1,357,15.7,162,-23.8,80,-42.0" /></mjloggm>