<mjloggm ver="2.3"><GO type="225" lobby="0"/><UN n0="%E3%81%AF%E3%82%88%E3%81%8A%E3%81%98%E3%81%95%E3%82%93" n1="%E7%89%B9%E6%9D%B1%E3%81%AF%E4%B8%96%E7%95%8C%E3%82%92%E6%95%91%E3%81%86" n2="%E5%80%89%E6%A9%8B%EF%BC%A0%E4%BA%8B%E5%8B%99" n3="%E3%81%A1%E3%82%85%E3%81%86%E3%81%A9%E3%81%8F%E8%B1%A1%E3%81%95%E3%82%93" dan="16,16,16,16" rate="2144.32,2179.39,2089.51,2113.64" sx="M,M,M,M"/><TAIKYOKU oya="0"/><INIT seed="0,0,0,4,3,73" ten="250,250,250,250" oya="0" hai0="87,67,65,92,47,115,29,106,84,98,26,101,91" hai1="15,35,83,74,128,88,59,12,123,116,129,111,57" hai2="66,23,4,127,24,94,16,25,133,11,39,81,34" hai3="75,90,50,37,100,104,131,21,86,68,6,135,95"/><T134/><D134/><U56/><E116/><V51/><F39/><W125/><G37/><T31/><D115/><U27/><E123/><V7/><F133/><W69/><G135/><T5/><D5/><U77/><E111/><V10/><F127/><W1/><G125/><T46/><D29/><N who="1" m="19903" /><E88/><V42/><F66/><W70/><G131/><AGARI ba="0,0" hai="12,15,56,57,59,74,77,83,128,129,131" m="19903" machi="131" ten="30,2000,0" yaku="19,1,52,1" doraHai="73" who="1" fromWho="3" sc="250,0,250,20,250,0,250,-20" /><INIT seed="1,0,0,0,4,42" ten="250,270,250,230" oya="1" hai0="45,33,131,104,87,82,102,107,30,49,51,28,89" hai1="91,111,47,121,127,117,59,26,67,12,36,128,25" hai2="94,95,83,16,63,35,85,58,108,98,103,72,34" hai3="133,48,77,19,125,32,64,17,112,69,123,9,57"/><U129/><E117/><V27/><F108/><W39/><G77/><T0/><D0/><U21/><E121/><V23/><F72/><W29/><G39/><T99/><D131/><U116/><E116/><V22/><F94/><W7/><G69/><T52/><D104/><U97/><E111/><V75/><F75/><W109/><G48/><T80/><D33/><U100/><E91/><V120/><F23/><W62/><G109/><T31/><REACH who="0" step="1"/><D49/><REACH who="0" ten="240,270,250,230" step="2"/><U8/><E129/><V68/><F120/><W135/><G123/><T71/><D71/><U65/><E128/><V56/><F35/><W53/><G32/><T134/><D134/><U44/><E36/><V6/><F34/><W76/><G133/><T86/><D86/><U126/><E126/><V90/><REACH who="2" step="1"/><F6/><REACH who="2" ten="240,270,240,230" step="2"/><W81/><G7/><T66/><D66/><AGARI ba="0,2" hai="16,22,27,56,58,63,66,68,83,85,90,95,98,103" machi="66" ten="40,8000,1" yaku="1,1,2,1,54,1,53,2" doraHai="42" doraHaiUra="55" who="2" fromWho="0" sc="240,-80,270,0,240,100,230,0" /><INIT seed="2,0,0,0,2,93" ten="160,270,340,230" oya="2" hai0="48,65,70,0,110,86,118,67,4,14,2,42,100" hai1="8,30,63,83,15,3,112,18,109,131,117,76,96" hai2="97,38,26,6,64,78,34,9,87,54,22,101,19" hai3="129,134,85,125,115,108,62,25,55,81,130,60,95"/><V128/><F38/><W17/><G108/><T32/><D32/><U39/><E112/><V16/><F128/><N who="3" m="49259" /><G115/><T77/><D110/><U122/><E131/><V21/><F34/><W23/><G134/><T114/><D114/><U51/><E39/><V20/><F64/><W69/><G125/><T24/><D118/><U113/><E113/><V59/><F87/><W10/><G69/><T13/><D70/><U29/><E109/><V50/><F78/><N who="3" m="46263" /><G55/><T46/><D100/><U91/><E3/><V111/><F111/><W73/><G73/><T61/><D13/><U53/><E63/><V84/><F84/><W1/><G95/><T121/><D24/><U74/><E122/><V35/><F35/><W127/><G127/><T47/><D47/><U124/><E117/><V44/><F44/><W5/><AGARI ba="0,0" hai="1,5,10,17,23,25,60,62" m="46263,49259" machi="5" ten="30,1100,0" yaku="19,1" doraHai="93" who="3" fromWho="3" sc="160,-3,270,-3,340,-5,230,11" /><INIT seed="3,0,0,4,4,51" ten="157,267,335,241" oya="3" hai0="39,64,131,84,22,68,107,82,23,72,94,7,8" hai1="52,65,100,112,54,98,55,20,63,6,13,14,25" hai2="113,41,0,30,91,35,97,90,48,56,32,4,34" hai3="11,75,53,60,31,38,33,93,115,120,119,110,71"/><W78/><G115/><T105/><D39/><U96/><E112/><V62/><F113/><W67/><G119/><T106/><D131/><U121/><E121/><V61/><F30/><W12/><G120/><T92/><D68/><U86/><E86/><V24/><F24/><W26/><G38/><T77/><D64/><U1/><E1/><V88/><F97/><W59/><G110/><T79/><D79/><U5/><E14/><V109/><F109/><W89/><G78/><T58/><D58/><N who="1" m="37111" /><E13/><V118/><F118/><W16/><G75/><T116/><D116/><U111/><E111/><V28/><F28/><W99/><REACH who="3" step="1"/><G71/><REACH who="3" ten="157,267,335,231" step="2"/><T128/><D128/><U19/><E100/><V87/><F91/><W123/><G123/><T36/><D36/><U17/><E17/><V114/><F90/><W122/><G122/><T104/><N who="0" m="26624" /><DORA hai="66" /><T57/><D57/><U27/><E27/><V43/><F88/><W133/><G133/><T69/><D69/><U127/><E127/><V108/><F56/><W80/><G80/><T126/><D126/><U40/><E40/><V102/><F43/><W49/><G49/><T18/><D72/><U3/><E3/><V73/><F48/><W125/><G125/><T135/><D135/><U85/><E85/><V42/><F87/><W134/><G134/><T117/><D117/><U47/><E47/><V2/><F42/><W37/><G37/><T15/><REACH who="0" step="1"/><D18/><REACH who="0" ten="147,267,335,231" step="2"/><U95/><E19/><V29/><F73/><W103/><G103/><T46/><D46/><U45/><E45/><V21/><F108/><W132/><G132/><T9/><D9/><RYUUKYOKU ba="0,2" sc="147,15,267,-15,335,-15,231,15" hai0="7,8,15,22,23,77,82,84,92,94" hai3="11,12,16,26,31,33,53,59,60,67,89,93,99" /><INIT seed="3,1,2,1,3,66" ten="162,252,320,246" oya="3" hai0="74,3,30,125,34,41,70,80,111,110,78,8,24" hai1="7,27,44,15,57,86,123,42,107,21,130,115,89" hai2="47,55,104,19,39,120,88,126,84,122,40,103,43" hai3="5,75,82,98,53,133,26,118,93,37,135,59,35"/><W68/><G118/><T71/><D125/><U129/><E115/><V11/><F126/><W29/><G37/><T109/><D41/><U92/><E107/><V72/><F72/><W99/><G5/><AGARI ba="1,2" hai="3,5,8,24,30,34,70,71,74,78,80,109,110,111" machi="5" ten="40,8000,1" yaku="14,1,23,2,52,2" doraHai="66" who="0" fromWho="3" sc="162,103,252,0,320,0,246,-83" owari="265,6.5,252,-14.8,320,42.0,163,-33.7" /></mjloggm>