<mjloggm ver="2.3"><GO type="225" lobby="0"/><UN n0="%E6%81%AC%E6%B7%A1%E5%AF%82%E5%AF%9E" n1="%E3%81%8F%E3%81%BE%E3%81%96%E3%82%8F" n2="%E9%80%86%E9%80%A3%E5%B8%AF%E3%81%AE%E9%AC%BC" n3="%72%61%6B%33" dan="16,16,16,16" rate="2111.48,2059.61,2166.69,2201.79" sx="F,M,M,M"/><TAIKYOKU oya="0"/><INIT seed="0,0,0,5,4,40" ten="250,250,250,250" oya="0" hai0="35,58,114,59,71,41,63,117,86,108,110,67,132" hai1="61,78,90,103,93,27,133,51,3,18,84,119,126" hai2="135,107,9,8,80,75,125,109,44,46,26,74,129" hai3="50,98,20,22,100,128,42,43,91,83,105,10,37"/><T66/><D35/><U55/><E119/><V127/><F107/><W65/><G128/><T39/><D114/><U53/><E133/><V111/><F26/><W29/><G37/><T57/><D117/><U69/><E126/><N who="2" m="48139" /><F135/><W130/><G130/><T79/><D132/><U106/><E3/><V16/><F129/><W68/><G10/><T123/><D123/><U77/><E106/><V121/><F121/><W2/><G2/><T4/><D4/><U14/><E103/><V19/><F8/><W1/><G1/><T36/><D79/><U70/><E70/><V7/><F19/><W112/><G112/><T89/><D36/><U0/><E27/><V52/><F16/><W5/><G29/><T118/><D67/><U11/><E0/><N who="2" m="231" /><F52/><W113/><G105/><T120/><D120/><U116/><E55/><V48/><F48/><W101/><G113/><T54/><D54/><U24/><E24/><V21/><F21/><W33/><G20/><T94/><D118/><U124/><E116/><V92/><F92/><W88/><G22/><T60/><D60/><U47/><REACH who="1" step="1"/><E124/><REACH who="1" ten="250,240,250,250" step="2"/><V87/><F111/><N who="0" m="42538" /><D71/><U134/><E134/><V99/><F109/><W104/><G68/><T6/><D6/><U13/><E13/><V32/><F32/><W115/><G33/><T12/><D12/><U131/><E131/><V23/><F23/><W85/><G5/><T122/><D122/><U64/><AGARI ba="0,1" hai="11,14,18,47,51,53,61,64,69,77,78,84,90,93" machi="64" ten="30,4000,0" yaku="1,1,0,1,52,1,53,0" doraHai="40" doraHaiUra="76" who="1" fromWho="1" sc="250,-20,240,50,250,-10,250,-10" /><INIT seed="1,0,0,0,1,48" ten="230,290,240,240" oya="1" hai0="57,34,58,37,130,29,122,111,40,94,11,43,88" hai1="21,132,70,8,41,98,120,30,116,105,68,38,124" hai2="112,56,39,36,134,107,91,81,89,85,129,23,51" hai3="74,67,47,1,118,131,16,61,106,66,18,83,79"/><U63/><E116/><V46/><F134/><W50/><G118/><T82/><D111/><U53/><E120/><V64/><F129/><W32/><G131/><T22/><D130/><U31/><E132/><V135/><F112/><W0/><G32/><T127/><D34/><U92/><E105/><V6/><F135/><W113/><G113/><T14/><D82/><U104/><E104/><V12/><F107/><W27/><G106/><T78/><D78/><U114/><E114/><V93/><F64/><W87/><G74/><T108/><D108/><U76/><E76/><V71/><F71/><W17/><G27/><N who="0" m="16631" /><D37/><U133/><E133/><V42/><F56/><N who="0" m="21610" /><D127/><U95/><E38/><V49/><F39/><W33/><G33/><T86/><D122/><U19/><E70/><V4/><F36/><W115/><G115/><T77/><D77/><U101/><E68/><V24/><F51/><W90/><G79/><T123/><D123/><U97/><E8/><V73/><F12/><W13/><G13/><T35/><D35/><U60/><E124/><V117/><F117/><W62/><G0/><T9/><D9/><U128/><E128/><V7/><F73/><W99/><G1/><T59/><N who="0" m="21618" /><T54/><DORA hai="126" /><D54/><U2/><E53/><V75/><F75/><W121/><G121/><T65/><D65/><N who="3" m="24585" /><G62/><T80/><D80/><U45/><E2/><V25/><REACH who="2" step="1"/><F23/><REACH who="2" ten="230,290,230,240" step="2"/><W52/><G61/><T15/><D15/><N who="1" m="9471" /><E63/><V100/><F100/><W103/><G103/><T55/><D55/><U119/><E60/><V26/><F26/><W110/><G110/><T102/><D102/><RYUUKYOKU ba="0,1" sc="230,10,290,-30,230,10,240,10" hai0="11,14,40,43,86,88,94" hai2="4,6,7,24,25,42,46,49,81,85,89,91,93" hai3="16,17,18,47,50,52,83,87,90,99" /><INIT seed="2,1,1,4,1,15" ten="240,260,240,250" oya="2" hai0="120,125,33,65,130,66,41,70,3,74,25,89,7" hai1="95,111,106,126,13,128,30,27,114,118,108,98,105" hai2="51,80,9,119,93,35,43,52,28,23,104,18,50" hai3="94,72,82,16,88,12,117,48,58,59,135,61,39"/><V11/><F119/><W4/><G117/><T113/><D89/><U55/><E118/><V57/><F104/><W0/><G39/><T8/><D66/><U83/><E114/><V46/><F80/><W20/><G135/><T124/><D120/><U77/><E55/><V96/><F28/><W129/><G129/><T24/><D113/><U91/><E13/><N who="2" m="9679" /><F35/><W34/><G34/><T110/><D74/><N who="1" m="43447" /><E128/><V10/><F10/><N who="3" m="4167" /><G0/><T112/><D112/><U78/><E78/><V100/><AGARI ba="1,1" hai="9,11,43,46,50,51,52,57,93,96,100" m="9679" machi="100" ten="30,6000,0" yaku="8,1,52,1,54,1" doraHai="15" who="2" fromWho="2" sc="240,-21,260,-21,240,73,250,-21" /><INIT seed="2,2,0,5,2,80" ten="219,239,313,229" oya="2" hai0="114,9,21,45,63,52,86,115,100,54,29,39,57" hai1="28,36,24,76,59,30,50,72,89,10,37,111,75" hai2="92,56,42,120,87,13,78,112,47,38,81,132,41" hai3="124,91,102,103,122,127,33,44,96,113,98,135,69"/><V77/><F112/><W129/><G69/><T14/><D100/><U70/><E70/><V55/><F132/><W46/><G33/><T62/><D39/><U125/><E125/><V35/><F35/><W128/><G91/><T133/><D133/><U84/><E28/><V121/><F42/><W51/><G51/><N who="0" m="28783" /><D115/><U118/><E10/><V12/><F78/><W126/><G135/><T2/><D2/><U67/><E118/><V82/><F82/><W123/><G113/><T73/><D73/><U110/><E76/><V18/><F92/><N who="3" m="58631" /><G44/><T20/><D114/><U68/><E68/><V93/><F93/><N who="3" m="58831" /><G46/><T116/><D116/><U23/><E36/><V7/><F47/><W16/><G16/><N who="0" m="8271" /><D29/><U32/><E37/><V74/><F38/><W4/><G4/><T5/><D5/><U0/><E0/><V15/><F7/><W85/><G85/><T131/><D131/><AGARI ba="2,0" hai="122,123,124,126,127,128,129,131" m="58831,58631" machi="131" ten="40,8000,1" yaku="18,1,19,1,34,2" doraHai="80" who="3" fromWho="0" sc="219,-86,239,0,313,0,229,86" /><INIT seed="3,0,0,2,5,81" ten="133,239,313,315" oya="3" hai0="19,28,71,88,113,27,112,5,122,55,60,118,70" hai1="77,17,41,63,126,134,100,82,80,0,68,91,96" hai2="2,37,49,115,67,16,23,43,25,3,51,33,87" hai3="58,99,124,73,36,47,34,66,89,53,13,84,135"/><W46/><G73/><T65/><D118/><U103/><E0/><V57/><F115/><W61/><G34/><T133/><D122/><U54/><E41/><V32/><F37/><W92/><G124/><T6/><D133/><U78/><E17/><V94/><F2/><W29/><G135/><T117/><D117/><U129/><E68/><V120/><F3/><W119/><G119/><T14/><D71/><U42/><E42/><V125/><F125/><W111/><G111/><T105/><D105/><U69/><E54/><V79/><F120/><W9/><G29/><T123/><D123/><U64/><E134/><V10/><F10/><W4/><G36/><T109/><D109/><U45/><E45/><N who="3" m="16906" /><G99/><T44/><D44/><U83/><E126/><V95/><F33/><W98/><G98/><T12/><D12/><U108/><E108/><V30/><F43/><W93/><G93/><N who="2" m="35337" /><F30/><W101/><G101/><T110/><D110/><U107/><E103/><V40/><F32/><W26/><G26/><T121/><D121/><U128/><E100/><V39/><F39/><W1/><G1/><T72/><D72/><U132/><E132/><V116/><F40/><W11/><G11/><T90/><D27/><U48/><E107/><V62/><F116/><W104/><G104/><T38/><D28/><U127/><E127/><V59/><F59/><W31/><G31/><T21/><D38/><U75/><E75/><V20/><F20/><W15/><G15/><T76/><D76/><U130/><E77/><V24/><F24/><W22/><G22/><T86/><D113/><U106/><E78/><RYUUKYOKU ba="0,0" sc="133,-15,239,-15,313,15,315,15" hai2="16,23,25,49,51,57,62,67,79,87" hai3="4,9,13,53,58,61,66,84,89,92" owari="118,-38.2,224,-17.6,328,12.8,330,43.0" /></mjloggm>