<mjloggm ver="2.3"><GO type="225" lobby="0"/><UN n0="%E9%80%86%E9%80%A3%E5%B8%AF%E3%81%AE%E9%AC%BC" n1="%E5%B8%86%E7%AB%8B%E5%A4%8F%E8%A1%A3" n2="%E3%82%8C%E3%81%99%E3%81%93" n3="%E9%B3%B3%E6%9D%B1%E3%81%AE%E3%81%BF%E3%81%91%E3%81%AB%E3%82%83%E3%82%93" dan="17,17,17,16" rate="2130.24,2182.01,2227.32,2102.34" sx="M,M,F,F"/><TAIKYOKU oya="0"/><INIT seed="0,0,0,0,4,129" ten="250,250,250,250" oya="0" hai0="113,55,58,80,8,109,20,61,31,82,25,125,23" hai1="108,30,4,126,52,3,97,103,67,16,24,132,88" hai2="49,119,6,12,32,99,29,74,94,45,100,71,17" hai3="84,112,111,81,114,134,33,83,105,116,59,28,69"/><T77/><D113/><U123/><E132/><V0/><F119/><W14/><G116/><T26/><D125/><U34/><E126/><V75/><F71/><W48/><G69/><T104/><D104/><U62/><E108/><V135/><F135/><W101/><G111/><T120/><D120/><U124/><E124/><V35/><F6/><W5/><G134/><T21/><D109/><U72/><E72/><V73/><F29/><W60/><G48/><T53/><D8/><U7/><E123/><V65/><F65/><W50/><G50/><T118/><D118/><U63/><E63/><V115/><F0/><W22/><G83/><T57/><D77/><U1/><E1/><V27/><F27/><W41/><G41/><T106/><D106/><U89/><E7/><V85/><F85/><W128/><G128/><T107/><D107/><U130/><E130/><V76/><F76/><W47/><G47/><T102/><D102/><U15/><E103/><V93/><F93/><W79/><G33/><T56/><D61/><U39/><E39/><V96/><F96/><N who="3" m="61607" /><G28/><T36/><D36/><U133/><E133/><V90/><F100/><W44/><G44/><T78/><D82/><U9/><E97/><V95/><F95/><W122/><G122/><T19/><REACH who="0" step="1"/><D20/><REACH who="0" ten="240,250,250,250" step="2"/><N who="1" m="11295" /><E67/><V91/><F115/><W110/><G110/><T2/><D2/><U37/><E37/><V131/><F131/><W70/><G114/><T87/><AGARI ba="0,1" hai="19,21,23,25,26,31,53,55,56,57,58,78,80,87" machi="87" ten="30,6000,0" yaku="1,1,0,1,8,1,53,0" doraHai="129" doraHaiUra="38" who="0" fromWho="0" sc="240,70,250,-20,250,-20,250,-20" /><INIT seed="0,1,0,2,1,98" ten="310,230,230,230" oya="0" hai0="116,131,91,64,49,3,24,92,35,13,61,135,4" hai1="34,126,114,101,30,106,37,1,36,22,54,129,75" hai2="73,80,38,110,79,29,9,134,5,43,7,94,32" hai3="100,50,132,0,53,119,10,47,31,14,89,18,21"/><T83/><D116/><U95/><E75/><V123/><F123/><W23/><G119/><T66/><D135/><U67/><E1/><V99/><F110/><W113/><G113/><T60/><D3/><U51/><E34/><V62/><F134/><W74/><G132/><T55/><D131/><U39/><E114/><V102/><F62/><W52/><G74/><T15/><D83/><U93/><E67/><V87/><F32/><W71/><G71/><T33/><D24/><U127/><E129/><V68/><F29/><W96/><G0/><T65/><D35/><U58/><E106/><V28/><F28/><W108/><G108/><T70/><D33/><U107/><E107/><V97/><F68/><W59/><G89/><T63/><D4/><U56/><E56/><V11/><F73/><W41/><G31/><T90/><D70/><U42/><E42/><V48/><F97/><W128/><G128/><T69/><D69/><U112/><E112/><V40/><F38/><W27/><G27/><T105/><D105/><U26/><REACH who="1" step="1"/><E101/><REACH who="1" ten="310,220,230,230" step="2"/><V45/><F43/><W85/><G41/><T118/><D118/><U19/><E19/><V20/><F20/><W103/><G103/><T88/><D92/><AGARI ba="1,1" hai="22,26,30,36,37,39,51,54,58,92,93,95,126,127" machi="92" ten="50,1600,0" yaku="1,1,53,0" doraHai="98" doraHaiUra="57" who="1" fromWho="0" sc="310,-19,220,29,230,0,230,0" /><INIT seed="1,0,0,1,1,131" ten="291,249,230,230" oya="1" hai0="120,134,54,109,106,74,27,72,123,17,26,7,100" hai1="6,31,43,61,112,89,133,108,10,81,38,80,50" hai2="3,103,97,90,41,60,52,28,84,128,76,119,35" hai3="39,121,34,102,58,62,88,79,92,135,0,64,95"/><U37/><E112/><V16/><F119/><W18/><G121/><T5/><D109/><U49/><E108/><V116/><F116/><W115/><G115/><T85/><D85/><U46/><E31/><V127/><F3/><W22/><G39/><T15/><D54/><U32/><E32/><V132/><F128/><W12/><G0/><T40/><D40/><U86/><E38/><V107/><F127/><W47/><G34/><T96/><D134/><U78/><E61/><V2/><F2/><W14/><G79/><T59/><D59/><U110/><E133/><V98/><F132/><W20/><G135/><T11/><D74/><U101/><E101/><V93/><F41/><W118/><G118/><T4/><REACH who="0" step="1"/><D72/><REACH who="0" ten="281,249,230,230" step="2"/><U48/><E110/><V87/><F87/><W8/><G47/><T56/><D56/><U117/><E117/><V124/><F84/><W91/><G58/><T122/><AGARI ba="0,1" hai="4,5,7,11,15,17,26,27,96,100,106,120,122,123" machi="122" ten="40,8000,1" yaku="1,1,0,1,13,1,53,1" doraHai="131" doraHaiUra="13" who="0" fromWho="0" sc="281,90,249,-40,230,-20,230,-20" /><INIT seed="2,0,0,3,5,61" ten="371,209,210,210" oya="2" hai0="32,73,34,99,135,41,85,89,38,122,107,13,104" hai1="45,27,47,16,132,21,50,125,77,121,78,33,37" hai2="19,94,95,129,111,86,133,49,101,57,97,68,48" hai3="70,28,9,5,8,30,53,131,74,43,42,82,110"/><V124/><F129/><W130/><G110/><T72/><D122/><U4/><E121/><V69/><F133/><W126/><G126/><T76/><D135/><U109/><E109/><V46/><F124/><W40/><G53/><T112/><D112/><U0/><E132/><V29/><F111/><W51/><G51/><T81/><D73/><U65/><E125/><V44/><F29/><N who="3" m="11371" /><G5/><T79/><D79/><U24/><E33/><V116/><F116/><W102/><G102/><T1/><D1/><U87/><E37/><V56/><F19/><W67/><G82/><T26/><D38/><U103/><E47/><V91/><F68/><W134/><G74/><T20/><D41/><U58/><E103/><V114/><F69/><W96/><G96/><T7/><D99/><U98/><E98/><V80/><F80/><W105/><G105/><T11/><D107/><U54/><E4/><V113/><F113/><W108/><G108/><T25/><D104/><U36/><E0/><V35/><F35/><W90/><G90/><T117/><D117/><U62/><E36/><V83/><F83/><W127/><G127/><T23/><D34/><U71/><E71/><V22/><F22/><N who="0" m="8234" /><D32/><U14/><E87/><V15/><F114/><W92/><G92/><T2/><D2/><U39/><E39/><V106/><F106/><W123/><G123/><T63/><D72/><U64/><E64/><V75/><F75/><W120/><G120/><T31/><D31/><U17/><E17/><V119/><F119/><W12/><G134/><T60/><D76/><AGARI ba="0,0" hai="14,16,21,24,27,45,50,54,58,62,65,76,77,78" machi="76" ten="40,5200,0" yaku="8,1,52,1,54,1" doraHai="61" who="1" fromWho="0" sc="371,-52,209,52,210,0,210,0" /><INIT seed="3,0,0,5,4,67" ten="319,261,210,210" oya="3" hai0="35,5,3,98,108,114,33,128,61,64,83,100,89" hai1="24,99,52,112,126,68,115,14,72,135,4,48,46" hai2="81,76,8,49,36,16,11,57,40,31,65,32,38" hai3="41,111,37,78,134,82,120,26,116,50,102,119,79"/><W10/><G120/><T56/><D114/><U85/><E72/><V125/><F125/><W34/><G37/><T107/><D128/><U70/><E126/><V101/><F101/><W15/><G102/><T53/><D108/><U22/><E135/><V133/><F133/><W91/><G134/><T6/><D53/><U110/><E110/><V80/><F32/><W17/><G111/><T95/><D83/><U104/><E104/><V23/><F31/><W30/><G91/><T73/><D73/><U13/><E99/><V74/><F81/><W124/><G124/><T123/><D123/><U2/><E2/><V27/><F65/><W7/><G17/><T77/><D77/><U54/><E85/><V47/><REACH who="2" step="1"/><F57/><REACH who="2" ten="319,261,200,210" step="2"/><W29/><G29/><T122/><D122/><U45/><E115/><V118/><F118/><W132/><G132/><T0/><D35/><U92/><E112/><V84/><F84/><N who="3" m="48215" /><G79/><T12/><D33/><U58/><E58/><V60/><F60/><W63/><G63/><T97/><D100/><U51/><E92/><V106/><F106/><W130/><G130/><T55/><D107/><U21/><E4/><V86/><F86/><W93/><G93/><T71/><D98/><U1/><E1/><V19/><F19/><W42/><G42/><T28/><D6/><U90/><E90/><V129/><F129/><W131/><G131/><T105/><D105/><U75/><E75/><V96/><F96/><W103/><G103/><T113/><D113/><U39/><E39/><AGARI ba="0,1" hai="8,11,16,23,27,36,38,39,40,47,49,74,76,80" machi="39" ten="40,5200,0" yaku="1,1,54,1,53,1" doraHai="67" doraHaiUra="43" who="2" fromWho="1" sc="319,0,261,-52,200,62,210,0" owari="319,41.9,209,-29.1,262,6.2,210,-19.0" /></mjloggm>