<mjloggm ver="2.3"><GO type="225" lobby="0"/><UN n0="%E3%81%BF%E3%81%BF%E3%81%9A" n1="%6C%61%6D%62" n2="%28%EF%BF%A3%E2%96%BD%EF%BF%A3%29%CE%B4%E2%8C%92%E3%83%BB" n3="%E6%B8%A9%E2%98%85%E6%83%85%E2%98%85%E6%8E%AA%E2%98%85%E7%BD%AE" dan="18,16,17,17" rate="2265.94,2212.94,2259.06,2157.11" sx="M,M,M,M"/><TAIKYOKU oya="0"/><INIT seed="0,0,0,5,1,63" ten="250,250,250,250" oya="0" hai0="90,6,74,7,81,97,93,4,51,1,9,75,135" hai1="66,59,102,73,22,55,37,110,67,83,107,96,11" hai2="86,38,8,123,41,117,95,128,112,42,91,40,17" hai3="71,39,27,49,133,130,72,48,45,33,60,58,32"/><T89/><D135/><U119/><E119/><V61/><F112/><W50/><G72/><T12/><D1/><U30/><E37/><V16/><F123/><W108/><G27/><T118/><D118/><U31/><E110/><V124/><F117/><W15/><G15/><T24/><D75/><U87/><E73/><V116/><F116/><W26/><G26/><T2/><D2/><U0/><E11/><V132/><F132/><W113/><G133/><T43/><D24/><U64/><E22/><V52/><F128/><W44/><G33/><T34/><D34/><U134/><E0/><V103/><F124/><W21/><G21/><T19/><D74/><U88/><REACH who="1" step="1"/><E134/><REACH who="1" ten="250,240,250,250" step="2"/><V98/><F38/><W14/><G39/><T80/><D89/><U125/><E125/><V114/><F8/><W122/><G108/><T29/><D29/><U78/><E78/><V25/><F114/><W79/><G32/><T84/><D84/><U13/><E13/><V99/><F25/><W10/><G79/><T54/><REACH who="0" step="1"/><D43/><REACH who="0" ten="240,240,250,250" step="2"/><U85/><E85/><V104/><REACH who="2" step="1"/><F86/><REACH who="2" ten="240,240,240,250" step="2"/><W121/><G113/><T77/><D77/><U5/><E5/><V105/><F105/><W23/><G122/><T47/><AGARI ba="0,3" hai="4,6,7,9,12,19,47,51,54,80,81,90,93,97" machi="47" ten="30,6000,0" yaku="1,1,0,1,8,1,53,0" doraHai="63" doraHaiUra="109" who="0" fromWho="0" sc="240,90,240,-20,240,-20,250,-20" /><INIT seed="0,1,0,0,2,0" ten="330,220,220,230" oya="0" hai0="87,1,8,111,129,112,46,74,23,132,71,116,22" hai1="18,104,80,97,42,4,63,103,78,14,68,86,24" hai2="28,90,121,101,53,65,120,40,88,84,107,92,39" hai3="29,54,55,99,98,119,131,85,11,108,82,114,52"/><T70/><D112/><U100/><E42/><V94/><F28/><W3/><G114/><T134/><D74/><U7/><E100/><V79/><F65/><W21/><G119/><T125/><D116/><U117/><E117/><V10/><F10/><W30/><G108/><T64/><D111/><U61/><E24/><V31/><F31/><N who="3" m="11787" /><G3/><T106/><D106/><U15/><E15/><V76/><F53/><N who="3" m="20587" /><G131/><T50/><D129/><U118/><E118/><V102/><F40/><W127/><G127/><T124/><D87/><U96/><E96/><N who="2" m="61863" /><F102/><W26/><N who="3" m="20595" /><W59/><DORA hai="9" /><G59/><T75/><D75/><U95/><E104/><V67/><F67/><W69/><G69/><N who="0" m="26123" /><D64/><U2/><E2/><V48/><F48/><W25/><G11/><T81/><D81/><U27/><E27/><N who="3" m="10250" /><G21/><N who="0" m="7691" /><D50/><U73/><E73/><V93/><F39/><W45/><G45/><T62/><D46/><U130/><E130/><V60/><F60/><N who="1" m="23113" /><E68/><V37/><F37/><W6/><G6/><N who="0" m="1103" /><D62/><U122/><E122/><N who="2" m="47211" /><F90/><AGARI ba="1,0" hai="82,85,90,98,99" m="10250,20595,11787" machi="90" ten="40,2600,0" yaku="8,1,54,1" doraHai="0,9" who="3" fromWho="2" sc="330,0,220,0,220,-29,230,29" /><INIT seed="1,0,0,2,2,16" ten="330,220,191,259" oya="1" hai0="70,107,125,31,128,114,49,8,123,116,66,121,13" hai1="75,60,50,34,94,89,46,133,2,35,135,45,15" hai2="90,132,5,17,106,129,124,32,12,42,87,58,7" hai3="52,57,26,130,24,30,11,78,65,81,38,39,108"/><U69/><E2/><V127/><F106/><W1/><G108/><T109/><D114/><U91/><E75/><V115/><F42/><W71/><G130/><T112/><D112/><U18/><E69/><V74/><F74/><W97/><G65/><T103/><D116/><U88/><E94/><V3/><F115/><W37/><G71/><T99/><D109/><U113/><E60/><V84/><F32/><W110/><G97/><T102/><D128/><U80/><E80/><V72/><F72/><W36/><G110/><T134/><D103/><U98/><E98/><V93/><F129/><W21/><G37/><T25/><D49/><U10/><E113/><V63/><F87/><W33/><G11/><T118/><D118/><U43/><REACH who="1" step="1"/><E46/><REACH who="1" ten="330,210,191,259" step="2"/><V64/><F3/><W61/><G1/><T41/><D99/><U20/><E20/><N who="2" m="11303" /><F132/><AGARI ba="0,1" hai="10,15,18,34,35,43,45,50,88,89,91,132,133,135" machi="132" ten="40,7700,0" yaku="1,1,20,1,54,1,53,0" doraHai="16" doraHaiUra="79" who="1" fromWho="2" sc="330,0,210,87,191,-77,259,0" /><INIT seed="1,1,0,4,2,58" ten="330,297,114,259" oya="1" hai0="81,51,122,106,13,115,71,100,96,134,17,119,41" hai1="37,38,118,40,131,72,97,24,70,27,11,10,44" hai2="80,130,76,125,30,116,56,123,53,102,35,92,16" hai3="79,105,104,63,15,99,19,98,33,73,55,50,75"/><U133/><E118/><V90/><F123/><W20/><G33/><T29/><D115/><U87/><E72/><V2/><F2/><W121/><G121/><T101/><D119/><U60/><E131/><V89/><F116/><W45/><G104/><T95/><D122/><U54/><E133/><V129/><F125/><W88/><G105/><T86/><D134/><U22/><E38/><V108/><F108/><W110/><G110/><T132/><D132/><U65/><E97/><V31/><F102/><W59/><G79/><N who="0" m="46399" /><D71/><U52/><E27/><V66/><F66/><W5/><G5/><T78/><D29/><U62/><E87/><V91/><F92/><W14/><G14/><T109/><D109/><U77/><E77/><V18/><F35/><W64/><REACH who="3" step="1"/><G88/><REACH who="3" ten="330,297,114,249" step="2"/><N who="2" m="22529" /><V48/><DORA hai="12" /><F130/><W36/><G36/><T83/><D106/><U46/><E37/><V3/><F129/><W85/><G85/><N who="0" m="48375" /><D95/><U21/><E24/><V42/><F3/><W32/><G32/><T7/><D7/><U47/><E40/><V4/><F4/><W57/><G57/><T117/><D117/><U26/><E26/><V39/><F39/><W111/><G111/><T120/><D120/><U69/><E47/><N who="2" m="25719" /><F76/><W1/><G1/><T107/><D107/><U28/><E46/><V9/><F80/><W113/><G113/><T8/><D96/><AGARI ba="1,1" hai="15,19,20,45,50,55,59,63,64,73,75,96,98,99" machi="96" ten="40,5200,0" yaku="1,1,52,2,53,0" doraHai="58,12" doraHaiUra="6,34" who="3" fromWho="0" sc="330,-55,297,0,114,0,249,65" /><INIT seed="2,0,0,2,0,87" ten="275,297,114,314" oya="2" hai0="79,106,29,123,70,107,55,94,45,135,72,13,62" hai1="3,9,54,132,19,133,131,21,128,100,96,0,122" hai2="37,14,129,73,17,85,105,22,51,52,108,7,102" hai3="127,89,39,110,4,58,76,118,64,60,5,98,126"/><V130/><F73/><W103/><G118/><T69/><D123/><U31/><E31/><V28/><F37/><W35/><G110/><T56/><D135/><N who="1" m="51787" /><E54/><V101/><F108/><W92/><G35/><T34/><D13/><N who="1" m="9455" /><E122/><V97/><F102/><W43/><G76/><T10/><D10/><U120/><E120/><V115/><F115/><W18/><G18/><T53/><D94/><N who="1" m="58391" /><E9/><V44/><F28/><W8/><G103/><T124/><D124/><N who="3" m="47657" /><G8/><T121/><D121/><U38/><E38/><V91/><REACH who="2" step="1"/><F7/><REACH who="2" ten="275,297,104,314" step="2"/><W49/><G39/><T32/><D29/><U78/><E78/><V12/><F12/><W80/><G4/><T114/><D114/><U30/><E30/><V6/><F6/><W46/><G5/><T26/><D32/><U27/><E27/><V61/><F61/><W47/><G60/><T117/><D34/><U63/><E63/><V50/><F50/><W113/><G49/><N who="0" m="28847" /><D26/><U81/><E3/><V86/><F86/><W65/><G113/><T83/><D117/><U36/><E0/><V16/><F16/><W109/><G109/><T125/><D125/><U84/><E36/><V41/><F41/><W42/><G42/><T119/><D119/><U88/><AGARI ba="0,1" hai="81,84,88,128,131" m="58391,9455,51787" machi="88" ten="30,4000,0" yaku="20,1,52,1,54,1" doraHai="87" who="1" fromWho="1" sc="275,-10,297,50,104,-20,314,-10" /><INIT seed="3,0,0,2,5,123" ten="265,347,84,304" oya="3" hai0="63,80,101,0,31,4,87,102,64,30,16,125,68" hai1="12,3,72,14,82,92,96,24,53,7,18,60,83" hai2="20,46,77,25,36,108,100,66,26,57,84,134,74" hai3="132,95,51,104,78,122,65,32,27,8,39,28,54"/><W29/><G122/><T48/><D125/><U50/><E3/><V128/><F74/><W75/><G104/><T124/><D124/><U59/><E72/><V73/><F73/><W107/><G107/><T56/><D0/><U52/><E24/><V127/><F127/><W70/><G39/><T2/><D2/><U98/><E7/><V115/><F115/><W97/><G28/><T129/><D4/><U86/><E92/><V35/><F35/><W79/><G75/><T37/><D37/><U47/><E82/><V118/><F118/><W55/><G132/><T111/><D111/><U130/><E130/><V34/><F34/><W93/><G8/><T133/><D133/><U135/><E135/><V1/><F1/><W15/><G15/><N who="1" m="5674" /><E18/><V62/><F36/><W106/><G55/><T10/><D129/><U13/><E13/><V76/><F108/><W19/><G19/><T121/><D121/><U22/><E22/><V85/><F128/><W6/><G6/><T109/><D109/><U88/><AGARI ba="0,0" hai="47,50,52,53,59,60,83,86,88,96,98" m="5674" machi="88" ten="30,4000,0" yaku="8,1,54,2" doraHai="123" who="1" fromWho="1" sc="265,-10,347,40,84,-10,304,-20" owari="255,-14.5,387,48.7,74,-42.6,284,8.4" /></mjloggm>