<mjloggm ver="2.3"><GO type="225" lobby="0"/><UN n0="%E7%99%BD%E9%9B%AA%E4%B9%83%E6%84%9B" n1="%E6%AB%BB%E4%BA%95%E5%A5%8F" n2="%E3%83%AC%E3%82%A4%E3%83%88%E3%83%B3%E5%87%86%E6%95%99%E6%8E%88" n3="%30%2E%31%32%30" dan="16,17,19,16" rate="2099.79,2214.31,2289.70,2124.90" sx="F,M,M,M"/><TAIKYOKU oya="0"/><INIT seed="0,0,0,2,0,19" ten="250,250,250,250" oya="0" hai0="66,27,118,18,1,56,46,2,117,90,62,36,99" hai1="78,112,9,115,48,130,116,12,97,25,59,131,70" hai2="53,38,33,6,75,72,68,82,16,98,13,22,89" hai3="65,5,105,57,85,7,45,133,49,129,76,95,110"/><T54/><D2/><U42/><E70/><V125/><F33/><W39/><G105/><T30/><D1/><U31/><E78/><V11/><F125/><W83/><G39/><T40/><D66/><U134/><E97/><V23/><F38/><W86/><G129/><N who="1" m="49162" /><E116/><V122/><F122/><W44/><G133/><T120/><D120/><U113/><E59/><V26/><F68/><W93/><G110/><T101/><D18/><N who="1" m="8463" /><E48/><V15/><F53/><N who="3" m="29863" /><G45/><T128/><D90/><U94/><E42/><V3/><F3/><W108/><G108/><T126/><D126/><U119/><E94/><N who="3" m="35850" /><G86/><T121/><D121/><U29/><E119/><V114/><F114/><W61/><AGARI ba="0,0" hai="5,7,57,61,65,76,83,85" m="35850,29863" machi="61" ten="30,1100,0" yaku="8,1" doraHai="19" who="3" fromWho="3" sc="250,-5,250,-3,250,-3,250,11" /><INIT seed="1,0,0,1,0,22" ten="245,247,247,261" oya="1" hai0="8,32,53,120,125,98,113,65,107,87,61,100,19" hai1="70,20,24,17,45,63,49,88,114,121,34,74,25" hai2="85,112,31,51,1,46,55,132,75,11,102,128,5" hai3="7,60,41,133,110,82,115,122,9,44,123,97,91"/><U16/><E74/><V95/><F75/><W13/><G115/><T89/><D113/><U66/><E114/><V0/><F112/><W21/><G110/><T80/><D125/><U111/><E121/><V81/><F128/><W105/><G133/><T83/><D120/><U69/><E111/><V71/><F132/><W109/><G109/><T103/><D32/><U30/><E88/><V59/><F71/><W62/><G122/><T4/><D100/><U92/><E92/><V38/><F31/><W129/><G129/><T12/><D53/><U47/><E70/><V23/><F23/><W118/><G118/><T54/><D54/><U135/><E135/><V119/><F119/><W124/><G124/><T108/><D108/><U131/><E131/><V28/><F28/><W94/><G105/><T90/><D4/><U35/><E35/><V50/><F38/><W93/><G93/><T37/><D37/><U76/><E76/><V77/><F95/><W127/><G127/><T101/><D101/><U52/><E17/><V130/><F130/><W64/><G64/><T86/><D61/><U56/><AGARI ba="0,0" hai="16,20,24,25,30,34,45,47,49,52,56,63,66,69" machi="56" ten="20,18000,2" yaku="0,1,7,1,52,2,54,2" doraHai="22" who="1" fromWho="1" sc="245,-60,247,180,247,-60,261,-60" /><INIT seed="1,1,0,0,2,44" ten="185,427,187,201" oya="1" hai0="129,103,26,77,29,84,58,25,43,3,65,36,13" hai1="32,33,2,92,38,76,80,27,116,74,111,86,100" hai2="34,42,19,23,10,63,114,0,46,57,73,50,119" hai3="130,95,107,89,102,61,124,28,49,99,108,113,45"/><U48/><E38/><V37/><F119/><W115/><G28/><T104/><D3/><U51/><E2/><V67/><F114/><W64/><G124/><T96/><D129/><U81/><E116/><V4/><F73/><W78/><G78/><T52/><D65/><U71/><E71/><V82/><F82/><W1/><G1/><T106/><D106/><U68/><E68/><V41/><F34/><W20/><G108/><T112/><D112/><U97/><E111/><V16/><F19/><W135/><G135/><T54/><D54/><U60/><E60/><V123/><F123/><W117/><G117/><T7/><D43/><U127/><E127/><V134/><F134/><W122/><G122/><T105/><D105/><U79/><REACH who="1" step="1"/><E33/><REACH who="1" ten="185,417,187,201" step="2"/><V15/><F37/><W132/><G132/><T53/><D36/><U94/><E94/><V70/><F70/><W22/><G130/><T125/><D125/><U62/><E62/><V120/><F120/><W126/><G126/><T128/><D128/><U118/><E118/><V30/><F30/><AGARI ba="1,1" hai="27,30,32,48,51,74,76,79,80,81,86,92,97,100" machi="30" ten="40,7700,0" yaku="1,1,52,2,53,0" doraHai="44" doraHaiUra="121" who="1" fromWho="2" sc="185,0,417,90,187,-80,201,0" /><INIT seed="1,2,0,3,4,44" ten="185,507,107,201" oya="1" hai0="77,101,127,91,7,71,34,4,53,16,90,113,126" hai1="116,92,67,64,49,2,119,13,121,89,117,134,42" hai2="98,81,66,88,39,133,45,135,68,107,128,122,56" hai3="38,83,26,37,33,75,43,70,19,131,87,5,46"/><U10/><E121/><V60/><F122/><W0/><G131/><T94/><D113/><U32/><E32/><V110/><F110/><W41/><G19/><T102/><D34/><U14/><E2/><V24/><F128/><W20/><G20/><T1/><D71/><U57/><E134/><V30/><F39/><N who="3" m="21823" /><G87/><T93/><D77/><U103/><E103/><N who="2" m="62967" /><F56/><W74/><G43/><T100/><D53/><U35/><E42/><V132/><F45/><W86/><G86/><T124/><D16/><U18/><E35/><N who="2" m="20935" /><F81/><W78/><G70/><T125/><D125/><U106/><E106/><V22/><F22/><W52/><G52/><T51/><D51/><U80/><E80/><V99/><F99/><W63/><G63/><T115/><D115/><U11/><E57/><V72/><F72/><W54/><G54/><T28/><D28/><U82/><E49/><V85/><F85/><W69/><G69/><T17/><D17/><U58/><E58/><V31/><F31/><N who="3" m="19703" /><G74/><T104/><D104/><U96/><E82/><V65/><F66/><W109/><G109/><T29/><D29/><U48/><REACH who="1" step="1"/><E48/><REACH who="1" ten="185,497,107,201" step="2"/><V79/><F79/><W47/><G47/><T105/><D105/><U62/><E62/><V112/><F112/><W36/><G38/><T130/><D130/><U97/><E97/><V3/><F3/><W111/><G111/><T84/><D1/><U76/><E76/><V118/><F118/><W73/><G73/><T40/><D40/><U23/><E23/><V59/><F59/><W114/><G114/><T27/><D126/><U129/><E129/><V50/><F50/><RYUUKYOKU ba="2,1" sc="185,-30,497,10,107,10,201,10" hai1="10,11,13,14,18,64,67,89,92,96,116,117,119" hai2="60,65,68,88,132,133,135" hai3="0,5,36,37,75,78,83" /><INIT seed="1,3,1,5,1,4" ten="155,507,117,211" oya="1" hai0="22,77,108,49,92,11,64,91,17,66,80,134,33" hai1="94,46,104,118,85,117,98,20,50,95,68,106,24" hai2="121,82,109,123,38,116,70,115,76,128,93,55,30" hai3="72,96,74,126,61,2,34,45,127,23,71,63,19"/><U54/><E68/><V13/><F38/><W37/><G34/><T44/><D33/><U58/><E85/><V135/><F70/><W29/><G29/><T25/><D108/><U52/><E106/><V56/><F109/><W8/><G96/><T87/><D134/><U1/><E104/><V48/><F135/><W10/><G2/><T86/><REACH who="0" step="1"/><D11/><REACH who="0" ten="145,507,117,211" step="2"/><N who="3" m="4137" /><G71/><T31/><D31/><U5/><E1/><V101/><F123/><W65/><G65/><T7/><D7/><U75/><E5/><V84/><F30/><W47/><G19/><T124/><D124/><N who="3" m="47657" /><G23/><T89/><D89/><U69/><E20/><V100/><F121/><W51/><G72/><T97/><D97/><U132/><E75/><V90/><F116/><W3/><G74/><T107/><D107/><U110/><E98/><V125/><F125/><W119/><G119/><T113/><D113/><U6/><E132/><V73/><F115/><W16/><G16/><T88/><D88/><U12/><E110/><V0/><F0/><W57/><G3/><T122/><D122/><U112/><E112/><V36/><F128/><W62/><G37/><T79/><D79/><U103/><E6/><V129/><F36/><W15/><G15/><T130/><D130/><U40/><E118/><V81/><F129/><W42/><G42/><AGARI ba="3,2" hai="17,22,25,42,44,49,64,66,77,80,86,87,91,92" machi="42" ten="30,7700,0" yaku="1,1,7,1,8,1,53,1" doraHai="4" doraHaiUra="18" who="0" fromWho="3" sc="145,106,507,0,117,0,211,-86" /><INIT seed="2,0,0,1,4,10" ten="251,507,117,125" oya="2" hai0="88,128,94,58,96,97,72,91,54,45,78,15,82" hai1="106,123,81,69,103,50,41,27,9,35,19,84,116" hai2="39,77,66,18,5,25,44,79,1,11,42,13,48" hai3="115,31,122,23,86,0,90,80,52,17,36,63,127"/><V43/><F25/><N who="3" m="16831" /><G36/><T109/><D109/><U108/><E69/><V107/><F107/><W73/><G0/><T4/><D128/><U30/><E116/><V92/><F66/><W126/><G122/><T74/><D45/><U105/><E108/><V125/><F125/><N who="3" m="47627" /><G73/><T68/><D68/><U53/><E41/><V2/><F2/><W65/><G17/><T51/><D74/><U34/><E34/><V47/><REACH who="2" step="1"/><F92/><REACH who="2" ten="251,507,107,125" step="2"/><W129/><G129/><T124/><D124/><U133/><E106/><V59/><F59/><N who="3" m="35303" /><G115/><T26/><D94/><U64/><E105/><V76/><F76/><W57/><G57/><T46/><D26/><U117/><E64/><AGARI ba="0,1" hai="64,65,80,86,90" m="35303,47627,16831" machi="64" ten="30,2000,0" yaku="18,1,54,1" doraHai="10" who="3" fromWho="1" sc="251,0,507,-20,107,0,125,30" /><INIT seed="3,0,0,4,3,119" ten="251,487,107,155" oya="3" hai0="118,58,128,19,84,80,21,130,48,102,122,4,131" hai1="51,83,11,113,77,86,44,63,108,90,93,123,103" hai2="42,37,33,40,61,57,96,104,60,26,133,72,114" hai3="12,135,35,132,74,112,64,32,134,69,10,23,6"/><W24/><G74/><T34/><D118/><U49/><E113/><V129/><F114/><W1/><G112/><T92/><D34/><N who="3" m="12841" /><G64/><T54/><D4/><U17/><E123/><V14/><F72/><W18/><G69/><T76/><D122/><U39/><E108/><V16/><F129/><W45/><G45/><T0/><D0/><AGARI ba="0,0" hai="0,1,6,10,12,18,23,24,132,134,135" m="12841" machi="0" ten="40,7700,0" yaku="20,1,34,2" doraHai="119" who="3" fromWho="0" sc="251,-77,487,0,107,0,155,77" /><INIT seed="3,1,0,4,1,8" ten="174,487,107,232" oya="3" hai0="13,78,44,50,58,64,15,6,70,128,82,134,39" hai1="63,135,32,47,31,86,10,41,22,98,17,122,105" hai2="126,53,101,2,7,25,16,114,59,92,110,103,116" hai3="46,83,106,121,94,77,123,68,74,20,1,35,45"/><W3/><G106/><T108/><D108/><U111/><E122/><V51/><F114/><W54/><G68/><T88/><D134/><U36/><E135/><V104/><F116/><W112/><G35/><T125/><D125/><U71/><E111/><V30/><F110/><W117/><G117/><T40/><D128/><U42/><E42/><V73/><F126/><W28/><G112/><T118/><D6/><U131/><E131/><V89/><F73/><W102/><G46/><T9/><D9/><U5/><E31/><V113/><F113/><W24/><G123/><T93/><D118/><U4/><E32/><V34/><F104/><W81/><G121/><T43/><D43/><U11/><E86/><V85/><F7/><W69/><G69/><T52/><D82/><U96/><E105/><V95/><F2/><W37/><G81/><T65/><D78/><U72/><E72/><V75/><F75/><W127/><G127/><T27/><D27/><U97/><E4/><V66/><F66/><W61/><G37/><T99/><D65/><U48/><E36/><V29/><F29/><W12/><G1/><T38/><D38/><U60/><E71/><V132/><F132/><W119/><G3/><T107/><D107/><U57/><E5/><V67/><F67/><W49/><G119/><T91/><D91/><U33/><E33/><V55/><F92/><W23/><G94/><T120/><D120/><U14/><E60/><AGARI ba="1,0" hai="13,15,39,40,44,50,52,58,60,64,70,88,93,99" machi="60" ten="40,12000,2" yaku="24,2,52,2,54,2" doraHai="8" who="0" fromWho="1" sc="174,123,487,-123,107,0,232,0" owari="297,9.7,364,46.4,107,-39.3,232,-16.8" /></mjloggm>