<mjloggm ver="2.3"><GO type="225" lobby="0"/><UN n0="%E8%81%B7%E6%A5%AD%E3%80%81%E9%A2%A8%32" n1="%73%69%72%6F%75%74" n2="%43%68%65" n3="%45%6C%79%73%69%75%6D" dan="16,16,16,17" rate="2097.45,2138.99,2156.47,2125.14" sx="M,M,M,F"/><TAIKYOKU oya="0"/><INIT seed="0,0,0,4,5,15" ten="250,250,250,250" oya="0" hai0="99,94,30,50,109,32,59,92,75,128,100,52,46" hai1="55,130,76,106,104,24,64,121,80,60,93,78,41" hai2="11,34,82,125,69,134,90,56,67,66,51,117,12" hai3="38,8,73,81,2,72,84,91,58,29,89,115,43"/><T122/><D122/><U68/><E130/><V118/><F34/><W83/><G115/><T71/><D71/><U95/><E121/><V18/><F69/><W17/><G29/><T79/><D128/><U120/><E120/><V105/><F105/><W6/><G58/><T61/><D109/><U57/><E76/><V62/><F134/><W25/><G38/><T4/><D4/><U48/><E41/><V96/><F125/><W10/><G43/><T87/><D75/><U7/><E7/><V74/><F66/><W36/><G36/><T63/><D32/><U47/><E68/><V129/><F129/><W77/><G73/><T131/><D131/><U0/><E0/><V26/><F26/><W70/><G70/><T45/><D30/><U14/><E14/><V22/><F22/><W116/><G116/><N who="2" m="44649" /><F51/><W111/><G111/><T13/><D13/><U135/><E135/><V88/><F96/><W124/><G124/><T28/><D28/><U133/><E133/><V101/><F101/><W98/><G98/><N who="0" m="59463" /><D61/><U3/><E3/><V112/><F112/><W113/><G113/><T132/><D63/><U42/><E104/><V35/><F35/><W108/><G108/><T102/><D132/><U53/><E106/><V123/><F123/><W65/><G25/><T31/><D31/><U107/><E24/><V27/><F27/><W19/><G2/><T49/><D50/><U44/><E107/><V127/><F127/><W21/><G6/><T23/><D23/><U86/><REACH who="1" step="1"/><E64/><REACH who="1" ten="250,240,250,250" step="2"/><V37/><F37/><AGARI ba="0,1" hai="37,42,44,47,48,53,55,57,60,78,80,86,93,95" machi="37" ten="30,3900,0" yaku="1,1,2,1,7,1,53,0" doraHai="15" doraHaiUra="16" who="1" fromWho="2" sc="250,0,240,49,250,-39,250,0" /><INIT seed="1,0,0,4,3,67" ten="250,289,211,250" oya="1" hai0="97,130,65,77,123,118,40,58,28,49,83,37,103" hai1="16,25,129,93,47,10,119,96,124,51,2,29,86" hai2="46,92,125,81,78,18,106,64,20,36,116,60,7" hai3="15,104,135,27,90,131,87,44,30,35,61,5,94"/><U115/><E119/><V127/><F116/><W120/><G120/><T98/><D123/><U132/><E115/><V23/><F106/><W117/><G117/><T79/><D130/><U0/><E129/><V19/><F7/><W57/><G104/><T48/><D37/><U88/><E124/><N who="2" m="47691" /><F92/><W71/><G131/><T74/><D118/><U114/><E132/><V17/><F46/><W63/><G135/><T89/><D28/><U99/><E114/><V59/><F36/><W4/><G44/><T100/><D40/><U110/><E110/><V14/><F23/><W11/><G4/><T72/><D89/><U80/><E2/><V34/><F34/><W43/><G43/><T54/><D65/><U42/><E93/><V70/><F59/><W24/><G24/><T126/><D126/><U62/><E62/><V73/><AGARI ba="0,0" hai="14,17,18,19,20,60,64,70,73,78,81" m="47691" machi="73" ten="30,2000,0" yaku="18,1,52,1" doraHai="67" who="2" fromWho="2" sc="250,-5,289,-10,211,20,250,-5" /><INIT seed="2,0,0,2,4,83" ten="245,279,231,245" oya="2" hai0="44,103,31,111,4,7,115,8,32,106,50,58,87" hai1="121,70,116,77,46,53,42,29,82,5,104,88,71" hai2="34,107,3,130,105,132,45,39,122,43,74,65,33" hai3="21,2,113,129,73,18,49,62,55,134,112,89,97"/><V20/><F122/><W9/><G73/><T24/><D115/><N who="3" m="44105" /><G129/><T19/><D111/><U59/><E104/><V54/><F130/><W125/><G134/><T1/><D7/><U109/><E109/><V30/><F132/><W80/><G62/><T36/><D36/><U10/><E29/><V78/><F20/><W124/><G9/><T93/><D58/><U26/><E26/><N who="2" m="18647" /><F54/><W17/><G2/><T28/><D106/><U61/><E116/><V76/><F76/><W0/><G0/><T66/><D66/><U96/><E121/><V135/><F135/><W48/><G48/><T86/><D31/><U95/><E10/><V12/><F65/><W90/><G17/><T127/><D127/><N who="3" m="48713" /><G97/><T108/><D108/><U81/><E5/><V72/><F3/><W64/><G80/><T40/><REACH who="0" step="1"/><D19/><REACH who="0" ten="235,279,231,245" step="2"/><U79/><E71/><V119/><F39/><W69/><G64/><T6/><D6/><U91/><E70/><V67/><F67/><W131/><G69/><T57/><D57/><U14/><E77/><V126/><F126/><W63/><G131/><T99/><AGARI ba="0,1" hai="1,4,8,24,28,32,40,44,50,86,87,93,99,103" machi="99" ten="30,7900,0" yaku="1,1,0,1,52,2,53,0" doraHai="83" doraHaiUra="100" who="0" fromWho="0" sc="235,89,279,-20,231,-39,245,-20" /><INIT seed="3,0,0,2,3,63" ten="324,259,192,225" oya="3" hai0="93,24,20,19,71,32,123,34,53,105,86,119,22" hai1="129,116,47,10,94,65,66,67,85,133,11,112,109" hai2="49,68,77,78,60,130,124,0,108,51,45,28,36" hai3="92,98,102,128,73,35,2,8,103,115,125,1,62"/><W31/><G115/><T106/><D71/><U83/><E112/><V41/><F0/><W12/><G73/><T44/><D119/><U111/><E116/><V96/><F108/><N who="1" m="41545" /><E133/><V13/><F124/><W48/><G125/><T59/><D123/><U88/><E129/><V131/><F28/><W57/><G48/><N who="2" m="18505" /><F13/><W100/><G128/><N who="2" m="49193" /><F96/><W120/><G120/><T4/><D4/><U84/><E47/><V69/><F78/><AGARI ba="0,0" hai="10,11,65,66,67,78,83,84,85,88,94" m="41545" machi="78" ten="30,8000,1" yaku="14,1,52,3,54,1" doraHai="63" who="1" fromWho="2" sc="324,0,259,80,192,-80,225,0" owari="324,12.4,339,43.9,112,-38.8,225,-17.5" /></mjloggm>