<mjloggm ver="2.3"><GO type="225" lobby="0"/><UN n0="%4C%4F%4C%49%54%41" n1="%EF%BC%B3%E3%81%9E%E3%81%88%E2%98%86" n2="%6B%69%72%61%64%6F%6B%69" n3="%E5%86%B7%E5%87%8D%E3%82%AE%E3%83%A7%E3%83%BC%E3%82%B6" dan="16,16,16,17" rate="2183.86,2092.72,2051.75,2203.03" sx="F,M,M,M"/><TAIKYOKU oya="0"/><INIT seed="0,0,0,0,0,97" ten="250,250,250,250" oya="0" hai0="10,9,46,15,57,118,3,37,20,27,43,32,100" hai1="132,79,67,91,63,26,60,58,92,24,44,117,82" hai2="86,133,124,2,81,13,70,77,25,64,59,98,48" hai3="62,116,128,68,7,8,50,111,34,74,78,131,130"/><T114/><D114/><U41/><E132/><V101/><F2/><W55/><G116/><T80/><D118/><U53/><E117/><V33/><F124/><W30/><G111/><T29/><D57/><U134/><E134/><V47/><F59/><W122/><G122/><T105/><D80/><U126/><E126/><V28/><F13/><W1/><G78/><T107/><D100/><U54/><E54/><V52/><F133/><W75/><G30/><T16/><REACH who="0" step="1"/><D10/><REACH who="0" ten="240,250,250,250" step="2"/><U0/><E82/><V72/><F70/><W22/><G68/><T35/><D35/><U71/><E58/><V83/><F64/><W129/><G34/><T36/><D36/><U19/><E67/><V11/><F11/><W89/><G130/><T45/><D45/><U120/><E44/><V103/><REACH who="2" step="1"/><F98/><REACH who="2" ten="240,250,240,250" step="2"/><W21/><G129/><T109/><D109/><U95/><E71/><V90/><AGARI ba="0,2" hai="25,28,33,47,48,52,72,77,81,83,86,90,101,103" machi="90" ten="20,12000,2" yaku="1,1,2,1,0,1,7,1,52,2,54,1,53,0" doraHai="97" doraHaiUra="123" who="2" fromWho="2" sc="240,-60,250,-30,240,140,250,-30" /><INIT seed="1,0,0,2,5,128" ten="180,220,380,220" oya="1" hai0="4,50,72,24,47,13,98,22,131,33,23,26,105" hai1="135,90,28,1,102,117,56,41,127,2,6,119,31" hai2="120,17,88,51,67,18,74,122,61,71,60,0,114" hai3="96,111,79,27,109,46,94,34,29,58,124,125,84"/><U52/><E102/><V92/><F74/><W113/><G113/><T8/><D72/><U123/><E123/><V42/><F0/><W81/><G58/><T82/><D131/><U53/><E41/><V116/><F116/><W5/><G46/><T14/><D82/><U68/><E68/><V20/><F114/><W87/><G87/><T38/><D38/><U112/><E112/><V55/><F61/><W91/><REACH who="3" step="1"/><G5/><REACH who="3" ten="180,220,380,210" step="2"/><T57/><D57/><U115/><E56/><V36/><F120/><W132/><G132/><T37/><D4/><U63/><E6/><V70/><F122/><W75/><G75/><T85/><D85/><U9/><E115/><V7/><F7/><W45/><G45/><T49/><D47/><U25/><E135/><V106/><F71/><W39/><G39/><T32/><D37/><U129/><E117/><V89/><F70/><W100/><G100/><T30/><D98/><U10/><E119/><V12/><F36/><W104/><G104/><T107/><REACH who="0" step="1"/><D8/><REACH who="0" ten="170,220,380,210" step="2"/><U66/><E10/><V103/><F106/><W133/><G133/><T134/><D134/><U59/><E9/><V16/><F103/><W48/><G48/><T121/><D121/><U54/><E59/><V64/><F51/><W93/><G93/><T130/><D130/><U86/><E129/><V44/><F92/><W43/><G43/><T35/><D35/><U19/><E86/><V21/><F42/><W80/><G80/><T110/><D110/><AGARI ba="0,2" hai="27,29,34,79,81,84,91,94,96,109,110,111,124,125" machi="110" ten="40,2600,0" yaku="1,1,14,1,53,0" doraHai="128" doraHaiUra="99" who="3" fromWho="0" sc="170,-26,220,0,380,0,210,46" /><INIT seed="2,0,0,3,5,11" ten="144,220,380,256" oya="2" hai0="97,53,12,27,58,91,68,101,23,35,102,103,45" hai1="86,135,90,42,104,75,106,98,81,67,65,133,134" hai2="129,87,21,41,118,89,69,43,96,4,88,28,70" hai3="38,10,5,95,0,49,16,66,131,22,39,94,13"/><V76/><F118/><W31/><G131/><T57/><D68/><U59/><E42/><V123/><F123/><W61/><G49/><T116/><D35/><U55/><E75/><V84/><F4/><W122/><G122/><T3/><D3/><U64/><REACH who="1" step="1"/><E98/><REACH who="1" ten="144,210,380,256" step="2"/><V20/><F41/><W14/><G0/><T126/><D116/><U26/><E26/><V71/><F43/><W105/><G105/><T36/><D36/><U99/><E99/><V29/><F96/><W100/><G38/><T85/><D126/><U2/><E2/><V80/><F129/><W15/><G39/><T73/><D73/><U77/><E77/><V25/><F87/><W8/><G100/><T79/><D45/><U56/><E56/><V24/><AGARI ba="0,1" hai="20,21,24,25,28,29,69,70,71,76,80,84,88,89" machi="24" ten="40,7800,0" yaku="0,1,9,1,54,1" doraHai="11" who="2" fromWho="2" sc="144,-26,210,-26,380,88,256,-26" /><INIT seed="2,1,0,1,2,101" ten="118,184,468,230" oya="2" hai0="60,67,34,32,111,107,72,17,100,93,58,94,97" hai1="126,53,11,23,127,49,105,113,129,28,46,1,103" hai2="122,44,130,68,51,24,123,119,33,131,26,10,91" hai3="86,62,133,102,15,92,50,25,16,13,70,36,37"/><V89/><F68/><W56/><G133/><T78/><D111/><U61/><E113/><V120/><F119/><W110/><G110/><T14/><D78/><U30/><E129/><V117/><F117/><W75/><G75/><T42/><D72/><U38/><E38/><V135/><F10/><W98/><G70/><T115/><D42/><U84/><E61/><V64/><F64/><W90/><G50/><T106/><D115/><U73/><E73/><V132/><F33/><W27/><G36/><T5/><D5/><N who="1" m="1455" /><E23/><V108/><F108/><W121/><G37/><T48/><D48/><U74/><E84/><V109/><F109/><W124/><G121/><T69/><D69/><U12/><E12/><V8/><F8/><W66/><G124/><N who="1" m="47658" /><E74/><V85/><F85/><W9/><REACH who="3" step="1"/><G13/><REACH who="3" ten="118,184,468,220" step="2"/><T45/><D45/><U99/><AGARI ba="1,1" hai="28,30,46,49,53,99,103,105" m="47658,1455" machi="99" ten="30,2000,0" yaku="18,1,52,1" doraHai="101" who="1" fromWho="1" sc="118,-6,184,33,468,-11,220,-6" /><INIT seed="3,0,0,1,4,127" ten="112,217,457,214" oya="3" hai0="19,116,75,101,118,6,117,93,61,125,105,3,73" hai1="51,55,90,69,98,50,67,124,91,108,54,86,34" hai2="128,89,4,112,7,65,79,13,29,56,53,113,87" hai3="104,28,99,31,115,18,78,33,37,88,82,121,60"/><W5/><G115/><T8/><D125/><U83/><E34/><V71/><F128/><W1/><G121/><T21/><D93/><U85/><E108/><V22/><F79/><W123/><G123/><T36/><D19/><U35/><E35/><V64/><F71/><W120/><G120/><T95/><D95/><U15/><E69/><V92/><F112/><W76/><G37/><T96/><D21/><U24/><E67/><V126/><F126/><W48/><G33/><T62/><D62/><U134/><E24/><V66/><F29/><W100/><G99/><T103/><D61/><U110/><E134/><V49/><F113/><W46/><G100/><T135/><D135/><U41/><E41/><V52/><F53/><N who="1" m="19977" /><E98/><V59/><F59/><W102/><G102/><T11/><D101/><U45/><E45/><V119/><F119/><W97/><G97/><T68/><D68/><U107/><E107/><V74/><F74/><W94/><G104/><T70/><D70/><U47/><E110/><V122/><F122/><W42/><G1/><T9/><D9/><U72/><E47/><V43/><F43/><W133/><G5/><T130/><D130/><U80/><E72/><V23/><F4/><W27/><G133/><T10/><D10/><AGARI ba="0,0" hai="7,10,13,22,23,49,52,56,64,65,66,87,89,92" machi="10" ten="40,2600,0" yaku="8,1,54,1" doraHai="127" who="2" fromWho="0" sc="112,-26,217,0,457,26,214,0" owari="86,-41.4,217,1.7,483,58.3,214,-18.6" /></mjloggm>