<mjloggm ver="2.3"><GO type="225" lobby="0"/><UN n0="%72%65%6E%6B%75%6E" n1="%E3%81%8B%E3%82%8F%E3%81%A1%E3%82%83%E3%82%93%35%38" n2="%E7%B4%94%E6%BD%94%E3%83%94%E3%83%A9%E3%83%8B%E3%82%A2" n3="%E3%81%BF%E3%81%BF%E3%81%9A" dan="17,16,17,17" rate="2201.52,2151.06,2209.45,2275.68" sx="M,M,M,M"/><TAIKYOKU oya="0"/><INIT seed="0,0,0,4,5,2" ten="250,250,250,250" oya="0" hai0="28,58,133,17,124,55,18,32,61,57,111,129,125" hai1="19,84,49,59,42,13,128,25,82,20,107,54,22" hai2="52,1,6,68,24,66,12,16,71,108,135,27,23" hai3="96,47,131,103,88,110,8,63,51,45,92,79,99"/><T35/><D111/><U31/><E128/><V30/><F108/><W121/><G110/><T67/><D129/><U33/><E107/><V69/><F135/><W90/><G131/><T4/><D133/><U34/><REACH who="1" step="1"/><E42/><REACH who="1" ten="250,240,250,250" step="2"/><V9/><F66/><W117/><G121/><T74/><D74/><U87/><E87/><V14/><REACH who="2" step="1"/><F52/><REACH who="2" ten="250,240,240,250" step="2"/><W126/><G117/><T21/><D55/><U62/><E62/><V81/><F81/><W41/><G63/><T39/><D61/><U36/><E36/><V64/><F64/><W56/><G51/><T53/><D53/><U3/><E3/><V98/><F98/><W80/><G99/><T10/><D67/><U76/><AGARI ba="0,2" hai="13,19,20,22,25,31,33,34,49,54,59,76,82,84" machi="76" ten="20,5200,0" yaku="1,1,0,1,7,1,53,1" doraHai="2" doraHaiUra="44" who="1" fromWho="1" sc="250,-26,240,72,240,-13,250,-13" /><INIT seed="1,0,0,0,2,39" ten="224,312,227,237" oya="1" hai0="101,110,117,63,58,85,103,119,15,121,49,21,17" hai1="67,40,126,10,9,6,34,56,57,60,30,88,78" hai2="5,120,33,96,11,19,16,130,118,4,131,64,23" hai3="97,87,47,134,20,77,108,76,74,44,81,36,1"/><U125/><E78/><V68/><F68/><W83/><G108/><T66/><D110/><U8/><E6/><N who="2" m="2667" /><F64/><W75/><G134/><T38/><D38/><U70/><E40/><V112/><F96/><W92/><G1/><T3/><D3/><U29/><E34/><V82/><F82/><W50/><G87/><T111/><D111/><U52/><E70/><V100/><F100/><W127/><G127/><N who="1" m="48650" /><E88/><V86/><F86/><W43/><G20/><T84/><D85/><U2/><E2/><V55/><F55/><W69/><G69/><T25/><D84/><U22/><E22/><V46/><F46/><W124/><G124/><T98/><D103/><U18/><E18/><V102/><F102/><W109/><G109/><T41/><D101/><U94/><E94/><V91/><F91/><W106/><G106/><T65/><D98/><U32/><E32/><V95/><F95/><W105/><G105/><T80/><D80/><U116/><E116/><V123/><F118/><W7/><G7/><T54/><D117/><U42/><E42/><V71/><F71/><W13/><G92/><T104/><D104/><U28/><E8/><V79/><F79/><W24/><G97/><T48/><D119/><U114/><E114/><V59/><F33/><W26/><G13/><T62/><D15/><U135/><E135/><V45/><F11/><W122/><G122/><N who="2" m="46633" /><F112/><W72/><G75/><T53/><D121/><U31/><N who="1" m="7168" /><DORA hai="90" /><U107/><E107/><V12/><F19/><W61/><G61/><AGARI ba="0,0" hai="9,10,52,56,57,60,61,67" m="7168,48650" machi="61" ten="50,4800,0" yaku="18,1,54,1" doraHai="39,90" who="1" fromWho="3" sc="224,0,312,48,227,0,237,-48" /><INIT seed="1,1,0,1,3,69" ten="224,360,227,189" oya="1" hai0="126,29,49,101,75,119,127,27,135,123,95,33,6" hai1="11,110,122,70,12,16,42,92,53,83,84,86,20" hai2="2,34,97,0,60,65,129,26,125,77,9,45,18" hai3="104,105,64,31,32,93,23,55,116,1,56,99,15"/><U91/><E122/><V90/><F129/><W130/><G1/><T28/><D75/><U80/><E70/><V40/><F125/><W114/><G130/><T41/><D119/><U54/><E110/><V62/><F77/><W117/><G114/><T68/><D68/><U35/><E35/><V76/><F76/><W108/><G108/><T94/><D123/><U98/><E42/><V36/><F60/><W46/><G32/><T51/><D6/><U102/><REACH who="1" step="1"/><E11/><REACH who="1" ten="224,350,227,189" step="2"/><V121/><F121/><W113/><G116/><T128/><D41/><U21/><E21/><V134/><F9/><W59/><G117/><T57/><D33/><U82/><E82/><V112/><F34/><W37/><G23/><T78/><D128/><U96/><E96/><V47/><F97/><W43/><G99/><T17/><D126/><U133/><E133/><V63/><F134/><W118/><G118/><T74/><D127/><U10/><E10/><V73/><F40/><W30/><G43/><T88/><D135/><U109/><E109/><V19/><F112/><W50/><G113/><T5/><D74/><U100/><E100/><V111/><F73/><W44/><G105/><T38/><D101/><U22/><E22/><V7/><F111/><W81/><G104/><T48/><D94/><U131/><E131/><V79/><F0/><W106/><G93/><T25/><D95/><U103/><E103/><V4/><F2/><W61/><G106/><T71/><D71/><U13/><E13/><V85/><F85/><W3/><G81/><T8/><D8/><U14/><E14/><V107/><F107/><RYUUKYOKU ba="1,1" sc="224,-10,350,30,227,-10,189,-10" hai1="12,16,20,53,54,80,83,84,86,91,92,98,102" /><INIT seed="1,2,1,3,3,18" ten="214,380,217,179" oya="1" hai0="58,68,48,132,103,64,17,13,106,73,11,72,84" hai1="114,22,135,123,49,40,99,69,88,107,63,93,36" hai2="9,26,57,29,134,8,127,28,71,27,53,100,126" hai3="12,66,20,16,31,7,56,60,87,1,38,65,117"/><U51/><E114/><V131/><F71/><W59/><G38/><T118/><D118/><U94/><E107/><V120/><F100/><W133/><G133/><T30/><D132/><U80/><E123/><V19/><F120/><W101/><G117/><T116/><D116/><U85/><E135/><V82/><F82/><W55/><G101/><T42/><D30/><N who="2" m="11882" /><F134/><W104/><G104/><T70/><D84/><U41/><E36/><V125/><F131/><W61/><G31/><T23/><D42/><N who="1" m="16491" /><E69/><V90/><F90/><W81/><G7/><T44/><D11/><N who="2" m="4170" /><F19/><W4/><G4/><T79/><D17/><U33/><E33/><V121/><F121/><W83/><G1/><T14/><D72/><U115/><E115/><V54/><F57/><W78/><G83/><T15/><D58/><U95/><E63/><V21/><F21/><W47/><G47/><T2/><D23/><U77/><E22/><V102/><F102/><W24/><G55/><AGARI ba="2,1" hai="26,27,53,54,55,125,126,127" m="4170,11882" machi="55" ten="40,5200,0" yaku="28,2,18,1" doraHai="18" who="2" fromWho="3" sc="214,0,380,0,217,68,179,-58" /><INIT seed="2,0,0,4,1,10" ten="214,380,285,121" oya="2" hai0="82,58,106,2,95,54,116,62,74,28,96,75,123" hai1="83,98,105,16,111,85,26,22,109,110,64,20,38" hai2="115,1,99,134,27,8,93,13,42,117,41,48,107" hai3="45,90,7,59,125,34,12,15,40,32,76,70,19"/><V50/><F115/><W119/><G119/><T69/><D123/><U112/><E112/><V18/><F117/><W35/><G70/><T71/><D116/><U4/><E38/><V55/><F1/><W37/><G125/><T80/><D2/><U97/><E105/><V89/><F134/><W113/><G113/><T133/><D106/><U65/><E4/><V21/><F107/><W81/><G90/><T29/><D133/><U46/><E46/><V86/><F99/><N who="1" m="37897" /><E22/><V11/><F11/><W118/><G118/><T31/><D82/><U30/><E30/><V120/><F120/><W102/><G102/><T33/><D33/><U39/><E39/><V122/><F122/><W84/><G7/><T88/><REACH who="0" step="1"/><D80/><REACH who="0" ten="204,380,285,121" step="2"/><U3/><E3/><V24/><F24/><W135/><G135/><T127/><D127/><U132/><E132/><V131/><F131/><W66/><REACH who="3" step="1"/><G19/><REACH who="3" ten="204,380,285,111" step="2"/><T43/><D43/><U17/><E17/><V14/><F42/><W6/><G6/><T121/><D121/><U44/><E110/><V51/><F41/><W94/><G94/><T87/><D87/><U130/><E111/><V126/><F126/><W104/><G104/><T128/><D128/><U73/><E130/><V61/><F8/><W79/><G79/><T0/><D0/><U103/><E109/><V9/><F9/><W78/><G78/><T114/><D114/><U23/><E16/><V108/><F108/><W101/><G101/><T52/><D52/><U67/><E83/><V100/><F100/><W92/><G92/><T77/><D77/><U57/><E103/><V25/><F25/><RYUUKYOKU ba="0,2" sc="204,10,380,-30,285,10,111,10" hai0="28,29,31,54,58,62,69,71,74,75,88,95,96" hai2="13,14,18,21,27,48,50,51,55,61,86,89,93" hai3="12,15,32,34,35,37,40,45,59,66,76,81,84" /><INIT seed="2,1,2,5,1,55" ten="214,350,295,121" oya="2" hai0="14,77,19,37,104,116,11,52,111,13,90,128,56" hai1="51,119,30,53,23,46,58,61,33,82,87,93,72" hai2="78,18,43,112,29,130,1,12,0,108,34,91,133" hai3="110,85,31,62,54,120,64,76,118,75,6,68,25"/><V7/><F112/><W8/><G118/><T98/><D37/><U60/><E33/><V15/><F78/><W121/><G110/><T100/><D111/><U22/><E119/><V115/><F115/><W66/><G66/><T45/><D116/><U122/><E72/><V97/><F43/><W80/><G85/><T17/><D128/><U27/><E122/><V40/><F40/><W20/><REACH who="3" step="1"/><G54/><REACH who="3" ten="214,350,295,111" step="2"/><T113/><D113/><U129/><E129/><V134/><F108/><W10/><G10/><T59/><D77/><U32/><E87/><V123/><F130/><W79/><G79/><T135/><D135/><N who="2" m="51722" /><F123/><W4/><G4/><T44/><D90/><U21/><E82/><V99/><F91/><W9/><G9/><T105/><D52/><U48/><E53/><V86/><F86/><W67/><G67/><T26/><D11/><U73/><E60/><V16/><F7/><W127/><G127/><T101/><REACH who="0" step="1"/><D26/><REACH who="0" ten="204,350,295,111" step="2"/><U103/><E27/><N who="2" m="18751" /><F97/><AGARI ba="1,4" hai="13,14,17,19,44,45,56,59,97,98,100,101,104,105" machi="97" ten="25,8000,1" yaku="1,1,22,2,52,2,53,0" doraHai="55" doraHaiUra="5" who="0" fromWho="2" sc="204,123,350,0,295,-83,111,0" /><INIT seed="3,0,0,3,0,94" ten="327,350,212,111" oya="3" hai0="30,114,111,2,6,110,77,119,62,39,51,47,14" hai1="50,23,11,93,29,24,27,82,133,87,102,10,25" hai2="16,118,54,5,124,22,38,66,41,100,4,0,52" hai3="55,17,85,135,97,34,53,56,81,26,7,121,8"/><W67/><G121/><T127/><D30/><U103/><E133/><V21/><F118/><W123/><G123/><T131/><D119/><U12/><E50/><V115/><F115/><W68/><G135/><T79/><D39/><U58/><E58/><V49/><F124/><W71/><G34/><T72/><D2/><U46/><E46/><V105/><F0/><W32/><G32/><T43/><D127/><U78/><E10/><V9/><F66/><W75/><G75/><T64/><D114/><U130/><E130/><V134/><F134/><W104/><G67/><T13/><D131/><U95/><E95/><V60/><F38/><W45/><G104/><T74/><D74/><U128/><E128/><V70/><F70/><W107/><G107/><T40/><D40/><U63/><E63/><V90/><F100/><N who="1" m="38441" /><E93/><V28/><F105/><W3/><G97/><T42/><D42/><U83/><E83/><V106/><F106/><W80/><G45/><T44/><D44/><U112/><E112/><V31/><F90/><W109/><G109/><T120/><D120/><U15/><E15/><V129/><F129/><W76/><G80/><T99/><D99/><U117/><E117/><V18/><F41/><W65/><G65/><T73/><D73/><U20/><E29/><V101/><F101/><W89/><G89/><T19/><D72/><U36/><E36/><V61/><F9/><W84/><G84/><T92/><D92/><U86/><E86/><V69/><F69/><N who="3" m="26699" /><G56/><N who="0" m="36935" /><D13/><U91/><E91/><V132/><F132/><W126/><G126/><T1/><D110/><U122/><E122/><RYUUKYOKU ba="0,0" sc="327,-30,350,10,212,10,111,10" hai1="11,12,20,23,24,25,27,78,82,87" hai2="4,5,16,18,21,22,28,31,49,52,54,60,61" hai3="3,7,8,17,26,53,55,76,81,85" /><INIT seed="3,1,0,3,2,103" ten="297,360,222,121" oya="3" hai0="53,99,34,91,83,23,127,85,133,94,107,5,82" hai1="100,93,65,75,117,15,69,128,66,62,121,126,0" hai2="4,101,105,134,124,40,52,104,28,88,9,95,122" hai3="57,109,80,73,16,78,12,113,64,39,58,125,25"/><W111/><G113/><T81/><D34/><U120/><E0/><V50/><F101/><W19/><G39/><T1/><D1/><U21/><E75/><V8/><F40/><W97/><G125/><T92/><D5/><U119/><E126/><V130/><F124/><W26/><G97/><T79/><D127/><U2/><E2/><V71/><F71/><W112/><G112/><T90/><D133/><U84/><E128/><V110/><F130/><W22/><G25/><T87/><D23/><U10/><E21/><V54/><F134/><W89/><G89/><N who="0" m="53311" /><D53/><U63/><E84/><V123/><F28/><W72/><G72/><N who="0" m="43239" /><D107/><N who="2" m="41034" /><F110/><N who="3" m="41995" /><G64/><T86/><D86/><U27/><E66/><V68/><F68/><W132/><G132/><T76/><D82/><U98/><E27/><V131/><F131/><W108/><N who="3" m="42003" /><W17/><DORA hai="102" /><G12/><T51/><D51/><U116/><E63/><V48/><F50/><W38/><G38/><T24/><D24/><U3/><E3/><N who="2" m="31" /><F48/><W37/><G37/><T96/><D96/><U30/><E30/><AGARI ba="1,0" hai="16,17,19,22,26,30,57,58,73,78,80" m="42003" machi="30" ten="40,7700,0" yaku="14,1,10,1,54,1" doraHai="103,102" who="3" fromWho="1" sc="297,0,360,-80,222,0,121,80" /><INIT seed="3,2,0,1,0,28" ten="297,280,222,201" oya="3" hai0="109,127,114,11,69,130,49,59,66,0,52,93,32" hai1="96,63,73,75,53,41,64,86,134,121,14,120,6" hai2="23,112,100,33,129,45,17,58,126,119,36,104,95" hai3="123,107,115,12,83,2,132,21,98,55,20,30,80"/><W65/><G115/><T22/><D32/><U56/><E41/><V108/><F33/><W106/><G2/><T4/><D114/><U135/><E96/><V7/><F104/><W113/><G65/><T27/><D109/><U87/><E6/><V5/><F119/><W34/><G113/><T74/><D74/><N who="1" m="28171" /><E14/><V105/><F105/><W48/><G123/><N who="1" m="47178" /><E64/><V67/><F126/><W47/><G132/><AGARI ba="2,0" hai="53,56,63,86,87,132,134,135" m="47178,28171" machi="132" ten="40,1300,0" yaku="20,1" doraHai="28" who="1" fromWho="3" sc="297,0,280,19,222,0,201,-19" /><INIT seed="4,0,0,2,2,73" ten="297,299,222,182" oya="0" hai0="104,86,84,110,24,19,49,113,121,63,109,1,2" hai1="47,56,50,108,48,23,78,82,67,129,62,59,124" hai2="77,128,13,123,98,92,12,79,37,28,11,89,60" hai3="76,35,9,20,71,118,88,46,106,132,125,3,6"/><T54/><D104/><U4/><E108/><N who="0" m="41577" /><D113/><U34/><E34/><V87/><F37/><W93/><G118/><T43/><D121/><U14/><E124/><V83/><F123/><W7/><G106/><T102/><D102/><U68/><E129/><V66/><F128/><W133/><G71/><T69/><D43/><U44/><E68/><V10/><F28/><W8/><G35/><T126/><D126/><U38/><E38/><V65/><F60/><W75/><G125/><T70/><D19/><N who="1" m="10743" /><E4/><N who="2" m="3143" /><F79/><W52/><G20/><T16/><D69/><U95/><E95/><V41/><F41/><W27/><G27/><T29/><D16/><AGARI ba="0,0" hai="11,13,16,65,66,77,83,87,89,92,98" m="3143" machi="16" ten="30,3900,0" yaku="8,1,52,1,54,1" doraHai="73" who="2" fromWho="0" sc="297,-39,299,0,222,39,182,0" /><INIT seed="5,0,0,4,2,49" ten="258,299,261,182" oya="1" hai0="21,18,72,84,63,128,14,10,122,40,105,97,88" hai1="133,67,16,115,3,99,4,103,69,35,87,79,30" hai2="74,47,130,8,111,46,48,44,96,78,116,15,2" hai3="90,17,39,43,42,120,86,28,58,62,129,22,102"/><U91/><E79/><V33/><F111/><W38/><G120/><T60/><D72/><U92/><E3/><V13/><F116/><W95/><G129/><T23/><D128/><U118/><E4/><V73/><F33/><W104/><G28/><T125/><D125/><U127/><E118/><V37/><F130/><W71/><G71/><T52/><D40/><U82/><E16/><V5/><F37/><W45/><G104/><T29/><D122/><U54/><E54/><V51/><F96/><W123/><G102/><T94/><D29/><U61/><E127/><V19/><F2/><W126/><G126/><T31/><D105/><N who="1" m="63743" /><E115/><V108/><F108/><W24/><G123/><T113/><D113/><U20/><E20/><N who="0" m="7753" /><D31/><U135/><E82/><V134/><F74/><W83/><G83/><N who="0" m="49183" /><D52/><U76/><E76/><V66/><F78/><W85/><G42/><T80/><D80/><U59/><E59/><V75/><F73/><W25/><G39/><T70/><D70/><U34/><E34/><V1/><F75/><W64/><REACH who="3" step="1"/><G85/><REACH who="3" ten="258,299,261,172" step="2"/><T121/><D121/><U132/><E30/><V110/><F110/><W101/><G101/><AGARI ba="0,1" hai="10,14,18,60,63,94,97,101" m="49183,7753" machi="101" ten="30,2000,0" yaku="8,1,54,1" doraHai="49" who="0" fromWho="3" sc="258,30,299,0,261,0,172,-20" /><INIT seed="6,0,0,0,5,44" ten="288,299,261,152" oya="2" hai0="63,69,102,6,21,56,29,30,97,80,25,2,73" hai1="83,103,12,134,130,49,7,96,121,133,110,107,35" hai2="116,19,55,66,42,123,131,14,64,101,127,22,16" hai3="87,43,115,33,78,26,28,88,112,36,76,71,84"/><V122/><F116/><W9/><G71/><T90/><D69/><U20/><E35/><V3/><F3/><W4/><G36/><T54/><D2/><U113/><E110/><V68/><F42/><W51/><G87/><N who="0" m="50535" /><D73/><U59/><E113/><N who="3" m="43594" /><G43/><T40/><D40/><U37/><E37/><V50/><F127/><W111/><G111/><T108/><D108/><U85/><E130/><V82/><F131/><W74/><G74/><T94/><D6/><U60/><E49/><V32/><F32/><W77/><G51/><N who="0" m="30815" /><D30/><U81/><E121/><V5/><F5/><W117/><G117/><T100/><D63/><U119/><E119/><V70/><F68/><W72/><G72/><T27/><D25/><U125/><E125/><V45/><F70/><W95/><G76/><T48/><D48/><U0/><E0/><AGARI ba="0,0" hai="0,4,9,26,28,33,77,78,84,88,95" m="43594" machi="0" ten="30,3900,0" yaku="15,1,11,1,54,1" doraHai="44" who="3" fromWho="1" sc="288,0,299,-39,261,0,152,39" /><INIT seed="7,0,0,3,4,82" ten="288,260,261,191" oya="3" hai0="16,81,54,110,59,105,8,116,14,83,96,130,79" hai1="17,52,108,33,66,90,131,44,38,84,5,43,134" hai2="119,15,112,118,28,103,80,106,13,99,11,31,77" hai3="68,26,128,89,86,2,4,114,1,67,7,63,35"/><W104/><G114/><T98/><D110/><U10/><E108/><V19/><F112/><W71/><G128/><T60/><D116/><U50/><E33/><V12/><F12/><W23/><G104/><T87/><D130/><U133/><E131/><V69/><F69/><W101/><G101/><T115/><D115/><U100/><E66/><V120/><F120/><W27/><G71/><T30/><D105/><U64/><E64/><V92/><F106/><W126/><G126/><T95/><D30/><U58/><E17/><V93/><F93/><W57/><G68/><T121/><D121/><U32/><E32/><V47/><F119/><W18/><G35/><T55/><D95/><U75/><E75/><V29/><F118/><W51/><G51/><T0/><D0/><U72/><E72/><V109/><F109/><W113/><G113/><T42/><D42/><U97/><E97/><N who="0" m="37481" /><D81/><N who="1" m="49423" /><E100/><V107/><F107/><W41/><G41/><T22/><D55/><U117/><E117/><V25/><F13/><W94/><REACH who="3" step="1"/><G27/><REACH who="3" ten="288,260,261,181" step="2"/><T53/><D53/><U61/><E50/><V34/><F47/><W40/><G40/><T135/><D135/><U3/><E43/><V85/><AGARI ba="0,1" hai="11,15,19,25,28,29,31,34,77,80,85,92,99,103" machi="85" ten="20,2700,0" yaku="0,1,7,1,52,1" doraHai="82" who="2" fromWho="2" sc="288,-7,260,-7,261,37,181,-13" owari="281,8.1,253,-14.7,298,39.8,168,-33.2" /></mjloggm>