<mjloggm ver="2.3"><GO type="225" lobby="0"/><UN n0="%E3%81%B2%E3%81%AA%E3%81%AE%E3%82%8A%E3%81%8F" n1="%E3%83%AB%E3%83%9B%E3%83%B3%E3%83%87%E3%82%A3%E3%82%A8" n2="%E3%81%A1%E3%82%85%E3%81%86%E3%81%A9%E3%81%8F%E8%B1%A1%E3%81%95%E3%82%93" n3="%73%69%72%6F%75%74" dan="16,17,16,16" rate="2178.42,2195.47,2141.40,2047.30" sx="M,M,M,M"/><TAIKYOKU oya="0"/><INIT seed="0,0,0,2,0,51" ten="250,250,250,250" oya="0" hai0="13,24,29,100,12,121,68,17,10,90,27,37,42" hai1="45,94,46,44,22,15,48,103,75,135,127,69,102" hai2="32,78,63,67,107,110,30,57,28,52,123,35,82" hai3="88,8,130,97,128,23,43,95,119,96,111,104,50"/><T1/><D68/><U106/><E75/><V49/><F123/><W114/><G8/><T26/><D100/><U2/><E2/><V98/><F110/><W132/><G114/><T21/><D37/><U108/><E69/><V58/><F107/><W66/><G66/><T134/><D42/><U19/><E108/><V105/><F105/><W54/><G111/><T91/><D121/><U55/><E127/><V112/><F112/><W0/><G0/><T131/><D1/><U18/><E135/><V34/><REACH who="2" step="1"/><F98/><REACH who="2" ten="250,250,240,250" step="2"/><W126/><G104/><T92/><D134/><U41/><E106/><V56/><F56/><N who="3" m="32855" /><G132/><T62/><D131/><U11/><E94/><V74/><AGARI ba="0,1" hai="28,30,32,34,35,49,52,57,58,63,67,74,78,82" machi="74" ten="30,7900,0" yaku="1,1,0,1,52,1,54,1,53,0" doraHai="51" doraHaiUra="80" who="2" fromWho="2" sc="250,-39,250,-20,240,89,250,-20" /><INIT seed="1,0,0,4,0,93" ten="211,230,329,230" oya="1" hai0="120,60,43,16,121,6,48,74,122,17,127,132,130" hai1="126,133,15,46,124,19,34,22,42,10,125,56,30" hai2="11,50,21,65,110,105,29,119,53,7,111,40,116" hai3="131,39,12,82,73,69,88,75,91,123,13,61,81"/><U62/><E133/><V23/><F105/><W0/><G0/><T118/><D74/><U95/><E34/><V47/><F65/><W83/><G39/><T67/><D118/><N who="2" m="45098" /><F40/><W37/><G37/><T115/><D115/><U94/><E30/><V86/><F86/><W54/><G123/><T59/><D132/><U76/><E76/><V28/><F29/><W135/><G135/><T45/><D130/><U58/><E22/><V117/><F28/><W96/><G131/><T77/><D77/><U99/><E62/><V4/><F117/><W97/><G75/><T70/><D127/><U89/><REACH who="1" step="1"/><E94/><REACH who="1" ten="211,220,329,230" step="2"/><V55/><F21/><W78/><G78/><T84/><D6/><U90/><E90/><V128/><F23/><W104/><G104/><T26/><D26/><U66/><E66/><V27/><F128/><W31/><G31/><T87/><REACH who="0" step="1"/><D70/><REACH who="0" ten="201,220,329,230" step="2"/><U44/><E44/><V103/><F47/><W108/><G69/><T92/><D92/><U134/><E134/><V113/><F113/><W102/><G82/><T80/><D80/><U98/><E98/><V106/><F106/><W41/><G97/><T68/><D68/><U36/><AGARI ba="0,2" hai="10,15,19,36,42,46,56,58,89,95,99,124,125,126" machi="36" ten="30,11700,0" yaku="1,1,0,1,18,1,52,1,53,0" doraHai="93" doraHaiUra="32" who="1" fromWho="1" sc="201,-39,220,137,329,-39,230,-39" /><INIT seed="1,1,0,3,2,89" ten="162,357,290,191" oya="1" hai0="28,14,70,0,32,68,83,66,108,116,112,63,118" hai1="59,122,93,30,75,50,26,82,124,35,61,57,44" hai2="132,92,114,77,90,45,131,36,94,58,78,123,60" hai3="120,85,102,115,72,9,1,98,100,105,79,4,125"/><U111/><E122/><V29/><F123/><W117/><G120/><T6/><D112/><U46/><E124/><V69/><F69/><W54/><G115/><T88/><D108/><U119/><E119/><V65/><F114/><W31/><G54/><T18/><D70/><U91/><E75/><V27/><F131/><W84/><G125/><T104/><D104/><U134/><E82/><V25/><F132/><W109/><G109/><T126/><D126/><U95/><E111/><V129/><F129/><W5/><G31/><T38/><D38/><U107/><E107/><V23/><F27/><W135/><G135/><T121/><D121/><U52/><E95/><N who="2" m="36395" /><F36/><W40/><G102/><T133/><D0/><U12/><E12/><V43/><F90/><W8/><G117/><T48/><D68/><U71/><E71/><V47/><F43/><W11/><G40/><T80/><D32/><U2/><E2/><V76/><AGARI ba="1,0" hai="23,25,29,45,47,58,60,65,76,77,78" m="36395" machi="76" ten="30,7900,0" yaku="8,1,52,3" doraHai="89" who="2" fromWho="2" sc="162,-21,357,-40,290,82,191,-21" /><INIT seed="2,0,0,0,0,43" ten="141,317,372,170" oya="2" hai0="118,17,61,122,87,113,31,108,125,58,37,27,47" hai1="84,127,26,106,53,70,112,13,110,130,28,86,51" hai2="25,92,40,102,29,19,90,82,45,67,48,38,4" hai3="1,24,129,63,128,0,81,121,111,120,124,3,12"/><V18/><F4/><W93/><G93/><T55/><D113/><U65/><E106/><V80/><F38/><W78/><G63/><T52/><D122/><N who="3" m="47209" /><G111/><T9/><D108/><U100/><E100/><V103/><F67/><W8/><G81/><N who="2" m="31337" /><F29/><W107/><G78/><T46/><D37/><U79/><E28/><V77/><F77/><W44/><G44/><N who="0" m="16939" /><D125/><U57/><E79/><V36/><F36/><W114/><G107/><T74/><D74/><U7/><E70/><V5/><F5/><N who="3" m="3087" /><G114/><T69/><D69/><U60/><E7/><V134/><F134/><W98/><G124/><T66/><D118/><U101/><E127/><V72/><F72/><W85/><G0/><T6/><D87/><U33/><E84/><N who="2" m="52295" /><F25/><W109/><G85/><T30/><D6/><U23/><E86/><V20/><F18/><W105/><G109/><T132/><D132/><U15/><E110/><V41/><F41/><W91/><G105/><T35/><D31/><U131/><E112/><V96/><F96/><W83/><G3/><T73/><D73/><U88/><E26/><V2/><F2/><W32/><G83/><T71/><D71/><U115/><E115/><V39/><F39/><W42/><G1/><T22/><D35/><U94/><E33/><V116/><F116/><W95/><G32/><T123/><D123/><U76/><E76/><V59/><F40/><W50/><G42/><T62/><D62/><U99/><E60/><V56/><F48/><W133/><G50/><T135/><D135/><U21/><E51/><V97/><F97/><W64/><G133/><T75/><D75/><RYUUKYOKU ba="0,0" sc="141,30,317,-10,372,-10,170,-10" hai0="9,17,22,27,30,52,55,58,61,66" /><INIT seed="3,1,0,2,0,132" ten="171,307,362,160" oya="3" hai0="114,32,70,112,36,113,85,9,133,62,56,77,31" hai1="17,14,75,78,2,121,58,90,76,59,116,28,34" hai2="4,83,43,13,24,107,5,11,10,135,21,71,73" hai3="49,86,33,22,131,110,42,18,40,119,12,117,16"/><W118/><G131/><T127/><D133/><U66/><E2/><V39/><F107/><W101/><G33/><T84/><D70/><U111/><E75/><V35/><F71/><W67/><G110/><T125/><D36/><U91/><E34/><V55/><F35/><W126/><G126/><N who="0" m="48139" /><D77/><U0/><E0/><V106/><F106/><W54/><G67/><N who="0" m="39367" /><D9/><U89/><E66/><V88/><F135/><W102/><G86/><T3/><D3/><U120/><E78/><V79/><F10/><W92/><G18/><T115/><D115/><U105/><E76/><V95/><F4/><W37/><G37/><T29/><D29/><U45/><E28/><V123/><F39/><W53/><G53/><T93/><D93/><U6/><E17/><V20/><F55/><W65/><G65/><T1/><D1/><U23/><E105/><V47/><F95/><W52/><G54/><T46/><D46/><U60/><E6/><V81/><F47/><W38/><G38/><T80/><D80/><U64/><E45/><V63/><F83/><W97/><REACH who="3" step="1"/><G102/><REACH who="3" ten="171,307,362,150" step="2"/><T82/><D82/><U7/><E64/><V50/><F81/><W128/><G128/><T51/><D51/><U69/><E111/><V129/><F50/><W26/><G26/><AGARI ba="1,1" hai="26,31,32,84,85,112,113,114" m="39367,48139" machi="26" ten="40,8000,1" yaku="11,1,18,1,52,3" doraHai="132" who="0" fromWho="3" sc="171,93,307,0,362,0,150,-83" owari="264,-13.6,307,10.7,362,46.2,67,-43.3" /></mjloggm>