<mjloggm ver="2.3"><GO type="225" lobby="0"/><UN n0="%E5%8F%AF%E5%85%90%E9%82%A3%E7%94%B1%E5%A4%9A" n1="%6D%75%75%6D%75%72%61" n2="%72%61%6B%33" n3="%E7%89%B9%E6%9D%B1%E3%81%AF%E4%B8%96%E7%95%8C%E3%82%92%E6%95%91%E3%81%86" dan="17,17,16,16" rate="2249.18,2250.61,2107.22,2074.62" sx="F,F,M,M"/><TAIKYOKU oya="0"/><INIT seed="0,0,0,3,2,63" ten="250,250,250,250" oya="0" hai0="31,72,62,60,120,102,111,101,95,16,78,52,46" hai1="75,100,64,3,91,44,49,124,87,108,59,5,43" hai2="39,0,118,36,53,14,81,122,104,51,132,56,85" hai3="55,48,15,103,82,27,125,35,74,121,134,127,21"/><T6/><D120/><U4/><E75/><V26/><F122/><W22/><G121/><T128/><D128/><U88/><E108/><V11/><F0/><W37/><G37/><T17/><D111/><U1/><E124/><V32/><F104/><W89/><G134/><T84/><D72/><U7/><E100/><N who="0" m="38505" /><D6/><U96/><E96/><V47/><F132/><W42/><G42/><T107/><D107/><U24/><E24/><V131/><F131/><W2/><G2/><T115/><D115/><U117/><E91/><V98/><F98/><W50/><G103/><T106/><D31/><U10/><E117/><V129/><F129/><W45/><G50/><N who="0" m="28759" /><D106/><U30/><E30/><V92/><F118/><W8/><G35/><T76/><D76/><U28/><E28/><V94/><F36/><W19/><G22/><T126/><D126/><U114/><E114/><V65/><F39/><W29/><REACH who="3" step="1"/><G74/><REACH who="3" ten="250,250,250,240" step="2"/><T83/><D95/><U9/><E1/><V119/><F94/><W86/><AGARI ba="0,1" hai="8,15,19,21,27,29,45,48,55,82,86,89,125,127" machi="86" ten="30,8000,1" yaku="1,1,2,1,0,1,25,2,53,0" doraHai="63" doraHaiUra="69" who="3" fromWho="3" sc="250,-40,250,-20,250,-20,240,90" /><INIT seed="1,0,0,5,3,17" ten="210,230,230,330" oya="1" hai0="90,104,62,97,116,101,133,79,74,20,127,3,82" hai1="113,123,66,36,23,106,49,129,64,18,105,100,96" hai2="43,102,29,37,32,126,76,125,53,68,108,55,56" hai3="88,60,77,72,93,84,35,81,30,34,114,110,98"/><U10/><E113/><V51/><F76/><W119/><G114/><T73/><D116/><U11/><E123/><V27/><F108/><W87/><G119/><T86/><D3/><U58/><E36/><V21/><F102/><W103/><G110/><T2/><D2/><U28/><E106/><V85/><F85/><W1/><G1/><T111/><D111/><U15/><E129/><V39/><F68/><W59/><G30/><T38/><D38/><U107/><E107/><V95/><F95/><W16/><G16/><T121/><D121/><U92/><E105/><V128/><F128/><W47/><G47/><T6/><D6/><U57/><E57/><V117/><F117/><W67/><REACH who="3" step="1"/><G87/><REACH who="3" ten="210,230,230,320" step="2"/><T115/><D115/><U42/><E28/><V4/><F4/><W70/><G70/><T22/><D74/><U0/><E0/><V83/><F29/><W41/><G41/><T99/><D73/><U65/><E58/><V25/><F56/><W69/><G69/><T5/><D5/><U112/><E112/><V124/><F43/><W120/><G120/><T46/><D46/><AGARI ba="0,1" hai="10,11,15,18,23,42,46,49,64,65,66,92,96,100" machi="46" ten="40,3900,0" yaku="8,1,52,1" doraHai="17" who="1" fromWho="0" sc="210,-39,230,49,230,0,320,0" /><INIT seed="1,1,0,3,3,117" ten="171,279,230,320" oya="1" hai0="106,83,27,57,11,30,100,23,98,134,1,64,132" hai1="86,90,129,43,55,69,122,84,3,14,12,114,52" hai2="95,46,42,105,31,87,112,7,93,91,120,128,85" hai3="79,65,88,8,77,21,130,107,24,62,103,68,34"/><U15/><E114/><V127/><F112/><W78/><G130/><T9/><D83/><U125/><E129/><V124/><F128/><W104/><G34/><T76/><D76/><U82/><E3/><V40/><F105/><W101/><G104/><T47/><D47/><U89/><E125/><V2/><F31/><W97/><G8/><T72/><D72/><U96/><E69/><V75/><F75/><W59/><G103/><T54/><D64/><U4/><E4/><V0/><F46/><W29/><REACH who="3" step="1"/><G88/><REACH who="3" ten="171,279,230,310" step="2"/><T131/><D131/><U22/><E22/><V73/><F91/><W135/><G135/><N who="0" m="51755" /><D1/><U26/><E96/><V66/><F0/><W51/><G51/><AGARI ba="1,1" hai="9,11,23,27,30,51,54,57,98,100,106" m="51755" machi="51" ten="30,1000,0" yaku="20,1" doraHai="117" who="0" fromWho="3" sc="171,23,279,0,230,0,310,-13" /><INIT seed="2,0,0,3,1,101" ten="194,279,230,297" oya="2" hai0="30,127,36,4,45,46,82,80,10,68,37,56,33" hai1="70,44,83,88,42,55,104,87,54,2,29,117,131" hai2="79,1,86,126,99,34,20,100,97,124,72,3,74" hai3="109,85,16,66,14,51,132,114,108,62,21,115,103"/><V32/><F20/><W27/><G132/><T17/><D68/><U48/><E117/><V133/><F86/><W91/><G51/><T89/><D17/><U60/><E131/><V0/><F133/><W78/><G78/><T98/><D127/><N who="2" m="48682" /><F97/><W105/><G27/><T76/><D33/><N who="2" m="12906" /><F79/><W77/><G77/><T7/><D30/><U90/><E29/><V121/><F121/><W18/><G18/><T94/><D76/><U59/><E70/><V28/><F28/><W53/><G53/><T8/><D98/><U69/><E69/><V119/><F119/><W40/><G40/><T39/><D94/><AGARI ba="0,0" hai="0,1,3,72,74,94,99,100" m="12906,48682" machi="94" ten="40,2000,0" yaku="18,1" doraHai="101" who="2" fromWho="0" sc="194,-20,279,0,230,20,297,0" /><INIT seed="2,1,0,0,5,109" ten="174,279,250,297" oya="2" hai0="81,32,65,80,86,91,6,13,74,82,106,2,127" hai1="34,55,5,69,132,118,37,62,4,75,47,58,120" hai2="42,134,114,78,95,51,35,123,33,113,125,44,16" hai3="18,76,129,93,72,3,101,84,12,126,28,31,87"/><V97/><F123/><W29/><G3/><T45/><D32/><U99/><E118/><V105/><F105/><W50/><G129/><T112/><D106/><U122/><E34/><V96/><F96/><N who="3" m="59535" /><G72/><T54/><D2/><U57/><E132/><V43/><F134/><W71/><G71/><T94/><D127/><U116/><E116/><V90/><F125/><W7/><G126/><T38/><D74/><U14/><E75/><V67/><F78/><W9/><G76/><T48/><D38/><U66/><E58/><V103/><F43/><W27/><G50/><T23/><D65/><U108/><E108/><V40/><F42/><W130/><G130/><T59/><D45/><U63/><E99/><V46/><F46/><W85/><G27/><T19/><D6/><AGARI ba="1,0" hai="6,7,9,12,18,28,29,31,84,85,87" m="59535" machi="6" ten="30,1000,0" yaku="8,1" doraHai="109" who="3" fromWho="0" sc="174,-13,279,0,250,0,297,13" /><INIT seed="3,0,0,3,2,43" ten="161,279,250,310" oya="3" hai0="52,22,1,114,128,33,9,39,23,72,81,105,50" hai1="100,99,34,108,82,44,32,71,57,112,70,78,69" hai2="79,17,42,133,135,15,3,35,97,134,25,88,36" hai3="101,85,103,8,65,130,30,29,61,102,117,27,98"/><W68/><G117/><T60/><D33/><U89/><E112/><V46/><F3/><W87/><G130/><T64/><D39/><U84/><E108/><V0/><F0/><W111/><G111/><T75/><D105/><U93/><E57/><V21/><F79/><W59/><G98/><T90/><D128/><U16/><E16/><N who="2" m="12455" /><F35/><W96/><G96/><T51/><D114/><U66/><E66/><V63/><F63/><W41/><G68/><T109/><D109/><U119/><E119/><V121/><F121/><W120/><G120/><T47/><D50/><U56/><E56/><V14/><F17/><W110/><G110/><T55/><D55/><U126/><E126/><V20/><F20/><N who="3" m="15591" /><G41/><T83/><D72/><U92/><REACH who="1" step="1"/><E44/><REACH who="1" ten="161,269,250,310" step="2"/><V131/><F131/><W74/><G65/><T76/><D9/><U125/><E125/><V48/><F36/><W53/><G59/><T58/><REACH who="0" step="1"/><D1/><REACH who="0" ten="151,269,250,310" step="2"/><U38/><E38/><V127/><F127/><W123/><G8/><T62/><D62/><U11/><E11/><V54/><F54/><W113/><G61/><T80/><D80/><U12/><E12/><V19/><F19/><W24/><G113/><T6/><D6/><U49/><E49/><V73/><F73/><AGARI ba="0,2" hai="32,34,69,70,71,73,78,82,84,89,92,93,99,100" machi="73" ten="40,1300,0" yaku="1,1,53,0" doraHai="43" doraHaiUra="4" who="1" fromWho="2" sc="151,0,269,33,250,-13,310,0" owari="151,-34.9,302,10.2,237,-16.3,310,41.0" /></mjloggm>