<mjloggm ver="2.3"><GO type="225" lobby="0"/><UN n0="%61%67%65%48%61" n1="%E3%81%B5%E3%81%98%E3%81%8B%E3%81%A4" n2="%E3%83%89%E3%83%A9%E3%81%8F%E3%82%8C" n3="%E3%81%B2%E3%81%AA%E3%81%AE%E3%82%8A%E3%81%8F" dan="16,16,17,17" rate="2110.33,2173.52,2219.98,2188.30" sx="M,M,M,M"/><TAIKYOKU oya="0"/><INIT seed="0,0,0,1,1,42" ten="250,250,250,250" oya="0" hai0="124,122,69,93,81,103,100,78,75,123,19,97,70" hai1="104,26,131,5,0,3,13,51,85,58,116,71,25" hai2="50,56,60,66,108,10,35,57,112,92,47,82,16" hai3="133,18,4,80,77,62,135,36,90,59,83,79,74"/><T106/><D19/><U121/><E104/><V6/><F108/><W91/><G36/><T49/><D49/><U111/><E71/><V130/><F130/><W45/><G4/><T17/><D17/><U21/><E121/><N who="0" m="46089" /><D69/><U114/><E116/><V15/><F112/><W48/><G18/><T2/><D2/><U134/><E114/><V39/><F35/><W99/><G99/><N who="0" m="61727" /><D70/><U46/><E0/><V118/><F118/><W8/><G8/><T89/><D124/><U115/><E3/><V14/><F39/><W95/><G95/><T105/><D105/><U20/><E115/><V12/><F6/><W110/><G110/><T11/><D11/><N who="1" m="4335" /><E111/><V86/><F92/><W107/><G107/><T61/><D61/><U96/><E131/><V128/><F57/><W72/><G133/><T34/><D34/><U109/><E134/><V23/><F23/><N who="1" m="8777" /><E109/><V125/><F125/><W38/><G135/><T27/><D27/><N who="1" m="10251" /><E96/><V30/><F30/><W102/><G38/><T29/><D29/><U129/><E129/><V33/><F33/><W101/><G59/><T113/><D113/><U44/><E85/><V31/><F31/><W88/><REACH who="3" step="1"/><G62/><REACH who="3" ten="250,250,250,240" step="2"/><T28/><D28/><U67/><E51/><V132/><F132/><W64/><G64/><T40/><D40/><AGARI ba="0,1" hai="40,45,48,72,74,77,79,80,83,88,90,91,101,102" machi="40" ten="40,12000,2" yaku="1,1,9,1,52,1,54,1,53,2" doraHai="42" doraHaiUra="98" who="3" fromWho="0" sc="250,-120,250,0,250,0,240,130" /><INIT seed="1,0,0,5,1,133" ten="130,250,250,370" oya="1" hai0="103,88,68,54,116,34,48,131,129,123,98,86,0" hai1="7,32,93,78,30,24,89,109,63,45,2,113,99" hai2="1,82,126,85,59,50,26,4,111,71,87,135,101" hai3="102,64,46,81,125,95,79,36,21,23,47,94,108"/><U112/><E78/><V57/><F71/><W22/><G64/><T15/><D116/><U58/><E45/><V5/><F135/><W91/><G108/><T74/><D0/><U16/><E109/><V96/><F111/><W28/><G125/><T40/><D68/><U61/><E7/><V60/><F126/><W124/><G124/><T13/><D34/><U69/><E2/><V31/><F1/><W127/><G28/><T84/><D74/><U65/><REACH who="1" step="1"/><E16/><REACH who="1" ten="130,240,250,370" step="2"/><V105/><F4/><W114/><G47/><T8/><D123/><U83/><E83/><V121/><F5/><W73/><G46/><T100/><D40/><U55/><AGARI ba="0,1" hai="24,30,32,55,58,61,63,65,69,89,93,99,112,113" machi="55" ten="20,3900,0" yaku="1,1,0,1,7,1,53,0" doraHai="133" doraHaiUra="104" who="1" fromWho="1" sc="130,-13,240,49,250,-13,370,-13" /><INIT seed="1,1,0,1,2,61" ten="117,289,237,357" oya="1" hai0="96,41,25,116,17,80,65,59,132,106,131,99,70" hai1="102,104,63,42,13,126,127,35,82,105,91,15,125" hai2="135,114,38,34,101,53,68,113,43,23,18,0,71" hai3="89,8,64,37,85,29,75,128,83,54,40,9,130"/><U31/><E42/><V124/><F0/><W69/><G29/><T87/><D116/><U55/><E91/><V94/><F34/><W6/><G75/><T107/><D132/><U73/><E55/><V97/><F135/><W109/><G109/><T1/><D1/><U45/><E45/><N who="2" m="23799" /><F53/><W72/><G72/><T30/><D131/><N who="3" m="50217" /><G54/><T2/><D2/><U76/><E63/><V95/><F95/><W81/><G81/><T133/><D133/><U134/><E134/><V4/><F4/><W28/><G28/><T98/><D70/><U21/><E102/><V39/><F39/><W3/><G9/><T100/><D41/><U115/><E115/><N who="2" m="44043" /><F124/><W88/><G40/><T103/><D17/><N who="1" m="10415" /><E15/><AGARI ba="1,0" hai="15,18,23,68,71,94,97,101" m="44043,23799" machi="15" ten="30,1000,0" yaku="11,1" doraHai="61" who="2" fromWho="1" sc="117,0,289,-13,237,13,357,0" /><INIT seed="2,0,0,0,0,5" ten="117,276,250,357" oya="2" hai0="40,60,131,2,78,50,37,3,120,73,28,76,19" hai1="88,55,95,114,83,93,54,63,49,13,9,61,72" hai2="42,96,4,1,102,22,100,29,103,45,51,39,92" hai3="52,17,122,70,27,65,90,121,41,53,99,126,110"/><V74/><F74/><W111/><G126/><T85/><D120/><U46/><E114/><V128/><F128/><W113/><G113/><T79/><D131/><U129/><E129/><V117/><F117/><W31/><G41/><T18/><D73/><U44/><E72/><V123/><F123/><W106/><G17/><T97/><D37/><U33/><E33/><V20/><F39/><W84/><G122/><T130/><D130/><U115/><E115/><V0/><F0/><W134/><G134/><T69/><D28/><U62/><E95/><V10/><REACH who="2" step="1"/><F29/><REACH who="2" ten="117,276,240,357" step="2"/><W38/><G121/><T48/><D97/><N who="1" m="57511" /><E83/><V94/><F94/><W86/><G38/><T118/><D118/><U119/><E119/><V132/><F132/><W23/><G99/><T77/><D85/><U82/><E82/><V36/><F36/><W35/><G86/><T107/><D107/><U109/><E109/><V66/><F66/><W125/><G106/><T32/><D32/><U81/><E81/><V98/><F98/><W59/><G35/><T16/><N who="0" m="19456" /><DORA hai="12" /><T108/><D108/><U64/><E64/><V56/><F56/><W43/><G65/><T80/><D80/><U101/><E46/><V104/><F104/><W8/><G110/><T21/><D69/><U133/><E133/><V91/><AGARI ba="0,1" hai="1,4,10,20,22,42,45,51,91,92,96,100,102,103" machi="91" ten="30,6000,0" yaku="1,1,0,1,52,1,53,0" doraHai="5,12" doraHaiUra="30,24" who="2" fromWho="2" sc="117,-20,276,-20,240,70,357,-20" /><INIT seed="2,1,0,0,5,56" ten="97,256,310,337" oya="2" hai0="85,30,49,80,1,29,75,52,68,96,124,61,88" hai1="69,34,133,76,66,27,109,73,74,53,98,12,97" hai2="62,65,37,51,0,78,13,127,87,114,36,47,101" hai3="22,86,63,7,57,3,38,107,82,14,40,64,35"/><V28/><F0/><W20/><G35/><T58/><D124/><U92/><E133/><V50/><F127/><W113/><G107/><T32/><D1/><U15/><E109/><V111/><F114/><W117/><G117/><T116/><D116/><U115/><E115/><V91/><F111/><W33/><G33/><T17/><D32/><U108/><E108/><V24/><F101/><W123/><G123/><T10/><D75/><U89/><E98/><V118/><F118/><W59/><G3/><T131/><D131/><U102/><E53/><V128/><F13/><W83/><G83/><T95/><D10/><U4/><E4/><V48/><F78/><W9/><G113/><T45/><D17/><U121/><E121/><V104/><F47/><W41/><G57/><T25/><D25/><U31/><E89/><V112/><F104/><W130/><G38/><T100/><REACH who="0" step="1"/><D68/><REACH who="0" ten="87,256,310,337" step="2"/><U11/><E74/><V77/><F128/><W126/><G130/><T21/><D21/><N who="3" m="8297" /><G126/><T39/><D39/><U106/><E73/><V99/><F112/><W72/><G72/><T132/><D132/><U79/><E11/><V134/><F134/><W46/><G9/><T6/><D6/><U43/><E69/><N who="2" m="42167" /><F24/><W125/><G125/><T71/><D71/><U93/><E27/><V119/><F119/><W8/><G8/><T129/><D129/><U2/><E34/><V26/><F26/><W122/><G7/><T18/><D18/><U23/><E2/><V94/><F28/><W42/><G122/><T44/><D44/><U135/><E31/><V110/><F110/><W105/><G46/><RYUUKYOKU ba="1,1" sc="87,15,256,-15,310,15,337,-15" hai0="29,30,45,49,52,58,61,80,85,88,95,96,100" hai2="36,37,48,50,51,77,87,91,94,99" /><INIT seed="2,2,1,4,4,10" ten="102,241,325,322" oya="2" hai0="24,15,43,20,90,46,63,101,33,40,18,103,132" hai1="88,41,120,16,127,98,55,54,9,42,114,113,25" hai2="84,22,121,123,53,108,71,124,89,44,32,5,17" hai3="38,59,67,13,112,109,78,14,96,79,106,82,37"/><V47/><F32/><W28/><G109/><T34/><D132/><U30/><E114/><V26/><F71/><W92/><G106/><T104/><D104/><U83/><E113/><V118/><F118/><W107/><G107/><T60/><D90/><U77/><E127/><V69/><F69/><W1/><G1/><T65/><D34/><U4/><E4/><V52/><F124/><W119/><G119/><T81/><D81/><U116/><E116/><V70/><F70/><W102/><G28/><T93/><D33/><U51/><E30/><V91/><F108/><W85/><G79/><T75/><D75/><U29/><E55/><N who="2" m="21067" /><F123/><W57/><G112/><T73/><D73/><U7/><E7/><V125/><F125/><W74/><G74/><T62/><D65/><U50/><E77/><V11/><F121/><W80/><G80/><T76/><D76/><U111/><E111/><V99/><F99/><W12/><REACH who="3" step="1"/><G67/><REACH who="3" ten="102,241,325,312" step="2"/><T86/><D24/><U128/><E25/><V95/><F91/><W87/><G87/><T49/><D86/><N who="1" m="50271" /><E29/><V21/><F26/><W94/><G94/><T122/><D122/><U66/><E66/><V134/><F95/><W126/><G126/><T36/><D93/><U129/><E120/><V72/><F72/><W8/><G8/><T117/><REACH who="0" step="1"/><D117/><REACH who="0" ten="92,241,325,312" step="2"/><U6/><E98/><V61/><F89/><W31/><G31/><T115/><D115/><U110/><E110/><V3/><F84/><W0/><G0/><T133/><D133/><U45/><E129/><V39/><F134/><W131/><G131/><T97/><D97/><U35/><E128/><RYUUKYOKU ba="2,3" sc="92,15,241,-15,325,-15,312,15" hai0="15,18,20,36,40,43,46,49,60,62,63,101,103" hai3="12,13,14,37,38,57,59,78,82,85,92,96,102" /><INIT seed="3,3,3,1,0,88" ten="107,226,310,327" oya="3" hai0="66,76,44,74,53,79,104,57,130,36,40,51,29" hai1="37,101,103,83,133,18,116,60,86,12,81,78,73" hai2="0,72,5,106,123,54,49,50,15,110,13,89,62" hai3="90,118,63,127,111,24,124,93,14,58,120,61,39"/><W47/><G120/><T107/><D130/><U69/><E37/><V59/><F123/><W125/><G118/><T68/><D29/><U43/><E43/><V97/><F72/><W102/><G102/><T94/><D107/><U92/><E133/><V52/><F110/><W7/><G111/><T126/><D126/><U9/><E116/><V42/><F0/><W28/><G47/><T129/><D129/><U6/><E69/><V96/><F106/><W75/><G39/><T99/><D104/><U117/><E117/><V84/><F42/><W113/><G75/><T23/><D23/><U25/><E60/><V105/><F105/><W65/><G63/><T91/><REACH who="0" step="1"/><D74/><REACH who="0" ten="97,226,310,327" step="2"/><U48/><E73/><V45/><F62/><AGARI ba="3,4" hai="36,40,44,51,53,57,62,66,68,76,79,91,94,99" machi="62" ten="40,8000,1" yaku="1,1,2,1,24,2,52,1,53,0" doraHai="88" doraHaiUra="100" who="0" fromWho="2" sc="97,129,226,0,310,-89,327,0" owari="226,2.6,226,-17.4,221,-27.9,327,42.7" /></mjloggm>