<mjloggm ver="2.3"><GO type="225" lobby="0"/><UN n0="%E3%81%BF%E3%81%BF%E3%81%9A" n1="%E3%81%82%E3%81%99%E3%81%AB%E3%82%83%E3%82%80" n2="%E3%81%B5%E3%81%98%E3%81%8B%E3%81%A4" n3="%E6%A0%B9%E5%85%83%E3%81%8B%E3%82%89%E5%90%B9%E3%81%A3%E9%A3%9B%E3%81%B6" dan="17,16,16,17" rate="2258.43,2135.12,2162.78,2196.28" sx="M,F,M,F"/><TAIKYOKU oya="0"/><INIT seed="0,0,0,0,0,17" ten="250,250,250,250" oya="0" hai0="121,60,58,65,129,107,69,41,56,109,134,1,110" hai1="8,77,66,104,59,52,23,82,62,35,103,43,126" hai2="51,19,31,45,114,46,130,13,72,120,39,26,118" hai3="61,100,98,74,6,30,55,12,18,97,123,70,128"/><T80/><D107/><U108/><E35/><V38/><F114/><W76/><G128/><T96/><D96/><U42/><E104/><V14/><F120/><W101/><G74/><T63/><D1/><U132/><E108/><N who="0" m="41577" /><D121/><U3/><E126/><V122/><F130/><W50/><G76/><T99/><D129/><U5/><E103/><V64/><F122/><W9/><G30/><T44/><D99/><U102/><E102/><V93/><F72/><W49/><G123/><T16/><D80/><U119/><E119/><V32/><F118/><W81/><G81/><T48/><D134/><U53/><E132/><V27/><F64/><W91/><G91/><T54/><D16/><U95/><E95/><V88/><F13/><W40/><G18/><T11/><D11/><U90/><E90/><V92/><F27/><W117/><G117/><T15/><D15/><U68/><E82/><V71/><F93/><W73/><G98/><T135/><D135/><U79/><E77/><V116/><F116/><W84/><G97/><T36/><D63/><U7/><E79/><V10/><F92/><W115/><G101/><T47/><AGARI ba="0,0" hai="36,41,44,47,48,54,56,58,60,65,69" m="41577" machi="47" ten="30,11700,0" yaku="14,1,10,1,34,2" doraHai="17" who="0" fromWho="0" sc="250,117,250,-39,250,-39,250,-39" /><INIT seed="0,1,0,4,1,6" ten="367,211,211,211" oya="0" hai0="97,120,75,126,62,91,31,51,132,90,18,113,10" hai1="133,83,61,37,99,110,11,40,59,57,34,98,44" hai2="3,80,35,78,2,123,27,16,93,82,32,108,74" hai3="42,4,60,0,121,53,23,94,49,1,130,21,134"/><T47/><D113/><U109/><E34/><V64/><F123/><W111/><G111/><N who="1" m="42506" /><E133/><V69/><F108/><W114/><G114/><T131/><D75/><U115/><E115/><V24/><F93/><W70/><G130/><T119/><D120/><U67/><E83/><V92/><F92/><W50/><G134/><T7/><D132/><U9/><E59/><V87/><F64/><W84/><G70/><T81/><D119/><U19/><E19/><V8/><F69/><W101/><G60/><T117/><D126/><U118/><E118/><V56/><F56/><W41/><G121/><T54/><D131/><U127/><E127/><V71/><F71/><W45/><G4/><T104/><D31/><U58/><E58/><V30/><F27/><W79/><G79/><T25/><D62/><U14/><E14/><V39/><F39/><W76/><G76/><T72/><D81/><U105/><E105/><V100/><F35/><W22/><G50/><T128/><D128/><U43/><E40/><V5/><F100/><W38/><G42/><T52/><D54/><U102/><E102/><V28/><F28/><W12/><G12/><N who="0" m="5215" /><D117/><U29/><E29/><V88/><REACH who="2" step="1"/><F16/><REACH who="2" ten="367,211,201,211" step="2"/><W33/><G33/><T68/><D68/><U73/><E73/><V15/><AGARI ba="1,1" hai="2,3,5,8,15,24,30,32,74,78,80,82,87,88" machi="15" ten="20,12000,2" yaku="1,1,2,1,0,1,7,1,52,1,54,1,53,0" doraHai="6" doraHaiUra="129" who="2" fromWho="2" sc="367,-61,211,-31,201,133,211,-31" /><INIT seed="1,0,0,5,3,134" ten="306,180,334,180" oya="1" hai0="52,107,16,18,86,39,124,117,99,92,72,1,65" hai1="71,43,96,37,54,33,5,32,15,75,93,113,12" hai2="63,60,57,42,135,122,23,82,125,53,20,25,62" hai3="119,115,64,59,105,104,35,17,102,129,130,95,79"/><U131/><E113/><V56/><F122/><W19/><G115/><T44/><D117/><U103/><E75/><V0/><F135/><W14/><G35/><T120/><D72/><U48/><E71/><V11/><F0/><W74/><G119/><T114/><D114/><U91/><E131/><N who="3" m="50186" /><G95/><T98/><D1/><U9/><E15/><V108/><F42/><W13/><G79/><T3/><D3/><U27/><E27/><V101/><F101/><W128/><N who="3" m="50194" /><W70/><DORA hai="76" /><G70/><T2/><D2/><U84/><E43/><V88/><F11/><N who="3" m="6335" /><G74/><T89/><D120/><U111/><E37/><V24/><F108/><W10/><G102/><T94/><D107/><N who="3" m="41033" /><G59/><T66/><D39/><U123/><E111/><V97/><F57/><W110/><G64/><T112/><D112/><U87/><E123/><V38/><F38/><W50/><G50/><N who="0" m="28743" /><D99/><U127/><E33/><V73/><F63/><W90/><G90/><N who="0" m="55575" /><D65/><U109/><E32/><V41/><F97/><W68/><G68/><T121/><D66/><U28/><E109/><AGARI ba="0,0" hai="10,14,19,109,110" m="41033,6335,50194" machi="109" ten="50,1600,0" yaku="19,1" doraHai="134,76" who="3" fromWho="1" sc="306,0,180,-16,334,0,180,16" /><INIT seed="2,0,0,4,1,30" ten="306,164,334,196" oya="2" hai0="58,87,130,100,43,56,38,59,40,39,8,99,91" hai1="3,121,55,18,48,1,14,111,94,78,72,68,129" hai2="45,132,90,60,88,103,98,120,6,104,115,69,83" hai3="46,50,36,95,85,105,37,110,102,24,0,42,10"/><V61/><F120/><W80/><G110/><T65/><D130/><U82/><E111/><V77/><F115/><W128/><G128/><T16/><D65/><U7/><E68/><V31/><F132/><W41/><G105/><T108/><D108/><U51/><E121/><V93/><F45/><W117/><G117/><T113/><D113/><U2/><E129/><V49/><F49/><W11/><G24/><T109/><D109/><U13/><E48/><V5/><F90/><W64/><G64/><T62/><D62/><U123/><E123/><V134/><F134/><W28/><G28/><T76/><D76/><U35/><E35/><V74/><F31/><W135/><G135/><T97/><D38/><U107/><E107/><V33/><F33/><W66/><G66/><T29/><D29/><U119/><E119/><V116/><F116/><W71/><G71/><T75/><D75/><U73/><E73/><V131/><F131/><W70/><G70/><T92/><D39/><U15/><E94/><V101/><F101/><W106/><G106/><T81/><D99/><U63/><E63/><N who="2" m="24139" /><F69/><W20/><G95/><T32/><D32/><U9/><REACH who="1" step="1"/><E7/><REACH who="1" ten="306,154,334,196" step="2"/><V23/><F6/><W27/><G50/><T25/><D25/><U4/><E4/><V19/><F5/><W17/><G102/><T114/><D114/><U96/><E96/><V57/><F104/><W52/><G37/><T84/><D87/><U12/><E12/><AGARI ba="0,1" hai="8,12,16,40,43,56,58,59,81,84,91,92,97,100" machi="12" ten="40,2600,0" yaku="8,1,54,1" doraHai="30" who="0" fromWho="1" sc="306,36,154,-26,334,0,196,0" /><INIT seed="3,0,0,5,4,120" ten="342,128,334,196" oya="3" hai0="58,49,93,96,38,41,24,92,5,44,102,11,89" hai1="133,53,135,118,70,121,12,71,13,62,64,100,26" hai2="76,29,39,77,69,122,32,1,103,108,23,81,112" hai3="8,127,126,115,124,3,27,45,128,17,134,34,117"/><W37/><G37/><T80/><D24/><U110/><E121/><V35/><F112/><W90/><G45/><T54/><D80/><U20/><E118/><V56/><F122/><W36/><G36/><T4/><D11/><U10/><E100/><V66/><F23/><W21/><G90/><T125/><D125/><U95/><E95/><V48/><F77/><W129/><G115/><T99/><AGARI ba="0,0" hai="4,5,38,41,44,49,54,58,89,92,93,96,99,102" machi="99" ten="20,1500,0" yaku="0,1,7,1" doraHai="120" who="0" fromWho="0" sc="342,15,128,-4,334,-4,196,-7" owari="357,45.7,124,-37.6,330,13.0,189,-21.1" /></mjloggm>