<mjloggm ver="2.3"><GO type="225" lobby="0"/><UN n0="%E3%81%A1%E3%81%87%E3%81%91" n1="%E3%81%8D%E3%82%85%E3%81%86" n2="%E3%81%A8%E3%82%93%E3%81%A8%E3%81%93%E3%81%A8%E3%82%93" n3="%E3%81%86%E3%81%A9%E3%82%93%E3%81%93" dan="16,16,16,16" rate="2075.16,2078.67,2100.26,2174.94" sx="M,M,F,M"/><TAIKYOKU oya="0"/><INIT seed="0,0,0,0,5,41" ten="250,250,250,250" oya="0" hai0="26,105,55,12,22,85,50,13,113,21,30,5,75" hai1="31,32,121,95,106,82,135,99,17,109,94,61,46" hai2="25,8,69,40,81,124,90,126,120,133,39,23,63" hai3="104,4,71,134,100,9,47,38,76,115,74,65,33"/><T102/><D75/><U83/><E121/><V127/><F120/><W3/><G115/><T111/><D113/><U0/><E0/><V44/><F133/><W18/><G18/><T10/><D111/><U67/><E109/><V93/><F81/><N who="3" m="45207" /><G134/><T64/><D64/><U103/><E17/><V123/><F123/><W98/><G33/><T119/><D119/><U97/><E95/><V11/><F63/><N who="3" m="40383" /><G47/><T128/><D128/><U66/><E66/><V107/><F107/><W80/><G80/><T24/><D85/><U116/><E46/><V2/><F2/><W36/><AGARI ba="0,0" hai="3,4,9,36,38,98,100,104" m="40383,45207" machi="36" ten="30,2000,0" yaku="33,2" doraHai="41" who="3" fromWho="3" sc="250,-10,250,-5,250,-5,250,20" /><INIT seed="1,0,0,3,2,27" ten="240,245,245,270" oya="1" hai0="68,96,4,101,28,84,31,102,80,122,95,126,76" hai1="65,58,70,53,131,88,40,51,19,112,109,110,64" hai2="108,121,33,69,90,37,89,127,125,117,42,128,106" hai3="129,39,99,72,93,6,81,105,119,11,34,132,49"/><U74/><E74/><V135/><RYUUKYOKU type="yao9" ba="0,0" sc="240,0,245,0,245,0,270,0" hai2="33,37,42,69,89,90,106,108,117,121,125,127,128,135" /><INIT seed="1,1,0,4,0,104" ten="240,245,245,270" oya="1" hai0="55,111,116,114,78,17,112,1,109,95,123,130,65" hai1="28,106,66,93,74,94,48,61,38,46,105,40,103" hai2="107,88,43,19,62,72,5,59,128,73,120,75,69" hai3="98,39,35,115,125,83,12,70,118,97,56,42,122"/><U8/><E74/><V54/><F120/><W49/><G70/><T82/><D1/><U25/><E8/><V110/><F107/><W101/><G122/><T126/><D17/><U119/><E119/><V29/><F29/><W85/><G115/><N who="0" m="44075" /><D55/><U18/><E18/><V117/><F117/><W124/><G35/><T129/><D65/><U63/><E63/><V13/><F5/><W16/><G118/><T113/><N who="0" m="44083" /><T100/><DORA hai="86" /><D116/><U58/><E38/><V14/><F110/><N who="0" m="41994" /><D123/><U50/><E50/><V47/><F128/><N who="0" m="49258" /><D126/><N who="3" m="48745" /><G39/><T7/><D7/><U67/><E67/><V77/><F77/><N who="3" m="46319" /><G101/><T80/><D78/><U6/><E6/><V33/><F33/><W11/><G56/><T53/><D53/><U4/><E58/><V3/><F3/><W45/><AGARI ba="1,0" hai="11,12,16,42,45,49,97,98" m="46319,48745" machi="45" ten="30,2000,0" yaku="18,1,54,1" doraHai="104,86" who="3" fromWho="3" sc="240,-6,245,-11,245,-6,270,23" /><INIT seed="2,0,0,0,3,61" ten="234,234,239,293" oya="2" hai0="90,10,101,44,84,95,38,122,88,53,113,89,54" hai1="15,57,114,115,72,96,110,56,116,108,37,93,79" hai2="39,26,81,126,76,33,120,130,105,133,129,58,19" hai3="8,80,97,0,46,24,14,71,27,107,117,100,55"/><V31/><F120/><W49/><G117/><T106/><D122/><U134/><E116/><V48/><F39/><W63/><G0/><T7/><D113/><N who="1" m="43019" /><E37/><V21/><F105/><W30/><G80/><T66/><D106/><U41/><E41/><V69/><F69/><W98/><G98/><T67/><D38/><U109/><E134/><V20/><F126/><W25/><G14/><N who="0" m="5471" /><D101/><N who="1" m="60559" /><E15/><V103/><F103/><W13/><G13/><T16/><D16/><U29/><E29/><V42/><F133/><W119/><G8/><T132/><D132/><U59/><E79/><V17/><F42/><W70/><G70/><T91/><D44/><U131/><E72/><V5/><F5/><W87/><G87/><T78/><D78/><U51/><E131/><V121/><F121/><W50/><G50/><AGARI ba="0,0" hai="50,51,56,57,59,108,109,110" m="60559,43019" machi="50" ten="40,1300,0" yaku="14,1" doraHai="61" who="1" fromWho="3" sc="234,0,234,13,239,0,293,-13" /><INIT seed="3,0,0,0,3,130" ten="234,247,239,280" oya="3" hai0="2,61,15,47,27,55,26,120,86,22,65,33,108" hai1="69,74,114,73,77,70,125,133,40,13,38,123,63" hai2="46,56,3,124,0,62,29,129,75,51,82,9,35" hai3="115,128,24,71,88,91,58,113,80,84,11,76,4"/><W94/><G71/><T103/><D2/><U48/><E13/><V109/><F129/><W19/><G128/><T52/><D120/><U44/><E77/><V57/><F109/><W102/><G102/><T121/><D121/><U34/><E34/><V7/><F0/><W28/><G19/><N who="0" m="10623" /><D33/><U50/><E74/><V6/><F7/><W43/><G43/><T81/><D108/><U32/><E73/><V101/><F101/><W99/><G58/><N who="0" m="37047" /><D103/><U107/><E107/><V8/><F9/><W31/><G91/><N who="0" m="51663" /><D55/><U118/><E32/><V83/><F124/><W37/><G37/><T54/><D54/><U93/><E123/><V10/><F8/><W16/><G16/><T100/><D100/><U132/><E125/><V131/><F131/><W98/><G98/><T135/><D135/><N who="1" m="51787" /><E118/><V1/><F3/><W12/><G28/><T110/><D110/><U30/><E30/><V117/><F117/><W96/><G96/><T104/><D104/><U42/><E42/><N who="2" m="25047" /><F75/><W53/><G53/><T72/><D72/><U66/><E70/><V64/><F56/><W20/><AGARI ba="0,0" hai="4,11,12,20,24,31,76,80,84,88,94,99,113,115" machi="20" ten="20,3900,0" yaku="0,1,7,1,54,1" doraHai="130" who="3" fromWho="3" sc="234,-13,247,-13,239,-13,280,39" owari="221,-27.9,234,3.4,226,-17.4,319,41.9" /></mjloggm>