<mjloggm ver="2.3"><GO type="225" lobby="0"/><UN n0="%E3%81%BF%E3%81%BF%E3%81%9A" n1="%6D%75%75%73%61%6E%6D%75" n2="%E3%81%82%E3%82%86%E3%81%AE%E9%A2%A8" n3="%4B%2E%32%2E%4B%2E" dan="18,17,16,17" rate="2231.53,2145.16,2083.94,2216.38" sx="M,F,M,M"/><TAIKYOKU oya="0"/><INIT seed="0,0,0,1,0,129" ten="250,250,250,250" oya="0" hai0="13,48,77,79,66,67,115,20,18,132,100,81,35" hai1="25,42,45,6,106,126,5,17,76,71,118,108,34" hai2="27,53,30,24,57,19,22,128,83,4,122,8,55" hai3="33,21,58,54,46,124,39,43,120,102,82,37,74"/><T80/><D115/><U65/><E118/><V104/><F128/><W87/><G124/><T51/><D35/><U88/><E126/><V70/><F70/><W114/><G114/><T0/><D0/><U116/><E116/><V95/><F104/><W86/><G33/><T111/><D100/><U90/><E106/><V135/><F122/><W123/><G37/><T110/><D132/><U127/><E76/><V28/><F83/><W1/><G102/><T105/><D105/><U14/><E127/><V113/><F113/><W47/><G47/><T130/><D130/><U49/><E108/><N who="0" m="41513" /><D67/><U50/><E65/><V56/><F95/><W117/><G1/><T97/><D97/><U7/><E71/><V98/><F98/><W41/><G117/><T16/><D66/><U44/><E25/><V9/><F19/><W72/><G72/><N who="0" m="43047" /><D18/><U64/><E64/><V109/><F109/><W103/><G103/><T23/><D23/><N who="1" m="11703" /><E34/><V75/><F22/><W131/><G131/><T68/><D68/><U15/><E15/><V3/><F3/><W96/><G21/><T69/><D69/><U101/><E101/><V12/><F12/><W107/><G120/><T36/><D36/><U29/><E29/><V59/><F75/><AGARI ba="0,0" hai="13,16,20,48,51,75,79,81" m="43047,41513" machi="75" ten="30,5800,0" yaku="14,1,10,1,54,1" doraHai="129" who="0" fromWho="2" sc="250,58,250,0,250,-58,250,0" /><INIT seed="0,1,0,5,0,130" ten="308,250,192,250" oya="0" hai0="83,111,113,103,102,49,51,79,123,59,55,41,88" hai1="40,33,101,61,12,52,127,105,80,133,85,129,47" hai2="13,54,0,87,74,43,22,58,17,135,25,77,37" hai3="20,57,29,115,4,50,21,48,34,131,109,125,89"/><T82/><D113/><U56/><E129/><V68/><F0/><W3/><G131/><T90/><D123/><U94/><E127/><V120/><F68/><W110/><G125/><T6/><D6/><U126/><E126/><V117/><F120/><W112/><G89/><N who="0" m="34411" /><D111/><N who="3" m="42505" /><G34/><T86/><D82/><U99/><E33/><V42/><F117/><W38/><G38/><T9/><D9/><U63/><E133/><V14/><F74/><W23/><G29/><T27/><D27/><U92/><E12/><V67/><F67/><W95/><G95/><T26/><D26/><U119/><E119/><V24/><F24/><W44/><G57/><T71/><D71/><U118/><E118/><V45/><F135/><W8/><G50/><T81/><D81/><U104/><E94/><V116/><F116/><W11/><G8/><T39/><D39/><U114/><E114/><V35/><F35/><W128/><G128/><T75/><D75/><U73/><E73/><V70/><F70/><W46/><G46/><AGARI ba="1,0" hai="41,46,49,51,55,59,79,83,86,102,103" m="34411" machi="46" ten="30,2900,0" yaku="8,1,54,1" doraHai="130" who="0" fromWho="3" sc="308,32,250,0,192,0,250,-32" /><INIT seed="0,2,0,0,2,18" ten="340,250,192,218" oya="0" hai0="82,89,133,10,109,48,119,6,123,53,105,58,70" hai1="64,126,116,99,20,95,88,38,66,93,19,91,83" hai2="46,27,7,9,131,107,104,54,77,12,134,86,14" hai3="60,33,32,25,90,1,3,103,39,15,78,52,59"/><T74/><D119/><U72/><E116/><V132/><F131/><W36/><G78/><T113/><D113/><U76/><E38/><V97/><F97/><W35/><G103/><T106/><D123/><U23/><E126/><V92/><F27/><W41/><G25/><T29/><D70/><U65/><REACH who="1" step="1"/><E19/><REACH who="1" ten="340,240,192,218" step="2"/><V21/><F134/><W51/><G39/><T49/><D133/><U2/><E2/><V84/><F132/><W75/><G36/><T101/><D109/><U56/><E56/><V71/><F71/><W17/><G3/><T108/><D58/><U45/><E45/><V68/><F46/><W55/><G1/><T87/><D108/><U73/><E73/><V0/><F0/><W47/><G75/><T8/><D74/><U111/><E111/><V94/><F68/><W67/><REACH who="3" step="1"/><G90/><REACH who="3" ten="340,240,192,208" step="2"/><T40/><D89/><U42/><E42/><V135/><F135/><W31/><G31/><T129/><D29/><U120/><E120/><V117/><F117/><W62/><G62/><T63/><D40/><U100/><E100/><V125/><F125/><W24/><G24/><T128/><D63/><U96/><AGARI ba="2,2" hai="20,23,64,65,66,72,76,83,88,91,93,95,96,99" machi="96" ten="30,12000,2" yaku="1,1,0,1,9,1,52,2,54,1,53,0" doraHai="18" doraHaiUra="130" who="1" fromWho="1" sc="340,-62,240,146,192,-32,208,-32" /><INIT seed="1,0,0,0,3,78" ten="278,386,160,176" oya="1" hai0="79,27,85,51,105,19,111,118,28,43,83,77,90" hai1="130,102,110,29,64,57,40,0,32,123,96,132,17" hai2="68,84,109,22,67,41,14,39,21,8,1,55,89" hai3="46,11,38,31,52,74,45,99,54,116,113,5,53"/><U126/><E123/><V42/><F1/><W35/><G113/><T6/><D118/><U128/><E0/><V48/><F109/><W112/><G112/><T98/><D111/><U103/><E110/><V101/><F101/><W95/><G74/><T2/><D19/><U125/><E40/><V81/><F68/><W114/><G114/><T20/><D2/><U10/><E32/><V3/><F3/><W135/><G116/><T88/><D6/><U66/><E29/><V127/><F67/><N who="1" m="25641" /><E57/><V70/><F70/><W134/><G31/><T131/><D131/><N who="1" m="50219" /><E132/><N who="3" m="50730" /><G35/><T73/><D105/><U133/><E133/><V58/><F127/><N who="1" m="48649" /><E96/><V76/><F39/><W16/><G38/><T120/><D120/><U87/><E87/><N who="2" m="48551" /><F42/><W37/><G37/><T13/><D73/><U104/><E104/><V117/><F41/><W23/><G99/><T30/><D30/><U56/><E56/><V108/><F108/><W69/><G69/><T80/><D98/><U82/><E82/><N who="2" m="49303" /><F117/><W15/><G95/><T115/><D115/><U119/><E119/><V121/><F121/><W36/><G36/><T65/><D80/><U9/><E17/><AGARI ba="0,0" hai="8,14,17,21,22,48,55,58" m="49303,48551" machi="17" ten="30,3900,0" yaku="8,1,52,2" doraHai="78" who="2" fromWho="1" sc="278,0,386,-39,160,39,176,0" /><INIT seed="2,0,0,0,1,88" ten="278,347,199,176" oya="2" hai0="113,101,15,129,133,3,132,51,9,14,31,17,44" hai1="116,13,1,25,11,112,97,115,131,18,8,5,28" hai2="79,63,32,20,83,27,128,47,41,39,109,114,106" hai3="33,76,45,104,78,65,21,92,67,99,120,59,103"/><V54/><F114/><N who="1" m="43561" /><E97/><V96/><F128/><W46/><G120/><T72/><D113/><U130/><E116/><V50/><F109/><W90/><G33/><AGARI ba="0,0" hai="1,5,8,11,13,18,25,28,33,130,131" m="43561" machi="33" ten="30,2000,0" yaku="34,2" doraHai="88" who="1" fromWho="3" sc="278,0,347,20,199,0,176,-20" /><INIT seed="3,0,0,1,1,28" ten="278,367,199,156" oya="3" hai0="42,76,104,81,24,32,61,43,118,92,126,85,106" hai1="27,97,108,18,8,105,31,135,80,103,56,73,71" hai2="16,121,3,110,39,95,94,44,132,72,113,53,112" hai3="49,79,54,125,117,88,101,15,75,57,119,30,51"/><W45/><G125/><T134/><D118/><U38/><E71/><V62/><F72/><W120/><G120/><T64/><D126/><U59/><E38/><V131/><F3/><W123/><G123/><T100/><D134/><U87/><E135/><V111/><F121/><W84/><G101/><T86/><D106/><U89/><E73/><V60/><F131/><W26/><G15/><T109/><D109/><N who="2" m="41482" /><F132/><W17/><G17/><T124/><D124/><U1/><E108/><V4/><F4/><W55/><G79/><T14/><D104/><U69/><E69/><V21/><F95/><W90/><G75/><T91/><D100/><U116/><E116/><V40/><F94/><W83/><REACH who="3" step="1"/><G90/><REACH who="3" ten="278,367,199,146" step="2"/><T37/><D14/><U122/><E18/><V7/><F7/><W129/><G129/><T12/><D12/><U70/><E122/><V102/><F102/><W128/><G128/><T52/><D76/><U82/><E89/><V48/><F113/><W130/><G130/><T65/><D91/><U22/><E103/><V29/><F112/><W78/><G78/><T99/><D86/><U66/><E87/><V23/><F16/><W115/><G115/><T11/><D85/><U107/><E105/><V25/><F23/><AGARI ba="0,1" hai="23,26,30,45,49,51,54,55,57,83,84,88,117,119" machi="23" ten="30,5800,0" yaku="1,1,7,1,54,1,53,0" doraHai="28" doraHaiUra="68" who="3" fromWho="2" sc="278,0,367,0,199,-58,146,68" /><INIT seed="3,1,0,2,5,127" ten="278,367,141,214" oya="3" hai0="19,6,61,135,29,134,51,118,82,123,11,105,90" hai1="72,42,110,113,97,101,126,37,89,130,102,14,85" hai2="88,33,63,0,70,79,27,20,38,17,116,48,25" hai3="80,60,39,65,96,124,94,112,100,49,74,66,56"/><W50/><G112/><T107/><D118/><U7/><E72/><V69/><F38/><W21/><G39/><T26/><D123/><U36/><E113/><V68/><F116/><W115/><G115/><T103/><D19/><U77/><E126/><V125/><F79/><W106/><G124/><T104/><D51/><U133/><E77/><V2/><F125/><W45/><G106/><T12/><D61/><U87/><E7/><V40/><F63/><W30/><G66/><T28/><D103/><U129/><E14/><V15/><F33/><W92/><G74/><T31/><D82/><U128/><E110/><V67/><F67/><W64/><G80/><T58/><D58/><U46/><E133/><N who="0" m="50697" /><D90/><U131/><E131/><V84/><F48/><W34/><G34/><AGARI ba="1,0" hai="6,11,12,26,28,29,31,34,104,105,107" m="50697" machi="34" ten="40,1300,0" yaku="20,1" doraHai="127" who="0" fromWho="3" sc="278,16,367,0,141,0,214,-16" owari="294,9.4,367,46.7,141,-35.9,198,-20.2" /></mjloggm>