<mjloggm ver="2.3"><GO type="225" lobby="0"/><UN n0="%E7%99%BD%E6%97%A5%E9%9B%AA%E8%8F%9C" n1="%38%63%E3%81%AF%E3%81%A3%E3%81%97%E3%83%BC" n2="%E3%81%A8%E3%82%93%E3%81%A8%E3%81%93%E3%81%A8%E3%82%93" n3="%E8%B7%AF%E9%9C%B8" dan="16,16,16,17" rate="2125.54,2119.68,2116.54,2164.85" sx="M,M,M,M"/><TAIKYOKU oya="0"/><INIT seed="0,0,0,3,0,25" ten="250,250,250,250" oya="0" hai0="44,116,66,59,65,99,74,112,71,127,90,82,115" hai1="54,57,20,48,76,18,98,43,38,58,119,46,53" hai2="49,121,22,101,37,45,11,100,123,92,67,13,24" hai3="30,104,125,105,106,120,26,64,94,60,96,19,0"/><T50/><D116/><U135/><E135/><V128/><F37/><W21/><G120/><T23/><D127/><U110/><E110/><V62/><F128/><W79/><G0/><T75/><D71/><U124/><E124/><V33/><F33/><W56/><G125/><T133/><D133/><U39/><E119/><V114/><F114/><W15/><G79/><T27/><D74/><U4/><E4/><V17/><F121/><W28/><REACH who="3" step="1"/><G26/><REACH who="3" ten="250,250,250,240" step="2"/><T131/><D27/><U107/><E76/><V78/><F78/><W35/><G35/><T108/><D115/><U41/><E39/><V73/><F123/><W93/><G93/><T40/><D112/><U42/><E38/><V132/><F92/><W84/><G84/><T134/><D75/><U68/><E107/><V81/><F73/><W77/><G77/><T103/><D134/><U5/><E98/><V16/><F132/><W70/><G70/><T29/><D99/><U129/><E68/><V122/><F122/><W118/><G118/><T69/><D69/><U32/><E32/><V87/><F87/><W83/><G83/><T88/><D82/><U102/><E129/><V52/><F81/><W63/><G63/><T85/><D131/><U12/><E48/><V91/><F91/><AGARI ba="0,1" hai="15,19,21,28,30,56,60,64,91,94,96,104,105,106" machi="91" ten="40,5200,0" yaku="1,1,52,2,53,0" doraHai="25" doraHaiUra="117" who="3" fromWho="2" sc="250,0,250,0,250,-52,240,62" /><INIT seed="1,0,0,0,1,49" ten="250,250,198,302" oya="1" hai0="74,94,113,20,55,125,10,36,35,117,95,66,77" hai1="39,72,129,118,114,58,46,92,124,7,34,126,130" hai2="131,48,89,83,47,79,97,71,121,33,29,31,15" hai3="17,80,85,16,88,44,73,21,13,18,4,103,23"/><U1/><E72/><V51/><F121/><W115/><G115/><T2/><D35/><U65/><E34/><V106/><F71/><W63/><G73/><T112/><D117/><U68/><E92/><V84/><F131/><N who="1" m="50185" /><E7/><V26/><F31/><W52/><G103/><T110/><D77/><U132/><E1/><V25/><F25/><W67/><G4/><T102/><D94/><U9/><E9/><V6/><F47/><W76/><G76/><T82/><D95/><U78/><E78/><V107/><F89/><W104/><G104/><T87/><D10/><U120/><E118/><V43/><F97/><W45/><G67/><T28/><D2/><U81/><E81/><V111/><F111/><W50/><G63/><T42/><D82/><U5/><E5/><V91/><F91/><W53/><G13/><T116/><D116/><U123/><E68/><V41/><F51/><AGARI ba="0,0" hai="16,17,18,21,23,44,45,50,51,52,53,80,85,88" machi="51" ten="40,12000,2" yaku="9,1,8,1,52,2,54,3" doraHai="49" who="3" fromWho="2" sc="250,0,250,0,198,-120,302,120" /><INIT seed="2,0,0,4,1,46" ten="250,250,78,422" oya="2" hai0="33,62,20,86,24,11,47,51,3,25,7,57,85" hai1="77,132,124,56,9,28,6,50,89,40,78,36,66" hai2="22,52,128,53,91,44,30,41,10,35,81,64,0" hai3="32,104,37,2,15,48,99,55,71,67,116,60,93"/><V114/><F114/><W107/><G2/><T76/><D33/><U27/><E124/><V125/><F35/><W79/><G37/><T113/><D113/><U8/><E132/><V118/><F118/><W80/><G116/><T82/><D86/><U61/><E36/><V103/><F125/><W18/><G32/><T127/><D20/><U68/><E89/><V16/><F128/><W106/><G93/><T70/><D70/><U72/><E72/><V88/><F30/><W134/><G134/><T84/><D84/><U13/><E9/><V49/><F64/><W5/><G5/><T59/><D127/><U23/><REACH who="1" step="1"/><E68/><REACH who="1" ten="250,240,78,422" step="2"/><V101/><F10/><W92/><G79/><T98/><D98/><U111/><E111/><V135/><F135/><W31/><G99/><T96/><D96/><U105/><E105/><V108/><F108/><W100/><G104/><T69/><D69/><U34/><E34/><V73/><F73/><W43/><G106/><T12/><D3/><U130/><E130/><V83/><F0/><W65/><G107/><T119/><D119/><U90/><E90/><N who="2" m="34347" /><F103/><W26/><G100/><T38/><D38/><U129/><E129/><V63/><F101/><W110/><G71/><T39/><D39/><U112/><E112/><V21/><F22/><W117/><G110/><T109/><D109/><U121/><E121/><V74/><F74/><W1/><G1/><T42/><D59/><U29/><E29/><V19/><F19/><W102/><G18/><T133/><D133/><U58/><E58/><N who="2" m="35271" /><F41/><W45/><G43/><T122/><D122/><U87/><E87/><RYUUKYOKU ba="0,1" sc="250,10,240,10,78,10,422,-30" hai0="7,11,12,24,25,42,47,51,57,62,76,82,85" hai1="6,8,13,23,27,28,40,50,56,61,66,77,78" hai2="16,21,44,49,53,81,83" /><INIT seed="2,1,1,2,2,128" ten="260,250,88,392" oya="2" hai0="75,116,66,98,54,112,33,20,44,39,107,41,114" hai1="49,45,77,91,46,12,123,124,105,76,82,92,96" hai2="89,78,129,48,0,19,70,60,11,27,63,2,113" hai3="62,1,53,51,14,86,130,109,118,10,108,52,56"/><V3/><F113/><W102/><G1/><T97/><D33/><U94/><E124/><V87/><F70/><W38/><G118/><T65/><D75/><U22/><E105/><V26/><F129/><W32/><G38/><T47/><D116/><U84/><E123/><V21/><F78/><W7/><G130/><T71/><D107/><U131/><E131/><V67/><F48/><W9/><G32/><T25/><D71/><U30/><E46/><V135/><F135/><W16/><G102/><T69/><D69/><U93/><E77/><V6/><F27/><W31/><G31/><T99/><D54/><U126/><E126/><V121/><F121/><W64/><G86/><T117/><D47/><U104/><E104/><V74/><F74/><W68/><G53/><T115/><REACH who="0" step="1"/><D117/><REACH who="0" ten="250,250,88,392" step="2"/><U50/><E45/><V127/><F127/><W81/><G68/><T5/><D5/><U103/><E103/><V95/><REACH who="2" step="1"/><F67/><REACH who="2" ten="250,250,78,392" step="2"/><W59/><G64/><T119/><D119/><U133/><E133/><V101/><F101/><W15/><G51/><T110/><D110/><U43/><E50/><V134/><F134/><W34/><G108/><T13/><D13/><AGARI ba="1,3" hai="0,2,3,6,11,13,19,21,26,60,63,87,89,95" machi="13" ten="40,2000,0" yaku="1,1,53,0" doraHai="128" doraHaiUra="120" who="2" fromWho="0" sc="250,-23,250,0,78,53,392,0" /><INIT seed="2,2,0,5,5,59" ten="227,250,131,392" oya="2" hai0="38,30,11,34,41,3,123,49,110,46,4,117,43" hai1="132,127,101,73,85,68,24,9,22,58,18,64,56" hai2="121,130,94,67,86,0,45,35,118,53,93,5,98" hai3="90,27,135,66,134,23,92,14,74,1,80,125,28"/><V133/><F118/><W88/><G1/><T70/><D123/><U109/><E73/><V61/><F121/><W131/><G131/><T13/><D70/><U113/><E113/><V33/><F130/><W26/><G125/><T75/><D110/><U115/><E115/><V111/><F133/><N who="3" m="50699" /><G66/><T6/><D117/><U8/><E109/><V129/><F129/><W20/><G14/><T17/><D75/><U36/><E36/><V40/><F111/><W122/><G122/><T77/><D77/><U32/><E32/><V103/><F53/><W71/><G71/><T47/><D3/><U126/><E68/><V19/><F0/><W69/><G69/><T37/><D49/><U104/><E132/><V105/><F5/><W29/><G92/><T51/><D51/><U95/><E104/><V10/><F105/><W42/><G42/><T112/><D112/><U89/><E101/><V16/><F33/><W76/><AGARI ba="2,0" hai="20,23,26,27,28,29,74,76,80,88,90" m="50699" machi="76" ten="30,2000,0" yaku="20,1,54,1" doraHai="59" who="3" fromWho="3" sc="227,-7,250,-7,131,-12,392,26" /><INIT seed="3,0,0,0,1,42" ten="220,243,119,418" oya="3" hai0="57,129,120,16,83,69,97,46,135,35,94,2,3" hai1="90,91,125,54,68,66,14,92,108,74,76,84,77" hai2="39,86,1,132,17,79,107,33,61,126,82,123,43" hai3="58,51,11,4,28,112,99,103,56,116,23,131,124"/><W81/><G116/><T8/><D120/><U121/><E121/><V63/><F123/><W104/><G124/><T37/><D69/><U78/><E74/><V134/><F126/><W133/><G131/><T96/><D35/><U0/><E0/><V7/><F107/><W32/><G32/><T36/><D129/><U30/><E125/><V75/><F33/><W130/><G130/><T105/><D105/><U41/><E108/><V49/><F49/><W44/><G81/><T60/><D135/><U102/><E102/><V119/><F119/><W109/><G112/><T128/><D83/><U45/><E54/><V47/><F17/><W111/><G133/><T29/><D29/><U5/><E30/><V26/><F26/><N who="3" m="16479" /><G11/><T13/><D97/><U12/><E5/><V22/><F22/><W24/><G24/><T15/><D128/><U127/><E127/><V100/><F100/><W64/><G4/><T40/><D13/><U85/><E66/><V73/><F73/><W118/><G64/><T53/><D36/><U101/><E101/><AGARI ba="0,0" hai="2,3,8,15,16,37,40,46,53,57,60,94,96,101" machi="101" ten="30,3900,0" yaku="7,1,52,1,54,1" doraHai="42" who="0" fromWho="1" sc="220,39,243,-39,119,0,418,0" owari="259,5.9,204,-19.6,119,-38.1,418,51.8" /></mjloggm>