<mjloggm ver="2.3"><GO type="225" lobby="0"/><UN n0="%E3%81%A6%E3%81%A4%EF%BC%A3" n1="%72%69%6F%75%63%68%61%6E" n2="%E7%9C%9F%E4%B8%80" n3="%E9%89%A2%E5%B7%BB%E3%82%AC%E3%83%96" dan="16,17,17,16" rate="2056.00,2226.50,2248.73,2076.56" sx="M,M,M,M"/><TAIKYOKU oya="0"/><INIT seed="0,0,0,3,0,48" ten="250,250,250,250" oya="0" hai0="50,41,103,3,6,76,89,57,105,8,39,113,9" hai1="70,17,59,30,5,52,42,77,46,85,11,122,87" hai2="99,0,112,4,92,64,106,119,130,126,73,10,25" hai3="15,27,132,86,19,45,34,98,108,1,37,93,90"/><T72/><D113/><U18/><E122/><V84/><F73/><W43/><G108/><T36/><D89/><U2/><E70/><V35/><F112/><W38/><G132/><T56/><D72/><U63/><E30/><V28/><F130/><W26/><G1/><T16/><D76/><U111/><E111/><V104/><F126/><W101/><G34/><T117/><D117/><U69/><E69/><V13/><F119/><W116/><G37/><T53/><D57/><U79/><E79/><V66/><F84/><W71/><G71/><T80/><D80/><U123/><E123/><V29/><F29/><W74/><G74/><T94/><D105/><U33/><E33/><V95/><F95/><W44/><G44/><T96/><REACH who="0" step="1"/><D41/><REACH who="0" ten="240,250,250,250" step="2"/><U21/><E77/><V107/><REACH who="2" step="1"/><F0/><REACH who="2" ten="240,250,240,250" step="2"/><W88/><G116/><T131/><D131/><U114/><E114/><V115/><F115/><W40/><G40/><T135/><D135/><U124/><E124/><V51/><F51/><W54/><G90/><AGARI ba="0,2" hai="4,10,13,25,28,35,64,66,90,92,99,104,106,107" machi="90" ten="40,1300,0" yaku="1,1,53,0" doraHai="48" doraHaiUra="121" who="2" fromWho="3" sc="240,0,250,0,240,33,250,-13" /><INIT seed="1,0,0,0,3,88" ten="240,250,273,237" oya="1" hai0="20,30,1,70,96,2,62,64,27,36,52,80,81" hai1="68,11,22,57,56,31,102,83,17,135,89,14,55" hai2="23,107,41,86,109,16,115,65,98,63,53,67,21" hai3="111,125,124,49,5,134,127,7,114,100,9,128,46"/><U121/><E121/><V133/><F109/><W10/><G100/><T92/><D36/><U25/><E135/><V93/><F133/><W24/><G134/><T4/><D1/><U19/><E68/><V103/><F115/><W59/><G59/><T13/><D2/><U60/><E102/><V0/><F0/><W58/><G58/><T66/><D66/><U47/><E56/><N who="2" m="35215" /><F107/><W85/><G114/><T116/><D116/><U95/><E47/><V75/><F75/><W79/><G111/><T130/><D52/><N who="1" m="33831" /><E83/><V112/><F112/><W97/><G24/><T37/><D37/><U113/><E113/><V74/><F74/><W77/><G97/><T51/><D51/><U99/><E55/><V104/><F104/><W72/><G72/><T120/><D130/><U117/><E117/><V123/><F123/><W78/><G85/><T101/><REACH who="0" step="1"/><D120/><REACH who="0" ten="230,250,273,237" step="2"/><U8/><E8/><AGARI ba="0,1" hai="4,8,13,20,27,30,62,64,70,80,81,92,96,101" machi="8" ten="40,5200,0" yaku="1,1,2,1,52,1,53,0" doraHai="88" doraHaiUra="33" who="0" fromWho="1" sc="230,62,250,-52,273,0,237,0" /><INIT seed="2,0,0,5,2,63" ten="292,198,273,237" oya="2" hai0="46,35,64,29,120,30,98,62,103,36,41,76,39" hai1="129,4,107,65,51,100,2,131,67,24,22,123,66" hai2="38,75,85,119,49,93,97,96,118,21,99,104,70" hai3="91,28,31,5,84,121,113,40,54,20,26,60,114"/><V92/><F38/><W132/><G121/><T34/><D120/><U128/><E123/><V127/><F70/><W7/><G31/><T71/><D29/><N who="1" m="17559" /><E51/><V27/><F75/><W95/><G132/><T125/><D125/><U14/><E2/><V17/><F127/><W68/><G40/><N who="0" m="22791" /><D76/><U53/><E53/><V15/><F104/><W18/><G18/><T47/><D30/><U6/><E14/><V61/><F61/><W48/><G60/><T55/><D55/><U83/><E83/><V79/><F118/><W45/><REACH who="3" step="1"/><G68/><REACH who="3" ten="292,198,273,227" step="2"/><T117/><D117/><U0/><E0/><V101/><F119/><W86/><G86/><T73/><D73/><U105/><E105/><AGARI ba="0,1" hai="34,35,39,41,47,62,64,71,98,103,105" m="22791" machi="105" ten="30,3900,0" yaku="33,2,52,1" doraHai="63" who="0" fromWho="1" sc="292,49,198,-39,273,0,227,0" /><INIT seed="3,0,0,5,1,57" ten="341,159,273,227" oya="3" hai0="44,75,112,121,11,28,79,129,46,95,124,10,6" hai1="52,96,22,99,87,65,72,92,111,117,0,42,68" hai2="106,115,125,31,76,5,16,71,20,32,119,109,118" hai3="134,86,45,90,97,38,82,105,24,51,135,12,8"/><W126/><G38/><T14/><D121/><U4/><E111/><V1/><F106/><W77/><G126/><T29/><D124/><U120/><E120/><V67/><F76/><W63/><G24/><T78/><D129/><U108/><E108/><V55/><F125/><W49/><G49/><T69/><D69/><U30/><E117/><V36/><F36/><W89/><G105/><T73/><D95/><U35/><E72/><V131/><F55/><W93/><G63/><T61/><D61/><U103/><E35/><V102/><F102/><W39/><G39/><T56/><D56/><U58/><E42/><V62/><F115/><W70/><G70/><T101/><D101/><U53/><E68/><V130/><F109/><W59/><G59/><T47/><D46/><U15/><E87/><V85/><F85/><W114/><G114/><T33/><D14/><U81/><E81/><V19/><F19/><W13/><G13/><T18/><D18/><U54/><E99/><V133/><F133/><W25/><G25/><T34/><D6/><U107/><E107/><V7/><F31/><W17/><REACH who="3" step="1"/><G77/><REACH who="3" ten="341,159,273,217" step="2"/><T48/><D48/><U94/><E0/><V116/><F1/><W88/><G88/><T27/><D27/><N who="1" m="16759" /><E94/><V110/><F110/><W2/><G2/><T40/><D112/><U83/><E83/><V128/><F32/><W64/><G64/><T132/><D132/><U3/><E3/><V66/><F66/><W98/><G98/><T100/><D100/><U113/><E113/><V21/><F119/><W74/><G74/><T23/><D33/><U127/><E127/><RYUUKYOKU ba="0,1" sc="341,-10,159,-10,273,-10,217,30" hai3="8,12,17,45,51,82,86,89,90,93,97,134,135" /><INIT seed="3,1,1,5,5,55" ten="331,149,263,247" oya="3" hai0="52,35,122,36,64,30,117,60,77,17,79,109,46" hai1="119,26,19,58,115,108,76,0,124,42,6,51,38" hai2="10,100,89,67,18,71,81,49,21,50,7,13,134" hai3="62,45,130,104,101,3,29,121,102,33,5,128,126"/><W93/><G121/><T11/><D122/><U78/><E115/><V125/><F125/><W120/><G120/><T32/><D117/><U47/><E108/><V80/><F134/><W73/><G126/><T9/><D109/><U105/><E124/><V94/><F100/><W40/><G73/><T22/><D35/><U4/><E119/><V85/><F71/><W84/><G62/><T99/><D30/><U110/><E110/><V96/><F67/><W8/><G84/><T92/><D32/><U87/><E105/><V88/><REACH who="2" step="1"/><F80/><REACH who="2" ten="331,149,253,247" step="2"/><W41/><G93/><T27/><D64/><U107/><E107/><V91/><F91/><W72/><G72/><T24/><D77/><U59/><E0/><AGARI ba="1,2" hai="0,7,10,13,18,21,49,50,81,85,88,89,94,96" machi="0" ten="30,3900,0" yaku="1,1,7,1,54,1,53,0" doraHai="55" doraHaiUra="48" who="2" fromWho="1" sc="331,0,149,-42,253,62,247,0" owari="331,43.1,107,-39.3,315,11.5,247,-15.3" /></mjloggm>