<mjloggm ver="2.3"><GO type="225" lobby="0"/><UN n0="%E6%98%93%E5%88%A9%E8%96%A9%E4%BC%AF" n1="%6D%75%75%73%61%6E%6D%75" n2="%44%2E%65%61%67%6C%65" n3="%E6%97%A5%E6%9B%9C%E6%97%A5%E3%82%88%E3%82%8A%E3%81%AE%E4%BD%BF%E8%80%85" dan="16,16,16,16" rate="2078.18,2146.46,2128.59,2118.95" sx="F,F,M,M"/><TAIKYOKU oya="0"/><INIT seed="0,0,0,2,2,135" ten="250,250,250,250" oya="0" hai0="91,42,28,133,87,76,13,113,51,14,32,10,71" hai1="50,124,88,84,72,20,74,101,105,123,98,75,116" hai2="115,103,92,6,125,11,2,95,66,131,99,21,111" hai3="58,29,68,49,97,35,8,0,47,43,59,67,26"/><T41/><D113/><U134/><E134/><V65/><F115/><W96/><G96/><T78/><D71/><U73/><E116/><V63/><F111/><W126/><G126/><T18/><D133/><U27/><E123/><V61/><F131/><W62/><G0/><T25/><D14/><U15/><E75/><V102/><F21/><W39/><G8/><T110/><D110/><U80/><E124/><V53/><F125/><W52/><G59/><T107/><D107/><U121/><E121/><V37/><F37/><W56/><G58/><T4/><D4/><U89/><E50/><V70/><F53/><W9/><G9/><T22/><D32/><U57/><E57/><V119/><F119/><W44/><G97/><T79/><REACH who="0" step="1"/><D51/><REACH who="0" ten="240,250,250,250" step="2"/><U117/><E117/><V38/><F38/><W129/><REACH who="3" step="1"/><G47/><REACH who="3" ten="240,250,250,240" step="2"/><T36/><D36/><U106/><E106/><V132/><F132/><W33/><G33/><T45/><D45/><U7/><E7/><V46/><F46/><W60/><G60/><T12/><D12/><U114/><E114/><V94/><REACH who="2" step="1"/><F99/><REACH who="2" ten="240,250,240,240" step="2"/><W93/><G93/><AGARI ba="0,3" hai="10,13,18,22,25,28,41,42,76,78,79,87,91,93" machi="93" ten="40,3900,0" yaku="1,1,8,1,53,0" doraHai="135" doraHaiUra="3" who="0" fromWho="3" sc="240,69,250,0,240,0,240,-39" /><INIT seed="0,1,0,2,0,121" ten="309,250,240,201" oya="0" hai0="47,3,30,106,93,73,94,78,54,134,43,97,10" hai1="125,2,14,79,108,75,0,71,105,67,37,36,12" hai2="83,9,111,124,41,89,24,6,92,45,86,51,38" hai3="103,32,1,46,11,57,102,63,128,42,40,101,39"/><T52/><D134/><U84/><E105/><V88/><F124/><W17/><G32/><T85/><D30/><U27/><E125/><V132/><F132/><W77/><G128/><T99/><D85/><U31/><E75/><V62/><F62/><W98/><G42/><T90/><D106/><U13/><E71/><V114/><F114/><W19/><G77/><T118/><D118/><U117/><E67/><V76/><F38/><W80/><G80/><T72/><D72/><U82/><E117/><V21/><F92/><W25/><G25/><T81/><D10/><U16/><E108/><V5/><F111/><W122/><G122/><T15/><D15/><U58/><E58/><V126/><F126/><W123/><G123/><T64/><D64/><U107/><E107/><V33/><F33/><W66/><REACH who="3" step="1"/><G98/><REACH who="3" ten="309,250,240,191" step="2"/><T60/><D43/><U35/><E36/><V48/><F48/><W113/><G113/><T44/><D81/><U87/><E37/><V129/><F129/><W22/><G22/><T53/><D78/><U28/><E84/><V91/><REACH who="2" step="1"/><F9/><REACH who="2" ten="309,250,230,191" step="2"/><W119/><G119/><T34/><D34/><U70/><E35/><V69/><F69/><W18/><G18/><AGARI ba="1,2" hai="5,6,18,21,24,41,45,51,76,83,86,88,89,91" machi="18" ten="40,5200,0" yaku="1,1,8,1,54,1,53,0" doraHai="121" doraHaiUra="65" who="2" fromWho="3" sc="309,0,250,0,230,75,191,-55" /><INIT seed="1,0,0,0,2,6" ten="309,250,305,136" oya="1" hai0="4,60,118,61,72,96,39,93,110,1,33,109,30" hai1="20,73,43,24,67,117,112,113,76,22,37,69,83" hai2="68,28,111,49,82,99,48,19,84,56,89,55,135" hai3="119,131,27,10,17,133,122,79,5,2,90,120,124"/><U127/><E117/><V9/><F68/><W57/><G79/><T126/><D72/><U70/><E127/><V81/><F111/><N who="0" m="42506" /><D39/><U101/><E101/><V34/><F135/><W36/><G36/><T86/><D86/><U15/><E43/><V80/><F99/><W63/><G124/><T85/><D118/><U21/><E37/><V66/><F66/><W45/><G119/><T92/><D30/><U29/><E69/><V25/><F49/><W41/><G133/><T74/><D33/><U132/><E132/><V13/><AGARI ba="0,0" hai="9,13,19,25,28,34,48,55,56,80,81,82,84,89" machi="13" ten="30,2000,0" yaku="0,1,52,1" doraHai="6" who="2" fromWho="2" sc="309,-5,250,-10,305,20,136,-5" /><INIT seed="2,0,0,3,5,99" ten="304,240,325,131" oya="2" hai0="40,97,59,90,48,129,82,127,71,80,36,1,45" hai1="25,41,13,70,7,74,73,50,2,32,33,20,124" hai2="31,35,23,132,62,30,66,102,37,112,110,51,113" hai3="53,67,27,131,14,101,98,133,75,81,88,121,96"/><V79/><F37/><W28/><G121/><T54/><D1/><U18/><E70/><V29/><F35/><N who="1" m="13385" /><E50/><V116/><F116/><W93/><G131/><T94/><D129/><U72/><E41/><V56/><F110/><W105/><G133/><T76/><D127/><U122/><E72/><V5/><F132/><W107/><G67/><T63/><REACH who="0" step="1"/><D76/><REACH who="0" ten="294,240,325,131" step="2"/><U134/><E124/><V130/><F79/><W10/><G53/><T91/><D91/><U117/><E2/><V89/><F130/><W106/><G75/><T52/><D52/><U39/><E74/><V57/><F89/><W46/><G46/><T64/><AGARI ba="0,1" hai="36,40,45,48,54,59,63,64,71,80,82,90,94,97" machi="64" ten="30,7900,0" yaku="1,1,0,1,24,2,53,0" doraHai="99" doraHaiUra="128" who="0" fromWho="0" sc="294,89,240,-20,325,-39,131,-20" /><INIT seed="3,0,0,1,0,23" ten="383,220,286,111" oya="3" hai0="48,115,33,18,14,111,0,66,105,79,90,86,120" hai1="15,74,39,46,73,6,133,56,98,69,106,87,10" hai2="126,127,29,22,101,61,32,16,117,9,51,34,52" hai3="95,122,84,113,4,21,81,24,67,108,13,65,92"/><W128/><G113/><T49/><D0/><U99/><E69/><V93/><F117/><W40/><G40/><T17/><D105/><U130/><E74/><V71/><F9/><N who="3" m="4263" /><G128/><T75/><D120/><U60/><E73/><V125/><F29/><N who="3" m="17551" /><G122/><T72/><D79/><U47/><E106/><V119/><F119/><W124/><G124/><T134/><D33/><U63/><E39/><V42/><F42/><W62/><G108/><T55/><D49/><U70/><E130/><V103/><F61/><N who="1" m="23625" /><E70/><V38/><F38/><W129/><G129/><T80/><D115/><U123/><E123/><V83/><F83/><W37/><G37/><T36/><D111/><U11/><E11/><V85/><F71/><W20/><G20/><T107/><D107/><U78/><E133/><V109/><F109/><W114/><G114/><T112/><D134/><U26/><E26/><N who="2" m="14663" /><F34/><W91/><G62/><T96/><D80/><N who="1" m="47511" /><E56/><N who="2" m="32799" /><F32/><W64/><AGARI ba="0,0" hai="64,65,67,81,84,91,92,95" m="17551,4263" machi="64" ten="30,3000,0" yaku="8,1,52,1" doraHai="23" who="3" fromWho="3" sc="383,-10,220,-10,286,-10,111,30" /><INIT seed="3,1,0,3,4,122" ten="373,210,276,141" oya="3" hai0="98,61,81,119,67,73,49,43,2,5,84,41,78" hai1="25,132,8,68,127,9,89,24,52,27,130,26,93" hai2="12,42,1,21,23,57,13,65,102,101,58,123,125" hai3="60,85,106,77,39,95,109,4,64,87,112,34,80"/><W104/><G112/><T16/><D73/><U114/><E68/><V75/><F75/><W72/><G39/><T47/><D119/><U126/><E114/><V115/><F1/><W107/><G34/><T128/><D128/><U74/><E130/><V91/><F115/><W63/><G4/><T79/><D2/><U31/><E74/><V118/><F125/><N who="1" m="47625" /><E132/><V70/><F70/><W50/><G109/><T51/><D98/><N who="1" m="57647" /><E52/><V7/><F123/><W121/><G121/><T55/><D78/><U40/><E40/><V56/><F42/><W14/><G14/><N who="2" m="5737" /><F118/><W0/><G0/><T90/><D16/><U116/><E116/><V19/><F19/><W28/><G28/><T38/><D38/><U6/><E6/><V3/><F3/><W33/><G33/><AGARI ba="1,0" hai="8,9,24,25,26,27,31,33" m="57647,47625" machi="33" ten="30,1000,0" yaku="18,1" doraHai="122" who="1" fromWho="3" sc="373,0,210,13,276,0,141,-13" owari="373,47.3,223,-17.7,276,7.6,128,-37.2" /></mjloggm>