<mjloggm ver="2.3"><GO type="225" lobby="0"/><UN n0="%E9%A2%A8%E3%81%A7%E9%B3%B4%E3%81%8F" n1="%E7%B4%94%E6%BD%94%E3%83%94%E3%83%A9%E3%83%8B%E3%82%A2" n2="%6D%75%75%6D%75%72%61" n3="%E6%97%A5%E6%9B%9C%E6%97%A5%E3%82%88%E3%82%8A%E3%81%AE%E4%BD%BF%E8%80%85" dan="16,17,16,18" rate="2155.21,2265.00,2138.42,2164.04" sx="M,M,F,M"/><TAIKYOKU oya="0"/><INIT seed="0,0,0,5,0,19" ten="250,250,250,250" oya="0" hai0="52,121,97,64,125,57,59,104,35,122,107,94,32" hai1="90,124,49,102,129,95,48,79,135,123,41,62,93" hai2="9,74,61,105,126,128,114,73,7,89,87,108,42" hai3="0,80,88,2,84,131,109,133,17,12,92,69,23"/><T25/><D64/><U34/><E34/><V36/><F114/><W33/><G69/><T116/><D116/><U71/><E79/><V6/><F108/><W37/><G37/><T99/><D94/><U10/><E41/><V117/><F105/><W3/><G109/><T47/><D25/><U120/><E10/><V16/><F117/><W72/><G131/><T53/><REACH who="0" step="1"/><D47/><REACH who="0" ten="240,250,250,250" step="2"/><U77/><E95/><V50/><F128/><W96/><G133/><T101/><D101/><U83/><E93/><V68/><F68/><W46/><G46/><T56/><D56/><U24/><E102/><V14/><F126/><AGARI ba="0,1" hai="32,35,52,53,57,59,97,99,104,107,121,122,125,126" machi="126" ten="25,18000,2" yaku="1,1,22,2,54,1,53,2" doraHai="19" doraHaiUra="103" who="0" fromWho="2" sc="240,190,250,0,250,-180,250,0" /><INIT seed="0,1,0,2,0,27" ten="430,250,70,250" oya="0" hai0="82,105,116,83,84,1,129,28,32,72,47,44,112" hai1="61,86,21,14,100,91,114,74,118,20,67,113,43" hai2="41,99,111,24,57,16,18,8,135,38,45,6,73" hai3="49,70,7,95,63,85,131,121,10,110,107,56,132"/><T88/><D105/><U134/><E74/><V119/><F111/><W97/><G70/><T2/><D116/><U75/><E75/><V65/><F119/><W58/><G107/><T101/><D101/><U98/><E43/><V125/><F125/><W102/><G110/><T36/><D112/><N who="1" m="43115" /><E14/><V0/><F135/><W53/><G131/><T37/><D129/><U33/><E33/><V54/><F65/><W60/><G132/><T42/><D32/><U9/><E9/><V31/><F99/><W133/><G133/><T81/><D28/><U106/><E118/><V80/><F80/><W30/><G121/><T46/><D72/><U5/><E5/><V94/><F94/><W66/><G30/><T124/><D124/><U62/><E62/><V96/><F96/><W25/><G25/><T19/><D19/><U69/><E134/><V59/><F73/><W4/><G63/><T48/><D37/><U109/><E109/><V126/><F126/><W40/><G40/><T76/><D76/><U11/><E11/><V130/><F130/><W77/><REACH who="3" step="1"/><G10/><REACH who="3" ten="430,250,70,240" step="2"/><T17/><D42/><U103/><E103/><V15/><F54/><W71/><G71/><T68/><D68/><U50/><E50/><V128/><F128/><W22/><G22/><T34/><D48/><U90/><E21/><N who="2" m="11423" /><F18/><W26/><G26/><T87/><D34/><AGARI ba="1,1" hai="0,6,8,24,31,34,38,41,45,57,59" m="11423" machi="34" ten="30,3900,0" yaku="24,1,52,1,54,1" doraHai="27" who="2" fromWho="0" sc="430,-42,250,0,70,52,240,0" /><INIT seed="1,0,0,4,2,79" ten="388,250,122,240" oya="1" hai0="25,92,91,98,59,27,133,56,63,31,58,114,104" hai1="14,28,40,29,99,9,22,30,23,118,81,87,42" hai2="73,70,12,34,54,112,72,32,84,111,16,90,10" hai3="119,108,115,18,120,19,102,78,41,71,35,76,11"/><U113/><E118/><V126/><F111/><W2/><G71/><T3/><D3/><U67/><E67/><V85/><F126/><W74/><G35/><T48/><D114/><U52/><E99/><V125/><F112/><W132/><G115/><T38/><D38/><U57/><E42/><V123/><F125/><W69/><G69/><T116/><D116/><U110/><E40/><V8/><F123/><W100/><G120/><T131/><D131/><U86/><E86/><V24/><F70/><W103/><G108/><T129/><D129/><U39/><E39/><V135/><F135/><W43/><G132/><T7/><D7/><N who="1" m="3391" /><E110/><V55/><F24/><W127/><G127/><T77/><D133/><U117/><E117/><V101/><F12/><W15/><G2/><T61/><D104/><U134/><E134/><V60/><F60/><N who="0" m="23114" /><D77/><N who="3" m="29801" /><G74/><T83/><D83/><U82/><E113/><V4/><F4/><N who="3" m="3559" /><G119/><T95/><D31/><U51/><E87/><V80/><F101/><W62/><G62/><T21/><D48/><U36/><E36/><V96/><F96/><W44/><G41/><T37/><D37/><U1/><E1/><V6/><F6/><W26/><G26/><T130/><D130/><U17/><E23/><V128/><F128/><W64/><G64/><T68/><D68/><U121/><E121/><V88/><F80/><W45/><G43/><T46/><D21/><U107/><E107/><V122/><F122/><W0/><G0/><T65/><D65/><U97/><E97/><V5/><F5/><W106/><G106/><T33/><D98/><U75/><E75/><RYUUKYOKU ba="0,0" sc="388,-30,250,10,122,10,240,10" hai1="17,22,28,29,30,51,52,57,81,82" hai2="8,10,16,32,34,54,55,72,73,84,85,88,90" hai3="18,19,44,45,100,102,103" /><INIT seed="1,1,0,4,1,92" ten="358,260,132,250" oya="1" hai0="27,102,67,90,54,35,32,60,4,52,122,111,47" hai1="34,14,18,77,59,107,13,7,19,10,31,39,25" hai2="62,97,21,89,49,104,87,114,29,119,24,26,86" hai3="65,99,93,109,88,96,66,53,63,68,76,123,40"/><U98/><E39/><V56/><F119/><W45/><G123/><T22/><D111/><U42/><E42/><V58/><F114/><W121/><G121/><T129/><D122/><U91/><E77/><V48/><F26/><W75/><G109/><T94/><D102/><U72/><E72/><V130/><F130/><W95/><G75/><T61/><D129/><U1/><E59/><V44/><F44/><W50/><G76/><T79/><D79/><U101/><E91/><V106/><F106/><W134/><G134/><T3/><D3/><U57/><E57/><V100/><F58/><N who="3" m="35279" /><G68/><T38/><D4/><U5/><REACH who="1" step="1"/><E1/><REACH who="1" ten="358,250,132,250" step="2"/><V11/><F11/><AGARI ba="1,1" hai="5,7,10,11,13,14,18,19,25,31,34,98,101,107" machi="11" ten="30,18000,2" yaku="1,1,2,1,7,1,9,1,52,1,53,2" doraHai="92" doraHaiUra="12" who="1" fromWho="2" sc="358,0,250,193,132,-183,250,0" owari="358,15.8,443,54.3,-51,-55.1,250,-15.0" /></mjloggm>