<mjloggm ver="2.3"><GO type="225" lobby="0"/><UN n0="%74%61%6B%75%61%6B%61" n1="%E3%81%8B%E3%82%8F%E3%81%A1%E3%82%83%E3%82%93%35%38" n2="%E3%81%95%E3%81%8D%E3%81%9F%E3%81%BE%E6%9E%97%E6%AA%8E" n3="%E3%83%A2%E3%83%B3%E3%82%AD%E3%83%BC%E3%83%88%E3%83%AA%E3%83%83%E3%82%AF" dan="17,16,16,17" rate="2255.83,2125.56,2116.66,2164.06" sx="M,M,M,M"/><TAIKYOKU oya="0"/><INIT seed="0,0,0,0,0,119" ten="250,250,250,250" oya="0" hai0="88,107,98,4,17,129,106,125,60,123,85,112,50" hai1="55,75,64,111,63,87,23,34,114,90,93,47,7" hai2="49,15,36,35,1,45,44,122,26,66,82,18,117" hai3="10,13,104,3,69,51,9,118,62,32,76,38,96"/><T54/><D112/><U56/><E34/><V89/><F122/><W99/><G32/><T41/><D125/><U130/><E75/><V68/><F117/><W121/><G38/><T61/><D129/><U31/><E130/><V95/><F1/><W97/><G118/><T6/><D123/><U91/><E111/><V101/><F101/><W113/><G113/><T116/><D116/><U73/><E73/><V37/><F82/><W53/><G104/><T11/><D41/><U27/><E114/><V29/><F66/><W80/><G3/><T46/><D106/><U84/><E7/><N who="0" m="2601" /><D98/><U0/><E0/><V134/><F68/><W81/><G121/><T28/><D28/><U67/><REACH who="1" step="1"/><E47/><REACH who="1" ten="250,240,250,250" step="2"/><V115/><F45/><W70/><G70/><T128/><D128/><U110/><E110/><V132/><F115/><W126/><G126/><T33/><D33/><U102/><E102/><V92/><F44/><W135/><G69/><T2/><D2/><U127/><E127/><V12/><F35/><W120/><G120/><T131/><D131/><U48/><E48/><V59/><F49/><W124/><G124/><T21/><D107/><U16/><E16/><V100/><F18/><W30/><G51/><T108/><D108/><U72/><E72/><V94/><F100/><W103/><G103/><T52/><D46/><U19/><E19/><V5/><F5/><W109/><G109/><T42/><D50/><U25/><E25/><V83/><F26/><W8/><G30/><T71/><D17/><U74/><E74/><V40/><F29/><W43/><G13/><T78/><D71/><RYUUKYOKU ba="0,1" sc="250,-10,240,30,250,-10,250,-10" hai1="23,27,31,55,56,63,64,67,84,87,90,91,93" /><INIT seed="1,1,1,0,5,117" ten="240,270,240,240" oya="1" hai0="128,65,9,48,44,97,18,74,100,135,40,33,28" hai1="13,123,42,56,133,37,105,110,89,68,112,51,86" hai2="35,53,113,70,116,22,12,61,126,67,107,25,30" hai3="75,79,77,62,109,7,84,57,46,73,76,66,119"/><U118/><E105/><V20/><F116/><W2/><G119/><T81/><D128/><U6/><E6/><V49/><F126/><W64/><G109/><T83/><D135/><U43/><E13/><V1/><F1/><W99/><G66/><T55/><D74/><U19/><E86/><V98/><F113/><W122/><G122/><T50/><D65/><U114/><E89/><V93/><F12/><W58/><G58/><T106/><D18/><U72/><E19/><V134/><F134/><W129/><G129/><T108/><D9/><U26/><E26/><V111/><F111/><W10/><G84/><T21/><D33/><U102/><E102/><N who="2" m="62935" /><F93/><W132/><G132/><T104/><D104/><U8/><E8/><V54/><F54/><W0/><G0/><T103/><D103/><U52/><E72/><V39/><F39/><W120/><G120/><T121/><D121/><U101/><E101/><V14/><F14/><W17/><G99/><T78/><D78/><U88/><E118/><V41/><F41/><N who="1" m="15369" /><E37/><V38/><F38/><W63/><G17/><T91/><D91/><U125/><E133/><V82/><F82/><W96/><G96/><T60/><D108/><U3/><E3/><V11/><F11/><W5/><G5/><T23/><D23/><U69/><E123/><V47/><AGARI ba="1,1" hai="20,22,25,30,35,47,49,53,61,67,70" m="62935" machi="47" ten="30,1100,0" yaku="25,1" doraHai="117" who="2" fromWho="2" sc="240,-4,270,-6,240,24,240,-4" /><INIT seed="2,0,0,5,0,72" ten="236,264,264,236" oya="2" hai0="121,51,2,135,120,88,108,116,53,125,3,126,39" hai1="8,81,131,31,92,34,104,35,0,63,43,32,109" hai2="71,132,129,80,86,57,17,128,62,45,19,68,67" hai3="105,52,55,6,20,93,22,30,15,38,23,56,112"/><V40/><F132/><W122/><G38/><T83/><D39/><U44/><E104/><V91/><F19/><W79/><G105/><T5/><D108/><U16/><E92/><V4/><F4/><W73/><G122/><N who="0" m="47211" /><D5/><U10/><E63/><V134/><F17/><W60/><G112/><T65/><D65/><U26/><E81/><V87/><F87/><W66/><G73/><T84/><D135/><U9/><E44/><V75/><F75/><W1/><G1/><T46/><D116/><U100/><E100/><V89/><F89/><W107/><G107/><T95/><D95/><U82/><E43/><V85/><F85/><W113/><G113/><T97/><D97/><U90/><E90/><V96/><F96/><W12/><G93/><T24/><D24/><N who="1" m="18535" /><E82/><V118/><F118/><W14/><G6/><T28/><D28/><N who="1" m="19735" /><E109/><V59/><F59/><W42/><G30/><T94/><D94/><U48/><E48/><N who="2" m="26663" /><F134/><W25/><G42/><T47/><D47/><U29/><E131/><AGARI ba="0,0" hai="57,62,67,68,71,80,86,91,128,129,131" m="26663" machi="131" ten="30,1500,0" yaku="19,1" doraHai="72" who="2" fromWho="1" sc="236,0,264,-15,264,15,236,0" /><INIT seed="2,1,0,3,1,103" ten="236,249,279,236" oya="2" hai0="119,25,53,104,108,54,87,22,57,42,12,27,0" hai1="33,102,78,50,51,23,111,75,90,129,38,43,36" hai2="79,86,65,93,105,9,44,56,16,34,28,17,74" hai3="68,96,133,61,125,60,30,101,52,132,130,55,45"/><V112/><F112/><W62/><G125/><T97/><D0/><U126/><E33/><V20/><F74/><W63/><G130/><T14/><D108/><U94/><E102/><V15/><F34/><W124/><G124/><T131/><D131/><U83/><E126/><V73/><F73/><W76/><G76/><T46/><D119/><U39/><E129/><V115/><F115/><W120/><G30/><T92/><D104/><U24/><E111/><V123/><F28/><W21/><G120/><T35/><D87/><U13/><E13/><N who="0" m="5225" /><D35/><U18/><REACH who="1" step="1"/><E43/><REACH who="1" ten="236,239,279,236" step="2"/><V84/><F123/><W116/><G116/><T100/><D42/><U127/><E127/><V106/><F15/><W109/><G109/><T10/><D10/><U128/><E128/><V59/><F9/><W32/><G32/><T91/><D100/><U70/><E70/><V41/><F41/><W69/><G21/><T134/><D22/><U6/><E6/><V58/><F20/><W85/><G68/><T121/><D121/><U8/><E8/><V135/><F106/><W77/><G69/><T47/><D134/><U67/><E67/><V64/><F105/><N who="3" m="63655" /><G133/><T2/><D2/><U31/><E31/><V81/><F135/><W49/><G132/><T80/><D53/><U40/><E40/><V1/><F1/><W37/><N who="3" m="15360" /><DORA hai="7" /><W88/><G37/><T3/><D3/><U113/><E113/><V4/><F65/><W82/><G55/><T89/><D25/><U71/><E71/><V110/><F64/><W66/><G66/><T26/><D26/><U72/><E72/><V11/><F110/><RYUUKYOKU ba="1,1" sc="236,-15,239,15,279,-15,236,15" hai1="18,23,24,36,38,39,50,51,75,78,83,90,94" hai3="45,49,52,77,82,85,88" /><INIT seed="3,2,1,2,5,123" ten="221,254,264,251" oya="3" hai0="39,3,62,73,110,35,66,19,126,57,70,38,26" hai1="43,101,0,93,129,112,53,1,34,36,103,44,17" hai2="134,63,64,42,27,58,46,94,11,116,45,82,115" hai3="10,47,95,68,74,119,56,90,60,32,80,69,37"/><W91/><G32/><T9/><D57/><U125/><E112/><V24/><F115/><W102/><G119/><T114/><D114/><U96/><E34/><V59/><F116/><W113/><G102/><T130/><D130/><U117/><E117/><V99/><F134/><W55/><G113/><T8/><D8/><U84/><E129/><V22/><F11/><W71/><G10/><T75/><D126/><U41/><E41/><V72/><F59/><W132/><G132/><T65/><D65/><U128/><E128/><V86/><F72/><N who="0" m="27722" /><D19/><U83/><E125/><V111/><F111/><W89/><G74/><T120/><D120/><U54/><E103/><N who="2" m="60919" /><F42/><W108/><G80/><T16/><D16/><U6/><E17/><N who="2" m="12367" /><F27/><W5/><G5/><N who="0" m="1215" /><D110/><U67/><E6/><V7/><F7/><W121/><G121/><T122/><D122/><U87/><E0/><V97/><F97/><W21/><G21/><T131/><D131/><U78/><E1/><V124/><F124/><W51/><G108/><T29/><AGARI ba="2,1" hai="26,29,35,38,39,62,66,70" m="1215,27722" machi="29" ten="30,2000,0" yaku="33,2" doraHai="123" who="0" fromWho="0" sc="221,36,254,-7,264,-7,251,-12" /><INIT seed="4,0,0,4,2,126" ten="257,247,257,239" oya="0" hai0="64,80,106,43,91,55,7,50,65,56,17,24,134" hai1="102,121,96,59,115,34,119,30,66,0,104,29,75" hai2="33,110,101,116,86,120,77,109,9,72,70,57,124" hai3="93,97,113,42,1,15,78,73,60,122,20,45,111"/><T135/><D106/><U130/><E119/><V38/><F124/><W94/><G1/><T133/><D7/><U83/><E121/><V118/><F120/><W99/><G111/><T2/><D2/><U37/><E37/><V8/><F70/><W108/><G108/><T90/><D43/><U54/><E0/><V127/><F127/><W85/><G73/><T82/><D82/><U67/><E115/><V27/><F72/><W61/><G122/><T84/><REACH who="0" step="1"/><D91/><REACH who="0" ten="247,247,257,239" step="2"/><U98/><E83/><V10/><F110/><W49/><G113/><T114/><D114/><U63/><E104/><V44/><F109/><W32/><G32/><T71/><D71/><U35/><E35/><V62/><F33/><W28/><G94/><T21/><AGARI ba="0,1" hai="17,21,24,50,55,56,64,65,80,84,90,133,134,135" machi="21" ten="40,7800,0" yaku="1,1,0,1,20,1,53,0" doraHai="126" doraHaiUra="100" who="0" fromWho="0" sc="247,88,247,-26,257,-26,239,-26" owari="335,43.5,221,-17.9,231,3.1,213,-28.7" /></mjloggm>