<mjloggm ver="2.3"><GO type="225" lobby="0"/><UN n0="%72%69%6F%75%63%68%61%6E" n1="%E5%B8%86%E7%AB%8B%E5%A4%8F%E8%A1%A3" n2="%28%EF%BF%A3%E2%96%BD%EF%BF%A3%29%CE%B4%E2%8C%92%E3%83%BB" n3="%E3%81%B5%E3%81%98%E3%81%8B%E3%81%A4" dan="17,16,16,16" rate="2262.29,2195.39,2110.76,2147.34" sx="M,M,M,M"/><TAIKYOKU oya="0"/><INIT seed="0,0,0,3,5,22" ten="250,250,250,250" oya="0" hai0="75,81,135,60,53,24,119,126,56,6,16,96,25" hai1="42,90,84,55,7,49,97,58,11,4,104,59,73" hai2="0,31,69,94,13,131,39,86,121,62,71,68,20" hai3="64,80,78,88,67,46,30,37,133,87,83,125,63"/><T89/><D119/><U48/><E73/><V112/><F0/><W111/><G125/><T32/><D126/><U120/><E120/><V77/><F121/><W99/><G133/><T122/><D122/><U82/><E104/><V105/><F39/><W72/><G111/><T124/><D124/><U123/><E123/><V10/><F105/><W129/><G129/><T5/><D135/><U41/><E97/><V109/><F112/><W102/><G30/><T19/><D32/><U57/><E7/><N who="0" m="2569" /><D75/><U85/><E85/><V79/><F131/><W33/><G33/><T14/><D19/><U40/><REACH who="1" step="1"/><E55/><REACH who="1" ten="250,240,250,250" step="2"/><V45/><F86/><W38/><G99/><T100/><D100/><U29/><E29/><V2/><F31/><W115/><G102/><T98/><D81/><U54/><E54/><V106/><F106/><W21/><G115/><T95/><D96/><U92/><E92/><V26/><F94/><W101/><G101/><T107/><D107/><U108/><E108/><V117/><F109/><W43/><G80/><T103/><D103/><U8/><E8/><AGARI ba="0,1" hai="8,14,16,24,25,53,56,60,89,95,98" m="2569" machi="8" ten="30,11600,0" yaku="8,1,52,2,54,1" doraHai="22" who="0" fromWho="1" sc="250,126,240,-116,250,0,250,0" /><INIT seed="0,1,0,3,2,103" ten="376,124,250,250" oya="0" hai0="122,12,130,113,49,69,135,127,72,26,41,109,24" hai1="18,76,32,0,116,110,93,31,131,51,46,44,4" hai2="74,58,107,88,14,125,106,13,19,81,73,100,30" hai3="22,108,10,67,92,47,97,129,83,82,29,79,70"/><T115/><D122/><U104/><E104/><V98/><F125/><W84/><G108/><T94/><D69/><U23/><E116/><V91/><F30/><W34/><G129/><T78/><D127/><U96/><E110/><V128/><F128/><W95/><G34/><T117/><D117/><U35/><E76/><V45/><F58/><W90/><G10/><T87/><D130/><U89/><E131/><V3/><F3/><W25/><G47/><T123/><D123/><U48/><E46/><V71/><F71/><W20/><G20/><T52/><D109/><U6/><E35/><V66/><F45/><W55/><G70/><T15/><D41/><U37/><E37/><V21/><F66/><W114/><G67/><T16/><D135/><U36/><E36/><V27/><F107/><W56/><G114/><T11/><D72/><U132/><E132/><V54/><F54/><W38/><G38/><T77/><D115/><U134/><E134/><V101/><F101/><N who="3" m="60583" /><G79/><N who="0" m="30219" /><D113/><U64/><E64/><V39/><F39/><W9/><G9/><N who="0" m="6159" /><D87/><U33/><E33/><V2/><F2/><W120/><G120/><T43/><D94/><U80/><E0/><V112/><F112/><W28/><G28/><T121/><D43/><N who="1" m="24607" /><E31/><V75/><REACH who="2" step="1"/><F91/><REACH who="2" ten="376,124,240,250" step="2"/><W50/><AGARI ba="1,1" hai="22,25,29,50,55,56,82,83,84,90,95" m="60583" machi="50" ten="30,1100,0" yaku="8,1" doraHai="103" who="3" fromWho="3" sc="376,-6,124,-4,240,-4,250,24" /><INIT seed="1,0,0,4,3,15" ten="370,120,236,274" oya="1" hai0="27,0,1,24,11,72,86,83,20,134,6,127,116" hai1="71,22,125,14,102,103,39,17,113,38,7,128,79" hai2="31,92,82,32,28,25,61,110,96,104,91,13,132" hai3="73,57,34,107,40,67,74,119,54,37,5,85,131"/><U66/><E113/><V101/><F110/><W70/><G107/><T19/><D116/><U55/><E128/><V76/><F132/><W118/><G34/><T75/><D134/><U36/><E125/><V130/><F130/><W35/><G35/><T10/><D127/><U115/><E115/><V100/><F31/><W112/><G112/><T69/><D69/><U18/><E7/><V124/><F124/><W52/><G5/><T64/><D64/><U50/><E79/><V126/><F126/><W29/><G29/><T63/><D63/><U109/><E109/><V78/><F101/><W41/><G85/><T3/><D27/><U8/><E66/><V58/><F13/><W117/><G131/><T26/><D24/><U120/><E71/><V121/><F82/><W12/><G12/><T62/><D62/><U49/><E49/><V106/><F106/><W129/><G129/><T23/><D23/><U89/><E89/><V44/><F44/><N who="3" m="23567" /><G41/><T99/><D99/><U21/><E120/><V80/><F80/><W84/><G84/><T56/><D56/><U114/><E114/><V88/><F121/><W60/><G54/><T111/><D111/><U81/><E81/><V123/><F123/><W48/><AGARI ba="0,0" hai="48,52,57,60,67,70,73,74,117,118,119" m="23567" machi="48" ten="30,4000,0" yaku="24,1,12,1,54,1" doraHai="15" who="3" fromWho="3" sc="370,-10,120,-20,236,-10,274,40" /><INIT seed="2,0,0,3,0,40" ten="360,100,226,314" oya="2" hai0="66,51,47,92,115,106,82,110,79,9,100,104,52" hai1="95,93,44,123,25,16,1,108,10,129,128,7,135" hai2="28,42,63,30,102,97,13,48,69,125,59,37,77" hai3="0,90,53,101,35,107,27,84,131,26,64,83,32"/><V130/><F130/><N who="1" m="50281" /><E108/><V14/><F125/><W116/><G0/><T86/><D115/><U3/><E95/><N who="2" m="58687" /><F37/><W72/><G116/><T33/><D110/><U60/><E60/><V39/><F39/><W91/><G64/><T126/><D126/><U50/><E93/><V85/><F69/><W5/><G5/><T94/><D33/><U23/><E135/><V17/><F14/><W127/><G91/><T121/><D121/><U24/><E123/><V46/><F85/><W132/><G26/><T122/><D122/><U6/><E50/><V98/><F98/><N who="3" m="61879" /><G27/><N who="1" m="10314" /><E44/><V78/><F77/><N who="3" m="44455" /><G127/><T134/><D134/><U29/><E29/><V12/><F78/><W113/><G132/><T73/><D66/><U71/><E71/><V56/><F56/><W65/><G65/><T70/><D70/><U105/><E105/><V88/><F88/><W61/><G131/><T87/><D87/><U11/><E23/><N who="2" m="11687" /><F59/><N who="3" m="35055" /><G113/><T19/><D94/><AGARI ba="0,0" hai="32,35,84,90,94" m="35055,44455,61879" machi="94" ten="30,1000,0" yaku="24,1" doraHai="40" who="3" fromWho="0" sc="360,-10,100,0,226,0,314,10" /><INIT seed="3,0,0,3,4,8" ten="350,100,226,324" oya="3" hai0="72,122,37,84,83,115,106,70,74,71,22,125,130" hai1="34,124,43,113,111,77,107,91,92,16,89,49,102" hai2="68,18,69,99,101,5,96,31,132,134,26,54,41" hai3="7,6,85,40,46,75,29,23,80,52,100,119,67"/><W114/><G114/><T60/><D122/><U39/><E111/><V127/><F127/><W95/><G75/><T65/><D106/><U30/><E124/><V86/><F41/><W38/><G67/><T32/><D125/><U48/><E113/><V55/><F5/><W62/><G119/><T47/><D115/><U98/><E34/><V63/><F18/><W21/><G38/><T27/><D32/><U59/><E30/><V90/><F26/><N who="3" m="16591" /><G40/><T109/><D71/><N who="2" m="27210" /><F31/><W19/><G95/><T135/><D130/><U20/><E77/><V116/><F63/><W33/><G100/><T76/><D135/><N who="2" m="51754" /><F116/><W51/><G62/><T0/><D109/><U112/><E112/><V57/><F57/><W66/><G66/><T64/><D0/><U110/><E110/><V88/><F96/><W79/><G33/><T11/><D64/><U128/><E128/><V9/><F9/><W36/><G36/><T87/><D11/><U94/><E59/><V93/><F90/><W1/><G1/><T73/><D37/><U3/><E3/><V15/><F15/><AGARI ba="0,0" hai="6,7,15,19,23,46,51,52,79,80,85" m="16591" machi="15" ten="30,5800,0" yaku="8,1,52,1,54,1" doraHai="8" who="3" fromWho="2" sc="350,0,100,0,226,-58,324,58" owari="350,15.0,100,-40.0,168,-23.2,382,48.2" /></mjloggm>