<mjloggm ver="2.3"><GO type="225" lobby="0"/><UN n0="%E3%81%9F%E3%81%8C%E3%82%84%E3%81%99" n1="%E3%81%99%E3%81%84%E3%81%BE%E3%81%9B%E3%83%BC%E3%82%93" n2="%E8%83%83%E3%81%A8%E8%85%B8" n3="%E3%82%B7%E3%83%B3%E5%A4%AA%E6%9C%97" dan="16,17,17,16" rate="2188.43,2227.60,2237.20,2193.82" sx="M,M,M,M"/><TAIKYOKU oya="0"/><INIT seed="0,0,0,1,0,3" ten="250,250,250,250" oya="0" hai0="98,2,26,92,7,111,71,31,32,81,120,29,84" hai1="117,75,122,99,77,133,53,15,21,96,33,85,70" hai2="116,107,105,83,128,12,22,76,6,48,8,11,61" hai3="38,10,52,118,17,134,82,43,34,30,1,64,115"/><T87/><D71/><U91/><E117/><V72/><F116/><W35/><G115/><T90/><D120/><U94/><E33/><V37/><F37/><W25/><G134/><T9/><D111/><U4/><E70/><V104/><F128/><W74/><G64/><T44/><D31/><U121/><E133/><V125/><F125/><W60/><G118/><T54/><D54/><U57/><E75/><V88/><F61/><W28/><G38/><T45/><REACH who="0" step="1"/><D87/><REACH who="0" ten="240,250,250,250" step="2"/><U108/><E108/><V47/><F72/><W27/><G74/><T13/><D13/><U102/><E122/><V101/><F12/><W100/><G28/><T42/><D42/><U129/><E121/><V89/><F107/><W86/><G43/><T113/><D113/><U58/><E53/><N who="2" m="29855" /><F105/><W56/><G30/><T36/><D36/><U106/><E15/><N who="2" m="5527" /><F104/><W124/><G86/><T16/><D16/><U67/><E85/><N who="2" m="48359" /><F101/><AGARI ba="0,1" hai="2,7,9,26,29,32,44,45,81,84,90,92,98,101" machi="101" ten="30,11600,0" yaku="1,1,7,1,52,1,53,1" doraHai="3" doraHaiUra="79" who="0" fromWho="2" sc="240,126,250,0,250,-116,250,0" /><INIT seed="0,1,0,1,2,77" ten="366,250,134,250" oya="0" hai0="123,116,7,20,50,29,91,58,18,45,32,73,34" hai1="96,64,22,132,11,24,109,38,26,88,83,30,122" hai2="72,105,6,89,125,117,74,130,28,21,76,3,127" hai3="39,102,59,87,129,85,104,134,12,27,128,119,97"/><T17/><D73/><U48/><E122/><V86/><F21/><W56/><G119/><T23/><D116/><U69/><E38/><V111/><F28/><W114/><G114/><T65/><D123/><U62/><E109/><V100/><F6/><W80/><G134/><T8/><D29/><U15/><E132/><V19/><F19/><W43/><G27/><T53/><D91/><U71/><E48/><V47/><F47/><N who="3" m="24063" /><G85/><T133/><D133/><U121/><E26/><V25/><F25/><W9/><G12/><T67/><D34/><U107/><E121/><V66/><F66/><W98/><G97/><T40/><D32/><U93/><E107/><V118/><F3/><W55/><G9/><T60/><D20/><U36/><E36/><V113/><F113/><W90/><G55/><T131/><D131/><AGARI ba="1,0" hai="56,59,80,87,90,98,102,104,128,129,131" m="24063" machi="131" ten="30,2000,0" yaku="19,1,52,1" doraHai="77" who="3" fromWho="0" sc="366,-23,250,0,134,0,250,23" /><INIT seed="1,0,0,0,5,82" ten="343,250,134,273" oya="1" hai0="28,32,53,16,119,29,118,40,31,97,14,101,80" hai1="116,92,27,63,117,20,123,120,110,85,98,99,125" hai2="0,100,74,48,102,55,50,49,71,46,11,15,8" hai3="72,3,124,75,45,33,22,111,81,6,58,42,65"/><U108/><E125/><V96/><F71/><W131/><G111/><N who="1" m="42538" /><E63/><V38/><F74/><W69/><G33/><T84/><D32/><U90/><E20/><V41/><F0/><W43/><G124/><T47/><D53/><U126/><E27/><V129/><F129/><W23/><G131/><T114/><D114/><U59/><E59/><V79/><F79/><N who="3" m="44263" /><G42/><T1/><D1/><U10/><E10/><V113/><F11/><N who="3" m="2527" /><G75/><T34/><D34/><U61/><E61/><V133/><F113/><W24/><G69/><T121/><D121/><N who="1" m="46667" /><E126/><V12/><F133/><W56/><G65/><T5/><D14/><U106/><E106/><V18/><F12/><W9/><G9/><T122/><D122/><U132/><E132/><V76/><F55/><W70/><G70/><T105/><D105/><U95/><E99/><V4/><F96/><W44/><G44/><T26/><D47/><U51/><E51/><V94/><F4/><W93/><G23/><T104/><D104/><U25/><E25/><V66/><F66/><W115/><G115/><T109/><D5/><U86/><E85/><V7/><F7/><W2/><G56/><T68/><D109/><U135/><E135/><V60/><F60/><W35/><G58/><T73/><D68/><U67/><E67/><V89/><F38/><N who="3" m="21751" /><G35/><T17/><D73/><U127/><E127/><V19/><F19/><N who="3" m="12383" /><G2/><T130/><D17/><U134/><E134/><V88/><F41/><W57/><G57/><T83/><D40/><U37/><E37/><V64/><F46/><W112/><G112/><T77/><D77/><U128/><E128/><RYUUKYOKU ba="0,0" sc="343,-15,250,15,134,-15,273,15" hai1="86,90,92,95,98,116,117" hai3="93" /><INIT seed="1,1,0,1,5,93" ten="328,265,119,288" oya="1" hai0="116,50,51,43,115,86,18,94,96,57,12,20,53" hai1="123,40,24,26,75,91,7,80,106,66,87,105,95" hai2="76,13,46,110,14,117,107,27,111,92,19,5,61" hai3="29,89,39,3,88,73,47,8,72,45,70,63,130"/><U118/><E118/><V25/><F107/><W135/><G130/><T104/><D104/><U11/><E123/><V125/><F76/><W78/><G135/><T129/><D115/><U113/><E113/><V10/><F46/><W97/><G29/><T90/><D116/><U124/><E124/><V121/><F61/><W54/><G45/><N who="0" m="25919" /><D129/><U102/><E66/><V23/><F92/><W21/><G21/><T22/><D22/><U108/><E108/><N who="2" m="41515" /><F117/><W41/><G72/><T28/><D28/><U15/><E40/><V67/><F67/><N who="3" m="41343" /><G97/><AGARI ba="1,0" hai="12,18,20,51,53,57,86,90,94,96,97" m="25919" machi="97" ten="30,7700,0" yaku="25,1,8,1,52,2" doraHai="93" who="0" fromWho="3" sc="328,80,265,0,119,0,288,-80" /><INIT seed="2,0,0,1,2,48" ten="408,265,119,208" oya="2" hai0="125,18,64,2,25,50,135,57,130,1,41,90,81" hai1="46,102,56,122,84,80,33,6,117,28,116,85,5" hai2="101,36,121,133,12,115,66,54,94,63,129,14,15" hai3="131,35,65,23,82,24,32,40,104,119,99,95,22"/><V29/><F115/><W43/><G131/><T113/><D64/><U39/><E122/><V111/><F121/><W92/><G119/><T17/><D113/><U103/><E28/><V76/><F36/><W112/><G112/><T127/><D130/><U110/><E56/><N who="2" m="35223" /><F129/><W27/><G65/><T45/><D57/><U87/><E33/><V51/><F133/><W8/><G99/><T19/><D25/><U98/><E39/><V83/><F66/><W67/><G67/><T7/><D7/><U132/><E132/><V72/><F29/><W70/><G82/><T107/><D107/><U78/><E80/><V106/><F106/><W74/><G8/><T59/><D59/><U60/><E46/><V37/><F37/><W53/><G104/><T16/><D19/><U100/><E60/><V52/><F111/><W134/><G74/><T71/><D71/><U55/><E110/><V97/><F72/><W42/><G42/><T13/><D13/><U86/><E116/><V75/><F75/><W0/><G134/><T79/><D90/><U68/><E68/><V120/><F120/><W4/><G70/><T30/><D30/><U109/><E109/><V88/><F76/><W58/><G0/><T124/><D135/><U9/><E78/><V114/><F114/><W77/><G77/><T10/><D10/><U3/><E117/><V128/><F128/><W73/><G73/><AGARI ba="0,0" hai="1,2,16,17,18,41,45,50,73,79,81,124,125,127" machi="73" ten="50,3200,0" yaku="18,1,54,1" doraHai="48" who="0" fromWho="3" sc="408,32,265,0,119,0,208,-32" /><INIT seed="3,0,0,3,0,66" ten="440,265,119,176" oya="3" hai0="26,34,120,77,51,74,96,6,21,61,85,132,55" hai1="87,81,75,101,13,40,80,7,23,126,86,41,43" hai2="78,49,20,129,115,5,125,45,1,95,124,76,128" hai3="33,48,60,57,27,54,83,65,116,68,100,28,127"/><W135/><G135/><T99/><D34/><U32/><E32/><V0/><F95/><W123/><G127/><N who="2" m="48713" /><F49/><W73/><G123/><T103/><D74/><U58/><E75/><V53/><F45/><W14/><G116/><T102/><D6/><U35/><E35/><V10/><F53/><W113/><G113/><T79/><D61/><U50/><E101/><N who="0" m="38409" /><D132/><U4/><E126/><V22/><F76/><N who="0" m="29258" /><D85/><N who="1" m="32267" /><E7/><N who="2" m="1383" /><F78/><W92/><G14/><T9/><D9/><N who="1" m="4263" /><E23/><N who="2" m="8747" /><F115/><W97/><REACH who="3" step="1"/><G73/><REACH who="3" ten="440,265,119,166" step="2"/><T3/><D120/><U107/><E107/><V119/><F119/><W89/><G89/><T106/><D106/><U93/><E93/><V121/><F121/><W30/><G30/><N who="0" m="17743" /><D3/><U133/><E133/><V91/><F91/><W130/><G130/><T16/><D16/><U98/><E81/><AGARI ba="0,1" hai="27,28,33,48,54,57,60,65,68,81,83,92,97,100" machi="81" ten="40,7700,0" yaku="1,1,52,1,53,1" doraHai="66" doraHaiUra="44" who="3" fromWho="1" sc="440,0,265,-77,119,0,166,87" /><INIT seed="3,1,0,2,0,57" ten="440,188,119,253" oya="3" hai0="89,109,119,105,6,50,28,14,83,76,129,75,132" hai1="80,115,104,62,84,102,127,106,5,48,31,24,79" hai2="91,99,73,59,61,16,51,54,94,56,36,35,96" hai3="53,130,81,3,111,19,128,49,63,86,38,123,10"/><W77/><G123/><T30/><D105/><U82/><E115/><V65/><F36/><W12/><G111/><T66/><D119/><U9/><E127/><V74/><F35/><W25/><G38/><T34/><D34/><U44/><E62/><V121/><F121/><W114/><G114/><T7/><D66/><U55/><E102/><V117/><F117/><W133/><G133/><T120/><D120/><U78/><E24/><V41/><F41/><W64/><G25/><T122/><D122/><U110/><E31/><V22/><REACH who="2" step="1"/><F99/><REACH who="2" ten="440,188,109,253" step="2"/><W103/><G130/><T118/><D118/><U98/><E98/><V93/><F93/><W46/><G128/><T21/><D129/><U13/><E110/><V87/><F87/><AGARI ba="1,1" hai="5,9,13,44,48,55,78,79,80,82,84,87,104,106" machi="87" ten="30,2000,0" yaku="7,1,9,1" doraHai="57" who="1" fromWho="2" sc="440,0,188,33,109,-23,253,0" owari="440,54.0,221,-17.9,86,-41.4,253,5.3" /></mjloggm>