<mjloggm ver="2.3"><GO type="225" lobby="0"/><UN n0="%E6%B8%A9%E2%98%85%E6%83%85%E2%98%85%E6%8E%AA%E2%98%85%E7%BD%AE" n1="%72%61%6B%33" n2="%E3%81%B2%E3%81%AA%E3%81%AE%E3%82%8A%E3%81%8F" n3="%53%41%49%2A" dan="17,16,16,16" rate="2145.92,2133.30,2088.66,2121.15" sx="M,M,M,M"/><TAIKYOKU oya="0"/><INIT seed="0,0,0,2,4,49" ten="250,250,250,250" oya="0" hai0="117,98,107,77,28,85,6,4,94,124,22,112,84" hai1="122,32,26,102,13,79,128,110,59,51,47,111,72" hai2="15,105,3,91,48,36,86,64,63,44,81,114,125" hai3="54,119,46,60,69,12,67,29,74,0,121,53,2"/><T115/><D117/><U52/><E122/><V127/><F3/><W39/><G119/><T33/><D33/><U92/><E128/><V14/><F36/><W25/><G74/><T132/><D107/><U83/><E13/><V118/><F105/><W42/><G121/><T129/><D129/><U50/><E102/><V97/><F97/><W62/><G12/><T21/><D132/><U96/><E32/><V31/><F31/><W93/><G93/><T41/><D41/><U5/><E5/><V75/><F75/><W120/><G120/><T8/><D94/><U87/><E26/><V20/><F114/><W43/><G43/><T71/><D71/><U55/><REACH who="1" step="1"/><E72/><REACH who="1" ten="250,240,250,250" step="2"/><V38/><F118/><W73/><G73/><T78/><D4/><U40/><E40/><V66/><F15/><W104/><G104/><T56/><D6/><U9/><E9/><V131/><F14/><W101/><G101/><T65/><D8/><U61/><E61/><V1/><F63/><W90/><G62/><N who="0" m="38087" /><D21/><U34/><E34/><V19/><F20/><W16/><G0/><T35/><D35/><U24/><E24/><V11/><F1/><W103/><G2/><T23/><D23/><U70/><E70/><V57/><F11/><W134/><G69/><T80/><D115/><U100/><AGARI ba="0,1" hai="47,50,51,52,55,59,79,83,87,92,96,100,110,111" machi="100" ten="30,8000,1" yaku="1,1,0,1,52,2,54,1,53,0" doraHai="49" doraHaiUra="130" who="1" fromWho="1" sc="250,-40,240,90,250,-20,250,-20" /><INIT seed="1,0,0,2,4,25" ten="210,330,230,230" oya="1" hai0="30,90,125,130,101,14,121,109,133,85,113,21,29" hai1="87,26,43,4,108,107,41,70,7,73,42,79,74" hai2="88,34,16,128,39,117,126,104,65,5,106,120,31" hai3="57,103,72,71,99,44,27,83,15,28,32,127,17"/><U13/><E107/><V124/><F117/><W3/><G127/><N who="2" m="48681" /><F120/><W132/><G132/><T2/><D2/><U111/><E70/><V50/><F39/><W91/><G71/><T35/><D35/><U20/><E87/><V49/><F5/><N who="1" m="2121" /><E13/><V96/><F65/><W94/><G3/><T23/><D125/><U78/><E20/><N who="0" m="7753" /><D113/><U18/><E18/><V6/><F6/><W38/><G38/><T134/><D109/><N who="1" m="42059" /><E26/><N who="2" m="18807" /><F16/><W19/><G19/><T105/><D121/><U93/><E93/><N who="2" m="56359" /><F128/><W119/><G17/><T58/><D130/><U69/><E69/><V45/><F50/><W36/><G36/><T67/><D14/><U66/><E66/><V81/><F81/><W8/><G83/><N who="0" m="49471" /><D67/><U37/><E37/><V97/><F97/><W51/><G99/><N who="0" m="61631" /><D58/><U46/><E46/><V122/><F122/><W118/><G57/><T129/><D129/><U110/><E110/><V0/><F0/><W59/><G59/><T68/><D68/><U61/><E61/><V112/><F112/><W9/><G44/><T95/><D95/><U84/><E84/><V12/><F12/><W1/><G15/><T33/><D134/><U92/><E92/><V89/><F89/><W22/><G91/><T40/><D133/><U75/><AGARI ba="0,0" hai="41,42,43,73,74,75,78,79" m="42059,2121" machi="75" ten="40,12000,1" yaku="28,2,14,1,10,1" doraHai="25" who="1" fromWho="1" sc="210,-40,330,120,230,-40,230,-40" /><INIT seed="1,1,0,2,5,46" ten="170,450,190,190" oya="1" hai0="128,29,76,126,117,39,134,70,82,81,129,11,115" hai1="83,72,6,88,42,33,133,69,110,122,113,59,53" hai2="38,87,56,37,89,68,77,105,55,23,90,4,104" hai3="62,61,40,25,71,116,103,44,32,36,12,64,78"/><U41/><E113/><V47/><F68/><W2/><G116/><T101/><D39/><U3/><E122/><V15/><F77/><W98/><G2/><T121/><D70/><U9/><E69/><V13/><F4/><W63/><G78/><T119/><D29/><U112/><E112/><V7/><F7/><W100/><G100/><T48/><D115/><U10/><E33/><V80/><F90/><W108/><G12/><T107/><D11/><U74/><E133/><V114/><F114/><W127/><G108/><T18/><D18/><U30/><E30/><V97/><F97/><W0/><G0/><T135/><D48/><U85/><E110/><V26/><F104/><N who="3" m="63607" /><G127/><T99/><D121/><U109/><E109/><V93/><F80/><N who="0" m="30826" /><D76/><U51/><REACH who="1" step="1"/><E9/><REACH who="1" ten="170,440,190,190" step="2"/><V27/><F105/><W106/><G106/><T20/><D126/><U54/><E54/><V5/><F5/><W52/><G52/><T22/><D22/><U132/><E132/><N who="0" m="50729" /><D20/><U92/><E92/><V86/><F55/><W102/><G71/><T95/><D107/><U50/><E50/><V43/><F93/><W130/><G32/><T125/><D125/><U35/><E35/><V1/><F23/><W111/><G111/><T66/><D66/><U79/><E79/><V94/><F94/><W75/><G64/><T17/><D17/><U45/><E45/><V16/><F47/><W118/><G44/><T91/><D101/><U67/><E67/><V96/><F16/><W131/><G102/><T60/><D60/><U124/><E124/><V65/><F65/><W24/><G62/><T58/><D58/><RYUUKYOKU ba="1,1" sc="170,15,440,15,190,-15,190,-15" hai0="91,95,99,117,119,128,129" hai1="3,6,10,41,42,51,53,59,72,74,83,85,88" /><INIT seed="1,2,1,0,2,84" ten="185,455,175,175" oya="1" hai0="15,28,14,51,98,103,39,17,0,33,54,11,76" hai1="104,13,102,99,52,25,91,73,53,110,79,47,92" hai2="94,41,12,124,132,50,42,121,66,134,101,26,85" hai3="100,31,29,40,115,24,107,68,129,125,77,32,43"/><U56/><E110/><V34/><F121/><W2/><G2/><T80/><D39/><U78/><E13/><V87/><F66/><W57/><G115/><T5/><D28/><U6/><E6/><V8/><F34/><W86/><G68/><T114/><D33/><U131/><E131/><V126/><F26/><W4/><G4/><T122/><D114/><U112/><E112/><V20/><F20/><W113/><G31/><T127/><D127/><N who="2" m="48682" /><F50/><W120/><G113/><T3/><D122/><U116/><E116/><V106/><F106/><W38/><G38/><T10/><D80/><U111/><E111/><V81/><F94/><W123/><G125/><T67/><D76/><U93/><E104/><V30/><F101/><W60/><G129/><T105/><D67/><U75/><E25/><V133/><F30/><W59/><G100/><T49/><D51/><N who="1" m="28799" /><E73/><V82/><F82/><W65/><G107/><T128/><D128/><U62/><E75/><V45/><F45/><AGARI ba="2,1" hai="0,3,5,10,11,14,15,17,45,49,54,98,103,105" machi="45" ten="30,1000,0" yaku="7,1" doraHai="84" who="0" fromWho="2" sc="185,26,455,0,175,-16,175,0" /><INIT seed="2,0,0,0,5,135" ten="211,455,159,175" oya="2" hai0="39,42,133,47,102,104,41,20,58,82,37,131,34" hai1="4,24,120,95,92,51,127,86,43,7,111,45,74" hai2="118,22,103,19,31,98,28,85,56,25,26,70,71" hai3="5,65,11,122,114,23,91,109,63,13,49,1,68"/><V61/><F118/><W46/><G109/><T72/><D133/><U30/><E74/><V78/><F78/><W81/><G114/><T107/><D20/><U50/><E111/><V64/><F85/><W75/><G122/><T55/><D131/><U53/><E120/><V16/><F71/><W88/><G81/><T125/><D34/><U57/><E127/><V73/><F73/><W123/><G75/><T2/><D2/><U97/><E86/><V27/><F27/><W129/><G129/><T14/><D14/><U62/><E51/><V108/><F108/><W80/><G80/><T105/><D125/><U36/><E36/><V96/><F96/><W76/><G76/><N who="0" m="44295" /><D55/><U99/><E95/><V59/><F59/><W0/><G123/><T21/><D21/><N who="1" m="15631" /><E97/><V116/><F116/><W3/><REACH who="3" step="1"/><G23/><REACH who="3" ten="211,455,159,165" step="2"/><T113/><D113/><U60/><E60/><V67/><F67/><W8/><G8/><T130/><D130/><U66/><E66/><V121/><F121/><W112/><G112/><T40/><D37/><U77/><E77/><V110/><F110/><W33/><G33/><T69/><D39/><U6/><E92/><N who="2" m="58823" /><F70/><W87/><G87/><T100/><D69/><U35/><E35/><AGARI ba="0,1" hai="16,19,22,25,26,28,31,35,56,61,64" m="58823" machi="35" ten="30,2900,0" yaku="25,1,54,1" doraHai="135" who="2" fromWho="1" sc="211,0,455,-29,159,39,165,0" /><INIT seed="2,1,0,5,2,93" ten="211,426,198,165" oya="2" hai0="20,123,70,80,89,108,101,22,119,97,9,36,47" hai1="69,65,129,12,6,118,35,52,113,2,131,82,38" hai2="76,114,8,45,51,122,67,103,110,78,43,109,61" hai3="102,106,11,26,126,50,59,87,75,116,15,46,25"/><V54/><F114/><W64/><G75/><T37/><D123/><U104/><E52/><V91/><F122/><W133/><G116/><T21/><D70/><U88/><E88/><V3/><F103/><W55/><G126/><T90/><D119/><U60/><E12/><V96/><F3/><W81/><G133/><T31/><D108/><N who="2" m="41578" /><F8/><W73/><G73/><T18/><D31/><U115/><E118/><V127/><F127/><W130/><G130/><T41/><D37/><U34/><E104/><V44/><F91/><W72/><G72/><T79/><D18/><U128/><E38/><N who="2" m="21623" /><F96/><W83/><G102/><T1/><D9/><N who="1" m="2263" /><E82/><V58/><AGARI ba="1,0" hai="45,51,54,58,61,67,76,78" m="21623,41578" machi="58" ten="30,3000,0" yaku="14,1,10,1" doraHai="93" who="2" fromWho="2" sc="211,-11,426,-11,198,33,165,-11" /><INIT seed="2,2,0,4,2,42" ten="200,415,231,154" oya="2" hai0="131,72,73,120,130,16,83,90,135,49,92,58,53" hai1="84,32,79,96,44,36,46,77,76,97,33,0,75" hai2="20,134,81,125,17,8,12,123,108,39,117,128,51" hai3="104,71,30,22,124,19,38,34,103,18,4,112,5"/><V113/><F113/><W122/><G122/><T116/><D120/><U37/><E84/><V101/><F117/><W95/><G104/><T60/><D116/><U132/><E0/><V65/><F39/><N who="1" m="14921" /><E75/><V89/><F125/><W94/><G71/><T52/><D135/><U74/><E74/><V57/><F134/><W56/><G38/><T21/><D83/><U59/><E59/><V100/><F128/><N who="0" m="49194" /><D90/><U25/><E25/><V10/><F108/><W64/><G34/><N who="1" m="13418" /><E132/><V114/><F114/><W87/><G112/><T15/><D92/><U93/><E93/><V61/><F123/><W41/><G95/><T2/><D2/><U24/><E24/><V67/><F67/><W40/><G64/><T66/><D53/><U3/><E3/><V47/><F81/><W54/><G54/><T68/><AGARI ba="2,0" hai="15,16,21,49,52,58,60,66,68,72,73" m="49194" machi="68" ten="30,4000,0" yaku="19,1,54,2" doraHai="42" who="0" fromWho="0" sc="200,46,415,-12,231,-22,154,-12" /><INIT seed="3,0,0,4,4,119" ten="246,403,209,142" oya="3" hai0="114,12,2,63,20,27,108,90,87,134,107,69,3" hai1="45,91,64,95,35,8,113,83,129,82,40,104,67" hai2="77,49,16,81,5,9,56,105,130,100,44,38,48" hai3="73,15,46,32,103,28,55,19,133,101,39,4,112"/><W36/><G112/><T0/><D107/><U96/><E113/><V70/><F70/><W132/><G73/><T13/><D114/><U18/><E35/><V37/><F130/><W94/><G4/><T31/><D108/><U122/><E122/><V92/><F105/><W111/><G111/><T135/><D63/><U24/><E104/><V110/><F110/><W102/><G94/><N who="0" m="54623" /><D69/><U97/><E97/><V89/><F100/><W17/><G28/><T68/><D68/><U131/><E131/><V59/><BYE who="1" /><F37/><N who="3" m="14411" /><G32/><T121/><D121/><U128/><E128/><V75/><F38/><W62/><G15/><T126/><D126/><U85/><E85/><V99/><F49/><N who="3" m="29111" /><G62/><T6/><D6/><U74/><E74/><V60/><F60/><W116/><G116/><T72/><D72/><U78/><E78/><V120/><F120/><W29/><G29/><T53/><D53/><U54/><E54/><V33/><F33/><W7/><G7/><T58/><D13/><U93/><E93/><V22/><F5/><W123/><G123/><T42/><D12/><U124/><E124/><V115/><F115/><W106/><G106/><T98/><D0/><U50/><E50/><V84/><F75/><W57/><G57/><T25/><D58/><U1/><E1/><V51/><F9/><W76/><G76/><T34/><D2/><U125/><E125/><V118/><F118/><W65/><G65/><T14/><D3/><U47/><E47/><V26/><F51/><W117/><G117/><T30/><D34/><U52/><E52/><AGARI ba="0,0" hai="16,22,26,44,48,52,56,59,77,81,84,89,92,99" machi="52" ten="30,7700,0" yaku="7,1,8,1,54,2" doraHai="119" who="2" fromWho="1" sc="246,0,403,-77,209,77,142,0" owari="246,-15.4,326,42.6,286,8.6,142,-35.8" /></mjloggm>