<mjloggm ver="2.3"><GO type="225" lobby="0"/><UN n0="%E5%B8%86%E7%AB%8B%E5%A4%8F%E8%A1%A3" n1="%E3%83%B4%E3%82%A3%E3%83%AF%E3%82%B3%E3%82%B0%E3%83%8B" n2="%E3%81%8B%E3%82%8F%E3%81%A1%E3%82%83%E3%82%93%35%38" n3="%E3%81%8D%E3%82%83%E3%83%BC%E3%82%8D%E3%82%93" dan="17,16,16,16" rate="2184.21,2204.93,2130.68,2056.60" sx="M,M,M,M"/><TAIKYOKU oya="0"/><INIT seed="0,0,0,3,5,117" ten="250,250,250,250" oya="0" hai0="2,37,35,5,90,28,115,36,14,104,77,132,83" hai1="45,26,47,65,52,127,13,18,43,15,133,63,79" hai2="126,89,33,58,78,110,82,87,123,91,59,1,119" hai3="122,30,48,17,134,131,113,64,109,88,99,116,61"/><T0/><D115/><U9/><E133/><V71/><F71/><W85/><G116/><T49/><D104/><U120/><E127/><V93/><F1/><W4/><G113/><T34/><D132/><U112/><E112/><V135/><F33/><W68/><G134/><T76/><D14/><U102/><E120/><V74/><F135/><W62/><G109/><T31/><D90/><U94/><E79/><V51/><F119/><W10/><G131/><T44/><D49/><U129/><E129/><V25/><F110/><W29/><G17/><T57/><D57/><U40/><E26/><V105/><F126/><W96/><G62/><T106/><D106/><U60/><E94/><V24/><F123/><W80/><G48/><T124/><D124/><U103/><E103/><V32/><F105/><W42/><G42/><T39/><D39/><U125/><E125/><V67/><F32/><W95/><G99/><T97/><D97/><U66/><E102/><V16/><F91/><W56/><G68/><T75/><D75/><U3/><E3/><V20/><F67/><W50/><G50/><T107/><D107/><U19/><E9/><V121/><F121/><W53/><G64/><T108/><D108/><U70/><E70/><V92/><F92/><W41/><G41/><T7/><REACH who="0" step="1"/><D83/><REACH who="0" ten="240,250,250,250" step="2"/><U73/><E73/><V101/><F101/><N who="3" m="60575" /><G122/><T23/><D23/><U81/><E81/><V84/><F74/><W38/><G38/><T118/><D118/><U22/><E22/><N who="2" m="13383" /><F51/><W8/><G8/><T111/><D111/><U100/><E100/><V98/><F98/><W6/><G10/><RYUUKYOKU ba="0,1" sc="240,0,250,0,250,0,250,0" hai0="0,2,5,7,28,31,34,35,36,37,44,76,77" hai1="13,15,18,19,40,43,45,47,52,60,63,65,66" hai2="20,25,58,59,78,82,84,87,89,93" hai3="4,6,29,30,53,56,61,80,85,88" /><INIT seed="0,1,1,2,3,17" ten="240,250,250,250" oya="0" hai0="89,128,81,108,70,58,24,41,74,73,59,121,29" hai1="36,9,46,53,77,110,82,48,56,107,62,60,111" hai2="45,50,112,64,106,90,109,47,75,8,127,38,130" hai3="66,119,31,126,88,63,67,30,85,86,76,83,23"/><T104/><D121/><U118/><E118/><V43/><F112/><W87/><G119/><T16/><D104/><U79/><E107/><V102/><F75/><W20/><G126/><T65/><D108/><N who="1" m="41515" /><E9/><V123/><F123/><W69/><G67/><T122/><D122/><U0/><E0/><V21/><F109/><W96/><G96/><T132/><D132/><U15/><E15/><V40/><F127/><W5/><G5/><T116/><D116/><U135/><E135/><V44/><F130/><W78/><G78/><N who="1" m="29706" /><E82/><V92/><F64/><W114/><G114/><T22/><D128/><U33/><E33/><V28/><F8/><W61/><G61/><T51/><D74/><U117/><E117/><V4/><F4/><W80/><REACH who="3" step="1"/><G86/><REACH who="3" ten="240,250,250,240" step="2"/><T129/><D73/><U27/><E62/><V99/><F106/><W7/><G7/><T115/><D115/><U2/><E2/><V124/><F124/><W25/><G25/><T113/><D113/><U34/><E27/><N who="2" m="16495" /><F102/><W35/><G35/><T131/><D131/><U37/><E34/><V125/><F125/><W3/><G3/><T94/><D129/><U11/><E11/><V103/><F103/><W134/><G134/><T68/><D24/><U54/><AGARI ba="1,2" hai="36,37,46,48,53,54,56,60" m="29706,41515" machi="54" ten="30,1100,0" yaku="14,1" doraHai="17" who="1" fromWho="1" sc="240,-6,250,34,250,-4,240,-4" /><INIT seed="1,0,0,0,3,36" ten="234,284,246,236" oya="1" hai0="26,56,15,101,53,79,86,75,6,5,81,19,123" hai1="135,67,62,91,133,82,71,2,78,77,116,28,87" hai2="46,68,11,12,93,60,100,29,99,85,121,113,66" hai3="44,42,39,70,127,72,73,22,7,103,30,25,74"/><U57/><E2/><V16/><F113/><W114/><G114/><T37/><D37/><U51/><E116/><V64/><F121/><W58/><G127/><T55/><D123/><U125/><E125/><V126/><F126/><W41/><G41/><T38/><D38/><U21/><E28/><V61/><F29/><W97/><G58/><T80/><D101/><U89/><E21/><V104/><F46/><W3/><G70/><T107/><D107/><U119/><E119/><V43/><F85/><W129/><G129/><T48/><D26/><U134/><REACH who="1" step="1"/><E89/><REACH who="1" ten="234,274,246,236" step="2"/><V33/><F33/><W14/><G3/><T122/><D122/><U9/><E9/><V96/><F43/><W59/><G22/><T0/><D0/><U20/><E20/><V117/><F117/><W35/><G30/><T13/><D13/><U27/><E27/><V88/><REACH who="2" step="1"/><F68/><REACH who="2" ten="234,274,236,236" step="2"/><W63/><G35/><T112/><D112/><U105/><E105/><V69/><F69/><W18/><G42/><T84/><D75/><U8/><E8/><V32/><F32/><W108/><G74/><T92/><D79/><U115/><E115/><V131/><F131/><W124/><G73/><T1/><D1/><U102/><E102/><V95/><F95/><W52/><G103/><T83/><D92/><U10/><E10/><V128/><F128/><W118/><G72/><T98/><D81/><U76/><E76/><V49/><F49/><W109/><G124/><T110/><D83/><U17/><E17/><V40/><F40/><W45/><G118/><T106/><D80/><U130/><E130/><V34/><F34/><RYUUKYOKU ba="0,2" sc="234,-15,274,15,236,15,236,-15" hai1="51,57,62,67,71,77,78,82,87,91,133,134,135" hai2="11,12,16,60,61,64,66,88,93,96,99,100,104" /><INIT seed="1,1,2,3,1,45" ten="219,289,251,221" oya="1" hai0="108,110,57,44,107,104,88,116,42,8,25,36,86" hai1="72,95,10,98,122,135,26,102,80,94,71,13,112" hai2="56,75,59,48,28,130,131,19,115,93,33,111,47" hai3="53,77,132,30,76,4,17,52,85,123,32,35,66"/><U1/><E112/><V34/><F115/><W84/><G123/><T134/><D134/><U65/><E122/><V18/><F75/><W9/><G132/><T119/><D25/><U68/><E135/><V41/><F111/><N who="0" m="42538" /><D57/><N who="2" m="22090" /><F93/><W70/><G17/><N who="2" m="6153" /><F28/><W63/><G77/><T6/><D107/><U99/><E26/><V92/><F92/><W22/><G76/><T90/><D104/><U125/><E1/><V118/><F118/><N who="0" m="45098" /><D86/><U64/><E72/><V27/><F27/><W113/><G113/><T73/><D73/><U0/><E98/><V89/><F89/><W81/><G84/><T60/><D60/><U38/><E99/><V54/><F54/><W67/><G53/><T51/><D36/><U101/><E38/><V126/><F126/><W16/><G85/><T15/><AGARI ba="1,2" hai="6,8,15,42,44,51,88,90" m="45098,42538" machi="15" ten="30,4000,0" yaku="14,1,52,1,54,1" doraHai="45" who="0" fromWho="0" sc="219,63,289,-21,251,-11,221,-11" /><INIT seed="2,0,0,4,0,110" ten="282,268,240,210" oya="2" hai0="23,115,71,56,9,16,37,78,111,89,55,35,126" hai1="113,74,38,133,33,134,105,14,32,95,63,22,129" hai2="94,120,88,128,1,104,44,130,81,43,15,26,4" hai3="10,54,53,64,96,100,52,127,119,83,19,60,30"/><V82/><F104/><W109/><G109/><T25/><D115/><U102/><E38/><V12/><F1/><W8/><G119/><T42/><D111/><U65/><E105/><V47/><F120/><W116/><G116/><T90/><D126/><U17/><E74/><V59/><F26/><W125/><G30/><T80/><D71/><U61/><E129/><N who="2" m="49771" /><F59/><W6/><G83/><N who="2" m="31753" /><F4/><W91/><G19/><T21/><D35/><U68/><E63/><V2/><F2/><W117/><G91/><T87/><D37/><U99/><REACH who="1" step="1"/><E113/><REACH who="1" ten="282,258,240,210" step="2"/><V121/><F121/><W73/><G73/><T58/><D78/><U77/><E77/><V86/><F44/><W106/><G117/><T62/><D62/><U124/><E124/><N who="3" m="47690" /><G6/><T97/><D58/><AGARI ba="0,1" hai="8,10,52,53,54,58,60,64,96,100,106" m="47690" machi="58" ten="30,2000,0" yaku="18,1,54,1" doraHai="110" who="3" fromWho="0" sc="282,-20,258,0,240,0,210,30" /><INIT seed="3,0,0,4,4,49" ten="262,258,240,240" oya="3" hai0="112,33,125,107,24,117,101,80,11,17,58,18,82" hai1="32,133,4,3,110,22,75,119,20,59,37,102,116" hai2="13,86,77,134,128,47,92,130,103,85,100,30,123" hai3="26,104,114,71,127,41,6,2,36,99,74,118,73"/><W40/><G40/><T95/><D117/><U126/><E37/><V65/><F65/><W14/><G14/><T67/><D107/><U1/><E75/><V27/><F134/><W111/><G118/><N who="1" m="45098" /><E102/><N who="2" m="38955" /><F123/><W76/><G104/><T69/><D69/><U10/><E59/><V124/><F124/><W87/><G99/><N who="0" m="59647" /><D33/><U131/><E131/><N who="2" m="50219" /><F92/><W42/><G127/><T52/><D67/><U51/><E126/><V83/><F13/><W115/><G71/><T105/><D105/><U109/><E51/><V84/><F47/><W94/><G94/><T7/><D112/><U23/><E133/><V9/><F9/><W89/><G114/><T70/><D70/><U93/><E93/><V61/><F61/><W21/><G115/><T34/><D34/><AGARI ba="0,0" hai="27,30,34,77,83,84,85,86" m="50219,38955" machi="34" ten="30,1000,0" yaku="19,1" doraHai="49" who="2" fromWho="0" sc="262,-10,258,0,240,10,240,0" /><INIT seed="4,0,0,0,2,56" ten="252,258,250,240" oya="0" hai0="41,2,108,26,49,24,72,20,130,90,107,14,8" hai1="100,76,7,9,126,127,5,63,114,67,131,123,55" hai2="70,124,116,58,129,118,39,83,87,79,4,88,103" hai3="99,33,128,78,101,1,53,35,133,92,84,68,82"/><T97/><D72/><U19/><E123/><V110/><F110/><W13/><G1/><T80/><D2/><U121/><E121/><V102/><F70/><W71/><G128/><T75/><D130/><U91/><E131/><V65/><F129/><W31/><G133/><T85/><D108/><U60/><E114/><V34/><F34/><W95/><G31/><T64/><D75/><U42/><E100/><V122/><F122/><W38/><G38/><T105/><D64/><U135/><E42/><V98/><F39/><W81/><G13/><T51/><D26/><U109/><E109/><V59/><F4/><W113/><G113/><T30/><D41/><U93/><E76/><V77/><F124/><W66/><G53/><T44/><D44/><U134/><E19/><V62/><F102/><W94/><G71/><T50/><REACH who="0" step="1"/><D97/><REACH who="0" ten="242,258,250,240" step="2"/><N who="1" m="57535" /><E67/><V25/><F25/><W46/><G46/><T16/><AGARI ba="0,1" hai="8,14,16,20,24,30,49,50,51,80,85,90,105,107" machi="16" ten="30,6000,0" yaku="1,1,0,1,54,1,53,0" doraHai="56" doraHaiUra="96" who="0" fromWho="0" sc="242,70,258,-20,250,-20,240,-20" owari="312,41.2,238,3.8,230,-17.0,220,-28.0" /></mjloggm>