<mjloggm ver="2.3"><GO type="225" lobby="0"/><UN n0="%E3%81%99%E3%81%84%E3%81%BE%E3%81%9B%E3%83%BC%E3%82%93" n1="%E5%8D%A0%E3%81%84%E5%B8%AB%E8%A3%8F%E3%81%AA%E3%81%84%E3%81%97" n2="%E5%86%B7%E5%87%8D%E3%82%AE%E3%83%A7%E3%83%BC%E3%82%B6" n3="%4C%4F%4C%49%54%41" dan="16,17,16,16" rate="2208.86,2130.21,2138.34,2160.90" sx="M,M,M,F"/><TAIKYOKU oya="0"/><INIT seed="0,0,0,2,2,39" ten="250,250,250,250" oya="0" hai0="129,118,113,70,116,73,100,109,27,63,23,112,20" hai1="10,115,59,104,86,88,126,76,33,30,21,60,45" hai2="134,53,52,108,91,132,75,85,11,44,101,58,124" hai3="0,83,35,62,28,3,17,99,72,97,82,80,61"/><T36/><D73/><U98/><E33/><V81/><F108/><W93/><G72/><T123/><D100/><U128/><E76/><V49/><F124/><W120/><G120/><T12/><D36/><U127/><E128/><V106/><F75/><W19/><G35/><T68/><D129/><U40/><E115/><V130/><F130/><W66/><G28/><T84/><D84/><U8/><E98/><V122/><F122/><W48/><G48/><T96/><D96/><N who="3" m="36937" /><G93/><T103/><D103/><U6/><E104/><V47/><F101/><W43/><G66/><T65/><D123/><U117/><E117/><V26/><F106/><W37/><G43/><T51/><D51/><N who="1" m="27047" /><E21/><V74/><F74/><W31/><G31/><T41/><D70/><U4/><E30/><V67/><F67/><W77/><G77/><T114/><D118/><U92/><E126/><V25/><F11/><N who="1" m="4137" /><E127/><V42/><F47/><W13/><G37/><T34/><D116/><U54/><AGARI ba="0,0" hai="4,6,54,59,60,86,88,92" m="4137,27047" machi="54" ten="30,4000,0" yaku="8,1,52,1,54,1" doraHai="39" who="1" fromWho="1" sc="250,-20,250,40,250,-10,250,-10" /><INIT seed="1,0,0,2,3,51" ten="230,290,240,240" oya="1" hai0="123,83,109,88,87,63,108,126,52,78,0,4,91" hai1="92,86,96,59,118,69,47,95,70,84,76,28,50" hai2="13,65,14,34,131,3,39,111,68,75,35,67,44" hai3="48,6,72,62,64,117,116,30,74,71,36,130,11"/><U101/><E118/><N who="3" m="45674" /><G36/><T10/><D126/><U127/><E127/><V81/><F111/><N who="0" m="42570" /><D123/><U100/><E28/><V15/><F131/><W115/><G115/><T73/><D73/><U23/><E59/><AGARI ba="0,0" hai="0,4,10,52,59,63,78,83,87,88,91" m="42570" machi="59" ten="30,7700,0" yaku="14,1,52,1,54,2" doraHai="51" who="0" fromWho="1" sc="230,77,290,-77,240,0,240,0" /><INIT seed="2,0,0,2,0,24" ten="307,213,240,240" oya="2" hai0="115,91,82,2,54,108,8,66,0,50,21,53,14" hai1="109,133,64,73,124,105,87,37,74,113,25,99,121" hai2="77,22,7,41,135,3,68,120,52,15,42,18,69" hai3="30,90,62,34,114,94,36,27,75,101,20,125,48"/><V6/><F120/><W134/><G36/><T84/><D115/><U11/><E113/><V72/><F135/><W5/><G114/><T98/><D108/><U107/><E109/><V128/><F128/><W83/><G125/><T49/><D66/><U71/><E124/><V78/><F72/><W59/><G134/><T29/><D98/><U40/><E133/><V63/><F68/><W118/><G118/><T110/><D110/><U55/><E121/><V26/><F3/><W46/><G5/><N who="2" m="1545" /><F69/><W116/><G101/><T38/><D38/><U95/><E74/><V92/><F92/><W9/><G9/><T43/><D43/><N who="2" m="16394" /><F15/><W96/><G116/><T1/><D1/><U33/><E73/><V103/><F103/><W93/><G34/><T130/><D0/><U104/><E71/><V127/><F127/><W47/><G93/><T13/><D2/><U12/><E37/><V32/><F32/><W65/><REACH who="3" step="1"/><G48/><REACH who="3" ten="307,213,240,230" step="2"/><T112/><D112/><U106/><E33/><V123/><F123/><W88/><G88/><T4/><D50/><U85/><E104/><V80/><F80/><W45/><G45/><T10/><D49/><U86/><E105/><V132/><F132/><W79/><AGARI ba="0,1" hai="20,27,30,46,47,59,62,65,75,79,83,90,94,96" machi="79" ten="30,7900,0" yaku="1,1,0,1,52,1,53,1" doraHai="24" doraHaiUra="23" who="3" fromWho="3" sc="307,-20,213,-20,240,-39,230,89" /><INIT seed="3,0,0,1,1,106" ten="287,193,201,319" oya="3" hai0="62,53,98,23,89,97,10,80,46,37,128,48,13" hai1="103,72,110,43,77,39,121,86,108,82,45,76,5" hai2="61,21,51,71,54,119,47,68,107,41,102,111,133" hai3="26,96,69,18,83,7,8,12,50,34,38,99,42"/><W132/><G69/><T100/><D128/><U3/><E121/><V1/><F119/><W60/><G38/><T9/><D37/><U114/><E114/><V66/><F1/><W75/><G132/><T17/><D62/><U67/><E67/><V92/><F111/><N who="1" m="42537" /><E103/><V120/><F107/><W49/><G60/><T4/><D100/><U93/><E93/><V27/><F133/><W24/><G75/><T20/><D10/><N who="1" m="2367" /><E72/><V116/><F116/><W118/><G83/><T73/><D20/><U59/><E59/><N who="2" m="37183" /><F41/><W126/><G34/><T65/><D65/><U123/><E123/><V134/><F134/><W32/><G32/><T11/><D11/><U56/><E56/><V90/><F90/><AGARI ba="0,0" hai="39,43,45,76,77,82,86,90" m="2367,42537" machi="90" ten="30,1000,0" yaku="14,1" doraHai="106" who="1" fromWho="2" sc="287,0,193,10,201,-10,319,0" owari="287,8.7,203,-19.7,191,-30.9,319,41.9" /></mjloggm>