<mjloggm ver="2.3"><GO type="225" lobby="0"/><UN n0="%70%68%65%6E%6F%6D%65" n1="%E9%B3%B3%E6%9D%B1%E3%81%AE%E3%81%86%E3%81%95%E3%81%8E%E3%81%95%E3%82%93" n2="%E6%A0%B9%E5%85%83%E3%81%8B%E3%82%89%E5%90%B9%E3%81%A3%E9%A3%9B%E3%81%B6" n3="%E3%81%A8%E3%82%89%E3%81%84%E3%81%A1" dan="17,16,16,16" rate="2167.81,2153.94,2159.14,2109.49" sx="M,M,F,M"/><TAIKYOKU oya="0"/><INIT seed="0,0,0,4,4,7" ten="250,250,250,250" oya="0" hai0="16,125,22,45,54,122,133,126,37,9,97,112,74" hai1="46,129,91,39,86,42,59,17,107,108,58,41,21" hai2="55,0,15,1,105,109,78,73,72,101,116,118,83" hai3="94,120,50,36,92,5,90,115,114,13,19,65,117"/><T64/><D112/><U11/><E108/><V66/><F109/><W98/><G36/><T128/><D122/><U81/><E129/><V18/><F72/><W89/><G117/><N who="2" m="45161" /><F66/><W53/><G5/><T2/><D74/><U35/><E35/><V6/><F6/><W56/><G65/><T111/><D111/><U62/><E107/><V121/><F121/><W44/><G44/><T32/><D128/><U34/><E34/><V99/><F55/><W8/><REACH who="3" step="1"/><G120/><REACH who="3" ten="250,250,250,240" step="2"/><T135/><D64/><U28/><E46/><V123/><F123/><W24/><G24/><N who="0" m="14407" /><D45/><U131/><E39/><V77/><F77/><W33/><G33/><T124/><D37/><U134/><E131/><V29/><F29/><W48/><G48/><T23/><D32/><U106/><E28/><V14/><F18/><W68/><G68/><T104/><D54/><U60/><E41/><V3/><AGARI ba="0,1" hai="0,1,3,14,15,73,78,83,99,101,105" m="45161" machi="3" ten="40,1500,0" yaku="12,1" doraHai="7" who="2" fromWho="2" sc="250,-7,250,-4,250,25,240,-4" /><INIT seed="1,0,0,3,5,58" ten="243,246,275,236" oya="1" hai0="55,19,73,107,32,76,15,82,47,92,131,83,9" hai1="87,71,105,69,125,11,12,27,109,96,39,102,79" hai2="123,36,133,45,120,93,7,67,20,114,52,127,103" hai3="97,44,77,63,81,94,53,68,59,84,129,89,74"/><U121/><E121/><V25/><F127/><W3/><G129/><T8/><D131/><U33/><E125/><V95/><F133/><W111/><G111/><T62/><D107/><U98/><E39/><V46/><F114/><W75/><G3/><T60/><D32/><U134/><E134/><V135/><F135/><W35/><G35/><T28/><D28/><U56/><E109/><V124/><F124/><W106/><G68/><T42/><D92/><U5/><E98/><V1/><F1/><W110/><G110/><T91/><D55/><U57/><E79/><V132/><F7/><W90/><G106/><T117/><D9/><U4/><E4/><V85/><F132/><W54/><REACH who="3" step="1"/><G77/><REACH who="3" ten="243,246,275,226" step="2"/><T118/><D117/><U40/><E71/><V86/><F123/><W22/><G22/><T78/><D118/><U108/><E108/><V128/><F20/><W24/><G24/><T13/><D13/><U88/><E69/><V43/><F25/><W17/><G17/><T66/><D78/><U38/><E33/><V0/><F120/><W61/><G61/><T26/><D26/><U30/><E27/><V2/><F128/><W130/><G130/><T21/><D21/><U18/><E18/><V112/><F0/><W51/><AGARI ba="0,1" hai="44,51,53,54,59,63,74,75,81,84,89,90,94,97" machi="51" ten="30,4000,0" yaku="1,1,0,1,52,1,53,0" doraHai="58" doraHaiUra="101" who="3" fromWho="3" sc="243,-10,246,-20,275,-10,226,50" /><INIT seed="2,0,0,1,4,110" ten="233,226,265,276" oya="2" hai0="63,42,43,90,113,40,96,12,97,15,57,34,21" hai1="134,65,67,36,29,28,10,132,24,87,64,8,30" hai2="44,19,5,95,46,114,55,93,129,89,88,58,119" hai3="31,39,118,116,27,80,83,23,59,60,14,103,50"/><V33/><F119/><W4/><G39/><T71/><D34/><U51/><E36/><V45/><F129/><W22/><G103/><T54/><D71/><U26/><E51/><V81/><F33/><W115/><G115/><T79/><D113/><U73/><E87/><N who="2" m="50287" /><F114/><W135/><G135/><N who="1" m="51754" /><E73/><V106/><F106/><W99/><G50/><T0/><D0/><U38/><E38/><V37/><F5/><W25/><G99/><N who="0" m="37963" /><D79/><U3/><E3/><V7/><F7/><W100/><G100/><T109/><D109/><U53/><E53/><V91/><F19/><N who="3" m="12511" /><G118/><T117/><D117/><U108/><E108/><V98/><F37/><W18/><G4/><T112/><D112/><U130/><E130/><V120/><F120/><W127/><G116/><T104/><D104/><U102/><E102/><N who="2" m="60751" /><F95/><W121/><G121/><T78/><D78/><U69/><E69/><V56/><F56/><W11/><G59/><T62/><D90/><U6/><E6/><V9/><F9/><AGARI ba="0,0" hai="8,9,10,24,26,28,29,30,64,65,67" m="51754" machi="9" ten="40,5200,0" yaku="28,2,20,1" doraHai="110" who="1" fromWho="2" sc="233,0,226,52,265,-52,276,0" /><INIT seed="3,0,0,3,2,130" ten="233,278,213,276" oya="3" hai0="94,1,108,53,117,99,77,126,32,116,106,127,24" hai1="97,121,8,107,13,98,111,122,63,60,66,109,19" hai2="39,58,61,64,33,26,46,21,43,123,91,101,84" hai3="18,82,75,40,96,124,118,88,38,31,2,134,0"/><W68/><G68/><T3/><D106/><U129/><E129/><V93/><F123/><N who="1" m="47113" /><E107/><V28/><REACH who="2" step="1"/><F101/><REACH who="2" ten="233,278,203,276" step="2"/><W83/><G118/><T65/><D116/><U27/><E63/><V30/><F30/><W110/><G31/><T56/><D117/><U71/><E27/><V37/><F37/><W62/><G38/><T29/><D126/><U52/><E60/><V95/><F95/><W49/><G124/><T113/><D94/><U51/><E71/><V12/><F12/><W119/><G62/><T100/><D127/><U67/><E67/><V7/><F7/><W50/><G119/><T20/><D65/><U133/><E66/><V128/><F128/><W17/><G0/><T15/><D1/><U11/><E13/><V25/><F25/><W135/><G2/><T85/><D3/><U44/><E19/><V45/><F45/><W132/><G17/><T76/><D15/><U16/><E16/><V112/><F112/><W72/><G18/><T125/><D113/><U90/><E8/><V4/><F4/><W74/><G110/><T87/><D108/><U23/><E11/><V59/><F59/><W36/><G36/><T102/><D125/><U78/><E111/><V86/><F86/><N who="0" m="32778" /><D102/><U89/><E109/><V104/><F104/><W115/><G115/><T70/><D70/><U69/><E69/><V48/><F48/><N who="3" m="18539" /><G40/><T42/><D42/><U103/><E51/><V57/><F57/><W73/><G73/><T22/><D56/><U10/><E44/><V54/><F54/><W5/><G5/><T41/><D41/><U6/><E52/><V14/><F14/><RYUUKYOKU ba="0,1" sc="233,-15,278,-15,203,15,276,15" hai2="21,26,28,33,39,43,46,58,61,64,84,91,93" hai3="72,74,75,82,83,88,96,132,134,135" /><INIT seed="3,1,1,5,4,106" ten="218,263,218,291" oya="3" hai0="6,21,83,12,105,80,44,1,41,56,135,59,73" hai1="48,113,37,128,103,120,104,34,62,114,63,91,112" hai2="85,88,101,42,92,8,132,51,16,116,133,98,35" hai3="87,14,115,76,134,99,126,19,30,107,127,22,55"/><W18/><G115/><T2/><D105/><U75/><E37/><V36/><F116/><W93/><G134/><N who="2" m="51817" /><F35/><W97/><G30/><T52/><D135/><U117/><E120/><V58/><F36/><W43/><G43/><T24/><D12/><U54/><E34/><V25/><F58/><W130/><G130/><T123/><D123/><U40/><E40/><V131/><F131/><W78/><G55/><T111/><D111/><U109/><E128/><V33/><F33/><W124/><G19/><T102/><D102/><U125/><E125/><V119/><F119/><W38/><G38/><T45/><D6/><U0/><E0/><V129/><F129/><W65/><G65/><T74/><D21/><U4/><E4/><V50/><F42/><W67/><G67/><T86/><D41/><U79/><E109/><V49/><F25/><W13/><G13/><T57/><D24/><U20/><E117/><V61/><F61/><W10/><G22/><T15/><D15/><U28/><E20/><V39/><F39/><W11/><G11/><T90/><D45/><N who="1" m="27919" /><E28/><V121/><F121/><W68/><G68/><T84/><D1/><U108/><E108/><V110/><F110/><W95/><G126/><T70/><D70/><U94/><E112/><V64/><F64/><W122/><G122/><T82/><D2/><U26/><E26/><V7/><F7/><W46/><G127/><T72/><D84/><N who="1" m="52583" /><E114/><V77/><F77/><W47/><G78/><T71/><D71/><U69/><E113/><V27/><F27/><W29/><G124/><T81/><D44/><N who="3" m="16937" /><G76/><T118/><D118/><RYUUKYOKU ba="1,1" sc="218,30,263,-10,218,-10,291,-10" hai0="52,56,57,59,72,73,74,80,81,82,83,86,90" /><INIT seed="4,2,1,2,4,85" ten="248,253,208,281" oya="0" hai0="40,12,15,28,55,103,26,109,107,83,67,69,123" hai1="73,75,97,81,90,27,10,113,66,110,48,46,11" hai2="60,52,101,54,7,125,57,6,105,70,50,33,25" hai3="39,86,132,92,38,45,126,4,135,31,13,51,98"/><T118/><D118/><U22/><E110/><V88/><F125/><W37/><G86/><T82/><D123/><U21/><E113/><V80/><F105/><W115/><G31/><T5/><D40/><U59/><E75/><V76/><F101/><W16/><G4/><N who="2" m="1577" /><F33/><W49/><G115/><T18/><D5/><U8/><E73/><V9/><F70/><W44/><G44/><T14/><D18/><U3/><E3/><V130/><F130/><W120/><G120/><T94/><D109/><U128/><E128/><V87/><F9/><N who="3" m="6191" /><G45/><T133/><D133/><N who="3" m="51273" /><G126/><T65/><D82/><U58/><E81/><V41/><F41/><W91/><AGARI ba="2,1" hai="37,38,39,49,51,91,92,98" m="51273,6191" machi="91" ten="40,5200,0" yaku="20,1,52,1,54,1" doraHai="85" who="3" fromWho="3" sc="248,-28,253,-15,208,-15,281,68" owari="220,-18.0,238,3.8,193,-30.7,349,44.9" /></mjloggm>