<mjloggm ver="2.3"><GO type="225" lobby="0"/><UN n0="%33%74%72%65%65" n1="%E5%AF%82%E5%AF%9E%E3%82%AE%E3%83%8D%E3%82%B9%E3%83%93%E3%83%BC%E3%83%AB" n2="%74%61%6B%65%2D%79%6F%75" n3="%E3%81%A9%E3%82%8F%E3%82%93%E3%81%94" dan="17,16,17,16" rate="2138.26,2153.50,2126.23,2163.47" sx="F,M,M,M"/><TAIKYOKU oya="0"/><INIT seed="0,0,0,2,0,67" ten="250,250,250,250" oya="0" hai0="28,59,21,38,76,117,41,61,94,77,123,129,43" hai1="78,107,88,26,42,79,83,72,23,95,31,119,15" hai2="99,74,16,54,132,124,110,70,64,106,112,68,75" hai3="65,45,133,22,91,35,130,40,32,102,27,85,131"/><T1/><D117/><U24/><E119/><V39/><F112/><W30/><G102/><T66/><D123/><U48/><E107/><V17/><F110/><W34/><G133/><T60/><D129/><N who="3" m="49161" /><G65/><T104/><D104/><U4/><E79/><N who="0" m="30281" /><D1/><U80/><E80/><V126/><F39/><N who="3" m="21663" /><G35/><T25/><D38/><U3/><E3/><V87/><F132/><W62/><G62/><N who="0" m="38239" /><D94/><AGARI ba="0,0" hai="22,27,30,32,34,85,91,94" m="21663,49161" machi="94" ten="30,1000,0" yaku="19,1" doraHai="67" who="3" fromWho="0" sc="250,-10,250,0,250,0,250,10" /><INIT seed="1,0,0,0,2,73" ten="240,250,250,260" oya="1" hai0="19,21,116,129,56,22,8,83,89,121,0,18,57" hai1="68,103,23,48,6,113,52,119,92,127,24,110,98" hai2="112,100,101,122,40,124,27,78,38,117,86,10,118" hai3="107,65,26,132,49,41,87,5,134,85,70,128,135"/><U25/><E113/><V61/><F122/><W33/><G107/><T67/><D116/><U2/><E119/><V88/><F112/><W51/><G5/><T94/><D121/><U99/><E68/><V39/><F124/><W47/><G128/><T74/><D129/><U7/><E127/><V12/><F117/><W105/><G105/><T96/><D0/><U131/><E131/><V29/><F118/><W91/><G51/><T60/><D8/><U55/><E110/><V109/><F109/><W4/><G4/><N who="1" m="1578" /><E2/><V104/><F61/><N who="3" m="40239" /><G91/><T133/><D133/><N who="3" m="34049" /><W120/><DORA hai="69" /><G120/><T34/><D34/><U36/><E36/><V63/><F63/><W42/><G42/><T28/><D28/><AGARI ba="0,0" hai="26,28,33,41,47,49,85,87" m="34049,40239" machi="28" ten="40,1300,0" yaku="20,1" doraHai="73,69" who="3" fromWho="0" sc="240,-13,250,0,250,0,260,13" /><INIT seed="2,0,0,3,3,23" ten="227,250,250,273" oya="2" hai0="45,24,6,49,120,87,64,99,59,47,20,109,40" hai1="83,107,82,127,5,108,50,124,101,61,68,80,115" hai2="37,81,134,88,1,43,31,96,19,131,75,121,132" hai3="79,93,21,135,57,125,119,14,106,56,65,97,70"/><V34/><F121/><W116/><G106/><T114/><D120/><U102/><E115/><V8/><F131/><W35/><G35/><T60/><D114/><U72/><E5/><N who="2" m="1071" /><F19/><W73/><G70/><T30/><D109/><U118/><E118/><V12/><F12/><W7/><G79/><T42/><D6/><U16/><E108/><V2/><F2/><W113/><G73/><T94/><D87/><U44/><E72/><V18/><F18/><W67/><G14/><T86/><D86/><U77/><E77/><N who="2" m="44223" /><F96/><W39/><G97/><T25/><D25/><U103/><E107/><V85/><F34/><W26/><G26/><T74/><D74/><U10/><E10/><V22/><F22/><W104/><G21/><T111/><D111/><U28/><E16/><V27/><F31/><W48/><G113/><T55/><D47/><U32/><E28/><V53/><F53/><W17/><G17/><T58/><D45/><U41/><E32/><V36/><F27/><W123/><G123/><T3/><D3/><U84/><E84/><V63/><F63/><W15/><G15/><T33/><D33/><U0/><E0/><V46/><F37/><W129/><G39/><T92/><D92/><AGARI ba="0,0" hai="36,43,46,85,88,92,132,134" m="44223,1071" machi="92" ten="30,2900,0" yaku="25,1,54,1" doraHai="23" who="2" fromWho="0" sc="227,-29,250,0,250,29,273,0" /><INIT seed="2,1,0,0,4,90" ten="198,250,279,273" oya="2" hai0="7,67,133,59,123,51,129,113,41,29,12,1,10" hai1="9,11,35,80,103,74,64,24,134,48,118,22,100" hai2="84,135,40,16,20,126,19,61,125,39,86,85,55" hai3="23,45,116,18,2,46,77,101,96,56,58,68,32"/><V3/><F3/><W62/><G116/><T109/><D123/><U5/><E118/><V83/><F135/><W69/><G32/><T66/><D113/><U81/><E35/><V33/><F33/><W8/><G77/><T70/><D70/><U79/><E134/><V30/><F30/><W130/><G130/><T108/><D133/><U105/><E64/><V36/><F83/><W49/><G69/><T72/><D129/><U82/><E11/><V128/><F128/><W53/><G68/><T107/><D72/><U89/><E48/><V4/><F4/><W106/><G8/><T94/><D107/><U76/><E89/><V119/><F119/><W65/><G2/><T95/><D29/><U110/><E110/><N who="0" m="42601" /><D1/><U124/><E124/><V0/><F0/><W121/><G121/><T71/><D71/><U43/><E43/><V57/><F40/><W127/><G127/><N who="2" m="48649" /><F19/><W131/><REACH who="3" step="1"/><G131/><REACH who="3" ten="198,250,279,263" step="2"/><T111/><D111/><U112/><E79/><V31/><F31/><W52/><G52/><N who="0" m="32159" /><D41/><U28/><E76/><V50/><F55/><W75/><G75/><T13/><D13/><AGARI ba="1,1" hai="13,18,23,45,46,49,53,56,58,62,65,96,101,106" machi="13" ten="30,3900,0" yaku="1,1,7,1,53,1" doraHai="90" doraHaiUra="15" who="3" fromWho="0" sc="198,-42,250,0,279,0,263,52" /><INIT seed="3,0,0,0,0,103" ten="156,250,279,315" oya="3" hai0="118,19,111,1,25,135,108,41,95,134,17,120,32" hai1="7,61,51,8,117,27,78,65,12,4,81,35,62" hai2="40,34,52,91,79,123,87,68,110,56,76,29,127" hai3="18,72,88,45,5,109,43,85,96,121,102,39,20"/><W80/><G121/><T36/><D41/><U114/><E114/><V38/><F123/><W73/><G5/><T16/><D36/><U125/><E125/><V54/><F68/><W23/><G109/><N who="0" m="42059" /><D95/><U99/><E117/><V106/><F110/><W24/><G23/><T49/><D49/><U60/><E51/><V119/><F119/><W94/><AGARI ba="0,0" hai="18,20,24,39,43,45,72,73,80,85,88,94,96,102" machi="94" ten="20,3900,0" yaku="0,1,7,1,54,1" doraHai="103" who="3" fromWho="3" sc="156,-13,250,-13,279,-13,315,39" owari="143,-35.7,237,-16.3,266,6.6,354,45.4" /></mjloggm>