<mjloggm ver="2.3"><GO type="225" lobby="0"/><UN n0="%61%69%73%79%6F" n1="%E5%A4%96%E5%B7%9D%E7%AB%9C%E6%88%90" n2="%E3%82%BC%E3%83%AB%E3%83%80%E3%81%AE%E4%BC%9D%E8%AA%AC" n3="%72%61%6B%33" dan="17,16,16,17" rate="2222.79,2189.98,2179.42,2163.37" sx="M,M,M,M"/><TAIKYOKU oya="0"/><INIT seed="0,0,0,0,5,83" ten="250,250,250,250" oya="0" hai0="80,113,30,78,7,38,41,49,15,121,130,48,92" hai1="89,119,71,28,86,60,81,51,82,112,75,123,24" hai2="67,53,33,106,16,46,21,88,97,44,14,114,63" hai3="10,0,36,59,3,125,87,132,77,102,134,4,120"/><T131/><D121/><U50/><E123/><V65/><F114/><W68/><G120/><T55/><D113/><U133/><E112/><V37/><F33/><W103/><G68/><T91/><D30/><U93/><E119/><V39/><F39/><W47/><G125/><T90/><D38/><U58/><E71/><V74/><F74/><W57/><G0/><T29/><D29/><U98/><E75/><V22/><F106/><W111/><G111/><T118/><D41/><U2/><E2/><V128/><F128/><N who="0" m="49194" /><D48/><U126/><E133/><V115/><F22/><W135/><G47/><N who="2" m="17961" /><F37/><W94/><G36/><T109/><D109/><U45/><E126/><V95/><F115/><W17/><G17/><T110/><D110/><U76/><E82/><V54/><F63/><W26/><G26/><T84/><D118/><U42/><E45/><V108/><F108/><W61/><G77/><T20/><D49/><U69/><E69/><V12/><F12/><W64/><REACH who="3" step="1"/><G59/><REACH who="3" ten="250,250,250,240" step="2"/><T101/><D7/><U62/><E42/><V11/><F11/><W31/><G31/><T27/><D15/><U6/><E6/><V9/><F9/><W117/><G117/><T79/><D79/><U13/><E13/><V32/><F32/><W70/><G70/><T105/><D20/><N who="1" m="15367" /><E62/><V124/><F124/><W104/><G104/><T52/><D27/><U96/><E60/><V129/><F129/><W1/><G1/><T72/><D78/><U40/><E58/><V127/><F127/><W99/><G99/><N who="1" m="37930" /><E40/><V56/><F56/><W8/><G8/><T116/><D116/><U100/><E76/><RYUUKYOKU ba="0,1" sc="250,-30,250,10,250,10,240,10" hai1="50,51,81,86,89,93,100" hai2="14,16,21,53,54,65,67,88,95,97" hai3="3,4,10,57,61,64,87,94,102,103,132,134,135" /><INIT seed="1,1,1,3,4,11" ten="220,260,260,250" oya="1" hai0="5,23,90,36,27,43,66,59,110,62,44,45,84" hai1="96,51,33,89,38,16,10,47,73,129,39,87,68" hai2="53,40,134,26,9,112,34,31,101,132,100,49,99" hai3="15,120,54,3,122,109,70,126,72,86,20,107,56"/><U125/><E73/><V12/><F40/><W124/><G3/><T8/><D110/><U133/><E68/><V65/><F65/><W78/><G107/><T85/><D44/><U130/><E33/><V123/><F123/><W30/><G70/><T58/><D59/><U128/><E96/><V22/><F34/><W55/><G72/><T50/><D36/><U69/><E69/><V19/><F112/><W28/><G109/><T41/><D41/><N who="1" m="25071" /><E125/><N who="3" m="48234" /><G86/><T83/><D84/><U57/><E57/><N who="2" m="32943" /><F99/><W52/><G78/><T29/><D8/><U21/><E10/><V116/><F116/><W127/><G56/><T80/><REACH who="0" step="1"/><D5/><REACH who="0" ten="210,260,260,250" step="2"/><U97/><E133/><AGARI ba="1,2" hai="9,12,19,22,26,31,100,101,132,133,134" m="32943" machi="133" ten="30,2000,0" yaku="20,1,52,1" doraHai="11" who="2" fromWho="1" sc="210,0,260,-23,260,43,250,0" /><INIT seed="2,0,0,1,0,48" ten="210,237,303,250" oya="2" hai0="41,47,58,28,54,5,75,88,127,99,125,10,19" hai1="77,128,46,109,124,21,11,17,38,134,7,36,6" hai2="114,79,118,39,68,96,115,45,73,37,108,86,23" hai3="97,3,84,113,72,13,35,40,119,101,111,57,126"/><V62/><F118/><W33/><G119/><T49/><D75/><U9/><E77/><V83/><F108/><W60/><G3/><T107/><D28/><U14/><E38/><V24/><F73/><W8/><G72/><T29/><D29/><U87/><E87/><V27/><F96/><W90/><G40/><T122/><D122/><U67/><E67/><V31/><F24/><W106/><G126/><N who="0" m="48139" /><D19/><U71/><E71/><V81/><F81/><W64/><G113/><T121/><D121/><U43/><E124/><V117/><F117/><W74/><G111/><T135/><D135/><U98/><E109/><V51/><F39/><W4/><REACH who="3" step="1"/><G74/><REACH who="3" ten="210,237,303,240" step="2"/><T85/><D107/><U102/><E134/><V2/><F2/><W82/><AGARI ba="0,1" hai="4,8,13,33,35,57,60,64,82,84,90,97,101,106" machi="82" ten="20,8000,1" yaku="1,1,2,1,0,1,7,1,53,1" doraHai="48" doraHaiUra="52" who="3" fromWho="3" sc="210,-20,237,-20,303,-40,240,90" /><INIT seed="3,0,0,0,4,80" ten="190,217,263,330" oya="3" hai0="15,37,19,29,62,10,116,23,100,89,58,50,129" hai1="133,120,56,54,64,112,22,107,81,121,44,1,124" hai2="46,18,109,91,42,77,8,66,86,27,93,123,67" hai3="68,131,65,97,127,104,73,63,128,24,101,114,51"/><W135/><G114/><T53/><D37/><U16/><E107/><V40/><F109/><W9/><G73/><T47/><D129/><N who="3" m="49737" /><G127/><T33/><D116/><U70/><E1/><V39/><F123/><W20/><G135/><T84/><D33/><U83/><E112/><V130/><F130/><W21/><G24/><T118/><D100/><U126/><E44/><V4/><F42/><W98/><G9/><T115/><D115/><U117/><E64/><V106/><F106/><N who="3" m="63791" /><G51/><T13/><D118/><U125/><E70/><V3/><REACH who="2" step="1"/><F77/><REACH who="2" ten="190,217,253,330" step="2"/><W35/><G35/><T12/><D29/><U99/><E117/><V25/><F25/><W102/><AGARI ba="0,1" hai="20,21,63,65,68,98,102,104" m="63791,49737" machi="102" ten="30,1500,0" yaku="19,1" doraHai="80" who="3" fromWho="3" sc="190,-5,217,-5,253,-5,330,25" owari="185,-31.5,212,-18.8,248,4.8,355,45.5" /></mjloggm>