<mjloggm ver="2.3"><GO type="225" lobby="0"/><UN n0="%E3%82%BF%E3%83%BC%E3%83%90%E3%83%B3%E9%87%8E%E5%8F%A3" n1="%E5%A4%8F%E9%88%B4%E9%88%B4%E5%A4%8F" n2="%E3%80%93%E3%81%97%E3%83%BC%E3%82%89%E3%80%93" n3="%E6%9D%B1%E9%A2%A8%E3%81%AE%E3%81%8D%E3%82%83%E3%81%B7%E3%81%95%E3%82%93" dan="16,16,16,17" rate="2103.72,2161.97,2090.80,2270.43" sx="M,M,M,M"/><TAIKYOKU oya="0"/><INIT seed="0,0,0,3,4,131" ten="250,250,250,250" oya="0" hai0="35,54,117,47,124,78,30,105,25,129,104,56,108" hai1="49,23,111,66,37,95,6,36,20,73,91,29,67" hai2="100,106,127,92,2,39,24,81,22,45,83,84,3" hai3="16,116,15,32,76,11,112,12,94,57,123,109,82"/><T7/><D117/><U135/><E73/><V50/><F39/><W134/><G109/><T86/><D129/><U93/><E6/><V71/><F71/><W113/><G32/><T62/><D124/><U40/><E36/><V34/><F34/><W72/><G116/><T85/><D108/><U4/><E37/><V52/><F106/><W48/><G123/><T1/><D47/><N who="1" m="25831" /><E111/><V110/><F127/><W19/><G94/><T64/><D64/><N who="1" m="24619" /><E135/><V14/><F14/><W42/><G134/><T9/><REACH who="0" step="1"/><D78/><REACH who="0" ten="240,250,250,250" step="2"/><U65/><E65/><V130/><F110/><W122/><G122/><T38/><D38/><U13/><E29/><V102/><F130/><W10/><G57/><T133/><D133/><U28/><E28/><N who="2" m="17431" /><F2/><W96/><G113/><T31/><D31/><U27/><E27/><V8/><F3/><W26/><G26/><T21/><D21/><U88/><E20/><V75/><F8/><W18/><G112/><T17/><D17/><N who="1" m="10671" /><E4/><V43/><F45/><W107/><G19/><T115/><D115/><U53/><E53/><V60/><F52/><W55/><G55/><T114/><D114/><U77/><E77/><V125/><F125/><W5/><G5/><T44/><D44/><U101/><E101/><V119/><F102/><W90/><G18/><T59/><D59/><U121/><E121/><V98/><F100/><W132/><G10/><T118/><D118/><U79/><E79/><V74/><F119/><W61/><G76/><T97/><D97/><U58/><E58/><V63/><F98/><W99/><G96/><T80/><D80/><U128/><E128/><RYUUKYOKU ba="0,1" sc="240,15,250,15,250,-15,250,-15" hai0="1,7,9,25,30,35,54,56,62,85,86,104,105" hai1="88,91,93,95" /><INIT seed="0,1,1,0,0,109" ten="255,265,235,235" oya="0" hai0="86,14,55,80,0,121,88,3,56,118,116,72,48" hai1="17,16,25,49,1,21,41,134,98,87,89,31,61" hai2="83,44,35,15,64,12,91,81,129,104,27,47,76" hai3="63,75,124,9,57,126,93,45,51,19,52,4,105"/><T67/><D121/><U34/><E134/><V100/><F129/><W111/><G105/><T122/><D122/><U131/><E131/><V20/><F35/><W43/><G75/><T82/><D67/><U132/><E132/><V125/><F125/><W58/><G111/><T6/><D14/><U84/><E1/><V38/><F64/><W32/><G32/><T28/><D28/><U79/><E34/><V97/><F91/><W133/><G133/><T65/><D65/><U33/><E33/><V37/><F83/><W53/><G93/><T54/><D54/><U102/><E79/><V50/><F38/><W22/><G22/><T127/><D127/><U5/><E61/><V7/><F37/><W128/><G19/><N who="1" m="7242" /><E5/><V120/><F120/><W107/><G107/><T108/><D108/><U68/><E102/><V69/><F69/><W11/><G11/><T10/><REACH who="0" step="1"/><D0/><REACH who="0" ten="245,265,235,235" step="2"/><U8/><E68/><V40/><F15/><W2/><REACH who="3" step="1"/><G128/><REACH who="3" ten="245,265,235,225" step="2"/><T117/><D117/><U96/><E8/><V101/><F7/><W115/><G115/><T66/><D66/><U110/><E110/><V71/><F71/><W130/><G130/><T59/><D59/><U13/><E31/><V77/><F47/><W95/><G95/><T106/><D106/><U112/><E112/><V60/><F104/><W99/><G99/><T36/><D36/><AGARI ba="1,3" hai="2,4,9,36,43,45,51,52,53,57,58,63,124,126" machi="36" ten="40,8000,1" yaku="1,1,54,1,53,2" doraHai="109" doraHaiUra="135" who="3" fromWho="0" sc="245,-83,265,0,235,0,225,113" /><INIT seed="1,0,0,3,3,97" ten="162,265,235,338" oya="1" hai0="112,70,121,90,55,38,14,36,84,67,52,113,49" hai1="24,31,73,125,4,32,1,25,58,35,130,3,82" hai2="29,108,74,79,120,40,126,30,60,115,63,42,116" hai3="57,95,56,21,127,5,46,102,78,104,28,83,2"/><U88/><E125/><V45/><F116/><W26/><G127/><T75/><D75/><U94/><E130/><V124/><F120/><W33/><G104/><T34/><D34/><U133/><E133/><V16/><F74/><W122/><G122/><T62/><D14/><U54/><E4/><V93/><F79/><W109/><G109/><T43/><D121/><U123/><E123/><V12/><F108/><W69/><G69/><T61/><D84/><U100/><E100/><V77/><F77/><W98/><G33/><T134/><D90/><U59/><E82/><V65/><F115/><N who="0" m="44106" /><D134/><U92/><E73/><V119/><F119/><W114/><G114/><T129/><D129/><U87/><E94/><V107/><F107/><W80/><G80/><T85/><D85/><U13/><E13/><V96/><F124/><W66/><G5/><T11/><D11/><U48/><E59/><N who="2" m="37023" /><F63/><W53/><G2/><T47/><D62/><U117/><E117/><V7/><F7/><W27/><G27/><T10/><D10/><U105/><REACH who="1" step="1"/><E105/><REACH who="1" ten="162,255,235,338" step="2"/><V99/><F126/><W50/><G66/><T68/><D68/><U41/><E41/><V101/><F42/><W72/><AGARI ba="0,1" hai="21,26,28,46,50,53,56,57,72,78,83,95,98,102" machi="72" ten="20,2700,0" yaku="0,1,7,1,52,1" doraHai="97" who="3" fromWho="3" sc="162,-7,255,-13,235,-7,338,37" /><INIT seed="2,0,0,1,3,99" ten="155,242,228,375" oya="2" hai0="48,67,49,128,24,120,64,46,5,59,106,110,93" hai1="16,113,88,105,44,71,35,115,132,107,97,62,20" hai2="2,33,90,15,0,23,27,56,130,102,22,122,118" hai3="25,37,83,13,45,114,87,9,58,98,12,109,21"/><V78/><F118/><W57/><G109/><T91/><D120/><U80/><E35/><V111/><F122/><W74/><G74/><T75/><D110/><U70/><E132/><V54/><F111/><W18/><G114/><T116/><D128/><U131/><E131/><V38/><F38/><W103/><G45/><T61/><D106/><U43/><E113/><V123/><F123/><W8/><G37/><T60/><D75/><U95/><E115/><V133/><F33/><W68/><G68/><T65/><D116/><U17/><E80/><V32/><F32/><W112/><G112/><T30/><D5/><U94/><E17/><V1/><F130/><W73/><G73/><T52/><D48/><U129/><E129/><V79/><F15/><W6/><G8/><T117/><D61/><U26/><E95/><V119/><F133/><W92/><G13/><T28/><D117/><U89/><E89/><AGARI ba="0,0" hai="6,9,12,18,21,25,57,58,83,87,89,92,98,103" machi="89" ten="30,3900,0" yaku="7,1,8,1,52,1" doraHai="99" who="3" fromWho="1" sc="155,0,242,-39,228,0,375,39" /><INIT seed="3,0,0,4,4,87" ten="155,203,228,414" oya="3" hai0="58,123,85,1,43,135,119,122,13,72,30,107,38" hai1="26,25,98,64,9,129,114,42,3,60,100,111,29" hai2="59,37,97,134,128,10,39,120,55,24,84,106,61" hai3="81,89,130,115,74,36,32,125,67,48,68,2,102"/><W16/><G48/><T45/><D119/><U90/><E114/><V103/><F128/><W133/><G16/><T49/><D135/><U28/><E129/><V86/><F134/><W23/><G89/><T112/><D112/><U70/><E111/><V7/><F120/><W93/><G81/><T124/><D124/><U8/><E42/><V75/><F75/><W73/><G23/><T131/><D131/><U66/><E90/><V126/><F126/><W31/><G93/><T110/><D110/><U15/><E3/><V20/><F39/><W50/><G50/><T121/><D107/><N who="1" m="63895" /><E64/><V65/><F37/><W54/><G54/><T117/><D117/><U14/><E26/><V95/><F55/><W127/><G102/><T116/><D116/><U47/><E29/><N who="2" m="17543" /><F106/><W88/><G36/><T27/><D72/><U41/><E8/><V108/><F108/><W69/><G69/><T12/><D1/><AGARI ba="0,0" hai="1,7,10,59,61,65,84,86,95,97,103" m="17543" machi="1" ten="30,1000,0" yaku="25,1" doraHai="87" who="2" fromWho="0" sc="155,-10,203,0,228,10,414,0" owari="145,-35.5,203,-19.7,238,3.8,414,51.4" /></mjloggm>