<mjloggm ver="2.3"><GO type="225" lobby="0"/><UN n0="%E3%82%A2%E3%83%A1%E3%82%A2%E3%83%A9%E3%83%AC" n1="%E6%98%93%E5%88%A9%E8%96%A9%E4%BC%AF" n2="%E6%A1%9C%E8%8A%B1%E9%96%83%E3%80%85" n3="%E3%83%81%E3%83%AF%E3%83%AF%E9%9A%8A%E9%95%B7" dan="16,16,16,16" rate="2068.39,2111.76,2121.28,2190.85" sx="M,F,M,M"/><TAIKYOKU oya="0"/><INIT seed="0,0,0,5,1,66" ten="250,250,250,250" oya="0" hai0="118,102,135,42,45,100,111,90,110,37,18,27,61" hai1="96,85,124,81,89,95,115,75,132,5,80,46,72" hai2="69,91,121,116,49,105,15,11,19,13,94,63,86" hai3="56,101,83,6,16,93,60,64,134,21,7,48,54"/><T126/><D118/><U103/><E5/><V33/><F121/><W10/><G134/><T22/><D135/><U53/><E46/><V67/><F116/><W71/><G83/><N who="1" m="31818" /><E53/><V117/><F117/><W74/><G74/><N who="1" m="28202" /><E132/><V43/><F105/><W62/><G62/><T119/><D126/><U84/><E115/><V113/><F113/><W57/><G10/><T79/><D79/><U92/><E124/><V70/><F33/><W76/><G76/><T28/><D119/><U107/><E85/><V35/><F35/><W2/><G2/><T29/><D61/><U131/><E131/><V50/><F43/><W125/><G125/><T0/><D0/><U108/><E108/><N who="0" m="41513" /><D90/><U109/><E109/><V58/><REACH who="2" step="1"/><F15/><REACH who="2" ten="250,250,240,250" step="2"/><W73/><G73/><T123/><D123/><U77/><E77/><V47/><F47/><W38/><G38/><T112/><D112/><U9/><E9/><V97/><F97/><W8/><G8/><T65/><D65/><U20/><E20/><V87/><F87/><W41/><G21/><T88/><D45/><U44/><E44/><V14/><F14/><W34/><G64/><T114/><D114/><U98/><E98/><V40/><F40/><W23/><G41/><T52/><D42/><U133/><E133/><V17/><F17/><W30/><G16/><T4/><D18/><U24/><E24/><V12/><F12/><W3/><G3/><T104/><D27/><U99/><E99/><V55/><F55/><W78/><G54/><T68/><D52/><U120/><E120/><V129/><F129/><W26/><G26/><N who="0" m="16471" /><D37/><U106/><AGARI ba="0,1" hai="84,89,92,95,96,103,106,107" m="28202,31818" machi="106" ten="30,12000,2" yaku="5,1,35,5" doraHai="66" who="1" fromWho="1" sc="250,-60,250,130,240,-30,250,-30" /><INIT seed="1,0,0,1,1,86" ten="190,380,210,220" oya="1" hai0="20,117,133,131,97,35,58,23,125,34,11,65,73" hai1="109,93,75,89,3,74,24,64,5,105,82,103,71" hai2="47,50,57,91,87,42,127,31,94,8,96,33,104" hai3="22,30,45,99,102,27,13,107,49,52,124,110,84"/><U114/><E114/><V129/><F129/><W72/><G124/><T115/><D117/><U68/><E109/><V36/><F127/><W78/><G110/><T119/><D119/><U4/><E24/><V48/><F33/><W80/><REACH who="3" step="1"/><G13/><REACH who="3" ten="190,380,210,210" step="2"/><T54/><D125/><U55/><E3/><V106/><F31/><W16/><G16/><T83/><D115/><U26/><E5/><V21/><F8/><W6/><G6/><T116/><D11/><U15/><E4/><V100/><F21/><W88/><G88/><T60/><D20/><U122/><E15/><V128/><F128/><W81/><G81/><T98/><D131/><U112/><E89/><V111/><F111/><W95/><G95/><T0/><D0/><U44/><E93/><V134/><F104/><W85/><AGARI ba="0,1" hai="22,27,30,45,49,52,72,78,80,84,85,99,102,107" machi="85" ten="30,4000,0" yaku="1,1,0,1,54,1,53,0" doraHai="86" doraHaiUra="113" who="3" fromWho="3" sc="190,-10,380,-20,210,-10,210,50" /><INIT seed="2,0,0,3,2,66" ten="180,360,200,260" oya="2" hai0="36,102,47,130,122,27,12,74,106,120,41,92,97" hai1="42,134,94,57,13,28,79,19,76,69,0,68,23" hai2="128,44,89,52,11,17,25,73,107,105,117,9,58" hai3="64,62,56,84,78,95,50,125,7,22,48,112,82"/><V100/><F117/><W111/><G112/><T109/><D109/><U87/><E0/><V77/><F128/><W86/><G111/><T75/><D130/><U54/><E42/><V72/><F44/><W135/><G125/><T101/><D27/><U34/><E28/><V116/><F116/><W15/><G135/><T31/><D31/><U114/><E34/><V37/><F37/><W49/><G7/><T124/><D124/><U40/><E40/><V29/><F89/><N who="3" m="53671" /><G48/><T133/><D133/><U1/><E1/><V3/><F17/><AGARI ba="0,0" hai="15,17,22,49,50,56,62,64,78,82,86" m="53671" machi="17" ten="30,1000,0" yaku="8,1" doraHai="66" who="3" fromWho="2" sc="180,0,360,0,200,-10,260,10" /><INIT seed="3,0,0,1,1,16" ten="180,360,190,270" oya="3" hai0="37,22,4,102,123,109,44,11,51,70,128,28,46" hai1="131,113,132,42,9,29,66,53,125,99,68,65,25" hai2="90,61,80,97,63,57,111,55,106,14,98,34,116" hai3="86,40,129,15,36,6,39,92,67,121,19,124,62"/><W10/><G121/><T32/><D123/><U26/><E113/><V82/><F116/><W74/><G74/><T27/><D109/><U101/><E42/><V38/><F111/><W79/><G124/><T108/><D108/><U122/><E26/><V17/><F38/><W85/><G129/><T58/><D70/><U20/><E68/><V2/><F2/><W94/><G40/><T127/><D127/><U134/><E122/><V100/><F34/><W21/><G92/><T115/><D128/><U12/><E53/><V43/><F43/><W64/><G64/><T126/><D126/><U18/><E131/><V41/><F41/><W119/><G119/><T93/><D37/><U117/><E117/><V33/><F33/><W72/><G72/><T120/><D120/><U5/><E5/><V50/><F82/><W60/><G60/><N who="2" m="23113" /><F100/><W89/><G79/><T3/><D115/><U83/><E83/><V118/><F106/><W95/><G95/><T75/><D75/><U48/><E48/><V23/><F118/><W81/><G81/><T24/><D58/><U31/><E31/><V110/><F110/><W0/><REACH who="3" step="1"/><G86/><AGARI ba="0,0" hai="14,17,23,50,55,57,80,86,90,97,98" m="23113" machi="86" ten="30,2000,0" yaku="8,1,52,1" doraHai="16" who="2" fromWho="3" sc="180,0,360,0,190,20,270,-20" owari="180,-32.0,360,46.0,210,-19.0,250,5.0" /></mjloggm>