<mjloggm ver="2.3"><GO type="225" lobby="0"/><UN n0="%6D%75%75%6D%75%72%61" n1="%E7%A6%8F%E5%8E%9F%E9%81%A5%E3%81%A8%E7%B5%90%E5%A9%9A%E3%81%99%E3%82%8B" n2="%73%6C%69%63%6B%33%31%39" n3="%E8%BE%9B%E5%8F%A3%E3%82%AB%E3%83%AC%E3%83%BC%E3%83%A9%E3%82%A4%E3%82%B9" dan="16,17,16,16" rate="2143.46,2127.10,2124.52,2218.55" sx="F,M,M,M"/><TAIKYOKU oya="0"/><INIT seed="0,0,0,4,5,68" ten="250,250,250,250" oya="0" hai0="52,2,41,101,5,69,4,31,19,49,124,94,50" hai1="24,14,55,134,89,79,29,131,70,36,0,15,91" hai2="121,57,22,12,93,84,73,32,116,60,40,80,99" hai3="28,62,75,66,44,54,23,3,25,1,78,97,72"/><T129/><D124/><U71/><E0/><V96/><F121/><W122/><G122/><T98/><D69/><U113/><E79/><V127/><F32/><W114/><G114/><T132/><D132/><U128/><E134/><V100/><F73/><W107/><G107/><T30/><D129/><N who="1" m="49739" /><E113/><V6/><F127/><W135/><G135/><T18/><D41/><U108/><E108/><V95/><F40/><W9/><G97/><T58/><D49/><U65/><E55/><V63/><F116/><W74/><G78/><T81/><D81/><U53/><E53/><V123/><F123/><W130/><G9/><T64/><D64/><U102/><E102/><N who="2" m="60687" /><F57/><W115/><G115/><T76/><D76/><U16/><E36/><V67/><F67/><W85/><G85/><T8/><REACH who="0" step="1"/><D4/><REACH who="0" ten="240,250,250,250" step="2"/><U34/><E70/><V104/><F6/><W117/><G130/><T26/><D26/><U39/><E39/><V47/><F60/><W112/><G112/><T11/><D11/><N who="1" m="6239" /><E15/><V35/><F12/><W88/><G25/><T105/><D105/><U83/><E83/><V17/><F104/><W27/><G27/><T90/><D90/><U119/><E119/><V110/><F80/><W59/><G88/><T7/><D7/><U46/><E46/><V13/><F47/><W125/><G117/><T38/><D38/><U33/><E33/><V86/><F35/><W48/><G125/><T120/><D120/><U20/><E34/><V51/><F51/><W21/><G21/><T87/><D87/><N who="2" m="33322" /><F63/><AGARI ba="0,1" hai="20,24,29,63,65,71,89,91" m="6239,49739" machi="63" ten="30,2000,0" yaku="19,1,54,1" doraHai="68" who="1" fromWho="2" sc="240,0,250,30,250,-20,250,0" /><INIT seed="1,0,0,4,3,106" ten="240,280,230,250" oya="1" hai0="3,55,111,14,41,93,126,74,132,26,27,109,108" hai1="1,0,117,60,22,71,56,32,114,15,130,118,112" hai2="58,104,82,40,54,28,63,9,121,88,2,113,68" hai3="36,124,87,50,70,129,128,135,101,122,77,67,16"/><U34/><E71/><V35/><F121/><W13/><G122/><T38/><D3/><N who="1" m="1099" /><E56/><V125/><F104/><W119/><G36/><T116/><D116/><N who="1" m="44651" /><E60/><V115/><F35/><N who="1" m="13353" /><E130/><N who="3" m="50282" /><G119/><T29/><D132/><U61/><E61/><V43/><F68/><W31/><G135/><T20/><D126/><U92/><E92/><V65/><F125/><W110/><G124/><T120/><D120/><U64/><E64/><V105/><F105/><W59/><G101/><T37/><D93/><U81/><E81/><V76/><F65/><W95/><G70/><T73/><D55/><U25/><E15/><V69/><F69/><W86/><G67/><T30/><D14/><U83/><E83/><V33/><F63/><W100/><G77/><T94/><D94/><U12/><E12/><V96/><F76/><W102/><G102/><T4/><D38/><U17/><AGARI ba="0,0" hai="17,22,25,112,114" m="13353,44651,1099" machi="17" ten="40,3900,0" yaku="34,2" doraHai="106" who="1" fromWho="1" sc="240,-13,280,39,230,-13,250,-13" /><INIT seed="1,1,0,5,3,67" ten="227,319,217,237" oya="1" hai0="88,71,43,25,95,46,131,72,115,63,28,133,91" hai1="66,76,40,114,50,37,98,134,42,80,82,125,117" hai2="58,116,1,36,70,2,48,100,41,26,34,0,51" hai3="78,85,20,107,8,39,27,87,96,81,94,77,61"/><U68/><E114/><V35/><F116/><W21/><G107/><T106/><D115/><U23/><E117/><V53/><F100/><W18/><G39/><T99/><D106/><U4/><E134/><V122/><F122/><W32/><G32/><T14/><D133/><U31/><E37/><V84/><F36/><W126/><G126/><T79/><D131/><U135/><E125/><V123/><F123/><W127/><G127/><T121/><D121/><U105/><E4/><V13/><F70/><W55/><G8/><T24/><D91/><U33/><E23/><V83/><F13/><W69/><G21/><T132/><D132/><U75/><E80/><V6/><F6/><W52/><G69/><T60/><D14/><U59/><E50/><V97/><F97/><W108/><G108/><T30/><D72/><U17/><E17/><V10/><F10/><W54/><G61/><N who="0" m="23627" /><D79/><N who="3" m="30217" /><G81/><T49/><D71/><U5/><E82/><V118/><F118/><W128/><G128/><T93/><D93/><U3/><E105/><V15/><F35/><W62/><G62/><T29/><AGARI ba="1,0" hai="24,25,28,29,30,43,46,49,88,95,99" m="23627" machi="29" ten="30,2000,0" yaku="8,1,54,1" doraHai="67" who="0" fromWho="0" sc="227,23,319,-11,217,-6,237,-6" /><INIT seed="2,0,0,0,0,121" ten="250,308,211,231" oya="2" hai0="113,115,94,3,80,89,0,127,111,71,22,72,119" hai1="36,103,60,104,19,44,102,109,92,57,53,45,4" hai2="63,34,33,51,129,7,100,65,133,128,42,62,78" hai3="25,77,118,20,1,107,123,117,105,75,74,52,39"/><V135/><F78/><W124/><G123/><T24/><D127/><U56/><E104/><V82/><F82/><W47/><G1/><T59/><D71/><U85/><E109/><V43/><F100/><W37/><G124/><T132/><D111/><U67/><E4/><V66/><F7/><W15/><G15/><T31/><D132/><U130/><E130/><V10/><F10/><W16/><G39/><T12/><D119/><U38/><E38/><V126/><REACH who="2" step="1"/><F51/><REACH who="2" ten="250,308,201,231" step="2"/><W21/><G117/><T17/><D80/><U99/><E102/><V50/><F50/><W64/><G118/><T134/><D72/><U81/><E36/><V108/><F108/><W69/><G74/><T23/><D134/><U5/><E5/><V28/><F28/><W11/><G75/><T30/><D30/><U32/><E19/><V87/><F87/><W70/><G77/><T110/><D110/><U116/><E116/><V90/><F90/><W8/><G37/><T13/><D3/><U120/><E120/><V68/><F68/><W2/><G2/><T112/><D0/><U14/><E85/><V88/><F88/><W35/><G69/><T46/><D31/><U55/><E81/><V95/><F95/><W125/><G70/><T101/><D101/><U54/><E92/><V18/><F18/><W6/><G16/><T84/><D94/><U97/><E103/><V49/><F49/><W61/><G11/><T9/><D9/><U86/><E86/><V26/><F26/><W106/><G8/><T73/><D84/><U58/><E97/><V27/><F27/><W122/><G25/><RYUUKYOKU ba="0,1" sc="250,-10,308,-10,201,30,231,-10" hai2="33,34,42,43,62,63,65,66,126,128,129,133,135" /><INIT seed="2,1,1,5,0,66" ten="240,298,231,221" oya="2" hai0="16,135,64,45,106,9,48,20,69,50,7,87,76" hai1="4,73,12,86,34,82,118,107,51,47,133,112,77" hai2="15,13,29,6,111,114,10,79,18,97,28,134,72" hai3="1,63,33,55,17,56,8,120,49,80,101,81,52"/><V117/><F114/><W53/><G120/><T38/><D106/><U58/><E34/><V93/><F117/><W65/><G33/><T102/><D135/><U83/><E107/><V108/><F79/><W89/><G101/><T99/><D38/><U90/><E133/><V32/><F72/><W30/><G30/><N who="2" m="11881" /><F93/><W46/><G1/><T119/><D119/><U67/><E112/><V41/><F41/><W94/><G17/><T19/><D69/><U68/><E68/><V35/><F97/><W115/><G8/><T131/><D64/><U44/><E118/><V75/><F75/><W124/><G124/><T78/><D131/><U103/><E103/><V91/><F91/><W14/><G14/><N who="0" m="5439" /><D87/><U110/><E73/><V70/><F70/><W74/><G115/><T129/><D129/><U84/><E67/><V130/><F134/><W2/><G2/><T109/><D109/><N who="2" m="42058" /><F130/><W31/><G31/><T113/><D113/><U23/><E110/><V126/><F126/><W22/><G22/><AGARI ba="1,1" hai="6,10,13,15,18,22,32,35" m="42058,11881" machi="22" ten="30,11600,0" yaku="14,1,10,1,34,2" doraHai="66" who="2" fromWho="3" sc="240,0,298,0,231,129,221,-119" /><INIT seed="2,2,0,2,4,105" ten="240,298,360,102" oya="2" hai0="53,95,45,41,68,26,93,9,109,97,82,64,49" hai1="128,56,131,19,119,73,96,60,34,133,100,8,90" hai2="30,92,46,115,121,33,134,43,36,4,104,132,48" hai3="14,23,18,11,28,44,29,21,84,106,63,17,0"/><V86/><F104/><W108/><G106/><T81/><D109/><U37/><E37/><V3/><F121/><W87/><G108/><T7/><D26/><U112/><E34/><V57/><F115/><W51/><G0/><T89/><D68/><U2/><E119/><V107/><F107/><W32/><G63/><T65/><D41/><U55/><E112/><V52/><F3/><W77/><G32/><T59/><D93/><N who="1" m="58383" /><E90/><N who="2" m="53335" /><F33/><W13/><G11/><T120/><D120/><U61/><E133/><N who="2" m="51307" /><F4/><W94/><G84/><T71/><D71/><U78/><E60/><N who="2" m="35879" /><F30/><W39/><G39/><AGARI ba="2,0" hai="36,39,43,46,48" m="35879,51307,53335" machi="39" ten="30,2900,0" yaku="20,1,54,1" doraHai="105" who="2" fromWho="3" sc="240,0,298,0,360,35,102,-35" /><INIT seed="2,3,0,3,2,126" ten="240,298,395,67" oya="2" hai0="83,42,25,55,74,63,112,45,72,46,64,73,40" hai1="129,100,44,61,24,43,106,123,35,89,116,26,90" hai2="110,3,108,8,105,39,127,62,57,134,85,41,77" hai3="71,51,104,12,33,94,121,15,7,117,130,88,11"/><V96/><F3/><W58/><G117/><T6/><D112/><U115/><E115/><V47/><F8/><W22/><G121/><T133/><D133/><U50/><E116/><V19/><F19/><W10/><G71/><T20/><D6/><U13/><E123/><V70/><F85/><W9/><G33/><T95/><D83/><U114/><E114/><V27/><F27/><W56/><G104/><T36/><D55/><U4/><E61/><V119/><F77/><W86/><G130/><T82/><D82/><U84/><E129/><V131/><F119/><W97/><G97/><T66/><D95/><U91/><E84/><V32/><F32/><W5/><G11/><T34/><D34/><U48/><E35/><V2/><F2/><W107/><G107/><T122/><D122/><U113/><E113/><V54/><F131/><W31/><REACH who="3" step="1"/><G51/><REACH who="3" ten="240,298,395,57" step="2"/><T21/><D21/><U0/><E50/><N who="2" m="30935" /><F96/><W124/><G124/><T80/><D20/><U132/><E106/><V69/><F105/><W59/><G59/><T28/><D36/><U17/><E48/><V93/><F127/><W111/><G111/><T29/><D45/><U78/><E44/><V81/><F70/><W23/><G23/><T52/><D46/><U37/><E37/><V38/><F38/><W120/><G120/><T1/><D1/><U49/><E0/><V79/><F108/><W60/><G60/><T75/><D63/><U30/><E49/><V18/><F110/><W101/><G101/><T53/><D42/><U65/><E43/><N who="2" m="23039" /><F62/><W92/><G92/><T135/><N who="0" m="18432" /><DORA hai="125" /><T102/><D40/><RYUUKYOKU ba="3,1" sc="240,-10,298,-10,395,-10,57,30" hai3="5,7,9,10,12,15,22,31,56,58,86,88,94" /><INIT seed="3,4,1,2,4,125" ten="230,288,385,87" oya="3" hai0="40,94,114,51,76,24,35,88,73,8,118,12,66" hai1="104,36,59,126,54,93,62,115,44,42,96,63,68" hai2="123,89,1,124,83,29,32,9,111,112,45,26,127" hai3="17,38,75,52,91,27,50,86,3,56,2,53,69"/><W120/><G120/><T11/><D118/><U25/><E115/><V10/><F112/><W67/><G75/><T4/><D114/><U49/><E104/><V105/><F105/><W97/><G38/><T23/><D35/><U135/><E126/><N who="2" m="48171" /><F111/><W64/><G97/><N who="0" m="57543" /><D73/><U28/><E135/><V15/><F123/><W6/><G69/><T65/><D76/><U113/><E113/><V87/><F1/><W30/><G17/><N who="0" m="12399" /><D11/><U19/><E19/><V79/><F45/><AGARI ba="4,1" hai="4,8,12,40,45,51,65,66" m="12399,57543" machi="45" ten="30,2000,0" yaku="8,1,54,1" doraHai="125" who="0" fromWho="2" sc="230,42,288,0,385,-32,87,0" owari="272,-12.8,288,8.8,353,45.3,87,-41.3" /></mjloggm>