<mjloggm ver="2.3"><GO type="225" lobby="0"/><UN n0="%E6%98%93%E5%88%A9%E8%96%A9%E4%BC%AF" n1="%E3%80%93%E3%81%97%E3%83%BC%E3%82%89%E3%80%93" n2="%E3%82%B3%E3%83%90%E3%83%AC%E3%82%A4" n3="%6D%75%75%73%61%6E%6D%75" dan="16,17,16,17" rate="2115.35,2148.50,2128.48,2141.12" sx="F,M,M,F"/><TAIKYOKU oya="0"/><INIT seed="0,0,0,0,2,81" ten="250,250,250,250" oya="0" hai0="102,120,129,18,107,122,101,77,96,33,106,72,117" hai1="78,84,22,132,99,28,4,13,55,51,21,80,133" hai2="41,67,12,7,79,104,25,85,89,130,27,94,56" hai3="123,118,8,43,2,115,73,40,109,69,54,105,87"/><T58/><D33/><U29/><E99/><V1/><F104/><W135/><RYUUKYOKU type="yao9" ba="0,0" sc="250,0,250,0,250,0,250,0" hai3="2,8,40,43,54,69,73,87,105,109,115,118,123,135" /><INIT seed="0,1,0,0,2,44" ten="250,250,250,250" oya="0" hai0="45,60,50,0,20,97,48,40,123,90,21,56,47" hai1="64,74,77,42,14,16,7,122,72,1,106,68,107" hai2="130,104,13,126,65,112,69,83,38,89,71,131,30" hai3="32,102,94,114,5,110,86,96,17,81,134,95,116"/><T78/><D123/><U51/><E122/><V91/><F104/><W93/><G32/><T62/><D0/><U11/><E68/><N who="2" m="26187" /><F30/><W18/><G114/><T119/><D119/><U82/><E72/><V59/><F38/><W9/><G116/><T135/><D135/><U67/><E107/><V88/><F13/><N who="3" m="5295" /><G134/><T57/><D78/><U61/><E106/><V127/><F83/><W124/><G110/><T73/><D73/><U133/><E133/><V113/><F59/><W66/><G66/><T109/><D109/><U35/><E35/><V53/><F53/><W100/><G124/><N who="2" m="47657" /><F65/><W25/><G25/><T132/><D132/><U76/><E76/><V108/><F108/><W54/><G54/><T87/><D97/><U117/><E61/><N who="0" m="23657" /><D57/><U26/><E26/><V120/><F120/><W58/><G58/><T85/><D56/><U43/><E43/><V103/><F103/><N who="3" m="39467" /><G96/><T29/><D29/><U31/><E31/><V28/><F28/><W118/><G118/><T55/><D87/><U3/><E3/><V101/><F101/><W24/><G24/><T79/><D79/><AGARI ba="1,0" hai="17,18,79,81,86,93,94,95" m="39467,5295" machi="79" ten="30,1000,0" yaku="8,1" doraHai="44" who="3" fromWho="0" sc="250,-13,250,0,250,0,250,13" /><INIT seed="1,0,0,4,5,54" ten="237,250,250,263" oya="1" hai0="117,100,110,124,132,71,21,104,129,42,69,11,90" hai1="131,63,39,133,106,29,79,0,1,102,6,135,105" hai2="103,60,14,115,38,49,25,127,35,77,75,55,61" hai3="125,120,123,27,112,134,116,68,94,53,48,92,8"/><U19/><E39/><V46/><F115/><W31/><G112/><T62/><D117/><U97/><E131/><V81/><F127/><W91/><G125/><T24/><D124/><U41/><E41/><V23/><F38/><W95/><G68/><T76/><D110/><U111/><E111/><V34/><F103/><W89/><G116/><T58/><D132/><N who="1" m="50763" /><E29/><V126/><F126/><W57/><G134/><T7/><D42/><U66/><E79/><V59/><F14/><W108/><G108/><T4/><D76/><U33/><E33/><V40/><REACH who="2" step="1"/><F61/><REACH who="2" ten="237,250,240,263" step="2"/><W15/><G120/><T18/><D129/><U82/><E63/><V47/><F47/><W70/><G123/><T98/><D90/><U26/><E102/><V50/><F50/><W13/><G13/><T44/><D44/><U51/><E51/><V93/><F93/><W10/><G15/><T43/><D7/><U121/><E6/><V130/><F130/><W118/><G118/><T56/><D62/><U72/><E121/><V52/><F52/><W16/><G89/><T101/><D101/><U9/><E106/><V96/><F96/><W85/><G91/><T30/><D43/><U78/><E97/><V3/><F3/><W20/><G92/><T80/><D4/><U36/><E105/><V28/><AGARI ba="0,1" hai="23,25,28,34,35,40,46,49,55,59,60,75,77,81" machi="28" ten="20,5200,0" yaku="1,1,0,1,7,1,52,1,53,0" doraHai="54" doraHaiUra="84" who="2" fromWho="2" sc="237,-13,250,-26,240,62,263,-13" /><INIT seed="2,0,0,1,1,106" ten="224,224,302,250" oya="2" hai0="130,43,40,7,3,99,42,24,20,116,13,102,103" hai1="119,55,71,76,26,37,6,135,41,73,51,132,44" hai2="125,85,110,11,78,74,59,118,120,15,60,72,122" hai3="31,30,68,35,81,49,84,34,8,105,23,52,86"/><V93/><F118/><W66/><G105/><T117/><D3/><U134/><E119/><N who="0" m="45641" /><D130/><U56/><E71/><V133/><F125/><W94/><G8/><N who="0" m="4255" /><D99/><U46/><E6/><V21/><F133/><W80/><G68/><T89/><D89/><U127/><E127/><V67/><F110/><W25/><G66/><T63/><D63/><U16/><E46/><V10/><F21/><W90/><G81/><T53/><D53/><U114/><E114/><V95/><F11/><W87/><G31/><AGARI ba="0,0" hai="20,24,31,40,42,43,102,103" m="4255,45641" machi="31" ten="30,1000,0" yaku="12,1" doraHai="106" who="0" fromWho="3" sc="224,10,224,0,302,0,250,-10" /><INIT seed="3,0,0,4,2,3" ten="234,224,302,240" oya="3" hai0="49,43,71,52,87,37,8,125,70,16,19,6,2" hai1="134,40,74,127,92,81,112,31,62,96,15,14,54" hai2="90,67,58,72,56,103,23,95,28,41,36,76,39" hai3="59,105,57,33,91,1,46,55,118,79,26,126,94"/><W27/><G105/><T85/><D125/><U131/><E112/><V65/><F39/><W5/><G118/><T89/><D85/><U128/><E127/><V111/><F36/><W21/><G126/><T97/><D97/><U63/><E134/><V135/><F72/><W99/><G79/><T13/><D43/><U69/><E40/><V80/><F41/><W64/><G33/><T7/><D19/><U123/><E123/><V11/><F103/><W44/><G1/><T82/><D37/><U22/><E74/><V60/><F11/><W88/><G5/><N who="0" m="1547" /><D2/><U124/><E81/><V53/><F135/><W30/><G27/><T102/><D102/><N who="1" m="60679" /><E124/><V100/><F100/><W66/><G91/><T104/><D104/><U42/><E42/><V10/><F10/><W68/><G68/><T50/><D50/><U110/><E110/><V120/><F111/><W132/><G132/><T77/><D77/><U122/><E122/><V84/><F120/><W107/><G107/><T35/><D35/><U109/><E109/><V115/><F115/><W47/><G59/><T98/><D98/><U129/><E69/><V61/><F76/><W93/><G94/><T17/><D17/><N who="1" m="10551" /><E31/><V32/><F32/><W101/><G101/><T133/><D133/><U20/><E54/><N who="2" m="33815" /><F95/><W113/><G113/><T12/><D12/><U51/><E51/><AGARI ba="0,0" hai="21,26,30,44,46,47,51,55,57,64,66,88,93,99" machi="51" ten="40,3900,0" yaku="8,1,54,1" doraHai="3" who="3" fromWho="1" sc="234,0,224,-39,302,0,240,39" /><INIT seed="3,1,0,5,1,98" ten="234,185,302,279" oya="3" hai0="94,120,58,39,122,45,106,111,80,91,38,2,64" hai1="19,127,75,124,49,119,116,16,27,133,82,121,68" hai2="101,7,67,44,131,103,35,96,130,76,118,117,84" hai3="110,132,5,128,42,31,104,54,63,43,69,83,97"/><W125/><G128/><N who="2" m="49193" /><F35/><W81/><G125/><N who="1" m="48202" /><E68/><V86/><F67/><W57/><G132/><T34/><D34/><U53/><E133/><V15/><F44/><W114/><G114/><T77/><D106/><U70/><E70/><V48/><F48/><W59/><G69/><T0/><D111/><U46/><E121/><V33/><F33/><W126/><G126/><T123/><D64/><U32/><E32/><V90/><F76/><W28/><G59/><T47/><D58/><U26/><E75/><V95/><F86/><W65/><G65/><T37/><D2/><U62/><E82/><N who="2" m="49431" /><F103/><W23/><G81/><T1/><D0/><U92/><E92/><V20/><F20/><W105/><G83/><T24/><D1/><U14/><E62/><V112/><F112/><W71/><G71/><T66/><D66/><U11/><E19/><V78/><F78/><W8/><G105/><T10/><D80/><U93/><E93/><V40/><F40/><W4/><G43/><T51/><D77/><U25/><E25/><V89/><F101/><W61/><G42/><T13/><D24/><U72/><E72/><V55/><F55/><W36/><G110/><T129/><D129/><U102/><E102/><V21/><F7/><W99/><G104/><T3/><D122/><U88/><E88/><V87/><F96/><W100/><G63/><T18/><D123/><U41/><E41/><V85/><F85/><W9/><G100/><T22/><D120/><U134/><E134/><V113/><F113/><W56/><G61/><T30/><D91/><U135/><E135/><V12/><F12/><RYUUKYOKU ba="1,0" sc="234,-15,185,15,302,15,279,-15" hai1="11,14,16,26,27,46,49,53,116,119" hai2="15,21,87,89,95,117,118" owari="219,-18.1,200,-30.0,317,41.7,264,6.4" /></mjloggm>