<mjloggm ver="2.3"><GO type="225" lobby="0"/><UN n0="%47%32%E9%BE%8D%E9%96%80" n1="%E3%81%AF%E3%82%88%E3%81%8A%E3%81%98%E3%81%95%E3%82%93" n2="%72%69%6F%75%63%68%61%6E" n3="%E5%B8%86%E7%AB%8B%E5%A4%8F%E8%A1%A3" dan="16,16,17,17" rate="2102.56,2158.56,2295.44,2150.81" sx="M,M,M,M"/><TAIKYOKU oya="0"/><INIT seed="0,0,0,4,0,125" ten="250,250,250,250" oya="0" hai0="81,17,24,68,111,82,71,26,80,108,95,66,16" hai1="51,56,50,19,73,118,69,61,5,47,40,4,29" hai2="122,127,84,99,123,93,32,124,20,85,63,83,107" hai3="126,22,88,60,120,94,102,65,117,101,121,31,86"/><T76/><D95/><U64/><E73/><V75/><F32/><W104/><G117/><T46/><D46/><U2/><E118/><V13/><F63/><W34/><G126/><N who="2" m="48169" /><F13/><W96/><G102/><T72/><D76/><U110/><E110/><N who="0" m="42025" /><D72/><U15/><E29/><V57/><F20/><W114/><G22/><T89/><D89/><U115/><E2/><V130/><F130/><W128/><G128/><T39/><D39/><U67/><E115/><V59/><F59/><W0/><G0/><T132/><D132/><U21/><E67/><V49/><F49/><W3/><G3/><T53/><D53/><U58/><E69/><N who="0" m="26697" /><D66/><U10/><E21/><V12/><F57/><W90/><G114/><T54/><D54/><AGARI ba="0,0" hai="4,5,10,15,19,40,47,50,51,54,56,58,61,64" machi="54" ten="40,1300,0" yaku="8,1" doraHai="125" who="1" fromWho="0" sc="250,-13,250,13,250,0,250,0" /><INIT seed="1,0,0,0,5,43" ten="237,263,250,250" oya="1" hai0="81,65,56,89,67,61,108,35,82,50,95,32,135" hai1="126,66,102,6,23,70,7,119,26,64,52,110,40" hai2="93,117,54,132,113,13,120,91,24,122,30,107,36" hai3="73,116,12,2,34,78,10,55,60,123,134,27,41"/><U87/><E119/><V112/><F117/><W14/><G123/><T109/><D135/><U42/><E87/><V129/><F129/><W133/><G116/><T58/><D50/><U0/><E70/><V20/><F132/><N who="3" m="50795" /><G41/><N who="1" m="15978" /><E0/><V106/><F36/><W8/><G60/><T84/><D56/><U29/><E126/><V51/><F13/><N who="3" m="5227" /><G55/><T3/><D67/><N who="1" m="25643" /><E102/><V130/><F130/><W39/><G39/><T18/><D18/><U92/><E92/><V128/><F128/><W57/><G57/><T71/><D58/><U44/><E110/><N who="0" m="42601" /><D3/><U47/><E52/><V76/><F122/><W101/><G101/><T74/><D74/><U83/><E83/><AGARI ba="0,0" hai="32,35,61,65,71,81,82,83,84,89,95" m="42601" machi="83" ten="30,1000,0" yaku="14,1" doraHai="43" who="0" fromWho="1" sc="237,10,263,-10,250,0,250,0" /><INIT seed="2,0,0,0,3,70" ten="247,253,250,250" oya="2" hai0="53,73,134,98,107,18,55,111,15,135,72,82,89" hai1="46,48,114,96,90,37,119,20,123,75,43,11,129" hai2="105,12,47,16,91,77,64,50,102,71,80,122,56" hai3="30,112,6,104,0,63,8,24,26,1,94,93,79"/><V131/><F122/><W120/><G120/><T42/><D111/><U133/><E119/><V84/><F131/><W10/><G112/><T61/><D42/><U109/><E114/><V17/><F71/><W27/><G104/><T13/><D13/><U38/><E75/><N who="0" m="28745" /><D61/><U2/><E123/><V74/><F12/><W52/><G79/><T124/><D124/><U4/><E109/><V45/><F45/><W92/><G63/><T113/><D113/><U88/><E129/><V21/><F56/><W32/><G52/><T121/><D121/><U99/><E133/><N who="0" m="50697" /><D82/><U35/><E35/><V7/><F64/><W40/><G40/><T41/><D41/><U116/><E116/><V67/><F67/><W36/><G36/><T85/><D85/><U76/><E76/><V130/><F130/><W110/><G110/><T66/><D66/><U23/><E20/><V60/><F21/><W58/><G58/><T31/><D31/><U62/><E23/><V125/><F60/><W19/><G19/><T28/><D28/><U39/><REACH who="1" step="1"/><E62/><REACH who="1" ten="247,243,250,250" step="2"/><V3/><F74/><W83/><G32/><T106/><D106/><U132/><E132/><V33/><F33/><W126/><G30/><T65/><D65/><U117/><E117/><V100/><F77/><W128/><G128/><T101/><D89/><AGARI ba="0,1" hai="2,4,11,37,38,39,43,46,48,88,89,90,96,99" machi="89" ten="40,16000,3" yaku="1,1,52,3,54,1,53,3" doraHai="70" doraHaiUra="68" who="1" fromWho="0" sc="247,-160,243,170,250,0,250,0" /><INIT seed="3,0,0,2,0,129" ten="87,413,250,250" oya="3" hai0="12,43,10,118,36,25,132,127,67,119,128,63,58" hai1="97,76,50,31,27,98,23,75,83,93,55,45,126" hai2="0,134,82,40,135,124,117,32,74,17,121,125,87" hai3="123,69,34,18,39,90,92,68,79,48,62,42,46"/><W26/><G123/><T115/><D25/><U52/><E126/><N who="2" m="48747" /><F117/><W105/><G105/><T85/><D85/><U89/><E55/><V11/><F121/><W8/><G79/><T1/><D12/><U61/><E61/><V3/><F74/><W108/><G108/><T51/><D10/><U133/><E133/><N who="2" m="50699" /><F32/><W20/><G34/><T116/><D1/><N who="2" m="586" /><F40/><W86/><G39/><T9/><D9/><U107/><E107/><V104/><F104/><W94/><G62/><T16/><D16/><U102/><E102/><V59/><F59/><W49/><G49/><T5/><D5/><U28/><E97/><V110/><F110/><W2/><REACH who="3" step="1"/><G92/><REACH who="3" ten="87,413,250,240" step="2"/><T73/><D73/><U60/><E60/><V4/><F82/><W41/><G41/><T37/><D127/><U15/><E83/><V112/><F112/><W95/><G95/><T122/><D132/><U53/><E75/><V33/><F33/><W38/><G38/><N who="0" m="14955" /><D122/><U29/><E76/><V24/><F87/><W66/><G66/><T130/><D115/><U35/><E53/><V21/><F11/><W80/><G80/><T120/><D120/><U77/><E77/><V96/><F96/><W54/><G54/><N who="0" m="32095" /><D43/><U22/><E35/><V47/><F4/><AGARI ba="0,1" hai="2,4,8,18,20,26,42,46,48,68,69,86,90,94" machi="4" ten="40,3900,0" yaku="1,1,53,1" doraHai="129" doraHaiUra="13" who="3" fromWho="2" sc="87,0,413,0,250,-39,240,49" /><INIT seed="3,1,0,5,3,132" ten="87,413,211,289" oya="3" hai0="16,46,78,53,62,32,97,133,1,54,56,119,63" hai1="114,128,58,66,77,117,42,52,88,122,131,86,102" hai2="70,20,28,15,84,106,3,68,43,19,74,93,101" hai3="103,10,100,89,91,104,8,115,24,94,82,0,25"/><W96/><G115/><T61/><D1/><U7/><E114/><V48/><F74/><W134/><G134/><T51/><D32/><U6/><E122/><V47/><F3/><W120/><G120/><T41/><D78/><U40/><E117/><V109/><F109/><W83/><G0/><T12/><D97/><U75/><E66/><V85/><F106/><W57/><G57/><T79/><D79/><U92/><E102/><V110/><F110/><W31/><G104/><T59/><D133/><U64/><E64/><V72/><F72/><W49/><G49/><T4/><D4/><N who="1" m="1579" /><E75/><V36/><F36/><W45/><G45/><T129/><D119/><U23/><E77/><V9/><F70/><W18/><G18/><T73/><D73/><U65/><E65/><V35/><F68/><W71/><G71/><T108/><D108/><U34/><E34/><V123/><F35/><W87/><G31/><T127/><D129/><N who="1" m="49739" /><E23/><V2/><F123/><W55/><G55/><T95/><D95/><U124/><E124/><V38/><F38/><W99/><REACH who="3" step="1"/><G94/><REACH who="3" ten="87,413,211,279" step="2"/><T27/><D27/><U67/><E67/><V81/><F28/><W26/><G26/><T11/><REACH who="0" step="1"/><D127/><REACH who="0" ten="77,413,211,279" step="2"/><U33/><E33/><V116/><F93/><W80/><G80/><T30/><D30/><U39/><E39/><V50/><F81/><W105/><G105/><T37/><AGARI ba="1,2" hai="11,12,16,37,41,46,51,53,54,56,59,61,62,63" machi="37" ten="20,5200,0" yaku="1,1,0,1,7,1,54,1,53,0" doraHai="132" doraHaiUra="98" who="0" fromWho="0" sc="77,75,413,-14,211,-14,279,-27" owari="152,-34.8,399,49.9,197,-20.3,252,5.2" /></mjloggm>