<mjloggm ver="2.3"><GO type="225" lobby="0"/><UN n0="%E3%81%9F%E3%81%8C%E3%82%84%E3%81%99" n1="%E3%83%AD%E3%83%83%E3%83%86%E9%9B%80%E7%90%83" n2="%72%61%6B%33" n3="%E7%AD%89%E3%80%85%E5%8A%9B%E5%8A%87%E5%A0%B4" dan="17,17,18,16" rate="2200.70,2184.08,2237.74,2171.86" sx="M,M,M,M"/><TAIKYOKU oya="0"/><INIT seed="0,0,0,1,5,119" ten="250,250,250,250" oya="0" hai0="103,5,85,114,123,133,74,13,3,4,58,126,107" hai1="70,128,68,104,120,50,82,57,8,18,29,56,115" hai2="15,12,101,7,62,6,36,83,79,129,25,28,69" hai3="90,81,84,93,111,33,42,130,112,51,89,78,71"/><T98/><D74/><U32/><E104/><V63/><F36/><W76/><G33/><T92/><D114/><U10/><E82/><V132/><F129/><W117/><G71/><T17/><D3/><U49/><E18/><V109/><F109/><W24/><G117/><T67/><D133/><U60/><E29/><V121/><F132/><W16/><G112/><T41/><D126/><U35/><E115/><V135/><F101/><W100/><G100/><T80/><D123/><U55/><E60/><V9/><F121/><W127/><G111/><T52/><D41/><U91/><E91/><V88/><F69/><W37/><G37/><T54/><D67/><U2/><E55/><N who="0" m="21033" /><D58/><U125/><E2/><V43/><F43/><W73/><G130/><T118/><D107/><U97/><E97/><V39/><F39/><W45/><G127/><T65/><D65/><U94/><E128/><V75/><F135/><W22/><REACH who="3" step="1"/><G73/><REACH who="3" ten="250,250,250,240" step="2"/><T21/><D118/><U48/><E125/><V95/><F75/><W44/><G44/><T23/><D21/><U11/><E35/><V0/><F63/><W113/><G113/><T19/><D17/><U122/><E32/><V27/><F62/><W105/><G105/><T30/><D30/><U47/><E70/><V46/><F28/><W20/><G20/><T34/><D34/><U38/><E68/><V131/><F131/><W61/><G61/><T124/><D124/><U87/><E47/><V110/><F46/><W59/><G59/><N who="1" m="22602" /><E38/><V72/><F110/><W26/><G26/><N who="2" m="9737" /><F7/><W108/><G108/><T53/><D53/><U31/><E31/><RYUUKYOKU ba="0,1" sc="250,0,250,0,250,0,240,0" hai0="4,5,13,19,23,80,85,92,98,103" hai1="8,10,11,48,49,50,87,94,120,122" hai2="0,6,9,12,15,72,79,83,88,95" hai3="16,22,24,42,45,51,76,78,81,84,89,90,93" /><INIT seed="0,1,1,3,0,114" ten="250,250,250,240" oya="0" hai0="131,123,110,103,64,61,95,135,37,33,14,45,54" hai1="116,87,109,42,85,94,98,49,46,36,96,90,100" hai2="134,47,1,10,38,24,3,68,0,80,67,99,105" hai3="82,72,83,50,56,30,104,126,124,22,75,79,128"/><T15/><D33/><U21/><E109/><V39/><F134/><W69/><G69/><T84/><D123/><U35/><E35/><V25/><F10/><W118/><G104/><T17/><D135/><U40/><E116/><V92/><F105/><W93/><G30/><T120/><D120/><U11/><E11/><V12/><F12/><W122/><G122/><T4/><D110/><U91/><E21/><V65/><F80/><N who="3" m="30763" /><G22/><T63/><D131/><U101/><E36/><V13/><F13/><W74/><G56/><T108/><D108/><U8/><E8/><V125/><F125/><N who="3" m="48235" /><G50/><T117/><D14/><U55/><E55/><V59/><F68/><W5/><G5/><T62/><D4/><U119/><E119/><V27/><F59/><W70/><G70/><T51/><D37/><U73/><E73/><V18/><F18/><W2/><G2/><T60/><D117/><U26/><E26/><V81/><F81/><N who="3" m="45287" /><G118/><T58/><D15/><U23/><E23/><V133/><F133/><W86/><G128/><T34/><D34/><U7/><E7/><V28/><F28/><W115/><G115/><T20/><D20/><U29/><E29/><V102/><REACH who="2" step="1"/><F39/><REACH who="2" ten="250,250,240,240" step="2"/><W31/><G31/><T106/><D17/><U107/><E107/><V97/><F97/><W89/><AGARI ba="1,2" hai="74,75,86,89,93" m="45287,48235,30763" machi="89" ten="30,4000,0" yaku="18,1,34,2" doraHai="114" who="3" fromWho="3" sc="250,-21,250,-11,240,-11,240,63" /><INIT seed="1,0,0,1,1,31" ten="229,239,229,303" oya="1" hai0="5,2,51,75,94,87,25,47,93,115,58,4,44" hai1="118,102,100,64,81,124,85,80,67,0,82,113,99" hai2="24,29,77,9,63,12,10,76,127,16,111,56,45" hai3="73,7,129,70,91,68,119,27,50,114,54,89,130"/><U32/><E113/><V83/><F111/><W11/><G73/><T128/><D75/><U1/><E118/><V122/><F127/><W20/><G114/><T13/><D2/><N who="1" m="1131" /><E85/><V19/><F122/><W103/><G103/><N who="1" m="39466" /><E99/><V65/><F45/><W86/><G119/><T46/><D128/><U120/><E120/><V36/><F36/><W33/><G70/><T106/><D106/><U48/><E48/><V90/><F90/><W6/><G68/><T133/><D133/><U88/><E88/><N who="3" m="33866" /><G86/><T92/><D115/><U37/><E37/><V71/><F71/><W126/><G11/><T30/><D87/><U101/><N who="1" m="39474" /><U59/><DORA hai="134" /><E59/><V74/><F77/><W117/><G117/><T52/><REACH who="0" step="1"/><D13/><REACH who="0" ten="219,239,229,303" step="2"/><U135/><E135/><V66/><F12/><W95/><G130/><T15/><D15/><U8/><E8/><V78/><F9/><W97/><G129/><T121/><D121/><U72/><E72/><V132/><F10/><W61/><G97/><T108/><D108/><U3/><E3/><V104/><F132/><W123/><G123/><T18/><D18/><U26/><E124/><V49/><F104/><W57/><G126/><T105/><D105/><U131/><E131/><V43/><F19/><W98/><G98/><T40/><D40/><U109/><E109/><V112/><F16/><W14/><G14/><T110/><D110/><U22/><E82/><V84/><F112/><W34/><G95/><T55/><D55/><U96/><E81/><V17/><F17/><W28/><G54/><T38/><D38/><U21/><E80/><V53/><F74/><RYUUKYOKU ba="0,1" sc="219,30,239,-10,229,-10,303,-10" hai0="4,5,25,30,44,46,47,51,52,58,92,93,94" /><INIT seed="2,1,1,5,3,92" ten="249,229,219,293" oya="2" hai0="111,122,124,1,17,88,34,82,50,21,93,77,25" hai1="26,53,46,90,12,67,36,113,64,132,48,29,135" hai2="134,100,35,79,39,5,28,107,120,68,69,110,60" hai3="72,22,37,102,42,128,106,40,56,32,41,23,84"/><V4/><F120/><W63/><G72/><T9/><D34/><U96/><E113/><V127/><F39/><W123/><G123/><T121/><D111/><U101/><E90/><V99/><F110/><W0/><G0/><T70/><D70/><U97/><E12/><V16/><F127/><W95/><G32/><T98/><D124/><U94/><E36/><V43/><F43/><W2/><G2/><T83/><D50/><U13/><E13/><V30/><F134/><N who="1" m="51241" /><E97/><V71/><F79/><W115/><G37/><T27/><D27/><U20/><AGARI ba="1,1" hai="20,26,29,46,48,53,64,67,94,96,101" m="51241" machi="20" ten="30,2000,0" yaku="20,1,52,1" doraHai="92" who="1" fromWho="1" sc="249,-6,229,33,219,-11,293,-6" /><INIT seed="3,0,0,3,1,78" ten="243,262,208,287" oya="3" hai0="96,66,90,57,109,98,100,106,81,127,134,130,67" hai1="87,55,74,28,68,121,50,21,2,133,38,41,99" hai2="12,13,44,64,7,63,59,25,129,47,103,19,91" hai3="39,135,32,82,105,124,70,20,22,116,58,115,42"/><W29/><G70/><T79/><D57/><U6/><E74/><V94/><F129/><W85/><G105/><T17/><D17/><U27/><E121/><V52/><F103/><W77/><G115/><T26/><D26/><U45/><E133/><V56/><F7/><W5/><G116/><T16/><D130/><U34/><E68/><V80/><F25/><W43/><G124/><T11/><D134/><U4/><E2/><V128/><F128/><W95/><G135/><T51/><D51/><U48/><E38/><V120/><F120/><W132/><G132/><T88/><D109/><U71/><E71/><V117/><F117/><W8/><G32/><T62/><D98/><U31/><E99/><V10/><F13/><N who="3" m="5263" /><G39/><T36/><D36/><U3/><E3/><V107/><F107/><W83/><G83/><T30/><D30/><U33/><E31/><V101/><F101/><W46/><G46/><T65/><D62/><U49/><E34/><V102/><F102/><W126/><G126/><T89/><D127/><U118/><E49/><V23/><F10/><W76/><G76/><T75/><REACH who="0" step="1"/><D66/><REACH who="0" ten="233,262,208,287" step="2"/><U69/><E50/><N who="2" m="30743" /><F80/><W40/><G29/><T60/><D60/><U9/><E28/><V93/><F93/><W15/><G95/><T18/><D18/><U61/><E27/><V1/><F1/><W0/><G0/><T114/><D114/><U123/><E61/><V104/><F104/><W72/><G82/><T24/><D24/><U111/><E111/><V86/><AGARI ba="0,1" hai="12,19,23,44,47,59,63,64,86,91,94" m="30743" machi="86" ten="30,4000,0" yaku="25,1,8,1,54,1" doraHai="78" who="2" fromWho="2" sc="233,-10,262,-10,208,50,287,-20" /><INIT seed="4,0,0,5,4,112" ten="223,252,258,267" oya="0" hai0="80,65,92,17,22,114,63,23,36,73,117,30,121" hai1="66,89,37,35,96,38,69,99,64,15,93,87,60" hai2="90,125,9,21,5,40,106,130,57,50,128,8,41" hai3="54,44,119,81,72,124,86,135,134,2,102,25,108"/><T32/><D36/><U71/><E35/><V56/><F106/><W42/><G108/><T74/><D121/><U3/><E3/><V7/><F21/><W6/><G72/><T13/><D114/><U11/><E99/><V14/><F90/><W47/><G102/><T94/><D32/><U61/><REACH who="1" step="1"/><E96/><REACH who="1" ten="223,242,258,267" step="2"/><V67/><F128/><W126/><G2/><T98/><D117/><U52/><E52/><V29/><F130/><W53/><G54/><T18/><D30/><U16/><AGARI ba="0,1" hai="11,15,16,37,38,60,61,64,66,69,71,87,89,93" machi="16" ten="20,8000,1" yaku="1,1,0,1,7,1,9,1,54,1,53,0" doraHai="112" doraHaiUra="49" who="1" fromWho="1" sc="223,-40,242,90,258,-20,267,-20" owari="183,-31.7,332,43.2,238,-16.2,247,4.7" /></mjloggm>