<mjloggm ver="2.3"><GO type="225" lobby="0"/><UN n0="%45%6C%79%73%69%75%6D" n1="%E6%A1%9C%E8%8A%B1%E9%96%83%E3%80%85" n2="%E6%A0%B9%E5%85%83%E3%81%8B%E3%82%89%E5%90%B9%E3%81%A3%E9%A3%9B%E3%81%B6" n3="%73%75%7A%75%6D%65%33" dan="17,16,17,18" rate="2090.82,2069.27,2210.77,2259.06" sx="F,M,F,M"/><TAIKYOKU oya="0"/><INIT seed="0,0,0,5,4,35" ten="250,250,250,250" oya="0" hai0="123,109,34,37,49,5,76,26,68,77,17,57,51" hai1="24,71,69,119,50,54,113,16,102,93,84,95,82" hai2="32,23,133,6,118,28,53,78,111,100,92,62,36" hai3="13,65,73,105,39,31,66,9,21,11,29,86,83"/><T79/><D37/><U99/><E119/><V131/><F111/><W22/><G39/><T90/><D109/><U19/><E113/><V10/><F131/><W46/><G73/><T114/><D68/><U89/><E71/><V60/><F133/><W33/><G105/><T72/><D114/><U61/><E24/><N who="2" m="16415" /><F36/><W4/><G46/><T107/><D107/><U8/><E8/><V108/><F32/><W15/><G33/><T126/><D72/><U2/><E2/><V58/><F108/><W20/><G31/><T87/><D126/><U14/><E14/><N who="2" m="5463" /><F78/><W106/><G29/><T18/><D123/><U59/><E69/><V1/><F1/><W104/><G104/><T85/><D5/><U88/><E50/><V121/><F121/><W0/><G106/><T80/><D34/><U38/><E38/><V42/><F42/><W96/><G96/><AGARI ba="0,0" hai="16,19,54,59,61,82,84,88,89,93,95,96,99,102" machi="96" ten="30,7700,0" yaku="7,1,8,1,54,2" doraHai="35" who="1" fromWho="3" sc="250,0,250,77,250,0,250,-77" /><INIT seed="1,0,0,1,1,101" ten="250,327,250,173" oya="1" hai0="128,77,64,48,82,18,46,17,56,75,106,114,96" hai1="112,24,50,84,62,21,71,126,9,10,33,3,28" hai2="53,30,99,95,88,80,111,79,14,98,70,20,118" hai3="110,133,107,74,86,132,87,16,135,83,63,44,7"/><U42/><E112/><V102/><F111/><W92/><G110/><T115/><D128/><U65/><E126/><V85/><F118/><W19/><G7/><T5/><D5/><U108/><E108/><V8/><F70/><W113/><G113/><T54/><D114/><U129/><E129/><V122/><F122/><W40/><G63/><T26/><D115/><U69/><E69/><V11/><F53/><W116/><G116/><T0/><D0/><U4/><E9/><V27/><REACH who="2" step="1"/><F14/><REACH who="2" ten="250,327,240,173" step="2"/><W66/><G66/><T59/><D64/><U72/><E71/><V13/><F13/><W94/><G133/><T29/><D56/><U38/><E65/><V60/><F60/><W121/><G121/><T68/><D59/><U36/><E62/><V22/><F22/><W6/><G135/><T93/><D68/><U89/><E21/><V45/><F45/><W35/><G132/><T124/><D124/><U57/><E57/><V34/><F34/><W109/><G35/><T43/><D54/><U67/><E67/><V104/><AGARI ba="0,1" hai="8,11,20,27,30,79,80,85,88,95,98,99,102,104" machi="104" ten="20,8000,1" yaku="1,1,0,1,7,1,52,1,54,1,53,0" doraHai="101" doraHaiUra="105" who="2" fromWho="2" sc="250,-20,327,-40,240,90,173,-20" /><INIT seed="2,0,0,1,1,39" ten="230,287,330,153" oya="2" hai0="94,135,57,4,45,33,130,102,97,11,47,96,20" hai1="115,9,124,63,117,12,53,79,108,69,113,41,42" hai2="76,86,88,123,40,104,131,46,65,110,25,34,31" hai3="116,114,125,59,74,83,100,61,78,62,98,103,73"/><V90/><F123/><W77/><G116/><T55/><D33/><U66/><E117/><V85/><F131/><W120/><G120/><T80/><D130/><U15/><E108/><V112/><F112/><W95/><G114/><T81/><D135/><U3/><E3/><V36/><F104/><W121/><G121/><T2/><D20/><U51/><E115/><V111/><F65/><W14/><G125/><T101/><D47/><U38/><E113/><V22/><F34/><W21/><G103/><T1/><D1/><U126/><E79/><V133/><F133/><W23/><G14/><N who="1" m="5162" /><E9/><V71/><F71/><W8/><G8/><T119/><D45/><N who="1" m="23735" /><E42/><V91/><F76/><W84/><G62/><T6/><D6/><U128/><E128/><V87/><AGARI ba="0,0" hai="22,25,31,36,40,46,85,86,87,88,90,91,110,111" machi="87" ten="40,7800,0" yaku="0,1,52,1,54,1" doraHai="39" who="2" fromWho="2" sc="230,-26,287,-26,330,78,153,-26" /><INIT seed="2,1,0,1,4,127" ten="204,261,408,127" oya="2" hai0="42,29,6,98,73,7,112,64,58,85,62,30,81" hai1="105,22,46,103,70,14,87,96,41,121,45,15,133" hai2="82,40,93,67,104,57,34,125,31,53,24,0,95" hai3="75,3,37,54,72,59,51,124,61,71,77,116,120"/><V35/><F104/><W74/><G124/><T56/><D112/><U25/><E133/><V84/><F0/><W114/><G116/><T118/><D73/><U79/><E70/><V129/><F35/><W97/><G120/><T107/><D118/><U18/><E121/><V48/><F67/><W23/><G114/><T90/><D42/><U39/><E46/><V12/><F40/><W60/><G3/><T47/><D47/><U68/><E68/><V89/><F125/><W4/><G37/><T28/><D56/><U101/><E101/><V83/><F95/><W55/><G4/><T27/><D27/><U113/><E113/><V20/><F129/><W123/><G123/><T44/><D44/><U10/><E10/><V109/><F109/><W43/><G43/><T26/><D26/><U106/><E106/><V78/><F78/><W5/><G5/><N who="0" m="1547" /><D107/><U19/><E19/><AGARI ba="1,0" hai="12,19,20,24,31,34,48,53,57,82,83,84,89,93" machi="19" ten="40,3900,0" yaku="25,2" doraHai="127" who="2" fromWho="1" sc="204,0,261,-42,408,42,127,0" /><INIT seed="2,2,0,2,3,63" ten="204,219,450,127" oya="2" hai0="98,11,61,37,26,60,7,30,0,101,76,17,87" hai1="128,114,80,78,38,34,83,126,65,82,5,29,96" hai2="47,116,92,84,54,86,75,125,109,46,32,93,79" hai3="119,16,31,104,4,124,67,23,50,58,42,94,28"/><V112/><F112/><W135/><G104/><T70/><D37/><U133/><E114/><V105/><F105/><W64/><G119/><T20/><D70/><U35/><E126/><V40/><F116/><W88/><G124/><T73/><D73/><U95/><E128/><V74/><F32/><W15/><G4/><T77/><D87/><U18/><E133/><V8/><F8/><W27/><G135/><T59/><D17/><U111/><E111/><V33/><F33/><W120/><G120/><T108/><D108/><U1/><E38/><V115/><F54/><N who="3" m="32087" /><G42/><T69/><D69/><U41/><E41/><V110/><F40/><W106/><G106/><T90/><D90/><U117/><E18/><V118/><F118/><W43/><G43/><T36/><D36/><U99/><E78/><V134/><F134/><W100/><G100/><T68/><D68/><U102/><E96/><V2/><F2/><W122/><G122/><T9/><D9/><N who="1" m="2223" /><E29/><N who="3" m="11338" /><G27/><T13/><D0/><U49/><E117/><V53/><F53/><W39/><G39/><T113/><D113/><U123/><E123/><V24/><F24/><W66/><G66/><N who="0" m="39199" /><D61/><U103/><E65/><V55/><F55/><W21/><G21/><T107/><D107/><U131/><E131/><V91/><F115/><W85/><AGARI ba="2,0" hai="15,16,23,64,67,85,88,94" m="11338,32087" machi="85" ten="30,12000,2" yaku="25,1,8,1,52,2,54,2" doraHai="63" who="3" fromWho="3" sc="204,-32,219,-32,450,-62,127,126" /><INIT seed="3,0,0,1,2,113" ten="172,187,388,253" oya="3" hai0="87,57,130,29,1,81,93,21,127,0,62,41,11" hai1="74,79,34,77,15,120,10,83,47,65,134,115,125" hai2="59,132,6,66,60,135,30,8,68,12,4,35,14" hai3="22,94,42,80,101,107,31,50,64,110,88,114,54"/><W119/><G114/><T63/><D130/><U98/><E115/><V126/><F126/><W49/><G119/><T53/><D127/><U58/><E125/><V28/><F68/><W9/><G110/><T84/><D0/><U2/><E120/><V3/><F35/><W96/><G64/><T69/><D41/><U37/><E34/><V82/><F82/><W76/><G9/><T117/><D117/><U52/><E134/><N who="2" m="51243" /><F6/><W105/><G42/><T111/><D111/><U104/><E98/><V91/><F91/><W90/><G107/><T133/><D133/><U18/><E104/><V43/><F43/><W27/><G105/><T118/><D118/><U24/><E24/><V128/><F128/><W78/><G50/><N who="0" m="30903" /><D69/><U55/><E79/><N who="3" m="30250" /><G80/><T89/><D1/><U73/><E2/><V56/><F56/><AGARI ba="0,0" hai="22,27,31,49,54,56,88,90,94,96,101" m="30250" machi="56" ten="30,2900,0" yaku="8,1,54,1" doraHai="113" who="3" fromWho="2" sc="172,0,187,0,388,-29,253,29" /><INIT seed="3,1,0,1,4,117" ten="172,187,359,282" oya="3" hai0="23,53,12,22,77,121,50,114,127,94,7,59,83" hai1="18,26,9,129,19,54,27,35,69,76,56,74,34" hai2="107,81,5,55,6,13,131,120,103,46,4,108,67" hai3="2,90,96,95,14,92,42,1,0,72,99,37,29"/><W32/><G72/><T41/><D114/><U132/><E69/><V109/><F120/><W70/><G70/><T49/><D121/><U118/><E118/><V45/><F67/><W30/><G32/><T62/><D127/><U52/><E129/><V64/><F64/><W24/><G24/><T44/><D94/><U47/><E132/><V65/><F65/><W15/><G42/><T91/><D91/><U66/><E74/><V128/><F81/><W75/><G75/><T11/><REACH who="0" step="1"/><D49/><REACH who="0" ten="162,187,359,282" step="2"/><N who="1" m="28735" /><E35/><V87/><F131/><W60/><G37/><T134/><D134/><U84/><E34/><V71/><F128/><W100/><REACH who="3" step="1"/><G60/><REACH who="3" ten="162,187,359,272" step="2"/><T73/><AGARI ba="1,2" hai="7,11,12,22,23,41,44,50,53,59,62,73,77,83" machi="73" ten="20,5200,0" yaku="1,1,0,1,7,1,53,1" doraHai="117" doraHaiUra="39" who="0" fromWho="0" sc="162,75,187,-14,359,-14,272,-27" owari="237,-16.3,173,-32.7,345,44.5,245,4.5" /></mjloggm>