<mjloggm ver="2.3"><GO type="225" lobby="0"/><UN n0="%E3%81%9F%E3%81%93%E2%98%86%E7%84%BC%E3%81%8D" n1="%E6%98%93%E5%88%A9%E8%96%A9%E4%BC%AF" n2="%E9%80%9F%E6%B0%B4%E5%87%9B%E9%A6%99" n3="%E3%83%B4%E3%83%A0%EF%BC%99%E3%81%A6" dan="16,16,16,17" rate="2102.06,2165.34,2160.01,2145.95" sx="M,F,F,M"/><TAIKYOKU oya="0"/><INIT seed="0,0,0,5,2,128" ten="250,250,250,250" oya="0" hai0="97,0,134,106,32,40,98,67,115,37,84,7,57" hai1="108,3,135,16,70,83,99,90,79,131,107,62,74" hai2="27,47,51,5,95,105,29,75,125,8,46,120,43" hai3="81,42,93,78,45,112,12,36,114,77,118,72,129"/><T54/><D32/><U119/><E3/><V58/><F105/><W69/><G118/><T23/><D115/><U30/><E119/><V35/><F75/><W73/><G129/><T88/><D67/><U28/><E108/><V18/><F120/><W63/><G93/><T25/><D0/><U111/><E111/><V10/><F125/><W80/><REACH who="3" step="1"/><G12/><REACH who="3" ten="250,250,250,240" step="2"/><T48/><D106/><U6/><E131/><V19/><F95/><W4/><G4/><T1/><D7/><U39/><E6/><V21/><F5/><W87/><G87/><T124/><D1/><U109/><E107/><V64/><F8/><W34/><G34/><T50/><D124/><U33/><E33/><V116/><F10/><W56/><G56/><T31/><D98/><U117/><E99/><V103/><F116/><W104/><G104/><T132/><D97/><U59/><E117/><V26/><F35/><W122/><G122/><T11/><D11/><U15/><E59/><V49/><F58/><W61/><G61/><T82/><D50/><U53/><E15/><V66/><F51/><W52/><G52/><T14/><D14/><U102/><E53/><V65/><F49/><W127/><G127/><T85/><D84/><U17/><E109/><V94/><F94/><W44/><G44/><T2/><D2/><U13/><E13/><V9/><F47/><W55/><G55/><T110/><D110/><U101/><E74/><V22/><F46/><W133/><G133/><N who="0" m="51307" /><D40/><U92/><E135/><V60/><F43/><W126/><G126/><T71/><D71/><U100/><E70/><N who="2" m="42247" /><F9/><W24/><G24/><RYUUKYOKU ba="0,1" sc="250,15,250,-15,250,-15,240,15" hai0="23,25,31,37,48,54,57,82,85,88" hai3="36,42,45,63,69,72,73,77,78,80,81,112,114" /><INIT seed="0,1,1,3,1,36" ten="265,235,235,255" oya="0" hai0="6,111,110,31,23,122,99,20,2,119,100,54,77" hai1="98,28,5,4,108,53,131,45,27,43,96,25,22" hai2="62,109,47,16,12,39,63,124,74,10,130,69,126" hai3="78,117,8,79,67,97,34,76,105,37,48,90,21"/><T123/><D77/><U91/><E108/><N who="0" m="41513" /><D54/><U88/><E131/><V93/><F74/><W94/><G34/><T92/><D31/><U72/><E72/><V68/><F109/><W65/><G117/><T18/><D119/><U57/><E96/><V38/><F130/><W9/><G37/><N who="2" m="13833" /><F47/><W102/><G21/><N who="0" m="8267" /><D18/><U75/><E27/><V118/><F93/><W17/><G48/><T71/><D71/><N who="2" m="27210" /><F118/><W132/><G132/><T134/><D134/><U112/><E75/><V95/><F95/><W80/><G17/><T66/><D66/><N who="3" m="25097" /><G105/><T81/><D81/><U115/><E28/><V83/><F83/><W19/><G19/><T11/><AGARI ba="1,1" hai="2,6,11,92,99,100,122,123" m="8267,41513" machi="11" ten="30,3000,0" yaku="14,1,10,1" doraHai="36" who="0" fromWho="0" sc="265,43,235,-11,235,-11,255,-11" /><INIT seed="0,2,0,3,5,35" ten="308,224,224,244" oya="0" hai0="68,89,130,69,47,5,44,82,2,87,38,112,54" hai1="11,119,75,34,80,100,56,32,25,120,61,74,55" hai2="23,110,1,113,135,13,43,49,6,19,40,114,104" hai3="108,0,103,131,125,22,60,46,77,36,123,31,132"/><T71/><D112/><U92/><E119/><V16/><F104/><W106/><G123/><T127/><D130/><U30/><E120/><V95/><F95/><W50/><G131/><T52/><D127/><U122/><E122/><V133/><F49/><W37/><G125/><T76/><D89/><U116/><E34/><V86/><F86/><W27/><G132/><N who="2" m="50761" /><F43/><W33/><G108/><T48/><D38/><U29/><E29/><V9/><F40/><W18/><G77/><T72/><D72/><U51/><E116/><V117/><F117/><W84/><G84/><T126/><D126/><U128/><E128/><V105/><F105/><W65/><G103/><T45/><REACH who="0" step="1"/><D48/><REACH who="0" ten="298,224,224,244" step="2"/><U73/><E51/><V99/><F110/><W115/><G115/><T4/><D4/><U111/><E111/><V64/><F99/><W97/><G36/><T39/><D39/><U118/><E118/><V26/><F64/><W124/><G37/><T15/><D15/><U90/><E100/><V17/><F13/><W66/><G124/><T28/><D28/><AGARI ba="2,1" hai="1,6,9,16,17,19,23,26,28,113,114" m="50761" machi="28" ten="30,8000,1" yaku="20,1,34,2,52,1,54,1" doraHai="35" who="2" fromWho="0" sc="298,-86,224,0,224,96,244,0" /><INIT seed="1,0,0,1,3,23" ten="212,224,320,244" oya="1" hai0="45,113,98,14,9,37,83,119,19,2,100,43,15" hai1="124,90,110,95,129,68,76,81,17,50,6,88,65" hai2="48,32,56,112,62,84,121,8,133,7,104,28,101" hai3="5,69,75,72,52,58,130,70,1,103,89,127,61"/><U35/><E124/><V20/><F121/><W12/><G127/><T3/><D113/><U126/><E126/><V30/><F32/><W36/><G36/><T55/><D119/><U38/><E38/><V16/><F112/><W26/><G1/><T99/><D99/><U63/><E129/><V42/><F101/><W54/><G130/><T47/><D83/><U22/><E35/><V109/><F104/><W40/><G40/><T25/><D25/><U4/><E50/><V53/><F109/><W120/><G120/><T86/><D86/><U44/><E44/><N who="2" m="25623" /><F133/><W91/><G103/><T128/><D47/><U21/><E21/><V93/><F8/><W85/><G54/><T117/><D55/><U102/><E102/><V135/><F7/><W74/><G26/><T82/><D82/><U97/><E90/><N who="2" m="53447" /><F135/><W59/><G89/><T11/><D117/><U24/><REACH who="1" step="1"/><E110/><REACH who="1" ten="212,214,320,244" step="2"/><V116/><F116/><W96/><G91/><T13/><D128/><U67/><E67/><V77/><F77/><W80/><G61/><T34/><D34/><U33/><E33/><V78/><F78/><W114/><G114/><T57/><D11/><U49/><E49/><V106/><F106/><W115/><G115/><T107/><D9/><U92/><E92/><V46/><F46/><W71/><G80/><T73/><D73/><AGARI ba="0,1" hai="4,6,17,22,24,63,65,68,73,76,81,88,95,97" machi="73" ten="30,11600,0" yaku="1,1,7,1,52,1,54,1,53,0" doraHai="23" doraHaiUra="122" who="1" fromWho="0" sc="212,-116,214,126,320,0,244,0" /><INIT seed="1,1,0,5,1,134" ten="96,340,320,244" oya="1" hai0="53,128,63,109,118,18,5,117,21,82,123,16,68" hai1="52,103,131,120,135,79,87,49,111,60,24,127,23" hai2="47,62,9,102,95,130,110,31,2,58,81,51,112" hai3="25,107,10,94,13,42,64,85,129,116,41,36,93"/><U3/><E120/><V34/><F110/><W84/><G107/><T115/><D123/><U132/><E3/><V113/><F130/><W39/><G129/><T122/><D122/><U70/><E131/><V114/><F31/><W40/><G116/><T77/><D115/><U43/><E103/><V7/><F34/><W61/><G25/><T4/><D109/><U26/><E43/><V35/><F35/><W45/><G45/><T97/><D128/><U92/><E26/><V126/><F81/><W119/><G119/><T91/><D118/><U6/><E6/><V28/><F28/><W67/><G13/><T37/><D37/><U8/><E8/><V54/><F95/><W104/><G10/><T88/><D68/><U44/><E92/><V90/><F90/><N who="0" m="34346" /><D117/><U65/><E111/><V50/><F102/><W38/><G104/><T30/><D97/><U100/><E100/><V105/><F105/><W83/><G61/><T76/><D30/><U1/><E1/><V17/><F17/><N who="0" m="6762" /><D21/><U12/><E70/><V124/><F50/><W32/><G32/><T0/><D0/><U98/><E49/><V59/><F59/><W125/><G38/><T27/><D27/><U72/><E24/><V14/><F2/><W56/><G36/><T11/><D11/><U73/><E135/><V80/><F80/><W106/><G106/><T15/><D15/><U121/><E12/><V133/><REACH who="2" step="1"/><F133/><REACH who="2" ten="96,340,310,244" step="2"/><W48/><G83/><T20/><D82/><U78/><E132/><V69/><F69/><W101/><G39/><T71/><D71/><U108/><E121/><V33/><F33/><RYUUKYOKU ba="1,1" sc="96,-10,340,-10,310,30,244,-10" hai2="7,9,14,47,51,54,58,62,112,113,114,124,126" /><INIT seed="2,2,1,3,4,82" ten="86,330,340,234" oya="2" hai0="7,14,113,70,86,22,72,126,26,50,45,59,135" hai1="120,21,74,31,101,69,75,23,105,117,118,103,2" hai2="13,92,128,62,32,57,131,96,104,123,81,42,15" hai3="40,0,73,49,19,55,29,66,115,133,46,110,3"/><V28/><F104/><W112/><G73/><N who="1" m="27658" /><E31/><V60/><F42/><W109/><G133/><T90/><D135/><U58/><E2/><N who="3" m="554" /><G29/><T35/><D126/><U114/><E58/><V125/><F125/><W111/><G66/><T124/><D113/><N who="3" m="43593" /><G19/><T68/><D124/><U127/><E69/><V129/><F123/><W4/><G4/><T30/><D72/><U87/><E105/><V33/><F81/><W5/><G5/><T88/><D90/><U61/><E120/><V48/><F48/><W102/><G102/><T18/><D59/><U85/><E127/><V97/><F28/><W39/><G39/><T63/><D63/><U80/><E61/><V83/><F83/><W24/><G24/><T84/><D84/><N who="1" m="32331" /><E80/><V98/><F62/><W25/><G25/><T89/><D89/><U78/><E114/><V53/><F92/><W6/><G6/><T132/><D7/><U47/><E78/><V106/><F106/><W100/><G100/><N who="1" m="38474" /><E47/><V56/><F56/><W119/><G40/><T38/><D38/><U41/><E41/><V44/><F44/><W95/><G95/><T93/><D132/><U134/><E134/><V71/><F71/><W77/><G77/><T91/><D91/><U76/><E76/><V122/><F122/><W20/><G20/><AGARI ba="2,1" hai="20,21,23,117,118" m="38474,32331,27658" machi="20" ten="30,8000,1" yaku="28,2,52,3" doraHai="82" who="1" fromWho="3" sc="86,0,330,96,340,0,234,-86" /><INIT seed="3,0,0,2,4,80" ten="86,426,340,148" oya="3" hai0="15,17,121,31,112,43,72,19,30,89,85,3,7" hai1="86,60,107,26,62,114,120,24,59,63,129,103,67" hai2="130,14,29,64,42,36,50,27,0,108,52,4,83" hai3="46,90,111,94,128,134,39,131,41,55,75,91,79"/><W6/><G134/><T38/><D72/><U81/><E114/><V100/><F0/><W82/><G111/><T77/><D112/><U70/><E120/><V87/><F108/><W16/><G6/><T9/><D77/><U116/><E129/><V37/><F130/><W97/><G55/><T127/><D121/><U44/><E44/><V57/><F100/><W106/><G90/><T61/><D61/><U113/><E116/><V22/><F64/><W40/><G40/><T35/><D43/><U71/><E71/><V104/><F104/><W65/><G65/><T135/><D38/><U33/><E26/><V84/><F42/><W78/><G78/><T68/><D68/><U51/><E51/><V126/><F126/><W18/><G18/><N who="0" m="6667" /><D85/><U115/><E59/><V2/><F2/><W56/><G56/><T74/><D89/><N who="1" m="51407" /><E115/><V132/><F132/><W25/><G106/><T102/><D74/><U96/><E113/><V12/><F87/><W32/><G128/><T99/><D102/><U1/><E1/><V119/><F119/><W54/><G131/><T117/><D99/><U5/><E5/><V76/><REACH who="2" step="1"/><F4/><REACH who="2" ten="86,426,330,148" step="2"/><W69/><G41/><T48/><D117/><U10/><E67/><V122/><F122/><W23/><G75/><T21/><D135/><U45/><E103/><V28/><F28/><N who="0" m="10794" /><D127/><U124/><E107/><V118/><F118/><W11/><G39/><AGARI ba="0,1" hai="12,14,22,27,29,36,37,39,50,52,57,76,83,84" machi="39" ten="40,8000,1" yaku="1,1,52,1,54,1,53,1" doraHai="80" doraHaiUra="20" who="2" fromWho="3" sc="86,0,426,0,330,90,148,-80" owari="86,-31.4,426,52.6,420,22.0,68,-43.2" /></mjloggm>