<mjloggm ver="2.3"><GO type="225" lobby="0"/><UN n0="%6B%79%6F%6E%6B%6F%31%31" n1="%E4%BF%BA%E3%81%A8%E5%A6%96%E5%A4%A2" n2="%E6%98%93%E5%88%A9%E8%96%A9%E4%BC%AF" n3="%E6%B8%A9%E2%98%85%E6%83%85%E2%98%85%E6%8E%AA%E2%98%85%E7%BD%AE" dan="16,16,16,17" rate="2148.85,2129.48,2108.39,2159.27" sx="M,F,F,M"/><TAIKYOKU oya="0"/><INIT seed="0,0,0,0,0,84" ten="250,250,250,250" oya="0" hai0="81,43,14,60,108,62,98,68,13,75,2,17,133" hai1="70,77,124,59,85,71,36,65,131,80,16,130,110" hai2="33,64,20,3,112,57,94,72,37,88,76,42,120" hai3="11,73,95,66,23,117,56,32,48,47,82,7,49"/><T31/><D2/><U102/><E36/><V109/><F33/><W111/><G32/><T134/><D31/><U29/><E29/><V39/><F112/><W129/><G117/><T9/><D43/><U22/><E110/><V107/><F107/><W128/><G111/><T53/><D108/><U52/><E102/><V104/><F104/><W5/><G23/><T12/><D68/><U35/><E35/><V79/><F3/><W92/><G82/><T18/><D98/><U103/><E103/><V44/><F120/><W106/><G73/><T21/><D13/><N who="1" m="9487" /><E65/><V93/><F93/><N who="3" m="35915" /><G106/><T8/><D21/><U83/><E83/><V67/><F39/><W123/><G123/><T27/><D27/><U28/><E28/><V90/><F109/><W116/><G116/><T58/><REACH who="0" step="1"/><D62/><REACH who="0" ten="240,250,250,250" step="2"/><N who="1" m="36199" /><E124/><V10/><F37/><W4/><G129/><AGARI ba="0,1" hai="70,71,77,80,85,129,130,131" m="36199,9487" machi="129" ten="30,3900,0" yaku="19,1,54,2" doraHai="84" who="1" fromWho="3" sc="240,0,250,49,250,0,250,-39" /><INIT seed="1,0,0,4,2,118" ten="240,299,250,211" oya="1" hai0="112,94,73,29,93,59,100,113,49,116,75,117,86" hai1="111,128,92,89,33,103,7,47,57,79,61,63,6" hai2="1,23,35,52,2,67,48,21,107,5,125,54,98" hai3="53,77,40,17,22,133,12,13,134,31,69,74,16"/><U121/><E128/><V88/><F35/><W14/><G69/><T127/><D29/><U90/><E33/><V37/><F37/><W46/><G53/><T124/><D49/><U96/><E111/><V72/><F72/><N who="0" m="27722" /><D59/><U24/><E79/><V39/><F39/><W91/><G91/><N who="1" m="34826" /><E121/><V110/><F110/><W101/><G101/><T78/><D78/><U106/><E106/><V130/><F130/><W80/><G31/><T51/><D51/><U27/><E47/><V129/><F67/><W68/><G68/><T131/><D86/><U109/><E109/><V32/><F32/><W70/><G70/><T97/><D93/><U81/><E81/><V26/><F129/><W85/><G74/><T120/><D131/><U20/><E63/><V82/><F5/><N who="1" m="1545" /><E20/><V8/><F23/><W135/><REACH who="3" step="1"/><G22/><REACH who="3" ten="240,299,250,201" step="2"/><T45/><D117/><U56/><E56/><V38/><F21/><W25/><G25/><T84/><D116/><U36/><E24/><V34/><F26/><W66/><G66/><T108/><D108/><U43/><E27/><V44/><F34/><W119/><G119/><T10/><D112/><U18/><E103/><V102/><F54/><W114/><G114/><T122/><D113/><U126/><E43/><V11/><F52/><W41/><G41/><T87/><D45/><U4/><E57/><V105/><F44/><W123/><G123/><N who="0" m="47147" /><D10/><U28/><E28/><V104/><F11/><W76/><G76/><T15/><D15/><U50/><E61/><V55/><F8/><W42/><G42/><T58/><D58/><U132/><E50/><AGARI ba="0,1" hai="12,13,14,16,17,40,46,50,77,80,85,133,134,135" machi="50" ten="50,6400,0" yaku="1,1,20,1,54,1,53,0" doraHai="118" doraHaiUra="3" who="3" fromWho="1" sc="240,0,299,-64,250,0,201,74" /><INIT seed="2,0,0,4,5,7" ten="240,235,250,275" oya="2" hai0="68,108,133,118,42,129,17,16,36,96,124,97,2" hai1="48,31,49,122,12,34,5,25,60,26,111,41,98" hai2="110,18,128,99,92,57,30,85,72,67,87,20,115" hai3="24,107,44,104,90,29,46,6,76,117,95,105,53"/><V101/><F115/><W66/><G117/><T13/><D118/><U103/><E111/><V10/><F72/><W32/><G66/><T55/><D2/><U45/><E122/><V47/><F128/><W11/><G76/><T35/><D35/><U27/><E60/><N who="2" m="38287" /><F110/><W70/><G70/><T50/><D68/><U15/><E48/><V113/><F113/><W123/><G123/><T82/><D108/><U28/><E5/><V37/><F47/><W135/><G135/><T114/><D114/><U23/><REACH who="1" step="1"/><E27/><REACH who="1" ten="240,225,250,275" step="2"/><N who="2" m="16743" /><F37/><W126/><G126/><T73/><D124/><U102/><E102/><V9/><F18/><W19/><G19/><T4/><D17/><U112/><E112/><V132/><F132/><W58/><G6/><T127/><D4/><U51/><E51/><V79/><F79/><W100/><G24/><T14/><D127/><U64/><E64/><V125/><F125/><W40/><G29/><T81/><D133/><U121/><E121/><V131/><F131/><W21/><G44/><T0/><D16/><U65/><E65/><V22/><F22/><W86/><G46/><T119/><D129/><U84/><E84/><AGARI ba="0,1" hai="9,10,84,85,87,92,99,101" m="16743,38287" machi="84" ten="30,11600,0" yaku="25,1,8,1,52,2" doraHai="7" who="2" fromWho="1" sc="240,0,225,-116,250,126,275,0" /><INIT seed="2,1,0,0,5,102" ten="240,109,376,275" oya="2" hai0="108,64,100,113,128,44,78,5,110,112,15,116,51" hai1="42,105,125,49,68,106,2,97,81,38,70,4,133" hai2="29,39,69,35,94,72,24,86,111,59,76,9,47" hai3="36,52,34,50,93,124,21,46,92,61,22,37,126"/><V87/><F69/><N who="1" m="26729" /><E49/><V25/><F111/><N who="0" m="42538" /><D64/><U33/><E97/><V13/><F25/><W134/><G34/><T65/><D65/><U20/><E20/><N who="3" m="7786" /><G134/><T71/><D71/><U99/><E99/><V83/><F59/><N who="3" m="35047" /><G37/><T55/><D78/><U67/><E67/><V28/><F28/><W32/><G32/><T120/><D100/><U75/><E33/><V7/><F94/><W132/><G36/><T54/><D54/><U117/><E117/><V88/><F88/><W122/><G122/><T14/><D120/><U127/><E133/><V26/><F26/><W119/><G119/><T123/><D123/><U79/><E4/><V11/><F11/><W77/><G77/><T0/><D116/><U91/><E91/><V8/><F8/><W66/><G66/><T107/><D5/><U53/><E53/><V82/><F82/><W60/><G60/><T31/><D55/><U18/><E18/><V130/><F130/><W131/><G131/><T74/><D128/><U103/><E2/><V45/><F45/><W30/><G132/><T62/><D44/><N who="1" m="23639" /><E103/><V115/><F35/><W129/><G129/><T3/><D0/><U41/><E41/><V96/><F96/><W114/><G30/><T16/><D3/><U73/><E73/><V95/><F95/><W57/><G46/><T27/><D74/><U98/><E98/><V23/><F47/><W118/><G118/><T12/><D51/><U101/><E101/><V104/><F39/><W109/><G50/><T17/><D17/><U6/><E6/><V58/><F72/><W89/><G109/><T63/><D16/><RYUUKYOKU ba="1,0" sc="240,-10,109,30,376,-10,275,-10" hai1="75,79,81,105,106,125,127" /><INIT seed="3,2,0,1,3,116" ten="230,139,366,265" oya="3" hai0="32,121,115,17,4,5,25,105,135,60,62,119,35" hai1="22,50,61,47,109,73,80,38,128,94,86,99,111" hai2="40,15,110,58,131,117,82,48,114,51,30,27,14" hai3="77,71,100,96,70,65,26,97,90,57,36,123,53"/><W89/><G123/><T42/><D105/><U63/><E73/><V83/><F114/><W72/><G36/><T127/><D119/><U10/><E38/><V68/><F68/><W2/><G2/><T84/><D121/><U49/><E128/><V46/><F110/><W107/><G65/><T93/><D42/><U87/><E111/><V56/><F131/><W103/><G26/><T1/><D127/><U18/><E109/><V126/><F126/><W120/><G120/><T125/><D125/><U12/><E22/><N who="2" m="15735" /><F58/><W69/><G77/><T92/><D135/><U130/><E130/><V33/><F33/><W52/><G72/><T6/><D1/><U16/><E18/><V134/><F134/><W79/><G79/><T132/><D132/><U8/><E8/><V133/><F133/><W66/><G66/><T29/><D32/><U85/><E80/><N who="2" m="30763" /><F117/><W31/><G31/><T11/><D115/><U76/><E76/><V101/><F101/><W98/><G57/><T75/><D75/><U64/><E64/><V44/><F56/><W54/><G107/><T118/><D84/><U91/><REACH who="1" step="1"/><E50/><REACH who="1" ten="230,129,366,265" step="2"/><V112/><F112/><W67/><G67/><T13/><D17/><U19/><E19/><V45/><F51/><W108/><G108/><T24/><D118/><U95/><E95/><V41/><F48/><W9/><G9/><T59/><D93/><U55/><AGARI ba="2,1" hai="10,12,16,47,49,55,61,63,85,86,87,91,94,99" machi="55" ten="30,7900,0" yaku="1,1,0,1,8,1,54,1,53,0" doraHai="116" doraHaiUra="104" who="1" fromWho="1" sc="230,-22,129,95,366,-22,265,-41" owari="208,-29.2,224,2.4,344,44.4,224,-17.6" /></mjloggm>