<mjloggm ver="2.3"><GO type="225" lobby="0"/><UN n0="%E5%A4%9C%E3%81%AE%E3%82%AC%E3%82%B9%E3%83%91%E3%83%BC%E3%83%AB" n1="%E3%81%BF%E3%81%BF%E3%81%9A" n2="%E6%9D%B1%E9%A2%A8%E3%81%AE%E3%81%8D%E3%82%83%E3%81%B7%E3%81%95%E3%82%93" n3="%E3%81%B5%E3%81%98%E3%81%8B%E3%81%A4" dan="16,17,17,16" rate="2135.48,2250.17,2239.60,2230.09" sx="M,M,M,M"/><TAIKYOKU oya="0"/><INIT seed="0,0,0,5,0,47" ten="250,250,250,250" oya="0" hai0="24,77,114,80,15,34,78,128,32,41,90,132,58" hai1="17,16,121,46,82,63,68,40,135,127,118,122,36" hai2="96,29,103,14,107,39,7,93,23,1,11,54,18" hai3="33,112,57,84,69,44,102,64,109,89,101,106,6"/><T117/><D114/><U87/><E118/><V95/><F39/><W38/><G112/><T70/><D70/><U4/><E127/><V0/><F0/><W67/><G33/><T94/><D117/><U10/><E135/><V50/><REACH who="2" step="1"/><F29/><REACH who="2" ten="250,250,240,250" step="2"/><W21/><G38/><T130/><D132/><U56/><E121/><V116/><F116/><W83/><G109/><T86/><D130/><U19/><E122/><V66/><F66/><W76/><G67/><T110/><D128/><U12/><E68/><V124/><F124/><W25/><G69/><T98/><D110/><U105/><E105/><V65/><F65/><W119/><G106/><T37/><D37/><U62/><REACH who="1" step="1"/><E56/><AGARI ba="0,1" hai="1,7,11,14,18,23,50,54,56,93,95,96,103,107" machi="56" ten="30,3900,0" yaku="1,1,7,1,52,1,53,0" doraHai="47" doraHaiUra="74" who="2" fromWho="1" sc="250,0,250,-39,240,49,250,0" /><INIT seed="1,0,0,2,4,30" ten="250,211,289,250" oya="1" hai0="0,51,131,126,73,6,104,27,33,107,62,42,99" hai1="100,35,75,118,2,97,43,71,81,64,3,34,20" hai2="7,14,134,38,26,16,28,13,78,120,32,113,4" hai3="76,36,29,89,121,31,91,85,9,111,48,1,15"/><U102/><E118/><V83/><F120/><W68/><G121/><T44/><D73/><U5/><E20/><V52/><F38/><W80/><G68/><T123/><D123/><U84/><E102/><V77/><F13/><W122/><G36/><T128/><D126/><U61/><E43/><V124/><F124/><W18/><G1/><N who="1" m="10" /><E84/><V63/><F134/><W87/><G122/><T132/><D132/><U119/><E5/><V69/><F113/><W22/><G76/><T8/><D62/><U53/><E53/><V103/><F103/><W130/><G130/><N who="0" m="49707" /><D99/><U59/><E59/><V105/><F105/><N who="0" m="40522" /><D27/><U82/><E119/><V65/><F52/><W37/><G37/><T94/><D94/><U110/><E81/><V98/><F98/><W117/><G117/><T47/><D44/><U17/><E17/><V58/><F69/><W101/><G101/><T90/><D90/><U67/><E64/><V86/><REACH who="2" step="1"/><F77/><REACH who="2" ten="250,211,279,250" step="2"/><W19/><G89/><T40/><D40/><U92/><E82/><V106/><F106/><W115/><G80/><T88/><D88/><U54/><E54/><V93/><F93/><W41/><G91/><T49/><D49/><U112/><E112/><V129/><F129/><W74/><G115/><T109/><D51/><U57/><E71/><V60/><F60/><W116/><G48/><T12/><D12/><U46/><E46/><V21/><AGARI ba="0,1" hai="4,7,14,16,21,26,28,32,58,63,65,78,83,86" machi="21" ten="20,12000,2" yaku="1,1,0,1,7,1,52,1,54,1,53,1" doraHai="30" doraHaiUra="24" who="2" fromWho="2" sc="250,-30,211,-60,279,130,250,-30" /><INIT seed="2,0,0,2,0,96" ten="220,151,409,220" oya="2" hai0="83,131,7,21,47,10,112,69,127,25,85,32,93" hai1="23,58,121,68,28,16,115,91,90,67,40,19,74" hai2="105,114,110,3,46,97,65,56,130,101,73,12,120" hai3="55,129,1,15,37,5,51,72,43,99,70,75,6"/><V103/><F73/><W29/><G70/><T0/><D112/><U63/><E115/><V13/><F3/><W95/><G129/><T14/><D69/><U54/><E74/><V49/><F101/><W109/><G29/><T52/><D131/><U4/><E4/><V41/><F120/><W89/><G1/><T94/><D127/><U135/><E121/><V50/><F130/><W33/><G109/><T132/><D32/><U44/><E28/><V24/><F114/><W118/><G33/><T82/><D132/><U98/><E135/><V17/><F110/><W78/><G78/><T27/><D0/><U62/><E98/><V20/><REACH who="2" step="1"/><F50/><REACH who="2" ten="220,151,399,220" step="2"/><W80/><G75/><T107/><D107/><U102/><E102/><V104/><F104/><W11/><G72/><T92/><D93/><U113/><E113/><V122/><F122/><W76/><G37/><T71/><D94/><U57/><E68/><V2/><F2/><W111/><G111/><T106/><D106/><U125/><E125/><V42/><F42/><W18/><G43/><T88/><D71/><U126/><E126/><V48/><F48/><W30/><G118/><T119/><D119/><U8/><E40/><V66/><F66/><W31/><G51/><T128/><D128/><U35/><E44/><V22/><F22/><W134/><G134/><T39/><D21/><U79/><E35/><V87/><F87/><N who="3" m="48519" /><G55/><T117/><D117/><U45/><E45/><V9/><F9/><W59/><G59/><T53/><D53/><U86/><E8/><V60/><AGARI ba="0,1" hai="12,13,17,20,24,41,46,49,56,60,65,97,103,105" machi="60" ten="30,11700,0" yaku="1,1,0,1,52,1,53,1" doraHai="96" doraHaiUra="100" who="2" fromWho="2" sc="220,-39,151,-39,399,127,220,-39" /><INIT seed="2,1,0,3,0,98" ten="181,112,526,181" oya="2" hai0="2,32,52,108,94,27,33,69,75,11,81,77,66" hai1="92,70,43,54,80,10,132,84,62,25,50,1,12" hai2="96,40,99,95,48,79,121,131,110,90,63,20,41" hai3="42,56,111,130,117,120,13,44,115,135,30,60,113"/><V68/><F121/><W21/><G120/><T133/><D108/><U101/><E132/><V76/><F110/><W64/><G111/><T91/><D133/><U16/><E1/><V106/><F131/><W9/><G135/><T35/><D66/><U29/><E70/><V46/><F40/><W104/><G104/><T114/><D69/><U73/><E73/><V105/><F20/><W17/><G130/><T59/><D114/><N who="3" m="43529" /><G30/><T82/><D82/><U129/><E129/><V74/><F74/><W55/><G9/><T49/><D27/><U87/><E62/><V71/><F106/><W112/><N who="3" m="43537" /><W102/><DORA hai="65" /><G102/><T4/><REACH who="0" step="1"/><D35/><REACH who="0" ten="171,112,526,181" step="2"/><U26/><E43/><V3/><F71/><W122/><G122/><T103/><D103/><U6/><E6/><V118/><F68/><W134/><G134/><T126/><D126/><U37/><E37/><V61/><F3/><W93/><G117/><T125/><D125/><U8/><E29/><V23/><F118/><W14/><G42/><T53/><D53/><U83/><E83/><V86/><F41/><W0/><G64/><T28/><D28/><U100/><E25/><V19/><F105/><W127/><G127/><T15/><D15/><N who="1" m="7271" /><E26/><V51/><F19/><W89/><G0/><T7/><D7/><N who="1" m="3167" /><E92/><V39/><F95/><W45/><G13/><T116/><D116/><U78/><E84/><AGARI ba="1,1" hai="14,17,21,44,45,55,56,60,84,89,93" m="43537" machi="84" ten="40,1300,0" yaku="11,1" doraHai="98,65" who="3" fromWho="1" sc="171,0,112,-16,526,0,181,26" /><AGARI ba="1,0" hai="2,4,11,32,33,49,52,59,75,77,81,84,91,94" machi="84" ten="30,8000,1" yaku="1,1,7,1,54,1,53,2" doraHai="98,65" doraHaiUra="88,47" who="0" fromWho="1" sc="171,80,96,-80,526,0,207,0" /><INIT seed="3,0,0,0,1,93" ten="251,16,526,207" oya="3" hai0="24,82,91,70,48,53,87,6,66,14,132,128,116" hai1="54,17,7,103,1,124,31,59,63,38,86,97,78" hai2="19,60,92,95,28,4,55,69,42,67,64,117,119" hai3="135,77,3,101,33,56,81,94,37,98,79,36,22"/><W112/><G112/><T58/><D116/><U16/><E124/><V26/><F42/><W130/><G33/><T106/><D106/><U90/><E38/><V113/><F113/><W88/><G3/><T125/><D125/><U121/><E121/><V65/><F4/><W62/><G135/><T80/><D128/><U45/><E1/><V40/><F40/><W0/><G0/><T29/><D132/><U44/><E7/><V27/><F19/><W133/><G133/><T75/><D70/><U30/><E78/><V83/><F83/><W47/><G47/><T43/><D43/><U50/><E44/><V61/><F55/><W5/><G5/><T134/><D66/><U99/><E31/><V123/><F123/><W114/><G114/><T21/><D134/><U68/><E30/><V74/><F74/><W10/><G10/><N who="0" m="4439" /><D75/><U129/><E68/><V108/><F108/><W13/><G130/><T52/><D53/><U39/><E39/><V100/><F69/><W102/><G77/><T110/><D110/><U46/><E129/><V107/><F107/><W71/><G71/><T11/><D11/><U34/><E34/><V127/><F127/><W115/><G115/><T49/><D49/><U2/><E2/><V73/><F73/><W9/><G9/><T84/><D84/><U126/><E126/><V41/><F41/><W85/><G37/><T32/><D32/><U111/><E111/><V122/><F119/><W89/><G36/><T8/><D8/><U25/><E50/><V131/><F117/><W120/><G79/><T104/><D104/><U18/><E45/><RYUUKYOKU ba="0,0" sc="251,30,16,-10,526,-10,207,-10" hai0="21,24,29,48,52,58,80,82,87,91" owari="281,8.1,6,-49.4,516,61.6,197,-20.3" /></mjloggm>