<mjloggm ver="2.3"><GO type="225" lobby="0"/><UN n0="%E3%81%8B%E3%82%8F%E3%81%A1%E3%82%83%E3%82%93%35%38" n1="%E3%83%AB%E3%83%9B%E3%83%B3%E3%83%87%E3%82%A3%E3%82%A8" n2="%E3%83%B4%E3%82%A3%E3%83%AF%E3%82%B3%E3%82%B0%E3%83%8B" n3="%6D%75%75%6D%75%72%61" dan="16,17,16,16" rate="2134.93,2181.55,2174.02,2118.12" sx="M,M,M,F"/><TAIKYOKU oya="0"/><INIT seed="0,0,0,5,5,112" ten="250,250,250,250" oya="0" hai0="79,39,129,21,78,3,124,18,97,55,106,123,58" hai1="86,38,66,67,12,13,25,36,100,44,8,63,70" hai2="49,118,102,94,69,134,7,16,32,46,59,130,95" hai3="23,80,6,88,74,0,65,35,89,60,28,31,116"/><T76/><D123/><U125/><E125/><V14/><F69/><W29/><G35/><T105/><D39/><U77/><E100/><V26/><F130/><W111/><G111/><T20/><D3/><U72/><E72/><V43/><F134/><W114/><G114/><T56/><D129/><U81/><E25/><V5/><F118/><W82/><G116/><T47/><D124/><U131/><E131/><V99/><F94/><W10/><G23/><T27/><D47/><U41/><E67/><V98/><F98/><W107/><G107/><T126/><D126/><U33/><E33/><V121/><F121/><W119/><G119/><T42/><D42/><U103/><E103/><V15/><F59/><W37/><G37/><T57/><D105/><U127/><E127/><V93/><F93/><W45/><G45/><T51/><D106/><U104/><E104/><V109/><F109/><W73/><G73/><T135/><D135/><U84/><E84/><V128/><F128/><W19/><G19/><N who="0" m="12703" /><D97/><U4/><REACH who="1" step="1"/><E13/><AGARI ba="0,0" hai="13,18,21,51,55,56,57,58,76,78,79" m="12703" machi="13" ten="30,1500,0" yaku="8,1" doraHai="112" who="0" fromWho="1" sc="250,15,250,-15,250,0,250,0" /><INIT seed="0,1,0,1,4,31" ten="265,235,250,250" oya="0" hai0="71,90,103,89,19,100,22,20,93,114,24,119,104" hai1="82,60,12,126,59,108,17,121,47,29,55,117,34" hai2="69,130,81,127,21,135,51,1,99,38,23,134,87" hai3="107,27,109,96,110,94,123,88,63,65,35,73,70"/><T11/><D114/><U46/><E117/><V41/><F38/><W4/><G73/><T49/><D104/><U75/><E121/><V5/><F69/><W30/><G123/><T40/><D71/><U124/><E108/><N who="3" m="41578" /><G4/><T79/><D119/><U8/><E75/><V66/><F66/><W37/><G37/><T14/><D79/><U86/><E29/><V98/><F41/><W58/><G107/><T74/><D74/><U67/><E34/><V78/><F51/><W50/><G50/><T57/><D22/><U15/><E15/><V105/><F127/><N who="1" m="48681" /><E55/><V113/><F130/><W72/><G72/><T13/><D13/><U26/><E26/><V83/><F113/><W131/><G131/><T68/><D68/><AGARI ba="1,0" hai="27,30,35,58,63,65,68,70,88,94,96" m="41578" machi="68" ten="30,3900,0" yaku="14,1,52,1,54,1" doraHai="31" who="3" fromWho="0" sc="265,-42,235,0,250,0,250,42" /><INIT seed="1,0,0,2,3,78" ten="223,235,250,292" oya="1" hai0="39,109,56,100,111,126,62,1,98,26,134,29,49" hai1="86,70,96,42,74,46,4,19,15,112,115,45,131" hai2="103,97,130,0,33,85,23,94,64,36,27,106,82" hai3="87,121,110,90,10,2,84,8,24,95,63,79,32"/><U44/><E74/><V81/><F33/><W99/><G121/><T22/><D39/><U35/><E35/><V43/><F0/><W93/><G110/><T89/><D1/><U122/><E122/><V76/><F130/><W128/><G128/><T53/><D134/><U48/><E70/><V11/><F64/><W50/><G2/><T60/><D126/><U25/><E131/><V34/><F34/><W92/><G63/><T12/><D12/><U125/><E125/><V80/><F11/><W6/><G6/><T37/><D37/><U21/><E115/><V14/><F14/><W129/><G129/><T57/><D89/><U133/><E133/><V83/><F36/><W116/><G116/><T59/><D62/><U101/><E112/><V127/><F127/><W91/><G50/><T17/><D17/><U65/><E65/><V132/><F132/><W124/><G124/><T77/><D77/><U123/><E123/><V69/><F43/><W113/><G113/><T67/><REACH who="0" step="1"/><D59/><REACH who="0" ten="213,235,250,292" step="2"/><U73/><E73/><V61/><F61/><W7/><G7/><T38/><D38/><U28/><E4/><V58/><F58/><W68/><G68/><T88/><D88/><U105/><E86/><V16/><REACH who="2" step="1"/><F69/><REACH who="2" ten="213,235,240,292" step="2"/><W40/><G8/><T120/><D120/><U117/><E117/><V104/><AGARI ba="0,2" hai="16,23,27,76,80,81,82,83,85,94,97,103,104,106" machi="104" ten="30,16000,3" yaku="1,1,2,1,0,1,52,4,54,1,53,0" doraHai="78" doraHaiUra="107" who="2" fromWho="2" sc="213,-40,235,-80,240,180,292,-40" /><INIT seed="2,0,0,3,1,17" ten="173,155,420,252" oya="2" hai0="72,90,118,113,85,26,42,102,32,12,106,99,129" hai1="71,67,95,43,28,46,52,70,34,81,45,84,16" hai2="130,77,134,100,47,65,8,96,37,107,0,83,126" hai3="62,69,80,94,82,18,108,1,122,88,20,19,98"/><V131/><F126/><W91/><G122/><T5/><D113/><U11/><E95/><V29/><F134/><W13/><G1/><T114/><D114/><U127/><E127/><V41/><F65/><W35/><G35/><T125/><D125/><U44/><E43/><V135/><F29/><W33/><G33/><T133/><D72/><U4/><E67/><V60/><F60/><W132/><G108/><T21/><D133/><U58/><E34/><V109/><F135/><W79/><G69/><T87/><D32/><U36/><E36/><V53/><F53/><W110/><G110/><T38/><D129/><U30/><E70/><V117/><F117/><W105/><G105/><T103/><D103/><U128/><E71/><V9/><F109/><W116/><G62/><T73/><D73/><U112/><E128/><N who="2" m="49195" /><F0/><W121/><G121/><T3/><D3/><U57/><E57/><V104/><F107/><W31/><G31/><N who="0" m="17871" /><D118/><U75/><E75/><AGARI ba="0,0" hai="8,9,37,41,47,75,77,83,96,100,104" m="49195" machi="75" ten="30,1500,0" yaku="19,1" doraHai="17" who="2" fromWho="1" sc="173,0,155,-15,420,15,252,0" /><INIT seed="2,1,0,0,3,31" ten="173,140,435,252" oya="2" hai0="24,9,52,50,84,112,7,26,25,119,65,126,100" hai1="85,46,79,75,99,94,63,39,107,60,2,104,20" hai2="38,49,92,128,11,108,13,28,81,124,64,114,69" hai3="6,10,41,35,89,113,42,53,55,121,115,116,56"/><V3/><F114/><W77/><G116/><T74/><D74/><U102/><E2/><V90/><F38/><W21/><G121/><T68/><D112/><N who="3" m="43081" /><G77/><T70/><D119/><U76/><E39/><V5/><F108/><W105/><G105/><T72/><D72/><U18/><E46/><V78/><F69/><W8/><G21/><T0/><D126/><U37/><E37/><V133/><F133/><W132/><G132/><T61/><D100/><U62/><E75/><V87/><F128/><W36/><G36/><T86/><REACH who="0" step="1"/><D70/><REACH who="0" ten="163,140,435,252" step="2"/><U117/><E117/><V98/><F124/><W95/><G41/><T127/><D127/><U82/><REACH who="1" step="1"/><E76/><REACH who="1" ten="163,130,435,252" step="2"/><V109/><F78/><W27/><G42/><T54/><D54/><U59/><E59/><AGARI ba="1,2" hai="0,7,9,24,25,26,50,52,59,61,65,68,84,86" machi="59" ten="40,2600,0" yaku="1,1,54,1,53,0" doraHai="31" doraHaiUra="111" who="0" fromWho="1" sc="163,49,130,-29,435,0,252,0" /><INIT seed="3,0,0,4,5,87" ten="212,101,435,252" oya="3" hai0="0,91,53,65,119,17,70,21,22,42,79,45,94" hai1="5,2,82,108,100,29,107,37,110,34,20,31,78" hai2="73,124,116,115,39,7,135,106,71,23,4,60,47" hai3="55,41,32,13,63,66,126,132,131,18,127,98,111"/><W89/><G32/><T80/><D119/><U30/><E37/><V125/><F73/><W123/><G123/><T12/><D0/><U51/><E107/><V9/><F106/><W54/><G131/><T118/><D118/><U95/><E51/><V14/><F116/><W11/><G41/><T43/><D70/><U61/><E78/><V15/><F115/><W56/><G132/><T69/><D69/><U134/><E82/><V130/><F130/><W120/><G120/><T68/><D68/><U27/><E61/><V74/><F74/><W58/><G111/><T96/><D65/><U8/><E100/><V24/><F135/><W105/><G105/><T90/><D53/><U10/><E95/><V59/><F71/><W93/><G56/><T84/><D22/><U113/><E113/><V81/><F81/><W48/><G48/><N who="0" m="26679" /><D43/><U104/><E104/><V101/><F101/><W99/><G66/><T46/><D46/><U72/><E72/><V75/><F75/><W44/><G44/><T114/><D114/><U50/><E50/><V28/><F39/><W121/><G55/><T52/><D52/><U76/><E76/><V92/><F47/><W67/><G67/><T129/><D129/><U85/><E85/><V1/><F59/><W57/><G57/><T64/><D64/><U112/><E112/><V88/><F60/><W77/><G121/><T40/><D40/><U38/><E38/><V26/><F4/><W33/><G33/><T122/><D122/><U3/><E134/><V133/><F133/><W103/><G77/><AGARI ba="0,0" hai="12,17,21,77,79,80,84,90,91,94,96" m="26679" machi="77" ten="30,3900,0" yaku="8,1,52,2" doraHai="87" who="0" fromWho="3" sc="212,39,101,0,435,0,252,-39" owari="251,5.1,101,-39.9,435,53.5,213,-18.7" /></mjloggm>