<mjloggm ver="2.3"><GO type="225" lobby="0"/><UN n0="%E7%99%BD%E9%9B%AA%E4%B9%83%E6%84%9B" n1="%E5%B6%BA%E4%B8%8A%E5%92%B2" n2="%E3%82%BC%E3%83%AB%E3%83%80%E3%81%AE%E4%BC%9D%E8%AA%AC" n3="%E7%89%B9%E6%9D%B1%E3%81%AF%E4%B8%96%E7%95%8C%E3%82%92%E6%95%91%E3%81%86" dan="16,16,17,16" rate="2094.08,2116.72,2205.53,2062.10" sx="F,F,M,M"/><TAIKYOKU oya="0"/><INIT seed="0,0,0,5,4,28" ten="250,250,250,250" oya="0" hai0="107,79,95,124,134,110,54,62,4,129,57,33,37" hai1="106,68,85,16,126,5,84,99,46,18,43,64,25" hai2="38,31,39,19,9,69,23,6,125,77,105,49,108" hai3="71,97,135,86,93,80,74,1,116,131,127,30,10"/><T119/><D119/><U88/><E5/><V7/><F105/><W22/><G116/><T100/><D107/><U58/><E68/><V112/><F69/><W24/><G71/><T2/><D37/><U91/><E126/><V0/><F112/><W130/><G74/><T11/><D124/><U26/><E106/><V75/><F125/><W66/><G66/><T67/><D129/><N who="3" m="49161" /><G127/><T61/><D134/><U132/><E132/><V72/><F108/><W47/><G47/><T29/><D79/><U36/><E99/><V92/><F7/><N who="3" m="1391" /><G135/><T3/><D110/><U51/><E36/><V122/><F122/><W48/><G48/><T102/><D2/><U65/><E58/><V96/><F49/><W45/><G45/><T120/><D120/><U55/><E43/><V20/><F75/><W50/><G50/><T56/><D95/><N who="1" m="54663" /><E64/><V8/><F39/><W17/><G17/><N who="1" m="6762" /><E65/><V27/><F38/><W78/><G97/><T83/><REACH who="0" step="1"/><D83/><AGARI ba="0,0" hai="25,26,46,51,55,83,85,91" m="6762,54663" machi="83" ten="30,3900,0" yaku="8,1,54,2" doraHai="28" who="1" fromWho="0" sc="250,-39,250,39,250,0,250,0" /><INIT seed="1,0,0,0,2,15" ten="211,289,250,250" oya="1" hai0="20,36,82,50,79,132,40,92,88,18,101,103,34" hai1="71,23,87,56,41,66,43,7,6,25,45,44,75" hai2="123,46,35,112,122,27,94,89,42,4,1,81,48" hai3="78,130,134,14,98,127,68,2,16,51,58,109,22"/><U65/><E75/><V124/><F124/><W100/><G68/><T95/><D36/><U5/><E71/><V129/><F129/><W97/><G130/><T116/><D34/><U47/><E87/><V111/><F111/><W54/><G109/><T10/><D132/><U119/><E119/><V60/><F112/><W69/><G127/><T26/><D116/><U0/><E0/><V84/><F60/><W30/><G134/><T53/><D40/><N who="1" m="15435" /><E56/><V24/><F35/><W107/><G69/><T83/><D10/><U110/><E110/><V3/><F3/><W72/><G2/><T62/><D95/><U70/><E70/><V135/><F135/><W85/><G72/><T108/><D108/><U17/><AGARI ba="0,0" hai="5,6,7,17,23,25,44,45,47,65,66" m="15435" machi="17" ten="40,3900,0" yaku="8,1,52,1" doraHai="15" who="1" fromWho="1" sc="211,-13,289,39,250,-13,250,-13" /><INIT seed="1,1,0,2,5,94" ten="198,328,237,237" oya="1" hai0="56,130,97,66,90,72,127,117,107,41,45,124,105" hai1="128,114,0,111,61,20,47,100,122,108,65,24,46" hai2="77,11,53,8,70,4,22,110,27,104,95,42,78" hai3="71,116,57,88,44,35,31,54,37,21,2,29,3"/><U81/><E114/><V96/><F110/><N who="1" m="42025" /><E122/><V84/><F70/><W58/><G71/><T129/><D72/><U120/><E120/><V38/><F104/><W99/><G35/><T118/><D56/><N who="1" m="37031" /><E0/><V39/><F53/><W23/><G116/><N who="0" m="44651" /><D66/><U106/><E81/><V32/><F32/><W87/><G37/><T74/><D74/><U103/><E128/><N who="0" m="49257" /><D45/><N who="1" m="16907" /><E106/><N who="0" m="40457" /><D41/><U86/><E86/><V69/><F84/><W12/><G87/><T16/><D16/><AGARI ba="1,0" hai="16,20,24,100,103" m="16907,37031,42025" machi="16" ten="30,5800,0" yaku="14,1,10,1,54,1" doraHai="94" who="1" fromWho="0" sc="198,-61,328,61,237,0,237,0" /><INIT seed="1,2,0,2,4,113" ten="137,389,237,237" oya="1" hai0="109,9,23,2,69,39,10,1,70,51,104,99,34" hai1="89,0,112,128,114,119,42,61,46,41,30,93,65" hai2="75,107,74,60,68,115,35,33,95,127,134,47,103" hai3="130,53,124,94,21,8,133,50,17,106,25,14,54"/><U117/><E0/><V45/><F95/><W105/><G130/><T129/><D39/><N who="1" m="21823" /><E30/><V11/><F11/><W126/><G133/><T16/><D34/><U3/><E3/><V40/><F127/><N who="3" m="48683" /><G94/><T111/><D109/><U24/><E24/><V71/><F115/><N who="1" m="44073" /><E93/><V91/><F91/><W123/><G123/><T31/><D111/><U84/><E84/><V86/><F60/><W27/><G54/><T37/><D129/><U15/><E89/><V72/><F86/><W108/><G108/><T18/><D37/><U78/><E15/><V29/><F29/><N who="3" m="17583" /><G27/><T92/><D51/><U66/><E78/><V125/><F125/><W7/><G17/><T64/><D104/><U110/><E110/><V97/><F134/><W38/><G38/><T28/><D31/><U67/><E128/><V58/><F107/><W116/><G106/><T12/><D28/><U80/><E80/><V36/><F36/><W6/><G6/><T20/><D92/><U121/><E121/><V131/><F131/><W90/><G90/><T118/><D12/><U49/><E61/><V63/><F63/><W132/><G105/><T57/><D99/><U82/><E82/><V43/><F97/><W62/><G62/><T32/><D32/><U4/><E4/><V52/><F35/><W98/><G98/><T19/><D19/><U73/><E73/><V87/><F33/><W13/><G13/><T81/><D81/><U120/><E120/><V102/><F74/><W48/><G14/><T76/><D76/><U96/><E96/><V55/><F87/><W101/><G7/><T79/><D79/><RYUUKYOKU ba="2,0" sc="137,-15,389,15,237,15,237,-15" hai1="42,49,65,66,67,117,119" hai2="40,43,45,47,52,55,58,68,71,72,75,102,103" /><INIT seed="1,3,0,2,1,30" ten="122,404,252,222" oya="1" hai0="21,26,80,60,119,17,105,130,120,11,49,116,99" hai1="107,8,133,27,64,126,62,58,127,135,115,129,18" hai2="47,108,59,44,41,101,29,14,85,65,28,48,91" hai3="68,109,134,55,90,36,57,110,76,51,15,125,71"/><U52/><E107/><V92/><F108/><N who="3" m="41579" /><G134/><N who="1" m="51210" /><E115/><V6/><F101/><W128/><G128/><T1/><D130/><U94/><E129/><V122/><F122/><W46/><G125/><N who="1" m="47626" /><E94/><V82/><F47/><W117/><G117/><T111/><D120/><U69/><E8/><N who="2" m="4375" /><F92/><W54/><G76/><T33/><D111/><U79/><E79/><V10/><F10/><W56/><G15/><T114/><D114/><U131/><E131/><V2/><F2/><W40/><G90/><T95/><D80/><U67/><E69/><V4/><F4/><W132/><G132/><T88/><D105/><U50/><E50/><AGARI ba="3,0" hai="36,40,46,50,51,54,55,56,57,68,71" m="41579" machi="50" ten="30,3900,0" yaku="14,1,34,2" doraHai="30" who="3" fromWho="1" sc="122,0,404,-48,252,0,222,48" /><INIT seed="2,0,0,5,5,18" ten="122,356,252,270" oya="2" hai0="52,8,2,6,49,125,86,103,93,50,126,15,38" hai1="70,58,111,51,127,100,107,1,33,48,84,115,75" hai2="96,91,83,44,55,118,108,106,23,11,16,69,110" hai3="132,99,45,20,113,63,7,19,128,104,60,116,66"/><V65/><F118/><W124/><G116/><T9/><D38/><U85/><E58/><V5/><F65/><W40/><G128/><T47/><D49/><U39/><E100/><V30/><F69/><W67/><G132/><T54/><D54/><U21/><E51/><N who="2" m="29159" /><F30/><W59/><G124/><T14/><D2/><U80/><E127/><V109/><F106/><W135/><G135/><T25/><D25/><U62/><E107/><V131/><F131/><W88/><G7/><T32/><D32/><U41/><E70/><V72/><F96/><W57/><G113/><T42/><D42/><U87/><E33/><V79/><F91/><W94/><G104/><T4/><REACH who="0" step="1"/><D86/><REACH who="0" ten="112,356,252,270" step="2"/><N who="1" m="33387" /><E115/><V133/><F133/><W34/><G34/><T130/><D130/><U74/><E1/><V0/><F0/><W123/><G123/><T92/><D92/><U53/><E39/><V43/><F43/><W82/><G82/><T27/><D27/><U28/><E41/><V77/><F83/><W78/><G40/><T121/><D121/><U17/><E80/><V117/><F117/><W101/><G94/><T22/><D22/><U3/><E21/><V56/><F23/><W73/><G20/><T105/><D105/><U10/><E3/><V64/><F110/><W112/><G112/><T31/><D31/><U13/><E28/><V37/><F37/><W71/><G67/><T61/><D61/><U46/><E111/><V97/><F108/><W81/><G63/><T98/><AGARI ba="0,1" hai="4,6,8,9,14,15,47,50,52,93,98,103,125,126" machi="98" ten="30,7900,0" yaku="1,1,0,1,9,1,54,1,53,0" doraHai="18" doraHaiUra="26" who="0" fromWho="0" sc="112,89,356,-20,252,-39,270,-20" /><INIT seed="3,0,0,1,3,89" ten="201,336,213,250" oya="3" hai0="14,35,68,39,92,16,126,60,116,66,71,9,78" hai1="98,50,38,70,90,1,102,61,6,48,73,40,64" hai2="125,37,47,88,26,22,97,42,29,11,31,133,28" hai3="101,135,119,104,93,46,105,2,81,65,80,84,19"/><W58/><G2/><T56/><D116/><U59/><E90/><V27/><F125/><W108/><G119/><T118/><D118/><U124/><E124/><V4/><F133/><W0/><G0/><T15/><D126/><U72/><E50/><N who="2" m="26999" /><F22/><W8/><G135/><T24/><D39/><U76/><E59/><V131/><F131/><W121/><G121/><T45/><D45/><N who="1" m="23703" /><E48/><V20/><F37/><W44/><G101/><T57/><D78/><U79/><E79/><V62/><F62/><W87/><G19/><T51/><D92/><U21/><E21/><V63/><F63/><W41/><G8/><T30/><REACH who="0" step="1"/><D14/><REACH who="0" ten="191,336,213,250" step="2"/><U43/><E76/><V91/><F91/><W107/><G44/><T94/><D94/><U109/><E109/><V83/><F97/><W117/><G108/><T110/><D110/><U129/><E129/><V53/><F26/><W12/><G117/><T96/><D96/><U120/><E120/><V123/><F123/><W33/><G107/><T113/><D113/><U13/><E13/><N who="2" m="5351" /><F53/><AGARI ba="0,1" hai="9,15,16,24,30,35,51,53,56,57,60,66,68,71" machi="53" ten="40,2600,0" yaku="1,1,54,1,53,0" doraHai="89" doraHaiUra="122" who="0" fromWho="2" sc="191,36,336,0,213,-26,250,0" owari="227,-17.3,336,43.6,187,-31.3,250,5.0" /></mjloggm>