<mjloggm ver="2.3"><GO type="225" lobby="0"/><UN n0="%E9%80%9F%E6%B0%B4%E5%87%9B%E9%A6%99" n1="%33%74%72%65%65" n2="%41%54%53%4D" n3="%E3%81%95%E3%81%8D%E3%81%9F%E3%81%BE%E6%9E%97%E6%AA%8E" dan="16,17,16,16" rate="2116.78,2149.71,2100.94,2120.00" sx="F,F,M,M"/><TAIKYOKU oya="0"/><INIT seed="0,0,0,2,0,19" ten="250,250,250,250" oya="0" hai0="97,5,38,62,82,130,30,17,92,119,96,58,68" hai1="0,69,81,114,15,25,64,109,126,20,98,110,1" hai2="48,31,87,59,135,26,71,76,90,113,124,112,23" hai3="128,80,93,9,51,8,52,45,123,103,28,102,61"/><T18/><D119/><U118/><E118/><V32/><F71/><W7/><G128/><T56/><D38/><U88/><E126/><V43/><F135/><W46/><G123/><T101/><D130/><U108/><E114/><V57/><F124/><W3/><G28/><T134/><D134/><U111/><N who="1" m="27648" /><DORA hai="121" /><U85/><E15/><V37/><F76/><W86/><G61/><T91/><D5/><U105/><E64/><V2/><F2/><W115/><G115/><T117/><D117/><U78/><E69/><V10/><F10/><W60/><G60/><T22/><D68/><U104/><E78/><V133/><F133/><W84/><G9/><T107/><D56/><U95/><E81/><V42/><F59/><W39/><G93/><T63/><D63/><U50/><E50/><V73/><F73/><W72/><G86/><T106/><D106/><N who="1" m="41067" /><E85/><V55/><F37/><W29/><G84/><T34/><D82/><U47/><E47/><V14/><F113/><W33/><G46/><T6/><D6/><U16/><AGARI ba="0,0" hai="0,1,16,20,25,88,95,98" m="41067,27648" machi="16" ten="60,16000,3" yaku="14,1,52,5,54,2" doraHai="19,121" who="1" fromWho="1" sc="250,-80,250,160,250,-40,250,-40" /><INIT seed="1,0,0,2,4,14" ten="170,410,210,210" oya="1" hai0="26,68,119,5,60,66,45,124,77,40,12,135,11" hai1="34,7,48,63,129,123,90,121,100,21,51,94,86" hai2="108,0,74,29,103,20,17,87,56,130,132,53,84" hai3="81,73,105,24,107,25,97,99,44,13,71,65,10"/><U109/><E34/><V82/><F0/><W95/><G71/><T126/><D119/><U96/><E129/><V41/><F130/><W79/><G65/><T1/><D135/><U39/><E39/><V116/><F132/><W43/><G25/><T113/><D113/><U70/><E109/><V55/><F116/><W57/><G57/><T31/><D77/><U111/><E111/><V102/><F108/><W23/><G23/><T91/><D91/><U49/><E7/><V69/><F69/><W67/><G67/><T110/><D110/><U83/><E70/><V50/><F29/><W4/><G24/><T98/><D98/><U19/><REACH who="1" step="1"/><E63/><REACH who="1" ten="170,400,210,210" step="2"/><V61/><F61/><W128/><G128/><T89/><D1/><U117/><E117/><V32/><F32/><W6/><G4/><T72/><D60/><U101/><E101/><V62/><F62/><W54/><G6/><T33/><D68/><U15/><AGARI ba="0,1" hai="15,19,21,48,49,51,83,86,90,94,96,100,121,123" machi="15" ten="30,6000,0" yaku="1,1,0,1,52,1,53,0" doraHai="14" doraHaiUra="125" who="1" fromWho="1" sc="170,-20,400,70,210,-20,210,-20" /><INIT seed="1,1,0,5,3,13" ten="150,470,190,190" oya="1" hai0="73,10,44,121,96,106,55,15,47,101,129,40,28" hai1="11,124,62,52,48,74,135,27,4,66,39,41,57" hai2="33,78,69,103,2,86,71,77,18,0,56,87,64" hai3="8,108,105,104,35,49,113,67,21,126,94,95,3"/><U91/><E135/><V100/><F33/><W93/><G108/><T109/><D73/><U63/><E124/><V25/><F25/><W17/><G113/><T133/><D109/><U134/><E134/><V114/><F64/><W1/><G35/><T85/><D133/><U61/><E74/><V70/><F114/><W20/><G126/><T37/><D129/><U72/><E72/><V83/><F56/><W58/><G21/><T116/><D116/><U6/><E91/><V45/><F45/><W65/><G67/><T92/><D28/><U82/><E82/><V75/><F75/><W118/><G118/><T32/><D32/><U119/><E27/><V76/><F83/><W132/><G132/><T122/><D85/><U59/><E4/><V14/><F14/><W50/><G50/><T90/><D90/><U115/><E115/><V81/><F81/><W46/><G58/><T19/><D106/><U80/><E80/><V36/><F36/><W60/><G60/><T79/><D79/><U102/><E102/><V98/><F18/><W38/><G38/><T120/><D55/><U34/><E34/><V110/><F110/><W54/><G65/><T84/><D84/><N who="2" m="32298" /><F98/><W53/><G53/><T22/><D47/><N who="1" m="23999" /><E119/><V30/><F30/><W123/><G123/><T88/><D101/><AGARI ba="1,0" hai="0,2,69,70,71,76,77,78,100,101,103" m="32298" machi="101" ten="40,2600,0" yaku="28,2" doraHai="13" who="2" fromWho="0" sc="150,-29,470,0,190,29,190,0" /><INIT seed="2,0,0,3,0,57" ten="121,470,219,190" oya="2" hai0="0,130,50,30,110,32,33,129,80,77,68,34,37" hai1="78,100,126,65,119,115,61,5,112,43,121,132,64" hai2="114,19,28,90,71,56,16,106,95,105,38,52,47" hai3="41,113,75,116,86,44,111,102,127,99,14,120,131"/><V51/><F114/><W13/><G111/><T10/><D37/><U26/><E119/><V93/><F71/><W17/><G120/><T1/><D68/><U83/><E121/><V128/><F128/><N who="0" m="49258" /><D50/><U24/><E43/><V45/><F28/><W36/><G75/><N who="0" m="43071" /><D110/><U39/><E39/><V46/><F38/><W104/><G131/><T109/><D109/><U4/><E115/><V9/><F105/><W63/><G113/><T73/><D73/><U117/><E117/><V2/><F106/><W101/><G116/><T123/><D123/><U92/><E112/><V27/><F2/><N who="0" m="1130" /><D10/><U18/><E18/><V82/><F9/><W91/><G14/><T98/><D98/><U74/><E5/><V107/><F107/><W70/><G102/><T122/><D122/><U84/><E4/><V72/><F72/><W60/><G70/><T31/><AGARI ba="0,0" hai="30,31,32,33,34" m="1130,43071,49258" machi="31" ten="40,1500,0" yaku="19,1" doraHai="57" who="0" fromWho="0" sc="121,15,470,-4,219,-7,190,-4" /><INIT seed="3,0,0,2,0,119" ten="136,466,212,186" oya="3" hai0="99,90,53,28,96,102,13,57,19,75,79,63,20" hai1="7,54,33,65,105,46,0,122,130,34,47,87,100" hai2="115,108,113,104,12,59,21,94,111,23,120,132,30" hai3="58,9,70,39,98,114,101,38,40,10,15,49,62"/><W51/><G114/><N who="2" m="43529" /><F104/><W112/><G112/><T41/><D75/><U129/><E65/><V118/><F118/><W68/><G68/><T61/><D79/><U93/><E122/><V133/><F120/><W76/><G76/><T2/><D2/><U37/><E47/><V4/><F94/><W35/><G35/><T43/><D28/><U25/><E25/><N who="2" m="16687" /><F59/><W22/><G70/><T91/><D63/><U44/><E7/><V72/><F72/><W56/><G56/><T124/><D124/><U97/><E0/><V83/><F83/><W92/><G39/><T29/><D29/><U110/><E110/><N who="2" m="42027" /><F23/><W31/><G38/><T1/><D1/><U27/><E27/><V82/><F82/><W16/><G31/><T5/><D5/><U106/><E33/><V81/><F81/><W80/><G80/><T126/><D126/><U123/><E34/><V45/><F45/><N who="3" m="25767" /><G51/><T11/><D20/><U86/><E37/><V18/><F18/><W128/><G58/><T116/><D116/><U42/><E123/><V69/><F69/><W127/><G62/><T17/><D17/><U48/><E46/><V78/><F78/><W60/><G16/><T107/><REACH who="0" step="1"/><D99/><REACH who="0" ten="126,466,212,186" step="2"/><U117/><E117/><V8/><AGARI ba="0,1" hai="4,8,12,132,133" m="42027,16687,43529" machi="8" ten="40,5200,0" yaku="14,1,34,2" doraHai="119" who="2" fromWho="2" sc="126,-13,466,-13,212,62,186,-26" owari="113,-38.7,453,55.3,274,7.4,160,-24.0" /></mjloggm>