<mjloggm ver="2.3"><GO type="225" lobby="0"/><UN n0="%77%72%77%72%77%72%77%72" n1="%E6%B8%A9%E2%98%85%E6%83%85%E2%98%85%E6%8E%AA%E2%98%85%E7%BD%AE" n2="%4B%2E%32%2E%4B%2E" n3="%E3%81%BF%E3%81%BF%E3%81%9A" dan="17,17,16,17" rate="2230.65,2254.11,2134.02,2214.58" sx="M,M,M,M"/><TAIKYOKU oya="0"/><INIT seed="0,0,0,1,2,130" ten="250,250,250,250" oya="0" hai0="135,77,92,91,80,94,25,69,18,46,81,51,126" hai1="127,120,11,65,115,38,21,5,7,106,76,55,123" hai2="14,119,128,61,114,40,45,64,118,95,15,52,13" hai3="41,47,20,86,78,60,97,28,49,17,116,117,31"/><T70/><D135/><U129/><E38/><V23/><F114/><W19/><G117/><N who="2" m="44553" /><F128/><W113/><G113/><T132/><D132/><U8/><E65/><V101/><F52/><W62/><G116/><T58/><D126/><U36/><E76/><V108/><F108/><W33/><G33/><T4/><D4/><U74/><E106/><V44/><F23/><W0/><G0/><T57/><D69/><U9/><E74/><V10/><F10/><W35/><G35/><T29/><D70/><U125/><E36/><N who="2" m="21511" /><F45/><W1/><G1/><T71/><D71/><U93/><E115/><V54/><F54/><W107/><G28/><T104/><D104/><U48/><E21/><V99/><F64/><W66/><G31/><T68/><D68/><U131/><E93/><V12/><F12/><W83/><G66/><T39/><D29/><U16/><E16/><N who="3" m="6218" /><G107/><T82/><D94/><U85/><E7/><V122/><F122/><W27/><G97/><N who="0" m="57503" /><D77/><U42/><E5/><V109/><F109/><W37/><G37/><T88/><D39/><U111/><E111/><V133/><F61/><N who="3" m="23659" /><G20/><T53/><D57/><N who="1" m="32999" /><E131/><V103/><F103/><W134/><G134/><AGARI ba="0,0" hai="13,14,15,95,99,101,133,134" m="21511,44553" machi="134" ten="40,5200,0" yaku="12,1,52,2" doraHai="130" who="2" fromWho="3" sc="250,0,250,0,250,52,250,-52" /><INIT seed="1,0,0,2,5,20" ten="250,250,302,198" oya="1" hai0="91,113,25,84,52,78,107,28,42,131,123,65,117" hai1="8,9,105,47,73,31,77,35,61,16,101,19,1" hai2="103,27,15,14,104,38,59,90,99,39,29,24,129" hai3="21,80,49,69,97,6,48,133,54,0,3,128,64"/><U32/><E47/><V83/><F129/><W12/><G128/><T60/><D131/><U57/><E73/><V126/><F126/><W44/><G133/><T71/><D113/><U132/><E77/><V135/><F135/><W36/><G36/><T120/><D117/><U23/><E132/><V98/><F59/><W75/><G97/><T82/><D107/><U22/><E101/><V102/><F39/><W4/><G69/><T51/><D42/><U58/><E61/><V70/><F38/><W62/><G64/><T33/><REACH who="0" step="1"/><D78/><REACH who="0" ten="240,250,302,198" step="2"/><U18/><E105/><V67/><F104/><W127/><G127/><T93/><D93/><U95/><E95/><V37/><F37/><W110/><G80/><T109/><D109/><U94/><E94/><V106/><F106/><W41/><G110/><T34/><D34/><U119/><E119/><V116/><F116/><W130/><G130/><T17/><D17/><U5/><E58/><AGARI ba="0,1" hai="25,28,33,51,52,58,60,65,71,82,84,91,120,123" machi="58" ten="40,8000,1" yaku="1,1,52,1,54,1,53,1" doraHai="20" doraHaiUra="50" who="0" fromWho="1" sc="240,90,250,-80,302,0,198,0" /><INIT seed="2,0,0,1,3,28" ten="330,170,302,198" oya="2" hai0="75,120,21,114,85,60,135,132,2,40,73,50,86" hai1="15,109,54,76,48,7,56,83,115,125,43,104,39" hai2="31,44,97,17,107,63,91,59,64,19,4,62,33" hai3="6,84,105,68,106,94,42,65,74,46,37,49,18"/><V95/><F4/><W81/><G94/><T32/><D32/><U58/><E115/><V102/><F44/><W88/><G74/><T72/><D114/><U53/><E109/><V123/><F123/><W99/><G99/><T119/><D120/><U14/><E125/><V8/><F8/><W128/><G128/><T20/><D2/><U24/><E104/><V45/><F45/><W29/><G6/><T9/><D9/><U112/><E112/><V78/><F78/><W111/><G111/><T96/><D119/><U3/><E24/><V69/><F31/><W5/><G5/><T103/><D60/><U110/><E110/><V122/><F33/><W23/><G29/><T116/><D50/><U89/><E89/><V11/><F11/><W66/><G37/><T30/><D40/><U98/><E98/><V34/><F34/><W127/><G127/><T35/><D35/><U113/><E113/><V70/><F122/><W55/><G42/><T51/><D51/><U108/><E108/><V87/><REACH who="2" step="1"/><F70/><REACH who="2" ten="330,170,292,198" step="2"/><W79/><G68/><T71/><D71/><U117/><E117/><V38/><F38/><W92/><G106/><N who="0" m="63847" /><D116/><U130/><E130/><V10/><F10/><W36/><G105/><T133/><D30/><U25/><E39/><V129/><F129/><W13/><G36/><T22/><AGARI ba="0,1" hai="20,21,22,72,73,75,85,86,132,133,135" m="63847" machi="22" ten="50,6400,0" yaku="29,2,20,1" doraHai="28" who="0" fromWho="0" sc="330,74,170,-16,292,-32,198,-16" /><INIT seed="3,0,0,1,1,133" ten="404,154,260,182" oya="3" hai0="49,35,7,17,4,68,37,26,56,122,38,28,64" hai1="22,47,97,94,0,20,15,13,24,134,70,130,129" hai2="2,39,99,81,51,69,101,131,44,66,27,80,120" hai3="18,59,1,123,121,88,102,45,57,74,72,29,16"/><W50/><G1/><T92/><D122/><U75/><E70/><V119/><F120/><W55/><G102/><T52/><D17/><U115/><E75/><V79/><F51/><W48/><G29/><T34/><D34/><U3/><E47/><V54/><F54/><W30/><G30/><T89/><D68/><U132/><E94/><V116/><F27/><W106/><G55/><T9/><D64/><U113/><E97/><V110/><F81/><W36/><G45/><T63/><D49/><U12/><E12/><V31/><F31/><W85/><G85/><T46/><D46/><U87/><E87/><V95/><F110/><W65/><G65/><T19/><D19/><U107/><E107/><V82/><F131/><W25/><G25/><AGARI ba="0,0" hai="0,3,13,15,20,22,24,25,113,115,129,130,132,134" machi="25" ten="25,8000,1" yaku="22,2,34,3" doraHai="133" who="1" fromWho="3" sc="404,0,154,80,260,0,182,-80" owari="404,50.4,234,-16.6,260,6.0,102,-39.8" /></mjloggm>