<mjloggm ver="2.3"><GO type="225" lobby="0"/><UN n0="%E6%A1%9C%E8%8A%B1%E9%96%83%E3%80%85" n1="%E3%81%BF%E3%81%BF%E3%81%9A" n2="%6D%61%74%69%67%75%73%61" n3="%E3%83%97%E3%83%AC%E3%83%B4%E3%82%A1%E3%83%86%E3%82%A3" dan="16,16,17,16" rate="2109.57,2133.73,2240.78,2110.84" sx="M,M,M,F"/><TAIKYOKU oya="0"/><INIT seed="0,0,0,2,1,89" ten="250,250,250,250" oya="0" hai0="132,91,68,44,21,120,26,0,42,121,11,14,58" hai1="98,125,77,8,36,85,118,133,53,87,22,108,72" hai2="30,135,49,70,123,134,48,37,94,3,73,86,1" hai3="41,80,100,101,46,47,111,7,116,117,6,50,52"/><T29/><D68/><U45/><E118/><V28/><F86/><W78/><G111/><T112/><D112/><U119/><E22/><V4/><F4/><W122/><G122/><T83/><D132/><U62/><E53/><V19/><F19/><W103/><G117/><T104/><D104/><U126/><E62/><V34/><F37/><W63/><G116/><T2/><D58/><U65/><E8/><V76/><F76/><W5/><G63/><T55/><D55/><U75/><E65/><V64/><F73/><W27/><G27/><T54/><D54/><U33/><E33/><V43/><F43/><W102/><N who="3" m="25600" /><DORA hai="96" /><W32/><G32/><T10/><D10/><U127/><E108/><V71/><F34/><W15/><G15/><T97/><D0/><U35/><E35/><V38/><F38/><W24/><G24/><T128/><D2/><U57/><E36/><V39/><F39/><W25/><G25/><T12/><D12/><U18/><E133/><V20/><F20/><W9/><G9/><T113/><D113/><U16/><E127/><V110/><F64/><W130/><G130/><T81/><D128/><U129/><E129/><V17/><F110/><W23/><G23/><T131/><D131/><U92/><E126/><V79/><F70/><W59/><REACH who="3" step="1"/><G41/><REACH who="3" ten="250,250,250,240" step="2"/><T107/><D121/><U61/><E119/><V31/><F135/><W105/><G105/><T106/><D120/><U40/><E40/><V60/><F123/><W99/><G99/><T82/><D11/><U109/><E109/><V66/><F134/><W95/><G95/><N who="0" m="56575" /><D14/><U93/><E125/><RYUUKYOKU ba="0,1" sc="250,15,250,-15,250,-15,240,15" hai0="21,26,29,42,44,81,82,83,106,107" hai3="5,6,7,46,47,50,52,59,78,80" /><INIT seed="0,1,1,4,1,28" ten="265,235,235,255" oya="0" hai0="85,25,5,116,39,83,100,123,72,133,22,4,96" hai1="43,82,58,93,35,84,52,63,130,106,45,13,19" hai2="26,32,105,120,128,24,125,44,135,38,75,126,124" hai3="34,40,101,46,69,11,79,8,61,81,29,50,2"/><T92/><D116/><U1/><E130/><V7/><F120/><W91/><G2/><T66/><D123/><U132/><E132/><V0/><F105/><W33/><G29/><T97/><D133/><U37/><E106/><V16/><F135/><W98/><G91/><T102/><D72/><U109/><E109/><V114/><F114/><W119/><G119/><T56/><D39/><U68/><E1/><V53/><F75/><W122/><G122/><T121/><D121/><U3/><E3/><V51/><F128/><W117/><G117/><T131/><D131/><U17/><E93/><V76/><F76/><W71/><G8/><T103/><D56/><U14/><E35/><V111/><F111/><W134/><G11/><T90/><D66/><U89/><REACH who="1" step="1"/><E68/><REACH who="1" ten="265,225,235,255" step="2"/><V95/><F95/><W115/><G134/><T23/><D97/><U80/><E80/><V78/><F32/><W70/><G115/><T65/><D96/><U118/><E118/><V57/><F125/><W62/><G33/><T127/><D92/><U112/><E112/><V104/><F104/><W74/><G34/><T21/><D127/><U88/><E88/><V42/><F126/><W30/><REACH who="3" step="1"/><G30/><REACH who="3" ten="265,225,235,245" step="2"/><T10/><D90/><U87/><E87/><V31/><F31/><W64/><G64/><T49/><D65/><U67/><E67/><V6/><F124/><W48/><G48/><T18/><D49/><U73/><E73/><V9/><F0/><W86/><G86/><T41/><D85/><U113/><E113/><V108/><F51/><W36/><G36/><T94/><D102/><U60/><E60/><RYUUKYOKU ba="1,3" sc="265,-15,225,15,235,-15,245,15" hai1="13,14,17,19,37,43,45,52,58,63,82,84,89" hai3="40,46,50,61,62,69,70,71,74,79,81,98,101" /><INIT seed="1,2,3,5,2,12" ten="250,240,220,260" oya="1" hai0="6,62,100,1,35,125,21,93,86,64,48,117,17" hai1="123,39,113,29,8,92,111,99,13,71,135,133,51" hai2="115,110,57,44,70,107,98,30,9,128,11,91,7" hai3="47,118,54,53,101,24,112,126,63,2,105,52,75"/><U19/><E113/><V134/><F70/><W88/><G112/><T87/><D117/><U77/><E123/><V23/><F115/><W32/><G118/><T0/><D35/><U80/><E39/><V27/><F110/><W26/><G2/><T46/><D125/><U124/><E124/><V84/><F134/><N who="1" m="51209" /><E111/><V36/><F128/><W18/><G126/><T67/><D6/><U25/><E51/><V72/><F72/><W127/><G75/><T81/><D0/><U28/><E25/><V66/><F98/><W33/><G127/><T16/><D1/><U38/><E38/><V50/><F107/><W78/><G78/><N who="0" m="46391" /><D21/><U60/><E60/><N who="2" m="38159" /><F7/><W108/><G108/><T122/><D122/><U37/><E37/><V106/><F106/><W96/><G63/><T132/><D132/><U104/><E104/><V22/><F22/><N who="3" m="13399" /><G33/><T73/><D73/><N who="1" m="43055" /><E71/><V31/><F31/><W102/><G105/><T74/><D74/><U119/><E119/><V56/><F56/><W14/><G32/><T43/><D62/><U10/><E8/><V94/><F36/><W49/><G26/><T83/><D67/><U95/><E95/><V109/><F109/><W4/><G4/><T40/><D64/><U59/><E59/><V3/><F3/><W34/><G34/><T45/><D45/><U89/><AGARI ba="2,3" hai="10,13,19,28,29,89,92,99" m="43055,51209" machi="89" ten="30,3000,0" yaku="20,1,52,1" doraHai="12" who="1" fromWho="1" sc="250,-12,240,66,220,-12,260,-12" /><INIT seed="1,3,0,4,3,119" ten="238,306,208,248" oya="1" hai0="32,37,65,27,116,14,76,11,20,130,18,95,15" hai1="54,122,133,64,8,2,12,7,125,33,42,80,51" hai2="129,115,78,96,1,0,100,55,43,75,40,105,114" hai3="128,94,97,102,132,57,131,91,86,9,72,38,112"/><U85/><E133/><V30/><F30/><W70/><G38/><T34/><D116/><U68/><E125/><V4/><F55/><W82/><G70/><T106/><D106/><U123/><E33/><V110/><F110/><W108/><G112/><N who="2" m="43049" /><F129/><N who="3" m="49739" /><G9/><T101/><D130/><U99/><E99/><V92/><F105/><N who="3" m="63695" /><G57/><T35/><D37/><U36/><E36/><V46/><F4/><W56/><G56/><T103/><D76/><N who="1" m="46215" /><E54/><V16/><F46/><W126/><G108/><T60/><D95/><U71/><E2/><N who="2" m="1131" /><F78/><N who="3" m="44359" /><G132/><T39/><D39/><U113/><E113/><V23/><F75/><W58/><G58/><T50/><D50/><U88/><E71/><V52/><F52/><W45/><G45/><T135/><D135/><U127/><E64/><V74/><F74/><W29/><G29/><T5/><D65/><U48/><E68/><V49/><F49/><W41/><G41/><T87/><D60/><U19/><E48/><V109/><F109/><W63/><G63/><T117/><D34/><U79/><E19/><V98/><F43/><W104/><G104/><T26/><D32/><U83/><E51/><V24/><F40/><W120/><G126/><T111/><D111/><U121/><E127/><V77/><F77/><W66/><G66/><T73/><D35/><U107/><E42/><V93/><F100/><N who="0" m="38474" /><D117/><U3/><E107/><V134/><F134/><W61/><G61/><T6/><D6/><U53/><E53/><V22/><F22/><W69/><G69/><T118/><D118/><U89/><E3/><V21/><F21/><W84/><G84/><T25/><D87/><RYUUKYOKU ba="3,0" sc="238,0,306,0,208,0,248,0" hai0="5,11,14,15,18,20,25,26,27,73" hai1="7,8,12,79,83,88,89,121,122,123" hai2="16,23,24,92,93,96,98" hai3="86,91,94,120" /><INIT seed="1,4,0,3,4,92" ten="238,306,208,248" oya="1" hai0="78,6,2,111,22,27,102,108,86,55,116,106,48" hai1="59,69,113,20,94,68,38,134,128,125,18,10,43" hai2="32,123,74,4,79,21,36,131,87,98,39,130,14" hai3="112,65,13,56,57,91,26,107,103,81,76,15,88"/><U72/><E113/><V41/><F32/><W100/><G112/><T110/><D116/><U51/><E72/><V77/><F74/><W16/><G26/><T124/><D124/><U89/><E125/><V109/><F123/><W3/><G3/><T67/><D67/><U53/><E134/><V8/><F109/><W24/><G24/><T5/><D2/><U90/><E128/><N who="2" m="49195" /><F87/><N who="3" m="48551" /><G13/><T7/><D86/><U44/><E10/><V120/><F120/><W49/><G107/><T122/><D78/><N who="2" m="29706" /><F41/><W132/><G132/><T31/><D122/><U46/><E90/><N who="3" m="34346" /><G65/><T105/><REACH who="0" step="1"/><D102/><REACH who="0" ten="228,306,208,248" step="2"/><N who="3" m="38953" /><G49/><T64/><D64/><U47/><E69/><V129/><F129/><W35/><G35/><T40/><D40/><U54/><E68/><V42/><F42/><W133/><G133/><T84/><D84/><N who="1" m="52519" /><E54/><V117/><F36/><W93/><G93/><T83/><D83/><U60/><E38/><V115/><F39/><W71/><G71/><T135/><D135/><U126/><E126/><V0/><F115/><W58/><G58/><AGARI ba="4,1" hai="5,6,7,22,27,31,48,55,58,105,106,108,110,111" machi="58" ten="50,3200,0" yaku="1,1,14,1,53,0" doraHai="92" doraHaiUra="118" who="0" fromWho="3" sc="228,54,306,0,208,0,248,-44" /><INIT seed="2,0,0,0,2,39" ten="282,306,208,204" oya="2" hai0="55,64,57,10,62,116,47,66,89,56,96,70,5" hai1="23,71,18,68,128,30,119,125,123,53,121,94,115" hai2="98,8,110,100,26,49,99,101,4,130,84,37,107" hai3="41,7,61,19,132,124,50,112,111,81,58,105,114"/><V16/><F37/><W122/><G105/><T134/><D134/><U29/><E115/><N who="3" m="44074" /><G7/><T83/><D116/><U1/><E119/><V12/><F130/><W59/><G19/><T131/><D131/><U52/><E128/><V63/><F110/><W118/><G118/><T90/><D70/><N who="1" m="26667" /><E1/><V126/><F126/><W106/><G106/><T45/><D96/><U14/><E94/><V77/><F63/><W86/><G124/><T20/><D20/><U17/><E125/><V79/><F84/><W97/><G97/><T78/><D89/><U38/><E38/><V46/><F26/><W35/><G35/><T44/><D90/><U43/><E43/><V15/><F99/><W21/><G21/><T33/><D33/><U13/><E30/><V103/><F98/><W92/><G92/><T3/><REACH who="0" step="1"/><D56/><REACH who="0" ten="272,306,208,204" step="2"/><U2/><E29/><V109/><F107/><W87/><G132/><T82/><D82/><U69/><E69/><V73/><F109/><W22/><G111/><T27/><D27/><U36/><E123/><V93/><F93/><W42/><G22/><T91/><D91/><U117/><E23/><N who="2" m="11655" /><F73/><AGARI ba="0,1" hai="3,5,10,44,45,47,55,57,62,64,66,73,78,83" machi="73" ten="40,1300,0" yaku="1,1,53,0" doraHai="39" doraHaiUra="65" who="0" fromWho="2" sc="272,23,306,0,208,-13,204,0" /><INIT seed="3,0,0,1,1,89" ten="295,306,195,204" oya="3" hai0="13,71,6,79,82,57,116,69,83,108,48,61,49" hai1="4,15,24,28,37,58,133,113,72,56,120,87,10" hai2="17,26,60,32,90,76,65,59,21,67,62,55,88" hai3="91,14,129,2,121,112,94,35,34,20,54,107,96"/><W103/><G112/><T68/><D116/><U110/><E113/><V45/><F32/><W128/><G121/><T109/><D6/><U1/><E72/><V105/><F105/><W47/><G2/><T131/><D13/><U135/><E37/><V43/><F76/><W81/><G81/><N who="0" m="30731" /><D131/><N who="3" m="50249" /><G47/><T46/><D46/><U64/><E110/><N who="0" m="42601" /><D79/><U8/><E87/><V114/><F114/><W19/><G54/><AGARI ba="0,0" hai="48,49,54,57,61,68,69,71" m="42601,30731" machi="54" ten="40,1300,0" yaku="14,1" doraHai="89" who="0" fromWho="3" sc="295,13,306,0,195,0,204,-13" owari="308,40.8,306,10.6,195,-20.5,191,-30.9" /></mjloggm>