<mjloggm ver="2.3"><GO type="225" lobby="0"/><UN n0="%E4%BA%BA%E9%96%93%E3%83%81%E3%83%A3%E3%83%BC%E3%83%8F%E3%83%B3" n1="%E3%81%B2%E3%81%AA%E3%81%AE%E3%82%8A%E3%81%8F" n2="%E3%81%AA%E3%82%81%E3%81%93%E9%9B%80%E5%A3%AB" n3="%6D%61%74%69%67%75%73%61" dan="16,17,16,17" rate="2093.73,2187.95,2068.01,2167.00" sx="M,M,M,M"/><TAIKYOKU oya="0"/><INIT seed="0,0,0,3,5,42" ten="250,250,250,250" oya="0" hai0="117,86,115,7,22,113,58,64,95,78,120,59,8" hai1="68,12,106,100,102,26,118,130,126,108,21,79,129" hai2="20,101,63,35,25,62,47,61,73,60,93,133,104" hai3="87,10,76,48,9,36,32,111,121,50,119,38,124"/><T57/><D117/><U94/><E118/><V1/><F73/><W29/><G32/><T105/><D105/><U4/><E68/><V34/><F1/><W28/><G87/><T84/><D120/><U112/><E106/><V123/><F104/><W27/><G27/><T99/><D64/><U37/><E79/><V23/><F133/><W69/><G76/><T31/><D113/><U41/><E112/><V71/><F23/><W11/><G69/><T98/><D115/><U85/><E108/><V30/><F123/><W83/><G83/><T107/><D107/><U0/><E0/><V66/><F47/><W75/><G124/><T114/><D114/><U51/><E37/><V122/><F122/><W55/><G9/><T135/><D135/><U74/><E74/><V54/><F54/><W125/><G55/><T109/><D109/><U33/><E33/><V89/><REACH who="2" step="1"/><F101/><REACH who="2" ten="250,250,240,250" step="2"/><W6/><G75/><T49/><D78/><U52/><E102/><V96/><AGARI ba="0,1" hai="20,25,30,34,35,60,61,62,63,66,71,89,93,96" machi="96" ten="30,4000,0" yaku="1,1,2,1,0,1,53,0" doraHai="42" doraHaiUra="44" who="2" fromWho="2" sc="250,-20,250,-10,240,50,250,-10" /><INIT seed="1,0,0,2,2,89" ten="230,240,290,240" oya="1" hai0="76,97,18,44,3,56,121,8,64,43,83,10,67" hai1="110,24,57,0,85,21,49,27,102,72,107,82,135" hai2="26,40,84,81,93,128,36,117,51,9,132,32,53" hai3="105,30,126,28,91,113,125,127,112,75,94,13,66"/><U38/><E38/><V68/><F68/><W12/><G105/><T106/><D121/><U133/><E0/><V11/><F117/><W4/><G75/><T130/><D130/><U5/><E5/><V73/><F73/><W58/><G66/><T78/><D18/><U22/><E72/><V23/><F32/><W19/><G58/><T114/><D114/><N who="3" m="44137" /><G4/><N who="0" m="1055" /><D10/><U103/><E110/><V86/><F132/><N who="1" m="50761" /><E107/><V119/><F119/><W131/><G131/><T39/><D56/><U41/><E22/><V2/><F36/><W108/><G108/><T52/><D52/><N who="1" m="31887" /><E41/><V77/><F40/><W62/><G62/><T124/><D124/><U70/><E70/><V35/><F35/><W54/><G54/><T42/><D43/><U96/><E96/><V122/><F2/><W79/><G127/><T14/><D97/><U129/><E129/><V95/><F122/><W90/><G126/><T15/><D106/><U16/><E27/><V45/><F86/><W48/><G125/><T100/><D100/><U61/><E61/><V104/><F104/><W20/><G13/><N who="0" m="4619" /><D78/><AGARI ba="0,0" hai="16,21,24,78,82,85,102,103" m="31887,50761" machi="78" ten="30,5800,0" yaku="20,1,54,2" doraHai="89" who="1" fromWho="0" sc="230,-58,240,58,290,0,240,0" /><INIT seed="1,1,0,4,4,71" ten="172,298,290,240" oya="1" hai0="46,63,103,26,29,96,50,7,6,48,49,124,8" hai1="110,3,134,104,42,66,10,18,53,12,14,19,33" hai2="79,64,112,130,115,2,45,30,98,31,0,56,127" hai3="82,88,76,85,36,86,119,94,55,89,24,39,68"/><U111/><E33/><V62/><F130/><W22/><G68/><T38/><D124/><U118/><E118/><V16/><F127/><W97/><G55/><T5/><D63/><U92/><E104/><V81/><F2/><W78/><G119/><T41/><D8/><U65/><E3/><V122/><F0/><W133/><G133/><T72/><D72/><U101/><E134/><V77/><F122/><W44/><G44/><T106/><REACH who="0" step="1"/><D6/><REACH who="0" ten="162,298,290,240" step="2"/><U15/><E10/><V27/><F62/><W126/><G126/><T25/><D25/><U52/><E111/><V114/><F27/><W28/><REACH who="3" step="1"/><G78/><REACH who="3" ten="162,298,290,230" step="2"/><T100/><D100/><U32/><E101/><V113/><F79/><W4/><G4/><T34/><AGARI ba="1,2" hai="5,7,26,29,34,38,41,46,48,49,50,96,103,106" machi="34" ten="30,4000,0" yaku="1,1,0,1,52,1,53,0" doraHai="71" doraHaiUra="58" who="0" fromWho="0" sc="162,63,298,-21,290,-11,230,-11" /><INIT seed="2,0,0,3,1,10" ten="225,277,279,219" oya="2" hai0="3,95,24,84,2,22,70,133,132,110,56,9,104" hai1="54,52,27,103,59,90,68,5,99,67,86,100,69" hai2="82,32,120,39,30,60,128,31,66,53,21,106,102" hai3="92,26,73,105,96,55,78,35,20,8,112,72,29"/><V93/><F120/><W76/><G105/><T45/><D70/><U71/><E67/><V51/><F39/><W134/><G134/><N who="0" m="51819" /><D104/><U88/><E5/><V14/><F32/><W109/><G109/><T7/><D110/><U122/><E122/><V13/><F82/><W18/><G112/><T16/><D56/><U127/><E127/><V81/><F81/><W41/><G41/><T23/><D45/><U6/><E6/><V117/><F128/><W62/><G72/><T79/><D23/><U129/><E129/><V91/><F102/><W47/><G73/><T116/><D116/><U77/><E77/><V101/><F101/><W44/><G44/><T114/><D114/><U115/><E115/><V125/><F106/><W36/><G36/><T131/><D131/><U1/><E1/><V108/><F125/><W46/><G46/><T80/><D95/><U17/><E100/><V107/><F107/><W43/><G43/><T19/><D19/><U63/><E54/><V37/><F37/><W49/><G62/><T135/><N who="0" m="51827" /><T89/><DORA hai="38" /><D79/><U119/><E119/><V11/><F60/><W75/><G75/><T118/><D118/><U121/><E121/><V74/><F74/><W111/><G111/><T87/><D87/><U65/><E86/><N who="2" m="52471" /><F66/><W126/><G126/><T85/><D85/><U123/><E65/><V28/><F117/><W124/><G124/><T83/><D83/><U40/><E123/><V0/><F108/><W25/><G78/><T113/><D113/><U4/><E71/><V58/><F21/><W33/><G76/><T50/><D50/><RYUUKYOKU ba="0,0" sc="225,15,277,-15,279,15,219,-15" hai0="2,3,7,9,16,22,24,80,84,89" hai2="0,11,13,14,28,30,31,51,53,58" /><INIT seed="2,1,0,4,3,66" ten="240,262,294,204" oya="2" hai0="81,111,1,102,33,114,70,68,121,134,54,2,131" hai1="130,16,21,77,55,107,25,110,6,14,48,113,132" hai2="65,20,39,59,72,91,23,46,92,26,8,98,40" hai3="30,85,60,19,76,52,97,124,13,35,96,93,106"/><V44/><F72/><W42/><G42/><T47/><D121/><U56/><E113/><V75/><F75/><W15/><G124/><T27/><D114/><U95/><E107/><V84/><F46/><W69/><G106/><T120/><D120/><U129/><E110/><V11/><F23/><W67/><G35/><T79/><D102/><U10/><E77/><V90/><F65/><W82/><G30/><N who="0" m="19679" /><D54/><U105/><E105/><V41/><F59/><W89/><G13/><T133/><D47/><U9/><E132/><N who="0" m="50793" /><D131/><N who="1" m="50187" /><E95/><V71/><F41/><W109/><G109/><T101/><D101/><U28/><E10/><V86/><F98/><W104/><G104/><T58/><D58/><U135/><E135/><V108/><F71/><N who="0" m="27178" /><D111/><U112/><E112/><V24/><F108/><W73/><REACH who="3" step="1"/><G52/><REACH who="3" ten="240,262,294,194" step="2"/><T29/><D29/><AGARI ba="1,1" hai="6,9,14,16,21,25,28,29,48,55,56" m="50187" machi="29" ten="30,2000,0" yaku="19,1,54,1" doraHai="66" who="1" fromWho="0" sc="240,-23,262,33,294,0,194,0" /><INIT seed="3,0,0,2,3,42" ten="217,295,294,194" oya="3" hai0="31,4,100,133,114,6,121,22,51,85,75,49,30" hai1="104,68,48,101,7,13,134,118,78,105,21,113,15" hai2="12,127,60,8,109,11,91,97,84,32,124,106,18" hai3="1,72,33,120,65,112,23,96,53,73,102,90,19"/><W115/><G33/><T52/><D75/><U24/><E113/><V89/><F32/><W111/><G1/><T54/><D121/><U119/><E68/><V2/><F109/><W88/><G65/><T81/><D114/><N who="3" m="43561" /><G53/><N who="0" m="20587" /><D100/><U69/><E69/><V110/><F110/><W55/><G55/><T83/><D133/><U46/><E134/><V123/><F60/><W10/><G10/><T86/><D86/><U82/><E101/><N who="2" m="62767" /><F84/><W74/><G19/><T129/><D129/><U92/><E92/><V130/><F130/><W47/><G47/><T122/><D122/><U61/><E61/><V5/><F123/><W107/><G23/><T28/><D22/><U117/><E105/><V16/><F18/><W3/><G3/><T44/><D85/><N who="1" m="48343" /><E104/><V56/><F56/><W128/><G120/><T94/><D94/><U17/><E7/><N who="0" m="2601" /><D44/><U0/><E0/><V63/><F63/><W20/><G20/><T39/><D39/><U98/><E98/><V99/><F99/><N who="3" m="61919" /><G128/><T37/><D37/><U14/><E24/><V132/><F132/><W126/><G111/><T116/><D116/><U59/><E59/><V131/><F131/><W80/><G80/><AGARI ba="0,0" hai="28,30,31,49,51,80,81,83" m="2601,20587" machi="80" ten="30,7700,0" yaku="28,2,8,1,54,1" doraHai="42" who="0" fromWho="3" sc="217,77,295,0,294,0,194,-77" /><INIT seed="4,0,0,3,4,21" ten="294,295,294,117" oya="0" hai0="122,19,77,53,30,38,47,71,59,133,115,110,79" hai1="9,56,96,57,99,60,23,17,10,36,29,40,1" hai2="75,104,55,63,6,121,44,25,64,2,16,32,132" hai3="125,130,88,98,134,84,108,34,81,119,72,97,13"/><T105/><D122/><U101/><E29/><N who="2" m="19503" /><F121/><W100/><G34/><T24/><D105/><U67/><E36/><V51/><F75/><W85/><G13/><T37/><D71/><U92/><E40/><V50/><F55/><W12/><G12/><T66/><D66/><U103/><E57/><V15/><F44/><W70/><G70/><T102/><D102/><U35/><E35/><V87/><F87/><W22/><G22/><N who="0" m="15639" /><D115/><U54/><E54/><V128/><F128/><W120/><G120/><T124/><D124/><U112/><E1/><V93/><F93/><W31/><G31/><T106/><D106/><U4/><E4/><V90/><F90/><W94/><G130/><T74/><D133/><U114/><E114/><V8/><F104/><N who="3" m="63503" /><G125/><T76/><D110/><U126/><E126/><V65/><F132/><W39/><G39/><T89/><D74/><U123/><E123/><V129/><F129/><W131/><G134/><T109/><D109/><U5/><E5/><V7/><F6/><W135/><G135/><T127/><D127/><U45/><E112/><V42/><F42/><W113/><G113/><T118/><D118/><U111/><E111/><V26/><F65/><W3/><G3/><T18/><D18/><U49/><E99/><V11/><F26/><W95/><G108/><T58/><D19/><U62/><E103/><V0/><F0/><W86/><G131/><T61/><D59/><U78/><E56/><V69/><F2/><W116/><G95/><T46/><D89/><U20/><E92/><V91/><F91/><W117/><G72/><T82/><D82/><AGARI ba="0,0" hai="81,82,84,85,86,88,94,98,116,117,119" m="63503" machi="82" ten="40,8000,1" yaku="6,1,34,2,54,1" doraHai="21" who="3" fromWho="0" sc="294,-80,295,0,294,0,117,80" /><INIT seed="5,0,0,4,4,79" ten="214,295,294,197" oya="1" hai0="95,78,89,35,5,39,87,64,83,111,96,116,106" hai1="41,122,69,135,7,61,129,113,99,3,25,131,130" hai2="52,82,24,38,125,66,37,32,110,59,133,16,84" hai3="0,26,118,134,51,76,114,103,97,109,115,60,4"/><U80/><E113/><N who="3" m="43018" /><G109/><T22/><D35/><U102/><E122/><V127/><F110/><W46/><G134/><T42/><D111/><U105/><E135/><V11/><F66/><W23/><G60/><T117/><D64/><N who="1" m="41103" /><E41/><V70/><F70/><W30/><G118/><N who="0" m="45675" /><D5/><U132/><E132/><V54/><F133/><W100/><G76/><T50/><D22/><U62/><E62/><N who="2" m="36199" /><F54/><N who="3" m="30071" /><G97/><T33/><D96/><U29/><E80/><V13/><F32/><W34/><G34/><T9/><D33/><N who="1" m="20655" /><E7/><V107/><F24/><W21/><G23/><T123/><D123/><U124/><E124/><N who="2" m="47691" /><F107/><W90/><G90/><AGARI ba="0,0" hai="11,13,16,37,38,82,84,90" m="47691,36199" machi="90" ten="30,7700,0" yaku="18,1,52,1,54,2" doraHai="79" who="2" fromWho="3" sc="214,0,295,0,294,77,197,-77" owari="214,-18.6,295,9.5,371,47.1,120,-38.0" /></mjloggm>