<mjloggm ver="2.3"><GO type="225" lobby="0"/><UN n0="%E5%A4%9C%E3%81%AE%E3%82%AC%E3%82%B9%E3%83%91%E3%83%BC%E3%83%AB" n1="%E6%81%A5%E6%99%92%E3%81%97" n2="%E3%82%B2%E3%82%B9%E8%8C%82%E5%8B%9D" n3="%E3%81%8B%E3%82%8F%E3%81%A1%E3%82%83%E3%82%93%35%38" dan="17,16,16,17" rate="2197.87,2112.77,2099.66,2210.87" sx="M,M,F,M"/><TAIKYOKU oya="0"/><INIT seed="0,0,0,4,5,85" ten="250,250,250,250" oya="0" hai0="72,18,27,83,31,47,101,110,113,2,91,32,20" hai1="99,66,80,93,114,76,37,50,16,39,92,77,120" hai2="73,89,61,105,84,75,129,56,111,33,28,52,124" hai3="9,57,36,128,122,63,21,115,102,116,54,48,117"/><T59/><D113/><U109/><E120/><V107/><F111/><W40/><G115/><T100/><D110/><U17/><E114/><V97/><F124/><W98/><G122/><T41/><D2/><U64/><E109/><V10/><F129/><W62/><G128/><T26/><D59/><U11/><E50/><V82/><F10/><W22/><G36/><T94/><D83/><U23/><E11/><V79/><F97/><W46/><G62/><T51/><REACH who="0" step="1"/><D72/><REACH who="0" ten="240,250,250,250" step="2"/><U3/><E80/><V87/><F73/><W131/><G131/><T4/><D4/><U55/><E3/><V53/><F75/><W13/><G117/><T29/><D29/><U6/><E6/><V0/><F0/><W70/><G116/><T60/><D60/><U14/><E17/><V30/><F28/><W15/><G70/><T119/><D119/><U69/><E69/><V34/><F30/><W81/><G81/><T58/><D58/><U86/><E16/><V88/><F82/><W67/><G67/><T42/><D42/><U132/><E64/><V5/><F56/><W7/><REACH who="3" step="1"/><G15/><REACH who="3" ten="240,250,250,240" step="2"/><T134/><D134/><U130/><E14/><V126/><F126/><W121/><G121/><T12/><D12/><U133/><E66/><V35/><F35/><W96/><G96/><AGARI ba="0,2" hai="18,20,26,27,31,32,41,47,51,91,94,96,100,101" machi="96" ten="30,5800,0" yaku="1,1,7,1,52,1,53,0" doraHai="85" doraHaiUra="1" who="0" fromWho="3" sc="240,78,250,0,250,0,240,-58" /><INIT seed="0,1,0,0,3,90" ten="318,250,250,182" oya="0" hai0="131,33,69,107,20,51,110,66,93,19,35,44,12" hai1="24,47,54,83,38,134,11,76,72,46,77,18,116" hai2="96,61,53,86,98,114,129,102,75,0,106,105,133" hai3="97,30,7,31,79,126,109,27,119,42,78,115,65"/><T122/><D122/><U56/><E116/><V17/><F0/><W4/><G115/><T58/><D107/><U1/><E134/><V8/><F114/><W52/><G119/><T124/><D69/><U121/><E121/><V84/><F133/><W71/><G42/><T5/><D124/><U81/><E24/><V67/><F129/><W111/><G126/><T63/><D131/><U85/><E38/><V127/><F127/><W16/><G71/><T92/><D110/><N who="3" m="41993" /><G65/><T49/><D5/><N who="3" m="2121" /><G97/><T32/><REACH who="0" step="1"/><D51/><REACH who="0" ten="308,250,250,182" step="2"/><U117/><E117/><V23/><F106/><W41/><G41/><AGARI ba="1,1" hai="12,19,20,32,33,35,41,44,49,58,63,66,92,93" machi="41" ten="40,12000,1" yaku="1,1,2,1,52,2,53,1" doraHai="90" doraHaiUra="10" who="0" fromWho="3" sc="308,133,250,0,250,0,182,-123" /><INIT seed="0,2,0,3,2,47" ten="441,250,250,59" oya="0" hai0="113,101,122,131,89,26,129,34,24,56,123,64,135" hai1="102,67,52,107,9,62,3,80,65,72,134,68,115" hai2="39,90,98,58,51,21,42,75,116,91,57,70,36" hai3="44,31,12,97,27,118,133,60,93,55,105,82,86"/><T6/><D113/><U25/><E134/><V74/><F21/><W103/><G133/><T73/><D135/><U117/><E117/><V128/><F98/><W63/><G118/><T59/><D73/><U112/><E67/><V54/><F116/><W10/><G105/><T87/><D101/><U66/><E66/><V85/><F128/><N who="0" m="49226" /><D6/><U76/><E102/><V2/><F2/><W61/><G27/><N who="0" m="10283" /><D34/><U18/><E107/><V28/><F28/><W125/><G31/><T106/><D106/><U43/><E43/><V50/><F42/><W35/><G35/><T4/><D4/><U14/><E25/><V33/><F33/><W23/><G23/><T45/><D45/><U38/><E3/><V121/><F85/><W37/><G125/><T41/><D41/><U71/><E71/><V114/><F54/><W104/><G104/><T8/><D8/><U53/><REACH who="1" step="1"/><E38/><REACH who="1" ten="441,240,250,59" step="2"/><V111/><F70/><W108/><G37/><T49/><D64/><U119/><E119/><V20/><F114/><AGARI ba="2,1" hai="9,14,18,52,53,62,65,68,72,76,80,112,114,115" machi="114" ten="40,8000,1" yaku="1,1,11,1,54,1,53,1" doraHai="47" doraHaiUra="78" who="1" fromWho="2" sc="441,0,240,96,250,-86,59,0" /><INIT seed="1,0,0,4,0,2" ten="441,336,164,59" oya="1" hai0="29,65,105,12,108,14,33,4,98,38,43,20,102" hai1="132,17,116,10,7,60,54,45,15,0,89,8,91" hai2="124,77,1,101,52,119,55,103,94,66,87,32,30" hai3="11,21,97,41,19,67,107,59,84,62,50,126,114"/><U63/><E116/><V130/><F119/><W118/><G126/><T57/><D33/><U95/><E132/><V109/><F124/><W27/><G114/><T100/><D108/><U72/><E72/><V18/><F109/><W90/><G118/><T13/><D4/><U16/><E17/><V117/><F117/><W112/><G112/><T58/><D102/><N who="2" m="38922" /><F1/><W79/><G107/><T22/><D65/><U5/><E91/><N who="2" m="53631" /><F32/><W75/><G75/><T78/><D78/><U37/><E7/><V128/><F30/><W48/><G41/><T99/><D29/><U51/><E37/><V134/><F134/><W133/><G133/><T47/><D98/><AGARI ba="0,0" hai="0,5,8,10,15,16,45,51,54,60,63,89,95,98" machi="98" ten="30,5800,0" yaku="7,1,52,1,54,1" doraHai="2" who="1" fromWho="0" sc="441,-58,336,58,164,0,59,0" /><INIT seed="1,1,0,2,3,54" ten="383,394,164,59" oya="1" hai0="95,48,97,42,19,14,58,67,51,79,119,57,90" hai1="106,130,40,13,88,29,82,17,108,25,65,64,73" hai2="7,112,8,76,10,86,96,36,6,49,3,104,12" hai3="122,0,81,60,93,5,38,52,68,2,30,124,117"/><U39/><E130/><V1/><F36/><W41/><G122/><T21/><D119/><U114/><E114/><V133/><F112/><W56/><G124/><T72/><D72/><U26/><E106/><V46/><F133/><W120/><G120/><T92/><D79/><U80/><E108/><V123/><F123/><W78/><G117/><T66/><D42/><U91/><E40/><V63/><F12/><W28/><G93/><T47/><D47/><U128/><E39/><V109/><F109/><W116/><G116/><T24/><D51/><U121/><E121/><V70/><F76/><W37/><G37/><T43/><D48/><U103/><E103/><V134/><F134/><W89/><G89/><N who="1" m="34378" /><E73/><V31/><F86/><W34/><G34/><T20/><D43/><U100/><E100/><V4/><F31/><W71/><G71/><T33/><D33/><U129/><E17/><V11/><F96/><W126/><G126/><T105/><D105/><U107/><E13/><V61/><F104/><W15/><G15/><T9/><D95/><U45/><E45/><V99/><F99/><W110/><G110/><T18/><D21/><N who="1" m="15535" /><E26/><V50/><F70/><W113/><G113/><T132/><D132/><U44/><E44/><V77/><F77/><W59/><G41/><T53/><D53/><U62/><E107/><V27/><F46/><W127/><G38/><T69/><D69/><N who="1" m="42135" /><E65/><AGARI ba="1,0" hai="9,14,18,19,20,24,57,58,65,66,67,90,92,97" machi="65" ten="40,5200,0" yaku="8,1,52,2" doraHai="54" who="0" fromWho="1" sc="383,55,394,-55,164,0,59,0" /><INIT seed="2,0,0,2,4,127" ten="438,339,164,59" oya="2" hai0="17,14,63,119,126,77,31,68,98,29,70,102,23" hai1="103,112,89,52,90,40,48,100,28,75,39,101,135" hai2="35,13,47,92,79,6,69,9,107,64,43,80,109" hai3="8,94,16,11,67,117,71,118,106,44,121,123,36"/><V46/><F107/><W20/><G94/><T85/><D126/><U24/><E112/><V91/><F35/><W86/><G86/><T83/><D119/><N who="3" m="45577" /><G44/><T56/><D70/><U124/><E124/><V72/><F109/><W59/><G59/><T66/><D68/><U45/><E135/><V7/><F7/><W33/><G67/><T58/><D56/><U132/><E132/><V95/><F95/><AGARI ba="0,0" hai="14,17,23,29,31,58,63,66,77,83,85,95,98,102" machi="95" ten="30,2000,0" yaku="7,1,8,1" doraHai="127" who="0" fromWho="2" sc="438,20,339,0,164,-20,59,0" /><INIT seed="3,0,0,0,5,32" ten="458,339,144,59" oya="3" hai0="124,68,122,92,27,41,23,46,24,115,17,65,77" hai1="73,91,30,7,2,134,135,29,18,58,60,99,54" hai2="85,90,105,22,82,19,67,28,53,129,69,79,89" hai3="13,106,126,76,36,5,50,117,104,125,48,11,51"/><W37/><G76/><T4/><D122/><U71/><E73/><V127/><F105/><W12/><G117/><T114/><D124/><U132/><E71/><V120/><F127/><N who="3" m="48651" /><G11/><T133/><D133/><U31/><E7/><V78/><F120/><W45/><G45/><T116/><D116/><U72/><E72/><V108/><F28/><W3/><G5/><T96/><D77/><U94/><REACH who="1" step="1"/><E18/><REACH who="1" ten="458,329,144,59" step="2"/><V38/><F19/><W42/><G42/><T70/><D4/><U15/><E15/><N who="3" m="5706" /><G3/><AGARI ba="0,1" hai="2,3,29,30,31,54,58,60,91,94,99,132,134,135" machi="3" ten="50,8000,1" yaku="1,1,20,1,52,2,53,0" doraHai="32" doraHaiUra="47" who="1" fromWho="3" sc="458,0,329,90,144,0,59,-80" owari="458,55.8,419,21.9,144,-25.6,-21,-52.1" /></mjloggm>