<mjloggm ver="2.3"><GO type="225" lobby="0"/><UN n0="%E6%B8%A9%E2%98%85%E6%83%85%E2%98%85%E6%8E%AA%E2%98%85%E7%BD%AE" n1="%28%EF%BF%A3%E2%96%BD%EF%BF%A3%29%CE%B4%E2%8C%92%E3%83%BB" n2="%E5%B7%9D%E7%80%AC%E6%99%BA%E5%AD%90" n3="%E5%8D%A0%E3%81%84%E5%B8%AB%E8%A3%8F%E3%81%AA%E3%81%84%E3%81%97" dan="16,16,16,16" rate="2166.95,2152.03,2108.06,2105.12" sx="M,M,M,M"/><TAIKYOKU oya="0"/><INIT seed="0,0,0,3,4,82" ten="250,250,250,250" oya="0" hai0="63,4,135,58,94,86,118,60,31,11,44,57,116" hai1="38,23,70,64,51,2,123,48,3,101,9,85,53" hai2="16,109,27,131,13,40,10,125,115,87,52,14,78" hai3="113,112,73,132,56,127,117,46,100,93,124,72,91"/><T0/><D135/><U96/><E38/><V88/><F115/><N who="3" m="44107" /><G56/><T111/><D111/><U92/><E123/><V106/><F106/><W61/><G61/><T74/><D74/><N who="3" m="28777" /><G46/><T65/><D31/><U19/><E51/><V34/><F131/><W41/><G41/><T66/><REACH who="0" step="1"/><D44/><REACH who="0" ten="240,250,250,250" step="2"/><U21/><E70/><V102/><F109/><W17/><G132/><T18/><D18/><U122/><E19/><N who="2" m="8631" /><F34/><W39/><G17/><T105/><D105/><U67/><E122/><V129/><F129/><W55/><G39/><T22/><D22/><U15/><E23/><V59/><F27/><W26/><G26/><T133/><D133/><U126/><E21/><V5/><F125/><N who="3" m="48203" /><G117/><T45/><D45/><U103/><E126/><V7/><F40/><W8/><G8/><T97/><D97/><U50/><E96/><V119/><F119/><W80/><G55/><T49/><D49/><U6/><E50/><V90/><F5/><W128/><G128/><T62/><D62/><U68/><E6/><V28/><F7/><W89/><G80/><T37/><D37/><U32/><E48/><V83/><F28/><W76/><G76/><T77/><D77/><U108/><E9/><V107/><F52/><W130/><G130/><T1/><D1/><U84/><E3/><V29/><F29/><W134/><G134/><T71/><D71/><U24/><E68/><V98/><F59/><W47/><G47/><T79/><D79/><U12/><E2/><V33/><F33/><W25/><G25/><T95/><D95/><U81/><E92/><V20/><F78/><W110/><G110/><RYUUKYOKU ba="0,1" sc="240,10,250,-30,250,10,250,10" hai0="0,4,11,57,58,60,63,65,66,86,94,116,118" hai2="14,16,20,83,87,88,90,98,102,107" hai3="89,91,93,100" /><INIT seed="0,1,1,1,3,25" ten="250,220,260,260" oya="0" hai0="80,20,16,60,66,124,121,75,122,90,64,92,130" hai1="127,5,6,33,112,129,53,91,89,84,57,74,21" hai2="99,45,32,18,106,87,58,126,120,110,52,36,108" hai3="19,22,96,111,7,11,81,61,42,128,102,105,113"/><T55/><D130/><U54/><E33/><V114/><F120/><W28/><G113/><T117/><D117/><U39/><E74/><V67/><F114/><W77/><G128/><T125/><D55/><U78/><E39/><V118/><F32/><W41/><G111/><N who="2" m="42537" /><F126/><N who="0" m="48746" /><D80/><N who="1" m="47127" /><E112/><V70/><F118/><W73/><G61/><T40/><D40/><U44/><E129/><V88/><F70/><W14/><REACH who="3" step="1"/><G28/><REACH who="3" ten="250,220,260,250" step="2"/><T135/><D135/><U50/><E127/><V43/><F67/><N who="0" m="25642" /><D60/><N who="1" m="35887" /><E21/><V13/><F106/><W134/><G134/><T131/><D131/><U3/><E3/><AGARI ba="1,2" hai="3,7,11,14,19,22,41,42,73,77,81,96,102,105" machi="3" ten="30,3900,0" yaku="1,1,7,1,53,1" doraHai="25" doraHaiUra="10" who="3" fromWho="1" sc="250,0,220,-42,260,0,250,62" /><INIT seed="1,0,0,2,2,56" ten="250,178,260,312" oya="1" hai0="28,48,128,135,115,97,49,133,94,20,131,78,24" hai1="77,101,83,75,99,69,13,5,72,47,50,132,18" hai2="85,70,7,107,63,100,84,111,60,118,42,62,0" hai3="45,19,76,134,8,57,103,34,114,105,4,116,90"/><U109/><E69/><V82/><F118/><W10/><G114/><T108/><D78/><U112/><E112/><V22/><F70/><W113/><G34/><T121/><D115/><U93/><E132/><N who="0" m="50761" /><D108/><U41/><E109/><V1/><F111/><W68/><G68/><T54/><D121/><U12/><E12/><V29/><F42/><W80/><G90/><N who="0" m="55511" /><D54/><U117/><E117/><V33/><F33/><W43/><G134/><T71/><D71/><U15/><E15/><V127/><F7/><W59/><G4/><T53/><D49/><U126/><E126/><V46/><F46/><AGARI ba="0,0" hai="20,24,28,46,48,53,128,131" m="55511,50761" machi="46" ten="30,1000,0" yaku="20,1" doraHai="56" who="0" fromWho="2" sc="250,10,178,0,260,-10,312,0" /><INIT seed="2,0,0,0,0,41" ten="260,178,250,312" oya="2" hai0="73,60,116,34,113,103,75,31,117,111,27,69,26" hai1="125,42,55,3,1,81,39,86,5,16,87,11,22" hai2="112,77,118,37,101,85,131,10,110,51,99,97,100" hai3="50,67,119,32,92,13,63,40,126,43,134,4,54"/><V25/><F37/><W0/><G119/><N who="0" m="45643" /><D113/><U2/><E125/><V7/><F112/><W128/><G0/><T104/><D111/><U48/><E42/><V6/><F118/><W53/><G128/><T70/><D27/><U127/><E39/><V58/><F131/><W115/><G32/><T61/><D61/><U123/><E123/><V96/><F110/><W102/><G115/><T91/><D91/><U83/><E127/><V76/><F25/><W132/><G126/><T30/><D30/><U17/><E87/><V14/><F6/><W44/><G102/><N who="2" m="39529" /><F85/><W18/><G92/><T64/><D70/><U109/><E109/><V95/><F95/><W114/><G40/><T79/><D79/><U21/><E21/><V52/><AGARI ba="0,0" hai="7,10,14,51,52,58,76,77,96,97,99" m="39529" machi="52" ten="30,3000,0" yaku="8,1,54,1" doraHai="41" who="2" fromWho="2" sc="260,-10,178,-10,250,30,312,-10" /><INIT seed="2,1,0,2,2,77" ten="250,168,280,302" oya="2" hai0="87,60,2,55,6,34,20,79,135,4,71,52,59" hai1="64,22,104,103,80,10,48,123,114,78,62,130,85" hai2="84,116,1,99,26,110,117,102,107,7,118,42,29" hai3="125,18,113,24,100,90,21,127,108,121,37,74,14"/><V106/><F42/><W12/><G121/><T15/><D34/><U94/><E123/><V28/><F110/><W45/><G74/><T0/><D71/><U66/><E114/><V120/><F120/><W109/><G100/><T36/><D36/><U70/><E130/><V9/><F28/><W72/><G72/><T128/><D128/><U17/><E104/><V101/><F84/><W19/><G90/><T122/><D122/><U54/><E10/><V131/><F131/><W93/><G93/><T33/><D33/><U129/><E129/><V11/><F11/><N who="3" m="6431" /><G45/><T67/><D135/><U38/><E38/><V43/><F43/><W105/><G105/><T30/><D2/><U63/><E94/><V16/><F16/><N who="3" m="12327" /><G113/><T88/><D0/><U40/><E40/><V111/><F111/><N who="3" m="42571" /><G37/><T73/><D79/><U47/><E103/><V51/><F51/><W75/><G75/><T3/><D73/><U58/><E17/><V32/><F117/><W31/><G31/><T65/><D30/><U124/><REACH who="1" step="1"/><E22/><AGARI ba="1,0" hai="14,19,22,125,127" m="42571,12327,6431" machi="22" ten="30,7700,0" yaku="14,1,34,2,54,1" doraHai="77" who="3" fromWho="1" sc="250,0,168,-80,280,0,302,80" /><INIT seed="3,0,0,3,3,67" ten="250,88,280,382" oya="3" hai0="39,114,98,83,110,68,105,32,96,75,66,28,37" hai1="45,120,81,44,82,55,130,90,24,124,93,117,52" hai2="19,80,100,3,4,91,48,13,109,57,112,127,21" hai3="94,6,115,26,10,121,12,63,14,42,134,102,133"/><W87/><G115/><T41/><D98/><U118/><E93/><V33/><F112/><W103/><G42/><T107/><D114/><U119/><E24/><V15/><F33/><W1/><G121/><T59/><D59/><U76/><E120/><V70/><F70/><W122/><G122/><T47/><D39/><U17/><E17/><V29/><F29/><W61/><G26/><N who="0" m="18455" /><D110/><U129/><E90/><V95/><F3/><W11/><G1/><T51/><D51/><U101/><E101/><V97/><F109/><W27/><G27/><T132/><D132/><U71/><E76/><V74/><F127/><W50/><G50/><T62/><D96/><U128/><E124/><V88/><F74/><W23/><G23/><T73/><D83/><U9/><E9/><N who="2" m="4263" /><F80/><W72/><G72/><AGARI ba="0,0" hai="37,41,47,62,66,68,72,73,75,105,107" m="18455" machi="72" ten="30,3900,0" yaku="33,2,52,1" doraHai="67" who="0" fromWho="3" sc="250,39,88,0,280,0,382,-39" owari="289,8.9,88,-41.2,280,-12.0,343,44.3" /></mjloggm>