<mjloggm ver="2.3"><GO type="225" lobby="0"/><UN n0="%E3%82%82%E3%81%90%E3%82%89" n1="%E3%81%86%E3%81%A9%E3%82%93%E3%81%93" n2="%72%69%6F%75%63%68%61%6E" n3="%E3%81%88%E3%81%8C%E3%82%8F%E3%82%8A%E3%81%8A" dan="16,17,16,16" rate="2153.74,2146.03,2182.05,2103.23" sx="M,M,M,M"/><TAIKYOKU oya="0"/><INIT seed="0,0,0,1,1,8" ten="250,250,250,250" oya="0" hai0="109,99,106,1,118,44,40,57,111,124,93,71,88" hai1="34,100,7,30,76,10,53,19,0,52,134,94,45" hai2="123,65,107,112,48,36,128,91,119,25,121,83,79" hai3="82,3,62,59,101,86,97,131,80,92,15,69,12"/><T5/><D71/><U87/><E134/><V67/><F112/><W58/><G3/><T33/><D118/><U14/><E100/><V96/><F119/><W85/><G69/><T84/><D33/><U50/><E53/><V103/><F128/><W51/><G51/><T42/><D124/><U102/><E102/><V22/><F36/><W127/><G131/><T29/><D29/><U24/><E94/><V115/><F115/><W56/><G62/><T81/><D57/><U133/><E133/><V28/><F91/><N who="3" m="51623" /><G127/><T20/><D20/><N who="1" m="11383" /><E87/><V95/><F107/><W108/><G108/><N who="0" m="41547" /><D106/><U63/><E63/><V11/><F48/><W68/><G68/><T70/><D70/><U120/><E76/><AGARI ba="0,0" hai="12,15,56,58,59,76,82,86,92,97,101" m="51623" machi="76" ten="30,3900,0" yaku="8,1,52,2" doraHai="8" who="3" fromWho="1" sc="250,0,250,-39,250,0,250,39" /><INIT seed="1,0,0,5,1,116" ten="250,211,250,289" oya="1" hai0="64,134,17,103,51,57,13,83,54,15,99,123,16" hai1="95,130,61,128,90,43,55,67,9,93,85,125,2" hai2="10,32,122,46,56,104,77,84,70,114,52,124,102" hai3="18,109,121,106,69,132,4,105,11,87,53,111,62"/><U117/><E117/><V22/><F122/><W5/><G121/><T82/><D123/><U78/><E125/><V113/><F32/><W28/><G18/><T97/><D134/><U39/><E55/><V131/><F70/><W133/><G28/><T23/><D64/><U42/><E78/><V107/><F131/><N who="1" m="50217" /><E39/><V74/><F74/><W0/><G4/><T33/><D33/><U65/><E95/><V21/><F124/><W40/><G87/><T6/><D6/><N who="1" m="1239" /><E65/><V112/><F10/><W19/><G40/><T101/><D101/><U118/><E118/><V14/><F46/><W1/><G1/><T45/><D45/><U41/><E43/><V110/><F110/><N who="3" m="41995" /><G19/><T20/><REACH who="0" step="1"/><D99/><REACH who="0" ten="240,211,250,289" step="2"/><U58/><AGARI ba="0,1" hai="41,42,58,61,67,85,90,93" m="1239,50217" machi="58" ten="30,1500,0" yaku="19,1" doraHai="116" who="1" fromWho="1" sc="240,-5,211,25,250,-5,289,-5" /><INIT seed="1,1,0,2,1,62" ten="235,236,245,284" oya="1" hai0="50,72,44,91,79,49,108,2,135,98,7,133,129" hai1="60,116,42,20,37,13,52,53,55,40,59,25,12" hai2="6,48,67,100,78,57,80,120,71,17,93,130,14" hai3="16,69,131,112,45,18,29,107,51,105,128,94,132"/><U46/><E116/><V85/><F120/><W123/><G112/><T114/><D114/><U58/><E42/><V86/><F130/><N who="3" m="49707" /><G123/><T66/><D129/><U9/><E59/><V39/><F39/><W24/><G69/><T113/><D113/><U31/><REACH who="1" step="1"/><E13/><REACH who="1" ten="235,226,245,284" step="2"/><V89/><F57/><W8/><G132/><T11/><D135/><U33/><E33/><V22/><F71/><W75/><G45/><T0/><D133/><U81/><E81/><V77/><F80/><W97/><G107/><T73/><D44/><U38/><E38/><V119/><F119/><W88/><G105/><T47/><D47/><U36/><E36/><V103/><F14/><W3/><G51/><T96/><D49/><U124/><E124/><V117/><F48/><W41/><G41/><T64/><D50/><U92/><E92/><V19/><F117/><W104/><G104/><T122/><D122/><U70/><E70/><V95/><F95/><W111/><G94/><T56/><D56/><U127/><E127/><V83/><F93/><W32/><G32/><T87/><D0/><U61/><E61/><V90/><F83/><W43/><G3/><T99/><D2/><U84/><E84/><V63/><F63/><W54/><G43/><T121/><D121/><U82/><E82/><V125/><F125/><W102/><G102/><T68/><D87/><U74/><E74/><V5/><F22/><W10/><G75/><T4/><D73/><U30/><E30/><V65/><AGARI ba="1,1" hai="5,6,17,19,65,67,77,78,85,86,89,90,100,103" machi="65" ten="25,12000,2" yaku="0,1,22,2,8,1,52,2" doraHai="62" who="2" fromWho="2" sc="235,-31,226,-61,245,133,284,-31" /><INIT seed="2,0,0,0,0,13" ten="204,165,378,253" oya="2" hai0="78,59,96,76,127,101,48,87,104,22,53,73,118" hai1="34,112,131,129,16,102,42,58,67,72,79,39,49" hai2="86,69,108,81,51,63,111,83,74,120,107,5,62" hai3="128,100,68,7,106,92,17,126,85,36,35,90,61"/><V99/><F120/><W8/><G36/><T47/><D127/><U110/><E112/><V82/><F74/><W10/><G126/><T115/><D115/><U117/><E117/><V89/><F5/><W32/><G128/><N who="1" m="49226" /><E34/><V14/><F14/><W23/><G100/><T3/><D3/><U114/><E114/><V122/><F122/><W65/><G106/><T30/><D73/><U133/><E39/><V75/><F51/><W20/><G20/><T60/><D118/><U40/><E102/><N who="2" m="62943" /><F69/><W38/><G10/><T98/><D98/><U12/><E110/><N who="2" m="42027" /><F75/><W119/><G38/><T56/><D87/><U15/><E133/><V113/><F113/><W11/><G11/><T50/><D50/><U9/><E12/><V66/><F66/><W24/><G119/><T109/><D109/><U71/><E71/><V18/><F18/><W57/><G68/><T123/><D123/><U21/><E9/><V29/><F29/><W2/><AGARI ba="0,0" hai="2,7,8,17,23,24,32,35,57,61,65,85,90,92" machi="2" ten="20,2700,0" yaku="0,1,7,1,52,1" doraHai="13" who="3" fromWho="3" sc="204,-7,165,-7,378,-13,253,27" /><INIT seed="3,0,0,5,4,114" ten="197,158,365,280" oya="3" hai0="48,111,13,12,56,130,102,4,77,29,75,112,5" hai1="127,36,65,101,72,109,71,133,57,37,28,58,118" hai2="131,93,51,25,46,2,125,132,61,121,88,70,7" hai3="82,41,8,20,6,120,64,94,97,47,85,87,18"/><W90/><G120/><T45/><D75/><U16/><E109/><V42/><F121/><W134/><G134/><T62/><D111/><U123/><E123/><V100/><F100/><W129/><G129/><T43/><D112/><U27/><E133/><V34/><F132/><W105/><G105/><T108/><D130/><U91/><E127/><V17/><F131/><W24/><G64/><T10/><D108/><U89/><E71/><V83/><F125/><W19/><G19/><T67/><D102/><U11/><E72/><V119/><F119/><W103/><G87/><T69/><D29/><U128/><E128/><V104/><F104/><W50/><G8/><N who="0" m="4103" /><D69/><U122/><E122/><V38/><F83/><W98/><G98/><T0/><D0/><U79/><E79/><AGARI ba="0,0" hai="5,10,13,43,45,48,56,62,67,77,79" m="4103" machi="79" ten="30,1000,0" yaku="8,1" doraHai="114" who="0" fromWho="1" sc="197,10,158,-10,365,0,280,0" owari="207,-19.3,148,-35.2,365,46.5,280,8.0" /></mjloggm>