<mjloggm ver="2.3"><GO type="225" lobby="0"/><UN n0="%E3%81%86%E3%83%BC%E3%81%B1%E3%83%BC" n1="%33%74%72%65%65" n2="%72%69%6F%75%63%68%61%6E" n3="%E3%83%A9%E3%83%BC%E3%83%A1%E3%83%B3%E4%BA%94%E9%83%8E" dan="16,16,16,16" rate="2196.08,2143.40,2128.71,2072.37" sx="F,F,M,M"/><TAIKYOKU oya="0"/><INIT seed="0,0,0,1,4,44" ten="250,250,250,250" oya="0" hai0="113,124,45,90,16,34,78,7,59,107,68,89,121" hai1="41,19,67,100,86,14,111,28,64,95,119,128,18" hai2="112,10,22,0,35,97,3,105,50,122,91,80,69" hai3="103,39,20,21,25,81,130,31,120,8,48,123,66"/><T92/><D121/><U58/><E119/><V84/><F122/><N who="3" m="46635" /><G130/><T98/><D68/><U70/><E128/><V109/><F109/><W83/><G39/><T13/><D107/><U114/><E111/><V74/><F35/><N who="3" m="20975" /><G66/><T12/><D34/><U126/><E70/><V47/><F112/><W75/><G103/><T63/><D78/><U110/><E110/><V33/><F33/><W57/><G8/><N who="0" m="4127" /><D45/><U127/><E64/><V102/><F69/><W94/><G94/><T125/><D113/><U11/><E95/><V51/><F10/><W38/><G38/><T30/><D30/><U76/><E28/><V6/><F6/><W88/><G75/><T5/><D5/><U27/><E11/><V104/><F105/><W106/><G106/><T132/><D132/><U4/><E4/><V116/><F116/><W23/><G88/><N who="0" m="55559" /><D125/><U1/><E114/><V62/><F74/><W129/><G129/><T85/><D124/><U93/><E127/><V2/><F22/><W37/><G37/><T72/><D72/><U133/><E126/><V115/><F115/><W32/><G32/><T36/><D36/><U108/><E108/><V77/><F104/><W82/><G57/><T65/><D85/><U52/><E86/><V54/><F102/><W61/><G61/><T55/><D65/><U87/><E67/><V53/><F62/><W29/><G29/><T56/><D59/><U101/><E58/><N who="2" m="33079" /><F97/><W42/><G42/><T17/><D17/><U99/><E41/><V24/><F24/><W117/><G117/><T134/><D134/><U26/><E133/><V60/><F60/><RYUUKYOKU ba="0,0" sc="250,10,250,-30,250,10,250,10" hai0="13,16,55,56,63,89,90" hai2="0,2,3,47,51,54,77,80,84,91" hai3="20,21,23,48,81,82,83" /><INIT seed="0,1,0,4,5,123" ten="260,220,260,260" oya="0" hai0="78,14,39,30,1,65,105,60,125,69,113,74,111" hai1="122,102,18,121,80,119,26,29,92,13,84,118,100" hai2="20,99,51,16,64,108,88,83,94,21,47,101,97" hai3="115,133,77,91,55,34,120,52,61,117,110,96,134"/><T0/><D113/><U28/><E92/><N who="2" m="58535" /><F108/><W63/><G115/><T25/><D14/><U19/><E13/><N who="2" m="9231" /><F64/><W62/><G117/><T89/><D89/><U67/><E67/><V4/><F4/><W95/><G120/><T46/><D105/><U126/><E84/><N who="2" m="50207" /><F21/><W43/><G110/><T58/><D111/><U81/><REACH who="1" step="1"/><E126/><REACH who="1" ten="260,210,260,260" step="2"/><V73/><F73/><W57/><G95/><T48/><D125/><U17/><E17/><V82/><F82/><W11/><G96/><T76/><D74/><U75/><E75/><V71/><F71/><W41/><G133/><T38/><D0/><U12/><E12/><V103/><F94/><W5/><G134/><T8/><D69/><U98/><E98/><V107/><F107/><W90/><G5/><T24/><D1/><U49/><E49/><V85/><F85/><W109/><G109/><T22/><D39/><U128/><E128/><V3/><F3/><W33/><G62/><T10/><D38/><U44/><E44/><V114/><F114/><W124/><G124/><T7/><D7/><U72/><E72/><V9/><F99/><W27/><G61/><T23/><D76/><U6/><E6/><V86/><F86/><W42/><G77/><T50/><D78/><U135/><E135/><V40/><F103/><W45/><G45/><T129/><D129/><U36/><E36/><V2/><F2/><W68/><G68/><T87/><D87/><U56/><E56/><V131/><F131/><W31/><G57/><T54/><D48/><U132/><E132/><V116/><F116/><W35/><G63/><T104/><D104/><RYUUKYOKU ba="1,1" sc="260,10,210,10,260,10,260,-30" hai0="8,10,22,23,24,25,30,46,50,54,58,60,65" hai1="18,19,26,28,29,80,81,100,102,118,119,121,122" hai2="9,40,47,51" /><INIT seed="0,2,1,3,5,94" ten="270,220,270,230" oya="0" hai0="37,9,86,28,78,77,118,33,117,74,95,101,113" hai1="76,40,56,107,114,45,110,36,15,105,7,54,14" hai2="49,38,87,75,57,130,68,44,115,19,73,4,124" hai3="0,46,67,59,52,25,39,97,27,116,99,63,111"/><T2/><D37/><U81/><E110/><V96/><F115/><W60/><G116/><T102/><D28/><U133/><E114/><V103/><F68/><W61/><G0/><T70/><D33/><U26/><E26/><N who="3" m="9738" /><G39/><T31/><D31/><U17/><E7/><V122/><F124/><W134/><G111/><T11/><D113/><U83/><E133/><V98/><F130/><W24/><N who="3" m="9746" /><W106/><DORA hai="79" /><G106/><T18/><D95/><U66/><E66/><V65/><F122/><W127/><G127/><T50/><D50/><U8/><E14/><V69/><F4/><W20/><G20/><T6/><D6/><U123/><E123/><V121/><F121/><W21/><G21/><T82/><D18/><U84/><REACH who="1" step="1"/><E81/><REACH who="1" ten="270,210,270,230" step="2"/><V88/><F65/><W104/><G134/><T72/><D82/><U16/><E16/><V22/><F69/><W119/><G67/><T128/><D70/><U92/><E92/><V129/><F19/><W120/><G120/><T90/><D2/><U64/><E64/><V34/><F34/><W43/><G104/><T51/><D128/><U30/><E30/><V47/><F129/><W1/><G1/><T80/><D80/><U23/><E23/><V93/><F22/><W89/><G119/><T62/><D118/><U58/><E58/><V3/><F3/><W112/><G112/><T132/><D117/><U109/><E109/><V42/><F57/><W53/><G59/><T100/><D132/><U108/><E108/><V125/><F125/><W126/><G126/><T71/><D71/><U131/><E131/><V35/><F35/><RYUUKYOKU ba="2,2" sc="270,-10,210,30,270,-10,230,-10" hai1="8,15,17,36,40,45,54,56,76,83,84,105,107" /><INIT seed="1,3,2,0,0,36" ten="260,240,260,220" oya="1" hai0="11,35,121,69,129,42,22,48,39,27,79,70,84" hai1="61,34,99,64,16,3,71,93,122,112,114,86,57" hai2="125,54,107,130,126,72,97,134,127,41,9,74,37" hai3="111,133,132,94,90,20,60,38,29,67,10,73,14"/><U50/><E122/><V33/><F130/><W28/><G111/><T30/><D39/><U117/><E117/><V83/><F134/><N who="3" m="51819" /><G73/><T25/><D11/><U23/><E34/><V17/><F33/><W75/><G20/><T15/><D15/><U32/><E32/><V128/><F128/><W123/><G75/><T40/><D70/><U51/><E3/><V104/><F54/><W55/><G55/><T7/><D69/><U91/><E99/><V49/><F37/><W47/><G123/><T119/><D7/><U100/><E100/><N who="2" m="62479" /><F107/><W124/><G124/><T101/><D101/><U87/><E87/><V92/><F92/><W19/><G47/><T116/><D129/><U46/><E71/><V118/><F118/><W68/><G38/><T24/><D121/><U12/><REACH who="1" step="1"/><E51/><REACH who="1" ten="260,230,260,220" step="2"/><V26/><F72/><W21/><G21/><T8/><D35/><U65/><E65/><V135/><F135/><W76/><G76/><T80/><D116/><U56/><E56/><V58/><F58/><W103/><G103/><T120/><D119/><U0/><E0/><V78/><F125/><W102/><G102/><T131/><D120/><U62/><E62/><V53/><F127/><W95/><G90/><T113/><D131/><U105/><E105/><V106/><F106/><W13/><G13/><T5/><D22/><U59/><E59/><N who="2" m="33199" /><F126/><W2/><G2/><N who="0" m="55" /><D48/><U115/><E115/><V18/><F74/><W108/><G108/><T82/><D113/><U31/><E31/><AGARI ba="3,3" hai="10,14,19,28,29,31,60,67,68,94,95" m="51819" machi="31" ten="30,1000,0" yaku="20,1" doraHai="36" who="3" fromWho="1" sc="260,0,230,-19,260,0,220,49" /><INIT seed="2,0,0,1,4,74" ten="260,211,260,269" oya="2" hai0="87,1,67,60,52,36,114,89,70,107,126,112,9" hai1="117,3,88,37,39,35,51,32,125,72,56,18,59" hai2="8,120,33,106,110,26,38,31,83,86,12,19,80" hai3="45,102,127,11,14,30,84,101,77,76,131,28,55"/><V130/><F130/><W122/><G122/><T118/><D107/><U85/><E117/><V92/><F120/><W111/><G131/><T132/><D36/><U54/><E72/><V62/><F106/><W15/><G111/><T25/><D132/><U34/><E125/><V57/><F38/><W121/><G121/><T58/><D25/><U42/><E3/><V97/><F110/><W63/><G127/><T47/><D47/><U73/><E73/><V65/><REACH who="2" step="1"/><F86/><REACH who="2" ten="260,211,250,269" step="2"/><W115/><G84/><T64/><D126/><U124/><E124/><V68/><F68/><W61/><G115/><T4/><D118/><U27/><E37/><V113/><F113/><W105/><G105/><T44/><D70/><U43/><E39/><V103/><AGARI ba="0,1" hai="8,12,19,26,31,33,57,62,65,80,83,92,97,103" machi="103" ten="20,7800,0" yaku="1,1,0,1,7,1,53,1" doraHai="74" doraHaiUra="20" who="2" fromWho="2" sc="260,-26,211,-26,250,88,269,-26" /><INIT seed="2,1,0,3,5,27" ten="234,185,338,243" oya="2" hai0="121,53,60,41,28,123,35,3,1,12,63,51,36" hai1="65,119,97,15,6,114,54,8,19,62,95,0,73" hai2="106,80,74,81,87,134,9,111,133,64,86,37,22" hai3="94,107,79,72,10,71,69,16,122,58,59,7,13"/><V99/><F37/><W70/><G122/><T131/><D3/><U32/><E114/><V117/><F64/><W25/><G107/><T105/><D1/><U57/><E119/><V93/><F9/><W5/><G94/><T67/><D105/><U29/><E73/><V56/><F56/><W43/><G43/><T130/><D12/><U14/><E19/><V100/><F22/><W20/><REACH who="3" step="1"/><G5/><REACH who="3" ten="234,185,338,233" step="2"/><T135/><D121/><U55/><E0/><V82/><F117/><W33/><G33/><T85/><D123/><U30/><E32/><V108/><F106/><W45/><G45/><T84/><D41/><U52/><REACH who="1" step="1"/><E14/><REACH who="1" ten="234,175,338,233" step="2"/><V83/><F74/><W103/><G103/><AGARI ba="1,2" hai="6,8,15,29,30,52,54,55,57,62,65,95,97,103" machi="103" ten="40,12000,2" yaku="1,1,2,1,8,1,52,2,54,1,53,0" doraHai="27" doraHaiUra="39" who="1" fromWho="3" sc="234,0,175,143,338,0,233,-123" /><INIT seed="3,0,0,2,4,25" ten="234,318,338,110" oya="3" hai0="46,123,24,121,27,14,35,113,102,18,93,19,56" hai1="36,57,97,108,43,54,29,89,70,124,105,52,118" hai2="88,107,111,59,101,23,28,15,58,9,41,64,42" hai3="90,131,115,135,86,8,65,44,82,103,87,76,45"/><W16/><G131/><T81/><D113/><U100/><E108/><V69/><F69/><W78/><G135/><T96/><D46/><N who="1" m="23911" /><E54/><V109/><F107/><W62/><G115/><T99/><D81/><U0/><E0/><V3/><F101/><W13/><G103/><T49/><D96/><U68/><E89/><V98/><F3/><W10/><G10/><T91/><D102/><U75/><E75/><V125/><F125/><W61/><G76/><T63/><D49/><N who="1" m="30863" /><E29/><V83/><F111/><W17/><G17/><T110/><D63/><N who="3" m="24073" /><G65/><T80/><D19/><U104/><E104/><V20/><F109/><W21/><G8/><T84/><D110/><U39/><E39/><V1/><F1/><W120/><G120/><T30/><D27/><U72/><E72/><V77/><F28/><W106/><G106/><T71/><D71/><U119/><E124/><V116/><F116/><AGARI ba="0,0" hai="68,70,97,100,105,116,118,119" m="30863,23911" machi="116" ten="30,2000,0" yaku="12,1,54,1" doraHai="25" who="1" fromWho="2" sc="234,0,318,20,338,-20,110,0" owari="234,-16.6,338,43.8,318,11.8,110,-39.0" /></mjloggm>