<mjloggm ver="2.3"><GO type="225" lobby="0"/><UN n0="%70%68%65%6E%6F%6D%65" n1="%E7%B5%82%E6%9C%AB%E3%81%AE%E6%95%91%E3%81%84" n2="%E3%82%A2%E3%82%A4%E3%82%B9%E3%83%86%E3%82%A3%E3%83%BC%E3%81%82%E3%81%B9" n3="%54%4F%52" dan="16,16,16,17" rate="2109.82,2088.91,2068.80,2265.18" sx="M,F,M,M"/><TAIKYOKU oya="0"/><INIT seed="0,0,0,1,2,22" ten="250,250,250,250" oya="0" hai0="123,14,25,118,2,75,130,101,45,33,88,114,76" hai1="77,39,6,34,36,0,62,18,84,47,126,90,134" hai2="100,30,89,60,91,92,37,65,10,7,24,113,55" hai3="112,53,125,17,31,117,49,94,116,68,135,121,73"/><T81/><D114/><U95/><E126/><V64/><F37/><W80/><G112/><T72/><D118/><U58/><E134/><V102/><F113/><W69/><G135/><T28/><D123/><U61/><E34/><V59/><F91/><W78/><G125/><T40/><D130/><U108/><E108/><V56/><F10/><W54/><G121/><T128/><D128/><U38/><E77/><V20/><F7/><W115/><G115/><T104/><D2/><U127/><E127/><V129/><F129/><W74/><G74/><T1/><D1/><U109/><E109/><V8/><F8/><W98/><G31/><T51/><D14/><U111/><E111/><V131/><F131/><W23/><G116/><T70/><D70/><U63/><E18/><V96/><REACH who="2" step="1"/><F65/><REACH who="2" ten="250,250,240,250" step="2"/><W105/><G117/><T120/><D120/><U19/><E6/><V103/><F103/><W106/><G78/><T132/><D132/><U119/><E119/><V41/><F41/><W35/><G69/><T85/><REACH who="0" step="1"/><D76/><REACH who="0" ten="240,250,240,250" step="2"/><U16/><E0/><V66/><F66/><W79/><G68/><T50/><D50/><AGARI ba="0,2" hai="20,24,30,50,55,56,59,60,64,89,92,96,100,102" machi="50" ten="30,7700,0" yaku="1,1,7,1,8,1,52,1,53,0" doraHai="22" doraHaiUra="133" who="2" fromWho="0" sc="240,-77,250,0,240,97,250,0" /><INIT seed="1,0,0,5,5,105" ten="163,250,337,250" oya="1" hai0="57,120,18,110,3,86,35,49,88,107,12,118,112" hai1="80,19,132,41,4,66,61,85,71,34,14,73,130" hai2="63,93,134,123,58,103,70,95,83,48,77,50,22" hai3="10,111,94,5,2,96,53,30,101,128,72,87,21"/><U102/><E130/><V23/><F70/><W126/><G128/><T29/><D112/><U13/><E132/><V90/><F103/><W26/><G126/><T27/><D110/><U39/><E34/><V92/><F90/><W133/><G111/><T38/><D118/><U135/><E135/><V28/><F123/><W20/><G133/><T11/><D120/><U31/><E31/><V24/><F23/><W45/><G87/><T37/><D107/><U6/><E102/><V65/><REACH who="2" step="1"/><F134/><REACH who="2" ten="163,250,327,250" step="2"/><W117/><G117/><T100/><D100/><U59/><E71/><V78/><F78/><W81/><G21/><T46/><D3/><U56/><E13/><V91/><F91/><W67/><G20/><T119/><D119/><U8/><E14/><V131/><F131/><W114/><G101/><T121/><D121/><U113/><E113/><V60/><F60/><W84/><G114/><T109/><D109/><U54/><E61/><V32/><F32/><W116/><G116/><T79/><D79/><U42/><E8/><V7/><F7/><W108/><G5/><T25/><D27/><U47/><E4/><V36/><F36/><W16/><G10/><T55/><REACH who="0" step="1"/><D57/><REACH who="0" ten="153,250,327,250" step="2"/><U97/><E56/><V9/><F9/><W129/><G26/><T74/><D74/><AGARI ba="0,2" hai="22,24,28,48,50,58,63,65,74,77,83,92,93,95" machi="74" ten="40,2600,0" yaku="1,1,52,1,53,0" doraHai="105" doraHaiUra="1" who="2" fromWho="0" sc="153,-26,250,0,327,46,250,0" /><INIT seed="2,0,0,1,0,28" ten="127,250,373,250" oya="2" hai0="54,79,71,53,24,98,85,67,116,62,92,89,125" hai1="0,14,7,90,119,123,15,22,45,36,130,115,59" hai2="64,51,13,50,132,103,99,127,40,43,17,31,23" hai3="63,129,112,27,101,102,81,128,2,32,55,86,78"/><V16/><F127/><W69/><G2/><T42/><D125/><U38/><E115/><V70/><F132/><W61/><G112/><T1/><D116/><U74/><E119/><V97/><F31/><N who="3" m="19583" /><G55/><T72/><D1/><U58/><E74/><V122/><F122/><W77/><G77/><T20/><D72/><U104/><E104/><V133/><F133/><W126/><G126/><T76/><D42/><N who="2" m="15914" /><F70/><W131/><G69/><T82/><REACH who="0" step="1"/><D79/><REACH who="0" ten="117,250,373,250" step="2"/><U134/><E134/><V106/><F106/><W3/><G3/><T25/><D25/><U118/><E0/><V6/><F13/><W11/><G11/><T88/><D88/><U44/><E90/><V33/><F103/><AGARI ba="0,1" hai="61,63,78,81,86,101,102,103,128,129,131" m="19583" machi="103" ten="30,2000,0" yaku="19,1,52,1" doraHai="28" who="3" fromWho="2" sc="117,0,250,0,373,-20,250,30" /><INIT seed="3,0,0,5,0,3" ten="117,250,353,280" oya="3" hai0="17,40,112,10,101,32,58,73,130,62,22,96,13" hai1="72,115,20,15,116,129,83,92,4,23,86,31,33" hai2="53,123,106,6,47,66,109,100,61,71,11,65,67" hai3="84,103,125,0,127,117,88,85,134,70,128,26,113"/><W54/><G117/><T76/><D130/><U119/><E72/><V95/><F109/><W131/><G70/><T43/><D112/><U52/><E115/><V69/><F106/><W80/><G113/><T132/><D132/><U37/><E37/><V91/><F100/><W108/><G108/><T89/><D32/><U9/><E92/><V51/><F71/><W81/><G0/><T64/><D73/><U57/><E129/><N who="3" m="49738" /><G26/><T122/><D76/><U50/><E33/><V45/><F123/><W49/><G134/><T79/><D79/><U55/><E31/><V27/><F27/><W36/><G36/><T135/><D122/><U105/><E105/><V24/><F24/><W44/><G103/><T68/><D68/><U34/><E34/><V8/><F47/><W41/><G41/><T14/><D135/><U28/><E28/><V102/><F102/><W121/><G121/><T111/><D111/><U133/><E133/><V63/><F69/><W39/><G39/><T38/><D38/><U18/><E55/><V82/><F45/><W19/><G19/><N who="0" m="10607" /><D101/><U21/><REACH who="1" step="1"/><E18/><REACH who="1" ten="117,240,353,280" step="2"/><V120/><F53/><W5/><G5/><T78/><D43/><U110/><E110/><V87/><F6/><W59/><G44/><T77/><D40/><U94/><E94/><V48/><F95/><N who="3" m="54663" /><G85/><T60/><D62/><N who="2" m="23562" /><F120/><W16/><G16/><T118/><D118/><U7/><E7/><V29/><F29/><W93/><G93/><T97/><D96/><U35/><E35/><V2/><F2/><W30/><G30/><T90/><D97/><U46/><E46/><V126/><F126/><AGARI ba="0,1" hai="49,54,59,80,81,125,126,127" m="54663,49738" machi="126" ten="30,11600,0" yaku="6,1,18,1,19,1,54,1" doraHai="3" who="3" fromWho="2" sc="117,0,240,0,353,-116,280,126" owari="117,-38.3,240,4.0,237,-16.3,406,50.6" /></mjloggm>