<mjloggm ver="2.3"><GO type="225" lobby="0"/><UN n0="%E3%81%B5%E3%81%98%E3%81%8B%E3%81%A4" n1="%E6%81%A5%E6%99%92%E3%81%97" n2="%E3%83%B4%E3%83%A0%EF%BC%99%E3%81%A6" n3="%72%69%6F%75%63%68%61%6E" dan="16,16,16,17" rate="2108.39,2129.24,2128.18,2182.41" sx="M,M,M,M"/><TAIKYOKU oya="0"/><INIT seed="0,0,0,0,0,56" ten="250,250,250,250" oya="0" hai0="3,63,71,54,107,76,33,4,12,104,40,117,5" hai1="60,99,128,134,95,20,82,133,68,79,90,118,88" hai2="59,24,108,73,30,86,132,123,81,65,25,29,44" hai3="96,75,31,93,52,21,42,18,50,64,10,84,106"/><T35/><D117/><U121/><E121/><V27/><F123/><W83/><G75/><T7/><D76/><U80/><E118/><V92/><F108/><W26/><G106/><T69/><D40/><U17/><E128/><V85/><F132/><N who="1" m="50793" /><E90/><V6/><F6/><W23/><G42/><T66/><D3/><U126/><E126/><V61/><F73/><W14/><G64/><T0/><D0/><U51/><E51/><V111/><F111/><W9/><G93/><T22/><D71/><U13/><E79/><V94/><F44/><N who="3" m="27719" /><G96/><T16/><REACH who="0" step="1"/><D54/><REACH who="0" ten="240,250,250,250" step="2"/><U34/><E34/><AGARI ba="0,1" hai="4,5,7,12,16,22,33,34,35,63,66,69,104,107" machi="34" ten="40,12000,1" yaku="1,1,2,1,52,1,54,1,53,0" doraHai="56" doraHaiUra="41" who="0" fromWho="1" sc="240,130,250,-120,250,0,250,0" /><INIT seed="0,1,0,1,4,118" ten="370,130,250,250" oya="0" hai0="109,103,2,135,119,102,56,106,48,90,125,77,8" hai1="127,52,97,66,13,120,24,92,39,12,26,11,36" hai2="53,25,132,50,20,78,42,29,38,6,87,116,63" hai3="133,22,100,9,86,67,40,62,46,130,45,58,129"/><T70/><D119/><U95/><E66/><V99/><F116/><W88/><G133/><T113/><D135/><U4/><E127/><V23/><F132/><W79/><G100/><T72/><D125/><U59/><E13/><V51/><F38/><W68/><G79/><T16/><D70/><U37/><E95/><V124/><F124/><W105/><G105/><T10/><D113/><U49/><REACH who="1" step="1"/><E120/><REACH who="1" ten="370,120,250,250" step="2"/><V134/><F134/><W0/><G67/><T31/><D106/><U82/><E82/><V122/><F122/><W57/><G68/><T84/><D2/><U76/><E76/><V33/><F78/><W75/><G0/><T65/><D77/><U69/><E69/><V27/><F6/><W74/><G130/><T89/><D65/><U1/><E1/><V85/><F27/><W54/><G129/><T15/><D15/><U121/><E121/><V108/><F25/><W107/><G107/><T115/><D115/><U43/><E43/><V104/><F42/><W30/><G40/><T73/><D8/><U93/><E93/><V117/><F104/><W3/><G9/><T123/><D10/><U96/><E96/><V35/><F99/><W7/><G3/><T71/><D123/><U14/><E14/><V128/><F117/><W18/><G7/><T98/><D71/><U41/><E41/><V34/><F128/><W28/><G54/><N who="0" m="31815" /><D98/><U111/><E111/><V19/><F108/><W32/><G75/><T126/><D109/><U114/><E114/><V21/><F85/><W44/><G74/><T5/><D126/><U91/><AGARI ba="1,1" hai="4,11,12,24,26,36,37,39,49,52,59,91,92,97" machi="91" ten="30,4000,0" yaku="1,1,0,1,54,1,53,0" doraHai="118" doraHaiUra="101" who="1" fromWho="1" sc="370,-21,120,53,250,-11,250,-11" /><INIT seed="1,0,0,4,1,135" ten="349,173,239,239" oya="1" hai0="44,134,28,51,59,35,40,71,57,112,91,99,26" hai1="17,83,63,36,90,31,70,94,96,116,93,24,88" hai2="80,62,77,14,74,25,29,12,111,30,102,27,73" hai3="67,124,46,5,81,106,92,15,104,54,1,78,7"/><U64/><E116/><V4/><F111/><W45/><G124/><T39/><D134/><U58/><E36/><V18/><F102/><W115/><G115/><T61/><D112/><U114/><E114/><V41/><F4/><W11/><G67/><T113/><D113/><U130/><E130/><V107/><F107/><W84/><G5/><T23/><D35/><U66/><E83/><V60/><F80/><W6/><G92/><N who="0" m="56735" /><D71/><U48/><E17/><V95/><F95/><W10/><REACH who="3" step="1"/><G54/><REACH who="3" ten="349,173,239,229" step="2"/><N who="0" m="34039" /><D39/><U117/><E117/><V122/><F122/><W19/><G19/><N who="0" m="12671" /><D57/><U33/><E66/><V101/><F18/><W79/><G79/><T89/><D89/><U75/><E75/><V65/><F77/><W108/><G108/><T37/><D37/><U120/><E120/><V109/><F109/><W123/><G123/><T98/><D98/><N who="1" m="57639" /><E70/><V53/><F53/><W85/><G85/><T103/><D103/><U133/><E133/><V3/><F101/><W50/><G50/><T121/><D121/><U8/><E48/><V87/><F87/><W119/><G119/><T72/><D72/><U32/><E64/><V52/><F52/><W132/><G132/><T55/><D55/><U118/><E118/><V47/><F65/><W128/><G128/><T126/><D28/><U82/><E31/><V97/><F97/><W9/><G9/><T69/><D69/><U38/><E8/><V125/><F73/><W20/><G20/><T42/><D42/><U131/><E131/><V21/><F41/><W68/><G68/><T56/><D126/><U86/><E96/><V0/><F74/><RYUUKYOKU ba="0,1" sc="349,15,173,-15,239,-15,229,15" hai0="40,44,51,56" hai3="1,6,7,10,11,15,45,46,78,81,84,104,106" /><INIT seed="2,1,1,5,1,40" ten="364,158,224,244" oya="2" hai0="51,125,82,89,39,9,17,129,72,103,7,19,110" hai1="112,91,87,14,114,25,121,80,16,26,43,131,118" hai2="42,90,12,53,41,22,99,44,74,68,50,64,107" hai3="113,56,59,23,101,115,52,32,81,70,47,4,86"/><V106/><F74/><W75/><G32/><T71/><D110/><U10/><E118/><V35/><F35/><W5/><G70/><T54/><D39/><U24/><E131/><V46/><F68/><W20/><G75/><T111/><D129/><U119/><E119/><V45/><F64/><W97/><G47/><N who="2" m="17993" /><F107/><N who="3" m="63919" /><G56/><T128/><D71/><U55/><E43/><N who="2" m="16395" /><F106/><W94/><G94/><T62/><D72/><U63/><REACH who="1" step="1"/><E121/><REACH who="1" ten="364,148,224,244" step="2"/><V31/><F31/><W100/><G113/><T76/><D128/><U92/><E92/><N who="2" m="56727" /><F12/><W30/><G115/><T67/><D67/><U21/><E21/><AGARI ba="1,2" hai="21,22,46,50,53" m="56727,16395,17993" machi="21" ten="30,12000,1" yaku="8,1,52,4" doraHai="40" who="2" fromWho="1" sc="364,0,148,-123,224,143,244,0" /><INIT seed="2,2,0,3,3,23" ten="364,25,367,244" oya="2" hai0="111,93,17,100,8,3,33,125,81,60,89,75,104" hai1="128,5,40,129,65,36,49,63,12,130,32,9,68" hai2="7,83,90,41,46,1,35,38,113,10,44,96,101" hai3="132,85,21,53,119,14,102,74,43,86,94,121,109"/><V98/><F113/><W24/><G119/><T107/><D125/><U79/><E79/><V18/><F35/><W54/><G121/><T64/><D33/><U118/><E118/><V134/><F134/><W47/><G109/><T30/><D111/><U45/><REACH who="1" step="1"/><E32/><REACH who="1" ten="364,15,367,244" step="2"/><V59/><F101/><W22/><G102/><T73/><D100/><U48/><AGARI ba="2,1" hai="5,9,12,36,40,45,48,49,63,65,68,128,129,130" machi="48" ten="40,8000,1" yaku="1,1,2,1,0,1,19,1,53,0" doraHai="23" doraHaiUra="116" who="1" fromWho="1" sc="364,-22,15,96,367,-42,244,-22" /><INIT seed="3,0,0,3,4,76" ten="342,111,325,222" oya="3" hai0="1,45,24,29,23,27,128,6,16,114,85,53,74" hai1="123,58,91,122,18,106,33,2,12,4,104,66,118" hai2="31,38,81,3,125,36,87,89,109,115,119,28,9" hai3="15,110,69,48,61,135,64,49,84,7,55,20,80"/><W79/><G135/><T116/><D74/><U17/><E33/><V102/><F115/><W62/><G110/><T52/><D116/><U19/><E118/><V126/><F119/><W129/><G129/><T39/><D114/><U108/><E108/><V50/><F102/><W94/><G94/><T14/><D128/><U105/><E2/><V8/><F50/><W56/><REACH who="3" step="1"/><G20/><REACH who="3" ten="342,111,325,212" step="2"/><N who="0" m="15591" /><D39/><N who="2" m="14890" /><F109/><W72/><G72/><T22/><D1/><U21/><E21/><V111/><F111/><W65/><G65/><T112/><D112/><U82/><E66/><V13/><F3/><W99/><G99/><T78/><D45/><U92/><E58/><V67/><F67/><W103/><G103/><T98/><D98/><U93/><E4/><N who="2" m="3207" /><F9/><AGARI ba="0,1" hai="7,9,15,48,49,55,56,61,62,64,69,79,80,84" machi="9" ten="40,7700,0" yaku="1,1,52,1,53,1" doraHai="76" doraHaiUra="60" who="3" fromWho="2" sc="342,0,111,0,325,-77,212,87" /><INIT seed="3,1,0,3,3,10" ten="342,111,248,299" oya="3" hai0="127,26,128,41,20,105,115,8,92,12,73,48,29" hai1="69,72,13,38,15,59,60,6,49,21,58,132,96" hai2="43,117,94,133,22,99,57,119,118,91,28,56,50" hai3="98,32,112,31,64,109,2,120,4,101,34,78,89"/><W122/><G112/><T74/><D115/><U67/><E72/><V130/><F130/><W24/><G34/><T54/><D128/><U134/><E38/><V61/><F133/><N who="1" m="51305" /><E6/><V104/><F104/><W37/><G37/><T68/><D68/><U108/><E108/><V85/><F28/><W27/><G109/><T123/><D127/><U76/><E76/><V97/><F43/><W111/><G111/><T106/><D123/><U93/><E21/><V39/><F39/><W11/><G89/><T80/><D41/><U116/><E116/><V25/><F50/><W77/><G27/><T129/><D129/><U82/><E82/><V86/><F97/><W19/><G19/><T107/><D92/><U0/><E0/><V84/><F61/><W83/><G64/><T81/><D81/><U125/><E125/><V126/><F126/><W9/><G9/><T110/><D80/><U36/><E36/><V7/><F7/><W135/><G135/><T51/><D51/><U95/><E95/><V71/><F117/><W1/><G1/><T79/><D79/><U62/><E49/><V55/><F118/><W65/><G65/><T87/><D110/><U63/><E69/><V66/><F119/><W17/><G17/><N who="0" m="8327" /><D87/><U103/><E67/><V47/><F66/><W53/><G53/><T3/><D3/><U45/><E45/><V30/><F71/><W46/><G46/><N who="0" m="27927" /><D74/><U131/><E131/><V40/><F55/><W90/><G77/><T121/><D121/><U75/><E75/><V23/><F22/><W102/><G122/><T88/><D73/><U100/><E100/><RYUUKYOKU ba="1,0" sc="342,10,111,10,248,10,299,-30" hai0="20,26,29,88,105,106,107" hai1="13,15,58,59,60,62,63,93,96,103" hai2="23,25,30,40,47,56,57,84,85,86,91,94,99" owari="352,45.2,121,-37.9,258,-14.2,269,6.9" /></mjloggm>