<mjloggm ver="2.3"><GO type="225" lobby="0"/><UN n0="%E8%B7%AF%E9%9C%B8" n1="%E8%81%B7%E6%A5%AD%E3%80%81%E9%A2%A8%32" n2="%E6%A0%B9%E5%85%83%E3%81%8B%E3%82%89%E5%90%B9%E3%81%A3%E9%A3%9B%E3%81%B6" n3="%E3%81%9F%E3%81%8C%E3%82%84%E3%81%99" dan="17,16,16,16" rate="2206.88,2097.73,2169.08,2105.21" sx="M,M,F,M"/><TAIKYOKU oya="0"/><INIT seed="0,0,0,0,2,135" ten="250,250,250,250" oya="0" hai0="89,91,117,17,77,29,106,65,9,11,10,93,97" hai1="105,48,110,8,122,74,4,53,82,133,127,70,78" hai2="73,7,45,125,64,67,13,98,109,47,23,128,38" hai3="40,43,85,113,129,27,42,99,76,1,87,95,104"/><T114/><D114/><U60/><E110/><V12/><F109/><W130/><G1/><T46/><D106/><U21/><E105/><V57/><F128/><N who="3" m="49259" /><G113/><T6/><D117/><U111/><E122/><V116/><F73/><W132/><G132/><T32/><D65/><U50/><E133/><V108/><F108/><W20/><G76/><T63/><D63/><U81/><E81/><V94/><F38/><W103/><G104/><T14/><D77/><U31/><E127/><V25/><F125/><W134/><G134/><T66/><D66/><N who="2" m="25130" /><F57/><W33/><G33/><T3/><D46/><N who="2" m="17418" /><F7/><W92/><G95/><T37/><D37/><U36/><E36/><V115/><F115/><W102/><G103/><T90/><REACH who="0" step="1"/><D11/><REACH who="0" ten="240,250,250,250" step="2"/><U49/><E8/><V118/><F118/><W30/><AGARI ba="0,1" hai="20,27,30,40,42,43,85,87,92,99,102" m="49259" machi="30" ten="30,1100,0" yaku="19,1" doraHai="135" who="3" fromWho="3" sc="240,-5,250,-3,250,-3,250,21" /><INIT seed="1,0,0,4,0,70" ten="235,247,247,271" oya="1" hai0="126,22,43,122,84,14,89,11,98,82,76,10,9" hai1="64,78,97,59,118,87,31,1,8,19,77,95,99" hai2="134,102,63,100,40,35,86,75,123,96,71,36,20" hai3="50,23,94,62,83,92,7,47,13,52,108,38,124"/><U121/><E121/><V132/><F123/><W44/><G62/><T30/><D122/><U2/><E118/><V67/><F75/><W58/><G108/><T74/><D126/><U26/><E1/><V27/><F86/><W116/><G124/><T33/><D43/><U39/><E39/><V4/><F4/><W127/><G127/><T131/><D131/><U129/><E99/><V115/><F115/><W105/><G105/><T91/><D33/><U90/><E129/><V46/><F20/><W114/><G114/><T106/><D74/><U37/><E37/><V54/><F54/><W42/><G116/><T119/><D119/><U130/><E130/><V104/><REACH who="2" step="1"/><F102/><REACH who="2" ten="235,247,237,271" step="2"/><W72/><G7/><T109/><D109/><U28/><E87/><V48/><F48/><W60/><G72/><T34/><D34/><U133/><E2/><V57/><F57/><W3/><G3/><T55/><D55/><U24/><E59/><V66/><F66/><W25/><G58/><T12/><D98/><U103/><E64/><V107/><F107/><W32/><G50/><T0/><D106/><U120/><E103/><V69/><F69/><W128/><G32/><T15/><D0/><U56/><E56/><V112/><F112/><W53/><G23/><T88/><D22/><U68/><E68/><V29/><AGARI ba="0,1" hai="27,29,35,36,40,46,63,67,71,96,100,104,132,134" machi="29" ten="30,12000,2" yaku="1,1,0,1,25,2,23,2,52,1,53,0" doraHai="70" doraHaiUra="117" who="2" fromWho="2" sc="235,-30,247,-60,237,130,271,-30" /><INIT seed="2,0,0,1,1,2" ten="205,187,367,241" oya="2" hai0="4,51,107,94,52,117,19,64,42,102,73,123,90" hai1="30,36,83,70,17,110,65,131,124,78,113,103,32" hai2="132,79,84,27,86,33,129,43,67,45,37,92,69" hai3="24,108,81,104,111,57,0,60,74,68,59,130,8"/><V71/><F129/><W61/><G104/><T13/><D123/><U127/><E113/><V119/><F132/><W38/><G68/><T96/><D73/><U93/><E131/><V53/><F119/><W47/><G130/><T105/><D117/><U126/><E36/><V116/><F116/><W133/><G133/><T35/><D35/><U99/><E110/><N who="3" m="42026" /><G24/><T18/><D42/><U1/><E1/><V128/><F128/><W3/><G47/><T34/><D34/><U25/><E17/><N who="0" m="6153" /><D107/><U72/><E65/><V29/><F53/><N who="3" m="33839" /><G38/><T44/><D64/><U114/><E114/><V22/><F33/><W91/><G8/><N who="0" m="4231" /><D105/><U40/><E40/><V80/><F67/><N who="3" m="39359" /><G91/><AGARI ba="0,0" hai="44,51,52,90,91,94,96,102" m="4231,6153" machi="91" ten="30,3900,0" yaku="8,1,52,1,54,1" doraHai="2" who="0" fromWho="3" sc="205,39,187,0,367,0,241,-39" /><INIT seed="3,0,0,1,3,19" ten="244,187,367,202" oya="3" hai0="52,122,8,49,60,61,31,97,21,81,74,67,12" hai1="26,30,110,102,119,7,38,57,71,70,121,133,34" hai2="87,65,134,131,5,6,42,25,13,18,118,20,106" hai3="29,10,9,95,54,126,101,47,53,125,79,59,17"/><W94/><G29/><T105/><D122/><U62/><E121/><V78/><F118/><W82/><G47/><T0/><D0/><U41/><E119/><V44/><F106/><W14/><G10/><T104/><D97/><U39/><E110/><V114/><F114/><W1/><G1/><T127/><D127/><N who="3" m="48649" /><G101/><T35/><D35/><U86/><E133/><V91/><F131/><W84/><G54/><T130/><D130/><U124/><E124/><V16/><F65/><W85/><G84/><T108/><D108/><U90/><E102/><V27/><F44/><W24/><G24/><N who="0" m="16783" /><D105/><U72/><E72/><V66/><F27/><W69/><G69/><T96/><D74/><U98/><E98/><V23/><F42/><W43/><G43/><T92/><D104/><U75/><E7/><V129/><F129/><W3/><G3/><T63/><D67/><U4/><E4/><V132/><F66/><W15/><G14/><T68/><D68/><U80/><E75/><V99/><F87/><W117/><G117/><T120/><D120/><U64/><REACH who="1" step="1"/><E41/><REACH who="1" ten="244,177,367,202" step="2"/><V11/><F6/><W58/><G58/><N who="0" m="33039" /><D96/><U83/><E83/><V93/><F5/><W123/><G123/><T76/><D81/><U77/><E77/><V56/><F78/><W28/><G28/><T107/><D76/><U40/><E40/><V36/><F134/><W48/><AGARI ba="0,1" hai="9,15,17,48,53,59,79,82,85,94,95" m="48649" machi="48" ten="30,1500,0" yaku="18,1" doraHai="19" who="3" fromWho="3" sc="244,-5,177,-5,367,-5,202,25" /><INIT seed="3,1,0,2,5,58" ten="239,172,362,227" oya="3" hai0="17,123,131,112,99,4,33,22,21,36,121,3,54" hai1="77,42,23,74,5,132,43,69,78,104,51,52,82" hai2="110,10,73,46,80,32,70,28,39,120,18,100,20" hai3="97,119,7,125,128,101,105,61,93,25,1,44,64"/><W107/><G1/><T0/><D36/><U117/><E132/><V76/><F120/><N who="0" m="46154" /><D99/><U40/><E104/><V133/><F110/><W19/><G7/><T27/><D54/><U24/><E117/><V62/><F133/><W72/><G72/><T81/><D81/><U35/><E35/><V90/><F90/><W87/><G119/><T111/><D111/><U60/><E5/><V113/><F10/><W67/><G67/><T14/><D112/><U9/><E9/><V26/><F100/><W65/><G65/><T130/><D33/><U108/><E78/><V50/><F39/><W49/><G125/><T106/><D106/><U47/><E108/><V66/><F113/><W114/><G114/><T48/><D48/><U115/><E115/><V135/><F135/><W91/><G128/><N who="0" m="49195" /><D4/><U68/><REACH who="1" step="1"/><E60/><REACH who="1" ten="239,162,362,227" step="2"/><V15/><F62/><W86/><G107/><T41/><D0/><U94/><E94/><V34/><F32/><W6/><G6/><T109/><D3/><U79/><E79/><V8/><F34/><W30/><G105/><T92/><D109/><U59/><E59/><V83/><F76/><W122/><G122/><T55/><D92/><U56/><E56/><V71/><F8/><W38/><G93/><T89/><D21/><U95/><E95/><V45/><F20/><W53/><G61/><T16/><D22/><U12/><E12/><V57/><F15/><W96/><G96/><T103/><D14/><U129/><E129/><V31/><F57/><W2/><G2/><T63/><D63/><U88/><E88/><V124/><F66/><W11/><G64/><RYUUKYOKU ba="1,1" sc="239,-10,162,30,362,-10,227,-10" hai1="23,24,40,42,43,47,51,52,68,69,74,77,82" owari="229,2.9,192,-30.8,362,46.2,217,-18.3" /></mjloggm>