<mjloggm ver="2.3"><GO type="225" lobby="0"/><UN n0="%E6%B4%BE%E9%81%A3%E3%81%AE%E3%82%B8%E3%83%A3%E3%83%83%E3%82%AF" n1="%6D%75%75%73%61%6E%6D%75" n2="%E3%83%A9%E3%83%BC%E3%83%A1%E3%83%B3%E4%BA%94%E9%83%8E" n3="%E3%83%A9%E3%82%B9%E7%8E%87%EF%BC%93%E5%89%B2" dan="17,16,16,16" rate="2193.75,2118.83,2147.39,2182.51" sx="M,F,M,F"/><TAIKYOKU oya="0"/><INIT seed="0,0,0,5,2,32" ten="250,250,250,250" oya="0" hai0="110,52,78,55,92,41,25,118,28,121,132,94,86" hai1="101,59,72,127,103,91,57,30,113,122,15,134,133" hai2="19,48,85,66,1,58,128,112,60,42,117,80,79" hai3="7,50,71,46,0,68,93,88,62,100,102,23,105"/><T108/><D121/><U53/><E122/><V65/><F112/><W20/><G105/><T61/><D118/><U120/><E120/><V22/><F128/><W9/><G100/><T125/><D41/><U81/><E113/><V39/><F39/><W64/><G102/><T129/><D129/><U17/><E127/><V27/><F117/><W69/><G20/><T67/><D132/><N who="1" m="50795" /><E30/><V107/><F107/><W126/><G23/><N who="0" m="15423" /><D125/><U63/><E57/><V35/><F35/><W40/><REACH who="3" step="1"/><G126/><REACH who="3" ten="250,250,250,240" step="2"/><T84/><D110/><U8/><E91/><V74/><F22/><W76/><G76/><AGARI ba="0,1" hai="8,15,17,53,59,63,72,76,81,101,103" m="50795" machi="76" ten="30,1000,0" yaku="20,1" doraHai="32" who="1" fromWho="3" sc="250,0,250,20,250,0,240,-10" /><INIT seed="1,0,0,0,1,43" ten="250,270,250,230" oya="1" hai0="62,34,23,54,98,121,21,38,17,126,104,134,3" hai1="47,97,70,13,72,131,41,69,26,133,115,111,75" hai2="36,20,46,12,90,16,57,68,118,11,81,123,132" hai3="52,19,24,130,107,22,30,109,100,40,89,35,113"/><U65/><E115/><V86/><F118/><W42/><G113/><T28/><D3/><U122/><E122/><V105/><F123/><W15/><G109/><T94/><D121/><U2/><E2/><V39/><F68/><W110/><G110/><T77/><D104/><U78/><E111/><V120/><F120/><W114/><G114/><T0/><D0/><U50/><E131/><V64/><F105/><W117/><G130/><T58/><D126/><U106/><E133/><V91/><F132/><W127/><G127/><T18/><D134/><U124/><E124/><V67/><F91/><W74/><G74/><T103/><D38/><U88/><E26/><V5/><F57/><W129/><G117/><T31/><D77/><U102/><E78/><V25/><REACH who="2" step="1"/><F36/><REACH who="2" ten="250,270,240,230" step="2"/><W10/><G129/><T14/><REACH who="0" step="1"/><D34/><REACH who="0" ten="240,270,240,230" step="2"/><U45/><E106/><V73/><F73/><W4/><G107/><T37/><D37/><U95/><E75/><V119/><F119/><W80/><G35/><T27/><AGARI ba="0,2" hai="14,17,18,21,23,27,28,31,54,58,62,94,98,103" machi="27" ten="20,8000,1" yaku="1,1,0,1,7,1,8,1,53,1" doraHai="43" doraHaiUra="49" who="0" fromWho="0" sc="240,100,270,-40,240,-20,230,-20" /><INIT seed="2,0,0,1,5,26" ten="340,230,220,210" oya="2" hai0="20,18,30,98,105,41,73,104,115,36,114,108,125" hai1="52,127,90,88,50,77,92,0,126,54,16,1,19" hai2="67,14,116,106,119,23,57,135,129,82,34,81,70" hai3="29,32,35,37,111,94,2,76,48,99,47,31,132"/><V83/><F106/><W9/><G37/><T121/><D73/><U10/><E77/><V64/><F34/><W38/><G38/><T96/><D121/><U113/><E113/><V60/><F135/><W93/><G132/><T8/><D108/><U4/><E1/><V5/><F129/><W13/><G2/><T80/><D80/><U123/><E123/><V62/><REACH who="2" step="1"/><F23/><REACH who="2" ten="340,230,210,210" step="2"/><W91/><G111/><T46/><D20/><U75/><E75/><V112/><F112/><W107/><G107/><T118/><D104/><U120/><E120/><V101/><F101/><N who="3" m="60655" /><G32/><T49/><D105/><U53/><E50/><V44/><F44/><W61/><G35/><T11/><D46/><U63/><E63/><V124/><F124/><N who="1" m="47657" /><E90/><V21/><F21/><W110/><G61/><T55/><D49/><U134/><E134/><V103/><F103/><W12/><G110/><T65/><D114/><U74/><E74/><V84/><F84/><AGARI ba="0,1" hai="0,4,10,16,19,52,53,54,84,88,92" m="47657" machi="84" ten="30,7700,0" yaku="18,1,54,3" doraHai="26" who="1" fromWho="2" sc="340,0,230,87,210,-77,210,0" /><INIT seed="3,0,0,1,4,101" ten="340,317,133,210" oya="3" hai0="134,28,123,19,34,98,67,54,70,11,6,57,53" hai1="90,30,120,112,5,58,87,22,16,36,4,82,15" hai2="118,18,93,48,65,95,81,91,89,125,111,80,103" hai3="68,86,76,105,92,96,121,60,39,62,64,1,88"/><W100/><G121/><T32/><D123/><U115/><E36/><V72/><F65/><W10/><G39/><T33/><D28/><U130/><E120/><V131/><F48/><W127/><G127/><T2/><D134/><U29/><E130/><V83/><F18/><W79/><REACH who="3" step="1"/><G62/><REACH who="3" ten="340,317,133,200" step="2"/><T126/><D126/><U135/><E135/><V124/><F131/><W97/><G97/><T110/><D98/><U9/><E115/><V63/><F63/><W74/><G74/><T49/><D70/><U85/><E112/><V99/><F118/><W106/><G106/><T50/><D67/><U133/><E133/><V41/><F72/><W114/><G114/><T42/><D110/><U78/><E58/><V8/><F111/><W132/><G132/><T13/><D42/><U17/><E4/><AGARI ba="0,1" hai="1,4,10,60,64,68,76,79,86,88,92,96,100,105" machi="4" ten="40,7700,0" yaku="1,1,52,1,54,1,53,0" doraHai="101" doraHaiUra="25" who="3" fromWho="1" sc="340,0,317,-77,133,0,200,87" /><INIT seed="3,1,0,1,4,34" ten="340,240,133,287" oya="3" hai0="31,70,50,35,12,0,110,29,27,123,112,74,43" hai1="105,25,17,19,38,10,130,2,124,42,119,93,98" hai2="47,54,15,9,79,97,121,48,69,24,92,114,127" hai3="122,76,22,96,113,129,88,102,86,8,11,104,28"/><W49/><G113/><T107/><D107/><U44/><E130/><V5/><F127/><W7/><G122/><T77/><D70/><U89/><E124/><V99/><F114/><W78/><G129/><T85/><D74/><U117/><E105/><V51/><F69/><W95/><G8/><T83/><D0/><U109/><E109/><V26/><F121/><W63/><G49/><T134/><D110/><U4/><REACH who="1" step="1"/><E25/><REACH who="1" ten="340,230,133,287" step="2"/><V6/><F6/><W52/><G28/><N who="0" m="19871" /><D112/><U37/><E37/><V73/><F99/><W135/><G135/><T80/><D31/><U41/><E41/><V108/><F108/><W133/><G133/><T45/><D29/><U18/><AGARI ba="1,1" hai="2,4,10,17,18,19,38,42,44,89,93,98,117,119" machi="18" ten="30,4000,0" yaku="1,1,0,1,52,1,53,0" doraHai="34" doraHaiUra="120" who="1" fromWho="1" sc="340,-11,230,53,133,-11,287,-21" owari="329,42.9,283,8.3,122,-37.8,266,-13.4" /></mjloggm>