<mjloggm ver="2.3"><GO type="225" lobby="0"/><UN n0="%72%69%6F%75%63%68%61%6E" n1="%33%74%72%65%65" n2="%E3%82%B3%E3%83%90%E3%83%AC%E3%82%A4" n3="%E3%81%B5%E3%81%98%E3%81%8B%E3%81%A4" dan="16,16,16,17" rate="2214.78,2170.60,2135.93,2191.55" sx="M,F,M,M"/><TAIKYOKU oya="0"/><INIT seed="0,0,0,4,1,45" ten="250,250,250,250" oya="0" hai0="103,23,75,3,30,101,14,85,4,90,25,73,87" hai1="119,123,93,70,9,127,76,68,33,21,55,8,16" hai2="129,66,71,22,38,56,46,120,54,69,113,26,42" hai3="35,81,106,84,91,79,0,117,27,29,64,62,130"/><T114/><D114/><U98/><E119/><V99/><F113/><W41/><G117/><T10/><D87/><U121/><E33/><V100/><F120/><W109/><G130/><T83/><REACH who="0" step="1"/><D3/><REACH who="0" ten="240,250,250,250" step="2"/><U65/><E121/><V78/><F129/><W116/><G0/><T19/><D19/><U107/><E16/><V80/><F78/><W1/><G1/><T5/><D5/><U86/><E76/><V74/><F80/><W6/><G6/><T15/><D15/><U40/><E86/><V47/><F74/><AGARI ba="0,1" hai="4,10,14,23,25,30,73,74,75,83,85,90,101,103" machi="74" ten="40,2000,0" yaku="1,1,53,0" doraHai="45" doraHaiUra="110" who="0" fromWho="2" sc="240,30,250,0,250,-20,250,0" /><INIT seed="0,1,0,0,4,115" ten="270,250,230,250" oya="0" hai0="75,51,84,0,78,45,129,81,46,5,74,8,22" hai1="91,103,134,124,26,60,47,126,53,85,61,128,79" hai2="108,125,87,89,2,48,65,57,31,18,116,120,52" hai3="25,93,44,111,100,97,106,68,19,94,29,92,73"/><T121/><D121/><U55/><E134/><V101/><F2/><W131/><G131/><T16/><D129/><U12/><E128/><V38/><F38/><W6/><G111/><T4/><D4/><U62/><E79/><V1/><F1/><W39/><G73/><T32/><D32/><U113/><E113/><V112/><F120/><W15/><G6/><T105/><D105/><U83/><E103/><V69/><F112/><W80/><G80/><T41/><REACH who="0" step="1"/><D46/><REACH who="0" ten="260,250,230,250" step="2"/><U33/><E47/><V99/><F125/><W118/><G44/><T119/><D119/><U9/><E126/><V82/><F116/><W24/><G118/><T96/><D96/><U88/><E124/><V42/><F99/><W54/><G97/><T104/><D104/><U34/><E34/><V10/><F101/><W127/><G100/><T23/><D23/><U13/><E9/><V114/><F114/><W130/><G106/><T59/><D59/><U49/><E33/><V76/><F10/><N who="3" m="6647" /><G130/><T86/><D86/><U17/><E85/><V58/><F87/><W28/><G127/><T3/><D3/><U20/><E20/><V67/><F58/><W70/><G70/><T66/><D66/><U90/><E83/><V98/><F67/><W40/><G68/><T109/><D109/><U14/><E17/><V122/><F18/><W35/><G35/><T133/><D133/><U27/><E49/><V7/><F69/><W107/><G107/><T135/><D135/><U110/><E110/><V50/><F108/><W36/><G36/><T102/><D102/><U43/><E43/><V77/><F122/><RYUUKYOKU ba="1,1" sc="260,15,250,15,230,-15,250,-15" hai0="0,5,8,16,22,41,45,51,74,75,78,81,84" hai1="12,13,14,26,27,53,55,60,61,62,88,90,91" /><INIT seed="0,2,1,1,4,70" ten="275,265,215,235" oya="0" hai0="29,110,47,8,120,118,15,76,87,85,99,59,33" hai1="23,10,16,91,80,4,54,34,42,126,30,11,40" hai2="45,61,94,83,32,88,93,36,123,112,116,69,38" hai3="101,52,106,56,84,135,64,128,129,98,6,39,14"/><T115/><D115/><U67/><E126/><V127/><F112/><W13/><G135/><T90/><D118/><U21/><E67/><V96/><F116/><W78/><G64/><T134/><D120/><U65/><E65/><V62/><F123/><W2/><G2/><T50/><D134/><U60/><E34/><V63/><F69/><W133/><G133/><T108/><D59/><N who="1" m="34935" /><E30/><V121/><F121/><W73/><G73/><T43/><D33/><U75/><E75/><V74/><F32/><W48/><G6/><T113/><D29/><U51/><E4/><V95/><F127/><W25/><G25/><T17/><D113/><U37/><E37/><V41/><REACH who="2" step="1"/><F38/><REACH who="2" ten="275,265,205,235" step="2"/><W130/><G39/><T28/><D28/><U27/><E21/><V57/><F57/><W18/><G18/><T82/><REACH who="0" step="1"/><D99/><REACH who="0" ten="265,265,205,235" step="2"/><U49/><E10/><V124/><F124/><W46/><G56/><T7/><D7/><U68/><E11/><V104/><F104/><W122/><G122/><T89/><D89/><U86/><E68/><V79/><AGARI ba="2,3" hai="36,41,45,61,62,63,74,79,83,88,93,94,95,96" machi="79" ten="30,7900,0" yaku="1,1,0,1,52,1,54,1,53,0" doraHai="70" doraHaiUra="109" who="2" fromWho="2" sc="265,-41,265,-22,205,115,235,-22" /><INIT seed="1,0,0,0,5,71" ten="224,243,320,213" oya="1" hai0="22,14,83,7,90,73,117,63,36,89,109,17,75" hai1="102,123,129,134,32,41,64,108,103,85,47,107,56" hai2="34,133,93,119,77,54,39,104,84,126,58,135,132" hai3="87,11,91,13,106,2,6,1,16,45,8,86,97"/><U105/><E123/><V111/><F104/><N who="1" m="40009" /><E32/><V68/><F68/><W127/><G127/><T116/><D109/><U12/><E12/><V112/><F34/><W100/><G1/><T95/><D36/><U23/><E23/><V120/><F120/><W96/><G91/><T115/><D115/><U124/><E64/><V78/><F112/><W70/><G70/><T18/><D7/><U38/><E56/><V125/><F111/><W60/><G96/><T30/><D30/><U40/><E108/><V80/><F119/><W59/><REACH who="3" step="1"/><G45/><REACH who="3" ten="224,243,320,203" step="2"/><T88/><D117/><U52/><E124/><V128/><F126/><W81/><G81/><T118/><D116/><U61/><E47/><V4/><F125/><W62/><G62/><T98/><D118/><U74/><E61/><V10/><F135/><W42/><G42/><T65/><D83/><U66/><E40/><V76/><F80/><W48/><G48/><T121/><D121/><U55/><E41/><V37/><F133/><W24/><G24/><T92/><D90/><U49/><E134/><V20/><F132/><W79/><G79/><T9/><D63/><U67/><E49/><V26/><F78/><W82/><G82/><T114/><D114/><U27/><E27/><V25/><F77/><W29/><G29/><T33/><D89/><U94/><E102/><V69/><F26/><W72/><G72/><T51/><D73/><U53/><E74/><V5/><F25/><W43/><G43/><T131/><D75/><U101/><E103/><V50/><F69/><W35/><G35/><T46/><D33/><U110/><E101/><RYUUKYOKU ba="0,1" sc="224,-10,243,-10,320,-10,203,30" hai3="2,6,8,11,13,16,59,60,86,87,97,100,106" /><INIT seed="2,1,1,3,3,36" ten="214,233,310,233" oya="2" hai0="96,42,6,71,65,116,20,102,15,45,23,52,105" hai1="4,83,39,2,70,67,128,37,44,62,103,27,95" hai2="28,64,82,8,85,74,40,108,60,107,16,58,29" hai3="10,121,69,133,81,127,22,114,97,98,41,109,72"/><V79/><F107/><W91/><G121/><T120/><D120/><U131/><E27/><V101/><F101/><W59/><G69/><T89/><D116/><U111/><E111/><V78/><F108/><W31/><G109/><T100/><D102/><U46/><E83/><V99/><F99/><W14/><G127/><T86/><D52/><U113/><E4/><V30/><F74/><W7/><G133/><T76/><D76/><U49/><E2/><V19/><F78/><W3/><G72/><T43/><D6/><U75/><E75/><V26/><F26/><N who="3" m="16855" /><G3/><T110/><D110/><U125/><E44/><V112/><F112/><W9/><G9/><T11/><D65/><U88/><E103/><V68/><F68/><W129/><G129/><N who="1" m="49738" /><E125/><V34/><F34/><W63/><G41/><T77/><D71/><U117/><E117/><V132/><F132/><W54/><G114/><T119/><D119/><U126/><E126/><V92/><F92/><N who="3" m="56479" /><G98/><T57/><D77/><U53/><E113/><V33/><F33/><W55/><G81/><N who="0" m="49359" /><D42/><U0/><E0/><V66/><F66/><AGARI ba="1,1" hai="7,10,14,54,55,59,63,66" m="56479,16855" machi="66" ten="30,1000,0" yaku="8,1" doraHai="36" who="3" fromWho="2" sc="214,0,233,0,310,-13,233,23" /><INIT seed="3,0,0,3,1,66" ten="214,233,297,256" oya="3" hai0="75,135,22,88,5,14,52,68,1,48,40,70,90" hai1="49,131,121,96,119,112,30,42,98,12,74,17,111" hai2="97,89,64,24,54,81,123,101,38,128,10,23,109" hai3="106,58,107,91,84,76,4,8,120,60,25,72,31"/><W63/><G120/><T79/><D40/><U113/><E121/><V133/><F123/><W26/><G72/><T28/><D135/><U92/><E74/><V69/><F38/><W104/><G76/><T34/><D1/><U45/><E131/><V94/><F128/><W83/><G31/><T116/><D116/><U78/><E111/><V110/><F69/><W134/><G134/><T53/><D34/><U46/><E119/><V67/><F133/><W124/><G124/><T71/><D5/><U59/><E78/><V95/><F81/><W36/><G36/><T102/><D102/><U65/><E30/><V7/><F54/><W13/><REACH who="3" step="1"/><G63/><REACH who="3" ten="214,233,297,246" step="2"/><T118/><D118/><U77/><E77/><V35/><F110/><W44/><G44/><T105/><D105/><U61/><E45/><V50/><F109/><W41/><G41/><T43/><D43/><U57/><E113/><V2/><F35/><W127/><G127/><T39/><D39/><U18/><E112/><V73/><F73/><W130/><G130/><T62/><D62/><U108/><E108/><V56/><F50/><W33/><G33/><T29/><D29/><U16/><E46/><V37/><F37/><W51/><G51/><T85/><D75/><U11/><E42/><V19/><F56/><W0/><G0/><T132/><D132/><U9/><E57/><V80/><F2/><W114/><G114/><T27/><D14/><N who="1" m="7247" /><E49/><V125/><F125/><W126/><G126/><T55/><REACH who="0" step="1"/><D48/><REACH who="0" ten="204,233,297,246" step="2"/><U6/><E12/><V122/><F122/><W129/><G129/><T117/><D117/><U82/><E61/><RYUUKYOKU ba="0,2" sc="204,15,233,-15,297,-15,246,15" hai0="22,27,28,52,53,55,68,70,71,79,85,88,90" hai3="4,8,13,25,26,58,60,83,84,91,104,106,107" /><INIT seed="3,1,2,0,5,112" ten="219,218,282,261" oya="3" hai0="82,18,32,8,9,12,85,47,22,128,5,120,35" hai1="72,76,49,78,75,33,62,6,29,48,57,95,79" hai2="56,87,83,90,40,103,55,104,132,108,119,65,42" hai3="59,111,94,68,13,100,99,58,81,28,118,84,3"/><W23/><G118/><T39/><D120/><U102/><E72/><V74/><F119/><W31/><G68/><T130/><D39/><U20/><E33/><N who="0" m="12873" /><D47/><U116/><E6/><V134/><F74/><W89/><G3/><N who="0" m="63" /><D85/><U50/><E75/><V16/><F65/><W60/><G111/><T96/><D96/><N who="1" m="59679" /><E116/><V115/><F108/><W69/><G69/><T91/><D91/><U4/><E4/><V19/><F103/><W121/><G121/><T52/><D82/><U113/><E113/><V66/><F66/><N who="3" m="39191" /><G59/><T36/><D36/><U97/><E97/><V101/><F101/><W0/><G0/><T122/><D122/><U44/><E44/><V88/><F104/><W10/><G23/><T92/><D92/><U70/><E70/><V107/><F107/><W26/><G26/><N who="0" m="14679" /><D52/><N who="1" m="34087" /><E50/><V46/><F115/><W1/><G1/><T24/><D24/><AGARI ba="1,2" hai="20,24,29,48,49,76,78,79" m="34087,59679" machi="24" ten="30,2000,0" yaku="8,1,54,1" doraHai="112" who="1" fromWho="0" sc="219,-23,218,43,282,0,261,0" /><INIT seed="4,0,0,4,1,107" ten="196,261,282,261" oya="0" hai0="134,8,56,128,132,12,18,65,3,123,54,48,21" hai1="85,14,88,61,27,36,95,43,66,41,58,94,93" hai2="111,82,42,92,76,122,73,116,70,81,75,1,91" hai3="31,6,51,130,7,53,50,72,60,23,84,89,74"/><T71/><D123/><U68/><E27/><V78/><F122/><W98/><G60/><T120/><D120/><U37/><E14/><V47/><F116/><W64/><G64/><T15/><D128/><U131/><E131/><V87/><F70/><W45/><G130/><T124/><D3/><U62/><E43/><V33/><F1/><W69/><G69/><T35/><D35/><U40/><E41/><V96/><F33/><W44/><G98/><T52/><D124/><U19/><E19/><V108/><F96/><W104/><G104/><T10/><D54/><U79/><E79/><V20/><F20/><W119/><G119/><T118/><D118/><U5/><E5/><V25/><F25/><W24/><G7/><T17/><REACH who="0" step="1"/><D21/><REACH who="0" ten="186,261,282,261" step="2"/><U77/><E40/><V2/><F2/><W0/><G0/><T67/><D67/><U109/><E66/><V39/><AGARI ba="0,1" hai="39,42,47,73,75,76,78,81,82,87,91,92,108,111" machi="39" ten="20,8000,1" yaku="0,1,7,1,9,1,52,2" doraHai="107" who="2" fromWho="2" sc="186,-40,261,-20,282,90,261,-20" owari="146,-35.4,241,4.1,372,47.2,241,-15.9" /></mjloggm>