<mjloggm ver="2.3"><GO type="225" lobby="0"/><UN n0="%E4%B8%AD%E5%B9%B4%E3%81%AE%E5%8D%B1%E6%A9%9F" n1="%E3%83%A9%E3%83%96%E3%83%AC%E3%83%BC" n2="%43%68%65" n3="%E3%81%82%E3%82%93%E3%81%AA%E3%81%A4" dan="16,18,16,16" rate="2142.08,2255.89,2169.49,2121.43" sx="M,M,M,M"/><TAIKYOKU oya="0"/><INIT seed="0,0,0,0,3,133" ten="250,250,250,250" oya="0" hai0="27,72,5,107,50,111,70,71,128,39,125,121,118" hai1="108,49,132,122,117,82,35,4,81,62,76,92,64" hai2="119,90,85,57,94,22,20,2,34,110,100,67,127" hai3="19,116,102,33,83,58,30,31,124,77,53,105,86"/><T24/><RYUUKYOKU type="yao9" ba="0,0" sc="250,0,250,0,250,0,250,0" hai0="5,24,27,39,50,70,71,72,107,111,118,121,125,128" /><INIT seed="0,1,0,2,3,119" ten="250,250,250,250" oya="0" hai0="90,94,23,83,27,107,78,76,124,35,53,112,74" hai1="132,122,33,79,9,70,44,1,5,37,12,19,7" hai2="10,16,58,46,42,52,8,120,62,116,100,60,56" hai3="96,91,55,3,69,104,105,26,133,93,117,21,73"/><T32/><D112/><U17/><E70/><V98/><F116/><W41/><G117/><T49/><D107/><U47/><E79/><V61/><F120/><W28/><G73/><T31/><D78/><U131/><E33/><V97/><F97/><W29/><G133/><T68/><D68/><U38/><E132/><V77/><F77/><W40/><G69/><T34/><D124/><U11/><E131/><V101/><F101/><W121/><G3/><T51/><REACH who="0" step="1"/><D53/><REACH who="0" ten="240,250,250,250" step="2"/><U39/><E122/><V88/><F52/><W75/><G121/><T0/><D0/><U115/><E115/><V84/><F42/><W87/><G104/><T43/><D43/><U25/><E1/><V36/><F36/><W54/><G105/><T22/><D22/><U67/><E39/><V89/><F10/><W59/><G55/><T57/><D57/><U14/><E67/><V86/><F56/><W48/><G40/><T20/><D20/><U64/><E64/><V114/><F58/><W106/><G41/><T135/><D135/><U109/><E38/><V102/><F114/><W95/><G106/><T72/><D72/><U65/><E65/><V82/><F8/><W99/><G75/><T30/><D30/><U4/><E37/><V126/><F126/><W92/><REACH who="3" step="1"/><G29/><REACH who="3" ten="240,250,250,240" step="2"/><T63/><D63/><U118/><E118/><V103/><F62/><W71/><G71/><T2/><D2/><U134/><E134/><V123/><F61/><W18/><G18/><T85/><AGARI ba="1,2" hai="23,27,31,32,34,35,49,51,74,76,83,85,90,94" machi="85" ten="30,6000,0" yaku="1,1,0,1,53,1" doraHai="119" doraHaiUra="81" who="0" fromWho="0" sc="240,83,250,-21,250,-21,240,-21" /><INIT seed="0,2,0,3,2,20" ten="323,229,229,219" oya="0" hai0="76,2,56,35,87,114,50,91,111,18,34,33,132" hai1="64,52,128,96,14,134,27,105,39,84,97,78,48" hai2="131,53,69,31,72,62,57,19,0,77,117,5,29" hai3="120,133,118,100,79,89,90,44,129,108,15,23,26"/><T11/><D114/><U61/><E39/><V3/><F131/><W38/><G118/><T74/><D132/><U81/><E128/><V93/><F117/><W10/><G129/><T1/><D74/><U106/><E134/><V36/><F36/><W63/><G133/><T70/><D70/><U109/><E109/><V107/><F107/><W8/><G108/><T13/><D76/><U113/><E113/><V43/><F43/><W9/><G79/><T95/><D111/><U30/><E14/><V110/><F110/><W124/><G124/><T88/><REACH who="0" step="1"/><D91/><REACH who="0" ten="313,229,229,219" step="2"/><U92/><E78/><V67/><F77/><W115/><G115/><T17/><D17/><U46/><E97/><V60/><F72/><W102/><G90/><T41/><D41/><U82/><E96/><V112/><F112/><W54/><G89/><T66/><D66/><U126/><E84/><V71/><F71/><W47/><G120/><T99/><D99/><U7/><E126/><V51/><F19/><W73/><G73/><T58/><D58/><U98/><E106/><V104/><F104/><W68/><G68/><T42/><D42/><U130/><E105/><V80/><F69/><W119/><G119/><T121/><D121/><U37/><E130/><V6/><F67/><W101/><G54/><AGARI ba="2,1" hai="1,2,11,13,18,33,34,35,50,54,56,87,88,95" machi="54" ten="40,3900,0" yaku="1,1,54,1,53,0" doraHai="20" doraHaiUra="65" who="0" fromWho="3" sc="313,55,229,0,229,0,219,-45" /><INIT seed="0,3,0,4,1,21" ten="368,229,229,174" oya="0" hai0="10,67,106,127,72,33,100,114,46,35,36,123,90" hai1="62,133,73,70,50,83,27,115,82,0,97,78,130" hai2="29,12,131,3,49,108,22,120,16,69,75,113,39" hai3="102,4,42,122,30,61,118,55,32,86,34,59,134"/><T125/><D123/><U19/><E0/><V38/><F120/><W44/><G122/><T110/><D114/><U58/><E130/><V37/><F113/><W119/><G134/><T111/><D90/><U117/><E133/><V128/><F69/><W116/><G102/><T28/><D72/><U109/><E109/><N who="0" m="41481" /><D67/><U11/><E70/><V9/><F108/><W51/><G4/><T24/><D10/><U60/><E117/><V68/><F68/><W124/><G124/><N who="0" m="47691" /><D100/><U91/><E11/><V105/><F75/><W64/><G30/><T5/><D5/><U54/><E115/><V15/><F3/><W71/><REACH who="3" step="1"/><G86/><REACH who="3" ten="368,229,229,164" step="2"/><T48/><D106/><U1/><E73/><V87/><F105/><W84/><G84/><T13/><D36/><AGARI ba="3,1" hai="32,34,36,42,44,51,55,59,61,64,71,116,118,119" machi="36" ten="40,5200,0" yaku="1,1,24,2,53,0" doraHai="21" doraHaiUra="8" who="3" fromWho="0" sc="368,-61,229,0,229,0,164,71" /><INIT seed="1,0,0,3,2,106" ten="307,229,229,235" oya="1" hai0="26,43,53,44,16,133,105,27,73,128,32,93,68" hai1="125,51,45,2,29,113,28,5,127,117,109,62,64" hai2="9,108,15,47,74,50,33,94,70,0,22,24,107" hai3="95,87,99,48,21,118,71,52,78,39,80,11,111"/><U131/><E117/><V114/><F107/><W81/><G118/><T17/><D105/><U7/><E113/><V97/><F114/><W18/><G111/><T54/><D68/><U82/><E109/><V100/><F108/><W122/><G71/><T35/><D93/><U38/><E38/><V96/><F70/><W115/><G115/><T101/><D44/><U40/><E131/><V42/><F33/><W119/><G39/><T12/><D12/><U91/><E2/><V69/><F0/><W46/><G122/><T86/><D86/><N who="1" m="50647" /><E62/><V23/><F69/><W4/><G81/><T121/><D101/><U130/><E64/><V110/><F110/><W116/><G11/><T3/><D3/><U123/><E123/><V129/><F129/><W135/><G135/><T13/><D13/><U1/><E1/><V59/><F74/><W98/><G4/><N who="1" m="1610" /><E130/><V19/><F97/><W112/><G99/><T85/><D85/><U102/><E102/><V90/><F100/><W132/><G132/><T89/><D128/><U104/><E104/><V31/><F59/><W34/><G34/><T61/><D133/><U63/><E63/><V41/><REACH who="2" step="1"/><F9/><REACH who="2" ten="307,229,219,235" step="2"/><W20/><G112/><T79/><D73/><U88/><E127/><V75/><F75/><W6/><G116/><T134/><D134/><U25/><E125/><V49/><F49/><W55/><G119/><T103/><D61/><U77/><E51/><V14/><F14/><W76/><G48/><T65/><D103/><U66/><E25/><V126/><F126/><W124/><G124/><T56/><D27/><U92/><E45/><RYUUKYOKU ba="0,1" sc="307,-10,229,-10,219,30,235,-10" hai2="15,19,22,23,24,31,41,42,47,50,90,94,96" /><INIT seed="2,1,1,3,1,90" ten="297,219,249,225" oya="2" hai0="26,115,75,0,62,101,103,112,24,17,32,13,88" hai1="44,124,20,108,93,48,109,22,40,41,15,56,68" hai2="89,131,64,59,42,58,39,55,99,132,30,119,12" hai3="84,83,77,111,95,91,105,61,125,53,7,104,8"/><V50/><F119/><W117/><G111/><N who="1" m="42570" /><E68/><V107/><F132/><W126/><G117/><T85/><D75/><U100/><E124/><N who="3" m="47722" /><G53/><T121/><D0/><U80/><E80/><V73/><F73/><N who="3" m="43439" /><G61/><T135/><D121/><U52/><E15/><AGARI ba="1,1" hai="7,8,15,84,91,95,104,105" m="43439,47722" machi="15" ten="30,2000,0" yaku="18,1,52,1" doraHai="90" who="3" fromWho="1" sc="297,0,219,-23,249,0,225,33" /><INIT seed="3,0,0,4,5,61" ten="297,196,249,258" oya="3" hai0="124,51,19,129,115,48,96,114,23,10,11,95,33" hai1="133,15,92,68,25,66,101,18,16,58,26,128,2" hai2="74,104,53,90,8,32,123,72,41,37,89,83,14" hai3="49,85,87,20,100,17,39,80,71,79,107,76,50"/><W46/><G71/><T103/><D33/><U112/><E112/><N who="0" m="43049" /><D124/><U60/><E128/><V119/><F119/><W111/><G111/><T134/><D134/><U38/><E38/><V4/><F32/><W27/><G39/><T57/><D129/><U0/><E133/><V120/><F104/><W5/><G5/><T116/><D116/><U56/><E0/><V64/><F53/><W35/><G35/><T28/><D28/><U88/><E2/><V98/><F98/><W40/><G50/><N who="0" m="18987" /><D57/><U69/><E69/><V31/><F31/><W82/><G107/><T81/><D81/><U118/><E118/><V78/><F74/><W109/><G109/><T62/><D62/><N who="1" m="38215" /><E68/><V122/><F64/><W94/><G94/><T6/><D6/><U86/><E101/><AGARI ba="0,0" hai="17,20,27,40,46,49,76,79,80,82,85,87,100,101" machi="101" ten="40,3900,0" yaku="9,1,8,1" doraHai="61" who="3" fromWho="1" sc="297,0,196,-39,249,0,258,39" /><INIT seed="3,1,0,5,1,120" ten="297,157,249,297" oya="3" hai0="83,4,47,96,17,34,6,126,86,131,99,49,113" hai1="95,36,54,67,135,52,53,111,21,48,97,75,84" hai2="121,30,37,56,123,115,119,77,16,2,39,62,45" hai3="112,87,55,31,26,40,134,28,108,15,58,78,71"/><W61/><G108/><T59/><D34/><U14/><E75/><V0/><F119/><W125/><G112/><T106/><D113/><U124/><E36/><V90/><F115/><W101/><G125/><T25/><D59/><U65/><E124/><V29/><F77/><W3/><G3/><T110/><D110/><U104/><E104/><V98/><F98/><N who="0" m="37418" /><D106/><U43/><E135/><V63/><F56/><W72/><G72/><T18/><D126/><U133/><E133/><V107/><F107/><W100/><G71/><T9/><D131/><U74/><E74/><V38/><F38/><W57/><G40/><N who="0" m="24807" /><D25/><U88/><E97/><V44/><F90/><W105/><G15/><N who="0" m="5543" /><D6/><U93/><E111/><V35/><F35/><W24/><G105/><T129/><D129/><U11/><E21/><V122/><F122/><W116/><G58/><T73/><D73/><U76/><E76/><AGARI ba="1,0" hai="17,18,76,83,86" m="5543,24807,37418" machi="76" ten="30,2000,0" yaku="25,1,8,1" doraHai="120" who="0" fromWho="1" sc="297,23,157,-23,249,0,297,0" owari="320,42.0,134,-36.6,249,-15.1,297,9.7" /></mjloggm>