<mjloggm ver="2.3"><GO type="225" lobby="0"/><UN n0="%E3%81%A1%E3%82%85%E3%81%86%E3%81%A9%E3%81%8F%E8%B1%A1%E3%81%95%E3%82%93" n1="%E3%81%A9%E3%82%8F%E3%82%93%E3%81%94" n2="%43%68%65" n3="%E3%81%AF%E3%82%88%E3%81%8A%E3%81%98%E3%81%95%E3%82%93" dan="17,16,16,16" rate="2206.68,2180.44,2117.77,2132.26" sx="M,M,M,M"/><TAIKYOKU oya="0"/><INIT seed="0,0,0,5,5,102" ten="250,250,250,250" oya="0" hai0="40,74,126,20,125,45,107,104,103,53,55,128,76" hai1="117,67,133,122,62,115,22,10,97,86,46,98,87" hai2="132,52,43,109,60,92,26,108,0,95,88,31,83" hai3="129,59,120,78,65,112,34,105,93,42,121,57,8"/><T35/><D35/><U110/><E122/><N who="3" m="47210" /><G34/><T81/><D128/><U61/><E117/><V24/><F0/><W9/><G112/><T82/><D20/><U4/><E110/><N who="2" m="42603" /><F43/><W101/><G129/><T100/><D81/><U15/><E133/><V48/><F60/><N who="3" m="38031" /><G42/><T29/><D29/><U16/><E46/><N who="2" m="27671" /><F132/><W30/><G30/><T68/><D68/><U25/><E115/><V77/><F26/><W89/><G59/><T106/><D100/><U3/><E62/><V5/><F5/><W38/><G38/><N who="0" m="21655" /><D103/><U2/><E2/><V116/><F116/><W111/><G78/><T63/><D63/><U84/><REACH who="1" step="1"/><E3/><REACH who="1" ten="250,240,250,250" step="2"/><V134/><F134/><W90/><G111/><T79/><D79/><U14/><E14/><V19/><F77/><W130/><G130/><T73/><D74/><U11/><E11/><V99/><F24/><W51/><G8/><T54/><D73/><U70/><AGARI ba="0,1" hai="4,10,15,16,22,25,61,67,70,84,86,87,97,98" machi="70" ten="30,4000,0" yaku="1,1,0,1,54,1,53,0" doraHai="102" doraHaiUra="37" who="1" fromWho="1" sc="250,-20,240,50,250,-10,250,-10" /><INIT seed="1,0,0,4,3,126" ten="230,290,240,240" oya="1" hai0="60,97,6,95,20,105,33,56,64,53,122,103,132" hai1="92,106,129,81,113,115,68,32,31,121,16,96,55" hai2="135,13,93,19,58,118,10,3,18,116,71,70,8" hai3="62,88,123,27,59,98,73,104,5,133,4,49,51"/><U24/><E121/><V21/><F135/><W34/><G123/><T45/><D122/><U50/><E68/><V44/><F44/><W134/><G73/><T87/><D33/><U91/><E106/><V124/><F124/><W42/><G34/><T125/><D125/><U109/><E109/><V36/><F36/><W84/><G27/><T11/><D132/><N who="3" m="50793" /><G98/><T101/><D20/><U43/><E43/><V86/><F58/><W37/><G104/><T120/><D120/><U114/><E81/><V83/><F93/><N who="3" m="54407" /><G37/><T72/><D72/><U94/><E94/><V99/><F99/><W89/><G89/><T29/><D29/><U77/><E77/><V15/><F118/><W85/><G85/><T9/><D6/><N who="3" m="2665" /><G42/><T23/><D23/><U30/><E32/><V35/><F35/><W112/><G112/><T12/><D12/><U75/><E75/><V82/><F116/><W14/><G14/><T2/><D2/><U100/><E91/><V25/><F3/><W79/><G79/><T108/><D108/><U130/><E24/><V0/><F0/><W78/><G78/><T63/><D105/><U119/><E119/><V28/><F83/><W1/><G1/><T117/><D117/><U22/><E22/><V67/><F67/><AGARI ba="0,0" hai="49,51,59,62,67" m="2665,54407,50793" machi="67" ten="30,2000,0" yaku="20,1,54,1" doraHai="126" who="3" fromWho="2" sc="230,0,290,0,240,-20,240,20" /><INIT seed="2,0,0,0,0,119" ten="230,290,220,260" oya="2" hai0="77,84,44,75,19,21,100,42,63,68,126,120,135" hai1="122,37,82,41,1,92,15,96,132,20,54,112,99" hai2="111,105,74,128,27,24,52,83,123,89,4,2,7" hai3="45,79,64,106,133,8,18,88,29,11,22,5,91"/><V118/><F118/><W97/><G133/><T43/><D75/><U65/><E112/><V80/><F105/><W31/><G106/><T98/><D135/><U12/><E1/><V121/><F128/><W72/><G72/><T125/><D68/><U0/><E0/><V10/><F111/><W25/><G79/><T40/><D63/><U60/><E132/><V134/><F134/><W109/><G109/><T3/><D3/><U6/><E82/><V127/><F127/><N who="0" m="48650" /><D77/><U38/><E54/><V101/><F101/><W104/><G104/><N who="0" m="63511" /><D84/><U129/><E60/><V103/><F103/><W102/><G64/><T114/><D114/><U67/><E65/><V110/><F110/><W86/><G102/><T108/><D108/><U26/><E67/><V66/><F66/><W85/><G97/><T94/><D94/><U50/><E99/><V13/><F74/><W34/><G45/><T115/><D115/><U35/><E96/><V48/><F83/><N who="3" m="49215" /><G34/><T81/><D81/><U131/><E35/><V14/><F80/><N who="3" m="49607" /><G5/><T107/><D107/><U116/><E6/><V90/><F2/><W57/><G57/><T78/><D78/><U36/><E116/><V32/><F32/><W33/><G33/><T59/><D59/><U69/><E69/><V17/><F7/><W23/><G29/><T62/><D62/><U30/><E131/><V9/><F90/><W93/><G93/><T56/><D56/><U58/><E129/><V39/><F89/><W87/><G87/><T47/><D120/><N who="2" m="46154" /><F39/><W28/><G31/><T53/><D53/><N who="1" m="32055" /><E122/><V95/><F95/><W113/><G113/><RYUUKYOKU ba="0,0" sc="230,10,290,-30,220,10,260,10" hai0="19,21,40,42,43,44,47" hai2="4,9,10,13,14,17,24,27,48,52" hai3="8,11,18,22,23,25,28" /><INIT seed="2,1,0,1,2,27" ten="240,260,230,270" oya="2" hai0="65,76,111,73,75,50,22,92,41,70,42,134,16" hai1="81,101,131,62,34,10,35,84,85,7,128,48,8" hai2="2,106,25,5,58,69,52,107,79,51,103,36,96" hai3="110,117,129,31,28,47,123,95,98,39,55,87,23"/><V82/><F69/><W17/><G117/><T30/><D111/><U29/><E101/><V19/><F36/><W109/><G123/><T97/><D134/><U14/><E62/><V116/><F116/><W74/><G74/><T114/><D114/><U3/><E48/><V68/><F68/><W115/><G115/><T63/><D76/><U118/><E118/><V18/><F107/><W72/><G72/><T127/><D127/><U33/><E81/><V71/><F71/><W66/><G66/><T105/><D105/><U1/><E84/><V49/><F49/><N who="3" m="29119" /><G39/><T120/><D120/><U26/><E85/><V94/><F106/><W40/><G129/><N who="1" m="49738" /><E3/><V9/><REACH who="2" step="1"/><F25/><REACH who="2" ten="240,260,220,270" step="2"/><N who="3" m="14575" /><G110/><T13/><D50/><U80/><E80/><V119/><F119/><W125/><G109/><T4/><D70/><U83/><E83/><V61/><F61/><W21/><G125/><T59/><D73/><AGARI ba="1,1" hai="2,5,9,18,19,51,52,58,73,79,82,94,96,103" machi="73" ten="30,11600,0" yaku="1,1,7,1,54,1,53,1" doraHai="27" doraHaiUra="44" who="2" fromWho="0" sc="240,-119,260,0,220,129,270,0" /><INIT seed="2,2,0,4,0,39" ten="121,260,349,270" oya="2" hai0="15,116,67,87,134,65,33,66,56,97,49,6,110" hai1="17,46,7,58,37,10,69,34,64,91,85,61,86" hai2="43,135,94,105,129,80,45,117,79,11,114,118,84" hai3="76,1,90,52,35,27,82,0,133,73,83,48,98"/><V78/><F114/><W130/><G130/><T115/><D115/><U103/><E34/><V100/><F129/><W77/><G133/><T106/><D33/><U2/><E103/><V20/><F135/><W92/><G27/><T72/><D134/><U14/><E69/><V95/><F105/><W36/><G36/><T131/><D72/><U75/><E75/><V44/><F79/><W59/><G35/><T50/><D110/><U63/><E63/><V120/><F120/><W18/><G18/><T32/><D32/><U31/><E31/><V112/><F112/><W62/><G62/><T113/><D113/><U22/><REACH who="1" step="1"/><E91/><REACH who="1" ten="121,250,349,270" step="2"/><V57/><F100/><W9/><G9/><T54/><D131/><U40/><AGARI ba="2,1" hai="2,7,10,14,17,22,37,40,46,58,61,64,85,86" machi="40" ten="30,7900,0" yaku="1,1,2,1,0,1,52,1,53,0" doraHai="39" doraHaiUra="23" who="1" fromWho="1" sc="121,-22,250,95,349,-41,270,-22" /><INIT seed="3,0,0,2,2,119" ten="99,345,308,248" oya="3" hai0="91,135,51,32,43,42,72,134,132,112,128,107,117" hai1="46,68,67,101,15,98,65,7,104,66,76,5,2" hai2="55,11,38,34,59,52,49,106,48,73,89,19,8" hai3="94,18,113,64,31,95,53,87,62,13,83,44,84"/><W20/><G113/><T61/><D32/><U26/><E2/><V116/><F116/><W9/><G87/><T29/><D117/><U90/><E68/><V75/><F38/><W110/><G110/><T99/><D29/><U85/><E26/><V130/><F130/><W105/><G105/><T86/><D112/><U16/><E46/><V36/><F36/><W27/><G64/><T60/><D72/><U100/><E76/><V21/><F34/><W93/><G62/><T124/><D99/><U40/><E40/><V28/><F106/><W24/><G24/><T3/><D3/><U77/><E77/><V63/><F63/><W54/><REACH who="3" step="1"/><G44/><REACH who="3" ten="99,345,308,238" step="2"/><T97/><D128/><U129/><E129/><V23/><F75/><W50/><G50/><T0/><D124/><U25/><E25/><N who="2" m="16431" /><F73/><W114/><G114/><T123/><D0/><U22/><REACH who="1" step="1"/><E101/><REACH who="1" ten="99,335,308,238" step="2"/><V103/><F103/><W96/><G96/><T56/><D97/><U118/><E118/><V39/><F89/><AGARI ba="0,2" hai="9,13,18,20,27,31,53,54,83,84,89,93,94,95" machi="89" ten="40,7700,0" yaku="1,1,8,1,53,1" doraHai="119" doraHaiUra="80" who="3" fromWho="2" sc="99,0,335,0,308,-77,238,97" /><INIT seed="3,1,0,2,5,15" ten="99,335,231,335" oya="3" hai0="23,120,84,115,55,8,68,20,16,133,62,21,104" hai1="94,130,110,91,80,103,112,33,1,93,129,28,70" hai2="114,108,121,44,98,22,14,9,81,29,6,124,128" hai3="30,113,7,77,88,46,12,131,17,13,97,92,0"/><W45/><G113/><T66/><D120/><U11/><E112/><V79/><F114/><W85/><G131/><N who="1" m="50186" /><E110/><V67/><F128/><W43/><G0/><T109/><D115/><U89/><E70/><V87/><F108/><W35/><G35/><T40/><D109/><U102/><E80/><V82/><F121/><W42/><G30/><T4/><D104/><U107/><E107/><V134/><F124/><W63/><G63/><T83/><D133/><U50/><E50/><V26/><F134/><W64/><G64/><T100/><D40/><N who="3" m="15401" /><G12/><T56/><D100/><N who="1" m="38443" /><E28/><V111/><F111/><W36/><G7/><T127/><D127/><U48/><E33/><V32/><F67/><W122/><G36/><T18/><D66/><U24/><E24/><V47/><F98/><W49/><G122/><T60/><D60/><U71/><E71/><V74/><F32/><W59/><G97/><T125/><D68/><U86/><E48/><V105/><F105/><W116/><G77/><T41/><D41/><U54/><E54/><V106/><F106/><W135/><G116/><T5/><D125/><U10/><E1/><V51/><F51/><W19/><G135/><T69/><D69/><U53/><E53/><V25/><F25/><W99/><G99/><AGARI ba="1,0" hai="10,11,86,89,91,93,94,99" m="38443,50186" machi="99" ten="30,1000,0" yaku="19,1" doraHai="15" who="1" fromWho="3" sc="99,0,335,13,231,0,335,-13" owari="99,-40.1,348,44.8,231,-16.9,322,12.2" /></mjloggm>