<mjloggm ver="2.3"><GO type="225" lobby="0"/><UN n0="%52%61%69%61%6E%2E" n1="%72%69%6F%75%63%68%61%6E" n2="%E3%81%BF%E3%81%BF%E3%81%9A" n3="%6B%6F%64%61%6D%61%6E%37" dan="16,17,18,16" rate="2007.56,2265.88,2245.43,2083.56" sx="M,M,M,M"/><TAIKYOKU oya="0"/><INIT seed="0,0,0,1,3,37" ten="250,250,250,250" oya="0" hai0="110,1,112,36,43,64,131,132,106,128,133,78,2" hai1="23,69,42,8,30,107,84,99,67,24,123,58,55" hai2="76,82,60,12,50,87,47,70,89,102,63,7,75" hai3="114,21,135,118,113,46,28,111,92,105,91,130,74"/><T49/><D106/><U93/><E123/><V27/><F102/><W6/><G6/><T88/><D36/><U129/><E129/><N who="0" m="49737" /><D78/><U38/><E107/><V5/><F27/><W29/><G91/><T98/><D64/><U90/><E69/><V61/><F70/><W32/><G92/><N who="0" m="56583" /><D112/><U13/><E67/><V0/><F0/><N who="0" m="106" /><D110/><U16/><E99/><V62/><N who="2" m="15360" /><DORA hai="121" /><V45/><F12/><W51/><G111/><T3/><N who="0" m="114" /><T109/><DORA hai="104" /><D109/><U33/><E38/><V22/><F22/><W25/><G105/><T79/><D79/><U40/><E33/><V11/><F11/><W77/><G21/><T68/><D68/><U20/><REACH who="1" step="1"/><E8/><REACH who="1" ten="250,240,250,250" step="2"/><V9/><F9/><W115/><G114/><T101/><D101/><U96/><E96/><V41/><F5/><W134/><G113/><T53/><D43/><U44/><E44/><AGARI ba="0,1" hai="44,49,53,132,133" m="114,56583,49737" machi="44" ten="50,4800,0" yaku="19,1,54,1" doraHai="37,121,104" who="0" fromWho="1" sc="250,58,240,-48,250,0,250,0" /><INIT seed="0,1,0,1,3,57" ten="308,192,250,250" oya="0" hai0="25,16,15,96,117,41,45,31,44,26,19,105,133" hai1="77,78,61,130,128,123,39,13,107,129,59,79,23" hai2="12,131,119,53,100,55,88,84,33,103,121,89,0" hai3="40,87,112,17,42,46,74,21,94,95,99,98,126"/><T63/><D117/><U106/><E123/><V113/><F0/><W81/><G112/><T120/><D120/><U5/><E39/><V30/><F121/><W48/><G126/><T24/><D133/><U68/><E68/><V108/><F113/><W7/><G42/><T109/><D109/><U75/><E75/><V85/><F108/><W8/><G74/><T4/><D31/><U32/><E32/><V132/><F132/><W3/><G98/><T134/><D134/><U62/><E23/><V135/><F135/><W60/><G99/><T69/><D105/><N who="1" m="39947" /><E59/><V101/><F119/><W118/><G60/><N who="1" m="23146" /><E13/><V43/><F131/><W93/><G118/><T2/><D96/><U1/><E5/><V64/><F64/><W80/><REACH who="3" step="1"/><G87/><REACH who="3" ten="308,192,250,240" step="2"/><T58/><D69/><U65/><E65/><V110/><F84/><W52/><G52/><N who="0" m="34247" /><D2/><AGARI ba="1,1" hai="1,2,77,78,79,128,129,130" m="23146,39947" machi="2" ten="40,12000,2" yaku="28,2,19,1,52,3" doraHai="57" who="1" fromWho="0" sc="308,-123,192,133,250,0,240,0" /><INIT seed="1,0,0,0,0,76" ten="185,325,250,240" oya="1" hai0="116,97,60,96,43,65,45,79,80,8,67,117,132" hai1="104,124,98,59,74,28,72,0,127,119,105,54,128" hai2="94,40,18,101,19,12,133,39,86,44,62,57,103" hai3="70,25,4,111,77,109,56,93,1,15,38,35,30"/><U49/><E119/><V66/><F133/><W68/><G38/><T63/><D8/><U118/><E118/><V16/><REACH who="2" step="1"/><F12/><REACH who="2" ten="185,325,240,240" step="2"/><W61/><G15/><T100/><D132/><U112/><E127/><V64/><F64/><W126/><G126/><T99/><D116/><U69/><E124/><V114/><F114/><W129/><G109/><T123/><D117/><U88/><E112/><V34/><F34/><W135/><G111/><T75/><D123/><U81/><E0/><V17/><N who="2" m="4096" /><DORA hai="113" /><V6/><F6/><W41/><G4/><T125/><D125/><U32/><E32/><V47/><F47/><W102/><G1/><T13/><D13/><U110/><E110/><V90/><AGARI ba="0,1" hai="39,40,44,57,62,66,86,90,94,101,103" m="4096" machi="90" ten="40,8000,1" yaku="1,1,0,1,54,1,53,2" doraHai="76,113" doraHaiUra="58,89" who="2" fromWho="2" sc="185,-20,325,-40,240,90,240,-20" /><INIT seed="2,0,0,3,0,119" ten="165,285,330,220" oya="2" hai0="117,7,125,0,72,4,29,118,36,37,114,85,134" hai1="107,78,127,94,14,45,132,124,129,83,79,39,86" hai2="57,22,71,80,47,46,3,34,28,30,116,122,115" hai3="18,26,69,104,67,35,90,62,105,95,64,54,15"/><V55/><F115/><W84/><G67/><T59/><D72/><U87/><E39/><V121/><F71/><W106/><G26/><T38/><D114/><U100/><E45/><V82/><F3/><W21/><G35/><T16/><D29/><U68/><E68/><V77/><F34/><W70/><G70/><T27/><D134/><U42/><E42/><V40/><F116/><N who="0" m="44650" /><D125/><N who="1" m="48203" /><E14/><V51/><F46/><W103/><REACH who="3" step="1"/><G54/><REACH who="3" ten="165,285,330,210" step="2"/><T11/><D27/><U89/><E132/><V66/><F66/><W56/><G56/><T32/><D32/><U113/><E113/><V24/><F30/><W75/><G75/><T1/><D59/><U60/><E60/><V48/><F82/><W50/><G50/><T65/><D65/><U131/><E78/><V81/><F80/><W74/><G74/><AGARI ba="0,1" hai="22,24,28,40,47,48,51,55,57,74,77,81,121,122" machi="74" ten="30,5800,0" yaku="7,1,52,2" doraHai="119" who="2" fromWho="3" sc="165,0,285,0,330,68,210,-58" /><INIT seed="2,1,0,0,1,107" ten="165,285,398,152" oya="2" hai0="19,32,31,57,43,65,98,116,17,109,15,40,62" hai1="13,78,29,24,89,96,122,82,111,51,113,104,6" hai2="27,2,23,53,4,59,84,110,112,76,73,47,22" hai3="8,92,72,117,38,63,95,11,101,100,44,130,127"/><V134/><F112/><W94/><G117/><T64/><D116/><U129/><E113/><V58/><F84/><W66/><G130/><T68/><D109/><U87/><E111/><V79/><F110/><W54/><G127/><T132/><D132/><U88/><E129/><V3/><F47/><W131/><G131/><T26/><D65/><U35/><E122/><V45/><F45/><W55/><G72/><T125/><D125/><U93/><E104/><V25/><F4/><W74/><G74/><T70/><D17/><U60/><E60/><V71/><F73/><W81/><G81/><T67/><D98/><U86/><E51/><V9/><F9/><N who="3" m="3659" /><G38/><T14/><D14/><U90/><E13/><V16/><F53/><N who="3" m="19979" /><G44/><T5/><D5/><U61/><E6/><V28/><F28/><W46/><G46/><T48/><D48/><U80/><REACH who="1" step="1"/><E61/><REACH who="1" ten="165,275,398,152" step="2"/><V75/><F2/><W120/><G120/><T42/><REACH who="0" step="1"/><D67/><REACH who="0" ten="155,275,398,152" step="2"/><U50/><E50/><V56/><F3/><W39/><G39/><T121/><D121/><U102/><AGARI ba="1,2" hai="24,29,35,78,80,82,86,87,88,89,90,93,96,102" machi="102" ten="20,5200,0" yaku="1,1,0,1,7,1,54,1,53,0" doraHai="107" doraHaiUra="128" who="1" fromWho="1" sc="155,-14,275,75,398,-27,152,-14" /><INIT seed="3,0,0,1,0,57" ten="141,350,371,138" oya="3" hai0="104,47,48,54,37,20,109,120,128,62,98,7,64" hai1="77,129,93,42,39,22,14,74,35,50,69,65,119" hai2="23,18,108,73,4,59,3,49,76,75,112,131,71" hai3="113,29,52,92,13,133,19,21,30,87,117,46,134"/><W121/><G117/><T40/><D120/><U83/><E35/><V84/><F71/><W45/><G113/><T5/><D109/><U95/><E119/><V110/><F112/><W100/><G121/><T17/><D128/><U102/><E39/><V122/><F122/><W63/><G133/><T28/><D28/><N who="3" m="10857" /><G134/><T127/><D127/><U58/><E129/><V135/><F131/><W85/><G85/><T123/><D123/><U114/><E114/><V53/><F135/><W86/><G86/><T70/><D98/><U0/><E0/><V103/><F4/><W118/><G118/><T6/><D104/><U24/><E102/><V1/><F103/><W31/><N who="3" m="10865" /><W67/><DORA hai="94" /><G67/><T99/><D99/><U132/><E132/><V27/><F84/><W106/><G106/><T78/><D78/><U96/><E24/><V89/><F89/><N who="3" m="53311" /><G100/><T43/><REACH who="0" step="1"/><D37/><REACH who="0" ten="131,350,371,138" step="2"/><U115/><E115/><V51/><F76/><W9/><G9/><T16/><D16/><N who="1" m="10519" /><E96/><V124/><F124/><W111/><G111/><T2/><D2/><U8/><E77/><V36/><F36/><W116/><G116/><T60/><D60/><N who="1" m="38039" /><E74/><N who="2" m="28171" /><F108/><W81/><G81/><T88/><D88/><U25/><E83/><V107/><F110/><W44/><G63/><T55/><D55/><AGARI ba="0,1" hai="13,19,21,44,45,46,52,55" m="53311,10865" machi="55" ten="40,3900,0" yaku="8,1,54,1" doraHai="57,94" who="3" fromWho="0" sc="131,-39,350,0,371,0,138,49" /><INIT seed="3,1,0,0,3,2" ten="92,350,371,187" oya="3" hai0="40,60,116,30,54,79,89,37,72,52,8,121,74" hai1="23,11,59,103,33,97,0,125,86,98,80,56,118" hai2="111,94,91,55,106,49,34,19,20,31,46,108,7" hai3="134,47,4,32,10,73,135,124,115,65,29,67,131"/><W21/><G73/><T102/><D116/><U36/><E33/><V58/><F106/><W85/><G115/><T9/><D121/><U63/><E36/><V24/><F7/><W61/><G32/><T127/><D102/><U104/><E118/><V22/><F46/><W76/><G47/><T90/><D30/><U17/><E125/><V133/><F133/><N who="3" m="50699" /><G131/><T38/><D60/><U77/><E98/><V93/><F93/><W126/><G85/><T83/><D127/><N who="3" m="48681" /><G76/><T27/><D27/><U6/><E63/><V120/><F120/><W50/><G50/><T119/><D119/><U51/><E51/><V92/><F34/><W95/><G95/><T117/><D117/><U78/><E78/><V62/><F49/><W71/><G67/><T41/><REACH who="0" step="1"/><D79/><REACH who="0" ten="82,350,371,187" step="2"/><U42/><E42/><V26/><F91/><W43/><G43/><T53/><D53/><U66/><E66/><V18/><F31/><W69/><G29/><T1/><D1/><U45/><E45/><V28/><F28/><W99/><G61/><T81/><AGARI ba="1,1" hai="8,9,37,38,40,41,52,54,72,74,81,83,89,90" machi="81" ten="25,8000,1" yaku="1,1,0,1,22,2,54,1,53,0" doraHai="2" doraHaiUra="129" who="0" fromWho="0" sc="82,93,350,-21,371,-21,187,-41" owari="175,-22.5,329,12.9,350,45.0,146,-35.4" /></mjloggm>