<mjloggm ver="2.3"><GO type="225" lobby="0"/><UN n0="%E5%84%AA%40%41%42%43" n1="%E5%B0%8F%E9%B3%A5%E9%81%8A%E7%B7%B4%E7%84%A1%32%31%E6%AD%B3" n2="%E3%83%AC%E3%82%A4%E3%83%88%E3%83%B3%E5%87%86%E6%95%99%E6%8E%88" n3="%E3%82%A2%E3%82%A4%E3%82%B9%E3%83%86%E3%82%A3%E3%83%BC%E3%81%82%E3%81%B9" dan="18,16,19,16" rate="2194.00,2155.11,2281.74,2128.44" sx="M,F,M,M"/><TAIKYOKU oya="0"/><INIT seed="0,0,0,2,0,47" ten="250,250,250,250" oya="0" hai0="104,69,128,78,98,16,0,125,75,72,71,82,97" hai1="50,89,106,134,15,26,37,92,7,109,135,43,59" hai2="12,88,86,105,118,36,91,124,34,95,122,102,51" hai3="32,41,6,131,120,20,52,101,29,70,64,8,73"/><T130/><D0/><U22/><E106/><V111/><F36/><W74/><G131/><N who="0" m="50219" /><D125/><U87/><E37/><V84/><F34/><W107/><G41/><T129/><N who="0" m="50227" /><T55/><DORA hai="49" /><D75/><U40/><E109/><V39/><F39/><W83/><G83/><T96/><D104/><U35/><E35/><V11/><F122/><W10/><G32/><T13/><D55/><N who="1" m="32247" /><E7/><V17/><F111/><W112/><G112/><T99/><N who="0" m="24576" /><DORA hai="132" /><T103/><D103/><U114/><E114/><V60/><F105/><W38/><G101/><T24/><D24/><U67/><E26/><V123/><F102/><W44/><G52/><T4/><D4/><U119/><E67/><V90/><F124/><W77/><G64/><T61/><D61/><U65/><E65/><V79/><F60/><W80/><G6/><T53/><D53/><U117/><E43/><V126/><F126/><W54/><G54/><T28/><D28/><U76/><E40/><V68/><F123/><W31/><G74/><T3/><D3/><U5/><E5/><V66/><F66/><W25/><G29/><T116/><D116/><N who="1" m="44619" /><E76/><V1/><F118/><W27/><G25/><T133/><D133/><U115/><E115/><V85/><F1/><W56/><G107/><T45/><D45/><U100/><E100/><V30/><F30/><W121/><G120/><T63/><D63/><U81/><E134/><V58/><F79/><W18/><G31/><T113/><D113/><U94/><E135/><V33/><F33/><W23/><G121/><T46/><D46/><U21/><E15/><V110/><F110/><RYUUKYOKU ba="0,0" sc="250,15,250,15,250,-15,250,-15" hai0="13,16,69,71,72,78,82" hai1="21,22,81,87,89,92,94" /><INIT seed="0,1,0,5,1,46" ten="265,265,235,235" oya="0" hai0="79,120,66,15,48,59,72,115,104,12,96,13,128" hai1="113,106,7,5,77,135,98,69,73,63,102,41,94" hai2="19,60,86,33,34,93,3,52,91,54,6,89,75" hai3="124,88,23,44,78,108,80,29,134,125,47,49,53"/><T2/><D115/><U133/><E113/><V31/><F75/><W43/><G108/><T32/><D120/><U58/><E69/><V127/><F127/><N who="3" m="48715" /><G134/><N who="1" m="51210" /><E41/><V36/><F36/><N who="3" m="21607" /><G88/><T30/><D2/><U117/><E117/><V76/><F89/><W65/><G65/><T85/><D72/><U37/><E37/><V87/><F3/><W122/><G122/><T26/><D128/><U16/><E106/><V114/><F114/><W105/><G105/><T11/><D66/><N who="1" m="39287" /><E16/><V121/><F19/><W95/><G95/><T118/><D118/><U10/><E10/><V21/><F6/><W110/><G110/><T97/><D11/><U18/><E18/><V1/><F121/><W99/><G99/><T61/><D104/><U119/><E119/><V82/><F54/><W56/><G29/><T130/><D130/><U24/><E24/><V39/><F39/><W111/><G111/><T57/><D96/><U40/><E40/><V17/><F31/><W62/><G23/><N who="0" m="15711" /><D97/><U27/><E27/><N who="2" m="14767" /><F33/><W92/><G92/><T22/><D32/><U42/><E42/><V67/><F34/><W123/><G123/><T20/><D22/><U0/><E0/><V4/><F1/><W131/><G131/><T28/><D20/><U90/><E102/><V83/><F4/><W74/><G47/><T132/><D28/><U51/><E5/><V116/><F116/><W9/><G9/><T8/><D8/><U109/><E7/><V100/><F100/><W112/><G112/><T45/><D132/><U50/><E109/><V64/><F93/><W35/><G35/><T55/><D61/><AGARI ba="1,0" hai="49,53,56,61,62,74,78,80" m="21607,48715" machi="61" ten="30,3900,0" yaku="6,1,18,1,52,1" doraHai="46" who="3" fromWho="0" sc="265,-42,265,0,235,0,235,42" /><INIT seed="1,0,0,4,2,42" ten="223,265,235,277" oya="1" hai0="109,68,52,7,22,58,96,99,87,30,114,49,33" hai1="104,115,133,94,100,23,90,16,9,92,44,18,91" hai2="93,50,130,65,135,78,57,19,45,41,123,38,34" hai3="110,62,10,26,48,132,17,83,121,36,67,98,126"/><U60/><E115/><V53/><F123/><W15/><G36/><T86/><D114/><U39/><E133/><V76/><F130/><W37/><G37/><T24/><D68/><U71/><E104/><V61/><F135/><W129/><G110/><T31/><D109/><U117/><E117/><V11/><F34/><W85/><G132/><T118/><D118/><U29/><E100/><V14/><REACH who="2" step="1"/><F93/><REACH who="2" ten="223,265,225,277" step="2"/><W134/><G129/><T1/><D33/><U54/><E94/><V127/><F127/><W89/><G126/><T95/><D99/><U82/><E92/><V84/><F84/><W2/><G121/><T8/><REACH who="0" step="1"/><D30/><REACH who="0" ten="213,265,225,277" step="2"/><U27/><E29/><V131/><F131/><W88/><G98/><T25/><D25/><U116/><E27/><V28/><F28/><W59/><G134/><T43/><D43/><U122/><E116/><V55/><F55/><W106/><G26/><T119/><D119/><U124/><E54/><V75/><F75/><W105/><G105/><T47/><D47/><AGARI ba="0,2" hai="11,14,19,38,41,45,47,50,53,57,61,65,76,78" machi="47" ten="30,8000,1" yaku="1,1,7,1,52,2,53,1" doraHai="42" doraHaiUra="5" who="2" fromWho="0" sc="213,-80,265,0,225,100,277,0" /><INIT seed="2,0,0,2,5,107" ten="133,265,325,277" oya="2" hai0="95,110,84,63,7,76,21,30,120,125,33,15,129" hai1="72,98,42,40,88,1,130,26,80,128,132,100,116" hai2="50,78,102,101,37,119,64,53,118,115,74,32,94" hai3="122,41,62,35,92,49,99,87,133,67,52,70,2"/><V55/><F37/><W96/><G133/><T43/><D120/><U127/><E1/><V44/><F115/><W66/><G66/><T25/><D110/><U23/><E116/><V38/><F38/><W86/><G99/><T135/><D135/><U36/><E36/><V13/><F32/><W19/><G2/><T71/><D125/><U29/><E127/><V104/><F104/><W65/><G67/><T54/><D129/><N who="1" m="49771" /><E132/><V69/><F94/><W93/><G93/><T68/><D43/><U126/><E126/><V3/><F3/><W90/><G35/><T105/><D105/><U85/><E72/><V77/><F13/><W17/><G41/><T60/><D71/><U45/><E45/><V109/><F74/><W82/><G122/><T9/><D68/><U10/><E10/><V11/><F11/><W56/><REACH who="3" step="1"/><G87/><REACH who="3" ten="133,265,325,267" step="2"/><T106/><D106/><AGARI ba="0,1" hai="23,26,29,40,42,80,85,88,98,100,106" m="49771" machi="106" ten="30,2000,0" yaku="19,1,54,1" doraHai="107" who="1" fromWho="0" sc="133,-20,265,30,325,0,267,0" /><INIT seed="3,0,0,2,5,105" ten="113,295,325,267" oya="3" hai0="124,55,104,91,11,114,126,43,14,63,110,32,31" hai1="73,92,133,26,20,95,128,82,15,10,65,86,123" hai2="106,12,121,25,13,6,2,44,112,46,99,74,96" hai3="38,88,5,52,76,89,117,84,116,67,22,125,101"/><W24/><G38/><T4/><D104/><U111/><E111/><V37/><F112/><W0/><G125/><T68/><D43/><U53/><E128/><V59/><F74/><W39/><G39/><T29/><D91/><U81/><E133/><V7/><F2/><W85/><G101/><T131/><D55/><U30/><E65/><V98/><F106/><W129/><G67/><T28/><D63/><U50/><E73/><V36/><F25/><W93/><G76/><T27/><D68/><U56/><E123/><V94/><F94/><W34/><G34/><T119/><D119/><U100/><E100/><V135/><F135/><W134/><G129/><T87/><D87/><U78/><REACH who="1" step="1"/><E82/><REACH who="1" ten="113,285,325,267" step="2"/><V33/><F121/><W97/><G134/><T60/><D131/><U61/><E61/><V108/><F108/><W48/><G97/><T64/><D110/><U109/><E109/><V41/><F98/><W103/><G103/><T113/><D60/><U8/><E8/><V49/><F96/><W47/><G0/><T66/><D64/><U9/><E9/><V62/><F99/><W80/><G5/><AGARI ba="0,1" hai="5,10,15,20,26,30,50,53,56,78,81,86,92,95" machi="5" ten="30,7700,0" yaku="1,1,7,1,8,1,53,1" doraHai="105" doraHaiUra="79" who="1" fromWho="3" sc="113,0,285,87,325,0,267,-77" owari="113,-38.7,372,47.2,325,12.5,190,-21.0" /></mjloggm>