<mjloggm ver="2.3"><GO type="225" lobby="0"/><UN n0="%73%69%72%6F%75%74" n1="%E9%A2%A8%E3%81%A7%E9%B3%B4%E3%81%8F" n2="%E6%B8%A9%E2%98%85%E6%83%85%E2%98%85%E6%8E%AA%E2%98%85%E7%BD%AE" n3="%E7%BD%AA%E5%88%91%E6%B3%95%E5%AE%9A%E4%B8%BB%E7%BE%A9" dan="16,16,17,16" rate="2079.34,2124.31,2124.08,2172.40" sx="M,M,M,M"/><TAIKYOKU oya="0"/><INIT seed="0,0,0,0,5,112" ten="250,250,250,250" oya="0" hai0="102,48,109,108,52,119,11,33,28,79,113,81,35" hai1="32,49,42,126,74,26,124,77,9,91,80,127,93" hai2="15,122,100,39,51,73,63,121,13,120,87,135,115" hai3="29,27,89,38,45,6,82,85,44,75,14,0,106"/><T98/><D113/><U104/><E104/><V7/><F39/><W133/><G106/><T110/><D11/><U20/><E9/><V24/><F73/><W131/><G0/><T41/><D41/><U17/><E32/><N who="0" m="12361" /><D28/><U86/><E49/><V62/><F115/><W53/><G38/><T103/><D119/><U71/><E71/><V34/><F100/><W92/><G6/><T47/><D98/><U72/><REACH who="1" step="1"/><E42/><REACH who="1" ten="250,240,250,250" step="2"/><V57/><F51/><W118/><G45/><T68/><D68/><U99/><AGARI ba="0,1" hai="17,20,26,72,74,77,80,86,91,93,99,124,126,127" machi="99" ten="30,8000,1" yaku="1,1,2,1,0,1,18,1,53,1" doraHai="112" doraHaiUra="78" who="1" fromWho="1" sc="250,-40,240,90,250,-20,250,-20" /><INIT seed="1,0,0,3,2,117" ten="210,330,230,230" oya="1" hai0="19,101,80,48,27,103,70,14,8,17,86,57,50" hai1="89,73,87,30,7,81,63,51,34,64,107,120,65" hai2="96,105,127,9,58,22,20,97,29,119,121,90,82" hai3="31,77,109,33,102,92,36,41,114,118,25,39,78"/><U111/><E107/><V69/><F69/><W15/><G114/><T94/><D70/><U135/><E135/><V133/><F119/><W83/><G118/><T66/><D66/><U4/><E65/><V116/><F116/><W99/><G109/><T6/><D94/><U76/><E111/><V18/><F105/><W23/><G41/><T12/><D27/><U11/><E30/><V123/><F133/><W130/><G130/><T0/><D0/><U110/><E34/><V113/><F58/><W60/><G78/><T49/><D57/><U43/><E120/><N who="2" m="46155" /><F9/><W5/><G60/><T128/><D128/><U24/><E24/><N who="2" m="16535" /><F82/><W54/><G54/><T55/><D55/><U40/><E4/><V71/><F90/><W88/><G102/><T108/><D108/><U68/><E51/><V53/><F53/><W122/><G122/><T1/><D1/><U32/><E32/><V21/><F21/><W131/><G131/><T10/><REACH who="0" step="1"/><D6/><REACH who="0" ten="200,330,230,230" step="2"/><U100/><E110/><V72/><F71/><W112/><G5/><T93/><D93/><U79/><E68/><V104/><F104/><W16/><REACH who="3" step="1"/><G112/><REACH who="3" ten="200,330,230,220" step="2"/><T85/><D85/><AGARI ba="0,2" hai="15,16,23,25,31,33,36,39,77,83,85,88,92,99" machi="85" ten="30,8000,1" yaku="1,1,2,1,7,1,54,2,53,0" doraHai="117" doraHaiUra="129" who="3" fromWho="0" sc="200,-80,330,0,230,0,220,100" /><INIT seed="2,0,0,5,2,119" ten="120,330,230,320" oya="2" hai0="33,134,2,53,44,79,96,109,55,128,31,22,12" hai1="40,114,69,76,49,23,70,132,101,9,117,112,106" hai2="30,41,0,63,60,110,35,74,108,120,68,91,85" hai3="103,131,97,14,11,6,67,104,38,17,127,99,87"/><V84/><F74/><W42/><G127/><T121/><D109/><N who="2" m="42090" /><F0/><W36/><G131/><T111/><D111/><U24/><E117/><V73/><F73/><W126/><G126/><T75/><D128/><U39/><E39/><V37/><F120/><W123/><G123/><T124/><D124/><U72/><E132/><V107/><F107/><W102/><G67/><T80/><D134/><U93/><E106/><V32/><F30/><W118/><G118/><T135/><D135/><U56/><E76/><V3/><F3/><W5/><G87/><N who="2" m="33353" /><F91/><W27/><G27/><T29/><D121/><U10/><E72/><V15/><F15/><W133/><G133/><T82/><D82/><U78/><E78/><V19/><F19/><W46/><G38/><T1/><D33/><N who="2" m="12874" /><F68/><W88/><REACH who="3" step="1"/><G103/><REACH who="3" ten="120,330,230,310" step="2"/><T66/><D75/><U54/><E101/><V34/><F34/><W20/><G20/><T13/><D22/><U115/><E23/><V47/><AGARI ba="0,1" hai="37,41,47,60,63" m="12874,33353,42090" machi="47" ten="40,3900,0" yaku="14,1,10,1" doraHai="119" who="2" fromWho="2" sc="120,-13,330,-13,230,49,310,-13" /><INIT seed="2,1,0,5,2,21" ten="107,317,279,297" oya="2" hai0="56,130,9,99,51,38,83,85,114,63,17,53,90" hai1="16,4,134,29,76,44,27,59,48,74,80,19,22" hai2="49,73,72,68,98,115,30,96,64,124,131,120,32" hai3="109,47,67,95,70,6,1,66,116,103,10,117,78"/><V127/><F115/><W86/><G109/><T20/><D130/><U93/><E134/><V125/><F120/><W107/><G107/><T77/><D38/><U88/><E59/><V112/><F112/><W69/><G69/><T23/><D114/><U52/><E4/><V126/><N who="2" m="31744" /><DORA hai="42" /><V106/><F131/><W14/><G1/><T119/><D119/><U105/><E105/><V12/><F12/><W43/><G117/><T46/><D9/><U100/><E100/><N who="2" m="62727" /><F49/><N who="3" m="26879" /><G70/><T111/><D111/><U31/><E31/><V55/><F55/><W135/><G135/><T133/><D133/><U50/><E48/><V62/><F98/><AGARI ba="1,0" hai="16,19,22,27,29,44,50,52,74,76,80,88,93,98" machi="98" ten="30,12000,2" yaku="7,1,52,2,54,3" doraHai="21,42" who="1" fromWho="2" sc="107,0,317,123,279,-123,297,0" /><INIT seed="3,0,0,4,1,122" ten="107,440,156,297" oya="3" hai0="89,3,107,127,51,126,105,62,93,20,46,88,103" hai1="6,95,4,45,18,71,119,50,54,113,5,90,34" hai2="70,80,49,8,67,68,97,10,59,86,41,108,135" hai3="110,106,17,121,99,15,25,53,72,56,26,65,66"/><W112/><G112/><T24/><D3/><U125/><E113/><V60/><F108/><W79/><G121/><T37/><D37/><U117/><E34/><V16/><F135/><W115/><G115/><T81/><D46/><U11/><E71/><V96/><F70/><W75/><G106/><N who="0" m="40459" /><D51/><U44/><E125/><N who="0" m="47625" /><D62/><U31/><E31/><V35/><F35/><W132/><G132/><T129/><D20/><U69/><E69/><V124/><F124/><W91/><G56/><T28/><D24/><U82/><E45/><N who="2" m="25775" /><F68/><W12/><G53/><T73/><D28/><U58/><E58/><V0/><F0/><W74/><G17/><T101/><D129/><U22/><E82/><V94/><F94/><W134/><G134/><T43/><D43/><U9/><E117/><V33/><F33/><W118/><G118/><T14/><D14/><N who="1" m="9559" /><E119/><V84/><F80/><W131/><G131/><T40/><D40/><U133/><E133/><V21/><F10/><W23/><G23/><T13/><D13/><U29/><E29/><V64/><F8/><W78/><G75/><T109/><D109/><U55/><E54/><V116/><F67/><W39/><G39/><T61/><D61/><U102/><E102/><N who="0" m="38921" /><D93/><U83/><E83/><V114/><F116/><W32/><G32/><T48/><D48/><U63/><E63/><V52/><F64/><W120/><G120/><T7/><D7/><U92/><E92/><V42/><F42/><W85/><G12/><T98/><D98/><AGARI ba="0,0" hai="4,5,6,9,11,44,50,55,90,95,98" m="9559" machi="98" ten="30,1000,0" yaku="8,1" doraHai="122" who="1" fromWho="0" sc="107,-10,440,10,156,0,297,0" owari="97,-40.3,450,55.0,156,-24.4,297,9.7" /></mjloggm>