<mjloggm ver="2.3"><GO type="225" lobby="0"/><UN n0="%E5%AE%AE%E4%BF%9D%E9%B6%8F%E8%82%89" n1="%E9%89%A2%E5%B7%BB%E3%82%AC%E3%83%96" n2="%73%75%7A%75%6D%65%33" n3="%E8%81%B7%E6%A5%AD%E3%80%81%E9%A2%A8%32" dan="16,16,17,16" rate="2131.48,2090.26,2215.59,2144.56" sx="M,M,M,M"/><TAIKYOKU oya="0"/><INIT seed="0,0,0,3,5,111" ten="250,250,250,250" oya="0" hai0="15,38,122,10,63,64,70,12,32,97,36,75,125" hai1="127,121,108,42,14,29,43,116,68,69,134,120,24" hai2="132,106,1,110,65,130,93,53,13,101,5,20,11" hai3="115,47,9,7,2,133,61,92,80,74,35,40,8"/><T118/><D118/><U135/><E14/><V16/><F110/><W73/><G35/><T82/><D122/><N who="1" m="47211" /><E24/><V54/><F106/><W81/><G133/><N who="1" m="50698" /><E29/><V98/><F132/><W56/><G115/><T99/><D125/><U105/><E108/><V57/><F130/><W23/><G81/><T100/><D32/><U30/><E30/><V131/><F131/><W31/><G31/><T86/><D75/><U72/><E72/><V83/><F83/><W21/><G74/><T33/><D33/><U62/><E105/><V124/><F124/><W90/><G9/><T88/><D15/><U19/><E19/><V26/><F1/><W58/><G80/><T102/><D99/><U48/><E127/><V49/><F54/><W67/><G73/><T39/><REACH who="0" step="1"/><D97/><REACH who="0" ten="240,250,250,250" step="2"/><U129/><E116/><V107/><F107/><W51/><G58/><T109/><D109/><U91/><E129/><V113/><REACH who="2" step="1"/><F65/><REACH who="2" ten="240,250,240,250" step="2"/><W37/><G2/><T0/><D0/><U119/><E119/><V28/><F28/><W17/><G67/><T41/><D41/><U112/><E42/><V96/><F96/><W117/><G40/><T84/><D84/><U94/><E43/><V44/><F44/><W52/><G47/><T103/><D103/><U123/><E123/><V6/><F6/><AGARI ba="0,2" hai="6,10,12,36,38,39,63,64,70,82,86,88,100,102" machi="6" ten="40,3900,0" yaku="1,1,54,1,53,0" doraHai="111" doraHaiUra="128" who="0" fromWho="2" sc="240,59,250,0,240,-39,250,0" /><INIT seed="0,1,0,2,3,116" ten="299,250,201,250" oya="0" hai0="82,23,2,106,41,57,76,121,56,6,40,47,17" hai1="81,129,124,85,72,31,1,0,30,111,97,68,29" hai2="110,125,132,117,73,59,26,38,24,22,105,135,15" hai3="69,87,51,83,104,130,89,120,91,13,79,3,35"/><T20/><D121/><U102/><E111/><V77/><F38/><W12/><G3/><T94/><D106/><U11/><E129/><V112/><F105/><W19/><G35/><T49/><D41/><U92/><E124/><V128/><F59/><W86/><G120/><T80/><D80/><U96/><E68/><V74/><F110/><W55/><G130/><T48/><D2/><U100/><E72/><V122/><F122/><W71/><G104/><T63/><D6/><U131/><E11/><V39/><F39/><W60/><G13/><T133/><D133/><N who="2" m="51274" /><F128/><W50/><G50/><T88/><D49/><U33/><E33/><V67/><F67/><W9/><G60/><T16/><D82/><U114/><E114/><V113/><F117/><W103/><G103/><T64/><D76/><U27/><E27/><N who="2" m="10283" /><F77/><W61/><G61/><T46/><D46/><U14/><E131/><V45/><F45/><N who="3" m="28143" /><G79/><T98/><D57/><U115/><E115/><N who="2" m="44107" /><F125/><W58/><G58/><T37/><D37/><U42/><E102/><V119/><F119/><W90/><G90/><T4/><D4/><U108/><E100/><V62/><F62/><W107/><G107/><T34/><D34/><U109/><E108/><V25/><F15/><W70/><G70/><T28/><D28/><AGARI ba="1,0" hai="22,25,28,73,74" m="44107,10283,51274" machi="28" ten="30,1000,0" yaku="20,1" doraHai="116" who="2" fromWho="0" sc="299,-13,250,0,201,13,250,0" /><INIT seed="1,0,0,1,4,111" ten="286,250,214,250" oya="1" hai0="68,118,102,82,101,80,99,114,24,23,21,15,0" hai1="1,103,123,60,67,3,124,132,27,7,129,76,135" hai2="37,55,48,11,69,113,81,93,134,109,6,127,31" hai3="45,26,5,56,66,17,119,87,90,47,94,33,86"/><U64/><E123/><V89/><F109/><W130/><G130/><T19/><D118/><U92/><E129/><V85/><F37/><W72/><G72/><T13/><D0/><U121/><E121/><V4/><F69/><W105/><G105/><T51/><D68/><U12/><E124/><V125/><F31/><W49/><G119/><T79/><D114/><U32/><E76/><V112/><F81/><W122/><G122/><T70/><D70/><U44/><E12/><N who="2" m="5223" /><F6/><W58/><G5/><T20/><D51/><U57/><E67/><V41/><F41/><W75/><G75/><T61/><D61/><U36/><E7/><V116/><F134/><N who="1" m="51241" /><E32/><V46/><F116/><W43/><G33/><T108/><D108/><U16/><E92/><V14/><F14/><N who="0" m="5130" /><D80/><U65/><E103/><N who="0" m="39433" /><D99/><U104/><E104/><V74/><F74/><W71/><G71/><T63/><D63/><U128/><E65/><V131/><F131/><W84/><G66/><T8/><D8/><U95/><E128/><V10/><F10/><W35/><G35/><T38/><D38/><U29/><E36/><V22/><F22/><N who="0" m="8810" /><D82/><U100/><E1/><V28/><F28/><W40/><G49/><T78/><AGARI ba="0,0" hai="19,23,24,78,79" m="8810,39433,5130" machi="78" ten="30,1100,0" yaku="8,1" doraHai="111" who="0" fromWho="0" sc="286,11,250,-5,214,-3,250,-3" /><INIT seed="2,0,0,0,0,80" ten="297,245,211,247" oya="2" hai0="122,57,6,54,73,49,71,47,37,132,32,69,103" hai1="35,131,85,79,82,19,107,63,121,113,52,125,12" hai2="100,87,72,38,30,112,127,126,93,89,33,34,1" hai3="66,46,119,128,91,111,50,8,124,65,68,118,86"/><V108/><F112/><W45/><G111/><T2/><D73/><U0/><E113/><V96/><F38/><W105/><G105/><T11/><D122/><U83/><E107/><V39/><F39/><W135/><G124/><N who="2" m="47657" /><F72/><W18/><G128/><T64/><D32/><N who="2" m="12394" /><F30/><W77/><G77/><T14/><D132/><U26/><E26/><V123/><F123/><W56/><G135/><T59/><D103/><U61/><E0/><V117/><F1/><W53/><G68/><T115/><D115/><U60/><E131/><V92/><F117/><W110/><G110/><AGARI ba="0,0" hai="87,89,92,93,96,100,108,110" m="12394,47657" machi="110" ten="40,3900,0" yaku="18,1,52,1" doraHai="80" who="2" fromWho="3" sc="297,0,245,0,211,39,247,-39" /><INIT seed="2,1,0,1,0,105" ten="297,245,250,208" oya="2" hai0="52,90,57,27,110,53,59,46,87,45,60,80,17" hai1="66,58,70,117,99,34,108,92,39,89,23,73,20" hai2="50,103,32,118,131,24,134,25,95,31,125,0,127" hai3="38,111,122,116,43,47,85,124,93,91,94,121,10"/><V106/><F106/><W71/><G71/><T13/><D27/><U48/><E117/><V63/><F118/><W7/><G116/><T22/><D110/><U44/><E108/><V1/><F131/><W100/><G111/><T3/><D3/><U9/><E34/><V37/><F37/><W65/><G65/><T64/><D64/><U101/><E9/><V132/><F63/><AGARI ba="1,0" hai="13,17,22,45,46,52,53,57,59,60,63,80,87,90" machi="63" ten="30,7700,0" yaku="7,1,9,1,8,1,54,1" doraHai="105" who="0" fromWho="2" sc="297,80,245,0,250,-80,208,0" /><INIT seed="3,0,0,3,2,131" ten="377,245,170,208" oya="3" hai0="126,34,43,99,111,36,42,23,21,40,26,81,90" hai1="79,13,93,94,35,72,110,18,15,86,12,88,41" hai2="63,30,20,114,64,55,49,74,48,97,0,135,120" hai3="38,27,65,28,73,130,10,115,108,92,134,87,100"/><W124/><G38/><T109/><D36/><U84/><E110/><N who="0" m="41993" /><D126/><U32/><E41/><V113/><F0/><W123/><G65/><T66/><D66/><U75/><E18/><V91/><F74/><W78/><G100/><T57/><D57/><U112/><E112/><V68/><F120/><W76/><G92/><N who="0" m="56727" /><D81/><U122/><E122/><V51/><F55/><W53/><G27/><T19/><D21/><U118/><E118/><V129/><F129/><W11/><G28/><N who="0" m="19735" /><D43/><U89/><E79/><V119/><F119/><W4/><G78/><T45/><D45/><U44/><E44/><V83/><F20/><W104/><G76/><T133/><D133/><U2/><E2/><V117/><F117/><W14/><G134/><T58/><D58/><U17/><E17/><V67/><F135/><W37/><G37/><T80/><D80/><U54/><E54/><V101/><F64/><W39/><G39/><T105/><D105/><U22/><E22/><V102/><F30/><W3/><G104/><T6/><D6/><U56/><E56/><V103/><REACH who="2" step="1"/><F83/><REACH who="2" ten="377,245,160,208" step="2"/><W46/><G130/><T85/><D23/><U128/><E128/><V7/><F7/><W71/><G4/><T5/><D5/><U59/><E72/><V116/><F116/><W24/><G108/><T121/><D121/><U98/><E75/><V61/><F61/><W29/><G73/><T33/><D19/><U60/><E35/><V9/><F9/><W69/><G11/><T47/><D33/><U16/><E32/><V106/><F106/><W31/><G123/><T107/><D107/><U25/><E16/><RYUUKYOKU ba="0,1" sc="377,-10,245,-10,160,30,208,-10" hai2="48,49,51,63,67,68,91,97,101,102,103,113,114" owari="377,47.7,235,3.5,190,-31.0,198,-20.2" /></mjloggm>