<mjloggm ver="2.3"><GO type="225" lobby="0"/><UN n0="%E3%82%BC%E3%83%AB%E3%83%80%E3%81%AE%E4%BC%9D%E8%AA%AC" n1="%E3%81%A8%E3%82%93%E3%81%A8%E3%81%93%E3%81%A8%E3%82%93" n2="%E5%8D%A0%E3%81%84%E5%B8%AB%E8%A3%8F%E3%81%AA%E3%81%84%E3%81%97" n3="%E6%B4%BE%E9%81%A3%E3%81%AE%E3%82%B8%E3%83%A3%E3%83%83%E3%82%AF" dan="17,16,16,17" rate="2212.84,2134.90,2133.62,2172.11" sx="M,M,M,M"/><TAIKYOKU oya="0"/><INIT seed="0,0,0,5,3,95" ten="250,250,250,250" oya="0" hai0="27,47,58,50,43,106,57,34,67,83,117,64,75" hai1="88,100,81,133,56,62,69,12,87,135,3,25,10" hai2="45,23,8,24,14,52,124,18,13,118,99,0,72" hai3="51,94,84,80,1,89,16,123,39,36,114,28,105"/><T55/><D117/><U127/><E3/><V98/><F72/><W129/><G105/><T115/><D115/><U107/><E69/><V126/><F118/><W101/><G1/><T109/><D106/><U5/><E127/><N who="2" m="48683" /><F0/><W38/><G114/><T70/><D109/><U65/><REACH who="1" step="1"/><E25/><REACH who="1" ten="250,240,250,250" step="2"/><V21/><F13/><W97/><G123/><T59/><D27/><U86/><E86/><V79/><F79/><W30/><G129/><T68/><D75/><U19/><E19/><N who="2" m="12415" /><F8/><W37/><N who="3" m="9216" /><DORA hai="54" /><W93/><G16/><T31/><D31/><U42/><E42/><V112/><F112/><W17/><G17/><T63/><D34/><U85/><E85/><V130/><F130/><W46/><REACH who="3" step="1"/><G80/><REACH who="3" ten="250,240,250,240" step="2"/><T128/><D83/><U120/><E120/><V132/><F132/><W110/><G110/><T60/><REACH who="0" step="1"/><D128/><REACH who="0" ten="240,240,250,240" step="2"/><U7/><E7/><V122/><F122/><W32/><G32/><T96/><D96/><AGARI ba="0,3" hai="5,10,12,56,62,65,81,87,88,96,100,107,133,135" machi="96" ten="40,8000,1" yaku="1,1,52,2,54,1,53,1" doraHai="95,54" doraHaiUra="102,40" who="1" fromWho="0" sc="240,-80,240,110,250,0,240,0" /><INIT seed="1,0,0,2,5,101" ten="160,350,250,240" oya="1" hai0="42,89,7,32,65,22,134,100,86,72,115,49,82" hai1="67,39,96,52,94,121,102,15,57,128,113,3,35" hai2="117,40,84,43,13,110,25,118,63,14,68,30,20" hai3="99,64,9,122,12,112,133,123,124,79,95,78,1"/><U105/><E3/><V21/><F110/><W8/><G112/><T88/><D115/><U51/><E113/><V31/><F84/><W83/><G124/><T70/><D32/><U59/><E121/><V135/><F63/><W69/><G133/><T126/><D134/><U80/><E39/><V11/><F68/><W87/><G78/><T103/><D126/><U28/><E128/><V60/><F60/><W6/><G64/><T62/><D72/><U71/><E80/><V53/><F53/><W106/><G69/><T116/><D116/><U48/><E15/><V98/><F98/><W58/><G58/><T50/><D7/><U97/><E71/><V46/><F25/><W90/><REACH who="3" step="1"/><G106/><REACH who="3" ten="160,350,250,230" step="2"/><T85/><D22/><U2/><E67/><V29/><F135/><W37/><G37/><T73/><D73/><U0/><E59/><V132/><F132/><W120/><G120/><T24/><D70/><U130/><E130/><V111/><F20/><W76/><G76/><T10/><D65/><U55/><E35/><V74/><F21/><W77/><G77/><T127/><D127/><U36/><E36/><V75/><F75/><W16/><AGARI ba="0,1" hai="1,6,8,9,12,16,79,83,87,90,95,99,122,123" machi="16" ten="20,5200,0" yaku="1,1,0,1,7,1,54,1,53,0" doraHai="101" doraHaiUra="45" who="3" fromWho="3" sc="160,-13,350,-26,250,-13,230,62" /><INIT seed="2,0,0,4,2,101" ten="147,324,237,292" oya="2" hai0="12,3,61,55,133,94,104,128,125,34,31,124,102" hai1="110,38,19,7,134,16,120,135,71,5,39,91,22" hai2="26,24,2,115,82,32,77,106,112,30,33,123,67" hai3="119,37,116,126,36,72,76,108,70,17,78,66,57"/><V49/><F123/><W103/><G108/><T11/><D3/><U97/><E71/><V52/><F67/><W130/><G57/><T109/><D109/><U68/><E68/><V107/><F2/><W35/><G35/><T127/><D133/><N who="1" m="50699" /><E120/><V114/><F52/><W80/><G78/><T99/><D128/><U117/><E117/><V113/><F49/><W48/><G48/><T93/><D31/><U47/><E19/><V10/><F10/><W64/><G64/><T74/><D74/><U58/><E58/><V8/><F8/><W121/><G121/><T18/><REACH who="0" step="1"/><D34/><REACH who="0" ten="137,324,237,292" step="2"/><U45/><E110/><V29/><F113/><W96/><G130/><T56/><AGARI ba="0,1" hai="11,12,18,55,56,61,93,94,99,102,104,124,125,127" machi="56" ten="40,12000,2" yaku="1,1,2,1,0,1,18,1,52,1,53,2" doraHai="101" doraHaiUra="90" who="0" fromWho="0" sc="137,130,324,-30,237,-60,292,-30" /><INIT seed="3,0,0,4,0,1" ten="267,294,177,262" oya="3" hai0="78,38,5,26,42,135,30,100,110,41,44,72,125" hai1="10,126,94,66,3,31,121,37,40,96,88,89,102" hai2="119,92,59,106,80,17,47,15,120,122,124,117,127" hai3="63,13,27,65,4,90,134,128,57,7,35,54,64"/><W39/><G39/><T83/><D110/><U130/><E121/><N who="2" m="46699" /><F106/><W16/><G128/><T133/><D125/><N who="2" m="48202" /><F47/><W62/><G134/><N who="0" m="51211" /><D42/><U73/><E126/><V36/><F36/><W52/><G90/><T74/><D100/><U21/><E130/><V115/><F59/><N who="3" m="35319" /><G27/><T107/><D107/><U101/><E73/><V71/><F71/><W33/><G35/><N who="0" m="20951" /><D5/><N who="3" m="2121" /><G33/><T53/><D72/><U87/><E3/><V8/><F80/><W23/><AGARI ba="0,0" hai="13,16,23,52,57,62,64,65" m="2121,35319" machi="23" ten="30,18000,2" yaku="8,1,52,3,54,2" doraHai="1" who="3" fromWho="3" sc="267,-60,294,-60,177,-60,262,180" owari="207,-19.3,234,3.4,117,-38.3,442,54.2" /></mjloggm>