<mjloggm ver="2.3"><GO type="225" lobby="0"/><UN n0="%E8%A6%9A%E9%86%92%E3%81%97%E3%81%9F%E3%81%A8%E3%81%BE%E3%81%A8" n1="%E5%A4%9C%E5%85%89%E5%A4%A9%E6%A5%BC" n2="%E6%97%A5%E6%9B%9C%E6%97%A5%E3%82%88%E3%82%8A%E3%81%AE%E4%BD%BF%E8%80%85" n3="%48%61%61%61%6C%61%6E%64" dan="16,16,17,18" rate="2147.99,2101.52,2103.76,2197.53" sx="M,M,M,M"/><TAIKYOKU oya="0"/><INIT seed="0,0,0,5,4,128" ten="250,250,250,250" oya="0" hai0="29,133,1,96,69,82,7,79,56,65,134,15,46" hai1="78,36,6,95,114,40,111,81,32,89,43,83,112" hai2="41,22,120,48,126,135,27,72,59,39,132,70,100" hai3="125,58,122,2,109,26,124,71,101,107,12,106,102"/><T0/><D69/><U28/><E111/><V4/><F120/><W75/><G71/><T18/><D29/><U61/><E6/><V88/><F72/><W99/><G2/><T47/><D96/><U105/><E105/><N who="3" m="39946" /><G12/><T10/><D56/><U131/><E131/><V16/><F70/><W130/><G26/><T84/><D65/><U5/><E5/><V37/><F100/><N who="3" m="38507" /><G58/><T24/><D24/><U123/><E123/><V104/><F104/><W34/><G34/><T49/><D0/><U33/><E32/><V116/><F126/><N who="3" m="48747" /><G122/><T76/><D76/><U17/><E78/><V103/><F4/><W3/><G3/><T77/><D79/><U13/><E33/><V62/><F59/><W14/><G14/><T98/><D98/><U38/><E13/><V94/><F27/><W80/><G130/><T64/><D64/><U113/><E28/><V91/><F62/><W50/><G99/><T68/><D68/><U108/><E61/><V74/><F48/><W19/><G19/><T20/><REACH who="0" step="1"/><D46/><REACH who="0" ten="240,250,250,250" step="2"/><U110/><E114/><V127/><F127/><W53/><G75/><T30/><D30/><U129/><E129/><V60/><F74/><W73/><G73/><T55/><AGARI ba="0,1" hai="1,7,10,15,18,20,47,49,55,77,82,84,133,134" machi="55" ten="30,11700,0" yaku="1,1,0,1,52,2,53,0" doraHai="128" doraHaiUra="67" who="0" fromWho="0" sc="240,127,250,-39,250,-39,250,-39" /><INIT seed="0,1,0,4,0,56" ten="367,211,211,211" oya="0" hai0="91,60,19,4,88,104,118,119,11,48,120,98,9" hai1="100,62,117,132,46,73,61,12,69,8,10,53,74" hai2="112,15,29,2,34,66,81,116,35,94,92,28,108" hai3="123,58,32,130,20,96,18,71,31,25,126,54,70"/><T6/><D120/><U39/><E117/><V67/><F2/><W80/><G123/><T24/><D48/><U85/><E132/><V111/><F81/><W64/><G126/><T14/><D24/><U114/><E114/><V22/><F15/><W79/><G64/><N who="2" m="24617" /><F22/><W128/><G96/><T101/><D19/><U63/><E69/><V38/><F38/><W57/><G71/><T7/><D60/><U44/><E100/><V102/><F102/><W86/><G70/><T134/><D134/><U16/><E10/><V78/><F78/><W51/><REACH who="3" step="1"/><G57/><REACH who="3" ten="367,211,211,201" step="2"/><T1/><REACH who="0" step="1"/><D6/><REACH who="0" ten="357,211,211,201" step="2"/><U106/><E44/><V30/><F112/><W23/><G23/><T125/><D125/><U17/><E46/><V37/><F116/><AGARI ba="1,2" hai="1,4,7,9,11,14,88,91,98,101,104,116,118,119" machi="116" ten="40,3900,0" yaku="1,1,54,1,53,0" doraHai="56" doraHaiUra="107" who="0" fromWho="2" sc="357,62,211,0,211,-42,201,0" /><INIT seed="0,2,0,3,2,26" ten="419,211,169,201" oya="0" hai0="51,36,54,15,50,8,75,127,32,62,13,124,69" hai1="86,130,81,103,125,97,66,79,22,101,5,109,63" hai2="112,99,37,11,6,77,87,121,16,38,129,110,64" hai3="113,74,34,33,42,20,19,131,106,132,123,0,52"/><T83/><D36/><U90/><E109/><V30/><F112/><W39/><RYUUKYOKU type="yao9" ba="2,0" sc="419,0,211,0,169,0,201,0" hai3="0,19,20,33,34,39,42,52,74,106,113,123,131,132" /><INIT seed="0,3,0,4,2,63" ten="419,211,169,201" oya="0" hai0="42,44,107,28,13,128,52,54,87,130,101,46,122" hai1="55,110,118,58,123,96,81,14,19,100,59,97,95" hai2="38,0,135,1,69,88,24,33,102,49,12,79,2" hai3="108,50,65,22,127,67,82,121,43,10,126,29,92"/><T48/><D28/><U51/><E118/><V47/><F38/><W34/><G34/><T26/><D26/><U56/><E110/><V18/><F69/><W116/><G116/><T31/><D122/><U76/><E97/><V119/><F119/><W8/><G108/><T41/><D31/><U66/><E123/><V120/><F120/><W85/><G92/><T27/><D27/><U131/><E131/><N who="0" m="50217" /><D87/><N who="1" m="48551" /><E66/><N who="3" m="25098" /><G121/><T6/><D101/><U20/><AGARI ba="3,0" hai="14,19,20,51,55,56,58,59,95,96,100" m="48551" machi="20" ten="30,1100,0" yaku="8,1" doraHai="63" who="1" fromWho="1" sc="419,-8,211,20,169,-6,201,-6" /><INIT seed="1,0,0,5,2,55" ten="411,231,163,195" oya="1" hai0="115,64,98,7,41,16,28,108,4,76,133,53,110" hai1="60,135,107,48,103,68,36,58,49,33,72,40,37" hai2="83,120,75,13,0,67,63,127,129,56,126,90,125" hai3="46,3,123,96,39,91,62,82,80,102,71,32,88"/><U130/><E72/><V11/><F120/><W92/><G123/><T61/><D115/><U81/><E33/><V31/><F129/><W38/><G3/><T9/><D133/><U79/><E130/><V18/><F31/><W113/><G32/><T59/><D28/><U21/><E68/><V66/><F0/><W105/><G113/><T85/><D41/><U112/><E112/><V111/><F111/><N who="0" m="42538" /><D98/><U1/><E1/><V84/><REACH who="2" step="1"/><F75/><REACH who="2" ten="411,231,153,195" step="2"/><W114/><G114/><T27/><D64/><AGARI ba="0,1" hai="11,13,18,56,63,64,66,67,83,84,90,125,126,127" machi="64" ten="40,8000,1" yaku="1,1,2,1,18,1,52,1,53,0" doraHai="55" doraHaiUra="100" who="2" fromWho="0" sc="411,-80,231,0,153,90,195,0" /><INIT seed="2,0,0,5,3,100" ten="331,231,243,195" oya="2" hai0="64,15,118,40,22,124,133,37,99,126,8,111,25" hai1="102,107,110,115,52,97,108,26,60,16,43,24,84" hai2="119,33,47,86,35,53,51,39,81,93,23,49,120" hai3="75,73,98,41,112,104,128,59,129,1,109,36,28"/><V50/><F119/><W127/><G109/><N who="1" m="42090" /><E115/><V121/><F93/><W42/><G112/><T10/><D118/><U57/><E84/><V132/><F132/><W103/><G127/><N who="0" m="48683" /><D111/><U67/><E43/><N who="3" m="16394" /><G36/><T106/><D133/><U135/><E135/><V82/><F39/><W14/><G1/><T46/><D64/><U79/><E79/><V130/><F120/><W88/><G28/><N who="0" m="17463" /><D15/><U83/><E83/><V116/><F121/><W32/><G32/><T2/><D2/><U85/><E85/><V69/><F35/><W92/><G14/><T38/><D38/><U125/><E125/><V27/><F33/><W105/><G59/><T77/><D77/><U61/><E16/><N who="2" m="12775" /><F69/><AGARI ba="0,0" hai="24,26,52,57,60,61,67,69,97,102,107" m="42090" machi="69" ten="30,3900,0" yaku="14,1,52,1,54,1" doraHai="100" who="1" fromWho="2" sc="331,0,231,39,243,-39,195,0" /><INIT seed="3,0,0,0,2,40" ten="331,270,204,195" oya="3" hai0="11,17,20,105,115,106,52,104,12,85,31,84,94" hai1="38,21,32,5,55,127,102,69,129,59,121,68,49" hai2="128,56,103,6,54,7,99,118,1,0,72,93,34" hai3="120,82,131,9,109,100,4,73,46,29,98,113,125"/><W88/><G113/><T71/><D115/><U74/><E32/><V107/><F72/><W126/><G120/><T97/><D71/><U70/><E121/><V86/><F118/><W132/><G29/><T10/><D52/><U134/><E74/><V75/><F34/><W41/><G131/><T47/><D47/><U33/><E33/><V42/><F42/><W90/><G132/><T43/><D43/><U87/><E38/><V92/><F75/><W65/><G65/><T24/><REACH who="0" step="1"/><D11/><REACH who="0" ten="321,270,204,195" step="2"/><U79/><E55/><V110/><F54/><W114/><G114/><T44/><D44/><U117/><E68/><V53/><F53/><W116/><G116/><T108/><D108/><U130/><E69/><V26/><F110/><W122/><G109/><T48/><D48/><U30/><E49/><V77/><F56/><W76/><G122/><T64/><D64/><U18/><E59/><V61/><F61/><W35/><G35/><T89/><AGARI ba="0,1" hai="10,12,17,20,24,31,84,85,89,94,97,104,105,106" machi="89" ten="30,2000,0" yaku="1,1,0,1,53,0" doraHai="40" doraHaiUra="51" who="0" fromWho="0" sc="321,30,270,-5,204,-5,195,-10" owari="351,45.1,265,6.5,199,-20.1,185,-31.5" /></mjloggm>