<mjloggm ver="2.3"><GO type="225" lobby="0"/><UN n0="%E6%80%AA%E3%81%97%E3%81%99%E3%81%8E%E3%82%8B%E3%83%81%E3%83%BC" n1="%E3%81%AF%E3%82%88%E3%81%8A%E3%81%98%E3%81%95%E3%82%93" n2="%E3%83%8F%E3%82%AC%E3%82%BF%E3%82%AB%E3%81%AE%E3%81%88%E3%81%98%E3%81%8D" n3="%73%6C%69%63%6B%33%31%39" dan="16,17,16,16" rate="2165.49,2207.80,2155.72,2166.01" sx="M,M,M,M"/><TAIKYOKU oya="0"/><INIT seed="0,0,0,2,5,70" ten="250,250,250,250" oya="0" hai0="118,28,20,68,96,40,1,87,18,67,130,26,38" hai1="55,16,51,34,14,57,31,127,99,94,25,35,105" hai2="46,12,47,101,91,62,97,49,32,15,80,81,27" hai3="24,64,23,102,6,128,86,92,123,122,109,83,78"/><T113/><D113/><U112/><E127/><V100/><F32/><W79/><G6/><T65/><D118/><U95/><E112/><V13/><F27/><W59/><G109/><T104/><D130/><U29/><E105/><V30/><F30/><N who="3" m="17695" /><G128/><T114/><D114/><U3/><E3/><V4/><F4/><W74/><G74/><T21/><D1/><U73/><E73/><V33/><F33/><W117/><G117/><T11/><D11/><U17/><E34/><V75/><F75/><W8/><G8/><T76/><D68/><U60/><E29/><V45/><F62/><N who="3" m="37983" /><G78/><T71/><D71/><U116/><E116/><V52/><F91/><W9/><G9/><T54/><D54/><U2/><E2/><V82/><REACH who="2" step="1"/><F97/><AGARI ba="0,0" hai="79,83,86,92,97,102,122,123" m="37983,17695" machi="97" ten="30,1000,0" yaku="25,1" doraHai="70" who="3" fromWho="2" sc="250,0,250,0,250,-10,250,10" /><INIT seed="1,0,0,5,0,3" ten="250,250,240,260" oya="1" hai0="73,93,122,105,86,116,123,45,80,30,81,6,10" hai1="23,114,111,87,34,18,65,71,8,103,104,84,85" hai2="106,68,108,92,119,61,21,107,14,17,22,50,5" hai3="63,2,41,48,75,127,49,53,95,59,76,79,129"/><U131/><E114/><V19/><F119/><W88/><G127/><T124/><D116/><U118/><E118/><V83/><F108/><W89/><G129/><T126/><D105/><U27/><E131/><V39/><F39/><W70/><G2/><N who="0" m="343" /><D30/><U125/><E125/><N who="0" m="48233" /><D45/><U101/><E111/><V31/><F83/><N who="0" m="31818" /><D73/><U96/><E34/><V109/><F109/><W25/><G75/><T67/><D67/><U134/><E134/><V16/><F31/><W94/><G25/><T55/><D55/><U110/><E110/><V40/><F106/><W99/><G70/><T78/><D78/><N who="3" m="29737" /><G41/><T64/><D64/><U20/><E8/><N who="2" m="4367" /><F107/><W133/><G133/><T130/><D130/><U43/><E43/><V44/><F68/><W26/><G26/><T7/><D7/><U1/><E1/><V62/><F92/><W32/><G32/><T97/><D86/><AGARI ba="0,0" hai="48,49,53,59,63,86,88,89,94,95,99" m="29737" machi="86" ten="30,2000,0" yaku="8,1,54,1" doraHai="3" who="3" fromWho="0" sc="250,-20,250,0,240,0,260,20" /><INIT seed="2,0,0,3,4,0" ten="230,250,240,280" oya="2" hai0="18,15,13,59,11,107,119,70,1,87,71,47,97" hai1="129,101,77,38,28,122,133,43,26,94,103,46,80" hai2="90,135,100,110,108,111,35,131,68,49,99,63,57" hai3="76,112,12,109,66,55,132,74,84,5,58,19,120"/><V39/><F35/><W3/><G120/><T88/><D119/><U130/><E122/><V116/><F116/><W32/><G32/><T33/><D33/><N who="1" m="20631" /><E94/><V14/><F39/><W82/><G109/><T22/><D1/><U79/><E79/><V42/><F135/><W61/><G132/><T54/><D47/><U98/><E98/><V83/><F131/><N who="1" m="50185" /><E133/><V16/><F68/><W56/><G112/><T105/><D105/><U73/><AGARI ba="0,0" hai="38,43,46,73,77,80,101,103" m="50185,20631" machi="73" ten="30,1100,0" yaku="19,1" doraHai="0" who="1" fromWho="1" sc="230,-3,250,11,240,-5,280,-3" /><INIT seed="3,0,0,1,0,2" ten="227,261,235,277" oya="3" hai0="125,59,52,81,98,18,34,11,45,78,46,124,29" hai1="131,55,38,16,109,9,132,123,51,91,36,94,72" hai2="99,77,65,85,90,33,129,115,50,57,40,97,106" hai3="37,31,88,128,80,119,102,39,41,126,19,25,70"/><W27/><G119/><T112/><D112/><U62/><E123/><V84/><F33/><W113/><G113/><T130/><D130/><U122/><E122/><V82/><F129/><W24/><G70/><T108/><D108/><U134/><E72/><V30/><F115/><W47/><G128/><T95/><D29/><U42/><E62/><N who="2" m="38095" /><F106/><W133/><G39/><T127/><D34/><U5/><E109/><V105/><F105/><W8/><G102/><N who="0" m="60767" /><D18/><U56/><E42/><V93/><F30/><W4/><G126/><N who="0" m="32259" /><T58/><DORA hai="89" /><D11/><U110/><E16/><V74/><F74/><W75/><G19/><T114/><D114/><U118/><E118/><V83/><F83/><W68/><G31/><T43/><D43/><U101/><E101/><V107/><F107/><W61/><G75/><N who="0" m="43231" /><D58/><U7/><E110/><V49/><F40/><W111/><G111/><T86/><D86/><N who="1" m="52599" /><E131/><V121/><F121/><W1/><G80/><T96/><D96/><AGARI ba="0,0" hai="49,50,77,82,84,85,90,93,96,97,99" m="38095" machi="96" ten="30,2000,0" yaku="8,1,52,1" doraHai="2,89" who="2" fromWho="0" sc="227,-20,261,0,235,20,277,0" /><INIT seed="4,0,0,4,0,12" ten="207,261,255,277" oya="0" hai0="77,97,118,68,56,129,115,39,95,44,9,65,62" hai1="86,57,20,78,4,35,121,46,89,66,50,16,33" hai2="117,135,10,125,128,85,76,126,14,27,75,60,103" hai3="28,2,101,13,64,70,93,24,99,61,72,0,7"/><T100/><D118/><U108/><E108/><V106/><F117/><W30/><G72/><T71/><D115/><U88/><E121/><V8/><F128/><W113/><G113/><T38/><D129/><U67/><E33/><V63/><F75/><W52/><G28/><T32/><D32/><U23/><E35/><V98/><F135/><W79/><G79/><T112/><D112/><U19/><E4/><V102/><F102/><W51/><G7/><T6/><D77/><U105/><E105/><V104/><F104/><W74/><G13/><T116/><D116/><U81/><E23/><V21/><F85/><W55/><G74/><T96/><D96/><U87/><E57/><V31/><F76/><W131/><G55/><T41/><REACH who="0" step="1"/><D39/><REACH who="0" ten="197,261,255,277" step="2"/><U114/><E78/><V122/><F122/><W69/><G131/><T1/><AGARI ba="0,1" hai="1,6,9,38,41,44,56,62,65,68,71,95,97,100" machi="1" ten="20,7800,0" yaku="1,1,2,1,0,1,7,1,53,0" doraHai="12" doraHaiUra="132" who="0" fromWho="0" sc="197,88,261,-26,255,-26,277,-26" /><INIT seed="4,1,0,1,0,116" ten="285,235,229,251" oya="0" hai0="74,19,115,16,109,66,25,89,103,68,36,75,77" hai1="0,97,17,27,67,98,71,132,131,119,96,10,120" hai2="133,69,26,12,6,23,52,55,135,130,126,5,113" hai3="88,46,37,18,57,58,117,39,107,91,42,85,83"/><T51/><D36/><U41/><E119/><V8/><F69/><W33/><G117/><T60/><D115/><U2/><E120/><V29/><F113/><W62/><G33/><T61/><D109/><U54/><E131/><V92/><F130/><W44/><G107/><T125/><D125/><U65/><E132/><N who="2" m="50763" /><F126/><W121/><G121/><T105/><D60/><U110/><E110/><V64/><F64/><W34/><G34/><T21/><D77/><U38/><E54/><N who="2" m="20523" /><F92/><W56/><G62/><T94/><D51/><U82/><E82/><V48/><F48/><W45/><G42/><T90/><D19/><AGARI ba="1,0" hai="5,6,8,12,19,23,26,29" m="20523,50763" machi="19" ten="30,2000,0" yaku="20,1,54,1" doraHai="116" who="2" fromWho="0" sc="285,-23,235,0,229,23,251,0" /><INIT seed="5,0,0,5,1,64" ten="262,235,252,251" oya="1" hai0="25,14,107,66,38,53,131,57,36,109,60,58,134" hai1="37,48,22,72,2,88,45,85,16,42,76,129,9" hai2="90,117,114,21,122,43,39,20,10,4,27,100,95" hai3="113,68,83,52,92,102,99,98,44,67,86,41,96"/><U74/><E129/><V94/><F117/><W30/><G113/><T73/><D109/><U110/><E110/><V49/><F39/><W32/><G32/><T0/><D0/><U82/><E48/><V78/><F122/><W108/><G30/><T55/><D73/><U35/><E35/><V50/><F78/><W19/><G108/><T128/><D107/><U23/><E74/><V127/><F127/><W5/><G5/><T81/><D81/><U115/><E115/><V24/><F100/><W97/><G19/><T126/><D14/><U93/><E16/><V18/><F43/><W103/><G52/><N who="0" m="20043" /><D25/><U123/><E123/><V46/><F46/><W71/><G67/><N who="0" m="39311" /><D134/><U28/><E28/><V75/><F75/><W87/><G102/><T31/><D31/><U17/><E17/><V111/><F111/><W69/><REACH who="3" step="1"/><G83/><REACH who="3" ten="262,235,252,241" step="2"/><T119/><D119/><U124/><E124/><V33/><F18/><W47/><G47/><T116/><D116/><U130/><E130/><N who="0" m="49705" /><D126/><U3/><E3/><V79/><F33/><W56/><G56/><T121/><D121/><U63/><E63/><AGARI ba="0,1" hai="36,38,58,63,66" m="49705,39311,20043" machi="63" ten="30,7700,0" yaku="19,1,34,2,54,1" doraHai="64" who="0" fromWho="1" sc="262,87,235,-77,252,0,241,0" owari="349,44.9,158,-34.2,252,5.2,241,-15.9" /></mjloggm>