<mjloggm ver="2.3"><GO type="225" lobby="0"/><UN n0="%E3%81%A9%E3%82%8F%E3%82%93%E3%81%94" n1="%E3%83%B4%E3%83%A0%EF%BC%99%E3%81%A6" n2="%43%68%65" n3="%E6%A1%9C%E8%8A%B1%E9%96%83%E3%80%85" dan="16,17,16,18" rate="2176.00,2184.87,2136.90,2224.16" sx="M,M,M,M"/><TAIKYOKU oya="0"/><INIT seed="0,0,0,1,1,15" ten="250,250,250,250" oya="0" hai0="102,116,70,106,35,18,63,127,25,104,40,39,83" hai1="0,20,64,89,132,117,105,4,6,5,75,2,30" hai2="122,45,31,11,62,131,76,67,71,77,97,90,42" hai3="107,93,60,135,80,87,85,86,123,65,33,21,74"/><T14/><D116/><U48/><E75/><V3/><F122/><W130/><G33/><T110/><D127/><U54/><E105/><V73/><F31/><W61/><G107/><T17/><D39/><U78/><E78/><V96/><F131/><W100/><G130/><T7/><D40/><U113/><E64/><V126/><F126/><W23/><G123/><T19/><D83/><U129/><E129/><V133/><F90/><W16/><G135/><T99/><D110/><U44/><E117/><V46/><F46/><W53/><G23/><T52/><D106/><U66/><E132/><V9/><F9/><W115/><G115/><T1/><D1/><U28/><E113/><V55/><F55/><W34/><G34/><T41/><D41/><U84/><E66/><V94/><F94/><W58/><G74/><T82/><D82/><U27/><E30/><V114/><F114/><W32/><G32/><T112/><D112/><U119/><E119/><V120/><F120/><W134/><G134/><T51/><D35/><U10/><E0/><V59/><F71/><W108/><G108/><T26/><D63/><U128/><E128/><V95/><F133/><W81/><G100/><T92/><D70/><U43/><E43/><V98/><F73/><W8/><G8/><N who="0" m="4383" /><D104/><U124/><E124/><V36/><F95/><AGARI ba="0,0" hai="2,4,5,6,10,20,27,28,44,48,54,84,89,95" machi="95" ten="30,1000,0" yaku="7,1" doraHai="15" who="1" fromWho="2" sc="250,0,250,10,250,-10,250,0" /><INIT seed="1,0,0,5,3,60" ten="250,260,240,250" oya="1" hai0="22,102,131,86,53,111,23,109,57,25,99,33,42" hai1="101,119,120,64,121,88,12,113,45,108,68,73,75" hai2="90,89,38,56,48,28,30,13,7,63,66,54,40" hai3="126,67,24,0,36,79,129,39,114,112,29,50,132"/><U107/><E113/><V105/><F105/><W10/><G50/><T37/><D131/><U69/><E119/><V5/><F40/><W14/><G129/><T74/><D74/><U71/><E108/><N who="0" m="41545" /><D86/><U18/><E45/><V9/><F7/><N who="3" m="1383" /><G14/><T70/><D70/><U21/><E64/><V43/><F43/><W96/><G96/><T122/><D122/><U92/><E101/><V62/><F62/><W106/><G106/><N who="0" m="63839" /><D42/><U6/><E107/><V98/><F38/><W51/><G79/><T15/><D15/><U1/><E121/><V83/><F98/><W2/><G2/><T8/><D8/><U80/><E80/><V46/><REACH who="2" step="1"/><F83/><REACH who="2" ten="250,260,230,250" step="2"/><W77/><G39/><T127/><D37/><U117/><E120/><V55/><F55/><W32/><G36/><T19/><D127/><U116/><E116/><V124/><F124/><W76/><G126/><T59/><D53/><U61/><E117/><V118/><F118/><W110/><G110/><T84/><D59/><U72/><E61/><V100/><F100/><W95/><G51/><T125/><D57/><U104/><E104/><V97/><F97/><W135/><G114/><T130/><D125/><U91/><E92/><V52/><F52/><W20/><G95/><T133/><D130/><U4/><E4/><V34/><F34/><W93/><G93/><T47/><D33/><U123/><E123/><V115/><F115/><W44/><G112/><T78/><D47/><U103/><E103/><V87/><F87/><W3/><G44/><T128/><D128/><U26/><E1/><V27/><F27/><N who="3" m="18495" /><G3/><T58/><D84/><RYUUKYOKU ba="0,1" sc="250,-15,260,15,230,15,250,-15" hai1="6,12,18,21,26,68,69,71,72,73,75,88,91" hai2="5,9,13,28,30,46,48,54,56,63,66,89,90" /><INIT seed="1,1,1,3,0,14" ten="235,275,245,235" oya="1" hai0="69,73,33,34,88,36,111,127,95,135,119,122,20" hai1="22,19,28,32,97,103,7,131,23,47,78,98,8" hai2="128,35,117,115,77,84,58,62,89,63,59,116,1" hai3="30,5,109,121,27,87,105,112,29,82,55,120,91"/><U102/><E131/><V74/><F1/><W16/><G112/><T83/><RYUUKYOKU type="yao9" ba="1,1" sc="235,0,275,0,245,0,235,0" hai0="20,33,34,36,69,73,83,88,95,111,119,122,127,135" /><INIT seed="1,2,1,0,4,16" ten="235,275,245,235" oya="1" hai0="39,97,0,126,26,59,121,131,17,31,24,61,89" hai1="34,38,68,101,20,47,70,1,72,21,118,74,111" hai2="130,50,93,109,2,40,52,57,124,120,15,88,135" hai3="112,90,85,66,10,69,87,114,71,77,108,99,84"/><U51/><E118/><V65/><F120/><W18/><G108/><T79/><D0/><U78/><E34/><V82/><F2/><W22/><G77/><T13/><D39/><U41/><E1/><V67/><F109/><W32/><G32/><T49/><D131/><U35/><E35/><V117/><F117/><W28/><G28/><T44/><D126/><U75/><E111/><V4/><F124/><W105/><G10/><T127/><D127/><U81/><E101/><V134/><F82/><W33/><G33/><T54/><D79/><U14/><E38/><V103/><F103/><W6/><G6/><T129/><D129/><U91/><E91/><V36/><F130/><W64/><G64/><T11/><D31/><U27/><E14/><V104/><F104/><W113/><G66/><N who="0" m="39231" /><D121/><U96/><E96/><V29/><F29/><W86/><G99/><T106/><D106/><U25/><E25/><V58/><F40/><W56/><G56/><T23/><D11/><U95/><E95/><AGARI ba="2,1" hai="13,17,23,24,26,44,49,54,89,95,97" m="39231" machi="95" ten="30,2000,0" yaku="8,1,52,1" doraHai="16" who="0" fromWho="1" sc="235,36,275,-26,245,0,235,0" /><INIT seed="2,0,0,5,3,65" ten="271,249,245,235" oya="2" hai0="91,111,130,19,86,59,110,23,8,35,26,7,51" hai1="25,40,116,125,104,112,103,56,99,72,69,16,21" hai2="109,77,55,83,3,34,24,43,29,44,14,120,107" hai3="39,13,36,117,75,52,93,78,28,87,85,129,73"/><V94/><F107/><W79/><G117/><T46/><D130/><U66/><E116/><V133/><F3/><W37/><G129/><T89/><D59/><U100/><E112/><V81/><F120/><W42/><G42/><T54/><D35/><U62/><E125/><V18/><F133/><W9/><G28/><T30/><D30/><U88/><E72/><V10/><F109/><N who="0" m="41482" /><D86/><U92/><E40/><V11/><F55/><W5/><G85/><T12/><AGARI ba="0,0" hai="7,8,12,19,23,26,46,51,54,89,91" m="41482" machi="12" ten="30,1100,0" yaku="14,1" doraHai="65" who="0" fromWho="0" sc="271,11,249,-3,245,-5,235,-3" /><INIT seed="3,0,0,5,5,0" ten="282,246,240,232" oya="3" hai0="52,20,135,19,2,53,83,39,34,70,82,129,41" hai1="69,60,55,131,27,100,77,79,85,6,94,97,118" hai2="26,25,43,28,107,46,124,57,12,11,1,133,119" hai3="50,14,66,16,88,56,49,106,99,71,90,108,132"/><W87/><G132/><T128/><D34/><U114/><E114/><V89/><F119/><W51/><G71/><T59/><D70/><U7/><E118/><V61/><F1/><W127/><G127/><T17/><D135/><U115/><E115/><V3/><F3/><W58/><G108/><T30/><D2/><U22/><E131/><N who="0" m="50249" /><D30/><N who="1" m="17783" /><E69/><V98/><F124/><W104/><G104/><T44/><D53/><U86/><E86/><V10/><F10/><N who="3" m="6231" /><G106/><T92/><D92/><U81/><E79/><V126/><F126/><W73/><G73/><T33/><D33/><U21/><E21/><V45/><F107/><W84/><G99/><T13/><D19/><U112/><E112/><V121/><F98/><W54/><G66/><T80/><D80/><U48/><E60/><AGARI ba="0,0" hai="13,17,20,39,41,44,52,59,60,82,83" m="50249" machi="60" ten="30,2000,0" yaku="19,1,54,1" doraHai="0" who="0" fromWho="1" sc="282,20,246,-20,240,0,232,0" owari="302,40.2,226,-27.4,240,4.0,232,-16.8" /></mjloggm>