<mjloggm ver="2.3"><GO type="225" lobby="0"/><UN n0="%E8%83%83%E3%81%A8%E8%85%B8" n1="%E5%A4%9C%E3%81%AE%E3%82%AC%E3%82%B9%E3%83%91%E3%83%BC%E3%83%AB" n2="%4D%6F%6E%61%6E%61" n3="%E3%83%9D%E3%83%B3%E3%83%9D%E3%82%B3%E5%95%86%E4%BA%8B" dan="16,17,16,16" rate="2146.37,2153.18,2086.22,2111.15" sx="M,M,F,M"/><TAIKYOKU oya="0"/><INIT seed="0,0,0,4,0,117" ten="250,250,250,250" oya="0" hai0="69,76,32,93,13,81,109,59,21,62,0,10,49" hai1="52,68,37,70,36,1,11,84,50,119,128,107,12" hai2="123,3,113,43,74,129,58,80,44,9,45,4,105" hai3="64,90,71,101,79,34,89,97,108,110,99,85,125"/><T24/><BYE who="1" /><D69/><U120/><E120/><V17/><F113/><UN n1="%E5%A4%9C%E3%81%AE%E3%82%AC%E3%82%B9%E3%83%91%E3%83%BC%E3%83%AB" /><W124/><G34/><T61/><D32/><U38/><E119/><V41/><F105/><W31/><G31/><T78/><D0/><U16/><E107/><V46/><F129/><W94/><G64/><T18/><D109/><N who="3" m="42089" /><G71/><T47/><D93/><U86/><E128/><V116/><F116/><W115/><G115/><T6/><D59/><U60/><E1/><V91/><F123/><W96/><G79/><T118/><D118/><U88/><E60/><V20/><F58/><W51/><G51/><T77/><REACH who="0" step="1"/><D81/><REACH who="0" ten="240,250,250,250" step="2"/><N who="1" m="49167" /><E86/><V112/><F112/><W57/><G57/><T54/><AGARI ba="0,1" hai="6,10,13,18,21,24,47,49,54,61,62,76,77,78" machi="54" ten="30,6000,0" yaku="1,1,0,1,8,1,53,0" doraHai="117" doraHaiUra="82" who="0" fromWho="0" sc="240,70,250,-20,250,-20,250,-20" /><INIT seed="0,1,0,5,4,9" ten="310,230,230,230" oya="0" hai0="77,61,117,96,134,30,17,82,116,92,106,37,18" hai1="79,49,90,63,124,15,6,31,95,67,51,33,29" hai2="43,113,39,102,46,53,123,131,101,25,12,130,86" hai3="72,56,91,5,85,109,65,107,84,70,2,74,132"/><T0/><D134/><U98/><E124/><V127/><F113/><W55/><G132/><T121/><D121/><U26/><E79/><V60/><F127/><W66/><G107/><T122/><D122/><U64/><E31/><V111/><F111/><W3/><G109/><T114/><D114/><U48/><REACH who="1" step="1"/><E63/><REACH who="1" ten="310,220,230,230" step="2"/><V34/><F123/><W135/><G135/><T128/><D30/><U24/><E24/><V80/><F25/><W10/><G3/><T50/><D0/><U115/><E115/><V13/><F34/><W38/><G74/><T62/><D62/><U42/><E42/><V73/><F60/><W27/><G72/><T23/><D61/><U88/><E88/><N who="2" m="51271" /><F73/><W8/><G27/><T94/><D77/><U45/><E45/><V108/><F108/><W103/><G91/><T89/><D89/><U104/><E104/><V4/><F53/><W119/><G55/><T125/><D106/><U59/><E59/><V36/><F36/><W41/><G56/><T28/><D37/><U47/><E47/><V97/><F102/><W118/><G103/><T7/><D125/><U58/><E58/><V75/><F75/><W21/><G38/><T105/><D105/><U68/><E68/><V54/><F54/><W40/><G70/><T120/><D120/><U44/><E44/><V32/><F32/><W76/><G76/><T11/><D28/><U35/><E35/><V52/><F52/><W133/><G133/><T87/><D11/><AGARI ba="1,1" hai="6,11,15,26,29,33,48,49,51,64,67,90,95,98" machi="11" ten="40,2600,0" yaku="1,1,52,1,53,0" doraHai="9" doraHaiUra="16" who="1" fromWho="0" sc="310,-29,220,39,230,0,230,0" /><INIT seed="1,0,0,3,4,51" ten="281,259,230,230" oya="1" hai0="114,58,108,32,44,89,60,113,134,132,98,74,118" hai1="126,96,6,34,37,101,92,43,71,11,84,135,1" hai2="112,4,109,2,115,106,14,40,36,119,42,24,76" hai3="17,95,7,125,16,45,23,90,26,49,0,20,13"/><U28/><E126/><V86/><F109/><W8/><G125/><T46/><D74/><U80/><E71/><V67/><F119/><W65/><G65/><T97/><D32/><U77/><E135/><N who="0" m="51753" /><D89/><U73/><E84/><V29/><F106/><W61/><G61/><T48/><D97/><U120/><E120/><V127/><F127/><W103/><G103/><T87/><D87/><U83/><E83/><N who="2" m="47463" /><F67/><W81/><G81/><T62/><D98/><U116/><E116/><V21/><F36/><W52/><REACH who="3" step="1"/><G90/><REACH who="3" ten="281,259,230,220" step="2"/><T122/><D118/><U123/><E123/><V93/><F112/><N who="0" m="43114" /><D122/><U121/><E121/><V68/><F115/><W38/><G38/><T50/><D62/><U99/><E101/><V15/><F93/><AGARI ba="0,1" hai="0,7,8,13,16,17,20,23,26,45,49,52,93,95" machi="93" ten="40,8000,1" yaku="1,1,52,1,54,2,53,0" doraHai="51" doraHaiUra="64" who="3" fromWho="2" sc="281,0,259,0,230,-80,220,90" /><INIT seed="2,0,0,3,1,48" ten="281,259,150,310" oya="2" hai0="10,62,93,54,135,46,99,45,14,60,66,59,42" hai1="58,20,70,130,8,23,57,133,9,118,71,55,51" hai2="79,91,116,1,117,124,88,72,33,100,67,87,126" hai3="44,97,131,98,49,105,24,94,90,132,18,22,5"/><V108/><F1/><W16/><G131/><T119/><D135/><U125/><E133/><V17/><F33/><W78/><G132/><T83/><D119/><N who="2" m="45642" /><F67/><W37/><G37/><T95/><D83/><U40/><E118/><V82/><F17/><W12/><G78/><T11/><D42/><U6/><E125/><N who="2" m="48235" /><F108/><W129/><G129/><T111/><D111/><U85/><E130/><V112/><F112/><W134/><G134/><T50/><D45/><U122/><E40/><V76/><F100/><W7/><G98/><T2/><D2/><U110/><E110/><V13/><F13/><W65/><G105/><T80/><D60/><U61/><E71/><V69/><F69/><W86/><G97/><T128/><D128/><U28/><E70/><V84/><F79/><W101/><G101/><T41/><D80/><U96/><E23/><V35/><F35/><W3/><G65/><T34/><D34/><U109/><E109/><V21/><F21/><N who="3" m="13351" /><G3/><T127/><D127/><U81/><E20/><V26/><F26/><W47/><G47/><T92/><D11/><U64/><E9/><V89/><AGARI ba="0,0" hai="72,76,82,84,87,88,89,91" m="48235,45642" machi="89" ten="40,12000,1" yaku="18,1,34,2,54,1" doraHai="48" who="2" fromWho="2" sc="281,-40,259,-40,150,120,310,-40" /><INIT seed="2,1,0,1,3,131" ten="241,219,270,270" oya="2" hai0="71,17,2,103,133,3,89,14,129,96,48,69,40" hai1="115,1,50,125,28,109,111,60,91,29,81,114,39" hai2="7,132,127,95,110,61,53,4,43,27,73,22,112" hai3="11,75,104,49,94,85,80,78,16,113,23,66,38"/><V116/><F73/><W93/><G38/><T70/><D129/><U56/><E39/><V120/><F112/><W47/><G104/><T134/><D89/><U74/><E1/><V15/><F116/><W102/><G113/><T65/><D65/><U97/><E115/><V72/><F120/><W34/><G34/><T63/><D63/><U107/><E114/><V9/><F72/><W98/><G66/><T119/><D119/><U105/><E125/><V26/><F127/><W0/><G94/><T52/><D40/><U24/><E50/><V126/><F126/><W35/><G35/><T55/><D3/><U67/><E29/><V19/><F43/><W10/><G0/><T88/><D2/><U32/><E74/><V86/><F110/><W62/><G62/><T121/><D121/><U33/><E33/><V6/><F9/><W82/><G82/><T21/><D88/><U58/><E58/><N who="2" m="35023" /><F132/><N who="0" m="50794" /><D48/><U64/><E64/><V117/><F117/><W30/><G75/><T46/><D46/><U5/><E109/><V59/><F59/><W122/><G49/><T31/><D31/><U44/><E111/><V54/><F54/><W128/><G47/><T25/><D25/><U20/><E44/><V79/><F79/><W68/><G78/><T101/><D101/><U106/><E32/><V8/><F27/><W87/><G102/><T123/><D123/><U41/><E41/><V90/><AGARI ba="1,0" hai="4,6,7,8,15,19,22,26,86,90,95" m="35023" machi="90" ten="30,1500,0" yaku="8,1" doraHai="131" who="2" fromWho="2" sc="241,-6,219,-6,270,18,270,-6" /><INIT seed="2,2,0,5,1,15" ten="235,213,288,264" oya="2" hai0="26,102,14,92,94,54,13,11,119,130,7,22,121" hai1="120,47,6,82,20,25,111,99,41,107,28,73,122" hai2="32,23,123,38,134,21,35,52,77,63,44,87,69" hai3="40,48,70,84,59,53,2,80,50,67,89,27,62"/><V51/><F123/><W133/><G133/><T33/><D121/><N who="1" m="46699" /><E111/><V72/><F72/><W76/><G2/><T0/><D130/><U5/><E107/><V106/><F106/><W66/><G27/><T17/><D119/><U31/><E99/><V110/><F38/><W103/><G103/><T117/><D117/><U90/><E31/><V36/><F36/><W115/><G115/><T108/><D108/><U126/><E126/><V118/><F118/><W78/><G67/><T135/><D135/><U49/><E90/><V129/><F134/><W43/><G50/><T83/><D83/><U55/><E41/><V71/><F110/><W45/><REACH who="3" step="1"/><G40/><REACH who="3" ten="235,213,288,254" step="2"/><T1/><D102/><U125/><E125/><V109/><F109/><W127/><G127/><T74/><D1/><U91/><E91/><V75/><F77/><AGARI ba="2,1" hai="5,6,20,25,28,47,49,55,73,77,82" m="46699" machi="77" ten="30,1000,0" yaku="13,1" doraHai="15" who="1" fromWho="2" sc="235,0,213,26,288,-16,254,0" /><INIT seed="3,0,0,5,2,61" ten="235,239,272,254" oya="3" hai0="25,119,86,47,43,93,78,36,74,117,83,109,33" hai1="120,16,121,46,40,68,39,65,22,9,15,13,19" hai2="1,96,41,58,69,106,134,98,90,8,114,5,26" hai3="84,14,112,73,66,132,127,77,7,129,27,88,10"/><W131/><G112/><T30/><REACH who="0" step="1"/><D109/><REACH who="0" ten="225,239,272,254" step="2"/><U91/><REACH who="1" step="1"/><E91/><AGARI ba="0,1" hai="25,30,33,36,43,47,74,78,83,86,91,93,117,119" machi="91" ten="40,8000,1" yaku="21,2,2,1,53,1" doraHai="61" doraHaiUra="38" who="0" fromWho="1" sc="225,90,239,-80,272,0,254,0" owari="315,41.5,159,-34.1,272,7.2,254,-14.6" /></mjloggm>