<mjloggm ver="2.3"><GO type="225" lobby="0"/><UN n0="%E3%81%82%E3%82%93%E3%81%AA%E3%81%A4" n1="%E7%89%B9%E6%9D%B1%E3%81%AF%E4%B8%96%E7%95%8C%E3%82%92%E6%95%91%E3%81%86" n2="%6D%75%75%6D%75%72%61" n3="%72%69%6F%75%63%68%61%6E" dan="17,16,16,17" rate="2178.24,2161.84,2148.55,2269.70" sx="M,M,F,M"/><TAIKYOKU oya="0"/><INIT seed="0,0,0,1,2,102" ten="250,250,250,250" oya="0" hai0="99,22,29,79,28,5,0,3,117,47,94,1,90" hai1="82,8,118,9,44,23,109,12,131,112,4,124,71" hai2="96,120,127,84,56,113,135,130,55,27,129,15,42" hai3="46,73,114,126,128,19,39,97,91,121,35,66,105"/><T16/><D117/><U74/><E118/><V70/><F120/><W13/><G114/><T57/><D5/><U93/><E71/><V26/><F113/><W38/><G35/><T100/><D79/><U122/><E109/><V88/><F70/><W104/><G73/><T86/><D57/><U11/><E131/><N who="2" m="50187" /><F127/><W51/><G128/><T21/><D47/><U111/><E93/><N who="2" m="54407" /><F135/><W72/><G72/><T110/><D22/><U43/><E12/><V40/><F15/><W48/><G126/><T77/><D77/><U115/><E9/><V36/><F96/><W101/><G121/><T59/><D59/><U61/><E8/><V106/><F106/><W85/><G105/><T67/><D67/><U52/><E11/><V134/><F134/><W17/><G66/><T50/><D50/><U65/><E65/><V81/><F81/><W108/><G108/><T87/><D87/><U83/><E82/><V95/><F95/><W62/><G62/><T92/><REACH who="0" step="1"/><D110/><REACH who="0" ten="240,250,250,250" step="2"/><U98/><E111/><V64/><F64/><W103/><G48/><T123/><D123/><U80/><E122/><V34/><F34/><W18/><G51/><T76/><D76/><U30/><E112/><V54/><F54/><W107/><G46/><T20/><D20/><U10/><E23/><V119/><F119/><W63/><G63/><T132/><D132/><U6/><E44/><N who="2" m="23559" /><F42/><W125/><G125/><T45/><D45/><U31/><E124/><V32/><F32/><W37/><G37/><T133/><D133/><U2/><E43/><V7/><F7/><N who="1" m="2601" /><E115/><V75/><F75/><W89/><G38/><RYUUKYOKU ba="0,1" sc="240,15,250,-15,250,15,250,-15" hai0="0,1,3,16,21,28,29,86,90,92,94,99,100" hai2="26,27,55,56" /><INIT seed="0,1,1,0,2,39" ten="255,235,265,235" oya="0" hai0="132,111,88,51,127,69,48,37,94,119,5,77,78" hai1="102,17,20,53,123,133,7,24,14,32,54,74,57" hai2="2,21,97,26,110,45,35,23,98,61,134,115,114" hai3="108,6,80,19,59,96,109,124,118,56,129,16,25"/><T41/><D119/><U93/><E123/><V49/><F110/><N who="3" m="42603" /><G124/><T85/><D111/><U103/><E74/><V34/><F134/><W3/><G129/><T128/><D69/><U15/><E133/><V8/><F61/><W31/><G118/><T130/><D132/><U116/><E116/><V43/><F35/><N who="3" m="20975" /><G80/><T4/><D37/><U100/><E32/><V75/><F75/><W113/><G113/><T58/><D51/><N who="1" m="30911" /><E7/><N who="0" m="2633" /><D58/><N who="3" m="22057" /><G96/><T27/><D127/><U66/><E66/><V83/><F34/><W112/><G112/><T29/><D29/><U126/><E126/><V72/><F114/><W50/><G50/><T89/><D130/><U13/><E54/><V71/><F71/><W10/><AGARI ba="1,1" hai="3,6,10,16,19" m="22057,20975,42603" machi="10" ten="30,2000,0" yaku="14,1,54,1" doraHai="39" who="3" fromWho="3" sc="255,-11,235,-6,265,-6,235,33" /><INIT seed="1,0,0,2,0,82" ten="244,229,259,268" oya="1" hai0="103,43,55,86,74,54,72,89,92,110,94,38,36" hai1="53,127,125,52,11,109,16,15,90,10,78,27,66" hai2="39,81,80,2,5,47,37,23,88,3,123,26,117" hai3="58,135,40,115,19,99,120,70,31,77,46,48,24"/><U62/><E109/><V60/><F117/><W93/><G135/><T41/><D110/><U28/><E78/><V29/><F123/><W14/><G120/><T95/><D103/><U51/><E10/><V104/><F104/><W105/><G115/><T69/><D69/><U112/><E112/><V96/><F80/><W25/><G70/><T63/><D63/><U111/><E111/><V73/><F60/><W65/><G105/><T91/><D94/><U18/><E18/><V7/><F73/><W64/><G77/><T34/><D34/><U44/><E90/><V85/><F96/><W6/><G6/><T122/><REACH who="0" step="1"/><D86/><REACH who="0" ten="234,229,259,268" step="2"/><U42/><E127/><V126/><F126/><W4/><G93/><T107/><D107/><U57/><E125/><V87/><F85/><W83/><G99/><T32/><D32/><AGARI ba="0,1" hai="11,15,16,27,28,32,42,44,51,52,53,57,62,66" machi="32" ten="30,5800,0" yaku="7,1,54,2" doraHai="82" who="1" fromWho="0" sc="234,-58,229,68,259,0,268,0" /><INIT seed="1,1,0,3,4,9" ten="176,297,259,268" oya="1" hai0="96,54,134,28,16,117,121,116,89,94,72,26,106" hai1="73,101,32,132,135,70,58,78,87,77,119,40,46" hai2="21,129,128,75,25,122,109,127,97,111,102,19,64" hai3="31,0,1,38,103,131,36,57,125,14,27,6,2"/><U53/><E119/><V30/><F122/><W95/><G125/><T60/><D72/><U15/><E70/><V124/><F75/><W52/><G131/><N who="2" m="50249" /><F64/><W7/><G103/><T120/><D134/><N who="1" m="51243" /><E32/><N who="2" m="20559" /><F97/><W84/><G6/><T118/><D106/><U80/><E101/><V42/><F42/><W37/><G95/><T99/><D99/><U113/><E113/><V35/><F35/><W90/><G84/><T79/><D79/><N who="1" m="46495" /><E73/><V24/><F102/><W67/><G90/><T105/><D105/><U76/><E15/><V74/><F74/><W62/><G67/><T108/><D108/><AGARI ba="1,0" hai="19,21,24,108,109,111,124,127" m="20559,50249" machi="108" ten="30,7700,0" yaku="14,1,19,1,34,2" doraHai="9" who="2" fromWho="0" sc="176,-80,297,0,259,80,268,0" /><INIT seed="2,0,0,2,2,13" ten="96,297,339,268" oya="2" hai0="135,88,3,51,81,87,72,110,91,129,43,33,98" hai1="35,83,76,39,116,45,73,112,37,41,74,15,115" hai2="6,68,107,82,9,49,8,47,29,119,114,2,54" hai3="55,93,131,48,94,5,1,125,127,21,59,60,92"/><V12/><F114/><W19/><G131/><T25/><D3/><U99/><E116/><V90/><F107/><W105/><G105/><T120/><D129/><U58/><E35/><V111/><F68/><W121/><G121/><T101/><D120/><U28/><E28/><V56/><F111/><W133/><G133/><T134/><D110/><U126/><E126/><N who="3" m="48138" /><G5/><T65/><D65/><U62/><E37/><V30/><F119/><W34/><G34/><T70/><D70/><U0/><E74/><V130/><F130/><W40/><G1/><T104/><D91/><U132/><E132/><V38/><F38/><W18/><G21/><T46/><REACH who="0" step="1"/><D72/><REACH who="0" ten="86,297,339,268" step="2"/><U52/><E0/><V113/><F2/><W53/><G40/><T109/><D109/><U97/><E115/><V117/><F113/><W63/><G63/><T14/><D14/><U84/><E112/><V4/><F12/><W96/><G96/><T31/><AGARI ba="0,1" hai="25,31,33,43,46,51,81,87,88,98,101,104,134,135" machi="31" ten="30,4000,0" yaku="1,1,0,1,54,1,53,0" doraHai="13" doraHaiUra="123" who="0" fromWho="0" sc="86,50,297,-10,339,-20,268,-10" /><INIT seed="3,0,0,4,1,65" ten="136,287,319,258" oya="3" hai0="51,90,89,68,105,60,117,110,55,5,44,131,18" hai1="100,32,50,19,81,21,66,70,42,111,76,104,121" hai2="119,130,20,107,122,29,116,45,39,112,69,123,53" hai3="92,4,135,14,91,49,84,61,99,0,134,125,83"/><W30/><G125/><T77/><D105/><U23/><E32/><V31/><F112/><W64/><G0/><T6/><D77/><U73/><E121/><N who="2" m="46091" /><F130/><W9/><G49/><T57/><D131/><U35/><E35/><V47/><F69/><W17/><G30/><N who="2" m="11273" /><F107/><W54/><G54/><T27/><D117/><U36/><E50/><N who="2" m="28879" /><F20/><W93/><G4/><T1/><D110/><U22/><E81/><V63/><F63/><W103/><REACH who="3" step="1"/><G83/><REACH who="3" ten="136,287,319,248" step="2"/><T26/><D1/><U106/><E111/><V129/><F129/><W98/><G98/><T79/><D5/><U15/><E36/><V40/><AGARI ba="0,1" hai="39,40,47,116,119" m="28879,11273,46091" machi="40" ten="30,1100,0" yaku="13,1" doraHai="65" who="2" fromWho="2" sc="136,-3,287,-3,319,21,248,-5" owari="133,-36.7,284,8.4,340,44.0,243,-15.7" /></mjloggm>