<mjloggm ver="2.3"><GO type="225" lobby="0"/><UN n0="%E3%81%B2%E3%81%BE%E3%81%A4%E3%81%B6%E3%81%97" n1="%E3%81%BF%E3%81%BF%E3%81%9A" n2="%63%68%78%62%64" n3="%E3%81%AF%E3%81%84%E3%81%A6%E3%82%93%E3%81%BC%E3%83%BC" dan="16,16,16,17" rate="2150.66,2128.40,2151.03,2253.77" sx="M,M,M,M"/><TAIKYOKU oya="0"/><INIT seed="0,0,0,3,0,5" ten="250,250,250,250" oya="0" hai0="131,33,30,93,111,25,89,133,112,31,126,55,98" hai1="60,23,116,102,72,19,129,73,71,99,58,44,50" hai2="13,86,109,127,36,24,85,29,107,54,84,132,67" hai3="120,1,91,37,118,106,83,104,6,88,56,59,17"/><T115/><D126/><U101/><E71/><V124/><F36/><W14/><G118/><T15/><D131/><U123/><E116/><V100/><F109/><W45/><G120/><T26/><D133/><U75/><E123/><V52/><F67/><W87/><G6/><T81/><D111/><U7/><E129/><V64/><F64/><W135/><G1/><T114/><D81/><U49/><E7/><V39/><F39/><W110/><G110/><T38/><D38/><U92/><E101/><V78/><F78/><W53/><G135/><T48/><D15/><U10/><E44/><V70/><F70/><W96/><G37/><T18/><D18/><U11/><E49/><V108/><F108/><W34/><G34/><T43/><D43/><U90/><E50/><V3/><F3/><W121/><G121/><T47/><REACH who="0" step="1"/><D115/><REACH who="0" ten="240,250,250,250" step="2"/><U113/><E113/><V42/><F42/><W41/><G41/><T105/><D105/><U117/><E117/><V12/><F12/><W9/><G106/><T130/><D130/><U0/><E0/><V95/><F13/><W134/><G104/><T66/><D66/><U20/><E19/><V77/><F107/><W97/><G134/><T61/><D61/><U27/><E27/><V63/><F132/><W76/><G17/><T79/><D79/><U8/><REACH who="1" step="1"/><E102/><REACH who="1" ten="240,240,250,250" step="2"/><V74/><F100/><W28/><G28/><T22/><AGARI ba="0,2" hai="22,25,26,30,31,33,47,48,55,89,93,98,112,114" machi="22" ten="20,3900,0" yaku="1,1,0,1,7,1,53,0" doraHai="5" doraHaiUra="32" who="0" fromWho="0" sc="240,59,240,-13,250,-13,250,-13" /><INIT seed="0,1,0,2,0,111" ten="299,227,237,237" oya="0" hai0="23,100,105,94,86,88,112,29,82,97,45,38,35" hai1="71,118,101,60,64,126,34,66,134,10,0,91,24" hai2="6,39,99,43,132,57,59,41,55,130,77,47,3" hai3="121,65,26,122,125,115,25,104,76,95,114,33,89"/><T56/><D35/><U58/><E118/><V79/><F130/><W87/><G104/><T78/><D56/><U8/><E134/><V68/><F132/><W15/><G65/><T93/><D112/><U4/><E126/><V113/><F68/><W129/><G129/><T103/><D38/><U107/><E91/><V22/><F43/><W18/><G76/><T63/><D63/><U28/><E66/><V17/><F59/><W48/><G48/><T102/><D45/><U11/><REACH who="1" step="1"/><E58/><REACH who="1" ten="299,217,237,237" step="2"/><V90/><F90/><W49/><G49/><T51/><BYE who="3" /><D105/><UN n3="%E3%81%AF%E3%81%84%E3%81%A6%E3%82%93%E3%81%BC%E3%83%BC" /><U61/><E61/><V52/><F57/><W13/><G125/><T85/><D51/><U84/><E84/><V72/><F72/><W127/><G127/><T27/><AGARI ba="1,1" hai="23,27,29,78,82,85,86,88,93,94,97,100,102,103" machi="27" ten="30,6000,0" yaku="0,1,8,1,54,1" doraHai="111" who="0" fromWho="0" sc="299,73,217,-21,237,-21,237,-21" /><INIT seed="0,2,0,3,3,112" ten="372,196,216,216" oya="0" hai0="107,44,109,95,82,104,114,33,80,25,115,51,73" hai1="102,130,8,72,4,61,43,31,55,42,85,56,94" hai2="15,91,120,86,24,63,96,129,126,111,113,40,57" hai3="124,66,37,65,76,29,125,123,88,46,98,32,108"/><T106/><D95/><U78/><E130/><V0/><F113/><W20/><G32/><T1/><D1/><U62/><E31/><V119/><F0/><W77/><G108/><T71/><D71/><U13/><E72/><V54/><F111/><W6/><G6/><T52/><D109/><U23/><E62/><V34/><F120/><W59/><G123/><T7/><D7/><U35/><E35/><V58/><F129/><W17/><G29/><T26/><D33/><U60/><E23/><V101/><F126/><N who="3" m="48747" /><G46/><T22/><D26/><U122/><E122/><V27/><F34/><W16/><G37/><T67/><D67/><N who="3" m="25609" /><G59/><T92/><D92/><U50/><E61/><V12/><F58/><W45/><G45/><T9/><D9/><U134/><E60/><V128/><F40/><W38/><G38/><T117/><D114/><U127/><E127/><V39/><F39/><W21/><G98/><T74/><D115/><U93/><E134/><V83/><F128/><W87/><G20/><T18/><D74/><U19/><E4/><V131/><F131/><W14/><G17/><T70/><D73/><U41/><E102/><V132/><F132/><W121/><G121/><T79/><D70/><U89/><E94/><AGARI ba="2,0" hai="14,16,21,76,77,87,88,94" m="25609,48747" machi="94" ten="30,3900,0" yaku="18,1,54,2" doraHai="112" who="3" fromWho="1" sc="372,0,196,-45,216,0,216,45" /><INIT seed="1,0,0,4,0,71" ten="372,151,216,261" oya="1" hai0="111,26,3,122,83,82,17,79,133,103,87,8,34" hai1="124,40,20,38,106,54,14,63,104,132,78,99,64" hai2="94,115,57,45,35,15,67,66,13,123,7,11,109" hai3="73,23,29,28,91,102,24,22,1,6,27,90,76"/><U50/><E78/><V19/><F115/><W120/><G120/><T68/><D122/><U25/><E124/><V126/><F123/><W131/><G131/><T41/><D133/><U88/><E132/><V46/><F35/><W32/><G102/><T4/><D111/><U93/><E14/><V108/><F126/><W10/><G32/><T101/><D68/><U51/><E104/><V44/><F94/><W12/><G1/><T81/><D41/><U30/><E106/><V9/><REACH who="2" step="1"/><F57/><REACH who="2" ten="372,151,206,261" step="2"/><W48/><G73/><T127/><D34/><U98/><E98/><V60/><F60/><W114/><G114/><T5/><D83/><U110/><E110/><AGARI ba="0,1" hai="7,9,11,13,15,19,44,45,46,66,67,108,109,110" machi="110" ten="40,2600,0" yaku="1,1,14,1,53,0" doraHai="71" doraHaiUra="74" who="2" fromWho="1" sc="372,0,151,-26,206,36,261,0" /><INIT seed="2,0,0,2,0,112" ten="372,125,242,261" oya="2" hai0="116,30,76,99,16,128,103,130,105,34,114,120,81" hai1="9,119,50,11,35,56,28,84,110,18,8,80,77" hai2="45,127,55,115,19,43,89,36,125,29,12,52,135" hai3="121,106,129,132,13,68,10,17,42,33,37,47,97"/><V40/><F115/><W92/><G121/><T60/><D114/><U131/><E110/><V102/><F102/><W64/><G33/><T85/><D120/><U134/><E134/><V123/><F29/><W58/><G68/><T78/><D116/><U82/><E131/><N who="0" m="50217" /><D60/><U15/><E119/><V61/><F123/><W44/><G106/><T93/><D16/><U71/><E71/><V0/><F0/><W38/><G132/><T108/><D108/><U62/><E35/><V21/><F135/><W32/><G32/><T74/><D74/><U67/><E28/><V25/><F43/><W91/><G129/><T31/><D31/><U48/><REACH who="1" step="1"/><E80/><REACH who="1" ten="372,115,242,261" step="2"/><V69/><F125/><W39/><G42/><T126/><D81/><U70/><E70/><V87/><F127/><W94/><G94/><T96/><D30/><U133/><E133/><V111/><F111/><W20/><G92/><T54/><D93/><U5/><E5/><V46/><F69/><W107/><G107/><T3/><D105/><U24/><E24/><V101/><F25/><W14/><G17/><T49/><D126/><U65/><E65/><V109/><F109/><W1/><G64/><T63/><D34/><U7/><E7/><V100/><F19/><W27/><G27/><T53/><D3/><U57/><E57/><V90/><F45/><W73/><G47/><T2/><D2/><U66/><E66/><V6/><F46/><W72/><G44/><T4/><D4/><U41/><E41/><V104/><F6/><W83/><G1/><T98/><D54/><N who="2" m="20522" /><F40/><W75/><G58/><T22/><D53/><RYUUKYOKU ba="0,1" sc="372,-10,115,30,242,-10,261,-10" hai1="8,9,11,15,18,48,50,56,62,67,77,82,84" /><INIT seed="3,1,1,5,4,18" ten="362,145,232,251" oya="3" hai0="5,97,26,69,48,14,124,134,11,109,1,30,87" hai1="44,73,71,79,57,8,43,99,135,51,96,9,100" hai2="64,114,60,21,133,42,110,101,116,65,88,6,70" hai3="119,63,10,80,108,67,128,95,121,131,15,28,61"/><W55/><G121/><T91/><D69/><U62/><E135/><V76/><F114/><W27/><G119/><T74/><D134/><U130/><E130/><V105/><F116/><W104/><G104/><T22/><D74/><U37/><E96/><V39/><F133/><W4/><G108/><T56/><D109/><U13/><E73/><V83/><F64/><W107/><G107/><T50/><D124/><U85/><E71/><V33/><F33/><W123/><G123/><T17/><D97/><U117/><E117/><V82/><F110/><W24/><G80/><T78/><D56/><U0/><E0/><V7/><F83/><W40/><G40/><T81/><D78/><U29/><E37/><V90/><F101/><W45/><G45/><T75/><D75/><U35/><E35/><AGARI ba="1,1" hai="1,5,11,14,17,22,26,30,35,48,50,81,87,91" machi="35" ten="30,7700,0" yaku="7,1,24,2,52,1" doraHai="18" who="0" fromWho="1" sc="362,90,145,-80,232,0,251,0" owari="452,55.2,65,-43.5,232,-16.8,251,5.1" /></mjloggm>