<mjloggm ver="2.3"><GO type="225" lobby="0"/><UN n0="%74%61%6B%75%61%6B%61" n1="%E3%81%95%E3%81%8D%E3%81%9F%E3%81%BE%E6%9E%97%E6%AA%8E" n2="%E3%81%AF%E3%82%88%E3%81%8A%E3%81%98%E3%81%95%E3%82%93" n3="%E3%82%82%E3%81%90%E3%82%89" dan="17,16,16,16" rate="2195.05,2079.95,2109.68,2227.28" sx="M,M,M,M"/><TAIKYOKU oya="0"/><INIT seed="0,0,0,4,2,130" ten="250,250,250,250" oya="0" hai0="122,10,103,110,13,65,59,71,89,14,5,24,121" hai1="87,88,60,84,8,96,108,21,44,18,81,102,62" hai2="28,124,32,9,3,50,52,48,67,29,54,125,66" hai3="129,98,68,92,126,105,131,94,7,11,113,37,22"/><T57/><D110/><U55/><E108/><V40/><F9/><W99/><G113/><T114/><D114/><U82/><E8/><V19/><F19/><W16/><G37/><T43/><D43/><U73/><E73/><V61/><F40/><W90/><G105/><T46/><D46/><U2/><E2/><V75/><F75/><W33/><G33/><T36/><D36/><U128/><E128/><N who="3" m="49226" /><G68/><T123/><D103/><U101/><E96/><N who="3" m="36906" /><G90/><T116/><D116/><U120/><E120/><V109/><F109/><W91/><G91/><T64/><D89/><N who="1" m="51343" /><E44/><V133/><F61/><N who="1" m="23657" /><E55/><V77/><F77/><W6/><G126/><T56/><D71/><U49/><E49/><V26/><F32/><W12/><G7/><T83/><D83/><U78/><E78/><V115/><F115/><W106/><G106/><T117/><D117/><U72/><E72/><V63/><F63/><W70/><G70/><T134/><D64/><U25/><AGARI ba="0,0" hai="18,21,25,82,87,88,101,102" m="23657,51343" machi="25" ten="30,2000,0" yaku="8,1,54,1" doraHai="130" who="1" fromWho="1" sc="250,-10,250,20,250,-5,250,-5" /><INIT seed="1,0,0,4,4,15" ten="240,270,245,245" oya="1" hai0="133,44,128,74,116,7,19,40,57,96,131,67,77" hai1="84,42,12,34,117,16,26,24,120,80,109,76,111" hai2="56,41,101,30,60,64,82,35,87,123,4,115,99" hai3="124,63,114,48,66,9,105,118,106,36,113,125,5"/><U73/><E120/><V28/><F123/><W53/><G36/><T102/><D116/><U85/><E117/><V135/><F135/><W33/><G33/><T59/><D133/><U107/><E107/><V92/><F115/><W29/><G29/><T97/><D7/><U83/><E42/><V75/><F35/><W103/><G118/><T49/><D74/><U51/><E51/><V78/><F4/><W62/><G103/><T14/><D77/><U127/><E127/><N who="3" m="48714" /><G105/><T79/><D79/><U69/><E69/><V3/><F3/><N who="3" m="191" /><G106/><T13/><D13/><U70/><E70/><V25/><F41/><W122/><G122/><T98/><D102/><U65/><E65/><V81/><F25/><N who="1" m="9833" /><E83/><V68/><REACH who="2" step="1"/><F68/><REACH who="2" ten="240,270,235,245" step="2"/><W46/><G113/><T90/><D40/><U43/><E43/><V110/><F110/><N who="1" m="41993" /><E34/><V31/><F31/><W27/><G114/><T129/><D129/><U32/><E32/><V58/><F58/><W21/><G66/><T94/><D67/><U71/><E71/><V0/><F0/><W1/><G1/><T22/><D131/><U108/><E108/><V134/><F134/><W126/><G126/><T45/><D128/><U112/><E112/><V23/><F23/><AGARI ba="0,1" hai="12,16,23,73,76,80,84,85" m="41993,9833" machi="23" ten="30,11600,0" yaku="14,1,10,1,52,1,54,1" doraHai="15" who="1" fromWho="2" sc="240,0,270,126,235,-116,245,0" /><INIT seed="1,1,0,0,1,61" ten="240,396,119,245" oya="1" hai0="96,15,39,56,6,8,76,57,13,19,99,125,55" hai1="117,116,80,37,50,30,108,21,126,16,65,89,107" hai2="111,119,44,120,133,124,69,113,97,9,24,132,10" hai3="123,87,118,79,84,4,86,102,134,12,7,59,95"/><U32/><E37/><V11/><F69/><W43/><G123/><T82/><D39/><U49/><E107/><V0/><F44/><W88/><G134/><N who="2" m="51817" /><F97/><W131/><G131/><T38/><D38/><U73/><E126/><V47/><F47/><W26/><G118/><T29/><D29/><U14/><E73/><V135/><N who="2" m="51825" /><V83/><DORA hai="74" /><F83/><N who="3" m="47231" /><G43/><T58/><D125/><U25/><E117/><V67/><F124/><W5/><G102/><T112/><D112/><U28/><E116/><V33/><F119/><W22/><G59/><T35/><D35/><U105/><E105/><V127/><F127/><W121/><G121/><T77/><D55/><U48/><E30/><N who="2" m="19655" /><F120/><W106/><G106/><T130/><D130/><U40/><E40/><V103/><F103/><W109/><G109/><T62/><D62/><U51/><E108/><V52/><F111/><W91/><G12/><T110/><D110/><U42/><E42/><V27/><F113/><W100/><G100/><T75/><REACH who="0" step="1"/><D76/><REACH who="0" ten="230,396,119,245" step="2"/><U92/><E32/><V93/><F52/><W41/><G41/><T71/><D71/><U53/><E53/><V45/><F45/><W3/><G3/><T72/><D72/><U128/><E128/><V78/><F0/><W46/><G46/><T2/><D2/><U36/><E36/><V66/><F78/><W63/><G63/><T54/><D54/><U81/><E50/><V90/><F27/><W34/><G34/><T94/><D94/><U101/><E25/><V64/><F93/><N who="3" m="54423" /><G26/><T70/><D70/><U17/><E92/><V1/><F1/><W114/><G114/><RYUUKYOKU ba="1,1" sc="230,10,396,-30,119,10,245,10" hai0="6,8,13,15,19,56,57,58,75,77,82,96,99" hai2="9,10,11,64,66,67,90" hai3="4,5,7,22,87,91,95" /><INIT seed="2,2,1,0,0,131" ten="240,366,129,255" oya="2" hai0="34,38,29,59,26,41,72,57,10,32,4,94,49" hai1="12,80,89,56,64,116,47,75,48,107,96,62,82" hai2="42,52,119,128,102,6,69,66,1,46,133,124,2" hai3="106,103,13,9,104,3,17,125,81,134,95,91,27"/><V18/><F119/><W8/><G125/><T25/><D38/><U50/><E116/><V109/><F128/><W70/><G70/><T84/><D72/><U73/><E50/><V93/><F124/><W65/><G65/><T24/><D34/><U118/><E118/><V108/><F133/><W90/><G134/><T53/><D41/><U120/><E120/><V23/><F66/><W0/><G27/><T61/><D84/><U43/><E75/><V36/><F69/><W44/><G44/><T78/><D78/><U22/><E73/><V58/><F93/><W54/><G54/><T111/><D94/><N who="1" m="56399" /><E107/><V115/><F102/><W35/><G35/><T67/><D111/><N who="2" m="42570" /><F6/><W51/><G103/><T85/><D85/><U68/><E68/><V39/><F115/><W122/><G95/><T105/><D105/><U114/><E114/><V19/><F36/><W33/><G104/><T83/><D83/><U113/><E113/><V87/><F87/><W126/><G81/><T112/><D112/><U60/><E60/><N who="2" m="35911" /><F18/><AGARI ba="2,1" hai="12,18,22,43,47,48,56,62,64,80,82" m="56399" machi="18" ten="30,1000,0" yaku="8,1" doraHai="131" who="1" fromWho="2" sc="240,0,366,26,129,-16,255,0" /><INIT seed="3,0,0,0,3,12" ten="240,392,113,255" oya="3" hai0="34,94,66,120,53,110,81,135,65,130,26,28,43" hai1="25,30,19,63,101,90,32,1,80,104,70,60,31" hai2="62,36,129,45,46,95,0,121,91,64,52,97,128" hai3="82,107,87,126,86,37,20,105,22,5,93,33,13"/><W83/><G33/><T9/><D120/><U112/><E1/><V125/><F0/><W11/><G37/><T69/><D110/><U84/><E112/><V133/><F121/><W58/><G126/><T85/><D130/><U68/><E31/><V119/><F119/><W6/><G93/><T76/><D135/><U14/><E70/><V100/><F133/><W16/><G58/><T48/><D43/><U122/><E122/><V115/><F115/><W78/><G22/><T74/><D69/><U54/><E68/><V50/><F125/><W103/><G103/><T57/><D9/><U102/><E104/><V47/><F36/><W114/><G114/><T123/><D123/><U18/><E18/><V96/><F129/><W98/><G98/><T27/><D27/><U7/><E7/><V117/><F117/><W44/><G44/><T89/><AGARI ba="0,0" hai="26,28,34,48,53,57,65,66,74,76,81,85,89,94" machi="89" ten="30,1100,0" yaku="0,1" doraHai="12" who="0" fromWho="0" sc="240,11,392,-3,113,-3,255,-5" owari="251,5.1,389,48.9,110,-39.0,250,-15.0" /></mjloggm>