<mjloggm ver="2.3"><GO type="225" lobby="0"/><UN n0="%E9%89%A2%E5%B7%BB%E3%82%AC%E3%83%96" n1="%E9%B3%B3%E6%9D%B1%E3%81%AE%E3%81%86%E3%81%95%E3%81%8E%E3%81%95%E3%82%93" n2="%E6%A1%9C%E8%8A%B1%E9%96%83%E3%80%85" n3="%E4%B8%89%E5%86%A0%E7%8E%8B%E3%83%BB%E5%B1%B1%E7%94%B0%E5%93%B2%E4%BA%BA" dan="16,16,18,17" rate="2118.26,2249.32,2245.86,2162.71" sx="M,M,M,M"/><TAIKYOKU oya="0"/><INIT seed="0,0,0,5,4,69" ten="250,250,250,250" oya="0" hai0="50,100,91,9,76,126,96,73,24,8,75,29,28" hai1="102,32,108,94,88,10,101,33,95,52,128,26,89" hai2="37,34,123,86,49,124,122,47,116,85,3,21,110" hai3="22,134,135,133,68,90,38,81,41,79,0,117,18"/><T65/><D126/><U120/><E120/><V13/><F34/><W12/><G68/><T16/><D65/><U19/><E108/><V98/><F3/><W106/><G0/><T121/><D121/><U112/><E128/><V104/><F110/><W31/><G106/><T130/><D130/><U40/><E40/><V7/><F124/><W119/><G90/><T53/><D91/><U1/><E112/><V99/><F116/><W48/><G48/><T132/><D29/><U127/><E127/><V27/><F37/><W30/><G30/><T74/><D76/><U82/><E82/><V66/><F66/><W80/><G31/><T58/><D132/><U44/><E1/><V78/><F104/><W131/><G131/><T55/><D55/><U67/><E67/><V25/><F25/><W93/><G93/><T59/><D59/><U4/><E4/><V77/><F77/><W15/><G15/><T103/><D96/><N who="2" m="36906" /><F78/><W70/><G70/><T54/><D54/><U62/><E26/><V111/><F111/><W97/><G97/><T114/><D114/><U45/><E52/><N who="2" m="29759" /><F123/><W118/><REACH who="3" step="1"/><G79/><REACH who="3" ten="250,250,250,240" step="2"/><T23/><REACH who="0" step="1"/><D28/><REACH who="0" ten="240,250,250,240" step="2"/><U14/><E89/><V56/><F122/><W107/><G107/><T87/><D87/><U36/><E88/><V84/><F84/><W92/><G92/><T125/><D125/><U72/><E95/><V2/><F86/><W63/><G63/><T51/><D51/><U61/><E61/><V115/><F85/><W105/><G105/><T57/><D57/><U71/><E62/><V39/><F56/><W11/><G11/><AGARI ba="0,2" hai="8,9,11,16,23,24,50,53,58,73,74,75,100,103" machi="11" ten="40,3900,0" yaku="1,1,54,1,53,0" doraHai="69" doraHaiUra="83" who="0" fromWho="3" sc="240,59,250,0,250,0,240,-39" /><INIT seed="0,1,0,1,2,104" ten="299,250,250,201" oya="0" hai0="18,83,99,94,45,0,34,33,51,12,93,105,69" hai1="63,27,30,26,114,46,101,80,82,31,11,62,98" hai2="112,96,81,1,13,71,21,102,19,131,118,78,132" hai3="129,24,133,37,100,58,124,135,68,122,128,64,108"/><T47/><D0/><U84/><E114/><V20/><F112/><W113/><G113/><T95/><D69/><U77/><E11/><V88/><F132/><N who="3" m="50763" /><G108/><T61/><D61/><U117/><E117/><V54/><F131/><N who="3" m="50251" /><G100/><T75/><D99/><U6/><E6/><V57/><F71/><W42/><G24/><T53/><D47/><U36/><E80/><V67/><F67/><W120/><G68/><T43/><D43/><U126/><E27/><V85/><F1/><W86/><G86/><T49/><D49/><U123/><E26/><V103/><F118/><W107/><G107/><T134/><D105/><U48/><E84/><V106/><F21/><W130/><N who="3" m="50259" /><W87/><DORA hai="89" /><G87/><T116/><D116/><U32/><E101/><V2/><F2/><W115/><G115/><T40/><D40/><U8/><E98/><V92/><REACH who="2" step="1"/><F106/><REACH who="2" ten="299,250,240,201" step="2"/><W79/><G124/><T55/><D134/><U3/><E126/><V65/><F65/><W14/><G14/><T52/><D34/><U7/><E32/><V74/><F74/><W90/><G79/><T23/><D33/><U121/><E77/><V72/><F72/><W60/><G90/><T119/><D119/><U70/><E70/><V22/><F22/><W97/><G97/><T39/><D75/><U50/><E3/><V125/><F125/><W9/><G9/><T41/><D23/><U76/><E8/><V110/><F110/><W127/><G127/><T73/><D12/><U28/><E76/><V15/><F15/><W56/><G56/><N who="0" m="32799" /><D18/><U4/><E31/><V25/><F25/><W35/><G35/><RYUUKYOKU ba="1,1" sc="299,10,250,-30,240,10,201,10" hai0="39,41,45,53,55,73,83,93,94,95" hai2="13,19,20,54,57,78,81,85,88,92,96,102,103" hai3="37,42,58,60,64,120,122" /><INIT seed="0,2,1,1,5,105" ten="309,220,250,211" oya="0" hai0="7,50,112,135,102,35,46,38,121,107,93,71,36" hai1="66,1,124,54,10,126,88,125,17,83,76,5,65" hai2="117,51,49,18,75,9,40,23,131,56,113,79,55" hai3="30,42,99,129,8,15,122,0,84,95,111,78,100"/><T77/><D112/><U130/><E130/><V91/><F113/><W103/><G129/><T3/><D35/><U2/><E2/><V39/><F131/><W68/><G68/><T47/><D93/><U108/><E108/><V81/><F117/><W14/><G111/><T115/><D121/><U25/><E54/><V32/><F32/><W104/><G122/><T16/><D50/><U67/><E88/><V60/><F9/><W62/><G30/><T11/><D16/><U123/><E123/><V134/><F134/><W22/><G42/><T116/><D47/><U24/><REACH who="1" step="1"/><E17/><REACH who="1" ten="309,210,250,211" step="2"/><V120/><F91/><N who="3" m="55807" /><G0/><T43/><D3/><U12/><E12/><V63/><F120/><W34/><G14/><T119/><D116/><U44/><E44/><V57/><F40/><W13/><G13/><T90/><D90/><U87/><AGARI ba="2,2" hai="1,5,10,24,25,65,66,67,76,83,87,124,125,126" machi="87" ten="40,12000,2" yaku="1,1,0,1,18,1,53,3" doraHai="105" doraHaiUra="132" who="1" fromWho="1" sc="309,-62,210,146,250,-32,211,-32" /><INIT seed="1,0,0,4,1,112" ten="247,356,218,179" oya="1" hai0="58,134,24,81,131,91,71,122,61,12,48,9,108" hai1="102,26,3,36,133,16,60,117,76,69,94,35,23" hai2="101,79,90,57,70,47,40,13,77,82,132,15,68" hai3="2,50,49,103,67,28,8,32,125,99,129,121,56"/><U54/><E117/><V111/><F111/><W22/><G121/><T95/><D108/><U98/><E36/><V118/><F132/><W0/><G32/><T17/><D134/><U109/><E133/><V52/><F101/><W89/><G125/><T20/><D71/><U65/><E109/><V11/><F118/><W27/><G129/><T119/><D131/><U21/><E3/><V53/><F70/><W93/><G89/><T123/><D48/><U85/><E54/><V7/><F68/><W64/><G64/><T18/><D81/><U30/><E76/><V10/><F90/><W59/><G59/><T4/><D119/><U130/><E130/><V87/><F57/><W62/><REACH who="3" step="1"/><G0/><REACH who="3" ten="247,356,218,169" step="2"/><T29/><D122/><U6/><E35/><V107/><F79/><W97/><G97/><N who="0" m="57599" /><D123/><U55/><E65/><AGARI ba="0,1" hai="4,9,12,17,18,20,24,29,58,61,65" m="57599" machi="65" ten="30,1000,0" yaku="8,1" doraHai="112" who="0" fromWho="1" sc="247,20,356,-10,218,0,169,0" /><INIT seed="2,0,0,3,2,101" ten="267,346,218,169" oya="2" hai0="91,65,58,42,28,43,18,46,30,97,45,11,36" hai1="12,134,22,47,49,34,17,63,26,40,85,64,82" hai2="66,133,73,72,8,70,71,135,105,60,37,35,86" hai3="88,57,13,59,130,54,115,103,126,121,9,83,25"/><V95/><F35/><W20/><G126/><T69/><D69/><U14/><E34/><V116/><F116/><W109/><G109/><T48/><D65/><U74/><E74/><N who="2" m="28779" /><F37/><W106/><G121/><T128/><D128/><U33/><E33/><V76/><F8/><W75/><G130/><T52/><D91/><N who="1" m="51639" /><E134/><N who="2" m="51211" /><F71/><W15/><G115/><T80/><D80/><U81/><E81/><N who="2" m="47399" /><F95/><W98/><G75/><T78/><D11/><U53/><E64/><V113/><F113/><W114/><G114/><T68/><D68/><U111/><E111/><V62/><F62/><W102/><G9/><T19/><D36/><U24/><E12/><V99/><F99/><W7/><G7/><T41/><D97/><U132/><E132/><V110/><F110/><W122/><G13/><T38/><D38/><U119/><E119/><V100/><F100/><W27/><G103/><T32/><D32/><U21/><E21/><V107/><AGARI ba="0,0" hai="60,66,70,105,107" m="47399,51211,28779" machi="107" ten="40,7800,0" yaku="20,1,52,2" doraHai="101" who="2" fromWho="2" sc="267,-26,346,-26,218,78,169,-26" /><INIT seed="2,1,0,4,2,1" ten="241,320,296,143" oya="2" hai0="41,107,66,9,82,93,85,79,18,25,73,60,45" hai1="99,23,110,89,77,20,33,39,5,75,4,102,68" hai2="80,10,124,29,12,47,103,106,56,46,83,131,112" hai3="3,100,72,88,30,96,92,57,21,71,114,53,36"/><V52/><F112/><W67/><G114/><T38/><D107/><U121/><E33/><V55/><F131/><W50/><G36/><T91/><D25/><U135/><E68/><V44/><F124/><W35/><G72/><T108/><D108/><U128/><E39/><V133/><F133/><W130/><G130/><T0/><D18/><U90/><E128/><V49/><F29/><W40/><G35/><T51/><D51/><U62/><E110/><V118/><F118/><W48/><G71/><T134/><D134/><U70/><E135/><V15/><F15/><W129/><G129/><T81/><D81/><N who="2" m="31306" /><F106/><W63/><G40/><T37/><D37/><U98/><E70/><V32/><F103/><W74/><G74/><T126/><D60/><U69/><E69/><V61/><F32/><W6/><G53/><T54/><D54/><U7/><E121/><V24/><F24/><W11/><REACH who="3" step="1"/><G88/><REACH who="3" ten="241,320,296,133" step="2"/><T31/><D66/><U59/><E89/><V27/><F55/><W127/><G127/><T22/><D126/><U94/><E75/><V86/><F86/><W117/><G117/><T116/><D116/><U28/><E90/><V14/><F61/><W19/><G19/><T105/><D31/><U17/><E17/><V122/><F52/><W26/><AGARI ba="1,1" hai="3,6,11,21,26,30,48,50,57,63,67,92,96,100" machi="26" ten="30,8000,1" yaku="1,1,0,1,25,2,52,1,53,0" doraHai="1" doraHaiUra="125" who="3" fromWho="3" sc="241,-21,320,-21,296,-41,133,93" /><INIT seed="3,0,0,3,4,107" ten="220,299,255,226" oya="3" hai0="89,36,26,28,121,66,113,78,55,73,74,100,30" hai1="90,50,43,35,128,104,79,116,98,45,61,81,42" hai2="23,3,133,84,70,31,94,5,118,102,99,76,17" hai3="38,25,67,14,68,72,56,62,127,7,32,97,59"/><W53/><G38/><T103/><D121/><U132/><E35/><V33/><F118/><W4/><G72/><N who="0" m="27755" /><D36/><U58/><E116/><V60/><F133/><W109/><G127/><T22/><D66/><U93/><E128/><V40/><F40/><W123/><G123/><T12/><D55/><N who="1" m="30159" /><E104/><V8/><F60/><W135/><G135/><T112/><D78/><U69/><E69/><V51/><F51/><N who="3" m="30783" /><G109/><T85/><D12/><U19/><E132/><V2/><F70/><W96/><G32/><T114/><D28/><U126/><E126/><V64/><F64/><W39/><G39/><T41/><D41/><U122/><E122/><V92/><F2/><W21/><G68/><T9/><D9/><U119/><E119/><V44/><F31/><N who="3" m="17839" /><G14/><T20/><D20/><U18/><E42/><V75/><F33/><W80/><G80/><AGARI ba="0,0" hai="22,26,30,80,85,89,100,103,112,113,114" m="27755" machi="80" ten="40,8000,1" yaku="11,1,52,3" doraHai="107" who="0" fromWho="3" sc="220,80,299,0,255,0,226,-80" owari="300,40.0,299,9.9,255,-14.5,146,-35.4" /></mjloggm>