<mjloggm ver="2.3"><GO type="225" lobby="0"/><UN n0="%E8%B6%85%E7%B4%9A%E9%B3%B3%E5%87%B0" n1="%E3%81%AA%E3%81%BE%E3%81%91%E8%80%85" n2="%E7%B4%94%E6%BD%94%E3%83%94%E3%83%A9%E3%83%8B%E3%82%A2" n3="%E4%BF%BA%E3%81%A8%E5%A6%96%E5%A4%A2" dan="16,16,16,17" rate="2116.78,2119.50,2104.04,2181.16" sx="F,M,M,F"/><TAIKYOKU oya="0"/><INIT seed="0,0,0,2,5,123" ten="250,250,250,250" oya="0" hai0="43,37,54,32,120,131,92,101,121,100,70,134,133" hai1="82,6,105,129,126,24,88,49,18,112,59,58,10" hai2="14,97,108,41,46,87,19,118,89,26,102,65,5" hai3="16,78,60,29,48,96,67,51,22,66,7,132,44"/><T40/><D32/><U34/><E105/><V28/><F65/><W124/><G124/><T116/><D116/><U57/><E126/><V117/><F5/><W39/><G132/><N who="0" m="50795" /><D70/><U99/><E129/><V85/><F108/><W47/><G29/><T55/><D92/><U3/><E112/><V38/><F89/><W50/><G7/><T95/><D95/><U23/><E34/><V21/><F117/><W93/><G78/><T122/><D131/><U35/><E35/><V74/><F74/><W25/><G39/><T106/><D106/><U72/><E72/><V8/><REACH who="2" step="1"/><F118/><REACH who="2" ten="250,250,240,250" step="2"/><W61/><G67/><T62/><D121/><U30/><E99/><V119/><F119/><W31/><G31/><T68/><D122/><U84/><REACH who="1" step="1"/><E30/><REACH who="1" ten="250,240,240,250" step="2"/><V0/><F0/><W4/><G96/><T111/><D120/><U71/><E71/><V113/><F113/><W94/><G4/><T125/><D68/><U107/><E107/><AGARI ba="0,2" hai="8,14,19,21,26,28,38,41,46,85,87,97,102,107" machi="107" ten="30,2000,0" yaku="1,1,7,1,53,0" doraHai="123" doraHaiUra="128" who="2" fromWho="1" sc="250,0,240,-20,240,40,250,0" /><INIT seed="1,0,0,3,2,108" ten="250,220,280,250" oya="1" hai0="18,44,59,64,11,25,78,39,82,98,85,8,126" hai1="96,45,10,116,135,119,1,40,6,89,112,74,50" hai2="102,68,63,109,9,99,88,36,115,62,103,54,123" hai3="22,29,114,33,134,97,48,4,16,24,19,80,53"/><U49/><E135/><V128/><F109/><W110/><G110/><T14/><D126/><U35/><E35/><V92/><F123/><W130/><G134/><T7/><D98/><U76/><E96/><V133/><F133/><W124/><G124/><T51/><D39/><U121/><E121/><V13/><F128/><W87/><G130/><T46/><D25/><U72/><E89/><V0/><F0/><W12/><G97/><T86/><D86/><U61/><E61/><V66/><F36/><W42/><G42/><T79/><D79/><U43/><E112/><V100/><F62/><W38/><G38/><T5/><D18/><U90/><E90/><V41/><F41/><W55/><G114/><T23/><D23/><U58/><E76/><V34/><F34/><W117/><G117/><T93/><D93/><U83/><E83/><V111/><F111/><W122/><G122/><T104/><D104/><U127/><E127/><V71/><F54/><W84/><G84/><T129/><D129/><U77/><E77/><V81/><F115/><W75/><G75/><T113/><D113/><U47/><REACH who="1" step="1"/><E58/><REACH who="1" ten="250,210,280,250" step="2"/><V3/><F81/><W32/><G33/><T67/><D59/><U118/><AGARI ba="0,1" hai="1,6,10,40,43,45,47,49,50,72,74,116,118,119" machi="118" ten="30,11700,0" yaku="1,1,2,1,0,1,9,1,53,0" doraHai="108" doraHaiUra="60" who="1" fromWho="1" sc="250,-39,210,127,280,-39,250,-39" /><INIT seed="1,1,0,0,5,19" ten="211,337,241,211" oya="1" hai0="11,93,21,43,15,45,7,42,35,72,110,12,69" hai1="73,125,98,8,64,37,133,16,26,22,24,105,119" hai2="118,79,68,100,33,14,85,27,97,39,88,47,104" hai3="36,81,58,18,71,91,131,67,65,20,86,38,66"/><U9/><E119/><V80/><F118/><W95/><G131/><T1/><D35/><U103/><E73/><V121/><F121/><W60/><G81/><T92/><D72/><U112/><E37/><V87/><F68/><W59/><G71/><T31/><D69/><U40/><E40/><V115/><F115/><W127/><G127/><T120/><D120/><U70/><E112/><V46/><F39/><W107/><G107/><T117/><D117/><U76/><E76/><V123/><F14/><W23/><G38/><T90/><D110/><U53/><E133/><V132/><F123/><W28/><G36/><T2/><D45/><U116/><E116/><V75/><F87/><W135/><G135/><T50/><D50/><U134/><E134/><V44/><F132/><W114/><G58/><T52/><D52/><U30/><E53/><V62/><F62/><W3/><G3/><T129/><D129/><U124/><E8/><V56/><F56/><W102/><G102/><T99/><D92/><U111/><E9/><V83/><F33/><W130/><G130/><T63/><D63/><N who="1" m="40223" /><E111/><V51/><REACH who="2" step="1"/><F27/><REACH who="2" ten="211,337,231,211" step="2"/><N who="3" m="16487" /><G114/><T57/><D1/><U4/><E4/><V74/><F74/><W41/><G41/><AGARI ba="1,1" hai="41,44,46,47,51,75,79,80,83,85,88,97,100,104" machi="41" ten="30,8000,1" yaku="1,1,7,1,54,1,53,2" doraHai="19" doraHaiUra="78" who="2" fromWho="3" sc="211,0,337,0,231,93,211,-83" /><INIT seed="2,0,0,4,2,122" ten="211,337,324,128" oya="2" hai0="79,15,63,17,69,115,71,48,83,32,126,90,23" hai1="114,119,11,121,135,21,41,12,85,39,77,87,102" hai2="68,19,78,124,76,130,26,8,101,10,5,66,97" hai3="20,30,54,89,40,116,109,50,37,61,22,46,51"/><V133/><F124/><W33/><G116/><T44/><D115/><U118/><E114/><V132/><F130/><W34/><G50/><T82/><D32/><U99/><E41/><V108/><F68/><W9/><G9/><T86/><D63/><U100/><E39/><V98/><F66/><W49/><G49/><T60/><D60/><U58/><E21/><N who="2" m="13631" /><F108/><W92/><G109/><T62/><D62/><U1/><E1/><V18/><F18/><W131/><G131/><T56/><D56/><U6/><E135/><N who="2" m="51787" /><F97/><W113/><G113/><T57/><D57/><U31/><E99/><V94/><F8/><W35/><G30/><T120/><D126/><U70/><E31/><V24/><F24/><W4/><G61/><T3/><D3/><AGARI ba="0,0" hai="3,5,10,76,78,94,98,101" m="51787,13631" machi="3" ten="30,1500,0" yaku="20,1" doraHai="122" who="2" fromWho="0" sc="211,-15,337,0,324,15,128,0" /><INIT seed="2,1,0,4,5,30" ten="196,337,339,128" oya="2" hai0="102,2,61,65,70,68,135,110,105,19,94,54,5" hai1="73,90,120,31,43,45,83,119,82,91,59,37,107" hai2="15,109,18,126,114,133,9,33,11,71,77,60,122" hai3="34,92,53,25,26,134,115,101,85,16,108,98,28"/><V1/><F114/><W4/><G108/><T64/><D110/><U14/><E119/><V42/><F122/><W99/><G115/><T96/><D19/><U41/><E107/><V113/><F113/><W17/><G134/><T112/><D94/><U48/><E31/><V40/><F133/><W23/><G4/><T57/><D112/><U6/><E43/><V13/><F1/><W78/><G98/><T36/><D135/><U80/><E73/><V131/><F126/><W29/><REACH who="3" step="1"/><G53/><REACH who="3" ten="196,337,339,118" step="2"/><T35/><D5/><U3/><E6/><V104/><F109/><W93/><G93/><T121/><D54/><U106/><E106/><V87/><F104/><W44/><G44/><T67/><D96/><U123/><E45/><V52/><F52/><W95/><G95/><T84/><D105/><U127/><E120/><V111/><F111/><W21/><G21/><T56/><D121/><U24/><E123/><V47/><F47/><W10/><G10/><T128/><D2/><U49/><E3/><V58/><F11/><W130/><G130/><T22/><D128/><U89/><E82/><AGARI ba="1,1" hai="16,17,23,25,26,28,29,34,78,82,85,92,99,101" machi="82" ten="40,5200,0" yaku="1,1,52,1,54,1,53,0" doraHai="30" doraHaiUra="129" who="3" fromWho="1" sc="196,0,337,-55,339,0,118,65" /><INIT seed="3,0,0,4,3,9" ten="196,282,339,183" oya="3" hai0="71,108,19,126,22,24,117,30,125,42,6,132,78" hai1="82,46,13,40,49,93,50,70,55,91,17,119,77" hai2="76,135,60,27,37,4,105,59,66,62,5,107,131" hai3="10,16,73,123,51,114,86,103,88,26,8,111,115"/><W134/><G73/><T64/><D117/><U99/><E70/><V113/><F37/><W12/><G123/><T72/><D108/><U116/><E116/><V102/><F113/><W79/><G111/><T129/><D129/><U89/><E89/><V47/><F131/><W11/><G115/><T44/><D132/><U92/><E92/><V3/><F47/><W130/><G114/><T128/><D128/><U36/><E119/><V39/><F39/><W121/><G121/><T69/><D6/><U96/><E96/><V67/><F102/><W14/><G79/><T81/><D30/><U2/><E2/><V101/><F101/><W7/><G130/><T74/><D74/><U106/><E106/><V35/><F76/><W118/><G118/><T18/><D18/><U20/><REACH who="1" step="1"/><E55/><REACH who="1" ten="196,272,339,183" step="2"/><V32/><F3/><W120/><G134/><T68/><D69/><U0/><E0/><V97/><F97/><W56/><G120/><T23/><D68/><U15/><E15/><V65/><F135/><W109/><G109/><T43/><D71/><U80/><E80/><V61/><F107/><W28/><G103/><T45/><D81/><U122/><E122/><V1/><F105/><W41/><G7/><T38/><D78/><U34/><E34/><N who="2" m="12843" /><F1/><W110/><G110/><T57/><D125/><U48/><E48/><V25/><F5/><W52/><G41/><T58/><D126/><U94/><E94/><V98/><F4/><W90/><G12/><T95/><D43/><U29/><E29/><V33/><F98/><W21/><G90/><T85/><D42/><U133/><E133/><RYUUKYOKU ba="0,1" sc="196,-15,272,15,339,-15,183,15" hai1="13,17,20,36,40,46,49,50,77,82,91,93,99" hai3="8,10,11,14,16,21,26,28,51,52,56,86,88" /><INIT seed="3,1,1,1,4,11" ten="181,287,324,198" oya="3" hai0="114,64,35,113,27,83,120,68,90,41,91,119,126" hai1="54,33,21,61,12,85,103,106,37,36,71,55,75" hai2="15,51,74,58,62,133,52,60,48,29,87,129,6" hai3="20,28,30,40,47,101,116,53,131,88,70,46,96"/><W81/><G116/><T67/><D119/><U3/><E3/><V22/><F74/><W109/><G70/><T130/><D120/><U34/><E75/><V14/><F129/><W63/><G131/><T13/><D130/><U122/><E122/><V100/><F133/><W127/><G127/><T23/><D126/><U97/><E37/><V57/><F100/><W31/><G109/><T43/><D35/><U108/><E36/><V72/><F72/><W1/><G1/><T105/><D13/><N who="2" m="4618" /><F6/><W78/><G88/><N who="0" m="33835" /><D105/><U84/><E108/><V115/><F87/><N who="3" m="48567" /><G20/><T94/><D83/><U66/><E85/><V117/><F115/><N who="0" m="44042" /><D94/><U73/><E84/><V2/><F2/><W8/><G8/><T4/><D4/><U111/><E73/><V32/><F32/><W10/><G10/><T134/><D134/><U18/><E111/><V77/><F77/><W128/><G128/><T45/><D68/><U93/><E93/><V5/><F5/><W17/><G40/><T76/><D76/><U56/><REACH who="1" step="1"/><E54/><REACH who="1" ten="181,277,324,198" step="2"/><N who="2" m="31943" /><F117/><W86/><G86/><T42/><D45/><U65/><E65/><V82/><F82/><W50/><G46/><T80/><D80/><U123/><E123/><V98/><F98/><W132/><G132/><T9/><D9/><U16/><E16/><AGARI ba="1,2" hai="16,23,27,41,42,43,64,67" m="44042,33835" machi="16" ten="30,3900,0" yaku="11,1,54,2" doraHai="11" who="0" fromWho="1" sc="181,62,277,-42,324,0,198,0" owari="243,4.3,235,-16.5,324,42.4,198,-30.2" /></mjloggm>