<mjloggm ver="2.3"><GO type="225" lobby="0"/><UN n0="%73%61%6E%64%69%72%69%73" n1="%E6%B8%A9%E2%98%85%E6%83%85%E2%98%85%E6%8E%AA%E2%98%85%E7%BD%AE" n2="%63%62%69%73%6B%65%74" n3="%E3%83%88%E3%83%A9%E3%83%9E%E3%83%AB" dan="16,16,16,16" rate="2146.44,2172.18,2073.98,2100.27" sx="M,M,M,M"/><TAIKYOKU oya="0"/><INIT seed="0,0,0,0,5,73" ten="250,250,250,250" oya="0" hai0="22,128,121,21,2,125,134,110,89,4,26,38,107" hai1="123,5,97,28,81,78,59,75,96,100,30,42,98" hai2="82,77,116,19,62,41,52,131,68,92,63,86,102" hai3="109,15,71,14,1,120,58,70,106,104,122,50,36"/><T39/><D121/><N who="3" m="46697" /><G36/><T6/><D107/><N who="3" m="41001" /><G1/><T130/><D89/><U80/><E123/><V57/><F131/><N who="0" m="50218" /><D39/><U34/><E34/><V103/><F116/><W8/><G109/><T12/><D38/><U44/><E100/><N who="2" m="38443" /><F68/><W27/><G27/><T87/><D87/><U118/><E118/><V56/><F19/><W35/><G35/><T33/><D134/><U135/><E135/><V85/><F85/><W124/><G124/><T113/><D113/><U114/><E114/><V10/><F10/><W46/><G58/><T45/><D45/><U79/><E59/><V129/><F129/><W49/><G46/><T69/><D69/><N who="3" m="26121" /><G8/><N who="0" m="2071" /><D125/><U127/><E127/><V40/><F92/><W11/><G11/><N who="0" m="4215" /><D110/><U66/><E44/><V95/><F95/><W18/><G18/><T51/><D51/><AGARI ba="0,0" hai="14,15,49,50,51" m="26121,41001,46697" machi="51" ten="40,5200,0" yaku="28,2,13,1" doraHai="73" who="3" fromWho="0" sc="250,-52,250,0,250,0,250,52" /><INIT seed="1,0,0,5,0,1" ten="198,250,250,302" oya="1" hai0="121,108,6,63,71,40,22,92,52,91,31,67,79" hai1="4,5,105,18,75,36,96,46,90,19,73,56,21" hai2="27,70,101,32,82,103,133,85,132,129,9,45,2" hai3="35,84,116,98,135,97,113,15,87,10,30,25,66"/><U74/><E56/><V134/><F70/><W88/><G113/><T117/><D117/><U120/><E120/><V7/><F129/><W118/><G135/><T126/><D108/><U26/><E18/><V119/><F119/><N who="3" m="45611" /><G87/><T11/><D126/><U112/><E112/><V64/><F64/><W60/><G15/><T95/><D121/><U47/><E90/><N who="2" m="51511" /><F45/><W110/><G10/><T93/><D40/><U76/><E76/><V61/><F61/><W23/><G35/><T34/><D34/><U55/><E55/><V3/><F3/><W51/><G51/><T72/><D79/><U53/><E53/><V128/><F128/><W115/><G110/><T29/><D72/><U100/><REACH who="1" step="1"/><E47/><REACH who="1" ten="198,240,250,302" step="2"/><V83/><F83/><N who="3" m="49183" /><G115/><T81/><D81/><U104/><E104/><V130/><F130/><W86/><G86/><T102/><D93/><U54/><E54/><V114/><F114/><W39/><G39/><T107/><D92/><U42/><AGARI ba="0,1" hai="4,5,19,21,26,36,42,46,73,74,75,96,100,105" machi="42" ten="40,18000,2" yaku="1,1,0,1,52,2,53,2" doraHai="1" doraHaiUra="0" who="1" fromWho="1" sc="198,-60,240,190,250,-60,302,-60" /><INIT seed="1,1,0,3,3,36" ten="138,430,190,242" oya="1" hai0="72,29,95,71,23,24,55,134,56,124,62,63,26" hai1="67,61,111,54,35,48,85,89,3,125,25,77,78" hai2="106,133,39,28,11,91,2,121,22,58,64,53,9" hai3="42,37,38,93,110,86,69,65,100,66,17,20,97"/><U13/><E3/><V51/><F121/><W135/><G110/><T82/><D134/><U117/><E117/><V73/><F106/><W128/><G135/><T27/><D124/><U33/><E125/><V126/><F133/><W98/><G128/><T32/><D95/><U131/><E131/><V120/><F120/><W102/><G86/><T6/><D6/><U40/><E13/><V81/><F126/><W132/><G132/><T68/><D27/><U59/><E111/><V46/><F2/><W119/><G119/><T75/><D63/><U8/><E8/><V15/><F73/><W112/><G112/><T34/><D34/><U70/><E40/><V16/><F28/><W47/><G69/><T7/><D7/><U43/><E43/><N who="2" m="25055" /><F64/><W0/><G38/><T105/><D105/><U83/><REACH who="1" step="1"/><E35/><REACH who="1" ten="138,420,190,242" step="2"/><V79/><F39/><W88/><G0/><T45/><D32/><U108/><E108/><V115/><F115/><W122/><G122/><T14/><D14/><U99/><E99/><V90/><F9/><W12/><REACH who="3" step="1"/><G102/><REACH who="3" ten="138,420,190,232" step="2"/><T49/><D26/><U96/><E96/><V1/><F1/><W103/><G103/><T104/><D104/><AGARI ba="1,2" hai="12,17,20,37,42,47,65,66,88,93,97,98,100,104" machi="104" ten="30,7700,0" yaku="1,1,7,1,52,1,54,1,53,0" doraHai="36" doraHaiUra="52" who="3" fromWho="0" sc="138,-80,420,0,190,0,232,100" /><INIT seed="2,0,0,5,1,114" ten="58,420,190,332" oya="2" hai0="57,116,89,78,25,115,33,5,108,72,7,58,132" hai1="52,130,31,75,82,61,12,60,83,88,63,27,43" hai2="112,14,64,127,98,8,55,18,92,105,29,94,16" hai3="106,23,71,91,70,40,6,1,4,93,24,79,124"/><V30/><F112/><W95/><G106/><T119/><D115/><U35/><E130/><V99/><F127/><W41/><G79/><T34/><D89/><U38/><E75/><V46/><F64/><W22/><G124/><T133/><D25/><U103/><E103/><N who="2" m="60871" /><F105/><W36/><G91/><T49/><D49/><U69/><E69/><V50/><F18/><W86/><G24/><T135/><D78/><U28/><E28/><V45/><F45/><W134/><G86/><T0/><D0/><U101/><E101/><AGARI ba="0,0" hai="8,14,16,29,30,46,50,55,94,99,101" m="60871" machi="101" ten="30,2900,0" yaku="8,1,54,1" doraHai="114" who="2" fromWho="1" sc="58,0,420,-29,190,29,332,0" /><INIT seed="2,1,0,3,0,51" ten="58,391,219,332" oya="2" hai0="87,49,27,31,97,103,76,134,99,40,60,113,46" hai1="32,36,71,133,28,118,131,23,82,48,95,18,86" hai2="128,89,22,65,57,2,108,25,81,119,39,34,92" hai3="73,43,93,120,8,114,10,11,112,47,80,24,88"/><V91/><F119/><W21/><G120/><T84/><D134/><U30/><E36/><V29/><F2/><W66/><G66/><T110/><D110/><U74/><E71/><V105/><F105/><W100/><G100/><T63/><D113/><U79/><E32/><V20/><F39/><W50/><G73/><T14/><D14/><U42/><E118/><V58/><F108/><W106/><G106/><T135/><D135/><U37/><E37/><V35/><F128/><W77/><G77/><T16/><D99/><U64/><E64/><V75/><F75/><W98/><REACH who="3" step="1"/><G80/><REACH who="3" ten="58,391,219,322" step="2"/><T96/><D103/><U41/><E82/><V94/><F81/><W115/><G115/><T102/><D102/><U3/><E79/><V104/><F104/><W90/><G90/><T126/><D76/><U111/><E74/><V107/><F107/><W125/><G125/><T6/><D126/><U26/><E111/><V33/><F65/><W4/><G4/><T69/><D6/><U70/><E133/><V122/><F122/><W9/><N who="3" m="2048" /><DORA hai="45" /><W83/><G83/><T67/><D67/><U59/><E3/><V53/><F22/><W130/><G130/><T19/><D69/><U13/><E70/><V129/><F129/><W1/><G1/><T44/><D97/><U61/><E23/><V56/><REACH who="2" step="1"/><F53/><REACH who="2" ten="58,391,209,322" step="2"/><W5/><G5/><T38/><D40/><U55/><E55/><V101/><F101/><W127/><G127/><T12/><D38/><U52/><E42/><V68/><F68/><W117/><G117/><T54/><D54/><U15/><E41/><V124/><F124/><RYUUKYOKU ba="1,2" sc="58,-15,391,-15,209,15,322,15" hai2="20,25,29,33,34,35,56,57,58,89,91,92,94" hai3="21,24,43,47,50,88,93,98,112,114" /><INIT seed="2,2,2,2,4,117" ten="43,376,224,337" oya="2" hai0="130,87,52,81,106,39,56,109,92,114,69,119,61" hai1="82,134,135,90,108,121,24,77,63,76,67,5,88" hai2="102,15,110,111,126,123,125,1,46,11,83,49,104" hai3="9,115,16,60,18,89,43,99,94,62,71,50,38"/><V58/><F1/><W80/><G38/><T55/><D114/><U44/><E108/><N who="2" m="41515" /><F83/><W7/><G115/><T131/><D106/><U64/><E121/><V13/><F123/><W21/><G80/><T32/><D109/><U41/><E5/><N who="2" m="3311" /><F15/><N who="3" m="5567" /><G71/><T26/><D69/><N who="1" m="42143" /><E24/><V27/><F27/><N who="3" m="14759" /><G18/><T30/><D119/><U103/><E67/><V84/><F84/><W31/><G31/><T14/><D39/><N who="1" m="21567" /><E77/><V116/><F116/><W40/><G40/><T0/><D0/><U128/><E128/><V22/><F22/><W4/><G4/><T96/><D14/><U133/><E103/><V70/><F70/><W107/><G107/><T98/><D55/><U78/><E78/><V74/><F74/><AGARI ba="2,2" hai="74,76,82,88,90,133,134,135" m="21567,42143" machi="74" ten="30,2000,0" yaku="20,1,54,1" doraHai="117" who="1" fromWho="2" sc="43,0,376,46,224,-26,337,0" /><INIT seed="3,0,0,0,4,119" ten="43,422,198,337" oya="3" hai0="51,17,133,2,61,38,45,3,132,130,94,22,41" hai1="34,57,59,18,28,79,82,100,66,90,5,4,27" hai2="47,124,98,73,83,74,127,120,20,125,85,101,113" hai3="35,36,30,50,44,8,69,16,106,21,71,115,24"/><W14/><G106/><T15/><D130/><U70/><E70/><V60/><F113/><W78/><G115/><T75/><D75/><U31/><E100/><V116/><F116/><W112/><G112/><T129/><D129/><U48/><E90/><N who="2" m="51519" /><F47/><W0/><G36/><T118/><D118/><U32/><E32/><V104/><F60/><W56/><G56/><N who="1" m="21578" /><E48/><V40/><F20/><W96/><G96/><T64/><D94/><U88/><E79/><V122/><F40/><W87/><G87/><T7/><D7/><N who="1" m="2635" /><E34/><V1/><F1/><W6/><G78/><T84/><D38/><U53/><E53/><AGARI ba="0,0" hai="0,6,8,14,16,21,24,30,35,44,50,53,69,71" machi="53" ten="30,11600,0" yaku="7,1,24,2,54,1" doraHai="119" who="3" fromWho="1" sc="43,0,422,-116,198,0,337,116" owari="43,-45.7,306,10.6,198,-20.2,453,55.3" /></mjloggm>