<mjloggm ver="2.3"><GO type="225" lobby="0"/><UN n0="%E3%81%BE%E3%81%A8%E3%81%9F" n1="%E3%81%82%E3%81%99%E3%81%AB%E3%82%83%E3%82%80" n2="%E3%81%B7%E3%82%8A%E3%82%93%E8%81%96%E4%BA%BA" n3="%73%69%72%6F%75%74" dan="16,16,16,16" rate="2140.53,2024.10,2169.60,2030.09" sx="M,F,M,M"/><TAIKYOKU oya="0"/><INIT seed="0,0,0,4,3,1" ten="250,250,250,250" oya="0" hai0="118,33,90,76,93,36,117,111,121,83,85,91,79" hai1="56,6,14,55,134,11,129,16,61,97,5,21,66" hai2="71,73,100,125,64,119,59,126,130,98,84,37,3" hai3="132,35,26,72,92,44,29,110,70,15,106,17,69"/><T112/><D121/><U77/><E129/><V105/><F59/><W45/><G110/><T80/><D36/><U135/><E77/><N who="0" m="29769" /><D33/><U122/><E122/><V81/><F84/><W22/><G106/><T113/><D111/><U30/><E97/><V42/><F130/><W4/><G132/><N who="1" m="50730" /><E66/><V46/><F81/><N who="0" m="31306" /><D91/><U65/><E65/><V8/><F119/><AGARI ba="0,0" hai="85,90,93,112,113,117,118,119" m="31306,29769" machi="119" ten="30,2900,0" yaku="34,2" doraHai="1" who="0" fromWho="2" sc="250,29,250,0,250,-29,250,0" /><INIT seed="0,1,0,3,2,2" ten="279,250,221,250" oya="0" hai0="59,58,124,62,117,39,28,78,112,116,82,69,34" hai1="96,19,125,11,83,30,54,100,48,74,40,76,133" hai2="68,120,94,84,33,7,64,130,0,61,1,52,129" hai3="99,80,5,44,32,86,73,50,104,85,22,135,27"/><T121/><D112/><U53/><E125/><V107/><F107/><W109/><G109/><T95/><D121/><U17/><E133/><V12/><F33/><W46/><G32/><T123/><D123/><U77/><E30/><V114/><F114/><W56/><G135/><T93/><D39/><U67/><E67/><V26/><F26/><W38/><G73/><T23/><D34/><U131/><E131/><N who="2" m="50187" /><F120/><W81/><G38/><T90/><D124/><U105/><E77/><V108/><F108/><W14/><G104/><T57/><D69/><U6/><E40/><V55/><F0/><W15/><G99/><T63/><D116/><U128/><E128/><V37/><F37/><W66/><G15/><T31/><D117/><U98/><E98/><V97/><F84/><W134/><G134/><T49/><D49/><U25/><E25/><V70/><F1/><W71/><G71/><T8/><D8/><U13/><REACH who="1" step="1"/><E53/><REACH who="1" ten="279,240,221,250" step="2"/><V89/><F68/><W24/><G66/><T45/><D31/><U127/><E127/><V132/><F132/><W29/><G27/><T113/><D28/><U106/><E106/><V60/><F60/><W122/><G122/><T18/><D63/><U3/><E3/><V79/><F79/><W72/><G72/><T51/><D62/><U126/><E126/><V16/><F55/><N who="3" m="31863" /><G86/><N who="0" m="50519" /><D78/><U101/><E101/><V20/><F52/><W115/><G85/><T35/><D113/><U21/><E21/><V111/><F111/><W88/><G115/><T9/><D23/><U43/><E43/><V41/><F41/><W92/><G29/><T91/><D35/><RYUUKYOKU ba="1,1" sc="279,-15,240,15,221,15,250,-15" hai1="6,11,13,17,19,48,54,74,76,83,96,100,105" hai2="7,12,16,20,61,64,70,89,94,97" /><INIT seed="1,2,1,3,3,82" ten="264,255,236,235" oya="1" hai0="9,122,94,79,54,85,106,74,31,36,102,34,11" hai1="119,109,104,86,6,115,114,44,40,96,30,39,70" hai2="7,55,0,133,68,121,67,52,21,14,38,117,88" hai3="99,47,125,50,27,113,25,129,61,41,98,84,83"/><U42/><E119/><V120/><F38/><W95/><G113/><T32/><D36/><U37/><E70/><V64/><F117/><W33/><G129/><T89/><D122/><U80/><E30/><V71/><F0/><W118/><G125/><T53/><D34/><U12/><E109/><V93/><F133/><W59/><G118/><T123/><D123/><U46/><E104/><V112/><F112/><W132/><G132/><T103/><D31/><U77/><REACH who="1" step="1"/><E96/><REACH who="1" ten="264,245,236,235" step="2"/><V97/><F120/><W43/><G99/><T105/><D106/><U28/><E28/><V107/><F107/><W108/><G108/><T127/><D105/><U3/><E3/><V20/><F68/><W87/><G33/><T111/><D32/><U35/><E35/><V23/><F71/><W126/><G98/><T131/><D131/><U92/><E92/><V10/><F121/><W56/><G126/><T57/><D111/><U130/><E130/><V135/><F135/><W65/><G95/><T5/><D94/><U75/><E75/><V13/><F13/><W66/><G25/><T72/><D74/><U15/><E15/><V8/><F8/><AGARI ba="2,2" hai="6,8,12,37,39,40,42,44,46,77,80,86,114,115" machi="8" ten="40,12000,1" yaku="1,1,9,1,52,1,53,1" doraHai="82" doraHaiUra="78" who="1" fromWho="2" sc="264,0,245,146,236,-126,235,0" /><INIT seed="1,3,0,1,3,64" ten="264,391,110,235" oya="1" hai0="127,45,23,93,41,32,104,14,57,105,119,80,79" hai1="49,135,90,92,89,67,60,107,4,97,48,132,52" hai2="85,134,78,12,86,77,131,122,65,125,2,133,5" hai3="98,8,82,100,83,55,27,21,112,9,72,15,99"/><U25/><E4/><V40/><F2/><W108/><G108/><T36/><D32/><U126/><E107/><V50/><F122/><W110/><G110/><T68/><D68/><U63/><E126/><V102/><F102/><W121/><G112/><T18/><D119/><U62/><E25/><V75/><F75/><W30/><G121/><T118/><D127/><U87/><E67/><V61/><F125/><W16/><G72/><T103/><D118/><U84/><E48/><V29/><F29/><W95/><G55/><T96/><REACH who="0" step="1"/><D57/><REACH who="0" ten="254,391,110,235" step="2"/><U69/><E69/><V51/><F131/><W124/><G124/><T130/><D130/><U13/><E135/><V109/><F109/><W128/><G128/><T111/><D111/><U66/><E132/><V101/><F133/><W74/><G74/><AGARI ba="3,1" hai="14,18,23,36,41,45,74,79,80,93,96,103,104,105" machi="74" ten="30,3900,0" yaku="1,1,7,1,53,1" doraHai="64" doraHaiUra="42" who="0" fromWho="3" sc="254,58,391,0,110,0,235,-48" /><INIT seed="2,0,0,2,5,12" ten="312,391,110,187" oya="2" hai0="85,57,35,52,48,95,99,7,73,89,16,120,103" hai1="62,72,49,123,84,80,20,101,51,122,13,23,9" hai2="102,131,36,113,86,54,117,50,70,58,76,106,93" hai3="77,32,55,109,92,130,129,111,78,64,100,53,68"/><V29/><F106/><W30/><G30/><T8/><D120/><N who="1" m="46123" /><E101/><V127/><F70/><W74/><G32/><T107/><D35/><U39/><E39/><V133/><F36/><W134/><G134/><T105/><D73/><U10/><E72/><V44/><F133/><W5/><G5/><T115/><D115/><U2/><E62/><N who="2" m="36183" /><F113/><W81/><G77/><T65/><D65/><U24/><E2/><V114/><F114/><W71/><G100/><T28/><D28/><N who="1" m="17415" /><E23/><V67/><F117/><W59/><G92/><T3/><REACH who="0" step="1"/><D16/><REACH who="0" ten="302,391,110,187" step="2"/><N who="1" m="8239" /><E10/><V31/><F67/><W46/><G64/><T121/><D121/><U56/><E56/><V82/><F127/><W69/><G59/><T19/><D19/><U43/><E43/><N who="2" m="24863" /><F131/><N who="3" m="50187" /><G46/><T83/><AGARI ba="0,1" hai="3,7,8,48,52,57,83,85,89,95,99,103,105,107" machi="83" ten="20,8000,1" yaku="1,1,0,1,7,1,54,1,53,1" doraHai="12" doraHaiUra="1" who="0" fromWho="0" sc="302,90,391,-20,110,-40,187,-20" /><INIT seed="3,0,0,1,2,115" ten="392,371,70,167" oya="3" hai0="34,92,76,104,84,39,56,19,54,11,14,103,105" hai1="100,120,108,36,13,95,73,119,57,66,123,68,86" hai2="124,85,49,1,98,114,41,121,69,2,88,65,101" hai3="47,64,24,78,97,40,20,10,27,31,12,21,125"/><W118/><G118/><T79/><D39/><U42/><E108/><V52/><F114/><W96/><G125/><T7/><D34/><U106/><E73/><V5/><F124/><W48/><G64/><T122/><D122/><U4/><E68/><V134/><F134/><W112/><G78/><N who="0" m="29739" /><D105/><U133/><E133/><V51/><F69/><W128/><G128/><T17/><D104/><U30/><E30/><V26/><F65/><W117/><G117/><T32/><D32/><U16/><E119/><V22/><F41/><W107/><G107/><T126/><D126/><U58/><E4/><V23/><F49/><W93/><G93/><T77/><D103/><U15/><E106/><V28/><F101/><W70/><G112/><T80/><D92/><U45/><E13/><V29/><F98/><W131/><G131/><T132/><D132/><U113/><E113/><V72/><F72/><W135/><G135/><T9/><D9/><U46/><E46/><V6/><F2/><W61/><G61/><AGARI ba="0,0" hai="7,11,14,17,19,54,56,61,77,80,84" m="29739" machi="61" ten="30,1000,0" yaku="8,1" doraHai="115" who="0" fromWho="3" sc="392,10,371,0,70,0,167,-10" owari="402,50.2,371,17.1,70,-43.0,157,-24.3" /></mjloggm>