<mjloggm ver="2.3"><GO type="225" lobby="0"/><UN n0="%E3%81%BF%E3%81%BF%E3%81%9A" n1="%E5%8F%AF%E5%85%90%E9%82%A3%E7%94%B1%E5%A4%9A" n2="%E6%B4%BE%E9%81%A3%E3%81%AE%E3%82%B8%E3%83%A3%E3%83%83%E3%82%AF" n3="%E3%83%A9%E3%83%96%E3%83%AC%E3%83%BC" dan="16,17,17,18" rate="2135.39,2238.56,2196.78,2141.06" sx="M,F,M,M"/><TAIKYOKU oya="0"/><INIT seed="0,0,0,1,5,89" ten="250,250,250,250" oya="0" hai0="17,55,131,48,126,60,68,86,9,44,47,101,16" hai1="61,73,100,34,24,110,46,132,93,2,116,87,14" hai2="98,28,15,50,21,1,45,111,96,133,88,3,71" hai3="92,10,38,97,12,26,85,99,27,56,121,20,11"/><T37/><D126/><U67/><E116/><V31/><F71/><W36/><G121/><T90/><D131/><U6/><E73/><V0/><F111/><W79/><G38/><T76/><D101/><U7/><E110/><V25/><F133/><W120/><G120/><T65/><D76/><U130/><E2/><V80/><F28/><W124/><G124/><T112/><D112/><U33/><E132/><V18/><F80/><N who="3" m="47263" /><G99/><T135/><D135/><U13/><E130/><V104/><F104/><W119/><G36/><T127/><D127/><U5/><E46/><V83/><F83/><W91/><G119/><T95/><REACH who="0" step="1"/><D9/><REACH who="0" ten="240,250,250,250" step="2"/><U117/><E117/><V64/><F64/><W29/><G27/><T118/><D118/><U39/><E100/><V57/><F88/><N who="3" m="55431" /><G12/><T75/><D75/><U114/><E114/><V49/><F15/><W106/><G106/><T59/><D59/><N who="1" m="37311" /><E24/><V82/><F57/><W41/><G91/><T94/><D94/><U32/><E93/><V102/><F0/><W122/><G122/><T109/><D109/><U43/><E14/><V115/><F102/><W66/><G41/><AGARI ba="0,1" hai="16,17,37,41,44,47,48,55,60,65,68,86,90,95" machi="41" ten="40,12000,1" yaku="1,1,52,1,54,1,53,1" doraHai="89" doraHaiUra="81" who="0" fromWho="3" sc="240,130,250,0,250,0,250,-120" /><INIT seed="0,1,0,2,1,79" ten="370,250,250,130" oya="0" hai0="97,127,105,36,65,63,17,4,54,30,18,25,12" hai1="83,24,112,61,39,73,27,28,98,45,47,107,66" hai2="99,94,111,42,7,34,60,51,90,77,128,5,133" hai3="40,82,101,80,116,121,67,76,46,37,43,19,1"/><T122/><D122/><U22/><E112/><V55/><F34/><W117/><G101/><T6/><D36/><U106/><E98/><V78/><F111/><W16/><G67/><T135/><D54/><U134/><E134/><V50/><F128/><W49/><G37/><T118/><D118/><U113/><E113/><V114/><F133/><W103/><G103/><T119/><D119/><U89/><E27/><V29/><F29/><W15/><G1/><T11/><D127/><U14/><E14/><V129/><F129/><W70/><G70/><T72/><D72/><U124/><E124/><V74/><F114/><W41/><G121/><T38/><D38/><U2/><E2/><V8/><F60/><W48/><G76/><N who="2" m="29289" /><F8/><W123/><G123/><T3/><D135/><U102/><E73/><V93/><F93/><W57/><G117/><T100/><D4/><U62/><E102/><V0/><F0/><W68/><G68/><N who="0" m="42047" /><D3/><U53/><E61/><V71/><F71/><W26/><G116/><T20/><D20/><U21/><E21/><V81/><F74/><W110/><G110/><T58/><D58/><N who="1" m="35151" /><E66/><V52/><F42/><N who="3" m="16491" /><G26/><T120/><D120/><U125/><E125/><V85/><F55/><N who="3" m="31975" /><G19/><T96/><D18/><U44/><E39/><V88/><F51/><W86/><G86/><T13/><D17/><U59/><E59/><AGARI ba="1,0" hai="5,7,50,52,59,81,85,88,90,94,99" m="29289" machi="59" ten="30,7700,0" yaku="8,1,52,1,54,2" doraHai="79" who="2" fromWho="1" sc="370,0,250,-80,250,80,130,0" /><INIT seed="1,0,0,3,3,131" ten="370,170,330,130" oya="1" hai0="128,73,60,99,14,39,17,105,56,72,84,130,109" hai1="88,117,74,61,126,67,75,28,89,45,122,7,116" hai2="65,30,26,70,20,29,124,5,50,21,37,43,24" hai3="87,19,112,77,54,44,38,107,69,114,101,8,71"/><U95/><E122/><V68/><F124/><W120/><G120/><T35/><D35/><U64/><E126/><V98/><F37/><W119/><G107/><T97/><D39/><U79/><E28/><V49/><F5/><W62/><G38/><T85/><D109/><U76/><E7/><V10/><F10/><W80/><G119/><T16/><D105/><U48/><E61/><V115/><F115/><W3/><G101/><T110/><D110/><U106/><E106/><V58/><F98/><W18/><G18/><T83/><D56/><U40/><E95/><V103/><F103/><W135/><G3/><T91/><D60/><U2/><E2/><V47/><F65/><W9/><G9/><T1/><D1/><U118/><E64/><V36/><REACH who="2" step="1"/><F58/><REACH who="2" ten="370,170,320,130" step="2"/><W27/><G8/><N who="0" m="6215" /><D99/><U15/><E67/><V81/><F81/><W125/><G125/><T55/><D97/><U41/><E117/><V22/><F22/><W121/><G121/><T46/><D130/><U108/><E108/><V90/><F90/><W57/><G114/><T100/><D128/><U133/><E118/><V4/><F4/><W94/><G112/><T104/><D100/><U6/><E116/><V102/><F102/><W129/><G129/><T113/><D113/><U82/><E6/><V25/><F25/><W134/><G94/><N who="0" m="54631" /><D104/><U32/><E82/><V53/><F53/><W78/><G77/><T86/><D83/><U23/><E79/><V59/><F59/><W33/><G80/><T34/><D55/><U111/><E76/><V127/><F127/><W123/><G78/><T12/><D12/><RYUUKYOKU ba="0,1" sc="370,-10,170,-10,320,30,130,-10" hai2="20,21,24,26,29,30,36,43,47,49,50,68,70" /><INIT seed="2,1,1,1,3,118" ten="360,160,350,120" oya="2" hai0="129,101,92,75,76,60,117,20,16,32,104,63,69" hai1="15,45,64,100,120,98,112,124,38,121,12,126,123" hai2="91,40,5,99,87,107,10,27,122,55,131,65,86" hai3="82,37,68,116,43,132,7,4,24,135,11,28,21"/><V59/><F131/><W49/><G37/><T115/><D32/><U1/><E1/><BYE who="0" /><V41/><F65/><W127/><G68/><T103/><D103/><U78/><E112/><V114/><F114/><W23/><G116/><T97/><D97/><U81/><E64/><UN n0="%E3%81%BF%E3%81%BF%E3%81%9A" /><V83/><F27/><N who="3" m="16495" /><G49/><T67/><D115/><U109/><E109/><V54/><F122/><W39/><G39/><T95/><D117/><U71/><E71/><V51/><F107/><W79/><G79/><T133/><D129/><U35/><E35/><V46/><F99/><W25/><G43/><T128/><D128/><U90/><E90/><V88/><F10/><W44/><G44/><T61/><D104/><N who="1" m="63511" /><E45/><V14/><F14/><N who="1" m="5161" /><E38/><V8/><F8/><W113/><G82/><T72/><D69/><U26/><E26/><N who="3" m="10346" /><G113/><T34/><D34/><U33/><E33/><V2/><F2/><N who="3" m="407" /><G23/><T119/><D20/><U42/><E42/><V29/><F41/><W74/><G74/><AGARI ba="1,1" hai="74,78,81,120,121,123,124,126" m="5161,63511" machi="74" ten="40,8000,1" yaku="13,1,52,3" doraHai="118" who="1" fromWho="3" sc="360,0,160,93,350,0,120,-83" /><INIT seed="3,0,0,2,2,40" ten="360,253,350,37" oya="3" hai0="90,97,34,118,55,76,86,18,4,32,80,98,19" hai1="60,113,85,56,66,134,135,17,74,38,61,133,116" hai2="78,2,24,33,129,27,12,103,62,5,9,128,25" hai3="3,83,53,88,47,124,75,14,132,11,114,8,6"/><W117/><G114/><T48/><D118/><U73/><E113/><V131/><F103/><W49/><G117/><T95/><D4/><U122/><E116/><V23/><F78/><W46/><G124/><T43/><D43/><U16/><E122/><V39/><F62/><W70/><G70/><T45/><REACH who="0" step="1"/><D98/><REACH who="0" ten="350,253,350,37" step="2"/><U115/><E115/><V30/><F39/><W96/><G132/><T26/><D26/><U84/><E38/><V57/><F57/><W106/><G106/><T13/><D13/><U104/><E104/><V64/><F64/><W79/><G96/><T20/><D20/><U29/><E29/><N who="2" m="19647" /><F25/><W102/><G102/><T68/><D68/><U67/><REACH who="1" step="1"/><E135/><REACH who="1" ten="350,243,350,37" step="2"/><V51/><F51/><W15/><G3/><AGARI ba="0,2" hai="2,3,5,9,12,23,24,30,128,129,131" m="19647" machi="3" ten="30,3900,0" yaku="19,1,34,2" doraHai="40" who="2" fromWho="3" sc="350,0,243,0,350,59,37,-39" owari="350,15.0,243,-15.7,409,50.9,-2,-50.2" /></mjloggm>