<mjloggm ver="2.3"><GO type="225" lobby="0"/><UN n0="%E7%B4%94%E6%BD%94%E3%83%94%E3%83%A9%E3%83%8B%E3%82%A2" n1="%E5%8F%AF%E5%85%90%E9%82%A3%E7%94%B1%E5%A4%9A" n2="%E3%82%B2%E3%82%B9%E8%8C%82%E5%8B%9D" n3="%E3%81%B5%E3%81%98%E3%81%8B%E3%81%A4" dan="16,17,16,16" rate="2083.27,2161.08,2097.40,2201.94" sx="M,F,F,M"/><TAIKYOKU oya="0"/><INIT seed="0,0,0,0,1,71" ten="250,250,250,250" oya="0" hai0="88,55,41,6,43,29,81,78,118,125,129,100,52" hai1="102,13,31,92,44,7,49,2,73,67,12,17,84" hai2="117,75,58,89,128,21,0,80,59,8,82,115,35" hai3="51,108,62,26,36,131,19,32,72,39,68,15,4"/><T65/><D118/><U95/><E73/><V132/><F117/><W34/><G72/><T116/><D116/><U103/><E2/><V50/><F115/><W48/><G4/><T91/><D125/><U124/><E124/><V3/><F128/><W98/><G131/><T69/><D129/><U25/><BYE who="2" /><E67/><V40/><F40/><N who="0" m="15434" /><D69/><U9/><E31/><V47/><F47/><W14/><G108/><T123/><D123/><U33/><E25/><V56/><F56/><W113/><G113/><UN n2="%E3%82%B2%E3%82%B9%E8%8C%82%E5%8B%9D" /><T28/><D65/><U130/><E33/><V46/><F132/><W66/><G34/><T18/><D100/><N who="1" m="38443" /><E84/><V61/><F35/><W37/><G98/><T112/><D112/><U27/><E27/><V70/><F70/><W45/><G32/><T90/><D6/><U111/><E111/><V126/><F126/><W121/><G121/><T64/><D64/><U96/><E96/><V106/><F106/><W127/><G127/><T5/><D5/><U135/><E130/><V77/><F0/><W119/><G119/><T86/><D18/><U22/><E135/><V114/><F114/><W42/><REACH who="3" step="1"/><G51/><REACH who="3" ten="250,250,250,240" step="2"/><T85/><D85/><U57/><E57/><V1/><F58/><W38/><N who="3" m="9216" /><DORA hai="134" /><W63/><G63/><T11/><D11/><U99/><E99/><V110/><F8/><W16/><G16/><T87/><D86/><U23/><E23/><AGARI ba="0,1" hai="14,15,19,23,26,42,45,48,62,66,68" m="9216" machi="23" ten="70,12000,2" yaku="1,1,52,4,53,1" doraHai="71,134" doraHaiUra="60,120" who="3" fromWho="1" sc="250,0,250,-120,250,0,240,130" /><INIT seed="1,0,0,2,0,71" ten="250,130,250,370" oya="1" hai0="65,0,46,131,37,2,101,89,57,25,109,34,44" hai1="5,12,114,28,116,128,75,121,17,63,130,7,87" hai2="9,118,40,29,104,81,84,59,135,31,119,80,110" hai3="61,56,4,74,107,96,88,115,15,22,120,112,58"/><U134/><E75/><V32/><F104/><W19/><G120/><T124/><D109/><U50/><E121/><V13/><F110/><W132/><G74/><T105/><D89/><U21/><E114/><V48/><F135/><W125/><G132/><T47/><D124/><U3/><E134/><V103/><F103/><W1/><G125/><T64/><D131/><N who="1" m="50219" /><E50/><V39/><F80/><W42/><G42/><T20/><D34/><U53/><E87/><V62/><F48/><W90/><G58/><T26/><D37/><U72/><E72/><V92/><F92/><W27/><G1/><T98/><D25/><N who="1" m="16431" /><E53/><V60/><F60/><W67/><G107/><T111/><D111/><U79/><E79/><V108/><F108/><W99/><G115/><T70/><D70/><U49/><E49/><V106/><F106/><W43/><G43/><T18/><D57/><U45/><E45/><V100/><F40/><W93/><G112/><T133/><D133/><U122/><E122/><V97/><F59/><W113/><G113/><T11/><D65/><U55/><E3/><V51/><F62/><W52/><G67/><T23/><D64/><U68/><E116/><V35/><F51/><W14/><G4/><T66/><D66/><N who="1" m="41055" /><E55/><V76/><F118/><W24/><G24/><N who="0" m="14359" /><D0/><U129/><N who="1" m="50227" /><U54/><DORA hai="82" /><E54/><V38/><F119/><W91/><REACH who="3" step="1"/><G99/><REACH who="3" ten="250,130,250,360" step="2"/><N who="0" m="61631" /><D2/><U77/><E77/><V83/><F76/><W85/><G85/><T95/><D98/><U86/><E86/><V41/><F84/><W126/><G126/><T123/><D123/><U78/><E78/><V30/><F97/><RYUUKYOKU ba="0,1" sc="250,-15,130,15,250,-15,360,15" hai1="5,7,12,17" hai3="14,15,19,22,27,52,56,61,88,90,91,93,96" /><INIT seed="1,1,1,2,4,132" ten="235,145,235,375" oya="1" hai0="28,114,66,75,26,36,79,92,27,46,25,59,11" hai1="84,0,10,110,131,77,121,3,53,83,29,64,18" hai2="23,73,37,47,80,21,81,113,129,107,71,65,116" hai3="20,40,127,100,93,30,72,112,118,94,31,124,49"/><U68/><E121/><V54/><F116/><W76/><G112/><T115/><D28/><N who="3" m="10793" /><G100/><T52/><D66/><U122/><E122/><V117/><F117/><W91/><G20/><T111/><D111/><U33/><E110/><V24/><F129/><W56/><G118/><T99/><D11/><U97/><E131/><V109/><F113/><W60/><G76/><T88/><D36/><U90/><E53/><V123/><F107/><W22/><G72/><T108/><D46/><U74/><E97/><V41/><F123/><W15/><G15/><T1/><D1/><U58/><E58/><V42/><F42/><W38/><G38/><T119/><D108/><U102/><E102/><V39/><F39/><W130/><G22/><T125/><D119/><U50/><E50/><V128/><F21/><W135/><G135/><T133/><D133/><U35/><E74/><V8/><F8/><W7/><G7/><T6/><D6/><U55/><E77/><V86/><F73/><W95/><G49/><T43/><D43/><U70/><E33/><V101/><F101/><W4/><G40/><T96/><D114/><U104/><E104/><V48/><F109/><W103/><G103/><T34/><D34/><U85/><E35/><V62/><F128/><W120/><G4/><T126/><D115/><U13/><E0/><V45/><F86/><N who="1" m="33385" /><E3/><V98/><REACH who="2" step="1"/><F98/><REACH who="2" ten="235,145,225,375" step="2"/><N who="3" m="57663" /><G120/><T87/><D75/><U9/><E9/><V82/><F82/><W69/><G130/><T2/><D96/><U57/><E83/><V61/><F61/><W63/><G63/><N who="0" m="36327" /><D2/><U105/><E10/><V51/><F51/><RYUUKYOKU ba="1,2" sc="235,15,145,-15,225,15,375,-15" hai0="25,26,27,79,87,88,92,99,125,126" hai2="23,24,37,41,45,47,48,54,62,65,71,80,81" /><INIT seed="2,2,2,1,2,49" ten="250,130,240,360" oya="2" hai0="122,52,79,27,32,61,134,9,101,86,73,48,20" hai1="74,58,82,57,99,94,90,7,71,104,85,11,76" hai2="108,105,111,70,118,87,115,77,53,66,69,88,60" hai3="100,4,6,119,81,25,112,26,50,42,113,38,15"/><V89/><F115/><N who="3" m="44107" /><G119/><T51/><D122/><U29/><E71/><V123/><F118/><W103/><G38/><T102/><D32/><U127/><E127/><V97/><F123/><W30/><G81/><N who="0" m="47423" /><D73/><U16/><E29/><V17/><F70/><W45/><G15/><T78/><D78/><U109/><E109/><N who="2" m="42059" /><F17/><W35/><G26/><T125/><D134/><U36/><E36/><V116/><F116/><W64/><G64/><T130/><D130/><U84/><E84/><V131/><F131/><W80/><G80/><T124/><D9/><U110/><E110/><V24/><F24/><W117/><G117/><T39/><D51/><U114/><E114/><V120/><F120/><W43/><G43/><T91/><D61/><U68/><E68/><V72/><F72/><W56/><G56/><N who="0" m="32775" /><D39/><U47/><E47/><V65/><F65/><W92/><G92/><T132/><D132/><U13/><REACH who="1" step="1"/><E7/><AGARI ba="2,2" hai="4,6,7,25,30,35,42,45,50,100,103" m="44107" machi="7" ten="30,1000,0" yaku="11,1" doraHai="49" who="3" fromWho="1" sc="250,0,130,-16,240,0,360,36" /><INIT seed="3,0,0,1,2,46" ten="250,114,240,396" oya="3" hai0="76,35,23,57,108,45,98,84,125,26,99,31,102" hai1="11,58,56,96,39,12,109,123,128,37,83,94,50" hai2="120,66,114,73,78,112,42,53,28,40,87,106,133" hai3="27,89,13,67,71,15,131,111,36,79,103,30,52"/><W90/><G131/><T41/><D108/><U101/><E123/><V2/><F73/><W33/><G36/><T60/><D125/><U44/><E109/><V63/><F2/><W18/><G79/><T69/><D69/><U122/><E122/><V49/><F106/><W6/><G103/><T32/><D76/><U38/><E128/><V130/><F120/><W110/><G71/><T105/><D84/><U81/><E38/><V135/><F130/><W97/><G67/><T124/><D98/><U24/><E37/><V104/><F104/><W113/><G113/><N who="2" m="43625" /><F87/><W119/><G119/><T47/><D124/><U86/><E39/><V88/><F88/><W3/><G15/><T51/><D47/><U75/><E75/><V92/><F92/><N who="3" m="56463" /><G90/><T9/><D9/><U22/><E83/><V20/><F78/><W115/><G115/><T61/><D61/><U70/><E70/><N who="2" m="42335" /><F20/><N who="3" m="11343" /><G111/><T121/><D121/><U100/><E100/><V7/><F7/><W25/><G25/><T68/><D68/><U134/><E134/><N who="2" m="51211" /><F28/><W4/><G4/><T0/><D0/><U21/><E81/><V80/><F80/><W54/><G110/><T93/><REACH who="0" step="1"/><D105/><REACH who="0" ten="240,114,240,396" step="2"/><U29/><E86/><V16/><F16/><W17/><G17/><T14/><D14/><U82/><E82/><V116/><F116/><W1/><G1/><T10/><D10/><AGARI ba="0,1" hai="3,6,10,27,30,33,52,54" m="11343,56463" machi="10" ten="30,2900,0" yaku="24,1,54,1" doraHai="46" who="3" fromWho="0" sc="240,-29,114,0,240,0,396,39" owari="211,-18.9,114,-38.6,240,4.0,435,53.5" /></mjloggm>