<mjloggm ver="2.3"><GO type="225" lobby="0"/><UN n0="%E6%81%A5%E6%99%92%E3%81%97" n1="%E6%B4%BE%E9%81%A3%E3%81%AE%E3%82%B8%E3%83%A3%E3%83%83%E3%82%AF" n2="%72%65%6E%6B%75%6E" n3="%74%2E%6F%2E%6F%2E%73" dan="16,17,17,18" rate="2147.75,2212.87,2254.63,2139.16" sx="M,M,M,M"/><TAIKYOKU oya="0"/><INIT seed="0,0,0,2,5,17" ten="250,250,250,250" oya="0" hai0="97,119,38,90,8,11,61,3,27,129,78,41,109" hai1="71,16,53,52,6,67,96,106,43,22,25,2,9" hai2="51,42,79,0,50,31,29,57,65,14,100,134,7" hai3="73,99,86,34,55,40,58,92,69,117,54,60,89"/><T82/><D119/><U18/><E43/><V127/><F0/><W76/><G117/><T36/><D129/><U116/><E116/><V12/><F134/><W105/><G34/><T113/><D113/><U110/><E110/><V37/><F37/><W21/><G69/><T81/><D109/><U120/><E120/><V111/><F111/><W68/><G68/><T24/><D41/><U112/><E112/><V15/><F7/><W46/><G73/><T44/><D44/><U94/><E106/><V5/><F5/><W63/><G105/><T128/><D61/><U123/><E123/><V23/><F100/><W1/><G1/><T66/><D3/><U108/><E108/><V56/><F79/><W28/><G76/><T39/><D66/><U74/><E74/><V88/><F65/><W122/><G122/><T59/><D59/><N who="2" m="22602" /><F127/><W98/><G63/><T124/><D128/><U121/><E121/><V62/><F62/><W132/><G55/><T131/><D131/><U87/><E87/><V32/><F32/><W70/><G70/><T83/><D78/><U80/><E67/><V72/><F72/><W30/><G132/><T19/><D124/><U77/><E71/><V133/><F133/><W85/><G30/><N who="2" m="11273" /><F42/><W118/><G118/><T104/><D104/><U47/><E53/><V45/><F45/><W4/><G4/><T95/><REACH who="0" step="1"/><D19/><REACH who="0" ten="240,250,250,250" step="2"/><N who="1" m="12511" /><E47/><V48/><F48/><W20/><G40/><T26/><AGARI ba="0,1" hai="8,11,24,26,27,36,38,39,81,82,83,90,95,97" machi="26" ten="40,12000,1" yaku="1,1,0,1,29,2,53,0" doraHai="17" doraHaiUra="115" who="0" fromWho="0" sc="240,130,250,-40,250,-40,250,-40" /><INIT seed="0,1,0,3,4,38" ten="370,210,210,210" oya="0" hai0="11,18,130,110,30,94,114,4,39,20,58,81,54" hai1="82,63,31,52,76,46,27,1,100,36,72,47,124" hai2="6,85,68,9,53,75,34,25,45,105,24,73,90" hai3="23,2,10,78,12,87,102,29,51,3,42,117,40"/><T127/><D114/><U122/><E122/><V64/><F105/><W118/><G2/><T96/><D127/><U132/><E124/><V67/><F45/><W61/><G3/><T62/><D130/><U126/><E126/><V74/><F53/><W50/><G102/><T123/><D123/><U84/><E1/><V41/><F41/><N who="3" m="15979" /><G117/><T33/><D81/><U119/><E119/><V35/><F68/><W104/><G104/><T133/><D133/><U15/><E132/><V60/><F60/><W59/><G118/><T93/><D93/><U125/><E125/><V91/><F9/><W5/><G29/><T120/><D120/><U95/><E15/><V69/><F69/><W88/><G23/><T43/><D30/><U13/><E13/><V131/><F131/><W134/><G78/><T48/><D39/><U70/><E36/><V49/><F49/><W108/><G108/><T65/><D110/><U14/><E14/><V113/><F113/><W99/><G99/><T129/><D96/><N who="1" m="59423" /><E70/><V21/><F21/><W112/><G134/><T121/><D20/><N who="1" m="15847" /><E72/><V103/><F103/><W77/><G77/><T83/><D33/><U44/><E63/><V19/><F73/><W115/><G115/><T57/><D62/><U80/><E76/><V71/><F71/><W56/><G112/><T101/><D101/><U7/><E84/><V16/><F85/><W107/><G107/><T97/><D97/><U17/><E52/><V111/><F111/><W8/><G8/><T116/><D116/><U98/><E98/><V28/><F28/><W66/><G56/><T37/><D58/><RYUUKYOKU ba="1,0" sc="370,-15,210,-15,210,15,210,15" hai2="6,16,19,24,25,34,35,64,67,74,75,90,91" hai3="5,10,12,50,51,59,61,66,87,88" /><INIT seed="1,2,0,5,2,128" ten="355,195,225,225" oya="1" hai0="130,133,2,131,75,58,30,116,12,50,3,106,122" hai1="72,84,15,28,53,43,119,132,129,74,41,134,121" hai2="126,111,18,109,29,90,47,61,63,57,39,66,34" hai3="5,4,127,91,110,38,40,8,118,105,87,16,7"/><U97/><E121/><V11/><F126/><W135/><G105/><T82/><D106/><U114/><E114/><V9/><F34/><W62/><G110/><N who="2" m="41993" /><F29/><W0/><G127/><T108/><D30/><U76/><E119/><V78/><F78/><W33/><G33/><T51/><D122/><U6/><E28/><V99/><F18/><W27/><G118/><T35/><D35/><U17/><E6/><V59/><F39/><W70/><G40/><N who="1" m="15434" /><E97/><V68/><F47/><W60/><G38/><T10/><D108/><U26/><E26/><V71/><F90/><W67/><G62/><N who="2" m="23561" /><F99/><W81/><G0/><T54/><D3/><U94/><E53/><V88/><F88/><W83/><G83/><T112/><D2/><U73/><E129/><V32/><F32/><W19/><G19/><N who="0" m="8599" /><D116/><U64/><E64/><V113/><F113/><W115/><G115/><T23/><D112/><U123/><E123/><V25/><F25/><W20/><REACH who="3" step="1"/><G8/><REACH who="3" ten="355,195,225,215" step="2"/><N who="2" m="3145" /><F66/><W92/><G92/><T24/><D130/><U65/><E94/><V79/><F79/><W45/><G45/><T103/><D131/><U37/><E65/><V95/><F95/><W107/><G107/><T89/><D82/><N who="1" m="47175" /><E37/><V125/><F125/><W77/><G77/><T104/><D104/><U120/><E120/><V22/><F22/><W13/><G13/><T21/><D23/><U100/><E15/><V101/><F101/><W44/><G44/><T31/><D103/><U46/><E100/><V49/><F49/><W1/><G1/><T36/><D36/><U52/><E17/><V14/><F14/><W48/><G48/><AGARI ba="2,1" hai="46,48,52,72,73,74,132,134" m="47175,15434" machi="48" ten="40,12000,1" yaku="6,1,52,2,54,1" doraHai="128" who="1" fromWho="3" sc="355,0,195,136,225,0,215,-126" /><INIT seed="1,3,0,0,3,42" ten="355,331,225,89" oya="1" hai0="79,132,8,18,89,80,28,129,91,19,85,115,128" hai1="61,92,109,100,33,90,35,30,51,77,36,119,81" hai2="94,47,57,14,62,116,52,63,38,26,39,82,50" hai3="70,5,41,11,29,73,88,60,21,130,125,1,23"/><U53/><E119/><V99/><F116/><W126/><G73/><T17/><D115/><U105/><E36/><V133/><F133/><W9/><G130/><N who="0" m="50283" /><D132/><U95/><E109/><V97/><F82/><W68/><G41/><T104/><D104/><U66/><E95/><V96/><F94/><W102/><G102/><T55/><D28/><U101/><E105/><V43/><F14/><W20/><G29/><T24/><D55/><U48/><E48/><V117/><F117/><W10/><G5/><T27/><D8/><U46/><E33/><V121/><F121/><W107/><G1/><T113/><D113/><U4/><E4/><V112/><F112/><W114/><G107/><T120/><D120/><U6/><E6/><V16/><REACH who="2" step="1"/><F39/><REACH who="2" ten="355,331,215,89" step="2"/><W67/><G114/><T0/><D0/><U25/><E81/><V75/><F75/><W69/><REACH who="3" step="1"/><G88/><AGARI ba="3,1" hai="17,18,19,24,27,79,80,85,88,89,91" m="50283" machi="88" ten="30,2000,0" yaku="19,1,54,1" doraHai="42" who="0" fromWho="3" sc="355,39,331,0,215,0,89,-29" /><INIT seed="2,0,0,3,1,76" ten="394,331,215,60" oya="2" hai0="127,95,14,78,86,110,45,107,84,89,90,32,50" hai1="116,51,91,123,55,128,70,69,134,101,99,34,122" hai2="40,33,9,82,112,87,25,79,96,10,109,88,63" hai3="42,31,17,12,117,113,57,3,54,115,83,71,46"/><V48/><F112/><W11/><G117/><T20/><D32/><U77/><E116/><V59/><F109/><W30/><G71/><T124/><D107/><U64/><E34/><V81/><F33/><W104/><G104/><T61/><D61/><U2/><E2/><V135/><F135/><W94/><G3/><T35/><D78/><U100/><E128/><V132/><F25/><W105/><G105/><T15/><D110/><U98/><E134/><V131/><F131/><W60/><G94/><T74/><D74/><U65/><E77/><V19/><F132/><W75/><G75/><T73/><D73/><U133/><E91/><V97/><F40/><W29/><G113/><T38/><D38/><U1/><E1/><V39/><F48/><W111/><G111/><T93/><D35/><U67/><E133/><V92/><F39/><W72/><G115/><T66/><D66/><U68/><E55/><N who="2" m="34303" /><F19/><W120/><G120/><N who="1" m="46122" /><E51/><V43/><F43/><W102/><G102/><AGARI ba="0,0" hai="64,65,67,68,69,70,98,99,100,101,102" m="46122" machi="102" ten="40,5200,0" yaku="28,2,13,1" doraHai="76" who="1" fromWho="3" sc="394,0,331,52,215,0,60,-52" /><INIT seed="3,0,0,4,5,23" ten="394,383,215,8" oya="3" hai0="118,117,90,26,119,70,4,75,25,97,58,31,62" hai1="51,45,83,12,48,129,41,38,85,131,24,21,132" hai2="116,114,65,2,3,104,89,107,44,122,9,76,87" hai3="86,0,80,91,42,33,135,110,16,60,108,133,63"/><W29/><G0/><T53/><D75/><U94/><E132/><N who="3" m="50762" /><G42/><T15/><D70/><U1/><E1/><V95/><F107/><W112/><G112/><T99/><D90/><N who="1" m="53583" /><E12/><V14/><F104/><W46/><G46/><T88/><D88/><U10/><E10/><V8/><F44/><W7/><G7/><T39/><D39/><U84/><E84/><V130/><F114/><W61/><G16/><T101/><D26/><AGARI ba="0,0" hai="26,29,33,60,61,63,80,86,91,108,110" m="50762" machi="26" ten="40,3900,0" yaku="20,1,52,1" doraHai="23" who="3" fromWho="0" sc="394,-39,383,0,215,0,8,39" /><INIT seed="3,1,0,3,0,115" ten="355,383,215,47" oya="3" hai0="36,1,38,22,88,127,21,96,35,60,125,26,89" hai1="47,37,3,108,122,70,93,76,20,52,105,40,123" hai2="19,129,113,119,124,78,109,7,103,100,134,107,57" hai3="90,66,46,130,69,126,42,48,14,73,102,56,28"/><W68/><G130/><T50/><D1/><U16/><E105/><V27/><F7/><W31/><G126/><N who="0" m="48139" /><D50/><U0/><E70/><V54/><F78/><W15/><G73/><T62/><D35/><U65/><E65/><V118/><F113/><W117/><G102/><T135/><D135/><U82/><E93/><V121/><F124/><W110/><G68/><T120/><D120/><U5/><E52/><V71/><F71/><W128/><G69/><T25/><D96/><U81/><E108/><V83/><F129/><W98/><G128/><T55/><D22/><U6/><E81/><V63/><F121/><W91/><G110/><T114/><D114/><U112/><E112/><V10/><F109/><W86/><G117/><T24/><D21/><U72/><E5/><V97/><F134/><W30/><G98/><T34/><D34/><U29/><E29/><V49/><F103/><W2/><G2/><T106/><D106/><U85/><E85/><V133/><F133/><W92/><REACH who="3" step="1"/><G91/><REACH who="3" ten="355,383,215,37" step="2"/><N who="0" m="34891" /><D62/><AGARI ba="1,1" hai="14,15,28,30,31,42,46,48,56,62,66,86,90,92" machi="62" ten="40,12000,1" yaku="1,1,8,1,53,2" doraHai="115" doraHaiUra="9" who="3" fromWho="0" sc="355,-123,383,0,215,0,37,133" /><INIT seed="3,2,0,0,5,45" ten="232,383,215,170" oya="3" hai0="112,131,124,91,75,12,108,16,49,36,5,24,93" hai1="135,72,86,96,82,70,133,7,60,51,52,80,67" hai2="69,121,78,106,42,118,109,98,100,41,92,104,116" hai3="28,55,102,123,107,128,129,101,59,48,115,57,32"/><W8/><G115/><T65/><D36/><U117/><E117/><N who="2" m="45163" /><F69/><W119/><G123/><T18/><D108/><U134/><E96/><N who="2" m="59399" /><F109/><W35/><G119/><T110/><D110/><U122/><E122/><V44/><F44/><W47/><G8/><N who="0" m="4111" /><D124/><U114/><E114/><V20/><F20/><W25/><G35/><T76/><D76/><U30/><E7/><V19/><F19/><W10/><G10/><T89/><D75/><U1/><E1/><V62/><F62/><W56/><REACH who="3" step="1"/><G107/><REACH who="3" ten="232,383,215,160" step="2"/><T120/><D120/><U132/><E132/><V40/><F121/><W58/><N who="3" m="14336" /><DORA hai="111" /><W87/><G87/><T73/><D112/><U17/><E86/><V34/><F34/><W0/><G0/><T88/><D73/><U79/><E72/><V4/><F106/><W26/><G26/><T77/><D24/><U6/><E133/><V127/><F127/><W126/><G126/><T43/><D65/><U39/><E134/><V38/><F104/><W3/><G3/><T21/><D21/><U83/><E135/><V68/><F68/><W81/><G81/><T46/><D93/><U31/><E80/><V61/><F61/><W130/><AGARI ba="2,1" hai="25,28,32,47,48,55,101,102,128,129,130" m="14336" machi="130" ten="50,12000,1" yaku="1,1,0,1,19,1,52,1,53,0" doraHai="45,111" doraHaiUra="33,105" who="3" fromWho="3" sc="232,-42,383,-42,215,-42,160,136" /><INIT seed="3,3,0,0,1,113" ten="190,341,173,296" oya="3" hai0="73,129,127,120,41,125,6,118,85,42,76,52,51" hai1="86,29,91,105,78,5,53,92,50,115,98,121,3" hai2="77,12,30,133,72,95,39,4,114,110,131,66,93" hai3="54,69,88,60,8,35,68,111,122,89,109,81,38"/><W71/><G122/><T36/><D129/><U25/><E115/><V67/><F114/><W119/><G35/><T40/><D120/><U64/><E121/><V128/><F39/><W18/><G38/><T16/><D73/><U102/><E64/><N who="2" m="24619" /><F30/><W2/><G119/><T97/><D118/><U130/><E130/><N who="2" m="49707" /><F110/><N who="3" m="41995" /><G81/><N who="0" m="47271" /><D6/><U1/><E5/><V132/><F77/><W101/><G101/><T32/><D32/><U61/><E61/><V34/><F72/><W21/><G8/><T84/><D84/><U20/><E78/><V55/><F55/><W135/><G2/><T13/><D97/><U58/><AGARI ba="3,0" hai="1,3,20,25,29,50,53,58,86,91,92,98,102,105" machi="58" ten="20,1500,0" yaku="0,1,7,1" doraHai="113" who="1" fromWho="1" sc="190,-7,341,24,173,-7,296,-10" owari="183,-21.7,365,46.5,166,-33.4,286,8.6" /></mjloggm>