<mjloggm ver="2.3"><GO type="225" lobby="0"/><UN n0="%E3%81%A9%E3%82%8F%E3%82%93%E3%81%94" n1="%E3%81%8C%E3%81%9F" n2="%E3%81%AF%E3%82%88%E3%81%8A%E3%81%98%E3%81%95%E3%82%93" n3="%E8%A8%88%E7%AE%97%E6%A9%9F%E8%87%AA%E7%84%B6" dan="16,16,16,17" rate="2193.34,2063.26,2126.46,2198.01" sx="M,M,M,M"/><TAIKYOKU oya="0"/><INIT seed="0,0,0,5,5,81" ten="250,250,250,250" oya="0" hai0="112,68,18,21,26,87,70,122,78,28,82,71,127" hai1="92,45,0,84,132,133,44,107,113,97,19,52,15" hai2="66,13,134,56,41,80,38,3,117,4,51,123,34" hai3="114,100,24,105,2,50,103,94,48,96,22,35,64"/><T69/><D122/><U11/><E113/><V88/><F123/><W99/><G114/><T102/><D112/><U36/><E0/><V130/><F34/><W6/><G35/><T59/><D127/><U27/><E36/><V125/><F3/><W17/><REACH who="3" step="1"/><G64/><REACH who="3" ten="250,250,250,240" step="2"/><T14/><D71/><U62/><E107/><V115/><F66/><W63/><G63/><T39/><D70/><U111/><E111/><V1/><F115/><W58/><G58/><T124/><D69/><U135/><E27/><V54/><F56/><W40/><G40/><T106/><D68/><U9/><E62/><V60/><F41/><W119/><G119/><T129/><D124/><U31/><E52/><V121/><F54/><W108/><G108/><T30/><D59/><U86/><E31/><V98/><F60/><W79/><G79/><T89/><D78/><U90/><E9/><AGARI ba="0,1" hai="2,6,9,17,22,24,48,50,94,96,99,100,103,105" machi="9" ten="40,1300,0" yaku="1,1,53,0" doraHai="81" doraHaiUra="10" who="3" fromWho="1" sc="250,0,250,-13,250,0,240,23" /><INIT seed="1,0,0,5,0,97" ten="250,237,250,263" oya="1" hai0="71,42,16,36,13,43,39,72,83,99,57,81,134" hai1="70,74,47,98,129,80,104,73,54,66,63,75,14" hai2="59,77,113,67,96,26,69,28,86,127,32,12,40" hai3="53,41,93,102,27,107,126,119,120,11,122,118,131"/><U25/><E129/><V56/><F127/><W21/><G107/><T0/><D71/><U2/><E2/><V18/><F113/><W29/><G126/><T45/><D0/><U114/><E114/><V130/><F130/><W22/><G131/><T100/><D134/><U105/><E14/><V15/><F40/><W51/><G41/><T48/><D57/><U135/><E135/><V110/><F110/><W76/><G76/><T46/><D48/><U37/><E80/><V94/><F12/><W61/><G61/><T24/><D24/><U82/><E82/><V87/><F69/><W55/><G11/><T109/><D109/><U90/><E25/><V35/><F32/><W52/><G51/><T30/><D30/><U128/><E128/><V4/><F4/><W123/><G21/><T9/><D72/><U111/><E111/><V89/><F77/><W78/><G78/><T6/><D6/><U17/><E17/><V121/><F121/><W44/><G44/><T1/><D1/><U124/><E124/><V106/><F106/><AGARI ba="0,0" hai="9,13,16,36,39,42,43,45,46,81,83,99,100,106" machi="106" ten="30,7700,0" yaku="7,1,9,1,52,1,54,1" doraHai="97" who="0" fromWho="2" sc="250,77,237,0,250,-77,263,0" /><INIT seed="2,0,0,5,3,80" ten="327,237,173,263" oya="2" hai0="64,124,100,109,83,67,52,94,110,28,12,113,6" hai1="111,11,38,74,104,97,4,16,105,117,122,98,17" hai2="18,65,93,87,115,13,37,42,30,90,15,9,2" hai3="50,69,1,36,116,134,133,79,106,84,82,24,33"/><V29/><F115/><W26/><G36/><T78/><D113/><U41/><E117/><V108/><F2/><W126/><G116/><T118/><D124/><U27/><E74/><V54/><F108/><N who="0" m="41578" /><D28/><U10/><E111/><V107/><F107/><W20/><G106/><T135/><D135/><N who="3" m="51721" /><G69/><T45/><D118/><U48/><E38/><V49/><F65/><W46/><G126/><T130/><D130/><U57/><E122/><V7/><F42/><N who="3" m="24919" /><G33/><T40/><D100/><U63/><E105/><V55/><F37/><W25/><G1/><T22/><D94/><U120/><E120/><V89/><F89/><W43/><G43/><T59/><D45/><N who="1" m="25647" /><E104/><V44/><REACH who="2" step="1"/><F55/><REACH who="2" ten="327,237,163,263" step="2"/><W103/><G103/><T71/><D64/><U129/><E129/><V3/><F3/><W77/><G79/><T91/><D40/><U21/><E4/><V47/><F47/><W127/><G127/><T0/><D0/><U92/><E17/><AGARI ba="0,1" hai="17,20,24,25,26,77,82,84" m="24919,51721" machi="17" ten="30,2000,0" yaku="20,1,52,1" doraHai="80" who="3" fromWho="1" sc="327,0,237,-20,163,0,263,30" /><INIT seed="3,0,0,3,0,30" ten="327,217,163,293" oya="3" hai0="129,15,45,92,60,22,63,124,12,85,1,3,94" hai1="21,49,69,68,83,64,44,91,134,29,101,109,70" hai2="74,112,84,118,56,93,17,78,16,19,39,50,127" hai3="133,73,115,77,128,108,53,25,106,28,121,111,119"/><W95/><G115/><T62/><D129/><U99/><E109/><N who="3" m="42058" /><G119/><T31/><D3/><U122/><E122/><V98/><F39/><W26/><G106/><T10/><D1/><U11/><E134/><V82/><F112/><W61/><G121/><T47/><D124/><U131/><E131/><V126/><F118/><W120/><G120/><T55/><D55/><U57/><E11/><V6/><F6/><W65/><G128/><T107/><D107/><U48/><E91/><V117/><F117/><W102/><G53/><T24/><D15/><U130/><E83/><V13/><F13/><W89/><G102/><T4/><D85/><U67/><E130/><V40/><F74/><W125/><G125/><T76/><D76/><U34/><E34/><V5/><F5/><W114/><G133/><T86/><D86/><U90/><E90/><V20/><F20/><W52/><G28/><T7/><D7/><U14/><E29/><V87/><F84/><N who="3" m="52647" /><G52/><T36/><D36/><U51/><E44/><AGARI ba="0,0" hai="4,10,12,22,24,31,44,45,47,60,62,63,92,94" machi="44" ten="40,1300,0" yaku="8,1" doraHai="30" who="0" fromWho="1" sc="327,13,217,-13,163,0,293,0" owari="340,44.0,204,-19.6,163,-33.7,293,9.3" /></mjloggm>