<mjloggm ver="2.3"><GO type="225" lobby="0"/><UN n0="%E3%81%9F%E3%81%93%E2%98%86%E7%84%BC%E3%81%8D" n1="%54%4F%52" n2="%6B%79%6F%6E%6B%6F%31%31" n3="%E3%81%8B%E3%82%8F%E3%81%A1%E3%82%83%E3%82%93%35%38" dan="16,17,17,16" rate="2076.27,2237.68,2212.05,2126.73" sx="M,M,M,M"/><TAIKYOKU oya="0"/><INIT seed="0,0,0,3,3,79" ten="250,250,250,250" oya="0" hai0="24,8,56,92,104,77,90,44,26,96,47,80,36" hai1="72,6,43,135,100,120,18,0,76,110,102,9,116" hai2="34,65,73,27,38,64,54,97,93,132,5,125,81" hai3="122,14,106,35,83,21,121,23,123,88,68,59,19"/><T13/><D104/><U10/><E116/><V4/><F38/><W107/><G68/><T50/><D36/><U114/><E120/><N who="3" m="30722" /><W103/><DORA hai="48" /><G35/><T134/><D56/><U130/><E110/><V37/><F37/><W111/><G111/><T57/><D57/><U49/><E135/><V55/><F73/><W62/><G103/><T46/><D134/><U89/><E130/><V28/><F132/><W42/><G23/><T7/><REACH who="0" step="1"/><D50/><REACH who="0" ten="240,250,250,250" step="2"/><U113/><E49/><V108/><F108/><W131/><G131/><T101/><D101/><U30/><E100/><V45/><F65/><N who="3" m="39135" /><G42/><T53/><D53/><U105/><E43/><V17/><F64/><W11/><G107/><T3/><D3/><U67/><E67/><V22/><F55/><W39/><G106/><T60/><D60/><U98/><E102/><V12/><F54/><W29/><G39/><T31/><D31/><U91/><E30/><V33/><F28/><W52/><G52/><T51/><D51/><U128/><E105/><V75/><F45/><W86/><G29/><T63/><D63/><U87/><E128/><V94/><F34/><W74/><G74/><AGARI ba="0,1" hai="7,8,13,24,26,44,46,47,74,77,80,90,92,96" machi="74" ten="40,12000,1" yaku="1,1,52,1,53,3" doraHai="79,48" doraHaiUra="112,41" who="0" fromWho="3" sc="240,130,250,0,250,0,250,-120" /><INIT seed="0,1,0,1,4,48" ten="370,250,250,130" oya="0" hai0="84,98,2,121,56,42,132,26,107,23,58,103,102" hai1="131,118,18,101,75,69,68,110,1,82,54,63,51" hai2="28,33,105,130,39,53,106,91,108,10,87,38,80" hai3="120,97,71,47,125,60,109,73,92,46,134,6,55"/><T19/><D121/><U77/><E118/><V113/><F113/><W85/><G73/><T35/><D2/><U9/><E110/><V27/><F108/><W7/><G109/><T17/><D35/><U123/><E123/><V64/><F130/><W37/><G125/><T16/><D103/><U74/><E131/><V115/><F115/><W31/><G120/><T40/><D132/><U52/><E74/><V14/><F64/><W41/><G134/><T94/><D107/><U112/><E112/><V104/><REACH who="2" step="1"/><F53/><REACH who="2" ten="370,250,240,130" step="2"/><W34/><G71/><T122/><D122/><U50/><E69/><V11/><F11/><W61/><G55/><T90/><D40/><U21/><E68/><V24/><F24/><W119/><G119/><T45/><D42/><U62/><E9/><V12/><F12/><W128/><G128/><T89/><D45/><U86/><E1/><V32/><F32/><W15/><G41/><T70/><D70/><U30/><E54/><V25/><F25/><W65/><G65/><T116/><D116/><U124/><E52/><V36/><F36/><W76/><G37/><T0/><D0/><U79/><E51/><V78/><F78/><W67/><G47/><T49/><D49/><U13/><E50/><V72/><F72/><W8/><G46/><T22/><D26/><N who="1" m="16719" /><E77/><V100/><F100/><N who="3" m="60455" /><G67/><T57/><D102/><U88/><E101/><V111/><F111/><W59/><G59/><T127/><D127/><U99/><E124/><V5/><AGARI ba="1,1" hai="5,10,14,27,28,33,38,39,80,87,91,104,105,106" machi="5" ten="30,4000,0" yaku="1,1,0,1,53,1" doraHai="48" doraHaiUra="4" who="2" fromWho="2" sc="370,-21,250,-11,240,53,130,-11" /><INIT seed="1,0,0,3,0,70" ten="349,239,293,119" oya="1" hai0="58,61,40,97,92,53,62,71,39,64,126,72,111" hai1="107,20,0,24,117,1,120,6,47,106,46,86,37" hai2="23,59,93,129,91,36,83,56,112,119,113,43,48" hai3="33,34,81,55,74,51,17,109,25,114,116,121,128"/><U5/><E117/><V131/><F119/><W42/><G116/><T73/><D111/><U8/><E120/><V118/><F118/><W105/><G121/><T18/><D18/><U127/><E127/><V14/><F83/><W63/><G114/><N who="2" m="44137" /><F14/><W22/><G109/><T115/><D126/><U84/><E20/><V2/><F23/><W77/><G128/><N who="2" m="49225" /><F48/><W66/><G105/><T135/><D135/><U4/><E4/><V82/><F82/><W104/><G104/><T54/><D115/><U108/><E108/><V16/><F16/><W67/><G33/><T60/><D97/><U11/><REACH who="1" step="1"/><E24/><REACH who="1" ten="349,229,293,119" step="2"/><V13/><F2/><W94/><G34/><T50/><D73/><U26/><E26/><V15/><F15/><W87/><G25/><T133/><D72/><U125/><E125/><V30/><F13/><W10/><G22/><T85/><D133/><U130/><E130/><V78/><F30/><W102/><G10/><T65/><D85/><U95/><E95/><V41/><F78/><W80/><G17/><T76/><D92/><U3/><E3/><V100/><F93/><W29/><G29/><T68/><D76/><U32/><E32/><V122/><F122/><W101/><G94/><T88/><D88/><U75/><E75/><V12/><F91/><N who="3" m="51687" /><G102/><T69/><D69/><U132/><E132/><V99/><F100/><W19/><G101/><T96/><D71/><U90/><E90/><V57/><F99/><W35/><G35/><T89/><D96/><U103/><E103/><V134/><F134/><W123/><G123/><T21/><D89/><U49/><E49/><RYUUKYOKU ba="0,1" sc="349,-10,229,30,293,-10,119,-10" hai1="0,1,5,6,8,11,37,46,47,84,86,106,107" /><INIT seed="1,1,1,5,2,11" ten="339,259,283,109" oya="1" hai0="56,106,78,13,83,116,77,71,31,27,23,89,0" hai1="122,20,84,85,99,1,111,109,105,74,39,127,98" hai2="58,50,132,72,133,57,93,97,9,32,15,49,107" hai3="7,73,38,17,47,3,67,110,25,119,46,87,34"/><U90/><E39/><V86/><F32/><W68/><G47/><T41/><D71/><U12/><E1/><V80/><F72/><W130/><G87/><N who="0" m="50431" /><D0/><U102/><E122/><V104/><F107/><W123/><G17/><T59/><D41/><U81/><E127/><V14/><F104/><W28/><G46/><T135/><D106/><U134/><E134/><N who="2" m="51819" /><F9/><W48/><G48/><N who="2" m="18537" /><F58/><N who="0" m="22058" /><D116/><U35/><E35/><V30/><F30/><W29/><G29/><T76/><D135/><U91/><E98/><V45/><F45/><W63/><G123/><T21/><D21/><U131/><E74/><V103/><F57/><W101/><G119/><T100/><D100/><U36/><E36/><V33/><F33/><W94/><G73/><T4/><D4/><U128/><E128/><V117/><F117/><W55/><G130/><T112/><D112/><U120/><E131/><V26/><F26/><W37/><G37/><T60/><D60/><U53/><E120/><V61/><F61/><W52/><G38/><T6/><D6/><U43/><E43/><V70/><F70/><W22/><G34/><T5/><D5/><U108/><E53/><N who="3" m="20554" /><G7/><T92/><D92/><N who="1" m="54343" /><E20/><V42/><F42/><W40/><G40/><T96/><D96/><U118/><E118/><V121/><F121/><W44/><G3/><T125/><D125/><U82/><E82/><V88/><AGARI ba="1,1" hai="14,15,80,86,88,93,97,103" m="18537,51819" machi="88" ten="30,7900,0" yaku="20,1,52,2,54,1" doraHai="11" who="2" fromWho="2" sc="339,-21,259,-40,283,92,109,-21" /><INIT seed="2,0,0,5,4,18" ten="318,219,375,88" oya="2" hai0="123,114,108,34,128,125,132,41,70,127,5,58,26" hai1="28,71,102,110,78,6,106,53,47,1,45,109,100" hai2="67,55,11,122,30,72,77,101,49,126,75,29,121" hai3="103,87,44,64,66,14,59,13,104,89,40,91,84"/><V74/><F77/><W88/><G104/><T46/><D34/><U98/><E71/><V69/><F101/><W134/><G134/><T112/><D5/><U33/><E78/><V107/><F107/><W76/><G103/><T36/><D26/><U61/><E102/><V37/><F37/><W135/><G135/><T83/><D83/><U92/><E106/><V48/><F69/><W117/><G117/><T15/><D15/><U4/><E28/><V120/><F67/><W22/><G76/><T80/><D80/><U19/><E33/><V96/><F96/><W12/><G22/><T99/><D99/><U2/><E19/><V7/><F126/><N who="0" m="48138" /><D70/><U113/><E113/><N who="0" m="43625" /><D132/><U10/><E98/><V60/><F30/><W73/><G73/><T24/><D24/><U42/><E6/><V57/><REACH who="2" step="1"/><F29/><REACH who="2" ten="318,219,365,88" step="2"/><W56/><G66/><T31/><D31/><U130/><E100/><V62/><F62/><W21/><G64/><T43/><D123/><U115/><E61/><V111/><F111/><W116/><G116/><T105/><D108/><U68/><E115/><V95/><F95/><W97/><G97/><T118/><D105/><U124/><E68/><V82/><F82/><W79/><G79/><T86/><D118/><U27/><E124/><V52/><F52/><W81/><G81/><T20/><D36/><U131/><E92/><V17/><F17/><N who="3" m="10407" /><G87/><T65/><D86/><U63/><E109/><V8/><F8/><W23/><G84/><T39/><D65/><U35/><E10/><V38/><F38/><N who="3" m="21527" /><G23/><T3/><D39/><N who="1" m="21727" /><E110/><V85/><F85/><W9/><G9/><RYUUKYOKU ba="0,1" sc="318,-15,219,-15,365,15,88,15" hai2="7,11,48,49,55,57,60,72,74,75,120,121,122" hai3="13,14,56,59,88,89,91" /><INIT seed="2,1,1,2,5,107" ten="303,204,380,103" oya="2" hai0="0,78,79,104,89,19,123,14,74,86,49,100,56" hai1="80,135,122,94,13,34,1,117,108,59,115,27,112" hai2="93,20,66,97,8,129,69,82,40,128,38,30,35" hai3="105,65,95,60,5,114,103,16,70,50,58,39,3"/><V15/><F35/><W120/><G120/><T33/><D0/><U11/><E117/><V62/><F82/><W92/><G39/><T9/><D33/><U54/><E122/><V41/><F20/><W75/><G114/><T88/><D123/><U96/><E108/><V48/><F38/><W51/><G105/><T55/><D89/><U98/><E135/><V47/><F30/><W57/><G3/><T87/><D86/><U28/><E80/><V134/><F134/><W76/><G5/><T91/><D91/><U81/><E81/><V18/><REACH who="2" step="1"/><F40/><REACH who="2" ten="303,204,370,103" step="2"/><W45/><G76/><T46/><D79/><U77/><E77/><V106/><F106/><W22/><G95/><T116/><D78/><U124/><E34/><V110/><F110/><W84/><G92/><T102/><D116/><U119/><E28/><V23/><F23/><W10/><G22/><T71/><D104/><U24/><E94/><V133/><F133/><W42/><G42/><T67/><D102/><AGARI ba="1,2" hai="8,15,18,41,47,48,62,66,69,93,97,102,128,129" machi="102" ten="40,2000,0" yaku="1,1,53,0" doraHai="107" doraHaiUra="130" who="2" fromWho="0" sc="303,-23,204,0,370,43,103,0" /><INIT seed="2,2,0,1,0,27" ten="280,204,413,103" oya="2" hai0="116,88,60,127,20,84,110,111,99,10,46,114,120" hai1="4,9,29,107,135,87,63,35,2,71,80,25,98" hai2="22,59,41,123,38,31,102,106,112,69,28,118,93" hai3="18,132,74,103,91,77,101,121,100,78,56,62,70"/><V113/><F106/><W115/><G70/><T23/><D114/><U39/><E135/><V6/><F69/><W57/><G121/><T40/><D60/><U64/><E87/><V12/><F118/><W0/><G0/><T1/><D120/><U76/><E80/><V67/><F123/><W34/><G34/><T8/><D99/><U128/><E76/><V105/><F105/><W16/><G132/><T75/><D75/><U5/><E5/><V53/><F67/><W36/><G36/><T108/><D127/><U19/><E19/><N who="3" m="7210" /><G74/><T119/><D20/><U37/><E128/><V15/><F22/><W90/><G115/><T65/><D23/><U86/><E86/><V26/><F26/><W66/><G56/><T95/><D65/><U129/><E129/><V17/><F38/><W54/><G66/><T96/><D84/><U51/><E51/><V133/><F133/><W30/><G30/><N who="2" m="11305" /><F41/><W109/><G109/><T72/><D72/><U47/><E47/><V117/><F117/><N who="0" m="45130" /><D1/><U82/><E82/><V3/><F3/><W83/><G83/><T50/><AGARI ba="2,0" hai="8,10,40,46,50,88,95,96,108,110,111" m="45130" machi="50" ten="40,5200,0" yaku="14,1,12,1,54,1" doraHai="27" who="0" fromWho="0" sc="280,58,204,-15,413,-28,103,-15" /><INIT seed="3,0,0,4,5,3" ten="338,189,385,88" oya="3" hai0="129,102,17,50,70,108,38,2,96,63,77,33,130" hai1="128,55,131,26,46,115,101,29,99,56,34,114,16" hai2="36,57,59,126,40,78,110,62,25,71,5,14,84" hai3="91,119,73,1,11,88,60,35,48,82,10,21,121"/><W58/><G35/><T135/><D33/><U86/><E86/><V105/><F105/><W89/><G119/><T27/><D108/><U95/><E16/><V75/><F75/><W31/><G121/><T20/><D38/><U117/><E46/><V74/><F74/><W116/><G116/><T90/><D77/><U0/><E0/><V32/><F36/><W93/><G73/><T41/><D135/><U85/><E85/><V4/><F40/><W6/><G82/><T7/><D90/><U51/><REACH who="1" step="1"/><E117/><REACH who="1" ten="338,179,385,88" step="2"/><V97/><F84/><W61/><G93/><T112/><D112/><AGARI ba="0,1" hai="26,29,34,51,55,56,95,99,101,112,114,115,128,131" machi="112" ten="40,2600,0" yaku="1,1,2,1,53,0" doraHai="3" doraHaiUra="80" who="1" fromWho="0" sc="338,-26,179,36,385,0,88,0" owari="312,11.2,215,-18.5,385,48.5,88,-41.2" /></mjloggm>