<mjloggm ver="2.3"><GO type="225" lobby="0"/><UN n0="%E3%83%81%E3%83%83%E3%82%BF%E3%82%BD%E3%83%BC" n1="%E3%82%82%E3%81%90%E3%82%89" n2="%E3%83%AC%E3%82%A4%E3%83%88%E3%83%B3%E5%87%86%E6%95%99%E6%8E%88" n3="%72%69%6F%75%63%68%61%6E" dan="17,17,19,16" rate="2118.83,2212.51,2300.93,2122.66" sx="F,F,M,M"/><TAIKYOKU oya="0"/><INIT seed="0,0,0,1,0,35" ten="250,250,250,250" oya="0" hai0="63,16,53,120,83,45,3,14,94,44,118,102,86" hai1="69,56,133,46,43,59,111,50,24,110,84,57,117" hai2="76,47,116,93,18,52,0,7,126,8,30,128,20" hai3="41,54,99,90,64,107,82,98,121,34,25,108,22"/><T75/><D75/><U129/><E84/><V60/><F126/><W31/><G108/><N who="1" m="41514" /><E24/><V89/><F128/><W66/><G121/><T105/><D120/><U92/><E92/><V103/><F76/><W71/><G41/><T97/><D118/><U113/><E117/><V28/><F103/><W81/><G71/><T74/><D74/><U70/><E133/><V5/><F5/><W39/><G39/><T87/><D3/><U127/><E129/><V13/><F116/><W62/><G34/><T26/><D26/><U131/><E131/><V27/><F13/><W114/><G114/><T88/><D86/><U42/><E127/><V67/><F47/><W91/><G107/><T79/><D105/><U96/><E96/><N who="3" m="36906" /><G54/><T38/><D38/><N who="1" m="21847" /><E113/><V51/><F93/><W104/><G104/><T73/><D73/><U36/><E36/><V135/><F135/><W21/><G21/><N who="0" m="11415" /><D102/><U40/><E40/><V100/><F100/><W109/><G109/><T29/><D29/><U9/><E9/><V72/><F72/><W19/><G31/><T12/><D12/><U122/><E122/><V68/><F30/><W106/><G106/><T1/><D1/><U132/><E132/><V78/><F28/><W32/><G32/><T15/><D15/><U130/><E130/><V37/><F37/><W115/><G115/><T49/><D63/><U10/><E10/><V11/><F8/><W55/><G62/><T6/><D6/><U134/><E134/><V4/><F7/><W95/><G25/><T85/><D97/><U124/><E124/><V17/><F4/><W123/><G123/><RYUUKYOKU ba="0,0" sc="250,15,250,15,250,-15,250,-15" hai0="44,45,49,53,79,83,85,87,88,94" hai1="43,50,56,57,59,69,70" /><INIT seed="0,1,0,5,4,22" ten="265,265,235,235" oya="0" hai0="104,65,77,75,70,100,27,29,122,41,56,5,59" hai1="30,131,99,25,127,95,112,8,20,98,105,107,10" hai2="124,80,36,90,11,81,58,130,101,74,33,54,111" hai3="125,39,128,6,92,132,126,47,85,55,7,114,28"/><T17/><D122/><U18/><E131/><V3/><F111/><W97/><G114/><T103/><D17/><U23/><E112/><V61/><F124/><N who="3" m="47723" /><G128/><T79/><D5/><U21/><E127/><V51/><F36/><W16/><G132/><T14/><D14/><U118/><E118/><V93/><F33/><W82/><G28/><T40/><D70/><U1/><E10/><V49/><F101/><N who="3" m="60583" /><G16/><T64/><D29/><U46/><E46/><V120/><F120/><W76/><G55/><T91/><D91/><U32/><E99/><V60/><F130/><W0/><G0/><T69/><D69/><U115/><E115/><V96/><F3/><W78/><G76/><T87/><D75/><U134/><E134/><V119/><F74/><W2/><G2/><T121/><D121/><U37/><E37/><V43/><F11/><W135/><G135/><T57/><D57/><U123/><E123/><V53/><F119/><W71/><G71/><T13/><D13/><U110/><E110/><V67/><F43/><AGARI ba="1,0" hai="6,7,39,43,47,78,82,85" m="60583,47723" machi="43" ten="30,1000,0" yaku="18,1" doraHai="22" who="3" fromWho="2" sc="265,0,265,0,235,-13,235,13" /><INIT seed="1,0,0,2,4,31" ten="265,265,222,248" oya="1" hai0="101,134,78,117,27,125,79,122,105,9,32,114,89" hai1="133,130,22,70,97,62,24,42,11,128,57,59,135" hai2="16,47,75,45,34,18,36,26,19,131,88,92,66" hai3="35,106,69,84,103,61,46,83,90,72,100,129,49"/><U51/><E11/><V123/><F123/><W95/><G129/><N who="1" m="49770" /><E97/><V108/><F75/><W112/><G112/><T54/><D89/><U102/><E102/><V121/><F121/><W6/><G35/><T40/><D9/><U86/><E86/><V85/><F131/><W67/><G106/><T99/><D40/><U1/><E1/><V68/><F36/><W14/><G6/><T77/><D117/><U38/><E22/><V2/><F2/><W10/><G72/><T30/><D122/><U65/><E24/><V52/><F108/><W94/><G95/><T109/><D109/><U53/><E59/><V50/><F45/><AGARI ba="0,0" hai="38,42,45,51,53,57,62,65,70,133,135" m="49770" machi="45" ten="30,11600,0" yaku="24,1,19,1,34,2" doraHai="31" who="1" fromWho="2" sc="265,0,265,116,222,-116,248,0" /><INIT seed="1,1,0,1,4,100" ten="265,381,106,248" oya="1" hai0="59,33,15,90,118,86,20,94,50,79,10,55,120" hai1="44,96,122,52,106,26,36,5,1,82,133,11,41" hai2="89,2,67,78,124,114,35,25,128,46,6,60,109" hai3="110,28,61,108,129,16,101,113,18,98,34,17,43"/><U85/><E122/><V27/><F109/><N who="3" m="42091" /><G113/><T39/><D118/><U14/><E133/><V71/><F114/><W24/><G129/><T115/><D115/><U81/><E26/><V45/><F128/><W105/><G43/><T53/><D120/><U74/><E74/><V23/><F124/><W64/><G18/><T119/><D119/><U0/><E82/><V70/><F70/><AGARI ba="1,0" hai="16,17,24,28,34,61,64,70,98,101,105" m="42091" machi="70" ten="30,7700,0" yaku="25,1,14,1,52,1,54,1" doraHai="100" who="3" fromWho="2" sc="265,0,381,0,106,-80,248,80" /><INIT seed="2,0,0,4,4,14" ten="265,381,26,328" oya="2" hai0="101,6,119,84,131,88,42,34,19,91,69,81,100" hai1="60,44,61,86,13,112,9,46,85,90,27,24,118" hai2="115,31,104,107,65,63,99,23,51,134,53,68,36" hai3="127,129,76,54,117,16,3,114,121,45,48,47,113"/><V33/><F115/><N who="3" m="44043" /><G117/><T10/><D34/><U58/><E112/><V38/><F134/><W18/><G121/><T123/><D123/><U132/><E132/><V116/><F107/><W37/><G3/><T52/><D119/><U55/><E118/><V57/><F23/><W89/><G127/><T25/><D131/><U20/><E61/><V93/><F116/><W22/><G129/><T11/><D69/><U79/><E79/><V125/><F125/><W130/><G130/><T28/><D42/><U105/><E105/><V39/><F93/><W59/><G76/><T111/><D111/><U67/><E67/><V56/><F56/><W87/><G22/><N who="0" m="13535" /><D28/><U128/><E128/><V82/><F82/><N who="3" m="49399" /><G45/><N who="1" m="17514" /><E20/><V135/><F135/><W66/><G66/><T83/><D6/><N who="1" m="3255" /><E86/><V5/><F5/><W97/><G97/><T126/><D126/><U74/><E74/><V120/><F120/><W124/><G124/><T30/><D30/><U49/><E60/><V71/><F71/><W72/><G72/><T64/><D64/><U43/><E43/><AGARI ba="0,0" hai="16,18,37,43,47,48,54,59" m="49399,44043" machi="43" ten="30,7700,0" yaku="11,1,52,2,54,1" doraHai="14" who="3" fromWho="1" sc="265,0,381,-77,26,0,328,77" /><INIT seed="3,0,0,2,1,81" ten="265,304,26,405" oya="3" hai0="23,109,133,89,118,43,82,107,12,19,54,104,34" hai1="74,68,75,65,9,134,126,56,50,92,98,119,108" hai2="62,67,90,26,48,11,5,94,85,8,53,4,91" hai3="29,131,121,33,18,95,115,105,64,113,31,40,15"/><W120/><G105/><T103/><D109/><U73/><E108/><V49/><F26/><N who="3" m="18615" /><G95/><T35/><D133/><U127/><E134/><V52/><F94/><W123/><G40/><T57/><D43/><U86/><E119/><V60/><REACH who="2" step="1"/><F67/><REACH who="2" ten="265,304,16,405" step="2"/><W58/><G64/><T38/><D107/><U13/><E65/><V77/><F77/><W84/><G84/><AGARI ba="0,1" hai="4,5,8,11,48,49,52,53,60,62,84,85,90,91" machi="84" ten="25,16000,3" yaku="1,1,22,2,8,1,52,2,54,1,53,2" doraHai="81" doraHaiUra="83" who="2" fromWho="3" sc="265,0,304,0,16,170,405,-160" owari="265,6.5,304,40.4,186,-31.4,245,-15.5" /></mjloggm>