<mjloggm ver="2.3"><GO type="225" lobby="0"/><UN n0="%4D%6F%6E%61%6E%61" n1="%E6%97%A5%E6%9B%9C%E6%97%A5%E3%82%88%E3%82%8A%E3%81%AE%E4%BD%BF%E8%80%85" n2="%E5%A4%8F%E3%81%AA%E3%81%AE%E3%81%AB" n3="%E3%81%A4%E3%81%A3%E3%81%B1%E3%82%8A%E3%83%9D%E3%83%BC%E3%83%AB" dan="16,16,17,17" rate="2078.08,2114.89,2119.85,2227.19" sx="F,M,M,M"/><TAIKYOKU oya="0"/><INIT seed="0,0,0,2,3,92" ten="250,250,250,250" oya="0" hai0="74,109,113,32,70,17,34,128,134,82,48,96,64" hai1="114,105,75,41,95,79,1,57,90,18,31,110,94" hai2="58,51,49,91,89,118,30,56,19,78,72,107,5" hai3="124,116,69,20,62,81,10,121,135,27,6,13,38"/><T126/><D113/><U123/><E1/><V102/><F5/><W115/><G115/><T67/><D126/><U88/><E114/><V86/><F30/><W45/><G116/><T26/><D128/><U29/><E105/><V8/><F91/><W83/><G124/><T12/><D134/><U133/><E123/><V80/><F118/><W76/><G135/><T119/><D119/><U59/><E41/><V93/><F51/><W46/><G121/><T98/><D70/><U39/><E39/><V101/><F101/><W15/><G38/><T43/><D109/><U35/><E133/><V40/><F40/><W97/><G15/><T22/><D74/><U130/><E35/><V2/><F49/><W132/><G132/><T66/><D82/><U47/><E47/><V120/><F120/><W53/><G83/><T131/><D131/><U112/><E112/><V21/><F8/><W50/><G62/><T61/><D61/><U60/><E75/><V68/><F68/><W54/><G69/><T9/><D34/><U87/><E79/><V14/><F2/><W16/><G97/><AGARI ba="0,0" hai="14,19,21,56,58,72,78,80,86,89,93,97,102,107" machi="97" ten="40,5200,0" yaku="24,2,52,1" doraHai="92" who="2" fromWho="3" sc="250,0,250,0,250,52,250,-52" /><INIT seed="1,0,0,2,1,95" ten="250,250,302,198" oya="1" hai0="67,31,120,106,57,132,50,122,87,13,115,56,71" hai1="59,62,7,90,127,1,23,4,77,103,33,53,79" hai2="94,117,60,27,28,30,91,41,75,63,125,130,134" hai3="34,21,108,118,119,76,19,6,121,47,128,43,3"/><U29/><E33/><V39/><F75/><W40/><G121/><N who="0" m="46699" /><D106/><U18/><E29/><V12/><F125/><W66/><G34/><T73/><D73/><U68/><E127/><V97/><F130/><W124/><G124/><T45/><D115/><U113/><E113/><V48/><F39/><W20/><G128/><T2/><D2/><U72/><E68/><V65/><F134/><W85/><G66/><T84/><D31/><U37/><E37/><V123/><F117/><N who="3" m="44555" /><G108/><T25/><D25/><U69/><E69/><V114/><F114/><W46/><G6/><N who="1" m="2090" /><E1/><V9/><F123/><W22/><G3/><T51/><D13/><N who="1" m="9679" /><E72/><V131/><F131/><W36/><G19/><T32/><D32/><U35/><E35/><V100/><F30/><W70/><G70/><T92/><D132/><U110/><E110/><V14/><F28/><W109/><G109/><T61/><D92/><U126/><E126/><V135/><F135/><W17/><G17/><T26/><D26/><U49/><E103/><V16/><F100/><W74/><G74/><T82/><D82/><U101/><E101/><V107/><F107/><W133/><G133/><T104/><D104/><U111/><E111/><V88/><F27/><W15/><G15/><T10/><D10/><U5/><E5/><V24/><F24/><W102/><G102/><T0/><D0/><U58/><E90/><V129/><F129/><W64/><G22/><T93/><D93/><U89/><E89/><V38/><F14/><W42/><G21/><T11/><D11/><U86/><E86/><N who="0" m="32809" /><D71/><U52/><AGARI ba="0,0" hai="49,52,53,58,59,62,77,79" m="9679,2090" machi="52" ten="30,3000,0" yaku="8,1,54,1" doraHai="95" who="1" fromWho="1" sc="250,-10,250,30,302,-10,198,-10" /><INIT seed="1,1,0,3,1,56" ten="240,280,292,188" oya="1" hai0="72,71,10,92,123,121,88,31,94,29,44,112,48" hai1="135,124,100,54,62,82,81,93,19,9,36,111,127" hai2="126,108,57,85,49,21,63,8,116,101,115,76,102" hai3="12,50,110,65,91,133,14,16,22,33,34,28,107"/><U25/><E36/><V26/><F116/><W61/><G107/><T120/><D112/><U24/><E135/><V66/><F108/><W95/><G110/><T53/><D72/><U78/><E111/><V23/><F126/><N who="1" m="48169" /><E9/><V13/><F23/><W134/><G28/><T59/><D71/><U27/><E19/><V103/><F115/><W113/><G113/><T20/><D92/><U17/><E17/><V2/><F2/><W69/><G50/><T117/><D117/><U4/><E4/><V58/><F85/><W30/><G14/><T38/><D10/><U130/><E130/><V125/><F76/><W105/><G105/><T97/><REACH who="0" step="1"/><D20/><REACH who="0" ten="230,280,292,188" step="2"/><U11/><E11/><V73/><F73/><W114/><G114/><T89/><D89/><U129/><E129/><V55/><F125/><W106/><G106/><T83/><D83/><U64/><E78/><V90/><F90/><W67/><G67/><T99/><D99/><N who="1" m="59503" /><E54/><V86/><F103/><W87/><REACH who="3" step="1"/><G30/><REACH who="3" ten="230,280,292,178" step="2"/><T47/><D47/><U0/><E0/><V43/><F66/><W39/><G39/><T119/><D119/><U132/><E132/><AGARI ba="1,2" hai="12,16,22,33,34,61,65,69,87,91,95,132,133,134" machi="132" ten="40,8000,1" yaku="1,1,20,1,52,1,54,1,53,0" doraHai="56" doraHaiUra="96" who="3" fromWho="1" sc="230,0,280,-83,292,0,178,103" /><INIT seed="2,0,0,4,5,126" ten="230,197,292,281" oya="2" hai0="70,22,93,15,44,94,12,116,63,115,19,32,110" hai1="35,60,81,8,135,23,0,20,6,118,38,134,79" hai2="49,105,42,83,76,58,66,99,82,9,65,17,109" hai3="121,120,111,77,107,101,25,53,131,45,2,56,104"/><V50/><F109/><W43/><G2/><T33/><D115/><U67/><E118/><V122/><F122/><W48/><G111/><T100/><D116/><U129/><E35/><V40/><F99/><W13/><G77/><T31/><D110/><U86/><E38/><V46/><F105/><W5/><G25/><T10/><D44/><U130/><E23/><V124/><F124/><W37/><G101/><T52/><D70/><N who="1" m="42343" /><E20/><V87/><F83/><W89/><G89/><T74/><D74/><U88/><E79/><V62/><F50/><W59/><G59/><N who="0" m="35303" /><D32/><U7/><E7/><V54/><F42/><W51/><G37/><T4/><D33/><U39/><E39/><V97/><F97/><W85/><G107/><T113/><D113/><U34/><E34/><V47/><F46/><W96/><G96/><N who="0" m="59407" /><D94/><U103/><E103/><V72/><F72/><W112/><G104/><T71/><D71/><U57/><E57/><V92/><F92/><W114/><G120/><T98/><D98/><U18/><E18/><V11/><F17/><W125/><G121/><T128/><D128/><AGARI ba="0,0" hai="0,6,8,81,86,88,128,129,130,134,135" m="42343" machi="128" ten="30,8000,1" yaku="19,1,52,3,54,1" doraHai="126" who="1" fromWho="0" sc="230,-80,197,80,292,0,281,0" /><INIT seed="3,0,0,2,1,129" ten="150,277,292,281" oya="3" hai0="93,25,97,85,19,102,89,42,7,109,13,17,132" hai1="123,103,47,27,54,98,66,134,45,40,70,127,99" hai2="15,77,46,119,22,86,124,87,52,48,110,57,60" hai3="35,61,0,1,88,84,75,113,100,63,24,125,135"/><W117/><G113/><T108/><D42/><U26/><E123/><V56/><F119/><W28/><G75/><T65/><D65/><U76/><E76/><V53/><F110/><W120/><G117/><T95/><D7/><U72/><E72/><V69/><F69/><W55/><G120/><T79/><D79/><U14/><E127/><V62/><F77/><W6/><G125/><T104/><D104/><U94/><E70/><V130/><F130/><W107/><G6/><T11/><REACH who="0" step="1"/><D132/><REACH who="0" ten="140,277,292,281" step="2"/><U36/><E66/><V114/><F124/><W12/><G135/><T43/><D43/><U34/><E134/><V31/><F114/><W78/><G78/><T126/><D126/><U92/><E40/><V73/><F73/><W23/><G55/><T118/><D118/><U111/><E54/><V116/><F116/><W90/><G107/><T67/><D67/><U4/><E4/><V105/><F105/><W38/><G1/><T29/><D29/><U59/><E111/><V18/><F31/><W37/><G0/><T101/><D101/><U133/><E133/><V44/><F53/><W32/><G100/><T80/><D80/><U81/><E81/><V10/><F52/><W121/><G121/><T5/><D5/><U122/><E122/><V58/><F60/><N who="3" m="23115" /><G90/><T39/><D39/><U2/><E36/><V106/><F62/><W3/><G3/><T21/><AGARI ba="0,1" hai="11,13,17,19,21,25,85,89,93,95,97,102,108,109" machi="21" ten="30,2000,0" yaku="1,1,0,1,53,0" doraHai="129" doraHaiUra="71" who="0" fromWho="0" sc="140,30,277,-5,292,-5,281,-10" /><INIT seed="4,0,0,0,3,91" ten="170,272,287,271" oya="0" hai0="93,83,104,110,32,20,126,134,10,73,46,87,111" hai1="79,124,105,26,2,132,123,65,43,62,99,5,27" hai2="128,50,45,60,68,120,78,135,106,102,97,63,98" hai3="29,101,94,30,127,34,41,88,31,19,125,119,13"/><T76/><D32/><U9/><E123/><V25/><F120/><W40/><G101/><T1/><D134/><U58/><E132/><V53/><F68/><W118/><G34/><T44/><D126/><N who="3" m="48137" /><G13/><T113/><D113/><U21/><E124/><V8/><F128/><W38/><G19/><T103/><D20/><U24/><E79/><V133/><F98/><N who="3" m="57671" /><G38/><T3/><D46/><U92/><E43/><AGARI ba="0,0" hai="29,30,31,40,41,43,118,119" m="57671,48137" machi="43" ten="30,3900,0" yaku="18,1,52,1,54,1" doraHai="91" who="3" fromWho="1" sc="170,0,272,-39,287,0,271,39" owari="170,-33.0,233,-16.7,287,8.7,310,41.0" /></mjloggm>