<mjloggm ver="2.3"><GO type="225" lobby="0"/><UN n0="%E8%B6%85%E7%B4%9A%E9%B3%B3%E5%87%B0" n1="%E7%B4%94%E6%BD%94%E3%83%94%E3%83%A9%E3%83%8B%E3%82%A2" n2="%E3%81%BF%E3%81%BF%E3%81%9A" n3="%E5%A4%96%E5%B7%9D%E7%AB%9C%E6%88%90" dan="16,16,16,16" rate="2114.17,2143.04,2185.88,2159.23" sx="M,M,M,M"/><TAIKYOKU oya="0"/><INIT seed="0,0,0,3,1,4" ten="250,250,250,250" oya="0" hai0="101,135,15,58,105,130,118,99,6,46,43,13,11" hai1="30,109,86,56,90,95,33,28,63,71,104,5,112" hai2="113,39,12,97,54,24,94,49,96,74,40,38,26" hai3="48,117,134,122,91,8,65,66,115,29,32,77,103"/><T93/><D118/><U75/><E104/><V42/><F74/><W126/><G115/><T119/><D119/><U121/><E75/><V62/><F113/><W37/><G37/><T52/><D130/><U19/><E71/><V76/><F76/><W132/><G91/><T55/><D135/><U60/><E63/><V64/><F38/><W2/><G117/><T102/><D13/><U87/><E5/><V67/><F39/><W20/><G103/><T114/><D114/><U108/><E33/><V47/><F12/><W7/><G77/><T41/><D105/><U107/><E107/><V34/><F97/><W44/><G122/><T125/><D102/><U128/><E128/><V59/><F67/><W124/><G20/><T69/><D69/><U79/><E19/><V123/><F123/><W73/><G73/><T106/><D106/><U133/><E133/><N who="3" m="51306" /><G29/><T0/><D0/><U131/><E121/><V72/><F72/><W57/><G32/><T83/><D83/><N who="1" m="47487" /><E131/><V70/><F34/><W129/><G57/><T25/><D125/><N who="3" m="48233" /><G129/><T111/><D111/><N who="1" m="42571" /><E112/><V23/><F70/><W27/><G27/><T18/><D25/><U16/><E28/><N who="2" m="17439" /><F26/><W92/><G92/><T68/><D68/><U22/><E30/><V50/><F49/><W84/><G84/><T36/><D36/><U127/><E127/><V82/><F82/><W1/><G1/><T53/><D93/><U110/><N who="1" m="42579" /><U10/><DORA hai="88" /><E22/><V120/><F120/><W14/><G2/><T45/><D15/><N who="1" m="7287" /><E60/><V61/><F62/><W100/><G100/><AGARI ba="0,0" hai="40,42,47,50,54,59,61,64,94,96,100" m="17439" machi="100" ten="30,3900,0" yaku="25,1,8,1,52,1" doraHai="4,88" who="2" fromWho="3" sc="250,0,250,0,250,39,250,-39" /><INIT seed="1,0,0,0,3,16" ten="250,250,289,211" oya="1" hai0="30,40,51,22,66,114,34,63,94,12,125,96,56" hai1="105,37,106,55,4,48,59,44,36,52,100,54,15" hai2="38,124,72,76,109,35,33,67,86,46,113,43,98" hai3="39,93,42,25,88,85,103,19,79,18,49,127,130"/><U73/><E73/><V81/><F109/><W3/><G39/><T29/><D114/><U118/><E118/><V132/><F113/><W41/><BYE who="0" /><G3/><UN n0="%E8%B6%85%E7%B4%9A%E9%B3%B3%E5%87%B0" /><T47/><D125/><U82/><E37/><V97/><F124/><W90/><G127/><T45/><D34/><U99/><E105/><V58/><F132/><W50/><G130/><T61/><D45/><U91/><E36/><V89/><F33/><W62/><G62/><T108/><D108/><U14/><E4/><V70/><BYE who="0" /><F35/><W20/><G103/><T92/><D92/><U53/><REACH who="1" step="1"/><E59/><REACH who="1" ten="250,240,289,211" step="2"/><V2/><F58/><W104/><G104/><T6/><D6/><U71/><E71/><V0/><F70/><UN n0="%E8%B6%85%E7%B4%9A%E9%B3%B3%E5%87%B0" /><W7/><G7/><T57/><D57/><U65/><E65/><V101/><F67/><W17/><G50/><T128/><D51/><U27/><E27/><V119/><F119/><W123/><G49/><T117/><D56/><U31/><E31/><V69/><F69/><W75/><G123/><T11/><D29/><U13/><E13/><V77/><F72/><W129/><G129/><T122/><D12/><U9/><E9/><V78/><F0/><W10/><G10/><T68/><D11/><U107/><E107/><N who="2" m="63919" /><F2/><W131/><G131/><T102/><D128/><U23/><E23/><V26/><F26/><W80/><REACH who="3" step="1"/><G90/><REACH who="3" ten="250,240,289,201" step="2"/><N who="0" m="55383" /><D117/><U135/><E135/><V110/><F110/><W84/><G84/><AGARI ba="0,2" hai="14,15,44,48,52,53,54,55,82,84,91,99,100,106" machi="84" ten="40,12000,1" yaku="1,1,54,1,53,2" doraHai="16" doraHaiUra="8" who="1" fromWho="3" sc="250,0,240,140,289,0,201,-120" /><INIT seed="1,1,0,4,1,68" ten="250,380,289,81" oya="1" hai0="102,38,94,134,29,0,8,124,55,114,32,105,25" hai1="36,49,74,52,73,133,130,40,92,71,44,5,23" hai2="30,83,106,37,123,59,7,27,39,64,122,35,80" hai3="11,12,97,120,118,67,84,41,127,60,20,126,78"/><U26/><E130/><V115/><F59/><W34/><G97/><T81/><D114/><U104/><E104/><V33/><F64/><W56/><G120/><N who="2" m="46121" /><F7/><W10/><G34/><N who="2" m="12809" /><F106/><W89/><G78/><T22/><D105/><U128/><E128/><V62/><F62/><W61/><G118/><T101/><D0/><U1/><E71/><V65/><F65/><W13/><G41/><T95/><D32/><U125/><E92/><V6/><F6/><W135/><G135/><T117/><D94/><U129/><E133/><V72/><F27/><W45/><G45/><T31/><D95/><U4/><E129/><V121/><F121/><W79/><G79/><T76/><D76/><U113/><E4/><V85/><F30/><W51/><G51/><T57/><D25/><U90/><E5/><V66/><F66/><W14/><G20/><T82/><D29/><U116/><E116/><V107/><F107/><W77/><G77/><T88/><D22/><U110/><E1/><V131/><F131/><W100/><G100/><T2/><D31/><U86/><E23/><V50/><F50/><W75/><G61/><T69/><D2/><U63/><E63/><V54/><F54/><W47/><G47/><T103/><D55/><U19/><E26/><V91/><F115/><W17/><G75/><T3/><D134/><U99/><E113/><V111/><F111/><W132/><G132/><T93/><D117/><U98/><E110/><V43/><F43/><W18/><REACH who="3" step="1"/><G13/><REACH who="3" ten="250,380,289,71" step="2"/><T112/><D112/><U109/><E109/><V87/><F72/><N who="1" m="27753" /><E49/><V70/><F70/><W58/><G58/><RYUUKYOKU ba="1,1" sc="250,-15,380,-15,289,15,71,15" hai2="37,39,80,83,85,87,91" hai3="10,11,12,14,17,18,56,60,67,84,89,126,127" /><INIT seed="2,2,1,2,0,21" ten="235,365,304,86" oya="2" hai0="13,22,96,8,32,9,115,53,87,68,92,52,114" hai1="89,134,24,86,119,105,113,108,65,12,127,91,82" hai2="132,6,31,69,57,44,70,48,133,1,37,64,7" hai3="54,50,109,121,123,19,72,55,56,106,18,126,29"/><V97/><F97/><W4/><G106/><T28/><D32/><U129/><E113/><V43/><F31/><W118/><G72/><T104/><D68/><N who="2" m="26218" /><F1/><W85/><G85/><T14/><D104/><U23/><E119/><V110/><F6/><W99/><G109/><T34/><D34/><U16/><E105/><V46/><F7/><W40/><G126/><T131/><D131/><U35/><E129/><V20/><F20/><W11/><G118/><T38/><D38/><U41/><E108/><V75/><F75/><W2/><BYE who="0" /><G40/><UN n0="%E8%B6%85%E7%B4%9A%E9%B3%B3%E5%87%B0" /><T94/><D22/><U128/><E128/><V5/><F5/><W36/><G36/><T84/><D96/><U73/><E73/><V15/><F15/><W124/><G124/><T3/><REACH who="0" step="1"/><D3/><REACH who="0" ten="225,365,304,86" step="2"/><U67/><E35/><V101/><F110/><W95/><G123/><T61/><D61/><U49/><E127/><V76/><F101/><W130/><G121/><T71/><D71/><U63/><E12/><V45/><F76/><W93/><G130/><T77/><D77/><U122/><E122/><V100/><F100/><W79/><G79/><T66/><D66/><U0/><E0/><V42/><F45/><N who="3" m="27983" /><G29/><AGARI ba="2,2" hai="8,9,13,14,28,29,52,53,84,87,92,94,114,115" machi="29" ten="25,12000,2" yaku="1,1,22,2,54,1,53,2" doraHai="21" doraHaiUra="111" who="0" fromWho="3" sc="225,146,365,0,304,0,86,-126" owari="371,47.1,365,16.5,304,-9.6,-40,-54.0" /></mjloggm>