<mjloggm ver="2.3"><GO type="225" lobby="0"/><UN n0="%6D%75%75%6D%75%72%61" n1="%E3%83%97%E3%83%AC%E3%83%B4%E3%82%A1%E3%83%86%E3%82%A3" n2="%E5%A4%8F%E9%88%B4%E9%88%B4%E5%A4%8F" n3="%E8%B6%85%E7%B4%9A%E9%B3%B3%E5%87%B0" dan="16,16,16,16" rate="2107.99,2138.75,2155.46,2134.68" sx="F,F,M,M"/><TAIKYOKU oya="0"/><INIT seed="0,0,0,3,0,102" ten="250,250,250,250" oya="0" hai0="11,99,58,90,72,61,79,17,97,88,101,96,23" hai1="3,126,95,42,57,8,110,21,130,41,5,113,56" hai2="37,33,1,73,134,10,98,94,65,104,43,34,62" hai3="28,128,115,119,60,105,4,63,89,35,76,64,80"/><T50/><BYE who="3" /><D101/><U111/><E126/><UN n3="%E8%B6%85%E7%B4%9A%E9%B3%B3%E5%87%B0" /><V53/><F53/><W123/><G115/><T51/><D11/><U131/><E113/><V16/><F134/><W116/><G128/><N who="1" m="49194" /><E95/><V107/><F94/><W55/><G123/><T54/><D79/><U52/><E56/><V91/><F91/><N who="0" m="34858" /><D72/><U69/><E21/><V86/><F16/><W106/><G89/><T121/><D121/><U125/><E69/><N who="2" m="42167" /><F86/><W0/><G55/><T22/><D22/><U92/><E92/><V15/><F73/><W67/><G4/><T81/><D81/><U124/><E42/><V24/><F98/><N who="0" m="25090" /><T78/><DORA hai="112" /><D78/><U40/><E40/><V74/><F74/><W44/><G0/><T47/><D47/><U87/><E87/><V25/><F43/><W77/><G44/><T84/><D84/><U9/><E41/><V7/><F1/><W2/><G2/><T82/><D82/><U19/><E19/><V100/><F100/><W118/><G118/><T31/><D31/><U49/><E8/><V135/><F10/><W133/><G28/><T114/><D114/><U27/><E27/><AGARI ba="0,0" hai="17,23,27,50,51,54,58,61" m="25090,34858" machi="27" ten="30,2900,0" yaku="8,1,54,1" doraHai="102,112" who="0" fromWho="1" sc="250,29,250,-29,250,0,250,0" /><INIT seed="0,1,0,4,0,109" ten="279,221,250,250" oya="0" hai0="72,94,0,12,102,25,60,50,103,8,4,119,108" hai1="128,116,34,1,41,11,49,26,51,106,35,133,45" hai2="54,112,84,21,52,65,87,134,30,127,124,6,36" hai3="66,67,18,97,29,89,62,3,9,83,33,74,69"/><T47/><D119/><U79/><E116/><V80/><F36/><W98/><G66/><T71/><D108/><U15/><E128/><V96/><F134/><W64/><G64/><T93/><D72/><U44/><E133/><V70/><F6/><W38/><G38/><T22/><D71/><U32/><E106/><V68/><F96/><W43/><G43/><T100/><D60/><U86/><E1/><V28/><F65/><W110/><G110/><T14/><D14/><U88/><E79/><V107/><F107/><W99/><G74/><T17/><REACH who="0" step="1"/><D0/><REACH who="0" ten="269,221,250,250" step="2"/><U111/><E111/><V130/><F130/><W123/><G3/><T75/><D75/><U13/><E26/><V10/><F68/><W132/><G62/><T90/><D90/><U27/><E27/><V82/><F70/><W37/><G69/><T63/><D63/><U23/><E23/><V57/><F21/><W121/><G89/><T76/><D76/><U5/><E15/><V105/><F10/><W92/><G9/><T58/><D58/><U101/><E101/><V81/><F57/><W42/><G132/><T114/><D114/><U125/><E125/><V55/><F112/><W24/><G24/><T19/><D19/><U113/><E113/><V61/><F61/><W85/><G67/><T20/><D20/><U7/><E7/><V115/><F115/><W77/><G18/><T59/><D59/><U129/><E129/><V104/><F124/><W122/><G77/><T78/><D78/><U118/><E118/><V126/><F126/><W40/><G121/><T39/><D39/><N who="1" m="21567" /><E45/><V73/><F127/><RYUUKYOKU ba="1,1" sc="269,15,221,15,250,-15,250,-15" hai0="4,8,12,17,22,25,47,50,93,94,100,102,103" hai1="5,11,13,32,34,35,49,51,86,88" /><INIT seed="0,2,1,5,2,58" ten="284,236,235,235" oya="0" hai0="56,63,20,115,61,25,26,93,95,106,23,46,130" hai1="44,22,37,103,75,50,64,48,116,129,8,69,83" hai2="28,112,71,3,88,5,21,16,114,43,40,98,125" hai3="12,108,41,60,126,86,119,32,117,29,87,18,123"/><T96/><D115/><U99/><E116/><V89/><F71/><W7/><G108/><T34/><D130/><U94/><E129/><V4/><F28/><W59/><G126/><T82/><D106/><U90/><E8/><V74/><F74/><W47/><G123/><T134/><D34/><U84/><E37/><V133/><F125/><W102/><G7/><N who="2" m="2633" /><F3/><W122/><G122/><T49/><D134/><U36/><E36/><V0/><F0/><W128/><G128/><T131/><D82/><U135/><E135/><V42/><F133/><W14/><G102/><T107/><D107/><U127/><E127/><V72/><F72/><W30/><G59/><T124/><D56/><U52/><E75/><V73/><F73/><W57/><G57/><T9/><D9/><U15/><E48/><V65/><F114/><W110/><G110/><T132/><D132/><U38/><E38/><V77/><F77/><W101/><G29/><N who="0" m="17575" /><D131/><U2/><E2/><V76/><F76/><W120/><G120/><T55/><D124/><U97/><E97/><V118/><F118/><W104/><G119/><T67/><D67/><U109/><E109/><V113/><F65/><W1/><G117/><T92/><D96/><U19/><E69/><V13/><F98/><W85/><G32/><T53/><D53/><U51/><E51/><V70/><F70/><W81/><G104/><T80/><D80/><U66/><AGARI ba="2,1" hai="15,19,22,44,50,52,64,66,83,84,90,94,99,103" machi="66" ten="30,4000,0" yaku="0,1,8,1,54,1" doraHai="58" who="1" fromWho="1" sc="284,-22,236,56,235,-12,235,-12" /><INIT seed="1,0,0,1,1,2" ten="262,292,223,223" oya="1" hai0="77,50,129,1,22,128,55,124,21,119,48,33,17" hai1="82,61,99,12,111,18,108,69,52,83,123,97,106" hai2="35,29,39,42,86,56,0,3,6,102,84,66,85" hai3="27,20,40,96,87,79,76,120,62,105,11,65,4"/><U31/><E123/><V5/><F0/><W98/><G120/><T64/><D119/><U134/><E31/><V81/><F3/><W109/><G109/><N who="1" m="42058" /><E69/><V90/><F39/><W115/><G115/><T63/><D33/><U30/><E30/><V133/><F133/><W72/><G40/><T73/><D124/><U104/><E134/><V8/><F42/><W75/><G87/><N who="2" m="33353" /><F35/><W93/><G105/><N who="1" m="40554" /><E83/><V117/><F117/><W58/><G75/><T23/><D73/><U26/><E82/><V114/><F114/><W95/><G72/><T116/><D116/><U135/><E26/><V19/><F29/><W38/><G38/><T67/><D77/><U14/><E135/><V80/><F102/><W13/><G95/><T24/><D1/><U110/><N who="1" m="42066" /><U127/><DORA hai="60" /><E127/><V118/><F80/><W112/><G112/><T47/><D63/><U36/><E36/><V126/><F126/><W37/><G37/><T28/><D28/><U107/><N who="1" m="40562" /><U59/><DORA hai="34" /><E14/><N who="2" m="7623" /><F118/><W74/><G74/><T132/><D50/><U121/><E121/><V91/><F90/><W100/><G98/><T68/><D132/><U43/><E43/><V25/><F25/><W54/><G54/><T46/><D68/><U51/><E51/><V131/><F131/><N who="0" m="50250" /><D55/><U113/><E113/><V78/><F78/><W70/><G70/><T53/><D47/><U10/><AGARI ba="0,0" hai="10,12,18,52,59,61,97,99" m="40562,42066" machi="10" ten="60,11700,0" yaku="14,1,10,1,54,1" doraHai="2,60,34" who="1" fromWho="1" sc="262,-39,292,117,223,-39,223,-39" /><INIT seed="1,1,0,2,4,91" ten="223,409,184,184" oya="1" hai0="86,61,54,25,107,2,52,69,40,20,60,120,44" hai1="19,108,66,92,14,130,102,104,88,28,32,38,84" hai2="39,81,15,124,27,82,76,125,114,75,50,110,43" hai3="11,17,80,132,57,36,68,103,24,97,73,128,118"/><U4/><E38/><V93/><F110/><W96/><G68/><T13/><D120/><U55/><E108/><V33/><F114/><W34/><G36/><T6/><D2/><U71/><E130/><V95/><F39/><W10/><G128/><T0/><D0/><U7/><E55/><V117/><F117/><W59/><G118/><T29/><D107/><U77/><E77/><N who="2" m="44223" /><F15/><W48/><G132/><T56/><D69/><U53/><E53/><V94/><F33/><W23/><G34/><T45/><D86/><U46/><E46/><N who="2" m="25951" /><F27/><W67/><G97/><T1/><D1/><U21/><E32/><V111/><F111/><W115/><G115/><T26/><D26/><U74/><E28/><V116/><F116/><W12/><G48/><T133/><D133/><U83/><E74/><V9/><F9/><W90/><G67/><T89/><D40/><U100/><E104/><V62/><F62/><W105/><G10/><N who="0" m="4311" /><D89/><N who="1" m="51359" /><E66/><V3/><F3/><W58/><G90/><T72/><D72/><U101/><E71/><V5/><F5/><W85/><G73/><T64/><D64/><U18/><E18/><V41/><F41/><W8/><G24/><T49/><D61/><U127/><E127/><N who="2" m="48715" /><F76/><W123/><G123/><T129/><D129/><U99/><AGARI ba="1,0" hai="4,7,14,19,21,88,92,99,100,101,102" m="51359" machi="99" ten="30,6000,0" yaku="8,1,52,1,54,1" doraHai="91" who="1" fromWho="1" sc="223,-21,409,63,184,-21,184,-21" /><INIT seed="1,2,0,1,0,71" ten="202,472,163,163" oya="1" hai0="130,43,52,61,27,112,24,26,97,13,70,107,104" hai1="92,53,103,63,111,110,14,94,32,132,12,135,124" hai2="133,98,73,18,29,119,86,121,30,3,65,56,16" hai3="11,15,83,5,4,95,55,134,108,48,2,47,123"/><U128/><E32/><V81/><F3/><W102/><G123/><T67/><D112/><U75/><E75/><V93/><F73/><W89/><G108/><N who="1" m="41514" /><E124/><V120/><F119/><W82/><G102/><T74/><D130/><U91/><E128/><V87/><F133/><N who="1" m="51273" /><E103/><N who="2" m="60879" /><F121/><W105/><G105/><T79/><D43/><U39/><E39/><V116/><F87/><W114/><G134/><T60/><D97/><N who="1" m="57503" /><E94/><V34/><F34/><W41/><G114/><T64/><D79/><U96/><E96/><V35/><F35/><W57/><G2/><T66/><D74/><U129/><E129/><V37/><F37/><W100/><G100/><T7/><D70/><U58/><AGARI ba="2,0" hai="12,14,53,58,63" m="57503,51273,41514" machi="58" ten="40,7800,0" yaku="14,1,10,1,20,1" doraHai="71" who="1" fromWho="1" sc="202,-28,472,84,163,-28,163,-28" /><INIT seed="1,3,0,2,2,77" ten="174,556,135,135" oya="1" hai0="2,0,58,114,64,6,65,85,59,66,109,48,104" hai1="7,9,24,73,39,5,108,50,1,121,89,78,69" hai2="118,112,61,115,27,117,106,88,124,90,95,47,62" hai3="10,20,34,37,107,102,14,125,101,56,46,100,22"/><U38/><E121/><V131/><F106/><W13/><G34/><T52/><D114/><N who="2" m="43562" /><F131/><W126/><G107/><T75/><D75/><U63/><E7/><V71/><F124/><N who="3" m="47723" /><G56/><T130/><D104/><U86/><E108/><V82/><F47/><W8/><G46/><T55/><D109/><U70/><E24/><V40/><F40/><W42/><G42/><T122/><D130/><U18/><E18/><V105/><F105/><W98/><G98/><T110/><D110/><U127/><E127/><V80/><F27/><W54/><G54/><T119/><D119/><N who="2" m="45578" /><F90/><W57/><G57/><T94/><D122/><U33/><E33/><V23/><F23/><N who="3" m="8747" /><G37/><T134/><D134/><U123/><E123/><V111/><F111/><W41/><G41/><T53/><D6/><U87/><E50/><V26/><F26/><W72/><G72/><T51/><D55/><U31/><E31/><V132/><F132/><W60/><G60/><N who="2" m="23145" /><F71/><W79/><G79/><T96/><D85/><AGARI ba="3,0" hai="80,82,85,88,95" m="23145,45578,43562" machi="85" ten="30,7700,0" yaku="11,1,52,2,54,1" doraHai="77" who="2" fromWho="0" sc="174,-86,556,0,135,86,135,0" /><INIT seed="2,0,0,3,4,70" ten="88,556,221,135" oya="2" hai0="103,37,63,10,110,25,50,134,71,66,14,9,124" hai1="17,18,5,1,43,7,23,86,116,79,74,92,65" hai2="75,107,59,108,99,55,4,101,131,27,130,22,34" hai3="2,60,19,57,20,29,87,69,104,133,126,40,135"/><V38/><F75/><W94/><G2/><T117/><D110/><U33/><E116/><V8/><F34/><W102/><G104/><T85/><D117/><U77/><E33/><V36/><F108/><W68/><G126/><T58/><D124/><U45/><E65/><V42/><F42/><W35/><G40/><T31/><D134/><N who="3" m="51209" /><G35/><T115/><D115/><U90/><E74/><V3/><F130/><W48/><G29/><T30/><D37/><U39/><E18/><V54/><F54/><N who="3" m="31943" /><G60/><T76/><D103/><U21/><E21/><V128/><F128/><W114/><G114/><T32/><D31/><U111/><E111/><V95/><F107/><W82/><G102/><T56/><D50/><U83/><E1/><V127/><F131/><W6/><G6/><T16/><REACH who="0" step="1"/><D10/><REACH who="0" ten="78,556,221,135" step="2"/><U52/><E39/><V121/><F127/><W84/><G69/><T44/><D44/><U93/><E45/><V53/><F36/><W62/><G68/><T78/><D78/><U41/><E79/><V47/><F38/><W122/><G122/><T11/><D11/><U51/><E77/><V118/><F118/><W106/><G62/><T49/><D49/><U113/><E113/><V81/><F47/><W109/><G109/><T28/><D28/><U120/><E43/><V123/><F101/><W132/><G132/><T80/><AGARI ba="0,1" hai="9,14,16,25,30,32,56,58,63,66,71,76,80,85" machi="80" ten="30,4000,0" yaku="1,1,0,1,54,1,53,0" doraHai="70" doraHaiUra="129" who="0" fromWho="0" sc="78,50,556,-10,221,-20,135,-10" /><INIT seed="3,0,0,0,2,39" ten="128,546,201,125" oya="3" hai0="125,24,84,110,44,0,36,62,34,94,73,99,23" hai1="65,41,60,31,32,7,121,10,42,37,134,51,104" hai2="114,111,81,129,27,38,74,87,69,67,47,21,63" hai3="76,3,80,126,14,90,100,19,86,98,135,58,22"/><W101/><G3/><T49/><D73/><U102/><E121/><V97/><F74/><W107/><G126/><T56/><D125/><U12/><E37/><V123/><F114/><W118/><G118/><T70/><D34/><U128/><E134/><V16/><F111/><W57/><G135/><T25/><D0/><U15/><E15/><V115/><F115/><W117/><G117/><T68/><D36/><U1/><E51/><V9/><F129/><W109/><G109/><T43/><D84/><U89/><E89/><V96/><F123/><W64/><G64/><T61/><D61/><U95/><E128/><V53/><F9/><W40/><G101/><T20/><D110/><U82/><E82/><V54/><F54/><W52/><G40/><T33/><D33/><U8/><E95/><V122/><F122/><W85/><REACH who="3" step="1"/><G52/><REACH who="3" ten="128,546,201,115" step="2"/><N who="0" m="34055" /><D70/><N who="1" m="42279" /><E1/><V66/><F66/><W75/><G75/><T113/><D68/><U103/><E103/><V132/><F132/><W88/><G88/><N who="0" m="55751" /><D113/><U91/><E91/><V72/><F72/><W50/><G50/><T46/><D46/><U4/><E42/><V127/><F127/><W124/><G124/><T55/><D55/><U18/><E41/><N who="2" m="22967" /><F53/><W26/><G26/><AGARI ba="0,1" hai="20,23,24,25,26,43,44,49" m="55751,34055" machi="26" ten="30,7700,0" yaku="8,1,52,1,54,2" doraHai="39" who="0" fromWho="3" sc="128,87,546,0,201,0,115,-77" owari="215,1.5,546,64.6,201,-19.9,38,-46.2" /></mjloggm>