<mjloggm ver="2.3"><GO type="225" lobby="0"/><UN n0="%E7%AD%89%E3%80%85%E5%8A%9B%E5%8A%87%E5%A0%B4" n1="%6D%75%75%6D%75%72%61" n2="%E9%B3%B3%E6%9D%B1%E3%81%AE%E3%81%86%E3%81%95%E3%81%8E%E3%81%95%E3%82%93" n3="%E3%82%BC%E3%83%AB%E3%83%80%E3%81%AE%E4%BC%9D%E8%AA%AC" dan="16,16,17,16" rate="2174.00,2129.98,2257.96,2202.27" sx="M,F,M,M"/><TAIKYOKU oya="0"/><INIT seed="0,0,0,1,3,36" ten="250,250,250,250" oya="0" hai0="110,55,69,103,115,113,28,76,57,134,9,41,71" hai1="121,77,51,7,33,49,98,91,3,133,127,126,72" hai2="1,67,45,95,39,40,27,8,18,4,73,61,6" hai3="20,88,44,111,102,87,117,119,108,131,48,132,106"/><T74/><D103/><U17/><E121/><V19/><F4/><W65/><G65/><T81/><D134/><U123/><E123/><V107/><F107/><W43/><G132/><T11/><D28/><U59/><E133/><V94/><F73/><W34/><G34/><T22/><D110/><N who="3" m="42025" /><G131/><T62/><D22/><U96/><E33/><V70/><REACH who="2" step="1"/><F27/><REACH who="2" ten="250,250,240,250" step="2"/><W97/><G20/><T26/><D26/><U5/><E5/><V46/><F46/><W84/><G84/><T53/><D74/><U23/><E72/><V116/><F116/><W129/><G129/><T58/><D9/><U85/><E7/><V50/><F50/><W135/><G135/><T56/><D11/><U100/><E51/><V79/><F79/><W122/><G122/><T60/><D76/><U35/><E77/><V86/><F86/><W120/><G120/><T104/><D104/><U124/><E49/><V37/><F37/><W54/><G54/><T93/><D55/><U29/><E85/><V32/><F32/><W25/><G25/><T114/><D53/><U2/><E35/><V101/><F101/><W21/><G21/><T83/><D115/><U78/><E78/><V10/><F10/><W52/><G52/><T112/><D114/><U42/><E100/><V16/><AGARI ba="0,1" hai="1,6,8,16,18,19,39,40,45,61,67,70,94,95" machi="16" ten="30,7900,0" yaku="1,1,0,1,52,1,54,1,53,0" doraHai="36" doraHaiUra="128" who="2" fromWho="2" sc="250,-39,250,-20,240,89,250,-20" /><INIT seed="1,0,0,5,3,110" ten="211,230,329,230" oya="1" hai0="111,95,29,25,6,23,93,52,62,55,105,79,65" hai1="88,117,39,24,10,72,132,125,114,126,46,133,68" hai2="135,30,5,99,18,63,70,3,100,47,43,51,27" hai3="56,26,38,67,85,103,104,124,98,94,81,14,22"/><U8/><E117/><V31/><F135/><N who="1" m="51785" /><E72/><V122/><F122/><W130/><G38/><T116/><D116/><U60/><E24/><V35/><F30/><W28/><G124/><N who="1" m="47722" /><E114/><V127/><F127/><W17/><G130/><T42/><D111/><U96/><E68/><V11/><F18/><W86/><G104/><T115/><D105/><U71/><E71/><V91/><F91/><W89/><G86/><T2/><D115/><U77/><E77/><V57/><F70/><W112/><G112/><T108/><D108/><U36/><E60/><V118/><F118/><W59/><REACH who="3" step="1"/><G67/><REACH who="3" ten="211,230,329,220" step="2"/><T119/><D65/><U16/><E39/><V102/><F99/><W107/><G107/><T41/><D119/><U75/><E75/><V134/><F134/><W83/><G83/><T74/><D74/><U33/><E33/><AGARI ba="0,1" hai="14,17,22,26,28,33,56,59,81,85,89,94,98,103" machi="33" ten="30,2000,0" yaku="1,1,7,1,53,0" doraHai="110" doraHaiUra="66" who="3" fromWho="1" sc="211,0,230,-20,329,0,220,30" /><INIT seed="2,0,0,3,4,96" ten="211,210,329,250" oya="2" hai0="29,6,80,26,134,114,47,79,75,125,12,15,87" hai1="24,30,19,81,117,31,36,93,69,51,84,119,116" hai2="102,45,22,112,89,88,85,63,110,122,123,82,72" hai3="97,4,71,61,55,28,78,57,113,103,131,133,118"/><V54/><F112/><W58/><G118/><T42/><D114/><U17/><E36/><V124/><F72/><W11/><G113/><T70/><D70/><U67/><E51/><V77/><F124/><W16/><G71/><T100/><D134/><U8/><E69/><V49/><F110/><W73/><G133/><T98/><D125/><U121/><E67/><V25/><F102/><W90/><G131/><T32/><D6/><U20/><E121/><V27/><F27/><W46/><G28/><T111/><D75/><U53/><E53/><V108/><F108/><W120/><G120/><T64/><D64/><U43/><E43/><V38/><F38/><W66/><G90/><T3/><D3/><U104/><E104/><V92/><F63/><W56/><G78/><T44/><D111/><U65/><E65/><V52/><F54/><W2/><G73/><T37/><REACH who="0" step="1"/><D47/><REACH who="0" ten="201,210,329,250" step="2"/><U115/><E115/><V76/><F123/><W130/><G130/><T86/><D86/><U94/><E116/><V10/><F122/><W60/><G66/><T101/><D101/><U105/><E117/><V33/><F45/><W23/><G46/><T68/><D68/><U9/><E119/><V74/><F74/><W14/><REACH who="3" step="1"/><G61/><REACH who="3" ten="201,210,329,240" step="2"/><T50/><D50/><U1/><E84/><V21/><F49/><W34/><G34/><T7/><D7/><U129/><E129/><V126/><F33/><W0/><G0/><T35/><D35/><U109/><E1/><V107/><F85/><W48/><G48/><T62/><D62/><U91/><E109/><V128/><F128/><W95/><AGARI ba="0,2" hai="2,4,11,14,16,23,55,56,57,58,60,95,97,103" machi="95" ten="20,12000,2" yaku="1,1,5,1,0,1,7,1,52,1,54,1,53,1" doraHai="96" doraHaiUra="5" who="3" fromWho="3" sc="201,-30,210,-30,329,-60,240,140" /><INIT seed="3,0,0,3,3,7" ten="171,180,269,380" oya="3" hai0="12,132,13,15,65,64,119,97,122,0,39,107,16" hai1="44,43,133,72,95,105,47,70,10,31,46,22,52" hai2="55,87,114,67,76,2,73,9,106,4,35,126,77" hai3="113,62,8,30,88,78,26,66,130,85,98,99,129"/><W23/><G113/><T84/><D119/><U94/><E105/><V127/><F114/><W90/><G78/><T123/><D0/><U118/><E70/><V25/><F106/><W89/><G85/><T120/><D39/><U56/><E72/><V104/><F104/><W28/><G28/><T117/><D117/><U45/><E118/><V58/><F67/><W112/><G8/><T1/><D1/><U82/><E133/><V110/><F73/><W101/><G112/><T27/><D132/><U50/><E82/><V49/><F110/><W36/><G36/><T79/><D79/><U111/><E10/><V20/><F35/><W103/><G99/><T135/><D135/><U109/><E109/><V91/><F127/><W75/><G75/><T14/><D27/><N who="1" m="16887" /><E111/><V100/><F100/><W5/><G5/><T6/><D6/><U53/><E53/><V108/><F126/><W24/><G24/><T131/><D131/><N who="3" m="50185" /><G98/><T19/><D84/><U3/><E3/><V32/><F32/><W80/><G80/><T21/><REACH who="0" step="1"/><D19/><REACH who="0" ten="161,180,269,380" step="2"/><U11/><E11/><V102/><F108/><W128/><G128/><T69/><D69/><AGARI ba="0,1" hai="23,26,30,62,66,69,88,89,90,101,103" m="50185" machi="69" ten="30,2900,0" yaku="19,1,54,1" doraHai="7" who="3" fromWho="0" sc="161,-29,180,0,269,0,380,39" owari="132,-36.8,180,-22.0,269,6.9,419,51.9" /></mjloggm>