<mjloggm ver="2.3"><GO type="225" lobby="0"/><UN n0="%E3%81%B5%E3%81%98%E3%81%8B%E3%81%A4" n1="%E3%82%A2%E3%83%BC%E3%83%A2%E3%83%AD%E3%83%BC%E3%83%B4%E3%82%A1" n2="%48%61%61%61%6C%61%6E%64" n3="%E3%81%8C%E3%81%9F" dan="16,16,18,17" rate="2207.97,2150.45,2279.02,2155.88" sx="M,M,M,F"/><TAIKYOKU oya="0"/><INIT seed="0,0,0,0,3,94" ten="250,250,250,250" oya="0" hai0="79,85,80,2,119,117,33,4,132,104,42,87,116" hai1="115,1,61,114,52,70,81,90,110,109,23,134,111" hai2="50,92,118,89,126,38,135,76,45,8,100,128,68" hai3="130,84,113,123,34,75,131,27,125,20,101,24,40"/><T29/><D132/><U69/><E1/><V66/><F135/><W11/><G113/><N who="1" m="43018" /><E134/><V25/><F126/><W53/><G75/><T22/><D42/><U46/><E23/><V83/><F128/><N who="3" m="49195" /><G125/><T41/><D104/><U19/><E19/><V16/><F118/><W31/><G123/><T98/><D41/><U78/><E90/><V77/><F38/><W30/><G40/><T65/><D65/><U93/><E93/><V51/><F66/><W60/><G84/><T9/><D33/><U21/><E21/><N who="2" m="13479" /><F68/><W15/><G101/><T44/><D44/><U13/><E13/><V129/><F129/><W67/><G53/><T112/><D112/><U55/><E46/><V88/><F45/><W5/><G60/><T54/><D54/><N who="1" m="20523" /><E61/><V74/><F100/><W82/><G82/><T106/><D22/><U62/><E62/><V39/><F83/><W127/><G67/><T91/><D29/><U58/><E58/><V6/><F92/><W57/><G57/><T56/><D56/><U102/><E102/><V35/><F35/><N who="3" m="20935" /><G127/><T107/><REACH who="0" step="1"/><D98/><REACH who="0" ten="240,250,250,250" step="2"/><U12/><E69/><V86/><F39/><W18/><G34/><T17/><D17/><AGARI ba="0,1" hai="5,11,15,17,18,20,27,31" m="20935,49195" machi="17" ten="30,3900,0" yaku="19,1,34,2" doraHai="94" who="3" fromWho="0" sc="240,-39,250,0,250,0,250,49" /><INIT seed="1,0,0,0,0,134" ten="201,250,250,299" oya="1" hai0="108,54,36,135,107,105,39,76,79,113,84,123,49" hai1="20,41,90,95,28,35,22,45,29,14,65,104,83" hai2="109,102,27,25,112,55,75,9,1,56,66,117,50" hai3="48,116,5,120,7,26,0,11,126,96,127,100,85"/><U128/><E104/><V71/><F117/><W86/><G120/><T13/><D113/><U18/><E128/><V68/><F75/><W73/><G116/><T94/><D123/><U47/><E35/><V23/><F112/><W121/><G121/><T40/><D135/><U132/><E132/><V98/><F109/><W43/><G73/><T131/><D131/><U59/><E83/><V31/><F66/><W44/><G26/><T53/><D108/><U46/><E41/><V61/><F50/><W42/><G42/><T4/><D40/><U110/><E110/><V15/><F1/><W16/><G16/><T103/><D4/><U77/><E77/><V125/><F25/><W133/><G5/><T34/><D34/><U119/><E22/><V60/><F60/><W19/><G19/><T10/><D79/><U52/><E65/><V70/><F125/><N who="3" m="47627" /><G133/><T64/><D64/><U74/><E74/><V24/><F27/><W69/><G69/><T99/><D36/><U114/><E114/><V72/><F72/><W106/><AGARI ba="0,0" hai="0,7,11,43,44,48,85,86,96,100,106" m="47627" machi="106" ten="30,7900,0" yaku="18,1,52,3" doraHai="134" who="3" fromWho="3" sc="201,-20,250,-39,250,-20,299,79" /><INIT seed="2,0,0,3,3,31" ten="181,211,230,378" oya="2" hai0="112,80,45,69,2,83,130,22,102,61,66,88,133" hai1="100,74,99,55,125,33,48,40,116,16,59,65,28" hai2="122,72,24,68,86,111,91,67,50,78,54,73,98" hai3="49,77,101,46,43,90,25,8,76,0,82,87,105"/><V70/><F122/><W114/><G114/><T126/><D112/><U108/><E116/><V107/><F111/><W14/><G0/><T109/><D109/><U104/><E108/><V23/><F78/><W3/><G3/><T35/><D2/><U57/><E74/><V121/><F121/><W129/><G129/><T131/><D102/><U81/><E125/><V134/><F134/><W60/><G105/><T51/><D126/><U20/><E40/><V71/><F67/><W94/><G25/><T123/><D123/><U135/><E81/><V79/><F79/><W115/><G60/><T9/><D9/><U64/><E59/><V29/><F98/><N who="3" m="59607" /><G115/><T34/><D133/><U4/><E4/><AGARI ba="0,0" hai="4,8,14,43,46,49,76,77,82,87,90" m="59607" machi="4" ten="30,1000,0" yaku="8,1" doraHai="31" who="3" fromWho="1" sc="181,0,211,-10,230,0,378,10" /><INIT seed="3,0,0,1,2,16" ten="181,201,230,388" oya="3" hai0="34,26,2,118,78,8,81,58,60,1,90,25,49" hai1="18,128,85,62,108,104,24,87,110,36,30,53,131" hai2="116,106,127,95,42,7,9,84,47,133,97,98,54" hai3="19,135,125,99,103,37,115,38,76,20,3,28,130"/><W72/><BYE who="2" /><G115/><UN n2="%48%61%61%61%6C%61%6E%64" /><T57/><D118/><U100/><E36/><V17/><F116/><W101/><G3/><T134/><D134/><U114/><E114/><V120/><F133/><W126/><G28/><T73/><D90/><U122/><E18/><V121/><F17/><W56/><G130/><N who="1" m="49706" /><E122/><N who="2" m="47211" /><F54/><W14/><G135/><T43/><D34/><N who="1" m="20807" /><E104/><V12/><F106/><W132/><G132/><T94/><D1/><U5/><E100/><V79/><F127/><W107/><G101/><T86/><D2/><U23/><E5/><V4/><F4/><W45/><G56/><T0/><D0/><U15/><E15/><V113/><F113/><W61/><G61/><T69/><D69/><U75/><E75/><V68/><F68/><W111/><G111/><N who="1" m="42538" /><E23/><V89/><F79/><W80/><G45/><N who="0" m="25791" /><D73/><U22/><E22/><V27/><F27/><N who="0" m="10250" /><D8/><U124/><E124/><AGARI ba="0,0" hai="14,19,20,37,38,72,76,80,99,103,107,124,125,126" machi="124" ten="40,3900,0" yaku="18,1,52,1" doraHai="16" who="3" fromWho="1" sc="181,0,201,-39,230,0,388,39" owari="181,-21.9,162,-33.8,230,3.0,427,52.7" /></mjloggm>