<mjloggm ver="2.3"><GO type="225" lobby="0"/><UN n0="%E7%B4%94%E6%BD%94%E3%83%94%E3%83%A9%E3%83%8B%E3%82%A2" n1="%E3%82%89%E3%81%84%E3%81%B5%E3%81%8C%E3%83%BC%E3%81%A9%E3%81%99%E3%81%8D" n2="%E3%81%AF%E3%82%88%E3%81%8A%E3%81%98%E3%81%95%E3%82%93" n3="%E3%82%BC%E3%83%AB%E3%83%80%E3%81%AE%E4%BC%9D%E8%AA%AC" dan="17,17,17,17" rate="2126.09,2150.56,2169.59,2177.56" sx="M,M,M,M"/><TAIKYOKU oya="0"/><INIT seed="0,0,0,1,2,83" ten="250,250,250,250" oya="0" hai0="9,31,99,63,46,87,84,52,64,33,78,43,70" hai1="13,67,119,131,85,61,11,62,56,103,16,24,49" hai2="23,58,17,32,107,48,114,66,59,2,89,93,71" hai3="25,65,69,28,7,121,122,96,88,41,100,53,57"/><T82/><D33/><U36/><E131/><V4/><F107/><W92/><G41/><T104/><D31/><U20/><E119/><V72/><F32/><W94/><G7/><T3/><D99/><U115/><E115/><V68/><F72/><W55/><G69/><T39/><D104/><U19/><E36/><V90/><F114/><W133/><G133/><T8/><D3/><U50/><E103/><V123/><F123/><N who="3" m="47115" /><G65/><T134/><D134/><U44/><E44/><V86/><F90/><W108/><G57/><T54/><REACH who="0" step="1"/><D84/><REACH who="0" ten="240,250,250,250" step="2"/><U116/><E116/><V112/><F112/><W111/><G111/><T5/><D5/><U40/><E40/><V15/><F4/><W98/><G108/><T27/><D27/><U21/><E85/><V12/><F2/><W42/><G42/><T125/><D125/><U126/><E126/><V0/><F0/><W73/><G73/><T113/><D113/><U30/><E62/><N who="2" m="38231" /><F12/><AGARI ba="0,1" hai="11,12,13,16,19,20,21,24,30,49,50,56,61,67" machi="12" ten="30,3900,0" yaku="7,1,8,1,54,1" doraHai="83" who="1" fromWho="2" sc="240,0,250,49,250,-39,250,0" /><INIT seed="1,0,0,0,1,36" ten="240,299,211,250" oya="1" hai0="125,46,131,14,29,109,113,115,132,11,84,28,83" hai1="30,32,16,64,106,117,111,19,128,118,107,10,62" hai2="101,77,120,24,0,67,53,103,99,38,18,105,108" hai3="63,87,2,57,124,81,5,116,86,82,43,6,92"/><U96/><E128/><V91/><F120/><W27/><G124/><T23/><D109/><U94/><E111/><V97/><F108/><W126/><G126/><T102/><D125/><U114/><E114/><V48/><F38/><W80/><G116/><T78/><D131/><U119/><E10/><V66/><F0/><W41/><G27/><T75/><D132/><U20/><E32/><V39/><F39/><W8/><G6/><T71/><D71/><U93/><E30/><V79/><F91/><W33/><G33/><T45/><D102/><U40/><E20/><V42/><F42/><W95/><G95/><T89/><D113/><U12/><E40/><V76/><F18/><W13/><G2/><T35/><D35/><U98/><E62/><V121/><F24/><W68/><G68/><T3/><D3/><U56/><E56/><V25/><F25/><W134/><G134/><T100/><D100/><U59/><E59/><V26/><F26/><W9/><G9/><T130/><D23/><U70/><E70/><V112/><F121/><W54/><G86/><T60/><D60/><U31/><E118/><V17/><F17/><W133/><G133/><T90/><D115/><U49/><E117/><V61/><F61/><W72/><G72/><T73/><D75/><U44/><E119/><V74/><F74/><W34/><G34/><T21/><D21/><U65/><E31/><N who="0" m="11849" /><D130/><U1/><E1/><V50/><F112/><W104/><G104/><T7/><D73/><U69/><E69/><V4/><F4/><W52/><G54/><T15/><D15/><U58/><E12/><RYUUKYOKU ba="0,0" sc="240,15,299,-15,211,-15,250,15" hai0="7,11,14,45,46,78,83,84,89,90" hai3="5,8,13,41,43,52,57,63,80,81,82,87,92" /><INIT seed="2,1,0,3,0,44" ten="255,284,196,265" oya="2" hai0="84,10,61,0,119,100,76,77,59,95,24,21,4" hai1="121,127,90,125,23,20,129,5,6,34,29,35,58" hai2="74,14,40,60,66,31,96,51,122,131,22,85,126" hai3="114,17,13,130,19,99,71,78,116,56,98,83,11"/><V33/><F122/><W117/><G71/><T86/><D119/><U32/><E58/><N who="2" m="37143" /><F74/><W106/><G130/><T26/><D26/><N who="1" m="16607" /><E90/><V63/><F33/><W132/><G132/><T124/><D124/><N who="1" m="47691" /><E121/><V89/><F131/><W88/><G114/><T92/><D84/><U7/><E129/><V93/><F126/><W81/><G56/><T68/><D68/><U110/><E110/><V103/><F63/><W3/><G3/><T16/><D100/><U109/><E109/><V30/><F14/><W47/><G47/><T37/><D37/><U107/><E107/><V108/><F108/><W133/><G133/><T72/><D72/><U25/><E34/><V28/><F22/><W42/><G42/><T105/><D105/><U55/><E55/><V39/><F39/><W73/><G19/><AGARI ba="1,0" hai="5,6,7,19,20,25,32,35" m="47691,16607" machi="19" ten="30,3900,0" yaku="18,1,34,2" doraHai="44" who="1" fromWho="3" sc="255,0,284,42,196,0,265,-42" /><INIT seed="3,0,0,4,0,118" ten="255,326,196,223" oya="3" hai0="89,70,124,40,55,102,47,58,49,105,84,62,106" hai1="50,79,12,127,16,2,8,129,33,77,37,73,41" hai2="17,64,22,31,100,81,123,10,112,34,110,135,125" hai3="119,21,20,66,27,44,85,59,43,61,51,9,130"/><W114/><G114/><T87/><D124/><U96/><E37/><V76/><F112/><W36/><G119/><T120/><D120/><U30/><E73/><V128/><F125/><W15/><G130/><T121/><D121/><U18/><E2/><V48/><F123/><W90/><G36/><T24/><D84/><U98/><E33/><V132/><F128/><W109/><G27/><T99/><D24/><U53/><E41/><V86/><F110/><W14/><G109/><T80/><D70/><U0/><E0/><V69/><F100/><W54/><G43/><T46/><D46/><N who="1" m="27863" /><E129/><V103/><F103/><W113/><G15/><T13/><D13/><N who="1" m="7207" /><E30/><V107/><F107/><AGARI ba="0,0" hai="40,47,49,55,58,62,80,87,89,99,102,105,106,107" machi="107" ten="30,1000,0" yaku="7,1" doraHai="118" who="0" fromWho="2" sc="255,10,326,0,196,-10,223,0" owari="265,6.5,326,42.6,186,-31.4,223,-17.7" /></mjloggm>