<mjloggm ver="2.3"><GO type="225" lobby="0"/><UN n0="%E3%81%8B%E3%82%8F%E3%81%A1%E3%82%83%E3%82%93%35%38" n1="%E5%B8%86%E7%AB%8B%E5%A4%8F%E8%A1%A3" n2="%6C%61%6D%62" n3="%72%69%6F%75%63%68%61%6E" dan="16,16,16,16" rate="2135.00,2110.01,2123.11,2163.01" sx="M,M,M,M"/><TAIKYOKU oya="0"/><INIT seed="0,0,0,5,2,60" ten="250,250,250,250" oya="0" hai0="133,64,126,123,85,4,89,41,3,92,12,103,87" hai1="78,93,65,124,107,98,125,48,95,59,1,74,5" hai2="66,20,67,88,82,113,81,131,44,27,105,53,119" hai3="54,21,63,121,127,75,108,132,118,102,42,36,47"/><T40/><D123/><U33/><E33/><V109/><F113/><W58/><G118/><T18/><D126/><N who="1" m="48747" /><E1/><V52/><F105/><W11/><G127/><T29/><D133/><U28/><E28/><V0/><F0/><W111/><G132/><T100/><D3/><U57/><E5/><V73/><F109/><N who="3" m="42059" /><G75/><T23/><D4/><U32/><E32/><V79/><F131/><W31/><G121/><T129/><D129/><U9/><E9/><V51/><F119/><W30/><G102/><N who="0" m="38955" /><D64/><N who="2" m="24618" /><F73/><W77/><G77/><T46/><D46/><U97/><E78/><V80/><F79/><W86/><G86/><N who="0" m="32779" /><D29/><N who="3" m="10761" /><G21/><T61/><D61/><N who="1" m="38063" /><E74/><V76/><F76/><W50/><G11/><T120/><D120/><U101/><E98/><AGARI ba="0,0" hai="12,18,23,40,41,89,92,98" m="32779,38955" machi="98" ten="30,1500,0" yaku="8,1" doraHai="60" who="0" fromWho="1" sc="250,15,250,-15,250,0,250,0" /><INIT seed="0,1,0,1,1,5" ten="265,235,250,250" oya="0" hai0="101,32,50,41,124,18,87,34,61,117,95,73,69" hai1="33,51,46,16,116,60,71,107,123,112,27,59,130" hai2="78,98,104,88,40,114,110,12,83,14,35,0,90" hai3="58,37,129,31,45,55,11,68,134,8,103,89,1"/><T24/><D117/><U28/><E116/><V91/><F0/><W49/><G129/><T111/><D73/><U42/><E112/><V132/><F114/><W92/><G134/><T15/><D69/><U74/><E123/><V120/><F120/><W108/><G108/><T36/><D36/><U63/><E130/><V20/><F35/><W30/><G68/><T109/><D61/><U96/><E74/><V126/><F110/><N who="0" m="41994" /><D24/><U10/><E71/><V81/><F126/><W76/><G76/><T102/><D102/><U119/><E119/><V64/><F40/><N who="3" m="24743" /><G1/><T48/><D48/><U75/><E75/><V38/><F38/><W52/><G37/><T131/><D131/><U84/><E84/><V43/><F43/><W72/><G103/><T3/><D3/><U86/><E86/><V105/><F132/><W128/><G72/><T2/><D2/><U26/><E26/><V22/><F98/><N who="3" m="57615" /><G128/><T21/><D124/><U47/><E96/><V93/><F93/><W53/><G58/><T25/><D101/><U56/><E47/><V113/><F113/><W118/><G118/><T62/><D95/><U133/><E133/><V23/><F104/><W9/><AGARI ba="1,0" hai="8,9,11,30,31,52,53,55" m="57615,24743" machi="9" ten="30,8000,1" yaku="8,1,52,3,54,1" doraHai="5" who="3" fromWho="3" sc="265,-41,235,-21,250,-21,250,83" /><INIT seed="1,0,0,4,4,23" ten="224,214,229,333" oya="1" hai0="78,49,19,109,121,116,56,134,5,89,4,81,118" hai1="31,27,41,36,21,119,45,42,103,26,54,82,47" hai2="9,132,46,0,22,34,91,87,99,97,128,76,12" hai3="38,18,131,94,33,68,96,29,43,60,17,75,102"/><U100/><E119/><V124/><F34/><W79/><G131/><T92/><D118/><U52/><E82/><V71/><F71/><W86/><G75/><T133/><D116/><U35/><E103/><V1/><F128/><W44/><G79/><T59/><D109/><U113/><E100/><V63/><F76/><W130/><G130/><T64/><D121/><U62/><E62/><V110/><F110/><W14/><G86/><T37/><D37/><U125/><E125/><V57/><F132/><N who="0" m="50794" /><D19/><U104/><E104/><V39/><F39/><W72/><G72/><N who="0" m="43207" /><D49/><U3/><E3/><V32/><F0/><W90/><G102/><T20/><D20/><U66/><E66/><V77/><F1/><W53/><G14/><T98/><D64/><U15/><E15/><V74/><F32/><W8/><G8/><T40/><D40/><U2/><E2/><V70/><F22/><W101/><G101/><T30/><D30/><U127/><E127/><V69/><F124/><W93/><G93/><T25/><D25/><U122/><E122/><V83/><F12/><W55/><G17/><T105/><D105/><U106/><E106/><V6/><F9/><W114/><G18/><T67/><D67/><U50/><E113/><V24/><F24/><N who="3" m="18599" /><G114/><T95/><D92/><U13/><E13/><V111/><F111/><W123/><G123/><T108/><D108/><U28/><AGARI ba="0,0" hai="21,26,27,28,31,35,36,41,42,45,47,50,52,54" machi="28" ten="20,12000,1" yaku="0,1,7,1,52,2,54,1" doraHai="23" who="1" fromWho="1" sc="224,-40,214,120,229,-40,333,-40" /><INIT seed="1,1,0,1,4,107" ten="184,334,189,293" oya="1" hai0="64,6,4,24,26,74,36,89,8,96,59,81,33" hai1="7,52,132,41,53,86,84,111,131,10,78,94,67" hai2="49,11,17,114,0,30,16,38,97,37,87,61,80" hai3="27,46,25,106,113,120,127,88,124,117,101,71,100"/><U29/><E132/><V121/><F121/><W62/><G120/><T129/><D36/><U32/><E131/><V15/><F0/><W47/><G113/><T79/><D129/><U134/><E134/><V57/><F114/><W28/><G117/><T92/><D33/><U51/><E67/><V13/><F30/><W68/><G88/><T35/><D35/><U65/><E65/><V54/><F97/><W118/><G118/><T19/><D19/><U77/><E111/><V39/><F61/><W56/><G106/><T116/><D116/><U103/><E29/><V104/><F104/><W42/><G28/><T110/><D110/><U119/><E119/><V31/><F31/><W63/><G42/><T60/><REACH who="0" step="1"/><D4/><REACH who="0" ten="174,334,189,293" step="2"/><U45/><E32/><V14/><REACH who="2" step="1"/><F17/><REACH who="2" ten="174,334,179,293" step="2"/><W90/><G127/><T102/><D102/><U2/><E103/><V69/><F69/><W3/><G101/><T83/><D83/><U115/><E115/><V85/><F85/><W123/><G100/><T73/><D73/><U55/><E86/><V133/><F133/><W109/><G71/><T23/><D23/><U21/><E21/><V125/><F125/><W130/><G68/><T43/><D43/><U135/><E135/><V44/><F44/><W20/><G46/><T126/><D126/><U122/><E122/><V18/><F18/><W1/><G47/><T12/><AGARI ba="1,2" hai="6,8,12,24,26,59,60,64,74,79,81,89,92,96" machi="12" ten="20,5200,0" yaku="1,1,0,1,7,1,52,1,53,0" doraHai="107" doraHaiUra="34" who="0" fromWho="0" sc="174,75,334,-27,179,-14,293,-14" /><INIT seed="2,0,0,0,2,6" ten="249,307,165,279" oya="2" hai0="16,71,54,85,34,78,120,67,68,65,109,26,31" hai1="132,25,64,127,124,36,79,93,0,89,66,128,113" hai2="96,110,100,53,37,33,82,51,21,133,75,38,98" hai3="49,77,18,29,19,40,45,73,28,15,1,3,76"/><V7/><F33/><W106/><G106/><T35/><D120/><U72/><E113/><V87/><F75/><W32/><G18/><T17/><D109/><U70/><E0/><V95/><F110/><W125/><G125/><N who="1" m="48202" /><E132/><V46/><F133/><W116/><G116/><T90/><D78/><U104/><E128/><V24/><F96/><W48/><G48/><T41/><D41/><U134/><E134/><V56/><F7/><W2/><G32/><T135/><D135/><U63/><E66/><V107/><F107/><W92/><G92/><T74/><D74/><U114/><E104/><V9/><F9/><W60/><G60/><T112/><D112/><U39/><E25/><V59/><F37/><W99/><G99/><T80/><D35/><U22/><E22/><V55/><F38/><W43/><G43/><T11/><D17/><U20/><E20/><V91/><REACH who="2" step="1"/><F55/><REACH who="2" ten="249,307,155,279" step="2"/><W50/><G73/><T86/><D54/><U123/><E114/><V101/><F101/><W58/><G40/><T14/><REACH who="0" step="1"/><D86/><REACH who="0" ten="239,307,155,279" step="2"/><N who="1" m="52407" /><E123/><V84/><F84/><W44/><G77/><T97/><D97/><U103/><E103/><V5/><F5/><W129/><G76/><T52/><D52/><U61/><E79/><V121/><F121/><W13/><G129/><T81/><D81/><U47/><E72/><V118/><F118/><W69/><G1/><T10/><D10/><U4/><E4/><V119/><F119/><W27/><G2/><T102/><D102/><U117/><E117/><V126/><F126/><W105/><G3/><T111/><D111/><U83/><E83/><V62/><F62/><RYUUKYOKU ba="0,2" sc="239,15,307,-15,155,15,279,-15" hai0="11,14,16,26,31,34,65,67,68,71,80,85,90" hai2="21,24,46,51,53,56,59,82,87,91,95,98,100" /><INIT seed="2,1,2,2,0,105" ten="254,292,170,264" oya="2" hai0="75,70,99,62,101,109,46,65,55,28,114,125,37" hai1="69,25,129,17,38,45,82,7,15,117,94,23,80" hai2="63,133,32,2,71,1,64,9,8,84,57,22,81" hai3="83,77,16,3,35,78,27,24,18,121,26,120,50"/><V119/><F119/><W66/><G66/><T74/><D114/><U73/><E69/><V126/><F32/><W130/><G130/><T87/><D109/><U12/><E117/><V123/><F123/><N who="3" m="47179" /><G50/><T102/><D102/><U93/><E73/><V88/><F133/><W127/><G83/><N who="1" m="31786" /><E38/><V42/><F126/><W31/><G77/><T61/><D87/><U30/><E129/><V6/><F42/><W67/><G67/><N who="0" m="41327" /><D55/><U92/><E7/><V112/><F112/><W39/><G39/><T36/><D28/><U20/><E45/><V97/><F22/><W48/><G48/><T34/><D34/><U58/><E58/><V53/><F97/><W79/><G78/><T14/><D14/><AGARI ba="1,2" hai="12,14,15,17,20,23,25,30,92,93,94" m="31786" machi="14" ten="30,1000,0" yaku="8,1" doraHai="105" who="1" fromWho="0" sc="254,-13,292,33,170,0,264,0" /><INIT seed="3,0,0,1,2,113" ten="241,325,170,264" oya="3" hai0="54,123,85,121,128,106,25,23,18,127,2,35,98" hai1="73,51,46,14,110,58,135,90,134,29,28,83,70" hai2="125,65,97,119,55,50,31,5,43,114,22,78,86" hai3="82,92,81,34,99,68,112,60,59,74,118,44,48"/><W33/><G112/><T11/><D85/><N who="1" m="50495" /><E70/><V42/><F114/><W132/><G118/><T104/><D54/><N who="1" m="30071" /><E73/><V76/><F125/><W84/><G132/><N who="1" m="50730" /><E110/><V101/><F65/><W16/><G68/><T105/><D98/><U96/><E96/><V20/><F5/><W10/><G74/><T64/><D64/><U69/><E69/><V6/><F6/><W103/><G81/><T77/><D127/><U115/><E115/><V87/><F97/><W32/><G10/><T15/><D77/><U63/><E14/><V8/><F101/><W61/><G59/><T120/><D128/><U56/><E56/><V133/><F133/><W129/><G129/><T1/><REACH who="0" step="1"/><D35/><REACH who="0" ten="231,325,170,264" step="2"/><U57/><E57/><V72/><F119/><W21/><G84/><T75/><D75/><U62/><E62/><V19/><F72/><W47/><G82/><T94/><D94/><U89/><E89/><V67/><F67/><AGARI ba="0,1" hai="28,29,58,63,67" m="50730,30071,50495" machi="67" ten="30,1000,0" yaku="20,1" doraHai="113" who="1" fromWho="2" sc="231,0,325,20,170,-10,264,0" owari="231,-16.9,345,44.5,160,-34.0,264,6.4" /></mjloggm>