<mjloggm ver="2.3"><GO type="225" lobby="0"/><UN n0="%E8%90%BD%E6%97%A5" n1="%E4%B8%89%E5%88%86%E5%B0%8F%E5%83%A7" n2="%E5%8F%AF%E5%85%90%E9%82%A3%E7%94%B1%E5%A4%9A" n3="%E5%91%A8%E6%9D%B1" dan="17,16,16,17" rate="2207.46,2070.96,2102.48,2151.64" sx="F,M,F,M"/><TAIKYOKU oya="0"/><INIT seed="0,0,0,3,3,131" ten="250,250,250,250" oya="0" hai0="13,79,4,76,41,108,126,78,59,114,72,88,105" hai1="62,74,40,121,84,39,109,94,111,100,90,113,19" hai2="95,0,54,30,65,133,96,63,9,91,112,22,128" hai3="123,104,87,58,118,34,61,115,48,110,35,102,73"/><T42/><D114/><U71/><E74/><V45/><F112/><W92/><G115/><T98/><D126/><U57/><E121/><V24/><F128/><W28/><G118/><T2/><D2/><U135/><E71/><V103/><F0/><W85/><G73/><T14/><D72/><U122/><E122/><V33/><F9/><W38/><G38/><T120/><D120/><U20/><E113/><V23/><F133/><W25/><G123/><T77/><N who="0" m="19456" /><DORA hai="69" /><T68/><D68/><U124/><E124/><V60/><F91/><W12/><G35/><T36/><D108/><N who="1" m="41547" /><E100/><V106/><F95/><W99/><G110/><T80/><D105/><U11/><E11/><V51/><REACH who="2" step="1"/><F63/><REACH who="2" ten="250,250,240,250" step="2"/><W116/><G92/><T21/><D80/><U43/><E135/><V86/><F86/><W49/><G85/><T89/><D89/><U29/><E84/><V5/><F5/><W17/><G87/><T101/><D88/><U119/><E90/><V47/><F47/><W75/><G75/><T18/><D4/><U70/><E94/><V37/><F37/><W64/><REACH who="3" step="1"/><G116/><REACH who="3" ten="250,250,240,240" step="2"/><T52/><D101/><U67/><E39/><V107/><F107/><W129/><G129/><T66/><D36/><U3/><E119/><V50/><F50/><W82/><G82/><T132/><D132/><U44/><E62/><V134/><F134/><W81/><G81/><T31/><D98/><U46/><E46/><V16/><F16/><W26/><G26/><T130/><D130/><U6/><E19/><V7/><F7/><W8/><AGARI ba="0,2" hai="8,12,17,25,28,34,48,49,58,61,64,99,102,104" machi="8" ten="20,8000,1" yaku="1,1,0,1,7,1,53,2" doraHai="131,69" doraHaiUra="53,15" who="3" fromWho="3" sc="250,-40,250,-20,240,-20,240,100" /><INIT seed="1,0,0,1,3,60" ten="210,230,220,340" oya="1" hai0="41,133,78,45,14,75,34,127,32,76,28,36,57" hai1="122,3,17,72,114,88,42,59,0,120,85,10,81" hai2="68,58,129,123,77,100,29,95,62,93,90,124,117" hai3="11,107,16,49,87,96,27,73,5,55,53,25,97"/><U84/><E114/><V37/><F117/><W121/><G73/><T13/><D127/><U86/><E42/><V94/><F123/><W98/><G121/><T46/><D133/><U79/><E0/><V74/><F37/><W48/><G107/><T113/><D113/><U38/><E38/><V67/><F124/><W102/><G102/><T23/><D57/><U54/><E17/><V24/><F129/><W51/><G87/><T33/><D46/><U106/><E106/><V56/><F100/><W131/><G131/><T40/><D40/><U50/><REACH who="1" step="1"/><E88/><REACH who="1" ten="210,220,220,340" step="2"/><V111/><F90/><W132/><G16/><T134/><D134/><U109/><E109/><V44/><F111/><W108/><G132/><T125/><D125/><U82/><E82/><V66/><F94/><W69/><G108/><T118/><D118/><U110/><E110/><V64/><F95/><W31/><G31/><T8/><D28/><U65/><E65/><V18/><F93/><W89/><G89/><T2/><D2/><U99/><E99/><V104/><F104/><W39/><G39/><T43/><D43/><U115/><E115/><V6/><F18/><W4/><G98/><T128/><D128/><U70/><E70/><V52/><F68/><W112/><G69/><T35/><D41/><U20/><E20/><V63/><F29/><W126/><G97/><T22/><D35/><U91/><E91/><V92/><F92/><W83/><G96/><T21/><D8/><U26/><E26/><V47/><F24/><W105/><G126/><T61/><D34/><U30/><E30/><V116/><F116/><RYUUKYOKU ba="0,1" sc="210,-10,220,30,220,-10,340,-10" hai1="3,10,50,54,59,72,79,81,84,85,86,120,122" /><INIT seed="1,1,1,1,5,64" ten="200,250,210,330" oya="1" hai0="37,72,23,113,78,69,86,6,88,63,34,61,0" hai1="124,53,52,35,2,31,112,103,87,98,44,41,32" hai2="105,51,125,45,117,58,93,101,3,131,99,22,21" hai3="54,25,104,114,48,95,26,9,100,11,85,60,81"/><U56/><E112/><V27/><F117/><W57/><G104/><T68/><D34/><U119/><E119/><V94/><F3/><W43/><G114/><T128/><D113/><U65/><E2/><V5/><F5/><W116/><G116/><T84/><D128/><U42/><E124/><V90/><F131/><W110/><G110/><T29/><D37/><U18/><E42/><V8/><F125/><W80/><G80/><T24/><D72/><U122/><E122/><V59/><F8/><N who="3" m="3147" /><G95/><T1/><D6/><U49/><E87/><N who="2" m="52447" /><F105/><W70/><G70/><T14/><D14/><U111/><E111/><V47/><F47/><N who="3" m="25727" /><G100/><T17/><D17/><U46/><E31/><N who="2" m="17903" /><F22/><W13/><G13/><T79/><D23/><U66/><E35/><V91/><F101/><W38/><G38/><T73/><D24/><U97/><E32/><V74/><F74/><W10/><G10/><T134/><D73/><U135/><E103/><V71/><F71/><W96/><G96/><N who="1" m="36970" /><E18/><V133/><F133/><W7/><G7/><T55/><D29/><U127/><E135/><V75/><F75/><W126/><G126/><T130/><D130/><U67/><E127/><V77/><F77/><AGARI ba="1,1" hai="25,26,54,57,60,77,81,85" m="25727,3147" machi="77" ten="30,1000,0" yaku="8,1" doraHai="64" who="3" fromWho="2" sc="200,0,250,0,210,-13,330,23" /><INIT seed="2,0,0,0,1,123" ten="200,250,197,353" oya="2" hai0="132,69,78,43,18,115,4,125,10,104,59,7,98" hai1="13,66,129,103,82,90,75,51,102,19,86,55,119" hai2="83,97,46,15,60,122,44,106,133,121,85,34,11" hai3="52,131,80,74,0,17,25,47,54,56,100,1,38"/><V24/><F133/><W64/><G100/><T91/><D69/><U77/><E66/><V105/><F121/><W84/><G74/><T114/><D132/><U5/><E5/><V134/><F122/><W22/><G131/><T21/><D125/><U49/><E49/><V53/><F134/><W135/><G135/><T31/><D31/><U81/><E119/><V67/><F34/><W29/><G64/><T16/><D78/><U20/><E129/><V8/><F24/><W112/><G112/><T108/><D43/><U124/><E124/><V116/><F116/><W130/><G130/><T113/><D59/><AGARI ba="0,0" hai="13,19,20,51,55,59,75,77,81,82,86,90,102,103" machi="59" ten="30,1000,0" yaku="7,1" doraHai="123" who="1" fromWho="0" sc="200,-10,250,10,197,0,353,0" /><INIT seed="3,0,0,4,1,134" ten="190,260,197,353" oya="3" hai0="103,72,23,80,60,46,122,47,97,90,17,125,26" hai1="112,126,92,86,77,15,128,53,44,28,42,113,115" hai2="62,36,124,121,133,71,69,95,32,3,56,106,82" hai3="135,132,87,7,5,18,114,93,9,55,21,33,98"/><W13/><G33/><T37/><D122/><U52/><E126/><V48/><F36/><W39/><G114/><T81/><D125/><U43/><E128/><V99/><F124/><W127/><G39/><T74/><D37/><U0/><E0/><V118/><F118/><W12/><G127/><T11/><D74/><U22/><E43/><V67/><F3/><W84/><G7/><T57/><D11/><U109/><E109/><V85/><F106/><W110/><G110/><T38/><D38/><U102/><E42/><V104/><F104/><W19/><G5/><T31/><D17/><U129/><E129/><V73/><F73/><W101/><G55/><N who="0" m="33855" /><D72/><U6/><E44/><N who="0" m="16937" /><D103/><U2/><E2/><V119/><F119/><W10/><G21/><T29/><D29/><U68/><E68/><V65/><F32/><W4/><G4/><T88/><D90/><U131/><E131/><V79/><F133/><AGARI ba="0,0" hai="9,10,12,13,18,19,84,87,93,98,101,132,133,135" machi="133" ten="40,3900,0" yaku="9,1,20,1" doraHai="134" who="3" fromWho="2" sc="190,0,260,0,197,-39,353,39" owari="190,-21.0,260,6.0,158,-34.2,392,49.2" /></mjloggm>