<mjloggm ver="2.3"><GO type="225" lobby="0"/><UN n0="%E5%A4%9C%E3%81%AE%E3%82%AC%E3%82%B9%E3%83%91%E3%83%BC%E3%83%AB" n1="%E6%B4%BE%E9%81%A3%E3%81%AE%E3%82%B8%E3%83%A3%E3%83%83%E3%82%AF" n2="%E3%82%B3%E3%83%90%E3%83%AC%E3%82%A4" n3="%E3%83%B4%E3%83%A0%EF%BC%99%E3%81%A6" dan="17,17,16,16" rate="2192.78,2217.28,2071.84,2137.12" sx="M,M,M,M"/><TAIKYOKU oya="0"/><INIT seed="0,0,0,1,5,49" ten="250,250,250,250" oya="0" hai0="13,2,61,95,6,7,123,4,60,135,52,26,59" hai1="51,105,5,84,90,50,56,132,12,17,119,89,129" hai2="101,65,113,99,112,35,106,133,18,109,20,19,32" hai3="14,73,88,57,110,10,37,54,116,114,98,64,78"/><T82/><D123/><U43/><E119/><V1/><F1/><W40/><G116/><T115/><D115/><U23/><E129/><V81/><F133/><W67/><G114/><T22/><D2/><U34/><E132/><V29/><F109/><W131/><G110/><T127/><D135/><U108/><E108/><V63/><F19/><W33/><G33/><T76/><D127/><U93/><E34/><V103/><F101/><W94/><G131/><T38/><D38/><U55/><E105/><V100/><F103/><W96/><G96/><T41/><D41/><U111/><E111/><V28/><F28/><W66/><G37/><T87/><D95/><U120/><E120/><V86/><F32/><W124/><G124/><T79/><D79/><U83/><E5/><V70/><F20/><W8/><G40/><T44/><D44/><N who="1" m="25887" /><E89/><V11/><F18/><W125/><G125/><T39/><D39/><U126/><E126/><V47/><F47/><W21/><G73/><T30/><D61/><U31/><E31/><V42/><F42/><W16/><G78/><T36/><D36/><U62/><E62/><AGARI ba="0,0" hai="8,10,14,16,21,54,57,62,64,66,67,88,94,98" machi="62" ten="40,8000,1" yaku="8,1,52,1,54,2" doraHai="49" who="3" fromWho="1" sc="250,0,250,-80,250,0,250,80" /><INIT seed="1,0,0,3,5,102" ten="250,170,250,330" oya="1" hai0="80,120,65,95,108,101,125,6,74,53,15,77,117" hai1="1,103,3,61,115,84,27,60,58,48,122,85,2" hai2="71,72,128,0,130,118,132,19,97,70,21,41,126" hai3="54,66,28,22,20,119,11,68,7,30,5,131,93"/><U16/><E122/><V86/><F0/><W133/><G68/><T87/><D117/><U39/><E39/><V91/><F72/><W73/><G66/><T90/><D120/><U129/><E115/><V33/><F33/><W69/><G69/><T8/><D108/><U78/><E129/><V17/><F118/><W59/><G119/><T94/><D125/><U42/><E103/><V36/><F126/><W104/><G73/><T49/><D65/><U18/><E42/><V109/><F109/><W10/><G104/><T9/><D9/><U46/><E46/><V45/><F19/><W64/><G64/><T81/><D101/><U62/><E27/><V100/><F132/><W110/><G110/><T47/><AGARI ba="0,0" hai="6,8,15,47,49,53,74,77,80,81,87,90,94,95" machi="47" ten="20,1500,0" yaku="0,1,7,1" doraHai="102" who="0" fromWho="0" sc="250,15,170,-7,250,-4,330,-4" /><INIT seed="2,0,0,3,5,9" ten="265,163,246,326" oya="2" hai0="89,40,93,72,66,27,63,39,77,42,7,14,111" hai1="82,109,81,59,112,116,35,12,71,118,117,13,29" hai2="22,68,127,30,115,125,120,43,47,19,41,79,23" hai3="36,61,74,65,98,25,75,58,10,60,55,51,28"/><V85/><F68/><W92/><G36/><T100/><D111/><U130/><E71/><V8/><F120/><W107/><G10/><N who="0" m="4447" /><D72/><U123/><E112/><V52/><F115/><W113/><G113/><T37/><D37/><U57/><E109/><V26/><F8/><W33/><G61/><T20/><D39/><U114/><E114/><V67/><F67/><W103/><REACH who="3" step="1"/><G92/><REACH who="3" ten="265,163,246,316" step="2"/><T70/><D70/><AGARI ba="0,1" hai="25,28,33,51,55,58,60,65,70,74,75,98,103,107" machi="70" ten="30,8000,1" yaku="1,1,2,1,7,1,25,2,53,0" doraHai="9" doraHaiUra="5" who="3" fromWho="0" sc="265,-80,163,0,246,0,316,90" /><INIT seed="3,0,0,4,5,134" ten="185,163,246,406" oya="3" hai0="27,126,87,97,18,40,62,104,132,26,111,46,20" hai1="67,74,102,101,95,91,8,98,44,48,110,28,38" hai2="22,96,34,103,125,31,52,4,76,10,68,131,15" hai3="73,69,51,56,115,85,5,19,37,57,71,86,83"/><W9/><G37/><T54/><D132/><U11/><E110/><V129/><F68/><W121/><G73/><T82/><D111/><U90/><E38/><V93/><F34/><W123/><G115/><T127/><D27/><U25/><E74/><V17/><F31/><W61/><G19/><T113/><D113/><U41/><E67/><V43/><F43/><W32/><G32/><T79/><D104/><U117/><E117/><V89/><F76/><W0/><G51/><T70/><D97/><U12/><E101/><V130/><F52/><W59/><G85/><T133/><D133/><U128/><E128/><V81/><F81/><W65/><G69/><T72/><D72/><U114/><E114/><V77/><F77/><W99/><G99/><T50/><D54/><U53/><E41/><V118/><F118/><W66/><G66/><T55/><D55/><U100/><E100/><V13/><F103/><W1/><G1/><T3/><D3/><U45/><E45/><V120/><F120/><W94/><G94/><T14/><D62/><U63/><E63/><V112/><F112/><W84/><G121/><T30/><REACH who="0" step="1"/><D70/><REACH who="0" ten="175,163,246,406" step="2"/><U23/><E11/><AGARI ba="0,1" hai="11,14,18,20,26,30,40,46,50,79,82,87,126,127" machi="11" ten="40,8000,1" yaku="1,1,2,1,52,2,53,0" doraHai="134" doraHaiUra="2" who="0" fromWho="1" sc="175,90,163,-80,246,0,406,0" owari="265,6.5,83,-41.7,246,-15.4,406,50.6" /></mjloggm>