<mjloggm ver="2.3"><GO type="225" lobby="0"/><UN n0="%72%69%6F%75%63%68%61%6E" n1="%E9%80%9F%E6%B0%B4%E5%87%9B%E9%A6%99" n2="%6D%75%75%6D%75%72%61" n3="%72%65%6E%6B%75%6E" dan="17,16,17,17" rate="2264.70,2162.83,2211.49,2241.88" sx="M,F,F,M"/><TAIKYOKU oya="0"/><INIT seed="0,0,0,1,5,94" ten="250,250,250,250" oya="0" hai0="82,5,76,17,114,133,75,89,123,128,60,67,34" hai1="49,135,108,79,32,53,101,41,102,116,134,30,20" hai2="26,124,103,91,84,13,27,42,78,81,37,69,122" hai3="12,88,117,107,71,97,56,63,100,14,6,111,2"/><T8/><D128/><U23/><E41/><V129/><F122/><W24/><G117/><T115/><D133/><N who="1" m="50699" /><E79/><V132/><F132/><W0/><G71/><T52/><D123/><U68/><E68/><V25/><F129/><W87/><G24/><T54/><D34/><U55/><E116/><V33/><F124/><W40/><G40/><T64/><D17/><U83/><E108/><V46/><F69/><W10/><G2/><T11/><D11/><U65/><E65/><V38/><F33/><W28/><G28/><T22/><D22/><N who="1" m="8235" /><E83/><V44/><F13/><W80/><REACH who="3" step="1"/><G111/><REACH who="3" ten="250,250,250,240" step="2"/><T120/><D120/><U9/><E30/><V50/><F37/><W105/><G105/><T110/><D110/><U61/><E32/><V92/><F27/><W130/><G130/><T113/><D89/><U21/><E21/><V126/><F126/><W70/><G70/><T73/><D73/><U1/><E9/><V31/><F31/><W112/><G112/><T93/><D115/><U86/><E1/><V57/><F91/><W66/><AGARI ba="0,1" hai="0,6,10,12,14,56,63,66,80,87,88,97,100,107" machi="66" ten="20,8000,1" yaku="1,1,0,1,7,1,52,1,54,1,53,0" doraHai="94" doraHaiUra="19" who="3" fromWho="3" sc="250,-40,250,-20,250,-20,240,90" /><INIT seed="1,0,0,4,0,84" ten="210,230,230,330" oya="1" hai0="17,31,122,130,70,104,77,8,14,20,103,36,22" hai1="55,25,59,98,83,95,58,114,54,65,56,73,133" hai2="97,19,117,89,102,127,112,39,110,87,109,123,49" hai3="79,51,99,34,85,94,119,23,90,115,29,80,0"/><U72/><E114/><V26/><F39/><W1/><G115/><T41/><D70/><U18/><E133/><V48/><F112/><W101/><G34/><T50/><D130/><U125/><E125/><V3/><F117/><W12/><G119/><T47/><D122/><U5/><E5/><V38/><F123/><W100/><G1/><T9/><D77/><U76/><E73/><V113/><F38/><W21/><G0/><T32/><D32/><U35/><E65/><V118/><F3/><W129/><G129/><T68/><D68/><U120/><E120/><V82/><F127/><W116/><G116/><T13/><D36/><U37/><E37/><V75/><F75/><W108/><G108/><N who="2" m="41577" /><F113/><W132/><G132/><T106/><D31/><U131/><E131/><V69/><F69/><W121/><G121/><T71/><D71/><U6/><E6/><V105/><F118/><W134/><G134/><T66/><D66/><U61/><E55/><V30/><F19/><N who="3" m="10471" /><G51/><T111/><D111/><U88/><E35/><AGARI ba="0,0" hai="26,30,35,48,49,82,87,89,97,102,105" m="41577" machi="35" ten="30,2000,0" yaku="14,1,52,1" doraHai="84" who="2" fromWho="1" sc="210,0,230,-20,230,20,330,0" /><INIT seed="2,0,0,3,5,7" ten="210,210,250,330" oya="2" hai0="32,111,73,89,63,45,125,106,98,70,41,85,53" hai1="131,42,5,118,117,62,76,93,44,97,52,50,82" hai2="3,23,72,43,75,87,99,71,35,29,130,30,83" hai3="102,92,1,91,51,40,81,6,78,59,37,115,55"/><V8/><F130/><W121/><G121/><T84/><D111/><U49/><E131/><V77/><F35/><W24/><G102/><T54/><D125/><U122/><E122/><V20/><F71/><W101/><G101/><T56/><D73/><U114/><E114/><V0/><F99/><W22/><G115/><T126/><D126/><U16/><E62/><V95/><F43/><W4/><G37/><T109/><D109/><U58/><E5/><V100/><F100/><W14/><G40/><T133/><D133/><U103/><REACH who="1" step="1"/><E16/><REACH who="1" ten="210,200,250,330" step="2"/><V61/><F61/><W9/><G1/><T36/><D70/><U88/><E88/><V90/><F3/><W28/><G6/><T105/><D105/><U129/><E129/><V39/><F0/><W80/><REACH who="3" step="1"/><G78/><REACH who="3" ten="210,200,250,320" step="2"/><T60/><D106/><U128/><E128/><V38/><F77/><W119/><G119/><T25/><D89/><U69/><E69/><V46/><F90/><W123/><G123/><T120/><D120/><U65/><E65/><V27/><F38/><W135/><G135/><T47/><D36/><U33/><E33/><V96/><F39/><W15/><G15/><T68/><D32/><U57/><E57/><V66/><F66/><W64/><G64/><T124/><D68/><U13/><E13/><V21/><F27/><W74/><G74/><AGARI ba="0,2" hai="42,44,49,50,52,58,74,76,82,93,97,103,117,118" machi="74" ten="30,3900,0" yaku="1,1,7,1,54,1,53,0" doraHai="7" doraHaiUra="31" who="1" fromWho="3" sc="210,0,200,59,250,0,320,-39" /><INIT seed="3,0,0,4,3,29" ten="210,259,250,281" oya="3" hai0="46,112,82,102,21,121,2,24,132,65,77,43,32" hai1="44,58,113,95,76,114,23,20,103,117,17,122,93" hai2="84,63,68,51,38,106,73,30,83,57,129,126,71" hai3="85,78,94,88,18,133,56,79,74,90,42,11,8"/><W9/><G133/><T70/><D121/><U33/><E122/><V123/><F123/><W118/><G118/><T91/><D2/><U127/><E76/><N who="3" m="29226" /><G74/><T48/><D132/><U128/><E44/><V75/><F38/><W124/><G124/><T26/><D112/><U25/><E127/><V34/><F106/><W47/><G56/><T12/><D102/><U120/><E120/><V22/><F126/><W62/><G62/><T96/><D32/><U60/><E128/><V19/><F129/><W39/><G39/><T55/><D43/><U104/><E104/><V37/><F37/><W115/><G115/><T80/><D65/><U109/><E109/><V130/><F51/><N who="3" m="27127" /><G90/><T35/><D70/><U125/><E33/><V135/><F135/><W31/><G31/><T13/><D35/><U99/><E125/><V59/><F30/><W64/><G64/><T36/><D36/><U101/><E117/><V134/><F34/><W41/><G41/><T100/><D91/><U119/><E119/><V86/><F130/><W7/><G18/><N who="0" m="10439" /><D77/><U28/><E114/><V81/><F134/><W111/><G111/><T6/><D80/><U97/><E113/><V72/><F72/><W116/><G116/><T5/><D82/><U66/><E28/><V98/><F19/><W16/><G16/><T10/><D5/><AGARI ba="0,0" hai="5,7,8,9,11,85,88,94" m="27127,29226" machi="5" ten="30,2900,0" yaku="8,1,54,1" doraHai="29" who="3" fromWho="0" sc="210,-29,259,0,250,0,281,29" owari="181,-31.9,259,5.9,250,-15.0,310,41.0" /></mjloggm>