<mjloggm ver="2.3"><GO type="225" lobby="0"/><UN n0="%E3%83%97%E3%83%AC%E3%83%B4%E3%82%A1%E3%83%86%E3%82%A3" n1="%77%72%77%72%77%72%77%72" n2="%E9%87%8E%E3%80%85%E5%AE%AE%E8%97%8D" n3="%E3%82%B2%E3%82%B9%E8%8C%82%E5%8B%9D" dan="16,16,16,16" rate="2085.80,2235.53,2193.49,2094.99" sx="F,M,F,F"/><TAIKYOKU oya="0"/><INIT seed="0,0,0,0,0,49" ten="250,250,250,250" oya="0" hai0="103,4,97,66,28,90,16,20,114,110,40,107,135" hai1="85,43,134,53,50,7,123,75,60,48,89,37,98" hai2="30,33,119,8,127,59,118,88,133,87,63,6,111" hai3="109,100,1,129,34,44,116,104,128,83,31,26,62"/><T130/><D114/><U22/><E123/><V0/><F111/><W35/><G109/><T18/><D110/><U17/><E75/><V81/><F127/><W29/><G116/><N who="2" m="44585" /><F133/><W57/><G44/><T45/><D130/><N who="3" m="50281" /><G83/><T115/><D115/><U95/><E134/><V46/><F46/><W131/><N who="3" m="50289" /><W120/><DORA hai="2" /><G120/><T47/><D135/><U94/><E43/><V14/><F30/><N who="3" m="11275" /><G26/><T58/><D90/><U78/><E37/><V12/><F33/><N who="3" m="12299" /><G1/><T77/><D45/><U52/><E78/><V74/><F74/><W10/><G10/><T73/><D77/><U11/><E60/><V55/><AGARI ba="0,0" hai="0,6,8,12,14,55,59,63,81,87,88" m="44585" machi="55" ten="30,7900,0" yaku="12,1,52,2,54,1" doraHai="49,2" who="2" fromWho="2" sc="250,-39,250,-20,250,79,250,-20" /><INIT seed="1,0,0,2,2,48" ten="211,230,329,230" oya="1" hai0="51,62,113,85,35,122,127,88,115,34,90,24,14" hai1="103,76,12,106,129,21,82,22,69,53,20,1,125" hai2="89,95,128,13,123,102,40,27,47,42,132,121,23" hai3="15,83,112,70,49,124,130,101,28,98,43,61,56"/><U18/><E1/><V3/><F3/><W41/><G112/><T37/><D37/><U96/><E129/><V68/><F68/><W38/><G38/><T10/><D127/><U135/><E135/><V74/><F74/><W86/><G130/><T119/><D119/><U26/><E125/><V114/><F132/><W117/><G124/><T58/><D122/><U110/><E110/><V104/><F102/><W50/><G70/><T97/><D51/><N who="3" m="19465" /><G28/><T60/><D60/><U44/><E69/><V80/><F104/><W108/><G108/><T59/><D59/><U45/><E53/><V46/><F80/><W92/><G15/><T66/><D97/><U72/><REACH who="1" step="1"/><E22/><REACH who="1" ten="211,220,329,230" step="2"/><V57/><F128/><W87/><G117/><T11/><D35/><U99/><E99/><V52/><F123/><W33/><G33/><T107/><D115/><U111/><E111/><V94/><F114/><W0/><G0/><T16/><D113/><U19/><AGARI ba="0,1" hai="12,18,19,20,21,26,44,45,72,76,82,96,103,106" machi="19" ten="20,3900,0" yaku="1,1,0,1,7,1,53,0" doraHai="48" doraHaiUra="32" who="1" fromWho="1" sc="211,-13,220,49,329,-13,230,-13" /><INIT seed="1,1,0,2,1,25" ten="198,269,316,217" oya="1" hai0="29,13,106,82,104,0,92,94,41,44,38,103,101" hai1="22,39,54,74,83,90,131,99,134,49,132,77,112" hai2="97,114,123,3,42,113,86,120,119,111,102,21,4" hai3="32,135,11,67,35,34,84,126,115,40,8,28,57"/><U9/><E112/><N who="2" m="43115" /><F42/><W36/><G115/><T125/><D0/><U100/><E39/><V20/><F119/><W43/><G126/><T63/><D125/><U107/><E131/><V91/><F111/><W23/><G135/><N who="1" m="51754" /><E9/><N who="2" m="2207" /><F21/><W69/><G69/><T15/><D82/><U72/><E22/><V5/><F20/><W64/><G84/><T58/><D38/><U89/><E74/><V19/><F19/><W117/><G117/><T50/><D106/><U53/><E53/><V56/><F56/><AGARI ba="1,0" hai="49,54,56,72,77,83,89,90,99,100,107" m="51754" machi="56" ten="30,1500,0" yaku="20,1" doraHai="25" who="1" fromWho="2" sc="198,0,269,18,316,-18,217,0" /><INIT seed="1,2,0,4,4,31" ten="198,287,298,217" oya="1" hai0="59,127,46,58,95,70,107,123,119,87,79,50,71" hai1="92,125,108,32,135,44,18,115,113,13,55,124,93" hai2="77,75,15,25,48,37,73,53,69,101,112,89,97" hai3="104,120,98,62,39,0,122,84,2,133,28,128,14"/><U132/><E44/><V90/><F37/><W3/><G39/><T105/><D119/><U29/><E55/><V82/><F69/><W47/><G47/><T26/><D127/><N who="1" m="48715" /><E93/><V116/><F116/><W43/><G43/><T6/><D123/><U45/><E92/><V129/><F129/><W65/><G128/><T80/><D71/><U63/><E63/><V27/><F73/><W23/><G133/><N who="1" m="51274" /><E45/><V7/><F112/><N who="1" m="43081" /><E108/><V134/><F134/><W24/><G84/><T131/><D131/><U10/><E29/><V38/><F38/><W35/><G98/><T91/><D70/><U103/><E103/><V34/><F53/><W76/><G104/><T96/><D107/><U20/><E20/><V1/><F48/><W17/><G76/><T83/><D105/><U94/><E94/><V74/><F77/><W22/><G62/><T19/><D83/><U54/><E54/><V110/><F82/><W67/><G65/><T57/><D46/><U40/><E40/><V78/><F78/><W9/><G67/><T16/><D50/><U114/><E114/><V61/><F61/><W118/><G118/><T51/><D51/><U100/><E100/><V121/><F101/><W102/><G102/><T86/><D87/><U5/><E5/><V52/><F7/><W64/><G64/><T117/><D117/><U88/><E88/><V30/><F89/><W11/><G23/><N who="0" m="13671" /><D6/><U109/><E109/><V81/><F110/><W8/><AGARI ba="2,0" hai="0,2,3,8,9,11,14,17,22,24,28,35,120,122" machi="8" ten="40,8000,1" yaku="0,1,34,3,52,1" doraHai="31" who="3" fromWho="3" sc="198,-22,287,-42,298,-22,217,86" /><INIT seed="2,0,0,4,2,24" ten="176,245,276,303" oya="2" hai0="113,69,18,7,104,4,30,117,129,53,88,57,119" hai1="61,55,128,25,125,84,116,5,67,37,8,97,96" hai2="47,78,45,36,135,100,56,131,101,98,103,86,68" hai3="90,71,13,99,26,48,15,130,16,28,31,27,40"/><V46/><F68/><W51/><G71/><T1/><D69/><U60/><E116/><N who="0" m="44617" /><D104/><U34/><E37/><V14/><F36/><W79/><G130/><T17/><D113/><U82/><E128/><V85/><F131/><W6/><G79/><T44/><D129/><U126/><E55/><V106/><F135/><W74/><G74/><T2/><D44/><U35/><E96/><V80/><F14/><W72/><G72/><T3/><D53/><U50/><E97/><V49/><F86/><W134/><G134/><T22/><D57/><U12/><E50/><N who="3" m="18986" /><G40/><T95/><D88/><N who="1" m="51223" /><E60/><V105/><F105/><W110/><G110/><T21/><D95/><U41/><E25/><N who="3" m="9226" /><G6/><N who="0" m="2091" /><D30/><N who="3" m="11305" /><G16/><AGARI ba="0,0" hai="1,2,3,16,17,18,21,22" m="2091,44617" machi="16" ten="40,12000,2" yaku="28,2,12,1,34,2,54,1" doraHai="24" who="0" fromWho="3" sc="176,120,245,0,276,0,303,-120" /><INIT seed="3,0,0,3,3,128" ten="296,245,276,183" oya="3" hai0="108,48,73,118,107,8,7,70,102,135,86,32,109" hai1="22,52,12,94,40,30,67,35,44,76,15,31,87" hai2="61,26,27,10,90,82,2,106,104,121,29,114,63" hai3="74,103,51,38,93,124,97,91,25,126,66,5,81"/><W28/><G38/><T23/><D70/><U18/><E35/><V89/><F114/><W6/><G66/><T59/><D32/><U130/><E130/><V83/><F10/><W95/><G51/><T119/><D73/><U131/><E67/><V50/><F50/><W45/><G45/><T47/><D59/><U0/><E0/><V105/><F2/><W58/><G58/><T101/><D23/><U21/><E131/><V69/><F69/><W54/><G54/><N who="0" m="29983" /><D86/><U4/><E40/><V13/><F13/><W111/><G111/><N who="0" m="42571" /><D135/><U36/><E36/><V72/><F72/><W80/><G74/><T123/><D123/><U122/><E4/><N who="3" m="1642" /><G93/><T99/><D102/><U120/><E44/><V85/><F121/><W117/><G103/><T33/><D33/><U88/><E52/><V84/><REACH who="2" step="1"/><F26/><REACH who="2" ten="296,245,266,183" step="2"/><W1/><G1/><AGARI ba="0,1" hai="1,7,8,99,101,107,118,119" m="42571,29983" machi="1" ten="30,1000,0" yaku="14,1" doraHai="128" who="0" fromWho="3" sc="296,20,245,0,266,0,183,-10" owari="316,41.6,245,-15.5,266,6.6,173,-32.7" /></mjloggm>