<mjloggm ver="2.3"><GO type="225" lobby="0"/><UN n0="%E3%81%B5%E3%81%98%E3%81%8B%E3%81%A4" n1="%E6%9D%B1%E9%A2%A8%E3%81%AE%E3%81%8D%E3%82%83%E3%81%B7%E3%81%95%E3%82%93" n2="%E6%B8%A9%E2%98%85%E6%83%85%E2%98%85%E6%8E%AA%E2%98%85%E7%BD%AE" n3="%E3%81%82%E3%81%99%E3%81%AB%E3%82%83%E3%82%80" dan="16,17,18,16" rate="2155.70,2228.71,2248.51,2130.42" sx="M,M,M,F"/><TAIKYOKU oya="0"/><INIT seed="0,0,0,2,0,124" ten="250,250,250,250" oya="0" hai0="116,71,75,17,46,34,31,103,7,74,89,56,121" hai1="73,21,23,69,84,77,115,59,36,35,122,88,40" hai2="91,50,63,68,27,54,60,135,87,66,39,67,104" hai3="78,132,134,16,1,10,11,95,80,33,29,128,110"/><T129/><D121/><U38/><E69/><V94/><F135/><N who="3" m="51755" /><G110/><T65/><D116/><U0/><E35/><V61/><F104/><W15/><G95/><T43/><D71/><U58/><E115/><V109/><F109/><W70/><G70/><T44/><D103/><U25/><E122/><V125/><F125/><W130/><G1/><T6/><D17/><U111/><E0/><V123/><F123/><W18/><G29/><T131/><D89/><U47/><E111/><V119/><F119/><W3/><G33/><T107/><D107/><U24/><E36/><V42/><F27/><W108/><G108/><T13/><D34/><U106/><E106/><V118/><F118/><W83/><G83/><T5/><D31/><U8/><E8/><V82/><F67/><W53/><G53/><T12/><D65/><U102/><E102/><V85/><F42/><W76/><G76/><T126/><D126/><U22/><E77/><V64/><F68/><W96/><G96/><T100/><D100/><U28/><E73/><N who="0" m="27657" /><D56/><U57/><REACH who="1" step="1"/><E28/><REACH who="1" ten="250,240,250,250" step="2"/><V114/><F114/><W97/><G3/><T90/><D90/><U4/><E4/><V127/><F127/><W81/><G78/><T52/><D43/><U49/><E49/><V37/><F37/><W98/><G10/><T101/><D101/><U105/><E105/><V99/><F39/><W14/><G18/><T79/><D79/><U2/><E2/><V19/><F50/><W48/><G48/><N who="0" m="28679" /><D46/><U93/><AGARI ba="0,1" hai="21,22,23,24,25,38,40,47,57,58,59,84,88,93" machi="93" ten="30,4000,0" yaku="1,1,0,1,54,1,53,0" doraHai="124" doraHaiUra="62" who="1" fromWho="1" sc="250,-20,240,50,250,-10,250,-10" /><INIT seed="1,0,0,3,4,91" ten="230,290,240,240" oya="1" hai0="22,134,42,35,2,68,131,18,133,108,71,29,115" hai1="40,49,89,57,99,86,135,76,114,96,107,90,3" hai2="120,67,121,113,130,33,25,60,65,32,52,6,104" hai3="50,123,62,20,9,73,5,93,102,127,19,51,105"/><U79/><E3/><V101/><F6/><W61/><G73/><T92/><D115/><U118/><E40/><V111/><F113/><W124/><G105/><T14/><D42/><U125/><E114/><V31/><F33/><W54/><G123/><T17/><D2/><U94/><E118/><V0/><F0/><W10/><G102/><T128/><D71/><U110/><E135/><N who="0" m="51721" /><D68/><U27/><E27/><V63/><F52/><W74/><G74/><T24/><D92/><N who="1" m="56335" /><E49/><V56/><F111/><W45/><G93/><T1/><D108/><U83/><E57/><V72/><F72/><W13/><G51/><T12/><D1/><U119/><E110/><V100/><F130/><N who="0" m="49706" /><D18/><U98/><E119/><V87/><F87/><W88/><G5/><T81/><D81/><U21/><E21/><V112/><F112/><W69/><G69/><T23/><D12/><U53/><E53/><V122/><F104/><W78/><G54/><T34/><AGARI ba="0,0" hai="14,17,22,23,24,29,34,35" m="49706,51721" machi="34" ten="40,8000,1" yaku="20,1,19,1,34,2" doraHai="91" who="0" fromWho="0" sc="230,80,290,-40,240,-20,240,-20" /><INIT seed="2,0,0,4,5,9" ten="310,250,220,220" oya="2" hai0="5,0,117,57,127,82,8,97,80,104,64,29,19" hai1="113,21,132,115,11,74,54,134,119,44,72,55,42" hai2="116,37,61,49,79,59,22,15,26,130,123,36,129" hai3="10,46,39,53,75,76,85,43,47,68,135,106,125"/><V28/><F123/><W52/><G106/><T33/><D127/><U16/><E11/><V67/><F116/><W3/><G125/><T30/><D117/><U27/><E119/><V62/><F79/><W23/><G135/><N who="1" m="51754" /><E55/><V92/><F92/><W91/><G68/><T1/><D104/><U114/><E54/><V101/><F101/><W40/><G23/><T89/><D97/><U128/><E128/><N who="2" m="49259" /><F49/><AGARI ba="0,0" hai="16,21,27,42,44,49,72,74,113,114,115" m="51754" machi="49" ten="40,2600,0" yaku="20,1,54,1" doraHai="9" who="1" fromWho="2" sc="310,0,250,26,220,-26,220,0" /><INIT seed="3,0,0,1,4,51" ten="310,276,194,220" oya="3" hai0="119,14,10,26,55,124,108,75,29,84,81,90,32" hai1="25,134,105,78,101,43,61,31,76,37,111,18,98" hai2="5,107,30,131,33,22,1,74,47,41,88,0,19" hai3="34,56,9,42,7,96,99,11,71,127,59,54,17"/><W20/><G34/><T6/><D119/><U85/><E111/><V16/><F107/><W45/><G127/><T2/><D124/><U50/><E134/><V95/><F74/><W129/><G71/><T69/><D108/><U100/><E37/><V135/><F135/><W125/><G125/><T21/><D69/><U66/><E18/><V64/><F64/><W103/><G129/><T89/><D75/><U82/><E100/><V94/><F131/><W52/><G45/><T92/><D55/><N who="3" m="21033" /><G42/><T27/><D2/><U126/><E126/><V23/><F33/><W130/><G130/><T120/><D120/><U102/><E43/><V60/><F60/><W44/><G44/><T13/><D13/><U86/><E50/><N who="2" m="26991" /><F0/><W3/><G3/><T40/><D40/><U4/><E61/><V83/><F1/><W110/><G110/><T65/><D65/><U62/><E62/><V121/><F121/><W106/><G106/><T63/><D63/><U122/><E122/><V39/><F39/><W109/><G109/><T128/><D128/><U70/><E66/><V38/><F38/><W123/><G123/><T8/><D8/><N who="3" m="3145" /><G7/><T132/><D132/><U77/><E4/><V113/><F113/><W49/><G49/><T68/><D68/><U114/><E70/><V116/><F116/><W115/><G115/><T80/><D32/><N who="1" m="20591" /><E114/><V57/><F5/><W36/><G36/><T133/><D133/><U28/><E105/><V53/><F57/><N who="3" m="22091" /><G103/><T117/><D117/><U73/><E102/><V104/><F104/><W97/><G97/><N who="0" m="57487" /><D6/><U112/><E112/><V93/><F53/><RYUUKYOKU ba="0,0" sc="310,-10,276,-10,194,-10,220,30" hai3="17,20,96,99" /><INIT seed="3,1,0,2,5,48" ten="300,266,184,250" oya="3" hai0="54,124,8,72,17,132,22,56,104,75,110,14,77" hai1="26,39,31,68,18,52,3,108,1,125,66,51,19" hai2="105,59,47,40,112,121,91,122,50,25,103,89,70" hai3="11,13,69,135,64,80,94,83,32,76,73,114,65"/><W41/><G114/><T0/><D104/><U20/><E39/><V6/><F112/><W57/><G69/><T78/><D124/><U86/><E125/><V100/><F70/><W109/><G32/><T120/><D120/><N who="2" m="46186" /><F6/><W23/><G135/><T115/><D132/><U113/><E113/><V95/><F105/><W111/><G41/><T61/><D115/><U127/><E127/><V99/><F25/><W130/><G23/><T88/><D110/><N who="3" m="41993" /><G130/><T116/><D116/><U93/><E108/><V43/><F43/><W29/><G29/><T131/><D131/><U81/><E1/><V37/><F103/><W60/><G94/><T82/><D0/><U30/><E3/><V16/><F16/><N who="1" m="6185" /><E68/><V42/><F42/><W84/><G64/><T62/><D22/><U53/><E66/><V87/><F87/><W34/><G34/><T49/><D88/><N who="2" m="33866" /><F59/><W58/><G57/><T7/><D17/><N who="1" m="12559" /><E93/><V123/><N who="2" m="46194" /><V45/><DORA hai="96" /><F45/><W134/><G134/><T97/><D97/><U71/><E71/><V129/><F129/><W119/><G119/><T133/><D133/><U4/><E4/><V28/><F28/><N who="1" m="10793" /><E51/><AGARI ba="1,0" hai="37,40,47,50,51,95,99,100" m="33866,46194" machi="51" ten="40,5200,0" yaku="13,1,52,1,54,1" doraHai="48,96" who="2" fromWho="1" sc="300,0,266,-55,184,55,250,0" owari="300,40.0,211,-28.9,239,-16.1,250,5.0" /></mjloggm>