<mjloggm ver="2.3"><GO type="225" lobby="0"/><UN n0="%E3%83%81%E3%83%AF%E3%83%AF%E9%9A%8A%E9%95%B7" n1="%E3%83%B4%E3%82%A3%E3%83%AF%E3%82%B3%E3%82%B0%E3%83%8B" n2="%E3%82%BC%E3%83%AB%E3%83%80%E3%81%AE%E4%BC%9D%E8%AA%AC" n3="%77%72%77%72%77%72%77%72" dan="16,16,18,17" rate="2178.58,2167.02,2226.99,2240.78" sx="M,M,M,M"/><TAIKYOKU oya="0"/><INIT seed="0,0,0,5,2,121" ten="250,250,250,250" oya="0" hai0="84,32,18,65,129,64,100,38,39,50,2,86,33" hai1="125,4,70,105,55,66,75,58,21,116,71,41,112" hai2="123,97,113,17,15,134,31,120,119,9,83,8,132" hai3="5,69,72,26,103,93,77,135,104,107,108,92,48"/><T95/><D2/><U36/><E75/><V110/><F97/><N who="3" m="59815" /><G48/><T96/><D129/><U91/><E105/><N who="3" m="40522" /><G26/><T56/><D18/><U61/><E91/><V124/><F83/><N who="3" m="45479" /><G5/><T74/><D38/><U115/><E116/><V89/><F89/><W67/><G67/><T126/><D39/><U0/><E125/><V111/><F124/><W34/><G34/><T99/><D126/><U20/><E4/><N who="2" m="3463" /><F113/><N who="1" m="43593" /><E0/><V43/><F43/><W73/><G69/><N who="1" m="26122" /><E66/><V11/><F119/><W79/><G135/><N who="2" m="51753" /><F31/><W24/><G24/><T88/><D64/><U19/><E41/><V16/><F9/><W109/><G93/><T10/><D95/><U35/><E36/><V118/><F118/><W60/><G60/><T127/><D127/><U90/><E61/><V30/><F30/><W82/><AGARI ba="0,0" hai="73,79,82,108,109" m="45479,40522,59815" machi="82" ten="30,7900,0" yaku="34,2,52,2" doraHai="121" who="3" fromWho="3" sc="250,-39,250,-20,250,-20,250,79" /><INIT seed="1,0,0,5,2,54" ten="211,230,230,329" oya="1" hai0="20,39,86,16,100,6,109,130,60,21,36,53,7" hai1="14,19,114,69,44,10,33,72,8,49,123,132,47" hai2="105,107,135,24,34,120,30,18,91,133,35,97,4" hai3="29,23,62,32,13,116,55,106,103,45,71,127,101"/><U89/><E114/><V93/><F120/><W75/><G75/><T119/><D119/><U51/><E123/><V68/><F68/><W70/><G32/><T9/><D130/><U85/><E72/><V28/><F4/><N who="0" m="1578" /><D36/><U79/><E69/><V63/><F18/><W129/><G45/><N who="1" m="17482" /><E33/><V41/><F41/><W125/><G129/><T50/><D39/><U126/><E132/><N who="2" m="50763" /><F63/><W64/><G70/><T15/><D109/><U22/><E79/><V67/><F67/><W11/><G55/><T1/><D1/><U3/><E3/><V52/><F52/><W128/><G106/><T124/><D60/><U26/><E126/><N who="3" m="48138" /><G116/><T104/><D124/><U58/><E58/><V40/><F40/><W61/><G61/><T134/><D134/><U46/><N who="1" m="17490" /><U112/><DORA hai="115" /><E112/><V84/><F105/><W73/><G128/><T98/><D104/><U42/><E42/><V65/><F65/><W66/><G66/><T81/><D53/><U38/><E38/><V43/><F43/><W48/><G48/><N who="1" m="18506" /><E14/><V56/><F56/><W83/><G62/><T31/><D50/><U27/><E27/><N who="2" m="18719" /><F107/><W5/><G64/><T110/><D15/><U78/><E78/><V80/><F80/><AGARI ba="0,0" hai="8,10,19,22,26,80,85,89" m="18506,17490" machi="80" ten="30,1500,0" yaku="8,1" doraHai="54,115" who="1" fromWho="2" sc="211,0,230,15,230,-15,329,0" /><INIT seed="1,1,0,5,4,23" ten="211,245,215,329" oya="1" hai0="57,107,79,80,101,94,28,114,93,97,87,34,102" hai1="121,75,100,127,46,105,110,10,16,48,18,131,29" hai2="69,31,130,95,118,19,86,90,4,52,83,38,98" hai3="109,128,115,0,7,82,20,8,65,43,11,126,5"/><U99/><BYE who="3" /><E127/><UN n3="%77%72%77%72%77%72%77%72" /><V35/><F118/><W51/><G115/><T106/><D114/><U59/><E121/><V12/><F130/><W129/><G126/><T81/><D57/><U47/><E75/><V112/><F112/><W1/><G65/><T73/><D28/><U62/><E131/><N who="3" m="50250" /><G109/><T113/><D34/><U44/><E110/><V25/><F38/><W58/><G82/><T120/><D120/><U111/><E111/><V53/><F4/><W30/><G58/><T133/><D133/><U40/><E29/><V134/><F69/><W50/><G43/><T36/><D36/><U68/><E68/><V6/><F6/><W116/><G116/><T26/><D26/><AGARI ba="1,0" hai="0,1,5,7,8,11,20,26,30,50,51" m="50250" machi="26" ten="30,2000,0" yaku="19,1,52,1" doraHai="23" who="3" fromWho="0" sc="211,-23,245,0,215,0,329,23" /><INIT seed="2,0,0,0,1,22" ten="188,245,215,352" oya="2" hai0="117,41,88,128,100,21,51,130,90,1,114,38,121" hai1="25,40,19,55,2,15,29,111,36,132,4,47,116" hai2="24,91,84,87,37,27,7,118,80,35,42,11,62" hai3="89,79,44,5,13,77,101,69,81,59,6,9,63"/><V122/><F118/><W83/><G69/><T48/><D114/><U64/><E116/><V104/><F104/><W120/><G120/><T17/><D117/><U98/><E111/><V56/><F122/><W33/><G33/><T82/><D121/><U127/><E64/><V8/><F35/><W32/><G32/><T103/><D1/><U61/><E98/><V30/><F30/><W95/><G101/><N who="0" m="38987" /><D38/><U66/><E55/><N who="2" m="34079" /><F37/><W129/><G44/><N who="0" m="25615" /><D82/><N who="3" m="31241" /><G5/><T68/><D68/><U60/><E4/><V31/><F31/><W113/><G129/><N who="0" m="49771" /><D51/><U45/><E2/><V102/><F102/><W73/><G73/><T107/><D107/><U49/><E36/><V34/><F34/><W93/><G93/><T75/><D75/><U50/><E132/><V115/><F115/><W3/><G3/><T53/><D53/><U110/><E110/><V16/><F42/><W125/><G125/><T119/><D119/><U109/><E127/><V124/><F124/><W123/><G123/><T131/><N who="0" m="49779" /><T43/><DORA hai="126" /><D43/><U46/><E40/><V39/><F39/><W133/><G133/><T28/><D28/><U76/><E109/><V112/><F112/><W72/><G72/><T54/><D54/><U65/><E29/><V26/><F7/><W57/><G113/><T18/><D18/><U97/><E19/><V134/><F134/><W106/><G106/><T85/><D85/><N who="2" m="32842" /><F16/><W94/><G6/><T10/><D10/><U92/><E49/><V99/><F80/><W71/><G9/><T20/><D20/><U70/><E50/><V105/><F105/><W67/><G71/><RYUUKYOKU ba="0,0" sc="188,15,245,-15,215,15,352,-15" hai0="17,21,88,90" hai2="8,11,24,26,27,91,99" /><INIT seed="2,1,0,4,0,68" ten="203,230,230,337" oya="2" hai0="80,50,131,10,83,0,3,59,120,7,37,111,20" hai1="2,123,61,117,121,91,32,132,77,5,105,75,40" hai2="13,55,70,43,57,71,4,113,112,76,14,15,66" hai3="54,100,51,124,30,130,104,23,42,98,128,69,31"/><V65/><F4/><W67/><G42/><T47/><D120/><U119/><E132/><V74/><F76/><W103/><G103/><T87/><D131/><N who="3" m="50217" /><G124/><T26/><D111/><U134/><E134/><V11/><F11/><W82/><G82/><T101/><D0/><U114/><E114/><V60/><F74/><W56/><G23/><T92/><D59/><U88/><E32/><V34/><F34/><W62/><AGARI ba="1,0" hai="30,31,51,54,56,62,67,69,98,100,104" m="50217" machi="62" ten="30,1100,0" yaku="19,1" doraHai="68" who="3" fromWho="3" sc="203,-4,230,-4,230,-6,337,14" /><INIT seed="3,0,0,5,1,133" ten="199,226,224,351" oya="3" hai0="117,59,98,84,56,49,15,97,128,83,24,112,23" hai1="3,127,113,34,54,81,38,35,51,104,28,12,100" hai2="110,86,75,106,9,43,87,73,77,47,125,124,134" hai3="30,102,67,65,68,48,27,46,132,55,94,96,118"/><W130/><G118/><T29/><D117/><U69/><E113/><V121/><F134/><W123/><G123/><T8/><D112/><U126/><E3/><V5/><F121/><W78/><G68/><T90/><D128/><U26/><E38/><N who="2" m="22007" /><F106/><W20/><G130/><T101/><D49/><U42/><E42/><V36/><F36/><W95/><G132/><T40/><D40/><U99/><E69/><V92/><F110/><W44/><G78/><T115/><D115/><U91/><E12/><V107/><F107/><W88/><G46/><T120/><D120/><U89/><E34/><V93/><F87/><AGARI ba="0,0" hai="20,27,30,44,48,55,65,67,87,88,94,95,96,102" machi="87" ten="30,5800,0" yaku="7,1,8,1,54,1" doraHai="133" who="3" fromWho="2" sc="199,0,226,0,224,-58,351,58" owari="199,-20.1,226,2.6,166,-33.4,409,50.9" /></mjloggm>