<mjloggm ver="2.3"><GO type="225" lobby="0"/><UN n0="%72%69%6F%75%63%68%61%6E" n1="%E3%81%AF%E3%82%88%E3%81%8A%E3%81%98%E3%81%95%E3%82%93" n2="%E5%AE%AE%E4%BF%9D%E9%B6%8F%E8%82%89" n3="%E7%AD%89%E3%80%85%E5%8A%9B%E5%8A%87%E5%A0%B4" dan="17,17,16,16" rate="2148.66,2219.82,2117.88,2135.66" sx="M,M,M,M"/><TAIKYOKU oya="0"/><INIT seed="0,0,0,0,5,108" ten="250,250,250,250" oya="0" hai0="37,114,134,93,103,39,118,17,6,44,106,7,87" hai1="53,97,73,120,8,83,80,41,90,3,94,23,63" hai2="110,69,115,86,36,130,40,10,56,5,101,75,98" hai3="1,49,25,132,112,31,24,123,117,124,50,54,109"/><T62/><D114/><U61/><E120/><V30/><F110/><W66/><G109/><T19/><D134/><U107/><E107/><V92/><F75/><W32/><G117/><T78/><D118/><U58/><E73/><V67/><F115/><W13/><G1/><T33/><D33/><U79/><E41/><V0/><F130/><W99/><G112/><T22/><D106/><U59/><E79/><V96/><F69/><W65/><G124/><T133/><D133/><U71/><E71/><V68/><F68/><W122/><G132/><T104/><D104/><U113/><E113/><V28/><F96/><W35/><G13/><T95/><D44/><U14/><E23/><V21/><F21/><W131/><G99/><N who="0" m="59887" /><D37/><U128/><E3/><V9/><F9/><W12/><G12/><N who="0" m="9511" /><D39/><U102/><E102/><V64/><F36/><W105/><G105/><T70/><D70/><U18/><REACH who="1" step="1"/><E128/><REACH who="1" ten="250,240,250,250" step="2"/><V43/><F43/><W125/><G131/><T126/><D78/><U46/><E46/><V85/><F40/><W52/><G125/><T77/><D126/><U129/><E129/><V74/><F74/><W121/><G123/><T116/><D116/><U111/><E111/><V57/><F56/><W127/><G127/><T84/><D77/><U119/><E119/><V72/><F72/><W15/><G122/><T135/><D135/><U27/><E27/><V4/><F57/><W26/><G121/><T38/><D38/><U89/><E89/><V2/><F2/><W34/><G31/><N who="2" m="11817" /><F5/><W76/><G76/><T100/><D6/><U55/><AGARI ba="0,1" hai="8,14,18,53,55,58,59,61,63,80,83,90,94,97" machi="55" ten="20,12000,2" yaku="1,1,0,1,7,1,9,1,8,1,53,1" doraHai="108" doraHaiUra="91" who="1" fromWho="1" sc="250,-60,240,130,250,-30,250,-30" /><INIT seed="1,0,0,5,0,89" ten="190,370,220,220" oya="1" hai0="67,52,62,65,28,100,129,128,88,118,44,64,68" hai1="91,32,48,87,126,5,98,99,7,111,82,92,76" hai2="79,60,42,96,121,58,127,47,86,133,24,56,50" hai3="16,131,84,8,130,66,75,14,71,78,10,6,26"/><U135/><E32/><V120/><F127/><W49/><G75/><T72/><D118/><U3/><E126/><V0/><F133/><W134/><G134/><T112/><D112/><U17/><E135/><V74/><F74/><W125/><G125/><T36/><D72/><U107/><E111/><V15/><F0/><W57/><G71/><T9/><D100/><U33/><E33/><V116/><F116/><W115/><G115/><T69/><D28/><U12/><E3/><V11/><F24/><W122/><G122/><T70/><D9/><U22/><E107/><V90/><F79/><W132/><G132/><T4/><D4/><U31/><E31/><V19/><F96/><W37/><G37/><T61/><D88/><N who="1" m="55559" /><E48/><V25/><F25/><W51/><G26/><T34/><D34/><U123/><E123/><V85/><F85/><W20/><G84/><T80/><D80/><U77/><E99/><V43/><F42/><W81/><G81/><T119/><D119/><U39/><E39/><V1/><F1/><W109/><G109/><T35/><D35/><U104/><E104/><V94/><REACH who="2" step="1"/><F56/><REACH who="2" ten="190,370,210,220" step="2"/><W38/><G57/><N who="0" m="34983" /><D62/><U55/><E76/><V63/><F63/><W124/><G78/><T59/><D59/><U13/><E77/><V117/><F117/><W105/><G124/><T83/><D83/><U21/><E82/><V18/><F18/><W73/><G16/><T29/><D29/><U95/><E17/><V102/><F102/><W113/><G73/><T46/><D36/><U53/><E87/><V110/><F110/><W45/><G38/><T114/><D114/><RYUUKYOKU ba="0,1" sc="190,15,370,-15,210,15,220,-15" hai0="44,46,64,65,67,68,69,70,128,129" hai2="11,15,19,43,47,50,58,60,86,90,94,120,121" /><INIT seed="2,1,1,5,1,93" ten="205,355,225,205" oya="2" hai0="6,68,13,57,124,32,44,104,15,40,61,23,17" hai1="80,37,130,20,118,16,88,81,63,116,132,133,26" hai2="87,64,76,86,28,11,107,50,70,120,0,110,100" hai3="59,112,85,52,36,49,84,47,29,33,99,90,4"/><V97/><F120/><W125/><G125/><T111/><D111/><U34/><E37/><V113/><F113/><W45/><G112/><T38/><D124/><U105/><E130/><V3/><F110/><W122/><G122/><T12/><D32/><U94/><E105/><V127/><F127/><W134/><G134/><N who="1" m="51818" /><E34/><V92/><F28/><W96/><G4/><T30/><D104/><U24/><E26/><V1/><F107/><W75/><G75/><T54/><D30/><U131/><E63/><V51/><F11/><W9/><G9/><T5/><REACH who="0" step="1"/><D68/><REACH who="0" ten="195,355,225,205" step="2"/><U82/><E131/><V48/><REACH who="2" step="1"/><F76/><REACH who="2" ten="195,355,215,205" step="2"/><W60/><G29/><T62/><D62/><AGARI ba="1,3" hai="0,1,3,48,50,51,62,64,70,86,87,92,97,100" machi="62" ten="50,9600,0" yaku="1,1,2,1,52,1,53,0" doraHai="93" doraHaiUra="114" who="2" fromWho="0" sc="195,-99,355,0,215,129,205,0" /><INIT seed="2,2,0,5,2,25" ten="96,355,344,205" oya="2" hai0="132,118,58,93,64,88,35,50,57,46,76,32,28" hai1="108,30,14,71,2,116,53,51,83,16,127,73,117" hai2="89,72,9,44,91,17,122,26,66,79,113,52,24" hai3="67,41,65,81,101,13,59,22,3,109,115,43,119"/><V20/><F113/><W40/><G3/><T68/><D132/><U15/><E2/><V31/><F122/><W103/><G119/><T27/><D118/><U124/><E71/><V82/><F66/><W85/><G109/><T12/><D35/><U126/><E108/><V75/><F75/><W21/><G115/><T128/><D128/><U98/><E14/><V102/><F102/><W92/><G103/><T36/><D36/><U69/><E69/><V112/><F112/><W80/><G80/><T54/><D76/><N who="1" m="44431" /><E30/><V94/><F94/><W123/><G123/><T61/><REACH who="0" step="1"/><D12/><REACH who="0" ten="86,355,344,205" step="2"/><U87/><E15/><V130/><F130/><W121/><G13/><T134/><D134/><U125/><E125/><V38/><F38/><W95/><G121/><T4/><D4/><U29/><E117/><V96/><F96/><AGARI ba="2,1" hai="27,28,32,46,50,54,57,58,61,64,68,88,93,96" machi="96" ten="30,7700,0" yaku="1,1,7,1,52,1,54,1,53,0" doraHai="25" doraHaiUra="106" who="0" fromWho="2" sc="86,93,355,0,344,-83,205,0" /><INIT seed="3,0,0,3,4,86" ten="179,355,261,205" oya="3" hai0="74,75,68,124,108,98,104,118,106,115,91,53,2" hai1="65,90,47,88,125,11,134,93,57,22,85,116,107" hai2="34,126,31,15,60,23,92,62,71,114,40,25,13" hai3="81,79,63,19,37,7,87,83,20,49,96,29,18"/><W66/><G37/><T113/><D2/><U14/><E107/><N who="0" m="41001" /><D68/><U101/><E101/><V103/><F114/><N who="0" m="43530" /><D118/><U26/><E116/><V99/><F126/><W121/><G121/><T46/><D124/><U51/><E134/><V12/><F34/><W5/><G29/><T102/><D108/><U69/><E69/><V135/><F135/><W3/><G3/><T4/><D4/><U100/><E100/><V123/><F123/><W6/><G49/><N who="0" m="28855" /><D102/><U89/><E125/><V61/><F71/><W43/><G43/><AGARI ba="0,0" hai="12,13,15,23,25,31,40,43,60,61,62,92,99,103" machi="43" ten="40,1300,0" yaku="8,1" doraHai="86" who="2" fromWho="3" sc="179,0,355,0,261,13,205,-13" owari="179,-32.1,355,45.5,274,7.4,192,-20.8" /></mjloggm>