<mjloggm ver="2.3"><GO type="225" lobby="0"/><UN n0="%70%68%65%6E%6F%6D%65" n1="%72%61%6B%33" n2="%E3%81%A9%E3%82%93%E3%82%88%E3%81%8F%4D%6B%2E%32" n3="%E3%82%A2%E3%82%A4%E3%82%B9%E3%83%86%E3%82%A3%E3%83%BC%E3%81%82%E3%81%B9" dan="16,17,16,16" rate="2105.61,2168.00,2160.37,2104.95" sx="M,M,M,M"/><TAIKYOKU oya="0"/><INIT seed="0,0,0,3,1,102" ten="250,250,250,250" oya="0" hai0="19,114,128,26,12,99,62,121,47,36,42,30,39" hai1="84,101,122,18,132,56,104,68,38,93,69,22,49" hai2="92,79,72,11,131,107,2,55,87,13,81,24,74" hai3="60,123,21,117,80,106,64,23,85,50,53,14,0"/><T126/><D114/><U66/><E122/><V88/><F2/><W44/><G0/><T45/><D121/><U124/><E38/><V119/><F119/><W32/><G32/><T115/><D115/><U78/><E124/><V95/><F131/><W110/><G110/><T134/><D128/><U31/><E132/><V98/><F24/><W89/><G123/><T129/><D129/><U133/><E31/><V97/><F55/><W48/><G117/><T61/><D134/><U43/><E78/><V15/><F15/><W28/><G106/><T4/><D4/><U7/><E7/><V27/><F27/><W37/><G37/><T109/><D126/><U77/><E77/><V3/><F3/><W51/><G23/><T10/><D99/><U63/><E133/><V135/><F135/><W82/><G80/><T6/><D6/><U9/><E9/><V1/><F1/><W29/><G28/><T46/><D109/><U120/><E49/><V113/><F113/><W54/><G53/><T112/><D112/><U100/><E43/><V16/><F107/><W125/><G125/><T40/><REACH who="0" step="1"/><D46/><REACH who="0" ten="240,250,250,250" step="2"/><U52/><E120/><V91/><AGARI ba="0,1" hai="11,13,16,72,74,79,81,87,88,91,92,95,97,98" machi="91" ten="20,8000,1" yaku="0,1,7,1,9,1,54,2" doraHai="102" who="2" fromWho="2" sc="240,-40,250,-20,250,90,250,-20" /><INIT seed="1,0,0,1,0,86" ten="200,230,340,230" oya="1" hai0="10,12,46,112,15,28,82,42,57,106,54,44,69" hai1="109,84,14,128,43,3,89,110,19,105,87,120,72" hai2="31,119,7,56,125,55,21,132,32,93,129,77,99" hai3="76,62,45,61,0,17,81,133,25,27,65,102,116"/><U4/><E120/><V23/><F119/><W68/><G0/><T8/><D112/><U34/><E72/><V20/><F125/><W78/><G116/><T26/><D69/><U83/><E34/><V38/><F38/><W85/><G133/><T97/><D82/><U126/><E126/><V33/><F7/><W52/><G102/><T111/><D111/><N who="1" m="42507" /><E105/><V95/><F132/><W91/><G17/><T18/><D106/><U13/><E128/><V79/><F95/><W90/><G78/><T58/><D97/><U98/><E43/><V30/><F129/><W101/><G101/><T2/><D2/><U64/><E64/><V9/><F9/><W135/><G135/><T131/><D131/><U127/><E98/><V104/><F104/><W75/><G91/><T108/><D108/><U29/><E29/><V103/><F33/><W51/><REACH who="3" step="1"/><G62/><REACH who="3" ten="200,230,340,220" step="2"/><T115/><D18/><U60/><E60/><N who="2" m="35871" /><F32/><W6/><G6/><T41/><D115/><U16/><E127/><V22/><N who="2" m="5120" /><DORA hai="50" /><V73/><F73/><W113/><G113/><T40/><D28/><AGARI ba="0,1" hai="28,30,31,77,79,93,99,103" m="5120,35871" machi="28" ten="40,2600,0" yaku="8,1,52,1" doraHai="86,50" who="2" fromWho="0" sc="200,-26,230,0,340,36,220,0" /><INIT seed="2,0,0,4,1,106" ten="174,230,376,220" oya="2" hai0="86,40,71,114,112,116,129,44,87,53,57,90,0" hai1="122,95,119,29,88,52,99,115,41,110,19,128,50" hai2="74,47,3,103,78,96,89,113,4,49,126,92,59" hai3="39,60,32,2,21,63,36,97,68,120,9,11,6"/><V72/><F113/><W30/><G120/><T75/><D0/><U94/><E115/><V7/><F78/><W132/><G132/><T104/><D104/><U130/><E119/><V102/><F126/><W18/><G11/><T10/><D116/><U17/><E122/><V13/><F3/><W125/><G125/><T66/><D129/><N who="1" m="49771" /><E110/><V22/><F59/><W131/><G131/><T23/><D10/><U124/><E41/><V14/><F89/><W61/><G68/><T127/><D87/><N who="1" m="52511" /><E29/><V27/><F102/><W123/><G123/><T65/><D127/><U105/><E105/><V35/><F35/><W15/><REACH who="3" step="1"/><G97/><REACH who="3" ten="174,230,376,210" step="2"/><T82/><D112/><U107/><E124/><V84/><F96/><W91/><G91/><T24/><D114/><U58/><E107/><V93/><F103/><AGARI ba="0,1" hai="17,19,50,52,58,95,99,103" m="52511,49771" machi="103" ten="30,3900,0" yaku="19,1,54,2" doraHai="106" who="1" fromWho="2" sc="174,0,230,49,376,-39,210,0" /><INIT seed="3,0,0,0,3,69" ten="174,279,337,210" oya="3" hai0="135,25,94,65,14,108,19,53,76,93,9,123,32" hai1="122,10,66,110,71,57,56,5,99,39,74,100,59" hai2="21,132,63,23,124,95,50,47,118,31,33,40,83" hai3="88,77,97,75,24,96,85,68,61,18,92,45,26"/><W84/><G75/><T38/><D123/><U117/><E122/><V37/><F118/><W106/><G45/><T67/><D108/><U89/><E74/><V49/><F33/><W8/><G68/><T16/><D135/><U78/><E78/><V130/><F132/><W91/><G77/><T115/><D115/><U128/><E110/><V12/><F83/><W102/><G61/><T127/><D127/><U81/><E128/><V54/><F124/><W86/><REACH who="3" step="1"/><G91/><REACH who="3" ten="174,279,337,200" step="2"/><T2/><D76/><U90/><E89/><V11/><F63/><W20/><G20/><T4/><D38/><U72/><E39/><V28/><F37/><W87/><N who="3" m="21504" /><DORA hai="129" /><W15/><AGARI ba="0,1" hai="8,15,18,24,26,88,92,96,97,102,106" m="21504" machi="15" ten="40,12000,1" yaku="1,1,4,1,0,1,54,1,53,0" doraHai="69,129" doraHaiUra="114,41" who="3" fromWho="3" sc="174,-40,279,-40,337,-40,200,130" owari="134,-36.6,239,-16.1,297,9.7,330,43.0" /></mjloggm>