<mjloggm ver="2.3"><GO type="225" lobby="0"/><UN n0="%E3%81%B5%E3%81%98%E3%81%8B%E3%81%A4" n1="%E8%B6%85%E7%B4%9A%E9%B3%B3%E5%87%B0" n2="%77%72%77%72%77%72%77%72" n3="%E3%83%8F%E3%83%B3%E3%83%89%E3%83%A9%E3%83%BC%E3%83%BB%E3%83%AF%E3%83%B3" dan="16,16,17,17" rate="2098.24,2169.65,2211.06,2230.05" sx="M,F,M,M"/><TAIKYOKU oya="0"/><INIT seed="0,0,0,3,1,105" ten="250,250,250,250" oya="0" hai0="30,0,125,53,80,6,91,63,45,8,7,124,36" hai1="110,9,93,52,135,68,50,33,19,103,69,20,26" hai2="126,25,100,34,18,82,15,59,89,32,134,49,24" hai3="1,132,99,92,77,12,57,37,75,117,106,60,16"/><T112/><D112/><U14/><E110/><V90/><F134/><W98/><G117/><T115/><D115/><U4/><E135/><V70/><F70/><W133/><G1/><T2/><D30/><U43/><E43/><V97/><F126/><N who="0" m="48746" /><D63/><U119/><E119/><V95/><F32/><W40/><G106/><T56/><D91/><N who="2" m="34826" /><F82/><W131/><G131/><T129/><D80/><U79/><E79/><V109/><F34/><W35/><G35/><T3/><D129/><U10/><E10/><N who="2" m="6519" /><F109/><W104/><G104/><T27/><D27/><U5/><E5/><N who="0" m="1545" /><D8/><U31/><E93/><V76/><F76/><W94/><G94/><T107/><D107/><U51/><E103/><V13/><F13/><W46/><G92/><T111/><D111/><U81/><E81/><V84/><F84/><W67/><G133/><T66/><D66/><U128/><E128/><V123/><F123/><W86/><G86/><T71/><D71/><U39/><E39/><V87/><F87/><W122/><G122/><T48/><D36/><U83/><E83/><V11/><F11/><N who="3" m="6175" /><G132/><T102/><D102/><U74/><E4/><V72/><F24/><W108/><G108/><T96/><D96/><U17/><E9/><V78/><F25/><W130/><G130/><T88/><D88/><U127/><E127/><V62/><F62/><W116/><G116/><T29/><D29/><U54/><E17/><V41/><F78/><W21/><G21/><T47/><AGARI ba="0,0" hai="0,2,3,45,47,48,53,56" m="1545,48746" machi="47" ten="40,2100,0" yaku="18,1" doraHai="105" who="0" fromWho="0" sc="250,21,250,-7,250,-7,250,-7" /><INIT seed="0,1,0,5,5,128" ten="271,243,243,243" oya="0" hai0="91,39,98,135,28,63,24,25,36,118,50,3,113" hai1="79,100,15,64,102,106,42,2,101,89,45,121,96" hai2="110,81,70,133,116,120,123,86,90,21,73,68,22" hai3="78,43,104,108,61,11,48,71,55,18,20,31,7"/><T57/><D118/><U66/><E121/><V10/><F116/><W16/><G104/><T80/><D113/><U97/><E2/><V37/><F37/><W117/><G117/><T88/><D3/><U34/><E34/><V99/><F73/><W126/><G108/><T40/><D40/><U83/><E15/><V114/><F114/><W5/><G126/><T124/><D50/><U76/><E89/><V112/><F112/><W111/><G111/><T41/><D124/><U29/><E29/><V1/><F110/><W93/><G78/><T6/><D6/><U132/><E132/><V23/><F133/><W107/><G107/><T47/><D135/><U109/><E109/><V9/><F1/><W75/><G75/><T53/><D36/><U130/><E130/><V38/><F38/><W60/><G43/><T44/><D44/><U87/><E79/><V77/><F99/><W17/><G93/><T62/><D62/><N who="3" m="24169" /><G71/><T74/><D98/><U84/><E84/><V129/><F129/><W82/><G82/><T33/><REACH who="0" step="1"/><D25/><REACH who="0" ten="261,243,243,243" step="2"/><U119/><E119/><V46/><F46/><N who="3" m="28055" /><G11/><N who="2" m="4105" /><F123/><W65/><G65/><N who="1" m="25194" /><E106/><V59/><F120/><W67/><G67/><T134/><D134/><U49/><AGARI ba="1,1" hai="42,45,49,76,83,87,96,97,100,101,102" m="25194" machi="49" ten="30,1100,0" yaku="8,1" doraHai="128" who="1" fromWho="1" sc="261,-6,243,24,243,-4,243,-4" /><INIT seed="1,0,0,5,4,8" ten="255,267,239,239" oya="1" hai0="36,57,121,4,102,71,14,78,105,123,52,133,95" hai1="120,117,34,25,58,27,114,38,84,132,110,31,16" hai2="68,82,109,87,134,56,28,17,46,73,64,12,83" hai3="37,3,119,130,72,23,111,10,6,22,89,44,65"/><U0/><E114/><V100/><F68/><W69/><G111/><T2/><D2/><U35/><E117/><V42/><F109/><W18/><G119/><T26/><D36/><U33/><E38/><V98/><F134/><W104/><G104/><T122/><D71/><U41/><E41/><V79/><F28/><W128/><G72/><T80/><D133/><U50/><E132/><V108/><F108/><W53/><G89/><T55/><D26/><U40/><E110/><V9/><F56/><W126/><G126/><T77/><D105/><U39/><E39/><V75/><F64/><W106/><G106/><T127/><D127/><U60/><E120/><V45/><F42/><N who="3" m="22607" /><G53/><N who="0" m="20555" /><D57/><U66/><E0/><V115/><F115/><W5/><G5/><T30/><D30/><U29/><E84/><V49/><F49/><W97/><G97/><N who="0" m="59711" /><D80/><U76/><E76/><V67/><F67/><W101/><G101/><T32/><D32/><U74/><E74/><V85/><F73/><W118/><G118/><T92/><D92/><U63/><E34/><V88/><REACH who="2" step="1"/><F75/><REACH who="2" ten="255,267,229,239" step="2"/><W15/><G69/><T62/><D62/><U107/><E60/><V93/><AGARI ba="0,1" hai="9,12,17,45,46,79,82,83,85,87,88,93,98,100" machi="93" ten="20,12000,2" yaku="1,1,2,1,0,1,7,1,8,1,52,1,54,1,53,0" doraHai="8" doraHaiUra="70" who="2" fromWho="2" sc="255,-30,267,-60,229,130,239,-30" /><INIT seed="2,0,0,1,5,55" ten="225,207,359,209" oya="2" hai0="2,0,126,79,122,109,88,1,97,98,51,65,133" hai1="104,48,4,20,64,28,75,124,32,72,117,34,13" hai2="81,8,95,23,6,52,46,33,43,21,69,106,68" hai3="92,22,45,80,39,115,40,82,77,47,18,113,54"/><V62/><F33/><W91/><G47/><T107/><D122/><U128/><E117/><V129/><F106/><W78/><G54/><T111/><D79/><U116/><E116/><V96/><F129/><W57/><G57/><T24/><D65/><U25/><E104/><V83/><F69/><W85/><G78/><T94/><D51/><U105/><E105/><V108/><F108/><N who="0" m="41546" /><D126/><U50/><E128/><V37/><F68/><W110/><G110/><T125/><D125/><U134/><E124/><V87/><F52/><W63/><G63/><T19/><D133/><U7/><E64/><V93/><F93/><W16/><G82/><T3/><N who="0" m="0" /><DORA hai="10" /><T130/><D130/><U14/><E20/><V102/><F83/><W89/><G89/><T121/><D121/><U61/><E61/><V120/><F62/><W29/><G29/><T99/><D107/><U86/><E28/><V73/><F73/><W42/><G42/><T15/><D24/><U31/><E31/><V84/><F120/><W101/><G101/><T38/><D38/><U90/><E25/><V67/><F67/><W35/><G35/><T76/><D76/><U114/><E134/><V58/><F81/><W131/><G131/><T135/><D135/><U30/><E30/><V118/><F43/><W103/><G103/><T53/><D53/><U17/><E90/><V66/><F102/><W12/><REACH who="3" step="1"/><G18/><REACH who="3" ten="225,207,359,199" step="2"/><T9/><AGARI ba="0,1" hai="9,15,19,88,94,97,98,99" m="0,41546" machi="9" ten="60,7900,0" yaku="14,1,52,1,54,1" doraHai="55,10" who="0" fromWho="0" sc="225,89,207,-20,359,-39,199,-20" /><INIT seed="3,0,0,0,1,111" ten="314,187,320,179" oya="3" hai0="102,3,74,91,2,57,41,53,15,34,68,83,85" hai1="120,72,93,96,54,87,78,112,27,61,28,79,38" hai2="58,62,37,130,134,14,95,133,23,106,8,39,67" hai3="81,7,47,117,69,88,127,73,76,107,101,43,98"/><W29/><G117/><T115/><D34/><U59/><E120/><V86/><F106/><W31/><G69/><T116/><D116/><U109/><E38/><V131/><F23/><W71/><G71/><T110/><D68/><U123/><E123/><V9/><F9/><W44/><G127/><T55/><D110/><U42/><E42/><V94/><F39/><W4/><G44/><T132/><D132/><N who="2" m="50794" /><F37/><W24/><G31/><T16/><D41/><U19/><E109/><V63/><F63/><W97/><G47/><T50/><D102/><U18/><E72/><V52/><F67/><W49/><G49/><T99/><D99/><U80/><E79/><V121/><F121/><W66/><G66/><T21/><D74/><U48/><E112/><V30/><F30/><W124/><G124/><T64/><D64/><U26/><E61/><V13/><F13/><W129/><G129/><N who="2" m="49161" /><F86/><W20/><REACH who="3" step="1"/><G43/><REACH who="3" ten="314,187,320,169" step="2"/><T84/><D53/><U22/><E27/><V90/><F62/><W6/><G6/><T25/><D115/><U36/><E36/><V89/><F52/><W70/><G70/><T82/><D25/><U60/><E60/><V17/><F58/><W56/><G56/><T114/><D114/><U11/><E11/><V5/><F5/><W65/><G65/><T35/><D35/><U75/><E75/><V32/><F32/><W1/><G1/><T77/><AGARI ba="0,1" hai="2,3,15,16,21,50,55,57,77,82,83,84,85,91" machi="77" ten="20,2700,0" yaku="0,1,7,1,54,1" doraHai="111" who="0" fromWho="0" sc="314,37,187,-7,320,-7,169,-13" owari="351,45.1,180,-22.0,313,11.3,156,-34.4" /></mjloggm>