<mjloggm ver="2.3"><GO type="225" lobby="0"/><UN n0="%E6%97%A5%E6%9B%9C%E6%97%A5%E3%82%88%E3%82%8A%E3%81%AE%E4%BD%BF%E8%80%85" n1="%E4%B8%AD%E5%B9%B4%E3%81%AE%E5%8D%B1%E6%A9%9F" n2="%72%61%6B%33" n3="%E3%83%B4%E3%83%A0%EF%BC%99%E3%81%A6" dan="17,16,17,17" rate="2200.82,2128.56,2246.53,2213.49" sx="M,M,M,M"/><TAIKYOKU oya="0"/><INIT seed="0,0,0,2,5,111" ten="250,250,250,250" oya="0" hai0="50,16,53,87,17,43,123,116,18,106,20,41,58" hai1="113,46,21,7,134,72,56,71,127,42,27,92,65" hai2="75,77,40,124,45,102,36,76,104,88,67,13,66" hai3="38,121,128,35,64,107,49,126,30,80,119,82,69"/><T133/><D116/><U59/><E72/><V8/><F124/><W3/><RYUUKYOKU type="yao9" ba="0,0" sc="250,0,250,0,250,0,250,0" hai3="3,30,35,38,49,64,69,80,82,107,119,121,126,128" /><INIT seed="0,1,0,1,0,69" ten="250,250,250,250" oya="0" hai0="45,89,31,125,46,99,25,61,129,77,10,92,4" hai1="8,106,65,88,127,93,49,47,63,27,91,15,76" hai2="51,115,36,111,58,6,67,38,44,0,102,32,118" hai3="98,79,109,128,21,81,19,123,62,1,18,55,42"/><T72/><D125/><U34/><E106/><V52/><F115/><W120/><G1/><T78/><D129/><U43/><E127/><V9/><F32/><W71/><G128/><T66/><D72/><U57/><E76/><V14/><F111/><W134/><G109/><T26/><D77/><U103/><E34/><V101/><F118/><W70/><G134/><T105/><D78/><U117/><E117/><V29/><F29/><W59/><G98/><T60/><D105/><U84/><E27/><N who="0" m="10249" /><D31/><U131/><E131/><V56/><F0/><W94/><G94/><T80/><D80/><U20/><E20/><V39/><REACH who="2" step="1"/><F67/><REACH who="2" ten="250,250,240,250" step="2"/><W96/><G123/><T113/><D113/><U85/><E103/><AGARI ba="1,1" hai="6,9,14,36,38,39,44,51,52,56,58,101,102,103" machi="103" ten="40,16000,3" yaku="1,1,2,1,52,3,54,1,53,2" doraHai="69" doraHaiUra="54" who="2" fromWho="1" sc="250,0,250,-163,240,173,250,0" /><INIT seed="1,0,0,5,1,118" ten="250,87,413,250" oya="1" hai0="117,70,48,106,3,24,29,35,125,36,26,102,54" hai1="93,7,23,126,15,72,121,80,99,134,107,60,17" hai2="12,95,113,73,41,25,92,87,119,22,1,19,44" hai3="52,110,50,21,76,39,58,97,34,85,131,124,8"/><U133/><E107/><V59/><F119/><W57/><G34/><T30/><D117/><U71/><E126/><V6/><F73/><W94/><G124/><T78/><D36/><U112/><E112/><V38/><F113/><W9/><G39/><T5/><D78/><U69/><E7/><V127/><F127/><W109/><G131/><T130/><D125/><U46/><E46/><V79/><F1/><W91/><G21/><T96/><D130/><U43/><E43/><V66/><F66/><W135/><G135/><N who="1" m="51722" /><E60/><V4/><F59/><W32/><G32/><T40/><D40/><U2/><E2/><V90/><F79/><W68/><G68/><N who="1" m="26186" /><E72/><V132/><F132/><W18/><G58/><T20/><D70/><U123/><E80/><V16/><REACH who="2" step="1"/><F92/><REACH who="2" ten="250,87,403,250" step="2"/><W55/><G57/><T51/><D3/><U63/><E63/><V28/><F28/><W11/><G94/><T128/><D30/><U114/><E114/><V111/><F111/><W74/><G109/><T61/><D29/><U103/><AGARI ba="0,1" hai="15,17,23,93,99,103,121,123" m="26186,51722" machi="103" ten="30,6000,0" yaku="20,1,52,2" doraHai="118" who="1" fromWho="1" sc="250,-20,87,70,403,-20,250,-20" /><INIT seed="1,1,0,5,2,76" ten="230,157,383,230" oya="1" hai0="103,28,113,24,111,13,99,36,6,116,132,107,16" hai1="54,25,4,41,46,86,91,29,122,62,8,101,90" hai2="129,30,70,27,2,12,94,106,65,32,69,56,82" hai3="135,53,78,126,124,58,60,123,81,118,117,7,119"/><U120/><E101/><V42/><F2/><W71/><G123/><T9/><D113/><U128/><E128/><V108/><F106/><W14/><G135/><T67/><D116/><U50/><E62/><V105/><F105/><W87/><G71/><T57/><D132/><U114/><E114/><V47/><F108/><W96/><G96/><T34/><D36/><U72/><E72/><V110/><F110/><W66/><G66/><T59/><D111/><U20/><E41/><V40/><F94/><W52/><G53/><T104/><D104/><U45/><E45/><V48/><F40/><W37/><G37/><T83/><D67/><U1/><REACH who="1" step="1"/><E90/><REACH who="1" ten="230,147,383,230" step="2"/><V61/><F129/><W49/><G60/><T55/><D55/><U11/><E11/><AGARI ba="1,1" hai="7,11,14,49,52,58,78,81,87,117,118,119,124,126" machi="11" ten="50,6400,0" yaku="12,1,52,1,54,1" doraHai="76" who="3" fromWho="1" sc="230,0,147,-67,383,0,230,77" /><INIT seed="2,0,0,5,5,126" ten="230,80,383,307" oya="2" hai0="107,99,33,114,101,135,25,36,74,115,90,6,109" hai1="123,124,127,97,57,2,59,39,131,85,12,121,1" hai2="3,130,132,16,61,66,125,69,71,129,91,20,73" hai3="30,95,98,82,113,19,128,110,45,70,86,65,122"/><V47/><F125/><N who="1" m="48201" /><E12/><V72/><F3/><N who="1" m="1033" /><E85/><V77/><F132/><W8/><G128/><N who="2" m="49257" /><F71/><W53/><G122/><N who="1" m="46602" /><E131/><V51/><F91/><W92/><G8/><T106/><D135/><U117/><E97/><V60/><F60/><W46/><G98/><T76/><D99/><U118/><E39/><V58/><F69/><W23/><G70/><T17/><D36/><U40/><E40/><N who="2" m="25063" /><F77/><W94/><G46/><T108/><D76/><U93/><E93/><V4/><F4/><W119/><G92/><T14/><D6/><U7/><E7/><V0/><F0/><W116/><G94/><T102/><D115/><U64/><E64/><V13/><AGARI ba="0,0" hai="13,16,20,58,61,66,72,73" m="25063,49257" machi="13" ten="30,12000,1" yaku="19,1,52,3,54,1" doraHai="126" who="2" fromWho="2" sc="230,-40,80,-40,383,120,307,-40" /><INIT seed="2,1,0,1,0,23" ten="190,40,503,267" oya="2" hai0="56,21,78,100,126,29,97,64,65,94,101,38,50" hai1="0,35,46,89,134,61,133,130,18,1,11,22,7" hai2="10,82,37,124,41,40,102,98,43,128,90,25,42" hai3="83,104,76,118,44,113,14,129,85,122,19,88,114"/><V81/><F124/><W6/><G118/><T48/><D38/><U119/><E46/><V31/><F128/><W53/><G122/><T69/><D69/><U87/><E61/><V107/><F10/><W79/><G129/><T77/><D101/><U99/><E87/><V67/><F67/><N who="0" m="25674" /><D126/><U80/><E89/><V12/><F12/><W103/><G6/><T93/><D93/><U125/><E99/><V70/><F70/><W13/><G103/><T92/><D92/><U49/><E49/><N who="0" m="19049" /><D56/><U96/><E96/><V52/><F90/><W59/><G44/><T63/><D63/><U127/><E80/><V3/><F3/><W55/><G104/><T95/><D95/><U47/><E47/><V34/><F37/><W84/><G84/><T74/><D74/><U117/><E35/><V54/><N who="2" m="10240" /><DORA hai="24" /><V60/><REACH who="2" step="1"/><F52/><REACH who="2" ten="190,40,493,267" step="2"/><W135/><G55/><T58/><D58/><AGARI ba="1,1" hai="25,31,34,54,58,60,81,82,98,102,107" m="10240" machi="58" ten="50,12000,1" yaku="1,1,2,1,52,2,53,0" doraHai="23,24" doraHaiUra="120,91" who="2" fromWho="0" sc="190,-123,40,0,493,133,267,0" /><INIT seed="2,2,0,2,1,82" ten="67,40,626,267" oya="2" hai0="26,119,134,124,95,78,122,85,58,83,133,57,16" hai1="42,50,7,21,97,27,73,130,86,20,70,29,45" hai2="67,25,38,9,10,80,88,126,66,127,39,93,111" hai3="59,77,87,34,84,116,56,30,106,105,1,23,3"/><V99/><F111/><W43/><G34/><T96/><D122/><U49/><E73/><V113/><F113/><W79/><G23/><N who="0" m="13671" /><D124/><N who="2" m="47658" /><F25/><W135/><G43/><T51/><D51/><U14/><E70/><V108/><F108/><W74/><G74/><T2/><D2/><U22/><E130/><V100/><F10/><W114/><G135/><N who="0" m="51723" /><D119/><U8/><E50/><V110/><F9/><W44/><G44/><T41/><D41/><U52/><E42/><V55/><F55/><W71/><G71/><T40/><D40/><U13/><E13/><V35/><F35/><W46/><G46/><T131/><D131/><U24/><E24/><V94/><F80/><W69/><G114/><T0/><D0/><U76/><E97/><N who="2" m="59439" /><F110/><W121/><G116/><T117/><D117/><U115/><E115/><V63/><F66/><W109/><G109/><T120/><D120/><U98/><E98/><V61/><F63/><W36/><G1/><T118/><D118/><U37/><E37/><V31/><F31/><W101/><G30/><T92/><D92/><U81/><AGARI ba="2,0" hai="7,8,14,20,21,22,27,29,45,49,52,76,81,86" machi="81" ten="30,7900,0" yaku="0,1,8,1,52,1,54,1" doraHai="82" who="1" fromWho="1" sc="67,-22,40,85,626,-41,267,-22" /><INIT seed="3,0,0,4,4,129" ten="45,125,585,245" oya="3" hai0="88,32,87,91,49,82,73,29,38,33,117,103,106" hai1="21,12,121,26,7,35,24,4,13,115,52,54,109" hai2="64,74,125,62,27,55,118,61,1,124,58,63,81" hai3="98,107,43,69,85,83,79,72,89,14,30,96,93"/><W112/><G112/><T50/><D38/><U48/><E115/><V66/><F1/><W134/><G69/><T60/><D117/><U114/><E114/><V42/><F27/><N who="1" m="10281" /><E35/><V94/><F94/><W122/><G14/><N who="1" m="5738" /><E121/><V133/><F133/><W19/><G134/><T132/><D73/><U126/><E109/><V15/><F15/><W16/><G43/><T80/><D106/><U31/><E126/><N who="2" m="48747" /><F118/><W90/><G30/><T17/><D103/><U68/><E68/><V10/><F10/><W22/><G19/><T127/><D127/><U97/><E97/><V75/><F42/><W113/><G16/><T110/><D17/><U123/><E123/><V51/><F75/><W71/><G71/><T37/><D37/><U108/><E108/><V46/><F66/><W77/><G72/><T44/><D110/><U78/><E78/><AGARI ba="0,0" hai="46,51,55,58,61,62,63,64,74,78,81" m="48747" machi="78" ten="30,1000,0" yaku="18,1" doraHai="129" who="2" fromWho="1" sc="45,0,125,-10,585,10,245,0" owari="45,-45.5,115,-28.5,595,69.5,245,4.5" /></mjloggm>