<mjloggm ver="2.3"><GO type="225" lobby="0"/><UN n0="%48%61%61%61%6C%61%6E%64" n1="%E6%81%AC%E6%B7%A1%E5%AF%82%E5%AF%9E" n2="%E3%81%AF%E3%82%88%E3%81%8A%E3%81%98%E3%81%95%E3%82%93" n3="%E8%81%B7%E6%A5%AD%E3%80%81%E9%A2%A8%32" dan="17,16,16,16" rate="2245.24,2125.74,2157.13,2107.79" sx="M,M,M,M"/><TAIKYOKU oya="0"/><INIT seed="0,0,0,5,5,80" ten="250,250,250,250" oya="0" hai0="103,53,37,121,106,67,82,62,84,81,127,24,48" hai1="59,73,44,33,68,4,108,19,130,65,118,51,79" hai2="58,0,50,70,131,61,99,124,91,27,76,71,94" hai3="56,41,74,77,43,30,133,14,18,20,21,12,5"/><T93/><D121/><U7/><E118/><V115/><F115/><W105/><G133/><T40/><D127/><U112/><E68/><V95/><F0/><W122/><G105/><T123/><D123/><U120/><E120/><V110/><F124/><W46/><G122/><T15/><D106/><U17/><E33/><V26/><F110/><W54/><G74/><T29/><D15/><U6/><E112/><V135/><F135/><W97/><G77/><T23/><D40/><U92/><E108/><V2/><F2/><W3/><G97/><N who="0" m="59823" /><D37/><U64/><E130/><V109/><F109/><W22/><G3/><T35/><D35/><U107/><E107/><V36/><F36/><W114/><G114/><T39/><D39/><U57/><E92/><V132/><F132/><W89/><G30/><T28/><D28/><U69/><E79/><V42/><F70/><W63/><G89/><N who="0" m="51343" /><D82/><U60/><E73/><V11/><F71/><W129/><G129/><T34/><D34/><U125/><E125/><V55/><F131/><W111/><G111/><T101/><D101/><U128/><E128/><V47/><F76/><W90/><G90/><T102/><D102/><U72/><E72/><V104/><F104/><W13/><G43/><T88/><D88/><U9/><E9/><V85/><F11/><N who="3" m="4207" /><G14/><T98/><D98/><U66/><E69/><V75/><F75/><W87/><G87/><T83/><D83/><U25/><E25/><N who="2" m="9227" /><F95/><W8/><G8/><T52/><D48/><AGARI ba="0,0" hai="13,18,20,21,22,41,46,48,54,56,63" m="4207" machi="48" ten="30,1000,0" yaku="8,1" doraHai="80" who="3" fromWho="0" sc="250,-10,250,0,250,0,250,10" /><INIT seed="1,0,0,0,0,88" ten="240,250,250,260" oya="1" hai0="80,57,39,19,129,105,33,35,61,59,89,60,78" hai1="36,101,124,31,41,75,104,4,9,13,29,3,77" hai2="127,45,98,90,72,16,113,8,70,109,111,48,132" hai3="11,42,131,71,134,130,12,46,86,108,115,74,93"/><U83/><E124/><V102/><F127/><W25/><G71/><T62/><D39/><U95/><E104/><V34/><F70/><W10/><G74/><T123/><D105/><U37/><E13/><N who="2" m="7207" /><F72/><W64/><G108/><N who="2" m="41545" /><F34/><W18/><G115/><T120/><D19/><U100/><E100/><V26/><F26/><W135/><G64/><T79/><D89/><U117/><E117/><V112/><F90/><N who="3" m="53463" /><G25/><T121/><D129/><N who="3" m="49161" /><G11/><T28/><D28/><U114/><E114/><V63/><F63/><W7/><G18/><T0/><D0/><U14/><E14/><V54/><F132/><W94/><G94/><AGARI ba="0,0" hai="45,48,54,94,98,102,112,113" m="41545,7207" machi="94" ten="30,3900,0" yaku="14,1,52,1,54,1" doraHai="88" who="2" fromWho="3" sc="240,0,250,0,250,39,260,-39" /><INIT seed="2,0,0,0,3,80" ten="240,250,289,221" oya="2" hai0="27,49,72,126,120,39,132,117,13,105,133,103,15" hai1="30,92,127,35,81,84,33,5,70,116,6,102,31" hai2="14,129,90,41,24,100,98,122,88,48,78,0,59" hai3="50,40,62,107,61,47,22,37,109,130,93,53,44"/><V123/><F0/><W12/><G109/><T69/><D39/><U23/><E70/><V119/><F119/><W58/><G107/><T77/><D69/><U66/><E116/><V16/><F129/><W55/><G130/><T21/><D117/><U46/><E127/><V29/><F78/><W3/><G3/><T42/><D120/><U110/><E110/><V135/><F135/><N who="0" m="51786" /><D72/><U124/><E124/><V97/><F123/><W7/><G7/><N who="1" m="2570" /><E33/><V113/><F113/><W99/><G12/><T108/><D77/><N who="1" m="46127" /><E35/><V8/><F122/><W115/><G115/><T95/><D105/><U25/><E66/><V112/><F112/><W73/><G73/><T11/><D108/><U45/><E30/><V118/><F118/><W19/><G37/><T17/><D126/><U75/><E75/><V94/><F98/><AGARI ba="0,0" hai="23,25,31,45,46,92,98,102" m="46127,2570" machi="98" ten="30,2000,0" yaku="8,1,52,1" doraHai="80" who="1" fromWho="2" sc="240,0,250,20,289,-20,221,0" /><INIT seed="3,0,0,0,0,110" ten="240,270,269,221" oya="3" hai0="69,43,11,93,53,94,52,132,108,125,107,38,88" hai1="54,20,37,39,28,14,111,85,116,100,16,101,113" hai2="77,18,78,115,24,35,10,21,81,64,129,128,23" hai3="49,62,13,25,59,135,7,90,70,6,15,66,31"/><W118/><G118/><T84/><D107/><U3/><E116/><V103/><F35/><W130/><G135/><T55/><D69/><U4/><E111/><V0/><F103/><W34/><G130/><T92/><D108/><U102/><E113/><V86/><F64/><W89/><G7/><T120/><D120/><U91/><E54/><V60/><F60/><W26/><G25/><T122/><D122/><U65/><E65/><V112/><F77/><W56/><G70/><T99/><D132/><U41/><E28/><V46/><F46/><W72/><G72/><T80/><D125/><U44/><E39/><V87/><F86/><W75/><G75/><T95/><D11/><U32/><E32/><V104/><F104/><W126/><G126/><T61/><D38/><U124/><E124/><V1/><F23/><W98/><G98/><T97/><D43/><U36/><E36/><V8/><F8/><W71/><G6/><T123/><D123/><U2/><REACH who="1" step="1"/><E4/><REACH who="1" ten="240,260,269,221" step="2"/><N who="2" m="1287" /><F1/><W134/><G134/><T29/><D29/><U109/><E109/><V82/><F115/><W121/><G121/><T106/><D53/><U17/><E17/><V74/><F112/><W131/><G131/><T47/><D55/><U30/><E30/><V63/><F129/><W119/><G119/><T76/><D52/><U5/><E5/><V133/><F128/><W27/><G49/><T114/><D114/><U127/><E127/><V48/><F48/><W12/><REACH who="3" step="1"/><G27/><REACH who="3" ten="240,260,269,211" step="2"/><T51/><D51/><U45/><E45/><V79/><F133/><W33/><G33/><T96/><D47/><U42/><E42/><RYUUKYOKU ba="0,2" sc="240,-30,260,10,269,10,211,10" hai1="2,3,14,16,20,37,41,44,85,91,100,101,102" hai2="18,21,24,63,74,78,79,81,82,87" hai3="12,13,15,26,31,34,56,59,62,66,71,89,90" /><INIT seed="3,1,2,4,1,55" ten="210,270,279,221" oya="3" hai0="43,102,91,35,50,22,37,32,29,40,80,123,46" hai1="4,7,3,54,121,67,49,100,0,45,116,114,78" hai2="76,135,5,93,38,77,132,109,83,89,39,2,101" hai3="115,71,112,88,74,33,10,103,107,56,119,79,75"/><W21/><G33/><T118/><D118/><U26/><E114/><V99/><F109/><W36/><G71/><T122/><D102/><U130/><E121/><V20/><F20/><W82/><G36/><N who="2" m="13865" /><F5/><N who="1" m="2121" /><E3/><V6/><F6/><W15/><G119/><T52/><D32/><U63/><E0/><V23/><F23/><W12/><G75/><T64/><D35/><U60/><E116/><V1/><F101/><W47/><G10/><T97/><D64/><U41/><E130/><V110/><F77/><W117/><G117/><T69/><D69/><U106/><E106/><V94/><F94/><W129/><G129/><T65/><D65/><U98/><E78/><V86/><F110/><W53/><G47/><T120/><D37/><U13/><E13/><V59/><F59/><W48/><G15/><T84/><REACH who="0" step="1"/><D97/><REACH who="0" ten="200,270,279,221" step="2"/><U30/><E67/><V85/><F99/><W34/><G34/><T90/><D90/><U124/><E98/><V108/><F108/><W19/><G103/><T113/><D113/><U105/><E100/><V28/><F1/><W104/><G112/><T95/><D95/><U31/><E105/><V9/><F93/><W18/><G115/><T81/><D81/><U73/><E124/><V127/><F127/><W131/><G131/><T68/><D68/><U24/><E31/><V11/><F28/><W125/><G125/><T134/><D134/><N who="2" m="51242" /><F2/><W61/><G88/><T44/><D44/><U42/><E30/><V62/><F89/><W92/><G92/><T87/><D87/><U8/><E73/><V96/><F85/><W66/><G19/><T58/><D58/><RYUUKYOKU ba="1,3" sc="200,15,270,-15,279,-15,221,15" hai0="22,29,40,43,46,50,52,80,84,91,120,122,123" hai3="12,18,21,48,53,56,61,66,74,79,82,104,107" /><INIT seed="3,2,3,5,3,76" ten="215,255,264,236" oya="3" hai0="74,12,13,34,80,125,54,36,77,94,101,129,99" hai1="6,3,62,88,15,98,92,135,31,58,37,95,112" hai2="59,130,128,107,40,11,21,65,100,87,81,20,97" hai3="26,111,9,27,53,117,132,60,110,55,113,82,108"/><W7/><G117/><T71/><D125/><U104/><E112/><V33/><F33/><W124/><G113/><T78/><D129/><N who="2" m="49770" /><F40/><W22/><G124/><T61/><D36/><U114/><E114/><V1/><F59/><N who="3" m="34927" /><G132/><T17/><D34/><U84/><E3/><V115/><F65/><W119/><G119/><T120/><D120/><U25/><E37/><V70/><F70/><W44/><G22/><T49/><D77/><U109/><E104/><V73/><F73/><W123/><G123/><T72/><D72/><U14/><E6/><N who="2" m="1487" /><F115/><W126/><G126/><T48/><D48/><U41/><E41/><V122/><F122/><W121/><G121/><T51/><D49/><U90/><E135/><V23/><F20/><W68/><G68/><T96/><D17/><U19/><E19/><V83/><F83/><W43/><G82/><T16/><D16/><U79/><E79/><AGARI ba="2,3" hai="21,23,79,81,87,97,100,107" m="1487,49770" machi="79" ten="30,2000,0" yaku="19,1,52,1" doraHai="76" who="2" fromWho="1" sc="215,0,255,-26,264,56,236,0" owari="215,-28.5,229,-17.1,320,42.0,236,3.6" /></mjloggm>