<mjloggm ver="2.3"><GO type="225" lobby="0"/><UN n0="%E4%B8%AD%E5%B9%B4%E3%81%AE%E5%8D%B1%E6%A9%9F" n1="%6D%75%75%6D%75%72%61" n2="%E6%80%AA%E3%81%97%E3%81%99%E3%81%8E%E3%82%8B%E3%83%81%E3%83%BC" n3="%E5%AF%82%E5%AF%9E%E3%82%AE%E3%83%8D%E3%82%B9%E3%83%93%E3%83%BC%E3%83%AB" dan="16,16,16,16" rate="2162.32,2163.19,2106.54,2182.55" sx="M,F,M,M"/><TAIKYOKU oya="0"/><INIT seed="0,0,0,3,4,83" ten="250,250,250,250" oya="0" hai0="26,63,81,25,127,117,37,120,17,43,130,97,38" hai1="12,24,14,82,89,16,101,6,65,72,41,133,125" hai2="50,19,128,134,131,112,135,47,91,35,68,28,100" hai3="9,40,115,94,85,7,59,1,106,0,71,66,90"/><T30/><D120/><U70/><E125/><V73/><F68/><W76/><G115/><T75/><D117/><U23/><E133/><N who="2" m="50699" /><F112/><W15/><G106/><T13/><D127/><U54/><E41/><N who="2" m="24943" /><F73/><W56/><G40/><T111/><D130/><N who="2" m="49706" /><F100/><W58/><REACH who="3" step="1"/><G76/><REACH who="3" ten="250,250,250,240" step="2"/><T67/><D43/><U2/><E101/><V114/><F114/><W110/><G110/><T20/><D111/><U113/><E113/><V18/><F91/><W121/><G121/><T107/><D107/><U98/><E89/><V123/><F123/><W99/><G99/><T74/><D97/><U60/><E98/><V48/><F48/><W10/><G10/><T105/><D105/><U49/><E72/><V102/><F102/><W118/><G118/><T34/><D75/><U57/><REACH who="1" step="1"/><E82/><REACH who="1" ten="250,240,250,240" step="2"/><V46/><F46/><W116/><G116/><T78/><REACH who="0" step="1"/><D26/><AGARI ba="0,2" hai="18,19,26,28,35" m="49706,24943,50699" machi="26" ten="30,2000,0" yaku="20,1,19,1" doraHai="83" who="2" fromWho="0" sc="250,-20,240,0,250,40,240,0" /><INIT seed="1,0,0,0,1,34" ten="230,240,290,240" oya="1" hai0="39,57,128,129,75,95,81,103,40,108,51,25,112" hai1="56,84,79,114,130,8,124,105,60,48,63,93,31" hai2="20,13,7,26,116,32,107,76,126,1,23,85,46" hai3="27,22,100,50,119,18,133,78,110,70,33,121,109"/><U44/><E114/><V36/><F116/><W55/><G121/><T14/><D112/><U0/><E105/><V28/><F107/><W59/><G119/><T4/><D39/><U101/><E124/><V52/><F126/><W97/><G133/><T10/><D25/><U104/><E130/><N who="0" m="50281" /><D108/><N who="3" m="41577" /><G70/><T102/><D95/><U68/><E104/><V2/><F36/><W3/><G78/><N who="0" m="44255" /><D57/><U120/><E120/><V41/><F41/><W64/><G33/><T98/><D98/><U61/><E68/><V122/><F122/><W89/><G89/><T30/><D30/><U53/><E31/><V24/><F32/><W92/><G64/><T6/><D6/><U91/><E101/><N who="0" m="38409" /><D51/><U69/><E69/><V80/><F7/><W47/><G59/><T65/><D65/><U29/><E29/><V45/><F13/><W132/><G132/><T11/><D11/><U67/><REACH who="1" step="1"/><E79/><REACH who="1" ten="230,230,290,240" step="2"/><V42/><F28/><W118/><G118/><T17/><D17/><U96/><E96/><V35/><F76/><W88/><G100/><T73/><D73/><U111/><E111/><V16/><F16/><W62/><G18/><T38/><D38/><U83/><E83/><V113/><F80/><W37/><G37/><T106/><D106/><U5/><AGARI ba="0,1" hai="0,5,8,44,48,53,56,60,61,63,67,84,91,93" machi="5" ten="30,6000,0" yaku="1,1,0,1,52,1,53,0" doraHai="34" doraHaiUra="135" who="1" fromWho="1" sc="230,-20,230,70,290,-20,240,-20" /><INIT seed="1,1,0,1,4,48" ten="210,300,270,220" oya="1" hai0="107,57,3,98,77,55,11,14,86,102,33,17,72" hai1="101,53,87,15,99,22,10,13,71,128,115,106,111" hai2="132,12,126,61,100,64,30,127,28,4,21,52,20" hai3="75,121,16,117,97,122,0,65,83,119,124,37,32"/><U74/><E115/><V24/><F132/><W59/><G0/><T134/><D134/><U51/><E74/><V89/><F100/><W118/><G124/><N who="2" m="47657" /><F89/><W40/><G32/><T9/><D33/><U93/><E128/><V45/><F21/><W130/><G130/><T58/><D72/><U50/><E111/><V23/><F23/><W78/><G97/><T31/><D31/><U1/><E1/><V135/><F28/><W44/><REACH who="3" step="1"/><G16/><REACH who="3" ten="210,300,270,210" step="2"/><T47/><D3/><U125/><E125/><V26/><F135/><W95/><G95/><N who="0" m="58719" /><D11/><U90/><E10/><N who="2" m="4167" /><F20/><W113/><G113/><T84/><D107/><U29/><E22/><V88/><F30/><W133/><G133/><T104/><D104/><U114/><E29/><V8/><F8/><W35/><G35/><T60/><D17/><U96/><E114/><V36/><F26/><W103/><G103/><T54/><D9/><U5/><E5/><V123/><F24/><W120/><G120/><T7/><D7/><U105/><E15/><V19/><F19/><W70/><G70/><T25/><D14/><U110/><E71/><V80/><F123/><W2/><G2/><T27/><D25/><U18/><E110/><V91/><F80/><W129/><G129/><T41/><D27/><U56/><E105/><V73/><F73/><W49/><G49/><N who="0" m="26863" /><D77/><U76/><E76/><V79/><F79/><W112/><G112/><T109/><D109/><U116/><E116/><V6/><F6/><W82/><G82/><T94/><D94/><U81/><E18/><V67/><F36/><W46/><G46/><T92/><D92/><RYUUKYOKU ba="1,1" sc="210,15,300,-15,270,-15,210,15" hai0="54,55,57,58,60,84,86" hai3="37,40,44,59,65,75,78,83,117,118,119,121,122" /><INIT seed="2,2,1,3,3,20" ten="225,285,255,225" oya="2" hai0="125,115,13,81,68,72,59,54,104,51,117,124,57" hai1="128,39,134,82,2,5,116,15,131,100,14,74,77" hai2="58,113,45,88,29,10,42,73,50,126,132,46,47" hai3="120,7,0,30,70,107,28,127,84,40,17,61,93"/><V123/><F113/><W112/><G107/><T23/><D104/><U135/><E116/><V76/><F123/><W80/><G120/><T86/><D68/><U95/><E39/><V53/><F126/><N who="0" m="48746" /><D72/><U133/><E2/><V34/><F132/><W41/><G127/><T1/><D1/><U43/><E43/><V65/><F65/><W33/><G112/><T18/><D115/><U22/><E5/><V85/><F10/><W90/><G0/><T21/><D117/><U102/><E95/><V44/><F76/><W111/><G7/><T31/><D59/><U56/><E56/><V83/><F73/><W55/><G111/><T87/><D81/><U27/><E15/><V16/><F16/><W60/><G70/><T38/><D38/><U130/><E14/><V98/><F98/><W26/><G80/><T106/><D106/><U63/><E63/><V62/><F34/><W48/><G61/><T71/><D71/><U122/><E122/><V12/><F12/><W79/><G60/><T49/><D49/><U103/><E102/><V4/><F4/><W67/><G48/><T108/><D108/><U114/><E114/><V121/><REACH who="2" step="1"/><F121/><REACH who="2" ten="225,285,245,225" step="2"/><W110/><G110/><T37/><D37/><U52/><E52/><V19/><F19/><AGARI ba="2,2" hai="19,22,27,74,77,82,100,103,128,130,131,133,134,135" machi="19" ten="50,6400,0" yaku="19,1,20,1,52,1" doraHai="20" who="1" fromWho="2" sc="225,0,285,90,245,-70,225,0" /><INIT seed="3,0,0,0,0,48" ten="225,375,175,225" oya="3" hai0="118,92,5,1,45,41,116,126,54,49,125,81,23" hai1="16,86,19,29,100,25,122,123,120,53,82,26,66" hai2="56,40,91,63,18,57,60,3,36,6,132,61,62" hai3="0,71,65,104,7,21,17,94,55,99,98,134,4"/><W12/><G134/><T50/><D23/><U9/><E100/><V15/><F132/><W51/><G0/><T11/><D81/><U113/><E113/><V13/><F3/><W14/><G104/><T80/><D80/><U34/><E66/><V121/><F121/><W135/><G135/><T68/><D68/><U69/><E69/><V84/><F36/><W133/><G65/><T101/><D101/><U44/><E25/><V70/><F40/><W30/><G30/><T52/><D92/><U38/><E9/><N who="2" m="4279" /><F70/><W87/><G71/><T130/><D130/><U28/><E28/><V110/><F110/><W112/><G112/><T76/><D76/><U88/><E38/><V77/><F77/><W79/><G133/><T20/><D20/><U73/><E73/><V85/><N who="2" m="15360" /><DORA hai="97" /><V47/><F47/><N who="3" m="28159" /><G12/><T83/><D83/><U24/><E24/><V89/><F57/><W93/><G79/><T72/><D72/><U78/><E78/><V107/><F56/><W111/><G87/><T39/><D39/><U90/><E90/><V8/><F107/><W117/><G111/><T131/><D131/><U96/><E96/><N who="3" m="36906" /><G117/><T67/><D67/><U108/><E108/><V74/><F74/><W114/><G114/><T106/><D106/><U115/><E115/><V31/><F31/><W42/><G42/><T59/><REACH who="0" step="1"/><D41/><REACH who="0" ten="215,375,175,225" step="2"/><U27/><E34/><V58/><F58/><W64/><G64/><T75/><D75/><U35/><E27/><V103/><F103/><W128/><G128/><T124/><AGARI ba="0,1" hai="1,5,11,45,49,50,52,54,59,116,118,124,125,126" machi="124" ten="30,12000,2" yaku="1,1,0,1,18,1,52,2,54,1,53,1" doraHai="48,97" doraHaiUra="10,32" who="0" fromWho="0" sc="215,130,375,-30,175,-30,225,-60" owari="345,44.5,345,14.5,145,-35.5,165,-23.5" /></mjloggm>