<mjloggm ver="2.3"><GO type="225" lobby="0"/><UN n0="%E6%81%8B%E3%81%AE%E3%81%86%E3%81%9F" n1="%6D%75%75%73%61%6E%6D%75" n2="%72%69%6F%75%63%68%61%6E" n3="%E8%90%BD%E6%97%A5" dan="17,16,16,16" rate="2245.38,2122.33,2165.41,2153.65" sx="F,F,M,F"/><TAIKYOKU oya="0"/><INIT seed="0,0,0,3,1,128" ten="250,250,250,250" oya="0" hai0="114,124,74,79,126,19,4,132,87,48,88,125,133" hai1="16,20,119,43,122,94,65,69,118,130,76,3,73" hai2="95,42,108,40,58,14,33,28,9,96,30,36,113" hai3="129,22,46,10,55,34,89,70,91,44,57,84,29"/><T131/><D4/><U86/><E130/><V66/><F108/><W27/><G129/><T107/><D131/><U13/><E122/><V2/><F113/><W23/><G70/><T25/><D114/><U17/><E3/><V75/><F75/><W102/><G102/><T103/><D48/><U80/><E43/><V85/><F2/><W81/><G34/><T100/><D19/><U110/><E110/><V97/><F85/><W31/><G10/><T39/><D25/><U24/><E65/><V5/><F97/><W15/><G89/><T52/><D52/><U101/><E69/><V61/><F33/><W98/><G98/><N who="0" m="61847" /><D39/><U123/><E123/><V59/><F59/><W1/><G1/><T38/><D38/><U111/><E111/><V12/><F12/><W105/><G105/><T93/><D103/><U117/><E101/><N who="2" m="60575" /><F36/><W82/><G31/><AGARI ba="0,0" hai="5,9,14,28,30,31,40,42,58,61,66" m="60575" machi="31" ten="30,1000,0" yaku="8,1" doraHai="128" who="2" fromWho="3" sc="250,0,250,0,250,10,250,-10" /><INIT seed="1,0,0,5,0,36" ten="250,250,260,240" oya="1" hai0="116,29,92,71,110,103,55,65,34,113,85,28,11" hai1="21,40,100,5,42,93,49,107,38,96,20,115,125" hai2="56,62,114,19,4,77,130,67,0,69,83,23,66" hai3="79,109,74,30,60,86,105,51,8,95,111,2,10"/><U7/><E115/><V9/><F130/><W118/><G105/><T37/><D113/><U43/><E38/><V54/><F114/><W126/><G126/><T18/><D116/><U47/><E125/><V119/><F119/><W122/><G122/><T124/><D124/><U73/><E73/><V127/><F127/><W97/><G118/><T106/><D110/><N who="3" m="41993" /><G74/><T32/><D37/><U57/><E107/><V99/><F99/><W68/><G2/><T131/><D106/><U52/><E57/><V50/><F66/><N who="3" m="41031" /><G30/><T112/><D29/><U70/><E70/><V102/><F102/><N who="3" m="60735" /><G51/><T121/><D28/><U123/><E123/><V17/><REACH who="2" step="1"/><F23/><AGARI ba="0,0" hai="5,7,20,21,23,40,42,43,47,49,52,93,96,100" machi="23" ten="40,12000,1" yaku="8,1,52,3,54,1" doraHai="36" who="1" fromWho="2" sc="250,0,250,120,260,-120,240,0" /><INIT seed="1,1,0,1,5,91" ten="250,370,140,240" oya="1" hai0="13,125,52,64,48,20,132,77,55,109,121,45,17" hai1="130,94,74,103,70,32,16,3,81,4,39,107,49" hai2="131,112,106,66,135,102,75,47,0,79,92,123,26" hai3="41,28,24,27,10,113,51,58,43,5,14,12,84"/><U67/><E39/><V46/><F123/><W105/><G105/><T19/><D109/><U56/><E32/><V82/><F0/><W73/><G73/><T83/><D132/><U62/><E130/><V96/><F131/><W11/><G113/><T33/><D125/><U129/><E129/><V88/><F135/><W6/><G84/><T22/><D33/><U53/><E107/><V114/><F66/><W34/><G27/><T63/><D121/><U128/><E128/><V36/><F26/><W120/><G120/><T104/><D104/><U76/><E4/><V110/><F110/><W126/><G126/><T101/><D101/><U108/><E3/><V124/><F124/><W1/><G1/><T100/><D100/><U87/><E108/><V86/><F36/><W15/><G14/><T65/><D55/><AGARI ba="1,0" hai="5,6,10,11,12,15,24,28,34,41,43,51,55,58" machi="55" ten="40,1300,0" yaku="9,1" doraHai="91" who="3" fromWho="0" sc="250,-16,370,0,140,0,240,16" /><INIT seed="2,0,0,0,2,126" ten="234,370,140,256" oya="2" hai0="2,91,89,69,122,37,6,61,55,7,93,131,76" hai1="39,127,74,57,10,111,95,121,123,105,133,51,108" hai2="115,67,28,88,68,4,36,78,41,12,82,46,44" hai3="85,8,102,27,59,19,125,101,13,1,116,33,94"/><V32/><F115/><W24/><G116/><T31/><D122/><N who="1" m="46603" /><E105/><V40/><F32/><W29/><G125/><T132/><D37/><U43/><E127/><V110/><F110/><W42/><G42/><T25/><D132/><U81/><E133/><V79/><F28/><W112/><G112/><T109/><D76/><N who="1" m="44183" /><E95/><V47/><F67/><W128/><G27/><T77/><D77/><N who="2" m="29194" /><F68/><W50/><G1/><T135/><D2/><U96/><E96/><V35/><F35/><W84/><G84/><T113/><D109/><U72/><E72/><V14/><F36/><W26/><G26/><T53/><D25/><U3/><E39/><V80/><F88/><W58/><G85/><T22/><D91/><U16/><E3/><V114/><F114/><W107/><G107/><T75/><D89/><U100/><E100/><V48/><F4/><W97/><G101/><T117/><D6/><U38/><E38/><V23/><F23/><W62/><G50/><T65/><D22/><U0/><E0/><V56/><F56/><N who="3" m="21547" /><G62/><T104/><D61/><U92/><E92/><V106/><F106/><W9/><G9/><T86/><D104/><U54/><E43/><N who="2" m="16459" /><F48/><W130/><G33/><T11/><D113/><U118/><E118/><V129/><F129/><N who="3" m="49771" /><G24/><T64/><D131/><U73/><E73/><V20/><F20/><W18/><G29/><T66/><D31/><U15/><AGARI ba="0,0" hai="10,15,16,51,54,57,108,111" m="44183,46603" machi="15" ten="30,2000,0" yaku="13,1,54,1" doraHai="126" who="1" fromWho="1" sc="234,-5,370,20,140,-10,256,-5" /><INIT seed="3,0,0,0,5,90" ten="229,390,130,251" oya="3" hai0="70,115,117,92,97,121,112,80,22,77,19,118,46" hai1="114,42,108,128,79,53,71,66,88,45,82,103,33" hai2="110,49,116,4,40,63,131,6,67,75,7,102,101" hai3="113,24,86,30,84,119,34,5,50,64,104,111,135"/><W100/><G113/><N who="0" m="43595" /><D70/><U15/><E33/><V96/><F116/><W20/><G119/><T41/><D121/><U81/><E114/><V91/><F131/><W38/><G38/><N who="0" m="21815" /><D22/><U39/><E128/><V93/><F75/><W73/><G73/><N who="0" m="43055" /><D19/><U2/><E2/><V109/><F49/><W9/><G135/><T57/><D57/><U126/><E103/><AGARI ba="0,0" hai="92,97,103,117,118" m="43055,21815,43595" machi="103" ten="30,2000,0" yaku="11,1,52,1" doraHai="90" who="0" fromWho="1" sc="229,20,390,-20,130,0,251,0" owari="249,-15.1,370,47.0,130,-37.0,251,5.1" /></mjloggm>