<mjloggm ver="2.3"><GO type="225" lobby="0"/><UN n0="%73%6C%69%63%6B%33%31%39" n1="%E5%8D%A0%E3%81%84%E5%B8%AB%E8%A3%8F%E3%81%AA%E3%81%84%E3%81%97" n2="%E7%89%B9%E6%9D%B1%E3%81%AF%E4%B8%96%E7%95%8C%E3%82%92%E6%95%91%E3%81%86" n3="%E3%81%B2%E3%81%BE%E3%81%A4%E3%81%B6%E3%81%97" dan="16,16,16,16" rate="2085.26,2143.72,2091.12,2109.70" sx="M,M,M,M"/><TAIKYOKU oya="0"/><INIT seed="0,0,0,1,4,106" ten="250,250,250,250" oya="0" hai0="94,134,11,25,130,55,58,124,51,91,52,99,33" hai1="38,95,4,109,50,107,5,98,16,56,105,75,118" hai2="10,18,7,126,102,135,2,20,31,132,108,8,26" hai3="87,79,121,0,85,13,36,67,72,111,61,83,23"/><T69/><D130/><U40/><E118/><V45/><F102/><W14/><G111/><T82/><D134/><N who="2" m="51242" /><F45/><W47/><G0/><T117/><D117/><U57/><E38/><V71/><F71/><W66/><G121/><T6/><D69/><U97/><E95/><V46/><F46/><W22/><G67/><T21/><D33/><U64/><E64/><V123/><F123/><W1/><G1/><T53/><D82/><U78/><E78/><V80/><F80/><W131/><G131/><T12/><REACH who="0" step="1"/><D124/><REACH who="0" ten="240,250,250,250" step="2"/><U74/><E109/><V103/><F108/><W70/><G70/><T110/><D110/><U115/><E115/><V76/><F126/><W81/><G83/><T59/><D59/><U49/><REACH who="1" step="1"/><E40/><REACH who="1" ten="240,240,250,250" step="2"/><V120/><F120/><W63/><G81/><T68/><D68/><U101/><E101/><V77/><F103/><W44/><G79/><T116/><D116/><U129/><E129/><V86/><F77/><W96/><G36/><T112/><D112/><U65/><E65/><V88/><F76/><W92/><G92/><T37/><D37/><U89/><E89/><V119/><F119/><W133/><G66/><T28/><AGARI ba="0,2" hai="6,11,12,21,25,28,51,52,53,55,58,91,94,99" machi="28" ten="20,18000,2" yaku="1,1,0,1,7,1,8,1,54,1,53,1" doraHai="106" doraHaiUra="17" who="0" fromWho="0" sc="240,200,240,-60,250,-60,250,-60" /><INIT seed="0,1,0,1,1,89" ten="440,180,190,190" oya="0" hai0="130,108,38,33,114,0,16,111,53,44,109,102,4" hai1="39,95,72,56,80,75,120,129,27,110,57,13,6" hai2="100,84,34,85,30,15,50,103,73,31,51,1,82" hai3="113,32,55,2,123,5,64,12,124,14,42,47,61"/><T23/><D114/><U87/><E120/><V62/><F1/><W46/><G113/><T19/><D33/><U105/><E105/><V132/><F73/><W91/><G123/><T71/><D71/><U48/><E39/><V35/><F15/><W17/><G124/><T70/><D70/><U121/><E121/><V133/><F82/><W94/><G32/><T98/><D130/><U107/><E107/><V25/><REACH who="2" step="1"/><F62/><REACH who="2" ten="440,180,180,190" step="2"/><W66/><G2/><T22/><D0/><U10/><E75/><V52/><F52/><W76/><G55/><T9/><D53/><U134/><E72/><V117/><F117/><W49/><G61/><T112/><D112/><U67/><E80/><V106/><F106/><W43/><G12/><T11/><D109/><U86/><E110/><V28/><F28/><W29/><G29/><T135/><D108/><U83/><E83/><V122/><F122/><W18/><G14/><T126/><D111/><U128/><E128/><V69/><F69/><W99/><G5/><T81/><D4/><U116/><E129/><V20/><F20/><W118/><G118/><T119/><D81/><U97/><E116/><V24/><AGARI ba="1,1" hai="24,25,30,31,34,35,50,51,84,85,100,103,132,133" machi="24" ten="25,6400,0" yaku="1,1,0,1,22,2,53,0" doraHai="89" doraHaiUra="54" who="2" fromWho="2" sc="440,-33,180,-17,180,77,190,-17" /><INIT seed="1,0,0,0,0,113" ten="407,163,257,173" oya="1" hai0="51,130,29,69,80,38,32,61,50,26,107,31,135" hai1="99,28,109,42,1,118,90,134,101,25,41,4,8" hai2="129,58,74,65,59,70,2,86,125,131,56,19,15" hai3="20,105,87,76,126,93,82,75,52,98,33,100,116"/><U47/><E134/><V18/><F74/><W97/><G33/><T43/><D38/><U133/><E133/><V84/><F2/><W54/><G126/><T63/><D135/><U3/><E42/><V83/><F125/><W62/><G62/><T12/><D107/><N who="1" m="63935" /><E90/><V46/><F46/><W6/><G6/><T123/><D31/><U21/><E21/><V77/><F84/><W112/><G112/><T7/><D130/><N who="2" m="49674" /><F15/><W10/><G10/><T72/><D12/><U85/><E85/><V94/><F94/><W11/><G11/><T114/><D114/><U13/><E13/><V39/><F39/><W68/><G68/><T48/><D7/><U89/><E89/><V34/><F34/><W132/><G132/><T119/><D72/><U40/><E40/><V45/><F45/><W111/><G20/><T5/><D43/><U67/><E109/><V53/><F53/><W110/><G75/><T60/><D5/><U35/><E67/><V23/><F23/><W0/><G0/><T37/><D37/><N who="1" m="21935" /><E1/><V88/><F88/><N who="3" m="55463" /><G54/><T120/><D32/><U124/><E124/><V36/><F36/><W102/><G52/><T66/><D66/><U55/><E55/><V78/><F78/><W127/><G127/><T96/><D51/><U30/><E30/><V16/><F65/><W106/><G106/><T92/><D48/><U108/><E108/><N who="3" m="41514" /><G100/><T122/><D50/><U9/><E9/><V103/><F103/><W104/><G104/><T27/><D29/><U17/><E17/><V57/><N who="2" m="14336" /><DORA hai="14" /><V91/><F19/><W121/><G121/><T115/><D122/><RYUUKYOKU ba="0,0" sc="407,-15,163,15,257,-15,173,15" hai1="3,4,8,25,28,35,118" hai3="76,82,87,98,102,105,116" /><INIT seed="1,1,0,1,1,130" ten="392,178,242,188" oya="1" hai0="124,85,41,17,42,45,31,30,118,3,15,102,84" hai1="56,97,121,69,127,135,106,132,94,36,16,4,9" hai2="98,101,10,44,72,43,92,75,83,27,62,35,26" hai3="18,2,87,33,11,123,96,117,95,108,29,58,105"/><U40/><E121/><V52/><F10/><W63/><G123/><T74/><D74/><U6/><E69/><V115/><F115/><W67/><G108/><T8/><D118/><U68/><E68/><V0/><F0/><W55/><G117/><T114/><D114/><U1/><E106/><V131/><F131/><W21/><G105/><T82/><D124/><U80/><E127/><V59/><F35/><W71/><G87/><T28/><D3/><U7/><E56/><V89/><F75/><W14/><G2/><T103/><D84/><U34/><E34/><V20/><F20/><W12/><G33/><T126/><D126/><U107/><E107/><V57/><F59/><W91/><G29/><T86/><D86/><U90/><E16/><V76/><REACH who="2" step="1"/><F101/><REACH who="2" ten="392,178,232,188" step="2"/><W112/><G112/><T70/><D70/><U25/><E25/><V110/><F110/><W77/><G11/><T122/><D122/><U116/><E116/><V79/><F79/><W134/><G77/><N who="0" m="46287" /><D45/><N who="1" m="23687" /><E80/><V37/><AGARI ba="1,1" hai="26,27,37,43,44,52,57,62,72,76,83,89,92,98" machi="37" ten="20,5200,0" yaku="1,1,0,1,7,1,54,1,53,0" doraHai="130" doraHaiUra="47" who="2" fromWho="2" sc="392,-14,178,-27,232,65,188,-14" /><INIT seed="2,0,0,0,5,110" ten="378,151,297,174" oya="2" hai0="122,2,48,86,96,75,115,130,44,39,66,135,49" hai1="70,51,126,90,22,26,46,105,13,118,92,98,32" hai2="35,69,109,0,127,61,84,53,31,12,37,97,77" hai3="114,133,5,16,30,83,119,59,1,14,27,38,125"/><V28/><F0/><W58/><G119/><T124/><D75/><U120/><E118/><V7/><F37/><W99/><G38/><T42/><D115/><U131/><E70/><V113/><F113/><W50/><G114/><T64/><D2/><U134/><E32/><V129/><F35/><W55/><G125/><T93/><D122/><U73/><E126/><V123/><F123/><W80/><G133/><T89/><D124/><U71/><E71/><V43/><F43/><W45/><G99/><T56/><D135/><U121/><E134/><V85/><F129/><W24/><G5/><T95/><D130/><U4/><E131/><V79/><F97/><W62/><G59/><T19/><D19/><U78/><E105/><V68/><F53/><W74/><G1/><T41/><D39/><U103/><E103/><V29/><F109/><W107/><G107/><T36/><D36/><U76/><E73/><V100/><F100/><W88/><G74/><T111/><D111/><U112/><E112/><V106/><F106/><W128/><G128/><T34/><D34/><U9/><E121/><V116/><F116/><W15/><G15/><T101/><D56/><U47/><E120/><V132/><F132/><W102/><G102/><T10/><D10/><U63/><E63/><V60/><F127/><W87/><G83/><T94/><D94/><U117/><E117/><V11/><F68/><W91/><G91/><T8/><D8/><U104/><E104/><V65/><F60/><W40/><G30/><T72/><D72/><U81/><E81/><N who="2" m="47151" /><F28/><W52/><G40/><N who="0" m="24583" /><D49/><U54/><E47/><RYUUKYOKU ba="0,0" sc="378,0,151,0,297,0,174,0" hai0="41,42,64,66,86,89,93,95,96,101" hai1="4,9,13,22,26,46,51,54,76,78,90,92,98" hai2="7,11,12,29,31,61,65,69,79,85" hai3="14,16,24,27,45,50,52,55,58,62,80,87,88" /><INIT seed="2,1,0,5,3,11" ten="378,151,297,174" oya="2" hai0="82,21,60,61,94,50,135,62,72,2,13,8,15" hai1="75,107,127,12,16,18,132,45,129,67,76,116,100" hai2="117,118,104,4,40,109,128,119,7,36,79,66,78" hai3="114,112,81,14,19,28,102,115,122,59,33,27,80"/><V88/><F104/><W106/><G122/><T38/><D38/><U125/><E116/><V54/><F128/><W65/><G106/><T47/><D135/><U10/><E129/><V92/><F66/><W120/><G102/><T77/><D94/><U91/><E132/><V101/><F101/><W69/><G69/><T64/><D2/><U31/><E31/><V6/><F109/><W32/><G32/><T130/><D130/><U51/><E67/><V121/><F121/><W22/><REACH who="3" step="1"/><G120/><REACH who="3" ten="378,151,297,164" step="2"/><T1/><D64/><U37/><E37/><V85/><REACH who="2" step="1"/><F54/><REACH who="2" ten="378,151,287,164" step="2"/><W57/><G57/><T86/><D47/><AGARI ba="1,2" hai="4,6,7,36,40,47,78,79,85,88,92,117,118,119" machi="47" ten="50,9600,0" yaku="1,1,2,1,54,1,53,0" doraHai="11" doraHaiUra="124" who="2" fromWho="0" sc="378,-99,151,0,287,119,164,0" /><INIT seed="2,2,0,3,4,98" ten="279,151,406,164" oya="2" hai0="96,135,49,20,18,91,62,34,22,128,101,32,25" hai1="51,78,85,23,28,107,130,46,17,12,2,133,123" hai2="26,52,70,83,33,89,112,68,124,57,72,110,58" hai3="40,5,116,65,43,41,30,102,14,94,59,8,69"/><V71/><F112/><W109/><G116/><T95/><D128/><U108/><E2/><V7/><F124/><W44/><G109/><T100/><D135/><U117/><E117/><V21/><F33/><W47/><G69/><T42/><D32/><U113/><E113/><V125/><F125/><W93/><G30/><T64/><D34/><U114/><E114/><V15/><F110/><W106/><G106/><T24/><D49/><U31/><E108/><V92/><F58/><W54/><G65/><T39/><D42/><N who="1" m="25047" /><E133/><V131/><F131/><W66/><G66/><T79/><D79/><U11/><E107/><V97/><F72/><W75/><G75/><T0/><D0/><U6/><E123/><V87/><F15/><W126/><G126/><T111/><D39/><U19/><E130/><V9/><F9/><W35/><G35/><T1/><D1/><U120/><E120/><V121/><F7/><W77/><G77/><T55/><D111/><U115/><E115/><V88/><F121/><W36/><G36/><T37/><D37/><U60/><E60/><V132/><F132/><W76/><G76/><T4/><D4/><U122/><E122/><V38/><F38/><W27/><G27/><T105/><D105/><U127/><E127/><V10/><F10/><W50/><REACH who="3" step="1"/><G94/><REACH who="3" ten="279,151,406,154" step="2"/><T29/><REACH who="0" step="1"/><D55/><REACH who="0" ten="269,151,406,154" step="2"/><U73/><E73/><V134/><F134/><W80/><G80/><T67/><D67/><U90/><E78/><V99/><F52/><W82/><G82/><T48/><D48/><U84/><E6/><V74/><F83/><W3/><G3/><T118/><D118/><RYUUKYOKU ba="2,2" sc="269,15,151,-15,406,-15,154,15" hai0="18,20,22,24,25,29,62,64,91,95,96,100,101" hai3="5,8,14,40,41,43,44,47,50,54,59,93,102" /><INIT seed="3,3,2,1,3,54" ten="284,136,391,169" oya="3" hai0="111,75,22,112,114,129,107,74,30,32,90,134,29" hai1="17,26,108,40,71,97,70,67,37,92,55,63,99" hai2="35,41,16,77,18,38,0,94,84,34,115,2,65" hai3="60,68,130,91,78,59,110,4,109,5,25,81,98"/><W123/><G123/><T103/><D111/><N who="3" m="42505" /><G130/><T23/><D129/><U76/><E108/><V89/><F115/><N who="0" m="44074" /><D134/><U101/><E76/><V69/><F77/><W33/><G68/><T86/><D103/><U105/><E40/><V46/><F69/><W82/><G33/><T39/><D107/><U135/><E37/><V61/><F35/><W117/><G117/><T113/><D39/><U127/><E127/><V128/><F34/><W44/><G44/><T45/><D45/><U125/><E125/><V14/><F128/><W95/><G25/><N who="0" m="18479" /><D113/><U3/><E3/><V9/><F18/><W83/><G78/><T27/><D22/><N who="1" m="13647" /><E67/><AGARI ba="3,2" hai="4,5,59,60,67,81,82,83,91,95,98" m="42505" machi="67" ten="30,5800,0" yaku="14,1,10,1,52,1" doraHai="54" who="3" fromWho="1" sc="284,0,136,-67,391,0,169,87" /><INIT seed="3,4,0,3,1,110" ten="284,69,391,256" oya="3" hai0="40,69,95,21,8,78,46,45,10,67,27,131,34" hai1="26,11,60,113,15,118,4,74,68,61,101,48,25" hai2="90,120,86,96,51,87,64,42,93,29,24,128,92" hai3="20,76,13,84,52,43,36,130,54,0,77,75,80"/><W41/><G130/><T16/><D131/><U37/><E37/><V71/><F128/><W119/><G119/><T66/><D34/><U1/><E1/><V116/><F116/><W73/><G0/><T32/><D32/><U28/><E118/><V129/><F129/><W19/><G84/><T70/><D78/><U125/><E125/><V111/><F111/><W47/><REACH who="3" step="1"/><G43/><REACH who="3" ten="284,69,391,246" step="2"/><T103/><D40/><U39/><E39/><V65/><F87/><W30/><G30/><T83/><D69/><U6/><E74/><V58/><F71/><W55/><G55/><T5/><D70/><U99/><E68/><V79/><F42/><W72/><G72/><T134/><D66/><U112/><E48/><V126/><F51/><W105/><G105/><T57/><D67/><U56/><E4/><V106/><F106/><W18/><G18/><T33/><D16/><U53/><E60/><V132/><F64/><W85/><G85/><T135/><D134/><U9/><E9/><V89/><F86/><W38/><G38/><T107/><D10/><U31/><E31/><V82/><F65/><W98/><G98/><T59/><D8/><U62/><E62/><V104/><F104/><W22/><G22/><T35/><D107/><U114/><REACH who="1" step="1"/><E28/><REACH who="1" ten="284,59,391,246" step="2"/><V44/><F29/><W63/><G63/><T124/><D135/><U108/><E108/><V3/><F3/><W115/><G115/><T7/><D33/><U102/><E102/><V123/><F132/><W81/><AGARI ba="4,2" hai="13,19,20,36,41,47,52,54,73,75,76,77,80,81" machi="81" ten="30,11700,0" yaku="1,1,0,1,9,1,54,1,53,0" doraHai="110" doraHaiUra="100" who="3" fromWho="3" sc="284,-43,59,-43,391,-43,246,149" owari="241,-15.9,16,-48.4,348,14.8,395,49.5" /></mjloggm>