<mjloggm ver="2.3"><GO type="225" lobby="0"/><UN n0="%E8%A8%88%E7%AE%97%E6%A9%9F%E8%87%AA%E7%84%B6" n1="%E4%B8%89%E6%A7%93%E5%AD%90" n2="%E7%9C%9F%E4%B8%80" n3="%E6%97%A5%E6%9B%9C%E6%97%A5%E3%82%88%E3%82%8A%E3%81%AE%E4%BD%BF%E8%80%85" dan="17,16,17,17" rate="2223.57,2039.33,2253.17,2162.48" sx="M,F,M,M"/><TAIKYOKU oya="0"/><INIT seed="0,0,0,3,3,96" ten="250,250,250,250" oya="0" hai0="133,89,91,63,49,50,10,120,36,13,121,58,46" hai1="41,114,116,129,69,26,77,20,82,106,126,84,118" hai2="57,53,32,39,135,76,125,34,62,44,104,83,79" hai3="117,27,33,78,102,48,107,66,31,64,15,23,56"/><T73/><D73/><U61/><E126/><V67/><F125/><W100/><G117/><T119/><D119/><U7/><E129/><V88/><F104/><W2/><G2/><T45/><D36/><U5/><E114/><V60/><F135/><W37/><G37/><T99/><D133/><U52/><E106/><V122/><F122/><W55/><G107/><T98/><D58/><N who="1" m="35015" /><E69/><V3/><F3/><W35/><G78/><T130/><D63/><U12/><E118/><V8/><F8/><W112/><G112/><T86/><D10/><U0/><E0/><V108/><F108/><W80/><G80/><T90/><D90/><U72/><E72/><V68/><F79/><W111/><G111/><T74/><D74/><U29/><E116/><V132/><F132/><W6/><G35/><T109/><D13/><U19/><E41/><V11/><F11/><AGARI ba="0,0" hai="5,7,11,12,19,20,26,29,77,82,84" m="35015" machi="11" ten="30,2000,0" yaku="8,1,54,1" doraHai="96" who="1" fromWho="2" sc="250,0,250,20,250,-20,250,0" /><INIT seed="1,0,0,1,1,33" ten="250,270,230,250" oya="1" hai0="51,134,15,7,26,38,55,2,11,66,104,1,63" hai1="36,49,22,6,39,122,23,47,97,71,52,12,76" hai2="14,73,41,101,74,25,18,35,87,114,17,121,62" hai3="79,69,81,8,88,77,90,102,68,28,118,100,3"/><U109/><E122/><V59/><F121/><W54/><G28/><T5/><D104/><U80/><E71/><V84/><F114/><W135/><G54/><T56/><D134/><U20/><E109/><V32/><F41/><W53/><G53/><T124/><D124/><U13/><E97/><V57/><F14/><W116/><G8/><T112/><D112/><U85/><REACH who="1" step="1"/><E6/><REACH who="1" ten="250,260,230,250" step="2"/><V115/><F115/><W9/><G69/><T128/><D5/><U44/><E44/><V82/><F101/><W107/><G68/><T96/><D96/><U72/><E72/><V117/><F74/><W126/><G102/><T95/><D128/><U31/><E31/><V27/><F73/><W108/><G100/><T61/><D7/><U131/><E131/><V70/><F70/><W4/><G108/><T123/><D123/><U21/><N who="1" m="5120" /><DORA hai="75" /><U45/><E45/><V105/><F59/><W46/><G46/><T42/><D56/><U16/><E16/><V133/><F57/><W94/><G126/><T24/><D24/><U65/><E65/><V0/><F25/><W103/><G103/><T50/><D26/><U86/><E86/><V120/><F27/><W83/><G107/><T29/><D29/><U106/><E106/><V110/><F17/><W98/><G135/><T40/><D66/><U127/><E127/><V99/><F18/><W132/><G132/><T48/><D55/><U93/><E93/><V67/><F133/><W10/><G98/><T91/><D95/><U30/><E30/><V92/><F99/><W125/><G125/><T43/><D43/><U58/><E58/><RYUUKYOKU ba="0,1" sc="250,-10,260,30,230,-10,250,-10" hai1="12,13,36,39,47,49,52,76,80,85" /><INIT seed="1,1,1,5,5,87" ten="240,290,220,240" oya="1" hai0="98,6,121,97,72,118,120,8,47,16,58,55,130" hai1="102,89,0,48,131,45,92,132,106,26,112,29,14" hai2="93,15,66,69,56,101,42,11,86,88,76,82,31" hai3="109,51,50,70,135,30,27,52,119,117,49,99,75"/><U85/><E112/><V80/><F69/><W62/><G75/><T23/><D72/><U79/><E0/><V53/><F42/><W19/><G109/><T65/><D65/><U114/><E114/><V7/><F66/><W81/><G135/><T95/><D47/><U115/><E115/><V103/><F31/><W13/><G81/><T125/><D118/><N who="3" m="45065" /><G99/><T105/><D105/><U1/><E1/><V60/><REACH who="2" step="1"/><F82/><REACH who="2" ten="240,290,210,240" step="2"/><W2/><G70/><T67/><D67/><U90/><E29/><V10/><F10/><N who="3" m="6583" /><G2/><T124/><D8/><U68/><E68/><V41/><F41/><W20/><G62/><T74/><D120/><U63/><E63/><V71/><F71/><W21/><G21/><T133/><D121/><U134/><E134/><V110/><F110/><W83/><G83/><T126/><D23/><U123/><E123/><V5/><F5/><W59/><AGARI ba="1,2" hai="20,27,30,49,50,51,52,59" m="6583,45065" machi="59" ten="30,2000,0" yaku="12,1,54,1" doraHai="87" who="3" fromWho="3" sc="240,-6,290,-11,210,-6,240,43" /><INIT seed="2,0,0,4,4,70" ten="234,279,204,283" oya="2" hai0="76,26,57,108,68,72,125,81,37,43,119,4,126" hai1="35,100,34,131,41,39,112,104,82,66,31,47,18" hai2="1,64,22,59,115,44,93,71,94,16,19,33,49" hai3="74,133,123,60,134,109,20,98,58,6,73,77,111"/><V29/><F1/><W122/><G6/><T10/><D68/><U121/><E112/><V2/><F2/><W117/><G20/><T114/><D114/><U92/><E104/><V75/><F75/><N who="3" m="28683" /><G77/><T69/><D69/><U102/><E131/><V103/><F71/><W54/><G98/><T11/><D108/><N who="3" m="41545" /><G117/><T61/><D26/><U96/><E121/><AGARI ba="0,0" hai="54,58,60,121,122,123,133,134" m="41545,28683" machi="121" ten="40,1300,0" yaku="14,1" doraHai="70" who="3" fromWho="1" sc="234,0,279,-13,204,0,283,13" /><INIT seed="3,0,0,0,1,76" ten="234,266,204,296" oya="3" hai0="55,13,68,70,30,107,33,88,3,133,29,128,66" hai1="132,100,77,15,25,52,60,48,26,94,103,97,5" hai2="73,63,127,126,22,40,37,113,36,64,62,89,98" hai3="58,51,8,102,1,110,123,74,85,135,34,106,82"/><W57/><G123/><T87/><D3/><U118/><E132/><V78/><F113/><W2/><G34/><T90/><D107/><U14/><E118/><V28/><F28/><W119/><G119/><T23/><D33/><U134/><E134/><V7/><F7/><W44/><G74/><T16/><D133/><U109/><E109/><V10/><F10/><W112/><G112/><T32/><D128/><U93/><E77/><V6/><F6/><W120/><G120/><T114/><D114/><U96/><E60/><N who="2" m="23083" /><F64/><W61/><G135/><T69/><D66/><U99/><E99/><V46/><F22/><W83/><G106/><T56/><D32/><U111/><E111/><V131/><F131/><W41/><G110/><T121/><D90/><U12/><E5/><V27/><F27/><W0/><G102/><T24/><D24/><U116/><E116/><V35/><F35/><W45/><G8/><T59/><D121/><U95/><E95/><N who="2" m="56687" /><F36/><W72/><G61/><T92/><D56/><AGARI ba="0,0" hai="12,14,15,25,26,48,52,56,93,94,96,97,100,103" machi="56" ten="40,5200,0" yaku="9,1,8,1,54,1" doraHai="76" who="1" fromWho="0" sc="234,-52,266,52,204,0,296,0" owari="182,-31.8,318,41.8,204,-19.6,296,9.6" /></mjloggm>