<mjloggm ver="2.3"><GO type="225" lobby="0"/><UN n0="%E3%83%A9%E3%83%96%E3%83%AC%E3%83%BC" n1="%E7%89%B9%E6%9D%B1%E3%81%AF%E4%B8%96%E7%95%8C%E3%82%92%E6%95%91%E3%81%86" n2="%E5%AF%82%E5%AF%9E%E3%82%AE%E3%83%8D%E3%82%B9%E3%83%93%E3%83%BC%E3%83%AB" n3="%E3%81%9F%E3%81%A3%E3%81%A1%E3%82%87" dan="18,16,16,16" rate="2222.04,2155.75,2153.29,2047.32" sx="M,M,M,M"/><TAIKYOKU oya="0"/><INIT seed="0,0,0,5,5,115" ten="250,250,250,250" oya="0" hai0="19,114,122,69,99,59,20,64,131,42,78,124,83" hai1="61,95,94,10,18,80,77,76,117,17,118,66,89" hai2="57,43,14,103,50,13,120,29,90,79,11,39,68" hai3="55,37,70,130,44,32,98,30,40,35,74,5,33"/><T128/><D122/><U87/><E77/><V27/><F120/><W60/><G55/><T107/><D114/><U53/><E53/><V23/><F68/><W54/><G54/><T111/><D69/><U41/><E41/><V1/><F103/><W88/><G130/><N who="0" m="49707" /><D124/><U51/><E51/><V119/><F79/><W4/><G4/><T75/><D42/><U47/><E47/><V91/><F39/><W135/><G135/><T9/><D9/><U49/><E49/><V21/><F1/><W81/><G5/><T125/><D125/><U92/><E76/><V58/><F119/><W110/><G110/><T22/><D111/><U113/><E113/><V71/><F71/><W97/><G30/><T72/><D72/><U106/><E106/><V0/><F0/><W45/><G74/><T116/><D116/><U73/><E73/><V25/><F50/><W36/><G60/><N who="0" m="37919" /><D19/><U134/><E134/><V2/><F43/><W31/><G70/><T52/><D52/><U34/><E34/><V12/><F2/><W82/><G40/><T104/><D104/><U7/><E7/><V6/><F6/><W38/><G35/><T46/><D46/><U100/><E18/><N who="2" m="12471" /><F11/><W109/><G36/><T105/><D105/><U96/><E17/><V28/><F29/><W132/><G31/><T123/><D123/><U84/><E10/><V85/><F58/><W48/><G132/><T86/><D75/><U121/><E121/><V93/><F57/><W8/><G48/><T24/><D24/><U16/><E16/><V127/><F127/><W26/><G109/><T129/><D129/><RYUUKYOKU ba="0,0" sc="250,15,250,-15,250,15,250,-15" hai0="20,22,78,83,86,99,107" hai2="12,13,14,23,27,28,85,90,91,93" /><INIT seed="0,1,0,2,5,46" ten="265,235,265,235" oya="0" hai0="70,49,127,16,30,34,51,78,3,132,61,35,14" hai1="101,17,103,88,29,105,108,71,84,80,18,135,64" hai2="92,0,52,40,10,112,5,83,124,76,45,37,91" hai3="98,43,89,65,39,63,82,114,100,95,22,115,104"/><T128/><D3/><U68/><E108/><V26/><F112/><W117/><G117/><T120/><D120/><U9/><E135/><V1/><F124/><W97/><G43/><T50/><D132/><U21/><E105/><V90/><F0/><W74/><G39/><T121/><D121/><U59/><E68/><V11/><F11/><W8/><G8/><T93/><D127/><U81/><E71/><V20/><F92/><W58/><REACH who="3" step="1"/><G22/><REACH who="3" ten="265,235,265,225" step="2"/><T96/><D35/><U41/><E41/><V113/><F113/><W4/><G4/><T27/><D128/><U12/><E9/><V7/><F7/><W79/><AGARI ba="1,1" hai="58,63,65,74,79,82,89,95,97,98,100,104,114,115" machi="79" ten="30,4000,0" yaku="1,1,0,1,53,1" doraHai="46" doraHaiUra="55" who="3" fromWho="3" sc="265,-21,235,-11,265,-11,225,53" /><INIT seed="1,0,0,3,3,37" ten="244,224,254,278" oya="1" hai0="11,88,93,133,3,6,17,97,110,20,96,117,51" hai1="70,124,99,48,24,10,80,79,8,36,122,23,54" hai2="68,33,74,118,29,114,40,38,34,125,108,106,112" hai3="9,43,131,57,47,135,60,30,100,98,35,55,83"/><U66/><E122/><V82/><RYUUKYOKU type="yao9" ba="0,0" sc="244,0,224,0,254,0,278,0" hai2="29,33,34,38,40,68,74,82,106,108,112,114,118,125" /><INIT seed="1,1,0,3,0,77" ten="244,224,254,278" oya="1" hai0="82,70,44,55,20,94,39,23,123,38,22,105,71" hai1="85,126,86,57,74,7,50,72,133,2,8,37,33" hai2="129,15,1,114,69,54,6,88,132,109,87,102,135" hai3="56,66,96,41,25,107,21,40,47,79,81,13,76"/><U99/><E37/><V104/><F109/><W65/><G76/><T103/><D105/><U98/><E33/><V120/><F120/><W84/><G13/><T9/><D9/><U106/><E133/><N who="2" m="51275" /><F69/><W93/><G107/><T97/><D123/><U19/><E126/><V48/><F129/><W75/><G75/><T68/><D44/><U49/><E74/><V131/><F1/><W95/><G95/><T92/><D55/><U113/><E72/><V31/><F31/><W58/><G58/><T80/><REACH who="0" step="1"/><D94/><REACH who="0" ten="234,224,254,278" step="2"/><U122/><E122/><V51/><F54/><W78/><G47/><T89/><D89/><U62/><E106/><V11/><F131/><W42/><G78/><T24/><D24/><U10/><E10/><V130/><F130/><W35/><G65/><T119/><D119/><U125/><E8/><V61/><F104/><W67/><G66/><T127/><D127/><U5/><E125/><V63/><F102/><W60/><G40/><T124/><D124/><U110/><E110/><V64/><F64/><W28/><G35/><T32/><D32/><U121/><E121/><V117/><F117/><W115/><G115/><T3/><D3/><U112/><E2/><V116/><F114/><W27/><G25/><T0/><D0/><U30/><E112/><V73/><F116/><W100/><AGARI ba="1,1" hai="21,27,28,41,42,56,60,67,79,81,84,93,96,100" machi="100" ten="20,12000,2" yaku="0,1,7,1,25,2,8,1,52,1" doraHai="77" who="3" fromWho="3" sc="234,-31,224,-61,254,-31,278,133" /><INIT seed="2,0,0,2,1,126" ten="203,163,223,411" oya="2" hai0="60,105,75,114,94,11,35,63,92,61,73,107,7" hai1="76,19,27,122,118,104,3,102,36,55,95,98,117" hai2="9,68,42,51,20,32,130,125,29,89,108,31,56" hai3="34,62,84,91,70,110,71,120,96,87,72,80,116"/><V58/><F68/><W121/><G34/><T5/><D35/><U111/><E111/><V43/><F125/><W86/><G116/><T44/><D44/><U113/><E113/><V78/><F32/><W1/><G1/><T26/><D26/><U77/><E36/><V133/><F133/><W134/><G62/><T2/><D114/><U30/><E3/><V33/><F33/><W25/><G25/><T123/><D123/><N who="3" m="47177" /><G70/><T74/><REACH who="0" step="1"/><D7/><REACH who="0" ten="193,163,223,411" step="2"/><U22/><E122/><V131/><F108/><W69/><G110/><T124/><D124/><U18/><E118/><V46/><F46/><W57/><G134/><T106/><AGARI ba="0,1" hai="2,5,11,60,61,63,73,74,75,92,94,105,106,107" machi="106" ten="50,8000,1" yaku="1,1,0,1,29,2,53,0" doraHai="126" doraHaiUra="8" who="0" fromWho="0" sc="193,90,163,-20,223,-40,411,-20" /><INIT seed="3,0,0,0,1,46" ten="283,143,183,391" oya="3" hai0="60,6,96,78,48,42,94,132,80,26,76,19,24" hai1="116,115,58,105,69,106,22,129,20,57,84,44,125" hai2="92,120,8,68,32,75,118,31,135,41,47,15,101" hai3="27,71,114,30,38,17,74,122,2,14,113,40,34"/><W83/><G71/><T11/><D132/><U87/><E44/><V82/><F118/><W117/><G117/><T95/><D60/><U33/><E116/><V25/><F68/><W112/><G122/><T73/><D19/><U9/><E69/><V100/><F135/><W126/><G40/><T65/><D65/><U50/><E9/><V128/><F128/><W64/><G38/><T16/><D78/><U131/><E33/><V4/><F92/><W108/><G64/><T0/><D95/><U81/><E81/><V56/><F56/><W35/><G108/><T90/><D42/><U93/><E93/><V59/><F59/><W62/><G126/><T5/><D5/><U130/><E115/><V52/><F52/><W123/><G62/><T7/><D7/><U85/><E125/><V21/><F32/><N who="3" m="20575" /><G74/><T54/><REACH who="0" step="1"/><D16/><REACH who="0" ten="273,143,183,391" step="2"/><U102/><E102/><V63/><F63/><W91/><G112/><T51/><D51/><U86/><N who="1" m="21504" /><DORA hai="127" /><U77/><E77/><V29/><F120/><W121/><G113/><T13/><D13/><U119/><E119/><V37/><F82/><W12/><G114/><T104/><D104/><N who="1" m="40043" /><E50/><V1/><F15/><W28/><G12/><T55/><D55/><U18/><E18/><N who="2" m="12471" /><F75/><W36/><G17/><T53/><D53/><U89/><E89/><V133/><F133/><W72/><G91/><T109/><D109/><U99/><E99/><V39/><F37/><W103/><G36/><T3/><D3/><U79/><E79/><V134/><F134/><W45/><G2/><T66/><D66/><U97/><E97/><V67/><F67/><RYUUKYOKU ba="0,1" sc="273,10,143,10,183,10,391,-30" hai0="0,6,11,24,26,48,54,73,76,80,90,94,96" hai1="20,22,57,58,129,130,131" hai2="1,4,8,29,31,39,41,47,100,101" owari="283,8.3,153,-34.7,193,-20.7,371,47.1" /></mjloggm>