<mjloggm ver="2.3"><GO type="225" lobby="0"/><UN n0="%E2%98%86%41%64%72%69%61%6E" n1="%E5%8F%AF%E5%85%90%E9%82%A3%E7%94%B1%E5%A4%9A" n2="%6D%75%75%6D%75%72%61" n3="%E5%A4%96%E5%B7%9D%E7%AB%9C%E6%88%90" dan="17,17,17,16" rate="2181.97,2206.58,2232.54,2175.09" sx="M,F,F,M"/><TAIKYOKU oya="0"/><INIT seed="0,0,0,1,4,104" ten="250,250,250,250" oya="0" hai0="10,77,90,93,124,64,80,7,52,131,95,62,121" hai1="53,102,103,38,74,13,58,98,12,60,22,88,123" hai2="94,106,105,31,135,119,111,35,36,51,15,86,134" hai3="82,92,71,56,133,65,66,116,30,45,76,112,129"/><T89/><D121/><U2/><E123/><V109/><F36/><W63/><G112/><T72/><D124/><U11/><E38/><V49/><F35/><W32/><G116/><T25/><D131/><U57/><E2/><V113/><F113/><W39/><G129/><T46/><D25/><U40/><E40/><V83/><F119/><W43/><G133/><N who="2" m="50697" /><F94/><W24/><G92/><T68/><D95/><N who="1" m="56679" /><E74/><V44/><F15/><W118/><G118/><T41/><D93/><U17/><E58/><V87/><F31/><W20/><G32/><T120/><D120/><U127/><E127/><V78/><F87/><W91/><G91/><T110/><D110/><N who="2" m="41994" /><F51/><W3/><G3/><N who="0" m="383" /><D52/><AGARI ba="0,0" hai="44,49,52,78,83,86,105,106" m="41994,50697" machi="52" ten="30,3900,0" yaku="20,1,14,1,54,1" doraHai="104" who="2" fromWho="0" sc="250,-39,250,0,250,39,250,0" /><INIT seed="1,0,0,3,2,46" ten="211,250,289,250" oya="1" hai0="112,133,88,113,40,0,119,27,72,80,70,4,132" hai1="18,62,22,123,50,69,117,9,35,38,32,28,2" hai2="79,58,114,64,111,5,67,102,120,135,84,30,89" hai3="74,14,39,95,42,52,26,13,15,63,20,75,10"/><U21/><E38/><V94/><F120/><W81/><G39/><T85/><D119/><U124/><E117/><V105/><F111/><W56/><G42/><T76/><D70/><U16/><E123/><V61/><F135/><N who="0" m="51786" /><D27/><N who="1" m="16503" /><E50/><V59/><F114/><N who="0" m="44138" /><D40/><U6/><E62/><V87/><F5/><W1/><G95/><N who="0" m="54671" /><D4/><U126/><E69/><V90/><F30/><W71/><G71/><T91/><D0/><U92/><E92/><V108/><F94/><W130/><G130/><T51/><D91/><U106/><E18/><V134/><F134/><W37/><G37/><T48/><AGARI ba="0,0" hai="48,51,72,76,80" m="54671,44138,51786" machi="48" ten="40,8000,1" yaku="20,1,52,2,54,1" doraHai="46" who="0" fromWho="0" sc="211,80,250,-40,289,-20,250,-20" /><INIT seed="2,0,0,1,2,31" ten="291,210,269,230" oya="2" hai0="83,80,12,84,111,135,66,30,110,125,94,105,42" hai1="108,118,33,116,130,2,68,87,89,102,64,36,73" hai2="107,65,35,29,104,90,74,72,39,123,117,60,85" hai3="75,129,79,132,55,27,106,134,47,23,88,53,109"/><V40/><F123/><W14/><G106/><T57/><D105/><U121/><RYUUKYOKU type="yao9" ba="0,0" sc="291,0,210,0,269,0,230,0" hai1="2,33,36,64,68,73,87,89,102,108,116,118,121,130" /><INIT seed="2,1,0,5,5,120" ten="291,210,269,230" oya="2" hai0="21,10,66,50,90,112,26,135,63,19,80,46,24" hai1="23,133,14,42,81,35,41,83,38,85,69,59,5" hai2="110,15,117,101,99,86,132,95,125,116,108,78,36" hai3="52,33,27,48,113,124,77,30,58,127,1,44,4"/><V54/><F36/><W6/><G113/><T40/><D112/><U98/><E35/><V114/><F114/><W94/><G77/><T16/><D135/><U0/><E69/><V73/><F132/><W70/><G70/><T3/><D3/><U28/><E133/><V75/><F54/><W39/><G94/><T126/><D126/><N who="3" m="48169" /><G1/><T89/><D80/><U103/><E0/><V7/><F125/><W62/><G39/><T109/><D109/><N who="2" m="42090" /><F86/><W43/><AGARI ba="1,0" hai="4,6,27,30,33,43,44,48,52,58,62" m="48169" machi="43" ten="30,2000,0" yaku="18,1,54,1" doraHai="120" who="3" fromWho="3" sc="291,-6,210,-6,269,-11,230,23" /><INIT seed="3,0,0,1,5,124" ten="285,204,258,253" oya="3" hai0="81,12,58,70,85,11,97,76,65,2,54,71,116" hai1="103,19,126,107,108,10,121,80,57,3,1,122,115" hai2="89,109,111,99,90,5,42,88,35,0,43,48,28" hai3="51,49,62,77,67,105,39,24,37,101,7,129,30"/><W21/><G77/><T79/><D116/><U6/><E115/><V128/><F128/><W14/><G105/><T36/><D36/><U26/><E126/><V112/><F112/><W135/><G101/><T113/><D113/><U33/><E108/><N who="2" m="41547" /><F99/><W31/><G135/><T69/><D2/><N who="1" m="343" /><E57/><V93/><F93/><W34/><G129/><T127/><D127/><U134/><E80/><V75/><F75/><W119/><G119/><T84/><D97/><N who="1" m="61935" /><E19/><V8/><F48/><W72/><G72/><T44/><D44/><U110/><E110/><V25/><AGARI ba="0,0" hai="0,5,8,25,28,35,42,43,88,89,90" m="41547" machi="25" ten="40,2700,0" yaku="14,1,54,1" doraHai="124" who="2" fromWho="2" sc="285,-7,204,-7,258,27,253,-13" /><INIT seed="4,0,0,4,4,60" ten="278,197,285,240" oya="0" hai0="133,72,104,40,80,68,89,47,63,29,5,41,94" hai1="125,1,88,109,82,27,85,51,127,75,3,8,65" hai2="55,128,58,74,123,95,97,45,118,59,61,87,112" hai3="7,46,0,93,6,90,100,124,103,25,108,131,16"/><T81/><D104/><U22/><E109/><V132/><F74/><W91/><G108/><T32/><D133/><U79/><E51/><N who="2" m="29167" /><F123/><W102/><G124/><N who="1" m="47690" /><E8/><V120/><F120/><W15/><G131/><T13/><D72/><U99/><E99/><V42/><F128/><W36/><G25/><T111/><D111/><U38/><E38/><V9/><F132/><W48/><G36/><T4/><D32/><U119/><E119/><V53/><F118/><W33/><G33/><T96/><D29/><N who="1" m="17655" /><E65/><N who="2" m="39095" /><F112/><W126/><G0/><T129/><D129/><U50/><E50/><N who="2" m="31159" /><F9/><N who="3" m="6255" /><G126/><T30/><D68/><U21/><E21/><V76/><F42/><N who="3" m="24663" /><G91/><T110/><D41/><U115/><E115/><V23/><F23/><W24/><G24/><T19/><D40/><U114/><E114/><V26/><F26/><W2/><G2/><T116/><D116/><U106/><E106/><V44/><F44/><W117/><G117/><T28/><D110/><U14/><E14/><V20/><F20/><W54/><G54/><T17/><D63/><U113/><E113/><V84/><F76/><W73/><G73/><T70/><D47/><U98/><E75/><V43/><F43/><W67/><G67/><T37/><D13/><U34/><E34/><V64/><F64/><W52/><G52/><T18/><D37/><U39/><E39/><V130/><F130/><W62/><G62/><T56/><D56/><U10/><E10/><V101/><AGARI ba="0,0" hai="84,87,95,97,101" m="31159,39095,29167" machi="101" ten="30,2000,0" yaku="8,1,52,1" doraHai="60" who="2" fromWho="2" sc="278,-10,197,-5,285,20,240,-5" owari="268,6.8,192,-30.8,305,40.5,235,-16.5" /></mjloggm>