<mjloggm ver="2.3"><GO type="225" lobby="0"/><UN n0="%E3%81%BF%E3%81%BF%E3%81%9A" n1="%E3%82%BC%E3%83%AB%E3%83%80%E3%81%AE%E4%BC%9D%E8%AA%AC" n2="%E5%8F%AF%E5%85%90%E9%82%A3%E7%94%B1%E5%A4%9A" n3="%E3%82%B2%E3%82%B9%E8%8C%82%E5%8B%9D" dan="16,17,17,16" rate="2130.12,2282.19,2239.66,2059.04" sx="M,M,F,F"/><TAIKYOKU oya="0"/><INIT seed="0,0,0,3,4,21" ten="250,250,250,250" oya="0" hai0="81,10,118,109,39,34,65,89,29,35,106,124,32" hai1="19,22,31,116,90,8,53,94,95,97,96,27,74" hai2="42,2,47,14,108,87,112,52,15,1,119,103,98" hai3="121,92,4,100,123,91,16,3,128,69,5,57,93"/><T73/><D118/><U115/><E115/><V88/><F112/><W24/><G69/><T25/><D39/><U113/><E113/><V51/><F119/><W134/><G128/><T20/><D106/><U120/><E120/><N who="3" m="46154" /><G134/><T125/><D65/><U28/><E116/><V129/><F129/><W36/><G36/><T102/><D102/><U58/><E8/><V133/><F133/><W67/><G3/><T40/><D40/><U61/><E74/><V45/><F108/><W56/><G100/><AGARI ba="0,0" hai="19,22,27,28,31,53,58,61,90,94,95,96,97,100" machi="100" ten="30,8000,1" yaku="7,1,25,2,8,1,52,1" doraHai="21" who="1" fromWho="3" sc="250,0,250,80,250,0,250,-80" /><INIT seed="1,0,0,1,5,18" ten="250,330,250,170" oya="1" hai0="76,69,26,126,42,67,7,55,114,102,59,58,91" hai1="97,135,92,24,19,115,66,90,127,130,20,8,80" hai2="82,96,123,37,48,75,51,29,105,117,70,134,2" hai3="129,101,14,81,73,107,98,77,108,132,63,85,21"/><U116/><E115/><V17/><F117/><W45/><G108/><T16/><D114/><U22/><E116/><V57/><F37/><W35/><G35/><T128/><D128/><U11/><E130/><V78/><F70/><W28/><G129/><T122/><D7/><U119/><E119/><V47/><F123/><W95/><G132/><T86/><D122/><U3/><E127/><V133/><F2/><W9/><G63/><N who="0" m="38391" /><D69/><U6/><E135/><N who="2" m="51723" /><F29/><W120/><G120/><T124/><D42/><U103/><E66/><V125/><F125/><N who="0" m="48234" /><D102/><U13/><REACH who="1" step="1"/><E24/><REACH who="1" ten="250,320,250,170" step="2"/><V39/><F57/><W23/><G45/><T32/><D32/><U68/><E68/><V38/><F47/><W104/><G28/><T40/><D40/><U94/><E94/><V1/><F105/><W4/><G107/><T111/><D111/><U83/><E83/><V74/><F82/><W71/><G71/><T52/><D59/><U93/><E93/><V0/><F39/><W49/><G49/><T118/><D118/><U109/><E109/><V34/><F38/><W60/><G60/><T50/><D50/><U88/><E88/><AGARI ba="0,1" hai="4,9,14,21,23,73,77,81,85,88,95,98,101,104" machi="88" ten="40,8000,1" yaku="24,2,52,2,54,1" doraHai="18" who="3" fromWho="1" sc="250,0,320,-80,250,0,170,90" /><INIT seed="2,0,0,1,4,77" ten="250,240,250,260" oya="2" hai0="39,17,16,53,36,24,91,3,107,96,19,131,87" hai1="50,118,1,51,2,81,52,33,18,63,15,10,130" hai2="40,5,35,59,120,86,83,95,126,29,78,58,42" hai3="14,134,64,6,34,68,7,41,45,90,55,127,84"/><V89/><F120/><W38/><G127/><T62/><D3/><U125/><E118/><V100/><F126/><W117/><G117/><T109/><D109/><U26/><E125/><V76/><F5/><W123/><G123/><T0/><D0/><U23/><E130/><V103/><F35/><W57/><G134/><T116/><D116/><U111/><E111/><V22/><F78/><W48/><G14/><T46/><D131/><U135/><E135/><V113/><F113/><W114/><G34/><T31/><D96/><U32/><E32/><V80/><F29/><W97/><G97/><T8/><D107/><U65/><E1/><V47/><F22/><W12/><G12/><T93/><D8/><U11/><E11/><V129/><F129/><W66/><G66/><T121/><D121/><U104/><E104/><V82/><F76/><W54/><G54/><T28/><D28/><N who="1" m="19607" /><E81/><V79/><F79/><W73/><G73/><T75/><D75/><U115/><E52/><V102/><REACH who="2" step="1"/><F42/><REACH who="2" ten="250,240,240,260" step="2"/><W110/><G114/><T106/><D31/><U101/><E115/><V43/><F43/><W72/><G110/><T122/><D122/><U74/><E74/><V94/><F94/><N who="3" m="54599" /><G72/><T128/><D128/><U60/><E2/><V44/><F44/><W70/><G6/><T98/><D46/><U25/><E23/><V99/><F99/><W69/><G7/><T85/><D106/><U112/><E112/><V124/><F124/><W13/><G13/><T133/><D133/><U108/><E108/><V21/><F21/><W119/><G119/><T71/><D98/><U37/><E15/><RYUUKYOKU ba="0,1" sc="250,-15,240,-15,240,15,260,15" hai2="40,47,58,59,80,82,83,86,89,95,100,102,103" hai3="38,41,45,48,55,57,64,68,69,70" /><INIT seed="2,1,1,3,1,29" ten="235,225,255,275" oya="2" hai0="33,30,28,98,96,105,103,12,90,63,135,102,5" hai1="88,58,18,118,114,76,9,62,41,122,37,0,42" hai2="23,77,13,100,10,22,94,2,11,38,25,87,35" hai3="93,67,111,85,71,121,7,134,49,32,86,40,61"/><V89/><F38/><W54/><G111/><T14/><D135/><U17/><E118/><V8/><F2/><W74/><G134/><T4/><D90/><U120/><E114/><V16/><F35/><W81/><G121/><N who="1" m="46698" /><E76/><V43/><F43/><N who="1" m="16393" /><E37/><V79/><REACH who="2" step="1"/><F100/><REACH who="2" ten="235,225,245,275" step="2"/><W70/><G40/><T99/><D33/><U26/><E26/><V116/><F116/><W59/><G32/><T20/><D105/><U15/><E0/><V84/><F84/><W92/><G85/><T51/><D99/><U127/><E127/><V132/><F132/><W39/><G39/><T106/><D106/><U112/><E112/><V57/><F57/><W47/><G74/><T78/><D102/><U101/><E101/><V52/><F52/><W75/><G75/><T27/><D103/><U95/><E58/><V113/><F113/><W44/><G70/><T53/><D98/><N who="1" m="57703" /><E62/><V3/><F3/><W60/><G71/><T80/><D63/><U48/><E48/><V126/><F126/><W83/><G60/><T131/><D96/><U24/><E24/><V19/><AGARI ba="1,2" hai="8,10,11,13,16,19,22,23,25,77,79,87,89,94" machi="19" ten="30,11700,0" yaku="1,1,0,1,8,1,54,1,53,0" doraHai="29" doraHaiUra="45" who="2" fromWho="2" sc="235,-40,225,-40,245,140,275,-40" /><INIT seed="2,2,0,2,4,62" ten="195,185,385,235" oya="2" hai0="118,110,28,61,108,113,29,68,82,105,45,98,96" hai1="41,46,35,1,15,69,8,26,32,59,99,23,19" hai2="50,85,109,122,24,116,124,90,40,123,133,22,104" hai3="132,0,129,121,97,64,81,38,54,6,86,128,52"/><V34/><F116/><W115/><G121/><T31/><D113/><U58/><E69/><V30/><F104/><W88/><G132/><T16/><D118/><U71/><E71/><V131/><F133/><W84/><G38/><T56/><D68/><U102/><E1/><V114/><F114/><W67/><G115/><T112/><D112/><U27/><E35/><V10/><F131/><N who="3" m="50251" /><G97/><T134/><D134/><U111/><E32/><V7/><F124/><W21/><G21/><T48/><D16/><N who="1" m="12647" /><E27/><V125/><F125/><W17/><G17/><T77/><D105/><U117/><E111/><N who="0" m="42537" /><D48/><N who="1" m="26703" /><E117/><V93/><F34/><W91/><G6/><T39/><D45/><U13/><E13/><V101/><F109/><W47/><G0/><T14/><D39/><U94/><AGARI ba="2,0" hai="8,15,19,58,59,94,99,102" m="26703,12647" machi="94" ten="30,2000,0" yaku="8,1,54,1" doraHai="62" who="1" fromWho="1" sc="195,-7,185,26,385,-12,235,-7" /><INIT seed="3,0,0,4,0,22" ten="188,211,373,228" oya="3" hai0="4,12,106,37,122,82,18,102,23,52,118,132,56" hai1="35,58,75,54,45,90,83,123,134,51,115,48,116" hai2="76,62,135,24,17,42,27,119,125,81,108,71,66" hai3="60,70,133,92,53,28,9,103,104,1,80,41,100"/><W78/><G133/><T39/><D118/><U44/><E115/><V19/><F119/><W40/><G104/><T129/><D122/><U86/><E116/><V101/><F101/><W49/><G28/><T109/><D132/><U47/><E123/><V72/><F135/><W84/><G60/><T43/><D129/><U14/><E134/><V29/><F108/><W57/><G70/><T69/><D69/><U89/><E75/><V88/><F125/><W11/><G103/><T68/><D68/><U13/><E35/><V107/><F107/><W117/><G117/><T63/><D109/><U77/><E51/><V113/><F113/><W85/><G1/><T105/><D43/><N who="3" m="16457" /><G100/><T34/><D34/><U21/><E21/><V0/><F0/><W124/><G124/><T30/><D106/><U99/><E90/><AGARI ba="0,0" hai="9,11,49,53,57,78,80,84,85,90,92" m="16457" machi="90" ten="30,1500,0" yaku="8,1" doraHai="22" who="3" fromWho="1" sc="188,0,211,-15,373,0,228,15" /><INIT seed="3,1,0,3,4,72" ten="188,196,373,243" oya="3" hai0="27,0,54,30,96,90,43,34,106,133,23,129,113" hai1="99,118,41,85,68,69,42,59,104,77,8,98,109" hai2="4,97,7,87,35,102,6,46,3,73,36,16,112" hai3="13,44,70,39,29,33,45,48,132,20,37,126,21"/><W74/><G70/><T92/><D0/><U38/><E109/><V124/><F73/><W76/><G126/><T125/><D125/><U49/><E38/><V128/><F124/><W14/><G132/><T32/><D133/><U110/><E110/><V11/><F112/><W121/><G33/><T78/><D113/><U2/><E68/><V81/><F35/><W101/><G101/><T80/><D129/><U62/><E69/><V65/><F65/><W115/><G74/><T1/><D1/><U105/><E105/><V50/><F16/><W67/><G115/><T56/><D43/><N who="1" m="16395" /><E2/><V95/><F36/><W135/><G135/><T51/><D106/><U119/><E49/><V94/><F94/><W93/><G93/><T5/><D5/><U63/><E8/><V31/><F31/><W55/><G67/><T10/><D10/><U131/><E131/><V25/><F25/><W9/><G9/><T57/><D57/><U52/><E63/><V75/><F75/><AGARI ba="1,0" hai="23,27,30,32,34,51,54,56,75,78,80,90,92,96" machi="75" ten="30,2000,0" yaku="7,1,52,1" doraHai="72" who="0" fromWho="2" sc="188,23,196,0,373,-23,243,0" owari="211,-18.9,196,-30.4,350,45.0,243,4.3" /></mjloggm>