<mjloggm ver="2.3"><GO type="225" lobby="0"/><UN n0="%E5%A4%96%E5%B7%9D%E7%AB%9C%E6%88%90" n1="%E8%81%B7%E6%A5%AD%E3%80%81%E9%A2%A8%32" n2="%E3%83%AD%E3%83%83%E3%83%86%E9%9B%80%E7%90%83" n3="%72%69%6F%75%63%68%61%6E" dan="16,16,17,17" rate="2221.37,2172.39,2221.60,2149.49" sx="M,M,M,M"/><TAIKYOKU oya="0"/><INIT seed="0,0,0,1,1,107" ten="250,250,250,250" oya="0" hai0="116,114,18,0,124,56,49,109,51,6,123,47,121" hai1="133,40,73,62,29,70,103,92,30,83,110,76,19" hai2="112,67,134,9,7,35,25,72,2,54,127,58,100" hai3="46,75,69,60,34,65,128,113,84,85,77,104,95"/><T86/><D114/><U88/><E110/><V79/><F112/><W28/><G128/><T4/><D116/><U22/><E133/><V42/><F127/><W80/><G113/><T106/><D106/><U52/><E40/><V130/><F130/><W78/><G78/><T101/><D101/><U27/><E103/><V135/><F100/><W1/><G104/><T39/><D39/><U93/><E93/><V98/><F98/><W87/><G1/><T36/><D36/><U81/><E81/><N who="2" m="45287" /><F67/><W37/><G28/><T31/><D31/><U129/><E129/><V57/><F42/><W3/><G3/><T118/><D0/><U43/><E43/><V61/><F58/><W96/><G34/><T132/><D118/><U11/><E11/><V50/><F50/><W120/><G37/><T20/><D124/><U122/><E122/><V74/><F25/><W108/><G108/><T119/><D109/><U102/><E102/><V115/><F35/><W94/><G120/><T44/><D119/><U99/><E70/><V14/><F2/><W33/><G33/><T55/><D56/><AGARI ba="0,0" hai="19,22,27,29,30,52,56,62,73,76,83,88,92,99" machi="56" ten="40,8000,1" yaku="25,2,52,1,54,2" doraHai="107" who="1" fromWho="0" sc="250,-80,250,80,250,0,250,0" /><INIT seed="1,0,0,0,1,78" ten="170,330,250,250" oya="1" hai0="93,51,16,50,63,81,66,97,70,67,40,91,95" hai1="110,33,116,29,10,87,11,109,62,53,122,69,47" hai2="7,6,43,17,68,41,114,79,42,86,57,82,101" hai3="18,12,48,72,26,73,27,117,100,118,23,49,71"/><U112/><E116/><N who="3" m="44650" /><G71/><T84/><D67/><U45/><E122/><V108/><F108/><N who="1" m="41577" /><E112/><V61/><F114/><W13/><G100/><T135/><D135/><U14/><E33/><V46/><F68/><W113/><G113/><T59/><D70/><U98/><E29/><V64/><F101/><W76/><G12/><T96/><D40/><U85/><E98/><V133/><F133/><W102/><G102/><T8/><D97/><U24/><E24/><N who="3" m="9258" /><G76/><N who="0" m="46119" /><D95/><U104/><E104/><V54/><F17/><W30/><G30/><T129/><D129/><U55/><E69/><V105/><F105/><W89/><G89/><T20/><D8/><N who="1" m="3115" /><E14/><AGARI ba="0,0" hai="14,16,20,50,51,59,63,66,91,93,96" m="46119" machi="14" ten="30,3900,0" yaku="8,1,52,1,54,1" doraHai="78" who="0" fromWho="1" sc="170,39,330,-39,250,0,250,0" /><INIT seed="2,0,0,3,0,105" ten="209,291,250,250" oya="2" hai0="62,15,7,70,104,78,93,25,102,87,76,103,16" hai1="19,95,83,8,39,29,99,28,4,74,22,98,36" hai2="119,96,118,33,111,101,41,129,53,55,52,79,127" hai3="1,23,107,60,100,32,110,13,117,128,135,6,12"/><V46/><F127/><W48/><G110/><T5/><D104/><U35/><E99/><V106/><F129/><W89/><G117/><T58/><D70/><U9/><E9/><V91/><F111/><W82/><G32/><T97/><D103/><U31/><E35/><V44/><F33/><W85/><G128/><T86/><D25/><U61/><E74/><V109/><F109/><W66/><G135/><T11/><D87/><U90/><E83/><V42/><F79/><W27/><G48/><T56/><D56/><U72/><E72/><V51/><REACH who="2" step="1"/><F91/><REACH who="2" ten="209,291,240,250" step="2"/><W92/><G107/><T124/><D124/><U57/><E90/><V64/><F64/><W68/><G1/><T26/><D78/><U113/><E113/><V134/><F134/><W88/><G100/><T120/><D120/><U10/><E95/><V77/><F77/><W132/><G132/><T17/><D76/><U81/><E98/><V125/><F125/><W131/><G131/><T50/><D86/><U94/><E94/><V126/><F126/><W30/><G6/><T37/><D5/><U38/><E81/><V80/><F80/><W54/><G54/><N who="0" m="34135" /><D7/><U34/><E34/><V40/><F40/><W43/><G43/><T73/><D73/><U2/><E4/><V20/><F20/><W130/><G130/><T14/><D93/><U0/><E2/><V116/><F116/><W133/><G133/><T24/><D97/><AGARI ba="0,1" hai="12,13,23,27,30,60,66,68,82,85,88,89,92,97" machi="97" ten="30,2000,0" yaku="7,1,54,1" doraHai="105" who="3" fromWho="0" sc="209,-20,291,0,240,0,250,30" /><INIT seed="3,0,0,5,0,92" ten="189,291,240,280" oya="3" hai0="124,42,97,72,117,90,44,59,109,55,85,46,81" hai1="51,16,25,79,130,60,15,22,84,28,19,127,78" hai2="88,8,71,135,56,69,126,77,67,58,23,54,131" hai3="118,101,74,31,20,9,99,133,50,83,100,5,111"/><W120/><G118/><T12/><D117/><U30/><E127/><V123/><F126/><W122/><G133/><T29/><D124/><U94/><E130/><V43/><F77/><N who="1" m="29193" /><E60/><V24/><F131/><W87/><G74/><T41/><D72/><U53/><E84/><V52/><F135/><W132/><G132/><T73/><D73/><U68/><E94/><V95/><F43/><W3/><G111/><T64/><D64/><U21/><E68/><V49/><F8/><W61/><G101/><T37/><D109/><U104/><E104/><V113/><F113/><W11/><G11/><T26/><D12/><U14/><E14/><V106/><F106/><W63/><G50/><T13/><D13/><U7/><E7/><V89/><F67/><W80/><G122/><T114/><D114/><U70/><E70/><V0/><F0/><W17/><G31/><T57/><D55/><U65/><E65/><V128/><F89/><W47/><G47/><AGARI ba="0,0" hai="15,16,19,21,22,25,28,30,47,51,53" m="29193" machi="47" ten="30,2000,0" yaku="8,1,54,1" doraHai="92" who="1" fromWho="3" sc="189,0,291,20,240,0,280,-20" owari="189,-31.1,311,41.1,240,-16.0,260,6.0" /></mjloggm>