<mjloggm ver="2.3"><GO type="225" lobby="0"/><UN n0="%E7%B4%94%E6%BD%94%E3%83%94%E3%83%A9%E3%83%8B%E3%82%A2" n1="%6D%75%75%6D%75%72%61" n2="%E3%82%BC%E3%83%AB%E3%83%80%E3%81%AE%E4%BC%9D%E8%AA%AC" n3="%E5%8F%AF%E5%85%90%E9%82%A3%E7%94%B1%E5%A4%9A" dan="17,16,16,16" rate="2186.43,2145.22,2217.70,2172.15" sx="M,F,M,F"/><TAIKYOKU oya="0"/><INIT seed="0,0,0,2,1,75" ten="250,250,250,250" oya="0" hai0="93,103,21,1,53,85,0,79,128,89,51,27,113" hai1="39,96,73,28,125,6,26,3,72,90,109,37,17" hai2="112,40,129,41,94,134,29,48,19,24,7,66,77" hai3="18,67,99,9,105,124,126,8,12,50,52,56,54"/><T68/><D113/><U133/><E109/><V11/><F112/><W83/><G67/><T122/><D122/><U108/><E108/><V98/><F134/><W110/><G110/><T119/><D68/><U131/><E133/><V115/><F115/><W33/><G33/><T34/><D34/><U116/><E116/><V5/><F129/><W62/><G8/><T23/><D119/><U82/><E131/><V97/><F66/><W32/><G32/><T102/><D128/><U130/><E130/><V30/><F77/><W114/><G114/><T118/><D118/><U65/><E17/><V111/><F111/><W4/><G4/><T36/><D36/><U16/><E125/><V64/><F64/><W49/><G83/><N who="0" m="47359" /><D1/><U25/><E65/><V43/><F48/><W95/><G105/><T81/><D81/><U107/><E39/><V127/><F127/><N who="3" m="48683" /><G54/><T20/><D0/><U87/><E37/><V42/><F42/><W57/><G57/><N who="0" m="32959" /><D27/><U135/><E135/><V86/><F24/><W74/><G74/><T45/><D45/><U70/><E70/><V61/><F41/><W101/><AGARI ba="0,0" hai="9,12,18,49,50,52,56,62,95,99,101" m="48683" machi="101" ten="30,2000,0" yaku="18,1,54,1" doraHai="75" who="3" fromWho="3" sc="250,-10,250,-5,250,-5,250,20" /><INIT seed="1,0,0,1,0,52" ten="240,245,245,270" oya="1" hai0="46,117,16,112,2,31,19,86,28,32,65,114,78" hai1="51,63,67,68,66,49,98,7,105,74,73,18,109" hai2="71,82,90,85,5,123,20,35,45,48,43,12,26" hai3="23,76,111,100,120,128,103,75,125,6,99,25,81"/><U121/><E121/><V95/><F71/><W92/><G120/><T59/><D117/><U127/><E127/><V61/><F123/><W37/><G125/><T55/><D2/><U58/><E109/><V14/><F35/><W134/><G111/><T77/><D32/><U79/><E7/><V3/><F3/><W34/><G128/><T47/><D65/><U64/><E18/><N who="0" m="6697" /><D114/><U54/><E49/><V108/><F108/><W133/><G34/><T41/><D41/><U44/><E68/><V88/><F5/><W40/><G6/><T69/><D69/><U115/><E115/><V106/><F106/><W53/><G53/><T10/><D10/><U135/><E135/><N who="3" m="51722" /><G40/><T129/><D129/><U130/><E130/><V33/><F61/><W57/><G37/><T116/><D116/><U17/><E17/><N who="2" m="12559" /><F33/><W83/><G23/><T13/><D13/><U38/><E38/><V84/><AGARI ba="0,0" hai="12,14,43,45,48,82,84,85,88,90,95" m="12559" machi="84" ten="30,2000,0" yaku="8,1,54,1" doraHai="52" who="2" fromWho="2" sc="240,-5,245,-10,245,20,270,-5" /><INIT seed="2,0,0,5,1,32" ten="235,235,265,265" oya="2" hai0="80,108,6,20,120,56,77,24,41,66,50,107,116" hai1="23,37,75,114,121,71,21,18,28,4,84,31,46" hai2="126,131,97,86,38,102,99,123,55,129,48,13,110" hai3="94,124,88,117,8,111,35,34,89,5,36,112,106"/><V93/><F123/><W69/><G106/><T125/><D107/><U96/><E75/><V10/><F38/><W7/><G117/><T73/><D116/><U100/><E114/><V27/><F126/><W64/><G36/><T135/><D108/><U57/><E71/><V19/><F110/><W29/><G111/><T39/><D135/><U98/><E121/><V33/><F86/><W104/><G104/><T119/><D119/><U45/><E4/><V52/><F99/><W12/><G124/><T101/><D101/><U70/><E70/><V43/><F43/><W59/><G69/><T72/><D72/><U67/><E37/><V51/><F51/><W87/><G112/><T118/><D118/><U42/><E84/><V60/><F60/><W2/><G29/><N who="1" m="11338" /><E42/><V92/><F92/><W68/><G68/><T17/><D120/><U15/><E23/><N who="2" m="13823" /><F48/><W11/><REACH who="3" step="1"/><G89/><REACH who="3" ten="235,235,265,255" step="2"/><T109/><D109/><U0/><E100/><V134/><F134/><W82/><G82/><T133/><D125/><U1/><E98/><V115/><F115/><W122/><G122/><T130/><D133/><U79/><E96/><V58/><F102/><W54/><G54/><N who="0" m="31831" /><D39/><U132/><E132/><V25/><F55/><W81/><G81/><T49/><D66/><U26/><E67/><V47/><F97/><W61/><AGARI ba="0,1" hai="2,5,7,8,11,12,34,35,59,61,64,87,88,94" machi="61" ten="30,7900,0" yaku="1,1,0,1,52,1,54,1,53,0" doraHai="32" doraHaiUra="22" who="3" fromWho="3" sc="235,-20,235,-20,265,-39,255,89" /><INIT seed="3,0,0,0,4,108" ten="215,215,226,344" oya="3" hai0="30,61,119,100,107,123,5,94,122,48,115,59,76" hai1="28,89,80,118,75,62,18,131,104,31,40,81,53" hai2="52,84,50,29,135,36,3,66,43,87,41,34,126" hai3="37,72,83,39,33,114,110,129,38,78,132,57,90"/><W113/><G33/><T9/><D107/><U96/><E75/><V106/><F3/><W111/><G129/><T91/><D100/><U20/><E131/><V55/><F36/><W134/><G90/><T77/><D119/><U56/><E118/><V32/><F106/><W65/><G57/><T6/><D30/><N who="1" m="11307" /><E104/><V45/><F66/><W82/><G65/><N who="0" m="39103" /><D123/><U54/><E40/><N who="2" m="15435" /><F126/><W12/><G12/><N who="0" m="5167" /><D6/><U16/><E53/><N who="2" m="29903" /><F32/><W2/><G2/><T60/><D122/><U51/><E51/><V44/><F135/><N who="3" m="51755" /><G82/><N who="1" m="31850" /><E20/><V109/><F109/><AGARI ba="0,0" hai="37,38,39,72,78,83,109,110,111,113,114" m="51755" machi="109" ten="40,18000,2" yaku="14,1,10,1,20,1,23,1,52,2" doraHai="108" who="3" fromWho="2" sc="215,0,215,0,226,-180,344,180" owari="215,1.5,215,-18.5,46,-45.4,524,62.4" /></mjloggm>