<mjloggm ver="2.3"><GO type="225" lobby="0"/><UN n0="%E3%81%B5%E3%81%98%E3%81%8B%E3%81%A4" n1="%77%72%77%72%77%72%77%72" n2="%E3%81%BF%E3%81%BF%E3%81%9A" n3="%72%65%6E%6B%75%6E" dan="16,17,17,17" rate="2168.67,2178.88,2306.62,2186.97" sx="M,M,M,M"/><TAIKYOKU oya="0"/><INIT seed="0,0,0,1,3,29" ten="250,250,250,250" oya="0" hai0="76,43,31,135,0,125,55,26,37,24,118,19,98" hai1="1,87,127,64,121,101,90,23,40,39,128,81,48" hai2="123,130,12,91,68,124,45,109,120,47,46,94,11" hai3="131,107,14,84,114,22,2,63,78,38,66,7,85"/><T80/><D118/><U41/><E121/><V8/><F68/><W88/><G107/><T71/><D125/><U69/><E127/><V3/><F124/><W96/><G38/><T61/><D135/><U105/><E128/><V133/><F133/><W116/><G114/><T18/><D98/><U129/><E129/><V21/><F130/><W72/><G72/><T82/><D0/><U54/><E1/><V93/><F109/><W74/><G74/><T104/><D104/><U108/><E108/><V67/><F67/><W51/><G2/><T36/><D71/><U30/><E105/><V117/><F117/><W70/><G116/><T110/><D110/><U34/><E34/><V16/><F93/><W112/><G112/><T10/><D10/><U122/><E101/><V56/><F56/><W6/><G51/><T99/><D99/><U83/><E83/><V28/><F28/><W20/><G78/><T62/><D76/><U95/><E81/><N who="0" m="31337" /><D43/><U100/><E100/><V119/><F119/><W113/><G113/><T60/><D55/><U134/><E122/><V13/><F3/><W25/><G96/><T5/><D5/><U15/><E39/><N who="0" m="14921" /><D31/><U49/><E134/><V53/><F53/><W97/><G97/><T59/><D59/><N who="1" m="33223" /><E49/><V102/><F102/><W103/><G103/><T33/><D33/><U35/><E35/><V115/><F115/><W65/><G70/><T75/><D75/><U50/><E50/><V92/><F21/><W9/><G20/><T44/><D44/><N who="2" m="11266" /><V106/><DORA hai="89" /><F106/><W17/><G22/><T58/><D58/><U32/><E23/><RYUUKYOKU ba="0,0" sc="250,30,250,-10,250,-10,250,-10" hai0="18,19,24,26,60,61,62" /><INIT seed="0,1,0,1,3,106" ten="280,240,240,240" oya="0" hai0="5,66,82,39,72,52,13,35,12,81,0,67,32" hai1="117,120,29,128,134,100,87,53,112,33,102,59,54" hai2="50,45,55,65,40,124,99,131,70,122,92,88,135" hai3="48,119,24,17,113,2,61,133,51,43,42,47,116"/><T71/><D39/><U18/><E117/><V4/><F122/><W68/><G2/><T9/><D82/><U23/><E120/><V57/><F135/><W21/><G113/><T126/><D126/><U90/><E134/><V25/><F124/><W91/><G133/><T30/><D13/><U74/><E74/><V109/><F109/><W7/><G7/><T31/><D31/><U49/><E112/><V75/><F131/><W46/><REACH who="3" step="1"/><G91/><REACH who="3" ten="280,240,240,230" step="2"/><T129/><D0/><U3/><E3/><V101/><F75/><W56/><G56/><T22/><D129/><U111/><E128/><V63/><F4/><W69/><G69/><T121/><D71/><U104/><E59/><V27/><REACH who="2" step="1"/><F101/><REACH who="2" ten="280,240,230,230" step="2"/><W94/><G94/><T83/><D5/><U115/><E100/><V110/><F110/><W127/><G127/><T86/><D72/><U95/><E102/><V62/><AGARI ba="1,2" hai="25,27,40,45,50,55,57,62,63,65,70,88,92,99" machi="62" ten="20,5200,0" yaku="1,1,0,1,7,1,54,1,53,0" doraHai="106" doraHaiUra="14" who="2" fromWho="2" sc="280,-27,240,-14,230,75,230,-14" /><INIT seed="1,0,0,1,3,30" ten="253,226,305,216" oya="1" hai0="36,74,83,81,38,23,121,69,105,118,111,5,130" hai1="91,34,86,115,90,45,51,25,42,96,49,87,95" hai2="135,127,37,10,132,9,33,73,85,101,35,19,117" hai3="53,40,126,20,56,52,109,104,8,114,1,97,113"/><U122/><E115/><V75/><F37/><W102/><G109/><T134/><RYUUKYOKU type="yao9" ba="0,0" sc="253,0,226,0,305,0,216,0" hai0="5,23,36,38,69,74,81,83,105,111,118,121,130,134" /><INIT seed="1,1,0,1,2,121" ten="253,226,305,216" oya="1" hai0="120,87,20,3,13,135,116,117,24,72,65,6,111" hai1="105,133,122,109,71,92,44,106,31,66,119,131,49" hai2="55,107,33,23,34,103,14,89,112,69,19,129,25" hai3="132,10,8,59,97,42,18,53,81,48,68,123,28"/><U125/><E119/><V36/><F69/><W76/><G68/><T115/><D72/><U104/><E122/><V82/><F36/><W85/><G123/><T35/><D65/><U134/><E131/><V9/><F107/><W21/><G132/><N who="1" m="50794" /><E125/><V118/><F103/><W130/><G130/><T37/><D87/><U32/><E32/><V30/><F118/><N who="0" m="45674" /><D37/><U100/><E31/><V64/><F64/><W73/><G28/><N who="0" m="19847" /><D115/><U5/><E5/><V11/><F112/><W2/><G2/><T1/><D120/><U93/><E100/><V91/><F129/><W51/><G73/><T56/><D56/><U99/><E99/><V41/><F41/><W108/><G97/><T22/><D135/><U63/><E109/><V86/><F55/><AGARI ba="1,0" hai="44,49,55,63,66,71,92,93,104,105,106" m="50794" machi="55" ten="40,2000,0" yaku="20,1" doraHai="121" who="1" fromWho="2" sc="253,0,226,23,305,-23,216,0" /><INIT seed="1,2,0,1,4,0" ten="253,249,282,216" oya="1" hai0="129,61,135,30,64,73,13,79,89,92,5,36,11" hai1="52,103,130,18,77,86,119,33,99,108,107,104,75" hai2="66,56,101,12,8,28,126,29,45,3,127,54,55" hai3="50,41,70,14,43,106,124,42,91,60,123,39,125"/><U26/><E119/><V88/><F101/><W53/><G106/><T9/><D135/><U128/><E75/><V40/><F3/><W115/><G91/><T84/><D129/><N who="1" m="49771" /><E108/><V2/><F2/><W69/><G14/><T6/><D36/><U17/><E107/><V122/><F122/><W95/><G95/><T78/><D30/><N who="2" m="11882" /><F66/><N who="3" m="41159" /><G70/><T19/><D73/><U34/><E26/><V98/><F98/><W46/><G123/><T74/><D74/><U38/><E38/><V114/><F114/><W131/><G131/><T134/><D134/><U59/><E86/><V94/><F56/><N who="3" m="32823" /><G115/><T133/><D133/><U51/><E77/><N who="0" m="29193" /><D11/><U24/><E24/><V32/><F32/><AGARI ba="2,0" hai="17,18,32,33,34,51,52,59,99,103,104" m="49771" machi="32" ten="30,2900,0" yaku="19,1,54,1" doraHai="0" who="1" fromWho="2" sc="253,0,249,35,282,-35,216,0" /><INIT seed="1,3,0,5,4,110" ten="253,284,247,216" oya="1" hai0="17,93,62,104,11,120,116,9,69,126,43,55,95" hai1="33,100,67,65,80,26,134,30,109,103,5,121,49" hai2="48,122,114,118,58,7,23,63,85,31,111,79,91" hai3="87,28,3,4,77,0,84,21,94,34,20,25,119"/><U68/><E121/><V61/><F118/><W125/><G119/><T1/><D116/><U75/><E109/><V131/><F122/><W15/><G125/><T45/><D104/><U37/><E37/><V52/><F131/><W105/><G105/><T10/><D126/><U42/><E134/><V64/><F114/><W32/><G77/><T135/><D135/><U35/><E35/><N who="3" m="13354" /><G94/><T66/><D120/><U73/><E5/><V36/><F111/><W13/><G87/><T97/><D1/><N who="3" m="585" /><G84/><T102/><D17/><U46/><E80/><N who="2" m="47263" /><F36/><W127/><G127/><T130/><D130/><U89/><E89/><V53/><F7/><W92/><G92/><T83/><D95/><U56/><E68/><V115/><F115/><W22/><G13/><T90/><D55/><U54/><E75/><V19/><F31/><W78/><G78/><T96/><D83/><U51/><E73/><V99/><F64/><W27/><G27/><T107/><REACH who="0" step="1"/><D11/><AGARI ba="3,0" hai="4,11,15,20,21,22,25,28" m="585,13354" machi="11" ten="30,8000,1" yaku="35,5" doraHai="110" who="3" fromWho="0" sc="253,-89,284,0,247,0,216,89" /><INIT seed="2,0,0,4,0,103" ten="164,284,247,305" oya="2" hai0="18,125,0,38,24,104,111,12,120,58,55,41,79" hai1="118,114,74,57,96,93,119,102,51,108,34,73,45" hai2="48,50,85,25,11,44,123,62,124,89,15,8,133" hai3="87,91,54,37,126,127,100,71,88,98,28,13,135"/><V115/><F115/><W75/><G75/><T130/><D120/><U32/><E114/><V81/><F123/><W86/><G37/><T105/><D79/><U94/><E108/><V14/><F124/><N who="3" m="47659" /><G71/><T121/><D125/><U42/><E57/><V101/><F133/><W116/><G116/><T132/><D121/><U16/><E93/><V59/><F101/><W95/><G28/><T17/><D132/><U67/><E67/><V60/><F25/><W80/><G54/><T90/><D111/><U40/><E40/><V65/><F62/><W83/><G13/><T46/><D0/><U66/><E66/><V129/><F129/><W68/><G68/><T21/><D130/><U20/><E119/><V70/><F70/><W7/><G7/><T9/><REACH who="0" step="1"/><D90/><REACH who="0" ten="154,284,247,305" step="2"/><U43/><E118/><V31/><F31/><W36/><G36/><T6/><D6/><U1/><E1/><V35/><F35/><W19/><G19/><T117/><D117/><U112/><E112/><V30/><F30/><W72/><G72/><T23/><D23/><U99/><E34/><V77/><F77/><N who="3" m="46351" /><G135/><T92/><D92/><U47/><E94/><V52/><F8/><W78/><AGARI ba="0,1" hai="78,83,87,88,91,95,98,100" m="46351,47659" machi="78" ten="30,7900,0" yaku="18,1,34,2,54,1" doraHai="103" who="3" fromWho="3" sc="154,-20,284,-20,247,-39,305,89" /><INIT seed="3,0,0,4,0,133" ten="134,264,208,394" oya="3" hai0="70,104,127,84,32,13,76,26,51,105,72,79,39" hai1="56,103,85,25,28,106,116,71,18,87,23,20,67" hai2="125,59,96,83,132,80,0,98,40,42,49,47,108" hai3="110,100,111,35,124,7,68,120,62,14,114,1,99"/><W91/><G35/><T5/><D70/><U81/><E71/><V107/><F108/><W41/><G1/><T64/><D39/><U89/><E116/><V130/><F130/><W37/><G114/><T57/><D72/><U128/><E128/><V74/><F125/><W94/><G120/><T44/><D79/><U52/><E106/><V55/><F132/><W123/><G124/><T21/><D32/><U11/><E103/><V36/><F0/><W66/><G123/><T86/><D86/><N who="1" m="50383" /><E11/><V112/><F112/><W16/><G7/><T97/><D97/><U10/><E10/><V131/><F131/><W12/><G100/><T27/><D127/><U24/><E67/><V95/><F74/><W78/><G78/><T134/><D134/><U46/><E46/><V126/><F126/><W117/><G117/><T135/><D135/><U6/><E6/><V109/><F109/><N who="3" m="41483" /><G16/><T34/><D34/><U65/><E65/><V48/><F40/><W31/><G31/><T8/><D104/><U45/><E45/><AGARI ba="0,0" hai="12,14,37,41,45,62,66,68,91,94,99" m="41483" machi="45" ten="30,2900,0" yaku="14,1,10,1" doraHai="133" who="3" fromWho="1" sc="134,0,264,-29,208,0,394,29" owari="134,-36.6,235,3.5,208,-19.2,423,52.3" /></mjloggm>