<mjloggm ver="2.3"><GO type="225" lobby="0"/><UN n0="%E3%80%93%E3%81%97%E3%83%BC%E3%82%89%E3%80%93" n1="%4D%6F%6E%61%6E%61" n2="%E3%82%A2%E3%83%A1%E3%82%A2%E3%83%A9%E3%83%AC" n3="%E5%AD%90%E4%BE%9B%E4%BC%9A%E5%93%A1" dan="16,16,16,17" rate="2159.20,2129.35,2181.39,2124.74" sx="M,F,M,M"/><TAIKYOKU oya="0"/><INIT seed="0,0,0,4,2,120" ten="250,250,250,250" oya="0" hai0="55,52,15,14,119,10,95,113,4,20,127,135,46" hai1="12,92,41,106,115,90,130,48,68,89,38,117,114" hai2="93,77,35,71,107,105,81,64,134,32,9,123,109" hai3="86,66,43,70,21,39,83,100,19,22,126,34,69"/><T57/><D113/><N who="1" m="43019" /><E117/><V108/><F123/><W33/><G100/><T72/><D72/><U101/><E68/><V36/><F36/><W58/><G58/><T25/><D119/><U82/><E38/><V26/><F134/><W121/><G121/><T0/><D127/><U87/><E41/><V37/><F37/><W116/><G116/><T51/><D135/><U8/><E48/><V97/><F9/><W125/><G43/><T84/><D95/><U5/><E130/><V29/><F35/><W50/><G50/><T74/><D74/><U47/><E47/><V27/><F27/><W67/><G39/><T7/><D84/><N who="1" m="52263" /><E101/><V103/><F64/><W31/><G86/><T98/><D98/><U91/><E106/><V23/><F32/><W54/><G83/><T18/><REACH who="0" step="1"/><D7/><REACH who="0" ten="240,250,250,250" step="2"/><U59/><E87/><N who="2" m="48559" /><F71/><W111/><G70/><T80/><D80/><U124/><E82/><V40/><F40/><W2/><G69/><T118/><D118/><U132/><E124/><V17/><F107/><W1/><G126/><T78/><D78/><U49/><E132/><V6/><F6/><W24/><G125/><T56/><D56/><U122/><E122/><V102/><F105/><W99/><G99/><T3/><D3/><U133/><E133/><V13/><F103/><W104/><G104/><T75/><D75/><U85/><E85/><V128/><F128/><W94/><G1/><T73/><D73/><U60/><E91/><V62/><F102/><W131/><G2/><T96/><D96/><U112/><N who="1" m="43027" /><U42/><DORA hai="53" /><E90/><V30/><F97/><W129/><G131/><RYUUKYOKU ba="0,1" sc="240,30,250,-10,250,-10,250,-10" hai0="0,4,10,14,15,18,20,25,46,51,52,55,57" /><INIT seed="0,1,1,1,4,118" ten="270,240,240,240" oya="0" hai0="95,63,122,123,133,40,107,78,81,111,39,82,25" hai1="49,79,94,75,102,8,14,87,46,128,62,91,20" hai2="131,61,129,65,121,24,32,72,12,97,73,135,57" hai3="48,10,69,125,9,11,38,19,5,26,108,53,92"/><T66/><D107/><U4/><E128/><N who="2" m="49227" /><F135/><W112/><G112/><T50/><D39/><U16/><E102/><V52/><F121/><W110/><G38/><T44/><D133/><U99/><E62/><N who="2" m="36135" /><F97/><W59/><G69/><T77/><D111/><N who="3" m="42537" /><G125/><T34/><D95/><U98/><E75/><V68/><F12/><N who="3" m="5167" /><G92/><T33/><D81/><U115/><E79/><V13/><F13/><W90/><G90/><T1/><D78/><U67/><E67/><V114/><F114/><W70/><G70/><T18/><D1/><U89/><E89/><V2/><F2/><W3/><G3/><T134/><D134/><U21/><E115/><V76/><F76/><W105/><G105/><T17/><D34/><U30/><E30/><AGARI ba="1,1" hai="24,30,32,61,65,68,72,73" m="36135,49227" machi="30" ten="30,2000,0" yaku="19,1,54,1" doraHai="118" who="2" fromWho="1" sc="270,0,240,-23,240,33,240,0" /><INIT seed="1,0,0,4,2,16" ten="270,217,273,240" oya="1" hai0="19,64,47,24,61,49,76,0,127,102,18,73,17" hai1="80,36,133,63,115,59,56,48,78,94,110,25,11" hai2="103,74,98,126,12,40,106,15,93,27,34,51,33" hai3="3,96,5,35,70,120,21,130,10,28,86,9,91"/><U54/><E115/><V125/><F74/><W109/><G70/><T67/><D0/><U62/><E133/><V45/><F106/><W23/><G120/><T95/><D127/><N who="2" m="48650" /><F27/><N who="3" m="18847" /><G96/><N who="0" m="59679" /><D76/><U83/><E110/><V111/><F111/><W119/><G109/><T79/><D79/><U101/><E36/><V114/><F114/><W104/><G104/><T118/><D73/><U39/><E39/><V69/><F69/><W97/><G97/><T135/><D135/><U13/><E25/><V66/><F66/><N who="0" m="25130" /><D61/><N who="1" m="23051" /><E78/><V52/><F40/><W71/><G71/><T90/><D118/><U129/><E129/><V84/><F84/><W89/><G86/><T7/><D7/><N who="1" m="3327" /><E59/><V122/><F122/><W134/><G134/><T2/><D2/><U85/><E101/><V123/><F123/><W31/><G3/><T81/><D81/><U88/><AGARI ba="0,0" hai="48,54,56,80,83,85,88,94" m="3327,23051" machi="88" ten="30,3000,0" yaku="8,1,54,1" doraHai="16" who="1" fromWho="1" sc="270,-10,217,30,273,-10,240,-10" /><INIT seed="1,1,0,3,4,8" ten="260,247,263,230" oya="1" hai0="38,119,94,67,53,33,61,110,19,85,69,126,37" hai1="1,66,98,3,135,28,51,64,111,106,132,35,6" hai2="39,79,24,80,15,116,103,88,43,22,87,108,70" hai3="60,59,57,30,117,83,96,130,18,46,56,27,62"/><U123/><E123/><V14/><F108/><W12/><G130/><T114/><D33/><U13/><E51/><V10/><F116/><W73/><G117/><T9/><D119/><U118/><E118/><V93/><F70/><W54/><G96/><T42/><D110/><U107/><E111/><V65/><F65/><N who="1" m="25193" /><E98/><N who="2" m="59855" /><F39/><W134/><G134/><N who="1" m="51242" /><E28/><N who="2" m="17431" /><F43/><W0/><G0/><N who="1" m="74" /><E35/><V52/><F10/><AGARI ba="1,0" hai="6,10,13,106,107" m="74,51242,25193" machi="10" ten="40,3900,0" yaku="20,1,52,1" doraHai="8" who="1" fromWho="2" sc="260,0,247,42,263,-42,230,0" /><INIT seed="1,2,0,3,0,52" ten="260,289,221,230" oya="1" hai0="27,106,17,13,7,57,15,104,61,8,30,48,83" hai1="56,114,29,111,89,96,23,36,81,123,108,6,11" hai2="88,32,91,40,113,74,10,100,39,49,133,42,54" hai3="72,51,16,68,60,45,37,77,115,86,26,70,93"/><U128/><E36/><V65/><F74/><W105/><G115/><T119/><D48/><U75/><E114/><V24/><F113/><W127/><G105/><T64/><D83/><U69/><E69/><V124/><F124/><W21/><G127/><T87/><D87/><N who="1" m="50415" /><E75/><V103/><F65/><W117/><G37/><T94/><D94/><U131/><E96/><V44/><F133/><W82/><G117/><T58/><D119/><U33/><E33/><V130/><F130/><N who="1" m="49705" /><E123/><V95/><F10/><W55/><REACH who="3" step="1"/><G60/><REACH who="3" ten="260,289,221,220" step="2"/><T85/><D106/><U135/><E135/><V63/><F63/><W71/><G71/><T132/><D104/><U129/><E129/><V92/><F39/><W0/><G0/><T41/><D61/><U50/><E111/><V9/><F103/><W46/><G46/><T28/><D132/><U5/><E108/><V90/><F100/><W47/><G47/><T62/><D62/><U4/><E50/><V1/><F1/><W121/><G121/><T134/><D134/><U118/><E118/><V66/><F49/><W14/><G14/><T3/><D15/><N who="1" m="5607" /><E56/><V112/><F112/><W18/><G18/><T25/><D57/><U34/><E34/><V102/><F32/><W122/><G122/><T12/><D58/><U101/><E101/><V84/><F102/><W22/><G22/><T2/><D2/><U107/><E107/><V80/><F44/><W76/><G76/><T110/><D3/><U99/><E23/><V35/><F35/><W59/><G59/><T20/><D20/><U38/><E38/><V120/><F120/><W116/><G116/><RYUUKYOKU ba="2,1" sc="260,-10,289,-10,221,-10,220,30" hai3="16,21,26,45,51,55,68,70,72,77,82,86,93" /><INIT seed="2,3,1,0,2,61" ten="250,279,211,250" oya="2" hai0="108,129,18,58,41,122,27,48,22,5,89,64,121" hai1="127,81,40,69,42,54,77,130,115,15,11,87,36" hai2="31,7,91,94,38,75,126,67,23,86,117,70,103" hai3="45,44,88,16,111,71,101,66,8,132,128,73,2"/><V76/><F126/><W32/><G73/><T51/><D108/><U43/><E115/><V34/><F117/><W100/><G111/><T74/><D129/><U133/><E127/><V17/><F38/><W98/><G32/><T1/><D74/><U134/><E69/><V14/><F7/><W105/><G128/><T78/><D78/><U53/><E36/><V107/><F70/><W125/><G125/><T39/><D39/><U3/><E3/><V25/><F67/><W30/><G30/><T118/><D118/><U93/><E93/><V110/><F110/><W135/><G101/><T37/><D37/><U33/><E33/><V113/><F113/><W104/><G104/><T46/><D89/><U55/><REACH who="1" step="1"/><E130/><REACH who="1" ten="250,269,211,250" step="2"/><V83/><F107/><W72/><G2/><T116/><D1/><U119/><E119/><V26/><REACH who="2" step="1"/><F103/><REACH who="2" ten="250,269,201,250" step="2"/><W29/><G100/><T52/><D116/><U124/><E124/><V96/><F96/><W19/><G98/><T112/><D112/><U50/><E50/><V90/><F90/><W114/><G88/><T65/><REACH who="0" step="1"/><D5/><AGARI ba="3,3" hai="5,11,15,40,42,43,53,54,55,77,81,87,133,134" machi="5" ten="40,1300,0" yaku="1,1,53,0" doraHai="61" doraHaiUra="109" who="1" fromWho="0" sc="250,-22,269,52,201,0,250,0" /><INIT seed="3,0,0,1,5,72" ten="228,321,201,250" oya="3" hai0="19,42,31,10,27,82,30,125,16,59,86,76,100" hai1="8,126,110,88,71,49,115,73,64,17,23,83,67" hai2="69,117,97,58,98,24,108,90,33,130,53,96,113" hai3="61,79,93,4,11,105,52,99,55,9,124,133,121"/><W28/><G121/><T26/><D125/><U131/><E110/><V87/><F113/><W20/><G105/><T37/><D37/><U135/><E115/><V109/><F117/><W46/><G124/><T2/><D2/><U0/><E126/><V92/><F130/><W106/><G106/><T101/><D42/><U13/><E71/><V63/><REACH who="2" step="1"/><F69/><REACH who="2" ten="228,321,191,250" step="2"/><W89/><G133/><T54/><D101/><U128/><E135/><V35/><F35/><W70/><G70/><T129/><D100/><U74/><E128/><V50/><F50/><W78/><G61/><N who="0" m="36087" /><D129/><U112/><E49/><V118/><F118/><W84/><G79/><T134/><D134/><U111/><E131/><V60/><F60/><W36/><G78/><T102/><D102/><U38/><E112/><V48/><F48/><W77/><G77/><T103/><D103/><U44/><E38/><V41/><F41/><W57/><G36/><T127/><D127/><U123/><E123/><V3/><F3/><W56/><G89/><T18/><D10/><U66/><E0/><V116/><F116/><W12/><G11/><T68/><D68/><U29/><E8/><V40/><F40/><W45/><G9/><T7/><D7/><U104/><E104/><V32/><F32/><W34/><G34/><T114/><D114/><U107/><E107/><V75/><F75/><W14/><G4/><T1/><D1/><U5/><E5/><V39/><F39/><W81/><G20/><T25/><AGARI ba="0,1" hai="16,18,19,25,26,27,30,31,76,82,86" m="36087" machi="25" ten="30,4000,0" yaku="8,1,52,1,54,1" doraHai="72" who="0" fromWho="0" sc="228,50,321,-10,191,-10,250,-20" owari="278,7.8,311,41.1,181,-31.9,230,-17.0" /></mjloggm>