<mjloggm ver="2.3"><GO type="225" lobby="0"/><UN n0="%E3%83%A9%E3%83%96%E3%83%AC%E3%83%BC" n1="%E3%81%95%E3%81%8D%E3%81%9F%E3%81%BE%E6%9E%97%E6%AA%8E" n2="%E3%81%8F%E3%82%8A%E3%83%94%E3%83%BC" n3="%33%74%72%65%65" dan="18,16,16,17" rate="2264.63,2128.78,2090.64,2184.21" sx="M,M,M,F"/><TAIKYOKU oya="0"/><INIT seed="0,0,0,0,0,47" ten="250,250,250,250" oya="0" hai0="23,120,87,57,81,66,76,135,71,11,34,12,62" hai1="102,105,83,22,89,55,109,72,20,99,70,4,78" hai2="1,48,31,35,82,85,67,41,6,60,106,36,73" hai3="33,24,9,88,114,10,8,121,14,111,132,43,104"/><T53/><D120/><U130/><E109/><V86/><F106/><W28/><G114/><T122/><D122/><U131/><E70/><V18/><F36/><W96/><G121/><T91/><D34/><U32/><E32/><V61/><F73/><W107/><G111/><T101/><D135/><U69/><E69/><V126/><F126/><W5/><G132/><T3/><D3/><U59/><E4/><V79/><F86/><W113/><G113/><T30/><D101/><U21/><REACH who="1" step="1"/><E89/><REACH who="1" ten="250,240,250,250" step="2"/><V68/><F6/><W16/><G5/><N who="0" m="3183" /><D71/><U64/><E64/><V75/><F67/><W95/><REACH who="3" step="1"/><G43/><REACH who="3" ten="250,240,250,240" step="2"/><T117/><D117/><U63/><AGARI ba="0,2" hai="20,21,22,55,59,63,72,78,83,99,102,105,130,131" machi="63" ten="30,2000,0" yaku="1,1,0,1,53,0" doraHai="47" doraHaiUra="15" who="1" fromWho="1" sc="250,-10,240,40,250,-5,240,-5" /><INIT seed="1,0,0,0,0,45" ten="240,280,245,235" oya="1" hai0="0,9,52,114,103,119,2,90,10,14,60,80,7" hai1="79,58,81,115,50,133,33,123,49,41,108,134,117" hai2="65,62,107,120,129,125,12,20,15,91,99,83,21" hai3="5,127,92,130,8,1,70,104,100,39,22,94,36"/><U47/><E33/><V131/><F120/><W71/><G104/><T29/><D114/><U116/><E115/><V102/><F125/><W72/><G127/><T31/><D103/><U84/><E123/><V75/><F91/><W32/><G32/><T28/><D119/><U122/><E122/><V48/><F83/><W4/><G72/><T121/><D121/><U35/><E35/><V37/><F37/><W64/><G130/><N who="2" m="49673" /><F75/><W13/><G36/><T38/><D38/><U74/><E74/><V88/><F88/><W98/><G39/><T78/><D0/><U66/><E108/><V82/><F82/><W17/><G4/><T135/><D135/><N who="1" m="51723" /><E66/><V27/><F48/><N who="1" m="18537" /><E58/><N who="2" m="37079" /><F20/><W18/><G64/><T3/><D3/><U26/><E26/><V43/><F43/><W101/><G22/><T118/><D2/><U40/><E47/><V109/><F109/><W73/><G73/><T76/><D52/><U11/><E11/><V67/><F67/><W96/><G1/><T106/><D10/><U63/><E63/><V111/><F111/><W30/><G8/><T95/><D60/><U132/><E132/><V86/><F27/><W23/><G23/><T126/><D9/><U113/><E113/><V77/><F21/><W69/><G69/><T6/><D126/><U56/><E56/><V53/><F53/><W46/><G46/><T93/><D6/><U54/><E54/><V110/><F110/><W68/><G5/><T16/><D7/><U34/><E34/><V57/><F57/><W97/><G70/><T25/><D25/><U87/><E87/><V19/><F19/><RYUUKYOKU ba="0,0" sc="240,-15,280,15,245,15,235,-15" hai1="40,41,79,81,84,116,117" hai2="12,15,77,86,99,102,107" /><INIT seed="1,1,0,1,5,74" ten="225,295,260,220" oya="1" hai0="7,111,97,5,4,25,117,17,89,50,24,69,62" hai1="104,12,67,42,87,1,64,70,37,79,125,95,20" hai2="41,3,126,26,84,48,45,94,77,59,9,73,120" hai3="65,82,135,52,30,60,56,0,47,110,114,80,134"/><U121/><E121/><V119/><F119/><W112/><G0/><T91/><D117/><U81/><E104/><V61/><F126/><W31/><G80/><T129/><D129/><U33/><E125/><V92/><F73/><W2/><G2/><T116/><D116/><U11/><E33/><V27/><F120/><W78/><G110/><T39/><D39/><U118/><E1/><V66/><F3/><W55/><G30/><T14/><D111/><U123/><E123/><V105/><F105/><W128/><G31/><T113/><D113/><N who="3" m="43625" /><G128/><T15/><D62/><U76/><E118/><V6/><F9/><W35/><G35/><T51/><D69/><U54/><E70/><V29/><F6/><W100/><G100/><T98/><D7/><N who="1" m="3199" /><E37/><V102/><F102/><W101/><G101/><T22/><D22/><U88/><E42/><V127/><F127/><W49/><G82/><T85/><D85/><N who="1" m="52623" /><E54/><N who="3" m="20522" /><G78/><N who="1" m="29738" /><E20/><V23/><F29/><W8/><G8/><T57/><D17/><U103/><E103/><V13/><F13/><W83/><G83/><T86/><D86/><U130/><E130/><V109/><F109/><W10/><G10/><T131/><D131/><U115/><E115/><V71/><F71/><W107/><G107/><T44/><D5/><U21/><E21/><V38/><F23/><W46/><G46/><T75/><D4/><U63/><E63/><V36/><F61/><W40/><AGARI ba="1,0" hai="40,47,49,56,60,65,134,135" m="20522,43625" machi="40" ten="30,4000,0" yaku="34,2,54,1" doraHai="74" who="3" fromWho="3" sc="225,-11,295,-21,260,-11,220,43" /><INIT seed="2,0,0,5,0,6" ten="214,274,249,263" oya="2" hai0="87,112,95,93,44,130,118,99,96,41,105,83,69" hai1="12,5,28,46,3,62,55,32,45,14,115,108,40" hai2="79,27,9,103,29,82,116,125,42,98,85,56,66" hai3="31,38,89,135,126,70,54,57,34,48,51,72,106"/><V100/><F116/><W76/><G38/><T18/><D112/><U123/><E108/><V94/><F125/><W77/><G106/><T64/><D118/><U2/><E115/><V33/><F42/><W120/><G120/><T80/><D105/><U86/><E123/><V23/><F33/><W107/><G107/><T35/><D35/><U13/><E32/><V81/><F81/><W43/><G70/><T10/><D130/><U121/><E28/><V25/><F25/><W22/><G34/><T17/><D64/><U131/><E131/><V67/><F103/><W73/><G135/><T1/><D69/><U37/><E121/><V114/><F114/><W8/><G73/><T74/><D74/><U39/><E86/><V119/><F119/><W52/><G43/><T111/><D111/><U91/><E91/><V53/><REACH who="2" step="1"/><F9/><REACH who="2" ten="214,274,239,263" step="2"/><W128/><G8/><T47/><D41/><U113/><E40/><V78/><F78/><W129/><G77/><T110/><D110/><U20/><E113/><V68/><F68/><W65/><G126/><T36/><D36/><U134/><E39/><V127/><F127/><W16/><G76/><T15/><D10/><U109/><E37/><V90/><F90/><W124/><G89/><T11/><D11/><U30/><E109/><V97/><F97/><W7/><G124/><T19/><D1/><U92/><E3/><V132/><F132/><W49/><G128/><T133/><D133/><U0/><E2/><V75/><F75/><W59/><G72/><T63/><D96/><U101/><E0/><V102/><F102/><W71/><G129/><RYUUKYOKU ba="0,1" sc="214,-10,274,-10,239,30,263,-10" hai2="23,27,29,53,56,66,67,79,82,85,94,98,100" /><INIT seed="2,1,1,3,1,116" ten="204,264,269,253" oya="2" hai0="56,19,23,57,55,5,0,54,109,93,81,52,26" hai1="106,39,82,45,63,10,127,105,28,53,101,64,31" hai2="76,51,132,20,79,99,61,15,96,73,86,94,130" hai3="97,91,30,35,24,80,49,88,9,69,36,74,122"/><V131/><F73/><W78/><G122/><T40/><D109/><U110/><E110/><V60/><F132/><W16/><G36/><T129/><D129/><N who="2" m="49162" /><F51/><W1/><G69/><T84/><D40/><U104/><E127/><V123/><F123/><W18/><G49/><T67/><D0/><U75/><E101/><N who="2" m="60567" /><F99/><W120/><G120/><T29/><D5/><U17/><E39/><V46/><F46/><W134/><G134/><T65/><D93/><U112/><E112/><V121/><F121/><W34/><G34/><T27/><D57/><U47/><E47/><V70/><F86/><W43/><G43/><T119/><D56/><U37/><E37/><V102/><F102/><W48/><G48/><T58/><D58/><U62/><E45/><V42/><F42/><W21/><G97/><T100/><D100/><U14/><E53/><V117/><F117/><W85/><G74/><T38/><D38/><U32/><E64/><N who="2" m="41223" /><F61/><W33/><G33/><T125/><D125/><U98/><E63/><V108/><F108/><W111/><G111/><T107/><D107/><U2/><E62/><V13/><F20/><W113/><G113/><T89/><REACH who="0" step="1"/><D119/><REACH who="0" ten="194,264,269,253" step="2"/><U103/><E103/><V7/><F7/><N who="3" m="1263" /><G18/><T66/><D66/><U128/><E17/><V126/><F126/><W11/><G11/><T83/><D83/><U3/><E10/><V4/><F4/><W59/><G59/><T22/><AGARI ba="1,2" hai="19,22,23,26,27,29,52,54,55,65,67,81,84,89" machi="22" ten="30,7900,0" yaku="1,1,0,1,8,1,54,1,53,0" doraHai="116" doraHaiUra="68" who="0" fromWho="0" sc="194,102,264,-21,269,-40,253,-21" /><INIT seed="3,0,0,4,3,89" ten="296,243,229,232" oya="3" hai0="114,48,16,83,76,55,20,125,99,79,72,88,97" hai1="53,34,37,30,39,35,64,116,38,47,31,128,101" hai2="12,113,6,67,118,32,95,19,22,51,1,105,40" hai3="61,117,63,109,131,4,120,23,103,62,135,84,102"/><W133/><G117/><T78/><D125/><U50/><E101/><N who="3" m="38410" /><G120/><T15/><D114/><U132/><E116/><V3/><F105/><W90/><G4/><T77/><REACH who="0" step="1"/><D88/><REACH who="0" ten="286,243,229,232" step="2"/><U41/><E132/><N who="3" m="50762" /><G131/><T54/><D54/><U56/><E53/><V29/><F118/><W73/><G109/><T26/><D26/><U11/><E128/><V66/><F113/><W27/><G73/><T110/><D110/><U91/><E91/><V36/><F67/><W44/><G44/><AGARI ba="0,1" hai="15,16,20,44,48,55,72,76,77,78,79,83,97,99" machi="44" ten="40,5200,0" yaku="1,1,54,1,53,1" doraHai="89" doraHaiUra="8" who="0" fromWho="3" sc="286,62,243,0,229,0,232,-52" owari="348,44.8,243,4.3,229,-17.1,180,-32.0" /></mjloggm>