<mjloggm ver="2.3"><GO type="225" lobby="0"/><UN n0="%38%63%E3%81%AF%E3%81%A3%E3%81%97%E3%83%BC" n1="%72%69%6F%75%63%68%61%6E" n2="%E3%83%A9%E3%83%BC%E3%83%A1%E3%83%B3%E4%BA%94%E9%83%8E" n3="%E5%B0%8F%E9%B3%A5%E9%81%8A%E7%B7%B4%E7%84%A1%32%31%E6%AD%B3" dan="16,16,16,16" rate="2107.53,2191.91,2061.17,2186.58" sx="M,M,M,F"/><TAIKYOKU oya="0"/><INIT seed="0,0,0,1,3,132" ten="250,250,250,250" oya="0" hai0="38,98,113,23,4,65,99,18,41,122,70,16,74" hai1="125,24,32,124,104,3,106,69,128,77,71,107,35" hai2="13,31,33,66,8,127,1,68,54,92,72,121,58" hai3="100,62,61,116,119,67,118,130,40,78,17,42,34"/><T81/><D122/><U76/><E3/><V79/><F121/><W43/><G34/><N who="1" m="12842" /><E24/><V89/><F1/><W14/><G78/><N who="1" m="30314" /><E128/><V102/><F102/><W120/><G100/><T12/><D4/><U117/><E117/><V90/><F68/><AGARI ba="0,0" hai="68,69,71,104,106,107,124,125" m="30314,12842" machi="68" ten="40,12000,2" yaku="28,2,26,2,52,2" doraHai="132" who="1" fromWho="2" sc="250,0,250,120,250,-120,250,0" /><INIT seed="1,0,0,3,0,115" ten="250,370,130,250" oya="1" hai0="99,59,94,103,44,23,129,70,88,98,131,113,76" hai1="32,55,111,51,40,27,57,10,123,100,101,72,62" hai2="43,128,36,73,106,61,132,49,87,15,81,79,66" hai3="107,93,14,20,135,75,18,82,28,124,119,104,54"/><U102/><E123/><V56/><F128/><W80/><G124/><T17/><D70/><U9/><E72/><V63/><F132/><W0/><G0/><T91/><D113/><U65/><E111/><V22/><F106/><W130/><G130/><N who="0" m="49675" /><D76/><U3/><E40/><V127/><F127/><W12/><G135/><T114/><D114/><U92/><E3/><V83/><F36/><W19/><G28/><T133/><D133/><U38/><E38/><V74/><F74/><W118/><G93/><T108/><D108/><U71/><REACH who="1" step="1"/><E92/><REACH who="1" ten="250,360,130,250" step="2"/><V41/><F43/><W125/><G125/><T48/><D99/><U34/><E34/><V97/><F97/><W110/><G110/><T64/><D94/><U90/><E90/><V29/><F73/><W45/><G75/><T37/><D37/><U11/><E11/><V25/><F41/><W13/><G107/><T58/><D88/><U117/><E117/><N who="3" m="44554" /><G104/><T53/><D91/><U122/><E122/><V39/><F39/><W60/><G20/><T68/><D98/><U120/><E120/><V42/><F42/><W7/><G7/><T31/><D23/><U26/><E26/><V30/><F25/><W24/><G24/><T21/><D21/><U95/><E95/><V8/><F22/><W35/><G35/><T69/><D17/><N who="3" m="6153" /><G60/><T47/><D31/><AGARI ba="0,1" hai="9,10,27,31,32,51,55,57,62,65,71,100,101,102" machi="31" ten="40,2000,0" yaku="1,1,53,0" doraHai="115" doraHaiUra="116" who="1" fromWho="0" sc="250,-20,360,30,130,0,250,0" /><INIT seed="1,1,0,2,2,10" ten="230,390,130,250" oya="1" hai0="114,125,8,91,40,21,90,133,30,68,95,60,80" hai1="135,11,59,109,88,2,4,18,92,54,61,113,19" hai2="94,50,112,134,23,34,127,87,3,108,6,132,22" hai3="122,120,36,72,131,29,32,101,52,45,39,99,64"/><U76/><E135/><N who="2" m="51755" /><F50/><W86/><G72/><T98/><D114/><U27/><E113/><V12/><F94/><W24/><G131/><T58/><D133/><U16/><E109/><V81/><F112/><W128/><G128/><T110/><D68/><U78/><REACH who="1" step="1"/><E27/><REACH who="1" ten="230,380,130,250" step="2"/><V42/><F108/><W53/><G24/><T57/><D110/><U121/><E121/><V13/><F127/><W33/><G122/><T65/><D125/><U1/><E1/><V123/><F123/><W63/><G120/><T85/><D40/><U38/><E38/><V48/><F42/><W116/><G36/><T111/><D111/><U41/><E41/><V75/><F3/><W66/><G39/><T0/><D0/><U69/><E69/><V14/><F34/><W82/><G32/><T77/><D30/><U129/><E129/><V55/><F6/><W31/><G29/><T124/><D124/><U47/><E47/><N who="2" m="28063" /><F75/><W70/><G33/><T17/><D58/><U44/><E44/><V115/><F115/><W105/><G45/><T74/><D74/><U102/><E102/><V51/><F51/><W15/><G31/><T73/><D73/><U79/><E79/><AGARI ba="1,1" hai="12,13,14,22,23,79,81,87" m="28063,51755" machi="79" ten="30,7700,0" yaku="20,1,52,3" doraHai="10" who="2" fromWho="1" sc="230,0,380,-80,130,90,250,0" /><INIT seed="2,0,0,2,2,46" ten="230,300,220,250" oya="2" hai0="124,30,17,31,91,115,29,45,121,64,103,112,21" hai1="10,94,127,126,114,4,96,110,35,83,66,75,71" hai2="59,95,9,107,69,61,81,7,104,130,134,100,34" hai3="88,68,13,37,47,27,129,48,42,70,41,77,15"/><V125/><F34/><W19/><G129/><T52/><D121/><U54/><E110/><V56/><F130/><W1/><G1/><T12/><D124/><N who="1" m="47659" /><E114/><V53/><F125/><W0/><G0/><T32/><D32/><U24/><E54/><V43/><F69/><W97/><G77/><T102/><D64/><U111/><E111/><V105/><F134/><W93/><G41/><T33/><D33/><U8/><E4/><V23/><F43/><W131/><G37/><T101/><REACH who="0" step="1"/><D91/><REACH who="0" ten="220,300,220,250" step="2"/><U55/><E66/><V79/><F104/><W26/><G131/><T6/><D6/><U113/><E35/><V38/><F107/><W120/><G120/><T82/><D82/><U92/><E83/><V78/><F105/><W72/><G70/><T11/><D11/><U98/><E71/><V60/><F81/><W87/><G68/><T50/><AGARI ba="0,1" hai="12,17,21,29,30,31,45,50,52,101,102,103,112,115" machi="50" ten="40,8000,1" yaku="1,1,0,1,52,1,54,1,53,0" doraHai="46" doraHaiUra="133" who="0" fromWho="0" sc="220,90,300,-20,220,-40,250,-20" /><INIT seed="3,0,0,2,4,26" ten="310,280,180,230" oya="3" hai0="49,17,43,22,62,72,111,84,39,59,134,16,135" hai1="127,25,79,68,98,125,67,102,76,15,66,78,41" hai2="48,118,19,13,107,93,1,99,33,103,21,96,61" hai3="7,30,52,116,120,11,70,80,12,126,100,10,31"/><W9/><G70/><T119/><D72/><U95/><E68/><V109/><F109/><W0/><G100/><T130/><D39/><U129/><E129/><V2/><F118/><W115/><G116/><T128/><D119/><U92/><E41/><V6/><F33/><W77/><G120/><T45/><D84/><U112/><E112/><V58/><F48/><W18/><G115/><T3/><D3/><U86/><E15/><V114/><F6/><W34/><G126/><N who="1" m="48138" /><E25/><V105/><F114/><W133/><G133/><N who="0" m="50699" /><D111/><U56/><E56/><V83/><F83/><W110/><G34/><T8/><D8/><U24/><E24/><V29/><F29/><W122/><G122/><T73/><D73/><U71/><E71/><V46/><F46/><W64/><G64/><N who="1" m="24618" /><E92/><V4/><F4/><W65/><G65/><N who="0" m="39135" /><D22/><U132/><E132/><V42/><F42/><W101/><G110/><T35/><D35/><U40/><E40/><V47/><F47/><W69/><G69/><T108/><D108/><U113/><E113/><V50/><F50/><W94/><G9/><T97/><D97/><U5/><E5/><V106/><REACH who="2" step="1"/><F96/><REACH who="2" ten="310,280,170,230" step="2"/><N who="3" m="59543" /><G80/><AGARI ba="0,1" hai="76,78,79,80,86,95,98,102" m="24618,48138" machi="80" ten="30,1000,0" yaku="18,1" doraHai="26" who="1" fromWho="3" sc="310,0,280,20,170,0,230,-10" owari="310,41.0,300,10.0,170,-33.0,220,-18.0" /></mjloggm>