<mjloggm ver="2.3"><GO type="225" lobby="0"/><UN n0="%E3%83%B4%E3%83%A0%EF%BC%99%E3%81%A6" n1="%74%61%6B%65%2D%79%6F%75" n2="%4D%50%43%32%38%30%30" n3="%6D%6F%6E%63%68%69" dan="17,17,16,16" rate="2238.32,2227.10,2119.78,2049.25" sx="M,M,M,M"/><TAIKYOKU oya="0"/><INIT seed="0,0,0,2,5,65" ten="250,250,250,250" oya="0" hai0="112,133,106,42,36,75,37,1,57,61,85,20,125" hai1="74,59,66,39,13,76,126,111,103,46,105,77,52" hai2="115,132,4,0,109,53,6,34,84,56,93,101,97" hai3="12,25,17,83,62,29,40,81,50,90,94,28,129"/><T127/><D112/><U43/><E111/><V35/><F115/><W121/><G129/><T9/><D75/><U96/><E126/><N who="0" m="48137" /><D106/><U78/><E66/><V100/><F101/><W11/><G62/><T68/><D133/><U110/><E110/><V123/><F123/><W102/><G102/><T16/><D85/><U80/><REACH who="1" step="1"/><E13/><REACH who="1" ten="250,240,250,250" step="2"/><V32/><F109/><W92/><G121/><T72/><D72/><U21/><E21/><V47/><F132/><W82/><G90/><T27/><D42/><U71/><E71/><V38/><F0/><W117/><G117/><T128/><D128/><U86/><E86/><V15/><F84/><W19/><G29/><T24/><D68/><U124/><E124/><V55/><F15/><W44/><G28/><T64/><D27/><U69/><E69/><V33/><F33/><W51/><G25/><T48/><D1/><U54/><E54/><V73/><F73/><W104/><G12/><T95/><D9/><U130/><E130/><V45/><F55/><W91/><G11/><T134/><D134/><U41/><E41/><V7/><REACH who="2" step="1"/><F38/><REACH who="2" ten="250,240,240,250" step="2"/><W49/><G40/><T89/><D36/><U108/><E108/><V99/><F99/><W119/><G119/><T31/><D37/><U122/><E122/><V88/><F88/><W23/><G91/><T63/><D89/><U135/><E135/><V58/><F58/><W70/><G70/><T60/><D57/><U114/><E114/><V79/><F79/><W26/><G26/><T2/><D2/><U120/><E120/><V67/><F67/><W5/><G82/><T98/><D64/><RYUUKYOKU ba="0,2" sc="250,-15,240,15,240,15,250,-15" hai1="39,43,46,52,59,74,76,77,78,80,96,103,105" hai2="4,6,7,32,34,35,45,47,53,56,93,97,100" /><INIT seed="1,1,2,2,1,114" ten="235,255,255,235" oya="1" hai0="16,4,25,68,80,64,36,47,110,49,53,35,62" hai1="8,60,40,97,20,84,56,27,69,63,82,0,121" hai2="107,128,59,22,28,48,54,99,92,89,90,98,131" hai3="74,52,77,81,127,124,122,135,85,105,83,91,129"/><U37/><E121/><V133/><F133/><W43/><G43/><T12/><D110/><U58/><E69/><V120/><F120/><W132/><G122/><T73/><D4/><U45/><E97/><V32/><F32/><W3/><G3/><T29/><D36/><U119/><E0/><V76/><F76/><W95/><G105/><T112/><D112/><U23/><E8/><V79/><F79/><N who="3" m="44279" /><G52/><T1/><D1/><U26/><E23/><V24/><F107/><W106/><G106/><T10/><D80/><U38/><E38/><V7/><F7/><W70/><G70/><T93/><D93/><AGARI ba="1,2" hai="22,24,28,48,54,59,89,90,92,93,98,99,128,131" machi="93" ten="40,1300,0" yaku="9,1" doraHai="114" who="2" fromWho="0" sc="235,-16,255,0,255,36,235,0" /><INIT seed="2,0,0,0,1,48" ten="219,255,291,235" oya="2" hai0="128,57,95,120,133,69,14,0,39,112,11,16,86" hai1="30,25,17,93,104,29,77,81,89,20,31,53,110" hai2="78,134,62,7,66,83,38,84,60,28,9,24,87" hai3="18,71,105,124,13,85,8,109,126,1,21,119,23"/><V108/><F38/><W131/><G105/><T100/><D120/><U27/><E110/><V4/><F108/><W50/><G71/><T26/><D69/><U101/><E104/><V135/><F87/><W10/><G109/><T47/><D112/><U58/><E101/><V91/><F91/><W122/><G85/><T34/><D128/><U43/><E43/><V75/><F84/><W76/><G76/><T127/><D127/><N who="3" m="48681" /><G122/><T130/><D130/><U125/><E125/><V6/><F9/><W41/><G131/><T67/><D0/><U115/><E115/><V73/><F75/><W92/><G92/><T98/><D133/><N who="2" m="50698" /><F66/><W129/><G129/><T82/><D86/><N who="1" m="52407" /><E81/><V79/><F79/><W35/><G35/><AGARI ba="0,0" hai="4,6,7,24,28,35,60,62,73,78,83" m="50698" machi="35" ten="30,1500,0" yaku="20,1" doraHai="48" who="2" fromWho="3" sc="219,0,255,0,291,15,235,-15" /><INIT seed="2,1,0,1,4,101" ten="219,255,306,220" oya="2" hai0="5,68,72,27,47,32,95,54,98,39,36,82,50" hai1="73,124,112,15,92,90,66,99,3,115,13,76,25" hai2="49,121,29,89,77,93,65,53,35,40,64,63,44" hai3="79,105,48,100,1,110,74,78,129,134,127,130,14"/><V128/><F121/><W59/><G1/><T0/><D68/><U86/><E124/><V116/><F116/><W120/><G14/><T10/><D32/><U109/><E109/><V75/><F128/><N who="3" m="49259" /><G48/><T12/><D27/><U83/><E3/><V84/><F35/><W19/><G19/><T88/><REACH who="0" step="1"/><D0/><REACH who="0" ten="209,255,306,220" step="2"/><U108/><E25/><V123/><F123/><W52/><G120/><T7/><D7/><U113/><E113/><V26/><F26/><W104/><G110/><T58/><D58/><U46/><E108/><V94/><F29/><W96/><G134/><T56/><D56/><U20/><E115/><V42/><F44/><W85/><G127/><T69/><D69/><U80/><E112/><V131/><F131/><W9/><G59/><T24/><D24/><U38/><E46/><V61/><F65/><W28/><G28/><T135/><D135/><U70/><E66/><V133/><F64/><W87/><G52/><T55/><D55/><U18/><E70/><V34/><F34/><W126/><G126/><T16/><D16/><U51/><E18/><V103/><F133/><W60/><G60/><T23/><D23/><U4/><E20/><V21/><F21/><W8/><G8/><T11/><D11/><U125/><E125/><V41/><F53/><W17/><G9/><T71/><D71/><U106/><E4/><V45/><F63/><W30/><G17/><T62/><D62/><U107/><E13/><V33/><F61/><W111/><G30/><T43/><D43/><U117/><E15/><V114/><F33/><W97/><G111/><T91/><D91/><RYUUKYOKU ba="1,1" sc="209,30,255,-10,306,-10,220,-10" hai0="5,10,12,36,39,47,50,54,72,82,88,95,98" /><INIT seed="3,2,1,4,4,21" ten="239,245,296,210" oya="3" hai0="111,60,2,81,29,132,41,72,130,51,114,71,31" hai1="107,96,101,74,38,82,6,14,43,106,44,59,128" hai2="57,67,33,50,78,118,84,117,66,121,120,110,79" hai3="42,123,77,68,22,40,129,109,91,27,20,54,83"/><W23/><G68/><T62/><D2/><U64/><E128/><V52/><F33/><W104/><G129/><T93/><D130/><U87/><E74/><V92/><F110/><W32/><G104/><T48/><D111/><U97/><E64/><N who="2" m="24619" /><F92/><W15/><G109/><T5/><D132/><U135/><E135/><V119/><F84/><N who="3" m="48239" /><G32/><T12/><D71/><U17/><E106/><V34/><F34/><W56/><G15/><T112/><D93/><U89/><E14/><V86/><F86/><W19/><G123/><AGARI ba="2,1" hai="50,52,57,78,79,117,118,119,120,121,123" m="24619" machi="123" ten="40,2600,0" yaku="13,1,54,1" doraHai="21" who="2" fromWho="3" sc="239,0,245,0,296,42,210,-32" owari="239,-16.1,245,4.5,338,43.8,178,-32.2" /></mjloggm>