<mjloggm ver="2.3"><GO type="225" lobby="0"/><UN n0="%72%69%6F%75%63%68%61%6E" n1="%E2%91%A3%E9%81%BF%E9%81%8A%E6%88%AF%E3%80%90%E6%9D%B1%E5%8D%97%E3%80%91" n2="%E5%80%89%E6%A9%8B%EF%BC%A0%E4%BA%8B%E5%8B%99" n3="%66%67%67%68%68%64%66" dan="17,16,16,16" rate="2228.47,2091.61,2110.98,2057.27" sx="M,M,M,M"/><TAIKYOKU oya="0"/><INIT seed="0,0,0,4,0,115" ten="250,250,250,250" oya="0" hai0="27,110,101,72,90,119,114,74,133,95,103,43,10" hai1="116,83,107,132,126,64,60,24,92,87,76,122,104" hai2="59,20,89,7,128,120,121,69,17,100,73,62,125" hai3="135,21,25,45,36,93,80,53,105,42,102,88,85"/><T22/><D119/><U26/><E116/><V78/><F69/><W2/><G2/><T108/><D133/><U0/><E132/><V70/><F70/><W46/><G135/><T14/><D114/><U130/><E122/><V34/><F34/><W30/><G105/><T94/><D43/><U124/><E0/><V23/><F7/><W44/><REACH who="3" step="1"/><G53/><REACH who="3" ten="250,250,250,240" step="2"/><T18/><D72/><U81/><E107/><V4/><F73/><W84/><G84/><N who="0" m="52551" /><D74/><U51/><E104/><V33/><F120/><W129/><G129/><T49/><D110/><U71/><E130/><V99/><F121/><W112/><G112/><T38/><D108/><U35/><E126/><V37/><F125/><W134/><G134/><T40/><D38/><U61/><E124/><V77/><F37/><W48/><G48/><T86/><D49/><U97/><E51/><V9/><F128/><W52/><G52/><T13/><D40/><U96/><E61/><V41/><F62/><W54/><G54/><T31/><D14/><U117/><E60/><V15/><F41/><W19/><G19/><T68/><D68/><U11/><E71/><V113/><F17/><W16/><G16/><N who="0" m="8247" /><D31/><U28/><E28/><V79/><F15/><W39/><G39/><T6/><D6/><U111/><E111/><V66/><F4/><W65/><G65/><T29/><D18/><U8/><E64/><V12/><F66/><W58/><G58/><T63/><D63/><U98/><E8/><V131/><F59/><W3/><G3/><T5/><D5/><U82/><E11/><V109/><F9/><W127/><G127/><RYUUKYOKU ba="0,1" sc="250,15,250,-15,250,-15,240,15" hai0="22,27,29,86,95,101,103" hai3="21,25,30,36,42,44,45,46,80,85,88,93,102" /><INIT seed="0,1,1,1,1,63" ten="265,235,235,255" oya="0" hai0="52,89,115,90,4,109,99,125,113,5,80,10,23" hai1="71,116,22,94,13,0,38,68,127,47,106,19,36" hai2="112,32,131,66,108,79,11,87,56,30,57,29,88" hai3="67,119,6,74,126,98,14,120,55,41,58,128,53"/><T86/><D125/><U102/><E127/><V85/><F112/><W105/><G126/><T124/><D124/><U50/><E106/><V18/><F108/><W49/><G119/><T121/><D121/><U100/><E116/><V64/><F131/><W134/><G74/><T92/><D109/><U91/><E0/><V123/><F123/><W40/><G120/><T110/><D110/><U7/><E71/><V135/><F135/><W20/><G134/><T130/><D130/><U28/><E68/><V2/><F32/><W129/><G129/><T84/><D4/><U34/><E38/><V61/><F2/><W103/><G128/><T104/><D23/><U97/><E36/><V83/><F11/><W132/><G132/><T31/><D31/><N who="2" m="11786" /><F18/><W95/><G105/><T33/><D33/><U44/><E7/><V72/><F72/><W46/><G67/><N who="2" m="25641" /><F61/><N who="3" m="36063" /><G6/><T78/><D104/><U75/><E75/><V60/><F60/><W118/><G118/><T82/><REACH who="0" step="1"/><D52/><REACH who="0" ten="255,235,235,255" step="2"/><U37/><E34/><V42/><F42/><W81/><G40/><T77/><D77/><U39/><E39/><V12/><F12/><AGARI ba="1,2" hai="5,10,12,78,80,82,84,86,89,90,92,99,113,115" machi="12" ten="30,2900,0" yaku="1,1,7,1,53,0" doraHai="63" doraHaiUra="43" who="0" fromWho="2" sc="255,52,235,0,235,-32,255,0" /><INIT seed="0,2,0,0,3,123" ten="307,235,203,255" oya="0" hai0="103,83,65,17,80,92,120,15,130,62,91,109,50" hai1="118,53,108,58,117,12,27,124,66,30,7,89,119" hai2="68,25,47,79,24,43,75,129,21,102,74,82,106" hai3="116,86,99,20,29,23,61,134,97,122,1,49,19"/><T18/><D109/><U81/><E66/><V104/><F68/><W6/><G116/><T37/><D130/><U69/><E69/><V111/><F129/><W88/><G122/><T5/><D37/><U85/><E108/><V35/><F75/><W95/><G134/><T8/><D120/><U107/><E107/><V3/><F3/><W90/><G61/><T110/><D110/><U126/><E12/><V127/><F111/><W51/><G1/><T38/><D38/><U125/><E7/><V34/><F127/><W135/><G135/><T56/><D103/><U10/><E10/><V128/><F128/><W133/><G6/><T98/><REACH who="0" step="1"/><D50/><REACH who="0" ten="297,235,203,255" step="2"/><U101/><E101/><V115/><F102/><W42/><G133/><T13/><D13/><U59/><E53/><V112/><F115/><W14/><G42/><T48/><D48/><U73/><E73/><V33/><F112/><W132/><G132/><T70/><D70/><U93/><E81/><AGARI ba="2,1" hai="5,8,15,17,18,56,62,65,80,81,83,91,92,98" machi="81" ten="40,7700,0" yaku="1,1,8,1,53,1" doraHai="123" doraHaiUra="57" who="0" fromWho="1" sc="297,93,235,-83,203,0,255,0" /><INIT seed="0,3,0,4,5,110" ten="390,152,203,255" oya="0" hai0="104,83,81,29,21,111,78,70,22,49,80,71,62" hai1="90,129,44,5,120,84,102,50,63,108,39,3,68" hai2="26,133,31,14,85,69,19,7,41,36,65,98,117" hai3="66,33,107,72,13,59,94,100,119,20,91,27,106"/><T11/><D111/><U135/><E108/><V37/><F7/><W28/><G119/><T12/><D104/><U15/><E120/><V116/><F133/><W101/><G72/><T55/><D78/><U89/><E39/><V9/><F98/><W38/><G38/><T92/><D92/><U42/><E3/><V93/><F65/><W113/><G113/><T57/><D29/><U75/><E75/><V73/><F69/><W32/><G107/><T118/><D118/><N who="2" m="45674" /><F41/><W77/><G77/><T127/><D127/><U64/><E135/><V40/><F40/><W48/><G106/><T53/><D71/><U23/><E129/><V18/><F18/><W10/><G33/><T105/><D105/><U130/><E130/><V121/><F121/><W8/><G32/><T86/><D86/><U47/><E102/><N who="3" m="39530" /><G13/><T25/><D25/><U109/><E109/><V46/><F73/><W24/><G24/><T134/><D134/><U114/><E47/><V4/><F46/><W96/><G66/><T61/><D70/><U17/><E5/><V131/><F4/><W125/><G125/><T82/><N who="0" m="20480" /><DORA hai="0" /><T123/><D123/><U132/><E132/><V1/><F1/><W88/><G91/><T95/><D95/><U115/><REACH who="1" step="1"/><E84/><REACH who="1" ten="390,142,203,255" step="2"/><V34/><F131/><W67/><G67/><T126/><D126/><U103/><E103/><V45/><F45/><W74/><G74/><T124/><D124/><U122/><E122/><V43/><F43/><W97/><G97/><T54/><D54/><AGARI ba="3,1" hai="8,10,20,27,28,48,54,59,88,94,96" m="39530" machi="54" ten="30,2000,0" yaku="8,1,54,1" doraHai="110,0" who="3" fromWho="0" sc="390,-29,142,0,203,0,255,39" /><INIT seed="1,0,0,3,1,105" ten="361,142,203,294" oya="1" hai0="35,95,84,46,40,102,112,111,48,88,7,32,106" hai1="13,74,132,30,49,90,125,131,108,79,39,120,17" hai2="29,23,99,44,97,114,126,37,94,117,75,83,122" hai3="65,96,73,100,53,42,10,87,77,110,92,18,0"/><U67/><E120/><V98/><F122/><W80/><G110/><T15/><D111/><U119/><E108/><V20/><F117/><W133/><G133/><T57/><D112/><U101/><E119/><V135/><F135/><W134/><G134/><T36/><D106/><U109/><E132/><V76/><F126/><W129/><G129/><T27/><D102/><U8/><E125/><V12/><F114/><W60/><G42/><T50/><D57/><U104/><E39/><V63/><F63/><W62/><G53/><T91/><D91/><U54/><E67/><V127/><F127/><W4/><G18/><T9/><REACH who="0" step="1"/><D35/><REACH who="0" ten="351,142,203,294" step="2"/><U59/><E109/><V128/><F128/><W56/><REACH who="3" step="1"/><G62/><REACH who="3" ten="351,142,203,284" step="2"/><T58/><D58/><U71/><E131/><V24/><F44/><W31/><G31/><AGARI ba="0,2" hai="7,9,15,27,31,32,36,40,46,48,50,84,88,95" machi="31" ten="40,5200,0" yaku="1,1,54,1,53,1" doraHai="105" doraHaiUra="89" who="0" fromWho="3" sc="351,72,142,0,203,0,284,-52" /><INIT seed="2,0,0,5,5,61" ten="423,142,203,232" oya="2" hai0="108,19,22,26,49,122,14,118,10,35,79,72,0" hai1="42,125,4,133,71,111,15,114,53,89,96,67,57" hai2="9,40,16,33,116,82,68,41,73,109,56,115,128" hai3="54,44,1,103,47,86,62,31,48,64,20,45,81"/><V38/><F68/><W30/><G1/><T5/><D122/><U80/><E114/><V70/><F70/><W127/><G127/><T134/><D108/><U27/><E125/><V85/><F73/><W34/><G34/><T58/><D134/><U52/><E133/><V75/><F75/><W50/><G103/><T90/><D118/><U29/><E111/><V25/><F38/><W97/><G97/><T119/><D119/><U110/><E42/><V84/><F115/><W129/><G129/><T101/><D101/><U6/><E71/><V74/><F116/><W3/><G3/><T39/><D39/><U46/><E46/><N who="3" m="18026" /><G50/><T66/><D90/><U105/><E105/><V69/><F69/><W100/><G20/><T17/><D49/><U8/><E4/><V83/><F74/><W91/><G100/><T98/><D98/><U121/><E121/><V21/><F33/><W36/><G36/><T120/><D120/><U112/><E112/><V24/><F128/><W135/><G135/><T124/><D124/><U37/><E37/><V59/><F109/><W23/><G23/><N who="0" m="11703" /><D35/><U132/><E132/><V11/><F21/><W107/><G107/><T12/><D0/><U94/><E80/><V43/><F43/><W32/><G32/><T28/><D72/><U126/><E126/><V78/><F78/><W123/><G123/><T7/><D79/><U102/><E89/><V130/><F130/><W63/><G63/><AGARI ba="0,0" hai="5,7,10,12,19,22,26,28,58,63,66" m="11703" machi="63" ten="30,2000,0" yaku="8,1,52,1" doraHai="61" who="0" fromWho="3" sc="423,20,142,0,203,0,232,-20" /><INIT seed="3,0,0,2,2,16" ten="443,142,203,212" oya="3" hai0="13,55,76,86,96,97,83,81,22,67,25,14,125" hai1="111,43,130,70,131,91,37,101,98,105,89,24,56" hai2="46,21,69,78,40,58,32,66,79,38,115,113,64" hai3="17,30,59,51,135,19,39,49,128,63,15,11,34"/><W68/><G39/><T62/><D125/><U110/><E70/><V9/><F32/><W6/><G68/><T0/><D0/><U116/><E56/><V103/><F103/><W4/><G128/><N who="1" m="49194" /><E43/><V18/><F9/><W80/><G135/><T33/><D33/><U50/><E37/><V121/><F121/><W41/><G34/><T129/><D129/><U104/><E50/><N who="3" m="18954" /><G30/><N who="0" m="17719" /><D67/><U100/><E24/><V52/><F79/><W85/><G19/><T73/><D73/><U8/><E8/><V117/><F78/><N who="3" m="46231" /><G41/><T27/><D27/><U87/><E116/><V107/><F107/><N who="1" m="41033" /><E101/><V84/><F117/><W94/><G94/><T90/><D81/><N who="1" m="49391" /><E91/><V126/><F69/><W92/><G4/><T102/><D102/><U28/><E28/><V120/><F38/><W53/><G6/><T88/><D90/><U65/><E65/><V75/><F40/><W119/><G119/><T109/><D109/><U48/><E48/><V108/><F108/><W124/><G59/><N who="0" m="35199" /><D88/><U122/><E122/><V61/><F120/><W133/><G11/><T71/><D71/><U72/><E72/><V54/><F75/><W47/><G47/><T10/><D13/><U60/><E60/><V134/><F61/><W132/><G17/><AGARI ba="0,0" hai="10,14,17,76,83,86,96,97" m="35199,17719" machi="17" ten="30,2000,0" yaku="8,1,52,1" doraHai="16" who="0" fromWho="3" sc="443,20,142,0,203,0,212,-20" owari="463,56.3,142,-35.8,203,0.3,192,-20.8" /></mjloggm>