<mjloggm ver="2.3"><GO type="225" lobby="0"/><UN n0="%E3%81%82%E3%82%93%E3%81%AA%E3%81%A4" n1="%E8%A8%88%E7%AE%97%E6%A9%9F%E8%87%AA%E7%84%B6" n2="%4C%4F%4C%49%54%41" n3="%E3%81%A6%E3%81%A4%EF%BC%A3" dan="16,17,16,16" rate="2112.36,2232.24,2185.79,2073.09" sx="M,M,F,M"/><TAIKYOKU oya="0"/><INIT seed="0,0,0,1,0,128" ten="250,250,250,250" oya="0" hai0="0,20,87,58,47,69,73,77,81,41,48,116,7" hai1="121,135,44,74,98,88,108,115,12,34,106,67,40" hai2="79,118,131,52,24,76,112,71,60,134,99,54,31" hai3="10,63,85,66,46,36,109,125,3,26,107,2,61"/><T32/><D116/><U16/><E121/><V91/><F112/><W86/><G109/><T45/><D69/><U22/><E74/><V8/><F131/><W49/><G107/><T56/><D32/><U64/><E34/><V55/><F118/><W1/><G36/><T75/><D20/><U53/><E108/><V17/><F134/><W132/><G125/><T97/><D97/><U62/><E115/><V92/><F71/><W119/><G119/><T122/><D122/><U33/><E33/><V57/><F31/><W95/><G26/><T38/><D87/><U9/><E135/><V129/><F129/><W93/><G10/><T72/><D72/><U68/><E64/><V23/><REACH who="2" step="1"/><F8/><REACH who="2" ten="250,250,240,250" step="2"/><W111/><G132/><T80/><D73/><U42/><E9/><V13/><F13/><W37/><G111/><T120/><D120/><U78/><E12/><V123/><F123/><W14/><G14/><T113/><D113/><U25/><E68/><V105/><F105/><W5/><G1/><T124/><D124/><U30/><E30/><V104/><F104/><W70/><G2/><T89/><D0/><U65/><E106/><V19/><F19/><W27/><G3/><T114/><D114/><U50/><E16/><V90/><F90/><N who="3" m="53455" /><G5/><T117/><D7/><U28/><E78/><AGARI ba="0,1" hai="17,23,24,52,54,55,57,60,76,78,79,91,92,99" machi="78" ten="40,8000,1" yaku="1,1,25,2,8,1,54,1,53,0" doraHai="128" doraHaiUra="110" who="2" fromWho="1" sc="250,0,250,-80,240,90,250,0" /><INIT seed="1,0,0,1,1,108" ten="250,170,330,250" oya="1" hai0="83,14,72,18,35,57,130,94,70,1,50,12,67" hai1="52,60,2,27,68,53,98,107,116,84,75,31,123" hai2="5,45,6,95,17,22,61,105,59,51,46,30,124" hai3="119,40,71,126,91,56,10,15,47,42,20,69,125"/><U76/><E116/><V54/><F105/><W34/><G34/><T58/><D1/><U65/><E123/><V106/><F106/><W44/><G119/><T7/><D35/><U112/><E2/><V89/><F30/><W132/><G20/><T104/><D104/><U122/><E75/><V77/><F77/><W78/><G78/><T93/><D72/><U16/><E122/><V41/><F45/><W39/><G91/><T114/><D83/><U3/><E3/><V86/><REACH who="2" step="1"/><F124/><REACH who="2" ten="250,170,320,250" step="2"/><N who="3" m="47723" /><G132/><T4/><D130/><U55/><E112/><V11/><F11/><W66/><G10/><T25/><D114/><U19/><E76/><V79/><F79/><W63/><G15/><AGARI ba="0,1" hai="5,6,15,17,22,41,46,51,54,59,61,86,89,95" machi="15" ten="30,3900,0" yaku="1,1,7,1,8,1,53,0" doraHai="108" doraHaiUra="74" who="2" fromWho="3" sc="250,0,170,0,320,49,250,-39" /><INIT seed="2,0,0,1,3,35" ten="250,170,369,211" oya="2" hai0="64,33,81,115,34,96,84,13,129,83,79,114,75" hai1="58,50,108,29,45,54,17,117,4,57,62,133,26" hai2="77,122,87,126,123,107,92,47,42,53,27,68,127" hai3="105,14,41,46,32,31,49,55,70,91,2,22,60"/><V65/><F107/><W106/><G32/><T20/><D129/><U120/><E117/><V103/><F53/><W38/><G2/><T36/><D36/><U104/><E104/><V12/><F12/><W3/><G3/><T71/><D33/><U21/><E108/><V15/><F15/><W52/><G91/><T40/><D34/><U74/><E74/><V86/><F27/><N who="3" m="16887" /><G55/><T109/><D40/><U23/><E133/><V56/><F68/><W66/><G14/><T102/><D109/><U73/><E73/><V1/><F1/><W124/><G124/><N who="2" m="47657" /><F56/><AGARI ba="0,0" hai="38,41,46,49,52,56,60,66,70,105,106" m="16887" machi="56" ten="30,2000,0" yaku="24,1,54,1" doraHai="35" who="3" fromWho="2" sc="250,0,170,0,369,-20,211,20" /><INIT seed="3,0,0,0,5,112" ten="250,170,349,231" oya="3" hai0="131,82,118,56,106,20,108,91,9,53,132,72,81" hai1="1,64,104,113,30,14,120,114,129,33,3,84,130" hai2="18,116,21,13,8,39,63,38,22,42,87,110,103" hai3="109,55,101,93,29,51,26,27,77,24,70,48,58"/><W71/><G77/><T5/><D106/><U31/><E84/><V105/><F116/><W12/><G29/><N who="1" m="10762" /><E104/><V126/><F110/><W83/><G109/><T0/><D132/><U117/><E64/><V60/><F126/><W76/><G12/><T107/><D131/><N who="1" m="50187" /><E33/><V90/><F103/><W100/><G48/><T78/><D107/><U97/><E97/><V28/><F39/><W99/><REACH who="3" step="1"/><G100/><REACH who="3" ten="250,170,349,221" step="2"/><T46/><D78/><U59/><E59/><V50/><F50/><W133/><G133/><T67/><D56/><U15/><E120/><V47/><F38/><W80/><G80/><T124/><D82/><U135/><E135/><V119/><F119/><W54/><G54/><T98/><D53/><U125/><E117/><V57/><F57/><W4/><G4/><T88/><D5/><U43/><E43/><V121/><F42/><W86/><AGARI ba="0,1" hai="24,26,27,51,55,58,70,71,76,83,86,93,99,101" machi="86" ten="30,3000,0" yaku="1,1,0,1,53,0" doraHai="112" doraHaiUra="17" who="3" fromWho="3" sc="250,-10,170,-10,349,-10,221,40" /><INIT seed="3,1,0,2,3,123" ten="240,160,339,261" oya="3" hai0="48,65,95,39,127,129,22,132,130,23,25,49,66" hai1="119,50,37,107,46,113,75,98,27,64,45,28,110" hai2="118,91,29,80,122,56,128,57,104,82,18,1,133" hai3="131,99,93,20,5,126,135,90,7,109,70,53,89"/><W116/><G116/><T121/><D121/><U72/><E119/><V31/><F118/><W108/><G135/><T41/><D132/><U101/><E113/><V51/><F104/><W9/><G70/><T14/><D127/><U17/><E17/><V3/><F122/><W26/><G126/><T30/><D95/><U43/><E46/><V81/><F133/><W6/><G131/><N who="0" m="50187" /><D39/><U34/><E50/><N who="0" m="19561" /><D41/><U10/><E10/><V97/><F51/><W54/><G9/><T125/><D125/><U84/><E84/><V35/><F35/><W19/><REACH who="3" step="1"/><G89/><REACH who="3" ten="240,160,339,251" step="2"/><T36/><D36/><U52/><E52/><AGARI ba="1,1" hai="5,6,7,19,20,26,52,53,54,90,93,99,108,109" machi="52" ten="40,12000,1" yaku="1,1,2,1,52,2,54,1,53,0" doraHai="123" doraHaiUra="47" who="3" fromWho="1" sc="240,0,160,-123,339,0,251,133" owari="240,-16.0,37,-46.3,339,13.9,384,48.4" /></mjloggm>