<mjloggm ver="2.3"><GO type="225" lobby="0"/><UN n0="%E3%83%B4%E3%83%A0%EF%BC%99%E3%81%A6" n1="%E3%82%A2%E3%83%9E%E3%83%9D%EF%BD%9E%EF%BD%9E%E3%83%A9" n2="%E3%82%82%E3%81%90%E3%82%89" n3="%72%61%6B%33" dan="16,17,16,16" rate="2192.08,2197.00,2179.77,2121.13" sx="M,M,M,M"/><TAIKYOKU oya="0"/><INIT seed="0,0,0,3,4,101" ten="250,250,250,250" oya="0" hai0="17,22,41,51,74,129,128,130,100,27,126,105,65" hai1="36,23,47,14,115,35,60,6,116,124,114,92,86" hai2="38,107,54,40,113,79,62,7,122,110,13,70,89" hai3="127,2,55,20,59,9,10,4,112,132,58,99,73"/><T84/><D74/><U50/><E35/><V131/><F113/><N who="1" m="43017" /><E124/><V71/><F122/><W56/><G112/><T95/><D126/><U57/><E36/><V123/><F123/><W12/><G127/><T134/><D134/><U64/><E116/><V119/><F79/><W108/><G108/><T82/><D65/><U53/><E23/><V121/><F121/><W76/><G132/><T117/><D117/><U29/><E29/><V69/><F119/><W135/><G135/><T49/><D95/><U102/><E102/><V19/><F110/><W98/><G20/><T25/><D25/><U18/><E18/><V34/><F7/><W61/><G76/><T81/><D41/><U1/><E14/><V83/><F40/><W3/><G73/><T103/><D103/><U44/><E86/><V16/><F19/><W33/><G33/><T26/><D26/><U72/><E92/><V80/><F38/><W90/><G2/><T0/><D0/><U31/><E31/><V104/><F80/><N who="0" m="30826" /><D84/><U8/><E72/><V91/><F83/><W45/><G90/><T97/><AGARI ba="0,0" hai="17,22,27,49,51,97,100,105,128,129,130" m="30826" machi="97" ten="40,3900,0" yaku="19,1,52,1" doraHai="101" who="0" fromWho="0" sc="250,39,250,-13,250,-13,250,-13" /><INIT seed="0,1,0,1,3,73" ten="289,237,237,237" oya="0" hai0="127,107,96,44,124,132,81,101,40,58,1,108,68" hai1="34,92,29,37,129,59,75,23,79,109,24,56,6" hai2="31,53,42,61,38,84,26,118,130,121,51,3,102" hai3="36,69,65,46,87,35,80,95,90,114,103,99,131"/><T11/><D68/><U9/><E109/><V115/><F121/><W52/><G114/><T45/><D108/><U125/><E125/><N who="0" m="48201" /><D132/><U4/><E129/><V117/><F115/><W126/><G126/><T67/><D40/><U43/><E92/><V66/><F3/><W119/><G131/><T128/><D128/><U110/><E4/><V25/><F130/><W98/><G35/><T32/><D32/><U82/><E34/><V60/><F102/><W111/><G111/><T104/><D104/><U71/><E71/><V33/><F26/><W88/><G119/><N who="2" m="45577" /><F66/><W12/><G12/><T97/><D97/><U134/><E134/><V77/><F42/><W93/><G36/><T50/><D81/><U17/><E110/><V5/><F5/><W74/><G74/><T123/><D123/><U116/><E116/><V7/><F7/><W18/><G18/><T120/><D120/><U76/><E17/><V54/><F38/><W2/><G2/><T91/><D67/><U83/><E43/><V19/><F19/><W113/><G113/><T27/><D27/><U89/><E37/><V55/><F51/><N who="3" m="28791" /><G69/><T122/><D122/><U48/><E48/><V15/><F15/><W72/><G72/><T78/><D1/><U22/><E75/><V8/><F8/><W49/><G49/><T86/><D11/><U62/><E9/><V0/><F0/><W100/><G65/><T57/><D50/><U20/><E6/><V135/><F135/><W39/><G39/><T30/><D44/><U13/><E13/><V10/><F10/><W16/><G16/><T70/><D45/><RYUUKYOKU ba="1,0" sc="289,-15,237,-15,237,15,237,15" hai2="25,31,33,53,54,55,60,61,77,84" hai3="80,87,88,90,93,95,98,99,100,103" /><INIT seed="1,2,0,5,3,35" ten="274,222,252,252" oya="1" hai0="77,27,109,124,58,123,71,69,40,11,121,103,23" hai1="13,56,3,80,95,43,26,85,2,79,33,96,91" hai2="1,118,9,8,81,111,66,107,99,117,34,37,47" hai3="74,18,112,119,25,93,57,76,102,132,110,82,45"/><U86/><E43/><V12/><F34/><W115/><G45/><T17/><D109/><U42/><E42/><N who="2" m="22991" /><F9/><W108/><G57/><T29/><D124/><U20/><E33/><V16/><F16/><W19/><G19/><T61/><D40/><U88/><E56/><V24/><F12/><W32/><G18/><T84/><D103/><U90/><E13/><V97/><F24/><W31/><G132/><T67/><D77/><U128/><E128/><V44/><F97/><N who="3" m="59695" /><G119/><T54/><D84/><U38/><E38/><V134/><F134/><W70/><G70/><T50/><D69/><U72/><E72/><V104/><F104/><W116/><G116/><T94/><D94/><U30/><E79/><V7/><F44/><W126/><G126/><T21/><D11/><U15/><E15/><V36/><F36/><W64/><G64/><T68/><D17/><U28/><E30/><V14/><F14/><W113/><G113/><T120/><D21/><U89/><E89/><V39/><F39/><W105/><G105/><T98/><D23/><U5/><E5/><V73/><F66/><W75/><G75/><T127/><D127/><U51/><E51/><V52/><F52/><W83/><G83/><AGARI ba="2,0" hai="2,3,20,26,28,80,83,85,86,88,90,91,95,96" machi="83" ten="30,12000,1" yaku="7,1,9,1,52,2,54,1" doraHai="35" who="1" fromWho="3" sc="274,0,222,126,252,0,252,-126" /><INIT seed="1,3,0,0,2,75" ten="274,348,252,126" oya="1" hai0="72,117,41,122,42,51,39,14,56,108,114,70,26" hai1="106,123,103,124,3,16,96,5,61,79,13,90,33" hai2="35,19,102,87,50,21,38,20,100,37,59,119,48" hai3="11,43,24,99,8,68,128,83,111,60,54,36,118"/><U31/><E123/><V94/><F35/><W97/><G111/><T113/><D117/><U44/><E124/><V121/><F121/><W53/><G118/><T84/><D122/><U101/><E3/><V62/><F119/><W17/><G128/><T27/><D72/><U55/><E5/><V85/><F38/><W127/><G127/><T7/><D70/><U109/><E109/><V71/><F37/><W52/><G83/><T63/><D39/><U67/><E31/><V134/><F71/><W120/><G120/><T77/><D113/><U2/><E2/><V28/><F28/><W81/><G81/><N who="0" m="47151" /><D114/><U89/><E103/><N who="2" m="39467" /><F134/><W46/><G24/><N who="0" m="9259" /><D51/><N who="2" m="19498" /><F94/><W131/><G131/><T95/><D95/><U125/><E33/><V25/><F20/><W32/><G32/><T110/><D110/><U107/><E107/><V130/><F130/><W116/><G116/><T49/><D49/><U15/><E106/><V69/><F69/><W57/><G68/><T93/><D93/><U112/><E101/><V132/><F132/><W115/><G115/><T129/><D129/><U73/><E73/><V91/><F91/><W12/><REACH who="3" step="1"/><G8/><REACH who="3" ten="274,348,252,116" step="2"/><N who="0" m="4383" /><D108/><U76/><E125/><V23/><F23/><W1/><G1/><T29/><D29/><U22/><E22/><V18/><F21/><W0/><G0/><T66/><AGARI ba="3,1" hai="41,42,56,63,66" m="4383,9259,47151" machi="66" ten="30,2000,0" yaku="8,1,52,1" doraHai="75" who="0" fromWho="0" sc="274,39,348,-13,252,-8,116,-8" /><INIT seed="2,0,0,1,1,18" ten="313,335,244,108" oya="2" hai0="120,13,26,2,12,85,45,6,48,37,83,75,87" hai1="106,50,25,126,34,8,100,27,54,129,64,125,3" hai2="113,11,4,43,39,97,63,62,7,36,74,94,52" hai3="66,69,10,21,5,127,80,31,79,42,72,15,101"/><V33/><F74/><W59/><G127/><N who="1" m="48650" /><E64/><V92/><F113/><W105/><G69/><T93/><D120/><U110/><E110/><V28/><F33/><W131/><G131/><T122/><D122/><U96/><E34/><V22/><F36/><W130/><G130/><T20/><D37/><U29/><E29/><V71/><F71/><W108/><G108/><T53/><D2/><U90/><E90/><N who="2" m="55447" /><F39/><W119/><G119/><T56/><D75/><U49/><E49/><V88/><F43/><W67/><G42/><N who="0" m="24631" /><D6/><N who="2" m="2090" /><F11/><W133/><G133/><T76/><D87/><U95/><E106/><V16/><F52/><W70/><G70/><T78/><D78/><U1/><E8/><V121/><F28/><W65/><G105/><T86/><D86/><U116/><E116/><V103/><F103/><W84/><G101/><T82/><D82/><U24/><E129/><V111/><F111/><W38/><G38/><T123/><D123/><U57/><AGARI ba="0,0" hai="1,3,24,25,27,50,54,57,95,96,100" m="48650" machi="57" ten="30,1100,0" yaku="18,1" doraHai="18" who="1" fromWho="1" sc="313,-3,335,11,244,-5,108,-3" /><INIT seed="3,0,0,2,2,33" ten="310,346,239,105" oya="3" hai0="87,71,108,134,114,18,125,60,69,48,112,21,23" hai1="113,123,58,9,15,51,49,110,124,59,41,121,22" hai2="53,6,13,89,93,105,75,98,42,38,52,83,56" hai3="76,111,32,40,96,86,103,79,28,0,82,106,133"/><W1/><G133/><T12/><D134/><U2/><E113/><N who="0" m="43625" /><D108/><U27/><E2/><V94/><F38/><W72/><G111/><T39/><D39/><U7/><E124/><V16/><F42/><W44/><G79/><T5/><D125/><U24/><E110/><V34/><F34/><W43/><G86/><T8/><D23/><U85/><E85/><V73/><F105/><W81/><G81/><T120/><D120/><U119/><E119/><V54/><F6/><W20/><G20/><T80/><D60/><U88/><E27/><V55/><F94/><W74/><G74/><T63/><D63/><U102/><E102/><V101/><F101/><W37/><REACH who="3" step="1"/><G43/><REACH who="3" ten="310,346,239,95" step="2"/><T109/><D109/><U68/><E41/><V62/><REACH who="2" step="1"/><F83/><REACH who="2" ten="310,346,229,95" step="2"/><W126/><G126/><T25/><D80/><U127/><E127/><V132/><F132/><W47/><G47/><T57/><D87/><U115/><E115/><V61/><F61/><W129/><G129/><T130/><D130/><U97/><E123/><V29/><F29/><W135/><G135/><T77/><D77/><U107/><E121/><V92/><F92/><W66/><G66/><T84/><D84/><U131/><E131/><V35/><F35/><W78/><G78/><T95/><D95/><U91/><E107/><V99/><F99/><W122/><G122/><T128/><D128/><U19/><E97/><V67/><F67/><W11/><G11/><AGARI ba="0,2" hai="11,13,16,52,53,54,55,56,62,73,75,89,93,98" machi="11" ten="40,5200,0" yaku="1,1,54,2,53,0" doraHai="33" doraHaiUra="116" who="2" fromWho="3" sc="310,0,346,0,229,72,95,-52" owari="310,11.0,346,44.6,301,-9.9,43,-45.7" /></mjloggm>