<mjloggm ver="2.3"><GO type="225" lobby="0"/><UN n0="%E7%89%B9%E6%9D%B1%E3%81%AF%E4%B8%96%E7%95%8C%E3%82%92%E6%95%91%E3%81%86" n1="%33%74%72%65%65" n2="%E6%B8%A9%E2%98%85%E6%83%85%E2%98%85%E6%8E%AA%E2%98%85%E7%BD%AE" n3="%28%EF%BF%A3%E2%96%BD%EF%BF%A3%29%CE%B4%E2%8C%92%E3%83%BB" dan="16,16,18,16" rate="2034.49,2183.32,2191.71,2144.22" sx="M,F,M,M"/><TAIKYOKU oya="0"/><INIT seed="0,0,0,3,2,56" ten="250,250,250,250" oya="0" hai0="127,77,135,1,53,37,88,93,47,101,103,44,110" hai1="92,80,8,62,105,61,109,118,48,28,65,42,0" hai2="129,69,98,2,75,40,14,27,104,38,94,119,87" hai3="5,7,19,52,82,33,100,30,35,121,97,4,70"/><T63/><D1/><U13/><E105/><V128/><F2/><W15/><G121/><T73/><D135/><U66/><E118/><V60/><F75/><W41/><G70/><T68/><D127/><U29/><E0/><V99/><F119/><W57/><G41/><T96/><D110/><U11/><E109/><V67/><F14/><W16/><G82/><T130/><D130/><N who="2" m="50282" /><F27/><W43/><G43/><T25/><D37/><U131/><E131/><V10/><F10/><N who="1" m="3625" /><E13/><V36/><F40/><W86/><G86/><T133/><D133/><U64/><E80/><V72/><F72/><W81/><G81/><T55/><D77/><U20/><E92/><V39/><F104/><W12/><G30/><N who="1" m="11882" /><E20/><V34/><F34/><W108/><G108/><T132/><D132/><U58/><E42/><V50/><F50/><W112/><G112/><T74/><D74/><U120/><E120/><V51/><F51/><W122/><G122/><T22/><D73/><U9/><N who="1" m="3633" /><U106/><DORA hai="49" /><E106/><V79/><F79/><W32/><G15/><T31/><D22/><U54/><AGARI ba="0,0" hai="48,54,58,61,62,64,65,66" m="11882,3633" machi="54" ten="40,8000,1" yaku="8,1,52,3" doraHai="56,49" who="1" fromWho="1" sc="250,-40,250,80,250,-20,250,-20" /><INIT seed="1,0,0,0,3,65" ten="210,330,230,230" oya="1" hai0="120,54,67,76,112,94,121,28,14,113,73,68,133" hai1="107,116,32,108,21,44,77,15,123,135,19,132,69" hai2="18,52,29,46,74,109,93,97,119,20,80,91,3" hai3="30,10,23,4,53,55,134,1,102,96,36,40,125"/><U72/><E116/><V89/><F119/><W56/><G125/><T5/><D28/><U71/><E123/><N who="0" m="47177" /><D133/><N who="1" m="51275" /><E108/><V82/><F3/><W84/><G134/><T98/><D54/><U41/><E32/><V31/><F109/><W78/><G40/><T117/><D117/><U99/><E77/><V101/><F74/><W25/><G36/><T61/><D76/><U95/><E107/><V0/><F0/><W16/><G56/><T47/><D73/><U42/><E72/><V45/><F45/><W111/><G111/><T64/><D47/><U6/><E6/><V49/><F91/><W48/><G48/><T9/><D64/><U114/><E114/><V115/><F115/><W39/><G39/><T7/><D7/><U60/><E60/><V122/><F122/><W131/><G131/><T86/><D86/><U129/><E129/><V70/><F70/><N who="1" m="26633" /><E44/><V11/><F11/><W43/><G78/><T8/><D8/><U90/><AGARI ba="0,0" hai="15,19,21,41,42,90,95,99" m="26633,51275" machi="90" ten="30,11700,0" yaku="20,1,52,3" doraHai="65" who="1" fromWho="1" sc="210,-39,330,117,230,-39,230,-39" /><INIT seed="1,1,0,5,1,86" ten="171,447,191,191" oya="1" hai0="23,29,55,121,28,40,87,53,73,67,106,84,113" hai1="105,41,111,19,32,128,56,62,104,94,49,34,108" hai2="69,79,83,120,134,60,50,91,30,70,75,46,37" hai3="33,64,66,93,85,9,38,57,68,123,24,114,10"/><U0/><E0/><V26/><F120/><W115/><G38/><T25/><D113/><U2/><E2/><V112/><F112/><W45/><G68/><T1/><D73/><U63/><E19/><V18/><F134/><W43/><G123/><T127/><D1/><U48/><E94/><V101/><F37/><W122/><G122/><T118/><D121/><U96/><E96/><V22/><F101/><W72/><G72/><T116/><D67/><U82/><E56/><V21/><F60/><N who="1" m="23081" /><E82/><V3/><F3/><W76/><G57/><T89/><D23/><U7/><E7/><V132/><F132/><W16/><G64/><T102/><D102/><U126/><E41/><V77/><F77/><W36/><G66/><T42/><D25/><U11/><E11/><V129/><F70/><W27/><G114/><T15/><D15/><U4/><E4/><V54/><F69/><W109/><G115/><T47/><D42/><U90/><E34/><V14/><REACH who="2" step="1"/><F91/><REACH who="2" ten="171,447,181,191" step="2"/><W44/><G36/><T74/><D89/><U58/><E90/><V135/><F135/><W5/><G76/><T20/><D118/><U31/><E48/><V61/><F61/><W97/><G5/><T99/><D116/><U39/><E49/><V51/><F51/><W80/><G45/><T95/><D47/><U12/><E39/><V13/><F13/><W52/><G44/><T131/><D106/><U103/><E104/><V6/><F6/><W100/><G100/><T117/><D117/><U17/><E103/><V133/><F133/><W119/><G119/><T59/><D59/><U81/><E58/><RYUUKYOKU ba="1,1" sc="171,-10,447,-10,181,30,191,-10" hai2="14,18,21,22,26,30,46,50,54,75,79,83,129" /><INIT seed="2,2,1,5,5,95" ten="161,437,211,181" oya="2" hai0="72,114,1,53,22,110,98,57,48,115,87,24,20" hai1="105,134,3,11,18,50,131,56,52,58,86,47,99" hai2="14,37,17,4,90,31,104,67,41,119,69,19,59" hai3="16,7,43,93,25,46,116,132,112,70,68,117,94"/><V63/><F104/><W120/><G120/><T30/><D72/><U100/><E134/><V130/><F119/><W125/><G132/><T77/><D1/><U6/><E131/><V123/><F123/><W62/><G7/><T49/><D110/><U44/><E86/><V91/><F130/><W33/><G125/><T66/><D66/><U85/><E85/><V39/><F69/><W107/><G107/><T12/><D48/><U135/><E135/><V40/><F31/><W10/><G112/><T102/><D22/><U129/><E129/><V2/><F2/><W124/><G124/><T80/><REACH who="0" step="1"/><D12/><REACH who="0" ten="151,437,211,181" step="2"/><U61/><E18/><N who="2" m="6667" /><F39/><W9/><G117/><T27/><D27/><U29/><E29/><V126/><F37/><W54/><G116/><T121/><D121/><U34/><E34/><V81/><F126/><W84/><G33/><T97/><D97/><U78/><E78/><V75/><F75/><W76/><G76/><T133/><D133/><U111/><E111/><V79/><F79/><W89/><G10/><T128/><D128/><U32/><E32/><V122/><F122/><W73/><G73/><T55/><D55/><AGARI ba="2,2" hai="3,6,11,44,47,50,52,55,56,58,61,99,100,105" machi="55" ten="30,3900,0" yaku="7,1,52,1,54,1" doraHai="95" who="1" fromWho="0" sc="151,-45,437,65,211,0,181,0" /><INIT seed="3,0,0,2,0,106" ten="106,502,211,181" oya="3" hai0="28,46,103,56,128,26,51,92,29,80,102,85,5" hai1="49,13,62,39,74,110,134,133,127,3,59,100,87" hai2="1,50,52,38,6,69,30,35,78,55,105,41,14" hai3="129,25,44,11,23,130,83,33,79,22,76,48,37"/><W42/><G33/><T21/><D128/><N who="3" m="49257" /><G76/><T101/><D5/><U132/><E3/><V8/><F105/><W17/><G23/><T97/><D28/><U45/><E39/><V98/><F78/><W116/><G11/><T15/><D56/><U70/><E59/><V120/><F35/><W43/><G116/><T113/><D113/><U4/><E134/><V89/><F30/><W16/><G17/><T125/><D125/><U64/><E127/><V96/><F1/><W40/><G37/><T68/><D68/><U109/><E70/><V121/><F38/><W47/><G47/><T34/><D34/><U65/><E45/><N who="2" m="25903" /><F69/><W131/><N who="3" m="49265" /><W126/><DORA hai="111" /><G126/><T12/><D101/><U7/><E100/><V88/><F120/><W60/><G60/><T54/><REACH who="0" step="1"/><D103/><REACH who="0" ten="96,502,211,181" step="2"/><U82/><E132/><V72/><F6/><W10/><G10/><T86/><D86/><AGARI ba="0,1" hai="16,22,25,40,42,43,44,48,79,83,86" m="49265" machi="86" ten="40,3900,0" yaku="19,1,54,1" doraHai="106,111" who="3" fromWho="0" sc="96,-39,502,0,211,0,181,49" /><INIT seed="3,1,0,5,2,54" ten="57,502,211,230" oya="3" hai0="119,32,64,21,13,31,115,52,116,98,100,58,88" hai1="111,47,40,10,104,66,48,120,130,0,89,37,91" hai2="12,43,90,70,68,75,62,24,67,22,51,39,11" hai3="27,26,96,128,112,123,60,87,83,82,63,3,103"/><W45/><G3/><T2/><D2/><U65/><E111/><V77/><F70/><W76/><G112/><T125/><D125/><U17/><E130/><V108/><F108/><W126/><G128/><T86/><D115/><U109/><E109/><V46/><F90/><W42/><G126/><T122/><D64/><U34/><E34/><V73/><F77/><W28/><G83/><T33/><D122/><U4/><E104/><V23/><F39/><W36/><G123/><T127/><D127/><U71/><E120/><V105/><F105/><W35/><G27/><T84/><D84/><U61/><E66/><V80/><F80/><W56/><G56/><T50/><D33/><U57/><E17/><V16/><F23/><W110/><G110/><T134/><D32/><U129/><E129/><V79/><F79/><W131/><G131/><T59/><D134/><U44/><E71/><V25/><F25/><W72/><G72/><T19/><D31/><AGARI ba="1,0" hai="11,12,16,22,24,31,43,46,51,62,67,68,73,75" machi="31" ten="30,2000,0" yaku="7,1,54,1" doraHai="54" who="2" fromWho="0" sc="57,-23,502,0,211,23,230,0" owari="34,-46.6,502,60.2,234,3.4,230,-17.0" /></mjloggm>