<mjloggm ver="2.3"><GO type="225" lobby="0"/><UN n0="%E6%9D%B1%E9%A2%A8%E3%81%AE%E3%81%8D%E3%82%83%E3%81%B7%E3%81%95%E3%82%93" n1="%72%69%6F%75%63%68%61%6E" n2="%E3%81%8B%E3%82%8F%E3%81%A1%E3%82%83%E3%82%93%35%38" n3="%E3%80%93%E3%81%97%E3%83%BC%E3%82%89%E3%80%93" dan="17,16,16,16" rate="2203.45,2203.31,2178.97,2126.59" sx="M,M,M,M"/><TAIKYOKU oya="0"/><INIT seed="0,0,0,5,3,28" ten="250,250,250,250" oya="0" hai0="63,106,59,13,103,2,115,27,38,24,64,132,127" hai1="80,53,42,54,75,16,7,65,77,62,50,22,9" hai2="121,48,30,52,94,18,67,4,110,76,15,104,84" hai3="35,100,5,95,93,56,34,109,98,83,1,90,131"/><T113/><D38/><U118/><E118/><V39/><F39/><W87/><G109/><T96/><D2/><U86/><E75/><V46/><F104/><W51/><G131/><T126/><D13/><N who="1" m="5311" /><E62/><V26/><F110/><W6/><G1/><T78/><D78/><U129/><E65/><V85/><F121/><W114/><G114/><N who="0" m="43531" /><D132/><U17/><E129/><V60/><F4/><W117/><G117/><T57/><D57/><U61/><E61/><V102/><F76/><W116/><G116/><T11/><D11/><U134/><E134/><V14/><F14/><W3/><G6/><T101/><D101/><U105/><E105/><V124/><F124/><AGARI ba="0,0" hai="24,27,59,63,64,96,103,106,124,126,127" m="43531" machi="124" ten="30,1500,0" yaku="18,1" doraHai="28" who="0" fromWho="2" sc="250,15,250,0,250,-15,250,0" /><INIT seed="0,1,0,5,2,37" ten="265,250,235,250" oya="0" hai0="105,93,121,122,47,72,109,104,96,83,126,38,127" hai1="19,46,41,17,58,101,90,0,89,77,65,23,26" hai2="98,134,100,88,21,62,66,4,130,5,99,82,15" hai3="113,131,13,16,91,12,129,6,112,8,35,135,87"/><T57/><D57/><U114/><E0/><V54/><F54/><W79/><G79/><N who="0" m="44519" /><D47/><U10/><E114/><N who="3" m="44138" /><G87/><T124/><D38/><U14/><E101/><V30/><F134/><W132/><G91/><N who="0" m="55359" /><D109/><U52/><E77/><V59/><F130/><N who="3" m="49675" /><G35/><T11/><D11/><AGARI ba="1,0" hai="6,8,11,12,13,16,132,135" m="49675,44138" machi="11" ten="40,8000,1" yaku="19,1,34,2,54,1" doraHai="37" who="3" fromWho="0" sc="265,-83,250,0,235,0,250,83" /><INIT seed="1,0,0,5,1,94" ten="182,250,235,333" oya="1" hai0="13,57,4,84,109,107,97,76,123,3,71,19,128" hai1="118,127,30,132,113,70,100,61,78,14,79,1,11" hai2="64,26,99,55,0,32,73,124,89,93,102,92,126" hai3="83,9,66,46,116,51,112,35,115,34,10,38,77"/><U60/><E113/><V47/><F0/><W17/><G38/><T24/><D71/><U36/><E118/><V96/><F64/><W91/><G116/><T122/><D128/><U108/><E36/><V21/><F32/><W18/><G66/><T65/><D109/><U80/><E1/><V67/><F73/><W103/><G103/><T2/><D24/><U50/><E108/><V119/><F119/><W43/><G91/><T53/><D65/><U16/><E70/><V39/><F67/><W20/><G35/><T8/><D84/><U6/><E127/><V23/><F55/><W106/><G34/><T59/><D76/><U48/><E132/><V111/><F111/><W12/><G106/><T54/><D2/><U5/><E30/><V98/><F98/><W31/><G31/><T87/><D87/><N who="1" m="48535" /><E100/><V41/><REACH who="2" step="1"/><F21/><REACH who="2" ten="182,250,225,333" step="2"/><W85/><G9/><T40/><D40/><U69/><E69/><V52/><F52/><N who="0" m="20074" /><D57/><U25/><E60/><V131/><F131/><W129/><G129/><T44/><D59/><U45/><E61/><V27/><F27/><AGARI ba="0,1" hai="10,12,17,18,20,27,43,46,51,77,83,85,112,115" machi="27" ten="30,1000,0" yaku="7,1" doraHai="94" who="3" fromWho="2" sc="182,0,250,0,225,-10,333,20" /><INIT seed="2,0,0,4,4,87" ten="182,250,215,353" oya="2" hai0="10,73,46,11,106,53,110,14,21,0,31,72,114" hai1="24,77,33,107,86,17,48,36,98,39,117,41,15" hai2="57,78,3,90,91,16,104,134,67,100,79,82,129" hai3="103,34,99,30,55,115,28,89,101,122,26,111,102"/><V131/><F3/><W97/><G122/><T7/><D114/><U92/><E117/><V128/><F134/><W133/><G115/><T13/><D106/><U83/><E107/><V63/><F79/><W74/><G74/><T62/><D110/><U126/><E126/><V75/><F16/><W93/><G111/><T6/><D0/><U109/><E109/><V65/><F65/><W52/><G133/><T68/><D68/><U27/><E48/><V37/><F37/><W25/><REACH who="3" step="1"/><G99/><AGARI ba="0,0" hai="57,63,67,75,78,82,90,91,99,100,104,128,129,131" machi="99" ten="40,7700,0" yaku="19,1,52,2" doraHai="87" who="2" fromWho="3" sc="182,0,250,0,215,77,353,-77" /><INIT seed="2,1,0,0,3,99" ten="182,250,292,276" oya="2" hai0="117,127,132,65,48,53,36,112,131,76,63,34,19" hai1="116,0,80,84,54,71,59,101,20,41,39,94,78" hai2="102,98,47,42,133,115,4,30,87,33,22,16,64" hai3="81,24,85,44,58,122,18,17,79,113,82,67,96"/><V135/><F115/><W69/><G113/><T51/><D34/><U45/><E116/><V128/><F128/><W5/><G69/><T62/><D112/><U38/><E0/><V123/><F123/><W40/><G122/><T2/><D117/><U74/><E71/><V125/><F125/><W97/><G5/><T114/><D114/><U29/><E38/><V103/><F4/><W126/><G126/><T15/><D36/><U107/><E107/><V86/><F64/><W32/><G32/><T28/><D2/><U21/><E29/><V27/><F87/><N who="3" m="48575" /><G44/><T77/><D28/><U14/><E14/><V55/><F55/><W66/><G40/><T75/><D127/><U109/><E109/><V8/><F86/><W6/><G6/><T90/><D75/><U11/><E11/><V9/><F9/><W52/><G97/><T10/><D131/><U134/><E84/><V83/><F83/><W57/><G96/><T106/><D106/><U13/><E13/><V93/><F8/><W12/><G24/><T70/><D90/><U60/><E134/><N who="2" m="51211" /><F33/><W92/><G92/><T49/><REACH who="0" step="1"/><D132/><REACH who="0" ten="172,250,292,276" step="2"/><U104/><E104/><V110/><F30/><W35/><G35/><T56/><AGARI ba="1,1" hai="10,15,19,48,49,51,53,56,62,63,65,70,76,77" machi="56" ten="30,4000,0" yaku="1,1,2,1,0,1,53,0" doraHai="99" doraHaiUra="121" who="0" fromWho="0" sc="172,53,250,-11,292,-21,276,-11" /><INIT seed="3,0,0,5,4,104" ten="225,239,271,265" oya="3" hai0="114,107,86,21,71,85,95,54,47,6,20,121,126" hai1="7,120,103,110,22,19,32,66,45,116,59,48,105" hai2="87,111,82,2,88,30,61,106,38,44,57,62,89" hai3="80,28,55,119,41,77,132,115,109,124,69,108,4"/><W113/><G69/><T79/><D107/><U63/><E120/><V122/><F106/><W14/><G119/><T27/><D71/><U99/><E110/><N who="3" m="42602" /><G124/><T5/><D114/><U100/><E32/><V101/><F101/><W72/><G132/><T16/><D121/><U53/><E103/><V60/><F2/><W31/><G41/><T3/><D3/><U84/><E7/><N who="0" m="2569" /><D126/><U70/><E84/><N who="0" m="32361" /><D79/><U134/><E134/><V49/><F38/><W15/><G55/><T93/><D21/><U68/><REACH who="1" step="1"/><E116/><REACH who="1" ten="225,229,271,265" step="2"/><V10/><F111/><W128/><G115/><T56/><D47/><U40/><E40/><V67/><F122/><W29/><G113/><T8/><D8/><U9/><E9/><V12/><F89/><W0/><G128/><T51/><AGARI ba="0,1" hai="16,20,27,51,54,56,93,95" m="32361,2569" machi="51" ten="30,2000,0" yaku="8,1,54,1" doraHai="104" who="0" fromWho="0" sc="225,30,229,-5,271,-5,265,-10" /><INIT seed="4,0,0,0,0,88" ten="255,224,266,255" oya="0" hai0="110,71,132,57,24,104,61,80,111,100,11,16,79" hai1="56,85,26,113,39,46,73,66,114,4,93,128,59" hai2="124,1,77,116,44,74,83,98,10,48,31,19,38" hai3="34,120,49,45,6,41,131,96,102,54,121,64,135"/><T69/><D132/><U12/><E128/><V89/><F124/><W90/><G34/><T122/><D122/><N who="3" m="47209" /><G131/><T35/><D100/><U8/><E73/><V118/><F31/><W50/><G135/><T117/><D104/><U130/><E130/><V92/><F38/><W87/><G64/><N who="0" m="38959" /><D35/><U115/><E66/><V134/><F134/><W37/><G6/><T84/><D117/><U7/><E7/><V123/><F123/><W29/><G29/><T129/><D129/><U133/><E133/><V43/><F1/><W103/><G96/><T17/><D11/><U65/><E65/><V18/><F10/><W21/><G21/><N who="0" m="13351" /><D17/><U20/><E46/><V62/><F18/><W47/><G37/><T2/><D2/><U72/><E72/><V112/><F19/><W81/><AGARI ba="0,0" hai="41,45,47,49,50,54,81,87,90,102,103" m="47209" machi="81" ten="30,1100,0" yaku="13,1" doraHai="88" who="3" fromWho="3" sc="255,-5,224,-3,266,-3,255,11" /><INIT seed="5,0,0,0,0,113" ten="250,221,263,266" oya="1" hai0="111,47,80,85,50,26,102,131,22,51,83,119,133" hai1="10,58,84,90,52,57,6,43,16,101,44,37,27" hai2="24,19,78,56,20,104,127,54,13,129,123,35,42" hai3="96,117,124,59,122,74,69,125,15,65,135,112,116"/><U95/><E101/><V108/><F108/><W114/><G74/><T134/><D102/><U32/><E32/><V8/><F123/><W103/><G69/><T130/><D111/><U81/><E95/><V86/><F104/><N who="3" m="63591" /><G122/><T7/><D7/><U97/><E97/><V91/><F129/><N who="0" m="49162" /><D83/><U107/><E107/><V94/><F127/><N who="3" m="48715" /><G135/><N who="0" m="51723" /><D47/><U1/><REACH who="1" step="1"/><E52/><REACH who="1" ten="250,211,263,266" step="2"/><V121/><F35/><W12/><G114/><T38/><D38/><U31/><E31/><V11/><F121/><W48/><G112/><T62/><D62/><U41/><E41/><V68/><F42/><W126/><G126/><T93/><D93/><U98/><E98/><V53/><F53/><N who="3" m="32167" /><G65/><T63/><D63/><U82/><E82/><V17/><F54/><W92/><G92/><T118/><D51/><U46/><E46/><V100/><F100/><W18/><G15/><T75/><D50/><U89/><E89/><V72/><F91/><W110/><G110/><T109/><D109/><U23/><AGARI ba="0,1" hai="1,6,10,16,23,27,37,43,44,57,58,81,84,90" machi="23" ten="30,6000,0" yaku="1,1,0,1,54,1,53,0" doraHai="113" doraHaiUra="105" who="1" fromWho="1" sc="250,-20,211,70,263,-20,266,-20" /><INIT seed="5,1,0,2,1,12" ten="230,281,243,246" oya="1" hai0="9,90,46,119,75,40,134,101,89,69,85,62,122" hai1="63,121,70,5,123,73,3,22,92,49,102,21,11" hai2="57,135,20,116,83,48,80,114,2,126,66,98,72" hai3="88,120,59,43,81,107,111,37,118,39,26,56,23"/><U115/><E73/><V15/><F2/><W52/><G107/><T133/><D75/><U31/><E115/><V125/><F116/><W41/><G120/><T38/><D122/><U130/><E130/><V87/><F135/><N who="0" m="51722" /><D119/><U100/><E49/><V78/><F114/><W8/><G118/><T117/><D117/><U10/><E10/><V18/><F98/><W74/><G111/><T94/><D9/><U65/><E100/><V97/><F97/><W27/><G74/><T29/><D29/><U67/><E67/><V50/><F66/><W84/><G39/><T16/><D90/><U124/><E124/><N who="2" m="47723" /><F57/><W55/><G8/><T93/><D62/><U64/><E64/><V103/><F103/><W68/><G68/><T51/><D69/><U127/><E127/><V14/><F14/><W95/><G81/><N who="0" m="49327" /><D38/><U128/><E128/><V54/><F54/><N who="3" m="20523" /><G37/><T132/><N who="0" m="51730" /><T105/><DORA hai="47" /><D105/><U104/><E104/><V86/><F72/><W131/><G131/><T82/><D82/><U99/><E123/><V113/><F113/><W19/><G27/><T110/><D110/><U34/><E121/><V32/><F32/><W108/><G108/><T71/><D71/><U45/><E34/><V77/><AGARI ba="1,0" hai="15,18,20,48,50,77,78,80,83,86,87" m="47723" machi="77" ten="30,7900,0" yaku="18,1,52,3" doraHai="12,47" who="2" fromWho="2" sc="230,-21,281,-40,243,82,246,-21" owari="209,-29.1,241,4.1,325,42.5,225,-17.5" /></mjloggm>