<mjloggm ver="2.3"><GO type="225" lobby="0"/><UN n0="%E8%B6%85%E7%B4%9A%E9%B3%B3%E5%87%B0" n1="%E7%99%BD%E6%97%A5%E9%9B%AA%E8%8F%9C" n2="%E3%83%89%E3%83%A9%E3%81%8F%E3%82%8C" n3="%E3%81%B5%E3%81%98%E3%81%8B%E3%81%A4" dan="16,17,17,16" rate="2190.92,2189.89,2299.61,2168.26" sx="F,M,M,M"/><TAIKYOKU oya="0"/><INIT seed="0,0,0,4,5,24" ten="250,250,250,250" oya="0" hai0="79,73,39,50,100,69,40,23,14,109,56,105,67" hai1="35,8,19,30,70,33,111,54,16,27,20,130,85" hai2="106,95,121,3,57,6,116,5,36,102,25,133,11" hai3="91,1,127,34,59,31,37,131,74,110,12,108,99"/><T78/><D109/><N who="3" m="42089" /><G37/><T87/><D73/><U103/><E111/><V63/><F121/><W134/><G74/><T18/><D87/><U97/><E130/><V104/><F116/><W47/><G1/><T44/><D105/><U122/><E122/><V83/><F133/><W13/><G134/><T45/><D100/><U124/><E70/><V92/><F36/><W126/><G47/><T129/><D129/><U51/><E124/><N who="3" m="47658" /><G59/><T123/><D123/><U66/><E66/><V43/><F43/><W101/><G91/><T49/><D69/><U0/><E85/><V22/><F6/><W120/><G120/><T113/><D113/><U46/><E0/><V128/><F128/><W28/><G131/><T135/><D135/><U117/><E117/><V32/><F57/><W71/><G71/><T58/><D39/><U10/><E35/><V2/><F2/><W53/><G53/><N who="0" m="29863" /><D67/><U119/><E119/><V112/><F112/><W88/><G88/><T114/><D114/><U38/><E38/><V115/><F115/><W132/><G132/><T82/><D82/><U68/><E68/><V65/><F83/><W125/><N who="3" m="47666" /><W94/><DORA hai="64" /><G34/><T80/><D80/><U26/><E19/><N who="2" m="12511" /><F32/><W98/><G98/><T86/><D86/><U107/><AGARI ba="0,0" hai="8,10,16,20,26,27,30,33,46,51,54,97,103,107" machi="107" ten="20,5200,0" yaku="0,1,7,1,52,1,54,1" doraHai="24,64" who="1" fromWho="1" sc="250,-26,250,52,250,-13,250,-13" /><INIT seed="1,0,0,5,4,65" ten="224,302,237,237" oya="1" hai0="107,24,7,75,44,64,10,67,2,68,11,117,52" hai1="19,82,13,99,103,37,23,20,54,53,56,38,98" hai2="125,27,57,71,35,128,114,97,76,55,29,127,60" hai3="18,108,15,22,118,106,0,5,81,36,43,32,93"/><U126/><E126/><N who="2" m="48139" /><F114/><W132/><G106/><T8/><D117/><U78/><E23/><V95/><F128/><W104/><G118/><T41/><D107/><U58/><E38/><V63/><F76/><W100/><G104/><T105/><D75/><U61/><E37/><V133/><F133/><W92/><G32/><T77/><D105/><U90/><E90/><N who="2" m="55543" /><F60/><W80/><G132/><T33/><D68/><AGARI ba="0,0" hai="27,29,35,55,57,63,68,71" m="55543,48139" machi="68" ten="30,3900,0" yaku="18,1,52,2" doraHai="65" who="2" fromWho="0" sc="224,-39,302,0,237,39,237,0" /><INIT seed="2,0,0,4,4,89" ten="185,302,276,237" oya="2" hai0="127,13,131,124,47,106,61,25,59,58,135,109,96" hai1="48,75,22,115,0,5,37,129,133,84,123,43,91" hai2="130,76,34,26,1,32,46,101,18,62,63,126,88" hai3="69,12,29,71,30,72,98,103,3,120,65,67,42"/><V39/><F1/><W70/><G120/><T87/><D109/><U94/><E115/><V128/><F126/><N who="0" m="48170" /><D131/><N who="2" m="50218" /><F101/><W110/><G3/><T4/><D135/><U85/><E75/><V80/><F39/><W107/><G110/><T9/><D87/><U17/><E37/><V6/><F46/><W83/><G42/><T97/><D106/><U7/><E0/><V93/><F6/><N who="1" m="2057" /><E133/><V36/><F36/><W28/><REACH who="3" step="1"/><G12/><REACH who="3" ten="185,302,276,227" step="2"/><T111/><D111/><U81/><E123/><V21/><F34/><W122/><G122/><T35/><D47/><N who="1" m="25727" /><E129/><V52/><F32/><W45/><G45/><T14/><D14/><N who="1" m="9527" /><E81/><V86/><F52/><W49/><G49/><T114/><D114/><U64/><E64/><V41/><F41/><W66/><G66/><T105/><D35/><U113/><E113/><V74/><AGARI ba="0,1" hai="18,21,26,62,63,74,76,80,86,88,93" m="50218" machi="74" ten="30,6000,0" yaku="19,1,52,1,54,1" doraHai="89" who="2" fromWho="2" sc="185,-20,302,-20,276,70,227,-20" /><INIT seed="2,1,0,4,5,132" ten="165,282,346,207" oya="2" hai0="94,23,60,62,8,58,82,31,106,51,53,10,123" hai1="43,22,71,30,134,88,12,21,121,46,50,66,42" hai2="3,55,14,33,79,120,34,126,11,99,108,93,67" hai3="100,35,68,103,110,38,117,125,118,39,40,114,84"/><V13/><F120/><W2/><G84/><T135/><D123/><U36/><E121/><V96/><F3/><W78/><G78/><T47/><D106/><U6/><E134/><V59/><F108/><W7/><G40/><T83/><D135/><U77/><E77/><V52/><F79/><W124/><G35/><T17/><D94/><U122/><E122/><V119/><F67/><W97/><G68/><T29/><D60/><U44/><E30/><V20/><F20/><W27/><G27/><T98/><D98/><U1/><E1/><V90/><F119/><N who="3" m="45579" /><G110/><T91/><D29/><U74/><E74/><V73/><F73/><W92/><G103/><T115/><D115/><U18/><E6/><V41/><F41/><W25/><G25/><T131/><D131/><U85/><E71/><V127/><F93/><W116/><G116/><T80/><D31/><U102/><E102/><V101/><F101/><W28/><G28/><T113/><D91/><U109/><E109/><V15/><F90/><W45/><G114/><T0/><D0/><U129/><E129/><V105/><F105/><N who="3" m="63631" /><G45/><T37/><D37/><N who="3" m="13833" /><G92/><T89/><D89/><U95/><E66/><V24/><F11/><AGARI ba="1,0" hai="2,7,11,124,125" m="13833,63631,45579" machi="11" ten="40,5200,0" yaku="23,1,52,2" doraHai="132" who="3" fromWho="2" sc="165,0,282,0,346,-55,207,55" /><AGARI ba="1,0" hai="11,12,18,21,22,36,42,43,44,46,50,85,88,95" machi="11" ten="30,2000,0" yaku="7,1,54,1" doraHai="132" who="1" fromWho="2" sc="165,0,282,20,291,-20,262,0" /><INIT seed="3,0,0,3,4,70" ten="165,302,271,262" oya="3" hai0="99,3,57,11,38,126,113,105,73,92,68,34,95" hai1="74,13,24,132,43,118,64,87,40,28,2,17,21" hai2="49,59,46,15,75,117,10,112,4,110,32,33,115" hai3="48,91,104,111,31,19,53,0,122,116,66,61,76"/><W30/><G116/><T120/><RYUUKYOKU type="yao9" ba="0,0" sc="165,0,302,0,271,0,262,0" hai0="3,11,34,38,57,68,73,92,95,99,105,113,120,126" /><INIT seed="3,1,0,5,2,103" ten="165,302,271,262" oya="3" hai0="83,56,65,128,12,99,35,9,31,4,120,1,27" hai1="42,10,87,44,17,104,33,97,61,110,63,53,64" hai2="37,94,106,66,111,22,124,82,16,13,123,20,43" hai3="15,29,73,119,68,3,91,48,79,89,86,18,38"/><W80/><G119/><T47/><D120/><U74/><E74/><V24/><F123/><W132/><G132/><T105/><D128/><U84/><E33/><V25/><F124/><W2/><G38/><T109/><D109/><U116/><E110/><V76/><F111/><W59/><G68/><T39/><D83/><U32/><E32/><V117/><F117/><W81/><G29/><T129/><D129/><U126/><E104/><V58/><F106/><W92/><G48/><T11/><D39/><U69/><E97/><V21/><F94/><W135/><G59/><T90/><D47/><U62/><E69/><V41/><F37/><W115/><G115/><T85/><D65/><U50/><E64/><V130/><F130/><W102/><G102/><T26/><D56/><N who="1" m="34959" /><E126/><V71/><F71/><W77/><G135/><T46/><D46/><U70/><E70/><V30/><F58/><W55/><G55/><T98/><D27/><U51/><E51/><V134/><F134/><W118/><G91/><T93/><REACH who="0" step="1"/><D105/><REACH who="0" ten="155,302,271,262" step="2"/><U36/><E36/><V60/><F66/><W52/><G118/><T0/><D0/><U28/><E116/><V101/><F25/><W88/><G2/><T131/><D131/><U113/><E44/><V54/><F24/><W6/><G3/><T75/><D75/><U108/><E108/><V127/><F127/><W57/><G73/><T5/><AGARI ba="1,1" hai="1,4,5,9,11,12,26,31,35,85,90,93,98,99" machi="5" ten="20,2700,0" yaku="1,1,0,1,7,1,53,0" doraHai="103" doraHaiUra="96" who="0" fromWho="0" sc="155,40,302,-8,271,-8,262,-14" /><INIT seed="4,0,0,1,5,17" ten="195,294,263,248" oya="0" hai0="104,10,6,83,26,100,49,117,1,58,14,60,98" hai1="32,118,30,63,27,135,21,76,43,42,67,48,54" hai2="72,34,70,16,97,77,29,93,119,79,78,59,94" hai3="91,130,84,134,108,90,56,88,131,8,22,127,114"/><T122/><D117/><U35/><E118/><V132/><F70/><W51/><G108/><T101/><D122/><U11/><E76/><V107/><F119/><W31/><G8/><T85/><D101/><U40/><E135/><V44/><F132/><W81/><G134/><T95/><D26/><U89/><E11/><V0/><F0/><W99/><G99/><T73/><D73/><U116/><E89/><V111/><F111/><W62/><G51/><T9/><D49/><U82/><E82/><V68/><F68/><W28/><G28/><T96/><D104/><U36/><E36/><V19/><F72/><W13/><G114/><T23/><D98/><U133/><E133/><V106/><F44/><W109/><G127/><T105/><D105/><U50/><E50/><V120/><F120/><W25/><G13/><T71/><D71/><U20/><E35/><V103/><F107/><W124/><G124/><T24/><D9/><U74/><E74/><V7/><F7/><W53/><REACH who="3" step="1"/><G109/><REACH who="3" ten="195,294,263,238" step="2"/><T47/><D47/><U126/><E126/><V80/><F29/><W4/><G4/><T18/><D1/><U129/><E116/><V46/><F46/><W33/><G33/><T113/><D113/><U110/><E110/><V115/><F34/><W102/><G102/><T39/><D39/><U55/><E48/><V57/><F115/><W15/><G15/><T123/><D123/><U64/><E32/><V12/><F12/><W61/><G61/><T3/><D3/><U86/><E63/><V112/><F112/><W92/><G92/><N who="2" m="35433" /><F80/><W66/><G66/><N who="1" m="25130" /><E30/><V41/><F41/><RYUUKYOKU ba="0,1" sc="195,-15,294,-15,263,15,238,15" hai2="16,19,57,59,77,78,79,97,103,106" hai3="22,25,31,53,56,62,81,84,88,90,91,130,131" /><INIT seed="5,1,1,5,4,92" ten="180,279,278,253" oya="1" hai0="59,28,7,99,69,48,78,79,98,95,72,112,31" hai1="3,6,117,96,33,56,130,25,115,58,83,128,110" hai2="21,63,10,65,30,123,97,122,18,0,131,71,36" hai3="54,13,76,93,109,74,129,47,61,121,85,104,35"/><U17/><E117/><V16/><F36/><W133/><G109/><T20/><D69/><U103/><E115/><V66/><F131/><N who="1" m="50217" /><E110/><V134/><F134/><W39/><G35/><T87/><D72/><U45/><E45/><V125/><F125/><W32/><G32/><T135/><D135/><U14/><E83/><V49/><F66/><W67/><G67/><T53/><D112/><U102/><E3/><V82/><F82/><W101/><G47/><T43/><D43/><U132/><E6/><V34/><F49/><W26/><G39/><T114/><D114/><U50/><E132/><V57/><F71/><W80/><G133/><T41/><D7/><U107/><E103/><V91/><F0/><W62/><G121/><T42/><D41/><U40/><E50/><V90/><F34/><W60/><G54/><T9/><D42/><U8/><E40/><V51/><F51/><W27/><G13/><T73/><D73/><U38/><E38/><V44/><F44/><W70/><G70/><T116/><D116/><U127/><E127/><V88/><F10/><W89/><G129/><T29/><D9/><U113/><E113/><V118/><F118/><W119/><G119/><T12/><D78/><U105/><E107/><V126/><F126/><W46/><G46/><T81/><D95/><U106/><E106/><V37/><F37/><W19/><G19/><AGARI ba="1,1" hai="12,19,20,28,29,31,48,53,59,79,81,87,98,99" machi="19" ten="40,5200,0" yaku="8,1,52,2" doraHai="92" who="0" fromWho="3" sc="180,65,279,0,278,0,253,-55" /><INIT seed="6,0,0,3,3,58" ten="245,279,278,198" oya="2" hai0="18,90,91,124,101,116,74,109,43,29,75,39,66" hai1="111,61,127,72,97,96,53,89,112,0,125,122,44" hai2="20,82,92,6,126,21,133,24,120,86,45,31,108" hai3="65,12,81,33,30,93,114,16,73,100,49,13,62"/><V129/><F120/><W11/><G13/><T28/><D109/><U47/><E111/><V59/><F108/><W63/><G33/><T10/><D124/><N who="1" m="47691" /><E112/><V118/><F126/><W135/><G135/><T17/><D116/><U41/><E0/><V80/><F133/><W50/><G114/><T128/><D128/><U132/><E72/><V130/><F118/><W95/><G73/><T107/><D66/><U99/><E132/><V83/><F6/><W15/><G30/><T57/><D57/><N who="1" m="34991" /><E122/><V9/><F9/><N who="3" m="6159" /><G81/><T3/><D3/><U52/><E52/><V25/><F45/><N who="1" m="17481" /><E41/><V35/><F59/><N who="3" m="37087" /><G100/><T102/><D43/><U119/><E119/><V70/><F70/><W69/><G69/><T46/><D39/><U19/><E19/><V94/><F35/><W98/><G63/><T106/><D46/><U121/><E121/><V131/><REACH who="2" step="1"/><F86/><REACH who="2" ten="245,279,268,198" step="2"/><W77/><G77/><T123/><D123/><U113/><E113/><V27/><F27/><W38/><G38/><T134/><D134/><U32/><E32/><V42/><F42/><W14/><G14/><T110/><D110/><U23/><E23/><V105/><F105/><W68/><G68/><T55/><D10/><U88/><AGARI ba="0,1" hai="88,89,96,97,99" m="17481,34991,47691" machi="88" ten="40,5200,0" yaku="18,1,52,1,54,1" doraHai="58" who="1" fromWho="1" sc="245,-13,279,62,268,-26,198,-13" owari="232,-16.8,341,44.1,242,4.2,185,-31.5" /></mjloggm>