<mjloggm ver="2.3"><GO type="225" lobby="0"/><UN n0="%E3%81%BF%E3%81%BF%E3%81%9A" n1="%E3%83%97%E3%83%92" n2="%E3%81%99%E3%81%84%E3%81%BE%E3%81%9B%E3%83%BC%E3%82%93" n3="%48%61%61%61%6C%61%6E%64" dan="16,17,17,18" rate="2231.67,2157.99,2226.52,2303.24" sx="M,M,M,M"/><TAIKYOKU oya="0"/><INIT seed="0,0,0,2,5,39" ten="250,250,250,250" oya="0" hai0="29,18,81,38,27,32,117,130,17,65,134,113,46" hai1="15,125,78,95,110,118,22,33,7,98,100,54,42" hai2="108,124,74,30,53,3,126,28,120,72,62,26,52" hai3="101,68,92,66,35,8,49,58,93,48,64,84,132"/><T119/><D113/><U90/><E118/><V85/><F120/><W11/><G35/><T31/><D65/><N who="3" m="25193" /><G68/><T107/><D107/><U103/><E33/><V111/><F3/><W10/><G132/><T12/><D81/><U79/><E110/><N who="2" m="42027" /><F85/><W83/><G58/><T57/><D57/><U59/><E125/><N who="2" m="48235" /><F62/><W47/><G101/><T24/><D134/><U109/><E103/><V14/><F14/><W36/><G36/><T133/><D133/><U75/><E100/><V37/><F37/><W73/><G73/><N who="2" m="28265" /><F30/><W45/><G84/><T116/><D12/><U21/><E75/><V40/><F40/><N who="3" m="24615" /><G83/><T70/><D70/><U99/><E42/><AGARI ba="0,0" hai="8,10,11,42,47,49,92,93" m="24615,25193" machi="42" ten="30,3900,0" yaku="8,1,52,2" doraHai="39" who="3" fromWho="1" sc="250,0,250,-39,250,0,250,39" /><INIT seed="1,0,0,2,3,23" ten="250,211,250,289" oya="1" hai0="70,17,50,43,104,73,44,99,131,96,134,56,88" hai1="111,89,55,10,40,132,31,128,38,14,35,130,101" hai2="68,86,46,32,48,1,81,112,82,127,13,122,119" hai3="87,11,114,120,93,90,20,91,79,107,3,7,80"/><U21/><E132/><V121/><F119/><W63/><G120/><T95/><D70/><U76/><E35/><V33/><F1/><W123/><G123/><T65/><D134/><U116/><E116/><V41/><F68/><W42/><G107/><T62/><D131/><U84/><E111/><V92/><F127/><W66/><G114/><T64/><D73/><U30/><E101/><V2/><F2/><W36/><G36/><T85/><D104/><U61/><E76/><V97/><F112/><W53/><G42/><T18/><D65/><U105/><E105/><V28/><F33/><W75/><G20/><T129/><D129/><N who="1" m="49771" /><E40/><V67/><F67/><W29/><G29/><T94/><REACH who="0" step="1"/><D85/><REACH who="0" ten="240,211,250,289" step="2"/><U110/><E110/><V106/><F106/><W100/><G87/><T69/><D69/><U60/><E38/><V118/><F122/><W102/><G75/><T27/><D27/><N who="1" m="16751" /><E31/><V5/><F28/><W49/><G66/><T115/><D115/><U57/><E60/><V133/><F121/><W71/><G63/><T45/><D45/><U135/><E135/><V83/><F133/><W77/><G71/><T58/><D58/><U34/><E34/><V74/><F32/><W39/><G39/><T109/><D109/><U126/><E126/><V12/><F46/><W16/><G49/><T0/><D0/><U113/><E113/><V124/><F48/><W22/><G3/><T9/><D9/><U26/><E26/><V117/><F124/><W37/><G37/><T98/><D98/><U4/><E84/><V78/><F118/><W52/><G11/><T103/><AGARI ba="0,1" hai="17,18,43,44,50,56,62,64,88,94,95,96,99,103" machi="103" ten="20,12000,2" yaku="1,1,5,1,0,1,7,1,8,1,54,1,53,0" doraHai="23" doraHaiUra="19" who="0" fromWho="0" sc="240,130,211,-60,250,-30,289,-30" /><INIT seed="2,0,0,3,1,40" ten="370,151,220,259" oya="2" hai0="30,31,111,131,15,0,21,70,42,107,99,19,28" hai1="56,45,100,62,58,20,103,27,66,95,133,119,54" hai2="57,108,120,115,109,84,113,63,25,4,71,38,98" hai3="13,68,135,110,46,79,29,32,87,39,130,67,43"/><V33/><F120/><W60/><G110/><N who="2" m="42601" /><F38/><W80/><G130/><T104/><D111/><U89/><E119/><V16/><F71/><W24/><REACH who="3" step="1"/><G13/><REACH who="3" ten="370,151,220,249" step="2"/><T59/><D15/><U23/><E133/><AGARI ba="0,1" hai="24,29,32,39,43,46,60,67,68,79,80,87,133,135" machi="133" ten="40,5200,0" yaku="1,1,2,1,52,1,53,0" doraHai="40" doraHaiUra="97" who="3" fromWho="1" sc="370,0,151,-52,220,0,249,62" /><INIT seed="3,0,0,3,2,36" ten="370,99,220,311" oya="3" hai0="98,61,49,81,111,68,10,63,20,99,84,19,67" hai1="69,109,115,48,4,9,52,44,38,96,46,7,73" hai2="6,127,114,130,70,74,41,113,15,95,57,43,124" hai3="122,123,18,102,22,39,121,64,58,29,108,37,110"/><W92/><G29/><T24/><D111/><N who="3" m="42537" /><G102/><T88/><D49/><U117/><E109/><V116/><F74/><W65/><G92/><T50/><D61/><U55/><E115/><V119/><F95/><W27/><G58/><T45/><D10/><U135/><E117/><V35/><F35/><W103/><G103/><T128/><D128/><U131/><E131/><V54/><F70/><W93/><G93/><T28/><D28/><U94/><E135/><V12/><F6/><W16/><G18/><T72/><D72/><U62/><E73/><V85/><F85/><W89/><G89/><T17/><REACH who="0" step="1"/><D19/><REACH who="0" ten="360,99,220,311" step="2"/><U31/><E31/><V133/><F130/><W112/><G112/><N who="2" m="43113" /><F133/><W80/><G80/><T3/><D3/><U66/><E9/><V51/><F12/><W91/><G91/><T13/><D13/><U53/><E38/><AGARI ba="0,1" hai="16,22,27,37,38,39,64,65,121,122,123" m="42537" machi="38" ten="40,7700,0" yaku="14,1,10,1,54,1" doraHai="36" who="3" fromWho="1" sc="360,0,99,-77,220,0,311,87" owari="360,16.0,22,-47.8,220,-18.0,398,49.8" /></mjloggm>