<mjloggm ver="2.3"><GO type="225" lobby="0"/><UN n0="%E6%98%93%E5%88%A9%E8%96%A9%E4%BC%AF" n1="%E8%91%89%E5%B1%B1%E9%99%BD%E5%92%8C" n2="%E3%81%A1%E3%82%85%E3%81%86%E3%81%A9%E3%81%8F%E8%B1%A1%E3%81%95%E3%82%93" n3="%E9%80%86%E9%80%A3%E5%B8%AF%E3%81%AE%E9%AC%BC" dan="16,16,17,16" rate="2136.16,2101.15,2189.53,2122.12" sx="F,F,M,M"/><TAIKYOKU oya="0"/><INIT seed="0,0,0,5,5,69" ten="250,250,250,250" oya="0" hai0="127,92,34,9,114,12,86,120,36,47,65,45,96" hai1="52,88,70,62,68,89,110,21,124,126,6,46,4" hai2="125,33,28,15,59,38,85,18,23,121,91,42,71" hai3="129,135,105,53,67,1,109,118,78,83,77,41,39"/><T16/><D114/><U94/><E110/><V97/><F121/><W95/><G105/><T17/><D120/><U84/><E21/><V5/><F71/><N who="1" m="27177" /><E89/><V80/><F125/><N who="1" m="48233" /><E62/><V8/><F59/><W104/><G109/><T100/><D127/><U63/><E63/><V14/><F97/><W44/><G67/><T57/><D34/><U115/><E115/><V123/><F123/><W103/><G78/><T131/><D131/><U35/><E35/><V20/><F33/><W25/><G77/><T117/><D117/><U49/><AGARI ba="0,0" hai="4,6,46,49,52,84,88,94" m="48233,27177" machi="49" ten="40,5200,0" yaku="18,1,54,2" doraHai="69" who="1" fromWho="1" sc="250,-26,250,52,250,-13,250,-13" /><INIT seed="1,0,0,3,5,110" ten="224,302,237,237" oya="1" hai0="78,12,73,114,98,64,103,104,101,93,23,76,26" hai1="135,41,72,60,63,126,85,57,121,132,17,46,10" hai2="134,32,129,59,102,65,29,7,14,55,47,15,127" hai3="13,118,25,0,54,81,119,116,51,74,90,42,96"/><U128/><E121/><V69/><F129/><W8/><G0/><T37/><D37/><U105/><E72/><V2/><F127/><W106/><G42/><T11/><D114/><U53/><E105/><V94/><F134/><N who="1" m="51241" /><E85/><V9/><F47/><W49/><G25/><T36/><D36/><N who="1" m="21799" /><E17/><V21/><F65/><W88/><G106/><T38/><D38/><U117/><E10/><V3/><F69/><W52/><G96/><T124/><D64/><U92/><E92/><V43/><F43/><W84/><G74/><T6/><D124/><U19/><E19/><V83/><F83/><W1/><G1/><T111/><D111/><U89/><E89/><V31/><F32/><W48/><REACH who="3" step="1"/><G90/><REACH who="3" ten="224,302,237,227" step="2"/><T87/><D73/><U131/><E126/><V82/><F2/><W20/><G20/><T24/><D24/><U68/><E117/><V16/><F3/><W77/><G77/><T79/><D104/><U28/><E28/><V70/><F31/><W108/><G108/><T112/><D103/><U123/><E123/><V130/><F29/><W120/><G120/><T133/><D133/><U56/><E68/><V97/><F70/><W27/><G27/><T33/><D33/><U71/><E71/><V80/><REACH who="2" step="1"/><F130/><REACH who="2" ten="224,302,227,227" step="2"/><W58/><G58/><T34/><D34/><U66/><AGARI ba="0,2" hai="53,56,57,60,63,66,128,131" m="21799,51241" machi="66" ten="30,6000,0" yaku="20,1,34,2" doraHai="110" who="1" fromWho="1" sc="224,-20,302,80,227,-20,227,-20" /><INIT seed="1,1,0,1,0,8" ten="204,382,207,207" oya="1" hai0="81,13,47,42,83,31,66,64,100,35,93,12,38" hai1="53,46,33,52,44,18,40,112,92,116,49,55,32" hai2="103,28,127,9,133,106,94,85,123,97,20,119,30" hai3="3,0,125,69,15,7,24,79,68,115,134,10,135"/><U72/><E112/><V105/><F119/><W34/><G115/><T132/><D132/><N who="3" m="50729" /><G79/><T27/><D66/><U76/><E116/><V109/><F133/><W130/><G130/><T98/><REACH who="0" step="1"/><D64/><REACH who="0" ten="194,382,207,207" step="2"/><U108/><E55/><V82/><F123/><W120/><G120/><T99/><D99/><U60/><E53/><V102/><F97/><W45/><G125/><T16/><D16/><U91/><E18/><V118/><F127/><W37/><G69/><T51/><D51/><U74/><E52/><V101/><F118/><W65/><G65/><T73/><D73/><U71/><E74/><V36/><F36/><W41/><G68/><T122/><D122/><U2/><E72/><V129/><F129/><W1/><G37/><T124/><D124/><U21/><E49/><V75/><F75/><W84/><G84/><T4/><D4/><U88/><E71/><V80/><F105/><W43/><G45/><T113/><D113/><U25/><E46/><V61/><F106/><W5/><G5/><T26/><D26/><U22/><E25/><V6/><F85/><W17/><G7/><T78/><D78/><U58/><E44/><V131/><F6/><W19/><G19/><T90/><D90/><U57/><E91/><V117/><F131/><W14/><G14/><AGARI ba="1,1" hai="12,13,14,27,31,35,38,42,47,81,83,93,98,100" machi="14" ten="40,8000,1" yaku="1,1,52,3,53,1" doraHai="8" doraHaiUra="23" who="0" fromWho="3" sc="194,93,382,0,207,0,207,-83" /><INIT seed="2,0,0,1,1,53" ten="287,382,207,124" oya="2" hai0="111,24,31,14,119,35,45,132,42,89,28,37,3" hai1="105,76,21,121,115,57,72,81,20,118,59,135,15" hai2="90,38,108,82,113,117,134,69,36,54,62,124,22" hai3="47,16,125,92,10,100,64,25,46,34,96,13,41"/><V61/><F22/><W58/><G125/><T78/><D111/><U39/><E118/><V99/><F99/><W97/><G97/><T131/><D132/><U88/><E105/><V73/><F90/><W123/><G123/><T79/><D31/><U1/><E115/><V120/><F82/><W0/><G0/><T80/><D3/><U19/><E1/><V101/><F101/><W93/><G93/><T126/><D119/><U29/><E135/><V91/><F91/><W43/><G34/><T8/><D131/><U107/><E107/><V56/><F73/><W65/><G25/><T94/><D80/><U9/><E39/><N who="2" m="14891" /><F134/><W49/><REACH who="3" step="1"/><G58/><REACH who="3" ten="287,382,207,114" step="2"/><T2/><D2/><U95/><E121/><V66/><F120/><W133/><G133/><T68/><D126/><U86/><E95/><V11/><F124/><W116/><G116/><T85/><D68/><U63/><E81/><V32/><F32/><W70/><G70/><T4/><AGARI ba="0,1" hai="4,8,14,24,28,35,37,42,45,78,79,85,89,94" machi="4" ten="20,1500,0" yaku="0,1,7,1" doraHai="53" who="0" fromWho="0" sc="287,25,382,-4,207,-7,114,-4" /><INIT seed="3,0,0,3,2,129" ten="312,378,200,110" oya="3" hai0="82,135,22,16,4,92,93,58,75,117,116,3,78" hai1="38,127,24,105,98,29,69,25,84,7,6,99,80" hai2="40,35,56,113,96,18,71,114,19,32,12,87,41" hai3="107,119,68,91,79,73,67,94,104,124,57,31,5"/><W54/><G119/><T64/><D135/><U85/><E127/><V123/><F71/><W122/><G124/><T8/><D93/><U34/><E38/><V62/><F123/><W45/><G122/><T128/><D128/><U126/><E126/><V70/><F70/><W90/><G5/><T48/><D92/><U88/><E69/><V106/><F87/><W77/><G31/><T109/><D109/><U125/><E125/><V23/><F96/><W61/><G45/><T121/><D121/><U50/><E25/><V20/><F106/><W55/><G55/><T36/><D36/><U49/><E85/><V110/><F110/><W46/><G46/><T2/><D2/><U108/><E108/><V47/><F62/><W59/><G68/><T115/><D115/><U53/><E50/><V52/><F47/><W131/><G131/><T97/><D97/><U76/><E99/><V30/><F56/><W28/><G28/><T111/><D111/><U101/><E76/><V33/><F30/><W27/><G27/><T17/><D17/><U81/><E81/><V89/><F89/><W10/><G10/><T83/><D83/><U13/><E13/><V132/><F52/><W43/><G43/><T60/><D48/><U51/><E49/><V39/><F35/><W26/><G26/><AGARI ba="0,0" hai="3,4,8,16,22,26,58,60,64,75,78,82,116,117" machi="26" ten="30,2000,0" yaku="7,1,54,1" doraHai="129" who="0" fromWho="3" sc="312,20,378,0,200,0,110,-20" owari="332,13.2,378,47.8,200,-20.0,90,-41.0" /></mjloggm>