<mjloggm ver="2.3"><GO type="225" lobby="0"/><UN n0="%E3%82%B7%E3%83%B3%E5%A4%AA%E6%9C%97" n1="%6D%75%75%6D%75%72%61" n2="%E3%83%97%E3%83%AC%E3%83%B4%E3%82%A1%E3%83%86%E3%82%A3" n3="%E3%82%B2%E3%82%B9%E8%8C%82%E5%8B%9D" dan="16,16,16,16" rate="2184.81,2109.25,2163.27,2058.00" sx="M,F,F,F"/><TAIKYOKU oya="0"/><INIT seed="0,0,0,3,1,110" ten="250,250,250,250" oya="0" hai0="115,64,97,45,9,70,68,59,46,19,121,112,126" hai1="135,107,47,62,21,127,7,50,48,55,51,91,56" hai2="27,49,134,89,125,90,29,87,6,31,32,120,80" hai3="71,124,114,103,81,5,61,43,130,95,38,57,39"/><T111/><D97/><U40/><E135/><V0/><F120/><W10/><G71/><N who="0" m="27179" /><D19/><U2/><E127/><V44/><F125/><W37/><G124/><T98/><D98/><U3/><E107/><V113/><F134/><W1/><G130/><T54/><D9/><U58/><E7/><V84/><F29/><W102/><G43/><T93/><D93/><U17/><E91/><V20/><F32/><W99/><G81/><T41/><D126/><U118/><E118/><V23/><F23/><W86/><G86/><T60/><D121/><U42/><E42/><V123/><F123/><W65/><REACH who="3" step="1"/><G103/><REACH who="3" ten="250,250,250,240" step="2"/><T24/><D111/><U22/><E22/><V76/><F87/><W129/><G129/><T52/><D24/><U104/><E104/><V133/><F133/><W33/><G33/><T4/><D4/><U66/><REACH who="1" step="1"/><E48/><REACH who="1" ten="250,240,250,240" step="2"/><V14/><F6/><W82/><G82/><T132/><D132/><U53/><E53/><N who="0" m="20585" /><D41/><U88/><E88/><V15/><F89/><W96/><G96/><T28/><D28/><U77/><E77/><V131/><F76/><W13/><G13/><AGARI ba="0,2" hai="2,3,13,17,21,40,47,50,51,55,56,58,62,66" machi="13" ten="30,3900,0" yaku="1,1,7,1,53,1" doraHai="110" doraHaiUra="63" who="1" fromWho="3" sc="250,0,240,59,250,0,240,-39" /><INIT seed="1,0,0,1,5,121" ten="250,299,250,201" oya="1" hai0="134,105,31,37,91,84,42,133,110,95,30,99,41" hai1="35,39,23,127,56,130,32,129,88,34,115,97,36" hai2="10,45,50,53,13,19,104,38,25,77,60,51,3" hai3="4,78,73,26,72,87,68,74,9,70,6,58,17"/><U0/><E115/><V15/><F104/><W93/><G58/><T20/><D110/><U101/><E127/><V111/><F38/><W108/><G108/><T69/><D69/><U114/><E114/><V92/><F111/><W106/><G106/><T76/><D37/><U21/><E0/><V103/><F3/><W44/><G44/><T123/><D123/><U24/><E101/><V135/><F135/><N who="0" m="51722" /><D76/><U18/><E56/><V94/><F77/><W116/><G116/><T59/><D59/><U81/><E23/><V119/><F119/><W100/><G100/><N who="0" m="62623" /><D20/><U2/><E2/><V5/><F60/><W52/><G52/><T75/><D75/><U89/><E39/><V124/><F124/><W109/><G109/><T14/><D14/><U90/><E36/><V27/><F51/><W29/><G78/><T62/><D62/><U71/><E71/><V65/><F65/><W112/><G112/><T98/><D98/><U120/><E120/><V22/><F103/><W128/><G68/><T96/><D96/><U11/><E97/><V82/><F82/><W28/><G70/><T61/><D61/><U80/><REACH who="1" step="1"/><E11/><REACH who="1" ten="250,289,250,201" step="2"/><V67/><F67/><W125/><G125/><T117/><D117/><U122/><E122/><V102/><F102/><W48/><G9/><T33/><D33/><U64/><E64/><V12/><F12/><W55/><G26/><AGARI ba="0,1" hai="5,10,13,15,19,22,25,26,27,45,50,53,92,94" machi="26" ten="40,1300,0" yaku="8,1" doraHai="121" who="2" fromWho="3" sc="250,0,289,0,250,23,201,-13" /><INIT seed="2,0,0,3,0,2" ten="250,289,273,188" oya="2" hai0="120,71,97,113,94,117,0,79,108,68,106,54,66" hai1="104,41,121,12,130,27,134,80,95,112,131,122,124" hai2="16,109,119,25,30,84,74,35,133,126,75,81,101" hai3="33,18,77,22,88,115,47,110,129,26,42,83,13"/><V99/><F119/><W24/><G110/><T1/><D117/><U52/><E104/><V11/><F109/><W87/><G129/><N who="1" m="49162" /><E41/><V55/><F133/><W96/><G115/><T76/><D108/><U65/><E112/><V36/><F36/><W7/><G33/><T34/><D34/><U100/><E65/><V63/><F126/><W32/><G32/><T111/><D106/><U5/><E134/><V44/><F63/><W4/><G24/><T82/><D111/><U48/><E27/><V69/><F69/><W114/><G26/><T67/><D120/><U73/><E124/><V39/><F39/><W64/><G64/><T49/><D113/><U92/><E80/><V14/><F99/><W9/><G22/><T85/><D76/><U53/><E73/><V107/><F107/><W116/><G114/><T29/><D29/><U98/><E92/><V56/><F101/><W37/><G116/><T40/><D40/><U91/><E100/><V103/><F103/><W17/><G18/><T125/><D125/><U51/><E51/><V43/><F43/><W123/><G123/><N who="1" m="47114" /><E48/><N who="2" m="29063" /><F56/><W59/><REACH who="3" step="1"/><G59/><REACH who="3" ten="250,289,273,178" step="2"/><N who="0" m="33231" /><D67/><U78/><E78/><V8/><F8/><AGARI ba="0,1" hai="5,8,12,52,53,91,95,98" m="47114,49162" machi="8" ten="30,7700,0" yaku="19,1,13,1,52,1,54,1" doraHai="2" who="1" fromWho="2" sc="250,0,289,87,273,-77,178,0" /><INIT seed="3,0,0,1,0,113" ten="250,376,196,178" oya="3" hai0="47,7,65,104,60,102,108,23,134,92,48,0,35" hai1="125,34,17,19,76,67,46,42,79,129,53,117,130" hai2="90,83,14,39,45,96,87,59,132,107,131,133,127" hai3="70,10,27,31,123,11,118,88,40,98,111,106,84"/><W32/><G123/><T124/><D35/><U22/><E125/><V71/><F71/><W36/><G70/><T44/><D104/><U9/><E34/><V85/><F127/><W74/><G74/><T12/><D124/><U2/><E67/><V119/><F119/><W95/><G111/><T81/><D134/><N who="2" m="51818" /><F59/><W91/><G118/><T62/><D108/><U50/><E117/><V51/><F39/><W15/><G106/><T29/><D0/><U78/><E53/><N who="2" m="29935" /><F131/><N who="1" m="50185" /><E22/><V121/><F121/><W5/><G10/><T115/><D81/><U58/><E58/><V94/><F107/><W110/><G110/><T128/><D7/><AGARI ba="0,0" hai="2,7,9,17,19,42,46,50,76,78,79" m="50185" machi="7" ten="30,1000,0" yaku="19,1" doraHai="113" who="1" fromWho="0" sc="250,-10,376,10,196,0,178,0" owari="240,4.0,386,48.6,196,-20.4,178,-32.2" /></mjloggm>