<mjloggm ver="2.3"><GO type="225" lobby="0"/><UN n0="%4C%4F%4C%49%54%41" n1="%E5%B0%8F%E9%B3%A5%E9%81%8A%E7%B7%B4%E7%84%A1%32%31%E6%AD%B3" n2="%E5%A4%96%E5%B7%9D%E7%AB%9C%E6%88%90" n3="%4B%2E%32%2E%4B%2E" dan="16,16,16,16" rate="2143.68,2149.42,2210.34,2217.68" sx="F,F,M,M"/><TAIKYOKU oya="0"/><INIT seed="0,0,0,1,0,86" ten="250,250,250,250" oya="0" hai0="33,28,104,85,11,53,73,78,87,15,72,129,92" hai1="48,22,7,74,95,120,31,61,4,94,52,54,46" hai2="132,9,39,8,98,63,108,109,40,0,105,26,19" hai3="117,1,77,58,115,83,64,79,113,81,47,101,96"/><T126/><D104/><U18/><E120/><V41/><F132/><W42/><G1/><T124/><D129/><U68/><E31/><V59/><F0/><W30/><G30/><T51/><D33/><U121/><E74/><N who="0" m="28777" /><D78/><U37/><E121/><V50/><F50/><W60/><G117/><T88/><D28/><U56/><E37/><V103/><F39/><W14/><G79/><T12/><D11/><N who="2" m="4170" /><F19/><W55/><G77/><T102/><D102/><U112/><E68/><V17/><F26/><W93/><G14/><T131/><D85/><U82/><E82/><V89/><F17/><W111/><G83/><T29/><D29/><U6/><REACH who="1" step="1"/><E112/><REACH who="1" ten="250,240,250,250" step="2"/><V34/><F34/><W66/><G113/><T130/><D131/><U75/><E75/><V20/><F109/><W76/><G111/><T114/><D130/><U32/><E32/><V43/><F108/><W65/><G115/><T27/><D114/><U16/><E16/><V38/><F38/><W36/><G81/><T127/><D27/><AGARI ba="0,1" hai="4,6,7,18,22,27,46,48,52,54,56,61,94,95" machi="27" ten="40,5200,0" yaku="1,1,8,1,54,1,53,0" doraHai="86" doraHaiUra="106" who="1" fromWho="0" sc="250,-52,240,62,250,0,250,0" /><INIT seed="1,0,0,3,5,54" ten="198,302,250,250" oya="1" hai0="36,37,52,71,56,6,60,19,28,29,16,11,121" hai1="73,86,127,15,17,58,130,18,62,2,57,13,45" hai2="68,14,9,133,126,53,106,88,125,119,22,33,115" hai3="110,94,74,108,113,109,3,32,118,59,89,7,26"/><U101/><E73/><V112/><F68/><W12/><G113/><N who="2" m="43593" /><F106/><W131/><G131/><T0/><D121/><U30/><E2/><V75/><F75/><W96/><G118/><T10/><D71/><U69/><E130/><V77/><F77/><W23/><G74/><T99/><D99/><U47/><E30/><V78/><F78/><W129/><G129/><T64/><D64/><U20/><E127/><N who="2" m="48651" /><F33/><W111/><G111/><T107/><D107/><U84/><E101/><V135/><F119/><W46/><G32/><T79/><D79/><U31/><E31/><V116/><F116/><W8/><G110/><T132/><D132/><N who="2" m="50762" /><F53/><W76/><G76/><T85/><D85/><N who="1" m="32875" /><E69/><V1/><F1/><W61/><G3/><T97/><D97/><U41/><E62/><V40/><F40/><W35/><G35/><T114/><D114/><U49/><E45/><V91/><F22/><AGARI ba="0,0" hai="13,15,17,18,20,22,41,47,49,57,58" m="32875" machi="22" ten="30,5800,0" yaku="8,1,52,2" doraHai="54" who="1" fromWho="2" sc="198,0,302,58,250,-58,250,0" /><INIT seed="1,1,0,3,2,41" ten="198,360,192,250" oya="1" hai0="134,35,98,56,25,38,52,95,30,122,81,0,8" hai1="29,34,106,45,132,60,108,100,61,58,1,130,97" hai2="131,120,89,110,91,124,68,85,84,53,71,96,13" hai3="55,50,113,4,65,116,2,76,3,54,123,64,21"/><U43/><E130/><V66/><F120/><W83/><G123/><T48/><D122/><U107/><E132/><V125/><F131/><W27/><G113/><T69/><D69/><N who="2" m="26698" /><F66/><W93/><G116/><T70/><D70/><U63/><E1/><V24/><F13/><W102/><G65/><T103/><D134/><U22/><E34/><V5/><F5/><W129/><G64/><T20/><D38/><U9/><E9/><V82/><F110/><W33/><G33/><T39/><D39/><U18/><E29/><V112/><F24/><W19/><G129/><T114/><D114/><U17/><E108/><V67/><F67/><W105/><G105/><T14/><D0/><U78/><E78/><N who="2" m="46167" /><F53/><W10/><G50/><T23/><REACH who="0" step="1"/><D81/><REACH who="0" ten="188,360,192,250" step="2"/><U119/><E119/><V46/><F112/><W7/><G2/><T47/><D47/><U51/><E58/><V99/><F46/><W31/><G3/><T42/><D42/><U44/><E44/><V80/><F91/><W92/><G83/><T135/><D135/><U36/><E36/><V117/><F117/><W121/><G121/><T111/><D111/><U12/><E107/><V59/><F59/><W49/><G76/><T73/><D73/><U127/><E106/><V90/><F90/><W115/><G115/><T77/><D77/><U37/><E37/><V40/><F40/><W16/><G102/><T57/><D57/><U87/><E100/><V32/><F32/><W101/><G101/><T118/><D118/><U75/><E43/><V79/><F79/><W6/><G92/><T104/><D104/><U86/><E75/><RYUUKYOKU ba="1,1" sc="188,15,360,-15,192,15,250,-15" hai0="8,14,20,23,25,30,35,48,52,56,95,98,103" hai2="80,85,89,96,99,124,125" /><INIT seed="2,2,1,1,2,21" ten="203,345,207,235" oya="2" hai0="64,71,123,30,59,126,124,108,55,44,17,96,99" hai1="62,57,69,100,20,77,49,117,32,133,51,38,3" hai2="5,94,66,101,79,58,12,72,67,4,34,76,106" hai3="80,63,61,103,119,105,33,31,8,52,87,132,88"/><V104/><F34/><W74/><G119/><T19/><D123/><U54/><E32/><V109/><F109/><W35/><G132/><T111/><D30/><U81/><E117/><V29/><F29/><W7/><G74/><T98/><D71/><U13/><E3/><V45/><F45/><W118/><G118/><T134/><D64/><N who="2" m="24618" /><F72/><W36/><G36/><T127/><D44/><U92/><E38/><V10/><F106/><W113/><G113/><T82/><D82/><U50/><E69/><V83/><F104/><W15/><G35/><T84/><D84/><U48/><E133/><V28/><F28/><W121/><G121/><T2/><D2/><U115/><E115/><V68/><F68/><W73/><G73/><T40/><D40/><U125/><E125/><V97/><F58/><W75/><G75/><T122/><D122/><U39/><E39/><V25/><F4/><W110/><G110/><N who="0" m="42027" /><D134/><U102/><E92/><V116/><F116/><W85/><G31/><T43/><D43/><U1/><E1/><V65/><N who="2" m="24626" /><V0/><DORA hai="130" /><F0/><W27/><G33/><T114/><D114/><U135/><E135/><V42/><F42/><W78/><G105/><T89/><D89/><U26/><E77/><N who="2" m="29771" /><F83/><W107/><G107/><T41/><D41/><U24/><N who="1" m="12288" /><DORA hai="46" /><U53/><E81/><V90/><F90/><W131/><G80/><T16/><D124/><U23/><E54/><V112/><F112/><W128/><G78/><T129/><D129/><U22/><E13/><V11/><F25/><AGARI ba="2,1" hai="20,22,23,24,25,26,53,57,62,100,102" m="12288" machi="25" ten="60,16000,3" yaku="8,1,52,7" doraHai="21,130,46" who="1" fromWho="2" sc="203,0,345,176,207,-166,235,0" /><INIT seed="3,0,0,3,4,42" ten="203,521,41,235" oya="3" hai0="39,51,79,40,94,98,69,15,96,1,38,11,103" hai1="127,81,29,60,66,105,102,56,82,116,132,34,52" hai2="75,86,54,21,0,83,109,135,92,88,87,25,108" hai3="32,101,55,106,72,59,100,99,76,41,46,104,123"/><W95/><G123/><T74/><D69/><U117/><E127/><V26/><F0/><W68/><G68/><T70/><D70/><U10/><E10/><V77/><F54/><W20/><G32/><T22/><D1/><U37/><E37/><V44/><F25/><W8/><G76/><T107/><D79/><U129/><E132/><V61/><F61/><W14/><G72/><T67/><D67/><U85/><E129/><V45/><F75/><W6/><G100/><T27/><D74/><U63/><E29/><V120/><F120/><W91/><G101/><T23/><D51/><U118/><E34/><V124/><F124/><W89/><G89/><T114/><D114/><U31/><E31/><V57/><F135/><W12/><G20/><T134/><D134/><U133/><E133/><V43/><F43/><W115/><G14/><T126/><D126/><U128/><E128/><V121/><F121/><W35/><G35/><T7/><D40/><U93/><E105/><V111/><REACH who="2" step="1"/><F57/><REACH who="2" ten="203,521,31,235" step="2"/><W110/><G59/><T13/><D27/><U113/><E113/><V78/><F78/><W47/><G55/><T53/><D53/><U4/><E4/><V18/><AGARI ba="0,1" hai="18,21,26,44,45,77,83,86,87,88,92,108,109,111" machi="18" ten="30,12000,2" yaku="1,1,0,1,14,1,52,2,54,1,53,0" doraHai="42" doraHaiUra="112" who="2" fromWho="2" sc="203,-30,521,-30,31,130,235,-60" owari="173,-22.7,491,59.1,161,-33.9,175,-2.5" /></mjloggm>