<mjloggm ver="2.3"><GO type="225" lobby="0"/><UN n0="%43%68%65" n1="%E7%89%B9%E6%9D%B1%E3%81%AF%E4%B8%96%E7%95%8C%E3%82%92%E6%95%91%E3%81%86" n2="%E8%B7%AF%E9%9C%B8" n3="%6D%75%75%6D%75%72%61" dan="16,16,17,17" rate="2089.94,2115.83,2203.12,2197.76" sx="M,M,M,F"/><TAIKYOKU oya="0"/><INIT seed="0,0,0,4,5,52" ten="250,250,250,250" oya="0" hai0="103,34,58,77,24,35,14,67,15,68,93,114,129" hai1="117,78,106,72,95,4,98,55,73,91,32,40,135" hai2="7,17,16,33,9,12,64,37,79,31,132,81,94" hai3="85,115,51,5,110,71,48,119,75,134,11,59,23"/><T69/><D114/><U36/><E32/><V74/><F37/><W26/><G75/><T61/><D77/><U62/><E117/><V123/><F123/><W86/><G71/><T50/><D129/><U30/><E30/><V108/><F132/><W27/><G115/><T122/><D122/><U111/><E135/><V63/><F108/><W124/><G134/><T10/><D15/><U82/><E111/><V43/><F43/><W76/><G119/><T38/><D38/><U90/><E4/><V133/><F133/><W97/><G124/><T87/><D103/><U70/><E106/><V100/><F31/><W39/><G39/><T19/><D24/><U29/><E29/><V126/><F33/><W8/><G97/><T127/><D69/><U2/><E2/><V120/><F120/><W41/><G110/><T112/><D112/><U13/><E13/><V105/><F105/><W131/><G131/><T84/><D84/><N who="3" m="32361" /><G76/><T46/><D68/><U99/><E73/><V107/><F107/><W28/><G26/><T66/><D66/><N who="1" m="41303" /><E55/><V128/><F126/><W25/><G25/><T104/><D104/><U130/><E130/><V92/><F128/><W44/><G5/><T57/><D127/><U113/><E113/><V101/><F101/><W125/><G125/><T53/><REACH who="0" step="1"/><D46/><REACH who="0" ten="240,250,250,250" step="2"/><N who="1" m="23815" /><E90/><AGARI ba="0,1" hai="10,14,19,34,35,50,53,57,58,61,67,87,90,93" machi="90" ten="40,12000,1" yaku="1,1,52,2,53,1" doraHai="52" doraHaiUra="47" who="0" fromWho="1" sc="240,130,250,-120,250,0,250,0" /><INIT seed="0,1,0,1,3,108" ten="370,130,250,250" oya="0" hai0="131,16,21,118,78,53,117,125,107,130,1,103,126" hai1="35,51,135,45,48,95,11,70,18,79,94,65,115" hai2="90,77,91,23,52,121,43,93,7,24,49,123,39" hai3="56,97,36,19,87,80,74,109,14,122,27,41,73"/><T106/><D1/><U85/><E35/><V99/><F77/><W119/><G109/><T124/><D78/><U40/><E135/><V86/><F7/><W62/><G119/><N who="0" m="45579" /><D53/><U72/><E72/><V112/><F112/><W102/><G122/><T61/><D61/><U120/><E120/><V67/><F67/><W75/><G36/><T42/><D42/><U88/><E115/><V110/><F110/><W22/><G41/><T6/><D6/><U10/><E51/><V82/><F43/><W69/><G69/><T128/><D103/><U76/><E95/><V12/><F12/><AGARI ba="1,0" hai="12,16,21,106,107,124,125,126,128,130,131" m="45579" machi="12" ten="40,7700,0" yaku="18,1,19,1,54,1" doraHai="108" who="0" fromWho="2" sc="370,80,130,0,250,-80,250,0" /><INIT seed="0,2,0,1,0,75" ten="450,130,170,250" oya="0" hai0="100,96,76,55,129,53,87,104,120,108,101,41,59" hai1="67,15,135,110,79,30,132,24,116,22,102,94,91" hai2="125,0,12,40,31,73,66,13,122,81,106,4,84" hai3="90,126,61,7,78,128,29,47,60,11,127,20,121"/><T134/><D120/><U28/><E116/><V105/><F122/><W5/><G121/><T17/><D41/><U62/><E110/><V103/><F125/><N who="3" m="47627" /><G128/><T88/><D101/><U16/><E102/><V58/><F73/><W10/><G90/><T113/><D113/><U45/><E45/><V82/><F40/><W83/><G47/><T77/><D129/><U111/><E111/><V123/><F123/><W25/><G11/><T107/><D107/><U93/><E79/><V21/><F0/><N who="3" m="295" /><G7/><T32/><D32/><U74/><E74/><AGARI ba="2,0" hai="20,25,29,60,61,74,78,83" m="295,47627" machi="74" ten="30,2000,0" yaku="18,1,52,1" doraHai="75" who="3" fromWho="1" sc="450,0,130,-26,170,0,250,26" /><INIT seed="1,0,0,0,2,134" ten="450,104,170,276" oya="1" hai0="4,66,12,112,61,88,3,128,83,104,130,56,47" hai1="29,96,90,70,35,51,62,23,76,86,89,82,32" hai2="74,15,52,100,21,48,98,28,26,72,18,108,33" hai3="123,63,122,131,50,5,57,16,53,102,79,126,14"/><U22/><E32/><V81/><F81/><W31/><G131/><T55/><D3/><U119/><E119/><V92/><REACH who="2" step="1"/><F108/><REACH who="2" ten="450,104,160,276" step="2"/><W99/><G122/><T133/><D83/><U17/><E35/><V60/><F60/><W13/><G123/><T19/><D61/><U105/><E51/><V116/><F116/><W111/><G111/><T46/><D128/><U59/><E70/><V49/><F49/><W121/><G121/><T101/><D130/><U84/><E105/><V117/><F117/><W80/><G63/><T106/><D106/><U25/><E96/><V103/><F103/><W71/><G71/><T125/><D101/><U39/><E39/><V115/><F115/><W2/><G102/><T93/><D104/><U1/><E1/><V8/><F8/><W118/><G99/><T69/><D112/><U10/><E10/><V34/><F34/><W78/><G118/><T73/><D69/><U11/><E11/><V132/><F132/><W30/><G2/><T77/><D133/><U127/><E86/><V97/><F97/><W65/><G80/><T58/><D73/><U43/><E43/><V38/><F38/><W37/><G37/><T64/><D93/><U109/><E109/><V9/><F9/><W75/><G75/><T42/><D42/><U87/><E87/><V110/><F110/><W44/><G50/><T67/><D77/><U113/><E113/><V85/><F85/><W27/><G78/><T7/><D88/><U40/><E40/><V129/><F129/><W0/><G79/><T54/><D7/><U114/><E114/><V41/><F41/><RYUUKYOKU ba="0,1" sc="450,-10,104,-10,160,30,276,-10" hai2="15,18,21,26,28,33,48,52,72,74,92,98,100" /><INIT seed="2,1,1,2,4,13" ten="440,94,190,266" oya="2" hai0="54,94,8,19,105,5,118,123,12,56,40,46,62" hai1="132,91,102,106,7,76,14,11,108,74,57,60,42" hai2="121,61,32,114,103,75,83,28,4,41,97,31,119" hai3="67,124,116,49,99,0,25,122,98,69,37,35,47"/><V135/><F119/><W77/><G116/><T72/><D105/><U59/><E108/><V133/><F121/><W44/><G122/><T81/><D118/><U23/><E132/><N who="2" m="50763" /><F114/><W6/><G124/><T21/><D123/><U22/><E42/><V90/><F41/><W1/><G37/><T70/><D70/><U87/><E74/><V52/><F4/><W38/><G38/><T80/><D72/><U26/><E76/><N who="2" m="44447" /><F90/><W113/><G113/><T20/><D20/><U33/><E33/><V30/><F32/><W93/><G77/><T86/><D94/><U17/><E22/><V125/><F125/><W131/><G93/><T101/><D101/><U36/><E36/><V29/><F29/><W73/><G6/><T43/><D46/><U24/><E24/><V66/><F52/><W92/><G47/><T126/><D126/><U10/><E10/><V51/><F51/><W15/><G49/><T71/><D81/><U2/><E26/><V88/><F88/><W63/><G44/><T34/><D34/><U53/><E53/><V39/><F39/><W18/><G25/><T110/><D110/><U129/><E91/><V95/><F30/><W50/><G50/><T64/><D80/><U100/><E87/><V130/><F130/><W111/><G131/><T112/><D86/><U3/><E129/><V89/><F89/><W9/><G111/><T45/><D112/><U85/><E85/><V16/><F16/><W55/><G35/><T120/><D120/><U128/><E128/><V27/><F27/><W134/><G134/><T58/><D43/><U107/><E7/><RYUUKYOKU ba="1,1" sc="440,-10,94,-10,190,30,266,-10" hai2="28,31,61,66,95,97,103" /><INIT seed="2,2,1,0,4,25" ten="430,84,220,256" oya="2" hai0="76,37,32,84,7,105,28,99,57,14,34,45,120" hai1="18,88,55,123,113,117,108,82,115,119,16,38,3" hai2="2,6,26,133,11,69,39,52,98,5,79,27,85" hai3="75,81,121,96,130,109,50,59,114,1,92,8,19"/><V44/><F133/><W42/><G121/><T73/><D73/><U10/><E38/><V116/><F69/><W63/><G109/><T126/><D120/><U91/><E123/><V48/><F116/><W23/><G130/><T56/><D105/><U13/><E3/><V47/><F6/><W22/><G114/><T124/><D99/><U40/><E40/><V65/><F65/><W68/><G68/><T9/><D37/><U15/><E82/><V87/><F98/><W4/><G75/><T102/><D102/><U135/><E55/><V78/><F85/><W62/><G81/><N who="0" m="47143" /><D45/><U90/><E90/><V127/><F127/><N who="0" m="48682" /><D28/><U66/><E66/><V53/><F87/><W64/><G96/><T60/><D57/><U122/><E122/><V20/><F39/><W129/><G129/><T12/><D14/><U61/><E61/><V94/><F94/><W43/><G92/><T93/><D93/><U110/><REACH who="1" step="1"/><E10/><REACH who="1" ten="430,74,220,256" step="2"/><V132/><F132/><AGARI ba="2,2" hai="13,15,16,18,88,91,108,110,113,115,117,119,132,135" machi="132" ten="25,12000,2" yaku="1,1,2,1,22,2,54,2,53,0" doraHai="25" doraHaiUra="35" who="1" fromWho="2" sc="430,0,74,146,220,-126,256,0" /><INIT seed="3,0,0,2,0,36" ten="430,220,94,256" oya="3" hai0="130,120,21,31,102,80,59,65,29,30,131,22,100" hai1="113,7,19,62,47,68,74,16,4,133,10,129,103" hai2="114,58,95,67,93,123,119,81,92,108,110,33,42" hai3="135,55,45,118,26,66,121,75,78,76,2,23,105"/><W106/><G118/><T72/><D120/><U89/><E113/><V11/><F119/><W70/><G2/><T28/><D28/><U50/><E74/><V39/><F33/><W96/><G135/><T44/><D44/><U40/><E133/><V51/><F123/><W98/><G70/><T37/><D37/><U124/><E129/><N who="0" m="49161" /><D59/><U116/><E116/><V56/><F114/><W35/><G35/><T14/><D65/><U41/><E124/><V1/><F39/><W82/><G66/><T79/><D14/><N who="1" m="7255" /><E68/><V87/><F1/><W101/><G78/><T64/><D64/><U38/><E38/><V94/><N who="2" m="23552" /><DORA hai="57" /><V97/><F11/><W127/><G127/><T88/><D88/><U91/><E103/><AGARI ba="0,0" hai="21,22,29,30,31,72,79,80,100,102,103" m="49161" machi="103" ten="30,1000,0" yaku="19,1" doraHai="36,57" who="0" fromWho="1" sc="430,10,220,-10,94,0,256,0" owari="440,54.0,210,-19.0,94,-40.6,256,5.6" /></mjloggm>