<mjloggm ver="2.3"><GO type="225" lobby="0"/><UN n0="%72%61%6B%33" n1="%E9%B3%B3%E6%9D%B1%E3%81%AE%E3%81%86%E3%81%95%E3%81%8E%E3%81%95%E3%82%93" n2="%6D%61%74%69%67%75%73%61" n3="%E3%81%B5%E3%81%98%E3%81%8B%E3%81%A4" dan="16,17,17,16" rate="2066.25,2241.96,2201.01,2111.50" sx="M,M,M,M"/><TAIKYOKU oya="0"/><INIT seed="0,0,0,5,0,75" ten="250,250,250,250" oya="0" hai0="74,57,106,31,22,120,101,94,81,2,69,58,10" hai1="82,77,36,54,72,128,15,85,45,117,96,111,135" hai2="65,16,127,134,98,95,38,33,88,7,9,76,124" hai3="5,46,24,51,53,28,107,79,0,49,121,50,20"/><T122/><D69/><U52/><E117/><V34/><F38/><W8/><G107/><T47/><D106/><U68/><E111/><V86/><F65/><W44/><G121/><T90/><D101/><U62/><E128/><V1/><F134/><W64/><G64/><T108/><D108/><U67/><E135/><V35/><REACH who="2" step="1"/><F16/><REACH who="2" ten="250,250,240,250" step="2"/><W84/><REACH who="3" step="1"/><G44/><REACH who="3" ten="250,250,240,240" step="2"/><T115/><D47/><U87/><E45/><V17/><F17/><W21/><G21/><T25/><D22/><U105/><E67/><V42/><F42/><W92/><G92/><T18/><D94/><U12/><E105/><V97/><F97/><W4/><G4/><T116/><D18/><U110/><E96/><V48/><F48/><W19/><G19/><T133/><D133/><U100/><E110/><V63/><F63/><W6/><G6/><T99/><D99/><U104/><E62/><V56/><F56/><W113/><G113/><T112/><D57/><U60/><E60/><V41/><F41/><W114/><G114/><T39/><D58/><U37/><E104/><V27/><F27/><W13/><G13/><T103/><D115/><U30/><E12/><V93/><F93/><W89/><G89/><T55/><D90/><U3/><E15/><V118/><F118/><W130/><G130/><T70/><D116/><U83/><E37/><V11/><F11/><W109/><G109/><T32/><D39/><U23/><E36/><V91/><F91/><W14/><G14/><T43/><D112/><U132/><E132/><V129/><F129/><W40/><G40/><T61/><D43/><U119/><E119/><RYUUKYOKU ba="0,2" sc="250,-15,250,-15,240,15,240,15" hai2="1,7,9,33,34,35,76,86,88,95,98,124,127" hai3="0,5,8,20,24,28,46,49,50,51,53,79,84" /><INIT seed="1,1,2,3,4,20" ten="235,235,255,255" oya="1" hai0="75,116,11,84,85,97,51,118,128,54,131,91,125" hai1="70,16,99,2,59,107,8,35,101,9,130,65,19" hai2="53,117,5,109,88,6,0,122,36,64,48,4,45" hai3="28,94,79,7,46,124,17,112,72,60,96,134,44"/><U22/><E35/><V87/><F117/><W58/><G112/><T32/><D32/><U73/><E130/><N who="0" m="49705" /><D75/><U38/><E70/><V13/><F122/><W14/><G124/><T126/><D11/><U66/><E38/><V15/><F0/><W90/><G134/><T132/><D132/><U55/><E73/><V33/><F109/><W114/><G114/><T25/><D25/><N who="1" m="14535" /><E107/><V135/><F135/><W34/><G7/><T115/><D115/><U102/><E2/><V52/><F36/><W108/><G108/><T29/><D29/><U76/><E76/><V74/><F74/><W27/><G79/><T24/><D24/><U127/><E127/><N who="0" m="48649" /><D51/><N who="1" m="31231" /><E8/><V98/><F33/><W47/><G72/><T77/><D54/><U78/><E78/><V56/><F53/><W113/><G113/><T3/><D3/><U80/><E80/><V40/><F52/><W110/><G110/><T95/><D77/><U49/><E49/><V104/><F48/><W69/><G69/><T120/><D120/><U123/><E123/><V119/><F119/><AGARI ba="1,2" hai="84,85,91,95,97,116,118,119" m="48649,49705" machi="119" ten="40,8000,1" yaku="19,1,18,1,34,2" doraHai="20" who="0" fromWho="2" sc="235,103,235,0,255,-83,255,0" /><INIT seed="2,0,0,1,0,120" ten="338,235,172,255" oya="2" hai0="66,46,8,38,62,72,129,79,76,100,84,10,29" hai1="135,71,114,55,36,12,33,81,45,47,130,118,70" hai2="28,48,52,17,110,105,60,109,103,80,51,39,90" hai3="41,32,69,73,97,128,131,20,7,78,115,113,61"/><V123/><F39/><W22/><G41/><T31/><D72/><U96/><E33/><V1/><F123/><W77/><G32/><T49/><D38/><U93/><E114/><N who="3" m="43530" /><G7/><T43/><D129/><N who="3" m="49737" /><G97/><T18/><D100/><U44/><E96/><V9/><F28/><W35/><G35/><T30/><D84/><U98/><E98/><V50/><F103/><W6/><G6/><T59/><D18/><U15/><E130/><V99/><F105/><W21/><G73/><T0/><D0/><U88/><E36/><V92/><F80/><W25/><G25/><T67/><D67/><AGARI ba="0,0" hai="20,21,22,61,67,69,77,78" m="49737,43530" machi="67" ten="40,2600,0" yaku="11,1,19,1" doraHai="120" who="3" fromWho="0" sc="338,-26,235,0,172,0,255,26" /><INIT seed="3,0,0,0,3,39" ten="312,235,172,281" oya="3" hai0="97,50,48,44,106,89,10,130,67,0,104,112,1" hai1="17,25,40,47,74,12,30,121,53,57,22,87,68" hai2="113,134,101,73,122,133,78,32,8,135,21,124,36" hai3="38,90,19,63,88,114,102,109,6,23,126,75,41"/><W55/><G114/><T131/><D67/><U132/><E74/><V61/><F32/><W99/><G75/><T128/><D112/><U71/><E121/><V43/><F113/><W33/><G33/><T93/><D48/><N who="1" m="26727" /><E68/><V108/><F108/><W11/><G126/><T79/><D79/><U2/><E2/><N who="0" m="1129" /><D10/><U119/><E71/><V96/><F124/><W111/><G38/><T116/><D116/><U56/><E132/><V118/><F118/><W103/><G6/><T16/><D16/><N who="1" m="12487" /><E119/><V100/><F122/><W52/><G11/><T86/><D86/><U18/><E30/><V72/><F8/><W84/><G41/><AGARI ba="0,0" hai="41,44,50,89,93,97,104,106,128,130,131" m="1129" machi="41" ten="40,2600,0" yaku="19,1,52,1" doraHai="39" who="0" fromWho="3" sc="312,26,235,0,172,0,281,-26" owari="338,43.8,235,-16.5,172,-32.8,255,5.5" /></mjloggm>