<mjloggm ver="2.3"><GO type="225" lobby="0"/><UN n0="%E3%81%8F%E3%81%BE%E3%81%96%E3%82%8F" n1="%4D%50%43%32%38%30%30" n2="%72%61%6B%33" n3="%E5%B8%86%E7%AB%8B%E5%A4%8F%E8%A1%A3" dan="16,16,16,16" rate="2064.35,2107.90,2175.72,2124.81" sx="M,M,M,M"/><TAIKYOKU oya="0"/><INIT seed="0,0,0,1,1,130" ten="250,250,250,250" oya="0" hai0="39,86,98,125,55,91,111,61,79,84,24,14,132" hai1="119,117,81,124,99,20,134,126,41,63,17,102,112" hai2="34,58,37,66,92,97,56,96,69,95,26,13,51" hai3="90,68,40,108,30,54,2,109,129,7,28,60,120"/><T5/><D125/><N who="1" m="48235" /><E41/><V87/><F37/><W76/><G76/><T48/><D111/><N who="3" m="42569" /><G40/><T19/><D39/><U33/><E33/><V103/><F87/><W114/><G114/><T122/><D122/><U65/><E81/><V85/><F85/><W23/><G129/><T77/><D98/><U9/><E9/><V59/><F13/><W44/><G120/><T67/><D5/><U93/><E134/><V27/><F34/><W0/><G90/><T110/><D132/><U74/><E74/><V101/><REACH who="2" step="1"/><F51/><REACH who="2" ten="250,250,240,250" step="2"/><N who="3" m="29031" /><G23/><T50/><D110/><U47/><E112/><V83/><F83/><W127/><G127/><T64/><D50/><U82/><E82/><V32/><F32/><W18/><G2/><T123/><D48/><U8/><E8/><V89/><F89/><W70/><G0/><T133/><D91/><U46/><E119/><V3/><F3/><W88/><G88/><T57/><D123/><U6/><E117/><V121/><F121/><W29/><G7/><T25/><D133/><U10/><E10/><V49/><F49/><W78/><G78/><N who="0" m="29707" /><D14/><N who="1" m="9271" /><E6/><V35/><F35/><W135/><G135/><T115/><D115/><U16/><E47/><V52/><F52/><W1/><G1/><T118/><D118/><U128/><E46/><V113/><F113/><W36/><G36/><T45/><D45/><U71/><E128/><V72/><F72/><W22/><G60/><AGARI ba="0,1" hai="26,27,56,58,59,60,66,69,92,95,96,97,101,103" machi="60" ten="40,2600,0" yaku="1,1,9,1,53,0" doraHai="130" doraHaiUra="104" who="2" fromWho="3" sc="250,0,250,0,240,36,250,-26" /><INIT seed="1,0,0,4,0,22" ten="250,250,276,224" oya="1" hai0="6,126,10,97,44,36,49,1,79,18,91,28,66" hai1="67,26,96,86,16,100,127,24,82,59,61,47,133" hai2="43,38,132,25,87,130,76,41,48,115,77,80,34" hai3="129,107,89,72,69,68,32,70,7,11,78,46,88"/><U53/><E133/><V119/><F119/><W23/><G129/><T93/><D126/><U123/><E123/><V64/><F130/><W122/><G122/><T55/><D79/><N who="1" m="46431" /><E127/><V19/><F132/><W45/><G32/><T14/><D66/><U62/><E62/><V113/><F38/><W73/><G107/><T3/><D36/><U27/><E100/><V116/><F116/><W12/><G78/><T84/><D28/><U42/><E96/><V109/><F77/><W101/><G101/><T50/><D97/><U35/><E35/><V112/><F64/><W106/><G106/><T9/><D50/><N who="1" m="26999" /><E67/><V30/><F48/><W131/><G131/><T121/><D121/><U114/><E114/><V104/><F104/><W85/><G89/><T111/><D111/><U15/><E27/><N who="2" m="18783" /><F109/><W40/><G72/><T52/><REACH who="0" step="1"/><D1/><REACH who="0" ten="240,250,276,224" step="2"/><U58/><E58/><V103/><F103/><W83/><G73/><T128/><D128/><U39/><E39/><V95/><F115/><W54/><G40/><AGARI ba="0,1" hai="3,6,9,10,14,18,40,44,49,52,55,84,91,93" machi="40" ten="30,3900,0" yaku="1,1,7,1,54,1,53,0" doraHai="22" doraHaiUra="57" who="0" fromWho="3" sc="240,49,250,0,276,0,224,-39" /><INIT seed="2,0,0,4,2,93" ten="289,250,276,185" oya="2" hai0="41,94,31,51,110,107,130,43,99,13,4,39,106" hai1="82,91,68,120,35,61,119,108,45,126,6,28,127" hai2="90,11,111,59,69,8,104,133,71,70,55,103,19" hai3="121,32,58,63,0,97,20,17,92,56,116,2,47"/><V60/><F133/><W57/><G116/><T100/><D110/><U52/><E119/><V67/><F111/><W24/><G121/><T42/><D39/><U48/><E108/><V87/><F67/><W44/><G32/><T22/><D130/><U62/><E120/><V96/><REACH who="2" step="1"/><F19/><REACH who="2" ten="289,250,266,185" step="2"/><W113/><G113/><T78/><D107/><U129/><E129/><V77/><F77/><W84/><G0/><T3/><D106/><U135/><E135/><V109/><F109/><W117/><G2/><T66/><D78/><U9/><E126/><V23/><F23/><W98/><G117/><T74/><D66/><U131/><E127/><V40/><F40/><W30/><G17/><T14/><D3/><U95/><E131/><V86/><F86/><W12/><G12/><T1/><D1/><U89/><E35/><V118/><F118/><W76/><G63/><T5/><D74/><U15/><E28/><V80/><AGARI ba="0,1" hai="8,11,55,59,60,69,70,71,80,87,90,96,103,104" machi="80" ten="30,6000,0" yaku="1,1,0,1,52,1,53,0" doraHai="93" doraHaiUra="123" who="2" fromWho="2" sc="289,-20,250,-20,266,70,185,-20" /><INIT seed="2,1,0,4,2,122" ten="269,230,336,165" oya="2" hai0="65,59,87,108,25,91,77,46,48,83,18,66,72" hai1="13,54,42,76,74,102,57,82,79,47,123,121,35" hai2="45,36,106,3,9,38,32,103,34,6,39,120,111" hai3="132,107,40,0,97,58,62,100,2,112,115,127,43"/><V70/><F120/><N who="1" m="46153" /><E102/><V78/><F45/><W29/><G29/><T10/><D108/><U94/><E94/><V61/><F111/><W93/><G107/><T50/><D59/><U12/><E35/><V85/><F85/><W63/><G127/><T128/><D128/><U22/><E22/><V33/><F78/><W24/><G24/><T5/><D50/><N who="1" m="30935" /><E79/><V51/><F51/><AGARI ba="1,0" hai="12,13,42,47,51,74,76,82" m="30935,46153" machi="51" ten="30,1000,0" yaku="13,1" doraHai="122" who="1" fromWho="2" sc="269,0,230,13,336,-13,165,0" /><INIT seed="3,0,0,2,3,96" ten="269,243,323,165" oya="3" hai0="124,114,18,113,115,126,109,101,37,107,72,11,44" hai1="23,121,55,83,68,61,65,21,19,125,134,14,86" hai2="42,62,133,29,119,66,67,45,102,49,75,84,24" hai3="60,33,118,78,15,127,10,89,80,85,112,25,93"/><W90/><G127/><N who="0" m="48683" /><D109/><U77/><E125/><V130/><F75/><W51/><G112/><T87/><D72/><U26/><E134/><V132/><F119/><W99/><G118/><T12/><D87/><U111/><E111/><V4/><F4/><W56/><G51/><T38/><D44/><U8/><E121/><V5/><F5/><W16/><G33/><T120/><D120/><U123/><E123/><V54/><F130/><W91/><REACH who="3" step="1"/><G25/><REACH who="3" ten="269,243,323,155" step="2"/><T73/><D37/><U17/><E26/><V122/><F122/><W98/><G98/><N who="0" m="61879" /><D38/><U105/><E23/><V116/><F116/><W20/><G20/><T104/><D73/><U92/><E21/><V129/><F24/><W106/><G106/><AGARI ba="0,1" hai="11,12,18,104,106,113,114,115" m="61879,48683" machi="106" ten="40,5200,0" yaku="11,1,18,1,52,1" doraHai="96" who="0" fromWho="3" sc="269,62,243,0,323,0,155,-52" owari="331,43.1,243,-15.7,323,12.3,103,-39.7" /></mjloggm>