<mjloggm ver="2.3"><GO type="225" lobby="0"/><UN n0="%6D%75%75%6D%75%72%61" n1="%E9%B3%B3%E6%9D%B1%E3%81%AE%E3%81%86%E3%81%95%E3%81%8E%E3%81%95%E3%82%93" n2="%E9%89%A2%E5%B7%BB%E3%82%AC%E3%83%96" n3="%E8%A8%88%E7%AE%97%E6%A9%9F%E8%87%AA%E7%84%B6" dan="16,17,16,17" rate="2200.99,2261.34,2101.22,2232.30" sx="M,M,M,M"/><TAIKYOKU oya="0"/><INIT seed="0,0,0,3,3,58" ten="250,250,250,250" oya="0" hai0="75,0,117,95,121,128,118,13,89,8,38,112,87" hai1="81,46,111,53,41,127,49,104,133,77,47,33,25" hai2="57,134,94,93,96,10,106,68,130,55,22,31,59" hai3="115,109,54,73,26,135,76,91,69,17,116,42,107"/><T9/><D112/><U110/><E104/><V7/><F68/><W43/><G116/><T126/><D121/><U92/><E92/><V18/><F130/><W101/><G115/><T83/><D128/><U123/><E123/><V12/><F134/><W86/><G69/><T72/><D126/><U11/><E133/><V131/><F131/><W50/><G109/><N who="1" m="41482" /><E127/><V65/><F31/><W90/><G73/><T80/><D38/><U125/><E125/><V44/><F106/><W21/><G135/><T24/><D75/><N who="1" m="43199" /><E11/><V113/><F113/><W63/><G101/><T39/><D39/><N who="1" m="21823" /><E25/><V99/><F44/><N who="3" m="25879" /><G107/><T37/><D37/><U52/><E33/><V1/><F93/><W74/><G43/><AGARI ba="0,0" hai="43,47,49,52,53" m="21823,43199,41482" machi="43" ten="30,2000,0" yaku="14,1,54,1" doraHai="58" who="1" fromWho="3" sc="250,0,250,20,250,0,250,-20" /><INIT seed="1,0,0,3,0,133" ten="250,270,250,230" oya="1" hai0="103,23,26,79,63,8,60,49,6,56,87,19,86" hai1="102,31,2,11,111,24,107,78,30,62,114,7,28" hai2="135,21,82,104,43,85,69,101,44,124,120,39,117" hai3="99,66,27,118,74,68,54,38,134,76,64,36,12"/><U61/><E114/><V73/><F117/><W17/><G134/><T72/><D72/><U33/><E78/><V89/><F120/><W92/><G118/><T1/><D103/><U0/><E111/><V90/><F69/><W83/><G27/><T42/><D79/><U127/><E0/><V57/><F73/><W84/><G74/><T93/><D93/><U123/><E123/><V18/><F135/><W52/><G36/><T98/><D98/><U100/><E100/><V94/><F57/><W108/><G38/><T67/><D42/><U115/><E115/><V122/><F122/><W40/><G40/><T32/><D49/><U131/><E131/><V13/><F101/><N who="3" m="60647" /><G68/><T121/><D121/><U50/><E50/><V105/><REACH who="2" step="1"/><F124/><REACH who="2" ten="250,270,240,230" step="2"/><W47/><G108/><T95/><D56/><U34/><E127/><V116/><F116/><W25/><G47/><T22/><D63/><U81/><E62/><V3/><F3/><W110/><G110/><T55/><D60/><U132/><E61/><V109/><F109/><W91/><G64/><T53/><D67/><U58/><E132/><V88/><F88/><W51/><G66/><T125/><D125/><U71/><E71/><V14/><F14/><W48/><G91/><T37/><D1/><U112/><E112/><V46/><F46/><W45/><G12/><T35/><D35/><N who="1" m="13323" /><E58/><V113/><F113/><W15/><G15/><T128/><D32/><N who="1" m="20487" /><E102/><V29/><F29/><N who="1" m="10761" /><E107/><V41/><F41/><N who="3" m="24623" /><G51/><T77/><D37/><U20/><E81/><V4/><F4/><W126/><G126/><T129/><D6/><U10/><E20/><AGARI ba="0,1" hai="17,20,25,52,54,76,83,84" m="24623,60647" machi="20" ten="30,3900,0" yaku="6,1,8,1,54,1" doraHai="133" who="3" fromWho="1" sc="250,0,270,-39,240,0,230,49" /><INIT seed="2,0,0,1,1,41" ten="250,231,240,279" oya="2" hai0="6,67,132,71,46,0,128,133,101,29,4,48,127" hai1="104,134,21,13,76,18,84,119,69,7,58,105,15" hai2="54,28,113,63,131,108,77,96,44,34,60,61,12" hai3="130,59,114,38,3,107,5,111,74,35,90,81,112"/><V11/><F113/><N who="3" m="43627" /><G35/><T122/><D122/><U75/><E119/><V24/><F131/><W43/><G107/><T1/><D128/><U97/><E69/><V51/><F108/><W116/><G116/><T83/><D127/><U110/><E110/><V16/><F77/><N who="3" m="44215" /><G59/><T78/><D101/><U89/><E134/><N who="0" m="51817" /><D29/><U72/><E76/><V73/><REACH who="2" step="1"/><F73/><REACH who="2" ten="250,231,230,279" step="2"/><W123/><G130/><T68/><D0/><U64/><E75/><V33/><F33/><W106/><G111/><T100/><D1/><U25/><E72/><V79/><F79/><W23/><G3/><T118/><D78/><U93/><E105/><V117/><F117/><W115/><G106/><T129/><D118/><U20/><E104/><V22/><F22/><W39/><G23/><T37/><D129/><U86/><E20/><V53/><F53/><W9/><G115/><T56/><D71/><U94/><E7/><V92/><F92/><W10/><G5/><T135/><D68/><U49/><E64/><V125/><F125/><W32/><G32/><T120/><D135/><U121/><E121/><V57/><F57/><W82/><G123/><T66/><D120/><U31/><E31/><V62/><N who="2" m="15360" /><DORA hai="42" /><V87/><F87/><N who="1" m="33321" /><E93/><V27/><F27/><W52/><G82/><T50/><D83/><U47/><E58/><V45/><F45/><W98/><G52/><AGARI ba="0,1" hai="13,15,18,21,25,47,49,52,89,94,97" m="33321" machi="52" ten="30,7700,0" yaku="8,1,52,2,54,1" doraHai="41,42" who="1" fromWho="3" sc="250,0,231,87,230,0,279,-77" /><INIT seed="3,0,0,3,1,1" ten="250,318,230,202" oya="3" hai0="64,80,27,25,19,67,121,94,13,101,98,12,107" hai1="68,32,129,79,11,3,111,7,49,70,114,128,81" hai2="22,119,43,108,106,74,93,50,86,85,39,130,135" hai3="78,28,6,56,57,38,73,41,44,51,60,132,66"/><W2/><G132/><T75/><D121/><U46/><E111/><V26/><F106/><W97/><G28/><T95/><D107/><U36/><E32/><V58/><F74/><W105/><G105/><T5/><D75/><N who="1" m="43263" /><E114/><V31/><F119/><W125/><G125/><T122/><D80/><U133/><E133/><V24/><F108/><W100/><G97/><N who="0" m="59575" /><D122/><U123/><E123/><V34/><F135/><W54/><G100/><N who="0" m="60511" /><D5/><U63/><E49/><V127/><F127/><W124/><G124/><T9/><D12/><U92/><E92/><V40/><F39/><W37/><G37/><T115/><D115/><U87/><E87/><V109/><F109/><W99/><G99/><T65/><AGARI ba="0,0" hai="9,13,19,25,27,64,65,67" m="60511,59575" machi="65" ten="30,1100,0" yaku="8,1" doraHai="1" who="0" fromWho="0" sc="250,11,318,-3,230,-3,202,-5" owari="261,6.1,315,41.5,227,-17.3,197,-30.3" /></mjloggm>