<mjloggm ver="2.3"><GO type="225" lobby="0"/><UN n0="%E3%81%95%E3%81%8D%E3%81%9F%E3%81%BE%E6%9E%97%E6%AA%8E" n1="%6E%69%63%6F%6E%74%6F" n2="%E5%B8%86%E7%AB%8B%E5%A4%8F%E8%A1%A3" n3="%4E%49%4A%49%49%52%4F" dan="16,17,17,16" rate="2159.74,2164.63,2179.30,2155.12" sx="M,M,M,M"/><TAIKYOKU oya="0"/><INIT seed="0,0,0,1,3,64" ten="250,250,250,250" oya="0" hai0="37,45,94,113,22,54,95,12,75,29,28,19,62" hai1="46,130,68,9,73,105,115,56,43,25,122,57,72" hai2="106,55,42,77,111,112,80,52,63,60,30,131,71" hai3="129,23,24,67,85,107,118,39,8,50,98,116,16"/><T66/><D113/><U26/><E122/><V49/><F112/><W21/><G129/><T47/><D75/><U27/><E115/><V126/><F106/><W40/><G39/><T81/><D37/><U76/><E130/><V120/><F120/><W132/><G132/><T36/><D36/><U69/><E105/><V83/><F131/><W0/><G67/><T6/><D6/><U102/><E102/><V10/><F30/><N who="0" m="11882" /><D66/><U4/><E76/><V35/><F35/><W87/><G8/><T31/><N who="0" m="11890" /><T51/><DORA hai="74" /><D62/><N who="2" m="23594" /><F71/><N who="1" m="27209" /><E9/><V82/><F111/><W121/><G0/><T44/><D81/><U13/><E13/><V88/><F126/><W133/><G121/><T18/><D18/><U99/><E4/><V48/><F42/><W125/><G133/><T84/><D84/><U17/><E17/><V123/><F123/><W41/><G125/><T97/><D95/><U58/><E73/><V3/><F3/><W11/><G107/><T33/><D33/><U119/><E72/><V109/><F109/><W20/><G118/><T92/><D94/><U86/><E119/><V110/><F110/><W53/><G116/><T2/><D2/><U93/><E86/><N who="3" m="32778" /><G98/><T70/><D70/><U7/><E7/><V61/><F82/><W135/><G135/><T5/><D5/><U104/><E99/><V34/><F83/><W91/><G91/><AGARI ba="0,0" hai="12,19,22,44,45,47,51,54,91,92,97" m="11890" machi="91" ten="30,1500,0" yaku="8,1" doraHai="64,74" who="0" fromWho="3" sc="250,15,250,0,250,0,250,-15" /><INIT seed="0,1,0,1,5,7" ten="265,250,250,235" oya="0" hai0="114,11,24,52,36,117,29,69,31,1,72,4,111" hai1="100,10,93,97,44,80,133,101,30,20,73,78,120" hai2="79,85,27,61,34,33,96,105,129,43,65,116,94" hai3="86,119,46,81,103,21,53,109,89,2,104,66,125"/><T74/><D114/><U131/><E131/><V67/><F129/><W102/><G119/><T122/><D117/><U47/><E133/><V63/><F116/><W128/><G128/><T118/><D118/><U113/><E113/><V51/><F105/><W42/><G109/><T28/><D122/><U48/><E120/><V75/><F75/><W123/><G123/><T13/><D69/><U25/><E101/><V88/><F43/><W54/><G125/><T55/><D1/><U9/><REACH who="1" step="1"/><E47/><REACH who="1" ten="265,240,250,235" step="2"/><V59/><F51/><W60/><G102/><T8/><D36/><U35/><E35/><V41/><F41/><AGARI ba="1,1" hai="9,10,20,25,30,41,44,48,73,78,80,93,97,100" machi="41" ten="30,8000,1" yaku="1,1,7,1,52,2,53,1" doraHai="7" doraHaiUra="22" who="1" fromWho="2" sc="265,0,240,93,250,-83,235,0" /><INIT seed="1,0,0,1,5,119" ten="265,333,167,235" oya="1" hai0="102,53,59,41,26,15,0,100,108,44,11,113,99" hai1="63,50,73,92,58,2,64,37,16,115,3,25,117" hai2="9,38,81,17,125,120,126,32,84,130,133,78,98" hai3="86,135,30,49,31,111,34,55,109,43,106,4,51"/><U29/><E73/><V27/><F38/><W77/><G106/><T88/><D108/><N who="3" m="41545" /><G135/><T95/><D113/><U72/><E115/><V69/><F69/><W60/><G4/><T47/><D0/><U19/><E117/><V132/><F32/><W1/><G1/><T65/><D65/><U36/><E72/><V10/><F27/><N who="3" m="18783" /><G31/><T118/><D26/><U74/><E74/><V122/><F17/><W14/><G14/><T82/><D118/><U35/><E37/><V67/><F67/><W24/><G24/><T121/><D121/><N who="2" m="46698" /><F130/><W46/><G60/><N who="0" m="35951" /><D41/><U110/><E36/><V71/><F71/><W105/><G105/><T57/><D57/><U13/><E110/><V131/><F131/><W93/><G77/><T5/><D82/><U52/><E92/><V66/><F66/><W8/><G8/><N who="2" m="3177" /><F98/><W91/><G51/><T22/><D22/><U7/><E7/><V39/><F39/><W54/><AGARI ba="0,0" hai="43,46,49,54,55,86,91,93" m="18783,41545" machi="54" ten="30,1100,0" yaku="14,1" doraHai="119" who="3" fromWho="3" sc="265,-3,333,-5,167,-3,235,11" /><INIT seed="2,0,0,5,2,37" ten="262,328,164,246" oya="2" hai0="68,109,58,67,65,87,18,101,110,126,47,102,15" hai1="81,1,121,112,76,133,120,72,51,52,107,132,42" hai2="92,95,82,124,43,54,36,127,57,96,41,6,0" hai3="113,111,75,128,31,50,116,5,85,129,106,44,33"/><V55/><F0/><W23/><G116/><T71/><D126/><N who="2" m="48170" /><F36/><W93/><G75/><T91/><D47/><N who="1" m="26103" /><E1/><V38/><F6/><W119/><G106/><T103/><D71/><U48/><E107/><V13/><F13/><W84/><G33/><T61/><D68/><U25/><E25/><V108/><F38/><W130/><G111/><N who="0" m="42507" /><D67/><U30/><E30/><V134/><F134/><N who="1" m="51817" /><E112/><V62/><F108/><W78/><G113/><T73/><D73/><U77/><E77/><V12/><F12/><W74/><G119/><T98/><D98/><U66/><E66/><N who="2" m="39247" /><F82/><N who="3" m="45399" /><G5/><T63/><D63/><U125/><E125/><V40/><F95/><W135/><G135/><T117/><D117/><U7/><E7/><V122/><F122/><W80/><G93/><N who="0" m="54527" /><D103/><AGARI ba="0,0" hai="40,41,43,54,55,92,96,103" m="39247,48170" machi="103" ten="30,11600,0" yaku="18,1,52,3" doraHai="37" who="2" fromWho="0" sc="262,-116,328,0,164,116,246,0" /><INIT seed="2,1,0,3,0,74" ten="146,328,280,246" oya="2" hai0="34,129,77,71,72,22,130,43,48,108,66,30,83" hai1="128,53,10,15,123,5,8,127,14,112,67,94,3" hai2="54,120,82,90,29,117,122,115,39,92,49,44,21" hai3="119,135,100,24,99,76,101,46,91,47,96,75,18"/><V118/><F29/><W78/><G75/><T40/><D34/><U26/><E112/><V55/><F21/><N who="3" m="13367" /><G135/><T85/><D108/><U124/><E67/><V31/><F31/><W68/><G68/><T6/><D6/><N who="1" m="1119" /><E53/><N who="2" m="29863" /><F90/><W70/><G70/><T57/><D71/><U89/><E94/><V107/><F92/><N who="3" m="56351" /><G119/><N who="2" m="45577" /><F82/><W64/><G64/><T102/><D102/><N who="3" m="39529" /><G99/><T98/><D98/><U7/><E89/><V52/><F107/><W42/><G42/><T88/><D66/><U61/><E26/><V32/><F32/><W69/><G69/><T25/><D43/><U33/><E33/><V133/><F133/><W12/><G12/><T4/><D4/><U16/><E15/><V109/><F115/><W0/><G0/><T17/><D40/><U36/><E7/><V106/><F106/><W86/><G86/><T58/><D30/><U65/><E5/><V87/><F87/><W1/><G1/><T104/><D104/><U81/><E14/><V132/><F132/><W20/><G20/><T84/><D72/><U121/><E10/><V11/><F11/><W59/><G59/><T73/><D73/><U56/><E81/><V2/><F2/><W50/><G50/><T60/><D48/><U45/><E123/><N who="2" m="47147" /><F39/><W38/><G38/><T62/><D85/><U27/><E121/><V51/><F109/><W79/><AGARI ba="1,0" hai="46,47,76,78,79" m="39529,56351,13367" machi="79" ten="30,7900,0" yaku="8,1,52,3" doraHai="74" who="3" fromWho="3" sc="146,-21,328,-21,280,-40,246,82" /><INIT seed="3,0,0,4,0,1" ten="125,307,240,328" oya="3" hai0="87,126,66,124,36,90,38,69,64,48,135,131,53" hai1="14,45,103,35,68,104,11,123,133,61,94,132,79" hai2="8,3,82,18,119,44,57,89,63,105,4,71,91" hai3="127,96,118,130,52,42,5,10,23,108,29,13,20"/><W98/><G118/><T9/><D9/><U122/><E35/><V56/><F105/><W102/><G130/><T88/><D131/><U80/><E104/><V46/><F119/><W54/><G127/><T2/><D135/><N who="1" m="51787" /><E45/><V19/><F71/><W115/><G115/><T113/><D113/><U77/><E61/><V47/><F57/><W49/><G108/><T121/><D121/><N who="1" m="46091" /><E68/><V107/><F107/><W120/><G120/><T75/><D75/><U95/><E103/><V22/><F82/><W43/><G54/><T134/><D134/><U70/><E70/><V114/><F114/><W58/><G23/><T39/><D2/><U34/><E34/><V41/><F41/><N who="3" m="15371" /><G102/><T86/><D69/><U106/><E106/><V112/><F112/><W128/><G128/><T65/><D53/><U129/><E129/><V93/><F22/><W16/><G29/><T81/><REACH who="0" step="1"/><D48/><REACH who="0" ten="115,307,240,328" step="2"/><U85/><E79/><V51/><F51/><W101/><G49/><T97/><D97/><U26/><E26/><V62/><F3/><W83/><G98/><T76/><D76/><U17/><AGARI ba="0,1" hai="11,14,17,77,80,85,94,95" m="46091,51787" machi="17" ten="30,1100,0" yaku="20,1" doraHai="1" who="1" fromWho="1" sc="115,-3,307,21,240,-3,328,-5" owari="112,-38.8,328,42.8,237,-16.3,323,12.3" /></mjloggm>