<mjloggm ver="2.3"><GO type="225" lobby="0"/><UN n0="%6D%75%75%6D%75%72%61" n1="%E3%82%BC%E3%83%AB%E3%83%80%E3%81%AE%E4%BC%9D%E8%AA%AC" n2="%E7%AD%89%E3%80%85%E5%8A%9B%E5%8A%87%E5%A0%B4" n3="%E3%83%B4%E3%83%A0%EF%BC%99%E3%81%A6" dan="16,16,16,17" rate="2139.83,2187.03,2153.95,2199.12" sx="F,M,M,M"/><TAIKYOKU oya="0"/><INIT seed="0,0,0,5,3,37" ten="250,250,250,250" oya="0" hai0="78,123,38,71,66,90,27,113,79,126,125,91,2" hai1="92,89,105,24,10,14,22,93,57,88,108,99,75" hai2="76,60,35,13,32,17,59,100,20,102,4,81,9" hai3="0,130,40,83,80,87,111,48,18,21,46,12,47"/><T70/><D113/><U25/><E108/><V52/><F35/><W127/><G111/><T3/><D123/><U23/><E75/><V58/><F32/><W43/><G0/><N who="0" m="43" /><D66/><U115/><E105/><V109/><F59/><W41/><G127/><N who="0" m="48651" /><D27/><N who="1" m="10315" /><E57/><V131/><F131/><W117/><G117/><T28/><D38/><U133/><E133/><V67/><F67/><W120/><G130/><T97/><D97/><N who="1" m="57479" /><E115/><V107/><F109/><W69/><G69/><N who="0" m="26123" /><D28/><U54/><E54/><V94/><F107/><W61/><G120/><T103/><D103/><U33/><E33/><V118/><F118/><W39/><G61/><T134/><D134/><U53/><E53/><V6/><F52/><W16/><G43/><T74/><D74/><U34/><E34/><V64/><F102/><W116/><G116/><T114/><D114/><U65/><E65/><V5/><F100/><W44/><G44/><T29/><D29/><U82/><E82/><V84/><REACH who="2" step="1"/><F94/><REACH who="2" ten="250,250,240,250" step="2"/><W42/><G42/><T106/><D106/><U86/><E99/><V15/><AGARI ba="0,1" hai="4,5,6,9,13,15,17,20,58,60,64,76,81,84" machi="15" ten="20,8000,1" yaku="1,1,2,1,0,1,7,1,8,1,53,0" doraHai="37" doraHaiUra="95" who="2" fromWho="2" sc="250,-40,250,-20,240,90,250,-20" /><INIT seed="1,0,0,0,4,7" ten="210,230,330,230" oya="1" hai0="27,89,109,115,132,1,76,95,117,100,85,64,92" hai1="91,42,26,114,39,34,8,40,25,41,88,20,24" hai2="29,45,90,9,48,97,108,69,81,74,17,15,101" hai3="107,55,3,51,52,119,122,43,16,125,123,30,121"/><U120/><E120/><V61/><F108/><W23/><G107/><T38/><D115/><U22/><E114/><V66/><F29/><W73/><G73/><T54/><D117/><U77/><E39/><V57/><F69/><W47/><G3/><T75/><D38/><U124/><E124/><V98/><F101/><W56/><G125/><T37/><D37/><U103/><E34/><V65/><F66/><W53/><G119/><T31/><D109/><U104/><E77/><V19/><F19/><W102/><G102/><T129/><D129/><U58/><E103/><V50/><F50/><W10/><G30/><T112/><D112/><U127/><E104/><V33/><F33/><W93/><G93/><T5/><D132/><U12/><E58/><V134/><F134/><W94/><G94/><T6/><D64/><U113/><E127/><V82/><F74/><W131/><G131/><T116/><D116/><U18/><REACH who="1" step="1"/><E113/><REACH who="1" ten="210,220,330,230" step="2"/><V28/><F57/><W99/><G56/><T133/><D133/><U135/><E135/><V60/><F90/><AGARI ba="0,1" hai="8,12,18,20,22,24,25,26,40,41,42,88,90,91" machi="90" ten="40,12000,1" yaku="1,1,8,1,52,1,54,1,53,0" doraHai="7" doraHaiUra="78" who="1" fromWho="2" sc="210,0,220,130,330,-120,230,0" /><INIT seed="1,1,0,1,3,125" ten="210,350,210,230" oya="1" hai0="37,114,62,7,127,59,101,77,80,131,21,52,45" hai1="98,103,122,111,22,63,126,106,8,40,14,85,39" hai2="18,12,28,76,10,3,108,27,15,120,116,25,82" hai3="95,56,16,104,74,23,51,53,17,93,20,66,41"/><U90/><E122/><V91/><F116/><W32/><G32/><T9/><D114/><U1/><E126/><V2/><F120/><W70/><G104/><T113/><D113/><U87/><E111/><V64/><F108/><W6/><G74/><T44/><D127/><U61/><E1/><V105/><F105/><W31/><G31/><T26/><D131/><U19/><E87/><V48/><F64/><W134/><G134/><T97/><D37/><U135/><E135/><V50/><F91/><W71/><G6/><T30/><D97/><U121/><E121/><V75/><F27/><W46/><G66/><T123/><D101/><U38/><E8/><V83/><F83/><W36/><G70/><T43/><D43/><U24/><E24/><V57/><F15/><W49/><G71/><T42/><D42/><U47/><REACH who="1" step="1"/><E38/><REACH who="1" ten="210,340,210,230" step="2"/><V119/><F2/><W133/><G36/><T78/><D123/><U112/><E112/><V58/><F3/><W92/><G133/><T13/><REACH who="0" step="1"/><D78/><REACH who="0" ten="200,340,210,230" step="2"/><U68/><E68/><V55/><F76/><W132/><G132/><T94/><D94/><AGARI ba="1,2" hai="14,19,22,39,40,47,61,63,85,90,94,98,103,106" machi="94" ten="30,2900,0" yaku="1,1,7,1,53,0" doraHai="125" doraHaiUra="5" who="1" fromWho="0" sc="200,-32,340,52,210,0,230,0" /><INIT seed="1,2,0,3,5,48" ten="168,392,210,230" oya="1" hai0="2,76,18,130,87,108,135,131,99,86,34,32,8" hai1="25,79,128,61,4,132,96,114,88,53,94,58,62" hai2="100,21,47,5,74,51,39,26,23,71,73,112,14" hai3="78,20,52,125,81,29,111,54,55,19,9,59,6"/><U84/><E132/><V83/><F71/><W89/><G111/><T42/><D135/><U30/><E128/><N who="0" m="49193" /><D108/><U85/><E114/><V109/><F109/><W133/><G133/><T120/><D120/><U121/><E121/><V15/><F39/><W37/><G37/><T43/><D99/><U107/><E4/><V93/><F112/><W97/><G29/><T118/><D118/><U106/><E62/><V12/><F5/><W31/><G31/><T3/><D18/><U57/><E57/><V22/><F83/><W63/><G125/><T90/><D8/><U123/><E123/><V72/><F100/><W92/><G9/><T17/><D17/><U44/><E44/><V116/><F93/><W16/><G6/><T27/><D76/><U68/><E68/><V7/><F116/><W60/><G60/><T0/><D90/><U102/><E79/><V129/><F129/><W1/><G1/><T70/><D27/><U115/><E115/><V105/><F105/><W80/><G19/><T113/><D70/><U50/><E61/><V77/><F7/><W124/><G124/><T119/><D119/><U75/><E107/><V49/><F77/><W126/><G126/><T11/><D11/><U65/><E106/><V103/><F103/><W67/><G78/><T56/><D56/><U35/><E102/><V127/><F127/><W104/><G104/><T45/><D113/><U82/><E75/><V110/><F110/><W36/><G36/><N who="0" m="21703" /><D43/><U40/><E40/><N who="2" m="24807" /><F26/><AGARI ba="2,0" hai="16,20,26,52,54,55,59,63,67,80,81,89,92,97" machi="26" ten="40,12000,2" yaku="8,1,52,3,54,2" doraHai="48" who="3" fromWho="2" sc="168,0,392,0,210,-126,230,126" /><INIT seed="2,0,0,3,3,90" ten="168,392,84,356" oya="2" hai0="30,122,2,107,103,123,81,133,91,105,31,35,101" hai1="89,100,37,69,76,125,64,18,45,63,87,135,13" hai2="102,117,26,19,28,57,16,77,130,92,15,94,93" hai3="7,96,62,23,24,79,70,73,20,56,6,34,108"/><V52/><F117/><W36/><G34/><T55/><D2/><U61/><E125/><V1/><F1/><W8/><G70/><T33/><D91/><U75/><E135/><V22/><F130/><W84/><G73/><T106/><D81/><U111/><E111/><V67/><F67/><W42/><G108/><T131/><D55/><U40/><E63/><N who="2" m="36263" /><F77/><W50/><G36/><T47/><D47/><U25/><E100/><N who="0" m="38473" /><D133/><U29/><E75/><V85/><F102/><W104/><G20/><T129/><D33/><U82/><E76/><V14/><F85/><W86/><G86/><T46/><D35/><U17/><E13/><AGARI ba="0,0" hai="13,14,15,16,19,22,26,28,92,93,94" m="36263" machi="13" ten="30,18000,2" yaku="8,1,52,3,54,2" doraHai="90" who="2" fromWho="1" sc="168,0,392,-180,84,180,356,0" /><INIT seed="2,1,0,4,5,67" ten="168,212,264,356" oya="2" hai0="123,75,135,114,45,92,70,129,44,106,28,120,25" hai1="22,33,48,68,23,111,26,80,93,133,49,63,41" hai2="71,43,131,2,16,116,94,127,13,7,11,57,14" hai3="87,50,79,39,73,32,126,76,130,5,66,36,132"/><V65/><F116/><W31/><G73/><T121/><D106/><U37/><E37/><V104/><F104/><W105/><G105/><T15/><D114/><U24/><E111/><V103/><F131/><W96/><G130/><T53/><D129/><U0/><E0/><V60/><F127/><W108/><G5/><T91/><D135/><U85/><E133/><V101/><F2/><W74/><G74/><T10/><D75/><U18/><E33/><V97/><F43/><W3/><G96/><T117/><D117/><U124/><E124/><V21/><REACH who="2" step="1"/><F71/><REACH who="2" ten="168,212,254,356" step="2"/><W89/><G126/><T115/><D70/><U55/><E41/><V61/><F61/><W118/><G3/><T4/><D115/><U88/><E68/><V20/><F20/><W128/><G118/><T122/><N who="0" m="30720" /><DORA hai="90" /><T98/><REACH who="0" step="1"/><D53/><REACH who="0" ten="158,212,254,356" step="2"/><U86/><E55/><V47/><F47/><W110/><G128/><T27/><D27/><U82/><E63/><V119/><F119/><W30/><G132/><T40/><D40/><U8/><E26/><V112/><F112/><W34/><G108/><T38/><D38/><U62/><E62/><V6/><F6/><W1/><G110/><T107/><D107/><U56/><E24/><V59/><F59/><W100/><G36/><T99/><D99/><U52/><E56/><V58/><F58/><W64/><G39/><T113/><D113/><U84/><E52/><V72/><F72/><W95/><G34/><AGARI ba="1,2" hai="4,10,15,25,28,34,44,45,91,92,98" m="30720" machi="34" ten="70,8000,1" yaku="1,1,52,1,53,1" doraHai="67,90" doraHaiUra="35,9" who="0" fromWho="3" sc="158,103,212,0,254,0,356,-83" /><INIT seed="3,0,0,5,3,51" ten="261,212,254,273" oya="3" hai0="106,1,72,67,11,81,40,119,5,49,0,36,55" hai1="133,44,93,9,47,111,91,118,26,94,13,130,79" hai2="80,6,126,96,41,127,100,78,53,107,128,61,58" hai3="74,23,25,121,20,59,77,109,19,46,86,132,29"/><W88/><G121/><T7/><D106/><U123/><E123/><V112/><F112/><W68/><G68/><T52/><D119/><U114/><E114/><V95/><F6/><W122/><G122/><T34/><D34/><U105/><E105/><V87/><F41/><W14/><G132/><T73/><D67/><U22/><E133/><V35/><F35/><W98/><G74/><T50/><D40/><U124/><E111/><V63/><F128/><W65/><G109/><T64/><D64/><U15/><E124/><V116/><F116/><W42/><G98/><T110/><D110/><U31/><E130/><V56/><REACH who="2" step="1"/><F107/><REACH who="2" ten="261,212,244,273" step="2"/><W103/><G103/><T12/><D5/><U117/><E117/><V30/><F30/><W69/><G29/><T3/><D36/><U108/><E108/><V32/><F32/><W10/><G42/><T37/><D37/><U129/><E129/><V18/><F18/><W4/><G4/><T60/><D3/><U33/><E118/><V113/><F113/><W92/><G19/><T71/><D1/><U17/><E79/><V131/><F131/><W48/><G77/><T39/><D0/><U62/><E91/><V125/><F125/><W134/><G88/><T66/><D39/><U97/><E33/><V104/><F104/><W75/><G134/><T102/><D102/><U2/><E2/><V99/><F99/><W90/><G90/><T21/><D7/><N who="1" m="3263" /><E97/><V135/><F135/><W28/><G28/><T85/><D71/><U54/><E31/><V38/><F38/><W83/><G69/><T70/><D70/><U76/><E76/><RYUUKYOKU ba="0,1" sc="261,-10,212,-10,244,30,273,-10" hai2="53,56,58,61,63,78,80,87,95,96,100,126,127" /><INIT seed="4,1,1,0,3,26" ten="251,202,274,263" oya="0" hai0="107,47,128,60,131,96,58,17,6,115,3,4,16" hai1="45,59,111,133,97,120,23,0,114,110,38,119,18" hai2="108,1,15,69,71,54,83,88,80,64,22,76,100" hai3="116,118,74,30,37,62,99,53,2,102,31,5,106"/><T113/><D47/><U50/><E119/><V101/><F1/><W73/><G37/><T90/><D107/><U129/><E120/><V52/><F108/><W112/><G118/><T121/><D121/><U61/><E0/><V66/><F15/><W92/><G116/><T57/><D96/><U126/><E38/><V34/><F22/><W67/><G106/><T94/><D94/><U79/><E79/><V35/><F88/><W77/><G73/><T95/><D95/><U93/><E126/><V124/><F76/><W43/><G43/><T109/><D3/><U123/><E123/><V132/><F132/><W89/><G102/><T70/><D90/><N who="1" m="55479" /><E133/><V46/><F46/><W27/><G27/><T36/><D36/><U19/><E19/><N who="0" m="7241" /><D70/><U13/><E129/><N who="0" m="49737" /><D109/><U86/><E111/><V130/><F130/><W134/><G134/><T135/><D135/><U7/><E110/><V8/><F8/><W28/><G99/><T21/><D21/><U39/><E39/><V25/><F25/><W42/><G2/><T14/><D14/><U82/><E45/><V12/><F12/><W11/><G89/><T48/><D48/><U63/><E50/><V9/><F9/><W98/><G98/><T117/><D117/><U127/><E23/><V72/><F72/><W81/><G74/><T29/><D29/><U87/><E13/><V104/><F104/><W55/><G30/><T122/><D122/><U24/><E24/><V78/><F78/><W125/><G77/><T40/><D40/><U56/><E82/><V10/><F10/><W65/><G11/><T32/><D32/><RYUUKYOKU ba="1,1" sc="251,-10,202,-10,274,30,263,-10" hai2="34,35,52,54,64,66,69,71,80,83,100,101,124" owari="241,-15.9,192,-30.8,314,41.4,253,5.3" /></mjloggm>