<mjloggm ver="2.3"><GO type="225" lobby="0"/><UN n0="%E3%81%AA%E3%82%81%E3%81%93%E9%9B%80%E5%A3%AB" n1="%31%50%E3%81%9F%E3%81%9D" n2="%E4%BF%BA%E3%81%A8%E5%A6%96%E5%A4%A2" n3="%E4%BA%BA%E9%96%93%E3%83%81%E3%83%A3%E3%83%BC%E3%83%8F%E3%83%B3" dan="16,16,17,16" rate="2047.08,2105.61,2173.85,2152.35" sx="M,F,F,M"/><TAIKYOKU oya="0"/><INIT seed="0,0,0,3,3,128" ten="250,250,250,250" oya="0" hai0="69,106,41,83,123,117,6,46,73,101,70,22,124" hai1="42,13,65,72,54,119,86,110,66,9,134,29,37" hai2="5,51,52,85,107,76,68,133,96,118,0,8,135" hai3="33,19,55,2,58,20,108,127,120,64,89,114,71"/><T87/><D73/><U94/><E72/><V125/><F68/><W12/><G114/><T60/><D117/><U24/><E110/><V21/><F118/><W115/><G115/><T26/><D124/><U30/><E119/><V74/><F125/><W31/><G127/><T23/><D23/><U56/><E42/><V116/><F116/><W63/><G108/><T113/><D123/><U34/><E37/><V95/><F74/><W131/><G2/><T18/><D6/><U97/><E86/><V14/><F107/><W102/><G131/><T49/><D113/><U39/><E30/><V75/><F75/><W67/><G120/><T7/><D60/><U57/><E57/><V90/><F76/><W99/><G89/><T45/><D101/><U132/><E39/><V53/><F96/><W78/><G78/><T93/><D93/><U44/><E44/><V84/><F84/><W109/><G109/><T88/><D106/><U10/><E10/><V130/><F130/><W59/><G71/><T82/><D82/><U35/><E35/><V91/><F91/><W111/><G111/><T15/><REACH who="0" step="1"/><D45/><REACH who="0" ten="240,250,250,250" step="2"/><U50/><E94/><V126/><F126/><W32/><G31/><T122/><D122/><U38/><E97/><V98/><F98/><W16/><G19/><T112/><D112/><U104/><E104/><V27/><F0/><W11/><G20/><T62/><D62/><U48/><E38/><V77/><F77/><W47/><G47/><T129/><D129/><U100/><E100/><V121/><F121/><W17/><G63/><T80/><D80/><U103/><E103/><RYUUKYOKU ba="0,1" sc="240,30,250,-10,250,-10,250,-10" hai0="7,15,18,22,26,41,46,49,69,70,83,87,88" /><INIT seed="0,1,1,1,3,26" ten="270,240,240,240" oya="0" hai0="37,16,114,83,55,99,108,126,119,24,44,74,130" hai1="36,5,51,91,89,18,80,42,14,78,30,70,134" hai2="53,33,57,34,32,124,73,107,35,48,8,123,82" hai3="90,118,75,25,31,27,131,39,0,110,45,85,120"/><T9/><D114/><U103/><E70/><V115/><N who="2" m="8192" /><DORA hai="11" /><V59/><F115/><W96/><G118/><T133/><D126/><U105/><E36/><V67/><F123/><W66/><G0/><T125/><D130/><U93/><E105/><V94/><F107/><W109/><G75/><T52/><D133/><U40/><E30/><V111/><F124/><W46/><G131/><T92/><D108/><N who="3" m="41577" /><G120/><T65/><D65/><U86/><E5/><V29/><F29/><W106/><G66/><T28/><D119/><U122/><E134/><V128/><F111/><W13/><G13/><N who="0" m="7215" /><D37/><U117/><E117/><V21/><F21/><N who="3" m="15791" /><G27/><T87/><D74/><U69/><E69/><V97/><F8/><W104/><G39/><T38/><D44/><N who="3" m="17001" /><G96/><T135/><D38/><U41/><E122/><V4/><F128/><W116/><G116/><T62/><D135/><U54/><E103/><V112/><F112/><W22/><G22/><N who="0" m="15383" /><D62/><U23/><E51/><V81/><F4/><W77/><G77/><N who="0" m="46575" /><D125/><U12/><E54/><V98/><F73/><W121/><G121/><T15/><D15/><U68/><E68/><V88/><REACH who="2" step="1"/><F98/><REACH who="2" ten="270,240,230,240" step="2"/><W71/><G104/><T7/><D7/><U6/><E23/><V79/><F79/><W113/><G106/><T60/><D60/><AGARI ba="1,2" hai="48,53,57,59,60,67,81,82,88,94,97" m="8192" machi="60" ten="70,8000,1" yaku="1,1,54,1,53,1" doraHai="26,11" doraHaiUra="84,102" who="2" fromWho="0" sc="270,-83,240,0,230,103,240,0" /><INIT seed="1,0,0,1,4,78" ten="187,240,333,240" oya="1" hai0="19,116,95,0,24,23,49,76,107,127,68,63,6" hai1="10,114,129,20,102,118,92,37,110,81,97,119,113" hai2="27,53,87,71,79,51,18,14,80,104,86,50,9" hai3="13,4,56,74,117,134,61,44,66,31,35,132,94"/><U93/><E37/><V120/><F120/><W69/><G74/><T45/><D107/><N who="1" m="63951" /><E10/><V7/><F71/><W90/><G117/><N who="1" m="44554" /><E20/><N who="2" m="13719" /><F104/><W46/><G69/><T34/><D127/><U39/><E39/><V26/><F26/><N who="3" m="18935" /><G13/><T8/><D95/><N who="1" m="36427" /><E129/><V64/><F64/><W41/><G4/><T67/><D116/><U128/><E128/><V83/><F53/><W43/><G43/><T30/><D76/><AGARI ba="0,0" hai="7,9,14,50,51,76,79,80,83,86,87" m="13719" machi="76" ten="30,3900,0" yaku="8,1,52,2" doraHai="78" who="2" fromWho="0" sc="187,-39,240,0,333,39,240,0" /><INIT seed="2,0,0,4,3,7" ten="148,240,372,240" oya="2" hai0="57,3,89,45,22,40,107,120,95,14,2,119,117" hai1="131,115,11,114,116,33,43,26,90,54,1,100,124" hai2="38,65,55,81,91,121,23,36,10,34,86,132,125" hai3="112,41,73,35,28,111,102,77,4,50,126,127,62"/><V61/><F121/><W118/><G118/><T49/><D107/><U53/><E116/><V9/><F34/><W30/><G111/><T60/><D120/><U5/><E124/><N who="3" m="47658" /><G112/><T17/><D119/><U59/><E131/><V13/><F125/><W79/><G102/><T47/><D47/><U29/><E43/><V12/><F132/><W97/><G97/><T56/><D56/><U46/><E100/><V20/><F55/><W21/><G35/><T128/><D128/><U51/><REACH who="1" step="1"/><E90/><REACH who="1" ten="148,230,372,240" step="2"/><V108/><F108/><W39/><G41/><T32/><D117/><U82/><E82/><V80/><F81/><W110/><G110/><T113/><D113/><U72/><E72/><V16/><F38/><W109/><G73/><T103/><D103/><U87/><E87/><V104/><F36/><W133/><G39/><T78/><D78/><U42/><E42/><V96/><F96/><W92/><G109/><T70/><D70/><U88/><E88/><V84/><F84/><W67/><G133/><T44/><D89/><U24/><E24/><V25/><F104/><W58/><G79/><T129/><D129/><U85/><E85/><V0/><F0/><W18/><G77/><T106/><D106/><U66/><E66/><V15/><REACH who="2" step="1"/><F23/><REACH who="2" ten="148,230,362,240" step="2"/><W135/><G135/><T31/><D32/><U69/><E69/><AGARI ba="0,2" hai="9,10,12,13,15,16,20,25,61,65,69,80,86,91" machi="69" ten="40,18000,2" yaku="1,1,2,1,52,2,54,1,53,1" doraHai="7" doraHaiUra="83" who="2" fromWho="1" sc="148,0,230,-180,362,200,240,0" /><INIT seed="2,1,0,4,4,38" ten="148,50,562,240" oya="2" hai0="124,14,63,95,39,30,34,21,68,121,99,10,116" hai1="41,16,135,120,25,76,13,133,109,104,117,49,32" hai2="19,22,55,0,72,28,112,40,81,77,82,26,54" hai3="125,65,59,45,4,70,43,47,131,92,97,132,44"/><V106/><F112/><W103/><G125/><T64/><D124/><U75/><E104/><V93/><F106/><W61/><G131/><T101/><D121/><U58/><E117/><V18/><F0/><W83/><G132/><N who="1" m="50762" /><E120/><V7/><F7/><W46/><G70/><T73/><D73/><U126/><E126/><V9/><F93/><W29/><G29/><T115/><D39/><U122/><E122/><V56/><F82/><W42/><N who="3" m="11264" /><DORA hai="2" /><W102/><G83/><T36/><D36/><U51/><E109/><V57/><F40/><N who="3" m="15403" /><G4/><T98/><D34/><U123/><E58/><V130/><F130/><W105/><G105/><T78/><D68/><U23/><E41/><V84/><F72/><W3/><G3/><T31/><D116/><U86/><E75/><V1/><F1/><W114/><G114/><T111/><D115/><U134/><N who="1" m="50770" /><U108/><DORA hai="24" /><E108/><V80/><F81/><W12/><G12/><T69/><D111/><U88/><E76/><V17/><F9/><W118/><G118/><T50/><D78/><U35/><E123/><V94/><F94/><W85/><G85/><T11/><D95/><N who="1" m="54679" /><E35/><V87/><F84/><W107/><G107/><T5/><D99/><U60/><E60/><N who="2" m="35863" /><F28/><AGARI ba="1,0" hai="13,16,23,25,28,32,49,51" m="54679,50770" machi="28" ten="40,8000,1" yaku="20,1,52,1,54,2" doraHai="38,2,24" who="1" fromWho="2" sc="148,0,50,83,562,-83,240,0" /><INIT seed="3,0,0,0,5,24" ten="148,133,479,240" oya="3" hai0="118,116,125,119,8,65,94,23,2,53,122,17,44" hai1="20,56,109,51,95,75,32,42,107,82,1,64,89" hai2="123,18,131,6,71,21,127,105,37,135,62,133,101" hai3="124,57,87,76,91,15,4,48,90,134,78,108,130"/><W3/><G124/><T7/><D122/><U52/><E1/><V106/><F37/><W0/><G130/><T104/><D104/><U70/><E32/><V34/><F34/><W55/><G134/><N who="2" m="51209" /><F123/><W35/><G35/><T5/><D5/><U129/><E107/><V22/><F127/><W33/><G33/><T19/><D65/><U38/><E129/><V111/><F111/><W61/><G108/><T27/><D125/><U83/><E109/><V110/><F110/><W98/><G3/><T16/><D94/><U11/><E75/><V43/><F43/><W120/><G0/><T36/><D36/><U86/><E11/><V10/><F101/><W85/><G120/><T28/><D53/><U12/><E12/><V74/><F22/><W80/><G98/><T45/><AGARI ba="0,0" hai="2,7,8,16,17,19,23,27,28,44,45,116,118,119" machi="45" ten="40,5200,0" yaku="0,1,52,1,54,1" doraHai="24" who="0" fromWho="0" sc="148,52,133,-13,479,-13,240,-26" owari="200,-20.0,120,-38.0,466,56.6,214,1.4" /></mjloggm>