<mjloggm ver="2.3"><GO type="225" lobby="0"/><UN n0="%E5%84%AA%40%41%42%43" n1="%41%54%53%4D" n2="%E6%A0%B9%E5%85%83%E3%81%8B%E3%82%89%E5%90%B9%E3%81%A3%E9%A3%9B%E3%81%B6" n3="%E5%B6%BA%E4%B8%8A%E5%92%B2" dan="17,16,16,16" rate="2231.40,2114.72,2155.94,2072.40" sx="M,M,F,F"/><TAIKYOKU oya="0"/><INIT seed="0,0,0,1,2,0" ten="250,250,250,250" oya="0" hai0="51,39,82,68,126,14,12,48,83,66,107,64,73" hai1="36,25,127,57,122,74,77,41,96,23,89,116,113" hai2="40,123,78,50,27,24,45,21,131,103,20,67,117" hai3="1,38,85,46,72,104,42,99,88,98,128,70,130"/><T105/><D39/><U4/><E116/><V92/><F123/><W110/><G72/><T31/><D73/><U9/><E122/><V13/><F131/><N who="3" m="50219" /><G110/><T124/><REACH who="0" step="1"/><D31/><REACH who="0" ten="240,250,250,250" step="2"/><U5/><E74/><V30/><F30/><W54/><G104/><T81/><D81/><U120/><E36/><V121/><F121/><W58/><G70/><AGARI ba="0,1" hai="12,14,48,51,64,66,68,70,82,83,105,107,124,126" machi="70" ten="25,4800,0" yaku="1,1,22,2,53,0" doraHai="0" doraHaiUra="26" who="0" fromWho="3" sc="240,58,250,0,250,0,250,-48" /><INIT seed="0,1,0,0,4,105" ten="298,250,250,202" oya="0" hai0="38,74,67,21,54,58,29,107,132,64,86,109,53" hai1="17,125,22,75,19,96,41,84,42,87,81,25,71" hai2="9,94,55,70,62,61,37,0,121,83,14,106,57" hai3="15,112,11,26,114,1,44,103,126,79,100,82,27"/><T8/><D38/><U85/><E71/><V111/><F106/><W76/><G126/><T77/><D107/><U104/><E125/><V60/><F121/><W32/><G1/><T93/><D132/><U69/><E69/><V4/><F111/><W39/><G76/><T7/><D109/><U28/><E104/><V63/><F37/><W95/><G114/><T98/><D74/><U89/><E96/><V90/><F83/><W124/><G112/><T118/><D77/><U56/><E56/><V3/><REACH who="2" step="1"/><F70/><REACH who="2" ten="298,250,240,202" step="2"/><W133/><G124/><T88/><D118/><U49/><E81/><V31/><F31/><W51/><G39/><T52/><D58/><U134/><E28/><V128/><F128/><W36/><G36/><T40/><D40/><U119/><E42/><V59/><F59/><W35/><G133/><T6/><D98/><AGARI ba="1,1" hai="0,3,4,9,14,55,57,60,61,62,63,90,94,98" machi="98" ten="40,1300,0" yaku="1,1,53,0" doraHai="105" doraHaiUra="113" who="2" fromWho="0" sc="298,-16,250,0,240,26,202,0" /><INIT seed="1,0,0,5,3,40" ten="282,250,266,202" oya="1" hai0="70,68,66,69,114,107,112,32,128,83,22,47,98" hai1="31,23,86,58,21,50,61,109,10,135,67,57,62" hai2="2,117,101,74,49,52,97,19,30,45,41,120,124" hai3="36,33,4,44,26,56,1,5,113,46,6,15,34"/><U111/><E135/><V14/><F117/><W16/><G113/><T0/><D32/><U125/><E125/><V118/><F120/><W88/><G36/><T9/><D68/><U87/><E50/><N who="2" m="26927" /><F2/><W54/><G1/><T43/><D69/><U39/><E10/><N who="2" m="6615" /><F74/><W133/><G133/><T82/><D70/><U80/><E39/><V38/><F30/><W85/><G26/><T99/><D107/><U53/><E31/><V115/><F118/><W108/><G108/><N who="1" m="41546" /><E87/><V131/><F131/><W102/><G102/><T92/><BYE who="3" /><D128/><U90/><AGARI ba="0,0" hai="21,23,53,57,58,61,62,67,80,86,90" m="41546" machi="90" ten="30,3000,0" yaku="14,1,10,1" doraHai="40" who="1" fromWho="1" sc="282,-10,250,30,266,-10,202,-10" /><INIT seed="1,1,0,5,2,54" ten="272,280,256,192" oya="1" hai0="110,19,79,12,73,2,98,72,20,64,120,103,90" hai1="130,86,104,14,13,95,106,101,84,77,22,127,11" hai2="89,118,76,16,7,51,29,69,35,121,8,48,99" hai3="126,21,31,58,116,65,30,92,114,43,71,125,83"/><U39/><E39/><V115/><F118/><W18/><G18/><T45/><D110/><U113/><E113/><V50/><F121/><W128/><G128/><T53/><D2/><U132/><E130/><V28/><F69/><W108/><G108/><T122/><D64/><U85/><E77/><V111/><F111/><W107/><G107/><T75/><D90/><U0/><E132/><V135/><F135/><W27/><G27/><T97/><D79/><U32/><E32/><V47/><F35/><W60/><G60/><T25/><D25/><U56/><E127/><V88/><F7/><W38/><G38/><T1/><D1/><U49/><E104/><V46/><F76/><W5/><G5/><T23/><D23/><U109/><E106/><V100/><F100/><UN n3="%E5%B6%BA%E4%B8%8A%E5%92%B2" /><W94/><G94/><T3/><D3/><U123/><E123/><N who="0" m="47145" /><D103/><U62/><E109/><V57/><F89/><W124/><G114/><T93/><D93/><U81/><E81/><V63/><F115/><W66/><G116/><T91/><D91/><U24/><E95/><N who="2" m="56807" /><F29/><N who="3" m="10763" /><G92/><T119/><D119/><U87/><E101/><V105/><F28/><W129/><G71/><T61/><D45/><U117/><E117/><V82/><F82/><W133/><G129/><T52/><D53/><N who="1" m="34063" /><E0/><V37/><F105/><W74/><G133/><T44/><D44/><U34/><E34/><V40/><F37/><W68/><G74/><T42/><D42/><U4/><N who="1" m="21504" /><DORA hai="112" /><U6/><E24/><V134/><F134/><W67/><G125/><T59/><AGARI ba="1,0" hai="12,19,20,52,59,61,72,73,75,97,98" m="47145" machi="59" ten="40,5200,0" yaku="13,1,52,1,54,1" doraHai="54,112" who="0" fromWho="0" sc="272,55,280,-27,256,-14,192,-14" /><INIT seed="2,0,0,3,3,129" ten="327,253,242,178" oya="2" hai0="125,62,11,67,6,40,116,48,126,74,33,38,7" hai1="86,87,63,85,60,32,118,102,91,132,54,104,12" hai2="20,59,24,30,21,107,99,31,10,97,17,106,57" hai3="83,64,133,98,119,131,42,70,96,73,47,124,52"/><V69/><F10/><W82/><G119/><T114/><D114/><U109/><E118/><V101/><F69/><W16/><G131/><T79/><D6/><U100/><E32/><V130/><F130/><W66/><G124/><T61/><D33/><U113/><E113/><V18/><F101/><N who="1" m="39017" /><E104/><V121/><REACH who="2" step="1"/><F24/><REACH who="2" ten="327,253,232,178" step="2"/><W27/><G70/><T112/><D11/><U92/><E109/><V108/><F108/><W19/><G133/><T49/><D112/><U120/><E120/><AGARI ba="0,1" hai="17,18,20,21,30,31,57,59,97,99,106,107,120,121" machi="120" ten="25,4800,0" yaku="1,1,22,2,53,0" doraHai="129" doraHaiUra="46" who="2" fromWho="1" sc="327,0,253,-48,232,58,178,0" /><INIT seed="2,1,0,0,1,97" ten="327,205,290,178" oya="2" hai0="27,42,61,68,13,92,70,74,43,16,131,114,12" hai1="45,101,64,32,109,56,62,93,86,83,34,52,130" hai2="40,37,125,81,28,14,106,69,132,46,77,99,55" hai3="82,129,35,19,22,57,135,107,117,15,88,53,29"/><V18/><F125/><W49/><G107/><T65/><D114/><U110/><E130/><V76/><F132/><W122/><G117/><T128/><D74/><U8/><E8/><V20/><F69/><W113/><G122/><T119/><D119/><U102/><E93/><V39/><F55/><W3/><G129/><N who="0" m="49739" /><D70/><U95/><E95/><V25/><F39/><W9/><G135/><T80/><D80/><U123/><E123/><V4/><F4/><W58/><G113/><T21/><D92/><U33/><E45/><V103/><REACH who="2" step="1"/><F81/><REACH who="2" ten="327,205,280,178" step="2"/><W120/><G120/><T0/><D0/><U111/><REACH who="1" step="1"/><E64/><REACH who="1" ten="327,195,280,178" step="2"/><V11/><AGARI ba="1,2" hai="11,14,18,20,25,28,37,40,46,76,77,99,103,106" machi="11" ten="20,12000,1" yaku="1,1,2,1,0,1,7,1,52,1,53,0" doraHai="97" doraHaiUra="48" who="2" fromWho="2" sc="327,-41,195,-41,280,143,178,-41" /><INIT seed="2,2,0,3,1,72" ten="286,154,423,137" oya="2" hai0="10,73,1,82,98,117,0,28,56,33,40,66,37" hai1="122,18,116,131,113,110,17,68,119,120,132,118,95" hai2="70,23,63,111,45,123,21,129,99,22,115,97,125" hai3="67,26,46,60,6,19,31,27,11,41,36,105,24"/><V104/><F115/><W76/><G105/><T48/><D117/><U100/><E68/><V75/><F123/><N who="1" m="47145" /><E100/><V30/><F125/><W35/><G19/><N who="1" m="7178" /><E95/><V89/><F129/><W124/><G124/><T12/><D98/><U49/><E49/><V85/><F75/><W121/><G121/><T83/><D83/><U90/><E90/><V109/><F45/><W88/><G88/><T4/><D48/><U84/><E84/><V44/><F44/><W112/><G112/><T107/><D56/><U38/><E38/><V52/><F70/><W39/><G39/><T9/><D66/><U91/><E91/><V93/><F104/><W77/><G26/><T29/><D82/><U32/><E113/><V61/><F30/><W14/><REACH who="3" step="1"/><G27/><REACH who="3" ten="286,154,423,127" step="2"/><N who="0" m="18591" /><D37/><U94/><E94/><V43/><F93/><W34/><G34/><T65/><D107/><U8/><E32/><V86/><F89/><W53/><G53/><T135/><D40/><U92/><E92/><V42/><F52/><W50/><G50/><T102/><D102/><U87/><E131/><V134/><F43/><W3/><G3/><T15/><D0/><U128/><E128/><V127/><F42/><W13/><G13/><T2/><D1/><U16/><E119/><V20/><F127/><W103/><G103/><T5/><D2/><U78/><E118/><V80/><F97/><W79/><G79/><T69/><D29/><U25/><E116/><V57/><F99/><W62/><G62/><N who="0" m="40119" /><D135/><U64/><E132/><V114/><F134/><W51/><G51/><T74/><D12/><U71/><E16/><V7/><F114/><RYUUKYOKU ba="2,1" sc="286,15,154,-15,423,-15,127,15" hai0="4,5,9,10,15,73,74" hai3="6,11,14,24,31,35,36,41,46,60,67,76,77" /><INIT seed="3,3,1,2,4,4" ten="301,139,408,142" oya="3" hai0="117,119,66,17,12,122,76,21,109,9,100,128,46" hai1="82,11,60,18,2,29,83,13,10,36,47,125,127" hai2="94,71,20,30,118,85,78,67,44,32,105,57,55" hai3="101,123,99,87,111,80,59,54,56,108,19,65,92"/><W98/><G123/><T70/><D122/><U79/><E29/><V84/><F105/><W51/><G99/><T3/><D109/><N who="3" m="42057" /><G19/><T27/><D128/><U53/><E60/><V126/><F85/><W102/><G102/><T39/><D76/><U86/><E82/><V121/><F84/><W28/><G28/><T90/><D100/><U130/><E130/><V6/><F94/><W135/><G135/><T45/><D90/><U96/><E96/><V52/><F78/><N who="3" m="46487" /><G65/><T50/><D66/><U37/><E53/><V48/><F55/><W62/><G62/><T115/><D17/><U61/><E61/><V132/><F67/><W89/><G101/><T23/><D117/><U134/><E134/><V124/><F118/><W120/><G120/><T72/><D119/><U22/><E47/><AGARI ba="3,1" hai="47,51,54,56,59,89,92,98" m="46487,42057" machi="47" ten="30,2900,0" yaku="14,1,10,1" doraHai="4" who="3" fromWho="1" sc="301,0,139,-38,408,0,142,48" /><INIT seed="3,4,0,4,2,64" ten="301,101,408,190" oya="3" hai0="35,102,26,60,55,80,78,104,98,9,58,82,0" hai1="8,122,113,29,87,135,23,15,41,62,79,65,130" hai2="93,34,109,72,70,48,4,123,106,57,86,59,11" hai3="13,119,83,68,16,44,125,30,42,33,43,89,17"/><W36/><G119/><T77/><D0/><U84/><E122/><V56/><F70/><W103/><G125/><T24/><D35/><U101/><E113/><V99/><F34/><W52/><G103/><T115/><D115/><U76/><E130/><V67/><F72/><W66/><G42/><T39/><D39/><U31/><E135/><V74/><F74/><W85/><G13/><T19/><D9/><U107/><E41/><V129/><F129/><W45/><G30/><T51/><D19/><U61/><E107/><V28/><F86/><W116/><G33/><T50/><D82/><U49/><E101/><V1/><F67/><W124/><G124/><T63/><D78/><U37/><E37/><V53/><F109/><W38/><G116/><T91/><D63/><U22/><E65/><V54/><F106/><W73/><G73/><T14/><D14/><U7/><E15/><N who="2" m="5607" /><F123/><W25/><G25/><T81/><D81/><U12/><E12/><V69/><F69/><W92/><G38/><T32/><D91/><U88/><E8/><V2/><F28/><W90/><G66/><T100/><D100/><U134/><E134/><V131/><F1/><W18/><G68/><T132/><D132/><U121/><E121/><V5/><F5/><W108/><G108/><T94/><D104/><U114/><E114/><V40/><F131/><W97/><REACH who="3" step="1"/><G18/><REACH who="3" ten="301,101,408,180" step="2"/><T117/><D117/><U110/><E110/><V105/><F2/><W127/><G127/><T46/><D32/><U6/><REACH who="1" step="1"/><E88/><REACH who="1" ten="301,91,408,180" step="2"/><N who="2" m="55719" /><F105/><W21/><G21/><T128/><D128/><U75/><E75/><V95/><F40/><RYUUKYOKU ba="4,2" sc="301,-15,91,15,408,-15,180,15" hai1="6,7,22,23,29,31,49,61,62,76,79,84,87" hai3="16,17,36,43,44,45,52,83,85,89,90,92,97" /><INIT seed="3,5,2,3,4,61" ten="286,106,393,195" oya="3" hai0="21,135,12,111,128,95,37,117,31,57,47,13,14" hai1="131,9,127,66,129,54,106,48,36,58,125,44,3" hai2="96,68,51,46,67,10,18,116,2,89,63,130,38" hai3="88,55,71,4,69,109,11,5,72,121,115,16,20"/><W113/><G72/><T132/><D117/><U108/><E106/><V32/><F116/><W23/><G121/><T60/><D111/><U17/><E3/><V110/><F32/><W28/><G109/><T114/><D128/><N who="1" m="49227" /><E108/><V134/><F134/><N who="0" m="51242" /><D114/><U0/><E17/><V99/><F110/><W82/><G71/><T83/><D95/><U45/><E9/><V124/><F124/><N who="1" m="47689" /><E0/><V97/><F38/><W103/><G69/><T133/><D133/><U98/><E98/><V35/><F35/><W75/><G16/><N who="0" m="10375" /><D31/><U90/><E90/><V105/><F130/><W62/><G62/><T126/><D126/><U40/><E66/><V53/><F89/><W76/><G88/><T74/><D13/><U65/><E65/><V92/><F92/><W77/><G82/><T120/><D14/><U42/><E58/><V26/><F26/><W29/><G103/><T73/><D57/><U33/><E33/><V70/><F70/><W101/><G101/><T25/><D25/><U84/><E84/><V6/><REACH who="2" step="1"/><F18/><REACH who="2" ten="286,106,383,195" step="2"/><W52/><G11/><T59/><D83/><U8/><E8/><V80/><F80/><W1/><G75/><T19/><D19/><U119/><E119/><V78/><F78/><W41/><REACH who="3" step="1"/><G1/><REACH who="3" ten="286,106,383,185" step="2"/><T94/><D74/><U93/><E93/><V43/><F43/><AGARI ba="5,4" hai="4,5,20,23,28,29,41,43,52,55,76,77,113,115" machi="43" ten="25,12000,1" yaku="1,1,2,1,22,2,54,1,53,0" doraHai="61" doraHaiUra="104" who="3" fromWho="2" sc="286,0,106,0,383,-135,185,175" /><AGARI ba="5,0" hai="36,40,42,43,44,45,48,54" m="47689,49227" machi="43" ten="30,7700,0" yaku="19,1,18,1,34,2" doraHai="61" who="1" fromWho="2" sc="286,0,106,77,248,-77,360,0" owari="286,8.6,183,-21.7,171,-32.9,360,46.0" /></mjloggm>