<mjloggm ver="2.3"><GO type="225" lobby="0"/><UN n0="%E3%81%99%E3%81%84%E3%81%BE%E3%81%9B%E3%83%BC%E3%82%93" n1="%48%61%61%61%6C%61%6E%64" n2="%43%68%65" n3="%E6%80%AA%E3%81%97%E3%81%99%E3%81%8E%E3%82%8B%E3%83%81%E3%83%BC" dan="16,17,16,16" rate="2118.18,2158.79,2128.01,2108.76" sx="M,M,M,M"/><TAIKYOKU oya="0"/><INIT seed="0,0,0,1,5,123" ten="250,250,250,250" oya="0" hai0="11,8,99,104,48,75,134,3,84,79,10,64,31" hai1="73,69,6,101,49,80,53,110,122,55,93,81,52" hai2="114,39,125,47,62,12,16,76,63,25,30,46,112" hai3="37,1,105,127,113,131,98,45,128,129,35,34,86"/><T117/><D117/><U124/><E122/><V27/><F125/><W121/><G121/><T24/><D3/><U60/><E124/><V42/><F76/><W59/><G127/><T38/><D38/><U43/><E6/><V32/><F27/><W67/><G113/><T96/><D134/><U109/><E101/><V118/><F118/><W92/><G86/><T20/><D75/><U111/><E93/><V44/><F44/><W0/><G105/><T33/><D104/><U23/><E23/><V22/><F47/><W87/><G87/><T28/><D64/><N who="1" m="41095" /><E73/><V71/><REACH who="2" step="1"/><F71/><REACH who="2" ten="250,250,240,250" step="2"/><W100/><G34/><T132/><D132/><U116/><E116/><V50/><F50/><W120/><G35/><T29/><D48/><U126/><E126/><V83/><F83/><N who="1" m="31817" /><E43/><V2/><F2/><W88/><G120/><T97/><D33/><U130/><E130/><V85/><F85/><W40/><G100/><T95/><REACH who="0" step="1"/><D79/><REACH who="0" ten="240,250,240,250" step="2"/><U89/><E89/><AGARI ba="0,2" hai="8,10,11,20,24,28,29,31,84,89,95,96,97,99" machi="89" ten="40,7700,0" yaku="1,1,2,1,8,1,53,0" doraHai="123" doraHaiUra="68" who="0" fromWho="1" sc="240,97,250,-77,240,0,250,0" /><INIT seed="0,1,0,0,4,58" ten="337,173,240,250" oya="0" hai0="37,132,36,19,12,3,45,53,95,20,61,11,77" hai1="112,130,131,68,74,108,33,31,10,85,87,98,23" hai2="127,113,75,60,57,30,135,110,69,121,70,116,86" hai3="27,5,84,46,40,8,41,102,32,43,67,107,133"/><T26/><D132/><U6/><E33/><V79/><F75/><W1/><G133/><T35/><D77/><U71/><E74/><V73/><F73/><W51/><G84/><N who="1" m="32330" /><E98/><V28/><F135/><W64/><G102/><T81/><D81/><U56/><E108/><V115/><F121/><W120/><G107/><T66/><D3/><U49/><E112/><V128/><F110/><W22/><G32/><T93/><D35/><U15/><E49/><V126/><F128/><N who="1" m="49193" /><E56/><V99/><F99/><W100/><G100/><T25/><D37/><U96/><E96/><V21/><F57/><W111/><G111/><T104/><D104/><U88/><E88/><V7/><F86/><W117/><G120/><T9/><D36/><U48/><E48/><V109/><F109/><W106/><G106/><T119/><D95/><U44/><E44/><V0/><F79/><W123/><G123/><T72/><D93/><U118/><E118/><V62/><F116/><W125/><G117/><T2/><D72/><U55/><E55/><V17/><F0/><W129/><G129/><T42/><D2/><U29/><E23/><V80/><F21/><W94/><G94/><T54/><D119/><U78/><E78/><V47/><F47/><W13/><G1/><T114/><D114/><U65/><E68/><V38/><F38/><W89/><G89/><T91/><D91/><U16/><E6/><V14/><F7/><W134/><G134/><T83/><D83/><U90/><E90/><V82/><F17/><N who="3" m="12751" /><G125/><T24/><D19/><U39/><E39/><V34/><F34/><W63/><G67/><RYUUKYOKU ba="1,0" sc="337,-30,173,10,240,10,250,10" hai1="10,15,16,29,31,65,71" hai2="14,28,30,60,62,69,70,80,82,113,115,126,127" hai3="5,8,13,40,41,43,46,51,63,64" /><INIT seed="1,2,0,5,2,97" ten="307,183,250,260" oya="1" hai0="21,14,119,132,6,74,24,111,34,122,33,108,134" hai1="1,63,118,129,56,47,51,99,78,126,43,42,29" hai2="105,93,18,38,12,23,59,79,45,82,39,13,8" hai3="4,107,49,75,71,125,31,121,91,2,19,112,50"/><U114/><E114/><V25/><F105/><W54/><G112/><T40/><D74/><U86/><E118/><V70/><F70/><W35/><G121/><T102/><D40/><U37/><E1/><V58/><F13/><W109/><G109/><N who="0" m="42059" /><D102/><U15/><E126/><V26/><F26/><W124/><G19/><N who="0" m="12351" /><D119/><U113/><E113/><V110/><F110/><W46/><G75/><T123/><D14/><U7/><E129/><V95/><F39/><W131/><G131/><T65/><D65/><N who="1" m="39143" /><E37/><V61/><F45/><W68/><G107/><T64/><D6/><U106/><E29/><V94/><F38/><W0/><G31/><T135/><D64/><U52/><E106/><V20/><F20/><W77/><G2/><T30/><D30/><U92/><E15/><V22/><F22/><W41/><G0/><T88/><D88/><N who="1" m="55687" /><E7/><V55/><F12/><W98/><G4/><T36/><D36/><U62/><E62/><V101/><F8/><W103/><G124/><T85/><D85/><U3/><E3/><V66/><F66/><W133/><G125/><T27/><D27/><U57/><E78/><V72/><REACH who="2" step="1"/><F59/><REACH who="2" ten="307,183,240,260" step="2"/><W32/><G71/><T10/><D10/><U44/><E44/><V69/><F69/><W100/><G68/><T87/><D123/><U5/><E47/><V28/><F28/><W89/><G46/><T48/><D122/><U76/><E5/><V128/><F128/><W104/><G104/><T84/><D34/><U115/><E115/><V116/><F116/><W127/><G35/><T96/><D33/><U11/><E11/><V117/><F117/><RYUUKYOKU ba="2,1" sc="307,-15,183,15,240,15,260,-15" hai1="42,43,51,52,57,76,86" hai2="18,23,25,55,58,61,72,79,82,93,94,95,101" /><INIT seed="1,3,1,5,0,84" ten="292,198,255,245" oya="1" hai0="41,59,37,68,1,129,96,58,57,73,97,92,60" hai1="116,24,18,87,69,31,128,95,98,51,123,0,125" hai2="16,113,43,4,78,25,2,90,21,101,11,61,30" hai3="62,49,3,134,14,54,23,33,114,75,6,34,122"/><U88/><E116/><V115/><F101/><W8/><G114/><N who="2" m="43529" /><F43/><W71/><G122/><T70/><D73/><U74/><E123/><V119/><F119/><W89/><G134/><T67/><D1/><U52/><E74/><V133/><F133/><W22/><G75/><T93/><D129/><U36/><E36/><V27/><F78/><W112/><G112/><T5/><D5/><U38/><E38/><V64/><F90/><W12/><G89/><T35/><D35/><U124/><E69/><N who="2" m="42127" /><F27/><W109/><G109/><T121/><D121/><U111/><E111/><V66/><F66/><W77/><G77/><T72/><D72/><U10/><E128/><V76/><F76/><W103/><G103/><T135/><D135/><U50/><E98/><V13/><F2/><W48/><G3/><T47/><D70/><U32/><E0/><V106/><F106/><W40/><G40/><T94/><AGARI ba="3,1" hai="37,41,47,57,58,59,60,67,68,92,93,94,96,97" machi="94" ten="30,1100,0" yaku="0,1" doraHai="84" who="0" fromWho="0" sc="292,30,198,-8,255,-6,245,-6" /><INIT seed="2,0,0,0,4,66" ten="322,190,249,239" oya="2" hai0="86,115,29,37,96,22,117,64,103,121,126,80,13" hai1="83,114,98,60,128,41,14,44,85,106,71,58,34" hai2="25,30,70,40,47,130,36,94,102,62,19,48,84" hai3="51,109,4,2,111,54,56,8,43,119,124,108,21"/><V101/><F130/><W27/><G119/><T39/><D121/><U24/><E114/><V78/><F19/><W87/><G124/><T28/><D115/><U88/><E128/><V133/><F133/><W50/><G87/><T95/><D126/><U73/><E73/><V1/><F1/><W97/><G97/><T89/><D117/><U127/><E127/><V10/><F10/><W18/><REACH who="3" step="1"/><G43/><REACH who="3" ten="322,190,249,229" step="2"/><T91/><D86/><U35/><E98/><V118/><F84/><W31/><G31/><T46/><D29/><U32/><E106/><V52/><F118/><W45/><G45/><T49/><D46/><U82/><E82/><V17/><F30/><W26/><G26/><T116/><D28/><U59/><E24/><V55/><F25/><W75/><G75/><T0/><D80/><U6/><E44/><V53/><F40/><W134/><G134/><T107/><D96/><U63/><E41/><V65/><F65/><W99/><BYE who="2" /><G99/><T72/><D64/><U90/><E85/><V5/><F5/><W20/><G20/><T38/><D22/><UN n2="%43%68%65" /><U125/><E125/><V68/><F47/><W9/><G9/><T67/><D67/><N who="1" m="41447" /><E83/><V104/><F78/><W33/><G33/><T129/><D72/><U16/><E6/><V105/><F105/><W92/><G92/><T123/><D107/><U79/><E79/><V100/><F94/><W7/><G7/><T110/><D116/><U12/><E34/><V3/><F104/><W112/><G112/><T122/><D129/><U69/><E32/><V131/><F131/><W11/><G11/><T93/><D93/><RYUUKYOKU ba="0,1" sc="322,-10,190,-10,249,-10,229,30" hai3="2,4,8,18,21,27,50,51,54,56,108,109,111" /><INIT seed="3,1,1,5,3,30" ten="312,180,239,259" oya="3" hai0="105,76,62,74,122,59,135,117,66,21,45,86,19" hai1="52,29,6,90,39,101,102,120,64,130,109,20,132" hai2="123,100,58,17,38,88,87,37,31,32,50,126,104" hai3="127,133,54,89,14,77,35,2,11,81,94,61,26"/><W78/><G2/><T43/><D122/><U93/><E120/><V18/><F123/><W124/><G133/><T121/><D117/><U80/><E132/><V118/><F118/><W53/><G26/><T108/><D108/><U33/><E109/><V125/><F100/><W116/><G35/><T85/><D105/><U63/><E130/><V106/><F58/><N who="3" m="35023" /><G54/><T44/><D135/><U114/><E114/><V16/><F50/><W69/><G81/><N who="0" m="47271" /><D74/><U103/><E39/><N who="2" m="14859" /><F31/><W98/><G69/><T113/><D43/><U4/><E80/><N who="2" m="49255" /><F32/><W25/><G25/><N who="0" m="14527" /><D113/><U70/><E33/><V3/><F3/><W40/><G40/><T71/><D71/><U95/><E95/><V112/><F112/><W0/><G0/><T68/><D68/><U96/><E29/><V75/><F75/><W65/><G65/><T15/><D121/><U129/><E129/><V36/><F36/><W12/><G12/><T27/><D27/><U134/><E134/><V79/><F79/><W60/><G60/><T97/><D15/><U128/><E128/><V92/><F92/><W56/><G56/><T34/><D34/><U10/><E70/><V67/><F67/><W24/><G24/><T107/><D86/><U46/><E64/><V49/><F49/><W73/><G73/><T48/><D48/><N who="1" m="28695" /><E63/><V42/><F42/><W83/><G116/><T82/><D82/><U51/><E51/><V111/><F111/><W84/><G78/><T7/><D7/><N who="1" m="2603" /><E20/><V8/><F8/><W119/><G11/><T110/><D110/><U55/><E10/><V47/><F47/><N who="0" m="17994" /><D107/><U22/><E22/><RYUUKYOKU ba="1,1" sc="312,10,180,10,239,10,259,-30" hai0="59,62,66,97" hai1="55,90,93,96,101,102,103" hai2="16,17,18,104,106,125,126" owari="332,43.2,190,-31.0,249,4.9,229,-17.1" /></mjloggm>