<mjloggm ver="2.3"><GO type="225" lobby="0"/><UN n0="%E8%90%BD%E6%97%A5" n1="%E3%81%82%E3%81%84%E3%81%82%E3%81%8A%E3%81%84" n2="%E3%81%A1%E3%82%85%E3%81%86%E3%81%A9%E3%81%8F%E8%B1%A1%E3%81%95%E3%82%93" n3="%E3%81%A9%E3%82%8F%E3%82%93%E3%81%94" dan="19,18,17,16" rate="2240.38,2250.80,2185.19,2172.29" sx="F,M,M,M"/><TAIKYOKU oya="0"/><INIT seed="0,0,0,1,0,27" ten="250,250,250,250" oya="0" hai0="88,97,42,99,135,86,125,30,47,130,102,22,126" hai1="100,3,103,51,58,109,24,79,85,15,52,60,10" hai2="119,7,121,72,110,98,34,29,112,90,81,118,122" hai3="19,116,84,6,74,134,108,92,11,49,77,69,32"/><T20/><D130/><U57/><E109/><V43/><F112/><W35/><G116/><N who="2" m="44585" /><F43/><W94/><G108/><T33/><D135/><U132/><E3/><V80/><F110/><W62/><G74/><T105/><D97/><U133/><E24/><N who="2" m="18727" /><F7/><W66/><G19/><T0/><D0/><U23/><E23/><V41/><F41/><W91/><G134/><T71/><D71/><U89/><E79/><N who="2" m="44135" /><F81/><W54/><G77/><T123/><D123/><U117/><E117/><V64/><F64/><W8/><G94/><AGARI ba="0,0" hai="90,94,98,121,122" m="44135,18727,44585" machi="94" ten="30,2000,0" yaku="12,1,52,1" doraHai="27" who="2" fromWho="3" sc="250,0,250,0,250,20,250,-20" /><INIT seed="1,0,0,1,0,105" ten="250,250,270,230" oya="1" hai0="114,34,6,130,42,41,9,112,134,67,101,110,119" hai1="75,60,21,20,27,1,103,65,39,73,96,58,120" hai2="83,62,107,80,117,109,32,87,98,64,100,89,31" hai3="56,106,53,118,30,97,33,61,90,13,123,88,35"/><U95/><E120/><V19/><F117/><W133/><G123/><T84/><D119/><U44/><E1/><V17/><F109/><W10/><G118/><T45/><D34/><U15/><E15/><V108/><F108/><W135/><G106/><T36/><D110/><U14/><E14/><V74/><F31/><W48/><G48/><T111/><D111/><U2/><E2/><V25/><F25/><W24/><G35/><T93/><D130/><U69/><E69/><V8/><F32/><W128/><G128/><T81/><D134/><N who="3" m="51209" /><G97/><T50/><D67/><U54/><E20/><V82/><F8/><W12/><G12/><N who="0" m="5175" /><D36/><U71/><E39/><V122/><F122/><W79/><G79/><N who="0" m="46143" /><D41/><U3/><E3/><V7/><F7/><AGARI ba="0,0" hai="7,10,13,24,30,33,53,56,61,88,90" m="51209" machi="7" ten="30,2000,0" yaku="20,1,54,1" doraHai="105" who="3" fromWho="2" sc="250,0,250,0,270,-20,230,20" /><INIT seed="2,0,0,0,0,96" ten="250,250,250,250" oya="2" hai0="3,97,39,101,103,94,116,72,65,20,128,86,40" hai1="117,115,55,69,60,13,77,78,79,47,45,109,29" hai2="34,87,135,0,37,33,19,122,84,123,131,53,10" hai3="132,42,90,54,46,41,2,98,82,70,16,105,50"/><V67/><F37/><W111/><G2/><T125/><D72/><U81/><E115/><V112/><F112/><W22/><G70/><T64/><D3/><U68/><E117/><V92/><F67/><N who="0" m="25674" /><D39/><U26/><E109/><V114/><F114/><W104/><G111/><T23/><D116/><U61/><E81/><V48/><F135/><W56/><G132/><T88/><D125/><U129/><E129/><V58/><F131/><W7/><G7/><T74/><D74/><U57/><E13/><V127/><F127/><W80/><G42/><T24/><D128/><U118/><E118/><V62/><F87/><W4/><G4/><T11/><D11/><U6/><E6/><V107/><F107/><W30/><G30/><N who="0" m="17671" /><D40/><U8/><E8/><V52/><F0/><W121/><G121/><T18/><D86/><U89/><E68/><V59/><F122/><W63/><G105/><T113/><D113/><U102/><E69/><V95/><F123/><W27/><G104/><T75/><D75/><U91/><E61/><V99/><F84/><W119/><G119/><T76/><D76/><U134/><E134/><V110/><F110/><W66/><G66/><T49/><D49/><U51/><E51/><V106/><F106/><W130/><G130/><T93/><D93/><AGARI ba="0,0" hai="16,22,27,41,46,50,54,56,63,80,82,90,93,98" machi="93" ten="40,8000,1" yaku="25,2,8,1,54,1" doraHai="96" who="3" fromWho="0" sc="250,-80,250,0,250,0,250,80" /><INIT seed="3,0,0,0,4,15" ten="170,250,250,330" oya="3" hai0="41,45,118,80,40,17,44,94,127,1,32,68,57" hai1="92,67,122,119,79,87,72,78,46,74,59,71,12" hai2="117,93,38,131,126,7,53,73,54,89,100,129,69" hai3="75,85,63,103,101,121,6,77,123,56,116,106,4"/><W104/><G116/><T61/><D118/><U132/><E119/><V105/><F117/><RYUUKYOKU type="kaze4" ba="0,0" sc="170,0,250,0,250,0,330,0" /><INIT seed="3,1,0,4,2,8" ten="170,250,250,330" oya="3" hai0="41,132,64,45,22,75,95,35,97,5,11,119,81" hai1="130,109,104,60,85,34,10,86,114,131,92,100,57" hai2="30,9,33,93,46,49,74,128,102,77,14,24,107" hai3="56,27,98,59,73,123,117,23,43,58,78,112,47"/><W0/><G123/><T7/><D119/><U51/><E114/><V84/><F128/><N who="1" m="49193" /><E109/><V67/><F107/><W94/><G0/><T29/><D35/><U65/><E104/><V53/><F67/><W15/><G73/><T55/><D132/><U39/><E39/><V80/><F102/><W21/><G78/><T36/><D64/><U48/><E34/><V101/><F101/><W115/><G117/><T68/><D68/><U25/><E25/><V32/><F93/><W135/><G135/><T124/><D124/><U40/><E10/><V42/><F32/><W87/><G87/><N who="1" m="33290" /><E40/><V118/><F118/><W72/><G72/><T110/><D110/><U2/><E2/><V79/><F74/><W122/><G122/><T103/><D55/><U31/><E31/><V28/><F28/><W82/><G115/><T89/><D103/><U16/><E16/><V106/><F106/><W88/><G27/><T76/><D29/><U113/><E113/><V66/><F66/><W37/><G43/><T91/><D91/><U116/><E116/><V38/><F38/><W12/><G88/><T63/><D22/><U44/><E44/><V26/><F26/><W108/><G23/><T127/><D127/><U105/><E105/><V125/><F125/><W121/><G21/><T111/><D111/><U3/><E3/><V1/><F1/><W6/><G108/><T19/><REACH who="0" step="1"/><D63/><REACH who="0" ten="160,250,250,330" step="2"/><U96/><AGARI ba="1,1" hai="48,51,57,60,65,92,96,100" m="33290,49193" machi="96" ten="30,1100,0" yaku="19,1" doraHai="8" who="1" fromWho="1" sc="160,-4,250,24,250,-4,330,-6" owari="156,-34.4,274,7.4,246,-15.4,324,42.4" /></mjloggm>