<mjloggm ver="2.3"><GO type="225" lobby="0"/><UN n0="%E9%B3%B3%E6%9D%B1%E3%81%AE%E3%81%86%E3%81%95%E3%81%8E%E3%81%95%E3%82%93" n1="%6D%75%75%6D%75%72%61" n2="%E6%B4%BE%E9%81%A3%E3%81%AE%E3%82%B8%E3%83%A3%E3%83%83%E3%82%AF" n3="%E6%9A%87%E4%BA%BA%EF%BC%A0%E9%85%8D%E4%BF%A1%E5%9E%A2" dan="17,16,16,17" rate="2269.73,2122.68,2143.09,2156.03" sx="M,F,M,F"/><TAIKYOKU oya="0"/><INIT seed="0,0,0,3,2,25" ten="250,250,250,250" oya="0" hai0="51,17,96,124,85,135,101,109,53,69,49,35,102" hai1="105,2,4,127,68,34,92,26,23,70,76,74,116" hai2="122,59,24,41,43,81,95,45,7,65,58,88,30" hai3="60,38,3,52,39,0,132,14,10,71,21,90,6"/><T8/><D135/><U130/><E130/><V11/><F122/><W79/><G132/><T107/><D124/><U5/><E5/><V36/><BYE who="1" /><F81/><W62/><G79/><T46/><D35/><U121/><E121/><V73/><F73/><W108/><G108/><T118/><D118/><U78/><E78/><V103/><F103/><W128/><G128/><T44/><D109/><U104/><E104/><V86/><F43/><W12/><G90/><T22/><D69/><U18/><E18/><V93/><F93/><W77/><G77/><T32/><D32/><U82/><E82/><V37/><F37/><W42/><G42/><T57/><D102/><U110/><E110/><V55/><F65/><W9/><G21/><T67/><D67/><U91/><E91/><V61/><F58/><W66/><G52/><T64/><D64/><U89/><E89/><V83/><F83/><W126/><G126/><T87/><D8/><U16/><E16/><V134/><F134/><W125/><G125/><T50/><D46/><U112/><E112/><V97/><F86/><W114/><G114/><T98/><D98/><U1/><E1/><V15/><REACH who="2" step="1"/><F24/><REACH who="2" ten="250,250,240,250" step="2"/><W133/><G133/><T99/><D99/><U56/><E56/><V31/><AGARI ba="0,1" hai="7,11,15,30,31,36,41,45,55,59,61,88,95,97" machi="31" ten="30,12000,2" yaku="1,1,2,1,0,1,52,2,54,1,53,0" doraHai="25" doraHaiUra="129" who="2" fromWho="2" sc="250,-60,250,-30,240,130,250,-30" /><INIT seed="1,0,0,1,3,73" ten="190,220,370,220" oya="1" hai0="69,66,3,11,101,28,83,94,108,56,7,26,45" hai1="67,64,62,12,50,0,103,97,59,128,105,46,114" hai2="119,41,49,27,113,40,99,10,111,98,6,44,76" hai3="58,130,19,61,71,43,15,68,117,110,107,60,54"/><U20/><E20/><V25/><F119/><W79/><G117/><T118/><D118/><U115/><E115/><V34/><F111/><W93/><G107/><T18/><D69/><U133/><E133/><V126/><F126/><W135/><G110/><T47/><D108/><U74/><E74/><V78/><F113/><W5/><G135/><T90/><D101/><U85/><E85/><V29/><F40/><W2/><G130/><T104/><D104/><U1/><E1/><V35/><F35/><W9/><G43/><T134/><D18/><U4/><E4/><V75/><F27/><W121/><G121/><T30/><D134/><U37/><E37/><V52/><F41/><W14/><G2/><T122/><D83/><U87/><E87/><V42/><F42/><W91/><G61/><T13/><D3/><U53/><E53/><V8/><F8/><W33/><G33/><T124/><D124/><U32/><E32/><V84/><F75/><W89/><G79/><T39/><D39/><U22/><E22/><V96/><REACH who="2" step="1"/><F84/><REACH who="2" ten="190,220,360,220" step="2"/><W77/><G9/><T120/><D120/><U100/><E100/><V36/><F36/><W86/><G86/><N who="0" m="52567" /><D122/><U31/><E31/><N who="0" m="11817" /><D26/><U70/><E70/><V109/><F109/><W23/><G68/><T57/><D66/><U116/><E116/><V106/><F106/><W129/><G71/><T48/><D48/><U17/><E17/><V88/><F88/><W21/><G89/><T102/><D102/><U80/><E80/><V82/><F82/><W125/><G125/><T81/><D81/><U72/><E72/><V63/><F63/><RYUUKYOKU ba="0,1" sc="190,15,220,-15,360,15,220,-15" hai0="7,11,13,45,47,56,57" hai2="6,10,25,29,34,44,49,52,76,78,96,98,99" /><INIT seed="2,1,1,4,3,35" ten="205,205,375,205" oya="2" hai0="26,106,32,133,71,123,100,53,73,42,40,20,46" hai1="98,105,61,115,132,68,37,47,88,8,91,21,2" hai2="89,18,27,131,50,135,34,118,86,129,5,7,76" hai3="81,108,85,113,54,70,62,122,65,16,52,96,94"/><V57/><F118/><W56/><G122/><T25/><D123/><U128/><E128/><V44/><F76/><N who="3" m="46247" /><G70/><T83/><D71/><U117/><E117/><V95/><F135/><W109/><G113/><T0/><D0/><U112/><E112/><V55/><F44/><W29/><G29/><T126/><D133/><U75/><E75/><V49/><F49/><W43/><G43/><T97/><D126/><U48/><E48/><V84/><F84/><W11/><G108/><T125/><D125/><U77/><E77/><V79/><F79/><W130/><G130/><N who="2" m="49673" /><F34/><W74/><G74/><T87/><D73/><U24/><E24/><V116/><F116/><W38/><G38/><T9/><D25/><U121/><E121/><V66/><F66/><W101/><G109/><T14/><D32/><U103/><E103/><V102/><F102/><W63/><G63/><T67/><D67/><U120/><E120/><V33/><F33/><W72/><G72/><T15/><D100/><U4/><E4/><V23/><AGARI ba="1,1" hai="5,7,18,23,27,50,55,57,86,89,95" m="49673" machi="23" ten="30,1500,0" yaku="19,1" doraHai="35" who="2" fromWho="2" sc="205,-6,205,-6,375,28,205,-6" /><INIT seed="2,2,0,2,1,72" ten="199,199,403,199" oya="2" hai0="132,13,90,98,112,14,67,9,19,25,61,8,101" hai1="89,123,11,131,17,113,129,119,23,16,83,36,58" hai2="85,31,59,78,56,28,91,18,53,130,127,63,50" hai3="107,55,120,109,88,5,68,76,15,134,110,124,51"/><V74/><F130/><W128/><G120/><T97/><D132/><U4/><E4/><V0/><F0/><W70/><G128/><T106/><D112/><U118/><E118/><V104/><F104/><W43/><G134/><T32/><D97/><U30/><E30/><V135/><F127/><W26/><G124/><T73/><D73/><U10/><E10/><V54/><F135/><W46/><G107/><T79/><D90/><U41/><E41/><V24/><F74/><W102/><G102/><T21/><D79/><U2/><E2/><V64/><F64/><W57/><G76/><T122/><D122/><U34/><E34/><V87/><F87/><W52/><G26/><T86/><D86/><U37/><E37/><V103/><F103/><W1/><G1/><T121/><D121/><U27/><E27/><V42/><F42/><W133/><G133/><T80/><D80/><U3/><E3/><V114/><F114/><W35/><G35/><T111/><D111/><N who="3" m="42505" /><G88/><T93/><D106/><U115/><E115/><V69/><F69/><N who="3" m="26731" /><G57/><N who="0" m="37295" /><D32/><U96/><E96/><V105/><F105/><W6/><G15/><AGARI ba="2,0" hai="8,9,13,14,15,19,21,25,93,98,101" m="37295" machi="15" ten="30,1000,0" yaku="8,1" doraHai="72" who="0" fromWho="3" sc="199,16,199,0,403,0,199,-16" /><INIT seed="3,0,0,1,1,56" ten="215,199,403,183" oya="3" hai0="21,55,40,34,52,89,2,29,18,59,14,1,53" hai1="13,121,70,8,95,50,22,6,31,101,115,99,93" hai2="120,64,7,11,4,111,132,10,135,122,68,84,91" hai3="79,81,46,25,87,65,48,92,127,37,0,108,36"/><W30/><G0/><T58/><D1/><U63/><E63/><N who="2" m="39967" /><F111/><W33/><G108/><T123/><D123/><N who="2" m="47146" /><F10/><W129/><G127/><T5/><D40/><U72/><E72/><V35/><F35/><W71/><G129/><T106/><D106/><U134/><E134/><N who="2" m="51243" /><F11/><W100/><G100/><T47/><D34/><U119/><E119/><V16/><F16/><W133/><G133/><T117/><D18/><U103/><E103/><V102/><F102/><W78/><G78/><T42/><D5/><U62/><E62/><V75/><F75/><W128/><G128/><T110/><D110/><U49/><E49/><V9/><F9/><W20/><G33/><T15/><D29/><U57/><E57/><V43/><F43/><W44/><G71/><T45/><D59/><U90/><E90/><V80/><AGARI ba="0,0" hai="4,7,80,84,91" m="51243,47146,39967" machi="80" ten="30,4000,0" yaku="13,1,20,1,52,1" doraHai="56" who="2" fromWho="2" sc="215,-10,199,-10,403,40,183,-20" owari="205,0.5,189,-21.1,443,54.3,163,-33.7" /></mjloggm>