<mjloggm ver="2.3"><GO type="225" lobby="0"/><UN n0="%73%73%6B%5F%66%72%65%65" n1="%E3%81%BF%E3%81%BF%E3%81%9A" n2="%E3%83%89%E3%83%A9%E3%81%8F%E3%82%8C" n3="%E5%B8%86%E7%AB%8B%E5%A4%8F%E8%A1%A3" dan="16,18,17,16" rate="2093.92,2258.81,2215.07,2137.88" sx="M,M,M,M"/><TAIKYOKU oya="0"/><INIT seed="0,0,0,2,0,34" ten="250,250,250,250" oya="0" hai0="109,132,62,10,28,44,46,8,70,57,66,106,2" hai1="53,83,32,73,47,121,52,50,49,69,61,118,26" hai2="87,116,126,40,22,72,135,78,94,17,30,21,13" hai3="29,103,88,91,6,51,31,89,4,41,23,120,54"/><T90/><D132/><U3/><E118/><V107/><F107/><W12/><G120/><T97/><D109/><U24/><E121/><V114/><F114/><W76/><G41/><T39/><D39/><U7/><E73/><V127/><F116/><W56/><G76/><T108/><D108/><U98/><E83/><N who="2" m="45511" /><F40/><W128/><G128/><T104/><D2/><U80/><E80/><V68/><F68/><W14/><G103/><T129/><D28/><N who="3" m="10825" /><G23/><T124/><D124/><N who="2" m="47658" /><F135/><W101/><G101/><T75/><D75/><U100/><E32/><V71/><F71/><W113/><G113/><T117/><D70/><U58/><E69/><V123/><F123/><W25/><G25/><T96/><D117/><U42/><E3/><V95/><F87/><W84/><G84/><T38/><D106/><U45/><REACH who="1" step="1"/><E7/><AGARI ba="0,0" hai="4,6,7,12,14,51,54,56,88,89,91" m="10825" machi="7" ten="30,2000,0" yaku="8,1,54,1" doraHai="34" who="3" fromWho="1" sc="250,0,250,-20,250,0,250,20" /><INIT seed="1,0,0,3,0,51" ten="250,230,250,270" oya="1" hai0="49,89,3,63,23,6,134,95,42,0,39,87,81" hai1="97,25,116,114,82,24,38,69,53,129,22,59,93" hai2="65,115,52,29,109,105,123,111,130,56,46,133,86" hai3="2,117,131,18,108,100,7,103,107,61,67,88,125"/><U19/><E114/><V64/><F123/><W120/><G120/><T90/><D39/><U10/><E116/><V112/><F105/><W66/><G108/><N who="2" m="41545" /><F130/><W70/><G131/><T5/><D134/><U102/><E129/><V60/><F133/><W124/><G117/><T21/><D63/><U101/><E69/><V135/><F135/><W30/><G67/><N who="2" m="25673" /><F29/><W1/><G30/><T85/><D49/><N who="1" m="31151" /><E38/><V83/><F46/><W122/><G122/><T43/><D95/><U17/><E82/><AGARI ba="0,0" hai="0,3,5,6,21,23,42,43,81,82,85,87,89,90" machi="82" ten="25,1600,0" yaku="22,2" doraHai="51" who="0" fromWho="1" sc="250,16,230,-16,250,0,270,0" /><INIT seed="2,0,0,0,4,119" ten="266,214,250,270" oya="2" hai0="4,84,100,6,75,51,18,92,2,103,104,25,50" hai1="125,63,41,73,29,3,56,127,113,102,5,90,9" hai2="77,62,96,108,40,21,58,110,72,53,57,49,101" hai3="13,83,105,48,10,24,11,123,132,120,93,67,131"/><V68/><F68/><W82/><G105/><T99/><D75/><U28/><E113/><V71/><F71/><W126/><G67/><T88/><D103/><U122/><E73/><V74/><F21/><W98/><G24/><T121/><D121/><U89/><E41/><V109/><F77/><W111/><G48/><N who="0" m="18475" /><D2/><U15/><E102/><V7/><F7/><N who="0" m="2602" /><D104/><U0/><E15/><V81/><F81/><W14/><G111/><T27/><D18/><U69/><E69/><V79/><F79/><W54/><G131/><T17/><D17/><U61/><E5/><V19/><F19/><W91/><G126/><T22/><D22/><U114/><E114/><V46/><REACH who="2" step="1"/><F58/><REACH who="2" ten="266,214,240,270" step="2"/><W20/><G20/><T42/><D27/><U115/><E115/><V86/><F86/><W94/><G83/><N who="0" m="49183" /><D25/><U38/><E56/><V116/><F116/><W107/><G82/><T129/><D129/><U43/><E9/><V78/><F78/><W60/><G10/><T76/><D76/><U36/><REACH who="1" step="1"/><E43/><AGARI ba="0,1" hai="42,43,92,99,100" m="49183,2602,18475" machi="43" ten="30,2000,0" yaku="8,1,54,1" doraHai="119" who="0" fromWho="1" sc="266,30,214,-20,240,0,270,0" /><INIT seed="3,0,0,4,3,36" ten="296,194,240,270" oya="3" hai0="6,106,23,87,114,49,34,53,129,119,13,75,67" hai1="4,95,132,81,112,18,89,41,122,15,88,56,92" hai2="1,103,3,117,42,77,78,74,25,38,93,26,99" hai3="105,135,109,76,58,46,35,59,44,31,5,100,47"/><W121/><G121/><T48/><D119/><U61/><E112/><V70/><F70/><W85/><G35/><T68/><D75/><U63/><E122/><V83/><F117/><W102/><G105/><T17/><D34/><U101/><E132/><V24/><REACH who="2" step="1"/><F77/><REACH who="2" ten="296,194,230,270" step="2"/><W104/><G76/><T43/><D68/><U71/><E71/><V9/><F9/><W94/><G135/><T16/><D114/><U32/><E32/><V7/><F7/><W54/><G5/><T8/><D129/><U125/><E125/><V113/><F113/><W62/><G109/><T64/><D6/><U55/><E4/><V97/><F97/><W96/><G31/><T82/><D8/><U29/><E29/><V2/><F2/><W40/><G102/><T72/><D17/><U27/><E27/><V128/><F128/><W120/><G120/><T108/><D108/><U30/><E30/><V124/><F124/><W130/><G130/><T60/><D16/><U28/><E28/><V118/><F118/><W57/><REACH who="3" step="1"/><G40/><REACH who="3" ten="296,194,230,260" step="2"/><T22/><D43/><U90/><E41/><V0/><F0/><W66/><G66/><T86/><D64/><U19/><E19/><V21/><F21/><W115/><G115/><T110/><D23/><N who="1" m="11743" /><E101/><V37/><F37/><W51/><G51/><T69/><D48/><U116/><E116/><V11/><F11/><W80/><G80/><T107/><D49/><N who="1" m="30831" /><E81/><V84/><F84/><W123/><G123/><T79/><D86/><N who="1" m="52247" /><E89/><AGARI ba="0,2" hai="44,46,47,54,57,58,59,62,85,89,94,96,100,104" machi="89" ten="40,3900,0" yaku="1,1,53,1" doraHai="36" doraHaiUra="91" who="3" fromWho="1" sc="296,0,194,-39,230,0,260,59" owari="296,9.6,155,-34.5,230,-17.0,319,41.9" /></mjloggm>