<mjloggm ver="2.3"><GO type="225" lobby="0"/><UN n0="%E5%82%8D%E8%8B%A5%E7%84%A1%E4%BA%BA%35%31" n1="%E3%81%B5%E3%81%98%E3%81%8B%E3%81%A4" n2="%EF%BC%B3%E3%81%9E%E3%81%88%E2%98%86" n3="%72%69%6F%75%63%68%61%6E" dan="16,17,16,16" rate="2108.92,2190.01,2091.29,2224.26" sx="M,M,F,M"/><TAIKYOKU oya="0"/><INIT seed="0,0,0,2,2,33" ten="250,250,250,250" oya="0" hai0="104,111,103,49,6,110,8,37,133,7,86,52,82" hai1="43,38,14,36,105,77,65,23,71,58,123,53,125" hai2="130,76,113,106,88,3,89,1,0,18,45,35,32" hai3="27,57,81,39,25,42,17,29,92,62,40,131,66"/><T16/><D37/><U84/><E105/><V55/><F113/><W30/><G131/><T48/><D133/><U96/><E123/><V46/><F106/><W124/><G124/><T20/><D49/><U56/><E125/><V80/><F18/><W78/><G39/><T13/><D103/><U127/><E127/><V67/><F67/><W4/><G4/><T44/><D104/><U9/><E96/><V119/><F130/><W19/><G92/><T118/><D118/><U69/><E23/><V50/><F119/><W100/><G100/><T128/><D128/><U74/><E74/><V91/><REACH who="2" step="1"/><F45/><REACH who="2" ten="250,250,240,250" step="2"/><W97/><G17/><N who="0" m="8359" /><D111/><U15/><E65/><V85/><AGARI ba="0,1" hai="0,1,3,32,35,46,50,55,76,80,85,88,89,91" machi="85" ten="40,12000,2" yaku="1,1,0,1,52,3,54,1,53,0" doraHai="33" doraHaiUra="121" who="2" fromWho="2" sc="250,-60,250,-30,240,130,250,-30" /><INIT seed="1,0,0,0,5,108" ten="190,220,370,220" oya="1" hai0="61,133,73,116,54,18,20,91,85,78,56,115,76" hai1="37,59,51,99,38,121,32,74,36,60,55,129,95" hai2="12,4,34,94,124,125,26,48,2,64,17,11,89" hai3="16,23,41,114,103,6,15,117,132,27,105,71,120"/><U58/><E121/><V25/><F64/><W29/><G120/><T72/><D115/><U65/><E74/><V128/><F128/><W119/><G71/><T63/><D116/><N who="3" m="44617" /><G132/><T122/><D133/><U62/><E32/><V131/><F48/><W0/><G41/><T93/><D122/><U75/><E75/><V21/><F131/><W111/><G111/><T49/><D73/><U82/><E82/><V30/><REACH who="2" step="1"/><F26/><REACH who="2" ten="190,220,360,220" step="2"/><W43/><G43/><T22/><D22/><U77/><E129/><V69/><F69/><W102/><G114/><T44/><D72/><U127/><E127/><V42/><F42/><W92/><G105/><T13/><REACH who="0" step="1"/><D63/><REACH who="0" ten="180,220,360,220" step="2"/><U100/><E62/><V130/><F130/><W135/><G135/><T28/><D28/><U33/><E33/><V81/><F81/><W40/><G29/><T67/><AGARI ba="0,2" hai="13,18,20,44,49,54,56,61,67,76,78,85,91,93" machi="67" ten="20,5200,0" yaku="1,1,0,1,7,1,8,1,53,0" doraHai="108" doraHaiUra="5" who="0" fromWho="0" sc="180,72,220,-26,360,-13,220,-13" /><INIT seed="2,0,0,5,0,30" ten="252,194,347,207" oya="2" hai0="93,118,131,24,92,102,73,21,8,27,11,66,4" hai1="26,63,48,52,9,130,88,115,67,1,103,71,69" hai2="70,99,20,125,31,23,43,7,111,129,22,60,121" hai3="64,74,98,62,51,120,122,0,38,47,28,119,127"/><V10/><F121/><W18/><G119/><T3/><D73/><U33/><E115/><V37/><F37/><W17/><G127/><T86/><D118/><U40/><E103/><V113/><F113/><W87/><G74/><T133/><D131/><U108/><E130/><V75/><F75/><W54/><G0/><T49/><D133/><U135/><E135/><V101/><F43/><W114/><G114/><T132/><D132/><U112/><E112/><V97/><F97/><W79/><G38/><T72/><D72/><U128/><E128/><V45/><F45/><W82/><G28/><T117/><D117/><U16/><E108/><V89/><F89/><W83/><G83/><T123/><D66/><U90/><E69/><V65/><F111/><W15/><G98/><T85/><D49/><U36/><E33/><V5/><F5/><W53/><G53/><T96/><D123/><U109/><E109/><V44/><F44/><W68/><REACH who="3" step="1"/><G18/><REACH who="3" ten="252,194,347,197" step="2"/><T55/><D3/><U58/><E1/><N who="2" m="367" /><F99/><W25/><G25/><T59/><D27/><U104/><E104/><V94/><F31/><W14/><G14/><T81/><D24/><U39/><E39/><V100/><F125/><W42/><G42/><T106/><D81/><U35/><E35/><V50/><F129/><W19/><G19/><T77/><D96/><U46/><E26/><V76/><F101/><W34/><G34/><T116/><D102/><U105/><E105/><V6/><F100/><W2/><G2/><T61/><D106/><U13/><AGARI ba="0,1" hai="9,13,16,36,40,46,48,52,58,63,67,71,88,90" machi="13" ten="30,12000,2" yaku="0,1,24,2,54,3" doraHai="30" who="1" fromWho="1" sc="252,-30,194,130,347,-60,197,-30" /><INIT seed="3,0,0,2,2,49" ten="222,324,287,167" oya="3" hai0="48,25,1,77,70,93,127,73,10,54,111,64,53" hai1="132,82,83,7,56,108,44,5,71,41,60,122,14" hai2="74,96,115,57,107,13,81,68,23,39,12,131,40" hai3="100,0,123,19,42,51,65,105,128,18,119,121,112"/><W9/><G112/><T16/><D111/><U90/><E122/><V27/><F68/><W126/><G119/><T63/><D127/><U33/><E71/><V32/><F32/><W79/><G126/><T120/><D120/><U88/><E33/><V103/><F131/><W69/><G128/><T72/><D93/><U15/><E108/><V92/><F107/><W67/><G79/><T59/><D77/><U114/><E132/><V21/><F74/><W24/><G123/><T22/><REACH who="0" step="1"/><D54/><REACH who="0" ten="212,324,287,167" step="2"/><N who="1" m="33815" /><E114/><V133/><F81/><W76/><G121/><T135/><D135/><U11/><E82/><V106/><F133/><W113/><G113/><T31/><D31/><U66/><E83/><V30/><F106/><W50/><G76/><T95/><D95/><U117/><E117/><V6/><F6/><AGARI ba="0,1" hai="1,6,10,16,22,25,48,53,59,63,64,70,72,73" machi="6" ten="40,8000,1" yaku="1,1,52,1,54,1,53,1" doraHai="49" doraHaiUra="45" who="0" fromWho="2" sc="212,90,324,0,287,-80,167,0" owari="302,10.2,324,42.4,207,-19.3,167,-33.3" /></mjloggm>