<mjloggm ver="2.3"><GO type="225" lobby="0"/><UN n0="%E7%89%B9%E6%9D%B1%E3%81%AF%E4%B8%96%E7%95%8C%E3%82%92%E6%95%91%E3%81%86" n1="%E3%83%97%E3%83%AC%E3%83%B4%E3%82%A1%E3%83%86%E3%82%A3" n2="%E3%81%8B%E3%82%8F%E3%81%A1%E3%82%83%E3%82%93%35%38" n3="%E3%81%AA%E3%81%A1%30%39%32%37" dan="16,16,16,16" rate="2138.22,2074.52,2178.61,2062.78" sx="M,F,M,M"/><TAIKYOKU oya="0"/><INIT seed="0,0,0,0,2,103" ten="250,250,250,250" oya="0" hai0="129,109,105,97,46,11,50,124,116,114,41,29,120" hai1="134,56,87,58,44,40,85,92,115,51,34,79,126" hai2="27,54,43,71,64,102,94,96,2,65,5,25,24" hai3="20,62,37,133,93,67,108,53,66,38,69,8,80"/><T76/><D114/><U86/><E115/><V39/><F71/><W128/><G8/><T75/><D116/><U112/><E112/><V57/><F2/><W18/><G108/><T73/><D120/><U15/><E34/><V48/><F39/><W83/><G133/><T49/><D29/><U6/><E134/><V106/><F5/><W110/><G110/><T84/><D109/><U17/><E126/><V77/><F77/><W3/><G3/><T30/><D124/><U45/><E6/><V60/><F43/><W98/><G128/><T119/><D119/><U68/><E68/><V111/><F111/><W122/><G66/><T81/><D129/><U12/><E79/><V74/><F74/><W113/><G113/><T23/><D49/><U36/><E12/><V9/><F9/><W31/><G31/><T101/><REACH who="0" step="1"/><D11/><REACH who="0" ten="240,250,250,250" step="2"/><U59/><E36/><V99/><REACH who="2" step="1"/><F48/><REACH who="2" ten="240,250,240,250" step="2"/><W61/><G38/><T121/><D121/><U0/><E51/><V13/><F13/><W118/><G122/><T42/><D42/><U70/><E40/><V88/><AGARI ba="0,2" hai="24,25,27,54,57,60,64,65,88,94,96,99,102,106" machi="88" ten="30,7900,0" yaku="1,1,0,1,52,1,54,1,53,0" doraHai="103" doraHaiUra="117" who="2" fromWho="2" sc="240,-39,250,-20,240,99,250,-20" /><INIT seed="1,0,0,5,2,116" ten="201,230,339,230" oya="1" hai0="17,101,9,42,122,65,64,3,70,21,29,23,94" hai1="32,114,86,13,38,97,69,81,100,28,5,72,52" hai2="66,2,78,44,62,6,53,61,119,75,48,103,58" hai3="35,106,118,30,127,90,56,130,80,25,47,125,73"/><U107/><E114/><V41/><F119/><W133/><G118/><T82/><D42/><U10/><E38/><N who="2" m="21559" /><F103/><W87/><G133/><T111/><D111/><U115/><E115/><V20/><F20/><W34/><G130/><T76/><D70/><U63/><E72/><V59/><F6/><W84/><G106/><T8/><D29/><U46/><E28/><V117/><F78/><W85/><G47/><T129/><D23/><U11/><E32/><V98/><F98/><W33/><G56/><T14/><D129/><U77/><E10/><V134/><F2/><W88/><G73/><T1/><D1/><U92/><E69/><N who="2" m="42191" /><F75/><W124/><REACH who="3" step="1"/><G84/><REACH who="3" ten="201,230,339,220" step="2"/><N who="0" m="48199" /><D3/><U67/><E107/><V15/><F117/><W109/><G109/><T128/><D128/><U55/><E46/><V39/><F39/><W105/><G105/><T43/><D43/><U18/><E67/><V108/><F108/><W110/><G110/><T0/><D0/><U132/><E132/><V16/><F134/><W91/><G91/><T7/><D65/><U68/><E68/><V37/><F37/><W104/><G104/><T51/><D64/><U126/><E100/><V40/><F40/><W79/><G79/><T102/><D101/><U89/><E77/><V31/><F59/><W120/><G120/><T99/><D122/><U135/><E135/><V4/><F58/><W19/><G19/><T96/><D102/><N who="1" m="60711" /><E18/><V112/><F16/><W26/><G26/><T121/><D121/><U123/><E123/><V54/><F112/><W27/><G27/><T45/><D17/><U24/><E24/><V57/><F57/><RYUUKYOKU ba="0,1" sc="201,-10,230,-10,339,-10,220,30" hai3="25,30,33,34,35,80,85,87,88,90,124,125,127" /><INIT seed="2,1,1,2,4,111" ten="191,220,329,250" oya="2" hai0="10,121,99,34,24,112,46,115,59,120,44,33,40" hai1="124,65,98,62,81,4,61,123,133,102,22,86,90" hai2="26,134,95,96,91,48,6,45,31,67,89,55,51" hai3="58,25,47,64,107,16,77,7,43,69,32,117,42"/><V12/><F134/><W9/><G117/><T72/><D72/><U88/><E133/><V79/><F79/><W100/><G77/><T116/><D116/><U106/><E124/><V68/><F68/><W11/><G69/><T17/><D59/><U73/><E123/><V54/><F67/><W71/><G71/><T13/><D99/><U14/><E73/><V108/><F108/><W8/><G107/><T49/><D121/><U87/><E65/><V38/><F38/><W132/><G100/><T131/><D131/><U125/><E125/><V119/><F119/><W5/><G32/><T85/><D120/><U109/><E109/><V15/><F6/><N who="3" m="2059" /><G47/><T103/><D103/><U93/><REACH who="1" step="1"/><E22/><REACH who="1" ten="191,210,329,250" step="2"/><N who="2" m="15831" /><F91/><W113/><G132/><T78/><D33/><U74/><E74/><V23/><F23/><N who="3" m="13543" /><G113/><T75/><D75/><U80/><E80/><V105/><F105/><W27/><G27/><T21/><D34/><U63/><E63/><AGARI ba="1,2" hai="8,9,11,42,43,58,63,64" m="13543,2059" machi="63" ten="30,2000,0" yaku="8,1,54,1" doraHai="111" who="3" fromWho="1" sc="191,0,210,-23,329,0,250,43" /><INIT seed="3,0,0,0,4,1" ten="191,187,329,293" oya="3" hai0="103,14,114,42,28,5,124,73,64,127,40,133,104" hai1="41,6,126,21,132,88,23,67,128,52,29,94,37" hai2="4,9,116,123,19,54,87,113,49,47,60,59,117" hai3="89,102,48,79,32,115,90,62,125,97,61,51,111"/><W35/><G115/><T74/><D64/><U80/><E128/><V93/><F113/><W58/><G79/><T81/><D28/><U106/><E106/><V25/><F123/><W122/><G122/><T92/><D104/><U10/><E132/><V99/><F87/><W39/><G39/><T45/><D114/><U0/><E126/><N who="0" m="48169" /><D133/><U15/><E67/><V26/><F19/><W34/><G125/><T135/><D135/><U53/><E80/><V50/><F50/><W75/><G75/><N who="0" m="28683" /><D81/><U71/><E71/><V70/><F70/><W8/><G8/><N who="0" m="4367" /><D45/><U101/><E101/><V85/><F85/><W134/><G111/><T110/><D110/><U44/><E23/><V13/><F117/><W3/><G3/><T105/><D105/><U65/><E65/><N who="2" m="39071" /><F116/><W17/><G17/><T130/><D130/><U76/><E76/><V129/><F129/><W18/><G18/><T12/><D12/><U55/><E0/><V107/><F107/><W43/><G43/><T20/><D20/><U22/><REACH who="1" step="1"/><E29/><REACH who="1" ten="191,177,329,293" step="2"/><V100/><AGARI ba="0,1" hai="4,9,13,25,26,47,49,54,93,99,100" m="39071" machi="100" ten="30,2000,0" yaku="8,1,52,1" doraHai="1" who="2" fromWho="2" sc="191,-5,177,-5,329,30,293,-10" owari="186,-21.4,172,-32.8,359,45.9,283,8.3" /></mjloggm>