<mjloggm ver="2.3"><GO type="225" lobby="0"/><UN n0="%72%61%6B%33" n1="%E3%81%93%E3%81%8F%E3%82%89%E3%82%AB%E3%83%90%E8%94%B5" n2="%E3%81%AF%E3%82%88%E3%81%8A%E3%81%98%E3%81%95%E3%82%93" n3="%E9%BB%92%E9%89%84%E7%8F%A0%E9%9B%AB" dan="17,17,16,16" rate="2283.86,2110.52,2200.89,2150.09" sx="M,M,M,F"/><TAIKYOKU oya="0"/><INIT seed="0,0,0,5,5,20" ten="250,250,250,250" oya="0" hai0="103,56,83,64,43,59,11,9,23,46,7,78,110" hai1="61,51,30,109,102,5,50,0,76,96,6,1,132" hai2="106,8,35,100,92,135,27,41,120,94,4,24,107" hai3="47,126,122,49,13,70,117,19,95,81,65,101,112"/><T119/><D119/><U55/><E109/><V67/><F120/><W84/><G117/><T37/><D110/><U57/><E132/><V15/><F135/><W36/><G36/><T72/><D11/><U2/><E76/><V3/><F41/><W40/><G112/><T118/><D118/><U21/><E30/><V125/><F125/><W32/><G32/><T66/><D103/><U123/><E123/><V62/><F3/><W28/><G122/><T99/><D99/><U22/><E22/><V75/><F75/><W116/><G116/><T130/><D130/><U131/><E131/><V80/><F80/><W111/><G111/><T38/><D38/><U115/><E115/><V33/><F33/><W74/><G74/><T45/><D45/><U85/><E85/><V17/><F17/><W87/><G28/><T86/><D86/><U54/><E21/><V31/><F27/><W82/><G126/><T18/><D66/><U60/><E5/><V114/><F114/><W39/><G39/><T26/><REACH who="0" step="1"/><D64/><REACH who="0" ten="240,250,250,250" step="2"/><U129/><E129/><V25/><F100/><W121/><G121/><T69/><D69/><U79/><E6/><V73/><F73/><W10/><G65/><T89/><D89/><U98/><E79/><V128/><F128/><W91/><G70/><T93/><D93/><U58/><E96/><V63/><F67/><W14/><G101/><T16/><D16/><U42/><E42/><V127/><F127/><W133/><G87/><T105/><D105/><AGARI ba="0,1" hai="0,1,2,50,51,54,55,57,58,60,61,98,102,105" machi="105" ten="40,1300,0" yaku="9,1" doraHai="20" who="1" fromWho="0" sc="240,-13,250,23,250,0,250,0" /><INIT seed="1,0,0,1,1,129" ten="227,273,250,250" oya="1" hai0="18,45,94,9,85,75,115,119,30,121,95,79,126" hai1="58,91,135,4,105,2,117,10,123,125,35,56,118" hai2="55,21,134,112,106,54,7,130,42,102,82,81,39" hai3="110,90,76,88,36,29,44,122,13,133,92,107,31"/><U64/><E105/><V26/><F130/><W124/><G122/><T68/><D115/><U93/><E123/><V86/><F112/><W77/><G107/><T78/><D121/><U37/><E37/><V15/><F82/><W69/><G69/><T99/><D119/><U111/><E35/><V47/><F102/><W49/><G36/><T104/><D68/><U12/><E125/><V96/><F96/><W53/><G110/><T8/><D30/><N who="3" m="11273" /><G124/><T59/><D126/><U62/><E111/><V83/><F106/><W17/><G133/><T60/><D104/><U41/><E135/><V33/><F33/><W67/><G67/><T48/><D75/><U89/><E41/><V20/><F134/><W72/><G72/><T74/><D74/><U71/><E2/><V1/><F83/><W61/><G61/><T120/><D95/><U11/><E11/><N who="2" m="4607" /><F1/><W84/><G90/><T27/><D8/><AGARI ba="0,0" hai="8,13,17,44,49,53,76,77,84,88,92" m="11273" machi="8" ten="30,2000,0" yaku="8,1,54,1" doraHai="129" who="3" fromWho="0" sc="227,-20,273,0,250,0,250,20" /><INIT seed="2,0,0,2,5,38" ten="207,273,250,270" oya="2" hai0="135,53,43,84,93,134,110,118,10,98,100,13,14" hai1="41,24,74,26,94,119,22,131,23,127,99,5,33" hai2="17,121,103,102,129,109,47,21,42,82,27,124,107" hai3="45,76,64,73,101,87,32,62,59,4,54,120,52"/><V115/><F115/><W12/><G120/><T18/><D110/><U104/><E104/><V30/><F121/><W80/><G32/><T70/><D70/><U20/><E119/><V6/><F109/><W40/><G101/><T89/><D118/><U78/><E131/><V126/><F129/><W37/><REACH who="3" step="1"/><G73/><REACH who="3" ten="207,273,250,260" step="2"/><T130/><D130/><U105/><E74/><V1/><F103/><W16/><G16/><T133/><D14/><U7/><E105/><V29/><F102/><W9/><AGARI ba="0,1" hai="4,9,12,37,40,45,52,54,59,62,64,76,80,87" machi="9" ten="30,7900,0" yaku="1,1,0,1,52,1,54,1,53,0" doraHai="38" doraHaiUra="44" who="3" fromWho="3" sc="207,-20,273,-20,250,-39,260,89" /><INIT seed="3,0,0,5,2,19" ten="187,253,211,349" oya="3" hai0="100,15,42,46,96,24,65,38,54,13,87,61,22" hai1="118,105,126,115,133,56,112,69,20,67,73,4,49" hai2="131,85,108,117,130,55,74,14,90,88,48,107,39" hai3="9,18,58,110,123,91,62,33,30,99,95,94,26"/><W72/><G72/><T10/><D87/><U111/><E4/><V31/><F74/><W3/><G123/><T97/><D54/><U129/><E20/><V21/><F117/><W89/><G110/><T53/><D53/><U86/><E86/><V116/><F116/><W83/><G83/><T2/><D2/><U5/><E5/><V40/><F107/><W71/><G71/><T34/><D34/><U113/><E49/><V11/><F108/><W122/><G122/><T93/><D97/><U125/><E56/><N who="2" m="32871" /><F39/><W7/><G18/><T23/><D24/><U59/><E59/><V27/><F40/><W103/><G95/><T132/><D132/><U101/><E101/><V76/><F76/><W63/><G63/><T64/><D64/><AGARI ba="0,0" hai="3,7,9,26,30,33,58,62,64,89,91,94,99,103" machi="64" ten="30,1500,0" yaku="7,1" doraHai="19" who="3" fromWho="0" sc="187,-15,253,0,211,0,349,15" owari="172,-32.8,253,5.3,211,-18.9,364,46.4" /></mjloggm>