<mjloggm ver="2.3"><GO type="225" lobby="0"/><UN n0="%6D%75%75%6D%75%72%61" n1="%E3%82%B7%E3%83%B3%E5%A4%AA%E6%9C%97" n2="%33%74%72%65%65" n3="%E4%BF%BA%E3%81%A8%E5%A6%96%E5%A4%A2" dan="16,16,17,17" rate="2098.94,2158.94,2226.03,2196.77" sx="F,M,F,F"/><TAIKYOKU oya="0"/><INIT seed="0,0,0,4,4,102" ten="250,250,250,250" oya="0" hai0="86,45,71,70,74,2,108,51,9,15,50,117,85" hai1="90,75,19,109,3,125,36,100,111,113,72,37,84" hai2="128,17,69,29,13,116,123,28,58,0,76,39,54" hai3="115,5,66,130,48,99,21,49,105,126,44,22,20"/><T124/><D117/><U118/><E3/><V95/><F123/><W134/><G115/><T121/><D121/><U65/><E113/><V53/><F116/><W104/><G126/><T31/><D124/><U77/><E118/><V68/><F128/><W24/><G130/><T27/><D2/><U26/><E125/><V122/><F122/><W60/><G134/><T106/><D74/><U135/><E100/><V131/><F131/><W8/><G99/><T80/><D106/><U82/><E65/><V114/><F0/><W129/><G24/><T93/><D93/><U92/><E72/><V57/><F39/><W110/><G110/><N who="1" m="41994" /><E135/><V41/><F41/><W16/><G129/><T120/><D120/><U7/><E7/><V61/><F76/><W127/><G5/><T98/><D108/><U11/><E26/><V59/><F95/><W112/><G112/><T78/><D98/><U79/><E77/><V43/><F43/><W18/><G127/><T35/><D85/><U119/><E119/><V1/><F1/><W97/><G97/><T64/><D64/><U32/><E32/><V91/><F91/><W94/><G94/><T101/><D101/><U6/><E6/><V88/><F88/><W12/><G18/><T23/><D35/><U4/><E4/><V132/><F132/><W83/><G83/><T47/><D70/><N who="2" m="27242" /><F114/><W10/><G10/><T87/><D71/><U25/><E11/><N who="2" m="6335" /><F61/><W52/><REACH who="3" step="1"/><G48/><REACH who="3" ten="250,250,250,240" step="2"/><N who="0" m="18475" /><D87/><U67/><E36/><V14/><F14/><W73/><G73/><T38/><D38/><U42/><E37/><V55/><F29/><W33/><G33/><RYUUKYOKU ba="0,1" sc="250,10,250,-30,250,10,240,10" hai0="9,15,23,27,31,45,47,78,80,86" hai2="28,53,54,55,57,58,59" hai3="8,12,16,20,21,22,44,49,52,60,66,104,105" /><INIT seed="0,1,1,3,4,54" ten="260,220,260,250" oya="0" hai0="119,99,105,48,31,47,94,85,59,18,4,20,46" hai1="33,27,32,10,92,28,63,72,44,83,15,110,78" hai2="56,2,124,16,84,115,123,86,131,49,34,74,91" hai3="95,113,97,7,21,90,45,111,125,61,126,19,12"/><T109/><D119/><U29/><E110/><V107/><F115/><W93/><G113/><T80/><D109/><U26/><E92/><V82/><F123/><W62/><G111/><T77/><D105/><U35/><E35/><V24/><F2/><W104/><G7/><T122/><D4/><U38/><E63/><V5/><F5/><W23/><G45/><T65/><D31/><U127/><E127/><N who="3" m="48650" /><G104/><T135/><D135/><U106/><E106/><V51/><F107/><W103/><G23/><T41/><D122/><U117/><E117/><V57/><F74/><W37/><G37/><T96/><D96/><AGARI ba="1,1" hai="12,19,21,61,62,90,93,95,96,97,103" m="48650" machi="96" ten="30,1000,0" yaku="18,1" doraHai="54" who="3" fromWho="0" sc="260,-13,220,0,260,0,250,23" /><INIT seed="1,0,0,0,0,110" ten="247,220,260,273" oya="1" hai0="14,124,48,7,73,52,18,15,39,50,57,2,27" hai1="41,103,135,38,134,112,16,59,43,62,90,118,126" hai2="63,68,22,81,77,116,93,120,36,114,53,56,79" hai3="95,66,65,20,117,85,23,33,115,74,13,5,54"/><U30/><E118/><V72/><F116/><W71/><G117/><T26/><D39/><U17/><E103/><V107/><F107/><W131/><G33/><T40/><D73/><U84/><E126/><V19/><F120/><W127/><G74/><T83/><D124/><U45/><E30/><V128/><F128/><W32/><G32/><T80/><D2/><U3/><E3/><V91/><F77/><W47/><G131/><T11/><D40/><U61/><E41/><V46/><F68/><W42/><G54/><T78/><D48/><U94/><E112/><V119/><F119/><W89/><G127/><T44/><D44/><U98/><E84/><V82/><F82/><N who="0" m="31274" /><D78/><U125/><E125/><V58/><F58/><W105/><G105/><T21/><AGARI ba="0,0" hai="7,11,14,15,18,21,26,27,50,52,57" m="31274" machi="21" ten="30,2000,0" yaku="8,1,54,1" doraHai="110" who="0" fromWho="0" sc="247,20,220,-10,260,-5,273,-5" /><INIT seed="2,0,0,5,4,95" ten="267,210,255,268" oya="2" hai0="67,16,48,88,31,61,86,33,45,119,17,130,85" hai1="108,94,103,53,54,120,46,97,81,12,24,134,0" hai2="101,122,87,40,69,116,5,22,89,35,93,132,8" hai3="128,75,78,11,49,55,43,56,129,73,14,131,96"/><V36/><F116/><W19/><G78/><T74/><D74/><U29/><E108/><V126/><F122/><W125/><G125/><T34/><D119/><U30/><E134/><V100/><F35/><W72/><G43/><T21/><D86/><U113/><E113/><V15/><F126/><W84/><G84/><T70/><D31/><U133/><E133/><V66/><F132/><W105/><REACH who="3" step="1"/><G73/><REACH who="3" ten="267,210,255,258" step="2"/><T50/><D85/><U92/><E120/><V80/><F40/><W99/><G99/><T57/><D130/><U121/><E121/><V82/><F87/><W10/><G10/><T135/><D135/><U7/><E97/><V107/><F8/><W60/><G60/><T118/><D61/><U71/><E81/><V38/><F82/><W65/><G65/><T62/><D67/><U123/><E123/><V39/><F66/><W26/><G26/><T37/><D62/><U3/><E24/><V2/><F80/><W64/><G64/><T28/><D118/><U114/><E114/><V68/><F68/><W52/><G52/><T91/><D70/><U4/><E54/><V27/><F69/><W63/><G63/><T106/><D37/><U111/><E53/><V77/><F77/><W98/><G98/><T18/><D48/><U112/><E112/><V42/><F42/><W59/><G59/><T32/><D50/><U76/><E71/><V79/><F79/><W124/><G124/><T41/><D57/><U20/><E76/><V25/><F38/><W127/><G127/><T47/><D41/><U44/><E111/><V115/><F39/><W102/><AGARI ba="0,1" hai="11,14,19,49,55,56,72,75,96,102,105,128,129,131" machi="102" ten="40,8000,1" yaku="1,1,5,1,0,1,19,1,52,1,53,0" doraHai="95" doraHaiUra="110" who="3" fromWho="3" sc="267,-20,210,-20,255,-40,258,90" /><INIT seed="3,0,0,5,1,113" ten="247,190,215,348" oya="3" hai0="0,86,21,72,39,89,120,19,95,37,66,91,116" hai1="92,54,73,122,7,87,17,121,128,75,135,35,45" hai2="125,50,105,124,62,97,111,46,109,134,99,107,12" hai3="11,123,65,81,26,9,42,106,79,93,4,53,55"/><W5/><G106/><N who="2" m="40457" /><F62/><W131/><G131/><T84/><D72/><U30/><E128/><V20/><F20/><W14/><G123/><T36/><D120/><U117/><E117/><V8/><F134/><W85/><G65/><T33/><D33/><U133/><E7/><N who="2" m="3103" /><F99/><W100/><G42/><T96/><D66/><U32/><E17/><V70/><F97/><N who="3" m="59439" /><G26/><T41/><D0/><U63/><E63/><V130/><F70/><W48/><G48/><T78/><D116/><U64/><E64/><V82/><F82/><W98/><G98/><T22/><D96/><U27/><E35/><V25/><F25/><W52/><G9/><T28/><D78/><U51/><E122/><V23/><F23/><W24/><G24/><T10/><D28/><U2/><E2/><V88/><F130/><W118/><G118/><T103/><D103/><U3/><E3/><V108/><F88/><W102/><G102/><T71/><D71/><U47/><E121/><V59/><F59/><W76/><G4/><T94/><D41/><AGARI ba="0,0" hai="41,46,50,108,109,111,124,125" m="3103,40457" machi="41" ten="40,1300,0" yaku="14,1" doraHai="113" who="2" fromWho="0" sc="247,-13,190,0,215,13,348,0" owari="234,3.4,190,-31.0,228,-17.2,348,44.8" /></mjloggm>