<mjloggm ver="2.3"><GO type="225" lobby="0"/><UN n0="%E9%B3%B3%E6%9D%B1%E3%81%AE%E3%81%BF%E3%81%91%E3%81%AB%E3%82%83%E3%82%93" n1="%E3%81%8B%E3%82%8F%E3%81%A1%E3%82%83%E3%82%93%35%38" n2="%E3%81%BF%E3%81%BF%E3%81%9A" n3="%72%69%6F%75%63%68%61%6E" dan="16,16,16,16" rate="2093.40,2148.08,2156.19,2157.85" sx="F,M,M,M"/><TAIKYOKU oya="0"/><INIT seed="0,0,0,3,4,54" ten="250,250,250,250" oya="0" hai0="84,87,117,32,13,58,98,61,46,66,39,49,16" hai1="126,119,67,28,21,43,130,8,112,47,63,9,96" hai2="51,97,65,14,94,17,110,60,83,68,77,90,107" hai3="100,134,41,10,34,18,25,93,116,50,55,24,29"/><T106/><D117/><U118/><E118/><V52/><F110/><W33/><G116/><T82/><D32/><U30/><E119/><V102/><F14/><W31/><G134/><T23/><D39/><U109/><E109/><V37/><F17/><W124/><G124/><T73/><D73/><U132/><E132/><V122/><F37/><W80/><G41/><T88/><D106/><U108/><E108/><V103/><F107/><W101/><G80/><T127/><D127/><U120/><E120/><V11/><F11/><W45/><REACH who="3" step="1"/><G93/><REACH who="3" ten="250,250,250,240" step="2"/><N who="0" m="56615" /><D82/><U42/><E42/><AGARI ba="0,1" hai="13,16,23,42,46,49,58,61,66,84,87" m="56615" machi="42" ten="30,11600,0" yaku="8,1,52,1,54,2" doraHai="54" who="0" fromWho="1" sc="250,126,250,-116,250,0,240,0" /><INIT seed="0,1,0,0,1,90" ten="376,134,250,240" oya="0" hai0="122,18,62,64,78,47,25,76,96,35,41,59,123" hai1="129,22,68,111,4,26,32,105,45,66,112,69,16" hai2="63,97,28,10,52,36,2,131,89,116,82,58,50" hai3="14,72,121,0,77,134,73,54,94,38,42,107,30"/><T15/><D122/><U5/><E105/><V126/><F36/><W120/><G107/><T23/><D123/><N who="3" m="47177" /><G0/><T80/><D35/><U85/><E111/><V40/><F126/><W21/><G134/><T88/><D25/><U118/><E118/><V132/><F132/><W109/><G109/><T127/><D127/><U67/><E129/><V74/><F131/><W12/><G77/><T99/><D99/><U19/><E32/><V17/><F28/><W124/><G124/><T8/><D8/><U48/><E112/><V46/><F116/><W81/><G81/><T24/><D15/><N who="3" m="5673" /><G54/><T75/><D75/><U92/><E19/><V103/><F17/><W53/><G53/><T13/><D13/><U79/><E69/><V84/><F74/><W133/><G133/><T7/><D7/><N who="1" m="2635" /><E68/><V71/><F71/><W101/><G42/><T31/><D31/><U27/><E27/><V106/><F2/><W114/><G38/><T83/><D83/><N who="1" m="47359" /><E92/><V104/><F10/><W33/><G33/><T95/><D80/><U117/><E117/><V29/><F29/><W1/><G1/><T86/><D96/><U98/><E98/><V60/><F106/><W37/><G37/><AGARI ba="1,0" hai="18,23,24,37,41,47,59,62,64,76,78,86,88,95" machi="37" ten="30,5800,0" yaku="7,1,52,1,54,1" doraHai="90" who="0" fromWho="3" sc="376,61,134,0,250,0,240,-61" /><INIT seed="0,2,0,4,4,101" ten="437,134,250,179" oya="0" hai0="33,58,19,56,119,111,48,39,62,28,123,69,92" hai1="16,27,5,45,31,82,34,85,15,22,93,128,68" hai2="32,83,75,70,108,60,41,57,117,74,37,126,89" hai3="130,109,25,132,97,125,67,46,96,122,50,121,135"/><T7/><D39/><U23/><E128/><V115/><F115/><W80/><G109/><T99/><D7/><U116/><E116/><V40/><F32/><W91/><G130/><T88/><D33/><U30/><E68/><V84/><F108/><W98/><G125/><T51/><D28/><U129/><E129/><V43/><F126/><W124/><G124/><T54/><D111/><U11/><E93/><V134/><F134/><N who="3" m="51243" /><G67/><T53/><D123/><N who="3" m="47113" /><G25/><T36/><D36/><U55/><E31/><V95/><F117/><W8/><G8/><T66/><D119/><U24/><E34/><V87/><F70/><W44/><G50/><T78/><D78/><U38/><E38/><V102/><F37/><W64/><G64/><T0/><D0/><U29/><E5/><V47/><F47/><N who="3" m="17963" /><G80/><T49/><D19/><U59/><E45/><V63/><F63/><AGARI ba="2,0" hai="48,49,51,53,54,56,58,62,63,66,69,88,92,99" machi="63" ten="30,2900,0" yaku="7,1,54,1" doraHai="101" who="0" fromWho="2" sc="437,35,134,0,250,-35,179,0" /><INIT seed="0,3,0,3,0,77" ten="472,134,215,179" oya="0" hai0="113,27,61,33,80,133,108,71,116,49,90,31,11" hai1="85,55,28,42,52,53,59,121,111,23,66,107,131" hai2="106,15,67,74,34,20,94,132,110,82,125,37,102" hai3="14,62,83,123,17,45,58,1,4,69,72,99,57"/><T48/><D113/><U40/><E107/><V97/><F34/><W128/><G128/><T3/><D116/><U79/><E121/><V16/><F110/><W101/><G123/><T10/><D133/><U51/><E111/><V124/><F132/><W64/><G45/><T29/><D29/><U24/><E131/><V38/><F67/><W6/><G1/><T2/><D108/><U50/><E66/><V86/><F74/><W76/><G69/><T114/><D61/><U65/><E65/><V46/><F106/><W19/><G57/><T54/><D49/><N who="1" m="18443" /><E59/><V7/><F7/><W30/><G30/><T47/><D114/><U120/><E120/><V36/><REACH who="2" step="1"/><F46/><REACH who="2" ten="472,134,205,179" step="2"/><W12/><G17/><T8/><D71/><U44/><E44/><V84/><F84/><W43/><G43/><T81/><D33/><U75/><E75/><V115/><F115/><W26/><G4/><T93/><D47/><U129/><E129/><V135/><F135/><W104/><G6/><T35/><D35/><U60/><E60/><V127/><F127/><W63/><G62/><T130/><D130/><U73/><E73/><V13/><F13/><W98/><G98/><T0/><D0/><U119/><E119/><V41/><F41/><W68/><G68/><T126/><D126/><U22/><E42/><V21/><F21/><N who="3" m="13631" /><G12/><T103/><D2/><U122/><E40/><V9/><F9/><W78/><G14/><T87/><D3/><U118/><E122/><V117/><F117/><W105/><G105/><T134/><D134/><U91/><E118/><V32/><F32/><W18/><G18/><RYUUKYOKU ba="3,1" sc="472,-15,134,-15,205,15,179,15" hai2="15,16,20,36,37,38,82,86,94,97,102,124,125" hai3="58,63,64,72,76,78,83,99,101,104" /><INIT seed="1,4,1,2,2,37" ten="457,119,220,194" oya="1" hai0="127,31,87,93,11,39,89,30,133,73,75,70,112" hai1="103,85,48,7,88,121,24,0,97,101,77,69,28" hai2="35,54,60,104,131,82,83,62,123,135,46,63,92" hai3="114,78,19,14,124,132,52,4,49,45,44,57,36"/><U111/><E69/><V18/><F104/><W34/><G114/><T102/><D112/><U118/><E118/><V40/><F123/><W76/><G34/><T90/><D70/><U17/><E121/><V58/><F35/><W13/><G132/><T110/><D102/><U98/><E77/><N who="3" m="29802" /><G36/><T86/><D110/><U94/><E111/><V96/><F131/><W20/><G124/><T50/><D39/><U1/><E17/><V21/><F135/><W5/><G13/><T43/><D127/><U72/><E72/><V95/><F63/><N who="3" m="36263" /><G44/><N who="0" m="25887" /><D73/><U59/><E7/><V113/><F62/><W33/><G33/><T8/><D75/><U25/><E0/><V115/><F113/><W99/><G99/><N who="1" m="37898" /><E1/><V109/><F109/><W15/><G14/><T55/><D55/><AGARI ba="4,1" hai="4,5,15,19,20,45,49,55" m="36263,29802" machi="55" ten="30,2000,0" yaku="8,1,54,1" doraHai="37" who="3" fromWho="0" sc="457,-32,119,0,220,0,194,42" /><INIT seed="2,0,0,2,4,107" ten="425,119,220,236" oya="2" hai0="129,60,114,55,36,23,0,77,6,119,133,70,121" hai1="21,52,63,69,48,8,65,68,123,31,115,41,124" hai2="117,62,74,67,42,54,96,98,71,118,50,111,49" hai3="24,66,28,10,4,128,47,13,20,97,87,18,95"/><V1/><F1/><W40/><G128/><T56/><D121/><U81/><E115/><V126/><F126/><W2/><G66/><T99/><D114/><U84/><E124/><V33/><F33/><W64/><G64/><T134/><D70/><U106/><E123/><V89/><F74/><W3/><G87/><T27/><D36/><U51/><E106/><V29/><F29/><W17/><G2/><T132/><D129/><U102/><E102/><V46/><F89/><W9/><G28/><N who="0" m="17535" /><D119/><N who="2" m="45578" /><F96/><W12/><G3/><T14/><D0/><U85/><E68/><V94/><F94/><W113/><G113/><T125/><D125/><U82/><E8/><V90/><F90/><N who="3" m="55543" /><G47/><T61/><D99/><U78/><E41/><AGARI ba="0,0" hai="4,9,10,12,13,17,18,20,24,40,41" m="55543" machi="41" ten="30,1000,0" yaku="8,1" doraHai="107" who="3" fromWho="1" sc="425,0,119,-10,220,0,236,10" /><INIT seed="3,0,0,2,4,118" ten="425,109,220,246" oya="3" hai0="50,59,34,87,102,133,9,23,46,78,0,75,12" hai1="45,103,124,126,95,10,48,66,72,33,119,121,42" hai2="90,93,109,55,105,38,68,69,92,82,64,125,97" hai3="35,99,129,98,19,5,2,104,8,88,25,31,81"/><W51/><G129/><T85/><D34/><U24/><E95/><V70/><F38/><W77/><G104/><T130/><D0/><U113/><E103/><V6/><F6/><W43/><G88/><T127/><D75/><U21/><E72/><V16/><F109/><W54/><G43/><T63/><D127/><U49/><E21/><V110/><F110/><W83/><G19/><N who="0" m="8591" /><D133/><U13/><E13/><V80/><F125/><W89/><G89/><T30/><D102/><U52/><E24/><V56/><F64/><W32/><G32/><T117/><D78/><U37/><E10/><V14/><F93/><W26/><G26/><N who="0" m="16735" /><D117/><U4/><E4/><V101/><F55/><W65/><G65/><N who="0" m="39167" /><D130/><U41/><E33/><V7/><F56/><W94/><G94/><T11/><D11/><U61/><E119/><V106/><F7/><W47/><G83/><T71/><D71/><U62/><E113/><V36/><F36/><W111/><G111/><T120/><D120/><U114/><E114/><V20/><F106/><W17/><G17/><T128/><D128/><U28/><E28/><V74/><F74/><AGARI ba="0,0" hai="2,5,8,25,31,35,47,51,54,74,77,81,98,99" machi="74" ten="30,1500,0" yaku="7,1" doraHai="118" who="3" fromWho="2" sc="425,0,109,0,220,-15,246,15" /><INIT seed="3,1,0,0,4,27" ten="425,109,205,261" oya="3" hai0="34,2,22,100,29,125,17,44,78,19,35,74,31" hai1="60,135,12,56,50,82,25,126,7,92,8,88,119" hai2="18,98,47,133,99,122,51,68,118,77,130,134,11" hai3="109,95,114,3,39,107,46,108,30,1,20,58,132"/><W106/><G114/><T102/><D125/><U110/><E110/><N who="3" m="42602" /><G132/><T86/><D74/><U26/><E135/><N who="2" m="51723" /><F118/><W79/><G79/><T112/><D2/><N who="3" m="521" /><G95/><T64/><D34/><U97/><E126/><V113/><F68/><W49/><G39/><T117/><D35/><U54/><E119/><V84/><F130/><W75/><G75/><T65/><D117/><U0/><E0/><V71/><F71/><W42/><G58/><T105/><D44/><U62/><E82/><N who="2" m="47183" /><F122/><W53/><G53/><T104/><D78/><U52/><REACH who="1" step="1"/><E60/><REACH who="1" ten="425,99,205,261" step="2"/><V48/><F113/><W115/><G115/><T121/><D112/><U59/><AGARI ba="1,1" hai="7,8,12,25,26,50,52,54,56,59,62,88,92,97" machi="59" ten="20,12000,2" yaku="1,1,2,1,0,1,7,1,8,1,54,2,53,0" doraHai="27" doraHaiUra="41" who="1" fromWho="1" sc="425,-31,99,133,205,-31,261,-61" owari="394,49.4,232,3.2,174,-32.6,200,-20.0" /></mjloggm>