<mjloggm ver="2.3"><GO type="225" lobby="0"/><UN n0="%6D%75%75%73%61%6E%6D%75" n1="%E6%98%93%E5%88%A9%E8%96%A9%E4%BC%AF" n2="%73%73%6B%5F%66%72%65%65" n3="%6D%61%74%69%67%75%73%61" dan="16,16,16,17" rate="2136.28,2088.69,2164.21,2164.59" sx="F,F,M,M"/><TAIKYOKU oya="0"/><INIT seed="0,0,0,4,5,67" ten="250,250,250,250" oya="0" hai0="107,65,54,133,95,55,108,30,40,125,129,13,91" hai1="93,0,64,78,57,20,63,39,26,103,106,86,122" hai2="47,28,132,80,104,96,60,127,105,66,44,68,128" hai3="51,83,35,1,100,109,115,18,87,84,117,75,81"/><T19/><D125/><U3/><E39/><V33/><F127/><W97/><G35/><T114/><D114/><U90/><E122/><V69/><F132/><W48/><G1/><T74/><D133/><U123/><E123/><V29/><F128/><W24/><G117/><T88/><D107/><U46/><E78/><V42/><F80/><W62/><G75/><T8/><D129/><U6/><E6/><V22/><F22/><W73/><G62/><T38/><D74/><U121/><E46/><V41/><F60/><W89/><G109/><T98/><D108/><U45/><E45/><V134/><F66/><W23/><G73/><T7/><D65/><U94/><E106/><V70/><F134/><W85/><G115/><T52/><D38/><U17/><REACH who="1" step="1"/><E121/><REACH who="1" ten="250,240,250,250" step="2"/><V99/><F70/><W15/><G15/><N who="0" m="5535" /><D40/><U49/><E49/><V2/><F2/><W71/><G48/><T50/><D30/><U36/><E36/><V131/><F131/><W102/><G51/><T72/><D72/><U77/><E77/><V59/><F59/><W126/><G126/><T53/><N who="0" m="13312" /><DORA hai="56" /><T135/><D135/><U21/><E21/><V4/><F4/><W32/><G32/><AGARI ba="0,1" hai="28,29,32,33,41,42,44,47,68,69,96,99,104,105" machi="32" ten="25,6400,0" yaku="22,2,52,2" doraHai="67,56" who="2" fromWho="3" sc="250,0,240,0,250,74,250,-64" /><INIT seed="1,0,0,1,0,66" ten="250,240,324,186" oya="1" hai0="60,26,64,9,89,21,129,47,106,83,115,126,91" hai1="77,76,8,82,58,125,127,29,38,30,108,105,31" hai2="18,101,62,16,79,128,2,13,22,10,46,110,27" hai3="41,96,33,3,65,57,116,109,17,130,0,74,92"/><U19/><E105/><V32/><F110/><W95/><G74/><T102/><D115/><U61/><E38/><V43/><F128/><W7/><G33/><T35/><D129/><U59/><E108/><V49/><F101/><W133/><G130/><T23/><D126/><N who="1" m="48139" /><E82/><V107/><F107/><W28/><G109/><T97/><D9/><U132/><E132/><V63/><F32/><W75/><G28/><N who="0" m="19863" /><D47/><U55/><E59/><V34/><F34/><W88/><G75/><T48/><D48/><U81/><E81/><V45/><F79/><W99/><G133/><T104/><D104/><U117/><E117/><V90/><F2/><W15/><G7/><T36/><D36/><U12/><AGARI ba="0,0" hai="8,12,19,29,30,31,55,58,61,76,77" m="48139" machi="12" ten="40,2100,0" yaku="18,1" doraHai="66" who="1" fromWho="1" sc="250,-7,240,21,324,-7,186,-7" /><INIT seed="1,1,0,2,2,101" ten="243,261,317,179" oya="1" hai0="17,3,41,119,135,122,69,124,112,43,94,14,96" hai1="24,104,132,106,110,39,81,71,22,1,61,63,28" hai2="99,18,42,66,130,131,10,107,15,127,126,73,98" hai3="5,34,74,36,31,82,13,121,79,128,102,105,40"/><U97/><E132/><V9/><F73/><W50/><G121/><T7/><D112/><U91/><E39/><V90/><F66/><W133/><G36/><T51/><D119/><U32/><E1/><V35/><F35/><W134/><G128/><N who="2" m="49193" /><F42/><W89/><G89/><T47/><D69/><U8/><E110/><V48/><F48/><W4/><G31/><T78/><D135/><N who="3" m="51721" /><G34/><T68/><D68/><U111/><E8/><V25/><F25/><W77/><G79/><T60/><D122/><U117/><E117/><V2/><F90/><W6/><G13/><T54/><D3/><U23/><E111/><V65/><F65/><W16/><G16/><T62/><D78/><U72/><E23/><V108/><F108/><W64/><G64/><T55/><D124/><N who="2" m="47658" /><F107/><W49/><G40/><N who="0" m="15435" /><D7/><AGARI ba="1,0" hai="2,7,9,10,15,18,98,99" m="47658,49193" machi="7" ten="30,2000,0" yaku="19,1,18,1" doraHai="101" who="2" fromWho="0" sc="243,-23,261,0,317,23,179,0" /><INIT seed="2,0,0,2,2,133" ten="220,261,340,179" oya="2" hai0="97,88,106,20,41,78,68,119,21,121,126,86,6" hai1="3,15,75,65,9,22,135,36,44,59,120,1,42" hai2="101,52,69,113,32,96,48,39,66,105,56,67,70" hai3="72,87,47,8,12,110,54,92,131,0,95,62,102"/><V58/><F113/><W55/><G72/><T53/><D121/><U80/><E120/><V35/><F39/><W104/><G0/><T7/><D68/><U112/><E112/><V50/><F32/><W124/><G110/><T76/><D119/><U71/><E71/><V16/><F35/><W10/><G131/><T108/><D108/><U103/><E22/><N who="0" m="8809" /><D106/><U82/><E103/><V125/><F16/><W117/><G117/><T46/><D41/><U107/><E107/><V60/><F48/><W34/><G104/><T77/><D97/><U83/><E75/><V2/><F2/><W132/><G34/><T114/><D126/><U61/><REACH who="1" step="1"/><E135/><REACH who="1" ten="220,251,340,179" step="2"/><V49/><F70/><W115/><G132/><T40/><D114/><U28/><E28/><V27/><F69/><W63/><G115/><T37/><D37/><U30/><E30/><V129/><F105/><W94/><G102/><T14/><D40/><U74/><E74/><V116/><F101/><W79/><G124/><T123/><D123/><U90/><E90/><V98/><F125/><W128/><G128/><T81/><D77/><U13/><E13/><V29/><F129/><W89/><G79/><T17/><D78/><U5/><AGARI ba="0,1" hai="1,3,5,9,15,36,42,44,59,61,65,80,82,83" machi="5" ten="30,2000,0" yaku="1,1,0,1,53,0" doraHai="133" doraHaiUra="45" who="1" fromWho="1" sc="220,-5,251,30,340,-10,179,-5" /><INIT seed="3,0,0,1,1,4" ten="215,281,330,174" oya="3" hai0="84,45,95,134,25,49,21,80,13,88,35,110,34" hai1="107,90,92,77,6,74,72,9,37,106,123,67,116" hai2="53,56,17,127,58,78,30,7,109,59,122,103,41" hai3="44,120,23,94,99,31,19,0,105,70,39,62,24"/><W114/><G120/><T118/><D118/><U65/><E37/><V82/><F109/><W29/><G114/><T2/><D2/><U51/><E123/><V14/><F127/><W115/><G115/><T18/><D110/><U61/><E51/><V43/><F7/><W129/><G105/><T57/><D134/><U66/><E61/><V60/><F30/><W83/><G0/><T52/><D35/><U102/><E102/><V131/><F103/><W47/><G129/><T32/><D32/><U75/><E77/><V108/><F108/><W36/><G83/><T5/><D34/><U112/><E116/><V40/><F131/><W87/><G87/><T20/><D5/><U76/><E76/><V81/><F122/><W68/><G39/><T63/><D80/><N who="2" m="30826" /><F78/><W91/><G70/><T28/><D63/><U128/><E128/><V100/><F100/><W86/><G86/><T69/><D69/><U27/><E27/><V10/><AGARI ba="0,0" hai="10,14,17,40,41,43,53,56,58,59,60" m="30826" machi="10" ten="30,2000,0" yaku="8,1,52,1" doraHai="4" who="2" fromWho="2" sc="215,-5,281,-5,330,20,174,-10" owari="210,-19.0,276,7.6,350,45.0,164,-33.6" /></mjloggm>