<mjloggm ver="2.3"><GO type="225" lobby="0"/><UN n0="%30%2E%31%32%30" n1="%E5%80%89%E6%A9%8B%EF%BC%A0%E4%BA%8B%E5%8B%99" n2="%E3%81%A9%E3%82%8F%E3%82%93%E3%81%94" n3="%E3%83%B4%E3%83%A0%EF%BC%99%E3%81%A6" dan="16,16,16,17" rate="2085.57,2117.80,2197.70,2258.92" sx="M,M,M,M"/><TAIKYOKU oya="0"/><INIT seed="0,0,0,2,4,57" ten="250,250,250,250" oya="0" hai0="119,36,123,91,118,9,79,25,5,24,6,108,89" hai1="120,82,60,131,95,77,26,116,133,3,134,94,83" hai2="75,78,90,52,76,128,70,117,39,7,73,114,35" hai3="88,1,80,12,16,84,104,43,135,87,33,67,51"/><T65/><D65/><U64/><E3/><V54/><F114/><W20/><G135/><N who="1" m="51722" /><E116/><V106/><F35/><W124/><G124/><T68/><D36/><U55/><E120/><V49/><F39/><W96/><G33/><T22/><D123/><U31/><E55/><V10/><F106/><W13/><G1/><T45/><D22/><N who="1" m="15831" /><E131/><V23/><F70/><W98/><G104/><T56/><D56/><N who="1" m="36871" /><E83/><V111/><F128/><W110/><G110/><T30/><D68/><U113/><E113/><V109/><F117/><W92/><G67/><T48/><D108/><U115/><E115/><V41/><F109/><W14/><G43/><T101/><D25/><U132/><N who="1" m="51730" /><U121/><DORA hai="97" /><E121/><V44/><F111/><W127/><G51/><T130/><D24/><U17/><E17/><V29/><F54/><W112/><G127/><T28/><D130/><U19/><E19/><V4/><F41/><W8/><G112/><T74/><D48/><U86/><AGARI ba="0,0" hai="77,82,86,94,95" m="36871,15831,51730" machi="86" ten="40,2700,0" yaku="20,1,52,1" doraHai="57,97" who="1" fromWho="1" sc="250,-13,250,27,250,-7,250,-7" /><INIT seed="1,0,0,4,4,94" ten="237,277,243,243" oya="1" hai0="34,103,45,55,19,39,78,100,63,58,123,41,99" hai1="5,23,15,133,47,107,46,68,6,44,120,109,11" hai2="129,53,98,43,0,49,116,115,75,18,22,81,42" hai3="119,37,121,14,8,131,36,135,10,60,134,13,79"/><U76/><E120/><V126/><F116/><W85/><G121/><T51/><D34/><U25/><E68/><V111/><F0/><W91/><G79/><T21/><D123/><U89/><E107/><V130/><F111/><W82/><G119/><T113/><D113/><U101/><E76/><N who="2" m="44191" /><F115/><W110/><G110/><T67/><D78/><U118/><E118/><V90/><F126/><W30/><G30/><T132/><D132/><N who="3" m="50729" /><G60/><T3/><D3/><U9/><E133/><V54/><F90/><W84/><G84/><T105/><D100/><U12/><E101/><V64/><F64/><W125/><G125/><T66/><REACH who="0" step="1"/><D63/><REACH who="0" ten="227,277,243,243" step="2"/><U16/><E109/><V87/><F130/><W73/><G131/><T2/><D2/><U4/><E4/><V32/><F32/><W102/><G102/><T77/><D77/><U20/><E20/><V50/><F129/><W124/><G124/><T72/><D72/><U104/><E104/><V92/><F22/><W108/><G73/><T7/><D7/><U62/><E62/><V38/><F18/><N who="3" m="8487" /><G108/><T1/><D1/><U52/><E89/><V35/><F35/><W83/><G83/><T97/><D97/><U59/><E59/><N who="2" m="33199" /><F87/><W48/><G85/><T117/><D117/><U40/><E40/><V27/><F43/><W29/><G91/><T31/><D31/><U70/><E70/><V74/><F42/><W65/><G29/><T127/><D127/><U80/><E80/><V86/><F74/><W122/><G82/><T112/><D112/><U24/><E24/><AGARI ba="0,1" hai="19,21,24,39,41,45,51,55,58,66,67,99,103,105" machi="24" ten="30,7700,0" yaku="1,1,7,1,52,1,53,1" doraHai="94" doraHaiUra="93" who="0" fromWho="1" sc="227,87,277,-77,243,0,243,0" /><INIT seed="2,0,0,4,0,1" ten="314,200,243,243" oya="2" hai0="25,93,8,116,117,62,2,128,40,104,111,102,135" hai1="101,53,66,5,114,24,96,129,122,125,79,74,91" hai2="85,39,132,29,56,51,86,50,36,76,23,16,28" hai3="21,45,9,43,15,52,133,22,100,3,34,44,0"/><V70/><F70/><W84/><G34/><T59/><D104/><U75/><E114/><V65/><F132/><W58/><G100/><T77/><D135/><U124/><E66/><V64/><F56/><W38/><G44/><T31/><D77/><U72/><E24/><V55/><F76/><W37/><G37/><T19/><D40/><U11/><E53/><V32/><F32/><W109/><G109/><T131/><D111/><U81/><E129/><N who="0" m="49737" /><D102/><U130/><E130/><V10/><F55/><W49/><G133/><T13/><D93/><U88/><E122/><V68/><F68/><W35/><G35/><N who="0" m="20975" /><D2/><U107/><E11/><V106/><F10/><W94/><G21/><T83/><D83/><U112/><E5/><V98/><F23/><W103/><G22/><T78/><D78/><U42/><E42/><V17/><F106/><W118/><G103/><T87/><D87/><N who="1" m="48575" /><E112/><V67/><F67/><AGARI ba="0,0" hai="8,13,19,59,62,67,116,117" m="20975,49737" machi="67" ten="30,1000,0" yaku="19,1" doraHai="1" who="0" fromWho="2" sc="314,10,200,0,243,-10,243,0" /><INIT seed="3,0,0,4,4,64" ten="324,200,233,243" oya="3" hai0="91,9,90,81,77,60,12,108,102,15,66,16,2" hai1="100,114,51,86,110,5,104,19,74,75,131,23,80" hai2="109,27,82,71,37,67,135,119,89,56,36,40,68" hai3="101,52,22,48,31,125,63,14,93,49,47,78,85"/><W4/><G125/><T73/><D2/><U17/><E114/><V107/><F107/><W76/><G63/><T111/><D102/><U42/><E110/><N who="0" m="42025" /><D12/><U8/><E131/><V128/><F27/><N who="3" m="16887" /><G49/><T130/><D130/><U79/><E104/><V34/><F34/><W105/><G105/><T115/><D115/><U30/><E100/><V46/><F128/><W21/><G85/><T3/><D3/><U96/><E96/><V83/><F109/><W98/><G21/><T39/><D39/><U38/><E38/><V120/><F36/><W18/><G18/><T124/><D124/><U70/><E70/><AGARI ba="0,0" hai="9,15,16,60,66,70,73,77,81,90,91" m="42025" machi="70" ten="30,3900,0" yaku="14,1,52,1,54,1" doraHai="64" who="0" fromWho="1" sc="324,39,200,-39,233,0,243,0" owari="363,46.3,161,-33.9,233,-16.7,243,4.3" /></mjloggm>