<mjloggm ver="2.3"><GO type="225" lobby="0"/><UN n0="%E3%82%B7%E3%83%B3%E5%A4%AA%E6%9C%97" n1="%E6%B8%A1%E5%A4%A9%E8%97%8D" n2="%72%61%6B%33" n3="%E6%98%93%E5%88%A9%E8%96%A9%E4%BC%AF" dan="16,16,16,16" rate="2174.16,2095.66,2152.81,2051.67" sx="M,M,M,F"/><TAIKYOKU oya="0"/><INIT seed="0,0,0,2,3,112" ten="250,250,250,250" oya="0" hai0="83,113,95,28,54,25,18,92,127,109,134,58,93" hai1="128,31,130,124,111,82,3,133,118,88,85,46,30" hai2="126,120,84,47,105,38,101,78,17,32,6,110,77" hai3="35,86,29,61,21,43,23,87,34,12,68,70,27"/><T53/><D134/><U123/><E3/><V100/><F32/><W122/><G122/><T107/><D107/><U48/><E123/><V45/><F105/><W121/><G121/><T20/><D113/><U5/><E5/><V104/><F104/><W9/><G43/><T99/><D127/><U114/><E114/><V129/><F6/><W63/><G9/><T76/><D109/><U102/><E111/><V135/><F84/><W131/><G12/><T51/><D53/><U74/><E124/><V125/><F120/><W37/><G27/><T44/><D44/><U14/><E14/><V72/><F110/><W33/><G29/><T108/><D108/><U57/><E57/><V75/><F135/><W7/><G7/><T19/><REACH who="0" step="1"/><D99/><REACH who="0" ten="240,250,250,250" step="2"/><U90/><E133/><V52/><F52/><W26/><G131/><T94/><N who="0" m="23552" /><DORA hai="42" /><T60/><D60/><U80/><E130/><V50/><F129/><W8/><G63/><T91/><D91/><U115/><E88/><V40/><F40/><W11/><G61/><T59/><D59/><U24/><E128/><V96/><F96/><W132/><G132/><T103/><D103/><U64/><E102/><V36/><F50/><W79/><G68/><T81/><D81/><U49/><E82/><V117/><F101/><W66/><G70/><T67/><D67/><U62/><E64/><V15/><F100/><W16/><G66/><T98/><D98/><U56/><E90/><V55/><F55/><W73/><G37/><T71/><D71/><U22/><E62/><V2/><F36/><W97/><G97/><T39/><D39/><RYUUKYOKU ba="0,1" sc="240,30,250,-10,250,-10,250,-10" hai0="18,19,20,25,28,51,54,58,76,83" /><INIT seed="0,1,1,4,5,72" ten="270,240,240,240" oya="0" hai0="64,15,93,118,28,40,29,60,75,13,74,19,81" hai1="50,82,107,134,106,42,84,117,21,53,123,41,49" hai2="66,125,12,0,95,124,32,119,135,11,67,96,55" hai3="99,56,114,46,88,101,18,122,3,108,52,38,85"/><T65/><D118/><U97/><E117/><V111/><F119/><W79/><G114/><T112/><D112/><U104/><E123/><V63/><F32/><W78/><G3/><T116/><D116/><U6/><E6/><V10/><F111/><W77/><G122/><T132/><D132/><U127/><E134/><V36/><F36/><W26/><G108/><T24/><D40/><U113/><E113/><V87/><F87/><W34/><G38/><T120/><D120/><U23/><E97/><V54/><F0/><W115/><G115/><T22/><D93/><U43/><E127/><N who="2" m="48715" /><F66/><W70/><G46/><T73/><D81/><U103/><E103/><N who="2" m="60831" /><F135/><W102/><G70/><T44/><D44/><U61/><E61/><V9/><F12/><W2/><G2/><T1/><D1/><U100/><E100/><V86/><F86/><W31/><G18/><T47/><D47/><U128/><E128/><V48/><F48/><W109/><G109/><T90/><D90/><U20/><REACH who="1" step="1"/><E53/><REACH who="1" ten="270,230,240,240" step="2"/><V30/><F30/><W91/><G99/><T83/><D28/><U133/><E133/><V69/><AGARI ba="1,2" hai="9,10,11,54,55,63,67,69" m="60831,48715" machi="69" ten="30,1100,0" yaku="18,1" doraHai="72" who="2" fromWho="2" sc="270,-6,230,-4,240,34,240,-4" /><INIT seed="1,0,0,5,0,125" ten="264,226,274,236" oya="1" hai0="25,43,63,106,72,133,89,109,34,62,24,127,115" hai1="120,53,119,93,85,81,113,5,57,67,58,47,88" hai2="33,37,59,45,21,8,31,111,116,130,60,17,39" hai3="92,90,73,134,101,128,1,131,96,123,104,56,40"/><U27/><E113/><V52/><F116/><W50/><G123/><T118/><D43/><U12/><E119/><V26/><F111/><W36/><G1/><T14/><D109/><U94/><E120/><V9/><F130/><N who="3" m="49707" /><G134/><T83/><D118/><U80/><E27/><V11/><REACH who="2" step="1"/><F45/><REACH who="2" ten="264,226,264,236" step="2"/><N who="3" m="23687" /><G73/><T91/><D115/><U42/><E80/><V4/><F4/><W79/><G79/><T3/><D83/><U13/><E81/><V28/><F28/><W48/><G56/><T86/><D133/><U69/><E58/><V18/><F18/><W102/><G102/><T29/><D29/><U15/><E5/><V2/><F2/><W103/><G103/><T75/><D3/><U41/><E69/><V129/><F129/><W100/><G100/><T23/><D127/><U76/><E76/><V84/><F84/><AGARI ba="0,1" hai="48,50,84,90,92,96,101,104" m="23687,49707" machi="84" ten="30,7700,0" yaku="19,1,52,3" doraHai="125" who="3" fromWho="2" sc="264,0,226,0,264,-77,236,87" /><INIT seed="2,0,0,2,3,99" ten="264,226,187,323" oya="2" hai0="79,50,110,135,25,122,27,100,104,83,133,70,22" hai1="30,49,81,20,113,125,43,73,6,8,7,57,12" hai2="106,88,60,36,41,120,127,130,105,63,103,72,18" hai3="129,35,107,4,86,77,84,45,94,59,87,5,118"/><V101/><F120/><W114/><G107/><T38/><D38/><U108/><E113/><V66/><F72/><W95/><G35/><T52/><D122/><U96/><E108/><V69/><F127/><W26/><G118/><T115/><D70/><U51/><E125/><V119/><F119/><W0/><G129/><T47/><D110/><U54/><E73/><V124/><F124/><W33/><G77/><T117/><D117/><U92/><E81/><V102/><F130/><W126/><G114/><T109/><D109/><U48/><E6/><V76/><F76/><W82/><G82/><T53/><D115/><U116/><E116/><V134/><F134/><N who="0" m="51210" /><D53/><U78/><E78/><V37/><F18/><W19/><G45/><T31/><D25/><N who="1" m="16679" /><E43/><V67/><F88/><AGARI ba="0,0" hai="7,8,12,48,49,51,54,57,88,92,96" m="16679" machi="88" ten="30,2000,0" yaku="8,1,54,1" doraHai="99" who="1" fromWho="2" sc="264,0,226,20,187,-20,323,0" /><INIT seed="3,0,0,1,5,17" ten="264,246,167,323" oya="3" hai0="69,14,110,45,74,87,113,115,29,5,88,54,77" hai1="111,116,133,9,24,97,70,23,119,27,35,84,19" hai2="51,102,57,33,100,94,107,131,25,103,18,44,109" hai3="123,76,134,58,121,60,32,126,98,47,65,55,96"/><W127/><G32/><T68/><D110/><U64/><E111/><V95/><F109/><W81/><G134/><T104/><D104/><U63/><E133/><V16/><F107/><W125/><G47/><T108/><D108/><U11/><E97/><N who="3" m="37482" /><G65/><T2/><D29/><N who="1" m="19879" /><E84/><AGARI ba="0,0" hai="55,58,60,76,81,84,121,123,125,126,127" m="37482" machi="84" ten="30,1500,0" yaku="18,1" doraHai="17" who="3" fromWho="1" sc="264,0,246,-15,167,0,323,15" owari="264,6.4,231,-16.9,167,-33.3,338,43.8" /></mjloggm>