<mjloggm ver="2.3"><GO type="225" lobby="0"/><UN n0="%E6%B4%BE%E9%81%A3%E3%81%AE%E3%82%B8%E3%83%A3%E3%83%83%E3%82%AF" n1="%E8%BE%9B%E5%8F%A3%E3%82%AB%E3%83%AC%E3%83%BC%E3%83%A9%E3%82%A4%E3%82%B9" n2="%E3%80%93%E3%81%97%E3%83%BC%E3%82%89%E3%80%93" n3="%E3%81%B5%E3%81%98%E3%81%8B%E3%81%A4" dan="17,17,16,17" rate="2220.16,2246.65,2163.76,2216.83" sx="M,M,M,M"/><TAIKYOKU oya="0"/><INIT seed="0,0,0,5,2,78" ten="250,250,250,250" oya="0" hai0="119,81,37,14,106,42,55,116,28,76,125,87,56" hai1="101,17,75,29,2,62,60,114,21,112,23,111,68" hai2="19,24,99,16,117,7,105,79,90,130,25,96,40" hai3="93,20,13,0,45,57,102,123,94,51,27,92,129"/><T83/><D106/><U134/><E111/><V59/><F130/><W22/><G0/><T48/><D28/><U71/><E2/><V36/><F7/><W26/><G129/><T67/><D67/><U133/><E75/><V69/><F69/><N who="1" m="26697" /><E101/><V32/><F105/><W30/><G123/><T82/><D125/><U61/><E29/><V72/><F117/><W121/><G121/><T89/><D14/><U65/><E17/><V50/><F36/><W120/><G120/><T110/><D110/><U108/><E65/><V63/><F32/><W127/><G127/><T74/><REACH who="0" step="1"/><D83/><REACH who="0" ten="240,250,250,250" step="2"/><U122/><E108/><V70/><F25/><W1/><G13/><T84/><D84/><U124/><E124/><V5/><F24/><W66/><G1/><T98/><D98/><U113/><E122/><V91/><F99/><N who="3" m="59751" /><G26/><T58/><D58/><U80/><E80/><V64/><F96/><W52/><G22/><AGARI ba="0,1" hai="21,22,23,60,61,62,112,113,114,133,134" m="26697" machi="22" ten="40,5200,0" yaku="28,2,11,1" doraHai="78" who="1" fromWho="3" sc="240,0,250,62,250,0,250,-52" /><INIT seed="1,0,0,1,3,20" ten="240,312,250,198" oya="1" hai0="24,122,16,10,47,9,131,42,77,27,51,96,25" hai1="29,60,7,6,1,127,79,84,37,31,99,55,101" hai2="75,66,36,54,130,100,115,97,39,114,32,2,4" hai3="22,63,88,94,105,11,73,67,8,19,86,128,17"/><U116/><E116/><V109/><F75/><W91/><G128/><T80/><D131/><U71/><E37/><V126/><F130/><W121/><G105/><T120/><D96/><U108/><E127/><V3/><F126/><W125/><G125/><T35/><D35/><U134/><E134/><V48/><F66/><W119/><G119/><T89/><D89/><U83/><E108/><V92/><F32/><W44/><G73/><N who="0" m="43055" /><D16/><N who="3" m="6217" /><G44/><T132/><D132/><U45/><E71/><V98/><F109/><W103/><G121/><AGARI ba="0,0" hai="9,10,24,25,27,42,47,51,120,121,122" m="43055" machi="121" ten="30,7700,0" yaku="13,1,52,3" doraHai="20" who="0" fromWho="3" sc="240,77,312,0,250,0,198,-77" /><INIT seed="2,0,0,5,1,60" ten="317,312,250,121" oya="2" hai0="13,105,48,110,20,95,27,12,75,35,93,106,38" hai1="96,77,81,83,50,79,108,11,63,37,134,54,58" hai2="7,112,113,68,14,44,16,76,49,64,123,85,19" hai3="3,33,120,32,1,78,61,131,67,94,118,122,127"/><V88/><F123/><W0/><G118/><T125/><D38/><U117/><E37/><V71/><F76/><N who="1" m="29257" /><E117/><V116/><F7/><W43/><G43/><T53/><D75/><U55/><E108/><V124/><F124/><W70/><G78/><T135/><D110/><U45/><E134/><V6/><F6/><W10/><G127/><T57/><D135/><U92/><E11/><V51/><F116/><W121/><G131/><T22/><D35/><U34/><E34/><V98/><F98/><W73/><G73/><T46/><D125/><U24/><E24/><V109/><F109/><W15/><REACH who="3" step="1"/><G94/><REACH who="3" ten="317,312,250,111" step="2"/><T66/><D95/><U100/><AGARI ba="0,1" hai="45,50,54,55,58,63,81,83,92,96,100" m="29257" machi="100" ten="30,1100,0" yaku="8,1" doraHai="60" who="1" fromWho="1" sc="317,-3,312,21,250,-5,111,-3" /><INIT seed="3,0,0,5,4,98" ten="314,333,245,108" oya="3" hai0="57,19,1,93,100,59,24,131,118,16,44,37,95" hai1="25,30,92,113,127,6,4,84,121,76,97,26,32" hai2="53,0,102,107,94,73,66,72,122,60,119,85,91" hai3="13,130,67,61,103,88,22,18,12,45,50,106,3"/><W38/><G130/><T132/><D118/><U86/><E113/><V43/><F0/><W111/><G3/><T81/><D1/><U104/><E104/><V9/><F119/><W79/><G38/><T42/><D81/><U62/><E121/><V39/><F53/><W48/><G111/><T78/><D78/><U33/><E62/><V128/><F9/><W47/><G79/><T115/><D131/><U65/><E65/><V10/><F10/><W64/><G106/><T114/><D132/><U75/><E75/><V15/><F15/><W28/><G28/><T117/><D117/><U133/><E133/><V46/><F122/><W56/><G103/><T29/><D59/><U108/><E108/><V11/><F11/><W34/><G34/><T7/><D57/><U116/><E116/><V23/><F23/><W35/><G35/><N who="0" m="20903" /><D100/><U58/><E58/><V74/><F128/><W21/><G88/><T71/><D71/><U51/><E51/><N who="3" m="19498" /><G67/><T82/><D82/><U96/><E76/><V120/><F120/><W5/><G5/><T69/><D7/><U129/><E129/><V27/><F27/><N who="3" m="14775" /><G22/><T41/><D69/><U70/><E70/><V105/><REACH who="2" step="1"/><F102/><REACH who="2" ten="314,333,235,108" step="2"/><W126/><G126/><T112/><D42/><U54/><E127/><V2/><F2/><W125/><G125/><T36/><D41/><U20/><E20/><V77/><F77/><W8/><G8/><T68/><D114/><U49/><E32/><V110/><F110/><W135/><G135/><T109/><D109/><U63/><E33/><V31/><F31/><W87/><G87/><T55/><D112/><RYUUKYOKU ba="0,1" sc="314,-15,333,-15,235,15,108,15" hai2="39,43,46,60,66,72,73,74,85,91,94,105,107" hai3="12,13,45,47,56,61,64" /><INIT seed="3,1,1,5,2,45" ten="299,318,250,123" oya="3" hai0="97,22,61,112,11,107,29,70,80,13,48,102,14" hai1="94,17,18,60,62,111,132,32,67,100,113,76,15" hai2="73,33,57,35,2,101,12,129,108,126,40,85,135" hai3="7,19,43,79,34,37,133,56,23,41,90,130,128"/><W49/><G34/><T78/><D48/><U38/><E113/><V99/><F73/><W71/><G71/><T28/><D112/><U27/><E38/><V77/><F2/><W58/><G7/><T20/><D70/><U10/><E111/><V124/><F108/><W86/><G79/><T104/><D61/><U53/><E132/><V1/><F1/><W109/><G109/><T131/><D131/><N who="3" m="50217" /><G133/><T134/><D134/><U82/><E53/><V74/><F135/><W118/><G118/><T47/><D47/><U55/><E55/><V65/><F129/><W122/><G122/><T88/><D78/><U44/><E44/><V8/><F74/><W6/><G6/><T120/><D120/><U4/><E32/><V39/><F35/><W25/><G37/><T105/><D80/><U3/><E27/><V9/><F33/><W127/><G127/><T123/><D123/><U69/><E62/><N who="2" m="38095" /><F39/><W119/><G119/><T116/><D116/><U114/><E114/><V42/><F124/><W66/><G66/><T110/><D110/><U91/><E100/><V117/><F126/><W98/><G98/><T5/><D102/><U72/><E3/><V121/><F117/><W50/><G58/><T106/><N who="0" m="26624" /><DORA hai="89" /><T75/><D75/><U21/><E21/><V52/><F121/><W30/><G30/><T93/><D22/><U83/><E76/><V51/><F99/><W24/><G24/><T68/><D68/><U87/><E72/><V103/><F77/><W16/><G16/><N who="1" m="6250" /><E69/><V0/><F0/><W31/><G31/><N who="0" m="11851" /><D20/><U46/><E67/><V92/><F92/><RYUUKYOKU ba="1,1" sc="299,30,318,-10,250,-10,123,-10" hai0="5,11,13,14,88,93,97" owari="339,43.9,308,10.8,240,-16.0,113,-38.7" /></mjloggm>