<mjloggm ver="2.3"><GO type="225" lobby="0"/><UN n0="%6D%75%75%73%61%6E%6D%75" n1="%E3%81%AF%E3%82%88%E3%81%8A%E3%81%98%E3%81%95%E3%82%93" n2="%E5%B8%86%E7%AB%8B%E5%A4%8F%E8%A1%A3" n3="%E3%82%8C%E3%81%99%E3%81%93" dan="16,17,17,17" rate="2049.65,2159.38,2163.86,2265.60" sx="F,M,M,F"/><TAIKYOKU oya="0"/><INIT seed="0,0,0,0,4,51" ten="250,250,250,250" oya="0" hai0="61,128,95,91,53,79,135,12,101,113,33,132,69" hai1="7,60,103,81,44,64,57,62,8,45,110,105,55" hai2="123,76,15,58,75,102,24,85,39,122,88,92,94" hai3="14,11,23,29,127,121,35,78,86,119,134,80,0"/><T90/><D113/><U66/><E110/><V117/><F39/><W84/><G119/><T34/><D128/><U107/><E81/><N who="2" m="45215" /><F58/><W6/><G134/><N who="0" m="51243" /><D79/><U13/><E66/><V114/><F15/><W98/><G127/><T56/><D69/><U87/><E87/><N who="2" m="52255" /><F24/><N who="3" m="18855" /><G121/><N who="2" m="46089" /><F114/><W28/><G28/><T41/><D41/><U67/><E67/><V21/><F21/><W1/><G1/><T37/><D37/><U50/><E62/><V43/><F43/><W47/><G47/><T130/><D130/><U104/><REACH who="1" step="1"/><E103/><REACH who="1" ten="250,240,250,250" step="2"/><V126/><F126/><W3/><G80/><T4/><D101/><U70/><AGARI ba="0,1" hai="7,8,13,44,45,50,55,57,60,64,70,104,105,107" machi="70" ten="30,7900,0" yaku="1,1,2,1,0,1,52,1,53,0" doraHai="51" doraHaiUra="97" who="1" fromWho="1" sc="250,-39,240,89,250,-20,250,-20" /><INIT seed="1,0,0,0,0,10" ten="211,329,230,230" oya="1" hai0="31,98,126,72,102,14,45,18,121,40,17,119,56" hai1="103,73,7,64,116,22,130,60,13,118,117,94,124" hai2="19,135,16,65,34,107,75,127,9,131,100,11,109" hai3="101,20,46,58,37,108,133,74,54,59,123,111,12"/><U29/><E73/><V91/><F34/><W71/><G123/><T69/><D119/><U113/><E113/><V6/><F75/><W90/><G71/><T57/><D69/><U8/><E124/><V47/><F65/><W1/><G1/><T15/><D72/><U79/><E79/><V66/><F66/><W35/><G35/><T36/><D31/><U106/><E106/><V32/><F32/><W55/><G74/><T68/><D68/><U25/><E130/><V38/><F131/><W88/><G101/><T62/><D126/><U110/><E110/><N who="3" m="42026" /><G133/><T85/><D85/><U61/><REACH who="1" step="1"/><E64/><REACH who="1" ten="211,319,230,230" step="2"/><V3/><F107/><W87/><G55/><T92/><D121/><U27/><E27/><V128/><F128/><W132/><G54/><T2/><D62/><U23/><E23/><V42/><F127/><W70/><G20/><T95/><D2/><U33/><E33/><V67/><F67/><W83/><G132/><T49/><D36/><U30/><E30/><V84/><F135/><W63/><G70/><T39/><D39/><U89/><E89/><V81/><F109/><W104/><G104/><T0/><D0/><U96/><AGARI ba="0,1" hai="7,8,13,22,25,29,60,61,94,96,103,116,117,118" machi="96" ten="40,7800,0" yaku="1,1,0,1,52,1,53,0" doraHai="10" doraHaiUra="82" who="1" fromWho="1" sc="211,-26,319,88,230,-26,230,-26" /><INIT seed="1,1,0,1,1,28" ten="185,407,204,204" oya="1" hai0="135,133,129,65,7,49,71,121,90,16,128,79,77" hai1="95,52,20,126,34,123,66,100,75,125,51,118,73" hai2="81,27,122,24,115,131,109,46,69,38,33,29,12" hai3="4,67,116,58,80,124,45,96,41,68,83,54,82"/><U127/><E118/><V94/><F69/><W112/><G112/><T104/><D7/><U91/><E123/><V64/><F64/><W110/><G110/><T70/><D104/><U15/><E100/><V5/><F122/><W72/><G124/><T48/><D121/><U63/><E34/><V56/><F56/><W31/><G116/><T119/><D90/><U0/><E0/><V25/><F131/><N who="0" m="50250" /><D119/><U10/><E20/><V50/><F38/><W35/><G68/><N who="0" m="26155" /><D16/><N who="1" m="8311" /><E63/><V6/><F109/><W2/><G72/><T107/><D107/><U42/><E42/><V8/><F115/><W120/><G120/><T26/><D26/><U88/><E66/><V32/><F5/><W61/><G4/><T9/><D9/><U44/><E91/><V106/><F106/><W1/><G67/><T99/><D65/><U39/><E39/><V113/><F113/><W111/><G111/><T53/><D99/><AGARI ba="1,0" hai="44,51,52,73,75,88,95,99,125,126,127" m="8311" machi="99" ten="30,11600,0" yaku="18,1,54,3" doraHai="28" who="1" fromWho="0" sc="185,-119,407,119,204,0,204,0" /><INIT seed="1,2,0,0,1,46" ten="66,526,204,204" oya="1" hai0="34,39,44,79,133,25,85,62,67,49,40,19,45" hai1="17,87,74,10,36,15,57,104,77,135,90,12,99" hai2="41,24,51,69,91,33,35,71,64,37,92,11,81" hai3="93,83,100,122,43,116,94,97,32,117,107,5,118"/><U115/><E115/><V128/><F37/><W78/><G32/><T21/><D133/><U66/><E135/><V42/><F128/><W120/><G5/><T101/><D34/><U110/><E36/><V2/><F81/><W61/><G61/><T113/><D113/><U76/><E74/><V111/><F111/><W31/><G31/><T13/><D101/><U22/><E110/><V95/><F95/><N who="3" m="36363" /><G43/><T89/><D79/><U126/><E126/><V96/><F64/><W20/><G20/><T56/><D44/><U18/><E104/><V102/><F102/><W29/><G29/><T84/><D39/><U105/><E105/><V129/><F129/><W7/><G7/><T103/><D103/><U9/><E22/><V70/><F24/><W0/><G0/><T8/><REACH who="0" step="1"/><D89/><REACH who="0" ten="56,526,204,204" step="2"/><U55/><E99/><V30/><F35/><W14/><G14/><T86/><D86/><AGARI ba="2,1" hai="78,83,86,97,100,107,116,117,118,120,122" m="36363" machi="86" ten="30,3900,0" yaku="12,1,34,2" doraHai="46" who="3" fromWho="0" sc="56,-45,526,0,204,0,204,55" /><INIT seed="2,0,0,1,0,134" ten="11,526,204,259" oya="2" hai0="100,64,89,56,96,135,102,68,124,113,60,22,58" hai1="81,118,41,133,104,125,34,66,3,50,74,98,44" hai2="121,19,131,16,1,83,26,71,39,117,93,63,94" hai3="49,6,103,72,107,88,51,36,5,7,69,132,67"/><V54/><F121/><W2/><G36/><T55/><D135/><U87/><E34/><V106/><F117/><W85/><G72/><T20/><D113/><U59/><E3/><V114/><F114/><W90/><G2/><T17/><D68/><U48/><E74/><V110/><F106/><W43/><G132/><T9/><D9/><U30/><E118/><V32/><F39/><W79/><G79/><T61/><D22/><U47/><E30/><V0/><F131/><W15/><G15/><T80/><D124/><U21/><E125/><V109/><F83/><W10/><G10/><T99/><D99/><U31/><E98/><V8/><F32/><W78/><G78/><T35/><D35/><U123/><E104/><V112/><F112/><W126/><G126/><T82/><D82/><U14/><E133/><V18/><F26/><W40/><G103/><T120/><D120/><U97/><E97/><V127/><F127/><W86/><G107/><T45/><D45/><U57/><E66/><N who="2" m="41439" /><F54/><W62/><G49/><T37/><D37/><U111/><E123/><V28/><F28/><W95/><REACH who="3" step="1"/><G51/><REACH who="3" ten="11,526,204,249" step="2"/><T76/><D76/><U4/><E50/><V128/><F128/><W130/><G130/><T13/><REACH who="0" step="1"/><D96/><REACH who="0" ten="1,526,204,249" step="2"/><U27/><E44/><V105/><F105/><W108/><G108/><N who="2" m="41577" /><F1/><W42/><G42/><T46/><D46/><U38/><E111/><V23/><F23/><W70/><G70/><T119/><D119/><U52/><E47/><V122/><F122/><W24/><G24/><T75/><D75/><U116/><E38/><V84/><F84/><AGARI ba="0,2" hai="13,17,20,55,56,58,60,61,64,80,84,89,100,102" machi="84" ten="40,5200,0" yaku="1,1,8,1,53,1" doraHai="134" doraHaiUra="11" who="0" fromWho="2" sc="1,72,526,0,204,-52,249,0" /><INIT seed="3,0,0,1,4,7" ten="73,526,152,249" oya="3" hai0="83,11,12,101,64,61,87,118,91,62,105,31,67" hai1="36,82,97,5,15,43,84,28,73,33,39,32,81" hai2="109,120,45,1,115,102,10,121,133,112,117,57,119" hai3="20,134,52,71,58,111,51,135,129,98,106,122,34"/><W125/><G34/><T85/><D118/><N who="2" m="45066" /><F102/><W114/><G106/><T74/><D74/><U16/><E5/><N who="2" m="1327" /><F133/><N who="3" m="50699" /><G98/><T37/><D37/><U30/><E28/><V25/><F25/><W103/><G103/><T130/><D105/><U14/><E32/><V96/><F96/><W86/><G86/><T94/><D31/><U60/><E36/><V92/><F92/><W113/><G20/><T9/><D101/><U123/><E60/><N who="0" m="23145" /><D12/><U56/><E123/><N who="2" m="47179" /><F57/><W47/><G122/><T126/><D126/><U77/><E43/><V42/><F109/><W17/><G111/><T90/><D130/><U88/><E77/><V78/><F78/><W93/><G93/><T79/><D79/><U44/><E73/><V38/><AGARI ba="0,0" hai="38,42,45,112,115" m="47179,1327,45066" machi="38" ten="30,4000,0" yaku="13,1,23,1,52,1" doraHai="7" who="2" fromWho="2" sc="73,-10,526,-10,152,40,249,-20" owari="63,-43.7,516,61.6,192,-20.8,229,2.9" /></mjloggm>