<mjloggm ver="2.3"><GO type="225" lobby="0"/><UN n0="%E3%82%B7%E3%83%B3%E5%A4%AA%E6%9C%97" n1="%E9%95%B7%E5%B7%9E%E3%81%AE%E5%85%8B" n2="%E3%81%BF%E3%81%BF%E3%81%9A" n3="%E5%B0%8F%E9%B3%A5%E9%81%8A%E7%B7%B4%E7%84%A1%32%31%E6%AD%B3" dan="16,16,16,16" rate="2152.42,2111.79,2142.97,2172.17" sx="M,M,M,F"/><TAIKYOKU oya="0"/><INIT seed="0,0,0,1,1,16" ten="250,250,250,250" oya="0" hai0="32,132,110,63,109,29,24,118,7,129,17,77,81" hai1="72,93,85,80,117,135,92,2,27,126,50,43,84" hai2="45,99,75,106,31,61,123,35,38,66,34,113,108" hai3="23,22,19,9,1,83,12,87,89,52,49,68,6"/><T51/><D118/><U76/><E117/><V86/><F123/><W10/><REACH who="3" step="1"/><G68/><REACH who="3" ten="250,250,250,240" step="2"/><T37/><D129/><U120/><E120/><V53/><F113/><W33/><G33/><T104/><D132/><U97/><E135/><V119/><F35/><W122/><G122/><T41/><D32/><U26/><E126/><V133/><F34/><W30/><G30/><T11/><D29/><U82/><E2/><V42/><F31/><W105/><G105/><T44/><D110/><U98/><E72/><V40/><F75/><W116/><G116/><T46/><D109/><U127/><E127/><V79/><F108/><W101/><G101/><T55/><D104/><U18/><E18/><V134/><F119/><W59/><AGARI ba="0,1" hai="1,6,9,10,12,19,22,23,49,52,59,83,87,89" machi="59" ten="20,12000,2" yaku="21,2,0,1,7,1,52,2,54,1,53,0" doraHai="16" doraHaiUra="62" who="3" fromWho="3" sc="250,-60,250,-30,250,-30,240,130" /><INIT seed="1,0,0,3,2,98" ten="190,220,220,370" oya="1" hai0="73,65,116,92,6,35,120,124,93,74,123,107,59" hai1="134,28,135,24,64,37,20,131,30,43,127,16,104" hai2="55,47,22,33,5,46,18,111,1,29,83,21,50" hai3="102,63,90,108,0,99,52,70,88,34,130,118,36"/><U95/><E104/><V82/><F111/><W125/><G36/><T81/><D35/><U40/><E127/><V60/><F33/><W69/><G125/><T79/><D6/><U31/><E131/><V4/><F1/><W8/><G130/><T42/><D42/><U101/><E37/><V13/><F47/><W66/><G70/><T121/><D65/><U112/><E64/><V76/><F60/><W97/><G97/><T14/><D14/><U106/><E106/><V89/><F89/><W133/><G133/><N who="1" m="50698" /><E112/><V39/><F39/><W115/><G115/><T3/><D59/><U78/><E78/><V126/><F126/><W10/><G108/><T54/><D54/><U49/><E49/><V7/><F76/><W85/><G118/><T96/><D3/><U71/><E71/><V87/><F87/><W51/><G0/><T119/><D124/><U103/><E95/><N who="0" m="36425" /><D73/><U72/><E72/><V44/><F44/><W129/><G129/><T67/><D67/><U23/><E20/><V84/><F84/><W41/><G34/><T48/><D48/><U11/><E11/><V122/><F122/><W86/><G8/><T109/><D109/><U128/><E128/><V15/><F15/><W68/><G10/><T91/><D91/><U9/><E9/><V45/><F46/><W2/><G69/><T75/><D75/><U38/><E38/><V32/><F32/><W53/><G86/><T58/><D58/><U132/><N who="1" m="50706" /><U113/><DORA hai="94" /><E113/><V80/><F22/><W56/><G68/><T12/><D12/><U19/><E19/><V110/><F110/><RYUUKYOKU ba="0,0" sc="190,10,220,10,220,10,370,-30" hai0="74,79,81,96,107,116,119,120,121,123" hai1="16,23,24,28,30,31,40,43,101,103" hai2="4,5,7,13,18,21,29,45,50,55,80,82,83" /><INIT seed="1,1,0,4,1,105" ten="200,230,230,340" oya="1" hai0="109,117,96,20,125,76,11,25,63,128,48,9,112" hai1="132,30,40,57,118,12,70,99,135,116,51,91,27" hai2="24,81,87,130,35,47,62,103,73,60,58,97,16" hai3="7,39,46,1,89,61,129,5,69,67,102,34,2"/><U37/><E70/><V127/><F127/><W108/><G102/><T45/><D125/><U56/><E37/><V54/><F130/><W78/><G129/><T83/><D117/><U32/><E12/><V52/><F73/><W38/><G34/><T84/><D128/><U77/><E77/><V33/><F47/><W95/><G108/><T3/><D109/><U121/><E121/><V64/><F35/><W124/><G124/><T72/><D112/><U21/><E32/><V80/><F33/><W107/><G107/><T86/><D96/><U17/><E17/><V74/><F74/><W22/><G22/><T133/><D133/><N who="1" m="51275" /><E99/><V93/><F62/><W79/><G39/><T82/><D63/><U0/><E0/><V122/><F122/><W42/><G1/><T71/><D71/><U28/><E28/><V18/><F81/><W106/><G106/><T15/><D3/><U134/><E91/><N who="2" m="51687" /><F18/><W98/><G2/><T115/><D115/><U13/><E13/><V49/><F49/><W59/><G69/><T19/><D83/><U85/><E85/><V75/><F75/><W29/><REACH who="3" step="1"/><G29/><REACH who="3" ten="200,230,230,330" step="2"/><T36/><D36/><U90/><E134/><V44/><F44/><W50/><G50/><T100/><D100/><U101/><E101/><V41/><F41/><W114/><G114/><T110/><D110/><U10/><E40/><V31/><F31/><W88/><G88/><T8/><REACH who="0" step="1"/><D15/><REACH who="0" ten="190,230,230,330" step="2"/><U66/><E116/><V55/><F24/><W14/><G14/><T126/><D126/><U53/><E118/><V111/><F111/><W23/><G23/><T120/><D120/><RYUUKYOKU ba="1,2" sc="190,10,230,-30,230,10,330,10" hai0="8,9,11,19,20,25,45,48,72,76,82,84,86" hai2="16,52,54,55,58,60,64,93,97,103" hai3="5,7,38,42,46,59,61,67,78,79,89,95,98" /><INIT seed="2,2,2,4,1,130" ten="200,200,240,340" oya="2" hai0="17,117,108,98,86,40,66,107,71,35,53,123,43" hai1="92,129,28,30,127,99,19,124,83,38,54,25,79" hai2="39,2,110,116,1,49,68,29,89,11,80,135,74" hai3="58,88,8,67,10,50,113,81,62,36,90,63,112"/><V42/><F49/><W33/><G33/><T26/><D123/><U45/><E129/><V102/><F89/><N who="3" m="34411" /><G36/><T72/><D72/><U47/><E19/><V103/><F116/><W84/><G50/><T118/><D108/><U76/><E54/><V119/><F119/><N who="0" m="45578" /><D86/><U106/><E106/><V14/><F29/><W57/><G113/><T41/><D53/><U37/><E92/><V55/><F68/><W93/><G93/><T65/><D71/><U32/><E25/><V94/><F55/><N who="3" m="34111" /><G112/><T133/><D133/><U109/><E32/><V128/><F135/><W82/><G82/><T126/><D126/><U96/><REACH who="1" step="1"/><E83/><REACH who="1" ten="200,190,240,340" step="2"/><V73/><F80/><W16/><G16/><T69/><D17/><U95/><E95/><V13/><F94/><W24/><G24/><T78/><D35/><U44/><E44/><V64/><F128/><W56/><G81/><T120/><D26/><U59/><E59/><V125/><F125/><W97/><G56/><T23/><D69/><U114/><E114/><V131/><F131/><W46/><G46/><T15/><D120/><U115/><E115/><V22/><F74/><W52/><G52/><T121/><D121/><U5/><E5/><V75/><F73/><W21/><G58/><T20/><D107/><U7/><E7/><V100/><F75/><W31/><G67/><N who="0" m="25611" /><D98/><U111/><AGARI ba="2,3" hai="28,30,37,38,45,47,76,79,96,99,109,111,124,127" machi="111" ten="25,6400,0" yaku="1,1,0,1,22,2,53,0" doraHai="130" doraHaiUra="48" who="1" fromWho="1" sc="200,-18,190,100,240,-34,340,-18" /><INIT seed="3,0,0,0,5,68" ten="182,290,206,322" oya="3" hai0="127,12,110,128,30,32,41,18,78,35,105,48,52" hai1="62,16,87,20,83,125,2,37,44,71,117,135,106" hai2="126,115,109,91,123,93,130,100,6,27,46,50,57" hai3="24,95,120,64,84,55,89,3,9,90,88,132,51"/><W19/><G120/><T104/><D128/><U60/><E106/><V96/><F115/><W39/><G39/><T54/><D127/><U107/><E107/><V112/><F112/><W65/><G3/><T122/><D122/><U77/><E125/><V47/><F126/><W53/><G53/><T67/><D110/><U11/><E135/><V43/><F109/><W45/><G132/><T25/><D35/><U108/><E108/><V17/><F123/><W58/><G58/><T103/><D67/><N who="3" m="25673" /><G24/><T113/><D113/><U49/><E71/><V76/><F130/><W0/><G0/><T72/><D103/><U21/><E117/><V80/><F6/><W98/><G84/><T82/><D41/><U26/><E21/><N who="2" m="13743" /><F47/><W13/><AGARI ba="0,0" hai="9,13,19,45,51,55,88,89,90,95,98" m="25673" machi="13" ten="30,3000,0" yaku="8,1,54,1" doraHai="68" who="3" fromWho="3" sc="182,-10,290,-10,206,-10,322,30" owari="172,-32.8,280,8.0,196,-20.4,352,45.2" /></mjloggm>