<mjloggm ver="2.3"><GO type="225" lobby="0"/><UN n0="%6D%75%75%6D%75%72%61" n1="%E3%81%82%E3%81%84%E3%81%82%E3%81%8A%E3%81%84" n2="%E3%81%99%E3%81%84%E3%81%BE%E3%81%9B%E3%83%BC%E3%82%93" n3="%E3%81%AF%E3%82%88%E3%81%8A%E3%81%98%E3%81%95%E3%82%93" dan="16,18,16,16" rate="2134.50,2219.58,2108.03,2120.94" sx="F,M,M,M"/><TAIKYOKU oya="0"/><INIT seed="0,0,0,2,3,104" ten="250,250,250,250" oya="0" hai0="45,57,67,114,132,93,95,134,76,135,9,42,70" hai1="130,37,51,86,110,62,7,129,66,113,50,96,123" hai2="31,68,111,10,112,74,38,2,103,126,118,89,119" hai3="85,133,63,21,55,108,109,36,84,115,91,28,32"/><T29/><D114/><U83/><E37/><V20/><F20/><W17/><G115/><T71/><D57/><U106/><E113/><V116/><F31/><W64/><G36/><N who="0" m="21703" /><D29/><U27/><E123/><V88/><F112/><W53/><G133/><N who="0" m="34051" /><T46/><DORA hai="78" /><D46/><U60/><E60/><V131/><F111/><N who="3" m="42571" /><G85/><T35/><D35/><U5/><E110/><V34/><F34/><W61/><G28/><T102/><D102/><U82/><E62/><N who="3" m="23562" /><G32/><T73/><D9/><U121/><E66/><V43/><F10/><W105/><G105/><T54/><D54/><U14/><E106/><V4/><F68/><N who="0" m="26154" /><D67/><U52/><E5/><V13/><F4/><W33/><G33/><T24/><D24/><U75/><E27/><V41/><F38/><W122/><G122/><T22/><D22/><U77/><E121/><V56/><F56/><W49/><G49/><T3/><D3/><U98/><E7/><V58/><F2/><W12/><G64/><T1/><D1/><U39/><E39/><V87/><F118/><W127/><G127/><T125/><D125/><U0/><E0/><V72/><F126/><W40/><G40/><T128/><D128/><N who="1" m="49259" /><E14/><V8/><F131/><W79/><G55/><T6/><D6/><U26/><E26/><V94/><F13/><W48/><G53/><T97/><D97/><N who="1" m="37483" /><E52/><V124/><F124/><W69/><G69/><T44/><D44/><U117/><E117/><V25/><F119/><W59/><G59/><T81/><AGARI ba="0,0" hai="73,76,81,93,95" m="26154,34051,21703" machi="81" ten="50,9600,0" yaku="20,1,52,2" doraHai="104,78" who="0" fromWho="0" sc="250,96,250,-32,250,-32,250,-32" /><INIT seed="0,1,0,1,1,106" ten="346,218,218,218" oya="0" hai0="46,13,41,100,122,54,108,107,120,51,59,101,93" hai1="65,88,128,129,117,40,0,36,39,75,9,98,3" hai2="5,134,72,83,113,102,78,32,18,38,7,27,79" hai3="16,66,74,80,119,4,37,67,56,62,90,127,31"/><T82/><D107/><U92/><E117/><V57/><F113/><W22/><G119/><T64/><D108/><U33/><E33/><V20/><F134/><W8/><G37/><T85/><D64/><U63/><E75/><V58/><F38/><W42/><G42/><T125/><D125/><U2/><E9/><V126/><F126/><W12/><G127/><T47/><D13/><U105/><E105/><V1/><F102/><W131/><G131/><N who="1" m="50250" /><E40/><V84/><F32/><W135/><G135/><T77/><D47/><U111/><E111/><V55/><F1/><W11/><G67/><T68/><D68/><AGARI ba="1,0" hai="0,2,3,36,39,63,65,68,88,92,98" m="50250" machi="68" ten="40,2600,0" yaku="19,1,54,1" doraHai="106" who="1" fromWho="0" sc="346,-29,218,29,218,0,218,0" /><INIT seed="1,0,0,2,2,12" ten="317,247,218,218" oya="1" hai0="50,127,8,48,52,98,83,58,63,2,90,122,110" hai1="32,109,102,81,3,94,43,44,118,105,42,41,65" hai2="82,9,5,27,30,85,33,11,45,35,70,111,46" hai3="62,24,36,57,23,121,132,76,86,55,34,60,113"/><U104/><E118/><V18/><F111/><W26/><G113/><T87/><D110/><U1/><E32/><V14/><F70/><W134/><G121/><T135/><D122/><U131/><E44/><V22/><F35/><W73/><G36/><T53/><D127/><U49/><E49/><V39/><F11/><W133/><G73/><T40/><D135/><U92/><E109/><V80/><F39/><W84/><G76/><T130/><D130/><U47/><E47/><V4/><F4/><W13/><G13/><T37/><D37/><U97/><E131/><V88/><REACH who="2" step="1"/><F80/><REACH who="2" ten="317,247,208,218" step="2"/><W89/><G34/><T74/><D8/><U6/><E6/><V64/><F64/><W107/><G133/><T106/><D83/><U100/><E81/><V124/><F124/><W7/><G7/><T112/><D112/><U99/><REACH who="1" step="1"/><E65/><REACH who="1" ten="317,237,208,218" step="2"/><V51/><F51/><W16/><G134/><T120/><D48/><U75/><E75/><V61/><F61/><W91/><G132/><T10/><D63/><U95/><AGARI ba="0,2" hai="1,3,41,42,43,92,94,95,97,99,100,102,104,105" machi="95" ten="30,12000,1" yaku="1,1,0,1,9,1,53,2" doraHai="12" doraHaiUra="103" who="1" fromWho="1" sc="317,-40,237,140,208,-40,218,-40" /><INIT seed="1,1,0,5,2,17" ten="277,377,168,178" oya="1" hai0="133,92,26,83,11,99,68,118,91,37,127,128,113" hai1="72,50,94,116,107,34,13,71,134,101,32,81,55" hai2="84,57,67,41,109,43,56,33,40,120,93,85,53" hai3="49,73,27,123,79,75,62,70,44,54,96,39,130"/><U97/><E116/><V4/><F120/><W20/><G123/><T3/><D113/><U24/><E71/><V42/><F109/><W122/><G122/><T9/><D118/><U2/><E2/><V129/><F33/><W95/><G130/><T63/><D37/><U31/><E134/><V106/><F106/><W131/><G131/><T65/><D128/><U82/><E34/><V52/><F129/><W7/><G7/><T87/><D133/><U74/><E94/><V25/><N who="2" m="10240" /><DORA hai="19" /><V0/><F67/><W104/><G104/><T119/><D119/><U58/><REACH who="1" step="1"/><E13/><REACH who="1" ten="277,367,168,178" step="2"/><V18/><F0/><W124/><G95/><T105/><D3/><U61/><E61/><N who="2" m="35975" /><F93/><W126/><G62/><T45/><D105/><U15/><E15/><V21/><F4/><W47/><G70/><T132/><D132/><U12/><E12/><V80/><F80/><AGARI ba="1,1" hai="24,31,32,50,55,58,72,74,80,81,82,97,101,107" machi="80" ten="40,3900,0" yaku="1,1,53,1" doraHai="17,19" doraHaiUra="51,38" who="1" fromWho="2" sc="277,0,367,52,168,-42,178,0" /><INIT seed="1,2,0,0,3,94" ten="277,419,126,178" oya="1" hai0="48,8,38,50,68,56,86,88,20,87,41,102,126" hai1="79,18,13,130,76,63,115,105,112,100,69,9,67" hai2="36,129,119,84,29,114,107,43,78,24,75,127,57" hai3="42,77,61,27,31,122,108,7,60,25,110,81,116"/><U53/><E130/><V49/><F119/><W15/><G122/><T37/><D68/><U85/><E53/><V74/><F129/><W64/><G42/><T92/><D126/><U70/><E70/><V72/><F127/><W46/><G46/><T106/><D50/><U28/><E28/><V96/><F36/><W16/><G7/><T132/><D132/><U21/><E9/><V33/><F114/><W45/><G45/><T93/><D20/><U135/><E135/><V101/><F84/><N who="3" m="48175" /><G116/><T97/><D8/><U17/><E17/><V98/><F98/><W26/><G64/><T95/><D95/><U34/><E34/><V2/><F2/><W125/><G31/><T128/><D128/><U123/><E123/><V91/><F91/><W83/><G83/><T66/><D41/><U47/><E47/><V133/><F133/><W99/><G99/><T39/><D56/><U40/><E40/><V12/><F43/><W103/><G103/><T51/><D66/><U62/><E100/><V65/><F65/><W35/><G35/><T117/><D117/><U109/><E69/><V82/><REACH who="2" step="1"/><F12/><REACH who="2" ten="277,419,116,178" step="2"/><W54/><G125/><T3/><D3/><U131/><E67/><V124/><F124/><W104/><G104/><T90/><AGARI ba="2,1" hai="37,38,39,48,51,86,87,88,90,92,93,97,102,106" machi="90" ten="40,8000,1" yaku="0,1,9,1,52,1,54,1" doraHai="94" who="0" fromWho="0" sc="277,96,419,-42,116,-22,178,-22" /><INIT seed="2,0,0,2,0,88" ten="373,377,94,156" oya="2" hai0="63,133,71,83,18,84,23,46,70,54,0,119,51" hai1="75,13,116,97,17,60,12,104,58,95,15,93,38" hai2="110,134,16,106,41,36,3,102,50,69,10,22,122" hai3="26,131,85,6,109,62,125,91,121,44,94,107,25"/><V14/><F122/><W86/><G121/><T37/><D0/><U8/><E116/><V30/><F36/><W1/><G107/><T100/><D119/><U128/><E75/><V112/><F112/><W81/><G109/><T19/><D133/><U76/><E38/><V114/><F114/><W124/><G131/><T34/><D34/><U72/><E128/><V80/><F69/><W117/><G117/><T90/><D37/><U130/><E130/><V108/><F134/><W61/><G44/><T21/><D100/><U120/><E120/><V39/><F39/><W53/><G6/><T113/><D113/><U57/><E104/><V115/><F115/><W55/><G1/><T99/><D99/><U47/><E47/><N who="2" m="25967" /><F80/><W103/><G103/><T24/><D63/><N who="3" m="24073" /><G125/><T129/><D129/><U73/><E73/><V98/><F3/><W49/><G124/><T11/><D11/><U135/><E135/><V45/><F45/><N who="3" m="27823" /><G55/><T74/><D74/><U67/><E58/><V89/><F89/><AGARI ba="0,0" hai="25,26,81,85,86,89,91,94" m="27823,24073" machi="89" ten="30,2000,0" yaku="8,1,52,1" doraHai="88" who="3" fromWho="2" sc="373,0,377,0,94,-20,156,20" /><INIT seed="3,0,0,1,4,7" ten="373,377,74,176" oya="3" hai0="31,55,6,58,62,93,121,42,82,95,16,25,21" hai1="133,12,11,14,77,102,29,113,90,76,110,47,134" hai2="115,118,65,28,103,94,108,30,57,84,51,38,3" hai3="87,105,49,27,33,114,4,45,107,83,70,135,9"/><W126/><G70/><T98/><D121/><U13/><E113/><V63/><F115/><W40/><G126/><T80/><D42/><U69/><E110/><V43/><F118/><W100/><G135/><N who="1" m="51722" /><E69/><V19/><F108/><W131/><G131/><T88/><D6/><U54/><E102/><V50/><F3/><W44/><G100/><N who="0" m="60495" /><D31/><U74/><E29/><V73/><F73/><W2/><G114/><T112/><D112/><U72/><E90/><V0/><F0/><W59/><G59/><T46/><D46/><U79/><E11/><V130/><F130/><W68/><G68/><T36/><D36/><U111/><E111/><V17/><F38/><W23/><G45/><T15/><D15/><U119/><E119/><V10/><F43/><W117/><G33/><T97/><AGARI ba="0,0" hai="16,21,25,55,58,62,80,82,88,95,97" m="60495" machi="97" ten="30,7900,0" yaku="25,1,8,1,54,2" doraHai="7" who="0" fromWho="0" sc="373,79,377,-20,74,-20,176,-39" owari="452,55.2,357,15.7,54,-44.6,137,-26.3" /></mjloggm>