<mjloggm ver="2.3"><GO type="225" lobby="0"/><UN n0="%E7%89%B9%E6%9D%B1%E3%81%AF%E4%B8%96%E7%95%8C%E3%82%92%E6%95%91%E3%81%86" n1="%E8%80%81%E6%A5%BD" n2="%E3%82%A2%E3%83%9E%E3%83%9D%EF%BD%9E%EF%BD%9E%E3%83%A9" n3="%E5%84%AA%40%41%42%43" dan="16,16,17,18" rate="2116.99,2107.48,2172.28,2237.61" sx="M,M,M,M"/><TAIKYOKU oya="0"/><INIT seed="0,0,0,5,2,64" ten="250,250,250,250" oya="0" hai0="48,61,12,98,18,83,134,100,40,49,118,27,133" hai1="120,52,41,86,115,114,54,37,1,36,93,75,80" hai2="95,31,119,107,106,123,101,35,116,131,42,11,46" hai3="47,71,13,130,43,122,14,97,56,25,125,91,21"/><T74/><D118/><N who="2" m="45098" /><F131/><W3/><G3/><T85/><D74/><U82/><E1/><V102/><F11/><W0/><G0/><T110/><D27/><U15/><E120/><V19/><F19/><W34/><G34/><T26/><D26/><U50/><E93/><V39/><F123/><W9/><G125/><T84/><D61/><U103/><E103/><N who="2" m="39435" /><F95/><W99/><G71/><T33/><D33/><U70/><E70/><V108/><F108/><W117/><G130/><T10/><D110/><U88/><E15/><V128/><F128/><W59/><G13/><T77/><D85/><U58/><E54/><V121/><F121/><W124/><G124/><T79/><D79/><N who="1" m="44159" /><E41/><V51/><F51/><N who="3" m="27135" /><G122/><T65/><D65/><U62/><E62/><V17/><F17/><W68/><G68/><T78/><D78/><U23/><E23/><V44/><F44/><W96/><G91/><T111/><D111/><U87/><E87/><V20/><F35/><W129/><G129/><T24/><D24/><AGARI ba="0,0" hai="20,24,31,39,42,46,106,107" m="39435,45098" machi="24" ten="30,1000,0" yaku="12,1" doraHai="64" who="2" fromWho="0" sc="250,-10,250,0,250,10,250,0" /><INIT seed="1,0,0,3,5,86" ten="240,250,260,250" oya="1" hai0="104,65,84,71,106,34,50,12,22,96,49,24,5" hai1="23,60,14,68,10,93,66,77,8,36,21,28,47" hai2="121,42,74,92,33,61,89,57,120,58,103,81,99" hai3="83,64,76,70,110,25,80,53,73,107,129,44,39"/><U125/><E125/><V18/><F42/><N who="3" m="22623" /><G53/><T52/><D34/><U118/><E118/><V78/><F58/><W3/><G80/><T43/><D43/><U9/><E77/><V20/><F33/><W123/><G25/><T38/><D38/><U67/><E67/><V75/><F75/><W98/><G110/><T133/><D133/><U109/><E109/><V54/><REACH who="2" step="1"/><F103/><REACH who="2" ten="240,250,250,250" step="2"/><N who="3" m="62967" /><G123/><T11/><D71/><U102/><E68/><V126/><F126/><W113/><G113/><T46/><D65/><U59/><E66/><V90/><F90/><W135/><G135/><T2/><D2/><U82/><E102/><V26/><AGARI ba="0,1" hai="18,20,26,54,57,61,74,78,81,89,92,99,120,121" machi="26" ten="20,12000,2" yaku="1,1,0,1,7,1,25,2,52,1,53,1" doraHai="86" doraHaiUra="55" who="2" fromWho="2" sc="240,-30,250,-60,250,130,250,-30" /><INIT seed="2,0,0,5,2,14" ten="210,190,380,220" oya="2" hai0="124,19,102,2,79,128,111,13,85,76,9,99,71" hai1="110,12,3,28,32,103,118,63,21,121,43,49,34" hai2="134,44,20,67,11,70,37,29,91,112,46,1,93" hai3="50,33,25,38,107,22,54,30,89,84,97,87,109"/><V58/><F112/><W26/><G38/><T106/><D111/><U62/><E118/><V78/><F78/><W135/><G135/><T55/><D128/><U68/><E3/><V77/><F77/><W65/><G65/><T64/><D124/><U115/><E115/><V125/><F70/><W52/><G109/><T8/><D85/><U51/><E110/><V39/><F39/><W98/><G87/><T23/><D9/><U133/><E103/><V122/><F37/><W4/><G4/><T86/><D55/><U80/><E80/><V36/><F36/><W73/><G73/><T24/><D2/><U88/><E68/><V66/><F66/><W45/><G54/><T10/><D10/><U131/><E12/><V56/><F56/><W116/><G107/><T60/><REACH who="0" step="1"/><D86/><REACH who="0" ten="200,190,380,220" step="2"/><U132/><E131/><V75/><F11/><W81/><REACH who="3" step="1"/><G116/><REACH who="3" ten="200,190,380,210" step="2"/><T127/><D127/><U31/><E132/><V105/><F134/><W35/><G35/><T100/><D100/><U72/><E133/><V92/><F125/><W59/><G59/><T119/><D119/><U61/><E34/><V82/><F58/><W95/><G95/><T126/><D126/><U83/><E32/><V123/><F93/><W69/><G69/><T90/><D90/><U96/><E88/><V17/><F92/><W129/><G129/><T94/><D94/><U5/><E72/><V6/><F91/><W15/><G15/><T130/><D130/><U53/><E53/><V104/><F75/><W57/><G57/><T40/><D40/><U108/><E43/><V117/><F117/><W48/><G48/><RYUUKYOKU ba="0,2" sc="200,15,190,-15,380,-15,210,15" hai0="8,13,19,23,24,60,64,71,76,79,99,102,106" hai3="22,25,26,30,33,45,50,52,81,84,89,97,98" /><INIT seed="3,1,2,2,1,30" ten="215,175,365,225" oya="3" hai0="92,45,88,9,31,70,34,59,120,15,83,129,60" hai1="121,43,113,112,7,47,41,22,12,5,114,117,21" hai2="80,67,8,11,14,75,26,42,68,16,103,2,132" hai3="13,122,76,20,62,25,66,1,23,118,19,48,104"/><W18/><G118/><T87/><D129/><U36/><E121/><V82/><F42/><W93/><G104/><T69/><D120/><U100/><E117/><V98/><F132/><W73/><G1/><T51/><D92/><U119/><E119/><V135/><F135/><W44/><G122/><T54/><D31/><U84/><E100/><V24/><F68/><W6/><G6/><T131/><D34/><U85/><E41/><V110/><F67/><W106/><G106/><T99/><D99/><U72/><E72/><V55/><F55/><W123/><G123/><T81/><D81/><U90/><E85/><V17/><F110/><W109/><G109/><T29/><D29/><U78/><E78/><V97/><F75/><W71/><G93/><T39/><D39/><U28/><E28/><V65/><F65/><W96/><G96/><T108/><D131/><U56/><E56/><V126/><F126/><W86/><G73/><T38/><D38/><U124/><E124/><V127/><F127/><W116/><G116/><T91/><D91/><U95/><REACH who="1" step="1"/><E5/><REACH who="1" ten="215,165,365,225" step="2"/><V40/><F40/><W58/><G71/><T50/><D108/><U130/><E130/><V133/><F103/><W33/><G33/><T79/><D79/><U0/><E0/><V64/><F2/><W10/><G76/><T52/><D69/><U27/><E27/><V32/><F32/><W46/><G86/><T101/><D101/><U63/><E63/><V102/><F102/><W94/><G62/><T49/><D70/><U134/><E134/><V77/><F133/><W57/><G58/><T111/><D59/><RYUUKYOKU ba="1,3" sc="215,-10,165,30,365,-10,225,-10" hai1="7,12,21,22,36,43,47,84,90,95,112,113,114" owari="205,-19.5,195,-30.5,385,48.5,215,1.5" /></mjloggm>