<mjloggm ver="2.3"><GO type="225" lobby="0"/><UN n0="%E9%89%A2%E5%B7%BB%E3%82%AC%E3%83%96" n1="%E6%B8%A9%E2%98%85%E6%83%85%E2%98%85%E6%8E%AA%E2%98%85%E7%BD%AE" n2="%E3%83%B4%E3%83%A0%EF%BC%99%E3%81%A6" n3="%E6%A0%B9%E5%85%83%E3%81%8B%E3%82%89%E5%90%B9%E3%81%A3%E9%A3%9B%E3%81%B6" dan="16,16,17,17" rate="2060.61,2121.52,2203.08,2230.53" sx="M,M,M,F"/><TAIKYOKU oya="0"/><INIT seed="0,0,0,5,2,42" ten="250,250,250,250" oya="0" hai0="76,103,33,53,68,62,8,3,54,132,57,71,98" hai1="78,28,107,0,129,38,95,39,75,127,36,108,21" hai2="12,45,15,80,110,22,25,121,134,105,112,126,86" hai3="115,32,26,24,72,83,61,135,113,77,30,81,27"/><T122/><D122/><U29/><E107/><V93/><F121/><W37/><G135/><T59/><D33/><U60/><E0/><V97/><F134/><W119/><G119/><T9/><D132/><U41/><E108/><V23/><F110/><W99/><G37/><T102/><D76/><U16/><E129/><V117/><F105/><W116/><G116/><T124/><D124/><U74/><E127/><V48/><F112/><W120/><G120/><T40/><D40/><U2/><E2/><V67/><F67/><W111/><G111/><T18/><D3/><U64/><E95/><V118/><F126/><W123/><G123/><T84/><D84/><U5/><E5/><V96/><F117/><W66/><G83/><T101/><D98/><U10/><E10/><V17/><F118/><W31/><G99/><T85/><D85/><U94/><E94/><V44/><F48/><W114/><REACH who="3" step="1"/><G32/><REACH who="3" ten="250,250,250,240" step="2"/><T7/><D7/><U131/><E131/><V20/><F96/><W65/><G65/><T70/><REACH who="0" step="1"/><D18/><REACH who="0" ten="240,250,250,240" step="2"/><U35/><E35/><V87/><F80/><W63/><G63/><AGARI ba="0,2" hai="8,9,53,54,57,59,62,63,68,70,71,101,102,103" machi="63" ten="50,9600,0" yaku="1,1,2,1,9,1,53,0" doraHai="42" doraHaiUra="79" who="0" fromWho="3" sc="240,116,250,0,250,0,240,-96" /><INIT seed="0,1,0,3,4,3" ten="356,250,250,144" oya="0" hai0="76,87,37,26,16,51,82,134,31,8,67,120,125" hai1="75,92,114,100,130,57,65,127,61,93,13,103,110" hai2="116,49,126,123,35,41,128,59,70,18,38,58,113" hai3="74,19,108,52,24,7,121,91,101,6,14,54,81"/><T72/><D120/><U10/><E110/><V48/><F35/><W40/><G121/><T71/><D37/><U53/><E75/><V34/><F34/><W1/><G108/><T88/><D125/><U135/><E127/><V85/><F123/><W105/><G1/><T60/><D134/><U122/><E122/><V131/><F126/><W98/><G40/><T78/><D51/><N who="2" m="19530" /><F85/><N who="3" m="50607" /><G74/><T97/><D97/><U32/><E32/><V25/><F25/><W94/><G105/><T118/><D118/><U106/><E135/><V17/><F70/><W109/><G24/><T84/><D72/><U39/><E39/><V96/><F96/><W77/><G77/><T66/><D66/><U83/><E106/><V112/><F41/><W129/><G129/><N who="2" m="49737" /><F116/><W27/><G27/><T11/><D84/><U107/><E107/><V28/><F28/><W22/><G109/><T111/><D31/><U43/><E43/><V99/><F99/><W36/><G36/><T132/><D111/><U44/><E130/><V4/><F38/><W50/><G54/><T73/><D132/><U46/><E53/><V62/><F112/><W80/><G80/><T68/><D76/><U102/><E83/><V90/><F90/><W95/><G94/><N who="1" m="36458" /><E114/><V63/><F113/><W29/><G29/><T47/><D73/><U5/><AGARI ba="1,0" hai="5,10,13,44,46,57,61,65,100,102,103" m="36458" machi="5" ten="30,2000,0" yaku="8,1,52,1" doraHai="3" who="1" fromWho="1" sc="356,-11,250,23,250,-6,144,-6" /><INIT seed="1,0,0,5,4,98" ten="345,273,244,138" oya="1" hai0="50,123,90,101,113,42,62,72,13,60,103,125,89" hai1="85,108,21,82,70,44,35,41,97,132,34,124,23" hai2="65,45,131,67,121,129,122,0,112,20,54,79,33" hai3="96,25,71,91,74,83,99,5,75,134,31,1,15"/><U88/><E70/><V46/><F33/><W127/><G71/><T58/><D113/><U116/><E116/><V26/><F0/><W48/><G1/><T93/><D72/><U87/><E132/><V17/><F79/><W117/><G117/><T102/><D125/><U109/><E124/><V105/><F105/><W6/><G127/><T119/><D119/><U3/><E3/><V100/><F112/><W16/><G134/><T81/><D123/><N who="2" m="47114" /><F100/><W49/><G83/><T11/><D81/><U86/><E86/><V61/><F54/><W55/><G15/><T80/><D80/><U84/><E84/><V37/><F37/><W126/><G126/><T120/><D120/><U8/><E87/><V52/><F61/><N who="0" m="23658" /><D93/><N who="1" m="56487" /><E8/><V77/><F77/><W29/><G55/><N who="0" m="32119" /><D42/><U24/><E35/><V7/><F52/><W106/><G106/><T63/><D63/><U32/><E32/><V59/><F59/><W111/><G25/><T40/><D40/><U114/><E24/><V53/><F53/><W92/><G92/><T135/><D135/><U107/><E34/><V118/><F118/><W28/><G75/><T76/><D76/><N who="1" m="46279" /><E114/><V18/><F65/><W130/><G74/><T2/><D2/><U30/><E107/><V10/><F67/><W47/><G48/><T12/><D12/><U94/><E94/><V66/><F66/><W73/><G73/><T39/><D39/><N who="1" m="21567" /><E30/><N who="3" m="11882" /><G49/><T9/><D9/><U56/><E56/><V104/><F104/><W38/><G38/><T95/><D95/><U133/><E133/><V19/><F26/><W57/><G31/><T64/><D64/><RYUUKYOKU ba="0,0" sc="345,15,273,15,244,-15,138,-15" hai0="11,13,89,90,101,102,103" hai1="21,23,108,109" /><INIT seed="1,1,0,1,4,61" ten="360,288,229,123" oya="1" hai0="67,12,78,13,9,127,1,87,133,73,66,122,59" hai1="126,71,102,106,7,62,134,80,130,23,98,57,99" hai2="96,129,27,51,14,40,124,88,44,6,47,74,18" hai3="31,131,5,48,97,30,120,93,10,19,70,103,24"/><U11/><E134/><V115/><F74/><W15/><G131/><T69/><D69/><U42/><E130/><V35/><F129/><W119/><G120/><T94/><D133/><U108/><E126/><V20/><F124/><W112/><G112/><T132/><D132/><U41/><E71/><V38/><F115/><W0/><G119/><T49/><D127/><U105/><E108/><V26/><F35/><W72/><G72/><T123/><D1/><U107/><E80/><V83/><F6/><W125/><G125/><T79/><D73/><U60/><E23/><V90/><F83/><W92/><G70/><T114/><D114/><U68/><E62/><V16/><F96/><W46/><G0/><T53/><D122/><U52/><E68/><V17/><F26/><W101/><G5/><N who="0" m="3119" /><D13/><U135/><E135/><V22/><REACH who="2" step="1"/><F18/><REACH who="2" ten="360,288,219,123" step="2"/><W95/><G24/><T104/><D123/><U3/><REACH who="1" step="1"/><E99/><REACH who="1" ten="360,278,219,123" step="2"/><V77/><F77/><W4/><G97/><T55/><D79/><U128/><E128/><V75/><F75/><W25/><G95/><AGARI ba="1,2" hai="3,7,11,41,42,52,57,60,95,98,102,105,106,107" machi="95" ten="40,12000,1" yaku="1,1,54,1,53,2" doraHai="61" doraHaiUra="36" who="1" fromWho="3" sc="360,0,278,143,219,0,123,-123" /><INIT seed="1,2,0,1,0,93" ten="360,421,219,0" oya="1" hai0="27,28,37,112,66,57,38,81,24,134,55,132,76" hai1="0,17,7,129,29,35,1,30,3,45,40,79,6" hai2="32,46,100,135,126,26,63,106,118,109,113,12,25" hai3="41,78,114,94,68,133,50,80,20,92,128,69,97"/><U33/><E79/><V53/><F12/><W47/><G114/><T90/><D112/><U58/><E58/><V77/><F100/><W18/><G128/><T89/><D66/><U88/><E88/><V51/><F51/><W98/><G133/><T116/><D116/><U49/><E129/><V70/><F63/><W95/><G69/><T125/><D57/><U83/><E83/><V82/><F82/><W120/><G120/><T59/><D81/><U15/><E40/><V36/><F46/><W67/><G67/><T73/><D73/><U52/><E52/><V103/><F103/><W84/><G68/><T74/><D74/><U105/><E105/><V130/><F25/><AGARI ba="2,0" hai="18,20,25,41,47,50,78,80,84,92,94,95,97,98" machi="25" ten="40,5200,0" yaku="8,1,52,2" doraHai="93" who="3" fromWho="2" sc="360,0,421,0,219,-58,0,58" /><INIT seed="2,0,0,0,0,75" ten="360,421,161,58" oya="2" hai0="65,132,128,61,83,108,15,82,95,64,35,41,1" hai1="47,24,93,81,85,54,89,84,62,36,126,92,125" hai2="70,72,100,97,102,48,26,115,130,58,118,42,86" hai3="12,9,46,16,31,32,11,76,39,33,38,71,29"/><V107/><F115/><W2/><G71/><T116/><D1/><U112/><E112/><V135/><F72/><W131/><G46/><T67/><D108/><U22/><E36/><V122/><F122/><W127/><G76/><T90/><D128/><U120/><E120/><V60/><F130/><W101/><G101/><T117/><D132/><U98/><E92/><V30/><F135/><W37/><G127/><N who="1" m="48650" /><E81/><V77/><F118/><W51/><G131/><T43/><D35/><N who="3" m="13385" /><G51/><T19/><D116/><U114/><E114/><V56/><F100/><W44/><G44/><T69/><D117/><U94/><E94/><V28/><F42/><W7/><G39/><T109/><D109/><U57/><E47/><V21/><F48/><W20/><G38/><T55/><D82/><U124/><E124/><V88/><F77/><W0/><G37/><T17/><D83/><U73/><E73/><V63/><F70/><W129/><G129/><T123/><D123/><U80/><E80/><N who="2" m="49223" /><F60/><W104/><G104/><T49/><D69/><U40/><E40/><V87/><F87/><W6/><AGARI ba="0,0" hai="0,2,6,7,9,11,12,16,20,29,31" m="13385" machi="6" ten="30,12000,2" yaku="35,5,54,1" doraHai="75" who="3" fromWho="3" sc="360,-30,421,-30,161,-60,58,120" /><INIT seed="3,0,0,0,0,97" ten="330,391,101,178" oya="3" hai0="12,122,88,19,27,67,39,25,81,40,121,120,94" hai1="104,8,70,47,91,90,73,102,10,35,107,71,84" hai2="28,126,66,76,87,80,113,110,105,15,72,30,74" hai3="89,118,1,132,18,44,116,51,20,109,17,55,57"/><W129/><G1/><T111/><D111/><U38/><E35/><V130/><F113/><W123/><G123/><T42/><D81/><U59/><E73/><V13/><F110/><W5/><G109/><T124/><D124/><U33/><E33/><V128/><F126/><W24/><G129/><T29/><D67/><U0/><E59/><V58/><F66/><W133/><G5/><T43/><D39/><U37/><E47/><V117/><F117/><W83/><G18/><T49/><D49/><U2/><E84/><V34/><F34/><W3/><G3/><T131/><D29/><U101/><AGARI ba="0,0" hai="0,2,8,10,37,38,70,71,90,91,101,102,104,107" machi="101" ten="25,8000,1" yaku="0,1,22,2,52,2" doraHai="97" who="1" fromWho="1" sc="330,-20,391,80,101,-20,178,-40" owari="310,11.0,471,57.1,81,-41.9,138,-26.2" /></mjloggm>