<mjloggm ver="2.3"><GO type="225" lobby="0"/><UN n0="%E5%AD%90%E4%BE%9B%E4%BC%9A%E5%93%A1" n1="%72%69%6F%75%63%68%61%6E" n2="%E3%81%AF%E3%82%88%E3%81%8A%E3%81%98%E3%81%95%E3%82%93" n3="%33%74%72%65%65" dan="17,16,17,16" rate="2112.99,2159.97,2131.25,2146.56" sx="M,M,M,F"/><TAIKYOKU oya="0"/><INIT seed="0,0,0,1,0,18" ten="250,250,250,250" oya="0" hai0="112,83,114,127,8,124,81,7,135,50,31,85,44" hai1="86,119,91,84,70,98,122,89,58,128,118,90,38" hai2="68,35,43,82,126,53,75,87,55,133,131,4,109" hai3="46,29,23,21,2,115,37,88,101,19,116,24,5"/><T104/><D104/><U130/><E70/><V6/><F68/><W15/><G115/><N who="0" m="44075" /><D31/><U22/><E38/><V45/><F75/><W20/><G116/><N who="1" m="44586" /><E58/><V48/><F35/><N who="3" m="20903" /><G101/><T100/><D135/><U54/><E54/><V47/><F133/><W34/><G34/><T120/><D100/><U12/><E12/><V72/><F72/><W49/><G37/><T125/><D85/><N who="1" m="32875" /><E22/><N who="3" m="8810" /><G88/><N who="1" m="33898" /><E122/><V67/><F67/><W1/><G49/><T0/><D120/><U62/><E62/><V64/><F48/><W105/><G46/><T3/><D3/><N who="3" m="1033" /><G105/><T40/><AGARI ba="0,0" hai="0,7,8,40,44,50,81,83,124,125,127" m="44075" machi="40" ten="40,2100,0" yaku="18,1" doraHai="18" who="0" fromWho="0" sc="250,21,250,-7,250,-7,250,-7" /><INIT seed="0,1,0,0,2,54" ten="271,243,243,243" oya="0" hai0="126,101,130,35,74,50,18,109,83,81,4,84,8" hai1="17,65,60,129,1,127,112,128,93,7,72,115,95" hai2="69,41,73,77,25,107,43,39,97,59,22,63,37" hai3="79,85,12,133,91,34,58,36,94,116,78,16,32"/><T51/><D130/><N who="1" m="50283" /><E72/><V71/><F77/><W61/><G116/><T132/><D132/><U111/><E111/><V6/><F73/><W70/><G133/><T47/><D126/><U10/><E127/><V68/><F6/><W26/><G36/><N who="2" m="13897" /><F22/><W11/><G70/><T119/><D119/><U125/><E125/><V104/><F25/><W13/><G32/><T118/><D118/><U76/><E76/><V53/><F97/><W88/><G34/><T90/><D109/><U40/><E40/><N who="2" m="15435" /><F107/><W49/><G49/><N who="0" m="18443" /><D35/><U122/><E122/><V124/><F104/><W23/><G91/><T75/><D74/><U57/><E17/><V99/><F99/><W0/><G0/><T44/><D75/><U89/><E93/><V96/><F96/><AGARI ba="1,0" hai="1,7,10,57,60,65,89,95,96,112,115" m="50283" machi="96" ten="30,2000,0" yaku="19,1,52,1" doraHai="54" who="1" fromWho="2" sc="271,0,243,23,243,-23,243,0" /><INIT seed="1,0,0,1,0,98" ten="271,266,220,243" oya="1" hai0="122,133,19,123,21,84,68,79,36,94,50,90,72" hai1="66,109,119,60,23,54,44,58,112,115,121,131,17" hai2="126,81,43,16,48,11,100,57,116,118,24,52,64" hai3="117,73,130,14,61,75,25,27,56,55,1,78,86"/><U96/><E119/><V51/><F126/><W42/><G1/><T106/><D36/><U32/><E121/><N who="0" m="46089" /><D133/><U129/><E32/><V13/><F64/><W76/><G117/><T125/><D125/><U120/><E120/><V132/><F132/><W124/><G124/><T59/><D68/><U93/><E109/><V111/><F111/><W5/><G130/><N who="1" m="49674" /><E44/><N who="2" m="25631" /><F118/><W110/><G110/><T38/><D38/><U113/><E66/><V46/><F116/><W82/><G42/><T77/><D106/><U88/><E112/><V97/><F81/><W71/><G71/><T12/><D72/><U47/><E47/><V99/><F100/><W95/><G73/><T0/><D0/><U37/><E37/><V104/><F104/><W85/><G75/><T35/><D35/><U134/><E134/><V49/><F24/><AGARI ba="0,0" hai="17,23,24,54,58,60,88,93,96,113,115" m="49674" machi="24" ten="30,5800,0" yaku="25,1,19,1,54,1" doraHai="98" who="1" fromWho="2" sc="271,0,266,58,220,-58,243,0" /><INIT seed="1,1,0,0,4,104" ten="271,324,162,243" oya="1" hai0="21,95,99,64,73,13,135,82,39,83,114,61,20" hai1="28,45,74,87,94,111,88,129,62,77,76,97,16" hai2="93,90,19,11,49,69,127,44,115,53,57,91,123" hai3="85,81,9,107,56,110,58,42,134,32,130,54,119"/><U24/><E129/><V50/><F123/><W75/><G130/><T66/><D114/><U133/><E133/><V70/><F127/><W84/><G32/><T15/><D39/><U5/><E111/><V98/><F115/><W128/><G110/><T27/><D135/><U1/><E74/><V105/><F105/><W29/><G29/><N who="0" m="17639" /><D73/><U109/><E109/><V26/><F70/><W43/><G56/><N who="0" m="36903" /><D66/><U33/><E45/><V8/><F69/><W67/><G67/><T63/><D63/><U14/><E62/><V52/><REACH who="2" step="1"/><F91/><REACH who="2" ten="271,324,152,243" step="2"/><N who="3" m="51599" /><G107/><T10/><D21/><AGARI ba="1,1" hai="8,11,19,21,26,44,49,50,52,53,57,90,93,98" machi="21" ten="40,5200,0" yaku="1,1,8,1,54,1,53,0" doraHai="104" doraHaiUra="113" who="2" fromWho="0" sc="271,-55,324,0,152,65,243,0" /><INIT seed="2,0,0,2,5,55" ten="216,324,217,243" oya="2" hai0="53,29,75,134,100,26,41,47,111,120,1,106,16" hai1="45,8,52,60,88,99,121,116,21,14,96,131,61" hai2="95,49,56,102,7,132,135,90,82,59,20,92,103" hai3="130,107,133,70,93,127,86,39,2,115,122,77,129"/><V124/><F124/><W12/><RYUUKYOKU type="yao9" ba="0,0" sc="216,0,324,0,217,0,243,0" hai3="2,12,39,70,77,86,93,107,115,122,127,129,130,133" /><INIT seed="2,1,0,5,3,33" ten="216,324,217,243" oya="2" hai0="121,15,57,103,108,45,0,118,96,31,64,77,102" hai1="20,54,95,82,99,32,110,85,37,47,10,18,36" hai2="6,74,135,63,3,79,106,23,84,69,124,58,130" hai3="28,107,83,9,5,72,11,67,40,44,48,2,101"/><V111/><F106/><W65/><G28/><T27/><D121/><U21/><E32/><V22/><F74/><W91/><G11/><T112/><D112/><U34/><E34/><V129/><F69/><W26/><G26/><T29/><D0/><U109/><E10/><N who="2" m="2399" /><F124/><W13/><G13/><T52/><D108/><N who="1" m="41579" /><E54/><V16/><F111/><W17/><G17/><T50/><D118/><U133/><E133/><V88/><F79/><W87/><REACH who="3" step="1"/><G72/><REACH who="3" ten="216,324,217,233" step="2"/><T73/><D15/><U39/><E18/><V1/><F135/><W128/><G128/><N who="2" m="49257" /><F1/><W24/><G24/><T86/><D73/><U113/><E20/><V100/><F100/><N who="0" m="38442" /><D27/><U105/><E21/><V123/><F123/><W97/><AGARI ba="1,1" hai="2,5,9,40,44,48,65,67,83,87,91,97,101,107" machi="97" ten="30,4000,0" yaku="1,1,0,1,52,1,53,0" doraHai="33" doraHaiUra="68" who="3" fromWho="3" sc="216,-11,324,-11,217,-21,233,53" /><INIT seed="3,0,0,2,5,7" ten="205,313,196,286" oya="3" hai0="59,94,41,58,132,112,1,90,35,101,29,129,85" hai1="77,22,17,103,20,123,31,37,115,48,36,79,3" hai2="73,60,135,117,70,124,134,93,121,21,86,116,130" hai3="71,127,122,67,11,6,62,78,8,52,14,84,131"/><W87/><G122/><T26/><D132/><N who="2" m="50730" /><F73/><W133/><G133/><T16/><D129/><U92/><E3/><V40/><F130/><W83/><G131/><T100/><D112/><U61/><E123/><V44/><F121/><W23/><G127/><T96/><D1/><U57/><E115/><V38/><F124/><W120/><G120/><T108/><D108/><U88/><E103/><V54/><F21/><W80/><G52/><T63/><D41/><U113/><E48/><V128/><F128/><W45/><G45/><T75/><D75/><U69/><E69/><V24/><F24/><W82/><G23/><N who="0" m="15583" /><D59/><U10/><E113/><V106/><F106/><W68/><G68/><T32/><D35/><U2/><E36/><V47/><F86/><W111/><G111/><T65/><D32/><U13/><E37/><V43/><F93/><W25/><G25/><T42/><D42/><U55/><E2/><V109/><F109/><W18/><G84/><T19/><D101/><U99/><E31/><V53/><F70/><W89/><G78/><AGARI ba="0,0" hai="10,13,17,20,22,55,57,61,77,78,79,88,92,99" machi="78" ten="40,5200,0" yaku="8,1,52,1,54,1" doraHai="7" who="1" fromWho="3" sc="205,0,313,52,196,0,286,-52" owari="205,-19.5,365,46.5,196,-30.4,234,3.4" /></mjloggm>