<mjloggm ver="2.3"><GO type="225" lobby="0"/><UN n0="%E3%83%AD%E3%83%83%E3%83%86%E9%9B%80%E7%90%83" n1="%45%6C%79%73%69%75%6D" n2="%48%61%61%61%6C%61%6E%64" n3="%E3%81%A6%E3%81%A4%EF%BC%A3" dan="17,17,17,16" rate="2254.70,2128.68,2242.16,2078.36" sx="M,F,M,M"/><TAIKYOKU oya="0"/><INIT seed="0,0,0,4,0,96" ten="250,250,250,250" oya="0" hai0="37,29,134,111,25,18,52,130,82,109,117,32,75" hai1="35,61,45,71,13,44,51,4,129,41,125,108,86" hai2="3,47,88,9,123,87,127,2,55,39,81,31,43" hai3="6,89,68,64,48,24,121,70,57,102,27,99,91"/><T122/><D117/><U106/><E35/><V103/><F123/><W72/><G121/><T26/><D122/><U118/><E118/><V69/><F127/><W113/><G113/><T11/><D37/><U54/><E125/><V85/><F69/><W23/><G72/><T59/><D130/><U8/><E129/><V73/><F73/><W135/><G6/><T78/><D134/><U100/><E108/><N who="0" m="41545" /><D11/><U101/><E106/><V49/><F31/><N who="3" m="17823" /><G27/><N who="0" m="18495" /><D18/><U58/><E71/><N who="3" m="27178" /><G48/><AGARI ba="0,0" hai="25,26,48,52,59,75,78,82" m="18495,41545" machi="48" ten="30,5800,0" yaku="14,1,10,1,54,1" doraHai="96" who="0" fromWho="3" sc="250,58,250,0,250,0,250,-58" /><INIT seed="0,1,0,2,3,28" ten="308,250,250,192" oya="0" hai0="15,106,56,108,73,2,127,132,94,65,10,43,91" hai1="134,58,25,64,59,118,133,117,121,27,92,19,46" hai2="26,22,60,34,6,69,38,102,85,88,105,98,40" hai3="66,84,9,114,74,77,48,16,120,103,82,33,68"/><T122/><D106/><U36/><E92/><V107/><F6/><W54/><G114/><T100/><D73/><U104/><E104/><V8/><F8/><W126/><G120/><T14/><D100/><U129/><E19/><V17/><F105/><W29/><G126/><T63/><D132/><N who="1" m="50795" /><E25/><V13/><F40/><W125/><G103/><T116/><D108/><U87/><E87/><V61/><F38/><W50/><G125/><T86/><D116/><U4/><E27/><V97/><F97/><W41/><G74/><T0/><D122/><U93/><E93/><V47/><F47/><W5/><G41/><T109/><D109/><U18/><E18/><V71/><F71/><W112/><G48/><T1/><D43/><N who="1" m="22887" /><E4/><V11/><F69/><W21/><G29/><T37/><D37/><U111/><E111/><V39/><F39/><W20/><G33/><T78/><D127/><U80/><E80/><V128/><F34/><W31/><G31/><T49/><D78/><U72/><E72/><V7/><REACH who="2" step="1"/><F128/><REACH who="2" ten="308,250,240,192" step="2"/><W123/><G123/><T55/><REACH who="0" step="1"/><D10/><REACH who="0" ten="298,250,240,192" step="2"/><U119/><E121/><V101/><F101/><W62/><G112/><T83/><D83/><AGARI ba="1,2" hai="7,11,13,17,22,26,60,61,83,85,88,98,102,107" machi="83" ten="30,3900,0" yaku="1,1,7,1,54,1,53,0" doraHai="28" doraHaiUra="130" who="2" fromWho="0" sc="298,-42,250,0,240,62,192,0" /><INIT seed="1,0,0,5,3,96" ten="256,250,302,192" oya="1" hai0="52,99,71,14,47,124,116,62,10,57,133,118,82" hai1="43,117,36,86,37,101,113,119,92,40,56,5,38" hai2="115,59,120,132,3,67,90,129,74,41,93,46,65" hai3="31,4,11,131,48,79,24,17,89,18,13,39,44"/><U83/><E113/><V64/><F120/><W8/><G131/><T15/><D124/><U66/><E5/><V0/><F129/><W111/><G39/><T98/><D133/><U78/><E66/><V106/><F106/><W53/><G111/><T97/><D71/><U25/><E25/><V127/><F127/><W49/><G79/><T87/><D47/><U91/><E56/><V20/><F74/><W73/><G73/><T94/><D15/><U28/><E28/><V108/><F108/><W107/><G107/><T122/><D122/><U114/><E114/><V34/><F34/><W80/><G48/><T6/><REACH who="0" step="1"/><D94/><REACH who="0" ten="246,250,302,192" step="2"/><U121/><E121/><V109/><F132/><W35/><G8/><T16/><D16/><U63/><E117/><V55/><F109/><W102/><G102/><T12/><D12/><U104/><E119/><V84/><F115/><W128/><G128/><T33/><D33/><U134/><E134/><V76/><F20/><W50/><G17/><T54/><D54/><U23/><E23/><V72/><F46/><W2/><G2/><T112/><D112/><U100/><E104/><V70/><F70/><W1/><G44/><T125/><D125/><U45/><E40/><V88/><F41/><W29/><G53/><T126/><D126/><U7/><E7/><V51/><F0/><W105/><G105/><T30/><D30/><U42/><E42/><V95/><F3/><W123/><G29/><T103/><D103/><N who="1" m="39499" /><E37/><V81/><F65/><W22/><G123/><T135/><D135/><U21/><E36/><V75/><F64/><W77/><G89/><AGARI ba="0,1" hai="6,10,14,52,57,62,82,87,89,97,98,99,116,118" machi="89" ten="40,8000,1" yaku="1,1,6,1,54,1,53,1" doraHai="96" doraHaiUra="9" who="0" fromWho="3" sc="246,90,250,0,302,0,192,-80" /><INIT seed="2,0,0,3,1,28" ten="336,250,302,112" oya="2" hai0="64,59,124,58,133,78,53,92,0,27,135,61,127" hai1="45,134,8,15,123,98,105,41,91,18,113,12,30" hai2="129,37,24,73,104,97,96,50,39,132,71,56,51" hai3="66,25,9,106,44,107,31,46,49,101,55,26,5"/><V68/><F73/><W22/><G66/><T32/><D0/><U21/><E113/><V111/><F129/><W82/><G82/><T79/><D92/><U118/><E118/><V6/><F6/><W10/><G101/><T99/><D99/><U43/><E134/><N who="0" m="51209" /><D32/><U29/><E123/><V86/><F132/><W103/><G103/><T131/><D27/><U63/><E63/><V74/><F74/><W125/><G125/><N who="0" m="48203" /><D131/><U87/><E98/><V52/><F24/><W90/><G90/><T48/><AGARI ba="0,0" hai="48,53,58,59,61,64,78,79" m="48203,51209" machi="48" ten="30,2000,0" yaku="20,1,18,1" doraHai="28" who="0" fromWho="0" sc="336,20,250,-5,302,-10,112,-5" /><INIT seed="3,0,0,0,0,26" ten="356,245,292,107" oya="3" hai0="69,33,114,98,82,66,122,107,58,112,52,16,40" hai1="39,83,19,46,37,14,72,18,127,128,0,93,76" hai2="48,102,94,30,104,133,81,5,117,96,20,59,60" hai3="63,35,4,15,45,13,79,74,77,135,91,36,1"/><W65/><G135/><T8/><D122/><U6/><E128/><V32/><F133/><W119/><G119/><T7/><D33/><U68/><E68/><V38/><F38/><W2/><G35/><T99/><D40/><U89/><E127/><V85/><F32/><W51/><G36/><T56/><D16/><U130/><E130/><V10/><F48/><W21/><G1/><T75/><D69/><U111/><E111/><V42/><F42/><W113/><G2/><T34/><D34/><U100/><E100/><V126/><F126/><W62/><G113/><N who="0" m="43627" /><D66/><U106/><E106/><V120/><F104/><W22/><G74/><T95/><D107/><U88/><E89/><V55/><F120/><W17/><G91/><T73/><D82/><U87/><E14/><N who="2" m="5455" /><F117/><W43/><G62/><N who="0" m="36103" /><D58/><U86/><E86/><V41/><F41/><W101/><G101/><N who="0" m="60639" /><D99/><U47/><E47/><V11/><F11/><N who="3" m="4327" /><G21/><T67/><D67/><U54/><E37/><V53/><F20/><W84/><G84/><T12/><AGARI ba="0,0" hai="7,8,12,73,75" m="60639,36103,43627" machi="12" ten="30,2000,0" yaku="11,1,54,1" doraHai="26" who="0" fromWho="0" sc="356,20,245,-5,292,-5,107,-10" owari="376,47.6,240,-16.0,287,8.7,97,-40.3" /></mjloggm>