<mjloggm ver="2.3"><GO type="225" lobby="0"/><UN n0="%E6%B8%A9%E2%98%85%E6%83%85%E2%98%85%E6%8E%AA%E2%98%85%E7%BD%AE" n1="%E3%81%86%E3%83%BC%E3%81%B1%E3%83%BC" n2="%E3%81%A9%E3%82%93%E3%82%88%E3%81%8F%4D%6B%2E%32" n3="%38%63%E3%81%AF%E3%81%A3%E3%81%97%E3%83%BC" dan="16,17,16,16" rate="2161.01,2227.53,2151.87,2103.56" sx="M,F,M,M"/><TAIKYOKU oya="0"/><INIT seed="0,0,0,3,4,8" ten="250,250,250,250" oya="0" hai0="113,82,14,49,103,124,34,132,78,135,97,26,102" hai1="114,1,9,131,85,33,22,50,40,57,41,129,38" hai2="11,13,93,60,108,123,94,47,4,120,20,90,101" hai3="66,89,92,10,74,115,96,128,69,72,127,75,91"/><T116/><D113/><U87/><E33/><V111/><F101/><W84/><G115/><T76/><D116/><U37/><E22/><V35/><F35/><W126/><G66/><T61/><D124/><N who="3" m="47657" /><G10/><T25/><D34/><U59/><E9/><V80/><F60/><W52/><G69/><T56/><D49/><U51/><REACH who="1" step="1"/><E114/><REACH who="1" ten="250,240,250,250" step="2"/><V67/><F11/><W88/><G128/><T134/><D134/><U18/><E18/><V55/><F20/><W2/><G2/><AGARI ba="0,1" hai="1,2,37,38,40,41,50,51,57,59,85,87,129,131" machi="2" ten="25,8000,1" yaku="1,1,22,2,53,2" doraHai="8" doraHaiUra="36" who="1" fromWho="3" sc="250,0,240,90,250,0,250,-80" /><INIT seed="1,0,0,0,0,67" ten="250,330,250,170" oya="1" hai0="30,130,115,86,133,48,125,112,17,0,74,24,39" hai1="126,102,88,35,99,22,63,89,68,45,122,69,129" hai2="97,100,7,4,44,90,34,8,66,98,50,54,119" hai3="15,16,23,103,91,33,77,81,73,61,131,47,53"/><U111/><E35/><V72/><F119/><W55/><G131/><T123/><D39/><U46/><E122/><V13/><F72/><W110/><G110/><T51/><D74/><U1/><E1/><V6/><F34/><W116/><G116/><T12/><D0/><U113/><E113/><V19/><F66/><W120/><G120/><T10/><D123/><U128/><E22/><V132/><F132/><W20/><G33/><T14/><D133/><U28/><E28/><V87/><REACH who="2" step="1"/><F100/><REACH who="2" ten="250,330,240,170" step="2"/><W117/><G117/><T64/><D64/><N who="1" m="40991" /><E111/><V57/><F57/><W83/><G103/><T76/><D115/><U84/><E102/><V114/><F114/><W106/><G106/><T105/><D105/><U107/><E107/><V79/><F79/><W92/><G77/><T65/><D65/><U18/><E69/><V26/><F26/><W95/><G73/><T60/><D24/><U31/><E89/><V2/><F2/><W127/><G91/><T58/><D112/><U52/><E88/><V11/><F11/><W41/><G20/><T29/><D10/><U70/><E70/><V42/><F42/><W101/><G101/><T21/><D21/><U43/><E43/><V40/><F40/><W62/><G41/><T25/><D25/><U104/><E104/><V134/><F134/><W3/><G3/><T135/><D76/><U49/><E129/><V75/><F75/><W36/><G23/><T32/><D130/><U27/><E128/><V118/><F118/><W94/><G36/><T80/><D135/><U82/><E27/><V109/><F109/><W59/><G59/><RYUUKYOKU ba="0,1" sc="250,-10,330,-10,240,30,170,-10" hai2="4,6,7,8,13,19,44,50,54,87,90,97,98" /><INIT seed="2,1,1,3,2,118" ten="240,320,270,160" oya="2" hai0="129,67,94,73,123,135,14,8,62,85,53,64,119" hai1="40,103,116,111,102,23,65,89,99,91,0,51,66" hai2="113,133,117,131,124,93,78,12,34,43,16,48,88" hai3="3,109,1,10,29,61,95,87,20,83,122,98,46"/><V5/><F117/><W108/><G46/><T79/><D119/><U121/><E0/><V84/><F113/><W45/><G45/><T9/><D73/><U68/><E68/><V6/><F34/><W18/><G29/><T134/><D123/><U105/><E103/><V106/><F106/><W101/><G61/><T107/><D107/><U22/><E121/><V82/><F124/><W77/><G122/><T126/><D126/><U21/><E111/><N who="3" m="42570" /><G10/><T2/><D2/><U104/><E104/><V15/><F131/><W55/><G55/><T27/><D129/><U128/><E128/><V31/><F31/><W130/><G130/><T58/><D27/><AGARI ba="1,1" hai="1,3,18,20,27,77,83,87,95,98,101" m="42570" machi="27" ten="30,1000,0" yaku="14,1" doraHai="118" who="3" fromWho="0" sc="240,-13,320,0,270,0,160,23" /><INIT seed="3,0,0,4,2,51" ten="227,320,270,183" oya="3" hai0="25,68,95,79,6,107,59,73,29,19,53,122,57" hai1="120,78,74,8,66,131,7,84,44,93,97,23,135" hai2="77,82,16,34,132,45,26,70,17,133,13,35,4" hai3="15,81,32,20,60,127,83,102,103,14,92,87,69"/><W121/><G32/><N who="2" m="12329" /><F70/><W27/><G121/><T106/><D68/><U99/><E74/><V18/><F45/><W40/><G127/><T113/><D122/><U64/><E131/><V48/><F48/><W123/><G123/><T96/><D6/><U42/><E23/><N who="2" m="13671" /><F82/><W98/><G40/><T3/><D3/><U54/><E135/><N who="2" m="51787" /><F77/><W129/><G103/><T90/><D59/><U104/><E104/><V76/><F76/><W110/><G129/><T12/><D79/><U49/><E42/><V128/><F128/><W52/><G110/><T10/><D73/><U24/><E24/><V58/><F58/><N who="3" m="34887" /><G69/><T11/><D107/><U22/><E22/><V38/><F38/><W1/><G1/><T72/><D106/><U39/><E39/><V30/><F30/><N who="3" m="17767" /><G81/><T33/><D72/><U67/><E120/><V117/><F117/><W112/><G112/><T86/><D113/><U114/><E114/><V71/><F71/><W62/><G62/><T43/><D43/><U134/><E134/><V0/><F0/><W41/><G41/><T108/><D108/><U61/><E61/><V89/><F89/><AGARI ba="0,0" hai="14,15,83,87,89,92,98,102" m="17767,34887" machi="89" ten="30,5800,0" yaku="8,1,52,1,54,1" doraHai="51" who="3" fromWho="2" sc="227,0,320,0,270,-58,183,58" /><INIT seed="3,1,0,1,4,111" ten="227,320,212,241" oya="3" hai0="101,78,125,1,98,93,117,116,100,66,82,73,67" hai1="114,30,120,51,17,47,106,27,25,86,45,95,104" hai2="135,122,88,91,79,2,123,130,72,5,56,105,11" hai3="119,41,103,83,34,69,14,42,63,18,110,84,53"/><W77/><G119/><N who="0" m="45643" /><D67/><U7/><E7/><V96/><F130/><W44/><G34/><T12/><D66/><U118/><E120/><N who="2" m="46123" /><F135/><W48/><G110/><T68/><D68/><U49/><E17/><V13/><F56/><W132/><G132/><T8/><D12/><U52/><E51/><V59/><F59/><W133/><G133/><T75/><D8/><U124/><E52/><V6/><F6/><W62/><G103/><N who="0" m="60879" /><D1/><U81/><E27/><V65/><F65/><W33/><G33/><T89/><D125/><U121/><E25/><V61/><F61/><N who="3" m="23051" /><G69/><T87/><D73/><U10/><E124/><V16/><F105/><W0/><G0/><T3/><D3/><U31/><E104/><V113/><F113/><W55/><G53/><T71/><D71/><U57/><E114/><V38/><F38/><W36/><G36/><T97/><D97/><U4/><E106/><V21/><F96/><W128/><G128/><T131/><D131/><U80/><E118/><V24/><F2/><W64/><G64/><T35/><D35/><U108/><E121/><V127/><F127/><W94/><G14/><T85/><D75/><U15/><E15/><V28/><F5/><W50/><G18/><T23/><D23/><U40/><E4/><V39/><F39/><W99/><G50/><T134/><D134/><U112/><E49/><V29/><F29/><W92/><G99/><T26/><D26/><U43/><E31/><V58/><F58/><W22/><G22/><T20/><D20/><U109/><E30/><V32/><F32/><W9/><G9/><T76/><D87/><RYUUKYOKU ba="1,0" sc="227,10,320,-30,212,10,241,10" hai0="76,78,82,85,89,100,101" hai2="11,13,16,21,24,28,72,79,88,91" hai3="41,42,44,48,55,77,83,84,92,94" /><INIT seed="3,2,0,5,3,42" ten="237,290,222,251" oya="3" hai0="100,4,99,14,29,79,63,121,111,107,9,16,23" hai1="78,20,112,75,87,101,39,127,116,68,19,58,46" hai2="32,6,40,122,80,117,53,113,126,7,50,110,97" hai3="15,72,27,18,94,92,131,134,104,35,54,125,59"/><W130/><G104/><T24/><D111/><U66/><E112/><V95/><F113/><W85/><G72/><T0/><D121/><U109/><E68/><V88/><F117/><W61/><G134/><T74/><D63/><U17/><E75/><V11/><F32/><W103/><G125/><T36/><D36/><U98/><E109/><V105/><F110/><W86/><G27/><T84/><D74/><U133/><E116/><V106/><F40/><W96/><G35/><N who="0" m="20903" /><D84/><U132/><E58/><V37/><F37/><W89/><REACH who="3" step="1"/><G86/><REACH who="3" ten="237,290,222,241" step="2"/><T114/><D114/><U21/><E127/><V48/><F126/><W26/><G26/><T31/><D31/><U47/><E87/><N who="2" m="50279" /><F106/><W44/><G44/><T52/><D79/><U119/><E78/><V123/><F105/><W28/><G28/><T128/><D128/><U69/><E47/><N who="2" m="27807" /><F11/><AGARI ba="2,1" hai="11,15,18,54,59,61,85,89,92,94,96,103,130,131" machi="11" ten="40,2000,0" yaku="1,1,53,0" doraHai="42" doraHaiUra="115" who="3" fromWho="2" sc="237,0,290,0,222,-26,241,36" /><INIT seed="3,3,0,1,4,33" ten="237,290,196,277" oya="3" hai0="73,75,37,92,78,8,59,102,132,63,99,70,98" hai1="43,23,85,17,96,121,111,0,122,55,51,116,97" hai2="127,52,123,2,57,101,50,100,94,18,16,64,131" hai3="28,24,72,1,11,56,53,74,5,30,83,6,21"/><W58/><G30/><T61/><D132/><U109/><E0/><V112/><F112/><W134/><G134/><T105/><D37/><U118/><E85/><V68/><F127/><W119/><G119/><N who="1" m="45610" /><E43/><V47/><F131/><W20/><G20/><T103/><D78/><U60/><E60/><N who="2" m="39943" /><F2/><W80/><G6/><T81/><D81/><U120/><E97/><N who="2" m="59447" /><F101/><W129/><G129/><T91/><D91/><U66/><E96/><V117/><F117/><W25/><G25/><T77/><D77/><U84/><E84/><V90/><F90/><W19/><G58/><T42/><D42/><U36/><E66/><V114/><F114/><W79/><G28/><T26/><D26/><N who="1" m="14703" /><E36/><V104/><F104/><W65/><G65/><T9/><D70/><U44/><AGARI ba="3,0" hai="44,51,55,109,111,120,121,122" m="14703,45610" machi="44" ten="40,1500,0" yaku="12,1" doraHai="33" who="1" fromWho="1" sc="237,-7,290,24,196,-7,277,-10" owari="230,-17.0,314,41.4,189,-31.1,267,6.7" /></mjloggm>