<mjloggm ver="2.3"><GO type="225" lobby="0"/><UN n0="%E3%81%82%E3%81%84%E3%81%82%E3%81%8A%E3%81%84" n1="%6D%75%75%6D%75%72%61" n2="%4E%6F%2E%30%30%30%31" n3="%E5%B8%86%E7%AB%8B%E5%A4%8F%E8%A1%A3" dan="18,17,18,16" rate="2190.41,2192.02,2223.78,2125.47" sx="M,F,M,M"/><TAIKYOKU oya="0"/><INIT seed="0,0,0,1,2,33" ten="250,250,250,250" oya="0" hai0="41,89,108,96,10,84,4,100,16,5,87,130,39" hai1="6,61,102,18,37,9,19,72,114,123,21,7,34" hai2="35,31,58,46,20,121,52,64,17,45,32,95,74" hai3="73,103,36,77,71,79,80,105,11,42,92,116,13"/><T28/><D130/><U2/><E34/><V93/><F74/><W38/><G116/><T78/><D28/><U90/><E123/><V111/><F121/><W97/><G71/><T69/><D69/><U76/><E37/><V115/><F115/><W66/><G66/><T125/><D125/><U48/><E102/><V26/><F111/><W81/><G42/><T106/><D108/><U40/><E61/><V101/><F35/><W56/><G56/><T59/><D59/><U23/><E114/><V131/><F131/><W94/><G94/><T127/><D127/><U128/><E128/><V124/><F124/><W63/><G63/><T98/><D98/><U22/><E7/><V113/><F113/><W0/><G105/><T30/><D30/><U112/><E112/><V83/><F83/><W54/><G54/><T49/><D39/><U134/><E134/><V129/><F64/><W109/><G109/><T43/><D78/><U85/><E76/><V120/><F129/><W57/><G57/><T47/><D43/><U65/><E72/><V75/><F75/><W12/><G12/><T15/><REACH who="0" step="1"/><D87/><REACH who="0" ten="240,250,250,250" step="2"/><U51/><E40/><V55/><F120/><W50/><G38/><T126/><D126/><U25/><E65/><V62/><F31/><W135/><G36/><T91/><D91/><U68/><E68/><V67/><F101/><W133/><G79/><T117/><D117/><U3/><E90/><V60/><F32/><W53/><G77/><T119/><D119/><U104/><E85/><V82/><F58/><W24/><G73/><T29/><D29/><U1/><E51/><RYUUKYOKU ba="0,1" sc="240,30,250,-10,250,-10,250,-10" hai0="4,5,10,15,16,41,47,49,84,89,96,100,106" /><INIT seed="0,1,1,1,5,5" ten="270,240,240,240" oya="0" hai0="41,20,85,42,69,55,94,112,103,8,7,56,6" hai1="133,111,14,119,36,89,79,15,68,91,71,63,88" hai2="104,59,60,66,120,4,76,37,98,53,81,33,27" hai3="2,123,86,16,130,65,48,83,117,93,54,64,32"/><T82/><D69/><U95/><E119/><V132/><F120/><W23/><G130/><T100/><D112/><U34/><E111/><V124/><F37/><W26/><G117/><T92/><D20/><U30/><E133/><V29/><F132/><W102/><G32/><T49/><D94/><U127/><E36/><V39/><F39/><W61/><G2/><T17/><D17/><U115/><E127/><V80/><F124/><W135/><G123/><T121/><D121/><U58/><E95/><V122/><F122/><W50/><G135/><T128/><D128/><U25/><E79/><V107/><F4/><W51/><G54/><T131/><D6/><U18/><E115/><V28/><F28/><W70/><G65/><T90/><D131/><U106/><E14/><V101/><F107/><W109/><G109/><T114/><D114/><U35/><E106/><V40/><F40/><W110/><G110/><T126/><D126/><U113/><E35/><V84/><F81/><W134/><G134/><T129/><D129/><U1/><E1/><V78/><F53/><W73/><G73/><T46/><D82/><U38/><E38/><V12/><F12/><W67/><G67/><T43/><REACH who="0" step="1"/><D46/><REACH who="0" ten="260,240,240,240" step="2"/><U45/><E45/><V96/><F98/><N who="3" m="59727" /><G83/><T62/><D62/><U118/><E113/><V47/><F47/><W108/><G108/><T10/><D10/><N who="1" m="6519" /><E118/><V22/><F33/><W97/><G97/><T52/><D52/><N who="1" m="34247" /><E68/><V13/><F78/><W0/><G0/><AGARI ba="1,2" hai="0,7,8,41,42,43,49,55,56,85,90,92,100,103" machi="0" ten="40,3900,0" yaku="1,1,52,1,53,0" doraHai="5" doraHaiUra="74" who="0" fromWho="3" sc="260,62,240,0,240,0,240,-42" /><INIT seed="0,2,0,0,1,9" ten="322,240,240,198" oya="0" hai0="46,63,120,14,122,113,83,18,74,51,30,8,47" hai1="52,92,71,97,102,41,133,32,15,72,111,95,107" hai2="7,76,58,37,31,16,88,59,42,77,60,96,57" hai3="100,48,2,98,62,106,103,25,17,64,80,66,22"/><T11/><D113/><U44/><E71/><V10/><F31/><W108/><G108/><T4/><D30/><U93/><E32/><V45/><F60/><W117/><G117/><T128/><D128/><U73/><E133/><V21/><F96/><W23/><G2/><T67/><D83/><U118/><E111/><V123/><F123/><W36/><G36/><T65/><D65/><U114/><E114/><V49/><F37/><W101/><G66/><T99/><D99/><U119/><E119/><V29/><F29/><W91/><G48/><T50/><D74/><U69/><E69/><V81/><F88/><W127/><G127/><T38/><D38/><U135/><E135/><V87/><F76/><W116/><G116/><T1/><D51/><U131/><E131/><V3/><REACH who="2" step="1"/><F57/><REACH who="2" ten="322,240,230,198" step="2"/><W35/><G35/><T12/><D47/><U6/><E118/><V94/><F94/><W79/><G91/><T112/><D112/><U19/><E95/><V85/><F85/><W121/><G98/><T115/><D115/><U39/><E93/><V20/><F20/><W90/><G90/><T27/><D120/><U26/><E92/><V130/><F130/><W24/><G121/><T61/><D122/><U55/><E73/><V126/><F126/><W86/><G106/><T134/><D63/><U124/><E72/><V34/><F34/><W28/><REACH who="3" step="1"/><G101/><REACH who="3" ten="322,240,230,188" step="2"/><T109/><D109/><U43/><E124/><V89/><F89/><W132/><G132/><T5/><D134/><U105/><E107/><V75/><F75/><W129/><G129/><T68/><D50/><U56/><E105/><RYUUKYOKU ba="2,2" sc="322,-15,240,-15,230,15,188,15" hai2="3,7,10,16,21,42,45,49,58,59,77,81,87" hai3="17,22,23,24,25,28,62,64,79,80,86,100,103" /><INIT seed="1,3,2,3,2,87" ten="307,225,245,203" oya="1" hai0="88,29,56,62,119,115,77,45,128,102,124,79,61" hai1="73,74,80,9,116,64,54,75,50,98,71,94,104" hai2="131,8,81,13,19,109,46,106,7,91,135,36,60" hai3="66,107,108,20,112,125,59,10,134,68,40,43,55"/><U118/><E104/><V22/><F109/><W69/><G112/><T93/><D115/><U11/><E80/><V32/><F32/><W83/><G107/><T76/><D119/><U34/><E34/><V4/><F106/><W72/><G108/><T31/><D124/><U51/><E71/><N who="3" m="27210" /><G20/><T90/><D128/><U70/><E70/><V127/><F135/><W52/><G10/><T120/><D120/><U111/><E64/><V65/><F131/><W0/><G0/><T84/><D102/><U99/><E111/><V96/><F127/><W33/><G33/><T28/><D56/><U16/><E16/><N who="2" m="8231" /><F36/><W1/><G83/><N who="0" m="49183" /><D45/><U49/><E54/><N who="3" m="20522" /><G1/><T23/><D23/><U18/><E9/><V5/><F46/><W92/><G92/><T113/><D113/><U58/><E58/><N who="2" m="37015" /><F81/><W117/><G72/><T6/><D6/><U25/><E94/><N who="2" m="56415" /><F4/><W105/><G105/><T38/><D38/><U78/><E11/><V133/><F133/><W86/><G134/><T15/><D15/><AGARI ba="3,2" hai="5,7,15,19,22" m="56415,37015,8231" machi="15" ten="30,3900,0" yaku="8,1,52,1,54,1" doraHai="87" who="2" fromWho="0" sc="307,-48,225,0,245,68,203,0" /><INIT seed="2,0,0,5,2,98" ten="259,225,313,203" oya="2" hai0="78,113,122,132,112,11,70,43,42,79,57,135,67" hai1="128,27,22,86,92,64,111,23,99,63,46,19,73" hai2="12,30,82,75,53,81,85,95,2,4,25,100,72" hai3="54,15,8,97,88,6,134,77,9,108,126,110,10"/><V129/><F2/><W32/><G32/><T59/><D11/><U21/><E73/><V84/><F129/><W130/><G77/><N who="0" m="29195" /><D67/><U116/><E116/><V114/><F53/><W35/><G35/><T107/><D107/><U38/><E128/><V40/><F40/><N who="0" m="15402" /><D70/><U39/><E46/><V118/><F118/><W49/><G126/><T74/><D74/><U120/><E86/><V93/><F114/><N who="0" m="44138" /><D122/><U56/><E120/><V117/><F117/><W123/><G130/><T51/><D51/><U1/><E1/><V96/><F75/><W58/><G123/><T48/><D48/><U5/><E5/><V24/><F4/><W109/><REACH who="3" step="1"/><G134/><AGARI ba="0,0" hai="57,59,132,134,135" m="44138,15402,29195" machi="134" ten="40,5200,0" yaku="28,2,20,1" doraHai="98" who="0" fromWho="3" sc="259,52,225,0,313,0,203,-52" /><INIT seed="3,0,0,2,4,14" ten="311,225,313,151" oya="3" hai0="43,109,56,96,100,1,47,77,23,34,133,17,107" hai1="126,76,131,5,98,122,67,124,44,90,39,72,69" hai2="94,4,93,10,111,91,80,71,38,108,55,83,41" hai3="129,97,28,135,89,30,50,79,33,35,130,46,105"/><W25/><G135/><T45/><D133/><U81/><E122/><V20/><F71/><W29/><G79/><T19/><D34/><U68/><E131/><N who="3" m="50186" /><G25/><T21/><D1/><U87/><E5/><V95/><F91/><W59/><G59/><T134/><D134/><U22/><E67/><V36/><F20/><W75/><G75/><T66/><D77/><U58/><E58/><V115/><F115/><W49/><G89/><T118/><D118/><U8/><E68/><V64/><F64/><W84/><G84/><T104/><D104/><U92/><E69/><V62/><F62/><W114/><G114/><T12/><D109/><U57/><E57/><V15/><F108/><W51/><G46/><T106/><D106/><U24/><E8/><V125/><F111/><W42/><G42/><T3/><D3/><U31/><REACH who="1" step="1"/><E72/><REACH who="1" ten="311,215,313,151" step="2"/><V88/><F10/><W116/><G116/><T112/><D112/><U103/><E103/><AGARI ba="0,1" hai="28,29,30,33,35,49,50,51,97,103,105" m="50186" machi="103" ten="40,2000,0" yaku="19,1" doraHai="14" who="3" fromWho="1" sc="311,0,215,-20,313,0,151,30" /><INIT seed="3,1,0,4,1,71" ten="311,195,313,181" oya="3" hai0="48,72,40,135,96,129,97,117,27,42,119,46,112" hai1="122,101,7,36,114,111,134,13,26,89,1,108,61" hai2="45,31,90,95,23,38,75,103,9,41,49,17,21" hai3="25,113,65,64,73,20,94,12,126,60,53,39,127"/><W22/><G113/><T59/><D72/><U50/><E114/><V106/><F75/><W85/><G73/><T34/><D112/><U15/><E36/><V57/><F106/><W6/><G39/><T86/><D42/><U32/><E122/><V133/><F133/><W110/><G110/><N who="1" m="42026" /><E134/><V120/><F120/><W28/><G53/><T24/><D135/><U93/><E101/><V83/><F57/><W62/><G65/><T5/><D5/><U104/><E104/><V30/><F9/><W92/><G62/><T44/><D44/><U16/><E61/><V8/><F103/><W100/><G85/><T47/><D40/><U67/><E67/><V69/><F69/><W128/><G128/><T116/><D129/><U0/><E50/><V118/><F118/><W70/><G100/><T124/><D48/><U66/><E66/><V76/><F38/><W121/><G121/><T79/><D59/><U78/><E78/><V52/><F41/><W33/><G33/><T10/><D34/><U84/><E7/><V99/><F76/><W11/><REACH who="3" step="1"/><G22/><REACH who="3" ten="311,195,313,171" step="2"/><T14/><D86/><U87/><E84/><N who="2" m="50463" /><F21/><W123/><G123/><T105/><D117/><U74/><E74/><V35/><F35/><W107/><G107/><T37/><D105/><U56/><E32/><V132/><F132/><W29/><G29/><T130/><D116/><U115/><E115/><V98/><F23/><W18/><G18/><T77/><D119/><U125/><E16/><V43/><F52/><W82/><G82/><T109/><D109/><U102/><E102/><N who="2" m="60767" /><F99/><N who="0" m="37962" /><D130/><U19/><E19/><V88/><F88/><RYUUKYOKU ba="1,1" sc="311,-15,195,-15,313,15,171,15" hai2="8,17,30,31,43,45,49" hai3="6,11,12,20,25,28,60,64,70,92,94,126,127" /><INIT seed="3,2,1,3,1,81" ten="296,180,328,186" oya="3" hai0="25,56,106,80,76,117,73,29,129,47,92,23,11" hai1="67,60,55,3,13,105,26,41,112,19,21,17,134" hai2="50,49,18,71,35,84,75,87,59,57,133,37,126" hai3="8,123,38,114,120,115,48,62,39,22,99,88,54"/><W32/><G32/><T77/><D117/><U131/><E3/><V45/><F75/><W30/><G8/><T89/><D106/><U66/><E112/><N who="3" m="43050" /><G88/><T20/><D77/><U36/><E131/><V58/><F71/><W7/><G99/><T61/><D129/><U27/><E105/><V46/><F35/><W63/><G22/><T116/><D116/><U78/><E36/><N who="3" m="13866" /><G7/><T95/><D47/><N who="2" m="17930" /><F133/><W15/><G15/><T132/><D132/><U31/><E134/><V74/><F126/><W93/><G93/><T108/><D11/><N who="1" m="6335" /><E41/><V28/><F74/><W10/><G10/><T82/><D20/><N who="1" m="15815" /><E78/><V85/><F37/><W53/><G30/><T130/><D130/><U64/><E55/><N who="3" m="21002" /><G48/><N who="2" m="18537" /><F28/><W43/><G43/><T12/><D29/><U0/><E0/><V122/><F18/><W104/><G104/><T69/><D73/><U127/><E127/><V34/><F34/><W4/><G4/><T107/><D107/><U40/><E40/><V125/><F125/><W42/><G42/><T102/><D92/><U1/><E1/><V24/><F24/><W121/><AGARI ba="2,1" hai="62,63,120,121,123" m="21002,13866,43050" machi="121" ten="40,12000,1" yaku="28,2,34,2" doraHai="81" who="3" fromWho="3" sc="296,-42,180,-42,328,-42,186,136" owari="254,-14.6,138,-36.2,286,8.6,322,42.2" /></mjloggm>