<mjloggm ver="2.3"><GO type="225" lobby="0"/><UN n0="%E4%B8%89%E5%86%A0%E7%8E%8B%E3%83%BB%E5%B1%B1%E7%94%B0%E5%93%B2%E4%BA%BA" n1="%E8%A8%88%E7%AE%97%E6%A9%9F%E8%87%AA%E7%84%B6" n2="%E5%84%AA%40%41%42%43" n3="%74%61%6B%75%61%6B%61" dan="17,17,17,16" rate="2169.93,2224.89,2248.26,2176.70" sx="M,M,M,M"/><TAIKYOKU oya="0"/><INIT seed="0,0,0,4,0,133" ten="250,250,250,250" oya="0" hai0="130,127,1,45,112,8,107,89,118,109,55,114,50" hai1="23,97,44,19,71,104,93,38,49,87,0,134,36" hai2="54,30,78,101,27,41,26,129,65,59,98,95,28" hai3="94,68,52,103,108,15,79,63,29,74,58,37,70"/><T31/><D118/><U81/><E71/><V110/><F110/><W73/><G108/><T33/><D109/><U83/><E0/><V135/><F135/><W82/><G37/><T9/><D107/><U91/><E104/><V111/><F111/><W121/><G121/><T66/><D66/><U122/><E122/><V21/><F129/><W115/><G115/><T123/><D123/><U80/><E134/><V61/><F78/><W42/><G42/><T96/><D130/><U116/><E116/><V24/><F41/><W11/><G73/><T57/><D33/><U125/><E125/><V77/><F77/><W34/><G29/><T22/><D127/><U25/><E36/><V60/><REACH who="2" step="1"/><F28/><REACH who="2" ten="250,250,240,250" step="2"/><W7/><REACH who="3" step="1"/><G34/><REACH who="3" ten="250,250,240,240" step="2"/><T102/><D31/><U85/><REACH who="1" step="1"/><E38/><REACH who="1" ten="250,240,240,240" step="2"/><V56/><AGARI ba="0,3" hai="21,24,26,27,30,54,56,59,60,61,65,95,98,101" machi="56" ten="20,16000,3" yaku="1,1,2,1,0,1,7,1,25,2,8,1,53,2" doraHai="133" doraHaiUra="53" who="2" fromWho="2" sc="250,-80,240,-40,240,190,240,-40" /><INIT seed="1,0,0,0,3,34" ten="170,200,430,200" oya="1" hai0="8,56,21,45,37,41,101,55,28,123,2,79,102" hai1="131,122,76,46,134,54,132,84,50,29,20,81,71" hai2="113,10,104,112,117,19,135,48,77,88,110,47,65" hai3="24,108,125,57,89,106,120,124,92,11,0,4,95"/><U3/><E122/><V12/><F104/><W97/><G120/><T66/><D123/><U116/><E116/><V35/><F35/><W72/><G108/><T60/><D28/><U22/><E71/><V43/><F110/><W44/><G72/><T25/><D79/><U52/><E131/><V111/><F111/><W96/><G106/><T9/><D9/><U42/><E3/><V62/><F77/><W14/><G44/><T74/><D74/><U103/><E103/><V107/><F107/><W58/><G14/><T1/><D8/><U15/><E15/><V68/><F117/><W69/><G69/><N who="0" m="42183" /><D102/><U115/><E115/><N who="2" m="44107" /><F88/><N who="3" m="55303" /><G24/><T73/><D101/><U7/><E7/><V91/><F91/><W121/><G121/><T67/><D67/><U17/><E134/><AGARI ba="0,0" hai="10,12,19,43,47,48,62,65,68,134,135" m="44107" machi="134" ten="30,1000,0" yaku="11,1" doraHai="34" who="2" fromWho="1" sc="170,0,200,-10,430,10,200,0" /><INIT seed="2,0,0,5,1,73" ten="170,190,440,200" oya="2" hai0="44,85,1,106,98,47,125,29,110,31,83,49,70" hai1="124,4,39,34,93,135,18,105,133,56,95,77,129" hai2="10,94,114,55,23,19,87,8,128,37,33,76,32" hai3="51,103,88,38,3,68,118,130,62,107,69,108,123"/><V43/><F114/><W36/><G88/><T120/><D120/><U48/><E39/><N who="3" m="14890" /><G3/><T42/><D70/><N who="3" m="27241" /><G103/><T119/><D110/><U127/><E105/><V20/><F128/><W11/><G11/><T115/><D115/><U16/><E34/><V91/><F37/><W7/><G7/><T22/><D125/><N who="1" m="48203" /><E4/><V116/><F116/><W117/><G107/><T112/><D112/><U59/><E77/><V46/><F76/><W72/><G72/><T92/><D106/><U132/><E129/><V13/><F32/><W102/><G102/><N who="0" m="60743" /><D1/><U27/><E18/><N who="2" m="10319" /><F33/><W82/><G82/><T12/><D47/><U52/><E56/><V84/><F84/><W66/><G130/><T131/><D119/><N who="3" m="45577" /><G123/><T40/><D131/><U28/><E28/><V25/><F43/><W80/><G80/><T90/><D40/><U41/><E41/><V53/><F46/><W86/><G86/><T24/><D31/><U57/><E57/><V100/><F100/><W61/><G108/><T21/><D21/><AGARI ba="0,0" hai="16,21,27,48,52,59,93,95,132,133,135" m="48203" machi="21" ten="40,8000,1" yaku="20,1,18,1,54,2" doraHai="73" who="1" fromWho="0" sc="170,-80,190,80,440,0,200,0" /><INIT seed="3,0,0,3,5,9" ten="90,270,440,200" oya="3" hai0="107,67,134,29,5,83,37,68,112,122,63,94,31" hai1="102,73,98,62,78,99,128,114,17,123,64,26,95" hai2="46,49,115,1,93,84,79,16,15,10,65,33,35" hai3="100,116,12,60,103,14,118,57,81,108,88,50,52"/><W131/><G131/><T3/><D107/><U101/><E114/><V20/><F115/><W86/><G108/><T39/><D112/><U4/><E123/><V104/><F104/><W82/><G116/><T130/><D122/><U56/><E128/><V75/><F75/><W87/><G118/><T27/><D130/><U48/><E4/><V74/><F74/><W119/><G119/><T11/><D134/><U110/><E110/><V109/><F65/><W44/><G103/><T43/><D31/><U125/><E125/><V6/><F109/><W126/><G100/><T32/><D94/><N who="1" m="58583" /><E73/><V91/><F79/><N who="3" m="46399" /><G126/><T36/><REACH who="0" step="1"/><D83/><REACH who="0" ten="80,270,440,200" step="2"/><U61/><E95/><V71/><F71/><W127/><G127/><T7/><D7/><U117/><E117/><V54/><AGARI ba="0,1" hai="1,6,10,15,16,20,33,35,46,49,54,84,91,93" machi="54" ten="20,5200,0" yaku="0,1,7,1,52,1,54,1" doraHai="9" who="2" fromWho="2" sc="80,-13,270,-13,440,62,200,-26" owari="67,-43.3,257,5.7,502,60.2,174,-22.6" /></mjloggm>