<mjloggm ver="2.3"><GO type="225" lobby="0"/><UN n0="%E6%9D%BE%E6%9C%AC%E5%81%A5%E7%94%B7" n1="%E3%81%AA%E3%82%81%E3%81%93%E9%9B%80%E5%A3%AB" n2="%E5%8D%A0%E3%81%84%E5%B8%AB%E8%A3%8F%E3%81%AA%E3%81%84%E3%81%97" n3="%E5%A4%9C%E5%85%89%E5%A4%A9%E6%A5%BC" dan="16,16,17,17" rate="2167.00,2020.63,2141.94,2192.89" sx="M,M,M,M"/><TAIKYOKU oya="0"/><INIT seed="0,0,0,0,4,67" ten="250,250,250,250" oya="0" hai0="108,131,56,99,59,102,22,82,78,5,110,60,116" hai1="96,35,48,2,70,123,47,81,12,91,124,54,119" hai2="79,61,18,69,19,44,55,107,51,0,11,4,66" hai3="62,1,120,49,13,39,20,29,83,25,101,10,84"/><T92/><D116/><U100/><E2/><V16/><REACH who="2" step="1"/><F79/><REACH who="2" ten="250,250,240,250" step="2"/><W98/><G120/><T125/><D125/><U8/><E124/><V90/><F90/><W68/><G1/><T57/><D131/><U30/><E123/><V58/><F58/><W9/><G101/><T17/><D5/><U97/><E119/><V117/><F117/><W80/><G68/><T95/><D110/><U85/><E70/><V114/><F114/><W72/><G72/><T26/><D108/><U118/><E118/><V132/><F132/><W86/><G39/><T122/><D122/><U14/><E100/><V38/><F38/><W50/><G98/><T126/><D126/><U40/><E97/><V27/><F27/><W3/><G3/><T21/><D21/><U24/><E96/><V15/><F15/><W63/><G13/><T134/><D134/><U103/><E103/><V46/><F46/><W94/><G25/><T128/><D128/><U42/><REACH who="1" step="1"/><E14/><REACH who="1" ten="250,240,240,250" step="2"/><V77/><F77/><W53/><G86/><N who="0" m="48471" /><D92/><U89/><E89/><V121/><F121/><W109/><G94/><T76/><D76/><U7/><AGARI ba="0,2" hai="7,8,12,24,30,35,40,42,47,48,54,81,85,91" machi="7" ten="20,2700,0" yaku="1,1,0,1,7,1,53,0" doraHai="67" doraHaiUra="133" who="1" fromWho="1" sc="250,-13,240,47,240,-7,250,-7" /><INIT seed="1,0,0,2,2,13" ten="237,287,233,243" oya="1" hai0="99,87,133,14,24,51,120,69,83,127,134,27,85" hai1="82,7,20,100,11,128,115,80,110,71,6,62,129" hai2="88,59,47,10,95,91,70,65,75,32,0,76,135" hai3="33,104,22,49,106,130,34,126,39,101,121,21,132"/><U84/><E115/><V18/><F32/><W17/><G121/><T2/><D2/><U45/><E100/><V105/><F105/><W109/><G39/><T1/><D1/><U23/><E110/><V108/><F70/><W67/><G67/><T122/><D69/><U50/><E62/><N who="2" m="38111" /><F0/><W124/><G109/><T86/><D127/><N who="3" m="48681" /><G132/><N who="0" m="50795" /><D83/><U81/><E84/><V35/><F35/><N who="3" m="13323" /><G101/><T58/><D99/><U63/><E63/><V113/><F75/><W111/><G111/><T25/><D14/><N who="1" m="5495" /><E7/><V89/><F113/><W48/><G22/><T79/><D79/><U38/><E38/><V52/><F76/><W36/><G36/><T46/><D58/><U57/><E57/><V102/><F102/><W92/><G92/><T60/><D60/><U117/><E71/><V53/><F108/><W3/><G3/><T54/><AGARI ba="0,0" hai="24,25,27,46,51,54,85,86,87,120,122" m="50795" machi="54" ten="40,1500,0" yaku="20,1" doraHai="13" who="0" fromWho="0" sc="237,15,287,-7,233,-4,243,-4" /><INIT seed="2,0,0,5,1,29" ten="252,280,229,239" oya="2" hai0="71,10,15,74,34,13,5,81,111,18,35,108,31" hai1="107,128,65,76,127,130,36,96,109,98,53,135,131" hai2="6,59,91,123,1,52,82,39,38,62,68,54,101" hai3="85,126,72,125,19,25,79,2,43,26,55,48,17"/><V95/><F123/><W47/><G2/><T120/><D71/><U102/><E109/><N who="0" m="42057" /><D120/><U60/><E36/><V20/><F68/><W87/><G72/><T67/><D67/><U27/><E127/><N who="3" m="48650" /><G55/><T84/><D31/><U104/><E76/><V103/><F1/><W134/><G134/><T80/><D74/><U57/><E135/><V118/><F118/><W24/><G87/><T12/><D81/><AGARI ba="0,0" hai="17,19,24,25,26,43,47,48,79,81,85" m="48650" machi="81" ten="30,1000,0" yaku="18,1" doraHai="29" who="3" fromWho="0" sc="252,-10,280,0,229,0,239,10" /><INIT seed="3,0,0,0,4,92" ten="242,280,229,249" oya="3" hai0="84,93,122,22,1,90,30,106,94,116,26,81,115" hai1="12,9,110,108,36,124,97,109,88,76,134,87,75" hai2="120,86,112,133,71,59,17,6,118,114,96,129,48" hai3="66,85,38,80,82,23,29,132,79,130,25,68,60"/><W123/><G123/><T43/><D116/><U37/><E124/><V53/><F118/><W70/><G38/><T21/><D122/><U127/><E127/><V119/><F119/><W4/><G130/><T107/><D115/><U117/><E134/><V35/><F120/><W47/><G132/><T131/><D1/><U73/><E97/><V57/><F71/><W0/><G47/><T10/><D131/><U99/><E99/><V24/><F129/><W42/><G42/><T41/><D10/><U8/><E8/><V91/><F133/><W113/><G70/><T40/><D94/><N who="1" m="54559" /><E76/><V45/><F6/><W83/><G113/><T69/><D69/><U49/><E49/><V61/><F35/><W19/><G0/><T15/><D93/><U31/><E31/><V18/><F96/><W54/><G4/><T14/><REACH who="0" step="1"/><D22/><REACH who="0" ten="232,280,229,249" step="2"/><U74/><E117/><V103/><F103/><W52/><G82/><T7/><D7/><AGARI ba="0,1" hai="7,9,12,36,37,73,74,75,108,109,110" m="54559" machi="7" ten="40,2600,0" yaku="14,1,54,1" doraHai="92" who="1" fromWho="0" sc="232,-26,280,36,229,0,249,0" owari="206,-29.4,316,41.6,229,-17.1,249,4.9" /></mjloggm>