<mjloggm ver="2.3"><GO type="225" lobby="0"/><UN n0="%E5%8F%AF%E5%85%90%E9%82%A3%E7%94%B1%E5%A4%9A" n1="%50%65%74%65%72%50%61%6E" n2="%E5%B0%8F%E9%B3%A5%E9%81%8A%E7%B7%B4%E7%84%A1%32%31%E6%AD%B3" n3="%E3%83%AC%E3%82%A4%E3%83%88%E3%83%B3%E5%87%86%E6%95%99%E6%8E%88" dan="16,16,16,18" rate="2198.41,2181.54,2189.94,2251.21" sx="F,M,F,M"/><TAIKYOKU oya="0"/><INIT seed="0,0,0,3,0,83" ten="250,250,250,250" oya="0" hai0="89,69,68,80,66,132,119,56,17,85,124,27,13" hai1="48,60,14,20,11,82,129,39,0,102,120,31,21" hai2="16,54,28,33,64,86,93,57,96,106,8,135,40" hai3="52,45,73,47,131,38,32,70,22,3,46,127,130"/><T121/><D119/><U75/><E39/><V72/><F72/><W116/><G32/><T134/><D121/><U51/><E0/><V12/><F135/><N who="0" m="51754" /><D27/><U112/><E120/><V111/><F111/><W77/><G116/><T117/><D117/><U43/><E129/><N who="3" m="49162" /><G70/><T97/><D124/><U123/><E123/><V91/><F64/><W67/><G67/><T76/><D56/><U62/><E102/><V105/><F40/><N who="3" m="22679" /><G3/><T55/><D55/><U7/><E112/><V109/><F109/><W42/><G42/><T9/><D66/><U81/><E75/><V44/><F44/><W29/><G52/><T125/><D125/><U113/><E113/><V61/><F33/><W110/><G110/><T53/><D53/><U115/><E115/><V2/><F28/><W41/><G41/><T108/><D108/><U36/><E36/><V26/><F2/><W34/><G34/><T24/><D24/><U35/><E35/><V18/><REACH who="2" step="1"/><F96/><REACH who="2" ten="250,250,240,250" step="2"/><W4/><G29/><T98/><D98/><U104/><E43/><V58/><F58/><W88/><G127/><T128/><D128/><U65/><E31/><V49/><F49/><W59/><G59/><T87/><D97/><U50/><E65/><V90/><F90/><W23/><G88/><T71/><D89/><U1/><E1/><V5/><F5/><W25/><G4/><T118/><D118/><U6/><E6/><V99/><F99/><W126/><G126/><T37/><D37/><U103/><E60/><V133/><F133/><W122/><G122/><T107/><D107/><U92/><E104/><V79/><F79/><RYUUKYOKU ba="0,1" sc="250,15,250,-15,240,15,250,-15" hai0="9,13,17,68,69,71,76,80,85,87" hai2="8,12,16,18,26,54,57,61,86,91,93,105,106" /><INIT seed="0,1,1,0,3,37" ten="265,235,255,235" oya="0" hai0="8,68,63,115,116,111,120,51,90,60,114,119,64" hai1="3,1,128,100,30,69,126,133,124,85,18,104,25" hai2="36,87,49,11,39,57,55,81,73,117,95,122,118" hai3="10,7,41,82,130,91,77,76,65,14,108,102,12"/><T54/><D8/><U47/><E69/><V29/><F122/><W80/><G108/><T99/><D90/><U106/><E133/><V97/><F73/><W88/><G130/><T78/><D99/><U9/><E128/><V79/><F29/><W32/><G32/><T92/><D92/><U59/><E59/><V70/><F70/><W84/><G65/><T132/><D78/><U22/><E85/><V123/><F123/><W107/><G41/><T67/><D120/><U125/><E47/><V89/><REACH who="2" step="1"/><F11/><REACH who="2" ten="265,235,245,235" step="2"/><N who="3" m="4223" /><G107/><N who="1" m="41002" /><E100/><V26/><F26/><W86/><G102/><T58/><D132/><U45/><E45/><V48/><F48/><W24/><G24/><T21/><D111/><U13/><AGARI ba="1,2" hai="1,3,9,13,18,22,25,30,124,125,126" m="41002" machi="13" ten="40,1500,0" yaku="18,1" doraHai="37" who="1" fromWho="1" sc="265,-8,235,38,245,-5,235,-5" /><INIT seed="1,0,0,2,3,90" ten="257,273,240,230" oya="1" hai0="22,113,47,116,59,60,124,133,103,93,41,45,36" hai1="129,14,8,77,102,81,17,65,24,72,118,125,13" hai2="89,121,63,57,9,105,20,130,53,38,27,10,46" hai3="83,39,127,44,126,32,95,122,112,62,26,131,74"/><U55/><E118/><V2/><F121/><W109/><G122/><T3/><D116/><U73/><E129/><V54/><F105/><W4/><G112/><T84/><D113/><U66/><E73/><V108/><F108/><W135/><G109/><T92/><D3/><U111/><E111/><V114/><F2/><W91/><G131/><T43/><D133/><U79/><E79/><V80/><F114/><W7/><G135/><T25/><D124/><N who="3" m="47657" /><G62/><T49/><D84/><U119/><E119/><V0/><F0/><W16/><G83/><T99/><D99/><U15/><E125/><V61/><F38/><W68/><G68/><T64/><REACH who="0" step="1"/><D103/><REACH who="0" ten="247,273,240,230" step="2"/><U35/><E102/><V96/><F130/><W71/><G74/><T132/><D132/><U40/><E72/><V21/><F96/><N who="3" m="57471" /><G71/><T33/><D33/><U67/><E35/><V30/><F80/><W12/><G32/><T98/><D98/><U56/><E81/><V48/><F89/><W117/><G117/><T58/><D58/><U110/><E110/><V42/><F21/><N who="3" m="13607" /><G12/><T51/><D51/><U85/><E14/><V6/><F6/><W78/><G78/><T52/><D52/><U70/><E15/><V5/><F5/><W31/><G7/><T19/><AGARI ba="0,1" hai="19,22,25,36,41,43,45,47,49,59,60,64,92,93" machi="19" ten="20,12000,2" yaku="1,1,0,1,7,1,52,2,53,1" doraHai="90" doraHaiUra="18" who="0" fromWho="0" sc="247,130,273,-60,240,-30,230,-30" /><INIT seed="2,0,0,2,0,42" ten="377,213,210,200" oya="2" hai0="100,82,135,80,107,66,68,53,46,91,125,77,128" hai1="119,87,123,64,114,25,44,23,110,13,95,27,108" hai2="70,71,49,115,118,111,6,9,103,92,121,20,47" hai3="113,15,126,29,26,120,109,8,67,112,90,41,105"/><V74/><F115/><N who="3" m="44107" /><G120/><T58/><D128/><U83/><E114/><V52/><F118/><W117/><G117/><T127/><D135/><U14/><E119/><V16/><F111/><N who="1" m="42537" /><E123/><V33/><F33/><N who="3" m="20663" /><G109/><T130/><D91/><N who="1" m="51711" /><E64/><V32/><F32/><W88/><G105/><T21/><D21/><U116/><E116/><V85/><F74/><W43/><G67/><T134/><D58/><U50/><E95/><V104/><F104/><W122/><G122/><T56/><D53/><N who="1" m="29895" /><E27/><V1/><F121/><W19/><G126/><T133/><D66/><U28/><AGARI ba="0,0" hai="13,14,23,25,28" m="29895,51711,42537" machi="28" ten="30,2000,0" yaku="14,1,52,1" doraHai="42" who="1" fromWho="1" sc="377,-5,213,20,210,-10,200,-5" /><INIT seed="3,0,0,4,5,12" ten="372,233,200,195" oya="3" hai0="111,96,133,110,108,1,43,13,64,20,99,59,11" hai1="116,56,16,132,7,105,23,81,57,98,104,6,47" hai2="101,73,121,60,33,44,125,85,27,71,8,90,19" hai3="88,0,17,129,70,127,32,102,14,51,106,52,86"/><W134/><G0/><T48/><D133/><U41/><E132/><V79/><F73/><W50/><G134/><T42/><D1/><U118/><E81/><V30/><F79/><W89/><G70/><T36/><D36/><U63/><E104/><V3/><F125/><W65/><G127/><T130/><D130/><U135/><E135/><V109/><F109/><W117/><G117/><N who="1" m="45162" /><E98/><N who="0" m="37417" /><D20/><U131/><E105/><V120/><F101/><W91/><G32/><T34/><D34/><U123/><E123/><V31/><F31/><W46/><G106/><T21/><D21/><U72/><E72/><V103/><F103/><W76/><G102/><T39/><D39/><N who="1" m="21951" /><E57/><V107/><F107/><W49/><G129/><T58/><D64/><N who="1" m="39015" /><E131/><V54/><F71/><W78/><G65/><T74/><D74/><U2/><E2/><V68/><F68/><W69/><G69/><T97/><D97/><U75/><E75/><V38/><F3/><W93/><G93/><T92/><D13/><AGARI ba="0,0" hai="6,7,13,16,23" m="39015,21951,45162" machi="13" ten="30,3900,0" yaku="12,1,52,1,54,1" doraHai="12" who="1" fromWho="0" sc="372,-39,233,39,200,0,195,0" owari="333,43.3,272,7.2,200,-20.0,195,-30.5" /></mjloggm>