<mjloggm ver="2.3"><GO type="225" lobby="0"/><UN n0="%E3%81%99%E3%81%84%E3%81%BE%E3%81%9B%E3%83%BC%E3%82%93" n1="%E5%84%AA%40%41%42%43" n2="%E3%81%AF%E3%82%88%E3%81%8A%E3%81%98%E3%81%95%E3%82%93" n3="%E7%B4%94%E6%BD%94%E3%83%94%E3%83%A9%E3%83%8B%E3%82%A2" dan="16,18,17,17" rate="2074.89,2228.38,2213.53,2294.51" sx="M,M,M,M"/><TAIKYOKU oya="0"/><INIT seed="0,0,0,0,5,111" ten="250,250,250,250" oya="0" hai0="35,104,29,102,5,126,49,76,105,67,15,14,130" hai1="78,68,1,72,8,93,112,21,97,63,69,74,13" hai2="19,64,90,113,85,39,43,0,123,120,115,114,109" hai3="116,6,41,33,73,44,53,47,50,99,23,30,61"/><T32/><D126/><U108/><E108/><V37/><F109/><W135/><G73/><N who="1" m="28266" /><E21/><V92/><F0/><W89/><G33/><T40/><D76/><U11/><E13/><V42/><F64/><W60/><G116/><T34/><D29/><U79/><E63/><V86/><F19/><W4/><G135/><T9/><D130/><U103/><E93/><V121/><REACH who="2" step="1"/><F86/><REACH who="2" ten="250,250,240,250" step="2"/><W95/><G6/><T101/><D67/><U18/><E18/><V91/><F91/><W98/><G4/><T25/><D102/><U48/><E1/><V31/><F31/><W88/><G89/><T83/><D101/><U71/><E103/><V28/><F28/><W124/><G124/><T52/><D15/><U54/><E79/><V16/><F16/><W7/><G7/><T38/><D25/><U59/><E78/><V129/><F129/><W131/><G131/><T46/><REACH who="0" step="1"/><D83/><REACH who="0" ten="240,250,240,250" step="2"/><U22/><E71/><V10/><F10/><W51/><G98/><T66/><D66/><U77/><E77/><V57/><F57/><AGARI ba="0,2" hai="5,9,14,32,34,35,38,40,46,49,52,57,104,105" machi="57" ten="40,3900,0" yaku="1,1,54,1,53,0" doraHai="111" doraHaiUra="106" who="0" fromWho="2" sc="240,59,250,0,240,-39,250,0" /><INIT seed="0,1,0,2,3,9" ten="299,250,201,250" oya="0" hai0="92,44,110,128,34,98,85,94,60,66,87,127,28" hai1="104,46,52,1,132,100,118,61,93,63,106,8,90" hai2="19,29,117,133,107,23,102,62,120,30,59,126,65" hai3="99,38,14,40,18,64,74,57,20,89,111,79,91"/><T35/><D127/><U88/><E118/><V83/><F120/><W76/><G111/><T2/><D2/><U134/><E100/><V50/><F126/><W114/><G114/><T115/><D115/><U96/><E90/><N who="3" m="34314" /><G74/><T17/><D110/><U5/><E61/><V37/><F37/><W41/><G99/><T55/><D128/><U22/><E22/><V53/><F133/><N who="1" m="51305" /><E46/><V10/><F117/><W12/><G38/><T39/><D17/><U3/><E3/><V67/><F67/><W123/><G123/><T24/><D35/><U32/><E32/><V84/><F107/><W121/><G121/><T43/><D55/><U7/><E7/><V108/><F102/><W33/><G33/><T25/><D25/><U101/><E101/><V80/><F108/><W21/><G57/><AGARI ba="1,0" hai="1,5,8,52,57,63,88,93,96,104,106" m="51305" machi="57" ten="30,3900,0" yaku="20,1,54,2" doraHai="9" who="1" fromWho="3" sc="299,0,250,42,201,0,250,-42" /><INIT seed="1,0,0,3,1,126" ten="299,292,201,208" oya="1" hai0="16,72,47,55,32,88,21,1,115,78,114,123,5" hai1="8,104,13,19,20,103,22,97,15,59,27,40,135" hai2="24,60,128,101,94,109,44,133,75,36,25,0,51" hai3="73,14,134,17,52,131,110,82,69,7,87,92,77"/><U61/><E135/><V39/><F0/><W49/><G134/><T76/><D32/><U37/><E37/><V30/><F133/><W96/><G110/><T71/><D71/><U70/><E40/><V79/><F109/><W29/><G69/><T23/><D123/><U107/><E70/><V63/><F79/><W62/><G29/><T18/><D5/><U11/><E104/><V91/><F75/><W34/><G34/><T3/><D55/><U54/><REACH who="1" step="1"/><E27/><REACH who="1" ten="299,282,201,208" step="2"/><V89/><F24/><W84/><G131/><T57/><D115/><U9/><E9/><V48/><F25/><W93/><G93/><T42/><D42/><U86/><E86/><V125/><F94/><W117/><G117/><T116/><D114/><U81/><E81/><V43/><F43/><W98/><G84/><T80/><D116/><U46/><E46/><V124/><F44/><W112/><G112/><T12/><D47/><U45/><E45/><V120/><F120/><W90/><G73/><T33/><D72/><U105/><E105/><V113/><F113/><W74/><G74/><T118/><D118/><U26/><E26/><V108/><F108/><W132/><G132/><T2/><D33/><U119/><E119/><V10/><F10/><W65/><G82/><T85/><D57/><U102/><E102/><V64/><F101/><W122/><G122/><T100/><D100/><U53/><E53/><V95/><F95/><W31/><G52/><T56/><D56/><U41/><E41/><V67/><F30/><W66/><G31/><T50/><D50/><U6/><AGARI ba="0,1" hai="6,8,11,13,15,19,20,22,54,59,61,97,103,107" machi="6" ten="20,3900,0" yaku="1,1,0,1,7,1,53,0" doraHai="126" doraHaiUra="106" who="1" fromWho="1" sc="299,-13,282,49,201,-13,208,-13" /><INIT seed="1,1,0,1,3,27" ten="286,331,188,195" oya="1" hai0="60,26,12,135,24,29,110,23,65,131,129,56,48" hai1="128,1,86,79,130,35,17,8,7,64,42,71,92" hai2="46,127,63,81,47,113,4,15,14,38,100,19,10" hai3="87,74,125,55,25,83,95,37,119,45,109,102,132"/><U36/><E92/><V44/><F38/><W33/><G109/><T43/><D110/><U114/><E86/><V20/><F127/><W98/><G125/><T112/><D112/><U72/><E17/><V108/><F108/><W53/><G132/><T82/><D135/><U120/><E120/><V11/><F113/><W96/><G119/><T52/><D43/><U67/><E114/><V61/><F100/><W39/><G74/><T32/><D12/><U69/><E67/><V50/><F50/><W0/><G0/><T76/><D82/><N who="1" m="45415" /><E35/><V84/><REACH who="2" step="1"/><F20/><REACH who="2" ten="286,331,178,195" step="2"/><W104/><G39/><T6/><D76/><AGARI ba="1,1" hai="4,10,11,14,15,19,44,46,47,61,63,76,81,84" machi="76" ten="40,8000,1" yaku="1,1,2,1,8,1,53,1" doraHai="27" doraHaiUra="2" who="2" fromWho="0" sc="286,-83,331,0,178,93,195,0" /><INIT seed="2,0,0,0,2,58" ten="203,331,271,195" oya="2" hai0="3,64,88,57,107,113,14,71,121,101,50,65,87" hai1="69,36,95,75,68,73,8,1,11,43,59,22,80" hai2="114,67,119,9,131,110,135,33,81,15,125,53,123" hai3="0,32,76,90,45,118,127,24,46,19,116,102,99"/><V86/><F123/><W96/><G127/><T48/><D3/><U25/><E11/><V29/><F114/><W85/><G0/><T44/><D121/><U133/><E59/><V89/><F119/><W63/><G76/><T132/><D113/><U122/><E95/><V84/><F125/><W18/><G32/><T108/><D132/><U26/><E75/><V52/><F135/><W94/><G118/><T130/><D130/><U120/><E26/><V12/><F131/><W34/><G116/><T109/><D71/><U62/><E133/><V51/><F110/><N who="0" m="42602" /><D14/><U106/><E106/><V54/><F67/><N who="0" m="25674" /><D57/><U47/><E62/><V74/><F74/><W134/><G134/><T91/><D50/><U42/><E43/><V20/><F33/><W112/><G112/><T128/><D128/><U79/><E69/><V23/><F29/><W105/><G63/><T126/><D126/><U6/><E68/><V104/><F104/><W103/><G34/><T10/><D10/><U72/><E72/><V78/><F51/><W82/><REACH who="3" step="1"/><G24/><REACH who="3" ten="203,331,271,185" step="2"/><T2/><D2/><U39/><E122/><V21/><REACH who="2" step="1"/><F9/><REACH who="2" ten="203,331,261,185" step="2"/><W40/><G40/><N who="0" m="24583" /><D87/><U115/><E120/><V49/><F49/><W31/><G31/><T77/><D77/><U27/><E115/><V70/><F70/><W83/><G83/><AGARI ba="0,2" hai="12,15,20,21,23,52,53,54,78,81,83,84,86,89" machi="83" ten="40,7700,0" yaku="1,1,8,1,54,1,53,0" doraHai="58" doraHaiUra="117" who="2" fromWho="3" sc="203,0,331,0,261,97,185,-77" /><INIT seed="2,1,0,0,3,71" ten="203,331,358,108" oya="2" hai0="46,45,42,125,65,34,43,55,120,84,52,110,122" hai1="99,16,17,67,53,37,74,128,70,0,115,11,41" hai2="86,50,88,129,59,98,21,72,82,38,47,132,91" hai3="24,85,48,123,68,89,81,36,7,51,135,73,49"/><V31/><F72/><W35/><G68/><T60/><D34/><U80/><E115/><V76/><F129/><W130/><G123/><N who="0" m="47147" /><D84/><U25/><E128/><V6/><F132/><W56/><G135/><T57/><D125/><U64/><E70/><V118/><F118/><W10/><G130/><T13/><D13/><U9/><E41/><N who="2" m="24943" /><F38/><W92/><G35/><T19/><D19/><U66/><E37/><V23/><F6/><W133/><G36/><N who="0" m="21703" /><D110/><U26/><E0/><V18/><F59/><W69/><G69/><T62/><D62/><U126/><E126/><V14/><F98/><W20/><G133/><T90/><D90/><N who="2" m="34346" /><F31/><W30/><G73/><T79/><D79/><U58/><E99/><V113/><F113/><W4/><G56/><T1/><D1/><U121/><E74/><V28/><F28/><W97/><REACH who="3" step="1"/><G10/><AGARI ba="1,0" hai="10,14,18,21,23,76,82,86" m="34346,24943" machi="10" ten="30,2900,0" yaku="8,1,54,1" doraHai="71" who="2" fromWho="3" sc="203,0,331,0,358,32,108,-32" /><INIT seed="2,2,0,2,1,99" ten="203,331,390,76" oya="2" hai0="65,41,84,76,66,6,18,134,96,20,46,43,110" hai1="2,92,63,21,101,61,131,93,55,80,75,97,15" hai2="27,81,116,82,95,59,112,98,29,22,105,117,7" hai3="109,54,12,10,121,125,124,9,71,86,77,57,11"/><V115/><F105/><W83/><G71/><T78/><D110/><U23/><E2/><V4/><F116/><W56/><G109/><T8/><D134/><U120/><E131/><V0/><F117/><W114/><G121/><T122/><D122/><U3/><E3/><V28/><F28/><W53/><G114/><T88/><D96/><N who="1" m="59527" /><E75/><V107/><F107/><W26/><G26/><T133/><D133/><U24/><E80/><N who="2" m="30827" /><F0/><W69/><G69/><T67/><D8/><U38/><E38/><V13/><F115/><W72/><G12/><T19/><D6/><U103/><E120/><V40/><F112/><W85/><G72/><T119/><D119/><U33/><E33/><V70/><F70/><W91/><G91/><T64/><N who="0" m="16384" /><DORA hai="50" /><T106/><D106/><U5/><E55/><N who="3" m="21002" /><G77/><N who="0" m="29803" /><D46/><U123/><E123/><V49/><F13/><W102/><G102/><T94/><D19/><N who="1" m="10495" /><E5/><V68/><F68/><W47/><G47/><T39/><D39/><U87/><E87/><N who="3" m="33290" /><G83/><T132/><D132/><U31/><AGARI ba="2,0" hai="23,24,31,61,63,93,97,103" m="10495,59527" machi="31" ten="30,4000,0" yaku="8,1,52,2" doraHai="99,50" who="1" fromWho="1" sc="203,-12,331,46,390,-22,76,-12" /><INIT seed="3,0,0,2,4,78" ten="191,377,368,64" oya="3" hai0="5,6,43,33,42,17,134,60,16,61,2,0,112" hai1="70,73,10,54,113,79,95,39,35,8,131,127,84" hai2="19,80,103,118,101,129,72,37,83,66,38,46,107" hai3="44,102,13,64,30,77,76,4,15,97,89,27,114"/><W58/><G114/><T24/><D33/><U91/><E70/><V12/><F118/><W65/><G44/><T121/><D24/><U115/><E35/><V47/><F107/><W18/><G4/><T96/><D96/><U81/><E39/><V49/><F72/><W55/><G89/><T130/><D134/><U123/><E123/><V100/><F38/><W68/><G68/><T67/><D67/><N who="3" m="25673" /><G30/><T41/><D130/><U40/><E40/><V59/><F129/><W62/><G27/><T50/><D50/><U56/><E131/><V52/><F37/><W21/><G15/><T51/><D51/><U57/><E57/><V63/><F47/><W45/><G45/><T74/><D74/><U69/><E69/><V28/><F28/><W29/><G29/><T34/><D34/><U133/><E133/><V25/><F25/><W26/><G13/><T108/><D121/><U94/><E95/><AGARI ba="0,0" hai="18,21,26,55,58,62,76,77,95,97,102" m="25673" machi="95" ten="30,1500,0" yaku="8,1" doraHai="78" who="3" fromWho="1" sc="191,0,377,-15,368,0,64,15" /><INIT seed="3,1,0,5,5,84" ten="191,362,368,79" oya="3" hai0="39,17,40,27,61,51,44,101,58,23,120,66,13" hai1="9,78,8,77,68,21,1,64,71,103,11,130,92" hai2="41,73,45,3,10,81,42,82,88,57,25,111,87" hai3="125,97,32,2,26,49,29,102,98,75,20,126,31"/><W65/><G75/><T122/><D101/><U36/><E36/><V86/><F73/><W72/><G72/><T62/><D39/><U18/><E1/><V54/><F111/><W124/><G2/><T116/><D116/><U108/><E108/><V110/><F110/><W94/><G65/><T112/><D112/><U115/><E115/><V121/><F121/><W7/><G7/><T91/><D91/><U119/><E130/><V117/><F117/><W14/><G49/><T16/><D62/><U43/><E43/><V135/><F135/><W123/><G123/><T74/><D74/><U134/><E119/><V96/><F3/><W85/><G85/><T105/><D105/><U107/><E107/><V79/><F10/><AGARI ba="1,0" hai="10,13,16,17,23,27,40,44,51,58,61,66,120,122" machi="10" ten="30,2000,0" yaku="7,1,54,1" doraHai="84" who="0" fromWho="2" sc="191,23,362,0,368,-23,79,0" owari="214,-18.6,362,46.2,345,14.5,79,-42.1" /></mjloggm>