<mjloggm ver="2.3"><GO type="225" lobby="0"/><UN n0="%48%61%61%61%6C%61%6E%64" n1="%E5%AF%82%E5%AF%9E%E3%82%AE%E3%83%8D%E3%82%B9%E3%83%93%E3%83%BC%E3%83%AB" n2="%E3%81%86%E3%82%8C%E3%81%9F%E3%82%93%E6%9E%95" n3="%E8%81%B7%E6%A5%AD%E3%80%81%E9%A2%A8%32" dan="17,16,16,16" rate="2237.13,2148.12,2112.70,2110.10" sx="M,M,F,M"/><TAIKYOKU oya="0"/><INIT seed="0,0,0,0,3,116" ten="250,250,250,250" oya="0" hai0="87,86,33,11,53,32,135,129,49,38,73,94,69" hai1="29,82,39,79,117,0,132,105,6,100,26,89,54" hai2="44,23,3,46,78,118,34,122,123,61,95,59,18" hai3="126,12,113,8,41,92,62,128,65,104,19,85,13"/><T2/><D73/><U25/><E117/><V16/><F118/><W83/><G104/><T57/><D129/><U74/><E132/><V120/><F34/><W101/><G113/><T67/><D135/><U102/><E105/><V9/><F78/><W124/><G128/><T36/><D32/><U88/><E54/><V58/><F95/><W42/><G92/><T48/><D33/><U27/><E29/><V133/><F133/><W17/><G101/><T134/><D134/><U10/><REACH who="1" step="1"/><E39/><REACH who="1" ten="250,240,250,250" step="2"/><V5/><F18/><W91/><G124/><T20/><D36/><U30/><E30/><V28/><F28/><W22/><G126/><T111/><D38/><U99/><E99/><V131/><F131/><W52/><G52/><T56/><D53/><U60/><E60/><V98/><F98/><W71/><AGARI ba="0,1" hai="8,12,13,17,19,22,41,42,62,65,71,83,85,91" machi="71" ten="20,1500,0" yaku="0,1,7,1" doraHai="116" who="3" fromWho="3" sc="250,-7,240,-4,250,-4,250,25" /><INIT seed="1,0,0,1,1,16" ten="243,236,246,275" oya="1" hai0="27,96,71,3,128,102,15,35,127,119,100,26,91" hai1="114,44,121,117,4,13,11,10,79,103,89,74,51" hai2="133,53,19,129,104,45,28,113,63,60,70,59,34" hai3="66,8,55,78,24,118,1,97,23,101,88,7,124"/><U82/><E114/><V40/><F113/><W57/><G118/><T38/><D3/><U29/><E117/><V58/><F104/><W61/><G124/><T32/><D119/><U106/><E121/><V20/><F129/><W5/><G78/><T87/><D38/><U54/><E29/><V80/><F133/><W107/><G7/><T12/><D71/><U122/><E122/><V69/><F80/><W86/><G66/><T126/><D87/><U85/><E11/><V22/><F34/><W30/><G97/><T94/><D91/><U62/><E62/><V83/><F83/><W132/><G132/><T120/><D96/><U37/><E37/><V67/><F28/><W116/><G116/><T6/><D120/><U130/><E130/><V135/><F22/><W108/><G108/><T90/><D90/><U92/><E106/><V50/><REACH who="2" step="1"/><F135/><REACH who="2" ten="243,236,236,275" step="2"/><W31/><G107/><T21/><D128/><U0/><REACH who="1" step="1"/><E103/><REACH who="1" ten="243,226,236,275" step="2"/><V98/><F98/><W75/><G101/><T99/><D100/><U42/><E42/><V84/><F84/><W131/><G131/><T43/><D43/><U112/><E112/><V110/><F110/><W81/><G75/><T125/><D126/><U115/><E115/><V14/><AGARI ba="0,2" hai="14,19,20,40,45,50,53,58,59,60,63,67,69,70" machi="14" ten="20,12000,2" yaku="1,1,0,1,7,1,52,1,53,2" doraHai="16" doraHaiUra="64" who="2" fromWho="2" sc="243,-30,226,-60,236,140,275,-30" /><INIT seed="2,0,0,2,2,19" ten="213,166,376,245" oya="2" hai0="130,125,112,32,38,93,65,97,33,0,47,98,67" hai1="78,44,13,107,57,5,68,59,133,61,9,23,104" hai2="83,132,18,42,118,72,91,34,96,87,8,77,4" hai3="123,120,79,3,105,56,30,114,75,85,100,16,71"/><V115/><F118/><W99/><G71/><T1/><D112/><U106/><E133/><V110/><F115/><W116/><G3/><T89/><D125/><U124/><E124/><V66/><F132/><W40/><G116/><T108/><D108/><U128/><E128/><V2/><F110/><W20/><G114/><T11/><D130/><U35/><E35/><V55/><F34/><W102/><G100/><T92/><D47/><U82/><E44/><V94/><F42/><W86/><G40/><T17/><D17/><U129/><E129/><V95/><F66/><W131/><G30/><T26/><D11/><U103/><E103/><V109/><F18/><W101/><G101/><T50/><D50/><U117/><E117/><V25/><F25/><W60/><G131/><T27/><REACH who="0" step="1"/><D89/><REACH who="0" ten="203,166,376,245" step="2"/><U7/><E7/><V29/><F109/><W39/><G16/><T12/><D12/><U45/><E45/><V84/><F29/><W113/><G113/><T90/><D90/><U126/><E126/><V111/><F111/><W121/><G121/><T14/><D14/><U6/><E6/><V46/><F46/><W10/><G10/><T62/><D62/><U58/><E61/><V122/><F122/><W135/><G60/><T134/><D134/><U54/><E54/><V22/><F55/><W74/><G135/><T76/><D76/><U36/><E5/><V49/><F4/><W51/><G123/><T127/><D127/><U15/><E9/><V43/><F8/><W88/><G120/><T21/><D21/><U52/><E23/><V24/><F22/><W73/><G20/><RYUUKYOKU ba="0,1" sc="203,30,166,-10,376,-10,245,-10" hai0="0,1,26,27,32,33,38,65,67,92,93,97,98" /><INIT seed="3,1,1,1,5,64" ten="233,156,366,235" oya="3" hai0="126,38,17,70,91,41,92,117,0,66,88,128,122" hai1="130,13,73,104,9,20,11,100,35,23,123,28,89" hai2="112,121,52,10,111,76,83,27,133,105,96,21,2" hai3="110,101,93,63,84,36,102,77,68,79,94,37,119"/><W113/><G119/><T58/><D117/><U46/><E73/><V106/><F112/><W62/><G113/><T55/><D122/><U71/><E123/><V50/><F121/><W6/><G84/><T44/><D126/><U8/><E89/><V60/><F111/><W18/><G110/><T120/><D120/><U22/><E46/><V135/><F60/><W74/><G18/><T32/><D128/><U107/><E100/><V90/><F10/><N who="1" m="4201" /><E104/><V51/><F2/><W116/><G116/><T26/><D0/><U125/><E107/><V1/><F1/><W14/><G14/><T54/><D91/><U15/><E71/><V65/><F65/><W45/><G45/><T30/><D70/><U59/><E59/><N who="2" m="33175" /><F51/><W80/><G68/><T24/><D66/><U33/><E130/><V7/><F7/><W56/><G74/><T131/><D131/><U103/><E103/><V25/><F90/><W29/><G56/><T47/><D44/><U61/><E61/><V31/><F27/><W82/><G6/><T19/><D26/><U85/><E85/><N who="2" m="48359" /><F96/><W43/><G43/><T69/><D69/><U129/><E129/><V4/><F4/><W132/><G101/><T5/><D5/><N who="1" m="3311" /><E125/><V49/><F49/><W40/><G102/><T57/><D57/><U67/><E67/><V16/><F105/><W99/><G37/><T72/><D72/><U118/><E118/><V114/><F106/><W87/><G36/><T124/><D124/><U3/><E3/><V42/><F42/><W108/><G63/><N who="0" m="36311" /><D55/><U34/><E15/><N who="2" m="9375" /><F114/><W98/><G62/><T97/><AGARI ba="1,1" hai="17,19,24,30,32,38,41,47,88,92,97" m="36311" machi="97" ten="30,2000,0" yaku="5,1,54,1" doraHai="64" who="0" fromWho="0" sc="233,33,156,-6,366,-6,235,-11" owari="266,6.6,150,-35.0,360,46.0,224,-17.6" /></mjloggm>