<mjloggm ver="2.3"><GO type="225" lobby="0"/><UN n0="%E3%83%B4%E3%83%A0%EF%BC%99%E3%81%A6" n1="%E6%A1%9C%E8%8A%B1%E9%96%83%E3%80%85" n2="%E7%AD%89%E3%80%85%E5%8A%9B%E5%8A%87%E5%A0%B4" n3="%E7%B4%94%E6%BD%94%E3%83%94%E3%83%A9%E3%83%8B%E3%82%A2" dan="17,17,16,18" rate="2200.98,2144.16,2155.33,2301.32" sx="M,M,M,M"/><TAIKYOKU oya="0"/><INIT seed="0,0,0,2,4,5" ten="250,250,250,250" oya="0" hai0="118,53,127,14,47,12,33,130,48,58,18,105,85" hai1="62,126,6,123,89,51,28,78,134,65,88,103,104" hai2="11,0,115,24,113,4,100,101,73,46,22,21,124" hai3="90,54,69,86,119,75,27,9,37,1,3,125,19"/><T15/><D118/><U68/><E123/><V49/><F73/><W96/><G75/><T38/><D105/><U32/><E126/><V93/><F124/><W98/><G119/><T87/><D127/><U39/><E39/><V82/><F82/><W40/><G69/><T55/><D130/><U79/><E134/><V129/><F129/><W131/><G131/><T41/><D33/><U10/><E51/><V84/><F22/><W70/><G70/><T111/><D111/><U16/><E16/><V7/><F7/><W20/><G54/><T109/><D109/><U120/><E120/><V59/><F59/><W116/><G116/><T61/><REACH who="0" step="1"/><D18/><REACH who="0" ten="240,250,250,250" step="2"/><U60/><E32/><V30/><F115/><W42/><G125/><T83/><D83/><U64/><E28/><V52/><F113/><W114/><G114/><T110/><D110/><U35/><E35/><V67/><F30/><W97/><G37/><T133/><D133/><U108/><E108/><V121/><F121/><W117/><G117/><T56/><AGARI ba="0,1" hai="12,14,15,38,41,47,48,53,55,56,58,61,85,87" machi="56" ten="30,3000,0" yaku="1,1,0,1,53,0" doraHai="5" doraHaiUra="132" who="0" fromWho="0" sc="240,40,250,-10,250,-10,250,-10" /><INIT seed="0,1,0,2,4,110" ten="280,240,240,240" oya="0" hai0="51,77,83,33,59,85,103,12,29,95,121,13,16" hai1="133,86,8,88,75,44,69,125,72,84,7,87,97" hai2="14,17,38,128,31,102,60,56,53,70,101,28,113" hai3="63,129,36,118,62,42,39,40,10,47,25,2,89"/><T76/><D121/><U98/><E69/><V119/><F38/><W127/><G25/><T32/><D76/><U73/><E125/><V105/><F128/><W109/><G89/><T78/><D78/><U52/><E133/><V41/><F41/><W18/><G18/><T107/><D107/><U22/><E22/><V131/><F131/><W61/><G2/><T93/><D29/><U55/><E44/><V134/><F134/><W49/><G10/><T90/><D103/><U34/><E34/><V19/><F119/><W37/><G118/><T123/><D12/><U130/><E130/><V116/><F116/><W50/><G129/><T6/><D6/><U1/><REACH who="1" step="1"/><E98/><REACH who="1" ten="280,230,240,240" step="2"/><V27/><F70/><W54/><G127/><T120/><D32/><U67/><E67/><V79/><F56/><N who="3" m="32847" /><G109/><T20/><D33/><U80/><E80/><V68/><F68/><W57/><G42/><T135/><D135/><U94/><AGARI ba="1,1" hai="1,7,8,52,55,72,73,75,84,86,87,88,94,97" machi="94" ten="40,8000,1" yaku="1,1,0,1,54,2,53,0" doraHai="110" doraHaiUra="24" who="1" fromWho="1" sc="280,-41,230,93,240,-21,240,-21" /><INIT seed="1,0,0,5,4,112" ten="239,323,219,219" oya="1" hai0="124,27,97,119,40,94,125,90,89,106,68,120,99" hai1="93,0,86,121,4,13,98,95,78,132,11,52,66" hai2="71,7,35,65,69,32,130,16,47,38,135,92,2" hai3="134,50,129,118,88,75,133,15,83,25,126,60,44"/><U85/><E121/><V61/><F135/><N who="3" m="51723" /><G129/><T91/><D68/><U103/><E132/><V80/><F130/><W24/><G126/><N who="0" m="48747" /><D40/><U67/><E0/><V64/><F92/><W51/><G75/><T128/><D128/><U53/><E86/><V73/><F16/><W100/><G100/><N who="0" m="62735" /><D27/><N who="3" m="10313" /><G60/><T28/><D28/><U59/><E53/><V117/><F65/><W54/><G51/><T72/><D120/><U8/><E8/><N who="2" m="2167" /><F71/><W70/><G70/><T17/><D17/><U57/><E57/><V87/><F87/><N who="3" m="50303" /><G15/><T49/><D49/><N who="1" m="31119" /><E95/><V19/><F19/><W31/><G31/><T18/><D18/><U20/><E20/><V74/><F35/><W96/><G96/><T48/><D48/><U107/><E107/><V131/><F32/><W3/><G3/><T81/><D72/><U45/><E45/><V122/><F47/><W101/><G101/><N who="0" m="60663" /><D81/><AGARI ba="0,0" hai="4,11,13,66,67,78,81,85,93,98,103" m="31119" machi="81" ten="30,2900,0" yaku="8,1,54,1" doraHai="112" who="1" fromWho="0" sc="239,-29,323,29,219,0,219,0" /><INIT seed="1,1,0,0,3,51" ten="210,352,219,219" oya="1" hai0="30,14,4,104,118,57,127,21,87,126,123,121,68" hai1="11,99,111,44,106,12,112,90,85,72,92,129,122" hai2="34,113,59,29,60,75,110,116,109,13,3,24,18" hai3="88,5,39,35,132,133,114,117,131,40,124,52,43"/><U28/><E112/><V82/><F116/><W120/><G120/><N who="0" m="46155" /><D68/><U16/><E122/><V48/><F3/><W50/><G114/><T62/><D104/><U41/><E129/><V36/><F36/><W32/><G117/><T42/><D42/><N who="3" m="15913" /><G39/><T79/><D118/><U125/><E125/><V7/><F7/><W71/><G71/><T95/><D30/><U76/><E111/><V61/><F113/><W22/><G5/><T78/><D95/><U66/><E66/><V101/><F101/><W2/><G2/><T119/><D119/><U27/><E72/><V100/><F100/><W96/><G22/><T77/><D87/><U107/><E76/><V0/><F0/><W91/><G131/><T46/><D46/><U33/><REACH who="1" step="1"/><E85/><REACH who="1" ten="210,342,219,219" step="2"/><V47/><F75/><W17/><G124/><T63/><D126/><U23/><E23/><V80/><F110/><W97/><G97/><T93/><D127/><U1/><E1/><V6/><F109/><W81/><G96/><T70/><D21/><U54/><E54/><V65/><F65/><W25/><G32/><T134/><D77/><U74/><E74/><V58/><F34/><W103/><G35/><T128/><D78/><U49/><AGARI ba="1,1" hai="11,12,16,27,28,33,41,44,49,90,92,99,106,107" machi="49" ten="20,12000,1" yaku="1,1,0,1,7,1,54,1,53,1" doraHai="51" doraHaiUra="38" who="1" fromWho="1" sc="210,-41,342,133,219,-41,219,-41" /><INIT seed="1,2,0,1,3,19" ten="169,475,178,178" oya="1" hai0="17,15,132,92,133,81,6,112,108,64,124,113,104" hai1="10,128,61,89,42,55,50,100,63,9,90,41,8" hai2="119,134,57,60,28,24,44,3,129,83,123,87,16" hai3="59,117,91,25,35,105,109,53,88,34,22,75,29"/><U58/><E128/><V1/><F119/><W96/><G117/><T111/><D104/><U98/><E63/><V101/><F123/><W95/><G109/><N who="0" m="42059" /><D64/><U72/><E72/><V18/><F134/><N who="0" m="51818" /><D81/><U38/><E38/><V74/><F74/><W73/><G105/><T46/><D46/><U14/><E14/><V67/><F129/><W56/><G56/><T71/><D71/><U4/><E4/><V79/><F101/><W114/><G114/><N who="0" m="44139" /><D92/><N who="1" m="58439" /><E61/><V107/><F107/><W97/><G73/><T118/><D118/><U85/><E90/><V7/><F44/><W126/><G75/><T70/><D70/><U39/><E39/><V43/><F43/><W94/><G126/><T122/><D6/><U116/><E116/><V51/><F51/><AGARI ba="2,0" hai="22,25,29,34,35,51,53,59,88,91,94,95,96,97" machi="51" ten="30,7700,0" yaku="7,1,9,1,52,1,54,1" doraHai="19" who="3" fromWho="2" sc="169,0,475,0,178,-83,178,83" /><INIT seed="2,0,0,5,2,84" ten="169,475,95,261" oya="2" hai0="117,10,79,39,57,93,6,89,91,126,42,85,132" hai1="87,49,135,114,43,41,73,13,82,47,90,53,16" hai2="72,100,31,86,25,77,33,129,111,40,64,119,9" hai3="124,37,48,107,4,11,22,28,74,50,75,127,5"/><V108/><F119/><W103/><G37/><T66/><D117/><U70/><E114/><V116/><F116/><W110/><G110/><N who="2" m="42025" /><F129/><W106/><G22/><T38/><D79/><U14/><E135/><V131/><F131/><W18/><G18/><T109/><D109/><U88/><E73/><N who="3" m="27658" /><G28/><T121/><D121/><U26/><E70/><V34/><F72/><W44/><G103/><T65/><D132/><U8/><E26/><V78/><F34/><W99/><G99/><T30/><D30/><U125/><E125/><N who="3" m="48202" /><G50/><T123/><D123/><U97/><E14/><V27/><F100/><W134/><G134/><T81/><D126/><U17/><E17/><V128/><F128/><W112/><G112/><T133/><D133/><U104/><E104/><N who="3" m="39978" /><G11/><T63/><D42/><AGARI ba="0,0" hai="4,5,42,44,48" m="39978,48202,27658" machi="42" ten="40,1300,0" yaku="18,1" doraHai="84" who="3" fromWho="0" sc="169,-13,475,0,95,0,261,13" /><INIT seed="3,0,0,0,0,129" ten="156,475,95,274" oya="3" hai0="111,90,43,131,110,116,125,117,24,91,98,54,2" hai1="109,58,133,128,16,19,81,34,134,4,32,17,99" hai2="96,44,97,73,82,92,65,33,38,23,84,13,51" hai3="55,85,105,114,50,95,127,3,47,62,18,130,93"/><W88/><G105/><T63/><D2/><U74/><E128/><V83/><F33/><W101/><G130/><T31/><D131/><U25/><E109/><N who="0" m="41481" /><D125/><U30/><E4/><V7/><F38/><W122/><G3/><T103/><D43/><U94/><E34/><V20/><F73/><W71/><G127/><T11/><D11/><U66/><E66/><V124/><F124/><W126/><G126/><T42/><D42/><U37/><E58/><V80/><F65/><W5/><G5/><T64/><D54/><U8/><E37/><V87/><F97/><W46/><G122/><T123/><D123/><U56/><E56/><V86/><F7/><W41/><G114/><T39/><D39/><U60/><E60/><V21/><F13/><W102/><G71/><N who="0" m="42399" /><D117/><U132/><E81/><V57/><F57/><W70/><G70/><T52/><D52/><U75/><E8/><V29/><F29/><W45/><G62/><T121/><D116/><U77/><E77/><V78/><F78/><W108/><G108/><T89/><D121/><U26/><E26/><V112/><F112/><W76/><G76/><T9/><D9/><U106/><E106/><V27/><F27/><W104/><G104/><N who="0" m="63607" /><D91/><AGARI ba="0,0" hai="16,17,19,25,30,32,74,75,91,94,99,132,133,134" machi="91" ten="50,8000,1" yaku="20,1,52,3,54,1" doraHai="129" who="1" fromWho="0" sc="156,-80,475,80,95,0,274,0" owari="76,-42.4,555,65.5,95,-30.5,274,7.4" /></mjloggm>