<mjloggm ver="2.3"><GO type="225" lobby="0"/><UN n0="%E3%81%A8%E3%82%93%E3%81%A8%E3%81%93%E3%81%A8%E3%82%93" n1="%77%72%77%72%77%72%77%72" n2="%E6%A0%B9%E5%85%83%E3%81%8B%E3%82%89%E5%90%B9%E3%81%A3%E9%A3%9B%E3%81%B6" n3="%E3%83%88%E3%83%A9%E3%83%9E%E3%83%AB" dan="16,16,17,16" rate="2130.30,2119.85,2152.16,2088.61" sx="F,M,F,M"/><TAIKYOKU oya="0"/><INIT seed="0,0,0,3,2,55" ten="250,250,250,250" oya="0" hai0="87,48,101,58,71,115,97,26,83,63,33,114,64" hai1="103,10,116,11,46,38,54,5,12,7,94,86,40" hai2="80,6,82,134,120,124,76,21,91,127,36,22,119" hai3="96,67,126,69,104,50,52,90,47,27,129,100,62"/><T0/><D0/><U35/><E116/><V51/><F120/><W56/><G126/><N who="2" m="48169" /><F36/><W44/><G129/><T31/><D48/><U4/><E35/><V70/><F70/><W53/><G90/><T1/><D1/><U2/><E7/><V19/><F134/><W42/><G27/><T29/><D29/><U109/><E109/><V79/><F6/><W85/><G85/><T18/><D18/><U74/><E74/><N who="2" m="43031" /><F91/><W30/><G30/><T106/><REACH who="0" step="1"/><D58/><REACH who="0" ten="240,250,250,250" step="2"/><U61/><E2/><V66/><F51/><W17/><G17/><T132/><D132/><U84/><E4/><V110/><F19/><W39/><REACH who="3" step="1"/><G53/><REACH who="3" ten="240,250,250,240" step="2"/><T14/><D14/><U105/><E54/><V32/><F119/><W108/><G108/><T24/><D24/><U45/><E12/><V13/><F13/><W57/><AGARI ba="0,2" hai="39,42,44,47,50,52,56,57,62,67,69,96,100,104" machi="57" ten="30,8000,1" yaku="1,1,0,1,52,2,54,1,53,0" doraHai="55" doraHaiUra="73" who="3" fromWho="3" sc="240,-40,250,-20,250,-20,240,100" /><INIT seed="1,0,0,0,5,69" ten="200,230,230,340" oya="1" hai0="112,62,28,60,45,103,31,1,77,42,102,8,57" hai1="73,133,101,117,71,76,120,16,84,86,82,55,114" hai2="83,63,98,19,107,96,65,108,17,5,126,56,9" hai3="54,37,64,46,49,123,130,110,121,38,14,124,68"/><U13/><E114/><V30/><F108/><W89/><G110/><T34/><D112/><U100/><E117/><V33/><F126/><W67/><G89/><T20/><D34/><U111/><E111/><V95/><F107/><W35/><G35/><T21/><D77/><U116/><E116/><V58/><F83/><W91/><G91/><T15/><D1/><U2/><E2/><V125/><F125/><W50/><G14/><T7/><D21/><U3/><E3/><V10/><F30/><W113/><G124/><T26/><D31/><U81/><E120/><V74/><F74/><W131/><G113/><T27/><D27/><U118/><E118/><V0/><F33/><W127/><G127/><T51/><REACH who="0" step="1"/><D62/><REACH who="0" ten="190,230,230,340" step="2"/><U94/><E76/><V92/><F63/><W97/><G123/><T78/><D78/><U59/><E13/><V109/><F109/><W53/><G121/><T79/><D79/><U44/><E73/><V36/><F0/><W4/><G68/><T80/><D80/><U134/><E71/><V6/><F65/><AGARI ba="0,1" hai="7,8,15,20,26,28,42,45,51,57,60,65,102,103" machi="65" ten="30,3900,0" yaku="1,1,7,1,8,1,53,0" doraHai="69" doraHaiUra="135" who="0" fromWho="2" sc="190,49,230,0,230,-39,340,0" /><INIT seed="2,0,0,3,2,119" ten="239,230,191,340" oya="2" hai0="22,109,57,90,32,93,132,3,68,100,35,134,50" hai1="67,85,74,31,59,81,11,75,2,102,110,5,89" hai2="121,127,42,6,33,39,56,20,78,105,53,62,43" hai3="118,34,16,21,135,129,51,120,106,133,1,73,18"/><V63/><F33/><W69/><RYUUKYOKU type="yao9" ba="0,0" sc="239,0,230,0,191,0,340,0" hai3="1,16,18,21,34,51,69,73,106,118,120,129,133,135" /><INIT seed="2,1,0,0,4,40" ten="239,230,191,340" oya="2" hai0="104,74,51,26,135,129,70,97,64,131,113,42,44" hai1="11,16,109,62,95,124,35,29,96,67,0,81,117" hai2="19,61,58,99,69,82,134,39,48,1,50,72,110" hai3="9,15,20,13,116,57,103,102,7,73,106,93,8"/><V45/><F134/><W25/><G106/><T132/><D74/><U22/><E117/><V126/><F126/><W128/><G73/><T119/><D113/><U105/><E124/><V79/><F1/><W94/><G128/><N who="0" m="49227" /><D26/><N who="1" m="18871" /><E109/><V101/><F110/><W87/><G116/><T36/><D36/><U30/><E30/><V100/><F69/><W31/><G57/><T84/><D84/><U77/><E81/><V88/><F39/><W63/><G63/><N who="0" m="40223" /><D119/><U41/><E41/><N who="2" m="24623" /><F72/><W33/><G33/><T47/><D47/><U91/><E77/><V46/><F19/><W127/><G127/><T52/><D42/><U123/><E123/><V68/><F68/><W108/><G108/><T111/><D111/><U122/><E122/><V90/><F79/><W125/><G125/><T12/><D12/><N who="1" m="9479" /><E105/><V89/><F99/><W10/><G10/><T59/><D59/><U14/><E14/><V114/><F82/><W43/><G43/><T133/><D104/><U3/><E3/><V6/><F114/><W78/><G78/><T120/><D97/><U23/><E0/><V37/><F6/><N who="3" m="3223" /><G87/><T54/><D54/><U32/><E32/><V5/><F5/><W112/><G112/><T83/><D83/><U56/><E11/><V55/><F37/><W115/><G115/><T24/><D120/><U92/><E23/><V38/><F38/><W65/><G65/><AGARI ba="1,0" hai="46,50,55,58,61,65,88,89,90,100,101" m="24623" machi="65" ten="30,11600,0" yaku="8,1,52,2,54,1" doraHai="40" who="2" fromWho="3" sc="239,0,230,0,191,119,340,-119" /><INIT seed="2,2,0,0,1,71" ten="239,230,310,221" oya="2" hai0="9,22,107,93,91,48,103,116,72,130,62,113,0" hai1="95,10,133,42,1,102,45,28,74,129,31,80,3" hai2="131,23,12,27,4,24,132,118,134,82,44,34,35" hai3="106,50,108,67,30,117,14,101,85,66,29,111,78"/><V37/><F44/><W56/><G117/><T16/><D113/><U79/><E129/><V94/><F94/><W38/><G106/><T77/><D130/><U7/><E1/><V88/><F118/><W100/><G14/><T13/><D116/><U96/><E133/><N who="2" m="51307" /><F88/><W33/><G33/><N who="2" m="12297" /><F82/><W40/><G78/><T2/><D93/><U63/><REACH who="1" step="1"/><E63/><REACH who="1" ten="239,220,310,221" step="2"/><V32/><F131/><W124/><G111/><T109/><D62/><U55/><E55/><V73/><F32/><W123/><G108/><T8/><D109/><U39/><AGARI ba="2,1" hai="3,7,10,28,31,39,42,45,74,79,80,95,96,102" machi="39" ten="20,16000,3" yaku="1,1,0,1,7,1,25,2,52,1,53,2" doraHai="71" doraHaiUra="25" who="1" fromWho="1" sc="239,-42,220,176,310,-82,221,-42" /><INIT seed="3,0,0,1,5,100" ten="197,396,228,179" oya="3" hai0="66,20,91,121,46,47,42,24,93,55,10,111,77" hai1="95,35,54,107,101,75,119,61,1,38,41,109,57" hai2="49,78,113,70,130,90,124,74,71,0,32,65,52" hai3="114,40,19,64,94,85,9,51,127,23,30,18,118"/><W116/><G114/><T21/><D121/><U39/><E75/><V131/><F0/><W133/><G64/><T62/><D111/><U28/><E1/><V120/><F32/><W135/><G30/><T60/><D77/><U105/><E39/><V96/><F124/><W11/><G127/><T92/><D10/><N who="3" m="3593" /><G85/><T45/><D42/><U27/><E41/><V80/><F65/><W13/><G94/><T26/><D55/><U6/><E38/><V58/><F120/><W115/><G115/><T86/><D93/><U53/><E95/><N who="2" m="56439" /><F113/><W72/><G72/><T88/><D91/><U79/><E28/><V128/><AGARI ba="0,0" hai="49,52,58,70,71,74,78,80,128,130,131" m="56439" machi="128" ten="30,2000,0" yaku="19,1,54,1" doraHai="100" who="2" fromWho="2" sc="197,-5,396,-5,228,20,179,-10" owari="192,-20.8,391,49.1,248,4.8,169,-33.1" /></mjloggm>