<mjloggm ver="2.3"><GO type="225" lobby="0"/><UN n0="%E6%97%A5%E6%9B%9C%E6%97%A5%E3%82%88%E3%82%8A%E3%81%AE%E4%BD%BF%E8%80%85" n1="%E5%A4%96%E5%B7%9D%E7%AB%9C%E6%88%90" n2="%E4%B8%AD%E5%B9%B4%E3%81%AE%E5%8D%B1%E6%A9%9F" n3="%6D%75%75%6D%75%72%61" dan="18,16,17,16" rate="2149.93,2230.67,2222.94,2141.86" sx="M,M,M,F"/><TAIKYOKU oya="0"/><INIT seed="0,0,0,4,4,125" ten="250,250,250,250" oya="0" hai0="51,116,56,129,23,130,40,93,24,0,107,76,127" hai1="12,117,95,115,98,2,60,67,128,35,20,135,55" hai2="63,30,131,14,79,104,90,50,57,43,28,123,26" hai3="32,61,120,18,17,44,105,64,68,4,124,49,88"/><T25/><D107/><U11/><E117/><V71/><F123/><W75/><G124/><T5/><D116/><U72/><E35/><V42/><F104/><W126/><G126/><T97/><D76/><U85/><E72/><V103/><F103/><W10/><G120/><T3/><D127/><U108/><E108/><V133/><F79/><W96/><G32/><T86/><D86/><U48/><E115/><V33/><F30/><W112/><G75/><T77/><D77/><U7/><E135/><V118/><F133/><W52/><G112/><T100/><D5/><U59/><E85/><V9/><F118/><W16/><G105/><T134/><D134/><U84/><E84/><V101/><F101/><W39/><G39/><T1/><D56/><U58/><E20/><V46/><F90/><W91/><REACH who="3" step="1"/><G96/><REACH who="3" ten="250,250,250,240" step="2"/><T87/><D87/><U113/><E113/><V15/><F71/><W22/><G22/><T132/><D132/><U6/><E98/><V122/><F122/><W70/><G70/><T74/><D74/><U109/><E109/><V102/><F102/><W69/><G69/><T65/><D23/><U99/><E99/><V31/><F9/><W37/><G37/><T54/><D97/><U8/><REACH who="1" step="1"/><E95/><REACH who="1" ten="250,240,250,240" step="2"/><V47/><F33/><W62/><G62/><T53/><D93/><U82/><E82/><V66/><F63/><W92/><G92/><T45/><D100/><U38/><E38/><V21/><F21/><W29/><G29/><T81/><D81/><U119/><E119/><V13/><F28/><W121/><G121/><T111/><D111/><U114/><E114/><RYUUKYOKU ba="0,2" sc="250,-15,240,15,250,-15,240,15" hai1="2,6,7,8,11,12,48,55,58,59,60,67,128" hai3="4,10,16,17,18,44,49,52,61,64,68,88,91" /><INIT seed="1,1,2,5,2,46" ten="235,255,235,255" oya="1" hai0="120,88,75,20,2,97,9,8,62,32,135,118,94" hai1="44,101,126,130,82,23,104,58,128,80,74,5,111" hai2="13,124,28,48,38,55,11,33,114,43,41,123,119" hai3="95,30,84,103,122,40,34,14,107,61,1,89,132"/><U129/><E126/><V69/><F123/><W60/><G1/><T92/><D118/><U112/><E112/><V72/><F119/><W19/><G122/><T52/><D32/><U17/><E111/><V134/><F72/><W109/><G109/><T70/><D120/><U133/><E133/><V68/><F124/><W66/><G132/><T47/><D135/><U108/><E108/><V125/><F125/><W71/><G60/><T96/><D75/><U81/><E5/><V24/><F134/><W39/><G40/><T87/><D2/><U31/><E31/><V63/><F114/><W0/><G39/><T93/><D20/><U45/><E74/><V7/><F38/><W37/><G37/><T91/><D70/><U35/><E35/><V59/><REACH who="2" step="1"/><F68/><REACH who="2" ten="235,255,225,255" step="2"/><W110/><G110/><T4/><D4/><U16/><E17/><V102/><F102/><W53/><G71/><T73/><D73/><U36/><E36/><V57/><F57/><W98/><G19/><T15/><D15/><N who="1" m="9631" /><E58/><V121/><F121/><W117/><G117/><T131/><D131/><U49/><E49/><V90/><F90/><W105/><G14/><T50/><D62/><U76/><E76/><V115/><F115/><W67/><G0/><T64/><D64/><AGARI ba="1,3" hai="7,11,13,24,28,33,41,43,48,55,59,63,64,69" machi="64" ten="40,2600,0" yaku="1,1,52,1,53,0" doraHai="46" doraHaiUra="77" who="2" fromWho="0" sc="235,-29,255,0,225,59,255,0" /><INIT seed="2,0,0,2,4,118" ten="206,255,284,255" oya="2" hai0="77,38,21,41,73,126,19,124,13,11,45,2,65" hai1="0,5,76,120,116,27,30,12,135,24,4,134,132" hai2="86,32,66,94,47,123,70,101,51,110,23,58,111" hai3="28,35,42,84,20,14,53,1,31,75,97,133,107"/><V39/><F32/><W37/><G75/><T72/><D65/><U100/><E76/><V89/><F123/><W44/><G1/><T92/><D92/><U55/><E100/><V130/><F130/><W80/><G133/><T50/><D50/><U83/><E83/><V7/><F7/><W108/><G108/><N who="2" m="41513" /><F70/><W109/><G109/><T131/><D131/><U22/><E55/><V105/><F23/><W16/><G35/><T88/><D88/><U112/><E116/><V57/><F39/><W128/><G128/><T48/><D48/><U85/><E85/><V34/><F34/><W122/><G122/><T64/><D64/><U17/><E120/><V91/><F91/><W25/><G53/><T95/><D95/><U69/><E69/><V40/><F66/><W98/><G107/><T79/><D79/><U87/><E87/><V125/><F125/><N who="0" m="48234" /><D77/><U119/><E119/><V82/><F105/><W99/><REACH who="3" step="1"/><G25/><REACH who="3" ten="206,255,284,245" step="2"/><N who="0" m="14527" /><D2/><U103/><E0/><V46/><F46/><W49/><G49/><T15/><D15/><U90/><E12/><V52/><F40/><W67/><G67/><T113/><D113/><U104/><E134/><V26/><F26/><W68/><G68/><T96/><D96/><AGARI ba="0,1" hai="47,51,52,57,58,82,86,89,94,96,101" m="41513" machi="96" ten="30,5800,0" yaku="14,1,10,1,54,1" doraHai="118" who="2" fromWho="0" sc="206,-58,255,0,284,68,245,0" /><INIT seed="2,1,0,5,5,36" ten="148,255,352,245" oya="2" hai0="90,125,102,92,23,126,91,128,134,59,62,55,109" hai1="87,69,14,37,29,86,82,123,7,72,83,79,12" hai2="73,45,98,95,25,75,60,31,118,94,96,15,76" hai3="65,61,2,1,16,135,8,52,38,119,24,77,54"/><V22/><F118/><W11/><G119/><T50/><D109/><U43/><E69/><V35/><F76/><W97/><G38/><T93/><D128/><U42/><E37/><V47/><F75/><W40/><G135/><T81/><D134/><U58/><E72/><V106/><F73/><W17/><G77/><T4/><D4/><U18/><E123/><V101/><F60/><W114/><G114/><T113/><D113/><U104/><E104/><V64/><F64/><W30/><G97/><T66/><D102/><U71/><E71/><V131/><F131/><W103/><G103/><T27/><D126/><U48/><E29/><V107/><F107/><W111/><G111/><T116/><D116/><U78/><E7/><V112/><F112/><W10/><G40/><N who="1" m="15402" /><E18/><N who="3" m="7274" /><G1/><T89/><D81/><U108/><E108/><V46/><F35/><W63/><G2/><T6/><D6/><U51/><E58/><V34/><F34/><W56/><G63/><T41/><D125/><U28/><E28/><V127/><F127/><W99/><G99/><T124/><D124/><U85/><E85/><V80/><F106/><W132/><G132/><T39/><D39/><U115/><E115/><V120/><F120/><W129/><G129/><T9/><D9/><U133/><E133/><V5/><F98/><W19/><N who="3" m="7282" /><W105/><DORA hai="100" /><G105/><T32/><D32/><U53/><E53/><V0/><F96/><W57/><G56/><N who="0" m="37191" /><D41/><U117/><E117/><V84/><F101/><W122/><G122/><T49/><D49/><AGARI ba="1,0" hai="12,14,48,49,51,78,79,82,83,86,87" m="15402" machi="49" ten="30,7700,0" yaku="8,1,52,3" doraHai="36,100" who="1" fromWho="0" sc="148,-80,255,80,352,0,245,0" /><INIT seed="3,0,0,4,5,60" ten="68,335,352,245" oya="3" hai0="50,101,38,66,77,74,117,35,89,40,134,44,131" hai1="56,53,8,99,68,69,45,80,30,12,13,34,25" hai2="84,48,75,95,91,126,135,90,27,6,58,113,0" hai3="132,57,93,109,72,108,16,128,71,107,76,103,85"/><W59/><G71/><T14/><D117/><U52/><E13/><V46/><F75/><W17/><G72/><T111/><D111/><N who="3" m="42569" /><G107/><T61/><D131/><U63/><E80/><V73/><F73/><W130/><G76/><T43/><D134/><U87/><E87/><V86/><F113/><W123/><G123/><T7/><D35/><U100/><E45/><V96/><F135/><W18/><G132/><T39/><D101/><U37/><E37/><V105/><F105/><W19/><G19/><T83/><D43/><U94/><E53/><N who="2" m="29847" /><F0/><W47/><G47/><T64/><D89/><U129/><E129/><N who="3" m="49770" /><G103/><T31/><D31/><U124/><E124/><V54/><F126/><W1/><G1/><T62/><D7/><AGARI ba="0,0" hai="7,8,12,25,30,34,52,56,63,68,69,94,99,100" machi="7" ten="30,2000,0" yaku="7,1,54,1" doraHai="60" who="1" fromWho="0" sc="68,-20,335,20,352,0,245,0" owari="48,-45.2,355,45.5,352,15.2,245,-15.5" /></mjloggm>