<mjloggm ver="2.3"><GO type="225" lobby="0"/><UN n0="%6D%75%75%73%61%6E%6D%75" n1="%E6%98%93%E5%88%A9%E8%96%A9%E4%BC%AF" n2="%73%61%6B%6F%EF%BC%A0%E6%9C%80" n3="%E5%8D%A0%E3%81%84%E5%B8%AB%E8%A3%8F%E3%81%AA%E3%81%84%E3%81%97" dan="17,16,16,17" rate="2147.75,2113.83,2173.24,2208.09" sx="F,F,M,M"/><TAIKYOKU oya="0"/><INIT seed="0,0,0,0,2,74" ten="250,250,250,250" oya="0" hai0="57,45,5,111,97,91,20,78,38,22,72,33,82" hai1="90,110,47,31,44,119,12,107,43,69,75,116,96" hai2="67,77,63,2,130,32,65,48,129,103,134,115,100" hai3="83,118,28,98,126,131,93,61,54,25,52,60,81"/><T88/><D111/><U123/><E123/><V59/><F2/><W30/><G118/><T84/><D33/><U85/><E69/><V41/><F32/><W99/><G131/><N who="2" m="50185" /><F115/><W121/><G121/><T46/><D5/><U34/><E75/><V11/><F134/><W4/><G93/><N who="0" m="56487" /><D72/><U37/><E110/><V127/><F127/><W117/><G117/><T133/><D38/><U104/><E34/><V95/><F11/><W66/><G66/><T105/><D105/><U58/><E31/><V73/><F67/><W8/><G8/><T128/><D128/><U102/><E107/><V125/><F95/><W114/><G4/><T50/><D133/><U13/><E58/><V0/><F0/><W1/><G1/><T3/><D3/><U9/><E47/><N who="0" m="17929" /><D91/><U35/><E35/><V10/><F125/><W120/><G120/><T80/><D80/><U40/><E40/><V71/><F41/><W53/><G126/><T24/><D24/><U68/><E68/><V17/><F71/><W87/><G114/><T18/><D18/><U23/><E90/><V26/><F26/><W16/><G25/><T94/><D94/><U108/><E108/><V101/><F17/><W39/><G39/><T36/><D36/><U62/><E119/><V49/><F10/><W19/><G53/><AGARI ba="0,0" hai="20,22,50,53,57,78,82,84" m="17929,56487" machi="53" ten="30,5800,0" yaku="8,1,52,1,54,1" doraHai="74" who="0" fromWho="3" sc="250,58,250,0,250,0,250,-58" /><INIT seed="0,1,0,4,3,19" ten="308,250,250,192" oya="0" hai0="2,131,24,106,7,98,58,50,42,30,35,14,84" hai1="8,4,15,93,74,43,65,66,49,63,64,129,95" hai2="96,91,52,88,78,101,116,126,85,79,109,86,70" hai3="105,114,25,40,130,115,127,10,123,21,121,18,6"/><T112/><D112/><N who="3" m="43049" /><G40/><T53/><D131/><U111/><E74/><V11/><F70/><W22/><G105/><T29/><D2/><U57/><E111/><V100/><F109/><W32/><G32/><T135/><D135/><U36/><E36/><V47/><F116/><W81/><G81/><T132/><D132/><U68/><E129/><V60/><F126/><W20/><G130/><T77/><D29/><U39/><E39/><V59/><F11/><W82/><G82/><T54/><D77/><N who="2" m="29194" /><F47/><W27/><G127/><T9/><D84/><N who="2" m="32362" /><F91/><W37/><G37/><T87/><D87/><U23/><E68/><V89/><F89/><W56/><G56/><T104/><D42/><U117/><E117/><V134/><F134/><W103/><G103/><T45/><D98/><U46/><REACH who="1" step="1"/><E23/><REACH who="1" ten="308,240,250,192" step="2"/><N who="3" m="8778" /><G25/><T17/><D35/><U71/><E71/><V26/><F26/><W122/><G122/><T75/><D24/><U124/><E124/><V110/><F110/><W133/><G133/><T44/><D75/><U0/><E0/><AGARI ba="1,1" hai="0,6,10,18,22,27,121,123" m="8778,43049" machi="0" ten="30,12000,2" yaku="34,2,52,4" doraHai="19" who="3" fromWho="1" sc="308,0,240,-123,250,0,192,133" /><INIT seed="1,0,0,1,1,75" ten="308,117,250,325" oya="1" hai0="115,53,127,28,96,16,34,124,101,98,133,111,46" hai1="33,6,80,36,77,35,66,39,22,54,78,128,24" hai2="118,4,56,5,48,44,117,31,135,17,92,87,131" hai3="29,94,69,2,61,9,70,109,86,132,100,114,41"/><U11/><E128/><V8/><F135/><W37/><G114/><T64/><D115/><U51/><E66/><V32/><F131/><W104/><G132/><T10/><D133/><U108/><E108/><V43/><F32/><W63/><G109/><T14/><D111/><U89/><E35/><V83/><F31/><W20/><G104/><T123/><D123/><U125/><E33/><V95/><F117/><W3/><G41/><T47/><D64/><U72/><E125/><N who="0" m="48201" /><D53/><U19/><E89/><V57/><F17/><W49/><G37/><T50/><D50/><U62/><E62/><V90/><F118/><W55/><G29/><T15/><D15/><U38/><E80/><V73/><F4/><W12/><G12/><T0/><D0/><U30/><E72/><V71/><F71/><W116/><G116/><T67/><D67/><U110/><E30/><V25/><F25/><W74/><G74/><T59/><D59/><U27/><E27/><V23/><F23/><W112/><G20/><T84/><D84/><U121/><E121/><V18/><F73/><W26/><G86/><T1/><D1/><U113/><E113/><V129/><F129/><W7/><G26/><N who="0" m="18711" /><D96/><U103/><E110/><V79/><F18/><W106/><G2/><T52/><D52/><U119/><E119/><V134/><F134/><W40/><G112/><T81/><D81/><U120/><E120/><V42/><F42/><W126/><G40/><T82/><D82/><U21/><E21/><V99/><F95/><AGARI ba="0,0" hai="10,14,16,46,47,95,98,101" m="18711,48201" machi="95" ten="30,2000,0" yaku="18,1,54,1" doraHai="75" who="0" fromWho="2" sc="308,20,117,0,250,-20,325,0" /><INIT seed="2,0,0,1,3,127" ten="328,117,230,325" oya="2" hai0="119,15,76,8,67,3,16,17,123,14,0,38,11" hai1="18,104,78,50,59,65,112,103,100,126,79,29,42" hai2="120,58,107,48,7,62,98,20,61,10,32,109,41" hai3="46,96,30,94,4,77,60,80,133,66,83,33,111"/><V55/><F120/><W122/><G111/><T128/><D38/><U47/><E112/><V54/><F32/><W23/><G122/><T125/><D123/><U102/><E104/><V69/><F109/><W56/><G33/><T34/><D125/><U82/><E126/><V27/><F69/><W92/><G133/><T129/><D34/><U12/><E29/><V87/><F41/><W88/><G4/><T135/><D135/><U37/><E37/><V64/><F107/><W2/><G2/><T68/><D76/><U53/><E65/><V9/><F87/><W93/><G46/><T52/><D52/><U99/><E99/><V97/><F55/><W86/><G80/><T57/><D57/><U45/><E82/><V1/><F10/><W108/><G108/><T91/><D91/><U106/><E106/><V31/><F62/><W130/><G130/><N who="0" m="50283" /><D119/><U114/><E114/><V26/><F61/><AGARI ba="0,0" hai="0,3,8,11,14,15,16,17,61,67,68" m="50283" machi="61" ten="30,8000,1" yaku="19,1,52,3,54,1" doraHai="127" who="0" fromWho="2" sc="328,80,117,0,230,-80,325,0" /><INIT seed="3,0,0,3,5,94" ten="408,117,150,325" oya="3" hai0="72,97,58,25,36,133,9,2,76,109,103,88,17" hai1="106,7,19,123,65,125,131,38,73,42,115,3,110" hai2="32,27,69,37,93,20,95,78,104,81,4,117,49" hai3="22,6,50,29,85,114,135,35,121,24,118,53,74"/><W66/><G114/><T71/><D71/><U101/><E19/><V40/><F32/><W119/><G74/><T13/><D36/><U83/><E65/><V108/><F37/><W122/><G66/><T1/><D109/><U134/><E42/><V129/><F69/><W56/><G135/><T44/><D76/><U124/><E7/><V64/><F104/><W127/><G127/><N who="1" m="48714" /><E3/><V55/><F129/><W54/><G6/><T128/><D72/><U16/><E38/><V60/><F108/><W43/><G43/><T45/><D128/><U111/><E131/><V90/><F117/><W52/><G119/><T86/><D133/><U70/><E70/><V11/><F40/><W84/><G118/><T10/><D2/><U30/><E30/><V102/><F102/><W34/><G34/><T47/><D1/><U63/><E63/><V31/><F78/><W99/><G35/><T21/><D58/><U87/><E16/><V61/><F11/><W89/><G121/><T75/><D75/><U15/><E15/><V68/><F4/><W105/><G122/><T5/><D10/><U41/><E134/><V77/><F77/><W33/><G33/><T12/><D12/><U48/><E123/><V100/><F100/><N who="3" m="62623" /><G84/><T26/><D26/><U96/><E73/><V39/><F61/><W91/><G85/><T46/><D46/><N who="1" m="25679" /><E115/><V126/><F39/><W120/><G120/><T0/><D0/><U23/><E23/><V28/><F28/><W57/><G57/><T107/><D45/><U51/><E51/><V82/><F126/><W14/><G14/><T116/><D116/><RYUUKYOKU ba="0,0" sc="408,10,117,10,150,-30,325,10" hai0="5,9,13,17,21,25,44,47,86,88,97,103,107" hai1="83,87,96,101,106,110,111" hai3="22,24,29,50,52,53,54,56,89,91" /><INIT seed="3,1,0,2,5,6" ten="418,127,120,335" oya="3" hai0="70,30,109,83,75,131,12,69,47,18,122,87,60" hai1="51,95,89,91,35,25,112,57,49,101,63,113,29" hai2="115,71,105,84,81,32,124,99,34,77,43,133,97" hai3="125,68,64,27,92,74,130,129,21,127,56,119,107"/><W40/><G107/><T65/><D122/><U52/><E101/><V14/><F71/><W26/><G74/><T61/><D75/><U9/><E91/><V59/><F115/><W58/><G119/><T123/><D123/><U2/><E2/><V39/><F39/><W121/><G121/><T1/><D1/><U94/><E94/><V20/><F43/><W134/><G40/><T62/><D131/><N who="3" m="50185" /><G26/><T116/><D116/><U13/><E113/><V55/><F133/><W104/><G104/><T41/><D109/><U135/><E135/><V54/><F124/><N who="3" m="47691" /><G134/><T50/><D30/><U28/><E28/><V126/><F126/><W108/><G108/><T110/><D110/><U4/><E112/><V93/><F105/><W11/><G11/><T90/><D69/><U86/><AGARI ba="1,0" hai="4,9,13,25,29,35,49,51,52,57,63,86,89,95" machi="86" ten="20,5200,0" yaku="0,1,7,1,52,1,54,1" doraHai="6" who="1" fromWho="1" sc="418,-14,127,55,120,-14,335,-27" owari="404,50.4,182,-21.8,106,-39.4,308,10.8" /></mjloggm>