<mjloggm ver="2.3"><GO type="225" lobby="0"/><UN n0="%E7%89%B9%E6%9D%B1%E5%96%B0%E8%B5%A4%E9%80%9F" n1="%E7%AB%8B%E8%8A%B1%E9%9F%BF" n2="%E3%83%B4%E3%83%A0%EF%BC%99%E3%81%A6" n3="%E6%98%93%E5%88%A9%E8%96%A9%E4%BC%AF" dan="16,17,16,16" rate="2061.13,2183.45,2123.84,2078.61" sx="M,F,M,F"/><TAIKYOKU oya="0"/><INIT seed="0,0,0,0,5,120" ten="250,250,250,250" oya="0" hai0="15,82,73,100,44,79,21,99,122,108,36,123,29" hai1="9,86,16,105,72,48,109,111,76,59,98,51,131" hai2="84,103,117,101,34,104,135,19,114,58,96,53,4" hai3="5,106,128,38,42,35,112,107,88,102,26,32,55"/><T66/><D66/><U87/><E131/><V130/><F130/><W110/><G128/><T3/><D3/><U115/><E72/><V56/><F114/><W62/><G112/><T45/><D45/><U126/><E115/><V46/><F34/><W71/><G5/><T24/><D15/><N who="1" m="7279" /><E126/><V95/><F4/><W132/><G132/><T7/><D7/><U30/><E30/><V124/><F124/><W81/><G110/><N who="1" m="41994" /><E76/><V67/><F117/><W91/><G81/><T125/><D125/><U37/><E37/><V69/><F69/><W127/><G127/><T13/><D13/><U119/><E119/><V94/><F19/><W22/><G71/><T43/><REACH who="0" step="1"/><D108/><REACH who="0" ten="240,250,250,250" step="2"/><U63/><E48/><V8/><F135/><W85/><G38/><T134/><D134/><U18/><E51/><V1/><F1/><W0/><G0/><T93/><AGARI ba="0,1" hai="21,24,29,36,43,44,73,79,82,93,99,100,122,123" machi="93" ten="20,3900,0" yaku="1,1,0,1,7,1,53,0" doraHai="120" doraHaiUra="121" who="0" fromWho="0" sc="240,49,250,-13,250,-13,250,-13" /><INIT seed="0,1,0,3,3,49" ten="289,237,237,237" oya="0" hai0="107,112,135,106,100,60,93,123,13,3,86,79,24" hai1="98,45,69,40,0,134,111,52,116,47,50,19,59" hai2="133,104,130,128,18,34,101,105,127,75,68,56,64" hai3="2,120,88,96,12,16,31,23,90,38,108,125,71"/><T129/><D123/><U58/><E116/><V57/><F75/><W32/><G120/><T80/><D3/><U42/><E0/><V83/><F34/><W70/><G38/><T78/><D112/><U39/><E69/><V25/><F127/><W7/><G108/><T15/><D129/><N who="2" m="49770" /><F133/><W91/><G96/><T95/><D135/><U102/><E134/><V14/><F25/><N who="3" m="18543" /><G125/><T81/><D24/><U97/><E111/><V10/><F83/><N who="0" m="31818" /><D60/><U117/><E117/><V37/><F37/><W94/><G94/><N who="0" m="35851" /><D13/><U87/><E87/><V51/><F51/><W65/><G65/><T28/><D15/><U110/><E110/><V74/><F74/><W85/><G85/><T109/><D28/><U36/><E102/><V30/><F30/><W119/><G119/><T62/><D62/><U76/><E76/><N who="0" m="29225" /><D86/><U92/><E92/><V61/><F101/><W113/><G113/><T53/><D53/><U5/><E5/><V41/><F41/><W1/><G1/><T35/><D35/><U9/><E59/><AGARI ba="1,0" hai="10,14,18,56,57,59,61,64,68,104,105" m="49770" machi="59" ten="30,1000,0" yaku="19,1" doraHai="49" who="2" fromWho="1" sc="289,0,237,-13,237,13,237,0" /><INIT seed="1,0,0,2,2,36" ten="289,224,250,237" oya="1" hai0="13,79,135,58,129,34,25,5,85,0,132,62,125" hai1="87,74,91,7,126,82,102,115,3,96,4,92,121" hai2="16,18,17,64,28,57,81,109,31,130,50,52,10" hai3="27,45,106,2,6,117,77,69,127,122,97,68,131"/><U32/><E121/><V124/><F109/><W107/><G122/><T72/><D129/><U112/><E32/><V33/><F130/><W38/><G131/><T128/><D128/><U15/><E3/><V100/><F124/><W59/><G59/><T80/><D125/><U111/><E126/><V51/><F100/><W66/><G117/><T40/><D0/><U49/><E111/><V105/><F105/><W53/><G53/><T118/><D118/><U71/><E71/><V9/><F64/><W23/><G23/><T63/><D72/><U46/><E74/><V14/><F33/><W42/><G27/><T67/><D62/><U120/><E120/><V95/><F95/><W88/><G127/><T8/><D40/><U99/><E99/><V1/><F81/><W83/><G88/><T35/><REACH who="0" step="1"/><D25/><REACH who="0" ten="279,224,250,237" step="2"/><U98/><E15/><N who="2" m="7279" /><F1/><W116/><G116/><T94/><D94/><U78/><E115/><V123/><F123/><W44/><G107/><T21/><D21/><U133/><E112/><V26/><F50/><W89/><G106/><T54/><D54/><U113/><E113/><V65/><F65/><W29/><G2/><T108/><D108/><U37/><E37/><V104/><F104/><W12/><G66/><T70/><D70/><U114/><E114/><V119/><F119/><W101/><G69/><T60/><D60/><U20/><E20/><AGARI ba="0,1" hai="10,14,17,18,20,26,28,31,51,52,57" m="7279" machi="20" ten="30,3900,0" yaku="8,1,54,2" doraHai="36" who="2" fromWho="1" sc="279,0,224,-39,250,49,237,0" /><INIT seed="2,0,0,3,1,7" ten="279,185,299,237" oya="2" hai0="111,91,15,73,37,129,45,0,39,84,50,57,88" hai1="53,21,20,58,118,116,18,60,47,69,82,101,54" hai2="16,72,81,106,13,78,126,110,92,44,99,46,35" hai3="43,61,3,9,55,85,98,62,120,30,74,10,125"/><V31/><F126/><W29/><G74/><T105/><D0/><U75/><E69/><V109/><F106/><W119/><G120/><T95/><D73/><U38/><E101/><V114/><F114/><W33/><G119/><T6/><D105/><U135/><E135/><V48/><F31/><N who="3" m="11787" /><G3/><T128/><D111/><N who="2" m="42506" /><F35/><W25/><G33/><T103/><D57/><U79/><E21/><N who="2" m="11407" /><F48/><W32/><G32/><T89/><D37/><U14/><E38/><V121/><F121/><W67/><G43/><T134/><D39/><U65/><REACH who="1" step="1"/><E47/><REACH who="1" ten="279,175,299,237" step="2"/><V42/><F42/><W123/><G123/><T34/><D45/><U131/><E131/><V12/><F12/><W2/><G2/><T40/><D40/><U19/><E19/><V63/><F63/><W36/><G36/><T87/><D128/><U117/><AGARI ba="0,1" hai="14,18,20,53,54,58,60,65,75,79,82,116,117,118" machi="117" ten="30,2000,0" yaku="1,1,0,1,53,0" doraHai="7" doraHaiUra="4" who="1" fromWho="1" sc="279,-5,175,30,299,-10,237,-5" /><INIT seed="3,0,0,4,4,11" ten="274,205,289,232" oya="3" hai0="119,129,91,16,29,97,110,74,101,84,135,94,99" hai1="52,66,88,50,28,6,116,61,9,5,33,7,109" hai2="65,63,17,89,22,38,115,42,79,131,49,105,83" hai3="58,41,95,130,117,76,1,10,59,132,85,70,90"/><W31/><G117/><T122/><D29/><U8/><E116/><V2/><F115/><W113/><G113/><T111/><D119/><U48/><E109/><N who="0" m="41481" /><D74/><U120/><E120/><V102/><F2/><W93/><G70/><T47/><D122/><U15/><E33/><V121/><F121/><W40/><G76/><T86/><D47/><N who="1" m="27679" /><E28/><V54/><F89/><W126/><G126/><T18/><D129/><U23/><E50/><V34/><F34/><W78/><G78/><T36/><D36/><U124/><E124/><V45/><F131/><W100/><G31/><T71/><D71/><U104/><E104/><V12/><F105/><W57/><G130/><T92/><D135/><U75/><E75/><V134/><F134/><W51/><G132/><T64/><D64/><U44/><E44/><V4/><F4/><N who="1" m="1025" /><U127/><DORA hai="98" /><E127/><V80/><F79/><W26/><G1/><T24/><D18/><N who="1" m="10719" /><E88/><V46/><F102/><W43/><G26/><T37/><D37/><U27/><E27/><V68/><AGARI ba="0,0" hai="12,17,22,38,42,45,46,49,54,63,65,68,80,83" machi="68" ten="20,2700,0" yaku="0,1,7,1,52,1" doraHai="11,98" who="2" fromWho="2" sc="274,-7,205,-7,289,27,232,-13" owari="267,6.7,198,-30.2,316,41.6,219,-18.1" /></mjloggm>