<mjloggm ver="2.3"><GO type="225" lobby="0"/><UN n0="%E3%81%93%E3%81%91%E6%A4%8D%E7%89%A9" n1="%E3%81%B5%E3%81%98%E3%81%8B%E3%81%A4" n2="%E3%83%89%E3%83%A9%E3%81%8F%E3%82%8C" n3="%E3%82%BC%E3%83%AB%E3%83%80%E3%81%AE%E4%BC%9D%E8%AA%AC" dan="16,16,17,18" rate="2111.45,2150.33,2202.37,2235.78" sx="M,M,M,M"/><TAIKYOKU oya="0"/><INIT seed="0,0,0,3,2,35" ten="250,250,250,250" oya="0" hai0="132,36,33,14,72,78,84,56,79,37,57,110,75" hai1="112,95,90,124,91,45,103,38,12,87,83,130,40" hai2="113,115,127,26,10,41,92,13,73,7,62,129,102" hai3="55,126,81,125,51,64,18,120,65,66,117,104,15"/><T4/><D33/><U97/><E124/><N who="3" m="47722" /><G117/><T63/><D132/><U32/><E130/><V19/><F73/><W0/><G120/><T21/><D4/><U1/><E112/><V16/><F127/><W20/><G104/><T29/><D29/><U5/><E32/><V39/><F129/><W52/><G0/><T47/><D84/><U80/><E12/><V42/><F115/><W107/><G107/><T119/><D63/><U49/><E38/><V22/><F113/><W58/><G55/><T6/><D6/><U96/><E83/><AGARI ba="0,0" hai="15,18,20,51,52,58,64,65,66,81,83" m="47722" machi="83" ten="30,2000,0" yaku="18,1,54,1" doraHai="35" who="3" fromWho="1" sc="250,0,250,-20,250,0,250,20" /><INIT seed="1,0,0,0,3,10" ten="250,230,250,270" oya="1" hai0="52,92,72,4,39,48,96,65,117,51,102,69,60" hai1="41,38,135,81,132,115,113,37,50,73,34,28,122" hai2="90,109,53,17,36,11,126,26,85,27,82,19,100" hai3="56,88,47,5,118,46,0,2,15,45,125,13,40"/><U21/><E73/><V59/><F36/><N who="1" m="13929" /><E21/><V30/><F126/><W133/><G40/><T9/><D39/><U75/><E81/><V71/><F109/><W80/><G125/><T98/><D72/><U123/><E75/><V105/><F71/><W89/><G56/><T44/><D117/><U7/><E7/><V1/><F105/><W93/><G133/><N who="1" m="51274" /><E28/><V33/><F100/><W114/><G114/><N who="1" m="43530" /><E34/><V24/><F19/><W129/><G118/><T32/><D32/><U119/><E119/><V78/><F78/><W76/><G129/><T128/><D128/><U103/><E103/><V84/><F84/><W104/><G104/><T20/><D20/><U74/><E74/><V97/><F97/><W23/><G23/><T121/><D121/><N who="1" m="46091" /><E50/><V22/><F33/><W131/><G5/><T14/><D51/><U107/><E107/><V57/><F1/><W16/><G76/><T12/><REACH who="0" step="1"/><D96/><REACH who="0" ten="240,230,250,270" step="2"/><U6/><E6/><V43/><F22/><W31/><G131/><T58/><D58/><U112/><E112/><V124/><F59/><W110/><G31/><T49/><D49/><U54/><E54/><V120/><F30/><W42/><G2/><AGARI ba="0,1" hai="2,4,9,12,14,44,48,52,60,65,69,92,98,102" machi="2" ten="30,12000,2" yaku="1,1,7,1,52,2,54,1,53,1" doraHai="10" doraHaiUra="62" who="0" fromWho="3" sc="240,130,230,0,250,0,270,-120" /><INIT seed="2,0,0,2,5,17" ten="370,230,250,150" oya="2" hai0="51,43,15,104,53,39,94,37,109,62,107,32,72" hai1="130,2,26,54,48,99,27,69,114,9,52,100,38" hai2="87,84,131,79,14,83,75,111,19,133,135,45,98" hai3="74,92,0,33,22,86,129,70,91,81,112,60,108"/><V40/><F131/><W28/><G108/><T125/><D32/><U93/><E114/><V10/><F111/><W46/><G129/><T103/><D72/><U16/><E130/><V65/><F65/><W101/><G0/><T56/><D109/><U7/><E69/><V59/><F59/><W30/><G112/><T47/><D125/><U61/><E38/><V49/><REACH who="2" step="1"/><F98/><REACH who="2" ten="370,230,240,150" step="2"/><W6/><G70/><T3/><D56/><U23/><E61/><V115/><F115/><W24/><G60/><T67/><D62/><U116/><E116/><V134/><AGARI ba="0,1" hai="10,14,19,40,45,49,75,79,83,84,87,133,134,135" machi="134" ten="30,11700,0" yaku="1,1,0,1,20,1,53,1" doraHai="17" doraHaiUra="106" who="2" fromWho="2" sc="370,-39,230,-39,240,127,150,-39" /><INIT seed="2,1,0,0,2,128" ten="331,191,367,111" oya="2" hai0="27,113,135,7,65,124,133,24,50,78,10,75,122" hai1="53,100,120,94,26,30,44,116,31,13,15,2,90" hai2="126,18,130,48,37,101,51,22,46,91,95,5,127" hai3="33,69,57,38,112,41,92,68,0,84,40,93,20"/><V19/><F130/><W6/><G33/><T58/><D122/><U4/><E116/><V102/><F5/><W118/><G118/><T99/><D113/><U59/><E100/><V36/><F91/><W43/><G38/><T110/><D124/><U125/><E125/><V34/><F22/><W132/><G112/><T9/><D110/><U49/><E120/><V12/><F12/><W109/><G20/><T108/><D108/><U39/><E2/><V61/><F61/><W115/><G115/><T56/><D99/><U86/><E4/><V121/><F95/><W111/><G57/><T63/><D75/><U28/><E26/><V77/><F77/><W72/><G40/><T66/><D78/><U8/><E8/><V123/><REACH who="2" step="1"/><F46/><REACH who="2" ten="331,191,357,111" step="2"/><W83/><G6/><T104/><D7/><U64/><E39/><V82/><F82/><W96/><G83/><T79/><D79/><U129/><E129/><V17/><F17/><W73/><G0/><T114/><D114/><U85/><E85/><V55/><F55/><W80/><G80/><T11/><D50/><N who="1" m="31159" /><E64/><V97/><F97/><W16/><G96/><T32/><D66/><U52/><AGARI ba="1,1" hai="13,15,28,30,31,44,49,52,86,90,94" m="31159" machi="52" ten="30,2000,0" yaku="8,1,54,1" doraHai="128" who="1" fromWho="1" sc="331,-6,191,33,357,-11,111,-6" /><INIT seed="3,0,0,1,0,114" ten="325,224,346,105" oya="3" hai0="18,43,6,71,41,116,119,28,133,134,93,84,108" hai1="129,48,52,76,112,35,1,79,72,98,31,81,80" hai2="86,100,22,27,92,42,111,105,25,103,46,99,37" hai3="69,65,20,70,61,91,5,45,120,60,7,30,68"/><W62/><G120/><T26/><D71/><U107/><E129/><V127/><F111/><W0/><G0/><T50/><D6/><U38/><E38/><V122/><F122/><W34/><G34/><T74/><D74/><U104/><E1/><V47/><F127/><W88/><G45/><N who="0" m="25903" /><D18/><U33/><E112/><V121/><F121/><W16/><G30/><T95/><D108/><U56/><E98/><V123/><F123/><W54/><G54/><T8/><D8/><U63/><E35/><V90/><F103/><W102/><G102/><T124/><D93/><U117/><E117/><V73/><F73/><W14/><REACH who="3" step="1"/><G65/><REACH who="3" ten="325,224,346,95" step="2"/><T113/><D113/><U39/><E31/><V13/><F47/><W89/><AGARI ba="0,1" hai="5,7,14,16,20,60,61,62,68,69,70,88,89,91" machi="89" ten="40,18000,2" yaku="1,1,2,1,0,1,29,2,54,2,53,0" doraHai="114" doraHaiUra="55" who="3" fromWho="3" sc="325,-60,224,-60,346,-60,95,190" /><INIT seed="3,1,0,5,3,111" ten="265,164,286,285" oya="3" hai0="54,55,119,11,81,131,33,101,37,72,53,105,68" hai1="97,63,135,24,107,113,6,28,38,117,26,89,7" hai2="66,36,86,109,20,14,27,9,79,132,22,128,94" hai3="96,50,23,82,3,123,4,64,85,126,32,93,108"/><W130/><G123/><T2/><D33/><U62/><E38/><V16/><F109/><W115/><G32/><T95/><D105/><U125/><E107/><V13/><F36/><W134/><G115/><T91/><D68/><U47/><E47/><V30/><F128/><W46/><G108/><T75/><D37/><U122/><E122/><V80/><F132/><W1/><G134/><T0/><D119/><U42/><E135/><V102/><F66/><W35/><G35/><T74/><D131/><U15/><E117/><V10/><F14/><W100/><G130/><T69/><D69/><U60/><E42/><V45/><F45/><W57/><G126/><T133/><D133/><U25/><E125/><V78/><F78/><W88/><G4/><N who="1" m="1578" /><E113/><V90/><F102/><W114/><G114/><T12/><D81/><U104/><E104/><V118/><F118/><W76/><G23/><T58/><D101/><U41/><E41/><V87/><AGARI ba="1,0" hai="9,10,13,16,20,22,27,30,79,80,86,87,90,94" machi="87" ten="20,5200,0" yaku="0,1,7,1,8,1,54,1" doraHai="111" who="2" fromWho="2" sc="265,-14,164,-14,286,55,285,-27" owari="251,-14.9,150,-35.0,341,44.1,258,5.8" /></mjloggm>