<mjloggm ver="2.3"><GO type="225" lobby="0"/><UN n0="%E6%B8%A9%E2%98%85%E6%83%85%E2%98%85%E6%8E%AA%E2%98%85%E7%BD%AE" n1="%E3%81%99%E3%81%84%E3%81%BE%E3%81%9B%E3%83%BC%E3%82%93" n2="%E3%82%B7%E3%83%B3%E5%A4%AA%E6%9C%97" n3="%E3%82%B2%E3%82%B9%E8%8C%82%E5%8B%9D" dan="17,17,16,16" rate="2261.72,2245.67,2168.30,2090.25" sx="M,M,M,F"/><TAIKYOKU oya="0"/><INIT seed="0,0,0,2,4,1" ten="250,250,250,250" oya="0" hai0="54,111,89,19,33,114,60,86,41,26,69,103,71" hai1="42,45,31,5,90,55,57,82,126,127,4,12,23" hai2="129,21,113,44,25,51,123,68,95,13,119,97,130" hai3="77,50,37,48,87,35,17,16,58,132,99,96,67"/><T120/><D120/><U131/><E131/><N who="2" m="50187" /><F123/><W135/><G35/><T93/><D114/><U14/><E90/><N who="2" m="55543" /><F68/><W47/><G37/><T64/><D111/><U76/><E31/><N who="2" m="17839" /><F119/><W18/><G87/><T94/><D71/><U56/><E23/><V20/><F113/><W39/><G77/><T3/><D41/><U30/><E30/><V116/><F116/><W81/><G81/><T34/><D54/><U98/><E98/><V46/><F51/><W88/><G39/><T108/><D108/><U134/><E134/><N who="3" m="51242" /><G99/><T133/><D133/><U8/><E82/><V61/><F61/><N who="3" m="38327" /><G47/><T92/><D34/><U107/><E76/><V6/><F20/><W27/><G27/><T53/><D26/><U102/><E45/><V122/><F122/><W22/><G22/><T72/><D33/><U91/><E57/><V128/><N who="2" m="50195" /><V80/><DORA hai="75" /><F80/><W36/><G36/><T49/><D69/><U79/><E56/><V124/><F124/><W84/><G96/><T43/><D103/><U11/><E102/><V78/><F78/><W106/><G106/><T109/><D109/><U118/><E107/><V24/><F24/><W110/><G110/><T104/><D104/><U0/><E79/><V105/><F105/><W112/><G112/><T125/><D125/><U100/><E100/><V101/><F101/><W9/><G48/><T15/><D49/><U74/><E118/><V73/><F73/><W83/><G50/><T28/><D72/><U52/><E74/><V121/><F121/><W10/><AGARI ba="0,0" hai="9,10,16,17,18,83,84,88" m="38327,51242" machi="10" ten="40,5200,0" yaku="20,1,54,2" doraHai="1,75" who="3" fromWho="3" sc="250,-26,250,-13,250,-13,250,52" /><INIT seed="1,0,0,5,3,82" ten="224,237,237,302" oya="1" hai0="5,52,20,126,13,11,15,4,2,124,50,121,96" hai1="86,35,23,34,111,7,100,87,93,108,46,60,101" hai2="62,24,8,135,84,43,81,58,103,64,118,125,113" hai3="112,134,99,85,47,33,79,75,107,22,133,41,104"/><U37/><E7/><V42/><F135/><N who="3" m="51723" /><G33/><N who="1" m="12298" /><E60/><V72/><F125/><N who="0" m="48234" /><D121/><U6/><E6/><V16/><F72/><W80/><G112/><T1/><D96/><N who="1" m="59407" /><E101/><V109/><F118/><W71/><G71/><T9/><D20/><U117/><E117/><V36/><F113/><W89/><G22/><T110/><D110/><N who="1" m="42027" /><E23/><N who="2" m="13415" /><F36/><N who="3" m="21927" /><G99/><T39/><D39/><U3/><E3/><V70/><F109/><W123/><G123/><T73/><D73/><U77/><E77/><N who="2" m="46127" /><F70/><W30/><G30/><T32/><D32/><U27/><E27/><V106/><F106/><W94/><AGARI ba="0,0" hai="75,79,80,85,89,94,104,107" m="21927,51723" machi="94" ten="30,2000,0" yaku="20,1,52,1" doraHai="82" who="3" fromWho="3" sc="224,-5,237,-10,237,-5,302,20" /><INIT seed="2,0,0,1,1,86" ten="219,227,232,322" oya="2" hai0="91,66,45,81,38,85,36,117,123,125,39,22,78" hai1="101,103,23,34,124,24,67,116,115,28,95,51,73" hai2="55,18,2,58,74,56,64,17,29,44,72,19,92" hai3="68,52,102,96,79,111,114,89,84,120,30,135,104"/><V5/><F29/><W133/><G120/><T9/><D123/><U53/><E115/><V57/><F64/><W130/><G130/><T15/><D125/><U109/><E116/><V98/><F2/><W77/><G68/><T49/><D117/><U65/><E73/><V48/><REACH who="2" step="1"/><F5/><REACH who="2" ten="219,227,222,322" step="2"/><W59/><G114/><T83/><D66/><U75/><E67/><V50/><F50/><N who="3" m="31127" /><G30/><T61/><D61/><U71/><E28/><V99/><F99/><W80/><G111/><T37/><D37/><U26/><E109/><V31/><F31/><W35/><G35/><T6/><D22/><U42/><E23/><V21/><F21/><W131/><G131/><T3/><D3/><U119/><E34/><V43/><F43/><W12/><G12/><T54/><REACH who="0" step="1"/><D39/><REACH who="0" ten="209,227,222,322" step="2"/><U127/><E127/><V112/><F112/><W97/><G97/><T70/><D70/><U14/><E124/><V41/><F41/><W105/><G105/><T7/><D7/><U107/><E42/><V100/><AGARI ba="0,2" hai="17,18,19,44,48,55,56,57,58,72,74,92,98,100" machi="100" ten="30,3000,0" yaku="1,1,0,1,53,0" doraHai="86" doraHaiUra="121" who="2" fromWho="2" sc="209,-10,227,-10,222,50,322,-10" /><INIT seed="2,1,0,4,5,124" ten="199,217,272,312" oya="2" hai0="98,16,97,113,134,109,3,39,132,80,65,18,0" hai1="48,83,5,46,64,114,57,95,35,90,23,40,6" hai2="28,96,10,31,51,117,121,54,21,129,93,67,47" hai3="26,84,27,128,38,14,77,17,50,70,34,107,9"/><V2/><F121/><W32/><G38/><T73/><D113/><U88/><E35/><N who="3" m="13354" /><G50/><T118/><D118/><U52/><E64/><V81/><F117/><W74/><G70/><T1/><D39/><U102/><E114/><V111/><F111/><W108/><G84/><T110/><D65/><U55/><E23/><V75/><F67/><W89/><G89/><N who="1" m="34410" /><E83/><V87/><F75/><W115/><G77/><T58/><D58/><U91/><E102/><V13/><F2/><W59/><G59/><T127/><D127/><U24/><E24/><N who="3" m="9258" /><G107/><T78/><D98/><N who="1" m="57727" /><E40/><V79/><F21/><N who="3" m="11447" /><G74/><T119/><D97/><U30/><E30/><V4/><F31/><W101/><G101/><T62/><D119/><U130/><E130/><V82/><F28/><W56/><G56/><T125/><D125/><U131/><E131/><V120/><F129/><W112/><G108/><N who="0" m="41579" /><D62/><AGARI ba="1,0" hai="5,6,46,48,52,55,57,62" m="57727,34410" machi="62" ten="30,3900,0" yaku="8,1,54,2" doraHai="124" who="1" fromWho="0" sc="199,-42,217,42,272,0,312,0" /><INIT seed="3,0,0,0,5,135" ten="157,259,272,312" oya="3" hai0="1,108,134,91,106,80,107,42,128,85,18,64,92" hai1="13,57,40,4,116,123,90,61,21,79,11,88,102" hai2="5,49,72,24,62,55,23,77,131,129,97,52,109" hai3="87,127,34,37,16,115,121,125,114,39,51,120,54"/><W111/><G34/><T7/><D134/><U35/><E35/><V0/><F109/><W27/><G87/><T19/><D108/><U2/><E123/><N who="3" m="47178" /><G16/><T43/><D128/><U44/><E102/><V3/><F77/><W10/><G10/><T99/><D64/><U69/><E69/><V124/><F62/><W81/><G81/><T130/><D130/><U117/><E79/><V100/><F55/><W38/><G27/><T50/><D107/><U103/><E103/><V83/><F124/><N who="3" m="47691" /><G111/><T36/><D36/><U59/><E21/><V26/><F26/><W65/><G65/><T25/><D106/><U63/><E11/><V110/><F23/><W29/><G29/><T53/><D7/><U126/><E4/><V122/><F24/><W119/><G119/><T41/><D1/><U73/><E2/><V93/><F0/><W94/><G94/><T33/><D33/><U14/><E126/><V71/><F110/><W15/><G15/><T30/><D30/><U96/><E13/><V22/><F3/><W48/><G48/><T105/><D105/><U67/><E14/><V31/><F49/><W60/><G60/><T56/><REACH who="0" step="1"/><D25/><REACH who="0" ten="147,259,272,312" step="2"/><U133/><E133/><V45/><F31/><W98/><G39/><T46/><D46/><U17/><E44/><V89/><F45/><W8/><G38/><T68/><D68/><U118/><E67/><V104/><F71/><W28/><G28/><T113/><D113/><U32/><E118/><V76/><F129/><W78/><G37/><T84/><D84/><U74/><E117/><V112/><F131/><W20/><G114/><RYUUKYOKU ba="0,1" sc="147,30,259,-10,272,-10,312,-10" hai0="18,19,41,42,43,50,53,56,80,85,91,92,99" owari="177,-32.3,249,-15.1,262,6.2,312,41.2" /></mjloggm>