<mjloggm ver="2.3"><GO type="225" lobby="0"/><UN n0="%73%6C%69%63%6B%33%31%39" n1="%E3%81%BE%E3%81%A8%E3%81%9F" n2="%E9%89%A2%E5%B7%BB%E3%82%AC%E3%83%96" n3="%E3%81%A0%E3%81%8A" dan="16,16,16,16" rate="2187.35,2172.56,2065.57,2023.66" sx="M,M,M,M"/><TAIKYOKU oya="0"/><INIT seed="0,0,0,5,4,7" ten="250,250,250,250" oya="0" hai0="30,95,118,58,25,60,88,38,74,69,132,72,12" hai1="73,59,100,87,115,76,49,1,94,46,31,84,89" hai2="121,3,107,43,24,133,70,82,97,102,41,98,92" hai3="134,56,111,39,112,21,90,128,26,6,116,99,29"/><T91/><D118/><U9/><E115/><V104/><F121/><W135/><G112/><T14/><D38/><U37/><E100/><V54/><F70/><W20/><G116/><T126/><D69/><U106/><E106/><V80/><F3/><W42/><G111/><T119/><D119/><U129/><E31/><V5/><F5/><W81/><G128/><T125/><D132/><N who="3" m="50729" /><G6/><T108/><D108/><U78/><E73/><V27/><F133/><W13/><G56/><T85/><D74/><U103/><E103/><V122/><F102/><W51/><G39/><T28/><D72/><U75/><E59/><V4/><F4/><W32/><G13/><N who="0" m="5227" /><D25/><U120/><E37/><V113/><F92/><N who="3" m="56727" /><G81/><N who="0" m="49199" /><D126/><U44/><E1/><V83/><F83/><W96/><G96/><N who="0" m="57471" /><D125/><U22/><E129/><V77/><F113/><W117/><G117/><T67/><AGARI ba="0,0" hai="28,30,58,60,67" m="57471,49199,5227" machi="67" ten="30,3000,0" yaku="8,1,54,1" doraHai="7" who="0" fromWho="0" sc="250,30,250,-10,250,-10,250,-10" /><INIT seed="0,1,0,4,3,10" ten="280,240,240,240" oya="0" hai0="32,100,56,72,115,124,0,71,68,53,125,98,83" hai1="104,31,64,1,105,79,13,23,73,20,111,74,94" hai2="87,86,37,58,36,91,93,17,95,85,81,97,63" hai3="123,134,126,61,14,122,76,34,18,24,26,46,70"/><T120/><D32/><U109/><E1/><V47/><F93/><W55/><G126/><N who="0" m="48747" /><D115/><U40/><E64/><V117/><F117/><W28/><G134/><T106/><D0/><U119/><E40/><V21/><F47/><W129/><G76/><N who="0" m="44423" /><D120/><U110/><E119/><V108/><F108/><W65/><G129/><T130/><D130/><U92/><E31/><V2/><F2/><W43/><G55/><T128/><D128/><U66/><E66/><V112/><F112/><W114/><G24/><T89/><D89/><U8/><E79/><V132/><F132/><W80/><G80/><T49/><AGARI ba="1,0" hai="49,53,56,68,71,98,100,106" m="44423,48747" machi="49" ten="30,1500,0" yaku="18,1" doraHai="10" who="0" fromWho="0" sc="280,18,240,-6,240,-6,240,-6" /><INIT seed="0,2,0,2,5,9" ten="298,234,234,234" oya="0" hai0="113,8,77,22,30,105,90,134,17,51,29,112,13" hai1="128,63,54,72,50,6,74,68,99,33,28,107,56" hai2="92,88,129,41,2,91,84,57,65,103,34,23,101" hai3="123,79,18,114,80,85,97,66,0,86,47,61,75"/><T125/><D105/><U16/><E6/><V96/><F34/><W7/><G114/><T108/><D77/><U89/><E128/><V94/><F129/><W42/><G123/><T87/><D125/><U126/><E126/><V64/><F2/><W35/><G35/><T104/><D104/><U83/><E28/><V49/><F23/><W100/><G7/><T48/><D134/><U31/><E83/><V37/><F37/><W1/><G18/><N who="0" m="8487" /><D113/><U70/><E70/><V130/><F130/><W12/><G12/><N who="0" m="9511" /><D108/><U120/><E74/><V78/><F78/><W32/><G32/><T67/><D67/><N who="2" m="25674" /><F57/><W115/><G115/><T62/><D62/><U131/><E63/><V111/><F111/><W39/><G85/><T24/><D112/><U81/><E72/><V53/><F53/><W117/><G86/><T127/><D127/><U95/><E68/><V109/><F109/><W135/><G117/><T44/><D24/><U14/><E120/><V5/><F5/><W76/><G76/><T19/><D19/><U20/><E107/><V3/><F3/><W38/><G38/><T73/><D73/><U60/><E131/><V71/><F71/><N who="3" m="42447" /><G135/><T26/><D26/><U45/><E33/><V4/><F4/><W15/><G0/><T110/><D110/><U25/><E25/><V82/><F82/><W58/><G1/><T133/><D133/><U11/><E81/><V98/><F84/><W102/><G80/><N who="0" m="49511" /><D51/><U122/><E122/><V124/><F124/><W132/><G132/><T55/><AGARI ba="2,0" hai="29,30,44,48,55" m="49511,9511,8487" machi="55" ten="30,11700,0" yaku="25,1,8,1,52,2" doraHai="9" who="0" fromWho="0" sc="298,123,234,-41,234,-41,234,-41" /><INIT seed="0,3,0,3,4,32" ten="421,193,193,193" oya="0" hai0="106,4,115,17,101,0,79,65,39,25,110,98,33" hai1="93,94,16,119,26,132,24,37,118,121,1,50,29" hai2="97,120,68,45,126,60,66,114,64,108,81,31,9" hai3="19,84,107,11,91,69,38,34,20,14,21,85,73"/><T78/><D115/><U124/><E37/><V83/><F120/><W105/><G73/><T30/><D39/><U23/><E121/><V89/><F114/><W55/><G69/><T116/><D116/><U128/><E132/><V87/><F108/><W5/><G34/><T90/><D110/><U18/><E128/><V70/><F126/><W77/><G38/><T13/><D90/><U62/><E124/><V10/><F31/><W92/><G77/><T43/><D43/><U56/><E1/><V59/><F45/><W12/><G21/><N who="0" m="11439" /><D65/><U3/><E3/><V113/><F113/><W74/><G74/><T72/><D72/><U52/><E118/><V41/><F41/><W88/><REACH who="3" step="1"/><G55/><REACH who="3" ten="421,193,193,183" step="2"/><T49/><D79/><U2/><E119/><V82/><F70/><W100/><G100/><T8/><D78/><U112/><E112/><V54/><F68/><W131/><G131/><T109/><D109/><U103/><E103/><V123/><F123/><W75/><G75/><T129/><D129/><U57/><E29/><V63/><F10/><W27/><G27/><T76/><D76/><U47/><E26/><V40/><F9/><W6/><G6/><T46/><D33/><U15/><E24/><V35/><F35/><W133/><G133/><T80/><D25/><U96/><E52/><V71/><F40/><W22/><G22/><T99/><D30/><U58/><E23/><V134/><F134/><W36/><G36/><T28/><D28/><U53/><E53/><V122/><F122/><W135/><G135/><T111/><D111/><U86/><E18/><V42/><F54/><RYUUKYOKU ba="3,1" sc="421,-10,193,-10,193,-10,183,30" hai3="5,11,12,14,19,20,84,85,88,91,92,105,107" /><INIT seed="1,4,1,4,0,107" ten="411,183,183,213" oya="1" hai0="127,42,95,51,16,18,98,73,32,106,125,13,6" hai1="12,33,19,14,112,126,17,86,8,21,110,134,67" hai2="39,27,10,52,72,11,80,77,60,96,135,64,66" hai3="120,94,133,7,108,82,15,59,1,101,61,31,58"/><U129/><E112/><V0/><F39/><W23/><G120/><T88/><D73/><U118/><E118/><V132/><F27/><W28/><G1/><T76/><D76/><U115/><E115/><V102/><F10/><W109/><G133/><N who="2" m="51273" /><F11/><N who="3" m="4607" /><G82/><T78/><D78/><U131/><E134/><V114/><F0/><W74/><G74/><T85/><D32/><U111/><E86/><V57/><F114/><W5/><G5/><T84/><D6/><N who="1" m="3095" /><E67/><V93/><AGARI ba="4,1" hai="52,57,60,64,66,72,77,80,93,96,102" m="51273" machi="93" ten="30,4000,0" yaku="20,1,52,1,54,1" doraHai="107" who="2" fromWho="2" sc="411,-14,183,-24,183,62,213,-14" /><INIT seed="2,0,0,0,0,108" ten="397,159,245,199" oya="2" hai0="72,118,49,4,64,31,23,120,99,10,75,83,62" hai1="28,84,48,133,110,135,125,130,12,51,24,15,60" hai2="88,97,5,104,82,43,106,68,123,121,79,85,22" hai3="100,80,96,41,94,105,76,70,132,67,29,3,26"/><V61/><F43/><W116/><G116/><T102/><D120/><U69/><E110/><V134/><F5/><W33/><G132/><T6/><D118/><U119/><E119/><V53/><F134/><W21/><G3/><T36/><D36/><U45/><E125/><V38/><F38/><W115/><G41/><T73/><D83/><U112/><E130/><V107/><F22/><W122/><G122/><T127/><D127/><U18/><E84/><V95/><F53/><W81/><G81/><T113/><D113/><U8/><E69/><V19/><F19/><W39/><G39/><T71/><D49/><U55/><E60/><V32/><F32/><W91/><G115/><T56/><D23/><U1/><E1/><V109/><REACH who="2" step="1"/><F109/><REACH who="2" ten="397,159,235,199" step="2"/><W54/><G33/><T86/><D31/><U0/><E112/><V74/><F74/><W126/><G54/><T124/><D73/><U89/><E133/><V92/><F92/><W98/><G94/><T131/><D72/><U7/><E135/><V9/><F9/><W111/><G111/><T101/><D10/><U87/><E18/><V13/><F13/><W35/><G35/><T17/><D75/><U65/><E65/><AGARI ba="0,1" hai="61,65,68,79,82,85,88,95,97,104,106,107,121,123" machi="65" ten="40,7700,0" yaku="1,1,54,1,53,1" doraHai="108" doraHaiUra="57" who="2" fromWho="1" sc="397,0,159,-77,235,87,199,0" /><INIT seed="2,1,0,1,3,109" ten="397,82,322,199" oya="2" hai0="117,20,50,118,82,5,94,108,78,23,84,74,87" hai1="65,36,71,132,40,97,124,128,49,122,104,55,66" hai2="85,27,18,61,39,127,100,96,58,26,90,0,29" hai3="115,25,120,57,37,33,99,114,35,8,10,2,1"/><V3/><F39/><W88/><G37/><T53/><D108/><U135/><E97/><V28/><F18/><W119/><G57/><T121/><D5/><U14/><E14/><V59/><F90/><W130/><G119/><N who="0" m="45579" /><D121/><U81/><E81/><V125/><F85/><N who="0" m="32842" /><D94/><U42/><E104/><V9/><F9/><N who="3" m="3691" /><G88/><T110/><D110/><U98/><E98/><V129/><F96/><W105/><G99/><T19/><D19/><U95/><E95/><V133/><F61/><W43/><G43/><T17/><D17/><U86/><E86/><V72/><F72/><W22/><G105/><T116/><N who="0" m="45587" /><T69/><DORA hai="112" /><D69/><U24/><E24/><V48/><F48/><W107/><G130/><T91/><D91/><U30/><E30/><V123/><F129/><W75/><G107/><T6/><D6/><U7/><E7/><V73/><F73/><W21/><G75/><T106/><D106/><U92/><E92/><V67/><F123/><W51/><G120/><T13/><D13/><U32/><E122/><V134/><REACH who="2" step="1"/><F67/><REACH who="2" ten="397,82,312,199" step="2"/><W111/><G111/><T46/><AGARI ba="1,1" hai="20,23,46,50,53,74,78,82" m="32842,45587" machi="46" ten="40,8000,1" yaku="12,1,52,4" doraHai="109,112" who="0" fromWho="0" sc="397,93,82,-21,312,-41,199,-21" /><INIT seed="3,0,0,5,5,116" ten="490,61,271,178" oya="3" hai0="62,122,126,130,13,97,8,39,27,28,43,17,10" hai1="46,87,34,35,63,66,52,0,127,117,70,68,90" hai2="69,20,120,79,57,72,44,29,5,78,114,3,55" hai3="11,47,40,91,112,4,49,14,73,31,110,7,77"/><W45/><G112/><T119/><D119/><U109/><E117/><V102/><F69/><W1/><G110/><T61/><D122/><U6/><E109/><V64/><F114/><W105/><G105/><T71/><D39/><U56/><E127/><V86/><F102/><W22/><G1/><T134/><D43/><U99/><E70/><V89/><F44/><W19/><G31/><T30/><D126/><U25/><E99/><V59/><F64/><W75/><G75/><T32/><D30/><U50/><E25/><V103/><F103/><W74/><G74/><T76/><D76/><U41/><E6/><V115/><F5/><W95/><G77/><T131/><D134/><U15/><E15/><V24/><F57/><W100/><G100/><T53/><D97/><U38/><REACH who="1" step="1"/><E0/><REACH who="1" ten="490,51,271,178" step="2"/><V2/><F2/><W80/><G7/><T118/><D118/><U51/><E51/><V121/><F3/><W101/><G4/><T111/><D111/><U23/><E23/><V67/><F115/><W58/><G22/><T83/><D27/><U33/><E33/><V93/><F24/><W106/><G49/><T132/><D32/><U85/><E85/><V125/><F20/><W104/><G14/><T108/><D13/><U36/><E36/><V60/><F125/><W21/><G21/><T37/><D37/><U135/><E135/><V92/><F72/><W113/><G73/><T65/><D132/><U81/><AGARI ba="0,1" hai="34,35,38,41,46,50,52,56,63,66,68,81,87,90" machi="81" ten="20,12000,2" yaku="1,1,0,1,7,1,24,2,54,1,53,0" doraHai="116" doraHaiUra="12" who="1" fromWho="1" sc="490,-30,51,130,271,-30,178,-60" owari="460,56.0,181,-21.9,241,4.1,118,-38.2" /></mjloggm>