<mjloggm ver="2.3"><GO type="225" lobby="0"/><UN n0="%4C%4F%4C%49%54%41" n1="%E3%81%AA%E3%81%8A%E3%81%A8%4E%4D%42" n2="%E5%B0%8F%E9%BB%92%E5%B1%8B" n3="%E3%81%8B%E3%82%8F%E3%81%A1%E3%82%83%E3%82%93%35%38" dan="16,16,16,16" rate="2178.65,2109.54,2132.33,2151.99" sx="F,M,F,M"/><TAIKYOKU oya="0"/><INIT seed="0,0,0,1,5,117" ten="250,250,250,250" oya="0" hai0="89,132,32,82,63,75,110,121,13,35,12,34,125" hai1="128,91,41,72,99,25,28,52,6,45,30,46,122" hai2="76,83,135,37,29,97,124,70,2,61,96,84,73" hai3="11,77,57,65,106,43,42,31,86,55,8,118,47"/><T90/><D132/><U123/><E72/><V114/><F114/><W88/><G106/><T103/><D125/><U18/><E6/><V116/><F124/><W80/><G118/><T56/><D121/><U39/><E128/><V40/><F116/><W54/><G31/><T71/><D71/><U107/><E18/><V111/><F111/><W109/><G109/><T19/><D110/><U53/><E30/><V38/><F135/><W60/><G77/><T9/><D103/><U68/><E68/><V58/><F70/><W100/><G100/><T95/><D13/><U10/><E10/><N who="3" m="3626" /><G47/><T129/><D129/><U98/><E53/><AGARI ba="0,0" hai="42,43,53,54,55,57,60,65,80,86,88" m="3626" machi="53" ten="30,2000,0" yaku="8,1,54,1" doraHai="117" who="3" fromWho="1" sc="250,0,250,-20,250,0,250,20" /><INIT seed="1,0,0,2,3,73" ten="250,230,250,270" oya="1" hai0="94,97,85,96,27,115,79,134,25,45,89,35,26" hai1="28,102,58,6,65,82,121,119,74,106,15,39,101" hai2="107,30,31,86,122,5,77,14,100,125,0,91,38" hai3="42,34,88,32,54,21,76,36,47,87,51,71,49"/><U62/><E119/><V120/><F38/><W68/><G34/><T37/><D115/><U116/><E121/><V12/><F0/><W110/><G32/><T70/><D70/><U118/><E39/><V52/><F125/><W113/><G113/><T92/><D35/><U104/><E28/><V133/><F133/><W99/><G36/><T78/><D134/><U93/><E93/><N who="0" m="35945" /><D37/><U48/><E48/><V10/><F120/><W84/><G99/><N who="0" m="37963" /><D45/><U4/><E15/><V64/><F107/><W75/><G75/><T7/><D7/><U23/><E23/><V53/><F100/><W1/><G1/><T61/><D61/><U126/><E126/><V3/><F3/><W43/><G71/><T20/><D20/><U123/><E123/><V132/><F132/><W41/><G68/><T95/><AGARI ba="0,0" hai="25,26,27,78,79,85,89,95" m="37963,35945" machi="95" ten="30,4000,0" yaku="8,1,52,2" doraHai="73" who="0" fromWho="0" sc="250,40,230,-20,250,-10,270,-10" /><INIT seed="2,0,0,0,2,69" ten="290,210,240,260" oya="2" hai0="62,126,10,34,76,49,119,81,6,71,5,40,88" hai1="129,47,93,29,122,96,61,133,13,66,100,134,114" hai2="9,33,11,39,36,38,89,44,97,52,95,98,23" hai3="82,117,56,53,7,55,85,92,0,103,30,16,54"/><V127/><F33/><W42/><G117/><T106/><D106/><U22/><E114/><V41/><F127/><W67/><G30/><T63/><D34/><U17/><E122/><V118/><F118/><W12/><G42/><T75/><D119/><U112/><E112/><V15/><F52/><N who="3" m="20075" /><G0/><T50/><D126/><U20/><E47/><V79/><F79/><W19/><G67/><T48/><D5/><U124/><E129/><V78/><F78/><W125/><G125/><T64/><D88/><U109/><E109/><V123/><F123/><W27/><G27/><T4/><D4/><U111/><E111/><V83/><F83/><W128/><G128/><T101/><D101/><U25/><REACH who="1" step="1"/><E124/><REACH who="1" ten="290,200,240,260" step="2"/><V102/><F44/><W99/><G7/><T57/><D6/><U59/><AGARI ba="0,1" hai="13,17,20,22,25,29,59,61,66,93,96,100,133,134" machi="59" ten="30,8000,1" yaku="1,1,2,1,0,1,25,2,53,0" doraHai="69" doraHaiUra="121" who="1" fromWho="1" sc="290,-20,200,90,240,-40,260,-20" /><INIT seed="3,0,0,1,0,78" ten="270,290,200,240" oya="3" hai0="57,73,12,2,33,120,99,97,32,14,13,38,53" hai1="91,127,88,34,37,100,67,112,23,128,98,54,25" hai2="72,79,3,82,86,0,89,95,111,113,85,24,43" hai3="17,121,6,4,117,11,46,47,22,93,103,126,108"/><W105/><G105/><T130/><D120/><U134/><E34/><V52/><F113/><W41/><G121/><T87/><D73/><U101/><E112/><V9/><F43/><W119/><G103/><N who="1" m="39498" /><E37/><V28/><F111/><W122/><G122/><T16/><D2/><U20/><E67/><V15/><F72/><W107/><G107/><T74/><D38/><U125/><E128/><V55/><F3/><W19/><G22/><N who="1" m="8234" /><E25/><V51/><F0/><W106/><G106/><T45/><D74/><U18/><E18/><V96/><F51/><W70/><G93/><T62/><D130/><U61/><E98/><N who="0" m="37385" /><D33/><U114/><E134/><V58/><F58/><W81/><G11/><N who="0" m="6175" /><D32/><U50/><E61/><V60/><F60/><W56/><G56/><T129/><D129/><U92/><E92/><V27/><F96/><W30/><G30/><T7/><D7/><U63/><E63/><V5/><REACH who="2" step="1"/><F27/><REACH who="2" ten="270,290,190,240" step="2"/><W115/><G115/><T135/><D135/><U40/><E40/><V68/><F68/><W110/><G41/><T1/><D1/><U59/><E114/><V131/><F131/><W10/><G70/><T83/><D45/><U29/><E29/><V94/><F94/><W75/><G75/><T64/><D64/><U90/><E127/><V132/><F132/><W133/><G133/><T109/><D109/><U66/><E125/><V118/><F118/><W80/><G10/><T104/><D104/><U76/><E66/><V26/><F26/><W71/><G71/><T77/><AGARI ba="0,1" hai="13,14,53,57,62,77,83,87" m="6175,37385" machi="77" ten="30,4000,0" yaku="8,1,52,1,54,1" doraHai="78" who="0" fromWho="0" sc="270,50,290,-10,190,-10,240,-20" owari="320,42.0,280,8.0,180,-32.0,220,-18.0" /></mjloggm>