<mjloggm ver="2.3"><GO type="225" lobby="0"/><UN n0="%E8%81%B7%E6%A5%AD%E3%80%81%E9%A2%A8%32" n1="%E5%AF%82%E5%AF%9E%E3%82%AE%E3%83%8D%E3%82%B9%E3%83%93%E3%83%BC%E3%83%AB" n2="%4B%2E%32%2E%4B%2E" n3="%73%75%7A%75%6D%65%33" dan="16,16,16,17" rate="2183.75,2183.99,2092.87,2246.73" sx="M,M,M,M"/><TAIKYOKU oya="0"/><INIT seed="0,0,0,1,2,96" ten="250,250,250,250" oya="0" hai0="45,81,95,108,100,1,56,130,90,116,14,118,7" hai1="36,34,57,107,121,70,131,10,83,58,122,29,99" hai2="105,41,25,61,82,2,104,106,18,19,124,98,92" hai3="85,91,89,26,65,80,135,94,127,35,33,50,132"/><T117/><D130/><U59/><E36/><V22/><F124/><W4/><G127/><T97/><D1/><U64/><E131/><V103/><F2/><W16/><G65/><T67/><D108/><U76/><E10/><V88/><F41/><W39/><G4/><T5/><D45/><U54/><E54/><V102/><F18/><W119/><G119/><T12/><D7/><U23/><E23/><V126/><F126/><W111/><G111/><T13/><D5/><U74/><E29/><V49/><F49/><W62/><G62/><T110/><D110/><U129/><E34/><V84/><REACH who="2" step="1"/><F61/><REACH who="2" ten="250,250,240,250" step="2"/><W42/><G50/><T133/><D133/><N who="3" m="51273" /><G42/><T11/><D11/><U20/><E129/><V120/><F120/><W24/><G39/><T63/><REACH who="0" step="1"/><D81/><REACH who="0" ten="240,250,240,250" step="2"/><U125/><E125/><V30/><F30/><W37/><G80/><T87/><D87/><U77/><E122/><V113/><F113/><W68/><G85/><T60/><D60/><N who="1" m="40199" /><E121/><V69/><F69/><W114/><G68/><T134/><D134/><U0/><E0/><V128/><F128/><W17/><G114/><T79/><D79/><AGARI ba="0,2" hai="19,22,25,79,82,84,88,92,98,102,103,104,105,106" machi="79" ten="40,8000,1" yaku="1,1,52,2,54,1,53,0" doraHai="96" doraHaiUra="6" who="2" fromWho="0" sc="240,-80,250,0,240,100,250,0" /><INIT seed="1,0,0,0,4,100" ten="160,250,340,250" oya="1" hai0="25,96,13,70,45,83,129,130,113,90,51,63,9" hai1="15,105,85,3,48,53,68,108,73,6,4,118,77" hai2="127,93,71,128,34,91,135,132,64,23,131,125,21" hai3="58,69,5,114,16,52,65,44,29,12,36,43,49"/><U102/><E118/><V2/><F34/><W66/><G114/><T122/><D113/><U60/><E73/><V47/><F2/><W32/><G5/><T30/><D122/><U28/><E3/><V117/><F117/><W57/><G69/><T42/><D70/><U95/><E28/><V74/><F74/><W112/><G112/><T8/><D63/><U126/><E126/><N who="2" m="48139" /><F47/><W22/><REACH who="3" step="1"/><G58/><REACH who="3" ten="160,250,340,240" step="2"/><T109/><D109/><U111/><E4/><V50/><F71/><W80/><G80/><T104/><D83/><U121/><E68/><V103/><F131/><W35/><G35/><T40/><D129/><U79/><E6/><V17/><F128/><W20/><G20/><T101/><D130/><U38/><E108/><V26/><F23/><W41/><G41/><T98/><D42/><U76/><E111/><V87/><F21/><W124/><G124/><T115/><D115/><U88/><E121/><V84/><F135/><W27/><AGARI ba="0,1" hai="12,16,22,27,29,32,36,43,44,49,52,57,65,66" machi="27" ten="30,7900,0" yaku="1,1,0,1,54,2,53,0" doraHai="100" doraHaiUra="1" who="3" fromWho="3" sc="160,-20,250,-39,340,-20,240,89" /><INIT seed="2,0,0,1,3,40" ten="140,211,320,329" oya="2" hai0="41,109,43,17,34,89,19,82,66,51,112,30,18" hai1="23,118,50,47,115,84,105,61,4,83,123,33,69" hai2="29,74,28,31,6,133,94,48,108,49,135,62,32" hai3="128,39,52,127,121,76,14,12,71,46,111,60,88"/><V15/><F74/><W58/><G121/><T64/><D109/><U13/><E118/><V106/><F106/><W25/><G76/><T1/><D1/><U132/><E33/><V98/><F32/><W11/><G111/><T95/><D112/><U10/><E105/><V110/><F62/><W27/><G128/><T87/><D34/><U35/><E35/><V8/><F110/><W101/><G127/><T103/><D30/><U75/><E75/><V131/><F131/><W45/><G71/><T22/><D22/><U21/><E132/><N who="2" m="50763" /><F108/><W20/><G101/><AGARI ba="0,0" hai="6,8,15,28,29,31,48,49,94,98,101" m="50763" machi="101" ten="30,1500,0" yaku="20,1" doraHai="40" who="2" fromWho="3" sc="140,0,211,0,320,15,329,-15" /><INIT seed="2,1,0,3,5,70" ten="140,211,335,314" oya="2" hai0="103,109,84,116,123,49,87,28,0,78,13,112,30" hai1="31,8,52,134,69,126,92,22,94,76,122,90,10" hai2="27,21,125,57,114,71,59,25,4,96,62,5,72" hai3="105,24,67,107,93,113,48,80,82,77,131,68,46"/><V124/><F72/><W45/><G131/><T15/><D0/><U56/><E69/><V104/><F114/><W115/><G68/><T38/><D112/><N who="3" m="43081" /><G67/><T74/><D123/><U73/><E134/><V108/><F71/><W53/><G93/><T97/><D116/><U51/><E126/><N who="2" m="48747" /><F108/><W58/><G24/><N who="2" m="9289" /><F21/><W55/><G82/><T23/><D109/><U14/><E122/><V86/><F86/><N who="3" m="48399" /><G45/><T33/><D74/><U99/><E73/><V83/><F83/><W121/><G121/><T12/><D78/><U110/><E76/><V61/><F96/><W119/><G119/><T130/><D23/><U118/><E118/><V35/><F104/><W42/><G55/><T29/><D33/><U91/><E110/><V41/><F41/><W102/><G102/><T106/><D49/><AGARI ba="1,0" hai="42,46,48,49,53,58,105,107" m="48399,43081" machi="49" ten="30,1000,0" yaku="11,1" doraHai="70" who="3" fromWho="0" sc="140,-13,211,0,335,0,314,13" /><INIT seed="3,0,0,4,0,51" ten="127,211,335,327" oya="3" hai0="70,86,31,92,30,82,16,41,15,48,105,28,81" hai1="49,9,46,106,6,77,116,66,108,14,55,126,43" hai2="101,42,53,56,11,59,64,90,104,94,39,85,65" hai3="109,102,96,111,99,123,112,75,132,114,80,131,100"/><W74/><G131/><T57/><D105/><U91/><E106/><V88/><F104/><N who="3" m="63495" /><G132/><T58/><D70/><U93/><E108/><N who="3" m="41546" /><G123/><T45/><D92/><U89/><E126/><V12/><F101/><W29/><G29/><T7/><D7/><U79/><E66/><N who="2" m="25707" /><F39/><W33/><G33/><T52/><D41/><U121/><E121/><V26/><F26/><W27/><G27/><T63/><D63/><U98/><E116/><V103/><F42/><W97/><G97/><T134/><D134/><U125/><E125/><V61/><F56/><N who="0" m="21610" /><D86/><N who="1" m="52407" /><E43/><V78/><F103/><W24/><G24/><T129/><D129/><U76/><E98/><V44/><F44/><W17/><G17/><T95/><D95/><U54/><E91/><N who="2" m="53615" /><F78/><N who="3" m="44119" /><G75/><T73/><D73/><U10/><E79/><V22/><F22/><W13/><G13/><T118/><D118/><U115/><E77/><V119/><F119/><W23/><G23/><T60/><D60/><U68/><E76/><V122/><F122/><W83/><G83/><T5/><D5/><AGARI ba="0,0" hai="5,11,12,53,59,61,88,90" m="53615,25707" machi="5" ten="30,3900,0" yaku="8,1,52,1,54,1" doraHai="51" who="2" fromWho="0" sc="127,-39,211,0,335,39,327,0" owari="88,-41.2,211,-18.9,374,47.4,327,12.7" /></mjloggm>