<mjloggm ver="2.3"><GO type="225" lobby="0"/><UN n0="%73%6C%69%63%6B%33%31%39" n1="%E6%97%A5%E6%9B%9C%E6%97%A5%E3%82%88%E3%82%8A%E3%81%AE%E4%BD%BF%E8%80%85" n2="%E3%81%86%E3%81%A3%E3%81%97%E3%83%BC%30%30" n3="%E6%A1%9C%E8%8A%B1%E9%96%83%E3%80%85" dan="17,17,16,17" rate="2171.33,2169.52,2096.04,2232.46" sx="M,M,M,M"/><TAIKYOKU oya="0"/><INIT seed="0,0,0,1,3,31" ten="250,250,250,250" oya="0" hai0="70,115,100,57,30,77,113,63,15,54,10,96,99" hai1="40,0,69,42,41,92,35,18,53,81,111,112,39" hai2="67,29,1,94,129,79,90,33,21,91,26,131,109" hai3="11,71,34,22,125,104,80,68,6,44,45,108,20"/><T93/><D77/><U47/><E0/><V24/><F1/><W133/><G104/><T89/><D70/><U84/><E69/><V58/><F79/><W9/><G80/><T38/><D38/><U119/><E119/><V4/><F4/><W116/><G108/><T19/><REACH who="0" step="1"/><D30/><REACH who="0" ten="240,250,250,250" step="2"/><U102/><E39/><V73/><F109/><W16/><G71/><T110/><D110/><U65/><E111/><V114/><F29/><W36/><G68/><T132/><D132/><U123/><E123/><V107/><F114/><W28/><G36/><T61/><D61/><U83/><E112/><V27/><F129/><W76/><G76/><T48/><D48/><U2/><E2/><V52/><F131/><W66/><G28/><T134/><D134/><U62/><E62/><V64/><F73/><W3/><G133/><T103/><D103/><U101/><E101/><V78/><F78/><W120/><G120/><T7/><D7/><U128/><E102/><V87/><F91/><W14/><G6/><T5/><D5/><U25/><E128/><V130/><F130/><W97/><G3/><T118/><D118/><U75/><E75/><V60/><F90/><W46/><G116/><T55/><D55/><U23/><E53/><V59/><F52/><W98/><G66/><T72/><D72/><U49/><E65/><V86/><F64/><W13/><G125/><T82/><D82/><U74/><E74/><V135/><F67/><W37/><G37/><T50/><D50/><U17/><E83/><V127/><F135/><W32/><G45/><T8/><D8/><U105/><E47/><RYUUKYOKU ba="0,1" sc="240,15,250,-15,250,-15,250,15" hai0="10,15,19,54,57,63,89,93,96,99,100,113,115" hai3="9,11,13,14,16,20,22,32,34,44,46,97,98" /><INIT seed="0,1,1,3,2,9" ten="255,235,235,265" oya="0" hai0="97,95,48,105,45,11,26,78,90,121,58,51,30" hai1="118,36,7,125,109,116,14,44,20,70,76,132,115" hai2="79,122,123,34,16,24,19,54,66,43,131,61,103" hai3="1,81,31,64,113,8,40,32,2,69,128,62,41"/><T72/><D121/><U4/><E70/><V117/><F131/><W5/><G113/><T15/><D105/><U135/><E76/><V6/><F117/><N who="1" m="45161" /><E44/><V10/><F43/><W127/><G127/><T120/><D120/><U22/><E36/><V119/><F54/><W104/><G128/><T37/><D72/><U108/><E115/><V0/><F119/><W114/><G114/><T93/><D78/><U75/><E125/><V92/><F79/><W3/><G81/><T55/><D37/><U107/><E75/><V99/><F19/><W23/><G23/><N who="1" m="8746" /><E107/><V94/><F94/><W29/><G29/><T18/><D95/><U39/><E39/><V84/><F84/><W65/><G65/><T86/><D30/><U38/><E38/><V53/><F53/><W126/><G126/><T67/><D67/><U111/><E14/><V89/><F34/><W49/><G49/><T106/><D26/><U12/><E12/><V88/><F122/><W25/><G104/><T82/><D106/><U17/><E17/><V83/><F123/><W80/><G80/><T77/><REACH who="0" step="1"/><D45/><REACH who="0" ten="245,235,235,265" step="2"/><U13/><E13/><V27/><F27/><W85/><G1/><T71/><D71/><U130/><E130/><V74/><F24/><W96/><G2/><T56/><D56/><U100/><E100/><V133/><F103/><W101/><G101/><T42/><D42/><U110/><E110/><V73/><F73/><W63/><G41/><T124/><D124/><U33/><E33/><V28/><F74/><W50/><G40/><T21/><D21/><U60/><E60/><AGARI ba="1,2" hai="11,15,18,48,51,55,58,60,77,82,86,90,93,97" machi="60" ten="30,12000,1" yaku="1,1,7,1,8,1,52,1,53,1" doraHai="9" doraHaiUra="59" who="0" fromWho="1" sc="245,143,235,-123,235,0,265,0" /><INIT seed="0,2,0,5,4,104" ten="388,112,235,265" oya="0" hai0="38,68,71,94,82,77,86,58,125,35,72,107,84" hai1="1,20,121,134,46,109,133,65,28,76,52,98,81" hai2="8,42,117,99,31,39,124,89,19,79,14,43,119" hai3="33,55,41,66,53,23,112,50,30,0,54,103,91"/><T61/><D38/><U16/><E121/><V100/><F124/><W126/><G112/><T93/><D107/><U110/><E1/><V15/><F89/><W83/><G33/><T114/><D114/><U95/><E28/><V70/><F70/><W57/><G0/><T90/><D35/><U64/><E64/><V27/><F79/><W49/><G103/><T56/><D125/><U6/><E6/><V60/><F60/><N who="3" m="38159" /><G41/><T29/><D29/><U63/><E46/><V18/><F39/><W67/><G67/><T97/><D56/><N who="1" m="35207" /><E65/><V129/><F129/><W135/><G135/><N who="1" m="51722" /><E95/><V128/><F128/><W45/><G45/><T9/><D93/><U102/><E98/><V118/><F27/><N who="3" m="16767" /><G126/><T12/><D71/><U47/><E47/><V116/><F31/><W75/><G54/><T80/><D68/><U5/><E102/><V51/><F51/><W78/><G55/><T108/><D58/><U85/><E5/><V132/><F132/><W115/><G53/><T7/><D61/><U105/><E105/><N who="2" m="63647" /><F119/><W17/><G115/><T111/><REACH who="0" step="1"/><D97/><REACH who="0" ten="378,112,235,265" step="2"/><U24/><AGARI ba="2,1" hai="16,20,24,76,81,85,109,110" m="51722,35207" machi="24" ten="30,4000,0" yaku="20,1,54,2" doraHai="104" who="1" fromWho="1" sc="378,-22,112,56,235,-12,265,-12" /><INIT seed="1,0,0,0,3,73" ten="356,168,223,253" oya="1" hai0="8,44,10,12,15,132,94,29,121,28,64,69,83" hai1="90,130,91,100,113,53,122,92,7,123,128,98,97" hai2="26,18,37,3,27,110,119,24,126,79,30,68,41" hai3="0,112,86,20,67,14,88,33,124,134,99,107,21"/><U55/><E7/><V43/><F68/><W45/><G112/><T82/><D69/><U61/><E61/><V19/><F119/><W63/><G0/><T16/><D121/><U77/><E113/><V114/><F114/><W5/><G33/><T65/><D44/><U2/><E2/><V129/><F110/><W133/><G45/><T127/><D94/><U118/><E118/><V34/><F3/><W51/><G51/><T115/><D115/><U59/><E59/><V22/><F126/><W31/><G124/><T84/><D127/><U57/><E57/><V74/><F129/><N who="1" m="49769" /><E77/><V52/><F18/><W87/><G63/><T49/><D29/><U106/><E91/><V32/><F37/><W36/><G67/><T13/><D28/><U47/><E47/><V105/><F34/><W76/><G36/><T96/><D64/><U66/><E66/><V4/><F4/><W101/><G76/><T125/><D16/><U103/><E100/><V40/><F27/><N who="3" m="16871" /><G88/><T58/><D65/><U89/><E89/><V108/><F79/><W48/><G48/><T46/><D46/><U39/><E39/><V70/><F30/><W93/><G5/><T85/><D49/><U56/><E56/><V81/><F32/><W109/><G14/><T131/><D58/><U25/><E25/><V62/><F26/><W111/><G21/><T71/><D71/><U50/><E50/><V23/><F24/><W80/><G111/><T60/><D125/><U11/><E11/><N who="0" m="4137" /><D131/><U17/><E17/><V78/><F108/><W1/><G109/><T35/><D60/><U102/><E102/><RYUUKYOKU ba="0,0" sc="356,-10,168,30,223,-10,253,-10" hai1="53,55,90,92,97,98,103,106,122,123" /><INIT seed="1,1,0,5,5,104" ten="346,198,213,243" oya="1" hai0="127,108,128,81,52,101,34,114,57,79,58,46,67" hai1="11,56,71,124,87,69,2,5,30,37,66,102,1" hai2="111,54,6,82,90,119,74,110,134,13,22,44,85" hai3="99,109,49,72,3,133,77,97,29,100,55,32,43"/><U123/><E123/><V50/><F119/><W132/><G3/><T120/><D114/><U41/><E124/><V24/><F134/><N who="3" m="51819" /><G43/><T105/><D34/><U62/><E2/><V84/><F84/><W70/><G70/><T33/><D33/><U107/><E30/><V86/><F86/><W21/><G21/><T18/><D127/><U36/><E87/><V7/><F74/><W98/><G109/><N who="2" m="41481" /><F13/><W116/><G116/><T53/><D128/><U112/><E112/><V63/><F63/><W48/><G100/><T0/><D0/><U15/><E15/><V88/><F90/><W83/><G55/><T115/><D53/><U19/><E19/><AGARI ba="1,0" hai="6,7,19,22,24,44,50,54,82,85,88" m="41481" machi="19" ten="30,2000,0" yaku="14,1,54,1" doraHai="104" who="2" fromWho="1" sc="346,0,198,-23,213,23,243,0" /><INIT seed="2,0,0,5,5,48" ten="346,175,236,243" oya="2" hai0="99,10,119,59,38,123,49,37,90,107,132,86,73" hai1="3,115,122,61,95,54,97,60,39,134,104,58,36" hai2="129,52,74,31,64,40,118,13,17,23,85,30,65" hai3="33,63,68,124,82,22,18,127,50,88,77,27,106"/><V96/><F74/><W110/><G110/><T70/><D70/><U98/><E115/><V25/><F118/><W46/><G106/><T42/><D73/><U8/><E134/><V67/><F129/><W133/><G33/><T28/><D123/><U111/><E111/><V105/><F40/><W6/><G6/><T5/><D28/><U19/><E122/><V41/><F41/><W21/><G133/><T15/><D132/><U1/><E1/><V69/><F30/><W112/><G112/><T125/><D125/><N who="3" m="48201" /><G22/><T87/><D87/><U94/><E104/><V113/><F113/><W4/><G4/><T55/><D42/><U45/><E3/><V7/><F7/><W51/><G46/><T43/><D43/><U57/><E45/><V0/><F0/><W130/><G88/><T35/><D35/><U120/><E120/><V101/><F85/><N who="3" m="48335" /><G130/><T72/><D72/><U76/><E76/><V53/><REACH who="2" step="1"/><F69/><REACH who="2" ten="346,175,226,243" step="2"/><W91/><G91/><T81/><D119/><U56/><E36/><V14/><F14/><W34/><G34/><AGARI ba="0,1" hai="13,17,23,25,31,34,52,53,64,65,67,96,101,105" machi="34" ten="40,12000,1" yaku="1,1,52,2,54,1,53,1" doraHai="48" doraHaiUra="103" who="2" fromWho="3" sc="346,0,175,0,226,130,243,-120" /><INIT seed="2,1,0,1,4,39" ten="346,175,356,123" oya="2" hai0="75,102,76,101,26,29,25,77,72,51,116,7,85" hai1="56,19,128,6,71,13,127,89,20,14,130,82,27" hai2="63,121,70,132,23,59,126,0,108,133,46,80,9" hai3="120,119,131,92,96,79,103,55,43,93,37,73,4"/><V18/><F70/><W114/><G120/><T112/><D112/><U110/><E71/><V86/><F121/><W53/><G119/><T81/><D116/><U135/><E110/><V87/><F126/><W45/><G114/><T122/><D122/><U54/><E127/><V36/><F108/><W5/><G131/><N who="1" m="50218" /><E135/><V1/><F9/><W58/><G93/><T65/><D7/><U2/><E82/><V38/><F46/><W88/><G103/><T74/><D65/><U129/><E89/><V11/><F11/><W90/><G90/><T49/><D77/><U117/><E117/><V61/><F23/><W50/><REACH who="3" step="1"/><G55/><REACH who="3" ten="346,175,356,113" step="2"/><T124/><D102/><U99/><E129/><V17/><F80/><AGARI ba="1,1" hai="4,5,37,43,45,50,53,58,73,79,80,88,92,96" machi="80" ten="40,8000,1" yaku="1,1,2,1,52,1,54,1,53,0" doraHai="39" doraHaiUra="109" who="3" fromWho="2" sc="346,0,175,0,356,-83,113,93" /><INIT seed="3,0,0,1,0,124" ten="346,175,273,206" oya="3" hai0="123,71,59,5,110,119,28,128,69,10,46,25,98" hai1="7,132,127,85,45,44,38,106,81,52,14,13,84" hai2="58,133,40,0,35,134,100,111,96,6,112,73,90" hai3="89,80,93,87,48,88,77,63,64,19,50,129,41"/><W118/><G118/><T86/><D123/><U99/><E127/><V11/><F111/><W31/><G129/><T56/><D119/><U83/><E132/><V102/><F73/><W29/><G19/><T79/><D110/><U61/><E106/><V97/><F35/><W39/><G39/><T78/><D128/><U22/><E99/><N who="2" m="37963" /><F90/><W94/><G89/><T17/><D17/><U53/><E38/><V33/><F33/><W108/><G108/><T113/><D113/><U8/><E22/><V66/><F40/><W135/><G135/><N who="2" m="51721" /><F112/><W91/><G91/><T49/><D98/><U120/><E120/><V4/><F4/><W115/><G115/><T126/><D79/><U121/><E121/><V34/><F34/><W74/><G93/><T107/><D78/><U82/><E61/><AGARI ba="0,0" hai="0,6,11,58,61,66,100,102" m="51721,37963" machi="61" ten="30,1000,0" yaku="20,1" doraHai="124" who="2" fromWho="1" sc="346,0,175,-10,273,10,206,0" owari="346,44.6,165,-33.5,283,8.3,206,-19.4" /></mjloggm>