<mjloggm ver="2.3"><GO type="225" lobby="0"/><UN n0="%E7%89%B9%E6%9D%B1%E5%96%B0%E8%B5%A4%E9%80%9F" n1="%6D%75%75%73%61%6E%6D%75" n2="%E9%BB%99%E8%81%B4%E3%81%AE%E3%81%99%E3%82%9D%E3%82%81" n3="%E3%82%A2%E3%83%AC%E3%83%83%E3%82%AF%E3%82%B9%5A%5A%56" dan="16,17,16,16" rate="2047.06,2161.60,2115.66,2096.71" sx="M,F,M,F"/><TAIKYOKU oya="0"/><INIT seed="0,0,0,3,1,38" ten="250,250,250,250" oya="0" hai0="84,37,4,22,100,123,9,127,13,133,65,113,6" hai1="73,98,74,105,118,14,51,33,92,93,40,125,82" hai2="86,89,70,59,101,8,78,94,99,1,49,29,81" hai3="50,28,110,46,75,3,88,58,42,27,129,83,134"/><T5/><D123/><U35/><E118/><V102/><F70/><W61/><G3/><T23/><D113/><U68/><E68/><V76/><F29/><W66/><G110/><T64/><D133/><U95/><E125/><V53/><F1/><W69/><G134/><T117/><D117/><U71/><E71/><V34/><F34/><W132/><G132/><T128/><D127/><U96/><E14/><V45/><F8/><W21/><G129/><T104/><D128/><U30/><E105/><V54/><REACH who="2" step="1"/><F102/><REACH who="2" ten="250,250,240,250" step="2"/><W31/><G69/><T116/><D116/><U62/><E35/><V63/><AGARI ba="0,1" hai="45,49,53,54,59,63,76,78,81,86,89,94,99,101" machi="63" ten="20,8000,1" yaku="1,1,2,1,0,1,7,1,8,1,53,0" doraHai="38" doraHaiUra="121" who="2" fromWho="2" sc="250,-40,250,-20,240,90,250,-20" /><INIT seed="1,0,0,4,1,76" ten="210,230,330,230" oya="1" hai0="89,132,8,12,46,112,128,67,16,50,97,87,32" hai1="43,40,80,106,91,26,116,31,14,21,57,113,52" hai2="98,47,9,22,65,125,60,42,18,109,101,95,119" hai3="81,127,7,100,122,99,104,58,53,68,15,35,66"/><U78/><E113/><V88/><F109/><W23/><G122/><T117/><D112/><U72/><E116/><V108/><F108/><W17/><G127/><T90/><D117/><U62/><E106/><V41/><F125/><W55/><G35/><T77/><D32/><U11/><REACH who="1" step="1"/><E91/><REACH who="1" ten="210,220,330,230" step="2"/><V20/><F119/><W69/><G104/><T84/><D128/><U126/><E126/><V24/><F88/><N who="0" m="33898" /><D132/><U94/><E94/><V54/><F95/><W74/><G100/><T51/><D97/><U5/><AGARI ba="0,1" hai="5,11,14,21,26,31,40,43,52,57,62,72,78,80" machi="5" ten="20,12000,1" yaku="1,1,0,1,7,1,52,1,54,1,53,0" doraHai="76" doraHaiUra="135" who="1" fromWho="1" sc="210,-40,220,130,330,-40,230,-40" /><INIT seed="1,1,0,4,4,110" ten="170,350,290,190" oya="1" hai0="29,93,111,58,23,34,117,80,55,74,92,65,33" hai1="35,48,63,13,85,119,130,21,1,73,64,116,114" hai2="109,132,99,103,133,9,72,131,0,78,118,98,60" hai3="5,17,127,38,47,45,102,90,126,75,26,43,100"/><U59/><E35/><V71/><F109/><W83/><G5/><T16/><D111/><U105/><E73/><V30/><F118/><W76/><G47/><T113/><D117/><U28/><E1/><V77/><F30/><W36/><G36/><T32/><D65/><U115/><E105/><V124/><F71/><W101/><REACH who="3" step="1"/><G90/><REACH who="3" ten="170,350,290,180" step="2"/><T104/><D104/><U6/><E116/><V120/><F120/><W91/><G91/><T68/><D68/><U89/><E119/><V67/><F133/><W70/><G70/><T123/><D123/><U15/><E6/><V61/><F132/><W82/><G82/><T128/><D128/><U97/><E97/><V56/><F99/><W41/><G41/><T39/><D39/><U46/><E130/><V51/><F98/><W40/><G40/><T94/><D80/><U81/><E28/><V49/><F131/><W52/><G52/><T14/><D74/><U57/><E57/><V50/><F56/><W134/><G134/><T87/><D29/><U31/><E31/><V66/><F72/><W54/><G54/><T25/><D87/><U37/><E37/><V135/><F135/><W11/><G11/><T107/><D107/><U86/><E85/><V19/><F9/><W112/><G112/><T4/><D113/><U69/><E69/><V3/><F67/><W129/><G129/><T27/><REACH who="0" step="1"/><D4/><REACH who="0" ten="160,350,290,180" step="2"/><U20/><E114/><V7/><F66/><W53/><G53/><T96/><D96/><U24/><E115/><V108/><F7/><W88/><G88/><T44/><D44/><U12/><E46/><V125/><F108/><RYUUKYOKU ba="1,2" sc="160,15,350,-15,290,-15,180,15" hai0="14,16,23,25,27,32,33,34,55,58,92,93,94" hai3="17,26,38,43,45,75,76,83,100,101,102,126,127" /><INIT seed="2,2,2,1,0,32" ten="175,335,275,195" oya="2" hai0="58,53,74,44,31,82,93,128,65,39,43,69,121" hai1="7,5,11,50,52,95,13,113,55,6,14,103,129" hai2="120,102,116,42,73,51,24,89,33,61,36,134,0" hai3="99,12,40,130,2,92,104,47,54,111,19,46,88"/><V57/><F116/><W1/><G111/><T117/><D121/><U68/><E113/><V59/><F134/><W35/><G35/><T110/><D110/><U70/><E129/><V21/><F73/><W29/><G29/><T114/><D31/><U100/><E68/><V125/><F36/><W85/><G130/><T17/><D93/><U23/><E70/><V9/><F33/><W98/><G54/><N who="1" m="20522" /><E50/><V75/><F75/><W45/><G40/><T81/><D128/><U62/><E62/><V124/><F102/><N who="1" m="38953" /><E95/><V15/><F0/><W133/><G133/><T49/><D117/><U96/><E96/><V30/><F120/><W10/><REACH who="3" step="1"/><G104/><REACH who="3" ten="175,335,275,185" step="2"/><T132/><D132/><U123/><E123/><V76/><F42/><W108/><G108/><T101/><D114/><U118/><E118/><V27/><F30/><W37/><G37/><T22/><D74/><U115/><E115/><V106/><F106/><W60/><G60/><N who="0" m="40103" /><D101/><U56/><E56/><V79/><F61/><W8/><G8/><T28/><D28/><U112/><E112/><V78/><F9/><W131/><G131/><T83/><D83/><U80/><E80/><V48/><F59/><W34/><G34/><T18/><D22/><U64/><E64/><V67/><F67/><W3/><AGARI ba="2,3" hai="1,2,3,10,12,19,45,46,47,85,88,92,98,99" machi="3" ten="40,12000,2" yaku="1,1,0,1,52,3,54,1,53,0" doraHai="32" doraHaiUra="20" who="3" fromWho="3" sc="175,-32,335,-32,275,-62,185,156" /><INIT seed="3,0,0,5,4,134" ten="143,303,213,341" oya="3" hai0="74,126,4,9,117,50,6,135,83,121,76,128,37" hai1="131,35,97,130,113,32,105,34,11,65,91,98,73" hai2="22,95,59,58,125,16,108,48,45,79,90,103,7" hai3="0,94,15,87,21,122,23,1,115,69,2,84,42"/><W110/><G69/><T124/><D135/><U57/><E73/><V12/><F108/><W62/><G115/><T109/><D109/><U44/><E113/><V100/><F125/><N who="0" m="48234" /><D37/><U114/><E114/><V64/><F79/><W56/><G42/><T63/><D128/><U3/><E105/><V38/><F7/><W54/><G15/><T43/><D117/><U47/><E3/><V66/><F59/><W118/><G2/><T107/><D121/><U112/><E112/><V25/><F12/><W29/><G56/><T120/><D120/><U75/><E57/><V24/><F24/><W49/><G0/><N who="0" m="135" /><D6/><U96/><E130/><V41/><F38/><W26/><G118/><T40/><D107/><U77/><E131/><V123/><F123/><W19/><G110/><T28/><D28/><U119/><E119/><V78/><F78/><W36/><G29/><T30/><D30/><U55/><E77/><V61/><REACH who="2" step="1"/><F64/><REACH who="2" ten="143,303,203,341" step="2"/><W106/><G36/><T81/><D81/><U33/><E65/><V99/><AGARI ba="0,1" hai="16,22,25,41,45,48,58,61,66,90,95,99,100,103" machi="99" ten="20,12000,2" yaku="1,1,2,1,0,1,7,1,8,1,54,1,53,1" doraHai="134" doraHaiUra="13" who="2" fromWho="2" sc="143,-30,303,-30,203,130,341,-60" owari="113,-38.7,273,-12.7,333,43.3,281,8.1" /></mjloggm>