<mjloggm ver="2.3"><GO type="225" lobby="0"/><UN n0="%E5%A4%9C%E3%81%AE%E3%82%AC%E3%82%B9%E3%83%91%E3%83%BC%E3%83%AB" n1="%E6%B8%A9%E2%98%85%E6%83%85%E2%98%85%E6%8E%AA%E2%98%85%E7%BD%AE" n2="%E7%99%BD%E6%97%A5%E9%9B%AA%E8%8F%9C" n3="%72%61%6B%33" dan="16,17,16,16" rate="2122.25,2227.39,2203.00,2040.71" sx="M,M,F,M"/><TAIKYOKU oya="0"/><INIT seed="0,0,0,1,1,122" ten="250,250,250,250" oya="0" hai0="109,14,47,102,99,74,82,75,129,19,55,89,21" hai1="6,80,130,8,70,120,134,73,15,98,60,95,20" hai2="26,13,38,72,119,114,33,2,54,124,94,27,118" hai3="36,57,108,41,135,110,116,50,56,58,67,34,59"/><T65/><D129/><U88/><E120/><V106/><F106/><W25/><G116/><N who="2" m="44585" /><F114/><W112/><G112/><T7/><D65/><U85/><E130/><V37/><F2/><W52/><G135/><T69/><D69/><U133/><E73/><V90/><F72/><W71/><G25/><N who="2" m="9225" /><F33/><W103/><G103/><T132/><D132/><N who="1" m="50795" /><E20/><V113/><F113/><W3/><G3/><T84/><D7/><U45/><E45/><V10/><F54/><W92/><G92/><T91/><D75/><U131/><E131/><V100/><F100/><W0/><G0/><T31/><D74/><U39/><E39/><V46/><F46/><N who="3" m="23847" /><G34/><T29/><D91/><N who="1" m="51623" /><E70/><V49/><F49/><W77/><G77/><T64/><D102/><U30/><E60/><AGARI ba="0,0" hai="50,52,56,57,58,59,60,67,71,108,110" m="23847" machi="60" ten="30,12000,2" yaku="24,1,34,2,52,2,54,1" doraHai="122" who="3" fromWho="1" sc="250,0,250,-120,250,0,250,120" /><INIT seed="1,0,0,3,4,59" ten="250,130,250,370" oya="1" hai0="84,15,130,13,1,55,122,56,89,48,72,133,120" hai1="52,68,115,85,16,87,99,25,43,38,90,21,104" hai2="54,73,51,125,119,41,77,100,44,14,123,82,18" hai3="127,0,96,22,39,9,116,2,60,93,23,78,53"/><U4/><E115/><V30/><F119/><W81/><G39/><T129/><D72/><U57/><E68/><V105/><F123/><N who="0" m="47146" /><D1/><U114/><E114/><V45/><F125/><W33/><G33/><T76/><D76/><U19/><E4/><V106/><F30/><W111/><G111/><T69/><D69/><U12/><E43/><V46/><F100/><W66/><G53/><T50/><D50/><U134/><E38/><V64/><F64/><W63/><G127/><T3/><D3/><U32/><E134/><V49/><REACH who="2" step="1"/><F46/><REACH who="2" ten="250,130,240,370" step="2"/><W74/><G66/><T27/><D133/><U11/><E32/><V121/><F121/><W37/><G116/><T40/><D130/><U110/><E110/><V10/><AGARI ba="0,1" hai="10,14,18,41,44,45,49,51,54,73,77,82,105,106" machi="10" ten="20,2700,0" yaku="1,1,0,1,7,1,53,0" doraHai="59" doraHaiUra="108" who="2" fromWho="2" sc="250,-7,130,-13,240,37,370,-7" /><INIT seed="2,0,0,1,3,128" ten="243,117,277,363" oya="2" hai0="104,36,35,72,68,7,87,132,59,48,101,92,71" hai1="37,84,11,61,17,28,77,115,76,6,57,44,9" hai2="98,82,117,107,19,122,110,40,63,29,33,78,86" hai3="54,120,66,53,123,85,46,8,38,70,88,127,10"/><V96/><F117/><W112/><G127/><T0/><D35/><U81/><E115/><V15/><F122/><W116/><G116/><T75/><D36/><U1/><E28/><V102/><F110/><W129/><G129/><T93/><D7/><U130/><E130/><V90/><F40/><W69/><G112/><T113/><D113/><U56/><E76/><V21/><F63/><W134/><G85/><T64/><D0/><U125/><E125/><V18/><F18/><W100/><G100/><T124/><D124/><U73/><E84/><V41/><F41/><W79/><G79/><T51/><D87/><U80/><E80/><V121/><F121/><W105/><G105/><T26/><D26/><U39/><E39/><V83/><F98/><W25/><G25/><T126/><D126/><U108/><E108/><V118/><F118/><W5/><G5/><T14/><D14/><U43/><REACH who="1" step="1"/><E61/><REACH who="1" ten="243,107,277,363" step="2"/><V42/><F29/><W55/><G38/><T65/><D75/><U32/><E32/><V95/><F33/><W23/><G123/><T131/><D72/><U60/><E60/><V106/><F42/><W3/><G120/><T27/><D131/><U13/><AGARI ba="0,1" hai="1,6,9,11,13,17,37,43,44,56,57,73,77,81" machi="13" ten="30,7900,0" yaku="1,1,0,1,25,2,53,0" doraHai="128" doraHaiUra="133" who="1" fromWho="1" sc="243,-20,107,89,277,-39,363,-20" /><INIT seed="3,0,0,3,0,3" ten="223,196,238,343" oya="3" hai0="32,56,111,4,86,85,28,46,94,54,44,9,90" hai1="129,75,51,113,53,57,35,11,112,62,80,102,132" hai2="122,26,70,114,2,36,103,125,79,39,63,31,21" hai3="119,61,16,117,66,99,65,42,45,133,134,131,123"/><W15/><G123/><T22/><D32/><U115/><E35/><V73/><F114/><W19/><G99/><T47/><D111/><U1/><E132/><N who="3" m="50794" /><G131/><T43/><D86/><U40/><E129/><V78/><F2/><W110/><G110/><T101/><D101/><U60/><E102/><V71/><F122/><W29/><G29/><T24/><D43/><U89/><E40/><V49/><F103/><W135/><G135/><T106/><D106/><U95/><E80/><V128/><F128/><W82/><G82/><T6/><D9/><U12/><E1/><V130/><F130/><W5/><G5/><T58/><D58/><U13/><E75/><V7/><F125/><W17/><G15/><T96/><D96/><U18/><REACH who="1" step="1"/><E13/><REACH who="1" ten="223,186,238,343" step="2"/><V30/><F73/><W14/><G14/><T69/><D69/><U74/><E74/><V93/><F71/><N who="3" m="42415" /><G66/><T100/><D100/><U87/><AGARI ba="0,1" hai="11,12,18,51,53,57,60,62,87,89,95,112,113,115" machi="87" ten="30,2000,0" yaku="1,1,0,1,53,0" doraHai="3" doraHaiUra="37" who="1" fromWho="1" sc="223,-5,186,30,238,-5,343,-10" owari="218,-18.2,216,-28.4,233,3.3,333,43.3" /></mjloggm>