<mjloggm ver="2.3"><GO type="225" lobby="0"/><UN n0="%E3%83%AD%E3%83%83%E3%83%86%E9%9B%80%E7%90%83" n1="%73%69%72%6F%75%74" n2="%E8%81%B7%E6%A5%AD%E3%80%81%E9%A2%A8%32" n3="%6D%75%75%6D%75%72%61" dan="17,16,16,16" rate="2272.77,2078.54,2126.21,2099.38" sx="M,M,M,F"/><TAIKYOKU oya="0"/><INIT seed="0,0,0,0,5,108" ten="250,250,250,250" oya="0" hai0="18,76,97,41,103,13,21,4,109,122,15,26,3" hai1="66,111,20,8,1,102,58,14,22,75,86,28,35" hai2="11,120,23,126,33,84,44,129,119,67,43,50,110" hai3="91,36,37,71,7,80,112,104,0,123,48,113,57"/><T68/><D122/><U9/><E75/><V93/><F110/><W114/><G71/><T19/><D109/><U92/><E111/><V85/><F33/><W131/><G104/><T59/><D68/><U60/><E1/><V32/><F32/><W65/><G123/><T40/><D3/><U38/><E38/><V133/><F126/><W130/><G7/><T125/><D125/><U73/><E73/><V127/><F67/><W53/><G65/><T106/><D76/><U51/><E35/><V47/><F11/><W74/><G0/><T78/><D78/><U81/><E51/><V12/><F119/><W107/><G107/><T10/><REACH who="0" step="1"/><D59/><REACH who="0" ten="240,250,250,250" step="2"/><U45/><E58/><V42/><F127/><W64/><G64/><T82/><D82/><U134/><E81/><V79/><F79/><N who="3" m="44151" /><G91/><T30/><D30/><U98/><E28/><V17/><F120/><W6/><G6/><T5/><D5/><U52/><E66/><V101/><F17/><W121/><G121/><T83/><D83/><U124/><E124/><V62/><F101/><W34/><G34/><T31/><D31/><U118/><E102/><V29/><F29/><W54/><G54/><T27/><D27/><U88/><E52/><V95/><F12/><W61/><G61/><T89/><D89/><U94/><E60/><V25/><F62/><W70/><G70/><T100/><D100/><N who="1" m="60487" /><E14/><V90/><F90/><W77/><G77/><T55/><D55/><U132/><E118/><V63/><F63/><W16/><G16/><T128/><D128/><AGARI ba="0,1" hai="36,37,48,53,57,112,113,114,128,130,131" m="44151" machi="128" ten="40,8000,1" yaku="19,1,52,3" doraHai="108" who="3" fromWho="0" sc="240,-80,250,0,250,0,250,90" /><INIT seed="1,0,0,3,0,36" ten="160,250,250,340" oya="1" hai0="93,60,38,51,68,102,128,117,130,24,112,126,57" hai1="42,113,56,77,25,18,109,108,33,22,37,83,6" hai2="16,79,75,3,85,0,5,106,40,74,61,12,88" hai3="41,86,27,47,84,72,64,63,32,71,124,119,96"/><U52/><E33/><V110/><F110/><N who="1" m="42601" /><E113/><V50/><F106/><W66/><G72/><T125/><D93/><U133/><E133/><V118/><F118/><W17/><G119/><T23/><D23/><U7/><E37/><V19/><F75/><W44/><G66/><N who="0" m="41031" /><D24/><U80/><E42/><V116/><F74/><W35/><G47/><T15/><D15/><U97/><E97/><V104/><F104/><W13/><G96/><T4/><D4/><N who="1" m="1579" /><E77/><V107/><F116/><W58/><G71/><T59/><D102/><U121/><E121/><V82/><F107/><W92/><G35/><T131/><D117/><U89/><E89/><V95/><F0/><W53/><G124/><N who="0" m="47723" /><D38/><U99/><E99/><N who="2" m="57831" /><F3/><W122/><G122/><T20/><D20/><U49/><AGARI ba="0,0" hai="18,22,25,49,52,56,80,83" m="1579,42601" machi="49" ten="30,6000,0" yaku="14,1,10,1,54,1" doraHai="36" who="1" fromWho="1" sc="160,-20,250,60,250,-20,340,-20" /><INIT seed="1,1,0,2,1,121" ten="140,310,230,320" oya="1" hai0="14,125,39,91,15,80,128,45,59,102,81,134,130" hai1="11,61,116,55,101,16,74,131,99,89,119,110,120" hai2="127,46,2,76,67,25,4,31,71,9,118,96,6" hai3="65,72,133,79,7,29,47,26,57,113,109,10,64"/><U70/><E120/><V34/><F118/><W36/><G113/><T3/><D3/><U108/><E74/><V54/><F127/><W126/><G126/><T86/><D125/><U17/><E89/><V0/><F76/><W63/><G133/><T98/><D134/><U87/><E87/><V114/><F114/><W88/><G109/><N who="1" m="42090" /><E131/><V58/><F46/><W129/><G129/><T124/><D45/><U42/><E42/><V100/><F67/><W68/><G79/><T135/><D91/><U41/><E41/><V92/><F71/><W13/><G72/><T38/><D86/><U53/><E70/><V23/><F6/><W60/><G88/><T20/><D135/><U48/><E61/><V32/><F2/><W112/><G112/><T56/><D124/><U123/><E123/><V97/><F96/><W40/><G68/><T24/><D98/><U107/><E55/><V66/><F66/><W22/><G63/><AGARI ba="1,0" hai="0,4,9,23,25,31,32,34,54,58,63,92,97,100" machi="63" ten="30,1000,0" yaku="7,1" doraHai="121" who="2" fromWho="3" sc="140,0,310,0,230,13,320,-13" /><INIT seed="2,0,0,3,4,71" ten="140,310,243,307" oya="2" hai0="37,113,94,117,110,122,97,74,128,50,56,19,67" hai1="111,49,112,62,124,95,1,76,35,44,30,81,72" hai2="90,45,11,108,23,29,43,86,60,104,131,133,96" hai3="3,63,55,116,92,93,28,16,70,38,41,73,15"/><V100/><F131/><W8/><G116/><T47/><D110/><U106/><E106/><V14/><F133/><W66/><G73/><T107/><D128/><U22/><E35/><V123/><F123/><W82/><G3/><T32/><D113/><U26/><E112/><V126/><F126/><W59/><G82/><T129/><D122/><U87/><E111/><V46/><F108/><W121/><G28/><T78/><D107/><U130/><E1/><V40/><F60/><W105/><G105/><T89/><D32/><U120/><E120/><V36/><F23/><W6/><G6/><T61/><D117/><U7/><E7/><V135/><F29/><W132/><G132/><T64/><D129/><U33/><E124/><V5/><F135/><W20/><G20/><T75/><D67/><U99/><E130/><V12/><F11/><W134/><G134/><T27/><D78/><U0/><E0/><V24/><F24/><W115/><G115/><T13/><D27/><U34/><E62/><V118/><F5/><W31/><G31/><T119/><D119/><U53/><E72/><V58/><F58/><W9/><G9/><T4/><D4/><U103/><AGARI ba="0,0" hai="22,26,30,33,34,44,49,53,76,81,87,95,99,103" machi="103" ten="20,1500,0" yaku="0,1,7,1" doraHai="71" who="1" fromWho="1" sc="140,-4,310,15,243,-7,307,-4" /><INIT seed="3,0,0,1,0,71" ten="136,325,236,303" oya="3" hai0="125,34,87,116,107,112,54,119,106,59,47,83,120" hai1="25,67,50,118,85,113,114,32,99,23,7,110,13" hai2="5,14,128,129,41,98,27,91,134,48,75,69,37" hai3="61,31,39,133,40,43,102,93,12,42,126,49,104"/><W9/><G104/><T56/><D47/><U60/><E110/><V135/><F75/><W28/><G126/><T89/><D54/><U0/><E0/><V29/><F69/><W127/><G127/><T77/><D34/><U51/><E118/><V131/><F48/><W19/><G133/><N who="2" m="50697" /><F98/><N who="3" m="59727" /><G39/><T132/><D132/><U124/><E32/><N who="2" m="20543" /><F91/><W122/><G122/><T55/><D55/><U36/><E36/><V66/><F66/><W17/><G61/><T115/><D125/><U18/><E99/><V15/><F41/><N who="3" m="15979" /><G19/><T26/><D89/><U96/><E96/><V22/><F37/><W105/><G105/><T30/><D120/><U53/><E114/><V109/><F109/><W73/><G73/><T108/><D108/><U35/><E113/><V86/><F86/><W81/><G81/><T97/><D97/><U78/><E85/><V65/><F65/><W90/><G90/><T101/><D87/><U58/><E124/><V3/><F22/><W74/><G74/><T44/><D83/><U63/><E35/><V76/><F76/><W16/><G17/><T95/><D26/><U10/><E78/><V79/><F79/><W117/><G117/><T21/><D77/><U57/><AGARI ba="0,0" hai="7,10,13,18,23,25,50,51,53,57,58,60,63,67" machi="57" ten="20,2700,0" yaku="0,1,7,1,8,1" doraHai="71" who="1" fromWho="1" sc="136,-7,325,27,236,-7,303,-13" owari="129,-37.1,352,45.2,229,-17.1,290,9.0" /></mjloggm>