<mjloggm ver="2.3"><GO type="225" lobby="0"/><UN n0="%74%61%6B%75%61%6B%61" n1="%E3%81%9F%E3%81%A3%E3%81%A1%E3%82%87" n2="%E9%B3%B3%E6%9D%B1%E3%81%AE%E3%81%86%E3%81%95%E3%81%8E%E3%81%95%E3%82%93" n3="%E6%81%AC%E6%B7%A1%E5%AF%82%E5%AF%9E" dan="16,16,16,16" rate="2170.70,2063.67,2238.47,2131.00" sx="M,M,M,F"/><TAIKYOKU oya="0"/><INIT seed="0,0,0,5,1,56" ten="250,250,250,250" oya="0" hai0="45,0,118,89,97,90,86,126,128,69,66,127,105" hai1="42,117,100,15,85,71,50,122,9,70,83,6,76" hai2="36,47,12,40,27,31,30,53,22,124,32,79,134" hai3="75,57,84,130,129,59,114,17,60,112,63,8,37"/><T99/><D0/><U49/><E122/><V10/><F134/><W16/><G75/><T77/><D45/><N who="1" m="25783" /><E117/><V81/><F124/><N who="0" m="47658" /><D66/><U125/><E125/><V24/><F53/><W48/><G37/><T116/><D69/><U133/><E133/><V35/><F22/><W87/><G48/><T80/><D128/><U107/><E50/><V14/><REACH who="2" step="1"/><F10/><AGARI ba="0,0" hai="8,10,16,17,57,59,60,63,84,87,112,114,129,130" machi="10" ten="25,8000,1" yaku="22,2,52,2,54,1" doraHai="56" who="3" fromWho="2" sc="250,0,250,0,250,-80,250,80" /><INIT seed="1,0,0,1,5,4" ten="250,250,170,330" oya="1" hai0="100,14,109,126,13,71,55,106,122,48,114,117,2" hai1="105,34,82,8,1,91,92,41,37,111,19,63,56" hai2="118,119,107,101,94,16,46,29,27,125,132,57,49" hai3="112,47,25,72,60,98,116,135,88,44,129,80,51"/><U45/><E105/><V113/><F132/><W40/><G112/><T131/><RYUUKYOKU type="yao9" ba="0,0" sc="250,0,250,0,170,0,330,0" hai0="2,13,14,48,55,71,100,106,109,114,117,122,126,131" /><INIT seed="1,1,0,5,2,131" ten="250,250,170,330" oya="1" hai0="83,66,121,44,35,73,15,75,93,133,76,11,17" hai1="95,34,101,6,100,29,61,127,18,98,72,7,117" hai2="78,122,10,27,106,33,85,128,46,116,103,53,19" hai3="51,99,36,126,47,67,42,86,57,80,112,134,120"/><U82/><E117/><V62/><F128/><W104/><G112/><T43/><D121/><U30/><E127/><V97/><F116/><W50/><G120/><T64/><D35/><U41/><E41/><V115/><F115/><W88/><G126/><T110/><D110/><U4/><E72/><V13/><F122/><W90/><G134/><T23/><D73/><U48/><E34/><V5/><F78/><W84/><G104/><T40/><D133/><U125/><E125/><V37/><F85/><W25/><G99/><T59/><D93/><U32/><E32/><V60/><F37/><W107/><G107/><T3/><D59/><U39/><E39/><V124/><F124/><W74/><G25/><T12/><D40/><U31/><E82/><V55/><F46/><W130/><G130/><T70/><D70/><U71/><E48/><V81/><F81/><W87/><G87/><T108/><D108/><U96/><E18/><V16/><F60/><W9/><G74/><T65/><D3/><U26/><E71/><V52/><REACH who="2" step="1"/><F62/><REACH who="2" ten="250,250,160,330" step="2"/><W2/><G86/><T105/><D65/><U14/><E61/><V58/><F58/><W69/><G57/><T92/><D64/><U21/><REACH who="1" step="1"/><E14/><REACH who="1" ten="250,240,160,330" step="2"/><V114/><F114/><W56/><G69/><T20/><D12/><U94/><AGARI ba="1,2" hai="4,6,7,21,26,29,30,31,94,95,96,98,100,101" machi="94" ten="30,12000,1" yaku="1,1,2,1,0,1,9,1,8,1,53,0" doraHai="131" doraHaiUra="109" who="1" fromWho="1" sc="250,-41,240,143,160,-41,330,-41" /><INIT seed="1,2,0,4,5,109" ten="209,383,119,289" oya="1" hai0="132,127,82,80,28,68,101,43,47,89,126,12,60" hai1="114,116,111,24,20,90,37,18,99,42,59,88,2" hai2="85,107,93,134,54,34,21,9,96,78,38,124,40" hai3="117,110,57,87,122,62,74,125,11,112,102,65,36"/><U133/><E114/><V6/><F134/><W46/><G112/><T3/><D3/><U22/><E116/><V81/><F124/><N who="0" m="47658" /><D132/><U66/><E2/><V118/><F34/><W129/><G74/><T26/><D101/><U17/><E111/><V106/><F118/><W131/><G102/><T25/><D12/><N who="1" m="9255" /><E37/><V35/><F35/><W48/><G125/><T33/><D25/><U8/><E133/><V61/><F21/><W103/><G103/><T104/><D104/><U72/><E72/><V0/><F54/><W64/><G11/><T86/><D60/><N who="1" m="38175" /><E42/><V130/><F130/><W73/><G73/><T52/><D68/><U7/><E99/><V121/><F121/><W67/><G36/><N who="0" m="21991" /><D52/><U119/><E119/><V15/><F61/><W58/><G110/><T79/><D79/><U69/><E69/><V39/><F39/><W5/><G117/><T113/><D113/><U108/><E108/><V83/><F0/><W31/><G122/><T29/><D29/><N who="1" m="17559" /><E7/><V98/><F38/><W75/><G5/><T23/><D33/><U45/><E45/><V56/><F40/><W135/><G75/><T27/><D27/><U49/><E49/><V50/><F50/><W51/><G31/><T97/><D97/><U16/><E8/><V1/><F1/><W4/><G4/><T123/><D123/><U94/><E90/><N who="2" m="55351" /><F98/><W76/><G135/><T128/><D128/><N who="3" m="49225" /><G62/><T71/><D71/><U41/><E41/><V115/><F115/><W92/><G51/><T14/><D14/><U100/><E88/><N who="2" m="51247" /><F56/><W13/><G13/><T30/><D30/><U77/><E77/><RYUUKYOKU ba="2,0" sc="209,10,383,10,119,10,289,-30" hai0="23,26,28,80,82,86,89" hai1="16,18,94,100" hai2="6,9,15,78,83,106,107" /><INIT seed="1,3,0,4,5,74" ten="219,393,129,259" oya="1" hai0="110,113,57,21,128,111,65,54,93,97,48,35,14" hai1="60,104,3,31,25,125,131,90,120,47,118,83,58" hai2="116,88,34,44,75,59,61,11,15,127,19,8,67" hai3="129,121,13,99,17,6,80,40,23,70,7,135,22"/><U133/><E118/><V84/><F127/><W132/><G70/><T0/><D0/><U24/><E3/><V77/><F116/><W85/><G121/><T38/><D35/><U42/><E120/><V29/><F75/><W117/><G129/><T98/><D113/><U134/><E131/><V1/><F34/><W82/><G99/><T115/><D115/><U87/><E104/><V96/><F29/><W43/><G117/><T30/><D128/><U89/><E89/><V62/><F44/><W66/><G66/><T33/><D38/><U100/><E100/><V51/><F51/><W18/><G85/><T92/><D33/><U46/><E125/><V124/><F124/><W109/><G13/><T79/><D65/><N who="1" m="39063" /><E31/><V103/><F61/><W63/><G63/><T106/><D106/><U78/><E90/><V28/><F28/><W56/><G56/><T9/><D30/><U52/><E42/><V64/><F64/><W55/><G55/><T39/><D54/><U32/><E32/><V12/><F1/><W81/><G81/><T45/><D39/><U114/><E114/><V107/><F88/><W126/><G126/><T36/><D36/><U27/><E52/><V94/><F107/><W72/><G72/><T41/><D41/><U105/><E105/><V86/><REACH who="2" step="1"/><F77/><REACH who="2" ten="219,393,119,259" step="2"/><W53/><G53/><T73/><D79/><U122/><E122/><V4/><AGARI ba="3,1" hai="4,8,11,12,15,19,59,62,67,84,86,94,96,103" machi="4" ten="20,8000,1" yaku="1,1,2,1,0,1,7,1,8,1,53,0" doraHai="74" doraHaiUra="37" who="2" fromWho="2" sc="219,-23,393,-43,119,99,259,-23" /><INIT seed="2,0,0,3,5,40" ten="196,350,218,236" oya="2" hai0="60,5,57,75,81,51,13,1,107,114,123,92,112" hai1="27,33,2,45,85,131,64,47,44,113,106,127,38" hai2="10,20,132,122,77,46,104,8,49,115,79,23,68" hai3="26,32,87,56,58,7,17,36,98,102,134,78,30"/><V12/><F115/><W88/><G36/><T71/><D107/><U24/><E106/><V42/><F122/><W97/><G7/><T4/><D1/><U52/><E113/><V69/><F104/><W72/><G134/><T11/><D123/><U21/><E2/><V129/><F132/><W14/><G98/><T61/><D4/><U25/><E38/><V118/><F118/><W54/><G78/><N who="2" m="29705" /><F69/><W96/><G72/><T76/><D92/><U62/><E33/><V63/><F68/><W82/><G58/><T3/><D3/><U29/><E131/><V31/><F129/><W48/><G102/><T65/><REACH who="0" step="1"/><D51/><REACH who="0" ten="186,350,218,236" step="2"/><N who="1" m="28775" /><E127/><V121/><F121/><W0/><G0/><T67/><AGARI ba="0,1" hai="5,11,13,57,60,61,65,67,71,75,76,81,112,114" machi="67" ten="20,2700,0" yaku="1,1,0,1,7,1,53,0" doraHai="40" doraHaiUra="100" who="0" fromWho="0" sc="186,37,350,-7,218,-13,236,-7" /><INIT seed="3,0,0,1,2,54" ten="223,343,205,229" oya="3" hai0="111,40,82,94,127,32,68,14,15,121,114,48,42" hai1="110,101,30,2,124,108,45,17,132,133,25,79,38" hai2="91,130,116,74,35,39,18,129,26,109,89,96,41" hai3="3,87,78,135,120,85,6,76,57,113,28,5,58"/><W69/><G120/><T33/><D121/><U0/><E124/><V19/><F116/><W119/><G113/><T51/><D68/><U88/><E101/><V12/><F74/><W37/><G37/><T46/><D127/><U52/><E79/><N who="3" m="30250" /><G69/><T1/><D1/><N who="1" m="619" /><E17/><V16/><F12/><N who="0" m="4650" /><D111/><N who="1" m="42539" /><E88/><V103/><F109/><W93/><G3/><T53/><D114/><U118/><E118/><V84/><F41/><W123/><G135/><T22/><D40/><N who="1" m="22679" /><E52/><V100/><F39/><W83/><G28/><T7/><D53/><U134/><E134/><V67/><F67/><W125/><G125/><T65/><D65/><U75/><E75/><V24/><F84/><W126/><G126/><T11/><D42/><U9/><E9/><V95/><F91/><N who="3" m="53487" /><G123/><T66/><D46/><U61/><E61/><V81/><F81/><W36/><G36/><T90/><D82/><U8/><E8/><V86/><F24/><W71/><G71/><T20/><D11/><U10/><E10/><V34/><F26/><W70/><G70/><T60/><D7/><N who="3" m="2569" /><G119/><T105/><D105/><U13/><E13/><V29/><F29/><W59/><G87/><T31/><D31/><U43/><E43/><V44/><F44/><W63/><G83/><T55/><D90/><U106/><E106/><N who="2" m="63751" /><F103/><W47/><G47/><N who="0" m="28063" /><D94/><U62/><E62/><AGARI ba="0,0" hai="57,58,59,62,63" m="2569,53487,30250" machi="62" ten="30,11600,0" yaku="8,1,52,3" doraHai="54" who="3" fromWho="1" sc="223,0,343,-116,205,0,229,116" owari="223,-17.7,227,2.7,205,-29.5,345,44.5" /></mjloggm>