<mjloggm ver="2.3"><GO type="225" lobby="0"/><UN n0="%E3%82%BC%E3%83%AB%E3%83%80%E3%81%AE%E4%BC%9D%E8%AA%AC" n1="%E5%B0%8F%37%34" n2="%E6%9D%B1%E9%A2%A8%E3%81%AE%E3%81%8D%E3%82%83%E3%81%B7%E3%81%95%E3%82%93" n3="%E3%81%BE%E3%81%A8%E3%81%9F" dan="17,16,16,16" rate="2181.68,2147.49,2124.61,2089.04" sx="M,M,M,M"/><TAIKYOKU oya="0"/><INIT seed="0,0,0,4,0,128" ten="250,250,250,250" oya="0" hai0="20,45,50,80,42,84,106,48,47,4,86,32,17" hai1="110,27,107,97,38,102,105,46,118,63,56,78,89" hai2="65,59,127,135,8,3,74,7,87,91,37,94,90" hai3="16,9,134,62,114,71,22,64,129,125,14,122,95"/><T41/><D32/><U69/><E118/><V85/><F74/><W25/><G114/><T92/><D106/><U58/><E110/><V30/><F37/><W120/><G129/><T24/><D4/><U44/><E78/><V104/><F104/><W117/><G117/><T36/><D36/><U5/><E107/><V61/><F30/><W51/><G125/><T108/><D108/><U83/><E5/><V26/><F26/><W81/><G95/><T109/><D109/><U15/><E15/><V54/><F127/><W112/><G112/><T31/><D92/><U67/><E27/><V115/><F115/><W1/><G1/><T79/><REACH who="0" step="1"/><D86/><REACH who="0" ten="240,250,250,250" step="2"/><U11/><E38/><V101/><F101/><W70/><G120/><T33/><D33/><U6/><E105/><V39/><F39/><W53/><G122/><T111/><D111/><U52/><E102/><V93/><REACH who="2" step="1"/><F65/><REACH who="2" ten="240,250,240,250" step="2"/><W73/><G64/><T75/><D75/><U121/><E67/><V126/><F126/><W116/><G73/><T49/><D49/><U0/><E121/><V21/><F21/><W132/><G51/><T76/><D76/><U82/><E11/><V133/><AGARI ba="0,2" hai="3,7,8,54,59,61,85,87,90,91,93,94,133,135" machi="133" ten="30,8000,1" yaku="1,1,0,1,9,1,52,2,53,0" doraHai="128" doraHaiUra="66" who="2" fromWho="2" sc="240,-40,250,-20,240,100,250,-20" /><INIT seed="1,0,0,2,0,82" ten="200,230,340,230" oya="1" hai0="94,50,54,73,130,1,104,77,11,68,28,90,128" hai1="84,123,62,112,76,99,49,83,21,51,4,24,14" hai2="65,17,0,116,57,135,2,46,113,59,86,29,20" hai3="10,66,72,80,95,56,101,37,53,98,110,102,132"/><U129/><E123/><V16/><F116/><W60/><G110/><T97/><D68/><U134/><E112/><V126/><F46/><W33/><G132/><T15/><D1/><U8/><E134/><V38/><F38/><W69/><G33/><T120/><D120/><U119/><E119/><V93/><F29/><W7/><G37/><T115/><D115/><U42/><E129/><N who="0" m="49769" /><D28/><N who="1" m="17423" /><E42/><V89/><F135/><W26/><G26/><T47/><D104/><U131/><E131/><V43/><F43/><W64/><G101/><T71/><D71/><U117/><E117/><V122/><F126/><W70/><G69/><T133/><D133/><U41/><E41/><V30/><F122/><W109/><G109/><T103/><D103/><U23/><E99/><V45/><F45/><W48/><G66/><T88/><D90/><U125/><E125/><V44/><F44/><W35/><G35/><T13/><D11/><U36/><E36/><V27/><F113/><W6/><G10/><T78/><D73/><U32/><E32/><V75/><F75/><W85/><REACH who="3" step="1"/><G72/><REACH who="3" ten="200,230,340,220" step="2"/><T105/><D105/><U39/><E39/><V124/><F124/><W34/><G34/><T127/><D127/><U91/><E23/><V12/><F20/><W107/><G107/><T55/><D55/><U67/><E67/><V25/><F65/><W106/><G106/><T118/><D118/><U108/><E108/><V19/><F27/><W92/><G92/><T114/><D114/><U40/><E40/><V79/><F25/><W87/><G87/><T63/><D63/><U74/><E62/><V31/><F93/><AGARI ba="0,1" hai="4,8,14,49,51,74,76,83,84,91,93" m="17423" machi="93" ten="30,2900,0" yaku="6,1,52,1" doraHai="82" who="1" fromWho="2" sc="200,0,230,39,340,-29,220,0" /><INIT seed="1,1,0,1,2,97" ten="200,269,311,220" oya="1" hai0="78,117,111,123,26,95,113,31,43,56,107,64,128" hai1="110,65,100,2,93,90,122,32,126,92,0,38,79" hai2="114,62,58,106,66,49,103,75,119,51,115,105,6" hai3="131,53,59,24,48,1,82,55,28,60,61,47,96"/><U57/><E122/><V25/><F75/><W37/><G131/><T89/><D117/><U70/><E38/><V19/><F6/><W63/><G1/><T133/><D113/><U77/><E32/><V54/><F119/><W67/><G37/><T21/><D107/><U130/><E70/><V52/><F25/><W23/><G67/><T41/><D128/><U13/><E130/><V134/><F19/><W132/><G132/><T8/><D133/><U44/><E126/><V5/><F5/><W3/><G3/><T9/><D111/><U72/><E72/><V50/><F134/><W109/><G109/><T94/><D78/><U91/><E110/><V29/><F29/><W83/><REACH who="3" step="1"/><G96/><REACH who="3" ten="200,269,311,210" step="2"/><T46/><D123/><U121/><E0/><V87/><F87/><W118/><G118/><T14/><D43/><U71/><E2/><V22/><F114/><W127/><G127/><T18/><D8/><U34/><E121/><V7/><F115/><W40/><G40/><T73/><D73/><U33/><E71/><V36/><F36/><W84/><G84/><T85/><D64/><U68/><E68/><V30/><F66/><W86/><G86/><T76/><D76/><U88/><E79/><V108/><F108/><W116/><G116/><T42/><D42/><U80/><E77/><V99/><F99/><W98/><G98/><T20/><D9/><U102/><E65/><V4/><F106/><W69/><G69/><T11/><D11/><U45/><E80/><AGARI ba="1,1" hai="23,24,28,47,48,53,55,59,60,61,63,80,82,83" machi="80" ten="40,2600,0" yaku="1,1,8,1,53,0" doraHai="97" doraHaiUra="120" who="3" fromWho="1" sc="200,0,269,-29,311,0,210,39" /><INIT seed="2,0,0,1,1,72" ten="200,240,311,249" oya="2" hai0="38,115,2,40,46,99,32,8,89,76,47,88,15" hai1="74,80,118,100,114,132,87,22,17,23,44,77,86" hai2="53,56,12,19,113,110,1,62,18,58,65,34,98" hai3="57,79,125,123,11,64,104,95,90,133,103,126,94"/><V83/><F34/><W107/><G11/><T75/><D115/><U42/><E114/><V45/><F1/><W26/><G26/><T41/><D32/><U109/><E118/><V4/><F113/><W96/><G57/><T21/><D21/><U13/><E109/><V39/><F110/><W129/><G64/><T27/><D27/><U66/><E132/><V117/><F117/><W121/><G133/><T124/><D124/><N who="3" m="47721" /><G129/><T10/><D99/><U51/><E100/><V48/><F98/><N who="3" m="61559" /><G79/><T36/><D15/><U20/><REACH who="1" step="1"/><E66/><REACH who="1" ten="200,230,311,249" step="2"/><V49/><F65/><W108/><G108/><T67/><D67/><U85/><AGARI ba="0,1" hai="13,17,20,22,23,42,44,51,74,77,80,85,86,87" machi="85" ten="30,7900,0" yaku="1,1,2,1,0,1,52,1,53,0" doraHai="72" doraHaiUra="119" who="1" fromWho="1" sc="200,-20,230,89,311,-39,249,-20" /><INIT seed="3,0,0,5,2,115" ten="180,319,272,229" oya="3" hai0="109,32,27,59,77,31,65,116,40,29,119,26,14" hai1="4,8,72,90,112,54,81,85,34,45,57,51,1" hai2="50,111,100,83,97,87,21,36,17,61,79,130,41" hai3="33,62,5,103,133,68,37,11,69,135,70,88,113"/><W28/><G113/><T91/><D109/><U76/><E112/><V134/><F134/><N who="3" m="51211" /><G37/><T67/><D77/><U131/><E131/><V6/><F130/><W55/><G103/><T49/><D14/><U108/><E108/><V2/><F111/><W9/><G5/><T78/><D78/><U0/><E34/><V107/><F36/><W106/><G106/><T58/><D91/><U42/><E0/><V132/><F61/><W20/><G20/><T74/><D74/><U52/><E57/><V127/><F127/><W125/><G125/><T96/><D96/><U63/><E63/><V56/><F6/><W118/><G118/><T39/><D39/><U13/><E1/><V86/><F2/><W30/><G33/><T80/><D80/><AGARI ba="0,0" hai="4,8,13,42,45,51,52,54,72,76,80,81,85,90" machi="80" ten="30,2000,0" yaku="7,1,54,1" doraHai="115" who="1" fromWho="0" sc="180,-20,319,20,272,0,229,0" owari="160,-34.0,339,43.9,272,7.2,229,-17.1" /></mjloggm>