<mjloggm ver="2.3"><GO type="225" lobby="0"/><UN n0="%65%6B%61%72%75%74%65" n1="%33%74%72%65%65" n2="%72%69%6F%75%63%68%61%6E" n3="%E4%BF%BA%E3%81%A8%E5%A6%96%E5%A4%A2" dan="16,16,17,17" rate="2096.38,2153.94,2237.98,2136.88" sx="M,F,M,F"/><TAIKYOKU oya="0"/><INIT seed="0,0,0,4,5,85" ten="250,250,250,250" oya="0" hai0="103,127,41,118,92,9,126,27,128,105,83,125,53" hai1="15,94,109,7,8,54,98,81,74,131,91,96,87" hai2="22,130,68,112,45,65,133,88,134,12,23,31,115" hai3="66,97,75,38,48,19,29,70,62,116,80,46,117"/><T82/><D118/><U13/><E109/><V0/><F0/><W72/><G29/><T16/><D128/><U18/><E131/><V6/><F130/><W33/><G33/><T10/><D105/><U99/><E74/><V69/><F45/><W90/><G38/><T36/><D53/><U107/><E107/><V4/><F31/><W47/><G47/><T55/><D55/><U37/><E37/><V28/><F28/><W132/><G132/><N who="2" m="50793" /><F65/><W64/><G64/><T63/><D63/><U124/><E124/><V32/><F32/><W100/><G19/><T121/><D121/><U26/><E26/><V39/><F39/><W61/><G61/><T60/><D60/><U77/><REACH who="1" step="1"/><E54/><REACH who="1" ten="250,240,250,250" step="2"/><V11/><F115/><W78/><G72/><T76/><D36/><U17/><E17/><N who="2" m="8351" /><F112/><W129/><G129/><T30/><D41/><U71/><E71/><N who="2" m="27211" /><F4/><W59/><G70/><T5/><D5/><U93/><E93/><V119/><F6/><W42/><G117/><T52/><D52/><U56/><E56/><V67/><F119/><W51/><G116/><T20/><D30/><U34/><E34/><V122/><F122/><W25/><G51/><T108/><D108/><U95/><E95/><V3/><F3/><W89/><REACH who="3" step="1"/><G25/><REACH who="3" ten="250,240,250,240" step="2"/><T113/><D113/><U84/><E84/><V102/><F67/><W104/><AGARI ba="0,2" hai="42,46,48,59,62,66,75,78,80,89,90,97,100,104" machi="104" ten="20,12000,2" yaku="1,1,2,1,0,1,7,1,52,2,53,0" doraHai="85" doraHaiUra="110" who="3" fromWho="3" sc="250,-60,240,-30,250,-30,240,140" /><INIT seed="1,0,0,0,3,49" ten="190,210,220,380" oya="1" hai0="104,23,84,129,106,39,26,32,107,81,37,132,41" hai1="71,94,68,42,91,2,54,47,96,5,62,60,21" hai2="8,67,88,6,77,112,12,118,34,69,78,45,133" hai3="115,90,30,35,38,4,24,98,65,33,29,74,117"/><U128/><E128/><V95/><F118/><W22/><G115/><T40/><D129/><U27/><E2/><V15/><F112/><W130/><G38/><T87/><D32/><U72/><E72/><V111/><F111/><W105/><G74/><T0/><D0/><U101/><E5/><V44/><F34/><W121/><G121/><T93/><D93/><U131/><E131/><V99/><F133/><W56/><G130/><T70/><D70/><U122/><E122/><V114/><F114/><W25/><G117/><T20/><D26/><U127/><E127/><V80/><F78/><W125/><G125/><T103/><D103/><U31/><E101/><V110/><F110/><W82/><G4/><T64/><D64/><U17/><E31/><V89/><F89/><W10/><G10/><T134/><REACH who="0" step="1"/><D104/><REACH who="0" ten="180,210,220,380" step="2"/><U123/><E123/><V108/><F108/><W85/><G33/><T28/><D28/><U14/><E27/><V113/><F113/><W11/><G105/><T86/><D86/><U116/><E116/><V16/><F67/><W50/><G65/><T7/><D7/><U46/><E71/><V102/><F102/><W119/><G119/><T59/><D59/><U83/><E68/><V18/><F69/><W48/><G56/><T73/><D73/><U97/><E97/><V61/><F6/><W126/><G126/><T58/><D58/><U43/><E94/><V124/><F124/><W9/><G98/><T135/><D135/><U63/><E96/><V109/><F109/><W3/><G3/><T1/><D1/><U51/><E47/><V92/><F44/><RYUUKYOKU ba="0,1" sc="180,10,210,10,220,-30,380,10" hai0="20,23,37,39,40,41,81,84,87,106,107,132,134" hai1="14,17,21,42,43,46,51,54,60,62,63,83,91" hai3="9,11,22,24,25,29,30,35,48,50,82,85,90" /><INIT seed="1,1,1,5,0,92" ten="190,220,190,390" oya="1" hai0="70,76,17,100,84,134,52,102,53,50,31,78,45" hai1="111,36,106,69,105,124,133,60,98,115,85,42,114" hai2="65,4,108,46,44,58,125,91,97,110,27,77,12" hai3="30,118,1,95,32,63,130,19,113,128,26,93,80"/><U41/><E36/><V101/><F125/><W71/><G113/><T83/><D134/><U96/><E133/><V123/><F123/><W14/><G1/><T20/><D70/><U38/><E38/><V29/><F77/><W54/><G80/><T61/><D31/><U104/><E124/><V3/><F3/><W62/><G118/><T51/><D61/><U82/><E111/><N who="2" m="42539" /><F91/><W55/><G63/><T15/><REACH who="0" step="1"/><D76/><REACH who="0" ten="180,220,190,390" step="2"/><U34/><E115/><V6/><F65/><W135/><G135/><T0/><D0/><U7/><E114/><V48/><F58/><AGARI ba="1,2" hai="15,17,20,45,50,51,52,53,58,78,83,84,100,102" machi="58" ten="30,7700,0" yaku="1,1,7,1,8,1,54,1,53,0" doraHai="92" doraHaiUra="21" who="0" fromWho="2" sc="180,100,220,0,190,-80,390,0" /><INIT seed="2,0,0,3,0,115" ten="280,220,110,390" oya="2" hai0="112,125,103,98,65,70,11,52,46,63,37,29,51" hai1="127,105,101,118,5,123,95,44,21,38,74,79,9" hai2="131,48,96,81,39,87,50,104,69,15,56,14,106" hai3="120,135,24,80,91,18,71,20,90,47,84,89,60"/><V62/><F131/><W85/><G120/><T124/><D112/><U73/><E123/><V114/><F114/><W10/><G135/><T66/><D66/><U133/><E133/><V119/><F39/><W53/><G71/><T6/><D29/><U2/><E127/><V8/><F69/><W64/><G64/><T36/><D124/><U72/><E95/><V129/><F129/><W121/><G121/><T102/><D102/><U7/><E21/><V61/><F96/><W12/><G85/><T28/><D28/><U108/><E5/><V1/><F1/><W33/><G33/><T86/><D86/><U4/><E4/><V132/><F132/><W0/><G0/><T16/><D125/><U22/><E22/><V55/><F119/><W130/><G130/><T97/><D97/><N who="1" m="61615" /><E118/><V26/><F26/><W35/><G35/><T111/><D111/><U83/><E108/><V88/><F48/><N who="3" m="28831" /><G60/><T107/><REACH who="0" step="1"/><D16/><AGARI ba="0,0" hai="10,12,16,18,20,24,80,84,89,90,91" m="28831" machi="16" ten="30,3900,0" yaku="25,1,8,1,54,1" doraHai="115" who="3" fromWho="0" sc="280,-39,220,0,110,0,390,39" /><INIT seed="3,0,0,4,3,11" ten="241,220,110,429" oya="3" hai0="20,16,63,39,41,117,38,116,13,14,35,115,86" hai1="124,130,24,128,99,64,91,119,18,90,42,65,94" hai2="1,55,118,3,134,135,88,109,125,113,21,101,59" hai3="127,110,75,72,129,17,74,28,92,6,44,95,98"/><W9/><G127/><T31/><D115/><U43/><E124/><V89/><F113/><W5/><G129/><N who="1" m="49770" /><E119/><V0/><F118/><W19/><G110/><T25/><D39/><U108/><E108/><V12/><F125/><W69/><G69/><T122/><D122/><U36/><E90/><V107/><F109/><W34/><G44/><T56/><D86/><U62/><E36/><V30/><F101/><W84/><G84/><T106/><D106/><U2/><E2/><V15/><F107/><W10/><G28/><T33/><D33/><U123/><E65/><V79/><F79/><W105/><G34/><T4/><D41/><U54/><E54/><V120/><F120/><W27/><G27/><T58/><D38/><U133/><E133/><N who="2" m="50699" /><F21/><W32/><G32/><T104/><D104/><U111/><E111/><V49/><F30/><W60/><G74/><T114/><D114/><U52/><E123/><V96/><F89/><W46/><G105/><T121/><D121/><U70/><E52/><V82/><F82/><W45/><G60/><T80/><D80/><U93/><E93/><AGARI ba="0,0" hai="0,1,3,12,15,49,55,59,88,93,96" m="50699" machi="93" ten="40,8000,1" yaku="20,1,52,2,54,1" doraHai="11" who="2" fromWho="1" sc="241,0,220,-80,110,80,429,0" owari="241,4.1,140,-36.0,190,-21.0,429,52.9" /></mjloggm>