<mjloggm ver="2.3"><GO type="225" lobby="0"/><UN n0="%E7%99%BD%E6%97%A5%E9%9B%AA%E8%8F%9C" n1="%E3%81%82%E3%81%99%E3%81%AB%E3%82%83%E3%82%80" n2="%E3%82%A2%E3%83%BC%E3%83%A2%E3%83%AD%E3%83%BC%E3%83%B4%E3%82%A1" n3="%E3%81%B2%E3%81%AA%E3%81%AE%E3%82%8A%E3%81%8F" dan="16,16,16,17" rate="2210.45,2142.01,2194.10,2228.75" sx="M,F,M,M"/><TAIKYOKU oya="0"/><INIT seed="0,0,0,4,0,122" ten="250,250,250,250" oya="0" hai0="121,68,96,15,72,93,116,91,106,99,78,8,17" hai1="0,119,29,42,14,131,70,12,38,28,80,49,41" hai2="57,32,59,117,98,45,73,102,77,53,110,104,26" hai3="130,112,101,76,35,124,31,62,66,74,82,129,7"/><T3/><D116/><U133/><E0/><V10/><F117/><W40/><G112/><T88/><D121/><U39/><E119/><V5/><F110/><W60/><G124/><T126/><D68/><U54/><E70/><V64/><F64/><W79/><G79/><T2/><D126/><U27/><E131/><V97/><F97/><W105/><G7/><T55/><D55/><U132/><E80/><V115/><F115/><W63/><G40/><N who="1" m="15466" /><E54/><V19/><F77/><W18/><G18/><T107/><D107/><U118/><E27/><V84/><F84/><W135/><G135/><N who="1" m="51786" /><E49/><V13/><F73/><W127/><G127/><T114/><D114/><U30/><E118/><V11/><F45/><W113/><G113/><T87/><D106/><U33/><E33/><V92/><F104/><W128/><G105/><T34/><D34/><U51/><E51/><V23/><F53/><W123/><G123/><T61/><D61/><U67/><E67/><V65/><F65/><W37/><G37/><AGARI ba="0,0" hai="12,14,28,29,30,37,38,39" m="51786,15466" machi="37" ten="40,5200,0" yaku="28,2,20,1" doraHai="122" who="1" fromWho="3" sc="250,0,250,52,250,0,250,-52" /><INIT seed="1,0,0,4,1,135" ten="250,302,250,198" oya="1" hai0="42,112,102,71,43,98,50,61,33,92,55,2,109" hai1="87,115,23,34,14,67,51,1,3,15,45,105,72" hai2="38,75,56,31,17,16,62,9,64,123,76,13,12" hai3="100,70,22,32,116,73,94,58,57,28,119,99,132"/><U5/><E34/><V39/><F123/><W111/><G132/><T122/><D112/><U95/><E72/><V89/><F89/><W82/><G70/><T103/><D33/><U133/><E105/><V40/><F31/><W125/><G32/><T124/><D2/><U85/><E133/><V54/><F40/><W106/><G111/><T11/><D109/><U35/><E35/><V117/><F117/><N who="3" m="45131" /><G106/><T131/><D131/><U118/><E67/><V44/><F76/><N who="3" m="44303" /><G125/><T63/><D124/><U65/><E65/><V88/><F75/><W86/><G86/><T120/><D11/><U66/><E66/><V60/><F88/><W52/><G52/><T80/><D80/><U126/><E126/><V96/><F96/><W127/><G127/><T74/><D74/><U26/><E87/><V84/><F84/><W10/><G10/><T8/><D8/><U108/><E108/><V83/><F83/><W37/><G37/><T129/><D71/><U46/><E85/><V134/><F134/><W101/><G101/><T21/><D103/><U128/><E118/><V25/><F13/><W24/><AGARI ba="0,0" hai="22,24,28,57,58,94,99,100" m="44303,45131" machi="24" ten="30,1100,0" yaku="12,1" doraHai="135" who="3" fromWho="3" sc="250,-3,302,-5,250,-3,198,11" /><INIT seed="2,0,0,1,4,44" ten="247,297,247,209" oya="2" hai0="11,7,132,40,134,97,3,12,20,58,70,99,100" hai1="104,126,59,37,33,8,60,43,109,2,81,77,66" hai2="133,93,103,76,129,27,21,53,102,24,111,36,94" hai3="116,16,130,42,55,17,1,121,5,112,29,61,0"/><V123/><F123/><W72/><G121/><T6/><D70/><U127/><E109/><V23/><F133/><N who="0" m="51306" /><D40/><U88/><E33/><V105/><F129/><W125/><G116/><T92/><D58/><U122/><E104/><V91/><F36/><W87/><G72/><T107/><D20/><N who="2" m="7754" /><F105/><W45/><G130/><T32/><D32/><U120/><E88/><V46/><F76/><W73/><G73/><T47/><D47/><N who="1" m="24047" /><E2/><V31/><F31/><W28/><G112/><T39/><D39/><U96/><E96/><N who="2" m="59671" /><F103/><W80/><G5/><N who="0" m="3183" /><D3/><U64/><E8/><V110/><F110/><W71/><G125/><N who="1" m="47626" /><E64/><V38/><F38/><W85/><G1/><T98/><D98/><U48/><E120/><V115/><F115/><W74/><G0/><T51/><D99/><U50/><E122/><V9/><F9/><W119/><G119/><T18/><D107/><U135/><E135/><V19/><F19/><W128/><G128/><T79/><D79/><U57/><E57/><V62/><F111/><W65/><G29/><T15/><D18/><U108/><E108/><V95/><F95/><W75/><G28/><T63/><D92/><U34/><E34/><V10/><F10/><W106/><G106/><T89/><D100/><U83/><E83/><V49/><F62/><W78/><G80/><T68/><D63/><U56/><E56/><V86/><AGARI ba="0,0" hai="24,27,46,49,53,86,91,93" m="59671,7754" machi="86" ten="30,3000,0" yaku="8,1,52,1" doraHai="44" who="2" fromWho="2" sc="247,-10,297,-10,247,30,209,-10" /><INIT seed="2,1,0,5,2,50" ten="237,287,277,199" oya="2" hai0="13,2,27,58,22,127,53,34,8,65,6,69,37" hai1="82,121,132,103,47,97,0,99,109,66,77,105,90" hai2="16,25,95,24,18,40,106,32,85,101,4,83,110" hai3="20,122,80,72,126,44,98,23,116,64,3,33,91"/><V76/><F106/><W28/><G3/><T133/><D37/><U12/><E0/><V112/><F112/><W54/><G122/><T67/><D127/><U102/><E66/><V120/><F120/><W48/><G116/><T38/><D38/><U30/><E30/><V89/><F101/><W84/><G126/><T21/><D133/><U88/><E12/><V1/><F40/><W10/><G72/><T119/><D69/><U114/><E47/><V19/><F32/><W41/><G64/><T73/><D73/><N who="1" m="43311" /><E121/><V26/><F110/><W46/><G98/><T94/><D119/><U52/><E52/><V71/><F71/><W35/><G10/><T7/><D94/><N who="1" m="58679" /><E114/><V49/><F49/><W100/><G100/><T56/><D6/><U60/><E60/><V123/><F123/><W118/><G118/><T70/><D70/><U135/><E109/><V117/><F117/><W81/><G35/><T128/><D58/><U61/><E61/><V74/><F4/><W9/><G9/><N who="0" m="2295" /><D34/><U15/><E15/><V96/><REACH who="2" step="1"/><F1/><REACH who="2" ten="237,287,267,199" step="2"/><W14/><G33/><T11/><D128/><U130/><E130/><V129/><F129/><W62/><G48/><T5/><D5/><U17/><E132/><V36/><F36/><W86/><G41/><T59/><D59/><U55/><E135/><V131/><F131/><W75/><G46/><T93/><D56/><U39/><E39/><V68/><F68/><W63/><G44/><T134/><D134/><U125/><E103/><V29/><F29/><W113/><G113/><T51/><D51/><U43/><E105/><V107/><F107/><RYUUKYOKU ba="1,1" sc="237,-10,287,-10,267,30,199,-10" hai2="16,18,19,24,25,26,74,76,83,85,89,95,96" /><INIT seed="2,2,1,5,2,29" ten="227,277,297,189" oya="2" hai0="61,119,91,107,5,126,16,47,18,9,63,6,121" hai1="32,42,73,79,27,101,1,108,2,15,59,50,92" hai2="53,36,117,134,86,94,83,122,62,95,43,133,118" hai3="74,49,48,14,111,114,115,135,120,65,41,67,96"/><V12/><F12/><W100/><G74/><T22/><D121/><U46/><E108/><V132/><F122/><W109/><G120/><T110/><D107/><U55/><E15/><V28/><F28/><W11/><G135/><T35/><D110/><N who="3" m="41993" /><G67/><T17/><D126/><U51/><E27/><V81/><F43/><W24/><G65/><T21/><D119/><N who="2" m="45578" /><F36/><W106/><G24/><T38/><D35/><U31/><E31/><V33/><F33/><W0/><G0/><T89/><D38/><U60/><E32/><V123/><F123/><W4/><G41/><T30/><D47/><U72/><E79/><N who="2" m="46399" /><F83/><W68/><G68/><T58/><D30/><U70/><E1/><V20/><F20/><N who="0" m="7786" /><D9/><U26/><E26/><V76/><F76/><W104/><G104/><T102/><D102/><U10/><E10/><V127/><F127/><W112/><AGARI ba="2,1" hai="4,11,14,48,49,96,100,106,112,114,115" m="41993" machi="112" ten="40,2700,0" yaku="11,1,14,1" doraHai="29" who="3" fromWho="3" sc="227,-9,277,-9,297,-15,189,43" /><INIT seed="3,0,0,4,1,67" ten="218,268,282,232" oya="3" hai0="78,72,64,98,23,105,6,107,5,10,60,81,33" hai1="35,61,25,24,92,63,115,123,38,16,79,121,128" hai2="3,34,90,21,112,87,37,52,135,18,88,55,130" hai3="111,57,53,76,85,17,95,126,2,49,56,122,96"/><W47/><G122/><T114/><D33/><U0/><E115/><V50/><F112/><W41/><G2/><T120/><D114/><U99/><E38/><V8/><F37/><W1/><G1/><T11/><D120/><U132/><E0/><V70/><F70/><W101/><G126/><T30/><D10/><U48/><E123/><V62/><F34/><W59/><G111/><T75/><D75/><U133/><E121/><V44/><F135/><N who="1" m="51785" /><E128/><V102/><F102/><W13/><G85/><T127/><D127/><U27/><E79/><V58/><F130/><W124/><G76/><T40/><D40/><U103/><E35/><V80/><F8/><W54/><REACH who="3" step="1"/><G124/><REACH who="3" ten="218,268,282,222" step="2"/><T19/><D78/><U39/><E39/><V93/><F3/><W117/><G117/><T28/><D72/><U82/><E82/><V22/><F18/><W9/><AGARI ba="0,1" hai="9,13,17,41,47,49,53,54,56,57,59,95,96,101" machi="9" ten="30,11700,0" yaku="1,1,0,1,8,1,53,1" doraHai="67" doraHaiUra="15" who="3" fromWho="3" sc="218,-39,268,-39,282,-39,222,127" owari="179,-32.1,229,-17.1,243,4.3,349,44.9" /></mjloggm>