<mjloggm ver="2.3"><GO type="225" lobby="0"/><UN n0="%73%69%72%6F%75%74" n1="%E5%A4%96%E5%B7%9D%E7%AB%9C%E6%88%90" n2="%73%6C%69%63%6B%33%31%39" n3="%E3%81%A6%E3%81%A4%EF%BC%A3" dan="16,16,16,16" rate="2005.44,2115.20,2183.38,2063.94" sx="M,M,M,M"/><TAIKYOKU oya="0"/><INIT seed="0,0,0,5,1,85" ten="250,250,250,250" oya="0" hai0="39,99,81,127,34,103,9,17,88,113,71,66,72" hai1="3,11,33,12,134,48,46,115,77,94,124,38,76" hai2="14,120,90,87,60,23,123,28,64,6,13,84,132" hai3="67,50,30,41,122,52,8,56,114,7,131,126,65"/><T86/><D113/><U16/><E115/><V44/><F132/><W116/><G114/><T91/><D39/><U69/><E134/><V47/><F120/><W51/><G122/><T42/><D34/><U24/><E38/><V118/><F118/><W57/><G116/><T68/><D72/><U98/><E69/><V2/><F2/><W89/><G131/><T117/><D117/><U78/><E3/><V36/><F123/><W82/><G126/><T62/><D42/><U15/><E124/><V40/><F44/><W10/><G30/><T83/><D127/><U119/><E119/><V32/><F32/><W49/><G41/><T97/><D71/><U70/><E70/><V80/><F6/><W107/><G107/><T105/><D99/><U135/><E15/><V5/><F5/><W54/><G50/><T20/><D9/><N who="3" m="3689" /><G7/><T128/><D128/><U110/><E110/><V27/><REACH who="2" step="1"/><F84/><AGARI ba="0,0" hai="49,51,52,54,56,57,65,67,82,84,89" m="3689" machi="84" ten="30,3900,0" yaku="8,1,52,1,54,1" doraHai="85" who="3" fromWho="2" sc="250,0,250,0,250,-39,250,39" /><INIT seed="1,0,0,5,1,110" ten="250,250,211,289" oya="1" hai0="71,5,98,102,107,58,133,97,128,81,92,49,17" hai1="20,47,100,99,57,31,134,36,108,66,26,19,51" hai2="32,8,106,33,62,61,60,121,46,9,64,13,21" hai3="54,86,55,44,116,90,84,135,93,101,14,22,95"/><U15/><E134/><V129/><F121/><W35/><G35/><T2/><D71/><U18/><E36/><V76/><F106/><W16/><G135/><T24/><D133/><U25/><E108/><V53/><F64/><W63/><G116/><T117/><D117/><U67/><E57/><V6/><F129/><W82/><G101/><T112/><D128/><U122/><E122/><V72/><F21/><W75/><G75/><T105/><D112/><U120/><E120/><V11/><F72/><W0/><G0/><T10/><D81/><U65/><E15/><V87/><F33/><W68/><G44/><T4/><D4/><U59/><E59/><V83/><REACH who="2" step="1"/><F32/><REACH who="2" ten="250,250,201,289" step="2"/><W111/><G111/><T123/><D107/><U1/><E26/><V34/><F34/><W126/><G126/><T29/><D123/><U40/><REACH who="1" step="1"/><E1/><REACH who="1" ten="250,240,201,289" step="2"/><V41/><F41/><W30/><G68/><T28/><D2/><U56/><E56/><V74/><F74/><W23/><G63/><T130/><D130/><U43/><E43/><V42/><F42/><W45/><G45/><T77/><D58/><U115/><E115/><V48/><AGARI ba="0,2" hai="6,8,9,11,13,46,48,53,60,61,62,76,83,87" machi="48" ten="30,4000,0" yaku="1,1,0,1,8,1,53,0" doraHai="110" doraHaiUra="113" who="2" fromWho="2" sc="250,-10,240,-20,201,60,289,-10" /><INIT seed="2,0,0,4,4,94" ten="240,220,261,279" oya="2" hai0="20,96,87,125,63,10,79,27,9,26,127,112,135" hai1="50,72,19,30,56,61,131,88,121,8,114,102,38" hai2="28,41,68,90,99,77,113,35,55,124,31,92,1" hai3="11,108,80,32,46,89,95,51,66,122,75,128,97"/><V105/><F113/><W25/><G122/><T69/><D112/><U117/><E114/><V120/><F120/><W74/><G128/><T101/><D79/><U14/><E117/><V53/><F1/><W17/><G108/><T29/><D87/><U33/><E72/><V21/><F35/><W36/><G36/><T43/><D43/><U2/><E38/><V116/><F68/><W93/><G66/><T60/><D135/><U85/><E121/><V98/><F116/><W73/><G11/><T100/><D69/><U76/><E76/><V47/><F77/><W134/><G134/><T111/><D111/><U91/><E131/><V13/><F124/><N who="0" m="47690" /><D101/><U110/><E102/><V16/><F99/><W57/><G80/><T0/><D27/><U132/><E132/><V78/><F78/><W5/><G93/><N who="0" m="58383" /><D0/><U71/><E2/><V119/><F105/><W45/><G75/><T40/><D40/><U58/><E71/><V130/><F130/><W82/><G82/><T67/><D67/><N who="1" m="39335" /><E110/><V81/><F81/><W37/><G37/><T65/><D65/><U115/><E85/><V12/><F119/><W42/><G74/><T84/><D84/><U133/><E133/><V126/><F126/><W6/><G42/><T107/><D107/><U15/><E115/><V48/><F12/><W7/><G73/><T103/><D103/><U22/><E33/><V104/><F104/><W109/><G109/><T18/><D9/><U86/><E86/><V34/><F34/><W23/><G32/><N who="0" m="20535" /><D10/><U64/><E64/><V52/><AGARI ba="0,0" hai="13,16,21,28,31,41,47,48,52,53,55,90,92,98" machi="52" ten="30,12000,1" yaku="0,1,8,1,52,1,54,2" doraHai="94" who="2" fromWho="2" sc="240,-40,220,-40,261,120,279,-40" /><INIT seed="2,1,0,4,4,116" ten="200,180,381,239" oya="2" hai0="53,40,88,114,30,86,33,27,89,44,4,124,90" hai1="21,127,23,69,29,118,109,7,106,73,63,19,41" hai2="51,130,93,103,125,60,13,34,47,54,117,108,0" hai3="80,65,76,102,97,11,131,79,42,38,35,22,121"/><V110/><F0/><W123/><G35/><T126/><D114/><U85/><E73/><V75/><F117/><W62/><G22/><T66/><D66/><U91/><E106/><V132/><F34/><W26/><G26/><T8/><D53/><U68/><E118/><V83/><F130/><W81/><G11/><T120/><D120/><N who="3" m="46153" /><G42/><T98/><D98/><U70/><E127/><N who="0" m="48681" /><D86/><U94/><E109/><V92/><F125/><W14/><G14/><N who="0" m="5383" /><D90/><U119/><E119/><V5/><F60/><W25/><G38/><AGARI ba="1,0" hai="27,30,33,38,40,44,88,89" m="5383,48681" machi="38" ten="30,2000,0" yaku="18,1,54,1" doraHai="116" who="0" fromWho="3" sc="200,23,180,0,381,0,239,-23" /><INIT seed="3,0,0,2,2,47" ten="223,180,381,216" oya="3" hai0="129,92,105,37,61,24,51,60,125,70,19,31,73" hai1="98,43,63,103,7,93,66,128,53,123,72,62,40" hai2="102,97,50,12,35,116,23,13,56,85,122,39,21" hai3="108,119,38,2,34,46,111,3,28,121,42,107,106"/><W45/><G121/><T10/><D73/><U33/><E123/><V8/><F39/><W87/><G119/><T64/><D37/><U25/><E72/><V77/><F35/><W68/><G87/><T101/><D92/><U16/><E128/><V26/><F116/><W0/><G68/><T118/><D51/><U71/><E7/><V52/><F23/><W80/><G80/><T81/><D81/><U74/><E74/><V120/><F12/><W29/><G46/><T75/><D75/><U88/><E103/><V32/><F32/><W30/><REACH who="3" step="1"/><G34/><REACH who="3" ten="223,180,381,206" step="2"/><T76/><D70/><U112/><E112/><V18/><F85/><W91/><G91/><T113/><D118/><U48/><E63/><V84/><F84/><W131/><G131/><T132/><D61/><U67/><E66/><V83/><F83/><W86/><G86/><T6/><D60/><U22/><E33/><V11/><F77/><W104/><AGARI ba="0,1" hai="0,2,3,28,29,30,38,42,45,104,106,107,108,111" machi="104" ten="50,12000,1" yaku="1,1,0,1,29,2,53,0" doraHai="47" doraHaiUra="4" who="3" fromWho="3" sc="223,-40,180,-40,381,-40,206,130" /><INIT seed="3,1,0,0,2,81" ten="183,140,341,336" oya="3" hai0="51,34,135,41,100,94,24,115,73,75,101,1,15" hai1="82,19,128,127,91,105,83,2,31,54,36,55,92" hai2="77,17,130,47,122,16,4,50,25,126,28,84,46" hai3="57,117,42,32,93,59,76,99,45,104,8,88,38"/><W96/><G117/><T60/><D1/><U72/><E36/><V5/><F126/><W80/><G32/><T71/><D15/><U70/><E70/><V29/><F130/><W86/><G104/><T67/><D101/><U56/><E2/><V39/><F39/><W106/><G106/><T14/><D14/><U85/><E127/><V113/><F113/><W6/><G99/><T79/><D115/><U7/><E128/><V11/><F47/><W111/><G111/><T13/><D13/><AGARI ba="1,0" hai="6,8,13,38,42,45,57,59,76,80,86,88,93,96" machi="13" ten="30,5800,0" yaku="7,1,52,1,54,1" doraHai="81" who="3" fromWho="0" sc="183,-61,140,0,341,0,336,61" owari="122,-37.8,140,-26.0,341,14.1,397,49.7" /></mjloggm>