<mjloggm ver="2.3"><GO type="225" lobby="0"/><UN n0="%77%72%77%72%77%72%77%72" n1="%E7%B4%94%E6%BD%94%E3%83%94%E3%83%A9%E3%83%8B%E3%82%A2" n2="%6B%69%72%61%64%6F%6B%69" n3="%E7%99%BD%E6%97%A5%E9%9B%AA%E8%8F%9C" dan="17,17,16,17" rate="2169.22,2190.46,2112.06,2217.38" sx="M,M,M,M"/><TAIKYOKU oya="0"/><INIT seed="0,0,0,2,1,49" ten="250,250,250,250" oya="0" hai0="126,110,62,22,38,79,133,109,7,19,64,33,124" hai1="113,52,134,89,120,37,30,14,78,127,74,28,72" hai2="21,90,88,40,83,93,4,80,25,50,95,100,102" hai3="101,75,41,51,57,65,85,98,67,70,55,0,23"/><T2/><D38/><U12/><E37/><V17/><F4/><W71/><G75/><T48/><D79/><U13/><E120/><V99/><F40/><W108/><G0/><T18/><D33/><U5/><E5/><V76/><F50/><W111/><G85/><T6/><D48/><U116/><E116/><V73/><REACH who="2" step="1"/><F80/><REACH who="2" ten="250,250,240,250" step="2"/><W26/><G41/><T77/><D6/><U131/><E13/><V10/><F10/><W16/><G108/><T123/><D7/><U97/><E12/><V53/><F53/><W121/><G111/><T66/><D2/><U135/><E52/><V87/><AGARI ba="0,1" hai="17,21,25,73,76,83,87,88,90,93,95,99,100,102" machi="87" ten="20,12000,2" yaku="1,1,0,1,7,1,54,1,53,2" doraHai="49" doraHaiUra="91" who="2" fromWho="2" sc="250,-60,250,-30,240,130,250,-30" /><INIT seed="1,0,0,5,2,29" ten="190,220,370,220" oya="1" hai0="86,74,109,52,26,78,38,60,19,129,1,22,36" hai1="53,69,51,80,85,132,63,8,11,40,6,105,75" hai2="126,37,102,55,71,25,128,7,59,15,107,56,20" hai3="65,9,45,49,91,68,117,31,24,100,123,122,39"/><U16/><E105/><V67/><F37/><W119/><G39/><T61/><D74/><U76/><E132/><V57/><F71/><W0/><G100/><T97/><D1/><U54/><E75/><V72/><F72/><W17/><G91/><T120/><D109/><U27/><E69/><V110/><F128/><W88/><G65/><T134/><D129/><U118/><E118/><N who="3" m="45066" /><G68/><T83/><D134/><U94/><E94/><V96/><F126/><W98/><G98/><T108/><D108/><U113/><E113/><V79/><F79/><W104/><G88/><T84/><D120/><U18/><E8/><V32/><F55/><N who="1" m="21001" /><E27/><V66/><F25/><W23/><G104/><T13/><D97/><U125/><E63/><V81/><F96/><W124/><G124/><T42/><D26/><U47/><E125/><V73/><F73/><W64/><G64/><T41/><D38/><U116/><E116/><V62/><F62/><N who="0" m="24170" /><D36/><U93/><E93/><V5/><F66/><W46/><G31/><T70/><D70/><U43/><E43/><N who="0" m="16393" /><D52/><U115/><E115/><V112/><F67/><W99/><G99/><T28/><D28/><U127/><E127/><V30/><F30/><W58/><G58/><T90/><D84/><U87/><E85/><V92/><F57/><W2/><G46/><T12/><D12/><AGARI ba="0,0" hai="6,11,12,16,18,40,47,51,76,80,87" m="21001" machi="12" ten="30,5800,0" yaku="25,1,8,1,54,1" doraHai="29" who="1" fromWho="0" sc="190,-58,220,58,370,0,220,0" /><INIT seed="1,1,0,4,2,76" ten="132,278,370,220" oya="1" hai0="35,113,104,84,10,44,94,107,100,21,110,62,34" hai1="98,78,60,64,3,70,37,119,43,29,7,87,108" hai2="73,118,89,48,66,41,74,57,112,31,30,0,25" hai3="101,49,54,68,86,33,126,15,38,26,32,50,16"/><U36/><E119/><V27/><F0/><W51/><G38/><T129/><D113/><U63/><E29/><V69/><F118/><W12/><G68/><T85/><D110/><U55/><E108/><V47/><F69/><W20/><G101/><T40/><D129/><U80/><E43/><V28/><F112/><W135/><G135/><T58/><D21/><U8/><E60/><N who="2" m="38159" /><F73/><W122/><G122/><T75/><D75/><U114/><E55/><V102/><F74/><W45/><G126/><T115/><D115/><U82/><E114/><V95/><F102/><W93/><G33/><T83/><D10/><U117/><E117/><V92/><F92/><W17/><G32/><T96/><D84/><AGARI ba="1,0" hai="25,27,28,30,31,41,47,48,84,89,95" m="38159" machi="84" ten="30,1000,0" yaku="8,1" doraHai="76" who="2" fromWho="0" sc="132,-13,278,0,370,13,220,0" /><INIT seed="2,0,0,5,1,126" ten="119,278,383,220" oya="2" hai0="30,63,41,51,64,84,114,122,127,112,36,98,6" hai1="54,113,37,29,2,50,111,45,20,132,33,56,105" hai2="22,18,38,72,7,129,70,92,61,73,93,59,62" hai3="102,79,94,77,27,19,85,103,81,104,49,55,8"/><V46/><F7/><W90/><G104/><T35/><D6/><U17/><E105/><V130/><F70/><W80/><G80/><T31/><D122/><U83/><E111/><V119/><F119/><W91/><G77/><T60/><D36/><U57/><E2/><V118/><F118/><W95/><G95/><N who="2" m="36425" /><F46/><W125/><G90/><T78/><D127/><U0/><E0/><V134/><F38/><W120/><G120/><T123/><D123/><U100/><E100/><V128/><F134/><W110/><G110/><T15/><D98/><U25/><E37/><V11/><F11/><W32/><G32/><T1/><D1/><U109/><E109/><V21/><F21/><N who="3" m="13759" /><G8/><T71/><D60/><N who="2" m="23146" /><F59/><N who="3" m="33263" /><G125/><T67/><D67/><U87/><E132/><V48/><F48/><W47/><G47/><T4/><D35/><U65/><E65/><V43/><F43/><W53/><G53/><T131/><D114/><U40/><E113/><V124/><F124/><W115/><G115/><T86/><D112/><U74/><E54/><V135/><F135/><W89/><G79/><T88/><D51/><U99/><E99/><AGARI ba="0,0" hai="81,85,89,91,94,99,102,103" m="33263,13759" machi="99" ten="30,1000,0" yaku="8,1" doraHai="126" who="3" fromWho="1" sc="119,0,278,-10,383,0,220,10" /><INIT seed="3,0,0,3,4,10" ten="119,268,383,230" oya="3" hai0="130,20,53,127,94,16,68,26,114,75,72,121,54" hai1="135,9,45,132,62,69,64,71,0,15,1,22,34" hai2="125,4,86,56,40,101,39,129,91,51,106,48,46" hai3="7,79,108,109,41,100,80,115,25,81,126,38,43"/><W89/><G115/><T97/><D114/><U119/><E34/><V67/><F129/><W88/><G126/><T128/><D121/><U28/><E71/><V14/><F106/><W33/><G100/><T57/><D68/><U99/><E119/><V103/><F39/><W42/><G38/><T19/><D127/><U116/><E116/><V104/><F104/><W50/><G7/><T2/><D2/><U31/><E99/><V55/><F67/><W17/><G50/><T134/><D134/><N who="1" m="51243" /><E45/><V123/><F123/><W110/><G80/><T21/><D94/><U30/><E22/><V76/><F76/><W77/><G77/><T85/><D85/><U61/><E62/><V124/><F124/><W90/><G17/><AGARI ba="0,0" hai="0,1,9,15,17,28,30,31,61,64,69" m="51243" machi="17" ten="30,2000,0" yaku="20,1,52,1" doraHai="10" who="1" fromWho="3" sc="119,0,268,20,383,0,230,-20" owari="119,-38.1,288,8.8,383,48.3,210,-19.0" /></mjloggm>