<mjloggm ver="2.3"><GO type="225" lobby="0"/><UN n0="%E8%A8%88%E7%AE%97%E6%A9%9F%E8%87%AA%E7%84%B6" n1="%33%74%72%65%65" n2="%E7%BD%AA%E5%88%91%E6%B3%95%E5%AE%9A%E4%B8%BB%E7%BE%A9" n3="%E3%81%AF%E3%82%88%E3%81%8A%E3%81%98%E3%81%95%E3%82%93" dan="17,17,16,16" rate="2199.75,2126.20,2181.04,2120.56" sx="M,F,M,M"/><TAIKYOKU oya="0"/><INIT seed="0,0,0,3,1,55" ten="250,250,250,250" oya="0" hai0="119,76,14,83,122,106,72,80,10,12,126,0,135" hai1="17,133,96,27,111,60,98,64,94,18,63,114,2" hai2="7,91,107,42,3,46,36,50,25,1,129,11,67" hai3="103,95,51,70,121,9,93,26,84,88,73,65,15"/><T47/><D119/><U8/><E111/><V23/><F107/><W118/><G118/><T78/><D122/><U13/><E133/><V75/><F129/><W35/><G73/><T29/><D106/><U57/><E114/><V66/><F3/><W39/><G39/><T110/><D135/><U115/><E115/><V125/><F125/><W134/><G134/><T120/><D120/><U34/><E2/><V99/><F75/><W79/><G121/><T74/><D126/><U31/><E63/><V105/><F36/><W68/><G79/><T44/><D29/><U69/><E69/><V28/><REACH who="2" step="1"/><F91/><REACH who="2" ten="250,250,240,250" step="2"/><W62/><G88/><T77/><D77/><U30/><E30/><V81/><F81/><W19/><G95/><T54/><D110/><U123/><E123/><V82/><F82/><W4/><G93/><T59/><D0/><U127/><E127/><V61/><F61/><W128/><G62/><T86/><D72/><U49/><E49/><V45/><F45/><W43/><G51/><T5/><D12/><U112/><E112/><V89/><F89/><W117/><G15/><T56/><D44/><U48/><E94/><V33/><F33/><W16/><G35/><T131/><D131/><U85/><E48/><V124/><F124/><W104/><G104/><T116/><D116/><U108/><E108/><V101/><AGARI ba="0,1" hai="1,7,11,23,25,28,42,46,50,66,67,99,101,105" machi="101" ten="30,4000,0" yaku="1,1,0,1,53,1" doraHai="55" doraHaiUra="6" who="2" fromWho="2" sc="250,-20,250,-10,240,50,250,-10" /><INIT seed="1,0,0,3,4,84" ten="230,240,290,240" oya="1" hai0="43,59,121,99,79,17,77,37,109,94,95,4,83" hai1="117,21,49,72,70,124,126,0,116,125,6,8,128" hai2="1,96,118,11,67,107,20,115,51,32,73,16,12" hai3="42,111,80,35,45,129,55,57,24,66,48,60,52"/><U92/><E72/><V82/><F118/><N who="1" m="45673" /><E70/><V56/><F115/><W18/><G111/><T71/><D71/><U88/><E49/><V100/><F32/><W10/><G129/><T54/><D109/><U89/><E128/><V127/><F127/><N who="1" m="32513" /><U122/><DORA hai="133" /><E122/><V114/><F114/><W85/><G35/><T64/><D37/><U19/><E92/><V9/><F1/><W102/><G102/><T25/><D94/><U46/><E46/><V47/><F73/><W75/><G75/><T101/><D95/><U91/><E91/><V44/><F82/><W40/><G40/><T74/><D43/><U29/><E29/><V23/><F47/><W65/><G42/><T14/><D121/><U130/><E130/><V31/><F44/><W104/><G104/><T87/><D74/><U119/><N who="1" m="45681" /><U7/><DORA hai="97" /><E7/><V68/><F68/><W5/><G5/><T90/><D4/><U134/><E134/><V36/><F36/><W39/><G39/><T61/><D90/><U30/><E30/><V15/><F31/><W62/><G60/><T13/><D61/><U26/><AGARI ba="0,0" hai="0,6,8,19,21,26,88,89" m="32513,45681" machi="26" ten="60,24000,3" yaku="18,1,52,6,54,1" doraHai="84,133,97" who="1" fromWho="1" sc="230,-80,240,240,290,-80,240,-80" /><INIT seed="1,1,0,0,4,10" ten="150,480,210,160" oya="1" hai0="79,31,128,62,65,107,45,102,77,114,41,90,123" hai1="44,34,80,72,18,130,51,6,129,55,125,126,17" hai2="28,111,0,115,60,109,2,131,116,71,122,67,15" hai3="95,27,53,47,91,121,58,50,87,26,39,127,64"/><U16/><E34/><V120/><F28/><W40/><G121/><N who="2" m="46697" /><F116/><W110/><G110/><N who="2" m="41993" /><F131/><N who="1" m="50185" /><E6/><V74/><F115/><W1/><G1/><N who="2" m="617" /><F15/><W7/><G7/><T42/><D123/><U38/><E38/><V113/><F113/><W106/><G106/><T78/><D107/><U8/><E8/><V29/><F29/><W59/><G127/><N who="1" m="48650" /><E80/><V46/><F46/><W14/><G14/><T83/><D45/><U100/><E100/><V56/><F74/><AGARI ba="1,0" hai="16,17,18,44,51,55,72,74" m="48650,50185" machi="74" ten="40,7700,0" yaku="19,1,18,1,54,1" doraHai="10" who="1" fromWho="2" sc="150,0,480,80,210,-80,160,0" /><INIT seed="1,2,0,0,3,107" ten="150,560,130,160" oya="1" hai0="116,109,33,87,1,45,24,61,52,60,82,6,67" hai1="78,27,36,26,113,2,42,64,89,117,83,41,10" hai2="38,14,49,77,25,53,62,48,57,91,32,132,12" hai3="120,86,66,7,20,8,121,99,76,47,31,119,92"/><U93/><E113/><V16/><F132/><W95/><G119/><T130/><D116/><U11/><E117/><V125/><F125/><W35/><G35/><T29/><D109/><U70/><E70/><V71/><F38/><W88/><G66/><T68/><D130/><U73/><E64/><V118/><F118/><W19/><G31/><T9/><D60/><U23/><E36/><V17/><F77/><W79/><G47/><T102/><D102/><U58/><E58/><V111/><F111/><W112/><G112/><T50/><D87/><U15/><E2/><V80/><F71/><W3/><G76/><T131/><D82/><U75/><E75/><V51/><F32/><W44/><G44/><T18/><D18/><N who="2" m="7274" /><F25/><W105/><G105/><T101/><D101/><U28/><E27/><V46/><F46/><W108/><G108/><T40/><REACH who="0" step="1"/><D131/><REACH who="0" ten="140,560,130,160" step="2"/><U72/><E83/><V123/><F123/><W55/><G121/><T104/><D104/><U21/><E73/><V114/><F114/><W115/><G115/><T63/><D63/><U134/><E72/><V103/><F103/><N who="3" m="60903" /><G120/><T94/><D94/><U127/><E93/><V110/><F110/><W13/><G79/><T22/><D22/><U98/><E23/><V133/><F133/><W85/><G85/><AGARI ba="2,1" hai="12,14,48,49,51,53,57,62,80,85,91" m="7274" machi="85" ten="30,2000,0" yaku="8,1,54,1" doraHai="107" who="2" fromWho="3" sc="140,0,560,0,130,36,160,-26" /><INIT seed="2,0,0,1,2,74" ten="140,560,166,134" oya="2" hai0="2,4,129,41,87,95,64,28,15,17,63,56,69" hai1="80,44,110,130,16,38,70,5,77,40,46,14,57" hai2="10,82,133,39,105,6,111,35,37,54,0,43,47" hai3="124,26,104,115,13,36,135,83,84,22,114,68,102"/><V24/><F133/><W93/><G135/><T119/><D129/><U123/><E110/><V19/><F105/><W79/><G36/><T48/><D119/><U106/><E106/><V81/><F111/><W85/><G68/><T107/><D107/><U49/><E70/><V117/><F117/><W67/><G67/><T108/><D108/><U118/><E118/><V27/><F39/><W75/><G13/><T7/><D2/><U89/><E130/><V132/><F132/><W121/><G121/><T3/><D3/><U42/><E57/><V99/><F99/><N who="3" m="61535" /><G124/><T88/><D28/><U55/><E123/><V23/><REACH who="2" step="1"/><F54/><REACH who="2" ten="140,560,156,134" step="2"/><W33/><G33/><T90/><D41/><U78/><E55/><V120/><F120/><W52/><G52/><N who="0" m="31751" /><D90/><U71/><E89/><V73/><F73/><W1/><G1/><T76/><D76/><U21/><E77/><V34/><F34/><W125/><G125/><T65/><D64/><U8/><E78/><V128/><F128/><W91/><G84/><T101/><D101/><U116/><E116/><V50/><F50/><W60/><G60/><T11/><D65/><U113/><E42/><V92/><F92/><W18/><AGARI ba="0,1" hai="18,22,26,75,79,83,85,91,93,114,115" m="61535" machi="18" ten="30,2000,0" yaku="24,1,52,1" doraHai="74" who="3" fromWho="3" sc="140,-5,560,-5,156,-10,134,30" /><INIT seed="3,0,0,0,5,31" ten="135,555,146,164" oya="3" hai0="111,32,15,115,126,106,56,62,10,109,82,63,26" hai1="24,75,88,18,133,64,44,93,84,25,73,17,116" hai2="13,35,59,131,80,28,76,43,11,39,37,19,74" hai3="130,85,41,78,3,66,38,14,30,8,92,89,36"/><W29/><G3/><T49/><D126/><U20/><E133/><V42/><F131/><W124/><G130/><T65/><D106/><U6/><E116/><V69/><F69/><W27/><G124/><T1/><D1/><U81/><E64/><V22/><F35/><W102/><G66/><T67/><D115/><U21/><E6/><V97/><F59/><W135/><G135/><T71/><D82/><U117/><E117/><V103/><F39/><W120/><G120/><T94/><D94/><U119/><E119/><V60/><F60/><W52/><G78/><T110/><D49/><U9/><E9/><V16/><F28/><W53/><G29/><N who="0" m="19511" /><D10/><U129/><E129/><V108/><F37/><W112/><G102/><T86/><D86/><U48/><E81/><V7/><F19/><W79/><G79/><T87/><D87/><U50/><E50/><V101/><F101/><W61/><G112/><T68/><D15/><U47/><E47/><V40/><F108/><N who="0" m="27650" /><T96/><DORA hai="57" /><D96/><U122/><E122/><V51/><F51/><W12/><G14/><T83/><D83/><U104/><E104/><V113/><F113/><W91/><G89/><T2/><D2/><U100/><E100/><V127/><F127/><W134/><G134/><T4/><D68/><U33/><E33/><V34/><F34/><N who="3" m="20831" /><G38/><T99/><D99/><U55/><AGARI ba="0,0" hai="17,18,20,21,24,25,44,48,55,73,75,84,88,93" machi="55" ten="20,5200,0" yaku="0,1,7,1,9,1,54,1" doraHai="31,57" who="1" fromWho="1" sc="135,-13,555,52,146,-13,164,-26" owari="122,-37.8,607,70.7,133,-26.7,138,-6.2" /></mjloggm>