<mjloggm ver="2.3"><GO type="225" lobby="0"/><UN n0="%E3%83%81%E3%83%83%E3%82%BF%E3%82%BD%E3%83%BC" n1="%33%74%72%65%65" n2="%E6%A1%9C%E8%8A%B1%E9%96%83%E3%80%85" n3="%E3%81%86%E3%81%A9%E3%82%93%E3%81%93" dan="17,16,16,16" rate="2205.00,2121.23,2221.25,2153.14" sx="F,F,M,M"/><TAIKYOKU oya="0"/><INIT seed="0,0,0,1,2,65" ten="250,250,250,250" oya="0" hai0="48,111,125,77,87,74,15,11,102,17,51,124,25" hai1="100,81,40,37,130,16,28,70,68,36,26,80,61" hai2="119,128,42,50,57,63,120,71,112,52,123,53,8" hai3="95,94,110,134,46,103,19,56,31,62,23,12,64"/><T78/><D74/><U3/><E3/><V115/><F8/><W135/><G110/><T127/><D111/><U85/><E100/><V5/><F5/><W33/><G103/><T67/><D102/><U106/><E106/><V93/><F93/><W72/><G72/><T4/><D67/><U2/><E2/><V126/><F126/><W44/><G33/><T116/><D116/><U38/><E130/><V131/><F42/><W20/><G31/><T129/><D129/><N who="2" m="49738" /><F119/><W121/><G23/><N who="0" m="13551" /><D87/><U35/><E40/><V29/><F29/><W75/><G75/><T86/><D86/><U27/><E61/><V108/><F108/><W54/><G121/><N who="2" m="46665" /><F71/><W114/><G114/><T92/><D92/><N who="3" m="35369" /><G64/><T10/><D11/><U88/><REACH who="1" step="1"/><E80/><REACH who="1" ten="250,240,250,250" step="2"/><V58/><AGARI ba="0,1" hai="50,52,53,57,58,63,112,115" m="46665,49738" machi="58" ten="40,8000,1" yaku="19,1,34,2,54,1" doraHai="65" who="2" fromWho="2" sc="250,-40,240,-20,250,90,250,-20" /><INIT seed="1,0,0,5,3,111" ten="210,220,340,230" oya="1" hai0="82,17,87,83,79,27,135,107,45,7,8,33,36" hai1="14,69,72,4,128,91,63,44,98,66,123,85,100" hai2="122,64,99,129,5,52,95,35,117,31,74,9,32" hai3="71,19,103,48,25,12,88,84,2,56,34,97,108"/><U134/><E123/><V92/><F122/><W133/><G71/><T53/><D135/><U78/><E134/><V54/><F117/><W93/><G2/><T23/><D107/><U106/><E128/><V41/><F129/><W124/><G133/><T114/><D33/><U89/><E44/><V77/><F41/><W105/><G108/><T127/><D127/><U96/><E96/><V29/><F64/><W104/><G124/><T3/><D83/><U70/><E70/><V47/><F74/><W120/><G120/><T119/><D119/><U113/><E113/><V50/><F77/><W39/><G39/><T1/><D1/><U28/><E28/><N who="2" m="10827" /><F35/><W118/><G118/><T76/><D76/><U132/><E132/><V38/><F38/><W130/><G130/><T10/><D10/><U68/><E68/><V90/><F32/><W109/><G25/><T43/><REACH who="0" step="1"/><D53/><REACH who="0" ten="200,220,340,230" step="2"/><U102/><E106/><V65/><F54/><N who="3" m="31815" /><G34/><T42/><D42/><U73/><E78/><V125/><F125/><W58/><G105/><T6/><D6/><U94/><E73/><V126/><F126/><W57/><G109/><T21/><D21/><AGARI ba="0,1" hai="12,19,21,57,58,84,88,93,97,103,104" m="31815" machi="21" ten="30,2000,0" yaku="25,1,54,1" doraHai="111" who="3" fromWho="0" sc="200,-20,220,0,340,0,230,30" /><INIT seed="2,0,0,0,2,23" ten="180,220,340,260" oya="2" hai0="119,73,22,98,128,106,122,56,38,125,33,1,53" hai1="0,46,100,19,78,25,6,69,30,88,89,87,112" hai2="45,37,44,65,36,92,15,105,101,31,54,48,129" hai3="55,135,17,126,116,70,61,110,115,11,68,16,12"/><V90/><F129/><W75/><G116/><T13/><RYUUKYOKU type="yao9" ba="0,0" sc="180,0,220,0,340,0,260,0" hai0="1,13,22,33,38,53,56,73,98,106,119,122,125,128" /><INIT seed="2,1,0,0,4,66" ten="180,220,340,260" oya="2" hai0="41,51,72,14,30,25,40,69,125,54,17,71,124" hai1="47,84,112,7,130,115,67,108,35,80,88,105,132" hai2="39,49,59,85,98,63,31,91,90,34,18,1,128" hai3="6,57,5,110,87,8,126,3,21,50,121,111,28"/><V82/><F39/><W43/><G121/><T37/><D72/><U133/><E108/><V117/><F117/><W11/><G126/><N who="0" m="48747" /><D17/><U60/><E130/><V22/><F128/><W2/><G87/><T19/><D19/><U68/><E35/><V56/><F1/><W79/><G79/><T58/><D14/><U20/><E105/><V70/><F34/><W61/><G50/><T86/><D86/><U65/><E7/><V15/><F31/><W45/><G45/><N who="0" m="23695" /><D41/><U118/><E118/><V104/><F104/><W122/><G43/><T102/><D102/><U100/><E100/><V0/><F0/><W38/><G38/><T78/><D78/><U99/><E99/><V29/><F29/><W23/><G122/><T134/><D134/><N who="1" m="51819" /><E47/><V96/><F49/><W114/><G28/><T73/><D73/><U97/><E97/><V64/><REACH who="2" step="1"/><F98/><REACH who="2" ten="180,220,330,260" step="2"/><W106/><G106/><T36/><D36/><U4/><E115/><V92/><AGARI ba="1,1" hai="15,18,22,56,59,63,64,70,82,85,90,91,92,96" machi="92" ten="30,11700,0" yaku="1,1,2,1,0,1,52,1,53,0" doraHai="66" doraHaiUra="123" who="2" fromWho="2" sc="180,-40,220,-40,330,130,260,-40" /><INIT seed="2,2,0,5,4,82" ten="140,180,460,220" oya="2" hai0="134,73,57,9,107,118,58,64,26,15,0,51,7" hai1="23,130,72,120,93,61,37,24,121,4,101,48,117" hai2="106,92,128,127,32,40,115,75,60,119,87,70,36" hai3="1,81,28,132,133,95,69,10,47,20,110,25,30"/><V6/><RYUUKYOKU type="yao9" ba="2,0" sc="140,0,180,0,460,0,220,0" hai2="6,32,36,40,60,70,75,87,92,106,115,119,127,128" /><INIT seed="2,3,0,0,3,78" ten="140,180,460,220" oya="2" hai0="31,64,84,128,111,5,58,68,74,119,34,14,40" hai1="117,65,52,44,89,4,1,27,126,60,85,26,15" hai2="53,93,16,28,123,90,56,39,129,32,98,106,67" hai3="130,25,35,134,71,33,49,22,116,30,66,115,7"/><V23/><F123/><W105/><G105/><T17/><D74/><U82/><E117/><V20/><F129/><W45/><G116/><T97/><D68/><U43/><E1/><V50/><F39/><W75/><G75/><T46/><D119/><U8/><E126/><V70/><F106/><W112/><G130/><T103/><D128/><U77/><E89/><V96/><F32/><W83/><G7/><T81/><D5/><U104/><E104/><V88/><F70/><W38/><G38/><T94/><D111/><U10/><E10/><V79/><F79/><W108/><G108/><T48/><D34/><U131/><E52/><N who="2" m="31767" /><F67/><W125/><G125/><T101/><D31/><U63/><E131/><V110/><F110/><W124/><G134/><T42/><D103/><U55/><E55/><V37/><F37/><W76/><G66/><T72/><D72/><U114/><E114/><N who="3" m="43562" /><G71/><T102/><D102/><U9/><E9/><V135/><F135/><W57/><G57/><T113/><D113/><U24/><E65/><V69/><F69/><W2/><G2/><T19/><D40/><U54/><E54/><V11/><F28/><W87/><G124/><T0/><D0/><U120/><E120/><V12/><F53/><AGARI ba="3,0" hai="22,25,30,33,35,45,49,53,76,83,87" m="43562" machi="53" ten="30,2000,0" yaku="11,1,52,1" doraHai="78" who="3" fromWho="2" sc="140,0,180,0,460,-29,220,29" /><INIT seed="3,0,0,1,1,53" ten="140,180,431,249" oya="3" hai0="124,54,5,11,68,40,58,64,1,61,38,115,112" hai1="33,95,9,12,51,25,41,113,47,67,62,23,101" hai2="29,19,78,14,28,84,4,131,129,22,20,43,102" hai3="57,26,87,52,81,111,89,97,76,49,30,107,134"/><W83/><G134/><T91/><D91/><U36/><E113/><V44/><F102/><W7/><G111/><T73/><D73/><U59/><E33/><V135/><F135/><W125/><G125/><T42/><D124/><U65/><E36/><N who="2" m="21607" /><F4/><W0/><G7/><T132/><D132/><U18/><E101/><V119/><F119/><W80/><G0/><T109/><D109/><U117/><E117/><V130/><F22/><N who="3" m="15703" /><G107/><T10/><D10/><U39/><E39/><V46/><F46/><W6/><G6/><T120/><D120/><U104/><E104/><V133/><F133/><W110/><G110/><T85/><D85/><U71/><E95/><AGARI ba="0,0" hai="49,52,57,76,80,81,83,87,89,95,97" m="15703" machi="95" ten="30,5800,0" yaku="8,1,52,1,54,1" doraHai="53" who="3" fromWho="1" sc="140,0,180,-58,431,0,249,58" /><INIT seed="3,1,0,2,4,46" ten="140,122,431,307" oya="3" hai0="70,10,14,114,126,106,57,25,48,134,97,12,131" hai1="133,118,87,128,36,78,27,61,11,5,59,74,16" hai2="117,94,0,115,72,54,55,29,102,84,90,132,68" hai3="38,60,73,116,47,69,34,21,64,51,93,40,135"/><W32/><G73/><T23/><D70/><U77/><E74/><V92/><F115/><W41/><G116/><T24/><D114/><U109/><E118/><V35/><F117/><W96/><G135/><T85/><D134/><U30/><E133/><V26/><F132/><W66/><G66/><T125/><D85/><U9/><E36/><V95/><F0/><W65/><G65/><T101/><D131/><U89/><E128/><V100/><F72/><W91/><G40/><T103/><D101/><U83/><E109/><V37/><F37/><W13/><REACH who="3" step="1"/><G38/><REACH who="3" ten="140,122,431,297" step="2"/><T56/><D125/><U7/><E30/><V49/><F68/><W18/><AGARI ba="1,1" hai="13,18,21,32,34,41,47,51,60,64,69,91,93,96" machi="18" ten="30,11700,0" yaku="1,1,2,1,0,1,52,1,53,0" doraHai="46" doraHaiUra="2" who="3" fromWho="3" sc="140,-40,122,-40,431,-40,297,130" owari="100,-30.0,82,-41.8,391,19.1,427,52.7" /></mjloggm>