<mjloggm ver="2.3"><GO type="225" lobby="0"/><UN n0="%E3%81%82%E3%81%B9%E3%81%99%E3%81%91" n1="%E5%8F%AF%E5%85%90%E9%82%A3%E7%94%B1%E5%A4%9A" n2="%E3%81%AF%E3%82%88%E3%81%8A%E3%81%98%E3%81%95%E3%82%93" n3="%E6%B4%BE%E9%81%A3%E3%81%AE%E3%82%B8%E3%83%A3%E3%83%83%E3%82%AF" dan="16,17,17,17" rate="2069.89,2205.52,2149.26,2198.59" sx="M,F,M,M"/><TAIKYOKU oya="0"/><INIT seed="0,0,0,5,1,33" ten="250,250,250,250" oya="0" hai0="108,43,113,41,16,62,7,23,64,10,17,44,61" hai1="72,63,110,97,84,9,37,3,6,48,107,66,11" hai2="39,24,74,31,1,129,102,27,69,56,112,45,90" hai3="100,73,25,122,127,51,71,28,40,21,67,65,13"/><T22/><D113/><U8/><E110/><V86/><F112/><W81/><G127/><T26/><D108/><U58/><E37/><V124/><F69/><W104/><G122/><T115/><D115/><U36/><E36/><V126/><F74/><W85/><G73/><T128/><D128/><U5/><E72/><V99/><F129/><W2/><G71/><T96/><D96/><U134/><E134/><V132/><F132/><W38/><G38/><T89/><D89/><U52/><E84/><V49/><F56/><W77/><G2/><T121/><D121/><U95/><E107/><V125/><F1/><W20/><G100/><T46/><D46/><U80/><E80/><V119/><F39/><W34/><G104/><T19/><D44/><U32/><E32/><V101/><F119/><W12/><G34/><T30/><D23/><U47/><REACH who="1" step="1"/><E3/><REACH who="1" ten="250,240,250,250" step="2"/><V88/><F86/><W50/><G85/><T94/><D94/><U123/><E123/><V106/><F106/><W98/><G81/><T111/><D111/><U93/><E93/><V35/><F35/><W78/><G98/><T120/><D120/><U117/><E117/><V4/><F99/><W18/><G77/><T53/><D64/><U59/><E59/><V135/><F135/><W83/><G67/><T42/><REACH who="0" step="1"/><D53/><REACH who="0" ten="240,240,250,250" step="2"/><U87/><E87/><V103/><F125/><W60/><G65/><T55/><D55/><U15/><E15/><AGARI ba="0,2" hai="7,10,15,16,17,19,22,26,30,41,42,43,61,62" machi="15" ten="40,12000,1" yaku="1,1,8,1,54,1,53,2" doraHai="33" doraHaiUra="57" who="0" fromWho="1" sc="240,140,240,-120,250,0,250,0" /><INIT seed="0,1,0,0,4,124" ten="380,120,250,250" oya="0" hai0="95,8,97,6,52,11,15,18,120,105,98,40,45" hai1="129,10,128,104,115,73,34,29,67,39,93,56,71" hai2="74,44,106,111,107,116,9,7,88,54,20,27,114" hai3="130,132,16,65,99,127,19,121,113,0,66,46,87"/><T43/><D120/><U84/><E104/><V4/><F114/><W42/><G113/><T30/><D30/><U21/><E115/><V126/><F74/><W135/><G0/><T81/><D81/><U123/><E123/><V101/><F126/><W90/><G99/><T58/><D105/><U122/><E122/><V35/><F35/><W17/><G127/><T62/><D45/><U117/><E117/><V86/><F116/><W118/><G118/><T59/><D59/><U23/><E73/><V64/><F111/><W1/><G1/><T69/><D69/><U32/><E39/><V119/><F119/><W96/><G96/><T103/><REACH who="0" step="1"/><D98/><REACH who="0" ten="370,120,250,250" step="2"/><U100/><E71/><V55/><F44/><W5/><G121/><T57/><D57/><U77/><E29/><V134/><F106/><W14/><G46/><T48/><D48/><U31/><E31/><V80/><F107/><W68/><G68/><T112/><D112/><U41/><E56/><V28/><F80/><W75/><G132/><T110/><D110/><U60/><E60/><V131/><F28/><W53/><G135/><T94/><D94/><U109/><E109/><V51/><F51/><W108/><G108/><T38/><D38/><U2/><E93/><V92/><F92/><W83/><G83/><T133/><D133/><U3/><E32/><V79/><F134/><W78/><G75/><T49/><D49/><U125/><E34/><V50/><F50/><W89/><G78/><T36/><D36/><U22/><E77/><V72/><F79/><W33/><G33/><T47/><D47/><U25/><E125/><RYUUKYOKU ba="1,1" sc="370,30,120,-10,250,-10,250,-10" hai0="6,8,11,15,18,40,43,52,58,62,95,97,103" /><INIT seed="0,2,1,4,0,80" ten="400,110,240,240" oya="0" hai0="112,121,85,70,27,124,37,86,4,75,33,130,110" hai1="90,71,129,55,5,94,89,134,41,99,42,105,65" hai2="12,97,79,57,122,16,93,125,20,25,13,14,50" hai3="76,83,3,49,2,72,95,116,73,100,10,96,119"/><T34/><RYUUKYOKU type="yao9" ba="2,1" sc="400,0,110,0,240,0,240,0" hai0="4,27,33,34,37,70,75,85,86,110,112,121,124,130" /><INIT seed="0,3,1,1,3,91" ten="400,110,240,240" oya="0" hai0="135,83,18,27,55,94,82,128,107,119,114,124,59" hai1="103,65,37,52,125,69,111,105,15,90,60,118,40" hai2="45,25,6,134,41,29,99,17,97,89,36,106,121" hai3="120,73,109,30,57,3,129,62,32,102,72,26,126"/><T23/><D114/><U11/><E118/><V19/><F121/><W0/><G109/><T98/><D119/><U35/><E111/><V84/><F134/><W116/><G116/><T1/><D1/><U92/><E125/><V2/><F6/><W48/><G126/><T123/><D123/><U117/><E117/><V20/><F2/><W43/><G0/><T61/><D124/><U46/><E35/><V56/><F56/><W21/><G3/><T86/><D128/><U87/><E105/><V31/><F17/><W130/><G120/><T9/><D9/><U93/><E52/><V5/><F5/><W67/><G32/><T16/><D107/><U104/><E104/><V85/><F85/><W127/><G127/><T88/><D83/><U13/><REACH who="1" step="1"/><E11/><REACH who="1" ten="400,100,240,240" step="2"/><V110/><F110/><W38/><G130/><T132/><REACH who="0" step="1"/><D18/><REACH who="0" ten="390,100,240,240" step="2"/><U64/><E64/><V71/><F106/><W49/><G129/><T39/><D39/><U66/><E66/><V78/><F19/><W79/><G38/><T131/><D131/><U112/><E112/><V8/><F8/><W75/><G67/><T7/><D7/><U81/><E81/><V96/><F36/><W22/><G22/><T54/><D54/><U133/><E133/><V70/><F20/><W44/><G21/><T10/><D10/><U24/><E24/><V108/><F25/><W76/><G26/><T51/><D51/><U53/><E53/><V58/><F108/><W14/><G48/><T28/><D28/><U47/><E47/><V80/><F29/><W68/><G30/><T4/><D4/><U122/><E122/><RYUUKYOKU ba="3,3" sc="390,15,100,15,240,-15,240,-15" hai0="16,23,27,55,59,61,82,86,88,94,98,132,135" hai1="13,15,37,40,46,60,65,69,87,90,92,93,103" /><INIT seed="0,4,3,1,4,63" ten="405,115,225,225" oya="0" hai0="20,113,83,132,22,107,119,96,84,25,114,26,3" hai1="102,121,116,13,110,52,23,109,86,37,125,24,15" hai2="47,115,61,128,85,19,49,34,130,4,50,123,72" hai3="38,94,33,98,66,6,104,67,10,39,14,28,68"/><T79/><D119/><U69/><E116/><V87/><F115/><W127/><G127/><T57/><D3/><U81/><E121/><V120/><F72/><W27/><G104/><T74/><D132/><U44/><E125/><V97/><F34/><W21/><G33/><T30/><D74/><U88/><E69/><V43/><F4/><W62/><REACH who="3" step="1"/><G66/><REACH who="3" ten="405,115,225,215" step="2"/><T32/><D32/><U12/><E102/><AGARI ba="4,4" hai="6,10,14,21,27,28,38,39,62,67,68,94,98,102" machi="102" ten="30,8000,1" yaku="1,1,2,1,7,1,52,1,53,1" doraHai="63" doraHaiUra="92" who="3" fromWho="1" sc="405,0,115,-92,225,0,215,132" /><INIT seed="1,0,0,1,4,19" ten="405,23,225,347" oya="1" hai0="73,92,79,29,104,102,100,16,3,93,36,82,78" hai1="75,21,58,40,117,68,76,72,81,112,110,130,55" hai2="34,25,4,60,107,23,15,89,69,57,109,12,83" hai3="124,22,99,116,59,17,50,74,10,87,11,47,37"/><U121/><E112/><V90/><F109/><W120/><G74/><T26/><D3/><U88/><E117/><V1/><F107/><W24/><G120/><T48/><D36/><U125/><E121/><V8/><F69/><W43/><G124/><T45/><D79/><U129/><E68/><V105/><F105/><W127/><G127/><T128/><D128/><N who="1" m="49259" /><E125/><V38/><F38/><W113/><G113/><T97/><D102/><U18/><E40/><V80/><F34/><W32/><G32/><T6/><D6/><U13/><E110/><V0/><F12/><W7/><G99/><T71/><D16/><N who="1" m="10383" /><E76/><V64/><F0/><W2/><G116/><T33/><D71/><U53/><E18/><N who="2" m="12535" /><F1/><W119/><G2/><T44/><D78/><U111/><E111/><V28/><F28/><W46/><G7/><T91/><D29/><U61/><E53/><V35/><F35/><W20/><G119/><T114/><D33/><U96/><E96/><V66/><F64/><W86/><G43/><T103/><D97/><U41/><E41/><V39/><F39/><W95/><G37/><T54/><D54/><U122/><E122/><V14/><F14/><W126/><G126/><T85/><D114/><U108/><E108/><V106/><F106/><W67/><G17/><T84/><D104/><U30/><E30/><V115/><F115/><W63/><G67/><T62/><D26/><U31/><E31/><V94/><F90/><W123/><G123/><T27/><D91/><U132/><E132/><V98/><AGARI ba="0,0" hai="4,8,15,57,60,66,80,83,89,94,98" m="12535" machi="98" ten="30,2000,0" yaku="8,1,52,1" doraHai="19" who="2" fromWho="2" sc="405,-5,23,-10,225,20,347,-5" /><INIT seed="2,0,0,1,5,46" ten="400,13,245,342" oya="2" hai0="109,22,27,70,66,103,130,113,88,1,65,127,124" hai1="47,77,96,134,37,19,99,97,0,80,106,72,31" hai2="45,68,90,2,16,120,95,38,74,56,40,50,104" hai3="25,82,61,87,53,75,131,126,79,100,5,92,21"/><V58/><F120/><W63/><G126/><T135/><D109/><U105/><E134/><V89/><F104/><W128/><G5/><T132/><D113/><U54/><E31/><V10/><F68/><W14/><G14/><T24/><D1/><U34/><E19/><V76/><F2/><W101/><G75/><T17/><D130/><N who="3" m="49705" /><G92/><T62/><D66/><U3/><E34/><V15/><F90/><W71/><G53/><T111/><D103/><N who="3" m="39497" /><G71/><T57/><D111/><U84/><E84/><V85/><REACH who="2" step="1"/><F38/><REACH who="2" ten="400,13,235,342" step="2"/><W55/><G55/><T49/><D88/><U119/><E119/><V94/><F94/><W133/><G133/><T41/><D135/><U121/><E121/><V33/><F33/><W30/><AGARI ba="0,1" hai="21,25,30,61,63,79,82,87" m="39497,49705" machi="30" ten="30,1100,0" yaku="19,1" doraHai="46" who="3" fromWho="3" sc="400,-3,13,-3,235,-5,342,21" /><INIT seed="3,0,0,0,2,7" ten="397,10,230,363" oya="3" hai0="72,90,55,26,127,22,77,123,94,62,124,48,67" hai1="87,18,126,75,37,134,96,3,44,5,38,108,39" hai2="115,54,128,40,13,102,12,31,81,25,109,47,114" hai3="73,113,46,104,74,60,103,120,41,118,130,83,24"/><W106/><G120/><T121/><D77/><U4/><E87/><V70/><F70/><W19/><G113/><T101/><D101/><U93/><E96/><V69/><F69/><W36/><G118/><T51/><D72/><U132/><E93/><V68/><F68/><W58/><G130/><T131/><D67/><U1/><E18/><V111/><F54/><W86/><G104/><T23/><D62/><U78/><E44/><V80/><F102/><W92/><G106/><T107/><D107/><U119/><E78/><V15/><F128/><W33/><G33/><T10/><D10/><U56/><E56/><V71/><F71/><W16/><G92/><T100/><D100/><U45/><E45/><V2/><F2/><W63/><G103/><T28/><D23/><U84/><E84/><V97/><F97/><W112/><G112/><T32/><D51/><U50/><E50/><V91/><F115/><W35/><G35/><T135/><D32/><U30/><E30/><V88/><F114/><W14/><G24/><T29/><D135/><U79/><E79/><V122/><F122/><W116/><G116/><T6/><D131/><U89/><E89/><V99/><F81/><W11/><G19/><N who="0" m="12639" /><D6/><U0/><E75/><V8/><F8/><W34/><G34/><T65/><D123/><U20/><E20/><N who="2" m="15783" /><F80/><W66/><G60/><T129/><D121/><U110/><E126/><N who="0" m="48169" /><D129/><U43/><E43/><V27/><F27/><W117/><G117/><T59/><D65/><U53/><E53/><V17/><F99/><AGARI ba="0,0" hai="28,29,48,55,59,90,94,99" m="48169,12639" machi="99" ten="30,1000,0" yaku="18,1" doraHai="7" who="0" fromWho="2" sc="397,10,10,0,230,-10,363,0" owari="407,50.7,10,-49.0,220,-18.0,363,16.3" /></mjloggm>