<mjloggm ver="2.3"><GO type="225" lobby="0"/><UN n0="%E3%83%A9%E3%83%BC%E3%83%A1%E3%83%B3%E4%BA%94%E9%83%8E" n1="%E6%A1%9C%E8%8A%B1%E9%96%83%E3%80%85" n2="%E3%83%97%E3%83%AC%E3%83%B4%E3%82%A1%E3%83%86%E3%82%A3" n3="%E3%81%BF%E3%81%BF%E3%81%9A" dan="16,16,16,16" rate="2044.15,2110.24,2053.54,2156.70" sx="M,M,F,M"/><TAIKYOKU oya="0"/><INIT seed="0,0,0,2,2,6" ten="250,250,250,250" oya="0" hai0="96,44,126,89,76,67,79,51,46,28,42,23,58" hai1="21,29,78,111,32,122,103,0,74,108,4,36,1" hai2="112,31,37,105,90,39,135,40,115,100,125,72,14" hai3="109,116,64,101,81,16,17,68,94,75,104,73,84"/><T92/><D126/><U38/><E122/><V117/><F125/><W119/><G64/><T2/><D2/><U107/><E21/><V10/><F72/><W61/><G61/><T130/><D130/><U55/><E55/><V77/><F77/><W41/><G41/><T7/><D7/><U62/><E62/><V128/><F128/><W114/><G68/><T47/><D67/><U60/><E60/><V132/><F31/><W30/><G30/><T121/><D121/><U27/><E103/><V110/><F90/><W20/><G114/><N who="2" m="43561" /><F100/><W45/><G45/><N who="0" m="17515" /><D58/><U18/><E18/><V15/><F40/><W56/><G56/><T85/><D96/><U11/><E107/><V63/><F63/><W129/><G104/><T69/><D69/><U9/><E9/><V33/><F33/><W127/><G127/><T54/><D42/><U97/><E97/><V34/><F34/><W24/><G73/><T8/><D8/><U71/><E0/><V52/><F105/><W66/><G75/><T133/><D133/><N who="2" m="51274" /><F52/><W113/><G129/><T50/><D50/><U95/><E71/><V35/><F35/><W123/><G66/><T86/><D86/><U83/><E95/><V131/><F131/><W102/><G123/><T118/><D118/><U65/><E65/><V25/><F117/><N who="3" m="45131" /><G113/><T57/><N who="0" m="17523" /><T106/><DORA hai="12" /><D106/><U22/><REACH who="1" step="1"/><E32/><REACH who="1" ten="250,240,250,250" step="2"/><V124/><F124/><W91/><G94/><T43/><D43/><U5/><E5/><V53/><F53/><W82/><G101/><T88/><D23/><U48/><E48/><V80/><F10/><W26/><G20/><RYUUKYOKU ba="0,1" sc="250,-10,240,30,250,-10,250,-10" hai1="1,4,11,22,27,29,36,38,74,78,83,108,111" /><INIT seed="1,1,1,4,5,43" ten="240,270,240,240" oya="1" hai0="10,34,64,96,45,36,91,114,61,12,94,63,48" hai1="31,99,115,5,0,111,53,102,57,134,83,38,98" hai2="81,58,40,73,68,128,13,7,33,54,30,29,24" hai3="22,50,129,88,46,35,37,6,66,127,39,103,100"/><U133/><E115/><V60/><F128/><W101/><G35/><T72/><D114/><U18/><E31/><V3/><F30/><W42/><G129/><T56/><D34/><U1/><E38/><V126/><F126/><W108/><G127/><T71/><D72/><U113/><E113/><V70/><F3/><W78/><G78/><T4/><D36/><U116/><E116/><V122/><F122/><W20/><G6/><T2/><D63/><U80/><E18/><V89/><F40/><W55/><G108/><T59/><REACH who="0" step="1"/><D2/><REACH who="0" ten="230,270,240,240" step="2"/><U74/><E74/><V47/><F73/><W124/><G124/><T121/><D121/><U25/><E0/><V84/><F68/><W49/><G39/><T87/><D87/><U119/><E1/><V118/><F70/><W130/><G130/><T21/><D21/><U76/><E111/><V85/><F84/><W67/><G37/><T15/><D15/><U9/><E119/><V92/><F118/><W16/><G20/><T104/><D104/><U23/><E23/><V62/><F33/><W69/><G69/><T109/><D109/><U107/><E107/><V77/><F62/><W75/><G75/><T90/><D90/><U106/><E106/><V32/><F77/><W14/><G88/><T82/><D82/><U93/><E80/><V86/><F85/><W131/><G131/><T26/><D26/><U8/><E83/><V17/><F81/><W27/><G27/><T65/><D65/><U123/><E76/><V97/><F86/><W112/><G112/><T117/><D117/><U51/><E123/><V95/><F95/><RYUUKYOKU ba="1,2" sc="230,15,270,-15,240,-15,240,15" hai0="4,10,12,45,48,56,59,61,64,71,91,94,96" hai3="14,16,22,42,46,49,50,55,66,67,100,101,103" /><INIT seed="2,2,2,0,4,23" ten="245,255,225,255" oya="2" hai0="117,73,60,58,55,9,20,62,104,68,49,11,83" hai1="5,99,4,107,52,82,113,24,18,7,40,26,48" hai2="120,123,17,75,57,127,91,64,47,16,41,39,45" hai3="29,67,112,118,66,132,77,69,51,27,134,115,54"/><V102/><F75/><W61/><G77/><T131/><D104/><U135/><E113/><N who="3" m="43594" /><G118/><T89/><D117/><U46/><E135/><N who="3" m="51754" /><G61/><N who="0" m="23659" /><D73/><U79/><E40/><V44/><F102/><W56/><G69/><T81/><D68/><U97/><E18/><N who="2" m="7275" /><F41/><W31/><G31/><T88/><D131/><U19/><E19/><V80/><F39/><W95/><G95/><T108/><D108/><U21/><E21/><AGARI ba="2,2" hai="21,27,29,51,54,56,66,67" m="51754,43594" machi="21" ten="30,3900,0" yaku="11,1,20,1,52,1" doraHai="23" who="3" fromWho="1" sc="245,0,255,-45,225,0,255,65" /><INIT seed="3,0,0,5,5,114" ten="245,210,225,320" oya="3" hai0="16,125,57,97,42,35,34,112,22,121,4,72,28" hai1="68,101,117,123,129,109,127,9,52,113,96,82,130" hai2="63,131,70,69,122,106,43,81,119,33,39,120,85" hai3="32,88,20,128,7,60,86,73,10,111,105,37,30"/><W115/><G73/><T24/><D121/><N who="2" m="46698" /><F106/><W41/><G105/><T12/><D72/><U15/><E123/><V92/><F33/><W62/><G32/><T61/><D112/><U84/><E113/><V91/><F131/><N who="1" m="50185" /><E127/><V80/><F39/><W66/><G111/><T104/><D125/><U46/><E68/><N who="2" m="26219" /><F43/><W116/><G41/><T102/><D35/><U27/><E27/><V51/><F51/><W3/><G60/><T11/><D42/><U93/><E109/><V38/><F38/><W55/><G62/><T1/><D61/><U89/><E46/><V31/><F31/><W118/><G30/><T133/><D57/><U74/><E74/><V132/><F132/><AGARI ba="0,0" hai="1,4,11,12,16,22,24,28,34,97,102,104,132,133" machi="132" ten="40,5200,0" yaku="24,2,54,1" doraHai="114" who="0" fromWho="2" sc="245,52,210,0,225,-52,320,0" owari="297,9.7,210,-19.0,173,-32.7,320,42.0" /></mjloggm>