<mjloggm ver="2.3"><GO type="225" lobby="0"/><UN n0="%E5%A4%96%E5%B7%9D%E7%AB%9C%E6%88%90" n1="%E3%81%9F%E3%81%93%E2%98%86%E7%84%BC%E3%81%8D" n2="%E3%81%8F%E3%81%BE%E3%81%96%E3%82%8F" n3="%E2%91%A3%E9%81%BF%E9%81%8A%E6%88%AF%E3%80%90%E6%9D%B1%E5%8D%97%E3%80%91" dan="16,16,16,16" rate="2100.31,2065.15,2025.32,2088.48" sx="M,M,M,M"/><TAIKYOKU oya="0"/><INIT seed="0,0,0,4,5,126" ten="250,250,250,250" oya="0" hai0="59,72,25,86,17,101,120,9,123,65,16,110,93" hai1="124,84,66,8,96,118,125,121,21,116,64,19,92" hai2="6,57,98,132,22,78,109,77,115,15,5,62,88" hai3="108,12,83,31,11,18,54,71,76,4,111,68,69"/><T79/><D72/><U26/><E84/><V95/><F115/><W135/><G135/><T91/><D110/><U99/><E121/><V46/><F109/><W40/><G31/><T128/><D128/><U85/><E85/><V130/><F130/><W2/><G54/><T45/><D79/><N who="2" m="30218" /><F46/><W114/><G114/><T7/><D101/><U41/><E41/><V90/><F90/><W60/><G60/><T3/><D45/><U112/><E112/><V44/><F44/><W53/><G53/><T27/><D59/><U73/><E73/><V104/><F104/><W131/><G131/><T37/><D37/><U102/><E96/><V61/><F132/><W38/><G18/><T134/><D65/><U129/><E129/><V87/><F98/><W105/><G12/><T70/><D70/><U58/><E8/><V103/><F103/><W127/><G105/><T29/><D134/><U0/><E0/><V1/><F1/><W47/><REACH who="3" step="1"/><G127/><REACH who="3" ten="250,250,250,240" step="2"/><T133/><D133/><U63/><E64/><N who="2" m="38959" /><F62/><W28/><G28/><T100/><D29/><U13/><E125/><V42/><F42/><W32/><G32/><T55/><D55/><U113/><E113/><V67/><F67/><W34/><G34/><T74/><D123/><U56/><E124/><V49/><F49/><W97/><G97/><T107/><D120/><U119/><E13/><V94/><F15/><W89/><G89/><T75/><D107/><U36/><E118/><V33/><F33/><W43/><G43/><T14/><D3/><U51/><E119/><V80/><F88/><W48/><G48/><T50/><D50/><RYUUKYOKU ba="0,1" sc="250,-10,250,-10,250,-10,240,30" hai3="2,4,11,38,40,47,68,69,71,76,83,108,111" /><INIT seed="1,1,1,0,5,64" ten="240,240,240,270" oya="1" hai0="56,32,62,1,42,35,98,66,75,25,11,86,26" hai1="133,130,58,61,39,121,78,48,96,36,91,116,111" hai2="128,7,72,73,33,29,68,54,24,6,22,17,118" hai3="27,2,65,46,107,49,40,83,135,112,59,41,84"/><U18/><E116/><V76/><F118/><W50/><G107/><T106/><D75/><U87/><E121/><V28/><F128/><W125/><G2/><T79/><D42/><U31/><E130/><V70/><F54/><W115/><G125/><T127/><D127/><U8/><E31/><V47/><F47/><W45/><G135/><T20/><D79/><U92/><E48/><V3/><F29/><W123/><G123/><T4/><D86/><U5/><E18/><V10/><F7/><W134/><G134/><T110/><D110/><U97/><E111/><V132/><F132/><W38/><G27/><T101/><REACH who="0" step="1"/><D26/><REACH who="0" ten="230,240,240,270" step="2"/><U119/><E133/><V63/><F76/><W131/><G131/><T129/><D129/><U85/><E119/><V94/><F73/><W126/><G126/><T114/><D114/><U82/><E36/><V103/><F72/><W13/><G38/><T77/><D77/><U90/><E78/><V71/><F63/><W100/><G112/><T14/><D14/><N who="1" m="5391" /><E39/><V120/><F120/><W89/><G115/><T9/><D9/><U15/><E15/><N who="2" m="9535" /><F71/><W43/><G13/><T104/><D104/><U30/><E30/><AGARI ba="1,2" hai="1,4,11,20,25,30,32,35,56,62,66,98,101,106" machi="30" ten="30,2000,0" yaku="1,1,7,1,53,0" doraHai="64" doraHaiUra="105" who="0" fromWho="1" sc="230,43,240,-23,240,0,270,0" /><INIT seed="2,0,0,2,1,4" ten="273,217,240,270" oya="2" hai0="30,0,113,22,38,97,2,74,17,20,124,88,78" hai1="64,104,116,70,115,79,31,87,100,130,68,36,111" hai2="69,60,103,94,43,33,46,47,106,11,128,81,40" hai3="29,54,45,21,66,18,135,129,133,50,59,117,105"/><V132/><F33/><W107/><G29/><T52/><D38/><U61/><E115/><V56/><F128/><W110/><G129/><T131/><D131/><U71/><E116/><V120/><F120/><W62/><G117/><T73/><D113/><U67/><E130/><V49/><F132/><N who="3" m="50763" /><G110/><T58/><D124/><U25/><E111/><V114/><F114/><W118/><G118/><T12/><D0/><U91/><E79/><V51/><F106/><W82/><G82/><T6/><D78/><U9/><E36/><V83/><F69/><W44/><G44/><T122/><D122/><U10/><E100/><V3/><F3/><W121/><G121/><T126/><D126/><U37/><E37/><V16/><F94/><W28/><G28/><T85/><D97/><U13/><E13/><AGARI ba="0,0" hai="13,18,21,45,50,54,59,62,66,105,107" m="50763" machi="13" ten="30,1000,0" yaku="20,1" doraHai="4" who="3" fromWho="1" sc="273,0,217,-10,240,0,270,10" /><INIT seed="3,0,0,2,5,60" ten="273,207,240,280" oya="3" hai0="99,29,25,53,129,85,84,82,64,123,55,16,119" hai1="0,83,130,121,5,81,27,125,117,80,44,51,67" hai2="48,58,118,66,54,41,93,20,72,23,113,61,74" hai3="45,10,65,127,77,115,2,36,47,22,11,34,111"/><W109/><G34/><T131/><D119/><U57/><E121/><V105/><F105/><W8/><G115/><T4/><D123/><U102/><E117/><V133/><F118/><W46/><G2/><T128/><D4/><U40/><E130/><V62/><F113/><W120/><G120/><T1/><D1/><U49/><E102/><V75/><F133/><W32/><G32/><T31/><D99/><U42/><E0/><V3/><F3/><W69/><G36/><T13/><D64/><U30/><E5/><V35/><F35/><W78/><G22/><N who="0" m="15543" /><D31/><U76/><E125/><V50/><F93/><W68/><G127/><T70/><D70/><N who="3" m="27241" /><G65/><T92/><D92/><U38/><E27/><V110/><F20/><W71/><N who="3" m="27249" /><W39/><DORA hai="73" /><G39/><T37/><D37/><U89/><E89/><V43/><F23/><W114/><G114/><T12/><D12/><U116/><E30/><V17/><F74/><W132/><G132/><T15/><D15/><U19/><E19/><V124/><F66/><W98/><G98/><T18/><D85/><N who="1" m="48263" /><E38/><V97/><F124/><W33/><G33/><T63/><D63/><N who="1" m="38383" /><E116/><V21/><F17/><N who="0" m="6762" /><D13/><U108/><E108/><AGARI ba="0,0" hai="8,10,11,45,46,47,77,78,108,109,111" m="27249" machi="108" ten="50,18000,2" yaku="28,2,14,1,10,1,52,2" doraHai="60,73" who="3" fromWho="1" sc="273,0,207,-180,240,0,280,180" owari="273,7.3,27,-47.3,240,-16.0,460,56.0" /></mjloggm>