<mjloggm ver="2.3"><GO type="225" lobby="0"/><UN n0="%E8%BE%9B%E5%8F%A3%E3%82%AB%E3%83%AC%E3%83%BC%E3%83%A9%E3%82%A4%E3%82%B9" n1="%43%68%65" n2="%45%6C%79%73%69%75%6D" n3="%E6%A1%9C%E8%8A%B1%E9%96%83%E3%80%85" dan="16,16,17,18" rate="2171.76,2174.76,2095.74,2261.31" sx="M,M,F,M"/><TAIKYOKU oya="0"/><INIT seed="0,0,0,5,2,40" ten="250,250,250,250" oya="0" hai0="22,61,73,12,15,20,103,81,0,36,46,90,21" hai1="126,54,120,72,104,4,19,129,113,77,14,85,116" hai2="112,51,9,106,37,127,1,111,118,128,134,110,6" hai3="94,45,31,117,49,108,62,34,38,88,99,39,26"/><T133/><D0/><U64/><E116/><V76/><RYUUKYOKU type="yao9" ba="0,0" sc="250,0,250,0,250,0,250,0" hai2="1,6,9,37,51,76,106,110,111,112,118,127,128,134" /><INIT seed="0,1,0,4,2,15" ten="250,250,250,250" oya="0" hai0="33,117,42,78,76,43,4,57,103,82,58,84,131" hai1="133,63,87,48,41,113,64,17,109,24,59,29,121" hai2="50,11,47,95,106,80,49,27,96,40,91,21,97" hai3="124,51,104,7,26,90,25,115,120,85,31,36,135"/><T30/><D117/><U55/><E121/><V2/><F80/><W53/><G36/><T105/><D131/><U132/><E109/><V6/><F106/><W62/><G115/><T1/><D78/><U71/><E113/><V102/><F102/><W114/><G114/><T111/><D1/><U126/><E126/><V12/><F2/><W52/><G104/><T70/><D4/><U130/><E130/><V60/><F60/><W110/><G135/><T75/><D111/><U37/><E87/><V35/><F35/><W46/><G110/><T45/><D70/><U79/><E79/><V67/><F67/><W56/><G120/><T122/><D75/><U10/><E10/><V108/><F108/><W13/><G124/><T44/><D122/><U69/><E69/><V93/><F93/><N who="3" m="54479" /><G31/><T20/><D33/><N who="1" m="20647" /><E17/><N who="2" m="12719" /><F49/><W18/><G7/><T119/><D119/><U129/><E129/><V74/><F74/><W77/><G77/><T3/><D3/><U28/><E28/><V81/><F81/><W32/><G32/><T86/><D86/><AGARI ba="1,0" hai="6,11,12,40,47,50,86,91,95,96,97" m="12719" machi="86" ten="30,2000,0" yaku="8,1,52,1" doraHai="15" who="2" fromWho="0" sc="250,-23,250,0,250,23,250,0" /><INIT seed="1,0,0,2,1,131" ten="227,250,273,250" oya="1" hai0="87,124,126,97,129,38,92,29,13,109,128,86,111" hai1="15,110,19,118,48,60,123,43,71,18,58,122,64" hai2="39,130,31,35,56,0,16,34,90,8,74,40,120" hai3="77,82,14,11,6,101,45,61,89,67,106,98,107"/><U78/><E118/><V100/><F130/><N who="0" m="50282" /><D29/><U115/><E115/><V84/><F120/><W119/><G119/><T17/><D13/><U135/><E78/><V44/><F74/><W51/><G89/><N who="0" m="55439" /><D17/><U62/><E110/><N who="0" m="41993" /><D38/><U117/><E19/><V7/><F31/><W2/><G107/><T27/><D27/><U50/><E18/><V80/><F100/><W21/><G21/><T79/><D79/><U91/><E15/><V83/><F56/><W81/><G2/><T95/><D95/><U93/><E93/><V94/><F16/><W70/><G77/><T112/><D112/><U25/><E58/><V114/><F114/><W1/><G1/><T10/><D10/><U9/><E9/><V133/><F34/><W103/><G45/><T76/><D76/><U55/><E25/><V102/><F35/><W28/><G28/><T108/><D108/><U53/><E71/><V23/><F23/><W12/><G12/><T32/><D32/><U125/><E43/><V37/><F40/><W57/><G70/><T85/><AGARI ba="0,0" hai="85,86,87,124,126" m="41993,55439,50282" machi="85" ten="40,8000,1" yaku="19,1,14,1,34,2" doraHai="131" who="0" fromWho="0" sc="227,80,250,-40,273,-20,250,-20" /><INIT seed="2,0,0,4,3,54" ten="307,210,253,230" oya="2" hai0="0,106,88,21,66,15,112,77,22,93,47,6,13" hai1="76,37,82,84,113,56,52,124,111,43,80,29,105" hai2="104,46,60,108,35,127,24,8,131,36,114,107,119" hai3="48,26,72,129,100,38,135,34,4,94,53,95,57"/><V14/><F119/><W103/><G72/><T97/><D112/><U11/><E113/><V61/><F114/><W12/><G38/><T64/><D0/><U55/><E105/><V59/><F131/><W42/><G129/><T5/><D106/><U23/><E111/><V39/><F108/><W92/><G135/><T118/><D118/><U3/><E124/><V51/><F127/><W41/><G34/><T91/><D77/><U117/><E117/><V70/><F36/><W98/><G26/><T73/><D73/><U16/><E29/><V9/><F39/><W122/><G122/><T120/><D120/><U75/><E37/><V121/><F121/><W115/><G115/><T74/><D74/><U116/><E43/><N who="3" m="16394" /><G98/><T132/><D47/><U110/><E110/><V63/><F70/><W134/><G134/><T17/><D132/><U32/><E32/><V102/><F24/><W126/><G126/><T49/><D49/><U27/><E116/><V79/><F35/><W133/><G133/><T25/><D91/><U40/><E40/><V2/><F2/><W123/><G123/><T1/><D1/><U30/><E56/><V44/><F79/><W125/><G125/><T50/><D50/><U90/><REACH who="1" step="1"/><E30/><REACH who="1" ten="307,200,253,230" step="2"/><V86/><F107/><W20/><G4/><AGARI ba="0,1" hai="3,4,11,16,23,27,52,55,75,76,80,82,84,90" machi="4" ten="40,8000,1" yaku="1,1,2,1,54,2,53,1" doraHai="54" doraHaiUra="19" who="1" fromWho="3" sc="307,0,200,90,253,0,230,-80" /><INIT seed="3,0,0,1,2,85" ten="307,290,253,150" oya="3" hai0="92,39,30,118,54,70,88,6,56,111,12,127,73" hai1="36,121,11,135,48,28,52,27,8,40,18,86,25" hai2="99,0,42,134,80,89,59,79,10,50,122,97,129" hai3="83,106,132,71,20,4,17,49,66,53,125,62,64"/><W74/><G125/><T5/><D118/><U16/><E121/><V19/><F122/><W67/><G106/><T109/><D70/><U84/><E135/><V21/><F134/><W120/><G120/><T131/><D131/><U101/><E101/><V60/><F129/><W94/><G132/><T126/><D73/><U119/><E40/><V103/><F103/><W91/><G4/><N who="0" m="1643" /><D12/><U22/><E36/><V3/><F10/><N who="1" m="3625" /><E119/><V57/><F99/><W114/><G114/><T115/><D30/><U76/><E27/><V128/><F128/><W38/><G38/><T133/><D39/><U108/><E108/><N who="0" m="41545" /><D115/><U123/><E123/><V1/><F79/><W51/><G74/><T110/><D110/><U130/><E130/><V81/><F42/><W75/><G75/><T58/><D133/><U98/><E98/><V29/><F29/><W35/><G83/><T77/><D77/><U45/><E86/><V43/><F43/><W93/><G35/><T68/><D68/><U100/><E100/><V13/><F50/><W31/><G31/><T105/><D105/><U23/><E23/><V102/><F102/><W95/><G91/><T33/><D33/><U7/><E7/><V46/><F46/><N who="3" m="27831" /><G51/><N who="0" m="30815" /><D58/><U47/><E45/><V117/><F117/><W90/><G90/><T2/><D2/><U113/><E113/><V24/><F57/><W87/><G87/><AGARI ba="0,0" hai="87,88,92,126,127" m="30815,41545,1643" machi="87" ten="30,3900,0" yaku="14,1,52,1,54,1" doraHai="85" who="0" fromWho="3" sc="307,39,290,0,253,0,150,-39" owari="346,44.6,290,9.0,253,-14.7,111,-38.9" /></mjloggm>