<mjloggm ver="2.3"><GO type="225" lobby="0"/><UN n0="%E3%81%A0%E3%81%8A" n1="%E9%B3%B3%E6%9D%B1%E3%81%AE%E3%81%86%E3%81%95%E3%81%8E%E3%81%95%E3%82%93" n2="%E5%AE%AE%E4%BF%9D%E9%B6%8F%E8%82%89" n3="%63%68%78%62%64" dan="16,17,16,16" rate="2023.64,2240.30,2125.97,2147.02" sx="M,M,M,M"/><TAIKYOKU oya="0"/><INIT seed="0,0,0,5,0,22" ten="250,250,250,250" oya="0" hai0="42,31,109,68,70,12,4,132,72,86,133,20,35" hai1="104,103,64,3,71,110,99,121,14,119,126,100,58" hai2="13,112,135,8,123,44,34,113,55,19,116,74,106" hai3="29,46,90,18,36,95,15,125,24,47,37,7,1"/><T87/><D72/><U93/><E119/><V84/><F74/><W62/><G125/><T57/><D109/><U63/><E121/><V73/><F73/><W81/><G81/><T134/><D42/><U98/><E110/><V127/><F123/><W85/><G62/><T80/><D87/><U131/><E3/><V124/><F106/><W50/><G1/><T78/><D57/><U77/><E131/><V26/><F135/><W49/><G7/><T21/><D21/><U45/><E77/><V105/><F105/><W117/><G117/><T6/><D35/><U111/><E111/><V83/><F116/><W48/><G37/><T91/><D78/><U82/><E82/><V61/><F113/><W76/><G76/><T28/><D28/><U102/><E126/><N who="2" m="48171" /><F112/><W9/><REACH who="3" step="1"/><G36/><REACH who="3" ten="250,250,250,240" step="2"/><T130/><D130/><U56/><E63/><V65/><F61/><W128/><G128/><T32/><D32/><AGARI ba="0,1" hai="9,15,18,24,29,32,46,47,48,49,50,85,90,95" machi="32" ten="40,8000,1" yaku="1,1,52,1,53,2" doraHai="22" doraHaiUra="41" who="3" fromWho="0" sc="250,-80,250,0,250,0,240,90" /><INIT seed="1,0,0,4,3,10" ten="170,250,250,330" oya="1" hai0="23,89,95,96,70,132,66,129,127,54,84,82,102" hai1="104,77,106,86,15,69,61,131,108,111,109,1,63" hai2="74,118,78,92,14,57,75,43,124,116,12,88,46" hai3="76,72,62,87,107,35,25,39,7,6,49,50,29"/><U45/><E1/><V90/><F124/><W99/><G72/><T79/><D127/><U73/><E73/><V126/><F126/><W19/><G39/><T4/><D129/><U59/><E131/><V27/><F27/><W16/><G62/><T67/><D132/><U64/><E45/><V103/><F103/><W51/><G107/><T65/><D4/><U8/><E86/><V110/><F110/><W36/><G36/><T134/><D134/><U47/><E47/><V53/><F46/><W81/><G99/><T100/><D70/><U31/><E77/><V94/><F53/><W26/><REACH who="3" step="1"/><G19/><REACH who="3" ten="170,250,250,320" step="2"/><T32/><D32/><U5/><REACH who="1" step="1"/><E31/><REACH who="1" ten="170,240,250,320" step="2"/><V119/><F75/><W33/><G33/><T135/><D135/><U58/><E58/><V130/><F130/><W60/><G60/><T18/><REACH who="0" step="1"/><D54/><AGARI ba="0,2" hai="5,8,15,54,59,61,63,64,69,104,106,108,109,111" machi="54" ten="40,12000,1" yaku="1,1,14,1,10,1,52,1,53,1" doraHai="10" doraHaiUra="11" who="1" fromWho="0" sc="170,-120,240,140,250,0,320,0" /><INIT seed="1,1,0,4,4,129" ten="50,380,250,320" oya="1" hai0="45,3,81,59,53,84,79,34,60,89,76,0,54" hai1="18,116,65,8,77,50,43,21,121,93,29,57,119" hai2="80,61,92,112,124,131,33,32,27,13,135,25,12" hai3="52,31,51,56,58,115,86,71,72,111,118,123,5"/><U134/><E121/><V127/><F131/><W82/><G72/><T130/><D130/><U90/><E77/><V78/><F92/><W98/><G115/><T17/><D34/><U87/><E134/><V24/><F61/><W23/><G123/><T125/><D125/><N who="2" m="48202" /><F78/><W96/><G111/><T41/><D3/><U104/><E104/><V94/><F94/><W133/><G71/><T62/><D0/><U67/><E116/><V105/><F80/><W1/><G133/><T30/><D30/><U68/><E68/><V103/><F103/><W69/><G69/><T99/><D17/><U9/><E29/><V28/><F105/><W39/><G39/><T37/><REACH who="0" step="1"/><D99/><REACH who="0" ten="40,380,250,320" step="2"/><U97/><E18/><V20/><F112/><W122/><G96/><T42/><D42/><U107/><E43/><V2/><F2/><W15/><G98/><T55/><D55/><U7/><E97/><V113/><F113/><W88/><G1/><T11/><D11/><U6/><E8/><V48/><F135/><W66/><G118/><T75/><D75/><U73/><E9/><V40/><F40/><W46/><G122/><T85/><D85/><U102/><E87/><V36/><F33/><W128/><G128/><T108/><D108/><U22/><E73/><V10/><F10/><N who="3" m="4559" /><G66/><T95/><D95/><U91/><E93/><V70/><F32/><W64/><G64/><T35/><D35/><U47/><E119/><V110/><F110/><W44/><G31/><T106/><D106/><U49/><E107/><V109/><F109/><W126/><G126/><T38/><D38/><U101/><E65/><RYUUKYOKU ba="1,1" sc="40,30,380,-10,250,-10,320,-10" hai0="37,41,45,53,54,59,60,62,76,79,81,84,89" /><INIT seed="2,2,1,4,0,64" ten="70,370,240,310" oya="2" hai0="8,62,29,48,4,58,25,104,114,67,117,3,119" hai1="86,26,7,84,43,1,83,6,13,120,69,133,96" hai2="93,89,34,30,128,24,31,55,14,103,42,112,105" hai3="118,99,68,20,134,63,87,77,44,116,85,22,9"/><V109/><F112/><W75/><G134/><T113/><D104/><U53/><E69/><V18/><F128/><W15/><G99/><T35/><D48/><U121/><E133/><V76/><F31/><W57/><G44/><T90/><D90/><U27/><E43/><V123/><F123/><N who="1" m="47177" /><E1/><V78/><F109/><W37/><G37/><T82/><D82/><U39/><E39/><V95/><F42/><W23/><G75/><T101/><D101/><U2/><E2/><V17/><F17/><W110/><G110/><T45/><D45/><U111/><E111/><V74/><F105/><W100/><G100/><T47/><D47/><U50/><E96/><V124/><F124/><W129/><G129/><T88/><D88/><N who="1" m="51231" /><E86/><V61/><F103/><W97/><G97/><T81/><D81/><U108/><E108/><V126/><F126/><W54/><G68/><T40/><D40/><U21/><E13/><V127/><F127/><W28/><G28/><T106/><D106/><U32/><E32/><V38/><F38/><W10/><G85/><T65/><D65/><U12/><E12/><V72/><F72/><W73/><G73/><T122/><D122/><U60/><E60/><V66/><F55/><W102/><G102/><T59/><D59/><N who="1" m="33207" /><E26/><V71/><F74/><W41/><G41/><T70/><REACH who="0" step="1"/><D58/><REACH who="0" ten="60,370,240,310" step="2"/><U51/><E51/><V135/><F135/><W94/><G57/><T80/><D80/><U52/><E52/><V79/><F89/><N who="3" m="53567" /><G54/><T132/><D132/><U131/><E131/><V91/><F91/><W98/><G77/><T46/><D46/><U11/><E11/><AGARI ba="2,2" hai="11,14,18,24,30,34,61,66,71,76,78,79,93,95" machi="11" ten="40,3900,0" yaku="6,1,52,1" doraHai="64" who="2" fromWho="1" sc="60,0,370,-45,240,65,310,0" /><INIT seed="2,3,0,2,5,77" ten="60,325,305,310" oya="2" hai0="31,0,131,80,67,13,130,74,10,22,4,85,11" hai1="134,135,87,86,57,59,45,33,119,105,14,38,26" hai2="94,128,15,124,28,121,42,18,30,5,103,58,78" hai3="79,116,9,40,50,97,99,49,115,93,29,32,95"/><V112/><F121/><W16/><G116/><T53/><D74/><U51/><E105/><V102/><F112/><W126/><G115/><T27/><D67/><U17/><E119/><V62/><F128/><N who="0" m="49194" /><D53/><U12/><E38/><V7/><F124/><W120/><G120/><T21/><D85/><N who="1" m="32267" /><E26/><V82/><F42/><W1/><G126/><T60/><D60/><U113/><E33/><V52/><F78/><W96/><G79/><T6/><D80/><U107/><E107/><V8/><F82/><W20/><G32/><AGARI ba="3,0" hai="0,4,6,10,11,13,21,22,27,31,32" m="49194" machi="32" ten="30,3900,0" yaku="19,1,34,2" doraHai="77" who="0" fromWho="3" sc="60,48,325,0,305,0,310,-48" /><INIT seed="3,0,0,0,2,26" ten="108,325,305,262" oya="3" hai0="123,51,53,23,63,75,95,85,125,47,11,97,10" hai1="111,62,16,19,87,3,4,135,30,12,54,96,65" hai2="14,129,124,105,17,86,37,82,49,8,117,120,92" hai3="68,114,107,25,50,24,106,13,58,113,83,33,29"/><W132/><G68/><T79/><D125/><U133/><E111/><V20/><F117/><W34/><G132/><N who="1" m="50762" /><E3/><V104/><F37/><W73/><G13/><T39/><D123/><U99/><E30/><V5/><F124/><W108/><G108/><T2/><D75/><U127/><E127/><V32/><F32/><W22/><G34/><T126/><D126/><U89/><E54/><V70/><F70/><W45/><G58/><T130/><D130/><U72/><E72/><V31/><F31/><W88/><G113/><T90/><D2/><U100/><E4/><V28/><F28/><W40/><G114/><T35/><D35/><U91/><E87/><V115/><F92/><W101/><G101/><T21/><D39/><U42/><E42/><V110/><F129/><W128/><G128/><T74/><D74/><U80/><E80/><V55/><F120/><W9/><G9/><T1/><D1/><U78/><E78/><V7/><F110/><W93/><G24/><T60/><D10/><N who="1" m="6167" /><E19/><V61/><F115/><W103/><G33/><T67/><D11/><U64/><E99/><V52/><F61/><W6/><G6/><T112/><D112/><U109/><E109/><V66/><F66/><N who="1" m="25705" /><E62/><N who="0" m="23593" /><D67/><U134/><E134/><V77/><F5/><W56/><G56/><T116/><D116/><U27/><E27/><V119/><F119/><W57/><G57/><T122/><D122/><U36/><E36/><V76/><F76/><N who="3" m="44431" /><G103/><T18/><D18/><U0/><E0/><N who="2" m="103" /><F49/><W84/><G107/><AGARI ba="0,0" hai="89,91,96,100,107" m="25705,6167,50762" machi="107" ten="30,2000,0" yaku="20,1,54,1" doraHai="26" who="1" fromWho="3" sc="108,0,325,20,305,0,262,-20" owari="108,-39.2,345,44.5,305,10.5,242,-15.8" /></mjloggm>