<mjloggm ver="2.3"><GO type="225" lobby="0"/><UN n0="%E3%81%AF%E3%82%88%E3%81%8A%E3%81%98%E3%81%95%E3%82%93" n1="%E9%80%86%E9%80%A3%E5%B8%AF%E3%81%AE%E9%AC%BC" n2="%E9%80%9F%E6%B0%B4%E5%87%9B%E9%A6%99" n3="%E6%A1%9C%E8%8A%B1%E9%96%83%E3%80%85" dan="16,16,16,16" rate="2136.99,2142.17,2182.24,2171.12" sx="M,M,F,M"/><TAIKYOKU oya="0"/><INIT seed="0,0,0,2,4,58" ten="250,250,250,250" oya="0" hai0="95,49,118,115,116,98,34,61,1,111,11,104,10" hai1="73,47,80,33,77,17,15,21,26,124,7,0,91" hai2="109,114,38,63,123,130,2,65,4,50,55,46,135" hai3="16,32,78,66,36,9,113,62,102,45,92,23,14"/><T122/><D115/><U40/><E124/><V129/><F4/><W85/><G32/><T22/><D122/><U90/><E0/><V57/><F2/><W71/><G113/><T44/><D34/><U31/><REACH who="1" step="1"/><E7/><REACH who="1" ten="250,240,250,250" step="2"/><V42/><F114/><W54/><G78/><T106/><D1/><U88/><E88/><V68/><F123/><W117/><G117/><T12/><D118/><U18/><E18/><V28/><F109/><W39/><G9/><T20/><D10/><U94/><E94/><V97/><F28/><W24/><G14/><T59/><D111/><U126/><E126/><V37/><F135/><W30/><G30/><T6/><D106/><U69/><E69/><V133/><F133/><W105/><G105/><T93/><D95/><U41/><E41/><V5/><F5/><W74/><G102/><T67/><D104/><U86/><E86/><V76/><F76/><W27/><G74/><T60/><D116/><U96/><E96/><V99/><F37/><AGARI ba="0,1" hai="15,17,21,26,31,33,37,40,47,73,77,80,90,91" machi="37" ten="30,2000,0" yaku="1,1,7,1,53,0" doraHai="58" doraHaiUra="132" who="1" fromWho="2" sc="250,0,240,30,250,-20,250,0" /><INIT seed="1,0,0,4,2,5" ten="250,270,230,250" oya="1" hai0="79,111,44,116,78,119,124,130,17,74,106,83,45" hai1="121,131,101,127,132,7,110,3,65,85,6,36,105" hai2="55,4,16,40,11,23,100,47,99,15,53,75,118" hai3="30,92,39,86,68,26,129,112,34,84,27,54,18"/><U91/><E121/><V1/><F75/><W48/><G112/><T64/><D106/><U81/><E132/><V35/><F118/><W43/><G68/><T22/><D111/><U95/><E131/><V134/><F35/><W46/><G129/><T123/><D130/><U38/><E127/><V115/><F134/><W2/><G2/><T14/><D124/><U90/><E110/><V0/><F0/><W51/><G92/><T62/><D79/><U114/><E114/><V57/><F57/><W67/><G67/><T70/><REACH who="0" step="1"/><D123/><REACH who="0" ten="240,270,230,250" step="2"/><U37/><E105/><V42/><F115/><W77/><G77/><T10/><D10/><U88/><E3/><V103/><F103/><W125/><G125/><T102/><D102/><U61/><E101/><V60/><F60/><W76/><G76/><T87/><D87/><U89/><REACH who="1" step="1"/><E95/><REACH who="1" ten="240,260,230,250" step="2"/><V21/><F100/><W33/><G33/><T20/><D20/><U58/><AGARI ba="0,2" hai="6,7,36,37,38,58,61,65,81,85,88,89,90,91" machi="58" ten="40,12000,1" yaku="1,1,2,1,0,1,54,1,53,1" doraHai="5" doraHaiUra="80" who="1" fromWho="1" sc="240,-40,260,140,230,-40,250,-40" /><INIT seed="1,1,0,0,1,84" ten="200,400,190,210" oya="1" hai0="87,79,43,91,1,8,126,70,33,30,6,95,101" hai1="47,14,104,107,116,18,93,48,60,90,59,31,24" hai2="10,96,92,3,5,45,51,106,4,88,117,11,97" hai3="38,23,76,130,26,85,63,69,37,25,15,112,94"/><U42/><E116/><V98/><F117/><W39/><G112/><T135/><D70/><U71/><E71/><V34/><F34/><W124/><G124/><T54/><D126/><U27/><E107/><V74/><F74/><W35/><G130/><T68/><D68/><U50/><E104/><V122/><F122/><W61/><G35/><T120/><D120/><U105/><E105/><V44/><F106/><W114/><G114/><T64/><D64/><U62/><E50/><V133/><F133/><W0/><G0/><T56/><D135/><U40/><E40/><V9/><F45/><W99/><G15/><T83/><D43/><U119/><E119/><V78/><F78/><W52/><G25/><T67/><D67/><U118/><E118/><V28/><F28/><W109/><G109/><T121/><D121/><U131/><E131/><V57/><F57/><W77/><G85/><T111/><D111/><U17/><E27/><V113/><F113/><W73/><G73/><T127/><D127/><U41/><E41/><N who="2" m="24975" /><F3/><W110/><G110/><T103/><D30/><U108/><E108/><V53/><F53/><W32/><G32/><T21/><D21/><U55/><E62/><N who="3" m="23562" /><G52/><T82/><D33/><U19/><E14/><V13/><F13/><W128/><G128/><T22/><D22/><N who="1" m="13391" /><E31/><V115/><F115/><W81/><G69/><T75/><D82/><U36/><E36/><V80/><F80/><W12/><G81/><T65/><D65/><U46/><E46/><V100/><F100/><N who="0" m="38474" /><D56/><U2/><E2/><V7/><AGARI ba="1,0" hai="4,5,7,9,10,11,88,92,96,97,98" m="24975" machi="7" ten="30,4000,0" yaku="8,1,52,1,54,1" doraHai="84" who="2" fromWho="2" sc="200,-11,400,-21,190,43,210,-11" /><INIT seed="2,0,0,4,5,76" ten="189,379,233,199" oya="2" hai0="15,117,104,4,58,78,66,115,17,120,59,110,126" hai1="39,101,25,5,128,82,7,1,89,79,87,28,99" hai2="93,52,53,74,77,20,100,80,43,94,41,85,54" hai3="2,31,96,21,69,11,10,30,56,127,118,134,37"/><V124/><F124/><W27/><G69/><T121/><D115/><U14/><E128/><V23/><F74/><W116/><G37/><T18/><D104/><U45/><E1/><V92/><F100/><W60/><G127/><T29/><D126/><U108/><E108/><V113/><F113/><W48/><G134/><T22/><D110/><U88/><E39/><V8/><F8/><W35/><G48/><T84/><D117/><U6/><E45/><V129/><REACH who="2" step="1"/><F129/><REACH who="2" ten="189,379,223,199" step="2"/><W46/><G11/><T112/><D112/><U57/><E57/><V75/><F75/><W86/><G10/><T103/><D103/><U98/><E101/><V68/><F68/><W40/><G116/><T122/><D58/><U107/><E107/><V19/><BYE who="1" /><F19/><UN n1="%E9%80%86%E9%80%A3%E5%B8%AF%E3%81%AE%E9%AC%BC" /><W105/><G118/><T114/><D114/><U132/><E132/><V16/><F16/><W81/><G56/><T119/><D119/><U73/><E73/><V67/><F67/><W50/><G105/><T63/><D4/><U49/><E5/><V135/><F135/><W72/><G72/><T130/><D130/><U13/><E6/><V102/><F102/><W71/><G71/><T55/><D66/><U123/><E7/><V34/><F34/><W0/><G35/><T64/><D64/><U61/><E123/><V131/><F131/><W90/><G2/><T97/><D17/><U47/><E47/><V38/><F38/><W70/><G0/><T91/><D121/><U42/><E28/><V109/><F109/><W125/><G125/><T83/><D29/><U95/><E13/><V51/><F51/><W111/><G50/><RYUUKYOKU ba="0,1" sc="189,15,379,-15,223,15,199,-15" hai0="15,18,22,55,59,63,78,83,84,91,97,120,122" hai2="20,23,41,43,52,53,54,77,80,85,92,93,94" /><INIT seed="2,1,1,4,1,41" ten="204,364,238,184" oya="2" hai0="114,46,88,115,35,81,110,70,19,80,102,74,17" hai1="25,12,125,119,99,104,64,18,134,23,132,84,128" hai2="4,72,113,97,107,82,39,133,67,0,106,44,30" hai3="40,103,56,101,21,92,24,105,90,36,3,14,59"/><V63/><F113/><W123/><G123/><T8/><D70/><U49/><E119/><V75/><F30/><W94/><G3/><T33/><D102/><N who="3" m="38921" /><G36/><T91/><D8/><U6/><E128/><V85/><F97/><N who="3" m="57495" /><G105/><T117/><D74/><U66/><E125/><V57/><F75/><W45/><G14/><T42/><D42/><U28/><E6/><V48/><F133/><W65/><G94/><T11/><D11/><U2/><E2/><V20/><F20/><W15/><G15/><T83/><D46/><U96/><E104/><V98/><F98/><W32/><G32/><T87/><D87/><U16/><E84/><V100/><F100/><W37/><G37/><T71/><D71/><U130/><E130/><V122/><F122/><W118/><G65/><T10/><D10/><U116/><E116/><V50/><F0/><W29/><G118/><T131/><D117/><U7/><E99/><V55/><F4/><W78/><G78/><T27/><D131/><U68/><E96/><V93/><F93/><W51/><AGARI ba="1,1" hai="21,24,29,40,45,51,56,59" m="57495,38921" machi="51" ten="30,2000,0" yaku="8,1,52,1" doraHai="41" who="3" fromWho="3" sc="204,-6,364,-6,238,-11,184,33" /><INIT seed="3,0,0,3,0,26" ten="198,358,227,217" oya="3" hai0="10,123,2,1,44,24,19,12,51,21,13,3,78" hai1="46,116,128,82,62,131,105,81,31,115,29,97,20" hai2="134,5,52,127,74,91,98,70,67,16,15,121,101" hai3="27,48,61,73,114,86,33,8,133,9,47,43,66"/><W37/><G114/><T69/><D123/><U30/><E115/><V14/><F74/><W17/><G73/><T25/><D69/><U109/><E109/><V102/><F121/><W111/><G133/><T126/><D78/><U4/><E116/><V0/><F0/><W72/><G72/><T53/><REACH who="0" step="1"/><D126/><REACH who="0" ten="188,358,227,217" step="2"/><U45/><E131/><V96/><F127/><W93/><G111/><T55/><D55/><U42/><E128/><V125/><F52/><W107/><G107/><T60/><D60/><U65/><E62/><V50/><F70/><W112/><G112/><T89/><D89/><U132/><E105/><V90/><F91/><N who="3" m="53495" /><G37/><T122/><D122/><U80/><E132/><V39/><F90/><W58/><G33/><T6/><AGARI ba="0,1" hai="1,2,3,6,10,12,13,19,21,24,25,44,51,53" machi="6" ten="30,7900,0" yaku="1,1,0,1,53,2" doraHai="26" doraHaiUra="23" who="0" fromWho="0" sc="188,89,358,-20,227,-20,217,-39" owari="277,7.7,338,43.8,207,-19.3,178,-32.2" /></mjloggm>