<mjloggm ver="2.3"><GO type="225" lobby="0"/><UN n0="%E5%8D%A0%E3%81%84%E5%B8%AB%E8%A3%8F%E3%81%AA%E3%81%84%E3%81%97" n1="%73%61%6B%6F%EF%BC%A0%E6%9C%80" n2="%E5%BA%97%E9%95%B7%4D" n3="%E3%81%BF%E3%81%BF%E3%81%9A" dan="17,16,16,18" rate="2203.19,2169.58,2078.24,2254.81" sx="M,M,M,M"/><TAIKYOKU oya="0"/><INIT seed="0,0,0,5,1,73" ten="250,250,250,250" oya="0" hai0="114,19,106,121,107,97,42,29,75,86,88,111,125" hai1="119,34,117,39,79,4,110,84,58,98,55,9,41" hai2="61,80,130,95,133,85,89,120,1,23,52,113,87" hai3="69,77,38,83,105,46,49,82,94,27,70,13,74"/><T56/><D114/><U17/><E34/><V3/><F113/><W25/><G105/><T64/><D121/><U18/><E110/><V118/><F120/><W60/><G38/><T104/><D111/><U51/><E98/><V43/><F130/><W6/><G94/><T108/><D75/><U53/><E39/><V40/><F133/><W123/><G123/><T5/><D29/><U72/><E72/><V37/><F118/><W68/><G83/><T102/><D5/><U91/><E41/><V92/><F92/><W132/><G60/><T26/><D125/><U21/><E55/><V96/><F87/><W126/><G132/><T44/><D108/><U65/><E65/><V90/><F37/><W67/><G67/><T8/><D56/><U134/><E18/><V0/><REACH who="2" step="1"/><F23/><REACH who="2" ten="250,250,240,250" step="2"/><W47/><G126/><T7/><D106/><U63/><E134/><V54/><F54/><W35/><G35/><T50/><D64/><U112/><E112/><V62/><F62/><W131/><G131/><T30/><D104/><U22/><E22/><V45/><F45/><W103/><G46/><T31/><D86/><U36/><E36/><V99/><F99/><W24/><G47/><T100/><D107/><U71/><E63/><V109/><F109/><W66/><G66/><T32/><D32/><U57/><E117/><V20/><F20/><W116/><G116/><T135/><D135/><U14/><E119/><V129/><F129/><W81/><G49/><T28/><D97/><U10/><E51/><V122/><F122/><W93/><G93/><T33/><D50/><U115/><E115/><RYUUKYOKU ba="0,1" sc="250,-10,250,-10,240,30,250,-10" hai2="0,1,3,40,43,52,61,80,85,89,90,95,96" /><INIT seed="1,1,1,4,2,66" ten="240,240,270,240" oya="1" hai0="119,44,51,58,80,105,24,83,108,78,9,96,1" hai1="20,86,7,30,112,4,60,43,120,101,90,26,131" hai2="110,33,133,106,52,125,17,121,18,35,22,98,3" hai3="102,0,27,117,12,15,69,72,42,99,47,21,39"/><U41/><E120/><V134/><F3/><W13/><G117/><T16/><D119/><U100/><E112/><V73/><F73/><W36/><G72/><T46/><D108/><U128/><E60/><V56/><F121/><W5/><G69/><T114/><D114/><U124/><E124/><V76/><F76/><W87/><G87/><T2/><D83/><U10/><E4/><V40/><F40/><N who="1" m="15433" /><E10/><V59/><F59/><W84/><G84/><T135/><D135/><N who="2" m="51722" /><F110/><W130/><G130/><N who="1" m="49706" /><E7/><V68/><F68/><W77/><G39/><T63/><D9/><U88/><E90/><V48/><F125/><W122/><G122/><T97/><D1/><U19/><E30/><V82/><F82/><AGARI ba="1,1" hai="19,20,26,82,86,88,100,101" m="49706,15433" machi="82" ten="30,2900,0" yaku="19,1,54,1" doraHai="66" who="1" fromWho="2" sc="240,0,240,42,270,-32,240,0" /><INIT seed="1,2,0,4,5,31" ten="240,282,238,240" oya="1" hai0="13,113,89,6,52,106,125,15,70,40,107,5,43" hai1="81,68,50,94,36,21,78,114,93,128,121,24,62" hai2="66,134,117,115,19,1,97,14,72,76,98,26,85" hai3="124,103,130,83,110,82,75,22,11,135,73,84,35"/><U109/><E121/><V102/><F1/><W53/><G11/><T116/><D70/><U111/><E114/><V86/><F117/><W99/><G22/><T30/><D30/><N who="1" m="17679" /><E36/><V12/><F134/><W123/><G53/><T64/><D64/><N who="1" m="40983" /><E50/><V95/><F115/><W118/><G35/><T4/><D113/><U91/><E91/><V20/><F66/><W37/><G37/><T38/><D38/><U63/><E63/><V42/><F42/><W133/><G123/><T59/><D116/><U25/><E25/><V92/><F72/><W17/><G118/><T127/><D4/><U131/><E93/><V18/><F76/><W47/><G17/><T57/><D89/><U0/><E94/><V10/><REACH who="2" step="1"/><F14/><REACH who="2" ten="240,282,228,240" step="2"/><W122/><G73/><T77/><D77/><U45/><E0/><V100/><AGARI ba="2,1" hai="10,12,18,19,20,26,85,86,92,95,97,98,100,102" machi="100" ten="20,12000,2" yaku="1,1,2,1,0,1,7,1,9,1,8,1,53,0" doraHai="31" doraHaiUra="2" who="2" fromWho="2" sc="240,-32,282,-62,228,136,240,-32" /><INIT seed="2,0,0,5,1,107" ten="208,220,364,208" oya="2" hai0="15,87,81,129,68,130,126,29,84,109,10,110,120" hai1="34,112,115,133,132,100,14,36,35,46,61,8,19" hai2="85,65,1,24,67,80,75,88,38,0,102,94,117" hai3="52,77,119,73,127,40,131,86,12,13,30,105,70"/><V17/><F117/><W21/><G119/><T91/><D120/><U122/><E100/><V96/><F38/><W56/><G70/><T28/><D68/><U90/><E90/><V11/><F75/><W22/><G105/><T51/><D84/><U103/><E103/><V58/><F0/><W98/><G73/><T4/><D51/><U82/><E82/><V20/><F1/><W62/><G127/><T111/><REACH who="0" step="1"/><D126/><REACH who="0" ten="198,220,364,208" step="2"/><U25/><E122/><V69/><F69/><W49/><G131/><AGARI ba="0,1" hai="4,10,15,28,29,81,87,91,109,110,111,129,130,131" machi="131" ten="50,8000,1" yaku="1,1,2,1,14,1,19,1,53,0" doraHai="107" doraHaiUra="113" who="0" fromWho="3" sc="198,90,220,0,364,0,208,-80" /><INIT seed="3,0,0,2,3,23" ten="288,220,364,128" oya="3" hai0="109,76,97,83,122,68,95,45,42,51,126,88,131" hai1="84,66,105,57,22,98,121,39,101,41,50,54,21" hai2="89,67,82,53,38,69,5,32,35,119,12,87,73" hai3="18,46,130,14,70,13,55,113,64,104,116,135,49"/><W26/><G113/><T107/><D122/><U110/><E121/><V92/><F119/><W61/><G116/><T90/><D109/><U124/><E110/><V86/><F38/><W3/><G130/><T58/><D68/><U16/><E124/><V59/><F73/><W27/><G135/><T15/><D131/><U106/><E106/><V36/><F36/><W19/><G3/><T43/><D126/><U60/><E84/><V17/><F5/><W93/><G104/><T127/><D127/><U103/><E103/><V71/><F67/><W120/><G120/><T31/><D58/><U62/><E62/><V1/><F1/><W102/><G102/><T34/><D107/><U30/><E30/><V4/><F4/><W117/><G93/><T129/><D129/><U24/><E22/><N who="2" m="11559" /><F71/><W48/><G117/><T65/><D65/><U77/><E77/><N who="2" m="46415" /><F69/><W40/><G14/><T6/><D90/><U11/><E11/><V56/><F56/><W128/><G128/><T100/><D100/><U20/><E21/><V85/><F85/><W52/><G40/><N who="0" m="24999" /><D6/><U111/><E111/><V47/><F47/><W115/><G115/><T75/><D15/><U125/><E125/><V37/><F37/><W8/><G18/><T2/><D2/><U96/><E96/><V80/><F80/><W79/><G79/><T25/><D42/><U29/><E29/><V91/><F91/><W44/><AGARI ba="0,0" hai="8,13,19,26,27,44,46,48,49,52,55,61,64,70" machi="44" ten="20,18000,2" yaku="0,1,7,1,9,1,52,2,54,1" doraHai="23" who="3" fromWho="3" sc="288,-60,220,-60,364,-60,128,180" owari="228,-17.2,160,-34.0,304,10.4,308,40.8" /></mjloggm>