<mjloggm ver="2.3"><GO type="225" lobby="0"/><UN n0="%E3%82%B2%E3%82%B9%E8%8C%82%E5%8B%9D" n1="%6D%75%75%6D%75%72%61" n2="%73%6C%69%63%6B%33%31%39" n3="%E3%81%82%E3%81%B9%E3%81%99%E3%81%91" dan="16,16,16,16" rate="2079.48,2103.37,2059.41,2109.94" sx="F,F,M,M"/><TAIKYOKU oya="0"/><INIT seed="0,0,0,4,1,104" ten="250,250,250,250" oya="0" hai0="73,99,60,88,120,75,63,46,47,6,91,129,32" hai1="85,55,111,41,17,123,66,82,131,109,29,68,121" hai2="127,119,23,25,101,84,78,124,62,27,26,103,116" hai3="108,130,122,117,100,71,115,54,8,65,80,69,24"/><T110/><D120/><U44/><E29/><V35/><F23/><W95/><G8/><T49/><D129/><U34/><E34/><V118/><F35/><W76/><G117/><T22/><D32/><U112/><E17/><V38/><F38/><W56/><G122/><N who="1" m="46602" /><E85/><V9/><F62/><W93/><G115/><T128/><D128/><U11/><E82/><N who="2" m="47191" /><F9/><W15/><G65/><T36/><D36/><N who="1" m="21543" /><E11/><V21/><F21/><W1/><G15/><T94/><D22/><U18/><E18/><V42/><F42/><W77/><G24/><T125/><D125/><AGARI ba="0,0" hai="25,26,27,101,103,116,118,119,124,125,127" m="47191" machi="125" ten="40,2600,0" yaku="12,1,18,1" doraHai="104" who="2" fromWho="0" sc="250,-26,250,0,250,26,250,0" /><INIT seed="1,0,0,4,0,58" ten="224,250,276,250" oya="1" hai0="102,119,8,11,82,59,47,111,68,61,17,7,114" hai1="75,57,45,106,127,19,78,3,10,104,9,87,113" hai2="70,86,60,125,46,74,2,28,95,65,4,121,123" hai3="22,37,14,63,117,6,73,18,97,24,80,107,38"/><U66/><E113/><V27/><F74/><W16/><G117/><T115/><D119/><U92/><E127/><V118/><F118/><W85/><G73/><T67/><D111/><U25/><E75/><V21/><F125/><W91/><G6/><T135/><D135/><U0/><E45/><V84/><F2/><W126/><G126/><T15/><D102/><U41/><E41/><V32/><F4/><W99/><G107/><T130/><D130/><U83/><E3/><V50/><F32/><W34/><G34/><T23/><D47/><U43/><E43/><V53/><REACH who="2" step="1"/><F95/><REACH who="2" ten="224,250,266,250" step="2"/><W120/><G120/><AGARI ba="0,1" hai="21,27,28,46,50,53,60,65,70,84,86,120,121,123" machi="120" ten="40,5200,0" yaku="1,1,2,1,52,1,53,0" doraHai="58" doraHaiUra="131" who="2" fromWho="3" sc="224,0,250,0,266,62,250,-52" /><INIT seed="2,0,0,0,1,2" ten="224,250,328,198" oya="2" hai0="9,106,105,60,113,102,6,86,126,66,36,61,107" hai1="21,65,63,27,72,51,23,130,47,26,117,135,78" hai2="97,111,59,119,89,100,53,29,87,12,5,83,45" hai3="75,93,28,128,103,120,22,94,37,84,88,127,132"/><V125/><F119/><W70/><G70/><T115/><D126/><U109/><E117/><V123/><F123/><W32/><G32/><T69/><D36/><U124/><E109/><V42/><F125/><W14/><G120/><T104/><D86/><U40/><E124/><V25/><F111/><W110/><G110/><T92/><D92/><U81/><E130/><V49/><F12/><W108/><G108/><T0/><REACH who="0" step="1"/><D60/><REACH who="0" ten="214,250,328,198" step="2"/><U122/><E122/><V96/><F100/><W50/><G94/><T74/><D74/><U34/><E72/><V95/><F95/><W33/><G37/><T118/><D118/><U129/><E63/><V8/><F97/><AGARI ba="0,1" hai="0,6,9,61,66,69,97,102,104,105,106,107,113,115" machi="97" ten="40,8000,1" yaku="1,1,23,2,52,1,53,0" doraHai="2" doraHaiUra="77" who="0" fromWho="2" sc="214,90,250,0,328,-80,198,0" /><INIT seed="3,0,0,4,5,4" ten="304,250,248,198" oya="3" hai0="122,13,35,74,78,18,1,80,102,113,112,107,129" hai1="83,17,28,120,79,123,89,39,24,103,8,6,45" hai2="73,7,69,99,85,58,95,12,27,126,96,14,100" hai3="20,26,108,121,34,92,56,72,90,105,63,133,70"/><W46/><G133/><T67/><D122/><U114/><E114/><N who="0" m="44137" /><D129/><U111/><E111/><V15/><F69/><W11/><G121/><T42/><D1/><N who="1" m="79" /><E17/><V29/><F73/><W3/><G72/><T59/><D42/><N who="1" m="22751" /><E89/><V94/><F126/><W68/><G105/><T115/><D115/><U31/><E103/><V75/><F75/><W40/><G34/><T50/><D35/><N who="1" m="20871" /><E31/><V117/><F117/><W48/><G108/><T77/><D77/><U19/><E19/><V30/><F85/><W52/><G3/><T2/><D2/><U119/><E119/><V23/><F58/><W84/><REACH who="3" step="1"/><G11/><REACH who="3" ten="304,250,248,188" step="2"/><N who="0" m="6463" /><D107/><U9/><E9/><N who="2" m="4159" /><F30/><AGARI ba="0,1" hai="20,26,30,40,46,48,52,56,63,68,70,84,90,92" machi="30" ten="30,5800,0" yaku="1,1,7,1,54,1,53,0" doraHai="4" doraHaiUra="130" who="3" fromWho="2" sc="304,0,250,0,248,-58,188,68" /><INIT seed="3,1,0,1,2,49" ten="304,250,190,256" oya="3" hai0="12,42,69,108,8,25,95,66,28,41,79,91,24" hai1="44,39,32,46,127,4,101,80,88,35,102,72,1" hai2="22,71,92,130,29,93,54,14,83,109,50,125,59" hai3="20,36,89,87,23,13,75,128,7,45,123,60,107"/><W68/><G123/><T94/><D108/><U99/><E127/><V67/><F109/><W11/><G75/><T113/><D113/><U31/><E44/><V55/><F130/><W61/><G107/><T17/><D79/><N who="1" m="44135" /><E31/><V74/><F125/><W52/><G68/><T73/><D73/><U103/><E88/><V77/><F71/><W34/><G34/><T9/><D9/><N who="1" m="2191" /><E99/><V132/><F132/><W53/><G36/><T3/><D3/><U15/><E15/><V104/><F104/><W64/><G128/><T106/><D106/><U120/><E120/><V47/><F67/><W70/><G45/><T19/><D17/><U85/><E85/><V48/><REACH who="2" step="1"/><F14/><REACH who="2" ten="304,250,180,256" step="2"/><W121/><G64/><T82/><D66/><U2/><E2/><V63/><F63/><N who="3" m="24139" /><G70/><T10/><D69/><U57/><E57/><V133/><F133/><W56/><G121/><T43/><D12/><U129/><E129/><V117/><F117/><W16/><G56/><T126/><D126/><U122/><E122/><V18/><F18/><W37/><G16/><T33/><D19/><U27/><E27/><AGARI ba="1,1" hai="22,27,29,47,48,50,54,55,59,74,77,83,92,93" machi="27" ten="40,5200,0" yaku="1,1,52,2,53,0" doraHai="49" doraHaiUra="96" who="2" fromWho="1" sc="304,0,250,-55,180,65,256,0" owari="304,40.4,195,-30.5,245,-15.5,256,5.6" /></mjloggm>