<mjloggm ver="2.3"><GO type="225" lobby="0"/><UN n0="%73%69%72%6F%75%74" n1="%E3%82%A2%E3%83%BC%E3%83%A2%E3%83%AD%E3%83%BC%E3%83%B4%E3%82%A1" n2="%E3%81%AF%E3%82%88%E3%81%8A%E3%81%98%E3%81%95%E3%82%93" n3="%6D%75%75%6D%75%72%61" dan="16,16,16,16" rate="2152.30,2127.12,2158.60,2125.91" sx="M,M,M,F"/><TAIKYOKU oya="0"/><INIT seed="0,0,0,0,1,107" ten="250,250,250,250" oya="0" hai0="74,60,112,38,104,99,70,75,101,16,111,129,5" hai1="54,119,67,37,131,66,124,27,95,122,44,53,120" hai2="6,39,85,76,96,128,40,15,77,79,69,12,83" hai3="94,58,2,24,0,62,130,90,49,4,43,45,30"/><T88/><D38/><U81/><E95/><V117/><F69/><W68/><G130/><T115/><D5/><U89/><E89/><V61/><F128/><W105/><G105/><T26/><D129/><U7/><E81/><V91/><F117/><W64/><G68/><T73/><D16/><U56/><E27/><V133/><F133/><W20/><REACH who="3" step="1"/><G4/><REACH who="3" ten="250,250,250,240" step="2"/><T50/><D111/><U80/><E7/><V98/><F6/><W22/><G22/><T34/><D50/><N who="1" m="30775" /><E131/><V123/><F39/><W9/><G9/><T18/><D18/><U121/><E119/><V36/><F36/><W106/><G106/><T87/><D34/><U11/><E11/><V118/><F118/><W82/><G82/><N who="0" m="49271" /><D70/><U19/><E80/><V42/><F83/><W3/><G3/><T55/><D104/><U110/><E19/><V35/><F77/><W108/><G108/><T72/><D115/><U17/><E17/><V23/><F35/><W46/><G46/><T29/><D112/><U132/><E110/><V65/><F23/><W127/><G127/><T59/><D29/><U92/><E124/><V52/><F79/><W84/><AGARI ba="0,1" hai="0,2,20,24,30,43,45,49,58,62,64,84,90,94" machi="84" ten="20,2700,0" yaku="1,1,0,1,7,1,53,0" doraHai="107" doraHaiUra="126" who="3" fromWho="3" sc="250,-13,250,-7,250,-7,240,37" /><INIT seed="1,0,0,0,0,32" ten="237,243,243,277" oya="1" hai0="86,14,43,39,2,83,44,71,48,124,5,65,7" hai1="109,72,42,70,57,112,102,34,45,58,35,127,114" hai2="91,53,12,121,52,135,110,123,18,61,22,100,92" hai3="15,120,67,117,49,122,4,131,73,24,46,113,20"/><U81/><E70/><V68/><F110/><W28/><G113/><T31/><D31/><U16/><E109/><V40/><F135/><W126/><G131/><T27/><D27/><U66/><E127/><V19/><F100/><W26/><G126/><T74/><D124/><U25/><E102/><V69/><F40/><W132/><G132/><T55/><D14/><U84/><E72/><V51/><F19/><W1/><G117/><T56/><D74/><U119/><E119/><V101/><F101/><W37/><G37/><T107/><D107/><U79/><E35/><V54/><F51/><W76/><G67/><T87/><D2/><U134/><E134/><V93/><F93/><W95/><G95/><T116/><D116/><U130/><E130/><V129/><F129/><W118/><G118/><T38/><D38/><U133/><E133/><V10/><F10/><W8/><G15/><T0/><D0/><U77/><E77/><V17/><F17/><W59/><G59/><N who="1" m="22538" /><E66/><V60/><F69/><W82/><REACH who="3" step="1"/><G24/><REACH who="3" ten="237,243,243,267" step="2"/><T41/><D83/><U125/><E125/><V64/><REACH who="2" step="1"/><F61/><REACH who="2" ten="237,243,233,267" step="2"/><W80/><G80/><T78/><D71/><U21/><E112/><V108/><F108/><W9/><G9/><T30/><D65/><U11/><E114/><V85/><AGARI ba="0,2" hai="12,18,22,52,53,54,60,64,68,85,91,92,121,123" machi="85" ten="30,4000,0" yaku="1,1,0,1,54,1,53,0" doraHai="32" doraHaiUra="94" who="2" fromWho="2" sc="237,-10,243,-20,233,60,267,-10" /><INIT seed="2,0,0,5,4,31" ten="227,223,293,257" oya="2" hai0="48,74,98,112,14,58,62,55,111,88,6,9,131" hai1="90,27,11,71,132,4,83,134,117,53,79,57,133" hai2="115,103,56,84,93,59,128,13,60,33,65,96,16" hai3="24,0,87,43,135,125,51,116,82,95,119,42,25"/><V76/><F115/><W124/><G0/><T100/><D74/><U37/><E117/><N who="3" m="45130" /><G95/><N who="0" m="58463" /><D111/><U15/><E71/><V19/><F128/><W94/><G94/><T23/><D131/><U77/><E37/><V102/><F102/><W130/><G130/><T32/><D32/><U114/><E114/><V86/><F33/><W108/><G51/><T73/><D73/><U121/><E121/><V45/><F45/><W21/><G24/><T129/><D129/><U109/><E109/><V26/><F76/><N who="3" m="46535" /><G108/><T78/><D78/><U41/><E41/><V110/><F110/><W3/><G3/><T72/><D72/><U54/><E54/><V97/><F96/><W28/><G135/><T8/><D112/><U106/><E106/><V69/><F19/><W63/><G63/><T10/><D62/><N who="1" m="36143" /><E27/><V104/><F26/><W36/><G36/><T61/><D61/><U122/><E122/><V29/><F29/><W22/><G22/><T2/><D23/><U30/><E30/><V68/><F69/><W127/><AGARI ba="0,0" hai="21,25,28,42,43,124,125,127" m="46535,45130" machi="127" ten="40,1500,0" yaku="18,1" doraHai="31" who="3" fromWho="3" sc="227,-4,223,-4,293,-7,257,15" /><INIT seed="3,0,0,5,2,14" ten="223,219,286,272" oya="3" hai0="35,107,0,13,93,98,75,63,90,45,84,46,129" hai1="39,121,64,53,34,78,71,106,125,113,22,31,43" hai2="112,134,101,24,12,18,77,89,50,76,79,120,110" hai3="119,58,108,66,126,17,19,57,37,16,99,118,72"/><W49/><G37/><T88/><D0/><U32/><E121/><V111/><F112/><W100/><G72/><T104/><D35/><U70/><E113/><V67/><F120/><W85/><G118/><T20/><D75/><U123/><E123/><V116/><F116/><W82/><G119/><T9/><D129/><U81/><E125/><V5/><F134/><W127/><G108/><N who="2" m="41513" /><F101/><W132/><G132/><T68/><D20/><U114/><E114/><V11/><F67/><W33/><G33/><T65/><D107/><U41/><E106/><V92/><F50/><W3/><G3/><T1/><D1/><U56/><E22/><N who="2" m="13399" /><F79/><N who="3" m="46303" /><G66/><T133/><D133/><U28/><E34/><V48/><F48/><W51/><G51/><T4/><D104/><U55/><E32/><V122/><F122/><W44/><G127/><T2/><D2/><U61/><E39/><V135/><F135/><W15/><G15/><T10/><D65/><U69/><E28/><V42/><F42/><N who="3" m="24727" /><G126/><T59/><D68/><U102/><E102/><V130/><F130/><W80/><G80/><T115/><D115/><U8/><E31/><V60/><F60/><W52/><G52/><N who="1" m="20042" /><E41/><V27/><F27/><W36/><G36/><T47/><D63/><U109/><E43/><V91/><F91/><W131/><G131/><T21/><D90/><U96/><E109/><V105/><F105/><W38/><G38/><T25/><D88/><U73/><E81/><V23/><F23/><W62/><G62/><T26/><D21/><U117/><E117/><V95/><F89/><W6/><G6/><T40/><D40/><RYUUKYOKU ba="0,0" sc="223,-15,219,-15,286,15,272,15" hai2="5,11,12,76,77,92,95" hai3="16,17,19,57,58,99,100" /><INIT seed="3,1,0,0,4,46" ten="208,204,301,287" oya="3" hai0="29,89,12,88,93,75,1,128,27,38,13,35,120" hai1="107,24,132,100,0,83,40,52,67,17,126,54,25" hai2="56,80,66,50,33,134,121,47,131,103,85,101,84" hai3="34,125,42,16,112,87,116,48,41,86,11,3,122"/><W64/><G112/><T51/><D38/><U44/><E0/><V8/><F33/><W28/><G116/><T123/><D1/><U31/><E67/><V6/><F131/><W130/><G122/><T79/><D128/><U61/><E126/><V94/><F121/><W115/><G115/><T135/><D135/><U91/><E132/><V20/><F134/><W22/><G130/><T36/><D36/><U113/><E113/><V119/><F119/><W76/><G64/><T77/><D89/><U58/><E54/><V23/><F8/><W68/><G68/><T62/><D62/><U63/><E107/><V90/><F6/><N who="3" m="1503" /><G76/><T39/><D39/><U60/><E100/><N who="2" m="38475" /><F56/><W10/><G10/><T71/><D71/><U7/><E7/><V55/><F66/><W74/><G74/><T73/><D75/><U118/><E118/><V5/><F5/><W9/><G9/><T102/><D73/><U14/><E91/><AGARI ba="1,0" hai="20,23,47,50,55,80,84,85,90,91,94" m="38475" machi="91" ten="30,2000,0" yaku="8,1,52,1" doraHai="46" who="2" fromWho="1" sc="208,0,204,-23,301,23,287,0" owari="208,-19.2,181,-31.9,324,42.4,287,8.7" /></mjloggm>