<mjloggm ver="2.3"><GO type="225" lobby="0"/><UN n0="%E3%81%9F%E3%81%8B%E3%80%82" n1="%33%74%72%65%65" n2="%E3%81%AF%E3%82%88%E3%81%8A%E3%81%98%E3%81%95%E3%82%93" n3="%E3%81%8B%E3%82%8F%E3%81%A1%E3%82%83%E3%82%93%35%38" dan="16,16,17,16" rate="2098.18,2136.59,2183.19,2142.73" sx="M,F,M,M"/><TAIKYOKU oya="0"/><INIT seed="0,0,0,2,4,22" ten="250,250,250,250" oya="0" hai0="84,2,100,64,77,97,104,56,15,102,4,14,0" hai1="11,43,10,122,115,135,42,59,50,112,26,81,33" hai2="118,55,44,101,71,88,133,21,80,87,93,91,53" hai3="95,46,86,41,108,16,31,52,121,111,114,27,3"/><T37/><D37/><U110/><E122/><V60/><F133/><W109/><G114/><N who="1" m="43562" /><E135/><V73/><F118/><W58/><G3/><T25/><D100/><U105/><E105/><V85/><F73/><W30/><G121/><T12/><D4/><U19/><E110/><V23/><F101/><W129/><G129/><T92/><D104/><U65/><E81/><V117/><F117/><W124/><G124/><T35/><D35/><U13/><E10/><V17/><F21/><N who="3" m="13735" /><G86/><T134/><D134/><U75/><E75/><V90/><F44/><W69/><G69/><T20/><D77/><U18/><E50/><V62/><F90/><W47/><G95/><T103/><D84/><U79/><E79/><V107/><F107/><W116/><G116/><T74/><D74/><U72/><E72/><V76/><F76/><W120/><G120/><T48/><D103/><U94/><E94/><V68/><F68/><W61/><G46/><T128/><D128/><U96/><E96/><V36/><F36/><AGARI ba="0,0" hai="30,31,36,41,47,52,58,61,108,109,111" m="13735" machi="36" ten="30,7700,0" yaku="14,1,52,1,54,2" doraHai="22" who="3" fromWho="2" sc="250,0,250,0,250,-77,250,77" /><INIT seed="1,0,0,0,1,59" ten="250,250,173,327" oya="1" hai0="37,27,51,125,110,6,76,68,120,105,116,111,40" hai1="67,97,113,80,93,135,133,77,23,89,86,119,29" hai2="62,7,42,81,121,102,53,43,134,36,72,82,61" hai3="115,35,50,64,84,16,87,24,96,32,2,69,75"/><U98/><E113/><V74/><F7/><W129/><G75/><T70/><D105/><U31/><E119/><V112/><F102/><W9/><G115/><T13/><D76/><U65/><E97/><V20/><F112/><W88/><G96/><T118/><D27/><U38/><E38/><V49/><F20/><W25/><G87/><T71/><D13/><U103/><E23/><V60/><F36/><W54/><G2/><T100/><D100/><U94/><E94/><V90/><F121/><W10/><G32/><T91/><D91/><U130/><E130/><V18/><F134/><N who="1" m="51209" /><E77/><V26/><F74/><W66/><G129/><T12/><D12/><U126/><E126/><V28/><F72/><W78/><G78/><T123/><D6/><U17/><E17/><V4/><F4/><W56/><G69/><T44/><D51/><U11/><E11/><N who="3" m="4106" /><G35/><T92/><D92/><U21/><E21/><N who="2" m="15439" /><F18/><W132/><G132/><T46/><D46/><U101/><E101/><V33/><F33/><W30/><G30/><AGARI ba="0,0" hai="29,30,31,65,67,80,86,89,93,98,103" m="51209" machi="30" ten="30,1500,0" yaku="20,1" doraHai="59" who="1" fromWho="3" sc="250,0,250,15,173,0,327,-15" /><INIT seed="1,1,0,0,4,93" ten="250,265,173,312" oya="1" hai0="49,47,92,113,111,86,71,132,37,119,126,135,96" hai1="44,25,7,109,15,121,4,33,17,39,87,79,20" hai2="89,38,63,1,57,48,131,80,62,60,116,59,95" hai3="133,112,19,98,85,107,12,11,24,13,78,6,40"/><U51/><E121/><V23/><F116/><W81/><G112/><T26/><D71/><U103/><E39/><V117/><F117/><W30/><G133/><N who="0" m="51275" /><D119/><U10/><E109/><V74/><F38/><W58/><G58/><T35/><D113/><U76/><E7/><V100/><F1/><W123/><G123/><T54/><D111/><U118/><E118/><V101/><F131/><W127/><G127/><T124/><D37/><U52/><E33/><V21/><F74/><W42/><G107/><T45/><D86/><U50/><E87/><V108/><F108/><W5/><G98/><T102/><D47/><U34/><E34/><V32/><F32/><W14/><G5/><T105/><D105/><U67/><E67/><V91/><F80/><W55/><G55/><T94/><D94/><U53/><E103/><N who="2" m="39499" /><F48/><W56/><G56/><AGARI ba="1,0" hai="4,10,15,17,20,25,44,50,51,52,53,56,76,79" machi="56" ten="30,5800,0" yaku="7,1,8,1,54,1" doraHai="93" who="1" fromWho="3" sc="250,0,265,61,173,0,312,-61" /><INIT seed="1,2,0,5,4,40" ten="250,326,173,251" oya="1" hai0="100,104,36,55,18,32,45,39,119,133,81,38,41" hai1="50,120,34,105,86,79,15,58,95,96,87,71,59" hai2="78,11,19,77,26,75,101,43,73,80,13,54,93" hai3="30,63,16,14,92,116,12,106,125,88,109,76,20"/><U24/><E71/><V1/><F1/><W135/><G106/><T117/><D32/><U131/><E120/><V48/><F43/><W129/><G76/><T60/><D18/><U110/><E105/><V33/><F33/><W17/><G30/><T130/><D81/><U0/><E0/><V62/><F62/><W67/><G109/><T8/><D8/><U22/><E34/><V53/><F26/><W102/><G135/><T98/><D130/><U28/><E131/><V44/><F78/><W6/><G129/><T127/><D127/><U70/><E70/><V2/><F2/><W85/><G125/><T68/><D133/><U90/><E110/><V99/><REACH who="2" step="1"/><F53/><REACH who="2" ten="250,326,163,251" step="2"/><W56/><G116/><N who="0" m="44619" /><D55/><U4/><E79/><V113/><F113/><W72/><G72/><AGARI ba="2,1" hai="11,13,19,44,48,54,72,73,75,77,80,93,99,101" machi="72" ten="30,7700,0" yaku="1,1,7,1,52,1,53,1" doraHai="40" doraHaiUra="74" who="2" fromWho="3" sc="250,0,326,0,163,93,251,-83" /><INIT seed="2,0,0,3,5,36" ten="250,326,256,168" oya="2" hai0="60,52,87,32,10,95,51,74,103,53,21,35,50" hai1="59,68,54,61,46,12,118,83,82,7,37,3,86" hai2="30,116,19,0,15,43,124,64,126,27,16,122,99" hai3="14,109,110,80,113,20,70,130,121,73,93,123,31"/><V44/><F0/><W91/><G70/><T105/><D74/><U111/><E118/><V84/><F116/><W134/><G14/><T101/><D105/><U5/><E111/><N who="3" m="42506" /><G20/><T88/><D10/><U26/><E3/><V89/><F64/><W127/><G31/><T120/><D120/><U48/><E26/><V128/><F122/><N who="3" m="46603" /><G130/><T4/><D4/><U1/><E1/><V41/><F99/><W39/><G39/><T119/><D119/><U96/><E96/><V69/><F44/><W58/><G58/><T97/><D21/><U57/><E57/><V108/><F69/><W98/><G127/><N who="2" m="48681" /><F128/><W29/><G29/><T102/><D32/><U85/><E68/><V65/><F65/><W47/><G47/><N who="0" m="27743" /><D35/><U40/><E37/><V42/><F15/><W66/><G66/><T81/><D60/><U112/><E12/><V63/><F63/><W56/><G56/><AGARI ba="0,0" hai="51,53,56,81,87,88,95,97,101,102,103" m="27743" machi="56" ten="30,3900,0" yaku="8,1,54,2" doraHai="36" who="0" fromWho="3" sc="250,39,326,0,256,0,168,-39" /><INIT seed="3,0,0,2,2,90" ten="289,326,256,129" oya="3" hai0="94,18,37,80,91,49,50,62,104,79,120,63,11" hai1="24,4,35,45,54,95,3,58,88,7,133,64,67" hai2="48,44,126,36,42,21,96,33,56,74,20,30,60" hai3="81,128,118,0,105,27,75,69,85,117,25,103,116"/><W125/><G0/><T135/><D37/><U130/><E130/><V89/><F74/><W22/><G69/><T23/><D120/><U87/><E133/><V93/><F126/><W41/><G41/><T132/><D104/><U101/><E3/><V51/><F33/><W59/><G75/><T106/><D106/><U73/><E73/><V72/><F72/><W46/><G46/><T55/><D50/><N who="1" m="29007" /><E35/><V112/><F112/><W82/><G125/><T114/><D114/><U16/><E101/><V52/><F30/><W134/><G134/><N who="0" m="51243" /><D11/><U71/><E71/><V47/><F36/><W98/><G128/><T53/><D53/><AGARI ba="0,0" hai="20,21,42,44,47,48,51,52,53,56,60,89,93,96" machi="53" ten="30,7700,0" yaku="7,1,8,1,52,1,54,1" doraHai="90" who="2" fromWho="0" sc="289,-77,326,0,256,77,129,0" owari="212,-18.8,326,12.6,333,43.3,129,-37.1" /></mjloggm>