<mjloggm ver="2.3"><GO type="225" lobby="0"/><UN n0="%72%65%6E%6B%75%6E" n1="%E3%81%AF%E3%82%88%E3%81%8A%E3%81%98%E3%81%95%E3%82%93" n2="%E3%81%82%E3%81%84%E3%81%82%E3%81%8A%E3%81%84" n3="%6D%75%75%6D%75%72%61" dan="17,16,18,17" rate="2236.95,2160.32,2222.01,2200.99" sx="M,M,M,F"/><TAIKYOKU oya="0"/><INIT seed="0,0,0,0,2,125" ten="250,250,250,250" oya="0" hai0="134,30,67,97,107,126,98,32,12,1,123,75,64" hai1="35,36,49,16,82,44,106,70,78,37,2,41,115" hai2="95,80,10,91,17,24,84,133,5,103,77,112,18" hai3="69,108,110,25,14,124,86,122,23,38,7,68,20"/><T46/><D1/><U87/><E115/><V132/><F112/><W85/><G124/><T93/><D75/><U104/><E70/><N who="3" m="27242" /><G38/><T120/><D126/><U65/><E65/><V63/><F63/><W111/><G122/><T6/><D107/><U19/><E35/><V40/><F40/><W34/><G34/><T66/><D134/><N who="2" m="51818" /><F24/><W8/><G20/><T28/><D46/><U114/><E2/><N who="2" m="311" /><F103/><W56/><G56/><T71/><D71/><U4/><E4/><V43/><F43/><W90/><G90/><T73/><D73/><AGARI ba="0,0" hai="17,18,73,77,80,84,91,95" m="311,51818" machi="73" ten="30,1000,0" yaku="20,1" doraHai="125" who="2" fromWho="0" sc="250,-10,250,0,250,10,250,0" /><INIT seed="1,0,0,1,4,18" ten="240,250,260,250" oya="1" hai0="6,83,95,49,103,10,101,16,56,62,27,85,9" hai1="84,77,68,60,134,52,93,25,106,26,38,21,37" hai2="129,121,72,128,126,91,79,132,105,12,45,94,42" hai3="123,80,96,86,81,82,67,107,109,135,131,100,30"/><U50/><E106/><V39/><F121/><W54/><G123/><T14/><D49/><U118/><E118/><V110/><F110/><W28/><G109/><T20/><D95/><U15/><E134/><V34/><F34/><W124/><G135/><T2/><D85/><U111/><E111/><V23/><F105/><W29/><G124/><T73/><D73/><U125/><E125/><V88/><F126/><W36/><G131/><N who="2" m="50249" /><F132/><W40/><G67/><T64/><REACH who="0" step="1"/><D83/><REACH who="0" ten="230,250,260,250" step="2"/><N who="1" m="47215" /><E38/><V116/><F94/><W92/><G36/><T71/><D71/><U8/><E37/><V130/><F130/><W22/><G40/><T76/><D76/><U51/><E68/><V120/><F116/><W115/><G107/><T112/><D112/><U5/><E93/><V19/><F120/><W46/><G115/><T66/><D66/><U70/><E70/><V32/><F32/><W63/><G86/><T99/><D99/><U11/><E51/><V104/><F104/><W117/><G117/><T43/><D43/><U61/><E11/><V31/><F79/><W47/><G82/><T122/><D122/><U44/><E26/><N who="2" m="16863" /><F72/><W55/><G81/><T58/><D58/><U108/><E108/><V33/><F33/><W24/><G80/><T1/><D1/><U41/><E41/><V102/><F102/><W74/><G74/><T133/><D133/><U89/><E89/><V69/><F69/><W3/><G3/><T59/><D59/><U97/><E97/><V98/><F98/><W7/><G96/><T65/><D65/><U17/><AGARI ba="0,1" hai="5,8,15,17,21,25,44,50,52,60,61" m="47215" machi="17" ten="30,6000,0" yaku="8,1,52,1,54,1" doraHai="18" who="1" fromWho="1" sc="230,-20,250,70,260,-20,250,-20" /><INIT seed="1,1,0,1,2,107" ten="210,320,240,230" oya="1" hai0="126,1,8,67,47,121,135,14,108,118,23,5,16" hai1="36,68,57,131,124,80,63,59,15,87,34,88,44" hai2="19,41,129,62,125,130,3,27,51,106,56,99,102" hai3="117,94,53,0,98,6,75,46,81,113,37,29,96"/><U61/><E34/><V43/><F3/><W84/><G113/><T72/><D118/><U58/><E124/><V73/><F125/><W109/><G109/><T122/><D126/><U105/><E105/><V38/><F38/><W13/><G117/><T95/><D108/><U33/><E33/><V54/><F73/><W86/><G0/><T45/><D135/><U50/><E131/><N who="2" m="50187" /><F51/><N who="3" m="28919" /><G75/><T101/><D67/><U24/><E24/><V85/><F85/><W18/><G6/><T26/><D72/><U112/><E112/><V28/><F19/><W76/><G37/><T71/><D71/><U111/><E111/><V79/><F79/><W4/><G4/><T40/><D1/><U11/><E36/><V83/><F83/><N who="3" m="47207" /><G94/><T82/><D82/><U74/><E68/><V20/><AGARI ba="1,0" hai="20,27,28,41,43,54,56,62,99,102,106" m="50187" machi="20" ten="30,1100,0" yaku="19,1" doraHai="107" who="2" fromWho="2" sc="210,-4,320,-6,240,14,230,-4" /><INIT seed="2,0,0,3,4,5" ten="206,314,254,226" oya="2" hai0="13,57,100,0,101,84,112,92,129,83,39,113,59" hai1="115,49,2,65,80,66,27,22,1,48,127,103,118" hai2="132,133,31,71,131,130,35,89,47,9,81,111,14" hai3="11,56,77,19,58,99,110,4,123,30,3,41,85"/><V17/><F71/><W98/><G123/><T87/><D0/><U121/><E115/><V68/><F68/><W24/><G110/><T15/><D92/><U38/><E38/><V86/><F111/><W102/><G41/><T40/><D83/><U70/><E118/><V75/><F75/><W12/><G77/><T51/><D51/><U91/><E121/><V33/><F47/><W104/><G85/><T76/><D40/><U53/><E127/><V37/><F37/><W26/><G98/><T60/><D39/><U45/><E103/><V62/><F62/><W134/><G26/><T126/><D60/><U74/><E1/><V117/><F117/><W78/><G78/><T107/><D76/><U125/><E2/><V73/><F73/><W20/><REACH who="3" step="1"/><G134/><REACH who="3" ten="206,314,254,216" step="2"/><N who="2" m="51817" /><F31/><W50/><G50/><T8/><D126/><U54/><E125/><V88/><F89/><W116/><G116/><T52/><D107/><U18/><E74/><V124/><F124/><W29/><G29/><T122/><D122/><U28/><E28/><V69/><F69/><W7/><G7/><T25/><D113/><U63/><E70/><V106/><F106/><W90/><G90/><T114/><D112/><U23/><E49/><V95/><F95/><W135/><G135/><T6/><D114/><U93/><E93/><V32/><AGARI ba="0,1" hai="9,14,17,32,33,35,81,86,88,130,131" m="51817" machi="32" ten="40,7800,0" yaku="20,1,52,1,54,1" doraHai="5" who="2" fromWho="2" sc="206,-26,314,-26,254,88,216,-26" /><INIT seed="2,1,0,0,3,91" ten="180,288,342,190" oya="2" hai0="71,126,49,75,128,20,111,42,40,109,130,51,105" hai1="23,131,47,104,10,107,45,8,99,22,60,56,7" hai2="29,76,54,57,96,118,78,46,98,100,85,9,94" hai3="79,117,134,43,25,58,61,6,65,67,108,93,16"/><V5/><F118/><W97/><G117/><T87/><D75/><U28/><E131/><N who="0" m="50217" /><D105/><U12/><E104/><V132/><F132/><W19/><G134/><T64/><D87/><U119/><E119/><V50/><F29/><W1/><G108/><N who="0" m="41547" /><D126/><U81/><E107/><V30/><F30/><W48/><G79/><T21/><D21/><U34/><E34/><V125/><F125/><W115/><G115/><T0/><D0/><U82/><E99/><V112/><F112/><W33/><G33/><T35/><D20/><U122/><E122/><V17/><F98/><W4/><G1/><T86/><D86/><U69/><E23/><V129/><F129/><W80/><G80/><T124/><D35/><U62/><E10/><V18/><F85/><W38/><G38/><T120/><D120/><U31/><E31/><V83/><F83/><W121/><G121/><T66/><D124/><U133/><E133/><V13/><F78/><W127/><G127/><T74/><D74/><U70/><E81/><V63/><F76/><W72/><G72/><T110/><N who="0" m="41555" /><T41/><DORA hai="89" /><D71/><U55/><E69/><V114/><F114/><W84/><G84/><T102/><D102/><U90/><E90/><V95/><F94/><W37/><G37/><T101/><D101/><U106/><E106/><V77/><F77/><W135/><G135/><T92/><D92/><U3/><E82/><V44/><F44/><N who="3" m="25631" /><G93/><T113/><D113/><U88/><E88/><V11/><F11/><W32/><G97/><T73/><D73/><U52/><E8/><V15/><F9/><W123/><G123/><RYUUKYOKU ba="1,0" sc="180,30,288,-10,342,-10,190,-10" hai0="40,41,42,49,51,64,66" /><INIT seed="3,2,0,1,1,95" ten="210,278,332,180" oya="3" hai0="101,108,107,112,33,121,78,130,16,114,75,125,13" hai1="39,43,50,70,7,65,118,127,119,89,4,3,60" hai2="56,122,0,109,69,103,71,38,15,36,37,96,87" hai3="27,124,14,5,58,41,97,92,116,94,77,44,53"/><W11/><G116/><T61/><D121/><U57/><E127/><V64/><F0/><W6/><G124/><T131/><D33/><U72/><E72/><V133/><F109/><W93/><G77/><T99/><D125/><U126/><E126/><V2/><F2/><W51/><G27/><T134/><D108/><U123/><E123/><V34/><F34/><W81/><G81/><N who="0" m="45279" /><D61/><U100/><E89/><V91/><F122/><W80/><G80/><T59/><D59/><U26/><E26/><V120/><F120/><W98/><REACH who="3" step="1"/><G5/><REACH who="3" ten="210,278,332,170" step="2"/><T63/><D134/><U10/><E4/><V54/><F133/><W90/><G90/><T52/><D131/><U1/><E119/><V48/><F91/><W84/><G84/><T113/><D130/><U104/><E118/><V28/><F87/><W23/><G23/><N who="0" m="11663" /><D63/><AGARI ba="2,1" hai="6,11,14,41,44,51,53,58,63,92,93,94,97,98" machi="63" ten="40,12000,1" yaku="1,1,8,1,52,2,53,1" doraHai="95" doraHaiUra="45" who="3" fromWho="0" sc="210,-126,278,0,332,0,170,136" /><INIT seed="3,3,0,3,2,86" ten="84,278,332,306" oya="3" hai0="34,5,80,69,126,4,64,0,56,12,32,30,70" hai1="25,76,135,18,45,17,54,97,132,134,7,71,77" hai2="6,98,116,87,122,37,111,40,59,113,57,28,115" hai3="96,85,46,94,19,53,2,114,58,50,110,79,31"/><W41/><G114/><T124/><D56/><U125/><E71/><V29/><F116/><W95/><G2/><T35/><D80/><U117/><E117/><V120/><F111/><W128/><G110/><T15/><D0/><U67/><E67/><V106/><F6/><W107/><G107/><T118/><D118/><U73/><E125/><V48/><F37/><W38/><G128/><T133/><D133/><N who="1" m="34051" /><U60/><DORA hai="33" /><E7/><V89/><F40/><W8/><G31/><N who="2" m="11849" /><F98/><W130/><G130/><T52/><D30/><U90/><E73/><V51/><F106/><W81/><G8/><T131/><D131/><U24/><E45/><V93/><F59/><W42/><G42/><T101/><D101/><U13/><E54/><N who="2" m="31943" /><F51/><W39/><G39/><T44/><D34/><U109/><E60/><V47/><F47/><W105/><REACH who="3" step="1"/><G19/><REACH who="3" ten="84,278,332,296" step="2"/><T61/><D44/><U83/><E18/><V91/><F115/><W55/><G55/><T84/><D52/><U3/><E3/><V65/><F113/><W75/><G75/><T99/><D64/><U1/><E109/><V14/><F65/><W16/><G16/><T127/><D127/><U88/><E1/><V63/><F122/><W68/><G68/><T112/><D112/><U102/><E25/><V9/><F9/><W43/><G43/><T100/><D124/><U22/><E24/><V23/><F120/><W36/><G36/><T66/><D126/><U27/><E27/><V72/><F72/><W123/><G123/><T129/><D66/><U62/><E62/><V121/><F121/><W11/><G11/><T21/><D129/><RYUUKYOKU ba="3,1" sc="84,-10,278,-10,332,-10,296,30" hai3="38,41,46,50,53,58,79,81,85,94,95,96,105" owari="74,-42.6,268,-13.2,322,12.2,336,43.6" /></mjloggm>