<mjloggm ver="2.3"><GO type="225" lobby="0"/><UN n0="%E5%8D%A0%E3%81%84%E5%B8%AB%E8%A3%8F%E3%81%AA%E3%81%84%E3%81%97" n1="%30%2E%31%32%30" n2="%E2%98%86%41%64%72%69%61%6E" n3="%E3%81%82%E3%81%99%E3%81%AB%E3%82%83%E3%82%80" dan="16,16,17,16" rate="2119.23,2128.80,2182.55,2106.78" sx="M,M,M,F"/><TAIKYOKU oya="0"/><INIT seed="0,0,0,2,4,58" ten="250,250,250,250" oya="0" hai0="33,68,43,106,57,112,81,80,25,63,46,62,73" hai1="20,49,119,64,70,98,18,52,84,127,12,55,129" hai2="17,41,16,59,133,122,117,111,99,28,128,115,88" hai3="131,78,76,67,113,104,39,107,26,14,8,134,24"/><T42/><D112/><U74/><E74/><V0/><F115/><W86/><G39/><T93/><D106/><U77/><E119/><V15/><F0/><W7/><G113/><T114/><D114/><U116/><E116/><V19/><F122/><W121/><G131/><T100/><D68/><U48/><E129/><V35/><F117/><W66/><G134/><T96/><D73/><U87/><E127/><V75/><F75/><W125/><G125/><T45/><D33/><U61/><E98/><V13/><F128/><W30/><G121/><T36/><D25/><U32/><E32/><V95/><F133/><W101/><G26/><T53/><REACH who="0" step="1"/><D62/><REACH who="0" ten="240,250,250,250" step="2"/><U123/><E123/><V65/><F111/><W54/><G104/><T90/><D90/><U89/><E89/><V97/><F97/><W120/><G107/><T6/><D6/><U103/><E103/><V108/><F108/><W60/><G101/><T2/><D2/><U83/><REACH who="1" step="1"/><E84/><REACH who="1" ten="240,240,250,250" step="2"/><V50/><F35/><W79/><G86/><T82/><D82/><U23/><E23/><V11/><F99/><W92/><G120/><T37/><AGARI ba="0,2" hai="36,37,42,43,45,46,53,57,63,80,81,93,96,100" machi="37" ten="20,12000,1" yaku="1,1,0,1,7,1,9,1,52,1,53,0" doraHai="58" doraHaiUra="109" who="0" fromWho="0" sc="240,140,240,-40,250,-40,250,-40" /><INIT seed="0,1,0,2,5,7" ten="380,200,210,210" oya="0" hai0="50,56,8,65,77,28,122,26,121,109,43,102,116" hai1="106,95,61,81,90,108,110,124,11,55,76,17,60" hai2="19,71,70,62,118,100,47,45,73,0,120,101,29" hai3="40,84,4,49,41,22,64,31,87,92,15,59,27"/><T32/><D116/><U125/><E106/><V53/><F73/><W37/><G37/><T54/><D102/><N who="2" m="39530" /><F0/><W12/><G12/><T113/><D113/><U14/><E60/><V103/><N who="2" m="39538" /><V133/><DORA hai="33" /><F71/><W5/><G5/><T2/><D65/><U9/><E61/><V134/><F120/><W97/><G84/><T93/><D77/><U104/><E104/><V117/><F29/><W69/><G87/><T85/><D43/><U111/><E55/><V3/><F3/><W130/><G130/><T91/><REACH who="0" step="1"/><D109/><REACH who="0" ten="370,200,210,210" step="2"/><U96/><E124/><V123/><F118/><W18/><G64/><T79/><D79/><U135/><E125/><V30/><F117/><W63/><G69/><T57/><D57/><U6/><E135/><V10/><F70/><W35/><G41/><T83/><D83/><U52/><E52/><V16/><F53/><W115/><G40/><T99/><D99/><U66/><E66/><V67/><F67/><W78/><G78/><T51/><D51/><U126/><E126/><V42/><F42/><W58/><G49/><T13/><D13/><N who="1" m="5303" /><E76/><V107/><F134/><W25/><G63/><T128/><D128/><U46/><E81/><V94/><F133/><W36/><G115/><T74/><D74/><U24/><E24/><V72/><F72/><W68/><G68/><T23/><D23/><U20/><E46/><V38/><F62/><W98/><G27/><T89/><D89/><U114/><E114/><V34/><F47/><W21/><G25/><T119/><D119/><U86/><E96/><V131/><F45/><W48/><G97/><RYUUKYOKU ba="1,1" sc="370,15,200,15,210,-15,210,-15" hai0="2,8,26,28,32,50,54,56,85,91,93,121,122" hai1="11,14,17,20,86,90,95,108,110,111" /><INIT seed="0,2,1,3,1,29" ten="385,215,195,195" oya="0" hai0="34,132,36,57,123,43,108,75,4,53,70,131,2" hai1="135,88,63,32,45,115,26,87,86,83,64,9,56" hai2="8,62,104,96,40,55,37,90,76,94,114,10,1" hai3="99,41,120,16,113,107,105,74,18,59,50,42,129"/><T112/><RYUUKYOKU type="yao9" ba="2,1" sc="385,0,215,0,195,0,195,0" hai0="2,4,34,36,43,53,57,70,75,108,112,123,131,132" /><INIT seed="0,3,1,3,1,110" ten="385,215,195,195" oya="0" hai0="83,56,88,48,130,123,11,29,4,121,106,19,84" hai1="28,33,21,51,78,96,1,85,55,125,8,54,80" hai2="104,7,32,77,13,27,50,53,61,46,10,79,90" hai3="49,45,76,124,26,89,38,75,73,9,64,98,81"/><T126/><D106/><U70/><E125/><V115/><F104/><W60/><G124/><T127/><D127/><U93/><E33/><V12/><F115/><W6/><G26/><T36/><D36/><U44/><E70/><V116/><F116/><W40/><G49/><T23/><D126/><U92/><E1/><V99/><F32/><W3/><G89/><T107/><D107/><U95/><E8/><N who="2" m="4127" /><F27/><W134/><G98/><T129/><D29/><U67/><E67/><V57/><F90/><W109/><G109/><T69/><D69/><U112/><E112/><V119/><F99/><W59/><REACH who="3" step="1"/><G73/><REACH who="3" ten="385,215,195,185" step="2"/><T117/><D48/><N who="1" m="28935" /><E28/><V108/><F108/><W131/><G131/><T82/><D130/><U71/><E71/><V63/><F119/><W0/><G0/><T35/><D117/><U52/><E51/><V30/><F30/><W31/><G31/><T114/><D129/><U72/><E72/><V16/><F63/><W15/><G15/><T39/><D35/><U86/><E96/><V102/><F102/><W100/><G100/><T122/><D122/><U103/><E103/><V101/><F101/><W120/><G120/><T133/><D123/><U97/><E97/><V42/><AGARI ba="3,2" hai="10,13,16,42,46,50,53,57,61,77,79" m="4127" machi="42" ten="30,2000,0" yaku="8,1,54,1" doraHai="110" who="2" fromWho="2" sc="385,-13,215,-8,195,49,185,-8" /><INIT seed="1,0,0,3,1,43" ten="372,207,244,177" oya="1" hai0="118,63,53,80,73,84,117,82,54,94,122,36,104" hai1="3,131,87,66,28,14,7,108,105,83,6,86,113" hai2="70,9,88,101,126,77,23,116,12,61,34,56,130" hai3="18,57,59,74,125,55,2,60,31,15,17,107,132"/><U91/><E91/><V41/><F34/><W98/><G2/><T65/><D104/><U46/><E46/><V121/><BYE who="1" /><F116/><W44/><G74/><T134/><D36/><U19/><E19/><N who="2" m="8591" /><F70/><UN n1="%30%2E%31%32%30" /><W115/><G115/><T93/><D134/><U103/><E113/><V69/><F69/><W38/><G132/><T45/><D73/><U4/><E3/><V75/><F75/><W123/><G123/><T102/><D102/><U37/><E37/><V112/><F121/><W42/><G31/><T106/><D106/><U52/><E108/><V127/><F112/><W124/><G59/><T109/><D45/><U99/><E131/><V95/><F77/><W135/><G135/><T11/><D11/><U26/><E66/><V1/><F1/><W58/><G58/><T92/><D109/><U40/><E40/><V27/><F41/><W50/><G38/><T49/><D65/><U110/><E110/><V129/><F101/><N who="3" m="62903" /><G15/><T8/><D122/><U78/><E14/><V32/><F32/><W114/><G114/><T119/><D119/><U0/><E0/><V22/><F22/><W81/><G81/><T89/><D80/><U120/><E120/><V33/><F33/><W72/><G72/><T24/><D118/><U133/><E133/><V35/><F35/><W20/><G20/><T13/><D117/><U62/><E83/><V79/><F130/><W96/><G96/><T100/><D82/><U10/><E78/><V128/><F79/><W68/><G68/><T16/><D100/><U5/><N who="1" m="1024" /><DORA hai="85" /><U90/><E103/><V51/><F129/><W76/><G76/><RYUUKYOKU ba="0,0" sc="372,-10,207,-10,244,-10,177,30" hai3="17,18,42,44,50,55,57,60,124,125" /><INIT seed="2,1,0,0,3,84" ten="362,197,234,207" oya="2" hai0="7,135,129,100,57,45,116,125,109,127,106,37,2" hai1="50,94,55,68,99,49,113,86,95,34,38,43,36" hai2="52,3,5,92,33,79,1,117,132,39,25,134,101" hai3="89,13,107,81,44,78,17,115,114,66,22,131,16"/><V133/><F39/><N who="1" m="14889" /><E34/><V46/><F79/><W40/><G107/><T51/><D109/><U130/><E94/><V9/><F117/><W122/><G122/><T15/><D116/><U90/><E95/><V8/><F33/><W35/><G35/><T23/><D57/><N who="1" m="33007" /><E86/><V0/><F25/><W85/><G66/><T119/><D23/><U77/><E77/><V128/><F128/><W19/><G131/><T10/><D15/><U63/><E99/><N who="2" m="59623" /><F5/><W41/><G78/><T21/><D7/><U82/><E82/><V70/><F70/><W87/><G87/><T108/><D129/><U103/><E103/><V48/><AGARI ba="1,0" hai="0,1,3,8,9,46,48,52,132,133,134" m="59623" machi="48" ten="40,3900,0" yaku="20,1,54,1" doraHai="84" who="2" fromWho="2" sc="362,-14,197,-14,234,42,207,-14" /><INIT seed="2,2,0,5,4,88" ten="348,183,276,193" oya="2" hai0="70,85,113,51,104,105,119,76,63,108,128,42,48" hai1="36,47,73,50,72,82,106,71,67,34,35,100,133" hai2="94,91,96,18,126,69,13,115,78,27,28,90,134" hai3="49,99,59,54,3,41,40,12,111,92,75,121,38"/><V21/><F69/><W4/><G111/><T60/><D113/><U26/><E50/><V2/><F115/><W30/><G75/><N who="1" m="28746" /><E82/><V68/><F68/><W29/><G121/><T11/><D108/><U86/><E86/><V9/><F2/><W93/><G3/><T55/><D128/><U103/><E103/><V46/><F126/><W37/><G37/><T80/><D119/><U22/><E22/><V53/><F134/><W81/><G81/><T124/><D124/><U101/><E101/><N who="2" m="60567" /><F78/><W125/><G38/><T123/><D123/><U57/><E57/><V95/><F95/><N who="3" m="36427" /><G99/><T65/><D105/><U107/><E133/><V64/><F64/><W14/><G125/><T32/><D104/><N who="1" m="39979" /><E26/><V61/><F46/><W98/><G98/><T45/><D70/><U0/><E100/><V114/><F114/><W122/><G122/><T120/><D120/><U16/><E16/><V83/><F83/><W129/><G129/><T117/><D80/><U87/><E87/><V10/><F91/><W77/><G77/><T62/><D76/><U118/><E0/><V8/><F90/><W89/><G89/><T33/><D85/><U84/><E84/><V56/><AGARI ba="2,0" hai="8,9,10,13,18,21,27,28,53,56,61" m="60567" machi="56" ten="30,3000,0" yaku="8,1,52,1" doraHai="88" who="2" fromWho="2" sc="348,-12,183,-12,276,36,193,-12" /><INIT seed="2,3,0,5,4,29" ten="336,171,312,181" oya="2" hai0="30,120,49,121,23,22,102,25,63,100,65,104,70" hai1="48,122,33,82,118,83,55,67,3,40,90,101,93" hai2="74,91,18,106,97,131,15,7,39,45,24,52,35" hai3="107,54,87,57,103,76,4,86,114,8,20,21,109"/><V130/><F74/><W6/><G109/><T133/><D133/><U81/><E3/><V19/><F39/><W38/><G38/><T68/><D68/><U72/><E118/><V125/><F125/><W127/><G127/><T17/><D102/><U115/><E115/><V79/><F79/><W16/><G114/><T132/><D132/><U56/><E122/><V10/><F91/><W28/><G107/><T11/><D11/><U119/><E119/><V31/><F97/><W111/><G111/><T41/><D41/><U69/><E72/><V27/><F106/><W134/><G134/><T1/><D49/><U5/><E5/><N who="3" m="2154" /><G103/><T108/><D1/><U32/><E101/><V98/><F98/><W26/><G8/><T14/><D108/><U12/><E40/><V126/><F27/><N who="3" m="14727" /><G76/><T50/><D50/><AGARI ba="3,0" hai="21,26,28,50,54,57,86,87" m="14727,2154" machi="50" ten="30,2000,0" yaku="8,1,54,1" doraHai="29" who="3" fromWho="0" sc="336,-29,171,0,312,0,181,29" /><INIT seed="3,0,0,3,4,88" ten="307,171,312,210" oya="3" hai0="127,126,9,2,64,79,90,129,73,89,49,55,123" hai1="27,50,24,118,18,15,131,80,11,97,60,13,4" hai2="116,66,119,44,32,30,1,45,105,121,103,51,61" hai3="85,47,6,86,96,16,104,37,78,74,34,92,23"/><W59/><G34/><T75/><D123/><U77/><E131/><V56/><F1/><W3/><G104/><T48/><D129/><U25/><E118/><V111/><F111/><W114/><G114/><T53/><D64/><U19/><E60/><V31/><F121/><W120/><G120/><T52/><D79/><U93/><E50/><N who="0" m="19561" /><D9/><U99/><E15/><V67/><F67/><W122/><G122/><T83/><D2/><U68/><E68/><N who="2" m="42063" /><F30/><W132/><G132/><T124/><D83/><U63/><E63/><V28/><F28/><W128/><G128/><T70/><D70/><U81/><E99/><N who="2" m="61695" /><F56/><W41/><G59/><T10/><D10/><U33/><E33/><V72/><F72/><AGARI ba="0,0" hai="52,53,55,72,73,75,89,90,124,126,127" m="19561" machi="72" ten="40,8000,1" yaku="28,2,18,1,54,1" doraHai="88" who="0" fromWho="2" sc="307,80,171,0,312,-80,210,0" owari="387,48.7,171,-32.9,232,3.2,210,-19.0" /></mjloggm>