<mjloggm ver="2.3"><GO type="225" lobby="0"/><UN n0="%E7%99%BD%E9%9B%AA%E4%B9%83%E6%84%9B" n1="%6B%75%7A%75%6E" n2="%E5%8F%AF%E5%85%90%E9%82%A3%E7%94%B1%E5%A4%9A" n3="%6D%75%75%6D%75%72%61" dan="16,17,17,17" rate="2054.99,2186.37,2199.17,2194.19" sx="F,M,F,F"/><TAIKYOKU oya="0"/><INIT seed="0,0,0,2,5,40" ten="250,250,250,250" oya="0" hai0="63,134,6,89,30,114,64,83,123,5,37,88,112" hai1="0,120,118,57,109,36,58,90,107,95,23,28,129" hai2="126,96,4,27,111,81,108,80,130,7,11,131,100" hai3="125,103,38,91,43,110,128,115,17,71,16,24,3"/><T29/><D123/><U132/><E118/><V39/><F39/><W22/><G115/><T113/><D134/><U68/><E120/><V56/><F27/><W51/><G110/><N who="2" m="42025" /><F56/><W50/><G128/><N who="2" m="49193" /><F126/><W122/><G125/><T14/><D37/><U2/><E36/><V67/><F67/><W75/><G122/><T106/><D106/><U41/><E58/><V45/><F45/><W87/><G71/><T65/><D113/><U54/><E68/><V46/><F46/><N who="3" m="25951" /><G75/><T73/><D83/><N who="2" m="31818" /><F11/><W116/><G3/><T1/><D14/><U84/><E0/><V105/><AGARI ba="0,0" hai="4,7,96,100,105" m="31818,49193,42025" machi="105" ten="40,2700,0" yaku="14,1,19,1" doraHai="40" who="2" fromWho="2" sc="250,-13,250,-7,250,27,250,-7" /><INIT seed="1,0,0,3,0,40" ten="237,243,277,243" oya="1" hai0="134,62,77,29,113,100,7,101,16,126,79,23,112" hai1="102,18,56,41,130,81,97,51,125,82,88,132,14" hai2="75,64,121,26,133,61,20,2,66,50,53,117,36" hai3="59,42,1,87,70,63,15,84,54,58,21,25,5"/><U3/><E130/><V111/><F117/><W106/><G106/><T76/><D126/><U55/><E125/><V65/><F121/><W69/><G1/><T135/><D7/><U49/><E3/><V86/><F75/><W78/><G42/><T43/><D29/><U109/><E132/><N who="0" m="50729" /><D62/><U71/><E71/><V57/><F36/><W4/><G70/><T99/><D43/><U9/><E109/><V13/><F2/><W48/><G69/><T32/><D32/><U28/><E28/><V60/><F133/><W89/><G78/><T85/><D85/><N who="3" m="32841" /><G89/><T110/><D110/><U80/><E41/><V12/><F111/><W6/><G15/><N who="2" m="5705" /><F86/><W98/><G98/><T8/><D8/><U90/><REACH who="1" step="1"/><E51/><REACH who="1" ten="237,233,277,243" step="2"/><V19/><AGARI ba="0,1" hai="19,20,26,50,53,57,60,61,64,65,66" m="5705" machi="19" ten="30,1100,0" yaku="8,1" doraHai="40" who="2" fromWho="2" sc="237,-3,233,-5,277,21,243,-3" /><INIT seed="2,0,0,1,5,27" ten="234,228,298,240" oya="2" hai0="108,109,33,114,93,7,43,118,42,89,111,2,130" hai1="134,19,96,128,41,45,70,86,95,60,50,9,31" hai2="103,59,110,21,76,107,74,26,5,46,104,133,112" hai3="85,51,116,79,61,8,135,44,90,78,71,88,67"/><V39/><F112/><W99/><G135/><T81/><D114/><U25/><E134/><V14/><F133/><W17/><G116/><T38/><D130/><U6/><E128/><V97/><F110/><W48/><G99/><T34/><D81/><U18/><E86/><V68/><F68/><W53/><G48/><T72/><D72/><U123/><E123/><V132/><F132/><W58/><G71/><T47/><D43/><U1/><E60/><V87/><F74/><W84/><G84/><N who="0" m="52391" /><D118/><U29/><E70/><V121/><F121/><W124/><G124/><T40/><D40/><U0/><E0/><V12/><F104/><W100/><G100/><T11/><AGARI ba="0,0" hai="2,7,11,33,34,38,42,47,108,109,111" m="52391" machi="11" ten="40,1500,0" yaku="14,1" doraHai="27" who="0" fromWho="0" sc="234,15,228,-4,298,-7,240,-4" /><INIT seed="3,0,0,5,5,96" ten="249,224,291,236" oya="3" hai0="59,14,74,126,103,82,21,49,86,55,41,110,132" hai1="97,7,66,9,135,24,11,130,18,67,43,104,32" hai2="111,22,17,52,127,105,89,48,15,90,62,13,64" hai3="51,31,118,16,78,102,30,1,72,81,53,58,106"/><W23/><G118/><T57/><D74/><U134/><E43/><V29/><F105/><W12/><REACH who="3" step="1"/><G1/><REACH who="3" ten="249,224,291,226" step="2"/><T75/><D132/><N who="1" m="50731" /><E130/><V45/><F127/><W129/><G129/><T68/><D126/><U120/><E120/><V37/><F111/><W47/><G47/><T112/><D110/><U128/><E128/><V27/><F37/><W5/><G5/><T87/><D112/><U117/><E117/><V40/><F40/><W93/><G93/><T69/><D41/><U8/><E7/><V84/><F84/><W107/><G107/><T6/><D87/><U54/><E104/><V63/><F45/><W108/><G108/><T70/><D6/><U73/><E73/><V35/><F35/><W116/><G116/><T94/><D75/><U98/><E98/><AGARI ba="0,1" hai="12,16,23,30,31,51,53,58,72,78,81,98,102,106" machi="98" ten="40,7700,0" yaku="1,1,52,1,54,1,53,0" doraHai="96" doraHaiUra="113" who="3" fromWho="1" sc="249,0,224,-77,291,0,226,87" owari="249,-15.1,147,-35.3,291,9.1,313,41.3" /></mjloggm>