<mjloggm ver="2.3"><GO type="225" lobby="0"/><UN n0="%E3%81%99%E3%81%84%E3%81%BE%E3%81%9B%E3%83%BC%E3%82%93" n1="%E5%BA%97%E9%95%B7%4D" n2="%E3%83%89%E3%83%A9%E3%81%8F%E3%82%8C" n3="%E3%81%BF%E3%81%BF%E3%81%9A" dan="18,16,16,17" rate="2179.69,2113.43,2182.98,2279.80" sx="M,M,M,M"/><TAIKYOKU oya="0"/><INIT seed="0,0,0,3,5,112" ten="250,250,250,250" oya="0" hai0="85,71,14,38,62,28,29,30,0,32,26,16,48" hai1="123,78,59,135,1,53,2,133,46,43,130,129,54" hai2="75,49,128,56,34,88,52,118,8,24,107,92,98" hai3="11,99,33,104,68,76,120,20,41,125,67,12,70"/><T83/><D38/><N who="1" m="21879" /><E78/><V84/><F128/><N who="1" m="49257" /><E123/><V82/><F118/><W110/><G33/><T93/><D0/><N who="1" m="107" /><E53/><V77/><F8/><W103/><G11/><T65/><D93/><U19/><E19/><V57/><F34/><W119/><G76/><T131/><D48/><AGARI ba="0,0" hai="48,54,59,133,135" m="107,49257,21879" machi="48" ten="30,1000,0" yaku="19,1" doraHai="112" who="1" fromWho="0" sc="250,-10,250,10,250,0,250,0" /><INIT seed="1,0,0,4,1,87" ten="240,260,250,250" oya="1" hai0="65,70,20,89,42,3,4,131,120,117,18,96,47" hai1="68,119,95,101,55,54,108,17,35,113,33,80,128" hai2="37,15,72,11,91,44,32,26,38,115,12,79,58" hai3="13,77,100,90,103,51,73,49,2,67,40,99,57"/><U85/><E113/><V28/><F115/><W116/><G2/><T92/><D117/><U1/><E119/><V81/><F44/><N who="3" m="25735" /><G73/><T25/><D131/><U43/><E68/><V9/><F58/><W123/><G116/><T56/><D70/><U19/><E1/><V30/><F30/><W41/><G123/><T126/><D126/><U134/><E128/><V86/><F11/><W5/><G77/><T7/><D3/><U0/><E0/><V23/><F32/><W71/><G71/><T61/><REACH who="0" step="1"/><D120/><REACH who="0" ten="230,260,250,250" step="2"/><U94/><E134/><V110/><F110/><W93/><G67/><T34/><D34/><U102/><E35/><V75/><F75/><W6/><G57/><T53/><D53/><U106/><E33/><V82/><REACH who="2" step="1"/><F12/><REACH who="2" ten="230,260,240,250" step="2"/><W64/><G13/><T97/><D97/><U50/><E108/><V132/><F132/><W29/><G64/><T24/><D24/><U121/><E121/><V36/><F36/><AGARI ba="0,2" hai="4,7,18,20,25,36,42,47,56,61,65,89,92,96" machi="36" ten="30,3900,0" yaku="1,1,7,1,52,1,53,0" doraHai="87" doraHaiUra="122" who="0" fromWho="2" sc="230,59,260,0,240,-39,250,0" /><INIT seed="2,0,0,0,0,107" ten="289,260,201,250" oya="2" hai0="84,97,34,11,51,5,16,65,25,33,20,4,47" hai1="52,27,104,3,90,105,0,29,133,78,49,35,54" hai2="37,86,108,96,63,91,92,110,38,80,116,19,15" hai3="46,127,130,45,101,64,30,1,102,77,98,71,32"/><V74/><F116/><W53/><G1/><T79/><D65/><U69/><E133/><V89/><F63/><N who="3" m="40351" /><G130/><T99/><D34/><U117/><E117/><V57/><F57/><W106/><G127/><T17/><D33/><U36/><E36/><V82/><F82/><W134/><G134/><T26/><D84/><U114/><E114/><V58/><F58/><W111/><G111/><N who="2" m="42537" /><F74/><W39/><G53/><T121/><D79/><U12/><E69/><V24/><F24/><N who="3" m="18503" /><G39/><T81/><D81/><U118/><E54/><V76/><F91/><W94/><G77/><T95/><D121/><U93/><E78/><V60/><F60/><W131/><G131/><T128/><D128/><U41/><E41/><V66/><F66/><W56/><G56/><T18/><D26/><U126/><E118/><V10/><AGARI ba="0,0" hai="10,15,19,37,38,76,80,86,89,92,96" m="42537" machi="10" ten="30,3000,0" yaku="14,1,10,1" doraHai="107" who="2" fromWho="2" sc="289,-10,260,-10,201,30,250,-10" /><INIT seed="2,1,0,2,1,43" ten="279,250,231,240" oya="2" hai0="61,90,38,31,7,79,71,123,86,128,97,48,101" hai1="109,80,68,55,4,102,85,92,78,126,91,21,51" hai2="98,110,59,30,17,6,20,111,22,106,58,67,94" hai3="108,2,82,24,74,75,77,116,57,25,41,40,114"/><V66/><F106/><W14/><G116/><T65/><D38/><U133/><E68/><V127/><F6/><W73/><G2/><T33/><D123/><U93/><E126/><V70/><F127/><W129/><G108/><N who="2" m="41513" /><F30/><W115/><G129/><T62/><D128/><U118/><E109/><V83/><F83/><W9/><G57/><N who="2" m="21513" /><F70/><W12/><G74/><T81/><D7/><U122/><E118/><V134/><F134/><W47/><G40/><T72/><D31/><U88/><E133/><V64/><F17/><N who="3" m="8335" /><G14/><T1/><D1/><U36/><E36/><V37/><F37/><N who="3" m="21935" /><G73/><T60/><D33/><U96/><E4/><V44/><F44/><W105/><G105/><N who="0" m="63663" /><D48/><U13/><E122/><V131/><F131/><W45/><G45/><T100/><D60/><U34/><E34/><V46/><F46/><W19/><G19/><T3/><D61/><U117/><E117/><V135/><F135/><W10/><G10/><T35/><D35/><U125/><E125/><V5/><F5/><W87/><G75/><T16/><D3/><U120/><E120/><V15/><F15/><W50/><G50/><T18/><D18/><N who="1" m="10447" /><E92/><V52/><F52/><W103/><G24/><T27/><D27/><U130/><E130/><V0/><F0/><W56/><G25/><T8/><D16/><U28/><E28/><V89/><AGARI ba="1,0" hai="20,22,64,66,67,89,94,98" m="21513,41513" machi="89" ten="40,3900,0" yaku="14,1,10,1" doraHai="43" who="2" fromWho="2" sc="279,-14,250,-14,231,42,240,-14" /><INIT seed="2,2,0,4,0,82" ten="265,236,273,226" oya="2" hai0="115,84,41,73,19,78,67,42,47,60,105,22,37" hai1="26,79,77,98,17,38,68,64,27,28,62,101,20" hai2="116,3,104,81,66,108,132,121,13,69,75,106,23" hai3="112,87,4,16,125,43,21,122,110,113,94,123,51"/><V36/><RYUUKYOKU type="yao9" ba="2,0" sc="265,0,236,0,273,0,226,0" hai2="3,13,23,36,66,69,75,81,104,106,108,116,121,132" /><INIT seed="2,3,0,4,2,122" ten="265,236,273,226" oya="2" hai0="72,36,22,71,21,111,54,35,63,1,134,84,50" hai1="91,129,11,34,48,9,19,69,118,131,47,112,78" hai2="108,123,68,26,115,33,39,77,70,29,45,110,96" hai3="116,73,31,103,100,61,89,82,42,44,80,46,88"/><V23/><F123/><W102/><G116/><T130/><D72/><U27/><E118/><V120/><F120/><W90/><G73/><T14/><D1/><U18/><E69/><V126/><F115/><W40/><G31/><T12/><D36/><U74/><E112/><V104/><F77/><W53/><G53/><T59/><D35/><U51/><E78/><V79/><F79/><W94/><G61/><T24/><D134/><U99/><E74/><V133/><F133/><W57/><G57/><T41/><D130/><N who="1" m="49675" /><E51/><V6/><F23/><W107/><G94/><T85/><D22/><N who="1" m="13783" /><E19/><V135/><F6/><W62/><G62/><T3/><D71/><N who="2" m="27178" /><F135/><W125/><G107/><T124/><D63/><U75/><E75/><V117/><F117/><W132/><G125/><T56/><D124/><U113/><E34/><V65/><F65/><W106/><G106/><T128/><D21/><U119/><E119/><V10/><F10/><W13/><G13/><T32/><D14/><U2/><E2/><V127/><F126/><W114/><G132/><T97/><D128/><U30/><E30/><V64/><F64/><W15/><G15/><T92/><D12/><U76/><E76/><V105/><F127/><W121/><G114/><T109/><D3/><U28/><E28/><V95/><F105/><W86/><G121/><T93/><D32/><U38/><E38/><V67/><F67/><W37/><G80/><T101/><D24/><U49/><E49/><V16/><F104/><W83/><G82/><T55/><D50/><U81/><E113/><V20/><F33/><W87/><G83/><RYUUKYOKU ba="3,0" sc="265,-10,236,-10,273,-10,226,30" hai3="37,40,42,44,46,86,87,88,89,90,100,102,103" /><INIT seed="3,4,0,0,1,32" ten="255,226,263,256" oya="3" hai0="67,112,8,11,30,120,63,75,41,18,98,79,126" hai1="24,12,49,131,89,50,97,42,31,113,36,68,128" hai2="101,55,109,114,14,22,92,58,48,37,77,70,51" hai3="83,76,44,90,130,105,46,104,26,99,107,40,134"/><W95/><G130/><N who="1" m="49706" /><E68/><V38/><F70/><W56/><G134/><T47/><D120/><U94/><E113/><V15/><F114/><W28/><G56/><T53/><D112/><U82/><E36/><V102/><F77/><W125/><G125/><T129/><D126/><U61/><E61/><V108/><F92/><W5/><G5/><T116/><D79/><U71/><E71/><V60/><F60/><W93/><G93/><T88/><D67/><U78/><E12/><V19/><F15/><W39/><G44/><T21/><D63/><U16/><E42/><V6/><F6/><W33/><REACH who="3" step="1"/><G105/><REACH who="3" ten="255,226,263,246" step="2"/><T52/><D129/><U74/><E16/><V73/><F19/><W96/><G96/><T66/><D98/><U35/><AGARI ba="4,1" hai="24,31,35,49,50,74,78,82,89,94,97" m="49706" machi="35" ten="30,1100,0" yaku="19,1" doraHai="32" who="1" fromWho="1" sc="255,-7,226,33,263,-7,246,-9" /><INIT seed="4,0,0,4,0,58" ten="248,259,256,237" oya="0" hai0="41,73,76,4,43,62,32,104,127,3,33,26,47" hai1="87,118,84,61,120,117,25,125,11,10,20,1,77" hai2="132,111,8,128,50,13,83,110,48,114,65,131,52" hai3="69,95,51,44,107,89,0,116,68,30,14,109,15"/><T24/><D104/><U35/><E120/><V103/><F103/><W63/><G107/><T74/><D127/><U135/><E35/><V115/><F83/><W46/><G0/><T106/><D106/><U90/><E125/><V101/><F101/><W105/><G105/><T40/><D47/><U45/><E135/><V99/><F99/><W49/><G30/><T85/><D4/><U53/><E1/><V2/><F2/><W18/><G116/><T123/><D123/><U121/><E121/><V92/><F92/><W66/><G109/><T94/><D3/><U56/><E45/><V38/><F38/><W129/><G129/><N who="2" m="49737" /><F132/><W119/><G119/><T100/><D100/><U29/><E118/><V97/><F97/><W93/><G18/><T78/><D94/><N who="1" m="54599" /><E117/><V42/><F65/><W70/><G70/><T75/><D85/><U57/><E57/><N who="2" m="32919" /><F48/><W59/><G59/><T71/><D71/><U82/><AGARI ba="0,0" hai="10,11,20,25,29,53,56,61,77,82,87" m="54599" machi="82" ten="30,2000,0" yaku="8,1,52,1" doraHai="58" who="1" fromWho="1" sc="248,-10,259,20,256,-5,237,-5" /><INIT seed="5,0,0,4,4,32" ten="238,279,251,232" oya="1" hai0="83,66,79,113,78,72,31,68,33,22,95,0,15" hai1="58,59,102,17,128,92,123,71,101,87,5,60,9" hai2="45,112,28,19,51,38,109,118,85,57,99,80,114" hai3="48,40,119,43,103,61,98,12,108,10,127,81,13"/><U3/><E123/><V52/><F109/><W75/><G108/><T126/><D126/><U104/><E128/><V93/><F118/><W82/><G119/><T120/><D120/><U50/><E104/><V14/><F28/><W53/><G127/><T135/><D113/><N who="2" m="43626" /><F38/><W42/><G61/><T86/><D0/><U100/><E17/><V36/><F36/><W49/><G75/><T56/><D68/><U39/><E39/><V129/><F129/><W8/><G98/><T6/><D33/><U20/><E20/><V96/><F93/><W4/><G103/><T34/><D34/><U124/><E124/><V26/><F57/><W37/><G37/><T131/><D56/><U134/><E134/><V41/><F41/><W35/><G35/><T27/><D135/><U24/><E24/><V117/><F26/><W21/><G21/><T89/><D131/><U110/><E110/><V25/><F25/><W74/><G74/><T63/><D72/><U67/><E50/><N who="3" m="19562" /><G53/><T107/><D107/><U76/><E92/><V69/><F69/><W84/><G84/><T111/><D95/><U133/><REACH who="1" step="1"/><E133/><REACH who="1" ten="238,269,251,232" step="2"/><V30/><F117/><W16/><AGARI ba="0,1" hai="4,8,10,12,13,16,40,42,43,81,82" m="19562" machi="16" ten="30,2000,0" yaku="8,1,54,1" doraHai="32" who="3" fromWho="3" sc="238,-5,269,-10,251,-5,232,30" /><INIT seed="6,0,0,0,0,99" ten="233,259,246,262" oya="2" hai0="125,41,118,76,97,134,39,72,73,29,91,48,82" hai1="131,124,12,132,53,50,122,88,61,13,94,75,68" hai2="27,46,90,127,116,25,87,11,117,71,107,120,110" hai3="34,108,81,104,92,129,86,62,112,14,133,31,24"/><V98/><F120/><W23/><G104/><T17/><D39/><U65/><E75/><V28/><F110/><W66/><G108/><T20/><D125/><U130/><E124/><V5/><F71/><W74/><G133/><T101/><D134/><U115/><E115/><V59/><F127/><W52/><G129/><N who="1" m="49162" /><E122/><V40/><F59/><W54/><G74/><T21/><D118/><U33/><E33/><V49/><F27/><W100/><G112/><T22/><D73/><U102/><E102/><V42/><F42/><W84/><G14/><T105/><D91/><U67/><E67/><V60/><F60/><W69/><G34/><T113/><D113/><U106/><E106/><V79/><F79/><W19/><G31/><T10/><D29/><U7/><E7/><V93/><F98/><W109/><G109/><T77/><D77/><U58/><E132/><V85/><F85/><AGARI ba="0,0" hai="12,13,50,53,58,61,65,68,85,88,94" m="49162" machi="85" ten="30,2000,0" yaku="19,1,54,1" doraHai="99" who="1" fromWho="2" sc="233,0,259,20,246,-20,262,0" /><INIT seed="7,0,0,3,5,89" ten="233,279,226,262" oya="3" hai0="126,27,109,62,74,69,61,13,66,55,64,17,106" hai1="70,58,54,121,123,44,22,33,32,134,42,35,21" hai2="117,23,91,112,97,115,18,20,63,133,110,108,15" hai3="80,16,114,71,31,34,48,52,118,78,9,82,40"/><W29/><G118/><T43/><D109/><N who="2" m="42090" /><F63/><W85/><G114/><N who="2" m="43561" /><F91/><W39/><G71/><T26/><D74/><U45/><E70/><V79/><F97/><W81/><G40/><T100/><D126/><U76/><E76/><V59/><F59/><N who="3" m="33159" /><G34/><T122/><D122/><U1/><E1/><V5/><F79/><W49/><G39/><T124/><D124/><U8/><E8/><N who="2" m="4495" /><F117/><W84/><G49/><T30/><D106/><U86/><E134/><V24/><F23/><W51/><G51/><T73/><D73/><U131/><E86/><N who="3" m="33386" /><G78/><T128/><D69/><U19/><E22/><V107/><F107/><W72/><G72/><T12/><D62/><U94/><E45/><V46/><F46/><W67/><G67/><T60/><D61/><U36/><E123/><V2/><F2/><W14/><AGARI ba="0,0" hai="9,14,16,29,31,80,81,82" m="33386,33159" machi="14" ten="30,6000,0" yaku="8,1,54,2" doraHai="89" who="3" fromWho="3" sc="233,-20,279,-20,226,-20,262,60" owari="213,-18.7,259,5.9,206,-29.4,322,42.2" /></mjloggm>