<mjloggm ver="2.3"><GO type="225" lobby="0"/><UN n0="%E6%B4%BE%E9%81%A3%E3%81%AE%E3%82%B8%E3%83%A3%E3%83%83%E3%82%AF" n1="%E6%A1%9C%E8%8A%B1%E9%96%83%E3%80%85" n2="%E3%81%B2%E3%81%AA%E3%81%AE%E3%82%8A%E3%81%8F" n3="%72%65%6E%6B%75%6E" dan="17,16,17,17" rate="2232.23,2140.34,2208.64,2219.25" sx="M,M,M,M"/><TAIKYOKU oya="0"/><INIT seed="0,0,0,2,3,56" ten="250,250,250,250" oya="0" hai0="96,2,32,26,57,111,55,128,47,41,105,94,119" hai1="134,112,123,79,78,67,92,104,62,71,70,11,59" hai2="17,19,133,0,51,5,124,14,53,16,34,10,108" hai3="118,21,28,49,24,52,101,65,95,109,106,127,30"/><T97/><D119/><U48/><E104/><V129/><F108/><W45/><G118/><T6/><D128/><U31/><E123/><V110/><F110/><W39/><G109/><T69/><D69/><U121/><E121/><V18/><F129/><W44/><G127/><T72/><D72/><U88/><E134/><V81/><F124/><W82/><G106/><T131/><D131/><U117/><E117/><V63/><F133/><W23/><G65/><T116/><D116/><U25/><E112/><V98/><F34/><W29/><G82/><T43/><D111/><U90/><E11/><V22/><F98/><N who="3" m="59615" /><G39/><T130/><D130/><U9/><E9/><V8/><F81/><W84/><G84/><T37/><D41/><U35/><E90/><V15/><REACH who="2" step="1"/><F63/><REACH who="2" ten="250,250,240,250" step="2"/><W102/><G102/><T46/><D97/><U42/><E79/><V66/><F66/><W113/><G113/><T107/><D32/><U135/><E78/><V3/><F3/><W93/><G93/><T76/><D76/><U89/><E135/><V77/><F77/><W36/><G36/><T61/><D94/><U125/><E125/><V33/><F33/><W75/><G75/><T4/><D96/><U13/><E89/><V12/><F12/><W132/><G132/><T27/><D2/><U91/><E13/><V40/><F40/><N who="3" m="24711" /><G24/><N who="0" m="9259" /><D107/><U7/><E91/><V58/><AGARI ba="0,1" hai="0,5,8,10,14,15,16,17,18,19,22,51,53,58" machi="58" ten="20,5200,0" yaku="1,1,0,1,7,1,54,1,53,0" doraHai="56" doraHaiUra="83" who="2" fromWho="2" sc="250,-26,250,-13,240,62,250,-13" /><INIT seed="1,0,0,2,4,132" ten="224,237,302,237" oya="1" hai0="56,20,66,82,100,72,86,128,108,85,123,63,28" hai1="76,32,24,29,14,84,104,117,105,113,49,7,6" hai2="51,22,74,73,15,103,90,94,8,31,41,71,19" hai3="116,27,99,47,70,58,30,126,129,35,12,3,83"/><U9/><E113/><V77/><F71/><W131/><G70/><T95/><D108/><U17/><E117/><V53/><F41/><W57/><G3/><T36/><D36/><U61/><E61/><V119/><F103/><W111/><G116/><T65/><D128/><N who="3" m="49225" /><G111/><T133/><D133/><U34/><E34/><V13/><F31/><W102/><G12/><T5/><D123/><U69/><E69/><V40/><F40/><W106/><G126/><T21/><D5/><U0/><E49/><V101/><F101/><W122/><G122/><T81/><D72/><U26/><E26/><V89/><F77/><W60/><G60/><T87/><D65/><U11/><REACH who="1" step="1"/><E7/><REACH who="1" ten="224,227,302,237" step="2"/><V96/><F119/><W98/><G27/><T1/><D28/><U39/><E39/><V37/><F37/><W23/><G35/><T109/><D109/><U135/><E135/><V68/><F68/><W44/><G30/><T78/><D78/><U127/><E127/><V2/><F51/><W55/><G106/><T16/><D63/><U33/><E33/><V92/><F73/><W97/><G102/><T124/><D124/><U10/><E10/><V48/><F74/><W80/><G23/><T114/><D21/><U42/><E42/><V50/><F50/><W121/><G121/><T43/><D43/><U79/><E79/><V25/><F8/><W120/><G120/><T93/><D100/><U115/><E115/><V45/><REACH who="2" step="1"/><F2/><REACH who="2" ten="224,227,292,237" step="2"/><W67/><G47/><T4/><D114/><U62/><E62/><V52/><F52/><W88/><G44/><T54/><D54/><U130/><E130/><RYUUKYOKU ba="0,2" sc="224,-15,227,15,292,15,237,-15" hai1="0,6,9,11,14,17,24,29,32,76,84,104,105" hai2="13,15,19,22,25,45,48,53,89,90,92,94,96" /><INIT seed="1,1,2,4,3,36" ten="209,242,307,222" oya="1" hai0="19,65,90,71,2,109,76,89,134,124,105,95,32" hai1="103,63,51,98,50,12,3,62,34,82,123,10,86" hai2="78,132,4,96,129,121,5,92,131,57,53,46,83" hai3="80,40,107,45,47,119,60,73,25,0,31,21,122"/><U106/><E123/><V27/><F121/><W7/><G107/><T35/><D105/><U75/><E75/><V115/><F132/><W113/><G113/><T16/><D2/><U130/><E34/><V68/><F68/><W44/><G122/><T125/><D76/><U49/><E3/><V38/><F27/><W116/><G60/><N who="0" m="40359" /><D134/><U87/><E130/><N who="2" m="49675" /><F46/><W33/><G33/><N who="0" m="12875" /><D90/><U111/><E111/><V56/><F38/><W37/><G0/><T39/><D39/><U128/><E128/><V74/><F115/><W6/><G45/><T22/><D22/><U102/><E102/><N who="2" m="60679" /><F57/><W99/><G47/><T61/><D61/><AGARI ba="1,2" hai="4,5,53,56,61,74,78,83" m="60679,49675" machi="61" ten="30,1000,0" yaku="19,1" doraHai="36" who="2" fromWho="0" sc="209,-13,242,0,307,33,222,0" /><INIT seed="2,0,0,1,3,37" ten="196,242,340,222" oya="2" hai0="125,85,20,93,17,50,111,130,133,124,60,59,61" hai1="46,81,19,49,105,9,117,119,99,64,68,35,13" hai2="127,98,92,102,27,86,129,110,100,41,25,21,24" hai3="107,103,45,52,34,62,70,53,43,73,88,12,87"/><V4/><F127/><N who="0" m="48714" /><D111/><U3/><E35/><V54/><F129/><W51/><G73/><T113/><D113/><U108/><E108/><V7/><F102/><W114/><G114/><T109/><D109/><U128/><E128/><V74/><F74/><W122/><G122/><T32/><D32/><U120/><E120/><V94/><F41/><W115/><G115/><T18/><D130/><U118/><E3/><V8/><F54/><W79/><G34/><T65/><D133/><U135/><E135/><V95/><F110/><W126/><G79/><T121/><D121/><U1/><E1/><V5/><F8/><W66/><G126/><T131/><D131/><U67/><E81/><V57/><F57/><W55/><G12/><N who="0" m="9255" /><D18/><U63/><E67/><V39/><F39/><W28/><G28/><T77/><D65/><U123/><E123/><V106/><REACH who="2" step="1"/><F86/><REACH who="2" ten="196,242,330,222" step="2"/><W69/><G69/><T132/><D132/><U36/><E36/><V91/><F91/><W29/><G103/><T38/><D38/><U112/><E112/><V0/><F0/><W90/><G107/><T33/><D33/><U31/><E105/><V2/><F2/><W22/><REACH who="3" step="1"/><G87/><REACH who="3" ten="196,242,330,212" step="2"/><T47/><D77/><U23/><E118/><V83/><F83/><W89/><G89/><N who="0" m="53423" /><D59/><N who="1" m="36991" /><E119/><V16/><AGARI ba="0,2" hai="4,5,7,16,21,24,25,27,92,94,95,98,100,106" machi="16" ten="30,6000,0" yaku="1,1,0,1,54,1,53,0" doraHai="37" doraHaiUra="11" who="2" fromWho="2" sc="196,-20,242,-20,330,80,212,-20" /><INIT seed="2,1,0,3,1,62" ten="176,222,410,192" oya="2" hai0="122,100,123,24,52,76,106,5,59,103,99,43,115" hai1="131,125,109,133,44,64,91,30,71,22,89,75,130" hai2="85,74,95,112,34,113,61,92,69,73,80,128,82" hai3="40,129,101,55,81,70,117,17,118,88,110,96,18"/><V6/><F34/><W72/><G70/><T78/><D115/><U31/><E109/><V87/><F6/><W121/><G121/><T134/><D5/><U48/><E75/><V102/><F61/><W29/><G110/><T33/><D43/><U1/><E1/><V42/><F42/><W35/><G40/><T107/><D134/><U90/><E133/><V15/><F15/><W27/><G129/><N who="1" m="49162" /><E125/><V84/><F69/><W7/><G7/><T105/><D33/><U58/><E58/><V108/><F128/><W12/><G55/><T4/><D24/><N who="1" m="16663" /><E31/><V14/><F14/><W119/><G12/><T127/><D4/><U114/><E114/><N who="2" m="44139" /><F108/><W38/><G38/><T132/><D132/><U47/><E48/><V93/><F102/><W66/><G66/><T60/><D127/><U56/><E56/><V36/><F36/><W98/><G72/><AGARI ba="1,0" hai="72,73,74,80,82,84,85,87,92,93,95" m="44139" machi="72" ten="40,12000,1" yaku="28,2,34,2" doraHai="62" who="2" fromWho="3" sc="176,0,222,0,410,123,192,-123" /><INIT seed="2,2,0,5,3,18" ten="176,222,533,69" oya="2" hai0="89,22,72,81,117,51,11,126,31,36,21,63,42" hai1="12,91,4,29,9,92,129,26,80,15,6,119,38" hai2="14,84,118,109,69,88,96,74,41,17,127,128,71" hai3="120,107,23,100,108,125,10,132,97,16,58,32,45"/><V34/><F34/><W70/><G70/><T86/><D36/><U122/><E119/><V39/><F74/><W55/><G120/><T61/><D126/><U121/><E38/><V115/><F115/><W8/><G125/><T90/><D72/><U123/><E129/><V48/><F39/><W134/><G32/><T77/><D117/><U79/><E80/><V116/><F127/><W113/><G113/><T1/><D1/><N who="1" m="143" /><E79/><V24/><F24/><W5/><G45/><N who="0" m="26039" /><D11/><U53/><E53/><V57/><F96/><W44/><G44/><T13/><D13/><U62/><E62/><N who="0" m="23561" /><D31/><U52/><E52/><V101/><F41/><W64/><G64/><T94/><D77/><U104/><E104/><V46/><F14/><W83/><G5/><T59/><D59/><U27/><E27/><V68/><F57/><W30/><G30/><T135/><D135/><U105/><E105/><V66/><F66/><W131/><G131/><T47/><D47/><U65/><E6/><V111/><F46/><W0/><G0/><T93/><D81/><U103/><E65/><V95/><F128/><W20/><G83/><T67/><D67/><U43/><E43/><V85/><F118/><W114/><G114/><T50/><D50/><U73/><E73/><V82/><F48/><W40/><G40/><T75/><D75/><U2/><E2/><V110/><F82/><W102/><G58/><T133/><D133/><U98/><E29/><V112/><F116/><W130/><G55/><T76/><D76/><U19/><E122/><V60/><F112/><W87/><G132/><T7/><D7/><RYUUKYOKU ba="2,0" sc="176,30,222,-10,533,-10,69,-10" hai0="21,22,86,89,90,93,94" /><INIT seed="3,3,0,5,4,58" ten="206,212,523,59" oya="3" hai0="33,120,135,103,70,49,45,75,69,60,118,37,34" hai1="79,131,96,47,27,91,57,86,107,88,78,113,32" hai2="99,61,71,106,26,77,104,20,87,8,28,16,121" hai3="110,133,72,38,18,5,115,59,124,46,73,39,67"/><W3/><G115/><T48/><D118/><U29/><E113/><V6/><F99/><W4/><G18/><T127/><D75/><N who="3" m="28745" /><G59/><T0/><D0/><U108/><E131/><V84/><F16/><W101/><G101/><T114/><D114/><U63/><E108/><V25/><F25/><W68/><G110/><T21/><D103/><U44/><E107/><V9/><F9/><N who="3" m="2207" /><G5/><T126/><D37/><N who="3" m="13833" /><G46/><T92/><D120/><U64/><E96/><V123/><F123/><W14/><G14/><T24/><D70/><U129/><E91/><V122/><F122/><W13/><G13/><T40/><D49/><U56/><E129/><V80/><F87/><W112/><G112/><T130/><D130/><U65/><E47/><V42/><F121/><W83/><G83/><T100/><D100/><U90/><E44/><V74/><F42/><W81/><G81/><T54/><D92/><U1/><E1/><V35/><F84/><W55/><G55/><T51/><D51/><U43/><E43/><V82/><F82/><W10/><G10/><T53/><D53/><U7/><E7/><V22/><F22/><W41/><G41/><T111/><D111/><U85/><E85/><V95/><F20/><W30/><G124/><N who="0" m="47659" /><D40/><U66/><E57/><V125/><F95/><W52/><G133/><T109/><D109/><U31/><E31/><V19/><F125/><W12/><G12/><T105/><D135/><U116/><E90/><V97/><F6/><W50/><G30/><N who="0" m="17679" /><D105/><U17/><E17/><V23/><F28/><W15/><G15/><T62/><D69/><U89/><E29/><RYUUKYOKU ba="3,0" sc="206,30,212,-10,523,-10,59,-10" hai0="33,34,45,48,54,60,62" owari="236,3.6,202,-19.8,513,61.3,49,-45.1" /></mjloggm>