<mjloggm ver="2.3"><GO type="225" lobby="0"/><UN n0="%E3%82%BC%E3%83%AB%E3%83%80%E3%81%AE%E4%BC%9D%E8%AA%AC" n1="%E7%AD%89%E3%80%85%E5%8A%9B%E5%8A%87%E5%A0%B4" n2="%E5%A4%96%E5%B7%9D%E7%AB%9C%E6%88%90" n3="%E6%AF%9B%E8%8D%92%E3%82%8C%E3%83%BB%E3%82%B9%E3%83%9F%E3%82%B9" dan="16,16,16,16" rate="2211.48,2129.17,2258.63,2098.15" sx="M,M,M,F"/><TAIKYOKU oya="0"/><INIT seed="0,0,0,4,2,84" ten="250,250,250,250" oya="0" hai0="23,125,130,49,95,48,79,40,62,34,24,53,42" hai1="103,100,102,7,16,107,32,63,28,124,109,74,58" hai2="70,117,99,11,131,106,35,119,91,52,85,132,5" hai3="90,72,33,123,112,89,26,92,121,116,135,59,56"/><T21/><D125/><U45/><E74/><V69/><F35/><W114/><G135/><T13/><D130/><U120/><E120/><N who="3" m="46154" /><G116/><N who="2" m="44617" /><F132/><W64/><G72/><T12/><D34/><U93/><E107/><V57/><F131/><W134/><G134/><T111/><D111/><U36/><E124/><V61/><F106/><W8/><G8/><T108/><D108/><U88/><E109/><V94/><F85/><W97/><G64/><T60/><D95/><U9/><E32/><V101/><F101/><N who="3" m="60583" /><G56/><T68/><D53/><U25/><E36/><V30/><F30/><N who="3" m="19671" /><G59/><T98/><D98/><U27/><E45/><V44/><F44/><W104/><G104/><T127/><D68/><U4/><E28/><V18/><F18/><W82/><G82/><T38/><D127/><U87/><E27/><V3/><AGARI ba="0,0" hai="3,5,11,52,57,61,69,70,91,94,99" m="44617" machi="3" ten="30,4000,0" yaku="12,1,52,1,54,1" doraHai="84" who="2" fromWho="2" sc="250,-20,250,-10,250,40,250,-10" /><INIT seed="1,0,0,3,4,66" ten="230,240,290,240" oya="1" hai0="97,126,30,124,15,109,122,79,84,135,92,53,29" hai1="71,14,94,70,34,113,83,62,56,19,27,69,88" hai2="54,65,73,100,117,114,61,96,121,80,49,118,58" hai3="127,77,46,74,12,40,110,131,64,120,119,41,51"/><U76/><E113/><V91/><F121/><W2/><G120/><T17/><D122/><U112/><E112/><V86/><F73/><W47/><G2/><T16/><D109/><U87/><E34/><V98/><F114/><W63/><G110/><T90/><D135/><U103/><E103/><V123/><F123/><W24/><G127/><N who="0" m="48683" /><D53/><U78/><E27/><V55/><F55/><W10/><G131/><T20/><D17/><U105/><E105/><V67/><F67/><W8/><G119/><T82/><AGARI ba="0,0" hai="15,16,20,29,30,79,82,84,90,92,97" m="48683" machi="82" ten="30,2000,0" yaku="18,1,54,1" doraHai="66" who="0" fromWho="0" sc="230,20,240,-10,290,-5,240,-5" /><INIT seed="2,0,0,3,1,133" ten="250,230,285,235" oya="2" hai0="67,87,57,111,118,27,103,135,126,11,33,61,59" hai1="77,127,53,28,21,6,31,63,5,84,45,16,43" hai2="120,90,110,65,23,1,32,75,40,79,71,122,72" hai3="29,98,74,92,107,88,26,106,46,54,112,93,17"/><V128/><F32/><W60/><G74/><T22/><D135/><U52/><E127/><V34/><F34/><W102/><G112/><T97/><D111/><U68/><E68/><V80/><F72/><W44/><G17/><T8/><D126/><U91/><E77/><V86/><F1/><W55/><G107/><T81/><D59/><N who="1" m="35303" /><E43/><V56/><F71/><W123/><G123/><T64/><D64/><U42/><E42/><V19/><F40/><W69/><G106/><T131/><D131/><U129/><E129/><V119/><F119/><W58/><G69/><T117/><D33/><U134/><E134/><V96/><F110/><W0/><G0/><T124/><D124/><U50/><E31/><V41/><F41/><W70/><G70/><T130/><D130/><U109/><E28/><V47/><F47/><W51/><G44/><T12/><D118/><U3/><E3/><V48/><F128/><W95/><REACH who="3" step="1"/><G102/><REACH who="3" ten="250,230,285,225" step="2"/><T105/><D117/><U18/><E109/><V20/><F75/><W121/><G121/><T15/><D8/><U116/><E116/><V82/><F19/><W132/><G132/><T100/><D11/><U36/><E18/><V125/><F125/><W13/><G13/><T101/><D12/><N who="1" m="9351" /><E36/><V115/><F122/><W78/><G78/><N who="0" m="46519" /><D15/><U37/><E37/><V108/><F120/><W66/><G66/><T62/><D67/><U99/><E99/><V30/><F108/><W73/><G73/><T76/><D76/><U10/><E10/><V2/><F79/><W83/><G83/><AGARI ba="0,1" hai="5,6,45,50,53,83,84,91" m="9351,35303" machi="83" ten="30,3900,0" yaku="8,1,54,2" doraHai="133" who="1" fromWho="3" sc="250,0,230,49,285,0,225,-39" /><INIT seed="3,0,0,0,2,58" ten="250,279,285,186" oya="3" hai0="70,59,75,101,37,20,0,76,23,26,82,85,31" hai1="105,13,121,7,118,42,72,68,50,41,96,12,5" hai2="133,6,77,134,22,126,61,49,87,71,33,18,1" hai3="35,113,54,64,2,38,103,10,92,55,40,74,84"/><W62/><G113/><T48/><D37/><U102/><E121/><V83/><F33/><W110/><G74/><T122/><D70/><U14/><E72/><V93/><F126/><W127/><G127/><T9/><D122/><U28/><E118/><V116/><F116/><W123/><G123/><T60/><D101/><U11/><E68/><V97/><F49/><W73/><G73/><T131/><D131/><U45/><E28/><V130/><F130/><W104/><G35/><T25/><D48/><U100/><E42/><V115/><F115/><W53/><G104/><T89/><D9/><U30/><E30/><V24/><F6/><W90/><G103/><T135/><D0/><U98/><REACH who="1" step="1"/><E7/><REACH who="1" ten="250,269,285,186" step="2"/><V112/><F112/><W120/><G120/><T17/><D135/><N who="2" m="51722" /><F71/><W52/><N who="3" m="13312" /><DORA hai="119" /><W125/><G125/><T44/><D31/><U66/><E66/><V106/><F106/><AGARI ba="0,1" hai="5,11,12,13,14,41,45,50,96,98,100,102,105,106" machi="106" ten="30,7700,0" yaku="1,1,7,1,9,1,53,1" doraHai="58,119" doraHaiUra="47,107" who="1" fromWho="2" sc="250,0,269,87,285,-77,186,0" owari="250,5.0,356,45.6,208,-19.2,186,-31.4" /></mjloggm>