<mjloggm ver="2.3"><GO type="225" lobby="0"/><UN n0="%6E%65%6F%E3%82%BD%E3%83%83%E3%82%AF%E3%82%B9%E2%99%AA" n1="%6D%75%75%6D%75%72%61" n2="%73%7A%2E%64%31" n3="%E3%81%AF%E3%82%88%E3%81%8A%E3%81%98%E3%81%95%E3%82%93" dan="16,17,16,16" rate="2162.64,2180.92,2123.79,2147.38" sx="M,F,M,M"/><TAIKYOKU oya="0"/><INIT seed="0,0,0,0,1,118" ten="250,250,250,250" oya="0" hai0="22,71,70,104,102,57,40,100,123,38,30,59,48" hai1="108,109,20,18,9,50,14,62,13,87,19,92,76" hai2="25,117,90,7,60,23,6,97,10,135,103,106,98" hai3="16,3,52,1,29,114,15,2,17,130,43,5,33"/><T93/><D38/><U86/><E62/><V134/><F117/><W4/><G52/><T78/><D104/><U75/><E50/><V113/><F113/><W45/><G45/><T61/><D78/><U101/><E75/><V99/><F60/><W96/><G96/><N who="2" m="36969" /><F10/><N who="3" m="6263" /><G43/><T63/><D93/><U51/><E101/><V128/><F90/><W122/><G114/><T34/><D22/><U21/><E9/><V84/><F84/><W124/><G124/><T133/><D30/><U127/><E127/><V82/><F82/><W107/><G107/><T83/><D83/><U69/><E69/><V27/><F27/><N who="3" m="18623" /><G130/><T36/><D48/><U8/><E8/><V11/><F11/><W68/><G68/><T115/><D115/><U77/><REACH who="1" step="1"/><E51/><REACH who="1" ten="250,240,250,250" step="2"/><V32/><F103/><W79/><G4/><T26/><D102/><U54/><E54/><V35/><F6/><W37/><G5/><T81/><D100/><U131/><E131/><V89/><F7/><W12/><G1/><T91/><D71/><U73/><E73/><V72/><F128/><W39/><G2/><T56/><D70/><U126/><E126/><V49/><F72/><W64/><G3/><T41/><D63/><U65/><E65/><V58/><F106/><W120/><G64/><T46/><D61/><U47/><E47/><V44/><F44/><W24/><G37/><T129/><D129/><U88/><E88/><V85/><F49/><W80/><G39/><T132/><D36/><U74/><E74/><V28/><F89/><W119/><G119/><T31/><D46/><U55/><E55/><V121/><F58/><RYUUKYOKU ba="0,1" sc="250,-10,240,30,250,-10,250,-10" hai1="13,14,18,19,20,21,76,77,86,87,92,108,109" /><INIT seed="1,1,1,1,3,86" ten="240,270,240,240" oya="1" hai0="30,102,133,52,109,60,108,85,23,118,10,32,63" hai1="101,126,111,46,14,19,66,94,82,9,22,0,127" hai2="64,76,113,84,119,7,132,55,45,12,57,123,90" hai3="122,20,62,27,91,16,6,110,120,128,36,18,21"/><U28/><E111/><N who="0" m="42569" /><D118/><U61/><E82/><V67/><F119/><W103/><G110/><T78/><D133/><U80/><E80/><V73/><F73/><W115/><G115/><T72/><D72/><U37/><E37/><V34/><F34/><W83/><G36/><T97/><D32/><U77/><E46/><V135/><F76/><W69/><G128/><T31/><D10/><U65/><E77/><V38/><F113/><W116/><G116/><T68/><D68/><U74/><E74/><V75/><F75/><W81/><G103/><T56/><D63/><U129/><E129/><V104/><F104/><W47/><G6/><T50/><D60/><U29/><E29/><V93/><F123/><W54/><G83/><N who="0" m="47351" /><D23/><U112/><E112/><V15/><F7/><W125/><G125/><N who="1" m="47626" /><E61/><N who="2" m="36031" /><F67/><W106/><G106/><AGARI ba="1,1" hai="30,31,50,52,56,97,102,106" m="47351,42569" machi="106" ten="30,2000,0" yaku="14,1,54,1" doraHai="86" who="0" fromWho="3" sc="240,33,270,0,240,0,240,-23" /><INIT seed="2,0,0,0,3,107" ten="273,270,240,217" oya="2" hai0="51,48,59,70,134,98,60,109,69,53,110,65,77" hai1="11,117,3,73,61,23,16,100,105,71,112,37,38" hai2="126,41,102,78,80,10,119,72,58,135,129,113,118" hai3="20,120,81,101,86,54,76,55,108,128,92,121,114"/><V18/><F113/><W24/><G114/><T52/><D134/><U106/><E112/><V79/><F135/><W15/><G108/><N who="0" m="41579" /><D98/><U7/><E117/><V103/><F129/><W64/><G128/><T4/><D77/><U62/><E73/><V89/><F126/><W91/><G101/><T42/><D42/><U95/><E95/><V29/><F29/><W74/><G64/><T84/><D84/><U94/><E94/><V34/><F34/><W30/><REACH who="3" step="1"/><G15/><REACH who="3" ten="273,270,240,207" step="2"/><T85/><D65/><U13/><E100/><V5/><F102/><W132/><G132/><T47/><D70/><U122/><E71/><V57/><F103/><W0/><G0/><T123/><D69/><U96/><E105/><V27/><F118/><W1/><G1/><T33/><D123/><AGARI ba="0,1" hai="20,24,30,54,55,74,76,81,86,91,92,120,121,123" machi="123" ten="40,2600,0" yaku="1,1,52,1,53,0" doraHai="107" doraHaiUra="111" who="3" fromWho="0" sc="273,-26,270,0,240,0,207,36" /><INIT seed="3,0,0,4,3,19" ten="247,270,240,243" oya="3" hai0="77,98,45,70,10,87,49,5,71,89,88,65,92" hai1="126,112,37,119,81,51,120,39,123,34,135,9,57" hai2="47,103,74,21,54,56,111,106,1,13,22,58,44" hai3="95,38,67,30,20,108,93,84,114,73,100,11,2"/><W59/><G114/><T53/><D77/><U129/><E34/><V116/><F74/><W12/><G73/><T79/><D79/><U66/><E81/><V8/><F1/><W60/><G38/><T110/><D110/><U31/><E31/><V16/><F116/><W36/><G36/><T24/><D24/><U104/><E104/><V7/><F111/><W117/><G117/><T85/><D65/><U32/><E32/><V94/><F106/><W86/><G108/><T46/><D46/><N who="2" m="17450" /><F7/><N who="3" m="3199" /><G2/><T28/><D28/><U26/><E119/><V96/><F56/><W43/><G43/><T23/><D23/><U125/><E112/><V63/><AGARI ba="0,0" hai="8,13,16,21,22,54,58,63,94,96,103" m="17450" machi="63" ten="30,7900,0" yaku="8,1,52,2,54,1" doraHai="19" who="2" fromWho="2" sc="247,-20,270,-20,240,79,243,-39" owari="227,-17.3,250,5.0,319,41.9,204,-29.6" /></mjloggm>