<mjloggm ver="2.3"><GO type="225" lobby="0"/><UN n0="%72%69%6F%75%63%68%61%6E" n1="%E3%81%BF%E3%81%BF%E3%81%9A" n2="%E6%A1%9C%E8%8A%B1%E9%96%83%E3%80%85" n3="%E3%81%8C%E3%81%9F" dan="16,17,16,17" rate="2099.96,2256.32,2105.46,2140.18" sx="M,M,M,M"/><TAIKYOKU oya="0"/><INIT seed="0,0,0,2,1,79" ten="250,250,250,250" oya="0" hai0="17,25,12,28,87,33,37,31,58,106,54,91,72" hai1="77,80,123,48,115,86,69,83,35,24,50,133,20" hai2="111,101,53,94,131,71,98,41,132,62,117,40,10" hai3="29,109,65,2,119,6,75,56,102,30,15,95,128"/><T52/><D72/><U36/><E123/><V70/><F111/><W135/><G119/><T23/><D106/><U112/><E36/><V32/><F117/><W116/><G116/><T51/><D37/><U100/><E69/><V45/><F131/><W114/><G114/><N who="1" m="43562" /><E133/><V78/><F132/><W1/><G75/><T88/><D28/><N who="1" m="19847" /><E100/><V44/><F32/><W8/><G135/><T127/><D127/><U26/><E80/><V81/><F10/><W67/><G109/><T60/><REACH who="0" step="1"/><D87/><REACH who="0" ten="240,250,250,250" step="2"/><U64/><E64/><V18/><F40/><W14/><G67/><T21/><D21/><U9/><E9/><V49/><F41/><W121/><G65/><T57/><AGARI ba="0,1" hai="12,17,23,25,31,33,51,52,54,57,58,60,88,91" machi="57" ten="20,12000,1" yaku="1,1,0,1,7,1,54,2,53,0" doraHai="79" doraHaiUra="38" who="0" fromWho="0" sc="240,130,250,-40,250,-40,250,-40" /><INIT seed="0,1,0,2,3,59" ten="370,210,210,210" oya="0" hai0="6,26,114,104,118,32,74,36,64,45,90,55,115" hai1="79,85,133,82,21,112,34,12,95,107,48,11,130" hai2="101,86,110,9,8,52,40,39,41,122,42,127,63" hai3="78,97,0,71,132,31,50,84,106,51,10,80,46"/><T15/><D118/><U109/><E34/><V102/><F122/><W65/><G132/><T49/><D104/><U123/><E123/><V14/><F39/><W75/><G31/><T92/><D74/><U128/><E107/><V117/><F117/><W68/><G75/><T4/><D36/><U99/><E133/><V47/><F110/><W126/><G126/><T3/><D3/><U103/><E109/><V113/><F113/><W73/><G73/><T111/><D111/><U37/><E37/><V120/><F120/><W35/><G35/><T29/><D64/><U66/><E112/><V87/><F8/><W116/><G116/><T72/><D72/><U96/><E96/><V129/><F129/><N who="1" m="49769" /><E21/><V60/><F127/><W67/><G71/><T61/><D4/><N who="1" m="3175" /><E48/><N who="2" m="28703" /><F87/><W62/><G46/><T88/><D115/><U89/><E66/><V44/><F86/><W105/><G65/><T121/><D114/><U70/><E70/><V7/><F44/><W16/><G0/><T54/><D121/><U124/><E124/><V134/><F134/><W17/><G105/><T58/><REACH who="0" step="1"/><D92/><REACH who="0" ten="360,210,210,210" step="2"/><U53/><E53/><V77/><F77/><AGARI ba="1,1" hai="77,79,82,85,89,95,99,103" m="3175,49769" machi="77" ten="30,1000,0" yaku="19,1" doraHai="59" who="1" fromWho="2" sc="360,0,210,23,210,-13,210,0" /><INIT seed="1,0,0,3,0,16" ten="360,233,197,210" oya="1" hai0="127,44,66,52,68,8,117,115,60,102,53,42,58" hai1="71,113,30,70,22,122,12,10,20,67,62,13,6" hai2="29,103,84,65,26,126,120,35,27,107,49,131,77" hai3="1,3,121,25,106,130,104,18,88,24,38,118,19"/><U5/><E113/><V86/><F120/><W63/><G121/><T61/><D115/><U55/><E122/><V33/><F131/><W109/><G38/><N who="0" m="21591" /><D8/><U111/><E111/><V133/><F126/><W135/><G63/><N who="0" m="40031" /><D102/><U64/><E55/><N who="0" m="21065" /><D117/><U82/><E82/><V4/><F4/><W87/><G118/><T98/><D98/><U46/><E46/><V90/><F77/><W105/><G105/><T100/><D100/><U134/><E30/><V47/><F26/><W108/><G87/><T92/><D92/><U36/><E36/><V39/><F39/><W56/><G88/><T14/><D14/><U41/><E10/><V32/><F86/><W123/><G123/><T34/><D34/><U129/><E129/><V99/><F84/><W72/><G130/><T69/><D127/><U132/><REACH who="1" step="1"/><E62/><REACH who="1" ten="360,223,197,210" step="2"/><N who="0" m="24169" /><D58/><U7/><E7/><V80/><F29/><W15/><G56/><T9/><D9/><U21/><E21/><V57/><F35/><W97/><G72/><T91/><D91/><U73/><E73/><V0/><F33/><W125/><G125/><T17/><D17/><U75/><E75/><V2/><F32/><W59/><G59/><T45/><D45/><U76/><E76/><V93/><F57/><W124/><G124/><T11/><D11/><U119/><E119/><V23/><F80/><W116/><G116/><T54/><D54/><U110/><E110/><V95/><F23/><W128/><G128/><T81/><D81/><U94/><E94/><V51/><F95/><W50/><G109/><T89/><D89/><U112/><E112/><V79/><F93/><RYUUKYOKU ba="0,1" sc="360,15,223,15,197,-15,210,-15" hai0="69" hai1="5,6,12,13,20,22,41,64,67,70,71,132,134" /><INIT seed="1,1,1,2,1,20" ten="375,238,182,195" oya="1" hai0="133,107,47,93,130,95,105,25,106,0,77,121,81" hai1="34,135,84,19,116,9,86,11,75,98,114,50,57" hai2="36,45,26,76,134,54,67,41,33,46,128,61,109" hai3="119,79,70,59,7,125,55,94,103,132,40,42,124"/><U6/><E114/><V127/><F109/><W73/><G70/><T69/><D0/><U112/><E75/><V62/><F127/><N who="3" m="48715" /><G132/><T39/><D69/><U43/><E112/><V48/><F134/><W28/><G119/><T18/><D133/><U99/><E116/><V16/><F128/><W12/><G28/><T115/><D115/><U63/><E34/><V100/><F76/><W29/><G29/><T78/><D130/><U24/><E135/><V83/><F83/><N who="3" m="45551" /><G103/><T88/><D121/><U108/><E108/><V101/><F62/><N who="3" m="36223" /><G94/><T66/><D66/><U129/><E129/><V90/><F90/><W64/><G64/><T104/><D104/><U38/><E99/><V5/><F5/><W91/><G91/><T102/><D102/><U37/><E98/><V110/><F110/><W23/><G23/><T2/><D2/><U97/><E97/><V14/><F33/><W56/><G56/><T72/><D77/><U120/><E120/><V126/><F126/><W122/><G122/><T51/><D39/><N who="1" m="14859" /><E6/><V92/><F92/><W22/><G22/><N who="0" m="13527" /><D88/><U96/><E96/><V85/><F85/><W65/><G65/><T82/><D82/><U123/><E123/><V44/><F100/><W89/><G89/><T74/><D74/><U113/><E113/><V60/><F101/><W118/><G118/><T49/><D49/><U131/><E131/><V52/><F67/><W15/><G15/><T53/><D95/><U35/><E86/><V30/><F30/><W32/><G32/><T8/><D93/><U3/><E84/><V17/><F36/><W80/><G80/><RYUUKYOKU ba="1,1" sc="375,15,238,-15,182,-15,195,15" hai0="8,47,51,53,72,78,81,105,106,107" hai3="7,12,40,42" /><INIT seed="2,2,1,0,2,76" ten="390,223,167,210" oya="2" hai0="118,124,100,18,62,105,43,123,45,3,40,94,51" hai1="7,44,107,31,85,35,37,74,66,69,67,49,42" hai2="80,11,87,88,33,109,30,81,25,117,102,131,56" hai3="127,120,34,73,79,61,52,78,2,92,21,95,115"/><V101/><F117/><W112/><G120/><T50/><D123/><U4/><E74/><V99/><F131/><W1/><G34/><T10/><D105/><U8/><E107/><V64/><F109/><W38/><G38/><T68/><D118/><U71/><E35/><V12/><F99/><W6/><G127/><T0/><D124/><U77/><E31/><V83/><F64/><N who="1" m="24617" /><E37/><V125/><F56/><N who="3" m="34951" /><G21/><T19/><D62/><U65/><E65/><V26/><F125/><W134/><G134/><T111/><D68/><U57/><E57/><V129/><F129/><W91/><G79/><T106/><D106/><U58/><E58/><V24/><F30/><W119/><G95/><T5/><D111/><U126/><E4/><N who="2" m="3175" /><F33/><W54/><G54/><T28/><D28/><U60/><E126/><V128/><F128/><W48/><G48/><T36/><D0/><U39/><E60/><V29/><F29/><W63/><G63/><T15/><D40/><U113/><E39/><V75/><F75/><W20/><G119/><T72/><D72/><U13/><E113/><N who="3" m="43594" /><G6/><T93/><D18/><U104/><E104/><V135/><F135/><W46/><G46/><T16/><D19/><U9/><E9/><V55/><F55/><W132/><G20/><T103/><D36/><U130/><E130/><V89/><F89/><W47/><G47/><N who="0" m="25983" /><D3/><U53/><E53/><V22/><F22/><W14/><G132/><T41/><D5/><U110/><E110/><V70/><F70/><W97/><G14/><T116/><D116/><U23/><E23/><V86/><F88/><W122/><G122/><RYUUKYOKU ba="2,1" sc="390,0,223,0,167,0,210,0" hai0="10,15,16,41,45,51,93,94,100,103" hai1="7,8,13,42,44,49,69,71,77,85" hai2="24,25,26,80,81,83,86,87,101,102" hai3="1,2,73,78,91,92,97" /><INIT seed="2,3,1,3,2,88" ten="390,223,167,210" oya="2" hai0="52,122,17,45,80,39,9,15,105,82,1,134,24" hai1="114,97,125,83,57,35,84,108,54,115,27,12,40" hai2="5,89,62,85,29,91,4,7,58,11,121,33,94" hai3="90,112,64,61,100,46,43,127,133,72,70,38,102"/><V98/><F121/><W116/><G116/><T117/><D122/><U65/><E40/><V56/><F33/><W124/><G72/><T79/><D105/><U107/><E65/><V31/><F11/><W99/><G133/><T20/><D134/><U130/><E108/><V3/><F3/><W123/><G123/><T73/><D117/><U28/><E130/><V75/><F75/><W2/><G2/><T101/><D101/><U81/><E81/><N who="2" m="49327" /><F56/><W19/><G112/><T59/><D82/><U111/><E111/><V41/><F41/><W132/><G132/><T21/><D1/><U86/><E86/><V13/><F13/><W44/><G44/><T92/><D45/><U126/><E107/><V106/><F106/><W63/><G19/><T67/><D39/><U48/><E97/><V50/><F50/><W74/><G74/><T25/><D67/><AGARI ba="3,1" hai="4,5,7,29,31,58,62,67,91,94,98" m="49327" machi="67" ten="30,2900,0" yaku="8,1,52,1" doraHai="88" who="2" fromWho="0" sc="390,-38,223,0,167,48,210,0" /><INIT seed="2,4,0,5,0,90" ten="352,223,215,210" oya="2" hai0="70,93,57,71,62,52,134,46,80,63,24,73,85" hai1="33,131,30,113,51,103,128,125,76,58,88,25,39" hai2="105,82,106,91,89,59,86,7,117,1,133,0,37" hai3="48,49,68,100,64,2,72,22,45,77,15,127,107"/><V65/><F117/><W32/><G2/><T96/><D134/><U4/><E113/><V81/><F37/><W132/><G32/><T121/><D121/><U5/><E39/><V123/><F123/><W74/><G132/><T66/><D73/><U43/><E76/><V92/><F133/><W28/><G127/><T11/><D11/><U55/><E125/><V35/><F35/><W69/><G77/><T112/><D112/><U10/><E103/><V6/><F59/><W41/><G100/><T101/><D24/><U54/><E43/><V129/><F129/><N who="1" m="49737" /><E10/><V67/><F86/><W116/><G107/><T12/><D12/><U102/><E102/><V44/><F44/><W26/><G116/><T75/><D75/><U87/><E55/><V19/><F19/><W27/><G15/><T94/><D46/><U56/><E56/><V61/><F61/><W114/><G114/><T34/><D34/><U40/><E40/><V16/><F16/><N who="3" m="12615" /><G64/><T124/><D124/><U8/><E8/><V99/><F99/><W21/><G49/><T38/><D38/><U29/><E30/><V31/><F31/><W119/><G119/><T23/><D23/><U120/><E120/><V84/><F84/><W111/><G111/><T118/><D118/><U20/><E33/><V9/><F9/><W122/><G122/><T126/><D126/><U130/><N who="1" m="49745" /><U36/><DORA hai="17" /><E36/><V18/><F18/><W83/><G74/><T115/><D115/><U47/><E47/><V13/><F13/><W97/><G97/><T3/><D3/><U109/><E109/><V95/><AGARI ba="4,0" hai="0,1,6,7,65,67,81,82,89,91,92,95,105,106" machi="95" ten="25,18000,2" yaku="5,1,0,1,22,2,52,2" doraHai="90,17" who="2" fromWho="2" sc="352,-64,223,-64,215,192,210,-64" /><INIT seed="2,5,0,0,4,42" ten="288,159,407,146" oya="2" hai0="82,120,28,58,15,116,2,25,57,56,131,63,91" hai1="39,132,27,75,111,31,17,38,118,77,24,125,100" hai2="80,89,30,127,128,41,81,98,122,4,124,26,93" hai3="50,114,22,48,29,84,105,78,66,115,49,23,16"/><V9/><F122/><W90/><G105/><T87/><D120/><U101/><E118/><V18/><F18/><W106/><G106/><T21/><D131/><U51/><E111/><V70/><F70/><W92/><G66/><T113/><D113/><N who="3" m="43017" /><G29/><T14/><D2/><U6/><E6/><V83/><F41/><W94/><G78/><T121/><D121/><U64/><E64/><V12/><REACH who="2" step="1"/><F128/><REACH who="2" ten="288,159,397,146" step="2"/><W74/><G74/><T61/><REACH who="0" step="1"/><D116/><REACH who="0" ten="278,159,397,146" step="2"/><U134/><E132/><V103/><F103/><W88/><G16/><T107/><D107/><U45/><E134/><V73/><F73/><W43/><G43/><T72/><D72/><U32/><E75/><V44/><F44/><W135/><G135/><T96/><D96/><AGARI ba="5,2" hai="22,23,48,49,50,84,88,90,92,94,96" m="43017" machi="96" ten="30,2000,0" yaku="11,1,54,1" doraHai="42" who="3" fromWho="0" sc="278,-35,159,0,397,0,146,55" /><INIT seed="3,0,0,2,4,6" ten="243,159,397,201" oya="3" hai0="84,47,52,126,68,1,40,61,107,128,59,54,37" hai1="83,80,119,48,87,101,42,60,66,86,38,95,78" hai2="72,12,98,18,14,24,31,11,70,56,79,34,85" hai3="71,44,103,2,104,124,76,41,36,82,114,120,89"/><W102/><G114/><T15/><D1/><U121/><E119/><V135/><F70/><W43/><G120/><T53/><D107/><U65/><E121/><V29/><F135/><W13/><G2/><T17/><D126/><U134/><E134/><V77/><F72/><W39/><G71/><T94/><D128/><U16/><E38/><V111/><F111/><W19/><G124/><T133/><D133/><U8/><E95/><V7/><F31/><W32/><G32/><T97/><D84/><U62/><E101/><V105/><F85/><W88/><G104/><T109/><D109/><U21/><E48/><V91/><F56/><W25/><G25/><T90/><D68/><U96/><E96/><V93/><F105/><W20/><G103/><T33/><D33/><U69/><E42/><V57/><F57/><W115/><G102/><T112/><D112/><U125/><E125/><V131/><F131/><W58/><G58/><T73/><D73/><U30/><E69/><V81/><F81/><W64/><G64/><N who="1" m="24682" /><E30/><V10/><AGARI ba="0,0" hai="7,10,11,12,14,18,24,29,34,77,79,91,93,98" machi="10" ten="20,5200,0" yaku="0,1,7,1,52,2" doraHai="6" who="2" fromWho="2" sc="243,-13,159,-13,397,52,201,-26" owari="230,3.0,146,-35.4,449,54.9,175,-22.5" /></mjloggm>