<mjloggm ver="2.3"><GO type="225" lobby="0"/><UN n0="%E5%A4%9C%E3%81%AE%E3%82%AC%E3%82%B9%E3%83%91%E3%83%BC%E3%83%AB" n1="%E3%81%B2%E3%81%AA%E3%81%AE%E3%82%8A%E3%81%8F" n2="%E5%B0%8F%E9%B3%A5%E9%81%8A%E7%B7%B4%E7%84%A1%32%31%E6%AD%B3" n3="%E5%A4%8F%E9%88%B4%E9%88%B4%E5%A4%8F" dan="16,17,16,16" rate="2120.55,2226.10,2165.26,2131.28" sx="M,M,F,M"/><TAIKYOKU oya="0"/><INIT seed="0,0,0,4,2,20" ten="250,250,250,250" oya="0" hai0="4,12,98,121,16,76,103,86,6,2,133,15,3" hai1="109,114,117,132,127,129,75,13,14,56,46,91,118" hai2="128,24,23,89,123,9,38,115,26,42,97,32,44" hai3="108,41,33,43,34,69,85,35,66,106,28,134,27"/><T124/><D121/><U80/><E109/><V51/><F123/><W21/><G108/><T64/><D124/><U45/><E127/><V8/><F115/><W60/><G134/><T30/><D133/><U112/><E132/><V19/><F128/><W107/><REACH who="3" step="1"/><G85/><REACH who="3" ten="250,250,250,240" step="2"/><T73/><D86/><U125/><E114/><V119/><F119/><W104/><AGARI ba="0,1" hai="21,27,28,33,34,35,41,43,60,66,69,104,106,107" machi="104" ten="40,8000,1" yaku="1,1,2,1,0,1,52,1,53,0" doraHai="20" doraHaiUra="90" who="3" fromWho="3" sc="250,-40,250,-20,250,-20,240,90" /><INIT seed="1,0,0,0,0,95" ten="210,230,230,330" oya="1" hai0="70,19,75,3,97,59,114,24,121,134,51,31,18" hai1="37,34,60,120,79,76,33,129,71,20,55,67,13" hai2="88,104,5,29,83,1,12,57,84,11,116,58,42" hai3="56,10,131,93,81,69,86,73,15,38,4,126,14"/><U108/><E120/><V74/><F116/><W23/><G69/><T109/><D114/><U43/><E129/><V53/><F104/><W9/><G38/><T82/><D3/><U85/><E43/><V106/><F106/><W62/><G73/><T99/><D70/><U61/><E37/><V117/><F117/><W98/><G23/><N who="0" m="15775" /><D75/><U124/><E124/><V30/><F58/><W2/><G131/><T127/><D127/><U91/><E108/><V26/><F42/><W119/><G126/><T44/><D109/><U65/><E55/><V132/><F132/><W110/><G110/><T0/><D0/><U125/><E125/><V47/><F47/><W113/><G113/><T111/><D111/><U46/><E46/><V133/><F133/><W48/><G48/><T21/><D134/><U17/><E34/><V22/><F74/><W50/><G50/><T107/><D107/><U135/><E33/><V103/><F103/><N who="3" m="60879" /><G2/><T92/><D121/><U32/><E32/><V128/><F128/><W54/><G119/><T25/><D59/><U8/><E8/><N who="3" m="3178" /><G4/><T63/><D63/><U115/><E115/><V68/><F68/><W105/><G105/><T45/><D45/><U96/><E135/><V35/><F35/><W100/><G100/><T112/><D112/><U118/><E118/><V94/><F1/><W6/><G6/><T87/><D19/><U78/><E71/><V40/><F30/><W16/><G16/><T49/><D44/><U102/><E61/><N who="2" m="36015" /><F40/><W122/><G122/><T64/><D21/><U36/><E36/><V77/><F77/><AGARI ba="0,0" hai="14,15,54,56,62,77,81,86" m="3178,60879" machi="77" ten="30,2000,0" yaku="8,1,52,1" doraHai="95" who="3" fromWho="2" sc="210,0,230,0,230,-20,330,20" /><INIT seed="2,0,0,4,2,123" ten="210,230,210,350" oya="2" hai0="57,48,25,47,51,127,120,110,86,27,114,6,90" hai1="84,2,117,65,111,78,3,77,60,125,102,35,74" hai2="28,10,70,72,75,116,43,26,82,119,14,22,55" hai3="58,113,7,5,40,30,99,81,92,109,62,24,45"/><V133/><F70/><W8/><G109/><T95/><D120/><U9/><E74/><V4/><F133/><W112/><G81/><T91/><D114/><N who="3" m="44137" /><G8/><T54/><D127/><U128/><E111/><V118/><F43/><W64/><G92/><T11/><D91/><U121/><E9/><V1/><F82/><W124/><G99/><T23/><D23/><U37/><E125/><V71/><F71/><W15/><G15/><N who="0" m="5623" /><D110/><U68/><E35/><V105/><F105/><W67/><G64/><T106/><D106/><U97/><E65/><V20/><F55/><AGARI ba="0,0" hai="25,27,47,48,51,54,55,57,86,90,95" m="5623" machi="55" ten="30,1000,0" yaku="8,1" doraHai="123" who="0" fromWho="2" sc="210,10,230,0,210,-10,350,0" /><INIT seed="3,0,0,3,4,34" ten="220,230,200,350" oya="3" hai0="17,39,11,107,103,89,133,131,118,42,114,20,75" hai1="32,49,104,112,92,47,18,130,88,27,4,62,117" hai2="14,16,28,122,37,67,41,113,59,132,129,96,124" hai3="50,94,36,21,85,56,2,128,100,84,78,0,5"/><W69/><G36/><T44/><D118/><U64/><E112/><V79/><F113/><W22/><G69/><T6/><D114/><U24/><E104/><V72/><F129/><W7/><G94/><T121/><D121/><U55/><E130/><V97/><F122/><W54/><G100/><T105/><D131/><U73/><E73/><V46/><F28/><W43/><G43/><T110/><D75/><U12/><E4/><V77/><F132/><W57/><G50/><T86/><D133/><U61/><E32/><V29/><F29/><W19/><G54/><T102/><D110/><U80/><E80/><V109/><F109/><W52/><G52/><T60/><D60/><N who="1" m="23147" /><E64/><V10/><F124/><W74/><G19/><T30/><D30/><U31/><E31/><V58/><F67/><W70/><G74/><T13/><D107/><U127/><E117/><V33/><F33/><W83/><G83/><T106/><D106/><U25/><E127/><V111/><F111/><W45/><G45/><T126/><D105/><U63/><N who="1" m="23155" /><U98/><DORA hai="93" /><E27/><V68/><F68/><W26/><G26/><T66/><D126/><U48/><E49/><N who="2" m="26831" /><F72/><W115/><G70/><T91/><D66/><U76/><E76/><N who="2" m="29259" /><F37/><W108/><G78/><T40/><D40/><U87/><E87/><V81/><F81/><W116/><G85/><T90/><REACH who="0" step="1"/><D86/><REACH who="0" ten="210,230,200,350" step="2"/><U119/><E119/><V65/><F65/><W23/><G84/><T3/><AGARI ba="0,1" hai="3,6,11,13,17,20,39,42,44,89,90,91,102,103" machi="3" ten="30,12000,2" yaku="1,1,2,1,0,1,52,1,53,2" doraHai="34,93" doraHaiUra="120,99" who="0" fromWho="0" sc="210,130,230,-30,200,-30,350,-60" owari="340,44.0,200,-20.0,170,-33.0,290,9.0" /></mjloggm>