<mjloggm ver="2.3"><GO type="225" lobby="0"/><UN n0="%E3%82%B3%E3%83%90%E3%83%AC%E3%82%A4" n1="%E3%83%8F%E3%83%B3%E3%83%89%E3%83%A9%E3%83%BC%E3%83%BB%E3%83%AF%E3%83%B3" n2="%E3%81%A4%E3%81%A3%E3%81%B1%E3%82%8A%E3%83%9D%E3%83%BC%E3%83%AB" n3="%E6%98%93%E5%88%A9%E8%96%A9%E4%BC%AF" dan="16,17,17,16" rate="2093.35,2193.03,2251.56,2038.84" sx="M,M,M,F"/><TAIKYOKU oya="0"/><INIT seed="0,0,0,1,1,97" ten="250,250,250,250" oya="0" hai0="10,101,119,85,64,1,9,132,32,127,130,126,134" hai1="125,11,29,25,75,67,35,123,93,107,7,21,44" hai2="69,124,88,62,117,47,120,39,15,105,80,36,94" hai3="81,54,61,31,98,99,65,100,34,53,89,66,27"/><T79/><D32/><U5/><E107/><V96/><F120/><W19/><G66/><T60/><D79/><U17/><E123/><V103/><F124/><N who="0" m="47658" /><D85/><U83/><E125/><V116/><F47/><W56/><G19/><T77/><D77/><U14/><E67/><N who="2" m="41207" /><F15/><W128/><G128/><T118/><D101/><U30/><E44/><V43/><F43/><W115/><G115/><T76/><D76/><U78/><E93/><V24/><F24/><W133/><G133/><N who="0" m="51307" /><D1/><U45/><E45/><V102/><F80/><W91/><G98/><T12/><D60/><U55/><E55/><V37/><F105/><W2/><G2/><T73/><D64/><U122/><E122/><V33/><F33/><W52/><REACH who="3" step="1"/><G81/><REACH who="3" ten="250,250,250,240" step="2"/><T114/><D114/><U90/><E83/><V109/><F109/><W46/><G46/><T68/><D68/><U63/><E17/><V58/><F58/><W13/><G13/><T135/><D135/><U59/><E14/><V84/><F96/><W70/><G70/><T3/><D3/><U111/><E5/><V131/><F131/><W106/><AGARI ba="0,1" hai="27,31,34,52,53,54,56,61,65,89,91,99,100,106" machi="106" ten="30,7900,0" yaku="1,1,0,1,52,1,54,1,53,0" doraHai="97" doraHaiUra="16" who="3" fromWho="3" sc="250,-39,250,-20,250,-20,240,89" /><INIT seed="1,0,0,1,2,7" ten="211,230,230,329" oya="1" hai0="26,120,76,82,6,36,122,33,8,14,87,67,37" hai1="16,104,23,95,118,59,93,86,72,21,19,130,48" hai2="112,81,45,66,117,38,73,49,20,119,42,58,107" hai3="121,90,132,94,62,124,98,79,30,0,105,53,84"/><U44/><E118/><V39/><F107/><W134/><G121/><T97/><D120/><U114/><E104/><V34/><F34/><W83/><G0/><T129/><D129/><U116/><E72/><V123/><F123/><W74/><G30/><T3/><D122/><U41/><E114/><V15/><F81/><W69/><G124/><T1/><D67/><U91/><E116/><N who="2" m="44619" /><F15/><W128/><G128/><T25/><D25/><U10/><E130/><V4/><F20/><N who="1" m="7753" /><E59/><V135/><F4/><W9/><G9/><T29/><D3/><U64/><E64/><V113/><F73/><W101/><G69/><T92/><REACH who="0" step="1"/><D1/><REACH who="0" ten="201,230,230,329" step="2"/><U108/><E108/><V57/><F135/><W60/><G53/><T17/><D17/><U35/><E19/><V52/><F66/><W11/><G132/><T55/><D55/><U28/><E28/><V110/><F110/><W109/><G134/><T63/><D63/><U125/><E125/><V126/><F126/><W65/><G109/><T2/><D2/><U31/><E31/><V85/><F113/><W68/><G62/><T115/><D115/><U111/><E111/><V47/><F112/><W102/><G60/><T13/><D13/><N who="1" m="7223" /><E35/><V61/><F61/><W22/><G65/><T56/><D56/><U32/><E32/><V24/><F24/><W54/><G68/><T40/><D40/><U96/><E96/><V46/><F58/><W89/><G98/><T100/><AGARI ba="0,1" hai="6,8,14,26,29,33,36,37,76,82,87,92,97,100" machi="100" ten="20,5200,0" yaku="1,1,0,1,7,1,52,1,53,0" doraHai="7" doraHaiUra="127" who="0" fromWho="0" sc="201,62,230,-26,230,-13,329,-13" /><INIT seed="2,0,0,5,5,17" ten="263,204,217,316" oya="2" hai0="60,113,53,125,47,129,35,76,128,77,103,107,36" hai1="124,89,68,81,88,111,123,97,56,8,74,92,9" hai2="39,38,24,27,122,46,51,83,14,48,117,34,41" hai3="85,2,71,11,93,87,110,100,45,21,106,131,99"/><V116/><F122/><W80/><G71/><T61/><D35/><U120/><E68/><V119/><F83/><W19/><G110/><T29/><D29/><U69/><E69/><V135/><F135/><W118/><G118/><T5/><D5/><U75/><E56/><V70/><F70/><W25/><G131/><N who="0" m="50251" /><D113/><U15/><E111/><V64/><F64/><W49/><G106/><T90/><D125/><U43/><E43/><V3/><F3/><W94/><G94/><T63/><D90/><U82/><E124/><V84/><F84/><W101/><G101/><T133/><D133/><U54/><E54/><V72/><F72/><N who="1" m="27689" /><E8/><V0/><F0/><W102/><G102/><T57/><D47/><U86/><E15/><V7/><F48/><W44/><G80/><N who="1" m="30826" /><E9/><V55/><F34/><W95/><G45/><T40/><D40/><U12/><E12/><V114/><F114/><W32/><G32/><T127/><D36/><U78/><E78/><N who="0" m="30313" /><D127/><U96/><E89/><V58/><F39/><W30/><G2/><T31/><D31/><U134/><E134/><V126/><F126/><W42/><G30/><T23/><D23/><U62/><E62/><V108/><F108/><W33/><G11/><T6/><D6/><U112/><E112/><V10/><AGARI ba="0,0" hai="7,10,14,24,27,38,41,46,51,55,58,116,117,119" machi="10" ten="40,2100,0" yaku="0,1" doraHai="17" who="2" fromWho="2" sc="263,-7,204,-7,217,21,316,-7" /><INIT seed="2,1,0,0,1,37" ten="256,197,238,309" oya="2" hai0="41,8,29,127,19,43,95,104,112,78,81,79,88" hai1="82,11,118,32,96,4,122,93,120,89,39,21,9" hai2="6,51,1,3,22,86,87,23,130,15,46,121,44" hai3="62,76,69,77,31,47,61,71,60,25,128,0,92"/><V55/><F121/><W101/><G0/><T17/><D104/><U59/><E118/><V64/><F130/><W123/><G123/><N who="1" m="47146" /><E32/><V45/><F64/><W40/><G128/><T24/><D112/><U28/><E39/><V18/><F3/><W38/><G101/><T72/><D127/><U48/><E82/><V132/><F132/><W105/><G105/><T126/><D126/><U80/><E80/><V134/><F134/><W63/><G92/><T107/><D107/><U13/><E28/><V98/><F98/><W119/><G119/><T65/><D65/><U34/><E34/><V84/><REACH who="2" step="1"/><F23/><REACH who="2" ten="256,197,228,309" step="2"/><W113/><G113/><T35/><D79/><U131/><E131/><V108/><F108/><W10/><G77/><T67/><D67/><U30/><E21/><V97/><F97/><W54/><G76/><T73/><D72/><U12/><E96/><V100/><F100/><W117/><G117/><T70/><D70/><U91/><E91/><V90/><F90/><W14/><G71/><T20/><D35/><U36/><E89/><V102/><F102/><W103/><G103/><T94/><D94/><U2/><E93/><V33/><F33/><W106/><G106/><T58/><D95/><U49/><E2/><V133/><F133/><W109/><G109/><T26/><D88/><U85/><E85/><V5/><F5/><W50/><G69/><T7/><D73/><U83/><E4/><V74/><F74/><W110/><G110/><T116/><D78/><U115/><E115/><V53/><F53/><W27/><N who="3" m="15360" /><DORA hai="56" /><W111/><G54/><T42/><D116/><RYUUKYOKU ba="1,1" sc="256,-10,197,-10,228,30,309,-10" hai2="1,6,15,18,22,44,45,46,51,55,84,86,87" /><INIT seed="2,2,1,0,3,72" ten="246,187,258,299" oya="2" hai0="116,105,54,28,132,128,43,83,79,71,110,102,61" hai1="38,98,88,95,27,77,19,113,129,89,64,29,115" hai2="118,47,17,41,14,18,16,66,22,39,60,100,119" hai3="114,4,36,120,85,5,58,12,135,112,67,6,133"/><V122/><F122/><W46/><G120/><T32/><D116/><U34/><E38/><V51/><F100/><W125/><G125/><T49/><D43/><U76/><E129/><V35/><F35/><W78/><G12/><T52/><D128/><U107/><E107/><V124/><F124/><W99/><G99/><N who="0" m="61663" /><D49/><U91/><E64/><V44/><F119/><W50/><G36/><T93/><D93/><U130/><E130/><V106/><F106/><W65/><G78/><T73/><D132/><N who="3" m="50761" /><G85/><T126/><D126/><U108/><E108/><V127/><F118/><W26/><G26/><N who="0" m="18455" /><D110/><U109/><E109/><V101/><F101/><W21/><G21/><T62/><D62/><U31/><E31/><V45/><F127/><W25/><G25/><T68/><D68/><U63/><E63/><V103/><F103/><W42/><G58/><T11/><D11/><U81/><E19/><N who="2" m="10615" /><F39/><W10/><G10/><T2/><D2/><U57/><E57/><AGARI ba="2,1" hai="16,17,18,41,44,45,47,51,57,60,66" m="10615" machi="57" ten="30,2900,0" yaku="8,1,54,1" doraHai="72" who="2" fromWho="1" sc="246,0,187,-35,258,45,299,0" /><INIT seed="2,3,0,1,5,8" ten="246,152,303,299" oya="2" hai0="77,62,72,99,58,124,128,48,95,120,78,27,92" hai1="13,111,121,11,83,64,24,90,79,86,69,116,102" hai2="20,16,59,66,134,56,9,80,17,3,61,76,0" hai3="122,81,49,26,84,75,126,112,23,57,37,104,94"/><V40/><F134/><W2/><G122/><T130/><D120/><U132/><E121/><V135/><F135/><W35/><G37/><T107/><D107/><U15/><E132/><V39/><F39/><W100/><G2/><T42/><D72/><U129/><E116/><V106/><F106/><W41/><G35/><T133/><D95/><U7/><E111/><V110/><F110/><W125/><G104/><T108/><D108/><U44/><E129/><N who="0" m="49769" /><D27/><U28/><E102/><V53/><F40/><W87/><G75/><T19/><D19/><U109/><E109/><V117/><F117/><W12/><G26/><T101/><D124/><U52/><E69/><V51/><F9/><W123/><G112/><T54/><D133/><U131/><E64/><V103/><F17/><N who="3" m="10663" /><G81/><T1/><D1/><U70/><E70/><V5/><F5/><W113/><G113/><T67/><D42/><U33/><E131/><V71/><F103/><W50/><G123/><T46/><AGARI ba="3,0" hai="46,48,54,58,62,67,77,78,92,99,101" m="49769" machi="46" ten="30,1100,0" yaku="19,1" doraHai="8" who="0" fromWho="0" sc="246,20,152,-6,303,-8,299,-6" /><INIT seed="3,0,0,1,3,9" ten="266,146,295,293" oya="3" hai0="133,86,103,28,5,108,38,94,113,31,117,24,121" hai1="11,51,83,74,55,71,122,102,97,60,82,80,58" hai2="1,101,61,16,26,76,134,39,41,46,34,73,25" hai3="120,98,59,10,22,56,93,20,37,105,87,110,53"/><W29/><G37/><T63/><D38/><U57/><E122/><V99/><F34/><W13/><G105/><T33/><D121/><U91/><E71/><V96/><F134/><W21/><G110/><T54/><D133/><U45/><E74/><V89/><F1/><W65/><G65/><T27/><D108/><U12/><E91/><V23/><F89/><N who="3" m="55599" /><G120/><T3/><D117/><U6/><REACH who="1" step="1"/><E60/><REACH who="1" ten="266,136,295,293" step="2"/><V18/><F61/><N who="3" m="35983" /><G87/><T43/><D113/><U92/><AGARI ba="0,1" hai="6,11,12,45,51,55,57,58,80,82,83,92,97,102" machi="92" ten="30,7900,0" yaku="1,1,0,1,8,1,52,1,53,0" doraHai="9" doraHaiUra="119" who="1" fromWho="1" sc="266,-20,136,89,295,-20,293,-39" /><INIT seed="4,0,0,0,1,107" ten="246,225,275,254" oya="0" hai0="86,97,80,113,40,19,101,83,27,30,53,118,45" hai1="15,10,94,91,62,81,0,90,93,59,65,71,12" hai2="66,121,42,56,54,128,106,67,38,16,7,5,22" hai3="28,102,109,51,35,60,119,32,3,11,21,55,123"/><T116/><D113/><U44/><E0/><V110/><F110/><W87/><G119/><T46/><D83/><U64/><E81/><V89/><F106/><W131/><G109/><T130/><D19/><U105/><E105/><V20/><F121/><W72/><G72/><T18/><D18/><U115/><E115/><V82/><F22/><W111/><G102/><T8/><D8/><U14/><E71/><V120/><F120/><W114/><G60/><T85/><D53/><U33/><E33/><V37/><F37/><W92/><G131/><T74/><D46/><U43/><E65/><N who="2" m="24587" /><F38/><W76/><G123/><T26/><D26/><U124/><E124/><V31/><F42/><W49/><G35/><T132/><D130/><U61/><E61/><N who="2" m="35991" /><F31/><W95/><G28/><T78/><D116/><U69/><E69/><V73/><F73/><W117/><G32/><T127/><D127/><U125/><E125/><V68/><F68/><W133/><G111/><T103/><D118/><U2/><E2/><V25/><F128/><W79/><G3/><T48/><D103/><U122/><E122/><V104/><F104/><W96/><G21/><T23/><D132/><U41/><E10/><V29/><F29/><W52/><G133/><T112/><D112/><U9/><E9/><V129/><F129/><W13/><G114/><T126/><D126/><U134/><E134/><V98/><F82/><W57/><G11/><T6/><D6/><U4/><E4/><V50/><F50/><W47/><G49/><T108/><D108/><U1/><E1/><V75/><F75/><W100/><G117/><RYUUKYOKU ba="0,0" sc="246,15,225,-15,275,15,254,-15" hai0="23,27,30,40,45,48,74,78,80,85,86,97,101" hai2="5,7,16,20,25,89,98" /><INIT seed="4,1,0,2,0,60" ten="261,210,290,239" oya="0" hai0="98,69,55,9,82,96,23,44,33,78,52,127,97" hai1="35,51,41,25,50,40,4,130,68,62,83,93,135" hai2="16,46,112,11,73,118,87,19,34,100,12,22,64" hai3="88,91,110,134,8,124,116,49,104,85,54,0,76"/><T24/><D69/><U65/><E130/><V17/><F73/><W115/><G110/><T21/><D127/><U121/><E121/><V30/><F34/><W111/><G111/><T128/><D128/><U119/><E119/><V109/><F109/><W123/><G104/><T102/><D102/><U2/><E135/><V43/><F118/><W18/><G116/><T13/><D33/><U113/><E113/><V95/><F112/><W6/><G115/><T31/><D23/><U3/><E93/><V108/><F108/><W133/><G123/><T89/><D44/><U117/><E117/><V48/><F64/><W45/><G18/><N who="2" m="7273" /><F30/><W114/><G114/><T59/><D89/><U99/><E99/><N who="2" m="59519" /><F87/><W129/><G129/><T75/><REACH who="0" step="1"/><D59/><REACH who="0" ten="251,210,290,239" step="2"/><U5/><E35/><V36/><F36/><W32/><G32/><T20/><D20/><AGARI ba="1,1" hai="11,12,19,20,22,43,46,48" m="59519,7273" machi="20" ten="30,2000,0" yaku="8,1,54,1" doraHai="60" who="2" fromWho="0" sc="251,-23,210,0,290,33,239,0" owari="228,-17.2,210,-29.0,323,42.3,239,3.9" /></mjloggm>