<mjloggm ver="2.3"><GO type="225" lobby="0"/><UN n0="%E3%81%99%E3%81%84%E3%81%BE%E3%81%9B%E3%83%BC%E3%82%93" n1="%47%32%E9%BE%8D%E9%96%80" n2="%E3%81%82%E3%81%84%E3%81%82%E3%81%8A%E3%81%84" n3="%E5%B8%86%E7%AB%8B%E5%A4%8F%E8%A1%A3" dan="16,16,18,17" rate="2144.55,2106.85,2205.23,2168.65" sx="M,M,M,M"/><TAIKYOKU oya="0"/><INIT seed="0,0,0,5,2,129" ten="250,250,250,250" oya="0" hai0="90,61,78,0,56,108,104,119,35,106,80,72,66" hai1="65,40,43,135,20,68,91,117,82,130,51,109,22" hai2="3,97,9,116,67,55,73,118,102,16,71,88,128" hai3="23,103,14,17,100,124,26,21,93,50,63,113,94"/><T64/><D119/><U76/><E117/><N who="2" m="45163" /><F73/><W87/><G124/><T42/><D0/><U54/><E130/><V83/><F128/><W19/><G113/><T75/><D35/><U120/><E120/><V52/><F67/><W111/><G111/><T133/><D108/><U36/><E36/><V28/><F28/><W60/><G50/><T6/><D6/><U127/><E127/><V31/><F31/><W84/><G14/><T10/><D10/><U30/><E109/><V57/><F71/><W49/><G49/><T122/><D75/><U79/><E65/><V8/><F3/><W96/><G96/><T132/><D122/><U39/><E68/><V114/><F114/><W126/><G126/><T69/><D42/><U12/><E39/><V11/><F16/><W41/><G41/><T38/><D38/><U33/><E33/><V134/><F57/><W85/><REACH who="3" step="1"/><G87/><REACH who="3" ten="250,250,250,240" step="2"/><T77/><D69/><U89/><E12/><V115/><F115/><W123/><G123/><T74/><D61/><U131/><E131/><V47/><F47/><W1/><G1/><T44/><D44/><U86/><E86/><N who="2" m="50271" /><F134/><W5/><G5/><T99/><D56/><U98/><E135/><V34/><F34/><W107/><G107/><AGARI ba="0,1" hai="8,9,11,52,55,97,102,107" m="50271,45163" machi="107" ten="30,3900,0" yaku="12,1,54,2" doraHai="129" who="2" fromWho="3" sc="250,0,250,0,250,49,240,-39" /><INIT seed="1,0,0,0,2,78" ten="250,250,299,201" oya="1" hai0="5,130,108,12,72,0,38,59,121,104,54,33,25" hai1="105,32,83,114,111,102,99,131,118,107,52,41,14" hai2="96,27,7,103,135,30,66,132,117,23,100,51,36" hai3="73,128,63,6,21,9,84,50,60,127,39,71,56"/><U45/><E114/><V13/><F36/><W79/><G127/><T46/><D104/><U42/><E118/><V82/><F117/><W70/><G128/><T129/><D108/><U112/><E112/><V94/><F66/><W90/><G39/><T15/><D121/><U126/><E32/><V64/><F64/><W89/><G21/><T62/><D72/><U31/><E126/><V29/><F29/><W88/><G73/><T4/><D33/><U113/><E113/><V49/><F103/><W119/><G119/><T61/><D25/><U77/><E31/><V24/><F24/><W120/><G120/><T69/><D61/><U68/><E68/><V134/><F82/><N who="3" m="47199" /><G71/><T124/><D69/><U92/><E131/><N who="0" m="50185" /><D124/><U76/><E111/><V3/><F3/><W11/><G70/><T81/><D81/><U35/><E35/><V98/><F98/><W47/><G56/><T16/><D0/><U80/><E107/><V65/><F65/><W115/><G115/><T19/><D15/><U133/><E14/><V34/><F34/><W8/><G6/><N who="0" m="2667" /><D12/><U122/><E105/><V74/><F74/><W26/><G26/><T91/><D91/><N who="3" m="23297" /><W1/><DORA hai="57" /><G1/><T116/><D116/><U125/><E125/><V2/><F2/><W87/><G87/><T93/><D93/><U48/><E122/><V109/><F109/><W22/><G22/><T67/><D38/><U28/><E28/><V55/><F7/><W17/><G17/><T37/><D37/><U95/><E92/><V101/><F94/><W110/><G110/><T97/><D97/><U106/><E99/><RYUUKYOKU ba="0,0" sc="250,15,250,-15,299,-15,201,15" hai0="16,19,46,54,59,62,67" hai3="8,9,11,47,50,60,63" /><INIT seed="2,1,0,1,2,61" ten="265,235,284,216" oya="2" hai0="51,15,31,25,3,24,16,44,64,111,40,86,47" hai1="106,96,49,1,12,123,65,79,121,98,70,18,2" hai2="130,38,20,118,104,41,71,58,4,34,135,125,33" hai3="28,133,29,131,27,39,66,83,73,81,10,101,113"/><V43/><F104/><W124/><G39/><T62/><D111/><U5/><E79/><V105/><F105/><W95/><G133/><T56/><D3/><N who="1" m="1035" /><E5/><V99/><F71/><W112/><G131/><T55/><D86/><U92/><E106/><V50/><F99/><N who="3" m="59647" /><G124/><T88/><D88/><U68/><E49/><V76/><F76/><W75/><G75/><T17/><D31/><N who="3" m="11849" /><G73/><T122/><D122/><N who="1" m="46603" /><E65/><V52/><F4/><W85/><G27/><N who="0" m="10315" /><D15/><U22/><E98/><V36/><F36/><W7/><G66/><T9/><D9/><U110/><E110/><V100/><F38/><W19/><G7/><T54/><D44/><U35/><E35/><V97/><F34/><W63/><G63/><T134/><D134/><U13/><E12/><V80/><F33/><W8/><G19/><AGARI ba="1,0" hai="16,17,19,40,47,51,54,55,56,62,64" m="10315" machi="19" ten="30,3900,0" yaku="8,1,52,1,54,1" doraHai="61" who="0" fromWho="3" sc="265,42,235,0,284,0,216,-42" /><INIT seed="3,0,0,5,2,80" ten="307,235,284,174" oya="3" hai0="68,44,77,118,74,87,86,122,89,59,130,92,69" hai1="8,117,32,19,135,124,97,121,38,51,41,91,129" hai2="113,57,134,16,127,61,98,24,83,95,42,23,1" hai3="9,111,21,107,131,7,0,36,45,52,17,33,94"/><W75/><G107/><T125/><D118/><U99/><E121/><V66/><F113/><W103/><G131/><T84/><D122/><U12/><E32/><V10/><F127/><W81/><G111/><T105/><D105/><U4/><E124/><V53/><F134/><W6/><G33/><T93/><D125/><U49/><E135/><V109/><F109/><W64/><G64/><T85/><D130/><U104/><E129/><V116/><F116/><W88/><G7/><T28/><D28/><U132/><E132/><V112/><F112/><W47/><G36/><T15/><D44/><N who="1" m="25743" /><E38/><V79/><F42/><W100/><G75/><T120/><D120/><U96/><E104/><V46/><F1/><W119/><G81/><N who="0" m="47151" /><D69/><U73/><E73/><V76/><F10/><W108/><G108/><T37/><D68/><U71/><E71/><V55/><F46/><W22/><G119/><T54/><D74/><U20/><E51/><V30/><F30/><W62/><G47/><T114/><D114/><U106/><E106/><V50/><F50/><N who="3" m="28751" /><G62/><N who="0" m="36215" /><D37/><U29/><E117/><V110/><F110/><W2/><G2/><T26/><D26/><N who="1" m="16583" /><E4/><V13/><F24/><N who="3" m="14383" /><G22/><T56/><D56/><U39/><E39/><V128/><F128/><W48/><G48/><T3/><D3/><U65/><E65/><V123/><F123/><W60/><G60/><T11/><D89/><AGARI ba="0,0" hai="8,12,19,89,91,96,97,99" m="16583,25743" machi="89" ten="30,1000,0" yaku="8,1" doraHai="80" who="1" fromWho="0" sc="307,-10,235,10,284,0,174,0" /><INIT seed="4,0,0,3,0,135" ten="297,245,284,174" oya="0" hai0="73,94,81,18,51,70,16,78,35,27,83,49,72" hai1="123,125,77,39,95,106,105,32,133,62,59,88,0" hai2="11,110,76,1,115,118,107,75,112,57,28,111,34" hai3="86,17,93,58,132,29,64,63,30,127,26,7,20"/><T126/><D126/><U124/><E123/><V31/><F107/><W101/><G132/><T66/><D94/><U36/><E32/><V119/><F57/><W5/><G127/><N who="1" m="48714" /><E0/><V53/><F53/><W71/><G71/><T96/><D96/><N who="1" m="57447" /><E77/><V40/><F76/><W47/><G47/><T67/><D78/><U44/><E133/><V102/><F40/><W89/><G30/><N who="2" m="11305" /><F102/><W38/><G38/><N who="1" m="14378" /><E44/><V91/><F34/><W108/><G108/><N who="2" m="41513" /><F75/><W22/><REACH who="3" step="1"/><G101/><REACH who="3" ten="297,245,284,164" step="2"/><T19/><D70/><U52/><AGARI ba="0,1" hai="52,59,62,105,106" m="14378,57447,48714" machi="52" ten="30,12000,2" yaku="18,1,52,3,54,2" doraHai="135" who="1" fromWho="1" sc="297,-60,245,130,284,-30,164,-30" owari="237,-16.3,375,47.5,254,5.4,134,-36.6" /></mjloggm>