<mjloggm ver="2.3"><GO type="225" lobby="0"/><UN n0="%6E%69%63%6F%6E%74%6F" n1="%E3%81%95%E3%81%8D%E3%81%9F%E3%81%BE%E6%9E%97%E6%AA%8E" n2="%70%68%65%6E%6F%6D%65" n3="%E9%80%9F%E6%B0%B4%E5%87%9B%E9%A6%99" dan="17,16,17,16" rate="2160.79,2118.45,2201.62,2151.79" sx="M,M,M,F"/><TAIKYOKU oya="0"/><INIT seed="0,0,0,1,5,10" ten="250,250,250,250" oya="0" hai0="16,121,38,117,62,29,69,78,80,116,89,75,93" hai1="54,33,39,19,110,128,88,92,57,32,124,0,7" hai2="113,26,24,73,67,112,9,87,56,18,23,8,115" hai3="114,94,96,126,84,97,35,90,120,135,6,2,48"/><T1/><D121/><U21/><E110/><V40/><F73/><W105/><G35/><T76/><D76/><U83/><E39/><V42/><F87/><W50/><G114/><T46/><D29/><U74/><E124/><V118/><F118/><W70/><G70/><T77/><D77/><U125/><E125/><V65/><F56/><W131/><G126/><T28/><D28/><U133/><E133/><V95/><F95/><W30/><G30/><T101/><D101/><U43/><E43/><V102/><F102/><W82/><G135/><T5/><D69/><U15/><E83/><V51/><F51/><W63/><G63/><T108/><D62/><U53/><E53/><V66/><REACH who="2" step="1"/><F24/><REACH who="2" ten="250,250,240,250" step="2"/><W47/><G48/><T45/><D108/><U12/><E74/><V111/><F111/><W106/><G96/><T44/><D38/><U99/><E128/><V122/><F122/><W37/><G37/><T107/><D107/><U68/><E68/><V91/><F91/><W59/><G131/><T13/><D117/><U104/><E104/><V3/><F3/><W85/><G120/><T72/><D116/><U98/><E0/><V36/><F36/><W11/><G84/><N who="0" m="52391" /><D75/><U55/><E99/><V61/><F61/><W81/><G59/><T134/><D134/><U100/><E100/><V109/><F109/><W103/><G82/><T132/><D132/><U22/><E98/><V58/><F58/><W64/><G106/><T130/><D130/><U14/><E92/><V60/><F60/><W123/><G105/><T129/><D129/><U4/><E57/><V31/><F31/><RYUUKYOKU ba="0,1" sc="250,-10,250,-10,240,30,250,-10" hai2="8,9,18,23,26,40,42,65,66,67,112,113,115" /><INIT seed="1,1,1,4,2,40" ten="240,240,270,240" oya="1" hai0="73,71,11,56,101,69,88,102,43,121,122,123,13" hai1="133,66,27,45,75,0,74,112,67,42,51,29,34" hai2="85,12,107,134,103,59,32,89,128,115,8,17,110" hai3="95,129,90,81,3,57,26,96,124,24,100,53,135"/><U58/><E112/><V120/><F120/><W20/><G3/><T127/><D73/><U118/><E118/><V93/><F115/><W36/><G36/><T70/><D127/><U55/><E0/><V10/><F110/><W21/><G124/><T9/><D56/><U92/><E133/><V98/><F128/><W47/><G129/><T80/><D43/><U116/><E116/><V91/><F134/><W23/><G135/><T86/><REACH who="0" step="1"/><D11/><REACH who="0" ten="230,240,270,240" step="2"/><U117/><E117/><V33/><F59/><W14/><G47/><T54/><D54/><U49/><REACH who="1" step="1"/><E92/><REACH who="1" ten="230,230,270,240" step="2"/><V105/><F107/><W60/><G95/><T114/><D114/><U113/><E113/><V63/><F105/><W15/><G81/><T84/><D84/><U1/><E1/><V64/><F85/><W82/><G82/><T119/><D119/><U131/><E131/><V22/><F8/><W72/><G72/><AGARI ba="1,3" hai="27,29,34,42,45,49,51,55,58,66,67,72,74,75" machi="72" ten="40,3900,0" yaku="1,1,52,1,53,0" doraHai="40" doraHaiUra="5" who="1" fromWho="3" sc="230,0,230,72,270,0,240,-42" /><INIT seed="1,2,0,4,2,39" ten="230,302,270,198" oya="1" hai0="6,24,94,1,32,134,121,7,9,124,105,13,25" hai1="43,34,20,41,15,132,86,113,10,87,65,100,102" hai2="69,101,110,133,40,72,99,12,59,84,45,55,5" hai3="75,90,118,130,22,93,114,108,19,96,53,103,16"/><U58/><E113/><V64/><F72/><W119/><G114/><T98/><D105/><U47/><E34/><V106/><F110/><W83/><G108/><T17/><D94/><U92/><E47/><V89/><F133/><W73/><G53/><T51/><D98/><N who="1" m="59463" /><E132/><V128/><F128/><W3/><G3/><T115/><D51/><U33/><E33/><V76/><F64/><W79/><G19/><T125/><D134/><U129/><E20/><V57/><F69/><W62/><G62/><T123/><D115/><U78/><E102/><V2/><F2/><W122/><G122/><N who="0" m="46603" /><D7/><N who="1" m="3551" /><E129/><V28/><F28/><W18/><G18/><T46/><D46/><U61/><E78/><V104/><F76/><W127/><G130/><T107/><D107/><U135/><E135/><V4/><F104/><W11/><G11/><N who="0" m="2511" /><D32/><U109/><E109/><V50/><F12/><W56/><G73/><T77/><D77/><U29/><E29/><V0/><F0/><W38/><G38/><T8/><D8/><U66/><E65/><V82/><REACH who="2" step="1"/><F57/><REACH who="2" ten="230,302,260,198" step="2"/><W88/><G56/><T52/><D52/><U21/><E21/><V14/><F14/><W71/><G71/><T27/><AGARI ba="2,1" hai="9,13,17,24,25,27,124,125" m="2511,46603" machi="27" ten="40,5200,0" yaku="13,1,34,2" doraHai="39" who="0" fromWho="0" sc="230,68,302,-28,260,-15,198,-15" /><INIT seed="2,0,0,1,2,27" ten="298,274,245,183" oya="2" hai0="47,30,56,118,86,61,58,26,32,33,46,123,134" hai1="110,5,25,29,69,64,106,131,79,128,132,71,28" hai2="84,111,112,114,16,76,60,48,59,23,91,126,53" hai3="113,121,109,17,127,105,35,44,9,104,41,117,24"/><V89/><F126/><W130/><G117/><T6/><D123/><U45/><E110/><V49/><F111/><W10/><G121/><T72/><D72/><U50/><E106/><V18/><F112/><W22/><G109/><T75/><D75/><U31/><E132/><V2/><F2/><W108/><G108/><T0/><D134/><U40/><E79/><V34/><F34/><W78/><G127/><T62/><D6/><U77/><E77/><V8/><F114/><W98/><G130/><N who="1" m="49706" /><E5/><V97/><F8/><W43/><G43/><T95/><D0/><U42/><E42/><V125/><F125/><W63/><G78/><T51/><D33/><U65/><E25/><N who="2" m="14567" /><F18/><W85/><G113/><T70/><D70/><AGARI ba="0,0" hai="28,29,31,40,45,50,64,65,69,70,71" m="49706" machi="70" ten="40,8000,1" yaku="19,1,52,3" doraHai="27" who="1" fromWho="0" sc="298,-80,274,80,245,0,183,0" /><INIT seed="3,0,0,5,0,69" ten="218,354,245,183" oya="3" hai0="131,98,128,25,26,43,95,32,42,2,110,11,16" hai1="17,44,37,18,71,75,123,60,89,9,134,116,19" hai2="21,15,4,73,55,74,81,0,135,115,7,127,28" hai3="132,54,124,30,107,23,82,77,49,29,6,38,46"/><W106/><G132/><T47/><D110/><U119/><E134/><V125/><F115/><W39/><G124/><N who="2" m="47689" /><F135/><W53/><G6/><N who="2" m="2089" /><F0/><W101/><G101/><N who="0" m="60639" /><D2/><U8/><E123/><V72/><F55/><W104/><G54/><T129/><D32/><U118/><E75/><V88/><F88/><W45/><G45/><T12/><D43/><N who="1" m="22639" /><E89/><V105/><F105/><W14/><G30/><T112/><D112/><U113/><E113/><V3/><F3/><W56/><G46/><T31/><D31/><U79/><E79/><N who="2" m="44263" /><F15/><W1/><G1/><T93/><D93/><U90/><E90/><V120/><F120/><W34/><G34/><T10/><D10/><U68/><E68/><V92/><F92/><W94/><G94/><T64/><D64/><AGARI ba="0,0" hai="8,9,17,18,19,60,64,71,116,118,119" m="22639" machi="64" ten="40,2600,0" yaku="12,1,52,1" doraHai="69" who="1" fromWho="0" sc="218,-26,354,26,245,0,183,0" owari="192,-20.8,380,48.0,245,4.5,183,-31.7" /></mjloggm>