<mjloggm ver="2.3"><GO type="225" lobby="0"/><UN n0="%E3%81%A4%E3%81%A3%E3%81%B1%E3%82%8A%E3%83%9D%E3%83%BC%E3%83%AB" n1="%E6%9D%B1%E9%A2%A8%E3%81%AE%E3%81%8D%E3%82%83%E3%81%B7%E3%81%95%E3%82%93" n2="%E6%A1%9C%E8%8A%B1%E9%96%83%E3%80%85" n3="%E5%A4%9C%E3%81%AE%E3%82%AC%E3%82%B9%E3%83%91%E3%83%BC%E3%83%AB" dan="17,17,16,17" rate="2183.38,2182.29,2178.36,2190.84" sx="M,M,M,M"/><TAIKYOKU oya="0"/><INIT seed="0,0,0,5,3,113" ten="250,250,250,250" oya="0" hai0="27,24,78,65,14,94,104,20,118,60,62,126,15" hai1="25,114,87,108,36,75,79,122,76,107,39,5,98" hai2="61,22,131,134,70,73,51,42,8,35,21,4,13" hai3="81,48,99,46,116,80,106,41,71,7,30,49,34"/><T115/><D104/><U84/><E25/><V18/><F73/><W50/><G71/><T96/><D115/><U86/><E5/><V12/><F70/><W132/><G132/><T119/><D126/><U38/><E114/><V57/><F134/><W103/><G7/><T37/><D37/><U92/><E122/><V10/><F131/><W125/><G125/><T1/><D1/><U45/><E108/><V102/><F102/><W97/><G116/><T100/><D78/><U123/><E123/><V0/><F35/><W17/><G30/><N who="0" m="17671" /><D62/><U16/><E107/><V66/><REACH who="2" step="1"/><F0/><REACH who="2" ten="250,250,240,250" step="2"/><W93/><G34/><T43/><D119/><U3/><E3/><V128/><F128/><W28/><G28/><T91/><D118/><U63/><E75/><V85/><F85/><W101/><REACH who="3" step="1"/><G17/><REACH who="3" ten="250,250,240,240" step="2"/><T53/><D100/><U74/><E16/><V2/><F2/><W117/><G117/><T105/><D105/><U56/><E76/><V67/><F67/><W26/><G26/><T54/><D27/><U109/><E79/><V120/><F120/><W47/><G47/><AGARI ba="0,2" hai="4,8,10,12,13,18,21,22,42,47,51,57,61,66" machi="47" ten="40,8000,1" yaku="1,1,8,1,53,2" doraHai="113" doraHaiUra="19" who="2" fromWho="3" sc="250,0,250,0,240,100,240,-80" /><INIT seed="1,0,0,3,3,38" ten="250,250,340,160" oya="1" hai0="99,77,94,79,113,8,40,47,23,24,56,46,53" hai1="48,9,109,61,52,72,90,96,78,10,88,124,42" hai2="95,33,76,64,45,128,21,134,18,14,115,121,36" hai3="43,51,2,122,5,35,129,86,54,20,25,111,57"/><U130/><E124/><V119/><F119/><W65/><G122/><T22/><D113/><U117/><E117/><V55/><F121/><W68/><G35/><T6/><D46/><N who="1" m="25687" /><E130/><V103/><F128/><W7/><G129/><T123/><D123/><U110/><E72/><V66/><F115/><W85/><G111/><N who="1" m="42506" /><E78/><V1/><F1/><W80/><G2/><T114/><D77/><U62/><E62/><V84/><F33/><W74/><G74/><T70/><D79/><U82/><E96/><N who="2" m="59807" /><F134/><W16/><G68/><T73/><D70/><U30/><E30/><V67/><F67/><W4/><G65/><T112/><D73/><U104/><E104/><V75/><F75/><W58/><G58/><T60/><D114/><U127/><E127/><V89/><F76/><W135/><G135/><T31/><D112/><U120/><E120/><V13/><F66/><W87/><REACH who="3" step="1"/><G43/><REACH who="3" ten="250,250,340,150" step="2"/><T93/><D40/><U102/><E102/><V101/><F64/><W118/><G118/><T44/><D56/><N who="1" m="34951" /><E90/><AGARI ba="0,1" hai="4,5,7,16,20,25,51,54,57,80,85,86,87,90" machi="90" ten="40,5200,0" yaku="1,1,8,1,54,1,53,0" doraHai="38" doraHaiUra="34" who="3" fromWho="1" sc="250,0,250,-52,340,0,150,62" /><INIT seed="2,0,0,5,1,88" ten="250,198,340,212" oya="2" hai0="131,45,7,38,58,119,102,76,62,14,39,47,12" hai1="21,106,13,2,101,0,25,68,44,114,85,17,32" hai2="18,41,57,90,135,99,80,35,103,117,36,93,37" hai3="24,15,50,26,134,4,100,40,71,20,31,8,87"/><V121/><F117/><W49/><G71/><T48/><D119/><U110/><E68/><V70/><F121/><W11/><G134/><T69/><D131/><U132/><E132/><V82/><F70/><W122/><G122/><T29/><D29/><U105/><E114/><V127/><F135/><W115/><G115/><T86/><D102/><U30/><E110/><V55/><F35/><W111/><G111/><T10/><D69/><U126/><E126/><V133/><F133/><W43/><G100/><T5/><D47/><U22/><E44/><V66/><F66/><W95/><G26/><T107/><D107/><U96/><E106/><V118/><F127/><W61/><G61/><T124/><D124/><U42/><E42/><N who="3" m="15914" /><G11/><N who="0" m="4207" /><D39/><U120/><E120/><V34/><F34/><W73/><G73/><T113/><D38/><U81/><REACH who="1" step="1"/><E32/><REACH who="1" ten="250,188,340,212" step="2"/><V19/><F118/><W67/><G67/><N who="0" m="39383" /><D45/><U125/><E125/><V65/><F65/><W98/><G98/><T72/><D113/><U108/><E108/><V51/><F37/><W128/><G128/><T63/><D72/><U9/><E9/><V23/><F36/><W64/><G64/><T60/><D48/><U130/><E130/><V75/><F41/><W54/><G54/><T6/><D63/><U33/><E33/><V91/><F75/><W84/><G84/><T97/><D60/><U129/><E129/><V1/><F55/><W3/><G3/><T77/><D86/><U53/><E53/><N who="2" m="31935" /><F1/><W74/><G74/><T27/><D10/><U28/><E28/><V123/><F123/><W52/><G52/><T78/><D97/><RYUUKYOKU ba="0,1" sc="250,-15,188,15,340,-15,212,15" hai1="0,2,13,17,21,22,25,30,81,85,96,101,105" hai3="4,8,15,20,24,31,49,50,87,95" /><INIT seed="3,1,1,1,5,26" ten="235,203,325,227" oya="3" hai0="59,100,68,45,82,28,127,133,21,13,130,91,85" hai1="131,40,109,80,60,81,102,79,57,99,43,24,78" hai2="58,47,8,41,22,90,113,111,36,95,23,122,56" hai3="117,87,48,4,50,20,67,32,0,33,65,93,46"/><W63/><G117/><T15/><D68/><U35/><E109/><V103/><F113/><W37/><G37/><T29/><D133/><U101/><E131/><V72/><F72/><W128/><G128/><T92/><D130/><U121/><E121/><V53/><F111/><W134/><G134/><T125/><D45/><U11/><E11/><V7/><F103/><N who="1" m="39433" /><E35/><V39/><F58/><W88/><G0/><T77/><D59/><U104/><E104/><V64/><F64/><W66/><G4/><T34/><D34/><U97/><E24/><V61/><F122/><W94/><G33/><T30/><D100/><U96/><E57/><V108/><F39/><W107/><G32/><T25/><D13/><U89/><E60/><V73/><F73/><W5/><G107/><T27/><D15/><U135/><E135/><V132/><F108/><W116/><G116/><T6/><D6/><U1/><E1/><V54/><F132/><W105/><G105/><T106/><D106/><U112/><E112/><V83/><F23/><W71/><G5/><T31/><REACH who="0" step="1"/><D27/><REACH who="0" ten="225,203,325,227" step="2"/><U74/><E89/><V98/><F56/><W84/><G71/><T114/><D114/><U118/><E118/><V75/><F7/><W70/><G70/><T119/><D119/><U3/><E3/><V10/><F90/><N who="3" m="53447" /><G63/><T12/><D12/><U120/><E120/><V19/><F61/><W17/><G46/><T76/><D76/><N who="1" m="29227" /><E74/><AGARI ba="1,2" hai="21,25,28,29,30,31,74,77,82,85,91,92,125,127" machi="74" ten="40,8000,1" yaku="1,1,52,4,53,0" doraHai="26" doraHaiUra="124" who="0" fromWho="1" sc="225,103,203,-83,325,0,227,0" owari="328,42.8,120,-38.0,325,12.5,227,-17.3" /></mjloggm>