<mjloggm ver="2.3"><GO type="225" lobby="0"/><UN n0="%E3%81%95%E3%82%88%E3%81%AA%E3%82%89%E3%83%9A%E3%81%BA%E3%83%9A" n1="%E3%81%BF%E3%81%BF%E3%81%9A" n2="%63%68%78%62%64" n3="%E5%AD%90%E4%BE%9B%E4%BC%9A%E5%93%A1" dan="16,18,16,17" rate="2130.38,2259.26,2121.17,2118.54" sx="F,M,M,M"/><TAIKYOKU oya="0"/><INIT seed="0,0,0,0,4,115" ten="250,250,250,250" oya="0" hai0="124,63,87,69,48,117,73,101,37,12,131,110,130" hai1="13,16,38,128,33,45,91,100,1,24,90,41,66" hai2="83,9,105,67,8,126,133,60,39,94,58,79,108" hai3="77,103,65,46,72,35,29,59,96,74,95,49,127"/><T71/><D37/><U55/><E1/><V109/><F105/><W34/><G127/><T129/><D73/><U86/><E128/><V123/><F126/><W22/><G74/><T25/><D124/><U15/><E100/><V64/><F133/><W61/><G77/><T52/><D117/><U32/><E66/><V76/><F39/><W44/><G72/><T102/><D110/><N who="2" m="42602" /><F67/><W134/><G134/><T36/><D36/><U132/><E132/><V28/><F123/><W89/><G89/><T75/><D75/><U93/><E13/><V42/><F42/><N who="3" m="24727" /><G46/><T43/><D43/><U10/><E55/><V119/><F28/><W113/><G113/><T18/><D25/><AGARI ba="0,0" hai="22,25,29,34,35,59,61,65,95,96,103" m="24727" machi="25" ten="30,1000,0" yaku="25,1" doraHai="115" who="3" fromWho="0" sc="250,-10,250,0,250,0,250,10" /><INIT seed="1,0,0,3,0,135" ten="240,250,250,260" oya="1" hai0="22,115,30,109,124,88,11,99,94,37,24,81,56" hai1="17,34,70,78,108,0,55,85,74,49,116,13,35" hai2="90,72,129,51,101,44,118,63,14,83,131,45,4" hai3="26,43,53,103,134,127,66,52,41,29,15,40,97"/><U7/><E116/><V125/><F118/><W61/><G15/><T65/><D109/><U104/><E70/><V111/><F111/><W58/><G127/><T38/><D115/><U23/><E74/><V32/><F32/><W18/><G18/><T54/><D65/><U105/><E108/><V89/><F125/><W42/><N who="3" m="10240" /><DORA hai="98" /><W9/><G9/><T71/><D71/><U120/><E120/><V92/><F63/><W106/><REACH who="3" step="1"/><G134/><REACH who="3" ten="240,250,250,250" step="2"/><T59/><D124/><U113/><E113/><V132/><F132/><W1/><G1/><T80/><D11/><U27/><E0/><V112/><F112/><W31/><G31/><T110/><D110/><U46/><E7/><V79/><F14/><W28/><G28/><T76/><D80/><U12/><E13/><V93/><F4/><W3/><G3/><T91/><D91/><U95/><E12/><V10/><F10/><W102/><G102/><T33/><D33/><AGARI ba="0,1" hai="26,29,33,52,53,58,61,66,97,103,106" m="10240" machi="33" ten="50,6400,0" yaku="1,1,52,1,54,1,53,0" doraHai="135,98" doraHaiUra="69,75" who="3" fromWho="0" sc="240,-64,250,0,250,0,250,74" /><INIT seed="2,0,0,3,2,52" ten="176,250,250,324" oya="2" hai0="3,127,19,123,69,63,78,116,96,17,106,24,73" hai1="16,126,33,113,22,4,93,13,36,10,108,82,135" hai2="21,47,87,90,7,134,32,131,121,109,128,1,2" hai3="88,62,39,15,94,98,115,91,65,124,107,66,95"/><V117/><F121/><W26/><G39/><T0/><D123/><U67/><E36/><V53/><F117/><W12/><G124/><T64/><D116/><U34/><E113/><V30/><F32/><W72/><G72/><T130/><D127/><U38/><E38/><V110/><F134/><W77/><G77/><T58/><D130/><N who="2" m="49706" /><F21/><W100/><G115/><T76/><D69/><U8/><E126/><V74/><F74/><W125/><G125/><T133/><D133/><U55/><E135/><V118/><F30/><W114/><G114/><T31/><D3/><N who="2" m="1034" /><F7/><W99/><G26/><T75/><D0/><U104/><E34/><V86/><F118/><W119/><G119/><T81/><D96/><U51/><E33/><V61/><F47/><W132/><G132/><T56/><D106/><U92/><E104/><V97/><F97/><W46/><G46/><T101/><D101/><U20/><E8/><V23/><F23/><W28/><G28/><T48/><D31/><U103/><E20/><V45/><F45/><W102/><G107/><T35/><D35/><U89/><E103/><V49/><F49/><W60/><AGARI ba="0,0" hai="12,15,60,62,65,66,88,91,94,95,98,99,100,102" machi="60" ten="25,8000,1" yaku="0,1,22,2,8,1,54,1" doraHai="52" who="3" fromWho="3" sc="176,-20,250,-20,250,-40,324,80" /><INIT seed="3,0,0,5,2,84" ten="156,230,210,404" oya="3" hai0="97,89,65,13,98,5,49,106,15,73,122,96,57" hai1="10,39,28,11,35,127,25,90,4,52,117,30,93" hai2="26,112,87,103,9,37,126,63,7,42,104,88,44" hai3="72,115,58,124,130,29,20,55,83,16,53,102,2"/><W3/><G29/><T32/><D106/><U119/><E39/><V113/><F126/><W67/><G67/><T86/><D32/><U47/><E127/><V80/><F26/><W109/><G55/><T125/><D73/><U38/><E30/><V60/><F103/><W94/><G94/><T61/><D122/><U118/><E4/><V12/><REACH who="2" step="1"/><F104/><REACH who="2" ten="156,230,200,404" step="2"/><W66/><G102/><T99/><N who="0" m="24576" /><DORA hai="46" /><T111/><D111/><U100/><E100/><V74/><F74/><W92/><G72/><T135/><D135/><U18/><E25/><V78/><F78/><W8/><G109/><T59/><D125/><U24/><E24/><V68/><F68/><W71/><G71/><T31/><D31/><U105/><E28/><V110/><F110/><W27/><G27/><T120/><D120/><U70/><E70/><V62/><AGARI ba="0,1" hai="7,9,12,37,42,44,60,62,63,80,87,88,112,113" machi="62" ten="30,8000,1" yaku="1,1,0,1,52,1,54,1,53,1" doraHai="84,46" doraHaiUra="81,91" who="2" fromWho="2" sc="156,-20,230,-20,200,90,404,-40" owari="136,-36.4,210,-19.0,290,9.0,364,46.4" /></mjloggm>