<mjloggm ver="2.3"><GO type="225" lobby="0"/><UN n0="%77%72%77%72%77%72%77%72" n1="%E3%81%A1%E3%82%85%E3%81%86%E3%81%A9%E3%81%8F%E8%B1%A1%E3%81%95%E3%82%93" n2="%E3%81%B7%E3%82%8A%E3%82%93%E8%81%96%E4%BA%BA" n3="%E3%81%AF%E3%82%88%E3%81%8A%E3%81%98%E3%81%95%E3%82%93" dan="16,16,16,16" rate="2106.70,2113.48,2098.77,2152.53" sx="M,M,M,M"/><TAIKYOKU oya="0"/><INIT seed="0,0,0,4,2,25" ten="250,250,250,250" oya="0" hai0="56,19,54,127,85,49,130,120,67,94,26,39,3" hai1="5,11,22,109,20,21,8,17,9,101,111,78,132" hai2="24,6,123,104,16,15,121,64,115,47,38,80,113" hai3="32,52,57,61,81,83,62,97,42,112,27,35,34"/><T46/><D120/><U70/><E70/><V99/><F64/><W100/><G112/><T1/><D130/><U72/><E101/><V95/><F104/><W68/><G42/><T92/><D127/><U65/><E65/><V126/><F126/><W28/><G62/><T13/><D26/><U73/><E132/><V135/><F135/><W76/><G68/><T74/><D74/><N who="1" m="28779" /><E78/><V37/><F6/><W7/><G7/><T71/><D71/><U0/><E17/><V31/><F80/><W117/><G117/><T18/><D18/><U106/><E106/><V29/><F24/><W53/><G53/><T36/><D36/><U131/><E131/><V110/><F110/><AGARI ba="0,0" hai="0,5,8,9,11,20,21,22,109,110,111" m="28779" machi="110" ten="40,1300,0" yaku="14,1" doraHai="25" who="1" fromWho="2" sc="250,0,250,13,250,-13,250,0" /><INIT seed="1,0,0,5,0,125" ten="250,263,237,250" oya="1" hai0="30,28,77,110,75,93,41,34,3,56,133,12,109" hai1="84,38,2,54,61,52,134,74,71,10,17,131,7" hai2="35,16,122,76,31,79,121,89,92,106,82,60,8" hai3="100,21,103,29,105,83,14,22,45,9,18,48,128"/><U107/><E74/><V59/><F106/><W13/><G105/><T87/><D3/><U50/><E107/><V130/><F35/><W69/><G69/><T101/><D34/><U112/><E112/><V58/><F31/><W94/><G128/><T114/><D114/><U91/><E38/><V15/><F121/><W127/><G127/><T108/><D133/><U78/><E78/><V44/><F122/><W86/><G29/><T55/><D41/><U25/><E134/><V68/><F68/><W6/><G21/><T99/><D75/><U120/><E120/><V80/><F44/><W26/><G94/><T63/><REACH who="0" step="1"/><D12/><REACH who="0" ten="240,263,237,250" step="2"/><U95/><E2/><V37/><F130/><W0/><G14/><T88/><D88/><U118/><E131/><V39/><F39/><W66/><G0/><T23/><D23/><U65/><E118/><V116/><F37/><W62/><G13/><T102/><D102/><U135/><E135/><V123/><F116/><W98/><G103/><T111/><N who="0" m="27648" /><DORA hai="85" /><T33/><D33/><U129/><E129/><V47/><F123/><W90/><G100/><T36/><D36/><U42/><E42/><V32/><F32/><W104/><G90/><T43/><D43/><U70/><E91/><V73/><F89/><W40/><G22/><T64/><D64/><U5/><E65/><V24/><F73/><W53/><G66/><T57/><D57/><U1/><E1/><V81/><F58/><W27/><G40/><T113/><D113/><U97/><E70/><V115/><F115/><W20/><G20/><T132/><D132/><U51/><E71/><RYUUKYOKU ba="0,1" sc="240,30,263,-10,237,-10,250,-10" hai0="28,30,55,56,63,77,87,93,99,101" /><INIT seed="2,1,1,4,2,51" ten="270,253,227,240" oya="2" hai0="116,62,33,57,72,21,69,92,81,52,97,111,84" hai1="73,32,1,74,60,46,103,14,99,30,108,124,36" hai2="4,55,64,86,80,109,70,17,26,28,35,15,47" hai3="53,20,37,119,105,129,96,45,120,65,71,67,44"/><V11/><F109/><W98/><G120/><T85/><D33/><U24/><E1/><V130/><F130/><W104/><G119/><T79/><D111/><U131/><E108/><V54/><F47/><W0/><G0/><T56/><D69/><U101/><E101/><V114/><F114/><W31/><G129/><T87/><D116/><U89/><E89/><V68/><F68/><W110/><G110/><T23/><REACH who="0" step="1"/><D57/><REACH who="0" ten="260,253,227,240" step="2"/><U58/><E58/><V102/><F102/><AGARI ba="1,2" hai="21,23,52,56,62,72,79,81,84,85,87,92,97,102" machi="102" ten="40,8000,1" yaku="1,1,2,1,52,1,54,1,53,0" doraHai="51" doraHaiUra="40" who="0" fromWho="2" sc="260,103,253,0,227,-83,240,0" /><INIT seed="3,0,0,5,4,36" ten="363,253,144,240" oya="3" hai0="25,129,71,12,0,24,127,103,61,27,64,11,73" hai1="79,18,39,22,93,43,72,113,47,14,48,128,29" hai2="114,30,38,105,7,88,99,98,3,104,117,16,70" hai3="1,92,101,94,26,134,90,132,51,28,95,78,34"/><W31/><G1/><T2/><D73/><U45/><E113/><V66/><F38/><W53/><G78/><T126/><D103/><U121/><E121/><V123/><F30/><W120/><G120/><T130/><D2/><U108/><E108/><V10/><F123/><W74/><G74/><T135/><D0/><U23/><E128/><N who="0" m="49257" /><D135/><N who="3" m="51753" /><G31/><T82/><D82/><U8/><E29/><V102/><F117/><W122/><G122/><T5/><AGARI ba="0,0" hai="5,11,12,24,25,27,61,64,71,126,127" m="49257" machi="5" ten="40,1500,0" yaku="19,1" doraHai="36" who="0" fromWho="0" sc="363,15,253,-4,144,-4,240,-7" owari="378,47.8,249,4.9,140,-36.0,233,-16.7" /></mjloggm>