<mjloggm ver="2.3"><GO type="225" lobby="0"/><UN n0="%E6%B5%81%E3%82%8C%EF%BC%9F%53%4F%41" n1="%E9%B3%B3%E6%9D%B1%E3%81%AE%E3%81%86%E3%81%95%E3%81%8E%E3%81%95%E3%82%93" n2="%E3%82%BC%E3%83%AB%E3%83%80%E3%81%AE%E4%BC%9D%E8%AA%AC" n3="%E3%83%AD%E3%83%83%E3%83%86%E9%9B%80%E7%90%83" dan="16,17,16,17" rate="2123.59,2262.15,2140.97,2263.99" sx="M,M,M,M"/><TAIKYOKU oya="0"/><INIT seed="0,0,0,1,5,39" ten="250,250,250,250" oya="0" hai0="38,98,101,75,33,7,34,8,65,135,83,21,54" hai1="104,89,110,115,66,17,125,49,52,127,80,95,124" hai2="130,109,22,15,13,51,91,129,64,118,103,100,3" hai3="111,16,55,72,58,76,57,63,2,68,120,69,59"/><T131/><D131/><N who="2" m="50186" /><F3/><W31/><G2/><T46/><D135/><U44/><E110/><V106/><F109/><W23/><G111/><T25/><D65/><U88/><E104/><V37/><F37/><W18/><G120/><T53/><D75/><U70/><E115/><V123/><F123/><W85/><G72/><T92/><D83/><U67/><E70/><V94/><F64/><N who="1" m="24617" /><E80/><V126/><F106/><W10/><G69/><T9/><D9/><U26/><E95/><V1/><F1/><W12/><G31/><T43/><D34/><U60/><E60/><V71/><F71/><W122/><G122/><T50/><D33/><U132/><E132/><V99/><F126/><W47/><G68/><T24/><D24/><U93/><E93/><V117/><F51/><W42/><G85/><T119/><D119/><N who="2" m="45578" /><F22/><AGARI ba="0,0" hai="17,22,26,44,49,52,88,89,124,125,127" m="24617" machi="22" ten="40,5200,0" yaku="18,1,54,2" doraHai="39" who="1" fromWho="2" sc="250,0,250,52,250,-52,250,0" /><INIT seed="1,0,0,0,5,83" ten="250,302,198,250" oya="1" hai0="103,64,123,86,74,102,33,106,24,105,71,99,119" hai1="91,120,1,79,32,4,36,63,21,114,75,37,20" hai2="62,104,77,94,39,113,25,0,128,48,72,69,131" hai3="112,133,118,8,96,111,28,56,78,57,122,88,23"/><U6/><E114/><V46/><F104/><W58/><G122/><T19/><D119/><U31/><E120/><V35/><F0/><W98/><G112/><T109/><D109/><U61/><E32/><V13/><F113/><W89/><G111/><T45/><D74/><U42/><E91/><N who="3" m="34890" /><G133/><T130/><D130/><N who="2" m="49706" /><F94/><W3/><G3/><T70/><D45/><U107/><E107/><V47/><F39/><W18/><G78/><T81/><D64/><U22/><E31/><N who="2" m="19951" /><F13/><N who="3" m="7463" /><G118/><T82/><D123/><U50/><E37/><V53/><F77/><W54/><G54/><T10/><D81/><U27/><E36/><V125/><F72/><W116/><G116/><T66/><D66/><U135/><E79/><V129/><N who="2" m="49714" /><V15/><DORA hai="43" /><F125/><W9/><G9/><T97/><D33/><U117/><E1/><V12/><F47/><W52/><G52/><T38/><D38/><U26/><E75/><V115/><F115/><W68/><G68/><T85/><D82/><U134/><E117/><V76/><F76/><W93/><G93/><T51/><D71/><U92/><E92/><V90/><F90/><W67/><G67/><AGARI ba="0,0" hai="12,15,46,48,53,62,67,69" m="19951,49714" machi="67" ten="40,2600,0" yaku="19,1,52,1" doraHai="83,43" who="2" fromWho="3" sc="250,0,302,0,198,26,250,-26" /><INIT seed="2,0,0,4,5,56" ten="250,302,224,224" oya="2" hai0="38,65,55,11,4,91,85,60,26,78,87,119,88" hai1="69,9,19,70,57,89,79,105,81,68,18,12,50" hai2="74,75,97,98,111,109,3,95,93,35,118,53,23" hai3="115,24,44,117,22,133,112,41,42,21,31,71,40"/><V16/><F35/><W84/><G117/><T116/><D38/><U130/><E105/><V45/><F3/><W51/><G133/><T110/><D110/><N who="2" m="41994" /><F118/><N who="0" m="45098" /><D55/><U126/><E89/><N who="0" m="34377" /><D26/><U15/><E130/><V131/><F131/><W82/><G71/><N who="0" m="42407" /><D78/><U63/><E50/><N who="2" m="28879" /><F98/><W125/><G125/><T101/><D101/><U37/><E37/><V49/><F49/><W92/><G115/><T61/><D61/><U43/><E126/><V17/><F97/><W122/><G112/><T7/><D7/><U134/><E134/><V48/><F48/><W80/><G51/><T28/><D28/><U39/><E39/><V106/><F17/><W90/><G44/><T10/><D10/><U73/><E43/><V96/><F106/><W2/><G122/><T127/><D127/><U13/><REACH who="1" step="1"/><E9/><REACH who="1" ten="250,292,224,224" step="2"/><V100/><F95/><W99/><G92/><T129/><D129/><U58/><E58/><V132/><F132/><W67/><G41/><T102/><D102/><U62/><E62/><V0/><F0/><AGARI ba="0,1" hai="0,4,11,85,87" m="42407,34377,45098" machi="0" ten="30,3900,0" yaku="12,1,52,1,54,1" doraHai="56" who="0" fromWho="2" sc="250,49,292,0,224,-39,224,0" /><INIT seed="3,0,0,2,3,77" ten="299,292,185,224" oya="3" hai0="28,53,26,40,71,24,104,42,11,56,4,69,49" hai1="7,112,30,39,33,89,84,27,1,37,93,123,99" hai2="120,109,110,80,29,73,95,2,98,19,116,114,132" hai3="97,115,60,105,38,51,124,78,44,128,126,8,22"/><W31/><G38/><T52/><D104/><U75/><E75/><V83/><F2/><W96/><G115/><T23/><D24/><U118/><E123/><V117/><F29/><W25/><G128/><T119/><D119/><N who="2" m="45642" /><F19/><W61/><G78/><T16/><D28/><U58/><E112/><V54/><F114/><W125/><G8/><T91/><D91/><U55/><E118/><V5/><F5/><W21/><G21/><T6/><D6/><U13/><E1/><V113/><F113/><W122/><G122/><T74/><D74/><U70/><E70/><V88/><F120/><W34/><G34/><T121/><D121/><U48/><E7/><V94/><F73/><W0/><G0/><T85/><D85/><U134/><E134/><V66/><F66/><W3/><G3/><T32/><D32/><U17/><E84/><N who="2" m="52487" /><F54/><N who="3" m="30055" /><G105/><T108/><D11/><AGARI ba="0,0" hai="11,13,17,27,30,33,37,39,48,55,58,89,93,99" machi="11" ten="30,1000,0" yaku="7,1" doraHai="77" who="1" fromWho="0" sc="299,-10,292,10,185,0,224,0" owari="289,8.9,302,40.2,185,-31.5,224,-17.6" /></mjloggm>