<mjloggm ver="2.3"><GO type="225" lobby="0"/><UN n0="%E3%82%B3%E3%83%90%E3%83%AC%E3%82%A4" n1="%4C%4F%4C%49%54%41" n2="%E5%AD%90%E4%BE%9B%E4%BC%9A%E5%93%A1" n3="%E8%90%BD%E6%97%A5" dan="16,16,17,16" rate="2144.71,2170.92,2096.03,2206.44" sx="M,F,M,F"/><TAIKYOKU oya="0"/><INIT seed="0,0,0,3,1,103" ten="250,250,250,250" oya="0" hai0="11,108,34,97,27,9,121,45,102,109,71,49,81" hai1="90,125,73,44,67,113,93,40,38,51,117,115,36" hai2="96,80,77,48,2,25,112,104,72,135,13,120,42" hai3="54,110,89,37,58,56,94,106,18,59,124,62,19"/><T74/><D71/><U116/><E73/><V29/><F120/><W78/><G110/><N who="0" m="42603" /><D121/><U127/><E93/><V66/><F2/><W57/><G124/><N who="1" m="47690" /><E67/><V60/><F112/><N who="1" m="43081" /><E90/><V63/><F135/><W82/><G37/><AGARI ba="0,0" hai="36,37,38,40,44,51,116,117" m="43081,47690" machi="37" ten="40,8000,1" yaku="18,1,11,1,34,2" doraHai="103" who="1" fromWho="3" sc="250,0,250,80,250,0,250,-80" /><INIT seed="1,0,0,3,2,38" ten="250,330,250,170" oya="1" hai0="104,94,37,14,53,33,70,84,112,82,81,34,123" hai1="115,73,85,130,12,2,48,40,89,71,27,36,118" hai2="93,46,24,55,100,69,125,101,15,80,26,25,90" hai3="35,0,103,16,96,102,6,23,91,75,114,133,122"/><U41/><E2/><V68/><F125/><W132/><G122/><T107/><D123/><U56/><E115/><V78/><F68/><W28/><G114/><T109/><D70/><U59/><E71/><V52/><F69/><W116/><G75/><T43/><D112/><U17/><E73/><V61/><F15/><N who="3" m="9631" /><G91/><T113/><D113/><U106/><E106/><V66/><F66/><W57/><G57/><N who="1" m="22090" /><E36/><V7/><F7/><W18/><G96/><T128/><D37/><U134/><E118/><V111/><F111/><W3/><G103/><N who="2" m="39497" /><F61/><W105/><G102/><T47/><D109/><U19/><E130/><V20/><F46/><W22/><G105/><T39/><D128/><U10/><E48/><V95/><F20/><W44/><G44/><T110/><D110/><U117/><E134/><N who="3" m="51818" /><G116/><T32/><D107/><U51/><E51/><V131/><F131/><W67/><G67/><T62/><D104/><U11/><E117/><V97/><F95/><W76/><G76/><T5/><D94/><N who="1" m="54575" /><E10/><V79/><F79/><W98/><G98/><T49/><D62/><U127/><E127/><V124/><F124/><W77/><G77/><T31/><D39/><U9/><E11/><V64/><F64/><W119/><G119/><T50/><D50/><U45/><E45/><V65/><F65/><W126/><G126/><T60/><D60/><U86/><E86/><AGARI ba="0,0" hai="24,25,26,52,55,78,80,86,90,93,97" m="39497" machi="86" ten="30,2000,0" yaku="8,1,54,1" doraHai="38" who="2" fromWho="1" sc="250,0,330,-20,250,20,170,0" /><INIT seed="2,0,0,1,3,94" ten="250,310,270,170" oya="2" hai0="106,68,1,77,129,37,52,10,110,89,121,132,59" hai1="23,98,65,24,99,84,75,113,100,57,82,69,13" hai2="11,71,30,4,134,34,62,18,109,19,128,92,20" hai3="14,105,101,97,28,96,63,131,87,2,3,118,29"/><V5/><F34/><W80/><G118/><T41/><D68/><U27/><E113/><V25/><F134/><W83/><G131/><T91/><D132/><U47/><E75/><V46/><F128/><W104/><G14/><T64/><D64/><U103/><E69/><V70/><F70/><W42/><G42/><T126/><D129/><U39/><E13/><N who="2" m="7487" /><F71/><W48/><G48/><T135/><D106/><U81/><E39/><V33/><F33/><W95/><G95/><T43/><D135/><U49/><E57/><V21/><F109/><W73/><G87/><T55/><D110/><U122/><E65/><V85/><F62/><W40/><G40/><T117/><D117/><U7/><E7/><N who="2" m="2635" /><F46/><W114/><G101/><N who="1" m="38986" /><E122/><V32/><F32/><W58/><G58/><T93/><D37/><U53/><E27/><N who="2" m="14751" /><F92/><W116/><G116/><T125/><D121/><U130/><E130/><V6/><N who="2" m="2643" /><V16/><DORA hai="61" /><F85/><W102/><G102/><T127/><D93/><U111/><E111/><V66/><F66/><W12/><G12/><T45/><D45/><U79/><E82/><V9/><F9/><W60/><REACH who="3" step="1"/><G73/><REACH who="3" ten="250,310,270,160" step="2"/><T86/><D86/><U120/><E120/><V67/><F67/><W74/><G74/><T90/><D10/><U107/><E107/><V50/><F50/><W15/><G15/><T56/><D59/><U124/><E84/><V123/><F123/><W112/><AGARI ba="0,1" hai="2,3,28,29,60,63,80,83,96,97,104,105,112,114" machi="112" ten="25,12000,2" yaku="1,1,0,1,22,2,52,2,53,0" doraHai="94,61" doraHaiUra="72,22" who="3" fromWho="3" sc="250,-30,310,-30,270,-60,160,130" /><INIT seed="3,0,0,2,1,76" ten="220,280,210,290" oya="3" hai0="108,64,58,129,26,29,17,24,107,56,92,109,40" hai1="77,73,80,27,89,118,111,16,2,112,131,101,39" hai2="9,22,130,37,0,100,126,15,41,49,18,114,127" hai3="54,132,134,53,60,59,38,1,96,19,48,83,30"/><W128/><G128/><T5/><D107/><U61/><E112/><V12/><F114/><W68/><G38/><T3/><D129/><U98/><E2/><V11/><F130/><W94/><G1/><T65/><D40/><U117/><E131/><V23/><F37/><W47/><G30/><T71/><D71/><U45/><E111/><N who="0" m="42569" /><D17/><U36/><E89/><V81/><F100/><W33/><G33/><N who="0" m="20647" /><D26/><U46/><E61/><V67/><F67/><N who="0" m="25674" /><D92/><N who="1" m="58567" /><E39/><V99/><F0/><W52/><G68/><T20/><D20/><N who="2" m="7722" /><F127/><W120/><G120/><T32/><D32/><U121/><E121/><V93/><F126/><W87/><G19/><T105/><D105/><U43/><E27/><V4/><F41/><W82/><G54/><T69/><D69/><U123/><E123/><V88/><F49/><W133/><G87/><T57/><D57/><U91/><E36/><V115/><F115/><W110/><G110/><T72/><D72/><U79/><E43/><V66/><F66/><W13/><G13/><T34/><D34/><U95/><E73/><V97/><F97/><W86/><G86/><T85/><D85/><U116/><E117/><V74/><F74/><W21/><G21/><T42/><D42/><U113/><E113/><V35/><F35/><W125/><G125/><T122/><D122/><U124/><E124/><V6/><F18/><W119/><G119/><T62/><D62/><U63/><E16/><V10/><F10/><AGARI ba="0,0" hai="3,5,10,56,58" m="25674,20647,42569" machi="10" ten="30,1000,0" yaku="14,1" doraHai="76" who="0" fromWho="2" sc="220,10,280,0,210,-10,290,0" /><INIT seed="4,0,0,2,1,99" ten="230,280,200,290" oya="0" hai0="27,28,62,83,124,44,55,40,78,113,66,87,53" hai1="123,115,23,82,6,116,46,91,104,36,65,126,54" hai2="17,120,74,95,2,64,37,127,129,77,25,72,7" hai3="130,107,73,52,96,61,50,31,48,71,89,119,43"/><T109/><D113/><U67/><E116/><V24/><F120/><W26/><G73/><T4/><D4/><U16/><E123/><V30/><F37/><W60/><G119/><T131/><D109/><U114/><E104/><V84/><F129/><W8/><G130/><T57/><D131/><U34/><E34/><V81/><F127/><W85/><G8/><T10/><D10/><U13/><E126/><V3/><F64/><W100/><G43/><T29/><D124/><U68/><E6/><V98/><F17/><W39/><G39/><T45/><D29/><U92/><E82/><V11/><F3/><W97/><G97/><T133/><D133/><U47/><E54/><V132/><F132/><W56/><G61/><T79/><D79/><U18/><E18/><V105/><F105/><W88/><G71/><T70/><D40/><N who="1" m="22791" /><E47/><V38/><F38/><W102/><G89/><T101/><D101/><U9/><E9/><V35/><REACH who="2" step="1"/><F25/><REACH who="2" ten="230,280,190,290" step="2"/><W41/><G26/><T125/><D125/><U110/><E110/><V20/><F20/><W111/><G111/><T21/><REACH who="0" step="1"/><D55/><REACH who="0" ten="220,280,190,290" step="2"/><U112/><E68/><V1/><F1/><W32/><G41/><T128/><D128/><U58/><E114/><V14/><F14/><W108/><G108/><T90/><D90/><AGARI ba="0,2" hai="2,7,11,24,30,35,72,74,77,81,84,90,95,98" machi="90" ten="30,2000,0" yaku="1,1,7,1,53,0" doraHai="99" doraHaiUra="19" who="2" fromWho="0" sc="220,-20,280,0,190,40,290,0" /><INIT seed="5,0,0,3,4,70" ten="200,280,230,290" oya="1" hai0="26,71,64,5,19,76,59,18,21,9,72,130,134" hai1="96,14,65,24,121,113,68,91,107,73,69,20,78" hai2="58,13,87,37,101,85,84,94,1,22,51,132,109" hai3="3,102,105,108,114,106,34,129,111,23,35,98,127"/><U118/><E118/><V28/><F109/><N who="3" m="42059" /><G23/><T4/><D134/><U83/><E121/><V42/><F1/><W57/><G57/><T126/><D130/><U10/><E65/><V82/><F132/><W40/><G129/><T60/><D126/><U100/><E113/><V16/><F28/><W56/><G56/><T11/><D71/><U80/><E91/><V17/><F37/><W86/><G86/><T95/><D95/><U124/><E83/><V120/><F120/><W6/><G114/><T99/><D99/><U8/><E124/><V44/><F58/><W119/><G127/><T103/><D103/><U104/><E104/><V88/><F17/><W41/><G41/><T115/><D115/><U61/><E61/><V125/><F125/><W117/><G40/><T50/><D50/><U53/><E53/><V29/><F29/><W66/><G66/><T52/><D64/><U25/><E8/><N who="0" m="3145" /><D76/><U77/><E77/><V46/><F46/><W43/><G43/><T81/><D81/><U39/><E39/><V112/><F112/><W116/><G106/><T67/><D72/><U110/><E25/><V48/><F48/><W47/><G47/><T62/><D67/><U7/><REACH who="1" step="1"/><E110/><REACH who="1" ten="200,270,230,290" step="2"/><V135/><F135/><W2/><G2/><T74/><D62/><U133/><E133/><V54/><F54/><W122/><G122/><T75/><D74/><U79/><E79/><V92/><F82/><W55/><G55/><T97/><D75/><U27/><E27/><V63/><F63/><W32/><G3/><T89/><D60/><U49/><E49/><V90/><F90/><RYUUKYOKU ba="0,1" sc="200,-30,270,10,230,10,290,10" hai1="7,10,14,20,24,68,69,73,78,80,96,100,107" hai2="13,16,22,42,44,51,84,85,87,88,92,94,101" hai3="6,32,34,35,98,102,105,116,117,119" /><INIT seed="5,1,1,3,1,55" ten="170,280,240,300" oya="1" hai0="109,103,47,128,74,75,38,72,97,3,22,30,37" hai1="78,129,118,121,52,89,80,120,21,17,16,69,100" hai2="44,58,101,117,77,112,45,114,81,98,115,19,122" hai3="66,27,26,14,2,124,125,56,32,87,20,1,48"/><U10/><E118/><V57/><F122/><W50/><G14/><T12/><D3/><N who="3" m="1033" /><G32/><T25/><D109/><U53/><E69/><V127/><F127/><N who="3" m="48715" /><G87/><T18/><D128/><U102/><E129/><V88/><F88/><W135/><G135/><T71/><D71/><U108/><E108/><V123/><F123/><W94/><G94/><T28/><D47/><N who="2" m="17994" /><F19/><N who="3" m="12575" /><G27/><T95/><REACH who="0" step="1"/><D28/><REACH who="0" ten="160,280,240,300" step="2"/><U43/><E120/><V83/><F117/><W107/><G107/><T24/><D24/><U40/><E121/><V84/><F83/><W85/><G85/><T49/><D49/><U65/><E80/><V23/><F23/><AGARI ba="1,2" hai="12,18,22,23,25,30,37,38,72,74,75,95,97,103" machi="23" ten="40,8000,1" yaku="1,1,53,3" doraHai="55" doraHaiUra="105" who="0" fromWho="2" sc="160,103,280,0,240,-83,300,0" owari="263,-13.7,280,8.0,157,-34.3,300,40.0" /></mjloggm>