<mjloggm ver="2.3"><GO type="225" lobby="0"/><UN n0="%E3%82%B7%E3%83%B3%E5%A4%AA%E6%9C%97" n1="%E7%AD%89%E3%80%85%E5%8A%9B%E5%8A%87%E5%A0%B4" n2="%E5%B0%8F%E9%B3%A5%E9%81%8A%E7%B7%B4%E7%84%A1%32%31%E6%AD%B3" n3="%E5%AF%82%E5%AF%9E%E3%82%AE%E3%83%8D%E3%82%B9%E3%83%93%E3%83%BC%E3%83%AB" dan="16,16,16,16" rate="2130.78,2128.31,2147.26,2148.28" sx="M,M,F,M"/><TAIKYOKU oya="0"/><INIT seed="0,0,0,0,0,92" ten="250,250,250,250" oya="0" hai0="26,38,76,128,100,36,21,66,78,39,79,101,45" hai1="77,133,131,6,97,11,3,40,82,8,62,32,46" hai2="2,61,64,33,24,29,17,127,9,124,135,4,59" hai3="53,27,55,43,68,42,83,115,31,19,28,5,117"/><T114/><D114/><U80/><E32/><V89/><F135/><W102/><G68/><T35/><D35/><U48/><E131/><V86/><REACH who="2" step="1"/><F17/><REACH who="2" ten="250,250,240,250" step="2"/><W109/><G19/><T121/><D128/><U106/><E133/><V60/><F60/><W81/><G115/><T44/><D121/><U105/><E62/><V74/><F74/><W13/><G31/><T107/><D66/><U93/><E11/><V34/><F34/><W98/><G28/><T15/><D15/><U125/><E125/><V85/><F85/><W1/><G13/><T37/><D37/><U12/><E3/><V119/><F119/><W7/><G1/><T87/><D87/><U132/><E132/><V126/><F126/><W72/><G72/><T108/><D108/><U122/><E122/><V75/><F75/><W110/><G117/><T51/><D107/><U70/><E106/><V118/><F118/><W63/><G63/><T103/><REACH who="0" step="1"/><D51/><REACH who="0" ten="240,250,240,250" step="2"/><U67/><E105/><V94/><AGARI ba="0,2" hai="2,4,9,24,29,33,59,61,64,86,89,94,124,127" machi="94" ten="30,2000,0" yaku="1,1,0,1,53,0" doraHai="92" doraHaiUra="99" who="2" fromWho="2" sc="240,-10,250,-5,240,40,250,-5" /><INIT seed="1,0,0,0,0,86" ten="230,245,280,245" oya="1" hai0="108,36,1,6,56,105,18,93,54,104,66,74,19" hai1="107,129,128,44,73,43,25,114,16,94,97,14,67" hai2="135,130,26,0,81,15,47,70,84,64,40,111,57" hai3="121,87,30,21,37,46,29,133,24,102,89,49,116"/><U31/><E114/><V71/><F130/><W88/><G121/><T3/><D74/><U68/><E73/><V4/><F0/><W52/><G133/><T10/><D36/><U132/><E107/><V9/><F26/><W78/><G116/><T27/><D108/><U12/><E132/><V126/><F111/><W53/><G37/><T62/><D1/><U38/><E14/><V13/><F13/><W120/><G102/><T7/><D7/><U72/><E72/><V5/><F5/><W101/><G101/><T98/><D66/><U50/><E38/><V35/><F35/><W51/><G30/><T119/><D119/><U123/><E123/><V106/><F106/><W41/><G120/><T63/><D63/><U90/><E67/><V85/><F85/><W125/><G125/><T127/><D127/><U122/><E68/><V55/><F64/><W91/><G49/><T2/><D2/><U113/><E113/><V83/><F135/><W131/><G131/><T99/><D99/><U118/><E118/><V95/><F71/><W33/><G33/><T20/><REACH who="0" step="1"/><D18/><REACH who="0" ten="220,245,280,245" step="2"/><U134/><E134/><V115/><F126/><W22/><G22/><T77/><D77/><U60/><E122/><V124/><F124/><W48/><G48/><T39/><D39/><U59/><E129/><V117/><F117/><W8/><G8/><T112/><D112/><U11/><E128/><V23/><F115/><W100/><G100/><AGARI ba="0,1" hai="3,6,10,19,20,27,54,56,62,93,98,100,104,105" machi="100" ten="30,2000,0" yaku="1,1,7,1,53,0" doraHai="86" doraHaiUra="109" who="0" fromWho="3" sc="220,30,245,0,280,0,245,-20" /><INIT seed="2,0,0,3,5,37" ten="250,245,280,225" oya="2" hai0="40,62,14,116,44,52,66,81,78,6,77,45,84" hai1="72,129,120,25,11,127,71,89,130,38,119,47,15" hai2="131,134,57,126,54,104,97,124,82,92,58,1,128" hai3="2,125,132,12,50,80,108,29,10,23,122,30,107"/><V9/><F104/><W43/><G122/><T33/><D33/><U70/><E119/><V76/><F9/><W0/><G107/><T17/><D116/><U103/><E72/><V79/><F1/><W67/><G67/><T98/><D6/><U88/><E103/><V18/><F18/><W86/><G108/><T133/><D133/><U110/><E25/><V93/><F54/><W55/><G132/><T96/><D77/><N who="2" m="29770" /><F82/><W75/><G75/><T53/><D96/><U16/><E110/><V31/><F31/><W118/><G118/><T28/><D98/><U21/><E11/><V117/><F117/><W106/><G106/><T60/><D28/><U51/><E38/><V64/><F64/><W112/><G30/><T35/><D35/><U73/><E73/><V94/><F97/><W48/><G29/><T24/><D24/><U135/><E135/><V111/><F134/><W8/><G55/><T3/><D3/><U85/><E127/><N who="2" m="48683" /><F111/><W87/><G125/><T39/><D45/><U27/><E27/><V34/><F34/><W121/><G0/><T36/><D36/><U91/><E85/><V95/><N who="2" m="23552" /><DORA hai="22" /><V26/><F26/><W100/><G2/><T32/><D32/><U7/><E7/><V61/><F61/><W102/><G87/><T68/><D62/><U113/><E120/><V65/><F65/><W99/><G121/><T74/><D74/><U115/><E115/><V114/><F114/><W13/><G112/><T19/><D19/><U56/><E113/><V5/><F5/><W4/><G4/><T59/><D68/><N who="1" m="26155" /><E56/><AGARI ba="0,0" hai="56,57,58,128,131" m="23552,48683,29770" machi="56" ten="50,9600,0" yaku="28,2,18,1" doraHai="37,22" who="2" fromWho="1" sc="250,0,245,-96,280,96,225,0" /><INIT seed="2,1,0,0,3,94" ten="250,149,376,225" oya="2" hai0="79,102,31,123,13,12,93,108,62,56,117,38,15" hai1="5,135,11,131,98,54,65,91,114,119,111,92,16" hai2="75,87,57,88,134,53,32,42,81,67,69,37,44" hai3="51,60,34,86,96,49,66,99,14,41,71,36,101"/><V7/><F134/><W112/><G112/><T23/><D123/><U103/><E119/><V10/><F32/><W109/><G109/><T90/><D117/><U46/><E114/><V3/><F67/><W76/><G34/><T29/><D38/><U127/><E111/><V20/><F20/><W83/><G14/><T4/><D108/><U80/><E131/><V2/><F69/><W106/><REACH who="3" step="1"/><G96/><REACH who="3" ten="250,149,376,215" step="2"/><T6/><D4/><U26/><E135/><V113/><F113/><W132/><G132/><T52/><D6/><U28/><E127/><V1/><REACH who="2" step="1"/><F75/><REACH who="2" ten="250,149,366,215" step="2"/><W8/><G8/><T35/><D35/><U17/><E11/><V40/><F40/><W120/><G120/><T18/><D23/><U126/><E126/><V43/><F43/><W115/><G115/><T124/><D124/><U97/><E26/><V85/><F85/><W9/><G9/><T58/><D31/><U89/><E28/><V121/><F121/><W122/><G122/><T116/><D29/><U48/><E5/><V107/><F107/><W105/><G105/><T70/><D116/><U21/><E21/><V0/><F0/><W84/><G84/><T72/><D72/><U63/><E17/><V22/><F22/><W25/><G25/><T95/><D18/><U110/><E16/><V129/><F129/><W73/><G73/><T33/><D33/><U27/><E27/><V59/><F59/><W74/><G74/><T128/><D58/><N who="1" m="37111" /><E110/><V24/><F24/><W50/><G50/><AGARI ba="1,2" hai="1,2,3,7,10,37,42,44,50,53,57,81,87,88" machi="50" ten="30,5800,0" yaku="1,1,7,1,54,1,53,0" doraHai="94" doraHaiUra="104" who="2" fromWho="3" sc="250,0,149,0,366,81,215,-61" /><INIT seed="2,2,0,2,3,23" ten="250,149,447,154" oya="2" hai0="64,126,95,123,75,73,77,85,33,28,27,9,125" hai1="4,121,83,127,90,70,109,53,51,40,15,12,57" hai2="31,119,101,43,87,38,129,100,32,112,13,118,35" hai3="48,54,24,79,26,63,22,60,46,86,72,124,114"/><V52/><F112/><W135/><G72/><T59/><D123/><U61/><E109/><V2/><F2/><W108/><G108/><T69/><D69/><U10/><E127/><N who="0" m="48649" /><D9/><U99/><E121/><V97/><F87/><W14/><G124/><T29/><D29/><U49/><E70/><V128/><F13/><W93/><G135/><T34/><D34/><U98/><E15/><V78/><F78/><W104/><G104/><T82/><D95/><U37/><E37/><V36/><F43/><W30/><G114/><T0/><D0/><U80/><E40/><V130/><F52/><W74/><G74/><T131/><D131/><U94/><E99/><V16/><F97/><W42/><G30/><T47/><D47/><U7/><E4/><V81/><F81/><AGARI ba="2,0" hai="7,10,12,49,51,53,57,61,80,81,83,90,94,98" machi="81" ten="40,1300,0" yaku="8,1" doraHai="23" who="1" fromWho="2" sc="250,0,149,19,447,-19,154,0" /><INIT seed="3,0,0,4,4,115" ten="250,168,428,154" oya="3" hai0="88,134,34,86,14,125,26,69,44,36,4,89,5" hai1="61,100,25,93,73,104,126,117,39,51,111,76,133" hai2="68,67,83,87,82,41,16,29,99,7,46,84,11" hai3="128,98,57,27,8,31,103,113,63,109,110,6,19"/><W72/><G113/><T130/><D69/><U101/><E39/><V65/><F29/><W94/><G72/><T48/><D36/><U20/><E104/><V38/><F16/><W52/><G19/><T122/><D122/><U49/><E111/><N who="3" m="42506" /><G128/><T102/><D130/><U24/><E133/><V106/><F68/><W35/><G8/><T60/><D125/><U32/><E126/><V42/><F42/><W2/><G2/><T12/><D102/><U54/><E32/><V80/><F99/><W108/><N who="3" m="42514" /><W3/><DORA hai="85" /><G3/><T105/><D60/><U79/><E61/><V33/><F33/><W124/><G124/><T71/><D34/><U116/><E20/><V53/><F11/><W47/><G47/><T28/><D44/><U135/><E135/><V56/><F46/><W23/><G35/><T40/><D4/><AGARI ba="0,0" hai="4,6,23,27,31,52,57,63,94,98,103" m="42514" machi="4" ten="40,7700,0" yaku="14,1,10,1,54,1" doraHai="115,85" who="3" fromWho="0" sc="250,-77,168,0,428,0,154,77" /><INIT seed="3,1,0,0,5,26" ten="173,168,428,231" oya="3" hai0="10,118,50,119,40,49,19,12,69,115,105,34,83" hai1="85,13,109,129,103,24,62,45,67,53,133,98,127" hai2="113,22,58,91,33,77,75,94,31,17,16,73,47" hai3="6,0,3,23,80,125,96,21,107,123,124,57,126"/><W51/><G123/><T37/><D105/><U30/><E109/><V108/><F33/><W4/><G80/><T104/><D69/><U66/><E133/><V99/><F108/><W38/><G38/><T97/><D34/><U64/><E129/><V41/><F58/><W121/><G121/><T131/><D115/><U7/><E127/><V122/><F113/><W78/><G78/><T5/><D131/><U70/><E70/><V48/><F122/><W55/><G96/><T128/><D128/><U72/><E72/><V88/><F77/><W60/><G60/><T59/><D83/><U134/><E134/><V14/><F75/><W35/><G107/><T29/><D29/><U28/><E85/><V79/><F79/><W106/><G106/><T61/><D37/><U1/><E1/><N who="3" m="586" /><G35/><T20/><D40/><U42/><E24/><N who="2" m="16791" /><F73/><W86/><G86/><T15/><D118/><U68/><E68/><V76/><F76/><W63/><G63/><T9/><D119/><U110/><E110/><V36/><F36/><W130/><G130/><T117/><D117/><U71/><E71/><V135/><F135/><W82/><G82/><T114/><D114/><U111/><E111/><V132/><F132/><W27/><G126/><T44/><D44/><U32/><E32/><V120/><F120/><W54/><G125/><T102/><D20/><U65/><E42/><V93/><F14/><W116/><G116/><T43/><D43/><U92/><N who="1" m="16384" /><DORA hai="2" /><U95/><E92/><V39/><F39/><W18/><G124/><T11/><D11/><N who="1" m="4351" /><E45/><V8/><F8/><W46/><G57/><AGARI ba="1,0" hai="28,30,53,57,62,95,98,103" m="4351,16384" machi="57" ten="40,8000,1" yaku="6,1,8,1,52,3" doraHai="26,2" who="1" fromWho="3" sc="173,0,168,83,428,0,231,-83" owari="173,-22.7,251,5.1,428,52.8,148,-35.2" /></mjloggm>