<mjloggm ver="2.3"><GO type="225" lobby="0"/><UN n0="%E3%82%B3%E3%83%90%E3%83%AC%E3%82%A4" n1="%E8%BE%9B%E5%8F%A3%E3%82%AB%E3%83%AC%E3%83%BC%E3%83%A9%E3%82%A4%E3%82%B9" n2="%E3%83%8F%E3%83%B3%E3%83%89%E3%83%A9%E3%83%BC%E3%83%BB%E3%83%AF%E3%83%B3" n3="%E5%8D%A0%E3%81%84%E5%B8%AB%E8%A3%8F%E3%81%AA%E3%81%84%E3%81%97" dan="16,17,17,17" rate="2152.86,2254.15,2177.11,2227.72" sx="M,M,M,M"/><TAIKYOKU oya="0"/><INIT seed="0,0,0,5,3,66" ten="250,250,250,250" oya="0" hai0="53,39,100,25,61,11,21,54,44,81,133,132,36" hai1="129,82,56,62,16,105,106,110,115,67,34,3,55" hai2="33,64,128,18,28,12,74,23,93,38,17,121,98" hai3="32,37,27,103,10,49,30,78,47,40,91,114,60"/><T9/><D100/><U52/><E3/><V31/><F121/><W96/><G114/><T89/><D39/><U20/><E34/><V134/><F74/><W26/><G91/><T15/><D36/><U29/><E115/><V14/><F38/><W6/><G26/><T104/><D104/><U120/><E120/><V7/><F128/><W77/><G49/><T117/><D117/><U69/><E129/><V84/><F134/><N who="0" m="51818" /><D61/><U0/><E0/><V88/><F33/><W63/><G63/><T113/><D44/><U71/><E29/><V125/><F125/><W131/><G131/><T58/><D58/><U70/><E110/><V135/><F135/><W35/><G60/><T45/><D45/><U101/><E82/><V8/><F64/><W22/><G22/><T65/><BYE who="3" /><D65/><U50/><E101/><V126/><F126/><W73/><G73/><T97/><D9/><UN n3="%E5%8D%A0%E3%81%84%E5%B8%AB%E8%A3%8F%E3%81%AA%E3%81%84%E3%81%97" /><U107/><REACH who="1" step="1"/><E50/><REACH who="1" ten="250,240,250,250" step="2"/><V79/><F17/><W59/><G32/><T72/><D113/><U127/><E127/><V2/><F2/><W5/><G30/><N who="0" m="17711" /><D81/><AGARI ba="0,1" hai="7,8,12,14,18,23,28,31,79,81,84,88,93,98" machi="81" ten="40,2600,0" yaku="8,1,54,1" doraHai="66" who="2" fromWho="0" sc="250,-26,240,0,250,36,250,0" /><INIT seed="1,0,0,4,4,43" ten="224,240,286,250" oya="1" hai0="41,101,108,5,78,51,68,50,92,60,122,65,59" hai1="107,113,75,119,87,35,74,128,33,48,27,130,72" hai2="67,62,14,86,115,53,79,64,88,38,96,93,36" hai3="103,18,110,106,34,52,116,0,90,91,109,44,118"/><U7/><E113/><V49/><F115/><W11/><G34/><T117/><D117/><N who="3" m="45161" /><G103/><T120/><D78/><U66/><E119/><V98/><F14/><N who="3" m="7519" /><G106/><T84/><D5/><U30/><E107/><V42/><F42/><W28/><G28/><T104/><D104/><U100/><E100/><V55/><F55/><W3/><G90/><T112/><D112/><U17/><E66/><V63/><F67/><W37/><G91/><T124/><D124/><U21/><E7/><V15/><F15/><W82/><G82/><T134/><D134/><U81/><E48/><V19/><F19/><W56/><G37/><T10/><D10/><U127/><E127/><V114/><F114/><W73/><G73/><T12/><D12/><U26/><REACH who="1" step="1"/><E35/><REACH who="1" ten="224,230,286,250" step="2"/><V89/><F64/><W125/><G125/><T54/><D101/><U46/><E46/><V45/><F36/><W85/><G44/><T129/><D50/><U16/><E16/><V57/><F38/><W8/><G0/><T99/><D51/><U24/><E24/><V94/><F45/><W111/><G3/><T70/><D65/><U9/><E9/><V69/><F69/><W6/><G8/><T133/><D70/><U126/><E126/><V22/><F22/><W47/><G47/><T105/><D68/><U4/><E4/><V25/><F25/><W31/><G31/><T13/><BYE who="3" /><D105/><UN n3="%E5%8D%A0%E3%81%84%E5%B8%AB%E8%A3%8F%E3%81%AA%E3%81%84%E3%81%97" /><U2/><E2/><V131/><F131/><W132/><G6/><T77/><D129/><U40/><E40/><V135/><F135/><W32/><G132/><T123/><D133/><U20/><E20/><V58/><F58/><RYUUKYOKU ba="0,1" sc="224,-15,230,15,286,15,250,-15" hai1="17,21,26,27,30,33,72,74,75,81,87,128,130" hai2="49,53,57,62,63,79,86,88,89,93,94,96,98" /><INIT seed="1,1,1,4,4,57" ten="209,245,301,235" oya="1" hai0="84,63,30,44,80,113,98,50,62,77,89,11,86" hai1="6,43,74,109,132,110,101,17,117,14,5,56,99" hai2="10,61,91,8,88,13,35,78,130,41,42,124,126" hai3="125,20,23,112,47,120,37,129,51,65,100,59,48"/><U114/><E114/><V93/><F35/><W60/><G120/><T68/><D113/><U82/><E117/><V31/><F31/><W67/><G112/><T83/><D68/><U22/><E43/><N who="2" m="16395" /><F78/><W1/><G1/><T55/><D30/><U95/><E132/><V135/><F135/><W40/><G129/><T64/><D64/><U96/><E56/><V115/><F130/><W97/><G125/><N who="2" m="48233" /><F115/><W118/><G65/><T103/><REACH who="0" step="1"/><D11/><REACH who="0" ten="199,245,301,235" step="2"/><U18/><E109/><V32/><F8/><W53/><G118/><T39/><D39/><U49/><E110/><V116/><F116/><W70/><REACH who="3" step="1"/><G48/><REACH who="3" ten="199,245,301,225" step="2"/><T52/><D52/><U122/><E49/><V21/><F32/><W4/><G4/><T92/><AGARI ba="1,3" hai="44,50,55,62,63,77,80,83,84,86,89,92,98,103" machi="92" ten="20,12000,2" yaku="1,1,0,1,7,1,8,1,52,2,53,0" doraHai="57" doraHaiUra="33" who="0" fromWho="0" sc="199,153,245,-61,301,-31,225,-31" /><INIT seed="2,0,0,3,2,52" ten="352,184,270,194" oya="2" hai0="54,62,125,85,9,81,99,2,39,130,55,69,110" hai1="50,49,17,84,1,38,28,57,67,78,92,75,104" hai2="26,117,32,63,51,79,122,37,133,118,73,56,3" hai3="134,100,44,101,70,41,25,27,33,128,30,108,127"/><V121/><F3/><W14/><G108/><T126/><D39/><U106/><E38/><V107/><F107/><W112/><G70/><T12/><D2/><U19/><E1/><V120/><F37/><W109/><G109/><T103/><D110/><U74/><E106/><V31/><F133/><W15/><G134/><T83/><D69/><U11/><E104/><V135/><F135/><W53/><G128/><T59/><D130/><U98/><E28/><V22/><F51/><N who="1" m="19465" /><E75/><V13/><F79/><W58/><G127/><N who="0" m="48651" /><D85/><U102/><E74/><V46/><F46/><W116/><G112/><T96/><D54/><U6/><E6/><V95/><F95/><W21/><G116/><T35/><D35/><U115/><E11/><V61/><F61/><W23/><G33/><T43/><D43/><U34/><E34/><V20/><F73/><W10/><G44/><T94/><D99/><U16/><E115/><V123/><N who="2" m="30720" /><DORA hai="4" /><V71/><F71/><W86/><G86/><T72/><D72/><U68/><E68/><V18/><REACH who="2" step="1"/><F32/><REACH who="2" ten="352,184,260,194" step="2"/><W66/><G41/><T131/><D131/><U97/><E102/><V114/><F114/><W124/><G124/><T45/><D45/><U48/><E48/><V47/><F47/><W132/><G132/><T80/><D83/><N who="1" m="47223" /><E92/><V89/><F89/><W113/><G113/><T5/><AGARI ba="0,1" hai="5,9,12,55,59,62,80,81,94,96,103" m="48651" machi="5" ten="30,4000,0" yaku="18,1,52,2" doraHai="52,4" who="0" fromWho="0" sc="352,50,184,-10,260,-20,194,-10" /><INIT seed="3,0,0,3,3,106" ten="402,174,240,184" oya="3" hai0="90,73,126,122,123,37,13,107,41,32,114,7,11" hai1="105,24,35,38,17,85,68,3,131,21,112,109,99" hai2="43,59,129,20,63,46,96,100,77,60,97,33,57" hai3="89,48,87,79,86,125,28,69,0,91,70,119,110"/><W118/><G125/><T47/><D107/><U92/><E112/><V54/><F33/><W64/><G0/><T16/><D32/><U81/><E68/><V42/><F129/><W117/><G79/><T5/><D126/><U133/><E38/><V8/><F77/><W67/><G28/><T94/><D114/><U135/><E131/><V44/><F8/><W76/><G76/><T61/><D61/><U103/><E109/><V80/><F80/><W128/><G48/><T108/><D73/><U40/><E3/><V15/><F15/><W127/><G127/><T72/><D72/><U52/><E35/><V1/><F20/><W14/><G14/><T82/><D82/><U98/><E40/><N who="2" m="15403" /><F1/><W83/><G128/><T2/><D5/><U134/><E52/><N who="2" m="33831" /><F100/><W9/><G9/><T18/><D18/><U66/><E66/><N who="3" m="25130" /><G110/><T132/><D108/><U6/><E6/><V53/><F53/><W74/><G74/><T58/><D58/><U78/><E99/><AGARI ba="0,0" hai="44,46,54,59,63,96,97,99" m="33831,15403" machi="99" ten="30,2000,0" yaku="8,1,54,1" doraHai="106" who="2" fromWho="1" sc="402,0,174,-20,240,20,184,0" owari="402,50.2,154,-34.6,260,6.0,184,-21.6" /></mjloggm>