<mjloggm ver="2.3"><GO type="225" lobby="0"/><UN n0="%72%69%6F%75%63%68%61%6E" n1="%E8%BE%9B%E5%8F%A3%E3%82%AB%E3%83%AC%E3%83%BC%E3%83%A9%E3%82%A4%E3%82%B9" n2="%E3%81%AF%E3%82%88%E3%81%8A%E3%81%98%E3%81%95%E3%82%93" n3="%E3%81%AA%E3%81%A1%30%39%32%37" dan="17,16,17,16" rate="2204.59,2203.78,2197.37,2106.96" sx="M,M,M,M"/><TAIKYOKU oya="0"/><INIT seed="0,0,0,0,5,95" ten="250,250,250,250" oya="0" hai0="24,133,3,68,99,88,81,77,103,48,41,32,121" hai1="55,74,75,79,126,44,78,46,18,28,65,105,64" hai2="4,52,37,1,135,11,57,51,39,93,30,96,60" hai3="119,23,122,128,100,5,62,33,9,118,114,21,19"/><T124/><D121/><U22/><E105/><V7/><F135/><W86/><G114/><T10/><D133/><U26/><E126/><V61/><F7/><W72/><G72/><T0/><D124/><U82/><E28/><V110/><F110/><W8/><G86/><T98/><D68/><U12/><E12/><V102/><F30/><W127/><G62/><T34/><D24/><U131/><E131/><V89/><F61/><W113/><G100/><T13/><D41/><U76/><E55/><V50/><F50/><W117/><G127/><T54/><D0/><U92/><E92/><V16/><F16/><W49/><G49/><T108/><D3/><U83/><REACH who="1" step="1"/><E76/><REACH who="1" ten="250,240,250,250" step="2"/><V123/><F123/><W90/><G122/><T31/><D31/><U58/><E58/><V111/><F111/><W97/><G128/><T71/><D71/><U59/><E59/><V63/><F63/><W87/><G113/><T35/><D108/><U27/><E27/><V14/><F1/><W20/><G33/><T43/><D43/><U120/><E120/><V132/><F132/><W42/><G119/><T53/><D53/><U6/><E6/><V106/><REACH who="2" step="1"/><F60/><REACH who="2" ten="250,240,240,250" step="2"/><W129/><G129/><T116/><D116/><U47/><AGARI ba="0,2" hai="18,22,26,44,46,47,64,65,74,75,78,79,82,83" machi="47" ten="30,8000,1" yaku="1,1,0,1,9,1,53,2" doraHai="95" doraHaiUra="107" who="1" fromWho="1" sc="250,-40,240,100,240,-20,250,-20" /><INIT seed="1,0,0,2,5,67" ten="210,340,220,230" oya="1" hai0="8,48,5,16,84,20,51,38,24,78,61,100,94" hai1="27,70,49,29,74,115,62,124,18,109,117,85,105" hai2="130,72,37,106,120,71,58,83,9,98,73,69,14" hai3="110,60,128,65,1,102,28,116,32,132,12,79,125"/><U90/><E115/><V39/><F120/><W131/><G1/><T43/><D61/><U107/><E117/><V133/><F130/><N who="3" m="49707" /><G116/><T88/><D100/><U80/><E124/><V15/><F133/><W54/><G125/><T135/><D135/><U10/><E74/><V53/><F98/><W91/><G132/><T56/><D78/><U57/><E109/><V50/><F106/><W99/><G79/><T26/><D24/><U30/><E49/><V76/><F15/><W52/><G12/><N who="0" m="5135" /><D38/><U47/><E47/><V113/><F72/><W2/><G91/><T66/><D43/><U121/><E121/><V36/><REACH who="2" step="1"/><F113/><REACH who="2" ten="210,340,210,230" step="2"/><W123/><G123/><T11/><D11/><U25/><E10/><V89/><F89/><W23/><G2/><T68/><D88/><U55/><E105/><V19/><AGARI ba="0,1" hai="9,14,19,36,37,39,50,53,58,69,71,73,76,83" machi="19" ten="30,7900,0" yaku="1,1,0,1,52,2,53,0" doraHai="67" doraHaiUra="34" who="2" fromWho="2" sc="210,-20,340,-39,210,89,230,-20" /><INIT seed="2,0,0,4,1,119" ten="190,301,299,210" oya="2" hai0="24,93,85,88,96,60,129,78,108,67,66,72,7" hai1="84,135,86,69,131,127,106,117,26,59,20,126,132" hai2="31,11,128,38,27,13,3,22,8,2,112,18,37" hai3="75,107,36,30,1,110,109,89,28,98,68,54,14"/><V43/><F43/><W74/><G1/><N who="2" m="9" /><F38/><W114/><G14/><T130/><D108/><N who="3" m="41577" /><G54/><T101/><D7/><U64/><E69/><V70/><F37/><W105/><G36/><T120/><D120/><U9/><E106/><N who="3" m="40458" /><G68/><T77/><D24/><U76/><E117/><V94/><F94/><W134/><G134/><N who="1" m="51242" /><E76/><N who="0" m="29289" /><D72/><N who="3" m="27689" /><G114/><T91/><D60/><N who="1" m="37919" /><E9/><N who="2" m="3659" /><F70/><W133/><G133/><T79/><N who="0" m="29297" /><T123/><DORA hai="21" /><D123/><U35/><E35/><N who="2" m="20991" /><F128/><N who="0" m="49258" /><D91/><U82/><E131/><V87/><F87/><N who="1" m="33321" /><E82/><AGARI ba="0,0" hai="66,67,82,85,88,93,96,101" m="49258,29297" machi="82" ten="40,2600,0" yaku="19,1,54,1" doraHai="119,21" who="0" fromWho="1" sc="190,26,301,-26,299,0,210,0" /><INIT seed="3,0,0,3,3,100" ten="216,275,299,210" oya="3" hai0="44,109,63,88,102,6,117,34,127,12,85,103,67" hai1="49,126,15,111,115,135,40,60,93,58,20,76,7" hai2="2,47,77,99,78,79,35,52,0,18,8,82,13" hai3="132,42,57,97,74,86,80,4,19,56,131,59,96"/><W39/><G132/><T113/><D117/><U104/><E104/><V70/><F70/><W30/><G131/><T71/><D34/><U22/><E115/><V112/><F112/><W98/><G74/><T27/><D113/><U48/><E111/><V105/><F35/><W61/><G30/><T72/><D72/><U46/><E135/><V66/><F66/><W17/><G4/><T122/><D122/><U10/><E126/><V130/><F130/><W134/><G134/><T5/><D109/><U55/><E76/><V23/><F82/><W133/><G133/><T73/><D73/><U25/><E93/><V65/><F65/><W41/><G61/><T69/><D69/><U94/><E94/><V11/><F105/><W29/><G29/><T120/><D120/><U53/><REACH who="1" step="1"/><E25/><REACH who="1" ten="216,265,299,210" step="2"/><V64/><F79/><N who="3" m="46367" /><G39/><T128/><D127/><U83/><E83/><V89/><F77/><W14/><G19/><T110/><D110/><U106/><E106/><V36/><F78/><W124/><G124/><T43/><D128/><U118/><E118/><V123/><F123/><W75/><G75/><T37/><D5/><U24/><E24/><V125/><F125/><W84/><G84/><T107/><D27/><U32/><E32/><V121/><F121/><W51/><G51/><T1/><D107/><U116/><E116/><V81/><F36/><W9/><AGARI ba="0,1" hai="9,14,17,41,42,56,57,59,96,97,98" m="46367" machi="9" ten="30,1500,0" yaku="8,1" doraHai="100" who="3" fromWho="3" sc="216,-5,265,-5,299,-5,210,25" /><INIT seed="3,1,0,1,2,29" ten="211,260,294,235" oya="3" hai0="34,126,84,134,107,110,102,97,3,55,117,35,20" hai1="94,33,130,4,53,76,30,18,103,5,26,19,36" hai2="113,52,72,118,81,56,44,48,109,120,75,63,27" hai3="12,122,121,2,32,11,135,65,112,119,70,101,93"/><W87/><G112/><T43/><D117/><U39/><E76/><V51/><F118/><W68/><G119/><T50/><D3/><U40/><E53/><V7/><F113/><W45/><G2/><T108/><D43/><U54/><E54/><V22/><F109/><N who="0" m="42090" /><D126/><U37/><E40/><V67/><F120/><W31/><G45/><N who="0" m="28111" /><D134/><U116/><E116/><V59/><F7/><W0/><G0/><T69/><D69/><U77/><E77/><V49/><F81/><W125/><G125/><T131/><D131/><U58/><E58/><V78/><F78/><W13/><G135/><T23/><D84/><U95/><E130/><V83/><F83/><W71/><G65/><T133/><D133/><U28/><E28/><V114/><F114/><W14/><G11/><T73/><D73/><U1/><E1/><V128/><F128/><W115/><G115/><T60/><D60/><U104/><E104/><V96/><F72/><W99/><REACH who="3" step="1"/><G87/><REACH who="3" ten="211,260,294,225" step="2"/><T100/><D100/><U90/><E37/><V10/><F10/><W92/><G92/><T24/><D20/><U38/><E38/><V132/><F132/><W17/><G17/><AGARI ba="1,1" hai="17,23,24,34,35,97,102,107" m="28111,42090" machi="17" ten="30,3900,0" yaku="14,1,52,2" doraHai="29" who="0" fromWho="3" sc="211,52,260,0,294,0,225,-42" /><INIT seed="4,0,0,4,4,106" ten="263,260,294,183" oya="0" hai0="97,53,133,21,128,4,11,71,9,64,2,85,73" hai1="7,27,115,18,14,79,42,6,40,112,63,105,131" hai2="26,45,99,28,25,8,126,54,69,46,12,16,55" hai3="94,41,124,30,122,35,13,111,104,20,70,91,132"/><T37/><D128/><U43/><E105/><V56/><F69/><W98/><G111/><T88/><D37/><U44/><E131/><V135/><F126/><W50/><G124/><T100/><D73/><U60/><E79/><V39/><F135/><W17/><G70/><T5/><D133/><U125/><E125/><V62/><F39/><W127/><G127/><T51/><D21/><U117/><E117/><V134/><F134/><W120/><G132/><T96/><D100/><U77/><E77/><V67/><F99/><W34/><G104/><T114/><D114/><N who="1" m="43563" /><E44/><N who="2" m="17003" /><F28/><W90/><G41/><N who="1" m="10498" /><U52/><DORA hai="33" /><E27/><AGARI ba="0,0" hai="8,12,16,25,26,27,54,55,56,62,67" m="17003" machi="27" ten="30,2000,0" yaku="8,1,54,1" doraHai="106,33" who="2" fromWho="1" sc="263,0,260,-20,294,20,183,0" owari="263,6.3,240,-16.0,314,41.4,183,-31.7" /></mjloggm>