<mjloggm ver="2.3"><GO type="225" lobby="0"/><UN n0="%E4%BF%BA%E3%81%A8%E5%A6%96%E5%A4%A2" n1="%E3%81%A1%E3%82%85%E3%81%86%E3%81%A9%E3%81%8F%E8%B1%A1%E3%81%95%E3%82%93" n2="%72%61%6B%33" n3="%E3%81%95%E3%81%8D%E3%81%9F%E3%81%BE%E6%9E%97%E6%AA%8E" dan="17,16,16,16" rate="2203.73,2160.54,2162.54,2134.31" sx="F,M,M,M"/><TAIKYOKU oya="0"/><INIT seed="0,0,0,1,5,30" ten="250,250,250,250" oya="0" hai0="100,19,92,86,66,0,68,1,40,120,60,79,73" hai1="102,87,45,121,128,104,49,55,119,27,95,28,91" hai2="112,15,46,129,132,26,118,5,35,58,115,54,123" hai3="110,14,7,117,130,101,6,124,96,16,2,13,25"/><T107/><D120/><U99/><E121/><V33/><F123/><W105/><G110/><T29/><D40/><U122/><E122/><V3/><F46/><W36/><G117/><T72/><D72/><U4/><E128/><V83/><F129/><W70/><G2/><T34/><D19/><U90/><E4/><V48/><F3/><W51/><G130/><T65/><D65/><U10/><E10/><V94/><F118/><W78/><G36/><T111/><D111/><U59/><E119/><V69/><F69/><W63/><G78/><T85/><D85/><U114/><E114/><V18/><F132/><W38/><G38/><T134/><D86/><U43/><E87/><V23/><F83/><W84/><G124/><T108/><D92/><U103/><E103/><V127/><F94/><W131/><G131/><T82/><D134/><U76/><E76/><V126/><F5/><W22/><G51/><T37/><D37/><U42/><E104/><V56/><F56/><W116/><G116/><T47/><D47/><U50/><REACH who="1" step="1"/><E42/><REACH who="1" ten="250,240,250,250" step="2"/><V93/><F115/><W109/><G109/><T80/><D108/><U97/><E97/><V98/><F112/><W77/><G7/><T74/><D74/><U57/><E57/><V133/><F133/><W39/><G6/><T21/><D100/><U9/><E9/><N who="2" m="6511" /><F127/><W17/><G77/><N who="0" m="44079" /><D107/><U67/><E67/><V75/><F126/><W106/><G106/><T61/><D66/><U125/><E125/><V88/><F75/><W44/><G105/><T12/><D79/><U71/><E71/><V135/><F135/><W89/><G70/><RYUUKYOKU ba="0,1" sc="250,-15,240,15,250,15,250,-15" hai1="27,28,43,45,49,50,55,59,90,91,95,99,102" hai2="23,26,33,35,48,54,58,88,93,98" /><INIT seed="1,1,1,4,4,98" ten="235,255,265,235" oya="1" hai0="32,135,0,22,77,107,38,89,17,72,18,78,84" hai1="42,94,10,57,122,67,99,91,39,6,70,48,64" hai2="109,96,102,52,36,37,124,12,31,47,56,86,25" hai3="49,30,85,116,1,119,44,50,134,61,8,66,35"/><U23/><E122/><V28/><F109/><W33/><G134/><T126/><D135/><U123/><E123/><V114/><F124/><W51/><G44/><T108/><D108/><U112/><E112/><V81/><F114/><W26/><G85/><T101/><D32/><U132/><E132/><V19/><F47/><W58/><G35/><T75/><D0/><U120/><E120/><V131/><F131/><W129/><G129/><T69/><D69/><U46/><E23/><V93/><F36/><W105/><G105/><T104/><D38/><U68/><E39/><V110/><F25/><W27/><G27/><T20/><D84/><U53/><E68/><V71/><F71/><W29/><G29/><T60/><D89/><U41/><E70/><V16/><F37/><W115/><G115/><T82/><D60/><N who="1" m="37903" /><E46/><V95/><F95/><W106/><G106/><T9/><D9/><U73/><E73/><V5/><F5/><W2/><REACH who="3" step="1"/><G8/><REACH who="3" ten="235,255,265,225" step="2"/><T65/><D126/><U3/><E10/><N who="2" m="6167" /><F110/><W118/><AGARI ba="1,2" hai="1,2,26,30,33,49,50,51,58,61,66,116,118,119" machi="118" ten="40,5200,0" yaku="1,1,0,1,12,1,53,0" doraHai="98" doraHaiUra="117" who="3" fromWho="3" sc="235,-14,255,-27,265,-14,225,75" /><INIT seed="2,0,0,2,5,76" ten="221,228,251,300" oya="2" hai0="43,121,20,88,68,24,63,46,82,119,122,126,101" hai1="13,62,80,79,35,22,86,29,66,109,50,26,47" hai2="71,18,72,40,99,28,96,64,83,120,110,49,127" hai3="45,27,5,130,108,33,107,31,67,113,129,53,59"/><V2/><F120/><W37/><G108/><T1/><D1/><U30/><E109/><V55/><F110/><W73/><G73/><T0/><D0/><U93/><E93/><V78/><F127/><W34/><G107/><T98/><D126/><U42/><E13/><V95/><F2/><W36/><G113/><T70/><D119/><U97/><E97/><V57/><F28/><W111/><G111/><T114/><D114/><U106/><E106/><V52/><F40/><W134/><G134/><T48/><D121/><U15/><E15/><V23/><F55/><W9/><G67/><T17/><D63/><U60/><REACH who="1" step="1"/><E66/><REACH who="1" ten="221,218,251,300" step="2"/><V21/><F96/><W39/><G27/><AGARI ba="0,1" hai="22,26,27,29,30,35,42,47,50,60,62,79,80,86" machi="27" ten="40,5200,0" yaku="1,1,2,1,52,1,53,0" doraHai="76" doraHaiUra="100" who="1" fromWho="3" sc="221,0,218,62,251,0,300,-52" /><INIT seed="3,0,0,2,3,56" ten="221,280,251,248" oya="3" hai0="112,125,98,102,61,35,113,127,62,108,118,28,22" hai1="33,46,10,124,57,131,8,126,9,3,26,89,34" hai2="107,71,14,6,50,110,111,49,7,4,135,55,64" hai3="23,72,31,82,67,109,115,27,119,32,43,58,92"/><W65/><G115/><N who="0" m="44107" /><D118/><U87/><E46/><V117/><F117/><W29/><G119/><T2/><D2/><U38/><E38/><V51/><F107/><W12/><G43/><T74/><D74/><U101/><E101/><V121/><F135/><W52/><G109/><T48/><D35/><U93/><E131/><V97/><F97/><W120/><G120/><T86/><D86/><U24/><E3/><V1/><F1/><W130/><G130/><T39/><D48/><U94/><E57/><V134/><F134/><W75/><G75/><T21/><D39/><U60/><E60/><N who="0" m="23145" /><D108/><U41/><E41/><V16/><F121/><W114/><G114/><T81/><D81/><U45/><E45/><V15/><F71/><W40/><G82/><T76/><D76/><U123/><E123/><V59/><F64/><W105/><G72/><T37/><D37/><U30/><E94/><V63/><REACH who="2" step="1"/><F14/><REACH who="2" ten="221,280,241,248" step="2"/><W116/><G67/><T122/><D122/><U133/><E133/><V11/><AGARI ba="0,1" hai="4,6,7,11,15,16,49,50,51,55,59,63,110,111" machi="11" ten="40,8000,1" yaku="1,1,2,1,0,1,52,1,54,1,53,0" doraHai="56" doraHaiUra="42" who="2" fromWho="2" sc="221,-20,280,-20,241,90,248,-40" owari="201,-29.9,260,6.0,331,43.1,208,-19.2" /></mjloggm>