<mjloggm ver="2.3"><GO type="225" lobby="0"/><UN n0="%E5%B8%86%E7%AB%8B%E5%A4%8F%E8%A1%A3" n1="%E5%80%89%E6%A9%8B%EF%BC%A0%E4%BA%8B%E5%8B%99" n2="%61%6D%65%6B%69" n3="%E3%83%A2%E3%83%B3%E3%82%AD%E3%83%BC%E3%83%88%E3%83%AA%E3%83%83%E3%82%AF" dan="16,16,16,16" rate="2112.95,2107.14,2057.99,2153.46" sx="M,M,M,M"/><TAIKYOKU oya="0"/><INIT seed="0,0,0,4,2,19" ten="250,250,250,250" oya="0" hai0="92,88,26,18,103,47,132,86,46,21,62,32,79" hai1="117,56,68,0,74,48,112,96,108,58,133,106,57" hai2="85,87,61,77,8,134,116,83,31,37,118,35,123" hai3="25,22,75,43,6,95,51,14,66,1,15,125,131"/><T124/><D124/><U120/><RYUUKYOKU type="yao9" ba="0,0" sc="250,0,250,0,250,0,250,0" hai1="0,48,56,57,58,68,74,96,106,108,112,117,120,133" /><INIT seed="0,1,0,1,4,124" ten="250,250,250,250" oya="0" hai0="37,113,54,102,14,90,45,12,87,32,110,68,116" hai1="112,65,11,17,5,97,67,0,18,130,40,105,135" hai2="27,52,101,10,76,6,73,100,28,96,63,4,47" hai3="84,82,2,123,48,20,44,9,99,22,86,8,46"/><T26/><D113/><U69/><E135/><V43/><F73/><W15/><G123/><T24/><D116/><U120/><E120/><V71/><F76/><W23/><G2/><T34/><D68/><U128/><E112/><V78/><F78/><W94/><G82/><T33/><D102/><N who="1" m="62671" /><E40/><V132/><F132/><W93/><G99/><T109/><D14/><U61/><E67/><V19/><F19/><W66/><G66/><T57/><D12/><U13/><E13/><V115/><F10/><N who="3" m="4203" /><G15/><T56/><D37/><U81/><E81/><V72/><F101/><W104/><G104/><T125/><D125/><U75/><E75/><V83/><F83/><W35/><G35/><T49/><D87/><N who="3" m="33321" /><G48/><T55/><D90/><U38/><E38/><V50/><F72/><W127/><G127/><T119/><D119/><U98/><E98/><V30/><F115/><W3/><G3/><T59/><REACH who="0" step="1"/><D55/><REACH who="0" ten="240,250,250,250" step="2"/><U92/><E92/><AGARI ba="1,1" hai="20,22,23,44,46,92,93,94" m="33321,4203" machi="92" ten="30,3900,0" yaku="28,2,8,1" doraHai="124" who="3" fromWho="1" sc="240,0,250,-42,250,0,250,52" /><INIT seed="1,0,0,2,3,50" ten="240,208,250,302" oya="1" hai0="40,18,82,70,24,118,68,83,127,26,32,115,132" hai1="19,39,43,29,124,89,91,47,33,6,25,51,11" hai2="13,74,134,104,73,67,66,78,59,35,106,135,8" hai3="44,54,16,4,58,55,31,133,87,10,81,120,52"/><U97/><E124/><V116/><F116/><W57/><G120/><T72/><D118/><U37/><E19/><V113/><F35/><W49/><G133/><N who="2" m="50697" /><F113/><W7/><G31/><T103/><D115/><U38/><REACH who="1" step="1"/><E97/><REACH who="1" ten="240,198,250,302" step="2"/><V0/><F0/><AGARI ba="0,1" hai="0,6,11,25,29,33,37,38,39,43,47,51,89,91" machi="0" ten="40,3900,0" yaku="1,1,2,1,53,0" doraHai="50" doraHaiUra="99" who="1" fromWho="2" sc="240,0,198,49,250,-39,302,0" /><INIT seed="1,1,0,5,2,55" ten="240,247,211,302" oya="1" hai0="22,89,131,21,102,128,36,85,9,75,77,117,73" hai1="80,124,50,109,98,132,104,83,15,121,46,120,122" hai2="59,51,26,49,16,70,23,118,40,54,91,79,125" hai3="67,62,58,127,81,100,110,107,105,48,38,7,5"/><U42/><E124/><V61/><F125/><W88/><G38/><T4/><D117/><U134/><E15/><V30/><F118/><W41/><G127/><T56/><D102/><U71/><E71/><V119/><F70/><W29/><G110/><T130/><D36/><U123/><N who="1" m="30720" /><DORA hai="113" /><U60/><E109/><V31/><F79/><W43/><G105/><T27/><D77/><U25/><E25/><V20/><F119/><W114/><G114/><T10/><D56/><U135/><E60/><V13/><F31/><W3/><G3/><N who="0" m="159" /><D10/><U64/><REACH who="1" step="1"/><E64/><REACH who="1" ten="240,237,211,302" step="2"/><V112/><F112/><W57/><G67/><T39/><D39/><U28/><E28/><V47/><REACH who="2" step="1"/><F91/><REACH who="2" ten="240,237,201,302" step="2"/><W12/><G88/><T18/><D130/><U69/><E69/><V6/><F6/><W65/><G29/><T24/><D128/><U2/><E2/><V72/><F72/><W129/><G7/><T92/><D131/><U37/><E37/><AGARI ba="1,2" hai="13,16,20,23,26,30,37,40,47,49,51,54,59,61" machi="37" ten="30,7700,0" yaku="1,1,7,1,52,1,54,1,53,0" doraHai="55,113" doraHaiUra="115,0" who="2" fromWho="1" sc="240,0,237,-80,201,100,302,0" /><INIT seed="2,0,0,0,2,42" ten="240,157,301,302" oya="2" hai0="14,128,67,130,38,25,4,120,126,54,33,99,60" hai1="83,78,58,115,94,18,63,59,110,85,28,129,79" hai2="23,73,8,75,12,26,66,87,22,76,71,3,21" hai3="35,109,92,69,112,9,44,107,29,24,135,106,27"/><V111/><F3/><W39/><G109/><T90/><D38/><U64/><E115/><V55/><F26/><W37/><G112/><T134/><D120/><U57/><E110/><V36/><F36/><W34/><G135/><T133/><D90/><U102/><E129/><N who="0" m="49769" /><D99/><U16/><E28/><V62/><F111/><W105/><G92/><T47/><D4/><U31/><E31/><V116/><F116/><W17/><G69/><N who="0" m="42215" /><D14/><U19/><REACH who="1" step="1"/><E79/><REACH who="1" ten="240,147,301,302" step="2"/><V125/><F76/><W13/><G35/><T32/><D32/><U132/><E132/><V86/><F125/><W46/><G34/><T11/><D126/><U53/><E53/><V104/><F55/><W0/><G29/><N who="0" m="19631" /><D11/><U77/><E77/><V91/><F8/><W122/><G122/><T15/><D134/><U68/><E68/><V48/><F71/><W121/><G121/><T43/><D133/><U82/><E82/><V131/><F131/><W5/><G39/><T89/><D54/><U96/><AGARI ba="0,1" hai="16,18,19,57,58,59,63,64,78,83,85,94,96,102" machi="96" ten="30,7900,0" yaku="1,1,0,1,8,1,54,1,53,0" doraHai="42" doraHaiUra="51" who="1" fromWho="1" sc="240,-20,147,89,301,-39,302,-20" /><INIT seed="3,0,0,5,1,94" ten="220,236,262,282" oya="3" hai0="133,68,77,109,26,106,54,50,122,88,7,83,127" hai1="39,51,18,58,98,129,10,76,20,49,14,19,91" hai2="25,73,38,48,125,41,72,62,90,95,28,80,81" hai3="124,74,53,118,132,82,67,61,117,2,60,96,97"/><W30/><G2/><T135/><D68/><U100/><E39/><V75/><F38/><W37/><G37/><T21/><D122/><U69/><E69/><V36/><F36/><W65/><G30/><T56/><D106/><U70/><E70/><V11/><F125/><W9/><G9/><T128/><D128/><U116/><E129/><V27/><F62/><W71/><G124/><T24/><D127/><U64/><E116/><V33/><F25/><W45/><G132/><N who="0" m="50763" /><D109/><U84/><E76/><V92/><F92/><W35/><G35/><T103/><D103/><U5/><E19/><V126/><F126/><W42/><G53/><T13/><D77/><U131/><E131/><V110/><F110/><W57/><G74/><T6/><D13/><U93/><E64/><V32/><F32/><W105/><G82/><T85/><D26/><U8/><E58/><V16/><F48/><W101/><G42/><T120/><D120/><U123/><E123/><V55/><F55/><W99/><REACH who="3" step="1"/><G45/><REACH who="3" ten="220,236,262,272" step="2"/><T22/><D21/><U108/><E108/><V29/><F41/><W121/><G121/><T112/><D112/><U115/><E115/><V46/><F46/><W40/><G40/><T15/><D15/><N who="1" m="9311" /><E10/><V4/><F29/><AGARI ba="0,1" hai="6,7,22,24,29,50,54,56,83,85,88" m="50763" machi="29" ten="30,2000,0" yaku="20,1,54,1" doraHai="94" who="0" fromWho="2" sc="220,30,236,0,262,-20,272,0" /><INIT seed="4,0,0,5,1,44" ten="250,236,242,272" oya="0" hai0="111,7,84,95,87,110,37,50,49,54,133,46,8" hai1="70,132,130,30,3,65,39,126,5,21,74,23,64" hai2="38,98,10,82,47,40,135,31,83,108,109,106,79" hai3="72,118,77,15,75,115,121,76,85,33,73,2,19"/><T68/><D68/><U22/><E39/><V52/><F135/><W59/><G118/><T27/><D133/><U58/><E132/><V6/><F31/><W41/><G33/><T123/><D123/><U96/><E70/><V56/><F83/><W9/><G121/><T66/><D66/><U90/><E74/><V116/><F116/><W69/><G69/><T45/><D37/><U89/><E126/><V78/><F78/><W100/><G41/><N who="0" m="24751" /><D27/><U91/><E130/><V53/><F98/><W14/><G2/><T104/><D104/><U129/><E129/><V80/><F80/><W99/><G85/><T107/><D107/><U48/><E30/><V55/><F56/><W25/><G25/><T94/><D87/><U18/><E96/><V120/><F106/><W92/><G115/><T35/><D35/><U57/><E18/><V29/><F29/><W28/><G28/><T86/><D86/><U17/><E17/><V34/><F34/><W113/><G113/><T88/><D111/><U131/><E131/><V102/><F102/><W16/><REACH who="3" step="1"/><G59/><REACH who="3" ten="250,236,242,262" step="2"/><N who="1" m="22538" /><E3/><V105/><F120/><W36/><G36/><T61/><D84/><U24/><E24/><V1/><F105/><W117/><G117/><T119/><D119/><U63/><E5/><V43/><F43/><W60/><G60/><T20/><D61/><U81/><E63/><V12/><F12/><W128/><G128/><T124/><D7/><U134/><E134/><V51/><F51/><W103/><G103/><T11/><D50/><U32/><E32/><V112/><F112/><W114/><G114/><T42/><D42/><RYUUKYOKU ba="0,1" sc="250,-15,236,-15,242,15,262,15" hai2="1,6,10,38,40,47,52,53,55,79,82,108,109" hai3="9,14,15,16,19,72,73,75,76,77,92,99,100" /><INIT seed="5,1,1,2,3,88" ten="235,221,257,277" oya="1" hai0="113,115,40,72,22,45,101,74,50,90,60,132,46" hai1="54,107,8,10,114,119,111,135,34,120,104,18,23" hai2="95,70,66,26,43,38,112,14,56,133,129,58,32" hai3="89,71,122,52,99,79,3,35,77,11,97,110,16"/><U102/><E34/><V5/><F38/><W49/><G35/><T86/><D101/><U39/><E39/><V12/><F43/><W134/><G71/><T118/><D118/><U92/><E119/><V67/><F70/><W125/><G110/><T78/><D78/><N who="3" m="29705" /><G3/><T41/><D60/><U6/><E120/><V1/><F1/><W55/><G134/><T109/><D22/><U19/><E135/><V63/><F32/><W76/><G76/><T83/><D109/><U13/><E111/><V29/><F133/><W42/><G125/><T61/><D61/><U2/><E114/><N who="0" m="43529" /><D132/><U51/><E102/><V15/><F112/><W7/><G7/><T65/><D65/><N who="2" m="24586" /><F63/><W128/><G128/><T94/><D83/><U57/><REACH who="1" step="1"/><E92/><REACH who="1" ten="235,211,257,277" step="2"/><V82/><F129/><W103/><G103/><T27/><D74/><U106/><E106/><V47/><F95/><N who="3" m="56559" /><G122/><T53/><D72/><U117/><E117/><V85/><F82/><W75/><G75/><T80/><D80/><U17/><E17/><V130/><F130/><W30/><G30/><T0/><D94/><U84/><E84/><V96/><F85/><W64/><G99/><T36/><D86/><U62/><E62/><V121/><F96/><W9/><G16/><T48/><D36/><U20/><E20/><N who="2" m="15559" /><F121/><W37/><G37/><T87/><D87/><U108/><E108/><V100/><F100/><W28/><G28/><T25/><D90/><U59/><E59/><N who="2" m="22571" /><F5/><W68/><G68/><T131/><D131/><U81/><E81/><V124/><F124/><W91/><G64/><T116/><D116/><U44/><E44/><AGARI ba="1,2" hai="12,14,15,44,47" m="22571,15559,24586" machi="44" ten="30,2000,0" yaku="6,1,8,1" doraHai="88" who="2" fromWho="1" sc="235,0,211,-23,257,43,277,0" owari="235,-16.5,188,-31.2,300,40.0,277,7.7" /></mjloggm>