<mjloggm ver="2.3"><GO type="225" lobby="0"/><UN n0="%E3%81%8C%E3%81%9F" n1="%E3%81%99%E3%81%84%E3%81%BE%E3%81%9B%E3%83%BC%E3%82%93" n2="%E6%B8%A9%E2%98%85%E6%83%85%E2%98%85%E6%8E%AA%E2%98%85%E7%BD%AE" n3="%E3%81%9F%E3%81%93%E2%98%86%E7%84%BC%E3%81%8D" dan="16,16,17,16" rate="2077.52,2113.09,2141.68,2064.06" sx="F,M,M,M"/><TAIKYOKU oya="0"/><INIT seed="0,0,0,2,4,116" ten="250,250,250,250" oya="0" hai0="97,34,19,124,83,129,108,57,122,113,86,104,59" hai1="111,112,37,135,23,48,9,75,56,38,54,33,92" hai2="121,50,36,69,29,93,120,79,106,1,85,67,109" hai3="8,70,132,80,42,128,45,63,4,95,126,134,125"/><T58/><D113/><U14/><E33/><V103/><F36/><N who="3" m="21703" /><G95/><T26/><D129/><U62/><E112/><V98/><F1/><N who="3" m="15" /><G80/><T40/><D124/><N who="3" m="47721" /><G128/><T27/><D108/><U74/><E111/><V90/><F109/><W123/><G123/><T11/><D40/><U3/><E38/><V131/><F131/><W82/><G82/><T21/><D11/><U110/><E37/><V68/><F79/><W44/><G44/><T65/><D65/><AGARI ba="0,0" hai="63,65,70,132,134" m="47721,15,21703" machi="65" ten="30,2000,0" yaku="18,1,23,1" doraHai="116" who="3" fromWho="0" sc="250,-20,250,0,250,0,250,20" /><INIT seed="1,0,0,5,4,121" ten="230,250,250,270" oya="1" hai0="132,117,63,131,55,14,27,90,135,33,67,74,6" hai1="54,129,119,100,1,103,21,83,70,87,113,11,93" hai2="22,53,37,77,26,4,30,88,42,102,24,43,79" hai3="82,112,66,3,98,65,120,13,18,35,128,45,85"/><U130/><E113/><V89/><F102/><W31/><G3/><T80/><D117/><U123/><E119/><V20/><F4/><W114/><G120/><T126/><D131/><N who="1" m="50187" /><E123/><V0/><F0/><W133/><G133/><N who="0" m="51275" /><D126/><U25/><E70/><V71/><F71/><W111/><G45/><T19/><D55/><U49/><E93/><V110/><F53/><W39/><G65/><T64/><D6/><N who="1" m="1487" /><E87/><V86/><F37/><W16/><G39/><T52/><D27/><U28/><E83/><V94/><F110/><W10/><G85/><N who="0" m="50471" /><D33/><U105/><E105/><V61/><F61/><W58/><G35/><T59/><D74/><U81/><E81/><V12/><F12/><W69/><G13/><T134/><N who="0" m="51283" /><T107/><DORA hai="92" /><D107/><U44/><AGARI ba="0,0" hai="21,25,28,44,49,54,100,103" m="1487,50187" machi="44" ten="30,1500,0" yaku="19,1" doraHai="121,92" who="1" fromWho="1" sc="230,-5,250,15,250,-5,270,-5" /><INIT seed="1,1,0,4,0,8" ten="225,265,245,265" oya="1" hai0="65,134,78,20,98,22,80,68,50,53,13,104,37" hai1="116,64,97,109,49,11,60,62,55,2,43,125,89" hai2="114,133,92,9,132,76,41,131,77,115,71,96,83" hai3="129,120,54,70,107,63,10,38,1,59,47,7,31"/><U45/><E116/><V25/><F71/><W35/><G129/><T105/><D134/><N who="2" m="51818" /><F41/><W27/><G107/><T130/><D37/><U82/><E125/><V12/><F131/><W126/><G126/><T73/><D130/><U34/><E34/><V29/><F25/><W85/><G70/><T72/><D72/><U19/><E109/><V30/><F30/><W26/><G26/><T39/><D39/><U79/><E43/><V4/><F29/><W108/><G38/><T122/><D122/><U52/><E55/><V99/><F76/><W17/><G47/><T28/><D20/><U113/><E113/><N who="2" m="43019" /><F92/><W75/><G75/><AGARI ba="1,0" hai="4,9,12,75,77,83,96,99" m="43019,51818" machi="75" ten="30,3900,0" yaku="20,1,11,1,52,1" doraHai="8" who="2" fromWho="3" sc="225,0,265,0,245,42,265,-42" /><INIT seed="2,0,0,2,1,22" ten="225,265,287,223" oya="2" hai0="100,80,44,120,54,85,31,91,38,45,124,14,109" hai1="98,123,5,110,72,66,86,83,11,115,43,81,89" hai2="52,17,104,111,27,42,62,25,18,118,79,33,126" hai3="70,63,93,19,69,28,135,7,39,132,41,112,57"/><V78/><F118/><W127/><G7/><T76/><D120/><U71/><E115/><V15/><F104/><W67/><G112/><T3/><D3/><U48/><E123/><V130/><F33/><W103/><G19/><N who="2" m="7177" /><F130/><W23/><G127/><T59/><D124/><U68/><E110/><V129/><F129/><W29/><G41/><T10/><D109/><U2/><E98/><V114/><F114/><W65/><G65/><T94/><D100/><U133/><E66/><V56/><F126/><W16/><G39/><T99/><D31/><N who="3" m="11849" /><G93/><T4/><REACH who="0" step="1"/><D38/><REACH who="0" ten="215,265,287,223" step="2"/><U121/><E2/><V32/><F111/><W88/><G103/><T90/><D90/><U13/><E89/><V46/><F32/><W113/><G88/><T12/><D12/><U61/><E13/><V0/><F0/><W6/><G113/><T24/><D24/><N who="2" m="9290" /><F15/><N who="3" m="9631" /><G6/><T64/><D64/><U82/><E5/><V128/><F128/><W105/><G105/><T60/><AGARI ba="0,1" hai="4,10,14,44,45,54,59,60,76,80,85,91,94,99" machi="60" ten="20,12000,2" yaku="1,1,0,1,7,1,8,1,53,2" doraHai="22" doraHaiUra="40" who="0" fromWho="0" sc="215,130,265,-30,287,-60,223,-30" /><INIT seed="3,0,0,5,5,37" ten="345,235,227,193" oya="3" hai0="61,114,54,48,66,20,101,60,56,79,125,64,26" hai1="41,40,65,117,92,57,19,113,103,0,126,38,52" hai2="5,112,76,109,18,90,118,23,95,51,78,50,15" hai3="74,87,94,134,97,3,88,53,62,9,22,135,119"/><W129/><G74/><T34/><D34/><U122/><E122/><V24/><F112/><W39/><G39/><T58/><D114/><U11/><E38/><V105/><F105/><W10/><G119/><T32/><D32/><U102/><E113/><V108/><F118/><W116/><G116/><T100/><D79/><N who="2" m="30250" /><F109/><W83/><G3/><T93/><D93/><U84/><E126/><V7/><F108/><W28/><G129/><T133/><D133/><N who="3" m="50697" /><G28/><N who="0" m="17479" /><D125/><U25/><E65/><V44/><F24/><W8/><G22/><T123/><D123/><U69/><E69/><V46/><F51/><W12/><G62/><T59/><AGARI ba="0,0" hai="48,54,56,58,59,60,61,64,66,100,101" m="17479" machi="59" ten="30,1100,0" yaku="8,1" doraHai="37" who="0" fromWho="0" sc="345,11,235,-3,227,-3,193,-5" owari="356,45.6,232,3.2,224,-17.6,188,-31.2" /></mjloggm>