<mjloggm ver="2.3"><GO type="225" lobby="0"/><UN n0="%E3%81%95%E3%81%8D%E3%81%9F%E3%81%BE%E6%9E%97%E6%AA%8E" n1="%E3%81%86%E3%81%A1%E3%83%BC" n2="%43%68%65" n3="%E7%9C%9F%E4%B8%80" dan="16,17,16,17" rate="2160.76,2154.47,2071.61,2215.52" sx="M,M,M,M"/><TAIKYOKU oya="0"/><INIT seed="0,0,0,2,5,122" ten="250,250,250,250" oya="0" hai0="54,81,108,129,18,90,105,17,96,5,47,65,77" hai1="98,39,68,110,0,79,103,88,33,102,135,7,134" hai2="40,12,82,95,87,4,48,131,69,101,10,24,43" hai3="97,37,67,126,89,3,59,123,117,21,50,6,63"/><T38/><D129/><U41/><E68/><V119/><F131/><W15/><G37/><T27/><D65/><U93/><E33/><V58/><F69/><W112/><G112/><T114/><D114/><U30/><E30/><V76/><F119/><W80/><G117/><T83/><D5/><U106/><E110/><V2/><F2/><W84/><G123/><T120/><D120/><U128/><E128/><V51/><F24/><W44/><G3/><T132/><D132/><U99/><E41/><N who="2" m="15947" /><F58/><W130/><G130/><T31/><D38/><U53/><E53/><V113/><F113/><W62/><G62/><T45/><D105/><N who="1" m="63703" /><E39/><V127/><F127/><W72/><G72/><T71/><D71/><U16/><E7/><V85/><F101/><W57/><G126/><T94/><D108/><U61/><E61/><V46/><F46/><N who="0" m="17418" /><D54/><U124/><E0/><V36/><F36/><W125/><G125/><T111/><D111/><U52/><E124/><V28/><F28/><W100/><G59/><T92/><D92/><U74/><E52/><V20/><F20/><W118/><G118/><T60/><D60/><U104/><E16/><N who="0" m="6249" /><D77/><U49/><E49/><V1/><F1/><W13/><G50/><T109/><D109/><U8/><E104/><V107/><F107/><W42/><G42/><T14/><D14/><U70/><E70/><V86/><F95/><N who="3" m="58431" /><G44/><T11/><D11/><U73/><E8/><V35/><F35/><W19/><G6/><T26/><D31/><U25/><E25/><AGARI ba="0,0" hai="13,15,19,21,25,57,63,67,80,84,89" m="58431" machi="25" ten="30,1000,0" yaku="8,1" doraHai="122" who="3" fromWho="1" sc="250,0,250,-10,250,0,250,10" /><AGARI ba="0,0" hai="25,26,27,81,83,90,94,96" m="6249,17418" machi="25" ten="30,2900,0" yaku="8,1,54,1" doraHai="122" who="0" fromWho="1" sc="250,29,240,-29,250,0,260,0" /><INIT seed="0,1,0,1,4,82" ten="279,211,250,260" oya="0" hai0="14,96,67,132,78,2,74,1,122,5,12,116,50" hai1="55,8,21,118,37,99,124,84,33,90,43,121,119" hai2="105,31,135,22,47,93,95,75,112,109,131,53,11" hai3="69,107,127,97,85,44,54,46,39,34,45,40,59"/><T32/><D122/><U83/><E33/><V98/><F112/><W4/><G34/><T94/><D116/><U80/><E121/><V42/><F75/><W27/><G69/><T17/><D32/><U89/><E124/><V23/><F105/><W56/><G127/><T92/><D132/><U129/><E129/><V126/><F126/><W108/><G108/><T58/><D74/><U9/><E21/><V110/><F131/><W52/><G4/><T128/><D128/><U29/><E29/><V76/><F135/><W134/><G27/><T130/><D130/><U125/><E125/><V62/><F76/><W61/><G134/><T19/><D78/><U72/><E55/><V36/><F11/><W77/><G97/><T86/><D2/><U113/><E113/><V65/><F53/><W87/><G107/><T133/><D133/><U20/><E20/><N who="2" m="7723" /><F98/><W111/><G111/><N who="2" m="42505" /><F31/><W103/><G103/><T104/><D104/><U13/><E8/><V73/><F73/><W57/><G77/><T63/><D1/><U15/><E72/><V10/><F10/><W64/><G39/><T6/><D6/><U102/><E37/><V60/><F60/><W3/><G3/><T48/><D5/><N who="1" m="3247" /><E43/><V26/><F26/><W24/><G24/><T38/><D38/><U106/><E15/><N who="0" m="5673" /><D19/><U100/><E100/><V16/><F16/><W71/><G40/><T35/><D35/><U51/><E119/><V68/><AGARI ba="1,0" hai="36,42,47,62,65,68,93,95" m="42505,7723" machi="68" ten="30,1100,0" yaku="14,1" doraHai="82" who="2" fromWho="2" sc="279,-6,211,-4,250,14,260,-4" /><INIT seed="1,0,0,0,1,99" ten="273,207,264,256" oya="1" hai0="34,72,36,22,58,109,91,63,67,98,129,5,0" hai1="104,29,20,79,69,126,47,13,96,6,17,127,68" hai2="112,118,48,111,135,76,122,57,82,74,3,83,133" hai3="60,14,30,4,21,51,102,41,35,100,31,73,53"/><U33/><E79/><N who="2" m="44407" /><F118/><W65/><G73/><T119/><D109/><U52/><E6/><V24/><F122/><W90/><G41/><T116/><D129/><U66/><E33/><V110/><F3/><W85/><G35/><T9/><D34/><U2/><E2/><V131/><F24/><W25/><G31/><T71/><D72/><U15/><E29/><V92/><F131/><W46/><G4/><T12/><D36/><U115/><E115/><V130/><F130/><W19/><G30/><T39/><D39/><U37/><E13/><V44/><F57/><N who="3" m="37007" /><G14/><T87/><D71/><U105/><E66/><V61/><F61/><W120/><G120/><T54/><D67/><U121/><E121/><V80/><F112/><W50/><G51/><T128/><D128/><U1/><E1/><V86/><F92/><AGARI ba="0,0" hai="19,21,25,46,50,53,85,90,92,100,102" m="37007" machi="92" ten="30,3900,0" yaku="8,1,52,2" doraHai="99" who="3" fromWho="2" sc="273,0,207,0,264,-39,256,39" /><INIT seed="2,0,0,3,5,9" ten="273,207,225,295" oya="2" hai0="60,117,33,114,97,91,16,65,47,15,126,17,111" hai1="57,20,79,94,44,116,107,134,37,84,50,1,59" hai2="102,75,55,22,27,100,72,42,7,135,58,101,36" hai3="78,32,115,64,54,133,5,43,106,81,35,92,104"/><V69/><F69/><W25/><G43/><T89/><D114/><U113/><E107/><V30/><F135/><W14/><G64/><T95/><D33/><U31/><E113/><V23/><F7/><W88/><G115/><T13/><D111/><U129/><E37/><V2/><F2/><W24/><G133/><T45/><D126/><U66/><E1/><V112/><F112/><W119/><G119/><T98/><D117/><U53/><E116/><V61/><REACH who="2" step="1"/><F23/><REACH who="2" ten="273,207,215,295" step="2"/><W52/><G5/><T99/><D65/><U93/><E134/><V87/><F87/><W110/><G35/><T80/><D60/><U71/><E71/><V122/><F122/><W130/><G32/><T18/><D80/><N who="1" m="47135" /><E129/><V10/><F10/><W68/><G81/><T40/><D95/><N who="1" m="36363" /><E66/><V127/><F127/><W70/><G130/><T83/><D83/><U105/><E105/><V123/><F123/><W120/><G106/><T109/><D109/><U124/><E124/><V34/><F34/><W21/><G104/><T3/><D3/><U4/><E4/><V62/><F62/><W86/><G70/><T74/><D74/><U12/><E31/><V63/><F63/><W125/><G68/><T41/><D99/><U56/><E20/><V131/><F131/><W38/><G125/><T46/><D98/><U28/><E28/><V128/><F128/><W96/><G96/><T51/><D97/><U48/><E48/><V85/><F85/><W118/><G86/><T132/><D132/><U19/><E19/><V82/><F82/><W49/><G21/><T77/><D51/><U103/><E12/><RYUUKYOKU ba="0,1" sc="273,-15,207,15,215,15,295,-15" hai1="44,50,53,56,57,59,103" hai2="22,27,30,36,42,55,58,61,72,75,100,101,102" /><INIT seed="2,1,1,1,3,39" ten="258,222,230,280" oya="2" hai0="129,121,58,123,96,45,4,97,9,70,6,41,127" hai1="116,81,135,64,29,32,19,60,49,48,131,117,126" hai2="102,99,109,103,5,66,71,13,34,35,101,65,11" hai3="84,36,40,88,120,106,87,86,21,119,53,130,12"/><V125/><F125/><W20/><G120/><T94/><D70/><U77/><E126/><V24/><F109/><W74/><G74/><T1/><D127/><U31/><E135/><V15/><F15/><W91/><G106/><T52/><D129/><U105/><E131/><V0/><F0/><W23/><G130/><T110/><D110/><U115/><E115/><V61/><F66/><W55/><G119/><T128/><D128/><U134/><E105/><N who="2" m="63679" /><F35/><W114/><G114/><T46/><D46/><U95/><E134/><V73/><F73/><W59/><G12/><T89/><D97/><U25/><E31/><AGARI ba="1,1" hai="5,11,13,24,31,34,61,65,71,102,103" m="63679" machi="31" ten="30,1500,0" yaku="25,1" doraHai="39" who="2" fromWho="1" sc="258,0,222,-18,230,28,280,0" /><INIT seed="2,2,0,4,0,32" ten="258,204,258,280" oya="2" hai0="11,134,17,84,122,44,7,88,104,91,107,87,99" hai1="108,85,58,92,95,8,59,39,109,63,18,106,90" hai2="61,74,53,125,82,49,132,69,43,100,78,38,131" hai3="105,55,123,23,66,70,73,14,133,126,72,112,12"/><V119/><F119/><W76/><G123/><T120/><D134/><U71/><E39/><V54/><F132/><W2/><G55/><T50/><D122/><U75/><E75/><V79/><F79/><W114/><G133/><T19/><D120/><U47/><E106/><V64/><F125/><W40/><G40/><T3/><D107/><U30/><E30/><V124/><F124/><W116/><G105/><T42/><D104/><U16/><E71/><V115/><F115/><W89/><G89/><T4/><D99/><U45/><E8/><V128/><F100/><W127/><G23/><T110/><D110/><U98/><E63/><V56/><REACH who="2" step="1"/><F54/><REACH who="2" ten="258,204,248,280" step="2"/><W96/><G76/><T46/><D91/><N who="1" m="55583" /><E109/><V51/><F51/><W121/><G116/><T25/><D88/><N who="1" m="53647" /><E108/><V0/><F0/><W37/><G2/><T80/><D3/><U65/><E90/><V35/><F35/><W41/><G126/><T83/><D50/><U86/><E65/><V97/><F97/><W81/><G66/><T60/><D60/><U34/><E34/><V27/><F27/><W129/><G127/><T101/><D101/><U135/><E135/><V31/><F31/><W68/><G114/><T103/><D103/><U21/><E86/><V13/><F13/><W111/><G14/><T117/><D117/><U10/><E10/><V22/><F22/><W5/><G112/><T9/><D25/><N who="1" m="14503" /><E18/><V26/><F26/><W15/><G121/><T94/><D94/><U20/><E20/><V130/><F130/><W62/><G129/><T67/><D67/><U113/><E113/><V93/><F93/><RYUUKYOKU ba="2,1" sc="258,10,204,10,248,10,280,-30" hai0="4,7,9,11,17,19,42,44,46,80,83,84,87" hai1="45,47,58,59" hai2="38,43,49,53,56,61,64,69,74,78,82,128,131" /><INIT seed="2,3,1,4,0,2" ten="268,214,258,250" oya="2" hai0="33,124,108,99,66,133,38,69,28,85,32,126,43" hai1="134,40,18,65,86,44,111,35,115,54,132,64,130" hai2="29,73,107,51,97,91,63,67,98,127,123,83,58" hai3="117,87,57,8,20,52,61,106,80,104,93,49,37"/><V119/><F119/><W21/><G37/><T116/><D108/><U84/><E115/><V4/><F123/><W5/><G117/><T11/><D116/><U114/><E114/><V68/><F127/><N who="0" m="48682" /><D133/><N who="1" m="51307" /><E35/><V95/><F29/><W56/><G93/><T1/><D85/><N who="1" m="32875" /><E18/><V0/><F107/><W26/><G106/><T12/><D1/><U46/><E111/><V94/><F58/><W70/><G70/><T76/><D76/><U16/><E130/><V34/><F34/><W90/><G104/><T7/><D99/><U72/><E72/><V19/><F51/><W88/><G90/><T45/><D28/><U77/><E77/><V71/><F19/><W48/><G26/><T92/><D92/><U60/><E54/><V6/><F0/><W62/><G21/><T59/><D69/><N who="1" m="42119" /><E65/><V3/><F71/><W24/><G20/><T109/><D109/><U36/><E16/><V129/><F129/><W55/><G24/><T81/><D81/><U79/><E79/><V102/><F73/><W41/><G41/><T30/><D30/><U31/><E46/><V53/><F83/><W42/><G42/><T135/><D135/><U50/><E31/><V100/><F53/><W103/><G103/><T118/><D118/><U128/><E128/><V113/><F113/><W25/><G25/><T22/><D22/><U13/><E13/><AGARI ba="3,1" hai="5,8,13,48,49,52,55,56,57,61,62,80,87,88" machi="13" ten="30,12000,2" yaku="7,1,9,1,8,1,52,1,54,2" doraHai="2" who="3" fromWho="1" sc="268,0,214,-129,258,0,250,139" /><INIT seed="3,0,0,5,5,24" ten="268,85,258,389" oya="3" hai0="45,14,85,66,32,81,106,64,8,25,61,26,107" hai1="4,108,74,47,89,124,131,76,23,62,133,2,57" hai2="135,117,67,44,111,79,63,11,15,16,96,123,118" hai3="35,41,9,6,43,36,39,99,54,93,91,86,69"/><W59/><G69/><T128/><D128/><U68/><E131/><V18/><F111/><W126/><G35/><T37/><D37/><U78/><E108/><V114/><F114/><W130/><G39/><T46/><D107/><U92/><E133/><V121/><F135/><W120/><G36/><T102/><D106/><U77/><E124/><V22/><F96/><W103/><G120/><N who="2" m="46153" /><F44/><N who="0" m="17002" /><D32/><U12/><E68/><N who="2" m="42111" /><F79/><W1/><G130/><T52/><D52/><U84/><E2/><V94/><F94/><W132/><G126/><T51/><D51/><U95/><E74/><V116/><F116/><W33/><G132/><T71/><D102/><U10/><E92/><V83/><F83/><W34/><G43/><T82/><D82/><U58/><E58/><V100/><F100/><W17/><G41/><T119/><D119/><U56/><E56/><V87/><F87/><W90/><G103/><T7/><D66/><U97/><E47/><V101/><F101/><W109/><G86/><T20/><D85/><U134/><E134/><V38/><F38/><W73/><G99/><T105/><D105/><U21/><E84/><V70/><F70/><W75/><G73/><T40/><D40/><U129/><E129/><V88/><F88/><W53/><G91/><T125/><D125/><U29/><E23/><V65/><F65/><W55/><G90/><T42/><D42/><U0/><E0/><V48/><F48/><W30/><G75/><T19/><D81/><U110/><E110/><V3/><F3/><W31/><G109/><T50/><D50/><U80/><E97/><V60/><F60/><RYUUKYOKU ba="0,0" sc="268,15,85,-15,258,15,389,-15" hai0="7,8,14,19,20,25,26,61,64,71" hai2="11,15,16,18,22,117,118" owari="283,8.3,70,-43.0,273,-12.7,374,47.4" /></mjloggm>