<mjloggm ver="2.3"><GO type="225" lobby="0"/><UN n0="%6D%75%75%6D%75%72%61" n1="%E5%8F%AF%E5%85%90%E9%82%A3%E7%94%B1%E5%A4%9A" n2="%E3%83%A9%E3%82%B9%E7%8E%87%EF%BC%93%E5%89%B2" n3="%E3%81%82%E3%81%B9%E3%81%99%E3%81%91" dan="17,16,16,16" rate="2144.06,2210.00,2171.99,2087.63" sx="F,F,F,M"/><TAIKYOKU oya="0"/><INIT seed="0,0,0,0,5,31" ten="250,250,250,250" oya="0" hai0="93,42,134,57,20,51,111,64,95,103,3,116,38" hai1="71,56,76,114,109,36,130,112,61,102,47,67,132" hai2="81,49,4,24,50,100,48,68,7,101,54,92,26" hai3="11,5,119,107,120,25,83,89,129,135,75,29,121"/><T35/><D116/><U30/><E76/><V115/><F115/><N who="1" m="44073" /><E102/><N who="2" m="39531" /><F68/><W28/><G119/><T125/><D3/><U122/><E30/><V73/><F73/><W105/><G29/><T88/><D38/><U45/><E122/><N who="3" m="47210" /><G135/><T32/><D134/><U94/><E94/><V60/><F81/><W63/><G63/><T90/><D103/><U10/><E10/><V126/><F126/><W86/><G75/><T33/><D125/><U18/><E18/><V84/><F60/><W87/><G129/><T70/><D70/><U52/><E132/><V113/><F54/><W44/><G44/><N who="1" m="16970" /><E130/><V123/><F123/><W43/><G87/><T12/><D111/><U69/><E109/><V9/><F113/><W22/><G43/><T40/><D40/><U133/><E133/><V6/><F9/><W21/><G21/><T58/><D42/><U78/><E78/><V27/><F84/><W91/><G89/><T34/><D34/><U131/><E131/><V124/><F124/><W77/><G91/><T66/><D33/><U59/><E36/><V80/><F80/><W8/><G8/><T99/><D20/><U0/><E0/><AGARI ba="0,0" hai="0,5,11,22,25,28,77,83,86,105,107" m="47210" machi="0" ten="30,1000,0" yaku="13,1" doraHai="31" who="3" fromWho="1" sc="250,0,250,-10,250,0,250,10" /><INIT seed="1,0,0,1,3,102" ten="250,240,250,260" oya="1" hai0="20,56,21,30,12,134,82,135,70,93,46,119,76" hai1="41,29,80,118,97,109,61,133,3,26,88,127,39" hai2="77,57,60,11,110,55,5,129,130,128,49,74,69" hai3="131,34,22,10,92,13,81,17,126,90,122,94,58"/><U44/><E118/><V84/><F74/><W33/><G122/><T28/><D70/><U71/><E3/><V96/><F110/><W86/><G131/><T63/><D119/><U68/><E109/><V32/><F32/><W51/><G126/><T83/><D46/><U75/><E127/><V0/><F96/><W7/><G34/><T40/><D40/><U106/><E133/><N who="0" m="50697" /><D93/><N who="3" m="35945" /><G33/><T73/><D83/><U87/><E75/><V108/><F108/><W132/><G132/><T50/><D50/><U19/><E19/><V6/><F6/><W54/><G7/><T124/><D124/><U62/><E71/><V15/><F84/><W37/><G37/><T111/><D111/><U67/><E62/><V121/><F77/><W79/><G79/><T64/><D12/><U105/><E97/><V103/><F103/><W116/><G116/><T47/><D47/><U8/><E8/><AGARI ba="0,0" hai="8,10,13,17,22,51,54,58,81,86,90" m="35945" machi="8" ten="30,1000,0" yaku="8,1" doraHai="102" who="3" fromWho="1" sc="250,0,240,-10,250,0,260,10" /><INIT seed="2,0,0,0,1,65" ten="250,230,250,270" oya="2" hai0="110,32,25,26,116,40,111,120,94,82,75,63,49" hai1="132,61,118,1,122,15,51,96,36,45,7,3,88" hai2="130,55,127,73,131,113,99,8,105,135,23,34,133" hai3="64,43,67,78,121,100,126,129,18,104,95,108,54"/><V72/><F34/><W21/><G121/><T42/><D120/><U50/><E122/><V85/><F113/><W44/><G104/><T14/><D116/><U66/><E118/><V92/><F23/><W69/><G108/><T77/><D94/><U83/><E132/><N who="2" m="50763" /><F55/><W97/><G129/><N who="2" m="49161" /><F8/><W79/><G126/><T17/><D32/><U84/><E36/><V52/><F52/><W58/><G69/><T38/><D26/><U103/><E15/><V9/><F9/><W91/><G44/><T114/><D25/><U117/><E117/><V107/><F85/><W16/><G43/><T86/><D42/><U102/><E7/><V56/><F56/><W35/><G35/><T90/><D114/><U0/><E45/><V71/><F71/><W39/><G21/><T124/><D14/><U115/><E115/><V128/><N who="2" m="49169" /><V98/><DORA hai="60" /><F127/><W53/><G54/><T87/><D124/><U93/><REACH who="1" step="1"/><E103/><REACH who="1" ten="250,220,250,270" step="2"/><N who="2" m="62711" /><F107/><W112/><G112/><T70/><D111/><U2/><N who="1" m="0" /><DORA hai="22" /><U5/><E5/><V28/><F28/><W11/><G39/><T57/><D38/><U101/><E101/><AGARI ba="0,1" hai="72,73,92,99,101" m="62711,49169,50763" machi="101" ten="40,12000,1" yaku="20,1,19,1,34,2" doraHai="65,60,22" who="2" fromWho="1" sc="250,0,220,-120,250,130,270,0" /><INIT seed="2,1,0,2,0,10" ten="250,100,380,270" oya="2" hai0="77,64,68,60,19,42,126,26,95,11,109,89,3" hai1="48,83,88,118,23,2,49,31,114,5,30,135,8" hai2="32,104,131,113,122,128,66,112,47,50,69,43,129" hai3="13,45,98,73,94,44,25,4,87,111,58,55,0"/><V22/><F32/><W65/><G0/><T106/><D106/><U6/><E114/><N who="2" m="44139" /><F104/><W35/><G73/><T41/><D109/><U124/><E118/><V116/><F22/><W82/><G111/><T86/><D126/><U16/><E124/><V81/><F81/><W130/><G65/><T70/><D70/><U20/><E6/><V9/><F9/><N who="3" m="4263" /><G130/><T102/><D3/><U17/><E135/><V91/><F91/><N who="3" m="55647" /><G25/><T101/><D26/><U54/><E23/><V85/><F85/><W7/><G7/><T103/><REACH who="0" step="1"/><D77/><REACH who="0" ten="240,100,380,270" step="2"/><U133/><E133/><V40/><F122/><W63/><G35/><T46/><D46/><U57/><E17/><V33/><F33/><W80/><G80/><T97/><D97/><U110/><E110/><V93/><F131/><W15/><G45/><T52/><D52/><U27/><REACH who="1" step="1"/><E49/><REACH who="1" ten="240,90,380,270" step="2"/><V74/><F129/><W14/><G44/><T92/><D92/><U51/><E51/><V100/><F93/><W78/><AGARI ba="1,2" hai="14,15,55,58,63,78,82,87" m="55647,4263" machi="78" ten="30,7900,0" yaku="8,1,52,3" doraHai="10" who="3" fromWho="3" sc="240,-21,90,-21,380,-40,270,102" /><INIT seed="3,0,0,0,3,133" ten="219,69,340,372" oya="3" hai0="63,122,2,67,90,76,123,87,31,114,51,115,83" hai1="12,89,48,65,53,124,102,104,75,101,15,98,96" hai2="121,14,118,37,64,54,88,39,94,109,69,11,50" hai3="28,132,116,81,40,127,103,110,23,117,57,105,8"/><W95/><G127/><T49/><D2/><U30/><E30/><V130/><F118/><W134/><G105/><T35/><D90/><U85/><E65/><V21/><F109/><W93/><G110/><T38/><D38/><U120/><E120/><V46/><F130/><W17/><G40/><T7/><D7/><U34/><E34/><V111/><F111/><W80/><G57/><T59/><D49/><U10/><E75/><V125/><F125/><W113/><G28/><T56/><D56/><U99/><E99/><V0/><F121/><W19/><G23/><T108/><D108/><U44/><E44/><V55/><F21/><W27/><G27/><T128/><D51/><U62/><E62/><V60/><F55/><W36/><G103/><T131/><D131/><U33/><E33/><V22/><F22/><W84/><G84/><T112/><D128/><U91/><E91/><V72/><F72/><W18/><G18/><T70/><D70/><U119/><E119/><V58/><F0/><W79/><G8/><T29/><D29/><U126/><E126/><V106/><F106/><W61/><G61/><T5/><D5/><U16/><E16/><V6/><REACH who="2" step="1"/><F69/><REACH who="2" ten="219,69,330,372" step="2"/><W25/><G117/><T24/><AGARI ba="0,1" hai="24,31,35,59,63,67,76,83,87,112,114,115,122,123" machi="24" ten="40,2700,0" yaku="0,1,11,1" doraHai="133" who="0" fromWho="0" sc="219,37,69,-7,330,-7,372,-13" owari="256,-14.4,62,-43.8,323,12.3,359,45.9" /></mjloggm>