<mjloggm ver="2.3"><GO type="225" lobby="0"/><UN n0="%E9%A6%AC%E4%BA%86%E9%9A%94%E5%A3%81" n1="%79%6B%66%35%35%33%38%39" n2="%E6%A1%9C%E8%8A%B1%E9%96%83%E3%80%85" n3="%E5%A4%9C%E5%85%89%E5%A4%A9%E6%A5%BC" dan="18,16,16,16" rate="2201.96,2135.65,2201.18,2062.99" sx="M,M,M,F"/><TAIKYOKU oya="0"/><INIT seed="0,0,0,3,0,89" ten="250,250,250,250" oya="0" hai0="39,131,83,106,32,75,49,46,54,126,71,56,50" hai1="53,30,23,6,102,35,98,55,77,92,119,88,36" hai2="110,91,84,87,16,73,48,95,82,41,125,11,70" hai3="85,117,12,74,86,100,132,104,65,69,5,22,10"/><T40/><D106/><U78/><E119/><V134/><F110/><W3/><G74/><T2/><D32/><U109/><E109/><V20/><F125/><W93/><G117/><T94/><D126/><U28/><E36/><V129/><F129/><W103/><G104/><T135/><D131/><U124/><E124/><V13/><F134/><W29/><G132/><T43/><D135/><U42/><E35/><V133/><F70/><W96/><G103/><T7/><D71/><U66/><E42/><V67/><F67/><W120/><G120/><T17/><D17/><U76/><E66/><V18/><F73/><W79/><G79/><N who="0" m="44543" /><D40/><U8/><E102/><V51/><F41/><W105/><G105/><T57/><D57/><U62/><E62/><V38/><F38/><W9/><G3/><T21/><D21/><U33/><E33/><V108/><F108/><W34/><G34/><T52/><D54/><N who="1" m="20491" /><E23/><V122/><F122/><W130/><G130/><T115/><D115/><U45/><E45/><V111/><F111/><W72/><G72/><T47/><D47/><U112/><E112/><V58/><F58/><W19/><G69/><T80/><D80/><U116/><E116/><V60/><F60/><W61/><G29/><T121/><D121/><U113/><E113/><V14/><F133/><W123/><G123/><T97/><D50/><U31/><E31/><V63/><F63/><W68/><G22/><T44/><D44/><U127/><E127/><V0/><F0/><W26/><G26/><T37/><D37/><U99/><E99/><V128/><F128/><W1/><AGARI ba="0,0" hai="1,5,9,10,12,19,61,65,68,85,86,93,96,100" machi="1" ten="20,5200,0" yaku="5,1,0,1,7,1,52,1" doraHai="89" who="3" fromWho="3" sc="250,-26,250,-13,250,-13,250,52" /><INIT seed="1,0,0,1,4,127" ten="224,237,237,302" oya="1" hai0="95,91,18,12,68,99,80,123,126,26,19,34,96" hai1="131,87,83,105,100,132,44,135,21,53,73,33,81" hai2="114,50,20,4,69,117,2,31,77,7,88,25,14" hai3="23,3,64,101,36,93,8,116,89,70,84,37,66"/><U109/><E33/><V118/><F69/><W86/><G116/><T125/><D68/><U22/><E73/><V108/><F77/><W46/><G101/><T29/><D123/><U11/><E109/><V16/><F108/><W6/><G70/><T54/><D80/><U106/><E131/><V56/><F114/><W9/><G9/><T1/><D1/><U57/><E44/><V134/><F134/><N who="1" m="51241" /><E11/><N who="2" m="2455" /><F88/><W60/><G23/><N who="1" m="8714" /><E100/><V110/><F7/><W63/><G46/><T104/><D54/><U78/><E83/><V62/><F50/><AGARI ba="0,0" hai="50,53,57,78,81,87,105,106" m="8714,51241" machi="50" ten="30,1500,0" yaku="20,1" doraHai="127" who="1" fromWho="2" sc="224,0,237,15,237,-15,302,0" /><INIT seed="1,1,0,4,3,34" ten="224,252,222,302" oya="1" hai0="10,66,111,88,39,11,31,80,107,104,121,26,6" hai1="29,4,119,38,83,78,57,131,102,81,112,128,135" hai2="59,16,37,68,86,96,45,110,30,56,67,18,127" hai3="116,53,51,123,8,60,50,103,105,97,98,15,62"/><U75/><E112/><V69/><F110/><W126/><G123/><T58/><D39/><U71/><E71/><V134/><F134/><W40/><G126/><T117/><D117/><U22/><E119/><V46/><F127/><W12/><G116/><T82/><D111/><U64/><E135/><V74/><F74/><W5/><G98/><T95/><D121/><U124/><E124/><V108/><F108/><W87/><G87/><T33/><D10/><U122/><E122/><V2/><F30/><W7/><G40/><T41/><D41/><U94/><E38/><V28/><F28/><W35/><G35/><T49/><D104/><U21/><E4/><N who="3" m="1610" /><G105/><T85/><D107/><U20/><E83/><V32/><F86/><W118/><G51/><T79/><D79/><U91/><E29/><V48/><F96/><W42/><G42/><T109/><D109/><U47/><E47/><V129/><F32/><W72/><G72/><T1/><REACH who="0" step="1"/><D66/><REACH who="0" ten="214,252,222,302" step="2"/><U99/><REACH who="1" step="1"/><E102/><REACH who="1" ten="214,242,222,302" step="2"/><V13/><F37/><W3/><G103/><T125/><D125/><U27/><E27/><V132/><F132/><W25/><G25/><T73/><D73/><U63/><AGARI ba="1,2" hai="20,21,22,57,63,64,75,78,81,91,94,99,128,131" machi="63" ten="30,6000,0" yaku="1,1,0,1,53,1" doraHai="34" doraHaiUra="61" who="1" fromWho="1" sc="214,-21,242,83,222,-21,302,-21" /><INIT seed="1,2,0,2,0,66" ten="193,325,201,281" oya="1" hai0="61,21,107,115,101,6,56,42,99,31,65,89,102" hai1="118,29,23,14,38,74,128,18,59,86,83,106,9" hai2="93,58,75,130,50,48,32,25,122,47,24,84,70" hai3="72,57,5,36,82,4,109,33,64,7,113,95,28"/><U3/><E118/><V111/><F122/><W45/><G113/><T37/><D115/><U16/><E128/><V10/><F75/><W52/><G33/><T62/><D6/><U67/><E74/><V133/><F111/><W117/><G28/><T76/><D76/><U88/><E38/><V129/><F133/><W53/><G109/><T30/><D102/><U104/><E29/><V63/><F10/><W79/><G64/><T20/><D31/><U78/><E78/><V100/><F70/><W112/><G112/><T60/><D89/><U81/><E83/><V54/><F48/><W108/><G117/><T69/><D30/><U71/><E59/><V94/><F84/><W44/><G108/><T26/><D26/><N who="2" m="10346" /><F100/><W134/><G134/><T11/><D11/><U119/><E119/><V121/><F121/><W96/><G53/><T40/><D62/><U90/><E90/><V43/><F32/><W12/><G12/><T92/><D107/><U49/><E49/><V97/><F97/><W2/><G2/><T17/><D37/><U91/><E91/><V105/><F105/><W103/><G36/><T0/><D0/><U8/><E8/><V131/><AGARI ba="2,0" hai="43,47,50,54,58,63,93,94,129,130,131" m="10346" machi="131" ten="40,1500,0" yaku="19,1" doraHai="66" who="2" fromWho="2" sc="193,-6,325,-9,201,21,281,-6" /><INIT seed="2,0,0,1,0,41" ten="187,316,222,275" oya="2" hai0="24,13,67,26,39,84,70,60,82,66,65,64,29" hai1="33,99,89,20,61,47,71,3,48,1,30,63,46" hai2="127,109,111,81,25,107,76,49,31,123,4,131,90" hai3="110,101,118,126,44,28,75,18,108,87,53,113,96"/><V86/><F123/><W0/><G118/><T40/><D13/><U93/><E33/><V91/><F127/><W116/><G116/><T6/><D6/><U12/><E71/><V11/><F107/><W128/><G75/><T85/><D85/><U8/><E1/><V95/><F131/><W2/><G28/><T22/><D26/><N who="1" m="16711" /><E3/><V5/><F49/><N who="3" m="28839" /><G126/><T78/><REACH who="0" step="1"/><D66/><REACH who="0" ten="177,316,222,275" step="2"/><U112/><E12/><N who="2" m="5223" /><F5/><W92/><G87/><T69/><D69/><U27/><E27/><V72/><F72/><W106/><G2/><T134/><D134/><U114/><E112/><V58/><F25/><W68/><G0/><T17/><D17/><U88/><E114/><V35/><F31/><W119/><G68/><T104/><D104/><U121/><E121/><V50/><F35/><W16/><G113/><T133/><D133/><U130/><E130/><V19/><F19/><W10/><G128/><T120/><D120/><U55/><E8/><V103/><F111/><N who="3" m="42539" /><G119/><T115/><D115/><U73/><E73/><V43/><F109/><W9/><G106/><T7/><D7/><U105/><E105/><V62/><F86/><W54/><G18/><T45/><AGARI ba="0,1" hai="22,24,29,39,40,45,60,64,65,67,70,78,82,84" machi="45" ten="30,7900,0" yaku="1,1,0,1,52,1,53,1" doraHai="41" doraHaiUra="59" who="0" fromWho="0" sc="177,89,316,-20,222,-39,275,-20" /><INIT seed="3,0,0,1,2,116" ten="266,296,183,255" oya="3" hai0="41,102,10,2,91,89,74,32,30,60,88,92,128" hai1="54,79,50,15,49,62,101,71,119,58,130,8,70" hai2="0,134,3,117,31,75,124,12,107,61,111,51,9" hai3="45,18,39,26,104,82,25,100,126,7,106,99,67"/><W131/><G106/><T127/><D74/><U125/><E125/><V17/><F107/><W95/><G126/><T33/><D127/><U66/><E119/><V28/><F124/><W11/><G131/><T36/><D128/><U19/><E130/><V35/><F117/><W96/><G67/><T14/><D2/><N who="2" m="554" /><F51/><W103/><G82/><T21/><D36/><U94/><E79/><V108/><F61/><W109/><G18/><T42/><D60/><U64/><E71/><V38/><F38/><W86/><G86/><T85/><D32/><U24/><E24/><N who="2" m="18823" /><F75/><W84/><G84/><T81/><D33/><U76/><E76/><V113/><F113/><W114/><G114/><T83/><D102/><U46/><E70/><V68/><F68/><W16/><G7/><N who="0" m="3423" /><D83/><U120/><E120/><V48/><F48/><N who="1" m="18537" /><E46/><V133/><F31/><W78/><G45/><T55/><D55/><U40/><E40/><N who="0" m="15465" /><D81/><U6/><E6/><V132/><AGARI ba="0,0" hai="9,12,17,108,111,132,133,134" m="18823,554" machi="132" ten="40,5200,0" yaku="20,1,34,2" doraHai="116" who="2" fromWho="2" sc="266,-13,296,-13,183,52,255,-26" /><INIT seed="4,0,0,5,5,131" ten="253,283,235,229" oya="0" hai0="129,59,94,40,27,111,70,11,113,52,47,19,78" hai1="84,98,32,64,115,69,88,77,93,36,130,25,60" hai2="114,127,8,103,133,134,22,89,56,30,126,29,97" hai3="35,2,15,65,20,46,34,118,75,49,128,83,37"/><T23/><D129/><U0/><E130/><V31/><F114/><W62/><G128/><T51/><D113/><U110/><E115/><V120/><F120/><W99/><G2/><T135/><D70/><U63/><E110/><V28/><F89/><W44/><G118/><T124/><D111/><U125/><E125/><N who="2" m="47627" /><F56/><W48/><G37/><T92/><D124/><U41/><E0/><V122/><F122/><W26/><G15/><T104/><D104/><U121/><E121/><V123/><F123/><W71/><G99/><T108/><D108/><U76/><E63/><V80/><F80/><W66/><G83/><T42/><D78/><U45/><REACH who="1" step="1"/><E98/><REACH who="1" ten="253,273,235,229" step="2"/><V96/><F96/><W87/><G75/><T54/><D135/><U21/><E21/><V85/><F97/><W9/><G87/><T107/><D107/><U72/><E72/><V16/><F85/><W100/><G9/><T55/><D11/><U116/><E116/><V12/><F103/><W6/><G100/><T74/><D74/><U73/><E73/><V3/><F3/><W101/><G101/><T5/><D23/><U86/><E86/><V57/><N who="2" m="7168" /><DORA hai="33" /><V81/><F22/><W58/><G20/><T105/><D105/><U82/><E82/><V68/><F81/><W10/><G10/><T90/><D94/><U91/><E91/><V38/><F134/><W24/><G62/><T132/><D92/><U13/><E13/><V112/><F133/><W102/><G102/><T43/><D132/><U61/><E61/><V1/><F112/><W67/><G71/><T117/><D117/><U7/><E7/><RYUUKYOKU ba="0,1" sc="253,-10,273,30,235,-10,229,-10" hai1="25,32,36,41,45,60,64,69,76,77,84,88,93" owari="243,4.3,313,41.3,225,-17.5,219,-28.1" /></mjloggm>