<mjloggm ver="2.3"><GO type="225" lobby="0"/><UN n0="%E6%80%AA%E3%81%97%E3%81%99%E3%81%8E%E3%82%8B%E3%83%81%E3%83%BC" n1="%E3%81%86%E3%81%A9%E3%82%93%E3%81%93" n2="%E3%81%93%E3%81%8F%E3%82%89%E3%82%AB%E3%83%90%E8%94%B5" n3="%E9%BB%92%E9%89%84%E7%8F%A0%E9%9B%AB" dan="16,16,17,16" rate="2147.68,2132.18,2111.06,2162.23" sx="M,M,M,F"/><TAIKYOKU oya="0"/><INIT seed="0,0,0,5,3,133" ten="250,250,250,250" oya="0" hai0="58,10,127,125,96,73,1,2,117,51,131,129,18" hai1="5,48,31,66,85,88,15,78,9,112,7,54,12" hai2="60,128,4,130,11,0,122,39,115,13,22,27,94" hai3="97,65,56,33,69,103,102,111,42,83,119,91,114"/><T126/><D73/><U59/><E112/><V63/><F39/><W76/><G33/><T101/><D117/><U62/><E78/><V17/><F115/><W80/><G69/><T89/><D89/><U34/><E31/><V47/><F47/><W19/><G42/><T68/><D68/><U82/><E34/><V46/><F46/><W105/><G19/><T57/><D18/><U123/><E123/><V84/><F122/><W121/><G65/><T98/><D10/><U64/><E62/><V6/><F6/><W72/><G56/><N who="0" m="21611" /><D51/><U124/><E124/><V30/><F84/><N who="3" m="50567" /><G119/><T90/><D90/><U93/><E82/><V21/><F94/><N who="3" m="58679" /><G114/><T120/><D120/><U113/><E113/><V3/><F60/><W32/><G32/><T81/><D81/><U134/><E134/><V106/><F63/><W100/><G121/><T49/><D49/><U67/><REACH who="1" step="1"/><E7/><REACH who="1" ten="250,240,250,250" step="2"/><V43/><F43/><W14/><G76/><T75/><D75/><U25/><E25/><N who="2" m="16687" /><F106/><W104/><G72/><T24/><D24/><U107/><E107/><V20/><F0/><AGARI ba="0,1" hai="0,5,9,12,15,48,54,59,64,66,67,85,88,93" machi="0" ten="40,2600,0" yaku="1,1,54,1,53,0" doraHai="133" doraHaiUra="79" who="1" fromWho="2" sc="250,0,240,36,250,-26,250,0" /><INIT seed="1,0,0,4,1,13" ten="250,276,224,250" oya="1" hai0="86,128,91,41,27,88,22,90,109,58,28,9,77" hai1="63,20,54,74,131,111,4,62,95,97,87,23,55" hai2="71,2,56,33,127,72,61,96,65,110,15,119,17" hai3="134,100,114,81,94,60,49,26,12,24,40,82,3"/><U123/><E74/><V132/><F2/><W34/><G3/><T66/><D109/><U85/><E123/><V1/><F1/><W84/><G114/><T103/><D128/><U112/><E112/><V48/><F110/><W21/><G34/><T36/><D103/><U29/><E4/><V0/><F0/><W8/><G134/><T126/><D126/><U104/><E104/><V125/><F72/><W45/><G60/><N who="1" m="23082" /><E131/><V32/><F119/><W14/><G14/><T52/><D66/><U76/><E111/><V5/><F5/><W37/><G37/><T47/><D9/><U73/><E73/><V69/><F132/><W89/><G100/><T121/><D121/><U105/><E105/><V116/><F116/><W39/><G39/><T46/><D46/><U83/><E85/><V93/><F32/><W115/><G115/><T108/><D108/><U53/><E29/><V30/><F30/><N who="3" m="17679" /><G26/><T75/><D75/><U43/><E43/><V64/><F33/><W92/><G81/><T42/><D42/><U25/><E25/><V57/><F64/><W70/><G70/><T133/><D133/><U7/><E7/><AGARI ba="0,0" hai="7,8,12,40,45,49,82,84,89,92,94" m="17679" machi="7" ten="30,1000,0" yaku="8,1" doraHai="13" who="3" fromWho="1" sc="250,0,276,-10,224,0,250,10" /><INIT seed="2,0,0,2,5,42" ten="250,266,224,260" oya="2" hai0="90,38,10,98,81,26,134,11,16,45,70,115,34" hai1="13,82,86,53,20,113,133,99,128,23,75,91,92" hai2="78,77,30,62,2,33,100,54,106,80,111,12,104" hai3="60,21,65,105,1,4,19,95,85,3,89,76,69"/><V118/><F2/><W49/><G105/><T116/><D115/><U132/><E113/><V43/><F118/><W122/><G122/><T110/><D70/><U51/><E75/><V129/><F43/><W32/><G32/><T103/><D116/><U44/><E128/><V109/><F129/><W114/><G114/><T127/><D110/><N who="2" m="41994" /><F100/><W102/><G4/><T29/><D127/><U119/><E119/><V15/><F30/><W93/><G76/><N who="2" m="29289" /><F80/><W68/><G68/><T6/><D81/><U71/><E71/><V55/><F33/><W52/><G102/><T130/><D90/><U22/><REACH who="1" step="1"/><E13/><REACH who="1" ten="250,256,224,260" step="2"/><N who="2" m="5195" /><F62/><W8/><G1/><T40/><D130/><U36/><E36/><V108/><N who="2" m="42002" /><V101/><DORA hai="47" /><F101/><AGARI ba="0,1" hai="20,22,23,44,51,53,82,86,91,92,99,101,132,133" machi="101" ten="40,8000,1" yaku="1,1,52,2,53,1" doraHai="42,47" doraHaiUra="88,123" who="1" fromWho="2" sc="250,0,256,90,224,-80,260,0" /><INIT seed="3,0,0,0,1,22" ten="250,346,144,260" oya="3" hai0="31,47,0,119,103,19,2,104,69,73,120,114,70" hai1="94,64,97,23,87,93,9,88,43,83,116,50,56" hai2="27,32,66,72,29,121,45,68,37,117,74,59,127" hai3="26,101,92,111,71,85,7,99,44,13,96,124,98"/><W4/><G71/><T52/><D119/><U49/><E116/><V80/><F59/><W36/><G124/><T82/><D120/><U95/><E9/><V105/><F117/><W18/><G111/><T14/><D114/><U11/><E11/><V130/><F127/><W54/><G36/><T90/><D31/><U112/><E112/><V51/><F51/><N who="1" m="19465" /><E43/><V41/><F121/><W115/><G115/><T20/><D90/><N who="1" m="51583" /><E23/><V91/><F91/><N who="3" m="53359" /><G101/><T6/><D103/><U30/><E30/><V5/><F130/><W15/><G15/><T53/><D104/><U126/><E126/><V24/><F5/><N who="3" m="2123" /><G44/><T16/><D6/><U131/><E131/><V58/><F58/><W28/><G54/><T123/><D123/><U8/><E8/><V60/><F24/><W108/><G108/><T17/><D47/><U38/><E38/><V109/><F109/><W110/><G110/><T61/><D70/><U107/><E107/><V42/><F41/><W21/><G28/><T134/><D134/><U129/><E129/><V122/><F122/><W12/><AGARI ba="0,0" hai="12,13,18,21,26,96,98,99" m="2123,53359" machi="12" ten="30,3000,0" yaku="8,1,52,1" doraHai="22" who="3" fromWho="3" sc="250,-10,346,-10,144,-10,260,30" /><INIT seed="3,1,0,5,4,105" ten="240,336,134,290" oya="3" hai0="130,36,20,53,96,33,19,109,31,11,84,59,74" hai1="123,91,116,32,71,128,58,119,70,127,15,48,47" hai2="40,89,38,21,57,54,82,99,39,124,46,10,79" hai3="93,37,49,8,75,22,3,134,108,25,85,26,24"/><W73/><G37/><N who="2" m="13833" /><F89/><W12/><G3/><T50/><D36/><U5/><E123/><V118/><F82/><W117/><G117/><N who="1" m="45130" /><E32/><V35/><F99/><W102/><G22/><T76/><D84/><U16/><E128/><V122/><F79/><W97/><G134/><T43/><D109/><U104/><E127/><V98/><F98/><W90/><G49/><T101/><D43/><U65/><E104/><V30/><F10/><W95/><REACH who="3" step="1"/><G108/><REACH who="3" ten="240,336,134,280" step="2"/><T17/><D20/><U13/><E48/><N who="2" m="26695" /><F21/><W0/><G0/><T41/><D50/><U81/><E47/><V55/><F35/><W69/><G69/><T77/><D33/><U45/><E45/><V92/><F30/><W68/><G68/><T18/><D31/><U34/><E34/><V133/><F118/><W121/><G121/><T125/><D125/><U131/><E71/><V23/><F23/><W52/><G52/><N who="2" m="20009" /><F124/><W114/><G114/><T44/><D11/><U135/><E70/><V103/><F103/><W132/><G132/><T29/><D101/><U126/><E135/><V115/><F133/><W67/><G67/><T88/><D29/><U78/><E65/><V72/><F115/><W100/><G100/><T2/><D2/><U51/><E126/><V94/><F122/><W106/><G106/><T87/><D53/><U7/><E51/><V4/><F57/><W63/><G63/><T14/><D59/><U112/><E58/><V42/><F42/><W80/><G80/><T66/><D41/><U113/><E81/><V56/><F56/><W129/><G129/><T110/><D130/><U83/><E131/><RYUUKYOKU ba="1,1" sc="240,-10,336,-10,134,-10,280,30" hai3="8,12,24,25,26,73,75,85,90,93,95,97,102" /><INIT seed="3,2,1,2,5,88" ten="230,326,124,310" oya="3" hai0="28,126,46,122,0,107,55,85,123,116,83,27,103" hai1="128,70,72,34,79,5,133,82,104,59,129,38,6" hai2="112,60,64,51,11,90,61,4,105,9,43,76,41" hai3="31,98,65,48,2,74,44,124,80,24,35,86,118"/><W53/><G118/><T106/><D116/><U77/><E70/><V69/><F105/><W12/><G2/><T33/><D0/><U57/><E34/><V120/><F112/><W45/><G74/><T87/><D126/><U14/><E133/><V39/><F76/><W16/><G124/><T56/><D46/><U54/><E104/><V115/><F115/><W20/><G65/><T32/><D87/><U63/><E38/><V81/><F120/><W84/><G98/><T95/><D33/><U25/><E79/><V131/><F131/><N who="1" m="50249" /><E25/><V23/><F39/><W73/><G73/><T130/><D106/><U89/><E89/><V134/><F134/><W15/><G80/><T127/><D127/><U91/><E91/><V21/><F90/><W109/><G109/><T3/><D55/><N who="1" m="34239" /><E14/><V92/><F81/><W125/><G125/><T78/><D56/><U67/><E67/><V36/><F36/><W17/><G45/><T135/><D28/><U7/><E7/><V30/><F30/><W8/><AGARI ba="2,1" hai="8,12,15,16,17,20,24,31,35,44,48,53,84,86" machi="8" ten="20,3900,0" yaku="0,1,7,1,54,1" doraHai="88" who="3" fromWho="3" sc="230,-15,326,-15,124,-15,310,55" owari="215,-18.5,311,11.1,109,-39.1,365,46.5" /></mjloggm>