<mjloggm ver="2.3"><GO type="225" lobby="0"/><UN n0="%E3%81%A8%E3%82%93%E3%81%A8%E3%81%93%E3%81%A8%E3%82%93" n1="%E8%BE%9B%E5%8F%A3%E3%82%AB%E3%83%AC%E3%83%BC%E3%83%A9%E3%82%A4%E3%82%B9" n2="%E6%9D%B1%E9%A2%A8%E3%81%AE%E3%81%8D%E3%82%83%E3%81%B7%E3%81%95%E3%82%93" n3="%E6%A1%9C%E8%8A%B1%E9%96%83%E3%80%85" dan="16,17,17,16" rate="2114.53,2258.25,2263.76,2129.40" sx="F,M,M,M"/><TAIKYOKU oya="0"/><INIT seed="0,0,0,0,3,28" ten="250,250,250,250" oya="0" hai0="43,62,130,16,34,58,101,83,103,17,95,110,63" hai1="44,128,99,78,3,105,42,50,10,37,23,93,38" hai2="55,135,65,64,123,53,73,81,72,22,69,59,114" hai3="12,104,51,108,82,109,127,126,30,119,32,111,117"/><T36/><D130/><U6/><E128/><V20/><F123/><W8/><G104/><T112/><D112/><U129/><E129/><V56/><F81/><W80/><G51/><T68/><D110/><U79/><E105/><V89/><F89/><W15/><G82/><T0/><D0/><U21/><E21/><V125/><F69/><W121/><G80/><T70/><D43/><U11/><E23/><V35/><F125/><N who="3" m="47627" /><G121/><T84/><D36/><U100/><REACH who="1" step="1"/><E11/><REACH who="1" ten="250,240,250,250" step="2"/><V27/><F27/><N who="3" m="18527" /><G15/><T113/><D113/><U74/><E74/><V52/><F114/><W40/><G40/><T102/><D34/><U45/><E45/><V29/><F73/><W49/><G49/><T132/><D132/><U98/><E98/><V7/><F72/><W47/><G47/><T60/><D70/><U134/><E134/><V14/><F135/><W76/><G76/><AGARI ba="0,1" hai="3,6,10,37,38,42,44,50,76,78,79,93,99,100" machi="76" ten="40,1300,0" yaku="1,1,53,0" doraHai="28" doraHaiUra="18" who="1" fromWho="3" sc="250,0,240,23,250,0,250,-13" /><INIT seed="1,0,0,2,2,132" ten="250,263,250,237" oya="1" hai0="117,27,119,121,74,111,8,78,11,57,118,38,110" hai1="92,32,94,97,82,60,67,29,130,84,34,124,41" hai2="28,50,123,95,56,127,35,125,80,106,90,72,69" hai3="108,7,70,46,33,76,58,105,107,43,10,30,89"/><U47/><E130/><V16/><F69/><W135/><G70/><T134/><D38/><U24/><E34/><V39/><F39/><W22/><G33/><T61/><D134/><U54/><E54/><N who="2" m="31831" /><F106/><W14/><G135/><T79/><D27/><U81/><E124/><N who="2" m="47691" /><F35/><W5/><G76/><N who="0" m="29227" /><D74/><U65/><E84/><N who="2" m="50439" /><F28/><W49/><G107/><T21/><D121/><U71/><E71/><V129/><F72/><W104/><G104/><T15/><D118/><U116/><E116/><V36/><F36/><W20/><G105/><T64/><D119/><U62/><E29/><V17/><F129/><W85/><G30/><T68/><D117/><U45/><E32/><V23/><F123/><W128/><G128/><T75/><D75/><U26/><E97/><V1/><F1/><W77/><G85/><T18/><D68/><U100/><E41/><V63/><F63/><W52/><G43/><T55/><D64/><U0/><E0/><V120/><F120/><W44/><G77/><T51/><D61/><U98/><E98/><V2/><F2/><W66/><G66/><T131/><D131/><U88/><E88/><V93/><F17/><W31/><G31/><T122/><D122/><U4/><E100/><V42/><F42/><W113/><G5/><AGARI ba="0,0" hai="4,5,24,26,45,47,60,62,65,67,81,82,92,94" machi="5" ten="25,4800,0" yaku="22,2,8,1" doraHai="132" who="1" fromWho="3" sc="250,0,263,48,250,0,237,-48" /><INIT seed="1,1,0,1,4,121" ten="250,311,250,189" oya="1" hai0="13,37,55,41,17,30,112,81,16,34,58,40,119" hai1="59,78,92,73,110,123,21,31,29,47,132,101,89" hai2="10,24,104,67,84,9,7,53,71,38,56,111,108" hai3="23,57,117,93,27,51,75,44,86,50,96,25,87"/><U66/><E123/><V61/><F104/><W106/><G75/><T64/><D112/><U22/><E132/><V129/><F38/><W36/><G106/><T83/><D64/><U128/><E128/><V43/><F43/><W102/><G117/><T103/><D103/><U107/><E47/><V3/><F129/><W77/><G36/><T42/><D119/><U65/><E101/><V120/><F120/><W18/><G77/><T45/><D34/><U54/><E107/><V8/><F84/><W99/><G99/><T130/><D30/><N who="1" m="11275" /><E110/><N who="2" m="42027" /><F24/><W82/><G82/><T124/><D130/><U90/><E78/><V6/><F3/><W97/><G97/><T122/><D122/><U19/><E73/><V11/><N who="2" m="2048" /><DORA hai="62" /><V48/><AGARI ba="1,0" hai="6,7,48,53,56,61,67,71" m="2048,42027" machi="48" ten="50,12000,2" yaku="4,1,14,1,52,4" doraHai="121,62" who="2" fromWho="2" sc="250,-31,311,-61,250,123,189,-31" /><INIT seed="2,0,0,1,5,115" ten="219,250,373,158" oya="2" hai0="113,7,77,120,32,0,35,123,118,59,48,5,122" hai1="1,84,64,21,6,87,72,57,41,95,45,83,89" hai2="79,114,53,81,68,47,49,86,74,102,105,50,129" hai3="94,34,20,101,31,2,42,104,121,134,15,19,30"/><V27/><F68/><W119/><G121/><T39/><D39/><U12/><E1/><V60/><F129/><W128/><G104/><T82/><D113/><U73/><E57/><V8/><F114/><W75/><G128/><T126/><D126/><U109/><E64/><V13/><F74/><W40/><G134/><T131/><D131/><U93/><E109/><V132/><F132/><W80/><G2/><T10/><D7/><U85/><E85/><V124/><F124/><W97/><G34/><T90/><D90/><U127/><E127/><V11/><F105/><W69/><G69/><T3/><D3/><U92/><E87/><V51/><F102/><W106/><G106/><T71/><D48/><U88/><E89/><V54/><F27/><W24/><G119/><T117/><D59/><U28/><E28/><V63/><F8/><W62/><G62/><N who="2" m="23593" /><F47/><W37/><G37/><T111/><D111/><U107/><E107/><V135/><F135/><W43/><REACH who="3" step="1"/><G24/><REACH who="3" ten="219,250,373,148" step="2"/><T29/><D71/><U103/><E103/><V14/><F14/><W67/><G67/><T36/><D36/><U70/><E70/><V116/><F116/><N who="0" m="44650" /><D29/><U98/><E12/><V58/><F51/><W133/><G133/><T108/><D108/><U23/><E83/><V100/><F81/><W65/><G65/><T99/><D82/><U52/><E93/><V17/><F50/><W130/><G130/><T76/><D32/><U112/><E95/><V44/><F49/><W55/><G55/><T4/><D35/><U110/><E112/><V38/><F38/><W46/><G46/><T16/><D0/><RYUUKYOKU ba="0,1" sc="219,-10,250,-10,373,-10,148,30" hai3="15,19,20,30,31,40,42,43,75,80,94,97,101" /><INIT seed="3,1,1,1,4,11" ten="209,240,363,178" oya="3" hai0="69,53,104,44,2,89,13,134,37,133,38,22,126" hai1="95,131,124,40,86,58,61,115,75,72,83,12,46" hai2="26,16,78,49,41,105,92,71,20,82,50,97,119" hai3="108,73,54,118,70,10,132,56,116,113,106,15,123"/><W129/><RYUUKYOKU type="yao9" ba="1,1" sc="209,0,240,0,363,0,178,0" hai3="10,15,54,56,70,73,106,108,113,116,118,123,129,132" /><INIT seed="3,2,1,3,1,42" ten="209,240,363,178" oya="3" hai0="103,48,131,62,82,28,127,70,31,94,45,102,61" hai1="34,84,126,15,110,134,25,119,106,19,46,64,24" hai2="30,52,50,125,120,109,16,90,91,122,26,115,118" hai3="27,51,4,9,63,20,17,66,130,35,117,5,124"/><W39/><G117/><T65/><D127/><U104/><E126/><V37/><F37/><W36/><G124/><T72/><D131/><U49/><E119/><V43/><F43/><W38/><G130/><T60/><D70/><U59/><E110/><V68/><F68/><W111/><G111/><T92/><D65/><U55/><E134/><V12/><F109/><W83/><G35/><T23/><D72/><U99/><E34/><V3/><F3/><W7/><G83/><T80/><D48/><U41/><E64/><V107/><F107/><W77/><G77/><T47/><D62/><U101/><E84/><V22/><F115/><W88/><G88/><T40/><D40/><U96/><E96/><V6/><F6/><W54/><G9/><T133/><D23/><U95/><E104/><V76/><F76/><W18/><G18/><T98/><D98/><U74/><E106/><V100/><F100/><W11/><G11/><T112/><D133/><U105/><E105/><V8/><F125/><W108/><G108/><T97/><D97/><U2/><E2/><V1/><F1/><W113/><G113/><AGARI ba="2,1" hai="28,31,45,47,60,61,80,82,92,94,102,103,112,113" machi="113" ten="25,6400,0" yaku="22,2,52,2" doraHai="42" who="0" fromWho="3" sc="209,80,240,0,363,0,178,-70" owari="289,8.9,240,-16.0,363,46.3,108,-39.2" /></mjloggm>