<mjloggm ver="2.3"><GO type="225" lobby="0"/><UN n0="%E9%B4%A8%4E%45%47%49" n1="%72%69%6F%75%63%68%61%6E" n2="%E6%97%A5%E6%9B%9C%E6%97%A5%E3%82%88%E3%82%8A%E3%81%AE%E4%BD%BF%E8%80%85" n3="%4E%55%44%41" dan="16,16,16,17" rate="2098.33,2210.13,2150.19,2154.44" sx="M,M,M,M"/><TAIKYOKU oya="0"/><INIT seed="0,0,0,3,4,78" ten="250,250,250,250" oya="0" hai0="97,44,1,76,28,106,60,126,35,36,90,89,99" hai1="2,118,40,21,16,92,87,102,57,46,51,66,19" hai2="32,56,86,39,29,95,14,67,128,11,84,69,134" hai3="120,50,41,23,18,121,24,85,119,63,45,15,91"/><T68/><D1/><U17/><E118/><V109/><F39/><W100/><G119/><T5/><D99/><N who="1" m="59751" /><E2/><V70/><F56/><W33/><G63/><T72/><D5/><U135/><E135/><V115/><F115/><W111/><G100/><N who="0" m="62735" /><D126/><U3/><E3/><V127/><F32/><W0/><G0/><T103/><D103/><U81/><E66/><V132/><F29/><W105/><G105/><T122/><D90/><N who="1" m="51567" /><E57/><V113/><F113/><W59/><G59/><T48/><D89/><U125/><E125/><V110/><F127/><W38/><G38/><T13/><D76/><U116/><E116/><V79/><F79/><W22/><G33/><T129/><D122/><U26/><AGARI ba="0,0" hai="16,17,19,21,26,40,46,51" m="51567,59751" machi="26" ten="30,4000,0" yaku="8,1,52,1,54,1" doraHai="78" who="1" fromWho="1" sc="250,-20,250,40,250,-10,250,-10" /><INIT seed="1,0,0,3,2,99" ten="230,290,240,240" oya="1" hai0="123,115,112,45,98,119,2,96,109,12,100,26,8" hai1="120,118,128,42,34,30,3,94,85,24,0,75,32" hai2="79,21,89,41,127,84,117,67,68,65,106,48,71" hai3="60,87,10,33,129,97,74,57,102,50,63,55,73"/><U16/><E118/><V90/><F106/><W28/><G129/><T36/><D119/><U72/><E120/><V22/><F117/><W135/><G135/><T37/><D2/><U111/><E128/><V114/><F79/><W17/><G87/><T122/><D98/><U121/><E121/><N who="0" m="46089" /><D26/><U64/><E34/><V132/><F48/><W43/><G28/><T133/><D109/><U9/><E111/><V92/><F41/><W66/><G43/><N who="0" m="22759" /><D37/><U125/><E125/><V93/><F84/><W27/><G63/><T101/><D101/><U15/><E64/><V58/><F127/><W77/><G77/><T1/><D133/><U19/><E42/><V134/><REACH who="2" step="1"/><F58/><REACH who="2" ten="230,290,230,240" step="2"/><W81/><G57/><T56/><D56/><U126/><E126/><V23/><F23/><W108/><G108/><T11/><D11/><U130/><E130/><V46/><F46/><W40/><G10/><T29/><D115/><AGARI ba="0,1" hai="21,22,65,67,68,71,89,90,92,93,114,115,132,134" machi="115" ten="25,3200,0" yaku="1,1,22,2,53,0" doraHai="99" doraHaiUra="47" who="2" fromWho="0" sc="230,-32,290,0,230,42,240,0" /><INIT seed="2,0,0,1,2,81" ten="198,290,272,240" oya="2" hai0="78,29,64,59,19,71,69,58,18,90,87,77,113" hai1="60,45,91,116,57,54,13,42,102,114,89,108,67" hai2="50,86,74,38,125,72,96,79,68,63,100,101,41" hai3="122,43,33,21,111,92,105,85,118,47,53,129,110"/><V11/><F38/><W23/><G118/><T46/><D113/><U3/><E108/><N who="3" m="41514" /><G122/><T62/><D29/><U123/><E114/><V31/><F31/><W120/><G120/><T112/><D112/><U55/><E116/><V84/><F125/><W28/><G105/><T94/><D46/><U40/><E3/><V44/><F11/><W52/><G33/><T126/><D126/><U27/><E123/><V133/><F133/><W8/><G8/><T66/><D19/><U76/><E102/><V121/><F121/><W115/><G129/><T88/><D18/><U24/><E76/><V103/><F96/><W95/><G115/><T73/><D73/><U1/><E1/><V70/><F70/><W17/><G23/><T37/><D37/><U34/><E13/><V97/><F97/><W32/><G28/><T83/><D66/><U2/><E2/><V39/><F39/><N who="3" m="22015" /><G32/><T128/><D128/><U25/><E34/><V93/><F93/><N who="3" m="35915" /><G85/><T98/><REACH who="0" step="1"/><D59/><REACH who="0" ten="188,290,272,240" step="2"/><U51/><E67/><V82/><F74/><W16/><G17/><T36/><D36/><U124/><E124/><V109/><F109/><W10/><G10/><T117/><D117/><U56/><E40/><V4/><F4/><W80/><G80/><T22/><D22/><U75/><E75/><V127/><F127/><W65/><G65/><T5/><D5/><U135/><E135/><V14/><F72/><W132/><G132/><T131/><D131/><U26/><N who="1" m="6144" /><DORA hai="0" /><U20/><E20/><V130/><F130/><W48/><G21/><T9/><D9/><U134/><E134/><V107/><F82/><RYUUKYOKU ba="0,1" sc="188,15,290,15,272,-15,240,-15" hai0="58,62,64,69,71,77,78,83,87,88,90,94,98" hai1="42,45,51,54,55,56,57,60,89,91" /><INIT seed="3,1,1,0,5,70" ten="203,305,257,225" oya="3" hai0="41,58,128,60,5,1,4,81,119,36,62,16,50" hai1="76,57,73,55,56,24,15,71,35,105,127,101,104" hai2="9,124,19,6,49,109,59,22,3,42,87,84,122" hai3="46,97,40,112,31,86,26,129,21,92,34,72,83"/><W11/><G129/><T110/><D119/><U2/><E2/><V38/><F109/><W106/><G112/><T29/><D110/><U14/><E71/><V121/><F124/><W65/><G65/><T116/><D116/><U32/><E101/><V120/><F49/><W93/><G72/><T27/><D128/><U135/><E24/><N who="2" m="14431" /><F59/><N who="1" m="22601" /><E73/><V10/><F9/><W63/><G63/><N who="0" m="24107" /><D36/><U103/><E103/><V23/><F23/><W75/><G75/><T85/><D1/><U74/><E74/><V44/><AGARI ba="1,1" hai="3,6,10,38,42,44,84,87,120,121,122" m="14431" machi="44" ten="40,2700,0" yaku="13,1,52,1" doraHai="70" who="2" fromWho="2" sc="203,-8,305,-8,257,40,225,-14" /><INIT seed="4,0,0,4,0,127" ten="195,297,297,211" oya="0" hai0="33,4,129,5,72,59,102,101,100,7,107,68,45" hai1="122,57,112,19,29,0,22,55,40,8,20,30,108" hai2="26,18,92,79,58,85,14,97,53,69,10,130,123" hai3="65,135,46,116,64,66,27,11,2,28,77,132,1"/><T25/><D68/><U13/><E108/><V24/><F69/><W71/><G116/><T81/><D59/><U70/><E122/><V9/><F130/><W131/><G71/><T42/><D129/><U78/><E70/><V43/><F43/><W104/><G131/><T3/><D3/><U126/><E126/><V50/><F123/><W31/><G104/><T133/><D133/><N who="3" m="51273" /><G77/><T105/><D72/><U49/><E112/><V74/><F74/><W32/><G31/><N who="1" m="11786" /><E0/><N who="3" m="106" /><G46/><T61/><D81/><U120/><E120/><V117/><F117/><W88/><G11/><T93/><D25/><U118/><E118/><V21/><F10/><W91/><AGARI ba="0,0" hai="27,28,32,64,65,66,88,91" m="106,51273" machi="91" ten="40,2700,0" yaku="20,1,54,1" doraHai="127" who="3" fromWho="3" sc="195,-13,297,-7,297,-7,211,27" /><INIT seed="5,0,0,3,3,8" ten="182,290,290,238" oya="1" hai0="18,17,39,104,50,16,72,22,63,64,96,61,117" hai1="9,57,11,133,7,13,87,25,124,116,78,77,84" hai2="12,41,59,120,36,26,125,73,1,44,94,79,97" hai3="10,56,2,135,54,126,107,76,127,65,129,52,45"/><U30/><E116/><V82/><F120/><W74/><G107/><T81/><D117/><U89/><E124/><N who="3" m="47658" /><G135/><T114/><D114/><U130/><E130/><V0/><F125/><W69/><G129/><T119/><D119/><U68/><E68/><V46/><F26/><W3/><G45/><T53/><D39/><U15/><E133/><V27/><F27/><W4/><G69/><T40/><D40/><U100/><E100/><V60/><F12/><N who="3" m="5191" /><G65/><T48/><D48/><U32/><E57/><V19/><F19/><W85/><G74/><T71/><D63/><U95/><E87/><V21/><F21/><W38/><G38/><T37/><D37/><U34/><E32/><V122/><F46/><W98/><G98/><T31/><D96/><U121/><E121/><V80/><F80/><N who="3" m="47239" /><G54/><T106/><D81/><U99/><E99/><V70/><F70/><W42/><G42/><T24/><REACH who="0" step="1"/><D72/><REACH who="0" ten="172,290,290,238" step="2"/><U102/><E102/><V110/><F122/><W47/><G47/><AGARI ba="0,1" hai="16,17,18,22,24,31,47,50,53,61,64,71,104,106" machi="47" ten="40,5200,0" yaku="1,1,2,1,54,1,53,0" doraHai="8" doraHaiUra="92" who="0" fromWho="3" sc="172,62,290,0,290,0,238,-52" /><INIT seed="6,0,0,0,1,118" ten="234,290,290,186" oya="2" hai0="67,0,65,1,46,87,27,117,110,106,125,135,35" hai1="58,31,61,20,34,83,44,115,71,30,95,29,2" hai2="19,5,98,60,62,94,81,86,51,64,93,73,111" hai3="78,130,8,123,102,48,59,69,41,109,89,6,38"/><V105/><F73/><W68/><G109/><T116/><D106/><U49/><E71/><V57/><F111/><W17/><G130/><T80/><D110/><U91/><E34/><V15/><F105/><W108/><G108/><T85/><D135/><U25/><E2/><N who="0" m="1129" /><D125/><U124/><E115/><V22/><F5/><W119/><G119/><N who="0" m="45643" /><D46/><U7/><E7/><V90/><F93/><W79/><G123/><T52/><D52/><N who="1" m="33991" /><E83/><V113/><F113/><W104/><G17/><T70/><D70/><U12/><E12/><V63/><F51/><W11/><G38/><T88/><D87/><N who="1" m="52735" /><E124/><V99/><F99/><W23/><G23/><T9/><D9/><U74/><E74/><V45/><F45/><W75/><G11/><T122/><D122/><U40/><AGARI ba="0,0" hai="20,25,29,30,31,40,44,49" m="52735,33991" machi="40" ten="30,2000,0" yaku="8,1,54,1" doraHai="118" who="1" fromWho="1" sc="234,-5,290,20,290,-10,186,-5" owari="229,-17.1,310,41.0,280,8.0,181,-31.9" /></mjloggm>