<mjloggm ver="2.3"><GO type="225" lobby="0"/><UN n0="%E9%B3%B3%E6%9D%B1%E3%81%AE%E3%81%86%E3%81%95%E3%81%8E%E3%81%95%E3%82%93" n1="%6E%69%63%6F%6E%74%6F" n2="%E3%81%86%E3%81%A1%E3%83%BC" n3="%E3%81%95%E3%81%8D%E3%81%9F%E3%81%BE%E6%9E%97%E6%AA%8E" dan="16,16,17,16" rate="2141.66,2135.79,2158.05,2141.48" sx="M,M,M,M"/><TAIKYOKU oya="0"/><INIT seed="0,0,0,1,3,52" ten="250,250,250,250" oya="0" hai0="111,55,14,103,108,48,90,135,86,63,107,93,11" hai1="99,94,73,36,114,83,66,33,80,110,45,3,64" hai2="28,43,97,20,61,133,82,50,79,41,34,77,51" hai3="131,54,106,12,6,32,46,38,69,0,105,40,72"/><T2/><D2/><U132/><E33/><V22/><F34/><W29/><G131/><T89/><D135/><U120/><E120/><V130/><F130/><W31/><G31/><T116/><D116/><U65/><E132/><V119/><F133/><W37/><G12/><T113/><D113/><U47/><E114/><V7/><F97/><W126/><G126/><T30/><D30/><U104/><E104/><V59/><F7/><W9/><G38/><T92/><D107/><U23/><E73/><V70/><F70/><W88/><G54/><T118/><D63/><U60/><E36/><V123/><F123/><W15/><G15/><T81/><D103/><U127/><E3/><V115/><F115/><W128/><G128/><T96/><D92/><U122/><E122/><V16/><F22/><W13/><G13/><T4/><REACH who="0" step="1"/><D118/><REACH who="0" ten="240,250,250,250" step="2"/><U39/><E94/><V67/><F28/><W62/><G106/><T49/><D49/><N who="2" m="18442" /><F82/><W98/><G105/><T74/><D74/><U85/><E83/><V102/><F102/><W100/><G100/><T121/><D121/><U35/><E80/><V76/><F119/><W117/><G117/><T58/><AGARI ba="0,1" hai="4,11,14,48,55,58,81,86,89,90,93,96,108,111" machi="58" ten="30,6000,0" yaku="1,1,0,1,52,1,53,0" doraHai="52" doraHaiUra="18" who="0" fromWho="0" sc="240,70,250,-20,250,-20,250,-20" /><INIT seed="0,1,0,2,0,89" ten="310,230,230,230" oya="0" hai0="34,88,66,22,113,133,43,64,111,19,44,60,102" hai1="48,93,15,5,21,86,128,69,134,3,2,85,62" hai2="49,83,25,114,79,94,72,31,124,51,120,11,28" hai3="29,16,1,68,74,56,4,26,84,12,57,76,14"/><T82/><D113/><U119/><E119/><V130/><F114/><W75/><G68/><T39/><D34/><U54/><E128/><V40/><F130/><W100/><G100/><T71/><D133/><U53/><E134/><V107/><F107/><W55/><G1/><T125/><D125/><U112/><E85/><V6/><F120/><W37/><G37/><T33/><D33/><U10/><E21/><V123/><F123/><W97/><G4/><T116/><D116/><U118/><E112/><V90/><F124/><W35/><G57/><T103/><D66/><U96/><E86/><V0/><F40/><W65/><G65/><T80/><D111/><U73/><E73/><V17/><F17/><W23/><G12/><T109/><D109/><U42/><E42/><V122/><F122/><W46/><G46/><T70/><D70/><U32/><E32/><V87/><REACH who="2" step="1"/><F25/><REACH who="2" ten="310,230,220,230" step="2"/><W50/><REACH who="3" step="1"/><G97/><REACH who="3" ten="310,230,220,220" step="2"/><T38/><D38/><U77/><E96/><V36/><F36/><W132/><G132/><T99/><D99/><U126/><E126/><V129/><F129/><W108/><G108/><T81/><D39/><U41/><E118/><V45/><F45/><W30/><G30/><AGARI ba="1,2" hai="0,6,11,28,30,31,49,51,72,79,83,87,90,94" machi="30" ten="40,2600,0" yaku="1,1,52,1,53,0" doraHai="89" doraHaiUra="127" who="2" fromWho="3" sc="310,0,230,0,220,49,220,-29" /><INIT seed="1,0,0,2,4,57" ten="310,230,269,191" oya="1" hai0="56,12,28,106,128,113,104,101,96,30,29,107,119" hai1="72,5,58,84,71,11,95,36,103,48,27,66,111" hai2="92,129,112,126,6,97,117,62,89,52,7,31,51" hai3="79,60,74,116,82,124,33,109,132,22,41,114,50"/><U83/><E36/><V25/><F117/><W135/><G109/><T47/><D119/><U19/><E71/><V93/><F129/><W80/><G116/><T35/><D113/><U43/><E72/><V63/><F126/><W38/><G38/><T127/><D127/><U77/><E111/><V90/><F112/><W68/><G124/><T2/><D2/><U34/><E34/><V130/><F130/><W123/><G33/><T122/><D122/><U121/><E121/><V39/><F39/><W134/><G123/><T0/><D0/><U42/><E5/><N who="2" m="1547" /><F25/><W65/><G114/><T133/><D133/><U78/><E78/><V73/><F31/><W105/><G105/><T115/><D115/><U40/><E11/><V81/><F81/><N who="3" m="45303" /><G22/><T18/><D128/><U94/><E103/><V49/><F49/><W20/><G20/><T69/><D69/><U100/><E100/><V46/><F73/><W32/><G32/><T108/><D108/><U14/><E27/><V54/><F54/><W4/><G4/><T13/><D13/><U76/><E76/><V99/><AGARI ba="0,0" hai="46,51,52,62,63,89,90,92,93,97,99" m="1547" machi="99" ten="30,7900,0" yaku="8,1,52,2,54,1" doraHai="57" who="2" fromWho="2" sc="310,-20,230,-39,269,79,191,-20" /><INIT seed="2,0,0,2,0,6" ten="290,191,348,171" oya="2" hai0="15,19,30,28,9,62,24,22,3,29,21,55,73" hai1="134,92,113,131,84,70,126,33,96,130,95,77,41" hai2="91,13,52,40,74,14,100,103,68,44,20,97,89" hai3="78,59,31,76,27,12,87,123,110,108,102,133,11"/><V75/><F68/><W32/><G133/><T39/><D39/><U94/><E70/><V58/><F75/><W101/><G123/><T25/><D73/><U99/><E33/><V61/><F74/><W79/><G87/><T71/><D55/><U112/><E41/><V57/><F57/><W83/><G83/><T116/><D116/><U53/><E53/><V37/><F103/><W80/><G80/><T93/><D93/><U104/><E104/><V60/><F61/><W119/><G59/><T47/><D47/><U8/><E8/><V45/><F44/><W23/><G32/><N who="0" m="20487" /><D62/><U46/><E46/><V10/><F20/><N who="0" m="7786" /><D71/><U106/><E106/><V125/><F14/><W50/><G50/><T72/><D72/><U132/><E95/><V117/><F117/><W63/><G63/><T124/><D124/><U49/><E49/><V2/><F125/><W109/><REACH who="3" step="1"/><G119/><REACH who="3" ten="290,191,348,161" step="2"/><T114/><D114/><U56/><E84/><V42/><F60/><W122/><G122/><T67/><D67/><U121/><E56/><V54/><F58/><W85/><G85/><T5/><D25/><U115/><E115/><V88/><F37/><W90/><G90/><T65/><D65/><U26/><E121/><V111/><F91/><W98/><G98/><T128/><D128/><U38/><E38/><V81/><F88/><W36/><G36/><T127/><D127/><U66/><E126/><V16/><F89/><W34/><G34/><T18/><D3/><U120/><E66/><V105/><F2/><W86/><G86/><T4/><D4/><AGARI ba="0,1" hai="4,11,12,23,27,31,76,78,79,101,102,108,109,110" machi="4" ten="50,8000,1" yaku="1,1,14,1,52,1,53,1" doraHai="6" doraHaiUra="7" who="3" fromWho="0" sc="290,-80,191,0,348,0,161,90" /><INIT seed="3,0,0,2,0,115" ten="210,191,348,251" oya="3" hai0="17,131,30,35,22,93,14,87,121,76,15,96,49" hai1="33,52,110,29,98,95,112,134,126,43,109,73,8" hai2="123,2,39,28,72,97,44,129,101,116,37,81,46" hai3="79,58,89,48,106,9,10,85,122,88,61,38,6"/><W42/><G122/><T70/><D121/><U1/><E112/><V66/><F116/><W27/><G106/><T92/><D70/><U99/><E73/><V67/><F2/><W125/><G38/><T84/><D131/><U128/><E128/><V83/><F28/><W135/><G135/><T41/><D35/><U105/><E134/><V114/><F101/><W68/><G68/><T32/><D32/><U127/><E43/><V132/><F72/><W113/><G113/><T80/><D30/><U107/><E1/><V100/><F100/><W18/><G125/><N who="1" m="47626" /><E8/><V36/><F36/><W60/><G60/><T56/><D87/><U57/><E29/><V7/><F114/><W53/><G79/><T77/><D76/><U65/><E65/><V69/><F69/><W78/><G78/><T64/><D96/><N who="1" m="36907" /><E95/><N who="0" m="36425" /><D64/><U111/><E33/><V108/><F132/><W45/><G10/><T62/><D62/><AGARI ba="0,0" hai="52,57,62,105,107,109,110,111" m="36907,47626" machi="62" ten="40,5200,0" yaku="14,1,18,1,54,1" doraHai="115" who="1" fromWho="0" sc="210,-52,191,52,348,0,251,0" owari="158,-34.2,243,-15.7,348,44.8,251,5.1" /></mjloggm>