<mjloggm ver="2.3"><GO type="225" lobby="0"/><UN n0="%68%6F%72%69%30%39%30%31" n1="%E4%B8%AD%E5%B9%B4%E3%81%AE%E5%8D%B1%E6%A9%9F" n2="%73%61%6E%64%69%72%69%73" n3="%E5%B7%9D%E7%94%B0%E7%94%B1%E8%89%AF%E9%87%8C" dan="16,17,16,16" rate="2037.58,2221.45,2147.00,2089.42" sx="M,M,M,M"/><TAIKYOKU oya="0"/><INIT seed="0,0,0,5,2,95" ten="250,250,250,250" oya="0" hai0="19,32,129,87,76,41,93,122,84,118,39,83,133" hai1="57,85,104,112,42,6,92,117,68,56,38,82,26" hai2="64,78,103,47,121,37,13,28,132,69,31,30,4" hai3="34,98,43,52,97,59,65,113,1,25,63,0,35"/><T55/><D122/><U115/><E104/><V134/><F121/><W8/><G113/><N who="1" m="43594" /><E117/><V100/><F78/><W130/><G130/><T75/><D118/><U86/><E68/><V99/><F64/><W11/><G43/><T24/><D129/><U119/><E119/><V135/><F69/><W70/><G0/><T33/><D133/><U128/><E6/><V54/><F100/><W77/><G77/><T89/><D75/><U120/><E120/><V49/><F37/><W5/><G11/><T16/><D55/><U58/><E128/><V61/><F61/><W73/><G73/><T45/><REACH who="0" step="1"/><D33/><REACH who="0" ten="240,250,250,250" step="2"/><U91/><E42/><V2/><F134/><W12/><G35/><T62/><D62/><U96/><E38/><V27/><F132/><W80/><G34/><T15/><D15/><U72/><E26/><V105/><F13/><W20/><G1/><T102/><D102/><U9/><E9/><V110/><F135/><W108/><G25/><T67/><D67/><U71/><E71/><V79/><F103/><W109/><G70/><T101/><D101/><U126/><E126/><V7/><F54/><W106/><G65/><T44/><D44/><U17/><E72/><V90/><F27/><W50/><G63/><T125/><D125/><U46/><E46/><V60/><F60/><W107/><G107/><T127/><D127/><U21/><E58/><V66/><F47/><W123/><G106/><T51/><D51/><U81/><E57/><V18/><F66/><W29/><G123/><T74/><D74/><U3/><E56/><V48/><F105/><W10/><G59/><RYUUKYOKU ba="0,1" sc="240,30,250,-10,250,-10,250,-10" hai0="16,19,24,32,39,41,45,76,83,84,87,89,93" /><INIT seed="0,1,1,2,0,90" ten="270,240,240,240" oya="0" hai0="0,88,11,18,95,103,61,23,32,124,111,114,52" hai1="121,115,68,116,19,46,89,87,78,20,55,79,105" hai2="80,3,85,6,24,107,35,92,91,119,40,45,26" hai3="70,129,64,1,9,102,48,10,8,104,99,77,109"/><T131/><D114/><U53/><E121/><V4/><F107/><W73/><G109/><T69/><D32/><U126/><E116/><V132/><F119/><W72/><G129/><T28/><D111/><U83/><E105/><V27/><F132/><W110/><G110/><T63/><D131/><U96/><E115/><V37/><F3/><W120/><G120/><T42/><D42/><U130/><E68/><V113/><F113/><W5/><G48/><T82/><D124/><U76/><E126/><V50/><F35/><W108/><G108/><T67/><D28/><U106/><E130/><V58/><F37/><W81/><REACH who="3" step="1"/><G72/><REACH who="3" ten="270,240,240,230" step="2"/><T29/><D0/><U123/><E123/><V21/><F50/><W59/><G59/><N who="0" m="35047" /><D69/><U66/><E46/><V31/><F58/><W98/><G98/><N who="0" m="59871" /><D63/><AGARI ba="1,2" hai="1,5,8,9,10,63,64,70,73,77,81,99,102,104" machi="63" ten="40,2600,0" yaku="1,1,53,1" doraHai="90" doraHaiUra="34" who="3" fromWho="0" sc="270,-29,240,0,240,0,230,49" /><INIT seed="1,0,0,1,0,130" ten="241,240,240,279" oya="1" hai0="92,94,109,70,14,105,100,84,49,90,76,87,81" hai1="9,114,2,30,58,39,65,31,44,7,91,71,77" hai2="36,133,88,97,11,43,46,23,48,13,135,0,51" hai3="3,132,21,26,89,107,103,10,117,113,18,62,79"/><U67/><E114/><V22/><F0/><W25/><G113/><T34/><D34/><U69/><E91/><V29/><F36/><W53/><G79/><T40/><D70/><U41/><E69/><V27/><F23/><W102/><G107/><T28/><D28/><U104/><E104/><V131/><F131/><W52/><G117/><T134/><D109/><U73/><E58/><V75/><F75/><W111/><G132/><N who="2" m="50761" /><F48/><W98/><G26/><T37/><D37/><U93/><E93/><N who="2" m="56487" /><F13/><W5/><G111/><T33/><D14/><U32/><E32/><V74/><F74/><W121/><G21/><T59/><D33/><U17/><E17/><V86/><F86/><W110/><G18/><T8/><D87/><U38/><E38/><V72/><F72/><W63/><G3/><T82/><D134/><U45/><E71/><V61/><F11/><W115/><G10/><T116/><D8/><U128/><E128/><V112/><F61/><W1/><G63/><T129/><D116/><U78/><E73/><V12/><F12/><W68/><G62/><T35/><D35/><U56/><E31/><V95/><F95/><W96/><G1/><T20/><D105/><U85/><E30/><V15/><F15/><W123/><G110/><T64/><D129/><U118/><E118/><V19/><F112/><W60/><G60/><N who="0" m="37919" /><D20/><U54/><E85/><V122/><F122/><W101/><G123/><T55/><D92/><U57/><E67/><V50/><F50/><W4/><G121/><T125/><D94/><U119/><E65/><V124/><F29/><W126/><G115/><RYUUKYOKU ba="0,0" sc="241,-10,240,-10,240,30,279,-10" hai2="19,22,27,43,46,51,124" /><INIT seed="2,1,0,2,5,84" ten="231,230,270,269" oya="2" hai0="81,127,39,38,36,30,57,53,42,41,90,35,88" hai1="70,29,78,74,69,104,101,133,95,63,6,121,0" hai2="46,45,92,31,106,25,91,77,43,128,62,37,98" hai3="52,132,28,120,24,80,109,16,71,22,124,68,3"/><V13/><F128/><W100/><G120/><T4/><D127/><U58/><E121/><V1/><F1/><W12/><G3/><T18/><D4/><U14/><E0/><V118/><F118/><W134/><G124/><T76/><D35/><U96/><E133/><N who="3" m="51306" /><G109/><T115/><D30/><U23/><E74/><V59/><F106/><W85/><G52/><T49/><D115/><U40/><E78/><V34/><F77/><N who="3" m="46223" /><G100/><T60/><D18/><U20/><E40/><V32/><F46/><W51/><G51/><T66/><D41/><U131/><E131/><V112/><F112/><W87/><G87/><T89/><D42/><U26/><E104/><V61/><F34/><AGARI ba="1,0" hai="12,16,22,24,28,34,68,71" m="46223,51306" machi="34" ten="30,2000,0" yaku="20,1,54,1" doraHai="84" who="3" fromWho="2" sc="231,0,230,0,270,-23,269,23" /><INIT seed="3,0,0,1,0,24" ten="231,230,247,292" oya="3" hai0="26,74,102,82,76,81,56,122,3,70,39,80,4" hai1="14,86,11,52,42,117,17,32,21,65,16,73,94" hai2="33,84,9,6,135,15,134,2,40,78,112,95,49" hai3="57,133,109,48,120,67,43,31,131,100,111,23,50"/><W66/><G120/><T88/><D70/><U75/><E32/><V107/><F107/><W101/><G133/><T12/><D122/><U113/><E113/><V34/><F112/><W129/><G31/><T103/><D39/><U115/><E115/><V37/><F2/><W0/><G23/><T77/><D3/><U119/><E42/><V35/><F37/><W124/><G0/><T22/><D56/><U46/><E65/><N who="3" m="24586" /><G124/><T44/><D44/><U96/><E86/><V36/><F36/><W118/><G118/><N who="1" m="45066" /><E46/><N who="2" m="25799" /><F95/><W83/><G83/><AGARI ba="0,0" hai="6,9,15,33,34,35,78,83,84,134,135" m="25799" machi="83" ten="40,1300,0" yaku="25,1" doraHai="24" who="2" fromWho="3" sc="231,0,230,0,247,13,292,-13" /><INIT seed="4,0,0,2,5,70" ten="231,230,260,279" oya="0" hai0="79,113,35,135,65,78,126,53,44,47,99,4,13" hai1="73,52,123,110,29,3,36,96,9,92,1,105,117" hai2="49,46,134,131,66,88,71,125,24,86,15,104,84" hai3="5,54,98,82,127,111,17,116,20,101,8,89,43"/><T59/><D35/><U61/><E123/><V132/><F104/><W115/><G111/><T58/><D113/><U18/><E110/><V12/><F24/><W83/><G43/><T32/><D32/><U26/><E73/><V68/><F86/><W76/><G89/><T102/><D135/><U22/><E105/><V56/><F56/><W85/><G83/><T42/><D126/><U120/><E36/><V72/><F72/><W90/><G127/><T51/><D65/><U10/><E120/><V74/><F74/><W77/><G54/><T133/><D133/><U16/><E117/><V112/><F131/><W62/><G62/><T30/><D30/><U11/><E3/><V128/><F128/><W57/><G57/><T28/><D28/><U6/><E6/><V95/><F112/><W81/><G81/><T60/><D59/><N who="1" m="35047" /><E1/><V80/><F125/><W48/><G48/><T37/><D13/><N who="1" m="7471" /><E29/><V67/><F71/><W108/><G116/><T91/><D4/><U45/><E45/><V33/><F33/><W119/><G119/><T122/><D122/><U64/><E64/><N who="2" m="24619" /><F68/><W94/><G108/><T0/><D0/><U107/><E107/><V27/><F132/><W7/><G7/><T106/><REACH who="0" step="1"/><D91/><AGARI ba="0,0" hai="10,11,16,22,26,91,92,96" m="7471,35047" machi="91" ten="30,7700,0" yaku="25,1,8,1,54,2" doraHai="70" who="1" fromWho="0" sc="231,-77,230,77,260,0,279,0" owari="154,-34.6,307,40.7,260,-14.0,279,7.9" /></mjloggm>