<mjloggm ver="2.3"><GO type="225" lobby="0"/><UN n0="%E3%83%A9%E3%83%BC%E3%83%A1%E3%83%B3%E4%BA%94%E9%83%8E" n1="%72%69%6F%75%63%68%61%6E" n2="%E9%B3%B3%E6%9D%B1%E3%81%AE%E3%81%BF%E3%81%91%E3%81%AB%E3%82%83%E3%82%93" n3="%E3%81%A9%E3%82%8F%E3%82%93%E3%81%94" dan="16,16,17,16" rate="2087.38,2158.54,2158.05,2098.99" sx="M,M,F,M"/><TAIKYOKU oya="0"/><INIT seed="0,0,0,5,5,112" ten="250,250,250,250" oya="0" hai0="24,107,35,129,60,97,101,62,20,89,27,53,11" hai1="93,130,65,37,85,134,4,45,88,33,58,71,13" hai2="66,87,103,3,94,109,127,70,55,83,25,114,91" hai3="126,9,57,29,63,73,135,52,95,23,6,64,28"/><T61/><D129/><U82/><E71/><V39/><F114/><W119/><G135/><T90/><D11/><N who="1" m="4327" /><E37/><V105/><F3/><W84/><G73/><T12/><D53/><U32/><E33/><V2/><F2/><W98/><G126/><T68/><D68/><U36/><E36/><V8/><F8/><W117/><G84/><T38/><D38/><U124/><E32/><V46/><F105/><W0/><G64/><T121/><D121/><U92/><E134/><V49/><F39/><W128/><G128/><T120/><D120/><U22/><E124/><V104/><F104/><W56/><G56/><T75/><D75/><U1/><E1/><V76/><F103/><W122/><G122/><T16/><REACH who="0" step="1"/><D35/><REACH who="0" ten="240,250,250,250" step="2"/><U50/><E130/><V79/><F127/><W106/><G23/><T15/><D15/><U74/><E74/><V99/><F70/><W51/><G51/><T59/><D59/><U78/><E22/><V115/><F115/><W19/><G0/><T111/><D111/><U41/><E78/><V5/><F109/><W69/><G69/><T67/><D67/><U81/><E65/><V125/><F125/><W123/><G123/><T14/><D14/><U43/><E58/><V10/><F66/><W34/><G34/><T80/><D80/><N who="1" m="30827" /><E41/><V133/><F133/><W18/><G57/><T40/><D40/><U131/><E131/><V30/><F79/><W113/><G63/><T96/><D96/><U108/><E108/><V100/><F76/><W17/><G98/><T21/><D21/><U26/><E26/><AGARI ba="0,1" hai="12,16,20,24,26,27,60,61,62,89,90,97,101,107" machi="26" ten="40,3900,0" yaku="1,1,54,1,53,0" doraHai="112" doraHaiUra="118" who="0" fromWho="1" sc="240,49,250,-39,250,0,250,0" /><INIT seed="0,1,0,1,4,71" ten="289,211,250,250" oya="0" hai0="93,16,119,7,6,29,101,73,114,94,52,99,87" hai1="12,46,14,59,43,9,127,89,48,11,84,27,105" hai2="1,28,39,41,88,122,50,124,63,40,32,54,121" hai3="109,17,92,35,116,61,82,130,18,83,97,33,58"/><T81/><D114/><U68/><E68/><V44/><F1/><W77/><G116/><T67/><D119/><U34/><E105/><V30/><F124/><W112/><G112/><T104/><D73/><U22/><E127/><V90/><F63/><W91/><G109/><T74/><D74/><U113/><E113/><V15/><F15/><N who="1" m="5673" /><E59/><V108/><F108/><W75/><G130/><T129/><D129/><U125/><E34/><V64/><F64/><W36/><G36/><T53/><D29/><N who="1" m="17655" /><E125/><V102/><F102/><W5/><G5/><N who="0" m="1547" /><D104/><U42/><E42/><V47/><F41/><W117/><G117/><T60/><D93/><AGARI ba="1,0" hai="9,11,43,46,48,84,89,93" m="17655,5673" machi="93" ten="30,1000,0" yaku="8,1" doraHai="71" who="1" fromWho="0" sc="289,-13,211,13,250,0,250,0" /><INIT seed="1,0,0,2,1,87" ten="276,224,250,250" oya="1" hai0="4,120,130,68,124,9,66,74,51,0,26,90,116" hai1="113,75,47,125,129,53,1,32,69,99,22,27,86" hai2="70,42,77,105,62,93,37,46,97,8,25,83,106" hai3="59,79,23,84,41,58,92,126,80,30,71,60,50"/><U81/><E113/><V135/><F135/><W119/><G126/><T61/><D116/><U18/><E1/><V45/><F45/><W89/><G119/><T33/><D124/><U24/><E125/><V44/><F44/><N who="3" m="25871" /><G71/><T82/><D130/><U117/><E117/><V20/><F8/><W21/><G30/><T96/><D120/><U28/><E75/><V56/><F70/><W111/><G111/><T121/><D121/><U95/><E69/><V10/><F10/><W36/><G36/><T91/><D51/><U38/><E129/><V67/><F20/><N who="3" m="7755" /><G60/><T127/><D127/><U107/><E107/><V31/><F25/><W114/><G114/><T64/><D96/><AGARI ba="0,0" hai="58,59,79,80,84,89,92,96" m="7755,25871" machi="96" ten="30,2000,0" yaku="8,1,52,1" doraHai="87" who="3" fromWho="0" sc="276,-20,224,0,250,0,250,20" /><INIT seed="2,0,0,4,4,50" ten="256,224,250,270" oya="2" hai0="109,132,78,52,44,85,79,66,112,119,125,133,61" hai1="83,75,60,123,105,43,59,89,124,126,82,128,11" hai2="63,20,19,71,58,6,91,101,13,45,113,7,31" hai3="72,107,8,56,108,2,118,57,77,28,92,104,102"/><V110/><F113/><W115/><G118/><T68/><D112/><U93/><E105/><V15/><F71/><W100/><G115/><T74/><D119/><U122/><E43/><V76/><F76/><W35/><G107/><T4/><D74/><U39/><E39/><V37/><F101/><W33/><G104/><T0/><D109/><U88/><E11/><V81/><F31/><W38/><G38/><T55/><D125/><N who="1" m="48235" /><E128/><V18/><F45/><W3/><G8/><N who="0" m="2055" /><D44/><U42/><E42/><V117/><F37/><W121/><G3/><T114/><D114/><U94/><E75/><V134/><F134/><N who="0" m="51818" /><D78/><U1/><E1/><V96/><F117/><W41/><G2/><T16/><D16/><N who="2" m="6186" /><F110/><W46/><G108/><T106/><D106/><U49/><E123/><V130/><F130/><W116/><G77/><T73/><D73/><U14/><E122/><V129/><F129/><W21/><G72/><T34/><D34/><U95/><E14/><N who="2" m="5131" /><F20/><W48/><G116/><T29/><D29/><U30/><E30/><V97/><F6/><W17/><G121/><T120/><D120/><U127/><N who="1" m="48243" /><U22/><DORA hai="36" /><E22/><V5/><F5/><W65/><G28/><T99/><D99/><U12/><E12/><V98/><F7/><W27/><G35/><T32/><D32/><U53/><E89/><V69/><F69/><W9/><G33/><T40/><D40/><U103/><E103/><N who="3" m="39466" /><G9/><T64/><D64/><N who="1" m="38943" /><E88/><V84/><F97/><W80/><G65/><AGARI ba="0,0" hai="58,63,65,81,84,91,96,98" m="5131,6186" machi="65" ten="30,2900,0" yaku="8,1,54,1" doraHai="50,36" who="2" fromWho="3" sc="256,0,224,0,250,29,270,-29" /><INIT seed="2,1,0,3,2,58" ten="256,224,279,241" oya="2" hai0="60,115,43,1,55,130,100,82,122,45,5,105,123" hai1="20,71,119,18,124,47,76,15,64,35,13,68,113" hai2="48,61,50,6,120,127,37,53,103,84,132,88,8" hai3="93,83,44,11,75,28,10,112,98,66,21,24,51"/><V19/><F120/><W14/><G112/><T111/><D115/><U129/><E113/><V40/><F132/><W114/><G114/><T27/><D111/><U101/><E119/><V25/><F127/><W12/><G66/><T135/><D135/><U26/><E35/><V131/><F131/><W78/><G11/><T34/><D130/><U29/><E129/><V0/><F103/><W72/><G72/><T77/><D1/><U74/><E124/><V79/><F79/><W9/><G9/><T86/><D5/><U95/><E47/><V57/><F37/><W81/><G10/><T134/><D134/><U32/><E13/><N who="2" m="5271" /><F40/><W49/><G83/><T73/><D86/><U69/><E76/><V102/><F102/><W116/><G51/><T126/><D126/><U80/><E80/><N who="2" m="49159" /><F0/><W54/><REACH who="3" step="1"/><G116/><REACH who="3" ten="256,224,279,231" step="2"/><T62/><D123/><U23/><E74/><V39/><F39/><W96/><G96/><T85/><D122/><U22/><REACH who="1" step="1"/><E64/><REACH who="1" ten="256,214,279,231" step="2"/><V99/><F99/><AGARI ba="1,2" hai="15,18,20,22,23,26,29,32,68,69,71,95,99,101" machi="99" ten="40,2600,0" yaku="1,1,2,1,53,0" doraHai="58" doraHaiUra="59" who="1" fromWho="2" sc="256,0,214,49,279,-29,231,0" /><INIT seed="3,0,0,0,1,25" ten="256,263,250,231" oya="3" hai0="44,69,56,65,37,0,110,114,70,3,129,9,62" hai1="7,43,30,117,99,127,1,4,68,87,35,10,86" hai2="12,27,113,73,77,98,121,57,100,46,107,115,95" hai3="6,64,34,28,36,130,94,123,133,91,116,80,32"/><W2/><G123/><T21/><D110/><U109/><E68/><V103/><F12/><W104/><G36/><T88/><D129/><U52/><E4/><V134/><F57/><W124/><G104/><T76/><D114/><U31/><E35/><V79/><F46/><W131/><G116/><T5/><D76/><U93/><E43/><V22/><F134/><W11/><G133/><T120/><D120/><U102/><E109/><V53/><F53/><W67/><G80/><T96/><D0/><U39/><E39/><V90/><F103/><W19/><G19/><T105/><D21/><U84/><E127/><V55/><F55/><W132/><G132/><T51/><D37/><U111/><E111/><V33/><F33/><N who="3" m="12907" /><G28/><T128/><D128/><N who="3" m="49193" /><G124/><T89/><D105/><U125/><E125/><V48/><F121/><W13/><G2/><T47/><D47/><U101/><E117/><V29/><F48/><W74/><G74/><T92/><REACH who="0" step="1"/><D89/><REACH who="0" ten="246,263,250,231" step="2"/><U126/><E126/><V50/><F79/><W15/><G13/><T41/><AGARI ba="0,1" hai="3,5,9,41,44,51,56,62,65,69,70,88,92,96" machi="41" ten="20,12000,2" yaku="1,1,2,1,0,1,7,1,54,1,53,1" doraHai="25" doraHaiUra="61" who="0" fromWho="0" sc="246,130,263,-30,250,-30,231,-60" owari="376,47.6,233,3.3,220,-18.0,171,-32.9" /></mjloggm>