<mjloggm ver="2.3"><GO type="225" lobby="0"/><UN n0="%6B%65%6E%6E%64%69" n1="%E3%83%A9%E3%83%BC%E3%83%A1%E3%83%B3%E4%BA%94%E9%83%8E" n2="%E3%82%BC%E3%83%AB%E3%83%80%E3%81%AE%E4%BC%9D%E8%AA%AC" n3="%E3%81%82%E3%81%B9%E3%81%99%E3%81%91" dan="16,16,16,16" rate="2166.85,2060.28,2186.87,2096.97" sx="M,M,M,M"/><TAIKYOKU oya="0"/><INIT seed="0,0,0,5,5,108" ten="250,250,250,250" oya="0" hai0="120,29,32,133,131,33,59,102,27,63,55,0,79" hai1="70,38,82,46,122,129,86,112,8,127,92,37,51" hai2="4,121,47,34,107,78,45,83,124,128,65,90,111" hai3="18,101,20,15,110,9,135,73,42,106,80,89,134"/><T84/><D120/><U26/><E122/><V61/><F121/><W109/><G42/><T71/><D131/><U117/><E117/><V104/><F111/><N who="3" m="42507" /><G106/><T52/><D133/><N who="3" m="50697" /><G101/><T114/><D0/><U132/><E132/><V100/><F128/><W64/><G64/><T74/><D74/><U39/><E129/><V3/><F107/><W31/><G31/><T6/><D102/><U7/><E38/><V125/><F104/><W62/><G62/><T91/><D71/><U118/><E70/><V67/><F100/><W41/><G41/><T44/><D79/><U16/><E37/><V93/><F67/><W72/><G89/><T25/><D55/><U14/><E39/><V116/><F61/><W95/><G95/><T54/><D54/><U35/><E92/><V105/><F105/><W98/><G98/><T81/><D44/><U97/><E46/><V113/><F65/><W94/><G94/><T5/><D114/><U13/><E112/><V96/><F113/><W2/><G80/><T49/><D63/><U48/><E82/><V43/><F45/><W53/><G53/><T115/><D115/><U56/><E97/><V40/><F40/><W36/><G36/><T28/><AGARI ba="0,0" hai="5,6,25,27,28,29,32,33,49,52,59,81,84,91" machi="28" ten="30,6000,0" yaku="0,1,9,1,54,1" doraHai="108" who="0" fromWho="0" sc="250,60,250,-20,250,-20,250,-20" /><INIT seed="0,1,0,4,0,7" ten="310,230,230,230" oya="0" hai0="40,13,20,10,2,57,19,16,74,69,106,14,86" hai1="25,26,107,54,17,33,126,122,3,105,23,77,81" hai2="58,47,95,72,129,87,55,67,11,108,6,123,103" hai3="133,100,75,114,112,68,91,41,78,30,131,35,120"/><T73/><D69/><U124/><E122/><V29/><F72/><W31/><G41/><T94/><D106/><U0/><E54/><V49/><F123/><W18/><G35/><T132/><D132/><U130/><E130/><V104/><F129/><W15/><G68/><T62/><D2/><N who="1" m="555" /><E26/><V119/><F104/><W83/><G120/><T22/><D40/><U53/><E53/><V8/><F108/><W46/><G133/><T96/><D86/><N who="1" m="48431" /><E33/><V127/><F119/><W27/><G46/><T51/><D51/><U92/><E92/><V63/><F6/><W65/><G65/><T66/><REACH who="0" step="1"/><D22/><REACH who="0" ten="300,230,230,230" step="2"/><U64/><E105/><V79/><F127/><N who="1" m="48681" /><E107/><V97/><F29/><W4/><G31/><T84/><D84/><U89/><E64/><V116/><F116/><W36/><G30/><T24/><D24/><U117/><E117/><V115/><F115/><W82/><G27/><T12/><D12/><U102/><E25/><V85/><F85/><W37/><G112/><T135/><D135/><U125/><E125/><V110/><F110/><W45/><G114/><T42/><D42/><U134/><E134/><V39/><F39/><W88/><G37/><T28/><D28/><U59/><E23/><V52/><F67/><W93/><G36/><T76/><D76/><U118/><E118/><V32/><F32/><W101/><G78/><T56/><D56/><U1/><E1/><V43/><F43/><W99/><G131/><T38/><D38/><U113/><E59/><V128/><F128/><W5/><G15/><T109/><D109/><U70/><E113/><V9/><F79/><RYUUKYOKU ba="1,1" sc="300,15,230,-15,230,15,230,-15" hai0="10,13,14,16,19,20,57,62,66,73,74,94,96" hai2="8,9,11,47,49,52,55,58,63,87,95,97,103" /><INIT seed="0,2,1,5,3,118" ten="315,215,245,215" oya="0" hai0="123,29,56,88,19,133,106,45,27,33,54,111,5" hai1="107,26,49,80,20,93,101,87,66,117,69,37,30" hai2="36,85,102,6,35,47,91,41,115,132,134,97,83" hai3="90,126,125,60,8,18,77,75,24,68,98,61,7"/><T64/><D123/><U50/><E117/><V32/><F115/><W23/><G75/><T62/><D133/><N who="2" m="51306" /><F6/><W121/><G77/><T113/><D113/><U81/><E37/><V100/><F100/><W128/><G128/><T12/><D111/><U2/><E2/><V44/><F44/><W48/><G48/><N who="1" m="18538" /><E107/><AGARI ba="2,1" hai="32,35,36,41,47,83,85,91,97,102,107" m="51306" machi="107" ten="30,1000,0" yaku="20,1" doraHai="118" who="2" fromWho="1" sc="315,0,215,-16,245,26,215,0" /><INIT seed="1,0,0,4,1,97" ten="315,199,271,215" oya="1" hai0="9,77,120,70,125,88,47,35,50,53,111,51,36" hai1="98,14,4,25,49,32,101,44,113,94,91,122,7" hai2="127,79,110,24,59,39,30,104,118,124,121,126,99" hai3="130,58,74,100,133,115,62,83,11,38,131,65,10"/><U57/><E113/><V20/><F118/><W55/><G115/><T129/><D35/><U107/><E122/><V103/><F121/><W52/><G38/><T61/><D120/><U114/><E114/><V86/><F110/><W106/><G133/><T54/><D77/><U95/><E107/><V116/><F116/><W87/><G74/><T46/><D111/><U0/><E0/><V27/><F39/><W68/><G55/><T134/><D129/><N who="3" m="49161" /><G106/><T34/><D34/><U37/><E37/><V28/><F59/><W18/><G18/><T69/><D9/><U75/><E75/><V6/><F6/><W43/><G43/><N who="0" m="22887" /><D88/><U41/><E14/><V48/><F48/><N who="3" m="30983" /><G100/><T135/><D61/><U5/><E57/><V19/><REACH who="2" step="1"/><F24/><REACH who="2" ten="315,199,261,215" step="2"/><W67/><G67/><T76/><D135/><U102/><REACH who="1" step="1"/><E94/><REACH who="1" ten="315,189,261,215" step="2"/><V80/><AGARI ba="0,2" hai="19,20,27,28,30,79,80,86,99,103,104,124,126,127" machi="80" ten="40,12000,2" yaku="1,1,2,1,0,1,18,1,52,1,53,1" doraHai="97" doraHaiUra="96" who="2" fromWho="2" sc="315,-30,189,-60,261,140,215,-30" /><INIT seed="2,0,0,1,1,55" ten="285,129,401,185" oya="2" hai0="118,126,114,42,17,40,63,111,103,0,41,113,43" hai1="52,44,27,33,36,47,70,123,22,65,80,128,108" hai2="117,134,7,116,98,58,51,90,66,115,57,102,20" hai3="106,64,83,87,71,72,6,3,130,35,62,67,5"/><V82/><F115/><W129/><G67/><T133/><D0/><U95/><E33/><V4/><F134/><W32/><G106/><T49/><D103/><U9/><E108/><V1/><F1/><W38/><G38/><T45/><D17/><U8/><E128/><N who="3" m="49258" /><G72/><T56/><D111/><U77/><E123/><V119/><F20/><W101/><G101/><T68/><D133/><U125/><E125/><V84/><F51/><W93/><G93/><T24/><D24/><U79/><E95/><V39/><F39/><W48/><G48/><T15/><D15/><U53/><E77/><V30/><F30/><W54/><G54/><N who="0" m="31823" /><D126/><U28/><E36/><V74/><F74/><W120/><G120/><T121/><D121/><U11/><E44/><V29/><F29/><W78/><G3/><T96/><D96/><U13/><E47/><V124/><F124/><W99/><G99/><T131/><D131/><U59/><E70/><V97/><F97/><W12/><G12/><T104/><D104/><U61/><REACH who="1" step="1"/><E13/><REACH who="1" ten="285,119,401,185" step="2"/><V14/><F14/><W109/><G109/><T75/><D113/><U34/><E34/><AGARI ba="0,1" hai="5,6,32,34,35,62,64,71,78,83,87" m="49258" machi="34" ten="30,1000,0" yaku="19,1" doraHai="55" who="3" fromWho="1" sc="285,0,119,-10,401,0,185,20" /><INIT seed="3,0,0,3,4,131" ten="285,109,401,205" oya="3" hai0="19,96,40,127,27,33,73,69,126,25,114,94,91" hai1="60,104,125,113,52,38,68,39,78,74,41,134,61" hai2="116,118,28,108,132,21,135,75,49,83,109,26,97" hai3="0,50,1,12,35,90,18,95,76,59,4,124,13"/><W115/><G115/><T6/><D114/><U10/><E104/><V133/><F49/><W122/><G122/><T8/><D73/><U57/><E113/><V63/><F97/><W5/><G35/><T98/><D69/><U77/><E10/><V85/><F63/><W29/><G76/><T99/><D40/><U82/><E125/><N who="0" m="47625" /><D19/><U9/><E9/><V84/><F75/><W130/><G13/><N who="0" m="5271" /><D33/><U20/><E20/><V2/><F2/><W58/><G29/><T15/><D15/><U24/><E24/><AGARI ba="0,0" hai="24,25,27,91,94,96,98,99" m="5271,47625" machi="24" ten="30,1000,0" yaku="18,1" doraHai="131" who="0" fromWho="1" sc="285,10,109,-10,401,0,205,0" owari="295,9.5,99,-40.1,401,50.1,205,-19.5" /></mjloggm>