<mjloggm ver="2.3"><GO type="225" lobby="0"/><UN n0="%E3%81%BF%E3%81%BF%E3%81%9A" n1="%E3%81%8C%E3%81%9F" n2="%E3%82%AF%E3%82%A3%E3%82%A6" n3="%E4%B8%AD%E5%B9%B4%E3%81%AE%E5%8D%B1%E6%A9%9F" dan="17,16,16,17" rate="2262.09,2078.87,2121.69,2124.75" sx="M,F,M,M"/><TAIKYOKU oya="0"/><INIT seed="0,0,0,1,1,119" ten="250,250,250,250" oya="0" hai0="135,106,81,60,62,120,57,20,30,85,88,18,38" hai1="51,47,122,87,21,134,42,114,89,116,126,104,33" hai2="4,53,16,78,25,76,11,1,111,37,50,101,125" hai3="124,27,56,23,59,66,8,14,123,17,107,115,5"/><T71/><D120/><U102/><E116/><V7/><F37/><W118/><G118/><T63/><D135/><U65/><E33/><V96/><F96/><W92/><BYE who="2" /><G107/><UN n2="%E3%82%AF%E3%82%A3%E3%82%A6" /><T6/><D38/><U77/><E134/><V68/><F68/><W109/><G115/><T112/><D112/><U91/><E114/><V117/><F117/><W49/><G123/><T130/><D130/><U55/><E126/><V82/><F111/><W99/><G109/><T19/><D106/><U80/><E122/><V132/><F125/><W58/><G124/><T90/><D71/><U24/><E65/><V70/><F70/><W93/><G66/><T128/><D128/><U44/><E102/><V26/><F132/><W10/><G10/><T12/><D6/><U41/><E104/><V52/><F101/><W15/><G27/><N who="2" m="10249" /><F1/><W73/><G73/><T94/><D19/><U75/><E75/><V43/><F43/><W84/><G84/><N who="0" m="52487" /><D30/><U39/><REACH who="1" step="1"/><E42/><REACH who="1" ten="250,240,250,250" step="2"/><V95/><F95/><N who="3" m="36427" /><G99/><T108/><D108/><U129/><E129/><V79/><F82/><W45/><G45/><T22/><D57/><U98/><E98/><V72/><F72/><W54/><AGARI ba="0,1" hai="5,8,14,15,17,23,49,54,56,58,59" m="36427" machi="54" ten="30,1100,0" yaku="8,1" doraHai="119" who="3" fromWho="3" sc="250,-5,240,-3,250,-3,250,21" /><INIT seed="1,0,0,0,5,115" ten="245,237,247,271" oya="1" hai0="126,47,125,110,16,134,40,84,131,62,63,43,41" hai1="66,23,57,81,103,8,94,19,92,12,76,124,77" hai2="0,7,22,73,67,87,122,48,83,45,60,109,99" hai3="112,71,123,70,30,59,108,11,26,121,49,100,50"/><U116/><E116/><V88/><F122/><N who="3" m="46603" /><G26/><T117/><D117/><U104/><E124/><N who="0" m="47721" /><D110/><U65/><E104/><V64/><F109/><W44/><G11/><T18/><D134/><U68/><E68/><N who="3" m="26154" /><G30/><T35/><D131/><U52/><E76/><V82/><F99/><W14/><G14/><T54/><D35/><U9/><E9/><V28/><F7/><W119/><G100/><T90/><D47/><U89/><E8/><V38/><F38/><W75/><G75/><T29/><D29/><U13/><E13/><V127/><F0/><W96/><G96/><T33/><D33/><U51/><E103/><V105/><F105/><W69/><N who="3" m="26162" /><W102/><DORA hai="6" /><G102/><T5/><D5/><U1/><E1/><V132/><F132/><W21/><G21/><T36/><D36/><U111/><E111/><V85/><F127/><W24/><G24/><T78/><D78/><U27/><E27/><N who="2" m="16503" /><F60/><N who="0" m="23082" /><D54/><U10/><E10/><V80/><F73/><W32/><G32/><T55/><D55/><U72/><REACH who="1" step="1"/><E94/><AGARI ba="0,0" hai="16,18,40,41,43,84,90,94" m="23082,47721" machi="94" ten="30,2000,0" yaku="18,1,54,1" doraHai="115,6" who="0" fromWho="1" sc="245,20,237,-20,247,0,271,0" /><INIT seed="2,0,0,2,2,62" ten="265,217,247,271" oya="2" hai0="7,87,78,70,129,109,14,132,44,86,17,105,89" hai1="26,103,34,116,118,117,120,82,110,65,3,88,54" hai2="46,85,56,28,96,108,49,15,126,35,69,134,33" hai3="76,130,13,125,66,80,72,58,45,100,8,91,22"/><V61/><F126/><W32/><G32/><T99/><D109/><U19/><E3/><V52/><F134/><W68/><G68/><T38/><D132/><U135/><E135/><V67/><F108/><W29/><G125/><T81/><D129/><U98/><E110/><V4/><F28/><W9/><G130/><T122/><D122/><U106/><E120/><V77/><F96/><W51/><G91/><T50/><D70/><U93/><E82/><V63/><F85/><N who="3" m="48263" /><G100/><T121/><D121/><U127/><E127/><V123/><F123/><W124/><G72/><T24/><D38/><U73/><E73/><V25/><F77/><W74/><G74/><T16/><D99/><U101/><E54/><V113/><F25/><N who="3" m="16567" /><G124/><T115/><D105/><U23/><E106/><V43/><REACH who="2" step="1"/><F113/><REACH who="2" ten="265,217,237,271" step="2"/><W107/><G107/><T104/><D115/><U31/><REACH who="1" step="1"/><E65/><REACH who="1" ten="265,207,237,271" step="2"/><V42/><F42/><N who="3" m="25015" /><G66/><T94/><D104/><U97/><E97/><V20/><F20/><W95/><G9/><AGARI ba="0,2" hai="4,9,15,33,35,43,46,49,52,56,61,63,67,69" machi="9" ten="40,7700,0" yaku="1,1,52,1,54,1,53,0" doraHai="62" doraHaiUra="114" who="2" fromWho="3" sc="265,0,207,0,237,97,271,-77" /><INIT seed="2,1,0,3,5,50" ten="265,207,334,194" oya="2" hai0="53,43,34,14,90,76,95,93,115,32,87,96,25" hai1="83,37,62,135,72,9,26,129,133,125,47,70,65" hai2="51,82,73,27,78,108,13,10,123,35,39,5,12" hai3="68,84,40,114,18,113,119,42,94,24,0,109,112"/><V117/><F117/><W89/><G119/><T64/><D115/><U134/><E129/><V120/><F39/><W7/><G68/><T101/><D43/><N who="1" m="23023" /><E125/><V80/><F80/><W29/><G109/><T121/><D121/><U31/><E9/><V110/><F51/><W45/><G18/><T44/><D64/><U19/><E19/><V33/><F13/><W105/><G105/><T75/><D25/><U4/><E4/><V126/><F126/><W55/><G7/><T91/><D14/><U59/><E59/><V3/><F12/><W97/><G0/><T41/><D53/><U85/><E85/><V2/><F2/><W92/><G55/><T57/><D57/><U104/><E104/><V79/><F79/><W81/><G45/><T71/><D71/><U16/><E16/><V66/><F66/><W6/><G6/><T77/><D101/><U69/><E69/><V122/><REACH who="2" step="1"/><F27/><REACH who="2" ten="265,207,324,194" step="2"/><W98/><G42/><T49/><D76/><N who="1" m="44423" /><E26/><V46/><F46/><W38/><G40/><T118/><D118/><U30/><AGARI ba="1,1" hai="30,31,62,65,70,133,134,135" m="44423,23023" machi="30" ten="40,1500,0" yaku="20,1" doraHai="50" who="1" fromWho="1" sc="265,-5,207,28,324,-8,194,-5" /><INIT seed="3,0,0,4,4,124" ten="260,235,316,189" oya="3" hai0="40,19,127,31,26,8,82,18,132,92,131,118,121" hai1="24,29,15,68,10,65,80,55,5,79,87,119,35" hai2="111,39,135,59,100,90,56,23,105,11,95,30,42" hai3="112,21,83,33,117,44,103,1,134,84,102,3,88"/><W125/><G33/><T27/><D118/><U71/><E119/><V120/><F135/><W116/><G112/><T7/><D121/><U57/><REACH who="1" step="1"/><E65/><REACH who="1" ten="260,225,316,189" step="2"/><V20/><F120/><W0/><G134/><T51/><D132/><U47/><E47/><V96/><F111/><W66/><G125/><T50/><D127/><U110/><E110/><V73/><F73/><W60/><G117/><T122/><D122/><U69/><E69/><V48/><F59/><W16/><G116/><T34/><D34/><U114/><E114/><V70/><F56/><W99/><G44/><T14/><D27/><U28/><E28/><V54/><F70/><W67/><G67/><T32/><D40/><U13/><E13/><V52/><F30/><W37/><G37/><T133/><D133/><U17/><E17/><V101/><F42/><W41/><G41/><T129/><D19/><U77/><E77/><V115/><F39/><W91/><G66/><T45/><D82/><U38/><E38/><V2/><F115/><W78/><G60/><AGARI ba="0,1" hai="5,10,15,24,29,35,55,57,60,68,71,79,80,87" machi="60" ten="30,3900,0" yaku="1,1,7,1,53,1" doraHai="124" doraHaiUra="4" who="1" fromWho="3" sc="260,0,225,49,316,0,189,-39" owari="260,-14.0,274,7.4,316,41.6,150,-35.0" /></mjloggm>