<mjloggm ver="2.3"><GO type="225" lobby="0"/><UN n0="%E3%81%82%E3%82%93%E3%81%AA%E3%81%A4" n1="%6D%75%75%6D%75%72%61" n2="%E3%81%86%E3%81%A3%E3%81%97%E3%83%BC%30%30" n3="%E5%82%8D%E8%8B%A5%E7%84%A1%E4%BA%BA%35%31" dan="16,16,16,16" rate="2119.20,2118.15,2163.73,2033.44" sx="M,F,M,M"/><TAIKYOKU oya="0"/><INIT seed="0,0,0,5,5,65" ten="250,250,250,250" oya="0" hai0="81,62,37,4,57,54,115,32,6,47,124,70,61" hai1="119,42,133,87,36,16,92,9,40,71,3,21,59" hai2="56,72,46,105,24,1,135,20,27,77,11,90,93" hai3="120,91,98,117,94,103,129,80,0,125,79,132,134"/><T64/><D115/><U106/><E119/><V102/><F135/><N who="3" m="51755" /><G0/><T118/><D118/><U31/><E106/><V50/><F56/><W130/><G117/><T14/><D124/><U58/><E71/><V12/><F1/><W13/><G13/><T74/><D32/><U76/><E133/><V35/><F35/><W63/><G63/><T44/><D14/><N who="1" m="7247" /><E3/><V2/><F2/><W84/><G125/><T28/><D28/><U128/><E36/><V25/><F105/><N who="3" m="63735" /><G120/><T15/><D15/><U38/><E38/><V110/><F102/><W111/><G111/><T88/><D37/><U23/><E23/><V97/><F110/><W10/><G10/><T104/><D104/><U89/><E76/><V48/><F20/><W51/><G51/><T86/><REACH who="0" step="1"/><D74/><AGARI ba="0,0" hai="74,79,80,84,91,94,129,130" m="63735,51755" machi="74" ten="30,7700,0" yaku="24,1,20,1,34,2" doraHai="65" who="3" fromWho="0" sc="250,-77,250,0,250,0,250,77" /><INIT seed="1,0,0,1,3,18" ten="173,250,250,327" oya="1" hai0="108,5,33,44,53,90,2,84,37,134,47,86,69" hai1="83,128,11,60,95,70,55,103,48,66,67,23,35" hai2="42,85,101,107,106,132,92,3,98,116,127,14,26" hai3="121,102,133,28,79,87,68,40,0,94,124,109,112"/><U41/><E128/><V54/><F3/><W50/><G68/><T80/><D33/><U82/><E35/><V43/><F116/><W64/><G64/><T15/><D2/><U120/><E120/><V39/><F132/><W29/><G50/><T21/><D134/><U75/><E67/><V93/><F127/><W45/><G124/><T100/><D69/><U13/><E41/><V81/><F14/><W32/><G0/><T6/><D108/><U56/><E75/><V30/><F93/><W34/><G109/><T125/><D125/><U46/><E70/><V63/><F63/><W73/><G112/><T22/><D100/><U115/><E115/><V126/><F54/><W72/><G102/><T1/><D1/><U117/><E117/><V105/><F39/><W113/><G113/><T17/><D86/><U78/><E78/><V91/><REACH who="2" step="1"/><F126/><REACH who="2" ten="173,250,240,327" step="2"/><W74/><G94/><T57/><D37/><U62/><E60/><V4/><F4/><N who="0" m="1642" /><D22/><AGARI ba="0,1" hai="22,26,30,42,43,81,85,91,92,98,101,105,106,107" machi="22" ten="40,2600,0" yaku="1,1,52,1,53,0" doraHai="18" doraHaiUra="9" who="2" fromWho="0" sc="173,-26,250,0,240,36,327,0" /><INIT seed="2,0,0,3,3,22" ten="147,250,276,327" oya="2" hai0="6,75,34,14,69,104,60,124,8,97,99,47,117" hai1="115,51,78,59,90,129,119,49,95,103,45,46,116" hai2="77,102,87,31,67,89,24,80,42,91,133,13,3" hai3="40,123,2,101,92,33,111,125,39,106,52,93,43"/><V85/><F133/><W112/><G111/><T76/><D124/><U18/><E115/><V37/><F3/><W38/><G125/><T29/><D117/><U88/><E129/><V23/><F102/><W94/><G33/><T27/><D47/><U82/><E103/><V105/><F105/><W131/><G2/><T62/><D104/><U107/><E59/><V135/><F135/><W21/><G123/><T72/><D69/><U54/><E107/><V61/><F37/><W17/><G131/><T5/><D5/><U68/><E68/><V127/><F42/><W113/><G52/><T50/><D50/><U56/><E56/><V44/><F44/><W12/><G106/><T130/><D130/><U66/><E66/><V9/><F87/><W1/><G1/><T15/><D15/><U0/><E0/><V28/><F28/><W11/><G101/><T65/><D65/><U126/><E126/><V73/><F73/><W26/><G39/><T74/><REACH who="0" step="1"/><D76/><REACH who="0" ten="137,250,276,327" step="2"/><U84/><E116/><V35/><F127/><W98/><G38/><T64/><D64/><U96/><E119/><V86/><F77/><W114/><G98/><AGARI ba="0,1" hai="6,8,14,27,29,34,60,62,72,74,75,97,98,99" machi="98" ten="40,2600,0" yaku="1,1,52,1,53,0" doraHai="22" doraHaiUra="110" who="0" fromWho="3" sc="137,36,250,0,276,0,327,-26" /><INIT seed="3,0,0,2,4,10" ten="173,250,276,301" oya="3" hai0="8,3,121,18,4,111,49,96,134,118,124,89,42" hai1="29,88,59,53,129,14,101,125,7,104,131,19,116" hai2="126,110,135,36,73,16,105,26,33,112,122,51,106" hai3="39,40,15,83,12,84,127,23,67,35,90,92,100"/><W82/><G35/><T86/><D118/><U71/><E116/><V80/><RYUUKYOKU type="yao9" ba="0,0" sc="173,0,250,0,276,0,301,0" hai2="16,26,33,36,51,73,80,105,106,110,112,122,126,135" /><INIT seed="3,1,0,4,5,54" ten="173,250,276,301" oya="3" hai0="124,82,106,120,115,98,43,42,72,1,73,117,18" hai1="17,74,87,45,123,79,39,38,131,109,90,93,95" hai2="21,16,57,27,81,0,62,108,114,15,69,28,14" hai3="56,107,96,49,2,59,118,30,24,134,103,34,58"/><W53/><G134/><T12/><D117/><U41/><E123/><V80/><F114/><W67/><G2/><T46/><D120/><U97/><E109/><V111/><F69/><W32/><G118/><T65/><D115/><U44/><E131/><V126/><F0/><W102/><G102/><T91/><D1/><U99/><E74/><V101/><F126/><W8/><G8/><T13/><D124/><U4/><E4/><V127/><F127/><W77/><G77/><T71/><D43/><U11/><E79/><V36/><F36/><W130/><G130/><T51/><D12/><U70/><E70/><V6/><F6/><W75/><G75/><T85/><D106/><U105/><E17/><V3/><F101/><W35/><REACH who="3" step="1"/><G67/><REACH who="3" ten="173,250,276,291" step="2"/><T92/><D65/><U83/><E105/><V76/><F3/><W128/><G128/><T133/><D133/><U5/><E11/><V50/><F76/><W68/><G68/><T116/><D71/><U22/><E5/><V94/><F111/><W135/><G135/><T48/><D116/><U31/><E90/><V23/><F108/><W78/><G78/><T52/><D42/><U10/><E10/><V19/><F23/><AGARI ba="1,1" hai="23,24,30,32,34,35,49,53,56,58,59,96,103,107" machi="23" ten="40,12000,1" yaku="1,1,52,3,53,0" doraHai="54" doraHaiUra="125" who="3" fromWho="2" sc="173,0,250,0,276,-123,291,133" owari="173,-22.7,250,5.0,153,-34.7,424,52.4" /></mjloggm>