<mjloggm ver="2.3"><GO type="225" lobby="0"/><UN n0="%E3%81%A9%E3%82%8F%E3%82%93%E3%81%94" n1="%E3%82%B2%E3%82%B9%E8%8C%82%E5%8B%9D" n2="%E3%81%AF%E3%82%88%E3%81%8A%E3%81%98%E3%81%95%E3%82%93" n3="%E3%82%BF%E3%83%BC%E3%83%90%E3%83%B3%E9%87%8E%E5%8F%A3" dan="16,16,17,16" rate="2073.07,2078.86,2238.31,2150.12" sx="M,F,M,M"/><TAIKYOKU oya="0"/><INIT seed="0,0,0,0,4,6" ten="250,250,250,250" oya="0" hai0="67,72,39,30,24,0,108,50,109,111,49,70,120" hai1="61,90,47,19,45,122,7,71,92,132,55,34,69" hai2="103,26,16,58,94,13,75,51,133,127,43,21,12" hai3="44,56,98,100,83,87,93,134,88,4,35,125,46"/><T1/><D120/><U57/><E122/><V77/><F127/><W86/><G125/><T123/><D123/><U62/><E34/><V53/><F133/><W84/><G134/><T41/><D72/><U18/><E7/><V73/><F43/><W99/><G35/><T9/><D39/><U33/><E33/><V102/><F75/><W38/><G38/><T110/><N who="0" m="27648" /><DORA hai="115" /><T20/><D41/><U78/><E78/><V11/><F73/><W10/><G83/><T63/><D9/><U126/><E126/><V22/><F77/><W32/><G56/><T40/><REACH who="0" step="1"/><D40/><REACH who="0" ten="240,250,250,250" step="2"/><U129/><E132/><V68/><F68/><W54/><G32/><T5/><D5/><U8/><E69/><V25/><F11/><W128/><G128/><T42/><D42/><U28/><E71/><V105/><F105/><W119/><G119/><T79/><D79/><U27/><E129/><V64/><F58/><W31/><G10/><T23/><D23/><N who="1" m="15487" /><E8/><V76/><F76/><W131/><G4/><T82/><D82/><U121/><E121/><V81/><F81/><W112/><G131/><T59/><D59/><U130/><E130/><V124/><F124/><W37/><G112/><T91/><D91/><U74/><E74/><V60/><F22/><W14/><G37/><T135/><D135/><U52/><E62/><V116/><F60/><W118/><G118/><T114/><D114/><U3/><E61/><V113/><F116/><W85/><G88/><T95/><D95/><U97/><E57/><V117/><F117/><W89/><G93/><T80/><D80/><U65/><E92/><RYUUKYOKU ba="0,1" sc="240,30,250,-10,250,-10,250,-10" hai0="0,1,20,24,30,49,50,63,67,70" /><INIT seed="0,1,1,2,2,87" ten="270,240,240,240" oya="0" hai0="116,126,111,54,70,7,117,55,33,65,28,68,129" hai1="16,94,43,19,71,18,103,24,61,128,127,2,45" hai2="131,81,77,113,26,17,60,29,122,66,8,50,0" hai3="88,13,80,57,86,120,100,102,44,37,22,38,75"/><T69/><D7/><U67/><E127/><V108/><F113/><W36/><G120/><T96/><D28/><U107/><E128/><V118/><F122/><W76/><G44/><T63/><D33/><U82/><E2/><V20/><F131/><W97/><G57/><T25/><D25/><U84/><E107/><V74/><F108/><W48/><G48/><T14/><D14/><U51/><E94/><V46/><F118/><N who="0" m="45674" /><D96/><U124/><E124/><V15/><F0/><W106/><G102/><T95/><D95/><U72/><E103/><V1/><F1/><W115/><G115/><T78/><D78/><U119/><E119/><V79/><F81/><W4/><G36/><T132/><D129/><U112/><E72/><V90/><F90/><W89/><G89/><T27/><D27/><U3/><E3/><V109/><F109/><W53/><G53/><N who="0" m="19979" /><D126/><U105/><E105/><V93/><F93/><N who="3" m="54423" /><G22/><T21/><D21/><U56/><E112/><V92/><F74/><W31/><G31/><T91/><D91/><N who="1" m="51607" /><E71/><N who="0" m="27209" /><D111/><U135/><E24/><V73/><F92/><W34/><G34/><T35/><D35/><U85/><E85/><V52/><F73/><W49/><G49/><T130/><D130/><U59/><E51/><V83/><F83/><W110/><G110/><T11/><D11/><AGARI ba="1,1" hai="4,11,13,37,38,75,76,80,97,100,106" m="54423" machi="11" ten="30,3900,0" yaku="24,1,52,1,54,1" doraHai="87" who="3" fromWho="0" sc="270,-42,240,0,240,0,240,52" /><INIT seed="1,0,0,0,1,40" ten="228,240,240,292" oya="1" hai0="66,0,116,21,99,111,27,97,126,45,9,47,100" hai1="61,17,28,25,34,122,51,23,49,93,35,92,46" hai2="103,88,95,52,39,121,70,62,64,43,63,134,135" hai3="124,73,7,10,125,4,87,91,24,79,110,74,101"/><U80/><E122/><V22/><F121/><W130/><G110/><T104/><D116/><U132/><E132/><N who="2" m="50731" /><F103/><W94/><G130/><T54/><D111/><U77/><E61/><N who="2" m="40207" /><F22/><W76/><G101/><T86/><D66/><U113/><E51/><V119/><F119/><W37/><G37/><T50/><D126/><N who="3" m="48745" /><G24/><T129/><D129/><U3/><E3/><V36/><F43/><W32/><G32/><T115/><D99/><U118/><E118/><V38/><F52/><W60/><G60/><T41/><D86/><AGARI ba="0,0" hai="36,38,39,62,63,86,88,95" m="40207,50731" machi="86" ten="40,2600,0" yaku="20,1,54,1" doraHai="40" who="2" fromWho="0" sc="228,-26,240,0,240,26,292,0" /><INIT seed="2,0,0,2,3,69" ten="202,240,266,292" oya="2" hai0="41,124,53,108,135,68,99,101,83,19,9,59,100" hai1="67,4,71,17,7,129,87,90,77,64,20,128,40" hai2="26,48,11,47,0,84,103,70,55,76,97,104,50" hai3="36,81,63,110,116,82,6,80,106,89,118,66,113"/><V23/><F70/><W112/><G106/><T24/><D108/><U130/><E77/><V57/><F0/><W78/><G110/><T114/><D114/><N who="3" m="44137" /><G6/><N who="1" m="2090" /><E40/><V46/><F11/><W75/><G89/><T33/><D68/><U125/><E71/><V1/><F1/><W109/><G109/><T96/><D135/><U107/><E107/><V49/><F84/><W34/><G34/><T121/><D121/><U60/><E60/><V3/><F76/><W58/><G36/><T29/><D124/><U98/><E98/><V37/><F3/><W123/><G123/><T2/><D41/><U22/><E125/><V122/><F122/><W27/><G27/><T31/><D83/><AGARI ba="0,0" hai="58,63,66,75,78,80,81,82,83,116,118" m="44137" machi="83" ten="30,1000,0" yaku="11,1" doraHai="69" who="3" fromWho="0" sc="202,-10,240,0,266,0,292,10" /><INIT seed="3,0,0,1,4,36" ten="192,240,266,302" oya="3" hai0="33,124,53,32,47,122,123,120,63,86,89,75,26" hai1="105,93,96,65,66,82,106,2,69,114,94,71,58" hai2="125,24,109,81,98,16,101,67,19,102,129,23,72" hai3="28,12,119,6,61,18,130,62,0,25,60,74,70"/><W87/><G119/><T83/><D124/><U3/><E58/><V45/><F125/><W20/><G74/><T40/><D75/><U132/><E82/><V4/><F109/><W8/><G130/><T38/><D63/><U10/><E10/><V104/><F129/><W43/><G43/><T88/><D53/><U59/><E59/><V127/><F127/><W17/><G17/><T112/><D112/><U100/><E114/><V103/><F4/><W42/><G42/><T22/><REACH who="0" step="1"/><D89/><REACH who="0" ten="182,240,266,302" step="2"/><U68/><E65/><V44/><F72/><W121/><G121/><T79/><D79/><U85/><E66/><V46/><F67/><N who="3" m="41319" /><G87/><T111/><D111/><U110/><E110/><V78/><F78/><W131/><G131/><T135/><D135/><U7/><E132/><V84/><F84/><W14/><G62/><T52/><D52/><U91/><E85/><V64/><F64/><W133/><G61/><T95/><D95/><U50/><E93/><V34/><F81/><W134/><G133/><T1/><D1/><U48/><E2/><V13/><F104/><W116/><G134/><T126/><D126/><U108/><E108/><V117/><F98/><W11/><G116/><T90/><D90/><U5/><E3/><V99/><F99/><W9/><G0/><T56/><D56/><U29/><E91/><V113/><F117/><W57/><G57/><T49/><D49/><N who="1" m="19051" /><E105/><V31/><F113/><W41/><G41/><T128/><D128/><U115/><E115/><V76/><F76/><W35/><G6/><N who="1" m="2058" /><E106/><V37/><F37/><W21/><G35/><T15/><D15/><RYUUKYOKU ba="0,1" sc="182,0,240,0,266,0,302,0" hai0="22,26,32,33,38,40,47,83,86,88,120,122,123" hai1="29,68,69,71,94,96,100" hai2="13,16,19,23,24,31,34,44,45,46,101,102,103" hai3="8,9,11,12,14,18,20,21,25,28" owari="182,-31.8,240,-16.0,266,6.6,312,41.2" /></mjloggm>