<mjloggm ver="2.3"><GO type="225" lobby="0"/><UN n0="%45%6C%79%73%69%75%6D" n1="%E3%82%B2%E3%82%B9%E8%8C%82%E5%8B%9D" n2="%E3%81%BF%E3%81%BF%E3%81%9A" n3="%E3%83%97%E3%83%92" dan="17,16,16,16" rate="2100.91,2117.04,2150.94,2168.96" sx="F,F,M,M"/><TAIKYOKU oya="0"/><INIT seed="0,0,0,0,0,125" ten="250,250,250,250" oya="0" hai0="86,134,67,91,60,133,8,18,89,111,122,119,127" hai1="94,37,118,42,104,114,5,14,22,57,23,100,128" hai2="31,84,55,40,62,87,79,98,132,4,68,72,124" hai3="83,82,41,99,43,117,135,71,53,120,46,112,1"/><T9/><D119/><U109/><E104/><V74/><F124/><W2/><G117/><T97/><D127/><U95/><E118/><V102/><F4/><W10/><G112/><T121/><D97/><U103/><E114/><V12/><F31/><W17/><G71/><T45/><D45/><U52/><E109/><V28/><F40/><W13/><G43/><T65/><D86/><U26/><E42/><V81/><F12/><W113/><G135/><T15/><D15/><U25/><E37/><V77/><F28/><W16/><G120/><T59/><D59/><U11/><E128/><V63/><F55/><W20/><G53/><T123/><D123/><U0/><E0/><V49/><F49/><W32/><G32/><T78/><D78/><U24/><E94/><V66/><F62/><W110/><G110/><T35/><D18/><U39/><E39/><V96/><F96/><W88/><G113/><T92/><D92/><U80/><E80/><V29/><F29/><W93/><G1/><T21/><D111/><U61/><E95/><V115/><F132/><W56/><G56/><T130/><D60/><U85/><E85/><V33/><F33/><W129/><G129/><T44/><D44/><U75/><E75/><N who="2" m="28715" /><F115/><W7/><REACH who="3" step="1"/><G17/><REACH who="3" ten="250,250,250,240" step="2"/><T36/><D35/><U116/><E116/><V64/><F64/><W105/><G105/><T38/><REACH who="0" step="1"/><D21/><AGARI ba="0,1" hai="5,11,14,21,22,23,24,25,26,52,57,61,100,103" machi="21" ten="40,2600,0" yaku="8,1,54,1" doraHai="125" who="1" fromWho="0" sc="250,-26,250,36,250,0,240,0" /><INIT seed="1,0,0,0,0,22" ten="224,286,250,240" oya="1" hai0="106,92,66,59,7,20,105,37,100,31,8,29,16" hai1="72,57,61,124,89,18,4,73,21,102,55,33,32" hai2="114,0,98,67,118,76,126,30,117,131,119,54,68" hai3="3,86,26,48,120,23,62,70,129,52,27,58,49"/><U84/><E124/><V77/><F0/><W115/><G120/><T15/><D37/><U28/><E4/><V45/><F126/><W5/><G115/><T41/><D41/><U95/><E102/><V17/><F114/><W34/><G129/><T103/><D105/><U64/><E64/><V128/><F98/><W123/><G123/><T75/><D75/><U133/><E133/><V90/><F90/><W12/><G3/><T71/><D71/><U19/><E19/><V39/><F30/><N who="0" m="11274" /><D106/><U36/><E36/><V110/><F17/><N who="3" m="10663" /><G34/><T108/><D108/><U2/><E2/><V87/><F110/><W14/><G86/><T74/><D74/><U107/><E107/><V24/><F24/><N who="3" m="9259" /><G70/><T127/><D127/><U134/><E134/><V104/><F104/><W113/><G113/><T94/><D20/><U11/><E33/><V46/><F87/><W135/><G135/><T1/><D1/><U85/><E85/><V132/><F132/><W121/><G121/><T109/><D109/><U53/><E32/><V65/><F68/><W112/><G112/><T63/><D7/><U83/><E72/><V47/><F39/><W130/><G130/><N who="2" m="49705" /><F54/><W79/><G79/><AGARI ba="0,0" hai="45,46,47,65,67,76,77,79,117,118,119" m="49705" machi="79" ten="40,5200,0" yaku="28,2,19,1" doraHai="22" who="2" fromWho="3" sc="224,0,286,0,250,52,240,-52" /><INIT seed="2,0,0,5,5,120" ten="224,286,302,188" oya="2" hai0="113,78,74,27,49,42,30,2,71,102,121,101,96" hai1="1,40,11,57,63,55,106,108,115,53,47,107,12" hai2="89,117,64,41,129,59,10,130,45,9,124,122,94" hai3="37,22,85,91,119,39,36,13,52,83,105,56,69"/><V26/><F122/><W125/><G119/><T104/><D121/><U93/><E115/><V99/><F117/><W60/><G125/><T82/><D113/><U8/><E1/><V65/><F124/><W126/><G126/><T81/><D2/><U24/><E108/><V123/><F123/><W132/><G132/><T6/><D6/><U50/><E24/><V17/><F26/><W128/><G128/><N who="2" m="49257" /><F59/><W7/><G105/><T114/><D114/><U66/><E8/><N who="2" m="3179" /><F17/><W48/><G7/><T5/><D5/><N who="1" m="3183" /><E106/><V46/><F46/><W118/><G118/><T75/><D71/><U16/><E107/><V88/><F89/><W14/><REACH who="3" step="1"/><G22/><REACH who="3" ten="224,286,302,178" step="2"/><T77/><D104/><U62/><E66/><AGARI ba="0,1" hai="13,14,36,37,39,48,52,56,60,66,69,83,85,91" machi="66" ten="40,5200,0" yaku="1,1,2,1,54,1,53,0" doraHai="120" doraHaiUra="97" who="3" fromWho="1" sc="224,0,286,-52,302,0,178,62" /><INIT seed="3,0,0,3,3,19" ten="224,234,302,240" oya="3" hai0="7,38,72,129,49,67,34,30,117,37,54,115,93" hai1="57,102,114,44,1,75,27,83,135,66,35,11,84" hai2="124,48,97,108,15,14,125,18,92,89,23,63,65" hai3="24,95,119,99,46,123,130,82,22,106,111,120,55"/><W16/><G119/><T3/><D117/><U60/><E114/><V90/><F48/><W26/><G130/><T104/><D104/><U81/><E135/><V2/><F2/><W33/><G106/><T51/><D72/><U45/><E102/><V42/><F42/><W9/><G111/><T39/><D129/><U103/><E103/><N who="2" m="60839" /><F14/><N who="3" m="7247" /><G33/><T50/><D115/><U122/><E122/><V78/><F78/><W31/><G120/><T100/><D67/><U5/><E75/><V4/><F4/><W121/><G121/><T28/><D34/><U21/><E35/><V116/><F108/><W80/><G24/><T69/><D69/><U25/><E81/><V73/><F73/><W101/><G123/><T61/><D7/><U98/><E27/><V8/><F116/><W13/><G13/><T96/><D3/><U91/><E98/><V113/><F113/><W59/><G46/><T64/><D28/><AGARI ba="0,0" hai="1,5,11,21,25,28,44,45,57,60,66,83,84,91" machi="28" ten="30,2000,0" yaku="7,1,52,1" doraHai="19" who="1" fromWho="0" sc="224,-20,234,20,302,0,240,0" owari="204,-29.6,254,5.4,302,40.2,240,-16.0" /></mjloggm>