<mjloggm ver="2.3"><GO type="225" lobby="0"/><UN n0="%E5%BE%80%E5%B9%B4%E3%81%AE%E3%82%B4%E3%83%AA%E3%83%A9" n1="%E9%B3%B3%E6%9D%B1%E3%81%AE%E3%81%86%E3%81%95%E3%81%8E%E3%81%95%E3%82%93" n2="%E3%81%A1%E3%82%85%E3%81%86%E3%81%A9%E3%81%8F%E8%B1%A1%E3%81%95%E3%82%93" n3="%E8%A8%88%E7%AE%97%E6%A9%9F%E8%87%AA%E7%84%B6" dan="16,16,16,17" rate="2119.64,2098.55,2150.89,2150.55" sx="M,M,M,M"/><TAIKYOKU oya="0"/><INIT seed="0,0,0,2,4,62" ten="250,250,250,250" oya="0" hai0="65,72,16,95,21,132,93,125,122,2,23,70,46" hai1="124,22,49,33,28,12,39,20,113,90,112,73,19" hai2="128,10,111,105,79,11,67,94,38,123,85,118,99" hai3="50,120,24,13,32,64,14,25,121,9,58,56,3"/><T133/><D122/><N who="3" m="47209" /><G3/><T29/><D72/><U86/><E39/><V131/><F123/><W40/><G32/><T119/><D119/><U104/><E73/><V69/><F38/><W88/><G13/><T101/><D2/><U81/><E124/><V100/><F118/><W4/><G88/><T97/><D125/><U82/><E104/><V6/><F111/><W103/><G103/><T53/><D95/><U0/><E33/><V57/><F69/><W114/><G114/><N who="1" m="44138" /><E49/><V27/><F27/><N who="3" m="10315" /><G64/><T76/><D65/><U45/><E0/><V108/><F108/><W44/><AGARI ba="0,0" hai="4,9,14,40,44,50,56,58" m="10315,47209" machi="44" ten="30,1100,0" yaku="13,1" doraHai="62" who="3" fromWho="3" sc="250,-5,250,-3,250,-3,250,11" /><INIT seed="1,0,0,4,4,87" ten="245,247,247,261" oya="1" hai0="74,32,48,64,67,93,69,49,129,77,117,104,88" hai1="57,42,27,97,45,80,28,115,108,66,13,44,76" hai2="62,16,71,113,18,41,3,5,43,14,63,61,59" hai3="29,8,86,121,99,83,9,30,120,126,68,40,46"/><U91/><E115/><V15/><F71/><W11/><G68/><T34/><D117/><U58/><E108/><V89/><F3/><W114/><G114/><T103/><D129/><U72/><E13/><N who="2" m="4619" /><F5/><W131/><G131/><T25/><D77/><U52/><E66/><V4/><F4/><W70/><G70/><T36/><D36/><U127/><E127/><V135/><F59/><W130/><G130/><T22/><D74/><U84/><E58/><V20/><F135/><W111/><G111/><T75/><D75/><U53/><E42/><N who="2" m="15883" /><F113/><W7/><G7/><T33/><D69/><U112/><E112/><V123/><F123/><W102/><G126/><T19/><D67/><U54/><E57/><V132/><F132/><W78/><G121/><T17/><D64/><U38/><E38/><V6/><F6/><W23/><G120/><T133/><D133/><U128/><E128/><V51/><F51/><W122/><G122/><T31/><D49/><U92/><REACH who="1" step="1"/><E72/><REACH who="1" ten="245,237,247,261" step="2"/><V101/><F101/><W26/><G40/><T119/><D103/><U116/><E116/><V2/><F2/><W98/><G102/><T96/><D119/><U60/><E60/><V100/><F100/><W106/><G106/><T0/><D104/><U107/><E107/><V12/><F18/><N who="0" m="6666" /><D0/><U24/><E24/><V73/><F73/><W10/><G26/><T55/><D55/><U118/><E118/><V124/><F124/><W90/><G8/><T94/><D48/><U65/><E65/><V82/><F62/><W95/><G9/><T56/><D56/><U47/><E47/><V105/><F105/><RYUUKYOKU ba="0,1" sc="245,10,237,10,247,10,261,-30" hai0="22,25,31,32,33,34,88,93,94,96" hai1="27,28,44,45,52,53,54,76,80,84,91,92,97" hai2="12,16,20,61,63,82,89" /><INIT seed="1,1,1,2,5,125" ten="255,247,257,231" oya="1" hai0="135,130,94,71,25,106,124,35,16,82,30,34,73" hai1="5,121,132,17,111,9,1,7,76,104,40,91,110" hai2="100,32,57,67,44,53,95,99,46,13,36,70,109" hai3="74,68,58,108,26,128,48,101,102,119,127,72,2"/><U15/><E104/><V123/><F123/><W65/><G2/><T43/><D124/><U52/><E121/><V59/><F109/><N who="1" m="41481" /><E132/><V39/><F32/><W27/><G108/><T4/><D106/><U118/><E118/><V28/><F28/><W115/><G127/><T51/><D135/><U89/><E40/><V114/><F114/><W63/><G115/><T19/><D35/><U83/><E52/><V62/><F57/><W79/><G119/><T42/><D71/><U20/><E5/><V11/><F39/><W45/><G68/><T37/><D37/><U120/><E120/><V6/><REACH who="2" step="1"/><F36/><REACH who="2" ten="255,247,247,231" step="2"/><W98/><G58/><T49/><D34/><U80/><E80/><V22/><F22/><W93/><G48/><AGARI ba="1,2" hai="6,11,13,44,46,48,53,59,62,67,70,95,99,100" machi="48" ten="30,3900,0" yaku="1,1,7,1,53,1" doraHai="125" doraHaiUra="96" who="2" fromWho="3" sc="255,0,247,0,247,62,231,-42" /><INIT seed="2,0,0,5,2,135" ten="255,247,309,189" oya="2" hai0="68,72,6,102,5,76,67,23,99,16,64,35,126" hai1="45,96,95,120,1,116,124,117,98,33,60,69,12" hai2="53,25,123,91,34,100,85,79,7,97,63,83,80" hai3="14,26,41,47,10,55,94,37,44,40,92,52,101"/><V82/><F123/><W62/><G26/><T59/><D35/><U75/><E1/><V130/><F130/><W49/><G101/><T134/><D134/><U36/><E33/><V56/><F7/><W93/><REACH who="3" step="1"/><G62/><REACH who="3" ten="255,247,309,179" step="2"/><T132/><D102/><U17/><E60/><V109/><F25/><W39/><G39/><T42/><D132/><U58/><E36/><V88/><F34/><W22/><G22/><T90/><D23/><U71/><E117/><V54/><F109/><W107/><G107/><T86/><D67/><U104/><E104/><V106/><F79/><W89/><G89/><T65/><D90/><U112/><E116/><V108/><F108/><W84/><G84/><T110/><D86/><U103/><E103/><V77/><F77/><W29/><G29/><T70/><D76/><U114/><E98/><V4/><F91/><W115/><G115/><T2/><D99/><U20/><E96/><V3/><F88/><W18/><AGARI ba="0,1" hai="10,14,18,37,40,41,44,47,49,52,55,92,93,94" machi="18" ten="30,4000,0" yaku="1,1,0,1,54,1,53,0" doraHai="135" doraHaiUra="129" who="3" fromWho="3" sc="255,-10,247,-10,309,-20,179,50" /><INIT seed="3,0,0,0,5,2" ten="245,237,289,229" oya="3" hai0="130,125,78,124,75,11,28,97,133,27,64,94,73" hai1="113,4,86,66,10,14,80,115,20,111,68,62,32" hai2="101,6,60,98,121,16,70,31,120,21,65,48,22" hai3="43,25,54,52,59,123,19,3,104,40,128,106,34"/><W18/><G123/><N who="2" m="47177" /><F6/><W92/><G3/><T63/><D133/><U30/><E111/><V85/><F85/><W58/><G92/><T57/><D130/><U33/><E20/><V7/><F7/><W114/><G25/><T47/><D47/><U77/><REACH who="1" step="1"/><E30/><REACH who="1" ten="245,227,289,229" step="2"/><V109/><F109/><W46/><G34/><AGARI ba="0,1" hai="4,10,14,32,33,34,62,66,68,77,80,86,113,115" machi="34" ten="40,5200,0" yaku="1,1,2,1,52,1,53,0" doraHai="2" doraHaiUra="127" who="1" fromWho="3" sc="245,0,227,62,289,0,229,-52" /><INIT seed="4,0,0,1,2,117" ten="245,289,289,177" oya="0" hai0="88,132,94,22,70,78,120,97,81,114,15,133,104" hai1="82,75,83,126,60,58,123,28,23,59,31,109,106" hai2="127,24,55,73,33,64,38,69,52,65,57,111,5" hai3="43,19,68,91,101,42,61,36,67,63,90,2,130"/><T10/><D70/><U96/><E123/><V113/><F113/><W54/><G2/><T76/><D114/><U116/><E109/><V77/><F111/><W80/><G130/><T0/><D120/><U95/><E106/><V98/><F38/><W122/><G101/><T1/><D22/><U87/><E75/><V128/><F5/><W103/><G103/><T124/><D124/><U92/><E116/><V112/><F112/><W99/><G122/><T84/><D78/><U32/><E32/><V26/><F128/><W35/><G35/><T79/><D79/><U21/><E96/><V86/><F73/><W118/><G118/><T119/><D104/><U134/><E87/><V30/><F127/><W85/><G36/><T41/><D41/><U107/><E107/><V115/><F115/><W93/><REACH who="3" step="1"/><G19/><REACH who="3" ten="245,289,289,167" step="2"/><N who="0" m="8695" /><D119/><U121/><E126/><V89/><F33/><W110/><G110/><T17/><D17/><U62/><E121/><V44/><F30/><W34/><G34/><T72/><D1/><U66/><E134/><N who="0" m="51817" /><D0/><U48/><E28/><V51/><F69/><W39/><G39/><T47/><D47/><U129/><E31/><V29/><F29/><W6/><G6/><T105/><D105/><U102/><E129/><V8/><F44/><W20/><G20/><T45/><D45/><U25/><E21/><V40/><F8/><W11/><G11/><T7/><D7/><U3/><E23/><V46/><F46/><W27/><G27/><T13/><D13/><U50/><E25/><V100/><F24/><W135/><G135/><T37/><D37/><U12/><E3/><RYUUKYOKU ba="0,1" sc="245,15,289,-15,289,-15,167,15" hai0="72,76,81,84,88,94,97" hai3="42,43,54,61,63,67,68,80,85,90,91,93,99" /><INIT seed="4,1,1,0,1,56" ten="260,274,274,182" oya="0" hai0="12,14,64,13,101,37,131,110,46,121,51,59,53" hai1="80,63,60,24,103,21,97,23,111,28,20,81,106" hai2="72,47,1,36,57,125,54,38,4,33,73,61,128" hai3="30,50,132,9,17,49,25,98,79,74,100,75,39"/><T44/><D121/><U45/><E111/><V11/><F128/><W118/><G132/><T109/><D131/><U70/><E45/><V78/><F33/><W119/><G39/><T90/><D101/><U89/><E89/><V26/><F125/><W31/><G9/><T10/><D10/><U76/><E80/><N who="2" m="45127" /><F73/><W7/><G7/><T8/><D8/><U27/><E70/><V112/><F26/><W87/><G87/><T129/><D90/><U43/><E43/><N who="2" m="23015" /><F38/><W133/><G133/><T65/><D129/><U84/><E20/><V130/><F130/><W95/><G17/><AGARI ba="1,1" hai="17,21,23,24,27,28,60,63,76,81,84,97,103,106" machi="17" ten="30,3900,0" yaku="7,1,52,2" doraHai="56" who="1" fromWho="3" sc="260,0,274,52,274,0,182,-42" owari="260,-14.0,326,42.6,274,7.4,140,-36.0" /></mjloggm>