<mjloggm ver="2.3"><GO type="225" lobby="0"/><UN n0="%E7%82%8E%E3%81%AE%E3%83%88%E3%83%AC%E3%83%BC%E3%83%80%E3%83%BC" n1="%72%61%6B%33" n2="%E5%AF%82%E5%AF%9E%E3%82%AE%E3%83%8D%E3%82%B9%E3%83%93%E3%83%BC%E3%83%AB" n3="%E3%81%B2%E3%81%AA%E3%81%AE%E3%82%8A%E3%81%8F" dan="16,18,16,17" rate="2144.40,2264.10,2155.65,2205.86" sx="M,M,M,M"/><TAIKYOKU oya="0"/><INIT seed="0,0,0,5,3,98" ten="250,250,250,250" oya="0" hai0="92,119,87,23,50,3,93,123,13,66,14,11,126" hai1="52,32,116,59,38,4,49,94,56,70,127,41,31" hai2="65,44,16,129,61,68,131,128,112,57,12,80,108" hai3="97,130,120,134,72,81,29,100,25,77,54,95,6"/><T84/><D123/><U2/><E116/><V106/><F112/><W5/><G120/><T79/><D3/><U118/><E118/><V101/><F108/><W71/><G134/><T90/><D119/><U63/><E127/><V110/><F110/><W36/><G130/><T133/><D133/><U8/><E94/><V7/><F44/><W75/><G36/><T1/><D1/><U122/><E122/><V67/><F7/><W47/><G72/><T48/><D66/><U42/><E70/><V58/><F80/><W121/><G71/><T91/><D79/><U107/><E107/><V82/><F82/><W117/><G117/><T64/><D64/><U20/><E32/><V33/><F33/><W60/><G121/><T37/><D37/><U85/><E85/><V43/><F43/><W18/><G18/><T83/><D126/><U86/><E86/><V19/><F67/><W39/><G39/><T21/><D83/><U26/><REACH who="1" step="1"/><E38/><REACH who="1" ten="250,240,250,250" step="2"/><V135/><F135/><W17/><G95/><T96/><D96/><U89/><E89/><V115/><F115/><W45/><G75/><T34/><D34/><U9/><E9/><AGARI ba="0,1" hai="9,11,13,14,21,23,48,50,84,87,90,91,92,93" machi="9" ten="25,4800,0" yaku="22,2,8,1" doraHai="98" who="0" fromWho="1" sc="250,58,240,-48,250,0,250,0" /><INIT seed="0,1,0,2,4,116" ten="308,192,250,250" oya="0" hai0="52,65,37,120,124,101,109,71,106,128,29,32,98" hai1="77,113,31,23,100,93,36,39,79,34,81,84,7" hai2="114,117,56,118,68,104,9,49,73,92,107,123,21" hai3="127,55,25,87,115,46,132,19,58,108,119,95,44"/><T38/><D128/><U11/><E34/><V85/><F68/><W67/><G119/><N who="2" m="45577" /><F73/><W10/><G115/><T2/><D124/><U18/><E113/><V76/><F114/><W105/><G105/><N who="2" m="40521" /><F21/><W69/><G127/><T33/><D2/><U0/><E31/><V30/><F30/><W26/><G69/><T103/><D103/><U89/><E100/><V48/><F9/><W45/><G67/><T24/><D33/><U3/><E3/><V83/><F92/><W130/><G130/><T43/><D109/><U94/><E94/><V72/><F72/><W59/><G108/><T41/><D41/><U134/><E134/><V13/><F13/><N who="3" m="7607" /><G132/><T12/><D12/><U4/><E4/><V86/><F86/><W47/><G47/><T63/><D43/><U129/><E129/><V53/><F48/><N who="3" m="31079" /><G59/><T102/><D102/><U20/><E77/><V66/><F66/><W122/><G95/><T60/><D37/><U27/><REACH who="1" step="1"/><E20/><REACH who="1" ten="308,182,250,250" step="2"/><V74/><F74/><AGARI ba="1,1" hai="0,7,11,18,23,27,36,39,74,79,81,84,89,93" machi="74" ten="30,3900,0" yaku="1,1,2,1,7,1,53,0" doraHai="116" doraHaiUra="125" who="1" fromWho="2" sc="308,0,182,52,250,-42,250,0" /><INIT seed="1,0,0,2,1,44" ten="308,234,208,250" oya="1" hai0="31,76,109,104,58,22,113,90,13,73,97,108,82" hai1="125,24,12,9,48,93,94,67,115,26,20,29,23" hai2="96,39,30,3,75,129,80,57,38,122,98,7,119" hai3="102,46,91,56,123,63,15,107,127,88,74,124,120"/><U51/><E125/><N who="3" m="48202" /><G74/><T35/><D113/><U49/><E115/><V106/><F119/><W2/><G2/><T114/><D114/><U89/><E67/><V95/><F122/><N who="3" m="46635" /><G15/><T79/><D35/><U85/><E94/><V100/><F129/><W0/><G0/><T84/><D58/><U36/><E36/><V103/><F30/><W28/><G28/><T11/><D22/><N who="1" m="8235" /><E29/><V135/><F135/><W6/><G6/><AGARI ba="0,0" hai="6,9,12,24,26,48,49,51,85,89,93" m="8235" machi="6" ten="30,11600,0" yaku="8,1,52,3" doraHai="44" who="1" fromWho="3" sc="308,0,234,116,208,0,250,-116" /><INIT seed="1,1,0,1,1,94" ten="308,350,208,134" oya="1" hai0="53,37,131,104,44,126,59,100,132,89,72,27,106" hai1="51,1,8,90,24,2,103,83,48,46,40,111,3" hai2="20,43,121,11,76,77,123,31,107,56,122,39,71" hai3="45,135,73,99,116,78,118,80,25,35,134,41,33"/><U95/><E111/><V117/><F117/><N who="3" m="45163" /><G99/><T128/><D72/><U50/><E8/><V66/><F107/><W32/><G25/><T7/><D7/><U97/><REACH who="1" step="1"/><E24/><REACH who="1" ten="308,340,208,134" step="2"/><V18/><F11/><W115/><G115/><T87/><D27/><U23/><E23/><V68/><F20/><W119/><N who="3" m="45171" /><W101/><DORA hai="92" /><G101/><T61/><D100/><U85/><AGARI ba="1,1" hai="1,2,3,40,46,48,50,51,83,85,90,95,97,103" machi="85" ten="40,12000,1" yaku="1,1,0,1,52,2,53,1" doraHai="94,92" doraHaiUra="79,62" who="1" fromWho="1" sc="308,-41,340,133,208,-41,134,-41" /><INIT seed="1,2,0,4,4,73" ten="267,473,167,93" oya="1" hai0="71,85,110,93,26,25,55,89,126,122,86,31,44" hai1="16,88,42,102,81,94,40,43,116,98,60,84,37" hai2="70,5,51,101,118,47,29,125,114,23,38,83,11" hai3="1,131,57,74,104,45,123,127,72,132,107,109,105"/><U58/><E116/><V68/><F118/><W63/><G123/><T33/><D122/><U53/><REACH who="1" step="1"/><E16/><REACH who="1" ten="267,463,167,93" step="2"/><V69/><F114/><W124/><G132/><T13/><D126/><U112/><E112/><V6/><F125/><W96/><G127/><T32/><D32/><U67/><E67/><V3/><F23/><W61/><G124/><T48/><D33/><U27/><E27/><V130/><F6/><W99/><G131/><T35/><D26/><U14/><E14/><V92/><F5/><W77/><G1/><T21/><D13/><U54/><E54/><V34/><F34/><W15/><G15/><T12/><D12/><U117/><E117/><V52/><F3/><W120/><G120/><T87/><D35/><U134/><E134/><V17/><F17/><W76/><G109/><T115/><D110/><U128/><E128/><V9/><F52/><W2/><G2/><T80/><D115/><U28/><E28/><V50/><F29/><W78/><G45/><AGARI ba="2,1" hai="37,40,42,43,45,53,58,60,81,84,88,94,98,102" machi="45" ten="40,3900,0" yaku="1,1,54,1,53,0" doraHai="73" doraHaiUra="20" who="1" fromWho="3" sc="267,0,463,55,167,0,93,-45" /><INIT seed="1,3,0,4,4,65" ten="267,518,167,48" oya="1" hai0="2,106,23,74,11,36,77,49,81,132,131,6,24" hai1="34,87,91,79,73,60,46,75,64,130,58,83,38" hai2="120,0,105,112,96,12,114,118,10,62,18,1,7" hai3="47,55,116,4,33,22,124,89,72,126,66,122,93"/><U30/><E130/><V52/><F118/><W71/><G33/><T121/><D131/><U57/><E34/><V67/><F120/><W8/><G122/><T37/><D121/><U69/><E30/><V97/><F52/><W100/><G72/><T39/><D132/><U45/><E75/><V107/><F97/><W104/><G116/><T94/><D106/><U27/><E27/><V133/><F133/><W109/><G109/><T117/><D117/><U15/><E15/><V125/><F125/><W78/><G78/><T80/><D80/><U127/><E127/><V19/><F19/><W13/><G22/><T40/><D94/><U115/><E115/><N who="2" m="44075" /><F96/><W76/><G76/><T102/><D102/><U70/><E57/><N who="2" m="37327" /><F0/><W48/><G100/><T56/><D56/><U85/><E73/><V82/><F82/><W101/><G101/><T44/><REACH who="0" step="1"/><D49/><REACH who="0" ten="257,518,167,48" step="2"/><U41/><E46/><V20/><AGARI ba="3,1" hai="1,7,10,12,18,20,105,107" m="37327,44075" machi="20" ten="30,1100,0" yaku="11,1" doraHai="65" who="2" fromWho="2" sc="257,-6,518,-8,167,30,48,-6" /><INIT seed="2,0,0,2,1,21" ten="251,510,197,42" oya="2" hai0="28,131,16,57,99,45,43,59,90,93,77,78,70" hai1="89,30,50,51,79,47,130,116,86,48,85,2,100" hai2="88,75,95,46,44,31,65,80,63,91,107,23,118" hai3="25,120,32,33,13,26,20,39,106,73,52,0,83"/><V134/><F107/><W66/><G0/><T15/><D70/><U1/><E116/><V12/><F118/><W64/><G106/><T8/><D131/><U109/><E130/><V56/><F134/><W18/><G120/><T81/><D28/><U126/><E109/><V124/><F124/><W111/><G111/><T62/><D81/><N who="1" m="47295" /><E1/><V74/><F74/><W110/><G110/><T121/><D59/><U35/><E2/><V112/><F112/><W129/><G129/><T34/><D34/><U60/><E35/><V68/><F68/><W113/><G39/><T55/><REACH who="0" step="1"/><D121/><REACH who="0" ten="241,510,197,42" step="2"/><U9/><E30/><V22/><F31/><W122/><G122/><T6/><D6/><U96/><E60/><V105/><F105/><W101/><G113/><T123/><D123/><U29/><E29/><V135/><F135/><W7/><G7/><T4/><D4/><U10/><E47/><V53/><F46/><W19/><G83/><T14/><D14/><U76/><E126/><V132/><F132/><W115/><G115/><T40/><D40/><U42/><E42/><V71/><F44/><W125/><G125/><T58/><D58/><U127/><E127/><V102/><F12/><W41/><G41/><T49/><AGARI ba="0,1" hai="8,15,16,43,45,49,55,57,62,77,78,90,93,99" machi="49" ten="20,8000,1" yaku="1,1,0,1,7,1,8,1,54,1,53,0" doraHai="21" doraHaiUra="69" who="0" fromWho="0" sc="241,90,510,-20,197,-40,42,-20" /><INIT seed="3,0,0,2,0,19" ten="331,490,157,22" oya="3" hai0="64,44,125,84,106,135,67,85,55,70,49,31,79" hai1="5,45,36,21,134,128,94,110,69,16,81,88,131" hai2="126,39,86,130,47,104,54,34,73,7,61,17,35" hai3="15,10,108,120,116,66,43,124,48,9,127,51,27"/><W23/><G116/><T96/><D125/><U18/><E69/><V12/><F73/><W24/><G120/><T8/><D135/><U32/><E32/><V41/><F104/><W129/><G66/><T75/><D75/><U90/><E134/><V65/><F7/><W22/><G43/><T6/><D31/><U92/><E5/><V13/><F126/><W60/><G15/><T105/><D70/><U112/><E110/><V87/><F54/><W72/><G72/><T42/><D105/><U53/><E112/><V3/><F3/><W121/><G121/><T56/><D96/><U83/><E53/><V133/><F133/><W122/><G122/><T0/><D106/><U52/><E52/><V99/><F99/><W33/><G60/><T102/><D102/><U20/><E45/><V95/><F12/><W103/><G103/><T2/><D2/><U30/><E30/><V111/><F111/><W78/><G108/><T46/><D46/><U11/><E11/><V68/><F130/><W26/><G26/><T71/><D79/><U50/><E50/><V119/><F119/><W28/><G28/><T91/><D71/><U14/><E14/><V118/><F118/><W63/><G63/><T40/><D40/><U25/><E25/><V1/><F1/><W74/><G74/><T117/><D117/><U62/><E62/><V101/><F101/><W80/><G129/><T100/><D100/><U89/><E89/><N who="2" m="53687" /><F87/><N who="0" m="33354" /><D91/><U4/><E4/><V97/><F97/><W123/><G123/><T29/><D29/><U114/><E114/><V115/><F115/><W93/><G33/><RYUUKYOKU ba="0,0" sc="331,10,490,10,157,10,22,-30" hai0="0,6,8,42,44,49,55,56,64,67" hai1="16,18,20,21,36,81,83,88,90,92,94,128,131" hai2="13,17,34,35,39,41,47,61,65,68" owari="341,14.1,500,60.0,167,-23.3,-8,-50.8" /></mjloggm>