<mjloggm ver="2.3"><GO type="225" lobby="0"/><UN n0="%6D%75%75%6D%75%72%61" n1="%E3%83%AD%E3%83%83%E3%83%86%E9%9B%80%E7%90%83" n2="%4E%49%4A%49%49%52%4F" n3="%77%72%77%72%77%72%77%72" dan="16,17,16,16" rate="2143.36,2250.04,2157.85,2107.56" sx="F,M,M,M"/><TAIKYOKU oya="0"/><INIT seed="0,0,0,2,2,103" ten="250,250,250,250" oya="0" hai0="32,86,75,36,67,27,26,65,8,133,135,96,17" hai1="58,28,12,117,43,49,80,128,124,20,99,82,97" hai2="107,100,122,83,112,120,0,30,40,113,116,81,87" hai3="42,77,63,29,34,53,57,93,123,59,102,24,52"/><T13/><D75/><U108/><E117/><V114/><F0/><W33/><G123/><N who="2" m="47145" /><F30/><W10/><G42/><T41/><D86/><U51/><E108/><V47/><F47/><W98/><G77/><T115/><D115/><U121/><E124/><V101/><F40/><W56/><G10/><T50/><D36/><U66/><E128/><V106/><F116/><W4/><G4/><T71/><D96/><N who="1" m="36939" /><E121/><V25/><F25/><N who="0" m="9226" /><D32/><U21/><E28/><V68/><F68/><W39/><G39/><T104/><D71/><U94/><E94/><V110/><F110/><W44/><REACH who="3" step="1"/><G34/><REACH who="3" ten="250,250,250,240" step="2"/><T70/><D41/><U84/><E43/><V125/><F125/><W55/><G55/><T23/><D8/><U14/><E66/><V45/><F45/><W134/><G134/><T74/><D67/><U16/><E21/><V9/><F9/><W46/><G46/><T88/><D65/><U126/><E126/><V92/><F92/><W11/><G11/><T95/><D23/><U19/><E20/><V105/><F81/><W18/><G18/><T130/><D17/><U91/><E82/><V132/><F132/><W111/><G111/><T127/><D127/><U2/><E19/><V76/><AGARI ba="0,1" hai="76,83,87,100,101,105,106,107,112,113,114" m="47145" machi="76" ten="50,8000,1" yaku="34,2,52,3" doraHai="103" who="2" fromWho="2" sc="250,-40,250,-20,250,90,240,-20" /><INIT seed="1,0,0,3,2,131" ten="210,230,340,220" oya="1" hai0="100,81,25,54,6,80,44,31,61,74,42,3,17" hai1="73,12,49,97,95,102,21,133,122,58,126,125,87" hai2="30,53,112,51,2,98,105,108,117,1,19,33,37" hai3="115,22,78,128,103,111,46,16,20,62,50,104,93"/><U41/><E122/><V68/><F37/><W94/><G115/><T124/><D124/><N who="1" m="47723" /><E73/><V11/><F108/><W120/><G120/><T69/><D100/><U4/><E87/><V47/><F68/><W91/><G111/><T96/><D17/><N who="1" m="10407" /><E4/><V23/><F112/><W88/><G78/><T60/><D74/><U135/><E58/><V5/><F117/><W127/><G128/><T129/><D129/><U118/><E118/><V72/><F72/><W92/><G127/><T119/><D119/><U45/><AGARI ba="0,0" hai="41,45,49,95,97,102,133,135" m="10407,47723" machi="45" ten="30,6000,0" yaku="18,1,52,2" doraHai="131" who="1" fromWho="1" sc="210,-20,230,60,340,-20,220,-20" /><INIT seed="1,1,0,1,4,65" ten="190,290,320,200" oya="1" hai0="81,117,115,64,134,103,43,9,80,107,91,63,123" hai1="48,68,95,104,121,71,44,120,40,49,98,102,16" hai2="88,97,45,74,133,76,110,113,128,7,87,131,50" hai3="28,21,72,31,67,18,119,59,15,32,25,57,14"/><U29/><E29/><V135/><F110/><W122/><G72/><T109/><D115/><U41/><E104/><V8/><F113/><W99/><G122/><T124/><D117/><U37/><E121/><V36/><F36/><W26/><G119/><T5/><D123/><U112/><E112/><V46/><F97/><W58/><G67/><T116/><D116/><U10/><E120/><V78/><F74/><W106/><G106/><T34/><D109/><U118/><E118/><V23/><F23/><W56/><N who="3" m="14336" /><DORA hai="70" /><W108/><G108/><T101/><D34/><U52/><E37/><V55/><F46/><W86/><G99/><T93/><D124/><U82/><E82/><N who="2" m="49271" /><F76/><W27/><REACH who="3" step="1"/><G86/><REACH who="3" ten="190,290,320,190" step="2"/><T12/><D64/><U17/><E71/><V13/><F78/><W51/><G51/><T94/><D107/><U84/><E68/><V89/><F89/><W90/><G90/><T62/><D91/><U114/><E114/><V60/><F60/><W111/><G111/><T6/><D62/><U24/><E84/><V0/><F133/><W96/><G96/><T61/><D134/><U85/><E85/><V100/><F135/><W33/><AGARI ba="1,1" hai="14,15,18,21,25,26,27,28,31,32,33" m="14336" machi="33" ten="40,5200,0" yaku="1,1,0,1,9,1,53,0" doraHai="65,70" doraHaiUra="126,127" who="3" fromWho="3" sc="190,-14,290,-27,320,-14,190,65" /><INIT seed="2,0,0,3,4,91" ten="176,263,306,255" oya="2" hai0="88,114,10,35,54,38,34,16,56,29,116,20,78" hai1="40,112,62,103,106,89,72,110,113,109,49,51,67" hai2="57,130,44,0,96,129,99,123,26,80,90,79,92" hai3="45,135,85,127,11,63,8,41,108,32,119,1,3"/><V46/><F123/><W22/><G119/><T18/><D114/><N who="1" m="44139" /><E72/><V58/><F0/><W28/><G32/><T104/><D116/><U21/><E21/><V125/><F125/><W4/><G127/><T128/><D38/><U55/><E89/><V95/><F26/><W94/><G108/><N who="1" m="41578" /><E103/><N who="2" m="60807" /><F57/><W87/><G135/><T70/><D70/><N who="1" m="42359" /><E106/><V6/><F58/><W5/><G22/><T64/><D104/><U39/><E55/><V117/><F6/><W69/><G28/><T19/><D78/><U25/><E25/><V77/><F117/><W132/><G132/><T126/><D126/><U36/><E36/><V76/><F80/><W74/><G74/><T102/><D102/><U42/><E42/><V111/><F111/><W23/><G23/><T100/><D100/><U105/><E105/><V52/><F52/><W115/><G115/><T13/><D34/><U124/><E124/><V48/><F48/><W134/><G134/><T73/><D73/><U107/><E107/><V121/><F121/><W81/><G81/><T27/><D35/><U15/><E15/><V43/><F43/><W71/><G41/><T83/><D64/><U98/><E39/><V133/><F133/><W68/><G1/><T131/><D83/><U118/><E118/><V122/><F122/><W2/><G3/><T59/><D88/><U9/><E40/><V65/><F65/><W30/><G2/><T12/><D54/><U37/><E37/><V97/><F97/><W50/><G4/><N who="0" m="3143" /><D13/><U7/><E98/><V31/><F31/><W24/><G5/><T47/><D47/><U82/><E82/><RYUUKYOKU ba="0,0" sc="176,10,263,10,306,10,255,-30" hai0="16,18,19,20,27,29,56,59,128,131" hai1="7,9,49,51" hai2="44,46,76,77,79,90,95,99,129,130" /><INIT seed="2,1,0,4,0,2" ten="186,273,316,225" oya="2" hai0="106,53,17,48,89,21,37,79,16,63,95,28,30" hai1="135,34,104,94,88,66,43,122,14,134,91,78,20" hai2="76,57,41,114,80,5,81,11,0,112,64,129,109" hai3="18,118,131,130,133,65,51,54,83,119,10,36,86"/><V35/><F35/><W99/><G36/><T59/><D37/><U98/><E34/><V74/><F129/><N who="3" m="49163" /><G133/><N who="1" m="50698" /><E122/><V82/><F109/><W8/><G65/><T47/><D106/><U84/><E104/><V38/><F57/><N who="3" m="32991" /><G99/><T27/><D79/><U113/><E113/><N who="2" m="43627" /><F64/><W26/><G26/><T75/><D75/><U70/><E43/><V107/><F107/><W40/><G40/><T68/><D68/><U13/><E78/><V132/><F132/><W102/><G102/><T61/><D30/><U62/><E20/><V60/><F60/><W72/><G72/><T115/><D115/><U25/><E25/><V46/><AGARI ba="1,0" hai="0,5,11,38,41,46,74,76,80,81,82" m="43627" machi="46" ten="30,3000,0" yaku="25,1,52,1" doraHai="2" who="2" fromWho="2" sc="186,-11,273,-11,316,33,225,-11" /><INIT seed="2,2,0,2,2,64" ten="175,262,349,214" oya="2" hai0="34,98,115,124,106,28,133,121,119,116,87,14,2" hai1="80,42,74,5,81,12,46,83,127,72,76,114,90" hai2="48,125,61,38,44,78,17,122,65,110,18,62,16" hai3="13,77,109,49,126,41,54,86,69,94,11,117,101"/><V3/><F122/><W29/><G69/><T82/><D121/><U70/><E114/><V56/><F3/><W31/><G109/><T111/><D2/><U100/><E127/><V108/><F125/><W75/><G117/><N who="0" m="45131" /><D124/><U40/><E70/><V96/><F78/><W85/><G75/><T37/><D37/><U92/><E100/><V9/><F38/><W58/><G41/><T35/><D28/><N who="3" m="10825" /><G77/><T4/><D115/><U24/><E24/><V19/><F62/><W8/><G126/><T20/><D111/><N who="2" m="42538" /><F96/><N who="3" m="59543" /><G8/><N who="0" m="4359" /><D133/><U43/><E76/><V23/><F9/><W131/><G131/><T39/><D39/><U67/><E74/><V102/><F102/><W118/><G118/><T95/><D106/><U128/><E128/><V57/><F57/><W112/><G112/><T21/><D35/><U15/><E72/><V93/><F93/><W27/><G27/><T130/><D34/><U71/><E92/><V99/><F99/><W89/><G89/><N who="0" m="51447" /><D130/><U129/><E90/><AGARI ba="2,0" hai="20,21,90,95,98" m="51447,4359,45131" machi="90" ten="30,1000,0" yaku="12,1" doraHai="64" who="0" fromWho="1" sc="175,16,262,-16,349,0,214,0" /><INIT seed="3,0,0,1,5,66" ten="191,246,349,214" oya="3" hai0="61,75,106,116,46,23,86,89,131,126,58,102,2" hai1="30,88,82,40,83,120,37,33,125,49,70,55,1" hai2="51,62,69,15,6,26,101,103,34,11,63,24,14" hai3="22,124,73,47,13,5,3,78,8,85,44,7,107"/><W57/><G107/><T98/><D116/><U74/><E70/><V132/><F69/><W84/><G124/><T110/><D75/><U28/><E1/><V25/><F34/><W76/><G73/><T48/><D126/><U16/><E120/><V94/><F132/><W18/><G57/><T97/><D110/><U111/><E111/><V56/><F15/><W64/><G64/><T115/><D131/><U108/><E108/><V80/><F80/><W117/><G117/><T112/><D2/><U39/><E16/><V127/><F127/><W128/><G128/><T20/><D98/><U27/><E30/><V12/><F12/><W60/><G60/><N who="2" m="23081" /><F94/><W118/><G118/><T41/><D112/><U122/><E55/><AGARI ba="0,0" hai="6,11,14,24,25,26,51,55,56,101,103" m="23081" machi="55" ten="30,1000,0" yaku="8,1" doraHai="66" who="2" fromWho="1" sc="191,0,246,-10,349,10,214,0" owari="191,-30.9,236,3.6,359,45.9,214,-18.6" /></mjloggm>