<mjloggm ver="2.3"><GO type="225" lobby="0"/><UN n0="%E3%82%A2%E3%83%A1%E3%82%A2%E3%83%A9%E3%83%AC" n1="%E3%81%99%E3%81%84%E3%81%BE%E3%81%9B%E3%83%BC%E3%82%93" n2="%6D%75%75%73%61%6E%6D%75" n3="%E3%81%82%E3%82%86%E3%81%AE%E9%A2%A8" dan="16,18,17,16" rate="2151.93,2256.16,2115.77,2097.37" sx="M,M,F,M"/><TAIKYOKU oya="0"/><INIT seed="0,0,0,4,1,129" ten="250,250,250,250" oya="0" hai0="80,71,81,44,28,51,35,21,12,93,66,112,118" hai1="9,64,124,63,74,69,31,52,61,39,19,107,106" hai2="36,50,20,73,78,57,82,120,101,98,122,49,119" hai3="18,84,56,90,15,102,48,109,53,40,47,125,8"/><T59/><D112/><U1/><E74/><V97/><F36/><W60/><G109/><T87/><D118/><U24/><E124/><V121/><F119/><W133/><G125/><T32/><D71/><U123/><E39/><V14/><F98/><W127/><G127/><T75/><D93/><U100/><E123/><V46/><F57/><W6/><G102/><T38/><D38/><U86/><E86/><V11/><F20/><W67/><G133/><T77/><D59/><U43/><E43/><V99/><F99/><W29/><G29/><T25/><D12/><U13/><E1/><V91/><F91/><W135/><G135/><T23/><D66/><U30/><E30/><V76/><F76/><W7/><REACH who="3" step="1"/><G40/><REACH who="3" ten="250,250,250,240" step="2"/><T17/><D35/><U34/><E100/><V55/><F49/><W54/><G54/><T108/><D108/><U42/><E42/><V3/><F3/><W114/><G114/><T83/><D32/><U113/><E113/><V27/><F27/><W117/><G117/><T111/><D111/><U79/><E52/><V65/><F65/><W68/><G68/><T0/><D25/><U37/><E37/><V132/><F132/><W5/><G5/><T94/><D51/><U33/><E33/><V89/><F101/><W85/><G85/><T105/><D87/><U22/><E34/><V62/><F120/><W45/><G45/><T95/><D44/><U128/><E69/><V88/><F121/><W4/><G4/><T72/><D0/><U130/><E64/><V58/><F122/><W103/><G103/><T104/><D28/><U110/><E31/><RYUUKYOKU ba="0,1" sc="250,-10,250,-10,250,-10,240,30" hai3="6,7,8,15,18,47,48,53,56,60,67,84,90" /><INIT seed="1,1,1,0,4,37" ten="240,240,240,270" oya="1" hai0="130,7,11,39,92,127,50,18,91,59,45,68,4" hai1="128,25,73,110,24,34,32,81,98,104,133,14,95" hai2="129,28,126,6,96,27,58,22,8,89,67,15,41" hai3="10,23,1,86,100,20,125,2,33,132,83,134,53"/><U61/><E104/><V111/><F111/><W77/><G33/><T30/><D130/><U60/><E128/><V9/><F129/><W66/><G66/><T78/><D127/><U43/><E110/><V90/><F126/><W31/><G125/><T105/><D68/><U122/><E122/><V113/><F113/><W36/><G36/><T119/><D105/><U38/><E133/><N who="3" m="51306" /><G10/><T26/><D78/><U17/><E34/><V35/><F41/><W64/><G64/><T99/><D59/><U47/><E81/><V108/><F108/><W93/><G53/><T71/><D71/><U85/><E85/><V112/><F112/><W63/><G63/><T131/><D39/><U102/><E73/><V49/><F35/><W123/><G123/><T118/><D131/><U44/><E44/><V72/><F72/><W65/><G65/><T62/><D62/><U52/><E32/><V103/><F9/><W75/><G31/><T135/><D135/><U120/><E120/><V84/><F67/><W116/><G116/><T40/><D18/><U94/><E61/><V57/><F49/><W42/><G42/><T70/><D70/><U74/><E74/><V12/><F12/><W106/><G106/><T82/><D11/><U29/><E29/><V121/><F121/><W51/><G51/><T21/><REACH who="0" step="1"/><D82/><REACH who="0" ten="230,240,240,270" step="2"/><U48/><E60/><V109/><F109/><W13/><G83/><T19/><D19/><U97/><E38/><V69/><F69/><W79/><G79/><T76/><D76/><U16/><E17/><V46/><F57/><W56/><G56/><T114/><D114/><RYUUKYOKU ba="1,2" sc="230,30,240,-10,240,-10,270,-10" hai0="4,7,21,26,30,40,45,50,91,92,99,118,119" /><INIT seed="2,2,2,0,2,40" ten="260,230,230,260" oya="2" hai0="14,91,131,9,43,102,16,81,66,99,35,36,90" hai1="20,84,61,133,8,108,38,134,42,64,59,39,122" hai2="130,112,107,118,22,29,5,114,121,51,6,86,53" hai3="78,94,74,7,115,18,116,89,26,4,72,32,41"/><V69/><F118/><W3/><G116/><T96/><D131/><U10/><E108/><V80/><F121/><W13/><G78/><T34/><D66/><U15/><E122/><V101/><F69/><W58/><G41/><T93/><D91/><U44/><E39/><V77/><F130/><W67/><G115/><T125/><D125/><U60/><E84/><V95/><F107/><W128/><G128/><T56/><D56/><N who="1" m="36871" /><E20/><V100/><F112/><W132/><G58/><T37/><D81/><U46/><E15/><V57/><F114/><W63/><G63/><T129/><D129/><U12/><E12/><V127/><F127/><W104/><G67/><T73/><D73/><U23/><E23/><V0/><F0/><W27/><G104/><T1/><D1/><U111/><E44/><V48/><F48/><W82/><G82/><T123/><D123/><U98/><E98/><N who="2" m="59487" /><F101/><W105/><G105/><T31/><D31/><U75/><E75/><V103/><F103/><W30/><G3/><T54/><D37/><U109/><E109/><V124/><F124/><W28/><G74/><T79/><D36/><U45/><E111/><V88/><F77/><W92/><G72/><T52/><D79/><U83/><E46/><V120/><F120/><W21/><G32/><N who="0" m="12331" /><D43/><U71/><E71/><V19/><F29/><W135/><G21/><T70/><D70/><U117/><E117/><V49/><F51/><W85/><G28/><T17/><D17/><U2/><E2/><V106/><F106/><W97/><G30/><T62/><D62/><U110/><E110/><V119/><F119/><RYUUKYOKU ba="2,2" sc="260,15,230,-15,230,15,260,-15" hai0="9,14,16,52,54,90,93,96,99,102" hai2="5,6,19,22,49,53,57,80,86,88" /><INIT seed="2,3,2,3,5,1" ten="275,215,245,245" oya="2" hai0="99,67,105,56,53,0,101,79,6,110,119,114,33" hai1="25,14,68,22,120,37,10,122,83,35,116,96,21" hai2="86,38,133,64,59,89,84,65,131,81,73,11,50" hai3="85,95,87,125,123,104,70,108,77,135,19,2,13"/><V90/><F38/><W45/><G123/><N who="1" m="47146" /><E37/><V75/><F131/><W98/><G2/><T128/><D114/><U3/><E68/><V91/><F133/><W20/><G70/><T61/><D119/><U82/><E3/><V32/><F32/><W54/><G135/><T88/><D33/><U63/><E116/><V44/><F11/><W24/><G104/><T49/><D79/><U60/><E96/><V80/><F89/><W121/><G121/><T23/><D110/><U115/><E35/><V40/><F59/><W15/><G108/><T72/><D72/><AGARI ba="3,2" hai="40,44,50,64,65,72,73,75,80,81,84,86,90,91" machi="72" ten="40,2000,0" yaku="9,1" doraHai="1" who="2" fromWho="0" sc="275,-29,215,0,245,49,245,0" /><INIT seed="2,4,0,4,0,3" ten="246,215,294,245" oya="2" hai0="33,105,49,101,25,45,36,70,22,69,16,135,121" hai1="126,24,57,107,42,50,65,13,55,38,127,79,124" hai2="129,20,44,4,81,21,46,37,132,90,133,18,75" hai3="71,8,14,77,120,116,88,9,58,28,48,89,1"/><V53/><F129/><W104/><G116/><T23/><D121/><U130/><E107/><V109/><F109/><W113/><G120/><T118/><D33/><U17/><E130/><V30/><F37/><W106/><G71/><T84/><D36/><U35/><E79/><V100/><F100/><W134/><G28/><T128/><D128/><U62/><E24/><V125/><F125/><W111/><G111/><T108/><D108/><U52/><E35/><V87/><F75/><W80/><G134/><T15/><D135/><U19/><E55/><V96/><F96/><W115/><G1/><T112/><D112/><N who="3" m="43081" /><G58/><T82/><D101/><U5/><E42/><V122/><F30/><W61/><G48/><T83/><D105/><N who="3" m="40553" /><G61/><T56/><D56/><N who="1" m="32791" /><E38/><V60/><F122/><W32/><G32/><T34/><D34/><U91/><E91/><N who="3" m="34890" /><G14/><T31/><D118/><U11/><AGARI ba="4,0" hai="5,11,13,17,19,57,62,65,124,126,127" m="32791" machi="11" ten="40,5200,0" yaku="18,1,52,1,54,1" doraHai="3" who="1" fromWho="1" sc="246,-17,215,64,294,-30,245,-17" /><INIT seed="3,0,0,5,0,64" ten="229,279,264,228" oya="3" hai0="111,53,115,110,79,10,99,101,75,73,57,63,113" hai1="7,9,43,48,104,93,60,83,89,34,52,58,31" hai2="67,117,47,118,4,8,95,84,68,71,81,39,12" hai3="91,77,29,108,42,16,94,132,98,127,122,86,135"/><W114/><G114/><N who="0" m="43531" /><D10/><U54/><E104/><V112/><F112/><W44/><G122/><T100/><D100/><U11/><E43/><V134/><F134/><N who="3" m="51243" /><G29/><T1/><D1/><U90/><E83/><V14/><F39/><N who="3" m="21599" /><G127/><T87/><D87/><U61/><E31/><V82/><F47/><W76/><G108/><N who="0" m="41515" /><D79/><N who="3" m="30281" /><G16/><T88/><D88/><U55/><E90/><V59/><F117/><W133/><N who="3" m="51251" /><W40/><DORA hai="19" /><G40/><T36/><D36/><U105/><E11/><V15/><F118/><W130/><G130/><T35/><D35/><U38/><E34/><V109/><F109/><W119/><G119/><T69/><D69/><U28/><E38/><V17/><F71/><W121/><G121/><T51/><D51/><U72/><E48/><V70/><F68/><W41/><G41/><T107/><AGARI ba="0,0" hai="53,57,63,73,75,99,101,107" m="41515,43531" machi="107" ten="30,2000,0" yaku="11,1,14,1" doraHai="64,19" who="0" fromWho="0" sc="229,20,279,-5,264,-5,228,-10" /><INIT seed="4,0,0,0,5,87" ten="249,274,259,218" oya="0" hai0="81,117,18,61,51,30,101,97,22,93,47,94,70" hai1="14,48,102,54,109,88,91,11,2,1,67,40,103" hai2="126,114,29,16,86,128,36,41,129,13,21,27,112" hai3="108,52,56,113,111,122,99,79,89,24,34,0,133"/><T124/><D117/><U17/><E109/><V9/><F36/><W32/><G0/><T100/><D124/><U80/><E40/><V116/><F41/><W118/><G118/><T59/><D70/><U134/><E134/><V69/><F69/><W49/><G133/><T135/><D30/><U31/><E67/><V98/><F98/><W26/><G113/><N who="2" m="43625" /><F116/><W6/><G6/><T107/><D81/><U3/><E31/><V58/><F58/><W119/><G79/><T96/><D107/><U131/><E131/><N who="2" m="50251" /><F86/><W74/><G74/><T84/><D84/><N who="1" m="50183" /><E91/><V132/><F132/><W65/><G119/><T4/><D4/><U104/><E104/><V105/><F105/><W20/><G20/><T15/><D135/><U33/><E33/><V127/><AGARI ba="0,0" hai="9,13,16,21,27,29,126,127" m="50251,43625" machi="127" ten="40,8000,1" yaku="15,1,19,1,34,2,54,1" doraHai="87" who="2" fromWho="2" sc="249,-40,274,-20,259,80,218,-20" owari="209,-19.1,254,5.4,339,43.9,198,-30.2" /></mjloggm>