<mjloggm ver="2.3"><GO type="225" lobby="0"/><UN n0="%E3%83%94%E3%83%B3%E3%82%B5%E3%83%AD%E5%BA%97%E5%93%A1" n1="%E7%B4%94%E6%BD%94%E3%83%94%E3%83%A9%E3%83%8B%E3%82%A2" n2="%48%61%61%61%6C%61%6E%64" n3="%E3%81%B5%E3%81%98%E3%81%8B%E3%81%A4" dan="16,16,18,16" rate="2182.88,2105.39,2273.70,2171.29" sx="M,M,M,M"/><TAIKYOKU oya="0"/><INIT seed="0,0,0,1,3,102" ten="250,250,250,250" oya="0" hai0="29,116,61,30,57,3,118,107,42,68,96,85,81" hai1="24,65,129,9,31,101,60,111,124,15,35,114,16" hai2="128,73,46,112,26,77,83,123,20,88,63,32,50" hai3="44,28,62,49,121,100,56,90,105,47,87,69,27"/><T79/><D3/><U126/><E111/><V53/><F128/><W1/><G121/><T104/><D68/><U21/><E129/><V52/><F112/><W99/><G1/><T66/><D42/><U55/><E114/><V14/><F123/><W67/><G49/><T8/><D8/><U37/><E37/><V54/><F32/><W97/><G97/><T75/><D75/><U38/><E38/><V19/><F63/><W41/><G41/><T74/><D74/><U22/><E55/><V13/><F13/><W115/><G56/><T76/><D76/><U108/><E108/><V71/><F71/><W40/><G115/><T119/><REACH who="0" step="1"/><D96/><REACH who="0" ten="240,250,250,250" step="2"/><U135/><E126/><V70/><F70/><W7/><G40/><T98/><D98/><U110/><E124/><V72/><F73/><W43/><G43/><T106/><AGARI ba="0,1" hai="29,30,57,61,66,79,81,85,104,106,107,116,118,119" machi="106" ten="40,12000,1" yaku="1,1,0,1,52,3,53,0" doraHai="102" doraHaiUra="6" who="0" fromWho="0" sc="240,130,250,-40,250,-40,250,-40" /><INIT seed="0,1,0,5,0,90" ten="370,210,210,210" oya="0" hai0="113,36,120,56,28,123,109,129,84,131,59,91,85" hai1="4,1,60,104,101,71,17,43,29,25,105,58,117" hai2="112,49,67,95,64,121,13,51,86,128,107,110,94" hai3="24,16,20,82,54,5,66,9,18,33,130,68,41"/><T44/><D28/><U89/><E117/><V3/><F3/><W115/><G115/><T126/><D113/><U103/><E71/><V34/><F112/><W31/><G130/><N who="0" m="49675" /><D85/><U46/><E17/><V108/><F107/><W96/><G41/><N who="0" m="22567" /><D126/><U61/><E4/><V83/><F34/><W0/><G68/><T8/><D8/><U38/><E1/><V93/><F128/><W106/><G66/><N who="2" m="25129" /><F121/><N who="0" m="46666" /><D109/><N who="2" m="42090" /><F13/><N who="3" m="9231" /><G82/><AGARI ba="1,0" hai="56,59,82,84,91" m="46666,22567,49675" machi="82" ten="30,1500,0" yaku="19,1" doraHai="90" who="0" fromWho="3" sc="370,18,210,0,210,0,210,-18" /><INIT seed="0,2,0,3,1,107" ten="388,210,210,192" oya="0" hai0="5,109,131,110,51,19,56,33,34,37,101,118,106" hai1="130,25,99,104,55,45,89,128,97,16,80,30,79" hai2="41,105,7,21,129,121,58,116,40,17,90,120,9" hai3="112,115,27,81,24,62,126,98,68,29,20,57,12"/><T32/><D37/><U76/><E76/><V42/><F129/><N who="1" m="49769" /><E89/><V123/><F116/><W78/><G126/><T83/><D131/><U91/><E91/><V46/><F105/><W59/><G68/><T23/><D118/><U0/><E0/><V64/><F90/><W73/><G98/><T14/><D5/><U36/><E104/><V84/><F84/><W85/><G85/><T70/><D70/><U74/><E16/><V8/><F7/><W54/><G12/><T13/><D83/><U22/><E55/><V75/><F8/><W135/><G135/><T100/><D14/><U53/><E53/><V61/><F9/><W94/><G94/><T124/><D124/><U72/><E74/><V77/><F77/><W65/><REACH who="3" step="1"/><G27/><REACH who="3" ten="388,210,210,182" step="2"/><T48/><D106/><U111/><E111/><N who="0" m="42505" /><D101/><U38/><E38/><V67/><F121/><W2/><G2/><T88/><D100/><U44/><E36/><V43/><F120/><W50/><AGARI ba="2,1" hai="20,24,29,50,54,57,59,62,65,73,78,81,112,115" machi="50" ten="20,5200,0" yaku="1,1,0,1,7,1,52,1,53,0" doraHai="107" doraHaiUra="95" who="3" fromWho="3" sc="388,-28,210,-15,210,-15,182,68" /><INIT seed="1,0,0,5,1,72" ten="360,195,195,250" oya="1" hai0="79,112,135,63,56,9,93,67,106,119,60,34,120" hai1="98,126,127,81,29,77,80,8,71,111,75,117,122" hai2="132,85,41,28,22,25,118,109,61,31,129,15,4" hai3="73,30,94,17,74,58,47,20,133,100,102,66,95"/><U123/><E71/><V3/><F118/><W131/><G133/><T38/><D106/><U43/><E43/><V2/><F132/><W35/><G131/><T46/><D135/><U24/><E117/><V86/><F129/><W45/><G35/><T32/><D112/><U89/><E8/><N who="2" m="4487" /><F3/><W49/><G30/><N who="2" m="11305" /><F2/><W130/><G130/><T134/><D134/><U11/><E11/><V27/><F109/><W39/><G39/><T69/><D119/><U78/><E111/><V53/><F41/><W64/><G58/><T33/><D120/><U124/><E89/><V82/><F22/><W88/><G74/><T68/><D9/><U84/><REACH who="1" step="1"/><E98/><REACH who="1" ten="360,185,195,250" step="2"/><V90/><F86/><N who="3" m="52503" /><G73/><T13/><D69/><U40/><E40/><V59/><AGARI ba="0,1" hai="25,27,53,59,61,82,85,90" m="11305,4487" machi="59" ten="30,1100,0" yaku="8,1" doraHai="72" who="2" fromWho="2" sc="360,-3,185,-5,195,21,250,-3" /><INIT seed="2,0,0,2,3,17" ten="357,180,216,247" oya="2" hai0="37,122,48,95,68,24,7,128,43,18,79,83,23" hai1="20,86,74,65,13,101,118,80,99,58,61,73,109" hai2="91,75,26,28,103,127,112,21,81,126,4,19,6" hai3="45,133,55,106,46,72,62,119,102,120,88,1,30"/><V100/><F112/><W8/><G120/><T40/><D68/><U82/><E118/><V54/><F54/><W36/><G119/><T67/><D37/><U51/><E109/><V0/><F28/><W115/><G72/><T94/><D122/><U33/><E33/><V14/><F0/><W53/><G115/><T134/><D67/><U117/><E117/><V98/><F103/><W105/><G1/><T104/><D104/><U87/><E51/><V25/><F25/><W124/><G36/><T12/><D128/><U116/><E116/><V57/><F57/><W22/><G8/><N who="0" m="4127" /><D134/><U34/><E34/><V9/><F6/><W64/><G133/><T84/><D43/><U131/><E131/><V130/><F130/><W129/><G129/><T135/><D135/><U71/><E71/><V77/><REACH who="2" step="1"/><F91/><REACH who="2" ten="357,180,206,247" step="2"/><W121/><G102/><T125/><D125/><U59/><E58/><V70/><F70/><W39/><G124/><T31/><D31/><U15/><E15/><V60/><F60/><W2/><G2/><T50/><D40/><U38/><E13/><V123/><F123/><W90/><G121/><T10/><D24/><U110/><E110/><V11/><F11/><W44/><G62/><T5/><D10/><U32/><E61/><V92/><AGARI ba="0,1" hai="4,9,14,19,21,26,75,77,81,92,98,100,126,127" machi="92" ten="30,11700,0" yaku="1,1,0,1,52,1,53,1" doraHai="17" doraHaiUra="96" who="2" fromWho="2" sc="357,-39,180,-39,206,127,247,-39" /><INIT seed="2,1,0,1,4,73" ten="318,141,333,208" oya="2" hai0="127,53,135,36,102,29,31,130,126,10,46,80,121" hai1="81,107,79,103,17,97,64,94,116,125,115,108,45" hai2="20,51,92,58,9,61,27,2,34,47,134,122,7" hai3="56,21,37,19,4,35,76,128,62,117,48,60,88"/><V91/><F134/><W69/><G117/><T26/><D121/><U124/><E64/><V30/><F122/><W49/><G35/><T63/><D135/><U32/><E32/><V3/><F34/><W84/><G4/><T109/><D109/><U59/><E59/><V12/><F58/><W0/><G0/><T8/><D102/><U99/><E45/><V54/><REACH who="2" step="1"/><F61/><REACH who="2" ten="318,141,323,208" step="2"/><W77/><G69/><T50/><D63/><N who="3" m="24105" /><G128/><T112/><D130/><U66/><E66/><V15/><F15/><N who="3" m="9471" /><G37/><T65/><D36/><U75/><E116/><V23/><F23/><W74/><G74/><T1/><D65/><U111/><E115/><V120/><F120/><W6/><G6/><T101/><D112/><U39/><E39/><V119/><F119/><W38/><G38/><T67/><D67/><U118/><E118/><V96/><AGARI ba="1,1" hai="2,3,7,9,12,20,27,30,47,51,54,91,92,96" machi="96" ten="20,7800,0" yaku="1,1,0,1,7,1,53,1" doraHai="73" doraHaiUra="85" who="2" fromWho="2" sc="318,-27,141,-27,323,91,208,-27" /><INIT seed="2,2,0,1,1,55" ten="291,114,414,181" oya="2" hai0="10,31,78,34,40,107,18,15,13,97,75,67,100" hai1="124,109,53,76,98,20,64,9,133,125,116,2,70" hai2="92,29,58,106,65,127,26,24,17,11,83,115,102" hai3="74,112,1,16,36,49,56,134,91,86,99,47,6"/><V135/><F115/><W130/><G112/><T14/><D40/><U121/><E76/><V117/><F117/><W80/><G134/><T59/><D78/><U73/><E98/><N who="2" m="59719" /><F106/><W119/><G130/><T89/><D75/><U57/><E73/><V118/><F118/><W32/><G119/><T71/><D89/><U96/><E96/><V69/><F69/><W41/><G32/><T120/><D59/><U88/><E116/><V22/><F127/><N who="1" m="48713" /><E70/><V87/><F11/><W94/><G74/><T63/><REACH who="0" step="1"/><D120/><REACH who="0" ten="281,114,414,181" step="2"/><U54/><E121/><V30/><F135/><W3/><G36/><T126/><D126/><U21/><E133/><V38/><F38/><W5/><G56/><T51/><D51/><U95/><E109/><V61/><F26/><AGARI ba="2,1" hai="10,13,14,15,18,26,31,34,63,67,71,97,100,107" machi="26" ten="40,5200,0" yaku="1,1,25,2,53,0" doraHai="55" doraHaiUra="84" who="0" fromWho="2" sc="281,68,114,0,414,-58,181,0" /><INIT seed="3,0,0,4,1,55" ten="349,114,356,181" oya="3" hai0="10,5,74,20,98,127,85,17,6,61,70,38,115" hai1="63,15,81,128,107,114,23,67,3,44,104,30,103" hai2="91,82,112,68,97,7,83,41,69,131,43,19,28" hai3="71,31,113,95,45,65,34,59,0,116,4,79,62"/><W9/><G113/><T109/><D74/><U123/><E114/><V57/><F112/><W110/><G116/><T92/><D115/><U35/><E3/><V125/><F68/><W84/><G110/><T96/><D38/><U53/><E123/><V21/><F69/><W101/><G45/><T130/><D109/><U29/><E128/><V25/><F125/><W58/><G79/><T11/><D70/><U73/><E103/><V33/><F7/><N who="0" m="2570" /><D61/><U48/><E35/><V106/><F131/><W1/><G1/><T54/><D54/><U134/><E134/><V111/><F111/><W52/><G101/><T108/><D127/><U64/><E64/><V36/><F57/><W46/><G95/><T122/><D122/><U13/><E104/><V87/><F36/><W105/><G84/><T50/><D50/><U27/><E107/><V89/><F106/><W47/><G105/><T120/><D120/><U51/><E51/><V102/><F102/><W117/><G117/><T129/><D108/><U133/><E30/><V56/><F56/><W93/><G93/><T66/><D66/><U42/><E133/><V94/><F82/><W132/><G132/><T8/><D130/><U72/><E72/><V32/><F32/><W124/><G124/><T60/><D60/><U86/><E73/><V39/><F39/><W77/><G77/><T40/><D40/><U126/><E42/><V22/><F33/><W90/><G71/><T12/><D129/><U26/><E126/><V37/><F37/><W119/><G119/><T121/><D121/><U14/><E44/><V2/><F2/><RYUUKYOKU ba="0,0" sc="349,15,114,-15,356,15,181,-15" hai0="8,10,11,12,17,20,85,92,96,98" hai2="19,21,22,25,28,41,43,83,87,89,91,94,97" owari="364,16.4,99,-40.1,371,47.1,166,-23.4" /></mjloggm>