<mjloggm ver="2.3"><GO type="225" lobby="0"/><UN n0="%E8%81%B7%E6%A5%AD%E3%80%81%E9%A2%A8%32" n1="%E5%AF%82%E5%AF%9E%E3%82%AE%E3%83%8D%E3%82%B9%E3%83%93%E3%83%BC%E3%83%AB" n2="%E6%A1%9C%E8%8A%B1%E9%96%83%E3%80%85" n3="%E7%AD%89%E3%80%85%E5%8A%9B%E5%8A%87%E5%A0%B4" dan="16,16,17,16" rate="2159.63,2110.03,2117.41,2149.05" sx="M,M,M,M"/><TAIKYOKU oya="0"/><INIT seed="0,0,0,0,5,66" ten="250,250,250,250" oya="0" hai0="46,80,64,103,24,108,69,125,127,132,45,32,11" hai1="21,124,87,41,4,48,61,34,36,7,104,105,117" hai2="72,40,102,98,116,115,42,75,68,10,62,121,128" hai3="119,55,6,8,29,13,113,97,20,35,5,71,15"/><T130/><D132/><U47/><E34/><V106/><F121/><W65/><G113/><T56/><D130/><U63/><E117/><V53/><F115/><W22/><G119/><T96/><D56/><U19/><E124/><N who="0" m="47689" /><D80/><U37/><E37/><V122/><F122/><W44/><G97/><T76/><D11/><U79/><E36/><V134/><F116/><W135/><G135/><T67/><D76/><U126/><E105/><V0/><F134/><W93/><G93/><N who="0" m="58767" /><D108/><U112/><E104/><V12/><F0/><W26/><G8/><T92/><D92/><U54/><E112/><V85/><F85/><W18/><G44/><N who="0" m="17003" /><D69/><U70/><E126/><V109/><F128/><W3/><G71/><T33/><D33/><U99/><E99/><V91/><F91/><W101/><G35/><T17/><D17/><U9/><E70/><V58/><F109/><W114/><G18/><T57/><D57/><N who="1" m="34999" /><E63/><V95/><F106/><W1/><G114/><T86/><D86/><U77/><E9/><V50/><F72/><W78/><G78/><N who="1" m="29706" /><E87/><V81/><F75/><W129/><G129/><T74/><D74/><U38/><E38/><V133/><F81/><W31/><G101/><T82/><D82/><U118/><E118/><V100/><F100/><W27/><G65/><N who="0" m="25163" /><D32/><U89/><E89/><V110/><F110/><W39/><G39/><T123/><D123/><U43/><E43/><N who="2" m="16427" /><F133/><W16/><G55/><T49/><D49/><U14/><AGARI ba="0,0" hai="4,7,14,19,21,41,47,48" m="29706,34999" machi="14" ten="30,1100,0" yaku="8,1" doraHai="66" who="1" fromWho="1" sc="250,-5,250,11,250,-3,250,-3" /><INIT seed="1,0,0,0,5,61" ten="245,261,247,247" oya="1" hai0="102,27,111,23,25,82,14,125,9,43,107,86,134" hai1="121,16,56,10,77,41,87,11,92,45,89,47,7" hai2="85,58,135,133,29,71,38,130,13,49,3,113,116" hai3="78,127,8,66,114,31,5,118,67,19,129,98,30"/><U28/><E121/><V57/><F3/><W48/><G114/><T80/><D111/><U88/><E28/><N who="3" m="10794" /><G129/><T73/><D73/><U126/><E126/><V72/><F85/><W52/><G127/><T60/><D134/><U54/><E77/><V90/><F90/><W74/><G74/><T24/><D125/><U62/><E41/><V46/><F13/><N who="3" m="5263" /><G78/><N who="0" m="46359" /><D107/><U21/><E89/><V36/><F29/><W22/><G98/><T75/><D75/><U33/><E33/><V122/><F72/><W35/><G118/><T69/><D69/><U123/><E123/><V53/><F122/><W65/><G35/><T34/><D34/><U95/><E95/><V99/><F99/><W37/><G37/><N who="2" m="14441" /><F116/><W76/><G76/><T101/><D82/><U131/><E131/><V44/><F71/><W63/><G22/><T1/><D1/><U84/><E84/><V17/><F17/><W42/><G19/><N who="0" m="10743" /><D43/><U64/><E7/><V110/><F110/><W2/><G42/><T6/><D6/><U112/><E112/><V0/><F0/><W12/><G2/><T79/><D79/><U105/><E105/><V68/><F68/><W55/><G12/><T4/><D4/><U120/><E120/><V100/><F113/><W51/><G63/><T83/><D9/><U18/><E10/><V94/><F130/><W104/><G104/><T81/><D60/><N who="1" m="35863" /><E11/><V26/><F135/><W115/><G115/><T119/><D119/><U15/><E18/><V103/><F133/><W109/><G109/><T20/><D20/><U39/><E39/><V40/><F40/><W124/><G124/><RYUUKYOKU ba="0,0" sc="245,10,261,10,247,-30,247,10" hai0="24,25,27,81,83,101,102" hai1="15,16,21,45,47,62,64,87,88,92" hai3="48,51,52,55,65,66,67" /><INIT seed="1,1,0,2,0,68" ten="255,271,217,257" oya="1" hai0="64,91,23,8,106,89,102,114,30,100,58,94,20" hai1="21,13,127,62,122,95,59,92,40,19,33,96,88" hai2="126,131,65,28,60,125,83,38,82,6,41,110,50" hai3="66,97,93,15,85,9,57,74,16,5,79,73,14"/><U104/><E122/><V54/><F28/><W80/><G66/><T77/><D114/><U2/><E2/><V31/><F31/><W113/><G57/><T109/><D109/><U133/><E33/><V56/><F6/><W61/><G61/><N who="0" m="37943" /><D106/><U46/><E133/><V135/><F83/><W32/><G32/><T112/><D112/><U25/><E127/><N who="2" m="48651" /><F82/><W26/><G26/><N who="0" m="16711" /><D77/><U119/><E119/><V67/><F110/><W51/><G51/><T87/><D23/><U3/><E3/><V11/><F11/><W4/><G113/><T7/><D91/><U111/><E111/><V37/><F131/><W52/><G52/><T49/><D49/><N who="1" m="26823" /><E104/><V132/><F67/><W115/><G115/><T48/><D48/><U1/><E1/><V121/><F121/><W84/><G73/><T45/><D45/><U42/><E95/><V118/><F118/><W0/><G0/><T53/><D53/><N who="1" m="34159" /><E42/><V120/><F120/><W34/><G34/><T71/><D71/><U105/><E105/><V98/><F41/><W17/><G74/><T86/><D86/><U35/><E35/><V134/><F98/><W107/><G85/><T76/><D76/><U90/><E90/><V36/><F36/><W44/><G107/><T75/><D75/><U29/><E29/><V63/><F63/><W128/><G84/><T27/><D27/><AGARI ba="1,0" hai="13,19,21,25,27,88,92,96" m="34159,26823" machi="27" ten="30,2900,0" yaku="8,1,54,1" doraHai="68" who="1" fromWho="0" sc="255,-32,271,32,217,0,257,0" /><INIT seed="1,2,0,4,3,91" ten="223,303,217,257" oya="1" hai0="84,47,70,95,104,74,37,71,56,79,8,24,117" hai1="69,22,100,121,66,72,14,59,109,38,134,105,46" hai2="126,86,44,31,21,45,97,13,58,23,80,133,77" hai3="99,51,11,25,15,49,7,130,85,60,40,102,135"/><U33/><E121/><V123/><F123/><W20/><G135/><T42/><D117/><U110/><E33/><V32/><F126/><W17/><G130/><T116/><D116/><U119/><E119/><V18/><F32/><W41/><G85/><T98/><D104/><U131/><E72/><V30/><F133/><W0/><G0/><T54/><D74/><U112/><E112/><V64/><F97/><W67/><G49/><T114/><D114/><U93/><E69/><V115/><F115/><W65/><G51/><T78/><D24/><U101/><E105/><V75/><F75/><W122/><G122/><T62/><D8/><U28/><E131/><V94/><F94/><W4/><G4/><T113/><D113/><U16/><E28/><N who="2" m="10795" /><F21/><W3/><G3/><T132/><D132/><U88/><E134/><V63/><AGARI ba="2,0" hai="13,18,23,44,45,58,63,64,77,80,86" m="10795" machi="63" ten="30,1100,0" yaku="8,1" doraHai="91" who="2" fromWho="2" sc="223,-5,303,-7,217,17,257,-5" /><INIT seed="2,0,0,5,2,96" ten="218,296,234,252" oya="2" hai0="54,118,32,98,40,117,114,97,70,0,6,35,104" hai1="62,107,76,135,83,127,52,134,55,23,93,82,94" hai2="65,8,115,63,80,33,56,116,113,28,48,2,81" hai3="50,111,101,73,112,89,45,37,105,43,20,18,133"/><V132/><F116/><N who="0" m="44650" /><D114/><U102/><E127/><V72/><F132/><N who="1" m="50729" /><E23/><V109/><F109/><W39/><G73/><T17/><D70/><U71/><E107/><V34/><F81/><N who="1" m="30729" /><E76/><V67/><F34/><N who="0" m="12842" /><D40/><U74/><E74/><V30/><F33/><W59/><G133/><T100/><D17/><U46/><E46/><V5/><F30/><W15/><G111/><T3/><D6/><U19/><E19/><V110/><F28/><W57/><G112/><T88/><D54/><N who="1" m="20523" /><E102/><V21/><F110/><W123/><G101/><N who="0" m="62511" /><D88/><U47/><E47/><V31/><F115/><W91/><G45/><T44/><D44/><U11/><E11/><V119/><F113/><W92/><G89/><T7/><D7/><U10/><E10/><V84/><F119/><W79/><G91/><T90/><D90/><U77/><E77/><V69/><F72/><W64/><G79/><T13/><D13/><U99/><E99/><V87/><F87/><W58/><G15/><T75/><D75/><U106/><E106/><AGARI ba="0,0" hai="0,3,98,100,106" m="62511,12842,44650" machi="106" ten="30,7700,0" yaku="12,1,23,1,52,2" doraHai="96" who="0" fromWho="1" sc="218,77,296,-77,234,0,252,0" /><INIT seed="3,0,0,0,1,84" ten="295,219,234,252" oya="3" hai0="51,106,112,105,107,71,79,11,119,83,62,70,125" hai1="111,88,99,48,14,126,115,100,19,94,117,104,110" hai2="38,133,32,31,28,72,86,58,76,36,56,82,74" hai3="0,53,18,40,123,23,35,108,15,8,64,97,67"/><W91/><G123/><T77/><D119/><U132/><E115/><V128/><F128/><W102/><G35/><T65/><D125/><U109/><E126/><V75/><F133/><W69/><G108/><T29/><D112/><U44/><E132/><V2/><F2/><W22/><G40/><T41/><D11/><N who="1" m="6623" /><E117/><V47/><F47/><W89/><G69/><T81/><D29/><U25/><E25/><V63/><F32/><W87/><G0/><T73/><D51/><U135/><E135/><V121/><F121/><W131/><G131/><T16/><D16/><U113/><E113/><V95/><F95/><N who="3" m="58687" /><G87/><T45/><D45/><U57/><E57/><V9/><F9/><W26/><G53/><T68/><D41/><N who="1" m="24591" /><E104/><V4/><F4/><N who="3" m="3463" /><G23/><T39/><D39/><U7/><E7/><V54/><F38/><W49/><G49/><T120/><D120/><U12/><E12/><V85/><F36/><W129/><G129/><T114/><D114/><U134/><E134/><V124/><F124/><W66/><AGARI ba="0,0" hai="18,22,26,64,66,67,89,91" m="3463,58687" machi="66" ten="30,6000,0" yaku="8,1,52,2" doraHai="84" who="3" fromWho="3" sc="295,-20,219,-20,234,-20,252,60" owari="275,7.5,199,-30.1,214,-18.6,312,41.2" /></mjloggm>