<mjloggm ver="2.3"><GO type="225" lobby="0"/><UN n0="%28%EF%BF%A3%E2%96%BD%EF%BF%A3%29%CE%B4%E2%8C%92%E3%83%BB" n1="%E7%89%B9%E6%9D%B1%E3%81%AF%E4%B8%96%E7%95%8C%E3%82%92%E6%95%91%E3%81%86" n2="%E3%81%BF%E3%81%BF%E3%81%9A" n3="%E3%83%AD%E3%83%83%E3%83%86%E9%9B%80%E7%90%83" dan="16,16,18,16" rate="2145.50,2145.26,2248.39,2208.65" sx="M,M,M,M"/><TAIKYOKU oya="0"/><INIT seed="0,0,0,5,2,4" ten="250,250,250,250" oya="0" hai0="86,38,118,74,132,37,48,30,66,12,99,114,117" hai1="85,119,98,68,21,22,76,104,111,34,25,49,29" hai2="70,113,125,92,126,88,78,61,26,20,19,45,120" hai3="94,44,33,8,84,40,3,36,108,79,59,65,28"/><T112/><D74/><U122/><E119/><N who="0" m="45577" /><D30/><U75/><E122/><V93/><F120/><W129/><G108/><T10/><D99/><U82/><E111/><V42/><F113/><N who="0" m="43626" /><D86/><U106/><E68/><V55/><F78/><W73/><G129/><T31/><D31/><U52/><E75/><V134/><F134/><W39/><G39/><N who="0" m="14859" /><D12/><U5/><E5/><V62/><F70/><W135/><G135/><T41/><D10/><U60/><E60/><V101/><F101/><W90/><G28/><T17/><D17/><U91/><E91/><V80/><F80/><W64/><G59/><T87/><D87/><U1/><E1/><V16/><F19/><W50/><G50/><T105/><D105/><U71/><E71/><V63/><F55/><W14/><G33/><T81/><D81/><U121/><E121/><V127/><REACH who="2" step="1"/><F88/><REACH who="2" ten="250,250,240,250" step="2"/><W46/><G90/><T116/><D116/><U103/><REACH who="1" step="1"/><E106/><REACH who="1" ten="250,240,240,250" step="2"/><V15/><F15/><W7/><G14/><T77/><D132/><U13/><E13/><V115/><F115/><W51/><G3/><T96/><D77/><U6/><E6/><V89/><F89/><W24/><G7/><T102/><D96/><U54/><E54/><V18/><F18/><W95/><G79/><T100/><D66/><U131/><E131/><V57/><F57/><AGARI ba="0,2" hai="21,22,25,29,34,49,52,57,76,82,85,98,103,104" machi="57" ten="30,3900,0" yaku="1,1,7,1,54,1,53,0" doraHai="4" doraHaiUra="43" who="1" fromWho="2" sc="250,0,240,59,240,-39,250,0" /><INIT seed="1,0,0,0,0,30" ten="250,299,201,250" oya="1" hai0="8,54,120,90,43,77,35,72,126,32,40,31,36" hai1="53,28,67,75,132,81,116,50,119,124,26,39,79" hai2="114,127,93,45,73,133,131,4,19,68,57,74,82" hai3="89,113,98,5,91,86,23,29,128,84,6,123,18"/><U25/><E39/><V110/><F68/><W134/><G123/><T41/><D36/><U101/><E132/><V44/><F133/><W63/><G113/><T11/><D31/><U111/><E124/><V51/><F127/><W20/><G128/><T100/><D126/><U7/><E111/><V107/><F107/><W87/><G134/><T103/><D120/><U33/><E67/><V122/><F122/><W38/><G38/><T85/><D77/><U14/><E25/><V34/><F34/><W64/><G29/><T109/><D72/><U3/><E3/><V13/><F110/><W0/><G0/><T83/><D109/><U10/><REACH who="1" step="1"/><E101/><REACH who="1" ten="250,289,201,250" step="2"/><V49/><F131/><W71/><G64/><T88/><D103/><U78/><E78/><V22/><F114/><W105/><G91/><T92/><D100/><U46/><AGARI ba="0,1" hai="7,10,14,26,28,33,46,50,53,75,79,81,116,119" machi="46" ten="20,7800,0" yaku="1,1,0,1,7,1,52,1,53,0" doraHai="30" doraHaiUra="70" who="1" fromWho="1" sc="250,-26,289,88,201,-26,250,-26" /><INIT seed="1,1,0,2,5,111" ten="224,377,175,224" oya="1" hai0="3,10,78,48,29,87,117,44,61,59,41,67,130" hai1="0,101,16,55,107,32,122,40,5,34,31,102,119" hai2="50,127,75,128,37,69,12,113,65,93,86,97,70" hai3="74,43,64,38,88,77,120,53,18,82,51,7,20"/><U39/><E119/><V84/><F37/><W134/><G134/><T62/><D117/><U135/><E122/><V36/><F36/><W131/><G131/><T106/><D106/><U73/><E135/><V25/><F75/><W15/><G120/><T133/><D133/><U121/><E121/><V98/><F128/><W28/><G64/><T24/><D3/><U52/><E73/><V118/><F118/><W76/><G76/><T81/><D130/><U89/><E5/><V92/><F25/><W27/><G7/><T8/><REACH who="0" step="1"/><D62/><REACH who="0" ten="214,377,175,224" step="2"/><U72/><E107/><V125/><F65/><W104/><G104/><T22/><AGARI ba="1,1" hai="8,10,22,24,29,41,44,48,59,61,67,78,81,87" machi="22" ten="20,8000,1" yaku="1,1,2,1,0,1,7,1,8,1,53,0" doraHai="111" doraHaiUra="71" who="0" fromWho="0" sc="214,93,377,-41,175,-21,224,-21" /><INIT seed="2,0,0,1,5,51" ten="307,336,154,203" oya="2" hai0="13,101,106,27,86,28,44,47,0,56,131,10,7" hai1="33,92,26,124,132,1,118,107,59,2,82,37,15" hai2="38,103,5,36,115,60,17,57,119,53,95,83,133" hai3="78,11,93,90,9,43,67,8,6,134,41,105,61"/><V80/><F115/><W39/><G105/><T87/><D131/><U110/><E107/><V117/><F5/><W109/><G109/><T29/><D106/><U76/><E37/><V99/><F133/><W126/><G134/><T12/><D101/><U123/><E118/><V122/><F122/><W97/><G126/><T120/><D120/><U84/><E123/><V54/><F17/><W48/><G39/><T3/><D56/><U96/><E110/><V121/><F121/><W50/><G78/><T135/><D135/><U40/><E40/><N who="3" m="15434" /><G6/><T77/><D77/><U81/><E81/><N who="2" m="31307" /><F36/><W74/><G74/><T75/><D7/><U14/><E124/><V71/><F71/><W22/><G22/><T130/><D130/><U68/><E68/><V112/><F38/><W63/><G67/><T85/><D10/><U65/><E132/><V111/><F112/><W91/><G90/><T30/><D27/><U18/><E1/><N who="0" m="585" /><D75/><U35/><E2/><V49/><F111/><W20/><G20/><T66/><D66/><U16/><E76/><V34/><F34/><W108/><G108/><T21/><D21/><U89/><E35/><V23/><F23/><W58/><G58/><T88/><D88/><U125/><E33/><V24/><F24/><W72/><G72/><T116/><D116/><U100/><E125/><V114/><F114/><W129/><G129/><T52/><D47/><U98/><E26/><V19/><F19/><W127/><G127/><T4/><D4/><U31/><E18/><V73/><F73/><W32/><G32/><T94/><D94/><U70/><E92/><RYUUKYOKU ba="0,0" sc="307,10,336,-30,154,10,203,10" hai0="12,13,28,29,30,44,52,85,86,87" hai2="49,53,54,57,60,95,99,103,117,119" hai3="8,9,11,48,50,61,63,91,93,97" /><INIT seed="2,1,0,1,1,51" ten="317,306,164,213" oya="2" hai0="1,130,14,45,35,84,110,83,76,103,50,131,47" hai1="118,87,15,75,98,30,13,20,116,19,61,53,37" hai2="65,86,122,62,82,70,42,52,43,77,6,36,85" hai3="127,68,25,123,94,64,10,79,73,88,89,49,26"/><V105/><F122/><W38/><G123/><T74/><D1/><U71/><E75/><V4/><F105/><W113/><G38/><T31/><D110/><U7/><E37/><V34/><F34/><W23/><G127/><T54/><D103/><U132/><E132/><V120/><F120/><W104/><G104/><T93/><D14/><U133/><E133/><V55/><F85/><W3/><G113/><T48/><D31/><U24/><E98/><V107/><F107/><W9/><G64/><T46/><D35/><U90/><E7/><N who="2" m="2603" /><F70/><W96/><G68/><T72/><D47/><U114/><E114/><V99/><F36/><W27/><G23/><T16/><D16/><U129/><E15/><V92/><F65/><W78/><G3/><T108/><D108/><U12/><E12/><V135/><F135/><W124/><G124/><T112/><D112/><U21/><E71/><V41/><F62/><W106/><G106/><T91/><REACH who="0" step="1"/><D74/><REACH who="0" ten="307,306,164,213" step="2"/><U121/><E13/><V101/><AGARI ba="1,1" hai="41,42,43,52,55,77,82,86,92,99,101" m="2603" machi="101" ten="30,11700,0" yaku="8,1,52,2,54,1" doraHai="51" who="2" fromWho="2" sc="307,-40,306,-40,164,130,213,-40" /><INIT seed="2,2,0,1,3,89" ten="267,266,294,173" oya="2" hai0="28,59,18,73,66,22,62,85,39,9,79,125,134" hai1="20,114,68,64,51,17,61,42,43,1,38,124,0" hai2="75,102,54,117,86,101,84,49,133,94,14,111,52" hai3="10,100,7,44,69,131,108,97,47,53,132,36,106"/><V16/><F117/><W26/><G108/><T29/><D39/><U67/><E114/><V34/><F34/><W2/><G131/><T115/><D115/><U98/><E38/><V15/><F75/><W37/><G132/><T71/><D73/><U130/><E130/><V6/><F133/><W33/><G53/><T113/><D113/><U92/><E64/><V76/><F111/><W50/><G50/><T72/><D72/><U55/><E124/><V127/><F127/><W96/><G96/><T57/><D125/><U56/><E43/><V80/><F6/><W93/><G47/><T81/><D134/><U30/><E30/><V105/><F105/><W110/><G110/><T126/><D126/><U5/><E5/><V45/><F14/><W60/><G44/><T65/><D9/><U123/><E123/><V78/><F54/><W27/><G93/><T23/><D23/><U35/><E35/><V128/><F128/><W32/><G27/><N who="0" m="14807" /><D71/><U119/><E42/><V74/><F74/><W104/><G104/><T88/><D79/><U21/><E21/><N who="2" m="11423" /><F76/><W112/><G112/><T11/><D11/><U58/><E68/><V40/><F40/><W118/><G118/><T109/><D109/><U31/><E31/><V41/><F41/><W116/><G116/><T63/><AGARI ba="2,0" hai="28,29,57,59,62,63,65,66,81,85,88" m="14807" machi="63" ten="30,2000,0" yaku="8,1,54,1" doraHai="89" who="0" fromWho="0" sc="267,26,266,-7,294,-12,173,-7" /><INIT seed="3,0,0,3,5,20" ten="293,259,282,166" oya="3" hai0="21,77,50,127,5,32,83,64,116,78,23,54,25" hai1="59,60,134,52,28,96,105,104,53,95,75,63,132" hai2="16,33,58,110,37,107,17,88,92,82,84,71,80" hai3="112,124,27,61,34,44,79,66,130,45,12,51,93"/><W55/><G124/><T31/><D127/><U10/><E75/><V98/><F71/><W11/><G130/><T109/><D116/><U123/><E123/><V29/><F37/><W111/><G112/><T18/><D109/><U94/><E10/><V46/><F110/><W14/><G111/><T86/><D64/><U85/><E85/><V100/><F46/><W24/><G34/><T68/><D68/><U22/><E28/><V43/><F43/><W118/><G118/><T122/><D5/><U47/><E22/><V89/><F58/><N who="3" m="37175" /><G79/><N who="0" m="46463" /><D32/><U48/><E63/><V3/><F3/><W125/><G125/><T121/><D122/><U57/><E47/><V103/><F103/><W49/><G93/><T133/><D133/><U102/><REACH who="1" step="1"/><E94/><REACH who="1" ten="293,249,282,166" step="2"/><V2/><F2/><W15/><G11/><T114/><D121/><U69/><E69/><V35/><F35/><W56/><G45/><N who="0" m="27983" /><D114/><U70/><E70/><V73/><F29/><W135/><G135/><AGARI ba="0,1" hai="48,52,53,57,59,60,95,96,102,104,105,132,134,135" machi="135" ten="40,5200,0" yaku="1,1,20,1,54,1,53,0" doraHai="20" doraHaiUra="0" who="1" fromWho="3" sc="293,0,249,62,282,0,166,-52" owari="293,9.3,311,41.1,282,-11.8,114,-38.6" /></mjloggm>