<mjloggm ver="2.3"><GO type="225" lobby="0"/><UN n0="%61%6D%65%6B%69" n1="%4C%4F%4C%49%54%41" n2="%E7%89%B9%E6%9D%B1%E3%81%AF%E4%B8%96%E7%95%8C%E3%82%92%E6%95%91%E3%81%86" n3="%E2%98%86%E5%AD%AB%E7%87%95%E5%A7%BF%E2%98%86" dan="16,16,16,16" rate="2075.10,2187.28,2156.64,2179.46" sx="M,F,M,M"/><TAIKYOKU oya="0"/><INIT seed="0,0,0,2,1,50" ten="250,250,250,250" oya="0" hai0="94,2,16,126,18,72,35,132,59,45,20,120,26" hai1="127,133,41,128,6,22,87,49,42,13,116,115,24" hai2="58,76,38,125,23,71,101,5,33,99,83,109,7" hai3="123,68,60,65,104,91,108,28,11,102,121,4,52"/><T63/><D120/><N who="3" m="46153" /><G108/><T112/><D112/><U54/><E116/><V93/><F71/><W44/><G28/><T53/><D72/><U1/><E1/><V3/><F33/><W48/><G91/><T43/><D2/><U10/><E128/><V75/><F109/><W27/><G27/><T79/><D126/><U14/><E133/><V73/><F125/><W135/><G135/><T8/><D132/><U124/><E115/><V64/><F38/><W30/><G30/><T90/><D79/><U32/><E32/><V110/><F110/><W39/><G39/><T122/><D35/><U56/><E127/><V84/><F23/><W46/><G46/><T111/><D111/><U40/><E124/><V0/><F3/><N who="3" m="415" /><G102/><T98/><D122/><U55/><E14/><V15/><F0/><W34/><G34/><T89/><D89/><U92/><E92/><V114/><F114/><W88/><G88/><T78/><D78/><U77/><E77/><V113/><F113/><W81/><G81/><T117/><D117/><U36/><E36/><V106/><F15/><W47/><G44/><T103/><D103/><U86/><REACH who="1" step="1"/><E55/><REACH who="1" ten="250,240,250,250" step="2"/><V62/><F73/><W9/><G9/><T107/><D107/><AGARI ba="0,1" hai="47,48,52,60,65,68,104,107" m="415,46153" machi="107" ten="30,3900,0" yaku="13,1,52,1,54,1" doraHai="50" who="3" fromWho="0" sc="250,-39,240,0,250,0,250,49" /><INIT seed="1,0,0,2,0,34" ten="211,240,250,299" oya="1" hai0="11,83,70,134,116,108,109,85,15,55,54,40,106" hai1="29,122,17,5,36,93,100,77,52,131,7,94,13" hai2="28,6,121,90,49,92,62,4,125,78,114,68,32" hai3="69,110,57,3,24,23,123,14,130,27,63,2,135"/><U72/><E122/><V80/><F121/><W19/><G123/><T118/><D70/><U127/><E36/><V26/><F125/><W119/><G69/><T79/><D106/><U30/><E127/><V60/><F114/><W65/><G110/><N who="0" m="42603" /><D40/><U87/><E72/><V50/><F6/><N who="1" m="2057" /><E131/><V37/><F37/><W10/><G130/><T61/><D134/><U103/><E93/><V76/><F4/><W59/><G135/><T66/><D66/><U120/><E120/><V67/><F60/><W133/><G133/><T48/><D61/><U96/><E103/><V8/><F8/><W95/><G119/><N who="0" m="45611" /><D48/><U102/><E102/><V99/><REACH who="2" step="1"/><F76/><REACH who="2" ten="211,240,240,299" step="2"/><W45/><G63/><T33/><D33/><U47/><E77/><V64/><F64/><W22/><G65/><T43/><D43/><U82/><E52/><V84/><AGARI ba="0,1" hai="26,28,32,49,50,62,67,68,78,80,84,90,92,99" machi="84" ten="20,2700,0" yaku="1,1,0,1,7,1,53,0" doraHai="34" doraHaiUra="9" who="2" fromWho="2" sc="211,-7,240,-13,240,37,299,-7" /><INIT seed="2,0,0,3,4,30" ten="204,227,277,292" oya="2" hai0="78,20,70,17,107,19,117,75,98,63,95,115,135" hai1="80,85,40,26,27,92,103,61,24,3,99,8,86" hai2="124,15,65,119,41,18,77,106,100,7,131,6,84" hai3="42,60,76,81,45,10,110,94,112,105,121,59,44"/><V118/><F41/><W4/><G105/><T132/><D115/><U53/><E40/><V50/><F65/><W48/><G112/><T130/><D107/><U101/><E3/><V64/><F64/><W116/><G110/><T71/><D117/><U108/><E108/><V36/><F36/><W54/><G116/><N who="2" m="44585" /><F50/><W74/><G121/><T46/><D46/><U82/><E8/><V66/><F66/><W62/><G94/><T127/><D127/><U29/><E101/><V49/><F49/><W133/><G133/><T52/><D130/><U58/><REACH who="1" step="1"/><E29/><REACH who="1" ten="204,217,277,292" step="2"/><V125/><F100/><W96/><G42/><T90/><D135/><U122/><E122/><V93/><F124/><W22/><G10/><T109/><D132/><U57/><E57/><V2/><F125/><W73/><G59/><N who="0" m="35303" /><D109/><U120/><E120/><V69/><F2/><W72/><G45/><T79/><D19/><U33/><E33/><V34/><F34/><W56/><G44/><T16/><D17/><U126/><E126/><V111/><F111/><W13/><G56/><T129/><D129/><U88/><E88/><V21/><F131/><W113/><G113/><T87/><D79/><U128/><E128/><V37/><F77/><W123/><G123/><T102/><D102/><U67/><E67/><V5/><F18/><W31/><G76/><T35/><D35/><U47/><E47/><V38/><F7/><W23/><G4/><T83/><D75/><U68/><E68/><V134/><F5/><W12/><G74/><T39/><D39/><U0/><E0/><V9/><F6/><W55/><G73/><RYUUKYOKU ba="0,1" sc="204,15,217,15,277,-15,292,-15" hai0="16,20,70,71,78,83,87,90,95,98" hai1="24,26,27,53,58,61,80,82,85,86,92,99,103" /><INIT seed="3,1,1,4,5,51" ten="219,232,262,277" oya="3" hai0="114,68,19,63,113,64,102,121,66,2,45,8,74" hai1="5,13,50,25,75,32,15,21,86,107,128,124,39" hai2="52,22,27,29,71,72,38,105,14,24,122,59,88" hai3="16,58,20,31,99,10,123,33,77,126,110,47,54"/><W69/><G123/><T94/><D121/><U98/><E39/><V3/><F122/><W87/><G69/><T73/><D66/><U92/><E75/><V111/><F3/><W85/><G33/><T79/><D79/><U96/><E32/><V135/><F71/><W106/><G106/><T61/><D61/><U82/><E124/><V12/><F38/><W81/><G126/><T65/><D65/><U55/><E107/><V56/><F72/><W120/><G120/><T93/><D93/><U116/><E128/><V35/><F105/><W57/><G110/><T134/><D134/><U108/><E108/><V7/><F111/><W30/><G10/><T42/><D102/><U41/><E41/><V129/><F129/><W18/><G18/><T9/><D9/><U43/><E43/><V97/><F7/><W37/><G99/><T117/><D94/><U78/><E116/><V23/><F35/><W104/><G87/><T100/><D100/><N who="1" m="60423" /><E98/><V6/><F6/><W112/><G112/><N who="0" m="43115" /><D117/><U34/><E5/><V127/><F127/><W49/><G104/><T109/><D109/><U101/><E101/><V83/><F97/><W0/><G0/><T36/><D2/><U118/><E118/><V44/><F135/><W103/><G103/><T80/><D80/><U17/><E34/><V130/><F130/><W132/><G132/><T46/><D46/><AGARI ba="1,1" hai="13,15,17,21,25,46,50,55,78,82,86" m="60423" machi="46" ten="30,2000,0" yaku="8,1,52,1" doraHai="51" who="1" fromWho="0" sc="219,-23,232,33,262,0,277,0" /><INIT seed="4,0,0,4,3,54" ten="196,265,262,277" oya="0" hai0="81,62,125,50,135,72,31,130,109,59,12,9,33" hai1="26,107,90,73,65,56,47,122,24,67,97,55,42" hai2="30,114,88,106,64,91,61,58,104,93,51,46,49" hai3="53,39,86,1,40,80,5,95,63,87,74,15,101"/><T6/><D130/><U126/><E122/><V115/><F30/><W69/><G1/><T118/><D118/><U23/><E73/><V92/><F93/><W102/><G39/><T129/><D129/><U38/><E126/><V2/><F2/><W43/><G74/><T78/><D125/><U89/><E26/><V84/><F91/><N who="3" m="53751" /><G69/><T68/><D109/><U108/><E108/><V131/><F131/><W32/><G32/><T98/><D135/><U36/><E36/><V21/><F21/><W82/><G82/><T105/><D68/><U17/><E90/><V13/><F13/><W128/><G128/><T120/><D120/><U4/><E4/><V85/><F85/><W127/><G15/><T124/><D124/><U121/><E121/><V75/><F75/><W60/><G5/><T133/><D133/><U44/><E44/><V103/><F49/><W94/><G94/><T28/><D50/><U79/><E79/><V99/><REACH who="2" step="1"/><F106/><REACH who="2" ten="196,265,252,277" step="2"/><W18/><G87/><T96/><D33/><U66/><E107/><V111/><F111/><W34/><G34/><T132/><D132/><U48/><E89/><V117/><F117/><W0/><G0/><T3/><D3/><U113/><REACH who="1" step="1"/><E97/><REACH who="1" ten="196,255,252,277" step="2"/><V123/><F123/><W100/><G127/><T77/><D77/><U35/><E35/><V25/><F25/><W16/><G101/><N who="0" m="62631" /><D98/><U7/><E7/><V76/><F76/><W10/><G102/><T20/><D20/><U27/><E27/><V45/><F45/><W14/><G100/><T119/><D119/><U29/><E29/><V52/><AGARI ba="0,2" hai="46,51,52,58,61,64,84,88,92,99,103,104,114,115" machi="52" ten="30,8000,1" yaku="1,1,0,1,52,1,54,2,53,0" doraHai="54" doraHaiUra="112" who="2" fromWho="2" sc="196,-40,255,-20,252,100,277,-20" owari="156,-34.4,235,-16.5,352,45.2,257,5.7" /></mjloggm>