<mjloggm ver="2.3"><GO type="225" lobby="0"/><UN n0="%E4%BF%BA%E3%81%A8%E5%A6%96%E5%A4%A2" n1="%E3%81%99%E3%81%84%E3%81%BE%E3%81%9B%E3%83%BC%E3%82%93" n2="%E6%A1%9C%E8%8A%B1%E9%96%83%E3%80%85" n3="%E3%82%BC%E3%83%AB%E3%83%80%E3%81%AE%E4%BC%9D%E8%AA%AC" dan="17,18,16,18" rate="2173.14,2208.82,2148.66,2204.42" sx="F,M,M,M"/><TAIKYOKU oya="0"/><INIT seed="0,0,0,4,4,68" ten="250,250,250,250" oya="0" hai0="23,118,86,129,113,128,62,2,103,60,112,135,83" hai1="38,97,102,80,77,14,41,55,123,57,0,39,131" hai2="63,76,70,124,7,42,30,73,40,87,127,110,104" hai3="98,43,92,133,22,10,134,15,16,48,105,53,34"/><T91/><D118/><U125/><E123/><V106/><F87/><W33/><G105/><N who="2" m="40553" /><F30/><W115/><G115/><T8/><D103/><U46/><E0/><V5/><F110/><W18/><G43/><N who="2" m="16425" /><F76/><W99/><G34/><T28/><D135/><N who="3" m="51721" /><G33/><T51/><D51/><U101/><E131/><N who="0" m="50249" /><D28/><U44/><E125/><N who="2" m="48203" /><F73/><W108/><G108/><T54/><D23/><U37/><E101/><V96/><F96/><N who="3" m="36907" /><G92/><T25/><D25/><U119/><E97/><V72/><F72/><W56/><G22/><T84/><D84/><U130/><E102/><V94/><F94/><W19/><AGARI ba="0,0" hai="10,15,16,18,19,48,53,56" m="36907,51721" machi="19" ten="30,2000,0" yaku="20,1,54,1" doraHai="68" who="3" fromWho="3" sc="250,-10,250,-5,250,-5,250,20" /><INIT seed="1,0,0,5,5,129" ten="240,245,245,270" oya="1" hai0="50,109,39,66,94,2,22,75,115,67,79,38,56" hai1="52,41,130,133,46,25,113,107,88,105,65,7,53" hai2="91,128,103,126,76,14,51,60,19,24,70,123,72" hai3="135,102,6,30,61,9,26,58,33,89,17,31,21"/><U10/><E113/><V4/><F123/><W131/><G131/><T40/><D115/><U117/><E130/><V44/><F128/><W13/><G135/><T100/><D2/><U132/><E117/><V97/><F126/><W127/><G127/><T125/><D125/><U114/><E65/><V80/><F4/><W62/><G102/><T82/><D109/><U124/><E124/><V78/><F24/><W0/><G30/><T98/><D67/><U42/><E25/><V106/><F60/><W12/><G12/><T73/><D73/><U54/><E88/><V57/><F57/><W119/><G119/><T118/><D118/><U95/><E95/><V43/><F70/><W87/><REACH who="3" step="1"/><G58/><REACH who="3" ten="240,245,245,260" step="2"/><T122/><D122/><U92/><E114/><V96/><F103/><W55/><G55/><T1/><D1/><U47/><E107/><V64/><F106/><W32/><G32/><T63/><D22/><U37/><E105/><V111/><F64/><W8/><G8/><T83/><D40/><U112/><E112/><V116/><F116/><W45/><G45/><T101/><D100/><U99/><E46/><V15/><F15/><W16/><G16/><T48/><D101/><N who="1" m="60647" /><E42/><V90/><F111/><W74/><G74/><T108/><D108/><U93/><E10/><V120/><F120/><W59/><G59/><T110/><D110/><U68/><E68/><V69/><F69/><W121/><G121/><T28/><D75/><U27/><E27/><V20/><F72/><W35/><G35/><T23/><D28/><U36/><E47/><V81/><F44/><W3/><G3/><RYUUKYOKU ba="0,1" sc="240,-10,245,-10,245,-10,260,30" hai3="0,6,9,13,17,21,26,31,33,61,62,87,89" /><INIT seed="2,1,1,4,2,126" ten="230,235,235,290" oya="2" hai0="117,7,99,97,65,36,77,19,60,81,115,87,124" hai1="133,12,92,104,44,40,83,114,17,54,69,29,95" hai2="93,28,39,85,78,84,52,119,30,14,101,109,58" hai3="61,11,107,32,21,37,121,6,70,20,98,22,5"/><V18/><F119/><W112/><G37/><T129/><D115/><U91/><E114/><V75/><F39/><W56/><G112/><T96/><D124/><U79/><E104/><V74/><F109/><W80/><G121/><T123/><D123/><U23/><E69/><V34/><F75/><W50/><G32/><T135/><D117/><U94/><E133/><V127/><F74/><W41/><G107/><T9/><D135/><U35/><E54/><V10/><F127/><W118/><G70/><T51/><D36/><U128/><E128/><V59/><F59/><W73/><G118/><T24/><D51/><N who="1" m="27015" /><E35/><V68/><F68/><W49/><G73/><T31/><D19/><U86/><E29/><N who="2" m="11371" /><F78/><AGARI ba="1,1" hai="12,17,23,78,79,83,86,91,92,94,95" m="27015" machi="78" ten="30,1000,0" yaku="8,1" doraHai="126" who="1" fromWho="2" sc="230,0,235,23,235,-13,290,0" /><INIT seed="3,0,0,2,2,21" ten="230,258,222,290" oya="3" hai0="111,45,93,125,99,25,70,64,11,71,72,132,81" hai1="37,34,28,105,16,12,48,68,24,20,58,98,114" hai2="57,22,129,134,3,131,17,35,91,78,2,1,63" hai3="54,88,51,43,65,118,47,89,107,36,42,13,8"/><W27/><G118/><T92/><D111/><U120/><E120/><V135/><F78/><W60/><G107/><T109/><D109/><U84/><E37/><V124/><F91/><N who="3" m="34891" /><G36/><T75/><D132/><N who="2" m="50730" /><F35/><W50/><G27/><T53/><D125/><U40/><E68/><V108/><F108/><W76/><G76/><T104/><D11/><U19/><E114/><V121/><F121/><W80/><G80/><T101/><D70/><U56/><E84/><V117/><F117/><W133/><G133/><T113/><D113/><U4/><E4/><V7/><F7/><N who="3" m="3231" /><G51/><T96/><D72/><U94/><E105/><V97/><F97/><W59/><AGARI ba="0,0" hai="42,43,47,50,54,59,60,65" m="3231,34891" machi="59" ten="30,3000,0" yaku="8,1,54,1" doraHai="21" who="3" fromWho="3" sc="230,-10,258,-10,222,-10,290,30" owari="220,-18.0,248,4.8,212,-28.8,320,42.0" /></mjloggm>