<mjloggm ver="2.3"><GO type="225" lobby="0"/><UN n0="%4C%4F%4C%49%54%41" n1="%68%6F%72%69%30%39%30%31" n2="%E7%AD%89%E3%80%85%E5%8A%9B%E5%8A%87%E5%A0%B4" n3="%E7%99%BD%E9%9B%AA%E4%B9%83%E6%84%9B" dan="16,16,17,16" rate="2149.75,2047.54,2148.96,2099.58" sx="F,M,M,F"/><TAIKYOKU oya="0"/><INIT seed="0,0,0,3,0,109" ten="250,250,250,250" oya="0" hai0="40,11,117,24,48,44,130,53,22,35,119,82,74" hai1="52,54,95,60,9,110,72,33,73,89,112,131,38" hai2="43,93,36,128,129,61,6,68,30,63,135,94,14" hai3="31,102,45,41,58,26,127,80,79,88,13,21,114"/><T133/><D35/><U96/><E33/><V83/><F30/><W57/><G127/><T132/><D130/><N who="2" m="50282" /><F83/><W2/><G2/><T90/><D11/><U104/><E131/><V111/><F68/><W18/><G114/><T108/><D108/><U3/><E38/><V8/><F111/><W126/><G126/><T91/><D74/><U25/><E110/><V69/><F69/><W64/><G102/><T87/><D91/><U76/><E25/><V70/><F70/><W56/><G79/><T101/><D53/><U124/><E124/><V106/><F106/><W1/><G1/><T134/><REACH who="0" step="1"/><D101/><REACH who="0" ten="240,250,250,250" step="2"/><U50/><E54/><V78/><F8/><W5/><G64/><T42/><D42/><U116/><E73/><V39/><F43/><W62/><G5/><T66/><D66/><U81/><E9/><V67/><F6/><W27/><G62/><T97/><D97/><U12/><E60/><V34/><F34/><W105/><G41/><T125/><D125/><U4/><E4/><V98/><F98/><W28/><G88/><T77/><D77/><U71/><E89/><V113/><F78/><W17/><G21/><T0/><D0/><U37/><E96/><V123/><F63/><W32/><G32/><T92/><D92/><U49/><E95/><V107/><F94/><W85/><G105/><T29/><AGARI ba="0,1" hai="22,24,29,40,44,48,82,87,90,117,119,132,133,134" machi="29" ten="30,6000,0" yaku="1,1,0,1,20,1,53,0" doraHai="109" doraHaiUra="7" who="0" fromWho="0" sc="240,70,250,-20,250,-20,250,-20" /><INIT seed="0,1,0,0,1,130" ten="310,230,230,230" oya="0" hai0="86,131,124,60,83,47,3,109,77,29,38,95,110" hai1="74,97,103,37,61,85,35,104,63,101,135,16,52" hai2="10,105,40,39,36,71,0,98,84,111,99,96,76" hai3="13,70,117,50,57,48,5,108,80,17,67,12,41"/><T25/><D3/><U45/><E35/><V1/><F71/><W113/><G117/><T64/><D131/><U129/><E129/><V79/><F105/><W4/><G113/><T65/><D124/><U114/><E74/><V30/><F30/><W102/><G108/><N who="0" m="41579" /><D95/><U120/><E120/><V75/><F111/><W91/><G102/><T112/><D112/><U107/><E114/><V26/><F75/><W7/><G70/><T14/><D14/><N who="3" m="5737" /><G17/><T72/><D86/><U69/><E85/><V27/><F84/><N who="3" m="50567" /><G41/><N who="0" m="22967" /><D60/><AGARI ba="1,0" hai="4,5,7,48,50,57,60,67" m="50567,5737" machi="60" ten="30,1000,0" yaku="8,1" doraHai="130" who="3" fromWho="0" sc="310,-13,230,0,230,0,230,13" /><INIT seed="1,0,0,0,2,3" ten="297,230,230,243" oya="1" hai0="114,28,72,29,121,5,43,127,46,11,130,81,27" hai1="133,59,88,36,58,123,92,98,78,129,1,102,32" hai2="35,107,15,0,76,116,95,85,83,24,39,132,49" hai3="51,91,90,53,89,134,17,69,125,109,44,128,6"/><U65/><E1/><V30/><F0/><W110/><G69/><T112/><D29/><U50/><E123/><V94/><F39/><W20/><G125/><T73/><D127/><U47/><E32/><V16/><F116/><W7/><G128/><T56/><D130/><U4/><E129/><V108/><F107/><W2/><G134/><T8/><D8/><U57/><E36/><V37/><F37/><W77/><G77/><T42/><D121/><U119/><E119/><V45/><F108/><N who="3" m="41579" /><G2/><N who="0" m="439" /><D56/><U100/><E4/><N who="3" m="1578" /><G91/><T113/><D112/><U93/><E78/><V105/><F105/><W33/><G33/><T124/><D124/><U21/><E21/><V34/><F132/><W31/><G31/><T61/><D28/><U26/><E26/><AGARI ba="0,0" hai="17,20,26,44,51,53,89,90" m="1578,41579" machi="26" ten="30,7700,0" yaku="14,1,52,3" doraHai="3" who="3" fromWho="1" sc="297,0,230,-77,230,0,243,77" /><INIT seed="2,0,0,3,3,103" ten="297,153,230,320" oya="2" hai0="91,17,62,84,51,98,29,89,31,96,109,97,58" hai1="7,12,132,39,24,67,123,57,119,76,0,116,45" hai2="86,63,69,37,44,28,52,18,32,40,71,33,88" hai3="118,72,110,92,100,46,115,108,36,49,113,124,114"/><V47/><F28/><W41/><G118/><T3/><D3/><U21/><E132/><V135/><F135/><W80/><G124/><T90/><D109/><N who="3" m="42089" /><G100/><T10/><D51/><U65/><E0/><V127/><F127/><W126/><G126/><T68/><D68/><U56/><E123/><V74/><F74/><W2/><G2/><T87/><D17/><U75/><E75/><V1/><F1/><W50/><G92/><T134/><D10/><U38/><E76/><AGARI ba="0,0" hai="36,41,46,49,50,72,76,80,113,114,115" m="42089" machi="76" ten="40,2600,0" yaku="11,1,14,1" doraHai="103" who="3" fromWho="1" sc="297,0,153,-26,230,0,320,26" /><INIT seed="3,0,0,1,2,36" ten="297,127,230,346" oya="3" hai0="28,102,44,0,104,87,20,2,124,78,98,14,70" hai1="99,114,121,15,10,90,62,116,106,55,101,81,64" hai2="24,4,97,96,122,46,107,60,84,92,8,19,6" hai3="9,130,132,47,51,126,95,89,54,53,123,17,67"/><W86/><G123/><T76/><D70/><U108/><E114/><V30/><F122/><W115/><G115/><T131/><D124/><U94/><E121/><V74/><F74/><W72/><G72/><T112/><D112/><U1/><E1/><V11/><F107/><W23/><G130/><T59/><D131/><U25/><E108/><V52/><F84/><W42/><G132/><T88/><D59/><U5/><E116/><V75/><F75/><W18/><G126/><T85/><D85/><U39/><E39/><V82/><F82/><W38/><G67/><T129/><D129/><U65/><E25/><V125/><F97/><W33/><G33/><T48/><D0/><U71/><E64/><V119/><F19/><W31/><G38/><T50/><D2/><U73/><E55/><N who="3" m="21002" /><G9/><T69/><D69/><U43/><E73/><V93/><F11/><W118/><G118/><T117/><D117/><U16/><E81/><V45/><F8/><W80/><G80/><T29/><D29/><U128/><E128/><V134/><F30/><W111/><G111/><T83/><D50/><U49/><E5/><V66/><F4/><W7/><G7/><T120/><D120/><U105/><REACH who="1" step="1"/><E101/><REACH who="1" ten="297,117,230,346" step="2"/><N who="2" m="60551" /><F6/><W13/><G13/><T68/><D14/><U58/><E58/><V32/><F66/><W77/><G77/><T41/><REACH who="0" step="1"/><D68/><REACH who="0" ten="287,117,230,346" step="2"/><U12/><E12/><V103/><F119/><W27/><AGARI ba="0,2" hai="17,18,23,27,31,42,47,51,86,89,95" m="21002" machi="27" ten="30,3000,0" yaku="8,1,52,1" doraHai="36" who="3" fromWho="3" sc="287,-10,117,-10,230,-10,346,50" owari="277,7.7,107,-39.3,220,-18.0,396,49.6" /></mjloggm>