<mjloggm ver="2.3"><GO type="225" lobby="0"/><UN n0="%E6%9D%B1%E9%A2%A8%E3%81%AE%E3%81%8D%E3%82%83%E3%81%B7%E3%81%95%E3%82%93" n1="%E3%82%A2%E3%83%A1%E3%82%A2%E3%83%A9%E3%83%AC" n2="%E8%90%BD%E6%97%A5" n3="%E3%83%B4%E3%83%A0%EF%BC%99%E3%81%A6" dan="17,16,16,16" rate="2229.60,2123.82,2148.64,2104.48" sx="M,M,F,M"/><TAIKYOKU oya="0"/><INIT seed="0,0,0,4,0,118" ten="250,250,250,250" oya="0" hai0="30,73,135,2,132,91,53,64,19,33,1,114,27" hai1="121,115,26,52,90,9,129,45,107,11,13,8,71" hai2="16,23,95,67,74,48,81,58,40,47,17,21,31" hai3="50,78,98,38,7,117,94,61,57,0,10,128,28"/><T42/><D73/><U112/><E129/><V37/><F31/><W46/><G128/><T59/><D64/><U36/><E71/><V100/><F74/><W83/><G117/><T5/><D42/><U20/><E107/><V116/><F116/><W63/><G28/><T29/><D114/><N who="1" m="43563" /><E121/><V127/><F127/><W92/><G38/><T44/><D44/><U18/><E90/><V109/><F109/><W125/><G125/><T120/><D91/><U24/><E36/><V93/><F81/><W126/><G126/><T122/><D19/><U14/><E26/><V88/><F100/><W108/><G108/><T75/><D75/><U80/><E80/><V72/><F72/><W87/><G57/><T56/><D5/><U68/><E68/><V12/><F88/><W65/><G65/><T99/><D99/><U25/><E25/><V39/><F39/><W34/><G34/><T43/><D43/><U35/><E35/><V60/><F37/><W76/><G76/><T113/><D113/><U110/><E110/><V54/><F40/><W3/><G3/><N who="0" m="1035" /><D29/><U101/><E101/><V66/><F67/><W70/><G70/><T85/><D85/><U134/><E134/><N who="0" m="51241" /><D56/><U111/><E111/><V106/><F106/><W123/><G98/><T49/><AGARI ba="0,0" hai="27,30,33,49,53,59,120,122" m="51241,1035" machi="49" ten="30,6000,0" yaku="20,1,52,2" doraHai="118" who="0" fromWho="0" sc="250,60,250,-20,250,-20,250,-20" /><INIT seed="0,1,0,2,5,120" ten="310,230,230,230" oya="0" hai0="100,69,31,21,17,134,22,16,8,35,63,3,77" hai1="93,0,101,73,65,56,72,40,121,7,43,52,130" hai2="49,98,84,90,59,38,68,127,25,111,94,18,4" hai3="135,125,102,103,33,5,54,80,108,89,97,75,86"/><T45/><D134/><U128/><E121/><V32/><F68/><W96/><G33/><T116/><D116/><U46/><E65/><V47/><F127/><W105/><G5/><N who="0" m="1087" /><D100/><U53/><E7/><V109/><F4/><W9/><G9/><T41/><D77/><U88/><E101/><V60/><F38/><W113/><G54/><N who="1" m="21098" /><E56/><V55/><F84/><W37/><G37/><T61/><D69/><U29/><E29/><V132/><F132/><W74/><G135/><T119/><D119/><U117/><E0/><V14/><F32/><W28/><G28/><T107/><D107/><U2/><E2/><V24/><F14/><W106/><G125/><T71/><D71/><U87/><E117/><V123/><F123/><W83/><G113/><T131/><D131/><N who="1" m="50219" /><E43/><V112/><F112/><W122/><G122/><T19/><D19/><U114/><E114/><V27/><REACH who="2" step="1"/><F18/><REACH who="2" ten="310,230,220,230" step="2"/><W91/><G74/><T6/><D6/><U126/><E126/><V10/><F10/><W70/><G70/><T23/><D17/><U58/><E58/><V115/><F115/><W133/><G133/><T76/><D22/><U78/><E78/><V30/><F30/><W48/><G75/><T82/><D23/><U85/><E87/><V39/><F39/><AGARI ba="1,1" hai="39,40,46,72,73,85,88,93" m="50219,21098" machi="39" ten="30,3900,0" yaku="19,1,54,2" doraHai="120" who="1" fromWho="2" sc="310,0,230,52,220,-42,230,0" /><INIT seed="1,0,0,4,5,5" ten="310,282,178,230" oya="1" hai0="94,1,18,65,39,2,86,58,44,116,99,104,14" hai1="47,108,122,36,66,49,15,92,82,80,52,83,31" hai2="79,121,88,133,110,91,32,4,64,20,53,13,93" hai3="10,74,96,76,25,0,85,107,46,111,130,125,30"/><U22/><E122/><V40/><F121/><W128/><G111/><T129/><D104/><U8/><E108/><V117/><F32/><W48/><G125/><T81/><D129/><N who="3" m="49769" /><G74/><T101/><D116/><U11/><E36/><V23/><F110/><W78/><G96/><T17/><D17/><N who="1" m="10559" /><E31/><V68/><F117/><W12/><G0/><T75/><D75/><U120/><E120/><V29/><F133/><W100/><G100/><T35/><D35/><U67/><E92/><V135/><F135/><W84/><G107/><T59/><D65/><AGARI ba="0,0" hai="8,11,47,49,52,65,66,67,80,82,83" m="10559" machi="65" ten="30,11600,0" yaku="8,1,52,2,54,1" doraHai="5" who="1" fromWho="0" sc="310,-116,282,116,178,0,230,0" /><INIT seed="1,1,0,4,0,85" ten="194,398,178,230" oya="1" hai0="134,69,119,47,58,80,93,49,95,70,71,8,46" hai1="24,128,97,17,108,12,16,132,19,10,25,7,84" hai2="86,26,42,105,4,98,54,133,35,11,121,57,100" hai3="60,61,81,89,29,83,124,116,77,67,1,110,111"/><U129/><E97/><V73/><F73/><W56/><G1/><T92/><D134/><U50/><E50/><V6/><F133/><W126/><G116/><T48/><D119/><U22/><E132/><V122/><F42/><W27/><G61/><T41/><D8/><U53/><E53/><V13/><F6/><W55/><G67/><T68/><N who="0" m="17408" /><DORA hai="115" /><T120/><D80/><U102/><E102/><V52/><F54/><W38/><G38/><T5/><D5/><U135/><E135/><V66/><F66/><W75/><G89/><T44/><D120/><U31/><E108/><N who="3" m="41514" /><G81/><T21/><D21/><AGARI ba="1,0" hai="21,27,29,55,56,60,75,77,83,124,126" m="41514" machi="21" ten="30,1000,0" yaku="14,1" doraHai="85,115" who="3" fromWho="0" sc="194,-13,398,0,178,0,230,13" /><INIT seed="2,0,0,4,2,25" ten="181,398,178,243" oya="2" hai0="99,65,2,132,64,10,40,44,34,60,105,93,58" hai1="68,102,89,109,80,30,130,94,22,112,95,39,108" hai2="38,126,123,24,92,90,106,42,6,14,31,96,48" hai3="127,8,84,35,7,86,36,85,71,56,115,70,16"/><V33/><F123/><W47/><G35/><T1/><D34/><U54/><E112/><V5/><F126/><W113/><G127/><T88/><D132/><U66/><E39/><V116/><F116/><W81/><G81/><T110/><D110/><U131/><E66/><V61/><F38/><W82/><G82/><T129/><D129/><N who="1" m="49163" /><E68/><V101/><F14/><N who="3" m="7239" /><G7/><T51/><D105/><U4/><E4/><V19/><F19/><W17/><G56/><T18/><D65/><U9/><E9/><V91/><F91/><W12/><G47/><T13/><AGARI ba="0,0" hai="1,2,10,13,18,40,44,51,58,60,64,88,93,99" machi="13" ten="30,2000,0" yaku="0,1,54,1" doraHai="25" who="0" fromWho="0" sc="181,20,398,-5,178,-10,243,-5" /><INIT seed="3,0,0,3,2,76" ten="201,393,168,238" oya="3" hai0="40,70,26,129,46,109,56,34,53,86,50,68,126" hai1="83,77,80,63,1,130,67,0,18,61,124,11,15" hai2="121,57,49,103,123,55,95,59,30,66,16,24,92" hai3="106,64,21,111,29,118,131,114,113,42,82,48,4"/><W41/><G118/><T25/><D109/><U39/><E39/><V73/><F73/><W60/><G106/><T71/><D129/><U98/><E130/><V84/><F103/><W38/><G38/><T89/><D126/><U35/><E35/><V19/><F66/><W93/><G131/><T78/><D78/><U72/><E63/><V20/><F59/><W104/><G104/><T54/><D34/><U31/><E31/><V108/><F108/><W8/><G93/><T12/><D12/><U23/><E124/><V5/><F5/><W96/><G96/><T43/><D43/><U87/><E23/><V127/><F127/><W7/><G7/><T32/><D32/><U85/><E98/><V2/><F2/><W37/><G37/><T6/><D6/><U122/><E122/><V74/><F74/><W9/><G4/><T115/><D115/><U10/><E10/><V120/><F92/><W112/><G111/><T65/><D65/><U62/><E62/><V22/><F20/><W116/><G116/><T128/><D128/><U125/><E72/><V47/><F57/><W36/><G36/><T102/><D102/><U45/><E45/><V90/><AGARI ba="0,0" hai="16,19,22,24,30,47,49,55,84,90,95,120,121,123" machi="90" ten="40,5200,0" yaku="0,1,13,1,54,1" doraHai="76" who="2" fromWho="2" sc="201,-13,393,-13,168,52,238,-26" owari="188,-31.2,380,48.0,220,2.0,212,-18.8" /></mjloggm>