<mjloggm ver="2.3"><GO type="225" lobby="0"/><UN n0="%E3%81%A9%E3%82%8F%E3%82%93%E3%81%94" n1="%72%61%6B%33" n2="%E6%B4%BE%E9%81%A3%E3%81%AE%E3%82%B8%E3%83%A3%E3%83%83%E3%82%AF" n3="%E7%B4%94%E6%BD%94%E3%83%94%E3%83%A9%E3%83%8B%E3%82%A2" dan="16,18,16,18" rate="2139.26,2191.68,2154.59,2211.18" sx="M,M,M,M"/><TAIKYOKU oya="0"/><INIT seed="0,0,0,5,1,26" ten="250,250,250,250" oya="0" hai0="28,82,30,133,122,10,71,94,90,128,107,124,108" hai1="2,84,18,24,25,98,83,45,11,35,39,125,38" hai2="43,34,5,86,21,119,47,129,1,121,31,115,9" hai3="61,66,17,78,97,126,91,51,58,13,53,23,60"/><T135/><D122/><U44/><E125/><V93/><F121/><W32/><G32/><T8/><D107/><U116/><E116/><V15/><F115/><W127/><G78/><T101/><D124/><U89/><E98/><V96/><F129/><W134/><G134/><N who="0" m="51211" /><D71/><U4/><E24/><N who="2" m="16783" /><F34/><W102/><G91/><T52/><D128/><U12/><E39/><V130/><F1/><W33/><G33/><T92/><D108/><U54/><E38/><V105/><F105/><W56/><REACH who="3" step="1"/><G61/><REACH who="3" ten="250,250,250,240" step="2"/><T67/><D82/><U76/><E76/><V120/><F120/><W79/><G79/><T74/><D74/><U85/><E83/><V132/><F132/><W68/><G68/><T117/><D117/><U75/><E75/><V77/><F119/><W27/><G27/><T49/><D101/><U95/><E35/><V70/><F70/><W99/><G99/><N who="0" m="57751" /><D67/><U65/><E65/><V114/><F130/><W72/><G72/><T81/><D81/><U37/><E89/><V48/><F114/><W103/><G103/><T112/><D112/><U73/><E73/><V50/><F77/><W111/><G111/><T29/><D94/><AGARI ba="0,1" hai="13,17,23,51,53,56,58,60,66,94,97,102,126,127" machi="94" ten="40,2600,0" yaku="1,1,53,1" doraHai="26" doraHaiUra="14" who="3" fromWho="0" sc="250,-26,250,0,250,0,240,36" /><INIT seed="1,0,0,2,2,46" ten="224,250,250,276" oya="1" hai0="95,4,35,123,26,94,23,55,111,27,76,131,122" hai1="45,59,53,5,13,108,2,113,19,132,69,104,60" hai2="135,37,22,41,103,82,33,17,98,73,86,84,61" hai3="112,68,9,49,78,65,92,63,6,38,1,25,30"/><U34/><E113/><V10/><F33/><W89/><G112/><T130/><D76/><U124/><E104/><V43/><F135/><W72/><G38/><T14/><D55/><U97/><E132/><V81/><F10/><W121/><G121/><N who="0" m="46091" /><D95/><U101/><E34/><V51/><F37/><W28/><G78/><T39/><D94/><U110/><E124/><V47/><F43/><W129/><G72/><T58/><D58/><U126/><E126/><V18/><F61/><W128/><G49/><T20/><D39/><U102/><E2/><V50/><F73/><W119/><G119/><T64/><D64/><U107/><E5/><V29/><F29/><W48/><G48/><N who="2" m="18473" /><F47/><W66/><G66/><T106/><D106/><U90/><E45/><V31/><F41/><W21/><REACH who="3" step="1"/><G30/><REACH who="3" ten="224,250,250,266" step="2"/><N who="0" m="19935" /><D111/><U67/><E110/><V8/><F31/><W7/><G7/><T3/><D3/><U79/><E108/><V57/><F57/><W96/><AGARI ba="0,1" hai="1,6,9,21,25,28,63,65,68,89,92,96,128,129" machi="96" ten="30,4000,0" yaku="1,1,0,1,53,1" doraHai="46" doraHaiUra="56" who="3" fromWho="3" sc="224,-10,250,-20,250,-10,266,50" /><INIT seed="2,0,0,3,4,117" ten="214,230,240,316" oya="2" hai0="19,120,105,32,115,22,56,66,26,4,119,118,42" hai1="134,2,49,96,71,3,45,29,133,111,58,100,122" hai2="14,123,38,129,59,0,37,33,77,98,50,8,67" hai3="36,53,94,43,113,11,20,132,116,112,9,87,16"/><V73/><F33/><W34/><G34/><T64/><D105/><U54/><E71/><V88/><F0/><W128/><G116/><N who="0" m="44587" /><D115/><N who="3" m="44105" /><G128/><T86/><D42/><U30/><E111/><V69/><F69/><W18/><G18/><T72/><D72/><U89/><E89/><V27/><F27/><N who="3" m="14727" /><G53/><T99/><D99/><U79/><E29/><V52/><F129/><W70/><G70/><T21/><D32/><U91/><E30/><V74/><F67/><N who="0" m="25642" /><D4/><U6/><E6/><V62/><F73/><W1/><G1/><T31/><D56/><U41/><E2/><V93/><F74/><W57/><G57/><T13/><D86/><U7/><E7/><V85/><F62/><W103/><G132/><T25/><D25/><U124/><E3/><V48/><F48/><W81/><G43/><T95/><D95/><U51/><E41/><V121/><F38/><W12/><G12/><T83/><D83/><U5/><E49/><V44/><F37/><W39/><G39/><T76/><D76/><U97/><E79/><V107/><F59/><W102/><G94/><T35/><D35/><U61/><E58/><V63/><F63/><W135/><G135/><T101/><D101/><N who="3" m="38409" /><G36/><T23/><D23/><U78/><E134/><V82/><F107/><W46/><G46/><T104/><D104/><U75/><E45/><V114/><F114/><W110/><G110/><T80/><D80/><U55/><E133/><V90/><F90/><AGARI ba="0,0" hai="9,11,81,87,90" m="38409,14727,44105" machi="90" ten="30,2000,0" yaku="11,1,54,1" doraHai="117" who="3" fromWho="2" sc="214,0,230,0,240,-20,316,20" /><INIT seed="3,0,0,3,4,131" ten="214,230,220,336" oya="3" hai0="77,93,106,128,45,95,8,130,94,122,65,43,74" hai1="16,12,60,29,21,86,98,103,127,87,51,55,79" hai2="63,123,78,120,67,34,91,125,0,116,42,133,4" hai3="58,97,75,47,7,68,102,134,101,85,56,105,11"/><W32/><G32/><T1/><D122/><N who="2" m="46634" /><F116/><W20/><G68/><T23/><D106/><U124/><E60/><V26/><F125/><N who="1" m="48201" /><E29/><N who="2" m="19767" /><F78/><W83/><G101/><T2/><D65/><U100/><E79/><V17/><F42/><W117/><G75/><T132/><D132/><U36/><E36/><V96/><F133/><W39/><G134/><T66/><D66/><U38/><E38/><V30/><F30/><W113/><G20/><T48/><D23/><U54/><E103/><V99/><F17/><W22/><G22/><T64/><D64/><U108/><E108/><V92/><F0/><W6/><G6/><T37/><D48/><U3/><E3/><V126/><F4/><W119/><G113/><T10/><D10/><U115/><E115/><V44/><F44/><W53/><G58/><T9/><D9/><U89/><E89/><V49/><F49/><W59/><G56/><T84/><D84/><N who="1" m="32299" /><E51/><V81/><F126/><W82/><G47/><T70/><D70/><U15/><E15/><V52/><F81/><W18/><G83/><N who="0" m="45495" /><D2/><U14/><E14/><V13/><F13/><W114/><G39/><T118/><D118/><U107/><AGARI ba="0,0" hai="12,16,21,54,55,98,100,107" m="32299,48201" machi="107" ten="30,2000,0" yaku="18,1,54,1" doraHai="131" who="1" fromWho="1" sc="214,-5,230,20,220,-5,336,-10" owari="209,-29.1,250,5.0,215,-18.5,326,42.6" /></mjloggm>