<mjloggm ver="2.3"><GO type="225" lobby="0"/><UN n0="%E5%8F%AF%E5%85%90%E9%82%A3%E7%94%B1%E5%A4%9A" n1="%E5%B0%8F%37%34" n2="%33%74%72%65%65" n3="%72%69%6F%75%63%68%61%6E" dan="17,16,16,16" rate="2141.43,2117.31,2079.74,2082.03" sx="F,M,F,M"/><TAIKYOKU oya="0"/><INIT seed="0,0,0,0,1,68" ten="250,250,250,250" oya="0" hai0="70,124,129,31,5,134,30,133,59,17,52,119,114" hai1="84,16,51,32,11,125,120,8,1,77,78,12,10" hai2="43,62,20,57,72,67,103,47,109,82,0,135,98" hai3="4,55,41,104,25,131,108,21,94,35,106,64,13"/><T39/><D70/><U80/><E120/><V54/><F109/><W118/><G131/><T123/><D114/><U71/><E71/><V97/><F135/><N who="0" m="51722" /><D123/><U96/><E125/><V50/><F0/><W110/><G118/><T126/><D119/><U121/><E121/><V89/><F20/><W49/><G64/><T7/><D129/><U100/><E32/><V76/><F89/><W27/><G41/><T116/><D116/><U2/><E77/><V38/><REACH who="2" step="1"/><F103/><REACH who="2" ten="250,250,240,250" step="2"/><W92/><G21/><T53/><D126/><U88/><E2/><V60/><F60/><W48/><G110/><T101/><D124/><U105/><E1/><V3/><F3/><W132/><G108/><T95/><D31/><U45/><REACH who="1" step="1"/><E78/><REACH who="1" ten="250,240,240,250" step="2"/><V28/><F28/><W74/><G132/><T83/><D30/><U127/><E127/><V66/><F66/><W65/><G65/><T115/><D115/><U14/><E14/><V63/><F63/><W113/><G13/><T112/><D112/><U122/><E122/><V86/><F86/><W58/><G113/><T26/><D26/><U23/><E23/><V24/><F24/><W90/><G25/><T99/><D101/><U61/><E61/><V69/><AGARI ba="0,2" hai="38,43,47,50,54,57,62,67,69,72,76,82,97,98" machi="69" ten="20,12000,2" yaku="1,1,0,1,7,1,24,2,52,1,53,1" doraHai="68" doraHaiUra="42" who="2" fromWho="2" sc="250,-60,240,-30,240,140,250,-30" /><INIT seed="1,0,0,3,5,12" ten="190,210,380,220" oya="1" hai0="122,135,50,31,60,125,127,9,51,111,89,19,42" hai1="63,102,85,109,0,17,56,93,108,97,69,129,84" hai2="43,13,91,64,78,77,30,113,59,49,2,26,121" hai3="27,23,90,28,54,68,29,39,131,104,70,101,14"/><U117/><E117/><V120/><F2/><W61/><G131/><T47/><D111/><N who="1" m="42571" /><E69/><V123/><F113/><W58/><G39/><T33/><D135/><U80/><E0/><V65/><F91/><W88/><G29/><T114/><D114/><U7/><E7/><V1/><F1/><W130/><G130/><T40/><D122/><U124/><E124/><N who="0" m="47689" /><D60/><U5/><E5/><V72/><F13/><W95/><G90/><T25/><D89/><U8/><E129/><V128/><F128/><W73/><G73/><T74/><D74/><U22/><E8/><V62/><F72/><W107/><G101/><T11/><D19/><U133/><E80/><V53/><F43/><W115/><G115/><T66/><D66/><N who="1" m="39271" /><E133/><V106/><F120/><W116/><G116/><T45/><AGARI ba="0,0" hai="9,11,25,31,33,40,42,45,47,50,51" m="47689" machi="45" ten="30,1100,0" yaku="18,1" doraHai="12" who="0" fromWho="0" sc="190,11,210,-5,380,-3,220,-3" /><INIT seed="2,0,0,0,3,94" ten="201,205,377,217" oya="2" hai0="121,125,42,35,88,114,113,134,118,108,32,117,81" hai1="52,5,90,107,77,27,79,8,16,87,103,67,72" hai2="110,132,18,20,33,61,48,66,96,99,89,59,109" hai3="36,0,130,100,69,105,85,39,65,60,22,30,46"/><V54/><F33/><N who="0" m="12874" /><D42/><U120/><E67/><V12/><F132/><W51/><G130/><T98/><D121/><U111/><E120/><V17/><F17/><W25/><G0/><T83/><D134/><U3/><E111/><N who="2" m="42507" /><F89/><W19/><G85/><T86/><D108/><U40/><E40/><V95/><F95/><W101/><G19/><T11/><D125/><U29/><E107/><V124/><F124/><W127/><G127/><T78/><D11/><U129/><E103/><V92/><F92/><W1/><G1/><T45/><D45/><AGARI ba="0,0" hai="12,18,20,45,48,54,59,61,66,96,99" m="42507" machi="45" ten="30,11600,0" yaku="14,1,10,1,52,2" doraHai="94" who="2" fromWho="0" sc="201,-116,205,0,377,116,217,0" /><INIT seed="2,1,0,5,5,27" ten="85,205,493,217" oya="2" hai0="0,68,45,97,5,121,71,54,57,90,16,46,132" hai1="81,114,12,96,8,67,17,35,73,29,113,106,44" hai2="69,70,72,74,110,125,117,103,123,109,3,129,13" hai3="133,28,10,82,86,48,124,115,105,107,92,6,99"/><V94/><F117/><W40/><G124/><T43/><D121/><U127/><E127/><V93/><F125/><W100/><G133/><T64/><D132/><U19/><E67/><V39/><F3/><W20/><G115/><T38/><D5/><U9/><E44/><V25/><F123/><W108/><G108/><N who="2" m="41577" /><F39/><W55/><G40/><N who="0" m="22679" /><D16/><U21/><E73/><N who="2" m="28267" /><F129/><W22/><G28/><T112/><D90/><U2/><E114/><V23/><F13/><N who="3" m="5335" /><G107/><T98/><D98/><U77/><E113/><V33/><F33/><W58/><G105/><T24/><D97/><U102/><E35/><V15/><F15/><W85/><G85/><T128/><D24/><U130/><E130/><V4/><F4/><W32/><G32/><T59/><D0/><U84/><E2/><V14/><F14/><W119/><G119/><T52/><D128/><U53/><E29/><N who="2" m="17599" /><F103/><W116/><G116/><T11/><D112/><U104/><E102/><V7/><F7/><W89/><AGARI ba="1,0" hai="20,22,48,55,58,82,86,89,92,99,100" m="5335" machi="89" ten="30,1100,0" yaku="8,1" doraHai="27" who="3" fromWho="3" sc="85,-4,205,-4,493,-6,217,14" /><INIT seed="3,0,0,2,2,129" ten="81,201,487,231" oya="3" hai0="131,70,23,95,45,34,81,29,26,33,58,126,2" hai1="16,47,117,36,123,39,60,44,65,122,17,112,74" hai2="71,4,42,91,66,107,72,116,134,96,61,94,15" hai3="32,59,64,127,52,18,10,108,135,57,125,124,111"/><W28/><G135/><T114/><D70/><U98/><E112/><V9/><F116/><W103/><G103/><T21/><D131/><U1/><E1/><V102/><F134/><W7/><G18/><T110/><D114/><U49/><E74/><V30/><F72/><W22/><G32/><T14/><D110/><N who="3" m="42025" /><G64/><T133/><D126/><U101/><E117/><V82/><F30/><W86/><G86/><T8/><D2/><U105/><E123/><V62/><F66/><W113/><G113/><T132/><D34/><U48/><E122/><V120/><F102/><W121/><G121/><T41/><D33/><U13/><E36/><V63/><F120/><W25/><G52/><T67/><D23/><U73/><E73/><V55/><F55/><W84/><G84/><T78/><D95/><U51/><E39/><V104/><F94/><W43/><G43/><T40/><D40/><U115/><E115/><V5/><F42/><W99/><G99/><T119/><D119/><U12/><E12/><AGARI ba="0,0" hai="7,10,12,22,25,28,57,59,124,125,127" m="42025" machi="12" ten="40,7700,0" yaku="18,1,14,1,10,1" doraHai="129" who="3" fromWho="1" sc="81,0,201,-77,487,0,231,77" /><INIT seed="3,1,0,3,1,31" ten="81,124,487,308" oya="3" hai0="10,29,90,94,51,8,56,26,80,20,25,85,88" hai1="35,41,30,43,95,130,44,89,123,113,61,121,14" hai2="52,83,33,65,77,12,53,54,70,127,48,49,38" hai3="112,2,118,37,46,129,92,60,5,36,93,111,97"/><W13/><G112/><T11/><D51/><U117/><E113/><V81/><F38/><W55/><G118/><T16/><D56/><U104/><E130/><V39/><F39/><W84/><G2/><T126/><D126/><U64/><E104/><V105/><F33/><W131/><G111/><T45/><D45/><U114/><E114/><V110/><F110/><W119/><G119/><T99/><REACH who="0" step="1"/><D26/><REACH who="0" ten="71,124,487,308" step="2"/><U42/><E117/><V108/><F81/><W19/><G37/><T107/><D107/><U82/><E44/><V40/><F12/><AGARI ba="1,1" hai="8,10,11,12,16,20,25,29,80,85,88,90,94,99" machi="12" ten="40,8000,1" yaku="1,1,8,1,54,2,53,0" doraHai="31" doraHaiUra="115" who="0" fromWho="2" sc="71,93,124,0,487,-83,308,0" owari="164,-23.6,124,-37.6,404,50.4,308,10.8" /></mjloggm>