<mjloggm ver="2.3"><GO type="225" lobby="0"/><UN n0="%31%38%63%6D%E7%AB%8B%E7%9B%B4%E6%A3%92" n1="%E3%81%9F%E3%81%8C%E3%82%84%E3%81%99" n2="%6D%75%75%6D%75%72%61" n3="%E3%81%BE%E3%81%A8%E3%81%9F" dan="16,17,16,16" rate="2109.12,2185.99,2177.99,2134.15" sx="M,M,F,M"/><TAIKYOKU oya="0"/><INIT seed="0,0,0,2,4,93" ten="250,250,250,250" oya="0" hai0="0,37,13,65,82,40,54,124,23,96,94,74,103" hai1="60,20,39,133,33,3,102,118,91,119,111,10,32" hai2="63,15,12,120,52,46,1,22,9,121,128,130,48" hai3="42,129,70,134,125,86,2,105,127,8,110,132,109"/><T59/><D124/><N who="3" m="47689" /><G70/><T58/><D0/><U64/><E39/><V84/><F1/><W76/><G42/><T73/><D65/><U126/><E126/><V90/><F63/><W26/><G26/><T49/><D59/><U71/><E91/><V78/><F78/><W38/><G38/><T19/><REACH who="0" step="1"/><D82/><REACH who="0" ten="240,250,250,250" step="2"/><U72/><E3/><V67/><F67/><W101/><G2/><T117/><D117/><U57/><E57/><V14/><F120/><W77/><G129/><T25/><D25/><U55/><E119/><V27/><F121/><W81/><G76/><T6/><D6/><U107/><E118/><V79/><F79/><W87/><G81/><T85/><D85/><N who="3" m="32265" /><G77/><T131/><D131/><U47/><E64/><V122/><F122/><W80/><G80/><T5/><D5/><U69/><E69/><V34/><F128/><W21/><G132/><T104/><D104/><U89/><E107/><V53/><F130/><W135/><G134/><T95/><D95/><U100/><E133/><V17/><F34/><W123/><G135/><T97/><D97/><U88/><E71/><V56/><F56/><W24/><G123/><T75/><D75/><U116/><E72/><V50/><F84/><W92/><G105/><T83/><D83/><U35/><E116/><V113/><F113/><W115/><G115/><T112/><D112/><U99/><E99/><V43/><F90/><W41/><G92/><T61/><D61/><U4/><E60/><V18/><F48/><W68/><G68/><T62/><D62/><U45/><E89/><V51/><F50/><W31/><G24/><RYUUKYOKU ba="0,1" sc="240,15,250,-15,250,15,250,-15" hai0="13,19,23,37,40,49,54,58,73,74,94,96,103" hai2="9,12,14,15,17,18,22,27,43,46,51,52,53" /><INIT seed="0,1,1,5,0,19" ten="255,235,265,235" oya="0" hai0="86,76,28,123,131,34,42,61,62,100,15,60,73" hai1="10,107,67,133,121,135,101,103,59,113,54,89,48" hai2="116,97,111,119,65,77,49,63,51,83,12,0,45" hai3="1,74,27,98,81,117,118,71,35,38,129,23,18"/><T79/><D123/><U39/><E39/><V70/><F0/><W13/><G129/><T22/><D131/><U92/><E121/><V78/><F111/><W84/><G38/><T108/><D34/><U122/><E122/><V112/><F112/><W85/><G1/><T126/><D73/><U104/><E113/><V99/><F12/><W128/><G74/><T95/><D108/><U109/><E109/><V3/><F3/><W58/><G71/><T106/><D106/><N who="1" m="40491" /><E10/><V105/><F49/><W30/><G128/><T26/><D126/><U127/><E67/><V14/><F14/><W2/><G98/><N who="2" m="37385" /><F83/><W31/><G31/><T53/><D42/><U46/><E46/><V124/><F105/><W115/><G115/><T134/><D134/><N who="1" m="51211" /><E127/><V44/><F44/><W21/><G117/><N who="2" m="45129" /><F124/><W7/><G118/><T114/><D114/><U88/><E89/><V8/><F8/><W80/><G2/><T87/><D53/><AGARI ba="1,1" hai="45,51,53,63,65,70,77,78" m="45129,37385" machi="53" ten="30,1000,0" yaku="12,1" doraHai="19" who="2" fromWho="0" sc="255,-13,235,0,265,23,235,0" /><INIT seed="1,0,0,3,5,70" ten="242,235,288,235" oya="1" hai0="77,93,0,135,53,121,75,25,17,16,64,110,32" hai1="28,12,68,99,119,65,6,3,112,49,46,60,111" hai2="50,94,23,8,39,18,109,57,100,82,13,41,71" hai3="29,107,27,35,22,52,103,105,31,118,67,134,58"/><U80/><E3/><V101/><F71/><W54/><G134/><T124/><D121/><U62/><E112/><V5/><F109/><W127/><G127/><T114/><D135/><U108/><E119/><V106/><F106/><W126/><G126/><T84/><D124/><U4/><E28/><V91/><F82/><W74/><G74/><T19/><D114/><U130/><E130/><V123/><F123/><W33/><G67/><T92/><D64/><N who="1" m="40967" /><E99/><V88/><F39/><W96/><G118/><T7/><D75/><U132/><E80/><V14/><F91/><W20/><G107/><T42/><D42/><N who="1" m="24791" /><E12/><V90/><F90/><W116/><G116/><T117/><D117/><U120/><E120/><V56/><F41/><W48/><G54/><T113/><D113/><U34/><E34/><V2/><F2/><W97/><G97/><T24/><D93/><U11/><E11/><V37/><F37/><W10/><G10/><T63/><D32/><U122/><E122/><V45/><F45/><W47/><G47/><T30/><D30/><U95/><E95/><V131/><F131/><W43/><G43/><T104/><D104/><U59/><E132/><V133/><F133/><W44/><G44/><T38/><D92/><U86/><E86/><N who="2" m="52503" /><F57/><W125/><G125/><T9/><D38/><U1/><E1/><V128/><F128/><W89/><G89/><T78/><D78/><U21/><E111/><V73/><F73/><W36/><REACH who="3" step="1"/><G36/><REACH who="3" ten="242,235,288,225" step="2"/><T85/><D110/><U55/><E108/><V115/><F115/><W51/><G51/><T69/><D9/><U102/><E65/><RYUUKYOKU ba="0,1" sc="242,-15,235,-15,288,15,225,15" hai2="5,8,13,14,18,23,50,56,100,101" hai3="20,22,27,29,31,33,35,48,52,58,96,103,105" /><INIT seed="2,1,1,1,3,21" ten="227,220,303,240" oya="2" hai0="33,102,6,18,32,122,24,77,67,13,81,50,63" hai1="46,39,133,60,14,74,95,119,123,48,94,64,117" hai2="45,115,53,89,35,10,19,71,79,41,87,66,54" hai3="12,113,132,1,28,65,38,61,68,36,76,96,90"/><V16/><F115/><W55/><G132/><T59/><D122/><U80/><E39/><V8/><F35/><W104/><G1/><T56/><D6/><U100/><E133/><V108/><F71/><W91/><G113/><T110/><D110/><U34/><E123/><V30/><F66/><W135/><G135/><T121/><D121/><U103/><E34/><V70/><F70/><W62/><G76/><T111/><D111/><U3/><E3/><V84/><F108/><W101/><G28/><T37/><D37/><U116/><E14/><N who="2" m="7239" /><F30/><W4/><G38/><T23/><D13/><U93/><E80/><N who="2" m="47135" /><F41/><W26/><G36/><T106/><D106/><U22/><E22/><V27/><F45/><W5/><G5/><T83/><D102/><U88/><E74/><V29/><F29/><W20/><G4/><T49/><D83/><U75/><E75/><V73/><F73/><W25/><G12/><T125/><D125/><U129/><E129/><V130/><F130/><W17/><G26/><T126/><D126/><U124/><E124/><V52/><F10/><W78/><G78/><T86/><REACH who="0" step="1"/><D50/><REACH who="0" ten="217,220,303,240" step="2"/><U2/><E2/><V15/><F15/><W9/><G9/><T109/><D109/><U131/><E131/><V92/><F27/><W43/><G104/><T98/><D98/><N who="1" m="57639" /><E103/><V114/><F114/><W127/><G101/><T134/><D134/><U40/><E100/><V0/><F0/><W99/><G127/><T58/><D58/><N who="1" m="36887" /><E119/><V42/><F92/><N who="1" m="35369" /><E117/><V72/><F72/><W57/><G68/><T128/><D128/><U105/><E116/><V97/><F97/><RYUUKYOKU ba="1,2" sc="217,15,220,15,303,-15,240,-15" hai0="18,23,24,32,33,49,56,59,63,67,77,81,86" hai1="40,46,48,105" /><INIT seed="3,2,2,1,1,12" ten="232,235,288,225" oya="3" hai0="37,91,36,113,70,132,74,42,7,89,5,92,0" hai1="81,25,103,95,4,54,29,127,45,83,97,17,20" hai2="31,52,129,18,34,119,100,38,6,101,73,47,114" hai3="28,50,65,117,110,79,134,3,27,46,126,8,48"/><W71/><G117/><T53/><D70/><U26/><E4/><V23/><F114/><W15/><G126/><T77/><D113/><U57/><E45/><V9/><F73/><W99/><G134/><T123/><D123/><U98/><E98/><V67/><F119/><W32/><G3/><T22/><D91/><U72/><E72/><V93/><F67/><W39/><G110/><T109/><D109/><U120/><E127/><V44/><F38/><W104/><G79/><T84/><D36/><U66/><E66/><V116/><F34/><W11/><G39/><T82/><D7/><U88/><E103/><V56/><F31/><W85/><G85/><T115/><D115/><U107/><E107/><V35/><F35/><W63/><G8/><N who="0" m="2087" /><D53/><U13/><E120/><V55/><F129/><W102/><G46/><N who="2" m="17449" /><F93/><W1/><G1/><T68/><D37/><U128/><E128/><V111/><F111/><W131/><G131/><T75/><D42/><U133/><E133/><V62/><F55/><W30/><G30/><T2/><D75/><U94/><E94/><V96/><F96/><W112/><G112/><T105/><D105/><U43/><E43/><V16/><F116/><W106/><G106/><T21/><D132/><U86/><E29/><V58/><F58/><W10/><G10/><T69/><D2/><U40/><E40/><V51/><F6/><AGARI ba="2,2" hai="6,11,15,27,28,32,48,50,63,65,71,99,102,104" machi="6" ten="30,5800,0" yaku="7,1,25,2" doraHai="12" who="3" fromWho="2" sc="232,0,235,0,288,-64,225,84" owari="232,-16.8,235,3.5,224,-27.6,309,40.9" /></mjloggm>