<mjloggm ver="2.3"><GO type="225" lobby="0"/><UN n0="%E6%98%93%E5%88%A9%E8%96%A9%E4%BC%AF" n1="%E6%B4%BE%E9%81%A3%E3%81%AE%E3%82%B8%E3%83%A3%E3%83%83%E3%82%AF" n2="%E5%8C%97%E6%AC%A7%E3%81%AE%E3%82%82%E3%81%93%E3%81%86" n3="%E3%81%A9%E3%82%93%E3%82%88%E3%81%8F%4D%6B%2E%32" dan="16,17,17,16" rate="2034.27,2189.92,2181.26,2153.08" sx="F,M,M,M"/><TAIKYOKU oya="0"/><INIT seed="0,0,0,4,1,129" ten="250,250,250,250" oya="0" hai0="43,98,14,1,4,128,42,56,11,88,101,111,124" hai1="19,107,77,23,24,41,29,100,52,127,33,37,35" hai2="6,106,13,130,89,45,16,86,34,58,47,123,36" hai3="91,132,134,71,22,102,67,83,112,133,15,99,72"/><T61/><D128/><U32/><E127/><V85/><F123/><W0/><G0/><T78/><D124/><U122/><E122/><V120/><F120/><W54/><G112/><T49/><D111/><U66/><E66/><V94/><F106/><W135/><G135/><T104/><D78/><U114/><E114/><V10/><F34/><W2/><G2/><T9/><D49/><U69/><E69/><V38/><F130/><W18/><G54/><T121/><D121/><U8/><E77/><V28/><F28/><W12/><G12/><T125/><D125/><U110/><E8/><V65/><F36/><W73/><G91/><T92/><D104/><U118/><E118/><V64/><F38/><W76/><G73/><T126/><D101/><U62/><E110/><V20/><F85/><W68/><G67/><N who="2" m="25673" /><F58/><W116/><G116/><T17/><REACH who="0" step="1"/><D126/><REACH who="0" ten="240,250,250,250" step="2"/><U25/><E107/><AGARI ba="0,1" hai="15,18,22,68,71,72,76,83,99,102,107,132,133,134" machi="107" ten="40,8000,1" yaku="20,1,52,3" doraHai="129" who="3" fromWho="1" sc="240,0,250,-80,250,0,250,90" /><INIT seed="1,0,0,3,2,103" ten="240,170,250,340" oya="1" hai0="29,59,27,90,15,30,72,32,6,83,91,4,85" hai1="116,21,68,106,52,64,82,130,36,46,111,99,40" hai2="25,128,84,41,20,13,133,57,7,28,16,74,123" hai3="120,95,122,86,39,101,104,110,67,114,47,76,100"/><U102/><E116/><V81/><F123/><W89/><G67/><T17/><D30/><U35/><E35/><V108/><F108/><W107/><G47/><T11/><D72/><U98/><E111/><V92/><F128/><W119/><G39/><T34/><D34/><U115/><E115/><V71/><F133/><W26/><G26/><T50/><D50/><U33/><E33/><V88/><F71/><W117/><G110/><T125/><D125/><U87/><E130/><V9/><F41/><W94/><G76/><T53/><REACH who="0" step="1"/><D91/><REACH who="0" ten="230,170,250,340" step="2"/><U78/><E21/><V49/><F74/><W118/><G114/><T97/><D97/><U129/><E129/><V1/><F49/><W77/><G77/><T43/><D43/><U132/><E98/><V61/><F1/><W124/><G124/><T8/><D8/><U56/><E132/><V112/><F112/><W22/><G22/><T79/><D79/><U135/><E135/><V80/><F28/><W38/><G38/><T75/><D75/><U45/><E45/><V69/><F69/><W65/><G120/><T105/><D105/><N who="3" m="40521" /><G122/><T0/><D0/><U31/><E31/><V63/><F63/><W48/><G48/><T127/><D127/><U109/><E109/><V55/><AGARI ba="0,1" hai="7,9,13,16,20,25,55,57,61,80,81,84,88,92" machi="55" ten="20,8000,1" yaku="0,1,7,1,8,1,54,2" doraHai="103" who="2" fromWho="2" sc="230,-20,170,-40,250,90,340,-20" /><INIT seed="2,0,0,0,3,66" ten="210,130,340,320" oya="2" hai0="113,16,99,0,39,88,1,90,71,121,41,114,33" hai1="89,127,110,27,22,86,100,129,106,46,53,2,50" hai2="3,79,37,69,34,85,36,38,83,101,91,42,58" hai3="68,30,18,102,87,122,63,118,40,48,84,56,43"/><V52/><F34/><W119/><G122/><T5/><D33/><U11/><E110/><V132/><F132/><W17/><G30/><T130/><D121/><U82/><E127/><V107/><F3/><W72/><G72/><T51/><D39/><U14/><E129/><V21/><F69/><W80/><G102/><T131/><D71/><U49/><E2/><N who="0" m="1129" /><D5/><U23/><E27/><V96/><F21/><W67/><G87/><T105/><D105/><U32/><E32/><V45/><REACH who="2" step="1"/><F79/><REACH who="2" ten="210,130,330,320" step="2"/><W76/><G68/><T57/><D114/><U6/><E106/><V112/><F112/><W124/><G124/><T75/><D113/><U134/><E134/><V7/><F7/><W12/><G118/><T47/><D131/><U104/><E104/><V70/><F70/><W74/><G119/><T10/><D130/><U120/><E120/><V54/><F54/><W55/><G55/><T97/><D10/><U15/><E100/><V8/><F8/><W95/><G67/><T125/><D125/><U135/><E135/><V24/><F24/><W25/><G25/><T20/><D20/><U61/><E15/><V59/><F59/><W116/><G56/><T126/><D57/><N who="1" m="34991" /><E46/><V31/><F31/><W64/><G64/><T98/><D126/><U19/><E23/><V93/><F93/><W44/><G116/><T103/><D47/><U92/><E92/><V73/><F73/><W60/><G74/><T128/><D75/><U26/><E6/><V77/><F77/><W29/><G95/><T78/><D128/><U108/><E108/><V123/><F123/><W109/><G109/><RYUUKYOKU ba="0,1" sc="210,-15,130,15,330,15,320,-15" hai1="11,14,19,22,26,49,50,82,86,89" hai2="36,37,38,42,45,52,58,83,85,91,96,101,107" /><INIT seed="2,1,1,5,5,4" ten="195,145,345,305" oya="2" hai0="135,65,48,121,88,116,45,11,44,129,46,114,21" hai1="111,6,58,19,35,24,59,26,34,81,83,105,54" hai2="103,62,52,66,64,126,95,101,47,109,42,32,122" hai3="7,69,56,118,36,12,106,110,124,89,13,125,49"/><V77/><F122/><W73/><G106/><T8/><D121/><U78/><E105/><V37/><F126/><N who="3" m="48747" /><G69/><T100/><D114/><U18/><E6/><V31/><F77/><W90/><G36/><T108/><D108/><U87/><E78/><V27/><F109/><W68/><G68/><T50/><D135/><U41/><E111/><V39/><F39/><W82/><G110/><T55/><D100/><U75/><E87/><V22/><F32/><W67/><G118/><T63/><D129/><U130/><E41/><V99/><REACH who="2" step="1"/><F101/><REACH who="2" ten="195,145,335,305" step="2"/><W97/><G73/><T74/><D74/><U86/><E75/><V113/><F113/><W14/><G89/><T15/><D88/><U98/><E130/><V61/><F61/><N who="3" m="38311" /><G49/><T43/><D116/><U120/><E120/><V112/><F112/><W134/><G134/><T132/><D132/><U115/><E115/><V70/><F70/><W30/><G90/><T96/><D48/><U119/><E119/><V16/><F16/><W33/><G33/><T94/><D63/><U72/><E72/><V133/><F133/><W92/><G30/><T57/><D50/><U104/><E35/><V1/><F1/><W53/><G7/><T102/><D102/><U127/><E34/><V5/><F5/><W91/><G82/><T85/><D43/><U3/><E127/><V123/><F123/><W38/><G38/><T25/><D46/><U9/><E81/><V51/><F51/><W29/><G29/><T23/><D45/><U28/><E28/><V40/><F40/><W128/><G128/><T84/><D44/><U20/><E83/><RYUUKYOKU ba="1,2" sc="195,-15,145,-15,335,15,305,15" hai2="22,27,31,37,42,47,52,62,64,66,95,99,103" hai3="12,13,14,53,91,92,97" /><INIT seed="2,2,2,4,4,50" ten="180,130,350,320" oya="2" hai0="91,17,74,32,45,40,11,92,116,79,51,3,123" hai1="112,99,7,76,63,72,46,89,80,49,109,65,48" hai2="69,6,9,83,57,119,54,21,87,134,135,25,102" hai3="124,0,127,18,131,41,75,12,81,117,115,88,44"/><V122/><F119/><W77/><G117/><T126/><D116/><U97/><E112/><V5/><F122/><W113/><G0/><T19/><D123/><U59/><E109/><V62/><F102/><W71/><G71/><T34/><D126/><N who="3" m="48169" /><G88/><T16/><D74/><U86/><E7/><V128/><F128/><W108/><G108/><T4/><REACH who="0" step="1"/><D79/><REACH who="0" ten="170,130,350,320" step="2"/><U73/><E73/><V37/><F135/><W14/><G131/><T118/><D118/><U13/><E13/><N who="3" m="5226" /><G18/><T106/><D106/><U85/><E72/><V67/><F134/><W132/><G132/><T38/><D38/><AGARI ba="2,3" hai="38,41,44,75,77,81,113,115" m="5226,48169" machi="38" ten="30,1000,0" yaku="18,1" doraHai="50" who="3" fromWho="0" sc="170,-16,130,0,350,0,320,46" /><INIT seed="3,0,0,0,1,32" ten="154,130,350,366" oya="3" hai0="54,1,133,60,43,104,38,93,126,40,124,118,34" hai1="16,96,28,9,95,129,45,36,135,106,105,50,99" hai2="15,7,82,102,18,30,59,51,27,4,14,63,77" hai3="91,65,88,44,58,47,128,52,6,73,103,71,78"/><W49/><G103/><T83/><D104/><U84/><E36/><V100/><F51/><W114/><G114/><T41/><D118/><U70/><E70/><V110/><F110/><W24/><G6/><N who="2" m="2089" /><F30/><W98/><G128/><T117/><D1/><U101/><E129/><V90/><F77/><W17/><G71/><T46/><D117/><U26/><E135/><V12/><F82/><W89/><G98/><T72/><D34/><U64/><E64/><N who="2" m="39039" /><F90/><W3/><G3/><T74/><D93/><U109/><E109/><V8/><F8/><W97/><G97/><T76/><D74/><U75/><E75/><V48/><F48/><W86/><G73/><T108/><D133/><U57/><E57/><V123/><F123/><W19/><G24/><T125/><D108/><U56/><E56/><AGARI ba="0,0" hai="38,40,41,43,46,54,56,60,72,76,83,124,125,126" machi="56" ten="40,1300,0" yaku="18,1" doraHai="32" who="0" fromWho="1" sc="154,13,130,-13,350,0,366,0" owari="167,-23.3,117,-38.3,350,15.0,366,46.6" /></mjloggm>