<mjloggm ver="2.3"><GO type="225" lobby="0"/><UN n0="%E6%9D%B1%E9%A2%A8%E3%81%AE%E3%81%8D%E3%82%83%E3%81%B7%E3%81%95%E3%82%93" n1="%E3%81%B5%E3%81%98%E3%81%8B%E3%81%A4" n2="%6E%69%63%6F%6E%74%6F" n3="%E3%82%B9%E3%83%9E%E3%83%9B%E3%81%82%E3%81%96%E3%82%89%E3%81%97" dan="17,16,16,16" rate="2211.99,2172.15,2108.28,2098.02" sx="M,M,M,M"/><TAIKYOKU oya="0"/><INIT seed="0,0,0,0,2,128" ten="250,250,250,250" oya="0" hai0="62,4,40,99,68,43,61,51,90,45,118,36,109" hai1="96,91,83,17,116,129,14,73,104,55,115,81,71" hai2="92,31,21,33,114,69,82,9,22,124,10,98,130" hai3="94,23,53,101,117,60,64,72,103,19,122,133,50"/><T76/><D118/><U58/><E116/><V112/><F69/><W5/><G117/><T106/><D76/><U44/><E129/><V24/><F82/><W126/><G72/><T54/><D4/><U29/><E115/><N who="2" m="44075" /><F92/><W70/><G126/><T135/><D106/><U7/><E71/><V67/><F98/><W80/><G5/><T52/><D99/><U105/><E29/><N who="2" m="19623" /><F67/><W87/><G122/><T42/><D90/><U30/><E30/><V78/><F78/><W123/><G123/><T113/><D113/><U38/><E7/><V15/><F130/><W13/><G133/><T20/><D20/><N who="2" m="7786" /><F124/><W111/><G111/><T12/><D12/><U25/><E73/><V27/><F15/><W65/><G65/><N who="0" m="41007" /><D109/><U75/><E75/><V100/><F100/><W119/><G119/><T57/><D135/><U35/><E25/><V34/><AGARI ba="0,0" hai="9,10,27,31,34" m="7786,19623,44075" machi="34" ten="30,2000,0" yaku="34,2" doraHai="128" who="2" fromWho="2" sc="250,-10,250,-5,250,20,250,-5" /><INIT seed="1,0,0,4,3,81" ten="240,245,270,245" oya="1" hai0="111,35,95,44,49,6,94,59,132,61,93,45,40" hai1="82,121,110,21,9,107,65,46,123,90,92,114,30" hai2="69,26,105,68,43,134,28,89,120,60,29,0,100" hai3="64,130,47,22,58,116,1,106,7,15,117,73,88"/><U125/><E114/><V75/><F120/><W112/><G112/><T37/><D35/><U108/><E107/><V80/><F29/><W126/><G106/><T91/><D6/><U10/><E65/><V128/><F128/><W19/><G73/><T32/><D32/><U11/><E46/><V76/><F43/><W16/><G130/><T41/><D132/><U48/><E82/><V12/><F12/><W72/><G72/><T102/><D102/><U78/><E78/><V51/><F51/><W54/><G126/><T34/><D34/><U31/><E48/><V56/><F0/><W17/><G47/><T71/><D71/><U133/><E133/><V79/><F89/><W99/><G64/><T13/><D13/><U131/><E131/><V87/><F79/><W83/><G7/><T24/><D24/><N who="1" m="16655" /><E125/><V85/><F134/><W18/><G1/><T124/><D124/><U96/><E31/><V67/><F68/><W33/><G33/><T101/><D101/><U23/><E23/><N who="2" m="15455" /><F69/><W38/><G38/><T62/><D111/><AGARI ba="0,0" hai="9,10,11,90,92,96,108,110,111,121,123" m="16655" machi="111" ten="30,2900,0" yaku="14,1,10,1" doraHai="81" who="1" fromWho="0" sc="240,-29,245,29,270,0,245,0" /><INIT seed="1,1,0,4,2,37" ten="211,274,270,245" oya="1" hai0="45,81,135,82,1,128,50,55,33,42,94,97,76" hai1="90,71,9,3,25,113,15,10,48,95,23,79,59" hai2="29,65,6,56,64,7,19,89,31,36,115,14,123" hai3="67,75,38,70,111,131,105,53,99,127,21,49,27"/><U98/><E113/><V124/><F123/><W24/><G111/><T8/><D135/><U40/><E71/><V2/><F115/><W4/><G131/><T74/><D128/><U121/><E121/><V109/><F109/><W66/><G75/><T12/><D33/><U100/><E79/><V52/><F124/><W69/><G127/><T108/><D1/><U132/><E132/><V116/><F116/><W102/><G4/><N who="2" m="1577" /><F36/><W80/><G80/><T68/><D82/><U60/><E3/><V104/><F104/><W78/><G78/><T83/><D83/><U0/><E0/><V57/><F89/><W101/><G101/><T91/><D68/><U120/><E120/><V26/><F26/><W58/><G69/><T106/><D106/><U112/><E112/><V118/><F57/><W30/><G70/><T41/><REACH who="0" step="1"/><D108/><REACH who="0" ten="201,274,270,245" step="2"/><U34/><E34/><V5/><F2/><W84/><G105/><T11/><D11/><U54/><E10/><N who="2" m="6615" /><F118/><W28/><G21/><T46/><D46/><N who="1" m="25671" /><E9/><V35/><F35/><W62/><G58/><T134/><D134/><U18/><E15/><V125/><F125/><W32/><G32/><T73/><D73/><U20/><E23/><V63/><F5/><AGARI ba="1,1" hai="5,8,12,41,42,45,50,55,74,76,81,91,94,97" machi="5" ten="30,7700,0" yaku="1,1,7,1,52,2,53,0" doraHai="37" doraHaiUra="114" who="0" fromWho="2" sc="201,90,274,0,270,-80,245,0" /><INIT seed="2,0,0,1,1,43" ten="291,274,190,245" oya="2" hai0="39,99,130,45,129,60,51,2,76,25,21,63,27" hai1="23,55,3,81,6,87,18,12,97,84,78,101,71" hai2="95,91,44,24,48,59,30,4,28,14,22,33,120" hai3="37,13,56,42,98,8,68,5,19,77,118,113,110"/><V124/><F124/><W69/><G118/><T47/><D2/><U53/><E71/><V82/><F120/><W85/><G110/><T116/><D76/><U1/><E84/><V100/><F100/><W111/><G111/><T128/><D99/><U107/><E6/><V41/><F82/><W86/><G113/><T49/><D39/><U106/><E106/><V64/><F33/><W109/><G109/><T10/><D10/><U36/><E36/><V35/><F35/><W34/><G34/><T17/><D116/><U119/><E119/><V90/><F30/><W135/><G135/><T102/><D102/><U103/><E103/><V74/><F74/><W46/><G98/><T121/><D121/><U67/><E67/><V123/><F123/><W40/><G40/><N who="0" m="24743" /><D25/><U7/><E7/><V65/><F59/><W61/><G19/><T54/><AGARI ba="0,0" hai="17,21,27,47,51,54,60,63,128,129,130" m="24743" machi="54" ten="30,4000,0" yaku="19,1,52,2" doraHai="43" who="0" fromWho="0" sc="291,40,274,-10,190,-20,245,-10" /><INIT seed="3,0,0,3,0,54" ten="331,264,170,235" oya="3" hai0="50,74,62,135,55,129,112,113,88,115,96,64,117" hai1="16,132,127,72,105,97,42,35,2,18,60,46,109" hai2="114,24,8,9,19,89,102,43,11,86,83,84,66" hai3="133,107,104,44,70,81,134,1,47,59,90,29,57"/><W31/><G81/><T67/><D74/><U41/><E109/><V13/><F114/><W101/><G90/><T58/><D117/><U39/><E127/><V92/><F43/><W99/><G99/><T23/><D135/><N who="3" m="51721" /><G101/><T12/><D129/><U25/><E132/><V22/><F66/><W51/><G1/><T126/><D126/><U75/><E42/><V77/><REACH who="2" step="1"/><F102/><REACH who="2" ten="331,264,160,235" step="2"/><W5/><G70/><T32/><D64/><U120/><E41/><V36/><F36/><W98/><G5/><AGARI ba="0,1" hai="5,8,9,11,13,19,22,24,77,83,84,86,89,92" machi="5" ten="30,3900,0" yaku="1,1,7,1,8,1,53,0" doraHai="54" doraHaiUra="130" who="2" fromWho="3" sc="331,0,264,0,160,49,235,-39" owari="331,43.1,264,6.4,209,-19.1,196,-30.4" /></mjloggm>