<mjloggm ver="2.3"><GO type="225" lobby="0"/><UN n0="%72%61%6B%33" n1="%E7%AD%89%E3%80%85%E5%8A%9B%E5%8A%87%E5%A0%B4" n2="%E3%82%A2%E3%82%A4%E3%82%B9%E3%83%86%E3%82%A3%E3%83%BC%E3%81%82%E3%81%B9" n3="%E3%83%B4%E3%83%A0%EF%BC%99%E3%81%A6" dan="18,16,16,17" rate="2245.43,2145.83,2079.30,2175.48" sx="M,M,M,M"/><TAIKYOKU oya="0"/><INIT seed="0,0,0,2,4,86" ten="250,250,250,250" oya="0" hai0="97,118,35,70,131,129,2,58,123,48,25,31,126" hai1="79,47,128,124,41,32,21,23,106,122,109,121,85" hai2="37,64,88,13,53,49,116,38,112,114,110,102,52" hai3="90,62,8,120,93,5,108,103,91,119,74,130,92"/><T107/><D118/><U30/><E106/><V45/><F102/><W132/><G119/><T111/><D123/><U44/><E32/><V100/><F100/><W43/><G74/><T81/><D126/><U73/><E73/><V16/><F116/><W36/><G120/><T87/><D70/><U113/><E109/><V54/><F64/><W1/><G108/><T29/><D111/><U50/><E128/><N who="0" m="49225" /><D29/><U68/><E68/><V14/><F110/><W6/><G130/><T101/><D2/><U28/><E85/><V80/><F13/><W10/><G132/><T77/><D58/><U22/><E22/><V117/><F117/><W69/><G103/><T94/><D48/><U76/><E50/><V20/><F38/><W61/><G69/><T33/><D33/><U4/><E41/><V26/><F37/><W89/><G43/><T0/><D0/><U65/><E4/><V66/><F66/><W51/><G51/><T15/><D15/><U71/><E65/><V95/><F80/><W11/><G36/><T18/><D18/><U60/><E71/><V72/><F72/><W133/><G133/><T135/><D135/><U7/><E7/><N who="3" m="2570" /><G1/><T125/><D125/><U82/><E124/><V99/><REACH who="2" step="1"/><F14/><REACH who="2" ten="250,250,240,250" step="2"/><W96/><G96/><T55/><D107/><U98/><E98/><V115/><AGARI ba="0,1" hai="16,20,26,45,49,52,53,54,88,95,99,112,114,115" machi="115" ten="30,12000,2" yaku="1,1,2,1,0,1,52,1,54,3,53,0" doraHai="86" doraHaiUra="78" who="2" fromWho="2" sc="250,-60,250,-30,240,130,250,-30" /><INIT seed="1,0,0,5,1,5" ten="190,220,370,220" oya="1" hai0="81,132,104,70,78,18,94,121,34,128,13,114,40" hai1="35,57,77,33,87,43,65,117,10,72,53,59,58" hai2="61,25,12,6,101,19,82,107,30,63,73,29,98" hai3="11,112,115,125,131,118,39,68,3,60,24,55,110"/><U92/><E117/><V85/><F6/><W79/><G118/><T42/><D104/><U119/><E119/><V120/><F73/><W50/><G39/><T109/><D114/><U71/><E72/><V54/><F120/><W37/><G37/><T22/><D109/><U86/><E43/><V105/><F107/><W135/><G79/><T100/><D121/><U8/><E53/><V95/><F105/><W36/><G36/><T4/><D34/><N who="1" m="12811" /><E92/><V26/><F54/><W97/><G24/><N who="2" m="9321" /><F63/><W126/><G60/><T83/><D70/><U80/><E80/><V69/><F61/><W102/><G68/><T113/><D83/><U52/><E71/><V111/><F69/><W91/><G110/><T122/><D81/><U14/><E52/><V75/><F75/><W15/><G112/><T45/><D113/><U23/><E77/><N who="2" m="46287" /><F111/><W16/><G115/><T127/><D40/><U44/><E65/><V76/><F76/><W124/><G55/><T38/><D42/><U66/><E66/><V133/><F133/><W116/><G135/><T41/><D132/><U51/><E51/><V0/><F0/><W21/><G50/><T17/><D41/><U47/><E87/><V88/><F101/><W9/><G116/><T67/><D38/><U96/><E86/><V28/><F28/><W20/><G102/><T130/><D78/><U89/><E89/><V2/><F2/><W106/><G106/><T56/><D100/><U103/><E103/><V74/><F74/><W7/><G131/><T48/><D130/><U64/><E64/><V129/><F129/><W62/><G62/><RYUUKYOKU ba="0,0" sc="190,-15,220,-15,370,15,220,15" hai2="12,19,29,30,88,95,98" hai3="3,7,9,11,15,16,20,21,91,97,124,125,126" /><INIT seed="2,1,0,5,2,59" ten="175,205,385,235" oya="2" hai0="72,16,3,18,31,24,50,84,46,13,64,121,100" hai1="118,15,57,79,87,78,45,47,110,49,2,55,82" hai2="123,126,53,96,115,1,133,29,11,74,69,131,41" hai3="89,129,114,17,66,125,80,113,109,63,19,39,21"/><V68/><F41/><W6/><G39/><T20/><D72/><U48/><E2/><V40/><F40/><W65/><G109/><T38/><D121/><U37/><E37/><V23/><F53/><W4/><G125/><T98/><D3/><U86/><E118/><V83/><F96/><W81/><G129/><T99/><D38/><U25/><E110/><V44/><F44/><W91/><G21/><T106/><D84/><U101/><E101/><V33/><F23/><W102/><G102/><T12/><D99/><U127/><E127/><V94/><F94/><W116/><REACH who="3" step="1"/><G63/><REACH who="3" ten="175,205,385,225" step="2"/><T14/><REACH who="0" step="1"/><D64/><REACH who="0" ten="165,205,385,225" step="2"/><U0/><E0/><V75/><F1/><W122/><G122/><T92/><D92/><U120/><E120/><V36/><F126/><W134/><G134/><T7/><D7/><U130/><E130/><V85/><F133/><W71/><G71/><T62/><D62/><U51/><E51/><V124/><F69/><W9/><G9/><T76/><D76/><U95/><E79/><V5/><F11/><W22/><G22/><T88/><D88/><U67/><E49/><V42/><F36/><W32/><G32/><T30/><D30/><U27/><E67/><V132/><F132/><W26/><G26/><T34/><D34/><U119/><E27/><V104/><F124/><W103/><G103/><T93/><D93/><U135/><E95/><V8/><F131/><W97/><G97/><T60/><D60/><U61/><E61/><V58/><F123/><W70/><G70/><T77/><D77/><U90/><E135/><V56/><F68/><W107/><G107/><RYUUKYOKU ba="1,2" sc="165,15,205,-15,385,-15,225,15" hai0="12,13,14,16,18,20,24,31,46,50,98,100,106" hai3="4,6,17,19,65,66,80,81,89,91,113,114,116" /><INIT seed="3,2,2,1,0,56" ten="180,190,370,240" oya="3" hai0="5,130,125,26,65,98,88,15,20,30,27,41,55" hai1="24,58,46,44,9,91,113,70,33,119,134,18,85" hai2="10,67,83,107,60,82,11,53,32,126,97,116,50" hai3="47,89,42,95,21,59,52,23,7,112,135,1,12"/><W0/><G112/><T100/><D125/><U128/><E70/><V37/><F37/><W84/><G135/><T62/><D130/><U25/><E113/><V16/><F32/><W43/><G0/><T73/><D73/><U28/><E134/><V109/><F116/><W115/><G115/><T101/><D41/><N who="3" m="15369" /><G47/><T71/><D55/><U86/><E128/><V80/><F126/><W132/><G1/><T2/><D2/><U133/><E133/><V127/><F107/><W79/><G79/><T120/><D120/><U13/><E119/><V90/><F109/><W38/><G38/><T17/><D5/><U19/><E86/><V78/><F78/><W110/><G110/><T94/><REACH who="0" step="1"/><D26/><REACH who="0" ten="170,190,370,240" step="2"/><U64/><E24/><V81/><F127/><W34/><G132/><T57/><D57/><U92/><REACH who="1" step="1"/><E19/><REACH who="1" ten="170,180,370,240" step="2"/><V131/><F131/><W118/><G118/><T105/><D105/><U54/><E54/><V122/><F53/><W14/><G52/><T8/><AGARI ba="2,4" hai="8,15,17,20,27,30,62,65,71,88,94,98,100,101" machi="8" ten="20,12000,2" yaku="1,1,0,1,7,1,52,1,54,1,53,1" doraHai="56" doraHaiUra="6" who="0" fromWho="0" sc="170,166,180,-32,370,-32,240,-62" owari="336,13.6,148,-35.2,338,43.8,178,-22.2" /></mjloggm>