<mjloggm ver="2.3"><GO type="225" lobby="0"/><UN n0="%E3%82%A2%E3%83%BC%E3%83%A2%E3%83%AD%E3%83%BC%E3%83%B4%E3%82%A1" n1="%E6%B2%A1%E7%94%B7" n2="%72%61%6B%33" n3="%E3%81%A1%E3%82%85%E3%81%86%E3%81%A9%E3%81%8F%E8%B1%A1%E3%81%95%E3%82%93" dan="16,16,17,16" rate="2117.23,2084.02,2280.38,2086.31" sx="M,M,M,M"/><TAIKYOKU oya="0"/><INIT seed="0,0,0,1,3,29" ten="250,250,250,250" oya="0" hai0="76,93,42,108,88,34,135,82,131,72,0,109,123" hai1="77,31,68,133,99,106,127,49,22,4,43,125,114" hai2="5,129,64,79,63,11,83,30,32,70,116,75,91" hai3="50,111,101,14,16,62,113,48,33,130,39,117,115"/><T94/><D0/><U105/><E133/><V85/><F129/><W57/><G117/><T120/><D42/><U38/><E38/><V97/><F116/><W60/><G39/><T55/><D135/><U10/><E68/><V40/><F40/><W78/><G78/><T35/><D131/><U8/><E114/><V13/><F97/><W104/><G130/><T1/><D1/><U58/><E77/><V9/><F9/><W65/><G111/><N who="0" m="42571" /><D55/><U17/><E31/><V67/><F67/><W92/><G104/><T118/><D93/><U53/><E43/><V51/><F51/><W59/><G33/><N who="0" m="12299" /><D118/><U71/><E106/><V12/><F32/><W122/><G122/><T23/><D23/><U52/><E53/><V20/><F20/><N who="3" m="11287" /><G115/><T103/><D103/><U134/><E134/><V27/><F64/><N who="3" m="38927" /><G113/><T44/><D44/><U119/><E119/><V124/><F63/><W56/><G56/><T90/><D90/><U87/><E105/><V66/><F91/><W95/><G95/><T2/><D2/><U37/><E58/><V98/><F66/><W84/><G101/><T121/><D121/><U110/><E37/><V81/><F70/><W86/><G92/><T112/><D112/><U25/><E71/><V69/><F69/><W28/><G28/><T19/><D19/><U61/><E17/><V73/><F30/><W7/><G65/><T132/><D132/><U45/><E110/><V100/><F100/><W26/><G62/><T126/><D126/><U107/><E61/><V102/><F124/><W41/><G41/><T80/><D80/><U47/><E125/><RYUUKYOKU ba="0,0" sc="250,30,250,-10,250,-10,250,-10" hai0="72,76,82,88,94,120,123" /><INIT seed="0,1,0,3,2,60" ten="280,240,240,240" oya="0" hai0="27,95,106,133,12,7,26,83,16,112,3,17,128" hai1="71,85,94,10,135,51,92,1,103,5,98,110,88" hai2="100,50,119,117,22,36,87,126,115,61,79,42,31" hai3="25,99,41,58,47,69,116,30,68,109,122,84,66"/><T53/><D112/><U107/><E110/><V129/><F115/><W104/><G116/><T55/><D106/><U56/><E135/><V93/><F36/><W4/><G109/><T75/><D133/><U64/><E71/><V43/><F126/><W32/><G122/><T73/><D128/><U132/><E132/><V2/><F2/><W113/><G113/><T131/><D131/><U123/><E123/><V35/><F35/><W33/><G4/><T105/><D105/><U121/><E121/><V34/><F34/><W19/><G19/><T120/><D120/><U45/><E56/><V74/><F74/><W114/><G114/><T37/><D37/><U59/><E59/><V118/><F129/><W65/><G32/><T0/><D95/><U20/><E20/><V80/><F50/><W62/><G84/><T21/><D83/><U81/><REACH who="1" step="1"/><E64/><REACH who="1" ten="280,230,240,240" step="2"/><V9/><F22/><W90/><G66/><T127/><D21/><U63/><E63/><V14/><F61/><W67/><G67/><T13/><REACH who="0" step="1"/><D7/><REACH who="0" ten="270,230,240,240" step="2"/><U11/><E11/><V8/><F9/><W29/><G69/><T124/><AGARI ba="1,2" hai="0,3,12,13,16,17,26,27,53,55,73,75,124,127" machi="124" ten="25,18000,2" yaku="1,1,2,1,0,1,22,2,54,1,53,0" doraHai="60" doraHaiUra="108" who="0" fromWho="0" sc="270,203,230,-61,240,-61,240,-61" /><INIT seed="0,2,0,5,1,117" ten="473,169,179,179" oya="0" hai0="59,26,2,25,10,105,30,16,19,113,31,24,61" hai1="35,81,1,33,120,46,111,124,74,64,128,99,134" hai2="11,116,122,135,76,66,32,69,106,83,38,90,0" hai3="79,55,101,63,27,53,130,71,107,87,49,22,37"/><T75/><D113/><U114/><RYUUKYOKU type="yao9" ba="2,0" sc="473,0,169,0,179,0,179,0" hai1="1,33,35,46,64,74,81,99,111,114,120,124,128,134" /><INIT seed="0,3,0,5,4,9" ten="473,169,179,179" oya="0" hai0="55,84,62,89,79,8,42,28,80,127,6,39,49" hai1="91,108,63,119,23,37,85,130,50,78,14,101,87" hai2="112,18,124,30,109,20,103,61,0,36,128,72,68" hai3="73,60,100,69,4,116,135,64,58,11,19,82,102"/><T94/><D127/><U98/><E37/><V111/><F103/><W38/><G116/><T76/><D28/><U15/><E119/><V47/><F30/><W125/><G125/><T51/><D62/><U126/><E126/><V31/><F31/><W57/><G38/><T34/><D34/><U7/><E108/><V93/><F124/><W114/><G114/><T106/><D106/><U27/><E130/><V120/><F0/><W67/><G135/><T40/><D39/><U35/><E78/><V121/><F72/><W123/><G123/><T118/><D76/><U90/><E35/><V97/><F112/><W44/><G44/><T74/><D51/><U133/><E133/><V25/><F128/><W105/><G19/><T122/><D118/><U77/><E77/><V107/><F107/><W88/><G105/><T95/><D94/><N who="1" m="58583" /><E50/><V86/><F68/><W1/><G73/><T41/><D122/><U117/><E117/><V81/><F121/><W104/><G104/><T59/><REACH who="0" step="1"/><D40/><REACH who="0" ten="463,169,179,179" step="2"/><U29/><E63/><V115/><F61/><W92/><G60/><T110/><D110/><U66/><E66/><V54/><F120/><W13/><G64/><T96/><D96/><U17/><E29/><V70/><F36/><W83/><G67/><T132/><D132/><U5/><E91/><N who="2" m="51663" /><F70/><W46/><G69/><T21/><D21/><U131/><E131/><V43/><F43/><W71/><G71/><T129/><D129/><U99/><E99/><V48/><F115/><W65/><G65/><T12/><AGARI ba="3,1" hai="6,8,12,41,42,49,55,59,74,79,80,84,89,95" machi="12" ten="20,12000,1" yaku="1,1,0,1,7,1,52,1,53,1" doraHai="9" doraHaiUra="52" who="0" fromWho="0" sc="463,139,169,-43,179,-43,179,-43" /><INIT seed="0,4,0,0,4,77" ten="602,126,136,136" oya="0" hai0="56,51,93,11,38,29,130,104,31,107,65,123,71" hai1="40,20,1,59,122,0,52,76,80,124,135,10,2" hai2="47,78,69,46,60,119,37,110,53,8,127,101,117" hai3="86,6,44,28,115,73,63,39,55,121,102,133,33"/><T68/><D123/><U90/><E124/><V100/><F127/><W49/><G115/><T118/><D118/><U43/><E135/><V105/><F110/><W9/><G73/><T132/><D38/><U83/><E122/><V87/><F8/><W45/><G133/><T103/><D132/><U85/><E10/><V98/><F101/><W72/><G72/><T112/><D112/><U14/><E14/><V67/><F53/><W126/><G126/><T57/><D130/><U22/><E22/><V5/><F5/><W111/><G111/><T25/><D11/><U113/><E20/><V16/><F16/><W106/><G121/><T35/><D51/><U128/><E128/><V30/><F30/><W17/><G63/><T13/><D13/><U120/><E120/><V96/><F96/><W27/><G17/><T36/><D36/><U32/><E32/><V41/><F47/><W129/><G129/><T4/><D4/><U109/><E113/><V48/><F48/><W12/><G86/><T70/><D31/><U61/><REACH who="1" step="1"/><E109/><REACH who="1" ten="602,116,136,136" step="2"/><V15/><F15/><W95/><G12/><T88/><D35/><U62/><E62/><V24/><F24/><W54/><G9/><T125/><D25/><U94/><E94/><V66/><F60/><W19/><G95/><T134/><D125/><U23/><E23/><V91/><F119/><W89/><G33/><T97/><D134/><U74/><AGARI ba="4,1" hai="0,1,2,40,43,52,59,61,74,76,80,83,85,90" machi="74" ten="30,12000,2" yaku="1,1,0,1,52,2,54,1,53,1" doraHai="77" doraHaiUra="81" who="1" fromWho="1" sc="602,-64,116,142,136,-34,136,-34" /><INIT seed="1,0,0,4,4,116" ten="538,258,102,102" oya="1" hai0="66,106,111,94,15,52,121,63,89,100,127,112,113" hai1="73,99,95,131,117,54,76,43,23,93,9,85,2" hai2="68,10,72,74,70,16,44,4,50,125,87,29,17" hai3="91,65,134,98,59,108,48,83,69,47,96,18,61"/><U130/><E117/><V104/><F104/><W53/><G108/><T79/><D111/><U33/><E33/><V38/><F38/><W105/><G134/><T86/><D127/><U21/><E43/><V0/><F125/><W39/><G105/><T107/><D121/><U41/><E41/><V81/><F29/><W90/><G18/><T19/><D52/><U20/><E73/><V80/><F70/><W12/><G12/><T120/><D120/><U31/><E31/><V60/><F74/><W45/><G45/><T46/><D46/><U28/><E28/><V109/><F109/><W25/><G25/><T101/><D79/><U7/><E54/><V123/><F123/><W78/><G96/><T92/><D106/><U36/><E36/><V77/><F60/><W27/><G27/><T57/><D107/><U88/><REACH who="1" step="1"/><E76/><REACH who="1" ten="538,248,102,102" step="2"/><V133/><F77/><W132/><G132/><T71/><D112/><U1/><E1/><V26/><F72/><N who="3" m="43463" /><G98/><T58/><D113/><U75/><E75/><V124/><F133/><W8/><G8/><T110/><D110/><U115/><E115/><V126/><F10/><W64/><G64/><T102/><D66/><U5/><E5/><V30/><F4/><W118/><G118/><T35/><D35/><U114/><E114/><V14/><F126/><W22/><G22/><T129/><D19/><U84/><E84/><V67/><F17/><W42/><AGARI ba="0,1" hai="39,42,47,48,53,59,61,65,69,90,91" m="43463" machi="42" ten="30,1100,0" yaku="24,1" doraHai="116" who="3" fromWho="3" sc="538,-3,248,-5,102,-3,102,21" /><INIT seed="2,0,0,2,5,87" ten="535,243,99,123" oya="2" hai0="80,77,86,3,125,49,56,40,29,96,114,38,98" hai1="108,117,120,12,72,83,39,18,93,5,73,123,19" hai2="59,75,1,64,113,36,132,122,133,51,47,25,33" hai3="90,17,70,97,84,22,28,61,34,119,105,31,85"/><V131/><F113/><W26/><G119/><T135/><D3/><U103/><E108/><V112/><F112/><W101/><G28/><T88/><D38/><U8/><E39/><V104/><F1/><W76/><G76/><T15/><D125/><U54/><E117/><V95/><F104/><W21/><G17/><N who="1" m="6154" /><E54/><V82/><F122/><N who="1" m="46633" /><E83/><V0/><F0/><W30/><G30/><T121/><D96/><AGARI ba="0,0" hai="5,8,12,72,73,93,96,103" m="46633,6154" machi="96" ten="30,1000,0" yaku="13,1" doraHai="87" who="1" fromWho="0" sc="535,-10,243,10,99,0,123,0" /><INIT seed="3,0,0,2,1,104" ten="525,253,99,123" oya="3" hai0="43,19,27,99,70,116,80,16,121,30,91,93,88" hai1="135,31,5,122,83,134,13,14,78,44,82,56,126" hai2="81,22,118,120,7,65,50,133,60,90,100,125,12" hai3="117,86,55,128,63,98,75,38,25,102,95,87,109"/><W41/><G117/><T129/><D70/><U96/><E122/><V85/><F118/><W23/><G75/><T101/><D121/><U97/><E126/><V3/><F120/><W127/><G127/><T64/><D64/><U108/><E108/><V123/><F123/><W92/><G109/><T77/><D43/><U46/><E31/><V113/><F125/><W37/><G128/><T11/><D116/><U51/><E56/><V34/><F34/><W71/><G41/><T48/><D48/><U35/><E35/><V45/><F113/><W107/><G95/><T68/><D68/><U15/><E5/><V69/><F133/><N who="1" m="50697" /><E82/><V20/><F3/><W24/><G24/><T18/><D11/><U74/><E46/><V84/><F100/><W119/><G119/><T79/><D79/><U0/><E0/><V114/><F114/><W47/><G107/><T6/><D6/><U124/><E124/><V40/><REACH who="2" step="1"/><F84/><REACH who="2" ten="525,253,89,123" step="2"/><W66/><G87/><N who="0" m="48527" /><D129/><U103/><E103/><V132/><F132/><W57/><G86/><T106/><D106/><U9/><E9/><AGARI ba="0,1" hai="7,9,12,20,22,40,45,50,60,65,69,81,85,90" machi="9" ten="40,2600,0" yaku="1,1,53,1" doraHai="104" doraHaiUra="67" who="2" fromWho="1" sc="525,0,253,-26,89,36,123,0" owari="525,62.5,227,2.7,125,-27.5,123,-37.7" /></mjloggm>