<mjloggm ver="2.3"><GO type="225" lobby="0"/><UN n0="%E3%81%86%E3%81%A9%E3%82%93%E3%81%93" n1="%E2%91%A3%E9%81%BF%E9%81%8A%E6%88%AF%E3%80%90%E6%9D%B1%E5%8D%97%E3%80%91" n2="%E9%80%9F%E6%B0%B4%E5%87%9B%E9%A6%99" n3="%6D%75%75%6D%75%72%61" dan="16,16,16,17" rate="2155.08,2140.49,2077.53,2210.54" sx="M,M,F,F"/><TAIKYOKU oya="0"/><INIT seed="0,0,0,0,5,52" ten="250,250,250,250" oya="0" hai0="13,93,46,54,44,91,97,6,77,50,92,104,89" hai1="18,64,121,2,10,87,49,24,40,119,108,0,22" hai2="5,133,75,61,27,71,134,65,113,107,35,4,63" hai3="120,8,86,129,15,14,80,23,76,69,32,36,7"/><T29/><D104/><U39/><E121/><V83/><F107/><W41/><G32/><T59/><D77/><U53/><E119/><V37/><F37/><W67/><G120/><T66/><D29/><U34/><E64/><V132/><F113/><W73/><G129/><T72/><D72/><U135/><E39/><V12/><F12/><W88/><G69/><T55/><D66/><U98/><E40/><V122/><F122/><W68/><G68/><T110/><D110/><U96/><E108/><V124/><F61/><W85/><G67/><T74/><D74/><U9/><E34/><V43/><F43/><W103/><G103/><T109/><D109/><U111/><E111/><V79/><F124/><W11/><G23/><T100/><D100/><U47/><E2/><V105/><REACH who="2" step="1"/><F105/><REACH who="2" ten="250,250,240,250" step="2"/><W56/><G41/><T114/><D114/><U84/><E0/><V28/><AGARI ba="0,1" hai="4,5,27,28,35,63,65,71,75,79,83,132,133,134" machi="28" ten="40,8000,1" yaku="1,1,2,1,0,1,20,1,53,1" doraHai="52" doraHaiUra="21" who="2" fromWho="2" sc="250,-40,250,-20,240,90,250,-20" /><INIT seed="1,0,0,2,2,42" ten="210,230,330,230" oya="1" hai0="111,19,34,26,100,10,74,72,108,125,68,24,20" hai1="86,75,40,54,106,11,70,8,109,94,127,48,73" hai2="88,17,76,120,129,38,113,31,44,18,107,35,82" hai3="62,69,115,130,114,58,104,110,61,81,5,84,23"/><U65/><E106/><V99/><F120/><W71/><G110/><N who="0" m="42027" /><D68/><U6/><E109/><V45/><F129/><W0/><G130/><T102/><D125/><U50/><E50/><V122/><F38/><W97/><G0/><T22/><D34/><U57/><E11/><V116/><F116/><W37/><G5/><T78/><D10/><U90/><E40/><V39/><F39/><W7/><G7/><T101/><D78/><U55/><E55/><V1/><F1/><W134/><G134/><T12/><D12/><U3/><REACH who="1" step="1"/><E127/><REACH who="1" ten="210,220,330,230" step="2"/><V25/><F107/><W121/><G37/><T51/><D51/><U124/><E124/><V83/><F122/><W105/><G121/><T128/><D128/><U79/><E79/><V112/><F76/><W67/><G105/><T103/><N who="0" m="25600" /><DORA hai="87" /><T49/><D49/><U43/><E43/><V15/><F113/><W89/><G104/><T2/><D2/><U133/><E133/><V36/><F112/><W126/><G114/><T119/><D119/><U85/><E85/><V98/><F36/><W123/><G115/><T92/><D92/><U60/><AGARI ba="0,1" hai="3,6,8,48,54,57,60,65,70,73,75,86,90,94" machi="60" ten="30,6000,0" yaku="1,1,0,1,52,1,53,0" doraHai="42,87" doraHaiUra="16,117" who="1" fromWho="1" sc="210,-20,220,70,330,-20,230,-20" /><INIT seed="1,1,0,4,4,93" ten="190,290,310,210" oya="1" hai0="114,106,82,49,110,101,45,103,46,22,50,107,108" hai1="88,130,11,60,35,102,129,72,32,0,105,92,104" hai2="61,96,5,74,16,78,127,18,24,48,87,21,41" hai3="64,53,109,2,128,124,26,119,27,112,12,9,33"/><U19/><E72/><V94/><F74/><W10/><G112/><T52/><D114/><U90/><E60/><V20/><F127/><W8/><G64/><T1/><D1/><U76/><E76/><V113/><F5/><N who="3" m="1079" /><G53/><T56/><D22/><U84/><E90/><V86/><F78/><W116/><G109/><T65/><D65/><U55/><E55/><V123/><F123/><W75/><G75/><T44/><D82/><U62/><E62/><V25/><F113/><W42/><G42/><T51/><D52/><U17/><E0/><V117/><F117/><N who="3" m="45131" /><G128/><N who="1" m="49258" /><E11/><N who="3" m="4106" /><G124/><T34/><D34/><N who="1" m="12843" /><E105/><N who="0" m="39945" /><D56/><U13/><E13/><V47/><F61/><W120/><G120/><T37/><D37/><U30/><E30/><V132/><F132/><W125/><G125/><T121/><D121/><U14/><E14/><V100/><AGARI ba="1,0" hai="16,18,20,21,24,25,41,47,48,86,87,94,96,100" machi="100" ten="20,12000,2" yaku="0,1,7,1,9,1,8,1,52,1,54,1" doraHai="93" who="2" fromWho="2" sc="190,-31,290,-61,310,123,210,-31" /><INIT seed="2,0,0,0,0,105" ten="159,229,433,179" oya="2" hai0="118,27,133,100,13,116,111,25,53,132,48,63,113" hai1="59,45,40,89,15,75,12,115,94,73,30,121,83" hai2="37,131,58,123,125,119,64,56,112,76,77,93,69" hai3="67,9,6,78,104,11,127,124,49,129,46,33,110"/><V43/><F123/><W24/><G110/><T130/><D111/><U84/><E121/><V81/><F112/><W87/><G104/><T20/><D100/><U14/><E115/><V36/><F119/><N who="0" m="45610" /><D113/><U135/><E135/><N who="0" m="51785" /><D63/><U35/><E59/><V7/><F93/><W51/><G129/><T99/><D99/><U68/><E68/><V103/><F103/><W50/><G46/><N who="0" m="27799" /><D130/><U34/><E30/><V19/><F19/><AGARI ba="0,0" hai="13,19,20,25,27" m="27799,51785,45610" machi="19" ten="30,2000,0" yaku="12,1,20,1" doraHai="105" who="0" fromWho="2" sc="159,20,229,0,433,-20,179,0" /><INIT seed="3,0,0,2,1,130" ten="179,229,413,179" oya="3" hai0="34,54,63,83,126,112,13,0,2,58,103,16,50" hai1="93,3,4,38,125,72,128,105,46,6,91,111,15" hai2="110,23,78,20,101,57,133,117,65,76,99,92,108" hai3="106,47,61,10,75,96,74,109,86,87,17,59,80"/><W39/><G109/><N who="2" m="42089" /><F133/><W131/><G131/><T40/><D112/><U31/><E105/><V134/><F134/><W120/><G120/><T82/><D34/><U21/><E72/><V69/><F69/><W85/><G39/><T8/><D126/><U119/><E46/><V79/><F117/><W36/><G106/><T107/><D107/><U24/><E38/><V37/><F37/><W100/><G36/><T122/><D122/><U41/><E41/><V123/><F123/><W113/><G47/><T98/><D103/><U132/><E132/><V22/><F65/><W18/><G113/><T71/><D98/><U116/><E111/><V12/><F57/><W25/><G75/><T118/><D118/><U114/><E125/><V28/><F12/><W48/><G48/><T90/><D71/><U43/><E43/><V33/><F33/><W121/><G121/><T7/><D0/><U56/><E56/><V66/><F66/><W51/><G51/><T102/><D40/><U135/><E128/><V95/><F95/><N who="3" m="58399" /><G74/><T104/><D50/><U49/><E49/><V30/><AGARI ba="0,0" hai="20,22,23,28,30,76,78,79,92,99,101" m="42089" machi="30" ten="40,1500,0" yaku="14,1" doraHai="130" who="2" fromWho="2" sc="179,-4,229,-4,413,15,179,-7" owari="175,-22.5,225,2.5,428,52.8,172,-32.8" /></mjloggm>