<mjloggm ver="2.3"><GO type="225" lobby="0"/><UN n0="%E3%81%A9%E3%82%8F%E3%82%93%E3%81%94" n1="%E5%8D%A0%E3%81%84%E5%B8%AB%E8%A3%8F%E3%81%AA%E3%81%84%E3%81%97" n2="%72%61%6B%33" n3="%72%69%6F%75%63%68%61%6E" dan="16,16,16,17" rate="2080.38,2168.93,2091.58,2147.50" sx="M,M,M,M"/><TAIKYOKU oya="0"/><INIT seed="0,0,0,1,3,121" ten="250,250,250,250" oya="0" hai0="91,24,32,97,39,41,59,0,38,26,31,123,1" hai1="25,135,84,104,80,96,29,64,93,126,65,102,33" hai2="11,94,101,122,50,49,130,5,132,85,56,119,113" hai3="9,73,57,108,133,2,115,74,90,17,18,30,134"/><T75/><D123/><U72/><E135/><N who="3" m="51722" /><G108/><T99/><D75/><N who="3" m="28681" /><G115/><T22/><D59/><U110/><E126/><V106/><F132/><W36/><G36/><T112/><D112/><U117/><E117/><V114/><F122/><W81/><G30/><T109/><D109/><U131/><E131/><V76/><F130/><W105/><G105/><T70/><D70/><U21/><E33/><V27/><F119/><W78/><G90/><T111/><D111/><U79/><REACH who="1" step="1"/><E110/><REACH who="1" ten="250,240,250,250" step="2"/><V42/><F114/><W62/><G2/><T83/><D0/><U44/><E44/><V86/><F113/><W54/><G9/><T61/><D1/><U124/><E124/><V68/><F11/><W87/><AGARI ba="0,1" hai="17,18,54,57,62,78,81,87" m="28681,51722" machi="87" ten="30,1100,0" yaku="20,1" doraHai="121" who="3" fromWho="3" sc="250,-5,240,-3,250,-3,250,21" /><INIT seed="1,0,0,3,1,106" ten="245,237,247,271" oya="1" hai0="47,108,93,49,64,121,127,104,23,5,118,95,88" hai1="11,135,67,89,58,125,38,76,32,14,15,82,66" hai2="25,46,74,134,31,116,50,128,110,4,0,81,111" hai3="2,52,45,114,8,18,113,99,92,65,30,77,28"/><U91/><E38/><V6/><F116/><W43/><G65/><T79/><D118/><U96/><E32/><V85/><F128/><W44/><G77/><T100/><D108/><N who="2" m="41514" /><F134/><W10/><G44/><T13/><D127/><U34/><E34/><N who="2" m="20847" /><F0/><W78/><G78/><T70/><D121/><U122/><E122/><V84/><F74/><W71/><G71/><T130/><D79/><U40/><E40/><N who="2" m="24903" /><F84/><W68/><G68/><T16/><D130/><U22/><E135/><V119/><F119/><W98/><G2/><T27/><D70/><U55/><E125/><V51/><F51/><N who="3" m="28783" /><G43/><N who="0" m="24831" /><D104/><U26/><E96/><V126/><F126/><W73/><G73/><T94/><D100/><U35/><E35/><V132/><F132/><W87/><G114/><T1/><D1/><U59/><E59/><V57/><F57/><W123/><G113/><T72/><D72/><U56/><E56/><V53/><F53/><W7/><G123/><T107/><D107/><U12/><E67/><V115/><F115/><W24/><G87/><N who="0" m="52383" /><D64/><U131/><E66/><V63/><F63/><W36/><G36/><T17/><D5/><U9/><E131/><V112/><F112/><W42/><G42/><T117/><D117/><U83/><E91/><AGARI ba="0,0" hai="4,6,81,85,91" m="24903,20847,41514" machi="91" ten="30,1000,0" yaku="14,1" doraHai="106" who="2" fromWho="1" sc="245,0,237,-10,247,10,271,0" /><INIT seed="2,0,0,0,4,107" ten="245,227,257,271" oya="2" hai0="110,1,38,16,28,40,134,94,89,30,29,124,106" hai1="57,27,51,60,88,32,56,77,12,97,109,93,92" hai2="119,129,111,99,67,113,116,25,75,34,63,120,3" hai3="87,91,98,26,68,65,13,105,8,76,78,45,108"/><V52/><F113/><W48/><G108/><T39/><D106/><U117/><E117/><V131/><F3/><W85/><G26/><T41/><D1/><U49/><E109/><V101/><F120/><W59/><G68/><T127/><D110/><U96/><E77/><V14/><F14/><W128/><G128/><N who="2" m="49225" /><F111/><W83/><G76/><T112/><D112/><U6/><E27/><V123/><F123/><W10/><G105/><T19/><D134/><U35/><E12/><V11/><F11/><W15/><G98/><T7/><D7/><U133/><E6/><V69/><F75/><W62/><G8/><T100/><D100/><U82/><E82/><V36/><F36/><N who="0" m="13866" /><D89/><U47/><E133/><V80/><F80/><N who="3" m="47255" /><G10/><T44/><D44/><U50/><E47/><V126/><F52/><AGARI ba="0,0" hai="13,15,45,48,52,59,62,65,83,87,91" m="47255" machi="52" ten="30,2000,0" yaku="8,1,54,1" doraHai="107" who="3" fromWho="2" sc="245,0,227,0,257,-20,271,20" /><INIT seed="3,0,0,0,1,133" ten="245,227,237,291" oya="3" hai0="120,27,5,32,79,131,19,21,82,127,20,38,49" hai1="98,111,55,97,54,10,102,22,81,48,43,85,70" hai2="83,59,76,61,31,46,110,115,51,64,53,118,0" hai3="72,4,16,84,95,42,23,80,126,1,100,125,107"/><W57/><G42/><T116/><D120/><U105/><E111/><V2/><F115/><W128/><G128/><T56/><D38/><U86/><E70/><V77/><F118/><W11/><G57/><T12/><D116/><U117/><E117/><V7/><F110/><W134/><G134/><T34/><D131/><U122/><E122/><V52/><F31/><W104/><G72/><T63/><D49/><U6/><E97/><V26/><F26/><N who="3" m="14695" /><G95/><T15/><D127/><N who="3" m="48649" /><G100/><T13/><D56/><U113/><E113/><V90/><F64/><W9/><G11/><T88/><D63/><U41/><E22/><V45/><F46/><W37/><G37/><T36/><D21/><U47/><E43/><V114/><F114/><W130/><G130/><T68/><D36/><U78/><REACH who="1" step="1"/><E86/><REACH who="1" ten="245,217,237,291" step="2"/><V103/><F103/><W132/><G132/><T87/><D68/><U17/><E17/><V96/><F96/><W33/><G33/><T66/><D34/><U121/><E121/><V71/><F71/><W18/><G18/><T106/><D32/><U8/><E8/><V39/><F61/><W93/><G93/><T123/><D106/><U92/><E92/><V89/><F39/><W109/><G109/><T65/><D123/><U14/><AGARI ba="0,1" hai="6,10,14,41,47,48,54,55,78,81,85,98,102,105" machi="14" ten="20,8000,1" yaku="1,1,0,1,7,1,25,2,53,0" doraHai="133" doraHaiUra="129" who="1" fromWho="1" sc="245,-20,217,90,237,-20,291,-40" owari="225,-17.5,307,40.7,217,-28.3,251,5.1" /></mjloggm>