<mjloggm ver="2.3"><GO type="225" lobby="0"/><UN n0="%72%69%6F%75%63%68%61%6E" n1="%48%61%61%61%6C%61%6E%64" n2="%E3%81%99%E3%81%84%E3%81%BE%E3%81%9B%E3%83%BC%E3%82%93" n3="%E3%83%94%E3%82%B3%E3%83%9E%E3%82%B9%E3%83%86%E3%82%A3%E3%83%95" dan="17,17,16,17" rate="2236.92,2134.95,2148.47,2146.62" sx="M,M,M,M"/><TAIKYOKU oya="0"/><INIT seed="0,0,0,0,4,111" ten="250,250,250,250" oya="0" hai0="17,73,44,96,26,130,43,132,135,122,32,35,90" hai1="69,107,54,58,40,102,50,68,84,45,97,74,2" hai2="18,30,105,65,87,22,79,19,110,52,81,57,131" hai3="125,8,62,82,60,6,78,77,41,23,66,95,0"/><T29/><D122/><U119/><E74/><V56/><F110/><W64/><G125/><T63/><D130/><U3/><E119/><V72/><F105/><W101/><G41/><T92/><D73/><U89/><E2/><V100/><F100/><W36/><G36/><T9/><D32/><U27/><E27/><N who="2" m="16759" /><F72/><W10/><G23/><T39/><REACH who="0" step="1"/><D63/><REACH who="0" ten="240,250,250,250" step="2"/><U118/><E118/><V20/><F131/><W75/><G62/><T85/><D85/><U7/><E84/><V15/><F87/><W108/><G60/><T49/><D49/><U80/><E50/><V61/><F61/><W133/><G75/><T104/><D104/><U1/><E107/><V116/><F116/><W67/><G108/><T103/><D103/><U14/><E102/><V134/><F65/><W11/><G66/><T28/><D28/><U5/><E69/><V59/><F134/><W86/><G133/><T55/><D55/><U13/><E54/><V109/><F52/><W115/><G64/><T47/><D47/><U38/><E45/><V31/><F109/><W113/><G67/><T71/><D71/><U127/><E68/><V42/><F31/><W24/><G101/><T93/><D93/><U129/><E129/><V48/><F48/><W34/><G95/><T51/><D51/><U124/><E127/><V37/><F37/><W106/><G106/><T33/><D33/><U112/><E124/><V83/><F42/><W126/><G126/><T12/><AGARI ba="0,1" hai="9,12,17,26,29,35,39,43,44,90,92,96,132,135" machi="12" ten="30,3000,0" yaku="1,1,0,1,53,0" doraHai="111" doraHaiUra="53" who="0" fromWho="0" sc="240,40,250,-10,250,-10,250,-10" /><INIT seed="0,1,0,1,3,117" ten="280,240,240,240" oya="0" hai0="7,81,24,58,60,126,15,20,113,50,94,130,86" hai1="67,121,119,39,74,3,34,23,54,55,61,4,9" hai2="123,30,82,134,65,95,84,131,62,63,76,72,28" hai3="25,18,35,98,57,8,45,135,53,102,29,56,14"/><T78/><D126/><U97/><E119/><V101/><F131/><W87/><G135/><T26/><D130/><U79/><E34/><V17/><F134/><W48/><REACH who="3" step="1"/><G87/><REACH who="3" ten="280,240,240,230" step="2"/><T90/><D113/><U124/><E124/><V12/><F84/><W16/><G16/><N who="0" m="10271" /><D7/><U118/><E4/><V80/><F17/><W115/><G115/><T27/><D50/><U91/><E118/><V41/><F62/><W103/><G103/><T66/><D94/><AGARI ba="1,1" hai="8,14,18,25,29,35,45,48,53,56,57,94,98,102" machi="94" ten="30,2000,0" yaku="1,1,7,1,53,0" doraHai="117" doraHaiUra="19" who="3" fromWho="0" sc="280,-23,240,0,240,0,230,33" /><INIT seed="1,0,0,3,0,47" ten="257,240,240,263" oya="1" hai0="87,18,103,5,22,21,80,51,59,7,9,26,60" hai1="82,34,36,124,19,14,12,91,29,17,0,56,92" hai2="8,75,10,79,115,76,66,41,72,135,46,116,28" hai3="88,69,113,129,52,102,109,31,73,132,100,63,39"/><U128/><E0/><V15/><F116/><W16/><G113/><T126/><D126/><U1/><E1/><V96/><F115/><W42/><G73/><T81/><D103/><U24/><E36/><V94/><F135/><W38/><G31/><T121/><D121/><U62/><E124/><V4/><F28/><W32/><G32/><T11/><D51/><U2/><E2/><V108/><F66/><W127/><G127/><T93/><D93/><U133/><E128/><V30/><F30/><W131/><G132/><T117/><D117/><U99/><E133/><V114/><F114/><W90/><G109/><T95/><D21/><U83/><E12/><N who="2" m="5127" /><F75/><W3/><G3/><T25/><D25/><U86/><E14/><V27/><F27/><W61/><G42/><T20/><D20/><U130/><E130/><V97/><F72/><W33/><G33/><T101/><D9/><U48/><E83/><N who="0" m="31817" /><D11/><U54/><REACH who="1" step="1"/><E62/><REACH who="1" ten="257,230,240,263" step="2"/><V65/><F15/><W58/><G39/><T89/><D101/><AGARI ba="0,1" hai="17,19,24,29,34,48,54,56,82,86,91,92,99,101" machi="101" ten="30,11600,0" yaku="1,1,2,1,7,1,52,1,53,0" doraHai="47" doraHaiUra="6" who="1" fromWho="0" sc="257,-116,230,126,240,0,263,0" /><INIT seed="1,1,0,0,0,49" ten="141,356,240,263" oya="1" hai0="3,133,75,121,45,81,95,134,14,78,53,36,85" hai1="8,26,115,30,71,10,122,73,11,110,77,72,32" hai2="12,79,111,94,89,90,6,23,92,2,35,80,62" hai3="93,84,21,33,131,28,105,20,5,65,27,96,25"/><U135/><E115/><V52/><F35/><W87/><G131/><T114/><D114/><U63/><E122/><V55/><F111/><W97/><G5/><T83/><D3/><U0/><E110/><V43/><F43/><W109/><G109/><T19/><D121/><U50/><E135/><V91/><F2/><W60/><G105/><T22/><D95/><N who="2" m="36394" /><F62/><W128/><G128/><T18/><D36/><U1/><E1/><V37/><F37/><W117/><G117/><T107/><D107/><U82/><E0/><V76/><F23/><W116/><G116/><T17/><D45/><U70/><E73/><V40/><F40/><W48/><G48/><T64/><D64/><U42/><REACH who="1" step="1"/><E63/><REACH who="1" ten="141,346,240,263" step="2"/><V69/><F80/><W24/><G97/><T125/><D134/><U16/><E16/><V29/><F29/><W99/><G96/><T102/><D133/><U103/><E103/><V132/><F132/><W126/><G28/><T59/><D102/><U124/><E124/><V127/><F127/><W123/><G126/><T46/><D125/><U31/><E31/><V58/><F6/><W56/><G123/><T106/><D106/><U15/><E15/><V57/><F12/><W74/><G74/><T38/><D83/><U9/><N who="1" m="2048" /><DORA hai="112" /><U66/><E66/><V118/><F118/><W98/><G98/><T7/><D75/><U68/><E68/><V61/><F69/><W34/><G99/><T13/><D14/><U88/><E88/><V47/><F61/><W108/><G108/><T130/><D13/><U101/><E101/><V54/><F91/><W100/><G100/><RYUUKYOKU ba="1,1" sc="141,-10,346,30,240,-10,263,-10" hai1="26,30,32,42,50,70,71,72,77,82" /><INIT seed="1,2,1,2,3,65" ten="131,376,230,253" oya="1" hai0="11,42,77,55,61,37,127,10,116,33,130,41,110" hai1="20,27,112,51,103,91,124,99,63,14,67,73,76" hai2="54,80,30,85,122,72,2,22,13,56,105,66,19" hai3="98,74,32,69,52,133,94,1,111,50,12,26,115"/><U60/><E112/><V83/><F122/><W104/><G115/><T24/><D116/><U4/><E124/><V90/><F2/><W43/><G1/><T28/><D130/><U23/><E91/><V93/><F105/><W64/><G74/><T40/><D127/><U31/><E51/><V16/><F72/><W3/><G3/><T118/><D118/><U46/><E46/><V84/><F66/><W62/><G43/><T92/><D37/><U82/><E67/><V108/><F108/><W7/><G111/><T44/><D110/><U53/><E53/><V47/><F47/><W86/><G86/><T126/><D126/><U131/><E131/><V38/><F30/><W79/><G79/><T18/><D77/><U129/><E129/><V36/><F19/><W134/><G12/><T120/><D120/><U117/><E117/><V87/><F38/><W107/><G7/><T95/><D18/><U96/><E96/><N who="2" m="57399" /><F36/><W113/><G113/><T81/><D81/><U39/><E39/><V8/><F8/><W45/><G26/><T125/><D125/><U102/><E102/><V57/><F57/><W59/><G32/><T25/><D25/><U101/><E101/><V35/><F35/><W114/><G114/><T97/><D44/><U100/><E103/><V48/><AGARI ba="2,1" hai="13,16,22,48,54,56,80,83,84,85,87" m="57399" machi="48" ten="30,2000,0" yaku="8,1,54,1" doraHai="65" who="2" fromWho="2" sc="131,-7,376,-12,230,36,253,-7" /><INIT seed="2,0,0,5,5,49" ten="124,364,266,246" oya="2" hai0="67,93,26,76,133,80,20,119,104,54,103,125,6" hai1="58,70,27,96,135,65,130,97,105,91,88,29,64" hai2="13,31,94,32,129,55,102,40,127,9,7,82,115" hai3="128,75,41,44,23,25,51,112,37,57,24,33,107"/><V28/><F115/><W52/><G112/><T98/><D125/><U66/><E70/><V11/><F127/><W4/><G128/><T85/><D133/><U68/><E68/><V87/><F32/><W116/><G116/><T73/><D119/><U114/><E114/><V81/><F40/><W47/><G107/><T122/><D122/><U121/><E121/><V118/><F129/><W15/><G75/><T100/><D67/><U2/><E2/><V74/><F74/><W92/><G33/><T61/><D6/><U106/><E130/><V36/><F36/><W46/><G92/><T90/><D103/><U79/><E79/><V62/><F11/><N who="3" m="4583" /><G37/><T109/><D109/><U120/><E120/><V77/><F82/><W78/><G78/><T16/><D61/><U39/><E39/><V35/><F35/><W12/><G41/><T59/><D59/><U50/><E135/><V14/><F118/><W17/><AGARI ba="0,0" hai="12,17,23,24,25,44,46,47,51,52,57" m="4583" machi="17" ten="30,4000,0" yaku="8,1,52,1,54,1" doraHai="49" who="3" fromWho="3" sc="124,-10,364,-10,266,-20,246,40" /><INIT seed="3,0,0,3,5,131" ten="114,354,246,286" oya="3" hai0="42,17,45,27,64,133,20,34,9,19,73,101,84" hai1="29,91,59,110,75,6,108,4,89,93,12,74,65" hai2="112,55,50,51,70,106,80,21,15,39,125,117,97" hai3="85,98,130,24,72,71,33,10,11,92,47,118,113"/><W1/><G72/><N who="1" m="27690" /><E29/><V32/><F112/><W38/><G71/><T79/><D73/><U88/><E12/><V3/><F39/><W105/><G113/><T86/><D34/><U22/><E22/><V76/><F125/><W115/><G115/><T134/><D101/><U26/><E26/><V37/><F37/><W35/><G130/><T48/><D64/><U62/><E93/><V111/><F3/><W122/><G122/><T126/><D126/><U87/><E87/><V127/><F117/><W66/><G66/><T107/><D107/><U135/><E135/><V121/><F111/><AGARI ba="0,0" hai="4,6,59,62,65,88,89,91,108,110,111" m="27690" machi="111" ten="40,2600,0" yaku="14,1,54,1" doraHai="131" who="1" fromWho="2" sc="114,0,354,26,246,-26,286,0" owari="114,-38.6,380,48.0,220,-18.0,286,8.6" /></mjloggm>