<mjloggm ver="2.3"><GO type="225" lobby="0"/><UN n0="%E3%81%A1%E3%82%85%E3%81%86%E3%81%A9%E3%81%8F%E8%B1%A1%E3%81%95%E3%82%93" n1="%E6%A1%9C%E8%8A%B1%E9%96%83%E3%80%85" n2="%E3%83%A9%E3%83%BC%E3%83%A1%E3%83%B3%E4%BA%94%E9%83%8E" n3="%E3%83%AD%E3%83%83%E3%83%86%E9%9B%80%E7%90%83" dan="16,18,16,17" rate="2098.44,2277.51,2081.51,2270.86" sx="M,M,M,M"/><TAIKYOKU oya="0"/><INIT seed="0,0,0,0,1,125" ten="250,250,250,250" oya="0" hai0="124,22,27,11,76,117,10,57,41,58,50,20,48" hai1="49,93,102,54,81,90,78,59,12,66,86,111,92" hai2="46,70,104,39,80,24,135,116,38,29,65,127,113" hai3="94,72,91,87,106,25,132,52,130,101,13,3,63"/><T51/><D117/><U88/><E111/><V112/><F127/><W64/><G3/><T37/><D124/><U95/><E102/><V67/><F116/><W31/><G132/><T103/><D103/><U105/><E105/><V62/><F135/><W30/><G72/><T109/><D76/><U129/><E129/><V120/><F120/><W7/><G130/><T2/><D109/><U75/><E75/><V118/><F118/><W26/><G106/><T21/><D27/><N who="3" m="10249" /><G64/><T114/><D114/><N who="2" m="44138" /><F67/><W5/><G101/><T18/><D18/><U56/><REACH who="1" step="1"/><E12/><REACH who="1" ten="250,240,250,250" step="2"/><V74/><F104/><W69/><G13/><T6/><REACH who="0" step="1"/><D10/><REACH who="0" ten="240,240,250,250" step="2"/><U23/><E23/><V100/><F100/><W110/><G110/><T9/><D9/><U61/><AGARI ba="0,2" hai="49,54,56,59,61,66,78,81,86,88,90,92,93,95" machi="61" ten="30,7900,0" yaku="1,1,0,1,8,1,54,1,53,0" doraHai="125" doraHaiUra="14" who="1" fromWho="1" sc="240,-39,240,99,250,-20,250,-20" /><INIT seed="1,0,0,1,4,119" ten="201,339,230,230" oya="1" hai0="93,23,134,29,9,103,4,74,14,10,15,81,8" hai1="102,125,7,116,22,54,46,131,114,49,2,18,88" hai2="65,87,58,117,45,17,72,33,60,86,101,44,69" hai3="98,96,37,75,133,110,27,56,6,67,123,50,129"/><U105/><E116/><V30/><F117/><W16/><G37/><T28/><D134/><U39/><E114/><V62/><F72/><W100/><G75/><T130/><D130/><U90/><E131/><V20/><F101/><W79/><G123/><T48/><D48/><U71/><E71/><V25/><F44/><W89/><G110/><T108/><D108/><U19/><E125/><V36/><F45/><W122/><G122/><T3/><D74/><U53/><E39/><V21/><F33/><W111/><G133/><T118/><D81/><U0/><E54/><V42/><F42/><W40/><G6/><N who="0" m="1119" /><D93/><U35/><E35/><V34/><F34/><W26/><G79/><T13/><D103/><U76/><E19/><V5/><F5/><W59/><G111/><T99/><D99/><N who="3" m="37929" /><G89/><T43/><D43/><U66/><E66/><V85/><F36/><W55/><G100/><T91/><D91/><U68/><E68/><V128/><F128/><W109/><G109/><T47/><D47/><U113/><E113/><V32/><REACH who="2" step="1"/><F17/><REACH who="2" ten="201,339,220,230" step="2"/><W1/><G16/><N who="0" m="10639" /><D118/><U126/><E102/><V57/><F57/><W97/><G59/><T63/><D63/><U52/><E46/><V135/><F135/><W31/><G56/><T127/><D127/><U80/><E126/><V95/><F95/><W61/><G61/><T115/><D115/><U51/><E51/><V124/><F124/><W11/><G50/><T73/><D73/><U82/><E49/><V12/><F12/><W121/><G40/><T41/><D41/><U83/><E0/><V106/><F106/><W38/><G1/><RYUUKYOKU ba="0,1" sc="201,15,339,-15,220,15,230,-15" hai0="4,9,10,14,15,28,29" hai2="20,21,25,30,32,58,60,62,65,69,85,86,87" /><INIT seed="2,1,1,0,4,39" ten="216,324,235,215" oya="2" hai0="87,128,103,112,113,56,99,111,131,59,36,45,54" hai1="4,106,26,70,68,115,32,72,24,10,105,48,96" hai2="47,50,30,23,100,81,117,76,129,7,0,5,17" hai3="35,22,94,3,42,93,18,51,28,33,127,97,77"/><V120/><F117/><W13/><G3/><T90/><D111/><U66/><E115/><N who="0" m="44105" /><D36/><U107/><E72/><V19/><F120/><W57/><G127/><T29/><D29/><U104/><E48/><V86/><F129/><N who="0" m="49738" /><D45/><U43/><E43/><N who="2" m="24959" /><F100/><W12/><G77/><T21/><D21/><U55/><E55/><V38/><F0/><W89/><G28/><T78/><D78/><U61/><E70/><V46/><F46/><N who="3" m="26071" /><G35/><T37/><D37/><U67/><E67/><V64/><F64/><W9/><G33/><T134/><D134/><U8/><E8/><V58/><F58/><W123/><G123/><T114/><N who="0" m="44113" /><T92/><DORA hai="85" /><D54/><U108/><E108/><V53/><F53/><W1/><G1/><T109/><D109/><U75/><E32/><V62/><F62/><W14/><G57/><T60/><D60/><U71/><E71/><V121/><F38/><W80/><G22/><T79/><D79/><U126/><E68/><V95/><F121/><W133/><G133/><T83/><AGARI ba="1,1" hai="56,59,83,87,90,92,99,103" m="49738,44113" machi="83" ten="50,3200,0" yaku="19,1,52,1" doraHai="39,85" who="0" fromWho="0" sc="216,45,324,-9,235,-17,215,-9" /><INIT seed="3,0,0,1,1,40" ten="261,315,218,206" oya="3" hai0="101,117,14,4,58,107,1,61,111,59,119,67,105" hai1="131,34,53,55,36,81,110,6,10,63,94,44,23" hai2="89,47,115,70,21,113,124,54,129,100,104,127,95" hai3="98,87,96,3,135,13,83,42,92,43,75,116,79"/><W30/><G135/><T48/><D1/><U52/><E34/><V74/><F129/><W41/><G116/><T121/><D121/><U49/><E131/><V86/><F70/><W84/><G3/><T28/><D28/><U118/><E118/><V114/><F74/><W11/><G30/><T69/><D111/><U60/><E36/><V7/><F7/><W22/><G22/><T37/><D37/><U19/><E81/><V12/><F104/><W112/><G112/><T35/><D35/><U65/><E110/><V25/><F12/><W102/><REACH who="3" step="1"/><G98/><REACH who="3" ten="261,315,218,196" step="2"/><T76/><D117/><U125/><E23/><V9/><F9/><W120/><G120/><T85/><D119/><U27/><E10/><V68/><F113/><W0/><G0/><T71/><D4/><AGARI ba="0,1" hai="4,11,13,41,42,43,75,79,83,84,87,92,96,102" machi="4" ten="40,3900,0" yaku="1,1,53,1" doraHai="40" doraHaiUra="97" who="3" fromWho="0" sc="261,-39,315,0,218,0,196,49" /><INIT seed="3,1,0,3,2,17" ten="222,315,218,245" oya="3" hai0="50,82,10,131,107,132,16,39,27,108,89,44,68" hai1="5,113,38,65,106,80,1,67,88,21,37,73,90" hai2="47,98,4,122,59,56,100,133,40,94,15,84,74" hai3="118,96,48,93,119,115,43,34,123,105,66,116,135"/><W7/><G123/><T92/><D107/><U120/><E21/><V32/><F74/><W110/><G115/><T31/><D68/><U35/><E35/><V20/><F32/><W23/><G34/><T95/><D108/><U25/><E25/><V19/><F122/><W51/><G105/><T127/><D39/><U6/><E90/><V45/><F133/><W128/><G128/><T130/><D132/><U62/><E67/><V71/><F71/><W125/><G125/><T85/><D127/><U78/><E113/><V24/><F84/><W12/><G135/><T76/><D10/><U13/><E13/><V129/><F129/><N who="0" m="49162" /><D16/><U29/><E29/><N who="2" m="17543" /><F4/><W52/><G110/><T36/><D36/><U30/><E30/><V18/><F18/><N who="3" m="10695" /><G7/><T101/><D101/><U134/><E106/><V14/><F14/><W2/><G2/><T114/><D114/><U3/><E134/><V63/><F40/><W121/><G121/><T75/><D92/><U111/><E120/><V87/><F87/><W42/><G119/><T91/><D91/><U8/><E88/><V70/><F70/><W112/><G112/><T77/><D77/><U22/><E111/><V46/><F63/><W0/><G0/><T79/><D79/><U126/><E126/><V99/><F98/><W49/><G118/><T53/><D31/><U57/><E22/><AGARI ba="1,0" hai="15,19,22,45,46,47,56,59,94,99,100" m="17543" machi="22" ten="30,3900,0" yaku="8,1,52,2" doraHai="17" who="2" fromWho="1" sc="222,0,315,-42,218,42,245,0" /><INIT seed="4,0,0,3,1,74" ten="222,273,260,245" oya="0" hai0="102,107,59,80,16,6,98,29,127,103,51,91,49" hai1="56,95,8,134,10,11,106,58,88,13,2,14,77" hai2="101,111,68,125,23,55,27,69,70,34,46,65,52" hai3="50,28,84,86,38,116,117,92,82,39,100,87,48"/><T73/><D127/><U109/><E106/><V44/><F34/><W18/><G18/><T123/><D123/><U5/><E109/><V128/><F111/><W83/><G92/><T113/><D113/><U41/><E134/><V118/><F101/><W120/><G100/><T119/><D119/><U89/><E41/><V26/><F125/><W94/><G94/><T81/><D29/><U75/><E2/><V17/><F118/><W67/><G86/><T25/><D6/><U62/><E58/><V63/><F128/><W79/><G67/><T131/><D131/><U4/><E11/><V114/><F114/><W129/><G28/><T12/><D25/><U47/><E47/><V97/><F97/><W71/><G71/><T112/><D112/><U3/><E3/><V21/><F44/><W66/><G66/><T110/><D110/><U42/><E42/><V7/><F7/><W108/><G108/><T22/><D103/><U54/><E95/><V96/><F96/><W15/><G15/><T135/><D135/><U45/><E45/><V124/><F124/><W133/><G133/><T76/><REACH who="0" step="1"/><D59/><REACH who="0" ten="212,273,260,245" step="2"/><U35/><E35/><V130/><F130/><W122/><G129/><T105/><D105/><U9/><E9/><V24/><F24/><W104/><G104/><T33/><D33/><U0/><E0/><V53/><REACH who="2" step="1"/><F46/><REACH who="2" ten="212,273,250,245" step="2"/><W90/><G117/><T85/><AGARI ba="0,2" hai="12,16,22,49,51,73,76,80,81,85,91,98,102,107" machi="85" ten="30,11700,0" yaku="1,1,0,1,52,1,54,1,53,0" doraHai="74" doraHaiUra="126" who="0" fromWho="0" sc="212,137,273,-39,250,-39,245,-39" owari="349,44.9,234,3.4,211,-18.9,206,-29.4" /></mjloggm>