<mjloggm ver="2.3"><GO type="225" lobby="0"/><UN n0="%E5%80%89%E6%A9%8B%EF%BC%A0%E4%BA%8B%E5%8B%99" n1="%E5%A0%80%E5%B7%9D%E9%9B%B7%E9%BC%93" n2="%E3%81%86%E3%81%A9%E3%82%93%E3%81%93" n3="%E6%97%A5%E6%9B%9C%E6%97%A5%E3%82%88%E3%82%8A%E3%81%AE%E4%BD%BF%E8%80%85" dan="16,16,16,17" rate="2089.18,2084.78,2163.70,2158.24" sx="M,F,M,M"/><TAIKYOKU oya="0"/><INIT seed="0,0,0,3,5,40" ten="250,250,250,250" oya="0" hai0="63,49,127,133,97,123,125,98,11,116,30,53,7" hai1="28,17,10,88,126,95,58,89,15,50,14,115,87" hai2="32,31,135,60,47,84,5,107,13,92,43,119,23" hai3="104,134,121,18,112,9,76,35,108,0,83,3,27"/><T66/><D116/><U59/><E126/><N who="0" m="48137" /><D123/><U67/><E115/><V20/><F107/><W41/><G112/><T71/><D30/><U77/><E77/><V74/><F74/><W54/><G104/><T120/><D133/><U52/><E28/><V105/><F105/><W90/><G35/><T114/><D120/><U100/><E100/><V37/><F119/><W24/><G134/><T26/><D26/><U36/><E36/><V103/><F32/><W73/><G27/><T34/><D34/><U19/><E89/><V93/><F135/><W94/><G24/><T99/><D114/><U29/><E29/><V44/><F60/><W56/><G121/><T128/><D128/><U131/><E131/><V38/><F31/><W102/><G108/><T75/><D75/><U8/><E67/><V12/><F103/><W21/><G102/><T111/><D111/><U78/><E78/><V109/><F109/><W16/><G76/><T86/><D86/><U2/><E2/><V62/><F62/><W69/><G0/><N who="0" m="487" /><D98/><U129/><E129/><V132/><F132/><W79/><G73/><T124/><N who="0" m="48145" /><T6/><DORA hai="96" /><D6/><U39/><E39/><V68/><F84/><W72/><G72/><T51/><D51/><U4/><E4/><V110/><F110/><W80/><G3/><T55/><D55/><U113/><E113/><V45/><F38/><W85/><G54/><T122/><D122/><U22/><E59/><AGARI ba="0,0" hai="49,53,59,63,66,71,97,99" m="487,48145" machi="59" ten="40,2000,0" yaku="18,1" doraHai="40,96" who="0" fromWho="1" sc="250,20,250,-20,250,0,250,0" /><INIT seed="0,1,0,0,5,77" ten="270,230,250,250" oya="0" hai0="131,40,128,102,15,1,4,16,39,8,65,96,10" hai1="61,92,133,42,24,106,74,60,124,118,59,73,115" hai2="0,129,108,104,17,45,82,43,23,119,113,75,105" hai3="25,100,80,32,50,84,37,127,48,3,6,121,130"/><T34/><D34/><U111/><E106/><V83/><F113/><W56/><G37/><T36/><D65/><U29/><E118/><V90/><F119/><W31/><G127/><T99/><D40/><U41/><E124/><V76/><F108/><W67/><G130/><N who="0" m="49707" /><D96/><U109/><E133/><V55/><F0/><W71/><G71/><T54/><D54/><U123/><E123/><V101/><F129/><W132/><G132/><T97/><D97/><U11/><E11/><V79/><F90/><W103/><G121/><T93/><AGARI ba="1,0" hai="1,4,8,10,15,16,36,39,93,99,102" m="49707" machi="93" ten="30,3000,0" yaku="19,1,54,1" doraHai="77" who="0" fromWho="0" sc="270,33,230,-11,250,-11,250,-11" /><INIT seed="0,2,0,4,3,32" ten="303,219,239,239" oya="0" hai0="22,120,57,87,52,133,45,61,25,17,33,84,96" hai1="74,126,124,59,69,89,43,131,83,37,64,68,132" hai2="0,42,60,135,51,100,130,113,110,95,41,21,98" hai3="46,66,19,65,122,16,125,54,3,39,29,134,80"/><T119/><D119/><U62/><E74/><V91/><F113/><W108/><G29/><T13/><D120/><U31/><E31/><V111/><F0/><W112/><G112/><T79/><D133/><U73/><E73/><V123/><F123/><W10/><G122/><T12/><D33/><U5/><E5/><V23/><F135/><W72/><G134/><T106/><D45/><N who="1" m="23791" /><E132/><V40/><F130/><W28/><G28/><T118/><D118/><U101/><E101/><V92/><F51/><W94/><G94/><T102/><REACH who="0" step="1"/><D79/><REACH who="0" ten="293,219,239,239" step="2"/><U97/><E131/><V82/><F111/><W35/><G35/><T86/><AGARI ba="2,1" hai="12,13,17,22,25,52,57,61,84,86,87,96,102,106" machi="86" ten="30,11700,0" yaku="1,1,2,1,0,1,54,1,53,0" doraHai="32" doraHaiUra="127" who="0" fromWho="0" sc="293,133,219,-41,239,-41,239,-41" /><INIT seed="0,3,0,0,4,50" ten="426,178,198,198" oya="0" hai0="86,106,66,29,21,37,60,132,31,102,63,15,94" hai1="129,23,104,61,105,62,122,84,124,30,4,130,39" hai2="3,26,40,107,74,1,17,80,82,8,103,131,97" hai3="57,123,53,9,43,119,85,111,10,19,52,92,69"/><T81/><D106/><U100/><E122/><V28/><F131/><N who="1" m="50185" /><E39/><V7/><F1/><W90/><G119/><T12/><D37/><U121/><E121/><V95/><F17/><W117/><G117/><T125/><D132/><U115/><E124/><V87/><F40/><W32/><G32/><T49/><D125/><U16/><E30/><N who="0" m="11273" /><D49/><U59/><E115/><V55/><F55/><N who="3" m="21067" /><G69/><T2/><D21/><U91/><E4/><V98/><F87/><N who="3" m="52319" /><G123/><T13/><D2/><U110/><E110/><V27/><F27/><W35/><G35/><T42/><D42/><U46/><E46/><V58/><F58/><W65/><G111/><T68/><D68/><U24/><E100/><V34/><F74/><W73/><G73/><T54/><D102/><AGARI ba="3,0" hai="3,7,8,26,28,34,80,82,95,97,98,102,103,107" machi="102" ten="30,1000,0" yaku="7,1" doraHai="50" who="2" fromWho="0" sc="426,-19,178,0,198,19,198,0" /><INIT seed="1,0,0,0,1,9" ten="407,178,217,198" oya="1" hai0="116,113,28,77,18,73,56,51,3,0,62,42,76" hai1="81,25,120,66,45,129,90,119,85,126,102,6,121" hai2="112,95,24,135,125,27,14,48,107,7,127,49,20" hai3="122,57,124,103,8,74,19,80,21,87,54,55,96"/><U4/><E119/><V33/><F107/><W105/><G122/><T98/><D116/><U118/><E118/><V44/><F135/><W83/><G124/><N who="2" m="47689" /><F112/><W53/><G8/><T38/><D38/><U114/><E114/><V84/><F33/><W30/><G30/><T131/><D28/><U133/><E126/><V12/><F7/><W71/><G71/><T13/><D73/><U89/><E102/><V78/><F49/><W46/><G46/><T59/><D113/><U34/><E133/><V109/><F109/><W32/><G32/><T132/><D132/><U70/><E129/><V36/><F36/><W97/><G97/><T17/><D98/><U110/><E110/><V104/><F104/><W134/><G134/><T86/><D51/><U15/><E45/><V92/><F27/><W75/><G57/><T37/><D56/><U47/><E47/><V82/><F92/><W79/><REACH who="3" step="1"/><G80/><REACH who="3" ten="407,178,217,188" step="2"/><T94/><D131/><U100/><E121/><V128/><F128/><W61/><G61/><T91/><D62/><U65/><E120/><V31/><F95/><W108/><G108/><T41/><D94/><U16/><E70/><V67/><F67/><W93/><G93/><T88/><D0/><U117/><E117/><V115/><F115/><W10/><G10/><T123/><D3/><U60/><E60/><V69/><F69/><W106/><G106/><T29/><D123/><U26/><E34/><V23/><F23/><W63/><G63/><T68/><D68/><U64/><E100/><V99/><F99/><W5/><G5/><N who="1" m="2154" /><E90/><V11/><F11/><AGARI ba="0,1" hai="11,15,16,25,26,64,65,66,81,85,89" m="2154" machi="11" ten="30,5800,0" yaku="8,1,52,1,54,1" doraHai="9" who="1" fromWho="2" sc="407,0,178,68,217,-58,188,0" /><INIT seed="1,1,0,1,4,31" ten="407,246,159,188" oya="1" hai0="53,39,15,118,107,103,99,48,84,45,46,24,49" hai1="124,70,113,54,17,4,92,72,65,100,22,58,95" hai2="68,57,126,82,135,125,8,0,51,93,77,85,62" hai3="13,134,12,21,61,67,3,11,75,69,64,117,123"/><U59/><E113/><V28/><F28/><W35/><G123/><T109/><D118/><U101/><E72/><V119/><F119/><W78/><G117/><T76/><D109/><U7/><E70/><V44/><F68/><W83/><G134/><T41/><D24/><N who="1" m="14415" /><E124/><V34/><F135/><W26/><G67/><T60/><D60/><N who="1" m="38039" /><E95/><V56/><F34/><W25/><G25/><T47/><D15/><U32/><E32/><V94/><F8/><W105/><G105/><T23/><D23/><U63/><E92/><V80/><F0/><W132/><G132/><T1/><D1/><U102/><AGARI ba="1,0" hai="4,7,54,59,63,100,101,102" m="38039,14415" machi="102" ten="30,1500,0" yaku="8,1" doraHai="31" who="1" fromWho="1" sc="407,-6,246,18,159,-6,188,-6" /><INIT seed="1,2,0,4,0,60" ten="401,264,153,182" oya="1" hai0="4,1,13,6,39,87,51,92,45,114,53,16,76" hai1="80,68,132,94,134,58,99,72,35,67,5,62,128" hai2="7,97,133,42,74,125,8,79,122,93,23,44,25" hai3="77,28,31,10,106,115,116,75,34,49,29,113,135"/><U112/><E35/><V21/><F122/><W48/><G106/><T107/><D107/><U22/><E112/><V121/><F121/><W41/><G34/><T11/><D114/><U88/><E128/><V78/><F133/><N who="1" m="51305" /><E5/><V103/><F125/><W64/><G10/><T81/><D39/><U65/><E22/><V26/><F26/><W131/><G77/><T127/><D127/><U124/><E124/><V30/><F21/><W95/><G75/><T118/><D118/><U55/><E68/><V47/><F47/><W86/><G113/><T89/><REACH who="0" step="1"/><D1/><REACH who="0" ten="391,264,153,182" step="2"/><U130/><E130/><V73/><F73/><AGARI ba="2,1" hai="4,6,11,13,16,45,51,53,73,76,81,87,89,92" machi="73" ten="30,8000,1" yaku="1,1,2,1,7,1,54,1,53,1" doraHai="60" doraHaiUra="40" who="0" fromWho="2" sc="391,96,264,0,153,-86,182,0" /><INIT seed="2,0,0,1,5,46" ten="487,264,67,182" oya="2" hai0="84,86,49,34,44,121,28,12,4,25,50,10,58" hai1="132,120,55,92,128,83,60,7,127,135,57,59,113" hai2="20,94,13,42,22,29,23,37,93,48,78,2,43" hai3="100,33,130,41,39,63,85,0,5,125,72,65,38"/><V123/><F37/><W3/><G85/><T1/><D121/><U69/><E120/><V122/><F2/><W90/><G90/><T103/><D103/><U45/><E69/><V117/><F117/><W67/><G72/><T24/><D24/><U30/><E113/><V107/><F107/><W91/><G33/><T108/><D108/><U118/><E118/><V19/><F78/><W87/><G100/><T80/><D1/><U15/><E30/><V75/><F75/><W110/><G110/><T112/><D112/><U77/><E128/><V51/><F22/><W53/><G130/><T115/><D115/><U76/><E127/><V105/><F19/><W79/><G79/><T66/><D80/><U68/><E68/><V52/><F13/><W54/><G125/><T119/><D119/><U64/><E45/><V133/><F133/><N who="1" m="51273" /><E92/><V9/><F9/><W114/><G114/><T111/><D111/><U131/><E131/><V104/><REACH who="2" step="1"/><F52/><REACH who="2" ten="487,264,57,182" step="2"/><W129/><G53/><T18/><D18/><U106/><E106/><V73/><F73/><W8/><G3/><T81/><D10/><N who="1" m="4575" /><E77/><V116/><F116/><W98/><G129/><T32/><D32/><U35/><E35/><V6/><F6/><W102/><G39/><T14/><D4/><U95/><E55/><V56/><F56/><N who="3" m="35223" /><G38/><T109/><D58/><U101/><E57/><V36/><F36/><W61/><G0/><T71/><D34/><U40/><E40/><V96/><F96/><W134/><G41/><T97/><D97/><N who="1" m="59583" /><E76/><V62/><F62/><W21/><G61/><T99/><D99/><U89/><E60/><RYUUKYOKU ba="0,1" sc="487,-10,264,-10,57,30,182,-10" hai2="20,23,29,42,43,48,51,93,94,104,105,122,123" /><INIT seed="2,1,1,0,3,48" ten="477,254,87,172" oya="2" hai0="93,51,26,94,75,32,47,111,96,27,16,30,127" hai1="79,20,56,44,90,89,62,22,81,12,95,41,103" hai2="42,46,116,60,126,82,112,55,61,121,38,83,0" hai3="105,34,115,58,73,99,70,9,40,102,50,84,15"/><V128/><F116/><W72/><G70/><T39/><D39/><U66/><E103/><V104/><F121/><W106/><G34/><T14/><D75/><U107/><E107/><V65/><F112/><W109/><G106/><T69/><D69/><U119/><E119/><V91/><F0/><W35/><G35/><T23/><D111/><U37/><E12/><V130/><F104/><W86/><G109/><T13/><D127/><U117/><E117/><V36/><F126/><W77/><G115/><T1/><D1/><U59/><E59/><N who="2" m="34943" /><F36/><W85/><G77/><T28/><D96/><U78/><E78/><V53/><F91/><W31/><G31/><T21/><D13/><U64/><E64/><V113/><F113/><W122/><G122/><T68/><D68/><U6/><E6/><V57/><F57/><W97/><G72/><T43/><AGARI ba="1,1" hai="14,16,21,23,26,27,28,30,32,43,47,51,93,94" machi="43" ten="20,2700,0" yaku="0,1,7,1,54,1" doraHai="48" who="0" fromWho="0" sc="477,40,254,-8,87,-14,172,-8" /><INIT seed="3,0,0,5,4,47" ten="517,246,73,164" oya="3" hai0="45,25,88,12,69,115,67,8,23,120,22,11,15" hai1="60,80,123,96,21,79,94,122,39,92,107,9,59" hai2="85,68,78,77,18,13,84,66,61,2,29,52,5" hai3="117,17,126,81,102,129,114,16,103,113,24,33,35"/><W64/><G117/><T133/><D120/><U110/><E39/><V128/><F29/><W32/><G64/><T98/><D133/><U95/><E9/><N who="0" m="3657" /><D69/><U20/><E110/><V48/><F128/><W119/><G81/><T55/><D67/><U70/><E70/><V3/><F78/><W57/><G57/><T86/><D98/><U108/><E108/><V63/><F63/><W76/><G76/><T99/><D99/><U100/><E122/><V42/><F42/><W26/><G126/><T121/><D115/><U132/><E123/><V46/><F5/><W40/><G40/><T124/><D124/><U90/><E90/><V10/><REACH who="2" step="1"/><F77/><REACH who="2" ten="517,246,63,164" step="2"/><W0/><G129/><T6/><D121/><U1/><E132/><V127/><F127/><W105/><G114/><T87/><D6/><U62/><E1/><V28/><F28/><W58/><G0/><T43/><D55/><U30/><E62/><V101/><F101/><W37/><G103/><T111/><D111/><U71/><E71/><V75/><F75/><W91/><G102/><T135/><D86/><U53/><E30/><V93/><F93/><W19/><G113/><T109/><D109/><U65/><E65/><V118/><F118/><W51/><G119/><T73/><D73/><U130/><E130/><V97/><F97/><W106/><G19/><N who="0" m="12511" /><D23/><U116/><E116/><V36/><F36/><W112/><G17/><T7/><D7/><U54/><E54/><V104/><F104/><W14/><G16/><T38/><D135/><U41/><E41/><V82/><F82/><W72/><G112/><T49/><D38/><RYUUKYOKU ba="0,1" sc="517,10,246,10,63,10,164,-30" hai0="12,15,43,45,49,87,88" hai1="20,21,53,59,60,79,80,92,94,95,96,100,107" hai2="2,3,10,13,18,46,48,52,61,66,68,84,85" owari="537,63.7,256,5.6,73,-42.7,134,-26.6" /></mjloggm>