<mjloggm ver="2.3"><GO type="225" lobby="0"/><UN n0="%E6%A1%9C%E8%8A%B1%E9%96%83%E3%80%85" n1="%54%4F%52" n2="%4B%2E%32%2E%4B%2E" n3="%E7%AD%89%E3%80%85%E5%8A%9B%E5%8A%87%E5%A0%B4" dan="17,17,16,16" rate="2138.68,2235.65,2075.75,2130.14" sx="M,M,M,M"/><TAIKYOKU oya="0"/><INIT seed="0,0,0,0,3,30" ten="250,250,250,250" oya="0" hai0="132,12,89,57,120,129,32,81,43,106,133,64,61" hai1="52,122,9,68,73,18,2,102,121,80,107,116,7" hai2="58,113,46,21,119,63,124,45,75,82,130,29,49" hai3="71,112,76,99,8,103,98,10,27,40,11,117,42"/><T131/><D106/><U65/><E116/><V70/><F113/><W97/><G112/><T0/><D0/><U83/><E18/><V114/><F114/><W100/><G71/><T67/><D12/><U123/><E73/><V59/><F70/><W72/><G117/><T105/><D105/><U41/><E41/><N who="3" m="15978" /><G72/><T88/><D120/><U1/><E1/><V95/><F119/><W56/><G76/><T77/><D64/><U93/><E107/><V60/><F124/><W28/><G56/><T134/><D32/><U108/><E108/><V4/><F130/><N who="0" m="49674" /><D43/><U39/><E39/><V87/><F58/><W128/><G128/><T5/><D5/><U24/><E24/><N who="2" m="16527" /><F4/><W78/><G78/><T126/><D126/><U53/><E65/><V47/><F75/><AGARI ba="0,0" hai="57,61,67,75,77,81,88,89,132,133,134" m="49674" machi="75" ten="40,7700,0" yaku="20,1,19,1,54,1" doraHai="30" who="0" fromWho="2" sc="250,77,250,0,250,-77,250,0" /><INIT seed="0,1,0,2,3,18" ten="327,250,173,250" oya="0" hai0="85,69,41,20,87,104,49,3,76,68,89,38,132" hai1="8,19,100,59,58,98,74,65,29,110,88,36,86" hai2="26,57,1,127,134,17,4,115,103,16,43,45,91" hai3="133,51,53,129,75,117,84,123,99,90,44,120,125"/><T60/><D38/><U64/><E74/><V73/><F115/><W93/><G117/><T77/><D3/><U72/><E72/><V71/><F71/><W21/><G75/><T128/><D104/><U95/><E36/><V79/><F127/><W31/><G133/><T5/><D132/><U39/><E39/><V34/><F134/><W24/><G129/><T46/><D128/><U54/><E110/><V6/><F103/><W80/><REACH who="3" step="1"/><G125/><REACH who="3" ten="327,250,173,240" step="2"/><T25/><D69/><U101/><E101/><AGARI ba="1,1" hai="21,24,31,44,51,53,80,84,90,93,99,101,120,123" machi="101" ten="40,5200,0" yaku="1,1,2,1,52,1,53,0" doraHai="18" doraHaiUra="66" who="3" fromWho="1" sc="327,0,250,-55,173,0,240,65" /><INIT seed="1,0,0,0,1,102" ten="327,195,173,305" oya="1" hai0="27,14,24,46,72,95,20,15,28,121,22,36,99" hai1="130,77,3,131,114,33,119,92,123,64,106,52,90" hai2="32,66,53,13,48,79,40,117,112,105,84,81,49" hai3="135,0,17,96,11,43,76,115,129,128,116,120,94"/><U68/><E114/><V34/><F117/><W73/><G120/><T31/><D72/><U8/><E119/><V50/><F112/><W1/><G115/><T125/><D125/><U10/><E123/><V47/><F66/><W87/><G116/><T134/><D121/><U19/><E33/><V18/><F105/><W97/><G73/><T133/><D46/><U55/><E77/><V71/><F71/><W26/><G43/><T51/><D51/><U78/><E78/><V122/><F122/><W69/><G69/><T109/><D109/><U82/><E82/><V57/><REACH who="2" step="1"/><F50/><REACH who="2" ten="327,195,163,305" step="2"/><W38/><G38/><T86/><D36/><U16/><E106/><V67/><F67/><W132/><G132/><N who="0" m="50795" /><D86/><U124/><E124/><V85/><F85/><W104/><G87/><T100/><AGARI ba="0,1" hai="14,15,20,22,24,27,28,31,95,99,100" m="50795" machi="100" ten="30,1100,0" yaku="20,1" doraHai="102" who="0" fromWho="0" sc="327,21,195,-5,163,-3,305,-3" /><INIT seed="2,0,0,1,4,126" ten="348,190,160,302" oya="2" hai0="25,67,83,77,78,52,112,61,24,68,91,97,116" hai1="84,10,7,115,44,100,57,80,35,135,129,92,127" hai2="46,18,20,59,110,32,106,40,27,104,99,29,2" hai3="111,30,9,133,12,122,130,132,89,69,128,95,15"/><V51/><F110/><W13/><G69/><T0/><D112/><U107/><E115/><V50/><F2/><W90/><G122/><T124/><D124/><U103/><E35/><V22/><F32/><W31/><G111/><T16/><D0/><U131/><E127/><V118/><F118/><W101/><G101/><T70/><D70/><U86/><E135/><N who="3" m="51786" /><G9/><T42/><D42/><U62/><E107/><V14/><REACH who="2" step="1"/><F99/><REACH who="2" ten="348,190,150,302" step="2"/><N who="3" m="57839" /><G90/><T123/><D91/><N who="1" m="53351" /><E100/><V125/><F125/><W105/><G105/><T88/><D88/><U119/><E103/><V109/><F109/><W28/><AGARI ba="0,1" hai="12,13,15,28,30,31,128,130" m="57839,51786" machi="28" ten="40,5200,0" yaku="20,1,52,2" doraHai="126" who="3" fromWho="3" sc="348,-13,190,-13,150,-26,302,62" /><INIT seed="3,0,0,1,2,13" ten="335,177,124,364" oya="3" hai0="109,131,81,41,22,76,128,38,15,112,79,69,39" hai1="114,62,10,55,33,85,46,72,28,107,51,88,130" hai2="36,118,47,34,24,127,117,30,89,104,97,44,14" hai3="91,32,59,1,119,132,49,101,64,96,3,29,77"/><W45/><G119/><T75/><D69/><U11/><E72/><V61/><F127/><W100/><G132/><T50/><D109/><U103/><E114/><V37/><F37/><W99/><G91/><T78/><D112/><U60/><E130/><N who="0" m="49705" /><D75/><U54/><E33/><V120/><F120/><W8/><G77/><N who="0" m="19715" /><T108/><DORA hai="115" /><D81/><U74/><E74/><V43/><F47/><W4/><G1/><T95/><D95/><U98/><E28/><V6/><F61/><W125/><G125/><T58/><D108/><U73/><E73/><V83/><F104/><W31/><G100/><T63/><D50/><U40/><E62/><V122/><F122/><W66/><G99/><T134/><D41/><U18/><E60/><V129/><F129/><W126/><G126/><T2/><D2/><U21/><E54/><V53/><F53/><W86/><G86/><T111/><D134/><U135/><E40/><V9/><REACH who="2" step="1"/><F97/><REACH who="2" ten="335,177,114,364" step="2"/><W48/><G96/><T90/><D111/><U17/><E135/><V16/><F16/><W113/><G113/><T52/><D90/><U65/><E18/><AGARI ba="0,1" hai="15,18,22,38,39,52,58,63" m="19715,49705" machi="18" ten="40,5200,0" yaku="19,1,52,1,54,1" doraHai="13,115" who="0" fromWho="1" sc="335,62,177,-52,114,0,364,0" owari="397,49.7,125,-27.5,114,-38.6,364,16.4" /></mjloggm>