<mjloggm ver="2.3"><GO type="225" lobby="0"/><UN n0="%30%2E%31%32%30" n1="%E7%8D%A3%E8%87%AD%E3%81%84%E8%82%89%E7%90%83" n2="%E3%81%99%E3%81%84%E3%81%BE%E3%81%9B%E3%83%BC%E3%82%93" n3="%E6%B8%A9%E2%98%85%E6%83%85%E2%98%85%E6%8E%AA%E2%98%85%E7%BD%AE" dan="16,16,18,17" rate="2149.18,2115.49,2184.10,2135.90" sx="M,M,M,M"/><TAIKYOKU oya="0"/><INIT seed="0,0,0,2,3,93" ten="250,250,250,250" oya="0" hai0="8,96,34,44,69,117,53,103,77,133,105,59,128" hai1="20,41,85,78,62,111,68,102,101,55,28,43,89" hai2="7,14,6,81,76,11,124,70,71,51,87,116,112" hai3="83,95,88,104,0,26,12,4,63,30,56,37,74"/><T27/><D117/><U23/><E78/><V35/><F112/><W122/><G37/><T13/><D69/><U99/><E111/><V29/><F116/><W72/><G104/><T36/><D77/><U3/><E3/><V21/><F124/><W2/><G122/><T15/><D133/><U135/><E135/><V86/><F6/><W57/><G57/><T91/><D128/><U129/><E129/><V33/><F87/><W121/><G121/><T66/><D91/><U60/><E68/><V97/><F71/><W98/><G12/><T73/><D73/><U17/><E28/><V118/><F118/><W125/><G125/><T79/><D79/><U131/><E131/><V38/><F38/><W84/><G4/><T49/><D8/><U109/><E109/><V64/><F64/><W115/><G115/><T45/><D45/><U50/><E20/><V25/><F70/><W16/><G16/><T92/><D105/><U134/><E134/><V75/><F75/><W39/><G39/><T40/><REACH who="0" step="1"/><D66/><REACH who="0" ten="240,250,250,250" step="2"/><U106/><E106/><V114/><F114/><W5/><G74/><T119/><D119/><U80/><E89/><V90/><F90/><W120/><G72/><T19/><D19/><U42/><E17/><V46/><REACH who="2" step="1"/><F97/><REACH who="2" ten="240,250,240,250" step="2"/><W107/><G120/><T113/><D113/><U132/><E99/><V58/><F58/><W1/><G5/><T61/><D61/><U22/><E132/><V32/><F32/><N who="3" m="20567" /><G56/><T31/><AGARI ba="0,2" hai="13,15,27,31,34,36,40,44,49,53,59,92,96,103" machi="31" ten="30,12000,1" yaku="1,1,0,1,52,1,53,2" doraHai="93" doraHaiUra="10" who="0" fromWho="0" sc="240,140,250,-40,240,-40,250,-40" /><INIT seed="0,1,0,1,3,17" ten="380,210,200,210" oya="0" hai0="76,95,0,89,46,85,68,12,65,112,91,20,123" hai1="90,66,77,114,101,130,121,98,111,133,116,117,3" hai2="21,23,35,19,84,24,118,125,63,109,60,42,94" hai3="97,119,4,45,9,82,128,15,88,127,134,108,48"/><T110/><D0/><U36/><E36/><V135/><F109/><W13/><G119/><T86/><D123/><U55/><E3/><V105/><F105/><W78/><G108/><T5/><D110/><U73/><E111/><V7/><F118/><W100/><G134/><T122/><D122/><U54/><E121/><V75/><F75/><W41/><G128/><T11/><D112/><U51/><E130/><V6/><F35/><W32/><G32/><T79/><D65/><U38/><E38/><V93/><F125/><W103/><G127/><T120/><D68/><U132/><E114/><V70/><F42/><W56/><G15/><T1/><D46/><U44/><E90/><N who="2" m="53447" /><F70/><W47/><G47/><T104/><D104/><N who="1" m="63543" /><E66/><V22/><F94/><N who="3" m="56519" /><G56/><T102/><D120/><U2/><E2/><V71/><F71/><W50/><G50/><T31/><D1/><U96/><E73/><V67/><F135/><N who="1" m="51785" /><E77/><V8/><F67/><W30/><G30/><T61/><D61/><N who="2" m="23626" /><F24/><W106/><G106/><T25/><D102/><U26/><E26/><V113/><F113/><W115/><G115/><T99/><D99/><U57/><E96/><V69/><F69/><W124/><G124/><T29/><D29/><U129/><E129/><V43/><F43/><W92/><G92/><AGARI ba="1,0" hai="5,11,12,20,25,31,76,79,85,86,89,91,92,95" machi="92" ten="30,11600,0" yaku="7,1,9,1,8,1,52,1" doraHai="17" who="0" fromWho="3" sc="380,119,210,0,200,0,210,-119" /><INIT seed="0,2,0,0,0,26" ten="499,210,200,91" oya="0" hai0="54,76,6,1,60,67,21,104,115,19,90,72,13" hai1="17,121,15,22,108,20,85,30,27,52,11,33,113" hai2="34,10,3,132,81,130,37,58,80,111,92,44,77" hai3="63,12,133,18,41,36,95,128,88,117,125,131,61"/><T94/><D104/><U127/><E121/><V25/><F130/><N who="3" m="49707" /><G117/><T82/><D115/><U65/><E113/><V47/><F132/><W7/><G7/><T100/><D100/><U68/><E108/><V74/><F111/><W42/><G133/><T89/><D54/><U40/><E127/><V124/><F124/><W109/><G125/><T8/><REACH who="0" step="1"/><D94/><REACH who="0" ten="489,210,200,91" step="2"/><U102/><E102/><V120/><F92/><W56/><G109/><T126/><D126/><U23/><E40/><V38/><F120/><W73/><G42/><T71/><AGARI ba="2,1" hai="1,6,8,13,19,21,60,67,71,72,76,82,89,90" machi="71" ten="20,3900,0" yaku="1,1,0,1,7,1,53,0" doraHai="26" doraHaiUra="55" who="0" fromWho="0" sc="489,55,210,-15,200,-15,91,-15" /><INIT seed="0,3,0,5,5,8" ten="544,195,185,76" oya="0" hai0="61,42,55,32,25,62,54,103,59,49,21,52,39" hai1="106,132,23,123,76,131,50,94,99,95,81,36,93" hai2="18,100,46,71,85,30,22,101,2,0,5,48,31" hai3="108,19,109,79,125,28,12,72,29,126,77,17,135"/><T15/><D32/><U73/><E36/><V96/><F71/><W9/><G72/><T124/><D124/><N who="3" m="47721" /><G79/><T113/><D113/><U122/><E50/><V53/><F5/><N who="3" m="3119" /><G77/><T87/><D103/><N who="2" m="39498" /><F0/><W86/><G86/><T10/><D39/><U130/><E23/><V33/><F33/><W90/><G90/><T63/><D87/><U60/><E60/><N who="0" m="15361" /><T6/><DORA hai="121" /><D42/><U89/><E132/><V105/><F2/><W119/><G119/><T80/><D80/><U41/><E41/><V51/><F96/><W98/><G98/><T68/><D68/><U82/><E106/><V112/><F105/><W92/><G92/><N who="1" m="35434" /><E82/><V111/><F112/><W110/><G135/><T3/><D3/><U40/><E40/><N who="2" m="24647" /><F85/><W78/><G78/><T116/><D116/><U115/><E115/><V128/><F128/><AGARI ba="3,0" hai="73,76,81,89,95,99,122,123,128,130,131" m="35434" machi="128" ten="30,3900,0" yaku="19,1,34,2" doraHai="8,121" who="1" fromWho="2" sc="544,0,195,48,185,-48,76,0" /><INIT seed="1,0,0,5,0,34" ten="544,243,137,76" oya="1" hai0="78,24,118,26,102,133,96,41,33,17,31,30,10" hai1="73,71,114,40,16,47,110,98,28,37,116,45,36" hai2="132,67,72,54,44,130,29,131,19,117,103,104,88" hai3="69,55,85,80,112,93,79,59,35,53,106,119,52"/><U109/><E116/><V87/><F117/><W127/><G112/><T64/><D118/><U63/><E114/><V18/><F132/><W0/><G119/><T70/><D133/><U76/><E28/><V6/><F72/><W14/><G106/><T15/><D41/><N who="1" m="22695" /><E98/><N who="2" m="61559" /><F67/><W25/><G69/><T66/><D70/><U89/><E89/><V50/><F6/><W77/><G127/><T42/><D42/><U101/><E101/><V3/><F29/><W39/><G39/><T8/><D8/><U46/><E16/><V82/><F3/><W74/><G0/><T123/><D123/><U84/><E84/><V57/><F44/><W100/><G25/><T75/><D75/><U49/><E76/><V23/><F23/><W20/><G35/><T92/><REACH who="0" step="1"/><D78/><REACH who="0" ten="534,243,137,76" step="2"/><U9/><E9/><V90/><F90/><W56/><G79/><T2/><D2/><U99/><E73/><V5/><F5/><W115/><G115/><T1/><D1/><U27/><E27/><V128/><AGARI ba="0,1" hai="18,19,50,54,57,82,87,88,128,130,131" m="61559" machi="128" ten="30,2000,0" yaku="19,1,54,1" doraHai="34" who="2" fromWho="2" sc="534,-5,243,-10,137,30,76,-5" /><INIT seed="2,0,0,4,5,108" ten="529,233,167,71" oya="2" hai0="72,22,115,54,132,117,38,79,130,70,29,84,63" hai1="123,121,86,30,114,4,112,15,66,47,25,61,88" hai2="77,11,74,113,75,83,111,76,56,51,97,19,87" hai3="80,58,40,35,105,65,36,49,106,42,9,73,90"/><V52/><F113/><W94/><G35/><T45/><D72/><U85/><E47/><V34/><F34/><W122/><G122/><N who="1" m="46602" /><E4/><V101/><F111/><W59/><G36/><T14/><D79/><U31/><E15/><V7/><F19/><W116/><G116/><T125/><D84/><N who="1" m="32363" /><E88/><V68/><F68/><W24/><G24/><T12/><D63/><U96/><E96/><V118/><F77/><W127/><G127/><T120/><D29/><N who="1" m="10763" /><E25/><V37/><F37/><W110/><G110/><T103/><D45/><U67/><E61/><V16/><F118/><W134/><G90/><T64/><D117/><U50/><E50/><V99/><F99/><W93/><G49/><T2/><D125/><U28/><N who="1" m="10771" /><U100/><DORA hai="23" /><E100/><V104/><REACH who="2" step="1"/><F16/><REACH who="2" ten="529,233,157,71" step="2"/><W81/><G9/><T98/><D38/><U82/><E82/><V78/><F78/><W133/><REACH who="3" step="1"/><G73/><REACH who="3" ten="529,233,157,61" step="2"/><T71/><D120/><U109/><E109/><V13/><AGARI ba="0,2" hai="7,11,13,51,52,56,74,75,76,83,87,97,101,104" machi="13" ten="20,18000,2" yaku="1,1,0,1,7,1,54,1,53,2" doraHai="108,23" doraHaiUra="44,102" who="2" fromWho="2" sc="529,-60,233,-60,157,200,61,-60" /><INIT seed="2,1,0,3,1,119" ten="469,173,357,1" oya="2" hai0="53,20,101,60,44,96,57,69,27,23,62,132,114" hai1="126,47,106,45,95,83,37,11,2,105,129,65,110" hai2="36,131,93,10,102,43,79,81,51,128,122,135,52" hai3="111,72,40,66,89,84,50,86,38,109,54,13,30"/><V29/><F135/><W124/><G72/><T130/><D114/><U103/><E110/><N who="3" m="41994" /><G124/><T5/><D132/><U117/><E117/><V63/><F29/><W75/><G75/><T32/><D130/><N who="2" m="49706" /><F63/><W0/><G0/><T82/><D44/><U108/><E108/><V19/><F43/><W25/><G66/><N who="0" m="41175" /><D82/><U26/><E129/><V33/><F33/><N who="3" m="20687" /><G13/><T6/><D23/><U68/><E126/><V127/><F36/><W118/><G118/><T8/><D20/><U125/><E125/><V16/><F127/><W94/><G38/><T1/><D1/><U7/><E37/><V115/><F115/><W34/><G34/><T120/><D60/><U58/><E2/><V64/><F64/><W35/><G35/><T61/><D32/><U3/><E65/><V59/><F10/><W67/><G67/><T113/><D8/><U56/><E11/><V55/><F55/><W9/><G9/><T70/><D53/><U87/><E3/><V116/><F116/><W97/><G40/><T31/><D61/><U123/><E26/><V74/><F122/><W14/><G14/><T76/><D120/><U133/><E133/><V71/><F71/><W112/><G112/><T80/><D31/><U21/><E123/><V18/><F18/><W12/><G12/><T46/><D70/><U22/><E68/><V91/><F102/><W24/><G24/><T98/><D113/><U77/><E103/><V73/><F74/><W134/><G134/><T48/><D101/><U39/><E39/><V4/><F4/><W92/><G92/><T121/><D6/><U42/><E95/><RYUUKYOKU ba="1,0" sc="469,-15,173,-15,357,15,1,15" hai2="16,19,51,52,59,73,79,81,91,93" hai3="50,54,84,86,89,94,97" /><INIT seed="2,2,0,5,0,54" ten="454,158,372,16" oya="2" hai0="94,16,128,0,17,48,89,64,46,4,109,28,84" hai1="126,85,37,114,108,107,82,6,98,49,127,38,104" hai2="45,124,99,103,20,78,11,29,81,14,68,133,106" hai3="66,113,117,36,25,110,80,100,44,34,131,12,72"/><V60/><F124/><N who="1" m="47657" /><E114/><V97/><F133/><W118/><G100/><T52/><D16/><U67/><E108/><V93/><F45/><W27/><G110/><T13/><D52/><U10/><E49/><V63/><F68/><W15/><G66/><T9/><D89/><N who="1" m="51383" /><E67/><V75/><F20/><W62/><G62/><T116/><D9/><U51/><E51/><V41/><F29/><W102/><G102/><T71/><D28/><U43/><E98/><V24/><F24/><W122/><G122/><T101/><D94/><U90/><E90/><V1/><F41/><W83/><G34/><T5/><D109/><U111/><E111/><V19/><REACH who="2" step="1"/><F1/><REACH who="2" ten="454,158,362,16" step="2"/><W91/><G44/><T96/><D0/><N who="1" m="327" /><E38/><V39/><F39/><W18/><G117/><T134/><D46/><AGARI ba="2,1" hai="37,43,46,104,107" m="327,51383,47657" machi="46" ten="30,1000,0" yaku="18,1" doraHai="54" who="1" fromWho="0" sc="454,-16,158,26,362,0,16,0" /><INIT seed="3,0,0,5,5,66" ten="438,184,362,16" oya="3" hai0="53,84,47,112,94,106,130,45,23,78,110,74,98" hai1="90,24,132,119,125,87,127,29,116,4,86,30,113" hai2="18,104,133,111,96,124,103,31,93,38,70,61,46" hai3="135,109,12,67,60,55,92,44,49,21,35,62,33"/><W10/><G135/><T77/><D106/><U19/><E113/><V79/><F133/><W128/><G128/><T22/><D74/><U6/><E132/><V14/><F111/><W129/><G129/><T122/><D130/><U41/><E41/><V39/><F124/><N who="1" m="47689" /><E19/><V91/><F31/><N who="1" m="11785" /><E24/><V56/><F79/><W28/><G109/><T50/><D77/><U17/><E17/><V59/><F46/><W51/><G92/><T42/><D94/><N who="1" m="54615" /><E87/><V76/><F76/><W1/><G1/><T5/><D84/><U9/><E6/><V120/><F120/><W81/><G81/><T40/><D110/><U48/><E48/><V85/><F56/><W65/><G51/><T97/><D50/><U71/><E71/><V2/><F2/><AGARI ba="0,0" hai="2,4,9,116,119" m="54615,11785,47689" machi="2" ten="30,1000,0" yaku="18,1" doraHai="66" who="1" fromWho="2" sc="438,0,184,10,362,-10,16,0" owari="438,53.8,194,-20.6,352,15.2,16,-48.4" /></mjloggm>