<mjloggm ver="2.3"><GO type="225" lobby="0"/><UN n0="%E9%B3%B3%E6%9D%B1%E3%81%AE%E3%81%86%E3%81%95%E3%81%8E%E3%81%95%E3%82%93" n1="%E3%81%8F%E3%81%BE%E3%81%96%E3%82%8F" n2="%E6%A1%9C%E8%8A%B1%E9%96%83%E3%80%85" n3="%E5%80%89%E6%A9%8B%EF%BC%A0%E4%BA%8B%E5%8B%99" dan="16,16,17,16" rate="2155.38,2057.12,2263.60,2108.50" sx="M,M,M,M"/><TAIKYOKU oya="0"/><INIT seed="0,0,0,5,5,115" ten="250,250,250,250" oya="0" hai0="8,96,23,11,3,46,49,90,85,78,16,18,50" hai1="63,37,68,101,33,20,38,14,97,62,93,60,64" hai2="6,25,89,30,32,48,83,54,130,40,80,13,53" hai3="94,21,103,43,129,29,36,7,59,10,12,121,69"/><T88/><D3/><U127/><E33/><V107/><F107/><W113/><G69/><T66/><D66/><U74/><E74/><V75/><F130/><W67/><G113/><T31/><D78/><U51/><E127/><V22/><F75/><W114/><G114/><T79/><D79/><U125/><E125/><V15/><F32/><W108/><G108/><T91/><D85/><U95/><E51/><N who="0" m="19465" /><D46/><U72/><E72/><V105/><F105/><W28/><G129/><T122/><D122/><U73/><E73/><V104/><F104/><W131/><G131/><T61/><D96/><U1/><E1/><V17/><F6/><W87/><G121/><T132/><D132/><U58/><E63/><V35/><F40/><W124/><G43/><T118/><D118/><U82/><E82/><V110/><F54/><W19/><G36/><T86/><D86/><U100/><E95/><V41/><F41/><W76/><G124/><T39/><D39/><U133/><E133/><V126/><F110/><W0/><G76/><T71/><D71/><U4/><E38/><V77/><F77/><W42/><G42/><T55/><D31/><U65/><E37/><V52/><F53/><W44/><G44/><T120/><D120/><U70/><E58/><V116/><F116/><W84/><G28/><T99/><D99/><U45/><E45/><N who="2" m="27663" /><F126/><W109/><G109/><T47/><D47/><U98/><E98/><V24/><F83/><W135/><G135/><T34/><D34/><U106/><E106/><V119/><F119/><W56/><G0/><T27/><D18/><N who="1" m="10327" /><E4/><V123/><F123/><RYUUKYOKU ba="0,0" sc="250,10,250,10,250,10,250,-30" hai0="8,11,16,23,27,55,61,88,90,91" hai1="60,62,64,65,68,70,93,97,100,101" hai2="13,15,17,22,24,25,30,35,80,89" /><INIT seed="0,1,0,1,2,102" ten="260,260,260,220" oya="0" hai0="131,3,63,44,5,47,66,83,133,20,43,123,100" hai1="69,115,10,32,72,14,73,95,118,107,34,71,42" hai2="86,61,91,106,126,99,124,109,75,117,49,1,40" hai3="4,92,27,0,17,8,35,129,2,111,9,67,112"/><T25/><D123/><U97/><E118/><V81/><F1/><W18/><G112/><T29/><D131/><U30/><E42/><V60/><F109/><W74/><G74/><T121/><D121/><U39/><E39/><V21/><F75/><W122/><G122/><T38/><D133/><U55/><E115/><V62/><F117/><W31/><G67/><T15/><D3/><U94/><E55/><V114/><F114/><W101/><G111/><T54/><D100/><U104/><E14/><V125/><F21/><W79/><G79/><T116/><D116/><U80/><E10/><V110/><F110/><W24/><G129/><T134/><D134/><U68/><E30/><V22/><F22/><N who="3" m="13391" /><G92/><T105/><D105/><U65/><E71/><V28/><F28/><W57/><G57/><T19/><D83/><U26/><E26/><V51/><F40/><W48/><G48/><T11/><D54/><U119/><E119/><V89/><F89/><W52/><G52/><T70/><REACH who="0" step="1"/><D44/><REACH who="0" ten="250,260,260,220" step="2"/><U84/><E80/><V90/><F106/><W23/><G101/><T36/><D36/><U103/><E103/><V128/><F128/><W56/><G56/><T132/><D132/><U87/><E65/><V127/><F127/><W108/><G108/><T7/><AGARI ba="1,1" hai="5,7,11,15,19,20,25,29,38,43,47,63,66,70" machi="7" ten="30,3000,0" yaku="1,1,0,1,53,0" doraHai="102" doraHaiUra="98" who="0" fromWho="0" sc="250,43,260,-11,260,-11,220,-11" /><INIT seed="0,2,0,5,1,64" ten="293,249,249,209" oya="0" hai0="13,70,134,118,63,2,123,111,34,21,33,5,124" hai1="58,35,107,45,101,94,97,39,128,80,24,26,103" hai2="129,61,108,131,49,105,125,69,73,85,4,91,102" hai3="99,23,119,78,86,135,38,47,29,92,96,68,83"/><T90/><D118/><U15/><E128/><N who="2" m="49227" /><F73/><W104/><G119/><T51/><D123/><U114/><E114/><V31/><F108/><W60/><G135/><T62/><D134/><U112/><E112/><V50/><F125/><W115/><G115/><T120/><D120/><U71/><E101/><V20/><F4/><W74/><G104/><T65/><D124/><U14/><E80/><N who="2" m="49575" /><F31/><W133/><G133/><T55/><D111/><U59/><E94/><V10/><F20/><W17/><G29/><T30/><D63/><U42/><E15/><V72/><F10/><W36/><G74/><T53/><D90/><U52/><E14/><V121/><F72/><W19/><G47/><T6/><D6/><U110/><E110/><V43/><F43/><W98/><G92/><T117/><D117/><U75/><E75/><V93/><F93/><W40/><G40/><T132/><D132/><U32/><E32/><V87/><F87/><W84/><G86/><T100/><D33/><U0/><E35/><V41/><F41/><W7/><G7/><T25/><D100/><U126/><E126/><V81/><F81/><W67/><REACH who="3" step="1"/><G17/><REACH who="3" ten="293,249,249,199" step="2"/><T127/><D127/><U77/><E42/><V66/><F121/><W122/><G122/><T88/><D5/><U130/><E130/><V76/><F76/><W54/><G54/><T48/><D55/><U113/><E77/><V3/><F3/><W37/><G37/><T16/><D2/><U79/><E0/><V9/><F9/><W95/><G95/><T8/><D53/><U106/><E52/><V116/><F116/><W56/><G56/><RYUUKYOKU ba="2,1" sc="293,-15,249,-15,249,15,199,15" hai2="49,50,61,66,69,102,105" hai3="19,23,36,38,60,67,68,78,83,84,96,98,99" /><INIT seed="1,3,1,5,0,9" ten="278,234,264,214" oya="1" hai0="134,52,73,80,78,95,58,24,31,112,76,22,88" hai1="29,105,89,45,126,59,63,27,96,75,109,94,72" hai2="46,83,4,110,25,103,21,93,98,90,129,114,54" hai3="3,71,66,82,64,131,132,120,111,2,10,16,135"/><U81/><E126/><V124/><F110/><W55/><G120/><T107/><D134/><N who="3" m="51241" /><G111/><T15/><D107/><U116/><E116/><V23/><F124/><W41/><G41/><T57/><D112/><U36/><E109/><V99/><F129/><W19/><G131/><T102/><D76/><U121/><E121/><V53/><F114/><W115/><G115/><T12/><D102/><U125/><E125/><V86/><F4/><N who="3" m="1303" /><G3/><T50/><D58/><U49/><E105/><V13/><F46/><W47/><G82/><T1/><D1/><U118/><E36/><V91/><F13/><W30/><G30/><T51/><D51/><U20/><E81/><V97/><F21/><W87/><G87/><AGARI ba="3,1" hai="12,15,22,24,31,50,52,57,73,78,80,87,88,95" machi="87" ten="30,8000,1" yaku="7,1,52,2,54,2" doraHai="9" who="0" fromWho="3" sc="278,99,234,0,264,0,214,-89" /><INIT seed="2,0,0,0,4,11" ten="377,234,264,125" oya="2" hai0="127,64,107,41,59,28,57,27,63,60,103,105,77" hai1="86,17,95,49,88,123,47,87,96,112,80,31,99" hai2="102,15,45,2,130,75,111,84,85,24,40,104,53" hai3="124,46,35,44,56,18,23,126,16,91,30,72,117"/><V13/><F2/><W81/><G117/><T67/><D127/><N who="3" m="48681" /><G56/><T12/><D103/><U120/><E112/><V70/><F70/><W125/><N who="3" m="48689" /><W62/><DORA hai="22" /><G62/><T119/><D119/><U26/><E17/><N who="3" m="6762" /><G35/><T4/><D77/><N who="1" m="46351" /><E123/><V8/><F75/><W69/><G69/><T37/><D41/><N who="1" m="24815" /><E120/><V58/><F40/><W19/><G30/><T7/><D37/><U43/><E43/><V51/><F58/><W14/><G91/><T121/><D121/><U3/><E3/><V0/><F0/><W122/><G122/><T118/><D118/><U9/><E9/><V36/><F8/><W66/><G66/><T135/><D67/><U42/><E42/><V98/><F53/><W6/><G6/><T33/><D4/><U82/><E31/><V109/><F45/><W115/><G115/><T133/><D7/><U100/><E100/><V48/><F102/><W73/><G73/><T131/><D28/><U1/><E1/><V21/><F51/><W34/><G34/><T106/><D33/><U90/><E26/><V92/><F24/><W79/><AGARI ba="0,0" hai="14,19,23,44,46,72,79,81" m="6762,48689" machi="79" ten="50,6400,0" yaku="18,1,52,1,54,1" doraHai="11,22" who="3" fromWho="3" sc="377,-16,234,-16,264,-32,125,64" /><INIT seed="3,0,0,2,1,101" ten="361,218,232,189" oya="3" hai0="56,84,55,111,50,26,1,30,38,85,135,87,91" hai1="109,107,99,24,131,96,31,98,127,103,5,14,122" hai2="27,130,112,9,32,52,92,12,95,25,64,7,36" hai3="119,134,105,106,10,121,47,67,123,70,104,6,81"/><W44/><G119/><T23/><D111/><U8/><E122/><N who="3" m="46602" /><G44/><T57/><D135/><U37/><E109/><V97/><F112/><W65/><G47/><T3/><D38/><U60/><E37/><V73/><F36/><W124/><G65/><T28/><D28/><U40/><E40/><V53/><F64/><W11/><G11/><T35/><D35/><U102/><E99/><V58/><F53/><W133/><G81/><N who="0" m="49551" /><D1/><U77/><E77/><V20/><F32/><W88/><G88/><T43/><D3/><U120/><E120/><V34/><F34/><W45/><G45/><N who="0" m="25919" /><D56/><U80/><E31/><V116/><F58/><W39/><G39/><T13/><D13/><U21/><E14/><V93/><F116/><W16/><G16/><T110/><D110/><U129/><E8/><V66/><F66/><W82/><G82/><T69/><D69/><U76/><E80/><V128/><F52/><W125/><G67/><T115/><D115/><U29/><E29/><V19/><F27/><W86/><G70/><T68/><D68/><U108/><E108/><V59/><F59/><W48/><G48/><AGARI ba="0,0" hai="23,26,30,48,55,57,85,87" m="25919,49551" machi="48" ten="30,1000,0" yaku="8,1" doraHai="101" who="0" fromWho="3" sc="361,10,218,0,232,0,189,-10" owari="371,47.1,218,-18.2,232,3.2,179,-32.1" /></mjloggm>