<mjloggm ver="2.3"><GO type="225" lobby="0"/><UN n0="%72%61%6B%33" n1="%E9%80%9F%E6%B0%B4%E5%87%9B%E9%A6%99" n2="%E8%91%89%E5%B1%B1%E9%99%BD%E5%92%8C" n3="%72%69%6F%75%63%68%61%6E" dan="16,16,16,17" rate="2161.12,2081.85,2099.31,2250.08" sx="M,F,F,M"/><TAIKYOKU oya="0"/><INIT seed="0,0,0,2,2,54" ten="250,250,250,250" oya="0" hai0="95,108,51,116,58,12,125,46,13,7,126,44,110" hai1="100,21,23,32,52,76,56,72,134,25,39,61,47" hai2="24,77,118,67,30,36,8,48,120,129,86,85,127" hai3="117,122,3,66,93,20,97,103,96,0,49,15,131"/><T90/><D116/><U73/><E134/><V35/><F120/><W94/><G117/><T80/><D80/><U31/><E100/><V29/><F36/><W71/><G122/><T78/><D78/><U102/><E102/><V98/><F118/><W59/><G131/><T4/><D95/><U10/><E10/><V75/><F129/><W6/><G71/><T81/><D81/><U43/><REACH who="1" step="1"/><E76/><REACH who="1" ten="250,240,250,250" step="2"/><V45/><F77/><W132/><G132/><T92/><D90/><U28/><E28/><V5/><F30/><W104/><G104/><T133/><D133/><U34/><E34/><V16/><F8/><N who="3" m="4503" /><G0/><T70/><D70/><U79/><E79/><V2/><F2/><W38/><G3/><T82/><D82/><U60/><E60/><V53/><F35/><W123/><G123/><T112/><D92/><U114/><E114/><V106/><F106/><W22/><G38/><T41/><D112/><U83/><E83/><V99/><F29/><W101/><G49/><T50/><REACH who="0" step="1"/><D41/><REACH who="0" ten="240,240,250,250" step="2"/><U19/><E19/><V74/><F16/><W68/><G68/><T89/><D89/><U130/><E130/><V63/><F5/><W128/><G128/><T115/><D115/><U107/><E107/><V84/><F75/><AGARI ba="0,2" hai="21,23,25,31,32,39,43,47,52,56,61,72,73,75" machi="75" ten="40,5200,0" yaku="1,1,52,1,54,1,53,0" doraHai="54" doraHaiUra="87" who="1" fromWho="2" sc="240,0,240,72,250,-52,250,0" /><INIT seed="1,0,0,3,0,92" ten="240,312,198,250" oya="1" hai0="62,77,82,93,19,53,112,107,9,110,68,36,63" hai1="49,116,132,56,4,65,123,126,6,2,31,101,122" hai2="55,50,29,106,16,97,61,85,37,7,102,67,46" hai3="99,135,35,58,95,1,28,79,124,100,44,81,27"/><U96/><E116/><V86/><F37/><W57/><G135/><T23/><D107/><U76/><E132/><V34/><F7/><W71/><G124/><T40/><D110/><U25/><E76/><V90/><F90/><W131/><G131/><T60/><D112/><U66/><E126/><V113/><F113/><W14/><G1/><T43/><D68/><U109/><E109/><V117/><F117/><W64/><G44/><T133/><D133/><U21/><E66/><V73/><F73/><W32/><G35/><T89/><D9/><U94/><E2/><V75/><F75/><W119/><G119/><T8/><D8/><U47/><E123/><V118/><F118/><W88/><G14/><T91/><D53/><U26/><E26/><V84/><F16/><W11/><G11/><T52/><D36/><U22/><E22/><V5/><F5/><W10/><G10/><T130/><D130/><U80/><E80/><V105/><F105/><W39/><G39/><T127/><D127/><U115/><E115/><V129/><F129/><W33/><G33/><T45/><D77/><U41/><E122/><V17/><F17/><W51/><G51/><N who="0" m="28783" /><D82/><U134/><E134/><V121/><F121/><W20/><G32/><T13/><D91/><U74/><E74/><V87/><N who="2" m="21504" /><DORA hai="108" /><V78/><F78/><W30/><G30/><T83/><D83/><U69/><E69/><N who="2" m="42223" /><F34/><W24/><G79/><T3/><D3/><U42/><E42/><V128/><F128/><W48/><G81/><T111/><D111/><U70/><E70/><V59/><F29/><N who="3" m="17543" /><G71/><T120/><D120/><RYUUKYOKU ba="0,0" sc="240,10,312,10,198,10,250,-30" hai0="13,19,23,40,43,60,62,63,89,93" hai1="4,6,21,25,31,41,47,49,56,65,94,96,101" hai2="46,50,55,59,97,102,106" /><INIT seed="1,1,0,2,1,45" ten="250,322,208,220" oya="1" hai0="5,66,29,65,27,86,9,88,21,1,48,40,51" hai1="87,49,53,97,79,127,14,57,16,69,129,25,95" hai2="72,106,105,63,74,96,38,81,108,125,4,28,80" hai3="7,92,107,70,0,112,37,39,119,8,76,52,126"/><U104/><E104/><V73/><F38/><W20/><G112/><T103/><D103/><U26/><E69/><V75/><F125/><W31/><G107/><T33/><D33/><U59/><E129/><V41/><F108/><W42/><G70/><T11/><D11/><U110/><E127/><V93/><F28/><W71/><G126/><T54/><D40/><U12/><E12/><V84/><F4/><W55/><G71/><T111/><D111/><U123/><E123/><V121/><F63/><W117/><G76/><T58/><REACH who="0" step="1"/><D51/><REACH who="0" ten="240,322,208,220" step="2"/><U82/><E110/><V89/><F41/><W24/><G42/><T6/><D6/><U122/><E122/><V10/><F10/><W19/><G37/><T120/><D120/><U23/><E57/><V30/><F121/><W91/><G39/><T67/><D67/><U83/><E83/><AGARI ba="1,1" hai="1,5,9,21,27,29,48,54,58,65,66,83,86,88" machi="83" ten="30,8000,1" yaku="1,1,7,1,52,1,54,1,53,1" doraHai="45" doraHaiUra="3" who="0" fromWho="1" sc="240,93,322,-83,208,0,220,0" /><INIT seed="2,0,0,2,2,4" ten="333,239,208,220" oya="2" hai0="36,104,102,28,29,64,54,45,37,121,20,97,69" hai1="91,34,25,0,26,32,126,84,31,60,124,52,82" hai2="100,65,92,85,43,6,51,18,8,16,135,1,130" hai3="66,75,118,21,62,133,13,99,5,80,50,35,110"/><V27/><F130/><W58/><G118/><T128/><D121/><U12/><E0/><V46/><F135/><W22/><G110/><T55/><D128/><U30/><REACH who="1" step="1"/><E12/><REACH who="1" ten="333,229,208,220" step="2"/><V53/><F65/><W11/><G133/><T61/><D64/><U77/><E77/><V7/><F7/><W39/><G66/><T129/><D129/><U70/><E70/><V79/><F27/><W105/><G13/><T19/><D69/><U48/><E48/><V59/><F79/><W119/><G50/><T73/><D36/><U74/><E74/><V9/><F9/><W3/><G39/><T108/><D73/><U83/><E83/><V71/><F71/><W112/><G80/><T116/><D37/><U107/><E107/><V76/><F76/><W78/><G78/><T87/><D104/><U111/><E111/><V56/><F1/><W88/><G75/><T106/><D108/><U86/><E86/><V103/><F6/><W67/><G105/><T93/><D87/><U72/><E72/><V2/><F2/><W101/><G119/><T40/><D106/><U123/><E123/><V90/><F8/><W15/><G3/><T131/><D116/><U132/><E132/><V14/><F14/><W63/><G15/><T120/><D120/><U127/><E127/><V109/><F109/><W17/><G11/><T33/><D131/><U47/><E47/><V38/><F56/><AGARI ba="0,1" hai="25,26,30,31,32,34,52,56,60,82,84,91,124,126" machi="56" ten="40,5200,0" yaku="1,1,9,1,54,1,53,0" doraHai="4" doraHaiUra="95" who="1" fromWho="2" sc="333,0,229,62,208,-52,220,0" /><INIT seed="3,0,0,4,5,86" ten="333,291,156,220" oya="3" hai0="53,123,95,91,133,57,89,25,78,67,97,31,56" hai1="63,101,114,1,71,62,2,125,132,38,127,44,34" hai2="108,75,4,107,111,130,55,110,29,46,128,72,93" hai3="24,116,28,121,73,16,70,77,100,12,39,102,83"/><W105/><G116/><T66/><D123/><U74/><E34/><V0/><F107/><W65/><G121/><T96/><D133/><U60/><E74/><V27/><F46/><W18/><G39/><T11/><D78/><U35/><E35/><N who="2" m="20927" /><F55/><W103/><G105/><T54/><D11/><U43/><E114/><V19/><F93/><W9/><G18/><T119/><D25/><U36/><E101/><V122/><F122/><W20/><G65/><T7/><D7/><U80/><E71/><V33/><F33/><W129/><REACH who="3" step="1"/><G70/><REACH who="3" ten="333,291,156,210" step="2"/><T98/><D119/><U13/><E36/><V49/><F19/><W88/><G88/><T8/><D91/><U26/><E38/><V10/><F49/><W48/><G48/><T120/><D120/><U64/><E64/><V79/><F79/><W30/><G30/><T32/><D31/><U69/><E69/><V40/><F40/><W87/><G87/><T47/><D67/><U61/><E43/><V42/><F42/><W131/><AGARI ba="0,1" hai="9,12,16,20,24,28,73,77,83,100,102,103,129,131" machi="131" ten="30,11700,0" yaku="1,1,0,1,54,1,53,1" doraHai="86" doraHaiUra="104" who="3" fromWho="3" sc="333,-39,291,-39,156,-39,210,127" owari="294,9.4,252,-14.8,117,-38.3,337,43.7" /></mjloggm>