<mjloggm ver="2.3"><GO type="225" lobby="0"/><UN n0="%72%61%6B%33" n1="%E3%82%BC%E3%83%AB%E3%83%80%E3%81%AE%E4%BC%9D%E8%AA%AC" n2="%E3%81%A9%E3%82%8F%E3%82%93%E3%81%94" n3="%E7%BD%AA%E5%88%91%E6%B3%95%E5%AE%9A%E4%B8%BB%E7%BE%A9" dan="17,17,16,16" rate="2164.84,2222.34,2091.30,2184.34" sx="M,M,M,M"/><TAIKYOKU oya="0"/><INIT seed="0,0,0,4,3,39" ten="250,250,250,250" oya="0" hai0="75,52,34,8,87,71,110,16,51,128,98,89,43" hai1="104,88,60,6,126,107,91,20,10,92,65,67,74" hai2="115,83,37,64,29,30,105,78,31,0,108,96,94" hai3="127,101,5,116,119,50,73,32,122,13,46,15,19"/><T21/><D75/><U47/><E126/><V76/><F108/><W132/><G127/><T54/><D34/><U111/><E111/><V112/><F105/><W55/><G73/><T44/><D110/><U66/><E74/><V49/><F37/><W33/><G132/><T118/><D118/><U3/><E60/><V58/><F0/><W109/><G109/><T7/><D71/><U70/><E70/><V106/><F106/><W23/><G122/><T133/><D98/><U86/><E20/><V27/><F27/><W77/><G77/><T9/><D128/><U28/><E28/><V45/><F112/><W41/><G101/><T25/><D133/><U130/><E130/><V100/><F115/><W59/><G119/><T53/><D7/><U22/><E22/><V38/><F83/><AGARI ba="0,0" hai="8,9,16,21,25,43,44,51,52,53,54,83,87,89" machi="83" ten="40,12000,1" yaku="8,1,52,1,54,2" doraHai="39" who="0" fromWho="2" sc="250,120,250,0,250,-120,250,0" /><INIT seed="0,1,0,4,3,18" ten="370,250,130,250" oya="0" hai0="108,36,25,118,117,134,43,111,59,56,77,129,2" hai1="30,86,8,9,32,127,133,28,58,120,7,41,101" hai2="14,74,27,119,54,61,128,104,1,94,22,125,73" hai3="16,33,47,124,66,55,62,102,70,84,12,0,5"/><T24/><D77/><U21/><E120/><V106/><F1/><W48/><G124/><T60/><D2/><U90/><E127/><V107/><F125/><W82/><G33/><T115/><D115/><U67/><E133/><V96/><F128/><W83/><G102/><T31/><D129/><U98/><E32/><V79/><F119/><W88/><G0/><T51/><D36/><U69/><E69/><V19/><F79/><W37/><G37/><T45/><D134/><U112/><E41/><V34/><F34/><W53/><G5/><T63/><D25/><N who="1" m="16431" /><E30/><V126/><F14/><W13/><G13/><T114/><D114/><U81/><E7/><V38/><F38/><W132/><G132/><T135/><D135/><U44/><E44/><V121/><F121/><W87/><G55/><N who="0" m="33823" /><D24/><U76/><E76/><V116/><F116/><N who="0" m="44650" /><D31/><U72/><E72/><V57/><REACH who="2" step="1"/><F126/><REACH who="2" ten="370,250,120,250" step="2"/><W91/><G12/><T85/><D111/><U123/><E123/><V35/><F35/><W50/><G50/><T10/><D51/><U6/><E112/><V71/><F71/><W26/><G26/><T39/><D108/><U78/><E78/><V130/><F130/><W23/><G23/><T103/><D39/><U15/><E15/><V40/><F40/><W80/><REACH who="3" step="1"/><G16/><REACH who="3" ten="370,250,120,240" step="2"/><T68/><D10/><U42/><E9/><V97/><F97/><W75/><G75/><T109/><D109/><U110/><E110/><V29/><F29/><W113/><G113/><T64/><D43/><U122/><E42/><V65/><F65/><W131/><G131/><T46/><D64/><U4/><E67/><RYUUKYOKU ba="1,2" sc="370,-15,250,-15,120,15,240,15" hai2="19,22,27,54,57,61,73,74,94,96,104,106,107" hai3="47,48,53,62,66,70,80,82,83,84,87,88,91" /><INIT seed="1,2,2,0,0,70" ten="355,235,135,255" oya="1" hai0="37,104,36,47,49,91,85,3,78,6,124,131,112" hai1="127,60,21,97,16,7,50,84,58,86,100,126,92" hai2="122,118,99,4,74,53,10,30,27,134,0,56,22" hai3="81,18,69,111,75,29,32,108,79,1,110,83,106"/><U101/><E7/><V105/><F134/><W80/><G69/><T87/><D112/><U62/><E100/><V114/><F118/><W66/><G66/><T35/><D35/><U43/><E127/><V98/><F122/><W31/><G106/><T67/><D104/><U23/><E23/><V120/><F120/><W46/><G1/><T115/><D115/><U45/><E126/><V94/><F114/><W8/><G46/><T76/><D67/><N who="1" m="39319" /><E62/><V11/><F105/><W96/><G96/><T51/><D6/><U24/><AGARI ba="2,2" hai="16,21,24,43,45,50,84,86,92,97,101" m="39319" machi="24" ten="30,3000,0" yaku="8,1,54,1" doraHai="70" who="1" fromWho="1" sc="355,-12,235,56,135,-12,255,-12" /><INIT seed="1,3,0,0,3,66" ten="343,291,123,243" oya="1" hai0="76,12,35,77,128,32,68,31,110,60,70,3,117" hai1="99,37,86,67,111,19,82,38,92,26,17,134,130" hai2="4,36,89,135,41,55,114,87,29,21,25,46,71" hai3="2,104,102,107,78,97,54,123,125,94,45,58,57"/><U112/><E112/><V100/><F135/><W113/><G123/><T9/><D3/><U121/><E121/><V65/><F114/><W109/><G113/><T59/><D117/><U133/><E130/><V7/><F100/><W83/><G109/><T131/><D110/><U91/><E111/><V116/><F116/><W39/><G2/><T115/><D115/><U1/><E1/><V73/><F73/><W5/><G5/><T127/><D127/><U50/><E50/><V43/><F43/><W106/><G125/><T23/><D23/><N who="1" m="13679" /><E67/><V47/><F47/><W95/><G95/><T33/><D31/><U126/><E19/><V105/><F105/><W81/><G81/><T24/><D24/><U122/><E122/><V30/><F30/><W69/><G69/><T28/><D28/><U103/><E126/><V74/><F55/><W22/><G22/><T129/><D77/><U56/><E56/><V44/><F44/><W10/><G10/><T18/><D76/><U61/><E61/><V6/><F74/><W14/><G14/><T51/><D51/><U53/><E53/><AGARI ba="3,0" hai="9,12,18,32,33,35,53,59,60,68,70,128,129,131" machi="53" ten="50,6400,0" yaku="19,1,52,2" doraHai="66" who="0" fromWho="1" sc="343,73,291,-73,123,0,243,0" /><INIT seed="2,0,0,1,1,22" ten="416,218,123,243" oya="2" hai0="61,49,74,23,113,48,107,110,0,26,14,38,119" hai1="132,73,32,108,127,6,83,55,67,7,128,98,70" hai2="97,50,99,111,118,45,13,44,79,58,31,96,57" hai3="82,68,53,20,115,39,71,123,1,5,41,100,33"/><V90/><F118/><W85/><G123/><T69/><D0/><U51/><E32/><V135/><F135/><W78/><G33/><T28/><D38/><U21/><E132/><V8/><F79/><W124/><G100/><T121/><D74/><U66/><E21/><V95/><F111/><W72/><G124/><T117/><D113/><U42/><E127/><V12/><F31/><W131/><G131/><T59/><D121/><U125/><E125/><V10/><F13/><W25/><G85/><T93/><D107/><U129/><E42/><V80/><F80/><W34/><G53/><T105/><D105/><U104/><E108/><V130/><F130/><N who="1" m="50281" /><E98/><N who="2" m="37995" /><F8/><N who="3" m="2095" /><G34/><T24/><D69/><U87/><E73/><V11/><F11/><W86/><G86/><T63/><D110/><U52/><E104/><V3/><F3/><W27/><G115/><T114/><D114/><U36/><E36/><V116/><F116/><W9/><G9/><T47/><D119/><U91/><E70/><N who="3" m="26666" /><G20/><T18/><D117/><U35/><E35/><V75/><F75/><W65/><G65/><N who="1" m="24586" /><E55/><N who="2" m="31991" /><F58/><AGARI ba="0,0" hai="6,7,51,52,58,83,87,91" m="24586,50281" machi="58" ten="30,2000,0" yaku="19,1,54,1" doraHai="22" who="1" fromWho="2" sc="416,0,218,20,123,-20,243,0" /><INIT seed="3,0,0,3,0,34" ten="416,238,103,243" oya="3" hai0="71,27,117,133,83,75,118,116,82,63,66,131,4" hai1="81,111,6,110,112,106,42,22,36,31,49,74,92" hai2="61,1,35,132,84,73,18,125,11,77,127,19,26" hai3="54,120,47,68,104,126,41,85,134,28,124,93,102"/><W24/><G120/><T23/><D75/><U79/><E112/><V3/><F73/><W64/><G54/><T5/><D131/><U43/><E106/><V0/><F61/><N who="3" m="39951" /><G85/><T107/><D107/><U14/><E36/><V72/><F72/><W2/><G93/><T39/><D39/><U48/><E92/><V80/><F132/><W38/><G134/><T96/><D133/><U67/><E67/><V59/><F59/><W62/><G62/><T7/><D96/><U52/><E31/><N who="2" m="19959" /><F11/><W94/><G94/><T88/><D88/><U135/><E49/><V122/><F122/><W123/><G123/><T56/><D56/><U76/><E76/><V128/><F128/><W45/><G45/><T100/><D100/><U130/><E130/><V99/><F99/><N who="3" m="61535" /><G24/><T40/><D40/><U58/><E135/><V32/><F32/><W65/><G28/><T87/><D87/><U16/><E6/><V12/><F12/><W115/><G65/><T44/><D44/><U97/><E97/><V53/><F53/><W9/><G115/><T33/><D33/><U10/><E10/><V121/><F121/><W78/><G78/><T101/><D101/><U89/><E89/><V13/><F13/><W21/><G21/><T91/><D91/><U108/><AGARI ba="0,0" hai="14,16,22,42,43,48,52,58,74,79,81,108,110,111" machi="108" ten="30,7900,0" yaku="0,1,14,1,54,2" doraHai="34" who="1" fromWho="1" sc="416,-20,238,79,103,-20,243,-39" owari="396,49.6,317,11.7,83,-41.7,204,-19.6" /></mjloggm>