<mjloggm ver="2.3"><GO type="225" lobby="0"/><UN n0="%72%69%6F%75%63%68%61%6E" n1="%E3%81%99%E3%81%84%E3%81%BE%E3%81%9B%E3%83%BC%E3%82%93" n2="%E3%81%82%E3%81%84%E3%81%82%E3%81%8A%E3%81%84" n3="%6D%75%75%6D%75%72%61" dan="16,16,18,16" rate="2212.14,2129.65,2209.51,2117.90" sx="M,M,M,F"/><TAIKYOKU oya="0"/><INIT seed="0,0,0,3,2,32" ten="250,250,250,250" oya="0" hai0="21,50,134,67,56,96,110,13,22,12,26,91,31" hai1="30,77,85,133,51,17,82,54,36,3,109,58,0" hai2="18,102,111,25,108,39,83,125,76,105,126,101,88" hai3="9,116,28,75,73,87,63,106,135,11,37,46,92"/><T64/><D134/><U104/><E133/><V4/><F39/><W120/><G106/><T43/><D110/><N who="2" m="42026" /><F4/><W112/><G116/><T41/><D67/><U24/><E109/><V100/><F18/><W94/><G112/><T86/><D96/><U131/><E131/><V38/><F25/><W19/><G135/><T57/><D64/><U33/><E104/><V80/><F38/><W99/><G28/><T122/><D122/><U61/><E36/><V114/><F114/><W117/><G63/><T69/><D69/><U118/><E118/><V47/><F47/><W29/><G29/><T74/><D74/><U35/><E35/><V53/><F53/><W34/><G34/><T81/><D12/><U44/><REACH who="1" step="1"/><E17/><REACH who="1" ten="250,240,250,250" step="2"/><V23/><F105/><W113/><G19/><N who="0" m="10479" /><D41/><AGARI ba="0,1" hai="0,3,24,30,33,41,44,51,54,58,61,77,82,85" machi="41" ten="30,7700,0" yaku="1,1,7,1,52,2,53,0" doraHai="32" doraHaiUra="128" who="1" fromWho="0" sc="250,-77,240,87,250,0,250,0" /><INIT seed="1,0,0,2,5,26" ten="173,327,250,250" oya="1" hai0="23,75,86,41,1,39,3,105,88,10,46,126,101" hai1="110,128,94,79,85,93,83,97,57,81,70,25,30" hai2="17,35,117,90,52,59,32,40,34,50,55,106,13" hai3="132,118,65,60,112,8,131,14,108,16,80,72,84"/><U27/><E70/><V31/><F106/><W9/><G112/><T104/><D126/><U115/><E115/><V4/><F117/><W98/><G108/><T24/><D75/><U33/><E128/><V77/><F4/><W89/><G131/><T63/><D63/><U54/><E110/><V36/><F77/><W100/><G132/><T38/><D38/><U48/><E97/><V130/><F130/><W120/><G118/><T28/><D10/><U61/><E25/><V99/><F55/><W125/><G125/><T56/><D56/><U91/><REACH who="1" step="1"/><E61/><REACH who="1" ten="173,317,250,250" step="2"/><V2/><F99/><W47/><G60/><T127/><D127/><U135/><E135/><V102/><F102/><W44/><G98/><T123/><D123/><U6/><E6/><V66/><F35/><W87/><G100/><T113/><D113/><U119/><E119/><V21/><F34/><W18/><G120/><T42/><D101/><U73/><AGARI ba="0,1" hai="27,30,33,48,54,57,73,79,81,83,85,91,93,94" machi="73" ten="20,7800,0" yaku="1,1,0,1,7,1,52,1,53,0" doraHai="26" doraHaiUra="134" who="1" fromWho="1" sc="173,-26,317,88,250,-26,250,-26" /><INIT seed="1,1,0,3,4,64" ten="147,405,224,224" oya="1" hai0="32,59,42,94,36,12,61,96,27,122,19,35,51" hai1="13,128,108,1,119,7,60,100,24,115,118,126,48" hai2="37,30,40,124,102,39,131,20,84,43,66,65,85" hai3="83,77,31,17,62,21,68,52,45,134,123,4,72"/><U97/><E48/><V25/><F102/><W104/><G123/><T121/><D36/><U107/><E13/><V29/><F20/><W127/><G104/><T75/><D75/><U89/><E115/><V120/><F25/><W82/><G134/><T132/><D132/><U8/><E89/><V105/><F105/><W14/><G127/><T11/><D42/><U3/><E3/><V88/><F124/><W16/><G82/><T58/><D51/><U50/><E50/><V6/><F6/><W95/><G45/><T71/><D58/><U76/><E76/><V53/><F53/><W112/><G112/><T111/><D111/><U10/><E10/><V103/><F103/><W47/><G47/><T74/><D74/><U56/><E108/><V44/><F44/><W109/><G109/><T38/><D38/><U9/><E9/><V57/><F57/><W69/><G4/><T110/><D110/><U34/><E128/><V81/><F81/><W70/><G31/><T80/><D80/><U117/><E126/><V99/><F88/><W18/><REACH who="3" step="1"/><G95/><REACH who="3" ten="147,405,224,214" step="2"/><T92/><D94/><U91/><E107/><V133/><F133/><W55/><G55/><N who="0" m="34047" /><D122/><U23/><E119/><V135/><F135/><W0/><G0/><T106/><D106/><U26/><E118/><V87/><F120/><W49/><G49/><T78/><D121/><U73/><E117/><V116/><F116/><W41/><G41/><T5/><D78/><U22/><E7/><V90/><F39/><W113/><G113/><T93/><D93/><U2/><E2/><V15/><F37/><W114/><G114/><RYUUKYOKU ba="1,1" sc="147,-10,405,-10,224,-10,214,30" hai3="14,16,17,18,21,52,62,68,69,70,72,77,83" /><INIT seed="2,2,1,3,4,35" ten="137,395,214,244" oya="2" hai0="132,21,68,59,112,109,104,116,121,20,114,130,98" hai1="14,125,117,56,27,71,44,94,78,11,10,129,83" hai2="61,53,127,17,135,6,8,45,12,66,22,62,1" hai3="88,105,99,3,16,86,85,95,38,72,23,37,4"/><V81/><F127/><W101/><G72/><T19/><D68/><U103/><E71/><V50/><F135/><W40/><G40/><T108/><D104/><U134/><E117/><V131/><F131/><W74/><G74/><T75/><D75/><U5/><E129/><V119/><F119/><W79/><G79/><T97/><D130/><U115/><E115/><N who="0" m="44073" /><D116/><U82/><E125/><V34/><F66/><W122/><G122/><T93/><D59/><U96/><E134/><V100/><F100/><W80/><G80/><T25/><D132/><U107/><E44/><V0/><F0/><W39/><G86/><T67/><D67/><U33/><E78/><V69/><F69/><W118/><G118/><T36/><D36/><U73/><E73/><V46/><F34/><W41/><G41/><T51/><D51/><U64/><E107/><V89/><REACH who="2" step="1"/><F46/><REACH who="2" ten="137,395,204,244" step="2"/><W55/><G3/><T49/><D121/><U111/><E33/><V87/><AGARI ba="2,2" hai="1,6,8,12,17,22,45,50,53,61,62,81,87,89" machi="87" ten="30,11700,0" yaku="1,1,2,1,0,1,52,1,53,0" doraHai="35" doraHaiUra="128" who="2" fromWho="2" sc="137,-41,395,-41,204,143,244,-41" /><INIT seed="2,3,0,1,3,110" ten="96,354,347,203" oya="2" hai0="15,43,97,49,115,118,104,128,66,117,44,131,8" hai1="25,60,71,65,134,85,5,84,74,126,7,38,77" hai2="70,72,55,19,121,35,6,21,101,54,46,87,107" hai3="98,116,39,68,42,102,22,63,81,88,76,28,109"/><V78/><F72/><W34/><G116/><N who="0" m="44651" /><D104/><U94/><E38/><V95/><F70/><W125/><G34/><T103/><D97/><U83/><E126/><V133/><F35/><W56/><G109/><T2/><D103/><U64/><E134/><V48/><F121/><W100/><G125/><T62/><D2/><U120/><E120/><V58/><F133/><W3/><G3/><T14/><D8/><U75/><E65/><V82/><F107/><W12/><G102/><T52/><D14/><U113/><E113/><V30/><F30/><W92/><G100/><T13/><D15/><U1/><E25/><V93/><F6/><W10/><G10/><T132/><D13/><U18/><E18/><V16/><F101/><W23/><G12/><T90/><D90/><U40/><E40/><V41/><F55/><W0/><G0/><T99/><D99/><U108/><E108/><V36/><REACH who="2" step="1"/><F21/><REACH who="2" ten="96,354,337,203" step="2"/><W45/><G22/><T124/><D132/><U17/><E7/><V135/><F135/><W51/><G23/><T119/><N who="0" m="44659" /><T31/><DORA hai="79" /><D31/><U29/><E29/><V86/><F86/><W105/><G28/><T112/><D124/><U123/><E123/><V122/><F122/><W57/><G105/><T89/><D52/><U129/><E5/><V33/><F33/><W47/><G98/><T111/><D111/><U59/><E85/><V114/><F114/><N who="0" m="43562" /><D89/><U32/><E32/><V11/><F11/><W24/><G88/><T96/><D96/><U69/><E1/><V73/><F73/><W9/><G9/><T37/><D37/><U4/><E75/><RYUUKYOKU ba="3,1" sc="96,15,354,-15,337,15,203,-15" hai0="43,44,49,62,66,128,131" hai2="16,19,36,41,46,48,54,58,78,82,87,93,95" /><INIT seed="2,4,1,5,4,62" ten="111,339,352,188" oya="2" hai0="104,40,72,86,16,3,87,132,76,24,85,70,36" hai1="31,0,53,107,49,9,22,47,101,135,127,98,97" hai2="10,131,25,54,67,75,118,74,114,99,115,134,17" hai3="83,44,122,56,96,65,12,94,38,18,64,30,90"/><V123/><F118/><W55/><G122/><T128/><D128/><U80/><E127/><V59/><F123/><W11/><G30/><T26/><D132/><U81/><E135/><V108/><F134/><W52/><G38/><T7/><D104/><U120/><E120/><V6/><F131/><W45/><G83/><T91/><D70/><U106/><E31/><V93/><F108/><W15/><G15/><T89/><D72/><U35/><E22/><V69/><F75/><W125/><G125/><T79/><D7/><U133/><E35/><V119/><F74/><W113/><G113/><T58/><D3/><U92/><E133/><V5/><F5/><W111/><G111/><T29/><D40/><U20/><E20/><V8/><F119/><W37/><G37/><T42/><D58/><U71/><E71/><V57/><F69/><W32/><G32/><T129/><D129/><U4/><E107/><V126/><F126/><W39/><G39/><T46/><D16/><U102/><AGARI ba="4,1" hai="0,4,9,47,49,53,80,81,92,97,98,101,102,106" machi="102" ten="20,1500,0" yaku="0,1,7,1" doraHai="62" who="1" fromWho="1" sc="111,-8,339,37,352,-11,188,-8" /><INIT seed="3,0,0,4,5,118" ten="103,376,341,180" oya="3" hai0="38,132,131,128,41,44,123,27,4,115,5,50,126" hai1="16,26,104,90,13,15,88,86,47,20,106,39,107" hai2="134,25,112,14,91,76,21,98,60,69,51,85,127" hai3="74,99,40,19,75,93,11,28,52,82,29,34,95"/><W18/><G40/><T116/><D116/><U0/><E0/><V73/><F112/><W81/><G11/><T17/><D115/><U97/><E97/><V10/><F127/><W87/><G99/><T56/><D126/><U64/><E64/><V117/><F117/><W36/><G87/><T45/><D132/><U43/><REACH who="1" step="1"/><E90/><REACH who="1" ten="103,366,341,180" step="2"/><V94/><F134/><W114/><G114/><T37/><D123/><U24/><E24/><V32/><F32/><W113/><G75/><T55/><D27/><U77/><E77/><V105/><F73/><W57/><G93/><AGARI ba="0,1" hai="13,15,16,20,26,39,43,47,86,88,93,104,106,107" machi="93" ten="40,5200,0" yaku="1,1,54,2,53,0" doraHai="118" doraHaiUra="2" who="1" fromWho="3" sc="103,0,366,62,341,0,180,-52" owari="103,-39.7,428,52.8,341,14.1,128,-27.2" /></mjloggm>