<mjloggm ver="2.3"><GO type="225" lobby="0"/><UN n0="%E6%A1%9C%E8%8A%B1%E9%96%83%E3%80%85" n1="%E3%83%81%E3%83%AF%E3%83%AF%E9%9A%8A%E9%95%B7" n2="%E5%A4%9C%E5%85%89%E5%A4%A9%E6%A5%BC" n3="%72%65%6E%6B%75%6E" dan="16,16,16,17" rate="2141.78,2165.84,2136.92,2209.81" sx="M,M,M,M"/><TAIKYOKU oya="0"/><INIT seed="0,0,0,3,3,82" ten="250,250,250,250" oya="0" hai0="89,130,110,132,126,52,41,107,125,8,111,67,64" hai1="48,118,98,72,106,122,109,17,70,94,121,88,127" hai2="2,7,124,76,128,131,30,66,6,47,95,33,44" hai3="134,83,117,51,20,79,42,25,84,16,23,81,15"/><T101/><D41/><U61/><E118/><V63/><F124/><N who="0" m="47722" /><D132/><U43/><E127/><V75/><F75/><W93/><G134/><T18/><D130/><N who="2" m="49706" /><F76/><W57/><G117/><T73/><D73/><U10/><E72/><V26/><F95/><W49/><G42/><T3/><D89/><U102/><E109/><N who="0" m="41481" /><D18/><U5/><E17/><V116/><F116/><W78/><G93/><T28/><D28/><U14/><E43/><V22/><F33/><W54/><G51/><T104/><D52/><U34/><E48/><V58/><F2/><W19/><G81/><T12/><D12/><U13/><E13/><V65/><F66/><N who="0" m="25130" /><D101/><U113/><E102/><V96/><F96/><W91/><AGARI ba="0,0" hai="15,16,19,20,23,25,49,54,57,78,79,83,84,91" machi="91" ten="20,8000,1" yaku="0,1,7,1,8,1,52,1,54,1" doraHai="82" who="3" fromWho="3" sc="250,-40,250,-20,250,-20,250,80" /><INIT seed="1,0,0,0,4,126" ten="210,230,230,330" oya="1" hai0="82,75,66,115,59,39,102,30,79,41,47,123,54" hai1="90,29,18,100,10,86,23,103,94,16,91,13,25" hai2="131,27,4,17,127,6,72,92,135,22,38,51,98" hai3="45,124,8,1,33,12,133,64,134,117,109,63,44"/><U118/><E118/><V48/><F38/><W83/><G124/><T116/><D116/><U107/><E107/><V99/><F127/><W61/><G117/><T95/><D115/><U80/><REACH who="1" step="1"/><E18/><REACH who="1" ten="210,220,230,330" step="2"/><V87/><F17/><W122/><G134/><T112/><D112/><U128/><E128/><V62/><F135/><W5/><G133/><T15/><D123/><U65/><E65/><V130/><F130/><W2/><G122/><T57/><D66/><U77/><E77/><V74/><F131/><W0/><G64/><T42/><D79/><U67/><E67/><V55/><F6/><W88/><G109/><T14/><D30/><U37/><E37/><V85/><F4/><W106/><G106/><T111/><D39/><U104/><E104/><V58/><F74/><W53/><G2/><T84/><D75/><U26/><E26/><V105/><F72/><W31/><G1/><T49/><D111/><U129/><E129/><V101/><F105/><W120/><G0/><T34/><D14/><U9/><E9/><V119/><F119/><W20/><G120/><T11/><D15/><U7/><E7/><V114/><F114/><W81/><G5/><T132/><D11/><U68/><E68/><V43/><F27/><N who="3" m="16871" /><G8/><T69/><D69/><U19/><E19/><V89/><F22/><W28/><G12/><T24/><D24/><U35/><E35/><V96/><F96/><AGARI ba="0,1" hai="10,13,16,23,25,29,80,86,90,91,94,96,100,103" machi="96" ten="30,11600,0" yaku="1,1,7,1,8,1,54,1,53,0" doraHai="126" doraHaiUra="50" who="1" fromWho="2" sc="210,0,220,126,230,-116,330,0" /><INIT seed="1,1,0,3,3,84" ten="210,346,114,330" oya="1" hai0="42,113,95,127,73,62,57,101,126,116,24,61,7" hai1="36,123,12,107,114,4,44,88,97,55,47,70,82" hai2="17,67,74,102,78,3,65,98,119,111,11,105,50" hai3="18,109,38,59,87,79,9,117,0,96,5,1,56"/><U6/><E114/><V80/><F119/><W32/><G38/><T134/><D113/><U129/><E123/><V85/><F111/><W112/><G112/><T21/><D116/><U45/><E70/><V43/><F43/><W23/><G32/><T15/><D73/><U31/><E129/><V26/><F3/><W64/><G117/><T104/><D104/><U29/><E36/><V20/><F11/><W19/><G109/><T33/><D42/><U13/><E107/><V125/><F125/><N who="0" m="47626" /><D134/><U51/><E12/><V34/><F34/><W122/><G122/><T54/><D33/><U37/><E37/><V75/><F75/><W130/><G96/><N who="0" m="59551" /><D15/><U60/><E60/><V69/><F69/><W131/><G1/><T2/><D7/><N who="1" m="2603" /><E13/><V83/><REACH who="2" step="1"/><F50/><REACH who="2" ten="210,346,104,330" step="2"/><W103/><G0/><T46/><D2/><U91/><E51/><V99/><F99/><W58/><G9/><T106/><D106/><U63/><E97/><V49/><F49/><W121/><G121/><T71/><D71/><U89/><E82/><V92/><F92/><W53/><G130/><T66/><D62/><U10/><E10/><V108/><F108/><W35/><G131/><T110/><D110/><U39/><E39/><V86/><F86/><W81/><G35/><T124/><D124/><U30/><E63/><V14/><F14/><N who="3" m="9687" /><G5/><T76/><D61/><U41/><E41/><V128/><F128/><W77/><G87/><T27/><D21/><U94/><E94/><V118/><F118/><W93/><G81/><T72/><D72/><U68/><E68/><V133/><F133/><W8/><G93/><RYUUKYOKU ba="1,1" sc="210,-15,346,15,104,15,330,-15" hai1="29,30,31,44,45,47,55,88,89,91" hai2="17,20,26,65,67,74,78,80,83,85,98,102,105" /><INIT seed="1,2,1,4,0,114" ten="195,361,119,315" oya="1" hai0="131,63,0,67,1,11,14,47,54,120,2,112,26" hai1="13,23,6,75,46,93,135,90,37,8,96,127,97" hai2="45,91,82,119,41,52,40,106,70,79,130,30,51" hai3="74,108,109,33,101,123,20,10,73,48,76,3,53"/><U27/><E75/><V78/><F70/><W98/><G33/><T118/><D112/><U19/><E127/><V95/><F130/><W17/><G123/><T86/><D131/><U34/><E135/><V4/><F106/><W116/><G3/><T99/><D120/><U29/><E37/><V12/><F30/><W129/><G10/><T66/><D99/><U64/><E46/><V126/><F119/><W85/><G85/><T133/><D133/><U94/><E64/><V50/><F126/><W134/><G129/><T115/><D115/><U49/><E49/><V62/><F62/><W16/><G134/><T77/><D26/><U36/><E36/><V57/><F82/><W102/><G17/><T55/><D118/><U68/><E68/><V32/><F32/><W103/><G98/><T35/><D35/><U28/><REACH who="1" step="1"/><E34/><REACH who="1" ten="195,351,119,315" step="2"/><V61/><F50/><W31/><G116/><T87/><D47/><U117/><E117/><V7/><F41/><W121/><G121/><T65/><D63/><U9/><E9/><N who="2" m="4135" /><F7/><W125/><G125/><T21/><D11/><U107/><E107/><V38/><F38/><W111/><G48/><T44/><D44/><U59/><E59/><V100/><F100/><AGARI ba="2,2" hai="6,8,13,19,23,27,28,29,90,93,94,96,97,100" machi="100" ten="30,5800,0" yaku="1,1,7,1,8,1,53,0" doraHai="114" doraHaiUra="60" who="1" fromWho="2" sc="195,0,351,84,119,-64,315,0" /><INIT seed="1,3,0,1,1,93" ten="195,435,55,315" oya="1" hai0="50,112,127,83,27,44,69,63,37,74,134,115,18" hai1="99,70,128,68,46,47,102,117,101,3,108,77,5" hai2="1,25,123,103,104,56,8,87,0,32,88,65,94" hai3="10,61,23,43,80,85,52,13,24,22,116,48,113"/><U7/><E117/><V31/><F123/><W58/><G116/><T118/><D118/><U109/><E77/><V59/><F65/><W129/><G129/><T49/><D18/><U92/><E128/><V71/><F71/><W2/><G2/><T9/><D27/><U64/><E64/><V135/><F135/><W125/><G125/><T19/><D127/><U121/><E121/><V76/><F76/><W120/><G120/><T34/><D34/><U114/><E114/><V98/><REACH who="2" step="1"/><F8/><REACH who="2" ten="195,435,45,315" step="2"/><W67/><G113/><T86/><D134/><U100/><E70/><V105/><F105/><W17/><G43/><T81/><D69/><U11/><E68/><V16/><F16/><W72/><G72/><T57/><D19/><U133/><E133/><V42/><F42/><W106/><G106/><T130/><D9/><U126/><E126/><V110/><F110/><N who="1" m="42601" /><E7/><V89/><F89/><AGARI ba="3,1" hai="3,5,11,46,47,89,92,99,100,101,102" m="42601" machi="89" ten="30,5800,0" yaku="14,1,10,1,52,1" doraHai="93" who="1" fromWho="2" sc="195,0,435,77,45,-67,315,0" owari="195,-20.5,512,61.2,-22,-52.2,315,11.5" /></mjloggm>