<mjloggm ver="2.3"><GO type="225" lobby="0"/><UN n0="%E3%82%B2%E3%82%B9%E8%8C%82%E5%8B%9D" n1="%E8%AB%B8%E8%91%9B%E4%BA%AE" n2="%E5%B0%8F%37%34" n3="%72%65%6E%6B%75%6E" dan="16,16,16,17" rate="2053.95,2132.82,2107.92,2255.20" sx="F,M,M,M"/><TAIKYOKU oya="0"/><INIT seed="0,0,0,0,1,130" ten="250,250,250,250" oya="0" hai0="82,88,27,134,61,43,17,58,8,47,80,64,129" hai1="9,36,60,6,34,10,56,22,90,30,71,46,84" hai2="51,74,39,54,33,91,62,102,69,55,23,123,52" hai3="119,18,29,50,126,25,133,120,70,95,2,86,99"/><T11/><D129/><U13/><E71/><V40/><F33/><W44/><G70/><T4/><D134/><U48/><E36/><V96/><F74/><W59/><G2/><T107/><D107/><U7/><E34/><V73/><F73/><W116/><G86/><T67/><D67/><U0/><E30/><V128/><F123/><W121/><G59/><T72/><D72/><U113/><E113/><V41/><F128/><W53/><G18/><T104/><D104/><U57/><E22/><V38/><F91/><N who="3" m="55807" /><G126/><T106/><D106/><U15/><E60/><V32/><F32/><N who="3" m="20527" /><G133/><T111/><D111/><U45/><E0/><V28/><F28/><W21/><G21/><N who="0" m="13743" /><D4/><U1/><E1/><V66/><F23/><W97/><G97/><T35/><D35/><U76/><E46/><N who="2" m="27767" /><F96/><W103/><G103/><T135/><D135/><U65/><E65/><V24/><F102/><W81/><G116/><T93/><D8/><U83/><E90/><V132/><F24/><W5/><G119/><T63/><D11/><U20/><E20/><V75/><F75/><W108/><G108/><T14/><D14/><U3/><E3/><V49/><F132/><W117/><G117/><T122/><D122/><U112/><E112/><V94/><F94/><W12/><G120/><T31/><D31/><U16/><E6/><V110/><F110/><W114/><G114/><T124/><D93/><U101/><E101/><V105/><F105/><W125/><G121/><T78/><D78/><U19/><E7/><V37/><F54/><AGARI ba="0,0" hai="9,10,13,15,16,19,45,48,54,56,57,76,83,84" machi="54" ten="30,7700,0" yaku="7,1,9,1,8,1,54,1" doraHai="130" who="1" fromWho="2" sc="250,0,250,77,250,-77,250,0" /><INIT seed="1,0,0,2,4,100" ten="250,327,173,250" oya="1" hai0="31,61,134,12,37,24,66,106,69,14,112,96,93" hai1="79,72,9,41,0,135,126,128,81,87,97,116,50" hai2="40,47,56,28,98,132,110,113,78,99,17,62,123" hai3="54,8,130,44,122,36,111,120,2,43,55,95,1"/><U6/><E116/><V5/><F123/><W65/><G111/><T10/><D134/><U29/><E135/><V68/><F132/><W124/><G124/><T114/><D37/><U58/><E126/><V23/><F68/><W53/><G130/><T38/><D38/><U64/><E128/><V94/><F110/><W84/><G65/><T25/><D25/><U57/><E29/><V86/><F113/><W125/><G125/><T131/><D131/><U46/><E64/><V49/><F5/><W76/><G2/><T102/><D93/><U133/><E133/><V30/><F78/><W51/><G36/><T22/><REACH who="0" step="1"/><D14/><REACH who="0" ten="240,327,173,250" step="2"/><U63/><E0/><V3/><F3/><W67/><G95/><T20/><D20/><U52/><E9/><V104/><F104/><W89/><G1/><T129/><D129/><U15/><E15/><V91/><F98/><W75/><G8/><T90/><D90/><U7/><E97/><V27/><REACH who="2" step="1"/><F99/><REACH who="2" ten="240,327,163,250" step="2"/><W88/><G120/><T70/><D70/><U16/><E79/><V85/><F85/><W108/><G122/><T103/><D103/><U19/><E87/><V35/><F35/><W109/><G109/><T32/><D32/><U74/><E74/><V33/><F33/><W105/><G108/><T101/><D101/><U45/><E72/><V92/><F92/><N who="3" m="54279" /><G105/><T42/><D42/><U18/><E41/><V13/><F13/><W11/><G89/><T60/><D60/><U115/><E63/><V26/><F26/><W119/><G76/><T4/><AGARI ba="0,2" hai="4,10,12,22,24,31,61,66,69,96,102,106,112,114" machi="4" ten="20,8000,1" yaku="1,1,0,1,7,1,52,1,53,1" doraHai="100" doraHaiUra="59" who="0" fromWho="0" sc="240,100,327,-40,163,-20,250,-20" /><INIT seed="2,0,0,3,0,123" ten="340,287,143,230" oya="2" hai0="43,22,11,80,49,93,113,75,10,127,63,105,4" hai1="86,23,54,91,0,112,70,16,45,132,3,71,131" hai2="67,82,100,38,6,47,20,35,135,34,98,128,90" hai3="2,81,79,95,21,106,61,28,107,65,77,12,18"/><V5/><F128/><W29/><G2/><T85/><D105/><U116/><E112/><V50/><F38/><W51/><G95/><T133/><D113/><U64/><E116/><V84/><F135/><W119/><G119/><T1/><D133/><U27/><E132/><V122/><F122/><W31/><G51/><T103/><D127/><U14/><E131/><V96/><F96/><W48/><G48/><T56/><D75/><U109/><E109/><V130/><F130/><W121/><G121/><T78/><D22/><U126/><E126/><V39/><F39/><W9/><G9/><T68/><D68/><U101/><E101/><V117/><F117/><W55/><G55/><T15/><D10/><U72/><E72/><V41/><F67/><W74/><REACH who="3" step="1"/><G77/><REACH who="3" ten="340,287,143,220" step="2"/><T110/><D1/><U66/><E3/><V57/><F57/><AGARI ba="0,1" hai="12,18,21,28,29,31,57,61,65,74,79,81,106,107" machi="57" ten="40,2600,0" yaku="1,1,2,1,53,0" doraHai="123" doraHaiUra="42" who="3" fromWho="2" sc="340,0,287,0,143,-26,220,36" /><INIT seed="3,0,0,3,3,42" ten="340,287,117,256" oya="3" hai0="121,82,53,50,60,76,61,14,15,84,130,83,117" hai1="99,88,52,0,22,89,7,66,79,20,68,30,27" hai2="8,51,55,78,90,131,43,101,85,9,57,102,1" hai3="56,17,107,118,5,86,103,26,63,45,116,16,11"/><W32/><G116/><T36/><D130/><U46/><E79/><V18/><F131/><W24/><G118/><T119/><D36/><U70/><E70/><V132/><F132/><W109/><G109/><T77/><D121/><U115/><E115/><V65/><F78/><W48/><G107/><T71/><D117/><U129/><E129/><V64/><F1/><W72/><G72/><T108/><D108/><U23/><E68/><V75/><F75/><W97/><G86/><N who="0" m="48455" /><D71/><U44/><E66/><V2/><F2/><W80/><G80/><T54/><D119/><U96/><E7/><V105/><F105/><W135/><G135/><T125/><D125/><U47/><E0/><V127/><F127/><W93/><G5/><T133/><D133/><U87/><E52/><N who="0" m="20073" /><D50/><U34/><REACH who="1" step="1"/><E89/><REACH who="1" ten="340,277,117,256" step="2"/><V134/><F134/><W100/><G100/><T25/><D25/><N who="3" m="9833" /><G32/><T124/><D124/><U19/><E19/><N who="3" m="7242" /><G11/><T13/><AGARI ba="0,1" hai="13,14,15,60,61,77,83,84" m="20073,48455" machi="13" ten="30,2000,0" yaku="8,1,54,1" doraHai="42" who="0" fromWho="0" sc="340,30,277,-5,117,-5,256,-10" owari="370,47.0,272,7.2,112,-38.8,246,-15.4" /></mjloggm>