<mjloggm ver="2.3"><GO type="225" lobby="0"/><UN n0="%E6%A1%9C%E8%8A%B1%E9%96%83%E3%80%85" n1="%4C%4F%4C%49%54%41" n2="%79%75%72%69%6D%6F%67" n3="%E3%82%B3%E3%83%90%E3%83%AC%E3%82%A4" dan="16,16,16,16" rate="2222.52,2167.43,2157.30,2120.16" sx="M,F,F,M"/><TAIKYOKU oya="0"/><INIT seed="0,0,0,2,0,82" ten="250,250,250,250" oya="0" hai0="81,106,95,12,96,73,67,24,116,113,59,119,87" hai1="92,111,115,26,130,41,56,33,18,68,13,100,48" hai2="60,112,6,91,37,135,127,46,44,52,89,102,120" hai3="125,97,132,134,85,124,2,84,74,9,65,107,78"/><T50/><D113/><U114/><E68/><V3/><F120/><W70/><G2/><T71/><D71/><U5/><E111/><V131/><F3/><W123/><G70/><T63/><D73/><U101/><E130/><V47/><F112/><N who="1" m="43049" /><E5/><V55/><F37/><W88/><G65/><T76/><D106/><U94/><E56/><N who="2" m="34823" /><F131/><W128/><G9/><T38/><D38/><U122/><E122/><V121/><F121/><W19/><G19/><T66/><D66/><U69/><E69/><V53/><F6/><W31/><G31/><T14/><D50/><U17/><E33/><V34/><F34/><W39/><G39/><T36/><D24/><U8/><E18/><V118/><F127/><N who="3" m="48715" /><G128/><T83/><D83/><U42/><E26/><V35/><F135/><N who="3" m="51755" /><G123/><T29/><D29/><U11/><E11/><V117/><F35/><W62/><G62/><T90/><REACH who="0" step="1"/><D36/><REACH who="0" ten="240,250,250,250" step="2"/><U54/><E48/><V98/><F55/><W0/><G107/><T21/><D21/><U133/><E133/><V80/><F53/><W105/><G105/><T32/><D32/><U72/><E54/><V7/><F80/><N who="3" m="45143" /><G0/><T86/><D86/><U27/><E27/><V79/><F47/><W75/><G75/><T20/><D20/><U25/><E72/><V93/><F44/><W58/><G58/><T49/><D49/><U57/><E57/><V129/><F46/><W61/><G61/><T22/><D22/><U1/><E25/><V110/><F129/><W4/><G85/><T23/><D23/><U99/><E1/><V15/><F98/><AGARI ba="0,1" hai="8,13,17,41,42,92,94,98,99,100,101" m="43049" machi="98" ten="30,1000,0" yaku="11,1" doraHai="82" who="1" fromWho="2" sc="240,0,250,20,250,-10,250,0" /><INIT seed="1,0,0,4,5,126" ten="240,270,240,250" oya="1" hai0="68,60,54,110,100,66,40,127,24,61,125,39,109" hai1="118,58,63,134,59,96,78,32,10,85,103,106,76" hai2="64,89,131,44,26,49,4,30,77,107,97,128,133" hai3="43,94,17,83,122,23,13,70,130,67,25,81,92"/><U15/><E118/><V91/><F77/><W111/><G122/><T57/><D24/><U52/><E32/><V114/><F4/><W22/><G111/><N who="0" m="42507" /><D100/><U108/><E108/><V102/><F114/><W18/><G43/><T7/><D7/><U56/><E134/><V79/><F79/><W87/><G83/><T50/><D61/><U47/><E85/><V121/><F64/><W20/><G20/><T11/><D11/><U93/><E106/><V33/><F133/><W0/><G0/><T3/><D3/><U1/><E1/><V9/><F9/><W124/><G124/><T6/><D6/><N who="1" m="3543" /><E63/><V71/><F71/><W21/><G70/><T117/><D117/><U62/><E62/><V119/><F119/><W98/><G67/><T90/><D90/><U99/><E99/><V19/><F19/><W38/><G23/><T95/><D95/><U88/><E103/><V101/><F101/><W28/><G28/><T37/><D37/><U31/><E31/><V120/><F121/><W113/><G38/><T72/><D72/><U115/><E115/><V82/><F120/><W80/><G113/><T112/><D112/><U74/><E74/><V14/><F14/><W34/><G34/><T132/><D132/><U5/><E5/><V129/><F82/><W12/><G25/><T16/><D16/><U86/><E96/><V41/><AGARI ba="0,0" hai="26,30,33,41,44,49,89,91,97,102,107,128,129,131" machi="41" ten="30,8000,1" yaku="0,1,19,1,52,3" doraHai="126" who="2" fromWho="2" sc="240,-20,270,-40,240,80,250,-20" /><INIT seed="2,0,0,0,3,84" ten="220,230,320,230" oya="2" hai0="113,81,24,79,54,99,64,1,127,69,5,76,86" hai1="56,51,91,68,18,111,71,70,87,46,16,78,7" hai2="59,30,128,52,13,35,49,106,109,8,83,19,114" hai3="44,120,74,73,102,105,15,22,55,48,97,37,104"/><V98/><F114/><W14/><G120/><T134/><D113/><U80/><E111/><V32/><F128/><W39/><G104/><T100/><D127/><U115/><E115/><V118/><F118/><W53/><G53/><T95/><D134/><U29/><E29/><V126/><F126/><W26/><G39/><T66/><D69/><U88/><E7/><V41/><F30/><W61/><G61/><T2/><D79/><U130/><E56/><V58/><F41/><W94/><G37/><T38/><D38/><U96/><E130/><V92/><F106/><W101/><G101/><T77/><D77/><U43/><REACH who="1" step="1"/><E96/><REACH who="1" ten="220,220,320,230" step="2"/><V20/><F35/><W135/><G135/><T103/><D5/><U60/><E60/><V123/><F32/><W34/><G34/><T33/><D33/><U36/><E36/><V124/><F109/><W50/><G48/><T47/><D2/><U23/><E23/><V108/><F124/><W132/><G132/><T133/><D1/><U62/><E62/><V3/><F108/><W10/><G10/><T28/><D133/><U131/><E131/><V40/><F59/><W27/><G22/><N who="0" m="15383" /><D103/><U63/><E63/><V125/><F20/><W75/><G102/><T107/><D107/><U72/><E72/><V42/><F3/><W67/><G75/><T21/><D21/><U25/><E25/><V110/><F110/><W45/><G74/><T6/><D6/><U93/><E93/><V4/><F125/><W116/><G105/><T129/><D129/><U12/><E12/><V31/><F4/><W0/><G73/><T85/><D85/><RYUUKYOKU ba="0,1" sc="220,15,220,15,320,-15,230,-15" hai0="47,54,64,66,76,81,86,95,99,100" hai1="16,18,43,46,51,68,70,71,78,80,87,88,91" /><INIT seed="3,1,1,1,4,41" ten="235,235,305,215" oya="3" hai0="91,99,20,78,131,48,16,38,103,55,106,54,133" hai1="96,88,25,52,18,67,31,39,73,30,47,109,19" hai2="10,3,5,7,1,80,100,95,130,117,126,45,89" hai3="115,51,59,22,2,17,116,32,23,14,110,12,44"/><W83/><G116/><T127/><D38/><U93/><E73/><V66/><F117/><W98/><G32/><T4/><D131/><U46/><E109/><V56/><F3/><W124/><G2/><T61/><D127/><U125/><E125/><V40/><F126/><W107/><G124/><T42/><D133/><U90/><E67/><V35/><F35/><W102/><G110/><T129/><D129/><U33/><E31/><V76/><F100/><W101/><G115/><T132/><D132/><U123/><E123/><V6/><F56/><W86/><G102/><T120/><D78/><U70/><E70/><V92/><F92/><W134/><G59/><T94/><D4/><U24/><E24/><V37/><F66/><W112/><G112/><T135/><D61/><U49/><REACH who="1" step="1"/><E90/><REACH who="1" ten="235,225,305,215" step="2"/><V9/><F130/><W0/><G134/><T71/><D71/><U29/><E29/><V75/><F1/><W57/><G0/><T108/><D135/><U79/><E79/><V26/><F26/><W8/><G12/><T62/><D108/><U15/><E15/><V128/><F128/><W111/><G111/><T97/><D120/><U21/><E21/><V36/><F10/><W113/><G113/><T68/><D20/><U60/><E60/><V87/><F9/><W43/><G57/><N who="0" m="35135" /><D68/><U85/><E85/><V118/><F118/><W13/><G14/><T65/><D65/><U104/><E104/><V119/><F119/><W27/><G27/><T53/><D16/><U63/><E63/><V58/><F75/><W34/><G34/><T74/><D74/><U64/><E64/><RYUUKYOKU ba="1,2" sc="235,10,225,10,305,-30,215,10" hai0="42,48,53,54,91,94,97,99,103,106" hai1="18,19,25,30,33,39,46,47,49,52,88,93,96" hai3="8,13,17,22,23,43,44,51,83,86,98,101,107" /><INIT seed="3,2,2,3,4,1" ten="245,235,275,225" oya="3" hai0="25,24,41,38,30,58,53,84,2,43,67,72,109" hai1="32,59,49,68,128,130,73,100,56,77,8,19,61" hai2="29,33,98,108,26,126,31,122,102,44,71,96,101" hai3="132,55,117,57,88,123,78,28,9,110,103,70,89"/><W134/><G123/><T4/><D72/><U107/><E32/><V47/><F108/><W112/><G110/><T94/><D109/><U17/><E107/><V11/><F126/><W80/><G70/><T74/><D74/><U69/><E100/><V111/><F111/><W97/><G28/><T14/><D2/><U116/><E116/><V3/><F71/><W127/><G117/><T13/><D67/><U50/><E73/><V86/><F31/><W76/><G127/><T27/><D30/><U48/><E77/><N who="3" m="29802" /><G9/><N who="0" m="4263" /><D14/><N who="1" m="7367" /><E19/><V34/><F34/><W120/><G120/><T79/><D38/><U52/><E59/><V12/><F86/><W39/><G39/><T42/><D94/><U124/><E124/><V37/><F37/><W135/><G80/><N who="0" m="47135" /><D42/><U90/><E90/><V125/><F3/><W118/><G118/><T81/><D81/><U131/><AGARI ba="2,2" hai="48,49,50,52,56,61,68,69,128,130,131" m="7367" machi="131" ten="40,2700,0" yaku="19,1,54,1" doraHai="1" who="1" fromWho="1" sc="245,-9,235,53,275,-9,225,-15" /><INIT seed="4,0,0,3,1,102" ten="236,288,266,210" oya="0" hai0="30,32,63,97,94,128,95,69,31,43,34,114,129" hai1="45,35,24,115,3,91,92,96,135,1,118,73,55" hai2="51,111,133,62,60,37,105,90,16,126,116,56,47" hai3="131,75,124,98,101,82,49,38,15,93,77,11,10"/><T83/><D43/><U4/><E118/><V120/><F105/><W70/><G38/><T71/><D83/><U65/><E73/><V59/><F37/><W87/><G70/><N who="0" m="26635" /><D63/><N who="2" m="24106" /><F120/><W40/><G131/><N who="0" m="50251" /><D97/><U0/><E65/><V8/><F111/><W86/><G124/><T123/><D114/><U132/><E115/><V14/><F133/><W54/><G40/><T46/><D46/><U21/><E45/><V7/><F126/><W23/><G23/><T85/><D85/><U66/><E66/><V22/><F116/><W117/><G117/><T119/><D119/><U110/><E110/><V5/><F90/><W58/><REACH who="3" step="1"/><G11/><REACH who="3" ten="236,288,266,200" step="2"/><T99/><D123/><U53/><E21/><V104/><F22/><W12/><G12/><T89/><D95/><U42/><E42/><N who="2" m="25079" /><F104/><W48/><G48/><T20/><D20/><U18/><E92/><V25/><F25/><W19/><AGARI ba="0,1" hai="10,15,19,49,54,58,75,77,82,86,87,93,98,101" machi="19" ten="20,2700,0" yaku="1,1,0,1,7,1,53,0" doraHai="102" doraHaiUra="27" who="3" fromWho="3" sc="236,-13,288,-7,266,-7,200,37" /><INIT seed="5,0,0,4,0,18" ten="223,281,259,237" oya="1" hai0="129,70,43,91,71,13,49,118,105,124,42,65,133" hai1="82,29,110,117,46,60,107,27,108,30,97,62,51" hai2="26,50,123,89,101,20,23,104,14,109,111,78,54" hai3="74,126,48,132,7,59,120,80,47,2,116,6,38"/><U63/><E117/><V90/><F123/><W99/><G116/><T61/><D118/><U100/><E82/><V16/><F109/><W81/><G120/><T57/><D105/><U4/><E4/><N who="3" m="1578" /><G2/><T21/><D124/><U87/><E87/><V103/><F78/><W130/><G74/><T83/><D129/><U131/><E131/><V8/><F8/><W33/><G33/><T67/><D133/><U113/><E113/><V69/><F69/><N who="0" m="26122" /><D21/><U128/><E128/><V37/><F37/><W102/><G38/><T35/><D13/><U127/><E127/><V56/><F111/><N who="1" m="42537" /><E27/><V79/><F79/><W85/><G132/><T77/><D91/><N who="2" m="34826" /><F104/><W45/><G130/><T98/><D35/><U68/><E68/><V32/><F32/><W72/><G72/><T94/><D83/><N who="3" m="31817" /><G85/><T1/><D77/><U9/><E9/><V58/><F58/><W121/><G126/><T86/><D1/><U115/><E115/><V40/><F40/><AGARI ba="0,0" hai="29,30,40,46,51,60,62,63,97,100,107" m="42537" machi="40" ten="30,1500,0" yaku="10,1" doraHai="18" who="1" fromWho="2" sc="223,0,281,15,259,-15,237,0" /><INIT seed="5,1,0,5,5,67" ten="223,296,244,237" oya="1" hai0="30,84,80,78,39,55,89,56,38,11,64,82,92" hai1="97,83,133,59,91,28,34,72,44,61,85,104,105" hai2="50,31,36,121,70,63,119,88,100,131,120,96,69" hai3="27,76,98,12,14,21,110,9,24,52,5,77,130"/><U47/><E72/><V106/><F119/><W109/><G110/><T112/><D112/><U71/><E133/><V57/><F88/><W94/><G109/><T117/><D117/><U75/><E75/><V66/><F131/><W3/><G3/><T2/><D30/><U74/><E74/><V32/><F36/><W62/><G14/><T13/><D2/><U42/><E59/><V17/><F17/><W10/><G10/><T16/><D64/><N who="1" m="41359" /><E42/><V1/><F1/><W102/><G130/><T41/><D41/><U68/><E68/><N who="2" m="42079" /><F50/><W126/><G126/><T79/><D82/><U19/><E105/><V86/><F86/><W113/><G113/><T123/><D123/><N who="2" m="47178" /><F57/><N who="3" m="35111" /><G27/><AGARI ba="1,0" hai="27,31,32,69,70,96,100,106" m="47178,42079" machi="27" ten="30,8000,1" yaku="25,1,23,1,52,3" doraHai="67" who="2" fromWho="3" sc="223,0,296,0,244,83,237,-83" owari="223,-17.7,296,9.6,327,42.7,154,-34.6" /></mjloggm>