<mjloggm ver="2.3"><GO type="225" lobby="0"/><UN n0="%E5%B8%86%E7%AB%8B%E5%A4%8F%E8%A1%A3" n1="%E3%83%A2%E3%83%B3%E3%82%AD%E3%83%BC%E3%83%88%E3%83%AA%E3%83%83%E3%82%AF" n2="%61%6D%65%6B%69" n3="%E3%81%AF%E3%82%88%E3%81%8A%E3%81%98%E3%81%95%E3%82%93" dan="16,16,16,16" rate="2110.93,2155.24,2064.24,2183.31" sx="M,M,M,M"/><TAIKYOKU oya="0"/><INIT seed="0,0,0,0,0,104" ten="250,250,250,250" oya="0" hai0="44,105,101,99,54,100,94,113,30,93,26,23,88" hai1="47,71,85,6,133,70,68,38,29,65,35,13,125" hai2="32,55,57,131,43,134,90,114,16,63,110,3,72" hai3="24,59,58,7,12,69,56,64,89,126,96,66,33"/><T27/><D113/><U15/><E133/><V10/><F114/><W129/><G126/><T51/><D105/><U106/><E106/><V19/><F32/><W87/><G129/><T11/><D11/><U130/><E125/><V39/><F134/><W78/><G69/><T5/><D5/><U115/><E130/><V103/><F103/><W107/><G33/><T97/><D27/><U135/><E115/><V74/><F110/><W50/><G24/><T76/><D76/><U21/><E35/><V83/><F131/><W60/><G107/><T53/><REACH who="0" step="1"/><D100/><REACH who="0" ten="240,250,250,250" step="2"/><U14/><E135/><V116/><F10/><W4/><G78/><T61/><D61/><U92/><E6/><V49/><F63/><W52/><G12/><T109/><D109/><U73/><E13/><V95/><F3/><W17/><G17/><T46/><D46/><U1/><E15/><V119/><F16/><W81/><G4/><T80/><D80/><U128/><E14/><V112/><F83/><W42/><G7/><T75/><D75/><U86/><E73/><V124/><F19/><W77/><G60/><T8/><D8/><U36/><E1/><V118/><F112/><W20/><G20/><T18/><D18/><U79/><E21/><V22/><F22/><W132/><G132/><T2/><D2/><U28/><E79/><V0/><F0/><W31/><G31/><T120/><D120/><U34/><E29/><V37/><F124/><W41/><G77/><T84/><D84/><U102/><E28/><V82/><F82/><W91/><G81/><T121/><D121/><U45/><E128/><RYUUKYOKU ba="0,1" sc="240,30,250,-10,250,-10,250,-10" hai0="23,26,30,44,51,53,54,88,93,94,97,99,101" /><INIT seed="0,1,1,5,0,51" ten="270,240,240,240" oya="0" hai0="38,118,50,128,8,106,131,102,7,125,75,119,94" hai1="25,96,84,33,58,24,70,92,31,78,97,109,47" hai2="103,135,22,63,34,89,95,40,27,115,14,42,134" hai3="108,12,30,9,16,64,36,45,66,0,44,61,28"/><T93/><D38/><U123/><E70/><V19/><F115/><W90/><G108/><T3/><D75/><U29/><E109/><V26/><F103/><W35/><G0/><T72/><D72/><U104/><E104/><V91/><F91/><W68/><G64/><T59/><D106/><U62/><E123/><V20/><F34/><W32/><G36/><T52/><D125/><U127/><E127/><V87/><F63/><W113/><G113/><T55/><D94/><U74/><E47/><V116/><F116/><W53/><G90/><T49/><D93/><U46/><E46/><V82/><F82/><W41/><G35/><T85/><D85/><U110/><E74/><V98/><F87/><W101/><G32/><T39/><D102/><U15/><E15/><V60/><F14/><W37/><REACH who="3" step="1"/><G101/><REACH who="3" ten="270,240,240,230" step="2"/><T130/><D39/><U69/><E110/><V88/><F89/><W120/><G120/><T56/><AGARI ba="1,2" hai="3,7,8,49,50,52,55,56,59,118,119,128,130,131" machi="56" ten="30,18000,2" yaku="0,1,9,1,19,1,52,2,54,1" doraHai="51" who="0" fromWho="0" sc="270,203,240,-61,240,-61,230,-61" /><INIT seed="0,2,0,5,3,12" ten="473,179,179,169" oya="0" hai0="117,46,104,9,58,101,55,15,113,82,22,68,20" hai1="19,26,38,27,48,84,125,14,118,71,21,3,133" hai2="52,78,30,77,95,51,74,53,76,98,87,120,132" hai3="44,89,49,24,37,59,39,79,75,107,4,122,115"/><T96/><D117/><U57/><E71/><V34/><F120/><W10/><G115/><T5/><D113/><U31/><E3/><V67/><F74/><W0/><G107/><T23/><D68/><U65/><E38/><V6/><F132/><W41/><G122/><T109/><D109/><U36/><E36/><V83/><F67/><W50/><G39/><T43/><D82/><U121/><E118/><V116/><F116/><W35/><G89/><T64/><D64/><U28/><E121/><V114/><F6/><W25/><G59/><T108/><D108/><U105/><E105/><V135/><F135/><W13/><G13/><T131/><D131/><U73/><E73/><V111/><F111/><W88/><G88/><T91/><D91/><U42/><E133/><V128/><F128/><W124/><G124/><T97/><D101/><U72/><E72/><V126/><F126/><W123/><G123/><T93/><D93/><U61/><E84/><V54/><F114/><W102/><G102/><T47/><D104/><U11/><E125/><V103/><REACH who="2" step="1"/><F51/><REACH who="2" ten="473,179,169,169" step="2"/><N who="3" m="19467" /><G35/><T7/><D5/><U17/><E48/><V1/><F1/><W60/><G60/><T92/><D7/><U40/><E31/><V130/><F130/><W56/><G56/><T33/><D58/><U69/><REACH who="1" step="1"/><E69/><REACH who="1" ten="473,169,169,169" step="2"/><V32/><F32/><AGARI ba="2,2" hai="11,14,17,19,21,26,27,28,32,40,42,57,61,65" machi="32" ten="30,8000,1" yaku="1,1,2,1,7,1,52,2,53,0" doraHai="12" doraHaiUra="2" who="1" fromWho="2" sc="473,0,169,106,169,-86,169,0" /><INIT seed="1,0,0,4,2,111" ten="473,275,83,169" oya="1" hai0="57,7,43,0,36,2,76,106,52,119,102,48,18" hai1="67,84,86,34,21,121,62,27,107,90,83,95,54" hai2="14,78,108,12,101,32,46,72,85,20,113,45,16" hai3="88,91,41,115,56,123,94,47,64,82,109,92,87"/><U74/><E107/><V77/><F108/><W114/><G109/><T96/><D119/><U66/><E34/><V118/><F118/><W19/><G123/><T100/><D7/><U8/><E8/><V75/><F32/><W135/><G135/><T120/><D120/><U125/><E74/><V69/><F69/><W39/><G82/><T25/><D76/><U116/><E125/><V89/><F101/><W29/><G29/><T33/><D100/><U132/><E132/><V30/><F30/><W131/><G131/><T97/><D96/><U1/><E1/><V28/><F28/><W53/><G64/><T128/><D128/><U44/><E116/><V112/><F14/><W103/><G19/><T24/><D33/><U26/><E121/><V55/><F77/><W65/><G65/><T73/><D73/><U31/><E26/><V127/><F127/><W133/><G103/><T49/><D36/><U124/><E124/><V17/><F17/><W134/><G134/><T105/><D105/><U80/><E95/><V22/><F22/><W98/><G133/><T3/><D18/><U13/><E13/><V104/><F104/><W60/><AGARI ba="0,0" hai="39,41,47,53,56,60,87,88,91,92,94,98,114,115" machi="60" ten="20,8000,1" yaku="0,1,7,1,52,2,54,1" doraHai="111" who="3" fromWho="3" sc="473,-20,275,-40,83,-20,169,80" /><INIT seed="2,0,0,3,0,41" ten="453,235,63,249" oya="2" hai0="19,109,100,20,81,101,103,68,116,3,49,73,22" hai1="46,94,111,106,123,59,77,13,118,76,107,80,56" hai2="120,119,65,35,86,134,8,55,28,6,74,91,84" hai3="42,85,12,26,9,16,51,70,131,66,58,72,34"/><V54/><F119/><W39/><G72/><T48/><D3/><U112/><E118/><V135/><F74/><W78/><G131/><T31/><D116/><U75/><E112/><V57/><F120/><W29/><G70/><T63/><D109/><U93/><E123/><V124/><F124/><W128/><G128/><T102/><D102/><U126/><E126/><V114/><F114/><W18/><G39/><T113/><D113/><U104/><E111/><V7/><F35/><W92/><G66/><T50/><D31/><U89/><E46/><V97/><F28/><W108/><G108/><T47/><D47/><U82/><E13/><V37/><F37/><W64/><G64/><T33/><D33/><U61/><E61/><V105/><F65/><W98/><G85/><T69/><D63/><U87/><E59/><V40/><F40/><W122/><G78/><T2/><D2/><U62/><E62/><V24/><F24/><W125/><G122/><T117/><D117/><U10/><E10/><V67/><F67/><W83/><G83/><T15/><D22/><U36/><E56/><V132/><F57/><W129/><G129/><T0/><D0/><U95/><E36/><V60/><F60/><W90/><G125/><T121/><D121/><U115/><E115/><V44/><F44/><N who="3" m="26007" /><G58/><T96/><D69/><U1/><E1/><N who="2" m="79" /><F7/><N who="3" m="3135" /><G34/><T27/><D68/><U14/><E14/><V25/><F25/><W127/><G127/><T88/><D15/><U4/><REACH who="1" step="1"/><E4/><REACH who="1" ten="453,225,63,249" step="2"/><V130/><F130/><W30/><G26/><T21/><D50/><U23/><E23/><V17/><F134/><RYUUKYOKU ba="0,1" sc="453,-15,225,15,63,-15,249,15" hai1="75,76,77,80,82,87,89,93,94,95,104,106,107" hai3="16,18,29,30,90,92,98" /><INIT seed="3,1,1,2,2,84" ten="438,240,48,264" oya="3" hai0="92,110,125,35,27,73,58,2,52,112,117,118,3" hai1="49,102,10,69,55,54,20,48,37,67,6,75,50" hai2="26,94,116,53,86,126,96,123,51,68,24,63,95" hai3="87,43,17,106,103,5,14,15,21,111,82,60,101"/><W9/><G111/><T127/><D110/><U30/><E75/><V31/><F126/><N who="0" m="48138" /><D73/><U135/><E37/><V105/><F116/><N who="0" m="44650" /><D92/><U34/><E34/><V12/><F123/><W0/><G106/><T122/><D122/><U38/><E38/><V132/><F132/><W77/><G0/><T83/><D83/><U108/><E108/><V121/><F121/><W44/><G60/><N who="0" m="35911" /><D112/><U25/><E135/><V32/><F26/><W120/><G120/><T13/><D13/><U29/><E102/><V74/><F74/><W28/><G28/><AGARI ba="1,1" hai="2,3,27,28,35" m="35911,44650,48138" machi="28" ten="30,2000,0" yaku="18,1,54,1" doraHai="84" who="0" fromWho="3" sc="438,33,240,0,48,0,264,-23" owari="471,57.1,240,-16.0,48,-45.2,241,4.1" /></mjloggm>