<mjloggm ver="2.3"><GO type="225" lobby="0"/><UN n0="%E8%90%BD%E6%97%A5" n1="%6D%75%75%73%61%6E%6D%75" n2="%61%6D%65%6B%69" n3="%E3%83%A9%E3%83%BC%E3%83%A1%E3%83%B3%E4%BA%94%E9%83%8E" dan="16,16,16,16" rate="2158.94,2117.98,2065.88,2117.47" sx="F,F,M,M"/><TAIKYOKU oya="0"/><INIT seed="0,0,0,4,4,71" ten="250,250,250,250" oya="0" hai0="135,92,10,111,126,79,59,39,72,99,24,36,3" hai1="94,93,50,23,12,0,118,77,5,114,74,43,102" hai2="98,49,80,75,42,110,45,15,95,16,1,7,8" hai3="17,78,69,26,18,32,134,109,125,31,91,83,129"/><T103/><D126/><U90/><E118/><V86/><F110/><W96/><G109/><T63/><D111/><U116/><E116/><V133/><F133/><W124/><G134/><T56/><D135/><U105/><E0/><V37/><F75/><N who="3" m="43487" /><G69/><T97/><D59/><U76/><E74/><V46/><F98/><W9/><G9/><T11/><D11/><U117/><E105/><V132/><F132/><W67/><G67/><T64/><D97/><U19/><E117/><V60/><F60/><W29/><G31/><T30/><D79/><U41/><E102/><V68/><F68/><W120/><G120/><T108/><D72/><U2/><E114/><V34/><F34/><W122/><G122/><T121/><D121/><U48/><E2/><V20/><F95/><N who="1" m="36361" /><E90/><V88/><REACH who="2" step="1"/><F46/><REACH who="2" ten="250,250,240,250" step="2"/><W35/><G35/><T28/><D108/><U82/><E82/><V40/><F40/><W21/><G32/><T44/><D44/><U85/><E41/><V81/><F81/><W115/><G125/><T130/><D130/><U55/><E85/><V73/><F73/><W100/><G124/><T128/><D128/><U4/><E43/><V25/><F25/><W113/><G129/><T62/><D62/><U52/><E48/><AGARI ba="0,1" hai="1,7,8,15,16,20,37,42,45,48,49,80,86,88" machi="48" ten="40,8000,1" yaku="1,1,52,1,54,2,53,1" doraHai="71" doraHaiUra="84" who="2" fromWho="1" sc="250,0,250,-80,240,90,250,0" /><INIT seed="1,0,0,2,3,133" ten="250,170,330,250" oya="1" hai0="69,112,26,98,59,49,128,50,18,2,114,76,11" hai1="84,117,57,73,48,30,130,51,34,92,70,28,22" hai2="9,102,72,42,101,131,25,63,40,29,132,47,32" hai3="71,100,55,27,31,95,135,8,85,10,86,125,106"/><U58/><E73/><V52/><F72/><W3/><G135/><T118/><D69/><U129/><E117/><V74/><F74/><W17/><G106/><T66/><D118/><U54/><E70/><V43/><F131/><N who="1" m="50185" /><E34/><V75/><F75/><W126/><G71/><T97/><D76/><U83/><E92/><V61/><F132/><W13/><G55/><T134/><D134/><U65/><E22/><V20/><F32/><N who="3" m="20607" /><G3/><T122/><D128/><U7/><E7/><V80/><F80/><W87/><G8/><T44/><D122/><U79/><E48/><N who="2" m="28703" /><F9/><W82/><G100/><AGARI ba="0,0" hai="20,25,29,40,42,43,61,63,100,101,102" m="28703" machi="100" ten="30,2000,0" yaku="8,1,54,1" doraHai="133" who="2" fromWho="3" sc="250,0,170,0,330,20,250,-20" /><INIT seed="2,0,0,0,5,53" ten="250,170,350,230" oya="2" hai0="75,31,45,67,21,135,18,47,9,106,20,124,64" hai1="112,33,128,74,119,32,25,36,127,7,22,4,96" hai2="0,14,66,110,94,1,97,84,29,38,88,41,10" hai3="34,99,27,49,5,70,101,98,130,63,126,37,24"/><V114/><F114/><W56/><G37/><T54/><D106/><U131/><E74/><V132/><F132/><W134/><G134/><T52/><D135/><U92/><E36/><V58/><F29/><W39/><G39/><T16/><D31/><N who="1" m="17847" /><E96/><V6/><F110/><W107/><G130/><N who="1" m="49706" /><E92/><V15/><F1/><W71/><G126/><T100/><D9/><U115/><E119/><V118/><F118/><W11/><G98/><T51/><D75/><U109/><E109/><V95/><F41/><W57/><G49/><T111/><D111/><U123/><E127/><V108/><F38/><W13/><G71/><T116/><D116/><U104/><E104/><V121/><F121/><W129/><G129/><T113/><D124/><U46/><E46/><V81/><F95/><W105/><G105/><T12/><D113/><N who="1" m="43595" /><E123/><V30/><F108/><W42/><G42/><T85/><D85/><U125/><E125/><V61/><F30/><N who="3" m="19783" /><G27/><N who="0" m="14727" /><D100/><AGARI ba="0,0" hai="0,6,10,14,15,58,61,66,81,84,88,94,97,100" machi="100" ten="30,5800,0" yaku="7,1,52,1,54,1" doraHai="53" who="2" fromWho="0" sc="250,-58,170,0,350,58,230,0" /><INIT seed="2,1,0,3,5,56" ten="192,170,408,230" oya="2" hai0="70,31,111,49,92,20,81,69,130,8,76,28,90" hai1="77,110,132,126,18,71,19,40,114,102,118,10,109" hai2="0,52,104,96,33,115,88,21,105,13,37,9,112" hai3="98,103,54,50,51,120,4,127,55,67,95,32,131"/><V1/><F33/><W135/><G120/><T62/><D111/><N who="1" m="42507" /><E114/><V117/><F37/><W39/><G32/><T25/><D130/><U75/><E118/><V12/><F117/><W11/><G39/><T5/><D31/><U38/><E102/><V125/><F125/><W53/><G131/><T36/><D36/><U43/><E126/><V66/><F66/><W94/><G127/><T134/><D134/><U46/><E132/><V74/><F74/><W85/><G135/><T23/><D23/><U82/><E40/><V101/><F105/><W65/><G85/><T107/><D107/><U27/><E27/><V61/><F1/><W16/><G94/><T45/><D92/><U128/><E128/><V44/><F0/><W63/><G67/><T22/><D22/><U87/><E87/><V29/><F29/><W91/><G103/><T64/><D90/><U129/><E129/><V100/><F100/><W48/><G4/><T121/><D121/><U116/><E116/><V122/><F122/><W24/><G24/><T99/><D99/><U35/><E35/><V6/><F88/><W41/><G41/><T68/><D76/><U58/><E71/><V108/><F108/><W78/><G78/><T34/><D81/><U79/><E79/><V89/><F89/><W133/><G133/><T113/><D113/><U86/><E86/><V124/><F124/><W3/><G91/><T119/><D119/><U2/><E58/><N who="2" m="35015" /><F44/><W30/><G98/><T73/><D73/><U106/><E106/><V97/><F97/><W7/><G95/><T26/><D34/><U47/><E47/><RYUUKYOKU ba="1,0" sc="192,-15,170,15,408,15,230,-15" hai1="2,10,18,19,38,43,46,75,77,82" hai2="6,9,12,13,21,96,101,104,112,115" /><INIT seed="2,2,0,0,5,17" ten="177,185,423,215" oya="2" hai0="128,80,62,50,63,20,112,59,43,65,135,95,107" hai1="54,58,30,97,61,8,90,98,123,127,108,41,39" hai2="93,46,104,85,45,22,92,34,96,70,72,106,19" hai3="3,130,4,29,67,44,2,132,26,56,116,78,52"/><V38/><F70/><W37/><G116/><T36/><D107/><U15/><E108/><V40/><F72/><W28/><G132/><T32/><D32/><U57/><E127/><V83/><F45/><W86/><G130/><T103/><D112/><U21/><E39/><V119/><F119/><W131/><G131/><T87/><D128/><U49/><E123/><V66/><F66/><W51/><G2/><T100/><D135/><U121/><E121/><V64/><F64/><W9/><G26/><T122/><D36/><U18/><E90/><V14/><F34/><W88/><G78/><T111/><D111/><U6/><E30/><V94/><REACH who="2" step="1"/><F96/><REACH who="2" ten="177,185,413,215" step="2"/><W24/><G67/><T27/><D122/><U68/><E68/><V11/><F11/><W113/><G44/><T55/><D43/><U134/><E134/><V115/><F115/><W117/><G113/><T124/><D124/><U7/><E8/><V114/><F114/><W16/><G117/><T47/><D47/><N who="1" m="25839" /><E58/><V133/><F133/><W74/><G74/><T71/><D71/><U0/><E0/><V84/><F84/><W91/><G86/><T35/><D35/><U105/><E105/><V73/><F73/><W76/><G56/><T12/><D65/><U42/><E42/><V102/><F102/><W1/><G1/><T81/><D103/><U60/><E98/><V110/><F110/><W101/><G101/><T129/><D129/><U13/><E97/><V25/><F25/><W126/><G24/><T75/><D75/><U82/><E15/><V5/><F5/><N who="1" m="1545" /><E60/><N who="0" m="23081" /><D12/><U99/><E99/><V109/><F109/><RYUUKYOKU ba="2,1" sc="177,-15,185,15,413,15,215,-15" hai1="13,18,21,54,57,61,82" hai2="14,19,22,38,40,46,83,85,92,93,94,104,106" /><INIT seed="2,3,1,0,1,131" ten="162,200,428,200" oya="2" hai0="22,24,28,69,83,121,50,67,114,52,129,117,9" hai1="30,55,54,72,99,68,38,128,124,134,8,122,127" hai2="19,94,91,27,82,59,6,32,95,107,115,47,51" hai3="86,66,56,75,120,14,7,13,85,39,23,41,64"/><V29/><F107/><W77/><G120/><T78/><D121/><U4/><E122/><V2/><F115/><W84/><G75/><T123/><D123/><U48/><E128/><V101/><F101/><W113/><G113/><T130/><D114/><U3/><E38/><V104/><F59/><W76/><G39/><T46/><D117/><U106/><E72/><V126/><F104/><W20/><G41/><T37/><D37/><U12/><E68/><V81/><F94/><W92/><G92/><T5/><D67/><N who="3" m="25641" /><G56/><T71/><D129/><U35/><E134/><V63/><F63/><W133/><G133/><T88/><D130/><U98/><E3/><V97/><F126/><N who="1" m="48169" /><E106/><V15/><F6/><W118/><G118/><T70/><D88/><U80/><E80/><V79/><F79/><N who="3" m="30283" /><G7/><T40/><D40/><U61/><E61/><V109/><F2/><W111/><G111/><T34/><D34/><U89/><E89/><V53/><REACH who="2" step="1"/><F109/><REACH who="2" ten="162,200,418,200" step="2"/><W36/><G36/><T42/><D71/><U74/><E4/><V100/><F100/><W119/><G119/><T11/><D69/><U43/><E99/><V33/><F33/><W49/><G85/><N who="0" m="48375" /><D70/><U26/><E98/><V62/><F62/><W1/><G1/><T103/><D103/><U0/><E0/><V25/><F25/><W10/><G86/><T44/><D5/><N who="1" m="3087" /><E74/><V16/><F16/><N who="3" m="10255" /><G84/><T96/><D96/><U116/><E116/><V17/><F17/><N who="3" m="10679" /><G10/><AGARI ba="3,2" hai="10,15,19,27,29,32,47,51,53,81,82,91,95,97" machi="10" ten="30,2900,0" yaku="1,1,7,1,53,0" doraHai="131" doraHaiUra="132" who="2" fromWho="3" sc="162,0,200,0,418,58,200,-38" /><INIT seed="2,4,0,0,1,118" ten="162,200,476,162" oya="2" hai0="107,126,55,95,12,29,130,67,86,70,98,132,34" hai1="2,37,109,45,49,0,51,21,28,8,111,83,71" hai2="129,94,101,66,22,103,19,120,93,15,116,82,16" hai3="105,3,39,6,131,77,46,89,54,134,78,42,32"/><V23/><F120/><W104/><G32/><T91/><D126/><U31/><E71/><V79/><F116/><W27/><G134/><T84/><D132/><U59/><E83/><V61/><F129/><W135/><G135/><T113/><D113/><U38/><E59/><V75/><F101/><W52/><G131/><T24/><D130/><U4/><E21/><V69/><REACH who="2" step="1"/><F103/><REACH who="2" ten="162,200,466,162" step="2"/><W43/><G105/><T106/><D106/><U96/><E109/><V33/><F33/><W115/><G104/><T18/><D107/><U87/><E111/><V108/><F108/><W30/><G115/><T80/><D80/><U114/><E114/><V65/><F65/><W40/><G39/><T36/><D36/><U63/><E38/><V62/><F62/><W58/><G40/><T57/><D67/><U124/><E63/><V35/><F35/><W97/><G42/><T72/><D70/><U119/><E37/><V99/><F99/><W68/><G68/><T123/><D123/><U20/><E96/><V117/><F117/><W5/><G97/><T85/><D98/><U102/><E119/><V110/><F110/><W44/><G43/><T100/><D100/><U48/><E102/><V133/><F133/><W81/><G54/><T121/><D121/><U9/><E51/><V13/><AGARI ba="4,1" hai="13,15,16,19,22,23,61,66,69,75,79,82,93,94" machi="13" ten="20,12000,1" yaku="1,1,0,1,7,1,9,1,54,1,53,0" doraHai="118" doraHaiUra="47" who="2" fromWho="2" sc="162,-44,200,-44,466,142,162,-44" /><INIT seed="2,5,0,4,5,103" ten="118,156,608,118" oya="2" hai0="53,77,83,50,127,2,97,101,104,7,112,11,105" hai1="76,18,65,125,72,63,96,126,4,82,30,32,1" hai2="28,124,89,62,67,35,110,108,31,92,133,135,36" hai3="19,84,46,42,45,12,23,33,17,74,78,58,106"/><V16/><F36/><W69/><G69/><T91/><D127/><U9/><E18/><V55/><F124/><W38/><G33/><T114/><D91/><U66/><E66/><V87/><F55/><W94/><G74/><T119/><D119/><U21/><E21/><V121/><F121/><W39/><G106/><T134/><D134/><N who="2" m="51210" /><F35/><W95/><G58/><T131/><D131/><U86/><E86/><V20/><F31/><W120/><G120/><T60/><D60/><U118/><E96/><V102/><F102/><W51/><G19/><T15/><D2/><U29/><E29/><V109/><F28/><W116/><G116/><T68/><D68/><N who="1" m="42047" /><E118/><V73/><F73/><W56/><G56/><T52/><D105/><U26/><AGARI ba="5,0" hai="1,4,9,26,30,32,72,76,82,125,126" m="42047" machi="26" ten="30,1100,0" yaku="23,1" doraHai="103" who="1" fromWho="1" sc="118,-8,156,26,608,-10,118,-8" /><INIT seed="3,0,0,5,4,79" ten="110,182,598,110" oya="3" hai0="82,116,70,93,105,26,104,4,76,63,89,47,131" hai1="17,134,68,39,32,91,60,1,95,108,122,59,92" hai2="87,111,28,121,50,11,96,80,42,132,94,23,6" hai3="51,49,36,102,110,88,15,14,30,29,84,35,113"/><W78/><G113/><T3/><D116/><U19/><E122/><V2/><F111/><W71/><G71/><T74/><D131/><U24/><E68/><V58/><F132/><W44/><G110/><T100/><D100/><U18/><E134/><V103/><F121/><W61/><G102/><T107/><D26/><U112/><E1/><V38/><F38/><W22/><G35/><T45/><D4/><U40/><E92/><V54/><F42/><N who="3" m="24727" /><G36/><T57/><D3/><U120/><E108/><V135/><F135/><W85/><G61/><T27/><D27/><U65/><E112/><V101/><F103/><W119/><G119/><T16/><D16/><U114/><E114/><V118/><F118/><W129/><G129/><T41/><D70/><U55/><E120/><V7/><F7/><W43/><G78/><T12/><D12/><N who="3" m="4649" /><G22/><T48/><D45/><N who="1" m="23711" /><E32/><V126/><F126/><W124/><G124/><T130/><D130/><U34/><E34/><V128/><F128/><W8/><G8/><T99/><REACH who="0" step="1"/><D105/><REACH who="0" ten="100,182,598,110" step="2"/><U73/><E24/><V0/><F2/><W86/><G88/><T33/><D33/><U123/><E123/><V9/><F0/><W98/><G98/><T133/><D133/><U66/><E91/><N who="2" m="51687" /><F6/><W37/><G37/><T83/><D83/><U117/><E117/><V97/><F97/><W46/><AGARI ba="0,1" hai="29,30,43,46,51,84,85,86" m="4649,24727" machi="46" ten="30,1500,0" yaku="8,1" doraHai="79" who="3" fromWho="3" sc="100,-5,182,-5,598,-5,110,25" /><INIT seed="3,1,0,3,5,73" ten="95,177,593,135" oya="3" hai0="92,25,124,23,102,106,91,79,37,24,52,1,4" hai1="36,70,89,5,113,0,110,62,47,101,3,38,19" hai2="86,66,42,11,114,96,9,28,30,48,41,132,123" hai3="80,134,95,43,35,75,50,115,29,72,6,98,63"/><W103/><G115/><T82/><D124/><U57/><E113/><V20/><F114/><W7/><G134/><T84/><D37/><U60/><E101/><V133/><F123/><W100/><G100/><T56/><D4/><U18/><E110/><V39/><F39/><W46/><G63/><T67/><D1/><U78/><E89/><V111/><F111/><W15/><G72/><T85/><D67/><U51/><E36/><V108/><F108/><W129/><G129/><T21/><D102/><U94/><E94/><V16/><F66/><W93/><G93/><T59/><D106/><U74/><E70/><V88/><F96/><W107/><G107/><T116/><D116/><U44/><E44/><N who="2" m="25615" /><F42/><W131/><G131/><T130/><D130/><U90/><E90/><V121/><F121/><W26/><G15/><T81/><D92/><U55/><E62/><V127/><F127/><W109/><G109/><T76/><D91/><U135/><E135/><N who="2" m="51787" /><F11/><W99/><G99/><T120/><D120/><U104/><E0/><V64/><F9/><W8/><G8/><T122/><D122/><U97/><E97/><V128/><F64/><W112/><G112/><T14/><D14/><U54/><E104/><V61/><F61/><W2/><G2/><T13/><D13/><U40/><E38/><V125/><F125/><W77/><AGARI ba="1,0" hai="6,7,26,29,35,43,46,50,75,77,80,95,98,103" machi="77" ten="30,3000,0" yaku="0,1,52,1" doraHai="73" who="3" fromWho="3" sc="95,-11,177,-11,593,-11,135,33" /><INIT seed="3,2,0,1,4,10" ten="84,166,582,168" oya="3" hai0="123,92,16,105,93,2,102,126,129,130,83,75,8" hai1="40,118,44,9,27,87,89,74,43,5,35,56,104" hai2="96,76,117,25,39,60,1,112,68,62,73,111,88" hai3="134,95,30,31,124,42,36,106,47,63,107,127,34"/><W128/><G128/><N who="0" m="49259" /><D2/><U51/><E74/><V17/><F39/><W114/><G114/><T46/><D123/><U49/><E104/><N who="3" m="39978" /><G134/><T85/><D75/><U15/><E118/><V91/><F117/><W67/><G95/><N who="0" m="36427" /><D46/><U119/><E119/><V108/><F112/><W94/><G94/><T50/><D50/><U4/><E40/><V29/><F17/><W33/><G30/><T120/><D120/><U28/><E51/><V55/><F1/><W72/><G72/><T7/><D7/><U86/><E4/><V90/><F96/><W54/><G54/><T135/><D135/><U79/><E79/><V100/><F100/><W99/><G99/><N who="0" m="61663" /><D126/><N who="3" m="48169" /><G31/><T71/><D71/><AGARI ba="2,0" hai="33,34,36,42,47,63,67,71" m="48169,39978" machi="71" ten="30,2900,0" yaku="18,1,23,1" doraHai="10" who="3" fromWho="0" sc="84,-35,166,0,582,0,168,35" /><INIT seed="3,3,0,3,4,2" ten="49,166,582,203" oya="3" hai0="15,68,32,18,76,99,36,82,109,11,90,19,86" hai1="38,30,110,41,61,115,111,108,17,103,8,102,13" hai2="124,84,6,52,133,42,28,64,98,100,89,14,50" hai3="79,131,55,118,81,22,3,85,34,91,129,75,23"/><W58/><G118/><T80/><D109/><U10/><E115/><V47/><F124/><W33/><G3/><T39/><D68/><U119/><E119/><V26/><F133/><W83/><G22/><T106/><D32/><U116/><E116/><V12/><F64/><W16/><G34/><T45/><D36/><U46/><E30/><V78/><F78/><W51/><G33/><T130/><D130/><U127/><E127/><V56/><F6/><W66/><G66/><T24/><D39/><U21/><E61/><V67/><F67/><W44/><G44/><T69/><D69/><U112/><E112/><V117/><F117/><W5/><G5/><T63/><D63/><U40/><E40/><V125/><F125/><W1/><G1/><T25/><D19/><U121/><E121/><V96/><F26/><W4/><G4/><T132/><D132/><U92/><E92/><N who="2" m="58375" /><F98/><W60/><G60/><T65/><D65/><U94/><E94/><N who="2" m="54567" /><F28/><W105/><G105/><T87/><D106/><U37/><E38/><V59/><F59/><W57/><G57/><T135/><D99/><U93/><E93/><V70/><F70/><W113/><G113/><T128/><D135/><U104/><E104/><V35/><F35/><W114/><G114/><T77/><D128/><U43/><E43/><V53/><F42/><W107/><G107/><T0/><D0/><U73/><E73/><V31/><F31/><W29/><G29/><T97/><REACH who="0" step="1"/><D45/><REACH who="0" ten="39,166,582,203" step="2"/><U27/><E103/><V95/><F47/><W71/><G71/><T101/><D101/><U74/><E102/><V54/><F50/><RYUUKYOKU ba="3,1" sc="39,15,166,-15,582,-15,203,15" hai0="11,15,18,24,25,76,77,80,82,86,87,90,97" hai3="16,23,51,55,58,75,79,81,83,85,91,129,131" /><INIT seed="3,4,1,5,1,125" ten="54,151,567,218" oya="3" hai0="15,128,13,114,9,80,41,3,112,17,68,33,46" hai1="105,127,11,1,83,23,99,74,118,29,59,44,71" hai2="64,94,78,42,27,65,100,98,18,106,60,84,43" hai3="47,101,6,48,62,30,113,79,126,10,37,86,7"/><W54/><G113/><N who="0" m="43627" /><D68/><U135/><E59/><N who="2" m="36895" /><F106/><W108/><G37/><T110/><D46/><U96/><E96/><V2/><F2/><W89/><G126/><T24/><D41/><N who="2" m="15370" /><F65/><W31/><G108/><T4/><D80/><U61/><E83/><N who="2" m="47223" /><F27/><W77/><G62/><T76/><D76/><U91/><E11/><V0/><F0/><W26/><G101/><T72/><D72/><U92/><E29/><V90/><F18/><W133/><G31/><N who="0" m="19687" /><D110/><U22/><E92/><V116/><F116/><W20/><G79/><T49/><D49/><U130/><E44/><V81/><F81/><W73/><G77/><T57/><D57/><U45/><E61/><V109/><F109/><W52/><G73/><T28/><D28/><U82/><E99/><V85/><F85/><W34/><G47/><T115/><N who="0" m="43635" /><T55/><DORA hai="75" /><D55/><U53/><E53/><V56/><F56/><W67/><G54/><T36/><D36/><U5/><E91/><AGARI ba="4,1" hai="90,91,94,98,100" m="47223,15370,36895" machi="91" ten="30,2000,0" yaku="8,1,52,1" doraHai="125,75" who="2" fromWho="1" sc="54,0,151,-32,567,42,218,0" owari="54,-44.6,119,-28.1,609,70.9,218,1.8" /></mjloggm>