<mjloggm ver="2.3"><GO type="225" lobby="0"/><UN n0="%72%61%6B%33" n1="%6D%75%75%6D%75%72%61" n2="%E5%B0%8F%E9%B3%A5%E9%81%8A%E7%B7%B4%E7%84%A1%32%31%E6%AD%B3" n3="%E3%81%8B%E3%82%8F%E3%81%A1%E3%82%83%E3%82%93%35%38" dan="16,16,16,16" rate="2088.11,2141.97,2151.16,2134.50" sx="M,F,F,M"/><TAIKYOKU oya="0"/><INIT seed="0,0,0,3,2,94" ten="250,250,250,250" oya="0" hai0="88,18,77,84,67,98,122,134,44,42,53,36,93" hai1="37,56,45,106,7,70,105,58,1,87,82,64,50" hai2="5,128,112,32,38,40,28,10,29,124,125,59,8" hai3="49,96,26,27,2,135,101,34,52,0,89,24,55"/><T117/><D117/><U65/><E1/><V51/><F38/><W95/><G34/><T60/><D122/><U97/><E7/><V9/><F112/><W111/><G111/><T130/><D134/><U104/><E37/><V83/><F83/><W90/><G135/><T71/><D130/><U79/><E70/><V76/><F76/><W126/><G126/><N who="2" m="48745" /><F5/><W121/><G121/><T129/><D129/><U54/><E64/><V68/><F68/><W61/><G61/><T15/><D53/><U69/><E65/><V99/><F32/><W109/><G55/><T19/><REACH who="0" step="1"/><D15/><REACH who="0" ten="240,250,250,250" step="2"/><U103/><REACH who="1" step="1"/><E69/><REACH who="1" ten="240,240,250,250" step="2"/><V17/><F128/><W11/><G109/><T92/><D92/><AGARI ba="0,2" hai="45,50,54,56,58,79,82,87,92,97,103,104,105,106" machi="92" ten="40,12000,2" yaku="1,1,2,1,52,1,53,3" doraHai="94" doraHaiUra="102" who="1" fromWho="0" sc="240,-120,240,140,250,0,250,0" /><INIT seed="1,0,0,5,3,38" ten="120,380,250,250" oya="1" hai0="70,23,31,95,86,19,102,67,69,15,106,88,37" hai1="25,111,96,36,17,60,35,39,44,75,80,57,55" hai2="6,123,85,66,29,99,1,82,117,9,112,97,104" hai3="21,65,81,41,42,125,27,124,90,91,7,8,11"/><U110/><E96/><V4/><F117/><W132/><G65/><T119/><D119/><U56/><E56/><V49/><F123/><W79/><G132/><T43/><D31/><U129/><E129/><V116/><F116/><W50/><G50/><T73/><D73/><U121/><E121/><V78/><F112/><W77/><G21/><T83/><D106/><U130/><E130/><V46/><F66/><W93/><G27/><T68/><D67/><U48/><E75/><V89/><F104/><W100/><G100/><T134/><D134/><U12/><E80/><V98/><F29/><W16/><G16/><T58/><D58/><U18/><E18/><V40/><REACH who="2" step="1"/><F4/><REACH who="2" ten="120,380,240,250" step="2"/><W63/><G7/><T71/><D71/><U22/><E110/><V47/><F47/><W135/><G135/><T61/><D61/><U34/><E111/><V103/><F103/><W94/><G81/><T62/><D62/><AGARI ba="0,1" hai="8,11,41,42,62,63,77,79,90,91,93,94,124,125" machi="62" ten="25,6400,0" yaku="22,2,52,2" doraHai="38" who="3" fromWho="0" sc="120,-64,380,0,240,0,250,74" /><INIT seed="2,0,0,2,5,89" ten="56,380,240,324" oya="2" hai0="117,58,28,129,53,76,77,41,52,30,37,49,80" hai1="91,99,98,27,110,109,85,74,130,124,38,96,126" hai2="10,78,4,56,88,24,9,13,46,0,119,83,93" hai3="17,2,108,40,125,64,132,11,66,22,45,84,6"/><V113/><F113/><W118/><G118/><T114/><D114/><U59/><E38/><V94/><F119/><W69/><G69/><T75/><D129/><U92/><E59/><V73/><F56/><W71/><G71/><T33/><D117/><U123/><E27/><V65/><F65/><W101/><G108/><N who="1" m="41578" /><E130/><V42/><F24/><W112/><G112/><T16/><D33/><U29/><E29/><V19/><REACH who="2" step="1"/><F88/><REACH who="2" ten="56,380,230,324" step="2"/><W127/><G66/><T70/><D70/><U131/><E131/><V39/><AGARI ba="0,1" hai="0,4,9,10,13,19,39,42,46,73,78,83,93,94" machi="39" ten="20,24000,3" yaku="1,1,2,1,0,1,7,1,25,2,52,2,53,0" doraHai="89" doraHaiUra="63" who="2" fromWho="2" sc="56,-80,380,-80,230,250,324,-80" owari="-24,-52.4,300,10.0,480,58.0,244,-15.6" /></mjloggm>