<mjloggm ver="2.3"><GO type="225" lobby="0"/><UN n0="%4E%49%4A%49%49%52%4F" n1="%E6%80%AA%E3%81%97%E3%81%99%E3%81%8E%E3%82%8B%E3%83%81%E3%83%BC" n2="%E6%97%A5%E6%9B%9C%E6%97%A5%E3%82%88%E3%82%8A%E3%81%AE%E4%BD%BF%E8%80%85" n3="%E3%81%82%E3%82%93%E3%81%AA%E3%81%A4" dan="16,16,17,16" rate="2172.08,2166.07,2163.81,2157.63" sx="M,M,M,M"/><TAIKYOKU oya="0"/><INIT seed="0,0,0,5,5,99" ten="250,250,250,250" oya="0" hai0="81,59,69,25,129,133,32,101,37,102,72,58,21" hai1="18,96,7,26,38,107,24,52,33,4,115,51,46" hai2="70,28,110,124,34,31,15,17,86,125,49,20,135" hai3="14,56,36,68,47,35,65,30,61,85,91,98,76"/><T120/><D120/><U42/><E115/><V73/><F73/><W87/><G35/><T134/><D69/><U94/><E107/><V9/><F70/><W6/><G30/><T104/><D32/><U11/><E33/><V16/><F86/><W12/><G68/><T84/><D37/><U122/><E122/><V105/><F49/><W2/><G2/><T77/><D72/><U93/><E93/><V48/><F48/><W121/><G121/><T22/><D104/><U62/><E62/><V10/><F105/><W80/><G98/><T95/><D95/><U119/><E119/><V39/><F39/><W27/><G27/><T45/><D45/><U44/><E24/><N who="2" m="14343" /><F110/><W8/><G36/><T29/><D21/><U75/><E75/><V23/><F135/><N who="0" m="51722" /><D129/><U67/><E67/><V78/><F78/><W83/><REACH who="3" step="1"/><G47/><REACH who="3" ten="250,250,250,240" step="2"/><T111/><D111/><U43/><E26/><N who="2" m="18711" /><F31/><W118/><G118/><T82/><D82/><U117/><E117/><V57/><F57/><AGARI ba="0,1" hai="22,25,29,57,58,59,77,81,84,101,102" m="51722" machi="57" ten="30,5800,0" yaku="20,1,52,2" doraHai="99" who="0" fromWho="2" sc="250,68,250,0,250,-58,240,0" /><INIT seed="0,1,0,1,3,43" ten="318,250,192,240" oya="0" hai0="63,109,46,14,53,100,2,31,27,48,122,51,108" hai1="0,127,40,95,102,41,120,132,32,114,113,92,35" hai2="16,3,69,42,125,96,89,22,66,133,87,23,37" hai3="86,72,98,10,97,62,28,1,65,33,116,60,29"/><T71/><D2/><U12/><E0/><V38/><F3/><W115/><G72/><T25/><D122/><U106/><E12/><V7/><F7/><W128/><G115/><N who="1" m="44042" /><E120/><V135/><F96/><N who="3" m="36971" /><G33/><N who="1" m="12874" /><E102/><V131/><F125/><W75/><G75/><T74/><D74/><U77/><E77/><V103/><F103/><W78/><G116/><T52/><D100/><U68/><E68/><V26/><F131/><W90/><G78/><T56/><D14/><U81/><E81/><V124/><F124/><W134/><G134/><T79/><D79/><U99/><E99/><V5/><F5/><W111/><G128/><T80/><D80/><U70/><E70/><V121/><F121/><W93/><G1/><T21/><REACH who="0" step="1"/><D25/><REACH who="0" ten="308,250,192,240" step="2"/><U85/><E127/><V55/><F135/><W64/><G90/><T9/><D9/><U24/><E132/><V110/><F133/><W126/><G10/><T130/><D130/><U101/><E24/><V50/><F89/><N who="3" m="53431" /><G126/><T61/><D61/><N who="3" m="23657" /><G111/><T119/><D119/><U94/><E101/><V123/><F110/><W91/><G91/><T34/><D34/><U47/><E106/><V84/><F123/><W39/><G65/><AGARI ba="1,1" hai="21,27,31,46,48,51,52,53,56,63,65,71,108,109" machi="65" ten="40,7700,0" yaku="1,1,52,1,54,1,53,0" doraHai="43" doraHaiUra="107" who="0" fromWho="3" sc="308,90,250,0,192,0,240,-80" /><INIT seed="0,2,0,5,2,114" ten="398,250,192,160" oya="0" hai0="20,11,99,71,35,76,62,16,61,46,50,68,30" hai1="75,107,60,22,48,97,72,69,17,43,4,112,77" hai2="119,28,105,14,3,98,8,122,116,117,55,108,115" hai3="21,133,51,66,24,70,131,2,18,42,135,7,29"/><T132/><D132/><N who="3" m="50761" /><G70/><T57/><D76/><U82/><E112/><V64/><F64/><W90/><G66/><T27/><D11/><U67/><E75/><V81/><F115/><W111/><G111/><T45/><D45/><U54/><E4/><N who="2" m="1055" /><F122/><W65/><G65/><T41/><D99/><U58/><E43/><V25/><F108/><W23/><G90/><T94/><D94/><U125/><E125/><V33/><F55/><W9/><G51/><T56/><D56/><U104/><REACH who="1" step="1"/><E97/><REACH who="1" ten="398,240,192,160" step="2"/><V12/><F81/><W129/><G42/><T78/><D41/><U123/><E123/><V44/><F44/><W73/><G73/><T74/><D46/><U85/><E85/><V128/><F128/><N who="3" m="49227" /><G18/><T124/><D16/><U52/><E52/><V49/><F49/><W130/><N who="3" m="49235" /><W53/><DORA hai="127" /><G53/><T87/><D71/><U121/><E121/><V47/><F47/><W0/><G0/><T5/><D68/><U100/><E100/><AGARI ba="2,1" hai="12,14,25,28,33,98,100,105,116,117,119" m="1055" machi="100" ten="30,7700,0" yaku="12,1,52,3" doraHai="114,127" who="2" fromWho="1" sc="398,0,240,-83,192,93,160,0" /><INIT seed="1,0,0,3,3,55" ten="398,157,285,160" oya="1" hai0="94,54,78,74,105,85,98,64,12,38,68,126,8" hai1="7,61,82,122,50,95,70,41,23,96,119,34,130" hai2="88,69,75,52,15,33,108,89,118,77,93,47,10" hai3="2,28,80,104,5,44,87,26,14,9,113,30,13"/><U120/><E119/><V56/><F118/><W110/><G113/><T22/><D38/><U133/><E34/><V91/><F69/><W35/><G110/><T121/><D126/><U32/><E32/><V132/><F108/><W79/><G104/><T106/><D121/><U24/><E133/><V40/><F33/><W83/><G30/><T48/><D22/><U71/><E130/><V112/><F132/><W60/><G60/><T42/><D74/><U45/><E7/><V134/><F134/><W103/><G103/><T100/><D42/><U58/><E82/><V76/><F75/><W17/><G44/><T3/><D3/><U0/><E0/><V39/><F112/><W53/><G53/><T18/><D64/><U81/><E81/><V127/><F127/><W19/><REACH who="3" step="1"/><G83/><REACH who="3" ten="398,157,285,150" step="2"/><T16/><D100/><U51/><E120/><V65/><F65/><W6/><G6/><T97/><D54/><U66/><E122/><V43/><F43/><W63/><G63/><T131/><D106/><U129/><E129/><V59/><F52/><W125/><G125/><T72/><D105/><U116/><E116/><V1/><F40/><W123/><G123/><T20/><D131/><U99/><E51/><V90/><F47/><W73/><G73/><T37/><D48/><U27/><E71/><V11/><F39/><W102/><G102/><T25/><D68/><U29/><E70/><V124/><F124/><W128/><G128/><T114/><D37/><U57/><E57/><V4/><F59/><W21/><G21/><T117/><D117/><U36/><E36/><V62/><F56/><RYUUKYOKU ba="0,1" sc="398,-10,157,-10,285,-10,150,30" hai3="2,5,9,13,14,17,19,26,28,35,79,80,87" /><INIT seed="2,1,1,0,0,122" ten="388,147,275,180" oya="2" hai0="79,30,87,117,11,82,114,28,133,4,5,42,127" hai1="66,52,45,103,19,75,100,84,67,68,0,74,124" hai2="125,13,58,86,109,26,81,108,73,38,95,91,3" hai3="46,39,16,50,61,105,88,1,71,43,17,111,135"/><V76/><F3/><W15/><G1/><T49/><D114/><U115/><E115/><V48/><F38/><W118/><G118/><T63/><D117/><U110/><E0/><V21/><F125/><W57/><G105/><T8/><D127/><U129/><E124/><V101/><F101/><W44/><G111/><N who="2" m="42569" /><F13/><W92/><G15/><N who="0" m="5511" /><D63/><U22/><E129/><V116/><F116/><W104/><G104/><T6/><D133/><U24/><E110/><V85/><F73/><W51/><G71/><T32/><D32/><U59/><E68/><V120/><F120/><W35/><G35/><T20/><D11/><U89/><E75/><V70/><F70/><W69/><G69/><T25/><D28/><U23/><E74/><V134/><F134/><W12/><G12/><T60/><D60/><N who="1" m="35943" /><E23/><V41/><F58/><W121/><G121/><T98/><D98/><U99/><E45/><AGARI ba="1,1" hai="5,6,20,25,30,42,45,49,79,82,87" m="5511" machi="45" ten="30,2000,0" yaku="25,1,8,1" doraHai="122" who="0" fromWho="1" sc="388,33,147,-23,275,0,180,0" /><INIT seed="3,0,0,2,3,77" ten="421,124,275,180" oya="3" hai0="59,128,48,18,65,129,73,60,104,42,52,89,17" hai1="1,46,91,97,127,5,24,125,3,102,23,49,39" hai2="38,31,108,92,103,101,13,86,29,124,4,34,21" hai3="90,35,10,57,76,6,126,80,122,118,109,50,135"/><W54/><G118/><T112/><D112/><U32/><E39/><V11/><F38/><W81/><G122/><T134/><D73/><U51/><E32/><V30/><F108/><W84/><G35/><T9/><D104/><U37/><E37/><V20/><F34/><W33/><G33/><T19/><D134/><U43/><E51/><V114/><F124/><W117/><G117/><T53/><D89/><U111/><E111/><V83/><F114/><W22/><G109/><T95/><D95/><U69/><E69/><V110/><F110/><W123/><G123/><T47/><D9/><U61/><E61/><V78/><F92/><W93/><G135/><T14/><D14/><U15/><E15/><V75/><F75/><W7/><G126/><T74/><D74/><U98/><E125/><V58/><F58/><W28/><G76/><T64/><D53/><U36/><E36/><V44/><F44/><W130/><G130/><AGARI ba="0,0" hai="17,18,19,42,47,48,52,59,60,64,65,128,129,130" machi="130" ten="40,2600,0" yaku="19,1,54,1" doraHai="77" who="0" fromWho="3" sc="421,26,124,0,275,0,180,-26" owari="447,54.7,124,-37.6,275,7.5,154,-24.6" /></mjloggm>