<mjloggm ver="2.3"><GO type="225" lobby="0"/><UN n0="%E3%83%81%E3%83%AF%E3%83%AF%E9%9A%8A%E9%95%B7" n1="%E3%80%93%E3%81%97%E3%83%BC%E3%82%89%E3%80%93" n2="%E3%81%AF%E3%82%88%E3%81%8A%E3%81%98%E3%81%95%E3%82%93" n3="%E3%81%BF%E3%81%BF%E3%81%9A" dan="17,16,17,18" rate="2183.78,2166.53,2179.58,2233.51" sx="M,M,M,M"/><TAIKYOKU oya="0"/><INIT seed="0,0,0,0,1,24" ten="250,250,250,250" oya="0" hai0="83,43,68,31,115,61,79,123,81,51,87,111,65" hai1="70,103,50,23,95,2,20,29,118,130,64,39,16" hai2="22,1,107,93,92,28,0,124,60,63,18,6,40" hai3="85,109,112,62,125,101,77,117,49,38,44,108,76"/><T41/><D115/><U48/><E39/><V84/><F107/><W113/><G38/><T12/><D123/><U99/><E2/><V67/><F124/><W59/><G117/><T131/><D131/><U42/><E118/><V129/><F129/><W90/><G101/><T34/><D111/><N who="3" m="42569" /><G125/><T13/><D81/><U10/><E130/><V97/><F40/><N who="3" m="24711" /><G76/><T94/><D94/><U119/><E119/><V47/><F47/><W26/><G77/><T17/><D51/><N who="1" m="19499" /><E70/><V53/><F53/><N who="3" m="34159" /><G26/><T46/><D46/><U9/><E42/><V14/><F63/><W105/><G105/><T91/><D79/><U134/><E64/><V56/><F6/><W82/><AGARI ba="0,0" hai="82,85,90,112,113" m="34159,24711,42569" machi="82" ten="30,1100,0" yaku="14,1" doraHai="24" who="3" fromWho="3" sc="250,-5,250,-3,250,-3,250,11" /><INIT seed="1,0,0,5,0,131" ten="245,247,247,261" oya="1" hai0="60,62,120,119,117,49,99,28,1,3,30,127,34" hai1="33,47,24,92,39,88,23,126,125,78,8,89,124" hai2="118,112,4,9,38,6,16,11,116,90,129,18,87" hai3="113,22,74,55,69,76,27,0,52,45,20,72,108"/><U79/><E33/><V68/><F68/><W40/><G113/><T5/><D120/><U36/><E8/><V115/><F38/><N who="1" m="14377" /><E47/><V12/><F87/><W111/><G69/><T83/><D127/><U56/><E56/><V84/><F84/><W10/><G10/><T61/><D5/><U21/><E21/><N who="3" m="8298" /><G27/><T53/><D83/><U97/><E89/><V26/><F90/><W123/><G123/><T104/><D104/><U93/><E93/><V85/><F85/><W100/><G100/><T91/><D91/><U70/><E70/><V132/><F129/><W41/><G0/><T75/><D75/><N who="3" m="28713" /><G76/><T42/><D1/><U71/><E71/><V54/><F54/><N who="3" m="20523" /><G45/><T67/><D3/><U128/><E128/><V98/><F98/><W43/><AGARI ba="0,0" hai="40,41,43,108,111" m="20523,28713,8298" machi="43" ten="40,5200,0" yaku="28,2,54,1" doraHai="131" who="3" fromWho="3" sc="245,-13,247,-26,247,-13,261,52" /><INIT seed="2,0,0,4,2,52" ten="232,221,234,313" oya="2" hai0="99,91,126,18,62,125,95,112,44,60,134,49,53" hai1="9,10,118,14,87,50,81,117,133,34,109,98,74" hai2="122,12,3,76,90,30,66,4,71,108,19,5,135" hai3="8,92,85,0,65,43,55,32,104,88,24,63,96"/><V28/><F122/><W36/><G55/><T115/><D134/><U128/><E34/><V120/><F120/><W79/><G43/><T40/><D18/><U45/><E133/><V6/><F135/><W64/><G36/><T2/><D2/><U13/><E74/><V77/><F3/><W86/><G65/><T127/><REACH who="0" step="1"/><D40/><REACH who="0" ten="222,221,234,313" step="2"/><N who="1" m="24871" /><E118/><V37/><F4/><W106/><G0/><T80/><D80/><U110/><E117/><V84/><F19/><W94/><G8/><T1/><D1/><U101/><E10/><V131/><F5/><W56/><G79/><T15/><D15/><U58/><E9/><V78/><F12/><W27/><G27/><T102/><D102/><U82/><E14/><V68/><F6/><W22/><G32/><T73/><D73/><U17/><E13/><V121/><F121/><W97/><G106/><T38/><D38/><U7/><E17/><V67/><F37/><W123/><G104/><T113/><AGARI ba="0,1" hai="44,49,53,60,62,91,95,99,112,113,115,125,126,127" machi="113" ten="40,5200,0" yaku="1,1,0,1,18,1,53,0" doraHai="52" doraHaiUra="26" who="0" fromWho="0" sc="222,62,221,-13,234,-26,313,-13" /><INIT seed="3,0,0,5,0,132" ten="284,208,208,300" oya="3" hai0="81,135,8,24,1,27,59,2,56,131,17,26,54" hai1="95,89,23,68,55,53,87,123,79,80,29,82,115" hai2="20,6,93,86,28,100,83,120,39,57,12,43,31" hai3="77,37,18,74,38,19,96,127,73,122,90,106,69"/><W15/><G122/><T36/><D36/><U63/><E115/><V105/><F105/><W114/><G114/><T58/><D135/><U22/><E123/><V98/><F120/><W33/><G69/><T67/><D131/><U133/><E133/><V97/><F97/><W14/><G33/><T70/><D54/><N who="1" m="20491" /><E68/><V102/><F102/><W84/><G127/><T129/><D129/><U7/><E7/><V9/><F39/><W45/><G45/><T75/><D17/><U11/><E11/><V124/><F124/><W5/><G5/><T42/><D8/><U46/><E46/><V108/><F108/><W109/><G109/><T16/><D42/><U118/><E118/><V113/><F113/><W101/><G15/><T48/><D48/><U121/><E121/><V119/><F119/><W110/><G19/><T62/><REACH who="0" step="1"/><D16/><REACH who="0" ten="274,208,208,300" step="2"/><U41/><E41/><V49/><F20/><N who="3" m="11351" /><G73/><T4/><D4/><U3/><E23/><V10/><F9/><W40/><G40/><T72/><D72/><U88/><E22/><V25/><F25/><W13/><G13/><T61/><D61/><U47/><E63/><V32/><F32/><W99/><G110/><T94/><D94/><U34/><E95/><V50/><F50/><W71/><G71/><T125/><D125/><U92/><E34/><V111/><F111/><W134/><G134/><T104/><D104/><U85/><E92/><V78/><F57/><W112/><G112/><T130/><D130/><U30/><E47/><AGARI ba="0,1" hai="6,10,12,28,31,43,47,49,78,83,86,93,98,100" machi="47" ten="40,5200,0" yaku="25,2,8,1" doraHai="132" who="2" fromWho="1" sc="274,0,208,-52,208,62,300,0" owari="274,7.4,156,-34.4,270,-13.0,300,40.0" /></mjloggm>