<mjloggm ver="2.3"><GO type="225" lobby="0"/><UN n0="%4E%49%4A%49%49%52%4F" n1="%E6%80%AA%E3%81%97%E3%81%99%E3%81%8E%E3%82%8B%E3%83%81%E3%83%BC" n2="%73%61%6E%64%69%72%69%73" n3="%E5%AF%82%E5%AF%9E%E3%82%AE%E3%83%8D%E3%82%B9%E3%83%93%E3%83%BC%E3%83%AB" dan="16,16,16,16" rate="2206.83,2135.93,2146.22,2147.39" sx="M,M,M,M"/><TAIKYOKU oya="0"/><INIT seed="0,0,0,0,1,121" ten="250,250,250,250" oya="0" hai0="80,83,17,9,70,95,13,84,120,47,111,108,25" hai1="66,86,89,44,71,117,87,102,63,58,119,50,72" hai2="34,35,10,19,20,5,93,8,52,118,68,98,113" hai3="99,130,105,21,109,39,90,101,2,65,78,123,54"/><T55/><D70/><U112/><E72/><V81/><F113/><W100/><G2/><T129/><D120/><U67/><E112/><V85/><F68/><W132/><G123/><T26/><D129/><U135/><E135/><V115/><F118/><W75/><G39/><T82/><D95/><U104/><E87/><V48/><F115/><W42/><G42/><T73/><D73/><U124/><E124/><V28/><F28/><W131/><G65/><T59/><D47/><U30/><E30/><V27/><F5/><W12/><G54/><T41/><D84/><U29/><E29/><V33/><F93/><N who="3" m="56759" /><G21/><T18/><D41/><U91/><E102/><N who="3" m="39530" /><G12/><T60/><REACH who="0" step="1"/><D17/><REACH who="0" ten="240,250,250,250" step="2"/><U36/><E86/><V128/><F128/><W103/><G131/><T88/><D88/><U114/><E91/><V110/><F85/><W74/><G130/><T61/><D61/><N who="1" m="38199" /><E89/><V76/><F19/><W37/><G74/><T56/><D56/><U51/><E114/><V43/><F43/><W15/><G75/><T16/><D16/><U11/><E117/><V106/><F106/><W53/><G105/><T97/><D97/><U40/><E104/><V23/><F98/><W116/><G116/><T14/><D14/><U79/><E119/><V3/><F3/><W127/><G15/><T7/><D7/><U45/><E79/><V57/><F57/><W31/><G78/><T38/><D38/><N who="1" m="21527" /><E11/><V126/><F8/><W125/><G31/><T107/><D107/><U92/><E92/><V96/><F10/><W94/><G94/><T62/><D62/><U0/><E0/><V1/><F1/><RYUUKYOKU ba="0,1" sc="240,15,250,15,250,-15,250,-15" hai0="9,13,18,25,26,55,59,60,80,82,83,108,111" hai1="36,45,50,51,63,67,71" /><INIT seed="0,1,1,2,5,108" ten="255,265,235,235" oya="0" hai0="132,29,10,17,75,51,28,72,112,1,88,63,18" hai1="50,93,134,7,25,76,48,98,60,43,3,46,24" hai2="80,0,79,47,32,131,111,101,14,2,4,102,89" hai3="58,21,39,16,45,26,37,87,96,118,68,54,12"/><T57/><D132/><U128/><E134/><V105/><F32/><W86/><G118/><T90/><D51/><U66/><E128/><V113/><F131/><W52/><G68/><T103/><D103/><U104/><E104/><V49/><F111/><W62/><G96/><T85/><D10/><U117/><E117/><V130/><F130/><W115/><G115/><T78/><D57/><U38/><E76/><V44/><F113/><W30/><G39/><T106/><D106/><U83/><E83/><V27/><F27/><W110/><G110/><T13/><D13/><U92/><E92/><V84/><F47/><W64/><G37/><T56/><D56/><U53/><E50/><V82/><F0/><W31/><G31/><T74/><D74/><U5/><E3/><V114/><F2/><W100/><G100/><T94/><D78/><U41/><E41/><N who="2" m="24719" /><F114/><W109/><G109/><T120/><D112/><U69/><E25/><V71/><F71/><W19/><G30/><T35/><D1/><U125/><E24/><V99/><F105/><W81/><G45/><T8/><D35/><U22/><E125/><V95/><F82/><W123/><G123/><T127/><D127/><U77/><E77/><V23/><F23/><N who="3" m="13671" /><G81/><T121/><D8/><AGARI ba="1,1" hai="4,8,14,79,80,84,89,95,99,101,102" m="24719" machi="8" ten="30,2000,0" yaku="25,1,8,1" doraHai="108" who="2" fromWho="0" sc="255,-23,265,0,235,33,235,0" /><INIT seed="1,0,0,2,1,59" ten="232,265,268,235" oya="1" hai0="16,34,125,102,39,60,105,63,116,112,10,88,111" hai1="11,103,87,2,45,79,55,61,108,21,71,15,27" hai2="130,85,35,106,49,134,117,124,74,47,8,64,30" hai3="78,40,133,68,73,72,58,75,41,26,114,77,22"/><U104/><E2/><V131/><F74/><W13/><G114/><T92/><D116/><U120/><E120/><V65/><F106/><W109/><G68/><T23/><D112/><U121/><E121/><V25/><F117/><W54/><G109/><T5/><D34/><U14/><E108/><V50/><F134/><W62/><G13/><N who="0" m="5327" /><D39/><U122/><E122/><V127/><F85/><W67/><G133/><T95/><D105/><U100/><E104/><V0/><F0/><W38/><G67/><N who="2" m="25673" /><F8/><W113/><G113/><T33/><D33/><U115/><E115/><V76/><F76/><W48/><G38/><T19/><D125/><N who="2" m="48202" /><F49/><W91/><G48/><T17/><D111/><U52/><E71/><V12/><F12/><N who="1" m="4649" /><E11/><V18/><F18/><N who="0" m="7274" /><D102/><N who="1" m="38955" /><E87/><V94/><F94/><N who="0" m="35882" /><D88/><U110/><E110/><V44/><F44/><W123/><G91/><T37/><D37/><U132/><E45/><V129/><F129/><W3/><G3/><T32/><D32/><U101/><E132/><V99/><F99/><W83/><G123/><T53/><D53/><AGARI ba="0,0" hai="25,30,35,47,50,53,130,131" m="48202,25673" machi="53" ten="30,1000,0" yaku="18,1" doraHai="59" who="2" fromWho="0" sc="232,-10,265,0,268,10,235,0" /><INIT seed="2,0,0,4,2,113" ten="222,265,278,235" oya="2" hai0="48,43,37,99,19,60,39,122,31,13,52,53,123" hai1="51,73,84,81,101,20,114,15,94,29,65,61,78" hai2="128,12,92,6,107,106,44,130,102,108,69,112,82" hai3="30,38,100,45,36,104,55,63,111,89,125,68,47"/><V124/><F69/><W105/><G111/><T85/><D31/><U86/><E114/><V97/><F112/><W2/><G2/><T56/><D99/><U14/><E51/><V42/><F124/><W117/><G30/><T18/><D85/><U35/><E35/><V87/><F108/><W135/><G135/><T134/><D134/><U109/><E109/><V88/><F6/><W72/><G72/><T93/><D93/><U24/><E73/><V133/><F12/><W119/><G89/><T80/><D80/><U5/><E5/><V132/><F132/><W126/><G68/><T90/><D90/><U41/><E41/><V0/><F0/><W9/><G9/><T103/><D103/><U75/><E75/><V1/><F1/><W71/><G71/><T3/><D3/><U4/><E4/><V62/><F62/><W91/><G91/><T28/><D28/><U7/><E7/><V46/><F46/><N who="3" m="17419" /><G100/><T25/><D25/><U76/><E76/><V26/><F26/><W40/><G40/><T95/><D95/><U11/><E11/><V49/><REACH who="2" step="1"/><F133/><REACH who="2" ten="222,265,268,235" step="2"/><W23/><G126/><T22/><D123/><U21/><E15/><V64/><F64/><W10/><G125/><T8/><D122/><U58/><E14/><V77/><F77/><W54/><G63/><T66/><D66/><U32/><E65/><V16/><F16/><W83/><G10/><T57/><D43/><U129/><E61/><V79/><F79/><W33/><G38/><N who="0" m="14347" /><D18/><U98/><E78/><V127/><F127/><W110/><G36/><T116/><D8/><U27/><E24/><RYUUKYOKU ba="0,1" sc="222,15,265,-15,268,15,235,-15" hai0="13,19,22,48,52,53,56,57,60,116" hai2="42,44,49,82,87,88,92,97,102,106,107,128,130" /><INIT seed="2,1,1,1,3,24" ten="237,250,283,220" oya="2" hai0="8,108,100,63,9,57,87,64,25,104,74,55,23" hai1="18,2,94,49,123,95,44,86,27,89,134,35,132" hai2="7,40,29,65,4,10,107,66,26,102,127,33,17" hai3="69,73,13,129,1,88,62,32,99,83,37,120,131"/><V115/><F115/><W36/><G120/><T6/><D74/><U79/><E123/><V72/><F72/><W11/><G1/><T84/><D108/><U53/><E2/><V76/><F76/><W16/><G32/><T51/><D104/><U97/><E79/><V52/><F127/><W77/><G62/><T42/><D42/><U41/><E41/><V118/><F118/><W116/><G69/><T81/><D100/><U46/><E46/><V101/><F40/><W50/><G50/><T85/><D81/><U135/><E18/><V60/><F17/><W82/><G116/><T105/><D105/><U98/><REACH who="1" step="1"/><E95/><REACH who="1" ten="237,240,283,220" step="2"/><V22/><F107/><W28/><G82/><T71/><REACH who="0" step="1"/><D6/><REACH who="0" ten="227,240,283,220" step="2"/><U39/><E39/><V34/><F4/><W75/><G75/><T70/><D70/><U20/><E20/><V43/><F22/><W109/><G109/><T91/><D91/><U119/><E119/><V14/><F43/><W21/><G37/><T121/><D121/><U45/><E45/><V124/><F34/><W47/><G47/><T113/><D113/><U114/><E114/><V30/><F7/><W117/><G36/><T128/><D128/><N who="3" m="49225" /><G117/><T92/><D92/><U58/><E58/><V56/><F56/><W59/><G59/><T48/><D48/><U110/><E110/><V80/><F33/><W19/><G21/><T38/><D38/><U93/><E93/><V133/><F80/><W90/><G90/><T15/><D15/><U31/><AGARI ba="1,3" hai="27,31,35,44,49,53,86,89,94,97,98,132,134,135" machi="31" ten="40,8000,1" yaku="1,1,0,1,20,1,52,1,53,0" doraHai="24" doraHaiUra="106" who="1" fromWho="1" sc="227,-21,240,113,283,-41,220,-21" /><INIT seed="3,0,0,2,5,15" ten="206,353,242,199" oya="3" hai0="61,43,31,9,83,104,25,134,50,46,32,58,2" hai1="22,125,127,130,19,48,52,51,13,121,63,4,99" hai2="33,129,108,116,41,34,95,68,110,79,123,72,26" hai3="120,94,56,78,81,10,53,103,89,7,84,12,101"/><W66/><G120/><T117/><D117/><U86/><E121/><V115/><F115/><W88/><G66/><T70/><D70/><U69/><E130/><V126/><F116/><W133/><G133/><T49/><D104/><U91/><E99/><V1/><F1/><W90/><REACH who="3" step="1"/><G94/><REACH who="3" ten="206,353,242,189" step="2"/><T106/><D106/><U112/><E112/><V59/><F123/><W17/><G17/><T3/><D134/><U113/><E113/><V28/><F129/><W77/><G77/><T111/><D111/><U5/><E125/><V132/><F79/><W82/><G82/><T8/><D83/><N who="1" m="49631" /><E127/><V0/><F95/><W14/><G14/><T24/><D2/><U62/><E69/><V64/><F64/><W124/><G124/><T114/><D3/><U38/><E5/><V119/><F0/><W75/><G75/><T131/><D131/><U87/><E4/><V100/><F72/><W45/><G45/><T96/><D114/><U109/><E19/><V55/><F68/><W54/><G54/><T39/><D25/><U71/><E71/><V6/><F26/><W92/><G92/><T128/><D128/><U18/><E109/><V67/><F67/><W21/><G21/><T23/><D23/><U65/><E52/><V36/><F55/><W42/><G42/><T60/><D43/><U44/><E65/><V80/><F132/><W73/><G73/><T40/><D40/><U98/><E18/><V47/><F126/><W35/><G35/><T107/><D32/><U57/><E13/><V97/><F108/><W93/><G93/><T102/><D107/><U37/><E98/><RYUUKYOKU ba="0,1" sc="206,-10,353,-10,242,-10,189,30" hai3="7,10,12,53,56,78,81,84,88,89,90,101,103" /><INIT seed="3,1,1,2,2,35" ten="196,343,232,219" oya="3" hai0="47,41,61,1,38,82,81,59,129,72,14,3,84" hai1="39,31,13,11,103,67,89,68,115,76,0,56,79" hai2="134,109,15,104,95,66,45,27,118,114,110,97,23" hai3="122,2,123,113,105,7,20,51,19,88,58,53,43"/><W32/><G113/><T121/><D121/><U34/><E0/><V106/><F114/><W100/><G32/><T62/><D62/><U86/><E39/><V17/><F118/><W36/><G36/><T49/><D129/><U102/><E68/><V78/><F134/><W44/><G88/><T125/><D125/><U63/><E31/><V107/><F66/><W120/><G100/><N who="1" m="38442" /><E34/><V48/><F78/><W74/><G105/><T90/><D38/><U6/><E115/><V5/><F5/><W57/><G74/><T91/><D14/><U46/><E46/><V85/><F85/><W22/><G19/><T18/><D18/><U98/><E98/><V112/><F112/><W70/><G70/><T54/><D72/><U8/><E11/><V40/><F27/><W108/><G108/><N who="2" m="41577" /><F107/><W133/><G133/><T29/><D29/><U28/><E28/><V135/><F135/><W131/><G131/><T9/><D9/><U127/><E127/><V132/><F132/><W96/><G7/><T16/><D16/><U128/><E128/><V99/><F99/><W50/><G120/><T92/><D81/><AGARI ba="1,1" hai="6,8,13,56,63,67,76,79,81,86,89" m="38442" machi="81" ten="30,1000,0" yaku="8,1" doraHai="35" who="1" fromWho="0" sc="196,-13,343,23,232,0,219,0" owari="183,-31.7,366,46.6,232,3.2,219,-18.1" /></mjloggm>