<mjloggm ver="2.3"><GO type="225" lobby="0"/><UN n0="%E3%81%BF%E3%81%BF%E3%81%9A" n1="%E3%82%BC%E3%83%AB%E3%83%80%E3%81%AE%E4%BC%9D%E8%AA%AC" n2="%E9%A2%A8%E3%81%A7%E9%B3%B4%E3%81%8F" n3="%E3%83%97%E3%83%AC%E3%83%B4%E3%82%A1%E3%83%86%E3%82%A3" dan="16,17,16,16" rate="2140.72,2266.61,2151.59,2161.41" sx="M,M,M,F"/><TAIKYOKU oya="0"/><INIT seed="0,0,0,5,0,116" ten="250,250,250,250" oya="0" hai0="4,95,50,5,41,30,46,24,79,77,57,102,71" hai1="55,42,32,56,132,112,9,43,81,39,127,13,49" hai2="45,129,69,48,110,11,113,89,3,88,96,54,22" hai3="100,65,40,104,12,82,122,84,123,111,35,23,38"/><T124/><D71/><U36/><E32/><V119/><F113/><W74/><G35/><T70/><D70/><U17/><E112/><V72/><F72/><W94/><G65/><T91/><D124/><U21/><E127/><V105/><F119/><W92/><G40/><T10/><D102/><U7/><E132/><V101/><F110/><W130/><G38/><T18/><D18/><U85/><E39/><V67/><F129/><W34/><G34/><T51/><D57/><U131/><E36/><V68/><F68/><W117/><G117/><T63/><D63/><U15/><REACH who="1" step="1"/><E131/><REACH who="1" ten="250,240,250,250" step="2"/><V103/><F103/><W47/><G130/><T37/><D37/><U52/><E52/><V125/><F125/><W93/><G47/><T90/><D51/><U20/><E20/><V53/><F22/><W14/><G23/><N who="0" m="15647" /><D10/><U107/><E107/><V44/><F44/><W86/><G111/><T73/><D73/><U19/><E19/><V29/><F54/><W60/><G60/><T28/><D28/><U8/><E8/><V134/><F29/><W108/><G108/><T78/><D4/><U6/><E6/><V75/><F75/><W0/><G0/><T64/><D5/><U133/><E133/><V76/><F134/><W118/><G118/><T126/><D126/><U97/><E97/><V115/><F115/><W62/><G62/><T59/><D95/><U61/><E61/><N who="2" m="40175" /><F11/><W25/><G104/><T58/><D64/><U83/><E83/><V128/><F128/><W33/><G82/><T98/><D98/><U120/><E120/><V135/><F135/><W87/><G74/><RYUUKYOKU ba="0,1" sc="250,15,240,15,250,-15,250,-15" hai0="41,46,50,58,59,77,78,79,90,91" hai1="7,9,13,15,17,21,42,43,49,55,56,81,85" /><INIT seed="0,1,1,4,3,78" ten="265,255,235,235" oya="0" hai0="94,19,97,118,18,132,64,26,102,77,88,24,89" hai1="129,76,91,4,93,49,109,53,15,8,32,7,30" hai2="126,99,63,42,33,72,51,16,44,84,104,48,40" hai3="82,38,83,100,105,86,98,74,28,70,107,62,106"/><T59/><D118/><U45/><E109/><V17/><F72/><W29/><G38/><T134/><D77/><U9/><E129/><V123/><F33/><W90/><G70/><T31/><D18/><U69/><E69/><V135/><F123/><W85/><G62/><N who="0" m="37983" /><D19/><U120/><E120/><V57/><F126/><W55/><G55/><T39/><D39/><U37/><E37/><V25/><F135/><N who="0" m="51754" /><D24/><U58/><E76/><V14/><F25/><W50/><G50/><T60/><D60/><U110/><E110/><V13/><F17/><W92/><REACH who="3" step="1"/><G74/><REACH who="3" ten="265,255,235,225" step="2"/><T119/><D119/><U5/><E49/><V114/><F48/><W65/><G65/><T95/><D95/><U12/><E53/><V75/><F51/><W124/><G124/><T67/><D67/><U47/><E58/><V46/><F57/><W20/><G20/><AGARI ba="1,2" hai="20,26,31,88,89,94,97,102" m="51754,37983" machi="20" ten="30,5800,0" yaku="25,1,20,1,54,1" doraHai="78" who="0" fromWho="3" sc="265,81,255,0,235,0,225,-61" /><INIT seed="0,2,0,4,3,99" ten="346,255,235,164" oya="0" hai0="48,120,11,60,39,106,16,84,38,1,14,50,64" hai1="116,111,25,12,87,77,53,46,110,88,52,57,74" hai2="118,80,56,71,10,130,128,95,32,58,119,124,66" hai3="100,20,22,63,4,69,102,104,59,86,34,29,112"/><T55/><D120/><U45/><E116/><N who="2" m="44587" /><F32/><W47/><G112/><T127/><D106/><U23/><E74/><V31/><F31/><W0/><G104/><T41/><D127/><U37/><E77/><V30/><F30/><W3/><G69/><T42/><D1/><U75/><E75/><V90/><F80/><W96/><G96/><T83/><D38/><U92/><E12/><V107/><F107/><W15/><G47/><T133/><D39/><U26/><E26/><V97/><F124/><W28/><G86/><T108/><D133/><U61/><E53/><V27/><F27/><N who="3" m="16487" /><G34/><T2/><D2/><U33/><E33/><V115/><F115/><W76/><G0/><T35/><D35/><U129/><E129/><N who="2" m="49771" /><F10/><N who="3" m="4551" /><G3/><T81/><D108/><N who="1" m="41515" /><E37/><V5/><F5/><W65/><G76/><T51/><D55/><U98/><E87/><V44/><F44/><W109/><G109/><T123/><D123/><U126/><E126/><V36/><F36/><W24/><AGARI ba="2,0" hai="22,24,29,59,63,65,100,102" m="4551,16487" machi="24" ten="30,4000,0" yaku="8,1,52,2" doraHai="99" who="3" fromWho="3" sc="346,-22,255,-12,235,-12,164,46" /><INIT seed="1,0,0,3,0,39" ten="324,243,223,210" oya="1" hai0="133,65,73,135,15,14,1,60,9,44,129,119,49" hai1="84,99,3,117,128,93,42,56,131,13,77,23,91" hai2="55,89,123,12,82,120,43,48,35,116,26,38,68" hai3="47,8,98,67,90,62,134,109,121,58,126,113,4"/><U72/><E3/><V83/><F68/><W92/><G121/><T132/><D119/><U86/><E117/><V59/><F116/><W106/><G113/><T71/><D73/><U29/><E56/><V63/><F38/><W33/><G33/><T96/><D129/><N who="1" m="49739" /><E42/><V25/><F35/><W66/><G109/><T5/><REACH who="0" step="1"/><D96/><REACH who="0" ten="314,243,223,210" step="2"/><U103/><E72/><V20/><F120/><W75/><G75/><T74/><D74/><U94/><E84/><V101/><F123/><W81/><G134/><T0/><D0/><U28/><E77/><V102/><F102/><W36/><G126/><T53/><AGARI ba="0,1" hai="1,5,9,14,15,44,49,53,60,65,71,132,133,135" machi="53" ten="30,4000,0" yaku="1,1,0,1,20,1,53,0" doraHai="39" doraHaiUra="70" who="0" fromWho="0" sc="314,50,243,-20,223,-10,210,-10" /><INIT seed="2,0,0,3,2,37" ten="364,223,213,200" oya="2" hai0="32,114,112,107,95,75,45,119,81,9,71,83,117" hai1="44,40,8,96,98,116,61,128,126,82,30,123,105" hai2="54,33,23,100,115,127,125,12,17,122,134,94,78" hai3="99,80,129,35,103,62,38,73,93,88,91,76,48"/><V18/><F33/><W63/><G35/><T4/><D107/><U77/><E116/><N who="0" m="44617" /><D71/><U49/><E123/><V36/><F122/><W69/><G38/><T26/><D95/><U11/><E126/><N who="2" m="48139" /><F115/><N who="0" m="44074" /><D45/><U102/><E128/><V113/><F113/><W39/><G39/><T85/><D75/><U135/><E135/><V42/><F78/><W74/><G129/><T5/><D85/><U55/><E30/><V6/><F134/><W31/><G31/><N who="0" m="19575" /><D4/><U21/><E98/><N who="2" m="59479" /><F6/><W87/><G69/><T120/><D120/><U24/><E61/><V22/><F36/><W68/><G68/><T86/><D86/><U89/><E89/><V47/><F54/><W60/><G91/><T130/><D130/><U27/><E55/><V43/><F47/><W14/><G48/><T65/><D65/><U56/><E77/><V20/><F18/><W1/><G74/><T90/><D90/><U25/><E44/><V121/><F121/><W59/><G73/><T19/><D19/><U10/><E102/><V41/><AGARI ba="0,0" hai="12,17,20,22,23,41,42,43" m="59479,48139" machi="41" ten="30,11700,0" yaku="18,1,52,3" doraHai="37" who="2" fromWho="2" sc="364,-39,223,-39,213,117,200,-39" /><INIT seed="2,1,0,3,2,59" ten="325,184,330,161" oya="2" hai0="134,85,6,130,3,7,84,21,60,100,39,23,129" hai1="14,33,38,26,70,19,113,11,112,48,57,8,37" hai2="1,47,111,118,9,67,51,65,61,10,75,36,32" hai3="119,24,25,88,53,20,15,125,98,122,18,124,22"/><V12/><F32/><W55/><G119/><T29/><D39/><U93/><E70/><V82/><F118/><W116/><G116/><T35/><D100/><U50/><E93/><V73/><F36/><W49/><G122/><T97/><D97/><U62/><E38/><V104/><F104/><W128/><G128/><N who="0" m="49259" /><D134/><U105/><E105/><V109/><F1/><W72/><G72/><T64/><D35/><U41/><E37/><V132/><F132/><W40/><G40/><T86/><D29/><U63/><E41/><V120/><F120/><W77/><G77/><T99/><D99/><U89/><E89/><V106/><F106/><W79/><G79/><T56/><D6/><U27/><E33/><V83/><F12/><W131/><G131/><T16/><D16/><U54/><E112/><V34/><F34/><W17/><G15/><T42/><D42/><U102/><E113/><V123/><F123/><W0/><G0/><T46/><D46/><N who="1" m="27927" /><E102/><V52/><F75/><W115/><G115/><T127/><D127/><U92/><E11/><AGARI ba="1,0" hai="3,7,11,21,23,56,60,64,84,85,86" m="49259" machi="11" ten="30,2000,0" yaku="19,1,52,1" doraHai="59" who="0" fromWho="1" sc="325,23,184,-23,330,0,161,0" /><INIT seed="3,0,0,5,5,91" ten="348,161,330,161" oya="3" hai0="135,9,56,59,3,81,38,86,105,68,80,119,88" hai1="123,66,126,4,15,102,67,22,113,132,36,31,5" hai2="27,85,37,131,89,19,11,77,92,58,34,7,82" hai3="21,133,43,47,96,14,114,26,12,70,78,116,94"/><W93/><G114/><T122/><D68/><U51/><E36/><V16/><F131/><W73/><G70/><T121/><D119/><U61/><E113/><V104/><F104/><W79/><G116/><T130/><D38/><U8/><E123/><V20/><F37/><W128/><G133/><T18/><D130/><U24/><E132/><V2/><F58/><W65/><G65/><T30/><D135/><U120/><E120/><V112/><F112/><W134/><G134/><T72/><D105/><U0/><E126/><V95/><F34/><W115/><G128/><T110/><D110/><U32/><E102/><V40/><F40/><W101/><G115/><T46/><D46/><U109/><E109/><V100/><F100/><W49/><G73/><T17/><D30/><U71/><E67/><V13/><F77/><N who="3" m="29195" /><G93/><T62/><D56/><U50/><E5/><V53/><F53/><W28/><AGARI ba="0,0" hai="12,14,21,26,28,43,47,49,94,96,101" m="29195" machi="28" ten="30,3000,0" yaku="8,1,52,1" doraHai="91" who="3" fromWho="3" sc="348,-10,161,-10,330,-10,161,30" /><INIT seed="3,1,0,5,3,39" ten="338,151,320,191" oya="3" hai0="60,85,54,40,24,55,91,35,49,30,93,25,14" hai1="128,46,97,1,131,42,111,79,44,102,34,104,110" hai2="126,125,4,73,88,78,59,109,122,15,70,65,19" hai3="127,106,41,17,47,94,114,13,56,107,31,11,133"/><W118/><G114/><T33/><D14/><U86/><E1/><V61/><F109/><N who="1" m="41481" /><E46/><V96/><F4/><W100/><G118/><T66/><D40/><U98/><E34/><V124/><F122/><W18/><G133/><T36/><D36/><N who="1" m="21575" /><E98/><V72/><F78/><W82/><G127/><T101/><D101/><U64/><E64/><V16/><F70/><W135/><G135/><T80/><D80/><U116/><E116/><V21/><F19/><W58/><G31/><T89/><D89/><U28/><E28/><V99/><F88/><W87/><G18/><T9/><D9/><U37/><E37/><V90/><F90/><N who="3" m="51575" /><G107/><T105/><D105/><U84/><E79/><V3/><F3/><W2/><G2/><T51/><D25/><U10/><E10/><V22/><F22/><W67/><G106/><T112/><D112/><U27/><E27/><V83/><F83/><W129/><G67/><T117/><D117/><U0/><E0/><V29/><F29/><W20/><G11/><T8/><D8/><U123/><E123/><V6/><F6/><W52/><G129/><AGARI ba="1,0" hai="84,86,97,102,104,128,129,131" m="21575,41481" machi="129" ten="30,3900,0" yaku="19,1,14,1,52,1" doraHai="39" who="1" fromWho="3" sc="338,0,151,42,320,0,191,-42" owari="338,43.8,193,-20.7,320,12.0,149,-35.1" /></mjloggm>