<mjloggm ver="2.3"><GO type="225" lobby="0"/><UN n0="%E6%97%A5%E6%9B%9C%E6%97%A5%E3%82%88%E3%82%8A%E3%81%AE%E4%BD%BF%E8%80%85" n1="%4C%4F%4C%49%54%41" n2="%E5%8F%AF%E5%85%90%E9%82%A3%E7%94%B1%E5%A4%9A" n3="%E3%83%B4%E3%82%A3%E3%83%AF%E3%82%B3%E3%82%B0%E3%83%8B" dan="17,16,16,16" rate="2131.99,2178.03,2198.03,2158.13" sx="M,F,F,M"/><TAIKYOKU oya="0"/><INIT seed="0,0,0,4,4,130" ten="250,250,250,250" oya="0" hai0="51,104,64,77,81,88,48,124,61,17,128,40,123" hai1="90,72,101,70,37,53,122,111,7,80,44,79,11" hai2="52,84,25,19,29,28,60,54,73,105,131,34,134" hai3="59,56,129,57,102,22,67,5,135,98,97,46,39"/><T14/><D123/><U75/><E122/><V38/><F73/><W125/><G129/><T107/><D128/><U71/><E75/><V30/><F131/><W62/><G125/><T3/><D3/><N who="1" m="511" /><E111/><V63/><F38/><W8/><G135/><T74/><D124/><U9/><E9/><V42/><F105/><W12/><G22/><T55/><D40/><N who="1" m="22543" /><E101/><V26/><F42/><W127/><G127/><T120/><D120/><U27/><E90/><V24/><F134/><W133/><G133/><T87/><D61/><N who="2" m="23626" /><F34/><W103/><G46/><T41/><D41/><U108/><E108/><V4/><F4/><W86/><G86/><T6/><D6/><U112/><E112/><V66/><F66/><W99/><REACH who="3" step="1"/><G39/><REACH who="3" ten="250,250,250,240" step="2"/><T82/><D74/><U0/><E27/><N who="2" m="10315" /><F84/><W76/><G76/><T132/><D132/><U85/><E85/><V78/><F78/><W47/><G47/><T113/><D77/><U32/><E32/><V49/><F49/><W114/><G114/><T106/><D113/><U65/><E72/><V45/><F45/><W31/><G31/><T58/><D51/><U2/><E79/><V1/><F1/><W116/><G116/><T100/><D81/><U109/><E80/><V15/><N who="2" m="10323" /><V18/><DORA hai="50" /><F15/><W117/><G117/><T121/><D121/><U92/><E109/><V13/><F13/><W20/><G20/><T21/><REACH who="0" step="1"/><D64/><REACH who="0" ten="240,250,250,240" step="2"/><U91/><E65/><V94/><F29/><W83/><G83/><T33/><D33/><U23/><E0/><V93/><F28/><W95/><G95/><N who="2" m="36361" /><F30/><W10/><G10/><T110/><D110/><RYUUKYOKU ba="0,2" sc="240,10,250,-30,250,10,240,10" hai0="14,17,21,48,55,58,82,87,88,100,104,106,107" hai2="18,19,52,54" hai3="5,8,12,56,57,59,62,67,97,98,99,102,103" /><INIT seed="0,1,2,0,3,0" ten="250,220,260,250" oya="0" hai0="134,29,17,12,40,111,120,125,107,101,59,91,34" hai1="13,36,15,112,24,132,4,108,23,7,127,60,80" hai2="130,38,6,48,50,78,54,88,110,51,82,67,5" hai3="43,45,106,119,124,94,66,133,53,129,123,65,109"/><T14/><D120/><U1/><E36/><V103/><F38/><W22/><G106/><T85/><D40/><U92/><E1/><V70/><F110/><W89/><G109/><T56/><D111/><U31/><E108/><V131/><F103/><W3/><G3/><T90/><D34/><U55/><E127/><V99/><F70/><W96/><G119/><T87/><D29/><U135/><E112/><V49/><F67/><W39/><G129/><N who="2" m="49161" /><F78/><W71/><G133/><N who="1" m="51274" /><E92/><N who="2" m="56711" /><F82/><W18/><G124/><T95/><D125/><U35/><E35/><V16/><F16/><W62/><G123/><T114/><D114/><U97/><E97/><V2/><F2/><W74/><G74/><T77/><D77/><U115/><E80/><V20/><F20/><W25/><REACH who="3" step="1"/><G71/><REACH who="3" ten="250,220,260,240" step="2"/><T64/><D134/><U81/><E115/><V104/><F104/><W32/><G32/><T83/><D107/><U102/><E102/><V57/><AGARI ba="1,3" hai="5,6,48,49,50,51,54,57" m="56711,49161" machi="57" ten="30,7900,0" yaku="19,1,52,2,54,1" doraHai="0" who="2" fromWho="2" sc="250,-40,220,-21,260,112,240,-21" /><INIT seed="1,0,0,0,5,44" ten="210,199,372,219" oya="1" hai0="90,78,23,59,39,93,65,125,121,132,28,54,124" hai1="86,2,1,51,87,92,112,91,98,104,9,35,71" hai2="29,60,67,47,81,133,48,73,12,114,127,96,20" hai3="135,42,109,8,88,13,118,52,129,99,63,25,120"/><U40/><E112/><V74/><F114/><W17/><G120/><T111/><D39/><U7/><E71/><V46/><F133/><W69/><G109/><T113/><D113/><U6/><E35/><V76/><F127/><N who="0" m="48714" /><D111/><U16/><E104/><V41/><F96/><W64/><G135/><T130/><D132/><U126/><E126/><V95/><F95/><W122/><G122/><T116/><D121/><U131/><E131/><V84/><F47/><W85/><G129/><T117/><D65/><U57/><E2/><V31/><F12/><W97/><G42/><T45/><D78/><U30/><E30/><V36/><F36/><W134/><G118/><T38/><D130/><U79/><E1/><V108/><F108/><W11/><G11/><T33/><D33/><U82/><E98/><V103/><F103/><W50/><G25/><N who="0" m="16447" /><D45/><N who="1" m="26023" /><E57/><V102/><F102/><W80/><G134/><T106/><D106/><U61/><E61/><V94/><F31/><W107/><G107/><T58/><D38/><U4/><E4/><V18/><F29/><W26/><G26/><T77/><D59/><AGARI ba="0,0" hai="8,13,17,50,52,59,63,64,69,80,85,88,97,99" machi="59" ten="30,7700,0" yaku="7,1,52,1,54,2" doraHai="44" who="3" fromWho="0" sc="210,-77,199,0,372,0,219,77" /><INIT seed="2,0,0,5,5,32" ten="133,199,372,296" oya="2" hai0="43,122,16,87,103,67,89,118,98,66,55,15,100" hai1="88,21,62,96,57,61,97,36,46,91,79,113,23" hai2="49,6,3,9,70,18,74,14,27,7,1,115,108" hai3="109,93,20,81,126,129,114,78,121,37,59,41,90"/><V123/><F70/><W77/><G121/><T28/><D122/><U132/><E113/><V130/><F74/><W5/><G37/><T19/><D118/><U72/><E132/><V105/><F105/><W127/><G41/><T86/><D28/><U10/><E72/><V35/><F123/><W64/><G5/><N who="2" m="1545" /><F49/><W134/><G20/><T29/><D29/><U116/><E79/><N who="3" m="30218" /><G64/><T110/><D110/><U119/><E57/><V117/><F117/><W69/><G59/><T12/><D98/><U124/><E10/><V104/><F104/><W17/><G17/><T24/><D24/><U111/><E46/><V33/><F115/><W54/><G54/><T53/><D89/><U131/><E111/><V73/><F73/><W92/><G69/><T8/><D8/><U13/><E36/><V48/><F48/><W133/><G109/><T31/><D31/><U68/><E68/><V56/><F56/><W45/><G45/><T47/><D47/><U75/><E75/><V2/><F108/><W38/><G38/><T80/><D80/><U112/><E112/><V26/><F130/><W30/><G114/><T107/><D107/><U58/><E58/><V4/><F4/><W82/><G129/><T44/><D44/><U11/><E131/><V65/><F65/><W135/><G92/><T34/><D34/><AGARI ba="0,0" hai="1,2,3,9,14,18,26,27,33,34,35" m="1545" machi="34" ten="40,24000,3" yaku="35,5,52,3" doraHai="32" who="2" fromWho="0" sc="133,-240,199,0,372,240,296,0" owari="-107,-60.7,199,-20.1,612,71.2,296,9.6" /></mjloggm>