<mjloggm ver="2.3"><GO type="225" lobby="0"/><UN n0="%72%69%6F%75%63%68%61%6E" n1="%E3%81%BF%E3%81%BF%E3%81%9A" n2="%E3%81%8B%E3%82%8F%E3%81%A1%E3%82%83%E3%82%93%35%38" n3="%E3%82%BC%E3%83%AB%E3%83%80%E3%81%AE%E4%BC%9D%E8%AA%AC" dan="17,18,17,18" rate="2268.61,2251.53,2236.15,2233.37" sx="M,M,M,M"/><TAIKYOKU oya="0"/><INIT seed="0,0,0,0,2,97" ten="250,250,250,250" oya="0" hai0="47,11,45,0,92,50,120,118,73,74,96,19,52" hai1="20,119,31,115,85,53,121,76,40,107,114,18,105" hai2="95,82,89,37,103,35,123,80,24,57,126,65,63" hai3="100,4,29,5,66,86,81,87,55,88,78,117,1"/><T42/><D118/><U79/><E119/><V70/><F123/><W109/><G117/><T94/><D120/><U69/><E121/><V84/><F37/><W91/><G109/><T43/><D94/><U113/><E69/><V134/><F134/><W60/><G1/><T48/><D42/><U30/><E40/><V39/><F39/><W111/><G111/><T3/><D3/><U44/><E44/><V101/><F126/><W110/><G110/><T112/><D112/><U12/><E53/><V93/><F70/><W108/><G108/><T25/><D25/><U27/><E30/><V104/><F104/><N who="1" m="40009" /><E85/><N who="2" m="50343" /><F24/><W54/><G29/><T49/><D49/><U41/><E41/><V13/><F35/><AGARI ba="0,0" hai="12,18,20,27,31,35,76,79,113,114,115" m="40009" machi="35" ten="40,1300,0" yaku="11,1" doraHai="97" who="1" fromWho="2" sc="250,0,250,13,250,-13,250,0" /><INIT seed="1,0,0,4,0,69" ten="250,263,237,250" oya="1" hai0="46,63,7,77,52,100,21,37,95,31,119,80,43" hai1="105,20,15,108,93,36,30,3,13,109,96,111,85" hai2="92,103,40,62,131,41,91,81,61,104,116,29,97" hai3="32,86,73,56,60,89,117,1,2,113,48,6,49"/><U72/><E3/><V12/><F116/><W14/><G73/><T84/><D119/><U4/><E72/><V101/><F131/><W24/><G113/><T64/><D7/><U53/><E4/><V51/><F29/><W38/><G117/><T27/><D52/><U47/><E105/><V112/><F112/><W120/><G120/><T133/><D133/><U35/><E35/><V124/><F124/><W94/><G38/><T25/><D25/><N who="1" m="16679" /><E85/><N who="2" m="50607" /><F104/><W87/><G32/><T57/><REACH who="0" step="1"/><D95/><REACH who="0" ten="240,263,237,250" step="2"/><U102/><E53/><V115/><F115/><W122/><G6/><T71/><D71/><U55/><E55/><V118/><F118/><W88/><G122/><T19/><D19/><U110/><E110/><V98/><F62/><W45/><G24/><T9/><D9/><U121/><E121/><V128/><F61/><W83/><G14/><T28/><D28/><U79/><E79/><V99/><F12/><W107/><G107/><T8/><D8/><U68/><E68/><V135/><F92/><W54/><REACH who="3" step="1"/><G49/><REACH who="3" ten="240,263,237,240" step="2"/><T33/><D33/><U106/><E106/><V134/><F51/><W18/><G18/><T26/><D26/><U59/><E59/><V16/><F16/><W11/><G11/><T126/><D126/><U74/><E13/><V70/><F70/><W78/><G78/><T22/><D22/><U129/><E15/><V66/><F135/><W75/><G75/><T76/><D76/><U23/><E74/><V82/><F134/><W130/><G130/><T34/><D34/><U127/><E129/><V67/><F128/><W17/><G17/><T0/><D0/><RYUUKYOKU ba="0,2" sc="240,15,263,-15,237,-15,240,15" hai0="21,27,31,37,43,46,57,63,64,77,80,84,100" hai3="1,2,45,48,54,56,60,83,86,87,88,89,94" /><INIT seed="2,1,2,0,4,28" ten="255,248,222,255" oya="2" hai0="90,122,131,54,95,19,64,82,103,35,10,109,36" hai1="99,87,119,21,39,84,42,30,27,6,120,129,16" hai2="83,24,31,114,126,50,69,37,75,65,116,7,47" hai3="124,77,3,59,110,66,71,34,74,88,70,40,57"/><V113/><F50/><W44/><G3/><T43/><D122/><U49/><E119/><V11/><F116/><W130/><G74/><T94/><D35/><U121/><E39/><V93/><F93/><W48/><G77/><T80/><D109/><U68/><E68/><N who="3" m="26154" /><G88/><T105/><D131/><U115/><E115/><V91/><F91/><W62/><G34/><T125/><D64/><U100/><E129/><V85/><F85/><N who="1" m="32841" /><E6/><V72/><F126/><W17/><G17/><T107/><D125/><U123/><E42/><N who="2" m="22991" /><F65/><N who="3" m="39119" /><G130/><T104/><D103/><U53/><E49/><V2/><F69/><W12/><G12/><T18/><D90/><U98/><E53/><V111/><F111/><W106/><G106/><T86/><D86/><U60/><E60/><V89/><F89/><W41/><G124/><T22/><D107/><N who="1" m="63903" /><E98/><V78/><F75/><W26/><G26/><T73/><D73/><U9/><E9/><V13/><F13/><W92/><G110/><T79/><D10/><U32/><E32/><AGARI ba="1,2" hai="2,7,11,24,31,32,72,78,83,113,114" m="22991" machi="32" ten="30,5800,0" yaku="25,1,23,1,52,1" doraHai="28" who="2" fromWho="1" sc="255,0,248,-61,222,81,255,0" /><INIT seed="2,2,0,4,5,130" ten="255,187,303,255" oya="2" hai0="83,110,98,0,109,131,135,81,6,106,77,27,9" hai1="43,68,118,42,97,21,56,7,134,69,51,5,67" hai2="57,25,33,29,3,10,22,88,92,63,1,52,17" hai3="101,24,71,53,16,129,124,60,78,30,59,76,91"/><V117/><F117/><W28/><G129/><T61/><D135/><U48/><E118/><V18/><F10/><W26/><G124/><T41/><D131/><U113/><E113/><V120/><F120/><W96/><G71/><T15/><D41/><U58/><E21/><V128/><F128/><W34/><G91/><T107/><D61/><U125/><E97/><V85/><REACH who="2" step="1"/><F18/><REACH who="2" ten="255,187,293,255" step="2"/><W31/><G16/><T99/><D0/><U79/><E125/><V87/><F87/><W115/><G115/><T94/><D99/><U102/><E102/><V126/><F126/><W122/><G122/><T114/><D114/><U19/><E19/><V80/><F80/><W70/><G96/><T119/><D81/><U123/><E123/><V95/><F95/><W104/><G101/><N who="0" m="60631" /><D119/><U75/><E75/><V132/><F132/><W11/><G11/><T46/><D106/><U100/><E100/><V66/><F66/><W62/><G104/><T55/><D107/><U35/><E67/><V127/><F127/><W32/><G30/><T50/><D83/><U93/><E93/><V90/><F90/><W14/><G78/><T65/><D65/><U103/><E103/><V64/><F64/><W47/><G76/><T108/><D77/><U84/><E79/><V40/><F40/><W89/><G89/><T72/><D72/><U38/><E84/><V13/><AGARI ba="2,1" hai="1,3,13,17,22,25,29,33,52,57,63,85,88,92" machi="13" ten="20,18000,2" yaku="1,1,0,1,7,1,54,2,53,1" doraHai="130" doraHaiUra="49" who="2" fromWho="2" sc="255,-62,187,-62,293,196,255,-62" /><INIT seed="2,3,0,2,4,8" ten="193,125,489,193" oya="2" hai0="58,23,7,25,114,17,113,12,27,87,106,78,0" hai1="11,54,121,118,130,132,65,98,31,14,80,100,13" hai2="79,40,129,83,10,72,22,39,42,5,109,53,2" hai3="30,48,29,36,35,77,94,34,41,70,133,61,52"/><V120/><F120/><W32/><G133/><T56/><D106/><U84/><E118/><V4/><F129/><W93/><G77/><T69/><D69/><U103/><E132/><V122/><F122/><W74/><G74/><T76/><D0/><U1/><E130/><V59/><F109/><W64/><G93/><T81/><D76/><U18/><E1/><V49/><F5/><W95/><G95/><T104/><D104/><U123/><E65/><V131/><F131/><W62/><G62/><T55/><D56/><U97/><E31/><V73/><F73/><W9/><G94/><T19/><D7/><U82/><E54/><V6/><F6/><W50/><G50/><T57/><D57/><U108/><E108/><V3/><F3/><W67/><G67/><T46/><D46/><U89/><E80/><V33/><F33/><W102/><G102/><N who="1" m="38954" /><E123/><V66/><F66/><W24/><G30/><T110/><D110/><U26/><E121/><V105/><F105/><W15/><G41/><T117/><D117/><U90/><E90/><V96/><F96/><N who="1" m="36969" /><E11/><V124/><F124/><W43/><G43/><T119/><D119/><U112/><E112/><V60/><F39/><W134/><G36/><T101/><D101/><U51/><E51/><V20/><F42/><W128/><G134/><T37/><D37/><U91/><E89/><V47/><AGARI ba="3,0" hai="2,4,10,20,22,40,47,49,53,59,60,72,79,83" machi="47" ten="30,1500,0" yaku="0,1" doraHai="8" who="2" fromWho="2" sc="193,-8,125,-8,489,24,193,-8" /><INIT seed="2,4,0,4,4,38" ten="185,117,513,185" oya="2" hai0="104,56,127,114,26,21,39,118,82,68,130,55,14" hai1="131,22,66,70,13,30,112,83,12,120,28,85,46" hai2="43,58,94,73,3,106,99,117,15,40,52,25,54" hai3="9,72,84,51,88,135,78,61,35,31,89,49,125"/><V37/><F3/><W41/><G72/><T76/><D114/><U34/><E112/><V1/><F1/><W115/><G115/><T45/><D68/><U65/><E131/><V90/><F117/><W124/><G135/><T77/><D104/><U132/><E132/><V17/><F73/><W86/><G61/><T80/><D130/><U42/><E120/><V11/><F37/><W75/><G75/><T29/><D118/><U81/><E70/><V32/><F106/><W57/><G9/><T79/><D127/><N who="3" m="48713" /><G57/><T16/><D45/><U6/><E34/><V97/><F97/><W96/><G78/><T10/><D39/><U5/><E46/><V101/><F101/><W103/><G31/><T18/><D29/><U0/><E0/><V36/><F36/><W33/><G33/><T50/><AGARI ba="4,0" hai="10,14,16,18,21,26,50,55,56,76,77,79,80,82" machi="50" ten="30,4000,0" yaku="0,1,8,1,54,1" doraHai="38" who="0" fromWho="0" sc="185,52,117,-14,513,-24,185,-14" /><INIT seed="3,0,0,2,0,43" ten="237,103,489,171" oya="3" hai0="23,120,90,50,9,127,55,69,73,97,57,21,111" hai1="53,94,70,107,117,71,31,17,0,38,32,116,44" hai2="7,62,132,112,46,58,96,8,2,64,124,63,119" hai3="105,104,81,103,129,106,13,35,24,131,79,82,66"/><W100/><G66/><T80/><D120/><U99/><E107/><V108/><F119/><W18/><G24/><T72/><D111/><U123/><E123/><V22/><F112/><W14/><G35/><T110/><D110/><U89/><E0/><V20/><F108/><W3/><G3/><T28/><D69/><U16/><E31/><V109/><F109/><W37/><G37/><T113/><D113/><U93/><E32/><V87/><F132/><W30/><G30/><T122/><D122/><U85/><E38/><V91/><F124/><W12/><G18/><T1/><D127/><U134/><E134/><V48/><F96/><W27/><G27/><T77/><D73/><U98/><E85/><V83/><F62/><W60/><G60/><T133/><D133/><U75/><E53/><AGARI ba="0,0" hai="2,7,8,20,22,46,48,53,58,63,64,83,87,91" machi="53" ten="30,2000,0" yaku="7,1,52,1" doraHai="43" who="2" fromWho="1" sc="237,0,103,-20,489,20,171,0" owari="237,3.7,83,-41.7,509,60.9,171,-22.9" /></mjloggm>