<mjloggm ver="2.3"><GO type="225" lobby="0"/><UN n0="%4C%4F%4C%49%54%41" n1="%E8%B6%85%E7%B4%9A%E9%B3%B3%E5%87%B0" n2="%6D%75%75%6D%75%72%61" n3="%E5%86%B7%E5%87%8D%E3%82%AE%E3%83%A7%E3%83%BC%E3%82%B6" dan="16,16,16,16" rate="2185.76,2144.87,2109.93,2190.65" sx="F,M,F,M"/><TAIKYOKU oya="0"/><INIT seed="0,0,0,2,3,16" ten="250,250,250,250" oya="0" hai0="87,36,127,82,29,132,68,134,1,10,49,22,112" hai1="69,74,64,73,6,93,3,71,84,101,131,28,42" hai2="48,75,122,37,78,123,77,7,21,107,35,52,53" hai3="8,119,30,38,91,106,32,97,130,43,90,99,50"/><T18/><D36/><U96/><E131/><V70/><F35/><W113/><G113/><T25/><D68/><U55/><E42/><V121/><F37/><W72/><G119/><T80/><D112/><U115/><E115/><V9/><F107/><W124/><G38/><T105/><D105/><U47/><E28/><V62/><F75/><W20/><G32/><T118/><D118/><U109/><E109/><V57/><F21/><W23/><G72/><T94/><D127/><U39/><E39/><V17/><F17/><W26/><G124/><T128/><D128/><U54/><E84/><V61/><F61/><W5/><G20/><N who="0" m="15527" /><D49/><U89/><E101/><V135/><F135/><N who="0" m="51754" /><D94/><U117/><E117/><V4/><F4/><W104/><G104/><T41/><D41/><U92/><E93/><V110/><F110/><W102/><G97/><T116/><D87/><U67/><E73/><V27/><F27/><W19/><G30/><T45/><D45/><U33/><E74/><V86/><F86/><W12/><REACH who="3" step="1"/><G130/><REACH who="3" ten="250,250,250,240" step="2"/><T40/><D116/><U14/><E96/><V0/><REACH who="2" step="1"/><F70/><REACH who="2" ten="250,250,240,240" step="2"/><W13/><G13/><T88/><D1/><U83/><E3/><V85/><F85/><W66/><G66/><T15/><D15/><U126/><E14/><V51/><F51/><W65/><G65/><T129/><D129/><U44/><E69/><V79/><F79/><W2/><G2/><T58/><D18/><U24/><E71/><V100/><F100/><W34/><G34/><T63/><D22/><U120/><E33/><V76/><F76/><W125/><G125/><T46/><D10/><RYUUKYOKU ba="0,2" sc="250,-15,250,-15,240,15,240,15" hai2="0,7,9,48,52,53,57,62,77,78,121,122,123" hai3="5,8,12,19,23,26,43,50,90,91,99,102,106" /><INIT seed="1,1,2,1,3,101" ten="235,235,255,255" oya="1" hai0="74,42,115,3,41,126,51,37,72,8,30,111,93" hai1="108,11,69,107,73,1,87,60,94,113,71,122,27" hai2="118,50,78,131,23,25,82,36,132,129,134,127,119" hai3="91,103,17,39,124,7,66,112,96,44,0,47,19"/><U77/><E113/><V84/><F36/><W95/><G112/><T109/><D115/><U90/><E122/><V16/><F50/><W83/><G124/><T52/><D126/><U86/><E108/><N who="0" m="41545" /><D30/><U32/><E73/><N who="0" m="28265" /><D37/><U28/><E60/><V63/><F63/><W97/><G66/><T5/><D93/><U2/><E107/><V64/><F64/><W121/><G121/><T26/><D26/><U106/><E106/><V98/><F98/><W85/><G96/><T104/><D104/><U130/><E130/><N who="2" m="49675" /><F127/><W46/><REACH who="3" step="1"/><G39/><REACH who="3" ten="235,235,255,245" step="2"/><T43/><D43/><U81/><E69/><V35/><F35/><W54/><G54/><T105/><D105/><U24/><E71/><V89/><F78/><W117/><G117/><AGARI ba="1,3" hai="16,23,25,82,84,89,117,118,119,132,134" m="49675" machi="117" ten="30,2000,0" yaku="19,1,54,1" doraHai="101" who="2" fromWho="3" sc="235,0,235,0,255,53,245,-23" /><INIT seed="2,0,0,0,3,109" ten="235,235,308,222" oya="2" hai0="95,45,96,117,93,82,67,89,124,12,97,55,78" hai1="54,114,28,70,18,84,127,48,30,13,25,92,76" hai2="81,35,104,112,37,31,46,99,77,8,122,130,63" hai3="123,22,64,121,79,134,105,9,115,87,108,135,3"/><V118/><F118/><W29/><G105/><T102/><D124/><U133/><E70/><V26/><F122/><N who="3" m="46603" /><G64/><T71/><D117/><U21/><E127/><V47/><F130/><W126/><G87/><T128/><D128/><U103/><E133/><N who="3" m="50698" /><G79/><T107/><D71/><U2/><E2/><V15/><F63/><W53/><G53/><T38/><D67/><U88/><E76/><V56/><F56/><W43/><G43/><T6/><D107/><U65/><E65/><V5/><F99/><W24/><G126/><T119/><D119/><U106/><E114/><V125/><F112/><W20/><G108/><T7/><D38/><U59/><E25/><V129/><F129/><W98/><G98/><AGARI ba="0,0" hai="13,18,21,28,30,48,54,59,84,88,92,98,103,106" machi="98" ten="40,5200,0" yaku="25,2,54,1" doraHai="109" who="1" fromWho="3" sc="235,0,235,52,308,0,222,-52" /><INIT seed="3,0,0,2,2,104" ten="235,287,308,170" oya="3" hai0="12,57,68,97,75,103,98,93,115,44,37,16,87" hai1="62,35,102,120,91,132,19,84,29,79,67,108,0" hai2="10,14,71,38,112,30,125,27,47,46,45,65,7" hai3="34,22,118,58,110,42,121,133,131,1,55,32,64"/><W59/><G118/><T43/><D68/><U130/><E120/><V63/><F112/><W31/><G121/><T2/><D2/><U95/><E0/><V90/><F125/><W26/><G131/><T85/><D115/><U116/><E130/><V54/><F90/><W39/><G133/><T96/><D75/><U28/><E132/><V4/><F54/><W6/><G110/><T134/><D134/><U66/><E108/><V5/><REACH who="2" step="1"/><F38/><REACH who="2" ten="235,287,298,170" step="2"/><W50/><G39/><T8/><D97/><U109/><E91/><V20/><AGARI ba="0,1" hai="4,5,7,10,14,20,27,30,45,46,47,63,65,71" machi="20" ten="30,4000,0" yaku="1,1,2,1,0,1,53,0" doraHai="104" doraHaiUra="106" who="2" fromWho="2" sc="235,-10,287,-10,298,50,170,-20" owari="225,-17.5,277,7.7,348,44.8,150,-35.0" /></mjloggm>