<mjloggm ver="2.3"><GO type="225" lobby="0"/><UN n0="%72%65%6E%6B%75%6E" n1="%E3%83%A9%E3%83%BC%E3%83%A1%E3%83%B3%E4%BA%94%E9%83%8E" n2="%E3%83%8F%E3%83%B3%E3%83%89%E3%83%A9%E3%83%BC%E3%83%BB%E3%83%AF%E3%83%B3" n3="%E3%81%BF%E3%81%BF%E3%81%9A" dan="17,16,16,17" rate="2227.16,2074.70,2127.56,2205.20" sx="M,M,M,M"/><TAIKYOKU oya="0"/><INIT seed="0,0,0,4,2,112" ten="250,250,250,250" oya="0" hai0="106,44,103,33,119,61,110,117,68,127,82,104,24" hai1="75,102,48,2,5,134,28,131,41,1,7,65,79" hai2="32,129,15,83,53,122,35,4,54,10,39,55,69" hai3="120,97,51,90,99,62,133,95,49,66,123,92,124"/><T67/><D127/><U3/><E131/><V36/><F122/><N who="3" m="46635" /><G133/><T107/><D103/><U11/><E134/><V60/><F129/><W114/><G114/><T42/><D82/><U23/><E65/><V96/><F96/><W17/><G17/><T59/><D59/><U116/><E102/><V43/><F83/><W105/><G105/><T50/><REACH who="0" step="1"/><D110/><REACH who="0" ten="240,250,250,250" step="2"/><U84/><E1/><V64/><REACH who="2" step="1"/><F43/><REACH who="2" ten="240,250,240,250" step="2"/><W94/><G124/><T57/><D57/><U111/><E41/><V12/><F12/><W38/><G94/><T135/><D135/><U126/><E2/><V85/><F85/><W22/><G95/><T9/><D9/><U108/><E11/><V56/><F56/><N who="3" m="37191" /><G99/><T100/><D100/><U93/><E93/><V109/><F109/><W46/><G97/><T86/><D86/><U72/><E84/><V27/><F27/><W121/><G92/><T73/><D73/><U89/><E72/><V34/><AGARI ba="0,2" hai="4,10,15,32,34,35,36,39,53,54,55,60,64,69" machi="34" ten="40,8000,1" yaku="1,1,0,1,53,2" doraHai="112" doraHaiUra="70" who="2" fromWho="2" sc="240,-40,250,-20,240,100,250,-20" /><INIT seed="1,0,0,2,0,12" ten="200,230,340,230" oya="1" hai0="81,10,67,31,119,124,51,54,39,97,99,61,41" hai1="33,16,56,69,58,94,103,70,66,83,64,129,133" hai2="17,93,89,2,82,75,104,46,36,125,123,101,111" hai3="118,76,47,112,1,100,43,113,110,68,5,122,98"/><U128/><E33/><V37/><F123/><W132/><G122/><T120/><D119/><U105/><E105/><V96/><F2/><W18/><G118/><T49/><D120/><U30/><E30/><V14/><F111/><W34/><G18/><T78/><D124/><U106/><E106/><V44/><F125/><W135/><G76/><T42/><D31/><U11/><E133/><N who="3" m="51274" /><G68/><N who="1" m="26218" /><E83/><V63/><F63/><W107/><G110/><T24/><D24/><U92/><E64/><V79/><F37/><N who="3" m="21999" /><G34/><T88/><D78/><U28/><E28/><V116/><F36/><W121/><G121/><T80/><D39/><U109/><E109/><V53/><F116/><W74/><G74/><T73/><D73/><U86/><E66/><V25/><F75/><W84/><G84/><T71/><D67/><U35/><E35/><V57/><F79/><W40/><G40/><T77/><D77/><U29/><E29/><V21/><F25/><W131/><G131/><N who="1" m="50250" /><E86/><N who="2" m="50391" /><F104/><W126/><G126/><T23/><D71/><U48/><E103/><V32/><F32/><W19/><G19/><T130/><D130/><U59/><E48/><V62/><AGARI ba="0,0" hai="14,17,21,44,46,53,57,62,93,96,101" m="50391" machi="62" ten="30,2000,0" yaku="8,1,52,1" doraHai="12" who="2" fromWho="2" sc="200,-5,230,-10,340,20,230,-5" /><INIT seed="2,0,0,1,5,127" ten="195,220,360,225" oya="2" hai0="9,4,103,10,29,42,37,122,13,24,85,31,40" hai1="34,98,69,112,39,36,108,18,105,8,45,82,2" hai2="28,52,41,81,51,58,61,104,133,111,83,131,16" hai3="91,64,95,55,33,109,68,116,21,88,101,100,5"/><V129/><F104/><W73/><G116/><T71/><D71/><U117/><E117/><V6/><F133/><W92/><G33/><T110/><D122/><U30/><E112/><V130/><F111/><W102/><G73/><T59/><D110/><U97/><E108/><V46/><F28/><W123/><G109/><T54/><D103/><N who="1" m="62703" /><E18/><V128/><F128/><W74/><G123/><T77/><D37/><N who="1" m="14411" /><E45/><V93/><F6/><W70/><G74/><T63/><D10/><U75/><E98/><V53/><F93/><W26/><G5/><T87/><D29/><U89/><E89/><V126/><F126/><W65/><G55/><N who="2" m="21065" /><F16/><N who="3" m="12583" /><G70/><T120/><D120/><U49/><E49/><V22/><F22/><W134/><G68/><T0/><D0/><U76/><E69/><V135/><F135/><W67/><G134/><T113/><D113/><U119/><E119/><V44/><F44/><W56/><G56/><T94/><D94/><AGARI ba="0,0" hai="64,65,67,88,91,92,94,95,100,101,102" m="12583" machi="94" ten="30,3900,0" yaku="8,1,54,2" doraHai="127" who="3" fromWho="0" sc="195,-39,220,0,360,0,225,39" /><INIT seed="3,0,0,5,5,26" ten="156,220,360,264" oya="3" hai0="47,3,102,71,100,4,130,32,95,121,84,16,109" hai1="115,128,69,30,103,34,18,80,13,41,38,76,7" hai2="93,118,15,39,27,68,83,25,122,22,53,88,23" hai3="120,107,124,6,51,72,131,101,79,129,12,10,106"/><W91/><G120/><T28/><D121/><U61/><E115/><V90/><F68/><W85/><G124/><T44/><D71/><U74/><E128/><V67/><F39/><W36/><G36/><T2/><D130/><N who="3" m="49673" /><G51/><T40/><D109/><U21/><E103/><V14/><F118/><W126/><G126/><T65/><D65/><U133/><E133/><V75/><F67/><W48/><G101/><T98/><D100/><U87/><E69/><V132/><F132/><W110/><G110/><T97/><D97/><U45/><E61/><V105/><F105/><W111/><G111/><T117/><D117/><U29/><E34/><V31/><F122/><W24/><G48/><T58/><D58/><U92/><REACH who="1" step="1"/><E7/><REACH who="1" ten="156,210,360,264" step="2"/><V62/><F62/><W42/><G107/><T0/><D4/><U112/><E112/><V55/><F75/><W77/><G72/><T60/><D60/><U96/><E96/><V64/><F64/><W37/><G106/><T1/><N who="0" m="0" /><DORA hai="94" /><T66/><D66/><U135/><E135/><V46/><F55/><W81/><G24/><T59/><D59/><U114/><E114/><V116/><F53/><W78/><G37/><T70/><D70/><U35/><E35/><V108/><F27/><W127/><G127/><T5/><D5/><U99/><E99/><V89/><F25/><W57/><G57/><T20/><D84/><U50/><E50/><V52/><F108/><W9/><G42/><T104/><D104/><U11/><E11/><AGARI ba="0,1" hai="6,9,10,11,12,77,78,79,81,85,91" m="49673" machi="11" ten="30,1500,0" yaku="19,1" doraHai="26,94" who="3" fromWho="1" sc="156,0,210,-15,360,0,264,25" /><INIT seed="3,1,0,0,5,106" ten="156,195,360,289" oya="3" hai0="109,132,128,28,35,89,130,30,126,13,56,0,90" hai1="37,98,69,73,42,45,23,76,5,72,32,120,93" hai2="16,107,103,33,108,81,78,123,64,36,17,67,24" hai3="118,20,62,53,21,66,116,71,2,50,26,25,96"/><W112/><G2/><T4/><D56/><U1/><E120/><V88/><F36/><W124/><G112/><T15/><D90/><U115/><E115/><V68/><F108/><W38/><G38/><T100/><D100/><U110/><E110/><V10/><F88/><W46/><G124/><T135/><D89/><U131/><E131/><N who="0" m="50217" /><D109/><U19/><E32/><V134/><F134/><N who="0" m="51242" /><D126/><U55/><E69/><V9/><F68/><W101/><G21/><T7/><D0/><U91/><E76/><V114/><F78/><W8/><G8/><N who="0" m="4231" /><D35/><U133/><E133/><V92/><F103/><W84/><G84/><T121/><D121/><U43/><E43/><V75/><F33/><W14/><G96/><T77/><D77/><U80/><E80/><V86/><F81/><W119/><G101/><T57/><D57/><U11/><E55/><V97/><F97/><W117/><G117/><T12/><D12/><AGARI ba="1,0" hai="1,5,11,12,19,23,37,42,45,72,73,91,93,98" machi="12" ten="30,3900,0" yaku="7,1,52,2" doraHai="106" who="1" fromWho="0" sc="156,-42,195,42,360,0,289,0" owari="114,-38.6,237,-16.3,360,46.0,289,8.9" /></mjloggm>