<mjloggm ver="2.3"><GO type="225" lobby="0"/><UN n0="%E6%B5%AE%E7%94%9F%E4%B9%8B%E6%A1%9C%E2%98%86" n1="%E5%84%AA%40%41%42%43" n2="%E8%90%BD%E6%97%A5" n3="%E7%B4%94%E6%BD%94%E3%83%94%E3%83%A9%E3%83%8B%E3%82%A2" dan="18,17,16,16" rate="2185.60,2130.44,2128.53,2112.52" sx="M,M,F,M"/><TAIKYOKU oya="0"/><INIT seed="0,0,0,1,0,52" ten="250,250,250,250" oya="0" hai0="2,17,18,76,59,6,104,30,27,33,57,69,91" hai1="82,63,121,46,86,108,21,74,129,85,26,107,100" hai2="111,93,29,70,56,11,65,41,42,127,73,103,97" hai3="37,118,132,112,20,5,78,4,75,83,123,66,38"/><T62/><D104/><U32/><E121/><V119/><F111/><W13/><G112/><T16/><D76/><U31/><E108/><V113/><F113/><W0/><G118/><T3/><D91/><U54/><E129/><V95/><F127/><W1/><G132/><T114/><D114/><U35/><E74/><V130/><F130/><W94/><G123/><T126/><D126/><U90/><E100/><V51/><F73/><W84/><G66/><T125/><D125/><U124/><E107/><V102/><F119/><W71/><G71/><T44/><D44/><U134/><E134/><V122/><F122/><W120/><G120/><T98/><D98/><U9/><E124/><V48/><F70/><W10/><G5/><T68/><D57/><U96/><E96/><N who="2" m="59663" /><F29/><W67/><G67/><T105/><D105/><U58/><E9/><V15/><F51/><W14/><G20/><T92/><D92/><U25/><E25/><V64/><F64/><W24/><G24/><T40/><D40/><U34/><E85/><V49/><F49/><W80/><G94/><T131/><D131/><U110/><E110/><V47/><F42/><W8/><G38/><T55/><REACH who="0" step="1"/><D6/><REACH who="0" ten="240,250,250,250" step="2"/><U43/><REACH who="1" step="1"/><E34/><REACH who="1" ten="240,240,250,250" step="2"/><V109/><F109/><W128/><G128/><T116/><D116/><U50/><AGARI ba="0,2" hai="21,26,31,32,35,43,46,50,54,58,63,82,86,90" machi="50" ten="20,12000,2" yaku="1,1,2,1,0,1,7,1,52,1,53,1" doraHai="52" doraHaiUra="77" who="1" fromWho="1" sc="240,-60,240,140,250,-30,250,-30" /><INIT seed="1,0,0,3,4,81" ten="180,380,220,220" oya="1" hai0="16,34,62,61,78,109,68,42,112,111,71,113,114" hai1="55,20,123,18,82,118,40,93,7,106,25,130,4" hai2="58,38,31,133,107,90,117,101,57,12,0,135,53" hai3="132,48,115,89,116,17,35,5,95,76,75,21,32"/><U30/><E106/><V126/><F0/><W37/><G37/><T28/><D28/><U46/><E118/><V100/><F117/><W83/><G115/><T3/><D34/><U65/><E123/><V69/><F69/><N who="0" m="26698" /><D3/><U87/><E65/><V77/><F77/><W22/><G132/><N who="2" m="50761" /><F38/><W73/><G75/><T99/><D99/><U8/><E130/><V67/><F126/><W94/><G94/><T10/><D78/><U54/><E93/><V51/><F107/><W52/><G5/><T91/><D91/><U74/><E30/><V127/><F127/><W72/><G73/><T84/><D84/><U86/><E4/><V104/><F104/><W102/><G102/><T119/><D119/><U98/><E87/><V56/><F90/><W110/><G21/><T97/><D97/><U128/><E98/><V63/><F31/><W125/><G125/><T129/><D129/><U103/><E103/><N who="2" m="39499" /><F58/><W24/><G116/><T105/><D105/><U108/><E74/><V66/><F12/><W14/><G24/><T11/><D42/><U15/><E128/><V122/><F122/><W120/><G120/><T26/><D26/><U39/><E15/><V13/><F13/><W47/><REACH who="3" step="1"/><G110/><REACH who="3" ten="180,380,220,210" step="2"/><N who="0" m="41995" /><D16/><U134/><E108/><V50/><F67/><W33/><G33/><T60/><AGARI ba="0,1" hai="10,11,60,61,62,112,113,114" m="41995,26698" machi="60" ten="50,6400,0" yaku="28,2,14,1" doraHai="81" who="0" fromWho="0" sc="180,74,380,-32,220,-16,210,-16" /><INIT seed="2,0,0,2,5,95" ten="254,348,204,194" oya="2" hai0="34,14,52,2,105,87,49,110,114,40,65,91,92" hai1="1,109,39,70,45,51,22,19,94,17,93,11,57" hai2="98,133,76,84,77,124,90,42,56,85,69,130,28" hai3="122,100,82,125,25,41,104,78,5,61,102,118,96"/><V20/><F69/><W53/><G118/><T128/><D114/><U123/><E70/><V21/><F124/><W47/><G125/><T54/><D2/><U62/><E39/><V10/><F130/><W127/><G127/><T26/><D105/><U74/><E74/><V33/><F133/><W64/><G122/><T60/><D128/><U83/><E109/><V111/><F111/><W88/><G5/><T59/><D110/><U107/><E83/><V36/><F33/><W99/><G25/><T115/><D115/><U80/><E80/><V121/><F121/><W108/><G53/><T129/><D129/><U120/><E107/><V58/><F42/><W23/><G23/><N who="2" m="8777" /><F36/><W126/><G126/><T89/><D14/><N who="1" m="7391" /><E1/><V103/><F10/><W55/><G55/><T66/><D40/><N who="1" m="24999" /><E123/><V48/><F28/><W86/><G108/><T16/><D16/><U24/><E120/><V38/><F38/><W9/><G9/><T18/><D18/><U72/><E72/><V101/><F77/><W97/><G104/><T30/><REACH who="0" step="1"/><D91/><REACH who="0" ten="244,348,204,194" step="2"/><U71/><E19/><V4/><F4/><W131/><G131/><T112/><D112/><U29/><E71/><V113/><F113/><W27/><G78/><T132/><D132/><U135/><E135/><V6/><F6/><W35/><G41/><T134/><D134/><U79/><E79/><V81/><F76/><W13/><G13/><T67/><D67/><AGARI ba="0,1" hai="22,24,29,57,62,67,93,94" m="24999,7391" machi="67" ten="30,1000,0" yaku="8,1" doraHai="95" who="1" fromWho="0" sc="244,-10,348,20,204,0,194,0" /><INIT seed="3,0,0,5,5,12" ten="234,368,204,194" oya="3" hai0="1,55,105,15,39,16,120,135,70,36,61,113,24" hai1="13,126,103,104,111,89,125,31,51,116,133,28,27" hai2="33,57,127,91,4,69,3,8,20,68,86,124,37" hai3="132,106,74,85,19,99,30,60,42,26,66,80,48"/><W115/><G115/><T87/><D1/><U79/><E111/><V0/><F33/><W94/><G132/><T7/><D120/><U40/><E79/><V35/><F35/><W118/><G118/><T32/><D135/><U6/><E116/><V45/><F0/><W119/><G119/><T59/><D105/><U77/><E77/><V131/><F131/><W25/><G106/><T130/><D130/><U67/><E67/><V101/><F101/><W134/><G74/><T29/><D113/><U38/><E38/><V50/><F57/><N who="3" m="37135" /><G134/><T123/><D123/><U75/><E75/><V63/><F37/><W10/><G30/><T95/><D7/><U93/><E103/><V49/><F49/><W53/><G42/><T110/><D110/><U18/><E6/><V11/><F63/><W46/><G94/><T81/><D95/><U44/><E104/><V54/><F11/><W107/><G107/><T21/><D70/><U72/><E72/><V97/><F97/><W78/><G99/><T112/><D112/><U88/><E133/><V76/><F68/><W65/><G65/><T102/><D102/><U73/><E31/><V96/><F69/><W109/><G109/><T129/><D129/><U43/><E40/><V2/><F2/><W14/><AGARI ba="0,0" hai="10,14,19,25,26,46,48,53,78,80,85" m="37135" machi="14" ten="30,3000,0" yaku="8,1,52,1" doraHai="12" who="3" fromWho="3" sc="234,-10,368,-10,204,-10,194,30" /><INIT seed="3,1,0,3,2,91" ten="224,358,194,224" oya="3" hai0="19,18,105,62,22,123,131,40,57,69,71,38,31" hai1="36,7,21,84,124,86,80,94,72,13,6,67,30" hai2="106,17,112,54,43,100,51,89,64,44,58,46,107" hai3="65,99,115,117,42,33,35,119,1,29,126,34,108"/><W129/><G115/><T59/><D105/><U73/><E36/><V104/><F112/><W120/><G120/><T109/><D123/><U121/><E121/><V11/><F64/><W16/><G29/><T122/><D122/><U56/><E72/><V39/><F100/><W63/><G1/><T98/><D109/><U3/><E73/><V27/><F89/><W81/><G108/><T47/><D131/><U2/><E2/><V28/><F46/><W53/><G129/><T101/><D31/><U110/><E3/><V4/><F17/><W8/><G42/><T32/><D18/><U102/><E124/><V5/><REACH who="2" step="1"/><F11/><REACH who="2" ten="224,358,184,224" step="2"/><W97/><G126/><T12/><D101/><U135/><E67/><V82/><F82/><W66/><G81/><T50/><D19/><U133/><E80/><V61/><F61/><W20/><G8/><T24/><D62/><U60/><E102/><V79/><F79/><W76/><G76/><T85/><D47/><U10/><E60/><V93/><F93/><W118/><G53/><T48/><D71/><U95/><E10/><V41/><F41/><W111/><G111/><T88/><D69/><U128/><E110/><V52/><F52/><W78/><G78/><T55/><D55/><U49/><E128/><V14/><F14/><N who="3" m="9239" /><G66/><T90/><D40/><U0/><E0/><V68/><F68/><W45/><G45/><T132/><D12/><U75/><E13/><V25/><F25/><W9/><G9/><T87/><D24/><U15/><E15/><V96/><F96/><W83/><G83/><T23/><D98/><U113/><E113/><RYUUKYOKU ba="1,1" sc="224,-15,358,-15,184,15,224,15" hai2="4,5,27,28,39,43,44,51,54,58,104,106,107" hai3="33,34,35,63,65,97,99,117,118,119" /><INIT seed="3,2,1,5,0,84" ten="209,343,199,239" oya="3" hai0="103,134,128,122,22,4,127,40,36,89,117,111,121" hai1="44,58,57,125,119,79,61,69,135,16,64,94,56" hai2="112,12,43,104,45,29,72,28,82,50,53,32,108" hai3="123,81,25,55,78,74,19,26,86,62,7,99,109"/><W20/><G123/><T85/><D117/><U68/><E79/><V116/><F116/><W113/><G113/><T38/><D103/><U75/><E75/><V30/><F112/><W87/><G7/><T100/><D100/><U23/><E119/><V95/><F104/><W133/><G133/><T77/><D77/><U90/><E125/><V1/><F1/><W52/><G109/><T73/><D73/><U88/><E135/><V48/><F108/><W17/><G99/><T34/><D34/><U11/><E11/><V66/><F66/><W115/><G115/><T120/><D134/><U126/><E126/><V27/><F72/><W105/><G105/><T37/><D111/><U83/><E83/><V33/><F82/><N who="3" m="47447" /><G62/><T114/><D127/><U124/><E124/><V93/><F12/><N who="3" m="9255" /><G74/><T14/><D114/><U130/><E130/><V24/><F30/><W118/><G118/><T129/><D40/><U2/><E2/><V92/><F92/><W31/><G31/><T6/><D22/><U63/><E94/><V131/><F131/><N who="0" m="50250" /><D14/><N who="1" m="9623" /><E69/><V71/><F71/><W107/><G107/><T67/><D67/><U0/><E64/><V5/><F5/><W18/><G19/><T10/><D10/><U70/><E70/><V9/><F9/><W8/><G8/><T35/><D35/><U97/><E68/><V46/><AGARI ba="2,1" hai="24,27,28,29,32,33,43,45,46,48,50,53,93,95" machi="46" ten="20,2700,0" yaku="0,1,7,1,9,1" doraHai="84" who="2" fromWho="2" sc="209,-9,343,-9,199,43,239,-15" owari="200,-30.0,334,43.4,242,4.2,224,-17.6" /></mjloggm>