<mjloggm ver="2.3"><GO type="225" lobby="0"/><UN n0="%E9%B3%B3%E6%9D%B1%E3%81%AE%E3%81%86%E3%81%95%E3%81%8E%E3%81%95%E3%82%93" n1="%E5%A4%9C%E5%85%89%E5%A4%A9%E6%A5%BC" n2="%E3%81%8B%E3%82%8F%E3%81%A1%E3%82%83%E3%82%93%35%38" n3="%E3%81%92%E3%81%A3%E3%81%A1" dan="17,16,17,17" rate="2240.70,2168.50,2230.20,2223.00" sx="M,F,M,M"/><TAIKYOKU oya="0"/><INIT seed="0,0,0,2,0,78" ten="250,250,250,250" oya="0" hai0="135,113,55,32,82,91,132,79,126,2,100,67,33" hai1="26,121,40,17,64,74,68,80,87,43,124,5,25" hai2="53,123,38,97,127,9,51,122,0,45,16,11,30" hai3="105,84,115,116,19,7,129,12,20,96,130,95,28"/><T94/><D2/><U101/><E121/><V89/><F127/><W6/><G115/><T93/><D67/><U76/><E124/><V131/><F131/><N who="3" m="50187" /><G116/><T34/><D126/><U81/><E101/><V65/><F30/><W37/><G37/><T63/><D113/><U27/><E5/><V14/><F38/><W1/><G1/><T47/><D100/><U18/><E68/><V52/><F65/><W72/><G72/><T88/><D94/><U48/><E64/><V75/><F75/><W59/><G28/><T73/><D91/><U92/><E92/><N who="2" m="56463" /><F0/><W66/><G84/><T62/><D47/><N who="1" m="25703" /><E74/><V39/><F39/><W71/><G105/><T23/><D23/><U54/><E43/><N who="2" m="25023" /><F123/><W111/><G111/><T49/><D49/><U128/><E128/><V108/><F108/><W114/><G114/><T31/><D31/><U83/><E54/><N who="2" m="21099" /><F122/><W125/><G71/><T15/><D55/><U36/><E36/><V35/><F35/><W120/><G120/><T134/><D15/><U69/><E69/><V85/><F85/><AGARI ba="0,0" hai="32,33,34,62,63,73,79,82,85,88,93,132,134,135" machi="85" ten="50,9600,0" yaku="20,1,52,1,54,1" doraHai="78" who="0" fromWho="2" sc="250,96,250,0,250,-96,250,0" /><INIT seed="0,1,0,0,4,129" ten="346,250,154,250" oya="0" hai0="61,107,69,97,62,2,32,8,49,40,36,88,5" hai1="27,89,47,103,90,85,16,127,50,41,68,125,10" hai2="132,112,6,3,46,76,110,113,7,0,73,135,96" hai3="114,23,51,38,83,77,102,105,1,67,59,100,92"/><T122/><D122/><U93/><E68/><V104/><F46/><W26/><G38/><T60/><D36/><U130/><E130/><V37/><F37/><W43/><G105/><T31/><D40/><U13/><E103/><N who="2" m="62567" /><F7/><W22/><G1/><N who="2" m="585" /><F6/><W24/><G114/><N who="2" m="44137" /><F110/><W65/><G92/><T25/><D49/><U78/><E78/><V108/><F108/><W53/><G43/><T66/><REACH who="0" step="1"/><D88/><REACH who="0" ten="336,250,154,250" step="2"/><U21/><REACH who="1" step="1"/><E90/><REACH who="1" ten="336,240,154,250" step="2"/><V29/><F29/><AGARI ba="1,2" hai="10,13,16,21,27,29,41,47,50,85,89,93,125,127" machi="29" ten="40,5200,0" yaku="1,1,2,1,54,1,53,0" doraHai="129" doraHaiUra="72" who="1" fromWho="2" sc="336,0,240,75,154,-55,250,0" /><INIT seed="1,0,0,2,2,133" ten="336,315,99,250" oya="1" hai0="122,80,23,110,112,104,25,11,57,114,115,134,60" hai1="32,74,59,58,63,51,135,130,101,103,79,83,65" hai2="4,106,75,5,64,89,6,39,120,35,91,126,47" hai3="107,71,21,3,16,98,124,85,90,17,69,48,127"/><U50/><E135/><V78/><F120/><W111/><G3/><T0/><D134/><U18/><E130/><V10/><F106/><W37/><G37/><T94/><D104/><U93/><E32/><V131/><F35/><W8/><G111/><T36/><D36/><U77/><E77/><V87/><F64/><W31/><G31/><T102/><D110/><U13/><E93/><V52/><F91/><W12/><G48/><T118/><D118/><U9/><E51/><V82/><F131/><W27/><G98/><T14/><D0/><U121/><E121/><V19/><F19/><W67/><G107/><T38/><D38/><U81/><E83/><V128/><F128/><W129/><G129/><T109/><D80/><U61/><REACH who="1" step="1"/><E50/><REACH who="1" ten="336,305,99,250" step="2"/><V76/><F76/><W86/><G86/><T72/><D94/><U40/><E40/><V108/><F108/><W68/><REACH who="3" step="1"/><G67/><AGARI ba="0,1" hai="9,13,18,58,59,61,63,65,67,74,79,81,101,103" machi="67" ten="30,5800,0" yaku="1,1,7,1,9,1,53,0" doraHai="133" doraHaiUra="113" who="1" fromWho="3" sc="336,0,305,68,99,0,250,-58" /><INIT seed="1,1,0,3,0,31" ten="336,373,99,192" oya="1" hai0="47,127,60,133,107,130,39,68,56,104,26,77,1" hai1="106,115,17,25,24,111,108,45,19,120,49,123,58" hai2="37,82,21,75,84,122,12,48,20,121,89,3,66" hai3="59,30,2,103,99,96,131,27,50,6,73,46,62"/><U36/><E106/><V74/><F37/><W28/><G73/><T109/><D109/><N who="1" m="42059" /><E36/><V117/><F3/><W42/><G131/><T128/><D68/><U44/><E58/><V5/><F66/><W51/><G6/><T43/><D133/><U18/><E115/><V64/><F64/><W76/><G2/><T126/><D77/><U63/><E63/><V105/><F105/><N who="0" m="40522" /><D26/><N who="1" m="10347" /><E49/><V72/><F48/><W57/><G76/><T87/><D87/><U86/><E86/><V52/><F117/><W7/><G51/><T23/><D23/><U113/><E113/><V22/><REACH who="2" step="1"/><F52/><REACH who="2" ten="336,373,89,192" step="2"/><W11/><G50/><T0/><D39/><U32/><E45/><V33/><F33/><W70/><G46/><T69/><D47/><U129/><E44/><V16/><F16/><W9/><G42/><T125/><D43/><U114/><E32/><V78/><F78/><W132/><G62/><T29/><D0/><U93/><E114/><V65/><F65/><W83/><G30/><T35/><D1/><U101/><E129/><V112/><F112/><W119/><G28/><T90/><D130/><U124/><E19/><V135/><F135/><W98/><G132/><T80/><D128/><U10/><E18/><V71/><F71/><W61/><G70/><T92/><D69/><U102/><E17/><V8/><AGARI ba="1,1" hai="5,8,12,20,21,22,72,74,75,82,84,89,121,122" machi="8" ten="40,2700,0" yaku="1,1,0,1,53,0" doraHai="31" doraHaiUra="14" who="2" fromWho="2" sc="336,-8,373,-14,89,40,192,-8" /><INIT seed="2,0,0,5,1,52" ten="328,359,129,184" oya="2" hai0="98,107,119,40,81,85,38,92,99,103,100,133,54" hai1="101,104,105,2,56,121,102,24,78,31,61,47,70" hai2="94,11,128,14,42,59,108,115,79,129,83,95,77" hai3="16,25,134,120,28,96,90,34,111,55,113,109,19"/><V131/><F115/><W116/><G116/><T8/><D119/><U75/><E2/><V4/><F108/><N who="3" m="41547" /><G120/><T37/><D133/><U87/><E75/><V76/><F42/><W13/><G134/><T124/><D124/><U73/><E73/><V48/><REACH who="2" step="1"/><F83/><REACH who="2" ten="328,359,119,184" step="2"/><W91/><G113/><T29/><D40/><U33/><E121/><V10/><F10/><N who="3" m="6199" /><G96/><T80/><D8/><U67/><E105/><V114/><F114/><W3/><G3/><T18/><D80/><U27/><E104/><V0/><F0/><W122/><G122/><T12/><D81/><U106/><E106/><V43/><F43/><W123/><G123/><T53/><D107/><U97/><E97/><V36/><F36/><W125/><G125/><T45/><D37/><U17/><E78/><V9/><F9/><W68/><G68/><T39/><D38/><U69/><E70/><V84/><F84/><W64/><G64/><T35/><D85/><U66/><E67/><V22/><F22/><N who="3" m="13535" /><G55/><AGARI ba="0,1" hai="4,11,14,48,55,59,76,77,79,94,95,128,129,131" machi="55" ten="50,12000,1" yaku="1,1,19,1,52,1,53,1" doraHai="52" doraHaiUra="6" who="2" fromWho="3" sc="328,0,359,0,119,130,184,-120" /><INIT seed="2,1,0,1,0,7" ten="328,359,249,64" oya="2" hai0="17,96,95,27,129,100,84,55,50,1,22,74,91" hai1="79,51,104,132,57,72,68,19,99,23,52,113,16" hai2="39,31,98,78,26,46,42,8,108,80,87,30,49" hai3="86,81,97,36,5,45,15,107,116,94,60,11,25"/><V53/><F108/><W92/><G116/><T89/><D129/><U93/><E113/><V33/><F30/><W28/><G107/><T117/><D74/><U64/><E132/><V105/><F105/><W40/><G60/><T125/><D125/><U63/><E104/><V41/><F98/><W70/><G70/><T44/><D117/><U48/><E48/><V0/><REACH who="2" step="1"/><F39/><REACH who="2" ten="328,359,239,64" step="2"/><W85/><G97/><T54/><D1/><U110/><E110/><V121/><F121/><W21/><REACH who="3" step="1"/><G86/><REACH who="3" ten="328,359,239,54" step="2"/><T66/><D84/><U73/><E99/><V131/><F131/><W20/><G20/><T109/><D109/><U71/><E23/><V37/><F37/><W102/><G102/><T69/><D100/><U32/><E73/><V106/><F106/><W135/><G135/><T47/><D96/><U9/><E72/><V13/><F13/><W133/><G133/><T61/><D22/><U58/><E32/><V59/><F59/><W43/><G43/><T128/><D128/><U115/><E58/><V101/><F101/><W83/><G83/><T4/><D69/><U111/><E71/><V77/><F77/><AGARI ba="1,2" hai="5,11,15,21,25,28,36,40,45,77,81,85,92,94" machi="77" ten="30,7700,0" yaku="1,1,7,1,52,1,53,1" doraHai="7" doraHaiUra="10" who="3" fromWho="2" sc="328,0,359,0,239,-80,54,100" /><INIT seed="3,0,0,4,1,9" ten="328,359,159,154" oya="3" hai0="12,108,18,122,80,0,16,115,123,5,121,55,42" hai1="71,100,131,79,89,34,36,75,28,76,35,26,101" hai2="88,130,99,124,81,62,96,129,120,126,135,56,7" hai3="37,95,51,50,109,8,27,102,59,30,46,64,104"/><W52/><G104/><T93/><D42/><U83/><E71/><V84/><F7/><W23/><G109/><T97/><D108/><U107/><E36/><V48/><F48/><W106/><G106/><T78/><D0/><U86/><E131/><N who="2" m="50187" /><F120/><W73/><G73/><T134/><D134/><U33/><E79/><V72/><F72/><W92/><G37/><T22/><D115/><U116/><E116/><V17/><F17/><W58/><G102/><T39/><D39/><U90/><E90/><V125/><F135/><W127/><G127/><T66/><D66/><AGARI ba="0,0" hai="56,62,66,81,84,88,96,99,124,125,126" m="50187" machi="66" ten="40,5200,0" yaku="18,1,19,1,54,1" doraHai="9" who="2" fromWho="0" sc="328,-52,359,0,159,52,154,0" owari="276,7.6,359,45.9,211,-18.9,154,-34.6" /></mjloggm>