<mjloggm ver="2.3"><GO type="225" lobby="0"/><UN n0="%E3%81%AA%E3%81%BE%E3%81%91%E8%80%85" n1="%E6%98%93%E5%88%A9%E8%96%A9%E4%BC%AF" n2="%E6%A1%9C%E8%8A%B1%E9%96%83%E3%80%85" n3="%E4%BF%BA%E3%81%A8%E5%A6%96%E5%A4%A2" dan="16,16,16,17" rate="2117.56,2067.02,2142.85,2174.91" sx="M,F,M,F"/><TAIKYOKU oya="0"/><INIT seed="0,0,0,1,0,108" ten="250,250,250,250" oya="0" hai0="52,20,67,66,78,47,106,37,46,58,53,42,129" hai1="80,59,22,62,117,16,124,6,17,28,35,40,97" hai2="0,74,5,15,132,96,56,7,54,111,123,127,84" hai3="95,10,61,133,75,44,23,102,81,87,121,104,43"/><T94/><D106/><U93/><E124/><V33/><F74/><W57/><G133/><T34/><D34/><U51/><E117/><V92/><F111/><W31/><G121/><T112/><D78/><U134/><E134/><V24/><F123/><W11/><G104/><T63/><D94/><U85/><E6/><V76/><F0/><W88/><G31/><T122/><D20/><U115/><E35/><V73/><F73/><W12/><G23/><T86/><D86/><U13/><E115/><V83/><F127/><W90/><G102/><T41/><D122/><U64/><E40/><V99/><F132/><W14/><G14/><T69/><D129/><U113/><E51/><V98/><F33/><W50/><G12/><T65/><D112/><U128/><E128/><V8/><F24/><W26/><G26/><T118/><D118/><U91/><E113/><V109/><F109/><W4/><G4/><T29/><D29/><U55/><E17/><N who="2" m="8423" /><F92/><W39/><G39/><N who="0" m="21823" /><D53/><U19/><E19/><V1/><F1/><W116/><G116/><T100/><D100/><U79/><REACH who="1" step="1"/><E28/><REACH who="1" ten="250,240,250,250" step="2"/><V71/><F5/><W70/><G43/><T130/><D130/><U9/><E9/><V27/><F7/><W32/><G10/><T72/><D72/><U2/><E2/><V48/><F27/><W3/><G11/><T30/><D30/><U82/><E82/><V77/><F77/><W126/><G3/><T60/><AGARI ba="0,1" hai="37,42,47,52,58,60,63,65,66,67,69" m="21823" machi="60" ten="30,18000,2" yaku="35,5,54,1" doraHai="108" who="0" fromWho="0" sc="250,190,240,-60,250,-60,250,-60" /><INIT seed="0,1,0,3,0,55" ten="440,180,190,190" oya="0" hai0="79,23,75,47,29,95,5,66,96,112,15,118,32" hai1="13,26,123,116,39,83,11,133,122,113,36,27,130" hai2="19,125,42,65,71,90,25,93,2,46,88,84,108" hai3="44,127,54,102,9,24,64,97,73,117,38,131,35"/><T14/><D112/><U107/><E116/><V31/><F108/><W109/><G117/><T41/><D32/><U59/><E130/><V121/><F121/><W69/><G73/><T3/><D118/><U7/><E107/><V22/><F125/><W1/><G109/><T70/><D3/><U81/><E133/><V10/><F71/><W58/><G131/><T49/><D79/><U61/><E113/><V135/><F135/><W21/><G127/><T60/><D75/><U98/><E123/><V132/><F132/><W72/><G72/><T126/><D5/><U53/><E122/><V78/><F65/><W86/><G86/><T106/><D106/><U94/><E39/><V119/><F119/><W28/><G9/><T52/><D126/><U103/><REACH who="1" step="1"/><E36/><REACH who="1" ten="440,170,190,190" step="2"/><V91/><F78/><W20/><G38/><N who="0" m="21943" /><D29/><U105/><E105/><V77/><F77/><W17/><G28/><T6/><D6/><U48/><E48/><N who="2" m="26711" /><F2/><W43/><G1/><T120/><D120/><U50/><E50/><V87/><F93/><W37/><G37/><T62/><D49/><U76/><E76/><V0/><F0/><W99/><G69/><T101/><D95/><U110/><E110/><V8/><F31/><W74/><G74/><T4/><D4/><U33/><E33/><V124/><F124/><W45/><G35/><T128/><D70/><U40/><E40/><V51/><F51/><W104/><G43/><T56/><D128/><U30/><E30/><V129/><F129/><W16/><G104/><T89/><D60/><U57/><E57/><V12/><F8/><W34/><G34/><RYUUKYOKU ba="1,1" sc="440,-15,170,15,190,15,190,-15" hai1="7,11,13,26,27,53,59,61,81,83,94,98,103" hai2="10,12,19,22,25,84,87,88,90,91" /><INIT seed="1,2,1,1,4,100" ten="425,185,205,175" oya="1" hai0="121,41,9,4,49,104,115,69,111,114,54,32,10" hai1="42,80,63,87,19,28,98,47,135,78,85,120,0" hai2="99,30,65,95,24,3,124,102,106,89,128,123,1" hai3="109,59,122,11,35,127,118,93,119,23,46,6,117"/><U18/><E120/><V116/><F123/><W25/><G122/><T44/><D32/><U67/><E0/><V21/><F116/><W22/><G46/><T105/><D69/><U8/><E28/><V2/><F124/><W26/><G59/><T75/><D75/><U134/><E98/><V66/><REACH who="2" step="1"/><F128/><REACH who="2" ten="425,185,195,175" step="2"/><W101/><G127/><T132/><D121/><U51/><E135/><V39/><F39/><W34/><G109/><T74/><D111/><U107/><E134/><V133/><F133/><W79/><G79/><T81/><D132/><U82/><E8/><V94/><F94/><W84/><G119/><T103/><D10/><U45/><E107/><V31/><F31/><W56/><G118/><T60/><D9/><U14/><E14/><V130/><F130/><W83/><G117/><T13/><D105/><U61/><E78/><V86/><AGARI ba="2,2" hai="1,2,3,21,24,30,65,66,86,89,95,99,102,106" machi="86" ten="30,4000,0" yaku="1,1,0,1,52,1,53,0" doraHai="100" doraHaiUra="110" who="2" fromWho="2" sc="425,-12,185,-22,195,66,175,-12" /><INIT seed="2,0,0,3,4,0" ten="413,163,261,163" oya="2" hai0="101,6,94,119,15,126,81,29,26,106,46,45,40" hai1="44,91,32,16,73,54,133,108,8,37,57,51,129" hai2="120,56,116,123,78,98,31,69,24,79,53,10,33" hai3="128,39,103,14,65,93,90,20,1,95,68,105,88"/><V89/><F69/><W4/><G39/><T86/><D106/><U92/><E108/><V7/><F116/><W102/><G1/><T61/><D61/><U70/><E73/><V72/><F89/><W83/><G105/><T107/><D107/><U122/><E32/><V104/><F98/><W97/><G128/><T99/><D126/><U27/><E70/><V118/><F104/><W12/><G83/><T21/><D40/><U23/><E133/><V77/><F72/><W28/><G65/><T34/><D119/><U41/><E122/><V111/><F118/><W134/><G68/><T11/><D34/><U19/><E129/><V22/><F33/><W67/><G67/><T100/><D101/><U63/><E8/><V50/><REACH who="2" step="1"/><F111/><REACH who="2" ten="413,163,251,163" step="2"/><W75/><G75/><T35/><D35/><U84/><REACH who="1" step="1"/><E37/><REACH who="1" ten="413,153,251,163" step="2"/><V42/><F42/><W112/><G134/><T43/><D43/><U117/><E117/><V60/><F60/><W18/><G112/><T3/><D3/><AGARI ba="0,2" hai="3,7,10,22,24,31,50,53,56,77,78,79,120,123" machi="3" ten="40,3900,0" yaku="1,1,52,1,53,0" doraHai="0" doraHaiUra="76" who="2" fromWho="0" sc="413,-39,153,0,251,59,163,0" /><INIT seed="2,1,0,5,2,113" ten="374,153,310,163" oya="2" hai0="36,128,112,133,57,40,96,35,1,101,82,11,7" hai1="17,88,44,114,13,50,2,85,42,51,46,5,53" hai2="19,98,72,33,59,93,116,55,32,56,8,21,37" hai3="123,86,14,67,125,132,77,3,54,119,84,20,4"/><V6/><F72/><W16/><G123/><T65/><D112/><U41/><E114/><V31/><F37/><W69/><G132/><T10/><D35/><U102/><E2/><V121/><F121/><W81/><G125/><T34/><D34/><U91/><E102/><V83/><F83/><W134/><G134/><T92/><D133/><U107/><E107/><V111/><F111/><W27/><G3/><T15/><D128/><U108/><E108/><V79/><F79/><W104/><G104/><T58/><D82/><U131/><E131/><V122/><F116/><W87/><G119/><T90/><D65/><U25/><E5/><V49/><F59/><W66/><G54/><T60/><D60/><U39/><E25/><V126/><F31/><N who="3" m="17895" /><G4/><T115/><D115/><U26/><E26/><V95/><F95/><W52/><G69/><T48/><D36/><U106/><E106/><V76/><F76/><W120/><G120/><T103/><D10/><U9/><REACH who="1" step="1"/><E85/><REACH who="1" ten="374,143,310,163" step="2"/><V105/><F105/><W22/><G87/><T43/><D7/><U71/><E71/><V75/><F122/><W70/><G86/><T61/><D103/><U47/><AGARI ba="1,1" hai="9,13,17,39,41,42,44,46,47,50,51,53,88,91" machi="47" ten="20,5200,0" yaku="1,1,0,1,7,1,54,1,53,0" doraHai="113" doraHaiUra="130" who="1" fromWho="1" sc="374,-14,143,65,310,-27,163,-14" /><INIT seed="3,0,0,0,3,23" ten="360,208,283,149" oya="3" hai0="94,16,81,89,130,53,43,58,97,105,132,111,1" hai1="49,8,33,114,54,85,0,10,128,92,63,71,73" hai2="37,51,119,116,2,135,99,131,76,48,19,5,31" hai3="39,115,78,113,14,125,62,75,68,110,59,123,74"/><W122/><G14/><T3/><D43/><U96/><E73/><N who="3" m="27658" /><G78/><T15/><D130/><U61/><E33/><V9/><F131/><W83/><G83/><T79/><D132/><U102/><E114/><N who="3" m="43530" /><G59/><T72/><D105/><U133/><E133/><V86/><F135/><W104/><G104/><T6/><D6/><U117/><E117/><V93/><F19/><W50/><G50/><T124/><D3/><U60/><E128/><V90/><F51/><W4/><G4/><T35/><D1/><U38/><E38/><V47/><F37/><W127/><G39/><T129/><D81/><U70/><E85/><V27/><F76/><W25/><G25/><T121/><D15/><U106/><E106/><V45/><F86/><W41/><G41/><T108/><D79/><U112/><E112/><V77/><F77/><W28/><G28/><T11/><D129/><U95/><E0/><V13/><F2/><W57/><G57/><T56/><D56/><U42/><E42/><V34/><F47/><W64/><G110/><T32/><D58/><N who="1" m="33103" /><E95/><V44/><F45/><W109/><G109/><T7/><D94/><U55/><E10/><V17/><F5/><W69/><G69/><N who="1" m="26122" /><E8/><V26/><F26/><W82/><G82/><T107/><D7/><U18/><E18/><V120/><F9/><W65/><G65/><T84/><D11/><U80/><E80/><V30/><F17/><W98/><G98/><T22/><D16/><U103/><E55/><N who="2" m="30087" /><F99/><W36/><G36/><T66/><D108/><U52/><E52/><V24/><F93/><W87/><G87/><T126/><D84/><RYUUKYOKU ba="0,0" sc="360,-15,208,15,283,-15,149,15" hai1="60,61,63,92,96,102,103" hai3="62,64,68,122,123,125,127" /><INIT seed="3,1,0,2,2,85" ten="345,223,268,164" oya="3" hai0="121,27,92,133,61,41,82,106,22,1,102,79,69" hai1="132,0,73,64,16,48,35,4,72,122,130,34,62" hai2="103,5,54,97,24,98,120,83,127,78,104,112,29" hai3="25,17,113,126,119,107,57,49,125,93,135,58,43"/><W105/><G113/><T67/><D1/><U39/><E122/><V55/><F112/><W81/><G119/><T128/><D121/><U3/><E48/><V123/><F127/><N who="3" m="48651" /><G135/><T30/><D106/><N who="3" m="40457" /><G81/><T14/><D41/><U80/><E16/><V94/><F5/><W18/><G93/><T28/><D128/><U26/><E130/><V75/><F120/><W108/><G108/><T117/><D117/><U100/><E100/><V46/><F46/><N who="3" m="25823" /><G17/><T21/><D133/><U59/><E132/><V74/><F74/><W115/><G115/><T101/><D92/><U12/><E73/><V95/><F104/><W110/><G110/><T7/><D102/><U89/><E72/><V8/><F123/><W116/><G116/><T11/><D101/><U19/><E39/><V2/><F2/><W10/><G10/><T6/><D82/><U13/><E3/><V60/><F8/><W52/><G52/><T32/><D79/><U68/><E0/><V118/><F118/><W114/><G114/><T9/><D30/><U96/><E80/><V51/><F51/><W50/><G50/><T71/><D9/><U20/><E4/><V38/><F38/><W124/><N who="3" m="48659" /><W36/><DORA hai="111" /><G36/><T33/><D6/><U47/><E47/><V76/><F76/><W23/><AGARI ba="1,0" hai="18,23,25,57,58" m="25823,40457,48659" machi="23" ten="50,2400,0" yaku="18,1" doraHai="85,111" who="3" fromWho="3" sc="345,-9,223,-9,268,-9,164,27" /><INIT seed="3,2,0,5,2,82" ten="336,214,259,191" oya="3" hai0="5,46,52,87,72,119,67,2,20,125,80,21,58" hai1="85,94,0,111,107,31,69,9,50,57,84,59,37" hai2="100,129,44,42,132,96,38,22,102,116,79,53,97" hai3="61,3,65,30,104,98,25,73,36,135,92,51,24"/><W56/><G36/><T14/><D2/><U103/><E37/><V8/><F116/><W47/><G104/><T70/><D72/><U91/><E69/><V134/><F129/><W68/><G73/><T124/><D119/><U26/><E111/><V29/><F79/><W35/><G3/><T114/><D46/><U115/><E115/><V6/><F53/><W117/><G117/><T4/><D67/><U16/><E107/><V48/><F38/><W12/><G135/><N who="2" m="51753" /><F22/><N who="0" m="8810" /><D70/><U55/><E103/><N who="2" m="39467" /><F29/><W88/><G24/><T122/><D14/><AGARI ba="2,0" hai="6,8,14,42,44,48,96,97" m="39467,51753" machi="14" ten="30,1000,0" yaku="20,1" doraHai="82" who="2" fromWho="0" sc="336,-16,214,0,259,16,191,0" owari="320,42.0,214,-18.6,275,7.5,191,-30.9" /></mjloggm>