<mjloggm ver="2.3"><GO type="225" lobby="0"/><UN n0="%72%69%6F%75%63%68%61%6E" n1="%E5%80%89%E6%A9%8B%EF%BC%A0%E4%BA%8B%E5%8B%99" n2="%E5%AE%AE%E4%BF%9D%E9%B6%8F%E8%82%89" n3="%43%68%65" dan="17,16,16,16" rate="2257.99,2086.90,2111.96,2126.29" sx="M,M,M,M"/><TAIKYOKU oya="0"/><INIT seed="0,0,0,5,3,52" ten="250,250,250,250" oya="0" hai0="36,16,8,40,119,81,113,85,24,130,71,5,29" hai1="120,135,69,91,114,95,72,109,21,47,121,3,101" hai2="15,131,10,42,79,90,70,117,125,43,76,33,105" hai3="87,122,6,39,0,84,77,88,110,102,26,111,93"/><T20/><D113/><U123/><E3/><V74/><F70/><W115/><G39/><T89/><D119/><U128/><E69/><V116/><F33/><W62/><G115/><T127/><D130/><U67/><E114/><V37/><F131/><W30/><G102/><T23/><D127/><U106/><E128/><V99/><F125/><W126/><G126/><T64/><D36/><U78/><E67/><V73/><F105/><W56/><G122/><T48/><D71/><U134/><E47/><V58/><F58/><W68/><G68/><T45/><D64/><U27/><E21/><V49/><F37/><W82/><G6/><T32/><REACH who="0" step="1"/><D16/><REACH who="0" ten="240,250,250,250" step="2"/><U35/><E123/><V103/><F116/><W46/><G111/><T57/><D57/><U19/><E109/><V59/><F59/><W124/><G124/><T66/><D66/><U11/><E121/><V44/><F117/><W4/><G110/><T17/><D17/><U92/><E120/><V107/><F44/><W83/><G46/><T38/><D38/><U118/><E118/><V60/><F43/><W25/><G30/><T2/><AGARI ba="0,1" hai="2,5,8,20,23,24,29,32,40,45,48,81,85,89" machi="2" ten="20,3900,0" yaku="1,1,0,1,7,1,53,0" doraHai="52" doraHaiUra="55" who="0" fromWho="0" sc="240,49,250,-13,250,-13,250,-13" /><INIT seed="0,1,0,3,3,16" ten="289,237,237,237" oya="0" hai0="86,127,15,116,26,48,45,35,132,134,120,104,27" hai1="33,64,131,100,42,39,67,6,135,25,82,101,41" hai2="28,74,81,19,90,18,9,14,47,96,99,87,51" hai3="10,37,88,50,5,103,123,53,94,85,117,119,2"/><T73/><D116/><U71/><E71/><V95/><F74/><W31/><G37/><T125/><D120/><U24/><E33/><V11/><F28/><W108/><G123/><T69/><D73/><U79/><E6/><V58/><F58/><W7/><G108/><T76/><D69/><U129/><E135/><N who="0" m="51753" /><D104/><U44/><E42/><V22/><F19/><W65/><G65/><N who="1" m="25162" /><E101/><V59/><F59/><W83/><G5/><T62/><D62/><U29/><E100/><V38/><F38/><W52/><G31/><N who="0" m="19959" /><D15/><U21/><E25/><V114/><F114/><W72/><G53/><N who="0" m="29839" /><D27/><U70/><E70/><V46/><F99/><W105/><G105/><T66/><D66/><U8/><E8/><V55/><REACH who="2" step="1"/><F47/><REACH who="2" ten="289,237,227,237" step="2"/><W124/><G72/><T84/><D84/><U106/><E44/><V98/><F98/><W34/><G119/><T102/><D102/><AGARI ba="1,1" hai="9,11,14,18,22,46,51,55,81,87,90,95,96,102" machi="102" ten="30,8000,1" yaku="1,1,7,1,8,1,52,1,53,1" doraHai="16" doraHaiUra="12" who="2" fromWho="0" sc="289,-83,237,0,227,93,237,0" /><INIT seed="1,0,0,1,2,25" ten="206,237,320,237" oya="1" hai0="107,132,98,75,128,126,31,42,69,124,8,22,109" hai1="81,67,97,59,119,117,18,0,91,89,15,133,2" hai2="4,47,114,93,135,39,56,48,45,34,86,9,106" hai3="116,125,1,113,57,68,51,127,87,88,55,41,28"/><U77/><E133/><V134/><F106/><W130/><G113/><T3/><D75/><U129/><E129/><V120/><F34/><W5/><G130/><T108/><D128/><U90/><E97/><V29/><F29/><W80/><G68/><T110/><D69/><U105/><E105/><V84/><F120/><W23/><G41/><T21/><D42/><U49/><E0/><V118/><F118/><W14/><G116/><T83/><D83/><U131/><E2/><V66/><F39/><W73/><G73/><T30/><D132/><N who="2" m="50730" /><F114/><W32/><G1/><T74/><D74/><U94/><E94/><V16/><F16/><W40/><G40/><T70/><D70/><U24/><E24/><V60/><F93/><W122/><G122/><T35/><D35/><U33/><E33/><V12/><F47/><W71/><G71/><T46/><D46/><U99/><E131/><V76/><F76/><W7/><G32/><T37/><D37/><U103/><E117/><V102/><F102/><W6/><G28/><N who="0" m="10795" /><D8/><U54/><E119/><V123/><F123/><W96/><G96/><T17/><D3/><U72/><E99/><V50/><F45/><W101/><G101/><N who="0" m="62903" /><D22/><N who="1" m="11615" /><E103/><V82/><F82/><W11/><REACH who="3" step="1"/><G23/><REACH who="3" ten="206,237,320,227" step="2"/><T115/><D115/><U19/><E72/><V36/><F36/><W64/><G64/><T121/><D121/><U53/><E67/><V44/><F66/><W61/><G61/><T13/><AGARI ba="0,1" hai="13,17,21,108,109,110,124,126" m="62903,10795" machi="13" ten="40,8000,1" yaku="14,1,52,3" doraHai="25" who="0" fromWho="0" sc="206,90,237,-40,320,-20,227,-20" /><INIT seed="2,0,0,5,0,131" ten="296,197,300,207" oya="2" hai0="130,25,135,88,29,122,118,132,0,41,75,73,44" hai1="59,116,58,104,86,54,23,121,82,30,133,69,125" hai2="1,110,32,108,120,63,72,38,76,97,90,123,52" hai3="12,22,89,100,33,81,106,51,26,17,20,34,56"/><V117/><F117/><W49/><G106/><T37/><D122/><U98/><E69/><V55/><F1/><W53/><G100/><T67/><D130/><U71/><E71/><V47/><F32/><W21/><G34/><T91/><D118/><U60/><E116/><V9/><F9/><W94/><G81/><T128/><D128/><U4/><E121/><V14/><F14/><W2/><G2/><T107/><D107/><U39/><E39/><V19/><F19/><W115/><G115/><T78/><D67/><U40/><E40/><N who="2" m="22935" /><F72/><N who="0" m="27722" /><D78/><U105/><E125/><V13/><F13/><W96/><G33/><N who="0" m="20655" /><D0/><U28/><E133/><AGARI ba="0,0" hai="37,41,44,88,91,132,133,135" m="20655,27722" machi="133" ten="30,8000,1" yaku="20,1,52,3,54,1" doraHai="131" who="0" fromWho="1" sc="296,80,197,-80,300,0,207,0" /><INIT seed="3,0,0,0,1,121" ten="376,117,300,207" oya="3" hai0="41,12,63,9,89,67,106,54,103,81,105,108,104" hai1="40,70,113,115,116,95,28,92,37,59,93,53,87" hai2="117,135,125,27,34,118,26,52,77,129,22,14,24" hai3="1,111,2,76,10,19,49,102,5,51,74,31,68"/><W7/><G68/><T42/><D108/><U16/><E70/><V21/><F77/><W71/><G71/><T55/><D103/><U69/><E69/><V32/><F52/><W90/><G102/><T110/><D110/><U101/><E116/><N who="2" m="44651" /><F135/><W15/><G31/><T35/><D35/><N who="2" m="13354" /><F129/><W30/><G30/><T88/><D67/><U72/><E72/><V33/><N who="2" m="13362" /><V99/><DORA hai="11" /><F99/><W134/><G134/><T25/><D25/><U23/><E101/><V57/><F57/><W128/><G128/><T80/><D63/><U120/><E28/><V97/><F97/><W0/><G90/><N who="0" m="34923" /><D106/><U29/><E29/><N who="2" m="17551" /><F125/><W62/><G62/><T61/><D105/><U86/><E120/><V38/><F38/><W75/><G76/><T60/><D104/><U46/><E87/><V48/><F48/><W64/><G64/><T65/><D65/><U84/><E86/><V126/><F126/><W13/><G0/><T100/><D100/><U130/><E84/><V114/><F114/><W85/><G85/><T82/><D60/><U66/><E66/><V20/><F20/><W132/><G132/><T44/><D61/><U56/><E130/><V96/><F96/><W73/><G73/><T112/><D44/><U131/><E131/><V50/><F50/><W94/><G94/><T119/><D112/><U18/><E53/><N who="0" m="19977" /><D119/><U91/><E91/><V133/><F133/><W45/><G45/><T107/><D107/><U6/><E6/><AGARI ba="0,0" hai="6,9,12,41,42,80,81,82" m="19977,34923" machi="6" ten="30,3900,0" yaku="8,1,52,1,54,1" doraHai="121,11" who="0" fromWho="1" sc="376,39,117,-39,300,0,207,0" owari="415,51.5,78,-42.2,300,10.0,207,-19.3" /></mjloggm>