<mjloggm ver="2.3"><GO type="225" lobby="0"/><UN n0="%E3%82%B7%E3%83%B3%E5%A4%AA%E6%9C%97" n1="%E5%8F%AF%E5%85%90%E9%82%A3%E7%94%B1%E5%A4%9A" n2="%E3%81%86%E3%81%A9%E3%82%93%E3%81%93" n3="%E3%81%A8%E3%82%93%E3%81%A8%E3%81%93%E3%81%A8%E3%82%93" dan="16,17,16,16" rate="2139.67,2209.03,2176.03,2101.29" sx="M,F,M,F"/><TAIKYOKU oya="0"/><INIT seed="0,0,0,2,1,25" ten="250,250,250,250" oya="0" hai0="63,75,41,103,65,135,56,116,62,18,12,82,36" hai1="21,101,28,88,24,29,67,33,9,46,127,77,114" hai2="35,50,22,132,60,99,47,102,0,34,125,43,95" hai3="93,13,100,10,130,49,54,81,26,55,107,133,39"/><T115/><D135/><U122/><E122/><V109/><F132/><W16/><G39/><T126/><D126/><U58/><E127/><V112/><F125/><W37/><G37/><T120/><D120/><U83/><E114/><V124/><F124/><W118/><G118/><T23/><D115/><U90/><E101/><V94/><F112/><W32/><G133/><T6/><D116/><U5/><E46/><V97/><F0/><W27/><G107/><T85/><D75/><U42/><E42/><V128/><F128/><W74/><G130/><T17/><D103/><U11/><E33/><V2/><F2/><W40/><G74/><T15/><D6/><U117/><E117/><V76/><F76/><W44/><G81/><T45/><D56/><U61/><E29/><V64/><F22/><W31/><REACH who="3" step="1"/><G26/><REACH who="3" ten="250,250,250,240" step="2"/><T53/><D65/><U134/><E134/><V129/><F129/><W19/><G19/><T4/><D4/><U84/><REACH who="1" step="1"/><E11/><REACH who="1" ten="250,240,250,240" step="2"/><V113/><F113/><W68/><G68/><T106/><D106/><U38/><E38/><V89/><F109/><W105/><G105/><T7/><D36/><U66/><E66/><V78/><REACH who="2" step="1"/><F78/><REACH who="2" ten="250,240,240,240" step="2"/><W98/><AGARI ba="0,3" hai="10,13,16,27,31,32,40,44,49,54,55,93,98,100" machi="98" ten="30,7900,0" yaku="1,1,0,1,52,1,54,1,53,0" doraHai="25" doraHaiUra="72" who="3" fromWho="3" sc="250,-39,240,-20,240,-20,240,109" /><INIT seed="1,0,0,0,0,135" ten="211,220,220,349" oya="1" hai0="88,10,76,120,51,113,108,21,41,96,14,130,72" hai1="9,37,99,24,6,102,61,106,112,46,134,90,18" hai2="17,101,123,87,49,29,57,62,103,50,54,58,104" hai3="8,43,20,44,89,110,22,33,124,107,118,127,48"/><U126/><E112/><V59/><F123/><W1/><G33/><T7/><D120/><U31/><E134/><V105/><F29/><W84/><G107/><T97/><D113/><U93/><E18/><V45/><F104/><W132/><G110/><T78/><D108/><U77/><E77/><V85/><F105/><W47/><G132/><T80/><D130/><U67/><E46/><V25/><F49/><W0/><G118/><T111/><D111/><U3/><E37/><V36/><F36/><W35/><G35/><T83/><D21/><N who="3" m="8297" /><G47/><T94/><D41/><U100/><E126/><N who="3" m="48170" /><G8/><T86/><REACH who="0" step="1"/><D51/><REACH who="0" ten="201,220,220,349" step="2"/><U66/><E9/><V95/><F50/><W91/><G91/><T121/><D121/><U125/><E125/><V71/><F101/><W23/><G23/><T38/><D38/><U34/><E100/><V133/><F103/><W40/><G43/><T2/><D2/><U69/><E3/><V64/><F133/><W32/><G32/><T98/><AGARI ba="0,1" hai="7,10,14,72,76,78,80,83,86,88,94,96,97,98" machi="98" ten="20,5200,0" yaku="1,1,0,1,7,1,54,1,53,0" doraHai="135" doraHaiUra="60" who="0" fromWho="0" sc="201,62,220,-26,220,-13,349,-13" /><INIT seed="2,0,0,3,2,0" ten="263,194,207,336" oya="2" hai0="92,98,22,21,96,75,71,47,124,60,110,54,135" hai1="76,19,1,9,111,107,85,27,128,53,31,125,115" hai2="91,26,123,50,93,102,104,73,90,12,11,15,129" hai3="87,7,8,46,17,77,88,36,61,100,56,3,133"/><V65/><F123/><W127/><G127/><T83/><D124/><U116/><E125/><V122/><F122/><W101/><G133/><T69/><D110/><U43/><E115/><V120/><F120/><W103/><G77/><T81/><D135/><U20/><E116/><V57/><F73/><W72/><G72/><T119/><D119/><U78/><E107/><V58/><F104/><W16/><G46/><T42/><D98/><U62/><E111/><V64/><F129/><W51/><G51/><T70/><D54/><U117/><E117/><V28/><F102/><W59/><G36/><T118/><D60/><U131/><E43/><V49/><F26/><W32/><G32/><T67/><D67/><U30/><E53/><V13/><F11/><W130/><G130/><N who="1" m="49706" /><E62/><V132/><F132/><W112/><G112/><T86/><D75/><U63/><E63/><V45/><F93/><W34/><G34/><T2/><D2/><U66/><E66/><N who="2" m="25707" /><F28/><N who="1" m="10793" /><E85/><V99/><F99/><W25/><G25/><T14/><D118/><U48/><E48/><N who="2" m="18539" /><F45/><W35/><G35/><T94/><D69/><U68/><E68/><V6/><F6/><AGARI ba="0,0" hai="1,6,9,19,20,27,76,78" m="10793,49706" machi="6" ten="30,2000,0" yaku="19,1,52,1" doraHai="0" who="1" fromWho="2" sc="263,0,194,20,207,-20,336,0" /><INIT seed="3,0,0,1,0,7" ten="263,214,187,336" oya="3" hai0="81,49,128,79,93,53,96,74,39,46,47,57,131" hai1="58,111,48,14,126,51,24,117,78,130,13,76,77" hai2="20,108,31,41,112,29,71,134,120,15,43,35,121" hai3="92,65,91,124,67,25,11,72,113,0,6,33,106"/><W101/><G113/><T17/><D17/><U69/><E69/><V90/><F71/><W32/><G72/><T19/><D19/><U44/><E111/><V119/><F112/><W99/><G124/><T122/><D122/><N who="2" m="47210" /><F90/><W3/><G3/><T18/><D18/><U125/><E130/><N who="0" m="49705" /><D39/><U55/><E117/><V34/><F20/><W66/><REACH who="3" step="1"/><G25/><REACH who="3" ten="263,214,187,326" step="2"/><T89/><AGARI ba="0,1" hai="46,47,49,53,57,74,79,81,89,93,96" m="49705" machi="89" ten="30,1100,0" yaku="19,1" doraHai="7" who="0" fromWho="0" sc="263,21,214,-3,187,-3,326,-5" owari="284,8.4,211,-18.9,184,-31.6,321,42.1" /></mjloggm>