<mjloggm ver="2.3"><GO type="225" lobby="0"/><UN n0="%28%EF%BF%A3%E2%96%BD%EF%BF%A3%29%CE%B4%E2%8C%92%E3%83%BB" n1="%E6%A1%9C%E8%8A%B1%E9%96%83%E3%80%85" n2="%E6%98%93%E5%88%A9%E8%96%A9%E4%BC%AF" n3="%6D%61%74%69%67%75%73%61" dan="17,17,16,17" rate="2253.26,2182.94,2077.22,2171.53" sx="M,M,F,M"/><TAIKYOKU oya="0"/><INIT seed="0,0,0,0,3,55" ten="250,250,250,250" oya="0" hai0="66,21,18,132,48,120,106,50,118,22,90,8,135" hai1="33,49,52,29,5,53,34,3,17,97,84,108,64" hai2="63,109,78,100,61,91,54,56,45,68,83,75,81" hai3="39,67,59,40,85,79,80,37,115,95,129,105,101"/><T99/><D118/><U133/><E108/><V94/><F109/><W87/><G115/><T31/><D120/><U128/><E128/><V65/><F83/><W47/><G129/><T10/><D66/><U51/><E133/><N who="0" m="51273" /><D31/><U2/><E84/><V92/><F100/><W26/><G105/><T77/><D77/><U13/><E97/><V46/><REACH who="2" step="1"/><F94/><REACH who="2" ten="250,250,240,250" step="2"/><W57/><G101/><T86/><D106/><U125/><E125/><V38/><F38/><W62/><G37/><T107/><D107/><U0/><E51/><V82/><F82/><W35/><G95/><T134/><D50/><U113/><E49/><V4/><F4/><W28/><REACH who="3" step="1"/><G87/><AGARI ba="0,1" hai="45,46,54,56,61,63,65,68,75,78,81,87,91,92" machi="87" ten="30,3900,0" yaku="1,1,7,1,52,1,53,0" doraHai="55" doraHaiUra="70" who="2" fromWho="3" sc="250,0,250,0,240,49,250,-39" /><INIT seed="1,0,0,3,5,131" ten="250,250,289,211" oya="1" hai0="118,10,49,104,111,58,35,5,71,4,3,18,66" hai1="45,37,31,88,107,82,102,89,7,123,106,103,93" hai2="122,121,80,17,6,119,20,112,101,52,33,19,87" hai3="16,59,125,9,63,22,24,100,75,70,116,68,61"/><U117/><E31/><V98/><F33/><W92/><G75/><T99/><D35/><U14/><E14/><V27/><F119/><W127/><G116/><T115/><D118/><U65/><E7/><V128/><F128/><W94/><G9/><T96/><D115/><U60/><E117/><V36/><F36/><W51/><G51/><T26/><D5/><U30/><E30/><V124/><F112/><W114/><G114/><T134/><D111/><U64/><E82/><V39/><F39/><W67/><G68/><T34/><D34/><U62/><E93/><V77/><F6/><W46/><G46/><T90/><D71/><U108/><E45/><V0/><F0/><W120/><G120/><T56/><D104/><U86/><E86/><V28/><F124/><N who="3" m="47691" /><G100/><T74/><D74/><U13/><E37/><V53/><F122/><W55/><AGARI ba="0,0" hai="16,22,24,55,59,61,63,67,70,92,94" m="47691" machi="55" ten="30,2000,0" yaku="18,1,54,1" doraHai="131" who="3" fromWho="3" sc="250,-5,250,-10,289,-5,211,20" /><INIT seed="2,0,0,4,5,132" ten="245,240,284,231" oya="2" hai0="44,42,118,61,28,18,17,72,74,60,109,90,96" hai1="80,31,115,49,124,59,69,14,103,68,104,22,111" hai2="57,108,88,32,123,2,66,6,126,15,45,76,116" hai3="81,129,95,40,55,52,89,4,23,110,134,37,12"/><V94/><F116/><W47/><G134/><T24/><D118/><U51/><E111/><V133/><F123/><W10/><G110/><T93/><D109/><U46/><E115/><V65/><F32/><W39/><G39/><T25/><D74/><U8/><E104/><V92/><F2/><W83/><G129/><T73/><D73/><U125/><E103/><V43/><F108/><W34/><G23/><T131/><D72/><U38/><E80/><V113/><F76/><W30/><G30/><T21/><D131/><U9/><E59/><V101/><F113/><W41/><G34/><T85/><D96/><U107/><E107/><V112/><F112/><W63/><G41/><T11/><D18/><N who="1" m="10583" /><E38/><V86/><F57/><W64/><G83/><T130/><D130/><U48/><E46/><V35/><F35/><W62/><G81/><T106/><D106/><U102/><E102/><V91/><F101/><W97/><REACH who="3" step="1"/><G63/><REACH who="3" ten="245,240,284,221" step="2"/><T29/><D29/><U1/><E31/><V16/><F43/><W0/><G0/><T26/><D11/><N who="1" m="4171" /><E1/><V27/><F133/><W58/><AGARI ba="0,1" hai="4,10,12,37,40,47,52,55,58,62,64,89,95,97" machi="58" ten="20,8000,1" yaku="1,1,0,1,7,1,54,1,53,1" doraHai="132" doraHaiUra="3" who="3" fromWho="3" sc="245,-20,240,-20,284,-40,221,90" /><INIT seed="3,0,0,0,0,54" ten="225,220,244,311" oya="3" hai0="63,9,130,92,52,124,60,15,123,50,39,81,85" hai1="109,13,53,26,75,71,29,40,102,73,17,131,122" hai2="118,44,24,134,95,127,115,4,31,27,46,84,96" hai3="67,32,37,76,28,18,41,129,2,3,20,98,103"/><W99/><G76/><T112/><D39/><U128/><E122/><V74/><F115/><W64/><G28/><T110/><D123/><U93/><E71/><V116/><F74/><N who="1" m="28169" /><E40/><V78/><F4/><W88/><G129/><N who="1" m="49738" /><E109/><V14/><F14/><W117/><G32/><T68/><D130/><U108/><E108/><V104/><F104/><W30/><G30/><T43/><D110/><U25/><E53/><V59/><F31/><W42/><G64/><T8/><D112/><U19/><E13/><V101/><F118/><W105/><G67/><T79/><D124/><U12/><E12/><V97/><F116/><W86/><G41/><T33/><D33/><N who="1" m="20655" /><E26/><V16/><F24/><W61/><G42/><T107/><D68/><U55/><E55/><V135/><F27/><W77/><G37/><T120/><D120/><U82/><E82/><V66/><F66/><W48/><G20/><T119/><D119/><U90/><E102/><V7/><F101/><W23/><G23/><T91/><D43/><U126/><E126/><V35/><F35/><W87/><G103/><T11/><D15/><U80/><E80/><V5/><F127/><W57/><G117/><T106/><D63/><U10/><E10/><V83/><F7/><W62/><G61/><T56/><REACH who="0" step="1"/><D60/><REACH who="0" ten="215,220,244,311" step="2"/><U0/><E0/><V36/><F5/><W65/><G2/><T58/><D58/><U49/><E49/><V132/><F59/><W38/><G3/><T69/><D69/><U100/><E100/><V114/><F114/><W133/><G62/><T70/><D70/><U34/><E34/><V22/><F36/><RYUUKYOKU ba="0,1" sc="215,15,220,15,244,-15,311,-15" hai0="8,9,11,50,52,56,79,81,85,91,92,106,107" hai1="17,19,90,93" /><INIT seed="4,1,1,2,5,78" ten="230,235,229,296" oya="0" hai0="29,76,103,94,50,44,9,118,24,34,46,41,23" hai1="45,26,91,15,95,37,18,135,67,105,32,69,25" hai2="79,31,14,55,110,19,64,71,123,17,42,112,51" hai3="113,88,5,57,102,59,90,132,3,107,119,8,43"/><T4/><D118/><U21/><E105/><V80/><F110/><W0/><G0/><T33/><D76/><U48/><E37/><V109/><F109/><W77/><G43/><T85/><D46/><U130/><E130/><V36/><F123/><W104/><G77/><T115/><D115/><U10/><E135/><V128/><F128/><W73/><G73/><T53/><D53/><U65/><E32/><V97/><F31/><W6/><G5/><T60/><D60/><U82/><E82/><V99/><F112/><W122/><G119/><T127/><D127/><U70/><E26/><V1/><F1/><W89/><G102/><T92/><D92/><U124/><E70/><V108/><F108/><W133/><G113/><T75/><D75/><U58/><E58/><N who="3" m="22026" /><G122/><T96/><REACH who="0" step="1"/><D85/><REACH who="0" ten="220,235,229,296" step="2"/><N who="1" m="52719" /><E124/><V20/><F42/><W83/><G107/><T93/><D93/><U35/><E67/><V106/><F64/><W98/><G104/><T87/><D87/><U68/><E65/><V100/><F79/><W40/><G40/><T81/><D81/><U49/><E45/><N who="2" m="28143" /><F80/><W72/><G72/><T11/><D11/><U117/><E10/><N who="2" m="6359" /><F99/><W131/><G83/><T52/><D52/><U56/><E117/><V86/><F86/><W74/><G74/><T61/><D61/><U30/><E49/><V84/><F84/><W120/><G131/><T16/><D16/><U38/><E38/><V116/><F116/><W129/><G129/><T27/><D27/><U111/><E111/><V121/><F121/><W2/><G120/><T28/><D28/><U126/><E126/><V101/><F36/><RYUUKYOKU ba="1,2" sc="220,15,235,15,229,-15,296,-15" hai0="4,9,23,24,29,33,34,41,44,50,94,96,103" hai1="15,18,21,25,30,35,48,56,68,69" /><INIT seed="4,2,2,1,5,82" ten="235,250,214,281" oya="0" hai0="5,2,128,12,31,32,98,88,78,41,6,118,62" hai1="30,72,109,123,113,25,37,22,33,66,38,17,90" hai2="58,20,53,54,79,122,8,85,76,93,13,106,35" hai3="99,60,100,44,10,80,18,105,124,57,16,40,74"/><T102/><D118/><U110/><E72/><V50/><F106/><W104/><G104/><T107/><D128/><U114/><E66/><V52/><F35/><W64/><G124/><T131/><D131/><U77/><E77/><N who="2" m="29771" /><F122/><W21/><G74/><T68/><D78/><U97/><E123/><V71/><F71/><W120/><G80/><T91/><D41/><U92/><E37/><V130/><F130/><W3/><G120/><T116/><D2/><U119/><E38/><V125/><F125/><W51/><REACH who="3" step="1"/><G21/><REACH who="3" ten="235,250,214,271" step="2"/><T95/><D107/><U65/><E119/><V89/><F20/><W19/><G19/><AGARI ba="2,3" hai="8,13,19,50,52,53,54,58,85,89,93" m="29771" machi="19" ten="30,3900,0" yaku="8,1,52,1,54,1" doraHai="82" who="2" fromWho="3" sc="235,0,250,0,214,75,271,-45" /><INIT seed="5,0,0,0,5,5" ten="235,250,289,226" oya="1" hai0="30,94,128,134,20,10,91,117,12,100,75,120,109" hai1="48,87,22,133,8,103,129,28,63,42,86,39,119" hai2="135,37,55,74,93,34,83,126,46,99,89,67,68" hai3="80,78,102,13,62,2,26,25,16,61,88,84,118"/><U97/><E119/><V35/><F135/><W51/><G2/><T110/><D75/><U115/><E39/><V1/><F126/><W98/><G118/><T45/><D117/><U82/><E115/><V92/><F1/><W49/><G78/><T44/><D134/><U81/><E129/><V106/><F68/><W66/><G25/><N who="0" m="16679" /><D128/><U124/><E63/><V6/><F6/><W127/><G26/><T7/><D110/><U123/><E123/><V111/><F67/><W121/><G121/><T132/><D109/><U104/><E124/><V90/><F106/><W79/><G79/><T96/><D132/><U85/><E133/><V3/><F3/><W54/><G127/><T29/><D29/><U59/><E22/><V116/><F111/><W71/><G61/><T24/><D24/><U9/><E28/><V65/><F74/><W0/><G54/><T70/><D70/><U72/><E59/><V60/><F37/><W125/><G0/><T47/><D120/><U43/><E43/><V131/><F131/><W64/><G64/><T105/><D105/><U50/><E50/><V57/><F65/><W14/><G14/><T23/><D23/><U114/><E114/><V56/><F35/><W69/><G69/><T113/><D113/><U122/><E122/><V4/><F34/><W95/><G125/><T40/><D40/><U32/><E32/><V38/><F38/><W52/><G52/><T101/><AGARI ba="0,0" hai="7,10,12,44,45,47,91,94,96,100,101" m="16679" machi="101" ten="30,2000,0" yaku="8,1,52,1" doraHai="5" who="0" fromWho="0" sc="235,20,250,-10,289,-5,226,-5" /><INIT seed="6,0,0,1,4,24" ten="255,240,284,221" oya="2" hai0="5,18,40,80,49,62,75,128,78,135,42,72,28" hai1="104,70,36,45,13,88,39,74,101,115,81,67,54" hai2="21,12,50,107,116,111,52,61,35,16,85,65,6" hai3="7,53,29,25,87,90,33,59,114,48,110,71,121"/><V99/><F35/><W123/><G110/><T30/><D75/><U98/><E115/><V15/><F116/><W112/><G71/><T103/><D5/><U46/><E13/><V27/><F85/><W124/><G124/><T93/><D128/><U56/><E67/><V106/><F15/><W19/><G19/><T129/><D129/><U79/><E70/><V58/><F99/><W43/><G43/><T26/><D135/><U95/><E36/><V0/><F0/><W117/><G117/><T134/><D134/><U127/><E39/><V96/><F96/><W73/><G73/><T89/><D103/><U64/><E64/><V9/><F111/><W10/><G121/><T133/><D62/><N who="1" m="36119" /><E127/><V31/><F6/><W105/><G105/><T126/><D126/><U68/><E68/><AGARI ba="0,0" hai="9,12,16,21,27,31,50,52,58,61,65,68,106,107" machi="68" ten="30,11600,0" yaku="7,1,52,1,54,2" doraHai="24" who="2" fromWho="1" sc="255,0,240,-116,284,116,221,0" owari="255,5.5,124,-37.6,400,50.0,221,-17.9" /></mjloggm>