<mjloggm ver="2.3"><GO type="225" lobby="0"/><UN n0="%E7%B4%94%E6%BD%94%E3%83%94%E3%83%A9%E3%83%8B%E3%82%A2" n1="%43%68%65" n2="%E3%83%96%E3%83%A9%E3%82%B6%E3%83%BC" n3="%6D%75%75%6D%75%72%61" dan="18,16,16,16" rate="2236.48,2137.37,2093.44,2178.75" sx="M,M,M,F"/><TAIKYOKU oya="0"/><INIT seed="0,0,0,5,0,9" ten="250,250,250,250" oya="0" hai0="58,125,120,87,11,22,57,19,30,106,47,117,128" hai1="0,102,4,103,27,72,59,49,1,129,16,86,114" hai2="118,116,45,60,7,48,71,17,61,54,95,55,53" hai3="35,85,10,126,108,89,134,44,81,2,88,109,21"/><T115/><D106/><U132/><E72/><V124/><F7/><W112/><G112/><T39/><D115/><U90/><E114/><V107/><F107/><W64/><G35/><T5/><D117/><N who="2" m="45162" /><F95/><W36/><G126/><T127/><D120/><U52/><E129/><V78/><F78/><W14/><G134/><T98/><D30/><U83/><E132/><V113/><F17/><N who="3" m="10423" /><G64/><T40/><D98/><U42/><E42/><N who="2" m="24631" /><F113/><W75/><G75/><T79/><D128/><U123/><E123/><V80/><F80/><W43/><G10/><T34/><D34/><U6/><E1/><V73/><F73/><W65/><G65/><T93/><D79/><U119/><E119/><V135/><F135/><W122/><G2/><T67/><D67/><U29/><E0/><V8/><F8/><W99/><G122/><T74/><D74/><U51/><E51/><V96/><F96/><W33/><G99/><T101/><D101/><N who="1" m="38411" /><E29/><V20/><F20/><AGARI ba="0,0" hai="4,6,16,20,27,49,52,59,83,86,90" m="38411" machi="20" ten="30,3900,0" yaku="8,1,54,2" doraHai="9" who="1" fromWho="2" sc="250,0,250,39,250,-39,250,0" /><INIT seed="1,0,0,1,0,40" ten="250,289,211,250" oya="1" hai0="7,55,134,112,18,17,108,106,8,41,6,100,79" hai1="38,22,74,9,120,0,90,33,116,85,81,24,5" hai2="50,56,77,86,80,31,95,107,2,15,25,97,35" hai3="83,64,52,49,119,99,28,115,11,58,4,117,132"/><U127/><E116/><N who="3" m="44618" /><G115/><T1/><D79/><U128/><E120/><V125/><F125/><W92/><G132/><T3/><D55/><U131/><E127/><V46/><F2/><N who="0" m="522" /><D41/><U93/><E33/><V98/><F107/><W65/><G83/><T16/><D100/><U44/><E74/><V30/><F30/><W23/><G92/><T68/><D68/><U71/><E71/><V123/><F123/><W113/><G99/><T39/><D39/><U54/><E93/><V102/><F97/><W111/><G111/><T76/><D76/><U43/><REACH who="1" step="1"/><E54/><REACH who="1" ten="250,279,211,250" step="2"/><V66/><F66/><W63/><G113/><T118/><D112/><U82/><E82/><V114/><F114/><W101/><G65/><T122/><D118/><U26/><E26/><V67/><F67/><W10/><G101/><T72/><D72/><U53/><E53/><V37/><F95/><W51/><G64/><T42/><D122/><U89/><E89/><V73/><F102/><W84/><G63/><T75/><D75/><U94/><E94/><V69/><F73/><W29/><G52/><T59/><D106/><U133/><E133/><V62/><F69/><W27/><G27/><T19/><D59/><U88/><E88/><V57/><F98/><W130/><G58/><T103/><D103/><U135/><E135/><V45/><F56/><W87/><G87/><T91/><D91/><U110/><E110/><V14/><F62/><W96/><G84/><T20/><D134/><U109/><E109/><V47/><F57/><W61/><G61/><T78/><D108/><U126/><E126/><V105/><F77/><RYUUKYOKU ba="0,1" sc="250,-10,279,30,211,-10,250,-10" hai1="0,5,9,22,24,38,43,44,81,85,90,128,131" /><INIT seed="1,1,1,1,3,112" ten="240,309,201,240" oya="1" hai0="18,28,6,100,73,48,131,99,3,54,65,104,25" hai1="23,69,13,45,42,35,15,29,51,94,16,98,111" hai2="129,5,83,82,47,114,61,34,133,122,93,121,7" hai3="80,107,9,116,26,11,125,115,56,113,44,14,117"/><U124/><E69/><V132/><F114/><N who="3" m="43531" /><G107/><T1/><D131/><U68/><E124/><V96/><F34/><W49/><G80/><N who="2" m="30761" /><F61/><W57/><G125/><T86/><D73/><U39/><E68/><V17/><F17/><W52/><G26/><T123/><D65/><U103/><E111/><V30/><F47/><W91/><G91/><T20/><D86/><U126/><E126/><V46/><F46/><W92/><G92/><T79/><D79/><U127/><E127/><V128/><F30/><W90/><G90/><T62/><D62/><U22/><E35/><V67/><F67/><W38/><G38/><T109/><D109/><U24/><E39/><V78/><F78/><W89/><G89/><T2/><D123/><N who="2" m="47114" /><F93/><W76/><G76/><T84/><D84/><U88/><E103/><V135/><F96/><W101/><G101/><T74/><D74/><U119/><E15/><V85/><F85/><W63/><G14/><T71/><D71/><U72/><REACH who="1" step="1"/><E72/><REACH who="1" ten="240,299,201,240" step="2"/><V118/><F118/><AGARI ba="1,2" hai="13,16,22,23,24,29,42,45,51,88,94,98,118,119" machi="118" ten="40,18000,2" yaku="1,1,2,1,52,2,54,2,53,1" doraHai="112" doraHaiUra="37" who="1" fromWho="2" sc="240,0,299,203,201,-183,240,0" /><INIT seed="1,2,0,0,2,68" ten="240,502,18,240" oya="1" hai0="108,3,132,22,82,73,87,130,5,134,104,10,31" hai1="7,90,19,113,41,14,92,86,24,126,85,9,129" hai2="101,133,117,55,98,110,123,71,122,100,57,79,38" hai3="44,0,32,103,75,45,70,135,4,34,30,67,46"/><U36/><E113/><V102/><F117/><W63/><G135/><N who="0" m="51755" /><D104/><U50/><E126/><V83/><F133/><W84/><G75/><T39/><D39/><U54/><E129/><V76/><F71/><W51/><G51/><T23/><D73/><U78/><E36/><V29/><F110/><W116/><G116/><T12/><D108/><U120/><E120/><V64/><F64/><W15/><G0/><T62/><D130/><U112/><E41/><V8/><F29/><W13/><G103/><T107/><D107/><U25/><E7/><V59/><F98/><W111/><G111/><T125/><D125/><U88/><E78/><V121/><F8/><W96/><G96/><T1/><D62/><U115/><E115/><V69/><F69/><W40/><G40/><T20/><D31/><U2/><E2/><N who="0" m="521" /><D82/><N who="1" m="49463" /><E112/><V118/><F118/><W16/><G30/><T128/><D128/><U114/><E114/><V42/><F83/><W58/><G70/><T131/><D131/><U77/><E77/><V109/><F109/><W74/><G74/><T95/><D95/><U124/><E124/><V28/><F28/><W52/><G84/><AGARI ba="2,0" hai="5,10,12,20,22,23,84,87" m="521,51755" machi="84" ten="40,1300,0" yaku="20,1" doraHai="68" who="0" fromWho="3" sc="240,19,502,0,18,0,240,-19" /><INIT seed="2,0,0,3,0,38" ten="259,502,18,221" oya="2" hai0="35,99,60,65,12,129,125,93,27,29,55,32,15" hai1="75,86,89,70,51,61,87,117,53,36,81,131,59" hai2="4,133,91,123,111,11,134,31,72,13,5,66,132" hai3="85,78,26,80,57,43,62,84,114,9,63,130,25"/><V126/><F123/><W127/><G130/><T45/><D35/><U107/><E131/><V30/><F72/><W41/><G127/><T40/><D55/><U14/><E117/><V101/><F101/><W98/><G114/><T54/><D54/><U1/><E1/><V50/><F66/><N who="3" m="39247" /><G63/><T83/><D83/><U90/><E107/><V103/><F103/><W68/><G68/><T18/><D18/><U106/><E36/><V122/><F122/><W21/><G25/><T113/><D125/><U2/><E2/><V118/><F126/><W10/><G98/><T69/><D113/><U77/><E106/><V73/><F73/><W28/><G85/><T92/><D92/><U116/><E116/><V19/><F118/><W100/><G100/><T39/><D129/><U121/><E121/><V112/><F112/><W7/><G7/><N who="2" m="2633" /><F111/><W37/><G37/><T64/><D64/><U20/><E75/><V33/><F91/><AGARI ba="0,0" hai="12,15,27,29,32,39,40,45,60,65,69,91,93,99" machi="91" ten="30,2000,0" yaku="7,1,52,1" doraHai="38" who="0" fromWho="2" sc="259,20,502,0,18,-20,221,0" owari="279,7.9,502,60.2,-2,-50.2,221,-17.9" /></mjloggm>