<mjloggm ver="2.3"><GO type="225" lobby="0"/><UN n0="%6E%69%63%6B%6C%6F%77" n1="%E8%80%81%E6%A5%BD" n2="%6B%65%6E%6E%64%69" n3="%6D%75%75%6D%75%72%61" dan="16,16,16,16" rate="2120.54,2074.99,2134.40,2122.10" sx="F,M,M,F"/><TAIKYOKU oya="0"/><INIT seed="0,0,0,2,1,88" ten="250,250,250,250" oya="0" hai0="41,36,91,7,135,120,17,96,23,33,28,48,123" hai1="69,115,111,73,14,58,39,76,53,72,102,37,24" hai2="126,79,35,15,3,121,31,38,56,130,94,54,66" hai3="116,86,83,78,74,50,13,105,101,10,117,29,61"/><T114/><D114/><U26/><E69/><V2/><F121/><W57/><G29/><T6/><D36/><U62/><E115/><V44/><F130/><W106/><G50/><T122/><D41/><U103/><E14/><V134/><F134/><W93/><G105/><T133/><D48/><U49/><E49/><V1/><F126/><W90/><G101/><T8/><D91/><U32/><E62/><V12/><F66/><W64/><REACH who="3" step="1"/><G106/><REACH who="3" ten="250,250,250,240" step="2"/><T113/><D113/><U108/><E103/><V82/><BYE who="1" /><F31/><W84/><G84/><T52/><D96/><UN n1="%E8%80%81%E6%A5%BD" /><U20/><E102/><V47/><F38/><W77/><G77/><T25/><D52/><U110/><E76/><V119/><F79/><W99/><G99/><T75/><D75/><U43/><E37/><V87/><F54/><W46/><G46/><T45/><D45/><N who="1" m="23807" /><E32/><V118/><F35/><W89/><G89/><T95/><D95/><U124/><E72/><V80/><F47/><W21/><G21/><T100/><D100/><U132/><E73/><V92/><F44/><W0/><G0/><T22/><D22/><U70/><E20/><V127/><F1/><W85/><G85/><T97/><D97/><U34/><E34/><V131/><F87/><W71/><G71/><T125/><D125/><U67/><E124/><V51/><F127/><W98/><G98/><T18/><D33/><U27/><E70/><V16/><F51/><W81/><G81/><T129/><D129/><U55/><E132/><N who="0" m="50761" /><D28/><U65/><E55/><V40/><F131/><W9/><G9/><T30/><D30/><U19/><E53/><RYUUKYOKU ba="0,1" sc="250,15,250,-15,250,-15,240,15" hai0="6,7,8,17,18,23,25,120,122,123" hai3="10,13,57,61,64,74,78,83,86,90,93,116,117" /><INIT seed="0,1,1,3,1,41" ten="265,235,235,255" oya="0" hai0="77,29,54,108,32,8,2,13,39,71,21,36,100" hai1="115,82,91,72,67,37,57,119,101,53,40,79,118" hai2="127,1,9,45,69,70,25,93,98,4,16,73,116" hai3="19,61,20,38,66,99,133,122,129,135,42,134,64"/><T128/><D71/><U114/><E67/><V26/><F127/><W33/><G33/><T105/><D77/><U94/><E101/><V123/><F123/><W50/><G122/><T74/><D74/><U14/><E14/><V44/><F73/><W96/><G129/><T59/><D128/><U35/><E35/><V17/><F116/><W31/><G38/><T30/><D105/><U18/><E18/><V104/><F104/><W111/><G31/><T51/><D100/><U34/><E34/><V90/><F70/><W124/><G111/><T121/><D108/><U120/><E120/><V68/><F69/><N who="3" m="42127" /><G66/><T132/><D132/><U10/><E10/><V28/><F68/><W27/><G124/><T12/><D121/><U97/><E40/><V76/><F76/><W84/><G84/><T24/><D30/><U109/><E37/><V89/><F89/><W113/><G113/><N who="1" m="43018" /><E109/><V0/><F0/><W125/><G125/><T52/><D54/><U55/><E55/><V131/><F131/><W58/><G58/><T23/><D23/><U95/><E95/><V92/><F93/><W60/><G60/><AGARI ba="1,1" hai="53,57,60,72,79,82,91,94,97,118,119" m="43018" machi="60" ten="30,1000,0" yaku="11,1" doraHai="41" who="1" fromWho="3" sc="265,0,235,23,235,0,255,-13" /><INIT seed="1,0,0,5,4,12" ten="265,258,235,242" oya="1" hai0="113,30,17,5,135,64,84,114,117,28,132,34,127" hai1="48,99,128,95,80,83,51,126,22,8,104,16,92" hai2="129,103,52,85,54,3,43,111,100,93,71,40,69" hai3="10,42,76,82,122,46,18,14,87,44,118,55,24"/><U47/><E126/><V2/><F85/><W21/><G122/><T72/><D72/><U130/><E8/><V98/><F111/><W11/><G118/><T90/><D117/><U101/><E95/><V131/><REACH who="2" step="1"/><F93/><REACH who="2" ten="265,258,225,242" step="2"/><W59/><G42/><T33/><D127/><U79/><E92/><V9/><F9/><N who="3" m="3083" /><G14/><T31/><D5/><U134/><E80/><V74/><F74/><W13/><G13/><T75/><D75/><U38/><E83/><V108/><F108/><W107/><G107/><T15/><D84/><U49/><E79/><V97/><AGARI ba="0,1" hai="2,3,40,43,52,54,69,71,97,98,100,103,129,131" machi="97" ten="25,8000,1" yaku="1,1,0,1,22,2,54,1,53,0" doraHai="12" doraHaiUra="88" who="2" fromWho="2" sc="265,-20,258,-40,225,90,242,-20" /><INIT seed="2,0,0,4,4,39" ten="245,218,315,222" oya="2" hai0="101,50,92,54,33,42,17,68,29,91,79,46,87" hai1="23,119,95,18,67,41,45,98,74,127,10,86,112" hai2="22,66,103,131,20,57,2,21,64,121,114,3,73" hai3="84,12,16,53,65,7,82,105,100,24,11,108,124"/><V13/><F73/><W62/><G108/><T76/><D68/><U1/><E119/><V94/><F114/><W38/><G124/><T132/><D132/><U75/><E112/><V72/><F72/><W133/><G133/><T47/><D33/><U27/><E127/><V106/><F106/><W120/><G120/><T34/><D34/><U71/><E86/><V40/><F131/><W88/><G38/><T118/><D29/><U109/><E109/><V36/><F121/><W15/><G53/><T69/><D69/><U30/><E67/><V26/><F13/><W90/><G24/><T19/><D101/><U31/><E71/><V122/><F26/><W126/><G126/><T135/><D135/><U5/><E74/><V111/><F122/><W113/><G113/><T6/><D6/><U70/><E75/><V97/><F111/><W35/><G35/><T44/><D118/><U52/><E52/><V115/><F115/><W81/><G105/><T48/><REACH who="0" step="1"/><D44/><REACH who="0" ten="235,218,315,222" step="2"/><U125/><E70/><V77/><F103/><W0/><G100/><T130/><D130/><U116/><E116/><V89/><F2/><W58/><G16/><AGARI ba="0,1" hai="16,17,19,42,46,47,48,50,54,76,79,87,91,92" machi="16" ten="40,8000,1" yaku="1,1,8,1,52,1,54,1,53,0" doraHai="39" doraHaiUra="56" who="0" fromWho="3" sc="235,90,218,0,315,0,222,-80" /><INIT seed="3,0,0,4,5,64" ten="325,218,315,142" oya="3" hai0="134,18,97,48,34,116,71,126,26,28,125,63,120" hai1="52,83,30,69,7,99,31,106,124,74,4,41,135" hai2="12,115,129,104,51,86,35,100,101,61,49,70,80" hai3="10,13,88,21,121,67,79,55,107,78,5,36,44"/><W98/><G121/><T110/><D120/><U47/><E124/><N who="0" m="47721" /><D110/><U91/><E135/><V94/><F115/><W17/><G67/><N who="0" m="41471" /><D134/><U95/><E69/><V33/><F104/><W123/><G123/><T23/><D48/><N who="2" m="18506" /><F35/><W27/><G55/><T68/><D68/><U2/><E2/><V117/><BYE who="1" /><F33/><UN n1="%E8%80%81%E6%A5%BD" /><W109/><G109/><T57/><D57/><U82/><E47/><V43/><F70/><W42/><REACH who="3" step="1"/><G107/><REACH who="3" ten="325,218,315,132" step="2"/><T122/><D122/><U119/><E106/><V77/><F117/><W114/><G114/><T22/><D116/><U133/><E119/><V90/><F43/><W50/><G50/><T127/><D127/><U130/><E133/><V9/><F61/><W92/><AGARI ba="0,1" hai="5,10,13,17,21,27,36,42,44,78,79,88,92,98" machi="92" ten="30,6000,0" yaku="1,1,0,1,54,1,53,0" doraHai="64" doraHaiUra="76" who="3" fromWho="3" sc="325,-20,218,-20,315,-20,132,70" /><INIT seed="3,1,0,2,3,17" ten="305,198,295,202" oya="3" hai0="131,91,31,38,135,27,30,129,61,57,12,16,106" hai1="93,105,76,107,24,95,117,50,96,125,133,121,84" hai2="52,60,80,99,124,0,37,44,33,25,81,20,56" hai3="79,9,3,59,35,123,51,78,26,62,134,54,104"/><W29/><G123/><T108/><D108/><U48/><E121/><V11/><F33/><W64/><G134/><T118/><D135/><U102/><E133/><V110/><F110/><W46/><REACH who="3" step="1"/><G104/><REACH who="3" ten="305,198,295,192" step="2"/><T92/><D106/><U45/><E107/><V32/><F124/><W85/><G85/><T42/><D131/><U119/><E125/><V66/><F32/><W100/><G100/><T4/><D129/><U74/><E74/><V112/><F112/><W97/><G97/><T116/><D118/><N who="1" m="45067" /><E24/><V72/><F99/><W114/><G114/><T65/><D27/><U103/><E102/><V22/><F72/><W126/><G126/><T120/><D116/><U55/><E48/><V113/><F113/><W5/><AGARI ba="1,1" hai="3,5,9,26,29,35,46,51,54,59,62,64,78,79" machi="5" ten="30,3000,0" yaku="1,1,0,1,53,0" doraHai="17" doraHaiUra="70" who="3" fromWho="3" sc="305,-11,198,-11,295,-11,192,43" /><INIT seed="3,2,0,0,3,101" ten="294,187,284,235" oya="3" hai0="123,98,6,70,106,0,38,44,68,134,42,63,81" hai1="5,48,69,25,105,30,94,9,118,27,45,10,64" hai2="4,22,129,19,71,103,66,87,47,58,74,18,127" hai3="107,72,100,109,33,111,36,60,23,31,79,120,32"/><W83/><G120/><T102/><D123/><U2/><E118/><V116/><F74/><W96/><G36/><T29/><D63/><U12/><E94/><V131/><F127/><W91/><G60/><T104/><D81/><U114/><E114/><V73/><F73/><W41/><G41/><T3/><D134/><U51/><E64/><V93/><F116/><W34/><G91/><T53/><D53/><U50/><E69/><V39/><F71/><W1/><G1/><N who="0" m="587" /><D6/><U124/><E124/><V88/><F4/><W54/><G54/><T112/><D112/><U52/><E105/><V57/><F103/><W115/><G115/><T122/><D122/><U15/><E27/><N who="2" m="14807" /><F19/><W97/><G97/><T65/><D106/><U82/><E82/><V76/><F76/><W67/><G67/><T13/><D13/><U11/><E2/><V110/><F110/><N who="3" m="41995" /><G23/><T77/><D77/><U90/><E90/><V20/><F20/><W117/><G117/><T92/><D65/><U113/><E113/><V37/><F66/><W61/><G61/><T89/><D29/><AGARI ba="2,0" hai="29,31,32,33,34,72,79,83,96,100,107" m="41995" machi="29" ten="40,7700,0" yaku="14,1,10,1,52,1" doraHai="101" who="3" fromWho="0" sc="294,-83,187,0,284,0,235,83" owari="211,-18.9,187,-31.3,284,8.4,318,41.8" /></mjloggm>