<mjloggm ver="2.3"><GO type="225" lobby="0"/><UN n0="%E6%9D%BE%E6%9C%AC%E5%81%A5%E7%94%B7" n1="%E3%83%A9%E3%83%96%E3%83%AC%E3%83%BC" n2="%E6%B8%A9%E2%98%85%E6%83%85%E2%98%85%E6%8E%AA%E2%98%85%E7%BD%AE" n3="%E3%81%82%E3%81%84%E3%81%82%E3%81%8A%E3%81%84" dan="16,17,17,18" rate="2157.99,2206.42,2133.70,2247.80" sx="M,M,M,M"/><TAIKYOKU oya="0"/><INIT seed="0,0,0,4,1,35" ten="250,250,250,250" oya="0" hai0="3,107,84,127,56,125,10,41,17,23,118,13,33" hai1="1,75,108,73,113,40,55,134,96,83,54,117,95" hai2="119,72,27,8,45,81,60,15,124,114,57,52,48" hai3="36,58,86,26,133,88,65,99,43,61,14,7,94"/><T11/><D107/><U20/><E117/><V29/><F119/><W51/><G133/><T34/><D118/><U111/><E134/><V44/><F114/><W123/><G123/><T64/><D41/><U30/><E40/><V28/><F124/><N who="0" m="47690" /><D84/><U122/><E1/><V120/><F120/><W4/><G36/><T39/><D39/><U90/><E113/><V128/><F128/><W135/><G135/><T66/><D66/><U97/><E96/><V89/><F45/><N who="3" m="26047" /><G26/><T85/><D85/><U0/><E0/><V67/><F27/><W12/><G86/><T24/><D56/><U106/><E106/><V104/><F104/><W31/><G31/><N who="0" m="17823" /><D64/><U9/><E30/><V71/><F71/><W5/><AGARI ba="0,0" hai="4,5,7,12,14,58,61,65,88,94,99" m="26047" machi="5" ten="30,2000,0" yaku="8,1,54,1" doraHai="35" who="3" fromWho="3" sc="250,-10,250,-5,250,-5,250,20" /><INIT seed="1,0,0,5,2,109" ten="240,245,245,270" oya="1" hai0="75,99,26,38,52,71,114,67,98,50,125,35,76" hai1="69,12,59,70,77,48,104,133,46,116,60,6,94" hai2="95,25,91,89,86,20,33,72,21,127,78,88,97" hai3="28,34,17,44,102,56,30,93,39,107,119,74,15"/><U49/><E104/><V123/><F123/><W105/><G74/><T22/><D38/><U18/><E133/><V27/><F127/><W122/><G122/><T47/><D125/><U53/><E6/><V41/><F33/><W68/><G68/><T61/><D35/><U31/><E31/><N who="2" m="17831" /><F72/><W42/><G119/><T8/><D114/><U130/><E130/><V51/><F41/><W57/><G93/><T16/><REACH who="0" step="1"/><D8/><REACH who="0" ten="230,245,245,270" step="2"/><U32/><E32/><V126/><F126/><W5/><G39/><T73/><D73/><U10/><E116/><V101/><F51/><W103/><G34/><T29/><D29/><U132/><E49/><V66/><F66/><W110/><G30/><T134/><D134/><U115/><E115/><V36/><F36/><W79/><G28/><T96/><D96/><U82/><E132/><V128/><F128/><W23/><G110/><T37/><D37/><U131/><E131/><V81/><F21/><W54/><G23/><T87/><D87/><U43/><E94/><N who="2" m="58551" /><F27/><W80/><G105/><T121/><D121/><U65/><E65/><V85/><AGARI ba="0,1" hai="78,81,85,86,88,89,91,95" m="58551,17831" machi="85" ten="30,2000,0" yaku="8,1,54,1" doraHai="109" who="2" fromWho="2" sc="230,-5,245,-10,245,30,270,-5" /><INIT seed="2,0,0,0,2,97" ten="225,235,275,265" oya="2" hai0="64,44,126,35,52,68,51,113,33,1,19,42,132" hai1="79,60,120,15,39,99,20,119,48,90,30,32,24" hai2="13,28,103,4,110,135,22,23,76,108,92,11,123" hai3="128,29,130,31,87,21,56,115,37,88,14,59,5"/><V93/><F123/><W75/><G75/><T6/><D113/><U134/><E39/><V7/><F135/><W78/><G78/><T54/><D132/><U101/><E119/><V112/><F112/><W77/><G77/><T50/><D126/><U67/><E134/><V65/><F76/><W43/><G115/><T117/><D117/><U84/><E48/><V58/><F7/><W2/><G2/><T86/><D19/><U116/><E116/><V102/><F93/><W47/><G5/><T100/><D100/><N who="2" m="38442" /><F28/><W125/><G125/><T105/><D105/><U98/><E79/><V49/><F92/><W45/><G31/><T91/><D33/><U106/><E99/><V118/><F118/><W74/><G74/><T34/><D35/><U124/><E120/><V46/><F58/><W104/><G29/><T63/><D34/><U55/><E124/><V111/><F65/><W66/><G66/><T17/><D17/><U73/><E73/><V94/><F94/><W122/><G59/><T96/><D96/><U40/><E32/><V70/><F70/><W62/><G56/><T10/><D51/><U121/><E121/><V131/><F131/><W72/><G122/><T89/><D89/><U3/><E67/><V80/><F80/><AGARI ba="0,0" hai="1,6,10,42,44,50,52,54,63,64,68,80,86,91" machi="80" ten="30,2000,0" yaku="7,1,54,1" doraHai="97" who="0" fromWho="2" sc="225,20,235,0,275,-20,265,0" /><INIT seed="3,0,0,4,1,109" ten="245,235,255,265" oya="3" hai0="105,71,111,112,122,131,130,14,68,45,37,35,103" hai1="41,133,25,34,85,119,77,66,19,30,114,100,15" hai2="74,55,49,62,90,88,44,129,52,78,29,59,39" hai3="132,9,1,93,20,46,65,92,17,81,124,118,76"/><W18/><G118/><T7/><D35/><U0/><E0/><V108/><F108/><W26/><G124/><T104/><D111/><U125/><E100/><V12/><F129/><N who="0" m="49162" /><D122/><U80/><E125/><V102/><F39/><W5/><G132/><T6/><D14/><U64/><E133/><V47/><F29/><W22/><G65/><T21/><D21/><U38/><E119/><V58/><F102/><W89/><G89/><N who="2" m="34409" /><F74/><W84/><REACH who="3" step="1"/><G46/><REACH who="3" ten="245,235,255,255" step="2"/><T40/><D103/><U123/><E123/><V94/><F78/><W121/><G121/><T117/><D117/><U8/><REACH who="1" step="1"/><E114/><REACH who="1" ten="245,225,255,255" step="2"/><V97/><F47/><AGARI ba="0,2" hai="8,15,19,25,30,34,38,41,47,64,66,77,80,85" machi="47" ten="40,2600,0" yaku="1,1,2,1,53,0" doraHai="109" doraHaiUra="101" who="1" fromWho="2" sc="245,0,225,46,255,-26,255,0" /><INIT seed="4,0,0,5,2,112" ten="245,271,229,255" oya="0" hai0="38,26,123,5,67,124,31,30,95,44,68,48,34" hai1="19,49,111,91,39,119,80,69,65,71,51,109,63" hai2="70,20,1,121,66,129,41,72,132,120,57,117,60" hai3="21,82,126,62,125,2,87,16,74,78,86,28,73"/><T29/><D123/><U7/><E7/><V96/><F1/><W55/><G2/><T114/><D114/><U58/><E19/><V99/><F72/><W42/><G28/><T27/><D124/><N who="3" m="47721" /><G42/><T53/><D38/><U85/><E39/><V108/><F108/><W11/><G11/><T104/><D104/><U15/><E111/><V115/><F115/><W52/><G87/><T94/><D30/><U101/><E101/><V32/><F32/><W93/><G93/><T90/><D5/><U9/><E71/><V35/><F35/><W50/><G62/><T77/><D77/><U4/><E109/><V6/><F41/><W56/><G55/><T33/><D95/><U100/><E100/><V84/><F6/><W75/><G75/><T13/><D68/><U110/><E69/><V107/><F84/><W76/><G76/><T43/><D67/><U98/><E98/><N who="2" m="37419" /><F107/><W88/><G78/><T134/><D43/><U22/><E22/><V0/><F0/><W37/><G37/><T116/><D94/><U24/><E110/><V40/><F40/><W122/><G122/><N who="2" m="47209" /><F70/><W103/><G103/><T92/><D92/><U45/><E85/><V59/><F20/><W130/><G130/><T102/><D102/><U25/><E4/><V12/><F129/><W3/><G3/><T64/><D34/><U89/><E91/><V36/><F36/><W46/><G56/><T128/><D128/><U106/><E89/><V127/><F127/><W17/><G17/><T10/><D90/><U8/><E106/><V14/><F59/><W23/><G23/><T131/><D131/><RYUUKYOKU ba="0,0" sc="245,-10,271,-10,229,-10,255,30" hai3="16,21,46,50,52,73,74,82,86,88" /><INIT seed="5,1,0,2,4,44" ten="235,261,219,285" oya="1" hai0="124,19,21,81,79,92,135,104,50,109,31,13,107" hai1="18,30,43,78,130,26,47,28,17,38,39,102,33" hai2="71,86,20,118,133,100,88,69,61,98,27,40,85" hai3="63,45,115,116,84,12,5,11,56,125,65,57,24"/><U112/><E112/><V132/><F118/><W80/><G115/><T3/><D109/><U15/><E130/><V55/><F40/><W34/><G125/><T72/><D124/><U74/><E102/><V131/><F131/><W29/><G116/><T94/><D3/><U9/><E30/><V77/><F77/><W66/><G45/><T103/><D135/><N who="2" m="51786" /><F85/><W54/><REACH who="3" step="1"/><G57/><REACH who="3" ten="235,261,219,275" step="2"/><T46/><D31/><U122/><E47/><V121/><F121/><W119/><G119/><T48/><D46/><U8/><E122/><V52/><F71/><W16/><G16/><T128/><D128/><U114/><E114/><V101/><F69/><W129/><G129/><T22/><D19/><U60/><E43/><V108/><F108/><W93/><G93/><T1/><D94/><U4/><E39/><V70/><F70/><W117/><G117/><T2/><D92/><U76/><E38/><V49/><F61/><W41/><G41/><T110/><D110/><U87/><E60/><V23/><F101/><W73/><G73/><T113/><D72/><U6/><E74/><V10/><F49/><W134/><G134/><T82/><D113/><U111/><E111/><V25/><F100/><W0/><G0/><T95/><D103/><U32/><E87/><V127/><F127/><W58/><G58/><T53/><D95/><U51/><E51/><V89/><F98/><W42/><G42/><T36/><D36/><U123/><E123/><V105/><F105/><W67/><G67/><T90/><D107/><U99/><E99/><V75/><F75/><W35/><G35/><T97/><D104/><RYUUKYOKU ba="1,1" sc="235,-10,261,-10,219,-10,275,30" hai3="5,11,12,24,29,34,54,56,63,65,66,80,84" owari="225,-17.5,251,5.1,209,-29.1,315,41.5" /></mjloggm>