<mjloggm ver="2.3"><GO type="225" lobby="0"/><UN n0="%4E%6F%2E%30%30%30%31" n1="%E3%83%AD%E3%83%83%E3%83%86%E9%9B%80%E7%90%83" n2="%E3%81%AF%E3%82%88%E3%81%8A%E3%81%98%E3%81%95%E3%82%93" n3="%E9%BB%92%E9%89%84%E7%8F%A0%E9%9B%AB" dan="18,17,16,16" rate="2235.14,2156.05,2132.43,2173.01" sx="M,M,M,M"/><TAIKYOKU oya="0"/><INIT seed="0,0,0,4,4,86" ten="250,250,250,250" oya="0" hai0="54,44,124,17,27,5,8,13,72,66,41,108,81" hai1="52,10,36,123,103,82,62,95,32,79,114,126,92" hai2="4,93,117,56,99,51,101,67,74,97,94,7,26" hai3="134,12,20,18,132,70,34,38,40,118,35,15,104"/><T21/><D124/><U116/><E116/><V31/><F74/><W90/><G104/><T112/><D112/><U85/><E123/><V53/><F117/><W111/><G118/><T33/><D66/><U83/><E32/><V23/><REACH who="2" step="1"/><F67/><REACH who="2" ten="250,250,240,250" step="2"/><W22/><G132/><T128/><D128/><U122/><E126/><V24/><F24/><W105/><G134/><T1/><D108/><U129/><E129/><V14/><F14/><W125/><G12/><T91/><D72/><U102/><E122/><V109/><F109/><W76/><G15/><T9/><D33/><U73/><E73/><V49/><F49/><W45/><G35/><T19/><D54/><U16/><E52/><V55/><F55/><W77/><G34/><T135/><D135/><U64/><E64/><V120/><F120/><W30/><G111/><T2/><D2/><U121/><E121/><V127/><F127/><W119/><G125/><T100/><D100/><AGARI ba="0,1" hai="4,7,23,26,31,51,53,56,93,94,97,99,100,101" machi="100" ten="30,7700,0" yaku="1,1,7,1,9,1,8,1,53,0" doraHai="86" doraHaiUra="78" who="2" fromWho="0" sc="250,-77,250,0,240,87,250,0" /><INIT seed="1,0,0,4,3,42" ten="173,250,327,250" oya="1" hai0="22,15,50,102,124,24,62,104,90,112,17,80,44" hai1="30,96,78,116,55,53,16,72,134,108,29,47,103" hai2="33,121,63,9,110,28,126,77,40,133,67,41,128" hai3="107,123,46,48,106,99,83,92,2,7,113,118,101"/><U71/><E116/><V87/><F121/><W115/><G123/><T98/><D112/><U135/><E71/><V19/><F110/><W117/><G2/><T34/><D124/><U20/><E78/><V49/><F126/><W4/><G4/><T125/><D125/><U5/><E72/><V51/><F128/><W45/><G7/><T74/><D62/><U94/><E5/><V58/><F133/><N who="1" m="50697" /><E108/><V65/><F67/><W27/><G27/><T13/><D34/><U35/><E35/><V81/><F28/><N who="1" m="10857" /><E47/><N who="3" m="17930" /><G48/><N who="2" m="18505" /><F33/><W10/><G10/><T109/><D109/><U73/><E73/><V43/><F41/><W14/><G14/><AGARI ba="0,0" hai="14,16,20,53,55,94,96,103" m="10857,50697" machi="14" ten="30,2900,0" yaku="20,1,54,1" doraHai="42" who="1" fromWho="3" sc="173,0,250,29,327,0,250,-29" /><AGARI ba="0,0" hai="9,14,19,40,43,58,63,65,77,81,87" m="18505" machi="14" ten="30,1000,0" yaku="8,1" doraHai="42" who="2" fromWho="3" sc="173,0,279,0,327,10,221,-10" /><INIT seed="1,1,0,3,0,104" ten="173,279,337,211" oya="1" hai0="113,18,123,39,79,135,14,127,128,120,4,31,49" hai1="73,45,78,68,119,25,23,97,86,59,92,100,58" hai2="84,94,88,10,96,64,20,110,130,117,11,30,3" hai3="121,43,5,114,9,63,22,41,32,19,80,90,34"/><U133/><E119/><V83/><F117/><W67/><G114/><T54/><D39/><U28/><E133/><V44/><F3/><W12/><G121/><N who="0" m="46667" /><D113/><U134/><E134/><V105/><F105/><W75/><G34/><T1/><D135/><U118/><E68/><V29/><F110/><W55/><G32/><T13/><D79/><U15/><E118/><V27/><F130/><W76/><G90/><T38/><D38/><U72/><E45/><V108/><F108/><W33/><G33/><T47/><D128/><U122/><E122/><V81/><F64/><W35/><G35/><T7/><D1/><U129/><E129/><V115/><F115/><W46/><G55/><T111/><D111/><U125/><E125/><V51/><F30/><W16/><G46/><T71/><D71/><U87/><E15/><N who="0" m="5641" /><D31/><U103/><E103/><N who="2" m="60823" /><F83/><W93/><G93/><T107/><D107/><U74/><REACH who="1" step="1"/><E78/><REACH who="1" ten="173,269,337,211" step="2"/><V24/><F27/><W109/><G109/><T106/><D127/><U99/><E99/><V53/><AGARI ba="1,1" hai="10,11,20,24,29,44,51,53,81,84,88" m="60823" machi="53" ten="30,2000,0" yaku="8,1,54,1" doraHai="104" who="2" fromWho="2" sc="173,-6,269,-11,337,33,211,-6" /><INIT seed="2,0,0,2,3,129" ten="167,258,370,205" oya="2" hai0="86,76,62,59,87,128,1,103,35,65,32,6,109" hai1="74,4,46,23,48,63,108,34,61,25,26,71,52" hai2="22,17,82,39,20,8,68,120,78,0,37,21,101" hai3="134,56,47,13,64,91,89,98,11,16,112,54,94"/><V2/><F120/><W60/><G112/><T117/><D128/><U3/><E108/><V53/><F68/><W19/><G134/><T14/><D109/><U80/><E34/><V90/><F101/><W18/><G89/><T133/><D1/><U96/><E26/><V5/><F0/><W31/><G31/><T44/><D117/><U75/><E96/><V67/><F67/><W57/><REACH who="3" step="1"/><G47/><REACH who="3" ten="167,258,370,195" step="2"/><T33/><D133/><U111/><E46/><V58/><F90/><W73/><G73/><T43/><D103/><U119/><E75/><V72/><REACH who="2" step="1"/><F17/><REACH who="2" ten="167,258,360,195" step="2"/><W30/><G30/><T100/><D100/><U9/><E111/><V135/><F135/><W12/><G12/><T36/><REACH who="0" step="1"/><D76/><REACH who="0" ten="157,258,360,195" step="2"/><U93/><E3/><V118/><F118/><W51/><AGARI ba="0,3" hai="11,13,16,18,19,51,54,56,57,60,64,91,94,98" machi="51" ten="20,12000,2" yaku="1,1,0,1,7,1,8,1,54,1,53,1" doraHai="129" doraHaiUra="92" who="3" fromWho="3" sc="157,-30,258,-30,360,-60,195,150" /><INIT seed="3,0,0,0,0,15" ten="127,228,300,345" oya="3" hai0="45,22,16,89,84,55,123,93,107,76,120,100,36" hai1="105,118,30,48,43,109,127,54,67,33,4,75,66" hai2="129,111,49,135,128,61,130,27,110,132,6,69,122" hai3="59,1,108,44,124,39,18,94,133,11,82,95,8"/><W112/><G112/><T7/><D7/><U101/><E75/><V81/><F122/><W3/><G3/><T46/><D76/><U25/><E43/><V50/><F6/><W72/><G133/><N who="2" m="51273" /><F27/><W31/><G31/><T38/><D107/><U121/><E67/><N who="2" m="41199" /><F81/><W60/><G124/><T64/><D64/><U77/><E54/><V9/><F9/><W97/><G108/><AGARI ba="0,0" hai="49,50,108,110,111,128,129,130" m="41199,51273" machi="108" ten="40,8000,1" yaku="14,1,19,1,20,1,34,2" doraHai="15" who="2" fromWho="3" sc="127,0,228,0,300,80,345,-80" owari="127,-37.3,228,-17.2,380,48.0,265,6.5" /></mjloggm>