<mjloggm ver="2.3"><GO type="225" lobby="0"/><UN n0="%E9%80%86%E9%80%A3%E5%B8%AF%E3%81%AE%E9%AC%BC" n1="%28%EF%BF%A3%E2%96%BD%EF%BF%A3%29%CE%B4%E2%8C%92%E3%83%BB" n2="%E8%83%83%E3%81%A8%E8%85%B8" n3="%E8%B6%85%E7%B4%9A%E9%B3%B3%E5%87%B0" dan="16,16,17,16" rate="2086.09,2110.91,2246.75,2141.55" sx="M,M,M,M"/><TAIKYOKU oya="0"/><INIT seed="0,0,0,0,2,43" ten="250,250,250,250" oya="0" hai0="86,100,36,110,95,48,27,11,35,132,96,108,58" hai1="40,87,21,130,124,77,106,125,31,71,74,83,57" hai2="109,90,131,25,113,126,45,13,72,0,129,102,75" hai3="8,121,92,119,53,89,115,23,50,60,103,68,7"/><T135/><D36/><U4/><E71/><V10/><F113/><W38/><G115/><T15/><D86/><U55/><E106/><V22/><F0/><W29/><G119/><T62/><D48/><U32/><E32/><V59/><F102/><W19/><G38/><T120/><D120/><U33/><E33/><V14/><F59/><W52/><G121/><T104/><D104/><U70/><E70/><V78/><F109/><N who="0" m="42090" /><D27/><N who="1" m="16879" /><E4/><V76/><F126/><N who="1" m="48745" /><E40/><V80/><F25/><W47/><G29/><T67/><D35/><U16/><E16/><AGARI ba="0,0" hai="11,15,16,58,62,67,95,96,100,132,135" m="42090" machi="16" ten="30,5800,0" yaku="14,1,10,1,54,1" doraHai="43" who="0" fromWho="1" sc="250,58,250,-58,250,0,250,0" /><INIT seed="0,1,0,3,3,109" ten="308,192,250,250" oya="0" hai0="116,0,117,48,61,76,97,80,40,58,15,32,103" hai1="20,65,94,54,121,124,62,53,36,34,31,57,96" hai2="25,37,107,108,118,82,51,73,45,77,72,17,78" hai3="43,14,83,56,106,130,122,19,113,38,23,64,2"/><T4/><D32/><U120/><E36/><V39/><F108/><W35/><G35/><T99/><D0/><U55/><E34/><V131/><F131/><W93/><G106/><T87/><D117/><U98/><E98/><V50/><F118/><W92/><G2/><T123/><D123/><U85/><E85/><V12/><F25/><W63/><G130/><T49/><D116/><U75/><E75/><V84/><F107/><W28/><G28/><T33/><D33/><U114/><E124/><V66/><F66/><W18/><G122/><T90/><D90/><U8/><E8/><V125/><F125/><W30/><G30/><T5/><D99/><U22/><E22/><V128/><F128/><W79/><G113/><T10/><D4/><U59/><E114/><V105/><F105/><W21/><G43/><T68/><D68/><U6/><E6/><V91/><F72/><W74/><REACH who="3" step="1"/><G38/><REACH who="3" ten="308,192,250,240" step="2"/><T111/><D40/><U127/><E127/><V69/><F39/><W42/><G42/><T104/><REACH who="0" step="1"/><D111/><REACH who="0" ten="298,192,250,240" step="2"/><U70/><E121/><V52/><F37/><W7/><G7/><T135/><D135/><U27/><REACH who="1" step="1"/><E120/><REACH who="1" ten="298,182,250,240" step="2"/><V134/><F134/><W67/><G67/><AGARI ba="1,3" hai="5,10,15,48,49,58,61,67,76,80,87,97,103,104" machi="67" ten="30,2900,0" yaku="1,1,7,1,53,0" doraHai="109" doraHaiUra="86" who="0" fromWho="3" sc="298,62,182,0,250,0,240,-32" /><INIT seed="0,2,0,3,3,113" ten="360,182,250,208" oya="0" hai0="23,69,114,21,44,85,5,27,61,75,98,59,48" hai1="8,123,50,130,39,38,133,40,102,116,83,112,20" hai2="131,14,53,84,103,2,135,109,91,25,104,7,34" hai3="65,79,89,111,101,24,115,90,92,11,52,70,77"/><T97/><D75/><U54/><E123/><V12/><F109/><W81/><G115/><T106/><D114/><U49/><E112/><V124/><F131/><W9/><G111/><T80/><D69/><U19/><E130/><V134/><F124/><W95/><G70/><T47/><D5/><U22/><E133/><N who="2" m="50699" /><F53/><W0/><G65/><T35/><D35/><U30/><E8/><N who="2" m="2167" /><F103/><W93/><G0/><T29/><D21/><U132/><E132/><V15/><F104/><W94/><G94/><T74/><D74/><U36/><E102/><V58/><F58/><W17/><G101/><T72/><D72/><U56/><E116/><V13/><F13/><W26/><G92/><T46/><D48/><U76/><E40/><V110/><F110/><W78/><G78/><T129/><D106/><U68/><E68/><V119/><F84/><W125/><G125/><T31/><D31/><U43/><E43/><V37/><F91/><W87/><G87/><T117/><D129/><U96/><E96/><V57/><F57/><W1/><G1/><T42/><D42/><U86/><E30/><N who="2" m="19791" /><F37/><W107/><G107/><T99/><D85/><U82/><E82/><V10/><F119/><W66/><G66/><N who="0" m="39231" /><D80/><U41/><REACH who="1" step="1"/><E19/><AGARI ba="2,0" hai="10,12,14,15,19" m="19791,2167,50699" machi="19" ten="30,3900,0" yaku="20,1,34,2" doraHai="113" who="2" fromWho="1" sc="360,0,182,-45,250,45,208,0" /><INIT seed="1,0,0,0,1,54" ten="360,137,295,208" oya="1" hai0="96,27,134,5,69,113,82,55,60,51,65,130,125" hai1="124,129,95,110,80,85,50,45,117,116,93,43,19" hai2="53,42,103,39,131,6,112,61,8,109,68,89,127" hai3="97,57,74,105,59,63,29,44,28,92,100,114,135"/><U10/><E124/><V33/><F109/><W108/><G114/><T86/><D125/><U90/><E110/><V67/><F127/><W14/><G108/><T16/><D134/><U123/><E123/><V17/><F131/><W76/><G135/><T18/><D130/><U79/><E129/><V46/><F112/><W12/><G105/><T32/><D113/><U106/><E106/><V87/><F103/><W36/><G74/><T126/><D126/><U119/><REACH who="1" step="1"/><E79/><REACH who="1" ten="360,127,295,208" step="2"/><V98/><F33/><W34/><G76/><T35/><D32/><U37/><E37/><V22/><F39/><W58/><G34/><T15/><D35/><U56/><E56/><V3/><F68/><W83/><G63/><T122/><D122/><U104/><E104/><V49/><F61/><W101/><G36/><T26/><D69/><U120/><E120/><V2/><F46/><W88/><G44/><T94/><D60/><U21/><E21/><V40/><F22/><W41/><G83/><T11/><D82/><U24/><E24/><V78/><F78/><W128/><G128/><T70/><D27/><U115/><E115/><V9/><F49/><W38/><G38/><T4/><D26/><U107/><E107/><V47/><F47/><W64/><G64/><T31/><D65/><U73/><E73/><V81/><F67/><W13/><G41/><T72/><D70/><U99/><E99/><V91/><F40/><W102/><AGARI ba="0,1" hai="12,13,14,28,29,57,58,59,88,92,97,100,101,102" machi="102" ten="40,16000,3" yaku="0,1,29,2,8,1,52,3,54,1" doraHai="54" who="3" fromWho="3" sc="360,-40,127,-80,295,-40,208,170" /><INIT seed="2,0,0,1,4,109" ten="320,47,255,378" oya="2" hai0="105,30,39,29,102,53,7,52,38,72,87,33,97" hai1="57,36,43,115,90,27,85,95,99,22,6,108,129" hai2="100,118,122,16,24,117,21,130,81,65,127,32,123" hai3="128,82,51,75,55,88,31,11,135,77,64,59,124"/><V86/><F130/><W9/><G128/><T73/><D7/><U91/><E108/><V116/><F127/><W2/><G124/><T45/><D87/><U17/><E129/><V107/><F65/><W26/><G135/><T114/><D114/><U66/><E36/><V126/><F126/><W125/><G125/><T18/><D18/><U3/><E3/><V101/><F32/><W54/><G2/><T48/><D53/><U50/><E6/><V49/><F49/><W37/><G37/><T5/><D5/><U19/><E115/><V69/><F69/><W113/><G113/><T20/><D33/><U68/><E68/><V92/><F107/><W98/><G64/><T110/><D110/><U103/><E43/><V42/><F42/><W83/><G55/><T121/><D121/><U1/><E1/><V56/><F56/><W63/><G51/><T58/><D39/><U132/><E132/><V112/><F112/><W104/><G104/><T78/><D78/><U15/><E50/><V40/><F40/><W10/><G83/><T47/><D38/><U74/><E74/><V60/><F60/><W34/><REACH who="3" step="1"/><G9/><REACH who="3" ten="320,47,255,368" step="2"/><T62/><D47/><U70/><E70/><V61/><F61/><W119/><G119/><T79/><D45/><U44/><E44/><V111/><F111/><W131/><G131/><T106/><D48/><U25/><E66/><V76/><REACH who="2" step="1"/><F92/><AGARI ba="0,1" hai="10,11,26,31,34,54,59,63,75,77,82,88,92,98" machi="92" ten="40,5200,0" yaku="1,1,54,1,53,1" doraHai="109" doraHaiUra="89" who="3" fromWho="2" sc="320,0,47,0,255,-52,368,62" /><INIT seed="3,0,0,3,1,86" ten="320,47,203,430" oya="3" hai0="109,71,87,69,85,35,81,29,124,4,80,100,120" hai1="12,27,33,15,37,66,82,8,67,98,133,23,83" hai2="58,91,7,97,42,108,111,62,5,28,63,119,64" hai3="134,10,68,11,92,6,53,114,40,13,72,43,125"/><W59/><G68/><T132/><D120/><U34/><E37/><V46/><F119/><W104/><G104/><T52/><D132/><U22/><E98/><V77/><F77/><W96/><G72/><T135/><D135/><U95/><E95/><N who="2" m="56575" /><F28/><W14/><G114/><T0/><D29/><U32/><E133/><V105/><F62/><N who="3" m="36207" /><G125/><T129/><D35/><U74/><E74/><V78/><F78/><W9/><G134/><T116/><D124/><U84/><E84/><V51/><F105/><W88/><G9/><T102/><D0/><U130/><E8/><V19/><F19/><AGARI ba="0,0" hai="6,10,11,13,14,19,40,43,88,92,96" m="36207" machi="19" ten="30,5800,0" yaku="8,1,52,1,54,1" doraHai="86" who="3" fromWho="2" sc="320,0,47,0,203,-58,430,58" owari="320,12.0,47,-45.3,145,-25.5,488,58.8" /></mjloggm>