<mjloggm ver="2.3"><GO type="225" lobby="0"/><UN n0="%E6%B8%A9%E2%98%85%E6%83%85%E2%98%85%E6%8E%AA%E2%98%85%E7%BD%AE" n1="%E3%82%BC%E3%83%AB%E3%83%80%E3%81%AE%E4%BC%9D%E8%AA%AC" n2="%72%61%6B%33" n3="%33%74%72%65%65" dan="16,17,17,16" rate="2159.79,2210.39,2124.91,2158.01" sx="M,M,M,F"/><TAIKYOKU oya="0"/><INIT seed="0,0,0,1,2,26" ten="250,250,250,250" oya="0" hai0="14,60,59,70,7,6,110,41,65,111,2,128,106" hai1="47,4,78,71,66,67,90,119,112,69,121,104,97" hai2="15,27,52,132,101,91,34,124,100,9,115,85,63" hai3="13,43,74,88,55,57,51,39,130,118,33,8,64"/><T105/><D128/><U20/><E119/><V3/><F3/><W11/><G118/><T31/><D41/><U23/><E121/><V0/><F0/><W116/><G116/><T96/><D2/><U21/><E78/><V1/><F1/><W62/><G130/><T35/><D70/><U44/><E4/><N who="0" m="1577" /><D14/><U87/><E112/><V102/><F115/><W120/><G120/><T17/><D17/><U134/><E134/><V19/><F132/><W94/><G74/><T131/><D96/><U42/><E71/><V79/><F124/><W114/><G114/><T107/><D131/><U135/><E135/><V22/><F34/><W58/><G33/><T49/><D49/><U12/><E12/><V10/><F79/><W32/><G32/><T84/><D84/><U5/><E5/><V40/><F40/><W75/><G75/><T37/><D37/><U86/><E69/><V72/><F72/><W125/><G125/><T92/><D92/><N who="1" m="56471" /><E104/><V99/><F15/><W133/><G133/><T53/><D65/><N who="1" m="24587" /><E42/><V113/><F113/><W16/><G43/><T126/><D126/><U38/><E38/><V18/><F18/><W108/><G39/><T48/><D48/><U36/><E36/><V98/><F98/><N who="3" m="57671" /><G108/><N who="0" m="41515" /><D107/><U73/><E73/><V103/><F99/><W129/><G129/><T45/><D35/><U80/><E87/><V93/><N who="2" m="25600" /><DORA hai="81" /><V83/><F93/><W117/><G117/><T82/><D31/><U89/><AGARI ba="0,0" hai="20,21,23,44,47,80,86,89" m="24587,56471" machi="89" ten="30,2000,0" yaku="8,1,52,1" doraHai="26,81" who="1" fromWho="1" sc="250,-10,250,20,250,-5,250,-5" /><INIT seed="1,0,0,2,0,13" ten="240,270,245,245" oya="1" hai0="56,115,70,58,15,120,7,77,26,59,1,123,87" hai1="6,43,98,135,29,121,39,93,20,117,81,22,69" hai2="119,45,54,48,25,21,88,30,118,74,133,72,106" hai3="113,9,68,94,16,12,128,89,37,73,63,129,51"/><U17/><E117/><V84/><F106/><W78/><G113/><T95/><D115/><U42/><E121/><N who="0" m="46665" /><D70/><U110/><E69/><V65/><F133/><W55/><G37/><T66/><D1/><U112/><E112/><V18/><F65/><W124/><G124/><T40/><D40/><U67/><E135/><V104/><F104/><W0/><G0/><T50/><D26/><N who="1" m="16583" /><E39/><V33/><F119/><W76/><G63/><N who="0" m="38247" /><D50/><U4/><E81/><V100/><F100/><W114/><G68/><T41/><D41/><N who="1" m="15371" /><E67/><V131/><F131/><N who="3" m="50251" /><G114/><T3/><D3/><U57/><E57/><V46/><F46/><N who="3" m="28151" /><G73/><T101/><D77/><U32/><E32/><V107/><F107/><W44/><G44/><T31/><D59/><U80/><E110/><V38/><F38/><W125/><G125/><T97/><D58/><U53/><E53/><V116/><F118/><W79/><G79/><T10/><D31/><U52/><E52/><V109/><F109/><W83/><G83/><T108/><D108/><U71/><E80/><V11/><F116/><W132/><G132/><T122/><N who="0" m="46673" /><T111/><DORA hai="130" /><D111/><U23/><E71/><V14/><REACH who="2" step="1"/><F33/><REACH who="2" ten="240,270,235,245" step="2"/><W28/><G28/><T19/><D101/><N who="1" m="60623" /><E23/><V90/><F90/><W2/><G89/><T60/><D60/><U126/><E126/><V27/><F27/><AGARI ba="0,1" hai="4,6,17,22,27" m="60623,15371,16583" machi="27" ten="30,2900,0" yaku="8,1,52,1" doraHai="13,130" who="1" fromWho="2" sc="240,0,270,39,235,-29,245,0" /><INIT seed="1,1,0,0,2,102" ten="240,309,206,245" oya="1" hai0="96,101,104,90,1,24,56,98,11,2,111,110,120" hai1="92,63,52,126,60,130,119,127,129,123,76,116,29" hai2="87,43,71,42,38,53,45,73,82,8,67,20,10" hai3="6,31,135,88,3,57,62,9,30,27,77,58,49"/><U81/><E29/><V134/><F134/><W95/><G135/><T46/><D120/><U69/><E92/><V100/><F73/><W7/><G77/><T94/><D56/><N who="1" m="34823" /><E123/><V15/><F42/><W68/><G6/><T26/><D46/><U108/><E81/><V39/><F39/><W4/><G4/><N who="0" m="1423" /><D2/><U122/><E76/><V41/><F41/><W35/><G30/><T105/><D104/><U84/><E84/><V34/><F34/><W117/><G117/><N who="1" m="45130" /><E122/><V131/><F20/><W93/><G93/><T72/><D72/><U85/><E85/><V23/><F23/><W50/><G68/><T107/><D107/><U133/><E133/><V19/><F10/><W109/><G57/><T106/><D106/><U66/><E108/><AGARI ba="1,0" hai="24,26,90,94,96,98,101,105,108,110,111" m="1423" machi="108" ten="30,2000,0" yaku="14,1,52,1" doraHai="102" who="0" fromWho="1" sc="240,23,309,-23,206,0,245,0" /><INIT seed="2,0,0,3,3,67" ten="263,286,206,245" oya="2" hai0="1,113,62,97,5,56,3,22,8,55,4,108,37" hai1="135,21,61,40,118,110,127,34,90,71,80,65,70" hai2="105,53,10,23,111,66,38,116,133,16,107,20,100" hai3="89,45,14,7,95,103,17,86,64,44,60,99,88"/><V29/><F116/><W2/><G2/><T35/><D35/><U83/><E118/><V19/><F38/><W85/><G7/><T25/><D113/><U122/><E34/><V32/><F32/><W117/><G117/><T30/><D108/><U77/><E110/><V125/><F111/><W6/><G6/><T115/><D115/><U69/><E40/><V47/><F125/><W59/><G85/><T54/><D37/><U12/><E127/><V129/><F129/><W82/><REACH who="3" step="1"/><G103/><REACH who="3" ten="263,286,206,235" step="2"/><T84/><D84/><U102/><E102/><V131/><F100/><W50/><G50/><T31/><D5/><U98/><E122/><V124/><F124/><W28/><G28/><T112/><D112/><U68/><E135/><V63/><F29/><W57/><G57/><T76/><D3/><U94/><REACH who="1" step="1"/><E77/><REACH who="1" ten="263,276,206,235" step="2"/><V13/><F133/><W26/><G26/><T121/><D76/><U92/><E92/><V11/><F131/><W46/><G46/><T132/><D132/><U96/><E96/><V27/><F47/><W18/><G18/><AGARI ba="0,2" hai="12,18,21,61,65,68,69,70,71,80,83,90,94,98" machi="18" ten="40,8000,1" yaku="1,1,52,4,53,0" doraHai="67" doraHaiUra="104" who="1" fromWho="3" sc="263,0,276,100,206,0,235,-80" /><INIT seed="3,0,0,2,3,108" ten="263,376,206,155" oya="3" hai0="56,113,80,104,46,71,119,30,35,112,97,109,123" hai1="47,131,79,95,11,19,101,73,117,110,83,1,82" hai2="41,9,129,45,74,15,85,26,55,103,125,39,12" hai3="59,54,78,118,4,16,107,88,33,37,89,22,31"/><W7/><G118/><T96/><D123/><U53/><E110/><V62/><F74/><W51/><G107/><T3/><D71/><U121/><E121/><V23/><F125/><W49/><G37/><T102/><D3/><U68/><E68/><V106/><F129/><W133/><G133/><T126/><D109/><U38/><E131/><V17/><F106/><W124/><G124/><T135/><D126/><U36/><E117/><V58/><F103/><W81/><G33/><T64/><D119/><U65/><E82/><V34/><F34/><W72/><G31/><T98/><D46/><U50/><E65/><V60/><F85/><W100/><G100/><T63/><D80/><U111/><E111/><V10/><F62/><W116/><G116/><T48/><D48/><U24/><E24/><V86/><F86/><W94/><G49/><T76/><D76/><U8/><E19/><V77/><F77/><W13/><REACH who="3" step="1"/><G89/><REACH who="3" ten="263,376,206,145" step="2"/><T115/><D135/><U28/><E28/><V90/><F90/><W127/><G127/><T105/><D105/><U87/><E101/><V57/><F39/><W40/><G40/><T134/><D134/><U14/><E36/><V67/><F41/><W2/><G2/><T27/><AGARI ba="0,1" hai="27,30,35,56,63,64,96,97,98,102,104,112,113,115" machi="27" ten="40,8000,1" yaku="0,1,11,1,52,3" doraHai="108" who="0" fromWho="0" sc="263,90,376,-20,206,-20,145,-40" owari="353,15.3,356,45.6,186,-21.4,105,-39.5" /></mjloggm>