<mjloggm ver="2.3"><GO type="225" lobby="0"/><UN n0="%E3%81%BF%E3%81%BF%E3%81%9A" n1="%E3%81%A1%E3%81%87%E3%81%91" n2="%E3%83%89%E3%83%A9%E3%81%8F%E3%82%8C" n3="%E3%81%8C%E3%81%9F" dan="17,16,16,16" rate="2285.97,2063.45,2187.20,2089.00" sx="M,M,M,M"/><TAIKYOKU oya="0"/><INIT seed="0,0,0,4,5,81" ten="250,250,250,250" oya="0" hai0="102,132,119,20,80,38,51,112,83,49,68,34,61" hai1="125,82,55,107,4,127,30,35,106,62,24,117,69" hai2="21,33,111,8,19,87,45,53,129,14,114,11,22" hai3="95,128,42,89,79,48,58,32,39,12,31,121,94"/><T65/><D112/><U76/><E117/><V10/><F129/><W36/><G128/><T77/><D34/><U40/><E40/><V3/><F114/><W7/><G121/><T13/><D119/><U99/><E4/><V72/><F72/><W91/><G79/><T78/><D38/><U92/><E55/><V122/><F122/><W59/><G32/><T131/><D102/><N who="1" m="62815" /><E107/><V2/><F111/><W118/><G31/><T37/><D37/><U126/><E92/><V101/><F101/><W50/><G12/><T16/><D132/><U29/><E29/><V63/><F33/><W17/><G17/><T124/><D124/><U98/><E98/><V47/><F22/><W88/><G118/><T103/><D103/><U9/><E9/><V52/><F3/><W133/><G7/><T96/><D96/><U93/><E93/><N who="3" m="35338" /><G42/><T60/><D60/><U44/><E44/><N who="2" m="16971" /><F2/><W86/><G133/><T135/><D131/><U134/><E134/><V75/><F75/><W23/><G23/><T97/><D97/><U18/><E18/><V100/><F100/><W90/><G39/><T27/><D135/><U116/><E116/><V110/><F110/><W28/><G28/><T70/><D70/><U41/><E41/><V54/><F63/><W113/><G36/><T66/><D66/><N who="1" m="41175" /><E127/><V67/><F67/><W104/><G104/><T115/><D115/><U5/><E5/><V105/><F105/><W108/><G113/><T85/><D13/><U15/><E15/><V26/><F14/><W73/><G108/><T57/><D68/><U6/><E6/><V43/><F43/><RYUUKYOKU ba="0,0" sc="250,10,250,10,250,10,250,-30" hai0="16,20,27,49,51,57,61,65,77,78,80,83,85" hai1="24,30,35,76,82,125,126" hai2="8,10,11,19,21,26,52,53,54,87" /><INIT seed="0,1,0,2,5,61" ten="260,260,260,220" oya="0" hai0="51,132,1,66,120,130,135,77,81,107,49,92,54" hai1="134,15,16,122,33,118,62,90,94,19,91,119,87" hai2="60,14,23,103,127,59,79,93,80,114,26,70,63" hai3="68,97,73,48,126,131,36,25,96,55,84,71,29"/><T124/><D120/><U40/><E122/><V108/><F127/><W52/><G73/><T34/><D107/><U99/><E33/><V76/><F108/><W43/><G126/><T12/><D124/><U65/><E40/><V11/><F114/><W117/><G117/><T102/><D1/><U128/><E134/><N who="0" m="51241" /><D130/><U18/><E128/><V41/><F41/><W45/><G131/><T24/><D12/><U7/><E7/><V64/><F80/><W83/><G71/><T30/><D66/><U74/><E74/><V44/><F44/><W57/><G55/><T56/><D49/><U38/><E38/><V72/><F72/><W58/><G58/><T133/><N who="0" m="51249" /><T78/><DORA hai="39" /><D81/><U31/><E31/><N who="2" m="17887" /><F63/><W121/><G68/><T53/><D54/><U82/><REACH who="1" step="1"/><E15/><REACH who="1" ten="260,250,260,220" step="2"/><V27/><F27/><W46/><G121/><T0/><D0/><U129/><E129/><V88/><F70/><AGARI ba="1,1" hai="16,18,19,62,65,70,82,87,90,91,94,99,118,119" machi="70" ten="40,12000,2" yaku="1,1,52,1,54,1,53,4" doraHai="61,39" doraHaiUra="115,86" who="1" fromWho="2" sc="260,0,250,133,260,-123,220,0" /><INIT seed="1,0,0,1,3,114" ten="260,383,137,220" oya="1" hai0="80,126,18,84,42,8,115,1,65,106,77,85,61" hai1="15,6,43,88,118,25,31,27,51,39,48,33,125" hai2="105,45,9,122,113,134,96,19,55,2,79,76,3" hai3="64,47,135,53,36,100,60,91,30,97,52,44,101"/><U131/><E131/><V21/><F113/><W70/><G135/><T128/><D115/><U7/><E125/><V57/><F122/><W111/><G111/><T89/><D106/><U72/><E72/><V93/><F105/><W35/><G100/><T22/><D128/><U124/><E39/><V81/><F45/><W12/><G12/><T73/><D126/><U112/><E112/><V107/><F107/><N who="3" m="63919" /><G91/><T46/><D8/><U95/><E124/><V58/><F134/><W68/><G68/><T90/><D1/><U28/><E43/><V87/><F79/><W23/><G23/><T99/><D99/><U121/><E121/><V127/><F127/><W129/><G129/><T132/><D132/><U56/><E15/><V49/><F9/><W20/><G20/><T110/><D110/><U62/><E6/><V29/><F58/><W103/><G103/><T4/><D4/><U10/><E10/><V50/><F29/><W5/><G5/><T41/><D73/><U82/><E7/><V123/><F50/><W109/><G109/><T116/><D77/><U86/><E118/><V117/><F117/><W120/><G120/><T26/><D116/><U59/><E95/><V133/><F123/><W17/><G17/><T14/><D46/><N who="3" m="17449" /><G36/><T74/><D74/><U130/><E130/><V104/><F104/><W94/><G94/><N who="0" m="54567" /><D14/><U83/><E83/><V71/><F133/><W66/><G66/><T13/><D13/><U37/><E37/><V54/><F71/><W75/><G75/><T98/><D98/><U32/><E59/><AGARI ba="0,0" hai="18,22,26,41,42,59,61,65,80,85,90" m="54567" machi="59" ten="30,1000,0" yaku="8,1" doraHai="114" who="0" fromWho="1" sc="260,10,383,-10,137,0,220,0" /><INIT seed="2,0,0,1,4,90" ten="270,373,137,220" oya="2" hai0="88,51,116,120,8,69,16,37,59,58,99,57,29" hai1="80,79,12,2,56,39,9,123,14,106,130,89,32" hai2="75,50,20,10,26,128,113,48,132,83,1,25,110" hai3="97,92,62,60,24,76,17,66,65,127,41,129,81"/><V105/><F113/><W103/><G129/><T126/><D69/><U112/><E112/><V131/><F105/><W100/><G127/><T64/><D37/><U44/><E32/><V73/><F132/><W68/><G41/><T74/><D74/><N who="1" m="43127" /><E106/><V85/><F110/><W94/><G24/><T133/><D120/><U108/><E130/><N who="2" m="49707" /><F26/><W31/><G17/><T118/><D133/><U5/><E123/><V36/><F36/><W61/><G31/><T117/><D126/><U49/><E108/><V102/><F102/><W47/><G47/><T70/><D29/><U34/><E34/><V114/><F114/><W87/><G68/><T107/><D51/><N who="2" m="19498" /><F1/><W77/><G77/><T53/><D53/><N who="1" m="31791" /><E89/><N who="2" m="51391" /><F10/><W38/><G38/><T52/><D52/><U86/><E86/><V78/><F78/><W125/><G125/><T124/><D124/><U95/><E12/><V82/><F82/><W111/><G111/><T55/><D55/><U27/><E14/><V135/><F135/><W3/><G3/><T96/><D107/><U93/><E27/><V43/><F43/><AGARI ba="0,0" hai="2,5,9,39,43,44,93,95" m="31791,43127" machi="43" ten="30,3900,0" yaku="25,1,52,2" doraHai="90" who="1" fromWho="2" sc="270,0,373,39,137,-39,220,0" /><INIT seed="3,0,0,0,5,111" ten="270,412,98,220" oya="3" hai0="96,56,2,27,124,108,94,50,57,48,63,123,35" hai1="40,20,37,1,52,84,0,78,5,49,101,76,43" hai2="19,62,121,17,73,102,107,31,77,71,15,36,33" hai3="104,113,29,112,119,132,68,24,97,64,126,127,18"/><W23/><G119/><T51/><D108/><U7/><E37/><V61/><F121/><W54/><G54/><T4/><D123/><U55/><E101/><V44/><F36/><W65/><G132/><T120/><D120/><U115/><E115/><N who="3" m="44106" /><G68/><T30/><D2/><U10/><E20/><V95/><F71/><W133/><G133/><T87/><D4/><U53/><E84/><V90/><F44/><W93/><G104/><T11/><D11/><U14/><E14/><V103/><F107/><W85/><G85/><T106/><D87/><U98/><E98/><V32/><F73/><W26/><G93/><T122/><D122/><U129/><E55/><V47/><F47/><W72/><G97/><T80/><D80/><U46/><E46/><V21/><F95/><W34/><G72/><T12/><D12/><U58/><E58/><V117/><F117/><W28/><G65/><T66/><D106/><U67/><E67/><V89/><F15/><N who="3" m="9695" /><G64/><T41/><D41/><U130/><E49/><V109/><F109/><W22/><AGARI ba="0,0" hai="22,24,26,28,29,34,126,127" m="9695,44106" machi="22" ten="30,12000,1" yaku="34,2,52,3" doraHai="111" who="3" fromWho="3" sc="270,-40,412,-40,98,-40,220,120" /><INIT seed="3,1,0,1,4,134" ten="230,372,58,340" oya="3" hai0="77,19,27,103,119,56,96,109,33,47,49,111,59" hai1="15,115,105,72,45,99,60,108,66,12,5,89,114" hai2="22,8,117,63,58,6,34,107,122,120,116,2,30" hai3="7,18,9,65,74,126,67,26,48,127,14,87,57"/><W92/><G74/><T123/><D123/><U94/><E72/><V133/><F58/><W10/><G87/><T113/><D119/><U54/><E105/><V76/><F63/><W101/><G92/><T4/><D4/><U112/><E108/><V37/><F76/><W1/><G101/><T13/><D77/><U73/><E73/><V88/><F88/><W118/><G118/><T86/><D86/><U3/><E3/><V98/><F98/><W40/><G26/><T83/><D83/><U36/><E5/><V39/><F37/><W25/><G25/><T100/><D113/><U38/><E36/><V129/><F39/><W11/><G11/><T42/><D59/><U132/><E132/><V130/><F107/><W124/><G57/><T102/><D96/><U106/><E106/><V69/><F22/><W50/><G40/><T55/><D33/><U91/><E91/><V104/><F69/><W128/><G128/><T51/><D27/><U28/><E28/><V35/><F104/><W80/><G80/><T21/><D111/><U93/><E93/><V131/><F133/><W71/><G71/><T79/><D109/><U44/><E54/><V43/><F43/><W95/><G95/><T17/><D17/><U61/><E61/><V84/><F84/><W78/><G78/><T31/><D79/><U97/><E97/><V53/><F53/><W0/><G0/><T68/><D68/><N who="1" m="42055" /><E45/><V70/><F70/><W16/><G18/><T32/><REACH who="0" step="1"/><D32/><REACH who="0" ten="220,372,58,340" step="2"/><N who="2" m="12330" /><F30/><AGARI ba="1,1" hai="13,19,21,30,31,42,47,49,51,55,56,100,102,103" machi="30" ten="40,2600,0" yaku="1,1,8,1,53,0" doraHai="134" doraHaiUra="64" who="0" fromWho="2" sc="220,39,372,0,58,-29,340,0" owari="259,-14.1,372,47.2,29,-47.1,340,14.0" /></mjloggm>