<mjloggm ver="2.3"><GO type="225" lobby="0"/><UN n0="%73%65%69%6A%69%64%6F%6E" n1="%54%4F%52" n2="%E3%81%B2%E3%81%AA%E3%81%AE%E3%82%8A%E3%81%8F" n3="%48%61%61%61%6C%61%6E%64" dan="16,17,16,17" rate="2176.52,2242.45,2089.04,2138.95" sx="M,M,M,M"/><TAIKYOKU oya="0"/><INIT seed="0,0,0,1,2,110" ten="250,250,250,250" oya="0" hai0="123,60,67,5,35,93,20,47,50,85,119,112,99" hai1="111,28,46,82,130,92,81,1,83,109,100,11,64" hai2="0,95,53,17,15,120,61,124,117,26,103,29,107" hai3="23,62,49,18,25,70,22,74,114,43,126,32,54"/><T58/><D123/><U45/><E130/><V56/><F120/><W131/><G126/><T52/><D119/><U105/><E105/><V38/><F124/><W80/><G131/><T96/><D35/><U12/><E1/><V102/><F38/><W21/><G114/><T6/><D112/><U84/><E28/><V71/><F0/><W41/><G74/><T76/><D20/><U91/><E64/><V135/><F135/><W39/><G80/><N who="0" m="47239" /><D96/><U42/><E100/><AGARI ba="0,0" hai="5,6,47,50,52,58,60,67,93,99,100" m="47239" machi="100" ten="30,2900,0" yaku="8,1,54,1" doraHai="110" who="0" fromWho="1" sc="250,29,250,-29,250,0,250,0" /><INIT seed="0,1,0,2,2,95" ten="279,221,250,250" oya="0" hai0="45,129,21,29,53,44,28,34,75,58,114,11,17" hai1="131,86,6,20,63,108,130,83,4,118,72,97,79" hai2="92,106,123,54,3,66,15,68,36,24,116,56,80" hai3="77,135,70,1,104,78,90,82,111,7,37,57,35"/><T8/><D75/><U127/><E118/><V27/><F3/><W134/><G70/><T30/><D114/><U42/><E108/><V81/><F106/><W89/><G35/><T109/><D34/><U112/><E112/><V49/><F36/><W46/><G111/><T47/><D109/><U84/><E127/><V128/><F123/><W94/><G104/><T125/><D125/><U69/><E42/><V73/><F128/><N who="1" m="49193" /><E20/><V120/><F120/><W105/><G105/><T102/><D102/><U31/><E31/><V133/><F133/><W19/><G90/><T33/><D33/><U52/><E97/><V85/><F68/><W117/><G117/><T39/><D39/><U71/><E71/><V60/><F73/><W98/><G134/><T91/><D91/><U93/><E93/><V32/><F32/><W12/><G135/><T101/><D101/><U96/><E96/><V113/><F113/><W74/><G74/><T122/><D122/><U9/><E4/><V88/><F116/><W76/><G7/><T50/><REACH who="0" step="1"/><D129/><REACH who="0" ten="269,221,250,250" step="2"/><U124/><E124/><V67/><F88/><W13/><G89/><T61/><D61/><U132/><E132/><V26/><F60/><W126/><G126/><T110/><D110/><U62/><E62/><V14/><F81/><W25/><G82/><T119/><D119/><U51/><E63/><V107/><F80/><W5/><G37/><T115/><D115/><U23/><E69/><V103/><F103/><W41/><G98/><T65/><D65/><N who="2" m="24586" /><F107/><W55/><G78/><T38/><D38/><U16/><E72/><V48/><F49/><RYUUKYOKU ba="1,1" sc="269,15,221,-15,250,15,250,-15" hai0="8,11,17,21,28,29,30,44,45,47,50,53,58" hai2="14,15,24,26,27,48,54,56,85,92" /><INIT seed="0,2,1,0,3,41" ten="284,206,265,235" oya="0" hai0="86,53,50,70,64,131,16,100,119,121,68,113,17" hai1="15,84,49,134,36,62,66,23,96,44,122,128,101" hai2="3,89,25,37,27,106,110,51,79,90,118,63,115" hai3="60,82,88,8,125,56,11,30,12,1,7,130,135"/><T22/><D119/><U2/><E2/><V98/><F37/><W107/><G125/><T58/><D113/><U109/><E122/><V69/><F115/><W95/><G130/><T47/><D121/><U72/><E72/><V35/><F3/><W76/><G30/><T61/><D131/><U59/><E128/><V124/><F110/><W111/><G107/><T74/><D74/><U132/><E109/><V6/><F124/><W18/><G135/><T127/><D127/><U99/><E36/><V0/><F79/><W103/><G103/><T108/><D108/><U67/><E67/><V94/><F106/><W14/><G111/><T78/><D100/><U24/><E15/><V32/><F0/><W54/><G1/><T85/><D17/><U93/><E96/><V26/><F6/><W87/><REACH who="3" step="1"/><G76/><REACH who="3" ten="284,206,265,225" step="2"/><T104/><D104/><U126/><E126/><V105/><F105/><W45/><G45/><T92/><D78/><U102/><E102/><V10/><F118/><W21/><G21/><T75/><D75/><U34/><E34/><V114/><F35/><W38/><G38/><T133/><D133/><U40/><REACH who="1" step="1"/><E84/><REACH who="1" ten="284,196,265,225" step="2"/><V4/><F32/><W73/><G73/><T20/><D85/><U80/><E80/><AGARI ba="2,3" hai="7,8,11,12,14,18,54,56,60,80,82,87,88,95" machi="80" ten="40,5200,0" yaku="1,1,8,1,54,1,53,0" doraHai="41" doraHaiUra="129" who="3" fromWho="1" sc="284,0,196,-58,265,0,225,88" /><INIT seed="1,0,0,5,2,46" ten="284,138,265,313" oya="1" hai0="61,67,35,90,100,96,22,9,55,75,25,4,117" hai1="41,39,29,86,33,74,115,135,107,105,82,126,2" hai2="37,49,111,43,77,60,129,63,21,104,44,114,76" hai3="84,14,92,70,15,119,53,56,48,132,113,59,73"/><U98/><E115/><V62/><F111/><W88/><G113/><T72/><D117/><U122/><E122/><V130/><F114/><W83/><G70/><T26/><D35/><U13/><E2/><V81/><F104/><W51/><G119/><T0/><D90/><U50/><E39/><V118/><F118/><W12/><G132/><T85/><D85/><U97/><E74/><V120/><F120/><W91/><G73/><T69/><D55/><U128/><E135/><V10/><F10/><W17/><G17/><T66/><D66/><U80/><E126/><V18/><F37/><W57/><G53/><T78/><D78/><U28/><E128/><N who="2" m="49259" /><F81/><W108/><G108/><T58/><D69/><U89/><E80/><V31/><F31/><W20/><G20/><T54/><D26/><AGARI ba="0,0" hai="18,21,26,43,44,49,60,62,63,76,77" m="49259" machi="26" ten="30,2000,0" yaku="19,1,52,1" doraHai="46" who="2" fromWho="0" sc="284,-20,138,0,265,20,313,0" /><INIT seed="2,0,0,5,4,118" ten="264,138,285,313" oya="2" hai0="79,60,3,17,63,38,93,75,15,116,33,113,12" hai1="131,103,85,119,68,69,58,40,109,72,83,124,20" hai2="5,53,100,23,16,86,70,76,1,94,18,125,43" hai3="77,74,35,24,88,9,78,28,64,91,27,54,8"/><V126/><F70/><W117/><G117/><T39/><D116/><U21/><E119/><V44/><F100/><W48/><G64/><T41/><D33/><U81/><E109/><V120/><F120/><W11/><G27/><T111/><D79/><U115/><E115/><V121/><F121/><W45/><REACH who="3" step="1"/><G78/><REACH who="3" ten="264,138,285,303" step="2"/><T59/><D111/><U71/><E71/><V29/><F76/><W67/><G67/><T25/><D113/><U90/><E68/><V84/><F126/><W47/><G47/><T51/><D25/><U133/><E69/><V62/><F125/><W104/><G104/><T22/><D39/><U7/><E124/><V132/><F132/><W30/><G30/><T13/><D38/><U110/><E133/><V107/><F29/><W130/><G130/><T122/><D122/><U26/><E131/><V129/><F107/><W42/><G42/><T99/><D41/><U112/><E40/><V6/><F43/><W10/><N who="3" m="2048" /><DORA hai="55" /><W102/><G102/><T34/><D34/><U92/><E112/><V31/><F31/><W49/><G49/><T128/><D51/><U134/><E134/><V32/><F32/><W114/><G114/><T101/><D128/><U61/><E103/><V66/><F66/><W19/><G19/><T56/><D17/><U82/><E26/><V135/><F18/><W37/><G37/><T14/><D22/><U98/><E21/><V52/><F135/><W108/><G108/><T57/><N who="0" m="3072" /><DORA hai="4" /><T127/><D127/><U105/><E20/><V65/><F23/><W50/><G50/><T46/><D46/><U87/><E110/><RYUUKYOKU ba="0,1" sc="264,-10,138,-10,285,-10,303,30" hai3="24,28,35,45,48,54,74,77,88,91" /><INIT seed="3,1,1,4,5,63" ten="254,128,275,333" oya="3" hai0="81,100,127,8,55,87,20,11,110,78,108,93,83" hai1="94,38,6,15,85,59,3,50,126,73,32,30,22" hai2="135,128,42,134,17,103,14,21,44,114,46,68,105" hai3="48,90,125,19,34,74,106,116,67,29,53,37,118"/><W123/><G123/><T45/><D127/><U121/><E126/><V47/><F114/><W40/><G125/><T72/><D20/><U13/><E121/><V131/><F68/><W16/><G106/><T101/><D55/><U132/><E132/><N who="2" m="50731" /><F103/><N who="0" m="39498" /><D45/><N who="2" m="17514" /><F105/><W7/><G53/><T26/><D26/><U35/><E38/><AGARI ba="1,1" hai="14,17,21,38,42,47,128,131" m="17514,50731" machi="38" ten="30,1000,0" yaku="20,1" doraHai="63" who="2" fromWho="1" sc="254,0,128,-13,275,23,333,0" owari="254,-14.6,115,-38.5,298,9.8,333,43.3" /></mjloggm>