<mjloggm ver="2.3"><GO type="225" lobby="0"/><UN n0="%4B%2E%32%2E%4B%2E" n1="%E3%81%A9%E3%82%8F%E3%82%93%E3%81%94" n2="%6D%75%75%6D%75%72%61" n3="%E3%81%A0%E3%81%8A" dan="16,16,16,16" rate="2180.03,2055.82,2065.99,2038.44" sx="M,M,F,M"/><TAIKYOKU oya="0"/><INIT seed="0,0,0,3,2,93" ten="250,250,250,250" oya="0" hai0="76,100,70,121,62,11,74,22,25,120,48,69,32" hai1="14,17,28,31,135,124,45,105,49,57,73,42,33" hai2="104,16,128,23,84,1,72,111,86,19,55,134,85" hai3="51,30,96,87,114,117,68,122,12,44,15,83,81"/><T20/><D32/><U6/><E73/><V71/><F128/><W4/><G68/><T110/><D110/><U108/><E108/><V50/><F111/><W43/><G114/><T3/><D100/><U133/><E124/><V63/><F134/><N who="1" m="51209" /><E6/><V59/><F72/><W131/><G117/><T129/><D129/><U127/><E127/><V98/><F1/><W75/><G75/><T39/><D39/><U8/><E33/><V53/><F23/><W119/><G119/><T89/><D89/><U9/><E105/><V52/><F55/><W97/><G122/><T66/><D70/><U95/><E9/><V80/><F80/><N who="3" m="30795" /><G131/><T102/><D102/><U123/><E123/><V41/><F41/><W99/><G30/><N who="1" m="11306" /><E95/><V112/><F112/><W91/><G4/><T88/><D11/><U107/><E107/><V35/><F35/><W125/><G125/><T40/><D3/><U116/><E116/><V2/><F2/><W130/><G130/><T36/><D120/><U34/><E34/><V92/><F104/><W109/><G109/><T61/><D121/><U82/><E82/><AGARI ba="0,0" hai="12,15,43,44,51,82,87,91,96,97,99" m="30795" machi="82" ten="30,7700,0" yaku="8,1,52,3" doraHai="93" who="3" fromWho="1" sc="250,0,250,-77,250,0,250,77" /><INIT seed="1,0,0,0,3,86" ten="250,173,250,327" oya="1" hai0="72,16,52,87,40,120,65,7,41,75,60,47,35" hai1="12,109,58,45,44,22,88,108,68,83,106,19,79" hai2="80,57,118,90,69,8,13,114,102,37,9,50,62" hai3="29,55,123,0,48,10,126,85,63,131,99,38,128"/><U2/><E68/><V135/><F37/><W71/><G38/><T89/><D35/><U43/><E2/><V64/><F118/><W67/><G123/><T14/><D120/><U133/><E106/><V32/><F135/><W70/><G126/><T101/><D7/><U33/><E33/><V98/><F32/><W11/><G71/><T111/><D111/><N who="1" m="42571" /><E133/><V46/><F114/><W73/><G73/><T119/><D75/><N who="1" m="43519" /><E43/><V100/><F69/><W134/><G134/><T115/><D40/><U82/><E58/><V125/><F125/><W3/><G0/><T103/><D41/><U93/><E82/><V36/><F36/><W77/><G3/><T27/><D119/><U94/><E94/><N who="2" m="56663" /><F80/><W1/><G1/><T104/><D104/><U121/><E121/><V53/><F9/><W6/><G10/><T61/><D115/><U23/><E22/><V105/><F105/><W21/><G11/><T81/><D72/><U78/><E78/><V39/><F39/><W127/><G77/><T113/><D113/><U112/><E112/><V56/><F57/><W97/><G21/><T129/><D81/><U124/><E124/><V74/><F74/><W25/><G70/><T26/><D47/><U95/><E95/><V4/><AGARI ba="0,0" hai="4,8,13,46,50,53,56,62,64,100,102" m="56663" machi="4" ten="30,2000,0" yaku="8,1,52,1" doraHai="86" who="2" fromWho="2" sc="250,-5,173,-10,250,20,327,-5" /><INIT seed="2,0,0,2,2,68" ten="245,163,270,322" oya="2" hai0="123,125,14,88,9,58,35,113,73,33,134,37,111" hai1="74,82,130,17,97,42,90,86,5,76,63,25,59" hai2="48,43,99,55,77,65,19,67,54,31,49,41,114" hai3="57,115,0,10,126,133,87,62,70,98,1,2,78"/><V20/><F114/><W93/><G70/><T89/><D73/><U38/><E130/><V44/><F77/><W127/><G115/><T28/><D113/><U106/><E5/><V64/><F99/><W56/><G133/><T91/><D123/><U21/><E42/><V12/><REACH who="2" step="1"/><F31/><REACH who="2" ten="245,163,260,322" step="2"/><W102/><G98/><T128/><D28/><U69/><E69/><V51/><F51/><W11/><G78/><T53/><D128/><U131/><E131/><V110/><F110/><W18/><G126/><T109/><D125/><U122/><E122/><V83/><F83/><W52/><G127/><T4/><D134/><U80/><E97/><V132/><F132/><W30/><G30/><T24/><D37/><U60/><E106/><V104/><F104/><W39/><G39/><T94/><D94/><U36/><REACH who="1" step="1"/><E63/><REACH who="1" ten="245,153,260,322" step="2"/><V84/><F84/><W32/><G62/><N who="0" m="36175" /><D111/><U61/><E61/><V66/><N who="2" m="16384" /><DORA hai="107" /><V95/><F95/><W72/><G93/><T15/><D109/><U85/><E85/><V105/><F105/><W47/><G87/><T26/><D4/><U92/><E92/><V46/><AGARI ba="0,2" hai="12,19,20,41,43,44,46,48,49,54,55" m="16384" machi="46" ten="40,12000,1" yaku="1,1,0,1,9,1,8,1,53,0" doraHai="68,107" doraHaiUra="100,81" who="2" fromWho="2" sc="245,-40,153,-40,260,140,322,-40" /><INIT seed="2,1,0,1,2,110" ten="205,113,400,282" oya="2" hai0="118,46,9,128,42,43,91,58,34,28,107,1,67" hai1="23,18,6,22,13,35,53,74,111,33,15,77,68" hai2="60,7,113,20,37,126,0,66,45,119,90,100,50" hai3="106,49,55,41,121,88,10,27,76,116,123,99,12"/><V82/><F119/><W21/><G116/><T36/><D118/><U98/><E68/><V108/><F37/><W62/><G76/><T87/><D107/><U115/><E74/><V44/><F126/><W89/><G62/><T73/><D43/><U52/><E77/><V101/><F113/><W31/><G41/><T109/><D73/><U71/><E71/><V134/><F134/><W96/><G89/><T47/><D47/><U56/><E98/><V39/><F39/><W130/><G99/><T70/><D109/><U65/><E111/><V117/><F45/><W63/><G63/><T51/><D128/><U125/><E125/><V114/><F114/><W14/><G130/><T17/><D28/><U59/><E18/><V94/><F82/><W57/><G106/><T131/><D34/><U93/><E93/><V85/><F117/><W78/><G78/><T5/><D17/><U132/><E6/><V54/><F108/><W75/><G75/><T95/><D131/><U19/><E19/><V103/><F20/><W26/><G21/><T30/><D30/><U83/><E83/><V24/><F24/><W69/><G27/><T127/><D127/><U16/><E16/><V81/><F81/><W29/><G26/><T97/><D97/><U124/><E124/><V86/><F86/><W92/><G96/><T120/><D120/><U32/><E32/><V80/><F80/><W133/><G121/><T112/><D112/><U84/><E115/><V135/><F135/><W79/><G133/><T40/><D70/><U8/><E132/><V64/><F85/><W129/><G123/><RYUUKYOKU ba="1,0" sc="205,0,113,0,400,0,282,0" /><INIT seed="3,2,0,2,3,104" ten="205,113,400,282" oya="3" hai0="128,75,15,95,3,47,117,123,43,18,61,114,28" hai1="4,52,108,32,19,13,23,62,77,100,118,74,30" hai2="130,112,60,36,58,46,79,125,82,53,70,106,78" hai3="81,1,103,17,92,133,24,126,111,102,5,109,64"/><W63/><G126/><T51/><D117/><U34/><E118/><V101/><F112/><W38/><G38/><T54/><D123/><U11/><E108/><N who="3" m="41546" /><G133/><T90/><D3/><U86/><E100/><V105/><F130/><W68/><G92/><T26/><D75/><U59/><E86/><V7/><F106/><W113/><G113/><T16/><D128/><U48/><E48/><V22/><F36/><W129/><G129/><T12/><D114/><U71/><E71/><V89/><F105/><W99/><G81/><T96/><D12/><U67/><E67/><V8/><F82/><W50/><G50/><T39/><D15/><U56/><E56/><V20/><F125/><W2/><G99/><T69/><D69/><U27/><REACH who="1" step="1"/><E4/><REACH who="1" ten="205,103,400,282" step="2"/><V14/><F101/><W9/><G103/><T73/><D61/><U21/><E21/><V49/><F49/><W87/><G102/><T72/><D72/><U121/><E121/><V135/><F70/><W65/><G87/><T33/><D73/><U45/><E45/><AGARI ba="2,1" hai="16,18,26,28,33,39,43,45,47,51,54,90,95,96" machi="45" ten="30,2000,0" yaku="7,1,54,1" doraHai="104" who="0" fromWho="1" sc="205,36,103,-26,400,0,282,0" owari="241,-15.9,77,-42.3,400,50.0,282,8.2" /></mjloggm>