<mjloggm ver="2.3"><GO type="225" lobby="0"/><UN n0="%E3%81%8B%E3%82%8F%E3%81%A1%E3%82%83%E3%82%93%35%38" n1="%4C%4F%4C%49%54%41" n2="%66%67%67%68%68%64%66" n3="%E3%83%97%E3%83%AC%E3%83%B4%E3%82%A1%E3%83%86%E3%82%A3" dan="16,16,16,16" rate="2174.81,2151.43,2068.67,2060.99" sx="M,F,M,F"/><TAIKYOKU oya="0"/><INIT seed="0,0,0,0,5,129" ten="250,250,250,250" oya="0" hai0="79,53,6,44,37,30,123,98,19,28,25,105,10" hai1="67,65,45,55,56,8,58,41,122,33,59,87,92" hai2="104,102,114,64,134,0,61,22,90,50,39,93,60" hai3="47,34,72,100,42,97,107,86,85,80,99,35,40"/><T116/><D116/><U18/><E33/><V113/><F0/><W119/><G119/><T5/><D123/><U63/><E122/><V125/><F39/><W95/><G72/><T43/><D5/><U133/><E133/><V27/><F125/><W109/><G109/><T68/><D53/><U83/><E92/><V131/><F131/><W4/><G4/><T89/><D68/><U7/><E18/><V117/><F117/><W38/><G42/><T31/><D79/><U16/><E55/><V120/><F120/><W23/><G23/><T82/><D105/><U76/><E16/><V51/><F102/><W21/><G21/><T74/><D98/><U24/><E24/><V26/><F104/><W1/><G1/><T36/><D36/><U20/><E20/><V46/><F134/><W57/><G57/><T108/><D108/><U84/><E84/><V66/><F93/><W2/><G2/><N who="0" m="343" /><D19/><U78/><E76/><V88/><F22/><W75/><G86/><N who="0" m="50391" /><D74/><U73/><E73/><V110/><REACH who="2" step="1"/><F46/><REACH who="2" ten="250,250,240,250" step="2"/><W130/><G130/><T12/><D12/><N who="1" m="5151" /><E63/><V17/><F17/><W127/><G127/><T3/><D3/><U121/><E121/><V101/><F101/><W11/><G11/><T91/><D25/><U70/><E45/><V94/><F94/><W81/><G80/><T128/><D128/><U132/><E132/><V9/><F9/><W126/><G126/><T115/><D115/><U118/><E118/><V13/><F13/><W71/><G107/><T14/><D14/><U69/><E41/><V32/><F32/><N who="3" m="12331" /><G95/><T135/><D135/><U111/><E111/><AGARI ba="0,1" hai="26,27,50,51,60,61,64,66,88,90,110,111,113,114" machi="111" ten="25,8000,1" yaku="1,1,6,1,22,2,54,1,53,0" doraHai="129" doraHaiUra="106" who="2" fromWho="1" sc="250,0,250,-80,240,90,250,0" /><INIT seed="1,0,0,5,2,130" ten="250,170,330,250" oya="1" hai0="34,22,119,53,25,124,110,128,81,43,18,58,6" hai1="95,12,66,78,44,4,14,20,105,60,51,96,21" hai2="109,117,10,131,27,48,16,135,84,69,37,63,90" hai3="75,112,35,89,24,107,116,54,115,52,40,28,104"/><U57/><E105/><V129/><F117/><W118/><G75/><T77/><D119/><N who="3" m="45609" /><G40/><T133/><D128/><N who="2" m="49226" /><F37/><W64/><G64/><T2/><D43/><U33/><E33/><V45/><F135/><W67/><G67/><T42/><D42/><U29/><E78/><V8/><F109/><W47/><G89/><T15/><D110/><U97/><E97/><V1/><F1/><W111/><G111/><T108/><D108/><U41/><E4/><V93/><F63/><W23/><G35/><T92/><D34/><U70/><E70/><V125/><F125/><W65/><G65/><T62/><D2/><U102/><REACH who="1" step="1"/><E20/><REACH who="1" ten="250,160,330,250" step="2"/><N who="2" m="13703" /><F69/><W122/><G107/><T74/><D124/><U134/><E134/><V127/><F127/><W30/><G104/><T99/><D133/><U86/><E86/><V7/><F7/><W126/><G126/><T49/><D6/><U5/><E5/><V71/><F71/><W56/><G122/><T91/><REACH who="0" step="1"/><D15/><REACH who="0" ten="240,160,330,250" step="2"/><U50/><E50/><AGARI ba="0,2" hai="18,22,25,49,50,53,58,62,74,77,81,91,92,99" machi="50" ten="40,8000,1" yaku="1,1,2,1,25,2,53,0" doraHai="130" doraHaiUra="36" who="0" fromWho="1" sc="240,100,160,-80,330,0,250,0" /><INIT seed="2,0,0,1,5,125" ten="340,80,330,250" oya="2" hai0="82,134,7,21,113,18,96,42,99,97,85,0,110" hai1="46,79,112,12,121,68,102,27,3,59,107,54,39" hai2="25,48,80,131,92,1,126,24,114,70,6,26,111" hai3="13,58,23,33,75,100,104,122,94,49,76,135,47"/><V56/><F114/><W87/><G122/><T19/><D113/><U22/><E112/><V74/><F70/><W57/><G135/><T133/><D110/><U103/><E3/><V93/><F126/><W98/><G33/><T105/><D105/><U71/><E121/><V60/><F111/><W81/><G23/><T31/><D42/><U130/><E79/><V17/><F1/><W53/><REACH who="3" step="1"/><G13/><REACH who="3" ten="340,80,330,240" step="2"/><T51/><D21/><U44/><E12/><V40/><F25/><W41/><G41/><T50/><D0/><U119/><E119/><V29/><F26/><W35/><G35/><T37/><D134/><U84/><E130/><V132/><F24/><W106/><G106/><T62/><D133/><U73/><E107/><V66/><F40/><W109/><G109/><T4/><D31/><U67/><E22/><V118/><F29/><W83/><G83/><T117/><D82/><U124/><E124/><V65/><F80/><W16/><G16/><T43/><D19/><U11/><E27/><V128/><F17/><W127/><G127/><T101/><D18/><U2/><E2/><V32/><F32/><W28/><G28/><T78/><D117/><U20/><E20/><V72/><F132/><W45/><G45/><N who="0" m="23791" /><D4/><U34/><E34/><V95/><F6/><W52/><G52/><T64/><D7/><U129/><E129/><N who="2" m="49739" /><F118/><W90/><AGARI ba="0,1" hai="47,49,53,57,58,75,76,81,87,90,94,98,100,104" machi="90" ten="30,7900,0" yaku="1,1,0,1,24,2,53,0" doraHai="125" doraHaiUra="5" who="3" fromWho="3" sc="340,-20,80,-20,330,-39,240,89" /><INIT seed="3,0,0,3,2,21" ten="320,60,291,329" oya="3" hai0="77,114,113,87,4,97,125,118,30,41,59,19,76" hai1="0,6,117,83,49,120,31,5,109,100,3,133,54" hai2="51,95,131,98,91,57,110,26,80,56,108,7,46" hai3="132,64,43,24,38,52,124,103,130,74,11,79,85"/><W28/><G74/><T1/><D118/><U55/><E117/><V50/><F131/><W60/><G124/><T106/><D125/><U82/><E49/><V48/><F7/><W8/><G130/><T101/><D30/><U2/><E31/><V35/><F46/><W36/><G103/><T127/><D127/><U20/><E20/><V94/><F80/><W86/><G132/><T39/><D19/><U104/><E100/><V12/><F12/><W45/><G38/><T68/><D68/><U134/><E104/><V67/><F67/><W75/><G52/><T44/><D59/><U18/><E18/><V65/><F65/><W99/><G99/><T9/><REACH who="0" step="1"/><D87/><REACH who="0" ten="310,60,291,329" step="2"/><U135/><E109/><N who="2" m="42091" /><F95/><W126/><G126/><T89/><D89/><U96/><E120/><V93/><F94/><W72/><G75/><T128/><D128/><U88/><E88/><V107/><F107/><W111/><G111/><T90/><D90/><U116/><E116/><V92/><F92/><W14/><G72/><T42/><D42/><U63/><E96/><V105/><F105/><W66/><G85/><T15/><D15/><U34/><E34/><V62/><F62/><W61/><G86/><T129/><D129/><U17/><E17/><V29/><AGARI ba="0,1" hai="26,29,35,48,50,51,56,57,91,93,98" m="42091" machi="29" ten="40,2700,0" yaku="14,1,52,1" doraHai="21" who="2" fromWho="2" sc="310,-7,60,-7,291,37,329,-13" owari="303,-9.7,53,-44.7,328,42.8,316,11.6" /></mjloggm>