<mjloggm ver="2.3"><GO type="225" lobby="0"/><UN n0="%E8%A8%88%E7%AE%97%E6%A9%9F%E8%87%AA%E7%84%B6" n1="%E3%81%AF%E3%82%88%E3%81%8A%E3%81%98%E3%81%95%E3%82%93" n2="%6D%75%75%6D%75%72%61" n3="%72%69%6F%75%63%68%61%6E" dan="17,16,17,17" rate="2203.02,2132.86,2178.88,2259.76" sx="M,M,F,M"/><TAIKYOKU oya="0"/><INIT seed="0,0,0,4,1,0" ten="250,250,250,250" oya="0" hai0="15,43,132,98,93,118,24,53,29,80,32,55,113" hai1="131,127,83,18,9,50,70,20,42,12,59,124,16" hai2="101,27,78,130,57,76,44,7,11,120,64,22,8" hai3="62,34,48,119,116,65,109,129,134,85,25,91,6"/><T77/><D113/><U46/><E70/><V66/><F120/><W79/><G109/><T17/><D132/><U39/><E131/><V2/><F130/><W63/><G129/><T23/><D43/><U33/><E33/><V54/><F44/><W92/><G134/><T72/><REACH who="0" step="1"/><D118/><REACH who="0" ten="240,250,250,250" step="2"/><U73/><E124/><V75/><F66/><W40/><G119/><T49/><D49/><U106/><E127/><V100/><F64/><W19/><G116/><T35/><D35/><U71/><E39/><V58/><F54/><W52/><G65/><T3/><D3/><U84/><E71/><V89/><F2/><W38/><G34/><T107/><D107/><U86/><E106/><V97/><F100/><AGARI ba="0,1" hai="15,17,23,24,29,32,53,55,72,77,80,93,98,100" machi="100" ten="30,5800,0" yaku="1,1,7,1,53,1" doraHai="0" doraHaiUra="90" who="0" fromWho="2" sc="240,68,250,0,250,-58,250,0" /><INIT seed="0,1,0,1,3,1" ten="308,250,192,250" oya="0" hai0="45,94,110,57,88,92,33,98,114,2,118,64,39" hai1="111,27,56,18,63,65,100,70,44,50,29,120,72" hai2="42,84,49,51,90,97,61,112,134,113,91,9,66" hai3="17,40,34,53,37,123,129,103,132,101,127,20,119"/><T74/><D114/><U24/><E120/><V62/><F134/><W54/><G119/><T59/><D118/><U133/><E72/><V106/><F106/><W124/><G129/><T55/><D33/><U122/><E122/><V83/><F112/><W75/><G132/><T108/><D74/><U87/><E133/><V79/><F113/><W135/><G135/><T85/><D2/><U30/><E111/><N who="0" m="42537" /><D64/><U77/><E100/><N who="3" m="38474" /><G34/><T21/><D21/><N who="1" m="13367" /><E70/><V128/><F128/><W69/><G69/><T117/><D117/><U38/><E38/><V68/><F97/><W48/><G37/><T41/><D55/><N who="1" m="30151" /><E27/><V28/><F68/><W58/><G75/><T131/><D131/><U80/><AGARI ba="1,0" hai="29,30,56,63,65,77,80,87" m="30151,13367" machi="80" ten="30,1100,0" yaku="8,1" doraHai="1" who="1" fromWho="1" sc="308,-6,250,14,192,-4,250,-4" /><INIT seed="1,0,0,5,1,34" ten="302,264,188,246" oya="1" hai0="87,123,120,29,24,53,0,109,8,95,96,7,31" hai1="39,23,47,58,13,114,42,26,111,106,6,16,15" hai2="51,71,56,115,129,33,117,100,48,99,35,130,113" hai3="78,86,134,108,81,63,28,73,62,70,132,127,92"/><U85/><E114/><N who="2" m="43531" /><F71/><W45/><G108/><T98/><D109/><U83/><E111/><V93/><F117/><W68/><G127/><T36/><D36/><U90/><E106/><V119/><F119/><W110/><G110/><T1/><D53/><U50/><E39/><V135/><F135/><N who="3" m="51755" /><G28/><T54/><D54/><U32/><E32/><N who="2" m="12363" /><F56/><W41/><G92/><T77/><D1/><U14/><REACH who="1" step="1"/><E58/><REACH who="1" ten="302,254,188,246" step="2"/><V125/><F125/><W44/><G68/><T94/><D123/><U67/><E67/><V118/><F118/><W64/><G62/><T19/><D120/><U104/><E104/><V12/><F12/><W74/><G44/><T21/><D24/><U76/><E76/><V65/><F65/><W5/><G5/><AGARI ba="0,1" hai="5,6,13,14,15,16,23,26,42,47,50,83,85,90" machi="5" ten="40,7700,0" yaku="1,1,8,1,54,1,53,0" doraHai="34" doraHaiUra="88" who="1" fromWho="3" sc="302,0,254,87,188,0,246,-77" /><INIT seed="1,1,0,4,0,30" ten="302,341,188,169" oya="1" hai0="110,5,64,46,38,44,93,130,105,18,4,126,17" hai1="83,91,7,76,87,99,70,81,21,67,78,100,96" hai2="97,71,107,120,24,90,36,47,98,59,12,108,34" hai3="2,27,73,63,113,68,118,66,23,82,45,37,22"/><U3/><E3/><V69/><F120/><W122/><G122/><T104/><D64/><U84/><E7/><V135/><F108/><W32/><G113/><T8/><D93/><N who="1" m="56383" /><E21/><V131/><F131/><W121/><G121/><T129/><D110/><U88/><E67/><V11/><F135/><W54/><G118/><T10/><REACH who="0" step="1"/><D38/><REACH who="0" ten="292,341,188,169" step="2"/><U43/><E70/><V74/><F71/><W9/><G37/><T55/><D55/><U80/><E43/><V94/><F69/><W48/><G73/><T79/><D79/><N who="1" m="46111" /><E81/><V89/><F74/><W117/><G82/><T35/><D35/><U61/><E61/><V75/><F75/><W127/><G117/><T49/><D49/><U20/><E20/><V42/><F34/><W13/><G32/><T29/><D29/><U112/><E112/><V85/><F36/><W86/><G22/><T31/><D31/><U133/><E133/><V28/><F28/><W102/><G23/><T62/><D62/><U128/><E128/><V116/><F116/><W1/><G27/><T57/><D57/><U124/><E124/><AGARI ba="1,1" hai="4,5,8,10,17,18,44,46,104,105,124,126,129,130" machi="124" ten="25,3200,0" yaku="1,1,22,2,53,0" doraHai="30" doraHaiUra="109" who="0" fromWho="1" sc="292,45,341,-35,188,0,169,0" /><INIT seed="2,0,0,0,4,14" ten="337,306,188,169" oya="2" hai0="124,121,41,111,68,4,6,27,94,48,28,15,101" hai1="69,112,98,105,134,67,122,118,65,64,60,116,34" hai2="83,113,47,81,16,39,8,76,22,55,66,85,87" hai3="40,37,33,31,53,1,115,46,11,127,56,17,93"/><V63/><F113/><W9/><G127/><T96/><D121/><U99/><E34/><V132/><F132/><W117/><G117/><T24/><D68/><U61/><E105/><V86/><F8/><W114/><G93/><T78/><D124/><U13/><E13/><V35/><F35/><W80/><G80/><T38/><D38/><U88/><E99/><V26/><F83/><W71/><G71/><T3/><D3/><U42/><E98/><V54/><F39/><W18/><G9/><T23/><D111/><U72/><E72/><V129/><F129/><W57/><G57/><T58/><D78/><U125/><E125/><V20/><F20/><W12/><G1/><T29/><D15/><U109/><E88/><V90/><F47/><W59/><G18/><N who="0" m="12407" /><D27/><U95/><E112/><N who="3" m="43050" /><G53/><N who="0" m="32039" /><D41/><U62/><E42/><V70/><REACH who="2" step="1"/><F90/><REACH who="2" ten="337,306,178,169" step="2"/><W119/><G119/><T91/><D91/><U92/><E134/><V75/><AGARI ba="0,1" hai="16,22,26,54,55,63,66,70,75,76,81,85,86,87" machi="75" ten="30,12000,1" yaku="1,1,2,1,0,1,52,1,54,1,53,0" doraHai="14" doraHaiUra="10" who="2" fromWho="2" sc="337,-40,306,-40,178,130,169,-40" /><INIT seed="2,1,0,0,2,19" ten="297,266,308,129" oya="2" hai0="55,35,71,8,72,63,82,6,81,42,130,26,103" hai1="3,1,120,21,59,30,2,95,100,62,124,36,134" hai2="132,115,118,80,90,84,91,45,50,102,131,65,37" hai3="20,54,74,7,16,33,57,108,128,119,41,75,112"/><V10/><F115/><W39/><G119/><T34/><D103/><U13/><E36/><V94/><F118/><W56/><G33/><T58/><D130/><U104/><E104/><V23/><F131/><W15/><G128/><T61/><D42/><U47/><E47/><V0/><F37/><W38/><G112/><T101/><D101/><U17/><E124/><V46/><F102/><W67/><G108/><T121/><D121/><U126/><E126/><V83/><F65/><W123/><G123/><T22/><D71/><U76/><E120/><V49/><F132/><W14/><G67/><T18/><D63/><U99/><E134/><V40/><F0/><W66/><G66/><T79/><REACH who="0" step="1"/><D81/><REACH who="0" ten="287,266,308,129" step="2"/><U89/><E100/><V109/><F83/><W73/><G41/><T28/><D28/><U60/><E62/><V25/><F109/><W114/><G114/><T53/><D53/><U9/><E30/><V77/><F40/><W93/><G93/><T133/><D133/><U105/><E105/><V92/><F92/><W113/><G113/><T96/><D96/><U32/><E60/><V24/><F94/><W127/><G127/><T12/><AGARI ba="1,1" hai="6,8,12,18,22,26,34,35,55,58,61,72,79,82" machi="12" ten="20,8000,1" yaku="1,1,0,1,7,1,52,1,53,1" doraHai="19" doraHaiUra="52" who="0" fromWho="0" sc="287,93,266,-21,308,-41,129,-21" /><INIT seed="3,0,0,5,4,21" ten="380,245,267,108" oya="3" hai0="48,33,30,46,85,87,55,92,41,98,31,66,13" hai1="58,51,75,6,72,35,74,132,54,22,38,42,4" hai2="93,115,40,109,60,90,78,120,81,68,39,45,20" hai3="36,117,53,100,82,10,83,129,0,25,19,112,123"/><W113/><G129/><T5/><D66/><U24/><E35/><V133/><F115/><W95/><G117/><T108/><D108/><U23/><E132/><V79/><F109/><W18/><G123/><T110/><D33/><U131/><E131/><V125/><F133/><W69/><G69/><T3/><D3/><U14/><E38/><V34/><F125/><W99/><G36/><T111/><D55/><U122/><E122/><V106/><F34/><W52/><G113/><T128/><D85/><U15/><E42/><V44/><F106/><W107/><G112/><T114/><D87/><U32/><E32/><V12/><F44/><W127/><G127/><T94/><D92/><U1/><E1/><V88/><F120/><W91/><G0/><T130/><D114/><U101/><E101/><V80/><F60/><W71/><G71/><T47/><D46/><U104/><E104/><V121/><F121/><W67/><G67/><T50/><D48/><U57/><E58/><V86/><F68/><W134/><G134/><T29/><D111/><U61/><E51/><V28/><F93/><W89/><G10/><N who="0" m="4303" /><D110/><U59/><E57/><V77/><F39/><W17/><G25/><T26/><D26/><U84/><E84/><N who="2" m="48143" /><F12/><N who="1" m="4649" /><E24/><N who="2" m="16391" /><F78/><W76/><G83/><T70/><D70/><U56/><E59/><V9/><F9/><W16/><N who="3" m="4096" /><DORA hai="97" /><W2/><G2/><T49/><D49/><U119/><E119/><V63/><F63/><W118/><G118/><T11/><D11/><U43/><E43/><V102/><F102/><W116/><G116/><T103/><D130/><U37/><E37/><RYUUKYOKU ba="0,0" sc="380,10,245,10,267,10,108,-30" hai0="29,30,31,41,47,50,94,98,103,128" hai1="4,6,22,23,54,56,61,72,74,75" hai2="40,45,79,81,86,88,90" owari="390,49.0,255,-14.5,277,7.7,78,-42.2" /></mjloggm>