<mjloggm ver="2.3"><GO type="225" lobby="0"/><UN n0="%E3%83%AA%E3%83%84%E3%83%9F%E3%82%B5%E3%83%B3" n1="%E3%83%B4%E3%83%A0%EF%BC%99%E3%81%A6" n2="%E3%83%8F%E3%83%B3%E3%83%89%E3%83%A9%E3%83%BC%E3%83%BB%E3%83%AF%E3%83%B3" n3="%E4%BF%BA%E3%81%A8%E5%A6%96%E5%A4%A2" dan="18,16,17,17" rate="2161.87,2127.01,2240.29,2200.06" sx="M,M,M,F"/><TAIKYOKU oya="0"/><INIT seed="0,0,0,2,0,102" ten="250,250,250,250" oya="0" hai0="92,109,5,84,119,116,59,64,7,55,120,14,46" hai1="33,93,89,26,60,50,43,104,21,110,8,75,62" hai2="19,51,29,71,101,44,74,96,70,49,61,3,40" hai3="108,130,22,34,86,105,67,95,115,113,11,121,85"/><T28/><D120/><U66/><E75/><V73/><F3/><W27/><G121/><T111/><D28/><U112/><E110/><N who="0" m="41993" /><D64/><U32/><E112/><V41/><F19/><W106/><G108/><T10/><D46/><U123/><E123/><V4/><F4/><W37/><G67/><T56/><D5/><U16/><E8/><V107/><F29/><W90/><G34/><T36/><D36/><U9/><E9/><V94/><F94/><W88/><G37/><T87/><D59/><U39/><E39/><V103/><F44/><W35/><G35/><T18/><D7/><U129/><E66/><V17/><F17/><W134/><G11/><T20/><D10/><U12/><E32/><V47/><F47/><W82/><G130/><T126/><D126/><U80/><E129/><V83/><F70/><W48/><G48/><N who="0" m="30823" /><D87/><U91/><E50/><V38/><F51/><W42/><G42/><T128/><D128/><U81/><E43/><V25/><F49/><W31/><REACH who="3" step="1"/><G134/><REACH who="3" ten="250,250,250,240" step="2"/><T53/><D53/><U118/><E33/><V132/><F40/><W63/><G63/><T122/><D122/><U99/><E60/><V69/><F132/><W125/><G125/><T57/><D57/><U98/><E62/><V72/><F61/><W2/><G2/><T135/><D135/><U79/><E21/><V133/><F133/><W124/><G124/><T97/><D84/><U117/><E117/><V114/><F41/><W23/><G23/><T100/><AGARI ba="0,1" hai="14,18,20,92,97,100,116,119" m="30823,41993" machi="100" ten="30,3000,0" yaku="14,1,10,1" doraHai="102" who="0" fromWho="0" sc="250,40,250,-10,250,-10,240,-10" /><INIT seed="0,1,0,3,3,129" ten="290,240,240,230" oya="0" hai0="22,67,27,79,68,59,91,45,77,8,110,92,74" hai1="35,61,90,5,78,83,41,65,29,7,32,64,87" hai2="60,71,30,18,25,69,116,94,19,1,46,39,84" hai3="40,17,14,47,0,126,101,49,26,105,103,102,42"/><T130/><D68/><U124/><E124/><V2/><F116/><W52/><G0/><T11/><D130/><U16/><E41/><V133/><F39/><W20/><G126/><T112/><D112/><U23/><E29/><V73/><F73/><W135/><G105/><T37/><D37/><U117/><E117/><V113/><F46/><W85/><G135/><T57/><D45/><U123/><E123/><V131/><F131/><W51/><G51/><T63/><D59/><U98/><E64/><V9/><F113/><W97/><G97/><T38/><D110/><U115/><E115/><V96/><F84/><W109/><G109/><T28/><D38/><U12/><E32/><V88/><F133/><W122/><G122/><T56/><D56/><U119/><E35/><V34/><F71/><W4/><REACH who="3" step="1"/><G85/><REACH who="3" ten="290,240,240,220" step="2"/><N who="0" m="52335" /><D74/><U33/><E119/><V128/><F128/><W53/><G53/><T82/><D82/><U95/><REACH who="1" step="1"/><E33/><REACH who="1" ten="290,230,240,220" step="2"/><V80/><F34/><W89/><G89/><T121/><D121/><U75/><E75/><V58/><F88/><W76/><G76/><AGARI ba="1,2" hai="8,11,22,27,28,57,63,67,76,77,79" m="52335" machi="76" ten="30,1500,0" yaku="8,1" doraHai="129" who="0" fromWho="3" sc="290,38,230,0,240,0,220,-18" /><INIT seed="0,2,0,2,4,107" ten="328,230,240,202" oya="0" hai0="124,99,47,54,5,88,105,130,129,58,11,100,72" hai1="29,134,71,65,102,10,120,108,96,75,91,8,80" hai2="16,133,125,3,32,110,17,97,131,132,13,4,127" hai3="66,33,77,98,86,24,43,123,39,69,128,135,12"/><T95/><D47/><U38/><E120/><V56/><F32/><W50/><G39/><T48/><D124/><N who="2" m="47690" /><F3/><W27/><G123/><T57/><D57/><U14/><E38/><V84/><F110/><W78/><G135/><N who="2" m="51785" /><F131/><W9/><G128/><T40/><D72/><U53/><E134/><V116/><F116/><W67/><G69/><T20/><D20/><U42/><E42/><V103/><F84/><W90/><G98/><T93/><D40/><U22/><E53/><V34/><F34/><W64/><G50/><T52/><D54/><U82/><E108/><V104/><F56/><W109/><G43/><T76/><D76/><N who="3" m="29289" /><G33/><T60/><D48/><U30/><E71/><V115/><F115/><W126/><G109/><T49/><D49/><U63/><E29/><V94/><F104/><W44/><G44/><T85/><REACH who="0" step="1"/><D105/><REACH who="0" ten="318,230,240,202" step="2"/><U79/><E79/><V41/><F41/><W28/><G126/><T18/><D18/><U1/><E30/><V121/><F121/><W89/><G28/><T111/><D111/><U122/><E122/><V119/><F119/><W6/><G90/><T19/><D19/><U7/><E91/><V55/><F55/><W101/><G101/><T83/><D83/><AGARI ba="2,1" hai="6,9,12,24,27,64,66,67,83,86,89" m="29289" machi="83" ten="30,1000,0" yaku="8,1" doraHai="107" who="3" fromWho="0" sc="318,-16,230,0,240,0,202,26" /><INIT seed="1,0,0,5,3,37" ten="302,230,240,228" oya="1" hai0="102,90,25,20,121,112,4,129,126,64,88,78,119" hai1="12,97,21,57,96,32,87,131,42,134,14,19,124" hai2="5,0,7,55,84,50,54,48,98,29,47,115,53" hai3="86,66,44,117,28,30,125,89,120,72,135,34,123"/><U114/><E114/><V73/><F73/><W36/><G72/><T51/><D112/><U80/><E32/><V11/><F115/><W94/><G135/><T101/><D119/><U13/><E134/><V18/><F29/><W56/><G117/><T69/><D4/><U3/><E3/><V91/><F98/><W76/><G125/><T60/><D78/><U59/><E124/><V1/><F18/><W46/><G76/><T45/><D129/><U81/><E131/><V63/><F63/><W99/><G34/><T105/><D121/><U65/><E42/><V111/><F111/><W35/><G35/><T17/><D126/><U77/><E80/><V103/><F103/><W79/><G36/><T9/><D9/><U108/><E108/><V85/><F54/><W39/><G39/><T132/><D132/><U68/><E68/><V58/><F91/><W41/><G120/><T38/><D38/><U15/><REACH who="1" step="1"/><E57/><REACH who="1" ten="302,220,240,228" step="2"/><V106/><F106/><W2/><G2/><T82/><D82/><U24/><E24/><V75/><F75/><W93/><G41/><T23/><D105/><U104/><E104/><V92/><F92/><W26/><G123/><T6/><D25/><U130/><E130/><V10/><AGARI ba="0,1" hai="0,1,5,7,10,11,47,48,50,53,55,58,84,85" machi="10" ten="30,2000,0" yaku="0,1,9,1" doraHai="37" who="2" fromWho="2" sc="302,-5,220,-10,240,30,228,-5" /><INIT seed="2,0,0,4,1,34" ten="297,210,270,223" oya="2" hai0="76,107,67,38,21,22,16,103,85,89,57,30,95" hai1="58,17,98,24,20,119,130,91,42,132,15,69,10" hai2="36,123,25,35,9,109,13,33,37,100,2,32,134" hai3="115,108,127,112,90,68,126,50,45,75,23,116,114"/><V97/><F123/><W47/><G75/><T48/><D38/><U110/><E69/><V14/><F134/><W66/><G116/><T8/><D107/><U82/><E119/><V79/><F79/><W5/><G5/><T29/><D103/><U133/><E110/><V63/><F109/><W39/><G23/><N who="0" m="8715" /><D76/><U59/><E130/><V1/><F25/><W18/><G18/><T81/><D95/><N who="1" m="56703" /><E42/><V78/><F78/><W80/><G108/><T102/><D102/><U70/><E70/><V43/><F63/><N who="3" m="40031" /><G90/><T49/><D67/><U4/><E82/><V46/><F36/><W41/><G80/><T7/><D7/><U111/><E111/><V61/><F61/><W135/><G135/><AGARI ba="0,0" hai="4,10,15,17,20,24,58,59,132,133,135" m="56703" machi="135" ten="30,1000,0" yaku="20,1" doraHai="34" who="1" fromWho="3" sc="297,0,210,10,270,0,223,-10" /><INIT seed="3,0,0,3,0,37" ten="297,220,270,213" oya="3" hai0="121,89,4,49,67,86,85,30,18,16,113,102,19" hai1="77,101,43,22,74,131,45,1,69,9,118,35,128" hai2="120,132,32,79,91,60,42,119,0,40,94,39,28" hai3="134,14,87,125,116,15,96,70,75,7,20,26,50"/><W135/><G75/><T100/><D121/><U47/><E47/><V90/><F119/><W27/><G116/><T58/><D113/><U34/><E118/><V2/><F39/><W55/><G70/><T93/><D30/><U84/><E84/><V112/><F112/><W130/><G125/><T133/><D133/><N who="3" m="50697" /><G130/><N who="1" m="49706" /><E22/><V122/><F132/><W108/><G108/><T12/><D86/><U107/><E69/><V51/><F79/><W11/><G96/><T56/><D67/><U24/><E24/><N who="3" m="9258" /><G87/><T57/><D49/><N who="1" m="26815" /><E101/><N who="0" m="39017" /><D4/><N who="1" m="1167" /><E107/><V3/><F122/><W115/><G115/><T33/><D33/><U44/><E44/><V46/><F120/><W95/><G95/><T21/><AGARI ba="0,0" hai="12,16,18,19,21,56,57,58,85,89,93" m="39017" machi="21" ten="30,2000,0" yaku="8,1,54,1" doraHai="37" who="0" fromWho="0" sc="297,20,220,-5,270,-5,213,-10" owari="317,41.7,215,-18.5,265,6.5,203,-29.7" /></mjloggm>