<mjloggm ver="2.3"><GO type="225" lobby="0"/><UN n0="%E9%BB%92%E9%89%84%E7%8F%A0%E9%9B%AB" n1="%E3%83%AD%E3%83%83%E3%83%86%E9%9B%80%E7%90%83" n2="%E7%B4%94%E6%BD%94%E3%83%94%E3%83%A9%E3%83%8B%E3%82%A2" n3="%E3%81%AF%E3%82%88%E3%81%8A%E3%81%98%E3%81%95%E3%82%93" dan="16,17,16,16" rate="2167.96,2257.79,2061.92,2183.69" sx="M,M,M,M"/><TAIKYOKU oya="0"/><INIT seed="0,0,0,5,4,84" ten="250,250,250,250" oya="0" hai0="22,95,92,1,108,127,85,30,119,13,134,74,7" hai1="97,53,46,125,123,9,105,5,0,109,78,75,12" hai2="99,6,24,16,40,28,32,89,57,64,128,41,103" hai3="100,102,8,54,124,93,111,21,107,37,34,120,68"/><T115/><D115/><U63/><E123/><V20/><F128/><W38/><G34/><T51/><D119/><U33/><E109/><V50/><F6/><W118/><G118/><T88/><D74/><U131/><E125/><V43/><F64/><W3/><G68/><T10/><D127/><U2/><E33/><V17/><F32/><W11/><G124/><T36/><D36/><U94/><E105/><V70/><F70/><W96/><G111/><T44/><D134/><U69/><E131/><V56/><F103/><W45/><G120/><T101/><D108/><U61/><E78/><V83/><F83/><W18/><G102/><T98/><D30/><U52/><E75/><V58/><F50/><W116/><G107/><T15/><REACH who="0" step="1"/><D22/><REACH who="0" ten="240,250,250,250" step="2"/><U82/><E0/><V132/><F132/><W106/><G116/><T4/><D4/><U42/><E2/><V81/><F81/><W129/><G129/><T122/><D122/><U31/><E82/><V29/><F28/><W133/><G133/><T72/><D72/><U25/><E31/><V76/><F76/><W59/><G3/><T35/><D35/><U71/><E5/><V26/><F26/><W135/><G37/><T130/><D130/><U27/><E25/><V48/><F48/><N who="3" m="31175" /><G135/><T126/><D126/><U60/><E27/><V77/><F77/><W47/><G38/><T73/><D73/><U113/><E113/><V104/><F104/><W39/><G106/><T117/><D117/><U55/><E71/><V110/><F110/><W66/><G39/><T65/><D65/><U80/><E69/><V19/><F29/><RYUUKYOKU ba="0,1" sc="240,15,250,-15,250,15,250,-15" hai0="1,7,10,13,15,44,51,85,88,92,95,98,101" hai2="16,17,19,20,24,40,41,43,56,57,58,89,99" /><INIT seed="0,1,1,4,0,101" ten="255,235,265,235" oya="0" hai0="76,8,53,30,21,75,17,117,35,47,132,54,23" hai1="15,38,125,64,105,96,130,67,27,89,100,115,36" hai2="12,92,0,120,46,14,99,56,79,114,131,59,74" hai3="112,72,50,129,5,126,83,111,65,97,123,58,40"/><T28/><D117/><U52/><E125/><V63/><F0/><W10/><G112/><T29/><D35/><U48/><E130/><V127/><F114/><W68/><G129/><T31/><D75/><U42/><E115/><V106/><F120/><W119/><G119/><T102/><D76/><U33/><E15/><V32/><F32/><W113/><G113/><T3/><D102/><U77/><E77/><V70/><F70/><W49/><G68/><T128/><D47/><U66/><E42/><V1/><F1/><W121/><G126/><T80/><D80/><U13/><E13/><V98/><F46/><W25/><G111/><T62/><D128/><U122/><E122/><V45/><F45/><W103/><G25/><N who="0" m="16431" /><D62/><U104/><E104/><V19/><F63/><N who="3" m="38135" /><G40/><T60/><D60/><U37/><E89/><V107/><F79/><N who="3" m="44519" /><G50/><T24/><D54/><U39/><N who="1" m="9216" /><DORA hai="118" /><U11/><E11/><V84/><F74/><W51/><G49/><T34/><D53/><U43/><E43/><V90/><F131/><W135/><G51/><T108/><D108/><U88/><E88/><V22/><F127/><W93/><G135/><T57/><D57/><U18/><E33/><V124/><F124/><W81/><G81/><T6/><D132/><U55/><REACH who="1" step="1"/><E48/><REACH who="1" ten="255,225,265,235" step="2"/><V116/><F116/><W4/><G10/><T16/><D34/><U95/><E95/><V61/><F61/><W109/><G109/><T134/><D134/><U69/><E69/><V44/><F44/><W2/><G2/><T94/><D94/><U73/><E73/><V110/><F110/><W9/><G9/><RYUUKYOKU ba="1,2" sc="255,10,225,10,265,-30,235,10" hai0="3,6,8,16,17,23,24,29,30,31" hai1="18,27,52,55,64,66,67,96,100,105" hai3="4,5,93,97,103,121,123" /><INIT seed="0,2,2,0,4,93" ten="265,235,235,245" oya="0" hai0="52,83,75,10,15,60,3,11,107,23,135,56,65" hai1="111,66,131,74,32,92,39,58,89,71,127,99,44" hai2="26,1,87,33,36,76,110,117,115,86,100,18,24" hai3="94,30,79,17,69,95,28,19,96,38,106,114,70"/><T9/><D107/><U77/><E71/><V49/><F36/><W122/><G38/><T37/><D37/><U61/><E32/><V72/><F1/><W113/><G106/><T116/><D116/><U13/><E111/><V104/><F110/><W14/><G79/><T118/><D118/><U105/><E127/><V130/><F130/><W84/><G84/><T67/><D3/><U42/><E131/><V0/><F0/><W123/><G14/><T64/><D135/><U128/><E128/><V133/><F72/><W63/><G63/><T62/><D75/><U98/><E13/><V40/><F33/><W109/><G109/><T55/><D83/><U4/><E4/><V103/><F104/><W53/><G53/><N who="0" m="20555" /><D56/><U22/><E22/><V90/><F115/><W51/><G51/><T54/><N who="0" m="20563" /><T48/><DORA hai="120" /><D48/><U81/><REACH who="1" step="1"/><E105/><REACH who="1" ten="265,225,235,245" step="2"/><V34/><F34/><W25/><G25/><T85/><D23/><U132/><E132/><V35/><F35/><W7/><G7/><T12/><D12/><U20/><E20/><V8/><F133/><W134/><G134/><T5/><D15/><U101/><E101/><V108/><F108/><W91/><G122/><T82/><D5/><U45/><E45/><V21/><F117/><W43/><G123/><T124/><D124/><U29/><E29/><V78/><F24/><W112/><G114/><T68/><D68/><U102/><E102/><V41/><F26/><W88/><G69/><T121/><D121/><U97/><AGARI ba="2,3" hai="39,42,44,58,61,66,74,77,81,89,92,97,98,99" machi="97" ten="20,12000,2" yaku="1,1,0,1,7,1,52,3,53,1" doraHai="93,120" doraHaiUra="57,47" who="1" fromWho="1" sc="265,-62,225,156,235,-32,245,-32" /><INIT seed="1,0,0,5,5,44" ten="203,381,203,213" oya="1" hai0="119,121,93,11,133,2,128,114,70,79,120,52,23" hai1="108,113,47,1,10,62,7,73,28,49,33,37,17" hai2="103,74,43,95,92,56,100,26,22,83,80,5,71" hai3="124,87,24,116,135,131,57,65,45,123,60,46,102"/><U51/><E113/><V42/><F71/><W39/><G102/><T84/><D119/><U76/><E62/><V8/><F56/><W111/><G87/><T27/><D114/><U48/><E17/><V105/><F105/><W115/><G24/><T91/><D70/><U18/><E18/><V12/><F74/><W54/><G115/><T38/><D38/><U125/><E125/><V127/><F127/><W110/><G124/><T30/><D133/><U41/><E108/><N who="3" m="41514" /><G123/><T66/><D66/><U89/><E89/><V16/><F100/><W0/><G0/><T134/><D134/><U101/><E101/><V32/><F32/><W40/><G135/><T112/><D112/><U118/><E118/><V107/><F107/><W109/><N who="3" m="41522" /><W117/><DORA hai="99" /><G131/><T122/><D79/><U72/><REACH who="1" step="1"/><E76/><REACH who="1" ten="203,371,203,213" step="2"/><V130/><F103/><W61/><G61/><T35/><D128/><U19/><E19/><V77/><F77/><W90/><G90/><T86/><D91/><U129/><E129/><V81/><REACH who="2" step="1"/><F130/><REACH who="2" ten="203,371,193,213" step="2"/><W64/><G117/><T55/><D120/><U88/><E88/><V15/><F15/><W4/><G116/><T9/><D121/><U53/><E53/><V31/><F31/><W69/><G54/><T126/><D55/><U106/><E106/><V85/><F85/><W25/><G69/><T82/><D52/><U97/><E97/><V29/><F29/><W36/><G65/><T14/><D126/><U98/><E98/><V34/><F34/><W58/><G64/><T132/><D122/><U3/><E3/><V13/><F13/><W68/><G68/><RYUUKYOKU ba="0,2" sc="203,-15,371,15,193,15,213,-15" hai1="1,7,10,28,33,37,41,47,48,49,51,72,73" hai2="5,8,12,16,22,26,42,43,80,81,83,92,95" /><INIT seed="1,1,2,5,0,11" ten="188,386,208,198" oya="1" hai0="83,40,120,121,19,67,48,18,34,78,102,10,68" hai1="93,109,28,96,12,65,74,84,20,57,91,64,79" hai2="115,94,37,80,81,105,89,131,38,8,116,86,70" hai3="43,66,32,97,39,55,41,128,33,5,24,22,21"/><U85/><E109/><V90/><F70/><W104/><G128/><T72/><D34/><U61/><E74/><V113/><F105/><W23/><G66/><T95/><D67/><U44/><E65/><V135/><F131/><W92/><G104/><T124/><D68/><U62/><E62/><V7/><F116/><W26/><G5/><T100/><D124/><U63/><E63/><V103/><F103/><N who="0" m="39466" /><D95/><U107/><E107/><V56/><F56/><W15/><G39/><T77/><D10/><U75/><E75/><V54/><F54/><W14/><G55/><T45/><D78/><U31/><E79/><V130/><F135/><W87/><G87/><N who="1" m="33354" /><E44/><V51/><F51/><W60/><G60/><T76/><D76/><U52/><E64/><V126/><F126/><W6/><G6/><T114/><D114/><N who="2" m="43530" /><F130/><W59/><G59/><T108/><D108/><U29/><E29/><V122/><F122/><AGARI ba="1,2" hai="18,19,40,45,48,72,77,83,120,121,122" m="39466" machi="122" ten="30,1000,0" yaku="13,1" doraHai="11" who="0" fromWho="2" sc="188,33,386,0,208,-13,198,0" /><INIT seed="2,0,0,2,5,100" ten="221,386,195,198" oya="2" hai0="80,0,65,131,111,77,13,103,117,56,76,133,122" hai1="44,127,8,54,7,93,28,36,16,43,90,59,121" hai2="10,23,129,110,106,70,30,88,118,33,5,47,53" hai3="55,46,27,128,17,64,109,105,79,98,9,96,94"/><V89/><F118/><W67/><G109/><T38/><D0/><U19/><E127/><V92/><F110/><W48/><G128/><T81/><D38/><U95/><E28/><V37/><F129/><W32/><G79/><T39/><D39/><U35/><E35/><V84/><F70/><W120/><G120/><T25/><D122/><U102/><E102/><V15/><F106/><W75/><G75/><T83/><D131/><U78/><E78/><V21/><F33/><W52/><G105/><T126/><D111/><U72/><E72/><V130/><F130/><W112/><G112/><T87/><D133/><U60/><E95/><V61/><F30/><W135/><G135/><T134/><D134/><U116/><E116/><V6/><F6/><W71/><G71/><T73/><D126/><U63/><E63/><V114/><F114/><W82/><G82/><T69/><D69/><U68/><E68/><V45/><F89/><N who="3" m="55375" /><G32/><T57/><D103/><U85/><E121/><V124/><F124/><W123/><G123/><T132/><D132/><U11/><E11/><V18/><F37/><W107/><G98/><T91/><D117/><U3/><AGARI ba="0,0" hai="3,7,8,16,19,36,43,44,54,59,60,85,90,93" machi="3" ten="20,2700,0" yaku="0,1,7,1,54,1" doraHai="100" who="1" fromWho="1" sc="221,-7,386,27,195,-13,198,-7" /><INIT seed="3,0,0,4,1,37" ten="214,413,182,191" oya="3" hai0="20,117,11,113,40,58,51,34,100,17,87,48,56" hai1="134,21,120,127,19,36,94,122,25,70,135,13,121" hai2="90,112,81,26,12,63,85,108,79,55,46,72,2" hai3="97,75,67,16,60,91,109,8,84,54,126,23,42"/><W33/><G75/><T119/><D34/><U104/><E104/><V62/><F2/><W47/><G33/><T29/><D100/><U7/><E127/><V114/><F108/><W123/><G123/><T45/><D113/><U80/><E36/><V18/><F112/><W102/><G126/><T118/><D29/><U6/><E70/><V107/><F107/><W115/><G115/><T39/><D11/><N who="1" m="6591" /><E94/><V133/><F133/><N who="1" m="50697" /><E80/><N who="2" m="49447" /><F114/><W4/><G109/><T64/><D87/><U68/><E68/><V44/><F26/><W14/><G14/><BYE who="3" /><T66/><D20/><U28/><AGARI ba="0,0" hai="6,7,21,25,28,120,121,122" m="50697,6591" machi="28" ten="40,5200,0" yaku="20,1,34,2" doraHai="37" who="1" fromWho="1" sc="214,-13,413,52,182,-13,191,-26" owari="201,0.1,465,56.5,169,-23.1,165,-33.5" /></mjloggm>