<mjloggm ver="2.3"><GO type="225" lobby="0"/><UN n0="%61%6D%65%6B%69" n1="%E3%81%8B%E3%82%8F%E3%81%A1%E3%82%83%E3%82%93%35%38" n2="%6D%75%75%73%61%6E%6D%75" n3="%E3%81%AF%E3%82%88%E3%81%8A%E3%81%98%E3%81%95%E3%82%93" dan="16,16,16,17" rate="2081.98,2117.03,2136.74,2150.12" sx="M,M,F,M"/><TAIKYOKU oya="0"/><INIT seed="0,0,0,3,2,132" ten="250,250,250,250" oya="0" hai0="35,67,34,62,114,37,93,133,107,71,77,12,101" hai1="116,134,73,110,124,33,52,98,49,59,36,117,94" hai2="90,72,25,129,108,85,21,84,130,5,86,39,127" hai3="97,60,2,47,22,111,10,103,91,40,89,51,30"/><T76/><D114/><U102/><E134/><V42/><F72/><W6/><G111/><T119/><D119/><U9/><E110/><V125/><F108/><W4/><G4/><T112/><D112/><U50/><E36/><V100/><F5/><W54/><G30/><T41/><D107/><U58/><E33/><V63/><F100/><W48/><G22/><T16/><D133/><U105/><E73/><V7/><F7/><W109/><G60/><T106/><D106/><U24/><E24/><V17/><F90/><W55/><G109/><T128/><D128/><N who="2" m="49258" /><F63/><W45/><REACH who="3" step="1"/><G40/><REACH who="3" ten="250,250,250,240" step="2"/><T122/><D35/><U38/><E116/><V8/><F8/><W13/><G13/><T70/><D34/><U29/><E117/><V19/><F19/><W27/><G27/><T87/><D122/><U14/><E9/><V78/><F78/><W1/><G1/><T126/><D77/><U95/><E14/><V79/><F79/><W92/><AGARI ba="0,1" hai="2,6,10,45,47,48,51,54,55,89,91,92,97,103" machi="92" ten="20,5200,0" yaku="1,1,0,1,7,1,9,1,53,0" doraHai="132" doraHaiUra="53" who="3" fromWho="3" sc="250,-26,250,-13,250,-13,240,62" /><INIT seed="1,0,0,3,3,126" ten="224,237,237,302" oya="1" hai0="130,93,49,14,89,109,116,123,82,58,71,76,80" hai1="31,50,68,108,56,34,122,88,92,129,91,99,10" hai2="120,52,84,46,77,85,100,42,107,121,102,24,1" hai3="64,18,70,95,41,27,53,110,135,60,17,4,90"/><U78/><E122/><V54/><F1/><W29/><G110/><T16/><D71/><U43/><E68/><V6/><F6/><W103/><G135/><T101/><D116/><U63/><E108/><V134/><F134/><W105/><G41/><T26/><D123/><U96/><E78/><V69/><F69/><W111/><G111/><T74/><D80/><U113/><E113/><V72/><F72/><W15/><G53/><T61/><D109/><U114/><E114/><V48/><F107/><W75/><G75/><T51/><D26/><U81/><E34/><V98/><F98/><N who="3" m="61687" /><G15/><T104/><D101/><N who="2" m="39018" /><F120/><W28/><G28/><T47/><D47/><N who="1" m="25983" /><E31/><V20/><F121/><W39/><G4/><T8/><D104/><U37/><E37/><V117/><F117/><W55/><G55/><N who="2" m="21033" /><F77/><W119/><G39/><T32/><D32/><U23/><E96/><V94/><F94/><W2/><G2/><T65/><REACH who="0" step="1"/><D130/><REACH who="0" ten="214,237,237,302" step="2"/><U19/><E129/><V13/><F13/><W125/><G119/><T106/><D106/><U79/><E92/><V30/><AGARI ba="0,1" hai="20,24,30,42,46,48,84,85" m="21033,39018" machi="30" ten="30,2000,0" yaku="8,1,54,1" doraHai="126" who="2" fromWho="2" sc="214,-5,237,-10,237,30,302,-5" /><INIT seed="2,0,0,4,4,14" ten="209,227,267,297" oya="2" hai0="75,58,112,61,69,12,123,81,100,21,65,104,130" hai1="68,83,102,86,8,10,4,113,98,89,96,99,62" hai2="70,114,46,13,117,59,124,134,28,19,55,22,84" hai3="41,125,108,25,119,126,78,131,16,60,48,109,0"/><V20/><F114/><W54/><G119/><T132/><D112/><U116/><E116/><V71/><F117/><W40/><G0/><T51/><D123/><U92/><E113/><V1/><F1/><W72/><G131/><T118/><D118/><U2/><REACH who="1" step="1"/><E8/><REACH who="1" ten="209,217,267,297" step="2"/><V53/><F124/><W95/><G125/><T34/><D130/><U63/><E63/><V31/><F134/><W50/><G60/><T94/><D132/><U122/><E122/><V5/><F70/><W9/><G126/><T33/><D69/><U106/><E106/><V30/><F71/><W101/><G9/><T45/><D104/><U24/><E24/><V87/><F22/><W29/><G25/><T64/><D34/><U76/><E76/><V3/><F3/><W107/><G78/><T57/><D33/><U111/><E111/><V6/><F6/><W27/><G107/><T32/><D32/><U17/><E17/><V26/><F5/><W38/><G16/><T67/><D61/><U97/><E97/><V18/><F18/><W105/><G27/><T80/><D75/><U79/><E79/><V77/><F77/><W11/><G105/><T103/><D21/><U128/><E128/><V39/><F13/><W85/><G11/><T37/><D12/><U93/><E93/><V52/><REACH who="2" step="1"/><F59/><REACH who="2" ten="209,217,257,297" step="2"/><N who="3" m="33223" /><G109/><T73/><D58/><U88/><E88/><V90/><F90/><W66/><G108/><T135/><D135/><U7/><E7/><V35/><F35/><W120/><G72/><T121/><D73/><U127/><E127/><V42/><AGARI ba="0,2" hai="19,20,26,28,30,31,39,42,46,52,53,55,84,87" machi="42" ten="40,12000,1" yaku="1,1,0,1,52,1,54,1,53,0" doraHai="14" doraHaiUra="110" who="2" fromWho="2" sc="209,-40,217,-40,257,140,297,-40" /><INIT seed="2,1,0,3,3,60" ten="169,177,397,257" oya="2" hai0="92,77,123,87,120,116,133,85,59,47,110,25,1" hai1="37,11,61,124,80,40,20,33,49,16,18,102,131" hai2="66,7,27,21,93,68,67,81,88,79,128,114,73" hai3="35,125,111,104,39,41,122,107,109,15,70,132,82"/><V46/><F114/><W89/><G122/><T4/><D110/><N who="3" m="41993" /><G70/><T72/><D116/><U76/><E33/><V65/><F128/><W57/><G35/><T29/><D133/><U63/><E37/><V44/><F68/><W5/><G132/><T118/><D118/><U98/><E131/><V17/><REACH who="2" step="1"/><F7/><REACH who="2" ten="169,177,387,257" step="2"/><W90/><G5/><T9/><D123/><U75/><E124/><V10/><F10/><W94/><G125/><T8/><D120/><U121/><E121/><V24/><F24/><W2/><G2/><T95/><D8/><U36/><E11/><V48/><F48/><W30/><G15/><T100/><D9/><U42/><E49/><V91/><F91/><W43/><G89/><T50/><D4/><U14/><E14/><V34/><F34/><W28/><G90/><T113/><D1/><U53/><E36/><V115/><F115/><W129/><G39/><T32/><D113/><U96/><E20/><V13/><F13/><W0/><G0/><T130/><D130/><U126/><E126/><V97/><AGARI ba="1,1" hai="17,21,27,44,46,65,66,67,73,79,81,88,93,97" machi="97" ten="30,18000,2" yaku="1,1,0,1,52,3,54,1,53,0" doraHai="60" doraHaiUra="45" who="2" fromWho="2" sc="169,-61,177,-61,387,193,257,-61" /><INIT seed="2,2,0,5,0,122" ten="108,116,580,196" oya="2" hai0="66,11,58,30,2,96,35,8,29,3,44,48,118" hai1="34,121,18,0,15,38,20,23,25,114,102,134,65" hai2="125,112,78,81,45,14,82,37,62,71,33,52,19" hai3="57,54,40,128,31,28,10,36,6,17,85,79,46"/><V24/><F112/><W21/><G128/><T32/><D118/><U116/><E38/><V59/><F125/><W12/><G85/><T64/><D58/><U132/><E102/><V22/><F71/><W80/><G80/><T16/><D96/><U105/><E105/><V117/><F117/><W133/><G79/><T76/><D76/><U13/><E65/><V88/><F78/><W53/><G133/><N who="1" m="51306" /><E116/><V77/><F77/><W5/><G5/><T126/><D48/><U68/><E68/><V100/><F100/><W111/><G111/><T70/><D70/><U4/><E114/><V120/><F120/><W84/><G84/><T129/><D129/><U55/><E55/><V130/><F130/><W60/><REACH who="3" step="1"/><G54/><REACH who="3" ten="108,116,580,186" step="2"/><T89/><D126/><U124/><E124/><V87/><F81/><W49/><G49/><T86/><D86/><U109/><E109/><V95/><F82/><W7/><G7/><T74/><D74/><U101/><E121/><V93/><F37/><W26/><AGARI ba="2,1" hai="6,10,12,17,21,26,28,31,36,40,46,53,57,60" machi="26" ten="20,2700,0" yaku="1,1,0,1,7,1,53,0" doraHai="122" doraHaiUra="90" who="3" fromWho="3" sc="108,-9,116,-9,580,-15,186,43" /><INIT seed="3,0,0,2,5,113" ten="99,107,565,229" oya="3" hai0="47,76,31,18,12,100,106,48,5,84,24,28,87" hai1="38,104,82,2,85,59,34,3,73,110,22,108,77" hai2="118,0,60,13,39,4,115,50,29,27,99,95,128" hai3="19,63,126,111,127,94,9,91,121,30,52,96,114"/><W116/><G116/><T37/><D37/><U98/><E34/><V20/><F39/><W72/><G114/><T58/><D106/><U32/><E32/><V41/><F128/><W21/><G121/><T81/><D100/><N who="1" m="62487" /><E38/><V66/><F0/><W64/><G72/><T135/><D135/><U15/><E59/><N who="2" m="37151" /><F4/><W134/><G134/><T36/><D36/><U103/><E103/><N who="2" m="60927" /><F115/><W67/><G111/><N who="1" m="42538" /><E73/><V117/><F13/><N who="3" m="7599" /><G127/><T33/><D58/><U119/><E119/><V86/><F86/><W78/><G78/><T25/><D87/><U35/><E35/><V83/><F83/><W49/><G63/><T90/><D5/><U124/><E124/><V79/><F79/><W46/><G126/><T7/><D7/><U10/><E22/><V8/><F8/><W92/><G94/><T109/><D76/><U62/><E62/><V6/><F6/><AGARI ba="0,0" hai="2,3,6,10,15,77,82,85" m="42538,62487" machi="6" ten="30,1000,0" yaku="14,1" doraHai="113" who="1" fromWho="2" sc="99,0,107,10,565,-10,229,0" owari="99,-40.1,117,-28.3,555,65.5,229,2.9" /></mjloggm>