<mjloggm ver="2.3"><GO type="225" lobby="0"/><UN n0="%E3%81%BF%E3%81%BF%E3%81%9A" n1="%E3%83%AB%E3%83%9B%E3%83%B3%E3%83%87%E3%82%A3%E3%82%A8" n2="%E5%BE%80%E5%B9%B4%E3%81%AE%E3%82%B4%E3%83%AA%E3%83%A9" n3="%E6%80%AA%E3%81%97%E3%81%99%E3%81%8E%E3%82%8B%E3%83%81%E3%83%BC" dan="17,16,16,16" rate="2244.78,2141.72,2095.87,2057.96" sx="M,M,M,M"/><TAIKYOKU oya="0"/><INIT seed="0,0,0,4,2,30" ten="250,250,250,250" oya="0" hai0="19,127,76,57,58,119,100,24,0,38,79,51,128" hai1="29,43,126,11,123,92,72,26,39,98,50,47,18" hai2="52,63,75,12,131,68,91,84,135,61,45,134,118" hai3="40,90,66,112,89,96,6,25,113,88,53,41,48"/><T107/><D119/><U60/><E126/><V23/><F75/><W7/><G96/><T82/><D38/><U55/><E72/><V110/><F118/><W132/><G132/><N who="2" m="50729" /><F110/><W54/><G66/><T129/><D0/><U114/><E123/><V74/><F74/><W93/><G93/><T59/><D127/><U4/><E114/><N who="3" m="44138" /><G25/><T16/><D107/><U21/><E60/><V70/><F131/><N who="0" m="50250" /><D100/><U42/><E18/><N who="0" m="6697" /><D51/><U64/><E64/><V67/><F67/><W133/><G48/><T2/><D2/><U106/><E106/><V105/><F105/><W15/><G15/><T8/><D8/><U73/><E73/><V124/><F124/><W99/><G99/><T33/><D82/><U121/><E121/><V97/><F97/><W120/><G120/><T108/><D108/><U95/><E39/><V34/><F12/><W71/><G71/><T85/><D85/><U5/><E92/><V101/><F68/><W122/><G122/><T36/><D36/><U56/><E11/><V80/><F70/><W116/><G116/><T49/><D49/><N who="1" m="30831" /><E42/><N who="3" m="16490" /><G133/><T117/><D117/><U86/><E86/><V109/><F84/><W111/><G111/><T31/><AGARI ba="0,0" hai="24,31,33,57,58,59,76,79" m="6697,50250" machi="31" ten="40,7800,0" yaku="19,1,52,1,54,1" doraHai="30" who="0" fromWho="0" sc="250,78,250,-26,250,-26,250,-26" /><INIT seed="0,1,0,0,0,26" ten="328,224,224,224" oya="0" hai0="129,32,90,88,53,89,120,72,67,68,29,80,127" hai1="50,16,99,30,122,66,101,112,104,97,55,74,123" hai2="108,63,23,36,62,28,69,24,22,8,114,76,54" hai3="6,92,130,46,20,39,64,11,113,70,0,132,2"/><T33/><D120/><U38/><E38/><V98/><F114/><W58/><G113/><T57/><D129/><U119/><E74/><V56/><F108/><W91/><G130/><T95/><D127/><U5/><E119/><V100/><F36/><W4/><G132/><T86/><D68/><U71/><E5/><V17/><F76/><W25/><G70/><T48/><D48/><U78/><E78/><V77/><F77/><W118/><G118/><T96/><D96/><U73/><E73/><V116/><F116/><W133/><G133/><T84/><D67/><U7/><E7/><V14/><F69/><W110/><G110/><T27/><D72/><U79/><E79/><V65/><F63/><W35/><G35/><T82/><D89/><U41/><E41/><V111/><F111/><W134/><G134/><T10/><D10/><U18/><E99/><V115/><F115/><W59/><G64/><T105/><D105/><U52/><E55/><V125/><F125/><W47/><G4/><T93/><D33/><U40/><E40/><V21/><REACH who="2" step="1"/><F54/><REACH who="2" ten="328,224,214,224" step="2"/><W121/><G39/><T12/><D12/><U94/><E112/><V44/><F44/><N who="3" m="16939" /><G2/><T117/><D117/><U45/><E122/><V37/><F37/><W42/><G121/><T87/><D87/><U43/><E123/><V85/><F85/><N who="3" m="52335" /><G42/><T49/><AGARI ba="1,1" hai="27,29,32,49,53,57,80,82,84,86,88,90,93,95" machi="49" ten="20,12000,1" yaku="0,1,7,1,9,1,52,1,54,1" doraHai="26" who="0" fromWho="0" sc="328,133,224,-41,214,-41,224,-41" /><INIT seed="0,2,0,4,2,83" ten="461,183,173,183" oya="0" hai0="122,20,78,84,11,52,9,33,68,99,1,46,132" hai1="88,135,97,106,14,121,120,73,51,74,10,34,5" hai2="129,93,107,75,18,48,50,105,127,13,0,64,101" hai3="22,58,8,110,118,80,35,100,134,38,111,95,54"/><T65/><D122/><U15/><E34/><V109/><F0/><W94/><G35/><T43/><D33/><U90/><E135/><V126/><F75/><W92/><G118/><T125/><D132/><U23/><E23/><V30/><F30/><W39/><G134/><T117/><D125/><N who="2" m="47626" /><F109/><N who="3" m="41483" /><G100/><T123/><D117/><U67/><E51/><N who="2" m="19499" /><F64/><W71/><G71/><T49/><D123/><U85/><E67/><V63/><F63/><N who="3" m="36311" /><G8/><T124/><D65/><U29/><E10/><N who="2" m="6455" /><F129/><W98/><G98/><AGARI ba="2,0" hai="93,98,101,105,107" m="6455,19499,47626" machi="98" ten="30,1000,0" yaku="18,1" doraHai="83" who="2" fromWho="3" sc="461,0,183,0,173,16,183,-16" /><INIT seed="1,0,0,5,2,69" ten="461,183,189,167" oya="1" hai0="36,117,6,42,63,77,113,67,57,48,52,62,28" hai1="94,20,31,7,21,82,19,131,35,26,120,114,90" hai2="92,51,33,18,59,86,44,0,95,24,98,10,74" hai3="2,104,54,84,1,93,45,16,126,70,129,125,118"/><U124/><E114/><V123/><F74/><W9/><G104/><T87/><D113/><U130/><E120/><V53/><F123/><W112/><G70/><T23/><D117/><U17/><E82/><V22/><F33/><W76/><G112/><T29/><D6/><U60/><E60/><V61/><F0/><W96/><G118/><T127/><D127/><N who="3" m="48649" /><G129/><N who="1" m="49162" /><E124/><V64/><F10/><W14/><G84/><T110/><D110/><U80/><E80/><V100/><REACH who="2" step="1"/><F86/><REACH who="2" ten="461,183,179,167" step="2"/><W13/><G76/><T85/><D87/><N who="1" m="52575" /><E7/><V15/><F15/><W108/><G13/><T79/><D85/><U37/><E37/><V32/><F32/><W58/><G108/><T25/><D79/><U71/><E71/><V8/><F8/><W4/><G4/><T102/><D77/><U97/><E97/><V43/><F43/><W107/><G2/><T65/><D23/><AGARI ba="0,1" hai="17,19,20,21,23,26,31,35" m="52575,49162" machi="23" ten="30,1500,0" yaku="19,1" doraHai="69" who="1" fromWho="0" sc="461,-15,183,25,179,0,167,0" /><INIT seed="1,1,0,5,5,50" ten="446,208,179,167" oya="1" hai0="69,37,124,51,102,13,58,36,54,99,92,20,75" hai1="104,116,33,10,21,0,118,46,79,83,123,110,73" hai2="27,76,45,42,2,106,135,111,101,120,131,39,11" hai3="52,68,107,134,127,15,86,96,56,55,125,81,85"/><U78/><E123/><V9/><F120/><W48/><G68/><T112/><D112/><U4/><E104/><V128/><F111/><W100/><G134/><T34/><D34/><U133/><E133/><V122/><F122/><W117/><G117/><T62/><D124/><N who="3" m="47689" /><G81/><T77/><D75/><U130/><E130/><N who="2" m="49707" /><F135/><W60/><G15/><T22/><D77/><U94/><E79/><V26/><F76/><W18/><G18/><T109/><D109/><U47/><E33/><V43/><F43/><W1/><G1/><T53/><D69/><U8/><E110/><V103/><F106/><W61/><G61/><T90/><D37/><U3/><E21/><N who="0" m="8297" /><D36/><U66/><E66/><V82/><F82/><W35/><G35/><T98/><D13/><U44/><REACH who="1" step="1"/><E94/><REACH who="1" ten="446,198,179,167" step="2"/><V19/><F27/><W119/><G119/><T87/><D102/><U59/><E59/><AGARI ba="1,1" hai="48,52,55,56,59,60,85,86,96,100,107" m="47689" machi="59" ten="30,7700,0" yaku="18,1,52,2,54,1" doraHai="50" who="3" fromWho="1" sc="446,0,198,-80,179,0,167,90" /><AGARI ba="1,0" hai="51,53,54,58,59,62,87,90,92,98,99" m="8297" machi="59" ten="30,3900,0" yaku="8,1,52,2" doraHai="50" who="0" fromWho="1" sc="446,39,118,-39,179,0,257,0" /><INIT seed="2,0,0,1,5,18" ten="485,79,179,257" oya="2" hai0="13,43,127,20,78,6,98,15,28,64,37,56,105" hai1="75,93,47,60,19,5,131,112,2,79,72,125,16" hai2="108,31,74,12,39,100,91,109,42,9,38,89,103" hai3="135,23,30,95,102,121,24,124,61,21,76,27,46"/><V36/><F74/><W85/><G121/><T3/><D105/><U97/><E112/><V34/><F42/><W52/><G124/><T35/><D127/><U86/><E125/><V66/><F66/><W45/><G135/><T57/><D78/><U48/><E131/><V68/><F68/><W58/><G102/><N who="2" m="38953" /><F34/><W82/><G95/><T54/><D98/><U110/><E110/><N who="2" m="42603" /><F31/><AGARI ba="0,0" hai="21,23,24,27,30,31,45,46,52,58,61,76,82,85" machi="31" ten="30,12000,2" yaku="7,1,9,1,8,1,52,2,54,1" doraHai="18" who="3" fromWho="2" sc="485,0,79,0,179,-120,257,120" /><INIT seed="3,0,0,4,2,47" ten="485,79,59,377" oya="3" hai0="3,70,22,65,61,122,38,73,101,126,105,11,130" hai1="80,49,123,23,43,34,127,93,114,40,51,117,110" hai2="6,128,33,57,58,8,118,104,30,97,131,86,64" hai3="134,82,83,52,7,92,112,27,0,59,91,102,121"/><W84/><G112/><T96/><D122/><U50/><E114/><V28/><F118/><W55/><G121/><T19/><D130/><N who="2" m="49706" /><F33/><W2/><G134/><T31/><D126/><U37/><E34/><V90/><F104/><W25/><G55/><T103/><D103/><U79/><E117/><V87/><F97/><W106/><G106/><T13/><D38/><U69/><E123/><V129/><N who="2" m="49714" /><V56/><DORA hai="45" /><F64/><W109/><G109/><T1/><D73/><U99/><E110/><V89/><F8/><W115/><G115/><T26/><AGARI ba="0,0" hai="1,3,11,13,19,22,26,31,61,65,70,96,101,105" machi="26" ten="30,1100,0" yaku="0,1" doraHai="47,45" who="0" fromWho="0" sc="485,11,79,-3,59,-3,377,-5" owari="496,59.6,76,-32.4,56,-44.4,372,17.2" /></mjloggm>