<mjloggm ver="2.3"><GO type="225" lobby="0"/><UN n0="%E5%A4%96%E5%B7%9D%E7%AB%9C%E6%88%90" n1="%E7%B4%94%E6%BD%94%E3%83%94%E3%83%A9%E3%83%8B%E3%82%A2" n2="%E3%83%97%E3%83%AC%E3%83%B4%E3%82%A1%E3%83%86%E3%82%A3" n3="%72%69%6F%75%63%68%61%6E" dan="16,16,16,16" rate="2143.73,2148.99,2068.75,2158.15" sx="M,M,F,M"/><TAIKYOKU oya="0"/><INIT seed="0,0,0,4,2,101" ten="250,250,250,250" oya="0" hai0="12,50,15,110,6,3,20,100,47,62,71,9,114" hai1="25,42,44,93,124,76,81,97,64,56,112,86,80" hai2="90,133,13,33,128,132,77,126,69,130,99,89,41" hai3="30,51,57,125,61,5,7,68,88,38,75,116,54"/><T67/><D114/><U17/><E124/><V78/><F69/><W27/><G116/><T127/><D127/><U22/><E112/><V102/><F33/><W115/><G115/><T79/><D110/><U58/><E81/><V123/><F41/><W92/><G125/><T4/><D79/><N who="2" m="30218" /><F13/><W94/><G75/><T74/><D74/><U122/><E64/><V28/><F28/><W104/><G104/><T98/><D20/><U119/><E122/><V131/><F123/><W10/><G38/><T2/><D12/><U106/><E106/><N who="2" m="63839" /><F126/><W85/><G94/><T103/><D98/><U36/><E119/><V108/><F108/><W53/><G10/><T37/><D37/><U16/><REACH who="1" step="1"/><E17/><REACH who="1" ten="250,240,250,250" step="2"/><V65/><F65/><W63/><G68/><T60/><D6/><U113/><E113/><V24/><F24/><W66/><G66/><T40/><D67/><U118/><E118/><V48/><F48/><W43/><G61/><T52/><D71/><U18/><E18/><V107/><F107/><W84/><G5/><T39/><D62/><U31/><E31/><V121/><F121/><W55/><G7/><T8/><D60/><U70/><E70/><V1/><F1/><W46/><REACH who="3" step="1"/><G84/><REACH who="3" ten="250,240,250,240" step="2"/><T72/><D2/><U82/><E82/><V95/><F95/><W59/><G59/><T129/><D3/><U21/><E21/><AGARI ba="0,2" hai="21,27,30,43,46,51,53,54,55,57,63,85,88,92" machi="21" ten="30,8000,1" yaku="1,1,7,1,8,1,54,1,53,1" doraHai="101" doraHaiUra="19" who="3" fromWho="1" sc="250,0,240,-80,250,0,240,100" /><INIT seed="1,0,0,4,4,98" ten="250,160,250,340" oya="1" hai0="97,44,14,16,111,64,88,72,124,43,78,126,71" hai1="132,53,108,65,62,34,55,19,54,10,73,66,31" hai2="11,35,52,120,84,3,46,94,49,4,41,90,121" hai3="116,26,60,59,77,5,114,45,51,91,119,127,129"/><U134/><E73/><V20/><F35/><W85/><G114/><T106/><D111/><U79/><E79/><V95/><F20/><W104/><G127/><N who="0" m="48683" /><D72/><U58/><E108/><V67/><F67/><W87/><G129/><T7/><D7/><U103/><E65/><V93/><REACH who="2" step="1"/><F41/><REACH who="2" ten="250,160,240,340" step="2"/><N who="3" m="25007" /><G26/><T110/><D110/><U75/><E75/><V76/><F76/><W56/><G77/><T17/><D64/><U22/><E10/><V32/><F32/><W0/><G119/><T12/><D78/><U74/><E74/><V18/><F18/><W135/><G116/><T2/><D17/><U68/><E34/><V118/><F118/><W21/><G21/><T39/><D16/><U109/><E31/><V30/><F30/><W123/><G5/><T115/><D43/><U113/><E113/><V27/><F27/><W69/><G69/><T37/><D71/><U82/><E109/><V48/><F48/><W25/><G25/><T105/><D115/><U42/><E42/><V33/><F33/><W133/><G60/><T128/><D128/><U125/><E125/><V92/><AGARI ba="0,1" hai="3,4,11,46,49,52,84,90,92,93,94,95,120,121" machi="92" ten="30,4000,0" yaku="1,1,0,1,54,1,53,0" doraHai="98" doraHaiUra="8" who="2" fromWho="2" sc="250,-10,160,-20,240,50,340,-10" /><INIT seed="2,0,0,1,4,22" ten="240,140,290,330" oya="2" hai0="85,51,75,95,127,131,25,17,90,96,60,105,65" hai1="53,33,114,89,55,120,43,74,8,121,44,5,94" hai2="132,16,76,118,126,119,97,68,102,59,78,124,67" hai3="37,35,87,70,57,133,63,9,27,122,6,36,129"/><V41/><F68/><W113/><G122/><T38/><D38/><U84/><E74/><V66/><F41/><W42/><G70/><T109/><D109/><U2/><E114/><V107/><F132/><W72/><G72/><T49/><D127/><N who="2" m="48682" /><F59/><W29/><G133/><T77/><D131/><U103/><E103/><V18/><F76/><W125/><G125/><T24/><D17/><N who="2" m="6762" /><F78/><W26/><G129/><T71/><D51/><U88/><E89/><V110/><F110/><W31/><G113/><T28/><D49/><U39/><REACH who="1" step="1"/><E33/><REACH who="1" ten="240,130,290,330" step="2"/><V21/><F21/><W104/><G104/><T62/><D105/><U86/><E86/><V112/><F112/><W79/><G87/><T93/><D75/><U20/><E20/><V14/><F14/><W92/><G79/><T15/><D77/><U32/><E32/><V50/><F50/><W106/><G106/><T135/><D135/><U128/><E128/><V134/><F134/><W56/><G36/><T52/><D85/><U23/><E23/><V100/><F102/><W82/><G37/><T91/><D90/><U4/><E4/><V54/><F107/><W64/><G6/><T69/><D91/><U81/><E81/><V45/><F100/><W101/><G82/><T34/><D34/><U73/><E73/><V117/><F97/><W1/><G101/><T48/><D96/><U58/><E58/><V46/><F45/><W19/><G56/><T30/><D48/><U11/><E11/><V111/><F111/><W61/><G57/><T13/><D65/><N who="2" m="24586" /><F46/><W108/><G108/><T0/><D0/><U98/><E98/><RYUUKYOKU ba="0,1" sc="240,10,130,10,290,10,330,-30" hai0="13,15,24,25,28,30,52,60,62,69,71,93,95" hai1="2,5,8,39,43,44,53,55,84,88,94,120,121" hai2="54,117,118,119" /><INIT seed="2,1,1,3,4,95" ten="250,140,300,300" oya="2" hai0="9,135,37,1,107,7,76,69,25,132,77,78,38" hai1="111,120,125,3,39,30,61,66,110,128,130,47,113" hai2="44,92,2,90,71,11,0,63,89,10,91,14,23" hai3="104,60,18,54,84,99,33,64,31,119,8,103,59"/><V117/><F117/><W21/><G119/><T83/><D69/><N who="1" m="42191" /><E3/><V114/><F114/><W105/><G8/><T52/><D107/><U100/><E30/><V57/><F71/><W133/><G133/><N who="0" m="51275" /><D25/><U81/><E81/><V50/><F2/><W49/><G31/><T87/><D52/><U106/><E106/><V96/><F0/><W124/><G124/><T73/><D73/><U101/><E101/><N who="2" m="60551" /><F23/><W88/><G105/><T102/><D102/><U122/><E100/><V12/><F10/><W68/><G33/><T85/><D85/><U126/><E47/><V20/><F20/><W134/><G134/><T129/><D129/><N who="1" m="49771" /><E39/><AGARI ba="1,1" hai="1,7,9,37,38,39,76,77,78,83,87" m="51275" machi="39" ten="30,1000,0" yaku="20,1" doraHai="95" who="0" fromWho="1" sc="250,23,140,-13,300,0,300,0" /><INIT seed="3,0,0,1,0,67" ten="273,127,300,300" oya="3" hai0="54,123,58,42,130,92,84,106,19,89,59,73,77" hai1="100,60,36,104,96,1,15,8,107,37,31,57,78" hai2="9,88,131,18,80,81,86,91,124,99,4,69,39" hai3="79,27,11,132,2,98,103,68,44,133,32,115,48"/><W126/><G115/><T108/><D123/><U21/><E107/><V125/><F39/><W75/><G126/><N who="2" m="48745" /><F131/><W114/><G114/><T56/><D106/><U134/><E134/><N who="3" m="51818" /><G79/><T135/><D135/><U47/><E78/><V23/><F69/><W101/><G75/><T113/><D113/><U6/><E47/><V35/><F35/><W38/><G38/><T29/><D29/><U28/><E28/><V22/><F18/><W49/><G68/><T3/><D3/><U66/><E1/><N who="2" m="143" /><F80/><W14/><G2/><T55/><D108/><U0/><E0/><V65/><F65/><W12/><G32/><T121/><D130/><U90/><E90/><V62/><F62/><W117/><G117/><T87/><D19/><U34/><E34/><V41/><F41/><N who="3" m="24591" /><G27/><T72/><D42/><U20/><E20/><V7/><F7/><N who="3" m="3199" /><G98/><T95/><D77/><U17/><E31/><V110/><F110/><W85/><G85/><T82/><D82/><U13/><AGARI ba="0,0" hai="6,8,13,15,17,21,36,37,57,60,66,96,100,104" machi="13" ten="20,1500,0" yaku="0,1,7,1" doraHai="67" who="1" fromWho="1" sc="273,-4,127,15,300,-4,300,-7" /><INIT seed="4,0,0,1,1,30" ten="269,142,296,293" oya="0" hai0="46,27,67,76,43,26,22,41,96,70,61,56,92" hai1="113,81,107,31,86,32,98,59,53,6,100,71,65" hai2="112,34,105,35,37,102,38,131,133,15,72,124,101" hai3="8,126,130,39,84,88,51,83,0,23,114,77,122"/><T110/><D110/><U95/><E6/><V80/><F112/><W127/><G114/><T118/><D118/><U75/><E113/><V47/><F15/><W109/><G130/><T132/><D132/><U97/><E71/><V121/><F121/><W115/><G115/><T21/><D76/><U33/><E65/><V58/><F133/><W87/><G109/><T2/><D2/><U108/><E31/><V134/><F134/><W78/><G39/><T64/><D70/><U5/><E5/><V93/><F131/><W62/><G122/><T13/><D67/><U16/><E108/><V55/><F124/><N who="3" m="47659" /><G62/><T14/><D27/><U20/><E75/><V129/><F129/><W25/><G51/><N who="0" m="27087" /><D43/><U9/><E9/><V120/><F120/><W117/><G117/><T52/><D64/><U44/><E44/><V66/><F66/><W57/><G57/><T125/><D125/><U128/><E128/><V28/><F47/><W104/><G104/><T135/><D135/><U19/><E19/><V111/><F111/><W91/><G8/><T24/><D24/><U49/><E98/><V18/><F105/><W90/><G0/><T69/><D69/><U89/><E81/><V17/><F80/><N who="3" m="49159" /><G77/><T68/><D68/><U99/><E99/><N who="2" m="59631" /><F72/><W60/><G60/><T7/><D7/><U45/><E45/><V73/><F73/><W4/><G4/><T74/><D74/><U36/><E36/><N who="2" m="13931" /><F102/><W3/><G3/><T119/><D119/><U116/><E116/><V48/><F28/><AGARI ba="0,0" hai="23,25,28,78,83,87,90,91" m="49159,47659" machi="28" ten="30,2000,0" yaku="18,1,54,1" doraHai="30" who="3" fromWho="2" sc="269,0,142,0,296,-20,293,20" owari="269,-13.1,142,-35.8,276,7.6,313,41.3" /></mjloggm>