<mjloggm ver="2.3"><GO type="225" lobby="0"/><UN n0="%E3%81%95%E3%81%8D%E3%81%9F%E3%81%BE%E6%9E%97%E6%AA%8E" n1="%E3%83%81%E3%83%83%E3%82%BF%E3%82%BD%E3%83%BC" n2="%E6%98%93%E5%88%A9%E8%96%A9%E4%BC%AF" n3="%E7%82%8E%E3%83%8E%E6%9C%B1%E9%9B%80" dan="16,17,16,16" rate="2105.45,2170.96,2082.35,2180.30" sx="M,F,F,M"/><TAIKYOKU oya="0"/><INIT seed="0,0,0,2,0,77" ten="250,250,250,250" oya="0" hai0="13,100,3,80,47,83,27,5,105,28,76,60,87" hai1="92,59,99,56,8,85,86,104,44,14,41,81,67" hai2="119,90,54,97,103,20,120,78,43,53,84,102,49" hai3="128,69,33,131,65,38,61,2,26,12,19,126,116"/><T101/><D3/><U64/><E104/><V68/><F120/><W129/><G116/><T29/><D105/><U15/><E86/><V82/><F68/><W7/><G38/><T135/><D135/><U63/><E56/><V113/><F113/><W122/><G122/><T50/><D60/><U94/><E67/><V112/><F112/><W124/><G7/><T18/><D5/><U32/><E32/><V6/><F6/><W106/><G2/><T91/><D100/><U21/><E21/><V75/><F119/><W134/><G106/><T39/><D39/><U118/><E118/><V89/><F20/><N who="3" m="11367" /><G134/><T58/><D58/><U0/><E0/><V111/><F111/><W108/><G108/><T72/><D101/><U25/><E25/><V121/><F103/><W11/><G11/><T10/><REACH who="0" step="1"/><D27/><REACH who="0" ten="240,250,250,250" step="2"/><U71/><E71/><V31/><F102/><W45/><G45/><T93/><D93/><U42/><E44/><V79/><F121/><W110/><G110/><T96/><D96/><U115/><E115/><V22/><F97/><W24/><G24/><T34/><D34/><U66/><E99/><V73/><F49/><W57/><G57/><T46/><D46/><U114/><E114/><V132/><F132/><W36/><G36/><T130/><D130/><U4/><E59/><V125/><F125/><W123/><G123/><T9/><D9/><U37/><E37/><V30/><F22/><W23/><G33/><T48/><D48/><U35/><E8/><V52/><F73/><W109/><G109/><T40/><AGARI ba="0,1" hai="10,13,18,28,29,40,47,50,72,76,80,83,87,91" machi="40" ten="20,12000,1" yaku="1,1,0,1,7,1,52,2,53,0" doraHai="77" doraHaiUra="127" who="0" fromWho="0" sc="240,130,250,-40,250,-40,250,-40" /><INIT seed="0,1,0,4,5,134" ten="370,210,210,210" oya="0" hai0="82,130,81,66,9,10,64,47,124,16,89,97,70" hai1="43,51,78,46,48,100,84,135,15,92,8,67,75" hai2="41,12,65,116,120,105,13,45,63,104,25,1,108" hai3="79,0,74,20,60,106,80,122,5,85,132,44,21"/><T71/><D130/><U11/><E135/><V56/><F1/><W125/><G132/><T2/><D2/><U50/><E67/><V23/><F120/><W52/><G106/><T19/><D97/><U87/><E75/><V91/><F108/><W37/><G122/><T99/><D99/><N who="1" m="59495" /><E8/><V90/><F105/><W114/><G85/><N who="1" m="32842" /><E78/><V77/><F77/><W35/><G35/><T98/><D98/><U18/><AGARI ba="1,0" hai="11,15,18,43,46,48,50,51" m="32842,59495" machi="18" ten="30,1100,0" yaku="8,1" doraHai="134" who="1" fromWho="1" sc="370,-6,210,14,210,-4,210,-4" /><INIT seed="1,0,0,5,4,106" ten="364,224,206,206" oya="1" hai0="102,37,94,27,4,124,82,85,71,78,117,81,134" hai1="30,67,5,68,70,95,107,109,8,112,87,57,2" hai2="125,65,108,31,44,73,52,129,10,54,24,0,110" hai3="127,72,121,40,61,51,46,115,36,41,122,15,93"/><U111/><E112/><V90/><F125/><W19/><G115/><T84/><D117/><U77/><E107/><V22/><F65/><W18/><G127/><T34/><D124/><U49/><E30/><V48/><F129/><W39/><G61/><T50/><D37/><U58/><E58/><V119/><F119/><W89/><G72/><T6/><D71/><U114/><E114/><V88/><F73/><W130/><G130/><T33/><D134/><U120/><E120/><V45/><F0/><W28/><G28/><T64/><D64/><U91/><E77/><V35/><F10/><W25/><G25/><T42/><D27/><U66/><E66/><V47/><F35/><W16/><G15/><T126/><D126/><U7/><E7/><V131/><F131/><W118/><G118/><T11/><D6/><U32/><E32/><V55/><REACH who="2" step="1"/><F48/><REACH who="2" ten="364,224,196,206" step="2"/><W123/><REACH who="3" step="1"/><G41/><REACH who="3" ten="364,224,196,196" step="2"/><T1/><D42/><U59/><E67/><V105/><F105/><W113/><G113/><T23/><D34/><U132/><E68/><V76/><F76/><W9/><G9/><T133/><D33/><U62/><E70/><V53/><N who="2" m="13312" /><DORA hai="92" /><V116/><F116/><W135/><G135/><T103/><D133/><U100/><E132/><V83/><F83/><W14/><G14/><T12/><D82/><U97/><E8/><V26/><F26/><W74/><G74/><T96/><D11/><U60/><E2/><V63/><F63/><W104/><G104/><T21/><D1/><U79/><E60/><V101/><F101/><W29/><G29/><T3/><D103/><U86/><E62/><RYUUKYOKU ba="0,2" sc="364,-15,224,-15,196,15,196,15" hai2="22,24,31,44,45,47,88,90,108,110" hai3="16,18,19,36,39,40,46,51,89,93,121,122,123" /><INIT seed="2,1,2,2,0,84" ten="349,209,211,211" oya="2" hai0="3,135,20,85,89,100,106,45,27,101,60,79,116" hai1="122,78,37,54,102,87,23,111,59,88,6,7,81" hai2="95,8,126,39,32,83,63,68,96,30,120,104,19" hai3="43,114,53,35,10,115,73,31,40,76,107,22,34"/><V0/><F120/><W66/><G107/><T42/><D3/><U61/><E111/><V109/><F126/><W72/><G66/><T112/><D112/><N who="3" m="43049" /><G10/><T2/><D2/><U74/><E122/><V58/><F39/><W1/><G1/><T134/><D116/><U86/><E37/><V69/><F104/><W24/><G53/><T4/><D4/><U49/><E102/><V67/><F109/><W11/><G11/><T108/><D79/><U16/><E61/><V51/><F32/><N who="3" m="12331" /><G76/><T98/><D60/><U52/><E54/><V132/><F30/><W75/><AGARI ba="1,2" hai="22,24,31,40,43,72,73,75" m="12331,43049" machi="75" ten="40,1500,0" yaku="11,1" doraHai="84" who="3" fromWho="3" sc="349,-5,209,-5,211,-8,211,38" /><INIT seed="3,0,0,4,1,35" ten="344,204,203,249" oya="3" hai0="61,51,106,57,100,99,134,83,5,68,53,123,104" hai1="129,46,121,2,133,32,108,23,28,84,127,58,102" hai2="89,69,94,122,70,88,45,95,112,85,25,33,17" hai3="38,50,64,14,47,128,78,0,60,26,55,13,111"/><W3/><G78/><T96/><D123/><U29/><E121/><V40/><F122/><W91/><G26/><T132/><D5/><U73/><E73/><V56/><F112/><W16/><G128/><T15/><D15/><U131/><E32/><V31/><F56/><N who="3" m="32887" /><G111/><T4/><D4/><U86/><E46/><V126/><F17/><W20/><G14/><T76/><D68/><U12/><E127/><V116/><F116/><W80/><G91/><T21/><D21/><U82/><E2/><V93/><F126/><W59/><G59/><T90/><D90/><U10/><E133/><V87/><F95/><W42/><G80/><T77/><D61/><U18/><E102/><V130/><F130/><N who="1" m="49673" /><E108/><V72/><F72/><W107/><G107/><T120/><D120/><U118/><E118/><V6/><F6/><W54/><G54/><T74/><D77/><N who="1" m="46159" /><E86/><V81/><F81/><W48/><G48/><AGARI ba="0,0" hai="25,31,33,40,45,48,69,70,85,87,88,89,93,94" machi="48" ten="30,3900,0" yaku="7,1,9,1,54,1" doraHai="35" who="2" fromWho="3" sc="344,0,204,0,203,39,249,-39" owari="344,44.4,204,-29.6,242,4.2,210,-19.0" /></mjloggm>