<mjloggm ver="2.3"><GO type="225" lobby="0"/><UN n0="%E3%81%B2%E3%81%AA%E3%81%AE%E3%82%8A%E3%81%8F" n1="%E3%81%86%E3%83%BC%E3%81%B1%E3%83%BC" n2="%72%69%6F%75%63%68%61%6E" n3="%E5%8F%AF%E5%85%90%E9%82%A3%E7%94%B1%E5%A4%9A" dan="17,17,16,16" rate="2196.75,2175.41,2233.53,2190.59" sx="M,F,M,F"/><TAIKYOKU oya="0"/><INIT seed="0,0,0,0,1,8" ten="250,250,250,250" oya="0" hai0="39,41,89,54,101,40,68,57,74,115,37,14,65" hai1="62,96,49,1,113,73,21,63,67,61,66,129,105" hai2="33,86,58,131,95,53,47,28,55,88,82,117,7" hai3="107,70,31,121,103,60,23,43,48,91,38,59,114"/><T80/><BYE who="3" /><D115/><UN n3="%E5%8F%AF%E5%85%90%E9%82%A3%E7%94%B1%E5%A4%9A" /><U50/><E1/><V108/><F108/><W30/><G114/><T18/><D101/><U110/><E113/><V64/><F131/><W16/><G121/><T92/><D68/><U26/><E73/><V12/><F117/><W44/><G91/><T71/><D71/><U97/><E110/><V51/><F64/><N who="1" m="24617" /><E105/><V72/><F33/><W11/><G70/><T106/><D65/><U79/><E79/><V15/><F28/><W100/><G38/><T4/><D106/><U34/><E34/><V127/><F127/><W69/><G69/><T81/><D37/><U94/><E129/><V104/><F104/><W5/><G107/><T123/><D4/><U126/><E126/><V45/><F7/><W10/><G103/><T3/><D3/><U99/><E94/><V98/><F72/><W46/><G100/><T134/><D74/><U36/><E36/><V133/><F133/><W27/><G44/><N who="2" m="16969" /><F53/><N who="3" m="33903" /><G5/><T20/><D134/><U9/><E9/><AGARI ba="0,0" hai="9,10,11,16,23,27,30,31,43,46,48" m="33903" machi="9" ten="30,2000,0" yaku="8,1,54,1" doraHai="8" who="3" fromWho="1" sc="250,0,250,-20,250,0,250,20" /><INIT seed="1,0,0,4,2,42" ten="250,230,250,270" oya="1" hai0="90,86,123,83,27,99,67,92,6,49,56,2,81" hai1="26,23,36,129,5,69,57,98,20,68,127,64,133" hai2="94,41,103,10,87,65,118,37,34,11,30,88,115" hai3="43,38,19,108,84,131,75,93,33,32,110,134,91"/><U105/><BYE who="3" /><E36/><UN n3="%E5%8F%AF%E5%85%90%E9%82%A3%E7%94%B1%E5%A4%9A" /><V116/><F115/><W13/><G134/><T62/><D123/><U121/><E121/><V4/><F103/><W89/><G75/><T14/><D2/><U1/><E133/><V117/><F65/><W73/><G73/><T9/><D27/><U120/><E120/><V12/><F10/><W24/><G131/><T80/><REACH who="0" step="1"/><D49/><REACH who="0" ten="240,230,250,270" step="2"/><U74/><E1/><V54/><F37/><W8/><G24/><T60/><D60/><U22/><E26/><V128/><F118/><W45/><REACH who="3" step="1"/><G91/><AGARI ba="0,1" hai="6,9,14,56,62,67,80,81,83,86,90,91,92,99" machi="91" ten="30,3900,0" yaku="1,1,7,1,8,1,53,0" doraHai="42" doraHaiUra="28" who="0" fromWho="3" sc="240,49,230,0,250,0,270,-39" /><INIT seed="2,0,0,5,3,112" ten="289,230,250,231" oya="2" hai0="116,81,32,124,19,128,72,63,101,20,25,114,120" hai1="75,135,64,82,38,10,110,30,46,105,1,62,24" hai2="23,125,15,34,109,126,73,26,103,86,0,131,35" hai3="85,36,95,49,12,121,27,28,98,83,96,102,88"/><V16/><F73/><W11/><G121/><T43/><D120/><U52/><E110/><V14/><F103/><W90/><G36/><T100/><D114/><U115/><E135/><V122/><F122/><W79/><G98/><T107/><D107/><U18/><E105/><V104/><F104/><W45/><G27/><T127/><D128/><U48/><E38/><V17/><F109/><W68/><G28/><T44/><D32/><N who="2" m="12330" /><F86/><W76/><G68/><T87/><D72/><U123/><E123/><V5/><F131/><W97/><G97/><T111/><D111/><U65/><E115/><V78/><F78/><W9/><G9/><T129/><D129/><U94/><E82/><V132/><F132/><W51/><G51/><T8/><D8/><U91/><E75/><V54/><F54/><N who="3" m="29999" /><G102/><T106/><D106/><U89/><E1/><V67/><F67/><N who="1" m="25673" /><E62/><V2/><F5/><AGARI ba="0,0" hai="5,11,12,76,79,83,85,88,90,95,96" m="29999" machi="5" ten="30,2000,0" yaku="8,1,54,1" doraHai="112" who="3" fromWho="2" sc="289,0,230,0,250,-20,231,20" /><INIT seed="3,0,0,5,2,105" ten="289,230,230,251" oya="3" hai0="6,124,21,102,108,123,34,113,25,27,79,116,131" hai1="60,89,88,50,22,126,61,8,118,96,66,72,71" hai2="15,93,104,23,63,85,73,42,52,128,111,62,16" hai3="58,33,26,56,41,95,37,38,134,65,31,45,57"/><W19/><G134/><T115/><D123/><U17/><E126/><V7/><F104/><W12/><G95/><T46/><D116/><U4/><E118/><V14/><F111/><W83/><G83/><T112/><D108/><U9/><E72/><V51/><F128/><W106/><G106/><T129/><D124/><U78/><E78/><V97/><F73/><W101/><G101/><T98/><D79/><U90/><E96/><V32/><F32/><W120/><G120/><T43/><D6/><U77/><E77/><V133/><F42/><W125/><G125/><T114/><D34/><U91/><N who="1" m="22528" /><DORA hai="74" /><U40/><E4/><V86/><F133/><W0/><G0/><T10/><D10/><N who="1" m="4203" /><E66/><V135/><F135/><W99/><G99/><T100/><D112/><U3/><E71/><V107/><F107/><W94/><G94/><N who="0" m="58455" /><D102/><U28/><E28/><V47/><F14/><W122/><G122/><T68/><D68/><U18/><E3/><V44/><F7/><W11/><REACH who="3" step="1"/><G65/><REACH who="3" ten="289,230,230,241" step="2"/><T130/><D21/><U76/><E76/><V82/><F82/><W55/><G55/><T110/><D110/><U13/><E17/><V1/><F1/><W84/><G84/><N who="2" m="32361" /><F97/><W20/><G20/><T70/><D70/><U64/><E64/><V39/><F93/><W67/><G67/><T92/><D92/><U132/><E132/><V49/><F39/><AGARI ba="0,1" hai="11,12,19,26,31,33,37,38,39,41,45,56,57,58" machi="39" ten="40,3900,0" yaku="1,1,53,1" doraHai="105,74" doraHaiUra="29,103" who="3" fromWho="2" sc="289,0,230,0,230,-39,241,49" /><AGARI ba="0,0" hai="25,27,39,43,46,113,114,115,129,130,131" m="58455" machi="39" ten="40,2600,0" yaku="11,1,19,1" doraHai="105,74" who="0" fromWho="2" sc="289,26,230,0,191,-26,290,0" /><INIT seed="3,1,0,0,0,6" ten="315,230,165,290" oya="3" hai0="82,78,17,5,58,73,92,84,13,85,42,23,51" hai1="46,113,118,8,47,71,30,36,133,50,114,86,115" hai2="134,96,90,11,43,52,87,24,57,98,110,26,32" hai3="123,67,69,88,53,107,99,7,10,132,39,37,100"/><W112/><G112/><T14/><D92/><U63/><E30/><V111/><F134/><W48/><G123/><T130/><D130/><U1/><E133/><V59/><F43/><W93/><G132/><T64/><D64/><U131/><E131/><V61/><F32/><W27/><G27/><N who="2" m="10281" /><F111/><W109/><G109/><T35/><D35/><U33/><E33/><V34/><F34/><W116/><G116/><T19/><D5/><U60/><E71/><V12/><F110/><W117/><G117/><T31/><D31/><U45/><E36/><V135/><F135/><W95/><G107/><T80/><D80/><U75/><E75/><V62/><F87/><W56/><G67/><T68/><D68/><U16/><E118/><V97/><F90/><W89/><G69/><T120/><D120/><U66/><E66/><N who="2" m="39215" /><F97/><W29/><G29/><T22/><D58/><U128/><E128/><V121/><F121/><W103/><G39/><T0/><D0/><U104/><E1/><V77/><F77/><W15/><G37/><T25/><D25/><U9/><E104/><V83/><F83/><W41/><G41/><T21/><D21/><U81/><E81/><V74/><F74/><W55/><G55/><T125/><D125/><U101/><E86/><AGARI ba="1,0" hai="7,10,15,48,53,56,86,88,89,93,95,99,100,103" machi="86" ten="30,11600,0" yaku="7,1,8,1,52,1,54,1" doraHai="6" who="3" fromWho="1" sc="315,0,230,-119,165,0,290,119" owari="315,11.5,111,-38.9,165,-23.5,409,50.9" /></mjloggm>