<mjloggm ver="2.3"><GO type="225" lobby="0"/><UN n0="%E5%84%AA%40%41%42%43" n1="%E3%83%B4%E3%83%A0%EF%BC%99%E3%81%A6" n2="%E4%B8%AD%E5%B9%B4%E3%81%AE%E5%8D%B1%E6%A9%9F" n3="%E5%AF%82%E5%AF%9E%E3%82%AE%E3%83%8D%E3%82%B9%E3%83%93%E3%83%BC%E3%83%AB" dan="18,17,17,16" rate="2250.07,2190.26,2215.86,2122.49" sx="M,M,M,M"/><TAIKYOKU oya="0"/><INIT seed="0,0,0,5,5,78" ten="250,250,250,250" oya="0" hai0="49,71,95,107,9,119,17,32,46,75,83,22,66" hai1="56,12,108,118,110,7,116,11,112,45,42,16,130" hai2="125,6,80,27,94,29,84,134,21,3,41,85,23" hai3="31,54,90,92,100,98,111,58,33,126,2,129,99"/><T35/><D107/><U18/><E56/><V28/><F125/><W102/><G111/><N who="1" m="42538" /><E45/><V103/><F134/><W135/><G2/><T124/><D119/><N who="1" m="45611" /><E42/><V65/><F41/><W132/><G126/><T55/><D124/><U87/><E87/><V122/><F122/><W8/><G8/><T51/><D71/><U105/><E105/><V47/><F47/><W104/><G129/><T43/><D66/><U13/><E130/><V5/><F3/><W63/><G90/><T10/><D35/><U120/><E120/><V69/><F69/><W121/><G121/><T70/><D32/><U61/><E61/><V113/><F113/><W52/><REACH who="3" step="1"/><G54/><REACH who="3" ten="250,250,250,240" step="2"/><T114/><D55/><U131/><E131/><V89/><F103/><W37/><G37/><T79/><D9/><N who="1" m="6159" /><E112/><V25/><F65/><W109/><G109/><T26/><D114/><U34/><E34/><V15/><REACH who="2" step="1"/><F15/><REACH who="2" ten="250,250,240,240" step="2"/><W39/><G39/><T62/><D43/><U14/><E13/><V0/><F0/><W93/><G93/><T68/><D95/><U50/><E50/><V133/><F133/><W20/><G20/><T91/><D49/><U44/><E44/><V38/><F38/><W64/><G64/><T101/><D22/><U24/><E24/><AGARI ba="0,2" hai="24,31,33,52,58,63,92,98,99,100,102,104,132,135" machi="24" ten="40,2600,0" yaku="1,1,54,1,53,0" doraHai="78" doraHaiUra="123" who="3" fromWho="1" sc="250,0,250,-26,240,0,240,46" /><INIT seed="1,0,0,3,3,128" ten="250,224,240,286" oya="1" hai0="111,78,112,90,35,44,127,58,36,118,46,126,50" hai1="66,17,104,61,28,133,8,134,34,51,62,59,31" hai2="123,106,65,87,21,132,41,33,64,76,113,83,114" hai3="105,89,119,72,26,55,92,39,40,120,129,124,93"/><U88/><E104/><V75/><F33/><W13/><G105/><T2/><D35/><U77/><E77/><V73/><F123/><W86/><G120/><T32/><D2/><U117/><E117/><V38/><F106/><W37/><G72/><N who="2" m="27721" /><F21/><W122/><G122/><T3/><D32/><U52/><E61/><V14/><F14/><W7/><G124/><N who="0" m="47659" /><D90/><U60/><E60/><V131/><F131/><W27/><G55/><N who="0" m="32119" /><D3/><U1/><E34/><V69/><F69/><W20/><G89/><T103/><D103/><U24/><E24/><V82/><F82/><W30/><G27/><T22/><D22/><U47/><E17/><V110/><F110/><W109/><G20/><T96/><D96/><U49/><E49/><V91/><F91/><W74/><G26/><T25/><D25/><U67/><E67/><V135/><F64/><W54/><G74/><T15/><D15/><U70/><E70/><V85/><F85/><W19/><G13/><T95/><D78/><U94/><E8/><V102/><F102/><W81/><G86/><T99/><D99/><N who="1" m="57799" /><E1/><V9/><F9/><W16/><G19/><T6/><D111/><U29/><E29/><V0/><F65/><W68/><G16/><T130/><D118/><U125/><E125/><V63/><F0/><W84/><G119/><T80/><D80/><U10/><E10/><V53/><F63/><W12/><G81/><T5/><D5/><U121/><E121/><V115/><F53/><W18/><G54/><T42/><D130/><U79/><E79/><V98/><F98/><W101/><G129/><T43/><D6/><RYUUKYOKU ba="0,0" sc="250,-15,224,15,240,15,286,-15" hai1="28,31,47,51,52,59,62,66,133,134" hai2="38,41,76,83,87,113,114,115,132,135" /><INIT seed="1,1,0,2,2,23" ten="235,239,255,271" oya="1" hai0="68,112,54,22,10,132,101,92,41,63,56,5,1" hai1="71,47,119,7,46,127,51,49,67,99,105,33,116" hai2="60,16,13,98,86,129,18,50,15,108,77,55,26" hai3="133,2,61,48,64,130,28,91,75,117,134,45,30"/><U82/><E33/><V135/><F108/><W53/><G130/><T19/><D112/><U93/><E105/><V62/><F129/><W39/><G2/><T87/><D132/><N who="3" m="50793" /><G117/><T9/><D68/><U84/><E127/><V131/><F131/><W34/><G75/><T111/><D111/><U78/><E7/><V95/><F135/><W107/><G107/><T122/><D122/><U20/><E71/><V110/><F110/><W32/><G91/><T103/><D41/><U124/><E124/><V81/><F13/><W104/><G39/><T65/><D10/><U69/><E69/><V102/><F26/><W57/><G104/><T29/><D29/><AGARI ba="1,0" hai="28,29,30,32,34,45,48,53,57,61,64" m="50793" machi="29" ten="30,1000,0" yaku="20,1" doraHai="23" who="3" fromWho="0" sc="235,-13,239,0,255,0,271,13" /><INIT seed="2,0,0,1,1,119" ten="222,239,255,284" oya="2" hai0="91,93,46,100,55,134,20,64,73,87,128,57,23" hai1="56,90,11,109,10,53,96,116,122,69,60,104,106" hai2="31,82,15,102,95,77,40,51,9,71,1,30,108" hai3="12,32,70,123,45,111,61,118,110,124,66,113,0"/><V85/><F1/><W131/><RYUUKYOKU type="yao9" ba="0,0" sc="222,0,239,0,255,0,284,0" hai3="0,12,32,45,61,66,70,110,111,113,118,123,124,131" /><INIT seed="2,1,0,4,1,47" ten="222,239,255,284" oya="2" hai0="9,101,108,40,98,87,111,128,99,89,19,134,132" hai1="0,48,11,43,61,107,63,53,25,16,80,122,113" hai2="93,46,41,22,94,59,97,42,130,38,84,74,3" hai3="73,58,131,123,95,100,52,81,120,12,121,119,37"/><V57/><F74/><W2/><G119/><T72/><D40/><U34/><E113/><V83/><F3/><W26/><G2/><T116/><D19/><U33/><E107/><V106/><F106/><W127/><G37/><T110/><D9/><U56/><E122/><V35/><F35/><W114/><G131/><T7/><D7/><U133/><E133/><N who="0" m="51305" /><D128/><U102/><E102/><V49/><F130/><W4/><G114/><T29/><D29/><U135/><E135/><V79/><F94/><W67/><G67/><T70/><D70/><U28/><E33/><V50/><F22/><W78/><G26/><T117/><D72/><U105/><E105/><V124/><F124/><W21/><G127/><T69/><D69/><U20/><E80/><V10/><F10/><W118/><G4/><T71/><D71/><U92/><E92/><V64/><F41/><W82/><G82/><N who="0" m="49399" /><D101/><U86/><E43/><V54/><F64/><W103/><G100/><T109/><D109/><U24/><E0/><V23/><F23/><W60/><G21/><T90/><D90/><U125/><E11/><V31/><F31/><W32/><G32/><T104/><D104/><U65/><E125/><V6/><F6/><W85/><G12/><T1/><D1/><U14/><E14/><V13/><F13/><W62/><G62/><T126/><D126/><U30/><E30/><V76/><F76/><W68/><G68/><T55/><D55/><U75/><E75/><V17/><F17/><W44/><G73/><T27/><D27/><U112/><E112/><V45/><F38/><W36/><G36/><RYUUKYOKU ba="1,0" sc="222,15,239,-15,255,15,284,-15" hai0="98,99,108,110,111,116,117" hai2="42,45,46,49,50,54,57,59,79,83,84,93,97" /><INIT seed="2,2,0,4,4,3" ten="237,224,270,269" oya="2" hai0="115,94,92,58,39,101,9,11,87,35,46,62,124" hai1="118,79,22,25,60,89,122,47,134,109,32,112,43" hai2="23,78,91,113,30,76,5,44,52,71,86,49,82" hai3="65,10,61,26,13,97,1,126,121,102,45,48,67"/><V14/><F113/><W128/><G121/><T66/><D115/><U123/><E112/><V120/><F71/><W38/><G1/><T100/><D35/><U69/><E118/><V54/><F120/><N who="1" m="46121" /><E32/><V88/><F78/><W77/><G38/><T63/><D124/><U84/><E109/><V133/><F133/><W68/><G126/><T40/><D63/><U83/><E134/><V105/><F105/><W110/><G67/><T85/><D94/><U74/><E60/><V130/><F130/><W27/><G77/><T107/><D107/><U29/><E69/><V75/><F54/><W57/><G110/><T20/><D20/><U116/><E116/><V90/><F30/><W24/><G128/><T131/><D131/><U33/><E33/><V6/><F75/><W135/><G68/><T127/><D127/><U81/><E47/><V36/><F36/><W0/><G0/><T16/><D9/><U73/><E43/><V8/><F23/><W28/><G135/><T19/><D11/><U98/><E98/><V95/><F95/><N who="3" m="58687" /><G28/><T41/><D40/><U34/><E34/><V42/><F42/><N who="3" m="24631" /><G10/><T56/><D58/><U108/><E108/><V17/><AGARI ba="2,0" hai="5,6,8,14,17,44,49,52,76,82,86,88,90,91" machi="17" ten="30,18000,2" yaku="0,1,8,1,52,2,54,2" doraHai="3" who="2" fromWho="2" sc="237,-62,224,-62,270,186,269,-62" /><INIT seed="2,3,0,2,1,1" ten="175,162,456,207" oya="2" hai0="66,41,48,107,77,22,113,55,79,100,60,64,69" hai1="10,35,125,31,84,36,130,86,17,112,73,37,3" hai2="129,98,14,40,118,46,16,12,82,120,102,94,132" hai3="25,83,42,78,88,127,97,93,99,58,8,49,33"/><V32/><F120/><W89/><G127/><T27/><D113/><U38/><E112/><V24/><F118/><W91/><G8/><T106/><D64/><U2/><E125/><V56/><F132/><W43/><G33/><T71/><D69/><U0/><E73/><V110/><F129/><W34/><G34/><T111/><D111/><U19/><E130/><V92/><F110/><W21/><G58/><T65/><D65/><U47/><E47/><V30/><F56/><W108/><G49/><T74/><D41/><N who="3" m="15369" /><G99/><T45/><D100/><U4/><E31/><V6/><F82/><W133/><G133/><T101/><D101/><U26/><E35/><V121/><F121/><W23/><G23/><T81/><REACH who="0" step="1"/><D77/><REACH who="0" ten="165,162,456,207" step="2"/><U28/><E28/><AGARI ba="3,1" hai="22,27,28,45,48,55,60,66,71,74,79,81,106,107" machi="28" ten="30,3900,0" yaku="1,1,2,1,7,1,53,0" doraHai="1" doraHaiUra="52" who="0" fromWho="1" sc="165,58,162,-48,456,0,207,0" /><INIT seed="3,0,0,2,4,69" ten="223,114,456,207" oya="3" hai0="88,78,68,20,71,36,66,106,3,48,126,13,113" hai1="115,99,61,123,124,59,37,95,130,0,45,5,11" hai2="58,74,29,114,101,40,18,89,86,38,108,8,1" hai3="7,87,16,117,9,56,62,96,49,57,104,102,107"/><W44/><G117/><T17/><D36/><U32/><E115/><V46/><F108/><W43/><G87/><T98/><D3/><U100/><E123/><V132/><F114/><W93/><G57/><T55/><D113/><U30/><E124/><V12/><F74/><W72/><G72/><T125/><D78/><U77/><E130/><V80/><F132/><W52/><REACH who="3" step="1"/><G16/><REACH who="3" ten="223,114,456,197" step="2"/><T47/><D68/><U133/><E133/><V119/><F119/><W82/><G82/><T134/><D134/><U70/><E70/><V33/><F58/><W26/><G26/><T109/><D109/><U2/><E77/><V10/><F10/><W4/><G4/><T116/><D116/><U63/><E59/><V73/><F73/><W84/><G84/><T6/><D6/><U121/><E121/><V92/><F80/><W21/><G21/><T31/><D71/><U35/><E35/><V51/><F33/><W118/><G118/><T42/><D125/><U67/><E67/><V24/><F24/><W65/><G65/><T39/><D126/><U111/><E111/><V34/><F34/><W54/><G54/><T23/><D66/><U85/><E85/><V122/><F122/><W81/><G81/><T105/><D23/><U127/><E127/><V91/><F86/><W94/><G94/><N who="0" m="56647" /><D31/><U50/><E30/><V110/><F110/><W60/><G60/><T28/><D28/><U27/><E27/><V90/><F29/><W15/><AGARI ba="0,1" hai="7,9,15,43,44,49,52,56,62,93,96,102,104,107" machi="15" ten="20,12000,1" yaku="1,1,0,1,7,1,54,1,53,1" doraHai="69" doraHaiUra="53" who="3" fromWho="3" sc="223,-40,114,-40,456,-40,197,130" /><INIT seed="3,1,0,1,0,111" ten="183,74,416,327" oya="3" hai0="56,104,121,97,18,4,87,132,19,1,113,35,89" hai1="131,118,130,26,46,11,99,16,75,51,70,5,66" hai2="3,123,20,58,0,6,95,106,34,103,17,122,59" hai3="48,117,127,76,100,125,98,32,15,79,63,80,119"/><W135/><G32/><T60/><D121/><N who="2" m="46090" /><F106/><N who="3" m="63767" /><G15/><T92/><D113/><U77/><E118/><N who="3" m="45066" /><G48/><T31/><D132/><U102/><E70/><V30/><F30/><W74/><G63/><T107/><D107/><U7/><E66/><V82/><F34/><W86/><G135/><T65/><D4/><U42/><E77/><V54/><F82/><AGARI ba="1,0" hai="74,76,79,80,82,86,125,127" m="45066,63767" machi="82" ten="30,2900,0" yaku="34,2" doraHai="111" who="3" fromWho="2" sc="183,0,74,0,416,-32,327,32" /><INIT seed="3,2,0,5,5,108" ten="183,74,384,359" oya="3" hai0="104,134,6,101,9,56,120,105,18,77,106,72,20" hai1="65,112,98,129,69,61,38,96,84,62,51,87,29" hai2="74,93,92,71,79,132,13,109,125,97,73,54,130" hai3="118,78,8,33,21,121,47,115,41,22,80,11,82"/><W81/><G33/><T46/><D120/><U34/><E34/><V55/><F71/><W64/><G121/><T1/><D134/><U63/><E29/><V19/><F109/><W57/><G118/><T5/><D5/><U3/><E69/><V94/><F132/><W23/><G78/><T116/><D116/><U75/><E75/><V48/><F125/><W67/><G115/><T15/><D56/><U14/><E3/><V4/><F130/><W45/><G57/><T32/><D46/><N who="3" m="17417" /><G41/><T37/><D37/><U89/><E38/><V114/><F114/><W68/><G68/><T16/><D18/><U126/><E129/><V111/><F111/><W113/><G113/><T91/><D91/><U59/><E112/><V7/><F74/><W128/><G128/><T39/><D39/><U24/><E126/><V131/><F131/><W127/><G127/><T26/><D77/><U100/><E100/><V76/><F97/><W17/><G17/><T53/><D53/><N who="2" m="19978" /><F48/><W0/><G0/><T107/><D72/><U40/><E51/><V28/><F28/><W2/><G2/><T102/><D107/><U25/><E40/><V35/><F35/><W86/><G86/><T90/><D90/><U103/><E103/><V119/><F119/><W49/><G49/><T36/><D36/><U99/><E99/><V123/><F123/><W133/><G133/><T110/><D110/><U52/><E63/><V124/><F124/><W66/><AGARI ba="2,0" hai="8,11,21,22,23,64,66,67,80,81,82" m="17417" machi="66" ten="40,12000,1" yaku="29,2,28,2,8,1" doraHai="108" who="3" fromWho="3" sc="183,-42,74,-42,384,-42,359,126" owari="141,-25.9,32,-46.8,342,14.2,485,58.5" /></mjloggm>