<mjloggm ver="2.3"><GO type="225" lobby="0"/><UN n0="%E5%A4%96%E5%B7%9D%E7%AB%9C%E6%88%90" n1="%E3%83%A9%E3%83%BC%E3%83%A1%E3%83%B3%E4%BA%94%E9%83%8E" n2="%6D%75%75%73%61%6E%6D%75" n3="%E3%81%A8%E3%82%89%E3%81%84%E3%81%A1" dan="16,16,16,16" rate="2110.44,2101.25,2109.89,2118.19" sx="M,M,F,M"/><TAIKYOKU oya="0"/><INIT seed="0,0,0,2,5,111" ten="250,250,250,250" oya="0" hai0="121,48,22,74,55,25,49,102,54,107,71,33,123" hai1="44,17,39,27,52,109,29,34,3,47,50,37,26" hai2="64,122,101,70,9,78,134,100,76,51,24,69,28" hai3="115,106,7,12,130,66,13,67,95,103,99,88,15"/><T113/><D113/><U21/><E109/><V46/><F122/><W58/><G130/><T65/><D74/><U80/><E3/><V97/><F134/><W90/><G7/><T18/><D33/><U63/><E80/><V83/><F9/><W68/><G115/><T104/><D65/><U42/><REACH who="1" step="1"/><E63/><REACH who="1" ten="250,240,250,250" step="2"/><V57/><F83/><W93/><G68/><T133/><D71/><U14/><E14/><V132/><F70/><W56/><G13/><T94/><D133/><U86/><E86/><V41/><F69/><W4/><G4/><T60/><D60/><U105/><E105/><V8/><F132/><W125/><G106/><T87/><D87/><U77/><E77/><V91/><F76/><W53/><G125/><T31/><D104/><U131/><E131/><V20/><F78/><W82/><G82/><T35/><D107/><U110/><E110/><V126/><F126/><W61/><G61/><T89/><D121/><U5/><E5/><V81/><F81/><W6/><G6/><T45/><D123/><U75/><E75/><V118/><F118/><W72/><G72/><T16/><D35/><U59/><E59/><V108/><F57/><W120/><G120/><T62/><D62/><U10/><E10/><V2/><F108/><W112/><G112/><T40/><D40/><U36/><AGARI ba="0,1" hai="17,21,26,27,29,34,36,37,39,42,44,47,50,52" machi="36" ten="20,8000,1" yaku="1,1,0,1,7,1,54,1,53,1" doraHai="111" doraHaiUra="19" who="1" fromWho="1" sc="250,-40,240,90,250,-20,250,-20" /><INIT seed="1,0,0,1,2,24" ten="210,330,230,230" oya="1" hai0="20,99,46,121,9,34,35,87,2,56,102,92,132" hai1="65,54,45,130,15,104,83,119,62,66,67,101,107" hai2="131,57,11,39,115,19,51,1,86,25,118,59,47" hai3="40,124,84,78,28,29,58,38,55,44,10,88,4"/><U85/><E119/><V27/><F118/><W89/><G124/><T98/><D132/><U69/><E130/><V7/><F131/><W8/><G78/><T14/><D121/><U90/><E107/><V133/><F133/><W114/><G114/><T53/><D2/><U26/><E104/><V134/><F134/><W21/><G89/><T74/><D74/><U135/><E101/><V128/><F128/><W106/><G106/><T50/><D20/><U76/><E135/><V37/><F115/><W60/><G21/><T103/><D87/><N who="1" m="48615" /><E69/><V18/><F86/><W108/><G108/><T61/><D99/><U80/><E26/><V82/><F82/><W5/><G10/><T36/><D36/><U111/><E111/><V127/><F27/><W48/><G38/><T113/><D103/><U33/><E33/><V71/><F71/><W32/><G32/><T91/><D102/><U30/><E15/><V117/><F127/><W122/><G122/><T73/><D73/><U70/><E70/><V112/><F117/><W105/><G105/><T52/><REACH who="0" step="1"/><D113/><REACH who="0" ten="200,330,230,230" step="2"/><U96/><E96/><V63/><F112/><W97/><G97/><T123/><D123/><U17/><E85/><V93/><F37/><W12/><G4/><AGARI ba="0,1" hai="4,9,14,34,35,46,50,52,53,56,61,91,92,98" machi="4" ten="30,3900,0" yaku="1,1,7,1,54,1,53,0" doraHai="24" doraHaiUra="68" who="0" fromWho="3" sc="200,49,330,0,230,0,230,-39" /><INIT seed="2,0,0,4,4,17" ten="249,330,230,191" oya="2" hai0="68,31,27,58,111,84,67,54,122,77,66,7,113" hai1="4,119,39,72,38,121,61,1,19,24,100,0,91" hai2="25,59,130,133,106,56,101,131,45,103,79,92,115" hai3="60,74,16,6,89,95,110,75,63,82,42,112,18"/><V36/><F115/><W123/><G123/><T73/><D113/><U26/><E119/><V83/><F106/><W97/><G112/><T32/><D122/><U40/><E72/><V49/><F36/><W94/><G110/><T29/><D111/><U57/><E100/><V65/><F133/><W47/><G6/><T35/><D7/><U21/><E121/><V2/><F2/><W132/><G132/><T125/><D73/><U33/><E4/><V64/><F83/><W52/><G95/><T80/><D68/><U10/><E10/><V109/><F79/><W102/><G75/><T71/><D71/><U44/><E38/><V87/><F109/><W135/><G135/><T5/><D5/><U23/><E91/><N who="2" m="53375" /><F103/><W128/><G128/><N who="2" m="49193" /><F101/><W28/><G28/><T3/><D3/><U107/><E107/><V117/><F117/><W78/><G102/><T15/><D31/><U34/><E0/><V76/><F76/><W11/><G11/><T70/><D77/><U124/><E1/><V120/><F120/><W129/><G129/><T127/><D80/><U14/><E39/><V50/><F65/><W105/><G105/><T55/><D67/><U118/><E118/><V88/><F88/><W8/><G8/><T13/><D66/><U104/><E104/><V22/><F64/><W81/><G81/><T48/><D70/><U114/><E114/><V134/><F134/><W30/><G82/><T53/><D84/><U20/><E34/><V86/><F86/><W69/><G78/><T41/><D35/><U108/><E33/><V37/><F37/><W90/><G74/><RYUUKYOKU ba="0,0" sc="249,0,330,0,230,0,191,0" /><INIT seed="3,1,0,0,3,35" ten="249,330,230,191" oya="3" hai0="67,63,134,9,90,68,41,15,32,51,65,39,21" hai1="61,96,122,81,108,42,87,104,25,91,123,40,50" hai2="116,44,49,55,57,23,86,128,60,16,85,59,38" hai3="37,66,20,84,4,56,3,88,75,31,8,10,79"/><W83/><G37/><T117/><D32/><U26/><E108/><V112/><F116/><W125/><G125/><T2/><D2/><U77/><E104/><V110/><F112/><W12/><G31/><T105/><D105/><U1/><E1/><V102/><F110/><W82/><G20/><T101/><D101/><U47/><E40/><N who="2" m="24711" /><F128/><W27/><G27/><T103/><D103/><U0/><E0/><V30/><F38/><W29/><G29/><T53/><D67/><U19/><E19/><V126/><F30/><W106/><G106/><T5/><D117/><U74/><E96/><V45/><F102/><W98/><G98/><T11/><D11/><U14/><E14/><N who="2" m="9623" /><F45/><W132/><G132/><T64/><D39/><U69/><E69/><V28/><F28/><W13/><REACH who="3" step="1"/><G10/><REACH who="3" ten="249,330,230,181" step="2"/><T92/><D134/><U120/><E25/><V95/><F126/><W97/><G97/><T76/><D9/><U80/><E26/><V70/><F70/><W131/><G131/><T114/><D114/><U100/><E123/><V127/><F127/><W93/><G93/><T72/><D92/><U71/><E122/><V107/><F107/><W46/><G46/><T129/><D129/><U22/><E22/><V119/><F119/><W48/><G48/><T24/><D21/><U109/><E120/><V18/><F95/><W52/><G52/><T62/><D68/><U133/><E133/><V73/><F73/><W36/><G36/><T121/><D121/><U7/><E71/><V118/><F118/><W135/><G135/><T99/><D99/><U78/><E47/><V130/><F130/><RYUUKYOKU ba="1,1" sc="249,-10,330,-10,230,-10,181,30" hai3="3,4,8,12,13,56,66,75,79,82,83,84,88" /><INIT seed="3,2,1,1,0,5" ten="239,320,220,211" oya="3" hai0="82,46,27,108,75,30,109,41,60,12,97,14,128" hai1="122,57,84,74,118,28,50,112,127,4,103,73,78" hai2="77,54,61,52,87,133,65,49,132,104,86,119,135" hai3="37,105,21,106,94,35,63,29,134,71,15,125,3"/><W62/><G37/><N who="0" m="21807" /><D128/><U70/><E112/><V51/><F119/><W72/><G72/><T33/><D97/><U55/><E127/><V6/><F104/><W67/><G125/><T48/><D48/><N who="2" m="18506" /><F6/><W24/><G134/><T76/><D60/><U53/><E70/><N who="2" m="42287" /><F86/><W38/><G38/><T83/><D83/><AGARI ba="2,1" hai="52,54,77,83,87,132,133,135" m="42287,18506" machi="83" ten="40,2600,0" yaku="20,1,54,1" doraHai="5" who="2" fromWho="0" sc="239,-32,320,0,220,42,211,0" owari="207,-29.3,320,42.0,262,6.2,211,-18.9" /></mjloggm>