<mjloggm ver="2.3"><GO type="225" lobby="0"/><UN n0="%74%2E%6F%2E%6F%2E%73" n1="%E4%BF%BA%E3%81%A8%E5%A6%96%E5%A4%A2" n2="%E7%8B%82%E6%B0%97%E3%81%AE%E7%9E%B3" n3="%6D%75%75%73%61%6E%6D%75" dan="17,16,16,17" rate="2130.72,2107.31,2049.51,2167.02" sx="M,F,F,F"/><TAIKYOKU oya="0"/><INIT seed="0,0,0,1,0,20" ten="250,250,250,250" oya="0" hai0="96,6,14,106,117,113,12,74,38,89,92,135,16" hai1="134,70,40,59,101,23,28,84,127,76,110,39,36" hai2="41,82,105,33,81,75,43,69,114,108,123,46,34" hai3="37,90,83,10,29,65,68,19,87,1,71,52,129"/><T8/><D113/><U73/><E73/><V64/><F105/><W115/><G115/><T72/><D117/><U122/><E122/><V130/><F114/><W55/><G37/><T58/><D135/><U77/><E70/><V95/><F123/><W2/><G129/><T42/><D106/><U88/><E134/><V44/><F95/><W91/><G68/><T27/><D58/><U133/><E133/><V85/><F75/><W126/><G126/><T131/><D131/><U3/><E3/><V119/><F119/><W17/><G2/><T15/><D15/><U35/><E35/><V18/><F85/><W48/><G29/><T121/><D121/><U107/><E127/><V103/><F103/><W132/><G132/><T25/><D72/><U50/><E101/><V32/><F32/><W4/><G91/><T93/><D74/><U13/><E13/><V66/><F69/><W62/><REACH who="3" step="1"/><G55/><REACH who="3" ten="250,250,250,240" step="2"/><T63/><D38/><U99/><E39/><V98/><F130/><W21/><G21/><N who="0" m="11399" /><D42/><U53/><E40/><V67/><F67/><W7/><G7/><T100/><D63/><U30/><E36/><V78/><F18/><W125/><G125/><T31/><D31/><U118/><E30/><V116/><F116/><W80/><G80/><T94/><D94/><U97/><E118/><V112/><F112/><W54/><G54/><T24/><D93/><U51/><E28/><V5/><F5/><W0/><G0/><T111/><D111/><U60/><E110/><V86/><F108/><W56/><AGARI ba="0,1" hai="1,4,10,17,19,48,52,56,62,65,71,83,87,90" machi="56" ten="20,8000,1" yaku="1,1,0,1,7,1,54,1,53,1" doraHai="20" doraHaiUra="61" who="3" fromWho="3" sc="250,-40,250,-20,250,-20,240,90" /><INIT seed="1,0,0,2,4,65" ten="210,230,230,330" oya="1" hai0="87,109,106,123,54,29,89,61,99,108,81,57,101" hai1="9,73,3,76,13,15,126,25,121,93,58,18,102" hai2="111,41,98,45,131,48,119,74,79,38,133,22,32" hai3="68,86,104,107,36,70,42,132,69,116,117,0,31"/><U5/><E121/><V12/><F119/><N who="3" m="45643" /><G132/><T49/><D123/><U43/><E126/><V100/><F133/><W66/><G0/><T52/><REACH who="0" step="1"/><D29/><REACH who="0" ten="200,230,230,330" step="2"/><U24/><E3/><V105/><F131/><W120/><G120/><T82/><D82/><U46/><E73/><V6/><F74/><W97/><G31/><T59/><AGARI ba="0,1" hai="49,52,54,57,59,61,81,87,89,99,101,106,108,109" machi="59" ten="30,4000,0" yaku="1,1,0,1,54,1,53,0" doraHai="65" doraHaiUra="134" who="0" fromWho="0" sc="200,50,230,-20,230,-10,330,-10" /><INIT seed="2,0,0,3,3,106" ten="250,210,220,320" oya="2" hai0="49,84,21,94,99,2,109,35,96,88,60,70,66" hai1="81,122,113,6,59,73,107,110,72,105,103,25,102" hai2="27,104,14,97,79,134,118,61,108,34,125,111,4" hai3="114,58,19,54,98,116,13,48,83,115,92,50,65"/><V17/><F134/><W1/><G1/><T56/><D35/><U46/><E6/><V127/><F118/><W78/><G116/><T123/><D123/><U74/><E113/><N who="3" m="43018" /><G65/><T15/><D2/><U112/><E112/><V38/><F38/><W126/><G126/><N who="2" m="48137" /><F61/><N who="3" m="36055" /><G19/><N who="0" m="10495" /><D109/><N who="2" m="42058" /><F79/><W43/><G13/><T64/><D64/><U121/><E25/><V47/><F47/><W26/><G26/><T62/><D62/><U37/><E59/><V133/><F133/><W90/><G43/><T22/><D22/><U8/><E8/><N who="2" m="6343" /><F4/><W135/><G135/><T29/><D70/><U7/><E7/><V12/><F12/><W77/><G77/><T42/><D49/><U101/><E110/><V52/><F52/><W20/><G20/><T55/><D55/><U16/><E37/><V130/><F130/><W23/><G23/><T31/><D42/><U11/><E11/><V57/><F57/><W63/><G63/><T95/><D99/><U39/><E39/><V9/><F9/><W128/><G128/><T69/><D69/><U89/><E46/><V41/><F41/><W67/><G67/><T76/><D76/><U40/><E40/><V120/><F120/><N who="1" m="46185" /><E16/><V53/><F53/><W68/><G68/><T119/><D119/><U124/><E124/><V28/><F97/><W100/><G50/><T75/><D56/><U80/><E89/><V5/><F5/><W0/><G48/><T30/><D60/><U131/><E131/><V32/><F104/><AGARI ba="0,0" hai="72,73,74,80,81,101,102,103,104,105,107" m="46185" machi="104" ten="40,16000,3" yaku="28,2,13,1,34,2,52,3" doraHai="106" who="1" fromWho="2" sc="250,0,210,160,220,-160,320,0" /><INIT seed="3,0,0,3,5,8" ten="250,370,60,320" oya="3" hai0="32,74,100,109,107,69,63,134,72,10,5,23,87" hai1="121,45,6,75,127,108,22,38,94,11,123,52,35" hai2="119,56,104,14,83,4,80,114,61,113,68,120,70" hai3="130,54,82,128,37,92,41,102,48,126,84,19,65"/><W59/><G126/><T118/><D23/><U57/><E35/><V95/><F104/><W135/><G135/><T99/><D87/><U44/><E75/><V39/><F39/><W103/><G65/><T58/><D118/><U89/><E108/><V21/><F119/><W79/><G37/><T17/><D17/><U62/><E127/><V91/><F120/><W30/><G41/><T0/><D109/><U27/><E38/><V85/><F70/><W93/><G30/><T125/><D134/><U46/><E123/><V76/><F68/><W101/><REACH who="3" step="1"/><G19/><REACH who="3" ten="250,370,60,310" step="2"/><T105/><D125/><U20/><E121/><V116/><F116/><W18/><G18/><T67/><D58/><U9/><E6/><V26/><F113/><W24/><G24/><T16/><D16/><N who="1" m="12679" /><E22/><V132/><F114/><W31/><G31/><T55/><D55/><U50/><E9/><V111/><F132/><W49/><G49/><T88/><D32/><U53/><E11/><V78/><F111/><W43/><G43/><T124/><D124/><U96/><AGARI ba="0,1" hai="44,45,46,50,52,53,57,62,89,94,96" m="12679" machi="96" ten="30,7900,0" yaku="25,1,8,1,54,2" doraHai="8" who="1" fromWho="1" sc="250,-20,370,89,60,-20,310,-39" owari="230,-17.0,459,55.9,40,-46.0,271,7.1" /></mjloggm>