<mjloggm ver="2.3"><GO type="225" lobby="0"/><UN n0="%E6%A1%9C%E8%8A%B1%E9%96%83%E3%80%85" n1="%E5%B8%86%E7%AB%8B%E5%A4%8F%E8%A1%A3" n2="%E3%81%AF%E3%82%88%E3%81%8A%E3%81%98%E3%81%95%E3%82%93" n3="%E9%80%9F%E6%B0%B4%E5%87%9B%E9%A6%99" dan="16,17,16,16" rate="2138.22,2155.05,2116.90,2141.88" sx="M,M,M,F"/><TAIKYOKU oya="0"/><INIT seed="0,0,0,2,5,25" ten="250,250,250,250" oya="0" hai0="36,94,128,90,76,118,77,102,120,79,52,74,39" hai1="27,114,124,32,33,14,75,30,16,95,51,132,45" hai2="0,106,8,18,55,68,34,110,62,48,100,9,21" hai3="98,50,44,12,99,4,73,19,41,42,134,123,60"/><T43/><D118/><U107/><E107/><V70/><F110/><W31/><G73/><T115/><D115/><U119/><E119/><V29/><F34/><W108/><G108/><T23/><D120/><U80/><E114/><V22/><F106/><W91/><G123/><T53/><D74/><U37/><E124/><V117/><F100/><W85/><G134/><T5/><D102/><U20/><E132/><V28/><F117/><W47/><G4/><T63/><D128/><U129/><E129/><V67/><F70/><W11/><G60/><T133/><D133/><U35/><E95/><V105/><F105/><W1/><G1/><T113/><D113/><U59/><E59/><N who="2" m="37343" /><F0/><W89/><G31/><N who="2" m="11849" /><F68/><W40/><G91/><T10/><D23/><N who="2" m="8714" /><F18/><W87/><G19/><T81/><D36/><U127/><E37/><V15/><F15/><W101/><G12/><T93/><D93/><U13/><E13/><V71/><F71/><W130/><G101/><T109/><D94/><U66/><E127/><V64/><F64/><W116/><G130/><T112/><D109/><U121/><E66/><V3/><F3/><W17/><G17/><T84/><D112/><U72/><E121/><V69/><F69/><W65/><G65/><T61/><D61/><U2/><E2/><V92/><F92/><W26/><G116/><T86/><D63/><U97/><E97/><V96/><F96/><W88/><G99/><T111/><D111/><U104/><E104/><V57/><AGARI ba="0,0" hai="8,9,48,55,57" m="8714,11849,37343" machi="57" ten="30,7900,0" yaku="8,1,52,3" doraHai="25" who="2" fromWho="2" sc="250,-39,250,-20,250,79,250,-20" /><INIT seed="1,0,0,5,2,7" ten="211,230,329,230" oya="1" hai0="50,20,14,12,131,56,17,62,31,19,24,57,68" hai1="13,132,84,121,41,32,11,70,120,97,27,34,29" hai2="89,60,80,124,112,9,69,109,75,21,135,133,53" hai3="107,115,63,104,26,119,61,94,47,30,79,1,129"/><U8/><E70/><V23/><F109/><W59/><G115/><T52/><D131/><U85/><E132/><N who="2" m="50763" /><F112/><W90/><G79/><T46/><D68/><U87/><E41/><V16/><F124/><W125/><G125/><T33/><REACH who="0" step="1"/><D62/><REACH who="0" ten="201,230,329,230" step="2"/><U101/><E34/><V127/><F60/><W77/><G63/><T123/><D123/><U2/><E2/><V74/><F69/><W118/><G61/><T25/><D25/><U78/><E78/><V65/><F65/><W67/><G26/><T35/><D35/><U95/><REACH who="1" step="1"/><E11/><AGARI ba="0,1" hai="11,12,14,17,19,20,24,31,33,46,50,52,56,57" machi="11" ten="30,8000,1" yaku="1,1,7,1,52,1,54,1,53,1" doraHai="7" doraHaiUra="45" who="0" fromWho="1" sc="201,90,230,-80,329,0,230,0" /><INIT seed="2,0,0,1,0,134" ten="291,150,329,230" oya="2" hai0="73,129,42,21,31,89,24,41,74,78,34,16,111" hai1="118,39,105,119,35,114,33,52,67,108,72,90,64" hai2="91,26,110,95,121,101,44,71,37,131,68,45,5" hai3="86,69,94,66,115,80,123,54,112,47,106,88,132"/><V109/><F121/><W20/><G106/><T10/><D111/><N who="2" m="42506" /><F101/><W135/><G66/><T28/><D129/><U58/><E105/><V120/><F120/><W38/><G69/><N who="2" m="26697" /><F37/><W127/><G20/><T56/><D89/><U27/><E108/><V4/><F26/><W17/><G17/><T98/><D98/><U82/><E39/><V126/><F131/><W76/><G54/><T104/><D104/><U40/><E52/><V55/><F126/><W13/><G47/><N who="2" m="17993" /><F55/><W99/><G13/><T9/><D41/><U77/><E40/><V133/><F133/><N who="3" m="51275" /><G38/><T12/><D42/><U43/><E43/><V63/><F63/><W70/><G123/><T49/><D24/><U1/><E27/><V25/><F25/><W85/><G70/><T60/><D60/><U8/><E67/><V59/><F59/><W14/><G14/><T19/><D56/><U36/><E58/><V107/><F107/><W97/><G127/><T32/><D12/><U96/><E64/><V92/><F91/><W0/><G0/><T117/><D31/><U62/><E36/><V29/><F29/><W61/><G61/><T6/><D28/><U3/><E62/><V30/><F30/><W53/><G53/><T113/><D21/><U11/><E3/><V79/><F79/><W93/><G93/><AGARI ba="0,0" hai="4,5,92,93,95" m="17993,26697,42506" machi="93" ten="40,12000,1" yaku="28,2,14,1,10,1" doraHai="134" who="2" fromWho="3" sc="291,0,150,0,329,120,230,-120" /><INIT seed="2,1,0,0,5,65" ten="291,150,449,110" oya="2" hai0="61,124,92,10,62,110,69,13,102,129,106,54,9" hai1="112,23,81,6,84,59,46,86,96,60,0,111,104" hai2="121,64,24,131,21,76,68,93,14,101,78,26,32" hai3="39,99,4,130,125,1,8,126,107,105,100,133,42"/><V36/><F36/><W2/><G133/><T114/><D114/><U79/><E111/><V56/><F68/><W120/><G120/><T43/><D110/><U127/><E112/><V17/><F121/><W7/><G130/><T44/><D106/><U103/><E127/><V11/><F131/><W19/><G19/><T51/><D129/><U109/><E109/><V33/><F33/><W50/><G50/><T18/><D124/><U85/><E23/><V72/><F32/><W77/><G77/><T22/><D69/><U113/><E113/><V98/><F24/><W94/><G94/><T67/><D54/><U83/><E46/><V132/><F72/><W28/><G28/><T88/><D102/><U73/><E6/><V34/><F34/><W91/><G91/><T87/><D67/><U58/><E0/><V95/><F93/><W5/><G5/><T29/><D29/><U12/><E12/><V45/><F45/><W117/><G117/><T53/><D43/><U30/><E30/><N who="2" m="17743" /><F132/><W135/><G135/><T47/><D47/><U41/><E41/><V128/><F128/><W122/><G122/><T108/><D108/><U80/><E59/><V74/><F74/><W123/><G123/><T38/><D38/><U3/><E3/><V134/><F134/><W63/><G107/><T35/><D35/><U16/><E16/><V70/><F70/><W52/><G42/><T48/><D48/><U57/><E57/><V25/><F25/><W75/><G39/><T20/><D20/><U15/><E15/><V82/><F82/><W49/><G126/><T116/><D116/><RYUUKYOKU ba="1,0" sc="291,10,150,10,449,10,110,-30" hai0="9,10,13,18,22,44,51,53,61,62,87,88,92" hai1="58,60,73,79,80,81,83,84,85,86,96,103,104" hai2="11,14,17,56,64,76,78,95,98,101" /><INIT seed="2,2,0,5,3,73" ten="301,160,459,80" oya="2" hai0="122,129,57,110,80,56,85,40,90,42,75,71,28" hai1="121,20,98,48,54,74,55,64,10,123,115,66,22" hai2="132,29,37,25,4,61,108,69,101,118,93,114,51" hai3="105,88,8,97,39,133,58,38,41,63,81,46,72"/><V7/><F118/><W23/><G133/><T95/><D122/><N who="1" m="46603" /><E74/><V77/><F37/><W21/><G105/><T86/><D71/><U35/><E115/><V27/><F114/><W100/><G38/><T67/><D110/><U24/><E10/><V112/><F112/><W78/><G8/><T53/><D75/><U131/><E131/><V134/><F51/><W103/><G103/><T119/><D129/><U89/><E35/><V87/><F101/><W120/><G120/><T68/><D68/><U44/><E55/><V116/><F116/><W2/><G2/><T14/><D28/><N who="1" m="17415" /><E22/><V26/><F29/><W94/><REACH who="3" step="1"/><G100/><REACH who="3" ten="301,160,459,70" step="2"/><T111/><D119/><U59/><E44/><V49/><F134/><W130/><G130/><T107/><D107/><U34/><E34/><V43/><F132/><W1/><G1/><T19/><D111/><U83/><E98/><V62/><F108/><W0/><G0/><T106/><D106/><U11/><E11/><V31/><F31/><W9/><G9/><T82/><D42/><U6/><E6/><V45/><F43/><W52/><AGARI ba="2,1" hai="21,23,39,41,46,52,58,63,72,78,81,88,94,97" machi="52" ten="20,12000,2" yaku="1,1,0,1,7,1,52,1,54,2,53,1" doraHai="73" doraHaiUra="70" who="3" fromWho="3" sc="301,-32,160,-32,459,-62,70,136" /><INIT seed="3,0,0,5,5,86" ten="269,128,397,206" oya="3" hai0="110,76,97,33,12,80,96,18,15,55,103,90,53" hai1="112,79,29,108,32,72,125,44,1,128,127,102,77" hai2="14,22,107,62,28,88,132,45,37,64,35,20,25" hai3="10,3,47,92,69,50,131,117,61,124,52,105,118"/><W91/><G105/><T99/><D33/><U94/><E1/><V135/><F107/><W74/><G74/><T13/><D110/><U56/><E56/><V122/><F122/><W84/><G131/><T31/><D31/><U95/><E44/><V111/><F111/><W116/><G124/><N who="1" m="47690" /><E29/><V133/><F14/><N who="0" m="5738" /><D76/><N who="1" m="29259" /><E32/><V63/><F63/><W93/><G69/><T2/><D103/><U75/><E108/><V66/><F66/><W19/><G61/><T49/><D2/><U73/><E112/><V114/><F114/><W0/><G10/><T58/><D55/><U30/><E30/><V38/><F45/><W67/><G67/><T7/><D18/><U46/><E46/><V6/><F6/><W113/><G113/><T70/><D15/><U42/><E42/><V39/><F88/><W119/><G19/><T57/><D57/><AGARI ba="0,0" hai="20,22,25,28,35,37,38,39,57,62,64,132,133,135" machi="57" ten="50,1600,0" yaku="20,1" doraHai="86" who="2" fromWho="0" sc="269,-16,128,0,397,16,206,0" owari="253,5.3,128,-37.2,413,51.3,206,-19.4" /></mjloggm>