<mjloggm ver="2.3"><GO type="225" lobby="0"/><UN n0="%E6%9D%B1%E9%A2%A8%E3%81%AE%E3%81%8D%E3%82%83%E3%81%B7%E3%81%95%E3%82%93" n1="%6D%75%75%6D%75%72%61" n2="%70%68%65%6E%6F%6D%65" n3="%E3%82%BC%E3%83%AB%E3%83%80%E3%81%AE%E4%BC%9D%E8%AA%AC" dan="16,16,16,17" rate="2113.60,2095.34,2123.64,2169.91" sx="M,F,M,M"/><TAIKYOKU oya="0"/><INIT seed="0,0,0,4,2,90" ten="250,250,250,250" oya="0" hai0="125,81,131,119,40,112,10,87,20,39,6,123,7" hai1="13,67,118,107,135,100,63,59,127,61,122,70,128" hai2="105,95,130,29,51,73,71,53,114,22,4,3,58" hai3="57,36,104,66,96,9,23,79,86,77,101,33,28"/><T41/><D123/><U72/><E72/><V45/><F114/><W117/><G36/><T111/><D131/><U110/><E110/><V56/><BYE who="1" /><F130/><W83/><G117/><T55/><D125/><U120/><E120/><V11/><F105/><W76/><G9/><T14/><D119/><U21/><E21/><V113/><F113/><W84/><G33/><T82/><D112/><U12/><E12/><V103/><F73/><W15/><G84/><T94/><D111/><U43/><E43/><V93/><F71/><W54/><G66/><T129/><D129/><U17/><E17/><V31/><F103/><W50/><REACH who="3" step="1"/><G15/><REACH who="3" ten="250,250,250,240" step="2"/><T108/><D39/><U78/><E78/><V60/><F22/><W1/><G1/><T62/><D108/><U68/><E68/><V2/><F2/><W26/><AGARI ba="0,1" hai="23,26,28,50,54,57,76,77,79,83,86,96,101,104" machi="26" ten="30,4000,0" yaku="1,1,0,1,53,1" doraHai="90" doraHaiUra="24" who="3" fromWho="3" sc="250,-20,250,-10,250,-10,240,50" /><INIT seed="1,0,0,1,5,85" ten="230,240,240,290" oya="1" hai0="37,123,90,106,103,57,82,98,22,119,94,24,23" hai1="99,33,105,58,12,118,108,74,113,45,55,129,19" hai2="51,77,86,83,81,20,127,35,116,128,135,71,56" hai3="41,46,9,7,18,80,52,121,47,107,97,112,6"/><U40/><E40/><V76/><F116/><W2/><G121/><T102/><D37/><U84/><E84/><V11/><F127/><W130/><G112/><T117/><D123/><U27/><E27/><V114/><F128/><W132/><G130/><T133/><D133/><U87/><E87/><V101/><F135/><W63/><G132/><T26/><D82/><U91/><E91/><V43/><F35/><W4/><G80/><T49/><D119/><U78/><E78/><V89/><F71/><W66/><G18/><T61/><D49/><U92/><E92/><V70/><F70/><W28/><G28/><T65/><D117/><U8/><E8/><V60/><F114/><W104/><G47/><T100/><REACH who="0" step="1"/><D106/><REACH who="0" ten="220,240,240,290" step="2"/><U126/><E126/><V21/><F81/><W17/><G107/><T16/><D16/><U131/><E131/><V79/><F51/><W110/><G17/><T30/><D30/><U109/><E109/><V42/><F42/><W10/><G104/><T36/><D36/><U34/><E34/><V120/><F43/><W14/><G41/><T73/><D73/><U44/><E44/><V31/><F120/><W75/><G75/><T50/><D50/><U62/><E62/><V124/><F31/><W115/><G46/><T69/><D69/><U3/><E3/><V96/><F124/><W93/><G110/><T48/><D48/><U38/><E38/><V39/><F39/><W25/><G2/><T0/><D0/><U88/><E88/><V32/><F77/><W95/><G63/><T13/><D13/><U5/><E5/><V54/><F79/><RYUUKYOKU ba="0,1" sc="220,30,240,-10,240,-10,290,-10" hai0="22,23,24,26,57,61,65,90,94,98,100,102,103" /><INIT seed="2,1,1,2,2,38" ten="250,230,230,280" oya="2" hai0="10,105,46,103,82,98,94,84,54,86,83,45,107" hai1="113,49,114,78,126,99,64,69,71,41,47,20,11" hai2="50,122,48,8,92,68,97,53,96,66,60,13,62" hai3="25,90,119,51,30,120,81,58,73,106,72,24,2"/><V65/><F122/><W29/><G106/><T35/><D35/><U133/><E133/><V9/><F53/><W87/><G2/><T102/><D10/><U56/><E56/><V118/><F118/><W44/><G58/><T125/><D54/><U77/><E77/><V6/><F13/><W36/><G36/><T91/><D46/><U124/><E124/><V52/><F6/><W101/><G101/><N who="0" m="38411" /><D45/><U89/><E89/><V43/><F43/><W32/><G119/><T131/><D131/><U22/><E22/><V67/><F50/><W116/><G120/><T59/><D59/><U1/><E1/><V14/><F14/><W63/><G63/><N who="2" m="24105" /><F68/><W74/><G116/><T115/><D115/><U117/><E117/><V79/><F79/><W80/><G80/><N who="0" m="30763" /><D125/><U42/><E42/><V31/><F31/><W132/><G132/><T128/><D128/><U0/><E0/><V17/><F17/><W57/><G57/><T37/><D37/><U55/><E55/><V127/><F127/><W39/><G39/><T28/><D28/><U112/><E112/><V61/><N who="2" m="24113" /><V16/><DORA hai="15" /><F16/><W104/><G30/><T88/><D98/><N who="2" m="37994" /><F92/><AGARI ba="1,1" hai="84,86,88,91,92,94,105,107" m="30763,38411" machi="92" ten="30,12000,2" yaku="35,5,54,1" doraHai="38,15" who="0" fromWho="2" sc="250,133,230,0,230,-123,280,0" /><INIT seed="3,0,0,5,2,115" ten="383,230,107,280" oya="3" hai0="31,18,28,61,124,45,77,24,21,110,63,1,70" hai1="118,27,81,127,43,116,134,39,32,33,71,41,17" hai2="58,6,121,19,125,93,54,7,111,132,73,35,95" hai3="15,101,102,83,80,117,79,100,69,131,78,129,48"/><W84/><G69/><T66/><D110/><U72/><E72/><V36/><F111/><W130/><G48/><T97/><D124/><U89/><E89/><V128/><F125/><W55/><G15/><T74/><D1/><U106/><E106/><V29/><F121/><W49/><G49/><T42/><D97/><U108/><E108/><V64/><F128/><W98/><G55/><T109/><D109/><U68/><E68/><V104/><F132/><W40/><G40/><T123/><D61/><U62/><E62/><V3/><F104/><W126/><G126/><T86/><D74/><U122/><E122/><V25/><F73/><N who="3" m="43087" /><G117/><T120/><D120/><U87/><E87/><V47/><F64/><W22/><G22/><T12/><D123/><U37/><E37/><V9/><F7/><W44/><G44/><T76/><D86/><U91/><E91/><V96/><F96/><W16/><G16/><T59/><D70/><U38/><E38/><V88/><F19/><W0/><G0/><T105/><D105/><AGARI ba="0,0" hai="79,83,84,98,100,101,102,105,129,130,131" m="43087" machi="105" ten="30,5800,0" yaku="19,1,34,2" doraHai="115" who="3" fromWho="0" sc="383,-58,230,0,107,0,280,58" owari="325,12.5,230,-17.0,107,-39.3,338,43.8" /></mjloggm>