<mjloggm ver="2.3"><GO type="225" lobby="0"/><UN n0="%E5%A4%96%E5%B7%9D%E7%AB%9C%E6%88%90" n1="%E3%81%AF%E3%82%88%E3%81%8A%E3%81%98%E3%81%95%E3%82%93" n2="%E3%81%8F%E3%81%BE%E3%81%96%E3%82%8F" n3="%74%61%6B%75%61%6B%61" dan="16,16,16,16" rate="2111.01,2182.22,2079.07,2166.87" sx="M,M,M,M"/><TAIKYOKU oya="0"/><INIT seed="0,0,0,1,0,112" ten="250,250,250,250" oya="0" hai0="50,60,89,53,86,72,25,80,21,91,88,70,4" hai1="29,22,51,96,85,63,119,1,106,16,108,134,56" hai2="123,107,14,117,113,34,79,100,84,35,5,128,9" hai3="75,39,12,132,121,32,124,65,33,11,19,26,43"/><T118/><D118/><U129/><E119/><V120/><F113/><W31/><G75/><T45/><D72/><U126/><E1/><V6/><F117/><W94/><G124/><T18/><REACH who="0" step="1"/><D4/><REACH who="0" ten="240,250,250,250" step="2"/><U66/><E126/><V49/><F5/><W131/><G121/><T74/><D74/><U62/><E129/><V93/><F128/><W37/><G131/><T71/><D71/><U44/><E134/><V47/><F6/><W114/><G114/><T52/><D52/><U0/><E0/><V3/><F3/><W67/><G132/><T122/><D122/><U30/><E108/><V82/><F123/><W92/><G65/><AGARI ba="0,1" hai="18,21,25,45,50,53,60,65,70,80,86,88,89,91" machi="65" ten="40,7700,0" yaku="1,1,54,1,53,1" doraHai="112" doraHaiUra="15" who="0" fromWho="3" sc="240,87,250,0,250,0,250,-77" /><INIT seed="0,1,0,0,3,36" ten="327,250,250,173" oya="0" hai0="87,37,133,126,24,47,22,117,3,50,118,49,112" hai1="101,35,122,104,1,131,31,62,123,25,0,65,107" hai2="19,128,92,99,43,51,10,116,23,129,81,61,6" hai3="7,80,91,86,77,75,27,109,108,103,130,72,58"/><T13/><D112/><U5/><E131/><N who="2" m="50251" /><F116/><W106/><G7/><T95/><D13/><U11/><E0/><N who="2" m="327" /><F61/><W4/><G4/><T67/><D67/><U135/><E135/><V121/><F81/><W98/><G130/><T111/><D3/><U42/><E42/><V46/><F121/><W38/><G38/><T74/><D74/><U41/><E41/><V20/><F19/><W28/><G58/><T16/><D50/><U71/><E107/><V32/><F32/><W73/><G27/><T134/><D37/><U57/><E57/><V132/><F132/><N who="0" m="50794" /><D95/><U60/><E62/><V84/><F84/><W110/><REACH who="3" step="1"/><G28/><REACH who="3" ten="327,250,250,163" step="2"/><T70/><D24/><U64/><E65/><V52/><F52/><W12/><G12/><T2/><D118/><U94/><E123/><V18/><F18/><W21/><G21/><T44/><D16/><U97/><E122/><V56/><F56/><W30/><G30/><T59/><D22/><U39/><E39/><V114/><F114/><W33/><G33/><T68/><D117/><U125/><E35/><V82/><F20/><W29/><G29/><T15/><D15/><U63/><E31/><V9/><F23/><W113/><G113/><T124/><D2/><U85/><E25/><V127/><F9/><W76/><AGARI ba="1,1" hai="72,73,75,76,77,80,86,91,98,103,106,108,109,110" machi="76" ten="40,12000,2" yaku="1,1,0,1,14,1,34,3,53,0" doraHai="36" doraHaiUra="53" who="3" fromWho="3" sc="327,-61,250,-31,250,-31,163,133" /><INIT seed="1,0,0,0,5,25" ten="266,219,219,296" oya="1" hai0="7,134,9,125,22,66,99,107,15,3,96,101,52" hai1="119,26,95,104,117,130,83,102,112,20,10,135,28" hai2="37,38,109,121,36,19,12,41,4,82,106,48,70" hai3="35,120,93,88,100,90,87,113,8,46,98,54,132"/><U62/><E112/><V50/><F121/><W69/><G120/><T115/><D115/><U40/><E104/><V67/><F109/><W16/><G113/><T97/><D125/><U55/><E130/><V17/><F106/><W94/><G69/><T39/><D39/><U27/><E135/><V30/><F70/><W110/><G35/><T44/><D134/><U76/><E40/><V33/><F67/><W84/><G110/><T58/><D44/><U103/><E10/><V131/><F131/><W34/><G34/><T116/><D66/><U128/><E128/><V64/><F64/><W74/><G74/><T43/><D43/><U92/><E27/><V60/><F60/><W56/><G46/><T81/><D81/><U1/><E1/><V47/><F82/><W2/><G2/><T63/><D116/><U78/><E119/><V59/><F4/><W42/><G42/><T5/><D5/><U73/><E117/><V53/><REACH who="2" step="1"/><F12/><REACH who="2" ten="266,219,209,296" step="2"/><N who="3" m="7175" /><G132/><T21/><D3/><U79/><E83/><V13/><F13/><W133/><G133/><T68/><D68/><U86/><E73/><V18/><F18/><W80/><G93/><N who="1" m="35914" /><E86/><N who="3" m="32810" /><G80/><T57/><D107/><U11/><E11/><V114/><F114/><W32/><G32/><T24/><D9/><U118/><E118/><V127/><F127/><W29/><G29/><T0/><D0/><U14/><E14/><V45/><F45/><W6/><G6/><T105/><D7/><U61/><E62/><AGARI ba="0,1" hai="54,56,62,88,90,94,98,100" m="32810,7175" machi="62" ten="30,3900,0" yaku="8,1,54,2" doraHai="25" who="3" fromWho="1" sc="266,0,219,-39,209,0,296,49" /><INIT seed="2,0,0,1,5,98" ten="266,180,209,345" oya="2" hai0="10,54,19,89,122,91,62,59,126,40,35,83,52" hai1="3,76,60,28,97,104,130,79,68,6,119,92,113" hai2="48,45,42,7,26,121,39,67,41,127,20,96,33" hai3="77,74,14,25,5,94,90,120,103,105,131,112,81"/><V72/><F127/><W110/><G110/><T44/><D35/><U4/><E104/><V95/><F121/><W125/><G120/><T16/><D126/><U51/><E119/><V82/><F33/><W78/><G125/><T0/><D122/><U75/><E113/><V111/><F111/><W1/><G1/><T64/><D0/><U109/><E109/><V134/><F134/><W117/><G117/><T116/><D116/><U56/><E130/><V36/><F7/><N who="1" m="2601" /><E75/><V49/><F67/><W66/><G131/><T24/><D24/><U61/><E68/><V63/><F63/><N who="1" m="24137" /><E28/><V29/><F82/><W71/><G25/><T133/><D91/><U132/><E3/><V12/><F72/><W70/><G66/><T128/><D128/><U114/><E114/><V101/><F12/><W8/><G77/><T108/><D133/><U46/><E56/><V84/><F39/><W55/><G112/><T22/><D10/><U30/><E30/><V34/><F36/><W57/><G105/><T37/><D19/><U65/><E65/><V47/><F34/><W135/><G135/><T118/><D118/><U115/><E115/><V2/><F2/><W87/><G70/><T43/><D108/><U102/><E132/><V32/><F32/><W88/><G71/><T23/><D23/><U106/><E106/><V13/><F13/><W124/><G124/><T11/><D22/><U58/><E58/><V85/><AGARI ba="0,0" hai="20,26,29,41,42,45,47,48,49,84,85,95,96,101" machi="85" ten="30,11700,0" yaku="0,1,9,1,8,1,52,1" doraHai="98" who="2" fromWho="2" sc="266,-39,180,-39,209,117,345,-39" /><INIT seed="2,1,0,4,3,49" ten="227,141,326,306" oya="2" hai0="104,14,80,97,106,45,79,86,57,85,13,19,24" hai1="2,111,21,92,125,43,17,48,67,61,63,23,60" hai2="58,117,127,133,116,16,122,119,91,54,87,89,37" hai3="88,114,70,98,8,110,73,109,135,102,74,55,84"/><V25/><F122/><W115/><G70/><T36/><D36/><U38/><E2/><V11/><F127/><W64/><G64/><T4/><D45/><U10/><E125/><V69/><F69/><W22/><G22/><T52/><D86/><U77/><E111/><N who="3" m="42506" /><G55/><T72/><D72/><N who="3" m="27753" /><G8/><T44/><D44/><U1/><E38/><V130/><F130/><W90/><G135/><T56/><D56/><U124/><E124/><V94/><F133/><W50/><G50/><T132/><D132/><U93/><E1/><V28/><F37/><W113/><G84/><T66/><D66/><U26/><E67/><V82/><F11/><W118/><G118/><T47/><D47/><N who="1" m="25727" /><E10/><V129/><F129/><W51/><G51/><T81/><D4/><U3/><E3/><V103/><F28/><W32/><G32/><T59/><D59/><U20/><E77/><N who="2" m="46543" /><F25/><W5/><G5/><T96/><D24/><N who="1" m="14351" /><E21/><V35/><F35/><W131/><G131/><T126/><D13/><U68/><E68/><V134/><F134/><W34/><G34/><T39/><D39/><U15/><E15/><V41/><F41/><W9/><G9/><T95/><D126/><U0/><E0/><V65/><F65/><W7/><G7/><T42/><D42/><U107/><E23/><V31/><F31/><W29/><G29/><T33/><D33/><U27/><E27/><V105/><F16/><W121/><G121/><T101/><D14/><U108/><E108/><V30/><F30/><W128/><G128/><T40/><D19/><U75/><E26/><V112/><F119/><W83/><G83/><RYUUKYOKU ba="1,0" sc="227,-10,141,-10,326,-10,306,30" hai3="88,90,98,102,113,114,115" /><INIT seed="3,2,0,1,2,126" ten="217,131,316,336" oya="3" hai0="82,128,75,81,47,61,40,74,14,37,55,43,91" hai1="54,97,9,7,68,23,121,48,29,5,44,113,17" hai2="28,56,80,71,24,98,87,1,50,116,84,38,94" hai3="117,18,6,22,57,118,112,95,101,58,131,19,115"/><W90/><G101/><T34/><D34/><U59/><E113/><N who="3" m="43594" /><G131/><T39/><D128/><U110/><E121/><V122/><F116/><W60/><G6/><T105/><D105/><U21/><E68/><V108/><F108/><W111/><G57/><T30/><D30/><U16/><E110/><V20/><F122/><W67/><G111/><T27/><D27/><U127/><E127/><V134/><F134/><W93/><G18/><T79/><D14/><U4/><E97/><V45/><F71/><W114/><G114/><T132/><D132/><U135/><E135/><V120/><F120/><W133/><G93/><T83/><D91/><U46/><E9/><V125/><F125/><W2/><G2/><T52/><D61/><U41/><E29/><V124/><F1/><W85/><G133/><T3/><D3/><U0/><E0/><V73/><F124/><W129/><G129/><T35/><D35/><U66/><E66/><V88/><F56/><W49/><G49/><T86/><D86/><U89/><E89/><V26/><F26/><N who="3" m="14687" /><G118/><T51/><D51/><U32/><E32/><V62/><F62/><W109/><G109/><T25/><D25/><U15/><REACH who="1" step="1"/><E41/><REACH who="1" ten="217,121,316,336" step="2"/><V63/><F28/><W107/><G117/><T13/><D43/><U103/><E103/><V33/><F33/><W99/><G99/><T65/><D40/><U70/><E70/><V42/><F98/><W106/><G67/><T102/><D65/><U64/><E64/><V36/><F88/><W10/><G10/><T72/><D102/><U92/><E92/><V130/><F94/><W123/><G123/><RYUUKYOKU ba="2,1" sc="217,-15,121,15,316,-15,336,15" hai1="4,5,7,15,16,17,21,23,44,46,48,54,59" hai3="58,60,85,90,95,106,107" owari="202,-19.8,136,-36.4,301,10.1,361,46.1" /></mjloggm>