<mjloggm ver="2.3"><GO type="225" lobby="0"/><UN n0="%6D%75%75%6D%75%72%61" n1="%72%61%6B%33" n2="%E3%81%A1%E3%82%85%E3%81%86%E3%81%A9%E3%81%8F%E8%B1%A1%E3%81%95%E3%82%93" n3="%E3%81%8C%E3%81%9F" dan="16,16,17,16" rate="2132.95,2149.26,2189.29,2069.15" sx="F,M,M,F"/><TAIKYOKU oya="0"/><INIT seed="0,0,0,5,1,32" ten="250,250,250,250" oya="0" hai0="127,58,80,12,17,61,9,69,90,47,129,94,38" hai1="1,97,66,34,105,45,42,98,59,104,130,53,15" hai2="62,39,24,27,64,85,23,84,77,11,72,0,133" hai3="91,2,63,96,76,36,18,81,131,93,120,49,110"/><T108/><D129/><U4/><E34/><V87/><F133/><W22/><G36/><T128/><D128/><U5/><E130/><V118/><F39/><W116/><G116/><T25/><D127/><U124/><E66/><V43/><F43/><W119/><G131/><T102/><D69/><U73/><E73/><V103/><F103/><W35/><G35/><T6/><D102/><U48/><E124/><V86/><F118/><W37/><G37/><T51/><D38/><U92/><E15/><V132/><F132/><W99/><G110/><T125/><D125/><U107/><E92/><V57/><N who="2" m="21504" /><DORA hai="74" /><V82/><REACH who="2" step="1"/><F23/><REACH who="2" ten="250,250,240,250" step="2"/><W89/><G22/><N who="0" m="13519" /><D108/><U67/><E42/><V50/><F50/><W31/><G49/><T70/><D80/><U10/><REACH who="1" step="1"/><E5/><AGARI ba="0,1" hai="0,5,11,24,27,57,62,64,72,77,82" m="21504" machi="5" ten="50,8000,1" yaku="1,1,52,2,53,1" doraHai="32,74" doraHaiUra="13,54" who="2" fromWho="1" sc="250,0,250,-80,240,90,250,0" /><INIT seed="1,0,0,2,3,24" ten="250,170,330,250" oya="1" hai0="109,52,57,69,36,5,48,28,7,18,53,17,12" hai1="95,46,26,35,8,117,91,43,121,113,15,29,59" hai2="87,55,38,9,16,128,22,47,92,83,71,33,106" hai3="94,76,130,81,68,49,66,1,98,108,14,101,134"/><U100/><E113/><V110/><F106/><W25/><G1/><T34/><D109/><U86/><E117/><V82/><F33/><W111/><G130/><T0/><D36/><U39/><E59/><V116/><F71/><W21/><G134/><T129/><D69/><U20/><E121/><V11/><F116/><W78/><G14/><T73/><D0/><U13/><E35/><V79/><F110/><N who="3" m="42027" /><G49/><T93/><D73/><U56/><E100/><V4/><F92/><W31/><G81/><T133/><D17/><U63/><REACH who="1" step="1"/><E8/><REACH who="1" ten="250,160,330,250" step="2"/><V50/><F9/><W65/><G68/><T32/><D32/><U74/><E74/><V89/><F11/><W40/><G40/><T123/><D123/><U85/><E85/><V64/><F87/><W19/><G66/><AGARI ba="0,1" hai="13,15,20,26,29,39,43,46,56,63,66,86,91,95" machi="66" ten="30,11600,0" yaku="1,1,7,1,52,1,53,1" doraHai="24" doraHaiUra="60" who="1" fromWho="3" sc="250,0,160,126,330,0,250,-116" /><INIT seed="1,1,0,4,2,131" ten="250,286,330,134" oya="1" hai0="34,99,66,7,97,101,16,103,127,22,88,30,61" hai1="116,135,50,70,76,107,83,117,21,133,126,115,90" hai2="134,37,31,82,18,109,58,55,111,5,112,35,23" hai3="128,96,129,108,78,1,44,69,80,92,3,17,39"/><U42/><E115/><V38/><F112/><W122/><G122/><T25/><D127/><U6/><E70/><V81/><F5/><W105/><G69/><T125/><D125/><U57/><E126/><V59/><F31/><W84/><G108/><N who="2" m="41545" /><F35/><W79/><G105/><T51/><D7/><U89/><E107/><V9/><F9/><W19/><G78/><T24/><D51/><U26/><E6/><V36/><F134/><N who="1" m="51209" /><E57/><N who="2" m="21515" /><F55/><W41/><G3/><T67/><D67/><U27/><E50/><V119/><F119/><N who="1" m="45641" /><E42/><V33/><F33/><W73/><G1/><T94/><D99/><U120/><E120/><V15/><AGARI ba="1,0" hai="15,18,23,36,37,38,81,82" m="21515,41545" machi="15" ten="40,1500,0" yaku="14,1" doraHai="131" who="2" fromWho="2" sc="250,-5,286,-8,330,18,134,-5" /><INIT seed="2,0,0,2,5,119" ten="245,278,348,129" oya="2" hai0="98,107,61,20,8,91,134,64,93,25,3,121,52" hai1="18,57,22,83,51,29,1,81,23,27,85,87,71" hai2="31,28,86,94,35,96,38,19,80,49,120,109,101" hai3="114,39,70,77,21,16,116,56,122,76,53,60,68"/><V26/><F38/><W13/><G116/><T88/><D107/><U113/><E71/><V131/><F131/><W10/><G114/><T24/><D121/><U75/><E1/><V135/><F135/><W133/><G133/><T45/><D134/><U63/><E113/><V15/><F28/><W126/><G126/><T55/><D3/><U117/><E51/><V67/><F67/><W89/><G39/><T54/><D8/><U47/><E47/><V58/><F109/><W104/><G104/><T125/><D125/><U127/><E117/><V118/><F118/><W111/><G111/><T14/><D45/><U7/><E7/><V102/><F49/><W130/><G130/><T40/><D40/><U105/><E105/><V106/><F58/><W30/><G122/><T97/><D14/><U110/><E110/><V12/><F120/><W5/><G30/><T62/><D64/><N who="1" m="39023" /><E75/><V2/><F2/><W90/><G68/><T33/><D33/><U132/><E127/><V59/><F59/><W11/><G70/><T129/><D24/><N who="1" m="16535" /><E132/><V42/><F42/><W4/><G76/><T32/><D32/><U124/><E124/><V82/><F12/><W6/><REACH who="3" step="1"/><G77/><REACH who="3" ten="245,278,348,119" step="2"/><T108/><D129/><U50/><E50/><V37/><F37/><W128/><G128/><T123/><D108/><U65/><E65/><V103/><F106/><W73/><G73/><T36/><D123/><U43/><E43/><V44/><F31/><W95/><G95/><N who="0" m="56551" /><D36/><U72/><E72/><V92/><F92/><W74/><G74/><T99/><D99/><U115/><E115/><V34/><F96/><RYUUKYOKU ba="0,1" sc="245,10,278,10,348,-30,119,10" hai0="20,25,52,54,55,61,62,91,93,98" hai1="18,23,27,81,83,85,87" hai3="4,5,6,10,11,13,16,21,53,56,60,89,90" /><INIT seed="3,1,1,5,1,28" ten="255,288,318,129" oya="3" hai0="113,53,17,41,121,19,124,40,69,103,33,92,134" hai1="47,14,45,37,99,87,2,10,122,130,105,3,43" hai2="131,109,71,31,55,63,102,108,62,125,98,95,90" hai3="107,132,66,54,101,135,128,67,104,39,111,27,86"/><W30/><G39/><T12/><D121/><U34/><E122/><V100/><F131/><W51/><G128/><T89/><D69/><U112/><E112/><V72/><F125/><W25/><G86/><T85/><D124/><U52/><E130/><V18/><F72/><W76/><G76/><T75/><D75/><U46/><E34/><V15/><F31/><W1/><G1/><T68/><D33/><U29/><E29/><V120/><F120/><W11/><G11/><T0/><D0/><U97/><E47/><V22/><F55/><W61/><G101/><N who="2" m="39017" /><F71/><W59/><G67/><T7/><D68/><U88/><E105/><V116/><F116/><W23/><G27/><T82/><D134/><U16/><E2/><V118/><F118/><W74/><G74/><T42/><D113/><U36/><E3/><V83/><F83/><W119/><G119/><T96/><D53/><U79/><E79/><V94/><F95/><W56/><REACH who="3" step="1"/><G111/><AGARI ba="1,1" hai="15,18,22,62,63,90,94,98,108,109,111" m="39017" machi="111" ten="30,1000,0" yaku="14,1" doraHai="28" who="2" fromWho="3" sc="255,0,288,0,318,23,129,-13" owari="255,-14.5,288,8.8,341,44.1,116,-38.4" /></mjloggm>