<mjloggm ver="2.3"><GO type="225" lobby="0"/><UN n0="%6B%79%6F%6E%6B%6F%31%31" n1="%79%75%72%69%6D%6F%67" n2="%E3%83%95%E3%83%AB%E3%83%8F%E3%82%A6%E3%82%B9%37%37%37" n3="%E6%98%93%E5%88%A9%E8%96%A9%E4%BC%AF" dan="16,16,16,16" rate="2149.62,2129.03,2041.25,2111.92" sx="M,F,M,F"/><TAIKYOKU oya="0"/><INIT seed="0,0,0,3,3,110" ten="250,250,250,250" oya="0" hai0="28,107,4,64,131,74,65,94,130,50,135,134,97" hai1="112,24,83,39,75,7,82,59,40,72,20,54,133" hai2="108,17,30,48,106,78,46,87,102,10,26,5,77" hai3="43,76,95,47,3,66,92,58,44,37,123,0,99"/><T86/><D74/><U33/><E33/><V85/><F108/><W104/><G123/><T19/><D28/><U42/><E75/><V27/><F102/><W12/><G104/><T80/><D4/><U55/><E72/><V126/><F106/><W41/><G76/><N who="2" m="29289" /><F126/><W36/><G12/><T120/><D120/><U52/><E112/><V91/><F5/><W21/><G21/><T93/><D107/><U51/><E39/><V96/><F30/><W90/><REACH who="3" step="1"/><G92/><REACH who="3" ten="250,250,250,240" step="2"/><T1/><D94/><U9/><E83/><V128/><F26/><W57/><G57/><T32/><D32/><U2/><E82/><V61/><F27/><W129/><G129/><N who="0" m="49163" /><D1/><U118/><E118/><V29/><F128/><W67/><G67/><T117/><D117/><U70/><E70/><V8/><F8/><W121/><G121/><T103/><D64/><U114/><E114/><V60/><F10/><W71/><G71/><T6/><D65/><U115/><E115/><V18/><F46/><W62/><AGARI ba="0,1" hai="0,3,36,37,41,43,44,47,58,62,66,90,95,99" machi="62" ten="30,4000,0" yaku="1,1,0,1,9,1,53,0" doraHai="110" doraHaiUra="100" who="3" fromWho="3" sc="250,-20,250,-10,250,-10,240,50" /><INIT seed="1,0,0,2,2,114" ten="230,240,240,290" oya="1" hai0="120,10,111,16,52,66,88,89,68,56,32,133,75" hai1="84,28,37,17,36,72,1,135,42,98,50,15,31" hai2="103,11,7,106,57,41,44,20,3,78,86,24,62" hai3="73,115,63,123,121,131,94,80,95,134,69,118,9"/><U113/><E72/><V108/><F108/><W59/><G9/><T5/><D32/><U47/><E1/><V99/><F86/><W18/><G69/><T93/><D75/><U13/><E113/><V122/><F78/><W43/><G115/><T127/><D111/><U91/><E135/><V96/><F96/><W128/><G43/><T14/><D133/><U117/><E117/><V101/><F101/><W2/><G2/><T48/><D127/><U79/><E37/><V61/><F57/><W0/><G0/><T12/><D120/><N who="3" m="46153" /><G18/><T30/><D30/><U107/><E79/><V124/><F122/><W70/><G70/><T132/><D132/><U85/><E85/><V82/><F82/><W105/><G105/><T35/><D35/><U23/><E36/><V29/><REACH who="2" step="1"/><F124/><REACH who="2" ten="230,240,230,290" step="2"/><W67/><G80/><T110/><D110/><U8/><E98/><V38/><AGARI ba="0,1" hai="3,7,11,20,24,29,38,41,44,61,62,99,103,106" machi="38" ten="20,5200,0" yaku="1,1,2,1,0,1,7,1,53,0" doraHai="114" doraHaiUra="45" who="2" fromWho="2" sc="230,-13,240,-26,230,62,290,-13" /><INIT seed="2,0,0,0,4,74" ten="217,214,292,277" oya="2" hai0="122,40,112,58,28,3,107,85,16,4,56,96,10" hai1="121,67,128,108,63,98,18,31,93,69,36,23,103" hai2="99,77,131,42,27,6,5,0,88,86,7,52,70" hai3="120,50,109,9,46,38,129,124,117,116,134,135,54"/><V51/><F70/><W45/><G9/><T132/><D112/><U55/><E108/><V84/><F0/><W37/><G120/><T133/><D122/><U104/><E128/><V115/><F115/><W80/><G80/><T35/><D40/><U25/><E36/><N who="3" m="13930" /><G109/><T76/><D28/><U65/><E121/><V43/><F131/><W71/><G71/><T11/><D35/><U72/><E72/><V41/><F27/><W79/><G79/><T60/><D107/><U66/><E55/><V14/><F14/><W105/><G105/><T114/><D96/><U32/><REACH who="1" step="1"/><E93/><REACH who="1" ten="217,204,292,277" step="2"/><N who="2" m="56743" /><F77/><W125/><G129/><T68/><D114/><U75/><E75/><V113/><F113/><W110/><G110/><T30/><D76/><U73/><E73/><V62/><F62/><W111/><G111/><T127/><D68/><U118/><E118/><N who="3" m="45674" /><G46/><AGARI ba="0,1" hai="5,6,7,41,42,43,46,51,52,84,86" m="56743" machi="46" ten="30,5800,0" yaku="8,1,54,2" doraHai="74" who="2" fromWho="3" sc="217,0,204,0,292,68,277,-58" /><INIT seed="2,1,0,0,2,108" ten="217,204,360,219" oya="2" hai0="135,8,22,73,127,125,21,88,39,79,50,38,59" hai1="96,77,81,133,129,94,112,13,65,46,54,2,124" hai2="120,44,16,29,101,49,97,68,51,106,55,128,86" hai3="123,113,100,48,122,28,69,52,95,117,91,42,27"/><V19/><F120/><W10/><G69/><T115/><D79/><U9/><E2/><V61/><F128/><W18/><G117/><T92/><D73/><U53/><E124/><N who="0" m="47689" /><D135/><U72/><E129/><V7/><F7/><W25/><G42/><T93/><D93/><U58/><E133/><V26/><F86/><W66/><G66/><T15/><D115/><U71/><E71/><V12/><F51/><W109/><G100/><T5/><D59/><U17/><E65/><N who="2" m="41007" /><F12/><W0/><G109/><T78/><D50/><U4/><E46/><V119/><F119/><W130/><G130/><T110/><D78/><U111/><E111/><V83/><F83/><W82/><G82/><T114/><D114/><U121/><E121/><V99/><F99/><W23/><G113/><T70/><D70/><U34/><E34/><AGARI ba="1,0" hai="16,19,26,29,34,44,49,55,97,101,106" m="41007" machi="34" ten="30,2900,0" yaku="25,1,54,1" doraHai="108" who="2" fromWho="1" sc="217,0,204,-32,360,32,219,0" /><INIT seed="2,2,0,2,4,64" ten="217,172,392,219" oya="2" hai0="84,10,25,70,83,69,114,110,19,109,133,51,4" hai1="22,44,120,46,58,52,26,16,125,67,5,27,62" hai2="75,76,82,87,15,102,98,106,113,35,63,47,24" hai3="59,79,90,43,126,41,73,23,40,128,101,36,53"/><V7/><F113/><W21/><G36/><T11/><D114/><U134/><E125/><V93/><F47/><W39/><G39/><T97/><D133/><U65/><E134/><V92/><F7/><W74/><G128/><T2/><D51/><U108/><E108/><N who="0" m="41577" /><D97/><U100/><E120/><V37/><F37/><W20/><G101/><T116/><D116/><U124/><E124/><V42/><F42/><W112/><G112/><T78/><D11/><U66/><E5/><V57/><F15/><W118/><G118/><T38/><D38/><U77/><E100/><V80/><F24/><W56/><G126/><T117/><D117/><U13/><E77/><V0/><F35/><W135/><G135/><T88/><D78/><U29/><REACH who="1" step="1"/><E27/><REACH who="1" ten="217,162,392,219" step="2"/><V9/><F76/><W6/><G6/><T103/><D103/><U91/><E91/><V115/><F102/><W14/><G79/><T107/><D107/><U30/><E30/><V86/><F106/><W18/><G90/><T55/><D55/><U28/><E28/><V50/><F115/><W129/><G129/><T48/><D48/><U8/><AGARI ba="2,1" hai="8,13,16,22,26,29,44,46,52,58,62,65,66,67" machi="8" ten="30,16000,3" yaku="1,1,0,1,8,1,54,2,53,3" doraHai="64" doraHaiUra="61" who="1" fromWho="1" sc="217,-42,162,176,392,-82,219,-42" /><INIT seed="3,0,0,3,5,128" ten="175,338,310,177" oya="3" hai0="79,21,135,48,50,14,29,31,121,105,134,65,44" hai1="13,110,85,30,70,115,120,63,16,119,100,0,88" hai2="9,73,68,102,116,114,72,32,127,34,132,76,1" hai3="24,81,53,111,40,126,109,5,28,36,113,94,42"/><W56/><G113/><T18/><D121/><U103/><E120/><V92/><F68/><W96/><G126/><T108/><D105/><U19/><E115/><V131/><F114/><W4/><G81/><T125/><D125/><U55/><E0/><V84/><F116/><W112/><G112/><T93/><D108/><N who="3" m="41545" /><G36/><T2/><D2/><U77/><E119/><V82/><F127/><W17/><G17/><T69/><D79/><U51/><E77/><V64/><F131/><W78/><G78/><T118/><D118/><U104/><E104/><V87/><F73/><W12/><G12/><T22/><D93/><U10/><E30/><V107/><F72/><W60/><G5/><T124/><D124/><U117/><E117/><V54/><F82/><W62/><G4/><T47/><D65/><U58/><E110/><V106/><F76/><W41/><G62/><T37/><D69/><U38/><E38/><V3/><F3/><W35/><G42/><T20/><D37/><U66/><E19/><V27/><F1/><W23/><G35/><T57/><D57/><U133/><E133/><N who="0" m="50697" /><D31/><U67/><E67/><V97/><F132/><W46/><G46/><N who="0" m="17451" /><D29/><U49/><E49/><AGARI ba="0,0" hai="14,18,20,21,22,48,49,50" m="17451,50697" machi="49" ten="30,7700,0" yaku="20,1,52,3" doraHai="128" who="0" fromWho="1" sc="175,77,338,-77,310,0,177,0" owari="252,-14.8,261,6.1,310,41.0,177,-32.3" /></mjloggm>