<mjloggm ver="2.3"><GO type="225" lobby="0"/><UN n0="%E3%82%BC%E3%83%AB%E3%83%80%E3%81%AE%E4%BC%9D%E8%AA%AC" n1="%E3%83%B4%E3%82%A3%E3%83%AF%E3%82%B3%E3%82%B0%E3%83%8B" n2="%E6%97%A5%E6%9B%9C%E6%97%A5%E3%82%88%E3%82%8A%E3%81%AE%E4%BD%BF%E8%80%85" n3="%E3%83%A1%E3%82%AC%E3%83%87%E3%82%B8" dan="16,16,18,16" rate="2175.29,2129.43,2178.67,2066.91" sx="M,M,M,F"/><TAIKYOKU oya="0"/><INIT seed="0,0,0,3,4,37" ten="250,250,250,250" oya="0" hai0="87,43,49,112,131,33,59,109,119,93,75,13,28" hai1="90,133,126,65,58,10,62,130,4,84,103,23,50" hai2="114,71,122,106,8,116,70,6,100,97,18,128,77" hai3="132,24,115,82,21,129,7,16,25,44,121,68,54"/><T11/><D75/><U27/><E130/><V41/><F114/><W0/><G115/><T110/><D112/><U15/><E126/><V66/><F122/><W45/><G129/><T34/><D131/><U32/><E133/><V99/><F128/><W91/><G68/><T80/><D93/><U89/><E32/><V56/><F116/><W88/><G132/><T85/><D119/><U95/><E50/><V57/><F77/><W48/><G121/><T120/><D120/><U35/><E35/><V64/><F18/><W51/><G0/><T94/><D94/><U12/><E12/><V86/><F86/><N who="0" m="32778" /><D80/><U55/><E55/><V111/><F111/><N who="0" m="42506" /><D28/><N who="1" m="17535" /><E84/><V118/><F118/><W47/><G82/><T67/><D67/><U124/><E124/><V127/><F66/><W26/><G7/><N who="0" m="3327" /><D59/><U69/><E69/><V81/><F64/><W113/><G113/><T36/><D49/><N who="3" m="19017" /><G54/><T125/><D125/><U92/><E92/><V42/><F127/><W9/><G9/><T102/><D102/><U38/><E38/><V53/><F81/><W46/><N who="3" m="11264" /><DORA hai="104" /><W78/><G78/><T135/><D135/><U72/><E72/><V96/><F100/><W60/><G60/><T39/><D39/><U14/><E14/><AGARI ba="0,0" hai="14,16,21,24,25,26,88,91" m="11264,19017" machi="14" ten="50,6400,0" yaku="8,1,54,2" doraHai="37,104" who="3" fromWho="1" sc="250,0,250,-64,250,0,250,64" /><INIT seed="1,0,0,0,5,27" ten="250,186,250,314" oya="1" hai0="56,78,21,65,38,31,25,79,123,7,53,41,51" hai1="68,55,74,102,88,49,93,43,6,107,132,82,60" hai2="46,20,24,4,81,10,5,114,64,32,120,77,17" hai3="89,26,59,131,106,96,134,39,16,69,12,119,62"/><U35/><E132/><V110/><F120/><W29/><G134/><T104/><D123/><U14/><E35/><V48/><F110/><W8/><G131/><T129/><D129/><U98/><E43/><V22/><F32/><W9/><G39/><T84/><D104/><U13/><E6/><V125/><F125/><W100/><G119/><T3/><D65/><U111/><E111/><V103/><F114/><W109/><G109/><T67/><D67/><U2/><E2/><V90/><F103/><W101/><G69/><T73/><D73/><U15/><E60/><V126/><F126/><W80/><G8/><T33/><D33/><U23/><E68/><V91/><F64/><W128/><G128/><T85/><D3/><U75/><E82/><V95/><F20/><N who="3" m="15559" /><G106/><T94/><D7/><U118/><E118/><V108/><F108/><W116/><G116/><T115/><D115/><U66/><E66/><V50/><F95/><N who="3" m="56431" /><G80/><T117/><D117/><U40/><E40/><V47/><F4/><W121/><G121/><T135/><D135/><U1/><E1/><V130/><F130/><W105/><G105/><T87/><REACH who="0" step="1"/><D94/><REACH who="0" ten="240,186,250,314" step="2"/><U18/><E74/><N who="2" m="43191" /><F5/><W52/><AGARI ba="0,1" hai="9,12,16,52,59,62,100,101" m="56431,15559" machi="52" ten="30,7900,0" yaku="8,1,52,1,54,2" doraHai="27" who="3" fromWho="3" sc="240,-20,186,-39,250,-20,314,89" /><INIT seed="2,0,0,2,3,85" ten="220,147,230,403" oya="2" hai0="77,23,81,95,10,79,30,135,29,6,38,114,44" hai1="7,20,49,134,25,13,101,57,40,109,61,19,33" hai2="27,47,71,86,113,118,120,89,73,127,112,92,91" hai3="42,26,107,88,124,70,16,129,105,4,50,123,45"/><V72/><F71/><W130/><G123/><T93/><D114/><N who="2" m="44138" /><F47/><W41/><G124/><T5/><D135/><U55/><E134/><V11/><F11/><W28/><G70/><T9/><D81/><U103/><E109/><V78/><F27/><W75/><G75/><N who="2" m="28745" /><F120/><W54/><G4/><T102/><D102/><U69/><E33/><V36/><F36/><W63/><G16/><T51/><D51/><U128/><E128/><N who="3" m="49258" /><G63/><T96/><D96/><U100/><E69/><V14/><F14/><W39/><G88/><N who="2" m="33865" /><F127/><W68/><G68/><T98/><D38/><U62/><REACH who="1" step="1"/><E40/><REACH who="1" ten="220,137,230,403" step="2"/><N who="3" m="15466" /><G39/><T116/><D6/><U43/><E43/><V21/><F21/><AGARI ba="0,1" hai="21,26,28,45,50,54,105,107" m="15466,49258" machi="21" ten="30,1000,0" yaku="19,1" doraHai="85" who="3" fromWho="2" sc="220,0,137,0,230,-10,403,20" /><INIT seed="3,0,0,4,0,85" ten="220,137,220,423" oya="3" hai0="130,78,72,56,105,116,11,6,97,125,3,93,133" hai1="47,102,119,62,7,98,33,27,95,71,86,36,106" hai2="16,117,59,61,120,92,29,49,68,82,8,22,70" hai3="67,80,77,74,128,134,21,12,51,38,109,112,69"/><W129/><G38/><T126/><D116/><U87/><E119/><V18/><F117/><W64/><G112/><T10/><D133/><U99/><E7/><V40/><F70/><W63/><G109/><T89/><D130/><U65/><E36/><V104/><F68/><W100/><G134/><T54/><D11/><U94/><E47/><N who="2" m="25831" /><F104/><W41/><G100/><T124/><D105/><U15/><E15/><N who="2" m="7271" /><F120/><W1/><G67/><T113/><D113/><U44/><E44/><V58/><F29/><W5/><G1/><T114/><D114/><U108/><E108/><V91/><F82/><W131/><G41/><T107/><D107/><U53/><E53/><V25/><F61/><W121/><G121/><T135/><D135/><U79/><E79/><V101/><F101/><W73/><G51/><N who="0" m="30815" /><D78/><U4/><E4/><V132/><F132/><W118/><G118/><T43/><D43/><U123/><E123/><V42/><F42/><W111/><G5/><T52/><D52/><U23/><E94/><V96/><AGARI ba="0,0" hai="18,22,25,58,59,91,92,96" m="7271,25831" machi="96" ten="30,4000,0" yaku="8,1,52,1,54,1" doraHai="85" who="2" fromWho="2" sc="220,-10,137,-10,220,40,423,-20" owari="210,-19.0,127,-37.3,260,6.0,403,50.3" /></mjloggm>