<mjloggm ver="2.3"><GO type="225" lobby="0"/><UN n0="%E5%B8%86%E7%AB%8B%E5%A4%8F%E8%A1%A3" n1="%E8%A8%88%E7%AE%97%E6%A9%9F%E8%87%AA%E7%84%B6" n2="%E9%89%A2%E5%B7%BB%E3%82%AC%E3%83%96" n3="%E3%81%BF%E3%81%BF%E3%81%9A" dan="16,17,16,17" rate="2061.13,2232.19,2102.60,2169.83" sx="M,M,M,M"/><TAIKYOKU oya="0"/><INIT seed="0,0,0,4,3,91" ten="250,250,250,250" oya="0" hai0="68,75,65,129,18,38,81,54,33,43,113,20,95" hai1="14,27,51,53,12,55,89,72,80,135,94,115,111" hai2="106,25,41,34,10,120,46,132,122,30,50,39,62" hai3="134,61,2,57,21,97,126,70,127,64,67,6,99"/><T123/><D129/><U118/><E118/><V29/><F132/><W3/><G134/><T19/><D123/><U74/><E135/><V35/><F106/><W100/><G21/><T85/><D113/><U58/><E111/><V9/><F50/><W131/><G131/><T17/><D33/><U82/><E115/><V0/><F62/><N who="3" m="37967" /><G6/><T117/><D117/><U7/><E27/><V102/><F102/><W78/><G78/><T32/><D32/><U16/><E72/><V8/><F0/><W125/><G99/><T24/><D75/><U36/><E36/><V107/><F107/><AGARI ba="0,0" hai="2,3,61,67,70,97,100,107,125,126,127" m="37967" machi="107" ten="30,1000,0" yaku="18,1" doraHai="91" who="3" fromWho="2" sc="250,0,250,0,250,-10,250,10" /><INIT seed="1,0,0,0,5,60" ten="250,250,240,260" oya="1" hai0="121,96,25,54,8,74,71,122,28,37,6,128,100" hai1="80,49,10,34,90,66,61,81,123,104,75,4,126" hai2="39,94,53,127,134,70,56,45,3,48,78,86,130" hai3="129,117,82,108,93,33,63,107,76,9,62,79,55"/><U67/><E123/><N who="0" m="47113" /><D128/><U114/><E114/><V113/><F3/><W109/><G107/><T43/><D74/><U135/><E34/><V99/><F134/><W119/><G33/><T5/><D71/><U68/><E104/><V111/><F111/><N who="3" m="42571" /><G129/><T103/><D54/><U110/><E135/><V27/><F127/><W24/><G24/><T26/><D28/><U88/><E110/><V17/><F70/><W83/><G9/><T69/><D69/><U85/><E126/><V116/><F116/><N who="3" m="44619" /><G55/><T102/><D6/><U36/><E36/><V14/><F39/><W40/><G40/><T11/><D11/><U29/><E29/><V95/><F27/><N who="0" m="10250" /><D43/><U92/><E49/><V44/><F130/><W115/><G115/><T23/><D23/><U19/><E19/><V38/><F113/><W30/><G30/><T2/><D37/><U91/><E66/><V42/><F42/><W77/><G93/><AGARI ba="0,0" hai="2,5,8,93,96,100,102,103" m="10250,47113" machi="93" ten="30,1000,0" yaku="13,1" doraHai="60" who="0" fromWho="3" sc="250,10,250,0,240,0,260,-10" /><INIT seed="2,0,0,0,2,127" ten="260,250,240,250" oya="2" hai0="113,3,38,18,102,39,37,57,70,4,5,8,85" hai1="11,119,32,25,64,98,88,82,78,26,1,52,69" hai2="100,116,12,58,97,22,48,103,27,101,24,59,50" hai3="6,15,47,135,132,35,73,89,95,75,41,114,19"/><V128/><F128/><W108/><G6/><T36/><D113/><U105/><E119/><V61/><F116/><W109/><G35/><T96/><D70/><U94/><E105/><V125/><F125/><W30/><G30/><T84/><N who="0" m="9216" /><DORA hai="49" /><T54/><D18/><U31/><E25/><V55/><F97/><N who="3" m="57583" /><G47/><T76/><D5/><U77/><E64/><V83/><F83/><W20/><G41/><T115/><D76/><U117/><E69/><V21/><F48/><W67/><G67/><T44/><D44/><U68/><E68/><V121/><F121/><W17/><G17/><T123/><D115/><U134/><E134/><N who="3" m="51242" /><G114/><T66/><D66/><U91/><E117/><V74/><F74/><AGARI ba="0,0" hai="15,19,20,73,74,75,108,109" m="51242,57583" machi="74" ten="30,1000,0" yaku="20,1" doraHai="127,49" who="3" fromWho="2" sc="260,0,250,0,240,-10,250,10" /><INIT seed="3,0,0,3,2,10" ten="260,250,230,260" oya="3" hai0="7,124,98,80,131,70,130,28,29,66,27,94,64" hai1="8,72,106,78,2,116,112,97,51,132,20,34,63" hai2="33,25,38,13,18,128,32,30,50,47,93,113,65" hai3="31,1,89,53,125,56,122,81,12,11,127,95,91"/><W54/><G122/><T15/><D80/><U121/><E34/><V6/><F113/><W48/><G31/><T35/><D29/><U85/><E72/><V17/><F128/><N who="0" m="49194" /><D124/><N who="3" m="47689" /><G1/><T109/><D109/><U100/><E112/><V21/><F38/><W16/><G81/><T82/><D82/><U37/><E37/><V58/><F6/><W120/><G120/><T77/><D77/><U83/><E132/><V117/><F117/><W0/><G95/><T5/><D70/><U101/><E116/><V39/><F39/><W4/><G54/><T36/><D36/><U73/><E73/><V99/><F18/><W52/><G53/><T42/><D42/><U45/><E121/><V87/><F87/><W76/><G76/><T9/><D5/><U123/><E123/><V111/><F111/><W46/><G56/><T115/><D115/><U23/><E78/><V110/><F110/><W62/><G62/><T60/><D60/><U75/><E63/><V41/><F58/><W57/><G57/><T22/><D35/><U55/><E75/><V92/><F92/><W133/><G133/><T108/><D108/><U59/><E59/><V61/><F61/><W68/><G68/><T88/><AGARI ba="0,0" hai="7,9,15,22,27,28,64,66,88,94,98" m="49194" machi="88" ten="30,4000,0" yaku="19,1,52,1,54,1" doraHai="10" who="0" fromWho="0" sc="260,40,250,-10,230,-10,260,-20" owari="300,40.0,240,4.0,220,-28.0,240,-16.0" /></mjloggm>