<mjloggm ver="2.3"><GO type="225" lobby="0"/><UN n0="%72%69%6F%75%63%68%61%6E" n1="%E3%81%8F%E3%81%BE%E3%81%96%E3%82%8F" n2="%6E%69%63%6F%6E%74%6F" n3="%E3%83%A9%E3%83%96%E3%83%AC%E3%83%BC" dan="17,16,17,18" rate="2299.83,2065.95,2172.56,2277.80" sx="M,M,M,M"/><TAIKYOKU oya="0"/><INIT seed="0,0,0,3,2,123" ten="250,250,250,250" oya="0" hai0="92,108,0,117,63,44,102,107,62,39,21,57,109" hai1="89,130,110,88,101,132,129,113,124,23,69,81,60" hai2="19,118,111,28,48,10,11,104,30,55,41,52,90" hai3="91,53,32,27,122,46,22,128,35,36,93,72,25"/><T26/><D117/><U131/><E124/><V16/><F104/><W94/><G72/><T80/><D107/><U14/><E132/><V67/><F118/><W71/><G71/><T98/><D0/><U66/><E113/><V78/><F78/><W97/><G128/><T76/><D39/><U86/><E101/><V82/><F67/><W134/><G134/><T61/><D44/><U125/><E125/><V121/><F121/><W103/><G27/><T45/><D45/><U119/><E119/><V87/><F111/><N who="0" m="42570" /><D57/><U37/><E37/><V33/><F33/><W79/><G122/><T18/><D62/><U83/><E110/><V96/><F96/><W15/><G46/><T40/><D40/><U133/><E133/><V20/><F41/><W50/><G97/><T95/><D95/><U24/><E60/><V65/><F65/><W84/><G94/><T47/><D47/><U5/><E66/><V75/><F48/><W135/><G50/><T38/><D38/><U64/><E64/><V6/><F55/><W70/><G93/><T85/><AGARI ba="0,0" hai="18,21,26,61,63,76,80,85,92,98,102" m="42570" machi="85" ten="30,12000,1" yaku="14,1,10,1,52,3" doraHai="123" who="0" fromWho="0" sc="250,120,250,-40,250,-40,250,-40" /><INIT seed="0,1,0,5,3,11" ten="370,210,210,210" oya="0" hai0="94,58,60,88,2,73,81,106,33,105,21,102,128" hai1="49,107,38,16,93,51,59,90,69,43,52,135,95" hai2="79,55,89,9,45,134,117,76,48,67,57,127,123" hai3="35,63,130,6,65,85,78,97,44,29,131,96,82"/><T83/><D33/><U0/><E135/><V18/><F123/><W74/><G74/><T111/><D128/><N who="3" m="49193" /><G44/><T17/><D2/><U91/><E107/><V116/><F134/><W12/><G29/><T22/><D111/><U112/><E112/><V124/><F89/><W47/><G47/><T4/><D4/><U42/><E69/><V84/><F84/><W40/><G40/><N who="1" m="15402" /><E0/><V114/><F114/><W28/><G28/><T125/><D125/><N who="2" m="48202" /><F67/><W25/><G25/><T3/><D3/><U75/><E75/><V20/><F9/><N who="3" m="4151" /><G35/><T5/><D5/><U39/><E38/><V87/><F45/><W109/><G109/><T108/><D108/><U119/><E39/><V113/><F113/><W19/><G19/><T27/><D22/><U103/><E119/><N who="2" m="45643" /><F87/><W46/><G46/><T70/><D70/><AGARI ba="1,0" hai="63,65,70,78,82,85,96,97" m="4151,49193" machi="70" ten="30,2000,0" yaku="19,1,52,1" doraHai="11" who="3" fromWho="0" sc="370,-23,210,0,210,0,210,23" /><INIT seed="1,0,0,2,3,41" ten="347,210,210,233" oya="1" hai0="18,9,133,19,107,124,74,59,24,3,78,85,130" hai1="64,43,4,118,53,87,38,99,50,54,101,1,112" hai2="127,48,49,106,34,57,47,15,26,61,83,13,70" hai3="35,76,119,63,109,117,86,88,113,62,93,30,79"/><U7/><E112/><V58/><F127/><W131/><G113/><T51/><D74/><U23/><E118/><N who="3" m="45066" /><G109/><T32/><D107/><U114/><E114/><V90/><F106/><W16/><G30/><T115/><D115/><U77/><E38/><V96/><F70/><W33/><G131/><T135/><D130/><U105/><E64/><N who="2" m="38959" /><F34/><N who="3" m="12811" /><G63/><T134/><D124/><U28/><E43/><N who="2" m="24703" /><F26/><W129/><G62/><T69/><D69/><U102/><E1/><V10/><F10/><W8/><G129/><T20/><D32/><U5/><E105/><V81/><F96/><W27/><G8/><T75/><D75/><U72/><E99/><V37/><F37/><W94/><G94/><T40/><D3/><U111/><E72/><V14/><F90/><W17/><G27/><T103/><D103/><U29/><E111/><V98/><F98/><W42/><G42/><T45/><D9/><U65/><E65/><V80/><F80/><W6/><G6/><T95/><D95/><U91/><E91/><V60/><F60/><W100/><G100/><T123/><D123/><U46/><E54/><AGARI ba="0,0" hai="13,14,15,49,54,58,81,83" m="24703,38959" machi="54" ten="30,2000,0" yaku="8,1,52,1" doraHai="41" who="2" fromWho="1" sc="347,0,210,-20,210,20,233,0" /><INIT seed="2,0,0,1,1,89" ten="347,190,230,233" oya="2" hai0="51,127,40,94,30,101,22,27,24,103,53,109,32" hai1="93,83,82,110,107,25,98,87,73,57,108,34,131" hai2="85,121,128,38,13,58,20,111,41,95,75,70,97" hai3="56,44,116,66,118,17,39,5,105,29,21,90,0"/><V126/><F121/><W91/><G105/><T77/><D109/><N who="1" m="42091" /><E57/><V106/><F111/><W31/><G0/><T129/><D127/><U99/><E25/><V12/><F75/><W86/><G91/><T4/><D129/><U74/><E34/><V3/><F70/><W69/><G5/><T65/><D77/><N who="1" m="46543" /><E131/><V10/><F128/><W33/><G33/><T81/><D81/><U36/><E36/><V28/><F126/><W45/><G118/><T134/><D134/><U54/><E54/><V67/><F38/><W124/><G116/><T60/><D40/><U76/><E107/><V35/><F41/><W46/><G69/><T132/><D132/><U79/><E93/><V55/><F106/><W120/><G39/><T50/><D4/><U102/><E102/><V37/><F37/><W9/><G66/><T42/><D42/><U71/><E71/><V48/><F67/><W80/><G124/><T11/><D11/><U59/><E59/><V64/><F64/><W43/><G9/><T100/><D94/><U113/><E113/><V123/><F35/><W47/><G56/><N who="0" m="34831" /><D65/><U61/><E61/><V52/><F10/><W135/><G135/><T26/><D32/><U2/><E2/><V84/><F3/><W125/><G125/><T7/><D7/><U104/><E104/><V117/><F55/><W115/><G115/><T18/><D30/><N who="3" m="11273" /><G43/><T62/><D62/><U122/><E122/><V8/><F123/><W23/><G120/><T1/><D1/><U119/><E119/><V130/><F117/><W6/><N who="3" m="11264" /><DORA hai="14" /><W96/><G6/><T92/><D92/><RYUUKYOKU ba="0,0" sc="347,15,190,15,230,-15,233,-15" hai0="18,22,24,26,27,50,51,100,101,103" hai1="73,74,76,79,83,98,99" /><INIT seed="3,1,0,4,5,111" ten="362,205,215,218" oya="3" hai0="52,46,85,63,81,135,18,89,17,94,93,47,69" hai1="91,32,23,13,59,6,116,102,75,86,74,106,19" hai2="10,100,3,118,134,51,31,60,72,37,88,40,83" hai3="124,1,119,39,36,120,98,133,78,114,77,20,48"/><W67/><G1/><T105/><D105/><U131/><E32/><V107/><F118/><W56/><G119/><T27/><D135/><U117/><E131/><V50/><F31/><W125/><G120/><T64/><D46/><U41/><E116/><V109/><F109/><W71/><G78/><T121/><D121/><U49/><E117/><V29/><F29/><W76/><G76/><T110/><D110/><U122/><E122/><V99/><F134/><W65/><G77/><T16/><REACH who="0" step="1"/><D27/><REACH who="0" ten="352,205,215,218" step="2"/><U34/><E34/><V73/><F107/><W104/><G104/><T115/><D115/><U127/><E127/><V70/><F73/><W92/><G114/><T113/><D113/><U103/><E103/><V82/><F72/><W0/><G133/><T4/><D4/><U128/><E128/><V25/><F25/><W45/><G45/><T26/><D26/><U101/><E101/><V84/><F100/><N who="3" m="60487" /><G125/><T57/><D57/><U11/><E59/><V24/><F24/><W132/><G124/><T129/><D129/><U58/><E102/><V42/><F70/><W14/><G56/><T95/><D95/><N who="1" m="54775" /><E106/><V55/><F42/><W22/><G71/><T97/><D97/><U62/><E41/><V108/><F99/><W35/><G132/><T80/><D80/><U5/><E5/><N who="2" m="1343" /><F108/><W21/><G35/><T87/><D87/><U43/><E43/><V79/><F40/><W8/><G39/><T112/><D112/><U126/><E126/><V33/><F37/><W53/><G36/><T30/><D30/><U54/><E49/><AGARI ba="1,1" hai="16,17,18,47,49,52,63,64,69,81,85,89,93,94" machi="49" ten="40,5200,0" yaku="1,1,54,2,53,0" doraHai="111" doraHaiUra="130" who="0" fromWho="1" sc="352,65,205,-55,215,0,218,0" owari="417,51.7,150,-35.0,215,-18.5,218,1.8" /></mjloggm>