<mjloggm ver="2.3"><GO type="225" lobby="0"/><UN n0="%E4%B8%AD%E5%B9%B4%E3%81%AE%E5%8D%B1%E6%A9%9F" n1="%33%74%72%65%65" n2="%E6%A1%9C%E8%8A%B1%E9%96%83%E3%80%85" n3="%E3%81%A1%E3%82%85%E3%81%86%E3%81%A9%E3%81%8F%E8%B1%A1%E3%81%95%E3%82%93" dan="17,17,17,17" rate="2168.63,2168.91,2249.20,2163.47" sx="M,F,M,M"/><TAIKYOKU oya="0"/><INIT seed="0,0,0,2,4,72" ten="250,250,250,250" oya="0" hai0="10,22,43,37,99,15,53,51,134,6,88,133,90" hai1="35,58,130,30,36,19,27,93,64,39,20,106,25" hai2="17,127,116,101,48,91,121,12,97,62,65,14,46" hai3="38,75,92,59,7,3,87,63,123,1,114,28,60"/><T55/><D37/><U33/><E106/><V110/><F121/><W78/><G114/><T79/><D22/><U29/><E130/><V52/><F110/><W13/><G38/><T11/><D43/><U31/><E93/><V34/><F127/><W74/><G123/><T104/><D104/><U66/><E30/><V9/><F116/><W108/><G108/><T98/><D51/><U102/><E102/><V85/><F34/><W5/><G28/><T95/><D79/><U86/><E86/><V111/><F111/><W4/><G13/><T100/><D11/><U96/><E96/><V126/><F126/><W44/><G44/><T81/><D100/><U109/><E109/><V40/><F14/><W50/><G50/><T132/><REACH who="0" step="1"/><D81/><REACH who="0" ten="240,250,250,250" step="2"/><U82/><E82/><V120/><F40/><W128/><G78/><T122/><D122/><U84/><E39/><V76/><F76/><W69/><G1/><T57/><D57/><U124/><E36/><V21/><F120/><W94/><G3/><T8/><D8/><U118/><E124/><V119/><F9/><W49/><G49/><T41/><D41/><U115/><E58/><N who="2" m="37079" /><F119/><W18/><G59/><T16/><D16/><U68/><E118/><V117/><F117/><W77/><G18/><T56/><D56/><U135/><E20/><V67/><F101/><W24/><G77/><T125/><D125/><U70/><E19/><V131/><F48/><W71/><G4/><T103/><D103/><U73/><E31/><V61/><F17/><W112/><G5/><T113/><D113/><U0/><E115/><V54/><F21/><RYUUKYOKU ba="0,1" sc="240,30,250,-10,250,-10,250,-10" hai0="6,10,15,53,55,88,90,95,98,99,132,133,134" /><INIT seed="0,1,1,5,3,27" ten="270,240,240,240" oya="0" hai0="128,132,124,17,7,22,25,93,105,101,9,87,64" hai1="104,14,19,69,98,78,11,114,109,31,23,111,18" hai2="127,45,2,55,71,119,82,52,106,15,26,44,47" hai3="133,41,60,50,70,13,97,3,59,20,134,122,125"/><T77/><D124/><U113/><E69/><V40/><F2/><W5/><G125/><T90/><D132/><N who="3" m="50793" /><G122/><T37/><D37/><U53/><E78/><V83/><F127/><W86/><G70/><T48/><D128/><U49/><E104/><V110/><F71/><W24/><G3/><T57/><D105/><U68/><E98/><V35/><F106/><W6/><G97/><T121/><D121/><U51/><E68/><V89/><F110/><N who="1" m="41993" /><E31/><V21/><F40/><W131/><G131/><T91/><D101/><U67/><E67/><V34/><F119/><W102/><G102/><T8/><D77/><U29/><E29/><N who="2" m="17615" /><F34/><W75/><G75/><T66/><D90/><U16/><E49/><V107/><F35/><W84/><G50/><T115/><D115/><N who="1" m="44043" /><E11/><V80/><F107/><W54/><G41/><T33/><D33/><U129/><E129/><V123/><F123/><W117/><G117/><T130/><D130/><U73/><E73/><V92/><F92/><W65/><G65/><T32/><D32/><U99/><E99/><V62/><F89/><W72/><G72/><T100/><D100/><U30/><E30/><V28/><F28/><N who="3" m="17415" /><G5/><T126/><D126/><U135/><E135/><V118/><F118/><W81/><G81/><T1/><REACH who="0" step="1"/><D9/><AGARI ba="1,1" hai="6,9,13,54,59,60,84,86" m="17415,50793" machi="9" ten="30,2000,0" yaku="20,1,52,1" doraHai="27" who="3" fromWho="0" sc="270,-23,240,0,240,0,240,33" /><INIT seed="1,0,0,1,5,109" ten="247,240,240,273" oya="1" hai0="135,34,7,55,112,69,30,20,97,128,28,110,4" hai1="62,50,35,95,54,133,64,113,131,3,10,79,85" hai2="83,2,115,121,84,120,98,6,5,116,27,114,46" hai3="18,45,82,24,29,36,73,56,15,38,33,74,78"/><U11/><E113/><N who="2" m="43019" /><F116/><W96/><G73/><T39/><D112/><U59/><E131/><V63/><F98/><W126/><G126/><T123/><D39/><U32/><E133/><V86/><F27/><W119/><G119/><T25/><D69/><U118/><E118/><V37/><F63/><W67/><G96/><T90/><D110/><U44/><E35/><V43/><F86/><W77/><G77/><T80/><D135/><U65/><E32/><V26/><F26/><W89/><G89/><T17/><D128/><U42/><E79/><N who="2" m="46207" /><F2/><W92/><G92/><N who="0" m="56471" /><D34/><U70/><E3/><V41/><F43/><W8/><REACH who="3" step="1"/><G45/><REACH who="3" ten="247,240,240,263" step="2"/><T124/><D124/><U19/><E44/><V1/><F1/><W16/><G16/><N who="0" m="12423" /><D123/><AGARI ba="0,1" hai="5,6,37,41,46,120,121,123" m="46207,43019" machi="123" ten="30,7700,0" yaku="11,1,52,3" doraHai="109" who="2" fromWho="0" sc="247,-77,240,0,240,87,263,0" /><INIT seed="2,0,0,2,2,128" ten="170,240,327,263" oya="2" hai0="12,130,90,29,21,8,108,76,131,60,135,77,72" hai1="80,38,122,20,52,59,68,127,107,95,57,31,6" hai2="70,17,3,101,98,48,43,71,41,30,13,49,51" hai3="0,24,22,40,47,63,124,134,91,88,120,113,83"/><V89/><F3/><W94/><G120/><T50/><D72/><U37/><E68/><V45/><F30/><W55/><G0/><T81/><D60/><U44/><E107/><V110/><F110/><W102/><G124/><T78/><D108/><U46/><E127/><V18/><F89/><W19/><G113/><T73/><D135/><U66/><E122/><V61/><F18/><W35/><G35/><T97/><D50/><N who="1" m="30871" /><E38/><V74/><F74/><W123/><G123/><T114/><D114/><U16/><E37/><V2/><F2/><W27/><G134/><T26/><D97/><U118/><E118/><V53/><F51/><N who="3" m="27111" /><G24/><T11/><D11/><U5/><E31/><V117/><F117/><W103/><G83/><T4/><REACH who="0" step="1"/><D90/><REACH who="0" ten="160,240,327,263" step="2"/><U87/><E46/><V67/><F49/><W42/><G91/><T25/><D25/><N who="1" m="14471" /><E44/><V64/><F71/><W125/><G125/><T129/><AGARI ba="0,1" hai="4,8,12,21,26,29,73,76,77,78,81,129,130,131" machi="129" ten="30,4000,0" yaku="1,1,0,1,19,1,53,0" doraHai="128" doraHaiUra="92" who="0" fromWho="0" sc="160,50,240,-10,327,-20,263,-10" /><INIT seed="3,0,0,5,1,93" ten="210,230,307,253" oya="3" hai0="79,58,3,84,61,111,115,38,104,106,9,119,25" hai1="63,91,22,57,20,83,7,75,76,55,120,26,113" hai2="48,17,34,94,24,39,74,130,102,89,69,18,114" hai3="109,88,5,11,86,124,110,45,47,126,37,67,27"/><W100/><G67/><T101/><D119/><U60/><E113/><V98/><F39/><W35/><G100/><T131/><D38/><U19/><E120/><V85/><F114/><W66/><G66/><T4/><D115/><U15/><E91/><V132/><F69/><W12/><G27/><T6/><D6/><U72/><E72/><V133/><F74/><W78/><G78/><T36/><D36/><U107/><E107/><N who="2" m="63959" /><F48/><W10/><G10/><T51/><D131/><U87/><E75/><V28/><F130/><W29/><G29/><T59/><D111/><N who="3" m="42505" /><G35/><T13/><D3/><U125/><E125/><N who="3" m="48234" /><G37/><T95/><D25/><U40/><E26/><V44/><F34/><W14/><G12/><T8/><D8/><N who="1" m="4511" /><E22/><V123/><F28/><W32/><G32/><T62/><D104/><U99/><E20/><V134/><F24/><W53/><G53/><N who="0" m="32063" /><D106/><U117/><E117/><V23/><F23/><W122/><G122/><T73/><D73/><U129/><E129/><V116/><F123/><W70/><G70/><T41/><D41/><U42/><E42/><V96/><F116/><W97/><G97/><N who="0" m="59583" /><D79/><U2/><E40/><V90/><F96/><W80/><AGARI ba="0,0" hai="5,11,14,45,47,80,86,88" m="48234,42505" machi="80" ten="30,11700,0" yaku="14,1,10,1,18,1,54,1" doraHai="93" who="3" fromWho="3" sc="210,-39,230,-39,307,-39,253,117" owari="171,-32.9,191,-20.9,268,6.8,370,47.0" /></mjloggm>