<mjloggm ver="2.3"><GO type="225" lobby="0"/><UN n0="%E6%B0%B7%E5%B7%9D%E9%87%8C%E5%A5%88" n1="%E3%81%B5%E3%81%98%E3%81%8B%E3%81%A4" n2="%E3%80%93%E3%81%97%E3%83%BC%E3%82%89%E3%80%93" n3="%E3%83%89%E3%83%A9%E3%81%8F%E3%82%8C" dan="16,16,16,16" rate="2081.77,2180.68,2136.38,2165.22" sx="F,M,M,M"/><TAIKYOKU oya="0"/><INIT seed="0,0,0,2,4,44" ten="250,250,250,250" oya="0" hai0="26,101,69,126,52,21,30,61,38,1,107,135,48" hai1="9,83,72,71,28,22,40,114,54,57,27,120,127" hai2="111,81,20,15,124,118,78,129,79,42,55,17,109" hai3="92,47,123,121,39,51,60,13,97,134,5,103,100"/><T16/><D38/><U132/><E120/><N who="3" m="46154" /><G134/><T34/><D1/><U7/><E132/><V87/><F118/><W36/><G103/><T68/><D135/><U122/><E127/><V23/><F124/><W65/><G5/><T64/><D126/><U33/><E122/><V125/><F125/><W74/><G13/><N who="0" m="9359" /><D69/><U91/><E71/><V99/><F129/><W46/><G46/><T62/><D62/><U84/><E114/><V49/><F42/><N who="3" m="25079" /><G74/><T80/><D80/><U58/><E40/><V37/><F37/><W59/><AGARI ba="0,0" hai="36,39,59,60,65,92,97,100" m="25079,46154" machi="59" ten="30,2000,0" yaku="13,1,52,1" doraHai="44" who="3" fromWho="3" sc="250,-10,250,-5,250,-5,250,20" /><INIT seed="1,0,0,0,4,23" ten="240,245,245,270" oya="1" hai0="1,135,109,16,126,11,40,96,86,123,129,37,78" hai1="125,115,5,45,15,50,128,62,38,61,93,122,131" hai2="24,8,36,48,53,29,63,67,98,57,31,121,114" hai3="9,6,18,26,59,132,64,113,58,3,56,13,134"/><U69/><E122/><V28/><F36/><W83/><G113/><T17/><D109/><U118/><E115/><V33/><F114/><W42/><G42/><T87/><D123/><U44/><E93/><V4/><F121/><W46/><G46/><T2/><D40/><N who="1" m="22551" /><E15/><V10/><F98/><W55/><G64/><T84/><D37/><U34/><E5/><V60/><F60/><N who="1" m="23145" /><E34/><V66/><F66/><W133/><G83/><T102/><D78/><U88/><E88/><V27/><F33/><W75/><G75/><T65/><D65/><U82/><E82/><V51/><F51/><W22/><REACH who="3" step="1"/><G55/><REACH who="3" ten="240,245,245,260" step="2"/><T124/><D124/><U111/><E125/><V97/><F97/><W25/><AGARI ba="0,1" hai="3,6,9,13,18,22,25,26,56,58,59,132,133,134" machi="25" ten="40,12000,2" yaku="1,1,2,1,0,1,20,1,52,2,53,0" doraHai="23" doraHaiUra="43" who="3" fromWho="3" sc="240,-30,245,-60,245,-30,260,130" /><INIT seed="2,0,0,3,5,78" ten="210,185,215,390" oya="2" hai0="75,2,52,105,88,14,41,103,92,25,57,87,46" hai1="108,126,74,44,26,34,9,48,100,133,94,51,82" hai2="6,15,31,61,13,117,128,33,7,84,17,80,29" hai3="71,124,114,98,50,122,127,19,58,86,90,66,30"/><V56/><F128/><W130/><G122/><T24/><D2/><U101/><E108/><V76/><F117/><W93/><G114/><T97/><D75/><U129/><E129/><V32/><F32/><W106/><G130/><T119/><D119/><U43/><E126/><V45/><F45/><W116/><G116/><T4/><D4/><N who="2" m="1578" /><F33/><W5/><G5/><T35/><D14/><N who="2" m="5130" /><F17/><W121/><G19/><T89/><D89/><U118/><E118/><V134/><F134/><W96/><G121/><T107/><D107/><U10/><E133/><V123/><F123/><W85/><G106/><T38/><REACH who="0" step="1"/><D35/><REACH who="0" ten="200,185,215,390" step="2"/><U3/><E34/><V112/><F112/><W135/><G135/><T12/><D12/><U73/><E3/><V72/><F72/><W83/><G127/><T120/><D120/><U36/><E74/><V104/><F104/><W47/><G90/><T28/><D28/><U67/><E73/><V20/><F20/><W53/><G30/><T55/><D55/><AGARI ba="0,1" hai="29,31,55,56,61,76,80,84" m="5130,1578" machi="55" ten="30,2900,0" yaku="8,1,52,1" doraHai="78" who="2" fromWho="0" sc="200,-29,185,0,215,39,390,0" /><INIT seed="2,1,0,3,0,72" ten="171,185,254,390" oya="2" hai0="54,0,23,77,91,49,18,58,131,100,87,90,4" hai1="64,99,57,116,110,107,26,56,76,6,53,85,105" hai2="48,44,132,106,104,95,118,3,42,20,115,120,98" hai3="31,14,19,28,11,134,127,113,7,55,124,33,22"/><V75/><F3/><W15/><G134/><T73/><D131/><U93/><E116/><V119/><F120/><W69/><G69/><T79/><D100/><U50/><E6/><V29/><F115/><W12/><G55/><T70/><D70/><U45/><E110/><V133/><F75/><W111/><G111/><T89/><D73/><U128/><E128/><V16/><F29/><N who="3" m="11339" /><G113/><T52/><D0/><U80/><E26/><N who="2" m="14599" /><F106/><W81/><G81/><T108/><D108/><U125/><E125/><N who="3" m="48202" /><G33/><T34/><D34/><U47/><E107/><V84/><F84/><W10/><G10/><T46/><D4/><U94/><E105/><V135/><F104/><W30/><G30/><T103/><D103/><AGARI ba="1,0" hai="42,44,48,95,98,103,118,119,132,133,135" m="14599" machi="103" ten="30,2900,0" yaku="20,1,54,1" doraHai="72" who="2" fromWho="0" sc="171,-32,185,0,254,32,390,0" /><INIT seed="2,2,0,0,0,97" ten="139,185,286,390" oya="2" hai0="79,123,3,47,7,33,110,62,88,126,130,100,51" hai1="92,72,37,22,74,25,106,83,121,108,8,5,21" hai2="103,99,34,89,95,128,18,127,36,65,120,76,61" hai3="122,10,15,1,114,69,40,30,85,67,58,2,86"/><V54/><F36/><W50/><G122/><T38/><D123/><U71/><E121/><V63/><F34/><W129/><G114/><T57/><D33/><U26/><E106/><V133/><F76/><W78/><G30/><T19/><D110/><U119/><E37/><V29/><F29/><W39/><G129/><T135/><D130/><U112/><E71/><V125/><F133/><W73/><G73/><T45/><D135/><U87/><E119/><V0/><F0/><W109/><G109/><T68/><D126/><N who="2" m="48138" /><F54/><W11/><G78/><T66/><D79/><U42/><E42/><V90/><F128/><W20/><G2/><T94/><D7/><U131/><E112/><V111/><F63/><W84/><G1/><T56/><D3/><U91/><E108/><V107/><F107/><W75/><G75/><T4/><D4/><U35/><E35/><V132/><F132/><W31/><G31/><T134/><D134/><U52/><E72/><V113/><F113/><W93/><G39/><T53/><D19/><U124/><E124/><V44/><F18/><W101/><G40/><T6/><D6/><U105/><E105/><V23/><F111/><W60/><G60/><T102/><D68/><U59/><E131/><V55/><F61/><W48/><G69/><T116/><D116/><U28/><E74/><V70/><F70/><W96/><G50/><T49/><D38/><U13/><E83/><V81/><F81/><W27/><G48/><T77/><D77/><U64/><E64/><V24/><F65/><W41/><G67/><T117/><D117/><U98/><E5/><RYUUKYOKU ba="2,0" sc="139,0,185,0,286,0,390,0" /><INIT seed="3,3,0,0,1,29" ten="139,185,286,390" oya="3" hai0="123,116,58,106,13,79,82,53,134,45,36,33,68" hai1="55,61,5,88,28,96,19,78,124,127,56,100,101" hai2="85,30,76,44,132,62,118,112,23,102,75,59,63" hai3="47,133,27,34,80,57,111,10,72,54,95,90,121"/><W52/><G121/><T1/><D116/><U0/><E78/><V93/><F75/><W14/><G133/><T89/><D123/><U24/><E5/><V126/><F63/><W104/><G104/><T69/><D1/><U84/><E0/><V94/><F44/><W12/><G111/><T92/><D106/><U15/><E96/><V117/><F94/><W115/><G115/><T35/><D134/><U2/><E2/><V103/><F102/><W49/><G72/><T97/><D69/><U71/><E71/><V86/><F126/><N who="1" m="48169" /><E15/><V64/><F112/><W81/><G27/><T74/><D68/><U120/><E19/><V11/><F11/><W4/><G34/><T41/><D13/><U42/><E42/><V135/><F135/><W6/><G14/><T113/><D113/><U17/><E17/><V3/><F3/><W73/><G73/><T38/><D38/><U125/><E120/><V8/><F8/><W128/><G128/><T16/><D16/><U122/><E122/><V98/><F132/><W50/><G6/><T67/><D67/><U99/><E99/><AGARI ba="3,0" hai="4,10,12,47,49,50,52,54,57,80,81,90,95,99" machi="99" ten="30,5800,0" yaku="7,1,8,1,54,1" doraHai="29" who="3" fromWho="1" sc="139,0,185,-67,286,0,390,67" owari="139,-26.1,118,-38.2,286,8.6,457,55.7" /></mjloggm>