<mjloggm ver="2.3"><GO type="225" lobby="0"/><UN n0="%E7%9C%9F%E4%B8%80" n1="%E8%A8%88%E7%AE%97%E6%A9%9F%E8%87%AA%E7%84%B6" n2="%E6%97%A5%E6%9B%9C%E6%97%A5%E3%82%88%E3%82%8A%E3%81%AE%E4%BD%BF%E8%80%85" n3="%E3%83%A9%E3%82%B9%E7%8E%87%EF%BC%93%E5%89%B2" dan="17,17,17,16" rate="2243.71,2229.07,2190.46,2116.35" sx="M,M,M,F"/><TAIKYOKU oya="0"/><INIT seed="0,0,0,1,1,83" ten="250,250,250,250" oya="0" hai0="32,100,77,19,121,86,93,59,17,67,106,80,4" hai1="82,108,40,14,119,9,122,65,21,3,75,35,57" hai2="16,84,38,123,117,111,29,98,115,91,60,96,126" hai3="24,62,120,101,25,124,81,87,8,36,34,31,39"/><T88/><D121/><U48/><E122/><V118/><F123/><W45/><G120/><RYUUKYOKU type="kaze4" ba="0,0" sc="250,0,250,0,250,0,250,0" /><INIT seed="0,1,0,5,0,51" ten="250,250,250,250" oya="0" hai0="45,1,88,20,56,101,119,29,8,68,6,80,108" hai1="82,77,121,133,65,47,105,123,66,94,60,106,55" hai2="97,10,114,48,46,102,0,132,31,32,134,95,5" hai3="125,52,78,37,38,79,63,72,126,110,49,74,89"/><T22/><D119/><U15/><E133/><V92/><F114/><W84/><G63/><T120/><D120/><U42/><E94/><V75/><F75/><N who="3" m="28715" /><G89/><T76/><D68/><U115/><E115/><V30/><F95/><W12/><G12/><T131/><D131/><U93/><E93/><V53/><REACH who="2" step="1"/><F32/><REACH who="2" ten="250,250,240,250" step="2"/><W54/><G110/><T25/><D108/><U2/><E121/><V124/><F124/><N who="3" m="47723" /><G84/><T50/><D101/><U81/><E123/><V67/><F67/><W58/><G54/><T19/><D56/><U27/><E55/><V128/><F128/><W43/><G43/><T3/><D45/><U36/><E65/><V13/><F13/><W17/><G17/><T85/><D50/><U41/><E66/><V118/><F118/><W73/><G73/><T64/><D64/><U40/><E47/><V100/><F100/><W83/><G83/><T98/><D1/><U135/><E2/><V111/><F111/><W33/><G33/><T71/><D98/><U57/><E57/><V99/><F99/><W117/><G117/><T23/><D71/><U87/><E81/><V28/><AGARI ba="1,1" hai="0,5,10,28,30,31,46,48,53,92,97,102,132,134" machi="28" ten="30,12000,2" yaku="1,1,0,1,52,1,53,3" doraHai="51" doraHaiUra="26" who="2" fromWho="2" sc="250,-61,250,-31,240,133,250,-31" /><INIT seed="1,0,0,2,3,81" ten="189,219,373,219" oya="1" hai0="4,53,62,63,9,79,109,6,135,83,50,85,1" hai1="65,16,2,112,22,38,40,45,49,105,54,132,56" hai2="118,11,124,48,7,92,58,94,67,102,24,106,20" hai3="99,15,103,61,123,0,108,114,52,75,78,19,43"/><U74/><E112/><V95/><F118/><W88/><G114/><T3/><D109/><U5/><E105/><V21/><F124/><W126/><G0/><T26/><D135/><U111/><E74/><V86/><F106/><W36/><G126/><T122/><D122/><U64/><E132/><V129/><F129/><W55/><G123/><T130/><D130/><U121/><E121/><V125/><F125/><W84/><G108/><T42/><D42/><U96/><E111/><V117/><F117/><W17/><G36/><T13/><D26/><U68/><E96/><V59/><F102/><W41/><G78/><T28/><D28/><U31/><E31/><V97/><F97/><W89/><G75/><T60/><REACH who="0" step="1"/><D4/><REACH who="0" ten="179,219,373,219" step="2"/><U46/><E5/><V104/><F7/><W71/><G43/><T47/><AGARI ba="0,1" hai="1,3,6,9,13,47,50,53,60,62,63,79,83,85" machi="47" ten="30,7900,0" yaku="1,1,2,1,0,1,52,1,53,0" doraHai="81" doraHaiUra="115" who="0" fromWho="0" sc="179,89,219,-39,373,-20,219,-20" /><INIT seed="2,0,0,1,0,49" ten="268,180,353,199" oya="2" hai0="124,66,41,68,125,59,78,39,34,46,60,21,97" hai1="32,107,0,79,20,109,132,84,2,26,89,52,130" hai2="98,101,128,95,134,99,108,44,90,76,3,133,131" hai3="87,42,10,94,105,25,55,111,11,4,127,18,58"/><V106/><F3/><W82/><G105/><T36/><D34/><U126/><E32/><V54/><F44/><W29/><G111/><T81/><D21/><U24/><E107/><V45/><F45/><W100/><G127/><N who="0" m="48715" /><D97/><U110/><E126/><V22/><F22/><N who="3" m="15543" /><G42/><T104/><D104/><U7/><E79/><V77/><F54/><W56/><G56/><T120/><D120/><U17/><E24/><V35/><F35/><W38/><G38/><N who="0" m="21815" /><D59/><U114/><E114/><V88/><F108/><N who="1" m="41577" /><E132/><N who="2" m="50795" /><F90/><N who="3" m="51575" /><G18/><T33/><D33/><U47/><E7/><V96/><F96/><N who="3" m="59415" /><G4/><T53/><D53/><U13/><E26/><V65/><F65/><W14/><G14/><T122/><D122/><U31/><E31/><V19/><F19/><W16/><G16/><T83/><D36/><U72/><E0/><V75/><F75/><W9/><G9/><T67/><D39/><U119/><E72/><V123/><F123/><W50/><AGARI ba="0,0" hai="10,11,50,55,58" m="59415,51575,15543" machi="50" ten="30,2000,0" yaku="8,1,52,1" doraHai="49" who="3" fromWho="3" sc="268,-5,180,-5,353,-10,199,20" /><INIT seed="3,0,0,3,0,106" ten="263,175,343,219" oya="3" hai0="100,5,110,85,98,45,71,41,23,59,32,21,25" hai1="33,63,114,77,122,94,66,68,101,61,53,44,2" hai2="124,99,97,47,46,27,0,7,120,78,36,108,64" hai3="103,116,121,29,75,34,126,92,80,129,112,49,17"/><W117/><G34/><T91/><D71/><U8/><E122/><V52/><F64/><W69/><G29/><T48/><D110/><U113/><E33/><V76/><F27/><W74/><G69/><T40/><D5/><U104/><E104/><V6/><F0/><W115/><G49/><T14/><D59/><U56/><E101/><V39/><F52/><W19/><G121/><T119/><D119/><N who="3" m="45641" /><G19/><T60/><D60/><U79/><E94/><V118/><F118/><W16/><G16/><N who="0" m="10391" /><D32/><U13/><E2/><V43/><F39/><W4/><G17/><N who="0" m="12527" /><D98/><U135/><E135/><V109/><F36/><W107/><G4/><T128/><D100/><U95/><E95/><V38/><F38/><W111/><G129/><T37/><D37/><U24/><E24/><V10/><F6/><W50/><G50/><T84/><D84/><U58/><E13/><V28/><F7/><W15/><G126/><T18/><D18/><U105/><E105/><V3/><F3/><W62/><G92/><N who="0" m="54383" /><D128/><U131/><E131/><V54/><F124/><W12/><G15/><T67/><D67/><U123/><E123/><V31/><F120/><W42/><G80/><T134/><D134/><U133/><E133/><V30/><F30/><W102/><G42/><AGARI ba="0,0" hai="40,41,42,45,48" m="54383,12527,10391" machi="42" ten="30,2000,0" yaku="8,1,54,1" doraHai="106" who="0" fromWho="3" sc="263,20,175,0,343,0,219,-20" owari="283,8.3,175,-32.5,343,44.3,199,-20.1" /></mjloggm>