<mjloggm ver="2.3"><GO type="225" lobby="0"/><UN n0="%E4%BF%BA%E3%81%A8%E5%A6%96%E5%A4%A2" n1="%E6%80%AA%E3%81%97%E3%81%99%E3%81%8E%E3%82%8B%E3%83%81%E3%83%BC" n2="%E3%81%A9%E3%82%8F%E3%82%93%E3%81%94" n3="%E3%82%B7%E3%83%B3%E5%A4%AA%E6%9C%97" dan="17,16,16,16" rate="2201.25,2073.85,2156.37,2158.98" sx="F,M,M,M"/><TAIKYOKU oya="0"/><INIT seed="0,0,0,1,5,120" ten="250,250,250,250" oya="0" hai0="109,103,82,2,91,7,130,93,62,44,114,126,112" hai1="97,25,51,84,9,107,42,102,12,64,4,72,129" hai2="56,33,133,49,131,39,6,52,98,18,54,23,5" hai3="34,76,117,63,69,71,1,16,20,101,78,83,81"/><T27/><D130/><U3/><E72/><V86/><F133/><W119/><G1/><T75/><D126/><U121/><E121/><V89/><F33/><W48/><G34/><T116/><D116/><U50/><E129/><V28/><F39/><W31/><G31/><T17/><D103/><U79/><E64/><V125/><F125/><W134/><G134/><T77/><D62/><U118/><E118/><V85/><F28/><W96/><G48/><T45/><D112/><U30/><E3/><V111/><F131/><W115/><G115/><T43/><D114/><U22/><REACH who="1" step="1"/><E42/><REACH who="1" ten="250,240,250,250" step="2"/><V41/><F41/><W11/><G117/><T36/><D2/><U132/><E132/><V37/><F54/><W19/><G119/><T59/><D43/><U15/><E15/><V65/><F65/><W60/><G69/><T32/><D75/><U127/><E127/><V99/><F52/><W29/><G71/><T106/><D27/><U0/><E0/><V57/><F57/><W104/><G78/><T47/><D77/><U35/><E35/><V87/><F56/><W66/><G66/><T135/><D59/><U46/><E46/><V90/><F37/><W73/><G76/><T88/><D36/><U128/><E128/><V61/><F61/><W8/><G73/><T105/><D32/><U113/><E113/><V26/><F49/><W122/><G122/><T70/><D70/><U68/><E68/><V21/><F26/><N who="3" m="16583" /><G60/><T40/><D40/><U58/><E58/><V24/><F24/><W38/><G63/><T74/><D135/><U94/><E94/><V13/><F13/><RYUUKYOKU ba="0,1" sc="250,-10,240,30,250,-10,250,-10" hai1="4,9,12,22,25,30,50,51,79,84,97,102,107" /><INIT seed="1,1,1,3,2,93" ten="240,270,240,240" oya="1" hai0="125,135,60,43,6,16,39,49,113,28,108,65,53" hai1="8,47,51,29,62,92,70,77,95,64,58,55,22" hai2="132,57,19,121,71,116,25,61,111,12,7,44,63" hai3="56,54,85,90,21,124,3,79,115,133,88,72,129"/><U35/><E35/><V123/><F7/><W97/><G115/><T99/><D113/><U80/><E8/><V59/><F25/><W68/><G3/><T89/><D108/><U15/><E70/><V4/><F4/><W112/><G112/><T38/><D135/><U31/><E15/><V27/><F27/><W0/><G0/><T67/><D28/><U11/><E11/><V26/><F26/><W128/><G68/><T102/><D6/><U20/><E29/><V78/><F78/><W122/><G122/><T101/><D125/><U17/><E31/><V5/><F5/><W96/><G133/><T33/><D33/><U86/><REACH who="1" step="1"/><E17/><REACH who="1" ten="240,260,240,240" step="2"/><V87/><F19/><W109/><G124/><T117/><D16/><U83/><E83/><V75/><F12/><W18/><G109/><T106/><D117/><U107/><E107/><V41/><F111/><W82/><G128/><T94/><D106/><U131/><E131/><V127/><F116/><W103/><G129/><T46/><D38/><U48/><E48/><V32/><F32/><W114/><G114/><T42/><D39/><U69/><E69/><V14/><F71/><W40/><G18/><T118/><D118/><U81/><E81/><V34/><F14/><W45/><G82/><T110/><D110/><U2/><E2/><V37/><F34/><W50/><G50/><T120/><D120/><U91/><E91/><V23/><F123/><W1/><G90/><T104/><D104/><U105/><E105/><V119/><F121/><W84/><G1/><T10/><D10/><U9/><E9/><V13/><F119/><RYUUKYOKU ba="1,2" sc="240,-10,260,30,240,-10,240,-10" hai1="20,22,47,51,55,58,62,64,77,80,86,92,95" /><INIT seed="1,2,2,1,5,123" ten="230,290,230,230" oya="1" hai0="124,95,33,14,84,107,46,18,55,116,8,98,101" hai1="102,96,99,51,35,13,34,23,17,20,36,32,118" hai2="19,4,88,89,97,43,131,86,117,133,125,129,113" hai3="103,2,57,94,115,27,62,40,48,49,58,70,73"/><U91/><E36/><V128/><F117/><W93/><G73/><T130/><D116/><U22/><E118/><V39/><F125/><W47/><G2/><T76/><D124/><U52/><E91/><V31/><F133/><W72/><G72/><T44/><D130/><U112/><E112/><V69/><F69/><W120/><G120/><T11/><D33/><U10/><REACH who="1" step="1"/><E102/><REACH who="1" ten="230,280,230,230" step="2"/><V126/><F126/><W100/><G115/><T83/><D101/><U53/><E53/><V5/><F113/><W75/><G103/><N who="0" m="60895" /><D55/><U56/><AGARI ba="2,3" hai="10,13,17,20,22,23,32,34,35,51,52,56,96,99" machi="56" ten="40,7800,0" yaku="1,1,0,1,54,1,53,0" doraHai="123" doraHaiUra="0" who="1" fromWho="1" sc="230,-28,280,114,230,-28,230,-28" /><INIT seed="1,3,0,1,5,38" ten="202,394,202,202" oya="1" hai0="8,91,90,88,20,62,84,67,106,11,22,131,61" hai1="83,111,54,23,13,5,10,70,73,35,45,66,24" hai2="3,93,47,42,95,98,16,89,30,60,117,34,126" hai3="40,36,18,21,114,92,69,113,37,39,101,12,59"/><U43/><E111/><V65/><F117/><W14/><G69/><T46/><D106/><U51/><E35/><V107/><F3/><W109/><G109/><T119/><D119/><U118/><E118/><V71/><F126/><W64/><G12/><T33/><D33/><U27/><E54/><V100/><F89/><W130/><G130/><T4/><D131/><U116/><E116/><V58/><F58/><W17/><G18/><T68/><D61/><U82/><E73/><V74/><F16/><W122/><G122/><T127/><D127/><U78/><E78/><V99/><F99/><W76/><G76/><T94/><D8/><U87/><E87/><V28/><F74/><W121/><G121/><T48/><D20/><U9/><E9/><V25/><F28/><W77/><G77/><T110/><D22/><U49/><E49/><AGARI ba="3,0" hai="25,30,34,42,47,49,60,65,71,93,95,98,100,107" machi="49" ten="30,7700,0" yaku="7,1,25,2,52,1" doraHai="38" who="2" fromWho="1" sc="202,0,394,-86,202,86,202,0" /><INIT seed="2,0,0,5,5,17" ten="202,308,288,202" oya="2" hai0="127,34,22,14,95,121,77,43,19,61,104,76,8" hai1="46,52,85,122,10,51,70,94,25,35,79,93,59" hai2="28,47,60,9,64,38,2,125,29,109,69,113,88" hai3="80,12,115,106,103,24,41,73,3,48,54,86,133"/><V23/><F113/><W72/><G3/><T55/><D121/><U26/><E70/><V74/><F125/><W120/><G120/><T30/><D104/><U37/><E122/><V90/><F74/><W16/><G133/><T15/><D127/><U18/><E35/><V98/><F109/><W45/><G115/><T13/><D43/><U108/><E108/><V78/><F78/><W112/><G112/><T128/><D128/><U99/><E37/><V5/><F98/><W42/><G106/><T118/><D118/><U134/><E46/><V105/><F105/><W0/><G103/><T66/><D55/><U1/><E1/><V97/><F97/><W92/><G0/><T123/><D123/><U130/><E130/><V101/><F101/><W126/><G92/><N who="1" m="35434" /><E99/><V4/><F4/><W57/><G41/><T53/><D53/><U117/><E134/><V111/><F111/><W71/><G24/><T20/><D95/><U114/><E117/><V58/><F69/><W11/><G71/><T62/><D34/><U116/><E116/><V87/><F47/><W68/><G68/><T27/><D13/><N who="1" m="7479" /><E114/><V91/><F38/><W131/><G126/><T39/><D39/><U36/><E36/><V67/><F67/><W132/><G132/><T119/><D119/><U44/><E44/><V135/><F135/><W50/><REACH who="3" step="1"/><G131/><REACH who="3" ten="202,308,288,192" step="2"/><T65/><D65/><U100/><E100/><V21/><F2/><W84/><G84/><T31/><D66/><U102/><E102/><V82/><F87/><W32/><G32/><T81/><D27/><N who="1" m="10251" /><E85/><V83/><F64/><W75/><G75/><RYUUKYOKU ba="0,1" sc="202,-15,308,15,288,-15,192,15" hai1="51,52,59,79" hai3="11,12,16,42,45,48,50,54,57,72,73,80,86" /><INIT seed="3,1,1,1,0,100" ten="187,323,273,207" oya="3" hai0="42,80,82,104,18,61,49,20,39,13,28,83,29" hai1="8,81,73,108,77,96,60,32,78,58,75,121,4" hai2="22,66,1,33,50,10,7,87,128,119,114,11,35" hai3="31,113,47,123,38,26,88,23,17,37,97,85,98"/><W55/><G113/><T51/><D39/><U70/><E108/><V48/><F114/><W115/><G115/><T71/><D104/><U30/><E121/><V34/><F66/><W89/><G123/><T52/><D42/><U126/><E126/><V3/><F87/><W91/><G85/><T68/><D51/><U64/><E96/><V54/><F119/><W95/><G98/><T74/><D74/><N who="1" m="43191" /><E58/><V110/><F128/><W129/><G129/><T106/><D106/><U90/><E90/><V2/><F110/><W63/><G31/><T19/><D19/><U43/><E43/><V56/><F50/><W131/><G131/><T127/><D127/><U62/><E62/><V92/><F92/><W0/><G0/><T27/><D61/><U132/><E132/><V72/><F72/><W117/><G117/><T122/><D122/><U135/><E78/><V107/><F107/><W86/><G86/><T9/><REACH who="0" step="1"/><D29/><REACH who="0" ten="177,323,273,207" step="2"/><U130/><E130/><V53/><F48/><W109/><G109/><T118/><D118/><U41/><E41/><V103/><F54/><W124/><G124/><T84/><D84/><U67/><E75/><V69/><F53/><W46/><G37/><T6/><D6/><U133/><E73/><V76/><F7/><W79/><G79/><T44/><AGARI ba="1,2" hai="9,13,18,20,27,28,44,49,52,68,71,80,82,83" machi="44" ten="30,4000,0" yaku="1,1,0,1,54,1,53,0" doraHai="100" doraHaiUra="102" who="0" fromWho="0" sc="177,63,323,-11,273,-11,207,-21" owari="240,-16.0,312,41.2,262,6.2,186,-31.4" /></mjloggm>