<mjloggm ver="2.3"><GO type="225" lobby="0"/><UN n0="%79%6B%66%35%35%33%38%39" n1="%72%61%6B%33" n2="%E6%A0%B9%E5%85%83%E3%81%8B%E3%82%89%E5%90%B9%E3%81%A3%E9%A3%9B%E3%81%B6" n3="%73%6C%69%63%6B%33%31%39" dan="16,16,16,17" rate="2164.78,2154.14,2184.18,2189.10" sx="M,M,F,M"/><TAIKYOKU oya="0"/><INIT seed="0,0,0,3,4,111" ten="250,250,250,250" oya="0" hai0="128,0,60,63,123,106,52,135,50,91,92,109,70" hai1="116,87,102,83,77,68,49,134,121,119,113,39,69" hai2="17,108,22,13,132,57,133,79,43,46,28,55,115" hai3="110,25,122,127,126,53,105,5,120,86,26,81,72"/><T38/><D123/><N who="3" m="47145" /><G105/><T94/><D106/><U2/><E49/><N who="2" m="26847" /><F108/><W66/><G110/><T97/><D109/><U4/><E4/><V73/><F28/><W114/><G72/><T85/><D135/><U1/><E121/><V88/><F79/><N who="3" m="46399" /><G66/><T101/><D128/><U14/><E134/><N who="2" m="51819" /><F73/><W7/><G53/><T62/><D38/><U59/><E39/><V61/><F88/><W131/><G131/><T48/><D0/><U67/><E1/><V29/><F29/><W93/><G93/><T90/><D70/><U100/><E2/><V47/><F47/><W56/><G56/><T80/><REACH who="0" step="1"/><D52/><REACH who="0" ten="240,250,250,250" step="2"/><U10/><E68/><V15/><F115/><W44/><G114/><T12/><D12/><AGARI ba="0,1" hai="12,13,15,17,22,55,57,61" m="51819,26847" machi="12" ten="30,1000,0" yaku="20,1" doraHai="111" who="2" fromWho="0" sc="240,-10,250,0,250,20,250,0" /><INIT seed="1,0,0,4,4,4" ten="230,250,270,250" oya="1" hai0="49,77,133,53,89,54,96,68,130,17,9,3,80" hai1="75,76,104,129,27,50,34,28,57,47,97,122,1" hai2="120,84,87,24,39,38,128,69,119,105,70,134,85" hai3="5,102,31,108,15,115,0,64,95,48,62,106,12"/><U123/><E129/><V36/><F119/><W61/><G115/><T92/><D130/><U2/><E57/><V100/><F120/><N who="1" m="46121" /><E50/><V114/><F114/><W30/><G0/><N who="1" m="106" /><E47/><V10/><F24/><W71/><G108/><T33/><D133/><U103/><E76/><V91/><F128/><W23/><G106/><T101/><D68/><U118/><E75/><V52/><F91/><W88/><G102/><T58/><D33/><U86/><E86/><V55/><F134/><W41/><G71/><T6/><D54/><N who="2" m="20522" /><F100/><W93/><G93/><T29/><D101/><U66/><E66/><V65/><F65/><W40/><G5/><T110/><D110/><U78/><E78/><V127/><F105/><W112/><G112/><T7/><D29/><N who="3" m="10761" /><G23/><T59/><D59/><U44/><E44/><V126/><F69/><W109/><G109/><T16/><REACH who="0" step="1"/><D7/><REACH who="0" ten="220,250,270,250" step="2"/><U73/><E73/><AGARI ba="0,1" hai="3,6,9,16,17,49,53,58,73,77,80,89,92,96" machi="73" ten="30,8000,1" yaku="1,1,2,1,7,1,52,1,54,1,53,0" doraHai="4" doraHaiUra="83" who="0" fromWho="1" sc="220,90,250,-80,270,0,250,0" /><INIT seed="2,0,0,5,4,121" ten="310,170,270,250" oya="2" hai0="88,118,89,43,69,123,131,47,85,25,31,3,86" hai1="40,18,65,12,55,109,114,106,38,59,53,83,99" hai2="113,73,29,21,72,78,122,130,19,26,17,13,60" hai3="92,33,75,90,125,71,77,116,45,27,23,8,0"/><V117/><F113/><W62/><G116/><T110/><D123/><U74/><E114/><V91/><F117/><W95/><G33/><T56/><D118/><U35/><E35/><V61/><F122/><W14/><G0/><T48/><D69/><U112/><E112/><V80/><F130/><W5/><G125/><T32/><D131/><U79/><E65/><V28/><F73/><W6/><G6/><T87/><D110/><U9/><E53/><V44/><F44/><W46/><G75/><T15/><D3/><U67/><E67/><V24/><F91/><W2/><G2/><T119/><D119/><U16/><E109/><V81/><F81/><W42/><G77/><T51/><D15/><U96/><E106/><V34/><REACH who="2" step="1"/><F19/><REACH who="2" ten="310,170,260,250" step="2"/><W97/><G45/><T124/><D89/><U20/><E38/><V41/><F41/><W128/><G46/><T68/><D88/><U103/><E40/><V129/><F129/><W10/><G42/><T127/><D43/><U76/><E76/><V50/><F50/><W64/><G128/><T105/><D48/><U132/><E103/><V30/><F30/><W108/><G90/><T57/><D47/><U104/><E132/><V70/><F70/><W135/><G135/><T84/><D68/><U36/><E36/><V101/><F101/><W94/><G71/><T93/><D51/><U54/><E59/><V111/><F111/><W63/><G108/><T98/><D57/><U49/><E49/><V22/><AGARI ba="0,1" hai="13,17,21,22,24,26,28,29,34,60,61,72,78,80" machi="22" ten="20,3900,0" yaku="1,1,0,1,7,1,53,0" doraHai="121" doraHaiUra="102" who="2" fromWho="2" sc="310,-13,170,-13,260,49,250,-13" /><INIT seed="2,1,0,1,0,28" ten="297,157,309,237" oya="2" hai0="1,129,43,73,78,39,102,125,44,122,79,37,52" hai1="47,111,131,89,33,40,92,6,26,124,88,42,22" hai2="113,23,7,20,100,114,59,25,49,38,55,80,134" hai3="130,77,3,126,61,21,112,45,0,15,119,69,82"/><V17/><F134/><W53/><G119/><T27/><D122/><U105/><E105/><V116/><F116/><W103/><G130/><T109/><D129/><U2/><E131/><V107/><F38/><W29/><G126/><T127/><D109/><U135/><E111/><V13/><F7/><W32/><G112/><T9/><D39/><U99/><E124/><N who="0" m="47689" /><D102/><U71/><E71/><V56/><F56/><W128/><G128/><T84/><D73/><U104/><E135/><V83/><F107/><W123/><G123/><T117/><D117/><U87/><E104/><V10/><F100/><W81/><G103/><T5/><D84/><U19/><E33/><V41/><F41/><W86/><G32/><T132/><D132/><U121/><E121/><V54/><F20/><W115/><G115/><T11/><D11/><U76/><E76/><V51/><F114/><W63/><G0/><T98/><D98/><U65/><E65/><V58/><F113/><W66/><G3/><T64/><D64/><U133/><E133/><V30/><AGARI ba="1,0" hai="10,13,17,23,25,30,49,51,54,55,58,59,80,83" machi="30" ten="20,7800,0" yaku="0,1,7,1,9,1,8,1" doraHai="28" who="2" fromWho="2" sc="297,-27,157,-27,309,81,237,-27" /><INIT seed="2,2,0,4,0,93" ten="270,130,390,210" oya="2" hai0="120,65,58,39,133,101,56,109,99,5,90,0,95" hai1="6,118,83,27,11,86,84,130,28,85,1,24,111" hai2="112,110,94,43,4,63,35,13,50,49,40,70,88" hai3="80,104,45,64,12,25,87,66,75,107,98,72,89"/><V79/><F112/><W52/><G72/><T77/><D120/><U100/><E118/><V73/><F35/><W31/><G75/><T69/><D109/><U16/><E111/><V134/><F134/><W119/><G119/><T114/><D114/><U60/><E130/><V33/><F33/><W117/><G117/><T102/><D39/><U19/><E83/><V18/><F4/><W38/><G12/><T20/><D133/><U125/><E125/><V113/><F113/><W116/><G116/><T2/><D77/><U127/><E127/><V34/><F34/><W3/><G3/><T37/><D37/><U48/><E48/><V105/><F105/><W106/><G98/><T46/><D46/><U10/><E10/><V54/><F70/><W55/><G38/><T135/><D135/><U81/><E81/><V30/><F30/><W32/><REACH who="3" step="1"/><G45/><REACH who="3" ten="270,130,390,200" step="2"/><T62/><D0/><U128/><E128/><V97/><F13/><W29/><G29/><T67/><D2/><U122/><E122/><V82/><F110/><W26/><G26/><T115/><D99/><U47/><E47/><V8/><F97/><W126/><G126/><T53/><D115/><U15/><E1/><V22/><F73/><W78/><G78/><T7/><D7/><U23/><E24/><V76/><F79/><W121/><G121/><T131/><D5/><U61/><REACH who="1" step="1"/><E100/><REACH who="1" ten="270,120,390,200" step="2"/><V21/><F76/><W51/><G51/><T92/><D102/><U44/><E44/><V59/><F50/><W36/><G36/><T41/><D101/><U9/><E9/><V74/><F49/><W123/><G123/><RYUUKYOKU ba="2,2" sc="270,-15,120,15,390,-15,200,15" hai1="6,11,15,16,19,23,27,28,60,61,84,85,86" hai3="25,31,32,52,55,64,66,80,87,89,104,106,107" /><INIT seed="3,3,2,0,1,60" ten="255,135,375,215" oya="3" hai0="5,68,116,3,37,2,15,109,86,56,34,92,114" hai1="110,90,93,59,96,28,126,112,84,117,94,132,14" hai2="75,46,76,61,17,67,106,113,0,38,25,111,130" hai3="69,51,131,19,97,50,62,53,43,77,122,89,11"/><W129/><G77/><T40/><D68/><U108/><E112/><V41/><F113/><W83/><G122/><T8/><D116/><U71/><E71/><V39/><F0/><W7/><G19/><T64/><D34/><U118/><E28/><V120/><F106/><W36/><G36/><T88/><D109/><N who="1" m="42091" /><E14/><V49/><F130/><N who="3" m="49675" /><G43/><T16/><D114/><U74/><E59/><V124/><F76/><W23/><G23/><T48/><D37/><U123/><E123/><V78/><F78/><W105/><G83/><T58/><D2/><U27/><E27/><V4/><F39/><W102/><G89/><T82/><D3/><U47/><E47/><V121/><F38/><W107/><G107/><T99/><D5/><U133/><E74/><V70/><F111/><W1/><G53/><T128/><D128/><U22/><E22/><V13/><F120/><W115/><G115/><T98/><D82/><U21/><E21/><N who="2" m="13487" /><F75/><W52/><G52/><N who="0" m="31751" /><D40/><U32/><E32/><V42/><F121/><W55/><G55/><T35/><D35/><U10/><E10/><N who="2" m="4295" /><F42/><W30/><G30/><T20/><D20/><U33/><E33/><V91/><F91/><W66/><AGARI ba="3,2" hai="1,7,11,50,51,62,66,69,97,102,105" m="49675" machi="66" ten="30,3000,0" yaku="19,1,52,1" doraHai="60" who="3" fromWho="3" sc="255,-13,135,-13,375,-13,215,59" /><INIT seed="3,4,0,4,4,72" ten="242,122,362,274" oya="3" hai0="133,116,67,55,114,113,23,125,90,129,5,101,46" hai1="119,24,103,38,43,109,41,8,91,36,85,108,50" hai2="27,29,1,118,65,105,83,130,73,63,2,26,42" hai3="74,60,18,122,76,131,52,93,30,95,120,25,9"/><W51/><G131/><T99/><D116/><U94/><E119/><V16/><F42/><W64/><G74/><T21/><D129/><U123/><E123/><V132/><F27/><W12/><G76/><T79/><D133/><U104/><E8/><V102/><F16/><W81/><G81/><T32/><D32/><U48/><E24/><V128/><F118/><W4/><G95/><T35/><D35/><U40/><E104/><V92/><F92/><W96/><G4/><T71/><D125/><U59/><E103/><V28/><F28/><W34/><G60/><N who="0" m="40423" /><D90/><U84/><E59/><V77/><F132/><W19/><G64/><T61/><D5/><U68/><E68/><N who="2" m="42047" /><F26/><W17/><G17/><T53/><D79/><U117/><E117/><V44/><F44/><W0/><G19/><T80/><D80/><U45/><E45/><V3/><F29/><W134/><G0/><T39/><D61/><U110/><REACH who="1" step="1"/><E84/><REACH who="1" ten="242,112,362,274" step="2"/><V107/><F105/><W56/><G134/><T13/><D46/><U127/><E127/><V112/><F107/><W14/><G14/><T37/><D13/><U15/><E15/><V7/><F1/><W66/><G66/><T111/><D101/><AGARI ba="4,1" hai="9,12,18,25,30,34,51,52,56,93,96,101,120,122" machi="101" ten="30,2900,0" yaku="7,1,54,1" doraHai="72" who="3" fromWho="0" sc="242,-41,112,0,362,0,274,51" /><INIT seed="3,5,0,4,4,9" ten="201,112,362,325" oya="3" hai0="114,120,116,98,135,123,87,62,19,5,15,124,38" hai1="102,110,130,121,90,55,103,2,49,8,57,29,72" hai2="0,69,52,108,50,16,14,24,39,51,107,99,75" hai3="88,109,42,122,43,11,41,127,91,48,27,73,80"/><W115/><G122/><T58/><D116/><U112/><E121/><V18/><F75/><W54/><G115/><T78/><D114/><U25/><E112/><V64/><F39/><W134/><G134/><T111/><D135/><U106/><E72/><V128/><F0/><W68/><G68/><T47/><D111/><U45/><E110/><V30/><F108/><W125/><G109/><T53/><D124/><N who="3" m="47689" /><G11/><T26/><D5/><U70/><E70/><V60/><F128/><W59/><G27/><T105/><D26/><U20/><E130/><V61/><F18/><W92/><G92/><T118/><D118/><U89/><E2/><V21/><F52/><W84/><G73/><T86/><D105/><U40/><E106/><V83/><F83/><W81/><G81/><T56/><D98/><U67/><E67/><V74/><F74/><W3/><G3/><T12/><D58/><U79/><E79/><AGARI ba="5,0" hai="41,42,43,48,54,59,79,80,84,88,91" m="47689" machi="79" ten="30,2900,0" yaku="18,1,54,1" doraHai="9" who="3" fromWho="1" sc="201,0,112,-44,362,0,325,44" owari="201,-19.9,68,-43.2,362,16.2,369,46.9" /></mjloggm>