<mjloggm ver="2.3"><GO type="225" lobby="0"/><UN n0="%E3%82%A2%E3%83%A1%E3%82%A2%E3%83%A9%E3%83%AC" n1="%E3%81%9F%E3%81%8B%E3%80%82" n2="%72%69%6F%75%63%68%61%6E" n3="%E3%82%BF%E3%83%BC%E3%83%90%E3%83%B3%E9%87%8E%E5%8F%A3" dan="16,16,16,16" rate="2180.98,2089.29,2172.71,2054.48" sx="M,M,M,M"/><TAIKYOKU oya="0"/><INIT seed="0,0,0,0,0,81" ten="250,250,250,250" oya="0" hai0="109,76,119,20,52,36,127,8,120,57,14,126,131" hai1="129,123,125,37,9,78,79,95,72,54,59,121,103" hai2="75,84,110,116,41,74,12,86,29,28,112,96,10" hai3="77,92,47,5,34,98,82,83,101,69,89,97,2"/><T91/><D119/><U80/><E37/><V60/><F112/><W115/><G69/><T68/><D120/><U40/><E125/><N who="0" m="47625" /><D68/><U17/><E129/><V33/><F116/><W64/><G64/><T113/><D113/><U105/><E40/><V16/><F110/><W43/><G34/><T11/><D36/><U51/><E78/><V106/><F41/><W3/><G115/><T56/><D131/><U48/><E48/><V118/><F118/><W25/><G25/><T4/><D76/><U24/><E95/><V61/><F74/><W26/><G26/><T38/><D38/><U71/><E71/><V32/><F75/><W133/><G133/><T23/><D57/><U94/><E94/><V19/><F106/><W39/><G82/><T122/><D122/><U0/><E0/><V134/><F134/><W102/><G5/><N who="0" m="3343" /><D91/><U130/><E130/><V45/><F45/><W88/><G89/><T111/><D111/><U7/><E103/><V49/><F49/><W65/><G65/><T66/><D66/><U21/><REACH who="1" step="1"/><E105/><REACH who="1" ten="250,240,250,250" step="2"/><V27/><F60/><W42/><G42/><T104/><D104/><U67/><E67/><V13/><F61/><W15/><G2/><N who="0" m="407" /><D109/><U46/><E46/><V31/><F96/><W124/><G3/><T87/><D87/><N who="2" m="33322" /><F33/><W93/><G124/><T117/><D117/><U44/><E44/><V114/><F114/><W30/><G47/><T85/><D85/><U63/><E63/><AGARI ba="0,1" hai="20,23,52,56,63" m="407,3343,47625" machi="63" ten="30,2900,0" yaku="18,1,54,1" doraHai="81" who="0" fromWho="1" sc="250,39,240,-29,250,0,250,0" /><INIT seed="0,1,0,5,3,88" ten="289,211,250,250" oya="0" hai0="31,127,75,78,38,32,98,85,24,61,128,23,7" hai1="110,13,83,108,11,104,105,96,120,57,132,67,28" hai2="95,6,121,99,133,116,48,12,33,70,46,131,42" hai3="58,113,97,129,93,107,125,41,73,134,53,62,65"/><T3/><D128/><U20/><E120/><V68/><F121/><W91/><G113/><T76/><D127/><U89/><E132/><V29/><F131/><W45/><G129/><T111/><D38/><U87/><E28/><V59/><F133/><W71/><G134/><T34/><D75/><U103/><E20/><V84/><F116/><W2/><G125/><T100/><D3/><U114/><E114/><V109/><F109/><N who="1" m="42089" /><E57/><V92/><F59/><W27/><G2/><T40/><D7/><N who="1" m="3327" /><E67/><V22/><F33/><W130/><G130/><T4/><D4/><U16/><E16/><N who="2" m="10503" /><F70/><W74/><G107/><AGARI ba="1,0" hai="83,87,89,96,103,104,105,107" m="3327,42089" machi="107" ten="30,1000,0" yaku="14,1" doraHai="88" who="1" fromWho="3" sc="289,0,211,13,250,0,250,-13" /><INIT seed="1,0,0,0,5,12" ten="289,224,250,237" oya="1" hai0="52,17,41,87,68,38,1,104,48,3,128,102,125" hai1="62,69,47,109,88,36,93,92,85,129,76,81,61" hai2="78,89,39,10,82,98,96,4,60,14,55,30,9" hai3="2,131,13,114,99,123,111,67,94,135,115,110,72"/><U50/><E129/><V53/><F39/><W8/><G2/><T32/><D68/><U101/><E36/><V113/><F113/><W100/><G72/><T118/><D118/><U119/><E119/><V105/><F30/><W18/><G123/><T66/><D66/><U117/><E117/><V97/><F105/><W70/><G131/><T126/><D32/><U20/><E109/><N who="3" m="41482" /><G135/><T24/><D87/><N who="1" m="48551" /><E69/><V74/><F89/><W64/><G70/><T43/><D128/><U22/><E101/><V33/><F33/><W0/><G0/><N who="0" m="75" /><D38/><U34/><E34/><V107/><F107/><W21/><G115/><T57/><D102/><U35/><E35/><V15/><REACH who="2" step="1"/><F60/><REACH who="2" ten="289,224,240,237" step="2"/><N who="1" m="23145" /><E93/><V7/><AGARI ba="0,1" hai="4,7,9,10,14,15,53,55,74,78,82,96,97,98" machi="7" ten="30,8000,1" yaku="1,1,0,1,9,1,53,2" doraHai="12" doraHaiUra="6" who="2" fromWho="2" sc="289,-20,224,-40,240,90,237,-20" /><INIT seed="2,0,0,1,2,68" ten="269,184,330,217" oya="2" hai0="91,53,92,2,45,77,132,58,69,82,36,81,56" hai1="108,86,123,89,31,98,97,40,5,72,16,0,19" hai2="78,48,88,110,84,71,10,60,118,113,62,20,50" hai3="23,105,24,46,14,87,90,7,109,26,127,57,85"/><V128/><F113/><W70/><G109/><T121/><D121/><U99/><E72/><V13/><F118/><W35/><G127/><T52/><D69/><U64/><E123/><V135/><F110/><W30/><G70/><T3/><D132/><U44/><E108/><V93/><F135/><W95/><G105/><T83/><D77/><U47/><E31/><V42/><F128/><W122/><G122/><T1/><D45/><U54/><E64/><V25/><F78/><W22/><G26/><T130/><D36/><U116/><E116/><V49/><F42/><W100/><G100/><T9/><D9/><U133/><E133/><V28/><REACH who="2" step="1"/><F71/><REACH who="2" ten="269,184,320,217" step="2"/><W79/><G79/><T6/><D130/><U112/><E112/><V94/><F94/><W73/><G95/><T101/><D92/><N who="1" m="54327" /><E0/><V126/><F126/><W15/><G73/><T55/><D2/><U107/><E107/><V75/><F75/><W74/><G74/><T66/><D1/><U96/><N who="1" m="24576" /><DORA hai="4" /><U67/><E40/><V17/><AGARI ba="0,1" hai="10,13,17,20,25,28,48,49,50,60,62,84,88,93" machi="17" ten="30,12000,1" yaku="1,1,0,1,8,1,52,1,54,1,53,0" doraHai="68,4" doraHaiUra="117,61" who="2" fromWho="2" sc="269,-40,184,-40,320,130,217,-40" /><INIT seed="2,1,0,0,4,15" ten="229,144,450,177" oya="2" hai0="32,95,40,73,74,114,30,17,106,63,84,133,81" hai1="27,10,66,127,56,71,58,78,134,118,7,125,16" hai2="70,67,31,60,47,2,8,113,83,86,64,132,11" hai3="37,36,103,4,28,93,9,61,117,41,51,5,135"/><V13/><F113/><W45/><G117/><T65/><D106/><U54/><E118/><V89/><F132/><W108/><G108/><T104/><D104/><U53/><E134/><V3/><F31/><W80/><G135/><T59/><D114/><U99/><E78/><V105/><F105/><W131/><G131/><T24/><D133/><U18/><E99/><V12/><F64/><W19/><G28/><T69/><D40/><U75/><E75/><V116/><F116/><W50/><G80/><T94/><D94/><U23/><E71/><V119/><F119/><W34/><G34/><T43/><D43/><U29/><E66/><V6/><REACH who="2" step="1"/><F47/><REACH who="2" ten="229,144,440,177" step="2"/><W96/><G45/><T55/><D65/><U14/><E125/><V88/><F88/><W111/><G111/><T124/><D124/><U110/><E110/><V129/><F129/><W97/><G103/><T68/><D68/><U52/><REACH who="1" step="1"/><E127/><REACH who="1" ten="229,134,440,177" step="2"/><V82/><F82/><W98/><G37/><T101/><D69/><U44/><E44/><V33/><F33/><W26/><G36/><T112/><D112/><U77/><E77/><V130/><F130/><W0/><G41/><T49/><D81/><U115/><E115/><V1/><F1/><W21/><G93/><T79/><D79/><U76/><E76/><V48/><F48/><W46/><G50/><T62/><D49/><U109/><E109/><V120/><F120/><W121/><G121/><T90/><D30/><U42/><E42/><V57/><F57/><AGARI ba="1,2" hai="7,10,14,16,18,23,27,29,52,53,54,56,57,58" machi="57" ten="40,12000,2" yaku="1,1,8,1,52,2,54,2,53,0" doraHai="15" doraHaiUra="72" who="1" fromWho="2" sc="229,0,134,143,440,-123,177,0" /><INIT seed="3,0,0,5,0,49" ten="229,277,317,177" oya="3" hai0="80,82,114,51,75,85,9,45,30,0,109,78,134" hai1="71,93,37,105,69,26,120,59,1,6,90,8,119" hai2="4,112,130,121,70,118,76,60,50,96,97,66,110" hai3="135,103,25,29,81,122,10,111,127,72,43,91,13"/><W21/><G122/><T86/><D109/><U107/><E119/><V99/><F112/><W11/><G135/><T16/><D134/><U20/><E120/><V132/><F132/><W54/><G127/><T12/><D114/><U34/><E37/><V14/><F118/><W108/><G43/><T41/><D0/><U33/><E59/><N who="2" m="37151" /><F121/><W40/><G40/><T15/><D30/><U124/><E124/><V95/><F70/><N who="1" m="26633" /><E90/><V133/><F133/><W131/><G131/><T74/><REACH who="0" step="1"/><D15/><REACH who="0" ten="219,277,317,177" step="2"/><U28/><E28/><V67/><F14/><W65/><G13/><T73/><D73/><U22/><E26/><V126/><F110/><N who="3" m="42027" /><G103/><T98/><D98/><U79/><E1/><V32/><F99/><W117/><G117/><T106/><D106/><U87/><E107/><V63/><F96/><W38/><G38/><T58/><D58/><U44/><E105/><V125/><F97/><W113/><G113/><T47/><D47/><U48/><E44/><V57/><F57/><W27/><G27/><T56/><D56/><U2/><E2/><V116/><F116/><W55/><G65/><T17/><D17/><U88/><E34/><V115/><F67/><W83/><G72/><T129/><D129/><U89/><E33/><V123/><F130/><W128/><G128/><T23/><D23/><U35/><E20/><V42/><F126/><W53/><G81/><T31/><D31/><U77/><E22/><V36/><F125/><W7/><G7/><T52/><D52/><U84/><E6/><V68/><F4/><W19/><G29/><T92/><D92/><U3/><E35/><RYUUKYOKU ba="0,1" sc="219,15,277,-15,317,-15,177,15" hai0="9,12,16,41,45,51,74,75,78,80,82,85,86" hai3="10,11,19,21,25,53,54,55,83,91" /><INIT seed="3,1,1,3,2,94" ten="234,262,302,192" oya="3" hai0="51,134,75,22,113,27,85,2,33,90,119,25,131" hai1="91,126,121,67,30,129,76,77,10,5,130,13,70" hai2="55,109,38,71,81,18,58,24,127,89,49,132,72" hai3="122,100,98,66,48,7,8,73,35,69,84,123,6"/><W47/><G73/><T135/><D119/><U116/><E121/><V9/><F38/><W17/><G35/><T108/><D108/><U101/><E116/><V14/><F71/><W62/><G17/><T20/><D33/><U63/><E126/><V52/><F109/><W36/><G84/><T42/><D75/><U117/><E117/><V125/><F132/><N who="0" m="50730" /><D2/><U54/><E30/><V92/><F24/><N who="0" m="9290" /><D131/><N who="1" m="50187" /><E101/><V104/><F104/><W19/><G19/><T50/><D113/><U88/><E54/><N who="2" m="32079" /><F72/><W34/><G34/><T65/><D65/><U21/><E21/><N who="0" m="8297" /><D42/><U105/><E105/><V93/><F125/><W44/><G36/><T106/><D106/><U59/><E70/><V78/><F127/><W1/><G6/><T82/><AGARI ba="1,1" hai="50,51,82,85,90" m="8297,9290,50730" machi="82" ten="30,1100,0" yaku="20,1" doraHai="94" who="0" fromWho="0" sc="234,24,262,-4,302,-4,192,-6" /><INIT seed="4,0,0,0,3,122" ten="258,258,298,186" oya="0" hai0="52,128,38,9,10,5,24,28,95,115,130,125,0" hai1="29,118,59,69,120,68,45,119,71,64,41,84,13" hai2="109,34,99,108,67,94,56,77,27,111,39,4,32" hai3="98,33,117,124,12,121,89,105,54,82,26,21,40"/><T15/><D38/><N who="1" m="21687" /><E29/><V74/><F39/><W129/><G121/><T131/><D115/><U7/><E7/><V44/><F4/><W78/><G117/><N who="1" m="44554" /><E13/><V87/><F44/><W70/><G70/><N who="1" m="17922" /><U37/><DORA hai="114" /><E84/><V1/><F74/><W16/><G129/><T60/><D125/><U23/><E23/><V81/><F1/><W17/><G124/><T112/><D112/><U19/><E19/><V58/><F27/><W18/><G40/><T47/><D95/><U49/><E120/><V42/><F42/><W110/><G54/><T123/><D123/><U132/><E132/><V65/><F32/><W92/><G105/><T93/><D93/><U63/><E37/><V61/><F34/><W30/><REACH who="3" step="1"/><G110/><REACH who="3" ten="258,258,298,176" step="2"/><T25/><D130/><U100/><E49/><V76/><F111/><W88/><G88/><T8/><D128/><U35/><E100/><V91/><F76/><W51/><G51/><T101/><D101/><U96/><E35/><V22/><F109/><W62/><G62/><T90/><D60/><U116/><E116/><V73/><F108/><W57/><G57/><T36/><D36/><U134/><E134/><V55/><F58/><W43/><G43/><T86/><D131/><U75/><E59/><V103/><F22/><W80/><G80/><AGARI ba="0,1" hai="55,56,61,65,67,73,77,80,81,87,91,94,99,103" machi="80" ten="30,1000,0" yaku="7,1" doraHai="122,114" who="2" fromWho="3" sc="258,0,258,0,298,20,176,-10" owari="258,5.8,258,-14.2,318,41.8,166,-33.4" /></mjloggm>