<mjloggm ver="2.3"><GO type="225" lobby="0"/><UN n0="%73%61%6E%64%69%72%69%73" n1="%48%61%61%61%6C%61%6E%64" n2="%E8%B1%86%59%E5%A4%AA%E9%83%8E" n3="%E6%A1%9C%E8%8A%B1%E9%96%83%E3%80%85" dan="16,17,16,18" rate="2138.94,2255.58,2064.69,2293.75" sx="M,M,M,M"/><TAIKYOKU oya="0"/><INIT seed="0,0,0,5,2,80" ten="250,250,250,250" oya="0" hai0="93,38,56,95,40,29,34,12,16,91,26,87,27" hai1="42,131,133,109,22,77,21,129,1,135,57,39,120" hai2="102,2,130,53,125,115,92,35,31,48,127,11,107" hai3="104,90,113,58,71,63,7,25,62,86,78,94,47"/><T96/><D38/><U132/><E120/><V82/><F107/><W119/><G113/><T52/><D40/><U105/><E109/><V124/><F130/><N who="1" m="49673" /><E105/><V122/><F115/><W36/><G119/><T84/><D27/><U44/><E1/><V66/><F66/><W61/><G104/><T19/><D95/><U79/><E57/><V4/><F122/><W45/><G71/><T18/><REACH who="0" step="1"/><D12/><REACH who="0" ten="240,250,250,250" step="2"/><U110/><E110/><V76/><F92/><W55/><G25/><T101/><D101/><U46/><E42/><V60/><F102/><W98/><G36/><T116/><D116/><U23/><E39/><V67/><F127/><W114/><G114/><T103/><D103/><U64/><E64/><V32/><F125/><W126/><G126/><T106/><D106/><U43/><E43/><V65/><F65/><W88/><G7/><T5/><D5/><U51/><E51/><AGARI ba="0,1" hai="16,18,19,26,29,34,51,52,56,84,87,91,93,96" machi="51" ten="40,12000,1" yaku="1,1,52,2,54,2,53,0" doraHai="80" doraHaiUra="112" who="0" fromWho="1" sc="240,130,250,-120,250,0,250,0" /><INIT seed="0,1,0,0,3,63" ten="370,130,250,250" oya="0" hai0="85,44,30,12,113,14,80,124,46,37,117,64,1" hai1="112,52,49,109,20,33,31,47,71,55,129,62,89" hai2="134,70,125,114,98,6,36,95,11,40,133,59,79" hai3="68,5,123,38,102,50,8,90,99,96,78,110,2"/><T10/><D113/><U0/><E112/><V23/><F70/><W82/><G38/><T97/><D117/><U4/><E109/><V105/><F105/><W127/><G110/><T13/><D124/><U29/><E129/><V18/><F125/><W106/><G127/><T41/><D30/><U16/><E33/><V84/><F59/><W51/><G68/><T61/><D46/><U57/><E71/><V7/><F40/><W108/><G108/><T48/><D1/><U53/><E53/><V83/><F36/><W94/><REACH who="3" step="1"/><G123/><REACH who="3" ten="370,130,250,240" step="2"/><T91/><D37/><U120/><E120/><V21/><F114/><W73/><AGARI ba="1,1" hai="2,5,8,50,51,73,78,82,90,94,96,99,102,106" machi="73" ten="20,8000,1" yaku="1,1,2,1,0,1,7,1,53,1" doraHai="63" doraHaiUra="75" who="3" fromWho="3" sc="370,-41,130,-21,250,-21,240,93" /><INIT seed="1,0,0,4,4,68" ten="329,109,229,333" oya="1" hai0="94,45,133,106,129,36,128,56,126,7,32,41,118" hai1="80,31,44,100,22,23,51,71,43,86,29,123,131" hai2="37,65,40,58,10,19,89,83,130,2,8,82,54" hai3="124,125,102,121,57,42,38,74,15,112,1,81,88"/><U39/><E123/><V127/><F65/><W18/><G121/><T6/><D118/><U21/><E71/><V5/><F130/><N who="0" m="50282" /><D106/><U60/><E131/><V35/><F35/><W4/><G102/><T27/><D126/><N who="3" m="48745" /><G112/><T13/><D133/><U98/><E60/><V63/><F89/><W67/><G4/><T17/><D94/><U25/><E51/><V52/><F54/><W64/><G1/><T113/><D113/><U50/><E50/><V48/><F48/><W72/><G57/><T20/><D56/><U96/><E31/><AGARI ba="0,0" hai="6,7,13,17,20,27,31,32,36,41,45" m="50282" machi="31" ten="30,2000,0" yaku="19,1,52,1" doraHai="68" who="0" fromWho="1" sc="329,20,109,-20,229,0,333,0" /><INIT seed="2,0,0,2,0,64" ten="349,89,229,333" oya="2" hai0="73,127,5,3,14,135,33,99,101,39,109,28,2" hai1="51,55,116,90,61,24,108,69,59,124,7,100,19" hai2="94,82,110,16,38,88,54,13,66,12,91,96,58" hai3="49,32,34,26,125,40,36,56,0,115,9,78,97"/><V132/><F38/><W131/><G97/><T104/><D14/><U10/><E116/><V107/><F107/><W27/><G56/><T103/><D109/><U42/><E108/><V81/><F66/><W11/><G49/><T31/><D127/><U71/><E124/><V79/><F12/><W21/><G125/><T86/><D86/><U122/><E122/><V89/><F132/><W46/><G131/><T133/><D73/><U121/><E121/><V57/><F57/><W102/><G102/><T43/><D103/><U52/><E42/><V47/><F47/><W22/><G78/><T84/><D84/><U70/><E100/><V93/><F93/><W53/><G53/><T118/><D118/><U112/><E90/><V30/><F30/><W8/><G0/><N who="0" m="43" /><D5/><U77/><E77/><V98/><F98/><W41/><G115/><T113/><D113/><U74/><E74/><V17/><F17/><W126/><G126/><T6/><D6/><U62/><E112/><V63/><F110/><W119/><G119/><T67/><D67/><U60/><E19/><V80/><F79/><W45/><REACH who="3" step="1"/><G9/><AGARI ba="0,0" hai="9,13,16,54,58,63,80,81,82,88,89,91,94,96" machi="9" ten="40,7700,0" yaku="8,1,54,2" doraHai="64" who="2" fromWho="3" sc="349,0,89,0,229,77,333,-77" /><INIT seed="2,1,0,1,4,15" ten="349,89,306,256" oya="2" hai0="1,92,68,132,77,32,37,128,10,94,41,93,33" hai1="59,67,40,90,127,65,75,58,7,50,61,51,6" hai2="24,91,38,48,102,86,70,42,74,105,69,44,43" hai3="79,46,88,52,116,11,117,114,112,63,109,76,30"/><V18/><F74/><W101/><G101/><T21/><D68/><U60/><E75/><V133/><F133/><W13/><G30/><T49/><D37/><U0/><E127/><V82/><F42/><W3/><G3/><T27/><D128/><U78/><E0/><V64/><F38/><W122/><G122/><T36/><D36/><U99/><E78/><V123/><F64/><W89/><G109/><T9/><D77/><N who="3" m="29769" /><G117/><T5/><D10/><U29/><E29/><V110/><F123/><W45/><G116/><T84/><D84/><U135/><E135/><V85/><F110/><W14/><G14/><T54/><D41/><U25/><E25/><V104/><F86/><W103/><G103/><T28/><REACH who="0" step="1"/><D132/><REACH who="0" ten="339,89,306,256" step="2"/><U39/><E39/><V12/><F70/><W113/><G46/><AGARI ba="1,1" hai="1,5,9,21,27,28,32,33,46,49,54,92,93,94" machi="46" ten="40,5200,0" yaku="1,1,2,1,53,1" doraHai="15" doraHaiUra="20" who="0" fromWho="3" sc="339,65,89,0,306,0,256,-55" /><INIT seed="3,0,0,0,1,19" ten="404,89,306,201" oya="3" hai0="104,124,46,79,50,116,43,73,102,120,94,133,128" hai1="71,85,103,9,92,36,48,135,105,97,129,67,130" hai2="132,3,69,66,49,34,39,100,74,123,75,72,42" hai3="127,7,119,108,14,22,118,0,2,115,17,52,114"/><W91/><G91/><T98/><D120/><U88/><E36/><V23/><F23/><N who="3" m="11703" /><G52/><T56/><D116/><N who="3" m="44585" /><G127/><T60/><D124/><U87/><E9/><V86/><F49/><W16/><G108/><T77/><D133/><U31/><E31/><V21/><F86/><W99/><G99/><T80/><D128/><N who="1" m="49259" /><E48/><V28/><F100/><W83/><G83/><T47/><D47/><U58/><E58/><V26/><F21/><W45/><G45/><T93/><D79/><U5/><E5/><V70/><F132/><W134/><G134/><T90/><D90/><N who="1" m="53327" /><E71/><V59/><F123/><W40/><G40/><T18/><D18/><U33/><E33/><V117/><F59/><W82/><G82/><T12/><D12/><U76/><E67/><AGARI ba="0,0" hai="43,46,50,56,60,67,73,77,80,93,94,98,102,104" machi="67" ten="30,1000,0" yaku="7,1" doraHai="19" who="0" fromWho="1" sc="404,10,89,-10,306,0,201,0" owari="414,51.4,79,-42.1,306,10.6,201,-19.9" /></mjloggm>