<mjloggm ver="2.3"><GO type="225" lobby="0"/><UN n0="%72%69%6F%75%63%68%61%6E" n1="%45%6C%79%73%69%75%6D" n2="%74%61%6B%75%61%6B%61" n3="%E3%81%A9%E3%82%8F%E3%82%93%E3%81%94" dan="17,17,16,16" rate="2247.39,2122.38,2171.35,2182.80" sx="M,F,M,M"/><TAIKYOKU oya="0"/><INIT seed="0,0,0,4,4,11" ten="250,250,250,250" oya="0" hai0="116,14,105,65,95,16,75,133,129,45,74,27,32" hai1="93,123,115,42,58,29,20,78,52,72,83,66,8" hai2="64,2,130,70,54,104,100,13,39,114,38,122,57" hai3="41,1,124,47,31,110,22,15,34,61,56,96,131"/><T60/><D116/><U80/><E123/><V99/><F2/><W44/><G110/><T90/><D105/><U26/><E115/><V97/><F122/><W69/><G131/><T107/><D107/><U91/><E66/><V101/><F114/><W87/><G124/><T106/><D106/><U12/><E42/><V84/><F130/><W59/><G1/><T79/><D129/><U102/><E102/><V125/><F125/><W132/><G69/><T24/><D133/><U53/><E80/><V40/><F84/><W119/><G96/><T128/><D128/><U25/><E25/><V89/><F100/><W94/><G34/><T103/><D103/><U36/><E58/><V48/><F40/><W10/><G132/><T35/><D35/><U33/><E36/><V92/><F64/><N who="3" m="38951" /><G59/><N who="0" m="37023" /><D32/><U63/><E63/><V46/><F57/><W112/><G41/><T121/><D121/><U134/><E33/><V37/><REACH who="2" step="1"/><F70/><REACH who="2" ten="250,250,240,250" step="2"/><W76/><G112/><T30/><D75/><U4/><E134/><V67/><F67/><W7/><G119/><T51/><D74/><U71/><E71/><V88/><F88/><N who="3" m="53535" /><G76/><T3/><D79/><U68/><E68/><V126/><F126/><W82/><G82/><T50/><D3/><U21/><E83/><V118/><F118/><W0/><G0/><T9/><D45/><U81/><E72/><V120/><F120/><W86/><G86/><N who="0" m="52695" /><D30/><N who="1" m="17735" /><E81/><V113/><F113/><W108/><G47/><T135/><D135/><U77/><E77/><V62/><F62/><W49/><G44/><T23/><D27/><N who="1" m="16623" /><E78/><V73/><F73/><W43/><G43/><RYUUKYOKU ba="0,1" sc="250,10,250,10,240,10,250,-30" hai0="9,14,16,23,24,50,51" hai1="4,8,12,52,53,91,93" hai2="13,37,38,39,46,48,54,89,92,97,99,101,104" /><INIT seed="0,1,1,0,4,83" ten="260,260,250,220" oya="0" hai0="55,40,133,44,75,119,66,57,49,38,28,62,107" hai1="21,4,92,127,33,17,48,89,26,19,121,120,93" hai2="104,130,70,128,0,7,41,72,90,56,129,11,67" hai3="64,101,123,116,87,25,53,8,16,111,82,113,105"/><T131/><D119/><U88/><E4/><V122/><F122/><W102/><G113/><T39/><D75/><U117/><E117/><V80/><F104/><W32/><G123/><T95/><D107/><U46/><E127/><V124/><F124/><W85/><G116/><T37/><D28/><U125/><E125/><V115/><F115/><W30/><G111/><T68/><D95/><U45/><E33/><V24/><F41/><W65/><G53/><T63/><D131/><U1/><E1/><V98/><F70/><W81/><G105/><T12/><D12/><U69/><E69/><V60/><F24/><W134/><G134/><AGARI ba="1,1" hai="37,38,39,40,44,49,55,57,62,63,66,68,133,134" machi="134" ten="50,9600,0" yaku="34,3" doraHai="83" who="0" fromWho="3" sc="260,109,260,0,250,0,220,-99" /><INIT seed="0,2,0,5,3,37" ten="369,260,250,121" oya="0" hai0="114,38,92,71,99,23,24,63,132,123,89,12,126" hai1="25,127,68,47,113,107,17,1,53,133,93,94,105" hai2="125,88,96,120,97,129,111,77,49,54,116,30,122" hai3="134,48,130,52,100,64,20,34,117,80,65,58,98"/><T61/><D114/><U69/><E1/><V43/><F111/><W50/><G134/><T56/><D123/><U62/><E113/><V118/><F125/><W75/><G130/><T2/><D2/><U5/><E5/><V59/><F129/><W108/><G34/><T41/><D126/><U76/><E127/><V91/><F30/><W87/><G75/><T26/><D132/><U35/><E76/><V16/><F43/><W115/><G117/><N who="2" m="45161" /><F77/><W74/><G74/><T55/><D12/><U51/><E133/><V45/><F59/><W7/><G108/><T81/><D81/><U8/><E105/><V57/><F57/><W84/><G115/><T135/><D135/><U15/><E107/><V39/><F39/><W83/><G7/><T124/><D124/><U44/><E44/><V103/><F16/><W36/><G36/><T40/><D38/><U29/><E62/><V10/><F10/><W14/><G50/><T33/><D33/><U95/><AGARI ba="2,0" hai="8,15,17,25,29,35,47,51,53,68,69,93,94,95" machi="95" ten="30,1100,0" yaku="0,1" doraHai="37" who="1" fromWho="1" sc="369,-7,260,17,250,-5,121,-5" /><INIT seed="1,0,0,2,1,44" ten="362,277,245,116" oya="1" hai0="123,133,112,19,105,88,52,51,71,17,64,22,33" hai1="12,114,60,31,38,129,48,90,130,95,20,104,26" hai2="69,57,7,1,21,47,35,121,78,36,93,10,29" hai3="92,16,101,125,86,24,131,72,45,14,119,56,0"/><U126/><E38/><V53/><F121/><W132/><G131/><N who="1" m="50186" /><E104/><V59/><F69/><W108/><G108/><T98/><D112/><U89/><E114/><V28/><F35/><W70/><G132/><T124/><D33/><U79/><E126/><V3/><F3/><W127/><G70/><T107/><D133/><U37/><E37/><V122/><F122/><W91/><G72/><T63/><D123/><U81/><E60/><V27/><F78/><W61/><G0/><T50/><D124/><U18/><E95/><V9/><F9/><W4/><G119/><T87/><D98/><U77/><E48/><V40/><F93/><W75/><G75/><T110/><D110/><U41/><E41/><V32/><F59/><W42/><G101/><T5/><D5/><U106/><E106/><V115/><F115/><W135/><G24/><T23/><D17/><U99/><E99/><V54/><F54/><W49/><G4/><T66/><D66/><U25/><E25/><V13/><F29/><W83/><G92/><N who="0" m="54303" /><D50/><U113/><E113/><V11/><F32/><W84/><G84/><T85/><D85/><N who="1" m="48319" /><E77/><V34/><F34/><AGARI ba="0,0" hai="12,18,20,26,31,34,89,90" m="48319,50186" machi="34" ten="30,1500,0" yaku="19,1" doraHai="44" who="1" fromWho="2" sc="362,0,277,15,245,-15,116,0" /><INIT seed="1,1,0,5,1,58" ten="362,292,230,116" oya="1" hai0="86,57,33,97,2,65,14,52,77,126,66,116,95" hai1="104,79,101,107,68,15,124,132,60,115,83,88,112" hai2="106,73,123,45,39,111,29,99,36,93,31,7,43" hai3="3,50,56,30,113,80,76,1,94,42,19,105,127"/><U26/><E26/><V89/><F123/><W35/><G113/><T32/><D116/><U55/><E15/><V37/><F111/><W74/><G105/><T44/><D2/><U78/><E55/><V51/><F73/><W119/><G127/><T41/><D126/><U46/><E46/><V53/><F106/><W109/><G109/><T6/><D77/><U23/><E23/><V27/><F7/><W61/><G119/><T54/><D86/><N who="1" m="50271" /><E60/><V70/><F70/><W81/><G30/><T22/><D32/><U96/><E68/><V85/><F85/><W133/><G35/><T98/><D33/><U17/><E17/><V63/><REACH who="2" step="1"/><F27/><REACH who="2" ten="362,292,220,116" step="2"/><W18/><G74/><T49/><D6/><U110/><E124/><V48/><F48/><W118/><G118/><T114/><D114/><N who="1" m="43563" /><E110/><V5/><F5/><W134/><G50/><N who="0" m="28743" /><D41/><U64/><E132/><V16/><F16/><W28/><G42/><T91/><D98/><N who="1" m="61495" /><E64/><V129/><F129/><W20/><G134/><T121/><D49/><U131/><E131/><V71/><F71/><W120/><G133/><T82/><D65/><U8/><E8/><V102/><F102/><AGARI ba="1,1" hai="78,79,96,102,107" m="61495,43563,50271" machi="102" ten="30,5800,0" yaku="34,2,54,1" doraHai="58" who="1" fromWho="2" sc="362,0,292,71,220,-61,116,0" /><INIT seed="1,2,0,5,2,87" ten="362,363,159,116" oya="1" hai0="29,4,42,110,20,115,31,75,92,12,61,10,38" hai1="63,84,119,77,121,80,58,114,49,101,27,67,96" hai2="109,6,68,128,79,41,35,52,125,99,53,45,60" hai3="91,33,135,76,70,34,14,48,94,103,32,21,23"/><U130/><E119/><V126/><F109/><W28/><G70/><T25/><D115/><U120/><E114/><V95/><F35/><W65/><G65/><T8/><D110/><U117/><E117/><V116/><F116/><W66/><G66/><T106/><D106/><U22/><E49/><V50/><F128/><W111/><G111/><T54/><D75/><U104/><REACH who="1" step="1"/><E130/><REACH who="1" ten="362,353,159,116" step="2"/><V124/><F50/><W73/><G48/><T100/><D38/><U15/><E15/><V1/><F124/><W9/><G135/><T118/><D118/><U16/><AGARI ba="2,1" hai="16,22,27,58,63,67,77,80,84,96,101,104,120,121" machi="16" ten="20,7800,0" yaku="1,1,0,1,7,1,54,1,53,0" doraHai="87" doraHaiUra="37" who="1" fromWho="1" sc="362,-28,353,94,159,-28,116,-28" /><INIT seed="1,3,0,2,5,21" ten="334,447,131,88" oya="1" hai0="58,7,85,18,37,14,114,95,112,109,113,117,48" hai1="61,46,27,134,107,116,23,0,4,94,103,123,83" hai2="17,124,30,78,45,90,20,96,69,34,66,6,133" hai3="1,43,19,106,54,89,35,36,26,115,97,119,41"/><U59/><E123/><V64/><F124/><W53/><G115/><T16/><D37/><U121/><E121/><V42/><F133/><W31/><G1/><T88/><D117/><U24/><E107/><V80/><F6/><W25/><G119/><T91/><D109/><U38/><E116/><V79/><F34/><W71/><G71/><T13/><D7/><U67/><E134/><V49/><F30/><W130/><G130/><T105/><D105/><U128/><E128/><V99/><F69/><W125/><G125/><T86/><D58/><U68/><E83/><V76/><F96/><W8/><G36/><T135/><D135/><U108/><E108/><V74/><F74/><W9/><G106/><T22/><D48/><U40/><E23/><V101/><F101/><W62/><G31/><T73/><D73/><U132/><E132/><V28/><F28/><W56/><G35/><T122/><D122/><U120/><E120/><V126/><F126/><W50/><G97/><T39/><D39/><U70/><E70/><V131/><F131/><W93/><G93/><T77/><D77/><U102/><E94/><N who="2" m="56791" /><F80/><W84/><G84/><T60/><D60/><U110/><E110/><V3/><F3/><W33/><G89/><T87/><REACH who="0" step="1"/><D95/><REACH who="0" ten="324,447,131,88" step="2"/><U129/><E129/><V11/><F78/><W12/><G62/><T47/><D47/><U82/><E68/><V92/><F92/><W57/><G50/><T55/><D55/><U75/><E75/><V65/><F76/><W15/><G33/><T5/><D5/><U100/><E82/><V111/><F111/><W118/><G118/><RYUUKYOKU ba="3,1" sc="324,10,447,10,131,-30,88,10" hai0="13,14,16,18,22,85,86,87,88,91,112,113,114" hai1="0,4,24,27,38,40,46,59,61,67,100,102,103" hai3="8,9,12,15,19,25,26,41,43,53,54,56,57" /><INIT seed="1,4,1,3,2,12" ten="334,457,101,98" oya="1" hai0="114,129,52,54,115,101,29,121,122,41,97,67,32" hai1="36,83,30,35,17,81,89,73,82,20,125,9,60" hai2="135,86,104,127,51,3,49,119,78,91,113,68,120" hai3="15,47,44,63,43,8,61,64,88,50,85,18,56"/><U10/><E125/><V112/><F120/><N who="0" m="46186" /><D129/><U31/><E73/><V42/><F119/><W95/><G63/><T24/><D67/><U4/><E36/><V124/><F3/><W66/><G47/><T72/><D72/><U131/><E131/><V38/><F68/><W116/><G116/><T100/><D41/><U19/><E35/><V132/><F104/><W126/><G126/><N who="2" m="48169" /><F78/><W94/><G66/><T27/><D100/><U102/><E102/><V108/><F108/><W98/><G98/><T80/><D80/><AGARI ba="4,1" hai="8,15,18,43,44,50,56,61,64,80,85,88,94,95" machi="80" ten="30,7700,0" yaku="7,1,8,1,52,1,54,1" doraHai="12" who="3" fromWho="0" sc="334,-89,457,0,101,0,98,99" /><INIT seed="2,0,0,0,1,104" ten="245,457,101,197" oya="2" hai0="54,77,129,50,133,31,2,78,89,43,120,7,82" hai1="53,27,30,21,5,103,131,44,121,6,64,116,18" hai2="87,59,45,135,60,125,3,72,94,71,22,47,51" hai3="8,63,49,28,29,15,132,85,23,34,127,56,92"/><V17/><F125/><W122/><G132/><T108/><D108/><U83/><E116/><V114/><F114/><W130/><G34/><T41/><D120/><U10/><E121/><V126/><F126/><W38/><G130/><T20/><D133/><U14/><E131/><V115/><F115/><W9/><G38/><T91/><D129/><U25/><E64/><V88/><F135/><W70/><G70/><T13/><D2/><U58/><E44/><V33/><F33/><W65/><G127/><T37/><D37/><U79/><E103/><V96/><F3/><W0/><G0/><T66/><D66/><U119/><E25/><V52/><F72/><W68/><G122/><T76/><D7/><U39/><E39/><V112/><F112/><W62/><G9/><T40/><D82/><U32/><E119/><V24/><F71/><W107/><G107/><T123/><D123/><U36/><E36/><V134/><F134/><W111/><G111/><T106/><D106/><U100/><E100/><V90/><F51/><W12/><G49/><T1/><D1/><U48/><E32/><V42/><F42/><W26/><G29/><T117/><D117/><U4/><E30/><V55/><F55/><W98/><G85/><AGARI ba="0,0" hai="4,5,6,10,14,18,21,27,48,53,58,79,83,85" machi="85" ten="30,2000,0" yaku="7,1,8,1" doraHai="104" who="1" fromWho="3" sc="245,0,457,20,101,0,197,-20" /><INIT seed="3,0,0,2,1,59" ten="245,477,101,177" oya="3" hai0="61,101,20,134,35,84,56,57,64,4,106,69,12" hai1="73,10,38,79,53,39,2,113,103,110,86,105,47" hai2="102,48,77,8,18,25,17,100,85,33,0,76,124" hai3="67,112,126,78,131,37,98,104,128,13,14,122,74"/><W58/><G122/><T5/><D134/><U114/><E86/><V87/><F124/><W23/><G37/><T91/><D35/><U26/><E53/><V52/><F33/><W31/><G112/><T40/><D40/><U49/><E49/><V107/><F0/><W75/><G126/><T11/><D4/><U72/><E26/><V132/><F132/><W120/><G120/><T36/><D36/><N who="1" m="13867" /><E47/><V30/><F30/><W41/><G41/><T22/><D106/><U96/><E110/><V63/><F107/><W95/><G78/><T43/><D101/><U1/><E10/><V123/><F123/><W24/><G104/><T34/><D34/><U45/><E45/><V82/><F48/><W108/><G108/><T121/><D43/><U70/><E70/><V66/><F66/><W7/><G7/><T119/><D119/><U71/><E71/><V16/><F8/><W125/><G125/><T60/><D121/><U42/><E42/><V28/><F28/><W111/><G111/><T116/><D116/><U133/><E133/><V129/><F25/><W21/><G24/><T54/><D69/><U117/><E117/><V92/><F129/><W51/><G131/><T83/><AGARI ba="0,0" hai="5,11,12,20,22,54,56,57,60,61,64,83,84,91" machi="83" ten="20,8000,1" yaku="0,1,7,1,8,1,52,2" doraHai="59" who="0" fromWho="0" sc="245,80,477,-20,101,-20,177,-40" owari="325,12.5,457,55.7,81,-41.9,137,-26.3" /></mjloggm>