<mjloggm ver="2.3"><GO type="225" lobby="0"/><UN n0="%E5%8F%AF%E5%85%90%E9%82%A3%E7%94%B1%E5%A4%9A" n1="%E3%82%BC%E3%83%AB%E3%83%80%E3%81%AE%E4%BC%9D%E8%AA%AC" n2="%E6%A1%9C%E8%8A%B1%E9%96%83%E3%80%85" n3="%E7%99%BD%E9%9B%AA%E4%B9%83%E6%84%9B" dan="16,16,16,16" rate="2183.09,2204.48,2115.22,2099.10" sx="F,M,M,F"/><TAIKYOKU oya="0"/><INIT seed="0,0,0,0,2,44" ten="250,250,250,250" oya="0" hai0="11,52,46,31,19,7,3,17,60,102,89,80,1" hai1="65,14,71,41,66,24,23,45,67,101,123,33,131" hai2="8,99,120,58,6,36,56,92,62,70,27,73,0" hai3="113,109,104,4,72,37,34,100,90,54,68,129,128"/><T42/><D1/><U13/><E123/><V38/><F73/><W53/><G113/><T95/><D31/><U114/><E114/><V86/><F120/><W124/><G37/><T111/><D111/><U93/><E71/><V126/><F126/><W50/><G68/><T105/><D80/><U25/><E131/><V29/><F86/><W84/><G72/><T9/><D102/><U110/><E33/><V76/><F76/><W132/><G34/><T82/><D82/><U87/><E110/><V49/><F58/><W122/><G109/><T117/><D105/><U2/><E2/><V107/><F49/><W63/><G122/><T121/><D117/><U133/><E133/><V59/><F59/><W97/><G4/><T40/><D121/><U20/><E20/><V103/><F107/><W94/><G124/><T5/><D5/><U130/><E130/><V127/><F70/><W81/><G132/><T134/><D134/><U39/><E24/><V135/><F135/><W18/><G18/><N who="0" m="6667" /><D11/><U10/><E10/><V75/><F75/><W125/><G125/><T48/><D60/><U32/><E32/><V61/><F61/><W35/><G35/><T119/><D119/><U85/><E101/><V98/><F127/><W118/><G118/><T57/><D57/><U78/><E78/><V106/><F29/><W77/><G77/><T74/><D74/><U116/><E116/><V43/><F27/><W112/><G104/><T83/><D83/><U12/><E93/><V91/><F62/><W51/><G112/><T69/><D69/><U15/><E25/><V30/><F106/><RYUUKYOKU ba="0,0" sc="250,15,250,15,250,-15,250,-15" hai0="3,7,9,40,42,46,48,52,89,95" hai1="12,13,14,15,23,39,41,45,65,66,67,85,87" /><INIT seed="0,1,0,1,5,108" ten="265,265,235,235" oya="0" hai0="94,133,129,134,113,93,27,40,64,34,48,67,68" hai1="41,101,115,97,57,35,99,59,13,104,17,58,15" hai2="19,76,33,116,37,89,45,114,6,31,22,82,78" hai3="1,61,66,132,12,73,80,14,75,8,90,49,117"/><T119/><D119/><U21/><E35/><V25/><F116/><W77/><G117/><T135/><D129/><U72/><E72/><V2/><F89/><W60/><G132/><T51/><D113/><U79/><E79/><V55/><F114/><W85/><G75/><T98/><D94/><U74/><E74/><V88/><F55/><W28/><G28/><N who="0" m="19743" /><D68/><U7/><E115/><V46/><F46/><W109/><G109/><T69/><D40/><U36/><E97/><V103/><F103/><W122/><G122/><T16/><D16/><U107/><E107/><V91/><F45/><W65/><G49/><N who="0" m="19019" /><D69/><U106/><E106/><V126/><F37/><W118/><G118/><T125/><D125/><U124/><E124/><V84/><F78/><W47/><G47/><T53/><D53/><U50/><E50/><V120/><F120/><W44/><G44/><T112/><D112/><U105/><E105/><V81/><F81/><W23/><G1/><T131/><D131/><U38/><REACH who="1" step="1"/><E41/><REACH who="1" ten="265,255,235,235" step="2"/><V128/><F126/><W123/><G123/><T100/><AGARI ba="1,1" hai="64,67,93,98,100,133,134,135" m="19019,19743" machi="100" ten="40,2100,0" yaku="20,1" doraHai="108" who="0" fromWho="0" sc="265,34,255,-8,235,-8,235,-8" /><INIT seed="0,2,0,5,4,24" ten="299,247,227,227" oya="0" hai0="39,15,126,46,14,63,22,4,97,134,67,100,72" hai1="93,2,11,75,103,80,110,117,30,19,125,105,20" hai2="78,118,127,119,29,69,77,112,135,58,82,111,59" hai3="9,123,34,38,81,66,1,95,76,122,132,37,45"/><T26/><D72/><U109/><E117/><N who="2" m="44555" /><F69/><W53/><G132/><T13/><D134/><U133/><E133/><V17/><F135/><W31/><G66/><T8/><D126/><U84/><E125/><V90/><F127/><W55/><G95/><T115/><D115/><U94/><E75/><V98/><F111/><N who="1" m="42505" /><E105/><V87/><F112/><W68/><G68/><T27/><D39/><U54/><E103/><V88/><F17/><W0/><G0/><T128/><D46/><U86/><E54/><N who="3" m="20490" /><G45/><T116/><D128/><U71/><E71/><V62/><F29/><W6/><G31/><N who="0" m="17879" /><D27/><N who="1" m="16743" /><E86/><N who="2" m="50263" /><F98/><W64/><G34/><T65/><D116/><U89/><E19/><V108/><F108/><W36/><G36/><T16/><D4/><AGARI ba="2,0" hai="2,4,11,80,84,89,93,94" m="16743,42505" machi="4" ten="30,2000,0" yaku="14,1,52,1" doraHai="24" who="1" fromWho="0" sc="299,-26,247,26,227,0,227,0" /><INIT seed="1,0,0,3,5,29" ten="273,273,227,227" oya="1" hai0="90,105,88,12,115,45,107,101,119,106,83,56,109" hai1="122,114,47,37,26,58,123,66,80,22,65,64,14" hai2="28,54,126,32,112,33,10,8,104,53,68,113,133" hai3="38,57,124,89,103,131,125,102,41,2,120,51,1"/><U3/><E3/><V59/><F68/><W50/><G120/><T135/><D115/><N who="2" m="44106" /><F133/><W27/><G57/><T21/><D119/><U71/><E114/><V39/><F126/><W87/><G27/><T0/><D0/><U36/><E14/><V74/><F28/><W108/><G87/><T16/><D135/><U75/><E71/><V19/><F104/><W15/><G15/><T46/><D109/><U86/><E75/><V49/><F39/><W72/><G38/><T55/><D101/><U81/><E58/><N who="2" m="33071" /><F74/><W25/><G72/><T134/><D134/><U48/><E36/><V35/><F19/><W70/><G70/><T130/><D130/><U91/><E37/><V82/><F82/><W63/><G63/><AGARI ba="0,0" hai="8,10,32,33,35,54,59,63" m="33071,44106" machi="63" ten="40,8000,1" yaku="11,1,52,3" doraHai="29" who="2" fromWho="3" sc="273,0,273,0,227,80,227,-80" /><INIT seed="2,0,0,3,3,51" ten="273,273,307,147" oya="2" hai0="22,36,5,48,90,122,99,108,52,39,42,120,69" hai1="17,96,9,63,84,85,8,78,75,31,12,89,100" hai2="53,44,74,133,123,71,6,94,88,58,24,70,18" hai3="86,95,27,135,79,80,25,77,30,115,104,60,81"/><V103/><F123/><N who="0" m="47146" /><D22/><U112/><E112/><V34/><F133/><W29/><G135/><T117/><D5/><U114/><E114/><V82/><F6/><W61/><G115/><T91/><D99/><U66/><E31/><V38/><F103/><W62/><G104/><T10/><D10/><U2/><E2/><V128/><F128/><W111/><G111/><T76/><D76/><U106/><E9/><V43/><F82/><W67/><G67/><T54/><D91/><U15/><E15/><V73/><F73/><W3/><G3/><T72/><D90/><U55/><E89/><V41/><F41/><W64/><G64/><T113/><D72/><U21/><E8/><V20/><F74/><W49/><G49/><T14/><D14/><U50/><E78/><V13/><F34/><W33/><G95/><T101/><D101/><U28/><E28/><V110/><F110/><W124/><G124/><T4/><D4/><U118/><E75/><V16/><F18/><W57/><G57/><T130/><D113/><U97/><E97/><N who="2" m="57543" /><F13/><W68/><G68/><T109/><D69/><U26/><E12/><V98/><F98/><W40/><G40/><T37/><D130/><U105/><E105/><V134/><F134/><W92/><G92/><T126/><D126/><U65/><E96/><V121/><F121/><W129/><G129/><T119/><D108/><U35/><E106/><V45/><F45/><W102/><G102/><T23/><D109/><U125/><E100/><V132/><F132/><W47/><G47/><N who="0" m="25719" /><D23/><U93/><E125/><V32/><F32/><N who="3" m="20527" /><G80/><T19/><D19/><RYUUKYOKU ba="0,0" sc="273,10,273,-30,307,10,147,10" hai0="36,37,39,52,54,117,119" hai2="16,20,24,38,43,44,53,58,70,71" hai3="27,30,33,60,61,62,77,79,81,86" /><INIT seed="2,1,0,0,2,47" ten="283,243,317,157" oya="2" hai0="134,110,56,31,53,21,55,33,40,132,18,101,60" hai1="117,58,123,54,71,57,72,120,68,115,96,7,126" hai2="30,64,119,50,121,112,83,45,94,107,91,24,28" hai3="98,52,59,89,5,26,2,74,118,90,100,19,10"/><V106/><F112/><W49/><G118/><T34/><D110/><U15/><E115/><V12/><F121/><N who="1" m="46665" /><E117/><V109/><F119/><W76/><G76/><T6/><D6/><U67/><E72/><V93/><F64/><W17/><G74/><T61/><D40/><U133/><E96/><V62/><F62/><W129/><G129/><T48/><D101/><U32/><E32/><V125/><F125/><W114/><G114/><T131/><D131/><U116/><E116/><V105/><F12/><W84/><G26/><N who="0" m="14647" /><D31/><U23/><E126/><V0/><F0/><W86/><G86/><T38/><D38/><U36/><E36/><V63/><F63/><W77/><G77/><T39/><D39/><U130/><E130/><V80/><F94/><W35/><G35/><T85/><D85/><U46/><E133/><N who="0" m="51305" /><D61/><N who="1" m="38319" /><E7/><V70/><F109/><W81/><REACH who="3" step="1"/><G89/><REACH who="3" ten="283,243,317,147" step="2"/><T111/><D111/><U95/><E71/><V87/><F70/><W79/><G79/><T41/><D41/><U92/><E68/><V124/><F124/><W104/><AGARI ba="1,1" hai="2,5,10,17,19,49,52,59,81,84,90,98,100,104" machi="104" ten="20,8000,1" yaku="1,1,0,1,7,1,52,1,54,1,53,0" doraHai="47" doraHaiUra="69" who="3" fromWho="3" sc="283,-21,243,-21,317,-41,147,93" /><INIT seed="3,0,0,1,0,34" ten="262,222,276,240" oya="3" hai0="30,76,106,78,14,32,21,99,75,62,133,18,117" hai1="72,19,35,10,97,64,125,126,8,45,40,55,43" hai2="5,12,63,48,41,112,9,71,33,69,94,61,109" hai3="0,74,70,111,80,118,92,108,6,46,57,17,113"/><W119/><G70/><T59/><D117/><U15/><E35/><V60/><F112/><W98/><G113/><T127/><D133/><U42/><E72/><V53/><F109/><N who="3" m="42059" /><G46/><T102/><D127/><N who="1" m="48651" /><E64/><V37/><F33/><W84/><G74/><T95/><D75/><U67/><E67/><V129/><F129/><W121/><G121/><T39/><D39/><U44/><E97/><V65/><F94/><W26/><G57/><T4/><D4/><N who="1" m="3463" /><E55/><V31/><F69/><W116/><G17/><T85/><D32/><U110/><E110/><V3/><F31/><W58/><G26/><T81/><D30/><U49/><E45/><V51/><F71/><W29/><G58/><T73/><D73/><U11/><E19/><V1/><F65/><W103/><G29/><T101/><D59/><U91/><E91/><V2/><F53/><W22/><G22/><T66/><D66/><U96/><E96/><V105/><F41/><W52/><G52/><T24/><D99/><U38/><E49/><V36/><F51/><W28/><G28/><T90/><D21/><U54/><E54/><V87/><F48/><W104/><G104/><T135/><D106/><U132/><E132/><V86/><F105/><W47/><G47/><T134/><D134/><U77/><E77/><V89/><F37/><W83/><G84/><N who="2" m="32297" /><F36/><W25/><G25/><T115/><D24/><U114/><E114/><V120/><F120/><W82/><G82/><N who="0" m="49463" /><D135/><U79/><E79/><N who="0" m="30249" /><D81/><U93/><E93/><V123/><F123/><W131/><G131/><T122/><D122/><U88/><E88/><V50/><F50/><RYUUKYOKU ba="0,0" sc="262,-30,222,10,276,10,240,10" hai1="10,11,38,40,42,43,44" hai2="1,2,3,5,9,12,60,61,63,89" hai3="0,6,80,83,92,98,103,116,118,119" /><INIT seed="3,1,0,0,1,133" ten="232,232,286,250" oya="3" hai0="52,71,130,64,98,11,85,15,10,101,126,7,87" hai1="54,90,80,27,60,24,6,38,18,39,22,63,92" hai2="25,95,82,3,69,20,61,97,83,129,41,120,50" hai3="1,113,127,132,116,36,29,19,117,70,46,100,37"/><W110/><G113/><T73/><D73/><U84/><E6/><V4/><F129/><W49/><G1/><T108/><D130/><U93/><E39/><V103/><F120/><W8/><G29/><T104/><D108/><U34/><E38/><V118/><F118/><W45/><G100/><T26/><D126/><U88/><E54/><V30/><F69/><W56/><G70/><T119/><D119/><U32/><E80/><V124/><F61/><W109/><G56/><T9/><D71/><U105/><E105/><V75/><F124/><W125/><G8/><T121/><D64/><U79/><E79/><V76/><F83/><W86/><G19/><T17/><D121/><U122/><E122/><V112/><F112/><W107/><G86/><T12/><D9/><U94/><E94/><V91/><F4/><W72/><G49/><T77/><D77/><U28/><REACH who="1" step="1"/><E32/><REACH who="1" ten="232,222,286,250" step="2"/><V89/><F3/><W21/><G107/><T66/><D52/><U114/><E114/><V102/><F82/><W111/><G111/><T48/><D104/><U5/><E5/><V2/><F2/><W40/><G72/><T43/><D7/><U57/><E57/><V74/><F76/><W65/><G65/><T13/><D66/><U68/><E68/><V81/><F75/><W78/><G78/><T47/><D43/><U115/><E115/><V99/><F74/><W106/><G106/><T55/><D55/><U44/><E44/><N who="2" m="25871" /><F81/><W23/><G40/><T135/><D47/><U131/><E131/><V58/><F58/><W35/><G35/><T31/><D135/><AGARI ba="1,1" hai="21,23,36,37,45,46,109,110,116,117,125,127,132,135" machi="135" ten="25,9600,0" yaku="22,2,52,2" doraHai="133" who="3" fromWho="0" sc="232,-99,222,0,286,0,250,109" owari="133,-36.7,222,-17.8,286,8.6,359,45.9" /></mjloggm>