<mjloggm ver="2.3"><GO type="225" lobby="0"/><UN n0="%E6%98%93%E5%88%A9%E8%96%A9%E4%BC%AF" n1="%E7%89%B9%E6%9D%B1%E3%81%AF%E4%B8%96%E7%95%8C%E3%82%92%E6%95%91%E3%81%86" n2="%EF%BC%81%E3%81%BC%E3%81%9F%E3%82%82%E3%81%A1%EF%BC%81" n3="%4B%2E%32%2E%4B%2E" dan="16,16,17,16" rate="2099.29,2174.94,2185.64,2124.31" sx="F,M,M,M"/><TAIKYOKU oya="0"/><INIT seed="0,0,0,0,4,86" ten="250,250,250,250" oya="0" hai0="9,102,13,62,37,117,66,107,87,47,39,45,132" hai1="118,3,93,135,58,59,124,20,96,101,123,109,91" hai2="53,0,41,74,110,88,95,70,50,28,84,30,119" hai3="100,5,8,60,61,99,7,49,103,6,79,44,34"/><T89/><D117/><U11/><E118/><V24/><F0/><W116/><G116/><T112/><D132/><U127/><E123/><V115/><F119/><W80/><G34/><T10/><D112/><U54/><E135/><V22/><F115/><W15/><G61/><T69/><D102/><U67/><E109/><V43/><F74/><W35/><G35/><T17/><D107/><U114/><E114/><V46/><F70/><W2/><G60/><T106/><D10/><U81/><E67/><V18/><F110/><W104/><G100/><T51/><D106/><U85/><E20/><V129/><F129/><W63/><G63/><T64/><D47/><U36/><E36/><V68/><F68/><W57/><G57/><T82/><REACH who="0" step="1"/><D66/><REACH who="0" ten="240,250,250,250" step="2"/><U26/><E11/><V133/><F133/><W27/><G104/><T125/><D125/><U121/><E127/><V108/><F108/><W120/><G103/><T14/><D14/><U33/><E124/><V25/><F25/><W23/><G15/><T40/><AGARI ba="0,1" hai="9,13,17,37,39,40,45,51,62,64,69,82,87,89" machi="40" ten="20,7800,0" yaku="1,1,0,1,7,1,52,1,53,0" doraHai="86" doraHaiUra="131" who="0" fromWho="0" sc="240,88,250,-26,250,-26,250,-26" /><INIT seed="0,1,0,3,5,61" ten="328,224,224,224" oya="0" hai0="101,25,46,63,88,35,133,75,41,11,45,26,27" hai1="111,112,70,113,13,92,122,10,55,109,132,16,110" hai2="6,69,44,67,80,8,54,131,14,71,62,34,90" hai3="52,125,47,130,124,15,118,102,2,28,73,128,24"/><T99/><D75/><U83/><E122/><V48/><F131/><N who="3" m="50219" /><G73/><T68/><D35/><U121/><E121/><V37/><F34/><W17/><G102/><T129/><D133/><U29/><E132/><V103/><F103/><W106/><G106/><T78/><D78/><U81/><E70/><V95/><F80/><N who="1" m="30793" /><E29/><V66/><F37/><W7/><G47/><T19/><D101/><U126/><E126/><N who="3" m="48746" /><G52/><T57/><D129/><U38/><E38/><V50/><F50/><W20/><G118/><T58/><D46/><U40/><E40/><V65/><F71/><W91/><G91/><T123/><D41/><U53/><E92/><V79/><F79/><W4/><G2/><T86/><D45/><U30/><E55/><V82/><F82/><W84/><G84/><AGARI ba="1,0" hai="6,8,14,44,48,54,62,65,66,67,69,84,90,95" machi="84" ten="30,7700,0" yaku="7,1,52,3" doraHai="61" who="2" fromWho="3" sc="328,0,224,0,224,80,224,-80" /><INIT seed="1,0,0,1,1,71" ten="328,224,304,144" oya="1" hai0="61,29,82,0,118,30,54,64,15,39,17,18,124" hai1="78,25,16,106,130,88,93,117,65,101,135,97,127" hai2="99,43,42,114,21,57,32,129,92,52,56,28,50" hai3="49,46,67,6,20,33,109,68,104,122,73,86,14"/><U108/><E117/><V55/><F129/><W83/><G33/><T5/><D39/><U13/><E130/><V79/><F32/><W98/><G122/><T75/><D124/><U34/><E127/><V63/><F114/><W80/><G73/><T31/><D54/><U115/><E115/><V134/><F134/><W35/><G35/><T94/><D0/><U100/><E135/><V66/><F79/><W9/><G109/><T87/><D94/><U133/><E133/><V62/><F28/><W51/><G20/><T69/><D75/><U2/><E2/><V7/><F7/><W96/><G80/><T125/><D118/><U90/><E78/><V85/><F85/><W41/><G104/><T23/><D125/><U132/><E65/><V77/><F21/><W119/><G51/><T110/><D110/><U95/><E132/><V116/><F77/><W128/><G128/><T12/><D5/><U44/><E44/><V123/><F123/><W89/><G119/><T3/><D3/><U47/><E47/><N who="2" m="27743" /><F116/><W37/><REACH who="3" step="1"/><G49/><REACH who="3" ten="328,224,304,134" step="2"/><T4/><D23/><N who="1" m="11663" /><E108/><V121/><F121/><W22/><G22/><T102/><D30/><U1/><E106/><V91/><AGARI ba="0,1" hai="42,43,55,56,57,62,63,66,91,92,99" m="27743" machi="91" ten="30,2000,0" yaku="8,1,54,1" doraHai="71" who="2" fromWho="2" sc="328,-5,224,-10,304,30,134,-5" /><INIT seed="2,0,0,3,3,15" ten="323,214,334,129" oya="2" hai0="14,129,119,55,64,1,8,40,0,74,88,48,2" hai1="106,99,5,33,76,46,45,39,71,24,23,92,89" hai2="26,121,128,113,104,97,124,7,117,52,120,38,111" hai3="63,110,126,18,80,42,19,50,58,56,102,127,112"/><V100/><F38/><W12/><G110/><T115/><D74/><U93/><E71/><V134/><F113/><W27/><G112/><T73/><D73/><U60/><E106/><V81/><F117/><W70/><G102/><T65/><D115/><U123/><E33/><V82/><F7/><W53/><G70/><T135/><D40/><U13/><E76/><V96/><F128/><W75/><G27/><T47/><D135/><U130/><E130/><V103/><F26/><W43/><G75/><T44/><D119/><U77/><E77/><V3/><F3/><W57/><G80/><T30/><D47/><U94/><E60/><V59/><F124/><N who="3" m="47659" /><G12/><T32/><D30/><U69/><E69/><V79/><F134/><W68/><G68/><T78/><D78/><U87/><E13/><V20/><F111/><W90/><G90/><T108/><D32/><U116/><E89/><V98/><F81/><W25/><G25/><T51/><D129/><U109/><E24/><V61/><F103/><W86/><G86/><T9/><D108/><U31/><E87/><V101/><F98/><W85/><G85/><T132/><D132/><U49/><E99/><V118/><F118/><W16/><G58/><N who="0" m="33127" /><D88/><U21/><E116/><V41/><F79/><W28/><G28/><T54/><D9/><U4/><E109/><V133/><F133/><W72/><G72/><T95/><D95/><U66/><E31/><V6/><F101/><W29/><G29/><T11/><D11/><U122/><E92/><V36/><F100/><W62/><G50/><T37/><D37/><U84/><E39/><RYUUKYOKU ba="0,0" sc="323,15,214,-15,334,-15,129,15" hai0="0,1,2,8,14,44,51,54,64,65" hai3="16,18,19,42,43,53,56,57,62,63" /><INIT seed="3,1,0,2,5,54" ten="338,199,319,144" oya="3" hai0="117,127,82,71,61,53,10,37,16,103,131,44,55" hai1="5,46,74,67,22,134,132,34,90,6,99,4,42" hai2="84,88,124,58,73,0,112,111,11,17,14,21,125" hai3="94,86,23,91,43,15,1,89,3,101,59,48,123"/><W26/><G123/><T133/><D117/><U95/><E34/><V68/><F112/><W12/><G101/><T76/><D133/><N who="1" m="51307" /><E74/><V108/><F73/><W32/><G32/><T8/><D131/><U40/><E67/><V20/><F68/><W107/><G107/><T100/><D37/><N who="1" m="21775" /><E42/><V56/><F56/><W49/><G43/><T70/><D70/><U130/><E22/><N who="2" m="8811" /><F58/><W18/><G3/><T121/><D127/><N who="2" m="48714" /><F0/><W39/><G1/><T64/><D121/><U81/><E81/><AGARI ba="1,0" hai="11,14,17,81,84,88,108,111" m="48714,8811" machi="81" ten="30,2000,0" yaku="18,1,54,1" doraHai="54" who="2" fromWho="1" sc="338,0,199,-23,319,23,144,0" owari="338,13.8,176,-22.4,342,44.2,144,-35.6" /></mjloggm>