<mjloggm ver="2.3"><GO type="225" lobby="0"/><UN n0="%E5%8D%A0%E3%81%84%E5%B8%AB%E8%A3%8F%E3%81%AA%E3%81%84%E3%81%97" n1="%E7%89%B9%E6%9D%B1%E3%81%AF%E4%B8%96%E7%95%8C%E3%82%92%E6%95%91%E3%81%86" n2="%E3%81%86%E3%83%BC%E3%81%B1%E3%83%BC" n3="%43%68%65" dan="17,16,17,16" rate="2141.44,2105.79,2154.46,2172.07" sx="M,M,M,M"/><TAIKYOKU oya="0"/><INIT seed="0,0,0,4,0,86" ten="250,250,250,250" oya="0" hai0="65,90,110,105,69,82,128,117,32,116,81,70,58" hai1="39,104,77,102,26,118,124,108,20,46,96,91,40" hai2="103,93,11,125,41,23,10,48,25,98,114,121,73" hai3="66,13,74,42,106,95,112,52,60,113,27,129,38"/><T16/><D105/><U83/><E108/><V61/><F121/><W111/><G106/><T3/><D3/><U7/><E124/><V123/><F123/><W1/><G1/><T100/><D100/><U85/><E7/><V18/><F114/><W45/><G111/><T2/><D2/><U94/><E118/><V88/><F125/><W72/><G129/><T22/><D32/><U19/><REACH who="1" step="1"/><E104/><REACH who="1" ten="250,240,250,250" step="2"/><V56/><F73/><W12/><G74/><T132/><D110/><U97/><E97/><V120/><F120/><W54/><G72/><T8/><D116/><U36/><E36/><V107/><F107/><W92/><G113/><T57/><D117/><U131/><E131/><V50/><F103/><AGARI ba="0,1" hai="19,20,26,39,40,46,77,83,85,91,94,96,102,103" machi="103" ten="40,2600,0" yaku="1,1,52,1,53,0" doraHai="86" doraHaiUra="59" who="1" fromWho="2" sc="250,0,240,36,250,-26,250,0" /><INIT seed="1,0,0,2,0,81" ten="250,276,224,250" oya="1" hai0="38,21,50,88,122,85,112,15,105,24,76,49,75" hai1="8,98,90,84,120,42,110,94,129,53,116,119,104" hai2="82,131,106,36,118,100,33,5,67,89,114,63,71" hai3="34,18,19,28,25,1,48,79,27,60,77,22,56"/><U41/><E120/><V95/><F118/><W78/><G1/><T3/><D3/><U44/><E129/><V125/><F36/><W127/><G127/><T132/><D38/><U13/><E53/><V55/><F125/><W69/><G69/><T65/><D112/><U111/><E104/><V109/><F131/><W91/><G48/><T101/><D65/><U80/><E116/><V66/><F114/><W14/><G91/><T37/><D37/><U103/><E119/><V45/><F5/><W64/><REACH who="3" step="1"/><G78/><REACH who="3" ten="250,276,224,240" step="2"/><T10/><D50/><U117/><E117/><V57/><F89/><W107/><G107/><T23/><D49/><U9/><E44/><V73/><F106/><W74/><G74/><T26/><D76/><U61/><E61/><V83/><F73/><W133/><G133/><T35/><D75/><U59/><E59/><V4/><F45/><W62/><G62/><T126/><D126/><U17/><REACH who="1" step="1"/><E8/><AGARI ba="0,1" hai="8,14,18,19,22,25,27,28,34,56,60,64,77,79" machi="8" ten="30,2000,0" yaku="1,1,7,1,53,0" doraHai="81" doraHaiUra="108" who="3" fromWho="1" sc="250,0,276,-20,224,0,240,30" /><INIT seed="2,0,0,2,5,103" ten="250,256,224,270" oya="2" hai0="105,117,2,52,31,113,55,7,115,97,10,6,4" hai1="106,8,123,116,40,14,21,61,125,78,133,13,99" hai2="100,132,80,19,35,128,101,34,60,50,126,87,131" hai3="11,86,102,94,18,57,135,77,16,45,23,91,110"/><V84/><F126/><W24/><G110/><T54/><D117/><U20/><E116/><V74/><F74/><W44/><G135/><T122/><D122/><U85/><E125/><V38/><F38/><W134/><G134/><T30/><D10/><U72/><E72/><V73/><F73/><W36/><G36/><T22/><D2/><U66/><E40/><V98/><F132/><W9/><G77/><T90/><D22/><U130/><E130/><N who="2" m="49707" /><F60/><W58/><G102/><N who="2" m="39529" /><F98/><W39/><G39/><T47/><D47/><N who="3" m="17993" /><G11/><T83/><D105/><U64/><E61/><V120/><F120/><W89/><G89/><T107/><D107/><U95/><E99/><V124/><F124/><W81/><G94/><N who="0" m="56535" /><D83/><U92/><E106/><V65/><F65/><W32/><G32/><N who="2" m="12329" /><F50/><W28/><G9/><T42/><D42/><U12/><E133/><V1/><F1/><W111/><G111/><T104/><D104/><U59/><E123/><V129/><N who="2" m="49715" /><V63/><DORA hai="68" /><F63/><W79/><G79/><T96/><D96/><U119/><E119/><V43/><F43/><W33/><G33/><T88/><D115/><U71/><E8/><V49/><F49/><W127/><G127/><T69/><D113/><U27/><E78/><V112/><F112/><W48/><G48/><T26/><D69/><U5/><E64/><V118/><F118/><W109/><G109/><T37/><D37/><U46/><E71/><V56/><F56/><AGARI ba="0,0" hai="16,18,23,24,28,56,57,58,81,86,91" m="17993" machi="56" ten="30,2000,0" yaku="8,1,54,1" doraHai="103,68" who="3" fromWho="2" sc="250,0,256,0,224,-20,270,20" /><INIT seed="3,0,0,4,1,78" ten="250,256,204,290" oya="3" hai0="106,62,39,102,12,58,65,33,19,38,10,7,74" hai1="9,59,83,1,77,133,35,80,69,81,21,76,97" hai2="110,71,40,67,131,88,6,37,79,130,14,42,132" hai3="73,41,120,56,47,126,50,66,51,53,5,105,135"/><W100/><G120/><T3/><D74/><U45/><E35/><V18/><F110/><W128/><G73/><T72/><D72/><U44/><E69/><V46/><F132/><W118/><G118/><T48/><D33/><U2/><E133/><V49/><F79/><N who="1" m="30281" /><E21/><V122/><F122/><W87/><G135/><T75/><D75/><U52/><E9/><V121/><F121/><W108/><G66/><T16/><D19/><U15/><E15/><V26/><F6/><W57/><G108/><T125/><D125/><U82/><E82/><V29/><F71/><W114/><G114/><T127/><D127/><U117/><E117/><V86/><F67/><W28/><G5/><T54/><D102/><U101/><E2/><V115/><F37/><W129/><G28/><T17/><D17/><U31/><E1/><V85/><F85/><W0/><G0/><T124/><D106/><U103/><E31/><V22/><F115/><W95/><G105/><T134/><D124/><U30/><E30/><V107/><F107/><W123/><G123/><T98/><D98/><U34/><E34/><V25/><F42/><W8/><G8/><N who="0" m="6151" /><D134/><U99/><E99/><V55/><F40/><W43/><G126/><T70/><D38/><U27/><E27/><V96/><F96/><N who="3" m="59423" /><G43/><T68/><D39/><U32/><E32/><V60/><F60/><N who="3" m="35855" /><G87/><T23/><D70/><U112/><E112/><V91/><F91/><W61/><G51/><T90/><D90/><U119/><E119/><V36/><F36/><N who="3" m="21927" /><G61/><T84/><D84/><U24/><E103/><V64/><F29/><W94/><G94/><RYUUKYOKU ba="0,0" sc="250,15,256,-15,204,-15,290,15" hai0="3,7,10,23,48,54,58,62,65,68" hai3="50,57,128,129" owari="265,6.5,241,-15.9,189,-31.1,305,40.5" /></mjloggm>