<mjloggm ver="2.3"><GO type="225" lobby="0"/><UN n0="%E7%99%BD%E6%97%A5%E9%9B%AA%E8%8F%9C" n1="%E3%81%BF%E3%81%BF%E3%81%9A" n2="%72%69%6F%75%63%68%61%6E" n3="%E3%81%AE%E3%81%82%E3%83%9E%E3%82%B9%E3%82%BF%E3%83%BC%30%31" dan="17,17,16,17" rate="2221.72,2327.43,2175.00,2169.35" sx="M,M,M,M"/><TAIKYOKU oya="0"/><INIT seed="0,0,0,0,5,98" ten="250,250,250,250" oya="0" hai0="40,10,117,114,120,48,50,47,121,64,18,35,85" hai1="29,58,31,99,83,101,25,108,105,76,75,79,128" hai2="63,13,103,87,131,53,96,19,69,2,26,119,104" hai3="51,65,70,77,71,112,67,43,9,7,44,61,15"/><T30/><D114/><U86/><E108/><V11/><F131/><W54/><G112/><T62/><D117/><U129/><E58/><V57/><F119/><W100/><G100/><T37/><D35/><U3/><E3/><V38/><F38/><W78/><REACH who="3" step="1"/><G54/><REACH who="3" ten="250,250,250,240" step="2"/><T60/><D120/><U116/><E116/><V23/><F2/><W1/><G1/><T118/><D121/><U95/><E128/><V115/><F115/><W110/><G110/><T106/><D118/><U124/><E129/><V5/><F69/><W8/><G8/><T14/><D10/><U109/><E109/><V27/><REACH who="2" step="1"/><F87/><REACH who="2" ten="250,250,240,240" step="2"/><W55/><G55/><T22/><D85/><U16/><E86/><V80/><F80/><W41/><G41/><T33/><D40/><U6/><E83/><V56/><F56/><W34/><G34/><T0/><D0/><U72/><E75/><V82/><F82/><W36/><G36/><T93/><D37/><U20/><E72/><V39/><F39/><W68/><G68/><T102/><D64/><U32/><E32/><V127/><F127/><W73/><G73/><T21/><D33/><U91/><E124/><V28/><F28/><W111/><G111/><T45/><D30/><U4/><E29/><V46/><F46/><W59/><G59/><T94/><D47/><U126/><E126/><V42/><F42/><W90/><G90/><T66/><D45/><U92/><E31/><V49/><F49/><W17/><G17/><T81/><D18/><U123/><E91/><V132/><F132/><W107/><G107/><T24/><D106/><U74/><E105/><RYUUKYOKU ba="0,2" sc="250,-15,250,-15,240,15,240,15" hai2="5,11,13,19,23,26,27,53,57,63,96,103,104" hai3="7,9,15,43,44,51,61,65,67,70,71,77,78" /><INIT seed="1,1,2,2,3,99" ten="235,235,255,255" oya="1" hai0="107,86,45,44,76,10,105,32,88,79,20,100,85" hai1="101,16,0,106,75,49,36,22,135,132,50,48,39" hai2="82,26,117,46,92,127,109,53,122,42,81,102,64" hai3="69,129,43,9,58,89,17,19,41,2,93,70,65"/><U133/><E0/><V90/><F117/><W95/><G70/><T34/><D20/><U96/><REACH who="1" step="1"/><E75/><REACH who="1" ten="235,225,255,255" step="2"/><V115/><F122/><W66/><G2/><T83/><D10/><U67/><E67/><V4/><F64/><W121/><G9/><T123/><D123/><U97/><E97/><V108/><F108/><W14/><G65/><T51/><D34/><U7/><E7/><V23/><F4/><W110/><G66/><T15/><D32/><U37/><E37/><V125/><F109/><W25/><G110/><T126/><D107/><U8/><E8/><V1/><F1/><W120/><G121/><T114/><D105/><U113/><E113/><V111/><F115/><W11/><G120/><T13/><D114/><U116/><E116/><V77/><F111/><W35/><G11/><T80/><D126/><U118/><E118/><V29/><F127/><W128/><G35/><T73/><D73/><U24/><AGARI ba="1,3" hai="16,22,24,36,39,48,49,50,96,101,106,132,133,135" machi="24" ten="40,12000,1" yaku="1,1,0,1,20,1,52,1,54,1,53,0" doraHai="99" doraHaiUra="63" who="1" fromWho="1" sc="235,-41,225,153,255,-41,255,-41" /><INIT seed="1,2,0,5,5,89" ten="194,378,214,214" oya="1" hai0="30,119,92,64,25,96,90,117,65,36,63,27,33" hai1="6,105,110,62,10,41,72,93,91,129,131,60,13" hai2="84,59,23,87,123,26,68,114,15,111,95,109,42" hai3="50,79,122,1,44,135,48,31,100,133,38,128,51"/><U28/><E105/><V57/><F123/><W76/><G122/><T120/><D120/><U21/><E72/><V29/><F68/><W16/><G1/><T5/><D36/><U74/><E74/><V80/><F114/><W37/><G31/><T9/><D27/><N who="1" m="16495" /><E41/><V115/><F115/><W20/><G100/><T75/><D75/><U81/><E81/><V88/><F42/><N who="3" m="22607" /><G38/><T45/><D45/><U121/><E121/><V104/><F104/><W112/><G112/><T98/><D98/><N who="1" m="57663" /><E110/><N who="2" m="41995" /><F15/><N who="3" m="9247" /><G128/><AGARI ba="2,0" hai="6,10,13,60,62,128,129,131" m="57663,16495" machi="128" ten="30,2900,0" yaku="19,1,52,1" doraHai="89" who="1" fromWho="3" sc="194,0,378,35,214,0,214,-35" /><INIT seed="1,3,0,2,5,80" ten="194,413,214,179" oya="1" hai0="124,94,127,43,65,32,111,63,84,131,29,100,58" hai1="129,9,99,96,2,37,66,45,25,27,126,60,54" hai2="90,21,53,28,55,122,49,61,107,56,117,51,82" hai3="85,6,68,20,3,76,72,35,71,41,106,116,8"/><U14/><E2/><V101/><F117/><W92/><G106/><T59/><D111/><U31/><E126/><N who="0" m="48169" /><D131/><U47/><E129/><V104/><F122/><W7/><G116/><T11/><D43/><U34/><E27/><V36/><F36/><W77/><G35/><T62/><D11/><U64/><E64/><V102/><F107/><W108/><G108/><T86/><D29/><U18/><E37/><V88/><F104/><W57/><G41/><T73/><D73/><U15/><E15/><V38/><F38/><W110/><G110/><T113/><D32/><U135/><E135/><V98/><F98/><W26/><G7/><T83/><D83/><U128/><E128/><V30/><F21/><W67/><G57/><T119/><D113/><U79/><E79/><V114/><F114/><W46/><G46/><T81/><D81/><U95/><E54/><V13/><F13/><W125/><G125/><T40/><D40/><U105/><E99/><V120/><F120/><W10/><G10/><T69/><D119/><U1/><E1/><V91/><F82/><N who="3" m="45319" /><G67/><N who="0" m="39383" /><D69/><U39/><E39/><V22/><F61/><W118/><G118/><T12/><D12/><U52/><E105/><V109/><F109/><W17/><G77/><T133/><D133/><U44/><E66/><V130/><F130/><W5/><G5/><T112/><D112/><U0/><E0/><V134/><F134/><W70/><G70/><T19/><D19/><U16/><E18/><V4/><F4/><W132/><G132/><T78/><D78/><U74/><E14/><V115/><F115/><W50/><G50/><RYUUKYOKU ba="3,0" sc="194,15,413,-15,214,-15,179,15" hai0="59,63,65,84,86,94,100" hai3="3,6,8,17,20,26,68,71,85,92" /><INIT seed="2,4,0,4,5,64" ten="209,398,199,194" oya="2" hai0="1,66,26,42,98,97,22,12,115,35,30,15,29" hai1="55,24,27,106,9,28,81,17,108,68,2,112,19" hai2="45,40,119,118,53,31,87,32,8,127,4,51,103" hai3="135,82,89,46,57,109,69,120,78,107,99,20,102"/><V49/><F127/><W48/><G120/><T14/><D115/><U126/><E106/><V73/><F73/><W79/><G135/><T60/><D1/><U133/><E68/><V70/><F70/><W33/><G33/><T110/><D110/><U47/><E112/><V50/><F103/><W92/><G109/><T10/><D42/><U114/><E114/><V13/><F87/><N who="3" m="50423" /><G69/><T72/><D72/><U18/><E108/><V123/><F123/><W88/><G107/><T104/><D29/><U39/><E133/><V74/><F74/><W122/><G122/><T94/><D104/><U7/><E126/><V56/><REACH who="2" step="1"/><F50/><REACH who="2" ten="209,398,189,194" step="2"/><W113/><G113/><T130/><D130/><U37/><E39/><V77/><F77/><W67/><G102/><T62/><D98/><U131/><E37/><V80/><F80/><W100/><G100/><T96/><D96/><U3/><E81/><V52/><F52/><N who="3" m="29719" /><G20/><T6/><D35/><N who="1" m="20871" /><E55/><V83/><F83/><W93/><G93/><T43/><D43/><U38/><E38/><V41/><F41/><W95/><G95/><T25/><D94/><U58/><E131/><V65/><F65/><W16/><G16/><T85/><D66/><U91/><E18/><V105/><F105/><W111/><G111/><T76/><D22/><U71/><E19/><V117/><F117/><W128/><G128/><T61/><D30/><U134/><E71/><V75/><F75/><W90/><G90/><T36/><D36/><U5/><E91/><V132/><F132/><W84/><G99/><T121/><D97/><U101/><E134/><V124/><F124/><RYUUKYOKU ba="4,1" sc="209,-15,398,-15,189,15,194,15" hai2="4,8,13,31,32,40,45,49,51,53,56,118,119" hai3="57,67,78,79,84,88,92" /><INIT seed="2,5,1,2,3,100" ten="194,383,204,209" oya="2" hai0="119,58,50,55,81,35,115,77,3,75,8,69,46" hai1="12,74,105,135,16,28,6,131,94,54,30,120,4" hai2="88,20,32,99,128,52,47,29,40,126,130,67,5" hai3="13,68,18,27,70,89,117,98,39,86,76,34,116"/><V85/><F126/><W56/><G39/><T129/><D115/><U36/><E105/><V62/><F32/><W1/><G1/><T93/><D69/><U51/><E74/><V17/><F5/><W112/><G112/><T79/><D35/><U106/><E106/><V22/><F29/><N who="1" m="11369" /><E36/><V82/><F99/><W110/><G27/><T65/><D129/><N who="2" m="49770" /><F17/><W109/><G34/><T60/><D119/><N who="3" m="45641" /><G56/><T108/><D108/><N who="3" m="41577" /><G98/><T7/><D93/><U57/><E135/><V59/><F67/><W92/><G76/><T33/><D33/><U26/><E131/><V80/><F82/><W19/><G19/><T63/><D77/><U107/><E26/><V83/><F80/><W97/><G97/><T114/><D114/><U11/><E94/><V2/><F2/><W132/><G132/><T37/><D65/><U53/><E107/><V111/><F111/><W103/><G103/><T43/><AGARI ba="5,1" hai="3,7,8,37,43,46,50,55,58,60,63,75,79,81" machi="43" ten="30,4000,0" yaku="0,1,25,2" doraHai="100" who="0" fromWho="0" sc="194,65,383,-15,204,-25,209,-15" /><INIT seed="3,0,0,2,3,36" ten="259,368,179,194" oya="3" hai0="134,96,98,114,77,13,25,84,39,38,5,9,122" hai1="19,60,69,11,68,109,89,133,59,87,47,63,79" hai2="16,102,73,23,14,124,31,62,97,48,116,104,24" hai3="65,83,56,43,54,32,117,50,55,46,26,108,119"/><W57/><G108/><T30/><D122/><U101/><E101/><V53/><F116/><W129/><G129/><T112/><D134/><U12/><E79/><V91/><F73/><W88/><G117/><T58/><D39/><U70/><E133/><V27/><F62/><W99/><G119/><T45/><D58/><U94/><E109/><V123/><F123/><W67/><G32/><T90/><D77/><U64/><E47/><V35/><F124/><W74/><G74/><T44/><D38/><U92/><E92/><V115/><F115/><N who="0" m="44074" /><D45/><U80/><E94/><V111/><F111/><W37/><G26/><T75/><D44/><U126/><E126/><V22/><F91/><W113/><G113/><T8/><D8/><U125/><E125/><V18/><F53/><AGARI ba="0,0" hai="11,12,19,53,59,60,63,64,68,69,70,80,87,89" machi="53" ten="30,1000,0" yaku="7,1" doraHai="36" who="1" fromWho="2" sc="259,0,368,10,179,-10,194,0" owari="259,5.9,378,47.8,169,-33.1,194,-20.6" /></mjloggm>