<mjloggm ver="2.3"><GO type="225" lobby="0"/><UN n0="%E3%81%99%E3%81%84%E3%81%BE%E3%81%9B%E3%83%BC%E3%82%93" n1="%E6%80%AA%E3%81%97%E3%81%99%E3%81%8E%E3%82%8B%E3%83%81%E3%83%BC" n2="%E3%81%AF%E3%82%88%E3%81%8A%E3%81%98%E3%81%95%E3%82%93" n3="%E3%83%B4%E3%83%A0%EF%BC%99%E3%81%A6" dan="16,16,17,17" rate="2103.75,2132.80,2197.57,2179.51" sx="M,M,M,M"/><TAIKYOKU oya="0"/><INIT seed="0,0,0,5,2,124" ten="250,250,250,250" oya="0" hai0="111,29,37,22,31,98,87,105,17,60,108,109,30" hai1="64,36,52,131,0,8,19,102,95,51,3,92,34" hai2="112,40,63,103,106,114,117,38,58,85,24,28,76" hai3="75,80,86,127,67,69,123,14,104,84,126,11,81"/><T18/><D37/><U35/><E36/><V16/><F117/><W77/><G104/><T26/><D87/><U107/><E107/><V71/><F71/><W4/><G123/><T116/><D116/><U27/><E64/><V44/><F103/><W56/><G69/><T46/><D46/><U78/><E78/><V1/><F1/><W53/><G67/><T2/><D2/><U133/><E133/><V39/><F106/><W25/><G25/><T125/><D125/><N who="3" m="47625" /><G80/><T119/><D119/><U91/><E102/><V79/><F38/><W94/><G94/><T70/><D17/><U135/><E95/><V61/><F61/><AGARI ba="0,0" hai="4,11,14,53,56,61,75,77,81,84,86" m="47625" machi="61" ten="30,1000,0" yaku="18,1" doraHai="124" who="3" fromWho="2" sc="250,0,250,0,250,-10,250,10" /><INIT seed="1,0,0,0,5,58" ten="250,250,240,260" oya="1" hai0="100,122,105,59,120,93,46,1,31,53,48,4,62" hai1="55,102,22,114,68,75,80,19,51,63,109,77,70" hai2="94,115,96,6,5,21,8,107,50,128,25,111,98" hai3="118,121,119,113,72,47,87,110,18,101,84,66,57"/><U133/><E114/><V124/><F115/><W32/><G113/><T91/><D31/><U82/><E133/><V106/><F111/><W88/><G121/><N who="0" m="46699" /><D4/><U104/><E109/><V24/><F124/><W56/><G72/><T7/><D7/><U81/><E102/><V14/><F128/><W79/><G32/><T39/><D1/><U35/><E104/><V83/><F5/><W33/><G33/><T112/><D39/><U17/><E35/><V92/><F83/><W16/><G101/><T10/><D10/><U34/><E34/><V65/><F65/><W38/><G110/><T40/><D112/><U3/><E3/><V0/><F0/><W125/><G125/><T43/><D100/><U41/><E19/><V26/><F21/><W134/><G134/><T20/><D20/><U123/><E123/><V95/><REACH who="2" step="1"/><F50/><REACH who="2" ten="250,250,230,260" step="2"/><W99/><G66/><N who="0" m="39263" /><D105/><AGARI ba="0,1" hai="6,8,14,24,25,26,92,94,95,96,98,105,106,107" machi="105" ten="50,1600,0" yaku="1,1,53,0" doraHai="58" doraHaiUra="85" who="2" fromWho="0" sc="250,-16,250,0,230,26,260,0" /><INIT seed="2,0,0,0,3,115" ten="234,250,256,260" oya="2" hai0="18,57,4,110,122,92,119,126,19,40,52,71,25" hai1="70,3,107,58,28,51,50,44,23,129,95,96,17" hai2="104,14,74,16,77,5,15,99,30,60,46,12,130" hai3="65,83,31,37,41,79,64,135,35,78,61,87,49"/><V34/><F130/><W21/><G135/><T63/><D122/><U80/><E70/><V43/><F5/><W85/><G37/><T8/><D110/><U121/><E107/><V13/><F60/><W94/><G35/><T123/><D123/><U97/><E3/><V75/><F77/><W117/><G117/><T90/><D71/><U102/><E129/><V24/><F99/><W112/><G112/><T125/><D40/><U20/><E121/><V86/><F86/><W42/><G49/><T67/><D67/><U93/><E80/><V131/><F104/><W10/><G10/><T45/><D45/><U72/><E72/><V106/><F106/><W47/><G47/><T6/><D6/><U29/><E58/><V48/><REACH who="2" step="1"/><F131/><REACH who="2" ten="234,250,246,260" step="2"/><W120/><G61/><T132/><D132/><U69/><E97/><V73/><F73/><W127/><G79/><T59/><D63/><U108/><E96/><V91/><F91/><W101/><G85/><T54/><D90/><U100/><E102/><V89/><F89/><W38/><G101/><T82/><D4/><U111/><E100/><V68/><F68/><W36/><G78/><T109/><D109/><U134/><E69/><V128/><F128/><W22/><G87/><T105/><D105/><U27/><E134/><V7/><F7/><W84/><G84/><T33/><D92/><U53/><E108/><V32/><F32/><W113/><G120/><T39/><D82/><U55/><E111/><V62/><F62/><W118/><G94/><N who="1" m="35850" /><E23/><AGARI ba="0,1" hai="12,13,14,15,16,23,24,30,34,43,46,48,74,75" machi="23" ten="40,3900,0" yaku="1,1,54,1,53,0" doraHai="115" doraHaiUra="81" who="2" fromWho="1" sc="234,0,250,-39,246,49,260,0" /><INIT seed="2,1,0,2,0,135" ten="234,211,295,260" oya="2" hai0="46,71,129,88,125,20,29,44,118,14,83,94,100" hai1="70,56,99,133,134,108,86,19,62,110,11,3,90" hai2="127,55,66,65,40,80,30,121,98,32,79,97,92" hai3="119,64,123,91,95,0,17,22,13,115,8,74,38"/><V15/><F121/><W28/><G119/><T10/><D71/><U73/><E73/><V111/><F111/><N who="1" m="42537" /><E99/><V21/><F32/><W104/><G104/><T105/><D105/><U93/><E70/><V126/><F40/><W132/><G123/><T34/><D34/><U33/><E33/><V57/><F15/><W18/><G132/><N who="1" m="50794" /><E19/><V67/><F21/><W117/><G117/><T58/><D118/><U81/><E81/><V26/><F26/><W42/><G74/><T37/><D129/><U23/><E23/><V84/><F30/><W16/><G115/><T102/><D83/><U69/><E69/><V82/><F80/><W2/><G28/><T72/><D72/><U39/><E39/><V48/><REACH who="2" step="1"/><F98/><REACH who="2" ten="234,211,285,260" step="2"/><W25/><G25/><T76/><D20/><U131/><E131/><V130/><F130/><W12/><G22/><T50/><D29/><U41/><E11/><V78/><F78/><W63/><G8/><T47/><D76/><U54/><E3/><V128/><F128/><W27/><G27/><T75/><D10/><U51/><E41/><V116/><F116/><W60/><G0/><T124/><D14/><U24/><E24/><V61/><F61/><AGARI ba="1,1" hai="51,54,56,61,62,86,90,93" m="50794,42537" machi="61" ten="30,2000,0" yaku="14,1,20,1" doraHai="135" who="1" fromWho="2" sc="234,0,211,33,285,-23,260,0" /><INIT seed="3,0,0,1,5,117" ten="234,244,262,260" oya="3" hai0="104,52,45,130,123,70,95,43,48,58,37,56,10" hai1="28,93,69,40,120,125,47,12,36,112,79,22,3" hai2="19,121,122,66,72,81,1,14,94,97,67,0,108" hai3="39,2,16,4,101,21,91,103,50,82,119,87,44"/><W71/><G119/><T26/><D104/><U90/><E112/><V98/><F108/><W68/><G39/><T15/><D123/><N who="2" m="47114" /><F81/><W5/><G71/><T49/><D70/><U102/><E120/><V115/><F72/><W111/><G68/><T86/><D130/><U13/><E69/><V35/><F35/><W64/><G64/><N who="2" m="24617" /><F115/><W133/><G133/><T57/><D26/><U109/><E79/><V8/><F97/><W129/><G129/><T27/><D27/><U54/><E109/><V85/><F85/><W34/><G34/><T132/><D37/><U114/><E114/><V55/><F55/><W78/><G78/><T99/><D86/><U61/><E54/><V41/><F41/><W65/><G65/><T134/><D132/><U77/><E40/><V84/><F84/><W38/><G111/><T110/><D134/><U53/><E77/><V75/><F75/><W127/><G87/><T107/><D110/><U135/><E53/><V105/><F105/><W30/><G82/><T23/><D107/><U42/><E135/><V80/><F80/><W92/><G92/><T128/><D128/><U89/><E93/><V9/><F8/><W25/><G127/><T131/><D131/><U51/><E125/><V63/><F63/><W24/><G30/><T113/><D113/><U60/><E28/><V88/><AGARI ba="0,0" hai="0,1,9,14,19,88,94,98" m="24617,47114" machi="88" ten="30,8000,1" yaku="13,1,52,3,54,1" doraHai="117" who="2" fromWho="2" sc="234,-20,244,-20,262,80,260,-40" owari="214,-28.6,224,2.4,342,44.2,220,-18.0" /></mjloggm>