<mjloggm ver="2.3"><GO type="225" lobby="0"/><UN n0="%E3%82%8C%E3%81%99%E3%81%93" n1="%E3%81%8C%E3%81%9F" n2="%E3%81%A9%E3%82%8F%E3%82%93%E3%81%94" n3="%E3%81%A1%E3%82%85%E3%81%86%E3%81%A9%E3%81%8F%E8%B1%A1%E3%81%95%E3%82%93" dan="16,16,16,16" rate="2138.29,2159.93,2144.24,2154.19" sx="F,F,M,M"/><TAIKYOKU oya="0"/><INIT seed="0,0,0,3,5,69" ten="250,250,250,250" oya="0" hai0="20,28,60,23,113,33,22,67,74,53,41,52,54" hai1="118,7,86,45,12,135,115,39,13,104,130,70,46" hai2="119,47,80,111,97,2,31,77,81,78,18,89,117" hai3="124,57,103,91,87,109,24,26,5,17,61,65,75"/><T48/><D113/><U72/><E118/><N who="2" m="45067" /><F2/><W107/><G75/><T79/><D74/><U114/><E72/><N who="2" m="43047" /><F31/><W101/><G109/><T1/><D1/><U36/><E104/><V100/><F18/><W4/><G124/><T120/><D120/><U121/><E121/><V68/><F47/><N who="1" m="17929" /><E70/><V71/><F111/><W14/><G107/><T93/><D79/><U43/><E43/><V125/><F89/><W6/><G24/><T110/><D110/><U25/><E130/><V126/><F71/><W73/><G73/><T66/><D41/><U44/><E44/><V105/><F68/><W38/><G38/><N who="1" m="14378" /><E25/><V132/><F81/><N who="3" m="49647" /><G26/><N who="0" m="16479" /><D33/><U35/><E35/><V15/><F15/><N who="1" m="5705" /><E86/><V49/><F78/><W88/><G88/><T128/><D128/><U92/><E92/><V8/><F49/><W34/><G34/><T106/><D106/><U112/><E7/><V56/><F126/><W50/><G50/><T85/><D48/><U32/><E32/><V29/><F125/><W102/><G4/><T133/><D93/><U129/><E129/><V84/><F105/><W30/><G30/><T58/><D85/><U40/><E40/><V127/><F84/><W131/><G131/><T99/><D67/><U76/><E76/><V95/><F29/><W37/><G37/><T11/><D66/><U96/><E96/><V55/><F127/><W108/><G108/><T98/><D99/><U82/><E82/><V19/><F97/><W16/><G14/><T122/><D98/><U0/><E0/><V62/><F95/><W64/><G64/><N who="0" m="38935" /><D122/><U90/><E90/><V10/><F62/><RYUUKYOKU ba="0,0" sc="250,-15,250,15,250,-15,250,15" hai1="112,114,115,135" hai3="5,6,16,17,57,61,65,101,102,103" /><INIT seed="1,1,0,4,0,126" ten="235,265,235,265" oya="1" hai0="82,123,54,2,122,130,35,47,4,92,120,57,43" hai1="48,0,50,71,76,20,129,64,81,90,32,119,13" hai2="133,51,16,19,117,29,108,7,112,62,66,72,91" hai3="5,58,99,111,69,115,45,10,38,27,1,65,24"/><U132/><E119/><V88/><F117/><W96/><G115/><T89/><D35/><U110/><E32/><V33/><F72/><W125/><G125/><T31/><D31/><U42/><E0/><V68/><F112/><W95/><G111/><T84/><D4/><U26/><E110/><V127/><F108/><W25/><G69/><T44/><D2/><U134/><E90/><V14/><F127/><W79/><G79/><T46/><D130/><U121/><E121/><V131/><F131/><W109/><G109/><T11/><D11/><U23/><E129/><V49/><F133/><N who="1" m="51305" /><E42/><V61/><F7/><W70/><G70/><T97/><D43/><U78/><E78/><V80/><F33/><W17/><G96/><T98/><REACH who="0" step="1"/><D82/><REACH who="0" ten="225,265,235,265" step="2"/><U30/><E81/><V75/><F29/><W118/><G118/><T18/><D18/><N who="1" m="10319" /><E76/><V100/><F80/><W87/><G17/><T114/><D114/><U36/><E36/><V21/><F19/><W83/><G38/><T3/><D3/><U77/><E77/><V15/><F16/><W103/><G1/><T135/><D135/><U67/><E71/><V102/><F68/><W55/><G5/><T39/><D39/><U116/><E116/><V86/><F21/><W8/><G10/><T34/><D34/><U28/><E28/><V41/><F41/><W106/><G8/><T52/><D52/><U22/><E23/><V107/><F66/><AGARI ba="1,1" hai="22,26,30,48,50,64,66,67" m="10319,51305" machi="66" ten="30,1500,0" yaku="20,1" doraHai="126" who="1" fromWho="2" sc="225,0,265,28,235,-18,265,0" /><INIT seed="1,2,0,2,0,16" ten="225,293,217,265" oya="1" hai0="109,59,85,61,53,39,28,20,125,75,106,111,32" hai1="64,94,9,30,29,120,77,108,87,48,74,99,51" hai2="37,118,52,68,134,56,128,95,5,57,41,76,107" hai3="33,91,49,78,6,45,50,65,90,86,104,43,36"/><U2/><E120/><V35/><F118/><W84/><G104/><T18/><D75/><U47/><E74/><V3/><F107/><W4/><G33/><T130/><D130/><U121/><E121/><V24/><F128/><W19/><G65/><T101/><D39/><U117/><E117/><V92/><F68/><W22/><G78/><T70/><D125/><U42/><E64/><V93/><F76/><W124/><G124/><T46/><D70/><U63/><E63/><V135/><F5/><W58/><G36/><T98/><D46/><U67/><E67/><V122/><F3/><W55/><G86/><T8/><D8/><U133/><E133/><N who="2" m="50699" /><F122/><W126/><G126/><T131/><D131/><U123/><E123/><V116/><F116/><W97/><G97/><T21/><D85/><U102/><E51/><N who="2" m="30751" /><F57/><W72/><G72/><T25/><REACH who="0" step="1"/><D32/><REACH who="0" ten="215,293,217,265" step="2"/><U7/><E9/><V79/><F79/><W31/><G4/><T127/><D127/><U54/><E7/><V60/><F37/><W82/><G6/><T71/><D71/><U15/><E77/><V114/><F114/><W89/><REACH who="3" step="1"/><G31/><REACH who="3" ten="215,293,217,255" step="2"/><T27/><AGARI ba="2,2" hai="18,20,21,25,27,28,53,59,61,98,101,106,109,111" machi="27" ten="30,7900,0" yaku="1,1,0,1,52,2,53,0" doraHai="16" doraHaiUra="115" who="0" fromWho="0" sc="215,105,293,-41,217,-22,255,-22" /><INIT seed="2,0,0,3,2,88" ten="320,252,195,233" oya="2" hai0="81,7,76,26,11,129,78,102,23,19,74,42,58" hai1="38,45,75,111,67,41,40,15,72,113,31,106,91" hai2="104,125,93,52,86,2,48,71,123,84,134,35,131" hai3="124,132,110,22,16,121,60,64,47,90,65,56,82"/><V66/><F123/><W133/><G121/><T6/><D129/><U117/><E113/><V39/><F104/><W97/><G124/><T135/><D135/><N who="3" m="51785" /><G110/><T8/><D78/><U85/><E117/><V83/><F134/><W80/><G47/><T92/><D42/><U68/><E106/><V55/><F2/><W34/><G34/><T24/><D24/><U17/><E111/><V9/><F39/><W94/><G64/><T46/><D46/><U54/><E41/><V126/><F35/><W10/><G10/><T96/><REACH who="0" step="1"/><D58/><REACH who="0" ten="310,252,195,233" step="2"/><U50/><E40/><V36/><F131/><W77/><G77/><T127/><D127/><N who="2" m="48650" /><F36/><W120/><G120/><T103/><D103/><U69/><E38/><V43/><F43/><W4/><G4/><AGARI ba="0,1" hai="4,6,7,8,11,19,23,26,74,76,81,92,96,102" machi="4" ten="40,8000,1" yaku="1,1,52,1,53,3" doraHai="88" doraHaiUra="1" who="0" fromWho="3" sc="310,90,252,0,195,0,233,-80" /><INIT seed="3,0,0,5,4,66" ten="400,252,195,153" oya="3" hai0="95,43,99,22,92,25,94,89,0,48,1,75,31" hai1="53,121,64,38,78,52,40,30,60,105,7,114,77" hai2="110,104,63,39,9,46,42,117,79,45,44,120,27" hai3="19,115,6,109,71,4,135,58,24,11,67,81,88"/><W132/><G115/><T23/><D75/><U26/><E121/><V97/><F117/><W56/><G109/><T93/><D23/><U47/><E114/><V49/><F110/><W12/><G24/><T69/><D69/><U8/><E105/><V84/><F120/><W119/><G119/><T33/><D33/><U74/><E74/><V126/><F126/><W62/><G4/><T116/><D116/><U18/><E18/><V96/><F104/><W130/><G6/><T103/><D103/><U2/><E77/><V73/><F73/><W61/><G130/><T16/><D31/><U10/><E10/><V91/><F79/><W21/><G11/><T85/><D99/><N who="2" m="37962" /><F39/><W20/><G20/><T128/><D128/><U86/><E86/><V82/><F27/><W80/><G61/><T98/><D98/><U113/><E78/><V54/><F9/><W127/><G127/><T51/><D43/><U108/><E108/><V76/><F76/><W59/><REACH who="3" step="1"/><G88/><REACH who="3" ten="400,252,195,143" step="2"/><T14/><D25/><U35/><E113/><V111/><F111/><W123/><G123/><T118/><D118/><U29/><E29/><V3/><F3/><W5/><G5/><T106/><D106/><U131/><E131/><V36/><F36/><W133/><AGARI ba="0,1" hai="12,19,21,56,58,59,62,67,71,80,81,132,133,135" machi="133" ten="40,12000,1" yaku="1,1,0,1,20,1,52,1,53,0" doraHai="66" doraHaiUra="100" who="3" fromWho="3" sc="400,-40,252,-40,195,-40,143,130" /><INIT seed="3,1,0,1,3,98" ten="360,212,155,273" oya="3" hai0="38,70,27,109,96,84,34,47,115,134,65,6,20" hai1="103,93,66,135,62,22,42,105,82,3,23,77,101" hai2="16,29,19,13,71,127,25,36,5,86,49,53,50" hai3="104,129,114,119,12,26,76,91,74,116,97,8,67"/><W58/><G114/><T0/><D34/><U124/><E105/><V102/><F127/><W89/><G26/><T14/><D0/><U24/><E3/><V45/><F36/><W128/><G74/><T44/><D38/><U33/><E124/><V35/><F71/><W106/><G76/><T108/><D115/><U4/><E4/><V54/><F86/><W95/><G67/><T56/><D70/><U48/><E135/><V99/><F13/><W100/><G58/><T118/><D118/><N who="3" m="45097" /><G12/><T78/><D134/><U32/><E32/><V81/><F81/><W133/><G8/><N who="0" m="4375" /><D96/><U92/><E33/><V68/><F68/><W52/><G52/><T132/><D132/><U75/><E48/><V37/><F37/><W1/><G1/><T17/><D84/><U85/><E42/><V41/><F5/><W79/><G79/><T46/><D78/><U72/><E72/><V55/><REACH who="2" step="1"/><F50/><REACH who="2" ten="360,212,145,273" step="2"/><W122/><G133/><T111/><D111/><U107/><E85/><V80/><F80/><W73/><G73/><T121/><D109/><U18/><E75/><V131/><F131/><N who="3" m="50251" /><G122/><T110/><D121/><U125/><E125/><V88/><F88/><AGARI ba="1,1" hai="88,89,91,95,97,100,104,106" m="50251,45097" machi="88" ten="30,12000,1" yaku="19,1,34,2,52,1,54,1" doraHai="98" who="3" fromWho="2" sc="360,0,212,0,145,-123,273,133" owari="360,16.0,212,-18.8,22,-47.8,406,50.6" /></mjloggm>