<mjloggm ver="2.3"><GO type="225" lobby="0"/><UN n0="%E9%B3%B3%E5%8D%97%E3%81%AE%E3%82%B4%E3%83%9F%E6%8E%83%E9%99%A4%E4%BF%82" n1="%E5%B8%86%E7%AB%8B%E5%A4%8F%E8%A1%A3" n2="%33%74%72%65%65" n3="%6D%75%75%6D%75%72%61" dan="17,16,16,17" rate="2156.43,2091.84,2122.42,2186.01" sx="M,M,F,F"/><TAIKYOKU oya="0"/><INIT seed="0,0,0,2,4,113" ten="250,250,250,250" oya="0" hai0="13,48,8,94,86,98,64,29,2,78,66,80,68" hai1="90,11,105,1,114,87,56,16,60,24,109,82,40" hai2="61,118,124,5,15,4,25,52,92,79,9,123,35" hai3="103,102,130,77,115,20,97,34,116,37,65,57,42"/><T81/><D2/><U125/><E114/><V12/><F123/><W134/><G115/><T128/><D128/><U36/><E109/><V62/><F124/><W119/><G34/><T55/><D29/><U135/><E135/><V74/><F74/><W19/><G130/><T18/><D68/><U120/><E120/><V106/><F106/><W41/><G134/><T47/><REACH who="0" step="1"/><D81/><REACH who="0" ten="240,250,250,250" step="2"/><U46/><E125/><V23/><F35/><W83/><G83/><T30/><D30/><U85/><E1/><V17/><F118/><W89/><G119/><T58/><D58/><U127/><E127/><V0/><F0/><W54/><G116/><T110/><D110/><U108/><E108/><V44/><F79/><W38/><G77/><T70/><D70/><U49/><E82/><V101/><F44/><W84/><G57/><T3/><D3/><U133/><E46/><V67/><F67/><W28/><G65/><T96/><D96/><U111/><E56/><V112/><F112/><W95/><G97/><T99/><D99/><U129/><E111/><V50/><F101/><AGARI ba="0,1" hai="8,13,18,47,48,55,64,66,78,80,86,94,98,101" machi="101" ten="30,5800,0" yaku="1,1,7,1,8,1,53,0" doraHai="113" doraHaiUra="59" who="0" fromWho="2" sc="240,68,250,0,250,-58,250,0" /><INIT seed="0,1,0,5,5,135" ten="308,250,192,250" oya="0" hai0="41,40,0,19,93,120,124,46,3,67,72,61,122" hai1="132,115,29,18,47,26,39,35,54,113,112,76,55" hai2="80,71,121,30,75,8,106,105,15,119,53,33,25" hai3="11,81,24,126,86,56,83,97,68,110,4,89,49"/><T21/><D72/><U117/><E117/><V37/><F121/><W63/><G110/><T13/><D41/><N who="1" m="22975" /><E132/><V118/><F37/><W131/><G68/><T36/><D124/><U38/><E38/><V88/><F71/><W66/><G131/><T77/><D77/><U48/><E76/><V84/><F75/><W70/><G126/><T125/><D125/><U6/><E6/><V127/><F127/><W14/><G97/><T116/><D116/><N who="2" m="44586" /><F53/><N who="1" m="19977" /><E18/><AGARI ba="1,0" hai="8,15,18,25,30,33,80,84,88,105,106" m="44586" machi="18" ten="30,2000,0" yaku="12,1,54,1" doraHai="135" who="2" fromWho="1" sc="308,0,250,-23,192,23,250,0" /><INIT seed="1,0,0,4,1,7" ten="308,227,215,250" oya="1" hai0="34,107,128,130,28,44,49,33,77,74,69,56,39" hai1="32,5,122,31,10,83,59,40,4,86,118,115,89" hai2="58,79,90,78,53,18,110,0,91,42,2,75,126" hai3="66,105,121,64,108,45,13,11,16,62,84,85,129"/><U109/><E115/><V27/><F110/><W37/><G121/><T61/><D107/><U116/><E122/><V81/><F126/><W19/><G108/><T76/><D39/><U134/><E109/><V113/><F113/><W15/><G105/><T112/><D69/><U124/><E134/><V3/><F79/><N who="0" m="30282" /><D28/><U104/><E104/><V26/><F42/><W21/><G129/><N who="0" m="49771" /><D74/><U29/><E124/><V60/><REACH who="2" step="1"/><F18/><REACH who="2" ten="308,227,205,250" step="2"/><W6/><G19/><T48/><D112/><U120/><E40/><V114/><F114/><W73/><G73/><T20/><D34/><U8/><E32/><V55/><F55/><W30/><G30/><N who="1" m="11274" /><E120/><V98/><F98/><W47/><G66/><T93/><D33/><U43/><E43/><V117/><F117/><W106/><G37/><T9/><D20/><U127/><E127/><V94/><F94/><W63/><G106/><T92/><D93/><U102/><E118/><V24/><AGARI ba="0,1" hai="0,2,3,24,26,27,53,58,60,75,78,81,90,91" machi="24" ten="40,2700,0" yaku="1,1,0,1,53,0" doraHai="7" doraHaiUra="131" who="2" fromWho="2" sc="308,-7,227,-13,205,37,250,-7" /><INIT seed="2,0,0,5,3,55" ten="301,214,242,243" oya="2" hai0="94,44,83,32,95,103,105,2,33,68,10,20,96" hai1="86,120,101,3,76,130,65,108,117,100,24,29,107" hai2="69,80,9,87,74,114,109,127,14,102,18,21,133" hai3="57,16,35,39,54,91,62,28,110,27,58,42,67"/><V53/><F114/><W0/><G110/><T81/><D68/><U119/><E3/><V47/><F109/><W34/><G0/><T132/><D20/><U104/><E108/><V111/><F111/><W126/><G126/><T129/><D44/><U38/><E38/><V66/><F127/><W71/><G35/><T30/><D129/><U75/><E65/><V51/><F74/><W134/><G134/><T31/><D132/><U70/><E70/><V124/><F133/><W63/><G39/><T99/><D2/><U19/><E19/><V73/><F73/><W17/><G42/><T26/><D10/><U22/><E130/><V49/><F124/><W52/><G91/><T45/><D45/><U88/><E120/><V85/><F102/><N who="1" m="39529" /><E22/><V106/><F106/><N who="1" m="40489" /><E24/><V84/><F51/><AGARI ba="0,0" hai="16,17,27,28,34,51,52,54,57,58,62,63,67,71" machi="51" ten="30,8000,1" yaku="7,1,52,2,54,2" doraHai="55" who="3" fromWho="2" sc="301,0,214,0,242,-80,243,80" /><INIT seed="3,0,0,0,5,10" ten="301,214,162,323" oya="3" hai0="41,82,110,116,103,62,42,5,95,135,96,55,68" hai1="56,58,21,94,126,88,67,123,46,35,120,63,77" hai2="11,78,17,9,118,51,83,133,23,30,71,20,16" hai3="84,24,64,36,75,130,27,100,90,76,49,13,128"/><W59/><G36/><T79/><D110/><U65/><E35/><V127/><F118/><W57/><G100/><T112/><D135/><U69/><E126/><V66/><F133/><W73/><G13/><T50/><D116/><U52/><E77/><V43/><F127/><W47/><G76/><T40/><D112/><U85/><E69/><V60/><F30/><W113/><G113/><T25/><D5/><U45/><E123/><V18/><F43/><N who="3" m="24831" /><G27/><T124/><D124/><U132/><E132/><V33/><F33/><W102/><G24/><T125/><D125/><U97/><E120/><V106/><F106/><W134/><G102/><T39/><D39/><U26/><E85/><V98/><F98/><W72/><G64/><N who="1" m="24650" /><E58/><V107/><F107/><W34/><G34/><T111/><D111/><U32/><E32/><V37/><F37/><W54/><G134/><T3/><D3/><U99/><E99/><V105/><F105/><W101/><G101/><T87/><D68/><U14/><E26/><V48/><F11/><W92/><G59/><T108/><D108/><U1/><E1/><V115/><F115/><W129/><G73/><T2/><D2/><U0/><E0/><V12/><F20/><W104/><G104/><T93/><D25/><U89/><E89/><V81/><F78/><W61/><AGARI ba="0,0" hai="54,57,61,72,75,84,90,92,128,129,130" m="24831" machi="61" ten="30,1500,0" yaku="19,1" doraHai="10" who="3" fromWho="3" sc="301,-5,214,-5,162,-5,323,15" owari="296,9.6,209,-19.1,157,-34.3,338,43.8" /></mjloggm>