<mjloggm ver="2.3"><GO type="225" lobby="0"/><UN n0="%E3%82%A2%E3%83%A1%E3%82%A2%E3%83%A9%E3%83%AC" n1="%77%72%77%72%77%72%77%72" n2="%E4%BF%BA%E3%81%A8%E5%A6%96%E5%A4%A2" n3="%33%74%72%65%65" dan="16,17,17,16" rate="2039.28,2196.93,2188.53,2101.42" sx="M,M,F,F"/><TAIKYOKU oya="0"/><INIT seed="0,0,0,2,0,39" ten="250,250,250,250" oya="0" hai0="35,103,0,47,130,43,113,71,121,127,88,36,120" hai1="96,114,62,1,31,32,37,95,132,19,46,82,102" hai2="87,118,108,84,129,99,25,38,26,133,65,100,21" hai3="20,110,85,119,18,42,54,63,112,94,60,122,107"/><T91/><D113/><U33/><E114/><V44/><F108/><W73/><G73/><T89/><D130/><U98/><E132/><V101/><F133/><W80/><G112/><T106/><D127/><U109/><E109/><V28/><F129/><W134/><G110/><T59/><D71/><U23/><E1/><V72/><F72/><W34/><G107/><T86/><D0/><U15/><E31/><V66/><F118/><W55/><G34/><T13/><D35/><U125/><E125/><V83/><F26/><W111/><G119/><T79/><D13/><U48/><E37/><V17/><F28/><W67/><G111/><T92/><D59/><U57/><E82/><V3/><F3/><W93/><G42/><T74/><D120/><U117/><E117/><V51/><F38/><W97/><G122/><T56/><D56/><U104/><E57/><V124/><F84/><W68/><G63/><T4/><D4/><U69/><E62/><V76/><F124/><W116/><G116/><T90/><D121/><U8/><E8/><V123/><F123/><W16/><G134/><T6/><D6/><U81/><E81/><V14/><F25/><W27/><G18/><T30/><D30/><U53/><REACH who="1" step="1"/><E69/><REACH who="1" ten="250,240,250,250" step="2"/><V10/><F10/><W70/><G70/><T77/><REACH who="0" step="1"/><D74/><REACH who="0" ten="240,240,250,250" step="2"/><U22/><E22/><V58/><F58/><W9/><G20/><T52/><D52/><U131/><E131/><V64/><REACH who="2" step="1"/><F99/><AGARI ba="0,2" hai="36,43,47,77,79,86,88,89,90,91,92,99,103,106" machi="99" ten="40,7700,0" yaku="1,1,52,1,54,1,53,0" doraHai="39" doraHaiUra="105" who="0" fromWho="2" sc="240,97,240,0,250,-77,250,0" /><INIT seed="0,1,0,1,0,5" ten="337,240,173,250" oya="0" hai0="58,60,14,98,70,22,72,118,81,46,88,119,99" hai1="103,87,57,129,73,91,84,48,15,131,69,52,42" hai2="86,121,133,134,47,107,89,27,125,37,66,29,9" hai3="71,43,8,3,0,120,55,12,10,36,11,65,6"/><T83/><D70/><U40/><E73/><V104/><F121/><W59/><G120/><T116/><D72/><U20/><E69/><V23/><F66/><W13/><G71/><T114/><D114/><U106/><E106/><V68/><F68/><W2/><G65/><T130/><D130/><N who="1" m="49675" /><E103/><V56/><F56/><W135/><G135/><N who="2" m="51721" /><F125/><W16/><G43/><T61/><D46/><U108/><E108/><V132/><N who="2" m="51729" /><V53/><DORA hai="100" /><F9/><W19/><REACH who="3" step="1"/><G36/><REACH who="3" ten="337,240,173,240" step="2"/><T127/><D127/><U110/><E110/><V1/><F1/><W63/><AGARI ba="1,1" hai="0,2,3,6,8,10,11,12,13,16,19,55,59,63" machi="63" ten="20,16000,3" yaku="1,1,2,1,0,1,7,1,9,1,52,3,54,1,53,0" doraHai="5,100" doraHaiUra="124,39" who="3" fromWho="3" sc="337,-81,240,-41,173,-41,240,173" /><INIT seed="1,0,0,3,2,69" ten="256,199,132,413" oya="1" hai0="21,28,29,62,119,79,47,121,91,98,37,45,124" hai1="35,110,131,49,76,32,85,123,70,71,118,84,88" hai2="80,115,25,63,127,13,12,102,116,81,53,39,20" hai3="14,99,95,86,18,90,17,113,108,130,101,52,44"/><U34/><E118/><V43/><F116/><W112/><G108/><T31/><D119/><U55/><E123/><V134/><F134/><W100/><G130/><T61/><D124/><U9/><E110/><V74/><F127/><W111/><G111/><T122/><D79/><U83/><E131/><V60/><F102/><W30/><G30/><T93/><D21/><U27/><E27/><V89/><F115/><W129/><G129/><T50/><D37/><U40/><E40/><V94/><F43/><W2/><G2/><T135/><D135/><U67/><E9/><V58/><F63/><N who="0" m="24074" /><D50/><U132/><E67/><V109/><F39/><W75/><G75/><T73/><D73/><U72/><E72/><V42/><F42/><W51/><G112/><T96/><D96/><U120/><E120/><AGARI ba="0,0" hai="28,29,31,45,47,91,93,98,120,121,122" m="24074" machi="120" ten="30,1000,0" yaku="13,1" doraHai="69" who="0" fromWho="1" sc="256,10,199,-10,132,0,413,0" /><INIT seed="2,0,0,1,5,78" ten="266,189,132,413" oya="2" hai0="105,33,51,64,109,72,59,61,28,79,27,52,96" hai1="88,49,135,5,16,111,75,3,38,24,114,42,92" hai2="35,117,82,63,84,58,90,93,122,29,80,7,14" hai3="45,55,22,77,19,98,106,108,34,100,48,113,133"/><V81/><F117/><W1/><G108/><T95/><D109/><U39/><E111/><V46/><F122/><W25/><G133/><T40/><D105/><U21/><E114/><V102/><F35/><W123/><G113/><T47/><D79/><U8/><E75/><V74/><F29/><W70/><G70/><T124/><D72/><U104/><E104/><V86/><F74/><W83/><G1/><T11/><D124/><U107/><E107/><V18/><F7/><W118/><G118/><T67/><REACH who="0" step="1"/><D11/><REACH who="0" ten="256,189,132,413" step="2"/><U130/><E135/><V20/><F46/><W62/><G77/><T57/><D57/><U53/><E130/><V6/><F6/><W31/><G106/><T65/><D65/><U73/><E73/><V119/><F119/><W50/><G45/><T54/><D54/><U26/><E42/><V85/><F102/><AGARI ba="0,1" hai="27,28,33,40,47,51,52,59,61,64,67,95,96,102" machi="102" ten="30,7700,0" yaku="1,1,7,1,54,1,53,1" doraHai="78" doraHaiUra="91" who="0" fromWho="2" sc="256,87,189,0,132,-77,413,0" /><INIT seed="3,0,0,3,0,94" ten="343,189,55,413" oya="3" hai0="68,58,90,89,113,91,81,114,78,1,47,12,37" hai1="40,25,111,97,71,8,104,59,116,85,134,96,4" hai2="19,73,127,51,117,54,126,6,122,123,84,35,49" hai3="57,69,125,86,108,14,56,7,64,110,79,75,15"/><W98/><G125/><N who="2" m="47625" /><F35/><W11/><G75/><T120/><D68/><U133/><E71/><V32/><F32/><W29/><G29/><T70/><D70/><U93/><E25/><V124/><N who="2" m="47633" /><V17/><DORA hai="16" /><F6/><W43/><G43/><T100/><D1/><U83/><E8/><V33/><F33/><W115/><G115/><N who="0" m="44043" /><D58/><U66/><E4/><V42/><F73/><W2/><G56/><T112/><D47/><U5/><E5/><V23/><F117/><W52/><G69/><T135/><D37/><U87/><E116/><V121/><F42/><W44/><G44/><T31/><D31/><U46/><E40/><V30/><F84/><W0/><G0/><T18/><N who="0" m="44051" /><T105/><DORA hai="119" /><D120/><U107/><E85/><V76/><F76/><W28/><G28/><T109/><D12/><U77/><E87/><V67/><F67/><W22/><G15/><T128/><D18/><N who="2" m="6666" /><F54/><W36/><G86/><N who="0" m="48439" /><D109/><U39/><E111/><V106/><F106/><W34/><G110/><T82/><D82/><U101/><E107/><V53/><F53/><W41/><G52/><T95/><D135/><U65/><E133/><V60/><F60/><W130/><G108/><T13/><D13/><U10/><E104/><V38/><F38/><W62/><G14/><T26/><D26/><U55/><E77/><V48/><F30/><W3/><G79/><T72/><D72/><U131/><E55/><V24/><F24/><W74/><G74/><T63/><D105/><U92/><E39/><V61/><F61/><W129/><G36/><T45/><D63/><U88/><E83/><RYUUKYOKU ba="0,0" sc="343,-10,189,-10,55,30,413,-10" hai2="23,48,49,51,121,122,123" owari="333,13.3,179,-22.1,85,-41.5,403,50.3" /></mjloggm>