<mjloggm ver="2.3"><GO type="225" lobby="0"/><UN n0="%E3%81%82%E3%81%B9%E3%81%99%E3%81%91" n1="%38%63%E3%81%AF%E3%81%A3%E3%81%97%E3%83%BC" n2="%E3%83%A9%E3%82%B9%E7%8E%87%EF%BC%93%E5%89%B2" n3="%4B%69%74%61%6D%75%72%61" dan="16,16,16,18" rate="2094.70,2122.43,2136.56,2217.07" sx="M,M,F,F"/><TAIKYOKU oya="0"/><INIT seed="0,0,0,1,3,85" ten="250,250,250,250" oya="0" hai0="90,49,30,108,36,52,38,59,72,19,11,60,42" hai1="0,44,126,109,88,93,120,1,75,81,16,94,117" hai2="121,129,69,13,17,125,22,47,68,102,132,5,118" hai3="8,46,96,62,35,25,15,98,27,113,12,87,116"/><T6/><D72/><U74/><E120/><V53/><F121/><W21/><G113/><T39/><D108/><U63/><E117/><V82/><F118/><W133/><G116/><T79/><D79/><U64/><E44/><V31/><F129/><W29/><G133/><T89/><D19/><U55/><E55/><V4/><F132/><W131/><G131/><T33/><D33/><U37/><E37/><V135/><F135/><W78/><G62/><T114/><D30/><U70/><E94/><V134/><F125/><W10/><G46/><T99/><D99/><U71/><E71/><V112/><F112/><W119/><G119/><T123/><D123/><U32/><E32/><V106/><F31/><W91/><G78/><T101/><D101/><U80/><E109/><V128/><F128/><W103/><G8/><T54/><D42/><U41/><E41/><V2/><F2/><W45/><G45/><T95/><D95/><U34/><E34/><V105/><F68/><W56/><G56/><T77/><D77/><U110/><E110/><V7/><F69/><W26/><G35/><T50/><D114/><U43/><E43/><V51/><F134/><W24/><G103/><T84/><D84/><U20/><E75/><V92/><F82/><N who="3" m="49655" /><G15/><T3/><REACH who="0" step="1"/><D60/><REACH who="0" ten="240,250,250,250" step="2"/><U97/><E74/><V83/><F83/><W104/><G104/><T61/><D61/><U124/><E81/><V48/><F102/><W14/><G14/><T111/><D111/><U107/><E80/><V67/><F92/><W127/><G127/><N who="1" m="48682" /><E107/><N who="2" m="40971" /><F51/><W73/><G73/><T86/><D86/><U9/><E93/><RYUUKYOKU ba="0,1" sc="240,10,250,-30,250,10,250,10" hai0="3,6,11,36,38,39,49,50,52,54,59,89,90" hai2="4,5,7,13,17,22,47,48,53,67" hai3="10,12,21,24,25,26,27,29,96,98" /><INIT seed="0,1,1,5,3,88" ten="250,220,260,260" oya="0" hai0="1,54,111,109,51,58,57,102,115,39,24,26,0" hai1="7,134,69,78,110,63,3,36,23,75,16,66,91" hai2="84,11,121,90,99,28,76,112,94,104,89,37,92" hai3="42,8,120,34,30,131,2,65,45,125,100,61,126"/><T123/><D115/><U118/><E118/><V59/><F37/><W130/><G100/><T101/><D39/><U82/><E110/><N who="0" m="41993" /><D123/><U13/><E36/><V119/><F112/><W77/><G77/><T60/><D102/><U15/><E134/><V80/><F28/><W21/><G34/><T114/><D101/><U31/><E31/><V86/><F11/><W122/><G2/><N who="0" m="1131" /><D114/><U83/><E3/><V50/><F121/><N who="3" m="46699" /><G8/><T41/><D41/><U46/><E46/><V128/><F119/><W135/><G135/><T129/><D129/><N who="3" m="49161" /><G21/><T44/><D44/><U133/><E133/><V107/><REACH who="2" step="1"/><F128/><REACH who="2" ten="250,220,250,260" step="2"/><W6/><G30/><T108/><D108/><U74/><E7/><V52/><AGARI ba="1,2" hai="50,52,59,76,80,84,86,89,90,92,94,99,104,107" machi="52" ten="30,12000,2" yaku="1,1,2,1,0,1,52,2,54,1,53,1" doraHai="88" doraHaiUra="53" who="2" fromWho="2" sc="250,-61,220,-31,250,143,260,-31" /><INIT seed="1,0,0,5,3,100" ten="189,189,393,229" oya="1" hai0="87,24,2,9,37,42,118,76,113,32,61,79,20" hai1="13,21,107,132,33,86,35,129,15,93,41,67,75" hai2="80,128,16,92,124,116,39,45,119,108,25,43,125" hai3="115,51,117,96,28,48,134,63,83,6,95,120,50"/><U78/><E75/><V103/><F108/><W70/><G120/><T58/><D113/><U114/><E114/><V90/><F128/><W82/><G115/><T112/><D112/><U66/><E41/><V5/><F5/><W106/><G134/><T74/><D32/><U57/><E57/><V10/><F103/><W1/><G28/><T18/><D118/><U71/><E71/><V49/><F80/><W69/><G106/><T12/><D2/><U7/><E93/><V55/><F25/><W4/><G117/><T98/><D74/><U19/><E132/><V72/><F72/><W89/><G1/><T11/><D11/><U54/><E54/><V34/><F34/><W101/><G70/><T68/><D68/><U133/><E129/><V127/><F16/><W46/><G46/><T23/><D87/><U121/><E86/><N who="2" m="52311" /><F10/><W135/><G135/><T131/><D23/><U91/><E91/><V22/><F22/><W126/><G126/><T31/><D131/><U97/><E78/><N who="0" m="29737" /><D37/><U36/><E36/><V94/><F94/><W56/><G69/><T53/><D42/><U111/><E133/><V85/><F85/><N who="3" m="50359" /><G83/><T29/><D98/><U104/><E97/><V60/><F60/><W8/><G8/><T122/><D122/><U26/><E121/><V99/><F99/><W123/><G123/><T0/><D0/><U14/><E35/><V59/><AGARI ba="0,0" hai="39,43,45,49,55,59,116,119,124,125,127" m="52311" machi="59" ten="30,1100,0" yaku="18,1" doraHai="100" who="2" fromWho="2" sc="189,-3,189,-5,393,11,229,-3" /><INIT seed="2,0,0,0,0,27" ten="186,184,404,226" oya="2" hai0="24,102,90,84,3,10,96,57,135,100,92,76,12" hai1="2,6,117,89,128,119,58,133,122,19,36,118,134" hai2="21,131,97,63,7,79,5,1,53,127,126,98,94" hai3="31,83,116,34,51,62,11,125,72,25,41,61,73"/><V23/><F131/><W77/><G116/><T18/><D3/><U87/><E36/><V81/><F53/><W101/><G125/><N who="2" m="47625" /><F63/><W86/><G101/><T110/><D110/><U40/><E40/><V4/><F1/><W115/><G115/><T56/><D135/><U50/><E128/><V43/><F43/><W20/><G11/><T45/><D76/><U47/><E58/><V52/><F52/><W14/><G14/><T93/><D102/><U48/><E122/><V44/><F44/><W28/><G73/><T26/><D45/><U124/><E124/><V68/><F68/><W78/><G72/><T75/><D75/><U0/><E47/><V64/><F64/><W65/><G78/><T22/><REACH who="0" step="1"/><D26/><REACH who="0" ten="176,184,404,226" step="2"/><U8/><E0/><V55/><F79/><W39/><G25/><T74/><D74/><U9/><E134/><V132/><F132/><W70/><G77/><T67/><D67/><U69/><E133/><V32/><F4/><AGARI ba="0,1" hai="4,10,12,18,22,24,56,57,84,90,92,93,96,100" machi="4" ten="30,8000,1" yaku="1,1,7,1,8,1,53,2" doraHai="27" doraHaiUra="91" who="0" fromWho="2" sc="176,90,184,0,404,-80,226,0" /><INIT seed="3,0,0,0,0,22" ten="266,184,324,226" oya="3" hai0="53,123,100,56,112,62,121,47,0,44,120,34,96" hai1="63,50,92,79,23,45,20,14,122,76,74,69,40" hai2="106,48,128,80,31,26,2,86,130,4,25,29,89" hai3="102,30,127,83,70,64,52,15,94,19,49,97,6"/><W119/><G119/><T7/><D34/><U73/><E122/><V18/><F106/><W10/><G127/><T77/><D112/><U91/><E74/><V118/><F118/><W32/><G70/><T33/><D33/><U95/><E73/><V27/><F18/><W125/><G125/><T81/><D7/><U51/><E69/><V35/><F48/><W134/><G64/><T41/><D0/><U117/><E117/><V132/><F132/><W85/><G134/><T5/><D5/><U46/><E63/><V71/><F71/><W16/><G30/><T87/><REACH who="0" step="1"/><D41/><REACH who="0" ten="256,184,324,226" step="2"/><U93/><E91/><V124/><F124/><W135/><G32/><T59/><D59/><U88/><E88/><V13/><F2/><W36/><G135/><T11/><D11/><U98/><E98/><V111/><F35/><W82/><G6/><T57/><D57/><U12/><E93/><AGARI ba="0,1" hai="44,47,53,56,62,77,81,87,93,96,100,120,121,123" machi="93" ten="40,1300,0" yaku="1,1,53,0" doraHai="22" doraHaiUra="68" who="0" fromWho="1" sc="256,23,184,-13,324,0,226,0" owari="279,7.9,171,-32.9,324,42.4,226,-17.4" /></mjloggm>