<mjloggm ver="2.3"><GO type="225" lobby="0"/><UN n0="%6B%75%7A%75%6E" n1="%6D%75%75%6D%75%72%61" n2="%E3%83%AD%E3%83%83%E3%83%86%E9%9B%80%E7%90%83" n3="%74%61%6B%75%61%6B%61" dan="17,16,17,16" rate="2165.29,2141.16,2266.99,2161.90" sx="M,F,M,M"/><TAIKYOKU oya="0"/><INIT seed="0,0,0,2,0,125" ten="250,250,250,250" oya="0" hai0="19,119,11,8,113,73,71,17,109,41,123,96,30" hai1="32,33,127,117,124,66,103,130,40,82,28,59,15" hai2="72,94,79,20,121,63,44,22,98,122,67,84,42" hai3="128,111,52,101,70,54,115,53,132,88,133,110,97"/><T38/><D113/><U48/><E117/><V89/><F72/><W131/><G70/><T18/><D119/><U99/><E130/><N who="3" m="49706" /><G88/><T92/><D123/><U27/><E33/><V112/><F112/><W35/><G35/><T83/><D71/><U34/><E34/><V104/><F104/><N who="3" m="63535" /><G115/><T107/><D107/><U126/><E82/><V12/><F79/><W45/><G45/><T56/><D109/><AGARI ba="0,0" hai="52,53,54,109,110,111,132,133" m="63535,49706" machi="109" ten="40,12000,2" yaku="14,1,19,1,52,3,54,1" doraHai="125" who="3" fromWho="0" sc="250,-120,250,0,250,0,250,120" /><INIT seed="1,0,0,5,0,116" ten="130,250,250,370" oya="1" hai0="58,133,95,72,44,20,62,122,47,76,57,94,38" hai1="104,8,0,64,78,118,26,53,42,1,128,18,101" hai2="83,63,60,97,81,82,55,50,6,45,3,70,69" hai3="119,10,113,54,109,89,107,126,2,61,12,39,37"/><U108/><E118/><V73/><F73/><W88/><G113/><T84/><D72/><U41/><E128/><V28/><F28/><W125/><G2/><T66/><D38/><N who="3" m="14345" /><G107/><T99/><D133/><U106/><E78/><V48/><F97/><W85/><G109/><T77/><D99/><U91/><E64/><V15/><F3/><W43/><G43/><T22/><D66/><U127/><E91/><V5/><F15/><W67/><G54/><T87/><REACH who="0" step="1"/><D62/><REACH who="0" ten="120,250,250,370" step="2"/><U135/><E135/><V59/><F63/><W16/><G119/><T27/><D27/><U110/><E26/><V19/><F60/><W31/><G67/><T35/><D35/><U132/><E132/><V51/><F70/><W130/><G61/><T124/><D124/><U105/><E127/><V86/><F69/><W92/><G125/><T115/><D115/><U23/><E108/><V93/><F86/><W134/><G85/><T68/><D68/><U46/><E110/><V32/><F32/><W34/><G34/><T13/><D13/><U17/><E0/><V117/><F117/><W129/><G126/><T52/><D52/><U75/><E1/><V120/><F55/><W79/><G134/><T131/><D131/><U102/><E75/><V14/><F14/><W103/><G130/><T111/><D111/><U9/><E53/><V71/><F71/><W98/><G129/><T25/><D25/><U65/><E65/><V74/><F74/><W121/><G12/><T7/><D7/><U49/><E41/><V30/><F5/><W114/><G114/><T24/><D24/><U21/><E42/><RYUUKYOKU ba="0,1" sc="120,30,250,-10,250,-10,370,-10" hai0="20,22,44,47,57,58,76,77,84,87,94,95,122" /><INIT seed="2,1,1,3,3,28" ten="150,240,240,360" oya="2" hai0="135,76,63,0,100,9,111,21,38,51,42,68,43" hai1="107,103,13,29,71,95,46,98,34,61,41,89,128" hai2="64,77,49,31,5,119,81,114,110,122,6,55,120" hai3="74,70,129,30,92,32,79,75,20,48,78,2,7"/><V83/><F119/><W45/><G70/><T130/><D111/><U99/><E128/><V44/><F114/><W3/><G32/><T57/><D130/><U1/><E1/><V124/><F124/><W102/><G129/><T27/><D135/><U94/><E13/><V8/><F110/><W84/><G74/><T56/><D76/><U91/><E71/><V62/><F31/><W36/><G36/><T22/><D100/><U10/><E61/><V125/><F125/><W11/><G2/><T82/><D82/><U40/><E10/><V93/><F93/><W50/><G75/><T108/><D108/><U112/><E112/><V133/><F133/><W126/><G50/><T97/><D97/><U53/><E53/><V65/><F65/><W37/><G37/><T23/><D27/><U106/><E46/><V101/><F101/><W96/><G84/><T52/><D68/><U4/><E4/><V123/><F77/><W39/><G39/><T117/><D38/><U12/><E12/><V86/><F86/><W132/><G132/><T115/><D117/><U47/><E47/><V54/><F54/><W18/><G30/><T67/><REACH who="0" step="1"/><D115/><REACH who="0" ten="140,240,240,360" step="2"/><U17/><E103/><V25/><F25/><N who="3" m="14487" /><G126/><T73/><D73/><U127/><E127/><V14/><F83/><W113/><G113/><T60/><D60/><U131/><E131/><V116/><F81/><W33/><G78/><T121/><D121/><U87/><E99/><V69/><F116/><W15/><G79/><T90/><D90/><U80/><E98/><V105/><F105/><W26/><G96/><T134/><D134/><RYUUKYOKU ba="1,2" sc="140,15,240,-15,240,15,360,-15" hai0="0,9,21,22,23,42,43,51,52,56,57,63,67" hai2="5,6,8,14,44,49,55,62,64,69,120,122,123" /><INIT seed="2,2,2,3,3,88" ten="155,225,255,345" oya="2" hai0="92,87,32,58,131,71,126,111,36,48,6,78,95" hai1="20,96,12,56,129,83,102,38,7,55,35,74,22" hai2="1,84,104,112,70,119,80,116,60,118,106,29,103" hai3="53,107,64,134,86,52,27,5,45,49,28,79,67"/><V44/><F1/><W81/><G134/><T11/><D36/><U121/><E35/><V51/><F112/><W25/><G107/><T26/><D71/><U98/><E38/><V72/><F72/><W61/><G5/><T9/><D111/><U41/><E129/><V47/><F29/><W69/><G64/><T65/><D131/><U128/><E128/><V130/><F130/><W124/><G124/><T123/><D123/><U14/><E41/><V19/><F103/><W17/><G17/><T100/><D126/><U3/><E3/><V122/><F122/><W110/><G110/><T15/><D11/><U109/><E109/><V89/><F44/><W42/><G25/><T31/><D100/><U76/><E121/><V125/><F125/><W4/><G4/><T46/><D58/><U33/><E33/><AGARI ba="2,2" hai="27,28,33,42,45,49,52,53,61,67,69,79,81,86" machi="33" ten="30,2000,0" yaku="7,1,54,1" doraHai="88" who="3" fromWho="1" sc="155,0,225,-26,255,0,345,46" /><INIT seed="3,0,0,4,0,72" ten="155,199,255,391" oya="3" hai0="134,115,65,59,56,16,75,122,63,39,17,29,123" hai1="33,7,79,114,68,15,10,98,135,47,76,0,38" hai2="2,3,131,86,21,106,83,94,112,87,118,100,99" hai3="80,124,95,62,51,109,107,121,19,11,34,28,91"/><W104/><G51/><T85/><D75/><U25/><E114/><V92/><F21/><W66/><G80/><T128/><D39/><U37/><E68/><V125/><F2/><W43/><G43/><T6/><D115/><U119/><E0/><V77/><F3/><W24/><G121/><T54/><D134/><U110/><E135/><V32/><F32/><W52/><G52/><T132/><D132/><U44/><E110/><V70/><F70/><W55/><G55/><T61/><D128/><U12/><E98/><N who="2" m="61719" /><F118/><W22/><G109/><T126/><D126/><U50/><E50/><V18/><F18/><W101/><G124/><T30/><D6/><U111/><E111/><V31/><F31/><W127/><G11/><T57/><D57/><U103/><E103/><N who="2" m="60903" /><F112/><W88/><G19/><T120/><D85/><U102/><E102/><V129/><F125/><W113/><G127/><T82/><D82/><U53/><E53/><V89/><AGARI ba="0,0" hai="77,83,86,87,89,94,129,131" m="60903,61719" machi="89" ten="30,4000,0" yaku="34,2,52,1" doraHai="72" who="2" fromWho="2" sc="155,-10,199,-10,255,40,391,-20" owari="145,-35.5,189,-21.1,295,9.5,371,47.1" /></mjloggm>