<mjloggm ver="2.3"><GO type="225" lobby="0"/><UN n0="%6B%79%6F%6E%6B%6F%31%31" n1="%E3%81%A9%E3%82%8F%E3%82%93%E3%81%94" n2="%6D%75%75%6D%75%72%61" n3="%E5%A4%96%E5%B7%9D%E7%AB%9C%E6%88%90" dan="17,16,17,16" rate="2184.13,2194.42,2208.01,2104.78" sx="M,M,F,M"/><TAIKYOKU oya="0"/><INIT seed="0,0,0,3,4,23" ten="250,250,250,250" oya="0" hai0="26,96,65,132,122,64,36,30,117,32,113,29,75" hai1="57,93,116,121,135,102,46,61,18,80,70,27,84" hai2="134,21,43,101,130,111,115,123,25,60,67,74,98" hai3="56,1,33,104,41,62,129,16,10,44,108,81,20"/><T89/><D113/><U63/><E121/><V6/><F123/><W103/><G33/><T72/><D117/><U85/><E116/><V47/><F111/><W14/><G108/><T4/><D122/><U105/><E135/><V40/><F134/><W3/><G129/><T12/><D36/><U2/><E2/><V42/><F130/><W87/><G104/><T7/><D132/><U31/><E105/><V76/><F6/><W48/><G103/><T73/><D29/><U79/><E18/><V91/><F91/><W34/><G34/><T77/><D77/><U37/><E70/><V100/><F115/><W54/><REACH who="3" step="1"/><G10/><REACH who="3" ten="250,250,250,240" step="2"/><T125/><D125/><U35/><E102/><V38/><F101/><W88/><AGARI ba="0,1" hai="1,3,14,16,20,41,44,48,54,56,62,81,87,88" machi="88" ten="20,12000,2" yaku="1,1,2,1,0,1,7,1,54,2,53,0" doraHai="23" doraHaiUra="68" who="3" fromWho="3" sc="250,-60,250,-30,250,-30,240,130" /><INIT seed="1,0,0,2,4,10" ten="190,220,220,370" oya="1" hai0="103,76,64,12,134,135,63,31,67,50,77,118,124" hai1="107,112,43,55,61,40,127,22,42,85,82,29,37" hai2="60,86,110,18,133,28,111,105,78,128,71,68,17" hai3="75,65,16,38,97,93,79,0,2,53,95,30,56"/><U46/><E112/><V121/><F121/><W122/><G122/><T102/><D31/><U62/><E127/><V96/><F128/><W117/><G117/><T88/><D50/><U69/><E107/><V108/><F133/><N who="0" m="50698" /><D118/><U5/><E69/><N who="2" m="26699" /><F60/><W132/><G38/><T113/><D113/><U20/><E5/><V23/><F28/><W126/><G126/><T27/><D27/><U123/><E123/><V100/><F23/><N who="1" m="8745" /><E29/><V39/><F39/><W11/><G11/><T73/><D73/><U99/><E99/><V9/><F9/><W54/><G53/><T6/><D124/><U8/><E8/><V92/><F105/><W47/><G95/><T13/><D6/><U24/><E24/><V44/><F44/><W90/><G0/><T116/><D116/><U25/><E25/><V21/><F21/><W26/><G97/><T3/><D3/><U34/><E34/><V125/><F125/><W81/><G2/><T14/><D63/><N who="1" m="24075" /><E37/><V52/><F17/><W94/><G16/><T58/><D58/><U49/><E43/><V19/><F52/><W36/><G56/><T45/><D45/><U84/><E42/><V51/><F51/><W83/><G54/><T48/><D48/><U120/><E120/><V7/><F7/><W87/><G132/><T57/><D57/><U70/><E70/><V4/><F4/><W106/><G106/><T101/><D88/><N who="1" m="51223" /><E55/><V74/><F74/><W1/><G1/><T129/><D129/><U131/><E131/><V104/><F104/><W115/><G115/><T41/><D41/><U119/><E119/><V80/><AGARI ba="0,0" hai="18,19,78,80,86,92,96,100,108,110,111" m="26699" machi="80" ten="40,2700,0" yaku="5,1,14,1" doraHai="10" who="2" fromWho="2" sc="190,-7,220,-13,220,27,370,-7" /><INIT seed="2,0,0,4,3,1" ten="183,207,247,363" oya="2" hai0="58,44,43,18,89,60,23,38,52,27,99,29,54" hai1="79,91,108,69,32,130,42,20,16,53,113,67,37" hai2="101,135,116,3,110,129,90,92,14,86,6,56,122" hai3="0,104,127,5,117,107,112,41,97,51,21,4,49"/><V77/><F116/><W87/><G21/><T34/><D54/><U35/><E113/><V48/><F122/><W80/><G51/><T45/><D45/><U120/><E120/><V84/><F135/><W47/><G112/><T133/><D133/><U132/><E132/><V100/><F3/><W106/><G117/><T28/><REACH who="0" step="1"/><D34/><REACH who="0" ten="173,207,247,363" step="2"/><U7/><E35/><V76/><F129/><W78/><G47/><T96/><D96/><U65/><E32/><V50/><F110/><W33/><G97/><T15/><D15/><U88/><E130/><V103/><F48/><W22/><G49/><T71/><D71/><U93/><E108/><V24/><F24/><W128/><G33/><T57/><D57/><U9/><E53/><N who="2" m="31799" /><F84/><W119/><G87/><T12/><D12/><N who="1" m="5183" /><E69/><V10/><AGARI ba="0,1" hai="6,10,14,76,77,86,90,92,100,101,103" m="31799" machi="10" ten="30,3000,0" yaku="8,1,52,1" doraHai="1" who="2" fromWho="2" sc="173,-10,207,-10,247,40,363,-10" /><INIT seed="2,1,0,2,0,48" ten="163,197,287,353" oya="2" hai0="50,23,73,38,39,30,75,135,13,133,9,14,95" hai1="108,18,94,68,111,87,8,128,20,118,26,57,79" hai2="10,88,98,124,44,47,0,51,64,114,66,129,63" hai3="100,81,42,113,105,134,62,86,119,60,78,91,110"/><V116/><F114/><W104/><G110/><N who="1" m="42026" /><E118/><V32/><F116/><W58/><G62/><T117/><D117/><U55/><E68/><V85/><F32/><W102/><G42/><T49/><D23/><U43/><E128/><V76/><F129/><W27/><G27/><T82/><D95/><U109/><E43/><V84/><F124/><W31/><G31/><T54/><D82/><N who="1" m="47583" /><E109/><V28/><F76/><W15/><G15/><T132/><D30/><U33/><E33/><V24/><F98/><W69/><G69/><T101/><D101/><U122/><E122/><V3/><F84/><W127/><G127/><T7/><D13/><U97/><E8/><V25/><F10/><W112/><G119/><T37/><REACH who="0" step="1"/><D50/><REACH who="0" ten="153,197,287,353" step="2"/><N who="1" m="30967" /><E97/><V52/><F0/><W56/><G102/><T72/><D72/><U1/><E94/><N who="2" m="54543" /><F3/><AGARI ba="1,1" hai="1,3,18,20,26" m="30967,47583,42026" machi="3" ten="30,2000,0" yaku="14,1,52,1" doraHai="48" who="1" fromWho="2" sc="153,0,197,33,287,-23,353,0" /><INIT seed="3,0,0,3,0,68" ten="153,230,264,353" oya="3" hai0="77,62,96,100,8,19,61,22,107,57,55,115,88" hai1="27,85,39,130,66,122,59,6,103,94,108,20,12" hai2="48,131,9,26,7,1,52,25,111,112,135,3,38" hai3="30,40,74,44,91,95,65,113,0,29,46,97,99"/><W21/><G74/><T53/><D115/><U125/><E122/><V35/><F112/><W70/><G21/><T63/><D77/><U69/><E69/><V75/><F3/><W37/><G91/><T124/><D124/><U17/><E125/><V134/><F75/><W34/><G95/><T101/><D8/><U41/><E108/><V105/><F105/><W56/><G56/><T117/><D117/><U60/><E130/><V4/><F4/><W64/><G46/><T106/><D106/><U58/><E58/><V90/><F90/><W104/><G44/><T98/><D55/><U14/><E6/><V43/><F111/><W49/><G49/><T116/><D116/><U121/><E121/><V118/><F35/><W72/><G65/><T51/><D51/><U23/><E23/><V2/><F131/><W86/><G64/><T13/><D101/><U87/><E103/><V73/><F1/><W11/><G11/><T50/><D98/><U120/><E66/><V82/><F118/><W76/><G97/><T133/><D133/><U83/><E87/><V16/><F134/><W132/><G132/><T54/><D54/><U123/><E85/><V84/><F73/><W67/><G72/><T15/><D15/><U18/><E14/><N who="2" m="7247" /><F2/><W119/><G0/><T126/><D126/><U31/><E12/><V93/><F135/><W45/><G119/><T78/><D78/><U109/><E120/><V127/><F127/><W47/><G113/><T71/><REACH who="0" step="1"/><D88/><REACH who="0" ten="143,230,264,353" step="2"/><U79/><E123/><V42/><F52/><W102/><G104/><T10/><D10/><U114/><E79/><RYUUKYOKU ba="0,1" sc="143,30,230,-10,264,-10,353,-10" hai0="13,19,22,50,53,57,61,62,63,71,96,100,107" owari="173,-32.7,220,-18.0,254,5.4,353,45.3" /></mjloggm>