<mjloggm ver="2.3"><GO type="225" lobby="0"/><UN n0="%E5%A4%9C%E5%85%89%E5%A4%A9%E6%A5%BC" n1="%31%50%E3%81%9F%E3%81%9D" n2="%E3%81%BF%E3%81%BF%E3%81%9A" n3="%E3%83%B4%E3%82%A3%E3%83%AF%E3%82%B3%E3%82%B0%E3%83%8B" dan="16,16,18,16" rate="2104.47,2128.04,2271.73,2189.19" sx="F,F,M,M"/><TAIKYOKU oya="0"/><INIT seed="0,0,0,3,3,96" ten="250,250,250,250" oya="0" hai0="94,75,123,80,117,48,76,130,135,119,19,49,17" hai1="38,9,62,41,86,34,88,10,93,107,51,92,43" hai2="112,73,28,60,52,90,27,69,39,6,31,5,33" hai3="106,74,14,61,83,103,40,37,91,127,50,22,121"/><T84/><D123/><U12/><E34/><V54/><F112/><W79/><G127/><T44/><D130/><U82/><E107/><V8/><F39/><W85/><G37/><T89/><D135/><U81/><E38/><V128/><F128/><W15/><G121/><T133/><D133/><U68/><E9/><V67/><F73/><W111/><G111/><T64/><D64/><U132/><E132/><V25/><F90/><W116/><G116/><T4/><D4/><U29/><E29/><V113/><F113/><W20/><G61/><T131/><D131/><U35/><E35/><V115/><F115/><W108/><G108/><T0/><D0/><U105/><E105/><V3/><REACH who="2" step="1"/><F5/><REACH who="2" ten="250,250,240,250" step="2"/><W70/><G74/><T126/><D117/><U2/><E88/><V122/><F122/><W134/><G91/><T58/><D119/><U97/><E81/><V78/><F78/><W118/><G83/><T102/><D75/><U30/><E82/><V65/><F65/><W124/><G79/><T36/><D36/><U66/><E66/><V26/><F26/><W46/><G134/><T16/><D76/><U56/><E86/><V63/><F63/><W87/><G118/><T53/><D126/><U100/><E62/><V42/><F42/><W98/><G124/><T129/><D129/><U99/><E43/><V95/><F95/><W21/><G70/><T1/><D80/><U110/><E68/><V13/><F13/><W109/><G109/><T45/><D1/><U125/><E110/><V101/><F101/><W57/><G57/><N who="0" m="32935" /><D102/><N who="1" m="60711" /><E125/><V55/><F55/><AGARI ba="0,1" hai="16,17,19,44,45,49,55,58,84,89,94" m="32935" machi="55" ten="30,2900,0" yaku="8,1,54,1" doraHai="96" who="0" fromWho="2" sc="250,39,250,0,240,-29,250,0" /><INIT seed="0,1,0,2,4,84" ten="289,250,211,250" oya="0" hai0="108,19,21,38,70,31,43,32,133,80,96,98,73" hai1="103,33,29,36,90,26,4,8,129,14,89,113,121" hai2="42,87,23,2,86,59,17,69,11,102,51,53,39" hai3="105,50,48,57,83,100,22,68,125,40,118,35,71"/><T101/><D70/><U112/><E121/><V47/><F102/><W13/><G118/><T92/><D133/><U72/><E72/><V122/><F122/><W95/><G105/><T34/><D31/><U45/><E103/><V94/><F2/><W85/><G35/><T15/><D73/><U9/><E129/><V126/><F126/><W106/><G106/><T99/><D108/><U109/><E109/><V79/><F11/><W25/><G40/><T46/><D98/><U77/><E77/><V63/><F79/><W88/><G13/><T24/><D80/><U124/><E124/><V131/><F131/><W44/><G57/><T119/><D119/><U93/><E93/><V0/><F0/><W60/><G60/><T104/><REACH who="0" step="1"/><D15/><REACH who="0" ten="279,250,211,250" step="2"/><U20/><E33/><V130/><F130/><W64/><G125/><T135/><D135/><U97/><E97/><V110/><F110/><W132/><G132/><T82/><D82/><U62/><E9/><V76/><F76/><W7/><G68/><T65/><D65/><U61/><E113/><V75/><F75/><W18/><G64/><T3/><D3/><U49/><E112/><V56/><F94/><W54/><G71/><T41/><D41/><N who="1" m="24751" /><E36/><V10/><F69/><W111/><G111/><T114/><D114/><U58/><E61/><V6/><F39/><W81/><G81/><T74/><D74/><U67/><AGARI ba="1,1" hai="4,8,14,20,26,29,58,62,67,89,90" m="24751" machi="67" ten="30,4000,0" yaku="8,1,52,2" doraHai="84" who="1" fromWho="1" sc="279,-21,250,53,211,-11,250,-11" /><INIT seed="1,0,0,3,5,48" ten="258,303,200,239" oya="1" hai0="97,89,63,71,87,95,84,30,96,51,128,121,98" hai1="91,110,21,34,74,118,93,65,37,101,64,15,44" hai2="130,76,120,131,20,50,111,100,39,92,23,114,45" hai3="24,54,122,104,26,58,0,73,82,7,18,109,3"/><U27/><E118/><V116/><F120/><W124/><G122/><T2/><D121/><U126/><E74/><V1/><F116/><W28/><G104/><T57/><D2/><U38/><E101/><V36/><F1/><W127/><G109/><T135/><D71/><U5/><E110/><V133/><F111/><W119/><G119/><T79/><D30/><U11/><E34/><V42/><F76/><N who="3" m="44303" /><G18/><T32/><D32/><U40/><E37/><V47/><F133/><W134/><G134/><T85/><D135/><U105/><E126/><N who="3" m="48170" /><G7/><T86/><D128/><N who="2" m="49194" /><F114/><W80/><G80/><N who="0" m="47135" /><D51/><U33/><E33/><V55/><F39/><W99/><G99/><AGARI ba="0,0" hai="20,23,36,42,45,47,50,55,92,99,100" m="49194" machi="99" ten="30,2000,0" yaku="19,1,52,1" doraHai="48" who="2" fromWho="3" sc="258,0,303,0,200,20,239,-20" /><INIT seed="2,0,0,3,0,89" ten="258,303,220,219" oya="2" hai0="86,29,43,128,46,39,131,3,70,56,35,84,1" hai1="31,114,116,126,28,91,112,24,55,134,113,127,79" hai2="90,38,48,64,7,71,5,105,76,37,26,10,58" hai3="101,8,129,111,62,117,80,18,19,99,83,115,22"/><V107/><F71/><W66/><G111/><T4/><D70/><U81/><E116/><V41/><F76/><W69/><G117/><T16/><D56/><U30/><E134/><V104/><F26/><W14/><G129/><N who="0" m="49739" /><D4/><U77/><E55/><V106/><N who="2" m="26624" /><DORA hai="100" /><V123/><F123/><W74/><G115/><T97/><D97/><U92/><E24/><V94/><F41/><W95/><REACH who="3" step="1"/><G74/><REACH who="3" ten="258,303,220,209" step="2"/><T87/><D35/><U42/><E113/><V61/><F48/><W59/><G59/><T63/><D63/><U122/><E114/><V103/><F103/><W102/><G102/><T25/><D29/><U17/><E28/><V51/><F51/><W119/><G119/><T57/><D57/><U34/><E30/><V0/><REACH who="2" step="1"/><F5/><REACH who="2" ten="258,303,210,209" step="2"/><W27/><AGARI ba="0,2" hai="8,14,18,19,22,27,62,66,69,80,83,95,99,101" machi="27" ten="20,5200,0" yaku="1,1,0,1,7,1,52,1,53,0" doraHai="89,100" doraHaiUra="109,47" who="3" fromWho="3" sc="258,-13,303,-13,210,-26,209,72" /><INIT seed="3,0,0,1,3,78" ten="245,290,184,281" oya="3" hai0="116,120,84,97,24,8,130,117,133,2,122,42,104" hai1="64,23,89,134,115,25,34,59,111,41,18,112,81" hai2="14,109,90,50,54,40,51,49,87,85,108,6,105" hai3="94,11,52,65,3,35,114,36,10,55,62,43,110"/><W30/><G114/><T0/><D42/><U70/><E70/><V101/><F40/><W15/><G110/><N who="2" m="42601" /><F54/><W99/><G3/><T83/><D24/><U131/><E111/><V102/><F105/><W73/><G73/><T7/><D2/><U135/><E34/><V47/><F47/><W33/><G43/><T100/><D130/><U86/><E131/><V91/><F14/><W113/><G113/><T68/><D68/><U63/><E41/><V125/><F6/><W19/><G10/><T27/><D27/><U96/><E96/><V92/><F125/><W38/><G55/><T32/><D32/><U128/><E128/><V129/><F129/><W124/><G124/><T95/><D104/><U103/><E103/><N who="2" m="39435" /><F92/><W37/><G52/><T76/><REACH who="0" step="1"/><D133/><AGARI ba="0,0" hai="18,23,25,59,63,64,81,86,89,112,115,133,134,135" machi="133" ten="40,2600,0" yaku="20,1,52,1" doraHai="78" who="1" fromWho="0" sc="245,-26,290,26,184,0,281,0" owari="219,-18.1,316,41.6,184,-31.6,281,8.1" /></mjloggm>