<mjloggm ver="2.3"><GO type="225" lobby="0"/><UN n0="%E3%81%8F%E3%81%BE%E3%81%96%E3%82%8F" n1="%6E%69%63%6F%6E%74%6F" n2="%6D%75%75%6D%75%72%61" n3="%E5%A0%80%E5%B7%9D%E9%9B%B7%E9%BC%93" dan="16,17,17,16" rate="2055.95,2131.53,2186.91,2077.24" sx="M,M,F,F"/><TAIKYOKU oya="0"/><INIT seed="0,0,0,2,1,58" ten="250,250,250,250" oya="0" hai0="120,65,55,77,106,34,29,92,101,6,16,5,100" hai1="72,43,42,119,113,40,93,111,123,133,131,117,107" hai2="103,7,109,134,47,3,12,89,108,64,110,102,21" hai3="130,121,36,31,46,112,35,30,74,96,45,66,38"/><T63/><D120/><U129/><E72/><V25/><F134/><W132/><G74/><T104/><D77/><U41/><N who="1" m="10240" /><DORA hai="24" /><U39/><E93/><V91/><F47/><W84/><G35/><T33/><D55/><U11/><E11/><N who="2" m="4223" /><F64/><W2/><G2/><T18/><D63/><U69/><E107/><V57/><F57/><W73/><G73/><T22/><D22/><U44/><E123/><V95/><F3/><W62/><G112/><T0/><D92/><U14/><E14/><V15/><F15/><W79/><G121/><T37/><D29/><N who="3" m="10761" /><G36/><T1/><REACH who="0" step="1"/><D65/><REACH who="0" ten="240,250,250,250" step="2"/><U98/><E113/><V52/><F52/><W75/><G38/><AGARI ba="0,1" hai="0,1,5,6,16,18,33,34,37,38,100,101,104,106" machi="38" ten="25,18000,2" yaku="1,1,2,1,22,2,54,1,53,2" doraHai="58,24" doraHaiUra="127,13" who="0" fromWho="3" sc="240,190,250,0,250,0,250,-180" /><INIT seed="0,1,0,3,0,41" ten="430,250,250,70" oya="0" hai0="23,53,125,1,21,85,46,127,107,117,56,10,132" hai1="0,30,32,27,83,124,15,34,97,36,61,44,29" hai2="135,59,9,100,88,5,101,119,71,110,121,19,108" hai3="105,104,133,55,134,87,63,118,45,72,90,48,76"/><T130/><D117/><U28/><E124/><N who="0" m="47689" /><D107/><U122/><E122/><V103/><F121/><W4/><G118/><T82/><D130/><U74/><E0/><V6/><F71/><W99/><G4/><N who="0" m="1295" /><D132/><N who="3" m="50793" /><G99/><T69/><D69/><U31/><E15/><N who="2" m="7663" /><F135/><W70/><G76/><N who="0" m="46279" /><D46/><U64/><E97/><V91/><F119/><W120/><G72/><T60/><AGARI ba="1,0" hai="21,23,53,56,60" m="46279,1295,47689" machi="60" ten="30,1500,0" yaku="18,1" doraHai="41" who="0" fromWho="0" sc="430,18,250,-6,250,-6,70,-6" /><INIT seed="0,2,0,2,4,78" ten="448,244,244,64" oya="0" hai0="83,51,27,111,52,32,101,7,95,128,75,135,76" hai1="9,47,23,129,94,4,93,89,16,50,72,19,80" hai2="38,87,115,58,62,21,133,1,37,124,26,41,12" hai3="10,122,71,25,46,39,44,132,100,82,35,92,33"/><T59/><D128/><U130/><E72/><V117/><F1/><W127/><G71/><T34/><D135/><U97/><E94/><V85/><F115/><W57/><G132/><T45/><D111/><U63/><E63/><V105/><F105/><W96/><G127/><T61/><D7/><U107/><E107/><V119/><F124/><W28/><G122/><T55/><REACH who="0" step="1"/><D27/><REACH who="0" ten="438,244,244,64" step="2"/><U86/><E130/><V103/><F133/><W98/><G33/><T79/><D79/><N who="1" m="46367" /><E129/><V43/><F26/><W90/><G39/><T84/><D84/><U0/><E0/><V18/><F87/><W66/><G10/><T36/><D36/><U64/><E64/><V126/><F85/><W3/><G3/><T106/><D106/><U134/><E134/><V40/><F126/><W24/><G24/><T112/><D112/><U110/><E110/><V113/><F37/><W67/><G82/><T77/><D77/><U70/><E70/><V20/><F38/><W56/><G67/><T65/><D65/><U22/><E4/><V120/><F113/><W13/><G13/><T6/><D6/><U42/><E9/><N who="2" m="6415" /><F120/><W14/><G14/><T17/><D17/><AGARI ba="2,1" hai="16,17,19,22,23,42,47,50,89,93,97" m="46367" machi="17" ten="30,3900,0" yaku="8,1,52,1,54,1" doraHai="78" who="1" fromWho="0" sc="438,-45,244,55,244,0,64,0" /><INIT seed="1,0,0,2,4,65" ten="393,299,244,64" oya="1" hai0="29,9,117,69,74,101,127,45,80,67,99,72,82" hai1="76,109,1,23,55,0,25,20,66,44,113,62,56" hai2="83,110,6,78,50,95,100,118,135,86,73,53,92" hai3="31,107,108,38,12,103,13,120,11,129,17,125,4"/><U8/><E113/><V97/><F118/><W43/><G103/><T60/><D117/><U28/><E109/><V30/><F110/><W41/><G41/><T122/><D127/><U2/><E76/><V35/><F135/><W24/><G43/><T75/><D122/><U36/><E36/><V37/><F37/><W21/><G107/><N who="0" m="63935" /><D9/><U116/><E116/><V87/><F6/><W123/><G38/><T93/><D93/><U126/><E126/><V84/><F35/><W94/><G94/><T14/><D14/><U63/><E8/><V130/><F30/><W133/><G125/><T128/><D45/><U51/><REACH who="1" step="1"/><E63/><REACH who="1" ten="393,289,244,64" step="2"/><V57/><F130/><W134/><G108/><T47/><D128/><U124/><E124/><V70/><REACH who="2" step="1"/><F92/><REACH who="2" ten="393,289,234,64" step="2"/><W32/><REACH who="3" step="1"/><G129/><REACH who="3" ten="393,289,234,54" step="2"/><T54/><D75/><U132/><E132/><AGARI ba="0,3" hai="4,11,12,13,17,21,24,31,32,120,123,132,133,134" machi="132" ten="40,12000,2" yaku="1,1,2,1,20,1,34,3,53,1" doraHai="65" doraHaiUra="3" who="3" fromWho="1" sc="393,0,289,-120,234,0,54,150" /><INIT seed="2,0,0,4,1,70" ten="393,169,234,204" oya="2" hai0="110,13,53,83,26,113,36,124,122,5,54,73,107" hai1="51,109,23,19,121,94,32,82,86,7,112,1,135" hai2="52,106,56,62,2,74,71,11,84,63,96,101,68" hai3="116,34,93,4,41,0,6,49,81,133,8,24,130"/><V118/><F74/><W66/><G116/><T42/><D113/><U114/><E51/><V111/><F118/><W37/><G133/><T132/><D122/><U31/><E94/><V123/><F123/><W67/><G130/><T44/><D107/><U95/><E95/><V35/><F35/><W88/><G6/><T119/><D119/><U104/><E104/><V89/><F111/><W17/><G49/><T18/><D110/><U14/><E82/><V75/><F75/><W45/><G81/><T90/><D132/><U102/><E86/><V127/><F127/><W27/><G24/><T57/><D26/><N who="1" m="18551" /><E102/><V9/><F2/><W128/><G128/><T16/><D54/><U80/><E80/><V46/><F46/><W87/><REACH who="3" step="1"/><G17/><REACH who="3" ten="393,169,234,194" step="2"/><T78/><D18/><N who="1" m="10711" /><E109/><V43/><F43/><W59/><G59/><T77/><D57/><U126/><E135/><V10/><F71/><W20/><G20/><T30/><D16/><U117/><E121/><V15/><F68/><W48/><G48/><T85/><D83/><U98/><E117/><V22/><F63/><W69/><G69/><T103/><D5/><U3/><E126/><V134/><F134/><W12/><G12/><T25/><D124/><U64/><E3/><V40/><F40/><W79/><G79/><T125/><D77/><U55/><E19/><V21/><F62/><W39/><G39/><T47/><D78/><U58/><E64/><V28/><F56/><W29/><AGARI ba="0,1" hai="0,4,8,27,29,34,37,41,45,66,67,87,88,93" machi="29" ten="30,7900,0" yaku="1,1,0,1,52,1,54,1,53,0" doraHai="70" doraHaiUra="105" who="3" fromWho="3" sc="393,-20,169,-20,234,-39,194,89" /><INIT seed="3,0,0,2,1,132" ten="373,149,195,283" oya="3" hai0="116,111,75,24,51,86,64,14,25,124,107,17,63" hai1="59,65,12,125,133,33,78,135,39,6,95,50,100" hai2="114,11,87,45,58,80,83,98,49,29,115,0,81" hai3="7,97,31,105,91,1,99,90,34,108,28,18,68"/><W38/><G38/><T61/><D75/><U92/><E33/><V131/><F131/><W126/><G68/><T9/><D116/><U134/><E39/><V73/><F73/><W5/><G18/><T103/><D63/><N who="1" m="38143" /><E78/><V48/><F29/><W93/><G105/><T79/><D25/><U3/><E3/><V54/><F87/><W46/><G46/><T32/><D111/><U60/><E100/><V117/><F117/><W19/><G19/><T23/><D51/><U130/><E130/><V8/><F98/><W15/><G15/><T88/><D9/><N who="1" m="4151" /><E50/><V36/><F36/><W22/><G22/><T67/><D24/><U35/><E35/><V127/><F0/><W128/><G34/><T121/><D86/><U102/><E60/><V113/><F11/><W123/><G1/><T82/><D32/><U112/><E112/><V55/><F8/><W42/><G128/><T30/><D30/><U10/><E10/><V84/><F84/><W40/><G93/><N who="1" m="35914" /><E102/><V101/><F101/><W118/><G118/><T104/><D104/><U4/><E4/><V74/><F74/><W53/><G53/><T76/><D14/><U85/><E85/><V20/><F20/><W62/><G62/><T89/><D17/><U56/><E56/><V96/><F58/><W27/><G27/><T70/><D61/><U2/><E2/><V57/><F57/><W13/><G13/><T129/><D23/><U71/><E71/><V110/><F113/><W119/><G119/><T109/><D70/><U37/><E37/><V26/><F114/><W122/><G108/><T69/><D109/><RYUUKYOKU ba="0,0" sc="373,-15,149,15,195,-15,283,15" hai1="125,133,134,135" hai3="5,7,28,31,40,42,90,91,97,99,122,123,126" /><INIT seed="3,1,0,1,0,46" ten="358,164,180,298" oya="3" hai0="125,98,40,68,43,24,18,130,112,32,49,134,81" hai1="63,80,87,2,99,103,91,33,44,10,69,66,79" hai2="120,74,105,41,61,51,27,22,132,95,3,117,47" hai3="34,135,119,71,109,107,1,129,127,21,104,84,92"/><W57/><RYUUKYOKU type="yao9" ba="1,0" sc="358,0,164,0,180,0,298,0" hai3="1,21,34,57,71,84,92,104,107,109,119,127,129,135" /><INIT seed="3,2,0,4,2,54" ten="358,164,180,298" oya="3" hai0="115,31,41,79,35,126,24,34,93,42,0,16,80" hai1="9,36,78,70,21,13,61,96,83,23,102,26,112" hai2="67,56,66,122,113,30,3,52,43,14,7,62,110" hai3="104,19,90,27,53,60,111,4,68,117,95,76,10"/><W132/><G104/><T46/><D126/><U48/><E112/><V128/><F113/><W45/><G117/><T81/><D115/><U59/><E36/><V92/><F110/><W12/><G132/><T8/><D93/><N who="1" m="58639" /><E70/><V121/><F3/><W74/><G111/><T127/><D41/><U103/><E103/><V28/><F128/><W120/><G120/><N who="2" m="46185" /><F43/><W55/><G74/><T98/><D98/><U44/><E83/><V18/><F92/><W37/><G76/><T25/><D16/><U91/><E78/><V69/><F7/><W64/><G37/><T99/><D25/><U86/><E86/><V15/><F15/><W119/><G45/><T101/><D127/><U72/><E91/><V11/><F67/><W65/><G65/><T75/><D35/><U51/><E72/><V135/><F135/><W50/><G50/><AGARI ba="2,0" hai="11,14,18,28,30,50,52,56,62,66,69" m="46185" machi="50" ten="30,3900,0" yaku="13,1,52,1,54,1" doraHai="54" who="2" fromWho="3" sc="358,0,164,0,180,45,298,-45" owari="358,45.8,164,-33.6,225,-17.5,253,5.3" /></mjloggm>