<mjloggm ver="2.3"><GO type="225" lobby="0"/><UN n0="%45%6C%79%73%69%75%6D" n1="%5C%28%E2%89%A7%E2%96%BD%E2%89%A6%29%2F" n2="%30%2E%31%32%30" n3="%E3%81%BF%E3%81%BF%E3%81%9A" dan="17,16,16,16" rate="2118.31,2031.88,2074.58,2156.21" sx="F,M,M,M"/><TAIKYOKU oya="0"/><INIT seed="0,0,0,3,0,99" ten="250,250,250,250" oya="0" hai0="58,117,103,50,110,45,119,52,68,21,0,90,83" hai1="81,121,53,127,41,67,79,66,114,13,123,23,38" hai2="2,97,4,78,76,107,91,77,75,54,113,44,108" hai3="35,89,59,95,109,55,133,128,135,5,8,93,11"/><T125/><D68/><U80/><E23/><V26/><F113/><W46/><G35/><T115/><D115/><U126/><E13/><V61/><F108/><W37/><G109/><T47/><D0/><U82/><E114/><V132/><F132/><N who="3" m="50763" /><G128/><T60/><D110/><U106/><E106/><V102/><F26/><W56/><G89/><T6/><D6/><U94/><E94/><N who="3" m="35850" /><G11/><T29/><D125/><N who="1" m="47627" /><E79/><V74/><F91/><W17/><G17/><T73/><D119/><U112/><E112/><V9/><REACH who="2" step="1"/><F61/><REACH who="2" ten="250,250,240,250" step="2"/><W122/><G122/><T57/><D90/><U65/><E123/><V27/><F27/><W84/><G84/><T64/><D60/><U104/><E121/><V63/><F63/><W70/><G70/><T116/><D116/><U25/><E25/><V10/><F10/><W20/><G20/><T33/><D21/><U72/><E72/><V88/><F88/><W118/><G118/><T34/><D73/><U134/><E134/><V14/><F14/><N who="3" m="5391" /><G37/><T43/><D117/><U12/><E12/><V51/><AGARI ba="0,1" hai="2,4,9,44,51,54,74,75,76,77,78,97,102,107" machi="51" ten="30,7900,0" yaku="1,1,0,1,52,1,53,1" doraHai="99" doraHaiUra="49" who="2" fromWho="2" sc="250,-39,250,-20,240,89,250,-20" /><INIT seed="1,0,0,0,4,122" ten="211,230,329,230" oya="1" hai0="108,62,11,61,31,68,111,20,18,24,95,120,58" hai1="72,6,65,53,98,41,50,4,107,19,38,88,93" hai2="83,100,132,78,29,124,85,12,44,86,14,10,75" hai3="51,104,131,63,13,1,97,36,77,94,15,43,42"/><U54/><E72/><V35/><F132/><W101/><G1/><T37/><D37/><U90/><E107/><V123/><F124/><W127/><G36/><T106/><D106/><U102/><E38/><V80/><F123/><W56/><G127/><T105/><D105/><U45/><E65/><V135/><F135/><W89/><G77/><T92/><D120/><U25/><E41/><V134/><F134/><W116/><G116/><T91/><D68/><U26/><E54/><V121/><F121/><W81/><G131/><T115/><D115/><U22/><REACH who="1" step="1"/><E25/><REACH who="1" ten="211,220,329,230" step="2"/><V49/><F75/><W126/><G126/><T110/><D91/><AGARI ba="0,1" hai="4,6,19,22,26,45,50,53,88,90,91,93,98,102" machi="91" ten="40,12000,1" yaku="1,1,2,1,8,1,54,1,53,0" doraHai="122" doraHaiUra="69" who="1" fromWho="0" sc="211,-120,220,130,329,0,230,0" /><INIT seed="1,1,0,1,1,76" ten="91,350,329,230" oya="1" hai0="117,52,14,7,80,128,83,67,110,120,13,45,2" hai1="105,15,50,127,112,84,38,37,75,26,87,48,46" hai2="43,82,88,93,59,1,5,97,123,115,66,12,73" hai3="116,71,16,44,124,63,103,61,126,35,92,3,135"/><U72/><E15/><V55/><F123/><W25/><G3/><T9/><D117/><U54/><E26/><V98/><F115/><W8/><G116/><T51/><D120/><U36/><E112/><V34/><F34/><W109/><G109/><T79/><D110/><U41/><E105/><V11/><F66/><W122/><G122/><T108/><D108/><U94/><E127/><V62/><F43/><W70/><G44/><T89/><D128/><U132/><E132/><V47/><F47/><W23/><G8/><T0/><D67/><U77/><E87/><V69/><F69/><W24/><G135/><T134/><D134/><U91/><REACH who="1" step="1"/><E77/><REACH who="1" ten="91,340,329,230" step="2"/><V53/><F1/><W40/><G25/><T65/><D13/><U85/><E85/><N who="2" m="50231" /><F73/><W102/><G124/><T111/><D111/><U104/><E104/><V78/><F78/><W49/><G126/><T90/><D65/><U29/><E29/><V4/><F4/><W56/><G35/><T6/><D6/><U81/><E81/><V64/><F98/><W121/><G121/><T113/><D113/><U133/><E133/><V31/><F31/><W131/><G131/><T27/><D27/><U42/><E42/><V10/><F10/><W125/><G125/><T95/><D80/><U74/><E74/><V19/><F5/><W118/><G118/><T99/><REACH who="0" step="1"/><D90/><AGARI ba="1,1" hai="11,12,19,53,55,59,62,64,90,93,97" m="50231" machi="90" ten="30,3900,0" yaku="8,1,52,1,54,1" doraHai="76" who="2" fromWho="0" sc="91,-42,340,0,329,52,230,0" /><INIT seed="2,0,0,2,1,72" ten="49,340,381,230" oya="2" hai0="91,59,108,70,83,37,61,76,74,31,99,89,48" hai1="26,25,28,41,109,73,87,55,117,22,14,135,119" hai2="133,102,57,124,96,112,43,80,95,5,82,46,103" hai3="39,63,47,7,78,34,84,9,93,16,53,27,66"/><V123/><F123/><W49/><G39/><T107/><D37/><U79/><E73/><V21/><F112/><W120/><G120/><T86/><D108/><U29/><E109/><V4/><F133/><W128/><G128/><T2/><D2/><U42/><E135/><V111/><F111/><W62/><G34/><T127/><D127/><U88/><E14/><V36/><F124/><W58/><G63/><T17/><D70/><U8/><E8/><V32/><F32/><W75/><G75/><T131/><D131/><U130/><E130/><V77/><F103/><W125/><G125/><T24/><D17/><U134/><E134/><V50/><F21/><W129/><G129/><T52/><D74/><U13/><E13/><V23/><F23/><W114/><G114/><T85/><D85/><U0/><E0/><V35/><F35/><W19/><G27/><T33/><REACH who="0" step="1"/><D48/><REACH who="0" ten="39,340,381,230" step="2"/><U122/><E87/><N who="2" m="48527" /><F36/><W115/><G115/><T40/><D40/><U105/><E42/><V118/><F118/><W94/><G19/><T90/><D90/><U18/><E41/><V132/><F132/><W54/><G16/><T56/><D56/><U100/><E88/><V64/><F82/><N who="3" m="47191" /><G7/><T3/><D3/><U116/><E119/><V10/><F5/><W44/><G9/><T71/><D71/><U110/><E117/><V104/><F4/><W60/><G47/><T68/><D68/><U121/><E116/><V45/><F10/><W1/><G1/><T51/><D51/><U65/><E121/><V98/><F50/><W12/><G12/><T69/><D69/><U81/><E122/><RYUUKYOKU ba="0,1" sc="39,15,340,-15,381,-15,230,15" hai0="24,31,33,52,59,61,76,83,86,89,91,99,107" hai3="44,49,53,54,58,60,62,66,93,94" /><INIT seed="3,1,1,2,5,62" ten="54,325,366,245" oya="3" hai0="23,29,38,99,70,26,103,131,68,27,86,12,126" hai1="75,76,34,113,96,21,71,120,111,60,57,47,95" hai2="9,42,87,105,32,61,46,81,89,82,10,63,90" hai3="45,5,128,107,7,85,80,121,79,56,112,19,18"/><W22/><G112/><T94/><D38/><U66/><E34/><V25/><F105/><W130/><G121/><T16/><D131/><N who="3" m="50217" /><G107/><T6/><D126/><U51/><E113/><V100/><F100/><W11/><G56/><T125/><D125/><U132/><E120/><V37/><F63/><W91/><G45/><T104/><D6/><U83/><E71/><V133/><F133/><W127/><G127/><T67/><D70/><U36/><E132/><V59/><F32/><W3/><G7/><T124/><D124/><U123/><E111/><V74/><F25/><W30/><G30/><T69/><D69/><U116/><E123/><V97/><F74/><N who="3" m="43127" /><G22/><T8/><D27/><U64/><E36/><V48/><F37/><W98/><G98/><T72/><D72/><U114/><E114/><V106/><F106/><W33/><G33/><T134/><D134/><U54/><E116/><V55/><F82/><AGARI ba="1,1" hai="3,5,11,18,19,82,85,91" m="43127,50217" machi="82" ten="30,1500,0" yaku="19,1" doraHai="62" who="3" fromWho="2" sc="54,0,325,0,366,-18,245,28" /><INIT seed="3,2,0,3,2,124" ten="54,325,348,273" oya="3" hai0="101,87,67,129,133,37,76,111,75,97,78,61,80" hai1="41,121,52,93,95,43,30,112,5,63,31,118,6" hai2="23,104,45,108,28,42,69,64,130,56,25,100,79" hai3="0,73,27,89,86,68,26,32,82,21,107,109,131"/><W17/><G68/><T19/><D37/><U91/><E121/><V49/><F130/><W57/><G0/><T7/><D7/><N who="1" m="2571" /><E112/><V36/><F108/><W9/><G107/><T65/><D65/><U54/><E118/><V15/><F79/><W90/><G109/><T66/><D66/><U47/><E95/><V110/><F110/><W96/><G73/><T70/><D111/><U44/><E44/><V120/><F120/><W14/><G131/><T2/><D2/><U58/><E54/><N who="2" m="31823" /><F15/><W4/><G32/><T16/><D129/><U55/><E55/><V105/><F100/><W123/><G123/><T114/><D133/><U59/><E59/><V85/><F85/><W33/><G33/><T98/><D114/><U116/><E116/><V13/><F13/><N who="3" m="5287" /><G57/><T50/><D50/><N who="1" m="26991" /><E43/><V113/><F113/><W39/><G39/><T128/><D128/><U38/><E38/><V11/><F11/><W48/><G48/><T117/><D117/><U115/><E115/><V88/><F105/><W34/><G34/><T135/><D135/><U99/><AGARI ba="2,0" hai="30,31,52,58,63,91,93,99" m="26991,2571" machi="99" ten="30,2000,0" yaku="8,1,54,1" doraHai="124" who="1" fromWho="1" sc="54,-7,325,26,348,-7,273,-12" owari="47,-45.3,351,45.1,341,14.1,261,-13.9" /></mjloggm>