<mjloggm ver="2.3"><GO type="225" lobby="0"/><UN n0="%E9%AC%BC%E7%95%9C%E7%B1%B3%E5%85%B5" n1="%E6%B4%BE%E9%81%A3%E3%81%AE%E3%82%B8%E3%83%A3%E3%83%83%E3%82%AF" n2="%6B%69%72%61%64%6F%6B%69" n3="%E3%81%BD%E3%82%8D" dan="17,17,16,16" rate="2183.70,2209.75,2110.61,2145.75" sx="M,M,M,M"/><TAIKYOKU oya="0"/><INIT seed="0,0,0,4,1,113" ten="250,250,250,250" oya="0" hai0="16,59,41,121,56,12,23,70,46,44,51,31,34" hai1="74,85,13,132,18,88,1,81,111,28,38,5,123" hai2="95,101,118,87,73,105,122,117,32,53,25,119,72" hai3="2,99,20,125,33,27,15,67,30,47,22,129,24"/><T9/><D70/><U103/><E123/><V82/><F122/><W61/><G2/><T128/><D121/><U131/><E38/><V55/><F105/><W66/><G125/><T64/><D128/><U17/><E131/><V106/><F106/><W62/><G129/><T90/><D34/><U71/><E71/><V57/><F101/><W39/><G99/><T42/><D64/><U110/><E132/><V52/><F95/><W97/><G97/><T48/><D90/><U65/><E65/><V83/><F57/><W21/><G15/><T133/><D133/><U120/><E120/><V109/><F109/><N who="1" m="41481" /><E103/><V78/><F83/><W108/><G108/><T26/><AGARI ba="0,0" hai="9,12,16,23,26,31,41,42,44,46,48,51,56,59" machi="26" ten="30,11700,0" yaku="0,1,9,1,8,1,54,1" doraHai="113" who="0" fromWho="0" sc="250,117,250,-39,250,-39,250,-39" /><INIT seed="0,1,0,1,0,117" ten="367,211,211,211" oya="0" hai0="28,6,0,4,105,91,22,108,86,34,60,58,76" hai1="126,20,85,70,11,59,99,30,35,63,88,25,8" hai2="114,134,97,115,17,92,62,82,132,29,31,26,131" hai3="1,19,67,95,122,102,38,107,90,45,83,15,113"/><T16/><D105/><U129/><E70/><V44/><F131/><W46/><G1/><T18/><D108/><U77/><E129/><V89/><F44/><W61/><G113/><T37/><D37/><U21/><E126/><V41/><F41/><W43/><G46/><T123/><D123/><U119/><E119/><V106/><F106/><W87/><G107/><T32/><D76/><U111/><E111/><V78/><F115/><W12/><G122/><T56/><D28/><U94/><E35/><V135/><F114/><W109/><G109/><T2/><D86/><U127/><E21/><N who="2" m="13615" /><F62/><W98/><REACH who="3" step="1"/><G19/><REACH who="3" ten="367,211,211,201" step="2"/><T112/><D112/><U75/><E127/><V40/><F40/><W51/><G51/><T103/><D18/><U72/><E72/><AGARI ba="1,1" hai="29,31,72,78,82,89,92,97,132,134,135" m="13615" machi="72" ten="30,1000,0" yaku="20,1" doraHai="117" who="2" fromWho="1" sc="367,0,211,-13,211,23,201,0" /><INIT seed="1,0,0,1,5,27" ten="367,198,234,201" oya="1" hai0="125,39,33,29,62,48,44,131,65,99,4,22,50" hai1="100,89,123,129,36,17,119,93,34,78,69,55,9" hai2="12,26,8,66,15,109,46,108,2,83,96,16,124" hai3="68,73,54,10,104,20,47,76,84,35,121,5,30"/><U42/><E119/><V115/><F66/><W111/><G68/><T70/><D125/><U67/><E123/><V38/><F124/><W90/><G111/><N who="2" m="42569" /><F115/><W91/><G121/><T43/><D131/><U105/><E129/><V117/><F117/><W82/><G35/><T116/><D116/><U56/><E78/><V95/><F83/><W14/><G104/><T11/><D33/><U23/><E34/><V77/><F77/><W135/><G135/><T113/><D113/><U13/><E69/><V28/><F38/><W58/><G47/><T110/><D99/><U101/><E105/><V52/><F2/><W120/><G120/><T127/><D127/><U37/><E67/><V87/><F12/><W122/><G122/><T59/><D70/><U114/><E114/><V51/><F87/><W74/><G73/><T19/><D110/><U118/><E118/><V102/><F26/><N who="3" m="16711" /><G74/><T132/><D132/><U31/><E37/><V75/><F75/><W134/><G134/><T130/><D130/><U94/><E36/><V7/><F28/><W88/><G76/><T61/><D29/><U97/><E93/><V3/><F3/><W79/><G79/><T21/><D39/><U81/><E81/><V53/><F53/><W72/><G72/><T32/><D65/><U41/><E41/><V86/><F86/><W57/><G54/><T98/><D43/><U85/><E85/><V1/><F1/><W63/><G63/><T24/><D61/><N who="1" m="35999" /><E42/><V18/><AGARI ba="0,0" hai="7,8,15,16,18,46,51,52,95,96,102" m="42569" machi="18" ten="30,4000,0" yaku="14,1,54,2" doraHai="27" who="2" fromWho="2" sc="367,-10,198,-20,234,40,201,-10" /><INIT seed="2,0,0,5,3,84" ten="357,178,274,191" oya="2" hai0="56,40,85,37,61,41,23,31,95,105,123,59,44" hai1="67,58,64,103,51,87,10,33,86,124,53,11,109" hai2="101,34,68,72,19,7,27,80,99,47,119,112,93" hai3="35,43,91,8,49,113,73,130,110,46,16,114,22"/><V50/><F112/><N who="3" m="43115" /><G110/><T134/><D105/><U26/><E109/><V30/><F119/><W20/><G73/><T127/><D123/><U60/><E124/><V120/><F120/><W128/><G35/><T3/><D3/><U107/><E107/><V38/><F68/><W83/><G8/><N who="1" m="3114" /><E33/><V89/><F7/><W78/><G91/><T42/><D37/><U21/><E103/><V117/><F19/><W131/><G16/><T15/><D31/><N who="1" m="17871" /><E64/><V92/><F38/><W129/><N who="3" m="32768" /><DORA hai="125" /><W111/><G111/><T63/><D23/><N who="3" m="8745" /><G83/><T126/><D127/><U6/><E6/><V71/><F117/><W90/><G90/><T0/><D126/><U100/><E100/><V115/><F115/><W55/><G78/><T82/><D82/><U79/><E79/><V135/><F72/><W32/><G32/><T1/><D85/><U70/><E70/><V57/><F71/><W94/><G94/><T52/><D95/><U12/><E12/><V108/><F108/><W77/><G77/><T2/><D15/><U81/><E81/><V122/><F80/><W98/><G98/><T88/><D88/><U17/><E17/><V116/><F92/><W5/><G5/><T106/><D106/><U28/><E28/><V74/><F30/><W96/><G96/><T36/><D2/><U102/><E102/><V29/><F101/><W45/><G45/><T9/><D1/><U54/><E67/><V133/><F74/><W118/><G118/><T48/><D0/><U75/><E75/><V65/><F116/><W18/><G18/><T121/><D44/><AGARI ba="0,0" hai="44,51,53,54,58,60,86,87" m="17871,3114" machi="44" ten="30,1000,0" yaku="8,1" doraHai="84,125" who="1" fromWho="0" sc="357,-10,178,10,274,0,191,0" /><INIT seed="3,0,0,2,1,84" ten="347,188,274,191" oya="3" hai0="62,0,43,115,16,58,17,114,44,26,40,14,113" hai1="96,19,51,103,130,28,4,88,29,111,20,99,122" hai2="2,57,71,120,110,83,72,85,32,34,106,76,39" hai3="79,133,127,109,54,59,98,107,31,108,102,49,68"/><W13/><G68/><T5/><D0/><U129/><E122/><V77/><F57/><W52/><G31/><N who="1" m="11850" /><E111/><N who="3" m="42570" /><G127/><T132/><D132/><U78/><E78/><V105/><F110/><W55/><G79/><T118/><D118/><U23/><E4/><V97/><F120/><W1/><G1/><T50/><D43/><U135/><E135/><V128/><F128/><N who="1" m="49257" /><E51/><V92/><F39/><W126/><G126/><T119/><D119/><U38/><E38/><V45/><F45/><W80/><G80/><T36/><D36/><U67/><E67/><V112/><F32/><W42/><G133/><T15/><D26/><U65/><E65/><V37/><F34/><W33/><G33/><T74/><D74/><U24/><E103/><N who="2" m="60839" /><F37/><W6/><G42/><T121/><D121/><U73/><E73/><V70/><F71/><W134/><G134/><T21/><D5/><U90/><E23/><V35/><F35/><W100/><G102/><T89/><D15/><U82/><E82/><N who="2" m="47303" /><F70/><W87/><G87/><T123/><D123/><U91/><AGARI ba="0,0" hai="19,20,24,88,90,91,96,99" m="49257,11850" machi="91" ten="40,8000,1" yaku="19,1,52,3,54,1" doraHai="84" who="1" fromWho="1" sc="347,-20,188,80,274,-20,191,-40" owari="327,42.7,268,6.8,254,-14.6,151,-34.9" /></mjloggm>