<mjloggm ver="2.3"><GO type="225" lobby="0"/><UN n0="%E3%83%8F%E3%83%B3%E3%83%89%E3%83%A9%E3%83%BC%E3%83%BB%E3%83%AF%E3%83%B3" n1="%74%61%6B%75%61%6B%61" n2="%72%65%6E%6B%75%6E" n3="%E3%81%BF%E3%81%BF%E3%81%9A" dan="16,16,17,17" rate="2146.83,2120.47,2217.52,2251.07" sx="M,M,M,M"/><TAIKYOKU oya="0"/><INIT seed="0,0,0,3,0,70" ten="250,250,250,250" oya="0" hai0="22,17,16,45,4,86,123,67,118,82,58,72,62" hai1="10,23,128,35,102,119,11,51,49,135,36,132,77" hai2="21,83,57,3,46,27,29,96,66,89,26,34,40" hai3="54,8,75,100,48,121,56,87,130,24,59,98,94"/><T76/><D118/><U125/><E35/><V93/><F3/><W61/><G75/><T84/><D123/><U122/><E122/><V101/><F66/><W104/><G121/><T99/><D4/><U31/><E119/><V108/><F108/><W113/><G113/><T9/><D99/><U90/><E128/><V60/><F60/><W63/><G130/><T95/><D95/><U65/><E102/><V0/><F0/><W114/><G114/><T107/><D107/><U71/><E77/><V103/><F57/><W106/><G8/><T120/><D120/><U50/><E90/><V80/><F101/><W13/><G13/><T117/><D117/><U33/><E33/><V116/><F89/><W43/><G87/><T32/><D32/><U133/><E125/><V126/><F126/><W30/><G63/><T19/><D9/><N who="1" m="3083" /><E71/><V124/><F124/><W105/><G43/><T85/><REACH who="0" step="1"/><D45/><REACH who="0" ten="240,250,250,250" step="2"/><U79/><E132/><V18/><REACH who="2" step="1"/><F116/><REACH who="2" ten="240,250,240,250" step="2"/><W37/><G105/><T64/><D64/><U127/><E65/><V12/><F12/><AGARI ba="0,2" hai="12,16,17,19,22,58,62,67,72,76,82,84,85,86" machi="12" ten="40,3900,0" yaku="1,1,54,1,53,0" doraHai="70" doraHaiUra="69" who="0" fromWho="2" sc="240,59,250,0,240,-39,250,0" /><INIT seed="0,1,0,4,0,117" ten="299,250,201,250" oya="0" hai0="54,89,55,68,134,10,103,135,27,104,80,66,0" hai1="34,5,67,7,84,21,123,130,4,90,41,50,24" hai2="43,39,15,87,56,70,119,16,45,65,36,8,9" hai3="51,92,85,115,133,35,14,105,121,88,111,122,75"/><T28/><D103/><U31/><E130/><V19/><F119/><W78/><G115/><T101/><D101/><U116/><E116/><V18/><F70/><W61/><G35/><T48/><D104/><U12/><E123/><N who="3" m="47114" /><G111/><T120/><D120/><U95/><E67/><V42/><F87/><W62/><G105/><T94/><D80/><U81/><E95/><V58/><F65/><W59/><G133/><N who="0" m="50699" /><D66/><U124/><E124/><V32/><F32/><W131/><G131/><T91/><D68/><U127/><E127/><V33/><F33/><W97/><G75/><T57/><D94/><U99/><E99/><V46/><REACH who="2" step="1"/><F8/><REACH who="2" ten="299,250,191,250" step="2"/><W79/><G85/><T83/><D10/><N who="1" m="4167" /><E34/><V6/><AGARI ba="1,1" hai="6,9,15,16,18,19,36,39,42,43,45,46,56,58" machi="6" ten="30,7900,0" yaku="1,1,0,1,9,1,54,1,53,0" doraHai="117" doraHaiUra="63" who="2" fromWho="2" sc="299,-40,250,-21,191,92,250,-21" /><INIT seed="1,0,0,1,2,27" ten="259,229,283,229" oya="1" hai0="66,52,35,16,15,108,45,76,1,84,23,114,59" hai1="60,63,42,61,67,7,107,130,124,62,74,93,39" hai2="75,4,81,123,95,109,38,6,100,99,89,129,132" hai3="36,12,57,111,110,54,19,71,51,49,0,24,133"/><U3/><E107/><V31/><F123/><W21/><G36/><T86/><D114/><U118/><E118/><V85/><F38/><W25/><G0/><T2/><D35/><U87/><E74/><V91/><F129/><W116/><G116/><T68/><D108/><N who="3" m="41513" /><G133/><T134/><D134/><U102/><E130/><V26/><F132/><W121/><G121/><T56/><D68/><U46/><E124/><V92/><F109/><W104/><G71/><T40/><D66/><U127/><E127/><V90/><F75/><W135/><G135/><T33/><D33/><U122/><E122/><V97/><REACH who="2" step="1"/><F100/><REACH who="2" ten="259,229,273,229" step="2"/><W94/><G104/><T77/><D1/><U13/><E3/><V48/><F48/><N who="3" m="18507" /><G94/><T113/><D2/><U80/><E102/><V32/><AGARI ba="0,1" hai="4,6,26,31,32,81,85,89,90,91,92,95,97,99" machi="32" ten="20,12000,2" yaku="1,1,0,1,7,1,9,1,52,1,53,1" doraHai="27" doraHaiUra="20" who="2" fromWho="2" sc="259,-30,229,-60,273,130,229,-30" /><INIT seed="2,0,0,2,1,71" ten="229,169,403,199" oya="2" hai0="123,44,76,10,42,112,132,108,81,60,97,70,101" hai1="131,62,82,16,24,133,37,68,125,120,29,99,50" hai2="135,17,77,104,100,1,57,11,95,26,103,90,114" hai3="111,31,51,78,119,21,84,69,98,85,86,28,36"/><V23/><F114/><W88/><G119/><T75/><D123/><U115/><E115/><V83/><F135/><W33/><G36/><T87/><D112/><U130/><E133/><V2/><F104/><W96/><G69/><T105/><D132/><U134/><E134/><V15/><F57/><W122/><G33/><T25/><D108/><U89/><E125/><V32/><F32/><W9/><G122/><T106/><D25/><U59/><E120/><V91/><F2/><W116/><G116/><T80/><D10/><U35/><E68/><V22/><F1/><W124/><G124/><T19/><D19/><U43/><E50/><V74/><F23/><W14/><G111/><T53/><D106/><U129/><E16/><V27/><F27/><N who="3" m="16495" /><G31/><T93/><D105/><U54/><E99/><N who="3" m="37930" /><G78/><T66/><D53/><U47/><E82/><V34/><F34/><W18/><G51/><T61/><D61/><U67/><REACH who="1" step="1"/><E89/><AGARI ba="0,0" hai="9,14,18,84,85,86,88,89" m="37930,16495" machi="89" ten="30,2000,0" yaku="8,1,54,1" doraHai="71" who="3" fromWho="1" sc="229,0,169,-20,403,0,199,20" /><INIT seed="3,0,0,1,2,115" ten="229,149,403,219" oya="3" hai0="75,94,119,64,87,23,103,135,90,96,39,22,127" hai1="110,30,35,31,14,13,83,104,26,2,37,92,77" hai2="79,12,70,57,41,6,69,29,25,8,80,125,40" hai3="11,3,123,89,73,32,46,97,10,81,51,21,100"/><W58/><G32/><T122/><D119/><U72/><E104/><V68/><F125/><W66/><G123/><T109/><D39/><U108/><E37/><V36/><F36/><W1/><G1/><T131/><D122/><U107/><E107/><V0/><F0/><W91/><G73/><T63/><D109/><U88/><E2/><V15/><F15/><W78/><G3/><T45/><D75/><U50/><E30/><V60/><F80/><W43/><G78/><T5/><D131/><U42/><E42/><V113/><F79/><W76/><G76/><T117/><D117/><U4/><E50/><V95/><F95/><N who="3" m="58431" /><G21/><T133/><D5/><U24/><E24/><V16/><F6/><W86/><G91/><T65/><D45/><U84/><REACH who="1" step="1"/><E4/><REACH who="1" ten="229,139,403,219" step="2"/><V114/><F114/><W132/><G132/><T48/><D135/><U54/><E54/><V44/><F113/><W134/><G134/><T129/><D133/><U34/><E34/><V106/><F106/><W98/><G98/><T55/><D55/><U71/><E71/><V9/><F9/><W105/><G105/><T18/><D96/><U56/><E56/><V47/><F40/><W99/><G99/><T112/><D103/><U102/><E102/><V17/><F41/><W124/><G124/><T85/><D127/><U59/><E59/><V121/><F121/><W126/><G126/><T67/><D112/><U38/><E38/><V101/><F101/><W82/><G10/><T53/><D53/><U62/><E62/><V130/><F69/><W33/><G11/><T74/><D63/><U28/><E28/><RYUUKYOKU ba="0,1" sc="229,-10,139,30,403,-10,219,-10" hai1="13,14,26,31,35,72,77,83,84,88,92,108,110" owari="219,1.9,169,-33.1,403,50.3,209,-19.1" /></mjloggm>