<mjloggm ver="2.3"><GO type="225" lobby="0"/><UN n0="%E3%82%A2%E3%83%A1%E3%82%A2%E3%83%A9%E3%83%AC" n1="%61%6D%65%6B%69" n2="%E3%82%B7%E3%83%B3%E5%A4%AA%E6%9C%97" n3="%E3%81%A4%E3%81%A3%E3%81%B1%E3%82%8A%E3%83%9D%E3%83%BC%E3%83%AB" dan="16,16,16,17" rate="2164.69,2103.62,2152.02,2225.85" sx="M,M,M,M"/><TAIKYOKU oya="0"/><INIT seed="0,0,0,5,5,117" ten="250,250,250,250" oya="0" hai0="40,65,100,120,37,20,98,54,13,62,76,15,61" hai1="135,34,60,31,22,125,63,128,71,49,27,6,44" hai2="93,123,45,23,21,48,99,110,101,50,33,82,28" hai3="18,122,12,57,55,109,4,8,42,51,1,133,107"/><T91/><D120/><U95/><E128/><V73/><F110/><W134/><G109/><T112/><D112/><U7/><E125/><V11/><F123/><W116/><G116/><T78/><D91/><U66/><E135/><N who="3" m="51722" /><G107/><T114/><D114/><U69/><E95/><V75/><F33/><W29/><G29/><T35/><D35/><U131/><E131/><V24/><F50/><W121/><G42/><T59/><D40/><U113/><E113/><V46/><F45/><W43/><G43/><T52/><D37/><U30/><E30/><V105/><F105/><W106/><G106/><T108/><D108/><U129/><E129/><V86/><F21/><AGARI ba="0,0" hai="1,4,8,12,18,21,51,55,57,121,122" m="51722" machi="21" ten="30,3900,0" yaku="20,1,52,2" doraHai="117" who="3" fromWho="2" sc="250,0,250,0,250,-39,250,39" /><INIT seed="1,0,0,3,0,108" ten="250,250,211,289" oya="1" hai0="125,55,67,1,76,104,32,98,132,22,63,112,13" hai1="119,51,127,28,9,95,11,97,70,14,20,91,47" hai2="38,84,81,74,80,88,29,86,99,19,118,54,77" hai3="34,64,114,7,82,89,111,50,65,49,83,123,30"/><U52/><E119/><V116/><F38/><W105/><G105/><T87/><D1/><U93/><E70/><V15/><F29/><W16/><G123/><T122/><D32/><U66/><E66/><N who="3" m="25706" /><G34/><T4/><D132/><U6/><E127/><V27/><F27/><W23/><G114/><T0/><D0/><U46/><E11/><V71/><F71/><W31/><G7/><T56/><D125/><U69/><E69/><V60/><F99/><W117/><G111/><T131/><D131/><U128/><E128/><V10/><REACH who="2" step="1"/><F74/><REACH who="2" ten="250,250,201,289" step="2"/><W134/><G31/><T121/><D98/><U113/><E28/><V17/><F17/><W24/><G30/><T107/><D121/><U42/><E20/><V39/><F39/><W124/><G124/><T96/><D22/><U8/><E8/><V44/><F44/><W120/><G120/><T35/><D96/><U110/><E110/><V59/><AGARI ba="0,1" hai="10,15,19,54,59,60,77,80,81,84,86,88,116,118" machi="59" ten="30,4000,0" yaku="1,1,0,1,54,1,53,0" doraHai="108" doraHaiUra="129" who="2" fromWho="2" sc="250,-10,250,-20,201,50,289,-10" /><INIT seed="2,0,0,2,3,134" ten="240,230,251,279" oya="2" hai0="52,32,73,81,78,76,41,90,54,47,112,107,135" hai1="85,96,69,63,34,51,88,130,33,18,104,10,62" hai2="65,97,56,31,61,110,84,95,26,124,115,35,27" hai3="25,92,114,91,0,30,46,1,21,43,15,74,75"/><V50/><F115/><W132/><G132/><T83/><D112/><U80/><E130/><V2/><F2/><W87/><G114/><T82/><D135/><U6/><E18/><V36/><F36/><W42/><G42/><T111/><D111/><U129/><E129/><V7/><F7/><W106/><G106/><T117/><D117/><U100/><E51/><V128/><F128/><W8/><G1/><T29/><D107/><U9/><E9/><V48/><F110/><W28/><G28/><T133/><D133/><U122/><E122/><V55/><F124/><W37/><REACH who="3" step="1"/><G0/><REACH who="3" ten="240,230,251,269" step="2"/><T5/><D29/><U59/><E69/><V12/><F12/><W116/><G116/><T53/><D32/><U125/><E125/><V113/><F113/><W109/><G109/><T45/><D41/><U94/><E34/><V126/><F126/><W4/><AGARI ba="0,1" hai="4,8,15,21,25,30,37,43,46,74,75,87,91,92" machi="4" ten="20,2700,0" yaku="1,1,0,1,7,1,53,0" doraHai="134" doraHaiUra="44" who="3" fromWho="3" sc="240,-7,230,-7,251,-13,269,37" /><INIT seed="3,0,0,3,5,14" ten="233,223,238,306" oya="3" hai0="99,29,86,96,59,56,93,17,94,97,73,30,26" hai1="100,0,95,57,55,127,126,31,44,74,105,51,116" hai2="38,125,135,87,84,82,81,69,10,64,43,98,28" hai3="3,72,112,85,76,18,6,61,27,75,58,103,131"/><W24/><G112/><T88/><D73/><U92/><E74/><V121/><F121/><W108/><G3/><T67/><D94/><U66/><E0/><V42/><F28/><N who="0" m="10858" /><D67/><U122/><E122/><V115/><F115/><W102/><G75/><T119/><D119/><U101/><E31/><V32/><F32/><W83/><G72/><T45/><D45/><U54/><E66/><V4/><F98/><W134/><G103/><T124/><D124/><N who="1" m="47659" /><E116/><V19/><F125/><W107/><G102/><N who="1" m="39530" /><E105/><V48/><F64/><W53/><G107/><T23/><AGARI ba="0,0" hai="17,23,26,56,59,86,88,93,96,97,99" m="10858" machi="23" ten="30,4000,0" yaku="8,1,52,1,54,1" doraHai="14" who="0" fromWho="0" sc="233,40,223,-10,238,-10,306,-20" /><INIT seed="4,0,0,0,0,76" ten="273,213,228,286" oya="0" hai0="71,122,128,56,114,21,85,65,29,26,7,6,126" hai1="57,54,81,134,31,100,112,23,58,101,37,94,130" hai2="108,92,38,118,75,46,33,43,125,53,55,111,124" hai3="95,113,45,11,90,115,105,17,133,51,102,123,127"/><T66/><D122/><U2/><E2/><V62/><F75/><W8/><G133/><T18/><D71/><U5/><E37/><V117/><F92/><W19/><G102/><T39/><D39/><U34/><E34/><V87/><F87/><W99/><G105/><T61/><D114/><N who="3" m="43529" /><G127/><N who="2" m="48713" /><F33/><W79/><G79/><T74/><D74/><U49/><E112/><V82/><F82/><W97/><G97/><T1/><D1/><U68/><E134/><V98/><F98/><W50/><G50/><T32/><D128/><U73/><E130/><V28/><F28/><W42/><G123/><T41/><D66/><U25/><E5/><V15/><F15/><W4/><G8/><T70/><D41/><U110/><E110/><N who="2" m="42027" /><F62/><W63/><G63/><T84/><D126/><U129/><E129/><V9/><F9/><W40/><G11/><T10/><D10/><U59/><E101/><V69/><F69/><W14/><G14/><T48/><D85/><U132/><E68/><V13/><F13/><W131/><G4/><T88/><D70/><U104/><E104/><V35/><F35/><W106/><G106/><T44/><D29/><U116/><E132/><V119/><AGARI ba="0,0" hai="38,43,46,53,55,117,118,119" m="42027,48713" machi="119" ten="40,8000,1" yaku="12,1,18,1,34,2" doraHai="76" who="2" fromWho="2" sc="273,-40,213,-20,228,80,286,-20" owari="233,-16.7,193,-30.7,308,40.8,266,6.6" /></mjloggm>