<mjloggm ver="2.3"><GO type="225" lobby="0"/><UN n0="%E6%B8%A9%E2%98%85%E6%83%85%E2%98%85%E6%8E%AA%E2%98%85%E7%BD%AE" n1="%E3%81%A9%E3%82%8F%E3%82%93%E3%81%94" n2="%63%68%78%62%64" n3="%E3%82%B2%E3%82%B9%E8%8C%82%E5%8B%9D" dan="17,16,16,16" rate="2197.14,2087.78,2159.06,2094.35" sx="M,M,M,F"/><TAIKYOKU oya="0"/><INIT seed="0,0,0,3,1,74" ten="250,250,250,250" oya="0" hai0="118,60,37,114,2,7,126,113,128,50,122,35,127" hai1="103,68,17,105,110,125,40,3,117,124,102,108,5" hai2="112,24,116,130,26,132,86,67,66,79,98,32,135" hai3="0,93,27,52,44,101,85,120,63,62,34,18,121"/><T131/><D37/><U47/><E117/><V89/><F116/><W72/><G72/><T115/><D60/><U51/><E68/><V65/><F112/><W76/><G0/><T46/><D35/><U8/><E17/><V57/><F130/><N who="0" m="49706" /><D2/><U123/><E123/><N who="3" m="47178" /><G34/><T91/><D91/><U10/><E10/><V25/><F32/><W56/><G44/><T14/><D122/><U64/><E64/><V11/><F11/><W81/><G93/><T92/><D92/><U54/><E54/><V75/><F98/><W20/><G101/><N who="1" m="38410" /><E105/><V6/><F6/><W99/><G99/><T106/><D106/><U36/><E36/><V80/><REACH who="2" step="1"/><F57/><REACH who="2" ten="250,250,240,250" step="2"/><W70/><G70/><T133/><D118/><U104/><E104/><V39/><F39/><W31/><G31/><T94/><D7/><U100/><E100/><V107/><F107/><W109/><G109/><AGARI ba="0,1" hai="3,5,8,40,47,51,108,109,110,124,125" m="38410" machi="109" ten="30,1000,0" yaku="14,1" doraHai="74" who="1" fromWho="3" sc="250,0,250,20,240,0,250,-10" /><INIT seed="1,0,0,3,1,40" ten="250,270,240,240" oya="1" hai0="94,114,100,32,127,113,120,38,84,45,19,66,80" hai1="68,46,3,43,22,58,134,15,85,96,74,49,30" hai2="27,56,41,17,92,28,124,87,48,60,78,63,34" hai3="110,122,59,72,70,14,135,61,88,9,99,81,115"/><U5/><E68/><V105/><F105/><W55/><G110/><T67/><D32/><U62/><E74/><V53/><F124/><W97/><G115/><T57/><D127/><U16/><E134/><V2/><F2/><W95/><G135/><T11/><D120/><U4/><E3/><V109/><F109/><W24/><G122/><T35/><D35/><U12/><E30/><V23/><F41/><W6/><G70/><T103/><D38/><U117/><E117/><V119/><F119/><W1/><G24/><T10/><D113/><U65/><E96/><V112/><F112/><W102/><G72/><T64/><D57/><U130/><E130/><V108/><F108/><W71/><G71/><T73/><D73/><U89/><E15/><V101/><F101/><N who="0" m="38986" /><D94/><AGARI ba="0,0" hai="4,5,12,16,22,43,46,49,58,62,65,85,89,94" machi="94" ten="30,11600,0" yaku="7,1,8,1,52,1,54,1" doraHai="40" who="1" fromWho="0" sc="250,-116,270,116,240,0,240,0" /><INIT seed="1,1,0,4,4,41" ten="134,386,240,240" oya="1" hai0="75,21,33,64,109,55,65,49,132,66,74,93,58" hai1="40,116,126,38,127,80,35,62,72,99,71,5,8" hai2="32,128,120,48,95,44,23,112,81,46,37,125,100" hai3="111,68,39,52,20,78,92,22,119,134,101,31,91"/><U133/><E116/><V26/><F120/><W11/><G111/><T10/><D33/><U1/><E99/><N who="2" m="59519" /><F32/><W115/><G115/><T57/><D109/><U129/><E129/><V124/><F37/><W87/><G134/><T34/><D34/><U94/><E94/><V27/><F128/><W61/><G119/><T24/><D132/><U0/><E35/><V122/><F122/><W16/><G39/><T42/><D42/><U85/><E0/><V7/><F112/><W70/><G78/><T9/><D74/><U103/><E103/><V60/><F7/><W15/><G101/><T117/><D75/><U135/><E72/><V63/><F81/><W19/><G31/><T50/><D117/><U121/><E121/><V86/><F86/><W76/><G76/><T88/><D50/><U30/><E135/><V56/><F48/><W54/><G11/><T45/><D9/><U73/><E73/><V84/><F84/><W123/><G123/><T107/><D10/><U82/><E133/><V83/><F83/><W130/><G130/><T2/><D107/><U12/><E1/><V53/><F60/><W36/><G36/><T29/><REACH who="0" step="1"/><D2/><REACH who="0" ten="124,386,240,240" step="2"/><U59/><E5/><V17/><F26/><W18/><G15/><T89/><D89/><U13/><E38/><V25/><F27/><W114/><G114/><T98/><AGARI ba="1,1" hai="21,24,29,45,49,55,57,58,64,65,66,88,93,98" machi="98" ten="30,8000,1" yaku="1,1,0,1,8,1,52,1,54,1,53,0" doraHai="41" doraHaiUra="4" who="0" fromWho="0" sc="124,93,386,-41,240,-21,240,-21" /><INIT seed="2,0,0,0,1,99" ten="217,345,219,219" oya="2" hai0="118,84,35,2,41,32,56,75,101,130,106,63,105" hai1="31,24,133,61,7,122,102,77,94,120,21,86,15" hai2="13,12,6,8,28,123,108,100,115,46,62,23,74" hai3="110,97,66,22,5,50,59,65,20,89,29,4,9"/><V126/><F123/><N who="1" m="47145" /><E133/><V0/><F115/><W111/><G89/><T51/><D75/><U60/><E102/><V34/><F74/><W82/><G82/><T54/><D2/><U48/><E48/><V78/><F78/><W43/><G97/><T37/><D37/><U91/><E77/><V132/><F132/><W131/><G131/><T36/><D36/><U57/><E57/><V124/><F108/><N who="3" m="41515" /><G29/><T116/><D130/><U33/><E33/><N who="0" m="12873" /><D84/><U109/><E109/><V93/><F46/><N who="3" m="25951" /><G4/><T119/><D101/><U85/><E86/><V129/><F129/><W71/><G71/><T1/><D1/><U53/><E53/><V87/><F34/><W90/><G90/><T16/><D16/><U76/><E76/><V107/><F107/><W68/><G68/><T114/><D114/><U80/><E80/><V67/><F0/><N who="3" m="167" /><G59/><T38/><D38/><U10/><AGARI ba="0,0" hai="7,10,15,21,24,31,60,61,85,91,94" m="47145" machi="10" ten="30,1100,0" yaku="13,1" doraHai="99" who="1" fromWho="1" sc="217,-3,345,11,219,-5,219,-3" /><INIT seed="3,0,0,1,5,38" ten="214,356,214,216" oya="3" hai0="7,97,108,76,48,17,89,56,87,8,95,122,50" hai1="85,12,0,66,114,35,37,33,116,26,19,29,101" hai2="104,100,113,125,4,102,18,110,117,112,6,72,36" hai3="73,22,82,86,11,20,13,10,71,67,98,77,44"/><W92/><G73/><T62/><D122/><U25/><E37/><V39/><F117/><W120/><G120/><T128/><D108/><U40/><E101/><V63/><F125/><W34/><G34/><T126/><D128/><U53/><E66/><V45/><F63/><W111/><G111/><T9/><D126/><U124/><E0/><V94/><F94/><W115/><G115/><T47/><D17/><U135/><E25/><V3/><F18/><W123/><G123/><T52/><D7/><U27/><E53/><V24/><F24/><W68/><G68/><T130/><D130/><U59/><E85/><V49/><F72/><W60/><G44/><T133/><D133/><U129/><E59/><V5/><F3/><W65/><G67/><N who="0" m="39367" /><D50/><U119/><E124/><V93/><F93/><W2/><G2/><T131/><D131/><U121/><E129/><V61/><F61/><W103/><G10/><N who="0" m="4203" /><D76/><U58/><E58/><V70/><F70/><W78/><G77/><T74/><D74/><U14/><E114/><N who="2" m="44139" /><F110/><W99/><G99/><AGARI ba="0,0" hai="47,48,52,87,89,95,97,99" m="4203,39367" machi="99" ten="30,2000,0" yaku="8,1,54,1" doraHai="38" who="0" fromWho="3" sc="214,20,356,0,214,0,216,-20" owari="234,3.4,356,45.6,214,-18.6,196,-30.4" /></mjloggm>