<mjloggm ver="2.3"><GO type="225" lobby="0"/><UN n0="%6D%75%75%73%61%6E%6D%75" n1="%E9%80%86%E9%80%A3%E5%B8%AF%E3%81%AE%E9%AC%BC" n2="%E3%82%A2%E3%83%A1%E3%82%A2%E3%83%A9%E3%83%AC" n3="%6B%79%6F%6E%6B%6F%31%31" dan="17,17,16,16" rate="2164.36,2121.15,2103.10,2163.37" sx="F,M,M,M"/><TAIKYOKU oya="0"/><INIT seed="0,0,0,4,3,65" ten="250,250,250,250" oya="0" hai0="56,117,55,84,81,126,90,43,106,75,1,2,59" hai1="98,92,0,96,116,9,120,76,11,87,29,111,64" hai2="48,33,115,114,110,94,70,38,128,74,15,118,119" hai3="100,108,72,12,46,54,109,104,32,99,3,131,4"/><T88/><D117/><N who="2" m="44554" /><F38/><W35/><G3/><T24/><D106/><U26/><E116/><V25/><F74/><W78/><G131/><T37/><D75/><U17/><E120/><V69/><F128/><W52/><G78/><T93/><D126/><U14/><E111/><N who="3" m="42570" /><G72/><T132/><D132/><U19/><E64/><V57/><F110/><W22/><G22/><T60/><D24/><U41/><E41/><V40/><F15/><W80/><G80/><T58/><D58/><U82/><E92/><V6/><F6/><W129/><G129/><T63/><D43/><U102/><E102/><V125/><F125/><W7/><G7/><T95/><D37/><U124/><E124/><V10/><F10/><N who="3" m="4167" /><G46/><T47/><D47/><U61/><E0/><V133/><F133/><W42/><G42/><T67/><REACH who="0" step="1"/><D81/><REACH who="0" ten="240,250,250,250" step="2"/><U28/><E82/><V36/><F36/><W23/><G104/><T44/><D44/><U135/><E26/><V20/><F40/><W89/><G35/><T127/><D127/><U77/><E135/><V39/><F33/><W27/><G32/><T130/><D130/><U68/><E9/><V18/><F39/><W51/><G100/><T73/><D73/><U16/><E11/><V91/><F114/><W121/><G121/><T53/><D53/><U45/><E45/><V123/><F115/><W112/><G112/><T8/><D8/><U85/><E14/><V105/><F105/><W21/><G27/><T31/><D31/><U107/><E29/><V49/><F123/><W5/><G54/><T71/><D71/><N who="2" m="27146" /><F57/><N who="3" m="32927" /><G5/><T62/><D62/><U97/><E61/><RYUUKYOKU ba="0,1" sc="240,10,250,-30,250,10,250,10" hai0="1,2,55,56,59,60,63,67,84,88,90,93,95" hai2="18,20,25,48,49,91,94" hai3="21,23,89,99" /><INIT seed="0,1,1,3,2,104" ten="250,220,260,260" oya="0" hai0="114,3,47,92,69,18,78,130,56,19,80,94,67" hai1="127,71,124,8,122,126,6,39,135,12,131,70,49" hai2="88,62,30,125,29,76,66,132,99,53,34,115,102" hai3="28,123,82,64,121,73,10,129,83,9,112,32,110"/><T119/><D114/><U44/><E122/><N who="3" m="46602" /><G112/><T74/><D119/><U36/><E135/><V38/><F115/><W1/><G110/><T128/><D69/><N who="1" m="26123" /><E131/><N who="0" m="50217" /><D3/><U63/><E63/><V54/><F38/><W7/><G64/><T48/><D56/><U4/><E4/><V61/><F76/><N who="3" m="44303" /><G129/><T87/><D67/><U57/><E57/><V59/><F34/><W91/><G10/><T90/><D94/><U133/><E133/><V116/><F66/><W31/><G32/><T111/><D111/><U22/><E22/><V21/><F21/><W60/><G60/><T109/><D109/><U106/><E106/><V93/><F132/><W51/><G51/><T89/><D89/><U13/><E13/><V103/><F116/><W68/><G68/><T101/><D101/><N who="2" m="38410" /><F125/><W79/><G91/><T35/><D35/><U26/><E26/><V2/><F2/><W100/><G100/><T17/><D19/><U46/><E49/><V134/><F134/><W50/><G50/><T72/><D72/><AGARI ba="1,1" hai="1,7,9,28,31,72,79,83" m="44303,46602" machi="72" ten="30,3900,0" yaku="13,1,52,2" doraHai="104" who="3" fromWho="0" sc="250,-42,220,0,260,0,260,52" /><INIT seed="1,0,0,4,5,20" ten="208,220,260,312" oya="1" hai0="131,76,12,25,15,30,0,106,72,54,29,87,51" hai1="45,37,60,129,104,1,66,117,21,10,112,134,132" hai2="113,93,31,111,16,120,130,55,81,114,89,78,121" hai3="18,123,110,52,13,70,2,127,128,53,71,50,90"/><U86/><E117/><V5/><F111/><W24/><G123/><N who="2" m="47177" /><F5/><W49/><G2/><T101/><D0/><U39/><E104/><V64/><F64/><W124/><G110/><T17/><D72/><U82/><E112/><N who="2" m="43115" /><F31/><W102/><G102/><T116/><D116/><U84/><E129/><V4/><F4/><W6/><G90/><T44/><D131/><U107/><E107/><V99/><F55/><W79/><G79/><T14/><D29/><U47/><E21/><V43/><F43/><W34/><G6/><T88/><D76/><U68/><E1/><V26/><F130/><W3/><G3/><T59/><D101/><U119/><E10/><V57/><F57/><N who="3" m="32911" /><G128/><T94/><D106/><U35/><E119/><V8/><F8/><W48/><G48/><T135/><D135/><N who="1" m="51755" /><E35/><V42/><F78/><W41/><G41/><T85/><D85/><U80/><E37/><V46/><F81/><N who="1" m="31337" /><E39/><V67/><F42/><W56/><G34/><T7/><D7/><U105/><E105/><V19/><F93/><W118/><G118/><T40/><D17/><U96/><E45/><V38/><F19/><W65/><G13/><T27/><REACH who="0" step="1"/><D30/><REACH who="0" ten="198,220,260,312" step="2"/><U75/><E75/><V74/><F74/><W100/><G18/><T28/><D28/><U36/><E96/><V98/><F16/><W77/><G77/><T63/><AGARI ba="0,1" hai="12,14,15,25,27,40,44,51,54,59,63,87,88,94" machi="63" ten="30,16000,3" yaku="1,1,0,1,8,1,52,2,54,1,53,2" doraHai="20" doraHaiUra="22" who="0" fromWho="0" sc="198,170,220,-80,260,-40,312,-40" /><INIT seed="2,0,0,1,0,24" ten="368,140,220,272" oya="2" hai0="91,131,134,115,57,29,53,33,5,52,114,59,19" hai1="73,27,71,34,43,78,44,128,56,38,46,118,93" hai2="112,103,89,122,125,21,121,22,85,104,96,82,40" hai3="69,102,11,99,84,107,92,9,76,120,51,133,17"/><V16/><F112/><W68/><G120/><T80/><D131/><U95/><E128/><V1/><F125/><W63/><G133/><T64/><D134/><U87/><E118/><V100/><F1/><W37/><G37/><T77/><D5/><U36/><E71/><V130/><F130/><W111/><G111/><T13/><D91/><U35/><E73/><V42/><F103/><W108/><G108/><T12/><D33/><U45/><E56/><V123/><REACH who="2" step="1"/><F22/><REACH who="2" ten="368,140,210,272" step="2"/><W31/><G102/><T61/><D114/><U86/><E43/><V26/><AGARI ba="0,1" hai="16,21,26,40,42,82,85,89,96,100,104,121,122,123" machi="26" ten="30,11700,0" yaku="1,1,2,1,0,1,54,1,53,0" doraHai="24" doraHaiUra="54" who="2" fromWho="2" sc="368,-39,140,-39,210,127,272,-39" /><INIT seed="2,1,0,2,0,49" ten="329,101,337,233" oya="2" hai0="127,113,89,110,101,2,46,132,84,77,35,50,126" hai1="18,131,100,91,33,6,9,81,0,54,60,41,98" hai2="25,67,97,36,123,55,70,109,1,20,19,79,53" hai3="75,92,8,121,87,5,16,112,73,14,71,30,59"/><V64/><F123/><W7/><G71/><T68/><D113/><U117/><E117/><V45/><F1/><W13/><G121/><T58/><D68/><U128/><E33/><V106/><F79/><W56/><G112/><T94/><D2/><U119/><E119/><V88/><F109/><W44/><G30/><T34/><D110/><U125/><E125/><N who="0" m="47625" /><D132/><U95/><E41/><V39/><F106/><W122/><G122/><T17/><D58/><U12/><E81/><V76/><F76/><W103/><G44/><T65/><D65/><N who="2" m="25162" /><F39/><W62/><G59/><T74/><D101/><U115/><E115/><V133/><F36/><W51/><G51/><T4/><D4/><U21/><E100/><V78/><F78/><W24/><G75/><T83/><D17/><U57/><REACH who="1" step="1"/><E0/><REACH who="1" ten="329,91,337,233" step="2"/><V102/><F102/><W116/><G116/><T114/><D114/><U29/><E29/><V108/><F108/><W40/><G103/><T42/><AGARI ba="1,1" hai="34,35,42,46,50,74,77,83,84,89,94" m="47625" machi="42" ten="30,1100,0" yaku="18,1" doraHai="49" who="0" fromWho="0" sc="329,24,91,-4,337,-6,233,-4" /><INIT seed="3,0,0,3,3,30" ten="353,87,331,229" oya="3" hai0="25,85,107,99,10,98,103,24,6,84,47,63,42" hai1="31,34,123,87,9,15,62,82,43,133,70,76,49" hai2="93,106,89,71,129,104,13,125,60,113,44,78,81" hai3="35,26,111,122,17,41,22,110,75,130,0,135,80"/><W127/><G122/><T37/><D63/><U64/><E133/><V67/><F113/><W23/><G135/><T21/><D98/><U28/><E123/><V46/><F129/><W61/><G130/><T18/><D24/><U121/><E121/><V40/><F125/><W69/><G127/><T128/><D128/><U65/><E65/><V16/><F93/><W36/><G0/><AGARI ba="0,0" hai="0,6,10,18,21,25,37,42,47,84,85,99,103,107" machi="0" ten="30,1000,0" yaku="7,1" doraHai="30" who="0" fromWho="3" sc="353,10,87,0,331,0,229,-10" owari="363,46.3,87,-41.3,331,13.1,219,-18.1" /></mjloggm>