<mjloggm ver="2.3"><GO type="225" lobby="0"/><UN n0="%E6%9D%B1%E9%A2%A8%E3%81%AE%E3%81%8D%E3%82%83%E3%81%B7%E3%81%95%E3%82%93" n1="%E3%83%A9%E3%82%A4%E3%83%B3%E3%81%AE%E8%99%8E" n2="%72%69%6F%75%63%68%61%6E" n3="%E6%B8%A9%E2%98%85%E6%83%85%E2%98%85%E6%8E%AA%E2%98%85%E7%BD%AE" dan="16,16,16,17" rate="2157.19,2110.06,2191.24,2136.32" sx="M,M,M,M"/><TAIKYOKU oya="0"/><INIT seed="0,0,0,4,5,31" ten="250,250,250,250" oya="0" hai0="27,105,42,15,35,55,64,86,74,119,116,59,104" hai1="22,129,109,135,133,84,115,6,51,101,106,50,19" hai2="5,75,72,26,121,30,76,20,25,52,11,73,56" hai3="8,93,23,33,78,12,118,40,32,4,83,94,71"/><T67/><D74/><U107/><E109/><V96/><F121/><W24/><G118/><T13/><D42/><U3/><E129/><V44/><F96/><W49/><G71/><T122/><D122/><U125/><E125/><V60/><F25/><W128/><G128/><T91/><D119/><U99/><E107/><V120/><F120/><W102/><G102/><T112/><D116/><U45/><E115/><V134/><F134/><N who="1" m="51209" /><E84/><V2/><REACH who="2" step="1"/><F44/><REACH who="2" ten="250,250,240,250" step="2"/><N who="3" m="25735" /><G94/><T29/><D112/><U117/><E117/><V77/><AGARI ba="0,1" hai="2,5,11,20,26,30,52,56,60,72,73,75,76,77" machi="77" ten="40,5200,0" yaku="1,1,0,1,54,1,53,0" doraHai="31" doraHaiUra="108" who="2" fromWho="2" sc="250,-26,250,-13,240,62,250,-13" /><INIT seed="1,0,0,4,0,58" ten="224,237,302,237" oya="1" hai0="91,135,28,79,94,38,81,125,115,4,73,17,66" hai1="42,77,9,56,50,19,22,21,102,2,23,130,20" hai2="26,53,129,103,133,131,65,84,16,71,104,119,128" hai3="112,76,67,3,33,120,6,93,45,74,111,100,72"/><U98/><E130/><V39/><F133/><W107/><G112/><T105/><D38/><U48/><E77/><V64/><F119/><W59/><G120/><T116/><D115/><U63/><E42/><V124/><F124/><W86/><G33/><T11/><D116/><U127/><E127/><V108/><F108/><W132/><G111/><T43/><D125/><U121/><E121/><V70/><F39/><W30/><G107/><T29/><D43/><U0/><E0/><V41/><F41/><W109/><G30/><T83/><D135/><U89/><E89/><V62/><F84/><W14/><G3/><T1/><D105/><U117/><E117/><V88/><F88/><N who="3" m="53399" /><G109/><T123/><D123/><U46/><E46/><V90/><F90/><W32/><G32/><T31/><D66/><N who="2" m="25706" /><F103/><W68/><G100/><T101/><D101/><U82/><E82/><V96/><F96/><W47/><G68/><N who="2" m="26153" /><F104/><W114/><G132/><T99/><REACH who="0" step="1"/><D81/><REACH who="0" ten="214,237,302,237" step="2"/><U10/><E102/><V97/><F128/><W37/><G37/><T49/><D49/><U12/><E50/><V24/><F131/><W40/><G40/><T113/><D113/><U118/><E48/><V134/><F129/><W25/><G114/><T122/><D122/><U61/><E118/><V7/><F134/><W110/><G110/><T69/><D69/><U95/><E95/><V92/><F92/><W55/><G67/><T85/><D85/><U18/><E98/><V51/><F97/><W106/><G106/><T8/><D8/><U13/><E9/><V57/><F51/><N who="3" m="31231" /><G72/><T27/><D27/><U80/><E80/><RYUUKYOKU ba="0,1" sc="214,30,237,-10,302,-10,237,-10" hai0="1,4,11,17,28,29,31,73,79,83,91,94,99" /><INIT seed="2,1,1,3,5,121" ten="244,227,292,227" oya="2" hai0="77,66,57,22,8,72,126,30,44,71,4,85,67" hai1="115,65,91,29,123,23,35,114,6,27,48,101,19" hai2="1,84,111,75,102,20,128,73,46,109,13,79,118" hai3="100,87,21,50,82,68,69,110,53,70,7,59,56"/><V25/><F118/><W49/><G110/><N who="2" m="41993" /><F1/><W17/><G100/><T130/><D72/><U124/><E101/><V135/><F128/><W28/><G7/><T37/><D71/><U16/><E124/><V83/><F135/><W42/><G28/><T125/><D130/><U45/><E123/><V93/><F13/><W96/><G96/><T98/><D98/><U94/><E6/><V39/><F102/><W105/><G105/><T55/><D77/><U76/><E76/><V33/><F33/><W38/><G38/><T12/><D85/><U26/><E65/><V95/><F39/><W116/><G116/><T119/><D119/><U106/><E106/><V60/><F46/><W15/><G42/><T107/><D107/><U127/><E127/><N who="0" m="48649" /><D44/><U11/><E45/><V80/><F60/><W63/><REACH who="3" step="1"/><G59/><REACH who="3" ten="244,227,292,217" step="2"/><T103/><D37/><U92/><E114/><V36/><F36/><W3/><G3/><T104/><D103/><U2/><E115/><V74/><F80/><W122/><G122/><T58/><D104/><U10/><E2/><V18/><AGARI ba="1,2" hai="18,20,25,73,74,75,79,83,84,93,95" m="41993" machi="18" ten="40,12000,1" yaku="14,1,10,1,52,3" doraHai="121" who="2" fromWho="2" sc="244,-41,227,-41,292,143,217,-41" /><INIT seed="2,2,0,0,3,17" ten="203,186,435,176" oya="2" hai0="21,1,106,80,71,43,103,102,129,27,49,34,119" hai1="98,55,133,56,14,62,36,6,86,61,87,93,0" hai2="10,110,40,73,33,46,96,77,105,32,112,64,24" hai3="85,118,132,29,82,15,74,89,54,12,97,9,16"/><V116/><F112/><W53/><G118/><T75/><D71/><U13/><E133/><V66/><F116/><W123/><G123/><T44/><D34/><U91/><E36/><V50/><F110/><W42/><G132/><T134/><D119/><U48/><E0/><V76/><F10/><W31/><G74/><T84/><D134/><U7/><E14/><V79/><F73/><W35/><G42/><T115/><D75/><U92/><E86/><V114/><F114/><W52/><G35/><T130/><D1/><U90/><E13/><V45/><F33/><W127/><G127/><T18/><D115/><U2/><E2/><V20/><F32/><W99/><G15/><T63/><D63/><AGARI ba="2,0" hai="6,7,48,55,56,61,62,63,87,90,91,92,93,98" machi="63" ten="40,1300,0" yaku="8,1" doraHai="17" who="1" fromWho="0" sc="203,-19,186,19,435,0,176,0" /><INIT seed="3,0,0,4,2,71" ten="184,205,435,176" oya="3" hai0="79,34,100,52,46,111,36,76,130,127,87,129,16" hai1="116,106,81,55,99,83,118,45,15,122,19,22,110" hai2="39,31,88,82,17,9,75,102,25,113,49,51,63" hai3="57,132,80,18,103,40,134,60,20,4,37,92,131"/><W41/><G131/><N who="0" m="50187" /><D34/><U5/><E122/><V108/><F39/><W114/><G114/><T126/><D100/><N who="1" m="62751" /><E5/><V1/><F113/><W56/><G4/><T107/><D107/><U43/><E55/><V66/><F102/><W128/><G128/><T97/><D97/><U121/><E110/><V11/><F108/><W12/><G80/><T89/><D111/><U10/><E10/><V59/><F1/><W65/><G37/><T101/><D16/><U64/><E64/><V2/><F2/><W133/><G57/><T94/><D101/><U96/><E96/><AGARI ba="0,0" hai="12,18,20,40,41,56,60,65,92,96,103,132,133,134" machi="96" ten="40,2000,0" yaku="20,1" doraHai="71" who="3" fromWho="1" sc="184,0,205,-20,435,0,176,20" /><INIT seed="3,1,0,3,5,135" ten="184,185,435,196" oya="3" hai0="95,47,1,57,131,22,104,52,101,121,12,33,74" hai1="4,73,118,110,38,124,96,83,109,26,46,8,40" hai2="51,82,50,108,71,18,70,91,130,134,112,35,102" hai3="49,62,7,48,9,68,58,125,6,77,99,17,81"/><W45/><G125/><T15/><D104/><U111/><E124/><V133/><F35/><W127/><G127/><T13/><D74/><U24/><E96/><V5/><F112/><W55/><G68/><N who="2" m="26153" /><F5/><N who="3" m="1547" /><G99/><N who="0" m="59647" /><D1/><N who="1" m="15" /><E118/><V27/><F130/><W30/><G30/><T41/><D131/><U132/><E132/><N who="2" m="50795" /><F108/><W87/><G45/><T2/><D2/><U113/><E113/><V86/><F102/><W72/><G72/><T44/><D33/><U43/><E43/><V14/><F27/><W115/><G115/><T11/><D121/><U89/><E89/><V16/><F16/><W85/><G85/><T98/><D11/><AGARI ba="1,0" hai="11,14,18,50,51,82,86,91" m="50795,26153" machi="11" ten="30,1000,0" yaku="20,1" doraHai="135" who="2" fromWho="0" sc="184,-13,185,0,435,13,196,0" owari="171,-32.9,185,-21.5,448,54.8,196,-0.4" /></mjloggm>