<mjloggm ver="2.3"><GO type="225" lobby="0"/><UN n0="%E7%82%BA%E4%BA%86%E6%89%93%E6%95%97%E7%94%B7%E5%8F%8B%E7%9A%84" n1="%6D%75%75%6D%75%72%61" n2="%E3%82%B2%E3%82%B9%E8%8C%82%E5%8B%9D" n3="%E3%81%A8%E3%82%89%E3%81%84%E3%81%A1" dan="16,16,16,16" rate="2067.94,2067.73,2076.35,2114.06" sx="F,F,F,M"/><TAIKYOKU oya="0"/><INIT seed="0,0,0,1,3,51" ten="250,250,250,250" oya="0" hai0="115,130,15,17,14,129,56,66,89,100,50,61,101" hai1="88,49,102,40,25,83,16,79,26,125,76,27,82" hai2="68,93,4,18,37,59,7,9,85,117,36,2,29" hai3="52,67,98,21,135,10,60,13,62,55,78,58,128"/><T44/><D115/><U63/><E125/><V123/><F117/><W116/><G116/><T133/><D133/><U73/><E102/><V24/><F68/><W31/><G135/><T109/><D109/><U1/><E1/><V3/><F123/><W54/><G128/><N who="0" m="49259" /><D89/><U33/><E33/><V75/><F18/><N who="3" m="8503" /><G78/><T22/><D14/><U111/><E111/><V43/><F75/><W113/><G113/><T12/><D12/><U134/><E134/><V20/><F43/><AGARI ba="0,0" hai="15,17,22,43,44,50,56,61,66,100,101" m="49259" machi="43" ten="30,1500,0" yaku="19,1" doraHai="51" who="0" fromWho="2" sc="250,15,250,0,250,-15,250,0" /><INIT seed="0,1,0,1,0,16" ten="265,250,235,250" oya="0" hai0="58,70,108,7,85,35,88,36,132,73,80,10,94" hai1="119,105,111,27,78,29,54,131,71,50,123,64,13" hai2="41,43,100,99,112,26,56,98,130,23,9,3,63" hai3="2,79,6,51,109,15,75,128,118,92,86,134,126"/><T127/><D70/><U125/><E119/><V83/><F130/><W93/><G118/><T91/><D35/><U117/><E123/><V0/><F112/><W20/><G128/><T81/><D36/><U95/><E131/><V97/><F83/><N who="3" m="47487" /><G75/><T53/><D132/><U116/><E105/><V33/><F33/><W28/><G2/><T55/><D127/><U122/><E122/><V14/><F100/><W72/><G72/><T48/><D108/><U32/><E111/><V82/><F82/><W106/><G106/><T31/><D31/><U89/><E125/><V84/><F84/><W65/><G65/><T47/><D73/><U61/><E78/><V24/><F3/><W96/><G96/><T34/><D34/><U87/><REACH who="1" step="1"/><E13/><REACH who="1" ten="265,240,235,250" step="2"/><V40/><F0/><W68/><G126/><T1/><REACH who="0" step="1"/><D91/><REACH who="0" ten="255,240,235,250" step="2"/><U12/><E12/><V49/><F14/><W103/><G109/><T44/><D44/><AGARI ba="1,2" hai="27,29,32,44,50,54,61,64,71,87,89,95,116,117" machi="44" ten="30,3900,0" yaku="1,1,7,1,53,1" doraHai="16" doraHaiUra="25" who="1" fromWho="0" sc="255,-42,240,62,235,0,250,0" /><INIT seed="1,0,0,0,0,44" ten="213,302,235,250" oya="1" hai0="92,58,23,14,128,3,24,19,13,71,110,82,83" hai1="66,56,26,70,45,52,104,124,112,94,43,120,117" hai2="22,100,134,30,84,20,7,27,10,36,95,96,9" hai3="16,11,130,123,119,97,108,8,50,75,105,12,54"/><U18/><E104/><V109/><F134/><W80/><G123/><T63/><D71/><U60/><E112/><V46/><F109/><W68/><G68/><T15/><D110/><U91/><E120/><V99/><F84/><W111/><G130/><T101/><D128/><U127/><E117/><V48/><F36/><W2/><G119/><T69/><D69/><U49/><E18/><V113/><F113/><W114/><G114/><T51/><D3/><U93/><E26/><V39/><F39/><W17/><G105/><T135/><D135/><U107/><E107/><V102/><F20/><W86/><G97/><T132/><D132/><U21/><E21/><V55/><REACH who="2" step="1"/><F7/><REACH who="2" ten="213,302,225,250" step="2"/><N who="3" m="1143" /><G75/><T28/><D83/><U103/><E124/><V34/><F34/><W61/><G111/><T89/><D82/><U4/><E127/><V116/><F116/><W87/><G108/><T122/><D122/><U76/><E4/><V78/><F78/><N who="3" m="46359" /><G87/><T38/><D38/><U0/><E76/><V106/><AGARI ba="0,1" hai="9,10,22,27,30,46,48,55,95,96,99,100,102,106" machi="106" ten="20,8000,1" yaku="1,1,0,1,7,1,52,1,53,1" doraHai="44" doraHaiUra="47" who="2" fromWho="2" sc="213,-20,302,-40,225,90,250,-20" /><INIT seed="2,0,0,0,0,22" ten="193,262,315,230" oya="2" hai0="96,68,77,81,13,4,15,92,61,130,71,118,37" hai1="85,133,45,131,111,66,76,100,28,69,73,117,112" hai2="110,11,36,23,10,124,123,30,27,63,95,56,5" hai3="16,104,21,34,102,41,59,119,108,79,57,74,72"/><V33/><F123/><W107/><G119/><T64/><D130/><U39/><E73/><V103/><F124/><W65/><G34/><T78/><D118/><U87/><E117/><V19/><F36/><W8/><G108/><T50/><D37/><U132/><E112/><V12/><F110/><W49/><G8/><T31/><D71/><U62/><E111/><V105/><F105/><W120/><G120/><T0/><D78/><U18/><E131/><V89/><F103/><W58/><G65/><T127/><D127/><U55/><E100/><V129/><F129/><W24/><G79/><T14/><D31/><U109/><E109/><V115/><F115/><W60/><G60/><T6/><D50/><U2/><E2/><V42/><F42/><W134/><G134/><T94/><D0/><U70/><E70/><V25/><F10/><W67/><G67/><T116/><D94/><U82/><E85/><V101/><F101/><W121/><G121/><T106/><D106/><U7/><E7/><V44/><F44/><W54/><G41/><T126/><D126/><U53/><E39/><V17/><F5/><W35/><G35/><T26/><D26/><U47/><E47/><V98/><REACH who="2" step="1"/><F63/><REACH who="2" ten="193,262,305,230" step="2"/><W29/><G107/><T48/><D116/><U99/><E45/><V20/><F20/><N who="3" m="15495" /><G104/><T9/><D4/><U83/><E132/><V38/><F38/><W91/><G102/><N who="0" m="60679" /><D48/><U80/><E133/><V93/><F93/><W32/><G32/><T46/><D46/><U52/><E62/><V3/><F3/><W90/><G49/><T43/><D43/><U113/><E113/><RYUUKYOKU ba="0,1" sc="193,15,262,-15,305,15,230,-15" hai0="6,9,13,14,15,61,64,68,77,81" hai2="11,12,17,19,23,25,27,30,33,56,89,95,98" /><INIT seed="2,1,1,5,0,107" ten="208,247,320,215" oya="2" hai0="77,68,38,58,51,25,26,92,85,45,2,125,93" hai1="43,15,89,100,46,18,4,65,78,44,22,10,133" hai2="120,117,7,31,8,101,123,5,16,104,83,67,96" hai3="103,21,75,134,80,6,20,95,129,19,11,71,3"/><V135/><F117/><W36/><G71/><T109/><D109/><U88/><E133/><V70/><F135/><W47/><G134/><T34/><D68/><U126/><E126/><V79/><F31/><W53/><G129/><T0/><D38/><U23/><E65/><V35/><F35/><W17/><G53/><T66/><D125/><U118/><E118/><V81/><F16/><N who="3" m="6219" /><G95/><N who="0" m="36427" /><D34/><U127/><E127/><V112/><F112/><W72/><G103/><T115/><D2/><U116/><E116/><V40/><F40/><N who="3" m="22919" /><G72/><T82/><D0/><U33/><E33/><V108/><F108/><W99/><G99/><T62/><D115/><U94/><E78/><AGARI ba="1,1" hai="3,6,11,20,21,75,78,80" m="22919,6219" machi="78" ten="30,3900,0" yaku="25,1,52,1,54,1" doraHai="107" who="3" fromWho="1" sc="208,0,247,-42,320,0,215,52" /><INIT seed="3,0,0,0,2,97" ten="208,205,320,267" oya="3" hai0="84,132,49,62,123,19,35,16,81,40,45,29,124" hai1="2,48,64,56,117,60,22,6,32,66,76,130,37" hai2="73,4,63,118,78,83,44,98,127,47,18,102,53" hai3="134,71,0,126,99,72,5,52,10,108,50,12,91"/><W114/><G114/><T82/><D123/><U27/><E32/><V28/><F127/><W113/><G113/><T112/><D112/><U8/><E37/><V115/><F115/><W111/><G72/><T100/><D124/><U14/><E130/><V1/><F28/><W116/><G126/><T7/><D132/><U131/><E131/><V92/><F118/><W68/><G116/><T55/><D7/><U31/><E117/><V41/><F18/><N who="0" m="6698" /><D35/><U120/><E120/><V25/><F25/><W17/><G91/><T74/><D74/><U95/><E2/><V15/><F15/><W67/><G99/><T119/><D119/><U121/><E121/><V88/><F102/><W135/><G67/><T70/><D70/><N who="3" m="26665" /><G5/><T39/><D39/><U3/><E3/><V33/><F33/><W103/><G103/><T129/><D129/><U133/><E133/><N who="3" m="50698" /><G0/><T65/><D100/><U26/><E26/><V20/><F4/><W75/><G75/><T77/><D65/><U94/><E64/><V36/><F1/><W89/><G89/><T110/><D84/><U51/><REACH who="1" step="1"/><E76/><REACH who="1" ten="208,195,320,267" step="2"/><V79/><F78/><W104/><G104/><T42/><D77/><U57/><E57/><AGARI ba="0,1" hai="10,12,17,50,52,57,108,111" m="50698,26665" machi="57" ten="40,3900,0" yaku="20,1,54,1" doraHai="97" who="3" fromWho="1" sc="208,0,195,-39,320,0,267,49" /><INIT seed="3,1,0,0,3,102" ten="208,156,320,316" oya="3" hai0="85,97,76,27,15,56,0,109,16,67,75,32,110" hai1="70,26,4,73,117,133,131,36,99,18,134,30,9" hai2="135,38,91,84,120,17,52,101,37,2,94,65,105" hai3="39,95,122,62,33,77,7,86,114,35,112,47,111"/><W104/><G104/><T87/><D0/><U71/><E36/><V127/><F120/><W48/><G122/><T132/><D132/><U21/><E73/><V123/><F123/><W125/><G39/><T128/><D128/><U66/><E131/><V124/><F135/><W22/><G125/><N who="2" m="48201" /><F2/><W89/><G111/><N who="0" m="42507" /><D97/><U130/><E130/><V46/><F65/><W34/><G7/><T93/><D93/><U69/><E133/><V28/><F28/><W24/><G62/><N who="0" m="38343" /><D76/><U59/><E134/><V81/><F94/><W88/><G89/><T113/><D75/><U12/><E117/><V40/><F17/><W63/><G63/><T29/><D113/><U31/><E66/><V57/><F46/><W92/><G92/><T50/><D50/><U107/><REACH who="1" step="1"/><E59/><REACH who="1" ten="208,146,320,316" step="2"/><V10/><F38/><W42/><REACH who="3" step="1"/><G77/><REACH who="3" ten="208,146,320,306" step="2"/><T8/><AGARI ba="1,2" hai="8,15,16,27,29,32,85,87" m="38343,42507" machi="8" ten="30,2000,0" yaku="14,1,54,1" doraHai="102" who="0" fromWho="0" sc="208,43,146,-6,320,-6,306,-11" owari="251,-14.9,140,-36.0,314,41.4,295,9.5" /></mjloggm>