<mjloggm ver="2.3"><GO type="225" lobby="0"/><UN n0="%E3%81%B2%E3%81%AA%E3%81%AE%E3%82%8A%E3%81%8F" n1="%E3%83%97%E3%83%AC%E3%83%B4%E3%82%A1%E3%83%86%E3%82%A3" n2="%E3%81%A8%E3%82%93%E3%81%A8%E3%81%93%E3%81%A8%E3%82%93" n3="%6D%75%75%6D%75%72%61" dan="17,16,16,16" rate="2205.20,2132.79,2147.27,2125.15" sx="M,F,F,F"/><TAIKYOKU oya="0"/><INIT seed="0,0,0,5,4,15" ten="250,250,250,250" oya="0" hai0="103,92,2,68,107,66,96,17,132,5,71,131,100" hai1="0,65,33,45,23,118,75,87,89,18,43,28,82" hai2="123,74,48,125,10,133,113,102,106,19,126,93,115" hai3="22,109,4,120,50,57,110,13,135,94,62,49,14"/><T84/><D132/><U77/><E118/><V16/><F74/><W60/><G135/><T134/><D134/><U91/><E0/><V97/><F123/><W70/><G70/><T101/><D131/><U90/><E65/><V47/><F106/><W95/><G22/><T34/><D34/><U54/><E54/><N who="2" m="29983" /><F133/><W12/><G57/><T52/><D5/><U35/><E28/><V117/><F10/><W21/><G21/><T6/><D6/><U83/><E35/><V111/><F117/><W55/><G55/><T27/><D2/><U67/><E67/><V116/><F111/><N who="3" m="42507" /><G4/><T122/><D122/><U72/><E33/><V8/><F8/><W121/><G121/><T56/><D107/><U108/><E108/><V59/><F59/><W127/><G127/><N who="2" m="48649" /><F116/><W32/><G32/><T29/><D71/><U30/><E30/><V53/><F53/><W78/><G78/><T73/><D29/><U80/><E75/><V40/><F40/><W124/><G120/><T79/><D68/><U99/><E99/><V3/><F3/><W36/><G36/><T31/><D31/><U112/><E112/><AGARI ba="0,0" hai="16,19,93,97,102,112,113,115" m="48649,29983" machi="112" ten="30,7700,0" yaku="18,1,52,2,54,1" doraHai="15" who="2" fromWho="1" sc="250,0,250,-77,250,77,250,0" /><INIT seed="1,0,0,5,3,91" ten="250,173,327,250" oya="1" hai0="55,131,1,31,130,108,120,71,128,126,16,51,43" hai1="113,90,80,57,134,61,109,107,96,10,66,95,14" hai2="69,50,72,63,104,121,67,68,84,54,62,47,103" hai3="24,15,102,3,44,0,92,83,82,58,105,41,7"/><U34/><E113/><V125/><F72/><W101/><G105/><T59/><D1/><U39/><E34/><V129/><F121/><W28/><G102/><T99/><D120/><U13/><E39/><V135/><F84/><W12/><G58/><T6/><D6/><U30/><E30/><V93/><F104/><W65/><G65/><T70/><D108/><U53/><E109/><V94/><F125/><W133/><G3/><T19/><D43/><U64/><E107/><V122/><F122/><W86/><G0/><T29/><D126/><U32/><E32/><V23/><F129/><W27/><G133/><T11/><D99/><U85/><E134/><V76/><F76/><W48/><G83/><T100/><D100/><U123/><E123/><V114/><F103/><W4/><G92/><T40/><D40/><U78/><REACH who="1" step="1"/><E14/><REACH who="1" ten="250,163,327,250" step="2"/><V2/><F135/><W33/><G12/><N who="0" m="7199" /><D19/><AGARI ba="0,1" hai="10,13,19,53,57,61,64,66,78,80,85,90,95,96" machi="19" ten="30,12000,1" yaku="1,1,7,1,8,1,52,1,53,1" doraHai="91" doraHaiUra="87" who="1" fromWho="0" sc="250,-120,163,130,327,0,250,0" /><INIT seed="1,1,0,2,3,97" ten="130,293,327,250" oya="1" hai0="70,5,3,71,86,22,126,62,99,135,46,98,32" hai1="26,124,80,107,79,111,21,14,44,76,106,73,69" hai2="54,12,40,123,82,87,78,56,104,60,66,118,28" hai3="38,23,33,75,96,19,68,8,112,52,90,61,93"/><U133/><E69/><V83/><F118/><W43/><G112/><T91/><D32/><U59/><E124/><V103/><F123/><W92/><G75/><T116/><D116/><U36/><E133/><V24/><F40/><W42/><G33/><T41/><D126/><U0/><E111/><V131/><F131/><W17/><G38/><T72/><D72/><U2/><E79/><V15/><F83/><W74/><G74/><T64/><D71/><U51/><E14/><V31/><F28/><W114/><G68/><T11/><D135/><U47/><E59/><V85/><F87/><W105/><G105/><T100/><D22/><U63/><E63/><V29/><F31/><W113/><G113/><T20/><D20/><U25/><E36/><V77/><F78/><W57/><G114/><T81/><REACH who="0" step="1"/><D100/><REACH who="0" ten="120,293,327,250" step="2"/><U55/><E21/><V6/><F103/><N who="3" m="60807" /><G23/><T9/><D9/><U4/><E107/><V115/><F104/><W65/><G8/><T53/><D53/><U84/><E106/><V101/><F101/><W18/><G65/><T10/><D10/><N who="1" m="2311" /><E73/><V128/><F115/><W89/><G89/><T7/><D7/><U37/><E2/><V134/><F134/><W30/><G30/><T48/><AGARI ba="1,1" hai="3,5,11,41,46,48,62,64,70,81,86,91,98,99" machi="48" ten="20,2700,0" yaku="1,1,0,1,7,1,53,0" doraHai="97" doraHaiUra="119" who="0" fromWho="0" sc="120,40,293,-14,327,-8,250,-8" /><INIT seed="2,0,0,3,5,60" ten="160,279,319,242" oya="2" hai0="109,133,6,127,33,65,51,5,110,63,0,72,57" hai1="115,36,118,66,101,81,75,4,37,62,9,122,14" hai2="134,18,28,123,105,55,130,120,42,79,80,92,7" hai3="117,3,40,104,53,32,48,84,25,35,31,98,83"/><V112/><F105/><W16/><G117/><T94/><D72/><U29/><E118/><V71/><F71/><W106/><G3/><T77/><D77/><U19/><E115/><V124/><F112/><W39/><G32/><T69/><D33/><U10/><E122/><V8/><F42/><W88/><G98/><T1/><D133/><U93/><E29/><V59/><F28/><W131/><G131/><T119/><D119/><U96/><E75/><V23/><F92/><W87/><G40/><T113/><D113/><U121/><E81/><V45/><F45/><W91/><G16/><T34/><D34/><U17/><E121/><V135/><F124/><W126/><G39/><T61/><D127/><U85/><E85/><V21/><F23/><W41/><G41/><T70/><D51/><U89/><E101/><V128/><F55/><W108/><G108/><T107/><D94/><U64/><E19/><V132/><F59/><W47/><G126/><T103/><D57/><U99/><E99/><V15/><F123/><W49/><G48/><T125/><D125/><U111/><E111/><V46/><F46/><W73/><G73/><T2/><D103/><U56/><REACH who="1" step="1"/><E64/><REACH who="1" ten="160,269,319,242" step="2"/><V68/><F120/><W90/><G91/><T82/><D82/><AGARI ba="0,1" hai="25,31,35,47,49,53,82,83,84,87,88,90,104,106" machi="82" ten="30,3900,0" yaku="7,1,9,1,54,1" doraHai="60" who="3" fromWho="0" sc="160,-39,269,0,319,0,242,49" /><INIT seed="3,0,0,0,5,2" ten="121,269,319,291" oya="3" hai0="115,90,48,86,5,133,120,35,130,38,43,87,93" hai1="131,73,82,97,78,22,75,80,99,105,15,11,112" hai2="49,62,91,98,12,28,95,40,107,13,132,23,46" hai3="106,32,127,6,89,0,57,10,128,58,63,14,79"/><W101/><G32/><T16/><D35/><U3/><E112/><V72/><F72/><W4/><G79/><T20/><D115/><U77/><E131/><V108/><F107/><W47/><G128/><T94/><D120/><U85/><E105/><V76/><F76/><W61/><G47/><T8/><D130/><U30/><E3/><V83/><F83/><W71/><G71/><T113/><D38/><U27/><REACH who="1" step="1"/><E85/><REACH who="1" ten="121,259,319,291" step="2"/><V52/><F108/><W1/><G106/><T118/><D113/><U88/><E88/><V135/><F132/><W17/><G0/><T123/><D133/><U129/><E129/><V64/><F135/><W42/><G1/><T109/><D123/><U68/><E68/><V33/><F33/><W65/><G101/><T121/><D121/><U126/><E126/><V81/><F91/><W104/><G127/><T24/><D109/><U67/><E67/><V39/><F64/><N who="3" m="38959" /><G104/><T103/><D103/><U7/><AGARI ba="0,1" hai="7,11,15,22,27,30,73,75,77,78,80,82,97,99" machi="7" ten="20,8000,1" yaku="1,1,0,1,7,1,9,1,52,1,53,0" doraHai="2" doraHaiUra="70" who="1" fromWho="1" sc="121,-20,259,90,319,-20,291,-40" owari="101,-39.9,349,44.9,299,9.9,251,-14.9" /></mjloggm>