<mjloggm ver="2.3"><GO type="225" lobby="0"/><UN n0="%73%6C%69%63%6B%33%31%39" n1="%48%61%61%61%6C%61%6E%64" n2="%E8%BE%9B%E5%8F%A3%E3%82%AB%E3%83%AC%E3%83%BC%E3%83%A9%E3%82%A4%E3%82%B9" n3="%E6%A1%9C%E8%8A%B1%E9%96%83%E3%80%85" dan="17,17,16,18" rate="2167.77,2221.66,2128.21,2254.38" sx="M,M,M,M"/><TAIKYOKU oya="0"/><INIT seed="0,0,0,4,4,48" ten="250,250,250,250" oya="0" hai0="80,69,120,13,82,94,132,127,17,49,24,104,2" hai1="59,114,45,29,106,14,6,46,118,99,41,63,27" hai2="47,133,67,113,128,95,110,40,81,38,115,84,33" hai3="23,98,21,50,131,109,135,126,26,97,35,112,85"/><T10/><D120/><U108/><E118/><V11/><F110/><W3/><G112/><T36/><D104/><U103/><E114/><V31/><F133/><W18/><G109/><T12/><D36/><U123/><E123/><V57/><F128/><W60/><G131/><T105/><D105/><U8/><E108/><V77/><F33/><W16/><G35/><T43/><D2/><U87/><E87/><V7/><F31/><W125/><G135/><T129/><D132/><U64/><REACH who="1" step="1"/><E41/><REACH who="1" ten="250,240,250,250" step="2"/><V62/><REACH who="2" step="1"/><F95/><REACH who="2" ten="250,240,240,250" step="2"/><W78/><G125/><T107/><D94/><U124/><E124/><V76/><F76/><W0/><G126/><T89/><D127/><U44/><E44/><V122/><F122/><W70/><G78/><T130/><D130/><U37/><E37/><V74/><F74/><W116/><G116/><T121/><D129/><U93/><E93/><V79/><F79/><W111/><G111/><T32/><D107/><U75/><E75/><V56/><F56/><W96/><G85/><T83/><D121/><U5/><E5/><V73/><F73/><W9/><G97/><T20/><D80/><U58/><E58/><V68/><F68/><W119/><G98/><T90/><D69/><U92/><E92/><V22/><F22/><AGARI ba="0,2" hai="6,8,14,22,27,29,45,46,59,63,64,99,103,106" machi="22" ten="30,2000,0" yaku="1,1,7,1,53,0" doraHai="48" doraHaiUra="65" who="1" fromWho="2" sc="250,0,240,40,240,-20,250,0" /><INIT seed="1,0,0,2,0,35" ten="250,280,220,250" oya="1" hai0="27,75,87,90,101,129,34,23,59,85,82,104,108" hai1="9,69,52,22,58,100,21,6,41,86,103,54,49" hai2="63,96,14,67,66,117,15,55,37,130,94,18,1" hai3="95,47,30,16,73,38,126,7,70,114,89,40,33"/><U125/><E125/><V64/><F117/><W127/><G114/><T131/><D34/><U81/><E69/><V83/><F37/><W77/><G70/><T79/><D59/><U45/><E100/><V2/><F130/><N who="0" m="49674" /><D23/><U8/><E103/><V120/><F120/><W118/><G118/><T93/><D27/><U115/><E115/><V32/><F32/><W134/><G134/><T29/><D29/><U20/><E6/><V60/><F83/><W132/><G132/><T74/><D108/><U43/><E54/><V102/><F15/><W76/><G7/><T80/><D104/><U48/><REACH who="1" step="1"/><E41/><REACH who="1" ten="250,270,220,250" step="2"/><V109/><F109/><W106/><G127/><T24/><D24/><U111/><E111/><V46/><F55/><W98/><G40/><T12/><D12/><U123/><E123/><V42/><F63/><W119/><G126/><T65/><D65/><U124/><E124/><V99/><F60/><W11/><G106/><T97/><AGARI ba="0,1" hai="74,75,79,80,82,85,87,90,93,97,101" m="49674" machi="97" ten="30,4000,0" yaku="19,1,34,2" doraHai="35" who="0" fromWho="0" sc="250,50,270,-20,220,-10,250,-10" /><INIT seed="2,0,0,4,0,82" ten="300,250,210,240" oya="2" hai0="109,41,90,126,80,48,23,75,115,61,118,92,50" hai1="104,127,110,26,14,107,117,56,62,60,28,34,102" hai2="105,78,101,51,53,94,85,21,40,64,59,16,19" hai3="89,98,81,113,93,35,74,38,73,100,18,2,72"/><V36/><F105/><W68/><G68/><T1/><D115/><U119/><E110/><V134/><F134/><W7/><G35/><T84/><D109/><U83/><E127/><V111/><F111/><W65/><G65/><T17/><D126/><U49/><E49/><V67/><F36/><W57/><G57/><T99/><D1/><U27/><E14/><N who="2" m="9367" /><F40/><W5/><G38/><T86/><D118/><U70/><E70/><V13/><F101/><W22/><G113/><T128/><D128/><U10/><E107/><V106/><F106/><W43/><G43/><T103/><D75/><U55/><E102/><V54/><F54/><W79/><G100/><T97/><D41/><U58/><E104/><V4/><F4/><W129/><G129/><T130/><D130/><U123/><E123/><V95/><F78/><W116/><G116/><T24/><D61/><U39/><E39/><V46/><F46/><W47/><G47/><T87/><D99/><U37/><E37/><V44/><F44/><W135/><G135/><T108/><D108/><U122/><E122/><V112/><F112/><W77/><G77/><T33/><D33/><U25/><E117/><V132/><F132/><W71/><G71/><T96/><D96/><U0/><E119/><V133/><F133/><W31/><G2/><T131/><D131/><U20/><E34/><V124/><F124/><W125/><G125/><T15/><D15/><U45/><E0/><V114/><F114/><W11/><G74/><T29/><D17/><U91/><E62/><V6/><F19/><W120/><G120/><T52/><D52/><RYUUKYOKU ba="0,0" sc="300,30,250,-10,210,-10,240,-10" hai0="23,24,29,48,50,80,84,86,87,90,92,97,103" /><INIT seed="3,1,0,1,5,55" ten="330,240,200,230" oya="3" hai0="101,100,134,15,50,43,124,46,13,14,39,64,118" hai1="58,67,20,48,105,12,53,120,93,18,7,97,107" hai2="83,60,125,1,6,0,114,133,4,56,80,110,91" hai3="111,9,78,79,8,10,57,38,47,61,42,34,75"/><W94/><G34/><T23/><D118/><U123/><E7/><V116/><F116/><W88/><G111/><T25/><D124/><U84/><E67/><V41/><F114/><W109/><G109/><T106/><D134/><U128/><E128/><V104/><F110/><W70/><G70/><T86/><D39/><U126/><E126/><V45/><F125/><W82/><G78/><T16/><D106/><N who="1" m="40459" /><E97/><V117/><F117/><W69/><G69/><T65/><D86/><U31/><E31/><V130/><F133/><W32/><G32/><T74/><D74/><U92/><E92/><V129/><F104/><W73/><G73/><T29/><D29/><U66/><E66/><AGARI ba="1,0" hai="13,14,15,16,23,25,43,46,50,64,65,66,100,101" machi="66" ten="40,2600,0" yaku="8,1,54,1" doraHai="55" who="0" fromWho="1" sc="330,29,240,-29,200,0,230,0" owari="359,45.9,211,-18.9,200,-30.0,230,3.0" /></mjloggm>