<mjloggm ver="2.3"><GO type="225" lobby="0"/><UN n0="%E3%82%BC%E3%83%AB%E3%83%80%E3%81%AE%E4%BC%9D%E8%AA%AC" n1="%E7%B4%94%E6%BD%94%E3%83%94%E3%83%A9%E3%83%8B%E3%82%A2" n2="%72%69%6F%75%63%68%61%6E" n3="%E3%82%A2%E3%83%BC%E3%83%A2%E3%83%AD%E3%83%BC%E3%83%B4%E3%82%A1" dan="17,16,16,16" rate="2172.05,2147.65,2124.82,2112.97" sx="M,M,M,M"/><TAIKYOKU oya="0"/><INIT seed="0,0,0,4,1,46" ten="250,250,250,250" oya="0" hai0="98,99,37,73,93,53,88,10,113,133,40,74,22" hai1="29,51,84,63,90,21,1,68,105,131,119,57,43" hai2="135,14,134,103,0,60,34,44,130,101,111,38,45" hai3="33,82,56,64,35,91,104,54,75,25,15,50,69"/><T13/><D113/><U79/><E105/><V12/><F111/><W117/><G117/><T96/><D133/><N who="2" m="50698" /><F0/><W110/><G110/><T106/><D22/><U129/><E1/><V83/><F34/><W58/><G104/><T24/><D24/><N who="1" m="16527" /><E79/><V100/><F130/><N who="1" m="49673" /><E119/><V61/><F83/><W5/><G69/><T97/><D106/><U107/><E107/><V112/><F112/><W118/><G118/><T77/><D77/><U95/><E43/><N who="2" m="22647" /><F45/><W94/><G82/><T55/><D40/><U48/><E68/><V23/><F12/><W86/><G75/><T80/><D37/><U62/><E62/><V4/><F4/><W124/><G25/><T30/><D30/><U89/><E89/><V128/><F128/><W11/><REACH who="3" step="1"/><G124/><REACH who="3" ten="250,250,250,240" step="2"/><T67/><D74/><U31/><E31/><V66/><F66/><AGARI ba="0,1" hai="48,51,57,63,66,84,90,95" m="49673,16527" machi="66" ten="30,3900,0" yaku="19,1,52,2" doraHai="46" who="1" fromWho="2" sc="250,0,250,49,250,-39,240,0" /><INIT seed="1,0,0,0,1,29" ten="250,299,211,240" oya="1" hai0="135,56,71,102,112,130,28,108,118,4,1,110,10" hai1="68,78,11,57,14,124,20,45,6,58,8,100,101" hai2="95,69,22,134,16,34,49,70,65,40,107,42,18" hai3="55,83,92,80,47,123,50,59,25,126,2,105,13"/><U122/><E68/><V119/><F119/><W44/><G123/><T129/><D71/><U116/><E116/><V66/><F107/><W21/><G2/><T74/><D118/><U82/><E122/><V0/><F0/><W12/><G105/><T48/><D74/><U17/><E124/><V106/><F106/><W99/><G126/><T43/><D102/><U31/><E31/><V98/><F134/><W54/><G12/><T23/><D43/><N who="2" m="16426" /><F34/><W87/><G13/><T117/><D117/><U62/><E45/><N who="3" m="17482" /><G87/><T7/><D112/><U33/><E33/><V46/><F70/><W114/><G55/><N who="0" m="31847" /><D7/><U37/><E37/><V64/><F69/><W9/><G9/><T61/><D61/><U75/><E8/><V53/><F22/><W133/><G133/><T104/><D104/><U32/><E32/><V60/><F60/><W5/><G5/><T97/><D135/><U3/><E57/><V52/><F53/><AGARI ba="0,0" hai="3,6,11,14,17,20,53,58,62,75,78,82,100,101" machi="53" ten="30,1500,0" yaku="7,1" doraHai="29" who="1" fromWho="2" sc="250,0,299,15,211,-15,240,0" /><INIT seed="1,1,0,2,1,69" ten="250,314,196,240" oya="1" hai0="40,57,55,103,30,18,107,62,135,93,38,72,3" hai1="44,82,27,98,15,45,47,42,89,10,112,75,53" hai2="6,65,77,0,122,71,22,56,131,16,118,48,132" hai3="51,64,108,23,5,2,36,116,129,88,43,81,50"/><U25/><E112/><V63/><F118/><W102/><G102/><T87/><D72/><U92/><E75/><V84/><F122/><W100/><G100/><T85/><D3/><U1/><E1/><V99/><F131/><W26/><G64/><T52/><D135/><U94/><E82/><V35/><F35/><W58/><G129/><T70/><D30/><U39/><E92/><V33/><F33/><W133/><G133/><T60/><D107/><U34/><E53/><V83/><F132/><W105/><G105/><T74/><D74/><U126/><E126/><V61/><F48/><W130/><G58/><T128/><D128/><U104/><E104/><V86/><F99/><W90/><G130/><T54/><D70/><U114/><E114/><V4/><F86/><W68/><G68/><T125/><D125/><U117/><E117/><V20/><F20/><W67/><G67/><N who="0" m="39311" /><D18/><U9/><E9/><V95/><F95/><W32/><G81/><T12/><D12/><U109/><E109/><V14/><REACH who="2" step="1"/><F0/><REACH who="2" ten="250,314,186,240" step="2"/><W46/><G32/><T101/><D85/><U111/><E34/><V49/><F49/><W19/><G116/><T96/><D87/><U106/><E106/><V24/><F24/><W134/><G134/><T73/><D73/><U121/><E121/><V28/><F28/><W124/><G124/><T123/><D123/><U8/><E27/><V29/><F29/><W120/><G120/><T127/><D127/><U97/><E25/><V115/><F115/><W79/><G2/><T31/><D31/><U17/><E97/><V80/><F80/><W119/><G119/><RYUUKYOKU ba="1,1" sc="250,-10,314,-10,186,30,240,-10" hai2="4,6,14,16,22,56,61,63,65,71,77,83,84" /><INIT seed="2,2,1,4,0,96" ten="240,304,216,230" oya="2" hai0="45,82,2,47,35,4,78,110,11,44,114,30,40" hai1="94,21,38,13,9,39,52,25,62,101,22,23,85" hai2="95,77,57,29,130,50,59,56,63,34,135,68,108" hai3="113,132,8,15,55,97,33,0,104,28,14,118,16"/><V134/><F130/><W31/><G118/><T65/><D110/><U42/><E42/><V117/><F117/><W54/><G0/><T43/><D114/><U81/><E94/><V111/><F77/><W119/><G119/><T121/><D121/><U76/><E101/><V90/><F29/><N who="3" m="11339" /><G33/><T88/><D65/><U124/><E124/><V122/><F34/><W126/><G126/><T24/><REACH who="0" step="1"/><D88/><REACH who="0" ten="230,304,216,230" step="2"/><N who="1" m="51247" /><E39/><V70/><F122/><W37/><G37/><T80/><D80/><U91/><E91/><V128/><F128/><W71/><G113/><T105/><D105/><U129/><E38/><V109/><F50/><W87/><G104/><T32/><D32/><U36/><E36/><V20/><F63/><W74/><G71/><N who="2" m="27177" /><F20/><W64/><G64/><T41/><D41/><U125/><E76/><V120/><F120/><W69/><G69/><T112/><D112/><U98/><E129/><V26/><F26/><W89/><G89/><T58/><D58/><N who="2" m="14850" /><V86/><AGARI ba="2,2" hai="86,90,95,108,109,111,134,135" m="14850,27177" machi="86" ten="50,9600,0" yaku="4,1,14,1,10,1" doraHai="96" who="2" fromWho="2" sc="230,-34,304,-34,216,122,230,-34" /><INIT seed="2,3,0,1,5,86" ten="196,270,338,196" oya="2" hai0="135,73,21,119,43,8,39,45,7,25,106,9,54" hai1="108,60,28,87,10,78,17,89,15,37,58,68,65" hai2="97,29,133,104,59,127,111,19,88,53,14,49,62" hai3="66,125,102,36,6,3,84,40,32,55,118,47,115"/><V63/><F127/><W129/><G118/><T4/><D119/><U99/><E108/><V126/><F126/><W92/><G125/><T22/><D106/><U101/><E37/><V81/><F111/><W50/><G32/><T72/><D135/><U1/><E1/><V41/><F133/><W93/><G129/><T26/><D54/><U71/><E78/><V82/><F29/><W18/><G115/><T98/><D98/><U122/><E122/><V57/><F104/><W52/><G66/><T105/><D105/><U77/><E77/><V90/><F41/><W116/><G116/><T34/><D34/><U113/><E113/><V79/><F97/><N who="3" m="59687" /><G3/><T112/><D112/><U13/><E28/><V128/><F128/><W100/><G36/><T80/><D80/><N who="2" m="30826" /><F79/><W42/><G6/><T83/><D83/><U132/><E132/><V131/><F131/><W120/><G120/><T94/><D94/><U134/><E99/><V130/><F130/><W44/><G18/><T12/><D73/><U51/><E101/><V70/><F70/><W46/><G100/><T31/><D72/><U69/><E134/><V27/><F27/><W67/><G40/><T48/><D39/><U61/><E69/><V56/><F63/><W30/><G30/><T33/><D25/><U109/><E68/><V110/><F110/><W121/><G121/><T95/><D95/><N who="1" m="54719" /><E109/><V76/><F76/><W74/><G74/><T117/><D117/><U103/><E103/><V64/><F57/><W0/><G42/><T107/><D107/><U91/><E71/><V123/><F123/><W24/><G24/><RYUUKYOKU ba="3,0" sc="196,15,270,-15,338,15,196,-15" hai0="4,7,8,9,12,21,22,26,31,33,43,45,48" hai2="14,19,49,53,56,59,62,64,88,90" /><INIT seed="2,4,0,2,5,0" ten="211,255,353,181" oya="2" hai0="71,84,108,20,90,101,50,123,135,134,96,107,60" hai1="14,39,126,38,65,83,89,133,47,121,112,117,11" hai2="110,9,58,99,34,85,3,73,119,128,103,114,41" hai3="130,36,67,49,102,66,109,27,125,52,100,76,94"/><V25/><F114/><W97/><G109/><T122/><D50/><U43/><E117/><V4/><F119/><W18/><G130/><T57/><D71/><U74/><E126/><V80/><F128/><W1/><G125/><T48/><D48/><U10/><E133/><N who="0" m="50697" /><D20/><U59/><E121/><V12/><F73/><W35/><G36/><T51/><D51/><U2/><E38/><V69/><F110/><W72/><G1/><T113/><D113/><U26/><E26/><V105/><F69/><W92/><G76/><T55/><D108/><U63/><E112/><V88/><F41/><W46/><G72/><T16/><D16/><U6/><E74/><V111/><F111/><W91/><G102/><T120/><D120/><U62/><E62/><V21/><F58/><W64/><G35/><T32/><D32/><U53/><E83/><AGARI ba="4,0" hai="55,57,60,83,84,90,96,101,107,122,123" m="50697" machi="83" ten="30,1000,0" yaku="20,1" doraHai="0" who="0" fromWho="1" sc="211,22,255,-22,353,0,181,0" /><INIT seed="3,0,0,2,2,84" ten="233,233,353,181" oya="3" hai0="16,65,28,50,101,22,94,62,39,83,111,126,33" hai1="121,59,118,105,68,113,88,125,42,53,1,69,90" hai2="8,115,6,26,133,41,86,122,13,38,78,128,43" hai3="4,106,56,23,134,95,120,114,19,5,71,127,37"/><W58/><G114/><T98/><D39/><U44/><E105/><V34/><F38/><W31/><G120/><T14/><D111/><U99/><E1/><V93/><F115/><W103/><G71/><T77/><D126/><U24/><E121/><V107/><F107/><W18/><G37/><T80/><D50/><U52/><E125/><V123/><F128/><W81/><G106/><T85/><D80/><U67/><E113/><V73/><F73/><W45/><G45/><T130/><D130/><U131/><E131/><V47/><F133/><W3/><G134/><T29/><D33/><U25/><E118/><V63/><F63/><W108/><G127/><T10/><D10/><U91/><E99/><V9/><F9/><W76/><G108/><T96/><D96/><U57/><E67/><V124/><F124/><W2/><G31/><T70/><AGARI ba="0,0" hai="14,16,22,28,29,62,65,70,77,83,85,94,98,101" machi="70" ten="20,2700,0" yaku="0,1,7,1,54,1" doraHai="84" who="0" fromWho="0" sc="233,27,233,-7,353,-7,181,-13" owari="260,6.0,226,-17.4,346,44.6,168,-33.2" /></mjloggm>