<mjloggm ver="2.3"><GO type="225" lobby="0"/><UN n0="%E3%81%99%E3%81%84%E3%81%BE%E3%81%9B%E3%83%BC%E3%82%93" n1="%48%61%61%61%6C%61%6E%64" n2="%6B%69%72%61%64%6F%6B%69" n3="%E9%B3%B3%E6%9D%B1%E3%81%AE%E3%81%86%E3%81%95%E3%81%8E%E3%81%95%E3%82%93" dan="17,18,16,17" rate="2250.34,2294.59,2064.39,2259.16" sx="M,M,M,M"/><TAIKYOKU oya="0"/><INIT seed="0,0,0,5,4,126" ten="250,250,250,250" oya="0" hai0="89,76,96,116,97,54,1,75,67,7,4,87,74" hai1="69,10,109,20,118,40,119,93,131,59,8,32,103" hai2="0,11,134,21,71,65,24,62,79,56,68,16,33" hai3="78,55,46,47,72,53,85,39,3,115,57,83,28"/><T29/><D116/><U15/><E69/><V25/><F134/><W129/><G115/><T91/><D67/><U122/><E32/><V48/><F79/><W12/><G3/><T23/><D54/><U77/><E122/><V113/><F113/><W120/><G120/><T133/><D23/><U26/><E109/><V43/><F43/><W84/><G28/><T104/><D29/><U81/><E40/><V50/><F33/><W110/><G110/><T6/><D1/><U22/><E59/><V117/><F25/><W123/><G123/><T88/><D133/><U80/><E93/><V94/><F117/><W27/><G27/><T95/><D104/><U17/><E22/><V2/><F2/><W34/><G34/><T5/><N who="0" m="1024" /><DORA hai="51" /><T64/><D64/><U60/><E60/><V41/><F0/><W128/><G12/><T35/><D35/><U70/><E70/><V82/><F11/><W86/><G39/><T135/><D135/><U9/><E15/><V108/><F108/><W107/><G55/><T19/><D19/><U42/><E42/><V101/><F41/><W92/><G92/><N who="0" m="56327" /><D74/><U100/><E26/><V66/><F68/><W30/><G30/><T90/><D75/><U45/><E119/><V114/><F66/><W111/><G107/><T98/><D98/><U63/><E118/><V14/><F71/><W124/><G111/><T13/><D13/><U38/><E38/><V37/><F14/><W44/><REACH who="3" step="1"/><G124/><REACH who="3" ten="250,250,250,240" step="2"/><T125/><D125/><U112/><E112/><V106/><F114/><W99/><G99/><T132/><D132/><U127/><E127/><RYUUKYOKU ba="0,1" sc="250,15,250,-15,250,-15,240,15" hai0="76,87,89,90,91,95,97" hai3="44,46,47,53,57,72,78,83,84,85,86,128,129" /><INIT seed="0,1,1,0,1,51" ten="265,235,235,255" oya="0" hai0="58,35,61,75,135,97,18,77,113,64,39,33,68" hai1="103,128,102,2,117,34,74,98,10,84,134,104,130" hai2="30,122,56,27,25,127,118,99,93,6,100,110,24" hai3="70,57,52,76,47,101,94,7,115,63,14,55,59"/><T31/><D113/><U1/><E74/><V85/><F122/><W13/><G115/><T124/><D39/><U44/><E117/><V80/><F118/><W36/><G70/><T15/><D124/><U88/><E134/><V82/><F127/><W21/><G76/><T107/><D135/><U125/><E125/><V109/><F6/><W123/><G123/><T50/><D31/><U29/><E103/><V108/><F30/><W126/><G126/><T16/><D18/><U111/><E111/><V90/><REACH who="2" step="1"/><F56/><REACH who="2" ten="265,235,225,255" step="2"/><W83/><G7/><T8/><D58/><U112/><E112/><V53/><F53/><W28/><G57/><T45/><D68/><U48/><E29/><V87/><F87/><W12/><G55/><T54/><D54/><N who="1" m="29959" /><E34/><V40/><F40/><W79/><G28/><T114/><D114/><U43/><E43/><V46/><F46/><W129/><G47/><T73/><D45/><U4/><E4/><V72/><F72/><W11/><G52/><T62/><D75/><U41/><E41/><V22/><F22/><W9/><G21/><T69/><D35/><U120/><E120/><V5/><F5/><W119/><G119/><T116/><D33/><U81/><E10/><V91/><F91/><W96/><G9/><T38/><D116/><U37/><E37/><V86/><F86/><N who="3" m="48511" /><G36/><T65/><D38/><U92/><E1/><V132/><F132/><W60/><G11/><T95/><D73/><U42/><E2/><V32/><F32/><W26/><G59/><T49/><D69/><U121/><E121/><V131/><F131/><N who="1" m="50217" /><E42/><V71/><F71/><RYUUKYOKU ba="1,2" sc="265,-15,235,15,225,15,255,-15" hai1="81,84,88,92,98,102,104" hai2="24,25,27,80,82,85,90,93,99,100,108,109,110" /><INIT seed="1,2,2,1,4,51" ten="250,250,240,240" oya="1" hai0="129,18,7,81,66,91,41,110,106,48,123,62,115" hai1="8,38,22,111,37,49,57,113,47,16,77,108,60" hai2="71,73,98,43,35,131,46,104,9,50,20,80,119" hai3="107,11,93,52,70,54,103,4,27,97,69,79,44"/><U116/><E113/><V40/><F119/><W31/><G79/><T102/><D115/><U19/><E77/><V25/><F35/><W5/><G107/><T17/><D129/><U126/><E116/><V99/><F71/><W120/><G120/><T42/><D110/><N who="1" m="42027" /><E8/><V132/><F73/><W32/><G4/><T28/><D7/><U124/><E38/><V34/><F34/><W121/><G121/><T74/><D74/><U1/><E37/><V130/><F132/><W39/><G39/><T15/><D123/><U72/><E1/><V133/><F133/><W94/><G93/><T64/><D106/><U13/><E19/><V2/><F104/><W117/><G117/><T83/><D18/><U76/><E76/><V67/><F2/><W14/><REACH who="3" step="1"/><G44/><REACH who="3" ten="250,250,240,230" step="2"/><T88/><D83/><U122/><E122/><V55/><F80/><W95/><G95/><T12/><D81/><U75/><E75/><V128/><F130/><W61/><G61/><T127/><D62/><U3/><E72/><V21/><F128/><W63/><G63/><T24/><D48/><U68/><E68/><AGARI ba="2,3" hai="5,11,14,27,31,32,52,54,68,69,70,94,97,103" machi="68" ten="40,8000,1" yaku="1,1,52,2,54,1,53,1" doraHai="51" doraHaiUra="6" who="3" fromWho="1" sc="250,0,250,-86,240,0,230,116" /><INIT seed="2,0,0,4,1,28" ten="250,164,240,346" oya="2" hai0="67,62,21,70,44,106,84,33,102,8,54,15,64" hai1="16,122,134,101,42,125,90,127,25,46,114,111,93" hai2="97,58,63,3,80,86,1,49,9,39,118,89,26" hai3="132,29,131,35,75,5,51,83,88,94,91,41,87"/><V47/><F39/><W53/><G5/><T113/><D33/><U31/><E114/><V13/><F118/><W78/><G131/><T24/><D113/><U59/><E111/><V50/><F97/><W99/><G132/><T109/><D109/><U4/><E134/><V65/><F26/><W71/><G71/><T107/><D102/><U12/><E4/><V121/><F121/><W60/><G35/><T55/><D67/><U0/><E0/><V68/><F68/><W74/><G29/><T6/><D84/><U73/><E73/><V105/><F105/><W19/><G19/><T20/><D20/><U116/><E59/><V117/><F49/><W133/><G133/><T115/><D115/><U57/><E57/><V14/><F14/><W124/><G124/><T135/><D135/><U123/><E101/><V45/><F45/><N who="3" m="26031" /><G75/><T43/><D107/><U126/><E116/><V92/><F117/><W110/><G74/><T77/><D106/><U66/><E66/><V85/><F1/><W11/><G11/><T103/><D103/><U36/><E31/><V112/><F3/><W23/><G23/><T40/><D21/><U95/><E25/><V100/><F100/><N who="3" m="60535" /><G110/><T129/><D129/><U7/><E7/><N who="2" m="3263" /><F112/><W82/><G82/><T79/><D24/><U34/><E34/><V119/><F119/><W120/><G120/><N who="1" m="46122" /><E90/><N who="2" m="53327" /><F47/><W52/><G60/><N who="0" m="40199" /><D44/><U22/><AGARI ba="0,0" hai="12,16,22,36,42,46,93,95,125,126,127" m="46122" machi="22" ten="40,5200,0" yaku="18,1,13,1,54,1" doraHai="28" who="1" fromWho="1" sc="250,-13,164,52,240,-26,346,-13" /><INIT seed="3,0,0,5,3,113" ten="237,216,214,333" oya="3" hai0="84,61,74,37,35,71,83,98,116,28,135,55,34" hai1="22,31,120,15,78,87,18,60,19,7,63,16,79" hai2="130,66,17,102,64,65,27,38,51,77,128,127,46" hai3="54,114,40,129,56,13,57,3,72,106,134,32,121"/><W12/><G121/><T33/><D116/><U75/><E75/><V14/><F102/><W109/><G3/><T82/><D37/><U133/><E120/><V90/><F38/><W36/><G106/><T131/><D28/><U45/><E133/><V104/><F104/><W132/><G32/><T62/><D135/><U39/><E39/><V112/><F112/><W47/><G114/><T86/><D74/><U43/><E43/><N who="2" m="25055" /><F77/><N who="1" m="29193" /><E45/><V44/><F44/><W91/><G109/><T92/><D131/><N who="2" m="50218" /><F127/><W42/><G42/><T85/><D55/><U5/><E87/><V58/><F90/><W50/><G129/><T8/><D8/><N who="1" m="4495" /><E7/><V68/><F68/><W29/><G72/><T103/><D71/><U30/><E22/><N who="2" m="13775" /><F14/><W4/><G12/><T67/><D83/><U115/><E115/><V126/><F126/><W117/><G132/><T89/><D86/><U88/><E88/><V122/><F122/><W26/><G91/><T0/><D0/><U100/><E100/><V25/><F25/><W69/><G26/><T21/><D85/><U23/><E30/><V105/><F105/><W111/><G29/><T107/><D107/><U80/><E80/><V48/><F58/><W110/><G56/><N who="0" m="37287" /><D21/><U97/><E97/><V108/><F108/><W49/><G110/><T9/><D9/><U99/><E99/><V73/><F73/><W125/><G111/><T76/><D76/><U6/><E6/><V101/><F101/><W2/><G36/><T1/><D1/><U96/><E96/><V123/><F123/><W10/><G134/><T94/><D82/><U119/><E119/><RYUUKYOKU ba="0,0" sc="237,10,216,10,214,10,333,-30" hai0="33,34,35,62,84,89,92,94,98,103" hai1="16,18,19,23,31,60,63" hai2="48,64,65,66" owari="247,4.7,226,-17.4,224,-27.6,303,40.3" /></mjloggm>