<mjloggm ver="2.3"><GO type="225" lobby="0"/><UN n0="%6D%75%75%6D%75%72%61" n1="%E3%83%AD%E3%83%83%E3%83%86%E9%9B%80%E7%90%83" n2="%79%69%6E%6E%65%72%30%36" n3="%E6%80%AA%E3%81%97%E3%81%99%E3%81%8E%E3%82%8B%E3%83%81%E3%83%BC" dan="16,17,17,16" rate="2148.57,2240.00,2153.34,2102.46" sx="F,M,F,M"/><TAIKYOKU oya="0"/><INIT seed="0,0,0,5,0,0" ten="250,250,250,250" oya="0" hai0="42,40,84,124,91,85,128,70,43,82,68,62,110" hai1="114,50,87,132,22,49,3,64,10,76,72,29,11" hai2="123,127,57,113,88,25,6,31,13,66,94,96,38" hai3="23,111,108,130,98,105,63,36,89,45,95,90,116"/><T61/><D128/><U115/><E72/><V34/><F123/><W46/><G116/><T16/><D124/><U33/><E33/><V104/><F127/><W77/><G130/><T4/><D110/><N who="3" m="42025" /><G105/><T18/><D84/><U55/><E132/><V79/><F113/><N who="1" m="43017" /><E64/><V20/><F38/><W75/><G63/><T86/><D86/><U60/><E60/><N who="2" m="38159" /><F104/><W35/><G35/><T21/><D4/><N who="1" m="1311" /><E11/><N who="2" m="4343" /><F34/><W26/><G36/><T120/><D120/><U69/><E69/><V47/><F47/><W24/><G24/><T73/><D73/><U112/><E112/><V19/><F79/><W59/><G77/><T133/><D133/><U53/><E22/><V54/><F54/><N who="1" m="20489" /><E29/><AGARI ba="0,0" hai="19,20,25,29,31,88,94,96" m="4343,38159" machi="29" ten="30,3900,0" yaku="8,1,52,1,54,1" doraHai="0" who="2" fromWho="1" sc="250,0,250,-39,250,39,250,0" /><INIT seed="1,0,0,4,3,0" ten="250,211,289,250" oya="1" hai0="42,115,60,67,82,11,56,9,107,12,113,38,31" hai1="16,43,124,75,132,106,96,84,28,5,17,87,131" hai2="55,49,105,40,133,39,92,18,30,19,85,112,36" hai3="6,1,130,127,4,111,79,118,8,27,120,135,20"/><U10/><E75/><V108/><F105/><W23/><G120/><T47/><D107/><U68/><E68/><V7/><F108/><W52/><G111/><T99/><D31/><U81/><E124/><V69/><F69/><W41/><G127/><T86/><D99/><U76/><E132/><V80/><F30/><W65/><G135/><T61/><D61/><U3/><E131/><V73/><F133/><W51/><G130/><T62/><D62/><U70/><E70/><V90/><F40/><W54/><G118/><T37/><D37/><U129/><E129/><V21/><F19/><N who="3" m="12703" /><G1/><T24/><D24/><U15/><E28/><V100/><F112/><W110/><G8/><T77/><REACH who="0" step="1"/><D11/><REACH who="0" ten="240,211,289,250" step="2"/><U128/><E128/><V117/><F39/><W50/><G110/><T58/><D58/><U63/><E63/><V14/><F36/><W89/><G65/><T126/><D126/><U57/><E57/><V53/><F117/><W114/><G114/><T29/><D29/><U94/><E106/><V33/><F33/><W46/><G50/><T48/><D48/><U91/><E96/><V45/><F49/><W95/><G23/><T13/><D13/><U101/><E101/><V32/><F100/><W26/><G26/><T125/><D125/><U66/><E66/><V59/><F14/><W72/><G51/><T2/><D2/><U98/><E3/><V35/><F35/><W71/><G71/><T97/><D97/><U103/><REACH who="1" step="1"/><E43/><REACH who="1" ten="240,201,289,250" step="2"/><V116/><F116/><W104/><G41/><T102/><D102/><U123/><E123/><V74/><F32/><W134/><G104/><RYUUKYOKU ba="0,2" sc="240,15,201,15,289,-15,250,-15" hai0="9,12,38,42,47,56,60,67,77,82,86,113,115" hai1="5,10,15,16,17,76,81,84,87,91,94,98,103" /><INIT seed="1,1,2,4,1,2" ten="255,216,274,235" oya="1" hai0="31,134,47,57,50,7,78,128,89,65,21,97,48" hai1="120,76,33,106,11,38,4,77,36,29,1,18,126" hai2="58,100,56,73,54,92,41,107,116,122,132,23,19" hai3="121,84,52,25,3,95,124,129,93,39,49,131,59"/><U102/><E120/><V17/><F116/><W51/><G121/><T75/><D128/><N who="3" m="49225" /><G124/><T5/><D134/><U88/><E126/><V109/><F73/><W40/><G3/><T8/><D75/><U98/><E18/><V133/><F122/><W103/><G39/><T35/><D35/><U20/><E20/><V0/><F0/><W111/><G111/><T6/><D78/><U130/><E130/><V91/><F109/><W22/><G103/><T105/><D105/><U82/><E88/><V12/><F41/><W108/><G84/><T14/><D31/><U67/><E67/><V34/><F34/><W62/><G108/><T64/><D21/><U83/><E83/><V68/><F19/><N who="3" m="12511" /><G40/><N who="0" m="24679" /><D65/><U28/><E77/><V32/><F32/><W113/><G113/><T117/><D117/><U80/><E80/><V66/><F66/><N who="3" m="39263" /><G51/><T43/><D64/><U110/><E110/><V104/><F68/><W10/><G10/><T123/><D123/><U87/><REACH who="1" step="1"/><E29/><REACH who="1" ten="255,206,274,235" step="2"/><V27/><F17/><W101/><G101/><T9/><D9/><U61/><E61/><V70/><F100/><W55/><G55/><N who="0" m="31991" /><D43/><U119/><E119/><V112/><F54/><W127/><G127/><T13/><D8/><U114/><E114/><V60/><F112/><W115/><G115/><T16/><D16/><U26/><AGARI ba="1,3" hai="1,4,11,26,28,33,36,38,76,82,87,98,102,106" machi="26" ten="30,11700,0" yaku="1,1,0,1,52,1,53,1" doraHai="2" doraHaiUra="99" who="1" fromWho="1" sc="255,-40,206,150,274,-40,235,-40" /><INIT seed="1,2,0,3,4,115" ten="215,356,234,195" oya="1" hai0="0,31,38,14,89,73,66,98,62,81,74,70,133" hai1="43,1,76,134,114,104,33,51,71,25,18,126,135" hai2="108,100,83,21,72,86,61,36,118,8,106,17,59" hai3="90,69,79,64,44,46,116,65,37,27,88,16,55"/><U93/><E104/><V119/><F36/><W24/><G69/><T120/><D0/><U15/><E1/><V54/><F72/><W85/><G37/><T13/><D133/><U3/><E3/><V4/><F108/><W109/><G109/><T78/><D38/><U130/><E71/><V92/><F106/><W45/><G116/><T30/><D74/><U127/><E76/><V75/><F75/><W47/><G79/><T131/><D131/><U112/><E93/><V42/><F42/><W107/><G107/><T110/><D110/><U84/><E84/><V48/><F100/><W121/><G121/><T52/><D120/><U128/><E51/><V22/><F61/><W87/><G44/><T95/><D14/><U20/><E43/><V129/><F129/><N who="1" m="49769" /><E33/><V82/><F92/><W29/><G47/><T49/><REACH who="0" step="1"/><D13/><REACH who="0" ten="205,356,234,195" step="2"/><U35/><E15/><V53/><F118/><W117/><G117/><T80/><D80/><U122/><E122/><V7/><F119/><W26/><G29/><T123/><D123/><U9/><E9/><V41/><F8/><W19/><G27/><T101/><D101/><U105/><E114/><V111/><F82/><W56/><G55/><T91/><D91/><U23/><E112/><V96/><F54/><W68/><G68/><T132/><D132/><U102/><E135/><V99/><F111/><W5/><G5/><T63/><D63/><U12/><E134/><V57/><F7/><W2/><G2/><T77/><D77/><U32/><E12/><N who="2" m="9383" /><F4/><W97/><G97/><T28/><D28/><U58/><E25/><V124/><F96/><RYUUKYOKU ba="2,1" sc="205,15,356,-15,234,-15,195,15" hai0="30,31,49,52,62,66,70,73,78,81,89,95,98" hai3="16,19,24,26,45,46,56,64,65,85,87,88,90" /><INIT seed="2,3,1,1,5,104" ten="220,341,219,210" oya="2" hai0="34,0,19,66,81,116,91,127,18,86,88,73,129" hai1="53,49,130,25,42,10,85,134,110,32,108,52,45" hai2="47,125,83,37,6,40,5,4,95,29,3,109,9" hai3="79,99,24,114,113,63,21,50,107,12,39,100,75"/><V118/><F118/><W92/><G39/><T35/><D116/><U62/><E130/><V16/><F125/><W124/><G124/><T46/><D127/><U44/><E134/><V89/><F109/><N who="1" m="42089" /><E85/><V71/><F71/><W111/><G111/><T87/><D129/><U17/><E62/><V80/><F29/><W65/><G12/><T102/><D0/><U15/><E45/><V13/><REACH who="2" step="1"/><F3/><REACH who="2" ten="220,341,209,210" step="2"/><W60/><G113/><T28/><D28/><AGARI ba="3,2" hai="10,15,17,25,28,32,42,44,49,52,53" m="42089" machi="28" ten="30,2000,0" yaku="14,1,54,1" doraHai="104" who="1" fromWho="0" sc="220,-29,341,49,209,0,210,0" /><INIT seed="3,0,0,4,1,68" ten="191,390,209,210" oya="3" hai0="66,132,98,58,30,53,96,121,52,38,122,63,55" hai1="43,47,6,24,56,86,83,78,60,91,35,59,64" hai2="36,13,130,65,18,113,48,37,51,117,103,111,21" hai3="72,19,3,118,0,8,33,7,29,2,22,27,41"/><W9/><G41/><T50/><D38/><U94/><E6/><V123/><F117/><W69/><G72/><T126/><D126/><U92/><E35/><V26/><F113/><W15/><G69/><T25/><D132/><U1/><E1/><N who="3" m="618" /><G118/><T39/><D39/><U54/><E24/><V28/><F123/><W73/><G73/><T76/><D50/><N who="1" m="27007" /><E78/><V62/><F103/><W110/><G110/><T134/><D76/><U95/><E95/><V105/><F105/><W79/><G79/><T119/><D134/><U114/><E114/><V74/><F74/><W124/><G124/><T23/><REACH who="0" step="1"/><D119/><REACH who="0" ten="181,390,209,210" step="2"/><U40/><E40/><V34/><F37/><W70/><G70/><T16/><D16/><U125/><E125/><V84/><F36/><W109/><G109/><T85/><D85/><U100/><E100/><V46/><F111/><W90/><G90/><T131/><D131/><U108/><E108/><V12/><F130/><W87/><G87/><T127/><D127/><U128/><E128/><V107/><F84/><W101/><G101/><T57/><D57/><U129/><E129/><V42/><F107/><W31/><G31/><T104/><D104/><U106/><E106/><V81/><F81/><W4/><G4/><T80/><D80/><U133/><E133/><V116/><F116/><W61/><G61/><AGARI ba="0,1" hai="54,56,59,60,61,64,83,86,91,92,94" m="27007" machi="61" ten="30,1000,0" yaku="8,1" doraHai="68" who="1" fromWho="3" sc="181,0,390,20,209,0,210,-10" owari="181,-31.9,410,51.0,209,0.9,200,-20.0" /></mjloggm>