<mjloggm ver="2.3"><GO type="225" lobby="0"/><UN n0="%E2%91%A3%E9%81%BF%E9%81%8A%E6%88%AF%E3%80%90%E6%9D%B1%E5%8D%97%E3%80%91" n1="%43%68%65" n2="%E5%84%AA%40%41%42%43" n3="%E3%81%A1%E3%82%85%E3%81%86%E3%81%A9%E3%81%8F%E8%B1%A1%E3%81%95%E3%82%93" dan="16,16,17,17" rate="2138.61,2149.05,2203.55,2190.26" sx="M,M,M,M"/><TAIKYOKU oya="0"/><INIT seed="0,0,0,1,2,21" ten="250,250,250,250" oya="0" hai0="29,127,8,120,91,110,45,35,131,42,36,101,26" hai1="62,67,48,51,49,22,64,46,106,122,37,89,50" hai2="43,133,7,98,88,78,4,31,109,33,34,134,69" hai3="20,99,76,125,66,132,111,130,85,6,96,115,47"/><T55/><D120/><U3/><E106/><V108/><F69/><W13/><G115/><T80/><D131/><U11/><E122/><V121/><F43/><W107/><G130/><T72/><D127/><U129/><E129/><V128/><BYE who="1" /><F78/><W100/><G66/><T75/><D110/><N who="2" m="42602" /><F128/><W23/><G125/><T93/><D101/><U84/><E84/><V135/><F121/><W56/><G56/><T82/><D55/><U86/><E86/><V73/><F73/><W87/><G99/><T61/><D61/><U12/><E12/><V41/><F41/><W119/><G119/><T28/><D8/><U63/><E63/><V54/><F54/><W116/><G116/><T90/><D29/><U27/><E27/><N who="2" m="18687" /><F34/><W44/><G76/><T57/><D57/><U118/><E118/><V123/><F123/><W97/><G111/><T17/><D75/><U103/><E103/><V71/><F71/><W102/><G102/><T40/><D40/><U95/><E95/><AGARI ba="0,0" hai="4,7,88,95,98,133,134,135" m="18687,42602" machi="95" ten="40,8000,1" yaku="20,1,14,1,52,1,54,1" doraHai="21" who="2" fromWho="1" sc="250,0,250,-80,250,80,250,0" /><INIT seed="1,0,0,1,3,96" ten="250,170,330,250" oya="1" hai0="23,77,102,76,52,45,130,111,10,124,91,26,7" hai1="85,61,119,84,14,37,58,74,100,125,72,6,16" hai2="95,63,126,54,123,44,62,89,133,112,12,25,113" hai3="2,98,105,60,1,116,43,28,83,75,68,78,47"/><U101/><E101/><V66/><F123/><W114/><G114/><N who="2" m="44137" /><F133/><W46/><G116/><T57/><D111/><U8/><E8/><V11/><F126/><W121/><G28/><T40/><D124/><U94/><E94/><V134/><F25/><W20/><G20/><T109/><D109/><U80/><E80/><V129/><F129/><W71/><G46/><T50/><D91/><U27/><E27/><V30/><F30/><W108/><G108/><T4/><D102/><UN n1="%43%68%65" /><U22/><E119/><V131/><F131/><W82/><G82/><T122/><D130/><U118/><E118/><V24/><F24/><W31/><G31/><T53/><D122/><U135/><E135/><V69/><F134/><W67/><G71/><T0/><D4/><U48/><E37/><V86/><F62/><W9/><G9/><T5/><D5/><U42/><E125/><V38/><F54/><W36/><G121/><T39/><D53/><N who="1" m="33999" /><E74/><V73/><F73/><W3/><REACH who="3" step="1"/><G98/><REACH who="3" ten="250,170,330,240" step="2"/><T110/><D110/><U81/><E72/><V19/><F44/><W70/><G70/><T35/><D35/><U92/><E6/><V79/><F38/><W97/><G97/><T15/><D0/><U33/><E33/><V99/><F99/><W88/><G88/><T32/><D32/><U115/><E115/><V87/><F87/><N who="1" m="33353" /><E81/><V104/><F79/><W49/><G49/><T117/><D117/><U103/><E92/><V64/><F104/><AGARI ba="0,1" hai="1,2,3,36,43,47,60,67,68,75,78,83,104,105" machi="104" ten="40,12000,2" yaku="1,1,33,3,53,3" doraHai="96" doraHaiUra="34" who="3" fromWho="2" sc="250,0,170,0,330,-120,240,130" /><INIT seed="2,0,0,5,5,66" ten="250,170,210,370" oya="2" hai0="122,52,5,53,125,60,73,39,32,116,44,37,81" hai1="113,97,55,129,21,1,114,58,26,36,12,104,7" hai2="61,49,24,109,94,83,27,13,31,120,68,18,75" hai3="62,106,87,33,133,119,84,63,0,45,56,23,10"/><V115/><F115/><W43/><G33/><T67/><D122/><U70/><E1/><V40/><F120/><W71/><G106/><T124/><D32/><U25/><E36/><N who="0" m="13897" /><D5/><U3/><E3/><V69/><F61/><W102/><G119/><T99/><D99/><U91/><E129/><V131/><F131/><W107/><G133/><T92/><D92/><U59/><E70/><V127/><F127/><N who="0" m="48714" /><D116/><U74/><E74/><V95/><F109/><W86/><G102/><T47/><D81/><U111/><E111/><V46/><F94/><W72/><G72/><T117/><D73/><U2/><E2/><V17/><F95/><W20/><G10/><T77/><D77/><U64/><E64/><V15/><F15/><W100/><G0/><T42/><D117/><U30/><E25/><V126/><F126/><W118/><G118/><T8/><D8/><N who="1" m="4127" /><E59/><V85/><F75/><W38/><G100/><T65/><D65/><U105/><E105/><V28/><F27/><W50/><G107/><T89/><D89/><U82/><E82/><V14/><F14/><W41/><G20/><T9/><D9/><U6/><E6/><V4/><F4/><W103/><G23/><T101/><D101/><N who="1" m="62511" /><E91/><N who="2" m="51647" /><F13/><W130/><G103/><T48/><D44/><U22/><E22/><N who="2" m="13391" /><F18/><W19/><G19/><T34/><D34/><U128/><E128/><V108/><F108/><W78/><G130/><T80/><D80/><U93/><E93/><V11/><F11/><W35/><G35/><T57/><AGARI ba="0,0" hai="42,47,48,52,53,57,60,67" m="48714,13897" machi="57" ten="30,7900,0" yaku="18,1,34,2,54,1" doraHai="66" who="0" fromWho="0" sc="250,79,170,-20,210,-39,370,-20" /><INIT seed="3,0,0,1,4,12" ten="329,150,171,350" oya="3" hai0="107,10,15,68,39,112,109,53,99,62,29,77,101" hai1="88,20,102,108,116,134,50,126,58,84,66,7,124" hai2="33,104,75,82,21,76,86,54,8,1,106,123,121" hai3="2,96,47,132,125,14,122,95,111,59,105,129,83"/><W36/><G122/><N who="2" m="46601" /><F33/><W55/><G2/><T113/><D109/><U38/><E38/><V65/><F65/><W80/><G105/><N who="2" m="40553" /><F21/><W131/><G111/><T93/><D39/><U79/><E108/><V115/><F115/><W92/><G132/><T16/><D77/><U48/><E134/><V135/><F135/><W81/><G125/><N who="1" m="48234" /><E102/><V133/><F133/><W85/><G14/><T97/><D29/><U19/><E79/><V74/><F54/><W63/><G47/><T61/><D53/><U130/><E7/><AGARI ba="0,0" hai="1,7,8,74,75,76,82,86" m="40553,46601" machi="7" ten="30,1000,0" yaku="13,1" doraHai="12" who="2" fromWho="1" sc="329,0,150,-10,171,10,350,0" owari="329,12.9,140,-36.0,181,-21.9,350,45.0" /></mjloggm>