<mjloggm ver="2.3"><GO type="225" lobby="0"/><UN n0="%E3%81%AF%E3%82%88%E3%81%8A%E3%81%98%E3%81%95%E3%82%93" n1="%E3%82%8C%E3%81%99%E3%81%93" n2="%E3%81%B5%E3%81%98%E3%81%8B%E3%81%A4" n3="%E3%83%89%E3%83%A9%E3%81%8F%E3%82%8C" dan="17,16,16,17" rate="2180.40,2100.07,2170.74,2308.07" sx="M,F,M,M"/><TAIKYOKU oya="0"/><INIT seed="0,0,0,2,5,13" ten="250,250,250,250" oya="0" hai0="59,41,90,111,96,92,18,20,134,1,61,57,56" hai1="97,84,87,44,113,49,71,5,131,110,102,28,23" hai2="58,116,68,8,25,36,117,63,42,26,72,89,133" hai3="125,47,100,70,32,108,69,17,129,50,130,43,124"/><T33/><D134/><U118/><E118/><N who="2" m="45675" /><F72/><W64/><G100/><T24/><D111/><U34/><E71/><N who="3" m="27146" /><G32/><T16/><D1/><U54/><E34/><V126/><F68/><W128/><G17/><N who="0" m="12303" /><D33/><U132/><E110/><V4/><F133/><W79/><G79/><T19/><D41/><U91/><E132/><V80/><F126/><N who="3" m="48747" /><G108/><T21/><D61/><U30/><E131/><V3/><F89/><W11/><G11/><T6/><D6/><U88/><E5/><V67/><F80/><W46/><G46/><AGARI ba="0,0" hai="3,4,8,25,26,36,42,46,58,63,67" m="45675" machi="46" ten="30,1000,0" yaku="12,1" doraHai="13" who="2" fromWho="3" sc="250,0,250,0,250,10,250,-10" /><BYE who="0" /><INIT seed="1,0,0,1,1,73" ten="250,250,260,240" oya="1" hai0="134,118,44,40,71,12,121,88,3,57,101,78,42" hai1="59,23,32,86,33,35,133,135,97,104,81,22,1" hai2="75,68,122,13,125,17,91,62,79,25,65,94,70" hai3="24,53,85,132,64,50,77,28,82,20,66,63,46"/><U112/><E112/><UN n0="%E3%81%AF%E3%82%88%E3%81%8A%E3%81%98%E3%81%95%E3%82%93" /><V120/><F125/><W90/><G132/><N who="1" m="50762" /><E1/><V60/><F25/><W39/><G39/><T26/><D71/><U119/><E119/><V93/><F93/><W105/><G105/><T43/><D3/><U52/><E97/><V18/><F18/><W10/><G10/><T84/><D118/><U114/><E104/><V58/><F75/><W0/><G0/><T5/><D134/><U29/><E29/><V38/><F38/><W110/><G110/><T76/><D121/><U31/><E31/><V30/><F30/><W34/><G34/><T2/><D2/><U107/><E107/><V130/><F130/><W128/><G128/><T100/><D26/><U14/><E14/><V99/><F79/><N who="0" m="30250" /><D44/><U95/><E95/><V126/><F126/><W123/><G123/><T129/><D129/><U36/><E36/><V124/><F124/><W115/><G115/><T21/><D57/><U96/><E96/><V4/><F70/><W19/><G28/><T106/><D106/><U109/><E114/><V37/><F37/><W103/><G103/><T127/><D127/><U116/><E116/><V45/><F45/><W117/><G117/><T8/><D21/><U27/><E27/><V108/><F122/><W47/><G47/><T72/><D72/><U54/><E109/><V67/><F108/><W92/><REACH who="3" step="1"/><G63/><REACH who="3" ten="250,250,260,230" step="2"/><T61/><D61/><N who="1" m="36071" /><E23/><N who="2" m="11695" /><F120/><W111/><G111/><T87/><D101/><U6/><E22/><V16/><F4/><W89/><G89/><T56/><D100/><U41/><E6/><V98/><F16/><W7/><G7/><T15/><D5/><RYUUKYOKU ba="0,1" sc="250,-15,250,-15,260,15,230,15" hai2="58,60,62,65,67,68,91,94,98,99" hai3="19,20,24,46,50,53,64,66,77,82,85,90,92" /><INIT seed="2,1,1,0,3,62" ten="235,235,275,245" oya="2" hai0="120,68,41,47,53,103,78,18,129,104,115,83,40" hai1="74,48,121,21,110,97,127,63,71,17,109,50,34" hai2="116,35,73,70,38,77,29,12,60,113,39,10,135" hai3="91,69,8,125,56,20,89,102,105,6,7,27,64"/><V92/><F116/><W49/><G125/><T98/><D120/><U72/><E34/><V111/><F113/><W118/><G118/><T81/><D115/><U59/><E71/><V37/><F92/><W66/><G69/><T130/><D68/><U36/><E36/><V3/><F12/><N who="3" m="5143" /><G7/><T123/><D123/><U5/><E5/><N who="2" m="1343" /><F135/><W82/><G105/><T86/><D18/><U94/><E127/><V44/><F111/><N who="1" m="42505" /><E121/><V43/><F29/><N who="3" m="17639" /><G102/><T0/><D0/><U46/><E74/><V90/><F90/><N who="3" m="34315" /><G82/><T99/><D98/><U32/><E72/><V132/><F35/><W88/><N who="3" m="34323" /><W30/><DORA hai="57" /><G30/><T75/><D81/><U14/><E32/><V76/><F132/><W112/><G112/><T24/><D75/><U122/><E122/><V25/><F77/><W42/><G56/><T107/><D104/><U100/><E46/><AGARI ba="1,1" hai="42,46,49,64,66" m="34323,17639,5143" machi="46" ten="30,7700,0" yaku="8,1,52,2,54,1" doraHai="62,57" who="3" fromWho="1" sc="235,0,235,-80,275,0,245,90" /><INIT seed="3,0,0,0,3,35" ten="235,155,275,335" oya="3" hai0="65,77,128,111,14,46,57,33,80,53,105,119,56" hai1="70,91,30,32,1,27,18,67,52,10,73,42,113" hai2="93,100,96,108,92,54,38,88,16,95,97,2,71" hai3="0,121,120,62,114,84,78,36,69,9,48,132,45"/><W7/><G114/><T90/><D119/><U72/><E113/><V135/><F71/><W3/><G36/><T49/><D33/><U133/><E42/><V76/><F38/><W21/><G0/><T24/><D105/><U122/><E122/><V104/><F2/><W127/><G127/><T94/><D111/><U25/><E133/><V134/><F54/><W131/><G132/><N who="2" m="50729" /><F16/><W4/><G4/><T34/><D128/><U55/><E73/><V116/><F116/><W86/><G131/><T124/><D124/><U20/><E72/><V29/><F29/><W13/><G13/><T117/><D117/><U66/><E91/><N who="2" m="55327" /><F108/><W99/><G21/><T23/><D65/><U126/><E126/><V39/><F39/><W28/><G28/><T74/><D14/><U12/><E1/><V59/><F59/><W115/><G69/><T5/><D34/><U15/><E15/><V19/><F19/><W8/><G62/><T37/><D5/><U22/><E32/><V118/><F118/><W31/><G31/><T68/><D68/><U44/><E70/><V11/><F76/><W129/><G78/><T47/><D46/><U102/><E102/><V51/><F11/><W17/><G9/><T26/><D37/><U41/><E41/><V112/><F112/><W79/><G115/><T64/><D64/><U98/><E98/><N who="2" m="61463" /><F51/><W82/><G48/><T85/><D26/><U83/><E83/><V130/><F130/><W75/><G8/><T40/><D40/><U50/><REACH who="1" step="1"/><E55/><REACH who="1" ten="235,145,275,335" step="2"/><V110/><F110/><W101/><G129/><T58/><D74/><U6/><AGARI ba="0,1" hai="6,10,12,18,20,22,25,27,30,44,50,52,66,67" machi="6" ten="20,12000,2" yaku="1,1,2,1,5,1,0,1,7,1,8,1,54,1,53,0" doraHai="35" doraHaiUra="106" who="1" fromWho="1" sc="235,-30,145,130,275,-30,335,-60" /><INIT seed="4,0,0,2,0,128" ten="205,275,245,275" oya="0" hai0="47,106,100,12,115,88,118,40,123,52,3,79,55" hai1="101,14,94,30,104,0,2,86,22,10,38,122,57" hai2="59,89,63,33,111,73,112,54,108,37,133,16,74" hai3="95,90,82,107,1,132,120,13,20,109,35,67,6"/><T129/><D118/><U50/><E38/><V29/><F37/><W21/><G120/><T126/><D123/><U114/><E122/><V44/><F112/><W78/><G107/><T71/><D3/><U23/><E104/><V61/><F133/><W4/><G109/><T43/><D71/><U51/><E114/><V68/><F44/><W11/><G132/><T41/><D115/><U83/><E0/><V7/><F7/><W105/><G35/><T62/><D129/><U36/><E36/><V18/><F68/><W26/><G105/><T85/><D126/><U34/><E34/><V65/><F33/><W125/><G125/><T76/><D12/><U45/><E57/><V99/><F29/><W80/><G67/><T53/><D106/><U135/><E2/><V77/><F74/><W87/><G82/><T113/><D113/><U31/><E135/><V39/><F39/><W42/><G42/><T93/><D100/><U131/><E131/><V15/><F73/><W91/><G91/><T5/><D5/><N who="1" m="3407" /><E31/><V103/><F77/><N who="0" m="29770" /><D62/><U58/><E58/><N who="2" m="37111" /><F103/><W56/><G56/><T24/><D24/><N who="1" m="16663" /><E23/><N who="2" m="11679" /><F111/><W70/><G70/><T124/><D124/><U60/><E60/><V81/><F108/><W19/><G1/><T17/><D17/><U102/><E45/><AGARI ba="0,0" hai="40,41,43,45,47,52,53,55,85,88,93" m="29770" machi="45" ten="40,7700,0" yaku="8,1,54,2" doraHai="128" who="0" fromWho="1" sc="205,77,275,-77,245,0,275,0" /><INIT seed="4,1,0,3,1,52" ten="282,198,245,275" oya="0" hai0="94,0,117,111,86,84,124,46,70,98,112,28,57" hai1="13,53,25,83,77,132,69,33,36,26,92,74,21" hai2="78,31,11,12,96,121,103,99,54,100,123,51,129" hai3="75,30,40,119,22,67,8,24,59,116,93,27,102"/><T82/><D117/><U61/><E36/><V89/><F129/><W72/><G40/><T50/><D70/><U65/><E132/><V110/><F110/><W34/><G8/><T2/><D28/><U37/><E37/><V5/><F31/><N who="3" m="17815" /><G72/><T101/><D111/><U60/><E33/><V125/><F78/><W126/><G75/><T73/><D73/><U42/><E42/><V97/><F89/><W62/><G126/><T87/><D124/><U134/><E134/><V16/><F5/><W68/><G68/><T104/><D112/><U109/><E109/><V18/><F18/><W15/><G15/><T39/><D104/><U85/><E74/><V17/><F17/><W106/><G106/><T48/><D82/><U71/><E92/><V135/><F135/><W130/><G130/><T80/><D80/><U58/><REACH who="1" step="1"/><E71/><REACH who="1" ten="282,188,245,275" step="2"/><V113/><F125/><W107/><G107/><T115/><D39/><U10/><E10/><V55/><F113/><W131/><G131/><T4/><D115/><U90/><E90/><V128/><F128/><W49/><G119/><T43/><D94/><U79/><E79/><V35/><F35/><W122/><G116/><T41/><D43/><U23/><E23/><V9/><F9/><W63/><G93/><T47/><D41/><U64/><E64/><V81/><F81/><W45/><G67/><T108/><D108/><U114/><E114/><V88/><F88/><W19/><G34/><T120/><D101/><N who="2" m="38986" /><F54/><W14/><G102/><T44/><D87/><U20/><E20/><V29/><F29/><W32/><G32/><T1/><D86/><RYUUKYOKU ba="1,1" sc="282,-15,188,15,245,15,275,-15" hai1="13,21,25,26,53,58,60,61,65,69,77,83,85" hai2="11,12,16,51,55,96,97,99,121,123" /><INIT seed="5,2,1,3,2,48" ten="267,203,260,260" oya="1" hai0="11,34,106,54,122,66,18,35,28,79,120,31,4" hai1="128,68,108,30,135,73,96,29,69,41,64,59,119" hai2="71,38,20,50,124,87,9,84,127,133,132,45,61" hai3="123,44,97,131,53,22,58,62,63,46,93,36,125"/><U57/><E119/><V67/><F9/><W91/><G123/><N who="0" m="47147" /><D106/><U76/><E128/><V1/><F1/><W49/><G131/><T15/><D66/><U27/><E135/><N who="2" m="51787" /><F20/><W70/><G125/><N who="2" m="48201" /><F38/><W25/><G70/><T78/><D79/><U26/><E41/><AGARI ba="2,1" hai="41,45,50,61,67,71,84,87" m="48201,51787" machi="41" ten="30,2000,0" yaku="20,1,18,1" doraHai="48" who="2" fromWho="1" sc="267,0,203,-26,260,36,260,0" /><INIT seed="6,0,0,3,2,59" ten="267,177,296,260" oya="2" hai0="54,99,31,74,76,32,16,55,15,35,102,33,5" hai1="10,127,66,134,101,34,61,57,117,69,14,40,90" hai2="126,121,22,107,118,4,103,132,130,124,52,92,80" hai3="3,111,13,46,48,89,105,106,133,63,11,29,36"/><V53/><F118/><W45/><G111/><T68/><D68/><U85/><E117/><V87/><F121/><W97/><G133/><T104/><D5/><U43/><E134/><V122/><F122/><W109/><G109/><T49/><D31/><U78/><E127/><N who="2" m="48683" /><F132/><W64/><G29/><T98/><D99/><U51/><E34/><V9/><F107/><W119/><G3/><T2/><D2/><U20/><E78/><N who="2" m="46487" /><F22/><W1/><G1/><T73/><D76/><U110/><E110/><V21/><F21/><W19/><G119/><T100/><D102/><U38/><E101/><V129/><F92/><W125/><G125/><T7/><D7/><U27/><E38/><V41/><F41/><W44/><G36/><T96/><D98/><U72/><E72/><V135/><F103/><W24/><G24/><T30/><D30/><N who="1" m="17767" /><E69/><V113/><F113/><W93/><REACH who="3" step="1"/><G48/><REACH who="3" ten="267,177,296,250" step="2"/><T79/><D49/><U120/><E51/><V6/><F135/><W131/><G131/><N who="2" m="50185" /><F6/><W88/><G88/><T0/><D0/><AGARI ba="0,1" hai="0,4,9,52,53" m="50185,46487,48683" machi="0" ten="30,5800,0" yaku="18,1,19,1,54,1" doraHai="59" who="2" fromWho="0" sc="267,-58,177,0,296,68,250,0" owari="209,-19.1,177,-32.3,364,46.4,250,5.0" /></mjloggm>