<mjloggm ver="2.3"><GO type="225" lobby="0"/><UN n0="%79%6B%66%35%35%33%38%39" n1="%62%6F%6E%6F%73%2E%2E" n2="%E3%83%AD%E3%83%83%E3%83%86%E9%9B%80%E7%90%83" n3="%6D%75%75%6D%75%72%61" dan="16,17,17,17" rate="2176.84,2213.67,2157.68,2222.00" sx="M,M,M,F"/><TAIKYOKU oya="0"/><INIT seed="0,0,0,2,3,93" ten="250,250,250,250" oya="0" hai0="54,95,85,81,23,120,106,34,11,30,126,9,110" hai1="48,52,135,41,89,82,55,3,92,2,6,66,131" hai2="35,45,10,38,29,57,91,125,117,60,64,22,14" hai3="51,119,96,37,128,88,12,78,83,15,25,39,1"/><T121/><D106/><U8/><E131/><V21/><F125/><W50/><G1/><T31/><D126/><U101/><E135/><V97/><F117/><W124/><G119/><T70/><D34/><U56/><E2/><V0/><F0/><W103/><G124/><T63/><D110/><U59/><E66/><V43/><F35/><W62/><G128/><T67/><D95/><U134/><E134/><V122/><F122/><W108/><G108/><T13/><D54/><U100/><E82/><V115/><F29/><W47/><G62/><T74/><D74/><U123/><E41/><V69/><F115/><W72/><G25/><T75/><D75/><U61/><REACH who="1" step="1"/><E123/><REACH who="1" ten="250,240,250,250" step="2"/><V58/><F43/><W19/><G39/><T65/><D81/><U76/><E76/><V24/><F64/><W73/><G37/><T90/><D67/><U68/><E68/><V71/><F38/><W49/><G78/><T116/><D70/><U99/><AGARI ba="0,1" hai="3,6,8,48,52,55,56,59,61,89,92,99,100,101" machi="99" ten="20,8000,1" yaku="1,1,0,1,7,1,52,1,54,1,53,0" doraHai="93" doraHaiUra="26" who="1" fromWho="1" sc="250,-40,240,90,250,-20,250,-20" /><INIT seed="1,0,0,0,4,98" ten="210,330,230,230" oya="1" hai0="6,61,69,42,41,99,4,12,28,34,111,65,133" hai1="56,92,113,70,77,40,64,5,59,94,44,127,63" hai2="60,110,93,86,16,71,13,3,54,120,38,89,55" hai3="26,23,75,96,18,109,87,32,72,22,78,20,30"/><U115/><E77/><V134/><F120/><W88/><G109/><T45/><D111/><U135/><E5/><V48/><F38/><W15/><G78/><T47/><D133/><U101/><E92/><V50/><F3/><W31/><G96/><T0/><D0/><U121/><E94/><V108/><F134/><W76/><G76/><T67/><D99/><U132/><E101/><V57/><F71/><W124/><G124/><T95/><D95/><U33/><E33/><V116/><F116/><W90/><G90/><T24/><D65/><U103/><E103/><V74/><F60/><W97/><G97/><T25/><D25/><U81/><E81/><V118/><F74/><W21/><REACH who="3" step="1"/><G31/><REACH who="3" ten="210,330,230,220" step="2"/><T58/><D28/><U62/><E127/><V53/><F118/><W112/><G112/><N who="1" m="43082" /><E121/><V130/><F110/><W84/><G84/><T119/><D119/><U19/><E135/><V125/><F108/><W104/><G104/><T91/><D91/><U68/><E132/><V114/><F125/><W2/><G2/><T107/><D107/><U51/><E19/><V85/><F114/><W35/><G35/><T106/><D106/><U29/><E29/><V37/><F86/><W17/><G17/><T83/><D34/><U11/><E11/><V49/><F16/><W105/><G105/><T79/><D79/><U126/><E126/><V36/><F85/><W39/><G39/><T66/><D4/><U129/><E129/><V123/><F130/><W100/><G100/><T46/><D6/><U128/><E128/><V7/><F37/><W8/><G8/><T43/><D83/><AGARI ba="0,1" hai="15,18,20,21,22,23,26,30,32,72,75,83,87,88" machi="83" ten="40,5200,0" yaku="1,1,6,1,54,1,53,0" doraHai="98" doraHaiUra="1" who="3" fromWho="0" sc="210,-52,330,0,230,0,220,62" /><INIT seed="2,0,0,0,1,3" ten="158,330,230,282" oya="2" hai0="123,113,41,134,102,23,54,65,77,120,39,131,14" hai1="118,51,16,34,117,6,97,93,29,40,60,96,76" hai2="114,43,20,78,1,49,47,83,31,55,7,36,128" hai3="100,21,82,116,135,72,125,44,109,91,99,4,87"/><V106/><F128/><W80/><G116/><T69/><D113/><U10/><E76/><V22/><F106/><W115/><G109/><T124/><D131/><U37/><E37/><V129/><F114/><W53/><G115/><T62/><D124/><U25/><E96/><V67/><F67/><W98/><G125/><T79/><D134/><U92/><E93/><V111/><F111/><W57/><G135/><T71/><D71/><U112/><E112/><V64/><F64/><W2/><G44/><T33/><D33/><U5/><E5/><V45/><F31/><W8/><G21/><T130/><D130/><U42/><E16/><V126/><F129/><W66/><G66/><T11/><D102/><U127/><E60/><V18/><F18/><W90/><G100/><T68/><D68/><U75/><E75/><V56/><F47/><W85/><REACH who="3" step="1"/><G72/><REACH who="3" ten="158,330,230,272" step="2"/><T12/><D23/><N who="1" m="15551" /><E127/><V35/><F126/><W38/><G38/><T27/><D39/><U81/><E118/><V32/><F22/><W103/><G103/><T70/><D70/><U28/><E117/><V74/><F20/><W95/><G95/><T24/><D69/><U58/><E92/><V84/><F74/><W119/><G119/><T105/><D65/><U88/><E34/><V52/><F35/><W108/><G108/><T101/><D101/><U13/><E28/><V94/><F32/><W17/><G17/><T132/><D132/><U89/><E81/><V107/><F83/><W121/><G121/><T15/><D123/><U46/><E46/><V59/><F45/><W104/><G104/><T0/><D105/><RYUUKYOKU ba="0,1" sc="158,-10,330,-10,230,-10,272,30" hai3="2,4,8,53,57,80,82,85,87,90,91,98,99" /><INIT seed="3,1,1,2,3,135" ten="148,320,220,302" oya="3" hai0="56,89,90,8,131,2,126,119,54,127,34,29,88" hai1="113,16,76,85,94,15,18,43,118,12,17,96,122" hai2="133,25,1,125,33,3,124,117,101,30,11,116,93" hai3="62,128,108,21,111,114,130,99,107,41,42,95,58"/><W69/><G114/><T48/><D119/><N who="2" m="45642" /><F101/><N who="3" m="60671" /><G69/><T32/><D131/><N who="3" m="50217" /><G21/><T22/><D22/><U83/><E122/><V86/><F93/><W77/><G77/><T92/><D92/><U87/><E113/><V26/><F86/><W74/><G74/><T4/><REACH who="0" step="1"/><D29/><REACH who="0" ten="138,320,220,302" step="2"/><U102/><E118/><V123/><F123/><W45/><G107/><T39/><D39/><U59/><E94/><V52/><F133/><W79/><G79/><T50/><D50/><U57/><E76/><V63/><F26/><W14/><G14/><T20/><D20/><U49/><E12/><V66/><F1/><W97/><G97/><T132/><D132/><U134/><E15/><V9/><F3/><W73/><G73/><T51/><D51/><U71/><E49/><V40/><F25/><W55/><G42/><T44/><D44/><U24/><E43/><V67/><F40/><W110/><G108/><T27/><D27/><U60/><E24/><V68/><F30/><W103/><G103/><T129/><D129/><U19/><E134/><V7/><F11/><W109/><G109/><T84/><D84/><U70/><E87/><V112/><F9/><W13/><G13/><T53/><D53/><U120/><E102/><V82/><F52/><W36/><AGARI ba="1,2" hai="36,41,45,55,58,62,110,111" m="50217,60671" machi="36" ten="30,1500,0" yaku="19,1" doraHai="135" who="3" fromWho="3" sc="138,-6,320,-6,220,-6,302,38" owari="132,-36.8,314,11.4,214,-18.6,340,44.0" /></mjloggm>