<mjloggm ver="2.3"><GO type="225" lobby="0"/><UN n0="%72%69%6F%75%63%68%61%6E" n1="%47%68%6F%73%74%55%30" n2="%E3%81%BE%E3%81%A8%E3%81%9F" n3="%E4%BA%AE%E6%B5%81%E6%89%93%E8%80%85" dan="16,17,16,16" rate="2170.54,2155.79,2106.31,2095.38" sx="M,F,M,F"/><TAIKYOKU oya="0"/><INIT seed="0,0,0,5,3,24" ten="250,250,250,250" oya="0" hai0="91,116,72,53,63,80,15,12,33,34,4,111,71" hai1="126,95,124,5,98,38,115,69,19,79,104,50,37" hai2="45,78,112,64,130,114,113,107,76,101,134,123,44" hai3="0,125,25,23,58,81,20,97,21,89,86,35,10"/><T28/><D116/><U51/><E69/><V52/><F123/><W55/><G125/><N who="1" m="48234" /><E104/><V108/><F108/><W92/><G35/><T65/><D111/><U54/><E115/><V103/><F134/><W26/><G10/><T96/><D53/><U75/><E5/><V102/><F107/><W68/><G0/><T77/><D4/><U133/><E19/><V110/><F110/><W57/><G68/><T56/><D71/><U41/><E41/><V47/><F130/><W8/><G8/><T84/><D96/><U6/><E6/><V43/><F43/><W118/><G118/><T36/><D36/><U3/><E3/><V121/><F121/><W135/><G135/><T61/><D61/><U40/><E133/><V120/><F120/><W66/><G66/><T59/><D59/><N who="3" m="22537" /><G55/><T1/><D1/><U39/><E40/><V105/><F105/><W22/><N who="3" m="5120" /><DORA hai="62" /><W16/><G16/><T2/><D2/><U31/><E54/><V29/><F52/><W67/><G67/><T129/><D129/><U131/><E131/><V106/><F106/><W94/><G94/><T32/><REACH who="0" step="1"/><D28/><REACH who="0" ten="240,250,250,250" step="2"/><U42/><E31/><V83/><F29/><W88/><AGARI ba="0,1" hai="25,26,81,86,88,89,92,97" m="5120,22537" machi="88" ten="40,2700,0" yaku="8,1,54,1" doraHai="24,62" who="3" fromWho="3" sc="240,-13,250,-7,250,-7,250,37" /><INIT seed="1,0,0,2,4,118" ten="227,243,243,287" oya="1" hai0="116,70,12,72,69,133,99,41,91,63,30,58,9" hai1="80,15,90,20,93,79,104,48,119,3,109,33,19" hai2="38,88,125,50,59,55,127,121,131,45,105,49,25" hai3="62,17,24,14,56,124,83,110,7,26,16,96,86"/><U13/><E104/><V115/><F105/><W129/><G110/><T35/><D116/><U111/><E119/><V87/><F131/><W8/><G129/><T32/><D133/><U134/><E3/><V29/><F115/><W18/><G96/><T103/><D72/><U97/><E134/><V126/><F38/><W75/><G75/><T22/><D41/><U0/><E0/><V44/><F121/><W61/><G124/><T117/><D117/><U51/><E33/><V43/><F59/><W40/><G40/><T106/><D22/><U101/><E101/><V82/><REACH who="2" step="1"/><F126/><REACH who="2" ten="227,243,233,287" step="2"/><W67/><REACH who="3" step="1"/><G62/><REACH who="3" ten="227,243,233,277" step="2"/><T64/><D63/><U6/><E111/><V100/><F100/><W108/><G108/><T60/><D103/><U114/><E109/><V28/><F28/><W37/><G37/><T31/><D30/><U77/><E114/><V89/><F89/><AGARI ba="0,2" hai="7,8,14,16,17,18,24,26,56,61,67,83,86,89" machi="89" ten="40,5200,0" yaku="1,1,8,1,54,1,53,0" doraHai="118" doraHaiUra="65" who="3" fromWho="2" sc="227,0,243,0,233,-52,277,72" /><INIT seed="2,0,0,3,5,51" ten="227,243,181,349" oya="2" hai0="87,77,82,18,17,131,10,55,122,101,75,29,85" hai1="121,102,111,65,2,89,49,9,63,24,135,108,39" hai2="69,20,26,128,46,129,6,45,106,126,57,118,103" hai3="60,74,109,107,58,14,16,92,72,56,76,35,13"/><V116/><F103/><W30/><G107/><T73/><D122/><U68/><E39/><V127/><F106/><W8/><G35/><T48/><D131/><N who="2" m="50250" /><F6/><N who="3" m="3223" /><G72/><T32/><D101/><U99/><E135/><V19/><F69/><W64/><G109/><T119/><D119/><N who="2" m="45610" /><F57/><W80/><G74/><T15/><D73/><U83/><E121/><V114/><F114/><W105/><G30/><T110/><D110/><U93/><E108/><V132/><F132/><W98/><G105/><T125/><D125/><AGARI ba="0,0" hai="19,20,26,45,46,125,126,127" m="45610,50250" machi="125" ten="40,3900,0" yaku="18,1,19,1" doraHai="51" who="2" fromWho="0" sc="227,-39,243,0,181,39,349,0" /><INIT seed="2,1,0,4,4,53" ten="188,243,220,349" oya="2" hai0="29,16,93,20,90,58,80,115,105,39,23,107,96" hai1="43,13,37,79,12,85,133,88,111,91,8,51,36" hai2="66,121,81,18,114,97,78,104,0,99,24,59,127" hai3="132,113,118,63,89,135,26,62,100,42,125,17,77"/><V1/><F114/><W124/><G118/><T49/><D115/><U15/><E111/><V44/><F121/><W86/><G100/><T122/><D122/><U11/><E133/><N who="3" m="51274" /><G113/><T76/><D39/><U130/><E130/><V65/><F44/><W48/><G77/><T102/><D29/><U5/><E37/><V108/><F127/><N who="3" m="48715" /><G48/><T98/><D107/><U73/><E73/><V7/><F104/><W126/><N who="3" m="48723" /><W131/><DORA hai="32" /><G42/><T22/><D49/><U21/><E36/><V94/><F99/><W129/><G17/><T33/><D33/><U67/><E51/><V103/><F18/><W40/><G26/><T35/><D35/><U112/><E79/><V56/><F24/><W28/><G40/><T119/><D119/><U106/><E43/><V14/><F108/><W3/><G3/><T117/><D117/><U34/><E112/><V71/><F78/><W64/><G28/><T9/><D9/><U55/><E11/><V60/><F103/><W10/><G10/><T70/><D70/><U87/><E8/><V84/><F71/><N who="3" m="42391" /><G63/><T82/><D76/><U68/><E68/><V2/><F60/><W47/><G47/><T45/><D45/><U4/><E106/><V50/><F50/><W120/><G120/><T75/><D75/><U116/><E116/><V54/><F7/><W123/><G123/><T57/><REACH who="0" step="1"/><D16/><REACH who="0" ten="178,243,220,349" step="2"/><N who="1" m="10375" /><E5/><V25/><F25/><W95/><AGARI ba="1,1" hai="86,89,95,129,131" m="42391,48723,51274" machi="95" ten="50,8000,1" yaku="30,2,20,1,18,1" doraHai="53,32" who="3" fromWho="3" sc="178,-21,243,-21,220,-41,349,93" /><INIT seed="3,0,0,2,4,103" ten="157,222,179,442" oya="3" hai0="119,115,31,22,105,34,123,134,72,0,32,131,23" hai1="102,30,36,5,21,106,95,19,44,88,129,62,56" hai2="98,74,45,118,20,28,9,87,120,37,65,18,27" hai3="76,110,133,96,132,117,49,33,107,35,47,7,125"/><W15/><G76/><T99/><RYUUKYOKU type="yao9" ba="0,0" sc="157,0,222,0,179,0,442,0" hai0="0,22,23,31,32,34,72,99,105,115,119,123,131,134" /><INIT seed="3,1,0,1,1,84" ten="157,222,179,442" oya="3" hai0="93,12,74,5,47,126,40,110,73,15,92,101,53" hai1="16,75,62,111,43,89,49,114,112,58,6,135,35" hai2="55,21,20,33,123,13,130,77,104,38,69,79,129" hai3="86,97,41,65,105,34,59,42,56,70,132,51,31"/><W106/><G31/><T54/><D126/><U131/><E75/><V90/><F33/><W82/><G34/><T63/><D110/><U109/><E6/><V95/><F123/><W66/><G70/><T30/><D30/><U28/><E135/><V60/><F38/><W24/><G86/><T80/><D5/><U1/><E131/><N who="2" m="50187" /><F104/><W9/><G24/><T122/><D122/><U108/><E1/><V57/><F69/><W88/><G9/><T118/><D118/><U107/><E107/><V7/><F7/><W48/><G88/><T103/><D63/><U81/><E62/><V125/><F125/><W127/><G127/><T36/><D80/><U14/><E81/><V61/><F60/><W4/><G82/><T124/><D124/><U113/><E28/><V26/><F13/><N who="0" m="5194" /><D36/><U22/><E35/><V117/><F117/><W37/><G4/><T25/><D25/><U27/><E27/><V68/><F68/><W83/><G37/><T78/><D78/><N who="2" m="29706" /><F26/><W91/><G105/><T121/><D121/><U119/><E119/><V67/><F67/><W128/><G106/><T29/><D29/><U19/><E111/><V71/><F71/><W116/><G65/><T8/><D8/><U115/><E115/><V39/><F39/><W32/><G66/><T0/><D0/><U133/><E109/><V44/><F44/><W3/><G116/><T102/><D47/><U50/><E108/><V52/><F55/><N who="0" m="21002" /><D40/><U99/><E43/><V94/><F94/><AGARI ba="1,0" hai="73,74,92,93,94,101,102,103" m="21002,5194" machi="94" ten="30,2000,0" yaku="28,2" doraHai="84" who="0" fromWho="2" sc="157,23,222,0,179,-23,442,0" owari="180,-22.0,222,2.2,156,-34.4,442,54.2" /></mjloggm>