<mjloggm ver="2.3"><GO type="225" lobby="0"/><UN n0="%E6%97%A5%E6%9B%9C%E6%97%A5%E3%82%88%E3%82%8A%E3%81%AE%E4%BD%BF%E8%80%85" n1="%E5%AD%90%E4%BE%9B%E4%BC%9A%E5%93%A1" n2="%E5%A4%9C%E3%81%AE%E3%82%AC%E3%82%B9%E3%83%91%E3%83%BC%E3%83%AB" n3="%E6%81%A5%E6%99%92%E3%81%97" dan="16,17,17,16" rate="2079.34,2143.29,2213.29,2114.78" sx="M,M,M,M"/><TAIKYOKU oya="0"/><INIT seed="0,0,0,1,1,46" ten="250,250,250,250" oya="0" hai0="28,79,101,82,27,111,4,37,59,17,84,32,128" hai1="117,0,25,74,40,107,30,93,36,97,56,123,71" hai2="35,50,22,51,12,5,122,64,95,33,42,126,88" hai3="20,81,96,72,63,3,47,1,90,29,119,92,38"/><T62/><D37/><U109/><E123/><V76/><F122/><W125/><G125/><T112/><D112/><U124/><E117/><V108/><F126/><W19/><G119/><T34/><D128/><U39/><E71/><V89/><F108/><W73/><G29/><T131/><D131/><U94/><E74/><V100/><F42/><W52/><G38/><T102/><D34/><U83/><E83/><V45/><F45/><W105/><G105/><T120/><D120/><U14/><E0/><V69/><F76/><W78/><G73/><T8/><D17/><U133/><E133/><V41/><F41/><W113/><G113/><T23/><D32/><U49/><E14/><V114/><F114/><W58/><REACH who="3" step="1"/><G47/><REACH who="3" ten="250,250,250,240" step="2"/><T21/><D111/><U61/><E39/><V106/><F106/><W121/><G121/><T129/><D129/><U24/><E36/><V103/><F35/><W104/><G104/><T10/><D23/><U53/><E124/><V75/><F33/><W6/><G6/><T65/><REACH who="0" step="1"/><D10/><REACH who="0" ten="240,250,250,240" step="2"/><U87/><E109/><V110/><F110/><W13/><AGARI ba="0,2" hai="1,3,13,19,20,52,58,63,72,78,81,90,92,96" machi="13" ten="20,8000,1" yaku="1,1,0,1,7,1,54,1,53,1" doraHai="46" doraHaiUra="85" who="3" fromWho="3" sc="240,-40,250,-20,250,-20,240,100" /><INIT seed="1,0,0,2,2,18" ten="200,230,230,340" oya="1" hai0="61,56,131,95,109,15,62,34,4,132,20,98,65" hai1="100,44,126,52,2,45,125,21,58,51,0,129,3" hai2="41,5,40,81,94,67,25,73,82,133,60,22,10" hai3="8,134,111,74,59,84,39,86,110,127,37,26,89"/><U50/><E129/><V77/><F133/><W47/><G74/><T104/><D34/><U85/><E100/><V106/><F106/><W17/><G134/><T128/><D104/><U53/><E85/><V71/><F94/><W33/><G127/><N who="1" m="48650" /><E21/><V123/><F82/><W9/><G59/><AGARI ba="0,0" hai="0,2,3,44,45,50,51,52,53,58,59" m="48650" machi="59" ten="40,3900,0" yaku="18,1,54,1" doraHai="18" who="1" fromWho="3" sc="200,0,230,39,230,0,340,-39" /><INIT seed="1,1,0,0,5,65" ten="200,269,230,301" oya="1" hai0="64,100,38,133,94,13,86,49,41,36,119,29,14" hai1="45,101,40,128,99,96,68,33,22,85,43,88,130" hai2="17,24,91,87,8,59,116,75,60,61,78,62,30" hai3="21,6,72,53,125,114,81,0,132,23,35,69,7"/><U12/><E33/><V135/><F116/><W95/><G35/><T90/><D119/><U74/><E74/><V70/><F135/><W31/><G114/><T122/><D133/><U115/><E115/><V118/><F118/><W107/><G107/><T113/><D113/><U10/><E22/><V105/><F105/><W117/><G132/><T34/><D122/><U121/><E121/><V71/><F78/><W89/><G117/><T82/><D36/><N who="1" m="21639" /><E43/><V48/><F75/><W66/><G53/><T83/><D38/><U46/><E46/><V44/><F59/><W55/><G55/><T18/><D34/><U93/><E101/><V123/><F123/><W52/><G23/><T104/><D29/><U92/><E92/><V39/><F39/><W134/><G134/><T106/><D106/><U73/><E73/><V126/><F126/><W1/><G21/><T112/><D112/><U15/><E15/><V111/><F111/><W98/><G31/><T109/><D13/><U28/><E28/><V67/><F30/><W4/><G125/><T16/><D109/><U97/><E68/><V120/><F120/><W110/><G110/><T32/><D32/><U58/><E58/><V108/><F108/><W3/><G72/><T80/><D14/><U56/><E56/><V127/><F127/><W77/><G69/><T54/><D41/><U79/><E79/><V103/><F71/><W19/><G77/><T25/><D25/><U26/><E26/><V2/><F24/><W47/><G47/><N who="0" m="27967" /><D64/><U5/><E12/><V57/><F67/><W9/><G66/><T37/><D37/><RYUUKYOKU ba="1,0" sc="200,15,269,15,230,-15,301,-15" hai0="16,18,80,82,83,86,90,94,100,104" hai1="5,10,85,88,93,96,97,99,128,130" /><INIT seed="1,2,0,1,0,58" ten="215,284,215,286" oya="1" hai0="79,15,117,113,97,125,76,16,72,1,90,63,20" hai1="96,134,87,69,95,132,102,133,98,34,37,107,52" hai2="89,12,0,59,111,118,10,119,131,81,75,23,74" hai3="45,85,3,31,47,73,33,108,41,91,56,126,35"/><U124/><E124/><V40/><F0/><W30/><G73/><T116/><D113/><U109/><E109/><V48/><F111/><W22/><G3/><T14/><D1/><U18/><E37/><V11/><F131/><W49/><G126/><T29/><D125/><U28/><E69/><V62/><F75/><W101/><G108/><T9/><D72/><U50/><E87/><N who="2" m="50415" /><F74/><W51/><G101/><T66/><D117/><U43/><E43/><V83/><F83/><W68/><G68/><T127/><D116/><U130/><E130/><V80/><F80/><W115/><G115/><T26/><D127/><U42/><E42/><V128/><F128/><W19/><G56/><N who="0" m="37223" /><D15/><U24/><E18/><N who="2" m="10695" /><F119/><W92/><G33/><T8/><D9/><U46/><REACH who="1" step="1"/><E98/><REACH who="1" ten="215,274,215,286" step="2"/><V7/><F118/><W54/><G35/><T88/><D97/><U32/><E32/><V120/><F40/><W121/><G121/><T67/><D67/><U78/><E78/><AGARI ba="2,1" hai="8,14,16,20,26,29,76,78,79,88,90" m="37223" machi="78" ten="30,7700,0" yaku="8,1,52,1,54,2" doraHai="58" who="0" fromWho="1" sc="215,93,274,-83,215,0,286,0" /><INIT seed="2,0,0,1,2,92" ten="308,191,215,286" oya="2" hai0="129,113,124,110,31,51,30,111,45,97,83,59,105" hai1="62,84,73,78,89,123,8,70,106,71,67,50,17" hai2="27,3,10,15,81,87,121,32,74,130,102,76,39" hai3="44,128,127,55,57,134,118,96,126,14,133,25,108"/><V4/><F121/><W122/><G122/><T112/><D59/><U100/><E123/><V109/><F130/><W72/><G118/><T116/><D83/><U90/><E71/><V29/><F109/><N who="0" m="41482" /><D129/><U35/><E35/><V63/><F39/><W19/><G72/><T24/><D116/><U47/><E73/><V131/><F131/><W66/><G128/><T23/><D31/><U41/><E78/><V52/><F74/><W91/><G25/><T48/><D124/><N who="3" m="47657" /><G108/><T114/><D45/><U98/><REACH who="1" step="1"/><E84/><REACH who="1" ten="308,181,215,286" step="2"/><V104/><F76/><W101/><G133/><T77/><D77/><U135/><E135/><V46/><F32/><W28/><G134/><T80/><D114/><U103/><E103/><V34/><F87/><W16/><G101/><N who="0" m="62639" /><D113/><U26/><E26/><V54/><F102/><W33/><G33/><T132/><D112/><U21/><E21/><V93/><F34/><W94/><G28/><T20/><D132/><U40/><E40/><V12/><F29/><W49/><G14/><AGARI ba="0,1" hai="8,14,17,41,47,50,62,67,70,89,90,98,100,106" machi="14" ten="40,5200,0" yaku="1,1,52,1,53,1" doraHai="92" doraHaiUra="99" who="1" fromWho="3" sc="308,0,181,62,215,0,286,-52" /><INIT seed="3,0,0,5,5,31" ten="308,243,215,234" oya="3" hai0="81,15,123,99,86,13,11,62,46,115,127,129,105" hai1="9,0,114,104,106,52,74,65,125,53,48,29,35" hai2="14,50,92,32,130,23,128,100,22,37,89,101,38" hai3="83,20,98,33,45,69,80,68,67,110,34,84,5"/><W122/><G122/><T97/><D123/><U76/><E114/><V124/><F124/><W132/><G5/><N who="0" m="3311" /><D105/><U56/><E125/><V10/><F50/><W27/><G132/><T109/><D127/><U28/><E74/><V26/><F23/><W120/><G120/><T85/><D109/><U24/><E76/><V133/><F133/><W6/><G83/><T16/><D129/><N who="2" m="49770" /><F22/><W40/><G98/><T8/><D115/><U131/><E29/><N who="2" m="19511" /><F101/><W60/><G6/><T88/><D46/><U111/><E111/><V91/><F100/><W51/><G69/><T55/><D85/><U2/><E131/><V43/><F43/><W25/><G110/><T102/><D102/><U19/><E48/><V63/><F63/><W3/><G3/><T71/><D71/><U118/><E0/><V49/><F49/><W117/><G27/><T18/><D18/><U61/><E2/><V121/><F121/><W66/><G67/><T93/><D62/><U79/><E61/><V94/><F94/><W78/><G117/><T87/><D55/><U7/><E53/><V44/><F44/><W64/><G66/><T42/><D42/><U41/><E41/><V90/><F92/><W47/><G45/><T39/><D39/><U36/><E36/><V119/><F119/><W113/><G113/><T4/><D4/><AGARI ba="0,0" hai="4,10,14,37,38,89,90,91" m="19511,49770" machi="4" ten="30,2000,0" yaku="19,1,52,1" doraHai="31" who="2" fromWho="0" sc="308,-20,243,0,215,20,234,0" /><INIT seed="4,0,0,2,4,6" ten="288,243,235,234" oya="0" hai0="97,9,49,127,125,77,113,66,28,123,107,37,44" hai1="116,23,52,108,121,26,32,24,86,114,50,67,129" hai2="122,40,10,71,96,79,33,46,11,54,73,14,88" hai3="68,45,131,8,135,43,74,4,42,38,120,85,112"/><T56/><D123/><U47/><E121/><V35/><F122/><W31/><G120/><RYUUKYOKU type="kaze4" ba="0,0" sc="288,0,243,0,235,0,234,0" /><INIT seed="4,1,0,3,4,127" ten="288,243,235,234" oya="0" hai0="131,19,102,46,88,72,114,45,106,77,101,66,130" hai1="94,98,4,119,87,107,74,11,109,122,78,27,3" hai2="31,38,53,17,29,28,128,57,120,117,47,24,126" hai3="62,10,84,123,35,40,12,83,32,81,15,125,61"/><T97/><D114/><U135/><E122/><V25/><F120/><W82/><G125/><T22/><D66/><U9/><E119/><V71/><F126/><W5/><G123/><T44/><D101/><U105/><E109/><V39/><F71/><W14/><G40/><T30/><D30/><U129/><E74/><V93/><F117/><W2/><REACH who="3" step="1"/><G84/><REACH who="3" ten="288,243,235,224" step="2"/><T79/><D72/><U42/><E42/><V115/><F115/><W51/><G51/><T41/><D41/><U104/><E87/><V86/><F39/><W90/><G90/><T69/><D88/><U56/><E107/><V73/><F73/><W34/><AGARI ba="1,1" hai="2,5,10,12,14,15,32,34,35,61,62,81,82,83" machi="34" ten="40,8000,1" yaku="1,1,0,1,29,2,53,1" doraHai="127" doraHaiUra="1" who="3" fromWho="3" sc="288,-41,243,-21,235,-21,224,93" owari="247,4.7,222,-17.8,214,-28.6,317,41.7" /></mjloggm>