<mjloggm ver="2.3"><GO type="225" lobby="0"/><UN n0="%E3%81%AA%E3%82%81%E3%81%93%E9%9B%80%E5%A3%AB" n1="%E4%BF%BA%E3%81%A8%E5%A6%96%E5%A4%A2" n2="%E7%99%BD%E5%92%B2%E8%8A%B1%E3%81%A1%E3%82%83%E3%82%93" n3="%E3%81%B5%E3%81%98%E3%81%8B%E3%81%A4" dan="16,17,16,16" rate="2060.11,2178.55,2099.22,2178.20" sx="M,F,F,M"/><TAIKYOKU oya="0"/><INIT seed="0,0,0,3,5,111" ten="250,250,250,250" oya="0" hai0="42,19,77,132,20,87,114,62,52,92,27,109,28" hai1="30,63,64,116,8,73,83,82,37,99,86,79,108" hai2="26,91,33,115,66,40,81,130,11,97,106,57,46" hai3="102,23,10,94,68,121,3,55,96,110,60,24,25"/><T125/><D132/><U123/><E116/><V101/><F130/><W131/><G110/><T119/><D119/><U124/><E123/><V93/><F11/><W16/><G131/><T61/><D109/><U12/><E108/><V118/><F118/><W0/><G121/><T45/><D125/><U95/><E124/><V31/><F81/><W38/><G38/><T105/><D105/><U112/><E30/><V51/><F115/><W76/><G76/><T50/><D114/><U128/><E37/><V56/><REACH who="2" step="1"/><F66/><REACH who="2" ten="250,250,240,250" step="2"/><W48/><G10/><T39/><D77/><U98/><E128/><V129/><F129/><W32/><G0/><T135/><D135/><U65/><E65/><V2/><F2/><W100/><G3/><T35/><D92/><U43/><E95/><V84/><AGARI ba="0,1" hai="26,31,33,40,46,51,56,57,84,91,93,97,101,106" machi="84" ten="20,5200,0" yaku="1,1,0,1,7,1,53,1" doraHai="111" doraHaiUra="80" who="2" fromWho="2" sc="250,-26,250,-13,240,62,250,-13" /><INIT seed="1,0,0,4,5,87" ten="224,237,302,237" oya="1" hai0="26,43,93,16,61,12,131,109,111,123,86,37,122" hai1="57,33,24,66,47,130,6,17,11,30,94,49,98" hai2="35,69,65,13,104,28,51,14,125,5,39,38,29" hai3="80,97,100,9,27,59,19,96,52,105,48,36,68"/><U135/><E130/><V54/><F104/><W10/><G36/><T70/><D26/><U82/><E135/><V106/><F106/><W53/><G68/><T25/><D25/><U92/><E82/><V4/><F35/><W133/><G133/><T84/><D131/><U20/><E66/><V102/><F102/><W120/><G120/><N who="0" m="46123" /><D43/><U113/><E57/><V81/><F81/><W116/><G116/><T89/><D86/><U67/><E67/><V0/><F0/><W3/><G3/><T56/><D37/><U129/><E113/><V41/><F41/><W91/><G53/><N who="0" m="33935" /><D70/><U45/><E129/><V77/><F69/><W88/><G105/><T117/><D117/><U119/><E119/><V103/><F39/><W79/><G100/><T128/><D128/><U64/><E64/><V83/><F38/><W118/><G118/><T75/><D75/><U21/><E17/><V58/><F65/><W134/><G134/><T31/><D31/><U55/><E45/><V72/><F29/><W124/><G80/><T95/><D93/><U62/><E94/><V2/><F28/><W101/><G101/><T44/><D44/><U50/><E50/><V110/><F103/><W1/><G1/><T76/><D76/><U127/><E62/><V121/><F77/><W7/><G79/><T108/><D108/><U73/><E73/><V22/><F72/><W115/><G115/><T74/><D74/><U34/><E33/><V8/><F2/><N who="3" m="247" /><G27/><T32/><D32/><U107/><E107/><V112/><F110/><W90/><G124/><T99/><D99/><U18/><E127/><RYUUKYOKU ba="0,0" sc="224,15,237,-15,302,-15,237,15" hai0="12,16,84,89,95,109,111" hai3="10,19,48,52,59,88,90,91,96,97" /><INIT seed="2,1,0,3,4,94" ten="239,222,287,252" oya="2" hai0="124,20,104,26,13,7,79,120,102,88,42,3,71" hai1="84,64,57,10,109,133,74,117,127,87,58,65,60" hai2="27,91,96,98,118,70,89,52,35,18,56,55,115" hai3="59,23,85,103,101,0,30,92,53,34,4,123,90"/><V51/><F115/><W54/><G34/><T95/><D120/><U50/><E117/><V75/><F118/><W121/><G0/><T32/><D71/><U21/><E74/><V1/><F1/><W99/><G4/><T33/><D79/><U19/><E109/><V111/><F75/><W81/><G123/><T106/><D124/><U105/><E127/><V66/><F111/><W38/><G38/><T129/><D129/><U48/><E133/><V39/><F39/><W83/><G121/><T25/><D42/><U73/><E10/><V93/><F70/><W62/><G54/><T125/><D102/><N who="3" m="38921" /><G85/><T28/><D125/><U31/><E31/><V78/><F78/><W108/><G108/><T80/><D33/><U63/><E73/><V130/><F130/><W41/><G41/><T2/><D2/><U116/><E105/><V68/><F68/><W49/><G49/><N who="1" m="19050" /><E116/><V128/><F128/><W12/><G12/><AGARI ba="1,0" hai="12,19,21,57,58,60,63,64,65,84,87" m="19050" machi="12" ten="30,1000,0" yaku="8,1" doraHai="94" who="1" fromWho="3" sc="239,0,222,13,287,0,252,-13" /><INIT seed="3,0,0,4,3,40" ten="239,235,287,239" oya="3" hai0="11,20,12,38,57,24,114,78,102,39,100,107,108" hai1="35,2,1,32,61,19,9,80,95,52,44,71,53" hai2="21,28,10,74,77,85,109,73,55,116,65,117,34" hai3="134,72,69,15,51,118,88,92,105,23,70,60,128"/><W22/><G118/><T25/><D108/><U82/><E1/><V124/><F34/><W27/><G105/><T18/><D78/><U58/><E71/><V87/><F65/><W26/><G72/><T79/><D79/><U33/><E95/><V8/><F21/><W43/><G134/><T7/><D107/><U97/><E97/><V62/><F55/><W133/><G133/><T126/><D126/><U3/><E3/><V96/><F77/><W104/><G128/><T101/><D114/><U110/><E110/><V119/><F62/><W50/><G104/><T81/><D81/><U111/><E111/><V123/><F109/><W75/><G75/><T41/><D57/><U30/><E30/><V112/><F28/><N who="3" m="17495" /><G69/><T17/><D41/><U4/><REACH who="1" step="1"/><E19/><REACH who="1" ten="239,225,287,239" step="2"/><V48/><F116/><W49/><G70/><T129/><D129/><U130/><E130/><V47/><F119/><W99/><G43/><T37/><D18/><U125/><E125/><V132/><F124/><W68/><G68/><T42/><D42/><U67/><E67/><V98/><F117/><W16/><G60/><T120/><D39/><U0/><E0/><V59/><F132/><W131/><G131/><T89/><D38/><U54/><E54/><V14/><F98/><W29/><G29/><T63/><D37/><U13/><E13/><AGARI ba="0,1" hai="13,15,16,23,27,49,50,51,88,92,99" m="17495" machi="13" ten="30,5800,0" yaku="8,1,54,2" doraHai="40" who="3" fromWho="1" sc="239,0,225,-58,287,0,239,68" owari="239,-16.1,167,-33.3,287,8.7,307,40.7" /></mjloggm>