<mjloggm ver="2.3"><GO type="225" lobby="0"/><UN n0="%E4%BF%BA%E3%81%A8%E5%A6%96%E5%A4%A2" n1="%E3%81%8C%E3%81%9F" n2="%48%61%61%61%6C%61%6E%64" n3="%72%69%6F%75%63%68%61%6E" dan="17,16,18,16" rate="2162.80,2117.99,2240.02,2218.32" sx="F,M,M,M"/><TAIKYOKU oya="0"/><INIT seed="0,0,0,1,0,75" ten="250,250,250,250" oya="0" hai0="102,80,28,38,33,20,98,92,50,71,23,88,93" hai1="41,105,134,74,78,83,6,121,64,100,104,31,16" hai2="103,61,25,119,95,65,68,97,107,4,40,5,26" hai3="55,52,108,7,99,73,124,72,69,130,10,34,81"/><T46/><D38/><U57/><E121/><V106/><F119/><W89/><G34/><T116/><D116/><U56/><E31/><V94/><F40/><W35/><G35/><T66/><D33/><U91/><E6/><V101/><F95/><W12/><G69/><T37/><D37/><U112/><E41/><V84/><F107/><W54/><G108/><T45/><D80/><U123/><E123/><V76/><F103/><W127/><G130/><T125/><D125/><N who="3" m="48201" /><G99/><T113/><D113/><U133/><E112/><V87/><F87/><AGARI ba="0,0" hai="7,10,12,52,54,55,72,73,81,87,89" m="48201" machi="87" ten="30,2000,0" yaku="18,1,54,1" doraHai="75" who="3" fromWho="2" sc="250,0,250,0,250,-20,250,20" /><INIT seed="1,0,0,0,4,102" ten="250,250,230,270" oya="1" hai0="49,107,127,12,35,34,39,73,100,95,92,48,133" hai1="111,130,68,11,52,43,93,76,31,5,81,46,110" hai2="37,86,9,44,97,67,13,126,117,20,83,135,29" hai3="15,10,28,30,51,24,87,78,22,2,85,8,98"/><U54/><E68/><V27/><F117/><W62/><G78/><T0/><D0/><N who="1" m="423" /><E31/><V72/><F126/><W116/><G116/><T25/><D39/><N who="1" m="21887" /><E93/><V120/><F120/><W1/><G98/><T121/><D100/><U115/><E115/><V74/><F67/><W53/><G62/><T59/><D12/><U56/><E56/><V26/><F97/><W6/><G28/><T112/><D59/><U50/><E50/><V63/><F63/><W21/><G22/><T75/><D112/><U23/><E23/><V114/><F114/><W124/><G124/><T69/><D69/><U99/><E99/><V118/><F118/><W47/><REACH who="3" step="1"/><G1/><REACH who="3" ten="250,250,230,260" step="2"/><T71/><D127/><U90/><E130/><V41/><F26/><W61/><G61/><T4/><D25/><U38/><E90/><V65/><F65/><W33/><G33/><T89/><D35/><U64/><E64/><V36/><F74/><W104/><G104/><T57/><D34/><U66/><E66/><V103/><F72/><W16/><AGARI ba="0,1" hai="2,6,8,10,15,16,21,24,30,47,51,53,85,87" machi="16" ten="20,5200,0" yaku="1,1,0,1,7,1,54,1,53,0" doraHai="102" doraHaiUra="132" who="3" fromWho="3" sc="250,-13,250,-26,230,-13,260,62" /><INIT seed="2,0,0,0,1,24" ten="237,224,217,322" oya="2" hai0="3,42,9,63,93,64,107,121,109,36,7,41,86" hai1="26,104,5,4,57,61,17,77,28,87,74,8,20" hai2="110,46,128,119,37,122,62,27,1,76,75,129,29" hai3="132,89,71,133,116,127,34,13,105,33,19,112,21"/><V103/><F119/><W118/><G71/><T88/><D121/><U95/><E74/><V126/><F122/><W53/><G105/><T84/><D109/><U92/><E104/><V6/><F103/><W52/><G89/><T120/><D120/><U23/><E77/><V14/><F14/><W66/><G66/><T22/><D36/><U113/><E113/><V69/><F126/><W31/><G112/><T48/><D107/><U60/><E60/><V78/><F110/><W72/><G72/><T108/><D108/><U2/><E87/><V12/><F12/><W96/><G96/><T11/><D48/><U102/><E102/><V30/><F6/><W44/><G127/><T115/><D9/><U56/><E56/><V111/><F1/><W39/><G39/><T117/><D117/><N who="3" m="45161" /><G44/><T124/><D124/><U47/><E47/><V73/><F111/><W82/><G82/><T58/><D115/><U35/><E4/><V67/><F75/><W80/><G80/><T85/><REACH who="0" step="1"/><D22/><REACH who="0" ten="227,224,217,322" step="2"/><U79/><E23/><V68/><F37/><W99/><G21/><T106/><D106/><U59/><E35/><V54/><F128/><W83/><G33/><T0/><D0/><U43/><E2/><V125/><F129/><W51/><G34/><T55/><D55/><U50/><E8/><V135/><F125/><W90/><G53/><T10/><D10/><U81/><E50/><V32/><F32/><W100/><G51/><T101/><D101/><U123/><E123/><V98/><F54/><W40/><G52/><T97/><AGARI ba="0,1" hai="3,7,11,41,42,58,63,64,84,85,86,88,93,97" machi="97" ten="30,4000,0" yaku="1,1,0,1,54,1,53,0" doraHai="24" doraHaiUra="114" who="0" fromWho="0" sc="227,50,224,-10,217,-20,322,-10" /><INIT seed="3,0,0,4,4,1" ten="277,214,197,312" oya="3" hai0="56,108,116,82,49,123,39,19,65,92,84,51,126" hai1="46,133,88,100,96,67,80,16,33,122,119,93,57" hai2="14,95,117,77,115,58,31,128,85,86,118,28,94" hai3="45,106,125,7,27,17,103,76,99,111,73,75,70"/><W6/><G70/><T112/><D116/><U121/><E33/><V13/><F58/><W110/><G125/><T25/><D123/><U91/><E119/><V5/><F77/><W3/><G45/><T18/><D39/><U127/><E127/><V135/><F128/><W63/><G63/><T29/><D126/><U87/><E133/><V109/><F135/><W69/><G69/><T54/><D92/><U44/><E122/><V81/><F81/><N who="3" m="45199" /><G3/><T4/><D4/><U0/><E0/><V105/><F105/><W129/><G75/><T102/><D102/><U23/><E121/><V113/><F109/><N who="3" m="41483" /><G129/><T50/><D108/><U43/><E100/><V10/><F10/><W21/><AGARI ba="0,0" hai="6,7,17,21,27,99,103,106" m="41483,45199" machi="21" ten="30,11700,0" yaku="14,1,10,1,52,2" doraHai="1" who="3" fromWho="3" sc="277,-39,214,-39,197,-39,312,117" owari="238,3.8,175,-22.5,158,-34.2,429,52.9" /></mjloggm>