<mjloggm ver="2.3"><GO type="225" lobby="0"/><UN n0="%E3%81%AA%E3%81%BE%E3%81%91%E8%80%85" n1="%74%2E%6F%2E%6F%2E%73" n2="%E3%83%81%E3%83%83%E3%82%BF%E3%82%BD%E3%83%BC" n3="%E6%98%93%E5%88%A9%E8%96%A9%E4%BC%AF" dan="16,18,17,16" rate="2131.26,2155.38,2171.05,2090.49" sx="M,M,F,F"/><TAIKYOKU oya="0"/><INIT seed="0,0,0,0,4,133" ten="250,250,250,250" oya="0" hai0="4,106,87,15,33,46,59,58,128,7,75,108,102" hai1="30,105,37,78,16,52,25,74,39,73,43,127,5" hai2="1,97,23,120,113,55,117,107,98,48,135,129,12" hai3="68,24,0,96,116,104,56,45,90,121,89,115,13"/><T8/><D75/><U51/><E105/><V61/><F1/><W6/><G0/><T134/><D33/><U54/><E5/><V77/><F135/><W62/><G116/><T114/><D114/><U122/><E122/><V81/><F113/><W35/><G115/><T126/><D134/><U100/><E100/><V95/><F120/><W22/><G68/><T86/><D128/><U112/><E112/><V70/><F117/><W17/><G45/><T79/><D108/><U71/><E71/><V118/><F118/><W63/><G63/><T91/><D102/><U92/><E92/><V44/><F107/><W124/><G121/><T72/><D72/><U27/><E43/><V34/><F34/><W99/><G104/><T131/><D131/><U93/><E93/><V11/><F23/><W20/><G35/><T19/><D106/><U31/><E51/><V18/><F95/><W38/><G38/><T26/><D86/><U101/><E101/><V123/><F123/><W14/><G14/><T42/><D79/><U130/><E78/><V9/><F129/><W29/><G6/><T53/><D59/><U32/><E130/><V41/><F9/><W80/><G80/><T83/><D26/><U84/><E84/><N who="2" m="48175" /><F70/><W47/><G47/><T82/><D82/><U69/><E69/><V21/><F11/><W125/><G90/><T2/><D2/><U109/><E32/><V85/><F85/><W50/><G50/><N who="0" m="31031" /><D4/><U103/><E103/><V28/><F28/><W67/><REACH who="3" step="1"/><G89/><REACH who="3" ten="250,250,250,240" step="2"/><T111/><D7/><U66/><E37/><N who="2" m="21551" /><F61/><W60/><G60/><T3/><D3/><RYUUKYOKU ba="0,1" sc="250,-15,250,-15,250,15,240,15" hai2="12,18,21,48,55,97,98" hai3="13,17,20,22,24,29,56,62,67,96,99,124,125" /><INIT seed="1,1,1,3,1,87" ten="235,235,265,255" oya="1" hai0="101,127,16,54,51,8,17,59,52,111,40,88,34" hai1="70,100,69,50,67,78,11,5,113,30,134,99,124" hai2="91,93,60,64,121,77,20,1,42,57,19,38,118" hai3="112,28,68,106,39,25,71,115,37,96,97,7,4"/><U79/><E113/><N who="3" m="43594" /><G25/><T72/><D34/><U32/><E124/><V26/><F118/><W128/><G28/><T73/><D111/><U65/><E134/><V82/><F121/><W81/><G81/><T125/><D101/><U85/><E50/><V61/><F1/><W76/><G76/><T114/><D40/><U126/><E126/><N who="0" m="48137" /><D114/><U3/><E30/><V75/><F61/><W116/><G106/><T131/><D131/><U123/><E32/><V23/><F23/><W62/><G62/><N who="0" m="36199" /><D88/><U89/><E123/><V110/><F110/><W10/><G10/><T94/><D94/><U36/><E36/><N who="3" m="13898" /><G116/><T12/><D17/><U129/><E129/><V103/><F103/><W22/><G22/><T107/><D107/><U102/><E78/><V104/><F104/><W21/><G21/><T41/><D41/><U92/><E79/><V119/><F119/><W47/><G47/><AGARI ba="1,1" hai="8,12,16,47,51,54,72,73" m="36199,48137" machi="47" ten="30,3900,0" yaku="18,1,54,2" doraHai="87" who="0" fromWho="3" sc="235,52,235,0,265,0,255,-42" /><INIT seed="2,0,0,1,1,65" ten="287,235,265,213" oya="2" hai0="66,97,131,95,40,109,81,88,48,47,15,93,14" hai1="35,31,85,34,116,105,113,2,18,29,96,82,108" hai2="43,13,16,24,100,78,32,83,5,107,73,42,37" hai3="68,115,135,7,25,52,60,28,21,4,54,3,79"/><V74/><F5/><W86/><G135/><T128/><D109/><U99/><E113/><V127/><F127/><W22/><G115/><T50/><D81/><U58/><E116/><V114/><F114/><W67/><G22/><T20/><D66/><U6/><E18/><V39/><F73/><W55/><REACH who="3" step="1"/><G3/><REACH who="3" ten="287,235,265,203" step="2"/><T11/><D20/><U0/><E0/><V117/><F117/><W27/><G27/><T33/><D33/><U126/><E2/><V103/><F24/><W59/><G59/><T110/><D110/><U133/><E58/><V1/><F32/><W124/><G124/><T90/><D131/><U8/><E108/><V75/><F1/><W80/><AGARI ba="0,1" hai="4,7,21,25,28,52,54,55,60,67,68,79,80,86" machi="80" ten="30,8000,1" yaku="1,1,0,1,52,1,54,1,53,1" doraHai="65" doraHaiUra="61" who="3" fromWho="3" sc="287,-20,235,-20,265,-40,203,90" /><INIT seed="3,0,0,1,3,32" ten="267,215,225,293" oya="3" hai0="67,128,35,65,64,74,117,40,88,125,0,73,132" hai1="57,54,85,130,26,1,118,14,124,31,41,15,133" hai2="21,78,4,60,58,22,37,33,106,6,24,115,134" hai3="122,62,76,8,50,16,95,126,42,89,11,18,51"/><W93/><G122/><T111/><D117/><U112/><E112/><V113/><F37/><W131/><G131/><T71/><D35/><U84/><E1/><V19/><F106/><W91/><G62/><T121/><D121/><U99/><E41/><V81/><F134/><W17/><G76/><T28/><D28/><U82/><E130/><V110/><F33/><W36/><G36/><T107/><D107/><U43/><E43/><V27/><F110/><W56/><G126/><T75/><D111/><U44/><E44/><V129/><F129/><W90/><G56/><T100/><D100/><U61/><E133/><V97/><F97/><W80/><G80/><T101/><D101/><U46/><E124/><V30/><F113/><W94/><G42/><T114/><D114/><U49/><E99/><V48/><F48/><AGARI ba="0,0" hai="8,11,16,17,18,48,50,51,89,90,91,93,94,95" machi="48" ten="50,18000,2" yaku="29,2,28,2,8,1,54,1" doraHai="32" who="3" fromWho="2" sc="267,0,215,0,225,-180,293,180" owari="267,6.7,215,-18.5,45,-45.5,473,57.3" /></mjloggm>