<mjloggm ver="2.3"><GO type="225" lobby="0"/><UN n0="%E5%A0%80%E5%B7%9D%E9%9B%B7%E9%BC%93" n1="%E9%80%9F%E6%B0%B4%E5%87%9B%E9%A6%99" n2="%E3%81%A1%E3%82%85%E3%81%86%E3%81%A9%E3%81%8F%E8%B1%A1%E3%81%95%E3%82%93" n3="%6D%75%75%6D%75%72%61" dan="16,16,17,17" rate="2073.56,2158.13,2190.34,2216.61" sx="F,F,M,F"/><TAIKYOKU oya="0"/><INIT seed="0,0,0,1,2,1" ten="250,250,250,250" oya="0" hai0="82,81,69,5,21,15,29,2,114,130,28,116,132" hai1="118,78,64,22,54,19,68,48,91,39,96,129,123" hai2="23,51,122,66,12,42,24,128,63,95,117,107,70" hai3="47,80,37,72,8,65,94,71,50,103,55,110,62"/><T133/><D69/><U73/><E123/><V135/><F122/><W90/><G110/><T52/><D114/><U14/><E39/><V67/><F135/><N who="0" m="51786" /><D116/><U49/><E118/><V26/><F128/><W83/><G72/><T10/><D130/><U17/><E129/><V109/><F107/><W11/><G103/><T121/><D121/><U25/><E73/><V4/><F109/><W60/><G60/><T104/><D104/><U56/><E78/><V18/><F117/><W7/><G11/><T108/><D108/><U59/><E68/><V6/><F67/><W61/><G61/><T124/><D124/><U20/><E64/><V76/><F76/><W119/><G37/><T74/><D74/><U45/><E48/><V127/><F127/><W84/><REACH who="3" step="1"/><G119/><REACH who="3" ten="250,250,250,240" step="2"/><T134/><D134/><U125/><E125/><V131/><F131/><W43/><G43/><T35/><D52/><U33/><E33/><V57/><F95/><AGARI ba="0,1" hai="14,17,19,20,22,25,45,49,54,56,59,91,95,96" machi="95" ten="40,1300,0" yaku="8,1" doraHai="1" who="1" fromWho="2" sc="250,0,250,23,250,-13,240,0" /><INIT seed="1,0,0,2,2,116" ten="250,273,237,240" oya="1" hai0="66,103,30,119,49,48,68,1,83,16,7,118,126" hai1="123,50,113,39,20,93,32,70,28,51,60,2,100" hai2="98,26,72,101,121,88,87,61,40,52,112,128,95" hai3="31,56,75,76,114,133,92,91,78,47,24,33,6"/><U130/><E123/><V124/><F128/><W59/><G114/><T86/><D118/><U105/><E2/><V38/><F124/><W102/><G133/><T81/><D119/><U82/><E39/><V25/><F72/><W42/><G102/><T37/><D37/><U58/><E113/><V11/><F112/><W132/><G132/><T14/><D126/><U15/><E130/><V89/><F121/><W18/><G6/><T45/><D30/><U79/><E70/><V127/><F127/><W65/><G18/><T35/><D35/><U120/><E105/><V122/><F122/><W97/><G75/><T71/><D1/><U69/><E69/><V107/><F11/><W46/><G46/><T53/><D7/><U67/><E32/><V110/><F110/><W117/><G117/><T36/><D36/><U54/><E120/><V3/><F3/><W41/><G41/><T44/><D103/><U21/><E21/><V106/><F106/><W43/><G43/><T134/><D134/><U111/><E54/><V23/><F89/><W109/><G109/><T73/><D73/><U57/><E57/><V22/><F40/><W77/><REACH who="3" step="1"/><G65/><REACH who="3" ten="250,273,237,230" step="2"/><T9/><D66/><U96/><E111/><V5/><F38/><AGARI ba="0,1" hai="24,31,33,38,42,47,56,59,76,77,78,91,92,97" machi="38" ten="40,2600,0" yaku="1,1,2,1,53,0" doraHai="116" doraHaiUra="8" who="3" fromWho="2" sc="250,0,273,0,237,-26,230,36" /><INIT seed="2,0,0,1,0,131" ten="250,273,211,266" oya="2" hai0="95,19,0,63,13,121,127,69,36,87,4,99,123" hai1="45,78,88,52,77,84,37,40,118,9,54,89,86" hai2="108,66,46,60,70,98,110,126,2,12,74,50,101" hai3="117,5,31,24,132,29,68,93,6,26,32,42,129"/><V22/><F74/><W73/><G68/><T96/><D36/><U10/><E118/><V135/><F2/><W83/><G117/><T62/><D0/><U82/><E78/><V15/><F126/><W75/><G129/><T56/><D127/><U109/><E109/><N who="2" m="42091" /><F22/><W30/><G42/><T20/><D69/><U90/><REACH who="1" step="1"/><E86/><REACH who="1" ten="250,263,211,266" step="2"/><V33/><F33/><W106/><G32/><T47/><D121/><U79/><E79/><V125/><F125/><W119/><G73/><T116/><D123/><U14/><E14/><V104/><F135/><W122/><G132/><T57/><D116/><U115/><E115/><V130/><F130/><W17/><G119/><T39/><D87/><U55/><AGARI ba="0,1" hai="9,10,37,40,45,52,54,55,77,82,84,88,89,90" machi="55" ten="30,12000,2" yaku="1,1,0,1,54,2,53,3" doraHai="131" doraHaiUra="51" who="1" fromWho="1" sc="250,-30,263,130,211,-60,266,-30" /><INIT seed="3,0,0,4,4,74" ten="220,393,151,236" oya="3" hai0="78,130,110,44,102,87,126,63,47,19,85,133,88" hai1="77,2,98,107,55,35,90,59,25,103,40,62,21" hai2="49,128,86,70,33,23,123,3,95,79,112,10,121" hai3="42,66,99,15,116,124,89,43,60,93,122,132,5"/><W67/><G116/><T92/><D110/><U26/><E2/><V28/><F112/><W83/><G122/><N who="2" m="46601" /><F70/><W134/><G124/><T36/><D126/><U30/><E77/><V91/><F49/><W81/><G5/><T111/><D111/><U1/><E1/><V106/><F106/><W8/><G43/><T7/><D7/><U4/><E4/><N who="2" m="1311" /><F23/><W120/><G42/><T54/><D133/><U51/><E90/><V101/><F101/><W129/><G120/><T34/><D130/><U48/><E40/><V12/><F12/><W105/><G129/><T22/><D34/><U76/><E76/><V52/><F128/><W100/><G15/><N who="0" m="9599" /><D102/><U82/><E82/><N who="2" m="47455" /><F28/><AGARI ba="0,0" hai="21,25,26,28,30,35,48,51,55,59,62,98,103,107" machi="28" ten="30,1000,0" yaku="7,1" doraHai="74" who="1" fromWho="2" sc="220,0,393,10,151,-10,236,0" owari="220,-18.0,403,50.3,141,-35.9,236,3.6" /></mjloggm>