<mjloggm ver="2.3"><GO type="225" lobby="0"/><UN n0="%E7%B4%94%E6%BD%94%E3%83%94%E3%83%A9%E3%83%8B%E3%82%A2" n1="%30%2E%31%32%30" n2="%6C%61%6D%62" n3="%6D%75%75%73%61%6E%6D%75" dan="17,16,16,16" rate="2224.82,2107.79,2211.59,2064.46" sx="M,M,M,F"/><TAIKYOKU oya="0"/><INIT seed="0,0,0,5,3,102" ten="250,250,250,250" oya="0" hai0="128,75,119,14,21,87,122,41,40,67,10,99,58" hai1="4,94,19,135,86,133,93,50,105,60,118,38,88" hai2="130,36,30,61,103,2,129,98,123,52,104,134,76" hai3="77,131,29,73,68,55,6,120,34,49,16,70,64"/><T8/><D75/><U31/><E38/><V1/><F123/><W90/><G120/><T45/><D119/><U51/><E4/><V107/><F36/><W97/><G6/><T44/><D128/><N who="2" m="49258" /><F134/><N who="1" m="51209" /><E118/><V84/><F30/><W80/><G131/><T81/><D122/><U62/><E31/><V42/><F42/><N who="0" m="16490" /><D99/><U53/><E50/><V48/><F61/><N who="1" m="23657" /><E19/><V54/><F104/><W109/><G109/><T12/><D58/><N who="1" m="33087" /><E93/><V101/><F101/><W96/><G29/><T66/><D21/><U114/><E114/><V27/><F27/><W37/><G37/><T71/><D71/><U92/><E92/><V126/><F126/><W106/><G34/><T13/><D10/><U47/><E47/><N who="0" m="17993" /><D8/><U15/><E15/><V117/><F117/><W116/><G116/><T110/><D110/><U35/><E35/><V57/><F54/><W56/><G68/><T46/><N who="0" m="18001" /><T72/><DORA hai="132" /><D72/><U112/><E112/><V18/><F18/><W111/><G111/><T100/><D100/><U85/><E86/><V20/><F20/><W125/><G16/><T26/><D26/><U33/><E33/><V74/><F74/><W63/><G96/><T89/><AGARI ba="0,0" hai="12,13,14,66,67,81,87,89" m="18001,16490" machi="89" ten="40,2100,0" yaku="8,1" doraHai="102,132" who="0" fromWho="0" sc="250,21,250,-7,250,-7,250,-7" /><INIT seed="0,1,0,2,4,7" ten="271,243,243,243" oya="0" hai0="81,120,29,101,30,52,13,10,46,43,117,26,103" hai1="111,124,63,104,28,94,66,19,39,109,5,92,51" hai2="15,42,48,102,88,56,36,73,1,119,125,126,45" hai3="89,35,87,79,97,22,21,17,83,76,71,72,78"/><T121/><D117/><U11/><E39/><V31/><F1/><W80/><G35/><T108/><D81/><U57/><E104/><V96/><F73/><W135/><G71/><T106/><D108/><N who="1" m="41547" /><E124/><N who="2" m="47723" /><F119/><W123/><G135/><T67/><D67/><U44/><E19/><V98/><F31/><W2/><G123/><T6/><D29/><U99/><E28/><V77/><F77/><W85/><G2/><T82/><D82/><U115/><E115/><V70/><F70/><W90/><G72/><T112/><D112/><U130/><E130/><V64/><F102/><W65/><G65/><T131/><D131/><U74/><E74/><V9/><F88/><W53/><G97/><T134/><D134/><U41/><E99/><V62/><F36/><W105/><G105/><T18/><D106/><U75/><E75/><V50/><F50/><W25/><G21/><N who="0" m="13623" /><D30/><U0/><AGARI ba="1,0" hai="0,5,11,41,44,51,57,63,66,92,94" m="41547" machi="0" ten="30,2000,0" yaku="14,1,52,1" doraHai="7" who="1" fromWho="1" sc="271,-11,243,23,243,-6,243,-6" /><INIT seed="1,0,0,2,4,106" ten="260,266,237,237" oya="1" hai0="114,121,83,130,19,112,93,133,95,113,118,29,75" hai1="81,44,97,37,129,74,0,69,99,86,135,57,7" hai2="88,66,104,115,26,85,5,10,52,119,2,122,110" hai3="131,54,111,89,98,90,100,109,103,65,42,55,39"/><U46/><E69/><V34/><F119/><W108/><G131/><T67/><D29/><U60/><E135/><V80/><F122/><W123/><G123/><T92/><D121/><U27/><E27/><V20/><F110/><W17/><G65/><T32/><D32/><U47/><E129/><V94/><F104/><W78/><G78/><T84/><D130/><U31/><E31/><V3/><F115/><W102/><G17/><T18/><D118/><U105/><E105/><V68/><F34/><W43/><G98/><T8/><D133/><U101/><E99/><V70/><F66/><W134/><G134/><T24/><D24/><U76/><E37/><V72/><F3/><W71/><G71/><T124/><D67/><U9/><E86/><V11/><F11/><W77/><G77/><T53/><D75/><U107/><REACH who="1" step="1"/><E44/><REACH who="1" ten="260,256,237,237" step="2"/><V48/><F72/><W56/><G39/><T28/><D28/><U61/><E61/><V35/><F35/><W96/><G96/><T13/><D112/><U116/><E116/><V58/><REACH who="2" step="1"/><F94/><REACH who="2" ten="260,256,227,237" step="2"/><W45/><G108/><T59/><D113/><U41/><E41/><V63/><F63/><N who="3" m="36247" /><G109/><T117/><D114/><U91/><E91/><N who="3" m="34826" /><G111/><T12/><D117/><U64/><AGARI ba="0,2" hai="0,7,9,46,47,57,60,64,74,76,81,97,101,107" machi="64" ten="20,7800,0" yaku="1,1,0,1,7,1,52,1,53,0" doraHai="106" doraHaiUra="22" who="1" fromWho="1" sc="260,-26,256,98,227,-26,237,-26" /><INIT seed="1,1,0,2,1,124" ten="234,354,201,211" oya="1" hai0="52,104,126,32,28,97,33,89,79,44,53,117,38" hai1="42,64,98,96,119,25,72,103,109,111,102,127,115" hai2="57,135,66,65,55,17,95,20,18,48,45,1,100" hai3="107,76,80,31,74,113,110,132,11,9,26,43,23"/><U46/><E72/><V116/><F116/><W121/><G113/><T59/><D117/><U118/><E64/><V27/><F135/><W91/><G121/><T0/><D0/><U60/><E60/><V30/><F1/><W133/><G107/><T134/><D79/><U40/><E25/><V101/><F66/><W114/><G114/><T128/><D28/><U12/><E115/><V68/><F68/><W56/><G110/><T29/><D29/><U7/><E12/><V120/><F120/><W130/><G91/><T16/><D126/><U122/><E127/><V93/><F93/><W2/><G2/><T105/><D59/><U71/><E122/><V4/><F4/><W85/><G74/><T123/><D44/><U47/><E7/><V129/><F129/><W78/><G130/><T24/><D128/><U19/><E19/><N who="2" m="7179" /><F95/><W41/><G76/><T3/><D16/><U13/><E13/><V87/><F87/><W84/><G85/><T14/><D14/><U21/><E71/><V35/><F35/><W94/><G94/><T62/><D3/><U63/><E63/><AGARI ba="1,0" hai="20,27,30,45,48,55,57,63,65,100,101" m="7179" machi="63" ten="30,1000,0" yaku="8,1" doraHai="124" who="2" fromWho="1" sc="234,0,354,-13,201,13,211,0" /><INIT seed="2,0,0,2,2,93" ten="234,341,214,211" oya="2" hai0="90,25,55,31,52,43,46,66,104,120,125,38,63" hai1="41,84,132,2,42,12,75,40,116,94,110,7,15" hai2="79,109,17,74,26,0,124,118,58,73,130,78,97" hai3="113,37,56,64,123,39,111,89,102,98,27,127,5"/><V108/><F0/><W80/><G123/><T107/><D120/><U11/><E75/><N who="2" m="28683" /><F58/><W86/><G111/><N who="2" m="42569" /><F118/><W24/><G127/><T101/><D125/><U57/><E116/><V76/><F124/><W62/><G113/><T35/><D90/><U87/><E110/><V13/><F130/><W54/><G5/><T88/><D88/><N who="1" m="53511" /><E2/><V48/><F48/><W82/><G82/><T106/><REACH who="0" step="1"/><D101/><REACH who="0" ten="224,341,214,211" step="2"/><U14/><E87/><V32/><F97/><W3/><G3/><T99/><D99/><U53/><E132/><V9/><F79/><W50/><G39/><T70/><AGARI ba="0,1" hai="25,31,35,38,43,46,52,55,63,66,70,104,106,107" machi="70" ten="30,4000,0" yaku="1,1,0,1,54,1,53,0" doraHai="93" doraHaiUra="91" who="0" fromWho="0" sc="224,50,341,-10,214,-20,211,-10" /><INIT seed="3,0,0,0,0,13" ten="274,331,194,201" oya="3" hai0="99,33,19,127,50,88,1,30,70,89,121,15,72" hai1="119,24,61,106,16,67,27,41,112,115,85,58,36" hai2="3,52,113,11,77,93,110,62,29,69,82,53,71" hai3="102,25,107,59,31,39,18,12,55,126,132,111,42"/><W109/><G126/><T46/><D121/><U101/><E27/><V44/><F113/><W76/><G132/><T95/><D70/><U74/><E74/><V8/><F29/><W60/><G76/><T91/><D1/><U73/><E73/><V26/><F3/><W122/><G122/><T38/><D38/><U2/><E2/><V103/><F110/><N who="3" m="41995" /><G107/><T48/><D72/><U125/><E125/><V57/><F26/><W56/><G102/><T116/><D116/><U96/><E119/><V20/><F20/><N who="3" m="11335" /><G56/><T83/><D127/><U117/><E117/><V133/><F133/><W66/><G42/><T97/><D89/><U128/><E112/><V100/><F69/><W43/><G43/><T78/><D91/><U21/><E115/><V7/><F71/><W80/><G80/><T64/><D83/><U54/><E101/><N who="2" m="38987" /><F93/><W37/><G66/><T23/><D78/><U84/><E58/><N who="2" m="35143" /><F44/><W35/><AGARI ba="0,0" hai="25,31,35,37,39,55,59,60" m="11335,41995" machi="35" ten="30,6000,0" yaku="14,1,10,1,52,1" doraHai="13" who="3" fromWho="3" sc="274,-20,331,-20,194,-20,201,60" /><INIT seed="3,1,0,4,3,16" ten="254,311,174,261" oya="3" hai0="94,123,73,13,1,3,46,24,37,56,76,100,128" hai1="116,45,127,30,65,52,5,117,0,126,104,93,32" hai2="68,119,12,80,53,86,106,111,110,10,18,29,131" hai3="19,125,115,4,2,113,91,81,44,40,33,70,118"/><W134/><G118/><N who="1" m="45674" /><E104/><V50/><F119/><W85/><G70/><T121/><D128/><U55/><E65/><V20/><F106/><W63/><G33/><T28/><D13/><U135/><E135/><V105/><F105/><W34/><G34/><N who="0" m="20743" /><D56/><U87/><E30/><V78/><F68/><W124/><G134/><T96/><D94/><U8/><E32/><V82/><F131/><W64/><G2/><N who="0" m="523" /><D96/><U54/><E45/><V72/><F29/><W97/><G4/><T60/><D60/><U7/><E7/><V23/><F110/><W22/><G97/><T130/><D100/><U75/><E75/><V49/><F111/><W67/><G63/><T88/><D88/><AGARI ba="1,0" hai="0,5,8,52,54,55,87,88,93,126,127" m="45674" machi="88" ten="40,5200,0" yaku="12,1,54,2" doraHai="16" who="1" fromWho="0" sc="254,-55,311,55,174,0,261,0" owari="199,-20.1,366,46.6,174,-32.6,261,6.1" /></mjloggm>