<mjloggm ver="2.3"><GO type="225" lobby="0"/><UN n0="%E3%81%BB%E3%82%8B%E3%81%B2%E3%81%99%E2%98%86%E5%A4%A7%E5%90%89" n1="%E6%A1%9C%E8%8A%B1%E9%96%83%E3%80%85" n2="%E6%B8%A9%E2%98%85%E6%83%85%E2%98%85%E6%8E%AA%E2%98%85%E7%BD%AE" n3="%E3%83%A9%E3%83%BC%E3%83%A1%E3%83%B3%E4%BA%94%E9%83%8E" dan="16,16,18,16" rate="2139.81,2130.92,2279.84,2098.67" sx="M,M,M,M"/><TAIKYOKU oya="0"/><INIT seed="0,0,0,4,3,85" ten="250,250,250,250" oya="0" hai0="24,52,93,131,110,1,62,22,111,112,78,83,129" hai1="133,28,7,123,2,120,57,6,51,95,126,47,88" hai2="40,121,128,127,36,50,100,70,16,25,87,49,5" hai3="119,42,19,118,79,68,104,106,9,13,96,34,11"/><T134/><D112/><U109/><E109/><N who="0" m="41481" /><D1/><U58/><E126/><V56/><F121/><W32/><G68/><T44/><D134/><U45/><E133/><V74/><F74/><W135/><G135/><T21/><D93/><U64/><E28/><V122/><F70/><W86/><G42/><T17/><D22/><U12/><E2/><V75/><F75/><W59/><G32/><T53/><D62/><N who="1" m="37967" /><E123/><V0/><F40/><W125/><G34/><T76/><D76/><U37/><E37/><V89/><F36/><W3/><G125/><T116/><D116/><U8/><E120/><V80/><F0/><W30/><G3/><T72/><D44/><U130/><E130/><AGARI ba="0,0" hai="17,21,24,52,53,72,78,83,129,130,131" m="41481" machi="130" ten="30,11600,0" yaku="19,1,14,1,10,1,54,1" doraHai="85" who="0" fromWho="1" sc="250,116,250,-116,250,0,250,0" /><INIT seed="0,1,0,3,4,132" ten="366,134,250,250" oya="0" hai0="86,68,124,53,29,39,115,9,44,5,56,127,111" hai1="15,81,83,4,92,130,36,17,133,51,67,55,25" hai2="78,6,117,105,74,135,99,0,129,128,46,30,10" hai3="33,96,49,8,40,87,48,131,126,3,21,11,77"/><T35/><D115/><U90/><E36/><V65/><F135/><W62/><G33/><T54/><D68/><U63/><E130/><N who="2" m="50283" /><F117/><W28/><G131/><T119/><D119/><U109/><E109/><V103/><F30/><W116/><G116/><T84/><D111/><U61/><E4/><V42/><F65/><W93/><G3/><T85/><D29/><U134/><E25/><V110/><F110/><W20/><G62/><N who="1" m="23562" /><E67/><V125/><F125/><N who="0" m="48202" /><D35/><U113/><E113/><V120/><F120/><W69/><G126/><T38/><D44/><N who="1" m="28135" /><E134/><V100/><F100/><W52/><G28/><T104/><D104/><U13/><E13/><V26/><F26/><W58/><G69/><T59/><D59/><U37/><E37/><N who="0" m="13833" /><D56/><U16/><E133/><V45/><F42/><W32/><G40/><T97/><D97/><N who="1" m="57495" /><E17/><V80/><AGARI ba="1,0" hai="0,6,10,45,46,74,78,80,99,103,105" m="50283" machi="80" ten="30,1100,0" yaku="19,1" doraHai="132" who="2" fromWho="2" sc="366,-6,134,-4,250,14,250,-4" /><INIT seed="1,0,0,4,5,88" ten="360,130,264,246" oya="1" hai0="30,31,5,109,119,105,45,91,39,25,11,78,12" hai1="101,29,102,53,127,83,134,79,0,43,48,129,4" hai2="41,69,85,44,126,49,28,124,82,110,73,100,121" hai3="24,120,15,92,108,58,113,128,36,116,71,6,98"/><U72/><E129/><V14/><F121/><W77/><G71/><T66/><D119/><U3/><E134/><V22/><F69/><W135/><G120/><T80/><D109/><U2/><E127/><N who="2" m="48683" /><F110/><W112/><G108/><T42/><D105/><U1/><E43/><V123/><F123/><W97/><G135/><T84/><D66/><U111/><E111/><V56/><F100/><W107/><G128/><T52/><D52/><U62/><E62/><V57/><F73/><W46/><G107/><T68/><D68/><U32/><N who="1" m="0" /><DORA hai="65" /><U47/><REACH who="1" step="1"/><E4/><REACH who="1" ten="360,120,264,246" step="2"/><V27/><F14/><W40/><G15/><T70/><D12/><U16/><E16/><V76/><AGARI ba="0,1" hai="22,27,28,41,44,49,56,57,76,82,85" m="48683" machi="76" ten="30,1100,0" yaku="18,1" doraHai="88,65" who="2" fromWho="2" sc="360,-3,120,-5,264,21,246,-3" /><INIT seed="2,0,0,5,5,78" ten="357,115,285,243" oya="2" hai0="92,2,32,108,100,43,53,16,133,95,3,85,67" hai1="103,38,120,58,26,19,70,61,18,34,35,112,116" hai2="106,110,50,57,73,33,123,27,56,129,49,41,131" hai3="44,4,45,125,25,130,20,6,10,52,72,62,88"/><V64/><F106/><W126/><G130/><N who="2" m="49673" /><F73/><W11/><G72/><T86/><D32/><U40/><E112/><V13/><F13/><W101/><G101/><T97/><D133/><U93/><E116/><V80/><F123/><W90/><G62/><T104/><D108/><U71/><E40/><V29/><F110/><W128/><G128/><T111/><D111/><U36/><E93/><V21/><F64/><W54/><G20/><T14/><D67/><U117/><E103/><V82/><F33/><W17/><G17/><T60/><D43/><U98/><E98/><V122/><F122/><W39/><G25/><T109/><D109/><U47/><E120/><V132/><F132/><W102/><G102/><T31/><D31/><U119/><E26/><V124/><F124/><W94/><G94/><T69/><D69/><U0/><E61/><V8/><F8/><W121/><G121/><T134/><D134/><U79/><E79/><V51/><F41/><W105/><G105/><T28/><D104/><U107/><E107/><V75/><F75/><W23/><G23/><T1/><D3/><U24/><E24/><V48/><N who="2" m="12288" /><DORA hai="127" /><V37/><F37/><AGARI ba="0,0" hai="4,6,10,11,37,39,44,45,52,54,88,90,125,126" machi="37" ten="25,6400,0" yaku="22,2,54,2" doraHai="78,127" who="3" fromWho="2" sc="357,0,115,0,285,-64,243,64" /><INIT seed="3,0,0,2,0,61" ten="357,115,221,307" oya="3" hai0="99,25,79,116,43,117,37,121,129,51,45,32,126" hai1="26,110,106,38,27,9,58,127,13,97,86,119,72" hai2="102,85,83,19,70,104,11,7,44,65,68,10,74" hai3="135,3,78,56,20,73,4,88,8,98,5,18,112"/><W105/><G112/><T49/><D121/><U1/><E72/><V6/><F74/><W17/><G135/><T77/><D129/><U28/><E38/><V22/><F102/><W47/><G5/><T42/><D126/><U40/><E127/><V118/><F104/><W50/><G56/><T134/><D134/><U81/><E110/><V41/><F118/><W109/><G109/><T34/><D99/><U29/><E119/><V84/><F68/><W130/><G130/><T132/><D132/><U0/><E40/><V23/><F70/><W114/><G114/><T90/><D90/><U52/><E106/><V16/><F44/><W46/><G20/><T55/><D37/><U31/><E97/><V63/><F63/><W62/><G62/><T103/><D103/><U53/><E58/><V59/><F59/><W91/><G46/><T131/><D131/><U54/><E13/><V35/><F83/><N who="3" m="45519" /><G105/><T124/><D45/><U128/><E128/><V76/><F76/><W92/><G91/><T71/><D71/><U113/><E113/><V15/><F15/><W33/><G33/><T67/><D124/><U24/><E9/><V39/><F35/><W93/><G93/><T64/><D25/><U80/><REACH who="1" step="1"/><E86/><REACH who="1" ten="357,105,221,307" step="2"/><N who="2" m="33387" /><F39/><W75/><G75/><T123/><D117/><U60/><E60/><V125/><F125/><W100/><G100/><T12/><D116/><U2/><AGARI ba="0,1" hai="0,1,2,24,26,27,28,29,31,52,53,54,80,81" machi="2" ten="50,32000,5" yakuman="40" doraHai="61" doraHaiUra="122" who="1" fromWho="1" sc="357,-80,105,330,221,-80,307,-160" owari="277,7.7,435,53.5,141,-35.9,147,-25.3" /></mjloggm>