<mjloggm ver="2.3"><GO type="225" lobby="0"/><UN n0="%E8%90%BD%E6%97%A5" n1="%4B%2E%32%2E%4B%2E" n2="%E3%82%A2%E3%83%A1%E3%82%A2%E3%83%A9%E3%83%AC" n3="%61%6D%65%6B%69" dan="16,16,16,16" rate="2152.71,2131.14,2178.95,2078.46" sx="F,M,M,M"/><TAIKYOKU oya="0"/><INIT seed="0,0,0,3,3,64" ten="250,250,250,250" oya="0" hai0="104,69,50,0,35,9,8,31,100,75,71,81,135" hai1="27,53,107,72,55,73,83,122,91,29,47,97,34" hai2="62,46,43,4,111,26,95,38,5,80,3,60,103" hai3="63,65,110,94,45,86,109,20,98,99,30,116,6"/><T21/><D21/><U121/><E73/><V84/><F111/><N who="3" m="42507" /><G116/><T42/><D9/><U16/><E47/><V127/><F127/><W74/><G74/><T89/><D89/><U102/><E91/><V124/><F124/><W7/><G86/><T120/><D50/><U128/><E128/><V48/><F38/><W61/><G45/><T115/><D42/><U39/><E39/><V134/><F134/><W25/><G63/><N who="2" m="24105" /><F3/><W22/><G22/><T105/><D120/><U54/><E72/><V70/><F70/><N who="0" m="26634" /><D115/><U118/><E83/><V123/><F26/><W33/><G33/><T41/><D41/><U133/><E118/><V15/><F15/><W52/><G65/><T125/><D100/><U40/><E40/><V88/><F123/><W82/><G82/><T11/><D11/><U68/><E68/><V12/><F12/><W114/><G114/><T32/><D135/><U2/><E133/><V18/><F18/><W37/><G37/><T79/><D125/><U90/><E2/><V66/><F66/><W23/><G23/><T44/><D44/><U13/><REACH who="1" step="1"/><E90/><REACH who="1" ten="250,240,250,250" step="2"/><N who="2" m="51463" /><F103/><N who="3" m="60887" /><G99/><AGARI ba="0,1" hai="4,5,43,46,48,88,95,99" m="51463,24105" machi="99" ten="30,2000,0" yaku="8,1,54,1" doraHai="64" who="2" fromWho="3" sc="250,0,240,0,250,30,250,-20" /><INIT seed="1,0,0,5,0,110" ten="250,240,280,230" oya="1" hai0="132,39,6,16,134,58,43,55,59,5,95,26,12" hai1="131,76,79,135,121,78,104,21,112,68,70,129,108" hai2="42,47,28,82,44,94,85,57,102,48,119,88,111" hai3="126,116,2,51,109,3,40,31,15,69,10,117,45"/><U120/><E104/><V114/><F119/><N who="3" m="45643" /><G69/><N who="1" m="26730" /><E21/><V17/><F111/><W34/><G109/><T89/><D43/><U84/><E108/><V127/><F127/><W66/><G66/><T33/><D39/><U128/><E84/><V91/><F28/><W18/><G126/><T123/><D123/><N who="1" m="47179" /><E135/><N who="0" m="51753" /><D26/><AGARI ba="0,0" hai="2,3,10,15,18,26,31,34,40,45,51" m="45643" machi="26" ten="30,1000,0" yaku="12,1" doraHai="110" who="3" fromWho="0" sc="250,-10,240,0,280,0,230,10" /><INIT seed="2,0,0,2,4,57" ten="240,240,280,240" oya="2" hai0="63,45,53,26,93,52,58,127,31,9,27,130,135" hai1="56,40,43,62,13,96,17,125,132,38,35,108,42" hai2="97,106,69,70,128,100,116,32,12,33,81,74,120" hai3="87,86,68,28,90,105,75,29,48,73,112,47,91"/><V19/><F116/><W65/><G105/><T102/><D127/><U126/><E108/><V134/><F120/><W14/><G112/><T41/><D130/><U82/><E35/><N who="2" m="13387" /><F19/><W107/><G107/><T11/><D135/><U21/><E132/><V80/><F12/><W54/><G14/><T103/><D53/><U8/><E96/><V1/><F81/><W94/><G75/><T5/><D93/><U89/><E38/><V16/><F16/><W111/><G73/><T115/><D115/><U77/><E8/><N who="0" m="3145" /><D5/><U78/><E89/><V7/><F134/><W10/><G10/><T34/><D34/><U36/><E36/><V117/><F7/><W18/><G18/><T64/><D41/><U83/><E83/><V113/><F117/><W76/><G111/><T6/><D6/><U55/><REACH who="1" step="1"/><E78/><REACH who="1" ten="240,230,280,240" step="2"/><N who="2" m="44119" /><F113/><W37/><G76/><T118/><D118/><U122/><E122/><V99/><F97/><W24/><G37/><T60/><D31/><U124/><E124/><V72/><F72/><AGARI ba="0,1" hai="13,17,21,40,42,43,55,56,62,72,77,82,125,126" machi="72" ten="40,2600,0" yaku="1,1,52,1,53,0" doraHai="57" doraHaiUra="109" who="1" fromWho="2" sc="240,0,230,36,280,-26,240,0" /><INIT seed="3,0,0,2,5,102" ten="240,266,254,240" oya="3" hai0="43,130,46,81,67,14,28,128,121,6,132,64,91" hai1="57,25,4,107,119,96,11,127,72,9,100,37,26" hai2="59,108,99,90,51,61,116,89,94,112,114,66,35" hai3="56,47,113,109,7,111,76,126,2,118,18,5,62"/><W124/><G113/><T50/><D121/><U97/><E37/><V15/><F108/><N who="3" m="41547" /><G118/><T54/><D132/><U104/><E72/><V40/><F35/><W53/><G76/><T21/><D28/><U73/><E73/><V3/><F3/><W84/><G84/><N who="0" m="50575" /><D43/><U1/><E119/><V8/><F116/><W10/><G7/><T42/><D42/><U44/><E127/><N who="3" m="48682" /><G47/><T30/><D30/><U36/><E4/><N who="2" m="3463" /><F112/><W74/><G74/><T92/><D92/><U63/><E1/><V39/><F114/><W93/><G93/><T69/><D69/><U20/><E44/><N who="2" m="25991" /><F39/><W16/><AGARI ba="0,0" hai="2,5,10,16,18,53,56,62" m="48682,41547" machi="16" ten="40,12000,1" yaku="14,1,10,1,18,1,54,1" doraHai="102" who="3" fromWho="3" sc="240,-40,266,-40,254,-40,240,120" owari="200,-30.0,226,2.6,214,-18.6,360,46.0" /></mjloggm>