<mjloggm ver="2.3"><GO type="225" lobby="0"/><UN n0="%E3%83%8F%E3%83%B3%E3%83%89%E3%83%A9%E3%83%BC%E3%83%BB%E3%83%AF%E3%83%B3" n1="%E9%B4%A8%4E%45%47%49" n2="%72%69%6F%75%63%68%61%6E" n3="%E5%8F%AF%E5%85%90%E9%82%A3%E7%94%B1%E5%A4%9A" dan="17,16,16,16" rate="2162.65,2122.80,2190.53,2094.36" sx="M,M,M,F"/><TAIKYOKU oya="0"/><INIT seed="0,0,0,3,4,126" ten="250,250,250,250" oya="0" hai0="31,9,76,73,21,72,120,13,60,11,27,48,43" hai1="62,52,88,89,130,40,110,68,1,39,112,56,20" hai2="46,102,135,26,14,111,127,32,92,82,8,131,95" hai3="24,96,81,71,104,42,107,115,37,12,124,133,67"/><T59/><D120/><U101/><E1/><V99/><F131/><W134/><G115/><T54/><D76/><U6/><E112/><V22/><F111/><W86/><G124/><T17/><D43/><U61/><E110/><V85/><F135/><N who="3" m="51723" /><G96/><T132/><D132/><U83/><E101/><V38/><F127/><W36/><G12/><T116/><D116/><U80/><E6/><V97/><F32/><W69/><G24/><T90/><D9/><U0/><E0/><V75/><F75/><W78/><G67/><T123/><D123/><U29/><E130/><V84/><F82/><N who="1" m="31273" /><E39/><N who="3" m="14922" /><G42/><T23/><D90/><N who="1" m="34923" /><E40/><V33/><F33/><W15/><G15/><T114/><D114/><U98/><E68/><AGARI ba="0,0" hai="68,69,71,78,81,86,104,107" m="14922,51723" machi="68" ten="40,1300,0" yaku="20,1" doraHai="126" who="3" fromWho="1" sc="250,0,250,-13,250,0,250,13" /><INIT seed="1,0,0,5,1,55" ten="250,237,250,263" oya="1" hai0="5,77,52,35,130,69,118,116,18,47,66,123,12" hai1="38,45,79,25,14,124,113,21,49,80,56,41,51" hai2="106,133,126,78,72,121,90,103,127,98,1,57,22" hai3="24,9,27,105,86,26,125,84,68,33,64,44,46"/><U109/><E113/><V97/><F121/><W7/><G105/><T128/><D35/><U48/><E124/><N who="2" m="47659" /><F1/><W65/><G125/><T76/><D5/><U122/><E122/><V70/><F70/><W17/><G33/><T108/><D123/><U54/><E109/><V20/><F133/><W119/><G119/><T99/><D99/><U34/><E34/><V114/><F114/><W93/><G17/><T112/><D112/><U30/><REACH who="1" step="1"/><E14/><REACH who="1" ten="250,227,250,263" step="2"/><V43/><F43/><W89/><G24/><T92/><D12/><U32/><E32/><V63/><F72/><AGARI ba="0,1" hai="21,25,30,38,41,45,48,49,51,54,56,72,79,80" machi="72" ten="30,11600,0" yaku="1,1,7,1,52,1,53,1" doraHai="55" doraHaiUra="36" who="1" fromWho="2" sc="250,0,227,126,250,-116,263,0" /><INIT seed="1,1,0,4,3,21" ten="250,353,134,263" oya="1" hai0="53,123,12,110,30,135,40,11,109,73,50,66,58" hai1="127,87,2,69,36,106,80,14,15,27,22,79,82" hai2="18,105,60,64,10,37,4,128,38,3,44,132,85" hai3="34,101,55,104,32,84,98,134,9,103,41,133,97"/><U129/><E2/><V20/><F128/><W131/><G41/><T63/><D73/><U93/><E106/><V59/><F132/><N who="3" m="50795" /><G131/><T115/><D135/><U7/><E36/><V47/><F105/><W24/><G84/><T52/><D115/><U68/><E129/><V75/><F75/><W1/><G55/><T113/><D113/><U29/><E127/><V26/><REACH who="2" step="1"/><F85/><REACH who="2" ten="250,353,124,263" step="2"/><W96/><G104/><T23/><D110/><U51/><E87/><V39/><AGARI ba="1,1" hai="3,4,10,18,20,26,37,38,39,44,47,59,60,64" machi="39" ten="30,7900,0" yaku="1,1,2,1,0,1,52,1,53,0" doraHai="21" doraHaiUra="100" who="2" fromWho="2" sc="250,-21,353,-40,124,92,263,-21" /><INIT seed="2,0,0,0,0,41" ten="229,313,216,242" oya="2" hai0="90,3,123,54,128,92,1,66,76,120,81,12,111" hai1="131,77,45,114,16,47,33,84,58,24,75,96,59" hai2="88,109,104,105,19,35,42,39,85,82,106,112,115" hai3="129,26,49,29,36,27,91,52,108,22,78,122,18"/><V70/><F70/><W17/><G122/><T71/><D111/><U134/><E75/><V132/><F35/><W2/><G36/><T56/><D128/><U116/><E114/><V117/><F117/><W34/><G2/><T113/><D113/><U86/><E116/><V73/><F109/><W121/><G108/><T95/><D1/><U0/><E0/><V28/><F132/><W9/><G121/><T11/><D3/><U126/><E131/><V89/><F28/><W72/><G129/><T64/><D71/><U25/><E96/><V32/><F32/><W40/><G40/><T44/><D123/><U50/><E50/><V61/><F73/><W79/><G72/><T4/><D120/><U48/><E48/><V55/><F19/><W99/><G91/><T98/><D92/><U62/><E33/><V10/><F10/><W100/><G17/><T74/><REACH who="0" step="1"/><D44/><REACH who="0" ten="219,313,216,242" step="2"/><U8/><E47/><N who="2" m="24031" /><F115/><W20/><G34/><T94/><D94/><U127/><E45/><V13/><F112/><W119/><G119/><T6/><D6/><U31/><E59/><N who="2" m="35071" /><F106/><W37/><G9/><T102/><D102/><U38/><E8/><V93/><F13/><W43/><G100/><T5/><D5/><U130/><E130/><V118/><F118/><W80/><G20/><T107/><D107/><U57/><E57/><V30/><F30/><W46/><G29/><T51/><AGARI ba="0,1" hai="4,11,12,51,54,56,64,66,74,76,81,90,95,98" machi="51" ten="20,5200,0" yaku="1,1,0,1,7,1,53,1" doraHai="41" doraHaiUra="87" who="0" fromWho="0" sc="219,62,313,-13,216,-26,242,-13" /><INIT seed="3,0,0,3,0,12" ten="281,300,190,229" oya="3" hai0="45,49,1,88,19,33,18,114,135,68,93,60,44" hai1="113,115,103,101,84,10,28,63,122,72,5,75,58" hai2="78,126,62,43,29,50,55,108,124,52,47,117,7" hai3="98,97,39,110,69,90,111,92,56,35,82,89,107"/><W36/><G69/><T99/><D1/><U106/><E122/><V116/><F7/><W25/><G56/><T130/><D33/><U86/><E28/><V37/><F29/><N who="3" m="19887" /><G82/><T40/><D130/><U87/><E10/><V22/><F78/><W42/><G42/><T51/><D135/><U8/><E8/><V20/><F20/><W23/><G23/><T129/><D129/><U95/><E5/><V79/><F79/><W71/><G71/><T81/><D114/><N who="1" m="43531" /><E58/><N who="2" m="35143" /><F22/><W54/><G54/><N who="0" m="29991" /><D68/><U0/><E0/><V77/><F77/><W48/><G48/><T2/><D2/><U9/><E9/><V17/><F17/><N who="0" m="6154" /><D81/><U32/><E63/><AGARI ba="0,0" hai="40,45,51,60,63,88,93,99" m="6154,29991" machi="63" ten="30,8000,1" yaku="8,1,52,3,54,1" doraHai="12" who="0" fromWho="1" sc="281,80,300,-80,190,0,229,0" owari="361,46.1,220,-18.0,190,-31.0,229,2.9" /></mjloggm>