<mjloggm ver="2.3"><GO type="225" lobby="0"/><UN n0="%E6%9C%AA%E6%9D%A5%E5%B0%91%E5%B9%B4" n1="%6D%75%75%6D%75%72%61" n2="%E3%81%9F%E3%81%93%E2%98%86%E7%84%BC%E3%81%8D" n3="%E3%81%A1%E3%82%85%E3%81%86%E3%81%A9%E3%81%8F%E8%B1%A1%E3%81%95%E3%82%93" dan="16,16,16,17" rate="2143.81,2174.90,2101.49,2209.17" sx="M,F,M,M"/><TAIKYOKU oya="0"/><INIT seed="0,0,0,2,5,30" ten="250,250,250,250" oya="0" hai0="54,115,1,41,80,4,0,92,82,97,129,134,25" hai1="73,67,111,128,78,20,46,77,118,9,51,68,72" hai2="126,132,31,39,124,104,38,87,52,110,11,50,53" hai3="123,75,6,71,70,122,74,19,59,57,42,84,21"/><T130/><D115/><U114/><E118/><V133/><F104/><W69/><G42/><T86/><D134/><N who="2" m="51818" /><F31/><W119/><G6/><T90/><D41/><U62/><E114/><V48/><F11/><W12/><G119/><T5/><D54/><N who="2" m="21098" /><F87/><W88/><G75/><T8/><D25/><U36/><E111/><V131/><F131/><N who="0" m="50186" /><D82/><U121/><E128/><V66/><F66/><W33/><G33/><T22/><D22/><U109/><E109/><V107/><F107/><W65/><G74/><T102/><D5/><U15/><E121/><N who="3" m="46090" /><G65/><T100/><D0/><U40/><E73/><V76/><F76/><AGARI ba="0,0" hai="1,4,8,76,80,86,90,92,97,100,102" m="50186" machi="76" ten="30,1500,0" yaku="19,1" doraHai="30" who="0" fromWho="2" sc="250,15,250,0,250,-15,250,0" /><INIT seed="0,1,0,5,1,11" ten="265,250,235,250" oya="0" hai0="59,112,52,82,9,84,38,26,12,131,15,40,96" hai1="107,35,51,127,53,87,1,66,27,106,56,31,134" hai2="75,132,55,89,100,70,49,133,81,25,44,37,113" hai3="4,79,114,101,126,88,67,122,10,115,28,62,60"/><T46/><D112/><U5/><E134/><N who="2" m="51819" /><F100/><W92/><G101/><T111/><D131/><U76/><E127/><V116/><F116/><W24/><G79/><T83/><D111/><U130/><E130/><V74/><F25/><W77/><G77/><T54/><D9/><U20/><E1/><V63/><F113/><W108/><G108/><T73/><D73/><U64/><E5/><V36/><F89/><W129/><G129/><T119/><D119/><U95/><E35/><V45/><F81/><W23/><G60/><T71/><D71/><U109/><E109/><V85/><F85/><W135/><G126/><T93/><D26/><U0/><E0/><V21/><F21/><W43/><G43/><T33/><D33/><U121/><E121/><V29/><F29/><W125/><G125/><T103/><D54/><U48/><E95/><V3/><F3/><W80/><G80/><T30/><D30/><U34/><E34/><V65/><F75/><W8/><G122/><T13/><REACH who="0" step="1"/><D84/><REACH who="0" ten="255,250,235,250" step="2"/><U42/><E87/><V39/><F74/><W22/><G135/><T86/><D86/><U128/><E128/><V32/><F32/><W97/><G22/><T124/><D124/><U102/><E20/><V7/><F7/><W16/><G28/><T99/><D99/><U17/><E31/><V123/><F123/><W19/><G8/><T47/><D47/><AGARI ba="1,1" hai="36,37,39,44,45,47,49,55,63,65,70" m="51819" machi="47" ten="40,5200,0" yaku="20,1,34,2" doraHai="11" who="2" fromWho="0" sc="255,-55,250,0,235,65,250,0" /><INIT seed="1,0,0,4,4,101" ten="200,250,300,250" oya="1" hai0="119,42,134,60,115,85,72,34,122,129,99,35,63" hai1="106,111,39,116,2,7,69,93,11,130,47,61,128" hai2="70,27,53,92,55,76,83,79,132,17,110,52,74" hai3="13,86,117,75,18,120,114,96,71,84,6,113,19"/><U22/><E116/><V121/><F110/><W3/><G71/><T80/><D115/><U44/><E111/><V91/><F132/><W62/><G75/><T103/><D119/><U105/><E93/><V15/><F70/><W40/><G117/><T59/><D134/><U43/><E44/><V88/><F121/><W100/><G120/><T0/><D0/><U21/><E21/><V58/><F79/><W124/><G40/><T8/><D129/><N who="1" m="49771" /><E22/><V65/><F27/><W1/><G62/><T46/><D122/><U45/><E45/><V104/><F104/><W50/><G50/><T95/><D72/><U102/><E102/><V64/><F91/><W133/><G100/><T87/><D8/><U54/><E54/><V82/><F82/><W109/><G133/><T29/><D29/><U31/><E31/><V126/><F58/><W123/><G109/><T14/><D14/><U51/><E51/><V9/><REACH who="2" step="1"/><F126/><REACH who="2" ten="200,250,290,250" step="2"/><W108/><G124/><T112/><D112/><U48/><E39/><V68/><F68/><W16/><G108/><T81/><D81/><U4/><E4/><V135/><F135/><W20/><G123/><T131/><D131/><U73/><E73/><V49/><F49/><W38/><G38/><T67/><D63/><U125/><E125/><V5/><F5/><W24/><G114/><T97/><D80/><U107/><E69/><V57/><F57/><W94/><G113/><T56/><D56/><U26/><E61/><V118/><F118/><W37/><G37/><N who="0" m="21839" /><D97/><AGARI ba="0,1" hai="9,15,17,52,53,55,64,65,74,76,83,88,92,97" machi="97" ten="40,8000,1" yaku="1,1,54,2,53,1" doraHai="101" doraHaiUra="10" who="2" fromWho="0" sc="200,-80,250,0,290,90,250,0" /><INIT seed="2,0,0,1,3,134" ten="120,250,380,250" oya="2" hai0="103,130,92,98,28,58,38,42,67,52,128,18,53" hai1="95,34,94,5,71,16,40,30,63,78,10,108,59" hai2="109,107,49,27,101,112,37,76,100,104,47,80,132" hai3="87,72,11,13,2,32,129,9,70,97,6,48,122"/><V106/><F112/><W116/><G116/><T91/><D28/><U33/><E108/><V17/><F132/><W25/><G122/><T127/><D127/><U22/><E71/><V54/><F109/><W66/><G72/><T74/><D74/><U0/><E78/><V44/><F27/><W79/><G97/><T26/><D38/><U64/><E40/><V20/><F37/><W110/><G110/><T119/><D42/><U131/><E131/><V121/><F44/><W1/><G48/><T36/><D36/><U88/><E30/><V19/><F121/><W14/><G66/><T3/><D3/><U82/><E82/><V125/><F125/><W93/><G70/><T23/><D119/><U61/><E61/><V15/><REACH who="2" step="1"/><F17/><REACH who="2" ten="120,250,370,250" step="2"/><W7/><G129/><T77/><D128/><U133/><E133/><V111/><F111/><W102/><G25/><T81/><D130/><U45/><E45/><V65/><F65/><W29/><G29/><T4/><D4/><U115/><E115/><V75/><AGARI ba="0,1" hai="15,19,20,47,49,54,75,76,80,100,101,104,106,107" machi="75" ten="30,3000,0" yaku="1,1,0,1,53,0" doraHai="134" doraHaiUra="113" who="2" fromWho="2" sc="120,-10,250,-10,370,40,250,-10" /><INIT seed="2,1,0,3,4,107" ten="110,240,410,240" oya="2" hai0="27,13,86,114,8,63,119,87,103,47,29,60,118" hai1="14,18,99,65,97,93,1,44,51,19,59,81,36" hai2="61,132,75,134,113,127,105,15,82,53,104,28,41" hai3="0,110,77,108,76,39,32,26,56,20,90,22,88"/><V3/><F15/><W7/><G39/><T122/><D122/><U64/><E1/><V23/><F23/><N who="3" m="8747" /><G56/><T131/><D114/><U6/><E36/><V123/><F53/><W95/><G7/><T85/><D131/><U48/><E81/><V24/><F61/><W96/><G0/><T43/><D103/><U74/><E74/><V120/><F41/><W101/><G26/><T62/><D27/><U115/><E115/><V79/><F3/><W46/><G46/><T80/><D29/><U92/><E59/><V84/><F84/><W58/><G58/><T37/><REACH who="0" step="1"/><D80/><REACH who="0" ten="100,240,410,240" step="2"/><U111/><E111/><N who="3" m="42538" /><G32/><T129/><D129/><U109/><E109/><V78/><F113/><W16/><G101/><T91/><D91/><U52/><E93/><V94/><F94/><W2/><G90/><T70/><D70/><U102/><E92/><V11/><F24/><W68/><G68/><T117/><D117/><U130/><E102/><V67/><F28/><W66/><G77/><T38/><D38/><U83/><E130/><V55/><F78/><W25/><G76/><T57/><D57/><U42/><E83/><V125/><F105/><W69/><G69/><T54/><D54/><U73/><E52/><V33/><F55/><W10/><G66/><T9/><D9/><U100/><E64/><V30/><F67/><W98/><G25/><T12/><D12/><U106/><E65/><V34/><F11/><W126/><G2/><T49/><D49/><U17/><E106/><V40/><F104/><W5/><G10/><T133/><D133/><N who="2" m="51306" /><F30/><W135/><G135/><T112/><D112/><RYUUKYOKU ba="1,1" sc="100,30,240,-10,410,-10,240,-10" hai0="8,13,37,43,47,60,62,63,85,86,87,118,119" /><INIT seed="3,2,1,4,5,17" ten="130,230,400,230" oya="3" hai0="103,25,94,114,98,44,46,91,23,123,95,10,135" hai1="97,52,71,57,32,29,16,117,90,22,39,92,12" hai2="63,5,56,26,7,127,134,128,109,107,8,75,33" hai3="45,30,6,129,35,116,126,87,110,15,48,40,2"/><W59/><G116/><T93/><D135/><U120/><E71/><V89/><F89/><W13/><G126/><T77/><D123/><U9/><E39/><V121/><F56/><W118/><G118/><T58/><D114/><U54/><E120/><V31/><F63/><W132/><G132/><T36/><D36/><U112/><E117/><V80/><F80/><W99/><G129/><T41/><D77/><U49/><E112/><V0/><F75/><W28/><G2/><T73/><D73/><U1/><E1/><V133/><F107/><W81/><G35/><T106/><D58/><N who="1" m="33039" /><E32/><V27/><F121/><W67/><G99/><T34/><D34/><U86/><E97/><V119/><F119/><W61/><G110/><T65/><D65/><U113/><E113/><V51/><F109/><W38/><G38/><T115/><D115/><U68/><E68/><V124/><F51/><W76/><G13/><T60/><D60/><N who="1" m="35895" /><E29/><V66/><F0/><W62/><G62/><T19/><D41/><U4/><E4/><V64/><F33/><W79/><G79/><T78/><D78/><U50/><E50/><V101/><F128/><W105/><G105/><T131/><D131/><U102/><E102/><V88/><F101/><W122/><G122/><T111/><D111/><U3/><E3/><V104/><F104/><W11/><AGARI ba="2,1" hai="6,11,15,28,30,40,45,48,59,61,67,76,81,87" machi="11" ten="30,11700,0" yaku="0,1,25,2,8,1" doraHai="17" who="3" fromWho="3" sc="130,-41,230,-41,400,-41,230,133" owari="89,-41.1,189,-21.1,359,15.9,363,46.3" /></mjloggm>