<mjloggm ver="2.3"><GO type="225" lobby="0"/><UN n0="%E3%81%95%E3%81%8D%E3%81%9F%E3%81%BE%E6%9E%97%E6%AA%8E" n1="%E2%91%A3%E9%81%BF%E9%81%8A%E6%88%AF%E3%80%90%E6%9D%B1%E5%8D%97%E3%80%91" n2="%E3%81%99%E3%81%84%E3%81%BE%E3%81%9B%E3%83%BC%E3%82%93" n3="%E3%81%82%E3%81%84%E3%81%82%E3%81%8A%E3%81%84" dan="16,16,16,18" rate="2140.66,2112.23,2140.55,2195.57" sx="M,M,M,M"/><TAIKYOKU oya="0"/><BYE who="3" /><INIT seed="0,0,0,3,2,43" ten="250,250,250,250" oya="0" hai0="113,131,115,16,21,32,110,80,52,72,114,107,92" hai1="29,78,62,76,9,128,85,103,1,117,108,37,83" hai2="35,20,99,60,69,90,7,77,30,14,24,84,102" hai3="127,98,63,101,10,93,88,45,40,28,129,97,47"/><T68/><D107/><UN n3="%E3%81%82%E3%81%84%E3%81%82%E3%81%8A%E3%81%84" /><U73/><E117/><V105/><F77/><W17/><G127/><T81/><D32/><U94/><E29/><V118/><F118/><W87/><G129/><T125/><D68/><U5/><E128/><V111/><F111/><W133/><G133/><T2/><D2/><U26/><E108/><V15/><F7/><W13/><G28/><T55/><D131/><U42/><E26/><V4/><F20/><W112/><G112/><T46/><D110/><U27/><E27/><V82/><REACH who="2" step="1"/><F4/><REACH who="2" ten="250,250,240,250" step="2"/><W124/><G124/><T6/><D6/><U61/><E76/><V36/><F36/><W132/><G132/><T38/><D38/><U104/><E104/><V50/><F50/><W65/><G40/><T130/><D125/><U41/><E41/><V22/><F22/><W96/><REACH who="3" step="1"/><G101/><REACH who="3" ten="250,250,240,240" step="2"/><T57/><D130/><U121/><E103/><V120/><F120/><W33/><G33/><T64/><D115/><U119/><E121/><V74/><F74/><W39/><G39/><T58/><D72/><U8/><E37/><V71/><F71/><AGARI ba="0,2" hai="10,13,17,45,47,63,65,71,87,88,93,96,97,98" machi="71" ten="40,8000,1" yaku="1,1,52,2,54,1,53,0" doraHai="43" doraHaiUra="109" who="3" fromWho="2" sc="250,0,250,0,240,-80,240,100" /><INIT seed="1,0,0,3,5,89" ten="250,250,160,340" oya="1" hai0="31,83,11,52,107,126,15,134,27,35,59,117,106" hai1="61,124,88,71,72,16,12,58,110,70,114,17,90" hai2="68,45,23,32,56,92,108,118,49,18,87,33,39" hai3="73,69,66,91,43,75,93,25,81,84,47,4,30"/><U51/><E72/><V78/><F118/><W121/><G121/><T24/><D117/><U113/><E51/><V76/><F68/><W46/><G4/><T67/><D67/><U77/><E77/><V85/><F108/><W57/><G69/><T130/><D130/><U19/><E12/><V86/><F39/><W34/><G81/><T42/><D126/><U102/><E102/><V101/><F56/><W10/><G10/><T1/><D1/><U6/><E6/><V131/><F131/><W122/><G47/><T37/><D134/><U7/><E7/><V5/><F5/><W21/><G34/><T28/><D83/><U22/><E22/><V53/><F33/><W97/><G84/><T100/><D100/><U98/><E71/><V99/><REACH who="2" step="1"/><F32/><REACH who="2" ten="250,250,150,340" step="2"/><W62/><G122/><T48/><D37/><AGARI ba="0,1" hai="21,25,30,37,43,46,57,62,66,73,75,91,93,97" machi="37" ten="30,2000,0" yaku="7,1,52,1" doraHai="89" who="3" fromWho="0" sc="250,-20,250,0,150,0,340,30" /><INIT seed="2,0,0,4,1,118" ten="230,250,150,370" oya="2" hai0="98,3,45,126,134,0,133,44,70,91,66,122,1" hai1="102,82,112,52,51,26,120,121,37,22,109,129,59" hai2="115,39,88,24,19,119,131,41,80,97,77,47,55" hai3="27,107,15,30,7,84,56,135,106,64,81,38,8"/><V130/><F115/><W113/><G38/><T79/><D122/><N who="1" m="47211" /><E112/><V43/><F119/><W110/><G113/><T28/><D126/><U49/><E37/><V103/><F43/><W42/><G42/><T5/><D79/><U127/><E127/><V58/><F19/><W96/><G96/><T48/><D28/><N who="1" m="17495" /><E129/><N who="2" m="49163" /><F24/><W94/><G27/><T13/><D70/><U76/><E102/><V11/><F11/><W72/><G8/><N who="0" m="4239" /><D66/><U83/><E109/><V117/><F117/><W20/><G64/><T53/><D98/><U61/><E83/><V123/><F123/><W6/><G81/><T74/><D74/><AGARI ba="0,0" hai="49,51,52,59,61,74,76,82" m="17495,47211" machi="74" ten="30,8000,1" yaku="13,1,52,3,54,1" doraHai="118" who="1" fromWho="0" sc="230,-80,250,80,150,0,370,0" /><INIT seed="3,0,0,1,1,23" ten="150,330,150,370" oya="3" hai0="87,102,85,45,32,113,122,29,53,118,115,30,82" hai1="79,69,43,70,1,90,66,99,78,88,51,46,6" hai2="104,77,0,40,92,119,98,91,101,37,129,133,116" hai3="2,84,109,71,26,48,56,22,65,105,57,58,31"/><W106/><G2/><T68/><D122/><U64/><E1/><V44/><F129/><W93/><G109/><T59/><D118/><U89/><E6/><V75/><F0/><W7/><G7/><T34/><D68/><U126/><E126/><V24/><F133/><W76/><G93/><T73/><D102/><U128/><E128/><V72/><F24/><W20/><G48/><T74/><D45/><U117/><E117/><V54/><F54/><W55/><G55/><T111/><D111/><U124/><E124/><V18/><F18/><W86/><G20/><T28/><D74/><U11/><E11/><V62/><F62/><W100/><G76/><T60/><D73/><U67/><REACH who="1" step="1"/><E99/><REACH who="1" ten="150,320,150,370" step="2"/><V38/><F75/><W36/><G65/><T107/><D115/><U5/><E5/><V10/><F10/><W42/><G86/><T114/><D87/><U9/><E9/><V132/><F132/><W33/><G84/><T63/><D85/><U50/><E50/><V12/><F37/><W35/><G36/><T16/><D113/><U110/><E110/><V130/><F130/><W125/><G125/><T95/><D114/><U61/><E61/><V80/><F12/><W97/><G97/><AGARI ba="0,1" hai="38,40,44,72,77,80,91,92,97,98,101,104,116,119" machi="97" ten="30,1000,0" yaku="7,1" doraHai="23" who="2" fromWho="3" sc="150,0,320,0,150,20,370,-10" owari="150,-35.0,320,12.0,170,-23.0,360,46.0" /></mjloggm>