<mjloggm ver="2.3"><GO type="225" lobby="0"/><UN n0="%4C%4F%4C%49%54%41" n1="%E3%82%B3%E3%83%90%E3%83%AC%E3%82%A4" n2="%E3%83%8F%E3%83%B3%E3%83%89%E3%83%A9%E3%83%BC%E3%83%BB%E3%83%AF%E3%83%B3" n3="%E3%80%90%E3%83%88%E3%83%AA%E3%83%A5%E3%83%95%E3%80%91" dan="16,16,17,16" rate="2173.79,2150.87,2183.28,2081.40" sx="F,M,M,M"/><TAIKYOKU oya="0"/><INIT seed="0,0,0,1,4,129" ten="250,250,250,250" oya="0" hai0="11,74,46,8,132,55,123,93,131,114,21,47,96" hai1="26,117,6,14,63,107,111,90,38,33,7,28,110" hai2="5,66,91,108,23,4,125,116,71,97,87,82,48" hai3="16,39,85,40,69,1,78,133,73,0,135,94,112"/><T106/><D114/><U17/><E107/><V105/><F108/><N who="1" m="41513" /><E38/><V88/><F125/><W104/><G104/><T76/><D123/><U80/><E63/><V30/><F116/><W81/><G112/><T99/><D131/><U61/><E61/><V83/><F71/><W15/><G69/><T12/><D132/><N who="3" m="50761" /><G40/><T42/><D74/><U60/><E60/><V3/><F66/><W89/><G39/><T43/><D76/><U67/><E67/><V109/><F109/><W119/><G119/><T19/><D99/><U122/><E117/><V45/><F3/><W120/><G120/><T128/><D106/><U29/><E122/><V13/><F105/><W113/><G113/><T32/><D32/><U98/><E29/><V68/><F68/><W75/><G73/><T92/><D128/><U36/><E36/><V118/><F118/><W2/><G2/><T79/><D43/><U86/><E98/><V101/><F101/><W27/><G27/><T102/><D96/><U51/><E51/><V115/><F115/><W53/><G53/><T54/><D55/><U37/><E37/><V35/><F35/><W22/><AGARI ba="0,0" hai="0,1,15,16,22,75,78,81,85,89,94" m="50761" machi="22" ten="30,8000,1" yaku="20,1,52,3,54,1" doraHai="129" who="3" fromWho="3" sc="250,-40,250,-20,250,-20,250,80" /><INIT seed="1,0,0,0,3,84" ten="210,230,230,330" oya="1" hai0="49,134,125,82,89,112,34,46,51,133,120,11,37" hai1="4,55,115,13,36,77,54,100,5,42,15,116,92" hai2="130,57,20,109,40,81,31,78,104,38,26,8,79" hai3="23,96,25,128,50,22,33,17,32,103,90,102,21"/><U88/><E116/><V117/><F117/><W65/><G128/><T58/><D112/><U30/><E115/><V9/><F104/><W135/><G135/><N who="0" m="51723" /><D34/><U39/><E30/><V41/><F130/><W123/><G123/><T7/><D125/><U3/><E3/><V118/><F118/><W107/><G65/><T68/><D68/><U93/><E77/><V16/><F109/><W75/><G75/><T80/><D120/><U61/><E42/><N who="2" m="16491" /><F38/><W48/><G32/><T19/><D19/><U72/><E72/><V69/><F69/><W119/><G119/><T70/><D70/><U14/><E39/><V29/><F57/><W114/><G114/><T101/><D101/><N who="3" m="38409" /><G33/><T1/><D37/><U85/><E36/><V43/><N who="2" m="16499" /><V56/><DORA hai="121" /><F56/><W52/><G107/><T129/><D129/><U73/><E73/><V45/><F45/><N who="3" m="27663" /><G50/><N who="0" m="18955" /><D46/><U94/><E100/><V12/><F31/><W28/><G28/><T27/><D58/><N who="1" m="35031" /><E55/><V87/><F78/><W47/><G47/><T44/><D44/><U91/><E85/><V6/><F6/><AGARI ba="0,0" hai="4,5,6,13,14,15,88,91,92,93,94" m="35031" machi="6" ten="30,11600,0" yaku="8,1,52,2,54,1" doraHai="84,121" who="1" fromWho="2" sc="210,0,230,116,230,-116,330,0" /><INIT seed="1,1,0,4,0,19" ten="210,346,114,330" oya="1" hai0="101,76,90,77,32,37,117,41,28,75,34,88,25" hai1="43,81,13,36,10,16,24,120,134,79,93,112,125" hai2="57,94,84,73,51,60,105,62,107,82,44,3,23" hai3="54,30,70,26,22,129,83,100,104,69,109,5,50"/><U87/><E120/><V64/><F3/><W1/><G109/><T40/><D117/><U123/><E112/><V98/><F73/><W115/><G115/><T91/><D101/><U7/><E123/><V135/><F135/><W48/><G129/><T128/><D128/><U35/><E134/><V127/><F127/><W108/><G108/><T18/><D34/><U2/><E125/><V122/><F122/><W39/><G39/><T132/><D132/><U61/><E61/><V46/><F62/><W110/><G48/><T119/><D119/><U130/><E130/><V42/><F46/><W102/><G83/><T9/><D75/><U113/><E113/><V11/><F11/><W59/><G110/><T68/><D68/><U72/><E93/><V55/><F42/><N who="0" m="16490" /><D32/><U58/><E58/><V131/><F131/><W45/><G102/><T89/><D37/><U65/><E65/><V111/><F111/><W15/><G1/><T27/><D90/><U31/><E87/><V8/><F8/><W96/><G5/><T29/><D9/><U4/><REACH who="1" step="1"/><E2/><REACH who="1" ten="210,336,114,330" step="2"/><V103/><F84/><W86/><G86/><T78/><D25/><U47/><AGARI ba="1,1" hai="4,7,10,13,16,24,31,35,36,43,47,72,79,81" machi="47" ten="30,11700,0" yaku="1,1,2,1,0,1,54,1,53,0" doraHai="19" doraHaiUra="49" who="1" fromWho="1" sc="210,-40,336,130,114,-40,330,-40" /><INIT seed="1,2,0,5,2,100" ten="170,466,74,290" oya="1" hai0="117,64,99,2,44,101,15,9,4,94,54,8,18" hai1="38,77,16,87,58,105,130,72,134,103,70,41,14" hai2="57,111,73,66,116,6,79,23,85,11,31,17,75" hai3="107,135,62,49,25,47,20,120,88,108,21,113,22"/><U37/><E70/><V128/><F116/><W48/><G113/><T56/><D117/><U82/><E134/><V98/><F111/><W50/><G108/><T97/><D64/><U122/><E130/><V51/><F128/><W132/><G120/><T93/><D44/><U115/><E122/><V29/><F75/><W92/><G107/><T46/><D46/><U119/><E115/><V102/><F73/><W95/><G62/><T13/><D2/><U121/><E121/><V109/><F109/><W123/><G123/><T124/><D124/><U34/><E34/><V28/><F79/><W67/><G67/><T35/><D35/><U129/><E129/><V53/><F85/><W110/><G110/><T1/><D1/><U33/><E33/><V114/><F66/><W63/><G63/><T30/><D30/><U55/><E41/><V126/><F126/><W61/><G61/><T69/><D69/><U112/><E72/><V74/><F74/><W68/><G68/><T90/><D56/><U60/><E112/><V45/><F45/><W83/><G47/><T36/><D36/><U10/><REACH who="1" step="1"/><E119/><REACH who="1" ten="170,456,74,290" step="2"/><V52/><F114/><W76/><G135/><T80/><D54/><U127/><E127/><V78/><F53/><W5/><G132/><T24/><D24/><U81/><E81/><AGARI ba="2,1" hai="4,8,9,13,15,18,80,81,90,93,94,97,99,101" machi="81" ten="40,1300,0" yaku="8,1" doraHai="100" who="0" fromWho="1" sc="170,29,456,-19,74,0,290,0" /><INIT seed="2,0,0,5,2,60" ten="199,437,74,290" oya="2" hai0="63,121,78,103,34,92,48,112,104,40,24,18,79" hai1="41,71,127,28,66,56,100,120,36,94,37,67,38" hai2="113,90,101,95,16,73,26,87,111,33,2,99,5" hai3="114,29,46,109,126,82,107,49,117,115,12,108,98"/><V76/><F113/><N who="3" m="43019" /><G29/><T13/><D112/><U32/><E120/><V30/><F111/><N who="3" m="42571" /><G12/><T45/><D104/><U81/><E127/><V3/><F5/><W74/><G126/><T105/><D105/><U19/><E28/><V96/><F96/><W20/><G20/><T124/><D24/><U65/><E32/><V8/><F76/><N who="3" m="44311" /><G117/><T50/><D13/><U86/><E19/><V27/><F73/><W70/><G70/><T102/><D18/><U6/><E6/><V116/><F116/><W42/><G107/><T44/><D34/><U61/><E41/><V64/><F64/><W134/><G98/><T118/><D124/><U11/><E11/><V91/><F91/><W110/><G110/><T69/><D69/><U89/><E71/><V123/><F123/><W97/><G97/><T72/><D118/><U119/><E119/><V129/><F129/><W54/><G134/><T106/><D106/><U93/><E100/><V7/><F2/><W75/><G75/><T15/><D15/><U80/><E61/><V62/><F62/><W9/><G9/><T39/><D63/><U55/><E56/><V47/><F47/><W0/><G0/><T58/><D72/><U53/><E53/><AGARI ba="0,0" hai="42,46,49,53,54" m="44311,42571,43019" machi="53" ten="30,2000,0" yaku="11,1,14,1" doraHai="60" who="3" fromWho="1" sc="199,0,437,-20,74,0,290,20" /><INIT seed="3,0,0,4,5,118" ten="199,417,74,310" oya="3" hai0="88,75,120,30,92,99,128,129,33,90,78,57,132" hai1="89,81,27,105,108,116,56,96,82,84,12,117,130" hai2="126,65,62,87,135,39,15,125,49,76,74,124,115" hai3="34,104,59,50,103,91,63,14,19,133,10,28,109"/><W95/><G133/><T60/><D30/><U22/><E130/><N who="0" m="50281" /><D33/><U64/><E108/><V134/><F74/><W13/><G109/><T23/><D23/><U41/><E41/><V110/><F76/><W3/><G3/><T37/><D37/><U9/><E105/><V31/><F87/><W122/><G50/><T61/><D61/><N who="1" m="37927" /><E96/><V94/><F94/><W42/><G42/><T40/><D40/><U8/><E8/><V35/><F15/><W106/><G103/><T4/><D4/><N who="1" m="3111" /><E117/><V73/><F73/><W20/><G34/><T44/><D44/><U68/><E68/><V54/><F31/><W5/><G28/><T21/><D21/><U111/><E111/><V97/><F97/><W85/><REACH who="3" step="1"/><G122/><REACH who="3" ten="199,417,74,300" step="2"/><T67/><D132/><N who="2" m="50730" /><F35/><W127/><G127/><N who="2" m="32513" /><V2/><DORA hai="79" /><F2/><W55/><AGARI ba="0,1" hai="5,10,13,14,19,20,55,59,63,85,91,95,104,106" machi="55" ten="20,18000,2" yaku="1,1,0,1,7,1,53,3" doraHai="118,79" doraHaiUra="86,100" who="3" fromWho="3" sc="199,-60,417,-60,74,-60,300,190" owari="139,-26.1,357,15.7,14,-48.6,490,59.0" /></mjloggm>