<mjloggm ver="2.3"><GO type="225" lobby="0"/><UN n0="%E9%80%9F%E6%B0%B4%E5%87%9B%E9%A6%99" n1="%E4%B8%89%E5%86%A0%E7%8E%8B%E3%83%BB%E5%B1%B1%E7%94%B0%E5%93%B2%E4%BA%BA" n2="%72%61%6B%33" n3="%E3%81%8F%E3%82%8A%E3%83%94%E3%83%BC" dan="16,16,16,16" rate="2166.36,2176.35,2162.42,2070.52" sx="F,M,M,M"/><TAIKYOKU oya="0"/><INIT seed="0,0,0,3,3,63" ten="250,250,250,250" oya="0" hai0="34,74,129,70,122,31,76,128,15,86,69,109,58" hai1="32,73,13,64,116,66,50,125,55,88,81,36,118" hai2="127,11,60,82,90,110,98,85,117,100,49,14,94" hai3="115,84,123,131,16,106,103,1,79,7,5,130,45"/><T33/><D122/><U96/><E36/><V28/><F110/><W37/><G115/><T46/><D74/><U102/><E32/><N who="0" m="12393" /><D31/><U51/><E125/><V29/><F127/><W134/><G123/><T95/><D46/><N who="1" m="28119" /><E73/><V52/><F60/><W19/><G134/><T48/><D48/><U3/><E3/><V120/><F117/><W108/><G108/><T65/><D15/><U26/><E118/><V56/><REACH who="2" step="1"/><F120/><REACH who="2" ten="250,250,240,250" step="2"/><W47/><G130/><T54/><D109/><U135/><E116/><V53/><F53/><W8/><G131/><T59/><D54/><U62/><E62/><V89/><F89/><W27/><G79/><T24/><D76/><U104/><E88/><V80/><F80/><W111/><G111/><T77/><D77/><U0/><E81/><V35/><F35/><W124/><G124/><T112/><D129/><U91/><E91/><V18/><AGARI ba="0,1" hai="11,14,18,28,29,49,52,56,82,85,90,94,98,100" machi="18" ten="20,8000,1" yaku="1,1,0,1,7,1,8,1,54,1,53,0" doraHai="63" doraHaiUra="126" who="2" fromWho="2" sc="250,-40,250,-20,240,90,250,-20" /><INIT seed="1,0,0,3,4,65" ten="210,230,330,230" oya="1" hai0="126,16,59,4,133,111,99,123,124,36,8,49,93" hai1="71,19,34,114,69,47,60,44,125,89,91,40,55" hai2="51,112,83,122,26,113,50,98,118,41,92,108,86" hai3="67,2,79,120,45,129,24,95,5,73,81,110,32"/><U97/><E114/><N who="2" m="44139" /><F118/><W25/><G120/><T100/><D36/><U127/><E34/><V115/><F122/><W43/><G110/><T101/><D111/><U85/><E19/><V33/><F41/><W57/><G129/><T12/><D123/><U31/><E31/><N who="2" m="19703" /><F108/><W116/><G32/><T70/><D70/><N who="1" m="26635" /><E97/><V22/><F22/><W104/><G95/><T134/><D101/><U17/><E17/><V131/><F131/><W23/><G104/><T77/><D77/><U90/><E85/><V11/><F11/><N who="3" m="2487" /><G116/><T52/><REACH who="0" step="1"/><D4/><REACH who="0" ten="200,230,330,230" step="2"/><U117/><E117/><V102/><F115/><W61/><G23/><T103/><D103/><U72/><E72/><V1/><F1/><W15/><G79/><AGARI ba="0,1" hai="50,51,79,83,86,92,98,102" m="19703,44139" machi="79" ten="30,1000,0" yaku="11,1" doraHai="65" who="2" fromWho="3" sc="200,0,230,0,330,20,230,-10" /><INIT seed="2,0,0,4,4,16" ten="200,230,350,220" oya="2" hai0="55,103,8,90,68,26,78,7,106,102,109,123,132" hai1="19,113,110,30,5,49,43,75,58,20,128,0,84" hai2="24,53,122,117,36,27,79,52,48,130,66,101,93" hai3="80,41,54,17,87,92,129,134,81,125,61,32,94"/><V112/><F36/><W135/><G32/><T1/><D68/><U71/><E75/><V34/><F112/><W33/><G33/><T37/><D123/><U60/><E113/><V21/><F117/><W98/><G41/><T97/><D109/><U3/><E110/><V104/><F122/><W95/><G125/><T88/><D132/><N who="3" m="50729" /><G129/><T50/><D37/><U15/><E128/><V35/><F104/><W23/><G98/><T86/><D103/><U76/><E30/><V96/><F79/><W57/><G87/><T108/><D108/><U40/><E71/><V65/><F130/><W115/><G115/><T77/><D26/><AGARI ba="0,0" hai="17,23,26,54,57,61,80,81,92,94,95" m="50729" machi="26" ten="30,2000,0" yaku="20,1,52,1" doraHai="16" who="3" fromWho="0" sc="200,-20,230,0,350,0,220,20" /><INIT seed="3,0,0,1,2,73" ten="180,230,350,240" oya="3" hai0="22,119,12,3,107,57,4,39,77,98,80,84,126" hai1="125,130,16,91,97,105,18,61,65,49,33,6,108" hai2="56,45,28,23,71,7,102,134,47,58,133,68,9" hai3="21,41,1,123,81,115,26,34,72,118,55,50,100"/><W38/><G115/><T30/><D119/><U27/><E108/><V90/><F102/><W92/><G118/><T46/><D126/><U88/><E125/><V53/><F90/><N who="1" m="34345" /><E49/><V94/><F94/><W76/><G123/><T67/><D3/><U15/><E15/><V83/><F83/><W11/><G34/><T25/><D39/><U111/><E6/><V86/><F86/><W17/><G41/><T110/><D110/><U96/><E96/><V42/><F23/><W43/><G43/><T124/><D124/><U59/><E59/><V117/><F28/><W109/><G38/><T31/><D46/><U131/><E111/><V106/><F106/><W66/><G66/><T128/><D128/><N who="1" m="49195" /><E97/><V32/><F32/><W10/><G1/><T0/><D0/><U93/><E93/><V8/><F42/><W64/><G64/><T36/><D36/><U132/><E105/><V99/><F99/><W63/><G63/><T104/><D30/><N who="1" m="19679" /><E132/><V51/><F51/><W75/><G109/><T101/><D107/><U135/><E135/><V20/><F117/><W35/><G35/><T54/><D67/><U60/><E60/><V82/><F7/><W69/><G75/><T40/><D40/><U121/><E121/><V78/><F133/><W95/><G100/><T19/><D4/><U85/><E85/><V114/><F134/><W48/><G72/><T14/><REACH who="0" step="1"/><D31/><REACH who="0" ten="170,230,350,240" step="2"/><U2/><E2/><V120/><F47/><W112/><G112/><T79/><D79/><U87/><E65/><V129/><F114/><W13/><G76/><T74/><D74/><U52/><E52/><RYUUKYOKU ba="0,1" sc="170,30,230,-10,350,-10,240,-10" hai0="12,14,19,22,25,54,57,77,80,84,98,101,104" owari="200,-30.0,220,-18.0,350,45.0,230,3.0" /></mjloggm>