<mjloggm ver="2.3"><GO type="225" lobby="0"/><UN n0="%E3%83%A9%E3%82%A4%E3%83%B3%E3%81%AE%E8%99%8E" n1="%E3%82%BC%E3%83%AB%E3%83%80%E3%81%AE%E4%BC%9D%E8%AA%AC" n2="%E9%B3%B3%E6%9D%B1%E3%81%AE%E3%81%86%E3%81%95%E3%81%8E%E3%81%95%E3%82%93" n3="%E4%BF%BA%E3%81%A8%E5%A6%96%E5%A4%A2" dan="16,17,17,16" rate="2110.12,2186.50,2230.63,2100.46" sx="M,M,M,F"/><TAIKYOKU oya="0"/><INIT seed="0,0,0,3,3,40" ten="250,250,250,250" oya="0" hai0="26,128,51,105,28,132,91,97,121,62,58,100,67" hai1="33,22,17,133,73,29,46,102,127,83,65,10,94" hai2="61,126,101,9,6,107,54,79,92,110,19,53,104" hai3="66,2,95,48,85,98,38,60,13,81,113,108,90"/><T119/><D119/><U7/><E127/><V4/><F126/><W76/><G113/><T64/><D128/><U103/><E133/><V96/><F110/><W131/><G38/><T93/><D132/><U35/><E65/><V115/><F115/><W75/><G2/><T5/><D121/><U77/><E94/><V130/><F130/><W70/><G131/><T125/><D125/><U42/><E29/><V82/><F19/><W47/><G13/><T18/><D64/><U87/><E33/><V39/><F39/><W109/><REACH who="3" step="1"/><G75/><REACH who="3" ten="250,250,250,240" step="2"/><T116/><D116/><U41/><E73/><V114/><F114/><W32/><G32/><T123/><D123/><U25/><E35/><V1/><F4/><W69/><G69/><T89/><D5/><U71/><E71/><V3/><F3/><W63/><G63/><T30/><D51/><N who="1" m="27087" /><E42/><AGARI ba="0,1" hai="42,47,48,60,66,70,76,81,85,90,95,98,108,109" machi="42" ten="40,2600,0" yaku="1,1,52,1,53,0" doraHai="40" doraHaiUra="135" who="3" fromWho="1" sc="250,0,250,-26,250,0,240,36" /><INIT seed="1,0,0,3,5,115" ten="250,224,250,276" oya="1" hai0="54,124,9,12,72,73,107,94,88,87,135,45,16" hai1="3,41,105,42,22,95,21,83,127,100,82,4,39" hai2="74,27,29,24,96,93,44,134,34,7,80,90,121" hai3="109,114,63,57,61,65,32,8,102,62,126,99,120"/><U78/><E105/><V2/><F134/><W23/><G114/><T81/><D107/><U97/><E127/><V103/><F121/><W25/><G120/><T70/><D70/><U5/><E39/><V67/><F67/><W6/><G32/><T133/><D124/><U20/><E3/><V1/><F7/><N who="1" m="2633" /><E78/><V40/><F27/><W13/><G109/><T0/><D0/><U66/><E66/><V68/><F68/><W19/><REACH who="3" step="1"/><G126/><REACH who="3" ten="250,224,250,266" step="2"/><T85/><D133/><U17/><E17/><V89/><F1/><W18/><G18/><T52/><D135/><U75/><E75/><V31/><F2/><W53/><G53/><T55/><REACH who="0" step="1"/><D45/><REACH who="0" ten="240,224,250,266" step="2"/><U86/><E86/><V116/><F44/><W35/><G35/><T79/><AGARI ba="0,2" hai="9,12,16,52,54,55,72,73,79,81,85,87,88,94" machi="79" ten="30,12000,2" yaku="1,1,2,1,0,1,54,3,53,0" doraHai="115" doraHaiUra="60" who="0" fromWho="0" sc="240,140,224,-60,250,-30,266,-30" /><INIT seed="2,0,0,0,4,3" ten="380,164,220,236" oya="2" hai0="125,14,5,116,38,128,124,73,4,26,62,64,8" hai1="97,107,121,9,98,24,100,71,134,132,29,114,118" hai2="6,28,59,117,53,131,101,19,91,113,79,77,43" hai3="48,37,63,82,110,85,75,10,70,76,50,35,94"/><V54/><F113/><W42/><G35/><T13/><D73/><U30/><E114/><V104/><F117/><W12/><G110/><T72/><D72/><U23/><E118/><V96/><F131/><W78/><G37/><T34/><D38/><U40/><E71/><V130/><F130/><W55/><G42/><T120/><D128/><U86/><E121/><V47/><F28/><W88/><G76/><T2/><D120/><U112/><E112/><V33/><F33/><W32/><G32/><T58/><D116/><U46/><E86/><V44/><F19/><W36/><G36/><T67/><D67/><U93/><E29/><V133/><F133/><W0/><G0/><T45/><D45/><U41/><E9/><V87/><F6/><W123/><G123/><T115/><D115/><U66/><E66/><V21/><F21/><W60/><G70/><T119/><D119/><U80/><E80/><V20/><F20/><W89/><G89/><T108/><D108/><U126/><E126/><N who="0" m="48745" /><D5/><U15/><E15/><V69/><F53/><W74/><G75/><T99/><D99/><U25/><E25/><V61/><F69/><W11/><G11/><T83/><D83/><U17/><E30/><AGARI ba="0,0" hai="2,4,8,13,14,26,30,34,58,62,64" m="48745" machi="30" ten="30,2000,0" yaku="18,1,52,1" doraHai="3" who="0" fromWho="1" sc="380,20,164,-20,220,0,236,0" /><INIT seed="3,0,0,5,4,2" ten="400,144,220,236" oya="3" hai0="120,76,27,42,40,8,104,75,25,97,80,44,11" hai1="74,72,54,0,113,60,125,50,15,19,106,51,88" hai2="93,59,63,10,16,78,126,20,49,85,98,14,83" hai3="4,105,47,118,82,65,24,92,135,17,58,133,37"/><W90/><G118/><T56/><D120/><U123/><E113/><V61/><F126/><W73/><G105/><T12/><D8/><U114/><E114/><V67/><F61/><W1/><G58/><T117/><D42/><U23/><E123/><V96/><F49/><W5/><G65/><T127/><D127/><U6/><E125/><V77/><F77/><W79/><G37/><T43/><D43/><U70/><E106/><V69/><F69/><W122/><G122/><T21/><D56/><U132/><E132/><N who="3" m="50762" /><G47/><T32/><D104/><U94/><E51/><V91/><F20/><N who="3" m="13327" /><G1/><T110/><D44/><U33/><E33/><V48/><F48/><W119/><G119/><T95/><D32/><U66/><E50/><V112/><F112/><W121/><G121/><T86/><D40/><U84/><REACH who="1" step="1"/><E54/><REACH who="1" ten="400,134,220,236" step="2"/><V18/><F18/><W115/><G115/><T124/><D124/><U131/><E131/><V71/><F71/><W100/><G100/><T68/><D68/><U99/><E99/><AGARI ba="0,1" hai="10,14,16,59,63,67,78,83,85,91,93,96,98,99" machi="99" ten="30,3900,0" yaku="7,1,8,1,54,1" doraHai="2" who="2" fromWho="1" sc="400,0,134,-39,220,49,236,0" /><AGARI ba="0,0" hai="4,5,73,79,82,90,92,99" m="13327,50762" machi="99" ten="30,5800,0" yaku="20,1,52,2" doraHai="2" who="3" fromWho="1" sc="400,0,95,-58,269,0,236,58" /><INIT seed="3,1,0,1,0,91" ten="400,37,269,294" oya="3" hai0="128,11,42,10,103,44,36,60,62,127,17,15,122" hai1="82,114,55,78,37,47,40,1,7,80,107,53,4" hai2="109,81,65,133,96,132,126,50,74,22,16,129,102" hai3="3,12,32,100,98,115,46,29,57,76,48,6,58"/><W97/><G115/><T38/><D122/><U83/><E114/><V105/><F109/><W121/><G3/><T43/><D103/><U71/><E71/><V33/><F33/><W85/><G121/><T24/><D24/><U34/><E34/><V75/><F129/><W30/><G76/><T92/><D92/><U131/><E107/><V116/><F116/><W93/><G85/><T110/><D110/><U2/><E131/><V117/><F117/><W113/><G113/><T18/><D128/><U94/><E53/><V95/><F65/><W56/><G32/><T120/><D15/><U45/><E55/><V99/><F50/><W39/><G39/><T88/><D88/><U9/><E47/><V124/><F96/><W130/><G130/><T118/><D120/><U49/><E49/><V21/><F21/><W0/><G0/><T86/><D86/><U123/><E123/><V31/><F31/><W135/><G135/><N who="2" m="51785" /><F105/><W70/><G70/><T101/><D101/><U41/><E41/><V54/><F54/><N who="3" m="29975" /><G97/><T125/><D44/><U27/><E27/><N who="2" m="14791" /><F75/><W89/><G100/><T51/><D51/><U106/><E106/><V69/><F69/><W64/><G64/><T73/><D118/><U20/><E20/><V52/><F52/><W134/><G134/><T19/><D73/><U68/><E68/><V66/><F66/><W26/><G26/><T28/><D38/><U87/><E94/><V8/><F8/><AGARI ba="1,0" hai="6,8,12,29,30,56,57,58,89,93,98" m="29975" machi="8" ten="30,2900,0" yaku="8,1,52,1" doraHai="91" who="3" fromWho="2" sc="400,0,37,0,269,-32,294,32" /><INIT seed="3,2,0,3,1,22" ten="400,37,237,326" oya="3" hai0="125,135,78,111,77,12,65,122,82,27,84,119,68" hai1="28,116,18,17,107,6,54,11,120,63,31,117,4" hai2="74,75,80,128,90,96,101,85,133,72,7,81,127" hai3="44,10,98,9,23,134,55,112,50,13,30,3,37"/><W34/><G112/><T113/><D119/><U79/><E107/><N who="2" m="63911" /><F7/><W109/><G34/><T83/><D122/><U2/><E79/><N who="2" m="44135" /><F133/><W29/><G37/><T123/><D125/><U59/><E63/><V91/><F128/><W49/><G134/><T87/><D111/><U121/><E59/><V33/><F33/><W19/><G109/><T94/><D123/><U39/><E54/><V8/><F8/><N who="3" m="3179" /><G98/><T130/><D130/><U16/><E39/><V131/><F127/><W24/><G3/><T93/><D135/><U53/><E53/><V20/><F20/><N who="3" m="11375" /><G49/><T76/><D113/><U48/><E48/><V105/><F131/><W102/><G102/><T110/><D110/><U95/><E95/><N who="2" m="54735" /><F105/><W42/><G30/><T100/><D68/><U32/><E4/><V92/><F81/><W64/><G64/><T60/><D65/><U118/><REACH who="1" step="1"/><E31/><REACH who="1" ten="400,27,237,326" step="2"/><V66/><F66/><W129/><G129/><T36/><D36/><U99/><E99/><AGARI ba="2,1" hai="74,75,91,92,99" m="54735,44135,63911" machi="99" ten="30,12000,2" yaku="24,1,35,5" doraHai="22" who="2" fromWho="1" sc="400,0,27,-126,237,136,326,0" owari="400,50.0,-99,-59.9,373,17.3,326,-7.4" /></mjloggm>