<mjloggm ver="2.3"><GO type="225" lobby="0"/><UN n0="%6D%75%75%6D%75%72%61" n1="%72%69%6F%75%63%68%61%6E" n2="%E5%A4%96%E5%B7%9D%E7%AB%9C%E6%88%90" n3="%43%68%65" dan="16,16,16,16" rate="2166.61,2108.81,2235.97,2123.77" sx="F,M,M,M"/><TAIKYOKU oya="0"/><INIT seed="0,0,0,5,5,79" ten="250,250,250,250" oya="0" hai0="76,134,110,51,46,75,16,4,66,80,0,32,23" hai1="93,36,121,2,55,125,27,117,78,59,68,19,33" hai2="119,77,109,129,20,84,111,74,58,15,17,64,37" hai3="81,89,88,67,48,85,38,34,118,102,98,3,56"/><T94/><D32/><U124/><E117/><V45/><F119/><W132/><G118/><T1/><D134/><U116/><E116/><V53/><F129/><W14/><G3/><T105/><D105/><U86/><E121/><V54/><F74/><W24/><G38/><T42/><D110/><N who="2" m="41994" /><F64/><W128/><G128/><T100/><D66/><U108/><E108/><V13/><F13/><W35/><G132/><T97/><REACH who="0" step="1"/><D4/><REACH who="0" ten="240,250,250,250" step="2"/><U87/><E125/><V115/><F115/><W107/><G67/><T21/><D21/><U92/><E33/><V39/><F20/><W135/><G135/><T25/><AGARI ba="0,1" hai="0,1,16,23,25,42,46,51,75,76,80,94,97,100" machi="25" ten="20,12000,1" yaku="1,1,0,1,7,1,52,1,54,1,53,0" doraHai="79" doraHaiUra="123" who="0" fromWho="0" sc="240,130,250,-40,250,-40,250,-40" /><INIT seed="0,1,0,1,3,35" ten="370,210,210,210" oya="0" hai0="39,59,42,129,6,102,36,72,68,88,3,60,87" hai1="135,38,17,14,20,37,83,67,41,11,121,94,9" hai2="103,128,21,23,26,53,133,85,116,118,69,91,15" hai3="30,8,131,127,10,29,46,104,112,124,48,107,79"/><T65/><D72/><U64/><E121/><V66/><F128/><W101/><G112/><T1/><D129/><U89/><E135/><V28/><F133/><W62/><G79/><T40/><D102/><U16/><E83/><V105/><F53/><W44/><G48/><T92/><D68/><U18/><E9/><V73/><F73/><W99/><G131/><T123/><D123/><U110/><E110/><V108/><F108/><W120/><G120/><T58/><D58/><U45/><E37/><V49/><F49/><W63/><G99/><T130/><D130/><U106/><E106/><V95/><F103/><AGARI ba="1,0" hai="8,10,29,30,44,46,62,63,101,103,104,107,124,127" machi="103" ten="25,1600,0" yaku="22,2" doraHai="35" who="3" fromWho="2" sc="370,0,210,0,210,-19,210,19" /><INIT seed="1,0,0,4,2,12" ten="370,210,191,229" oya="1" hai0="70,90,109,115,84,126,27,99,102,23,46,40,62" hai1="54,64,52,116,38,89,10,59,135,114,35,83,41" hai2="36,51,73,2,14,33,72,3,80,105,8,74,13" hai3="104,78,81,120,113,86,16,48,24,95,56,9,25"/><U128/><E114/><V124/><F33/><W87/><G104/><T134/><D115/><U5/><E116/><V133/><F105/><W106/><G106/><T42/><D109/><U103/><E35/><V121/><F121/><W20/><G120/><T88/><D126/><U19/><E128/><V100/><F100/><W7/><G113/><T111/><D111/><U85/><E135/><V79/><F124/><W26/><G95/><N who="0" m="58751" /><D70/><U67/><E103/><V127/><F127/><W71/><G71/><T61/><D134/><U39/><E41/><N who="0" m="15977" /><D46/><U32/><E32/><V47/><F133/><W28/><G87/><T69/><D69/><U75/><E75/><V123/><F36/><W1/><REACH who="3" step="1"/><G28/><REACH who="3" ten="370,210,191,219" step="2"/><N who="0" m="17535" /><D90/><U117/><E117/><V34/><F123/><W112/><G112/><T17/><D17/><U119/><E119/><V21/><F74/><W101/><G101/><T125/><D125/><U94/><E19/><V110/><F73/><W98/><G98/><T66/><D66/><U92/><E64/><V31/><F72/><W58/><G58/><T55/><D55/><AGARI ba="0,1" hai="1,7,9,16,20,24,25,26,48,55,56,78,81,86" machi="55" ten="40,5200,0" yaku="1,1,52,1,54,1,53,0" doraHai="12" doraHaiUra="65" who="3" fromWho="0" sc="370,-52,210,0,191,0,219,62" /><INIT seed="2,0,0,1,1,58" ten="318,210,191,281" oya="2" hai0="107,32,33,64,127,42,90,3,99,86,62,115,61" hai1="56,25,92,34,110,104,44,77,69,98,120,97,13" hai2="27,5,66,68,20,7,108,80,101,21,82,111,19" hai3="30,83,102,57,36,70,4,81,17,11,105,122,6"/><V43/><F101/><W109/><G70/><T124/><D115/><U15/><E69/><V71/><F43/><W14/><G122/><T116/><D3/><U125/><E120/><V54/><F54/><W63/><G36/><T2/><D2/><U40/><E110/><N who="2" m="42027" /><F21/><W75/><G109/><T10/><D10/><U134/><E125/><N who="0" m="48201" /><D42/><U35/><E134/><V16/><F19/><W76/><G30/><T84/><D116/><U91/><E34/><N who="0" m="13417" /><D64/><U24/><E77/><V113/><F71/><W121/><G121/><T8/><D8/><U87/><E35/><V31/><F31/><W28/><G28/><T100/><D86/><U50/><E104/><V79/><F113/><W26/><G26/><N who="1" m="10346" /><E56/><V106/><F106/><W129/><G102/><T74/><D74/><U1/><E1/><V89/><F66/><W52/><G105/><T85/><D85/><U22/><E22/><V126/><F68/><W73/><G129/><T37/><D37/><U128/><E128/><V0/><F126/><W103/><G103/><T18/><D18/><U88/><E97/><V117/><F117/><W135/><G135/><T130/><D130/><U96/><E98/><V59/><F0/><W51/><G51/><T119/><D119/><U29/><E29/><V112/><F112/><W118/><G118/><T131/><D131/><U48/><E50/><V65/><F65/><W67/><G67/><T39/><D39/><U133/><E133/><V132/><F132/><W114/><G114/><T9/><D9/><U47/><E47/><V78/><F27/><W41/><G41/><T23/><D23/><RYUUKYOKU ba="0,0" sc="318,10,210,10,191,-30,281,10" hai0="61,62,84,90,99,100,107" hai1="13,15,40,44,48,87,88,91,92,96" hai3="4,6,11,14,17,52,57,63,73,75,76,81,83" /><INIT seed="3,1,0,5,1,3" ten="328,220,161,291" oya="3" hai0="5,76,105,84,113,122,85,111,133,130,90,88,63" hai1="71,106,22,9,83,61,108,16,50,29,131,26,116" hai2="74,80,129,13,125,78,126,91,34,102,6,55,123" hai3="28,30,49,70,120,56,52,128,117,47,81,20,11"/><W7/><G117/><T100/><D122/><U115/><E115/><V15/><F34/><W48/><G120/><T1/><D113/><U124/><E116/><V59/><F123/><W57/><G70/><T39/><D39/><U114/><E114/><V53/><F102/><W109/><G128/><T69/><D76/><U77/><E106/><V33/><F33/><W4/><G109/><T36/><D36/><U95/><E131/><V51/><F129/><W121/><G121/><T64/><D130/><U94/><E108/><V82/><F91/><W135/><G135/><T104/><D111/><U31/><E124/><V38/><F38/><W65/><G81/><T37/><D37/><U132/><E132/><V98/><F98/><W32/><G32/><T97/><D104/><U40/><E71/><V17/><F82/><W101/><G101/><T12/><D1/><U103/><E61/><V87/><F74/><W112/><G112/><T45/><D45/><N who="1" m="25895" /><E9/><V110/><F110/><W99/><G99/><T93/><D85/><N who="1" m="48367" /><E103/><V19/><F53/><N who="3" m="31783" /><G11/><T107/><D107/><U21/><E31/><N who="3" m="11818" /><G20/><T23/><D133/><U46/><E46/><V92/><F92/><W58/><G58/><T89/><D23/><U72/><E72/><V68/><F68/><W10/><G10/><N who="0" m="4175" /><D105/><U75/><E75/><V96/><F96/><W35/><G35/><T43/><D43/><U119/><E119/><V54/><F54/><N who="3" m="30015" /><G65/><T14/><D14/><AGARI ba="1,0" hai="14,16,21,22,26,29,94,95" m="48367,25895" machi="14" ten="30,2000,0" yaku="8,1,54,1" doraHai="3" who="1" fromWho="0" sc="328,-23,220,23,161,0,291,0" owari="305,40.5,243,-15.7,161,-33.9,291,9.1" /></mjloggm>