<mjloggm ver="2.3"><GO type="225" lobby="0"/><UN n0="%4B%2E%32%2E%4B%2E" n1="%E6%98%93%E5%88%A9%E8%96%A9%E4%BC%AF" n2="%E5%8F%AF%E5%85%90%E9%82%A3%E7%94%B1%E5%A4%9A" n3="%E3%81%8B%E3%82%8F%E3%81%A1%E3%82%83%E3%82%93%35%38" dan="16,16,17,16" rate="2153.17,2020.53,2205.96,2185.28" sx="M,F,F,M"/><TAIKYOKU oya="0"/><INIT seed="0,0,0,2,5,0" ten="250,250,250,250" oya="0" hai0="93,61,95,122,109,99,31,18,14,107,105,43,110" hai1="70,117,127,62,76,126,45,103,100,102,30,25,68" hai2="108,48,6,91,42,51,23,40,119,120,71,88,35" hai3="118,80,63,64,16,79,59,111,24,3,17,10,97"/><T49/><D122/><U50/><E117/><V135/><F120/><W28/><G118/><T44/><D31/><U8/><E76/><V85/><F35/><W9/><G111/><N who="0" m="42507" /><D61/><U92/><E92/><N who="0" m="35401" /><D99/><U75/><E75/><V134/><F71/><W113/><G97/><T132/><D132/><U67/><E70/><V15/><F108/><W129/><G113/><T69/><D69/><U13/><E30/><V66/><F66/><W33/><G129/><T124/><D124/><U116/><E116/><V112/><F119/><W131/><G131/><T29/><D29/><U78/><E78/><V89/><F112/><W27/><G27/><T98/><D98/><U115/><E25/><V54/><F85/><W21/><G33/><T114/><D114/><U60/><E60/><V128/><F128/><W74/><REACH who="3" step="1"/><G9/><AGARI ba="0,0" hai="9,14,18,43,44,49,105,107" m="35401,42507" machi="9" ten="30,2900,0" yaku="14,1,10,1" doraHai="0" who="0" fromWho="3" sc="250,29,250,0,250,0,250,-29" /><INIT seed="0,1,0,5,0,77" ten="279,250,250,221" oya="0" hai0="60,114,5,31,26,91,15,94,67,13,88,54,29" hai1="74,27,102,66,76,57,103,105,95,90,61,3,56" hai2="58,135,81,73,39,62,117,63,51,108,34,127,0" hai3="9,65,7,36,55,21,71,75,122,132,23,52,100"/><T32/><D114/><U82/><E3/><V10/><F34/><W24/><G36/><T59/><D31/><U115/><E115/><V129/><F39/><W14/><G75/><T104/><D104/><U72/><E72/><V64/><F108/><W121/><G100/><T110/><D110/><U123/><E123/><N who="3" m="47114" /><G132/><T50/><D5/><U6/><E6/><V37/><F37/><W96/><G96/><T41/><D41/><U43/><E43/><V46/><F135/><W99/><G99/><T80/><D80/><U18/><E105/><V125/><F129/><W35/><G35/><T107/><D107/><U79/><E79/><V124/><F117/><W28/><G23/><T12/><REACH who="0" step="1"/><D94/><REACH who="0" ten="269,250,250,221" step="2"/><U111/><E111/><V2/><F81/><W93/><G93/><T8/><D8/><U133/><E133/><V106/><F106/><W101/><G101/><T44/><AGARI ba="1,1" hai="12,13,15,26,29,32,44,50,54,59,60,67,88,91" machi="44" ten="30,6000,0" yaku="1,1,0,1,54,1,53,0" doraHai="77" doraHaiUra="119" who="0" fromWho="0" sc="269,73,250,-21,250,-21,221,-21" /><INIT seed="0,2,0,5,5,0" ten="342,229,229,200" oya="0" hai0="56,35,30,97,124,11,73,47,108,40,118,112,67" hai1="132,109,57,22,126,111,133,122,6,4,21,117,98" hai2="128,134,70,8,61,87,121,68,69,90,95,26,31" hai3="41,9,34,58,43,44,55,60,7,106,105,15,113"/><T66/><D112/><U96/><E117/><V72/><F121/><W74/><G113/><T28/><D73/><U59/><REACH who="1" step="1"/><E126/><REACH who="1" ten="342,219,229,200" step="2"/><V93/><F128/><W19/><G74/><T102/><D124/><U130/><E130/><V75/><F75/><W23/><G34/><T51/><D118/><U77/><E77/><V52/><F72/><W53/><G53/><T120/><D35/><U115/><E115/><V54/><F134/><W63/><G63/><T127/><D127/><U84/><E84/><V14/><F61/><W25/><REACH who="3" step="1"/><G41/><REACH who="3" ten="342,219,229,190" step="2"/><T135/><D40/><U110/><E110/><V114/><F114/><W123/><G123/><AGARI ba="2,2" hai="4,6,21,22,57,59,96,98,109,111,122,123,132,133" machi="123" ten="25,12000,2" yaku="1,1,22,2,52,2,53,2" doraHai="0" doraHaiUra="2" who="1" fromWho="3" sc="342,0,219,146,229,0,190,-126" /><INIT seed="1,0,0,1,4,125" ten="342,365,229,64" oya="1" hai0="29,37,58,89,40,77,135,13,53,71,113,107,30" hai1="79,5,3,0,60,69,114,126,102,84,43,12,109" hai2="116,10,123,90,26,97,80,42,54,17,57,61,121" hai3="110,93,68,94,74,27,134,51,86,78,24,50,32"/><U98/><E114/><V131/><F116/><W15/><G68/><T132/><D113/><U55/><E126/><V101/><F42/><W38/><G74/><T82/><D107/><U45/><E109/><V118/><F118/><W108/><G86/><T23/><D71/><U35/><E35/><V8/><F131/><W20/><G20/><T39/><D89/><U127/><E127/><V34/><F34/><W117/><G32/><T14/><D40/><U99/><E12/><N who="0" m="4713" /><D23/><U87/><E98/><V75/><F75/><W28/><G15/><T44/><D44/><U41/><E41/><V6/><F6/><W2/><G117/><T64/><D64/><U22/><E22/><N who="2" m="13647" /><F101/><W47/><G47/><T105/><D105/><U33/><E33/><V72/><F72/><W19/><G2/><T73/><D29/><U59/><E69/><V1/><F1/><W96/><G28/><T21/><D30/><U9/><E79/><V129/><F8/><W11/><G78/><T7/><D7/><U66/><E3/><V119/><F10/><W91/><G11/><T67/><D67/><U76/><E66/><V49/><F119/><W103/><G38/><T88/><D88/><U95/><REACH who="1" step="1"/><E76/><REACH who="1" ten="342,355,229,64" step="2"/><V65/><F65/><W25/><G134/><N who="0" m="51243" /><D21/><U115/><E115/><V124/><F124/><W70/><G70/><T83/><D82/><U81/><E81/><V85/><F80/><W122/><G122/><T46/><D46/><U56/><E56/><N who="2" m="32847" /><F123/><W111/><G19/><T62/><AGARI ba="0,1" hai="37,39,53,58,62,73,77,83" m="51243,4713" machi="62" ten="30,1100,0" yaku="20,1" doraHai="125" who="0" fromWho="0" sc="342,21,355,-5,229,-3,64,-3" /><INIT seed="2,0,0,4,4,49" ten="363,350,226,61" oya="2" hai0="132,78,39,37,108,29,87,80,62,118,88,28,127" hai1="98,74,57,70,125,92,103,25,130,106,107,34,33" hai2="90,133,85,44,7,122,134,112,31,110,123,82,65" hai3="6,119,121,71,18,97,36,68,3,13,128,135,16"/><V48/><F112/><W77/><G36/><T53/><D108/><U38/><E70/><V116/><F116/><W47/><G119/><T99/><D118/><U10/><E74/><V131/><F65/><W11/><G121/><T79/><D127/><U63/><E38/><V95/><F131/><W21/><G128/><T67/><D132/><N who="2" m="50794" /><F110/><W22/><G135/><T115/><D115/><U105/><E125/><V64/><F64/><W14/><G77/><T2/><D2/><U83/><E130/><V109/><F109/><W114/><G114/><T113/><D113/><U66/><E83/><V69/><F69/><W96/><G96/><T129/><D129/><U42/><E42/><V59/><F59/><W56/><G47/><T84/><D99/><U23/><REACH who="1" step="1"/><E10/><REACH who="1" ten="363,340,226,61" step="2"/><V120/><F82/><W54/><REACH who="3" step="1"/><G97/><REACH who="3" ten="363,340,226,51" step="2"/><T15/><D39/><U72/><E72/><V9/><F122/><W27/><G27/><T0/><D37/><U1/><E1/><N who="2" m="239" /><F31/><AGARI ba="0,2" hai="23,25,31,33,34,57,63,66,92,98,103,105,106,107" machi="31" ten="40,5200,0" yaku="1,1,25,2,53,0" doraHai="49" doraHaiUra="12" who="1" fromWho="2" sc="363,0,340,72,226,-52,51,0" /><INIT seed="3,0,0,1,3,125" ten="363,412,174,51" oya="3" hai0="12,128,4,74,2,48,51,20,5,9,34,100,75" hai1="67,18,54,118,106,127,26,92,89,95,79,63,91" hai2="129,111,80,104,61,42,126,14,117,55,57,7,24" hai3="88,58,3,60,122,38,39,62,45,121,8,78,19"/><W86/><G78/><T90/><D100/><U110/><E106/><V101/><F80/><W44/><G3/><T98/><D5/><U84/><E110/><V119/><F101/><W50/><G8/><T21/><D34/><U132/><E127/><V135/><F126/><W70/><G19/><T52/><D48/><U114/><E132/><V25/><F135/><W115/><G86/><T23/><D128/><U47/><E114/><V82/><F129/><W11/><G11/><T16/><D90/><U46/><E79/><V32/><F104/><W107/><G107/><T64/><D64/><U112/><E118/><V120/><F32/><W1/><G1/><T43/><D43/><U15/><E26/><V53/><F24/><W35/><G35/><T31/><D98/><U59/><E67/><V81/><F25/><W30/><G30/><T40/><D40/><U85/><E112/><V97/><F97/><W105/><G105/><T13/><D31/><U103/><E103/><V72/><F7/><W73/><G73/><T66/><D66/><U6/><E6/><V130/><F14/><W10/><G10/><AGARI ba="0,0" hai="10,15,18,46,47,54,59,63,84,85,89,91,92,95" machi="10" ten="30,3900,0" yaku="7,1,9,1,8,1" doraHai="125" who="1" fromWho="3" sc="363,0,412,39,174,0,51,-39" owari="363,16.3,451,55.1,174,-22.6,12,-48.8" /></mjloggm>