<mjloggm ver="2.3"><GO type="225" lobby="0"/><UN n0="%E7%99%BD%E9%9B%AA%E4%B9%83%E6%84%9B" n1="%E5%86%B7%E5%87%8D%E3%82%AE%E3%83%A7%E3%83%BC%E3%82%B6" n2="%E5%B0%8F%E9%B3%A5%E9%81%8A%E7%B7%B4%E7%84%A1%32%31%E6%AD%B3" n3="%73%6C%69%63%6B%33%31%39" dan="16,16,16,16" rate="2061.03,2177.73,2208.19,2118.71" sx="F,M,F,M"/><TAIKYOKU oya="0"/><INIT seed="0,0,0,3,4,20" ten="250,250,250,250" oya="0" hai0="26,16,59,64,75,113,60,135,93,107,3,2,14" hai1="87,53,43,116,52,96,49,6,33,117,108,41,82" hai2="84,39,19,1,92,76,12,128,40,36,29,110,81" hai3="13,22,7,134,61,58,101,9,70,68,50,114,38"/><T86/><D113/><U98/><E33/><V18/><F1/><W126/><G38/><T51/><D107/><U130/><E108/><V67/><F110/><W21/><G114/><T121/><D121/><U129/><E6/><V132/><F128/><N who="1" m="49257" /><E98/><V23/><F67/><W31/><G126/><T85/><D75/><U124/><E96/><V65/><F29/><W72/><G72/><T11/><D135/><U99/><E99/><V69/><F132/><W17/><G101/><T89/><D85/><U115/><E124/><V118/><F118/><N who="1" m="45673" /><E115/><V105/><F105/><W90/><G7/><T57/><REACH who="0" step="1"/><D26/><REACH who="0" ten="240,250,250,250" step="2"/><U103/><E103/><V127/><F84/><W8/><G134/><T73/><D73/><U71/><E71/><V32/><F69/><W125/><G68/><T123/><D123/><U79/><E53/><AGARI ba="0,1" hai="2,3,11,14,16,51,53,57,59,60,64,86,89,93" machi="53" ten="40,7700,0" yaku="1,1,54,1,53,1" doraHai="20" doraHaiUra="47" who="0" fromWho="1" sc="240,87,250,-77,250,0,250,0" /><INIT seed="0,1,0,4,1,89" ten="327,173,250,250" oya="0" hai0="129,36,134,87,102,5,131,97,14,73,29,108,11" hai1="46,71,101,123,81,3,42,121,94,52,48,104,106" hai2="84,28,65,75,95,135,61,133,4,37,113,9,57" hai3="124,127,115,47,110,16,86,39,92,74,15,130,62"/><T69/><D73/><U126/><E3/><V8/><F75/><W33/><G74/><T112/><D112/><U53/><E71/><V19/><F37/><W6/><G115/><T99/><D36/><U116/><E116/><V7/><F28/><W43/><G33/><T13/><D69/><U103/><E126/><N who="3" m="48170" /><G110/><T125/><D29/><U76/><E106/><V118/><F118/><W78/><G62/><T20/><D125/><U40/><E104/><V122/><F122/><W32/><G32/><T111/><D134/><N who="2" m="51210" /><F113/><W96/><G6/><N who="2" m="2089" /><F19/><W24/><G24/><T98/><D87/><N who="1" m="48551" /><E123/><V60/><F60/><W70/><G70/><T132/><D132/><U23/><E121/><V59/><F57/><W119/><G119/><T66/><D66/><U105/><E105/><V63/><F63/><W67/><G67/><T34/><D34/><U49/><E23/><V72/><F72/><W44/><G130/><N who="0" m="49675" /><D20/><U31/><E31/><V1/><F1/><W22/><G39/><T93/><D13/><U21/><E21/><V10/><F8/><W56/><G56/><T68/><D68/><U107/><E107/><V12/><F12/><W128/><G128/><T2/><D14/><U79/><E79/><V38/><F38/><W114/><G114/><T55/><D55/><U27/><E27/><V0/><F0/><W90/><G43/><N who="1" m="16426" /><E53/><V35/><F35/><W64/><G64/><T26/><D26/><U77/><E77/><V18/><F18/><W91/><G78/><T50/><D50/><U30/><E49/><V120/><F120/><W83/><AGARI ba="1,0" hai="15,16,22,44,47,83,86,90,91,92,96" m="48170" machi="83" ten="30,4000,0" yaku="18,1,52,1,54,1" doraHai="89" who="3" fromWho="3" sc="327,-21,173,-11,250,-11,250,43" /><INIT seed="1,0,0,5,3,73" ten="306,162,239,293" oya="1" hai0="75,55,65,132,61,45,43,51,18,116,135,19,28" hai1="21,89,106,5,88,59,36,57,74,40,41,107,58" hai2="10,68,42,91,119,72,24,32,100,87,81,111,27" hai3="4,71,80,102,69,78,127,23,124,9,6,0,92"/><U121/><E21/><V122/><F119/><W49/><G6/><T48/><D116/><U126/><E5/><V46/><F68/><W83/><G49/><T44/><D28/><U25/><E25/><V15/><F122/><W35/><G35/><T11/><D75/><U112/><E74/><V38/><F111/><W33/><G33/><T133/><REACH who="0" step="1"/><D11/><REACH who="0" ten="296,162,239,293" step="2"/><U114/><E121/><V105/><F72/><W34/><G9/><T94/><D94/><U64/><E64/><V37/><F32/><W123/><G92/><T67/><D67/><U1/><E1/><V99/><REACH who="2" step="1"/><F37/><REACH who="2" ten="296,162,229,293" step="2"/><W60/><G34/><T52/><D52/><U101/><E36/><V131/><F131/><W50/><G123/><T47/><D47/><U7/><E126/><V31/><F31/><W129/><G127/><T12/><D12/><U130/><E130/><V110/><F110/><W39/><G129/><T86/><D86/><U98/><E98/><V117/><F117/><W109/><G109/><T93/><D93/><U76/><E7/><AGARI ba="0,2" hai="7,10,15,24,27,38,42,46,81,87,91,99,100,105" machi="7" ten="30,2000,0" yaku="1,1,7,1,53,0" doraHai="73" doraHaiUra="104" who="2" fromWho="1" sc="296,0,162,-20,229,40,293,0" /><INIT seed="2,0,0,0,1,51" ten="296,142,269,293" oya="2" hai0="121,30,19,131,72,45,77,126,86,122,113,80,100" hai1="25,7,53,40,21,123,12,117,107,130,83,69,125" hai2="58,33,64,16,128,65,11,2,74,57,61,20,43" hai3="24,50,18,52,70,46,56,78,89,91,98,63,5"/><V22/><F33/><W133/><G133/><T120/><D30/><U102/><E102/><V48/><BYE who="1" /><F74/><W15/><G70/><T54/><D19/><U132/><E132/><V1/><F128/><W36/><G36/><T9/><D9/><U28/><E28/><V88/><F1/><W115/><G115/><T66/><D66/><U76/><E76/><V27/><F2/><W32/><G78/><T68/><D68/><U23/><E23/><V127/><F127/><W82/><G32/><T101/><D113/><U114/><E114/><V3/><F3/><W119/><G119/><T67/><D67/><U34/><E34/><V31/><F11/><N who="3" m="4591" /><G82/><T73/><D126/><U29/><E29/><V118/><F118/><W60/><G98/><T26/><D26/><U6/><E6/><V135/><F135/><W90/><G46/><T105/><D131/><U35/><E35/><V92/><F43/><W110/><G110/><T108/><D108/><U13/><E13/><N who="2" m="9231" /><F48/><W103/><G103/><N who="0" m="39499" /><D105/><U17/><E17/><V8/><F8/><W112/><G112/><T49/><D72/><U106/><E106/><V81/><F81/><W111/><G111/><T99/><D73/><U59/><E59/><N who="2" m="22539" /><F61/><W37/><G37/><T0/><D0/><U96/><E96/><AGARI ba="0,0" hai="22,27,31,64,65,88,92,96" m="22539,9231" machi="96" ten="30,5800,0" yaku="8,1,54,2" doraHai="51" who="2" fromWho="1" sc="296,0,142,-58,269,58,293,0" /><INIT seed="2,1,0,5,1,1" ten="296,84,327,293" oya="2" hai0="19,65,78,93,38,109,107,26,34,60,24,49,113" hai1="50,18,91,90,28,33,129,37,102,95,32,27,4" hai2="75,119,96,7,101,22,126,105,94,9,0,57,58" hai3="118,17,77,89,11,63,117,123,62,120,125,45,8"/><V46/><F119/><W64/><G77/><T121/><D121/><U132/><E132/><V71/><F71/><W114/><G114/><T3/><D113/><U100/><E100/><V130/><F130/><W29/><G125/><T86/><D107/><U122/><E122/><V47/><F75/><W124/><G124/><T111/><D38/><U5/><E5/><V16/><F105/><W92/><G29/><T81/><D3/><U12/><E12/><N who="2" m="5183" /><F126/><W97/><G123/><T10/><D49/><U52/><E52/><V51/><F0/><W135/><G135/><T70/><D93/><U99/><E99/><V73/><F73/><W21/><G120/><T14/><REACH who="0" step="1"/><D34/><REACH who="0" ten="286,84,327,293" step="2"/><U40/><E40/><N who="2" m="25031" /><F47/><W80/><G117/><T55/><D55/><U59/><E59/><V2/><F2/><W98/><G118/><T82/><D82/><U56/><E56/><V131/><F131/><W68/><G80/><T61/><D61/><U103/><E103/><V15/><AGARI ba="1,1" hai="15,16,22,57,58,94,96,101" m="25031,5183" machi="15" ten="30,6000,0" yaku="8,1,52,1,54,1" doraHai="1" who="2" fromWho="2" sc="286,-21,84,-21,327,73,293,-21" /><INIT seed="2,2,0,0,3,107" ten="265,63,400,272" oya="2" hai0="95,60,31,83,24,53,4,55,99,114,108,57,109" hai1="51,3,8,84,91,69,97,0,116,38,36,66,32" hai2="120,9,78,58,13,27,102,101,63,43,85,76,20" hai3="41,48,119,134,79,93,2,18,77,131,7,42,22"/><V33/><F33/><W26/><G119/><T25/><D114/><U126/><E126/><V127/><F127/><W10/><G131/><T129/><D129/><U14/><E14/><V90/><F43/><W50/><G134/><T75/><D4/><U52/><E52/><N who="0" m="20041" /><D57/><U73/><E73/><V132/><F132/><W1/><G93/><T21/><D60/><U12/><E12/><V56/><F63/><W46/><REACH who="3" step="1"/><G1/><REACH who="3" ten="265,63,400,262" step="2"/><T110/><D83/><U130/><E130/><V62/><F120/><W37/><G37/><T89/><D24/><U124/><E124/><V16/><F27/><W103/><G103/><T67/><D67/><U115/><E115/><V92/><F102/><W104/><G104/><T17/><D31/><U94/><E94/><V113/><F101/><W39/><G39/><T74/><AGARI ba="2,1" hai="17,21,25,74,75,89,95,99,108,109,110" m="20041" machi="74" ten="40,8000,1" yaku="14,1,52,2,54,1" doraHai="107" who="0" fromWho="0" sc="265,96,63,-22,400,-42,262,-22" /><INIT seed="3,0,0,1,3,81" ten="361,41,358,240" oya="3" hai0="48,108,134,96,95,109,20,128,61,121,82,62,35" hai1="25,114,70,110,30,113,76,104,126,34,124,94,89" hai2="129,98,73,38,78,75,9,45,58,12,74,3,105" hai3="2,133,101,93,14,106,17,135,27,71,122,90,60"/><W39/><G2/><T4/><D121/><U31/><E31/><V67/><F129/><W86/><G122/><T29/><D35/><U8/><E8/><V49/><F78/><W33/><G39/><T28/><D128/><U85/><E85/><V80/><F80/><W53/><G106/><T41/><D134/><N who="3" m="51209" /><G101/><N who="0" m="60575" /><D82/><U1/><E1/><V83/><F83/><W22/><G71/><T15/><D108/><U21/><E21/><V50/><F3/><W65/><G65/><T130/><D130/><U44/><E44/><V51/><F38/><W77/><G77/><T97/><D97/><U92/><E92/><V0/><F0/><W7/><G33/><T115/><D109/><U43/><E43/><V102/><F67/><W52/><G60/><N who="0" m="23147" /><D115/><U111/><E111/><V11/><F58/><W57/><G57/><T132/><D132/><U100/><E100/><V66/><F66/><W107/><G107/><T72/><D72/><U103/><E103/><V23/><REACH who="2" step="1"/><F45/><REACH who="2" ten="361,41,348,240" step="2"/><W55/><G7/><T24/><D4/><U91/><E91/><V118/><F118/><W125/><G125/><T13/><D28/><U131/><E131/><V68/><F68/><W59/><G59/><T116/><D116/><U117/><E117/><V120/><F120/><W87/><G87/><T84/><D84/><U26/><E26/><AGARI ba="0,1" hai="14,17,22,26,27,52,53,55,86,90,93" m="51209" machi="26" ten="30,5800,0" yaku="20,1,52,1,54,1" doraHai="81" who="3" fromWho="1" sc="361,0,41,-58,348,0,240,68" owari="361,46.1,-17,-51.7,348,14.8,308,-9.2" /></mjloggm>