<mjloggm ver="2.3"><GO type="225" lobby="0"/><UN n0="%E3%81%95%E3%81%8D%E3%81%9F%E3%81%BE%E6%9E%97%E6%AA%8E" n1="%E3%81%A1%E3%82%85%E3%81%86%E3%81%A9%E3%81%8F%E8%B1%A1%E3%81%95%E3%82%93" n2="%4C%4F%4C%49%54%41" n3="%E5%B8%86%E7%AB%8B%E5%A4%8F%E8%A1%A3" dan="16,17,16,17" rate="2168.54,2141.57,2178.66,2171.76" sx="M,M,F,M"/><TAIKYOKU oya="0"/><INIT seed="0,0,0,5,5,75" ten="250,250,250,250" oya="0" hai0="125,39,47,99,4,1,132,82,78,22,79,37,105" hai1="116,0,43,41,73,76,94,55,133,62,45,5,67" hai2="112,13,30,34,97,86,102,53,110,49,113,50,87" hai3="65,103,28,14,111,35,100,135,85,92,44,19,20"/><T101/><D22/><U56/><E116/><V124/><F110/><W129/><G111/><T91/><D91/><U38/><E133/><V17/><F124/><W15/><G135/><T130/><D125/><U96/><E41/><V68/><F68/><W98/><G129/><T26/><D132/><U18/><E18/><V77/><F30/><W81/><G65/><T24/><D24/><U122/><E122/><V40/><F34/><W33/><G103/><T118/><D118/><U95/><E67/><V52/><F40/><W64/><G64/><T7/><D7/><U9/><REACH who="1" step="1"/><E96/><REACH who="1" ten="250,240,250,250" step="2"/><V119/><F119/><W16/><G28/><T126/><D99/><U131/><E131/><V12/><F97/><W63/><G63/><T25/><D126/><U10/><E10/><V115/><F115/><W72/><G19/><T104/><D130/><U6/><E6/><V54/><F53/><W106/><G16/><T71/><D4/><U48/><E48/><V70/><F17/><W107/><G100/><T61/><D101/><U114/><E114/><V128/><F128/><W32/><G98/><T74/><D37/><U31/><E31/><V29/><F102/><W60/><G60/><T93/><D39/><U58/><E58/><V120/><F29/><W123/><G123/><T121/><D61/><U57/><E57/><V23/><F120/><W51/><G51/><T134/><D121/><U84/><E84/><V8/><F8/><W36/><G85/><T117/><D134/><U66/><E66/><V11/><F112/><W3/><G36/><T80/><D117/><U42/><E42/><RYUUKYOKU ba="0,1" sc="250,-10,240,30,250,-10,250,-10" hai1="0,5,9,38,43,45,55,56,62,73,76,94,95" /><INIT seed="1,1,1,1,5,55" ten="240,270,240,240" oya="1" hai0="116,101,91,78,18,79,135,132,66,90,60,15,107" hai1="48,134,10,111,32,75,52,84,16,14,3,130,85" hai2="47,57,42,92,94,31,83,43,51,108,23,62,113" hai3="41,34,73,29,33,30,59,93,129,7,5,87,65"/><U88/><E75/><V81/><F108/><W118/><G73/><T53/><D116/><U49/><E32/><V133/><F133/><N who="0" m="51274" /><D53/><U109/><E134/><V126/><F126/><W86/><G118/><T115/><D115/><U71/><E71/><V22/><F113/><W2/><G129/><T106/><D91/><U9/><E130/><V119/><F119/><W97/><G41/><T68/><D90/><U25/><E25/><N who="2" m="16823" /><F23/><W40/><G40/><T72/><D72/><U50/><E3/><V27/><F27/><W128/><G128/><T120/><D120/><U123/><E9/><V80/><F42/><W82/><G2/><T69/><D69/><U125/><E125/><V98/><F98/><W24/><G34/><T112/><D112/><U58/><E123/><V95/><F95/><W21/><G33/><T100/><D100/><U76/><E76/><N who="0" m="29225" /><D101/><U1/><E1/><V8/><F8/><AGARI ba="1,1" hai="8,15,18,60,66,68,106,107" m="29225,51274" machi="8" ten="30,1000,0" yaku="20,1" doraHai="55" who="0" fromWho="2" sc="240,23,270,0,240,-13,240,0" /><INIT seed="2,0,0,0,4,24" ten="263,270,227,240" oya="2" hai0="81,8,111,102,82,84,85,22,36,116,75,126,134" hai1="56,100,107,129,93,37,20,130,74,51,118,114,88" hai2="42,60,1,26,66,4,61,31,46,110,67,0,6" hai3="103,117,80,27,48,43,53,47,15,50,87,32,71"/><V99/><F110/><W127/><G127/><T98/><D36/><U39/><E114/><V133/><F133/><W62/><G117/><T44/><D111/><U96/><E118/><V21/><F0/><W68/><G103/><T73/><D116/><U14/><E74/><V55/><F55/><W59/><G15/><T7/><D134/><U89/><E89/><V119/><F1/><W122/><G122/><T13/><D126/><U25/><E14/><V95/><F119/><W18/><G62/><T135/><D135/><U125/><E125/><V92/><F61/><W41/><G41/><T106/><D84/><N who="1" m="52359" /><E51/><V90/><F95/><W64/><G64/><T101/><D101/><U12/><E56/><V11/><F11/><W30/><REACH who="3" step="1"/><G18/><REACH who="3" ten="263,270,227,230" step="2"/><T79/><D102/><U70/><E12/><V97/><F67/><W2/><G2/><T128/><D13/><U108/><E108/><V35/><F35/><W131/><G131/><N who="1" m="50186" /><E70/><V54/><F54/><W69/><G69/><T10/><D128/><U72/><E72/><V23/><F23/><W132/><G132/><T38/><D75/><U19/><AGARI ba="0,1" hai="19,20,25,37,39,96,100,107" m="50186,52359" machi="19" ten="30,2000,0" yaku="19,1,54,1" doraHai="24" who="1" fromWho="1" sc="263,-5,270,30,227,-10,230,-5" /><INIT seed="3,0,0,1,5,82" ten="258,300,217,225" oya="3" hai0="5,16,21,108,26,126,87,13,52,12,84,104,22" hai1="11,133,9,95,34,3,63,120,77,32,115,83,67" hai2="18,103,39,124,42,53,35,1,107,85,43,17,54" hai3="27,113,8,23,65,62,49,105,79,29,38,46,74"/><W7/><G113/><T24/><D104/><U41/><E120/><V94/><F107/><W91/><G105/><T61/><D108/><U15/><E115/><V50/><F39/><W72/><G38/><T40/><D126/><U127/><E127/><V75/><F75/><W88/><G74/><T48/><D61/><U36/><E95/><V20/><F35/><W121/><G121/><T80/><D40/><N who="2" m="15402" /><F1/><W2/><G79/><N who="0" m="46111" /><D5/><U86/><E133/><V45/><F124/><W128/><G72/><T0/><D87/><U76/><E76/><V44/><F20/><W110/><G128/><T89/><D89/><U111/><E111/><V73/><F73/><W59/><G110/><T135/><D135/><U33/><E3/><V118/><F118/><W64/><G65/><T10/><D10/><U30/><E9/><V56/><F45/><W60/><G60/><T129/><D129/><U97/><E41/><AGARI ba="0,0" hai="2,7,8,23,27,29,41,46,49,59,62,64,88,91" machi="41" ten="30,2900,0" yaku="7,1,54,1" doraHai="82" who="3" fromWho="1" sc="258,0,300,-29,217,0,225,29" /><INIT seed="3,1,0,3,1,89" ten="258,271,217,254" oya="3" hai0="118,71,44,64,2,61,43,111,62,25,117,46,123" hai1="16,125,58,121,24,56,73,0,131,114,27,21,95" hai2="120,75,19,26,103,53,85,107,65,96,127,14,13" hai3="8,133,122,45,86,29,15,78,40,63,134,81,55"/><W97/><G122/><T113/><D2/><U22/><E121/><V92/><F120/><W52/><G29/><T90/><D90/><U20/><E114/><V88/><F127/><W72/><G72/><T83/><D83/><U128/><E0/><V35/><F65/><W84/><G84/><T33/><D33/><U69/><E69/><V3/><F3/><W32/><G32/><T100/><D100/><U132/><E125/><V9/><F75/><W110/><G97/><T41/><D25/><N who="1" m="9803" /><E73/><V5/><F53/><W119/><G110/><T42/><D111/><U126/><E126/><V129/><F129/><N who="1" m="49737" /><E132/><N who="3" m="50794" /><G63/><N who="0" m="40351" /><D123/><U66/><E66/><V124/><F124/><W74/><G74/><T17/><D17/><U108/><E108/><V48/><F48/><N who="3" m="26663" /><G119/><N who="0" m="45579" /><D113/><U70/><E70/><V18/><REACH who="2" step="1"/><F14/><REACH who="2" ten="258,271,207,254" step="2"/><W99/><G99/><T87/><D62/><U94/><E16/><AGARI ba="1,1" hai="8,15,16,52,55,78,81,86" m="26663,50794" machi="16" ten="30,5800,0" yaku="20,1,54,2" doraHai="89" who="3" fromWho="1" sc="258,0,271,-61,207,0,254,71" owari="258,5.8,210,-19.0,207,-29.3,325,42.5" /></mjloggm>