<mjloggm ver="2.3"><GO type="225" lobby="0"/><UN n0="%68%6F%72%69%30%39%30%31" n1="%E3%81%A9%E3%82%93%E3%82%88%E3%81%8F%4D%6B%2E%32" n2="%E3%81%8B%E3%82%8F%E3%81%A1%E3%82%83%E3%82%93%35%38" n3="%E8%B1%86%59%E5%A4%AA%E9%83%8E" dan="16,16,16,16" rate="2059.17,2145.92,2142.17,2033.40" sx="M,M,M,M"/><TAIKYOKU oya="0"/><INIT seed="0,0,0,0,4,36" ten="250,250,250,250" oya="0" hai0="107,84,92,87,128,68,102,38,34,121,32,57,111" hai1="106,50,122,129,20,132,126,69,115,112,70,4,22" hai2="15,10,8,48,79,5,21,25,59,94,119,80,46" hai3="13,72,90,65,61,24,28,41,52,30,124,45,116"/><T44/><D68/><N who="1" m="26219" /><E4/><V134/><F134/><W23/><G72/><T123/><D107/><U55/><E106/><V27/><F119/><W9/><G124/><T17/><D57/><U114/><E122/><V67/><F94/><W81/><G116/><T74/><D74/><U85/><E126/><V78/><F10/><W58/><G65/><T33/><D128/><U60/><E60/><N who="2" m="38303" /><F80/><W109/><G109/><T91/><D111/><U95/><E129/><V98/><F98/><W12/><G30/><T86/><D102/><U43/><E43/><N who="2" m="24671" /><F25/><W62/><G62/><T35/><N who="0" m="8192" /><DORA hai="103" /><T7/><D7/><U117/><E117/><V105/><F105/><W118/><G118/><T97/><REACH who="0" step="1"/><D17/><AGARI ba="0,0" hai="5,8,15,17,21,27,78,79" m="24671,38303" machi="17" ten="30,2000,0" yaku="8,1,52,1" doraHai="36,103" who="2" fromWho="0" sc="250,-20,250,0,250,20,250,0" /><INIT seed="1,0,0,2,0,81" ten="230,250,270,250" oya="1" hai0="130,70,3,51,64,105,41,132,126,36,75,18,84" hai1="4,115,116,71,46,56,34,122,109,112,49,103,108" hai2="88,102,133,124,52,25,23,26,35,43,27,118,76" hai3="68,117,63,22,72,74,128,11,15,92,14,87,83"/><U16/><E34/><V30/><F118/><W96/><G128/><T134/><D3/><U37/><E4/><V93/><F133/><N who="0" m="51306" /><D75/><U73/><E73/><V55/><F124/><W98/><G98/><T123/><D105/><U32/><E32/><V129/><F129/><W2/><G2/><T91/><D130/><U24/><E103/><V20/><F76/><W80/><G80/><N who="0" m="49543" /><D126/><U44/><E71/><V47/><F102/><W10/><G68/><T107/><D107/><U5/><E5/><V21/><F35/><W79/><G63/><N who="0" m="40223" /><D123/><U65/><E122/><V1/><F1/><W99/><G74/><T127/><D127/><U29/><E116/><V17/><F47/><N who="1" m="17961" /><E37/><V67/><F67/><W59/><G59/><T33/><D33/><U77/><E29/><N who="2" m="17575" /><F43/><W0/><G0/><T60/><D60/><N who="1" m="38023" /><E49/><V12/><F12/><N who="3" m="4651" /><G72/><T39/><D18/><U40/><E40/><V90/><F90/><N who="3" m="55319" /><G99/><AGARI ba="0,0" hai="17,21,23,26,27,30,52,55,88,93,99" m="17575" machi="99" ten="30,3900,0" yaku="8,1,54,2" doraHai="81" who="2" fromWho="3" sc="230,0,250,0,270,39,250,-39" /><INIT seed="2,0,0,3,4,83" ten="230,250,309,211" oya="2" hai0="28,72,103,1,120,34,102,35,8,22,57,39,9" hai1="60,84,87,55,27,129,109,99,2,118,131,98,81" hai2="119,36,114,24,73,52,68,16,108,112,128,49,50" hai3="59,30,124,74,110,96,79,37,53,90,14,101,71"/><V13/><F36/><W48/><G71/><T33/><D39/><U76/><E2/><V125/><F119/><W132/><G37/><T41/><D41/><U43/><E43/><V106/><F106/><W29/><G132/><T77/><D120/><U78/><E27/><V38/><F73/><W5/><G110/><T133/><D133/><U51/><E60/><V69/><F38/><W10/><G124/><T85/><D72/><U91/><E118/><V17/><F24/><W6/><G6/><T123/><D123/><U0/><E0/><V82/><F82/><W26/><G74/><T42/><D42/><U130/><E109/><V70/><F108/><W7/><G7/><T121/><D121/><U111/><E111/><V58/><F125/><W97/><G79/><T19/><D1/><U56/><E78/><V127/><F127/><W86/><G101/><N who="0" m="38411" /><D57/><U40/><E40/><V31/><F31/><N who="3" m="11787" /><G26/><N who="0" m="14687" /><D28/><U113/><E113/><V20/><F128/><W94/><AGARI ba="0,0" hai="5,10,14,48,53,59,86,90,94,96,97" m="11787" machi="94" ten="30,2000,0" yaku="8,1,52,1" doraHai="83" who="3" fromWho="3" sc="230,-5,250,-5,309,-10,211,20" /><INIT seed="3,0,0,0,1,47" ten="225,245,299,231" oya="3" hai0="41,120,108,109,79,37,66,64,71,15,60,130,21" hai1="83,88,29,35,0,124,92,22,80,131,104,93,52" hai2="113,68,49,125,34,11,86,50,8,26,69,106,56" hai3="77,23,3,129,114,61,7,51,4,90,100,103,36"/><W91/><G36/><T112/><D79/><U57/><E104/><V20/><F113/><W110/><G114/><T9/><D112/><U116/><E0/><V5/><F34/><W14/><G77/><T27/><D120/><U6/><E35/><V76/><F106/><W25/><G61/><T40/><D37/><U72/><E93/><V85/><F125/><W53/><G3/><T59/><D130/><U16/><E29/><V111/><F111/><N who="0" m="42570" /><D66/><U75/><E124/><V43/><F76/><W84/><G129/><T24/><D71/><U126/><E126/><V45/><F69/><W44/><G91/><T117/><D117/><U46/><E46/><N who="2" m="25823" /><F56/><W118/><G118/><T135/><D135/><U38/><E38/><V97/><F97/><W132/><G132/><T107/><D107/><U133/><E133/><V123/><F68/><W87/><G87/><N who="2" m="33289" /><F5/><N who="3" m="2123" /><G14/><T81/><D81/><N who="1" m="31307" /><E6/><V115/><F123/><W102/><G110/><T1/><D1/><U67/><E67/><V78/><F78/><W54/><G54/><T96/><D96/><N who="1" m="57351" /><E131/><V98/><F98/><W19/><G103/><T18/><D27/><N who="1" m="14791" /><E116/><V65/><F115/><W28/><G28/><AGARI ba="0,0" hai="9,15,18,21,24,28,40,41,59,60,64" m="42570" machi="28" ten="30,1000,0" yaku="14,1" doraHai="47" who="0" fromWho="3" sc="225,10,245,0,299,0,231,-10" /><INIT seed="4,0,0,4,3,123" ten="235,245,299,221" oya="0" hai0="9,74,51,26,83,119,45,35,0,124,103,104,47" hai1="100,79,10,53,49,96,106,134,73,85,98,129,17" hai2="27,12,59,113,91,90,62,92,112,107,81,2,5" hai3="93,87,125,3,71,110,86,8,42,20,64,84,75"/><T61/><D119/><U70/><E70/><V68/><F107/><W56/><G75/><T38/><D61/><U1/><E129/><V94/><F68/><W111/><G71/><T126/><D103/><U16/><E134/><V108/><F108/><W54/><G64/><T31/><D104/><U52/><E73/><V131/><F2/><W11/><G42/><N who="0" m="22743" /><D51/><U115/><E115/><N who="2" m="44107" /><F131/><W130/><G125/><N who="0" m="48235" /><D47/><U133/><E133/><V89/><F27/><W14/><G93/><N who="2" m="35945" /><F12/><W19/><G130/><T44/><D44/><U4/><E98/><V77/><F5/><W34/><G34/><T58/><D58/><U97/><E97/><V29/><F29/><W82/><G82/><T18/><D18/><U69/><E69/><V118/><F118/><W88/><G88/><T55/><D55/><U50/><E50/><V128/><F128/><W122/><G122/><T37/><D37/><U66/><E66/><N who="2" m="39263" /><F91/><W117/><G117/><T15/><D0/><U65/><E65/><V132/><F132/><W40/><G40/><T7/><D74/><AGARI ba="0,0" hai="74,77,81,89,90" m="39263,35945,44107" machi="74" ten="30,1000,0" yaku="15,1" doraHai="123" who="2" fromWho="0" sc="235,-10,245,0,299,10,221,0" owari="225,-17.5,245,4.5,309,40.9,221,-27.9" /></mjloggm>