<mjloggm ver="2.3"><GO type="225" lobby="0"/><UN n0="%E3%83%B4%E3%82%A3%E3%83%AF%E3%82%B3%E3%82%B0%E3%83%8B" n1="%E3%81%9F%E3%81%8C%E3%82%84%E3%81%99" n2="%E3%83%97%E3%83%92" n3="%70%68%65%6E%6F%6D%65" dan="16,17,16,16" rate="2150.99,2212.60,2148.49,2102.50" sx="M,M,M,M"/><TAIKYOKU oya="0"/><INIT seed="0,0,0,3,3,89" ten="250,250,250,250" oya="0" hai0="101,59,19,87,121,64,54,86,114,65,30,5,28" hai1="14,70,18,7,49,57,42,77,128,20,26,123,98" hai2="95,63,117,32,27,23,60,78,76,100,73,92,56" hai3="80,52,85,34,93,48,21,130,118,55,71,44,67"/><T9/><D114/><U79/><E70/><V116/><F32/><W6/><G118/><N who="2" m="45673" /><F100/><W51/><G34/><T124/><D121/><U108/><E123/><V110/><F110/><W96/><G130/><T2/><D124/><U38/><E38/><V75/><F78/><N who="3" m="46231" /><G71/><T22/><D101/><U25/><E128/><V31/><F60/><W69/><G69/><T107/><D107/><U91/><E108/><V125/><F125/><W74/><G74/><N who="2" m="28169" /><F76/><W15/><G67/><AGARI ba="0,0" hai="23,27,31,56,63,67,92,95" m="28169,45673" machi="67" ten="30,3900,0" yaku="12,1,52,2" doraHai="89" who="2" fromWho="3" sc="250,0,250,0,250,39,250,-39" /><INIT seed="1,0,0,5,1,99" ten="250,250,289,211" oya="1" hai0="128,53,25,58,119,55,96,5,125,120,18,35,20" hai1="7,28,29,8,98,12,115,3,60,75,105,109,135" hai2="134,38,63,69,24,122,54,132,124,97,79,52,16" hai3="32,68,103,49,73,129,11,93,46,23,70,34,51"/><U65/><E75/><V2/><F122/><W113/><G73/><T114/><D114/><U76/><E76/><V112/><F38/><W40/><G113/><T66/><D119/><U81/><E81/><V130/><F112/><W118/><G118/><T91/><D125/><U100/><E115/><V1/><F124/><W45/><G129/><T95/><D128/><U92/><E135/><N who="2" m="51755" /><F79/><W123/><G123/><T85/><D120/><U116/><E116/><V42/><F42/><W44/><G23/><T22/><D35/><U39/><E39/><V90/><F130/><W6/><G93/><T131/><D131/><U57/><E109/><V107/><F69/><W88/><G88/><T19/><D5/><U4/><REACH who="1" step="1"/><E105/><REACH who="1" ten="250,240,289,211" step="2"/><V84/><F107/><W101/><G45/><T87/><D66/><U89/><E89/><V26/><F90/><W64/><G64/><T71/><D71/><U133/><E133/><V48/><F84/><W14/><G68/><T9/><D85/><U78/><E78/><V10/><F1/><W15/><G70/><T74/><D74/><U37/><E37/><V82/><F2/><W47/><G47/><T127/><D127/><U17/><E17/><V80/><F16/><W117/><G117/><T33/><D87/><U0/><E0/><V72/><F80/><W59/><G59/><T110/><D110/><U108/><E108/><V56/><F82/><W126/><G126/><T30/><D58/><U31/><E31/><V121/><F72/><W13/><G44/><T77/><D77/><U43/><E43/><V86/><F121/><W27/><G40/><RYUUKYOKU ba="0,1" sc="250,-10,240,30,289,-10,211,-10" hai1="3,4,7,8,12,28,29,57,60,65,92,98,100" /><INIT seed="1,1,1,0,3,16" ten="240,270,279,201" oya="1" hai0="109,72,127,61,15,32,19,123,60,95,69,124,40" hai1="100,46,2,55,106,132,111,133,56,50,30,47,108" hai2="11,41,74,65,87,97,98,37,78,29,5,54,116" hai3="51,130,96,12,75,122,119,103,66,102,125,113,129"/><U134/><E2/><N who="2" m="439" /><F87/><W21/><G122/><T13/><D109/><N who="1" m="42059" /><E30/><V89/><F89/><W92/><G113/><T91/><D72/><U3/><E3/><V81/><F65/><W38/><G125/><N who="0" m="48203" /><D32/><U6/><E6/><V117/><F54/><W112/><G112/><T83/><D123/><U14/><E14/><N who="0" m="5129" /><D19/><U104/><E100/><V9/><F9/><W84/><G75/><T23/><D23/><U64/><E64/><V27/><F98/><W45/><G119/><T52/><D40/><U48/><E56/><V8/><F97/><W93/><G38/><T36/><D36/><U85/><E85/><V77/><F8/><W34/><G34/><T49/><D69/><U99/><E99/><V18/><F18/><N who="3" m="10439" /><G102/><T128/><D83/><U88/><E88/><V20/><F77/><W131/><G66/><T135/><D128/><N who="3" m="32769" /><W73/><DORA hai="57" /><G73/><T7/><D7/><U126/><E126/><V62/><F116/><W118/><G118/><T24/><D24/><U71/><E71/><V101/><F117/><W22/><G22/><T1/><D1/><U33/><E33/><V31/><F101/><W115/><G115/><T107/><D107/><U35/><E35/><V120/><F120/><W59/><G93/><T82/><D82/><U0/><E0/><V10/><F10/><W53/><G84/><N who="0" m="52711" /><D135/><N who="1" m="34563" /><U63/><DORA hai="42" /><E106/><V76/><F31/><W4/><G4/><T26/><D26/><U67/><E104/><V105/><F105/><W121/><G121/><T90/><D90/><U25/><E25/><V28/><F29/><W110/><G110/><T79/><D79/><RYUUKYOKU ba="1,1" sc="240,15,270,-15,279,-15,201,15" hai0="49,52,60,61" hai3="45,51,53,59,92,96,103" /><INIT seed="2,2,1,1,2,86" ten="255,255,264,216" oya="2" hai0="37,19,78,67,38,40,105,72,58,68,123,98,8" hai1="33,77,21,122,119,82,52,55,45,15,64,22,121" hai2="71,3,26,130,30,32,80,13,10,57,116,75,131" hai3="100,7,63,109,99,9,125,97,66,84,2,36,25"/><V132/><F116/><W104/><G109/><T93/><D123/><N who="1" m="47115" /><E33/><V34/><F71/><W6/><G125/><T43/><D68/><U54/><E119/><V12/><F57/><W124/><G124/><T53/><D105/><U76/><E64/><V120/><F75/><W41/><G7/><T115/><D115/><U28/><E77/><V127/><F80/><W102/><G25/><T44/><D72/><N who="1" m="43271" /><E28/><N who="2" m="19479" /><F127/><W46/><G84/><T110/><D110/><U128/><E128/><N who="2" m="49195" /><F120/><W114/><G114/><T42/><D78/><U0/><E0/><V60/><F60/><W113/><G113/><T39/><D67/><U73/><E73/><V87/><F87/><W49/><G63/><T94/><D44/><U85/><E85/><V88/><F132/><W79/><G66/><T74/><D74/><U48/><E15/><N who="2" m="5707" /><F30/><W56/><G79/><T92/><D98/><U69/><E69/><V90/><F34/><W62/><G62/><N who="0" m="36175" /><D19/><U16/><E16/><V81/><F81/><W101/><REACH who="3" step="1"/><G104/><REACH who="3" ten="255,255,264,206" step="2"/><T65/><D65/><U108/><E108/><V70/><F70/><W24/><G24/><T135/><D135/><U103/><E103/><V96/><F96/><W112/><G112/><T134/><D134/><U4/><E4/><AGARI ba="2,2" hai="3,4,10,88,90" m="5707,49195,19479" machi="4" ten="30,11600,0" yaku="19,1,52,2,54,1" doraHai="86" who="2" fromWho="1" sc="255,0,255,-122,264,142,206,0" /><INIT seed="2,3,0,2,3,71" ten="255,133,406,206" oya="2" hai0="126,30,128,109,5,54,81,92,56,18,9,83,110" hai1="72,51,31,67,97,3,94,4,28,134,49,23,108" hai2="107,22,88,115,42,135,64,65,34,84,2,86,26" hai3="48,52,38,0,41,73,44,120,50,105,46,119,118"/><V11/><F115/><W91/><G0/><T58/><D128/><U16/><E72/><V112/><F112/><W87/><G73/><T132/><D126/><U85/><E108/><N who="0" m="41577" /><D132/><U15/><E134/><V24/><F107/><W100/><G120/><T122/><D122/><U75/><E75/><V59/><F34/><W89/><G91/><T66/><D30/><U17/><E67/><V114/><F114/><W76/><G76/><T20/><D92/><U8/><E85/><V111/><F84/><W131/><G131/><T80/><D54/><U125/><E125/><V70/><F70/><W79/><G79/><T1/><D66/><U90/><E49/><V98/><F64/><W78/><G78/><T21/><D21/><U57/><E57/><V123/><F22/><W33/><G33/><T12/><AGARI ba="3,0" hai="1,5,9,12,18,20,56,58,80,81,83" m="41577" machi="12" ten="30,1100,0" yaku="14,1" doraHai="71" who="0" fromWho="0" sc="255,20,133,-6,406,-8,206,-6" /><INIT seed="3,0,0,0,2,45" ten="275,127,398,200" oya="3" hai0="1,31,34,72,12,127,112,121,36,134,80,130,54" hai1="3,128,26,18,100,58,117,29,42,52,67,82,56" hai2="47,19,2,48,89,125,110,133,99,7,38,37,122" hai3="39,87,4,120,9,46,8,124,101,32,49,108,76"/><W84/><G120/><T107/><D54/><U24/><E3/><V60/><F122/><W79/><G39/><T13/><D80/><U50/><E128/><V86/><F2/><W114/><G114/><T90/><D90/><U17/><E117/><V116/><F7/><W73/><G73/><T115/><D31/><U6/><E6/><V63/><F116/><W75/><G75/><T21/><D21/><U68/><E68/><V118/><F99/><W71/><G71/><T10/><D13/><U69/><E69/><V64/><F60/><W20/><G32/><T97/><D12/><U105/><E42/><V33/><F19/><W109/><G4/><T16/><D16/><N who="1" m="6251" /><E105/><V104/><F104/><W62/><G62/><T119/><D10/><N who="3" m="4201" /><G101/><T98/><D98/><U94/><E82/><V61/><F61/><W135/><G20/><T81/><D97/><N who="1" m="59447" /><E29/><V53/><F63/><AGARI ba="0,0" hai="24,26,50,52,56,58,63,67" m="59447,6251" machi="63" ten="30,7700,0" yaku="8,1,52,1,54,2" doraHai="45" who="1" fromWho="2" sc="275,0,127,77,398,-77,200,0" owari="275,7.5,204,-19.6,321,42.1,200,-30.0" /></mjloggm>