<mjloggm ver="2.3"><GO type="225" lobby="0"/><UN n0="%E6%9C%AA%E6%9D%A5%E5%B0%91%E5%B9%B4" n1="%6B%79%6F%6E%6B%6F%31%31" n2="%74%61%6B%75%61%6B%61" n3="%E3%81%95%E3%81%8D%E3%81%9F%E3%81%BE%E6%9E%97%E6%AA%8E" dan="16,17,17,16" rate="2161.78,2208.09,2266.73,2114.27" sx="M,M,M,M"/><TAIKYOKU oya="0"/><INIT seed="0,0,0,1,3,35" ten="250,250,250,250" oya="0" hai0="75,68,134,8,11,51,34,27,103,31,71,58,121" hai1="44,89,5,135,73,77,32,81,114,92,28,102,16" hai2="4,55,1,118,26,2,66,23,14,84,109,93,54" hai3="6,96,70,132,117,104,80,129,61,39,106,97,52"/><T79/><D121/><U59/><E135/><V69/><F109/><W57/><G132/><T33/><D134/><U45/><E114/><V40/><F118/><W38/><G129/><T83/><D34/><U60/><E102/><V47/><F69/><W88/><G117/><T95/><D71/><U41/><E5/><V131/><F66/><W87/><G70/><T119/><D68/><U19/><E28/><V112/><F112/><W124/><G124/><T127/><D127/><U63/><E63/><V64/><F64/><W10/><G97/><T18/><D18/><U7/><E7/><V78/><F55/><W122/><G122/><T12/><D12/><U100/><E100/><V115/><F54/><W0/><REACH who="3" step="1"/><G96/><REACH who="3" ten="250,250,250,240" step="2"/><T110/><D119/><U49/><E32/><V56/><F131/><W94/><G94/><T22/><D33/><U62/><E62/><V3/><F93/><W82/><G82/><T13/><D95/><U21/><E60/><V85/><F115/><W9/><G9/><T120/><D11/><U90/><E92/><V98/><F98/><W99/><G99/><T29/><D120/><U116/><E116/><V111/><F111/><W65/><G65/><T72/><D110/><U107/><E81/><V108/><F108/><W46/><G46/><T101/><D83/><U76/><E45/><V86/><F47/><W20/><G20/><T133/><D133/><U30/><E44/><V128/><F128/><W105/><AGARI ba="0,1" hai="0,6,10,38,39,52,57,61,80,87,88,104,105,106" machi="105" ten="30,8000,1" yaku="1,1,0,1,52,1,54,2,53,0" doraHai="35" doraHaiUra="42" who="3" fromWho="3" sc="250,-40,250,-20,250,-20,240,90" /><INIT seed="1,0,0,2,1,102" ten="210,230,230,330" oya="1" hai0="117,54,34,100,7,89,38,119,107,104,80,22,72" hai1="41,88,44,55,133,78,98,49,77,16,68,82,71" hai2="32,97,27,64,61,110,86,105,116,37,8,114,45" hai3="81,135,25,69,87,94,131,11,3,65,20,10,130"/><U43/><E133/><V70/><F116/><W1/><G135/><T29/><D34/><U21/><E71/><V73/><F86/><W121/><G121/><T17/><D38/><U5/><E68/><V67/><F67/><W76/><G94/><T6/><D29/><U53/><E5/><V36/><F110/><W24/><G65/><T127/><D127/><U74/><E55/><V91/><F91/><W118/><G69/><T111/><D111/><U0/><E0/><V132/><F132/><W47/><G47/><T108/><D108/><U84/><E98/><V18/><F114/><W122/><G122/><T33/><D33/><U60/><E60/><V62/><F62/><W63/><G63/><T26/><D54/><U15/><REACH who="1" step="1"/><E78/><REACH who="1" ten="210,220,230,330" step="2"/><V23/><F61/><W46/><G1/><T90/><D6/><U83/><AGARI ba="0,1" hai="15,16,21,41,43,44,49,53,74,77,82,83,84,88" machi="83" ten="20,18000,2" yaku="1,1,2,1,0,1,7,1,54,2,53,1" doraHai="102" doraHaiUra="75" who="1" fromWho="1" sc="210,-60,220,190,230,-60,330,-60" /><INIT seed="1,1,0,0,0,78" ten="150,410,170,270" oya="1" hai0="130,60,18,4,101,110,69,32,80,91,135,84,75" hai1="132,11,29,120,71,85,123,38,72,122,76,87,12" hai2="13,33,50,63,115,19,20,10,128,9,46,40,131" hai3="17,64,96,118,133,49,108,93,121,36,106,126,70"/><U53/><E71/><V88/><F115/><W44/><G108/><T42/><D32/><U30/><E38/><V111/><F111/><W74/><G106/><T90/><D110/><U116/><E116/><V16/><F33/><W43/><G74/><T47/><D75/><U82/><E132/><V28/><F28/><W89/><G126/><T127/><D127/><U94/><E53/><V77/><F77/><W68/><G133/><T81/><D135/><U52/><E87/><V41/><F41/><W2/><G2/><T54/><D130/><N who="2" m="49706" /><F63/><W97/><G121/><T59/><D101/><U124/><E124/><V129/><N who="2" m="49714" /><V0/><DORA hai="37" /><F0/><W65/><G118/><T113/><D113/><U117/><E117/><V57/><F57/><W105/><G70/><T112/><D112/><U31/><E94/><V35/><F35/><W99/><G68/><T95/><D69/><U104/><E104/><V92/><F19/><W5/><G105/><T107/><D107/><U45/><E72/><V1/><F1/><W102/><G36/><T23/><D4/><U98/><E98/><AGARI ba="1,0" hai="9,10,13,16,20,40,46,50,88,92,98" m="49714" machi="98" ten="40,8000,1" yaku="19,1,52,1,54,2" doraHai="78,37" who="2" fromWho="1" sc="150,0,410,-83,170,83,270,0" /><INIT seed="2,0,0,2,1,46" ten="150,327,253,270" oya="2" hai0="21,104,47,2,118,32,99,54,62,86,15,76,61" hai1="71,43,16,24,41,30,69,51,130,84,122,23,102" hai2="112,45,67,33,125,53,87,123,110,73,120,82,115" hai3="92,11,91,63,26,133,4,81,5,68,117,111,9"/><V98/><F33/><W107/><G111/><T134/><D134/><U49/><E71/><V12/><F12/><W60/><G133/><T1/><D118/><U75/><E75/><V113/><F67/><W58/><G107/><T83/><D32/><U59/><E69/><V0/><F0/><W14/><G117/><T103/><D62/><U74/><E74/><V20/><F20/><W135/><G135/><T79/><D79/><U131/><E102/><V95/><F45/><W109/><G109/><T38/><D38/><U34/><E84/><V90/><F53/><W72/><G68/><T6/><D6/><U13/><E122/><N who="2" m="46635" /><F110/><W105/><G105/><T39/><D39/><U28/><E28/><V64/><F64/><W97/><G26/><T55/><D55/><U42/><REACH who="1" step="1"/><E59/><REACH who="1" ten="150,317,253,270" step="2"/><V57/><F57/><W70/><G70/><T100/><D100/><U126/><E126/><V37/><F125/><W94/><G72/><T85/><D86/><U31/><E31/><V36/><F73/><W93/><G58/><T40/><D61/><U108/><E108/><V101/><F101/><W80/><G63/><T10/><D85/><U89/><E89/><V8/><F87/><W56/><G56/><T35/><D103/><U114/><E114/><V50/><F112/><W121/><G60/><T119/><D119/><U88/><E88/><V17/><F115/><W128/><G121/><T19/><D76/><U106/><E106/><V78/><F113/><W124/><G124/><T66/><D104/><U48/><AGARI ba="0,1" hai="13,16,23,24,30,34,41,42,43,48,49,51,130,131" machi="48" ten="40,12000,2" yaku="1,1,0,1,52,3,54,1,53,0" doraHai="46" doraHaiUra="65" who="1" fromWho="1" sc="150,-30,317,130,253,-60,270,-30" /><INIT seed="3,0,0,1,1,47" ten="120,447,193,240" oya="3" hai0="88,121,48,128,119,65,72,14,113,36,85,108,20" hai1="25,45,46,35,11,24,100,114,84,9,117,111,4" hai2="64,49,70,104,132,43,69,67,135,32,127,31,74" hai3="129,12,107,15,34,41,29,103,58,60,98,81,5"/><W56/><G129/><T99/><D119/><U21/><E111/><V22/><F32/><W76/><G34/><T50/><D121/><U130/><E114/><V116/><F74/><W71/><G29/><T55/><D72/><U97/><E117/><V123/><F104/><W134/><G134/><N who="2" m="51241" /><F31/><W68/><G41/><T78/><D36/><U77/><E84/><V6/><F6/><W8/><G12/><T79/><D108/><U91/><E91/><V44/><F22/><W102/><G102/><T126/><D128/><U87/><E46/><V59/><F116/><W54/><G56/><T39/><D39/><U125/><E24/><V92/><F92/><W118/><G118/><T40/><D126/><U27/><E27/><V122/><F59/><W109/><G109/><T7/><D113/><U19/><E11/><V38/><F38/><W51/><G60/><T23/><D65/><N who="2" m="25162" /><F127/><W57/><G57/><N who="0" m="32999" /><D99/><U33/><E125/><V110/><F110/><W89/><G89/><T115/><D115/><U61/><E61/><V62/><F62/><W3/><G3/><T13/><D20/><U28/><E28/><V105/><F105/><W86/><AGARI ba="0,0" hai="5,8,15,51,54,58,68,71,76,81,86,98,103,107" machi="86" ten="20,3900,0" yaku="0,1,7,1,52,1" doraHai="47" who="3" fromWho="3" sc="120,-13,447,-13,193,-13,240,39" /><INIT seed="3,1,0,0,2,97" ten="107,434,180,279" oya="3" hai0="71,14,44,2,87,38,31,111,68,103,41,13,24" hai1="25,10,27,30,63,85,107,86,51,60,125,28,117" hai2="47,123,130,95,106,12,118,8,126,42,45,46,36" hai3="116,58,109,39,91,90,66,69,67,59,35,48,75"/><W22/><G116/><T133/><D111/><U81/><E107/><V105/><F118/><W88/><G75/><T132/><D2/><U102/><E102/><V0/><F0/><W92/><G35/><T89/><D14/><U93/><E125/><V82/><F126/><W53/><G39/><T77/><D77/><U64/><E117/><V83/><F130/><W79/><G79/><T70/><D13/><U19/><E51/><V134/><F134/><W114/><G114/><T113/><D113/><U62/><E64/><V104/><F123/><W20/><G69/><T43/><D43/><U16/><E10/><V40/><F95/><W37/><G37/><T5/><D5/><U18/><E93/><V96/><F96/><W110/><G92/><T56/><D56/><N who="3" m="21545" /><G53/><T7/><D7/><U11/><E11/><V100/><F36/><W26/><G48/><T15/><D15/><U76/><E86/><V4/><REACH who="2" step="1"/><F100/><REACH who="2" ten="107,434,170,279" step="2"/><W52/><G110/><T98/><D133/><U74/><E74/><V112/><F112/><W6/><G109/><T131/><D131/><U65/><E65/><V32/><F32/><W120/><G120/><T122/><D122/><U73/><E73/><V94/><F94/><W54/><G67/><T34/><D132/><U57/><E57/><V49/><F49/><W61/><G66/><T21/><D34/><U23/><E23/><V121/><F121/><W72/><G22/><T108/><D108/><U135/><E135/><V78/><F78/><W129/><G20/><T127/><D127/><U50/><E50/><V99/><F99/><W119/><G129/><RYUUKYOKU ba="1,1" sc="107,-15,434,15,170,15,279,-15" hai1="16,18,19,25,27,28,30,60,62,63,76,81,85" hai2="4,8,12,40,42,45,46,47,82,83,104,105,106" owari="92,-40.8,459,55.9,185,-21.5,264,6.4" /></mjloggm>