<mjloggm ver="2.3"><GO type="225" lobby="0"/><UN n0="%E3%83%89%E3%83%A9%E3%81%8F%E3%82%8C" n1="%E3%81%99%E3%81%84%E3%81%BE%E3%81%9B%E3%83%BC%E3%82%93" n2="%E3%81%B5%E3%81%98%E3%81%8B%E3%81%A4" n3="%E3%81%AF%E3%82%88%E3%81%8A%E3%81%98%E3%81%95%E3%82%93" dan="16,18,16,17" rate="2172.99,2177.86,2170.15,2190.70" sx="M,M,M,M"/><TAIKYOKU oya="0"/><INIT seed="0,0,0,0,5,116" ten="250,250,250,250" oya="0" hai0="49,43,103,23,113,3,60,131,20,126,7,52,27" hai1="73,68,117,102,130,56,123,120,115,16,97,93,91" hai2="77,65,63,28,14,95,104,67,13,45,25,35,78" hai3="118,26,38,127,133,69,81,79,11,24,119,18,58"/><T39/><D113/><U44/><E68/><V94/><F104/><W105/><G69/><T5/><D131/><U125/><E117/><V22/><F45/><W83/><G105/><T84/><D126/><U132/><E73/><V85/><F67/><W92/><G38/><T33/><D103/><U96/><E130/><V80/><F77/><W106/><G106/><T122/><D122/><U40/><E125/><V59/><F35/><W48/><G127/><T90/><D60/><U101/><E132/><V12/><AGARI ba="0,0" hai="12,13,14,22,25,28,59,63,65,78,80,85,94,95" machi="12" ten="30,2000,0" yaku="0,1,8,1" doraHai="116" who="2" fromWho="2" sc="250,-10,250,-5,250,20,250,-5" /><INIT seed="1,0,0,0,3,73" ten="240,245,270,245" oya="1" hai0="62,76,102,74,111,39,27,130,112,10,58,16,94" hai1="65,20,52,117,42,4,48,18,51,98,106,135,110" hai2="75,70,107,122,24,8,113,33,125,13,47,124,90" hai3="29,67,101,66,23,34,132,116,83,26,31,104,71"/><U123/><E117/><V109/><F122/><W72/><G116/><T69/><D112/><U36/><E123/><V0/><F113/><W119/><G132/><T115/><D115/><U50/><E135/><V32/><F107/><W134/><G134/><T35/><D130/><U49/><E110/><V103/><F70/><W17/><G119/><T129/><D129/><U121/><E121/><V108/><F75/><W79/><G71/><T61/><D111/><N who="2" m="42570" /><F103/><W5/><G5/><T91/><D39/><U53/><E65/><V25/><F47/><W88/><G29/><T92/><D69/><U1/><E36/><V60/><F0/><W86/><G101/><T21/><D35/><N who="2" m="13386" /><F90/><W30/><G104/><T93/><D102/><U38/><E38/><V43/><F60/><W97/><G97/><T2/><D91/><U128/><E128/><V55/><F55/><W82/><REACH who="3" step="1"/><G30/><REACH who="3" ten="240,245,270,235" step="2"/><T14/><D2/><U120/><E120/><V78/><F43/><W28/><G28/><T45/><D45/><N who="1" m="25655" /><E98/><V89/><F125/><W118/><G118/><T22/><D58/><U15/><E106/><V57/><F57/><W99/><G99/><T7/><REACH who="0" step="1"/><D22/><REACH who="0" ten="230,245,270,235" step="2"/><U77/><E1/><V127/><F127/><W133/><G133/><T3/><D3/><U80/><E4/><V37/><F124/><W81/><G81/><AGARI ba="0,2" hai="7,10,14,16,21,27,61,62,74,76,81,92,93,94" machi="81" ten="40,5200,0" yaku="1,1,52,1,54,1,53,0" doraHai="73" doraHaiUra="63" who="0" fromWho="3" sc="230,72,245,0,270,0,235,-52" /><INIT seed="2,0,0,3,0,76" ten="302,245,270,183" oya="2" hai0="84,57,88,68,12,108,6,85,95,27,132,10,78" hai1="44,107,42,61,33,40,23,5,113,75,74,102,121" hai2="72,94,58,13,54,51,25,47,46,89,14,80,116" hai3="41,52,120,103,24,99,38,16,2,17,105,128,28"/><V106/><F116/><W71/><G120/><T39/><D108/><U130/><E33/><V64/><F106/><W122/><G122/><T36/><D132/><U59/><E113/><V7/><F25/><W26/><G128/><T65/><D68/><U69/><E69/><V73/><F73/><W129/><G129/><T66/><D36/><U9/><E130/><V81/><F72/><W30/><G2/><T19/><D39/><U131/><E121/><V92/><F92/><W82/><G71/><T125/><D125/><U43/><E44/><N who="2" m="16939" /><F64/><N who="0" m="24682" /><D57/><U32/><E32/><V62/><F62/><W0/><G0/><T18/><D27/><U60/><E131/><V104/><F104/><W135/><G135/><T48/><D48/><U50/><E50/><V117/><F117/><W115/><G115/><T56/><D56/><U22/><E59/><V101/><F101/><W90/><G38/><T98/><D98/><N who="1" m="61911" /><E75/><V20/><F20/><N who="1" m="7721" /><E74/><V49/><F49/><W91/><G41/><T109/><D109/><U31/><E31/><V123/><F123/><W70/><G70/><T15/><D15/><N who="2" m="5642" /><F7/><W79/><G30/><T83/><AGARI ba="0,0" hai="6,10,12,18,19,78,83,84,85,88,95" m="24682" machi="83" ten="30,4000,0" yaku="8,1,52,1,54,1" doraHai="76" who="0" fromWho="0" sc="302,40,245,-10,270,-20,183,-10" /><INIT seed="3,0,0,0,0,28" ten="342,235,250,173" oya="3" hai0="85,122,130,33,112,92,80,16,91,68,1,124,109" hai1="59,41,77,13,11,2,4,36,46,49,43,97,7" hai2="45,127,25,60,66,129,110,26,106,6,121,55,117" hai3="135,21,35,83,54,31,8,71,69,12,131,34,47"/><W62/><G131/><T132/><RYUUKYOKU type="yao9" ba="0,0" sc="342,0,235,0,250,0,173,0" hai0="1,16,33,68,80,85,91,92,109,112,122,124,130,132" /><INIT seed="3,1,0,2,4,1" ten="342,235,250,173" oya="3" hai0="22,121,64,51,0,61,110,69,119,87,100,92,38" hai1="104,60,66,27,3,81,43,111,15,114,47,65,16" hai2="8,108,13,89,6,30,18,33,56,2,93,21,57" hai3="126,68,101,5,25,94,10,7,11,55,133,78,98"/><W79/><G68/><T49/><D119/><U85/><E3/><V112/><F108/><W54/><G126/><T99/><D121/><U107/><E114/><V91/><F112/><W113/><G113/><T75/><D75/><U50/><E27/><N who="2" m="18655" /><F89/><W125/><G133/><T35/><D35/><U83/><E111/><V103/><F103/><W123/><G123/><T82/><D38/><U48/><E48/><V29/><F29/><W59/><G125/><T74/><D110/><U97/><E97/><AGARI ba="1,0" hai="2,6,8,13,18,21,56,57,91,93,97" m="18655" machi="97" ten="30,2000,0" yaku="24,1,52,1" doraHai="1" who="2" fromWho="1" sc="342,0,235,-23,250,23,173,0" owari="342,44.2,212,-18.8,273,7.3,173,-32.7" /></mjloggm>