<mjloggm ver="2.3"><GO type="225" lobby="0"/><UN n0="%33%74%72%65%65" n1="%E3%82%BC%E3%83%AB%E3%83%80%E3%81%AE%E4%BC%9D%E8%AA%AC" n2="%E3%82%A2%E3%83%A1%E3%82%A2%E3%83%A9%E3%83%AC" n3="%E3%83%A1%E3%82%AC%E3%83%87%E3%82%B8" dan="16,18,16,16" rate="2166.06,2206.80,2046.55,2060.44" sx="F,M,M,F"/><TAIKYOKU oya="0"/><INIT seed="0,0,0,5,2,22" ten="250,250,250,250" oya="0" hai0="52,74,131,8,24,96,14,20,31,0,66,86,33" hai1="42,68,113,115,93,58,5,71,101,69,126,9,76" hai2="59,98,51,84,44,89,64,38,106,133,56,79,10" hai3="83,48,43,78,94,123,18,108,16,6,46,92,39"/><T13/><D74/><U41/><E76/><V23/><F133/><W130/><G108/><T104/><D131/><U90/><E101/><V67/><F38/><W49/><G130/><T37/><D37/><U120/><E120/><V135/><F135/><W82/><G123/><T11/><D66/><U112/><E58/><V1/><F79/><W32/><G32/><T3/><D86/><N who="1" m="52439" /><E126/><V4/><F67/><W54/><G6/><T105/><D105/><U72/><E72/><V63/><F23/><W61/><G61/><T21/><D96/><U128/><E128/><V12/><F98/><W26/><G39/><T27/><D104/><U45/><E45/><V55/><F106/><W97/><G94/><T19/><D52/><U70/><N who="1" m="17408" /><DORA hai="36" /><U73/><E73/><V111/><F111/><W62/><G62/><T53/><D53/><U29/><E29/><V35/><F35/><W102/><G26/><T95/><D95/><U28/><E28/><V2/><REACH who="2" step="1"/><F44/><REACH who="2" ten="250,250,240,250" step="2"/><N who="3" m="27943" /><G78/><T85/><D85/><U117/><E117/><V91/><F91/><W47/><G47/><T77/><D77/><U122/><E122/><V57/><F57/><W114/><G46/><T118/><D118/><U80/><E80/><AGARI ba="0,1" hai="1,2,4,10,12,51,55,56,59,63,64,80,84,89" machi="80" ten="30,2000,0" yaku="1,1,7,1,53,0" doraHai="22,36" doraHaiUra="125,110" who="2" fromWho="1" sc="250,0,250,-20,240,30,250,0" /><INIT seed="1,0,0,1,1,15" ten="250,230,270,250" oya="1" hai0="43,11,82,51,120,59,111,67,83,90,124,66,133" hai1="112,69,31,99,23,116,62,5,85,109,123,64,73" hai2="104,53,101,135,113,125,134,81,105,4,6,38,102" hai3="76,127,78,1,36,2,117,25,41,27,20,33,60"/><U30/><E73/><V130/><F38/><W72/><G127/><T55/><D124/><U68/><E112/><V106/><F125/><W17/><G117/><T8/><D111/><U126/><E126/><V108/><F108/><W121/><G121/><T40/><D120/><U132/><E123/><V119/><F119/><W107/><G107/><T12/><D133/><N who="2" m="50698" /><F113/><W89/><G41/><N who="0" m="15947" /><D8/><U56/><E116/><V118/><F118/><W103/><G36/><T10/><D10/><U44/><E5/><N who="2" m="2155" /><F130/><W3/><G103/><N who="2" m="39433" /><F53/><W19/><G72/><T61/><D90/><U57/><E109/><V32/><F81/><N who="0" m="30730" /><D61/><U84/><E62/><V115/><F115/><W77/><G60/><T129/><D129/><U14/><E132/><V122/><F122/><W70/><G89/><T58/><D58/><U39/><E57/><V35/><AGARI ba="0,0" hai="32,35,104,105,106" m="39433,2155,50698" machi="35" ten="40,5200,0" yaku="28,2,20,1" doraHai="15" who="2" fromWho="2" sc="250,-13,230,-26,270,52,250,-13" /><INIT seed="2,0,0,0,0,57" ten="237,204,322,237" oya="2" hai0="79,125,101,66,77,19,51,8,74,134,78,69,3" hai1="24,31,53,30,62,92,124,102,27,40,123,68,10" hai2="54,85,126,65,26,34,56,49,108,107,46,6,71" hai3="117,21,84,132,43,106,15,67,122,90,42,127,9"/><V112/><F112/><W80/><G117/><T44/><D134/><U17/><E124/><V72/><F72/><W35/><G122/><T104/><D125/><U105/><E105/><V135/><F107/><W13/><G35/><T20/><D74/><U130/><E130/><V75/><F75/><W12/><G106/><T29/><D29/><N who="1" m="10763" /><E68/><V38/><F6/><W52/><G127/><T1/><D8/><U82/><E40/><N who="3" m="15402" /><G67/><T32/><D32/><U88/><E123/><V76/><F26/><N who="1" m="9769" /><E82/><V25/><F25/><W37/><G21/><T2/><D69/><U36/><E36/><V94/><F34/><W95/><G37/><T45/><D104/><U48/><E102/><V23/><F38/><W0/><G0/><T73/><D101/><U64/><E64/><V97/><F65/><W16/><G132/><T47/><D73/><U129/><E129/><V96/><F135/><W59/><G80/><T98/><D66/><U4/><E4/><V109/><F126/><W111/><G111/><T103/><D2/><U81/><E81/><V113/><F71/><W58/><G58/><T114/><D1/><U33/><E33/><V61/><F109/><W89/><G89/><T18/><D3/><U39/><E39/><V83/><F83/><W100/><G100/><T121/><D121/><U41/><E41/><V63/><F108/><W14/><G14/><T5/><D103/><U133/><E133/><V50/><F56/><W93/><G93/><T7/><D45/><N who="1" m="27791" /><E62/><AGARI ba="0,0" hai="9,12,13,15,16,52,59,62,84,90,95" m="15402" machi="62" ten="30,7700,0" yaku="8,1,52,1,54,2" doraHai="57" who="3" fromWho="1" sc="237,0,204,-77,322,0,237,77" /><INIT seed="3,0,0,5,3,6" ten="237,127,322,314" oya="3" hai0="93,70,63,98,83,3,85,50,23,1,100,65,127" hai1="87,47,41,62,120,0,31,125,134,117,59,110,43" hai2="56,78,20,46,54,66,32,24,131,68,53,109,17" hai3="40,71,124,8,102,77,75,34,12,27,132,44,108"/><W121/><G121/><T15/><D127/><U13/><E0/><V55/><F109/><W90/><G71/><T37/><D37/><U122/><E31/><V92/><F131/><W135/><G124/><T69/><D69/><U28/><E125/><V112/><F112/><W115/><G115/><T104/><D104/><U38/><E28/><V99/><F32/><W11/><G108/><T16/><REACH who="0" step="1"/><D50/><REACH who="0" ten="227,127,322,314" step="2"/><U51/><E110/><V14/><F68/><W84/><G135/><T126/><D126/><U91/><E134/><V94/><F46/><W18/><G132/><T58/><D58/><U52/><E117/><V133/><F56/><W114/><G114/><T129/><D129/><U96/><E96/><V67/><F99/><W2/><G102/><T86/><D86/><U113/><E113/><V130/><F130/><W4/><G75/><T57/><D57/><U60/><E38/><V25/><F133/><W107/><G107/><T95/><D95/><U79/><E79/><AGARI ba="0,1" hai="1,3,15,16,23,63,65,70,79,83,85,93,98,100" machi="79" ten="30,3900,0" yaku="1,1,7,1,54,1,53,0" doraHai="6" doraHaiUra="5" who="0" fromWho="1" sc="227,49,127,-39,322,0,314,0" owari="276,-12.4,88,-41.2,322,42.2,314,11.4" /></mjloggm>