<mjloggm ver="2.3"><GO type="225" lobby="0"/><UN n0="%54%4F%52" n1="%33%74%72%65%65" n2="%E5%A4%9C%E3%81%AE%E3%82%AC%E3%82%B9%E3%83%91%E3%83%BC%E3%83%AB" n3="%48%61%61%61%6C%61%6E%64" dan="17,16,17,18" rate="2179.95,2107.35,2227.35,2155.77" sx="M,F,M,M"/><TAIKYOKU oya="0"/><INIT seed="0,0,0,5,2,98" ten="250,250,250,250" oya="0" hai0="72,110,18,10,122,34,126,59,20,125,119,78,135" hai1="61,70,109,48,77,49,53,17,5,90,107,115,94" hai2="66,0,114,106,105,46,57,130,89,129,45,84,30" hai3="82,19,37,11,24,83,9,97,12,22,3,108,51"/><T47/><D119/><U7/><E109/><V117/><F114/><W60/><G37/><T63/><D122/><U39/><E39/><V120/><F120/><W85/><G108/><T2/><D110/><U29/><E115/><V96/><F0/><W67/><G51/><T44/><D34/><U55/><E107/><V100/><F106/><W81/><G3/><T75/><D135/><U13/><E29/><V8/><F117/><W134/><G134/><T95/><D95/><U128/><E77/><V6/><F30/><W101/><G85/><T35/><D35/><U14/><E128/><N who="2" m="49259" /><F8/><W40/><G40/><T64/><D10/><N who="1" m="6327" /><E70/><V23/><F23/><W33/><G33/><T43/><D2/><U38/><E38/><V111/><F6/><N who="1" m="2057" /><E14/><V93/><F111/><W58/><REACH who="3" step="1"/><G12/><REACH who="3" ten="250,250,250,240" step="2"/><N who="0" m="9287" /><D43/><U87/><E61/><AGARI ba="0,1" hai="45,46,57,61,66,84,89,93,96,100,105" m="49259" machi="61" ten="30,2000,0" yaku="19,1,52,1" doraHai="98" who="2" fromWho="1" sc="250,0,250,-20,250,30,240,0" /><INIT seed="1,0,0,4,0,31" ten="250,230,280,240" oya="1" hai0="11,127,105,106,71,19,115,117,135,100,122,93,84" hai1="99,88,75,103,47,72,38,34,131,0,28,46,79" hai2="76,77,110,124,130,52,114,35,63,62,5,125,51" hai3="49,96,123,23,29,7,41,82,50,24,16,39,94"/><U121/><E121/><V3/><F110/><W26/><G123/><T101/><D71/><U22/><E131/><V68/><F130/><W89/><G7/><T25/><D122/><U86/><E0/><V91/><F114/><W36/><G82/><T18/><D115/><U14/><E34/><V111/><F111/><W45/><REACH who="3" step="1"/><G39/><REACH who="3" ten="250,230,280,230" step="2"/><T12/><D117/><U13/><E38/><V10/><F5/><W78/><G78/><T81/><D81/><N who="1" m="49231" /><E79/><V107/><F77/><W66/><G66/><T113/><D113/><U97/><E75/><V69/><F76/><W128/><G128/><T17/><D135/><U54/><E72/><V67/><F67/><W132/><G132/><T42/><D127/><U87/><E87/><V1/><F124/><W8/><G8/><T15/><D84/><U95/><E97/><V61/><F125/><W6/><G6/><T20/><D11/><U9/><E9/><V30/><F10/><W21/><AGARI ba="0,1" hai="16,21,23,24,26,29,36,41,45,49,50,89,94,96" machi="21" ten="20,5200,0" yaku="1,1,0,1,7,1,54,1,53,0" doraHai="31" doraHaiUra="129" who="3" fromWho="3" sc="250,-13,230,-26,280,-13,230,62" /><INIT seed="2,0,0,1,0,1" ten="237,204,267,292" oya="2" hai0="4,64,42,49,3,52,106,104,54,124,83,119,120" hai1="7,92,89,36,53,57,130,74,105,67,56,13,91" hai2="24,10,27,75,22,62,51,132,129,18,26,93,58" hai3="109,103,50,116,73,107,47,68,59,115,17,94,122"/><V48/><F75/><W0/><G68/><T100/><D120/><U70/><E105/><V44/><F129/><W95/><G122/><T5/><D3/><U108/><E130/><V12/><F132/><W11/><G116/><T35/><D35/><U32/><E108/><V43/><F51/><W33/><G33/><T118/><D124/><U65/><E36/><V38/><F38/><W125/><G73/><T60/><D42/><U72/><E32/><V16/><REACH who="2" step="1"/><F93/><REACH who="2" ten="237,204,257,292" step="2"/><W8/><G94/><T126/><D106/><U37/><E37/><V114/><F114/><W110/><G107/><T23/><D49/><U133/><E133/><V30/><F30/><W123/><G115/><T78/><D126/><U40/><E92/><V39/><F39/><W111/><G125/><T85/><D118/><U84/><E74/><V31/><F31/><W79/><G123/><T121/><D119/><U76/><E72/><V81/><F81/><W98/><G50/><T15/><D121/><U45/><E40/><V20/><F20/><W99/><G95/><T101/><D104/><U6/><E45/><V66/><AGARI ba="0,1" hai="10,12,16,18,22,24,26,27,43,44,48,58,62,66" machi="66" ten="20,18000,2" yaku="1,1,0,1,7,1,8,1,54,1,53,1" doraHai="1" doraHaiUra="46" who="2" fromWho="2" sc="237,-60,204,-60,257,190,292,-60" /><INIT seed="2,1,0,1,0,100" ten="177,144,447,232" oya="2" hai0="56,42,134,59,8,26,72,94,98,2,32,12,91" hai1="25,73,37,87,99,120,122,111,89,55,16,52,7" hai2="60,126,80,11,124,63,107,62,71,46,133,82,54" hai3="38,97,79,95,43,77,61,70,31,20,96,102,132"/><V75/><F133/><W13/><G132/><T18/><D134/><U36/><E73/><V112/><F112/><W81/><G38/><N who="1" m="14954" /><E99/><V101/><F71/><W125/><G43/><T5/><D72/><U1/><E7/><V50/><F11/><W110/><G110/><T105/><D42/><U118/><E1/><V106/><F101/><W104/><G125/><N who="2" m="48233" /><F82/><W48/><G48/><T88/><D105/><U17/><E118/><V0/><F0/><W114/><G114/><T131/><D131/><U103/><E103/><V65/><F65/><W57/><G70/><T123/><D123/><N who="1" m="47147" /><E111/><V45/><F45/><W64/><G104/><T86/><D32/><U34/><E34/><V117/><F117/><W15/><G102/><T74/><D74/><U51/><E25/><V69/><F69/><W21/><G13/><T27/><D27/><U29/><E29/><V3/><F3/><W135/><G15/><T90/><D26/><U121/><N who="1" m="47155" /><U41/><DORA hai="30" /><E41/><V128/><F128/><W113/><G31/><T14/><D2/><U119/><E119/><V49/><F107/><W67/><G135/><T116/><D116/><U24/><E24/><V127/><F106/><W109/><G109/><T19/><D5/><U10/><E10/><V9/><F9/><W85/><G113/><T53/><D98/><U66/><E66/><V115/><F127/><W6/><G64/><T39/><D39/><U84/><E55/><V92/><F115/><W78/><G6/><T22/><D59/><N who="1" m="33183" /><E87/><V35/><F35/><W129/><G96/><T44/><D44/><U68/><E68/><RYUUKYOKU ba="1,0" sc="177,15,144,15,447,-15,232,-15" hai0="8,12,14,18,19,22,53,56,86,88,90,91,94" hai1="16,17,84,89" /><INIT seed="3,2,0,2,0,73" ten="192,159,432,217" oya="3" hai0="7,62,77,100,44,24,32,11,41,70,78,79,48" hai1="98,101,69,30,3,87,12,27,119,22,111,57,126" hai2="103,20,43,23,31,75,109,55,76,42,72,106,65" hai3="116,61,132,135,8,52,124,56,94,19,28,89,127"/><W131/><G116/><T104/><D104/><U29/><E69/><V38/><F109/><W26/><G131/><T50/><D100/><U129/><E3/><V115/><F115/><W84/><G19/><T36/><D70/><U63/><E129/><V82/><F65/><W13/><G13/><T91/><D62/><U130/><E130/><V2/><F2/><W74/><G74/><T133/><D133/><N who="3" m="51273" /><G8/><T105/><D105/><U40/><E111/><V25/><F75/><W58/><G56/><T37/><D37/><U128/><E128/><V14/><F38/><W9/><G9/><T121/><D121/><U112/><E112/><V67/><F67/><W80/><G94/><T47/><D91/><U114/><E114/><V88/><F88/><W97/><G97/><T122/><D122/><U18/><E119/><V107/><F103/><W39/><G39/><T92/><D92/><U0/><E0/><V6/><F106/><W4/><G4/><T108/><D108/><U71/><E71/><V21/><F107/><W96/><G96/><T33/><D36/><U66/><E126/><V102/><F102/><W125/><G125/><T118/><D24/><U53/><E87/><V93/><F93/><W59/><G59/><T95/><D95/><N who="1" m="58591" /><E40/><V1/><F1/><W16/><G127/><T83/><D83/><U46/><E27/><V120/><F120/><W85/><G124/><T123/><D123/><U35/><E35/><V51/><F6/><W60/><G80/><T10/><D118/><U54/><E66/><V64/><F14/><W34/><G26/><T86/><D86/><RYUUKYOKU ba="2,0" sc="192,-10,159,30,432,-10,217,-10" hai1="12,18,22,29,30,46,53,54,57,63" owari="182,-31.8,189,-21.1,422,52.2,207,0.7" /></mjloggm>