<mjloggm ver="2.3"><GO type="225" lobby="0"/><UN n0="%E5%A4%8F%E9%88%B4%E9%88%B4%E5%A4%8F" n1="%E8%B6%85%E7%B4%9A%E9%B3%B3%E5%87%B0" n2="%E3%81%AF%E3%82%88%E3%81%8A%E3%81%98%E3%81%95%E3%82%93" n3="%73%6C%69%63%6B%33%31%39" dan="16,16,17,16" rate="2137.59,2130.23,2211.37,2075.46" sx="M,M,M,M"/><TAIKYOKU oya="0"/><INIT seed="0,0,0,2,5,37" ten="250,250,250,250" oya="0" hai0="21,4,20,102,7,89,107,81,70,68,42,24,127" hai1="65,36,88,109,2,106,23,59,117,15,14,51,116" hai2="77,98,94,129,8,123,16,67,0,72,56,52,12" hai3="114,126,105,43,110,54,1,63,76,41,131,95,31"/><T53/><D127/><U57/><E36/><V124/><F123/><W100/><G114/><T115/><D115/><U32/><E32/><V64/><F124/><W30/><G1/><T133/><D133/><U9/><E106/><V28/><F129/><W134/><G105/><T111/><D53/><U25/><E109/><V85/><F72/><W108/><G76/><T60/><D20/><U49/><E2/><V91/><F28/><N who="3" m="10795" /><G126/><T50/><D68/><U92/><E116/><V118/><F0/><W82/><G82/><T35/><D70/><U3/><E3/><V55/><F55/><W84/><G131/><T122/><D81/><U99/><E117/><V104/><F118/><W69/><G134/><T93/><D111/><N who="3" m="42537" /><G84/><T132/><D35/><U33/><E33/><V58/><F58/><N who="1" m="22025" /><E65/><V13/><F13/><N who="1" m="4617" /><E9/><V113/><F113/><W40/><G54/><T61/><D107/><U10/><E10/><V103/><REACH who="2" step="1"/><F77/><REACH who="2" ten="250,250,240,250" step="2"/><W22/><G22/><T101/><D21/><U80/><E80/><V39/><F39/><W11/><G11/><T45/><D132/><U66/><E66/><V44/><F44/><W75/><G75/><T74/><D74/><U97/><E23/><V121/><F121/><W78/><G78/><T135/><D122/><U120/><E120/><V83/><F83/><W34/><G34/><T5/><D135/><U87/><E25/><V79/><F79/><W125/><G125/><T27/><D24/><U112/><E112/><V48/><AGARI ba="0,1" hai="8,12,16,48,52,56,64,67,85,91,94,98,103,104" machi="48" ten="20,12000,2" yaku="1,1,0,1,7,1,54,2,53,1" doraHai="37" doraHaiUra="86" who="2" fromWho="2" sc="250,-60,250,-30,240,130,250,-30" /><INIT seed="1,0,0,5,0,126" ten="190,220,370,220" oya="1" hai0="13,104,73,80,47,79,45,122,2,50,15,34,5" hai1="123,53,9,28,55,46,129,44,111,131,89,8,23" hai2="72,92,98,116,64,75,102,96,109,84,54,133,37" hai3="132,107,10,99,30,49,83,11,100,42,135,40,91"/><U6/><E123/><V16/><F116/><W134/><G30/><T61/><D122/><U108/><E89/><V97/><F37/><W33/><G33/><T69/><D34/><U117/><E117/><V127/><F64/><W110/><G110/><N who="1" m="42026" /><E46/><V51/><F109/><W24/><G24/><T125/><D47/><U119/><E119/><V25/><F127/><W66/><G66/><T82/><D125/><U1/><E9/><N who="3" m="3082" /><G49/><T27/><D45/><U67/><E67/><V38/><F38/><W4/><G4/><T95/><D5/><U120/><E120/><V76/><F72/><W113/><G113/><T39/><D39/><U32/><E32/><V128/><F75/><W74/><G91/><T81/><D73/><U101/><E101/><V48/><F102/><W17/><G17/><T58/><D69/><U18/><E28/><V103/><F103/><W78/><AGARI ba="0,0" hai="40,42,74,78,83,99,100,107,132,134,135" m="3082" machi="78" ten="40,1500,0" yaku="20,1" doraHai="126" who="3" fromWho="3" sc="190,-4,220,-7,370,-4,220,15" /><INIT seed="2,0,0,2,0,14" ten="186,213,366,235" oya="2" hai0="88,103,17,95,6,114,94,46,42,70,28,116,60" hai1="61,43,82,10,65,112,44,24,124,3,99,119,110" hai2="38,1,66,122,104,89,81,86,100,85,4,50,80" hai3="131,9,48,69,59,31,108,51,123,58,96,83,47"/><V0/><F122/><W132/><G123/><T13/><D114/><U121/><E121/><V52/><F38/><W72/><G69/><T36/><D116/><U35/><E112/><V63/><F4/><W62/><G108/><T64/><D6/><U30/><E119/><V130/><F130/><W77/><G131/><T90/><D28/><U107/><E110/><V115/><F115/><W27/><G132/><T45/><D45/><U39/><E124/><V26/><F26/><W79/><G79/><T5/><D5/><U23/><E82/><V117/><F117/><W97/><G9/><T20/><REACH who="0" step="1"/><D103/><REACH who="0" ten="176,213,366,235" step="2"/><U120/><E120/><V16/><F100/><W29/><G29/><T126/><D126/><U129/><E129/><V87/><F0/><W19/><G31/><T101/><D101/><U49/><E3/><V92/><F1/><W109/><G47/><T18/><D18/><U75/><E30/><V2/><F16/><W91/><G19/><T93/><AGARI ba="0,1" hai="13,17,20,36,42,46,60,64,70,88,90,93,94,95" machi="93" ten="30,7900,0" yaku="1,1,0,1,52,1,54,1,53,0" doraHai="14" doraHaiUra="55" who="0" fromWho="0" sc="176,89,213,-20,366,-39,235,-20" /><INIT seed="3,0,0,0,0,4" ten="265,193,327,215" oya="3" hai0="69,104,97,11,42,18,10,14,88,19,124,82,80" hai1="102,96,5,22,7,134,53,59,67,55,95,87,109" hai2="91,28,57,126,123,56,3,8,135,40,99,64,52" hai3="122,35,113,125,76,17,63,86,94,33,121,100,45"/><W116/><G116/><T117/><D117/><U78/><E109/><V48/><F126/><W44/><G113/><T77/><D69/><U51/><E134/><V105/><F135/><W108/><G33/><T20/><D124/><U62/><E22/><V128/><F128/><W65/><G35/><T131/><D131/><U27/><E27/><V0/><F123/><W16/><G125/><T81/><D42/><U84/><E55/><V50/><F28/><W72/><G72/><T38/><D38/><U129/><E129/><V9/><F0/><W30/><G30/><T85/><D10/><U83/><REACH who="1" step="1"/><E87/><REACH who="1" ten="265,183,327,215" step="2"/><V49/><F52/><W25/><G108/><T46/><D20/><U89/><E89/><V15/><F91/><N who="3" m="53623" /><G122/><T31/><D88/><U132/><E132/><V26/><F26/><W66/><G121/><T60/><D85/><U115/><E115/><V13/><F40/><W111/><G111/><T120/><D120/><U103/><E103/><V119/><F119/><W112/><G112/><T98/><D77/><U36/><E36/><V32/><F32/><W2/><G76/><T43/><D43/><U114/><E114/><V73/><F73/><W79/><G79/><T71/><D97/><U54/><E54/><V93/><F99/><W58/><G100/><T118/><D98/><U110/><E110/><V130/><F130/><W61/><G2/><T75/><D118/><U23/><E23/><V21/><F3/><W106/><G106/><T41/><D104/><U1/><E1/><V127/><F105/><W24/><G24/><T68/><D75/><U101/><E101/><RYUUKYOKU ba="0,1" sc="265,-10,183,30,327,-10,215,-10" hai1="5,7,51,53,59,62,67,78,83,84,95,96,102" owari="255,5.5,213,-18.7,327,42.7,205,-29.5" /></mjloggm>