<mjloggm ver="2.3"><GO type="225" lobby="0"/><UN n0="%E5%A4%9C%E3%81%AE%E3%82%AC%E3%82%B9%E3%83%91%E3%83%BC%E3%83%AB" n1="%E8%B6%85%E7%B4%9A%E9%B3%B3%E5%87%B0" n2="%E7%B4%94%E6%BD%94%E3%83%94%E3%83%A9%E3%83%8B%E3%82%A2" n3="%E3%81%A8%E3%82%93%E3%81%A8%E3%81%93%E3%81%A8%E3%82%93" dan="16,17,17,16" rate="2138.57,2214.68,2214.91,2103.00" sx="M,M,M,F"/><TAIKYOKU oya="0"/><INIT seed="0,0,0,5,5,25" ten="250,250,250,250" oya="0" hai0="124,27,16,17,122,130,4,55,28,92,106,113,57" hai1="12,33,32,96,69,50,103,112,23,20,65,62,37" hai2="1,91,39,84,126,38,34,105,80,30,86,2,31" hai3="79,76,75,13,41,97,10,35,19,108,94,123,54"/><T128/><BYE who="2" /><D113/><U18/><E37/><V7/><F7/><W117/><G117/><T127/><D122/><U22/><E112/><V64/><F64/><W29/><G108/><UN n2="%E7%B4%94%E6%BD%94%E3%83%94%E3%83%A9%E3%83%8B%E3%82%A2" /><T51/><D106/><U110/><E50/><V74/><F105/><W8/><G123/><T66/><D4/><U63/><E63/><V87/><F34/><W68/><G68/><T59/><D92/><U120/><E110/><V43/><F43/><W95/><G41/><T129/><D59/><U89/><E89/><V44/><F44/><W58/><G8/><T88/><D88/><U101/><E101/><V46/><F46/><W118/><G118/><T14/><D66/><U119/><E120/><V56/><F56/><W90/><G75/><T81/><D81/><U9/><REACH who="1" step="1"/><E119/><REACH who="1" ten="250,240,250,250" step="2"/><V114/><F114/><W132/><G132/><T85/><D85/><U134/><E134/><V42/><F86/><W78/><G78/><T6/><D127/><U70/><E70/><V109/><F126/><W82/><G79/><T48/><D124/><U107/><AGARI ba="0,1" hai="9,12,18,20,22,23,32,33,62,65,69,96,103,107" machi="107" ten="30,2000,0" yaku="1,1,0,1,53,0" doraHai="25" doraHaiUra="121" who="1" fromWho="1" sc="250,-10,240,30,250,-5,250,-5" /><INIT seed="1,0,0,3,4,119" ten="240,270,245,245" oya="1" hai0="40,41,114,127,78,81,25,121,92,85,55,106,110" hai1="5,98,38,91,125,108,24,4,99,61,42,112,130" hai2="19,103,66,21,16,71,28,113,36,134,17,128,60" hai3="20,73,75,57,6,54,111,86,63,47,107,43,95"/><U87/><E112/><V50/><F36/><W31/><G107/><T10/><D114/><U93/><E130/><V34/><F128/><W32/><G32/><T45/><D106/><U56/><E125/><V83/><F113/><W8/><G111/><T59/><D127/><U15/><E108/><V102/><F34/><W44/><G44/><T23/><D110/><U122/><E122/><V64/><F134/><W3/><G31/><T69/><D69/><U96/><E38/><V33/><F33/><W26/><G86/><T109/><D109/><U51/><E24/><V80/><F50/><W35/><G95/><T49/><D121/><U133/><E133/><V135/><F135/><W12/><G3/><T22/><D10/><U67/><REACH who="1" step="1"/><E15/><REACH who="1" ten="240,260,245,245" step="2"/><V27/><REACH who="2" step="1"/><F66/><REACH who="2" ten="240,260,235,245" step="2"/><W126/><G126/><T9/><D25/><U105/><E105/><V88/><F88/><W29/><G35/><T30/><D78/><U100/><E100/><AGARI ba="0,2" hai="16,17,19,21,27,28,60,64,71,80,83,100,102,103" machi="100" ten="40,2600,0" yaku="1,1,54,1,53,0" doraHai="119" doraHaiUra="120" who="2" fromWho="1" sc="240,0,260,-26,235,46,245,0" /><INIT seed="2,0,0,1,3,76" ten="240,234,281,245" oya="2" hai0="107,50,14,84,4,74,22,119,122,3,67,105,112" hai1="126,109,41,47,81,83,96,48,61,103,10,18,110" hai2="20,85,70,115,88,133,49,29,15,2,19,32,125" hai3="77,72,102,80,43,82,111,134,129,7,5,89,33"/><V113/><F70/><W90/><G33/><T104/><D122/><U44/><E126/><V35/><F125/><W132/><G111/><N who="1" m="42506" /><E61/><V121/><F121/><W123/><G123/><T127/><D112/><U58/><E58/><V6/><F49/><W0/><G129/><T24/><D127/><U1/><E44/><V108/><F133/><N who="3" m="51307" /><G102/><T17/><D74/><U62/><E62/><V45/><F45/><W71/><G71/><T101/><D119/><U87/><E87/><V135/><F135/><W75/><G43/><T40/><D3/><U27/><E27/><N who="2" m="18495" /><F35/><W16/><G16/><T21/><D67/><U93/><E18/><V38/><F38/><W8/><G5/><AGARI ba="0,0" hai="1,5,10,41,47,48,81,83,93,96,103" m="42506" machi="5" ten="30,3900,0" yaku="14,1,52,2" doraHai="76" who="1" fromWho="3" sc="240,0,234,39,281,0,245,-39" /><INIT seed="3,0,0,1,3,99" ten="240,273,281,206" oya="3" hai0="104,35,107,27,94,31,30,105,132,4,7,39,54" hai1="87,25,57,66,16,19,75,135,34,130,81,72,79" hai2="121,26,93,124,10,12,22,114,91,71,14,46,133" hai3="29,28,50,134,9,20,45,47,8,129,59,127,5"/><W84/><G127/><T17/><D39/><U76/><E135/><V70/><F114/><W110/><G134/><T68/><D132/><U48/><E130/><V2/><F133/><W89/><G129/><T119/><D119/><U125/><E125/><V102/><F124/><W61/><G110/><T37/><D37/><U33/><E87/><V11/><F2/><W24/><G29/><T80/><D68/><U111/><E111/><V113/><F113/><W52/><G5/><T116/><D116/><U60/><E48/><V67/><F67/><W112/><G112/><T40/><D40/><U41/><E41/><V53/><F70/><W6/><G6/><T123/><D123/><U88/><E88/><V51/><F71/><W100/><G100/><T103/><D31/><U13/><E25/><V108/><F102/><W115/><G115/><T0/><D0/><U49/><E49/><V32/><F32/><W69/><G69/><T73/><D17/><U120/><E120/><V43/><F43/><W92/><REACH who="3" step="1"/><G45/><REACH who="3" ten="240,273,281,196" step="2"/><T58/><D7/><U106/><E19/><N who="2" m="12639" /><F108/><W55/><AGARI ba="0,1" hai="8,9,20,24,28,47,50,52,55,59,61,84,89,92" machi="55" ten="20,12000,1" yaku="1,1,0,1,7,1,8,1,54,1,53,0" doraHai="99" doraHaiUra="118" who="3" fromWho="3" sc="240,-40,273,-40,281,-40,196,130" owari="200,-30.0,233,-16.7,241,4.1,326,42.6" /></mjloggm>