<mjloggm ver="2.3"><GO type="225" lobby="0"/><UN n0="%48%61%61%61%6C%61%6E%64" n1="%47%32%E9%BE%8D%E9%96%80" n2="%72%61%6B%33" n3="%54%4F%52" dan="17,16,16,17" rate="2153.06,2106.94,2217.83,2275.72" sx="M,M,M,M"/><TAIKYOKU oya="0"/><INIT seed="0,0,0,1,4,62" ten="250,250,250,250" oya="0" hai0="21,106,14,10,69,109,127,58,7,6,52,117,85" hai1="125,64,108,134,77,68,17,29,3,16,49,89,65" hai2="36,43,12,34,30,112,53,131,22,15,26,80,128" hai3="31,41,72,115,20,124,104,135,37,50,122,126,38"/><T18/><D117/><U28/><E3/><V4/><F53/><W32/><G32/><T119/><D119/><U57/><E68/><V100/><F100/><W13/><G104/><T63/><D127/><U93/><E125/><V118/><F80/><W67/><G72/><T2/><D109/><U73/><E108/><V91/><F91/><W48/><G13/><T47/><D106/><U84/><E134/><V51/><F51/><W33/><G20/><T60/><D47/><U97/><E73/><V102/><F102/><W105/><G31/><N who="1" m="11850" /><E77/><V98/><F98/><W123/><G41/><T46/><D46/><U74/><E74/><V81/><F81/><W23/><G23/><T11/><D85/><U56/><E84/><V88/><F43/><W19/><G105/><T27/><REACH who="0" step="1"/><D69/><REACH who="0" ten="240,250,250,250" step="2"/><U87/><E87/><V120/><F118/><W95/><G124/><T82/><D82/><U132/><E132/><V71/><F71/><W86/><G135/><T111/><D111/><U8/><E57/><V40/><F34/><W35/><G86/><T78/><D78/><U114/><E114/><V76/><F76/><W59/><G126/><T121/><D121/><U83/><E83/><V129/><F120/><W130/><G122/><T99/><D99/><U1/><E56/><V92/><F112/><W0/><G59/><T79/><D79/><U70/><E70/><V66/><F129/><W90/><G130/><T54/><D54/><U42/><E42/><V24/><F131/><W101/><G115/><T107/><D107/><U110/><E110/><V25/><F128/><W55/><G123/><RYUUKYOKU ba="0,1" sc="240,30,250,-10,250,-10,250,-10" hai0="2,6,7,10,11,14,18,21,27,52,58,60,63" /><INIT seed="0,1,1,4,1,37" ten="270,240,240,240" oya="0" hai0="127,135,28,61,118,130,41,102,16,26,79,86,69" hai1="31,6,0,113,35,17,77,119,98,117,109,99,107" hai2="122,63,72,27,65,74,81,11,89,76,123,50,59" hai3="8,70,85,54,105,57,132,110,22,32,36,121,106"/><T33/><D118/><U115/><E77/><V88/><F72/><W75/><G32/><T21/><D127/><U30/><E107/><V80/><F11/><W134/><G75/><T97/><D130/><U1/><E17/><V83/><F83/><W95/><G70/><T133/><D41/><U101/><E101/><V13/><F13/><W93/><G36/><T39/><D39/><U25/><E6/><V9/><F9/><W18/><G8/><T71/><D86/><U131/><E109/><V2/><F2/><N who="1" m="1129" /><E131/><V56/><F27/><W92/><G85/><T103/><D79/><U51/><E51/><V49/><F74/><W5/><G5/><T96/><D103/><U58/><E58/><V108/><F76/><W125/><G110/><T46/><D46/><U111/><E111/><V23/><F108/><W14/><G121/><T3/><D3/><U84/><E84/><V67/><REACH who="2" step="1"/><F63/><REACH who="2" ten="270,240,230,240" step="2"/><W48/><REACH who="3" step="1"/><G125/><REACH who="3" ten="270,240,230,230" step="2"/><T64/><D133/><AGARI ba="1,3" hai="14,18,22,48,54,57,92,93,95,105,106,132,133,134" machi="133" ten="40,8000,1" yaku="1,1,2,1,20,1,53,1" doraHai="37" doraHaiUra="15" who="3" fromWho="0" sc="270,-83,240,0,230,0,230,113" /><INIT seed="1,0,0,1,0,96" ten="187,240,230,343" oya="1" hai0="63,62,65,5,58,81,98,35,25,93,72,22,13" hai1="100,57,46,105,121,103,112,113,102,41,15,26,132" hai2="131,89,9,88,24,84,123,70,31,133,127,79,2" hai3="11,55,128,67,117,94,56,33,97,47,21,86,38"/><U50/><E121/><V10/><F123/><W64/><G33/><T129/><D129/><U101/><E132/><V54/><F133/><W3/><G128/><T61/><D35/><U17/><N who="1" m="25600" /><DORA hai="107" /><U49/><E105/><V29/><F70/><W122/><G97/><T68/><D72/><U14/><E113/><V1/><F24/><W19/><G11/><N who="0" m="4335" /><D68/><U134/><E112/><V87/><F54/><W118/><G3/><T83/><D93/><U16/><E134/><V37/><F37/><W43/><G86/><T119/><D98/><U40/><E26/><V85/><F85/><W36/><G94/><T74/><D74/><U52/><E40/><V66/><F66/><W8/><G8/><T114/><D119/><N who="3" m="45577" /><G36/><T51/><D114/><U60/><E60/><N who="0" m="23145" /><D51/><U20/><E20/><V92/><F92/><W6/><G6/><T71/><D71/><U108/><E108/><V27/><F27/><N who="3" m="14783" /><G122/><T77/><D77/><U82/><E82/><V116/><F116/><W18/><G18/><AGARI ba="0,0" hai="18,22,25,58,63,65,81,83" m="23145,4335" machi="18" ten="30,1000,0" yaku="8,1" doraHai="96,107" who="0" fromWho="3" sc="187,10,240,0,230,0,343,-10" /><AGARI ba="0,0" hai="14,15,16,17,18,41,46,49,50,52,57" m="25600" machi="18" ten="50,18000,2" yaku="8,1,52,4,54,2" doraHai="96,107" who="1" fromWho="3" sc="197,0,240,180,230,0,333,-180" /><INIT seed="1,1,0,2,3,5" ten="197,420,230,153" oya="1" hai0="102,101,3,53,131,1,105,9,37,71,47,51,82" hai1="12,44,68,31,36,70,46,29,135,107,22,116,113" hai2="15,92,26,0,25,56,18,30,81,75,23,88,91" hai3="52,14,85,62,20,109,84,10,73,96,133,118,45"/><U4/><E113/><V120/><F120/><W94/><G73/><T6/><D131/><U17/><E116/><V27/><F0/><W32/><G32/><T38/><D71/><U121/><E121/><V50/><F75/><W93/><G109/><T42/><D3/><U110/><E107/><V80/><F30/><W125/><G125/><T117/><D117/><U119/><E119/><V134/><F134/><W122/><G122/><T86/><D105/><U49/><E135/><V76/><F76/><W90/><G133/><T33/><D33/><U48/><E36/><V128/><F128/><W2/><G2/><T28/><D28/><U7/><E22/><V124/><F124/><W43/><G118/><T112/><D112/><U115/><E12/><V100/><F100/><W69/><G20/><T64/><D64/><U54/><E115/><V66/><F91/><W60/><G69/><T130/><D38/><U35/><E35/><V126/><F126/><W41/><G62/><T132/><D130/><U129/><E129/><V89/><F89/><N who="3" m="53415" /><G96/><T98/><D98/><U97/><E97/><N who="2" m="57479" /><F66/><W95/><G95/><T21/><D132/><U99/><E99/><V16/><F18/><N who="3" m="8535" /><G60/><T61/><D61/><U19/><E110/><V72/><F72/><W78/><G78/><N who="0" m="46423" /><D102/><U106/><E106/><V83/><F26/><W79/><G79/><T77/><D77/><U111/><E111/><V108/><F108/><W59/><G59/><N who="0" m="33215" /><D101/><U40/><E70/><V58/><F58/><W63/><G63/><T55/><D1/><U65/><E68/><V11/><F23/><W114/><G114/><RYUUKYOKU ba="1,0" sc="197,-15,420,-15,230,15,153,15" hai2="11,15,16,25,27,50,56,80,81,83" hai3="41,43,45,52,85,90,94" /><INIT seed="2,2,0,3,4,132" ten="182,405,245,168" oya="2" hai0="25,54,20,41,43,38,59,90,12,82,4,22,109" hai1="120,107,124,105,78,10,80,74,116,28,58,76,108" hai2="17,19,115,1,73,91,48,95,117,72,36,23,85" hai3="97,40,56,6,16,71,125,101,29,113,26,93,24"/><V89/><F117/><W100/><G71/><T45/><D109/><U67/><E116/><V102/><F36/><W69/><G69/><T135/><D135/><U5/><E108/><V8/><F115/><W123/><G123/><T131/><D131/><U134/><E120/><V55/><F102/><W62/><G113/><T68/><D68/><U94/><E28/><V112/><F112/><W96/><G6/><T110/><D110/><U66/><E78/><V52/><F55/><W83/><G40/><T15/><D41/><U32/><E32/><V18/><F23/><W70/><G70/><T121/><D121/><U77/><E77/><V75/><F91/><W47/><G47/><T106/><D106/><U7/><E7/><V127/><F1/><W65/><G125/><T50/><D4/><U128/><E124/><V130/><F130/><W37/><G37/><T103/><D103/><U126/><E126/><V42/><F42/><W64/><G83/><T84/><REACH who="0" step="1"/><D20/><REACH who="0" ten="172,405,245,168" step="2"/><U44/><E134/><V111/><F127/><W53/><G101/><T51/><D51/><U133/><E133/><V61/><F111/><W33/><REACH who="3" step="1"/><G96/><REACH who="3" ten="172,405,245,158" step="2"/><T104/><D104/><U31/><E107/><V98/><F98/><W92/><G92/><T13/><D13/><U88/><E94/><V119/><F119/><W0/><G0/><T129/><D129/><U30/><E105/><V86/><F95/><W39/><G39/><T63/><D63/><U49/><E128/><V114/><F61/><W60/><G60/><T57/><D57/><U2/><E2/><V9/><F114/><W35/><G35/><RYUUKYOKU ba="2,2" sc="172,15,405,-15,245,-15,158,15" hai0="12,15,22,25,38,43,45,50,54,59,82,84,90" hai3="16,24,26,29,33,53,56,62,64,65,93,97,100" /><INIT seed="3,3,2,3,2,86" ten="187,390,230,173" oya="3" hai0="7,77,17,124,21,83,110,5,2,79,70,69,71" hai1="0,23,6,119,3,12,106,112,78,104,97,85,40" hai2="20,75,63,27,87,32,131,34,59,96,14,62,115" hai3="31,111,61,51,1,94,130,24,116,118,123,28,50"/><W60/><G123/><T100/><D110/><U4/><E112/><V11/><F75/><W120/><G120/><T122/><D122/><U65/><E65/><V126/><F115/><W98/><G111/><T125/><D100/><U107/><E40/><V42/><F42/><W38/><G38/><T88/><D88/><U54/><E97/><V45/><F45/><W81/><G1/><T92/><D92/><U109/><E54/><V68/><F68/><W80/><G130/><T57/><D57/><U121/><E119/><V93/><F87/><W9/><G9/><T29/><D29/><U129/><E129/><V82/><F82/><W103/><G116/><T135/><D135/><U127/><E127/><N who="0" m="48713" /><D2/><U113/><E113/><V46/><F46/><W74/><G118/><T15/><D79/><U101/><E78/><V72/><F131/><W134/><G134/><T49/><D49/><N who="3" m="18441" /><G74/><AGARI ba="3,2" hai="5,7,15,17,21,69,70,71,74,77,83" m="48713" machi="74" ten="40,1300,0" yaku="18,1" doraHai="86" who="0" fromWho="3" sc="187,42,390,0,230,0,173,-22" owari="229,-17.1,390,49.0,230,3.0,151,-34.9" /></mjloggm>