<mjloggm ver="2.3"><GO type="225" lobby="0"/><UN n0="%E6%9D%B1%E9%A2%A8%E3%81%AE%E3%81%8D%E3%82%83%E3%81%B7%E3%81%95%E3%82%93" n1="%E3%81%BF%E3%81%BF%E3%81%9A" n2="%E3%81%86%E3%81%A3%E3%81%97%E3%83%BC%30%30" n3="%72%69%6F%75%63%68%61%6E" dan="17,17,17,16" rate="2254.25,2286.68,2221.73,2149.77" sx="M,M,M,M"/><TAIKYOKU oya="0"/><INIT seed="0,0,0,2,0,59" ten="250,250,250,250" oya="0" hai0="134,58,70,6,87,132,122,88,49,23,112,26,11" hai1="105,36,106,74,111,84,60,22,101,83,41,21,126" hai2="0,32,73,68,123,46,10,3,125,55,63,81,47" hai3="92,29,30,45,120,113,97,25,93,90,48,72,75"/><T35/><D35/><U77/><E111/><V9/><F123/><W119/><G113/><T16/><D70/><U52/><E126/><V131/><F32/><W102/><G119/><T129/><D122/><U82/><E41/><V64/><F125/><W56/><G120/><T40/><D112/><U109/><E36/><V67/><F131/><W4/><G4/><T110/><D129/><U61/><E109/><V107/><F107/><W115/><G115/><T17/><D110/><U108/><E108/><V69/><F55/><W117/><G117/><T39/><D39/><U94/><E105/><V79/><F9/><W34/><G29/><T20/><D58/><N who="1" m="34887" /><E83/><V99/><F99/><W65/><G65/><T28/><D49/><U86/><E86/><V50/><F50/><W91/><G56/><T13/><D40/><U27/><E61/><N who="2" m="39951" /><F3/><W71/><G71/><T14/><REACH who="0" step="1"/><D28/><REACH who="0" ten="240,250,250,250" step="2"/><U66/><E66/><V76/><F67/><W98/><REACH who="3" step="1"/><G102/><REACH who="3" ten="240,250,250,240" step="2"/><T37/><D37/><U44/><E44/><V53/><F69/><W78/><G78/><T54/><D54/><AGARI ba="0,2" hai="25,30,34,45,48,54,72,75,90,91,92,93,97,98" machi="54" ten="30,3900,0" yaku="1,1,7,1,9,1,53,0" doraHai="59" doraHaiUra="62" who="3" fromWho="0" sc="240,-39,250,0,250,0,240,59" /><INIT seed="1,0,0,0,2,120" ten="201,250,250,299" oya="1" hai0="130,117,18,48,56,44,22,6,106,96,101,7,35" hai1="109,132,8,45,55,14,2,0,115,43,15,66,63" hai2="74,80,29,86,114,26,3,116,57,49,103,111,122" hai3="88,1,46,128,13,58,51,102,81,25,118,30,60"/><U41/><E115/><V123/><F116/><W20/><G128/><T125/><D130/><U24/><E132/><V71/><F71/><W127/><G127/><T16/><D35/><U100/><E100/><V21/><F114/><W87/><G1/><T33/><D33/><U64/><E24/><V40/><F3/><W36/><G36/><T31/><D117/><U37/><E41/><V76/><F111/><W65/><G118/><T98/><D125/><U91/><E15/><V34/><F103/><W107/><G102/><T17/><D98/><U97/><E66/><V10/><F10/><W47/><G107/><T70/><D56/><U92/><E55/><V68/><F68/><W12/><REACH who="3" step="1"/><G46/><REACH who="3" ten="201,250,250,289" step="2"/><T53/><REACH who="0" step="1"/><D70/><REACH who="0" ten="191,250,250,289" step="2"/><U105/><E105/><V134/><F123/><W75/><G75/><T89/><D89/><U119/><E119/><V4/><F74/><W52/><AGARI ba="0,2" hai="12,13,20,25,30,47,51,52,58,60,65,81,87,88" machi="52" ten="20,12000,2" yaku="1,1,0,1,7,1,8,1,54,2,53,0" doraHai="120" doraHaiUra="28" who="3" fromWho="3" sc="191,-30,250,-60,250,-30,289,140" /><INIT seed="2,0,0,2,3,96" ten="161,190,220,429" oya="2" hai0="121,21,80,91,72,79,63,29,83,46,40,74,132" hai1="103,97,39,31,38,8,73,70,133,5,14,42,2" hai2="4,30,16,124,1,100,18,3,108,71,20,37,55" hai3="120,109,58,94,10,117,69,9,52,62,57,131,24"/><V90/><F90/><W13/><G117/><T65/><D121/><U27/><E70/><V114/><F55/><W47/><G120/><T41/><D132/><U56/><E133/><V129/><F37/><W51/><G109/><T34/><D34/><U116/><E116/><V104/><F104/><W78/><G131/><T81/><D91/><U60/><E73/><V64/><F64/><W25/><G78/><T23/><D29/><U98/><E2/><V7/><F71/><W119/><G119/><T85/><D85/><U101/><E42/><V115/><F100/><N who="1" m="38473" /><E38/><V82/><F82/><W68/><G58/><T126/><D126/><U44/><E44/><V102/><F102/><W89/><G9/><T19/><D41/><U11/><E39/><V110/><F30/><W77/><G77/><T93/><D74/><U123/><E11/><V66/><F124/><W107/><G107/><T86/><D72/><U125/><E123/><V113/><F113/><W135/><G69/><T105/><D105/><U99/><E125/><V134/><F134/><W122/><G68/><N who="0" m="42047" /><D46/><U53/><E31/><V49/><F115/><W87/><G122/><T12/><D40/><U59/><E56/><V6/><F114/><W26/><G135/><T35/><D35/><U54/><E27/><V48/><F110/><W88/><G25/><T28/><D79/><U67/><AGARI ba="0,0" hai="5,8,14,53,54,59,60,67,97,98,99" m="38473" machi="67" ten="30,7900,0" yaku="8,1,52,3" doraHai="96" who="1" fromWho="1" sc="161,-20,190,79,220,-39,429,-20" /><INIT seed="3,0,0,1,4,28" ten="141,269,181,409" oya="3" hai0="48,37,112,21,29,86,121,100,133,132,11,79,6" hai1="102,56,90,93,127,1,44,9,119,96,42,27,101" hai2="14,71,126,58,88,47,85,17,25,118,33,60,83" hai3="107,3,50,35,32,105,97,15,7,4,134,87,61"/><W26/><G3/><N who="0" m="479" /><D100/><U0/><E127/><V98/><F126/><W113/><G113/><T120/><D48/><U36/><E119/><V62/><F118/><W106/><G15/><T92/><D92/><U12/><E27/><V89/><F71/><W45/><G26/><N who="0" m="16591" /><D86/><U117/><E117/><V30/><F47/><W78/><G134/><N who="0" m="51819" /><D79/><U68/><E68/><V10/><F58/><W115/><G78/><T72/><D72/><U52/><E0/><V109/><F109/><W2/><G87/><T66/><D66/><U123/><E1/><V76/><F89/><W130/><G7/><T57/><D57/><U34/><E102/><V24/><F24/><W74/><G4/><T114/><D37/><U39/><E36/><V23/><F33/><W65/><G35/><T122/><AGARI ba="0,0" hai="112,114,120,121,122" m="51819,16591,479" machi="122" ten="40,5200,0" yaku="20,1,34,2" doraHai="28" who="0" fromWho="0" sc="141,52,269,-13,181,-13,409,-26" owari="193,-20.7,256,5.6,168,-33.2,383,48.3" /></mjloggm>