<mjloggm ver="2.3"><GO type="225" lobby="0"/><UN n0="%E2%98%86%E5%AD%AB%E7%87%95%E5%A7%BF%E2%98%86" n1="%48%61%61%61%6C%61%6E%64" n2="%45%6C%79%73%69%75%6D" n3="%E3%81%A1%E3%82%85%E3%81%86%E3%81%A9%E3%81%8F%E8%B1%A1%E3%81%95%E3%82%93" dan="16,17,18,17" rate="2173.31,2166.50,2171.50,2171.64" sx="M,M,F,M"/><TAIKYOKU oya="0"/><INIT seed="0,0,0,3,5,90" ten="250,250,250,250" oya="0" hai0="13,95,98,103,39,135,32,7,87,14,40,91,41" hai1="101,126,108,78,15,12,24,9,4,38,129,3,93" hai2="18,109,62,81,36,89,133,52,48,61,28,42,20" hai3="0,70,74,25,96,1,88,97,115,105,100,43,65"/><T26/><D135/><U68/><E68/><V30/><F133/><W55/><G115/><T57/><D39/><U92/><E108/><V10/><F109/><W102/><G74/><T123/><D123/><U50/><E38/><V63/><F42/><W49/><G43/><N who="0" m="16459" /><D32/><U11/><E126/><V16/><F36/><W131/><G131/><T80/><D7/><N who="1" m="3135" /><E3/><V66/><F66/><W44/><G25/><T71/><D71/><U59/><E129/><V117/><F117/><W58/><G70/><T118/><D118/><U64/><E101/><V35/><F10/><W2/><G88/><N who="0" m="51303" /><D26/><U127/><E127/><V85/><F35/><W104/><REACH who="3" step="1"/><G65/><REACH who="3" ten="250,250,250,240" step="2"/><T99/><D57/><AGARI ba="0,1" hai="0,1,2,44,49,55,57,58,96,97,100,102,104,105" machi="57" ten="40,5200,0" yaku="1,1,2,1,9,1,53,0" doraHai="90" doraHaiUra="77" who="3" fromWho="0" sc="250,-52,250,0,250,0,240,62" /><INIT seed="1,0,0,1,1,39" ten="198,250,250,302" oya="1" hai0="111,134,14,27,5,15,127,36,93,125,22,84,99" hai1="78,30,47,105,53,37,46,61,121,106,90,35,88" hai2="129,60,55,31,57,1,116,48,75,117,82,41,123" hai3="50,122,107,73,132,45,101,104,89,29,40,7,11"/><U2/><E121/><V17/><F123/><W83/><G122/><T76/><D36/><U23/><E35/><V79/><F129/><W102/><G132/><T131/><D134/><U25/><E2/><V120/><F120/><W51/><G29/><T72/><D72/><U114/><E114/><V65/><F1/><W100/><G51/><T28/><D111/><U34/><E78/><V98/><F31/><W54/><G40/><T91/><D131/><U33/><E23/><V81/><F81/><W71/><G71/><T58/><D58/><U113/><E113/><V66/><F98/><W87/><REACH who="3" step="1"/><G73/><REACH who="3" ten="198,250,250,292" step="2"/><T77/><D127/><U67/><E37/><V108/><F108/><W26/><G26/><T12/><D125/><U80/><E25/><V118/><F41/><W112/><G112/><T0/><REACH who="0" step="1"/><D84/><REACH who="0" ten="188,250,250,292" step="2"/><U94/><E33/><V44/><F75/><W62/><G62/><T21/><D21/><U69/><E34/><V8/><F60/><W42/><G42/><T85/><D85/><U95/><E61/><V86/><F117/><W52/><G52/><T74/><D74/><U9/><E53/><V6/><F116/><W96/><G96/><T43/><D43/><U4/><E69/><V68/><F118/><W128/><G128/><T133/><D133/><U119/><E119/><V130/><F68/><W110/><G110/><T135/><D135/><U49/><E67/><V64/><F130/><W19/><G19/><T63/><D63/><U13/><E49/><V92/><F48/><W109/><G109/><T115/><D115/><U126/><E126/><V70/><F70/><RYUUKYOKU ba="0,2" sc="188,15,250,-15,250,-15,292,15" hai0="0,5,12,14,15,22,27,28,76,77,91,93,99" hai3="7,11,45,50,54,83,87,89,100,101,102,104,107" /><INIT seed="2,1,2,5,1,32" ten="203,235,235,307" oya="2" hai0="91,28,33,19,36,127,10,22,47,92,16,126,82" hai1="83,11,102,64,81,101,40,42,17,45,59,58,122" hai2="26,111,105,15,18,123,13,60,34,70,7,108,5" hai3="54,106,53,74,117,63,66,39,56,41,51,9,133"/><V0/><F105/><W25/><G117/><T61/><D33/><U29/><E29/><N who="2" m="19767" /><F60/><W3/><G106/><T71/><D82/><N who="1" m="31243" /><E122/><V78/><F78/><W38/><G74/><T112/><D112/><U86/><E86/><V135/><F70/><W118/><G118/><T46/><D28/><U114/><E114/><V57/><F57/><N who="1" m="21513" /><E64/><V116/><F123/><W43/><G133/><T90/><D71/><U110/><E110/><N who="2" m="42027" /><F116/><W79/><G79/><T113/><D113/><U69/><E69/><V75/><F75/><W99/><G38/><T37/><D61/><U84/><E84/><V4/><F135/><W129/><G99/><T76/><D76/><U104/><E104/><V23/><F13/><W128/><G39/><T24/><D92/><U67/><E67/><V132/><F132/><W1/><G66/><T55/><D37/><U96/><E45/><N who="0" m="16905" /><D36/><U6/><E96/><V120/><F120/><W8/><G63/><T109/><D109/><U20/><E42/><V48/><F48/><W31/><G56/><T121/><D121/><U77/><E40/><V44/><F44/><W100/><G51/><T87/><D55/><U2/><E77/><V27/><F27/><W89/><G25/><T80/><D91/><U35/><E101/><V103/><F103/><W68/><G100/><T73/><D73/><U124/><E102/><V125/><F125/><W21/><G89/><T134/><D134/><U12/><E124/><V119/><F119/><W130/><G68/><T107/><D107/><U14/><E14/><V50/><F50/><W72/><G72/><T85/><D85/><RYUUKYOKU ba="1,2" sc="203,10,235,10,235,10,307,-30" hai0="10,16,19,22,24,80,87,90,126,127" hai1="2,6,11,12,17,20,35" hai2="0,4,5,7,15,18,23" /><INIT seed="2,2,2,3,5,38" ten="213,245,245,277" oya="2" hai0="96,68,132,64,51,17,128,124,90,76,81,36,108" hai1="110,7,1,20,101,10,21,100,9,106,133,15,35" hai2="33,2,77,79,120,12,102,111,39,126,60,66,22" hai3="115,52,71,107,67,123,63,40,57,42,19,86,103"/><V26/><F2/><W6/><G123/><T62/><D36/><U58/><E35/><V37/><F120/><W112/><G6/><T91/><D108/><U89/><E110/><V18/><F111/><W92/><G19/><T72/><D132/><U3/><E133/><V99/><F126/><W75/><G75/><T49/><D124/><U131/><E131/><V29/><F39/><W117/><G107/><T70/><D70/><U11/><E89/><V121/><F37/><W44/><G117/><T113/><D113/><N who="3" m="43593" /><G44/><T135/><D135/><U31/><E31/><V53/><F53/><W122/><G122/><T73/><D73/><U114/><E114/><V43/><F43/><W47/><G47/><T84/><D128/><U56/><E106/><N who="2" m="63839" /><F121/><W4/><G4/><T105/><D17/><U69/><E7/><V55/><F55/><W14/><G14/><T129/><D129/><U130/><E130/><V5/><F5/><W34/><G34/><T109/><D109/><U13/><E10/><V41/><F41/><W65/><G65/><T119/><D119/><U98/><E98/><V104/><F104/><W93/><G71/><AGARI ba="2,2" hai="1,3,9,11,13,15,20,21,56,58,69,71,100,101" machi="71" ten="25,1600,0" yaku="22,2" doraHai="38" who="1" fromWho="3" sc="213,0,245,42,245,0,277,-22" /><AGARI ba="2,0" hai="12,18,22,26,29,33,60,66,71,77,79" m="63839" machi="71" ten="30,1500,0" yaku="25,1" doraHai="38" who="2" fromWho="3" sc="213,0,287,0,245,15,255,-15" /><INIT seed="2,3,0,0,1,12" ten="213,287,260,240" oya="2" hai0="33,57,51,131,42,104,129,17,44,8,22,25,24" hai1="48,83,87,13,56,30,91,122,101,73,10,113,7" hai2="34,26,58,79,21,80,75,127,105,82,76,85,98" hai3="36,35,3,133,88,95,5,11,81,132,107,112,69"/><V65/><F127/><W6/><G107/><T67/><D104/><U1/><E113/><V60/><F34/><W29/><G112/><T134/><D134/><N who="3" m="51817" /><G69/><T50/><D8/><U66/><E122/><V15/><F105/><W97/><G36/><T120/><D120/><U23/><E101/><V121/><F121/><W4/><G81/><T61/><REACH who="0" step="1"/><D51/><REACH who="0" ten="203,287,260,240" step="2"/><U115/><E48/><V102/><F75/><W96/><G11/><T28/><AGARI ba="3,1" hai="17,22,24,25,28,33,42,44,50,57,61,67,129,131" machi="28" ten="30,7900,0" yaku="1,1,2,1,0,1,52,1,53,0" doraHai="12" doraHaiUra="92" who="0" fromWho="0" sc="203,98,287,-23,260,-42,240,-23" /><INIT seed="3,0,0,5,5,124" ten="301,264,218,217" oya="3" hai0="101,1,58,3,95,56,69,84,9,109,57,51,132" hai1="12,108,43,62,131,79,111,36,54,64,11,28,52" hai2="42,130,86,74,107,75,19,6,35,34,129,71,122" hai3="133,93,32,66,105,123,26,117,81,97,126,65,100"/><W24/><G123/><T92/><D69/><U68/><E131/><N who="2" m="50187" /><F122/><W20/><G117/><T31/><D31/><U4/><E79/><V72/><F6/><W135/><G126/><T88/><D109/><N who="1" m="42059" /><E28/><V2/><F2/><W61/><G81/><T128/><D9/><U99/><E99/><V39/><F71/><N who="3" m="42415" /><G66/><T10/><D57/><U85/><E85/><V30/><F107/><W116/><G116/><T33/><D1/><U27/><E27/><V70/><F70/><W91/><G20/><T53/><D10/><U60/><E60/><V13/><F30/><N who="3" m="19527" /><G26/><T22/><D128/><U120/><E120/><V50/><F86/><AGARI ba="0,0" hai="86,91,93,97,100,105,133,135" m="19527,42415" machi="86" ten="30,1500,0" yaku="25,1" doraHai="124" who="3" fromWho="2" sc="301,0,264,0,218,-15,217,15" /><INIT seed="3,1,0,3,5,102" ten="301,264,203,232" oya="3" hai0="10,101,12,67,98,72,118,24,0,27,33,11,25" hai1="40,61,95,115,46,127,44,120,1,104,100,125,19" hai2="68,47,93,34,41,16,49,62,2,51,110,108,21" hai3="78,26,57,28,58,71,14,134,17,31,131,126,39"/><W107/><G71/><T119/><D72/><U91/><E120/><V90/><F34/><W122/><G122/><T65/><D33/><U15/><E1/><V133/><F2/><W35/><G39/><T18/><D0/><U23/><E115/><V54/><F133/><W56/><G134/><T22/><D119/><U92/><E61/><V113/><F113/><W79/><G31/><T109/><D109/><N who="2" m="42090" /><F68/><W105/><G131/><T82/><D82/><U74/><E74/><V55/><F62/><W8/><REACH who="3" step="1"/><G126/><REACH who="3" ten="301,264,203,222" step="2"/><T20/><D118/><U52/><E125/><V9/><F9/><N who="0" m="3082" /><D22/><U88/><E127/><V7/><F7/><W99/><G99/><T45/><D45/><U112/><E44/><V96/><F49/><W38/><G38/><T60/><D60/><U132/><E132/><V97/><F96/><W103/><G103/><T69/><D69/><U123/><E123/><V75/><F75/><W43/><G43/><T42/><D42/><U66/><E40/><V87/><F97/><W106/><AGARI ba="1,1" hai="8,14,17,26,28,35,56,57,58,78,79,105,106,107" machi="106" ten="40,12000,1" yaku="1,1,0,1,52,3,53,0" doraHai="102" doraHaiUra="117" who="3" fromWho="3" sc="301,-41,264,-41,203,-41,222,133" owari="260,6.0,223,-17.7,162,-33.8,355,45.5" /></mjloggm>