<mjloggm ver="2.3"><GO type="225" lobby="0"/><UN n0="%E3%82%BF%E3%83%BC%E3%83%90%E3%83%B3%E9%87%8E%E5%8F%A3" n1="%E3%83%B4%E3%82%A3%E3%83%AF%E3%82%B3%E3%82%B0%E3%83%8B" n2="%6E%69%63%6F%6E%74%6F" n3="%E3%83%A9%E3%83%96%E3%83%AC%E3%83%BC" dan="16,16,16,17" rate="2098.09,2153.82,2103.58,2114.16" sx="M,M,M,M"/><TAIKYOKU oya="0"/><INIT seed="0,0,0,3,5,113" ten="250,250,250,250" oya="0" hai0="38,121,65,92,52,131,28,112,130,1,6,63,75" hai1="57,83,126,106,15,61,21,135,108,95,86,16,70" hai2="118,9,31,42,117,105,29,88,48,129,84,119,115" hai3="111,36,44,2,30,87,114,5,10,50,22,123,17"/><T23/><D121/><U89/><E108/><V71/><F115/><W60/><G111/><T110/><D112/><U125/><E106/><V25/><F129/><N who="0" m="49162" /><D110/><U0/><E70/><V78/><F71/><W34/><G36/><T91/><D75/><U19/><E135/><V93/><F105/><W104/><G104/><T109/><D38/><U120/><E120/><V35/><F78/><W27/><G114/><T73/><D73/><U77/><E19/><V122/><F122/><W55/><G123/><T58/><D109/><U4/><E4/><V103/><F103/><W39/><G39/><T41/><D41/><U26/><E0/><V12/><F31/><W8/><G8/><N who="0" m="2127" /><D23/><U69/><E69/><V45/><F9/><W56/><G87/><N who="0" m="52351" /><D28/><U101/><E101/><V128/><F128/><W43/><REACH who="3" step="1"/><G17/><REACH who="3" ten="250,250,250,240" step="2"/><T98/><D98/><U3/><E3/><V74/><F74/><W59/><G59/><T24/><D24/><U85/><REACH who="1" step="1"/><E26/><REACH who="1" ten="250,240,250,240" step="2"/><V97/><REACH who="2" step="1"/><F12/><REACH who="2" ten="250,240,240,240" step="2"/><W79/><G79/><T20/><D20/><AGARI ba="0,3" hai="2,5,10,20,22,27,30,34,43,44,50,55,56,60" machi="20" ten="40,1300,0" yaku="1,1,53,0" doraHai="113" doraHaiUra="66" who="3" fromWho="0" sc="250,-13,240,0,240,0,240,43" /><INIT seed="1,0,0,5,3,47" ten="237,240,240,283" oya="1" hai0="115,54,11,73,19,120,123,97,43,9,2,103,51" hai1="130,75,36,112,0,96,14,60,89,28,64,49,13" hai2="7,98,24,70,85,102,131,22,62,125,35,91,84" hai3="68,20,111,128,105,4,44,110,16,50,100,27,30"/><U126/><E112/><V118/><F131/><W42/><G68/><T76/><D115/><U135/><E36/><V99/><F125/><W119/><G4/><T116/><D116/><U21/><E75/><V77/><F118/><W124/><G119/><T109/><D43/><U55/><E0/><V34/><F7/><W39/><G128/><T83/><D109/><N who="3" m="41481" /><G124/><T18/><D18/><U65/><E135/><V25/><F77/><W58/><G58/><N who="0" m="33119" /><D19/><U86/><E96/><V26/><F22/><W69/><G69/><T46/><D46/><N who="1" m="28087" /><E130/><V45/><F45/><W90/><G30/><T82/><D82/><N who="1" m="49367" /><E126/><V17/><F35/><W32/><G32/><T67/><D2/><U114/><E114/><V94/><F34/><W80/><G105/><N who="0" m="63727" /><D67/><N who="1" m="25675" /><E60/><V92/><F17/><W33/><G33/><T108/><D108/><U61/><E61/><V101/><F70/><W117/><G117/><T56/><D56/><U106/><E106/><V74/><F62/><W38/><G100/><N who="2" m="38505" /><F74/><W41/><G41/><T129/><D129/><U95/><E95/><V72/><F72/><W10/><G39/><T1/><D1/><U29/><E21/><V121/><F121/><AGARI ba="0,0" hai="9,11,73,76,83,120,121,123" m="63727,33119" machi="121" ten="30,2000,0" yaku="13,1,52,1" doraHai="47" who="0" fromWho="2" sc="237,20,240,0,240,-20,283,0" /><INIT seed="2,0,0,2,3,87" ten="257,240,220,283" oya="2" hai0="98,133,10,0,35,103,83,118,93,85,82,63,13" hai1="37,126,112,91,28,47,17,111,113,39,96,108,36" hai2="72,5,76,135,70,62,40,54,73,27,79,130,55" hai3="4,15,75,117,101,11,69,53,64,122,50,94,19"/><V32/><F130/><W74/><G117/><T57/><D35/><U43/><E28/><V8/><F135/><W71/><G122/><T119/><D133/><U22/><E96/><V41/><F27/><W78/><G78/><T12/><D0/><U3/><E3/><V123/><F32/><W61/><G71/><T51/><D51/><N who="1" m="27135" /><E91/><V84/><F123/><W21/><G101/><T44/><D44/><U81/><E81/><N who="0" m="30729" /><D85/><U20/><E20/><V1/><F84/><W97/><G97/><T134/><D10/><U132/><E132/><V6/><F1/><W31/><G94/><T89/><D103/><U9/><E9/><V49/><F8/><W95/><G95/><T92/><D92/><U65/><E126/><V7/><F7/><W14/><G31/><T2/><D2/><U59/><E17/><V56/><F49/><W42/><G42/><T129/><D134/><U127/><E22/><V124/><F124/><W110/><G75/><T128/><D129/><U25/><E127/><V116/><F70/><W115/><G74/><T60/><D128/><U30/><E30/><V86/><F86/><W52/><G69/><T114/><D119/><U120/><E120/><V67/><F116/><W29/><G29/><T131/><D118/><U121/><E25/><V100/><F100/><W58/><G21/><T105/><D131/><U106/><E106/><V68/><F68/><W77/><G11/><T23/><D105/><U88/><E121/><V109/><F73/><W26/><G4/><N who="2" m="1641" /><F72/><W48/><G19/><T125/><D125/><U38/><N who="1" m="9216" /><DORA hai="104" /><U33/><E33/><RYUUKYOKU ba="0,0" sc="257,0,240,0,220,0,283,0" /><INIT seed="3,1,0,0,0,13" ten="257,240,220,283" oya="3" hai0="14,121,61,52,25,114,16,110,48,39,58,89,37" hai1="34,135,73,102,88,134,81,115,5,47,67,30,51" hai2="22,64,50,11,123,33,106,91,129,27,42,32,75" hai3="71,120,113,122,94,76,82,77,107,132,69,86,62"/><W125/><G113/><T17/><D121/><U96/><E115/><V8/><F123/><W23/><G107/><T117/><D117/><U46/><E67/><V98/><F129/><W24/><G77/><T59/><D114/><U20/><E34/><V131/><F131/><W104/><G104/><T100/><D110/><U3/><E5/><V2/><F75/><W83/><G83/><T93/><D100/><U31/><E3/><V74/><F74/><W21/><G21/><T0/><D0/><U29/><E20/><V109/><F109/><W40/><G40/><T55/><D25/><U127/><E127/><V92/><F106/><W18/><G125/><T99/><D17/><U124/><E124/><V15/><F2/><W66/><G132/><N who="1" m="50730" /><E51/><V79/><F79/><W38/><G38/><T84/><D99/><U133/><N who="1" m="50738" /><U130/><DORA hai="119" /><E130/><V105/><F105/><W57/><G71/><T118/><D118/><U95/><E73/><V43/><F64/><W35/><G35/><N who="2" m="13385" /><F50/><W87/><G69/><T128/><D128/><U116/><E116/><V4/><F11/><AGARI ba="1,0" hai="11,14,16,37,39,48,52,55,58,59,61,84,89,93" machi="11" ten="30,7700,0" yaku="7,1,52,1,54,2" doraHai="13,119" who="0" fromWho="2" sc="257,80,240,0,220,-80,283,0" owari="337,43.7,240,-16.0,140,-36.0,283,8.3" /></mjloggm>