<mjloggm ver="2.3"><GO type="225" lobby="0"/><UN n0="%E3%81%86%E3%81%A9%E3%82%93%E3%81%93" n1="%E9%A2%A8%E3%81%A7%E9%B3%B4%E3%81%8F" n2="%E3%81%A9%E3%82%8F%E3%82%93%E3%81%94" n3="%74%61%6B%75%61%6B%61" dan="16,16,16,16" rate="2121.93,2164.96,2077.15,2127.99" sx="M,M,M,M"/><TAIKYOKU oya="0"/><INIT seed="0,0,0,0,3,72" ten="250,250,250,250" oya="0" hai0="22,62,115,134,57,125,71,80,18,7,76,36,84" hai1="87,78,75,131,100,66,121,107,48,132,35,39,50" hai2="5,45,109,86,58,27,63,52,90,0,34,54,135" hai3="114,61,13,118,130,25,2,117,21,44,26,91,93"/><T15/><D115/><U74/><E35/><V37/><F109/><W32/><G2/><T103/><D134/><U133/><E39/><V43/><F135/><N who="1" m="51785" /><E66/><V81/><F0/><W105/><G105/><T104/><D125/><U47/><E50/><V108/><F5/><W41/><G114/><T23/><D36/><U116/><E116/><V122/><F108/><W113/><G113/><T120/><D120/><U8/><E8/><V53/><REACH who="2" step="1"/><F122/><REACH who="2" ten="250,250,240,250" step="2"/><W59/><G117/><T102/><D104/><U85/><E121/><V33/><F33/><W16/><G32/><T110/><D110/><U64/><E131/><V19/><F19/><W65/><G118/><T30/><D7/><U73/><E107/><V88/><F88/><W38/><REACH who="3" step="1"/><G130/><REACH who="3" ten="250,250,240,240" step="2"/><T40/><D102/><U46/><E100/><V92/><F92/><W11/><G11/><T83/><D103/><U1/><E1/><V68/><F68/><W94/><G94/><T29/><D71/><U70/><E70/><V42/><F42/><W98/><AGARI ba="0,2" hai="13,16,21,25,26,38,41,44,59,61,65,91,93,98" machi="98" ten="20,5200,0" yaku="1,1,0,1,7,1,54,1,53,0" doraHai="72" doraHaiUra="101" who="3" fromWho="3" sc="250,-26,250,-13,240,-13,240,72" /><INIT seed="1,0,0,3,4,22" ten="224,237,227,312" oya="1" hai0="7,68,18,56,65,16,8,62,101,32,110,134,87" hai1="50,133,90,23,4,92,135,19,129,111,49,131,33" hai2="120,31,66,75,59,100,78,15,102,69,119,39,125" hai3="108,9,123,81,13,36,41,115,54,116,95,70,42"/><U0/><E33/><V27/><F119/><W37/><G123/><T88/><D110/><U63/><E63/><V121/><F69/><W30/><G70/><T98/><D134/><N who="1" m="51211" /><E4/><V57/><F39/><W45/><G115/><T127/><D127/><U113/><E0/><V55/><F125/><W89/><G108/><T93/><D32/><U1/><E1/><V51/><F75/><W104/><G104/><T132/><D68/><U72/><E72/><V107/><F78/><W96/><G116/><T85/><D85/><N who="1" m="52303" /><E113/><V117/><F117/><W10/><G36/><T86/><D86/><U34/><E34/><V76/><F76/><W118/><G37/><T58/><D58/><U35/><E35/><V12/><F120/><W128/><G118/><T97/><D97/><U103/><E103/><N who="2" m="39467" /><F107/><W38/><G96/><T94/><REACH who="0" step="1"/><D132/><REACH who="0" ten="214,237,227,312" step="2"/><U43/><E111/><V77/><F121/><W71/><G71/><T124/><D124/><U52/><E43/><V48/><F77/><W114/><G41/><T3/><AGARI ba="0,1" hai="3,7,8,16,18,56,62,65,87,88,93,94,98,101" machi="3" ten="20,12000,2" yaku="1,1,0,1,7,1,54,2,53,1" doraHai="22" doraHaiUra="99" who="0" fromWho="0" sc="214,130,237,-60,227,-30,312,-30" /><INIT seed="2,0,0,3,3,125" ten="344,177,197,282" oya="2" hai0="134,14,24,133,58,76,45,127,78,112,128,129,72" hai1="82,29,101,66,63,113,85,18,62,55,4,60,81" hai2="43,50,41,80,114,12,88,42,73,52,89,65,135" hai3="44,111,69,83,13,117,9,47,92,118,17,16,97"/><V38/><F114/><W33/><G111/><T21/><D112/><U0/><E113/><V126/><F38/><W95/><G69/><T104/><D104/><U74/><E29/><V23/><F126/><W11/><G33/><T8/><D45/><U124/><E124/><V132/><F65/><W106/><G106/><T115/><D115/><U15/><E101/><V1/><F1/><W39/><G83/><N who="0" m="45447" /><D78/><U35/><E35/><V120/><F120/><W90/><G92/><T59/><D127/><U122/><E122/><V57/><F73/><W109/><G109/><T105/><D59/><U53/><E74/><V100/><F100/><W91/><G91/><T108/><D58/><U130/><E81/><V5/><F23/><W96/><G96/><T131/><D105/><U36/><E36/><V116/><F116/><W22/><G9/><T94/><D94/><U40/><E40/><V30/><F30/><W107/><G107/><T51/><D51/><U37/><E37/><V70/><F70/><W98/><G98/><T68/><D68/><U25/><E25/><V6/><F89/><W87/><G97/><T56/><D56/><U46/><E66/><V110/><F110/><W99/><G99/><T103/><D103/><U121/><E121/><V34/><F34/><W54/><G54/><N who="1" m="20490" /><E46/><N who="3" m="17450" /><G39/><T28/><D108/><U84/><E130/><V102/><F102/><W64/><G64/><T2/><D2/><U7/><E0/><V77/><F77/><W49/><G49/><T26/><D26/><U67/><E67/><V79/><F79/><W75/><G75/><T123/><D123/><RYUUKYOKU ba="0,0" sc="344,15,177,-15,197,-15,282,15" hai0="8,14,21,24,28,128,129,131,133,134" hai3="11,13,16,17,22,87,90,95,117,118" /><INIT seed="3,1,0,5,1,59" ten="359,162,182,297" oya="3" hai0="125,79,128,10,109,129,34,82,105,96,120,133,30" hai1="7,0,75,119,28,45,13,23,116,58,47,31,63" hai2="115,48,74,84,124,56,61,121,103,44,9,77,99" hai3="90,37,78,49,106,94,69,25,1,68,100,12,14"/><W92/><G37/><T42/><D120/><U36/><E75/><V35/><F115/><W54/><G1/><T72/><D109/><U134/><E134/><V4/><F35/><W29/><G106/><T33/><D133/><U39/><E0/><V93/><F74/><W89/><G100/><N who="0" m="62599" /><D125/><U86/><E86/><V108/><F108/><W111/><G78/><T50/><D30/><N who="1" m="11307" /><E39/><V24/><F24/><W102/><G102/><T8/><D8/><N who="1" m="4255" /><E36/><V81/><F124/><W83/><G83/><T2/><D50/><U17/><E119/><V67/><F121/><W123/><G123/><T51/><D51/><U126/><E116/><V131/><F131/><N who="0" m="50250" /><D42/><U95/><E95/><V19/><F4/><AGARI ba="1,0" hai="2,4,10,33,34,72,79,82" m="50250,62599" machi="4" ten="30,2000,0" yaku="19,1,23,1" doraHai="59" who="0" fromWho="2" sc="359,23,162,0,182,-23,297,0" owari="382,48.2,162,-23.8,159,-34.1,297,9.7" /></mjloggm>