<mjloggm ver="2.3"><GO type="225" lobby="0"/><UN n0="%E6%A1%9C%E8%8A%B1%E9%96%83%E3%80%85" n1="%E3%82%BD%E3%83%AB%E3%83%88%E3%82%AF%E3%83%AA%E3%83%BC%E3%82%AF" n2="%4B%2E%32%2E%4B%2E" n3="%E7%B4%94%E6%BD%94%E3%83%94%E3%83%A9%E3%83%8B%E3%82%A2" dan="16,16,16,16" rate="2146.15,2090.59,2133.21,2135.43" sx="M,M,M,M"/><TAIKYOKU oya="0"/><INIT seed="0,0,0,0,5,17" ten="250,250,250,250" oya="0" hai0="80,18,131,91,84,16,102,114,116,1,30,63,113" hai1="99,134,43,79,106,58,70,47,8,2,83,123,45" hai2="120,21,109,50,54,38,108,92,118,40,73,121,77" hai3="10,125,87,110,132,6,93,68,56,129,20,86,53"/><T94/><D116/><U15/><E123/><V39/><F118/><W81/><G68/><T60/><D1/><U128/><E70/><V13/><F92/><W41/><G110/><N who="2" m="42601" /><F77/><W34/><G34/><T0/><D0/><U88/><E128/><V23/><F73/><W3/><G41/><T124/><D131/><U14/><E134/><V62/><F62/><N who="0" m="23594" /><D114/><U66/><E58/><N who="2" m="33111" /><F13/><W117/><G56/><T19/><D124/><U126/><E66/><V130/><F130/><W29/><G93/><T25/><D113/><U24/><E24/><V72/><F72/><W119/><G3/><T64/><D64/><U65/><E65/><V107/><F107/><W103/><G125/><T95/><D102/><U71/><E71/><V135/><F135/><W52/><G103/><T4/><D4/><U104/><E126/><V32/><F32/><W7/><G129/><T111/><D111/><U44/><E43/><V36/><F40/><W127/><G127/><T12/><D12/><U61/><E61/><V98/><F98/><W69/><G69/><T28/><D28/><U46/><E2/><V67/><F67/><W75/><G29/><T49/><D49/><U27/><E27/><V26/><F26/><W100/><G100/><T115/><D115/><U82/><E15/><V55/><F55/><W42/><G75/><T89/><D89/><U74/><N who="1" m="11264" /><DORA hai="35" /><U105/><E99/><V37/><F36/><W9/><G42/><T96/><D96/><U11/><REACH who="1" step="1"/><E14/><REACH who="1" ten="250,240,250,250" step="2"/><V33/><F33/><W51/><G132/><T31/><D31/><U90/><E90/><V48/><F48/><RYUUKYOKU ba="0,1" sc="250,10,240,10,250,10,250,-30" hai0="16,18,19,25,30,80,84,91,94,95" hai1="8,11,74,79,82,83,88,104,105,106" hai2="21,23,37,38,39,120,121" /><INIT seed="0,1,1,1,4,16" ten="260,250,260,220" oya="0" hai0="23,77,45,33,47,66,118,20,40,112,15,134,98" hai1="67,70,95,124,89,54,94,116,121,72,35,12,115" hai2="59,17,69,132,22,50,9,102,48,79,36,26,133" hai3="11,52,131,119,73,31,8,128,114,88,32,24,55"/><T42/><D112/><U106/><E35/><V13/><F69/><W0/><G73/><T105/><D118/><U44/><E72/><V87/><F36/><W27/><G119/><T25/><D134/><N who="2" m="51818" /><F102/><W7/><G114/><T76/><D66/><U80/><E106/><V38/><F38/><W120/><G120/><T34/><D105/><U2/><E2/><V111/><F111/><W84/><G11/><T43/><D98/><U61/><E116/><V110/><F110/><W19/><G19/><N who="0" m="10367" /><D34/><U109/><E121/><V108/><F108/><W21/><G24/><T86/><D33/><U14/><E109/><V75/><F59/><W123/><G32/><T5/><D5/><U85/><E124/><V82/><F75/><W127/><G127/><T104/><D104/><U49/><E115/><V6/><AGARI ba="1,1" hai="6,9,13,17,22,26,48,50,79,82,87" m="51818" machi="6" ten="30,2000,0" yaku="20,1,52,1" doraHai="16" who="2" fromWho="2" sc="260,-11,250,-6,260,33,220,-6" /><INIT seed="1,0,0,5,3,14" ten="249,244,293,214" oya="1" hai0="72,6,81,20,24,97,117,0,80,99,100,132,112" hai1="37,32,79,31,116,5,4,28,127,88,101,131,67" hai2="94,114,42,59,65,50,82,2,33,124,22,30,115" hai3="45,104,1,48,35,113,122,75,41,52,39,69,26"/><U123/><E116/><V91/><F33/><W76/><G113/><T27/><D117/><U44/><E123/><V110/><F2/><W61/><G122/><T70/><D112/><U63/><E79/><V55/><F110/><W47/><G1/><T15/><D70/><U86/><E101/><V64/><F124/><W74/><G104/><T102/><D132/><U106/><E106/><V40/><F82/><N who="0" m="31850" /><D72/><U23/><E32/><V90/><F90/><W68/><G76/><T71/><D71/><U60/><E37/><V46/><F42/><W108/><G108/><T133/><D27/><U119/><E119/><V120/><F120/><W105/><G105/><T134/><D0/><U56/><E63/><V7/><F7/><N who="1" m="2633" /><E131/><V111/><F111/><W103/><G103/><N who="0" m="39467" /><D134/><U43/><E127/><V128/><F128/><W89/><G89/><T109/><D109/><U92/><E23/><V95/><F95/><W121/><G121/><T83/><N who="0" m="31858" /><T21/><DORA hai="57" /><D21/><U25/><E25/><N who="2" m="16695" /><F115/><W87/><G68/><T38/><D38/><U118/><E118/><V62/><F114/><W51/><G39/><T9/><D133/><U17/><E17/><AGARI ba="0,0" hai="6,9,15,17,20,24,97,99" m="39467,31858" machi="17" ten="30,2000,0" yaku="8,1,52,1" doraHai="14,57" who="0" fromWho="1" sc="249,20,244,-20,293,0,214,0" /><INIT seed="2,0,0,4,2,121" ten="269,224,293,214" oya="2" hai0="21,128,48,82,35,18,115,25,43,15,127,55,113" hai1="59,26,130,98,11,17,119,46,83,30,22,3,7" hai2="106,85,105,84,81,6,78,132,131,8,65,86,42" hai3="23,89,110,5,41,79,70,74,64,47,101,93,32"/><V123/><F123/><W62/><G32/><T56/><D127/><U99/><E119/><V71/><F131/><W45/><G101/><T52/><D128/><U126/><E126/><V118/><F118/><W72/><G47/><T134/><D134/><U133/><E130/><V60/><F42/><W13/><G79/><T20/><D35/><U109/><E109/><V103/><F132/><W114/><G114/><T36/><D36/><U67/><E133/><V107/><REACH who="2" step="1"/><F103/><REACH who="2" ten="269,224,283,214" step="2"/><W92/><G41/><T2/><D43/><U73/><E46/><V104/><N who="2" m="26624" /><DORA hai="31" /><V100/><F100/><W63/><G45/><T50/><D115/><U111/><E111/><V129/><F129/><W0/><G110/><T66/><D113/><U53/><E67/><V80/><F80/><W10/><G92/><T37/><D82/><U54/><E83/><V117/><F117/><W12/><G93/><T24/><D66/><U14/><E73/><V96/><F96/><W135/><G135/><T40/><D40/><U90/><E90/><V28/><F28/><W27/><G89/><T44/><D37/><U19/><E19/><V116/><F116/><W124/><G124/><T108/><D108/><U4/><E4/><V88/><F88/><W1/><G72/><T120/><D120/><U68/><E68/><V29/><F29/><W58/><G74/><T97/><D97/><U94/><E94/><V76/><F76/><W91/><G91/><T122/><D122/><U16/><E17/><V75/><F75/><W95/><G95/><T112/><D112/><U38/><E38/><V57/><F57/><RYUUKYOKU ba="0,1" sc="269,-10,224,-10,283,30,214,-10" hai2="6,8,60,65,71,78,81,84,85,86" /><INIT seed="2,1,1,0,3,68" ten="259,214,313,204" oya="2" hai0="130,40,58,60,1,61,20,42,108,43,66,9,0" hai1="127,34,123,100,25,57,72,119,12,102,30,29,67" hai2="55,78,90,7,22,107,69,11,79,101,121,96,48" hai3="74,47,131,23,95,91,38,33,94,120,13,44,3"/><V135/><F121/><W85/><G120/><T106/><D106/><U64/><E123/><V49/><F69/><W97/><G33/><T28/><D108/><U77/><E72/><V14/><F135/><W56/><G74/><T10/><D130/><U86/><E34/><V18/><F90/><W32/><G32/><T125/><D125/><U84/><E127/><V46/><REACH who="2" step="1"/><F49/><REACH who="2" ten="259,214,303,204" step="2"/><W81/><G91/><T52/><D61/><N who="1" m="37935" /><E119/><V4/><F4/><W31/><G131/><T54/><D60/><U114/><E114/><V133/><F133/><W62/><G62/><T59/><D42/><U92/><E67/><V75/><F75/><W26/><G85/><T118/><D66/><U35/><E84/><V6/><F6/><W8/><G97/><T83/><D43/><U2/><E86/><V113/><F113/><W98/><G98/><T88/><D40/><U111/><E111/><V93/><F93/><W63/><G94/><T21/><D88/><U27/><E92/><V70/><F70/><W45/><G95/><T89/><D89/><U16/><E77/><V76/><F76/><W110/><G110/><T115/><D115/><U51/><E51/><V50/><F50/><W5/><G81/><T24/><D83/><U37/><E37/><V134/><F134/><W116/><G38/><T104/><D118/><U15/><E2/><AGARI ba="1,2" hai="2,7,11,14,18,22,46,48,55,78,79,96,101,107" machi="2" ten="30,2900,0" yaku="1,1,7,1,53,0" doraHai="68" doraHaiUra="129" who="2" fromWho="1" sc="259,0,214,-32,303,52,204,0" /><INIT seed="2,2,0,4,1,60" ten="259,182,355,204" oya="2" hai0="118,58,120,31,132,65,56,63,81,48,102,23,3" hai1="79,83,36,51,5,87,0,91,49,50,18,97,19" hai2="24,71,61,45,28,69,6,127,115,130,122,21,96" hai3="129,93,121,72,95,123,128,125,104,7,108,33,117"/><V84/><F115/><W107/><G7/><T119/><D120/><N who="3" m="46153" /><G33/><T74/><D3/><U86/><E36/><V100/><F122/><W98/><G117/><N who="0" m="44555" /><D132/><U1/><E5/><V35/><F127/><W34/><G34/><T15/><D102/><U42/><E42/><V99/><F130/><N who="3" m="50283" /><G125/><T39/><D39/><U11/><E11/><V26/><F6/><W9/><G9/><T2/><D2/><N who="1" m="1131" /><E97/><V82/><F45/><W40/><G40/><T105/><D105/><N who="3" m="40521" /><G108/><T30/><D15/><U78/><E91/><V43/><F43/><W135/><G135/><T41/><D23/><U111/><E83/><V57/><F26/><W134/><G134/><T73/><D81/><U22/><E22/><V14/><F14/><W114/><G114/><T85/><D41/><U109/><E18/><V46/><F35/><W38/><G38/><T52/><D30/><U101/><E101/><V112/><F100/><N who="3" m="60495" /><G95/><T67/><D31/><U92/><E92/><V17/><F112/><W29/><G29/><T90/><D67/><U77/><E19/><V110/><F28/><W70/><G70/><T80/><AGARI ba="2,0" hai="48,52,56,58,63,65,73,74,80,85,90" m="44555" machi="80" ten="30,4000,0" yaku="12,1,52,1,54,1" doraHai="60" who="0" fromWho="0" sc="259,46,182,-12,355,-22,204,-12" /><INIT seed="3,0,0,4,5,71" ten="305,170,333,192" oya="3" hai0="39,49,37,104,13,82,116,6,33,132,23,19,85" hai1="25,98,51,84,100,127,46,78,0,72,109,110,30" hai2="60,131,119,27,64,22,44,11,122,54,16,102,42" hai3="31,68,118,38,134,58,69,57,126,93,59,4,91"/><W20/><G118/><T111/><D116/><U61/><E72/><V12/><F119/><W123/><G123/><T97/><D33/><U87/><E0/><V40/><F122/><W77/><G126/><T133/><D111/><U117/><E117/><V63/><F131/><W17/><G134/><N who="0" m="51819" /><D49/><U35/><E127/><V86/><F102/><W83/><G31/><T41/><D41/><N who="2" m="15978" /><F64/><W50/><G50/><T94/><D6/><U130/><E130/><V10/><F10/><W106/><G106/><T76/><D104/><U32/><E61/><N who="2" m="23627" /><F86/><N who="1" m="32809" /><E78/><V52/><F44/><W80/><G4/><AGARI ba="0,0" hai="4,11,12,16,22,27,52,54" m="23627,15978" machi="4" ten="30,3900,0" yaku="8,1,54,2" doraHai="71" who="2" fromWho="3" sc="305,0,170,0,333,39,192,-39" owari="305,10.5,170,-23.0,372,47.2,153,-34.7" /></mjloggm>