<mjloggm ver="2.3"><GO type="225" lobby="0"/><UN n0="%E3%81%8B%E3%82%8F%E3%81%A1%E3%82%83%E3%82%93%35%38" n1="%28%EF%BF%A3%E2%96%BD%EF%BF%A3%29%CE%B4%E2%8C%92%E3%83%BB" n2="%6D%61%74%69%67%75%73%61" n3="%E3%83%8F%E3%83%B3%E3%83%89%E3%83%A9%E3%83%BC%E3%83%BB%E3%83%AF%E3%83%B3" dan="17,16,17,17" rate="2256.15,2151.03,2150.73,2260.84" sx="M,M,M,M"/><TAIKYOKU oya="0"/><INIT seed="0,0,0,5,2,110" ten="250,250,250,250" oya="0" hai0="27,71,85,134,118,130,78,38,103,46,125,15,8" hai1="107,32,53,67,75,135,113,72,93,51,48,7,59" hai2="22,123,29,36,89,12,10,52,19,0,6,102,69" hai3="60,54,82,129,47,45,127,74,34,24,101,112,119"/><T96/><D118/><U58/><E107/><V90/><F123/><W62/><G119/><T116/><D116/><U128/><E32/><V9/><F36/><W33/><G101/><T49/><D71/><U37/><E37/><V13/><F69/><W105/><G105/><T117/><D117/><U88/><E135/><V111/><F111/><W77/><G129/><T5/><D130/><U80/><E128/><V76/><F102/><W132/><G132/><T3/><D134/><U55/><E7/><V20/><F76/><W14/><G127/><T18/><D38/><U23/><E67/><V21/><F52/><W94/><G94/><T83/><D27/><U50/><E113/><V44/><F44/><W43/><G112/><T68/><D68/><U120/><E120/><V2/><F90/><W56/><G14/><T70/><D70/><U35/><E35/><V95/><F89/><W121/><G121/><T66/><D66/><U30/><E80/><V106/><F95/><W84/><G74/><T114/><D125/><U17/><E30/><V104/><F104/><W57/><G24/><T115/><D18/><U64/><E64/><V99/><F99/><W131/><G131/><T25/><D25/><U65/><E65/><V81/><F81/><W124/><G124/><T11/><D11/><U79/><E79/><V4/><F106/><W39/><G45/><T108/><D108/><U97/><E51/><V92/><F92/><W63/><G63/><T86/><D86/><U109/><E109/><V73/><F73/><W87/><G87/><T91/><D85/><U42/><E42/><RYUUKYOKU ba="0,0" sc="250,-15,250,15,250,-15,250,15" hai1="17,23,48,50,53,55,58,59,72,75,88,93,97" hai3="33,34,39,43,47,54,56,57,60,62,77,82,84" /><INIT seed="1,1,0,4,2,61" ten="235,265,235,265" oya="1" hai0="111,6,97,127,27,24,21,47,133,77,57,105,96" hai1="78,3,59,128,82,95,84,122,28,119,73,23,113" hai2="83,79,106,74,63,52,25,5,98,68,36,49,60" hai3="42,76,38,100,67,30,117,16,115,1,135,56,53"/><U102/><E3/><V88/><F36/><W107/><G115/><T33/><D111/><U93/><E113/><V69/><F5/><W108/><G1/><T103/><D133/><U12/><E119/><V48/><F48/><W75/><G30/><T114/><D114/><U64/><E122/><V101/><F25/><W8/><G108/><T124/><D6/><U104/><E128/><V116/><F116/><W37/><G117/><T65/><D77/><U129/><E129/><V51/><F51/><W110/><G110/><T2/><D2/><U22/><E28/><V13/><F13/><W31/><G31/><T43/><D97/><N who="1" m="61519" /><E95/><V54/><F88/><W86/><G75/><T14/><D14/><U34/><E12/><V18/><F18/><W87/><G135/><T81/><D81/><U58/><E34/><V7/><F7/><W26/><G107/><T41/><D33/><U131/><E131/><V80/><F83/><W99/><G38/><N who="0" m="21943" /><D43/><U92/><E92/><V55/><F49/><W85/><G42/><T132/><D132/><U29/><E29/><V10/><F10/><W109/><G37/><T134/><D134/><U45/><E45/><V32/><F32/><W72/><G109/><T19/><D27/><U40/><E40/><V62/><AGARI ba="1,0" hai="52,54,55,60,62,63,68,69,74,79,80,98,101,106" machi="62" ten="30,2000,0" yaku="0,1,54,1" doraHai="61" who="2" fromWho="2" sc="235,-6,265,-11,235,23,265,-6" /><INIT seed="2,0,0,3,4,100" ten="229,254,258,259" oya="2" hai0="6,24,22,123,5,84,8,80,70,62,28,132,104" hai1="74,90,53,7,77,12,131,119,21,49,114,69,50" hai2="35,40,79,120,99,46,68,91,103,126,55,11,89" hai3="105,44,37,20,95,72,75,19,13,93,87,29,34"/><V16/><F120/><W85/><G105/><T73/><D123/><U52/><E69/><V86/><F35/><W58/><G34/><T18/><D73/><U88/><E119/><V51/><F68/><W110/><G29/><T96/><D132/><U98/><E114/><V30/><F30/><W27/><G110/><T112/><D112/><U109/><E109/><V0/><F126/><W130/><G130/><T122/><D122/><U4/><E74/><V94/><F0/><W71/><G71/><T36/><D36/><U102/><E77/><V38/><F79/><W133/><G133/><T128/><D128/><U64/><E64/><V56/><F38/><W14/><G58/><T59/><D70/><U124/><E124/><V15/><REACH who="2" step="1"/><F86/><REACH who="2" ten="229,254,248,259" step="2"/><W106/><G37/><T116/><D116/><U65/><E131/><V42/><F42/><W83/><G87/><T115/><D115/><U118/><E118/><V92/><F92/><W125/><G93/><T3/><D104/><U48/><E98/><V10/><F10/><W31/><G125/><T23/><D96/><U82/><E82/><V129/><F129/><W25/><G83/><T32/><D6/><U33/><E4/><V61/><AGARI ba="0,1" hai="11,15,16,40,46,51,55,56,61,89,91,94,99,103" machi="61" ten="20,12000,1" yaku="1,1,0,1,7,1,8,1,54,1,53,0" doraHai="100" doraHaiUra="111" who="2" fromWho="2" sc="229,-40,254,-40,248,130,259,-40" /><INIT seed="2,1,0,0,0,82" ten="189,214,378,219" oya="2" hai0="104,21,66,124,132,118,0,84,110,83,7,53,92" hai1="47,125,122,15,120,42,71,60,65,127,54,93,100" hai2="44,6,49,91,55,67,38,89,20,94,23,75,3" hai3="26,80,79,56,69,85,61,39,25,50,123,4,9"/><V102/><F75/><W129/><G123/><N who="1" m="47146" /><E15/><V46/><F67/><W107/><G39/><T33/><D104/><U58/><E100/><V17/><F3/><W34/><G107/><T14/><D33/><U64/><E93/><V133/><F133/><W98/><G129/><T76/><D0/><U19/><E19/><V119/><F119/><W116/><G116/><T70/><D118/><U59/><E65/><V40/><F6/><W78/><G78/><T68/><D66/><U117/><E117/><V86/><F102/><W24/><G98/><T13/><D132/><U87/><E87/><V43/><F17/><W105/><G105/><T45/><D110/><U72/><E72/><V48/><F91/><W121/><G121/><T108/><D108/><U36/><E59/><AGARI ba="1,0" hai="20,23,38,40,43,44,46,48,49,55,59,86,89,94" machi="59" ten="30,2900,0" yaku="7,1,52,1" doraHai="82" who="2" fromWho="1" sc="189,0,214,-32,378,32,219,0" /><INIT seed="2,2,0,5,5,60" ten="189,182,410,219" oya="2" hai0="126,58,25,66,120,33,131,23,89,61,108,117,51" hai1="123,72,92,74,34,43,102,86,77,105,93,116,132" hai2="57,110,64,14,84,128,129,39,104,91,24,71,109" hai3="130,38,50,37,76,59,5,115,103,22,18,73,65"/><V53/><F104/><W0/><G130/><N who="2" m="50281" /><F39/><W79/><G103/><T122/><D131/><U11/><E43/><V15/><F24/><W13/><G115/><T44/><D33/><U7/><E34/><V113/><F71/><W107/><G107/><T31/><D108/><N who="2" m="41578" /><F64/><W114/><G114/><T112/><D112/><U4/><E105/><V101/><F101/><W30/><G38/><T41/><D126/><U97/><E102/><V82/><F113/><W67/><G37/><T20/><D117/><U119/><E116/><V75/><F75/><W83/><G30/><T12/><D122/><U134/><E74/><V48/><AGARI ba="2,0" hai="14,15,48,53,57,82,84,91" m="41578,50281" machi="48" ten="30,6000,0" yaku="19,1,14,1,10,1" doraHai="60" who="2" fromWho="2" sc="189,-22,182,-22,410,66,219,-22" /><INIT seed="2,3,0,1,1,116" ten="167,160,476,197" oya="2" hai0="60,111,24,131,75,28,33,129,49,118,35,113,38" hai1="12,122,98,61,120,40,109,30,101,100,25,48,74" hai2="29,102,17,58,68,59,66,79,5,86,50,39,117" hai3="57,32,19,85,7,103,70,52,135,11,125,26,71"/><V115/><F39/><W9/><G125/><T20/><D38/><U18/><E74/><V67/><F115/><W47/><G135/><T3/><D75/><U73/><E73/><V37/><F37/><W121/><G121/><N who="1" m="46698" /><E109/><V1/><F29/><W76/><G103/><T96/><D111/><U92/><E61/><V63/><F5/><W95/><G47/><T41/><D60/><U21/><E48/><V87/><F1/><W105/><G105/><T133/><D133/><U124/><E40/><V42/><F102/><W128/><G128/><T8/><D49/><U46/><E46/><V114/><F117/><W2/><G32/><N who="0" m="12363" /><D41/><U82/><E82/><V45/><F114/><W110/><G110/><T14/><D118/><U55/><E55/><V84/><F79/><W80/><G95/><T56/><D56/><U72/><E72/><V94/><F68/><W77/><G71/><T44/><D44/><U34/><E101/><V81/><F81/><W104/><G70/><T62/><D62/><U6/><E6/><V0/><F59/><W97/><G57/><T123/><D123/><U108/><E108/><V90/><F66/><W127/><G52/><T16/><D113/><U126/><AGARI ba="3,0" hai="12,18,21,25,30,34,92,98,100,124,126" m="46698" machi="126" ten="30,7900,0" yaku="13,1,52,3" doraHai="116" who="1" fromWho="1" sc="167,-23,160,88,476,-42,197,-23" /><INIT seed="3,0,0,1,4,57" ten="144,248,434,174" oya="3" hai0="62,114,53,111,116,71,0,121,117,105,127,120,102" hai1="86,93,135,72,83,17,12,61,94,129,21,73,74" hai2="40,115,32,84,41,75,66,79,36,119,30,2,95" hai3="39,52,96,10,104,28,97,82,22,15,46,106,99"/><W5/><G82/><T81/><D0/><U122/><E122/><N who="0" m="47209" /><D81/><U47/><E135/><V92/><F66/><W58/><G39/><T27/><D27/><U88/><E129/><V14/><F115/><W42/><G42/><T50/><D102/><U113/><E113/><V80/><F119/><N who="0" m="45642" /><D105/><U9/><E47/><V54/><F14/><W70/><G46/><N who="0" m="27863" /><D114/><U76/><E94/><V101/><F54/><W123/><G123/><T69/><D111/><U31/><E31/><V51/><F51/><W134/><G134/><T8/><D8/><U59/><E9/><V133/><F92/><W29/><G70/><N who="0" m="26635" /><D127/><U11/><E11/><V6/><F133/><W108/><G108/><T125/><D125/><U7/><E7/><V89/><F95/><W4/><G4/><T107/><D107/><U60/><E59/><V65/><F65/><W25/><REACH who="3" step="1"/><G29/><REACH who="3" ten="144,248,434,164" step="2"/><T63/><AGARI ba="0,1" hai="62,63" m="26635,27863,45642,47209" machi="63" ten="40,8000,1" yaku="34,2,52,2" doraHai="57" who="0" fromWho="0" sc="144,90,248,-20,434,-20,164,-40" owari="234,3.4,228,-17.2,414,51.4,124,-37.6" /></mjloggm>