<mjloggm ver="2.3"><GO type="225" lobby="0"/><UN n0="%43%68%65" n1="%E6%80%AA%E3%81%97%E3%81%99%E3%81%8E%E3%82%8B%E3%83%81%E3%83%BC" n2="%E2%91%A3%E9%81%BF%E9%81%8A%E6%88%AF%E3%80%90%E6%9D%B1%E5%8D%97%E3%80%91" n3="%E3%81%A1%E3%82%85%E3%81%86%E3%81%A9%E3%81%8F%E8%B1%A1%E3%81%95%E3%82%93" dan="16,16,16,17" rate="2134.90,2149.77,2148.61,2198.84" sx="M,M,M,M"/><TAIKYOKU oya="0"/><INIT seed="0,0,0,4,1,18" ten="250,250,250,250" oya="0" hai0="31,12,64,109,121,51,4,43,34,80,114,124,16" hai1="81,21,38,53,49,106,36,13,32,129,93,74,27" hai2="111,69,66,25,44,119,123,91,100,10,98,134,113" hai3="104,118,60,127,77,107,62,24,128,88,79,122,110"/><T73/><D114/><U65/><E106/><V0/><F113/><W5/><G118/><T83/><D121/><U90/><E129/><V108/><F123/><W78/><G122/><T33/><D124/><U75/><E32/><V117/><F91/><W59/><G128/><T40/><D4/><U97/><E13/><V26/><F44/><W92/><G127/><T8/><D64/><U96/><E65/><V45/><F45/><W63/><G110/><N who="2" m="42025" /><F66/><W56/><G5/><T120/><D120/><U84/><E38/><V20/><F69/><W71/><G24/><T37/><D37/><U126/><E36/><V112/><F26/><W54/><G71/><T105/><D43/><U133/><E96/><V67/><F67/><W14/><G14/><T58/><D40/><U6/><E6/><N who="2" m="1351" /><F112/><W85/><REACH who="3" step="1"/><G62/><REACH who="3" ten="250,250,250,240" step="2"/><T61/><D61/><U17/><E126/><V55/><F119/><W99/><G99/><T2/><D109/><U46/><REACH who="1" step="1"/><E133/><REACH who="1" ten="250,240,250,240" step="2"/><V47/><F134/><W135/><G135/><T29/><D2/><U103/><AGARI ba="0,2" hai="17,21,27,46,49,53,74,75,81,84,90,93,97,103" machi="103" ten="20,8000,1" yaku="1,1,2,1,0,1,7,1,52,1,53,0" doraHai="18" doraHaiUra="70" who="1" fromWho="1" sc="250,-40,240,100,250,-20,240,-20" /><INIT seed="1,0,0,5,0,105" ten="210,340,230,220" oya="1" hai0="18,130,106,44,27,69,30,71,47,127,68,2,98" hai1="101,20,108,134,51,115,117,36,124,90,114,11,82" hai2="129,88,131,89,77,59,96,65,121,92,31,118,135" hai3="81,16,48,43,22,60,86,67,109,61,85,21,123"/><U45/><E36/><V38/><F121/><W104/><G104/><T41/><D127/><U64/><E117/><V12/><F118/><W133/><G123/><T35/><D130/><U125/><E134/><V4/><F135/><W83/><G133/><T15/><D2/><U55/><E101/><V39/><F31/><W75/><G109/><T37/><D47/><U103/><E103/><V40/><F40/><W24/><G43/><T107/><REACH who="0" step="1"/><D98/><REACH who="0" ten="200,340,230,220" step="2"/><U23/><E124/><V74/><F129/><W5/><G67/><T6/><D6/><U111/><E64/><V132/><F65/><W13/><G5/><T66/><D66/><U29/><E125/><V97/><F4/><W78/><G48/><T99/><D99/><U119/><E45/><V80/><F97/><W10/><G10/><AGARI ba="0,1" hai="10,15,18,27,30,35,37,41,44,68,69,71,106,107" machi="10" ten="40,1300,0" yaku="1,1,53,0" doraHai="105" doraHaiUra="58" who="0" fromWho="3" sc="200,23,340,0,230,0,220,-13" /><INIT seed="2,0,0,1,5,69" ten="223,340,230,207" oya="2" hai0="91,35,114,70,45,64,100,38,5,82,62,105,16" hai1="60,87,132,50,22,72,59,101,120,44,73,75,9" hai2="19,79,74,112,83,14,94,41,108,81,51,77,2" hai3="4,12,99,123,128,107,71,58,113,88,43,32,78"/><V104/><F104/><W110/><G123/><T56/><D114/><U6/><E120/><V40/><F112/><W133/><G113/><T86/><D35/><U7/><E132/><V20/><F2/><W39/><G71/><T90/><D5/><U26/><E101/><V52/><F94/><W131/><G32/><T122/><D122/><U117/><E87/><V25/><F108/><W103/><G133/><T15/><D70/><U85/><E85/><V63/><F63/><W126/><G78/><T130/><D130/><N who="3" m="49705" /><G110/><T37/><D45/><U21/><E117/><V98/><F98/><W49/><G126/><T42/><D42/><U134/><E134/><V109/><F109/><W3/><G3/><T118/><D91/><U8/><E7/><V1/><F1/><W124/><G124/><T97/><D118/><U33/><E6/><V121/><F121/><W125/><G125/><T102/><D102/><U96/><E96/><V28/><F79/><W92/><G58/><T11/><AGARI ba="0,0" hai="11,15,16,37,38,56,62,64,82,86,90,97,100,105" machi="11" ten="20,8000,1" yaku="0,1,7,1,52,2,54,1" doraHai="69" who="0" fromWho="0" sc="223,80,340,-20,230,-40,207,-20" /><INIT seed="3,0,0,3,4,93" ten="303,320,190,187" oya="3" hai0="29,67,103,23,132,77,35,18,28,87,122,106,33" hai1="41,10,22,69,81,105,94,89,114,127,26,117,43" hai2="118,0,4,14,135,88,85,119,78,1,82,57,120" hai3="25,125,46,30,110,130,83,121,65,12,13,100,66"/><W15/><G121/><T16/><D122/><U11/><E105/><V3/><F120/><W76/><G130/><T80/><D67/><N who="3" m="25609" /><G125/><T56/><D132/><U104/><E104/><V32/><F135/><W53/><G110/><T8/><D35/><U112/><E69/><V74/><F32/><W91/><G100/><T84/><D33/><U58/><E127/><V101/><F57/><W90/><G76/><T20/><D8/><U108/><E58/><V45/><F45/><W107/><G107/><T6/><D6/><U134/><E117/><V116/><F14/><W39/><G39/><T54/><D87/><U131/><E81/><V99/><F4/><W60/><G83/><T47/><D47/><U63/><E131/><V59/><F59/><N who="3" m="34927" /><G46/><T52/><D103/><U24/><E108/><V124/><F124/><W96/><G96/><T27/><D106/><U115/><E134/><V109/><F109/><W55/><G55/><N who="0" m="21035" /><D56/><U73/><E73/><V75/><F78/><W42/><G42/><T64/><D64/><U98/><E41/><V92/><AGARI ba="0,0" hai="0,1,3,74,75,82,85,88,92,99,101,116,118,119" machi="92" ten="40,5200,0" yaku="0,1,52,1,54,1" doraHai="93" who="2" fromWho="2" sc="303,-13,320,-13,190,52,187,-26" owari="290,9.0,307,40.7,242,-15.8,161,-33.9" /></mjloggm>