<mjloggm ver="2.3"><GO type="225" lobby="0"/><UN n0="%E3%81%B8%E3%82%80%E3%81%B8%E3%82%80%EF%BC%92%E5%8F%B7" n1="%E7%B4%94%E6%BD%94%E3%83%94%E3%83%A9%E3%83%8B%E3%82%A2" n2="%E6%97%A5%E6%9B%9C%E6%97%A5%E3%82%88%E3%82%8A%E3%81%AE%E4%BD%BF%E8%80%85" n3="%E6%80%AA%E3%81%97%E3%81%99%E3%81%8E%E3%82%8B%E3%83%81%E3%83%BC" dan="17,16,17,16" rate="2147.26,2110.39,2139.96,2120.16" sx="M,M,M,M"/><TAIKYOKU oya="0"/><INIT seed="0,0,0,4,1,104" ten="250,250,250,250" oya="0" hai0="13,97,10,15,1,116,85,81,0,99,33,65,21" hai1="135,7,48,56,20,58,51,52,100,29,28,53,98" hai2="40,82,38,14,9,78,127,46,92,90,134,108,84" hai3="88,94,44,101,61,133,114,11,60,27,76,31,80"/><T103/><D33/><U122/><E122/><V16/><F108/><W113/><G133/><T17/><D116/><U93/><E135/><V105/><F134/><W111/><G111/><T30/><D65/><U8/><REACH who="1" step="1"/><E20/><REACH who="1" ten="250,240,250,250" step="2"/><V50/><F127/><W95/><G113/><T35/><D35/><U25/><E25/><V128/><F128/><W32/><G114/><T12/><D30/><U49/><E49/><V96/><REACH who="2" step="1"/><F105/><REACH who="2" ten="250,240,240,250" step="2"/><W37/><G32/><T115/><D115/><U91/><E91/><V89/><F89/><W34/><G88/><T54/><D103/><U4/><E4/><V67/><F67/><W57/><G101/><T42/><D10/><U45/><E45/><V47/><F47/><W72/><G11/><T74/><D21/><U121/><E121/><V64/><F64/><W110/><G110/><T120/><D120/><U43/><E43/><V26/><F26/><W18/><G44/><T125/><D42/><U22/><E22/><V55/><F55/><W102/><G27/><T70/><D54/><U132/><E132/><V5/><F5/><W59/><G102/><T129/><D129/><U73/><E73/><V24/><F24/><W86/><G72/><T130/><D74/><U87/><E87/><V75/><F75/><W77/><G86/><T117/><D130/><U23/><E23/><V83/><F83/><W79/><G80/><T118/><D125/><U66/><E66/><V109/><F109/><W63/><G34/><T2/><D118/><U123/><E123/><V36/><AGARI ba="0,2" hai="9,14,16,36,38,40,46,50,78,82,84,90,92,96" machi="36" ten="30,8000,1" yaku="1,1,0,1,54,1,53,2" doraHai="104" doraHaiUra="71" who="2" fromWho="2" sc="250,-40,240,-20,240,100,250,-20" /><INIT seed="1,0,0,0,4,89" ten="210,220,340,230" oya="1" hai0="46,132,60,122,102,57,123,20,115,62,13,75,82" hai1="39,30,34,68,25,66,131,85,96,26,5,73,40" hai2="67,0,16,2,48,88,107,86,11,59,21,71,84" hai3="38,99,29,12,109,80,23,32,61,121,94,52,125"/><U10/><E73/><V93/><F107/><W4/><G121/><N who="0" m="46091" /><D115/><U45/><E131/><V50/><F71/><W126/><G38/><T127/><D127/><N who="3" m="48649" /><G109/><T51/><D132/><U53/><E26/><N who="2" m="14631" /><F0/><W103/><G32/><T124/><D124/><U55/><E85/><N who="2" m="52367" /><F11/><N who="3" m="4199" /><G80/><T112/><D102/><U70/><E96/><V36/><F36/><W43/><G43/><T79/><D57/><U104/><E104/><V105/><F2/><W56/><G23/><T95/><D95/><U49/><E66/><V9/><F9/><W92/><G29/><T81/><D81/><U111/><E111/><V22/><F22/><W100/><G92/><T41/><D112/><U42/><E42/><V90/><F105/><W47/><G47/><T7/><D7/><U14/><REACH who="1" step="1"/><E39/><REACH who="1" ten="210,210,340,230" step="2"/><V134/><F86/><W15/><G100/><T72/><D75/><U119/><E119/><V1/><F134/><W27/><G27/><T3/><D3/><U17/><E17/><AGARI ba="0,1" hai="13,17,20,41,46,51,60,62,72,79,82" m="46091" machi="17" ten="30,1000,0" yaku="13,1" doraHai="89" who="0" fromWho="1" sc="210,20,210,-10,340,0,230,0" /><INIT seed="2,0,0,5,4,58" ten="230,200,340,230" oya="2" hai0="67,132,119,113,33,0,19,135,50,64,105,90,49" hai1="55,30,116,43,77,111,37,28,79,48,7,92,78" hai2="121,73,80,120,23,108,134,102,14,123,22,107,89" hai3="15,68,86,117,76,95,2,74,53,52,126,21,62"/><V45/><F45/><W98/><G117/><T106/><D113/><U4/><E116/><V82/><F14/><W122/><G122/><T75/><D119/><U66/><E111/><V5/><F5/><W59/><G2/><T57/><D0/><U93/><E37/><V32/><F32/><W100/><G68/><T91/><D33/><U8/><E43/><V131/><F22/><W39/><G39/><T35/><D35/><U70/><E70/><V24/><F23/><W36/><G36/><T31/><D31/><N who="1" m="11819" /><E66/><N who="0" m="25129" /><D75/><U41/><E41/><V94/><F24/><W42/><G126/><T81/><D19/><U18/><E18/><V20/><F20/><W9/><G74/><T110/><D57/><N who="1" m="32999" /><E8/><V27/><F73/><W65/><G21/><T16/><D16/><U101/><E101/><V6/><F120/><W38/><G42/><T130/><D110/><U63/><E63/><V85/><F108/><W125/><G38/><T56/><D56/><U26/><E26/><V112/><F27/><W47/><G125/><T129/><D106/><U88/><E93/><N who="2" m="54447" /><F107/><W84/><G47/><T11/><D11/><U97/><AGARI ba="0,0" hai="4,7,77,78,79,88,92,97" m="32999,11819" machi="97" ten="30,2000,0" yaku="8,1,54,1" doraHai="58" who="1" fromWho="1" sc="230,-5,200,20,340,-10,230,-5" /><INIT seed="3,0,0,5,5,75" ten="225,220,330,225" oya="3" hai0="32,99,117,0,100,69,80,119,4,101,74,65,28" hai1="12,85,125,112,53,105,57,78,33,67,3,87,107" hai2="115,132,120,71,19,118,94,72,133,124,93,55,113" hai3="106,130,92,52,111,59,2,86,82,79,37,43,40"/><W5/><G106/><N who="0" m="63775" /><D101/><U27/><E3/><V54/><F118/><W126/><G130/><T90/><D90/><U41/><E41/><N who="3" m="15946" /><G126/><T104/><D104/><U13/><E125/><V108/><F108/><W14/><G2/><T9/><D80/><U88/><E107/><V21/><F72/><W77/><G37/><T51/><D51/><U23/><E105/><V17/><F120/><W20/><G111/><T50/><D50/><U73/><E73/><V129/><F71/><W135/><G135/><N who="2" m="51785" /><F129/><W39/><G39/><T68/><D74/><U64/><E33/><V7/><F124/><W122/><G122/><T91/><D91/><U35/><E35/><V83/><F115/><W103/><G103/><T1/><D1/><U98/><E112/><V36/><F36/><W84/><G92/><T26/><D65/><N who="1" m="25163" /><E98/><V25/><F113/><W66/><G66/><T44/><D44/><U121/><E121/><V8/><F94/><W123/><G123/><T58/><D58/><U29/><E78/><N who="3" m="29706" /><G82/><T70/><AGARI ba="0,0" hai="0,4,9,26,28,32,68,69,70,117,119" m="63775" machi="70" ten="30,1100,0" yaku="23,1" doraHai="75" who="0" fromWho="0" sc="225,11,220,-3,330,-3,225,-5" owari="236,3.6,217,-28.3,327,42.7,220,-18.0" /></mjloggm>