<mjloggm ver="2.3"><GO type="225" lobby="0"/><UN n0="%E6%A1%9C%E8%8A%B1%E9%96%83%E3%80%85" n1="%72%61%6B%33" n2="%E3%83%AD%E3%83%83%E3%83%86%E9%9B%80%E7%90%83" n3="%4E%49%4A%49%49%52%4F" dan="18,16,17,16" rate="2224.63,2177.39,2194.46,2183.07" sx="M,M,M,M"/><TAIKYOKU oya="0"/><INIT seed="0,0,0,2,0,45" ten="250,250,250,250" oya="0" hai0="17,99,12,49,43,29,121,81,120,127,100,26,14" hai1="64,28,56,72,134,104,130,25,79,87,76,38,83" hai2="69,47,1,35,48,122,135,15,70,34,93,42,106" hai3="131,39,78,80,40,7,94,124,77,51,65,19,95"/><T98/><D127/><U63/><E130/><V59/><F122/><W89/><G39/><T119/><D119/><U91/><E134/><V21/><F1/><W4/><G131/><T75/><D99/><U133/><E133/><V113/><F106/><W62/><G124/><T102/><D102/><U58/><E38/><V114/><F135/><W128/><G128/><T27/><D27/><U3/><E3/><V66/><F93/><W116/><G116/><T23/><D12/><U90/><E104/><V73/><F73/><W82/><G19/><T110/><D110/><U88/><E79/><V61/><F21/><W30/><G30/><T9/><D81/><U123/><E123/><V117/><F15/><W44/><G94/><T125/><D75/><U13/><E13/><V107/><F107/><W101/><G101/><T22/><D22/><U118/><E118/><V24/><F117/><W84/><G80/><T10/><D10/><U57/><REACH who="1" step="1"/><E72/><REACH who="1" ten="250,240,250,250" step="2"/><V68/><REACH who="2" step="1"/><F24/><REACH who="2" ten="250,240,240,250" step="2"/><W97/><REACH who="3" step="1"/><G77/><REACH who="3" ten="250,240,240,240" step="2"/><T108/><D125/><U53/><E53/><V55/><F55/><W20/><G20/><AGARI ba="0,3" hai="20,25,28,56,57,58,63,64,76,83,87,88,90,91" machi="20" ten="40,5200,0" yaku="1,1,8,1,54,1,53,0" doraHai="45" doraHaiUra="109" who="1" fromWho="3" sc="250,0,240,82,240,0,240,-52" /><INIT seed="1,0,0,1,5,27" ten="250,322,240,188" oya="1" hai0="22,44,3,39,104,65,2,73,126,41,124,97,83" hai1="78,118,95,123,59,107,121,108,100,105,119,71,47" hai2="96,62,94,125,133,134,93,56,10,84,131,75,28" hai3="67,23,42,36,82,40,72,43,24,68,26,25,15"/><U1/><E71/><V54/><F75/><W114/><G114/><T81/><D65/><U77/><E59/><V92/><F125/><N who="0" m="48234" /><D22/><U102/><E47/><V5/><F131/><W117/><G117/><T32/><D32/><U37/><E37/><V48/><F84/><W14/><G36/><T76/><D83/><U111/><E1/><V116/><F116/><W87/><G72/><T79/><D79/><U20/><E20/><V128/><F128/><W115/><G115/><T53/><D53/><U31/><E31/><V19/><F28/><W52/><G68/><T99/><D99/><U13/><E13/><V29/><F29/><W33/><G67/><T46/><D46/><U63/><E63/><V69/><F96/><W18/><G33/><T135/><D135/><U50/><E50/><V55/><F69/><W49/><G15/><T90/><D90/><U80/><E80/><V91/><F91/><W45/><REACH who="3" step="1"/><G14/><REACH who="3" ten="250,322,240,178" step="2"/><T127/><D127/><U106/><E119/><V16/><F134/><W66/><G66/><T58/><D58/><U98/><E118/><V8/><F133/><W132/><G132/><T109/><D109/><N who="1" m="42059" /><E100/><AGARI ba="0,1" hai="2,3,39,41,44,73,76,81,97,100,104" m="48234" machi="100" ten="30,2000,0" yaku="18,1,23,1" doraHai="27" who="0" fromWho="1" sc="250,30,322,-20,240,0,178,0" /><INIT seed="2,0,0,2,2,17" ten="280,302,240,178" oya="2" hai0="42,104,62,41,112,36,75,128,127,108,67,95,120" hai1="43,107,19,56,64,45,84,25,131,134,4,53,47" hai2="96,9,83,26,33,24,88,3,11,122,55,113,92" hai3="46,135,102,57,79,94,21,87,117,40,31,130,39"/><V118/><F113/><W111/><G117/><T86/><D120/><U70/><E107/><V35/><F122/><W133/><G111/><T81/><D104/><U73/><E73/><V125/><F125/><W82/><G130/><T22/><D112/><U51/><E131/><V54/><F118/><W61/><G102/><T71/><D128/><U20/><E134/><V38/><F38/><W23/><G31/><T66/><D127/><U1/><E70/><V6/><F11/><W65/><REACH who="3" step="1"/><G94/><REACH who="3" ten="280,302,240,168" step="2"/><T59/><D95/><U129/><E129/><V30/><F83/><W85/><G85/><T109/><D86/><U50/><E84/><V60/><F60/><W29/><G29/><AGARI ba="0,1" hai="3,6,9,24,26,29,30,33,35,54,55,88,92,96" machi="29" ten="40,3900,0" yaku="9,1,54,1" doraHai="17" who="2" fromWho="3" sc="280,0,302,0,240,49,168,-39" /><INIT seed="2,1,0,5,5,110" ten="280,302,289,129" oya="2" hai0="120,105,14,98,29,15,17,72,0,131,51,129,109" hai1="69,100,78,47,121,124,90,112,84,108,24,89,12" hai2="59,62,13,34,87,103,49,22,25,1,97,57,77" hai3="28,37,64,102,54,133,81,50,135,126,132,2,9"/><V40/><F1/><W4/><G37/><T23/><D120/><U101/><E69/><V106/><F34/><W111/><G111/><T130/><D109/><U96/><E112/><V11/><F77/><W76/><G126/><T127/><D127/><U92/><E121/><V10/><F87/><W31/><G102/><N who="0" m="62679" /><D0/><U116/><E116/><V119/><F119/><W3/><G64/><T114/><D72/><U91/><E124/><V61/><F40/><W93/><G93/><T26/><D51/><U71/><E71/><V82/><F49/><W115/><G2/><T56/><D56/><U99/><E24/><V66/><F13/><N who="0" m="4618" /><D29/><U33/><E33/><V16/><REACH who="2" step="1"/><F82/><REACH who="2" ten="280,302,279,129" step="2"/><W30/><G115/><AGARI ba="1,1" hai="17,23,26,114,115,129,130,131" m="4618,62679" machi="115" ten="40,5200,0" yaku="19,1,52,2" doraHai="110" who="0" fromWho="3" sc="280,65,302,0,279,0,129,-55" /><INIT seed="3,0,0,3,2,66" ten="345,302,279,74" oya="3" hai0="25,69,7,39,33,114,52,56,32,104,119,11,26" hai1="135,6,85,78,45,23,117,21,131,27,87,82,120" hai2="92,24,9,100,57,74,111,127,84,29,81,95,55" hai3="34,76,36,16,73,118,101,42,51,28,124,89,96"/><W15/><G118/><T128/><D119/><U108/><E117/><V112/><F111/><W46/><G124/><T126/><D69/><U80/><E108/><V90/><F112/><W133/><G133/><T35/><D114/><U123/><E135/><V79/><F127/><W43/><G89/><T122/><D122/><U17/><E131/><V132/><F132/><W72/><G76/><T94/><D104/><U103/><E103/><V109/><F109/><W18/><G18/><T53/><D39/><U75/><E6/><V110/><F110/><W102/><G102/><T65/><D94/><U121/><E82/><V8/><F95/><W5/><G5/><T37/><D37/><U50/><REACH who="1" step="1"/><E23/><REACH who="1" ten="345,292,279,74" step="2"/><V98/><F74/><W88/><G34/><T10/><D35/><U105/><E105/><V20/><REACH who="2" step="1"/><F79/><REACH who="2" ten="345,292,269,74" step="2"/><W70/><G28/><T62/><D126/><U97/><E97/><V44/><F44/><W83/><G70/><T0/><D128/><U86/><E86/><V30/><F30/><W93/><G101/><T19/><D33/><U63/><E63/><AGARI ba="0,2" hai="8,9,20,24,29,55,57,63,81,84,90,92,98,100" machi="63" ten="30,7700,0" yaku="1,1,7,1,8,1,53,1" doraHai="66" doraHaiUra="49" who="2" fromWho="1" sc="345,0,292,-77,269,97,74,0" owari="345,14.5,215,-18.5,366,46.6,74,-42.6" /></mjloggm>