<mjloggm ver="2.3"><GO type="225" lobby="0"/><UN n0="%E3%83%B4%E3%83%A0%EF%BC%99%E3%81%A6" n1="%E3%82%B5%E3%83%AB%E3%82%B7%E3%83%B3" n2="%4D%50%43%32%38%30%30" n3="%73%6C%69%63%6B%33%31%39" dan="17,16,16,17" rate="2247.16,2107.04,2120.20,2156.68" sx="M,M,M,M"/><TAIKYOKU oya="0"/><INIT seed="0,0,0,3,4,86" ten="250,250,250,250" oya="0" hai0="131,42,83,69,59,133,44,58,81,9,49,101,34" hai1="130,99,124,125,31,12,4,121,3,108,72,87,5" hai2="13,90,17,102,97,98,123,115,116,60,38,95,30" hai3="29,89,93,105,78,23,79,75,62,91,2,107,70"/><T64/><D34/><U100/><E72/><V88/><F123/><W53/><G2/><T48/><D133/><U24/><E121/><V117/><F115/><W52/><G70/><T119/><D119/><N who="2" m="45642" /><F38/><W111/><G111/><T26/><D131/><U103/><E108/><V113/><F113/><W10/><G10/><T77/><D101/><U67/><E130/><V85/><F30/><W50/><G75/><T37/><D26/><U8/><E67/><V109/><F109/><W14/><G107/><T84/><D69/><U80/><E4/><V126/><F126/><N who="1" m="48745" /><E99/><V32/><F32/><W36/><G36/><T21/><D21/><N who="1" m="15759" /><E3/><V110/><F110/><W7/><G105/><T128/><D128/><U104/><E104/><N who="2" m="63567" /><F60/><W51/><G62/><T92/><D37/><U129/><E129/><V28/><F28/><W47/><G29/><T45/><D48/><U22/><E22/><N who="2" m="11567" /><F85/><W57/><G23/><T11/><D84/><U132/><E132/><V41/><F41/><W35/><G35/><T106/><D42/><U122/><E122/><V39/><F39/><W134/><G134/><T61/><D49/><U54/><E54/><V82/><F82/><W118/><G118/><T66/><D61/><U19/><E5/><V96/><F96/><W74/><G74/><T135/><D135/><U73/><E73/><V0/><F0/><W25/><G93/><T68/><D92/><U43/><E43/><V71/><F71/><W65/><G51/><T63/><D106/><U114/><E114/><V18/><F18/><W94/><G50/><T120/><D120/><U46/><E46/><RYUUKYOKU ba="0,0" sc="250,-15,250,15,250,15,250,-15" hai1="8,12,19,80,87,100,103" hai2="88,90,95,98" /><INIT seed="1,1,0,4,0,65" ten="235,265,265,235" oya="1" hai0="116,24,106,27,46,96,92,98,55,30,16,81,102" hai1="94,60,134,53,101,31,115,80,4,33,35,131,25" hai2="105,114,121,61,3,22,124,17,87,135,20,50,71" hai3="127,14,122,85,78,49,120,76,67,112,79,84,132"/><U39/><E115/><V66/><F121/><W107/><G112/><T44/><D116/><U10/><E39/><V113/><F114/><W110/><G107/><T7/><D7/><U34/><E131/><V1/><F113/><W99/><G110/><T126/><D126/><U72/><E134/><V45/><F124/><W5/><G127/><T90/><D81/><U95/><E95/><V100/><F135/><W86/><G67/><T37/><D37/><U93/><E94/><V83/><F100/><W40/><G132/><T62/><D24/><U91/><E101/><V13/><F22/><W77/><G99/><T11/><D30/><U38/><E38/><V88/><REACH who="2" step="1"/><F105/><REACH who="2" ten="235,265,255,235" step="2"/><W2/><G122/><T52/><D11/><U47/><E35/><V41/><AGARI ba="1,1" hai="1,3,13,17,20,41,45,50,61,66,71,83,87,88" machi="41" ten="20,12000,2" yaku="1,1,2,1,0,1,7,1,52,1,54,1,53,0" doraHai="65" doraHaiUra="21" who="2" fromWho="2" sc="235,-31,265,-61,255,133,235,-31" /><INIT seed="2,0,0,2,4,74" ten="204,204,388,204" oya="2" hai0="101,42,120,63,48,114,7,81,33,37,59,4,119" hai1="41,21,53,85,127,16,87,14,96,130,108,125,23" hai2="49,126,32,86,98,60,97,54,12,44,10,69,116" hai3="51,65,131,25,124,24,45,72,15,123,38,27,100"/><V95/><F32/><W17/><G123/><T26/><D120/><U83/><E108/><V128/><F116/><W52/><G72/><T9/><D114/><U70/><E130/><V94/><F128/><W19/><G131/><T68/><D37/><U78/><E70/><V77/><F126/><N who="1" m="48137" /><E41/><V67/><F95/><W47/><G124/><T1/><D4/><U133/><E133/><V93/><F94/><W3/><G3/><T75/><D101/><U112/><E112/><V34/><F34/><W80/><G100/><T11/><D11/><N who="1" m="6239" /><E96/><V5/><REACH who="2" step="1"/><F93/><REACH who="2" ten="204,204,378,204" step="2"/><W29/><G29/><T8/><D119/><U2/><E2/><V111/><F111/><W122/><G122/><T0/><D1/><U31/><E31/><V50/><F50/><W61/><G51/><T102/><D48/><U28/><E28/><V109/><F109/><W99/><G99/><T13/><D0/><U135/><E135/><V73/><F73/><W106/><G38/><T18/><D75/><U129/><E129/><V103/><F103/><W79/><G106/><T89/><D102/><U84/><E53/><V46/><F46/><W132/><G52/><T76/><D33/><U40/><E40/><V30/><F30/><W35/><G35/><T121/><D42/><U43/><E43/><V64/><F64/><W115/><G132/><T71/><D121/><U91/><E84/><V56/><F56/><N who="3" m="37031" /><G115/><T55/><D68/><U62/><E62/><V22/><F22/><N who="3" m="13391" /><G45/><T58/><D71/><U36/><E36/><V82/><AGARI ba="0,1" hai="5,10,12,44,49,54,60,67,69,77,82,86,97,98" machi="82" ten="30,6000,0" yaku="1,1,0,1,52,1,53,0" doraHai="74" doraHaiUra="113" who="2" fromWho="2" sc="204,-20,204,-20,378,70,204,-20" /><INIT seed="2,1,0,3,2,65" ten="184,184,448,184" oya="2" hai0="120,7,95,111,116,112,130,43,35,98,76,55,48" hai1="49,52,121,69,75,115,118,85,77,79,6,63,102" hai2="3,105,39,17,132,47,114,28,90,110,27,72,83" hai3="19,26,108,13,125,5,40,96,53,31,10,93,92"/><V9/><F105/><W45/><G108/><T122/><D112/><U129/><E118/><V51/><F114/><W4/><G125/><T8/><D35/><U33/><E115/><V126/><F39/><W44/><G53/><T15/><D111/><U97/><E75/><V32/><F132/><W14/><G14/><T80/><D116/><U11/><E33/><V18/><F126/><W128/><G128/><T86/><D130/><U42/><E42/><V67/><F67/><W2/><G2/><T25/><D25/><U113/><E113/><V73/><F73/><W36/><G44/><N who="0" m="25631" /><D55/><U37/><E37/><V135/><F135/><W22/><REACH who="3" step="1"/><G92/><REACH who="3" ten="184,184,448,174" step="2"/><T134/><D134/><U106/><E129/><V74/><F3/><W62/><G62/><T20/><D120/><U66/><E121/><V24/><F47/><W84/><G84/><T41/><D122/><U29/><E85/><N who="2" m="50495" /><F74/><W91/><AGARI ba="1,1" hai="4,5,10,13,19,22,26,31,36,40,45,91,93,96" machi="91" ten="20,2700,0" yaku="1,1,0,1,7,1,53,0" doraHai="65" doraHaiUra="99" who="3" fromWho="3" sc="184,-8,184,-8,448,-14,174,40" /><INIT seed="3,0,0,2,0,99" ten="176,176,434,214" oya="3" hai0="43,111,109,48,34,11,62,40,6,13,31,71,106" hai1="127,24,49,101,25,36,10,93,75,61,12,4,84" hai2="7,26,118,77,9,2,60,33,70,115,128,20,78" hai3="95,41,105,124,16,94,29,67,97,0,19,103,35"/><W17/><G0/><T129/><D129/><U90/><E36/><V96/><F128/><W18/><G124/><T132/><D132/><U50/><E75/><V134/><F115/><W83/><G41/><T130/><D130/><U68/><E127/><V92/><F118/><W46/><G46/><T76/><D106/><U82/><E68/><V125/><F134/><W135/><G135/><T72/><D72/><U119/><E61/><V58/><F70/><W85/><G67/><N who="0" m="41463" /><D76/><U74/><E74/><V79/><F33/><W126/><G126/><T110/><D48/><N who="1" m="18539" /><E119/><V38/><F38/><W80/><G105/><T114/><D114/><U23/><E23/><V30/><F125/><W112/><G112/><T122/><D122/><U44/><E44/><V69/><F69/><W81/><G35/><T51/><D51/><U63/><E63/><V100/><F79/><W52/><G29/><T86/><D86/><U1/><E1/><V14/><F2/><W66/><G66/><AGARI ba="0,0" hai="7,9,14,20,26,30,58,60,66,77,78,92,96,100" machi="66" ten="30,8000,1" yaku="7,1,25,2,8,1,52,1" doraHai="99" who="2" fromWho="3" sc="176,0,176,0,434,80,214,-80" owari="176,-2.4,176,-22.4,514,61.4,134,-36.6" /></mjloggm>