<mjloggm ver="2.3"><GO type="225" lobby="0"/><UN n0="%E6%98%93%E5%88%A9%E8%96%A9%E4%BC%AF" n1="%72%61%6B%33" n2="%E3%82%B2%E3%82%B9%E8%8C%82%E5%8B%9D" n3="%72%69%6F%75%63%68%61%6E" dan="16,16,16,17" rate="2045.13,2116.01,2051.97,2155.66" sx="F,M,F,M"/><TAIKYOKU oya="0"/><INIT seed="0,0,0,4,5,98" ten="250,250,250,250" oya="0" hai0="125,60,110,56,104,68,48,46,52,97,28,128,103" hai1="43,73,51,91,122,72,25,114,65,27,111,2,100" hai2="40,102,26,81,39,34,16,31,93,108,80,77,4" hai3="5,7,47,0,124,79,64,13,61,127,35,37,118"/><T94/><D125/><N who="3" m="48201" /><G118/><T44/><D128/><U49/><E122/><V32/><F108/><W75/><G0/><T55/><D110/><U71/><E111/><V95/><F34/><W130/><G35/><T131/><D131/><U74/><E2/><V8/><F40/><N who="3" m="22927" /><G130/><T42/><D68/><U89/><E114/><V134/><F39/><W126/><N who="3" m="48209" /><W11/><DORA hai="96" /><G79/><T45/><D28/><U29/><E65/><V30/><F134/><W76/><G76/><T20/><D20/><U54/><E71/><V24/><F77/><W92/><G75/><T78/><D78/><U50/><E43/><V87/><F87/><W116/><G116/><T15/><D104/><U9/><E9/><V59/><F32/><W133/><G92/><T82/><D82/><U121/><E121/><V70/><F81/><W135/><G5/><T90/><D15/><U86/><E54/><V109/><F80/><W33/><G33/><T67/><D90/><N who="1" m="34315" /><E86/><V107/><F93/><W106/><G106/><T57/><REACH who="0" step="1"/><D55/><REACH who="0" ten="240,250,250,250" step="2"/><U123/><E123/><V22/><F107/><W115/><G115/><T129/><D129/><U12/><E12/><V3/><F70/><AGARI ba="0,1" hai="7,11,13,61,64,70,133,135" m="22927,48209" machi="70" ten="40,1300,0" yaku="18,1" doraHai="98,96" who="3" fromWho="2" sc="240,0,250,0,250,-13,250,23" /><INIT seed="1,0,0,2,2,128" ten="240,250,237,273" oya="1" hai0="56,110,119,6,77,76,120,22,89,52,49,62,31" hai1="78,87,114,65,70,127,5,46,132,101,38,9,93" hai2="27,10,12,21,91,84,28,36,80,90,59,75,99" hai3="118,71,129,61,17,82,126,111,15,112,131,34,117"/><U98/><E114/><V7/><F36/><W108/><G126/><T25/><D119/><N who="3" m="45577" /><G112/><T72/><D110/><N who="3" m="42025" /><G34/><T121/><D6/><U63/><E127/><V102/><F75/><W14/><G82/><T79/><D72/><U42/><E78/><V116/><F116/><W16/><G61/><T86/><REACH who="0" step="1"/><D62/><REACH who="0" ten="230,250,237,273" step="2"/><U122/><E122/><V35/><F35/><W1/><G1/><T13/><D13/><N who="3" m="4617" /><G71/><T44/><D44/><U39/><E70/><V3/><F3/><W74/><G74/><T33/><D33/><U23/><E63/><V8/><F59/><W113/><G113/><T40/><D40/><U47/><E42/><V19/><F8/><W68/><G68/><T104/><D104/><U4/><E9/><V53/><F53/><W55/><G55/><T67/><D67/><U41/><E65/><V73/><F73/><W54/><G54/><T24/><D24/><U20/><E41/><V94/><REACH who="2" step="1"/><F7/><REACH who="2" ten="230,250,227,273" step="2"/><W32/><G32/><T43/><D43/><U50/><E4/><V105/><F105/><W66/><G66/><T26/><D26/><U124/><E5/><V134/><F134/><W123/><G123/><T18/><D18/><AGARI ba="0,2" hai="16,17,18,129,131" m="4617,42025,45577" machi="18" ten="40,12000,2" yaku="28,2,12,1,14,1,34,2,54,1" doraHai="128" who="3" fromWho="0" sc="230,-120,250,0,227,0,273,140" /><INIT seed="2,0,0,5,4,25" ten="110,250,227,413" oya="2" hai0="69,102,115,1,29,12,79,70,98,92,119,100,18" hai1="62,38,93,90,32,43,125,72,87,39,24,129,108" hai2="112,76,26,71,36,14,106,8,73,81,51,49,46" hai3="34,21,7,116,84,17,64,114,6,80,28,47,55"/><V53/><F112/><W126/><G116/><T9/><D115/><U109/><E72/><V15/><F106/><W88/><G114/><T40/><D119/><U110/><E125/><V121/><F121/><W30/><G126/><T117/><D117/><U118/><E118/><V99/><F71/><W13/><G64/><T91/><D40/><U10/><E129/><V122/><F122/><W127/><G127/><T120/><D120/><U44/><E10/><V3/><F36/><W124/><G124/><T103/><D1/><U63/><E39/><V31/><F99/><W65/><G65/><T134/><D134/><U101/><E101/><V66/><F66/><W37/><G34/><T59/><D79/><U78/><E78/><V123/><F123/><W2/><G2/><T86/><D98/><U68/><E68/><V85/><F73/><W52/><G55/><T74/><D74/><U19/><E19/><V33/><REACH who="2" step="1"/><F49/><REACH who="2" ten="110,250,217,413" step="2"/><N who="3" m="28735" /><G37/><T42/><D70/><U130/><E130/><V60/><F60/><W133/><G133/><T83/><D69/><U27/><E63/><V23/><F23/><W135/><G135/><T67/><D67/><U132/><E132/><V50/><F50/><W11/><G21/><T96/><D96/><U128/><E128/><V104/><F104/><W61/><G61/><T105/><D105/><U89/><E62/><V41/><F41/><W5/><AGARI ba="0,1" hai="5,6,7,11,13,17,28,30,80,84,88" m="28735" machi="5" ten="30,12000,2" yaku="25,1,8,1,52,2,54,2" doraHai="25" who="3" fromWho="3" sc="110,-30,250,-30,217,-60,413,130" /><INIT seed="3,0,0,1,0,113" ten="80,220,157,543" oya="3" hai0="41,118,98,75,92,39,10,40,5,80,111,0,71" hai1="46,91,115,2,108,109,43,96,55,24,60,81,47" hai2="45,6,83,61,15,9,14,33,112,77,50,130,34" hai3="13,65,49,69,95,27,35,88,78,4,102,93,31"/><W76/><G102/><T105/><D111/><U132/><E115/><V48/><F112/><W66/><G95/><T22/><D71/><U87/><E2/><V97/><F130/><W106/><G106/><T64/><D64/><U124/><E132/><V89/><F61/><W52/><G4/><T8/><D105/><U125/><E24/><V73/><F15/><W128/><G128/><T59/><D22/><U62/><E96/><V17/><F6/><W135/><G135/><T12/><D59/><U119/><E91/><V133/><F50/><W84/><G13/><T67/><D67/><U54/><E87/><V1/><F1/><W103/><G103/><T3/><D41/><U11/><E81/><V99/><F133/><W72/><G72/><T79/><D3/><U110/><E11/><V26/><F26/><W19/><G19/><T44/><D10/><U51/><E43/><V82/><F99/><W63/><G65/><T126/><D12/><U56/><E110/><V30/><F30/><W131/><G131/><T36/><D36/><U104/><E104/><V20/><F20/><W90/><G90/><T42/><D42/><U38/><E56/><AGARI ba="0,0" hai="27,31,35,49,52,56,63,66,69,76,78,84,88,93" machi="56" ten="30,5800,0" yaku="7,1,54,2" doraHai="113" who="3" fromWho="1" sc="80,0,220,-58,157,0,543,58" owari="80,-42.0,162,-3.8,157,-24.3,601,70.1" /></mjloggm>