<mjloggm ver="2.3"><GO type="225" lobby="0"/><UN n0="%E7%99%BD%E9%9B%AA%E4%B9%83%E6%84%9B" n1="%E3%81%86%E3%81%A9%E3%82%93%E3%81%93" n2="%4B%2E%32%2E%4B%2E" n3="%E6%AF%9B%E8%8D%92%E3%82%8C%E3%83%BB%E3%82%B9%E3%83%9F%E3%82%B9" dan="16,16,17,16" rate="2101.22,2155.44,2193.88,2010.59" sx="F,M,M,F"/><TAIKYOKU oya="0"/><INIT seed="0,0,0,0,2,109" ten="250,250,250,250" oya="0" hai0="46,27,40,132,21,28,63,118,103,44,9,66,133" hai1="97,117,23,84,134,86,34,135,30,120,72,16,38" hai2="116,131,73,126,19,104,52,60,17,20,68,93,2" hai3="114,112,108,85,83,106,67,6,62,64,98,110,115"/><T50/><D118/><U39/><E72/><V25/><F104/><W45/><G6/><T51/><D103/><U8/><E117/><V13/><F2/><W79/><G45/><T24/><D24/><N who="1" m="18759" /><E8/><V119/><F73/><W130/><G130/><T81/><D81/><U111/><E97/><V37/><F37/><N who="1" m="13833" /><E111/><N who="3" m="42538" /><G62/><T87/><D87/><U99/><E99/><V102/><F131/><W12/><G12/><T59/><REACH who="0" step="1"/><D9/><REACH who="0" ten="240,250,250,250" step="2"/><U14/><E120/><V77/><F116/><W5/><G5/><T15/><D15/><U91/><E91/><V78/><F119/><W100/><AGARI ba="0,1" hai="64,67,79,83,85,98,100,106,112,114,115" m="42538" machi="100" ten="40,8000,1" yaku="14,1,52,3" doraHai="109" who="3" fromWho="3" sc="240,-40,250,-20,250,-20,250,90" /><INIT seed="1,0,0,3,4,114" ten="200,230,230,340" oya="1" hai0="85,24,108,133,2,19,73,79,18,39,44,26,99" hai1="115,60,71,82,86,81,35,32,76,15,62,7,40" hai2="109,89,53,27,96,116,111,55,49,110,131,10,91" hai3="118,102,9,132,12,101,45,1,31,64,135,28,14"/><U119/><E115/><V130/><F10/><W29/><G64/><T68/><D73/><U97/><E40/><V67/><F67/><W124/><G124/><T65/><D2/><U126/><E126/><V95/><F27/><W57/><G57/><T41/><D108/><U98/><E71/><V0/><F0/><W34/><G34/><T122/><D133/><N who="3" m="51273" /><G45/><T129/><D129/><N who="2" m="49162" /><F116/><W23/><G118/><T123/><D99/><U13/><E119/><V6/><F6/><N who="3" m="3127" /><G1/><T30/><D65/><U125/><E125/><V37/><F37/><W128/><G128/><T17/><D68/><U21/><E21/><V22/><F22/><W56/><G56/><T52/><D52/><N who="2" m="20042" /><F49/><W54/><G54/><T100/><D26/><U72/><E7/><V16/><F16/><AGARI ba="0,0" hai="14,16,23,28,29,31,101,102" m="3127,51273" machi="16" ten="30,2000,0" yaku="20,1,54,1" doraHai="114" who="3" fromWho="2" sc="200,0,230,0,230,-20,340,20" /><INIT seed="2,0,0,3,5,64" ten="200,230,210,360" oya="2" hai0="52,112,35,119,94,120,4,93,117,34,71,19,48" hai1="41,51,57,129,67,13,81,32,2,86,115,99,98" hai2="111,75,66,43,85,55,21,106,79,88,1,114,23" hai3="62,22,74,7,46,45,125,20,60,42,29,33,96"/><V101/><F114/><W59/><G74/><T107/><D120/><U68/><E2/><V77/><F1/><W3/><G125/><T83/><D107/><U84/><E115/><V56/><F66/><W131/><G131/><T108/><D4/><U39/><E32/><V15/><F43/><W127/><G127/><T17/><D112/><U28/><E28/><V102/><F111/><W25/><G62/><T5/><D5/><U76/><E39/><V53/><F75/><W134/><G134/><T40/><D40/><U91/><E129/><V50/><F106/><W80/><G80/><T135/><D83/><U70/><E13/><V27/><F53/><W118/><G118/><N who="0" m="45067" /><D71/><U72/><E72/><V38/><F15/><W132/><G132/><T92/><D135/><U126/><E126/><V12/><F12/><W100/><G46/><N who="0" m="27671" /><D108/><U47/><E57/><V63/><F63/><W123/><G123/><T36/><D36/><U11/><E67/><V130/><F38/><W31/><G29/><T73/><D73/><U133/><E133/><V30/><F130/><W69/><G100/><N who="2" m="38505" /><F21/><W9/><G96/><T49/><D49/><U116/><E116/><V95/><AGARI ba="0,0" hai="23,27,30,50,55,56,77,79,85,88,95" m="38505" machi="95" ten="30,3000,0" yaku="8,1,54,1" doraHai="64" who="2" fromWho="2" sc="200,-10,230,-10,210,30,360,-10" /><INIT seed="2,1,0,4,2,101" ten="190,220,240,350" oya="2" hai0="103,132,51,77,27,41,120,44,43,135,23,36,69" hai1="52,53,90,96,123,37,93,79,126,33,40,47,9" hai2="65,89,76,26,91,71,94,49,17,2,58,133,0" hai3="86,98,63,127,64,88,57,8,68,114,48,104,50"/><V11/><F133/><N who="0" m="51274" /><D120/><U39/><E126/><V34/><F71/><W134/><G127/><T12/><D69/><U32/><E123/><V109/><F76/><W13/><G134/><T97/><D77/><U124/><E124/><V70/><F70/><W62/><G114/><T20/><D12/><U102/><E37/><V78/><F78/><W5/><G104/><N who="0" m="63599" /><D27/><U107/><E79/><V84/><F26/><W4/><G98/><T82/><D82/><U125/><E125/><V28/><F109/><W15/><G4/><T81/><D81/><U6/><E33/><V60/><F34/><W21/><G21/><N who="0" m="8267" /><D43/><U72/><E32/><V67/><F2/><W130/><G13/><T112/><D112/><U105/><E72/><V100/><F0/><W16/><G130/><T10/><D10/><U46/><E46/><V54/><F28/><W111/><G5/><T99/><D99/><U108/><E108/><V131/><F11/><W121/><G121/><T75/><D75/><U113/><E113/><V45/><F17/><W92/><G111/><T74/><D74/><U110/><E110/><V55/><F131/><W25/><G25/><T3/><D3/><N who="1" m="223" /><E102/><V35/><F35/><W118/><G118/><T22/><N who="0" m="8275" /><T83/><DORA hai="129" /><D83/><U116/><E116/><V38/><F100/><W80/><G80/><T24/><D24/><U87/><E96/><V31/><F31/><W95/><G95/><T1/><D1/><U85/><E85/><V128/><F128/><W14/><G14/><T66/><D66/><AGARI ba="1,0" hai="8,15,16,48,50,57,62,63,64,66,68,86,88,92" machi="66" ten="30,3900,0" yaku="7,1,54,2" doraHai="101,129" who="3" fromWho="0" sc="190,-42,220,0,240,0,350,42" /><INIT seed="3,0,0,4,1,22" ten="148,220,240,392" oya="3" hai0="86,123,65,25,104,116,119,75,118,39,29,132,35" hai1="113,16,11,63,28,97,122,57,130,112,52,26,124" hai2="131,55,59,84,45,107,12,10,43,8,66,67,5" hai3="110,61,31,73,95,83,115,99,125,126,15,87,81"/><W62/><G115/><T80/><D123/><U48/><E122/><V78/><F107/><W36/><G36/><T90/><D132/><U54/><E130/><V40/><F131/><W64/><G110/><T44/><D104/><U60/><E124/><V18/><F84/><W50/><G31/><T120/><D120/><U79/><E79/><V1/><F78/><W74/><G50/><T6/><D75/><U56/><E48/><V135/><F135/><W103/><G15/><T7/><REACH who="0" step="1"/><D65/><REACH who="0" ten="138,220,240,392" step="2"/><U98/><E112/><V101/><F66/><W21/><G73/><T105/><D105/><U121/><E113/><V111/><F67/><W14/><G74/><T100/><D100/><U68/><E121/><V58/><F101/><W109/><G103/><T89/><D89/><U38/><E68/><V20/><F111/><W117/><G64/><T47/><D47/><U30/><E38/><V37/><F45/><W76/><G109/><T13/><D13/><U4/><E57/><V91/><F12/><W33/><G14/><T133/><D133/><U53/><E56/><V72/><F91/><N who="3" m="55807" /><G117/><T102/><D102/><U70/><E70/><V42/><F37/><W32/><G126/><T106/><D106/><U69/><E69/><V3/><F59/><W93/><G125/><T51/><D51/><U85/><E60/><V82/><F58/><W46/><G61/><T71/><D71/><U128/><E63/><V27/><F72/><W23/><G62/><T34/><D34/><U19/><E128/><V9/><F1/><W129/><G32/><T127/><D127/><U24/><E4/><RYUUKYOKU ba="0,1" sc="138,30,220,-10,240,-10,392,-10" hai0="6,7,25,29,35,39,44,80,86,90,116,118,119" owari="168,-33.2,210,-19.0,230,3.0,392,49.2" /></mjloggm>