<mjloggm ver="2.3"><GO type="225" lobby="0"/><UN n0="%E4%B8%AD%E5%B9%B4%E3%81%AE%E5%8D%B1%E6%A9%9F" n1="%E9%B3%B3%E6%9D%B1%E3%81%AE%E3%81%86%E3%81%95%E3%81%8E%E3%81%95%E3%82%93" n2="%E5%BE%80%E5%B9%B4%E3%81%AE%E3%82%B4%E3%83%AA%E3%83%A9" n3="%72%61%6B%33" dan="17,16,16,16" rate="2164.34,2120.77,2122.32,2208.92" sx="M,M,M,M"/><TAIKYOKU oya="0"/><INIT seed="0,0,0,0,0,25" ten="250,250,250,250" oya="0" hai0="57,120,122,127,50,110,21,12,99,78,76,85,115" hai1="83,86,131,135,95,91,70,77,28,69,33,113,39" hai2="64,5,29,1,108,109,124,6,114,66,89,84,51" hai3="126,23,119,97,32,112,94,104,93,117,63,47,48"/><T37/><D37/><U9/><E131/><V31/><F114/><W67/><G32/><T14/><D115/><U129/><E129/><V18/><F124/><W24/><G112/><T44/><D127/><U132/><E113/><V49/><F18/><W54/><G104/><T96/><D120/><U17/><E39/><V105/><F105/><W68/><G126/><T118/><D122/><U26/><E9/><V22/><F22/><W34/><G34/><T58/><D118/><U92/><E17/><V20/><F20/><W80/><G80/><N who="0" m="47239" /><D78/><U87/><REACH who="1" step="1"/><E92/><REACH who="1" ten="250,240,250,250" step="2"/><V13/><F6/><W72/><G94/><T61/><D14/><U55/><E55/><V41/><F13/><W103/><REACH who="3" step="1"/><G72/><REACH who="3" ten="250,240,250,240" step="2"/><T100/><D12/><U62/><E62/><V46/><F1/><W101/><G101/><T65/><D100/><U123/><E123/><V19/><F109/><W7/><G7/><T3/><D3/><U15/><E15/><V79/><F108/><W88/><G88/><T71/><D110/><U52/><E52/><V0/><F5/><W75/><G75/><T74/><D74/><U4/><E4/><V116/><F0/><W35/><G35/><T42/><D21/><U134/><AGARI ba="0,2" hai="26,28,33,69,70,77,83,86,87,91,95,132,134,135" machi="134" ten="30,7900,0" yaku="1,1,0,1,20,1,52,1,53,0" doraHai="25" doraHaiUra="60" who="1" fromWho="1" sc="250,-39,240,99,250,-20,240,-20" /><INIT seed="1,0,0,1,5,84" ten="211,339,230,220" oya="1" hai0="126,100,53,81,128,58,65,88,80,48,36,30,5" hai1="64,27,77,32,43,70,38,111,29,103,83,129,3" hai2="35,110,8,7,106,0,50,116,56,26,15,82,75" hai3="107,60,92,39,18,45,4,40,66,132,125,90,28"/><U127/><E129/><V134/><F116/><W12/><G107/><T54/><D128/><U1/><E127/><V55/><F110/><W120/><G125/><T33/><D126/><U130/><E130/><V108/><F108/><W74/><G132/><T109/><D109/><U59/><E59/><V97/><F134/><W19/><G74/><T72/><D36/><U131/><E131/><V52/><F0/><W24/><G120/><T122/><D122/><U62/><E111/><V25/><F35/><W23/><G4/><T16/><D5/><U135/><E103/><V20/><F106/><W124/><G124/><T6/><D6/><U14/><E14/><V94/><F55/><W69/><REACH who="3" step="1"/><G12/><REACH who="3" ten="211,339,230,210" step="2"/><T41/><D72/><N who="1" m="43431" /><E135/><V49/><F82/><W17/><G17/><T2/><D2/><U119/><E119/><V95/><F75/><W114/><G114/><T117/><D81/><U99/><E1/><V123/><F123/><W10/><G10/><T51/><D117/><U47/><E3/><V42/><F95/><W105/><G105/><T11/><D11/><U89/><E29/><V101/><F20/><W78/><G78/><T79/><D30/><U68/><E32/><V21/><F21/><W118/><G118/><T37/><D33/><U115/><E115/><V9/><F9/><W113/><G113/><T34/><D16/><U31/><E31/><V71/><F8/><W73/><G73/><T76/><D34/><U102/><E102/><V93/><F7/><W57/><G57/><T67/><D100/><U63/><E70/><V104/><F71/><W112/><G112/><RYUUKYOKU ba="0,1" sc="211,-10,339,-10,230,-10,210,30" hai3="18,19,23,24,28,39,40,45,60,66,69,90,92" /><INIT seed="2,1,1,3,5,12" ten="201,329,220,240" oya="2" hai0="130,109,127,97,135,95,16,20,103,26,42,102,47" hai1="8,104,75,70,57,124,92,48,21,56,134,122,39" hai2="28,61,33,85,68,45,58,93,30,9,105,27,62" hai3="112,19,0,126,40,59,111,114,108,38,76,90,87"/><V24/><F105/><W49/><G0/><T84/><D109/><N who="3" m="42057" /><G126/><T44/><D127/><U66/><E92/><V46/><F68/><W100/><G100/><N who="0" m="60479" /><D135/><U115/><E21/><V82/><F93/><N who="3" m="54495" /><G76/><T50/><D130/><U78/><E78/><V1/><F1/><W116/><G116/><T74/><D74/><U67/><E75/><V83/><F83/><W81/><G81/><T89/><D47/><U69/><E69/><V120/><F120/><W52/><G19/><T123/><D123/><U101/><E70/><V72/><F72/><W80/><G80/><AGARI ba="1,1" hai="16,20,26,42,44,50,80,84,89,102,103" m="60479" machi="80" ten="30,3900,0" yaku="8,1,52,1,54,1" doraHai="12" who="0" fromWho="3" sc="201,52,329,0,220,0,240,-42" /><INIT seed="3,0,0,5,2,128" ten="253,329,220,198" oya="3" hai0="81,68,50,100,73,37,52,34,124,3,18,108,74" hai1="14,17,90,42,83,96,97,63,82,80,111,43,40" hai2="31,117,66,86,98,54,118,58,32,13,25,28,0" hai3="92,60,120,71,133,55,91,70,21,62,65,51,113"/><W121/><G113/><T19/><D37/><U56/><E111/><V46/><F0/><W76/><G76/><T123/><D123/><U53/><E90/><V89/><F31/><W109/><G109/><T33/><D108/><U20/><AGARI ba="0,0" hai="14,17,20,40,42,43,53,56,63,80,82,83,96,97" machi="20" ten="30,2000,0" yaku="0,1,8,1" doraHai="128" who="1" fromWho="1" sc="253,-5,329,20,220,-5,198,-10" owari="248,4.8,349,44.9,215,-18.5,188,-31.2" /></mjloggm>