<mjloggm ver="2.3"><GO type="225" lobby="0"/><UN n0="%E3%83%97%E3%83%AC%E3%83%B4%E3%82%A1%E3%83%86%E3%82%A3" n1="%E3%82%BF%E3%83%BC%E3%83%90%E3%83%B3%E9%87%8E%E5%8F%A3" n2="%6D%61%74%69%67%75%73%61" n3="%E3%81%BF%E3%81%BF%E3%81%9A" dan="16,16,17,16" rate="2094.90,2121.98,2234.98,2136.26" sx="F,M,M,M"/><TAIKYOKU oya="0"/><INIT seed="0,0,0,0,3,84" ten="250,250,250,250" oya="0" hai0="55,122,111,76,25,28,130,63,126,0,22,125,1" hai1="62,56,121,68,89,104,20,4,108,5,29,70,101" hai2="54,30,102,135,50,134,96,38,37,15,120,97,67" hai3="110,95,133,42,106,52,69,65,34,93,43,71,31"/><T41/><D122/><U79/><E121/><V57/><F120/><W94/><G110/><T64/><D111/><U114/><E108/><V75/><F75/><W107/><G133/><N who="2" m="50697" /><F30/><W109/><G109/><T82/><D41/><U116/><E116/><V92/><F67/><W87/><G31/><T48/><D130/><U72/><E114/><V73/><F73/><W78/><G34/><T40/><D40/><U12/><E72/><V61/><F61/><W88/><G78/><T53/><D82/><U77/><E104/><N who="2" m="63559" /><F15/><W35/><G35/><T49/><D76/><N who="1" m="29259" /><E101/><AGARI ba="0,0" hai="37,38,50,54,57,92,97,101" m="63559,50697" machi="101" ten="30,1000,0" yaku="20,1" doraHai="84" who="2" fromWho="1" sc="250,0,250,-10,250,10,250,0" /><INIT seed="1,0,0,2,1,115" ten="250,240,260,250" oya="1" hai0="124,116,68,6,19,23,48,87,117,40,126,97,31" hai1="2,107,30,41,47,84,102,34,16,114,89,39,104" hai2="109,101,12,128,103,58,62,22,90,13,70,71,44" hai3="118,106,28,27,88,79,60,20,66,61,63,65,110"/><U91/><E114/><V67/><F109/><W51/><G110/><T119/><D68/><U18/><E2/><V33/><F33/><W42/><G118/><T80/><D6/><U99/><E107/><V21/><F128/><W8/><G106/><T82/><D31/><U120/><E120/><V26/><F44/><N who="3" m="26007" /><G79/><T131/><D131/><U35/><E91/><V4/><F90/><W123/><G123/><T135/><D97/><U3/><E3/><V98/><F4/><W121/><G121/><T127/><D135/><U54/><E54/><V94/><F103/><W29/><G8/><T11/><D11/><U130/><E130/><V52/><F22/><W7/><G7/><T133/><D133/><U132/><E132/><V0/><F0/><W15/><G15/><N who="0" m="9727" /><D87/><U64/><E64/><N who="3" m="24682" /><G88/><T1/><D1/><U112/><E112/><V74/><F74/><W24/><G20/><T53/><D40/><U17/><REACH who="1" step="1"/><E30/><AGARI ba="0,0" hai="24,27,28,29,30,60,61,63" m="24682,26007" machi="30" ten="30,1000,0" yaku="8,1" doraHai="115" who="3" fromWho="1" sc="250,0,240,-10,260,0,250,10" /><INIT seed="2,0,0,3,1,24" ten="250,230,260,260" oya="2" hai0="76,21,66,116,98,18,36,44,64,134,25,120,15" hai1="87,135,80,100,11,82,126,108,119,67,118,28,54" hai2="90,59,109,121,22,79,12,78,122,77,102,71,62" hai3="13,112,73,72,128,83,93,27,30,106,42,38,8"/><V123/><F71/><W88/><G106/><T55/><D120/><U130/><E108/><V68/><F68/><W129/><G42/><T0/><D0/><U41/><E135/><V20/><F102/><W110/><G38/><T115/><D115/><U127/><E67/><V125/><F125/><N who="1" m="47625" /><E100/><V47/><F109/><W104/><G104/><T65/><D134/><U91/><E41/><V5/><F47/><W97/><G110/><T46/><D116/><N who="1" m="44587" /><E11/><V2/><F2/><W50/><G50/><T63/><D36/><U132/><E132/><V117/><F117/><W111/><G112/><T92/><D76/><U86/><E54/><V94/><F12/><W35/><G111/><T57/><REACH who="0" step="1"/><D15/><REACH who="0" ten="240,230,260,260" step="2"/><U49/><E130/><N who="3" m="50282" /><G83/><T7/><D7/><AGARI ba="0,1" hai="7,8,13,27,30,35,72,73,88,93,97" m="50282" machi="7" ten="30,3900,0" yaku="19,1,52,1,54,1" doraHai="24" who="3" fromWho="0" sc="240,-39,230,0,260,0,260,49" /><INIT seed="3,0,0,1,2,74" ten="201,230,260,309" oya="3" hai0="115,105,83,129,108,111,47,7,0,40,5,1,64" hai1="46,12,21,31,118,123,52,90,25,28,24,86,127" hai2="131,72,55,89,135,15,23,38,10,16,116,11,3" hai3="39,48,42,98,62,93,76,99,63,73,44,8,36"/><W57/><G98/><T112/><D105/><U32/><E123/><V30/><F38/><W134/><G63/><T81/><D64/><U103/><E127/><V61/><F116/><W122/><G122/><T58/><D58/><U43/><E118/><V114/><F114/><N who="0" m="43562" /><D47/><U88/><E103/><V4/><F135/><W92/><G92/><T97/><D97/><U2/><E2/><N who="0" m="1129" /><D40/><U22/><E12/><V20/><F131/><W41/><G134/><T84/><D129/><U68/><E68/><V34/><F72/><W50/><G8/><T120/><D120/><U133/><E133/><V19/><F89/><W91/><G41/><T119/><D119/><U102/><E102/><V95/><F95/><W109/><G36/><T87/><D7/><U130/><E130/><V60/><F55/><W69/><G69/><T17/><D5/><U117/><E117/><V37/><F37/><W104/><G104/><T27/><D17/><U80/><E52/><V94/><F94/><W101/><G101/><T100/><D100/><U29/><E90/><V79/><F19/><W128/><G128/><T35/><D27/><U82/><E82/><N who="0" m="31241" /><D35/><U65/><E65/><V96/><F4/><W113/><G39/><T56/><D56/><U53/><E53/><V126/><F34/><W75/><G57/><T49/><D49/><N who="1" m="26847" /><E32/><V125/><F96/><W110/><G48/><T59/><D59/><U78/><E88/><V6/><F3/><W71/><G50/><T85/><AGARI ba="0,0" hai="84,85,87,108,111" m="31241,1129,43562" machi="85" ten="40,5200,0" yaku="28,2,11,1" doraHai="74" who="0" fromWho="0" sc="201,52,230,-13,260,-13,309,-26" /><INIT seed="4,0,0,2,4,104" ten="253,217,247,283" oya="0" hai0="10,58,128,8,55,21,29,120,122,44,119,124,89" hai1="32,6,70,68,37,75,30,25,123,91,81,106,19" hai2="5,15,129,95,59,87,94,0,116,103,64,69,17" hai3="46,77,100,48,93,99,110,50,132,121,28,27,134"/><T36/><D119/><U41/><E123/><V109/><F109/><W115/><G110/><T57/><D124/><U111/><E111/><V61/><F129/><W88/><G115/><T107/><D128/><U125/><E125/><V126/><F0/><W43/><G121/><T39/><D107/><U40/><E19/><V135/><F135/><N who="3" m="51755" /><G77/><T38/><D120/><U113/><E91/><V118/><F5/><W79/><G79/><T63/><D122/><U98/><E113/><V96/><F126/><W16/><G16/><T78/><D78/><N who="1" m="44255" /><E40/><V34/><F34/><N who="3" m="20767" /><G100/><T97/><D44/><N who="1" m="23599" /><E6/><V14/><F59/><W7/><G7/><T52/><D29/><U74/><E74/><V86/><F14/><W85/><G85/><T20/><D97/><U80/><E80/><V31/><F31/><W67/><G67/><T83/><D83/><U26/><E26/><V53/><F53/><N who="0" m="20554" /><D89/><U73/><E73/><V92/><F87/><W108/><G108/><T33/><D33/><U130/><E130/><V23/><REACH who="2" step="1"/><F86/><REACH who="2" ten="253,217,237,283" step="2"/><W2/><G2/><T56/><D63/><U117/><E117/><AGARI ba="0,1" hai="15,17,23,61,64,69,92,94,95,96,103,116,117,118" machi="117" ten="40,5200,0" yaku="1,1,2,1,12,1,53,0" doraHai="104" doraHaiUra="47" who="2" fromWho="1" sc="253,0,217,-52,237,62,283,0" /><INIT seed="5,0,0,0,2,21" ten="253,165,299,283" oya="1" hai0="97,38,107,68,120,108,90,111,115,16,81,26,52" hai1="100,43,118,132,74,109,128,106,19,87,72,76,104" hai2="59,133,103,13,49,134,94,47,44,31,125,7,119" hai3="4,9,5,0,123,12,84,79,36,92,11,99,46"/><U18/><E43/><V113/><F125/><W82/><G123/><T30/><D120/><U86/><E19/><V67/><F113/><W56/><G56/><T34/><D38/><U71/><E71/><V93/><F119/><W114/><G114/><T32/><D115/><U66/><E66/><V62/><F31/><W8/><G8/><T64/><D34/><U57/><E57/><V14/><F47/><W122/><G122/><T17/><D52/><U27/><E27/><V75/><F75/><N who="1" m="28713" /><E18/><N who="0" m="7273" /><D90/><U60/><E60/><V129/><F129/><W1/><G46/><T6/><D81/><N who="1" m="47399" /><E118/><V41/><F103/><W131/><G131/><T130/><D6/><U126/><E128/><V96/><F7/><W101/><REACH who="3" step="1"/><G36/><REACH who="3" ten="253,165,299,273" step="2"/><T15/><D130/><U116/><E116/><V50/><F59/><W10/><G10/><T121/><D121/><U25/><E126/><V77/><F44/><W48/><G48/><T83/><D15/><AGARI ba="0,1" hai="0,1,4,5,9,11,12,15,79,82,84,92,99,101" machi="15" ten="30,3900,0" yaku="1,1,7,1,9,1,53,0" doraHai="21" doraHaiUra="51" who="3" fromWho="0" sc="253,-39,165,0,299,0,273,49" owari="214,-18.6,165,-33.5,299,9.9,322,42.2" /></mjloggm>