<mjloggm ver="2.3"><GO type="225" lobby="0"/><UN n0="%41%75%72%6F%72%41" n1="%E7%B4%94%E6%BD%94%E3%83%94%E3%83%A9%E3%83%8B%E3%82%A2" n2="%72%69%6F%75%63%68%61%6E" n3="%E9%B4%A8%4E%45%47%49" dan="17,17,16,16" rate="2103.85,2186.78,2200.13,2116.48" sx="M,M,M,M"/><TAIKYOKU oya="0"/><INIT seed="0,0,0,4,5,130" ten="250,250,250,250" oya="0" hai0="109,70,90,95,36,52,124,28,92,83,73,0,91" hai1="34,25,29,128,62,102,30,74,56,110,13,41,9" hai2="69,65,38,20,104,1,79,84,21,88,14,27,64" hai3="43,61,114,82,42,8,100,51,46,134,31,71,37"/><T63/><D36/><U85/><E128/><V18/><F1/><W96/><G114/><T55/><D0/><U106/><E110/><V39/><F104/><W120/><G120/><T59/><D70/><U131/><E74/><V68/><F79/><W50/><G31/><T77/><D28/><U121/><E121/><V98/><F98/><W132/><G82/><T80/><D124/><U44/><E29/><V26/><F14/><W105/><G8/><T72/><D109/><U99/><E85/><V123/><F123/><W127/><G127/><T54/><D73/><U48/><E131/><V17/><REACH who="2" step="1"/><F84/><REACH who="2" ten="250,250,240,250" step="2"/><W6/><G6/><T107/><D107/><U126/><E126/><V76/><F76/><W22/><G22/><T93/><REACH who="0" step="1"/><D80/><REACH who="0" ten="240,250,240,250" step="2"/><U67/><E106/><V78/><F78/><W116/><G105/><T4/><D4/><U35/><E35/><V75/><F75/><W32/><G32/><T33/><D33/><U86/><E34/><V118/><F118/><W53/><G116/><T117/><D117/><U113/><E113/><V10/><F10/><W40/><G96/><T81/><D81/><U24/><E9/><V119/><F119/><W60/><G71/><T12/><D12/><U111/><E13/><V129/><F129/><W112/><G112/><T3/><D3/><U122/><E111/><V19/><F19/><W101/><G37/><T66/><AGARI ba="0,2" hai="52,54,55,59,63,66,72,77,83,90,91,92,93,95" machi="66" ten="30,6000,0" yaku="1,1,0,1,54,1,53,0" doraHai="130" doraHaiUra="94" who="0" fromWho="0" sc="240,80,250,-20,240,-20,250,-20" /><INIT seed="0,1,0,1,5,113" ten="320,230,220,230" oya="0" hai0="7,51,81,58,82,95,25,34,71,122,10,84,40" hai1="15,125,98,35,11,85,53,109,121,67,26,104,14" hai2="61,115,100,47,73,128,107,46,112,117,119,77,52" hai3="18,66,13,59,19,123,134,96,31,44,131,4,91"/><T2/><D71/><U68/><E109/><V21/><F128/><W133/><G123/><T42/><D122/><U22/><E125/><V118/><F21/><W105/><G131/><T45/><D42/><U88/><E35/><V135/><F135/><N who="3" m="51723" /><G31/><T16/><D58/><U108/><E108/><V130/><F130/><W49/><G4/><T0/><D0/><U87/><E121/><V30/><F30/><W6/><G6/><T111/><D111/><U57/><E68/><V28/><F28/><W9/><G19/><T126/><D126/><U103/><E67/><V70/><F107/><W5/><G5/><T65/><D65/><U33/><E33/><V74/><F100/><N who="3" m="62599" /><G91/><T37/><D34/><U83/><E87/><V41/><F77/><W55/><G66/><T97/><D37/><U93/><E11/><V17/><F17/><W127/><G127/><T3/><D3/><U38/><E38/><N who="2" m="21815" /><F70/><W106/><G44/><T24/><D16/><N who="1" m="12615" /><E104/><AGARI ba="1,0" hai="9,13,18,49,55,59,104,106" m="62599,51723" machi="104" ten="30,1000,0" yaku="20,1" doraHai="113" who="3" fromWho="1" sc="320,0,230,-13,220,0,230,13" /><INIT seed="1,0,0,2,0,19" ten="320,217,220,243" oya="1" hai0="34,110,57,130,90,6,41,33,58,122,25,121,4" hai1="36,86,60,61,48,35,113,134,23,78,0,87,13" hai2="75,50,71,94,43,124,133,69,127,93,5,29,126" hai3="88,46,98,116,83,89,129,38,109,82,39,16,10"/><U42/><E113/><V56/><F75/><W131/><G109/><T125/><D110/><U105/><E105/><V17/><F133/><W52/><G116/><T40/><D90/><N who="3" m="34921" /><G98/><T18/><D18/><N who="1" m="10703" /><E35/><V72/><F72/><W51/><G83/><T76/><D76/><U24/><E0/><V14/><F29/><W117/><G82/><T1/><D1/><U92/><E36/><V21/><F5/><W99/><G99/><T45/><D25/><U81/><E134/><V3/><F3/><W27/><G117/><T73/><D73/><U44/><E24/><V63/><F50/><W11/><G11/><T79/><D79/><U66/><E66/><N who="2" m="39271" /><F43/><W55/><G55/><T97/><D122/><U9/><E9/><V84/><F84/><W85/><G85/><T96/><D121/><U119/><E119/><V70/><AGARI ba="0,0" hai="14,17,21,69,70,71,93,94,124,126,127" m="39271" machi="70" ten="40,2700,0" yaku="18,1,52,1" doraHai="19" who="2" fromWho="2" sc="320,-7,217,-13,220,27,243,-7" /><INIT seed="2,0,0,2,3,119" ten="313,204,247,236" oya="2" hai0="79,10,121,86,64,125,135,68,97,108,29,69,13" hai1="65,34,111,31,41,27,117,99,53,7,48,1,49" hai2="30,89,78,42,3,24,84,114,80,36,77,23,59" hai3="103,56,16,38,61,55,120,63,122,118,127,116,105"/><V25/><F114/><W0/><G0/><T19/><D121/><N who="3" m="46697" /><G105/><T128/><D29/><U106/><E117/><N who="3" m="45162" /><G103/><T98/><D64/><U12/><E65/><V40/><F3/><W5/><G5/><T51/><D98/><U94/><E106/><V15/><F36/><W83/><G83/><T43/><D97/><U92/><E92/><V113/><F113/><W14/><G16/><T52/><D19/><U67/><E67/><V58/><F15/><W22/><G22/><T91/><D13/><U18/><E111/><V134/><F134/><W87/><G87/><T85/><D86/><U112/><E112/><V33/><F78/><W32/><G32/><T110/><D79/><U131/><E131/><V45/><F77/><W81/><G81/><T72/><D85/><U95/><E41/><V75/><F75/><W9/><G9/><T88/><D10/><U100/><E53/><V129/><F129/><W76/><G76/><T35/><D72/><U82/><E94/><V62/><F45/><W90/><G90/><T93/><D91/><U2/><E82/><V66/><REACH who="2" step="1"/><F58/><REACH who="2" ten="313,204,237,236" step="2"/><N who="3" m="35039" /><G14/><T124/><D128/><U133/><E2/><V109/><F109/><W17/><G38/><T8/><D110/><U50/><E1/><V101/><F101/><W57/><G57/><T102/><D108/><U37/><E37/><V26/><F26/><W39/><G39/><T71/><D102/><U47/><E7/><V54/><F54/><N who="3" m="34199" /><G17/><AGARI ba="0,1" hai="17,23,24,25,30,33,40,42,59,62,66,80,84,89" machi="17" ten="30,2900,0" yaku="1,1,7,1,53,0" doraHai="119" doraHaiUra="4" who="2" fromWho="3" sc="313,0,204,0,237,39,236,-29" /><INIT seed="2,1,0,5,0,32" ten="313,204,276,207" oya="2" hai0="29,77,33,72,63,124,24,82,45,116,120,93,44" hai1="119,41,36,70,129,25,81,49,9,65,104,106,23" hai2="37,50,80,17,99,115,47,131,92,61,85,101,95" hai3="64,100,51,90,54,30,16,8,123,103,84,6,69"/><V57/><F115/><W20/><G123/><T4/><D120/><U38/><E119/><V26/><F131/><W127/><G127/><T27/><D124/><U88/><E129/><V112/><F112/><W98/><G30/><T105/><D105/><U60/><E104/><V13/><F37/><W35/><G35/><T53/><D116/><U110/><E106/><V52/><F26/><W118/><G118/><T86/><D27/><U7/><E110/><V58/><F92/><W14/><G98/><T135/><D4/><U42/><E42/><V117/><F117/><W10/><G69/><T28/><D28/><U94/><E81/><V107/><F107/><W75/><G64/><T109/><D109/><U111/><E49/><V34/><F34/><W78/><G78/><T3/><D3/><U114/><E41/><V12/><F17/><W1/><G10/><T91/><D135/><U48/><E48/><V21/><F21/><W11/><G20/><T66/><D53/><U59/><E70/><AGARI ba="1,0" hai="24,29,33,44,45,63,66,70,72,77,82,86,91,93" machi="70" ten="30,1000,0" yaku="7,1" doraHai="32" who="0" fromWho="1" sc="313,13,204,-13,276,0,207,0" /><INIT seed="3,0,0,2,0,90" ten="326,191,276,207" oya="3" hai0="47,72,91,49,56,27,124,46,18,37,57,3,34" hai1="99,50,25,134,2,98,88,108,21,135,29,77,41" hai2="117,23,112,74,92,69,1,4,119,87,55,82,7" hai3="66,97,31,33,62,100,128,45,24,83,78,39,114"/><W96/><G128/><T60/><D3/><U130/><E2/><V5/><F112/><W115/><G97/><T53/><D72/><U125/><E108/><V36/><F36/><W61/><G61/><T81/><D124/><U63/><E125/><V44/><F69/><W71/><G45/><T19/><D34/><U93/><E130/><V65/><F1/><W64/><G64/><T95/><D81/><U67/><E77/><V102/><F65/><W75/><REACH who="3" step="1"/><G39/><REACH who="3" ten="326,191,276,197" step="2"/><T116/><D37/><U30/><E98/><N who="2" m="59719" /><F119/><W48/><G48/><T9/><D116/><U13/><E50/><V28/><F117/><W51/><G51/><T42/><D47/><U17/><E41/><V58/><F44/><W132/><G132/><N who="1" m="50730" /><E25/><V40/><F40/><W73/><G73/><T80/><D42/><U126/><E126/><V54/><F58/><AGARI ba="0,1" hai="13,17,21,29,30,58,63,67,88,93,99" m="50730" machi="58" ten="30,3900,0" yaku="20,1,52,1,54,1" doraHai="90" who="1" fromWho="2" sc="326,0,191,49,276,-39,197,0" owari="326,42.6,240,4.0,237,-16.3,197,-30.3" /></mjloggm>