<mjloggm ver="2.3"><GO type="225" lobby="0"/><UN n0="%E5%8F%AF%E5%85%90%E9%82%A3%E7%94%B1%E5%A4%9A" n1="%E3%81%86%E3%81%A9%E3%82%93%E3%81%93" n2="%54%4F%52" n3="%6D%75%75%6D%75%72%61" dan="17,16,17,17" rate="2198.61,2152.87,2255.87,2219.93" sx="F,M,M,F"/><TAIKYOKU oya="0"/><INIT seed="0,0,0,0,2,60" ten="250,250,250,250" oya="0" hai0="117,116,31,89,33,70,52,63,64,78,106,4,79" hai1="2,49,113,57,45,72,11,26,9,81,15,43,131" hai2="73,90,20,13,14,42,29,110,125,66,37,71,114" hai3="65,50,6,35,58,127,129,16,55,68,51,23,96"/><T69/><D69/><U77/><E131/><V38/><F114/><W40/><G35/><T109/><D4/><U62/><E113/><V103/><F73/><W36/><G129/><T135/><D135/><U7/><E26/><V12/><F110/><W122/><G127/><T74/><D89/><U121/><E121/><V107/><F125/><W28/><G122/><T98/><D109/><U8/><REACH who="1" step="1"/><E2/><REACH who="1" ten="250,240,250,250" step="2"/><V134/><F134/><W44/><G28/><T99/><D117/><U111/><E111/><V21/><F29/><W94/><G6/><T27/><D116/><U97/><E97/><V83/><F14/><W61/><G16/><T19/><D98/><U95/><E95/><V102/><F13/><W25/><G25/><T54/><D19/><U91/><E91/><V10/><F90/><W32/><G32/><T56/><D74/><U118/><E118/><V67/><F12/><W24/><G24/><T18/><D18/><U53/><AGARI ba="0,1" hai="7,8,9,11,15,43,45,49,53,57,62,72,77,81" machi="53" ten="20,2700,0" yaku="1,1,0,1,7,1,53,0" doraHai="60" doraHaiUra="22" who="1" fromWho="1" sc="250,-13,240,37,250,-7,250,-7" /><INIT seed="1,0,0,5,4,100" ten="237,277,243,243" oya="1" hai0="85,48,9,81,31,33,108,15,88,121,74,103,59" hai1="102,110,51,82,116,124,134,68,35,129,55,54,58" hai2="44,77,91,19,72,6,79,37,117,26,115,73,7" hai3="5,21,128,65,53,50,80,76,30,64,40,57,41"/><U78/><E116/><V14/><F117/><W1/><G128/><T10/><D108/><U25/><E129/><V133/><F133/><W24/><G1/><T135/><D135/><U119/><E119/><V16/><F115/><W38/><G5/><T86/><D121/><U66/><E134/><V8/><F73/><W13/><G13/><T52/><D74/><U114/><E114/><V43/><F91/><W96/><G96/><T11/><D103/><U69/><E66/><V107/><F107/><W132/><G132/><T12/><D33/><U28/><E124/><V29/><F19/><W60/><G38/><T120/><D120/><U20/><E110/><V84/><F72/><W92/><G92/><N who="0" m="54287" /><D31/><U0/><E0/><V17/><F17/><W106/><G106/><T2/><D2/><U118/><E118/><V127/><F127/><W63/><G80/><T70/><D70/><U111/><E111/><V22/><REACH who="2" step="1"/><F84/><REACH who="2" ten="237,277,233,243" step="2"/><W104/><G104/><T42/><D42/><N who="3" m="16489" /><G76/><AGARI ba="0,1" hai="9,10,11,12,15,48,52,59,76,81,86" m="54287" machi="76" ten="30,3900,0" yaku="8,1,54,2" doraHai="100" who="0" fromWho="3" sc="237,49,277,0,233,0,243,-39" /><AGARI ba="0,0" hai="6,7,8,14,16,22,26,29,37,43,44,76,77,79" machi="76" ten="40,2600,0" yaku="1,1,54,1,53,0" doraHai="100" doraHaiUra="97" who="2" fromWho="3" sc="286,0,277,0,233,26,204,-26" /><INIT seed="2,0,0,5,3,85" ten="286,277,259,178" oya="2" hai0="33,72,106,28,73,129,84,90,103,127,107,128,2" hai1="54,102,30,115,109,120,113,87,36,98,34,81,78" hai2="100,6,94,3,67,56,133,119,38,25,112,44,96" hai3="55,4,8,69,58,52,83,16,50,51,41,134,93"/><V65/><F112/><W71/><G134/><T79/><D2/><U89/><E109/><V14/><F119/><W118/><G118/><T0/><D0/><U82/><E36/><V42/><F133/><W17/><G41/><T63/><D28/><U91/><E54/><V49/><F3/><W131/><G131/><N who="0" m="50251" /><D33/><U24/><E120/><V62/><F25/><W135/><G135/><T68/><D68/><U95/><REACH who="1" step="1"/><E102/><REACH who="1" ten="286,267,259,178" step="2"/><V32/><F38/><W37/><G37/><T46/><D103/><U10/><E10/><N who="2" m="4439" /><F32/><W61/><G55/><AGARI ba="0,1" hai="42,44,49,55,56,62,65,67,94,96,100" m="4439" machi="55" ten="30,1500,0" yaku="8,1" doraHai="85" who="2" fromWho="3" sc="286,0,267,0,259,25,178,-15" /><INIT seed="2,1,0,3,3,54" ten="286,267,284,163" oya="2" hai0="90,71,9,57,11,74,126,89,128,5,50,101,39" hai1="61,76,81,55,87,49,47,43,27,34,108,97,114" hai2="120,92,8,33,102,86,26,30,69,85,72,35,83" hai3="78,42,18,135,100,103,118,117,6,93,112,105,134"/><V7/><F120/><W116/><G42/><T127/><D39/><U25/><E114/><V23/><F69/><W3/><G6/><T28/><D71/><U17/><E108/><V0/><F72/><W14/><G3/><T124/><D74/><U95/><E34/><V75/><F75/><W115/><G14/><T111/><D111/><U84/><E84/><V20/><F35/><W41/><G18/><T1/><D128/><U46/><E17/><V56/><F56/><W52/><G41/><T131/><D131/><U119/><E119/><V94/><F86/><W40/><G40/><T88/><D101/><N who="3" m="38985" /><G105/><T99/><D28/><U104/><E104/><V12/><F102/><W19/><G19/><T130/><D130/><U36/><E61/><V91/><F20/><W73/><G93/><N who="0" m="56743" /><D11/><U107/><E107/><V10/><REACH who="2" step="1"/><F33/><REACH who="2" ten="286,267,274,163" step="2"/><W64/><G64/><T51/><D51/><U121/><E121/><V32/><F32/><W48/><G115/><T45/><D57/><U96/><E96/><V67/><F67/><W60/><G112/><T16/><D50/><U13/><E97/><V44/><F44/><N who="3" m="27655" /><G60/><T133/><D45/><U65/><E65/><V66/><F66/><W132/><G116/><T123/><D123/><U125/><E47/><V24/><F24/><W98/><G98/><T2/><D126/><U122/><E125/><V68/><F68/><W29/><G29/><T79/><D124/><U109/><E122/><V62/><F62/><W106/><G106/><T58/><D58/><U113/><E113/><V80/><F80/><AGARI ba="1,1" hai="73,78,80,117,118,132,134,135" m="27655,38985" machi="80" ten="40,2600,0" yaku="20,1,54,1" doraHai="54" who="3" fromWho="2" sc="286,0,267,0,274,-29,163,39" /><INIT seed="3,0,0,1,4,113" ten="286,267,245,202" oya="3" hai0="99,35,0,44,128,38,24,20,97,80,14,123,75" hai1="6,77,94,134,106,32,66,114,30,98,118,70,83" hai2="125,79,105,21,51,131,104,63,19,61,7,109,16" hai3="3,42,40,82,5,121,127,22,107,45,23,89,87"/><W100/><G121/><T54/><D123/><U95/><E114/><V43/><F109/><W33/><G33/><T62/><D0/><U59/><E59/><V39/><F39/><W53/><G127/><T8/><D35/><U86/><E6/><V2/><F125/><W78/><G107/><T88/><D128/><U68/><E68/><V9/><F131/><W120/><G100/><T4/><D75/><U50/><E50/><V102/><F79/><W133/><G120/><T115/><D115/><U93/><E134/><V76/><F76/><W52/><G133/><T112/><D112/><U67/><E118/><V96/><F105/><W60/><G78/><T11/><D11/><U110/><E110/><V36/><F36/><W71/><G53/><T27/><D38/><U25/><REACH who="1" step="1"/><E70/><REACH who="1" ten="286,257,245,202" step="2"/><V10/><F51/><N who="3" m="28783" /><G71/><T117/><D117/><U108/><E108/><V103/><F7/><W31/><G60/><T57/><D44/><U47/><E47/><V15/><F63/><W132/><G132/><T124/><D124/><U111/><E111/><V58/><F61/><W101/><G5/><T26/><D20/><N who="3" m="7721" /><G3/><T74/><D74/><U81/><E81/><V12/><F2/><W73/><G73/><T84/><AGARI ba="0,1" hai="4,8,14,24,26,27,54,57,62,80,84,88,97,99" machi="84" ten="30,4000,0" yaku="0,1,8,1,54,1" doraHai="113" who="0" fromWho="0" sc="286,50,257,-10,245,-10,202,-20" owari="336,43.6,247,4.7,235,-16.5,182,-31.8" /></mjloggm>