<mjloggm ver="2.3"><GO type="225" lobby="0"/><UN n0="%4B%2E%32%2E%4B%2E" n1="%72%61%6B%33" n2="%E3%83%AD%E3%83%83%E3%83%86%E9%9B%80%E7%90%83" n3="%E8%81%B7%E6%A5%AD%E3%80%81%E9%A2%A8%32" dan="16,18,17,16" rate="2123.72,2216.96,2198.61,2155.43" sx="M,M,M,M"/><TAIKYOKU oya="0"/><INIT seed="0,0,0,5,2,61" ten="250,250,250,250" oya="0" hai0="32,21,67,115,43,117,25,119,113,14,86,10,15" hai1="133,20,62,16,49,31,34,26,47,22,59,2,95" hai2="84,105,5,102,134,108,122,75,91,35,77,98,103" hai3="92,76,28,19,39,90,30,66,97,118,70,57,124"/><T135/><D43/><U71/><E133/><V82/><F5/><W104/><G39/><T0/><D32/><U100/><E2/><V33/><F134/><W120/><G120/><T78/><D135/><U69/><E34/><V44/><F122/><W18/><G118/><N who="0" m="45067" /><D86/><U110/><E110/><V53/><F108/><W37/><G37/><T3/><D67/><N who="1" m="39391" /><E49/><N who="2" m="28839" /><F103/><W63/><G124/><T24/><D78/><U38/><E47/><V54/><F54/><W114/><G114/><N who="0" m="43531" /><D15/><N who="1" m="9247" /><E38/><V52/><F52/><W94/><G104/><T17/><D25/><U132/><E132/><V128/><F33/><W129/><G70/><T56/><D56/><U9/><E9/><V74/><F35/><W23/><G76/><T81/><D81/><U7/><E7/><AGARI ba="0,0" hai="0,3,7,10,14,17,21,24" m="43531,45067" machi="7" ten="30,2900,0" yaku="34,2" doraHai="61" who="0" fromWho="1" sc="250,29,250,-29,250,0,250,0" /><INIT seed="0,1,0,5,3,102" ten="279,221,250,250" oya="0" hai0="75,94,118,129,107,122,56,8,116,58,81,115,135" hai1="3,32,61,6,123,0,55,40,104,50,134,41,83" hai2="99,89,13,44,22,5,117,14,131,69,76,67,1" hai3="11,34,132,111,121,103,19,24,101,53,27,7,63"/><T21/><D115/><U112/><E112/><V57/><F69/><W9/><G111/><T4/><D122/><U105/><E123/><V96/><F131/><W110/><G110/><T16/><D129/><U120/><E120/><V91/><F117/><W60/><G132/><T31/><D135/><U12/><E32/><V37/><F37/><W73/><G73/><T70/><D70/><U97/><E61/><N who="3" m="23626" /><G121/><T106/><D31/><U128/><E12/><V90/><F57/><W88/><G34/><T47/><D56/><U23/><E23/><V18/><F1/><W49/><G7/><T46/><D58/><U98/><E83/><V74/><F67/><W113/><G113/><T87/><D94/><U133/><E50/><V109/><F109/><W68/><G101/><T48/><D75/><U119/><E6/><V125/><F125/><W64/><G103/><T30/><D30/><U26/><E55/><V124/><F124/><W114/><G64/><T54/><D46/><U52/><E52/><V42/><F76/><W62/><G62/><T100/><D100/><U127/><E127/><V84/><F84/><W108/><G108/><T80/><D116/><U71/><E128/><V2/><F2/><W38/><G38/><T43/><D43/><U36/><E36/><N who="2" m="21575" /><F74/><W15/><G68/><T82/><D87/><U77/><E71/><V35/><F35/><W126/><G114/><T20/><D118/><U10/><E119/><V65/><F65/><W78/><G78/><T92/><D92/><U95/><E134/><V39/><F39/><W33/><G126/><T51/><D80/><RYUUKYOKU ba="1,0" sc="279,-10,221,-10,250,30,250,-10" hai2="5,13,14,18,22,89,90,91,96,99" /><INIT seed="1,2,0,4,2,121" ten="269,211,280,240" oya="1" hai0="90,123,84,69,74,101,99,83,7,95,50,111,16" hai1="33,20,78,114,105,67,122,127,48,81,35,125,18" hai2="72,71,132,76,91,45,15,6,13,30,131,63,11" hai3="106,51,107,9,77,103,126,96,79,31,88,75,109"/><U55/><E122/><V32/><F131/><W68/><G68/><T46/><D123/><U64/><E105/><N who="3" m="39946" /><G31/><T59/><D69/><U34/><E114/><V23/><F132/><W17/><G51/><T86/><D7/><U53/><E67/><V82/><F32/><W110/><G17/><T130/><D130/><U24/><E64/><V25/><F91/><W2/><G126/><N who="1" m="48138" /><E48/><V10/><F71/><W4/><G75/><AGARI ba="2,0" hai="18,20,24,33,34,35,53,55,75,78,81" m="48138" machi="75" ten="40,2000,0" yaku="18,1" doraHai="121" who="1" fromWho="3" sc="269,0,211,26,280,0,240,-26" /><INIT seed="1,3,0,5,3,94" ten="269,237,280,214" oya="1" hai0="43,98,18,28,78,5,76,1,34,104,41,127,24" hai1="108,88,93,122,89,48,44,107,92,115,109,123,110" hai2="59,103,114,81,61,50,16,111,25,12,133,57,135" hai3="26,117,10,134,69,45,23,8,96,20,73,102,27"/><U37/><E37/><V36/><F36/><W128/><G73/><T85/><D127/><U54/><E107/><V53/><F111/><W132/><G69/><T80/><D76/><U38/><E38/><V106/><F114/><W13/><G117/><T126/><D126/><U91/><REACH who="1" step="1"/><E115/><REACH who="1" ten="269,227,280,214" step="2"/><V113/><F113/><W131/><G45/><T66/><D104/><U90/><N who="1" m="22528" /><DORA hai="77" /><U119/><E119/><V2/><F106/><N who="3" m="63815" /><G27/><T125/><D125/><U52/><E52/><V100/><F25/><W74/><G26/><T14/><D24/><U75/><E75/><V17/><F53/><W11/><G74/><T82/><D43/><U19/><E19/><V22/><F16/><N who="3" m="10255" /><G23/><T49/><D41/><U129/><E129/><AGARI ba="3,1" hai="8,10,11,128,129,131,132,134" m="10255,63815" machi="129" ten="30,3900,0" yaku="19,1,52,1,54,1" doraHai="94,77" who="3" fromWho="1" sc="269,0,227,-48,280,0,214,58" /><INIT seed="2,0,0,3,3,35" ten="269,179,280,272" oya="2" hai0="62,76,7,105,115,61,1,65,82,125,46,50,64" hai1="52,73,60,126,99,6,84,95,71,97,112,29,48" hai2="75,27,121,49,96,45,18,111,20,68,127,135,110" hai3="5,93,67,132,120,101,114,123,13,17,94,57,102"/><V134/><F121/><W86/><G132/><N who="2" m="50729" /><F75/><W77/><G114/><T118/><D115/><U66/><E112/><V119/><F119/><W53/><G67/><T14/><D105/><U90/><E126/><V41/><F127/><W85/><G5/><T28/><D125/><U78/><E29/><V36/><F68/><W133/><G133/><T81/><D118/><U31/><E31/><V117/><F117/><W47/><G47/><T40/><D28/><U106/><E106/><V129/><F129/><W58/><G58/><T109/><D1/><U89/><E89/><V131/><F131/><W51/><G120/><T70/><D109/><N who="2" m="41482" /><F96/><W9/><G123/><T63/><D76/><U108/><E108/><V59/><F59/><W30/><G77/><T122/><D122/><U32/><E32/><V98/><F98/><W91/><G30/><T42/><D70/><U72/><E99/><V34/><F34/><W83/><G86/><T113/><D113/><U2/><E97/><V0/><F0/><W33/><G33/><T54/><D65/><U92/><E78/><V37/><AGARI ba="0,0" hai="18,20,27,36,37,41,45,49" m="41482,50729" machi="37" ten="40,7800,0" yaku="20,1,14,1,10,1" doraHai="35" who="2" fromWho="2" sc="269,-26,179,-26,280,78,272,-26" /><INIT seed="2,1,0,1,1,30" ten="243,153,358,246" oya="2" hai0="93,133,116,80,85,113,90,131,61,127,18,71,59" hai1="5,32,91,35,4,84,13,8,25,39,125,27,6" hai2="43,34,76,119,10,50,21,101,9,68,108,134,100" hai3="77,88,128,46,3,95,118,78,47,87,98,64,48"/><V41/><F68/><W60/><G3/><T19/><D113/><U120/><E39/><V62/><F34/><N who="1" m="12841" /><E84/><V126/><F21/><W44/><G118/><T49/><D71/><U104/><E91/><V15/><F62/><W117/><G117/><T31/><D49/><U72/><E72/><V65/><F15/><W54/><G128/><T121/><D131/><U58/><E58/><V23/><F23/><W11/><G11/><T94/><D59/><U38/><E104/><V66/><F9/><W26/><G26/><N who="1" m="9738" /><E38/><V16/><F50/><W123/><G123/><T53/><D90/><U42/><E42/><V36/><F66/><W124/><G124/><T28/><D85/><U0/><E125/><V69/><F65/><W22/><G22/><T86/><D86/><U122/><E0/><V2/><F2/><W96/><G64/><T109/><D61/><U110/><E110/><V14/><F108/><W63/><G60/><T1/><D109/><U29/><E29/><V20/><F43/><W99/><G63/><T37/><D37/><U75/><E75/><V103/><F41/><W70/><G70/><T51/><D127/><U114/><E114/><V107/><F101/><W17/><G78/><T57/><D57/><U92/><E92/><V102/><F103/><W74/><G77/><T24/><D94/><U7/><AGARI ba="1,0" hai="4,5,6,7,8,13,120,122" m="9738,12841" machi="7" ten="40,8000,1" yaku="34,2,52,3" doraHai="30" who="1" fromWho="1" sc="243,-21,153,83,358,-41,246,-21" /><INIT seed="3,0,0,0,2,66" ten="222,236,317,225" oya="3" hai0="37,78,9,14,29,83,49,65,42,47,112,25,134" hai1="92,72,105,98,8,55,41,10,135,125,39,127,108" hai2="107,101,43,54,103,86,77,79,69,67,120,122,85" hai3="80,99,131,50,19,16,48,123,31,24,26,20,45"/><W28/><G123/><N who="2" m="47145" /><F43/><W33/><G131/><T126/><D126/><U89/><E108/><V35/><F35/><W52/><G99/><T94/><D134/><U111/><E111/><V32/><F32/><W119/><G119/><T104/><D104/><U115/><E115/><V13/><F54/><W130/><G130/><T117/><D117/><U40/><E135/><V128/><F128/><W129/><G129/><T30/><D112/><U4/><E72/><V118/><F118/><W15/><G15/><T34/><D65/><U90/><E105/><V113/><F113/><W1/><G1/><T27/><D94/><U64/><E64/><V81/><F13/><W23/><G33/><T73/><D29/><U97/><E55/><V68/><F67/><W62/><G62/><T95/><D95/><U22/><E92/><V88/><F79/><W56/><G80/><T7/><REACH who="0" step="1"/><D27/><REACH who="0" ten="212,236,317,225" step="2"/><U46/><E127/><V70/><F107/><W110/><G110/><T106/><D106/><U2/><E125/><V75/><F75/><W114/><G114/><T84/><D84/><U133/><E133/><V71/><F71/><W12/><G26/><T11/><D11/><U82/><E8/><V96/><F96/><W5/><G5/><T93/><D93/><AGARI ba="0,1" hai="68,69,70,77,81,85,86,88,93,101,103" m="47145" machi="93" ten="40,8000,1" yaku="13,1,52,3,54,1" doraHai="66" who="2" fromWho="0" sc="212,-80,236,0,317,90,225,0" owari="132,-36.8,236,3.6,407,50.7,225,-17.5" /></mjloggm>