<mjloggm ver="2.3"><GO type="225" lobby="0"/><UN n0="%E3%83%B4%E3%82%A3%E3%83%AF%E3%82%B3%E3%82%B0%E3%83%8B" n1="%6D%75%75%6D%75%72%61" n2="%E3%82%BC%E3%83%AB%E3%83%80%E3%81%AE%E4%BC%9D%E8%AA%AC" n3="%E8%B6%85%E7%B4%9A%E9%B3%B3%E5%87%B0" dan="16,16,17,16" rate="2142.00,2114.04,2139.01,2165.45" sx="M,F,M,M"/><TAIKYOKU oya="0"/><INIT seed="0,0,0,5,2,92" ten="250,250,250,250" oya="0" hai0="98,20,127,84,88,0,95,97,121,36,124,35,31" hai1="43,80,133,13,113,130,75,125,82,123,65,81,6" hai2="96,68,15,73,51,23,32,54,25,49,57,58,41" hai3="77,83,128,116,63,10,112,114,62,122,14,78,24"/><T11/><D35/><U44/><E123/><V19/><F68/><W34/><G116/><T119/><D119/><U26/><E130/><V55/><F73/><W2/><G128/><T93/><D121/><U1/><E125/><N who="0" m="48201" /><D36/><U12/><E133/><V129/><F129/><W30/><G122/><T109/><D109/><U47/><E113/><V74/><F74/><W70/><G78/><T117/><D117/><U72/><E1/><V3/><F3/><W45/><G45/><T131/><D131/><U71/><E47/><V118/><F118/><W21/><G21/><T42/><D42/><U33/><E65/><V16/><F41/><W105/><G63/><T106/><D106/><U107/><E71/><V108/><F108/><W9/><G105/><T7/><D93/><U85/><E107/><V66/><F66/><N who="3" m="41303" /><G9/><T110/><D110/><U50/><E75/><V59/><F32/><W120/><G120/><T56/><D56/><U5/><E72/><V94/><F59/><W67/><G2/><T111/><D111/><U90/><E33/><V48/><F58/><W60/><G83/><N who="1" m="31818" /><E26/><AGARI ba="0,0" hai="0,7,11,20,26,31,84,88,95,97,98" m="48201" machi="26" ten="30,11600,0" yaku="18,1,52,2,54,1" doraHai="92" who="0" fromWho="1" sc="250,116,250,-116,250,0,250,0" /><INIT seed="0,1,0,4,4,81" ten="366,134,250,250" oya="0" hai0="79,36,134,32,133,131,110,127,111,69,25,49,34" hai1="14,9,61,16,135,106,17,40,2,113,58,15,71" hai2="68,82,72,62,120,129,37,6,91,59,128,101,96" hai3="87,8,107,38,108,118,10,31,115,22,84,4,18"/><T117/><D36/><U3/><E135/><N who="0" m="51721" /><D117/><U100/><E71/><V39/><F120/><W112/><G118/><T83/><D69/><U28/><E113/><V123/><F123/><W104/><G38/><T88/><D127/><U44/><E28/><V74/><F68/><W99/><G108/><N who="0" m="41515" /><D131/><U21/><E100/><V63/><F6/><W64/><G31/><T48/><D88/><U56/><E106/><V86/><F39/><W12/><G112/><T7/><D7/><U55/><REACH who="1" step="1"/><E56/><REACH who="1" ten="366,124,250,250" step="2"/><V80/><F59/><W54/><G104/><T122/><D122/><U30/><E30/><V116/><F116/><W67/><G115/><T78/><D32/><U20/><E20/><V105/><F129/><W0/><G22/><T73/><D78/><U77/><E77/><V130/><F130/><W109/><G109/><T42/><D42/><U70/><E70/><V45/><F128/><W103/><REACH who="3" step="1"/><G54/><REACH who="3" ten="366,124,250,240" step="2"/><T85/><D34/><U92/><E92/><V97/><F105/><W33/><G33/><T76/><D73/><U52/><E52/><V50/><F74/><W121/><G121/><T98/><D76/><U57/><E57/><V47/><F72/><W124/><G124/><T26/><D79/><U89/><E89/><V13/><F91/><W41/><G41/><T19/><D48/><AGARI ba="1,2" hai="2,3,9,14,15,16,17,21,40,44,48,55,58,61" machi="48" ten="30,3900,0" yaku="1,1,7,1,54,1,53,0" doraHai="81" doraHaiUra="93" who="1" fromWho="0" sc="366,-42,124,62,250,0,240,0" /><INIT seed="1,0,0,4,1,112" ten="324,186,250,240" oya="1" hai0="60,69,14,1,48,54,108,59,105,74,53,115,135" hai1="34,85,129,56,94,18,106,61,119,82,35,20,131" hai2="87,49,104,84,128,43,19,24,102,33,17,73,4" hai3="86,9,97,66,81,96,31,72,27,68,58,26,41"/><U25/><E106/><V120/><F73/><W42/><G72/><T16/><D108/><U123/><E123/><V0/><F120/><W75/><G75/><T32/><D135/><U52/><E94/><V95/><F104/><W98/><G68/><T28/><D1/><U83/><E83/><V80/><F33/><W107/><G107/><T13/><D115/><U38/><E38/><V92/><F128/><N who="1" m="49225" /><E119/><V127/><F127/><W133/><G133/><T134/><D134/><U100/><E100/><V111/><F0/><W21/><G9/><T2/><D2/><U103/><E103/><V79/><F4/><W118/><G118/><T89/><D74/><U10/><E10/><V22/><F111/><W57/><G26/><T6/><D89/><AGARI ba="0,0" hai="18,20,25,34,35,52,56,61,82,85,89" m="49225" machi="89" ten="30,2900,0" yaku="19,1,54,1" doraHai="112" who="1" fromWho="0" sc="324,-29,186,29,250,0,240,0" /><INIT seed="1,1,0,0,4,111" ten="295,215,250,240" oya="1" hai0="51,42,75,103,46,21,85,19,89,76,61,101,35" hai1="93,47,71,68,63,30,70,9,117,78,107,49,8" hai2="135,14,108,83,3,43,57,118,29,17,121,119,95" hai3="60,38,25,114,31,120,91,41,82,18,84,124,79"/><U104/><E117/><V22/><F121/><W39/><G120/><T80/><D35/><U1/><E63/><V126/><F108/><W2/><G2/><T26/><REACH who="0" step="1"/><D61/><REACH who="0" ten="285,215,250,240" step="2"/><U115/><E115/><V27/><F118/><W88/><G60/><T100/><D100/><U129/><E129/><V59/><F119/><W56/><G114/><T67/><D67/><U116/><E116/><V64/><F64/><W28/><G124/><T33/><D33/><U62/><E62/><V109/><F126/><W66/><G66/><T24/><D24/><U10/><E1/><V99/><F3/><W34/><G34/><T123/><D123/><U7/><E7/><V5/><F5/><W73/><G25/><T58/><D58/><U131/><E131/><V40/><F57/><W20/><G56/><T16/><D16/><U106/><E30/><V130/><F59/><W32/><G32/><T72/><D72/><U12/><E12/><V44/><F130/><W55/><G73/><T52/><D52/><U97/><E78/><V96/><F14/><N who="3" m="9303" /><G55/><T127/><D127/><U133/><E133/><V110/><F135/><W69/><G69/><T6/><D6/><U36/><E71/><V125/><F125/><W48/><G28/><T102/><D102/><N who="1" m="60719" /><E70/><V92/><F110/><W23/><G31/><T77/><D77/><U94/><E68/><V15/><F109/><W98/><G79/><T105/><D105/><U50/><E94/><AGARI ba="1,1" hai="19,21,26,42,46,51,75,76,80,85,89,94,101,103" machi="94" ten="30,2000,0" yaku="1,1,7,1,53,0" doraHai="111" doraHaiUra="65" who="0" fromWho="1" sc="285,33,215,-23,250,0,240,0" /><INIT seed="2,0,0,2,5,84" ten="318,192,250,240" oya="2" hai0="42,16,93,20,100,119,106,59,95,130,131,116,67" hai1="64,126,114,104,122,76,83,82,97,50,125,43,75" hai2="9,133,2,87,120,32,127,17,105,129,62,108,31" hai3="37,79,30,102,80,61,58,48,89,57,53,63,36"/><V40/><F40/><W90/><G102/><T86/><D106/><U118/><E114/><V68/><F87/><W12/><G30/><T46/><D59/><U66/><E118/><N who="0" m="45097" /><D67/><U72/><E122/><V109/><F120/><W33/><G33/><T8/><D8/><U98/><E43/><V15/><F105/><W71/><G71/><T96/><D93/><U25/><E104/><V45/><F127/><W103/><G103/><T34/><D34/><U10/><E10/><V110/><F133/><W101/><G101/><T81/><D86/><U128/><E25/><N who="2" m="18543" /><F45/><W11/><G36/><N who="0" m="21831" /><D81/><U13/><E13/><AGARI ba="0,0" hai="13,16,20,95,96,100,130,131" m="21831,45097" machi="13" ten="30,2000,0" yaku="12,1,54,1" doraHai="84" who="0" fromWho="1" sc="318,20,192,-20,250,0,240,0" /><INIT seed="3,0,0,4,3,103" ten="338,172,250,240" oya="3" hai0="63,56,101,27,60,35,122,131,29,3,16,99,86" hai1="120,76,65,115,59,95,96,134,89,119,44,15,69" hai2="109,21,80,97,13,2,107,128,71,79,92,88,55" hai3="25,83,1,12,42,108,9,50,73,22,52,87,53"/><W135/><G73/><T70/><D122/><U72/><E120/><V126/><F2/><W67/><G1/><T14/><D3/><U111/><E115/><V125/><F109/><W106/><G135/><T133/><D70/><U102/><E134/><V98/><F71/><W114/><G114/><T37/><D37/><U132/><E69/><V93/><F55/><W77/><G108/><T4/><D4/><U30/><E132/><V94/><F128/><W61/><G106/><T58/><D133/><U130/><E111/><V62/><F62/><W7/><G42/><T116/><D116/><U81/><E130/><V24/><F13/><W104/><G104/><T64/><D86/><U11/><E119/><V78/><F107/><W6/><G6/><T91/><D91/><U74/><E30/><N who="2" m="17679" /><F97/><W66/><G61/><T121/><D121/><U85/><E44/><V84/><F79/><W48/><G48/><T127/><D127/><AGARI ba="0,0" hai="78,80,84,88,92,93,94,98,125,126,127" m="17679" machi="127" ten="30,2000,0" yaku="18,1,54,1" doraHai="103" who="2" fromWho="0" sc="338,-20,172,0,250,20,240,0" owari="318,41.8,172,-32.8,270,7.0,240,-16.0" /></mjloggm>