<mjloggm ver="2.3"><GO type="225" lobby="0"/><UN n0="%E5%A4%8F%E9%88%B4%E9%88%B4%E5%A4%8F" n1="%48%61%61%61%6C%61%6E%64" n2="%E4%BF%BA%E3%81%A8%E5%A6%96%E5%A4%A2" n3="%45%6C%79%73%69%75%6D" dan="16,18,17,17" rate="2143.14,2176.43,2229.45,2115.64" sx="M,M,F,F"/><TAIKYOKU oya="0"/><INIT seed="0,0,0,1,4,106" ten="250,250,250,250" oya="0" hai0="133,14,73,87,92,124,99,96,68,70,1,29,20" hai1="57,90,7,9,24,18,62,58,25,47,77,12,93" hai2="5,108,50,127,64,134,19,120,43,89,94,98,72" hai3="13,37,116,23,105,55,26,6,35,119,56,129,121"/><T132/><D1/><U15/><E77/><V67/><F120/><W41/><G105/><T122/><D122/><U66/><E47/><N who="2" m="25983" /><F72/><W34/><G121/><T51/><D124/><U16/><E58/><V103/><F127/><W88/><G129/><T49/><D87/><U130/><E130/><V8/><F108/><W60/><G35/><T110/><D110/><U81/><E81/><V38/><F38/><W125/><G125/><T74/><D14/><U113/><E113/><V46/><F134/><N who="0" m="51818" /><D20/><U21/><REACH who="1" step="1"/><E7/><REACH who="1" ten="250,240,250,250" step="2"/><V100/><F5/><W69/><G69/><N who="0" m="26731" /><D29/><U59/><E59/><V78/><F46/><W36/><G36/><T85/><D49/><U131/><E131/><V2/><F78/><W3/><G37/><T52/><D85/><AGARI ba="0,1" hai="9,12,15,16,18,21,24,25,57,62,66,85,90,93" machi="85" ten="30,8000,1" yaku="1,1,7,1,8,1,54,1,53,1" doraHai="106" doraHaiUra="84" who="1" fromWho="0" sc="250,-80,240,90,250,0,250,0" /><INIT seed="1,0,0,3,0,34" ten="170,330,250,250" oya="1" hai0="24,106,30,127,41,65,134,125,8,113,102,74,86" hai1="101,94,92,91,25,78,75,89,3,93,42,0,70" hai2="115,63,87,43,108,49,13,72,55,135,76,44,5" hai3="90,110,84,104,73,46,17,56,133,39,120,23,31"/><U50/><E70/><V10/><F108/><W47/><G110/><T14/><D74/><U114/><E114/><V96/><F115/><W122/><G104/><T29/><D113/><U37/><E37/><V36/><F135/><W77/><G31/><T40/><D134/><U109/><E109/><V51/><F72/><W21/><G133/><T64/><D86/><U9/><E101/><V66/><F96/><W85/><G73/><T99/><D29/><U118/><E118/><V19/><F19/><W116/><G116/><T130/><D130/><U79/><E25/><V4/><F4/><W129/><G129/><T117/><D117/><U68/><E68/><V7/><F7/><W97/><G56/><T67/><D14/><U82/><E78/><V95/><F55/><W88/><G17/><T83/><D83/><U28/><E28/><V111/><F111/><W54/><G54/><T121/><D8/><U6/><REACH who="1" step="1"/><E3/><REACH who="1" ten="170,320,250,250" step="2"/><V119/><F76/><W62/><G77/><T53/><D121/><U18/><E18/><V32/><F36/><W98/><G39/><T100/><D100/><U15/><E15/><V69/><F119/><W60/><AGARI ba="0,1" hai="21,23,46,47,60,62,84,85,88,90,97,98,120,122" machi="60" ten="25,6400,0" yaku="0,1,22,2,54,1" doraHai="34" who="3" fromWho="3" sc="170,-16,320,-32,250,-16,250,74" /><INIT seed="2,0,0,0,5,16" ten="154,288,234,324" oya="2" hai0="45,105,81,120,11,88,73,75,79,74,37,116,89" hai1="132,70,77,101,117,53,48,6,124,135,3,27,119" hai2="56,20,63,51,131,61,95,15,49,106,68,32,100" hai3="93,114,10,34,91,72,31,64,78,24,108,19,80"/><V122/><F122/><W21/><G108/><T17/><D120/><U18/><E77/><V33/><F106/><W99/><G114/><T110/><D110/><U102/><E70/><V66/><F131/><W50/><G64/><T59/><D116/><N who="1" m="44619" /><E6/><V84/><F33/><W39/><G39/><T76/><D105/><U82/><E82/><V127/><F127/><W94/><G94/><T83/><D74/><U2/><E124/><V104/><F32/><W133/><G133/><N who="1" m="51274" /><E18/><N who="2" m="10335" /><F68/><W121/><G121/><T40/><REACH who="0" step="1"/><D59/><REACH who="0" ten="144,288,234,324" step="2"/><N who="1" m="33191" /><E27/><V67/><F104/><W118/><G118/><T69/><D69/><U25/><E25/><V47/><F56/><W46/><G72/><T7/><D7/><U13/><E13/><AGARI ba="0,1" hai="11,13,17,37,40,45,73,75,76,79,81,83,88,89" machi="13" ten="40,5200,0" yaku="1,1,9,1,54,1,53,0" doraHai="16" doraHaiUra="112" who="0" fromWho="1" sc="144,62,288,-52,234,0,324,0" /><INIT seed="3,0,0,3,1,119" ten="206,236,234,324" oya="3" hai0="52,60,108,54,28,100,121,19,69,62,76,116,81" hai1="86,5,98,129,65,96,16,101,9,42,30,8,45" hai2="15,29,51,84,26,113,91,117,14,97,120,94,53" hai3="35,7,118,2,24,104,11,133,132,103,85,105,125"/><W17/><G118/><T43/><D116/><U92/><E129/><V39/><F117/><W134/><G125/><T59/><D108/><U0/><E30/><V3/><F3/><W128/><G128/><T74/><D121/><U6/><E65/><V102/><F39/><W124/><G124/><T58/><D69/><U63/><E63/><V27/><F113/><W75/><G75/><T46/><D28/><U32/><E32/><V95/><F120/><W37/><G37/><T89/><D100/><U73/><E73/><V131/><F131/><W67/><G67/><T48/><D89/><U34/><E34/><V57/><F26/><W123/><G123/><T47/><D19/><U12/><E5/><V72/><F72/><W70/><G70/><T13/><D13/><U38/><E86/><V106/><F106/><W21/><G35/><AGARI ba="0,0" hai="14,15,27,29,35,51,53,57,84,91,94,95,97,102" machi="35" ten="30,1000,0" yaku="7,1" doraHai="119" who="2" fromWho="3" sc="206,0,236,0,234,10,324,-10" owari="206,-29.4,236,-16.4,244,4.4,314,41.4" /></mjloggm>