<mjloggm ver="2.3"><GO type="225" lobby="0"/><UN n0="%E3%81%B5%E3%81%98%E3%81%8B%E3%81%A4" n1="%E3%81%BF%E3%81%BF%E3%81%9A" n2="%48%61%61%61%6C%61%6E%64" n3="%E4%BA%95%E5%B8%AF" dan="16,16,18,16" rate="2218.43,2156.25,2276.37,2073.85" sx="M,M,M,M"/><TAIKYOKU oya="0"/><INIT seed="0,0,0,4,5,95" ten="250,250,250,250" oya="0" hai0="64,98,74,133,69,56,123,90,89,108,127,42,92" hai1="88,55,85,23,44,27,4,18,82,32,49,54,100" hai2="72,37,22,128,93,30,5,117,130,50,48,3,112" hai3="2,60,101,99,114,10,96,77,15,21,41,8,103"/><T134/><D123/><U52/><E32/><V102/><F112/><W29/><G114/><T62/><D74/><U34/><E34/><V58/><F37/><W6/><G41/><T121/><D121/><U46/><E100/><V126/><F72/><W75/><G75/><T20/><D127/><U79/><E4/><V132/><F126/><W7/><G77/><T63/><D42/><U17/><E46/><V59/><F132/><W78/><G78/><T12/><D108/><U81/><REACH who="1" step="1"/><E17/><REACH who="1" ten="250,240,250,250" step="2"/><V9/><F102/><W35/><G35/><T66/><REACH who="0" step="1"/><D89/><REACH who="0" ten="240,240,250,250" step="2"/><U11/><E11/><V47/><F9/><W84/><G103/><T1/><D1/><U71/><E71/><V86/><F3/><W33/><G101/><T116/><D116/><U104/><E104/><V24/><F117/><W125/><G125/><T110/><D110/><U94/><E94/><V87/><F93/><W25/><G33/><T107/><D107/><U68/><E68/><V45/><F5/><W124/><G124/><T0/><D0/><U105/><E105/><V119/><F119/><W113/><G113/><T16/><AGARI ba="0,2" hai="12,16,20,56,62,63,64,66,69,90,92,98,133,134" machi="16" ten="30,11700,0" yaku="1,1,0,1,52,1,54,1,53,0" doraHai="95" doraHaiUra="40" who="0" fromWho="0" sc="240,137,240,-39,250,-39,250,-39" /><INIT seed="0,1,0,5,3,68" ten="377,201,211,211" oya="0" hai0="52,79,56,2,129,122,14,96,113,108,69,47,134" hai1="27,29,55,98,82,17,104,114,67,99,80,130,84" hai2="109,54,31,22,107,77,11,21,94,86,57,32,50" hai3="91,15,8,3,89,135,103,38,81,88,123,10,18"/><T93/><D122/><U83/><E67/><V23/><F107/><W70/><G135/><T6/><D113/><U4/><E114/><V30/><F109/><W51/><G123/><T111/><D134/><U128/><E4/><V19/><F32/><W110/><G110/><N who="0" m="42027" /><D69/><U49/><E17/><V75/><F75/><W117/><G117/><T36/><D2/><U121/><E84/><V119/><F119/><W92/><G70/><T74/><D79/><U62/><E62/><V65/><F65/><W105/><G105/><T53/><D74/><U1/><E1/><V118/><F118/><W44/><G81/><T116/><D56/><N who="1" m="32879" /><E104/><V42/><F42/><W7/><G103/><T37/><D129/><N who="1" m="49771" /><E121/><V16/><F94/><W58/><G58/><T5/><D116/><U120/><E120/><V0/><F0/><W87/><REACH who="3" step="1"/><G38/><REACH who="3" ten="377,201,211,201" step="2"/><N who="0" m="14955" /><D47/><U71/><E71/><V41/><F57/><W95/><G95/><T66/><D66/><U101/><E101/><V45/><F45/><W39/><G39/><T64/><D64/><U97/><E82/><V35/><F77/><W124/><G124/><T33/><D33/><AGARI ba="1,1" hai="27,29,33,80,83,97,98,99" m="49771,32879" machi="33" ten="30,1000,0" yaku="19,1" doraHai="68" who="1" fromWho="0" sc="377,-13,201,23,211,0,201,0" /><INIT seed="1,0,0,0,0,106" ten="364,224,211,201" oya="1" hai0="1,60,58,71,0,129,130,75,7,91,17,52,123" hai1="32,27,112,120,85,69,14,42,107,56,30,35,67" hai2="55,95,109,51,4,105,62,133,36,57,11,2,84" hai3="122,76,100,87,16,86,108,40,94,88,78,92,24"/><U8/><E112/><V135/><F36/><W68/><G122/><T61/><D123/><U44/><E120/><V12/><F105/><W3/><G108/><T128/><D17/><U79/><E107/><V43/><F109/><W45/><G68/><T127/><D127/><U39/><E69/><V121/><F121/><W90/><G3/><T102/><D102/><U15/><E35/><V18/><F43/><W23/><REACH who="3" step="1"/><G100/><REACH who="3" ten="364,224,211,191" step="2"/><T131/><D131/><U46/><E15/><V49/><F133/><W20/><G20/><T34/><D1/><U33/><E32/><V26/><F135/><W89/><G89/><T47/><D34/><U19/><E33/><V134/><F134/><W96/><G96/><T111/><D91/><U113/><E14/><V74/><F2/><W41/><G41/><T25/><D111/><U104/><E42/><V132/><F132/><W125/><G125/><T103/><D103/><U77/><E113/><V38/><F12/><W126/><G126/><T72/><D25/><U118/><E27/><V116/><F26/><W37/><AGARI ba="0,1" hai="16,23,24,37,40,45,76,78,86,87,88,90,92,94" machi="37" ten="20,12000,2" yaku="1,1,0,1,7,1,9,1,54,2,53,0" doraHai="106" doraHaiUra="97" who="3" fromWho="3" sc="364,-30,224,-60,211,-30,191,130" /><INIT seed="2,0,0,1,3,100" ten="334,164,181,321" oya="2" hai0="112,119,95,1,82,33,87,13,106,124,22,29,25" hai1="64,12,47,32,46,39,107,120,58,73,92,109,79" hai2="85,49,26,129,9,135,88,108,30,105,130,81,80" hai3="91,70,125,74,104,14,44,6,28,97,93,113,94"/><V5/><F135/><W20/><G125/><T121/><D112/><U59/><E32/><V76/><F49/><W75/><G70/><T66/><D121/><U56/><E107/><V102/><F108/><W101/><G113/><T134/><D1/><U83/><E109/><V77/><F102/><W40/><G104/><T89/><D106/><U61/><E120/><V71/><F71/><W62/><G62/><T0/><D0/><U34/><E34/><V23/><F105/><W67/><G67/><T115/><D124/><U69/><E39/><V128/><REACH who="2" step="1"/><F81/><REACH who="2" ten="334,164,171,321" step="2"/><W99/><G101/><T27/><D134/><U111/><E111/><V116/><F116/><W37/><G94/><T86/><D119/><U132/><E132/><V48/><F48/><W57/><G93/><T131/><D115/><U2/><E2/><AGARI ba="0,1" hai="2,5,9,23,26,30,76,77,80,85,88,128,129,130" machi="2" ten="40,18000,2" yaku="1,1,19,1,54,1,53,3" doraHai="100" doraHaiUra="126" who="2" fromWho="1" sc="334,0,164,-180,171,190,321,0" owari="334,13.4,-16,-51.6,361,46.1,321,-7.9" /></mjloggm>