<mjloggm ver="2.3"><GO type="225" lobby="0"/><UN n0="%43%68%65" n1="%E8%81%B7%E6%A5%AD%E3%80%81%E9%A2%A8%32" n2="%E3%81%A1%E3%82%85%E3%81%86%E3%81%A9%E3%81%8F%E8%B1%A1%E3%81%95%E3%82%93" n3="%4D%50%43%32%38%30%30" dan="16,16,17,16" rate="2082.44,2098.35,2201.76,2115.41" sx="M,M,M,M"/><TAIKYOKU oya="0"/><INIT seed="0,0,0,0,2,46" ten="250,250,250,250" oya="0" hai0="114,132,90,10,64,22,119,49,37,5,33,108,105" hai1="45,3,32,128,101,58,74,68,47,67,112,126,70" hai2="69,87,17,104,35,4,121,100,111,11,118,66,116" hai3="27,95,15,6,115,40,91,92,24,38,43,84,14"/><T29/><D114/><U25/><E3/><N who="2" m="415" /><F17/><W2/><G115/><T31/><D37/><U18/><E74/><V120/><F87/><W133/><G133/><T50/><D119/><N who="2" m="45610" /><F35/><W12/><G2/><T57/><D33/><U124/><E18/><V123/><F111/><W96/><G38/><T9/><D105/><U26/><E112/><V103/><F104/><W82/><G6/><T56/><D132/><U88/><E32/><V34/><F34/><W110/><G110/><T55/><D108/><U36/><E36/><V113/><F113/><W85/><G43/><T13/><D9/><U52/><E101/><V98/><F98/><W62/><G40/><T129/><D129/><U0/><E0/><V71/><F66/><W79/><REACH who="3" step="1"/><G62/><REACH who="3" ten="250,250,250,240" step="2"/><N who="0" m="37959" /><D90/><AGARI ba="0,1" hai="12,14,15,24,27,79,82,84,85,90,91,92,95,96" machi="90" ten="40,2600,0" yaku="1,1,8,1,53,0" doraHai="46" doraHaiUra="134" who="3" fromWho="0" sc="250,-26,250,0,250,0,240,36" /><INIT seed="1,0,0,0,4,3" ten="224,250,250,276" oya="1" hai0="89,96,55,15,116,100,135,76,63,121,21,50,107" hai1="62,134,8,41,2,69,108,65,19,75,87,127,57" hai2="91,99,124,17,95,105,53,44,85,16,71,54,88" hai3="109,10,14,43,58,5,52,24,32,79,20,106,59"/><U48/><E75/><V9/><F124/><W81/><G106/><T125/><D116/><U25/><E127/><V114/><F114/><W46/><G32/><T47/><D125/><U68/><E134/><V4/><F71/><W12/><G109/><T39/><D135/><U7/><E108/><V119/><F119/><W28/><G14/><T90/><D121/><U18/><E87/><V110/><F110/><W35/><G35/><T82/><D39/><U27/><E69/><V70/><F70/><W80/><G59/><T66/><D21/><U73/><E73/><V101/><F91/><W1/><G1/><T93/><D15/><U67/><E27/><V30/><F30/><W42/><G46/><T113/><D113/><U122/><E25/><V56/><F44/><W78/><G78/><T86/><REACH who="0" step="1"/><D107/><REACH who="0" ten="214,250,250,276" step="2"/><U130/><E122/><V132/><F132/><W97/><G12/><T36/><D36/><U103/><E2/><V51/><F53/><W104/><G20/><T0/><D0/><AGARI ba="0,1" hai="0,4,9,16,17,51,54,56,85,88,95,99,101,105" machi="0" ten="30,7700,0" yaku="7,1,52,1,54,2" doraHai="3" who="2" fromWho="0" sc="214,-77,250,0,250,87,276,0" /><INIT seed="2,0,0,4,4,71" ten="137,250,337,276" oya="2" hai0="17,51,48,117,38,36,119,56,24,11,30,15,96" hai1="0,10,26,104,72,81,40,82,116,18,49,25,76" hai2="131,58,31,113,12,69,27,103,50,127,66,5,129" hai3="42,90,53,106,39,120,121,35,135,130,68,55,95"/><V23/><F113/><W111/><G106/><T47/><D96/><U33/><E104/><V75/><F75/><W134/><G35/><T9/><D9/><U29/><E116/><N who="0" m="44617" /><D56/><U16/><E26/><V114/><F114/><W108/><G130/><N who="2" m="49673" /><F127/><W62/><G90/><T125/><D125/><U52/><E40/><V19/><F103/><W80/><G80/><T98/><D98/><U124/><E124/><V79/><F79/><W20/><G20/><N who="0" m="15623" /><D51/><U4/><REACH who="1" step="1"/><E81/><REACH who="1" ten="137,240,337,276" step="2"/><V14/><F27/><W77/><G120/><T85/><D85/><U2/><E2/><V6/><F31/><W87/><G121/><T7/><D7/><U67/><E67/><V122/><F122/><W61/><G87/><T13/><D15/><U107/><E107/><V84/><F12/><W1/><G1/><T21/><D11/><U78/><E78/><V37/><F84/><W91/><G77/><T92/><D92/><U101/><E101/><V74/><F5/><W89/><G95/><T60/><D60/><U110/><E110/><V97/><F6/><W109/><G111/><T128/><D128/><U3/><E3/><V41/><F41/><AGARI ba="0,1" hai="13,17,21,36,38,41,47,48" m="15623,44617" machi="41" ten="30,3900,0" yaku="12,1,52,2" doraHai="71" who="0" fromWho="2" sc="137,49,240,0,337,-39,276,0" /><INIT seed="3,0,0,0,0,64" ten="186,240,298,276" oya="3" hai0="5,97,4,79,101,71,74,21,24,27,70,124,50" hai1="134,43,90,55,85,10,18,11,23,127,78,77,6" hai2="62,92,47,13,53,111,104,32,60,126,109,91,59" hai3="29,67,46,34,16,49,114,22,106,72,75,54,20"/><W61/><G106/><T2/><D124/><U52/><E127/><V87/><F126/><W107/><G107/><T12/><D2/><N who="1" m="343" /><E43/><V0/><F104/><W51/><G114/><T84/><D74/><U125/><E11/><V73/><F0/><W39/><G39/><T94/><D50/><U113/><E78/><V28/><F73/><W3/><G3/><T35/><D35/><U117/><E77/><V15/><F47/><W131/><G131/><T100/><D100/><U112/><E117/><V76/><F76/><W69/><G34/><T135/><D135/><U118/><E134/><V8/><F62/><W31/><G31/><T93/><D27/><N who="1" m="14839" /><E118/><V19/><REACH who="2" step="1"/><F13/><REACH who="2" ten="186,240,288,276" step="2"/><W103/><G75/><T98/><D12/><U9/><E125/><V119/><F119/><W86/><G72/><T132/><D132/><U26/><E112/><V42/><F42/><W37/><G46/><T116/><D116/><U82/><E113/><V1/><F1/><W57/><G61/><T80/><D5/><U129/><E129/><V108/><F108/><W14/><G14/><T123/><D4/><U120/><E120/><V30/><F30/><W83/><G29/><T81/><D123/><U96/><E26/><AGARI ba="0,1" hai="8,15,19,26,28,32,53,59,60,87,91,92,109,111" machi="26" ten="40,1300,0" yaku="1,1,53,0" doraHai="64" doraHaiUra="63" who="2" fromWho="1" sc="186,0,240,-13,288,23,276,0" owari="186,-31.4,227,-17.3,311,41.1,276,7.6" /></mjloggm>