<mjloggm ver="2.3"><GO type="225" lobby="0"/><UN n0="%73%61%6E%64%69%72%69%73" n1="%E3%82%B5%E3%83%AB%E3%82%B7%E3%83%B3" n2="%E3%81%82%E3%81%84%E3%81%82%E3%81%8A%E3%81%84" n3="%E3%81%BA%E3%82%93%E3%81%A1%E3%83%BC%E3%81%B4%E3%82%93%E3%81%A4%E3%82%82" dan="16,16,18,17" rate="2110.77,2097.88,2203.93,2203.51" sx="M,F,M,F"/><TAIKYOKU oya="0"/><INIT seed="0,0,0,5,4,47" ten="250,250,250,250" oya="0" hai0="27,59,39,122,6,86,118,70,7,113,114,87,30" hai1="62,56,73,42,133,76,36,23,103,96,10,37,111" hai2="94,85,63,132,100,81,13,57,20,44,101,66,89" hai3="121,25,16,120,69,97,124,126,106,5,41,43,28"/><T60/><D39/><U116/><E116/><V129/><F132/><W46/><G5/><T83/><D118/><U128/><E133/><V12/><F129/><W71/><G16/><T65/><D122/><N who="3" m="47209" /><G106/><T22/><D87/><U14/><E23/><V108/><F108/><W26/><G97/><T0/><D70/><N who="3" m="26633" /><G25/><T54/><D65/><U105/><E111/><V74/><F74/><W38/><G43/><T95/><D95/><U3/><E42/><V77/><F77/><W88/><G88/><T75/><D75/><U99/><E3/><V18/><F94/><W49/><G38/><T51/><D0/><U45/><E99/><V31/><F31/><W90/><G90/><T102/><D102/><U91/><E91/><V79/><F89/><W15/><G15/><T123/><D123/><U34/><E37/><V48/><REACH who="2" step="1"/><F12/><REACH who="2" ten="250,250,240,250" step="2"/><W80/><G80/><T58/><D83/><U107/><E76/><V24/><F24/><W134/><G134/><T112/><D86/><U2/><E73/><V21/><F21/><AGARI ba="0,1" hai="21,26,28,41,46,49,124,126" m="26633,47209" machi="21" ten="30,2000,0" yaku="13,1,52,1" doraHai="47" who="3" fromWho="2" sc="250,0,250,0,240,-20,250,30" /><INIT seed="1,0,0,4,1,115" ten="250,250,220,280" oya="1" hai0="12,42,40,3,9,56,31,54,101,50,60,53,36" hai1="100,104,107,88,90,17,67,11,118,6,30,19,71" hai2="129,95,98,112,58,20,110,28,131,84,75,29,79" hai3="27,133,123,51,91,5,83,45,77,41,108,80,25"/><U121/><E121/><V74/><F58/><W116/><G123/><T46/><D3/><U99/><E107/><V7/><F7/><W38/><G108/><T37/><D101/><U69/><E118/><V124/><F20/><W82/><G133/><T24/><D37/><U68/><E67/><V73/><F28/><W61/><G38/><T62/><D36/><U119/><E119/><V120/><F29/><W23/><G5/><T130/><D130/><N who="2" m="49674" /><F120/><W47/><G47/><T22/><REACH who="0" step="1"/><D62/><REACH who="0" ten="240,250,220,280" step="2"/><U93/><E30/><V105/><F112/><W44/><G116/><T86/><D86/><U114/><E114/><V26/><F110/><W135/><G61/><T16/><AGARI ba="0,1" hai="9,12,16,22,24,31,40,42,46,50,53,54,56,60" machi="16" ten="20,8000,1" yaku="1,1,0,1,7,1,8,1,54,1,53,0" doraHai="115" doraHaiUra="94" who="0" fromWho="0" sc="240,90,250,-40,220,-20,280,-20" /><INIT seed="2,0,0,0,0,2" ten="330,210,200,260" oya="2" hai0="85,118,119,72,7,51,101,25,28,52,84,98,40" hai1="100,38,76,87,18,115,58,67,45,20,44,132,50" hai2="109,86,12,123,106,134,108,63,30,59,77,42,8" hai3="75,103,48,14,131,57,81,31,129,19,35,92,6"/><V53/><F123/><W9/><G75/><T107/><D72/><U110/><E115/><V102/><F134/><W88/><G81/><T90/><D40/><U117/><E117/><N who="0" m="44553" /><D90/><U1/><E1/><V127/><F127/><W4/><G103/><T124/><D7/><N who="3" m="2601" /><G35/><N who="0" m="20879" /><D124/><U116/><E38/><V68/><F42/><W47/><G31/><T89/><D89/><U3/><E132/><V99/><F30/><W64/><G131/><T26/><D26/><U70/><E3/><V17/><REACH who="2" step="1"/><F68/><REACH who="2" ten="330,210,190,260" step="2"/><W46/><G129/><T21/><D21/><U125/><E70/><V0/><F0/><W73/><G73/><T11/><D11/><U93/><E125/><V65/><F65/><W111/><G64/><T95/><D107/><U83/><E67/><V96/><F96/><N who="3" m="57351" /><G111/><T97/><D97/><N who="1" m="59439" /><E110/><V61/><F61/><W130/><G130/><T79/><D79/><U39/><E116/><V16/><F16/><W55/><AGARI ba="0,1" hai="9,14,19,46,47,48,55,57" m="57351,2601" machi="55" ten="30,8000,1" yaku="8,1,52,3,54,1" doraHai="2" who="3" fromWho="3" sc="330,-20,210,-20,190,-40,260,90" /><INIT seed="3,0,0,2,4,93" ten="310,190,150,350" oya="3" hai0="111,135,87,105,68,53,122,133,44,28,89,34,101" hai1="102,43,106,109,12,81,41,8,21,63,123,17,70" hai2="13,45,79,55,103,96,35,94,130,48,30,7,110" hai3="77,124,36,100,46,72,3,11,86,14,107,16,120"/><W73/><G124/><T1/><D1/><U5/><E123/><V80/><F110/><W117/><G117/><T104/><D68/><U19/><E109/><V47/><F130/><W57/><G3/><T88/><D111/><U27/><E81/><V128/><F128/><W112/><G112/><T52/><D122/><U99/><REACH who="1" step="1"/><E19/><REACH who="1" ten="310,180,150,350" step="2"/><V71/><F71/><W20/><G16/><T83/><D133/><U61/><E61/><V38/><F30/><W116/><G120/><T92/><D135/><U56/><E56/><V4/><F35/><W97/><G57/><T132/><D132/><U24/><E24/><V95/><F13/><W108/><G14/><T59/><D34/><U6/><E6/><V74/><REACH who="2" step="1"/><F95/><REACH who="2" ten="310,180,140,350" step="2"/><W49/><G108/><T90/><D28/><U78/><E78/><V64/><F64/><AGARI ba="0,2" hai="5,8,12,17,21,27,41,43,63,64,70,99,102,106" machi="64" ten="40,2600,0" yaku="1,1,52,1,53,0" doraHai="93" doraHaiUra="32" who="1" fromWho="2" sc="310,0,180,46,140,-26,350,0" owari="310,11.0,226,-17.4,114,-38.6,350,45.0" /></mjloggm>