<mjloggm ver="2.3"><GO type="225" lobby="0"/><UN n0="%E7%99%BD%E5%92%B2%E8%8A%B1%E3%81%A1%E3%82%83%E3%82%93" n1="%48%61%61%61%6C%61%6E%64" n2="%E3%82%8C%E3%81%99%E3%81%93" n3="%E6%97%A5%E6%9B%9C%E6%97%A5%E3%82%88%E3%82%8A%E3%81%AE%E4%BD%BF%E8%80%85" dan="16,18,16,16" rate="2155.15,2165.84,2107.43,2109.36" sx="F,M,F,M"/><TAIKYOKU oya="0"/><INIT seed="0,0,0,5,1,103" ten="250,250,250,250" oya="0" hai0="71,100,98,112,50,43,67,41,29,88,46,68,105" hai1="0,132,70,30,110,24,111,35,48,2,51,64,20" hai2="61,116,54,99,108,134,19,42,56,66,58,52,9" hai3="32,85,72,45,7,91,17,57,120,128,27,1,94"/><T133/><D112/><U44/><E132/><V60/><F134/><W75/><G1/><T87/><D133/><U106/><E106/><V95/><F108/><N who="1" m="41513" /><E48/><V5/><F116/><W21/><G7/><T59/><D29/><U83/><E35/><V79/><F79/><W84/><G128/><T97/><D43/><N who="1" m="24991" /><E83/><V76/><F76/><W62/><G120/><T107/><D67/><U36/><E36/><V73/><F42/><W25/><G32/><T119/><D59/><U101/><E101/><V96/><F73/><W93/><G45/><T16/><D119/><U13/><E13/><N who="2" m="5295" /><F66/><W130/><G130/><T37/><D37/><U121/><E121/><V10/><F95/><W80/><G27/><T69/><D16/><U3/><E64/><V123/><F123/><W15/><G25/><T38/><D38/><U117/><E117/><V22/><F10/><W113/><G113/><T33/><D33/><U12/><E12/><AGARI ba="0,0" hai="12,19,22,52,54,56,58,60,61,96,99" m="5295" machi="12" ten="30,2000,0" yaku="8,1,54,1" doraHai="103" who="2" fromWho="1" sc="250,0,250,-20,250,20,250,0" /><INIT seed="1,0,0,3,0,52" ten="250,230,270,250" oya="1" hai0="84,1,85,86,33,0,113,58,129,68,15,124,44" hai1="67,27,105,71,11,8,4,22,19,80,6,106,100" hai2="10,128,99,53,34,79,87,3,16,61,101,117,51" hai3="81,73,46,75,59,60,7,23,89,122,37,116,9"/><U131/><E131/><V108/><F117/><W90/><G122/><T30/><D113/><U25/><E100/><V114/><F34/><W21/><G116/><T24/><D68/><U20/><E80/><V5/><F128/><W132/><G132/><T56/><D129/><U127/><E127/><V134/><F134/><W66/><G23/><T125/><D15/><U121/><E121/><V83/><F114/><W43/><G21/><T2/><REACH who="0" step="1"/><D44/><REACH who="0" ten="240,230,270,250" step="2"/><U32/><E71/><V42/><F108/><W107/><G107/><T54/><D54/><U17/><E67/><V123/><F123/><W98/><G98/><T78/><D78/><U115/><E115/><V31/><F53/><W88/><REACH who="3" step="1"/><G81/><REACH who="3" ten="240,230,270,240" step="2"/><T64/><D64/><U77/><E105/><V40/><F99/><W120/><G120/><T38/><D38/><U70/><E106/><V57/><F83/><W62/><G62/><T45/><D45/><U35/><E70/><V50/><F61/><W28/><G28/><T74/><D74/><U63/><E63/><V103/><F31/><W97/><G97/><T12/><D12/><AGARI ba="0,2" hai="7,9,12,37,43,46,59,60,66,73,75,88,89,90" machi="12" ten="40,5200,0" yaku="1,1,52,1,54,1,53,0" doraHai="52" doraHaiUra="119" who="3" fromWho="0" sc="240,-52,230,0,270,0,240,72" /><INIT seed="2,0,0,4,2,55" ten="188,230,270,312" oya="2" hai0="135,94,125,30,115,121,73,10,128,114,113,29,96" hai1="78,86,122,34,48,5,59,133,50,21,16,91,109" hai2="49,80,76,3,124,116,1,83,72,39,101,102,57" hai3="18,105,23,53,100,7,17,111,52,61,74,54,118"/><V24/><F116/><W67/><G74/><T123/><D73/><U31/><E109/><V112/><F112/><W8/><G111/><T79/><D79/><U20/><E133/><V106/><F39/><W92/><G105/><T46/><D46/><U117/><E117/><V69/><F69/><W4/><G118/><T13/><D96/><U56/><E34/><V64/><F124/><W97/><G8/><T130/><D94/><U60/><E5/><N who="3" m="2122" /><G23/><T27/><D135/><U12/><E78/><V9/><F83/><W85/><G85/><T15/><D125/><U71/><E71/><V0/><F9/><W131/><G131/><N who="0" m="50219" /><D10/><U98/><E98/><V120/><F106/><W90/><G100/><T41/><D41/><U62/><E122/><N who="0" m="46601" /><D30/><U126/><E126/><V88/><F120/><W65/><G65/><T134/><D134/><U107/><E107/><V58/><F64/><W32/><G32/><AGARI ba="0,0" hai="13,15,27,29,32,113,114,115" m="46601,50219" machi="32" ten="40,5200,0" yaku="19,1,34,2" doraHai="55" who="0" fromWho="3" sc="188,52,230,0,270,0,312,-52" /><INIT seed="3,0,0,4,4,78" ten="240,230,270,260" oya="3" hai0="130,59,74,5,45,70,23,95,72,114,6,117,62" hai1="61,132,79,98,44,124,35,7,126,40,89,15,82" hai2="101,111,129,48,91,34,96,57,65,21,11,18,25" hai3="71,77,52,24,109,0,41,58,50,103,16,1,64"/><W133/><G103/><T76/><D117/><U83/><E35/><V67/><F111/><W106/><G106/><T37/><D70/><U46/><E132/><V102/><F34/><W87/><G41/><T125/><D125/><N who="1" m="48235" /><E61/><V19/><F129/><W69/><G69/><T51/><D37/><N who="1" m="21519" /><E46/><V12/><F91/><W85/><G71/><T39/><D45/><U32/><E32/><V88/><F88/><W66/><G0/><T122/><D62/><U119/><E119/><V86/><F86/><W56/><G1/><T54/><D74/><U55/><E55/><V94/><F102/><W49/><G109/><T108/><D72/><U13/><E7/><V90/><F101/><W118/><G118/><T123/><D6/><U104/><E104/><V84/><F96/><W47/><G133/><T112/><D5/><U97/><E97/><V10/><F10/><W100/><G100/><T80/><D108/><U28/><E28/><V121/><F121/><W33/><G33/><T105/><D105/><U29/><E29/><V120/><F120/><W107/><G107/><T3/><D123/><U36/><E36/><V27/><F27/><W2/><G2/><T134/><D122/><U113/><E113/><V26/><F26/><W68/><G68/><T73/><D3/><U135/><E135/><V53/><AGARI ba="0,0" hai="11,12,18,19,21,25,48,53,57,65,67,84,90,94" machi="53" ten="30,2000,0" yaku="0,1,8,1" doraHai="78" who="2" fromWho="2" sc="240,-5,230,-5,270,20,260,-10" /><INIT seed="4,0,0,5,0,123" ten="235,225,290,250" oya="0" hai0="134,79,88,87,84,90,74,109,101,115,85,2,32" hai1="117,6,7,33,68,129,67,125,55,17,81,122,120" hai2="44,102,114,111,77,103,12,0,60,37,56,130,118" hai3="34,46,10,35,16,21,11,131,97,95,36,42,15"/><T61/><D32/><U108/><E117/><V91/><F111/><W66/><G131/><T121/><D2/><U25/><E129/><V113/><F0/><W4/><G66/><T76/><D61/><U72/><E108/><V100/><F130/><W20/><G11/><T96/><D109/><U5/><E125/><V22/><F118/><W132/><G132/><T119/><D119/><U1/><E1/><V19/><F77/><N who="0" m="29770" /><D121/><U29/><E72/><V83/><F44/><W128/><G128/><T107/><D134/><U69/><E81/><V27/><F37/><W65/><G65/><T78/><D115/><N who="2" m="44042" /><F91/><N who="0" m="34858" /><D74/><U86/><E122/><V26/><F83/><AGARI ba="0,0" hai="78,83,84,85,87,96,101,107" m="34858,29770" machi="83" ten="30,18000,2" yaku="35,5,54,1" doraHai="123" who="0" fromWho="2" sc="235,180,225,0,290,-180,250,0" owari="415,51.5,225,-17.5,110,-39.0,250,5.0" /></mjloggm>