<mjloggm ver="2.3"><GO type="225" lobby="0"/><UN n0="%E3%82%BC%E3%83%AB%E3%83%80%E3%81%AE%E4%BC%9D%E8%AA%AC" n1="%77%72%77%72%77%72%77%72" n2="%E6%81%A5%E6%99%92%E3%81%97" n3="%E3%81%B5%E3%81%98%E3%81%8B%E3%81%A4" dan="18,17,16,16" rate="2219.65,2193.99,2136.86,2175.92" sx="M,M,M,M"/><TAIKYOKU oya="0"/><INIT seed="0,0,0,4,2,53" ten="250,250,250,250" oya="0" hai0="50,72,82,65,104,35,63,91,2,59,13,34,23" hai1="8,81,103,78,42,128,84,86,126,4,20,54,24" hai2="79,40,97,133,116,117,80,113,27,17,107,119,124" hai3="77,60,111,58,94,101,98,70,0,118,43,112,134"/><T129/><D2/><U131/><E126/><V57/><F124/><W67/><G112/><T56/><D104/><U49/><E103/><N who="2" m="62959" /><F113/><W132/><G118/><T73/><D73/><U62/><E62/><V52/><F133/><N who="3" m="51307" /><G111/><T110/><D110/><U87/><E131/><V89/><F40/><W51/><G0/><T130/><D23/><U109/><E109/><V25/><F89/><W21/><G21/><T36/><D36/><U44/><E54/><V47/><F47/><N who="3" m="26111" /><G77/><N who="0" m="44327" /><D91/><U39/><E39/><V114/><F17/><W28/><G28/><T19/><D19/><U29/><REACH who="1" step="1"/><E128/><REACH who="1" ten="250,240,250,250" step="2"/><V68/><F114/><W1/><G1/><AGARI ba="0,1" hai="1,4,8,20,24,29,42,44,49,78,81,84,86,87" machi="1" ten="30,3900,0" yaku="1,1,2,1,7,1,53,0" doraHai="53" doraHaiUra="125" who="1" fromWho="3" sc="250,0,240,49,250,0,250,-39" /><INIT seed="1,0,0,5,1,126" ten="250,289,250,211" oya="1" hai0="72,17,19,35,0,83,54,87,114,110,106,52,79" hai1="95,60,84,115,107,80,31,4,42,128,57,64,135" hai2="47,122,29,67,118,125,86,6,43,120,44,85,30" hai3="73,119,41,70,108,22,56,75,40,50,100,132,3"/><U97/><E115/><V20/><F125/><W18/><G3/><T124/><D114/><U37/><E135/><V26/><F118/><W74/><G70/><T27/><D124/><U11/><E128/><V34/><F6/><W91/><G119/><T77/><D106/><U102/><E31/><V92/><F92/><W129/><G132/><T88/><D0/><U131/><E131/><V76/><F67/><W55/><G129/><T89/><D110/><U117/><E117/><V5/><F5/><W24/><G108/><T116/><D116/><U21/><E21/><V103/><F20/><W1/><G1/><T48/><D35/><U2/><E42/><V127/><F127/><W39/><G39/><T78/><D72/><U93/><REACH who="1" step="1"/><E37/><REACH who="1" ten="250,279,250,211" step="2"/><V68/><F43/><W134/><G134/><T69/><D69/><U8/><E8/><V112/><F112/><W12/><G100/><T66/><D66/><U96/><E96/><V16/><F103/><W104/><G104/><T32/><D32/><U111/><E111/><V10/><F68/><W9/><REACH who="3" step="1"/><G91/><AGARI ba="0,1" hai="2,4,11,57,60,64,80,84,91,93,95,97,102,107" machi="91" ten="30,5800,0" yaku="1,1,7,1,53,1" doraHai="126" doraHaiUra="58" who="1" fromWho="3" sc="250,0,279,68,250,0,211,-58" /><INIT seed="1,1,0,1,3,76" ten="250,347,250,153" oya="1" hai0="42,30,32,113,59,29,94,116,15,73,1,11,105" hai1="55,0,81,68,2,35,128,66,6,67,72,122,78" hai2="134,46,115,101,16,87,95,118,89,34,21,96,108" hai3="77,52,84,63,90,54,5,120,114,53,3,99,19"/><U56/><E122/><V39/><F118/><W41/><G120/><T24/><D105/><U17/><E128/><V9/><F34/><W28/><G114/><T103/><D113/><U85/><E35/><V112/><F108/><W18/><G41/><T43/><D116/><U48/><E68/><V75/><F134/><W22/><G99/><T27/><D73/><U102/><E102/><V135/><F135/><W109/><G77/><T14/><D1/><U51/><E51/><V71/><F71/><W117/><G117/><T57/><D103/><U7/><E0/><V91/><F75/><W100/><G100/><T124/><D94/><U31/><E31/><V25/><F91/><W58/><G109/><T23/><D124/><U83/><E17/><N who="3" m="6154" /><G5/><T40/><D15/><U125/><E125/><V80/><REACH who="2" step="1"/><F9/><REACH who="2" ten="250,347,240,153" step="2"/><W61/><G3/><T13/><D11/><U127/><E127/><V111/><F111/><W133/><G133/><T4/><D32/><U33/><E33/><V45/><F45/><W104/><G104/><T97/><D57/><U131/><E2/><V119/><F119/><W10/><G10/><T110/><D59/><U37/><E56/><V126/><F126/><W79/><G58/><T92/><D110/><U69/><E72/><V123/><F123/><W47/><G47/><T129/><D129/><U106/><E69/><V49/><F49/><W8/><G8/><T132/><D132/><U93/><E48/><V121/><F121/><W65/><G90/><N who="0" m="55447" /><D4/><U86/><E6/><V26/><F26/><N who="3" m="16471" /><G65/><N who="1" m="24586" /><E7/><V130/><F130/><W36/><G36/><T12/><D24/><RYUUKYOKU ba="1,1" sc="250,10,347,-30,240,10,153,10" hai0="12,13,14,23,27,29,30,40,42,43" hai2="16,21,25,39,46,80,87,89,95,96,101,112,115" hai3="52,53,54,61,63,79,84" /><INIT seed="2,2,1,1,4,49" ten="260,317,250,163" oya="2" hai0="56,3,64,44,46,65,99,20,104,71,123,115,35" hai1="18,0,24,107,110,125,81,90,26,28,102,134,103" hai2="10,74,97,25,84,37,129,52,12,70,6,38,29" hai3="77,75,23,14,124,66,121,105,95,80,112,113,72"/><V120/><F120/><W47/><G47/><T4/><D115/><N who="3" m="44105" /><G66/><T58/><D35/><U1/><E107/><V63/><F74/><N who="3" m="43063" /><G14/><T36/><D123/><U82/><E90/><V15/><F70/><W133/><G23/><T34/><D20/><U89/><E89/><V85/><F129/><W131/><G121/><T79/><D46/><U116/><E18/><V117/><F117/><W62/><G62/><T126/><D44/><U76/><E116/><V40/><F38/><W57/><G57/><T2/><D56/><U9/><E28/><V98/><F40/><W39/><G39/><T127/><D58/><U91/><E0/><V100/><F37/><W92/><G131/><T96/><D36/><U93/><E1/><V86/><F100/><W69/><G69/><T45/><D71/><U13/><E103/><V132/><F15/><W119/><G119/><T68/><D68/><U101/><E102/><V67/><F67/><W5/><G5/><T22/><D4/><U11/><E101/><V19/><F6/><W51/><G51/><T27/><D64/><U128/><E13/><V16/><F19/><W108/><G124/><T21/><D65/><U122/><E125/><V88/><F63/><W61/><G61/><T48/><D2/><U94/><E128/><V17/><F12/><W114/><N who="3" m="44113" /><W60/><DORA hai="118" /><G105/><T135/><D3/><U106/><E106/><V87/><F10/><W31/><G31/><T78/><D104/><U30/><E9/><V33/><F29/><W42/><G42/><T32/><D126/><U43/><E122/><V8/><F33/><RYUUKYOKU ba="2,1" sc="260,0,317,0,250,0,163,0" /><INIT seed="3,3,1,2,0,95" ten="260,317,250,163" oya="3" hai0="106,38,123,92,69,80,51,68,61,40,131,84,119" hai1="133,23,99,50,114,83,103,102,22,31,19,43,118" hai2="77,64,124,59,115,20,47,58,44,81,6,128,90" hai3="73,55,2,100,52,96,8,53,7,5,116,72,57"/><W33/><G116/><T130/><D106/><U0/><E114/><V91/><F115/><W49/><G33/><T127/><D123/><U113/><E0/><V65/><F124/><W104/><REACH who="3" step="1"/><G7/><REACH who="3" ten="260,317,250,153" step="2"/><T12/><D119/><U126/><E118/><V94/><F6/><W24/><G24/><T4/><D4/><U86/><E113/><V108/><F128/><W25/><G25/><T42/><D130/><U11/><E126/><V135/><F135/><W45/><G45/><T26/><D26/><U82/><E133/><V71/><F47/><W93/><G93/><T78/><D131/><U46/><E46/><V87/><F44/><W89/><G89/><T34/><D34/><U37/><E37/><V74/><F91/><W17/><G17/><T10/><D127/><U32/><E19/><V111/><F94/><W112/><G112/><T70/><D38/><U122/><E32/><V110/><F90/><W117/><G117/><T21/><D92/><U109/><E122/><V76/><F108/><W125/><G125/><T63/><D40/><U101/><E43/><V39/><F39/><W14/><G14/><T98/><D42/><U29/><E109/><V30/><F110/><W18/><G18/><T107/><D12/><U15/><E15/><V75/><F111/><W62/><G62/><T56/><D63/><U36/><E36/><V88/><F88/><W28/><G28/><T54/><D61/><U3/><E29/><V35/><F35/><W13/><G13/><T121/><D121/><U79/><E31/><V85/><F30/><W120/><G120/><T66/><D21/><RYUUKYOKU ba="3,2" sc="260,-10,317,-10,250,-10,153,30" hai3="2,5,8,49,52,53,55,57,72,73,96,100,104" /><INIT seed="3,4,2,2,2,135" ten="250,307,240,183" oya="3" hai0="104,86,31,4,21,72,115,101,59,96,107,49,55" hai1="114,30,100,83,47,16,69,46,117,7,2,23,119" hai2="12,66,61,64,41,79,3,134,106,111,123,37,18" hai3="65,75,103,71,125,11,95,116,34,78,118,93,74"/><W43/><G34/><T70/><D72/><N who="3" m="27689" /><G11/><T109/><D70/><U126/><E114/><V92/><F106/><W28/><G43/><T8/><D115/><U39/><E126/><V42/><F61/><W5/><G5/><T84/><D107/><U32/><E69/><V90/><F18/><W9/><G9/><T97/><D109/><U122/><E122/><V133/><F111/><W85/><G28/><T128/><D128/><U77/><E100/><V24/><F12/><W110/><G65/><T13/><D96/><U6/><E30/><V76/><F3/><W17/><G17/><T52/><REACH who="0" step="1"/><D55/><REACH who="0" ten="240,307,240,183" step="2"/><U48/><E119/><N who="3" m="45610" /><G71/><T33/><D33/><U87/><E32/><V73/><F64/><W38/><G38/><T27/><AGARI ba="4,3" hai="4,8,13,21,27,31,49,52,59,84,86,97,101,104" machi="27" ten="30,8000,1" yaku="1,1,0,1,54,1,53,2" doraHai="135" doraHaiUra="80" who="0" fromWho="0" sc="240,122,307,-24,240,-24,183,-44" owari="362,46.2,283,8.3,216,-18.4,139,-36.1" /></mjloggm>