<mjloggm ver="2.3"><GO type="225" lobby="0"/><UN n0="%43%68%65" n1="%72%69%6F%75%63%68%61%6E" n2="%4E%49%4A%49%49%52%4F" n3="%E3%82%B7%E3%83%A5%E3%83%9E%E3%82%A4%E3%82%B1%E3%83%AB" dan="16,17,16,17" rate="2081.94,2271.89,2177.53,2231.06" sx="M,M,M,M"/><TAIKYOKU oya="0"/><INIT seed="0,0,0,5,1,124" ten="250,250,250,250" oya="0" hai0="70,21,76,85,14,66,82,13,41,6,19,105,35" hai1="67,50,78,104,10,114,80,54,77,11,131,39,45" hai2="44,23,9,126,62,56,40,26,72,107,117,84,132" hai3="96,92,28,110,119,43,134,89,34,109,133,3,27"/><T48/><D35/><U0/><E131/><V32/><F126/><W31/><G31/><T18/><D105/><U24/><E114/><V111/><F72/><W112/><G112/><T68/><D66/><U22/><E104/><V2/><F117/><W69/><G69/><T81/><D81/><U118/><E118/><V71/><F71/><W128/><G119/><T129/><D129/><U108/><E108/><N who="3" m="41578" /><G3/><T90/><D90/><U12/><E39/><V25/><F32/><W38/><G128/><T1/><D1/><U37/><E37/><V122/><F107/><W113/><G113/><T123/><D123/><U53/><E67/><V4/><F111/><W5/><G5/><T59/><D6/><U88/><E0/><V15/><F132/><N who="3" m="50795" /><G38/><T87/><D87/><U65/><E65/><V95/><F2/><W120/><G43/><T94/><D94/><U36/><E36/><V74/><F122/><AGARI ba="0,0" hai="27,28,34,89,92,96,120,122" m="50795,41578" machi="122" ten="40,2600,0" yaku="14,1,20,1" doraHai="124" who="3" fromWho="2" sc="250,0,250,0,250,-26,250,26" /><INIT seed="1,0,0,4,3,93" ten="250,250,224,276" oya="1" hai0="127,134,16,68,116,124,122,100,62,110,44,43,27" hai1="78,63,129,37,1,10,19,56,51,128,0,26,11" hai2="85,30,79,13,96,86,53,83,6,14,12,131,47" hai3="105,61,42,23,21,114,41,9,28,65,24,3,54"/><U94/><E37/><V29/><F131/><N who="1" m="50249" /><E78/><V5/><F85/><W115/><G105/><T112/><D112/><U67/><E94/><V117/><F117/><W4/><G54/><T52/><D116/><U8/><E51/><N who="2" m="28927" /><F30/><W133/><G133/><T111/><D134/><U17/><E26/><V132/><F29/><W35/><G42/><T91/><D91/><U49/><E49/><V64/><F64/><W90/><G41/><T108/><D122/><U36/><E36/><V81/><F81/><W20/><REACH who="3" step="1"/><G90/><REACH who="3" ten="250,250,224,266" step="2"/><T126/><D100/><U88/><E88/><V74/><F132/><W48/><G48/><N who="0" m="28679" /><D43/><U101/><E101/><V73/><F73/><W95/><G95/><T33/><D111/><U2/><AGARI ba="0,1" hai="0,1,2,8,10,11,17,19,56,63,67" m="50249" machi="2" ten="40,2100,0" yaku="19,1" doraHai="93" who="1" fromWho="1" sc="250,-7,250,31,224,-7,266,-7" /><INIT seed="1,1,0,3,4,124" ten="243,281,217,259" oya="1" hai0="47,87,8,70,80,49,118,102,82,122,132,93,99" hai1="104,91,119,121,3,12,51,113,135,74,58,76,11" hai2="52,107,33,25,98,68,88,13,61,108,18,64,109" hai3="55,0,2,42,15,44,62,101,37,123,78,75,111"/><U40/><E113/><V39/><F39/><W43/><G123/><T129/><D122/><U67/><E135/><V73/><F73/><W56/><G111/><N who="2" m="42569" /><F33/><W23/><G43/><T72/><D70/><U103/><E121/><V131/><F25/><W22/><G101/><T50/><D118/><U28/><E119/><V20/><F131/><W110/><G110/><T79/><D132/><U106/><E3/><V94/><F107/><W71/><G15/><T92/><D92/><U21/><E103/><V1/><F1/><W57/><G71/><T133/><D133/><U95/><E40/><V96/><F96/><W48/><G22/><T84/><D8/><U83/><E51/><V59/><F68/><W10/><G10/><T7/><D7/><U38/><E38/><V125/><F125/><W63/><G23/><T31/><D31/><U32/><E21/><V77/><F77/><W130/><G130/><T126/><D126/><U66/><E28/><V90/><F90/><W26/><G26/><T9/><D9/><U127/><E32/><V81/><F81/><W24/><G24/><T17/><D129/><U16/><E127/><V34/><F34/><W14/><G14/><T97/><D17/><U36/><E36/><V5/><F5/><W117/><G117/><T114/><D114/><U115/><E115/><V89/><F89/><W86/><G75/><T65/><D72/><U60/><REACH who="1" step="1"/><E67/><AGARI ba="1,0" hai="13,18,20,52,59,61,64,67,88,94,98" m="42569" machi="67" ten="30,3900,0" yaku="14,1,54,2" doraHai="124" who="2" fromWho="1" sc="243,0,281,-42,217,42,259,0" /><INIT seed="2,0,0,0,1,26" ten="243,239,259,259" oya="2" hai0="94,121,95,12,102,81,70,64,80,59,31,10,55" hai1="120,54,66,85,49,62,27,58,75,43,36,130,78" hai2="50,30,104,109,92,63,16,24,56,119,127,67,108" hai3="46,28,25,107,114,57,38,44,5,52,124,76,0"/><V118/><F104/><W8/><G107/><T83/><D121/><U35/><E75/><V41/><F127/><W13/><G124/><T71/><D64/><U89/><E120/><V101/><F41/><W42/><G46/><T53/><D53/><U134/><E130/><V112/><F50/><W69/><G69/><T17/><D31/><U23/><E134/><V84/><F16/><W122/><G122/><T4/><D4/><U113/><E113/><V105/><F105/><W87/><G114/><T6/><D6/><U128/><E128/><V111/><F112/><W47/><G47/><T77/><D77/><U9/><E35/><V15/><F15/><W18/><G87/><T88/><D95/><U65/><E78/><V97/><F84/><W72/><G76/><T99/><REACH who="0" step="1"/><D102/><REACH who="0" ten="233,239,259,259" step="2"/><U14/><E66/><V2/><F2/><W132/><G132/><T115/><D115/><U21/><E65/><V37/><F37/><W133/><G133/><T29/><D29/><U86/><E36/><V74/><F74/><W103/><G72/><T116/><D116/><U117/><E117/><V79/><F79/><W32/><G103/><T135/><D135/><U125/><E125/><V131/><F131/><W73/><G73/><T33/><D33/><AGARI ba="0,1" hai="24,30,33,56,63,67,92,97,101,108,109,111,118,119" machi="33" ten="40,7700,0" yaku="14,1,10,1,52,1" doraHai="26" who="2" fromWho="0" sc="233,-77,239,0,259,87,259,0" /><INIT seed="2,1,0,1,0,88" ten="156,239,346,259" oya="2" hai0="12,113,21,29,109,70,25,130,39,61,50,41,132" hai1="103,90,44,111,126,115,38,9,14,92,102,85,133" hai2="19,31,45,52,73,10,65,33,60,125,32,77,34" hai3="15,55,43,18,27,79,91,114,84,16,1,74,53"/><V86/><F73/><W67/><G1/><T134/><D113/><U69/><E115/><V80/><F31/><W112/><G74/><T110/><D39/><U97/><E111/><N who="0" m="42505" /><D41/><U93/><E126/><V56/><F125/><W71/><G79/><T89/><D50/><U3/><E133/><N who="0" m="51305" /><D61/><U123/><E3/><V121/><F121/><W13/><G43/><T17/><D89/><U104/><E123/><V78/><F78/><W22/><G67/><T105/><D70/><U8/><E69/><V35/><F35/><W81/><G71/><T0/><D105/><U108/><E108/><V6/><F19/><W83/><G27/><T20/><D0/><U46/><E38/><V28/><F45/><N who="1" m="17513" /><E104/><V30/><REACH who="2" step="1"/><F65/><REACH who="2" ten="156,239,336,259" step="2"/><W106/><G114/><T96/><D96/><U64/><E64/><V66/><F66/><W122/><G112/><T95/><D95/><U5/><E93/><V107/><F107/><W54/><G106/><T128/><AGARI ba="1,1" hai="12,17,20,21,25,29,128,130" m="51305,42505" machi="128" ten="40,8000,1" yaku="14,1,20,1,34,2" doraHai="88" who="0" fromWho="0" sc="156,93,239,-21,336,-41,259,-21" /><INIT seed="3,0,0,3,5,41" ten="249,218,295,238" oya="3" hai0="48,45,8,129,126,6,122,56,98,135,110,18,96" hai1="93,120,47,35,73,94,131,55,46,127,52,102,100" hai2="49,5,65,2,80,89,101,21,103,86,78,16,77" hai3="28,116,118,39,20,72,23,81,64,34,32,43,3"/><W42/><G64/><T79/><D122/><U115/><E120/><V33/><F33/><W40/><G3/><T121/><D121/><U119/><E115/><V0/><F0/><W76/><G39/><T59/><D110/><U105/><E73/><V60/><F2/><W130/><G130/><T83/><D129/><U132/><E131/><V11/><F49/><W7/><G7/><T37/><D18/><U99/><E35/><V123/><F11/><W134/><G134/><T53/><D126/><U133/><E119/><V12/><F5/><W107/><G107/><T69/><D69/><U14/><E127/><V54/><F54/><N who="1" m="20521" /><E14/><V66/><F123/><W57/><G57/><T36/><D36/><U117/><E117/><V15/><F15/><W74/><G42/><T82/><D37/><U26/><E26/><V84/><F77/><W10/><G76/><T67/><D67/><N who="2" m="25610" /><F60/><W71/><G81/><AGARI ba="0,0" hai="12,16,21,78,80,81,84,86,89,101,103" m="25610" machi="81" ten="30,2000,0" yaku="8,1,54,1" doraHai="41" who="2" fromWho="3" sc="249,0,218,0,295,20,238,-20" owari="249,4.9,218,-18.2,315,41.5,218,-28.2" /></mjloggm>