<mjloggm ver="2.3"><GO type="225" lobby="0"/><UN n0="%E3%81%B8%E3%82%80%E3%81%B8%E3%82%80%EF%BC%92%E5%8F%B7" n1="%E3%81%99%E3%81%84%E3%81%BE%E3%81%9B%E3%83%BC%E3%82%93" n2="%E6%98%93%E5%88%A9%E8%96%A9%E4%BC%AF" n3="%72%69%6F%75%63%68%61%6E" dan="16,17,16,17" rate="2135.65,2228.77,2068.22,2206.78" sx="M,M,F,M"/><TAIKYOKU oya="0"/><INIT seed="0,0,0,1,2,21" ten="250,250,250,250" oya="0" hai0="40,76,35,16,118,6,134,34,132,24,122,7,57" hai1="38,31,87,108,4,5,10,69,64,42,18,85,80" hai2="62,45,115,109,128,1,93,30,66,60,78,89,90" hai3="58,107,14,2,102,131,48,127,51,99,56,70,125"/><T126/><D118/><U129/><E129/><V0/><F115/><W26/><G2/><T25/><D122/><U36/><E108/><V67/><F109/><W41/><G70/><T124/><D76/><U81/><E31/><V103/><F78/><W97/><G131/><T61/><D40/><U101/><E101/><V110/><F110/><W29/><G14/><T116/><D116/><U8/><E42/><V114/><F103/><W47/><G97/><T11/><D57/><U52/><E64/><V71/><F114/><W55/><REACH who="3" step="1"/><G56/><REACH who="3" ten="250,250,250,240" step="2"/><T123/><D123/><U65/><E69/><V39/><F71/><W43/><G43/><T91/><D61/><U113/><E113/><V13/><F13/><W50/><G50/><T86/><D6/><U49/><E49/><V100/><F62/><W111/><G111/><T82/><D34/><AGARI ba="0,1" hai="26,29,34,41,47,48,51,55,58,99,102,107,125,127" machi="34" ten="40,2600,0" yaku="1,1,52,1,53,0" doraHai="21" doraHaiUra="19" who="3" fromWho="0" sc="250,-26,250,0,250,0,240,36" /><INIT seed="1,0,0,5,1,99" ten="224,250,250,276" oya="1" hai0="15,135,55,113,38,76,13,130,36,50,106,33,114" hai1="119,51,102,110,125,64,48,80,37,32,134,126,6" hai2="22,52,105,34,19,123,108,91,75,62,96,68,94" hai3="92,70,3,44,87,24,28,65,101,16,100,8,121"/><U57/><E32/><V95/><F108/><W72/><G121/><T12/><D130/><U56/><E119/><V39/><F34/><W98/><G72/><T58/><D135/><U5/><E37/><V41/><F75/><W69/><G65/><T49/><D33/><U45/><E134/><V25/><F123/><W74/><G74/><T63/><D106/><U7/><E110/><V59/><F68/><W107/><G44/><T82/><D36/><U81/><E102/><V27/><F27/><W60/><G60/><T90/><D38/><U10/><E10/><V29/><F95/><W88/><G101/><T42/><D90/><U111/><E111/><V103/><F39/><W77/><G77/><T17/><D17/><U122/><E64/><V26/><F41/><W129/><G129/><T79/><D42/><U120/><E5/><V78/><F78/><W132/><G132/><T84/><REACH who="0" step="1"/><D79/><REACH who="0" ten="214,250,250,276" step="2"/><U109/><E109/><V66/><F66/><W85/><G16/><T97/><D97/><U73/><E73/><V124/><F124/><W20/><REACH who="3" step="1"/><G85/><REACH who="3" ten="214,250,250,266" step="2"/><T89/><D89/><U104/><E104/><V117/><F117/><W30/><G30/><T67/><D67/><U47/><AGARI ba="0,2" hai="6,7,45,47,48,51,56,57,80,81,120,122,125,126" machi="47" ten="25,4800,0" yaku="0,1,22,2" doraHai="99" who="1" fromWho="1" sc="214,-16,250,68,250,-16,266,-16" /><INIT seed="1,1,0,1,0,120" ten="198,318,234,250" oya="1" hai0="55,84,133,81,60,131,73,121,5,27,103,3,123" hai1="125,39,38,124,22,100,97,46,134,130,26,102,80" hai2="34,9,6,13,57,37,91,44,126,128,77,12,47" hai3="33,108,112,61,62,89,41,132,66,119,69,49,78"/><U8/><E130/><V115/><F34/><W58/><G108/><T36/><D131/><U75/><E134/><V2/><F128/><W114/><G33/><T113/><D113/><U76/><E8/><V105/><F126/><N who="1" m="48745" /><E46/><V40/><F105/><W94/><G132/><T65/><D133/><U64/><E64/><V90/><F115/><W79/><G119/><T106/><D36/><N who="1" m="13867" /><E97/><V70/><F70/><W42/><G114/><T24/><D73/><U135/><E135/><V14/><F47/><W59/><G112/><T92/><D106/><U87/><E75/><V74/><REACH who="2" step="1"/><F57/><REACH who="2" ten="198,318,224,250" step="2"/><W29/><G69/><T20/><D121/><U98/><E98/><V16/><F16/><AGARI ba="1,1" hai="16,22,26,76,80,87,100,102" m="13867,48745" machi="16" ten="30,2900,0" yaku="18,1,54,1" doraHai="120" who="1" fromWho="2" sc="198,0,318,42,224,-32,250,0" /><INIT seed="1,2,0,2,3,11" ten="198,360,192,250" oya="1" hai0="24,79,34,18,114,76,37,19,101,119,38,35,23" hai1="22,122,6,40,63,10,109,53,97,43,54,98,107" hai2="49,68,44,132,30,42,102,111,75,116,84,7,72" hai3="117,52,133,64,95,50,94,28,21,56,2,82,89"/><U4/><E122/><V112/><F116/><W9/><G133/><T60/><D119/><U118/><E118/><V58/><F68/><W96/><G117/><T45/><D114/><U83/><E109/><V108/><F132/><W70/><G28/><T36/><D101/><U85/><E22/><V80/><F102/><W92/><G21/><T46/><D60/><U47/><E107/><V113/><F30/><W15/><G2/><T59/><D59/><U41/><E47/><V134/><F134/><W66/><G70/><T103/><D103/><U12/><E4/><V13/><F58/><W65/><REACH who="3" step="1"/><G82/><REACH who="3" ten="198,360,192,240" step="2"/><T88/><D35/><U135/><E135/><V20/><F113/><W127/><G127/><T14/><D34/><U123/><E123/><V77/><F112/><W27/><G27/><T5/><D5/><AGARI ba="2,1" hai="5,9,15,50,52,56,64,65,66,89,92,94,95,96" machi="5" ten="40,8000,1" yaku="1,1,8,1,52,1,54,1,53,0" doraHai="11" doraHaiUra="126" who="3" fromWho="0" sc="198,-86,360,0,192,0,240,96" /><INIT seed="2,0,0,4,2,111" ten="112,360,192,336" oya="2" hai0="100,23,47,31,96,91,122,87,103,39,54,6,84" hai1="2,86,80,132,20,9,26,60,28,70,90,79,114" hai2="13,10,104,24,65,4,110,14,72,35,102,81,64" hai3="53,121,3,16,42,17,48,41,22,99,98,8,19"/><V56/><F110/><W124/><G121/><T44/><D122/><U36/><E36/><V95/><F104/><W29/><G124/><T88/><D6/><U30/><E114/><V118/><F118/><W66/><G66/><T109/><D109/><U15/><E132/><V116/><F116/><W61/><G61/><T0/><D0/><U12/><E2/><V117/><F117/><W78/><G78/><T59/><D39/><U93/><E28/><V82/><F14/><W49/><G3/><T94/><D31/><U134/><E134/><V105/><F105/><W126/><G126/><T7/><D7/><U125/><E125/><V58/><F35/><W85/><G85/><T127/><D23/><U101/><E101/><V37/><F24/><N who="3" m="16535" /><G8/><T45/><D127/><U38/><E38/><V69/><F72/><W67/><G67/><N who="2" m="25673" /><F69/><W57/><G41/><T113/><D113/><U51/><E70/><V135/><F135/><W11/><G11/><T115/><D115/><U128/><E9/><V55/><F58/><W32/><G32/><T73/><D73/><U21/><E12/><V107/><F107/><W131/><G131/><T5/><D5/><U129/><E129/><V89/><F102/><W120/><G120/><T68/><D68/><U83/><E128/><V40/><F40/><W43/><G43/><T52/><D59/><U62/><E26/><V46/><F46/><AGARI ba="0,0" hai="16,17,19,42,46,48,49,53,57,98,99" m="16535" machi="46" ten="30,2000,0" yaku="8,1,54,1" doraHai="111" who="3" fromWho="2" sc="112,0,360,0,192,-20,336,20" /><INIT seed="3,0,0,3,2,66" ten="112,360,172,356" oya="3" hai0="30,94,62,101,12,53,116,26,1,67,44,121,98" hai1="48,4,132,54,135,2,95,125,69,82,37,0,111" hai2="21,45,119,16,81,115,29,57,64,56,55,109,112" hai3="92,11,133,3,22,63,51,27,47,19,130,20,34"/><W110/><G34/><T87/><D116/><U84/><E111/><V97/><F109/><W124/><G110/><T106/><D121/><U28/><E125/><V49/><F119/><W126/><G130/><T120/><D120/><U107/><E107/><V65/><F29/><W14/><G133/><N who="1" m="51274" /><E69/><V46/><F81/><W127/><G3/><T58/><D1/><U23/><E37/><V38/><F97/><W31/><G63/><T77/><D12/><U104/><E104/><V50/><F21/><N who="3" m="15855" /><G92/><T6/><D6/><U83/><E4/><V52/><F16/><W18/><G18/><T39/><D39/><AGARI ba="0,0" hai="38,39,45,46,49,50,52,55,56,57,64,65,112,115" machi="39" ten="25,12000,2" yaku="22,2,34,3,54,1" doraHai="66" who="2" fromWho="0" sc="112,-120,360,0,172,120,356,0" owari="-8,-50.8,360,46.0,292,-10.8,356,15.6" /></mjloggm>