<mjloggm ver="2.3"><GO type="225" lobby="0"/><UN n0="%4B%2E%32%2E%4B%2E" n1="%E3%81%86%E3%83%BC%E3%81%B1%E3%83%BC" n2="%E6%B4%BE%E9%81%A3%E3%81%AE%E3%82%B8%E3%83%A3%E3%83%83%E3%82%AF" n3="%E4%BE%BF%E6%89%80" dan="17,17,16,16" rate="2197.66,2170.16,2202.92,2048.84" sx="M,F,M,M"/><TAIKYOKU oya="0"/><INIT seed="0,0,0,5,4,99" ten="250,250,250,250" oya="0" hai0="4,73,120,85,2,18,128,15,50,27,77,100,90" hai1="25,41,114,119,39,10,91,132,124,64,88,66,107" hai2="59,32,80,97,49,33,9,45,84,26,101,82,54" hai3="130,75,60,135,81,108,37,52,44,38,47,105,29"/><T104/><D120/><U12/><E119/><V112/><F112/><W58/><G29/><T46/><D128/><U72/><E72/><V123/><F123/><W42/><G105/><T94/><D27/><U55/><E107/><V35/><F26/><W106/><G106/><T78/><D2/><U28/><E41/><V127/><F127/><W79/><G130/><T19/><D73/><U133/><E55/><V87/><F9/><W40/><REACH who="3" step="1"/><G108/><REACH who="3" ten="250,250,250,240" step="2"/><T3/><D104/><U8/><E114/><V95/><F80/><W70/><G70/><T111/><D111/><U14/><E28/><V121/><F121/><W134/><AGARI ba="0,1" hai="37,38,40,42,44,47,52,58,60,75,79,81,134,135" machi="134" ten="30,7900,0" yaku="1,1,0,1,9,1,54,1,53,0" doraHai="99" doraHaiUra="126" who="3" fromWho="3" sc="250,-39,250,-20,250,-20,240,89" /><INIT seed="1,0,0,0,5,58" ten="211,230,230,329" oya="1" hai0="125,66,60,31,77,1,121,57,38,28,26,21,93" hai1="32,71,131,101,85,108,124,73,120,63,102,111,9" hai2="62,129,22,33,114,123,90,10,105,0,132,118,37" hai3="134,107,68,92,130,61,98,104,53,80,91,34,4"/><U39/><E120/><V55/><RYUUKYOKU type="yao9" ba="0,0" sc="211,0,230,0,230,0,329,0" hai2="0,10,22,33,37,55,62,90,105,114,118,123,129,132" /><INIT seed="1,1,0,4,4,105" ten="211,230,230,329" oya="1" hai0="66,125,91,81,30,117,77,31,25,24,22,63,95" hai1="5,23,111,55,114,124,86,84,119,14,47,61,60" hai2="21,70,35,49,9,42,8,76,88,6,65,93,73" hai3="43,68,27,129,62,11,51,82,118,44,71,26,115"/><U57/><E114/><V104/><F35/><W34/><G115/><T41/><D125/><U4/><E119/><V74/><F104/><W29/><G118/><T133/><D133/><U56/><E124/><V135/><F135/><W87/><G129/><T102/><D41/><U106/><E106/><V113/><F113/><W0/><G26/><T110/><D110/><U54/><E47/><V16/><F76/><W52/><G62/><T67/><D102/><U2/><E111/><V128/><F128/><W36/><G11/><T132/><D132/><U50/><E50/><V19/><F65/><W90/><REACH who="3" step="1"/><G0/><REACH who="3" ten="211,230,230,319" step="2"/><T13/><D63/><U99/><E2/><V107/><F9/><W59/><AGARI ba="1,1" hai="27,29,34,36,43,44,51,52,59,68,71,82,87,90" machi="59" ten="20,12000,2" yaku="1,1,2,1,0,1,7,1,54,1,53,1" doraHai="105" doraHaiUra="39" who="3" fromWho="3" sc="211,-31,230,-61,230,-31,319,133" /><INIT seed="2,0,0,5,3,15" ten="180,169,199,452" oya="2" hai0="47,64,18,5,114,106,34,98,6,122,79,88,119" hai1="93,30,49,81,134,20,126,41,91,46,26,40,94" hai2="77,75,67,99,89,74,11,129,86,42,113,97,29" hai3="23,37,57,80,54,82,112,4,13,72,65,131,16"/><V73/><F42/><W56/><G37/><T109/><D114/><U69/><E69/><V28/><F67/><W17/><G112/><T92/><D122/><U25/><E134/><V0/><F113/><W50/><G131/><T108/><D34/><U55/><E126/><V1/><F77/><W125/><G125/><T128/><D128/><U7/><E7/><V51/><F129/><W121/><G4/><T52/><D119/><U90/><E81/><V68/><F51/><W101/><G101/><N who="0" m="62775" /><D64/><U43/><E26/><V48/><F48/><W44/><G72/><T14/><D47/><U78/><E78/><V60/><F60/><N who="3" m="38023" /><G121/><T130/><D52/><U58/><E46/><V24/><F68/><W12/><G57/><T45/><D45/><U19/><E30/><V39/><F39/><W9/><AGARI ba="0,0" hai="9,12,13,16,17,23,44,50,54,80,82" m="38023" machi="9" ten="30,7900,0" yaku="8,1,52,2,54,1" doraHai="15" who="3" fromWho="3" sc="180,-20,169,-20,199,-39,452,79" /><INIT seed="3,0,0,5,5,37" ten="160,149,160,531" oya="3" hai0="80,74,18,38,8,128,34,59,100,127,26,10,51" hai1="69,134,83,89,36,2,90,9,55,41,78,99,125" hai2="81,11,93,85,88,52,45,122,15,5,61,126,86" hai3="31,53,6,48,3,30,25,118,73,107,132,123,43"/><W14/><G118/><T56/><D38/><U24/><E69/><V49/><F126/><W54/><G123/><T0/><D127/><U95/><E125/><V116/><F122/><W19/><G73/><T103/><D128/><U65/><E65/><V117/><F61/><W50/><G107/><T68/><D68/><U82/><E134/><V27/><F27/><W57/><G132/><T124/><D124/><U101/><E82/><V84/><F84/><W66/><G66/><T1/><D80/><U64/><E55/><V70/><F70/><W76/><G76/><AGARI ba="0,0" hai="5,11,15,45,49,52,76,81,85,86,88,93,116,117" machi="76" ten="30,3900,0" yaku="7,1,54,2" doraHai="37" who="2" fromWho="3" sc="160,0,149,0,160,39,531,-39" owari="160,-24.0,149,-35.1,199,-0.1,492,59.2" /></mjloggm>