<mjloggm ver="2.3"><GO type="225" lobby="0"/><UN n0="%E3%81%86%E3%83%BC%E3%81%B1%E3%83%BC" n1="%E6%B0%B7%E5%B7%9D%E9%87%8C%E5%A5%88" n2="%E3%81%AF%E3%82%88%E3%81%8A%E3%81%98%E3%81%95%E3%82%93" n3="%6D%75%75%6D%75%72%61" dan="17,16,17,17" rate="2166.66,2126.95,2192.65,2164.35" sx="F,F,M,F"/><TAIKYOKU oya="0"/><INIT seed="0,0,0,5,5,75" ten="250,250,250,250" oya="0" hai0="57,128,68,134,21,80,87,32,119,33,125,54,58" hai1="118,74,38,64,63,129,24,98,62,108,82,10,5" hai2="85,117,1,2,48,15,110,50,96,77,39,42,109" hai3="20,46,70,56,111,94,18,71,97,89,16,106,102"/><T69/><D119/><U103/><E118/><V60/><F117/><W59/><G111/><N who="2" m="42505" /><F39/><W79/><G46/><T86/><D125/><U41/><E108/><V105/><F60/><W34/><G34/><T45/><D45/><U100/><E129/><V9/><F96/><W25/><G18/><T130/><D80/><U66/><E24/><V76/><F105/><W120/><G120/><T92/><D92/><U107/><E103/><V135/><F135/><W101/><G79/><N who="2" m="30281" /><F85/><W99/><REACH who="3" step="1"/><G102/><REACH who="3" ten="250,250,250,240" step="2"/><T23/><D134/><U31/><E100/><V29/><F29/><W73/><G73/><T83/><D83/><U47/><E31/><V132/><F132/><W17/><G17/><T88/><D88/><U6/><E82/><V122/><F122/><W35/><G35/><T90/><D90/><U43/><E74/><V51/><F42/><W67/><G67/><T37/><D37/><U7/><E38/><V26/><F26/><W124/><G124/><T84/><D84/><U104/><E64/><V49/><N who="2" m="12288" /><DORA hai="3" /><V93/><F93/><W121/><G121/><T91/><D91/><U113/><E66/><V131/><F131/><W13/><G13/><T30/><D30/><U55/><E41/><V14/><F15/><W78/><G78/><T116/><D116/><U40/><E43/><V112/><F112/><W22/><G22/><T72/><D72/><U12/><E113/><V81/><F81/><W52/><G52/><AGARI ba="0,1" hai="21,23,32,33,52,54,57,58,68,69,86,87,128,130" machi="52" ten="25,4800,0" yaku="22,2,54,1" doraHai="75,3" who="0" fromWho="3" sc="250,58,250,0,250,0,240,-48" /><INIT seed="0,1,0,1,0,19" ten="308,250,250,192" oya="0" hai0="117,109,110,99,49,8,80,113,125,77,5,66,84" hai1="72,93,130,135,65,112,104,105,47,122,3,35,71" hai2="126,106,25,45,22,82,13,7,39,70,63,97,32" hai3="133,28,58,78,15,14,24,9,131,83,44,75,90"/><T20/><D113/><U29/><RYUUKYOKU type="yao9" ba="1,0" sc="308,0,250,0,250,0,192,0" hai1="3,29,35,47,65,71,72,93,104,105,112,122,130,135" /><INIT seed="0,2,0,4,1,94" ten="308,250,250,192" oya="0" hai0="99,21,26,24,124,73,105,115,104,1,95,41,78" hai1="90,70,130,135,23,60,66,63,28,59,40,29,8" hai2="10,37,53,30,36,108,25,62,81,34,0,102,15" hai3="89,92,48,85,82,51,118,39,64,31,18,114,84"/><T17/><D115/><U101/><E135/><V119/><F108/><W52/><G114/><T100/><D124/><U83/><E130/><V123/><F123/><W3/><G39/><T75/><D1/><U67/><E40/><V44/><F119/><W38/><G38/><T69/><D41/><U77/><E101/><V6/><F102/><W20/><G118/><T16/><D69/><U13/><E23/><V49/><F81/><W71/><G3/><T98/><D78/><U133/><E133/><V35/><F34/><W126/><G126/><T122/><D122/><U42/><E42/><V54/><F0/><W22/><G71/><T5/><D5/><U129/><E129/><V91/><F91/><W9/><G64/><T103/><D21/><U109/><E90/><V111/><F111/><W57/><G31/><T79/><D79/><U72/><E109/><V127/><F127/><W128/><G128/><T61/><D61/><U12/><E12/><V125/><F125/><W112/><G112/><T11/><D95/><U32/><E32/><V74/><F74/><W47/><G9/><AGARI ba="2,0" hai="9,11,16,17,24,26,73,75,98,99,100,103,104,105" machi="9" ten="25,12000,1" yaku="22,2,52,2,54,1" doraHai="94" who="0" fromWho="3" sc="308,126,250,0,250,0,192,-126" /><INIT seed="0,3,0,0,2,125" ten="434,250,250,66" oya="0" hai0="71,78,38,79,56,100,75,16,91,31,101,92,105" hai1="36,104,44,61,96,135,76,9,58,23,51,15,82" hai2="129,115,7,110,123,60,30,95,134,111,64,57,70" hai3="42,109,22,112,50,131,37,130,52,87,117,85,11"/><T10/><D71/><U49/><E36/><V94/><F115/><W88/><G112/><T93/><D38/><U81/><E135/><V43/><F123/><W114/><G114/><T3/><D105/><U133/><E133/><V4/><F134/><W2/><G117/><T19/><D3/><U132/><E132/><V99/><F129/><N who="3" m="49163" /><G109/><N who="2" m="41481" /><F30/><W28/><G37/><T12/><D31/><U119/><E23/><V62/><F43/><W20/><G42/><T47/><D47/><U67/><E119/><V1/><F1/><W14/><G2/><T0/><D0/><U8/><E104/><V124/><F124/><W6/><G28/><T89/><D56/><U65/><E96/><V107/><F107/><W41/><G41/><T74/><D12/><U27/><E27/><V86/><F86/><N who="3" m="32779" /><G88/><T13/><D13/><U113/><E113/><V54/><F95/><W102/><G102/><AGARI ba="3,0" hai="4,7,54,57,60,62,64,70,94,99,102" m="41481" machi="102" ten="30,1000,0" yaku="14,1" doraHai="125" who="2" fromWho="3" sc="434,0,250,0,250,19,66,-19" /><INIT seed="1,0,0,2,1,111" ten="434,250,269,47" oya="1" hai0="60,98,120,59,107,61,15,63,18,92,50,124,93" hai1="39,24,83,19,78,116,80,88,13,58,53,38,118" hai2="54,32,3,17,65,10,106,1,123,79,64,49,91" hai3="27,42,43,45,81,126,7,132,56,99,31,100,131"/><U114/><E24/><V122/><F32/><W121/><G121/><T68/><D68/><U134/><E134/><V12/><F106/><W0/><G132/><T105/><D120/><U101/><E101/><V125/><F123/><W87/><G131/><T44/><D124/><U135/><E135/><V73/><F122/><W69/><G69/><T76/><D76/><U55/><E39/><V84/><F125/><W20/><G126/><T110/><D110/><U48/><E38/><V14/><F73/><W112/><G112/><T102/><D93/><U41/><E41/><V75/><F75/><W23/><G0/><T96/><D96/><U82/><E78/><V130/><F79/><W47/><G7/><T36/><D36/><U62/><E114/><V67/><F12/><W11/><G11/><T117/><D117/><U2/><E2/><V37/><F37/><W22/><G56/><T115/><D115/><U86/><E118/><V113/><F130/><W119/><G119/><T129/><D107/><U57/><REACH who="1" step="1"/><E116/><REACH who="1" ten="434,240,269,47" step="2"/><V128/><F113/><W5/><G42/><N who="0" m="24855" /><D129/><U94/><E94/><V35/><F128/><W85/><G43/><T70/><D105/><U21/><AGARI ba="0,1" hai="13,19,21,48,53,55,57,58,62,80,82,83,86,88" machi="21" ten="20,18000,2" yaku="1,1,0,1,7,1,8,1,54,1,53,2" doraHai="111" doraHaiUra="52" who="1" fromWho="1" sc="434,-60,240,190,269,-60,47,-60" owari="374,17.4,430,53.0,209,-19.1,-13,-51.3" /></mjloggm>