<mjloggm ver="2.3"><GO type="225" lobby="0"/><UN n0="%33%74%72%65%65" n1="%6D%75%75%6D%75%72%61" n2="%E5%8F%AF%E5%85%90%E9%82%A3%E7%94%B1%E5%A4%9A" n3="%E5%B8%86%E7%AB%8B%E5%A4%8F%E8%A1%A3" dan="16,17,17,16" rate="2151.62,2196.14,2226.65,2118.86" sx="F,F,F,M"/><TAIKYOKU oya="0"/><INIT seed="0,0,0,0,0,83" ten="250,250,250,250" oya="0" hai0="91,119,34,4,130,58,19,113,18,73,59,21,116" hai1="129,90,84,1,56,5,69,71,106,37,105,77,49" hai2="63,20,26,44,40,15,67,8,11,64,7,94,51" hai3="89,23,25,86,78,38,30,134,123,131,0,42,10"/><T16/><D113/><U29/><E37/><V121/><F121/><W132/><G131/><T97/><D34/><U9/><E129/><V17/><F63/><W96/><G123/><T14/><D130/><U76/><E29/><V127/><F127/><W62/><G78/><T126/><D73/><U125/><E125/><V57/><F57/><N who="0" m="21514" /><D126/><U45/><E56/><V99/><REACH who="2" step="1"/><F11/><REACH who="2" ten="250,250,240,250" step="2"/><W87/><G62/><T65/><D119/><U68/><E105/><V33/><F33/><W53/><G10/><N who="0" m="4423" /><D116/><U3/><E106/><V98/><F98/><W104/><G96/><T6/><D65/><U2/><E2/><V133/><F133/><W24/><G0/><T75/><D75/><U39/><E3/><V100/><AGARI ba="0,1" hai="7,8,15,17,20,26,40,44,51,64,67,94,99,100" machi="100" ten="20,8000,1" yaku="1,1,0,1,7,1,8,1,53,1" doraHai="83" doraHaiUra="93" who="2" fromWho="2" sc="250,-40,250,-20,240,90,250,-20" /><INIT seed="1,0,0,1,2,46" ten="210,230,330,230" oya="1" hai0="121,20,57,4,61,59,90,15,89,53,120,63,50" hai1="102,122,99,10,82,74,98,84,115,93,87,22,27" hai2="96,52,86,8,47,45,117,119,111,100,3,133,9" hai3="101,6,79,51,123,134,56,30,131,33,130,49,127"/><U95/><E115/><V72/><F72/><W118/><G123/><T34/><D34/><U14/><E122/><N who="0" m="47209" /><D61/><U13/><E74/><V43/><F111/><W28/><G127/><T5/><D20/><U19/><E82/><V32/><F32/><W38/><G134/><T35/><D35/><U91/><REACH who="1" step="1"/><E14/><REACH who="1" ten="210,220,330,230" step="2"/><V116/><F133/><W37/><G130/><T25/><D25/><U54/><E54/><V18/><F52/><W67/><G131/><T125/><D125/><U129/><E129/><V66/><F117/><W80/><G118/><T76/><D15/><U114/><E114/><V1/><F119/><W97/><G80/><T64/><D76/><U81/><E81/><V40/><F116/><W0/><G79/><T75/><D75/><U12/><E12/><V7/><F1/><W105/><G0/><T21/><D21/><U65/><E65/><V26/><F66/><W85/><G67/><T83/><D83/><U108/><E108/><V88/><F3/><W24/><G33/><T92/><D64/><U29/><AGARI ba="0,1" hai="10,13,19,22,27,29,84,87,91,93,95,98,99,102" machi="29" ten="20,7800,0" yaku="1,1,0,1,7,1,8,1,53,0" doraHai="46" doraHaiUra="78" who="1" fromWho="1" sc="210,-26,220,88,330,-26,230,-26" /><INIT seed="1,1,0,3,4,72" ten="184,308,304,204" oya="1" hai0="14,84,44,131,18,55,1,87,125,118,47,119,79" hai1="91,123,65,82,108,89,102,113,38,94,54,98,67" hai2="99,34,95,129,56,78,68,62,30,40,25,106,64" hai3="132,46,73,75,90,9,86,59,10,126,128,74,130"/><U107/><E113/><V111/><F111/><W69/><G69/><T112/><D112/><U3/><E108/><V135/><F129/><N who="3" m="49771" /><G126/><T110/><D110/><U41/><E123/><V33/><F135/><W48/><G59/><T93/><D131/><U63/><E3/><V76/><F34/><W83/><G132/><T114/><D1/><U61/><E38/><V70/><F40/><AGARI ba="1,0" hai="9,10,40,46,48,73,74,75,83,86,90" m="49771" machi="40" ten="40,1300,0" yaku="19,1" doraHai="72" who="3" fromWho="2" sc="184,0,308,0,304,-16,204,16" /><INIT seed="2,0,0,4,4,130" ten="184,308,288,220" oya="2" hai0="51,50,72,16,13,9,2,26,4,109,48,27,91" hai1="85,22,3,68,78,29,123,80,53,43,8,10,100" hai2="57,58,116,103,35,112,44,86,66,23,18,65,55" hai3="114,113,118,108,14,99,124,40,71,120,0,126,19"/><V45/><F112/><N who="3" m="43115" /><G71/><T28/><D109/><U121/><E68/><V17/><F116/><W129/><G40/><T106/><D72/><U41/><E100/><V88/><F35/><W49/><G49/><T20/><D106/><U37/><E53/><V38/><F103/><W134/><G118/><T36/><D36/><U107/><E107/><V117/><F117/><W76/><G76/><T42/><D91/><U24/><E37/><V46/><F38/><W77/><G77/><T94/><D94/><U70/><E70/><V39/><F39/><W54/><G54/><T104/><D104/><U1/><E43/><V47/><N who="2" m="11264" /><DORA hai="34" /><V101/><F101/><W61/><G61/><T21/><REACH who="0" step="1"/><D42/><REACH who="0" ten="174,308,288,220" step="2"/><U125/><E41/><V95/><F57/><W131/><G108/><T56/><D56/><U89/><E89/><V32/><F32/><W33/><G33/><T97/><D97/><U102/><E102/><V96/><F96/><W82/><G99/><T98/><D98/><U105/><E105/><V110/><F110/><W132/><G131/><T59/><D59/><U111/><E111/><V52/><F58/><W87/><G129/><T6/><D6/><U92/><E92/><V81/><F95/><W25/><G87/><T64/><D64/><N who="2" m="24682" /><F55/><W84/><G84/><T74/><D74/><U115/><E115/><V127/><F52/><W7/><G7/><T128/><D128/><U62/><E85/><V135/><F86/><W11/><G82/><T67/><D67/><U122/><E80/><V15/><F81/><W90/><G90/><T69/><D69/><U73/><E73/><RYUUKYOKU ba="0,1" sc="174,30,308,-10,288,-10,220,-10" hai0="2,4,9,13,16,20,21,26,27,28,48,50,51" /><INIT seed="3,1,1,5,1,105" ten="204,298,278,210" oya="3" hai0="41,1,86,60,73,49,87,129,133,74,19,31,20" hai1="98,134,125,123,104,29,101,81,97,56,95,45,55" hai2="77,54,126,128,38,26,79,16,53,135,66,91,85" hai3="48,116,82,18,131,121,58,10,5,0,118,50,3"/><W13/><G121/><T34/><D1/><U84/><E123/><V7/><F38/><W92/><G131/><T96/><D129/><U59/><E125/><V12/><F128/><W93/><G0/><T94/><D60/><U117/><E134/><V89/><F126/><W90/><G82/><T44/><D133/><U47/><E117/><V17/><F135/><W78/><G78/><N who="2" m="29705" /><F66/><W43/><G93/><T122/><D122/><U103/><E29/><V83/><F91/><W21/><G48/><T71/><D71/><U102/><E102/><V108/><F108/><W36/><G36/><T57/><D57/><U76/><E56/><V61/><F61/><AGARI ba="1,1" hai="45,47,55,59,61,76,81,84,95,97,98,101,103,104" machi="61" ten="30,1000,0" yaku="7,1" doraHai="105" who="1" fromWho="2" sc="204,0,298,23,278,-13,210,0" owari="204,-29.6,321,42.1,265,6.5,210,-19.0" /></mjloggm>