<mjloggm ver="2.3"><GO type="225" lobby="0"/><UN n0="%33%74%72%65%65" n1="%77%72%77%72%77%72%77%72" n2="%72%69%6F%75%63%68%61%6E" n3="%E3%82%BC%E3%83%AB%E3%83%80%E3%81%AE%E4%BC%9D%E8%AA%AC" dan="16,17,17,18" rate="2098.90,2196.12,2198.07,2227.81" sx="F,M,M,M"/><TAIKYOKU oya="0"/><INIT seed="0,0,0,1,3,94" ten="250,250,250,250" oya="0" hai0="118,24,98,1,44,79,109,77,127,99,35,76,17" hai1="15,67,90,125,121,132,74,105,96,13,7,83,120" hai2="102,27,9,104,8,75,81,58,123,89,69,128,119" hai3="55,78,110,12,0,48,23,71,82,33,72,97,60"/><T14/><D118/><U42/><E132/><V5/><F123/><W47/><G0/><T93/><D1/><U112/><E125/><V66/><F119/><W65/><G110/><T31/><D127/><U111/><E111/><V116/><F116/><W34/><G12/><T25/><D109/><U86/><E112/><V37/><F128/><W103/><REACH who="3" step="1"/><G23/><REACH who="3" ten="250,250,250,240" step="2"/><T64/><D25/><U62/><E15/><V22/><F22/><W29/><G29/><T57/><D44/><U91/><E13/><V40/><F8/><W107/><AGARI ba="0,1" hai="33,34,47,48,55,60,65,71,72,78,82,97,103,107" machi="107" ten="20,5200,0" yaku="1,1,0,1,7,1,52,1,53,0" doraHai="94" doraHaiUra="130" who="3" fromWho="3" sc="250,-26,250,-13,250,-13,240,62" /><INIT seed="1,0,0,0,4,5" ten="224,237,237,302" oya="1" hai0="91,18,32,28,112,54,26,2,123,43,1,82,76" hai1="84,131,66,50,79,96,98,74,77,27,106,13,103" hai2="4,127,56,14,134,19,55,48,107,47,9,89,23" hai3="30,51,12,108,120,124,44,46,78,16,119,42,135"/><U110/><E131/><V122/><F122/><W105/><G120/><T128/><D112/><U133/><E133/><V86/><F127/><W97/><G124/><T25/><D128/><U95/><E110/><V115/><F134/><W71/><G135/><T109/><D109/><U20/><E66/><V121/><F121/><W113/><G113/><T58/><D91/><U83/><E13/><V118/><F115/><W41/><G108/><T68/><D43/><U38/><E38/><V63/><F107/><W93/><G71/><T70/><D123/><U29/><E50/><V40/><F118/><W52/><G119/><T33/><D68/><U64/><E64/><V61/><F61/><W80/><G30/><T92/><D92/><U104/><REACH who="1" step="1"/><E98/><REACH who="1" ten="224,227,237,302" step="2"/><V15/><F86/><W101/><G44/><T94/><D1/><U59/><E59/><V125/><F125/><W8/><G105/><T116/><D2/><U3/><E3/><V6/><REACH who="2" step="1"/><F89/><REACH who="2" ten="224,227,227,302" step="2"/><W102/><G102/><T49/><D116/><U31/><E31/><V17/><AGARI ba="0,2" hai="4,6,9,14,15,17,19,23,40,47,48,55,56,63" machi="17" ten="20,12000,2" yaku="1,1,2,1,0,1,7,1,8,1,52,1,53,0" doraHai="5" doraHaiUra="21" who="2" fromWho="2" sc="224,-30,227,-60,227,140,302,-30" /><INIT seed="2,0,0,2,3,65" ten="194,167,367,272" oya="2" hai0="107,118,68,115,59,24,85,64,60,92,70,18,98" hai1="23,130,22,116,111,46,91,35,87,90,45,31,55" hai2="113,120,104,62,114,5,95,77,100,121,83,52,117" hai3="66,67,44,2,73,78,20,29,57,105,12,49,15"/><V79/><F117/><W109/><G2/><T75/><D115/><U132/><E116/><V101/><F5/><W84/><G105/><T43/><D75/><U123/><E111/><V21/><F21/><W26/><G73/><T17/><D118/><U33/><E130/><V61/><F104/><W127/><G127/><T82/><D43/><U32/><E132/><V42/><F42/><N who="3" m="24727" /><G109/><T56/><D56/><U19/><E123/><V128/><F95/><W16/><G57/><T14/><D24/><U51/><E45/><V0/><F83/><N who="3" m="47223" /><G12/><T122/><D107/><U129/><E129/><V97/><F97/><W71/><G71/><T58/><D58/><U69/><E69/><V25/><F25/><W119/><G119/><T40/><D40/><U76/><E31/><V63/><F128/><W13/><G13/><T6/><D122/><N who="2" m="47210" /><F0/><W34/><G34/><T133/><D133/><U131/><E131/><V10/><F52/><W3/><G3/><T108/><D108/><U39/><E39/><V11/><F77/><W106/><G106/><T124/><D124/><U9/><E76/><V28/><F28/><W134/><G134/><T48/><D14/><N who="1" m="7631" /><E91/><V96/><F79/><W80/><G80/><AGARI ba="0,0" hai="22,23,32,33,35,46,51,55,80,87,90" m="7631" machi="80" ten="30,1000,0" yaku="25,1" doraHai="65" who="1" fromWho="3" sc="194,0,167,10,367,0,272,-10" /><INIT seed="3,0,0,4,1,4" ten="194,177,367,262" oya="3" hai0="9,11,86,75,98,51,104,58,42,129,91,33,7" hai1="85,48,77,133,114,70,53,74,49,46,90,3,110" hai2="19,96,30,97,83,17,5,25,44,119,45,99,23" hai3="101,35,109,69,31,15,131,36,103,24,130,94,68"/><W12/><G36/><T92/><D33/><U105/><E114/><V32/><F119/><W0/><G0/><T111/><D111/><U100/><E110/><V124/><F124/><W82/><G109/><T18/><D75/><U64/><E133/><V61/><F5/><W72/><G82/><N who="0" m="49623" /><D104/><U8/><E49/><V63/><F83/><W40/><G40/><T10/><D129/><U56/><E70/><V57/><F63/><W27/><G94/><T76/><D7/><U108/><E108/><V84/><F84/><W80/><G80/><T78/><D18/><N who="2" m="6666" /><F32/><W122/><G35/><T67/><D67/><AGARI ba="0,0" hai="23,25,30,44,45,57,61,67,96,97,99" m="6666" machi="67" ten="30,1000,0" yaku="8,1" doraHai="4" who="2" fromWho="0" sc="194,-10,177,0,367,10,262,0" owari="184,-21.6,177,-32.3,377,47.7,262,6.2" /></mjloggm>