<mjloggm ver="2.3"><GO type="225" lobby="0"/><UN n0="%E3%82%A2%E3%83%BC%E3%83%A2%E3%83%AD%E3%83%BC%E3%83%B4%E3%82%A1" n1="%E5%A4%9C%E5%85%89%E5%A4%A9%E6%A5%BC" n2="%E3%82%BC%E3%83%AB%E3%83%80%E3%81%AE%E4%BC%9D%E8%AA%AC" n3="%E3%81%93%E3%81%91%E6%A4%8D%E7%89%A9" dan="16,17,17,16" rate="2100.12,2182.24,2238.19,2081.22" sx="M,M,M,M"/><TAIKYOKU oya="0"/><INIT seed="0,0,0,2,4,107" ten="250,250,250,250" oya="0" hai0="95,34,113,5,119,35,17,23,3,84,57,2,47" hai1="9,74,128,127,48,19,103,62,82,93,71,14,87" hai2="98,112,52,41,65,110,10,76,123,132,111,92,37" hai3="39,104,25,126,86,75,124,88,90,135,58,8,109"/><T69/><D69/><U102/><E128/><V51/><F123/><W32/><G39/><T63/><D113/><U31/><E127/><N who="3" m="48682" /><G104/><T24/><D119/><U43/><E31/><V27/><F112/><W54/><G109/><N who="2" m="41481" /><F132/><W18/><G135/><T122/><D122/><U80/><E71/><V6/><F65/><W0/><G75/><T101/><D47/><N who="1" m="25727" /><E74/><V117/><F117/><W1/><G90/><T81/><D101/><N who="1" m="38411" /><E62/><V26/><F76/><W7/><G1/><T77/><D95/><U61/><E61/><V116/><F116/><W85/><G85/><T79/><D79/><U134/><E134/><V33/><F33/><W115/><G115/><T50/><D50/><U13/><E14/><N who="2" m="5463" /><F41/><W130/><G130/><T129/><D129/><U12/><E13/><V44/><F37/><W131/><G131/><T11/><REACH who="0" step="1"/><D3/><REACH who="0" ten="240,250,250,250" step="2"/><U91/><AGARI ba="0,1" hai="9,12,19,80,82,87,91,93" m="38411,25727" machi="91" ten="30,1100,0" yaku="8,1" doraHai="107" who="1" fromWho="1" sc="240,-5,250,21,250,-3,250,-3" /><INIT seed="1,0,0,1,0,130" ten="235,271,247,247" oya="1" hai0="101,32,64,51,52,83,123,42,5,20,13,81,39" hai1="74,122,21,24,105,110,35,116,16,119,19,15,89" hai2="1,80,8,66,56,127,49,114,38,34,91,108,63" hai3="43,46,10,73,55,12,100,98,44,65,85,131,30"/><U59/><E122/><V79/><F38/><W7/><G73/><T11/><D32/><U126/><E105/><V117/><F117/><W2/><G131/><T109/><D109/><U58/><E74/><V31/><F108/><W18/><G30/><T57/><D123/><U33/><E110/><V97/><F127/><W3/><G65/><T120/><D120/><U9/><E126/><V128/><F128/><W22/><G55/><T26/><D101/><U6/><E116/><V62/><F31/><W104/><G44/><N who="0" m="26007" /><D39/><U54/><E119/><V47/><F34/><W88/><G3/><T102/><D102/><U75/><E75/><V115/><F62/><W25/><G2/><T111/><D64/><U134/><E35/><V103/><F91/><W132/><G132/><T61/><D111/><U82/><E33/><V118/><F118/><W67/><G67/><T45/><D45/><U107/><E107/><V48/><F8/><W23/><G23/><T27/><D27/><U36/><E36/><V113/><F1/><W135/><G135/><T76/><D76/><U95/><E134/><V14/><F14/><W93/><REACH who="3" step="1"/><G46/><REACH who="3" ten="235,271,247,237" step="2"/><T53/><D53/><U71/><E54/><V70/><F47/><W90/><G90/><T92/><D92/><U37/><E95/><N who="2" m="58815" /><F70/><W50/><G50/><T112/><D112/><U72/><E71/><V78/><F78/><W86/><G86/><AGARI ba="0,1" hai="48,49,56,63,66,79,80,86,113,114,115" m="58815" machi="86" ten="30,1000,0" yaku="11,1" doraHai="130" who="2" fromWho="3" sc="235,0,271,0,247,20,237,-10" /><INIT seed="2,0,0,1,1,134" ten="235,271,267,227" oya="2" hai0="121,130,48,25,37,57,21,126,9,23,72,20,6" hai1="76,105,84,90,83,124,106,99,73,19,131,77,35" hai2="98,81,58,52,132,86,4,61,3,88,128,115,38" hai3="17,87,11,82,13,22,89,50,46,125,28,54,135"/><V107/><F115/><W18/><G135/><T7/><D37/><U113/><E35/><V93/><F132/><W109/><G109/><T49/><D121/><U108/><E113/><V42/><F128/><W101/><G125/><T110/><D110/><U70/><E70/><V0/><F4/><N who="0" m="1578" /><D72/><N who="1" m="43399" /><E108/><V127/><F127/><W118/><G118/><T31/><D126/><U68/><E19/><V111/><F111/><W30/><G101/><T32/><D32/><U94/><E68/><V114/><F107/><N who="1" m="40969" /><E131/><V2/><F114/><W79/><G79/><T12/><D130/><U65/><E65/><V24/><F24/><AGARI ba="0,0" hai="11,13,17,18,22,24,28,30,46,50,54,82,87,89" machi="24" ten="30,7700,0" yaku="7,1,25,2,8,1" doraHai="134" who="3" fromWho="2" sc="235,0,271,0,267,-77,227,77" /><INIT seed="3,0,0,4,1,120" ten="235,271,190,304" oya="3" hai0="121,7,60,0,6,37,80,58,13,106,38,134,74" hai1="84,133,92,93,46,16,31,4,116,72,75,18,85" hai2="119,90,94,124,35,27,53,45,91,130,100,48,67" hai3="129,28,64,109,111,8,104,40,56,3,131,36,132"/><W110/><G104/><T97/><D121/><U10/><E31/><V42/><F119/><W39/><G28/><T83/><D0/><U128/><E116/><V51/><F124/><W118/><G118/><T73/><D97/><U62/><E62/><V81/><F130/><N who="3" m="49675" /><G132/><T47/><D13/><U66/><E128/><V54/><F67/><W41/><G56/><T102/><D47/><U49/><E66/><V95/><F35/><W34/><G34/><T115/><D58/><U101/><E75/><V61/><F27/><W32/><G32/><T108/><D106/><U19/><E72/><V59/><F100/><W88/><G88/><N who="2" m="33833" /><F81/><W25/><G25/><T96/><D102/><U14/><E133/><V20/><F20/><W26/><G26/><T69/><D134/><U114/><E114/><V135/><F135/><W89/><G89/><T103/><D103/><U12/><E12/><V76/><F76/><W55/><G55/><T23/><D115/><U9/><E10/><V82/><F82/><W50/><G64/><T11/><D80/><U70/><E70/><V112/><F112/><W52/><G52/><N who="2" m="20073" /><F48/><W77/><G77/><T30/><D83/><U21/><E101/><V44/><F44/><N who="3" m="25863" /><G41/><T71/><D73/><U78/><E78/><V122/><F122/><W65/><G65/><T99/><D74/><U57/><E46/><V43/><F59/><W127/><G127/><T87/><D69/><U68/><E68/><V123/><F123/><W17/><G3/><T33/><D71/><U79/><E57/><V117/><F117/><W1/><G1/><T24/><D24/><RYUUKYOKU ba="0,0" sc="235,-10,271,-10,190,-10,304,30" hai3="8,17,36,39,109,110,111" owari="225,-17.5,261,6.1,180,-32.0,334,43.4" /></mjloggm>