<mjloggm ver="2.3"><GO type="225" lobby="0"/><UN n0="%E9%89%A2%E5%B7%BB%E3%82%AC%E3%83%96" n1="%E8%81%B7%E6%A5%AD%E3%80%81%E9%A2%A8%32" n2="%E3%81%B2%E3%81%AA%E3%81%AE%E3%82%8A%E3%81%8F" n3="%E6%80%AA%E3%81%97%E3%81%99%E3%81%8E%E3%82%8B%E3%83%81%E3%83%BC" dan="16,16,17,16" rate="2058.44,2158.78,2191.43,2133.92" sx="M,M,M,M"/><TAIKYOKU oya="0"/><INIT seed="0,0,0,0,5,60" ten="250,250,250,250" oya="0" hai0="102,111,62,28,81,19,101,71,24,39,90,48,88" hai1="93,26,124,25,42,115,15,55,64,9,72,114,117" hai2="107,41,70,45,104,85,83,127,40,123,57,2,120" hai3="132,50,47,63,33,18,34,43,95,106,128,49,7"/><T12/><D39/><U37/><E117/><V22/><F70/><W126/><G106/><T10/><D111/><U100/><E124/><V125/><F2/><W16/><G126/><T3/><D48/><U77/><E55/><V11/><F11/><W78/><G128/><T109/><D109/><U20/><E77/><V1/><F1/><W46/><G132/><T96/><D3/><U44/><E72/><V119/><F57/><W134/><G134/><T92/><D101/><U4/><E64/><V14/><F14/><W59/><G7/><T51/><D51/><U56/><E56/><V86/><F83/><W76/><G95/><T79/><D71/><U105/><E105/><V130/><F22/><W129/><G129/><T112/><D62/><U23/><E93/><V53/><F53/><N who="3" m="29879" /><G34/><T5/><D5/><U13/><E100/><V38/><F130/><W113/><G33/><T73/><REACH who="0" step="1"/><D112/><REACH who="0" ten="240,250,250,250" step="2"/><U82/><E37/><V98/><F38/><W21/><G113/><T84/><D84/><U80/><E4/><V103/><F103/><W110/><G110/><T17/><D17/><N who="3" m="6761" /><G21/><AGARI ba="0,1" hai="10,12,19,21,24,28,73,79,81,88,90,92,96,102" machi="21" ten="30,5800,0" yaku="1,1,7,1,54,1,53,0" doraHai="60" doraHaiUra="52" who="0" fromWho="3" sc="240,68,250,0,250,0,250,-58" /><INIT seed="0,1,0,1,1,133" ten="308,250,250,192" oya="0" hai0="68,14,115,124,103,121,116,112,51,54,85,77,18" hai1="48,11,82,117,80,99,88,59,131,53,4,29,38" hai2="12,135,20,9,10,97,130,70,69,79,41,0,74" hai3="61,52,84,92,111,132,101,2,94,17,43,25,60"/><T118/><D68/><U1/><E131/><V62/><F0/><W129/><G2/><T21/><D103/><U13/><E38/><V71/><F130/><W34/><G129/><T102/><D102/><U8/><E117/><V36/><F135/><W33/><G132/><T91/><D77/><U49/><E29/><V26/><F62/><W89/><G111/><T6/><D121/><U93/><REACH who="1" step="1"/><E49/><REACH who="1" ten="308,240,250,192" step="2"/><V37/><F36/><W50/><G34/><T128/><D128/><U28/><E28/><V125/><F37/><W86/><G33/><T58/><D118/><U81/><E81/><V107/><F71/><W76/><G43/><T109/><D116/><U123/><E123/><V64/><F70/><W73/><G73/><T72/><D72/><U134/><E134/><V32/><F69/><W104/><G50/><T100/><D109/><U57/><E57/><V65/><F41/><W7/><G104/><T75/><D75/><U119/><E119/><V106/><F32/><W24/><G24/><T90/><D58/><U63/><E63/><V35/><F26/><W15/><G60/><T27/><D51/><U40/><E40/><V3/><F106/><W5/><G25/><T120/><D27/><U127/><E127/><V55/><F107/><W44/><G61/><T126/><D124/><U42/><E42/><V19/><F125/><W67/><G44/><T39/><D126/><U31/><E31/><V105/><F105/><W108/><G108/><T110/><D120/><U16/><AGARI ba="1,1" hai="1,4,8,11,13,16,48,53,59,80,82,88,93,99" machi="16" ten="20,12000,2" yaku="1,1,0,1,7,1,54,2,53,1" doraHai="133" doraHaiUra="47" who="1" fromWho="1" sc="308,-61,240,133,250,-31,192,-31" /><INIT seed="1,0,0,0,2,46" ten="247,373,219,161" oya="1" hai0="77,120,96,110,126,115,28,91,31,108,123,32,99" hai1="0,112,85,114,3,103,62,21,82,66,118,86,13" hai2="4,27,111,75,33,107,39,83,116,79,67,132,53" hai3="51,2,133,30,36,104,11,25,87,38,54,18,24"/><U19/><E118/><V52/><F116/><W41/><G133/><T121/><D32/><U57/><E103/><V125/><F107/><W131/><G104/><T129/><D77/><U10/><E86/><V12/><F39/><W65/><G131/><T109/><D129/><U80/><E80/><V94/><F67/><W35/><G65/><T59/><D115/><U98/><E98/><N who="0" m="37417" /><D91/><U76/><REACH who="1" step="1"/><E21/><REACH who="1" ten="247,363,219,161" step="2"/><V43/><F83/><W7/><G87/><T100/><D100/><U23/><E23/><V29/><F132/><W128/><G128/><T56/><D126/><U6/><E6/><V47/><F4/><W70/><G7/><T49/><D121/><U42/><E42/><V44/><F43/><W117/><G41/><T60/><D123/><U71/><E71/><V81/><F81/><W45/><G70/><T68/><D120/><U64/><E64/><V58/><F125/><W14/><G117/><T127/><D127/><U93/><E93/><V63/><F94/><W84/><G2/><AGARI ba="0,1" hai="0,2,3,10,13,19,57,62,66,76,82,85,112,114" machi="2" ten="40,2000,0" yaku="1,1,53,0" doraHai="46" doraHaiUra="90" who="1" fromWho="3" sc="247,0,363,30,219,0,161,-20" /><INIT seed="1,1,0,3,0,2" ten="247,393,219,141" oya="1" hai0="82,29,100,126,14,28,122,22,124,120,92,72,18" hai1="40,7,112,50,45,53,111,33,37,123,38,58,121" hai2="118,85,67,30,34,17,132,103,46,105,80,98,3" hai3="81,59,131,6,61,64,23,113,60,47,55,54,15"/><U99/><E112/><V116/><F3/><W56/><G113/><T31/><D100/><U94/><E33/><V97/><F132/><W96/><G131/><T128/><D92/><U48/><E7/><V109/><F109/><W65/><G47/><T8/><D82/><U74/><E74/><V79/><F67/><W26/><G81/><T24/><D72/><U1/><E1/><V73/><F34/><W32/><G96/><T87/><D87/><U86/><E86/><V9/><F30/><N who="0" m="11882" /><D128/><U71/><E71/><V5/><F98/><W134/><G32/><T68/><D68/><U36/><REACH who="1" step="1"/><E111/><REACH who="1" ten="247,383,219,141" step="2"/><V110/><F85/><W95/><G134/><T101/><D101/><AGARI ba="1,1" hai="36,37,38,40,45,48,50,53,58,94,99,101,121,123" machi="101" ten="40,3900,0" yaku="1,1,2,1,53,0" doraHai="2" doraHaiUra="63" who="1" fromWho="0" sc="247,-42,383,52,219,0,141,0" /><INIT seed="1,2,0,5,0,121" ten="205,435,219,141" oya="1" hai0="9,59,72,58,100,71,76,105,133,43,39,29,14" hai1="116,98,61,38,6,86,80,47,82,126,17,55,32" hai2="49,64,26,33,27,115,128,52,8,36,130,45,92" hai3="79,37,77,112,5,132,10,19,73,113,51,1,104"/><U70/><E116/><V78/><F115/><W103/><G37/><T118/><D71/><U131/><E32/><V0/><F64/><W67/><G132/><T91/><D118/><U95/><E126/><V16/><F78/><W13/><G67/><T124/><D124/><U117/><E131/><N who="2" m="50219" /><F36/><W101/><G51/><T81/><D133/><U23/><E117/><V109/><F109/><W42/><G42/><T21/><D100/><U40/><E6/><N who="2" m="1095" /><F33/><W127/><G127/><T12/><D105/><U56/><E70/><V85/><F16/><W108/><G108/><T31/><D91/><AGARI ba="2,0" hai="26,27,45,49,52,85,91,92" m="1095,50219" machi="91" ten="30,2000,0" yaku="19,1,54,1" doraHai="121" who="2" fromWho="0" sc="205,-26,435,0,219,26,141,0" /><INIT seed="2,0,0,5,0,14" ten="179,435,245,141" oya="2" hai0="132,70,78,83,119,111,81,74,116,39,65,0,61" hai1="11,41,118,34,76,79,2,69,32,107,128,9,64" hai2="60,30,96,94,127,67,84,50,123,100,97,98,52" hai3="22,8,4,99,120,55,114,7,27,45,102,44,26"/><V135/><F123/><W121/><G114/><T56/><D111/><U1/><E118/><N who="0" m="45097" /><D0/><U129/><E107/><V103/><F135/><W124/><G124/><T36/><D132/><U47/><E64/><V82/><F127/><W19/><G26/><T115/><D115/><U49/><E69/><V134/><F30/><W5/><G55/><T104/><D104/><U113/><E113/><V13/><F103/><W88/><G8/><T95/><D95/><U57/><E57/><N who="2" m="37263" /><F13/><W117/><G117/><T133/><D133/><U48/><E41/><V28/><F28/><W12/><G27/><T31/><D31/><U62/><E62/><V110/><F110/><W87/><G120/><T130/><D130/><U122/><E47/><N who="2" m="27743" /><F134/><W15/><G121/><AGARI ba="0,0" hai="1,2,9,11,32,34,48,49,76,79,121,122,128,129" machi="121" ten="25,1600,0" yaku="22,2" doraHai="14" who="1" fromWho="3" sc="179,0,435,16,245,0,141,-16" /><INIT seed="3,0,0,4,2,104" ten="179,451,245,125" oya="3" hai0="128,90,93,53,10,129,94,113,115,15,102,65,135" hai1="46,37,31,82,125,103,127,39,89,16,83,130,73" hai2="8,81,112,77,121,109,6,71,76,34,108,78,101" hai3="44,0,100,64,42,122,5,107,50,134,74,3,9"/><W68/><G122/><T24/><D135/><U4/><E103/><V21/><F34/><W1/><G134/><T75/><D75/><U36/><E31/><V67/><F112/><N who="0" m="43082" /><D65/><U106/><E106/><V2/><F101/><W118/><G118/><T72/><D72/><U30/><E30/><V61/><F121/><W119/><G119/><T28/><D53/><U87/><E4/><V56/><F71/><W40/><G40/><T110/><D102/><U17/><E130/><N who="0" m="50281" /><D90/><U114/><E114/><V49/><F21/><W41/><G41/><T55/><D55/><U43/><E73/><N who="2" m="43151" /><F49/><W47/><G74/><T91/><D91/><U25/><E83/><V126/><F126/><W123/><G47/><T23/><D110/><AGARI ba="0,0" hai="2,6,8,56,61,67,77,78,108,109,110" m="43151" machi="110" ten="30,2000,0" yaku="14,1,52,1" doraHai="104" who="2" fromWho="0" sc="179,-20,451,0,245,20,125,0" owari="159,-24.1,451,55.1,265,6.5,125,-37.5" /></mjloggm>