<mjloggm ver="2.3"><GO type="225" lobby="0"/><UN n0="%72%69%6F%75%63%68%61%6E" n1="%E3%81%AF%E3%82%88%E3%81%8A%E3%81%98%E3%81%95%E3%82%93" n2="%E3%81%BF%E3%81%BF%E3%81%9A" n3="%E3%81%B5%E3%81%98%E3%81%8B%E3%81%A4" dan="16,17,16,16" rate="2109.23,2200.61,2156.25,2106.98" sx="M,M,M,M"/><TAIKYOKU oya="0"/><INIT seed="0,0,0,3,2,82" ten="250,250,250,250" oya="0" hai0="14,116,0,84,113,135,118,73,59,64,27,67,42" hai1="102,51,39,21,62,46,92,100,101,4,121,85,48" hai2="87,120,65,110,38,86,29,57,63,123,32,26,10" hai3="104,47,119,75,19,12,56,23,18,98,134,122,30"/><T76/><D113/><U35/><E121/><V33/><F38/><W43/><G119/><T111/><D73/><U44/><E35/><V99/><F110/><W133/><G122/><T50/><D0/><U126/><E126/><V106/><F32/><W66/><G75/><T70/><D111/><U22/><E39/><V45/><F123/><W94/><G104/><T54/><D135/><U13/><E62/><V55/><F120/><W103/><G19/><T105/><D105/><U16/><E4/><V90/><F10/><W89/><G30/><T15/><D42/><U132/><E132/><V78/><F78/><W114/><G114/><T72/><D72/><U124/><E124/><V97/><F97/><W24/><G12/><N who="0" m="4651" /><D70/><U49/><E22/><V91/><F91/><AGARI ba="0,0" hai="13,16,21,44,46,48,49,51,85,91,92,100,101,102" machi="91" ten="40,5200,0" yaku="8,1,52,1,54,1" doraHai="82" who="1" fromWho="2" sc="250,0,250,52,250,-52,250,0" /><INIT seed="1,0,0,3,4,71" ten="250,302,198,250" oya="1" hai0="23,115,124,107,62,73,120,0,92,61,39,29,20" hai1="57,42,128,49,85,8,102,68,18,119,36,41,52" hai2="104,5,87,116,64,51,103,110,27,134,135,83,26" hai3="132,93,32,77,25,125,46,81,58,129,106,117,66"/><U72/><E72/><V9/><F116/><W55/><G106/><T80/><D115/><U69/><E119/><V48/><F64/><W59/><G117/><T1/><D107/><U112/><E112/><V131/><F104/><W15/><G93/><T4/><D124/><U31/><E31/><V60/><F60/><W88/><G125/><T54/><D120/><U22/><E102/><V82/><F103/><W38/><G132/><T78/><D39/><U7/><E128/><V65/><F65/><W113/><G32/><T127/><D127/><U101/><E101/><V98/><F98/><W96/><G25/><T89/><D62/><U95/><E69/><V3/><F131/><W114/><G66/><T97/><D4/><U44/><E68/><V67/><F67/><W56/><G15/><T105/><D105/><U30/><E30/><V84/><F110/><W108/><G108/><T12/><D20/><U86/><E41/><V91/><F26/><W111/><G111/><T28/><D28/><U126/><E95/><V33/><F27/><W121/><G121/><T35/><D29/><U13/><E126/><V76/><REACH who="2" step="1"/><F33/><REACH who="2" ten="250,302,188,250" step="2"/><W133/><G129/><T17/><REACH who="0" step="1"/><D35/><REACH who="0" ten="240,302,188,250" step="2"/><U53/><REACH who="1" step="1"/><E53/><REACH who="1" ten="240,292,188,250" step="2"/><V19/><F19/><W90/><G55/><T34/><D34/><U6/><E6/><V24/><F24/><AGARI ba="0,3" hai="7,8,13,18,22,24,36,42,44,49,52,57,85,86" machi="24" ten="30,11600,0" yaku="1,1,7,1,52,1,54,1,53,0" doraHai="71" doraHaiUra="74" who="1" fromWho="2" sc="240,0,292,146,188,-116,250,0" /><INIT seed="1,1,0,2,3,62" ten="240,438,72,250" oya="1" hai0="5,120,94,70,24,68,41,131,77,38,55,33,98" hai1="107,89,110,61,96,6,42,9,15,30,84,52,129" hai2="16,76,11,75,124,117,65,53,1,130,4,123,113" hai3="85,14,64,73,45,8,90,22,108,25,105,92,3"/><U80/><E129/><V72/><F117/><W43/><G105/><T121/><D131/><U104/><E110/><V118/><F130/><W54/><G73/><T35/><D5/><U27/><E42/><V17/><F118/><W99/><G3/><T125/><D125/><U74/><E74/><V7/><F123/><N who="0" m="47178" /><D77/><U100/><E104/><V79/><F124/><W88/><G54/><T87/><D87/><U135/><E135/><V101/><F53/><W50/><G108/><T106/><D106/><U127/><E127/><V26/><F26/><W49/><G64/><T39/><D55/><U95/><E107/><V63/><F101/><W69/><G69/><N who="0" m="26731" /><D24/><U18/><E30/><V133/><F133/><W51/><G25/><T0/><D0/><U31/><E31/><V82/><F113/><W111/><G22/><T116/><D116/><U78/><E27/><V57/><REACH who="2" step="1"/><F7/><REACH who="2" ten="240,438,62,250" step="2"/><N who="3" m="3359" /><G111/><T40/><D41/><U86/><E6/><V21/><F21/><W20/><G20/><T119/><D119/><U93/><E52/><V58/><F58/><W36/><G36/><N who="0" m="13867" /><D40/><U115/><E115/><V83/><AGARI ba="1,1" hai="1,4,11,16,17,57,63,65,72,75,76,79,82,83" machi="83" ten="30,8000,1" yaku="1,1,0,1,9,1,52,1,54,1,53,0" doraHai="62" doraHaiUra="114" who="2" fromWho="2" sc="240,-21,438,-41,62,93,250,-21" /><INIT seed="2,0,0,4,5,71" ten="219,397,155,229" oya="2" hai0="111,29,25,58,6,97,81,38,48,106,120,34,41" hai1="51,85,92,53,118,72,43,66,112,135,90,13,108" hai2="11,52,10,96,5,24,77,50,33,132,128,84,36" hai3="89,35,2,103,28,123,75,87,107,40,94,100,19"/><V65/><F65/><W49/><G123/><T95/><D120/><U121/><E72/><V20/><F33/><W27/><G2/><T110/><D106/><U83/><E121/><V61/><F128/><W17/><G75/><T78/><D6/><U31/><E108/><N who="0" m="41513" /><D38/><U46/><E135/><V67/><F132/><W99/><G103/><N who="0" m="60863" /><D58/><U113/><E118/><V0/><F11/><W125/><G125/><T130/><D130/><U44/><E31/><V101/><F36/><W98/><G40/><T39/><D39/><U23/><E66/><V14/><F0/><W76/><G76/><T105/><D105/><U122/><E122/><V109/><F109/><W104/><G104/><T93/><D93/><U70/><E70/><V74/><F74/><W126/><G126/><T131/><D131/><U73/><E73/><V54/><F50/><W45/><G99/><T30/><D30/><U114/><E92/><N who="2" m="58503" /><F84/><W79/><G79/><T21/><D34/><U68/><E68/><V15/><F14/><W55/><AGARI ba="0,0" hai="17,19,27,28,35,45,49,55,87,89,94,98,100,107" machi="55" ten="20,1500,0" yaku="0,1,7,1" doraHai="71" who="3" fromWho="3" sc="219,-4,397,-4,155,-7,229,15" /><INIT seed="3,0,0,0,1,106" ten="215,393,148,244" oya="3" hai0="7,73,52,51,48,118,112,85,10,15,33,24,90" hai1="111,29,65,11,43,109,38,134,91,100,119,25,58" hai2="101,13,127,68,6,95,35,94,63,53,64,80,110" hai3="128,105,98,81,31,9,62,99,77,104,124,40,55"/><W107/><G124/><T59/><D118/><U87/><E119/><V131/><F127/><W2/><G40/><T50/><D112/><U93/><E134/><V79/><F131/><W67/><G31/><T123/><D123/><U56/><E100/><V14/><F110/><N who="1" m="41993" /><E65/><V23/><F35/><W133/><G55/><T57/><D73/><U71/><E71/><V22/><F53/><W49/><G49/><N who="0" m="19051" /><D33/><N who="1" m="20655" /><E11/><V45/><F45/><AGARI ba="0,0" hai="38,43,45,56,58,87,91,93" m="20655,41993" machi="45" ten="30,1000,0" yaku="14,1" doraHai="106" who="1" fromWho="2" sc="215,0,393,10,148,-10,244,0" owari="215,-18.5,403,50.3,138,-36.2,244,4.4" /></mjloggm>