<mjloggm ver="2.3"><GO type="225" lobby="0"/><UN n0="%45%6C%79%73%69%75%6D" n1="%6D%75%75%6D%75%72%61" n2="%E5%80%89%E6%A9%8B%EF%BC%A0%E4%BA%8B%E5%8B%99" n3="%E5%B8%86%E7%AB%8B%E5%A4%8F%E8%A1%A3" dan="18,17,16,17" rate="2160.83,2211.98,2097.04,2191.84" sx="F,F,M,M"/><TAIKYOKU oya="0"/><INIT seed="0,0,0,1,1,97" ten="250,250,250,250" oya="0" hai0="75,135,41,87,33,88,89,35,21,132,125,8,86" hai1="15,54,36,57,32,68,37,60,99,69,12,114,1" hai2="110,105,51,73,72,22,67,103,16,84,91,17,108" hai3="4,63,106,95,116,82,131,77,118,27,74,18,100"/><T43/><D21/><U46/><E1/><V13/><F67/><W83/><G4/><T130/><D8/><U127/><E32/><V101/><F105/><W134/><G134/><T52/><D75/><N who="2" m="28746" /><F51/><W39/><G39/><T104/><D104/><U124/><E114/><V30/><F30/><W64/><G131/><T121/><D52/><U81/><E81/><N who="2" m="49551" /><F17/><W117/><G83/><T20/><D20/><U24/><E24/><V11/><F11/><W126/><G95/><T102/><D102/><U19/><E15/><V98/><F98/><N who="3" m="61719" /><G18/><T29/><D29/><U93/><E68/><V48/><F48/><W47/><G47/><T133/><D133/><U129/><E69/><V50/><F50/><W2/><G27/><T66/><D130/><U111/><E129/><V109/><AGARI ba="0,0" hai="13,16,22,101,103,108,109,110" m="49551,28746" machi="109" ten="40,8000,1" yaku="14,1,52,2,54,1" doraHai="97" who="2" fromWho="2" sc="250,-40,250,-20,250,80,250,-20" /><INIT seed="1,0,0,3,0,12" ten="210,230,330,230" oya="1" hai0="48,107,118,88,100,2,68,77,19,23,55,83,21" hai1="10,11,29,101,102,8,73,128,18,65,6,94,69" hai2="121,93,43,130,42,28,115,16,76,97,9,103,4" hai3="44,86,75,7,123,90,37,66,106,62,33,31,25"/><U81/><E128/><V114/><F121/><W78/><G123/><T51/><D2/><U52/><E29/><V99/><F28/><W14/><G106/><T74/><D68/><U87/><E73/><V0/><F76/><W126/><G126/><T36/><D36/><U3/><E65/><V80/><F80/><W49/><G37/><T64/><D64/><U20/><E69/><V104/><F130/><W122/><G122/><T133/><D118/><U15/><E52/><V57/><F57/><W129/><G78/><T127/><D127/><U70/><E70/><V61/><F61/><W132/><G132/><T112/><D112/><N who="2" m="43050" /><F16/><W109/><G75/><T58/><D133/><U27/><E10/><V98/><F98/><W108/><G129/><T120/><D120/><U47/><E47/><V96/><F96/><W84/><G62/><T125/><D125/><U60/><E60/><V17/><F17/><W24/><G31/><T71/><D71/><U32/><E94/><V111/><F111/><W26/><G33/><T13/><D23/><U82/><E32/><V1/><F0/><W89/><G66/><T113/><D113/><U22/><E22/><V135/><F135/><W124/><G124/><T30/><D30/><U40/><E82/><V116/><F116/><W117/><G117/><T56/><D56/><U134/><E134/><V39/><F39/><W95/><G44/><T41/><D58/><U45/><E81/><V67/><F67/><W63/><G63/><T54/><D74/><U50/><E87/><V53/><F53/><N who="0" m="19978" /><D77/><U59/><E59/><V131/><F131/><RYUUKYOKU ba="0,0" sc="210,-15,230,15,330,15,230,-15" hai1="3,6,8,11,15,18,20,27,40,45,50,101,102" hai2="1,4,9,42,43,93,97,99,103,104" /><INIT seed="1,1,0,1,4,93" ten="195,245,345,215" oya="1" hai0="121,1,14,34,59,83,105,18,64,51,68,36,135" hai1="73,81,50,26,117,69,67,74,118,71,54,107,77" hai2="78,63,19,3,108,2,79,62,86,130,84,111,55" hai3="49,112,46,76,98,97,9,88,6,47,25,58,40"/><U43/><E107/><V119/><F119/><W126/><G126/><T134/><D1/><N who="2" m="10" /><F55/><W20/><G112/><T65/><D36/><U94/><E74/><V70/><F19/><W75/><G75/><T13/><D34/><U85/><E43/><V28/><F28/><W72/><G72/><T22/><D121/><U11/><E11/><V100/><F100/><W15/><G76/><N who="2" m="29225" /><F70/><W96/><G47/><T45/><D68/><U10/><E10/><V44/><F44/><W57/><G88/><T56/><D105/><U102/><E26/><V131/><F84/><W17/><AGARI ba="1,0" hai="6,9,15,17,20,25,40,46,49,57,58,96,97,98" machi="17" ten="30,8000,1" yaku="0,1,8,1,52,3" doraHai="93" who="3" fromWho="3" sc="195,-21,245,-41,345,-21,215,83" /><INIT seed="2,0,0,4,5,101" ten="174,204,324,298" oya="2" hai0="75,74,108,18,13,114,87,84,98,54,81,28,26" hai1="96,12,14,104,6,0,99,131,73,27,134,77,63" hai2="10,48,128,111,88,33,122,109,106,105,8,1,55" hai3="110,5,4,132,90,89,15,45,32,52,102,23,92"/><V7/><F122/><W95/><G110/><N who="2" m="41993" /><F128/><W68/><G68/><T97/><D108/><U25/><E131/><V51/><F33/><W16/><G132/><T2/><D2/><U126/><E134/><V100/><F100/><W61/><G32/><T130/><D130/><U21/><E0/><V66/><F66/><W93/><G102/><T17/><D114/><U49/><E104/><N who="2" m="40043" /><F55/><W35/><G35/><T135/><D135/><U116/><E116/><V78/><F78/><W34/><G34/><T31/><D54/><U42/><E77/><V127/><F127/><W113/><G113/><T123/><D123/><U44/><E126/><V119/><F119/><W133/><G133/><T53/><D53/><U62/><E73/><V64/><F64/><W121/><G121/><T94/><D74/><U124/><E124/><V117/><F117/><W85/><G61/><T22/><D75/><U79/><E79/><V67/><F67/><W37/><G52/><T112/><D112/><U118/><E118/><V56/><F56/><W58/><G58/><T65/><D65/><U38/><E62/><V9/><F88/><W83/><G90/><N who="0" m="53599" /><D98/><U82/><E63/><V59/><F59/><W71/><G71/><T80/><D97/><U107/><E107/><V125/><F125/><W3/><G3/><T115/><D115/><U70/><E70/><V40/><F51/><W36/><G36/><T39/><D39/><U46/><E96/><V91/><F91/><W19/><G37/><T47/><D84/><U20/><E99/><V60/><F60/><W30/><G89/><T41/><D81/><RYUUKYOKU ba="0,0" sc="174,-10,204,-10,324,30,298,-10" hai2="1,7,8,9,10,40,48" /><INIT seed="2,1,0,0,5,95" ten="164,194,354,288" oya="2" hai0="87,92,135,7,83,116,77,93,114,41,54,37,2" hai1="134,107,35,66,14,47,79,104,57,89,10,61,76" hai2="119,108,91,124,71,46,132,8,68,49,44,51,34" hai3="101,29,133,60,19,102,36,27,74,42,130,26,69"/><V15/><F119/><W80/><G130/><T32/><D32/><U21/><E134/><V1/><F1/><W100/><G133/><T56/><D135/><U125/><E35/><V88/><F34/><W115/><G115/><T127/><D114/><U110/><E110/><V113/><F132/><W55/><G36/><T131/><D131/><U17/><E125/><V13/><F113/><W12/><G42/><T94/><D127/><U9/><E47/><V129/><F124/><W97/><G29/><T48/><D116/><U121/><E121/><V24/><F129/><W40/><G40/><T128/><D128/><U117/><E117/><V111/><F24/><W98/><G74/><T53/><D41/><U52/><E66/><V105/><F8/><N who="3" m="6535" /><G80/><T25/><D37/><U67/><E67/><V126/><F126/><W38/><G69/><T6/><D2/><U81/><E89/><V30/><REACH who="2" step="1"/><F105/><REACH who="2" ten="164,194,344,288" step="2"/><W18/><G27/><T16/><REACH who="0" step="1"/><D54/><REACH who="0" ten="154,194,344,288" step="2"/><U99/><E52/><V50/><F50/><W20/><G38/><T82/><D82/><U118/><E81/><V64/><F64/><W103/><N who="3" m="25600" /><DORA hai="63" /><W65/><G65/><T90/><D90/><U70/><E118/><V45/><F45/><W84/><G55/><T78/><D78/><U59/><E79/><V33/><F33/><W96/><G60/><T109/><D109/><U86/><E61/><V62/><F62/><W43/><G43/><T58/><D58/><U85/><E59/><V23/><F23/><AGARI ba="1,2" hai="6,7,16,23,25,48,53,56,77,83,87,92,93,94" machi="23" ten="40,5200,0" yaku="1,1,8,1,54,1,53,0" doraHai="95,63" doraHaiUra="122,112" who="0" fromWho="2" sc="154,75,194,0,344,-55,288,0" /><INIT seed="3,0,0,2,2,24" ten="229,194,289,288" oya="3" hai0="80,112,67,60,1,132,134,33,43,83,50,41,21" hai1="84,63,81,39,17,90,68,48,94,10,125,122,77" hai2="56,108,70,96,8,51,36,99,104,64,38,58,106" hai3="103,69,49,102,113,57,105,62,79,89,12,78,85"/><W82/><G113/><T98/><D112/><U109/><E39/><N who="2" m="14891" /><F8/><W71/><G71/><T52/><D33/><U14/><E122/><V61/><F70/><W118/><G69/><T54/><D1/><U11/><E109/><V46/><F51/><W107/><G118/><T5/><D5/><U117/><E117/><V126/><F61/><W75/><G49/><T6/><D6/><U28/><E125/><V53/><F53/><N who="3" m="34095" /><G107/><N who="2" m="41001" /><F64/><W93/><G105/><T55/><D67/><U111/><E111/><V128/><F108/><W131/><G131/><T124/><D60/><U7/><E48/><V19/><F19/><W115/><G115/><T13/><D50/><U25/><E63/><V72/><F72/><W127/><G127/><T45/><D124/><U47/><E68/><V18/><F18/><W35/><G35/><T100/><D43/><U133/><E133/><V91/><F126/><W114/><G114/><T130/><D132/><U59/><E59/><N who="2" m="22571" /><F91/><N who="3" m="51639" /><G75/><T32/><D134/><U29/><E47/><V23/><F46/><W135/><G135/><T123/><D45/><U27/><E11/><V119/><F119/><W34/><G34/><T120/><D32/><U116/><E116/><V95/><F128/><W92/><G12/><T121/><D130/><U31/><REACH who="1" step="1"/><E17/><REACH who="1" ten="229,184,289,288" step="2"/><V129/><F129/><W2/><G2/><T3/><D3/><U74/><AGARI ba="0,1" hai="7,10,14,25,27,28,29,31,74,77,81,84,90,94" machi="74" ten="30,12000,2" yaku="1,1,2,1,0,1,52,3,53,1" doraHai="24" doraHaiUra="4" who="1" fromWho="1" sc="229,-30,184,130,289,-30,288,-60" owari="199,-30.1,314,41.4,259,5.9,228,-17.2" /></mjloggm>