<mjloggm ver="2.3"><GO type="225" lobby="0"/><UN n0="%6D%75%75%6D%75%72%61" n1="%28%EF%BF%A3%E2%96%BD%EF%BF%A3%29%CE%B4%E2%8C%92%E3%83%BB" n2="%E3%81%B2%E3%81%AA%E3%81%AE%E3%82%8A%E3%81%8F" n3="%4B%2E%32%2E%4B%2E" dan="16,16,17,17" rate="2078.49,2121.45,2234.25,2159.54" sx="F,M,M,M"/><TAIKYOKU oya="0"/><INIT seed="0,0,0,3,3,41" ten="250,250,250,250" oya="0" hai0="70,111,5,33,102,65,55,8,51,99,123,133,85" hai1="63,124,36,92,69,21,18,118,43,44,107,83,24" hai2="134,71,13,96,98,127,108,88,87,97,62,12,46" hai3="95,19,113,104,116,42,130,17,38,86,35,23,25"/><T78/><D123/><U112/><E107/><V110/><F134/><W94/><G104/><T89/><D133/><U22/><E118/><V115/><F115/><W4/><G116/><T1/><D33/><U53/><E112/><V54/><F127/><W79/><G113/><T126/><D126/><U6/><E124/><V82/><F71/><W59/><G35/><T37/><D37/><U52/><E6/><V47/><F62/><W60/><G4/><T32/><D32/><U28/><E92/><V2/><F2/><W128/><G79/><T129/><D78/><U75/><E83/><V132/><F132/><W76/><G17/><T117/><D129/><N who="3" m="49769" /><G42/><T45/><D117/><U64/><REACH who="1" step="1"/><E75/><REACH who="1" ten="250,240,250,250" step="2"/><V120/><F120/><W56/><G95/><T11/><D5/><U106/><E106/><V3/><F3/><W29/><G94/><T9/><D1/><U30/><E30/><V100/><F100/><W103/><G29/><T48/><D102/><U16/><E16/><V26/><F26/><AGARI ba="0,1" hai="18,21,22,24,26,28,36,43,44,52,53,63,64,69" machi="26" ten="30,8000,1" yaku="1,1,7,1,52,1,54,1,53,1" doraHai="41" doraHaiUra="15" who="1" fromWho="2" sc="250,0,240,90,250,-80,250,0" /><INIT seed="1,0,0,0,2,99" ten="250,330,170,250" oya="1" hai0="91,4,97,27,80,45,125,14,73,88,9,61,44" hai1="31,24,12,115,49,62,26,32,85,112,126,79,69" hai2="2,0,71,1,39,43,70,83,54,89,105,42,67" hai3="93,34,72,22,131,111,53,10,57,121,74,123,51"/><U117/><E117/><V50/><F105/><W127/><G34/><T86/><D125/><U25/><E126/><V7/><F7/><W46/><G127/><T23/><D73/><U106/><E106/><V113/><F113/><W29/><G111/><T109/><D109/><U15/><E32/><V132/><F132/><W78/><G131/><T64/><D91/><U96/><E31/><V6/><F6/><W118/><G118/><T128/><D97/><U110/><E110/><V107/><F107/><W52/><G10/><T130/><D130/><U82/><E96/><V55/><F39/><W60/><G93/><T124/><D124/><U90/><E79/><V84/><F67/><W76/><G76/><T77/><D77/><U37/><E37/><V35/><F35/><W135/><G135/><T21/><D21/><U81/><E81/><V11/><F11/><W65/><G65/><T94/><D80/><U3/><E3/><V116/><F116/><W48/><G60/><T41/><D41/><U20/><E62/><V47/><REACH who="2" step="1"/><F43/><REACH who="2" ten="250,330,160,250" step="2"/><W38/><G38/><T104/><D104/><U28/><E112/><V114/><F114/><W122/><G122/><T5/><D4/><U102/><E115/><V56/><F56/><W40/><G123/><T75/><D128/><U58/><E58/><V63/><F63/><W133/><G133/><T129/><D129/><U30/><E20/><V19/><F19/><W68/><G121/><T18/><D75/><N who="3" m="28713" /><G40/><T98/><D86/><U87/><E85/><V101/><F101/><W66/><G57/><AGARI ba="0,1" hai="5,9,14,18,23,27,44,45,57,61,64,88,94,98" machi="57" ten="30,3900,0" yaku="7,1,8,1,54,1" doraHai="99" who="0" fromWho="3" sc="250,49,330,0,160,0,250,-39" /><INIT seed="2,0,0,5,3,36" ten="299,330,160,211" oya="2" hai0="132,35,25,88,17,127,82,105,67,32,80,46,68" hai1="81,2,117,45,128,104,54,106,47,58,122,121,110" hai2="113,120,129,21,57,26,103,55,50,93,31,44,0" hai3="52,133,116,19,60,10,95,43,42,71,33,24,7"/><V9/><F113/><W83/><G116/><T114/><D114/><U76/><E2/><V86/><F120/><N who="1" m="46185" /><E128/><V64/><F129/><W96/><G133/><T94/><D105/><N who="1" m="40555" /><E110/><V27/><F27/><W101/><G83/><T85/><D25/><U72/><E117/><V22/><F22/><N who="3" m="13407" /><G33/><T108/><D80/><U23/><E23/><V119/><F119/><W74/><G71/><T134/><D68/><U100/><E100/><V125/><F125/><W98/><G74/><T34/><D127/><U111/><E111/><V41/><F64/><W66/><G98/><T6/><D67/><U135/><E135/><V91/><F103/><W115/><G66/><T48/><D108/><U8/><E8/><V69/><F69/><W102/><G101/><T40/><D34/><U77/><E77/><V30/><F0/><W59/><G115/><T11/><D35/><U78/><E78/><V75/><F75/><W131/><G131/><T63/><D32/><U14/><E14/><AGARI ba="0,0" hai="7,10,14,42,43,52,59,60,95,96,102" m="13407" machi="14" ten="30,7700,0" yaku="8,1,52,2,54,1" doraHai="36" who="3" fromWho="1" sc="299,0,330,-77,160,0,211,77" /><INIT seed="3,0,0,2,5,38" ten="299,253,160,288" oya="3" hai0="37,119,14,8,133,91,56,87,11,83,57,124,106" hai1="103,36,110,93,58,1,122,31,22,116,109,61,48" hai2="51,123,72,65,111,69,4,104,113,97,9,131,75" hai3="121,135,19,59,33,25,118,63,26,28,82,49,40"/><W35/><G118/><T73/><D119/><U70/><E36/><V98/><F113/><W15/><G121/><T6/><D37/><U29/><E1/><V99/><F123/><W105/><G105/><T107/><D73/><U74/><E74/><V18/><F104/><W23/><G135/><T45/><D133/><U92/><E122/><V24/><F111/><N who="1" m="42505" /><E70/><V27/><F131/><W55/><G82/><T13/><D107/><U134/><E134/><V71/><F72/><W46/><G25/><T94/><D106/><U96/><E116/><V41/><F75/><W125/><G125/><T42/><D124/><U60/><E93/><V12/><F65/><W80/><G80/><T95/><D95/><U64/><E61/><V128/><F128/><W34/><AGARI ba="0,0" hai="15,19,23,26,28,33,34,35,40,46,49,55,59,63" machi="34" ten="20,3900,0" yaku="0,1,7,1,52,1" doraHai="38" who="3" fromWho="3" sc="299,-13,253,-13,160,-13,288,39" owari="286,8.6,240,-16.0,147,-35.3,327,42.7" /></mjloggm>