<mjloggm ver="2.3"><GO type="225" lobby="0"/><UN n0="%E5%80%89%E6%A9%8B%EF%BC%A0%E4%BA%8B%E5%8B%99" n1="%E6%A0%B9%E5%85%83%E3%81%8B%E3%82%89%E5%90%B9%E3%81%A3%E9%A3%9B%E3%81%B6" n2="%E3%81%A1%E3%82%85%E3%81%86%E3%81%A9%E3%81%8F%E8%B1%A1%E3%81%95%E3%82%93" n3="%E3%81%BE%E3%81%A8%E3%81%9F" dan="16,16,17,16" rate="2114.12,2155.54,2179.97,2146.51" sx="M,F,M,M"/><TAIKYOKU oya="0"/><INIT seed="0,0,0,5,1,32" ten="250,250,250,250" oya="0" hai0="12,77,117,23,52,112,82,92,116,73,114,6,20" hai1="67,101,43,38,39,134,53,121,40,76,70,81,57" hai2="1,31,108,132,54,110,4,72,100,89,35,64,102" hai3="84,80,104,95,113,131,135,62,2,68,55,94,74"/><T96/><D6/><U9/><E121/><V125/><F72/><W16/><G113/><T56/><D114/><U65/><E101/><N who="2" m="39019" /><F64/><N who="1" m="24649" /><E9/><N who="2" m="2191" /><F132/><W75/><G131/><T105/><D105/><U122/><E81/><V130/><F89/><W45/><G2/><T15/><D112/><U61/><E76/><V36/><F36/><N who="1" m="13865" /><E122/><V50/><F125/><W85/><G104/><T93/><D12/><U28/><E28/><V115/><F130/><W109/><G109/><N who="2" m="42089" /><F115/><W7/><G75/><T30/><D73/><U58/><E134/><V91/><F91/><W79/><G74/><T29/><D30/><U51/><E70/><V78/><F78/><W99/><G68/><T21/><D29/><U87/><E87/><V59/><F31/><W47/><G85/><T106/><D106/><U111/><E111/><V13/><F13/><W90/><G135/><T14/><D77/><U98/><E98/><V19/><F19/><W107/><G99/><T10/><D96/><U120/><E120/><V69/><F69/><W88/><G16/><N who="0" m="8279" /><D15/><U37/><N who="1" m="13873" /><U18/><DORA hai="5" /><E18/><V133/><F133/><W126/><G7/><T83/><D116/><U41/><E58/><V97/><F97/><W11/><G79/><T129/><D117/><U123/><E123/><V48/><F35/><W71/><G71/><T46/><D129/><U86/><E86/><V8/><F8/><W24/><G11/><T44/><D83/><U63/><AGARI ba="0,0" hai="40,41,43,51,53,57,61,63" m="13873,24649" machi="63" ten="50,8000,1" yaku="35,5" doraHai="32,5" who="1" fromWho="1" sc="250,-40,250,80,250,-20,250,-20" /><INIT seed="1,0,0,5,2,8" ten="210,330,230,230" oya="1" hai0="76,121,31,114,7,97,119,69,62,87,90,78,0" hai1="125,16,6,108,10,101,134,131,33,89,40,103,66" hai2="128,11,109,43,81,79,112,72,77,27,132,4,110" hai3="24,58,130,85,61,52,116,84,30,111,95,56,37"/><U59/><E125/><V75/><F128/><W80/><G111/><N who="2" m="42505" /><F132/><W106/><G106/><T26/><D114/><U13/><E134/><V93/><F112/><W39/><G130/><T129/><D119/><U20/><E131/><V25/><F43/><W42/><G116/><T91/><D129/><U123/><E123/><V51/><F51/><W102/><G42/><T135/><D135/><U18/><E33/><V107/><F107/><W104/><G104/><T74/><D121/><U3/><E108/><V29/><F93/><W113/><G113/><T100/><D74/><U73/><E73/><V36/><F36/><W2/><G2/><T70/><D0/><U34/><E40/><V98/><F98/><W96/><G58/><T64/><D69/><U65/><E34/><V46/><F46/><W22/><REACH who="3" step="1"/><G84/><REACH who="3" ten="210,330,230,220" step="2"/><T50/><D87/><U45/><E3/><N who="2" m="415" /><F29/><W67/><G67/><T53/><D64/><U44/><E66/><V38/><F38/><W23/><G23/><T122/><D31/><U105/><E20/><V35/><F35/><W92/><G92/><T54/><D70/><U115/><E115/><V1/><F1/><W48/><G48/><T32/><D50/><U82/><E105/><V71/><F71/><W86/><G86/><T17/><D32/><U118/><E118/><V57/><F57/><W5/><G5/><T60/><D7/><U15/><E6/><V120/><F120/><W19/><G19/><T41/><D17/><U47/><E59/><V99/><F99/><W55/><G55/><T9/><D122/><U88/><E65/><V12/><F75/><RYUUKYOKU ba="0,1" sc="210,-10,330,-10,230,-10,220,30" hai3="22,24,30,37,39,52,56,61,80,85,95,96,102" /><INIT seed="2,1,1,3,2,108" ten="200,320,220,250" oya="2" hai0="128,18,33,133,5,42,129,104,75,52,105,28,20" hai1="4,115,83,135,73,95,61,58,48,35,45,25,74" hai2="134,109,100,130,102,132,117,63,39,70,31,126,103" hai3="123,10,60,37,71,124,29,38,118,79,65,44,53"/><V76/><F117/><W34/><G118/><T111/><D75/><U93/><E115/><V85/><F126/><W120/><G124/><T90/><D42/><U121/><E121/><V106/><F39/><W110/><G110/><T15/><D111/><U107/><E107/><V125/><F109/><W17/><G79/><T101/><D133/><N who="2" m="51306" /><F125/><W92/><G29/><T80/><D5/><U66/><E4/><V1/><F1/><W67/><G34/><T99/><D104/><U13/><E135/><V46/><F130/><W7/><G38/><T9/><D33/><U0/><E0/><V84/><F31/><W131/><G65/><T22/><D28/><U26/><E73/><V41/><F106/><W27/><G131/><N who="0" m="50251" /><D52/><N who="1" m="29711" /><E74/><V14/><F14/><W116/><G116/><T36/><D36/><U19/><E83/><N who="2" m="47207" /><F85/><AGARI ba="1,1" hai="9,15,18,20,22,80,85,90,99,101,105" m="50251" machi="85" ten="30,1000,0" yaku="19,1" doraHai="108" who="0" fromWho="2" sc="200,23,320,0,220,-13,250,0" /><INIT seed="3,0,0,0,0,110" ten="223,320,207,250" oya="3" hai0="125,133,65,35,52,28,102,20,4,0,21,47,40" hai1="23,30,91,134,90,27,54,43,44,88,36,115,109" hai2="76,49,53,46,80,112,24,93,13,126,103,57,105" hai3="32,107,83,16,96,17,60,106,14,98,119,38,122"/><W61/><G38/><T111/><D65/><U132/><E115/><V123/><F123/><W10/><G32/><T85/><D111/><U25/><E109/><V79/><F105/><W101/><G119/><T41/><D125/><U78/><E78/><V33/><F126/><W3/><G3/><T68/><D68/><U116/><E116/><V86/><F112/><W58/><G83/><T56/><D133/><N who="1" m="51307" /><E54/><V55/><F13/><W18/><G60/><T94/><D35/><N who="1" m="20943" /><E91/><V50/><F33/><W51/><G51/><T118/><D118/><U71/><E71/><V7/><F7/><W45/><G45/><T39/><D41/><U73/><E73/><V135/><F135/><W59/><G59/><T48/><D4/><U130/><E130/><V6/><F6/><W95/><G122/><T67/><D67/><U26/><E26/><V77/><REACH who="2" step="1"/><F24/><REACH who="2" ten="223,320,197,250" step="2"/><W81/><G107/><T128/><D0/><U113/><E113/><V8/><F8/><W84/><G10/><T117/><D117/><U66/><E27/><V87/><F87/><W82/><G84/><T75/><D75/><U74/><E23/><V69/><F69/><W92/><G14/><T15/><D128/><U124/><E74/><V9/><F9/><W34/><G106/><T63/><D85/><U11/><E11/><V120/><F120/><W29/><G34/><T22/><D15/><U19/><E124/><V5/><F5/><W121/><G121/><T99/><REACH who="0" step="1"/><D28/><REACH who="0" ten="213,320,197,250" step="2"/><U31/><E31/><V127/><F127/><W62/><G29/><T131/><D131/><U12/><E12/><V2/><F2/><RYUUKYOKU ba="0,2" sc="213,15,320,-15,197,15,250,-15" hai0="20,21,22,39,40,47,48,52,56,63,94,99,102" hai2="46,49,50,53,55,57,76,77,79,80,86,93,103" owari="228,-17.2,325,42.5,212,-28.8,235,3.5" /></mjloggm>