<mjloggm ver="2.3"><GO type="225" lobby="0"/><UN n0="%77%72%77%72%77%72%77%72" n1="%E5%B0%8F%E9%B3%A5%E9%81%8A%E7%B7%B4%E7%84%A1%32%31%E6%AD%B3" n2="%E3%83%B4%E3%82%A3%E3%83%AF%E3%82%B3%E3%82%B0%E3%83%8B" n3="%E3%81%A9%E3%82%8F%E3%82%93%E3%81%94" dan="16,16,16,16" rate="2170.25,2174.19,2155.85,2068.41" sx="M,F,M,M"/><TAIKYOKU oya="0"/><INIT seed="0,0,0,3,0,111" ten="250,250,250,250" oya="0" hai0="132,78,19,103,47,94,15,121,131,41,27,16,2" hai1="87,73,112,37,45,118,75,61,124,35,29,46,99" hai2="120,70,65,114,83,33,93,59,20,115,76,109,54" hai3="26,100,71,102,69,134,8,0,17,107,86,32,30"/><T98/><D121/><U57/><E118/><V58/><F120/><W68/><G134/><T90/><D2/><U5/><E5/><V9/><F33/><W85/><G107/><T74/><D132/><U108/><E108/><V82/><F109/><W130/><G130/><T53/><D131/><U110/><E110/><V28/><F70/><W56/><G56/><T117/><D117/><U21/><E87/><V66/><F93/><W51/><G51/><T119/><D119/><U50/><E35/><V55/><F20/><W72/><G72/><T6/><D53/><U48/><E37/><V18/><F18/><W31/><G31/><T3/><D27/><U79/><E29/><V126/><F28/><W92/><G86/><T127/><D127/><U77/><E99/><V63/><F76/><W88/><REACH who="3" step="1"/><G17/><REACH who="3" ten="250,250,250,240" step="2"/><T116/><D116/><U44/><E73/><V40/><F63/><W42/><G42/><T97/><D41/><U129/><E75/><V24/><F40/><W122/><G122/><T34/><D74/><U133/><E129/><V60/><F60/><W128/><G128/><T1/><D19/><U123/><E61/><V25/><REACH who="2" step="1"/><F126/><REACH who="2" ten="250,250,240,240" step="2"/><W39/><G39/><T12/><D78/><U104/><E77/><V125/><F125/><W7/><AGARI ba="0,2" hai="0,7,8,26,30,32,68,69,71,85,88,92,100,102" machi="7" ten="40,12000,2" yaku="1,1,0,1,54,1,53,3" doraHai="111" doraHaiUra="67" who="3" fromWho="3" sc="250,-60,250,-30,240,-30,240,140" /><INIT seed="1,0,0,5,1,92" ten="190,220,210,380" oya="1" hai0="49,51,25,82,1,56,31,103,113,90,73,54,106" hai1="27,64,122,47,85,59,16,15,30,132,28,80,24" hai2="94,38,115,88,44,99,79,105,13,7,69,58,89" hai3="40,134,41,135,100,121,46,26,23,33,83,93,21"/><U108/><E122/><V101/><F69/><W37/><G121/><T130/><D113/><U52/><E132/><N who="3" m="50730" /><G41/><T14/><D1/><U10/><E64/><V91/><F115/><W22/><G83/><T87/><D130/><U62/><E108/><V118/><F118/><W2/><G2/><T109/><D109/><U34/><E47/><V123/><F123/><W97/><G33/><T110/><D110/><U18/><E18/><AGARI ba="0,0" hai="18,21,22,23,26,37,40,46,93,97,100" m="50730" machi="18" ten="30,2000,0" yaku="20,1,52,1" doraHai="92" who="3" fromWho="1" sc="190,0,220,-20,210,0,380,20" /><INIT seed="2,0,0,5,2,22" ten="190,200,210,400" oya="2" hai0="26,13,123,71,3,1,6,84,130,23,4,30,32" hai1="20,114,27,113,52,56,33,120,7,19,82,78,69" hai2="68,81,55,31,109,29,14,118,0,44,28,115,61" hai3="2,58,43,105,35,48,76,60,17,53,126,99,54"/><V116/><F115/><W25/><G2/><N who="0" m="523" /><D71/><U11/><E69/><V103/><F0/><W40/><G126/><T85/><D85/><U9/><E33/><V46/><F103/><W100/><G76/><T98/><D84/><U41/><E41/><V79/><F14/><W18/><G18/><N who="0" m="10703" /><D98/><U132/><E132/><V62/><F109/><W51/><G60/><T15/><D130/><U91/><E91/><V96/><F96/><W111/><G111/><T45/><D45/><U87/><E120/><V75/><F61/><W102/><G35/><T88/><D88/><U104/><E104/><V57/><REACH who="2" step="1"/><F68/><REACH who="2" ten="190,200,200,400" step="2"/><W110/><G110/><T65/><D65/><U73/><E114/><V24/><F24/><W112/><G112/><T119/><D123/><U90/><E113/><V10/><F10/><W72/><G99/><T134/><D134/><U92/><E7/><N who="0" m="2601" /><D15/><U86/><E73/><V124/><F124/><W89/><G72/><T8/><D8/><U135/><E135/><V47/><AGARI ba="0,1" hai="28,29,31,44,46,47,55,57,62,75,79,81,116,118" machi="47" ten="30,3000,0" yaku="1,1,0,1,53,0" doraHai="22" doraHaiUra="12" who="2" fromWho="2" sc="190,-10,200,-10,200,40,400,-10" /><INIT seed="2,1,0,2,2,127" ten="180,190,240,390" oya="2" hai0="62,97,7,99,28,61,52,30,20,126,133,100,59" hai1="18,89,81,113,78,42,66,12,86,58,82,22,19" hai2="85,47,79,102,44,15,36,92,114,125,70,119,67" hai3="31,129,83,2,3,73,105,55,90,112,57,39,17"/><V60/><F119/><W122/><G105/><T88/><D126/><U116/><E113/><V46/><F125/><W121/><G39/><T91/><D133/><U56/><E42/><V80/><F114/><W35/><G112/><T11/><D61/><U68/><E116/><V115/><F115/><W77/><G35/><T84/><D91/><U53/><E68/><V16/><F92/><W10/><G31/><N who="0" m="11819" /><D20/><U75/><E66/><V109/><F102/><W124/><G90/><T32/><D32/><U13/><E53/><V33/><F33/><W123/><G124/><T43/><D43/><U21/><AGARI ba="1,0" hai="12,13,18,19,21,22,56,58,75,78,81,82,86,89" machi="21" ten="20,2700,0" yaku="0,1,7,1,9,1" doraHai="127" who="1" fromWho="1" sc="180,-8,190,30,240,-14,390,-8" /><INIT seed="3,0,0,0,0,70" ten="172,220,226,382" oya="3" hai0="119,29,86,3,31,19,52,78,123,1,25,111,129" hai1="108,30,49,74,33,35,121,36,85,23,125,16,110" hai2="28,12,64,63,47,40,58,76,43,93,57,6,84" hai3="133,41,20,5,62,61,134,79,44,107,24,18,56"/><W102/><G107/><T59/><D119/><U60/><E121/><V42/><F28/><W81/><G102/><T15/><D123/><U124/><E74/><V127/><F127/><N who="1" m="48713" /><E36/><V98/><F58/><W90/><G90/><T45/><D111/><N who="1" m="42539" /><E30/><V88/><F6/><W112/><G112/><T71/><D129/><U54/><E60/><V2/><F2/><W99/><G99/><T128/><D128/><U91/><E54/><V131/><F12/><W53/><G5/><T106/><D106/><U117/><E49/><N who="2" m="26855" /><F131/><W77/><G62/><T126/><D126/><U66/><E66/><V69/><F69/><W104/><G104/><T55/><D71/><U103/><E103/><N who="2" m="60879" /><F76/><W10/><G10/><T75/><D75/><U37/><E37/><V105/><F105/><W0/><G0/><T97/><D97/><U17/><E17/><V14/><F14/><W132/><G81/><AGARI ba="0,0" hai="42,43,57,63,64,81,84,88" m="60879,26855" machi="81" ten="30,2000,0" yaku="8,1,54,1" doraHai="70" who="2" fromWho="3" sc="172,0,220,0,226,20,382,-20" owari="172,-32.8,220,-18.0,246,4.6,362,46.2" /></mjloggm>