<mjloggm ver="2.3"><GO type="225" lobby="0"/><UN n0="%E3%81%AA%E3%82%81%E3%81%93%E9%9B%80%E5%A3%AB" n1="%6D%61%74%69%67%75%73%61" n2="%E4%BA%BA%E9%96%93%E3%83%81%E3%83%A3%E3%83%BC%E3%83%8F%E3%83%B3" n3="%E3%83%89%E3%83%A9%E3%81%8F%E3%82%8C" dan="16,17,16,17" rate="2074.32,2160.82,2091.91,2233.54" sx="M,M,M,M"/><TAIKYOKU oya="0"/><INIT seed="0,0,0,5,3,135" ten="250,250,250,250" oya="0" hai0="38,74,77,98,42,110,10,18,53,87,5,79,85" hai1="50,41,4,23,116,17,3,9,80,43,111,63,12" hai2="35,29,19,102,52,31,125,105,68,121,55,28,131" hai3="90,25,0,11,71,51,106,64,45,83,89,8,101"/><T57/><D74/><U1/><E116/><V119/><F121/><W54/><G71/><T59/><D110/><U49/><E111/><V44/><F35/><W115/><G115/><T72/><D18/><U103/><E103/><V97/><F68/><W75/><G64/><T109/><D98/><U66/><E1/><V6/><F131/><W132/><G132/><T61/><D59/><U81/><E49/><V124/><F119/><W62/><G62/><T127/><D79/><U65/><E65/><V113/><F113/><W46/><G106/><T133/><D133/><U122/><E122/><V114/><F114/><W117/><G101/><T14/><D109/><U26/><E3/><V40/><F19/><W16/><G117/><T130/><D130/><U70/><REACH who="1" step="1"/><E50/><REACH who="1" ten="250,240,250,250" step="2"/><N who="2" m="26887" /><F6/><W20/><G0/><T47/><D5/><U107/><E107/><V21/><F21/><W126/><G51/><T96/><D10/><U108/><E108/><V88/><F88/><W120/><G90/><T76/><D76/><U37/><E37/><V32/><F32/><W99/><G89/><T86/><D77/><U34/><E34/><V82/><F82/><AGARI ba="0,1" hai="4,9,12,17,23,26,41,43,63,66,70,80,81,82" machi="82" ten="40,1300,0" yaku="1,1,53,0" doraHai="135" doraHaiUra="94" who="1" fromWho="2" sc="250,0,240,23,250,-13,250,0" /><INIT seed="1,0,0,3,5,60" ten="250,263,237,250" oya="1" hai0="77,6,28,134,65,27,1,129,41,31,18,51,9" hai1="127,82,118,49,109,17,48,64,52,115,42,79,40" hai2="0,117,130,10,69,92,133,78,13,72,25,24,59" hai3="46,98,33,32,55,119,44,29,16,47,83,61,62"/><U88/><E115/><V35/><F117/><W2/><G119/><T4/><D134/><U84/><E118/><V93/><F69/><W37/><G2/><T132/><D132/><U26/><E127/><V95/><F133/><W45/><G83/><T36/><D51/><U85/><E109/><V101/><F0/><W5/><G5/><T67/><D6/><U131/><E131/><V19/><F130/><W39/><G98/><T20/><D129/><U56/><E49/><V53/><F101/><W97/><G97/><T50/><D50/><U110/><E64/><V114/><F114/><W43/><G29/><T105/><D105/><U135/><E110/><V70/><F70/><W113/><G113/><T112/><D31/><U111/><E111/><V106/><F106/><W104/><G104/><T128/><D128/><U91/><E135/><V87/><F72/><W123/><G123/><T7/><D7/><U68/><E68/><V75/><F75/><W116/><G116/><T80/><D28/><U12/><E26/><N who="2" m="10347" /><F35/><W21/><G39/><T15/><D27/><U108/><E108/><V96/><F96/><W103/><G103/><T107/><D107/><U34/><E34/><V94/><F94/><W57/><REACH who="3" step="1"/><G62/><REACH who="3" ten="250,263,237,240" step="2"/><T125/><D112/><U73/><E73/><V58/><F78/><W124/><G124/><T3/><D125/><U122/><E122/><V121/><F121/><W30/><G30/><T102/><D102/><U23/><E79/><V90/><F53/><W66/><G66/><T100/><D100/><U8/><E8/><V81/><AGARI ba="0,1" hai="10,13,19,58,59,81,87,90,92,93,95" m="10347" machi="81" ten="30,1100,0" yaku="8,1" doraHai="60" who="2" fromWho="2" sc="250,-3,263,-5,237,21,240,-3" /><INIT seed="2,0,0,4,2,36" ten="247,258,258,237" oya="2" hai0="121,129,7,66,103,60,108,102,113,118,132,37,63" hai1="69,109,18,101,4,119,83,17,131,38,134,47,117" hai2="62,57,79,104,44,3,90,34,21,99,81,127,56" hai3="123,110,54,133,53,112,70,125,1,29,10,50,9"/><V135/><F34/><W31/><G123/><T26/><D113/><U94/><E69/><V15/><F3/><W13/><G70/><T84/><D121/><U20/><E83/><V107/><F127/><W120/><G120/><T23/><D108/><U91/><E101/><V68/><F135/><W114/><G133/><T35/><D35/><U39/><E4/><V82/><F68/><W43/><G110/><T80/><D37/><U96/><E131/><V78/><F44/><N who="3" m="25887" /><G125/><T105/><D105/><U16/><E109/><V30/><F90/><W100/><G100/><T130/><D7/><U0/><E0/><V12/><F21/><W93/><G93/><T65/><D118/><U111/><E111/><V14/><F99/><W89/><G89/><N who="0" m="51335" /><D132/><U32/><E32/><V59/><F30/><N who="3" m="11275" /><G1/><T46/><D103/><U128/><E134/><V33/><F62/><N who="0" m="23594" /><D102/><U75/><E75/><V71/><F71/><W92/><G92/><T124/><D124/><U106/><E128/><N who="0" m="49257" /><D46/><U97/><E47/><V49/><F33/><W8/><G13/><T72/><D72/><U98/><E106/><N who="2" m="40491" /><F49/><W95/><G95/><T88/><D88/><U52/><E119/><V74/><F74/><W58/><G58/><T55/><D23/><U85/><E117/><V48/><F48/><W27/><G27/><T61/><D26/><U24/><E38/><V45/><F45/><W5/><G5/><T2/><D2/><U22/><E39/><V41/><F41/><W122/><G122/><T86/><D86/><U67/><E22/><V73/><F73/><W76/><G76/><AGARI ba="0,0" hai="12,14,15,56,57,59,76,78,79,81,82" m="40491" machi="76" ten="40,3900,0" yaku="28,2" doraHai="36" who="2" fromWho="3" sc="247,0,258,0,258,39,237,-39" /><INIT seed="2,1,0,3,3,112" ten="247,258,297,198" oya="2" hai0="68,76,54,12,57,77,110,22,117,135,21,11,123" hai1="35,6,26,63,43,132,16,1,67,14,84,34,88" hai2="70,58,105,9,114,80,61,113,71,96,66,46,106" hai3="93,82,0,42,87,94,56,3,134,125,72,23,116"/><V30/><F30/><W78/><G134/><T121/><D68/><U75/><E75/><V128/><F128/><W122/><G122/><T120/><D135/><U86/><E132/><V98/><F9/><W37/><G125/><T50/><D110/><U59/><E1/><V133/><F133/><W127/><G127/><T62/><D62/><U19/><E84/><V45/><F80/><W41/><G56/><T102/><D102/><U118/><E118/><V48/><F48/><W74/><G23/><T2/><D2/><U79/><E79/><V124/><F124/><W111/><G111/><T5/><D117/><U15/><E43/><V36/><F58/><W100/><G100/><T55/><D77/><U101/><E6/><V129/><F61/><W85/><G78/><T103/><D103/><U40/><E40/><V109/><F109/><W107/><G82/><T25/><D76/><U60/><E101/><V131/><REACH who="2" step="1"/><F36/><REACH who="2" ten="247,258,287,198" step="2"/><W81/><G81/><T7/><D57/><U4/><E60/><V53/><F53/><W51/><G51/><T38/><D38/><U28/><E59/><V17/><F17/><W24/><G37/><T73/><D54/><U13/><E63/><V83/><F83/><W95/><G95/><T65/><D55/><U10/><E67/><AGARI ba="1,1" hai="45,46,66,67,70,71,96,98,105,106,113,114,129,131" machi="67" ten="25,4800,0" yaku="1,1,22,2,53,0" doraHai="112" doraHaiUra="20" who="2" fromWho="1" sc="247,0,258,-51,287,61,198,0" /><INIT seed="2,2,0,3,1,50" ten="247,207,348,198" oya="2" hai0="77,43,62,131,22,9,34,125,52,38,133,8,91" hai1="92,68,122,73,74,33,127,116,45,110,42,90,58" hai2="10,86,64,72,0,130,103,20,71,51,117,128,94" hai3="44,63,67,134,98,61,18,24,32,13,109,70,46"/><V31/><F117/><W135/><G109/><T49/><D34/><U121/><E68/><V4/><F72/><W53/><G98/><T83/><D131/><N who="2" m="50218" /><F51/><N who="3" m="28903" /><G24/><T96/><D133/><N who="3" m="50697" /><G32/><T84/><D125/><U107/><E33/><V36/><F86/><W132/><N who="3" m="50705" /><W114/><DORA hai="29" /><G46/><N who="0" m="25823" /><D38/><U57/><E107/><V1/><F36/><W60/><G114/><T23/><D77/><U120/><E116/><V14/><F103/><W101/><G101/><T112/><D96/><N who="1" m="57367" /><E110/><V89/><F31/><W55/><G55/><T100/><D100/><U6/><E127/><V19/><F1/><W21/><AGARI ba="2,0" hai="13,18,21,60,61,63,67,70" m="50705,28903" machi="21" ten="40,2700,0" yaku="20,1,52,1" doraHai="50,29" who="3" fromWho="3" sc="247,-9,207,-9,348,-15,198,33" /><INIT seed="3,0,0,5,1,43" ten="238,198,333,231" oya="3" hai0="84,106,30,118,37,28,12,44,27,131,85,7,6" hai1="55,98,31,134,90,126,92,46,32,42,83,38,64" hai2="65,88,1,125,78,77,22,24,116,110,26,108,56" hai3="119,14,87,86,120,103,36,68,16,95,5,109,97"/><W74/><G120/><T0/><D0/><U71/><E134/><V29/><F116/><W57/><G119/><T99/><D118/><U104/><E126/><V76/><F1/><W81/><G68/><T73/><D73/><U127/><E127/><V41/><F125/><W123/><G123/><T124/><D30/><U10/><E104/><V129/><F129/><W69/><G69/><T114/><D131/><U93/><E83/><V133/><F133/><W49/><G36/><T58/><D58/><U67/><E71/><V105/><F105/><W89/><G109/><N who="2" m="42089" /><F41/><W130/><G130/><T50/><D37/><U39/><E39/><V62/><F88/><N who="3" m="51279" /><G74/><T79/><D114/><U53/><E10/><V111/><N who="2" m="42097" /><V25/><AGARI ba="0,0" hai="22,24,25,26,29,56,62,65,76,77,78" m="42097" machi="25" ten="50,3200,0" yaku="4,1,14,1" doraHai="43" who="2" fromWho="2" sc="238,-8,198,-8,333,32,231,-16" owari="230,3.0,190,-31.0,365,46.5,215,-18.5" /></mjloggm>