<mjloggm ver="2.3"><GO type="225" lobby="0"/><UN n0="%E3%83%92%E3%82%B3" n1="%33%74%72%65%65" n2="%6D%75%75%6D%75%72%61" n3="%E3%81%A1%E3%82%85%E3%81%86%E3%81%A9%E3%81%8F%E8%B1%A1%E3%81%95%E3%82%93" dan="16,17,17,17" rate="2112.01,2195.52,2208.62,2195.74" sx="M,F,F,M"/><TAIKYOKU oya="0"/><INIT seed="0,0,0,3,2,18" ten="250,250,250,250" oya="0" hai0="2,115,113,103,107,123,73,37,15,118,85,108,6" hai1="61,40,17,7,13,116,12,1,19,51,67,76,90" hai2="106,93,83,126,134,128,84,38,117,66,79,43,27" hai3="30,120,135,36,127,24,33,44,92,131,125,52,89"/><T81/><D15/><U23/><E116/><V29/><F106/><W109/><G109/><T75/><D37/><U20/><E76/><V124/><F128/><W62/><G131/><T49/><D49/><U105/><E105/><V101/><F134/><W41/><G135/><T64/><D64/><U122/><E122/><V53/><F66/><W71/><G120/><T47/><D47/><U68/><E90/><V130/><F130/><W96/><REACH who="3" step="1"/><G71/><REACH who="3" ten="250,250,250,240" step="2"/><T21/><D123/><U9/><E40/><V54/><F43/><W59/><AGARI ba="0,1" hai="24,30,33,36,41,44,52,59,62,89,92,96,125,127" machi="59" ten="30,12000,2" yaku="1,1,2,1,0,1,54,1,53,2" doraHai="18" doraHaiUra="132" who="3" fromWho="3" sc="250,-60,250,-30,250,-30,240,130" /><INIT seed="1,0,0,3,0,89" ten="190,220,220,370" oya="1" hai0="15,20,77,54,72,30,46,45,31,84,79,76,49" hai1="6,19,55,58,70,94,64,129,42,103,82,95,107" hai2="78,135,36,34,105,16,92,35,86,26,90,22,73" hai3="5,7,65,118,24,13,113,100,126,2,60,41,48"/><U8/><E129/><V33/><F105/><W88/><G100/><T134/><D72/><U28/><E28/><V91/><F135/><W74/><G74/><T108/><D134/><U96/><E42/><V32/><N who="2" m="8192" /><DORA hai="75" /><V1/><F1/><W132/><G24/><T99/><D108/><U114/><E114/><V71/><F36/><W123/><G13/><T83/><D99/><U117/><E117/><V59/><F71/><W40/><G48/><T43/><D15/><U69/><E19/><V39/><F39/><W4/><G2/><T131/><D131/><U130/><E130/><V115/><F115/><W61/><G61/><T120/><D120/><U53/><E53/><V119/><F119/><W85/><G126/><T67/><D67/><U116/><E82/><V111/><F111/><W101/><G101/><T80/><D80/><U51/><E116/><V10/><F90/><W122/><G40/><T38/><REACH who="0" step="1"/><D20/><REACH who="0" ten="180,220,220,370" step="2"/><U21/><E21/><V12/><F73/><W37/><G122/><T14/><D14/><U0/><REACH who="1" step="1"/><E70/><REACH who="1" ten="180,210,220,370" step="2"/><V68/><F68/><W29/><G118/><T125/><D125/><U81/><E81/><V104/><F22/><W3/><G113/><T112/><D112/><U17/><E17/><V11/><F16/><W27/><G123/><T98/><D98/><U44/><E44/><V66/><F66/><W97/><G65/><T56/><D56/><U25/><E25/><V47/><F26/><W87/><G27/><T121/><D121/><U133/><E133/><V50/><F59/><W9/><G132/><T109/><D109/><U63/><AGARI ba="0,2" hai="0,6,8,51,55,58,63,64,69,94,95,96,103,107" machi="63" ten="30,18000,2" yaku="1,1,5,1,0,1,52,2,53,1" doraHai="89,75" doraHaiUra="62,18" who="1" fromWho="1" sc="180,-60,210,200,220,-60,370,-60" /><INIT seed="1,1,0,1,1,14" ten="120,410,160,310" oya="1" hai0="2,63,36,41,76,61,44,50,73,113,114,93,87" hai1="21,88,17,105,78,13,82,97,119,83,45,64,75" hai2="8,126,26,35,95,5,134,27,19,59,48,135,120" hai3="37,90,6,94,121,89,127,116,72,32,65,58,33"/><U107/><E119/><V42/><F120/><W38/><G121/><T22/><D2/><U25/><E64/><V52/><F126/><W4/><G72/><T101/><D36/><U111/><E111/><V28/><F42/><W53/><G65/><T66/><D73/><U92/><E82/><V1/><REACH who="2" step="1"/><F95/><REACH who="2" ten="120,410,150,310" step="2"/><W49/><G127/><T18/><D113/><U85/><E107/><V67/><F67/><W51/><G116/><T46/><D114/><U77/><E105/><V109/><F109/><W81/><G94/><T15/><D46/><U104/><E104/><V79/><F79/><W56/><G81/><N who="0" m="47527" /><D66/><U123/><E123/><V129/><F129/><W23/><G53/><T20/><D20/><AGARI ba="1,1" hai="1,5,8,19,20,26,27,28,35,48,52,59,134,135" machi="20" ten="40,5200,0" yaku="1,1,52,1,54,1,53,0" doraHai="14" doraHaiUra="91" who="2" fromWho="0" sc="120,-55,410,0,150,65,310,0" /><AGARI ba="1,0" hai="4,6,20,23,32,33,37,38,49,51,56,58,89,90" machi="20" ten="25,1600,0" yaku="22,2" doraHai="14" who="3" fromWho="0" sc="65,-16,410,0,215,0,310,16" /><INIT seed="2,0,0,0,3,28" ten="49,410,215,326" oya="2" hai0="55,77,42,73,87,6,35,126,3,80,8,90,79" hai1="43,41,106,14,60,114,47,59,135,64,85,52,104" hai2="84,133,53,128,112,51,31,57,82,134,124,109,36" hai3="12,81,17,99,1,127,115,21,62,11,44,39,97"/><V108/><F112/><W37/><G127/><T4/><D126/><U78/><E114/><V110/><F124/><W71/><G115/><T46/><D55/><U10/><E135/><N who="2" m="51723" /><F36/><W67/><G81/><T19/><D6/><N who="1" m="3415" /><E106/><V89/><F31/><W13/><G1/><T65/><D65/><U119/><E104/><V26/><F26/><W68/><G68/><T23/><D79/><U49/><E119/><V20/><F20/><W9/><G21/><T123/><D123/><U101/><E101/><V54/><F54/><W91/><G44/><T86/><D90/><U83/><AGARI ba="0,0" hai="41,43,47,49,52,59,60,64,78,83,85" m="3415" machi="83" ten="30,2000,0" yaku="8,1,54,1" doraHai="28" who="1" fromWho="1" sc="49,-5,410,20,215,-10,326,-5" /><INIT seed="3,0,0,5,5,71" ten="44,430,205,321" oya="3" hai0="72,6,101,108,80,5,60,12,32,64,50,83,29" hai1="107,105,16,59,31,57,113,118,1,117,11,88,125" hai2="4,13,14,112,55,66,92,89,78,36,82,95,56" hai3="119,129,96,58,76,73,54,133,20,81,100,40,131"/><W69/><G119/><N who="1" m="45578" /><E125/><V45/><F66/><W86/><G69/><T24/><D108/><U79/><E113/><V122/><F112/><W67/><G133/><T109/><D109/><U51/><E79/><V126/><F126/><W3/><G3/><T102/><D50/><U111/><E111/><V124/><F122/><W42/><G67/><T39/><D39/><U116/><E116/><V9/><F14/><W17/><G73/><T25/><D12/><N who="1" m="7199" /><E31/><V47/><F36/><W44/><G17/><T10/><D10/><U134/><E134/><V2/><F2/><W121/><G20/><T19/><D19/><U123/><E123/><V0/><F0/><W15/><G15/><T97/><D102/><U68/><E68/><V46/><F89/><W62/><G121/><T70/><D25/><U120/><E1/><V30/><F30/><W37/><REACH who="3" step="1"/><G40/><REACH who="3" ten="44,430,205,311" step="2"/><T65/><D65/><U103/><E120/><V94/><F124/><W52/><G52/><T98/><D98/><U34/><E34/><V33/><F33/><W99/><G99/><T127/><D127/><U115/><E115/><V8/><F55/><W18/><G18/><T93/><D83/><U135/><E135/><V90/><F82/><W23/><G23/><T91/><D72/><U41/><E41/><V61/><F13/><W48/><G48/><T75/><D75/><U110/><E51/><V84/><F4/><W87/><G87/><N who="0" m="50663" /><D6/><U63/><E110/><V77/><F8/><W49/><G49/><T104/><D5/><U53/><E53/><N who="2" m="33935" /><F9/><W114/><G114/><T85/><D85/><U130/><E63/><RYUUKYOKU ba="0,1" sc="44,10,430,-30,205,10,311,10" hai0="24,29,32,60,64,70,93,97,101,104" hai2="45,46,47,77,78,84,90,92,94,95" hai3="37,42,44,54,58,62,76,81,86,96,100,129,131" /><INIT seed="3,1,1,0,2,126" ten="54,400,215,321" oya="3" hai0="115,6,59,32,36,35,104,68,129,79,98,26,24" hai1="22,124,85,112,77,71,70,99,33,105,109,66,111" hai2="34,72,114,69,125,95,18,119,20,127,2,48,9" hai3="47,16,86,15,21,76,88,60,58,56,23,31,135"/><W67/><G135/><T131/><D36/><U5/><E112/><V11/><F114/><W12/><G76/><T134/><D68/><U74/><E33/><V25/><F69/><W37/><G37/><T7/><D79/><U84/><E124/><V120/><F72/><W14/><G47/><T13/><D59/><U3/><E74/><V97/><F34/><W40/><G40/><T53/><D53/><U46/><E46/><V121/><F119/><W80/><G58/><T43/><D98/><U50/><E50/><V52/><F11/><W100/><G100/><T54/><D54/><U103/><E71/><V123/><F9/><W44/><G44/><T63/><D63/><N who="1" m="40287" /><E77/><V19/><F19/><W57/><G57/><T117/><D43/><U28/><E5/><V128/><F2/><W29/><G21/><T49/><D49/><U116/><E3/><V113/><F113/><W64/><G64/><T4/><D115/><U96/><E96/><V61/><F61/><W10/><G10/><T17/><D104/><U41/><E41/><V107/><F107/><W93/><G80/><T8/><D134/><U118/><E118/><V130/><F125/><W92/><G92/><T106/><D106/><U73/><E116/><V51/><F127/><W101/><G101/><T89/><D89/><U83/><E22/><V0/><F0/><W133/><G133/><T102/><D102/><U132/><E132/><V108/><F108/><W38/><G38/><T62/><D62/><U55/><E109/><V110/><F110/><W27/><AGARI ba="1,1" hai="12,14,15,16,23,27,29,31,56,60,67,86,88,93" machi="27" ten="30,11700,0" yaku="0,1,8,1,54,2" doraHai="126" who="3" fromWho="3" sc="54,-40,400,-40,215,-40,321,130" owari="14,-48.6,360,16.0,175,-22.5,451,55.1" /></mjloggm>