<mjloggm ver="2.3"><GO type="225" lobby="0"/><UN n0="%E5%B0%8F%E9%B3%A5%E9%81%8A%E7%B7%B4%E7%84%A1%32%31%E6%AD%B3" n1="%E7%BD%AA%E5%88%91%E6%B3%95%E5%AE%9A%E4%B8%BB%E7%BE%A9" n2="%E7%99%BD%E9%9B%AA%E4%B9%83%E6%84%9B" n3="%E3%83%97%E3%83%AC%E3%83%B4%E3%82%A1%E3%83%86%E3%82%A3" dan="16,16,16,16" rate="2175.59,2142.93,2057.93,2125.22" sx="F,M,F,F"/><TAIKYOKU oya="0"/><INIT seed="0,0,0,1,1,27" ten="250,250,250,250" oya="0" hai0="129,65,4,89,10,44,40,14,31,122,2,120,43" hai1="17,105,0,22,102,108,112,18,33,47,123,48,66" hai2="101,124,79,53,24,98,126,37,11,28,86,19,135" hai3="114,8,68,52,70,29,32,42,127,15,50,26,21"/><T75/><D129/><U134/><E0/><V84/><F37/><W90/><G114/><T125/><D125/><N who="2" m="48234" /><F135/><W39/><G127/><T25/><D75/><U67/><E33/><N who="2" m="20615" /><F53/><W107/><G107/><T97/><D65/><U76/><E123/><V49/><F49/><W118/><G118/><T74/><D74/><U96/><E134/><V64/><F64/><W111/><G111/><T5/><D40/><U130/><E108/><V113/><F79/><W110/><G110/><T30/><D25/><U73/><E130/><V58/><F58/><W9/><G42/><T87/><D97/><U104/><E104/><N who="2" m="63543" /><F113/><W45/><G39/><T117/><D117/><U56/><E112/><V121/><F121/><W1/><G90/><T34/><D122/><U115/><E115/><V71/><F71/><W109/><G109/><T3/><D120/><U95/><E56/><V62/><F62/><W55/><G55/><T116/><D116/><U81/><E105/><V61/><F61/><W99/><G99/><T88/><D34/><U119/><E119/><V6/><F19/><W133/><G133/><T59/><D59/><U20/><E17/><V35/><F35/><W46/><G46/><T100/><D100/><U77/><E77/><V16/><F6/><N who="3" m="1103" /><G70/><T83/><D4/><U57/><E18/><V131/><F131/><W7/><G68/><T13/><D89/><U69/><E69/><V72/><F72/><W103/><G103/><T78/><D88/><U128/><E128/><V91/><F91/><W85/><G32/><T12/><D2/><U51/><E73/><V94/><F94/><RYUUKYOKU ba="0,0" sc="250,10,250,-30,250,10,250,10" hai0="3,5,10,12,13,14,30,31,43,44,78,83,87" hai2="11,16,84,86" hai3="7,9,15,21,26,29,45,50,52,85" /><INIT seed="0,1,0,3,2,76" ten="260,220,260,260" oya="0" hai0="117,70,28,133,17,101,61,97,119,59,46,29,87" hai1="6,93,80,123,103,71,127,124,100,51,73,83,116" hai2="135,26,108,39,81,21,18,31,105,30,102,75,69" hai3="44,130,92,49,23,22,106,115,57,64,63,4,3"/><T11/><D133/><U20/><E71/><V72/><F39/><W110/><G115/><T86/><D70/><U125/><E116/><V58/><F69/><W50/><G106/><T66/><D117/><U62/><E123/><V1/><F1/><W32/><G32/><T41/><D119/><U99/><E6/><V36/><F36/><W33/><G33/><T67/><D67/><U40/><E73/><V16/><F108/><W132/><G110/><T10/><D28/><U134/><E134/><V47/><F135/><W84/><G132/><T60/><D29/><U129/><E129/><V19/><F47/><W43/><G130/><T109/><D61/><U104/><E62/><V25/><F58/><W126/><G126/><T9/><D17/><U55/><E40/><V77/><F72/><W14/><G3/><T114/><D109/><U94/><E20/><V2/><F2/><W56/><G49/><T122/><D122/><U5/><E5/><V128/><F128/><W27/><G57/><T112/><D114/><U38/><E38/><V12/><F12/><W7/><G27/><T15/><D112/><U131/><E131/><V90/><F90/><N who="3" m="53319" /><G4/><T82/><D15/><U89/><E103/><V111/><F111/><W91/><G91/><T65/><D59/><N who="1" m="33279" /><E104/><V24/><F30/><W79/><G79/><T118/><D118/><U107/><E107/><V88/><F88/><W121/><G121/><T78/><D60/><U34/><E34/><V35/><F35/><W68/><G68/><T8/><N who="0" m="2048" /><DORA hai="53" /><T48/><D87/><AGARI ba="1,0" hai="80,83,87,89,93,94,99,100,124,125,127" m="33279" machi="87" ten="30,7700,0" yaku="18,1,52,3" doraHai="76,53" who="1" fromWho="0" sc="260,-80,220,80,260,0,260,0" /><INIT seed="1,0,0,3,3,108" ten="180,300,260,260" oya="1" hai0="122,69,84,29,16,0,5,1,39,130,18,56,90" hai1="88,75,87,57,2,89,46,43,58,49,53,52,25" hai2="132,34,83,93,26,7,19,12,59,33,55,129,121" hai3="116,45,31,127,42,72,76,17,24,61,124,21,44"/><U126/><E126/><N who="3" m="48170" /><G116/><T79/><D122/><U11/><E75/><V36/><F121/><W91/><G72/><T77/><D69/><U67/><E67/><V10/><F36/><W85/><G76/><T109/><D39/><U13/><E2/><V38/><F38/><W105/><G105/><T81/><D109/><U97/><E25/><V70/><F70/><W94/><G42/><T107/><D107/><U41/><E97/><V131/><F132/><W14/><G61/><T103/><D103/><U102/><E102/><V80/><F93/><W68/><G68/><T32/><D130/><N who="2" m="49674" /><F7/><W8/><AGARI ba="0,0" hai="8,14,17,21,24,31,44,45,85,91,94" m="48170" machi="8" ten="30,1100,0" yaku="18,1" doraHai="108" who="3" fromWho="3" sc="180,-3,300,-5,260,-3,260,11" /><INIT seed="2,0,0,3,5,12" ten="177,295,257,271" oya="2" hai0="26,50,53,35,120,43,67,1,51,48,86,44,91" hai1="56,4,21,16,22,128,87,66,127,10,117,104,93" hai2="29,118,83,85,73,7,47,31,111,122,106,126,33" hai3="115,17,60,129,24,105,131,64,19,97,3,58,114"/><V109/><F118/><W14/><G3/><T37/><D1/><U38/><E38/><V20/><F122/><W103/><G24/><T133/><D120/><U63/><E104/><V124/><F106/><W107/><G107/><T134/><D67/><U101/><E117/><V59/><F73/><W41/><G41/><T54/><D35/><U8/><E128/><N who="3" m="49226" /><G14/><T2/><D2/><U79/><E127/><N who="2" m="48683" /><F7/><W80/><G80/><T15/><D26/><N who="1" m="14631" /><E4/><V98/><F98/><W61/><G61/><T92/><REACH who="0" step="1"/><D15/><REACH who="0" ten="167,295,257,271" step="2"/><U95/><E66/><V108/><F33/><W99/><G99/><T25/><D25/><U23/><E23/><V94/><F20/><W34/><G34/><T65/><D65/><U76/><E22/><V116/><F116/><W0/><G0/><T13/><D13/><U102/><E10/><V72/><F29/><W28/><G28/><T75/><D75/><U89/><E8/><V96/><F31/><W135/><G135/><AGARI ba="0,1" hai="37,43,44,48,50,51,53,54,86,91,92,133,134,135" machi="135" ten="40,5200,0" yaku="1,1,20,1,53,1" doraHai="12" doraHaiUra="88" who="0" fromWho="3" sc="167,62,295,0,257,0,271,-52" /><INIT seed="3,0,0,5,0,84" ten="229,295,257,219" oya="3" hai0="66,33,4,36,72,118,102,100,121,115,39,75,53" hai1="131,92,22,101,27,85,26,55,124,104,12,91,62" hai2="50,56,90,107,6,71,65,48,109,105,49,25,112" hai3="73,13,40,9,111,123,16,58,34,31,47,110,18"/><W83/><G123/><T117/><D33/><U114/><E114/><V89/><F71/><W113/><G113/><T0/><D115/><U1/><E1/><V10/><F112/><W57/><G34/><T79/><D66/><U133/><E124/><V14/><F109/><N who="3" m="41483" /><G31/><T59/><D121/><U30/><E133/><V103/><F103/><W122/><G122/><T74/><D79/><U77/><E131/><V69/><F69/><W32/><G32/><T82/><D82/><U7/><E77/><V11/><F107/><W67/><G67/><T52/><D4/><U42/><E42/><V61/><F105/><W46/><G46/><T76/><D76/><U81/><E104/><V127/><F127/><W132/><G132/><T128/><D0/><U5/><E26/><V19/><F25/><W135/><G135/><T21/><D21/><U99/><E12/><AGARI ba="0,0" hai="6,10,11,12,14,19,48,49,50,56,61,65,89,90" machi="12" ten="40,5200,0" yaku="8,1,52,2" doraHai="84" who="2" fromWho="1" sc="229,0,295,-52,257,52,219,0" owari="229,-17.1,243,4.3,309,40.9,219,-28.1" /></mjloggm>