<mjloggm ver="2.3"><GO type="225" lobby="0"/><UN n0="%E2%91%A3%E9%81%BF%E9%81%8A%E6%88%AF%E3%80%90%E6%9D%B1%E5%8D%97%E3%80%91" n1="%33%74%72%65%65" n2="%E3%81%8B%E3%82%8F%E3%81%A1%E3%82%83%E3%82%93%35%38" n3="%E3%82%82%E3%81%90%E3%82%89" dan="16,17,16,16" rate="2035.77,2212.60,2137.36,2230.56" sx="M,F,M,M"/><TAIKYOKU oya="0"/><INIT seed="0,0,0,5,3,107" ten="250,250,250,250" oya="0" hai0="72,110,131,85,8,96,64,135,15,53,125,105,61" hai1="81,121,128,129,16,45,55,99,1,120,59,123,113" hai2="109,5,24,98,34,0,124,112,51,3,30,18,102" hai3="80,132,66,31,92,44,116,65,37,115,48,7,106"/><T79/><D125/><U13/><E1/><V82/><F112/><W49/><G106/><T10/><D131/><N who="1" m="50251" /><E113/><V40/><F124/><W63/><G31/><T71/><D135/><U52/><E99/><V76/><F109/><W122/><G7/><T114/><D114/><U74/><E45/><V108/><F108/><W17/><G17/><T20/><D85/><U68/><E68/><V4/><F18/><W127/><G92/><T117/><D110/><U28/><E28/><V103/><F51/><N who="3" m="19531" /><G80/><T33/><D53/><U38/><E38/><V86/><F40/><N who="3" m="22543" /><G115/><T25/><D20/><N who="1" m="11279" /><E59/><V60/><F60/><W29/><G29/><N who="0" m="19631" /><D15/><U130/><E130/><V43/><F43/><W70/><G127/><T62/><D62/><U73/><E73/><V35/><F35/><W14/><G14/><T50/><D50/><U88/><E74/><V27/><F27/><W19/><G19/><T57/><D57/><U91/><E91/><V87/><F24/><W47/><G132/><T133/><D133/><U11/><E11/><V78/><F30/><W93/><G93/><T6/><D10/><U32/><E32/><V46/><F34/><W97/><G97/><T111/><D8/><U39/><E39/><V84/><F46/><W83/><G116/><T23/><D6/><U101/><E101/><V77/><F82/><W89/><G122/><T104/><D117/><U118/><E118/><V134/><F134/><W41/><G47/><T69/><D111/><U95/><E95/><N who="2" m="58719" /><F103/><W94/><G83/><N who="0" m="45543" /><D23/><U119/><E119/><V21/><F21/><W2/><G2/><T100/><D105/><RYUUKYOKU ba="0,0" sc="250,10,250,10,250,10,250,-30" hai0="61,64,69,71,96,100,104" hai1="52,55,81,88,120,121,123" hai2="0,3,4,5,76,77,78,84,86,87" /><INIT seed="0,1,0,1,5,50" ten="260,260,260,220" oya="0" hai0="23,41,69,123,19,37,125,52,84,14,59,97,119" hai1="114,95,24,49,55,60,113,100,79,86,16,80,31" hai2="107,120,65,48,111,28,39,110,8,47,53,22,20" hai3="46,104,108,128,61,58,134,27,122,98,127,129,62"/><T40/><D123/><U54/><E60/><V112/><F120/><W70/><G122/><T6/><D119/><U17/><E100/><V94/><F107/><W0/><G0/><T121/><D121/><U3/><E3/><V72/><F112/><N who="1" m="43113" /><E95/><V18/><F72/><W109/><G62/><T66/><D125/><U78/><E78/><V9/><F39/><W43/><G127/><T63/><D6/><U42/><E42/><V77/><F77/><W115/><G70/><T21/><D97/><U57/><E54/><V12/><F65/><W89/><G104/><T116/><D116/><U11/><E11/><V35/><F8/><W85/><G98/><T88/><D23/><AGARI ba="1,0" hai="16,17,23,24,31,49,55,57,79,80,86" m="43113" machi="23" ten="30,3900,0" yaku="11,1,52,1,54,1" doraHai="50" who="1" fromWho="0" sc="260,-42,260,42,260,0,220,0" /><INIT seed="1,0,0,4,5,83" ten="218,302,260,220" oya="1" hai0="120,27,20,128,1,2,125,3,36,94,108,16,49" hai1="69,52,13,61,96,102,92,0,85,32,114,115,75" hai2="135,106,74,130,55,116,124,54,65,51,101,7,11" hai3="71,79,18,15,66,37,28,6,62,132,72,38,50"/><U77/><E0/><V67/><F116/><W122/><G122/><T111/><D36/><U112/><E32/><V123/><F123/><W26/><G132/><T121/><D49/><U64/><E75/><V103/><F74/><W44/><G6/><T59/><D59/><U98/><E98/><V63/><F135/><W129/><G129/><T34/><D94/><U126/><E126/><V12/><F124/><W42/><G79/><T68/><D68/><U89/><E77/><V60/><F130/><W41/><G41/><T99/><D99/><U58/><E13/><V25/><F25/><W31/><G31/><T107/><D107/><U113/><E113/><V86/><F106/><W118/><G118/><T127/><D121/><U4/><E4/><V57/><F86/><W56/><G71/><T46/><D46/><U23/><E23/><V47/><REACH who="2" step="1"/><F55/><REACH who="2" ten="218,302,250,220" step="2"/><W21/><REACH who="3" step="1"/><G72/><REACH who="3" ten="218,302,250,210" step="2"/><T78/><D120/><U81/><E115/><V8/><F8/><AGARI ba="0,2" hai="8,15,18,21,26,28,37,38,42,44,50,56,62,66" machi="8" ten="30,3900,0" yaku="1,1,2,1,7,1,53,0" doraHai="83" doraHaiUra="134" who="3" fromWho="2" sc="218,0,302,0,250,-39,210,59" /><INIT seed="2,0,0,3,3,54" ten="218,302,211,269" oya="2" hai0="62,3,84,118,43,68,78,19,73,120,38,80,13" hai1="14,110,125,119,66,116,100,74,35,18,11,47,132" hai2="0,135,24,39,87,88,111,12,79,17,121,92,112" hai3="129,64,58,6,134,106,60,123,65,21,44,45,98"/><V67/><F112/><W109/><G123/><T83/><D120/><U95/><E74/><V99/><F121/><W77/><G109/><T34/><D118/><U86/><E110/><V49/><F111/><W15/><G129/><T26/><D3/><U52/><E132/><V122/><F122/><W20/><G134/><T126/><D126/><U117/><E125/><V61/><F135/><W5/><G77/><T97/><D97/><U63/><E35/><V85/><F39/><W133/><G133/><T36/><D43/><U71/><E100/><V59/><F0/><W128/><G128/><T8/><D34/><U56/><E47/><N who="3" m="17994" /><G106/><T27/><D38/><U75/><E75/><V32/><F79/><W37/><G37/><T105/><D105/><U55/><REACH who="1" step="1"/><E71/><REACH who="1" ten="218,292,211,269" step="2"/><V4/><F32/><W53/><G98/><T28/><D73/><U124/><E124/><V94/><F49/><W76/><G76/><T48/><D48/><U70/><E70/><V91/><F4/><N who="3" m="1643" /><G21/><T22/><D78/><U33/><E33/><V23/><REACH who="2" step="1"/><F99/><REACH who="2" ten="218,292,201,269" step="2"/><W114/><G114/><T57/><D36/><U29/><E29/><V103/><F103/><W104/><G104/><T10/><D28/><U89/><AGARI ba="0,2" hai="11,14,18,52,55,56,63,66,86,89,95,116,117,119" machi="89" ten="40,8000,1" yaku="1,1,0,1,52,1,54,1,53,1" doraHai="54" doraHaiUra="7" who="1" fromWho="1" sc="218,-20,292,100,201,-40,269,-20" /><INIT seed="3,0,0,3,2,33" ten="198,392,161,249" oya="3" hai0="88,52,45,34,55,14,41,51,102,7,6,83,89" hai1="60,134,91,2,93,56,20,30,67,95,36,70,77" hai2="120,0,40,116,58,100,9,123,49,98,48,112,4" hai3="124,135,24,104,46,5,97,84,3,22,118,117,73"/><W42/><G73/><T65/><D34/><U105/><E105/><V92/><F116/><W19/><G124/><T31/><D31/><U79/><E2/><V81/><F112/><W53/><G135/><T57/><D102/><U64/><E36/><V108/><F108/><W69/><G69/><T18/><D65/><N who="1" m="25163" /><E70/><V25/><F25/><W43/><G53/><T122/><D122/><U15/><E93/><V78/><F40/><W133/><G133/><T129/><D129/><U128/><E128/><V10/><F10/><W13/><G84/><N who="0" m="50207" /><D89/><U1/><E1/><V63/><F123/><W59/><G59/><T54/><D57/><U110/><E110/><V94/><F94/><W86/><G86/><T47/><D45/><U90/><E90/><V115/><F115/><W72/><G72/><T74/><D74/><U50/><E50/><V99/><F99/><W29/><G46/><T96/><D96/><N who="1" m="57471" /><E134/><V61/><F120/><W76/><G76/><T107/><D107/><U114/><E114/><V87/><REACH who="2" step="1"/><F61/><REACH who="2" ten="198,392,151,249" step="2"/><W35/><G118/><T127/><D127/><U37/><E60/><V103/><F103/><N who="3" m="62575" /><G117/><T17/><D17/><N who="1" m="10303" /><E30/><V131/><F131/><W68/><G43/><T75/><D75/><U126/><E126/><V38/><F38/><W44/><G42/><T121/><D121/><U62/><E37/><V8/><F8/><AGARI ba="0,1" hai="6,7,8,14,18,41,47,51,52,54,55" m="50207" machi="8" ten="30,3900,0" yaku="8,1,54,2" doraHai="33" who="0" fromWho="2" sc="198,49,392,0,151,-39,249,0" owari="247,-15.3,392,49.2,112,-38.8,249,4.9" /></mjloggm>