<mjloggm ver="2.3"><GO type="225" lobby="0"/><UN n0="%77%72%77%72%77%72%77%72" n1="%76%61%63%76%61%73%65" n2="%E6%A0%B9%E5%85%83%E3%81%8B%E3%82%89%E5%90%B9%E3%81%A3%E9%A3%9B%E3%81%B6" n3="%E3%81%86%E3%82%8C%E3%81%9F%E3%82%93%E6%9E%95" dan="16,16,17,16" rate="2063.84,2174.02,2177.31,2121.38" sx="M,F,F,F"/><TAIKYOKU oya="0"/><INIT seed="0,0,0,3,5,36" ten="250,250,250,250" oya="0" hai0="75,116,27,113,57,15,90,72,87,6,41,38,31" hai1="28,61,85,3,32,86,16,42,92,130,133,56,84" hai2="127,50,23,22,103,69,26,24,43,134,129,52,131" hai3="76,45,107,55,91,109,126,115,44,29,67,58,122"/><T14/><D113/><U19/><E3/><V54/><F69/><W46/><G115/><T111/><D116/><U89/><E130/><N who="2" m="49675" /><F103/><W106/><G126/><T99/><D111/><U51/><E133/><V81/><F81/><W83/><G109/><T63/><D99/><N who="1" m="57743" /><E28/><N who="2" m="17431" /><F127/><W108/><G108/><T101/><D101/><U47/><E32/><V49/><F134/><W79/><G67/><AGARI ba="0,0" hai="16,19,42,47,51,56,61,67,84,85,86" m="57743" machi="67" ten="30,3900,0" yaku="8,1,52,1,54,1" doraHai="36" who="1" fromWho="3" sc="250,0,250,39,250,0,250,-39" /><INIT seed="1,0,0,0,3,100" ten="250,289,250,211" oya="1" hai0="36,130,111,31,13,14,71,50,70,53,105,2,58" hai1="127,4,43,12,59,88,104,45,29,124,55,68,25" hai2="122,110,84,27,108,97,40,72,51,11,91,98,61" hai3="75,64,125,47,123,35,41,120,42,16,103,128,129"/><U93/><E68/><V54/><F72/><W5/><G75/><T116/><D116/><U66/><E66/><V34/><F122/><W115/><G103/><T135/><D111/><N who="2" m="42538" /><F11/><W20/><G35/><T49/><D36/><U8/><E104/><V26/><F61/><W60/><G5/><T81/><D130/><N who="3" m="50281" /><G115/><T73/><D2/><U74/><E74/><V119/><F40/><N who="3" m="15467" /><G47/><T17/><D31/><U65/><E65/><V106/><F119/><W6/><G6/><T83/><D17/><U46/><E55/><V23/><F34/><W95/><G95/><T80/><D73/><U132/><E59/><N who="2" m="33247" /><F106/><W63/><G125/><N who="1" m="48202" /><E132/><V90/><F91/><W118/><G118/><T89/><D135/><U10/><E10/><V18/><F27/><N who="3" m="14727" /><G63/><N who="0" m="36303" /><D105/><U22/><E43/><V99/><F99/><AGARI ba="0,0" hai="4,8,12,22,25,29,45,46,88,93,99" m="48202" machi="99" ten="30,2900,0" yaku="18,1,54,1" doraHai="100" who="1" fromWho="2" sc="250,0,289,29,250,-29,211,0" /><INIT seed="1,1,0,1,5,128" ten="250,318,221,211" oya="1" hai0="114,80,21,18,22,117,94,130,72,17,12,122,89" hai1="54,126,52,40,132,75,39,19,16,30,36,125,135" hai2="79,43,25,90,120,28,34,133,101,29,45,55,31" hai3="113,100,1,134,53,48,51,5,86,8,74,14,50"/><U49/><E75/><V67/><F120/><W37/><G113/><T96/><D114/><U66/><E30/><V112/><F112/><W0/><G74/><T63/><D117/><U9/><E66/><V47/><F101/><W127/><G37/><N who="1" m="14410" /><E40/><V35/><F79/><W56/><G134/><N who="1" m="51242" /><E54/><V85/><F67/><W81/><G127/><N who="1" m="48650" /><E9/><V84/><F31/><W70/><G70/><T76/><D72/><U123/><E123/><V77/><F55/><W110/><G110/><T129/><D122/><U118/><E118/><V99/><F43/><W91/><REACH who="3" step="1"/><G100/><REACH who="3" ten="250,318,221,201" step="2"/><T27/><D130/><U13/><E13/><V68/><F133/><W82/><G82/><T121/><D129/><U111/><E111/><V93/><F68/><W57/><G57/><AGARI ba="1,1" hai="16,19,49,52,57" m="48650,51242,14410" machi="57" ten="40,18000,2" yaku="20,1,18,1,52,3,54,2" doraHai="128" who="1" fromWho="3" sc="250,0,318,193,221,0,201,-183" /><INIT seed="1,2,0,1,0,87" ten="250,511,221,18" oya="1" hai0="83,62,129,64,108,46,23,104,24,109,9,41,68" hai1="119,69,120,51,12,1,85,132,118,16,22,71,94" hai2="96,103,99,90,47,58,89,19,110,34,17,75,117" hai3="49,21,135,105,102,92,114,111,131,30,26,31,25"/><U45/><E120/><V39/><F117/><W7/><G114/><T44/><D104/><U4/><E132/><V20/><F34/><W72/><G135/><T27/><D129/><U91/><E118/><V73/><F39/><W59/><G131/><T60/><D9/><U40/><REACH who="1" step="1"/><E119/><REACH who="1" ten="250,501,221,18" step="2"/><V70/><F110/><W35/><G111/><T29/><D109/><U93/><E93/><V115/><F115/><W43/><G105/><T78/><D108/><U128/><E128/><V56/><F70/><W95/><G102/><T112/><D112/><U50/><E50/><V18/><F103/><W66/><G72/><T13/><D60/><U82/><E82/><V11/><F75/><W106/><G106/><T33/><D83/><U126/><E126/><V88/><F73/><W84/><G84/><T15/><D62/><U134/><E134/><V98/><F11/><AGARI ba="2,1" hai="1,4,11,12,16,22,40,45,51,69,71,85,91,94" machi="11" ten="40,7700,0" yaku="1,1,52,1,54,1,53,0" doraHai="87" doraHaiUra="77" who="1" fromWho="2" sc="250,0,501,93,221,-83,18,0" /><INIT seed="1,3,0,2,4,127" ten="250,594,138,18" oya="1" hai0="73,71,110,124,119,39,26,133,41,96,81,122,86" hai1="35,103,30,50,99,88,29,25,100,21,128,90,43" hai2="12,111,60,32,70,64,97,58,20,13,59,4,55" hai3="75,49,131,28,51,115,38,54,24,31,44,34,17"/><U80/><E128/><V9/><F111/><W5/><G115/><T130/><D26/><U18/><E43/><V3/><F32/><W53/><G38/><T76/><D86/><N who="1" m="50247" /><E35/><V107/><F70/><W77/><G31/><N who="1" m="11786" /><E50/><V63/><REACH who="2" step="1"/><F20/><REACH who="2" ten="250,594,128,18" step="2"/><W101/><G131/><T82/><D71/><U91/><E99/><V69/><F69/><W56/><G5/><T84/><D96/><U52/><E100/><AGARI ba="3,1" hai="3,4,9,12,13,55,58,59,60,63,64,97,100,107" machi="100" ten="40,1300,0" yaku="1,1,53,0" doraHai="127" doraHaiUra="126" who="2" fromWho="1" sc="250,0,594,-22,128,32,18,0" /><INIT seed="2,0,0,1,5,99" ten="250,572,160,18" oya="2" hai0="18,72,8,129,30,89,105,17,69,111,83,82,6" hai1="64,45,15,1,56,90,23,43,123,36,51,74,77" hai2="101,125,7,75,5,103,113,117,14,68,81,61,110" hai3="88,35,71,32,87,133,57,94,119,42,120,63,115"/><V65/><F113/><W60/><G119/><T13/><D105/><U91/><E1/><V127/><F117/><W20/><G120/><T109/><D69/><U80/><E123/><V41/><F41/><W79/><G115/><T135/><D30/><U102/><E102/><N who="2" m="38923" /><F14/><W108/><G133/><T0/><D135/><U107/><E107/><V95/><F95/><W12/><G108/><N who="0" m="41547" /><D129/><U55/><E64/><V10/><F10/><W97/><G42/><T52/><D52/><U106/><E106/><V132/><F132/><W128/><G128/><T16/><D89/><U44/><E90/><V9/><F9/><W96/><G71/><T47/><D47/><U92/><E43/><V3/><F3/><W118/><G118/><T48/><D48/><U25/><E36/><V59/><F110/><W19/><G63/><T21/><D72/><U70/><E15/><V134/><F134/><W67/><REACH who="3" step="1"/><G79/><REACH who="3" ten="250,572,160,8" step="2"/><T22/><D0/><U84/><E70/><V93/><F68/><W38/><G38/><T28/><D6/><U2/><E2/><V49/><F5/><W76/><G76/><T112/><D112/><U98/><E74/><V78/><F7/><W29/><G29/><AGARI ba="0,1" hai="23,25,29,44,45,51,55,56,77,80,84,91,92,98" machi="29" ten="30,2000,0" yaku="7,1,8,1" doraHai="99" who="1" fromWho="3" sc="250,0,572,30,160,0,8,-20" owari="250,5.0,602,70.2,160,-24.0,-12,-51.2" /></mjloggm>