<mjloggm ver="2.3"><GO type="225" lobby="0"/><UN n0="%E3%81%AA%E3%81%A1%30%39%32%37" n1="%6D%75%75%6D%75%72%61" n2="%E4%BE%BF%E6%89%80" n3="%48%61%61%61%6C%61%6E%64" dan="16,17,16,18" rate="2101.39,2161.76,2059.16,2225.32" sx="M,F,M,M"/><TAIKYOKU oya="0"/><INIT seed="0,0,0,5,1,34" ten="250,250,250,250" oya="0" hai0="9,1,131,32,107,80,23,74,119,67,53,124,66" hai1="57,30,97,8,90,101,100,45,88,130,11,78,77" hai2="96,86,84,133,82,12,47,2,33,4,75,46,35" hai3="68,19,83,59,127,95,91,5,105,37,25,113,60"/><T36/><D119/><U71/><E71/><V117/><F117/><W76/><G113/><T16/><D107/><U39/><E130/><V110/><F110/><W104/><G37/><T49/><D131/><U63/><E30/><V118/><F118/><W29/><G68/><T51/><D36/><U42/><E78/><V122/><F122/><W48/><G48/><T112/><D112/><U17/><E77/><V6/><F133/><W13/><G5/><T40/><D74/><U56/><E56/><V64/><F64/><W126/><G29/><T102/><D102/><U44/><E44/><V135/><F135/><W20/><G13/><N who="0" m="7215" /><D1/><U134/><E101/><V54/><F12/><W132/><G132/><T120/><D32/><U114/><E114/><V52/><F96/><N who="3" m="57471" /><G104/><T18/><D80/><U62/><E134/><V14/><F14/><W79/><G105/><T70/><D70/><U55/><E62/><V99/><F99/><W128/><G128/><T103/><D103/><U7/><E17/><V31/><F31/><W125/><G83/><T0/><D0/><U89/><REACH who="1" step="1"/><E7/><REACH who="1" ten="250,240,250,250" step="2"/><V111/><F111/><W93/><G93/><AGARI ba="0,1" hai="8,11,39,42,45,55,57,63,88,89,90,93,97,100" machi="93" ten="40,5200,0" yaku="1,1,2,1,54,1,53,0" doraHai="34" doraHaiUra="129" who="1" fromWho="3" sc="250,0,240,62,250,0,250,-52" /><INIT seed="1,0,0,2,4,5" ten="250,302,250,198" oya="1" hai0="19,133,130,107,43,68,134,109,121,118,26,123,69" hai1="65,46,44,27,98,110,135,6,16,122,132,13,54" hai2="85,103,38,33,76,39,25,89,4,126,61,78,95" hai3="72,93,42,8,48,53,120,56,0,62,50,32,114"/><U52/><E122/><N who="0" m="46601" /><D107/><U104/><E110/><V70/><F126/><W97/><G120/><T20/><D118/><U79/><E79/><V64/><F76/><W80/><G32/><T22/><D43/><U96/><E65/><V105/><F78/><W60/><G114/><T3/><D68/><U63/><E27/><V7/><F39/><W23/><G72/><T55/><D55/><N who="1" m="21035" /><E63/><V24/><F38/><W115/><G115/><T49/><D49/><U113/><E113/><V90/><F90/><W29/><G62/><T127/><D69/><U73/><E73/><V34/><F25/><W1/><G60/><T35/><D127/><U92/><E104/><V82/><F95/><W86/><G48/><T66/><D66/><U88/><E6/><V41/><F41/><W74/><G42/><T91/><D3/><U125/><E125/><V119/><F119/><W10/><G0/><T57/><D35/><U116/><E116/><V106/><F106/><W101/><G1/><T31/><D109/><U40/><E40/><V58/><F34/><W36/><G36/><T100/><D26/><U51/><E51/><V94/><F105/><W67/><G67/><T77/><D77/><U9/><E98/><N who="2" m="59863" /><F70/><W12/><G74/><T59/><D133/><AGARI ba="0,0" hai="9,13,16,44,46,88,92,96,132,133,135" m="21035" machi="133" ten="30,12000,1" yaku="20,1,52,1,54,3" doraHai="5" who="1" fromWho="0" sc="250,-120,302,120,250,0,198,0" /><INIT seed="1,1,0,4,1,102" ten="130,422,250,198" oya="1" hai0="82,83,93,123,35,61,38,60,21,95,108,85,97" hai1="125,133,79,56,19,77,114,58,25,130,20,37,67" hai2="55,62,134,98,88,117,91,57,28,13,45,103,14" hai3="54,27,90,87,17,31,71,10,72,74,110,48,69"/><U44/><E114/><V51/><F134/><W109/><G69/><T22/><D35/><U40/><E133/><V32/><F117/><W5/><G71/><T65/><D38/><U39/><E130/><V34/><F34/><W124/><G124/><T29/><D108/><N who="3" m="41577" /><G17/><T116/><D116/><U99/><E125/><V63/><F32/><N who="3" m="20607" /><G87/><T1/><D1/><U11/><E39/><V105/><F28/><W47/><G90/><T46/><BYE who="2" /><D29/><U89/><E11/><V132/><F132/><W2/><AGARI ba="1,0" hai="2,5,10,47,48,54,72,74" m="20607,41577" machi="2" ten="30,1100,0" yaku="14,1" doraHai="102" who="3" fromWho="3" sc="130,-4,422,-6,250,-4,198,14" /><INIT seed="2,0,0,5,3,67" ten="126,416,246,212" oya="2" hai0="47,88,121,59,78,105,50,39,63,62,14,79,26" hai1="64,77,102,12,128,13,29,1,107,112,117,24,22" hai2="41,74,45,8,114,66,104,108,81,3,91,31,98" hai3="85,130,34,7,127,18,36,55,123,87,42,109,15"/><V68/><F68/><W106/><G123/><T43/><D121/><U118/><E112/><V84/><F84/><W76/><G106/><T95/><D105/><U30/><E1/><V19/><F19/><W83/><G34/><T27/><D39/><U110/><E110/><V38/><F38/><W89/><G109/><T21/><D14/><U96/><E128/><V119/><F119/><W135/><G130/><T113/><D113/><U9/><E77/><V75/><F75/><W51/><G127/><T111/><D111/><UN n2="%E4%BE%BF%E6%89%80" /><U70/><E30/><V17/><F114/><W28/><G28/><T97/><D62/><U44/><E44/><V92/><F108/><W82/><G135/><T52/><D26/><U134/><E134/><V126/><F66/><W103/><G103/><T49/><D49/><U125/><E125/><V35/><F126/><W54/><G36/><T101/><D101/><U58/><E58/><V10/><F104/><W0/><G0/><T48/><D48/><U120/><E120/><V124/><F124/><W16/><G42/><T71/><D71/><U20/><E20/><V90/><F90/><W5/><G18/><AGARI ba="0,0" hai="18,21,27,43,47,50,52,59,63,78,79,88,95,97" machi="18" ten="30,12000,2" yaku="7,1,25,2,8,1,54,2" doraHai="67" who="0" fromWho="3" sc="126,120,416,0,246,0,212,-120" /><INIT seed="3,0,0,5,1,58" ten="246,416,246,92" oya="3" hai0="80,10,82,0,63,107,6,95,118,116,41,87,81" hai1="45,79,40,57,5,77,53,127,70,88,115,121,59" hai2="22,11,16,55,76,38,101,20,39,37,71,89,72" hai3="29,120,112,93,28,133,69,98,19,64,18,134,3"/><W61/><G112/><T36/><D107/><U48/><E70/><V123/><F71/><W42/><G120/><T131/><D131/><U90/><E121/><V46/><F123/><W111/><G3/><T52/><D87/><U75/><E115/><V73/><F101/><W43/><G111/><T102/><D102/><U83/><E127/><V135/><F135/><N who="3" m="51723" /><G29/><T27/><D95/><U100/><E100/><V122/><F122/><W4/><G4/><T99/><D99/><U26/><E77/><V78/><F89/><N who="3" m="55599" /><G28/><T86/><D27/><U126/><E59/><V105/><F105/><W110/><G110/><T91/><D36/><U12/><E26/><V13/><F72/><W34/><G34/><T8/><D6/><U30/><E30/><V128/><F128/><W97/><G97/><T56/><D0/><U84/><E126/><V54/><F73/><W67/><G64/><T32/><D32/><U65/><E65/><V23/><F54/><W96/><G96/><T103/><D52/><U24/><E24/><V33/><F33/><W114/><G114/><T14/><D118/><U108/><E75/><V124/><F124/><W66/><G67/><T74/><D74/><U117/><E108/><V17/><F17/><AGARI ba="0,0" hai="17,18,19,42,43,61,66,69" m="55599,51723" machi="17" ten="30,2900,0" yaku="20,1,52,1" doraHai="58" who="3" fromWho="2" sc="246,0,416,0,246,-29,92,29" /><INIT seed="3,1,0,4,3,51" ten="246,416,217,121" oya="3" hai0="80,69,95,108,123,81,110,35,75,61,39,124,114" hai1="9,115,135,98,134,106,8,60,30,84,90,41,36" hai2="130,7,93,109,89,13,4,52,67,25,131,117,105" hai3="85,128,133,87,73,101,48,31,0,14,12,126,92"/><W78/><G0/><T43/><D123/><U99/><E115/><V1/><F117/><W127/><G128/><N who="2" m="49193" /><F105/><W121/><G121/><T91/><D114/><U132/><E30/><V23/><F1/><W15/><G133/><T42/><D35/><U113/><E113/><V119/><F119/><W116/><G116/><T79/><D81/><N who="1" m="49423" /><E60/><V45/><F67/><W5/><G5/><T44/><D43/><U122/><E122/><V54/><F109/><N who="0" m="42090" /><D124/><N who="3" m="47657" /><G31/><T32/><D32/><U17/><E17/><N who="2" m="12527" /><F45/><W107/><G107/><T33/><D33/><U27/><E27/><V57/><F13/><N who="3" m="3331" /><W63/><DORA hai="64" /><G63/><T29/><D29/><U3/><E106/><V37/><F37/><W86/><G48/><T58/><D39/><U77/><E77/><V56/><F7/><W100/><G92/><T46/><D95/><U129/><E129/><V47/><F4/><W55/><G55/><N who="2" m="21033" /><F47/><W72/><G78/><T71/><D79/><U111/><E111/><V38/><F38/><W103/><AGARI ba="1,0" hai="72,73,85,86,87,100,101,103" m="3331,47657" machi="103" ten="50,9600,0" yaku="28,2,18,1" doraHai="51,64" who="3" fromWho="3" sc="246,-33,416,-33,217,-33,121,99" /><INIT seed="3,2,0,4,0,43" ten="213,383,184,220" oya="3" hai0="18,53,95,94,62,55,21,45,112,121,25,30,118" hai1="48,10,134,110,77,85,31,109,13,9,111,61,86" hai2="98,39,47,126,33,88,37,91,17,97,120,81,44" hai3="125,64,78,58,14,105,1,68,129,119,34,69,28"/><W32/><G1/><T67/><D118/><U65/><E134/><V74/><F33/><W5/><G119/><T35/><D121/><U108/><E108/><V115/><F115/><W106/><G78/><T6/><D112/><U63/><E31/><V0/><F0/><W12/><G58/><N who="0" m="37335" /><D35/><N who="3" m="13353" /><G28/><T103/><D6/><N who="1" m="3255" /><E77/><V92/><F120/><W96/><G64/><T2/><D2/><U104/><E104/><N who="3" m="40042" /><G96/><N who="2" m="36969" /><F17/><W29/><G29/><T26/><D26/><U73/><E73/><V116/><F116/><W72/><G5/><T99/><D94/><U124/><E124/><V127/><F92/><W128/><G72/><T89/><D103/><U90/><E90/><N who="2" m="34347" /><F74/><W8/><G125/><N who="2" m="47625" /><F81/><W71/><G8/><T38/><D30/><U52/><E10/><V27/><F27/><W75/><G75/><T42/><D99/><U56/><E63/><V51/><F51/><W133/><G133/><T114/><D114/><U22/><E22/><V50/><F50/><W101/><G101/><T40/><D95/><U79/><E79/><V7/><F7/><W117/><G117/><T36/><D89/><U3/><E3/><V20/><F20/><W107/><N who="3" m="40050" /><W100/><DORA hai="130" /><G100/><T83/><D83/><U49/><E49/><V23/><F23/><W60/><G60/><T80/><D80/><U59/><AGARI ba="2,0" hai="48,52,56,59,61,65,85,86,109,110,111" m="3255" machi="59" ten="30,2000,0" yaku="14,1,54,1" doraHai="43,130" who="1" fromWho="1" sc="213,-7,383,26,184,-7,220,-12" owari="206,-19.4,409,50.9,177,-32.3,208,0.8" /></mjloggm>