<mjloggm ver="2.3"><GO type="225" lobby="0"/><UN n0="%E5%B8%86%E7%AB%8B%E5%A4%8F%E8%A1%A3" n1="%E7%8D%A3%E8%87%AD%E3%81%84%E8%82%89%E7%90%83" n2="%E3%83%A9%E3%83%BC%E3%83%A1%E3%83%B3%E4%BA%94%E9%83%8E" n3="%E8%BE%9B%E5%8F%A3%E3%82%AB%E3%83%AC%E3%83%BC%E3%83%A9%E3%82%A4%E3%82%B9" dan="16,16,16,17" rate="2208.13,2119.49,2127.24,2237.86" sx="M,M,M,M"/><TAIKYOKU oya="0"/><INIT seed="0,0,0,0,1,73" ten="250,250,250,250" oya="0" hai0="78,60,4,94,97,117,122,99,130,12,131,36,2" hai1="82,121,30,37,128,13,107,39,86,47,54,9,56" hai2="55,85,106,52,32,40,3,57,104,19,116,62,134" hai3="66,77,126,80,67,42,127,49,29,120,72,76,31"/><T28/><D117/><U16/><E121/><V46/><F32/><W17/><G120/><T83/><D122/><U87/><E128/><N who="0" m="49193" /><D28/><N who="3" m="10825" /><G17/><T27/><D27/><U68/><E68/><V84/><F116/><W102/><G102/><T22/><D36/><U65/><E107/><V96/><F134/><W118/><G118/><T53/><D2/><U21/><E65/><N who="3" m="24586" /><G80/><T124/><D124/><N who="3" m="47657" /><G72/><N who="0" m="43463" /><D94/><U5/><E30/><V7/><F106/><W45/><AGARI ba="0,0" hai="42,45,49,76,77" m="47657,24586,10825" machi="45" ten="40,5200,0" yaku="18,1,52,2" doraHai="73" who="3" fromWho="3" sc="250,-26,250,-13,250,-13,250,52" /><INIT seed="1,0,0,1,0,14" ten="224,237,237,302" oya="1" hai0="40,54,105,58,69,110,17,19,46,60,65,2,94" hai1="82,4,77,15,99,135,3,72,85,106,124,7,114" hai2="34,13,104,121,24,41,6,9,59,97,80,130,23" hai3="68,74,20,12,95,79,18,102,29,131,78,70,133"/><U63/><E114/><V52/><F121/><W90/><G131/><T73/><D105/><U117/><E117/><V103/><F130/><W25/><G133/><T27/><D73/><U35/><E135/><V81/><F41/><W51/><G102/><T61/><D2/><U126/><E35/><V91/><F91/><W107/><G107/><T42/><D110/><U32/><E32/><V100/><F34/><W26/><G26/><T132/><D132/><U22/><E3/><V75/><F75/><W96/><G51/><T1/><D1/><U16/><E63/><V28/><REACH who="2" step="1"/><F103/><REACH who="2" ten="224,237,227,302" step="2"/><W122/><G122/><T62/><D42/><U11/><E72/><V33/><F33/><W57/><G74/><T67/><D94/><U120/><E120/><V112/><F112/><W108/><G79/><T37/><REACH who="0" step="1"/><D27/><REACH who="0" ten="214,237,227,302" step="2"/><U48/><E106/><V30/><F30/><W31/><G25/><T45/><D45/><U55/><E124/><V56/><F56/><AGARI ba="0,2" hai="17,19,37,40,46,54,56,58,60,61,62,65,67,69" machi="56" ten="30,7700,0" yaku="1,1,7,1,52,2,53,0" doraHai="14" doraHaiUra="118" who="0" fromWho="2" sc="214,97,237,0,227,-77,302,0" /><INIT seed="2,0,0,2,5,39" ten="311,237,150,302" oya="2" hai0="117,59,92,10,46,130,37,2,105,125,97,16,34" hai1="91,26,24,1,90,43,73,100,74,64,88,9,85" hai2="45,42,22,119,132,75,50,61,134,89,122,101,62" hai3="33,28,31,124,107,86,135,40,115,108,13,129,14"/><V54/><F75/><W114/><G107/><T71/><D105/><U15/><E1/><V56/><F101/><W109/><G86/><T32/><D71/><U0/><E0/><V106/><F106/><W82/><G82/><T95/><D95/><U23/><E100/><V81/><F119/><W4/><G129/><T98/><D98/><U51/><E64/><V80/><F122/><W25/><G135/><N who="2" m="51753" /><F22/><W87/><G87/><T68/><D59/><U29/><E26/><V60/><F89/><W12/><G124/><T94/><D94/><N who="1" m="54543" /><E74/><V57/><F81/><W41/><G31/><T131/><D68/><U65/><E65/><N who="2" m="39047" /><F80/><W67/><G4/><T103/><D125/><U70/><E70/><V78/><F78/><W66/><G66/><T112/><D117/><U126/><E126/><V47/><F47/><W44/><G67/><T110/><D34/><U18/><E73/><V72/><F72/><W118/><G44/><AGARI ba="0,0" hai="9,15,18,23,24,29,43,44,51,90,91" m="54543" machi="44" ten="30,3900,0" yaku="8,1,52,1,54,1" doraHai="39" who="1" fromWho="3" sc="311,0,237,39,150,0,302,-39" /><INIT seed="3,0,0,1,4,48" ten="311,276,150,263" oya="3" hai0="131,67,103,105,21,73,123,47,42,92,35,96,107" hai1="20,9,11,102,60,79,91,17,88,104,111,10,109" hai2="53,62,32,33,116,27,1,54,97,117,135,134,5" hai3="29,38,51,86,70,26,22,19,31,118,7,71,34"/><W40/><G118/><T59/><D35/><N who="2" m="13386" /><F97/><W43/><G38/><T74/><D123/><U50/><E79/><V77/><F77/><W64/><G7/><T90/><D131/><U2/><E2/><V12/><F1/><W78/><G31/><T25/><D107/><U84/><E104/><V121/><F27/><W125/><G125/><T81/><D81/><U129/><E102/><V83/><F83/><W115/><G115/><T4/><D4/><U57/><E50/><V106/><F106/><W122/><G122/><T95/><D95/><U87/><E129/><V132/><F62/><W24/><G78/><T13/><D13/><U93/><E109/><V30/><F30/><W113/><G113/><T99/><D25/><U119/><E111/><V100/><F100/><W120/><G120/><T75/><D21/><U28/><E28/><V3/><F3/><W61/><G71/><T45/><D42/><U127/><E119/><N who="2" m="45643" /><F121/><W41/><REACH who="3" step="1"/><G86/><REACH who="3" ten="311,276,150,253" step="2"/><T37/><D37/><U49/><E84/><V80/><F80/><W16/><G16/><T55/><REACH who="0" step="1"/><D67/><REACH who="0" ten="301,276,150,253" step="2"/><U39/><E87/><V114/><F114/><W8/><G8/><AGARI ba="0,2" hai="5,8,12,53,54,132,134,135" m="45643,13386" machi="8" ten="40,5200,0" yaku="20,1,52,2" doraHai="48" who="2" fromWho="3" sc="301,0,276,0,150,72,253,-52" owari="301,40.1,276,7.6,222,-17.8,201,-29.9" /></mjloggm>