<mjloggm ver="2.3"><GO type="225" lobby="0"/><UN n0="%E3%81%99%E3%81%84%E3%81%BE%E3%81%9B%E3%83%BC%E3%82%93" n1="%E5%A4%9C%E5%85%89%E5%A4%A9%E6%A5%BC" n2="%E3%81%BF%E3%81%BF%E3%81%9A" n3="%E4%BF%BA%E3%81%A8%E5%A6%96%E5%A4%A2" dan="18,16,18,17" rate="2203.60,2115.94,2245.89,2160.56" sx="M,M,M,F"/><TAIKYOKU oya="0"/><INIT seed="0,0,0,4,5,12" ten="250,250,250,250" oya="0" hai0="113,32,127,112,18,96,30,106,75,24,16,92,0" hai1="83,78,86,126,67,122,77,20,97,133,29,42,130" hai2="91,73,123,54,59,115,125,128,40,45,132,58,17" hai3="39,34,69,1,85,33,44,72,13,71,21,23,135"/><T7/><D127/><U63/><E122/><V100/><F73/><W61/><G72/><T98/><D75/><U82/><E130/><V31/><F31/><W118/><G118/><T116/><D116/><U3/><E3/><V22/><F115/><W108/><G1/><T14/><D106/><U48/><E126/><V6/><F100/><W99/><G108/><T121/><D121/><U70/><E133/><V74/><F74/><W19/><G135/><T27/><D98/><U134/><E134/><V62/><F125/><W64/><G71/><T53/><D53/><U43/><E97/><V131/><F6/><W51/><G39/><T89/><D27/><U57/><E70/><V124/><F132/><W28/><G99/><T79/><D79/><U49/><E82/><V102/><F102/><W111/><G111/><T107/><D107/><U103/><E78/><V2/><F2/><W36/><G36/><T95/><D92/><U129/><E103/><V46/><F124/><W81/><G23/><N who="0" m="11671" /><D18/><U68/><E68/><V119/><F119/><W80/><G28/><T47/><D47/><U41/><E129/><N who="2" m="49739" /><F123/><W55/><REACH who="3" step="1"/><G80/><REACH who="3" ten="250,250,250,240" step="2"/><T25/><D113/><U8/><E8/><V9/><F9/><W93/><G93/><T38/><D112/><U50/><E20/><V11/><F11/><W35/><G35/><T105/><D105/><U10/><E10/><V4/><F22/><W60/><G60/><T120/><D120/><U87/><E29/><V15/><F62/><W37/><G37/><T52/><D30/><U26/><E26/><N who="0" m="10345" /><D32/><U117/><E117/><V114/><F114/><RYUUKYOKU ba="0,1" sc="250,-15,250,15,250,-15,240,15" hai1="41,42,43,48,49,50,57,63,67,77,83,86,87" hai3="13,19,21,33,34,44,51,55,61,64,69,81,85" /><INIT seed="1,1,1,0,4,84" ten="235,265,235,255" oya="1" hai0="47,70,111,0,58,101,38,52,56,127,117,50,100" hai1="114,35,87,98,69,11,122,60,125,29,128,40,96" hai2="59,31,39,53,88,116,16,118,129,119,95,8,14" hai3="48,80,115,107,109,6,134,49,75,93,18,10,12"/><U89/><E114/><V32/><F39/><W92/><G115/><T28/><D117/><U44/><E122/><V123/><F123/><W15/><G107/><T104/><D0/><U94/><E125/><V36/><F36/><W41/><G109/><T46/><D127/><U57/><E69/><V73/><F73/><W23/><G134/><T51/><D70/><U43/><E128/><V34/><F129/><W42/><G75/><T91/><D38/><U132/><E132/><V133/><F133/><W68/><G68/><T13/><D111/><U62/><E44/><V85/><REACH who="2" step="1"/><F31/><REACH who="2" ten="235,265,225,255" step="2"/><W19/><G6/><T71/><D28/><U2/><E29/><V26/><F26/><W106/><G106/><T45/><D104/><U65/><E35/><V67/><F67/><W3/><G3/><T81/><D71/><U130/><E130/><V112/><F112/><W30/><G30/><T86/><D13/><U76/><E2/><V22/><F22/><W7/><G7/><T37/><D37/><U113/><E113/><V105/><F105/><W120/><G120/><T25/><D25/><U54/><E11/><V24/><F24/><W78/><G23/><T102/><D52/><U27/><E27/><V55/><F55/><W63/><G10/><T72/><D72/><U66/><E54/><V90/><F90/><W33/><G33/><T83/><D83/><U9/><E9/><V135/><F135/><W74/><G74/><T61/><D61/><AGARI ba="1,2" hai="8,14,16,32,34,53,59,61,85,88,95,116,118,119" machi="61" ten="40,8000,1" yaku="1,1,52,1,54,2,53,0" doraHai="84" doraHaiUra="97" who="2" fromWho="0" sc="235,-83,265,0,225,103,255,0" /><INIT seed="2,0,0,2,2,31" ten="152,265,328,255" oya="2" hai0="104,55,49,60,13,40,26,4,46,99,92,110,126" hai1="85,65,87,37,14,113,18,95,71,97,27,44,45" hai2="88,35,128,33,96,15,66,100,121,131,68,91,9" hai3="42,20,135,36,74,41,134,116,89,93,53,1,38"/><V67/><F121/><W114/><G116/><T25/><D110/><U19/><E113/><V105/><F68/><W32/><G1/><T77/><D126/><U86/><E37/><N who="3" m="14442" /><G74/><T115/><D104/><U12/><E65/><V47/><F47/><N who="1" m="17993" /><E71/><V29/><F66/><W30/><G20/><T51/><D115/><U119/><E119/><V90/><F67/><W0/><G0/><T102/><D77/><U75/><E75/><V108/><F108/><W6/><G6/><T73/><D60/><U130/><E130/><N who="2" m="49707" /><F29/><W98/><G53/><T56/><REACH who="0" step="1"/><D73/><REACH who="0" ten="142,265,328,255" step="2"/><U124/><E124/><V22/><F22/><W79/><G79/><T23/><D23/><N who="1" m="13823" /><E18/><AGARI ba="0,1" hai="9,15,18,33,35,88,90,91,96,100,105" m="49707" machi="18" ten="30,11600,0" yaku="19,1,52,2,54,1" doraHai="31" who="2" fromWho="1" sc="142,0,265,-116,328,126,255,0" /><INIT seed="2,1,0,4,3,63" ten="142,149,454,255" oya="2" hai0="101,81,74,97,52,73,83,27,47,64,86,96,11" hai1="45,77,61,36,50,105,65,132,51,89,38,59,54" hai2="25,19,78,100,118,133,66,8,68,41,110,104,56" hai3="93,57,116,113,1,71,16,115,14,26,43,0,30"/><V91/><F118/><W28/><G71/><T2/><D83/><U42/><E105/><V5/><F78/><W128/><G116/><T106/><D97/><U123/><E77/><V102/><F68/><W70/><G70/><T130/><D130/><U108/><E89/><V76/><F76/><W134/><G128/><T95/><D106/><U60/><E108/><V4/><F110/><W87/><G43/><T80/><D27/><U49/><E132/><V39/><F133/><W84/><G134/><T120/><D120/><U90/><E90/><V117/><F117/><W129/><G129/><T58/><D47/><N who="1" m="25847" /><E123/><V103/><F104/><W17/><G57/><T35/><D35/><U22/><E22/><N who="2" m="13535" /><F39/><N who="1" m="14889" /><E65/><V94/><F41/><AGARI ba="1,0" hai="41,45,50,51,54,59,60,61" m="14889,25847" machi="41" ten="30,8000,1" yaku="35,5" doraHai="63" who="1" fromWho="2" sc="142,0,149,83,454,-83,255,0" /><INIT seed="3,0,0,5,2,4" ten="142,232,371,255" oya="3" hai0="124,121,83,66,50,111,107,54,86,59,58,7,125" hai1="118,109,32,114,129,20,13,61,102,68,18,132,120" hai2="49,106,8,57,98,67,105,85,51,82,77,34,14" hai3="30,90,36,91,71,42,12,25,96,104,135,22,40"/><W75/><G71/><T110/><D107/><U11/><E114/><V130/><F34/><W5/><G75/><T92/><D92/><U3/><E120/><V38/><F38/><W37/><G135/><T35/><D35/><U74/><E74/><V15/><F130/><W115/><G115/><T52/><D7/><U1/><E129/><V31/><F31/><W24/><G37/><T100/><D100/><U28/><E102/><V48/><F98/><W103/><G25/><T87/><D121/><U33/><E33/><V46/><F105/><W2/><G2/><T21/><D21/><U19/><E132/><V116/><F106/><W47/><G40/><T112/><D112/><U72/><E72/><V43/><F15/><W73/><G73/><T127/><D66/><U79/><E79/><V123/><F123/><W26/><G26/><T9/><D9/><U62/><E68/><V113/><F116/><W117/><G117/><T17/><D17/><U108/><E118/><V10/><F10/><W134/><G134/><T41/><D41/><U93/><E93/><V122/><F113/><W53/><G53/><T80/><REACH who="0" step="1"/><D125/><REACH who="0" ten="132,232,371,255" step="2"/><U44/><E32/><V39/><F67/><W101/><G103/><T84/><D84/><U128/><E19/><V81/><F85/><W78/><G101/><T89/><D89/><U99/><E18/><V119/><F43/><W63/><G104/><T69/><D69/><U76/><E20/><V27/><F119/><W88/><G22/><T55/><D55/><U94/><E94/><V64/><F122/><W133/><G91/><T70/><D70/><RYUUKYOKU ba="0,1" sc="132,30,232,-10,371,-10,255,-10" hai0="50,52,54,58,59,80,83,86,87,110,111,124,127" owari="162,-33.8,222,-17.8,371,47.1,245,4.5" /></mjloggm>