<mjloggm ver="2.3"><GO type="225" lobby="0"/><UN n0="%E5%A4%96%E5%B7%9D%E7%AB%9C%E6%88%90" n1="%E9%B3%B3%E6%9D%B1%E3%81%AE%E3%81%86%E3%81%95%E3%81%8E%E3%81%95%E3%82%93" n2="%E5%B8%86%E7%AB%8B%E5%A4%8F%E8%A1%A3" n3="%E3%81%82%E3%83%BC%E3%81%97" dan="16,16,17,16" rate="2082.68,2156.98,2184.33,2089.58" sx="M,M,M,M"/><TAIKYOKU oya="0"/><INIT seed="0,0,0,1,4,48" ten="250,250,250,250" oya="0" hai0="71,116,135,107,58,72,64,39,56,47,113,91,46" hai1="66,33,96,100,88,29,126,16,51,12,97,75,1" hai2="31,19,18,131,3,102,20,65,50,30,79,36,57" hai3="7,14,28,25,52,86,76,41,89,123,62,128,115"/><T125/><D107/><U103/><E1/><V68/><F131/><W9/><G115/><T32/><D72/><U44/><E126/><V124/><F124/><W133/><G128/><T4/><D125/><U70/><E75/><V118/><F118/><W95/><G133/><T74/><D74/><U99/><E33/><V78/><F3/><W93/><G123/><T110/><D32/><U134/><E134/><V80/><F36/><W61/><G41/><T10/><D135/><U117/><E117/><V121/><F121/><W114/><G114/><T108/><D113/><U67/><E29/><N who="2" m="10763" /><F68/><W127/><G127/><T17/><D17/><U84/><E70/><V69/><F69/><W105/><G76/><T94/><D116/><U132/><E132/><V59/><F102/><N who="1" m="38953" /><E51/><V63/><F80/><W13/><G13/><N who="0" m="5319" /><D39/><U119/><E44/><N who="0" m="16937" /><D64/><U109/><E109/><N who="0" m="42089" /><D71/><U122/><E122/><V111/><F111/><W5/><G105/><T35/><D35/><U22/><E119/><V54/><F19/><W26/><G7/><T2/><D2/><U0/><E0/><V42/><F42/><W73/><G73/><T77/><D77/><U98/><N who="1" m="24576" /><DORA hai="11" /><U15/><E15/><AGARI ba="0,0" hai="15,18,20,50,54,57,59,63,65,78,79" m="10763" machi="15" ten="30,3900,0" yaku="8,1,52,2" doraHai="48,11" who="2" fromWho="1" sc="250,0,250,-39,250,39,250,0" /><INIT seed="1,0,0,1,1,104" ten="250,211,289,250" oya="1" hai0="94,11,30,48,119,36,114,99,19,88,72,58,128" hai1="34,7,13,92,26,65,25,51,125,133,85,62,35" hai2="121,78,120,83,127,21,103,28,122,52,135,56,75" hai3="84,131,0,109,18,82,57,105,27,40,69,81,68"/><U29/><E133/><V63/><F135/><W10/><G105/><T113/><D119/><U60/><E125/><V47/><F127/><W66/><G40/><T76/><D36/><U54/><E65/><V24/><F103/><W73/><G109/><T4/><D128/><U71/><E71/><V87/><REACH who="2" step="1"/><F47/><REACH who="2" ten="250,211,279,250" step="2"/><W89/><G131/><T3/><D114/><U118/><E118/><V116/><F116/><W97/><G68/><T96/><D113/><U53/><E34/><V67/><F67/><W14/><G69/><T126/><D126/><U79/><E35/><V100/><F100/><W130/><G130/><T5/><D5/><U74/><E7/><V70/><F70/><W15/><G66/><T31/><D4/><U91/><E53/><V107/><F107/><W23/><G57/><T98/><D58/><U64/><E64/><V106/><F106/><W8/><G0/><T50/><D3/><U93/><E54/><V33/><F33/><W46/><G46/><T43/><D43/><U49/><E13/><V42/><F42/><W86/><G15/><T134/><D134/><U108/><E108/><V1/><F1/><W110/><G14/><T9/><D11/><U6/><E6/><V117/><F117/><W95/><G110/><T12/><D9/><U44/><E44/><V17/><F17/><W112/><G112/><T77/><D19/><U59/><E59/><V123/><F123/><W2/><G2/><T16/><D16/><U20/><E20/><V124/><F124/><W101/><G8/><T102/><D12/><U37/><E37/><V80/><F80/><RYUUKYOKU ba="0,1" sc="250,-10,211,-10,279,30,250,-10" hai2="21,24,28,52,56,63,75,78,83,87,120,121,122" /><INIT seed="2,1,1,3,4,9" ten="240,201,309,240" oya="2" hai0="4,52,31,64,89,39,73,22,25,130,78,107,131" hai1="69,81,110,111,95,26,128,35,82,54,84,85,126" hai2="115,33,135,42,104,10,20,51,116,7,55,119,66" hai3="29,86,27,13,83,30,15,3,60,105,133,127,45"/><V24/><F115/><W40/><G105/><T72/><D39/><U19/><E69/><V92/><F104/><W98/><G3/><T8/><D107/><U57/><E128/><N who="0" m="49193" /><D64/><U41/><E41/><V37/><F135/><W1/><G133/><T109/><D109/><N who="1" m="41483" /><E126/><V48/><F33/><W67/><G1/><N who="0" m="15" /><D78/><U75/><E75/><V62/><F92/><W102/><G127/><T114/><D114/><U11/><E35/><V6/><F51/><N who="3" m="27047" /><G60/><T14/><D89/><N who="1" m="53679" /><E84/><V112/><F112/><W50/><G50/><T134/><D134/><U36/><E36/><V93/><F37/><W23/><G30/><T12/><D52/><U87/><E87/><V101/><F42/><W59/><G98/><T68/><D68/><U63/><E26/><V117/><F24/><W90/><G102/><T53/><D53/><U100/><E100/><V21/><F101/><W74/><G74/><AGARI ba="1,1" hai="12,14,22,25,31,72,73,74" m="15,49193" machi="74" ten="30,3900,0" yaku="19,1,52,2" doraHai="9" who="0" fromWho="3" sc="240,52,201,0,309,0,240,-42" /><INIT seed="3,0,0,4,5,24" ten="292,201,309,198" oya="3" hai0="29,39,19,38,110,50,9,53,91,61,131,51,125" hai1="77,64,124,27,107,89,14,54,117,135,30,70,60" hai2="56,127,34,119,102,7,116,73,84,90,72,41,23" hai3="95,68,126,67,5,93,35,128,22,85,118,120,55"/><W47/><G120/><T108/><D125/><U80/><E124/><V52/><F34/><W129/><G126/><T75/><D75/><U79/><E117/><V94/><F127/><W28/><G35/><T42/><D131/><N who="3" m="50249" /><G118/><T130/><D130/><U59/><E107/><V88/><F73/><W49/><G5/><T114/><D114/><U78/><E135/><V133/><F72/><W134/><G134/><T132/><D132/><U69/><E14/><V33/><F33/><W105/><G105/><T12/><D91/><U6/><E6/><V20/><F133/><W106/><G106/><T113/><D113/><U62/><E89/><V1/><F41/><W16/><G28/><T111/><D42/><U48/><E80/><V4/><F102/><W122/><G122/><T76/><D76/><U98/><E98/><N who="2" m="57671" /><F1/><W92/><G67/><T44/><D29/><U81/><E81/><N who="2" m="49423" /><F119/><W87/><G68/><T26/><D39/><U96/><E96/><V100/><F100/><W46/><G46/><T58/><D44/><U36/><E36/><V121/><F121/><W21/><G21/><N who="2" m="8265" /><F116/><W86/><G86/><T115/><D38/><U37/><E37/><V63/><AGARI ba="0,0" hai="4,7,52,56,63" m="8265,49423,57671" machi="63" ten="30,4000,0" yaku="8,1,54,2" doraHai="24" who="2" fromWho="2" sc="292,-10,201,-10,309,40,198,-20" owari="282,8.2,191,-20.9,349,44.9,178,-32.2" /></mjloggm>