<mjloggm ver="2.3"><GO type="225" lobby="0"/><UN n0="%E5%A4%9C%E5%85%89%E5%A4%A9%E6%A5%BC" n1="%72%65%6E%6B%75%6E" n2="%E6%B4%BE%E9%81%A3%E3%81%AE%E3%82%B8%E3%83%A3%E3%83%83%E3%82%AF" n3="%E6%A1%9C%E8%8A%B1%E9%96%83%E3%80%85" dan="16,17,17,16" rate="2136.19,2189.29,2210.27,2195.61" sx="F,M,M,M"/><TAIKYOKU oya="0"/><INIT seed="0,0,0,3,5,116" ten="250,250,250,250" oya="0" hai0="33,30,52,55,11,19,69,20,37,38,59,127,113" hai1="119,8,83,4,80,94,36,65,48,97,104,28,79" hai2="68,115,110,3,126,25,89,132,5,12,1,74,15" hai3="99,134,96,131,40,45,62,22,98,26,67,70,7"/><T51/><D113/><U121/><E36/><V103/><F74/><W73/><G134/><T32/><D69/><U31/><E104/><V6/><F103/><W92/><G131/><T117/><D117/><U64/><E119/><V105/><F105/><W42/><G73/><T39/><D127/><U75/><E83/><V91/><F68/><W13/><G13/><T49/><D11/><U46/><E121/><V71/><F71/><W81/><G7/><T87/><D30/><U76/><E76/><V53/><F53/><W44/><G81/><T16/><D87/><U118/><E118/><V85/><F85/><W17/><G44/><T133/><D133/><U24/><E24/><V93/><F25/><W54/><G54/><N who="0" m="20523" /><D20/><U114/><E114/><V34/><F34/><N who="0" m="13418" /><D59/><U35/><E35/><V102/><F115/><W100/><REACH who="3" step="1"/><G42/><REACH who="3" ten="250,250,250,240" step="2"/><T84/><D84/><U2/><E64/><V130/><F132/><W63/><G63/><T72/><D72/><U129/><E65/><V58/><F126/><W123/><G123/><T41/><D41/><U43/><REACH who="1" step="1"/><E129/><REACH who="1" ten="250,240,250,240" step="2"/><V122/><F130/><W9/><G9/><T95/><D95/><U101/><AGARI ba="0,2" hai="2,4,8,28,31,43,46,48,75,79,80,94,97,101" machi="101" ten="20,8000,1" yaku="1,1,2,1,0,1,7,1,53,1" doraHai="116" doraHaiUra="106" who="1" fromWho="1" sc="250,-40,240,100,250,-20,240,-20" /><INIT seed="1,0,0,5,4,92" ten="210,340,230,220" oya="1" hai0="120,12,121,63,102,16,100,103,67,41,109,97,3" hai1="70,115,66,57,78,38,31,107,71,101,5,44,8" hai2="20,123,81,131,0,91,54,60,43,2,80,87,58" hai3="37,17,39,113,75,125,104,112,134,10,128,116,50"/><U11/><E115/><V108/><F123/><N who="0" m="47178" /><D41/><N who="1" m="22583" /><E57/><V110/><F131/><W59/><G75/><T72/><D3/><N who="1" m="63" /><E11/><V24/><F80/><W105/><G128/><T130/><D109/><N who="2" m="42090" /><F43/><W35/><G39/><T29/><D29/><AGARI ba="0,0" hai="0,2,20,24,29,54,58,60,81,87,91" m="42090" machi="29" ten="30,1000,0" yaku="14,1" doraHai="92" who="2" fromWho="0" sc="210,-10,340,0,230,10,220,0" /><INIT seed="2,0,0,5,4,63" ten="200,340,240,220" oya="2" hai0="37,3,129,48,2,106,57,8,98,92,73,21,38" hai1="89,78,96,15,125,69,114,90,58,32,118,127,56" hai2="43,88,103,62,40,13,23,45,121,54,113,30,51" hai3="132,87,20,44,94,12,29,47,72,101,59,86,130"/><V7/><F121/><W95/><G72/><T135/><D73/><U66/><E32/><V124/><F103/><W4/><G132/><T109/><D135/><U115/><E78/><V42/><F113/><N who="1" m="43017" /><E118/><V111/><F124/><N who="1" m="47689" /><E15/><V99/><F111/><W71/><G71/><T122/><D122/><U10/><E10/><N who="2" m="4319" /><F30/><W70/><G70/><T52/><D106/><U83/><E83/><V67/><F23/><W131/><G29/><T36/><D109/><U0/><E0/><V6/><F6/><W64/><G20/><T128/><D21/><U68/><E68/><V102/><F102/><W108/><G101/><N who="0" m="60615" /><D8/><U18/><E18/><V16/><F16/><W5/><G108/><T28/><D28/><U60/><E90/><V91/><F99/><W19/><G19/><T105/><D105/><U74/><E74/><V123/><F123/><W9/><G9/><T75/><D75/><U107/><E107/><V81/><F81/><W27/><G12/><T22/><D22/><U120/><E120/><V116/><F116/><W97/><G97/><T119/><D119/><U33/><E33/><V93/><F93/><AGARI ba="0,0" hai="56,58,60,66,69,89,93,96" m="47689,43017" machi="93" ten="30,2000,0" yaku="18,1,52,1" doraHai="63" who="1" fromWho="2" sc="200,0,340,20,240,-20,220,0" /><INIT seed="3,0,0,0,5,51" ten="200,360,220,220" oya="3" hai0="69,111,64,19,37,106,108,129,84,101,5,117,3" hai1="97,41,39,74,49,62,105,92,33,23,53,57,61" hai2="80,10,116,127,24,56,81,126,113,79,20,82,128" hai3="73,98,47,46,91,31,86,59,94,50,88,78,135"/><W22/><G135/><T2/><D117/><U4/><E33/><V102/><F113/><W45/><G73/><T119/><D119/><U107/><E74/><V0/><F116/><W87/><G78/><T96/><D37/><U132/><E132/><V99/><F128/><W15/><G15/><T120/><D120/><U85/><E85/><N who="3" m="32266" /><G91/><T77/><D129/><U76/><E76/><V54/><F79/><W28/><G22/><T43/><D43/><U112/><E4/><V34/><F34/><W6/><G6/><T89/><D77/><U115/><E105/><V121/><F121/><W104/><G104/><T114/><D114/><U70/><E107/><V72/><F72/><W48/><G48/><T68/><D5/><U134/><E23/><V90/><F90/><W58/><G50/><T103/><D103/><U21/><E21/><V7/><F102/><W66/><G66/><T35/><D35/><U110/><E134/><V17/><REACH who="2" step="1"/><F99/><REACH who="2" ten="200,360,210,220" step="2"/><W8/><G8/><T131/><D96/><U18/><E97/><V16/><F16/><W26/><G26/><T83/><D19/><U44/><E112/><V40/><F40/><W55/><G55/><T130/><D101/><U109/><E115/><V9/><F9/><W75/><G75/><T63/><D106/><U65/><E41/><V123/><F123/><W32/><G32/><T38/><D131/><U13/><E53/><V60/><AGARI ba="0,1" hai="0,7,10,17,20,24,54,56,60,80,81,82,126,127" machi="60" ten="30,4000,0" yaku="1,1,0,1,52,1,53,0" doraHai="51" doraHaiUra="124" who="2" fromWho="2" sc="200,-10,360,-10,210,50,220,-20" owari="190,-31.0,350,45.0,260,6.0,200,-20.0" /></mjloggm>