<mjloggm ver="2.3"><GO type="225" lobby="0"/><UN n0="%E6%B1%9D%E6%9C%89%E4%BD%95%E7%96%91" n1="%E3%81%9F%E3%81%93%E2%98%86%E7%84%BC%E3%81%8D" n2="%E3%81%95%E3%81%8D%E3%81%9F%E3%81%BE%E6%9E%97%E6%AA%8E" n3="%47%32%E9%BE%8D%E9%96%80" dan="16,16,16,16" rate="2106.76,2110.86,2082.31,2096.98" sx="M,M,M,M"/><TAIKYOKU oya="0"/><INIT seed="0,0,0,3,4,48" ten="250,250,250,250" oya="0" hai0="25,87,103,33,130,134,123,99,120,132,53,95,64" hai1="21,83,11,86,88,93,10,55,72,17,109,3,131" hai2="91,23,20,101,100,127,34,106,79,7,29,32,92" hai3="74,67,111,0,98,15,44,69,125,102,113,124,42"/><T60/><D130/><U41/><E109/><V117/><F117/><W24/><G0/><T27/><D87/><N who="1" m="52383" /><E41/><V119/><F119/><W129/><G113/><T97/><D97/><U108/><E72/><V40/><F106/><W49/><G74/><T22/><D33/><U54/><E3/><V66/><F40/><W56/><G69/><T126/><D126/><N who="3" m="48745" /><G111/><T104/><D104/><U62/><E62/><V58/><F127/><W45/><G45/><T61/><D27/><N who="1" m="14767" /><E131/><V96/><F34/><W94/><G129/><T2/><D2/><U51/><E51/><V46/><F32/><W90/><G15/><T16/><D61/><U13/><E108/><V14/><F14/><W50/><G24/><T81/><D81/><U36/><E36/><V110/><F110/><W121/><G121/><T12/><D25/><U37/><E37/><V19/><F29/><W6/><G50/><T107/><D107/><U80/><E80/><V116/><F116/><W18/><G49/><T70/><REACH who="0" step="1"/><D53/><REACH who="0" ten="240,250,250,250" step="2"/><N who="1" m="19979" /><E13/><V5/><F92/><W8/><G94/><T128/><D128/><U52/><N who="1" m="19987" /><U85/><DORA hai="89" /><E85/><V43/><F96/><W77/><G98/><T47/><D47/><U1/><E1/><V57/><F46/><W78/><G44/><T38/><D38/><U115/><E115/><V118/><F43/><W82/><G42/><T63/><D63/><U59/><E59/><V133/><F58/><W35/><G56/><T9/><D9/><U68/><E68/><V112/><F57/><W31/><G8/><N who="1" m="3114" /><E86/><V30/><F112/><W4/><G82/><T105/><D105/><RYUUKYOKU ba="0,1" sc="240,15,250,15,250,-15,250,-15" hai0="12,16,22,60,64,70,95,99,103,120,123,132,134" hai1="83" /><INIT seed="0,1,1,2,0,63" ten="255,265,235,235" oya="0" hai0="96,31,22,92,16,21,41,19,4,81,124,33,118" hai1="25,1,51,70,60,48,14,126,117,121,134,23,89" hai2="72,99,65,127,62,57,132,6,85,75,10,90,26" hai3="84,24,79,125,129,18,46,130,97,73,47,104,94"/><T83/><D118/><U105/><E1/><V101/><F132/><W66/><G73/><T32/><D124/><U38/><E38/><V133/><F133/><W93/><G104/><T53/><D41/><U50/><E105/><V8/><F127/><W122/><G125/><T82/><D4/><U59/><E121/><V49/><F26/><W76/><G122/><T0/><D0/><U58/><E117/><V40/><F40/><W95/><G97/><T68/><D68/><U113/><E113/><V29/><F29/><W106/><G106/><T88/><D31/><U42/><E42/><V116/><F116/><W71/><G18/><N who="0" m="6699" /><D32/><U115/><E14/><V114/><F114/><W9/><G9/><T43/><D43/><U67/><E115/><V108/><F10/><W80/><G24/><T98/><D33/><U91/><E134/><V2/><F49/><W37/><G76/><T11/><D11/><U64/><E70/><V87/><F87/><W123/><G37/><T39/><D39/><U86/><E86/><V131/><F131/><N who="3" m="50187" /><G123/><T78/><D78/><U52/><E58/><V120/><F120/><W44/><G71/><T54/><D98/><U27/><E27/><V128/><F128/><W69/><G69/><T7/><D7/><U5/><E5/><V109/><F75/><W77/><G79/><T28/><D28/><N who="1" m="17471" /><E126/><V35/><F35/><W112/><G112/><T55/><AGARI ba="1,1" hai="21,22,53,54,55,81,82,83,88,92,96" m="6699" machi="55" ten="40,7800,0" yaku="8,1,54,2" doraHai="63" who="0" fromWho="0" sc="255,91,265,-27,235,-27,235,-27" /><INIT seed="0,2,0,4,3,37" ten="346,238,208,208" oya="0" hai0="20,114,25,26,1,28,76,85,45,27,56,38,18" hai1="101,96,58,14,77,123,39,109,15,111,66,29,105" hai2="133,122,124,68,121,104,12,70,48,11,40,74,50" hai3="132,64,113,120,131,54,21,127,7,69,87,6,135"/><T2/><D114/><U59/><E29/><V103/><F74/><W22/><G113/><T84/><D56/><U5/><E123/><V112/><F112/><W17/><G120/><N who="2" m="46185" /><F103/><W71/><G127/><T67/><D67/><U128/><E77/><V60/><F104/><W31/><G87/><T90/><D76/><U16/><E39/><V98/><F98/><W94/><G94/><T72/><D72/><U46/><E46/><N who="2" m="25671" /><F12/><W36/><G36/><T49/><D38/><U61/><E128/><V115/><F11/><W53/><G64/><T92/><D85/><U34/><E34/><V47/><F115/><W108/><G17/><T102/><D102/><U19/><E5/><V89/><F89/><W55/><G55/><T0/><REACH who="0" step="1"/><D28/><REACH who="0" ten="336,238,208,208" step="2"/><U75/><E75/><V78/><F78/><W8/><G131/><T125/><D125/><U106/><E59/><V129/><F129/><W81/><G31/><T13/><D13/><U43/><E14/><V93/><F124/><W117/><G71/><T51/><D51/><U65/><E15/><V9/><F50/><W57/><G69/><T80/><D80/><U63/><E101/><V116/><F70/><W79/><G81/><T130/><D130/><U110/><E58/><V82/><F82/><W35/><G57/><T86/><D86/><U41/><E110/><V44/><F68/><W99/><G108/><T24/><D24/><U134/><E96/><V118/><F118/><W4/><G99/><T42/><AGARI ba="2,1" hai="0,1,2,18,20,25,26,27,42,45,49,84,90,92" machi="42" ten="30,6000,0" yaku="1,1,0,1,52,1,53,0" doraHai="37" doraHaiUra="52" who="0" fromWho="0" sc="336,76,238,-22,208,-22,208,-22" /><INIT seed="0,3,0,4,2,121" ten="412,216,186,186" oya="0" hai0="134,32,77,21,119,98,55,63,54,15,88,42,47" hai1="115,73,102,74,81,89,104,117,26,103,36,80,83" hai2="122,22,3,96,93,16,60,94,131,76,9,41,110" hai3="64,79,62,4,49,65,23,0,130,124,2,107,7"/><T123/><D123/><U25/><E36/><V127/><F122/><W69/><G107/><T112/><D112/><U31/><E117/><V113/><F127/><W97/><G124/><T111/><D32/><U56/><E56/><V125/><F125/><W120/><G120/><T100/><D119/><U27/><E31/><V30/><F30/><W99/><G79/><T118/><D118/><U101/><E115/><V52/><F113/><W91/><G49/><T10/><D77/><U13/><E13/><V37/><F76/><W126/><G126/><T29/><D63/><U12/><E12/><V106/><F106/><W87/><G23/><T48/><D134/><U82/><E104/><V67/><F67/><W71/><G87/><AGARI ba="3,0" hai="25,26,27,73,74,80,81,82,83,87,89,101,102,103" machi="87" ten="50,3200,0" yaku="29,2" doraHai="121" who="1" fromWho="3" sc="412,0,216,41,186,0,186,-41" /><INIT seed="1,0,0,5,2,3" ten="412,257,186,145" oya="1" hai0="75,122,51,53,85,46,15,125,19,104,80,37,78" hai1="79,59,42,4,134,72,13,107,110,89,113,109,77" hai2="1,121,5,45,25,22,115,128,32,50,44,92,123" hai3="30,94,73,60,91,57,98,67,112,27,83,2,105"/><U114/><E42/><V102/><F128/><W55/><G112/><N who="1" m="43114" /><E107/><V133/><F133/><W31/><G2/><T52/><D125/><U12/><E59/><V66/><F32/><W40/><G105/><T43/><D122/><U130/><E89/><V58/><F115/><W96/><G40/><T16/><D104/><U24/><E24/><V70/><F70/><W82/><G73/><T63/><D63/><U108/><E72/><V118/><F45/><W97/><G67/><T87/><D19/><U34/><E34/><V84/><F84/><W119/><G119/><T41/><D41/><U62/><E62/><N who="2" m="38231" /><F50/><W93/><G31/><T103/><D103/><U76/><E130/><V6/><F1/><W47/><G47/><T65/><D65/><U14/><E134/><V74/><F74/><W71/><G71/><T129/><D129/><U127/><E127/><V49/><F49/><W81/><REACH who="3" step="1"/><G91/><REACH who="3" ten="412,257,186,135" step="2"/><T101/><D53/><U61/><E61/><V9/><F44/><W48/><G48/><T124/><D124/><U28/><E28/><N who="2" m="17463" /><F118/><W131/><G131/><T69/><D69/><U39/><E39/><V23/><F123/><W90/><G90/><T68/><D68/><U0/><E0/><V117/><F117/><W56/><G56/><T116/><D116/><U26/><E79/><V7/><F121/><W8/><G8/><T29/><D29/><U95/><E77/><V35/><F9/><W100/><G100/><T11/><D101/><U54/><E76/><V38/><F38/><W135/><G135/><T20/><D20/><AGARI ba="0,1" hai="20,27,30,55,57,60,81,82,83,93,94,96,97,98" machi="20" ten="40,2600,0" yaku="1,1,8,1,53,0" doraHai="3" doraHaiUra="33" who="3" fromWho="0" sc="412,-26,257,0,186,0,135,36" /><INIT seed="2,0,0,0,5,115" ten="386,257,186,171" oya="2" hai0="90,11,19,36,65,66,68,77,12,116,3,84,102" hai1="35,124,104,46,109,122,34,111,59,1,100,20,134" hai2="128,133,15,2,89,126,50,25,95,29,67,103,85" hai3="48,6,40,74,132,129,5,43,49,0,41,51,70"/><V69/><F2/><W79/><G70/><T55/><D36/><U131/><E59/><V75/><F75/><W107/><G107/><T54/><D77/><U56/><E56/><V123/><F123/><W118/><G118/><T93/><D116/><U94/><E20/><V17/><F126/><W108/><G108/><T4/><D102/><U125/><E46/><V9/><F128/><W23/><G129/><T127/><D127/><U62/><E62/><V39/><F39/><W117/><G117/><T58/><D68/><U99/><E94/><V96/><F133/><W97/><G132/><T53/><REACH who="0" step="1"/><D58/><REACH who="0" ten="376,257,186,171" step="2"/><U119/><E100/><V26/><F69/><W110/><G79/><T135/><D135/><U83/><E124/><V105/><F105/><W71/><G71/><T112/><D112/><U18/><E111/><V120/><F120/><W101/><G110/><T98/><D98/><U38/><E99/><V27/><F103/><W8/><G97/><T63/><D63/><U13/><E109/><V121/><F121/><W61/><G101/><T81/><D81/><U37/><E83/><V22/><F96/><W78/><G61/><T24/><D24/><N who="2" m="9322" /><F67/><W113/><G113/><T31/><D31/><U114/><E37/><V10/><F50/><W72/><G78/><T16/><D16/><U73/><E18/><V47/><F47/><W28/><G6/><T14/><D14/><U60/><E13/><V30/><F29/><W92/><G92/><T7/><D7/><U42/><E114/><V64/><F64/><W80/><G80/><T87/><D87/><U45/><E122/><RYUUKYOKU ba="0,1" sc="376,10,257,-30,186,10,171,10" hai0="3,4,11,12,19,53,54,55,65,66,84,90,93" hai2="9,10,15,17,22,27,30,85,89,95" hai3="0,5,8,23,28,40,41,43,48,49,51,72,74" /><INIT seed="2,1,1,1,0,86" ten="386,227,196,181" oya="2" hai0="34,2,100,4,26,36,126,89,73,22,69,91,83" hai1="59,82,120,93,109,99,43,51,67,116,87,72,113" hai2="92,33,35,95,102,11,54,127,20,107,16,125,128" hai3="132,44,66,41,50,71,0,13,52,46,75,108,131"/><V57/><F128/><W129/><G0/><T47/><D69/><U96/><E72/><V80/><F11/><W134/><G75/><T88/><D34/><U104/><E113/><V68/><F68/><W78/><G78/><N who="0" m="44495" /><D100/><U74/><E116/><V114/><F114/><W62/><G13/><T29/><D91/><N who="1" m="51703" /><E74/><V40/><F40/><W8/><G8/><N who="0" m="2071" /><D126/><N who="2" m="48138" /><F80/><W32/><G32/><N who="2" m="12361" /><F107/><W42/><G108/><T18/><D29/><U81/><E109/><V28/><F28/><W37/><G41/><AGARI ba="1,1" hai="18,22,26,36,41,47,88,89" m="2071,44495" machi="41" ten="30,7700,0" yaku="25,1,52,2,54,1" doraHai="86" who="0" fromWho="3" sc="386,90,227,0,196,0,181,-80" /><INIT seed="3,0,0,1,0,23" ten="476,227,196,101" oya="3" hai0="24,59,40,67,50,134,79,25,112,82,53,93,96" hai1="75,92,9,123,32,126,69,47,51,5,105,88,61" hai2="15,57,73,121,131,52,6,130,31,90,117,68,125" hai3="33,91,129,36,127,95,42,71,63,107,85,8,12"/><W106/><G33/><T135/><D40/><U120/><E105/><V11/><F117/><W113/><G113/><T60/><D112/><U72/><E126/><V4/><F125/><W27/><G127/><T104/><D104/><U128/><E128/><N who="2" m="49195" /><F68/><W133/><G129/><T122/><D122/><U45/><E47/><V111/><F111/><W102/><G133/><N who="0" m="50699" /><D93/><U39/><E32/><V49/><F121/><W1/><G1/><T44/><D96/><U26/><E39/><V99/><F73/><AGARI ba="0,0" hai="24,25,44,50,53,59,60,67,73,79,82" m="50699" machi="73" ten="30,3900,0" yaku="20,1,52,2" doraHai="23" who="0" fromWho="2" sc="476,39,227,0,196,-39,101,0" owari="515,61.5,227,2.7,157,-24.3,101,-39.9" /></mjloggm>