<mjloggm ver="2.3"><GO type="225" lobby="0"/><UN n0="%E5%91%A8%E6%9D%B1" n1="%E3%81%8B%E3%82%8F%E3%81%A1%E3%82%83%E3%82%93%35%38" n2="%E4%BF%BA%E3%81%A8%E5%A6%96%E5%A4%A2" n3="%4B%2E%32%2E%4B%2E" dan="17,17,17,16" rate="2171.37,2210.66,2194.15,2121.88" sx="M,M,F,M"/><TAIKYOKU oya="0"/><INIT seed="0,0,0,3,0,25" ten="250,250,250,250" oya="0" hai0="80,90,119,115,118,110,100,43,61,22,120,0,49" hai1="3,99,81,75,6,33,96,42,97,47,57,48,11" hai2="135,113,79,127,23,28,116,27,105,4,124,86,104" hai3="21,29,12,45,121,10,39,133,67,62,8,36,71"/><T128/><D120/><U41/><E33/><V111/><F113/><W66/><G121/><T93/><D115/><U82/><E75/><V114/><F114/><W103/><G133/><T20/><D0/><U7/><E7/><V84/><F135/><W112/><G112/><T30/><D128/><U31/><E42/><V88/><F111/><W58/><G67/><T94/><D110/><U126/><E126/><N who="2" m="48171" /><F116/><W106/><G71/><T108/><D108/><U13/><E3/><V72/><F4/><W122/><G122/><T26/><D61/><U131/><E131/><V95/><F72/><W17/><G45/><N who="0" m="25791" /><D119/><U1/><E1/><V64/><F64/><W123/><G123/><T52/><D118/><U40/><E40/><V77/><F86/><W35/><G39/><T109/><D109/><U68/><E68/><V69/><F69/><N who="3" m="42199" /><G36/><T16/><D100/><U51/><REACH who="1" step="1"/><E31/><REACH who="1" ten="250,240,250,250" step="2"/><V83/><F83/><W55/><G29/><T129/><D129/><U50/><E50/><V92/><F92/><W19/><G106/><AGARI ba="0,1" hai="23,27,28,77,79,84,88,95,104,105,106" m="48171" machi="106" ten="30,3900,0" yaku="18,1,52,1,54,1" doraHai="25" who="2" fromWho="3" sc="250,0,240,0,250,49,250,-39" /><INIT seed="1,0,0,5,3,60" ten="250,240,299,211" oya="1" hai0="124,119,90,52,129,44,31,34,47,104,110,12,99" hai1="106,135,96,131,40,10,80,37,22,76,32,72,5" hai2="112,134,89,33,23,8,103,94,125,97,35,101,21" hai3="64,130,29,28,18,92,62,11,91,75,63,38,116"/><U16/><E32/><V54/><F134/><W55/><G75/><T61/><D119/><U25/><E135/><V6/><F125/><W107/><G107/><T69/><D124/><U111/><E131/><V123/><F123/><W19/><G116/><T117/><D129/><U58/><E111/><V79/><F112/><W48/><G130/><T46/><D117/><U4/><E58/><V127/><F127/><W51/><G38/><T109/><D12/><U114/><E114/><V42/><F42/><W66/><G11/><T26/><D90/><U57/><E57/><V67/><F79/><W49/><G55/><T17/><D17/><N who="3" m="6153" /><G63/><T82/><D82/><U115/><E115/><V36/><F36/><W102/><G102/><N who="0" m="62559" /><D52/><U81/><E81/><V59/><F35/><W7/><G7/><T88/><D88/><U73/><E73/><V14/><F33/><W3/><G3/><T68/><D61/><U95/><E106/><V24/><F21/><W120/><G62/><T50/><D50/><N who="3" m="12801" /><W77/><DORA hai="15" /><G77/><T53/><D53/><U41/><E37/><V113/><F113/><W0/><G0/><T27/><D110/><U93/><E4/><V87/><F103/><W126/><G120/><T9/><D109/><U74/><E74/><V84/><F101/><W133/><G133/><T118/><D9/><U20/><E20/><V65/><F23/><W13/><G13/><T43/><D118/><U105/><E41/><V70/><F14/><W71/><G126/><T86/><D43/><U121/><E40/><V83/><F54/><W100/><G100/><T1/><D1/><RYUUKYOKU ba="0,0" sc="250,0,240,0,299,0,211,0" /><INIT seed="2,1,0,4,5,12" ten="250,240,299,211" oya="2" hai0="92,109,130,85,61,27,53,25,119,48,111,115,60" hai1="66,45,135,44,102,121,125,8,128,41,31,7,58" hai2="49,123,71,21,51,101,10,50,95,57,14,35,68" hai3="112,75,55,84,97,1,86,126,19,91,28,82,93"/><V88/><F123/><W46/><G1/><T114/><D130/><U96/><E128/><V108/><F35/><W131/><G131/><T22/><D119/><U94/><E125/><V9/><F101/><W69/><G69/><T32/><D32/><U4/><E135/><V18/><F108/><N who="0" m="41546" /><D85/><U72/><E72/><V47/><F71/><W62/><G126/><T90/><D90/><U5/><E121/><V34/><F68/><W132/><G112/><N who="0" m="43051" /><D92/><U89/><E31/><V67/><F34/><W129/><G129/><T127/><D127/><U30/><E30/><V99/><F47/><N who="1" m="17993" /><E41/><V33/><F33/><W43/><G75/><T39/><D39/><U83/><E8/><N who="2" m="3179" /><F67/><W110/><G110/><T11/><D11/><U104/><E104/><V0/><F0/><W13/><G132/><T105/><D105/><U26/><E26/><N who="0" m="9737" /><D22/><U118/><E118/><V24/><F14/><W59/><G43/><T124/><D124/><U133/><E133/><V70/><F70/><W116/><G116/><T29/><D29/><U106/><E106/><V107/><F107/><W65/><G28/><T80/><D80/><U77/><E102/><V87/><F87/><W103/><G86/><T54/><D48/><U73/><E5/><V98/><F98/><W122/><G122/><T16/><D16/><U81/><E81/><V64/><F64/><W6/><G6/><T36/><D36/><U63/><E4/><V74/><F74/><W113/><G113/><T38/><D38/><U37/><E7/><V3/><F3/><W42/><G42/><T56/><D56/><AGARI ba="1,0" hai="18,21,24,49,50,51,56,57,88,95,99" m="3179" machi="56" ten="30,5800,0" yaku="8,1,52,1,54,1" doraHai="12" who="2" fromWho="0" sc="250,-61,240,0,299,61,211,0" /><INIT seed="2,2,0,5,1,87" ten="189,240,360,211" oya="2" hai0="122,67,58,27,86,44,91,92,74,52,47,14,5" hai1="50,35,15,53,26,135,85,104,128,43,125,17,117" hai2="69,121,99,81,2,102,30,8,124,1,61,123,126" hai3="45,63,19,79,20,83,46,23,82,49,106,29,100"/><V33/><F33/><W11/><G106/><T127/><D122/><U130/><E117/><V10/><F30/><W89/><G100/><T105/><D127/><N who="2" m="48682" /><F81/><W96/><G63/><T94/><D105/><U9/><E104/><V97/><F61/><W71/><G71/><T7/><D74/><U62/><E125/><V129/><F69/><W0/><G0/><N who="2" m="105" /><F129/><W101/><G83/><T73/><D73/><U42/><E62/><V68/><F68/><W34/><G29/><T24/><D67/><U108/><E35/><V39/><F39/><W133/><G82/><T120/><D120/><N who="2" m="46154" /><F102/><W134/><G101/><T110/><D110/><U18/><E108/><V56/><F56/><W78/><G34/><T116/><D116/><U3/><E130/><V25/><F25/><N who="0" m="9802" /><D94/><U98/><E128/><V21/><F21/><W132/><G132/><T32/><D32/><U77/><E26/><V41/><F41/><W59/><G134/><T75/><D75/><U6/><E43/><V112/><F112/><W95/><G133/><T55/><D55/><U90/><E42/><V12/><F12/><W131/><G131/><T31/><D31/><U114/><E114/><V28/><F28/><W13/><G95/><T103/><D103/><U54/><E135/><V119/><F119/><W22/><G13/><T84/><D14/><U115/><E115/><V76/><F76/><W4/><G79/><T36/><D36/><U118/><E118/><V37/><F37/><W80/><G78/><T88/><D92/><N who="1" m="56599" /><E3/><V48/><F8/><W16/><G80/><N who="0" m="49159" /><D58/><N who="1" m="33079" /><E54/><V70/><F70/><W51/><G59/><RYUUKYOKU ba="2,0" sc="189,-10,240,30,360,-10,211,-10" hai1="6,9,15,17,18,77,85" /><INIT seed="3,3,0,0,2,105" ten="179,270,350,201" oya="3" hai0="99,29,58,19,121,96,24,23,67,49,34,66,103" hai1="91,35,90,73,61,9,40,131,118,62,95,101,128" hai2="4,47,84,39,51,0,111,41,11,79,94,10,38" hai3="116,21,114,86,132,53,64,89,81,55,54,50,8"/><W31/><G114/><T100/><D121/><U125/><E35/><V127/><F111/><W42/><G116/><T46/><D58/><U108/><E118/><V15/><F127/><W74/><G132/><T16/><D19/><U45/><E108/><V122/><F122/><W65/><G74/><T115/><D115/><U88/><E125/><V2/><F94/><W52/><G42/><T33/><D33/><U43/><E9/><V27/><F27/><N who="3" m="16879" /><G8/><T18/><D18/><U123/><E123/><V106/><F106/><W63/><G63/><T135/><D135/><U68/><E73/><V129/><F129/><N who="1" m="49737" /><E68/><V77/><F77/><W134/><G134/><T119/><D119/><U7/><E7/><N who="2" m="3551" /><F0/><W76/><G76/><T130/><D130/><U80/><E80/><AGARI ba="3,0" hai="2,4,11,38,39,41,47,51,79,80,84" m="3551" machi="80" ten="30,1000,0" yaku="25,1" doraHai="105" who="2" fromWho="1" sc="179,0,270,-19,350,19,201,0" owari="179,-32.1,251,5.1,369,46.9,201,-19.9" /></mjloggm>