<mjloggm ver="2.3"><GO type="225" lobby="0"/><UN n0="%E3%82%BC%E3%83%AB%E3%83%80%E3%81%AE%E4%BC%9D%E8%AA%AC" n1="%E3%81%BF%E3%81%BF%E3%81%9A" n2="%E3%83%B4%E3%83%A0%EF%BC%99%E3%81%A6" n3="%E4%BF%BA%E3%81%A8%E5%A6%96%E5%A4%A2" dan="17,18,16,16" rate="2153.36,2266.44,2132.61,2125.91" sx="M,M,M,F"/><TAIKYOKU oya="0"/><INIT seed="0,0,0,4,3,105" ten="250,250,250,250" oya="0" hai0="53,112,128,95,40,130,26,36,114,71,3,103,113" hai1="39,57,68,131,59,31,67,15,99,108,100,119,18" hai2="65,125,0,41,86,63,43,50,49,32,10,110,33" hai3="19,98,44,120,82,92,127,46,126,75,117,16,12"/><T84/><D3/><U116/><E39/><V109/><F125/><N who="3" m="47627" /><G117/><T122/><D122/><U70/><E31/><V133/><F133/><W87/><G120/><T6/><D6/><U118/><E108/><V64/><F86/><W135/><G135/><T69/><D53/><U34/><E34/><V35/><F0/><W30/><G30/><T60/><D26/><U48/><E131/><N who="0" m="50217" /><D60/><U45/><E67/><N who="2" m="25675" /><F10/><N who="3" m="6167" /><G19/><T101/><D84/><U79/><E118/><V90/><F63/><W61/><G61/><T66/><D66/><U52/><E116/><V93/><F43/><W24/><G24/><T107/><D107/><U14/><E119/><V21/><F41/><W80/><G80/><T77/><D77/><U5/><E79/><V38/><F110/><W62/><G62/><T23/><D23/><N who="1" m="11735" /><E68/><N who="0" m="26185" /><D95/><N who="1" m="58495" /><E70/><V25/><F109/><W20/><G20/><T129/><D129/><U37/><E37/><V4/><F38/><W51/><G51/><T9/><D9/><AGARI ba="0,0" hai="5,9,15,45,48,52,57,59" m="58495,11735" machi="9" ten="30,2000,0" yaku="8,1,54,1" doraHai="105" who="1" fromWho="0" sc="250,-20,250,20,250,0,250,0" /><INIT seed="1,0,0,1,2,33" ten="230,270,250,250" oya="1" hai0="9,122,70,4,135,102,90,51,24,74,32,21,126" hai1="85,124,8,44,50,79,30,73,83,132,117,97,14" hai2="66,112,123,125,45,10,29,25,88,28,75,109,12" hai3="92,89,31,18,5,104,82,80,37,93,69,134,3"/><U127/><E117/><V26/><F123/><W68/><G104/><T84/><D74/><U62/><E132/><V55/><F75/><W98/><G37/><T121/><D70/><U54/><E30/><V59/><F109/><W35/><G134/><T94/><D135/><U131/><E131/><V60/><F125/><N who="1" m="48201" /><E97/><V77/><F77/><W87/><G31/><N who="2" m="11849" /><F112/><W39/><G35/><T111/><D32/><U6/><E62/><V114/><F114/><W106/><G39/><T22/><D126/><U107/><E107/><V67/><F88/><W105/><G18/><T116/><D116/><U7/><E73/><V19/><F45/><W71/><G92/><T95/><D111/><U81/><E83/><V1/><F1/><W2/><G82/><T40/><D121/><U64/><E64/><AGARI ba="0,0" hai="10,12,19,25,26,55,59,60,64,66,67" m="11849" machi="64" ten="30,1000,0" yaku="8,1" doraHai="33" who="2" fromWho="1" sc="230,0,270,-10,250,10,250,0" /><INIT seed="2,0,0,0,5,91" ten="230,260,260,250" oya="2" hai0="102,14,95,80,9,8,66,43,0,49,114,70,58" hai1="76,134,120,34,122,12,31,125,119,78,6,36,126" hai2="90,121,23,17,30,51,18,25,53,118,42,131,87" hai3="15,21,62,20,110,39,98,117,93,92,94,89,96"/><V133/><F118/><W38/><G117/><T27/><D114/><U71/><E119/><V73/><F121/><N who="1" m="46697" /><E36/><V40/><F73/><W101/><G110/><T79/><D0/><U52/><E71/><V16/><F133/><W65/><G92/><T32/><D70/><U107/><E107/><V105/><F105/><W57/><REACH who="3" step="1"/><G15/><REACH who="3" ten="230,260,260,240" step="2"/><T37/><D14/><U86/><E12/><V127/><F127/><W7/><G7/><T13/><D13/><U130/><E6/><V4/><F4/><W129/><G129/><T109/><D109/><U68/><E130/><V84/><F131/><W132/><G132/><T103/><D95/><U88/><E134/><V77/><F77/><W99/><G99/><T3/><D3/><U50/><E76/><V33/><F33/><W128/><G128/><T45/><D9/><U26/><E78/><V100/><F100/><W112/><G112/><T64/><D8/><U10/><E10/><V113/><F113/><W108/><G108/><T28/><D103/><U60/><E126/><V59/><F84/><W46/><G46/><T35/><D102/><U29/><E125/><V19/><N who="2" m="4096" /><DORA hai="5" /><V74/><F74/><W1/><G1/><T75/><REACH who="0" step="1"/><D35/><REACH who="0" ten="220,260,260,240" step="2"/><U97/><E34/><V124/><F124/><W116/><G116/><T106/><D106/><U123/><E123/><V55/><F55/><AGARI ba="0,2" hai="27,28,32,37,43,45,49,55,58,64,66,75,79,80" machi="55" ten="40,2600,0" yaku="1,1,53,1" doraHai="91,5" doraHaiUra="135,72" who="0" fromWho="2" sc="220,46,260,0,260,-26,240,0" /><INIT seed="3,0,0,4,0,5" ten="266,260,234,240" oya="3" hai0="94,92,23,130,21,129,118,65,20,73,22,33,19" hai1="55,122,0,54,8,30,132,121,60,41,95,87,69" hai2="119,10,91,123,17,103,46,134,126,85,31,67,11" hai3="18,28,100,42,114,80,25,99,108,38,105,50,107"/><W44/><G114/><T34/><D73/><U109/><E41/><V7/><F119/><W52/><G108/><T78/><D78/><U82/><E30/><V61/><F31/><W16/><G80/><T36/><D65/><U4/><E109/><V98/><F126/><W81/><G81/><T106/><D106/><U120/><E95/><N who="0" m="36393" /><D36/><U84/><E132/><V115/><F115/><W113/><G107/><T96/><D96/><U2/><E2/><V71/><F123/><W70/><G70/><T32/><N who="0" m="5120" /><DORA hai="40" /><T13/><D118/><U39/><E39/><V68/><F68/><W57/><G113/><T116/><D116/><U74/><E74/><V35/><F35/><AGARI ba="0,0" hai="16,18,25,28,35,38,42,44,50,52,57,99,100,105" machi="35" ten="30,11600,0" yaku="7,1,52,1,54,2" doraHai="5,40" who="3" fromWho="2" sc="266,0,260,0,234,-116,240,116" owari="266,6.6,260,-14.0,118,-38.2,356,45.6" /></mjloggm>