<mjloggm ver="2.3"><GO type="225" lobby="0"/><UN n0="%72%65%6E%6B%75%6E" n1="%E3%82%A2%E3%82%A4%E3%82%B9%E3%83%86%E3%82%A3%E3%83%BC%E3%81%82%E3%81%B9" n2="%4C%4F%4C%49%54%41" n3="%E5%B5%90%E9%9B%B2%E3%81%AE%E3%82%AB%E3%83%A9%E3%82%B9" dan="17,16,16,16" rate="2220.81,2078.10,2149.53,2067.60" sx="M,M,F,F"/><TAIKYOKU oya="0"/><INIT seed="0,0,0,1,3,18" ten="250,250,250,250" oya="0" hai0="129,34,26,35,3,47,13,110,50,132,29,103,81" hai1="20,57,31,42,44,37,11,128,87,12,23,32,105" hai2="55,7,2,97,109,4,62,64,5,40,36,121,22" hai3="89,65,107,0,24,6,115,76,74,131,10,135,133"/><T19/><D129/><U95/><E105/><V60/><F121/><W63/><G115/><T54/><D132/><N who="3" m="50761" /><G107/><T73/><D3/><U80/><E128/><V111/><F36/><W56/><G131/><T67/><D67/><U119/><E119/><V91/><F40/><W46/><G46/><T113/><D113/><U83/><E95/><N who="2" m="56575" /><F55/><W108/><G108/><N who="2" m="41545" /><F2/><W9/><G9/><T1/><D1/><U48/><E32/><V51/><F51/><W69/><G89/><T125/><D110/><U101/><E31/><V53/><F53/><W49/><G24/><T84/><D35/><U72/><E101/><V41/><F41/><W27/><G27/><T33/><D34/><U106/><E106/><V66/><F22/><N who="1" m="8233" /><E37/><V28/><F28/><W126/><G126/><T8/><D103/><U75/><E75/><V100/><F100/><W134/><G134/><T58/><D73/><U118/><E72/><V59/><F59/><W104/><G104/><T92/><D58/><U15/><E118/><V112/><F112/><W77/><G74/><T116/><D125/><U120/><E120/><V122/><F122/><W68/><G68/><T71/><D71/><U85/><E57/><V96/><F96/><W127/><G127/><T38/><D38/><U93/><E11/><V90/><F90/><W82/><G69/><T79/><D116/><U86/><E93/><V70/><F70/><W17/><G56/><T130/><D92/><U123/><E123/><V61/><AGARI ba="0,0" hai="4,5,7,60,61,62,64,66" m="41545,56575" machi="61" ten="40,1500,0" yaku="14,1" doraHai="18" who="2" fromWho="2" sc="250,-7,250,-4,250,15,250,-4" /><INIT seed="1,0,0,5,5,1" ten="243,246,265,246" oya="1" hai0="15,13,71,16,8,52,114,18,19,106,95,102,76" hai1="107,38,51,113,133,108,121,33,10,92,111,119,43" hai2="48,53,81,41,70,35,84,67,86,123,104,46,27" hai3="20,126,63,130,37,59,11,17,36,100,39,22,26"/><U122/><E107/><V124/><F123/><N who="1" m="47113" /><E33/><V110/><F104/><W96/><G130/><T89/><D71/><U61/><E92/><V50/><F124/><W55/><G126/><T23/><D114/><U28/><E28/><V57/><F110/><N who="1" m="42025" /><E10/><V83/><F70/><W73/><G73/><T58/><D76/><U115/><E133/><V120/><F67/><W14/><REACH who="3" step="1"/><G26/><REACH who="3" ten="243,246,265,236" step="2"/><T29/><D106/><AGARI ba="0,1" hai="11,14,17,20,22,36,37,39,55,59,63,96,100,106" machi="106" ten="40,2600,0" yaku="1,1,2,1,53,0" doraHai="1" doraHaiUra="90" who="3" fromWho="0" sc="243,-26,246,0,265,0,236,36" /><INIT seed="2,0,0,1,5,109" ten="217,246,265,272" oya="2" hai0="38,87,104,56,90,99,117,84,92,63,62,43,115" hai1="128,50,61,26,48,78,114,123,79,71,105,110,3" hai2="33,120,67,134,130,22,30,131,100,68,75,69,32" hai3="132,94,64,11,15,108,7,97,66,13,42,36,12"/><V107/><F120/><W0/><G108/><T112/><D117/><U25/><E110/><V1/><F1/><W53/><G132/><T93/><D104/><U81/><E114/><V28/><F75/><W98/><G98/><T95/><D38/><U37/><E37/><V96/><F134/><W122/><G122/><T126/><D43/><U124/><E123/><V121/><F121/><W35/><G35/><N who="2" m="13385" /><F67/><W91/><REACH who="3" step="1"/><G53/><REACH who="3" ten="217,246,265,262" step="2"/><T57/><D126/><U113/><E124/><V88/><F96/><W119/><G119/><T111/><D111/><U72/><E105/><V14/><F107/><W103/><G103/><T101/><D101/><U8/><E128/><V6/><F100/><W5/><G5/><T49/><D99/><U52/><E52/><V20/><F6/><W40/><G40/><T118/><D118/><U80/><E113/><N who="0" m="43593" /><D49/><U27/><E50/><V23/><F130/><W10/><G10/><T59/><D90/><U17/><E8/><V58/><F88/><W116/><G116/><T18/><D18/><U16/><E48/><V83/><F131/><W47/><AGARI ba="0,1" hai="0,7,11,12,13,15,36,42,47,64,66,91,94,97" machi="47" ten="30,4000,0" yaku="1,1,0,1,53,1" doraHai="109" doraHaiUra="70" who="3" fromWho="3" sc="217,-10,246,-10,265,-20,262,50" /><INIT seed="3,0,0,2,1,33" ten="207,236,245,312" oya="3" hai0="117,107,13,46,93,88,104,21,23,101,114,68,48" hai1="28,134,59,51,135,129,56,133,16,91,61,131,47" hai2="124,78,38,89,1,126,80,72,109,42,43,8,106" hai3="53,123,132,66,121,55,63,60,113,98,82,67,64"/><W127/><G113/><T15/><D68/><U87/><E28/><V119/><F119/><W9/><G9/><T83/><D117/><U120/><E120/><V19/><F106/><W102/><G132/><T57/><D114/><U86/><E16/><V69/><F69/><W26/><G127/><N who="2" m="48681" /><F109/><W29/><G82/><T71/><D71/><U100/><E100/><V41/><F89/><W30/><G121/><T90/><D57/><N who="1" m="22091" /><E61/><N who="3" m="23626" /><G123/><T92/><D48/><U17/><E17/><V130/><F130/><N who="1" m="49673" /><E91/><V122/><F122/><W112/><G112/><T20/><D46/><U116/><E116/><V0/><F38/><W115/><G115/><T105/><D83/><U27/><E27/><V34/><F34/><W118/><G118/><T52/><D52/><AGARI ba="0,0" hai="47,51,52,86,87,133,134,135" m="49673,22091" machi="52" ten="40,5200,0" yaku="20,1,19,1,54,1" doraHai="33" who="1" fromWho="0" sc="207,-52,236,52,245,0,312,0" owari="155,-34.5,288,8.8,245,-15.5,312,41.2" /></mjloggm>