<mjloggm ver="2.3"><GO type="225" lobby="0"/><UN n0="%E6%98%93%E5%88%A9%E8%96%A9%E4%BC%AF" n1="%E3%81%99%E3%81%84%E3%81%BE%E3%81%9B%E3%83%BC%E3%82%93" n2="%E6%80%AA%E3%81%97%E3%81%99%E3%81%8E%E3%82%8B%E3%83%81%E3%83%BC" n3="%48%61%61%61%6C%61%6E%64" dan="16,16,16,17" rate="2100.32,2124.21,2100.45,2147.06" sx="F,M,M,M"/><TAIKYOKU oya="0"/><INIT seed="0,0,0,3,3,95" ten="250,250,250,250" oya="0" hai0="54,63,71,12,51,124,70,76,80,75,121,30,28" hai1="27,7,38,34,17,33,132,99,4,96,25,94,98" hai2="58,65,88,24,81,119,14,130,123,87,101,82,69" hai3="107,47,67,41,86,44,134,57,36,11,31,45,59"/><T118/><D118/><U20/><E38/><V62/><F123/><W128/><G128/><T43/><D121/><U117/><E117/><V13/><F119/><W91/><G134/><T106/><D124/><U37/><E37/><V0/><F130/><W35/><G107/><T122/><D122/><U19/><E132/><V83/><F0/><W32/><G11/><T49/><D106/><U68/><E68/><V26/><F101/><W46/><G31/><T56/><D12/><N who="2" m="4714" /><F69/><W50/><G59/><T55/><D71/><U129/><E129/><V60/><F60/><W9/><G9/><T90/><D43/><U133/><E133/><V89/><F89/><W74/><G74/><T116/><D116/><U15/><E94/><AGARI ba="0,0" hai="24,26,58,62,65,81,82,83,87,88,94" m="4714" machi="94" ten="30,2000,0" yaku="8,1,54,1" doraHai="95" who="2" fromWho="1" sc="250,0,250,-20,250,20,250,0" /><INIT seed="1,0,0,4,1,125" ten="250,230,270,250" oya="1" hai0="57,61,32,1,79,19,107,88,18,58,80,127,129" hai1="116,87,124,101,66,94,30,65,25,73,68,111,38" hai2="10,112,6,121,33,46,70,114,72,5,15,128,20" hai3="45,34,44,12,23,102,130,77,78,131,43,122,49"/><U50/><E38/><V71/><F121/><W113/><G122/><T82/><D107/><U27/><E116/><V17/><F33/><W98/><G34/><T67/><D32/><U24/><E73/><V63/><F72/><W89/><G113/><N who="2" m="43625" /><F128/><N who="3" m="49195" /><G89/><T133/><D1/><U109/><E124/><V42/><F63/><W90/><G90/><T105/><D105/><U75/><E75/><V64/><F64/><N who="1" m="24681" /><E68/><N who="2" m="26155" /><F20/><W120/><G120/><T31/><D133/><U36/><E36/><AGARI ba="0,0" hai="5,6,10,15,17,36,42,46" m="26155,43625" machi="36" ten="30,1000,0" yaku="11,1" doraHai="125" who="2" fromWho="1" sc="250,0,230,-10,270,10,250,0" /><INIT seed="2,0,0,3,4,18" ten="250,220,280,250" oya="2" hai0="1,125,88,3,55,68,7,95,61,8,135,23,32" hai1="46,39,118,57,126,2,74,122,25,31,42,112,45" hai2="73,26,132,9,119,104,33,91,107,37,92,12,44" hai3="48,116,115,97,11,60,13,59,70,24,78,22,10"/><V84/><F119/><W76/><G116/><T77/><D32/><U101/><E118/><V40/><F132/><W49/><G115/><T90/><D135/><U110/><E112/><V54/><F73/><W52/><G97/><T121/><D121/><U69/><E69/><V89/><F54/><W103/><G103/><T17/><D77/><N who="3" m="29801" /><G70/><T27/><D125/><U67/><E2/><V0/><F0/><W66/><G66/><T130/><D130/><U94/><E74/><V81/><F26/><W65/><G65/><T79/><D79/><U51/><E126/><V102/><F102/><W15/><G15/><T129/><D129/><U134/><E134/><V62/><F62/><W100/><G100/><T80/><D80/><U43/><E122/><V72/><F33/><W117/><G117/><T123/><D123/><U5/><E110/><V99/><REACH who="2" step="1"/><F72/><REACH who="2" ten="250,220,270,250" step="2"/><W6/><G10/><T38/><D3/><U82/><E101/><V114/><F114/><W53/><G53/><T98/><D55/><U105/><E67/><V20/><F20/><W28/><AGARI ba="0,1" hai="6,11,13,22,24,28,48,49,52,59,60" m="29801" machi="28" ten="30,4000,0" yaku="8,1,52,1,54,1" doraHai="18" who="3" fromWho="3" sc="250,-10,220,-10,270,-20,250,50" /><INIT seed="3,0,0,3,5,71" ten="240,210,250,300" oya="3" hai0="121,30,75,10,72,94,114,14,120,3,55,46,125" hai1="130,50,48,86,31,131,84,19,38,67,59,107,118" hai2="1,90,134,88,79,15,78,8,56,123,133,0,106" hai3="26,127,16,41,80,100,129,11,12,57,82,110,97"/><W105/><G127/><T132/><D3/><N who="2" m="1098" /><F106/><W17/><G129/><N who="1" m="49162" /><E107/><V109/><F56/><W47/><G110/><T68/><D125/><U124/><E124/><V77/><F123/><W58/><G82/><T99/><D68/><U91/><E118/><V65/><F65/><W29/><G17/><T39/><D132/><N who="2" m="50794" /><F109/><W70/><G80/><T21/><D114/><U32/><E19/><AGARI ba="0,0" hai="8,15,19,77,78,79,88,90" m="50794,1098" machi="19" ten="40,2600,0" yaku="20,1,54,1" doraHai="71" who="2" fromWho="1" sc="240,0,210,-26,250,26,300,0" owari="240,-16.0,184,-31.6,276,7.6,300,40.0" /></mjloggm>