<mjloggm ver="2.3"><GO type="225" lobby="0"/><UN n0="%E5%B5%90%E9%9B%B2%E3%81%AE%E3%82%AB%E3%83%A9%E3%82%B9" n1="%E3%81%AF%E3%82%88%E3%81%8A%E3%81%98%E3%81%95%E3%82%93" n2="%E5%A4%9C%E3%81%AE%E3%82%AC%E3%82%B9%E3%83%91%E3%83%BC%E3%83%AB" n3="%E6%9D%B1%E9%A2%A8%E3%81%AE%E3%81%8D%E3%82%83%E3%81%B7%E3%81%95%E3%82%93" dan="16,17,16,16" rate="2078.38,2177.99,2132.03,2196.91" sx="F,M,M,M"/><TAIKYOKU oya="0"/><INIT seed="0,0,0,3,2,121" ten="250,250,250,250" oya="0" hai0="119,74,56,111,114,53,37,103,4,24,124,135,57" hai1="52,46,2,66,40,125,115,90,87,58,109,48,110" hai2="134,6,67,25,83,102,127,122,44,15,99,1,106" hai3="29,51,129,23,13,97,76,80,71,81,116,7,68"/><T39/><D114/><U26/><E2/><V35/><F122/><W22/><G116/><T50/><D119/><U101/><E115/><V62/><F127/><W18/><G129/><T88/><D74/><U5/><E125/><V61/><F134/><W64/><G7/><T98/><D124/><U130/><E5/><V95/><F1/><W78/><G97/><T21/><D4/><U3/><E3/><V126/><F126/><W12/><G51/><T85/><D135/><U91/><E130/><V108/><F83/><W77/><G64/><T41/><D57/><U100/><E66/><V36/><F95/><W105/><G105/><T19/><D41/><U30/><E100/><V92/><F92/><W128/><G128/><T63/><D63/><U28/><E101/><V89/><F89/><W10/><G29/><T14/><D24/><U20/><E30/><N who="2" m="19919" /><F62/><W112/><G10/><T43/><D43/><U59/><E59/><V93/><F93/><W73/><G112/><T0/><D0/><U117/><E117/><V104/><F104/><W94/><G94/><N who="0" m="54543" /><D39/><U27/><E26/><V45/><F36/><W118/><G118/><T55/><D37/><N who="1" m="21775" /><E87/><V65/><F65/><W16/><REACH who="3" step="1"/><G77/><REACH who="3" ten="250,250,250,240" step="2"/><T49/><D98/><U70/><E70/><N who="2" m="42351" /><F6/><W8/><G8/><T17/><D103/><U33/><E33/><V107/><F107/><W42/><G42/><T34/><D34/><U60/><E48/><V123/><F106/><W133/><G133/><T79/><D79/><U132/><E132/><V9/><F102/><W69/><G69/><T75/><D50/><U86/><E90/><RYUUKYOKU ba="0,1" sc="250,-15,250,15,250,-15,240,15" hai1="20,27,28,52,58,60,86,91,109,110" hai3="12,13,16,18,22,23,68,71,73,76,78,80,81" /><INIT seed="1,1,1,2,5,7" ten="235,265,235,255" oya="1" hai0="123,1,113,56,95,74,6,57,61,93,80,127,19" hai1="133,75,23,12,27,33,119,66,99,78,102,129,85" hai2="43,39,94,69,35,32,87,11,118,49,41,82,88" hai3="126,25,114,16,76,105,122,128,120,31,112,62,65"/><U135/><E119/><V51/><F118/><W48/><G48/><N who="2" m="18505" /><F69/><W98/><G76/><T17/><D113/><U108/><E75/><V121/><F35/><W53/><G53/><T8/><D127/><U22/><E129/><V63/><F32/><W131/><G98/><T20/><D123/><U34/><E66/><V36/><F36/><W60/><G105/><T97/><D56/><U13/><E108/><V55/><F39/><W10/><G62/><T72/><D17/><U14/><E33/><V67/><F67/><W110/><G60/><T68/><D68/><U77/><E34/><V101/><F121/><N who="3" m="46699" /><G65/><T134/><D134/><N who="1" m="51211" /><E85/><V4/><F63/><W89/><G89/><N who="0" m="55471" /><D95/><N who="1" m="58751" /><E22/><V70/><F70/><W92/><G92/><T40/><D80/><U91/><E91/><N who="2" m="51703" /><F101/><W45/><G110/><T2/><D40/><U111/><E111/><V117/><F55/><W115/><G126/><T116/><D116/><U30/><AGARI ba="1,1" hai="12,13,14,23,27,30,77,78" m="58751,51211" machi="30" ten="30,1500,0" yaku="20,1" doraHai="7" who="1" fromWho="1" sc="235,-6,265,28,235,-6,255,-6" /><INIT seed="1,2,0,0,1,91" ten="229,293,229,249" oya="1" hai0="114,128,96,82,19,42,7,66,13,68,36,106,97" hai1="98,104,0,112,28,54,70,58,29,130,108,77,51" hai2="88,131,6,101,118,75,122,25,34,119,38,11,63" hai3="46,30,95,22,100,16,79,115,129,3,78,49,2"/><U48/><E112/><V10/><F122/><W23/><G129/><T24/><D114/><U8/><E70/><V109/><F75/><W134/><G134/><T116/><D116/><U107/><E130/><V99/><F38/><W50/><G115/><T67/><D128/><U105/><E108/><V80/><F131/><W64/><G64/><T94/><D7/><U15/><E0/><V135/><F109/><W17/><G30/><T18/><D68/><U33/><E77/><V125/><F135/><W65/><G65/><T32/><D36/><U9/><E33/><V85/><F125/><W90/><G100/><T31/><D42/><U83/><E83/><V56/><F25/><N who="3" m="14535" /><G2/><T102/><D19/><U124/><E124/><V81/><F34/><W5/><G5/><T44/><D44/><U132/><E132/><V89/><F6/><W74/><G74/><T117/><D82/><U62/><E8/><V87/><F118/><W27/><G3/><T111/><D111/><U126/><E126/><V55/><F119/><W121/><G121/><T57/><D57/><U1/><E1/><V59/><F56/><W113/><G113/><T12/><D12/><U20/><E107/><AGARI ba="2,0" hai="10,11,55,59,63,80,81,85,87,88,89,99,101,107" machi="107" ten="30,3900,0" yaku="7,1,9,1,54,1" doraHai="91" who="2" fromWho="1" sc="229,0,293,-45,229,45,249,0" /><INIT seed="2,0,0,3,2,130" ten="229,248,274,249" oya="2" hai0="90,41,79,96,45,16,110,28,72,38,134,20,46" hai1="81,132,124,11,112,108,93,43,107,82,94,91,22" hai2="59,60,29,23,121,63,119,57,7,48,51,105,83" hai3="71,4,106,86,26,68,53,99,32,61,70,69,36"/><V62/><F119/><W92/><G36/><T33/><D110/><U65/><E112/><V8/><F121/><W13/><G106/><T80/><D46/><U14/><E107/><V34/><F34/><W133/><G86/><T115/><D115/><U56/><E108/><V128/><F105/><W64/><G53/><T120/><D120/><U85/><E124/><V21/><F128/><W49/><G49/><T103/><D90/><U35/><E35/><V76/><F51/><W15/><G4/><T19/><D33/><U78/><E43/><V114/><F114/><W77/><G77/><T52/><D134/><U25/><E132/><V122/><F48/><W50/><G50/><T73/><D73/><U135/><E135/><V104/><F104/><W58/><N who="3" m="17408" /><DORA hai="101" /><W40/><G40/><T42/><D42/><U5/><E56/><V117/><F117/><W2/><G2/><T123/><D123/><U118/><E65/><V9/><F122/><W131/><G131/><T88/><D103/><U6/><E6/><V0/><F9/><W95/><G133/><T129/><D129/><U27/><E27/><V126/><F126/><W66/><G66/><T12/><D52/><U44/><E44/><V113/><F113/><W127/><G127/><T87/><D96/><U74/><REACH who="1" step="1"/><E118/><REACH who="1" ten="229,238,274,249" step="2"/><V1/><F7/><W84/><G26/><T10/><D45/><U67/><E67/><V89/><F59/><W75/><G32/><T24/><D41/><U39/><E39/><V54/><F57/><W125/><G125/><T116/><D116/><U97/><E97/><V47/><F47/><RYUUKYOKU ba="0,1" sc="229,-10,238,30,274,-10,249,-10" hai1="5,11,14,22,25,74,78,81,82,85,91,93,94" /><INIT seed="3,1,1,1,2,44" ten="219,268,264,239" oya="3" hai0="103,15,11,91,25,79,47,110,37,30,107,33,49" hai1="61,38,119,101,50,99,111,130,54,57,87,135,56" hai2="118,72,94,5,128,89,116,62,132,23,63,55,17" hai3="36,8,126,75,88,41,22,68,34,120,80,117,31"/><W90/><G68/><T27/><D110/><U58/><E38/><V95/><F72/><W13/><G120/><T1/><D37/><U76/><E111/><V84/><F128/><W60/><G34/><T39/><D39/><U113/><E113/><V20/><F132/><W127/><G117/><T86/><D1/><U102/><E135/><V70/><F5/><W43/><G60/><T108/><D27/><U12/><E130/><V73/><F73/><W85/><G75/><T109/><D103/><U35/><E35/><V52/><F84/><W93/><G22/><T124/><D107/><U83/><E119/><V64/><F89/><W3/><G31/><T53/><D79/><U112/><E112/><V129/><F129/><W74/><G3/><T59/><D59/><N who="1" m="33239" /><E12/><V81/><F81/><W2/><G2/><T114/><D124/><N who="3" m="47657" /><G36/><T46/><D114/><U16/><E16/><V7/><F7/><N who="3" m="3231" /><G74/><T66/><D66/><U0/><E0/><V19/><F64/><W115/><G115/><T97/><D97/><AGARI ba="1,1" hai="41,43,80,85,88,90,93,97" m="3231,47657" machi="97" ten="30,2900,0" yaku="18,1,54,1" doraHai="44" who="3" fromWho="0" sc="219,-32,268,0,264,0,239,42" /><INIT seed="3,2,0,4,5,115" ten="187,268,264,281" oya="3" hai0="110,83,105,111,56,76,32,64,3,104,59,119,21" hai1="117,113,72,66,75,109,31,85,124,90,18,127,84" hai2="71,92,114,96,67,103,118,13,122,78,131,120,116" hai3="41,88,82,63,28,53,68,93,43,81,42,87,80"/><W34/><G34/><T112/><D32/><U60/><E113/><V9/><F114/><W47/><G28/><T46/><D112/><U55/><E109/><V91/><F131/><W45/><G68/><T4/><D21/><U0/><E0/><V19/><F78/><W58/><AGARI ba="2,0" hai="41,42,43,45,47,53,58,63,80,81,82,87,88,93" machi="58" ten="40,7800,0" yaku="0,1,8,1,54,1" doraHai="115" who="3" fromWho="3" sc="187,-28,268,-28,264,-28,281,84" owari="159,-34.1,240,4.0,236,-16.4,365,46.5" /></mjloggm>