<mjloggm ver="2.3"><GO type="225" lobby="0"/><UN n0="%6D%75%75%6D%75%72%61" n1="%E3%82%B2%E3%82%B9%E8%8C%82%E5%8B%9D" n2="%E5%B0%8F%E9%B3%A5%E9%81%8A%E7%B7%B4%E7%84%A1%32%31%E6%AD%B3" n3="%72%61%6B%33" dan="16,16,16,16" rate="2125.93,2052.45,2183.62,2111.98" sx="F,F,F,M"/><TAIKYOKU oya="0"/><INIT seed="0,0,0,3,3,57" ten="250,250,250,250" oya="0" hai0="11,75,105,5,129,133,7,71,46,19,30,55,112" hai1="61,54,88,99,93,123,77,20,43,107,111,84,92" hai2="62,113,81,83,9,131,44,12,134,74,100,89,65" hai3="52,28,78,121,101,70,122,63,16,27,36,51,126"/><T2/><D112/><U58/><E111/><V97/><F113/><W98/><G36/><T130/><D133/><U73/><E123/><N who="3" m="47114" /><G126/><T1/><D105/><U104/><E43/><V79/><F134/><W76/><G16/><T29/><D75/><U41/><E41/><V3/><F3/><N who="0" m="1034" /><D71/><U15/><E73/><V80/><F44/><N who="3" m="27751" /><G70/><T47/><D55/><U96/><E77/><V72/><F89/><W14/><G14/><N who="0" m="7647" /><D46/><U22/><E84/><V106/><F72/><W17/><G17/><T60/><D60/><U21/><REACH who="1" step="1"/><E15/><REACH who="1" ten="250,240,250,250" step="2"/><V13/><F12/><W26/><G78/><T119/><D119/><U120/><E120/><V103/><F13/><W124/><G76/><T49/><D7/><U6/><E6/><V69/><F9/><W125/><G125/><T86/><D5/><U68/><E68/><V114/><F114/><W56/><G124/><T135/><D135/><U102/><AGARI ba="0,1" hai="20,21,22,54,58,61,88,92,93,96,99,102,104,107" machi="102" ten="30,7900,0" yaku="1,1,0,1,52,1,54,1,53,0" doraHai="57" doraHaiUra="45" who="1" fromWho="1" sc="250,-39,240,89,250,-20,250,-20" /><INIT seed="1,0,0,5,0,56" ten="211,329,230,230" oya="1" hai0="18,100,1,74,123,116,110,27,109,32,46,99,77" hai1="124,42,71,127,134,94,118,40,7,16,117,113,26" hai2="28,60,115,86,81,31,78,23,48,80,25,90,52" hai3="101,59,93,130,21,62,36,57,58,102,73,17,35"/><U63/><E113/><V5/><F5/><W64/><G35/><T9/><D116/><U68/><E7/><V89/><F115/><W24/><G130/><T4/><D123/><U8/><E134/><V104/><F104/><W19/><G73/><T41/><D18/><U47/><E94/><V129/><F129/><W12/><G36/><N who="0" m="21799" /><D27/><U98/><E98/><V37/><F37/><W88/><G102/><T111/><D32/><U91/><E91/><V92/><F31/><W107/><G101/><T49/><D49/><U34/><E34/><V133/><F133/><W65/><G65/><T66/><D66/><U135/><E135/><V53/><F80/><W15/><G107/><N who="0" m="63903" /><D111/><U69/><E26/><V44/><F92/><W30/><G30/><T45/><D45/><U14/><E117/><V22/><F22/><W54/><G64/><T67/><D67/><N who="1" m="41087" /><E118/><V106/><F106/><W132/><G132/><T83/><AGARI ba="0,0" hai="1,4,9,74,77,83,109,110" m="63903,21799" machi="83" ten="30,2000,0" yaku="25,1,23,1" doraHai="56" who="0" fromWho="0" sc="211,20,329,-10,230,-5,230,-5" /><INIT seed="2,0,0,2,1,66" ten="231,319,225,225" oya="2" hai0="83,128,5,65,134,111,30,92,71,75,86,105,133" hai1="87,16,52,26,47,114,44,42,124,119,98,28,19" hai2="109,51,2,49,64,1,100,102,97,59,107,50,41" hai3="45,90,125,116,112,46,15,77,20,76,67,18,99"/><V104/><F41/><W14/><G116/><T40/><D105/><U39/><E114/><V130/><F130/><W62/><G112/><T12/><D128/><U63/><E119/><V9/><F9/><W106/><G125/><T70/><D111/><U121/><E124/><V8/><F109/><W43/><G15/><T22/><D65/><U25/><E25/><V80/><F80/><W72/><G72/><T36/><D75/><U82/><E98/><V29/><F29/><W53/><G53/><T55/><D92/><U27/><E27/><V73/><F73/><W132/><G132/><N who="0" m="50795" /><D30/><U127/><E127/><V33/><F33/><W93/><G106/><T91/><D55/><U68/><E121/><V7/><F1/><W81/><G81/><T13/><D22/><U113/><E113/><V10/><F10/><W38/><REACH who="3" step="1"/><G45/><REACH who="3" ten="231,319,225,215" step="2"/><N who="0" m="23687" /><D13/><U60/><E47/><V61/><F107/><W123/><G123/><T101/><D101/><U21/><E52/><V78/><F102/><W17/><G17/><T85/><D12/><U108/><E108/><V95/><F104/><W118/><G118/><T69/><D5/><U120/><E120/><V11/><F11/><W6/><G6/><T122/><D122/><U57/><E19/><V34/><F34/><W54/><G54/><T117/><D117/><U135/><E135/><V3/><F3/><W48/><G48/><T88/><D83/><U94/><E16/><V24/><REACH who="2" step="1"/><F24/><REACH who="2" ten="231,319,215,215" step="2"/><W56/><AGARI ba="0,2" hai="14,18,20,38,43,46,56,62,67,76,77,90,93,99" machi="56" ten="20,2700,0" yaku="1,1,0,1,7,1,53,0" doraHai="66" doraHaiUra="131" who="3" fromWho="3" sc="231,-7,319,-7,215,-13,215,47" /><INIT seed="3,0,0,1,1,126" ten="224,312,202,262" oya="3" hai0="128,7,103,30,93,29,38,101,12,85,31,62,18" hai1="4,16,64,22,109,78,27,113,130,104,90,5,107" hai2="13,67,81,2,87,9,75,42,127,121,135,23,72" hai3="1,8,33,54,46,112,25,26,28,49,131,34,47"/><W133/><G112/><T124/><D38/><U86/><E113/><V118/><F118/><W51/><G133/><T71/><D124/><U82/><E130/><V117/><F127/><W125/><G131/><T50/><D128/><U97/><E109/><V36/><F117/><W66/><G125/><T83/><D71/><U74/><E64/><V55/><F135/><W63/><G1/><T120/><D120/><U58/><E58/><V119/><F119/><W77/><G8/><N who="0" m="4127" /><D62/><U134/><E134/><V73/><F67/><W95/><G77/><N who="0" m="46319" /><D93/><N who="1" m="54487" /><E107/><V61/><F121/><W43/><G95/><T32/><D32/><U17/><E17/><V37/><F2/><W88/><G88/><T59/><D18/><U45/><E45/><V115/><F115/><W0/><G0/><T53/><AGARI ba="0,0" hai="29,30,31,50,53,59,101,103" m="46319,4127" machi="53" ten="30,1100,0" yaku="8,1" doraHai="126" who="0" fromWho="0" sc="224,11,312,-3,202,-3,262,-5" owari="235,-16.5,309,40.9,199,-30.1,257,5.7" /></mjloggm>