<mjloggm ver="2.3"><GO type="225" lobby="0"/><UN n0="%6D%75%75%6D%75%72%61" n1="%E5%B0%8F%E9%B3%A5%E9%81%8A%E7%B7%B4%E7%84%A1%32%31%E6%AD%B3" n2="%E3%81%8B%E3%82%8F%E3%81%A1%E3%82%83%E3%82%93%35%38" n3="%E3%82%B7%E3%83%B3%E5%A4%AA%E6%9C%97" dan="16,16,16,16" rate="2131.36,2190.41,2121.35,2200.01" sx="F,F,M,M"/><TAIKYOKU oya="0"/><INIT seed="0,0,0,1,3,120" ten="250,250,250,250" oya="0" hai0="96,135,113,60,125,37,123,124,89,50,110,122,46" hai1="13,105,8,81,11,21,5,103,15,7,91,121,97" hai2="31,101,107,114,94,14,71,26,51,74,95,54,127" hai3="130,19,72,32,66,102,24,2,85,128,134,68,104"/><T48/><D89/><U76/><E121/><N who="0" m="46089" /><D96/><U93/><E21/><V116/><F71/><W86/><G2/><T87/><D87/><U27/><E27/><V84/><F74/><W82/><G134/><T111/><D113/><U61/><E61/><V117/><F114/><W56/><G56/><T12/><D135/><U41/><E41/><V75/><F75/><W9/><G9/><T62/><D37/><U90/><REACH who="1" step="1"/><E105/><REACH who="1" ten="250,240,250,250" step="2"/><V98/><F107/><W58/><G24/><T78/><D60/><U30/><E30/><V39/><F31/><W45/><G104/><T132/><D62/><U36/><E36/><V118/><F26/><W80/><G128/><T3/><D132/><U57/><E57/><V119/><F39/><W40/><G58/><T33/><D48/><U10/><E10/><V38/><F38/><W17/><G40/><N who="0" m="24903" /><D33/><U44/><E44/><V129/><F118/><W70/><G32/><T115/><D115/><U55/><E55/><V23/><F129/><W133/><G130/><T67/><D67/><U65/><E65/><V77/><F117/><W29/><G66/><T20/><D3/><U18/><E18/><N who="2" m="10711" /><F119/><W25/><G19/><N who="0" m="10343" /><D78/><U88/><E88/><N who="2" m="53511" /><F77/><W83/><G133/><T59/><D59/><U34/><E34/><V73/><F116/><W109/><G68/><T92/><D92/><U4/><E4/><V64/><F64/><W28/><G70/><T1/><D1/><U112/><E112/><V79/><F54/><W63/><G63/><T108/><AGARI ba="0,1" hai="108,110,111,124,125" m="10343,24903,46089" machi="108" ten="40,12000,1" yaku="14,1,10,1,52,3" doraHai="120" who="0" fromWho="0" sc="250,130,240,-40,250,-40,250,-40" /><INIT seed="0,1,0,5,2,118" ten="380,200,210,210" oya="0" hai0="71,37,115,62,88,81,130,2,135,102,38,93,3" hai1="127,110,94,47,63,104,105,60,21,6,45,11,44" hai2="39,43,128,101,4,56,64,30,34,25,19,24,51" hai3="5,31,50,126,103,112,14,1,22,83,109,114,35"/><T67/><D115/><U7/><E110/><V80/><F101/><W124/><G103/><T117/><D117/><U96/><E127/><N who="3" m="48682" /><G83/><T84/><D130/><U132/><E21/><V52/><F128/><W53/><G53/><T75/><D135/><U76/><E76/><V97/><F97/><W85/><G85/><T95/><D95/><U113/><E113/><N who="3" m="43626" /><G50/><T73/><D73/><U33/><E132/><V78/><F4/><W72/><G72/><T8/><D8/><U69/><E33/><V36/><F43/><W86/><G86/><T27/><D27/><U98/><E11/><V77/><F77/><W90/><G90/><T55/><D55/><U106/><E94/><V116/><F116/><W133/><G133/><T61/><D61/><N who="1" m="23627" /><E69/><V74/><REACH who="2" step="1"/><F64/><REACH who="2" ten="380,200,200,210" step="2"/><W18/><G109/><T91/><D102/><U16/><E98/><V79/><F79/><W65/><G65/><T123/><D67/><U120/><E96/><V17/><F17/><W9/><G31/><T54/><D91/><U134/><E134/><V108/><F108/><W48/><G48/><T66/><D88/><U57/><E105/><V70/><F70/><W92/><G92/><T46/><D71/><U10/><E104/><V12/><F12/><W0/><G35/><T49/><D66/><U28/><E106/><V119/><F119/><W129/><G129/><T29/><D93/><U23/><E28/><V13/><F13/><AGARI ba="1,1" hai="0,1,5,9,13,14,18,22" m="43626,48682" machi="13" ten="30,3900,0" yaku="18,1,34,2" doraHai="118" who="3" fromWho="2" sc="380,0,200,0,200,-42,210,52" /><INIT seed="1,0,0,3,5,109" ten="380,200,158,262" oya="1" hai0="68,6,39,58,43,81,24,72,95,101,59,14,123" hai1="76,103,121,33,84,108,97,113,105,8,47,52,111" hai2="86,89,80,3,56,64,37,116,73,18,25,41,129" hai3="126,12,67,66,1,132,78,75,88,65,122,93,21"/><U128/><E33/><V23/><F116/><W0/><G122/><T127/><D68/><U99/><E121/><V82/><F129/><W62/><G132/><T83/><D123/><U100/><E128/><V51/><F3/><W104/><G104/><T94/><D127/><U36/><E8/><V17/><F37/><W114/><G62/><T44/><D24/><U130/><E130/><V45/><F73/><W71/><G71/><T77/><D81/><N who="1" m="47143" /><E36/><V11/><F82/><W63/><G63/><T16/><D6/><U9/><E9/><V69/><F69/><W90/><G126/><T35/><D35/><U125/><E47/><V4/><F4/><W31/><G90/><T28/><D83/><U5/><E52/><V70/><F70/><W115/><G1/><T61/><D72/><U79/><E5/><V134/><F134/><W22/><G0/><T2/><D39/><U20/><E20/><V46/><F46/><W110/><G22/><T15/><D2/><U135/><E79/><V32/><F32/><W91/><G91/><T106/><D77/><U55/><E55/><V49/><F51/><W26/><G12/><T117/><D44/><U40/><E135/><V124/><F124/><W119/><G119/><T53/><D117/><U50/><E125/><V118/><F118/><W112/><G78/><T30/><D53/><U120/><E120/><V60/><REACH who="2" step="1"/><F11/><REACH who="2" ten="380,200,148,262" step="2"/><W107/><G75/><T133/><D133/><U13/><E50/><V29/><AGARI ba="0,1" hai="17,18,23,25,29,41,45,49,56,60,64,80,86,89" machi="29" ten="20,12000,2" yaku="1,1,2,1,0,1,7,1,8,1,53,1" doraHai="109" doraHaiUra="19" who="2" fromWho="2" sc="380,-30,200,-60,148,130,262,-30" /><INIT seed="2,0,0,4,2,114" ten="350,140,278,232" oya="2" hai0="105,133,86,122,16,27,56,50,98,57,42,7,14" hai1="51,127,2,77,36,19,95,88,84,100,81,13,25" hai2="28,99,0,63,90,128,135,65,21,103,132,11,76" hai3="23,4,60,129,58,123,126,131,111,37,70,74,35"/><V112/><F112/><W34/><G37/><T80/><D122/><U18/><E36/><V94/><F128/><N who="3" m="49227" /><G123/><T130/><D130/><U30/><E2/><V49/><F76/><W101/><G111/><T45/><D133/><N who="2" m="51274" /><F49/><W93/><G74/><T41/><D105/><U109/><E109/><V17/><F28/><W104/><G104/><T91/><D42/><U43/><E100/><V59/><F11/><W102/><G70/><T38/><D38/><U20/><E127/><V71/><F0/><W31/><G4/><T24/><D98/><U82/><E77/><V97/><F71/><W87/><G126/><T92/><D92/><U1/><E1/><V117/><F117/><W29/><G23/><N who="0" m="11671" /><D7/><U125/><E125/><V55/><F65/><W124/><G124/><T32/><D32/><N who="3" m="12329" /><G87/><T64/><D64/><U107/><E107/><V26/><F99/><N who="3" m="59631" /><G102/><AGARI ba="0,0" hai="17,21,26,55,59,63,90,94,97,102,103" m="51274" machi="102" ten="30,2900,0" yaku="25,1,20,1" doraHai="114" who="2" fromWho="3" sc="350,0,140,0,278,29,232,-29" /><INIT seed="2,1,0,0,2,88" ten="350,140,307,203" oya="2" hai0="116,91,49,133,60,7,68,47,129,79,106,26,90" hai1="65,27,72,2,12,22,121,11,115,46,105,108,75" hai2="44,62,45,120,8,84,16,32,102,117,51,118,100" hai3="134,82,31,122,125,41,10,35,6,99,86,110,40"/><V42/><F32/><W54/><G110/><T3/><D106/><U43/><E115/><V19/><F120/><W29/><G122/><T53/><D129/><U95/><E105/><V39/><F118/><W135/><G125/><T97/><D133/><N who="3" m="50697" /><G99/><T132/><D132/><U0/><E108/><V92/><F117/><W89/><G54/><T67/><D79/><U113/><E65/><V77/><F39/><W94/><G82/><T123/><D123/><U101/><E113/><V28/><F28/><N who="3" m="10827" /><G35/><T109/><D26/><U37/><E121/><V14/><F45/><W87/><G86/><T13/><D53/><U30/><E75/><V38/><F38/><W128/><G128/><T9/><D47/><U50/><E72/><V127/><F127/><W126/><G126/><T23/><D97/><U96/><REACH who="1" step="1"/><E37/><REACH who="1" ten="350,130,307,203" step="2"/><V18/><F62/><W48/><G48/><T34/><D49/><U4/><AGARI ba="1,1" hai="0,2,4,11,12,22,27,30,43,46,50,95,96,101" machi="4" ten="20,12000,2" yaku="1,1,2,1,0,1,7,1,52,1,53,1" doraHai="88" doraHaiUra="1" who="1" fromWho="1" sc="350,-31,130,133,307,-61,203,-31" /><INIT seed="3,0,0,4,2,47" ten="319,263,246,172" oya="3" hai0="116,35,92,111,124,44,14,81,90,85,115,93,129" hai1="84,19,39,49,42,36,76,45,123,17,18,13,52" hai2="65,25,99,98,12,113,11,23,3,87,61,22,133" hai3="74,100,33,114,94,28,46,6,40,70,0,21,54"/><W82/><G114/><T50/><D35/><U16/><E123/><V10/><F113/><W77/><G70/><T89/><D115/><U131/><E131/><V106/><F133/><W63/><G33/><T96/><D116/><U121/><E121/><V125/><F125/><W109/><G109/><T30/><D124/><U78/><E84/><V132/><F132/><W2/><G6/><T80/><D129/><U120/><E120/><V9/><F3/><W127/><G127/><T97/><D30/><U119/><E119/><V71/><F12/><W24/><G100/><N who="0" m="60423" /><D14/><U32/><E32/><V15/><F106/><W110/><G110/><T118/><D111/><U53/><E36/><V41/><F41/><W83/><G94/><N who="0" m="54575" /><D118/><U48/><E39/><V55/><F87/><W102/><G102/><T66/><D66/><U64/><E64/><V58/><F15/><W60/><G83/><T5/><D5/><U72/><E72/><V79/><F79/><N who="1" m="30249" /><E48/><V104/><F104/><W67/><G54/><AGARI ba="0,0" hai="44,50,54,80,81,90,93,97" m="54575,60423" machi="54" ten="30,2000,0" yaku="8,1,52,1" doraHai="47" who="0" fromWho="3" sc="319,20,263,0,246,0,172,-20" owari="339,43.9,263,6.3,246,-15.4,152,-34.8" /></mjloggm>