<mjloggm ver="2.3"><GO type="225" lobby="0"/><UN n0="%E3%81%BF%E3%81%BF%E3%81%9A" n1="%E5%A4%9C%E5%85%89%E5%A4%A9%E6%A5%BC" n2="%43%E3%82%A8%E3%83%BC%E3%82%B8%E3%82%A7%E3%83%B3%E3%83%88" n3="%E3%82%BC%E3%83%AB%E3%83%80%E3%81%AE%E4%BC%9D%E8%AA%AC" dan="18,17,16,18" rate="2239.71,2178.24,2113.63,2242.79" sx="M,M,M,M"/><TAIKYOKU oya="0"/><INIT seed="0,0,0,2,3,75" ten="250,250,250,250" oya="0" hai0="71,65,90,101,53,45,31,21,44,129,77,113,20" hai1="114,120,116,106,37,55,96,40,111,61,72,121,126" hai2="78,7,81,25,84,76,19,11,14,130,35,100,56" hai3="108,43,4,41,46,89,82,13,49,95,6,132,134"/><T26/><D113/><U127/><E72/><V48/><F130/><W123/><G108/><T63/><D129/><U93/><E106/><V122/><F122/><W23/><G123/><T36/><D101/><U88/><E116/><V85/><F100/><W0/><G41/><T39/><D77/><N who="2" m="29802" /><F35/><W57/><G82/><T107/><D107/><U32/><E32/><V131/><F131/><W66/><G0/><T97/><D21/><U98/><E114/><V30/><F30/><W12/><G57/><T59/><D97/><U64/><E111/><V22/><F81/><W24/><G66/><T67/><D90/><U99/><E120/><V74/><F74/><W125/><G125/><N who="1" m="47626" /><E55/><AGARI ba="0,0" hai="7,11,14,19,22,25,48,55,56,84,85" m="29802" machi="55" ten="30,7700,0" yaku="8,1,52,3" doraHai="75" who="2" fromWho="1" sc="250,0,250,-77,250,77,250,0" /><INIT seed="1,0,0,4,2,68" ten="250,173,327,250" oya="1" hai0="95,120,16,108,15,11,46,114,31,38,86,80,69" hai1="44,71,65,130,14,8,104,6,98,122,99,9,89" hai2="121,118,116,96,81,102,62,91,27,76,103,128,92" hai3="18,33,101,28,90,126,109,67,12,88,22,36,123"/><U4/><E130/><V94/><F121/><W87/><G123/><T60/><D120/><U32/><E122/><V113/><F128/><W61/><G109/><T63/><D114/><U100/><E32/><V129/><F129/><W20/><G126/><T107/><D107/><U115/><E115/><V13/><F113/><W66/><G36/><T42/><D108/><U53/><E65/><V85/><F62/><W110/><G110/><T10/><D69/><U57/><E71/><V119/><F13/><W26/><G101/><N who="2" m="38409" /><F27/><W45/><G45/><T21/><D95/><AGARI ba="0,0" hai="76,81,85,91,92,94,95,96,116,118,119" m="38409" machi="95" ten="40,2600,0" yaku="34,2" doraHai="68" who="2" fromWho="0" sc="250,-26,173,0,327,26,250,0" /><INIT seed="2,0,0,5,3,104" ten="224,173,353,250" oya="2" hai0="35,120,67,106,72,31,105,107,112,43,77,17,91" hai1="81,60,44,58,50,42,73,13,40,62,7,32,57" hai2="4,97,69,0,6,119,41,123,96,134,124,103,93" hai3="131,25,121,48,9,99,87,122,89,76,12,53,56"/><V11/><F119/><W125/><G125/><T65/><D120/><U111/><E111/><V49/><F123/><W16/><G131/><T109/><D112/><U126/><E32/><V66/><F134/><W24/><G122/><T61/><D109/><U88/><E126/><V116/><F4/><W117/><G117/><T29/><D43/><U118/><E42/><V5/><F6/><W127/><G127/><T130/><D130/><U8/><E118/><V71/><F116/><W55/><G121/><T92/><D17/><U114/><E114/><V26/><F66/><W68/><G68/><T37/><D37/><U94/><E60/><V98/><F98/><W54/><G76/><T128/><D128/><U75/><E81/><V34/><F96/><W108/><G99/><T110/><D110/><U84/><E58/><V52/><F41/><W102/><G102/><T19/><D19/><U132/><E132/><V115/><F115/><W59/><G108/><T36/><D36/><U78/><E78/><V95/><F95/><N who="3" m="54719" /><G53/><AGARI ba="0,0" hai="7,8,13,40,44,50,53,57,62,73,75,84,88,94" machi="53" ten="30,7700,0" yaku="7,1,52,2,54,1" doraHai="104" who="1" fromWho="3" sc="224,0,173,77,353,0,250,-77" /><INIT seed="3,0,0,5,3,99" ten="224,250,353,173" oya="3" hai0="112,14,60,33,21,50,35,57,62,3,27,132,129" hai1="51,47,130,70,121,55,49,79,56,2,22,1,75" hai2="95,113,103,52,87,23,122,89,88,104,74,117,25" hai3="131,127,26,84,124,63,43,11,93,8,7,77,31"/><W115/><G115/><T41/><D3/><U28/><E121/><V123/><F74/><W66/><G131/><T37/><D112/><U29/><E70/><V54/><F117/><W81/><G43/><T16/><D129/><U17/><E130/><V108/><F108/><W61/><G93/><T45/><D132/><U64/><E2/><V118/><F118/><W96/><G96/><T0/><D0/><U10/><E79/><V105/><F89/><W44/><G44/><T106/><D106/><U24/><E75/><V32/><F32/><W119/><G119/><T68/><D27/><U5/><E64/><V59/><F54/><AGARI ba="0,0" hai="1,5,10,17,22,24,28,29,47,49,51,54,55,56" machi="54" ten="30,1000,0" yaku="7,1" doraHai="99" who="1" fromWho="2" sc="224,0,250,10,353,-10,173,0" owari="224,-17.6,260,6.0,343,44.3,173,-32.7" /></mjloggm>