<mjloggm ver="2.3"><GO type="225" lobby="0"/><UN n0="%E7%99%BD%E6%97%A5%E9%9B%AA%E8%8F%9C" n1="%E7%89%8C%E6%B5%81%E7%8A%B6%E6%85%8B%E9%BA%BB%E9%9B%80" n2="%72%69%6F%75%63%68%61%6E" n3="%E6%A1%9C%E8%8A%B1%E9%96%83%E3%80%85" dan="17,18,16,16" rate="2167.49,2213.45,2161.60,2195.91" sx="M,M,M,M"/><TAIKYOKU oya="0"/><INIT seed="0,0,0,5,3,17" ten="250,250,250,250" oya="0" hai0="21,110,71,114,46,134,62,104,35,68,78,3,23" hai1="99,7,54,28,116,27,112,32,81,20,63,19,65" hai2="42,111,83,113,4,135,76,25,95,98,107,34,69" hai3="84,24,60,119,108,41,122,72,67,118,18,97,43"/><T74/><D114/><U57/><E112/><V30/><F113/><W131/><G72/><T120/><D120/><U70/><E116/><V56/><F111/><W49/><G108/><T2/><D35/><U13/><E99/><V22/><F135/><W66/><G122/><T8/><D110/><U61/><E81/><V44/><F69/><W37/><G37/><T80/><D104/><U6/><REACH who="1" step="1"/><E32/><REACH who="1" ten="250,240,250,250" step="2"/><V45/><F34/><W87/><G97/><T124/><D134/><U52/><E52/><V100/><F107/><W1/><G119/><T55/><D124/><U39/><E39/><V59/><F4/><W14/><G118/><T105/><D105/><U40/><E40/><V12/><F12/><W102/><G43/><T31/><D2/><U53/><E53/><V117/><F117/><W92/><G41/><T94/><D55/><U51/><E51/><V16/><F30/><W91/><G49/><T58/><D31/><U82/><E82/><V85/><F44/><W101/><G14/><T103/><D46/><U90/><E90/><V126/><F126/><W11/><G91/><T36/><D36/><AGARI ba="0,1" hai="16,22,25,36,42,45,56,59,76,83,85,95,98,100" machi="36" ten="30,3900,0" yaku="7,1,52,1,54,1" doraHai="17" who="2" fromWho="0" sc="250,-39,240,0,250,49,250,0" /><INIT seed="1,0,0,2,2,69" ten="211,240,299,250" oya="1" hai0="128,62,11,112,15,67,9,113,23,74,70,64,84" hai1="43,12,100,103,53,126,57,121,26,87,25,7,63" hai2="55,114,108,60,95,42,91,22,102,28,5,104,105" hai3="51,92,0,131,66,18,3,82,99,98,36,77,75"/><U35/><E121/><V132/><F108/><W17/><G131/><T127/><D74/><U40/><E126/><V122/><F122/><W39/><G66/><T31/><D127/><U80/><E35/><V101/><F132/><W46/><G0/><T14/><D128/><U61/><E7/><V68/><F114/><W13/><G3/><T78/><D84/><U45/><E12/><V76/><F76/><W24/><G24/><N who="1" m="9322" /><E63/><V33/><F33/><W19/><G13/><T94/><D78/><N who="1" m="46487" /><E45/><V118/><F5/><W65/><G65/><T129/><D129/><U110/><E110/><V86/><F68/><W4/><G4/><T71/><D62/><U20/><E20/><V116/><F105/><W97/><REACH who="3" step="1"/><G92/><REACH who="3" ten="211,240,299,240" step="2"/><T134/><D94/><U30/><E30/><V81/><F95/><W10/><G10/><T135/><D31/><U89/><E89/><V58/><F28/><W72/><G72/><T90/><D90/><U133/><E133/><V93/><F93/><W54/><AGARI ba="0,1" hai="17,18,19,36,39,46,51,54,75,77,82,97,98,99" machi="54" ten="30,7900,0" yaku="1,1,0,1,52,2,53,0" doraHai="69" doraHaiUra="37" who="3" fromWho="3" sc="211,-20,240,-39,299,-20,240,89" /><INIT seed="2,0,0,5,1,69" ten="191,201,279,329" oya="2" hai0="85,23,40,124,93,21,54,56,101,88,24,91,33" hai1="38,108,75,135,20,45,48,3,18,102,1,10,61" hai2="51,73,116,129,122,6,74,119,4,103,70,92,37" hai3="111,78,14,68,128,47,9,19,17,76,64,79,130"/><V57/><F122/><W84/><G111/><T99/><D124/><U62/><E75/><V133/><F70/><W50/><G19/><T35/><D40/><U31/><E108/><V118/><F103/><W127/><G127/><T34/><D24/><U53/><E135/><V32/><F32/><W71/><G84/><T123/><D91/><U12/><E102/><V22/><F92/><W67/><G71/><T44/><D44/><U49/><E38/><V60/><F51/><W95/><G95/><T89/><D89/><U80/><E80/><V65/><F133/><W97/><G97/><T2/><D2/><U132/><E132/><V94/><F94/><W41/><G68/><T30/><D30/><U13/><E49/><V125/><F125/><W86/><G86/><T28/><D28/><U8/><E8/><V66/><F129/><AGARI ba="0,0" hai="9,14,17,41,47,50,64,67,76,78,79,128,129,130" machi="129" ten="40,1300,0" yaku="19,1" doraHai="69" who="3" fromWho="2" sc="191,0,201,0,279,-13,329,13" /><INIT seed="3,0,0,0,3,26" ten="191,201,266,342" oya="3" hai0="82,19,25,32,51,100,55,48,125,128,72,54,17" hai1="59,113,27,97,83,10,99,42,108,76,8,58,12" hai2="98,95,69,23,106,45,77,11,126,34,121,129,65" hai3="103,18,102,111,43,28,24,85,16,62,112,22,4"/><W53/><G112/><T9/><D100/><N who="3" m="38441" /><G111/><T44/><D125/><U110/><E42/><V105/><F34/><W80/><G4/><T107/><D107/><U116/><E27/><V61/><F126/><W39/><G43/><T14/><D128/><U50/><E113/><V20/><F129/><W93/><G93/><T56/><D32/><U73/><E116/><V31/><F121/><W2/><G2/><T37/><D37/><U66/><E66/><V132/><F132/><W133/><G39/><T35/><D35/><U123/><E123/><V87/><F11/><W94/><G94/><T75/><REACH who="0" step="1"/><D82/><REACH who="0" ten="181,201,266,342" step="2"/><U115/><E115/><V70/><F106/><W86/><G80/><T131/><D131/><U118/><E118/><V74/><F105/><W81/><G133/><T127/><D127/><U96/><E8/><V109/><F109/><N who="1" m="42089" /><E50/><V38/><F38/><W89/><G81/><T41/><D41/><U57/><E97/><V40/><F98/><W47/><G86/><T36/><D36/><U60/><E60/><V49/><F61/><W90/><G85/><T124/><D124/><U119/><E119/><V101/><F87/><W68/><G62/><T3/><D3/><U52/><E52/><V79/><F40/><W78/><G53/><T29/><D29/><U71/><E71/><V122/><F69/><W15/><G28/><T120/><D120/><U5/><AGARI ba="0,1" hai="5,10,12,57,58,59,73,76,83,96,99" m="42089" machi="5" ten="30,1100,0" yaku="14,1" doraHai="26" who="1" fromWho="1" sc="181,-3,201,21,266,-3,342,-5" owari="178,-32.2,222,-17.8,263,6.3,337,43.7" /></mjloggm>