<mjloggm ver="2.3"><GO type="225" lobby="0"/><UN n0="%E3%81%8B%E3%82%8F%E3%81%A1%E3%82%83%E3%82%93%35%38" n1="%E5%AE%AE%E4%BF%9D%E9%B6%8F%E8%82%89" n2="%E3%81%95%E3%81%8D%E3%81%9F%E3%81%BE%E6%9E%97%E6%AA%8E" n3="%E3%83%B4%E3%82%A3%E3%83%AF%E3%82%B3%E3%82%B0%E3%83%8B" dan="16,16,16,16" rate="2138.98,2141.06,2072.34,2178.50" sx="M,M,M,M"/><TAIKYOKU oya="0"/><INIT seed="0,0,0,2,1,3" ten="250,250,250,250" oya="0" hai0="32,4,5,15,59,102,96,77,45,107,122,103,22" hai1="31,55,54,26,36,63,100,106,0,108,115,43,110" hai2="132,46,117,42,71,17,38,97,135,134,64,80,128" hai3="89,44,78,49,109,85,62,130,52,39,91,125,28"/><T11/><D32/><U126/><E0/><V12/><F128/><W6/><G109/><N who="1" m="42090" /><E126/><V68/><F117/><W16/><G125/><T104/><D122/><U87/><E115/><V101/><F80/><N who="3" m="47255" /><G39/><T133/><D77/><U57/><E106/><V76/><F76/><W114/><G114/><T70/><D70/><U116/><E100/><N who="0" m="38441" /><D107/><U69/><E69/><V21/><REACH who="2" step="1"/><F64/><REACH who="2" ten="250,250,240,250" step="2"/><W129/><G129/><T95/><D104/><AGARI ba="0,1" hai="12,17,21,38,42,46,68,71,97,101,104,132,134,135" machi="104" ten="40,8000,1" yaku="1,1,2,1,20,1,53,1" doraHai="3" doraHaiUra="9" who="2" fromWho="0" sc="250,-80,250,0,240,90,250,0" /><INIT seed="1,0,0,1,4,107" ten="170,250,330,250" oya="1" hai0="28,117,132,18,60,1,31,21,93,77,40,95,23" hai1="43,133,78,81,128,71,123,10,135,91,61,115,19" hai2="14,85,53,79,86,48,125,75,114,0,89,33,70" hai3="109,121,94,111,72,47,54,38,4,106,39,41,2"/><U29/><E115/><V46/><F0/><W112/><G121/><T130/><D132/><N who="1" m="50763" /><E123/><V59/><F70/><W26/><G106/><T42/><D1/><U65/><E128/><V118/><F33/><W90/><G112/><T58/><D130/><U82/><E29/><V51/><F114/><W56/><G39/><T7/><D117/><U64/><E64/><V6/><F125/><W97/><G2/><T68/><D68/><U30/><E30/><V27/><F118/><W126/><G4/><T25/><D77/><U3/><E43/><V83/><F27/><W12/><G12/><T134/><D134/><U87/><E19/><V122/><F122/><W62/><G126/><T9/><D9/><U69/><E69/><V92/><F6/><W15/><G15/><T124/><D124/><U63/><E63/><V110/><F14/><W96/><G96/><T67/><D7/><N who="1" m="1407" /><E78/><V101/><F101/><W57/><G57/><T50/><D31/><U22/><E22/><V105/><F105/><W73/><REACH who="3" step="1"/><G26/><REACH who="3" ten="170,250,330,240" step="2"/><N who="0" m="14647" /><D50/><U44/><E44/><V102/><F51/><W52/><G52/><T84/><D42/><U103/><E103/><V24/><F53/><W66/><G66/><T35/><D40/><U100/><E100/><V17/><F48/><W34/><G34/><T108/><D35/><U36/><E36/><V113/><F46/><W119/><G119/><T104/><D104/><U129/><E129/><V98/><F102/><W13/><G13/><T99/><D99/><U127/><E127/><V37/><F113/><W5/><G5/><T55/><D67/><U11/><E11/><RYUUKYOKU ba="0,1" sc="170,-15,250,15,330,-15,240,15" hai1="61,65,71,81,82,87,91" hai3="38,41,47,54,56,62,72,73,90,94,97,109,111" /><INIT seed="1,1,1,2,0,57" ten="155,265,315,255" oya="1" hai0="65,48,96,42,37,9,118,16,36,3,92,41,70" hai1="15,14,79,72,59,110,129,63,73,75,7,18,107" hai2="124,112,115,109,94,27,8,54,62,108,13,89,19" hai3="95,0,134,29,81,4,128,125,11,39,86,23,76"/><U10/><E107/><V104/><F124/><W98/><G125/><T119/><D3/><U116/><E116/><N who="0" m="44585" /><D92/><U126/><E129/><V87/><F104/><W38/><G134/><T91/><D91/><U49/><E126/><V67/><F54/><W45/><G128/><T101/><D96/><U50/><E79/><V64/><F64/><W44/><G38/><N who="0" m="14955" /><D16/><U131/><E110/><N who="2" m="42603" /><F27/><W22/><G39/><T52/><D9/><U77/><E77/><V68/><AGARI ba="1,1" hai="8,13,19,62,67,68,87,89,94,112,115" m="42603" machi="68" ten="30,2000,0" yaku="14,1,52,1" doraHai="57" who="2" fromWho="2" sc="155,-6,265,-11,315,33,255,-6" /><INIT seed="2,0,0,1,3,73" ten="149,254,348,249" oya="2" hai0="8,109,50,105,87,64,125,103,94,107,40,38,42" hai1="7,70,127,99,33,75,106,88,102,133,23,108,11" hai2="14,114,80,57,46,119,62,49,15,5,61,85,111" hai3="65,134,112,12,83,104,74,93,135,10,41,18,82"/><V16/><F114/><W91/><G104/><T100/><D109/><U92/><E108/><V81/><F119/><W4/><G112/><T19/><D125/><U31/><E127/><V35/><F111/><W27/><G65/><T120/><D120/><U30/><E70/><V131/><F131/><W13/><G27/><T24/><D64/><U67/><E67/><V110/><F35/><W26/><G26/><T20/><D38/><U101/><E133/><N who="3" m="50698" /><G74/><T29/><D105/><U51/><E33/><V48/><F5/><W56/><G56/><T118/><D107/><U71/><E71/><V117/><F117/><W76/><G76/><T66/><D66/><U3/><E75/><V72/><F72/><W97/><G41/><N who="0" m="15979" /><D50/><N who="2" m="19562" /><F46/><W84/><G97/><T113/><D113/><U43/><E23/><AGARI ba="0,0" hai="4,10,12,13,18,23,82,83,84,91,93" m="50698" machi="23" ten="30,1000,0" yaku="20,1" doraHai="73" who="3" fromWho="1" sc="149,0,254,-10,348,0,249,10" /><INIT seed="3,0,0,5,0,134" ten="149,244,348,259" oya="3" hai0="64,38,50,94,92,86,115,25,108,33,85,20,3" hai1="73,130,68,13,56,51,15,88,100,125,98,32,105" hai2="11,78,28,36,31,107,1,77,131,79,116,29,106" hai3="5,60,102,26,122,44,76,18,21,90,6,40,95"/><W66/><G122/><T53/><D108/><U71/><E125/><V55/><F116/><W82/><G102/><T87/><D38/><U58/><E32/><V135/><F135/><W89/><G76/><T80/><D3/><U52/><E73/><V4/><F36/><W62/><G82/><T14/><D33/><U75/><E75/><V42/><F42/><W133/><G133/><T2/><D2/><U39/><E39/><V34/><F34/><W45/><G89/><T47/><D115/><U17/><E130/><V132/><F132/><W61/><G66/><T99/><D64/><U129/><E129/><V126/><F126/><W8/><G40/><T112/><D112/><U65/><E88/><V23/><F131/><W22/><G22/><T37/><D37/><U63/><E13/><V70/><F70/><W35/><G35/><T111/><D111/><U41/><E41/><V27/><REACH who="2" step="1"/><F55/><REACH who="2" ten="149,244,338,259" step="2"/><W120/><G120/><T54/><D54/><U19/><REACH who="1" step="1"/><E17/><AGARI ba="0,1" hai="1,4,11,17,23,27,28,29,31,77,78,79,106,107" machi="17" ten="40,8000,1" yaku="1,1,2,1,53,3" doraHai="134" doraHaiUra="74" who="2" fromWho="1" sc="149,0,244,-80,338,90,259,0" owari="149,-35.1,164,-23.6,428,52.8,259,5.9" /></mjloggm>