<mjloggm ver="2.3"><GO type="225" lobby="0"/><UN n0="%E3%81%82%E3%81%B9%E3%81%99%E3%81%91" n1="%77%72%77%72%77%72%77%72" n2="%E3%81%BF%E3%81%BF%E3%81%9A" n3="%48%61%61%61%6C%61%6E%64" dan="16,17,16,18" rate="2049.55,2234.06,2232.32,2301.72" sx="M,M,M,M"/><TAIKYOKU oya="0"/><INIT seed="0,0,0,0,1,39" ten="250,250,250,250" oya="0" hai0="95,9,81,107,67,38,35,128,93,122,55,119,115" hai1="90,32,85,10,72,124,5,118,27,65,121,56,71" hai2="129,91,100,31,73,79,132,82,37,89,106,112,21" hai3="63,130,24,23,102,114,84,62,104,70,14,2,45"/><T33/><D115/><U15/><E118/><V68/><F68/><W1/><G114/><T4/><D122/><U13/><E121/><V51/><F37/><W92/><G130/><T96/><D119/><U42/><E72/><V86/><F112/><W46/><G104/><T30/><D128/><U83/><E124/><V75/><F129/><W54/><G14/><T64/><D107/><U98/><E71/><V78/><F51/><W36/><G45/><T41/><D81/><U48/><E98/><N who="2" m="61719" /><F21/><W110/><G110/><T34/><D30/><U25/><E15/><V134/><F31/><W123/><G123/><T17/><D17/><U76/><E90/><N who="2" m="34315" /><F78/><W52/><G36/><T59/><D96/><U127/><E127/><V47/><F47/><W87/><G46/><T125/><D125/><U99/><E32/><V19/><F19/><W53/><G23/><T22/><D22/><U131/><E99/><V40/><F40/><W113/><G113/><T133/><D67/><U61/><E131/><V6/><F6/><W43/><G24/><T7/><D64/><U16/><E16/><V12/><F12/><W50/><G70/><T57/><D38/><U20/><E20/><V18/><F18/><W74/><G1/><T11/><D35/><U117/><E117/><V108/><F108/><W44/><G2/><T109/><D109/><U126/><E126/><V28/><F28/><W60/><G50/><T120/><D120/><U105/><E105/><V101/><F101/><W80/><G102/><T3/><D3/><U94/><E94/><N who="0" m="35849" /><D34/><U69/><E69/><V8/><F8/><RYUUKYOKU ba="0,0" sc="250,-15,250,15,250,15,250,-15" hai1="5,10,13,25,27,42,48,56,61,65,76,83,85" hai2="73,75,79,82,86,132,134" /><INIT seed="1,1,0,5,2,63" ten="235,265,265,235" oya="1" hai0="28,134,103,123,100,30,31,2,87,107,89,124,108" hai1="96,88,62,125,121,133,80,23,81,126,112,59,135" hai2="9,41,60,54,102,58,47,34,120,119,94,12,66" hai3="74,91,20,48,24,43,79,84,131,122,77,13,35"/><U46/><E112/><V27/><F119/><W82/><G122/><T25/><D2/><U90/><E121/><V33/><F120/><W38/><G38/><T1/><D1/><U130/><E46/><V37/><F27/><W85/><G131/><T17/><D123/><U98/><E23/><V127/><F127/><N who="1" m="48649" /><E130/><V52/><F102/><W42/><G74/><T75/><D75/><U129/><E129/><V95/><F34/><W128/><G128/><T4/><D108/><U67/><E96/><V22/><F22/><W101/><G35/><T57/><D4/><U86/><E98/><V50/><F33/><W69/><G101/><T39/><D39/><U21/><E21/><V45/><REACH who="2" step="1"/><F54/><REACH who="2" ten="235,265,255,235" step="2"/><W72/><G20/><N who="0" m="13455" /><D124/><U15/><E15/><V116/><F116/><W65/><G13/><T68/><D103/><U70/><E70/><V76/><F76/><W78/><G24/><T53/><D100/><U111/><E111/><V109/><F109/><W26/><G26/><T14/><D68/><U92/><E90/><V7/><AGARI ba="1,1" hai="7,9,12,37,41,45,47,50,52,58,60,66,94,95" machi="7" ten="20,12000,2" yaku="1,1,0,1,7,1,52,1,54,1,53,1" doraHai="63" doraHaiUra="6" who="2" fromWho="2" sc="235,-31,265,-61,255,133,235,-31" /><INIT seed="2,0,0,4,5,41" ten="204,204,388,204" oya="2" hai0="13,25,105,114,83,33,78,56,123,109,9,51,54" hai1="121,102,63,40,24,124,118,14,11,32,17,5,115" hai2="62,53,46,129,39,34,132,61,52,91,88,73,27" hai3="111,82,86,104,64,49,16,72,106,87,75,19,22"/><V10/><F73/><W95/><G111/><T60/><D123/><U135/><E115/><V108/><F108/><W99/><G64/><T30/><D109/><U103/><E118/><V96/><F129/><W0/><G0/><T18/><D105/><U44/><E121/><V12/><F132/><W81/><G49/><T71/><D71/><U79/><E135/><V29/><F96/><W50/><G50/><T122/><D122/><U42/><E124/><V131/><F131/><W85/><G22/><T21/><D114/><U89/><E79/><V76/><F76/><N who="3" m="44167" /><G16/><T45/><D83/><U116/><E116/><V8/><F62/><W117/><G19/><T37/><D78/><U6/><E32/><V38/><F61/><W65/><G65/><T68/><D37/><U128/><E128/><V92/><F10/><W97/><G117/><T100/><D100/><N who="1" m="38443" /><E63/><V4/><F91/><N who="3" m="55551" /><G99/><T43/><REACH who="0" step="1"/><D68/><REACH who="0" ten="194,204,388,204" step="2"/><U59/><E40/><V15/><F39/><W134/><G134/><T84/><D84/><N who="3" m="32361" /><G75/><T55/><D55/><U126/><E42/><V112/><F52/><W94/><G94/><T98/><D98/><U127/><E127/><V58/><F53/><W120/><G120/><T23/><AGARI ba="0,1" hai="9,13,18,21,23,25,30,33,43,45,51,54,56,60" machi="23" ten="30,4000,0" yaku="1,1,0,1,52,1,53,0" doraHai="41" doraHaiUra="69" who="0" fromWho="0" sc="194,50,204,-10,388,-20,204,-10" /><INIT seed="3,0,0,0,1,58" ten="244,194,368,194" oya="3" hai0="135,62,116,36,8,130,20,70,122,25,28,80,50" hai1="87,110,17,24,124,2,12,33,107,45,115,117,66" hai2="5,27,100,118,109,11,101,43,120,57,126,34,69" hai3="31,39,23,77,14,92,19,102,29,113,119,103,97"/><W76/><G113/><T46/><D36/><U98/><E115/><V51/><F69/><W30/><G119/><T49/><D122/><U59/><E2/><V133/><F118/><W105/><G39/><T96/><D130/><U104/><E117/><V40/><F120/><W64/><G105/><T86/><D96/><U82/><E45/><V61/><F109/><W125/><G125/><T84/><D84/><U72/><E72/><V99/><F126/><W16/><G103/><T7/><D135/><U132/><E124/><V83/><F83/><W95/><G95/><T131/><D46/><U85/><E85/><V41/><F51/><W73/><G73/><T94/><D94/><U37/><E37/><V75/><F75/><W60/><REACH who="3" step="1"/><G19/><REACH who="3" ten="244,194,368,184" step="2"/><T38/><D38/><U74/><E74/><V47/><F101/><W10/><G10/><T22/><D8/><U90/><E110/><V1/><F133/><W52/><G52/><T88/><D116/><U78/><E132/><V13/><F41/><W26/><G26/><T123/><D25/><U121/><E121/><V32/><F27/><W18/><G18/><T15/><D123/><U4/><E107/><N who="2" m="63903" /><F40/><W112/><G112/><T89/><D131/><U6/><E24/><V129/><F129/><W9/><G9/><T108/><D108/><U114/><E114/><V71/><F13/><W54/><G54/><T63/><D15/><U55/><E33/><V53/><F32/><W134/><G134/><T35/><D35/><U127/><E127/><V68/><F34/><W56/><AGARI ba="0,1" hai="14,16,23,29,30,31,56,60,64,76,77,92,97,102" machi="56" ten="30,12000,1" yaku="1,1,0,1,8,1,52,1,54,1,53,0" doraHai="58" doraHaiUra="65" who="3" fromWho="3" sc="244,-40,194,-40,368,-40,184,130" /><INIT seed="3,1,0,5,3,79" ten="204,154,328,314" oya="3" hai0="95,60,97,98,132,61,102,103,69,117,101,99,65" hai1="133,47,72,12,39,52,23,88,13,24,21,76,118" hai2="48,19,22,77,87,10,73,122,34,121,100,42,90" hai3="51,28,63,84,68,5,67,110,119,25,93,59,106"/><W129/><G119/><T115/><D117/><U3/><E3/><V7/><F34/><W40/><G106/><T94/><D132/><U45/><E118/><V1/><F100/><W78/><G5/><T0/><D0/><U131/><E133/><V15/><F77/><W29/><G129/><T49/><D49/><U32/><E131/><V54/><F42/><W11/><G11/><T27/><D27/><U50/><E32/><V96/><F96/><W30/><G110/><T62/><D115/><U80/><E21/><V44/><REACH who="2" step="1"/><F73/><REACH who="2" ten="204,154,318,314" step="2"/><W43/><G43/><T38/><D38/><U114/><E114/><V130/><F130/><W126/><G126/><T120/><D120/><U111/><E111/><V85/><F85/><W37/><G37/><T33/><D33/><U26/><E26/><V36/><F36/><W46/><G25/><T107/><AGARI ba="1,1" hai="60,61,62,65,69,94,95,97,98,99,101,102,103,107" machi="107" ten="20,2700,0" yaku="0,1,7,1,9,1" doraHai="79" who="0" fromWho="0" sc="204,40,154,-8,318,-8,314,-14" owari="244,-15.6,146,-35.4,310,41.0,300,10.0" /></mjloggm>