<mjloggm ver="2.3"><GO type="225" lobby="0"/><UN n0="%E4%B8%AD%E5%B9%B4%E3%81%AE%E5%8D%B1%E6%A9%9F" n1="%E3%81%9D%E3%81%8A%E3%81%9D%E3%81%9D" n2="%E3%82%BC%E3%83%AB%E3%83%80%E3%81%AE%E4%BC%9D%E8%AA%AC" n3="%E3%81%AA%E3%81%A1%30%39%32%37" dan="17,16,17,16" rate="2207.81,2080.14,2215.53,2059.84" sx="M,M,M,M"/><TAIKYOKU oya="0"/><INIT seed="0,0,0,2,0,85" ten="250,250,250,250" oya="0" hai0="29,100,49,59,81,99,135,83,43,54,56,10,123" hai1="72,42,134,4,80,128,119,31,27,88,0,70,90" hai2="30,110,122,40,131,118,53,36,39,87,14,82,71" hai3="3,104,62,77,74,124,105,7,26,8,93,5,68"/><T92/><D123/><U33/><E119/><V46/><F122/><W76/><G124/><T113/><D113/><U2/><E70/><V1/><F1/><W132/><G132/><T112/><D112/><U16/><E134/><V75/><F118/><W120/><G120/><T117/><D117/><U20/><E128/><V130/><F110/><W97/><G7/><T45/><D135/><U102/><E102/><V55/><F71/><W65/><G26/><T96/><D29/><U18/><E18/><V91/><F39/><W64/><G64/><T48/><D56/><U115/><E42/><V129/><F30/><W25/><G25/><T94/><REACH who="0" step="1"/><D10/><REACH who="0" ten="240,250,250,250" step="2"/><U111/><E31/><V41/><F41/><W58/><G58/><T107/><D107/><U23/><E115/><V78/><REACH who="2" step="1"/><F14/><REACH who="2" ten="240,250,240,250" step="2"/><W73/><G3/><T9/><D9/><U116/><E0/><V63/><F63/><W35/><G8/><T79/><D79/><U13/><E13/><V50/><F50/><W19/><G77/><T127/><D127/><U106/><E2/><V11/><F11/><W121/><G76/><T114/><D114/><U61/><E116/><V28/><F28/><W6/><G121/><T108/><D108/><U15/><E61/><V126/><F126/><W37/><G37/><T133/><D133/><U86/><E15/><V66/><F66/><W95/><G5/><T98/><D98/><U24/><E4/><V17/><F17/><W51/><G6/><T34/><D34/><U103/><E33/><V125/><F125/><W101/><G35/><T47/><D47/><U69/><E16/><RYUUKYOKU ba="0,2" sc="240,15,250,-15,240,15,250,-15" hai0="43,45,48,49,54,59,81,83,92,94,96,99,100" hai2="36,40,46,53,55,75,78,82,87,91,129,130,131" /><INIT seed="0,1,2,3,4,56" ten="255,235,255,235" oya="0" hai0="3,28,32,85,127,109,73,103,70,134,133,118,129" hai1="121,114,60,97,16,67,92,14,37,117,132,100,21" hai2="135,38,77,43,41,87,57,39,91,78,68,24,18" hai3="11,101,34,84,123,94,86,61,19,75,46,40,26"/><T64/><RYUUKYOKU type="yao9" ba="1,2" sc="255,0,235,0,255,0,235,0" hai0="3,28,32,64,70,73,85,103,109,118,127,129,133,134" /><INIT seed="0,2,2,1,0,20" ten="255,235,255,235" oya="0" hai0="96,131,17,108,129,103,36,88,77,44,42,101,32" hai1="40,81,114,91,80,19,102,13,112,94,41,130,45" hai2="65,49,100,63,89,56,111,16,21,92,7,87,29" hai3="10,133,120,105,46,55,53,70,39,12,3,109,28"/><T51/><D77/><U72/><E102/><V57/><F111/><W35/><G105/><T107/><D103/><U76/><E81/><V84/><F7/><W125/><G109/><T69/><D108/><U99/><E130/><N who="0" m="49673" /><D69/><U93/><E93/><V48/><F100/><W33/><G70/><T106/><D32/><U50/><REACH who="1" step="1"/><E41/><REACH who="1" ten="255,225,255,235" step="2"/><V9/><F84/><W31/><G120/><T82/><D107/><U117/><E117/><V23/><F87/><W58/><G133/><T71/><D82/><U11/><AGARI ba="2,3" hai="11,13,19,40,45,50,72,76,80,91,94,99,112,114" machi="11" ten="30,4000,0" yaku="1,1,0,1,53,1" doraHai="20" doraHaiUra="95" who="1" fromWho="1" sc="255,-22,225,76,255,-12,235,-12" /><INIT seed="1,0,0,0,0,133" ten="233,301,243,223" oya="1" hai0="55,107,47,69,103,96,90,97,134,128,51,17,16" hai1="92,4,113,46,38,104,52,101,23,66,120,131,3" hai2="56,125,37,109,84,122,25,81,49,78,124,0,105" hai3="132,62,6,22,102,12,110,83,99,33,14,76,91"/><U58/><E104/><V129/><F122/><W135/><G110/><T67/><D134/><N who="3" m="51241" /><G33/><T29/><D128/><U116/><E120/><V93/><F109/><W43/><G43/><T94/><REACH who="0" step="1"/><D29/><REACH who="0" ten="223,301,243,223" step="2"/><U73/><E113/><V2/><F129/><W71/><G71/><T48/><D48/><U8/><E131/><V80/><F37/><W13/><G62/><AGARI ba="0,1" hai="16,17,47,51,55,62,67,69,90,94,96,97,103,107" machi="62" ten="40,2600,0" yaku="1,1,54,1,53,0" doraHai="133" doraHaiUra="108" who="0" fromWho="3" sc="223,36,301,0,243,0,223,-26" /><INIT seed="2,0,0,4,3,109" ten="259,301,243,197" oya="2" hai0="90,25,95,118,89,38,44,32,122,9,114,48,87" hai1="120,133,82,52,16,8,93,99,107,106,28,61,21" hai2="46,104,130,0,12,64,129,3,19,77,126,2,84" hai3="31,71,123,20,79,35,92,50,26,53,72,58,59"/><V51/><F104/><W124/><G123/><T27/><D122/><U73/><E120/><V40/><F126/><W41/><G124/><T103/><D118/><U23/><E8/><V116/><F116/><W7/><G71/><T34/><D38/><U15/><E133/><V74/><F74/><W22/><G41/><T70/><D70/><U36/><E36/><V67/><F77/><W37/><G37/><T14/><D114/><U100/><E82/><V94/><F84/><W125/><G125/><T115/><D115/><U119/><E73/><V69/><F94/><W4/><G79/><T43/><D103/><U66/><E52/><V54/><F54/><W80/><G80/><T78/><D78/><U102/><E100/><V33/><F33/><W128/><G72/><T83/><D34/><U131/><E131/><N who="2" m="50187" /><F69/><W108/><G108/><T97/><REACH who="0" step="1"/><D32/><REACH who="0" ten="249,301,243,197" step="2"/><U17/><E119/><V85/><F85/><W76/><G76/><T65/><D65/><U105/><E66/><V57/><F57/><W24/><G128/><T11/><D11/><AGARI ba="0,1" hai="0,2,3,11,12,19,40,46,51,64,67" m="50187" machi="11" ten="40,2000,0" yaku="19,1" doraHai="109" who="2" fromWho="0" sc="249,-20,301,0,243,30,197,0" /><INIT seed="2,1,0,4,5,83" ten="229,301,273,197" oya="2" hai0="4,21,129,103,128,122,72,99,90,92,46,101,0" hai1="80,98,65,44,29,24,32,18,82,31,113,84,53" hai2="87,71,77,12,102,132,2,47,36,108,85,49,50" hai3="63,34,37,107,48,59,33,14,76,11,28,22,94"/><V116/><F116/><W43/><G107/><T38/><D122/><U42/><E113/><V111/><F2/><W135/><G135/><T19/><D72/><U64/><E31/><V95/><F132/><W57/><G37/><T109/><D109/><N who="2" m="42058" /><F71/><W67/><G76/><T8/><D38/><U41/><E41/><N who="2" m="22951" /><F12/><W35/><G22/><T130/><REACH who="0" step="1"/><D46/><REACH who="0" ten="219,301,273,197" step="2"/><U93/><E44/><V89/><F102/><W106/><G43/><T30/><D30/><U6/><E42/><V119/><F119/><W39/><G39/><T97/><D97/><U134/><E98/><V127/><F127/><W73/><G73/><T16/><D16/><U124/><E18/><V40/><F40/><W1/><G28/><T81/><D81/><AGARI ba="1,1" hai="49,50,77,81,85,87,89,95" m="22951,42058" machi="81" ten="30,11600,0" yaku="14,1,10,1,52,2" doraHai="83" who="2" fromWho="0" sc="219,-119,301,0,273,129,197,0" /><INIT seed="2,2,0,2,1,15" ten="100,301,402,197" oya="2" hai0="11,134,127,121,95,36,63,99,87,2,120,32,72" hai1="68,101,6,22,80,124,113,4,25,69,43,105,116" hai2="109,125,119,18,88,7,98,128,29,58,9,83,47" hai3="77,91,110,107,123,41,100,82,76,122,64,48,33"/><V103/><F119/><W21/><G33/><T38/><D87/><U78/><E116/><V51/><F125/><W31/><G110/><T14/><D95/><U52/><E113/><V126/><F126/><W28/><G64/><T102/><D14/><U135/><E124/><V92/><F109/><W59/><G91/><T42/><D127/><U131/><E43/><V94/><F128/><W111/><G111/><T54/><D54/><U93/><E105/><V130/><F130/><W57/><G41/><T61/><D61/><U97/><E131/><V75/><F29/><W12/><G12/><T60/><D60/><U20/><E135/><V118/><F58/><W0/><G82/><T114/><D114/><U133/><E133/><V46/><F118/><W81/><G81/><T89/><D89/><U16/><E22/><V55/><F46/><W71/><G21/><T17/><D72/><U10/><E52/><V8/><F18/><W5/><G5/><N who="0" m="1463" /><D17/><U115/><E115/><V104/><F7/><W19/><G19/><T37/><D134/><U85/><REACH who="1" step="1"/><E4/><REACH who="1" ten="100,291,402,197" step="2"/><V129/><F129/><W67/><G107/><N who="0" m="63967" /><D42/><U27/><E27/><V106/><F106/><W62/><G62/><T117/><D117/><U30/><E30/><V132/><F132/><W65/><G28/><T84/><D63/><U3/><AGARI ba="2,1" hai="3,6,10,16,20,25,68,69,78,80,85,93,97,101" machi="3" ten="20,12000,2" yaku="1,1,0,1,7,1,52,1,54,1,53,1" doraHai="15" doraHaiUra="34" who="1" fromWho="1" sc="100,-32,291,136,402,-62,197,-32" /><INIT seed="3,0,0,1,3,93" ten="68,427,340,165" oya="3" hai0="9,15,105,0,45,108,94,75,110,123,120,117,53" hai1="36,6,91,128,67,51,72,10,124,134,58,43,32" hai2="40,4,26,98,54,66,71,50,30,23,122,92,44" hai3="52,34,64,27,39,76,116,3,89,69,133,84,24"/><W2/><G116/><T126/><D0/><U83/><E32/><V61/><F122/><N who="0" m="46634" /><D45/><U14/><E36/><V42/><REACH who="2" step="1"/><F4/><REACH who="2" ten="68,427,330,165" step="2"/><W28/><G39/><T103/><D53/><U101/><E6/><V73/><F73/><W63/><G52/><T11/><D15/><U125/><E14/><V68/><F68/><W119/><G69/><T20/><D20/><U87/><E72/><V88/><AGARI ba="0,1" hai="23,26,30,40,42,44,50,54,61,66,71,88,92,98" machi="88" ten="20,8000,1" yaku="1,1,0,1,7,1,52,1,54,1,53,0" doraHai="93" doraHaiUra="31" who="2" fromWho="2" sc="68,-20,427,-20,330,90,165,-40" owari="48,-45.2,407,20.7,420,52.0,125,-27.5" /></mjloggm>