<mjloggm ver="2.3"><GO type="225" lobby="0"/><UN n0="%E3%81%AA%E3%81%A1%30%39%32%37" n1="%38%63%E3%81%AF%E3%81%A3%E3%81%97%E3%83%BC" n2="%33%74%72%65%65" n3="%E3%81%AF%E3%82%88%E3%81%8A%E3%81%98%E3%81%95%E3%82%93" dan="16,16,16,17" rate="2067.73,2109.28,2149.96,2196.24" sx="M,M,F,M"/><TAIKYOKU oya="0"/><INIT seed="0,0,0,1,3,2" ten="250,250,250,250" oya="0" hai0="101,109,114,65,87,20,35,74,125,121,90,68,8" hai1="1,112,47,98,30,50,75,3,33,94,76,34,36" hai2="99,21,124,129,117,96,66,120,135,45,103,43,18" hai3="13,5,42,16,64,134,58,131,91,53,77,110,89"/><T9/><D114/><U62/><E36/><V6/><F120/><W93/><G110/><T59/><D121/><U61/><E112/><V10/><F135/><W73/><G134/><T113/><D113/><U116/><E116/><V60/><F129/><W67/><G131/><T88/><D35/><U19/><E76/><V57/><F124/><W111/><G111/><T81/><D109/><U85/><E85/><V56/><F117/><W100/><G42/><T49/><D125/><U17/><E75/><V37/><F56/><W130/><G130/><T80/><D101/><U107/><E107/><V12/><REACH who="2" step="1"/><F103/><REACH who="2" ten="250,250,240,250" step="2"/><W4/><G100/><T127/><D127/><U39/><E47/><V126/><F126/><W0/><G58/><T22/><D59/><U92/><E39/><V82/><F82/><W41/><G67/><T104/><D65/><U72/><E72/><V123/><F123/><W25/><G64/><T28/><D74/><U26/><E33/><V55/><F55/><W15/><G53/><T54/><D54/><U7/><E34/><V115/><F115/><W11/><G73/><T31/><D68/><U44/><E44/><V71/><F71/><W52/><G52/><T108/><D108/><U24/><E50/><V118/><F118/><W63/><G63/><T106/><D49/><U40/><E62/><V79/><F79/><W23/><G77/><T128/><D128/><U83/><E61/><V27/><AGARI ba="0,1" hai="6,10,12,18,21,27,37,43,45,57,60,66,96,99" machi="27" ten="20,5200,0" yaku="1,1,0,1,7,1,52,1,53,0" doraHai="2" doraHaiUra="102" who="2" fromWho="2" sc="250,-26,250,-13,240,62,250,-13" /><INIT seed="1,0,0,4,5,105" ten="224,237,302,237" oya="1" hai0="40,26,18,47,33,92,16,125,121,41,103,123,20" hai1="72,120,108,87,118,61,23,10,12,89,58,100,129" hai2="80,27,115,37,104,85,117,128,57,68,14,126,31" hai3="38,133,74,78,124,114,106,22,135,36,52,67,49"/><U109/><E120/><N who="0" m="46153" /><D33/><U99/><E118/><V70/><F104/><W88/><G106/><T29/><D125/><U42/><E42/><N who="0" m="16489" /><D47/><U98/><E23/><V35/><F37/><W54/><G114/><T48/><D48/><U24/><E24/><V15/><F117/><W45/><G124/><T107/><D107/><U65/><E129/><V30/><F35/><W2/><G2/><T32/><D32/><U77/><E100/><V17/><F115/><W113/><G113/><T102/><D102/><U131/><E131/><V39/><F128/><W83/><G67/><T95/><D95/><U90/><E90/><V55/><F39/><W11/><G11/><T13/><D13/><U64/><E64/><V110/><F14/><W44/><G22/><T59/><D59/><U1/><E1/><V6/><F57/><W79/><G78/><T62/><D62/><U91/><E91/><V53/><F15/><W51/><G88/><T3/><D3/><U81/><E99/><AGARI ba="0,0" hai="16,18,20,26,29,92,99,103" m="16489,46153" machi="99" ten="30,2000,0" yaku="13,1,54,1" doraHai="105" who="0" fromWho="1" sc="224,20,237,-20,302,0,237,0" /><INIT seed="2,0,0,5,5,92" ten="244,217,302,237" oya="2" hai0="19,132,8,28,86,103,31,100,126,7,89,43,114" hai1="12,37,33,78,109,80,73,90,17,35,75,0,116" hai2="38,46,122,95,85,48,66,10,87,69,4,55,22" hai3="113,61,18,27,120,74,112,21,111,44,6,102,42"/><V58/><F122/><W62/><G120/><T45/><D114/><N who="3" m="44137" /><G74/><T131/><D131/><U65/><E116/><V39/><F22/><W106/><G111/><T115/><D132/><U118/><E118/><V11/><F11/><W36/><G6/><T134/><D134/><U79/><E0/><V64/><F38/><W71/><G71/><T133/><D133/><U70/><E37/><V59/><F69/><W68/><G68/><T34/><D126/><U101/><E109/><V53/><F39/><W26/><G27/><T110/><D19/><U32/><E90/><V20/><F20/><W83/><G83/><T91/><D91/><U51/><E51/><V105/><F105/><W3/><G3/><T50/><D110/><U25/><E25/><V96/><F64/><W107/><G107/><T41/><D41/><U84/><E65/><V93/><F93/><W81/><G81/><N who="0" m="49359" /><D34/><U82/><E70/><V63/><F66/><W13/><G26/><T98/><D115/><U123/><E123/><V94/><F94/><W2/><G2/><T30/><D98/><AGARI ba="0,0" hai="13,18,21,36,42,44,61,62,98,102,106" m="44137" machi="98" ten="30,2000,0" yaku="11,1,52,1" doraHai="92" who="3" fromWho="0" sc="244,-20,217,0,302,0,237,20" /><INIT seed="3,0,0,2,3,37" ten="224,217,302,257" oya="3" hai0="99,61,83,46,8,48,25,85,90,47,84,103,86" hai1="109,16,64,117,92,121,119,29,55,32,81,132,43" hai2="87,97,51,128,78,19,116,112,105,114,23,31,130" hai3="118,123,115,6,131,39,10,94,53,68,54,125,134"/><W52/><G118/><N who="1" m="45066" /><E109/><V27/><F116/><W36/><G115/><T70/><D70/><U66/><E121/><V58/><F51/><W107/><G107/><T20/><D61/><U100/><E132/><V89/><F58/><W67/><G123/><T106/><D8/><U110/><E110/><V120/><F120/><W30/><G30/><T44/><REACH who="0" step="1"/><D48/><REACH who="0" ten="214,217,302,257" step="2"/><U59/><E66/><V50/><F50/><W24/><G67/><T9/><D9/><U5/><E64/><V96/><F114/><W49/><G49/><T63/><D63/><U104/><E55/><V126/><F112/><W38/><G68/><T1/><D1/><U127/><E59/><V98/><F130/><W0/><G131/><T122/><D122/><U82/><E127/><V28/><F126/><W72/><G125/><T12/><D12/><U101/><E5/><V129/><F129/><W75/><G134/><T135/><D135/><U42/><E42/><V88/><F128/><W33/><G53/><T26/><D26/><U74/><E43/><V14/><F14/><W40/><G40/><T79/><D79/><U80/><E74/><V69/><F69/><W57/><G54/><T91/><D91/><N who="2" m="34890" /><F105/><W56/><G57/><T93/><D93/><U22/><E92/><V113/><F113/><W124/><G94/><T102/><D102/><U3/><E3/><V45/><F45/><W60/><G124/><T62/><D62/><U13/><E104/><V21/><F21/><W35/><G24/><AGARI ba="0,1" hai="13,16,22,24,29,32,80,81,82,100,101" m="45066" machi="24" ten="30,2000,0" yaku="12,1,54,1" doraHai="37" who="1" fromWho="3" sc="214,0,217,30,302,0,257,-20" owari="214,-28.6,247,4.7,302,40.2,237,-16.3" /></mjloggm>