<mjloggm ver="2.3"><GO type="225" lobby="0"/><UN n0="%E3%83%B4%E3%83%A0%EF%BC%99%E3%81%A6" n1="%E6%A1%9C%E8%8A%B1%E9%96%83%E3%80%85" n2="%E4%B8%AD%E5%B9%B4%E3%81%AE%E5%8D%B1%E6%A9%9F" n3="%E3%81%A6%E3%81%A4%EF%BC%A3" dan="17,18,16,16" rate="2218.84,2285.81,2129.37,2093.23" sx="M,M,M,M"/><TAIKYOKU oya="0"/><INIT seed="0,0,0,1,1,90" ten="250,250,250,250" oya="0" hai0="103,91,0,61,98,18,71,62,5,32,111,68,110" hai1="65,80,28,82,113,24,41,59,112,93,38,31,64" hai2="2,119,128,10,19,74,40,25,6,85,124,83,15" hai3="133,54,20,46,134,131,95,127,42,51,101,13,105"/><T11/><D32/><U14/><E14/><V114/><F114/><N who="1" m="44137" /><E41/><V26/><F124/><W129/><G105/><N who="0" m="63735" /><D18/><U43/><E43/><V79/><F128/><N who="3" m="49227" /><G42/><T107/><D107/><U52/><E38/><V122/><F122/><W89/><G101/><T84/><D71/><U8/><E8/><V88/><F119/><W102/><G102/><T118/><D68/><U34/><E31/><V22/><REACH who="2" step="1"/><F40/><REACH who="2" ten="250,250,240,250" step="2"/><W48/><G127/><T94/><D118/><U96/><E65/><V55/><F55/><W45/><G134/><T66/><D66/><U125/><E64/><V50/><F50/><W3/><G133/><T99/><D99/><U44/><E125/><V12/><F12/><W81/><G3/><T97/><D97/><U130/><E130/><V106/><F106/><W63/><G63/><T115/><D115/><U4/><E96/><V35/><F35/><W53/><G13/><T116/><D116/><U126/><E126/><V86/><F86/><N who="3" m="50383" /><G20/><T77/><D61/><U70/><E70/><V36/><F36/><W132/><G132/><T123/><D62/><U37/><E37/><V72/><F72/><W9/><G9/><T33/><D33/><U47/><E34/><V108/><F108/><N who="0" m="41514" /><D123/><U7/><E24/><V23/><F23/><W57/><G57/><T120/><D120/><U58/><E59/><V60/><F60/><W87/><G87/><T49/><D49/><U29/><E58/><V100/><F100/><W1/><G1/><T78/><AGARI ba="0,1" hai="0,5,11,77,78,84,91,94" m="41514,63735" machi="78" ten="30,6000,0" yaku="14,1,10,1,52,1" doraHai="90" who="0" fromWho="0" sc="250,70,250,-20,240,-20,250,-20" /><INIT seed="0,1,0,5,2,81" ten="320,230,220,230" oya="0" hai0="133,111,87,72,95,77,6,108,107,124,112,25,102" hai1="61,44,115,32,47,92,37,79,11,131,34,8,16" hai2="84,71,56,121,116,29,52,91,110,27,114,103,117" hai3="129,19,96,0,69,18,135,41,17,127,33,5,30"/><T13/><D112/><U43/><E115/><V63/><F121/><W3/><G69/><T65/><D133/><U85/><E131/><V4/><F114/><W98/><G135/><T109/><D124/><U101/><E61/><V70/><F103/><W78/><G127/><T48/><D65/><U64/><E64/><V26/><F4/><W89/><G129/><T36/><D36/><U100/><E34/><V24/><F29/><W15/><G41/><T90/><D25/><U68/><E32/><V75/><F75/><W67/><G67/><T51/><D72/><U1/><E8/><V28/><F28/><W93/><G78/><T22/><D77/><U20/><E47/><V7/><F7/><W119/><G119/><N who="2" m="45641" /><F110/><W53/><G98/><N who="0" m="61911" /><D22/><U54/><E100/><V10/><F10/><AGARI ba="1,0" hai="6,10,13,48,51,87,90,95,108,109,111" m="61911" machi="10" ten="30,5800,0" yaku="14,1,10,1,52,1" doraHai="81" who="0" fromWho="2" sc="320,61,230,0,220,-61,230,0" /><INIT seed="0,2,0,2,0,113" ten="381,230,159,230" oya="0" hai0="20,13,118,45,125,116,44,49,39,89,27,18,106" hai1="86,99,104,110,126,30,10,71,65,77,96,4,127" hai2="9,67,119,66,32,25,56,2,12,55,123,130,46" hai3="135,42,38,92,21,36,100,15,17,93,23,90,105"/><T122/><D106/><U134/><E30/><V11/><F123/><W109/><G109/><T133/><D122/><U61/><E110/><V41/><F130/><W91/><G135/><T76/><D133/><U37/><E37/><V47/><F2/><W80/><G80/><T72/><D125/><N who="1" m="47627" /><E134/><V115/><F115/><W3/><G3/><T114/><D114/><U59/><E71/><V87/><F32/><W121/><G121/><T120/><D120/><U107/><E86/><V19/><F9/><W84/><G105/><N who="1" m="40522" /><E77/><V57/><F25/><W60/><G100/><T43/><D89/><U5/><E5/><V95/><F119/><W124/><G124/><T50/><D39/><U28/><E28/><V129/><F129/><W117/><G117/><T131/><D131/><U85/><E85/><V35/><F35/><W73/><G73/><T29/><D76/><U7/><E4/><V33/><F33/><W101/><G101/><T132/><D72/><U48/><E48/><V94/><F41/><W14/><G42/><T22/><D132/><U62/><E61/><N who="2" m="38183" /><F67/><W108/><G60/><T16/><D29/><U83/><E83/><V88/><F95/><W6/><G108/><T70/><D70/><U31/><E31/><V0/><F0/><AGARI ba="2,0" hai="0,7,10,59,62,65,96,99" m="40522,47627" machi="0" ten="30,1000,0" yaku="18,1" doraHai="113" who="1" fromWho="2" sc="381,0,230,16,159,-16,230,0" /><INIT seed="1,0,0,2,0,113" ten="381,246,143,230" oya="1" hai0="46,42,119,132,9,77,32,39,38,97,89,67,122" hai1="76,124,83,50,17,102,82,60,69,7,135,134,58" hai2="47,112,114,10,40,126,35,20,15,62,49,94,71" hai3="43,8,87,28,73,6,100,96,131,11,111,128,21"/><U44/><E7/><V123/><F35/><W3/><G73/><T52/><D32/><U56/><E102/><V1/><F123/><W19/><G111/><T106/><D122/><U117/><E17/><V91/><F1/><W4/><G43/><T110/><D110/><U36/><E83/><V92/><F126/><W2/><G87/><T53/><D77/><U81/><E82/><V84/><F20/><W70/><G70/><T74/><D74/><U64/><E124/><V48/><F48/><W55/><G55/><T95/><D9/><U90/><E90/><V30/><F30/><W72/><G72/><T26/><D89/><U41/><E117/><V59/><F71/><W129/><G96/><T24/><D119/><U57/><E81/><V22/><F22/><W104/><G100/><T16/><D26/><U116/><E76/><V93/><F114/><W108/><G104/><T103/><D95/><U121/><E116/><V34/><F34/><W125/><G108/><T27/><D27/><U75/><E75/><V130/><F112/><W88/><G88/><T45/><D67/><U80/><E80/><V54/><REACH who="2" step="1"/><F130/><REACH who="2" ten="381,246,133,230" step="2"/><W101/><G125/><T12/><D24/><U85/><E121/><V18/><AGARI ba="0,1" hai="10,15,18,40,47,49,54,59,62,84,91,92,93,94" machi="18" ten="20,8000,1" yaku="1,1,2,1,0,1,7,1,8,1,53,0" doraHai="113" doraHaiUra="25" who="2" fromWho="2" sc="381,-20,246,-40,133,90,230,-20" /><INIT seed="2,0,0,0,5,103" ten="361,206,223,210" oya="2" hai0="5,91,42,105,100,71,75,26,0,11,109,113,107" hai1="51,62,116,93,2,135,14,124,52,63,49,48,101" hai2="129,19,114,72,122,12,134,106,22,115,120,95,30" hai3="34,27,53,1,74,47,25,99,3,7,55,77,21"/><V78/><F95/><W121/><G121/><N who="2" m="46697" /><F78/><W90/><G34/><T118/><D71/><U23/><E2/><V6/><F72/><W97/><G74/><T126/><D113/><N who="2" m="43018" /><F106/><W69/><G69/><T58/><D100/><U39/><E124/><V76/><F76/><W133/><G77/><T102/><D102/><U92/><E135/><V70/><F70/><W86/><G133/><T46/><D126/><U89/><E39/><V54/><F54/><W32/><G32/><T94/><D58/><N who="1" m="35143" /><E116/><V68/><F68/><W13/><G1/><T18/><D118/><U9/><E63/><V81/><F81/><N who="3" m="49487" /><G3/><T98/><D75/><U108/><E108/><V38/><F38/><W33/><G33/><T85/><D109/><U36/><E36/><V64/><F64/><W44/><G7/><T83/><D107/><U127/><E127/><V111/><F111/><W15/><G27/><T8/><D105/><U10/><E101/><V65/><F65/><W67/><G67/><T87/><D5/><U110/><E110/><V40/><F40/><W123/><G123/><T117/><D0/><U130/><E130/><V84/><F84/><W82/><G82/><T31/><D87/><N who="1" m="52287" /><E93/><V112/><N who="2" m="43026" /><V29/><DORA hai="96" /><F134/><W60/><G55/><T131/><D117/><U59/><E59/><V4/><F129/><W104/><G104/><T125/><D131/><U16/><AGARI ba="0,0" hai="9,10,14,16,23,48,49,51" m="52287,35143" machi="16" ten="30,4000,0" yaku="8,1,54,2" doraHai="103,96" who="1" fromWho="1" sc="361,-10,206,40,223,-20,210,-10" /><INIT seed="3,0,0,3,0,43" ten="351,246,203,200" oya="3" hai0="108,123,78,8,24,129,68,28,5,27,45,109,85" hai1="95,118,73,0,17,19,47,125,79,127,126,102,36" hai2="56,131,4,133,105,30,92,119,76,53,18,31,50" hai3="88,38,1,106,34,120,87,86,16,3,72,81,101"/><W9/><G120/><T61/><D123/><U12/><E0/><V39/><F105/><W116/><G116/><T59/><D68/><U122/><E122/><V100/><F119/><W32/><G38/><T80/><D45/><U13/><E118/><V20/><F39/><W26/><G72/><T33/><D27/><U6/><E79/><V41/><F133/><W44/><G106/><T83/><D129/><U82/><E82/><V57/><F131/><W98/><G86/><T40/><D40/><N who="1" m="22919" /><E73/><V48/><F4/><W22/><G44/><T2/><REACH who="0" step="1"/><D80/><REACH who="0" ten="341,246,203,200" step="2"/><U110/><E126/><V115/><F41/><W94/><REACH who="3" step="1"/><G1/><REACH who="3" ten="341,246,203,190" step="2"/><T93/><D93/><U89/><E95/><V75/><F92/><W104/><G104/><T90/><D90/><U10/><E89/><V128/><F128/><W54/><G54/><AGARI ba="0,2" hai="2,5,8,24,28,33,54,59,61,78,83,85,108,109" machi="54" ten="40,2600,0" yaku="1,1,53,1" doraHai="43" doraHaiUra="51" who="0" fromWho="3" sc="341,46,246,0,203,0,190,-26" owari="387,48.7,246,4.6,203,-19.7,164,-33.6" /></mjloggm>