<mjloggm ver="2.3"><GO type="225" lobby="0"/><UN n0="%72%69%6F%75%63%68%61%6E" n1="%E3%81%AF%E3%82%88%E3%81%8A%E3%81%98%E3%81%95%E3%82%93" n2="%68%6F%72%69%30%39%30%31" n3="%E6%B8%A9%E2%98%85%E6%83%85%E2%98%85%E6%8E%AA%E2%98%85%E7%BD%AE" dan="16,17,16,17" rate="2129.48,2215.42,2165.54,2265.34" sx="M,M,M,M"/><TAIKYOKU oya="0"/><INIT seed="0,0,0,1,4,10" ten="250,250,250,250" oya="0" hai0="104,25,20,113,65,32,124,51,76,108,91,42,16" hai1="2,35,28,56,57,8,55,112,21,118,107,19,89" hai2="90,132,71,29,122,18,85,131,54,47,100,94,114" hai3="3,133,97,95,119,129,86,64,26,70,121,116,53"/><T45/><D113/><U41/><E118/><V109/><F122/><W52/><G3/><T126/><D104/><U63/><E107/><V79/><F71/><W111/><G121/><T34/><D108/><U9/><E112/><V44/><F29/><W103/><G111/><T61/><D76/><U120/><E120/><V36/><F18/><W60/><G129/><T82/><D82/><U58/><E41/><V134/><F54/><W7/><G133/><N who="2" m="51305" /><F44/><W105/><G7/><T69/><REACH who="0" step="1"/><D91/><REACH who="0" ten="240,250,250,250" step="2"/><U13/><E89/><V106/><F79/><W62/><G105/><T115/><D115/><U128/><E128/><V40/><F131/><W4/><G119/><T6/><D6/><U123/><E123/><V88/><F109/><W46/><G4/><T39/><D39/><U83/><E83/><V15/><F114/><W99/><G116/><T5/><D5/><U22/><E2/><V68/><F90/><W101/><G95/><T23/><D23/><U1/><E1/><V14/><F68/><W50/><G70/><T11/><D11/><N who="1" m="4171" /><E35/><AGARI ba="0,1" hai="16,20,25,32,34,35,42,45,51,61,65,69,124,126" machi="35" ten="40,3900,0" yaku="1,1,54,1,53,0" doraHai="10" doraHaiUra="74" who="0" fromWho="1" sc="240,49,250,-39,250,0,250,0" /><INIT seed="0,1,0,5,0,24" ten="289,211,250,250" oya="0" hai0="56,48,115,22,59,55,44,121,32,65,94,85,53" hai1="100,1,86,2,113,4,110,124,81,43,78,70,37" hai2="39,33,97,87,105,63,41,38,133,28,46,92,51" hai3="6,90,91,29,76,42,10,7,64,82,120,18,106"/><T50/><D115/><U73/><E70/><V57/><F105/><W135/><G106/><T58/><D121/><U129/><E113/><V102/><F133/><W26/><G120/><T17/><D32/><U19/><E110/><V111/><F111/><W98/><G135/><T116/><D116/><U132/><E132/><V74/><F74/><W15/><G64/><T95/><D65/><U112/><E112/><V35/><F87/><W60/><G60/><T69/><D69/><U89/><E124/><V101/><F102/><W5/><G42/><T128/><D128/><U3/><E129/><V9/><F9/><W61/><G61/><T99/><D85/><U123/><E123/><V109/><F109/><W83/><G98/><T40/><D40/><U108/><E108/><V84/><F84/><N who="3" m="48199" /><G83/><T0/><D0/><U134/><E134/><V8/><F8/><W71/><G71/><T30/><D30/><U131/><E37/><V12/><F39/><W103/><G103/><T34/><D34/><U23/><E1/><V88/><F28/><W114/><G114/><T125/><D125/><U119/><E73/><V54/><F38/><W16/><G18/><T25/><REACH who="0" step="1"/><D95/><REACH who="0" ten="279,211,250,250" step="2"/><U122/><E119/><V45/><F41/><W75/><G75/><T66/><D66/><U130/><E2/><V126/><F126/><W127/><G127/><T13/><D13/><U20/><E122/><V79/><F12/><W27/><G27/><T96/><D96/><U80/><E131/><V72/><F97/><W68/><G68/><T118/><D118/><U11/><E130/><V21/><F35/><AGARI ba="1,1" hai="5,6,7,10,15,16,26,29,35,90,91" m="48199" machi="35" ten="30,3900,0" yaku="6,1,52,1,54,1" doraHai="24" who="3" fromWho="2" sc="279,0,211,0,250,-42,250,52" /><INIT seed="1,0,0,0,3,57" ten="279,211,208,302" oya="1" hai0="119,61,17,94,52,67,135,127,16,122,29,32,83" hai1="38,63,111,116,21,5,4,6,27,69,108,70,107" hai2="91,54,113,129,31,7,114,72,81,30,130,47,80" hai3="1,10,78,109,110,87,2,120,43,88,105,103,104"/><U28/><E107/><N who="3" m="41034" /><G120/><T25/><D119/><U74/><E116/><V41/><F72/><W65/><G103/><T131/><D122/><U96/><E74/><V40/><F7/><W48/><G78/><T24/><D131/><N who="2" m="50186" /><F91/><W134/><G65/><T124/><D135/><U55/><E38/><V132/><F54/><W13/><G48/><T118/><D118/><U11/><E96/><V53/><F53/><W49/><G49/><T26/><D83/><N who="2" m="31818" /><F132/><W56/><G56/><N who="0" m="34951" /><D67/><N who="1" m="41215" /><E55/><V112/><F47/><W92/><G43/><AGARI ba="0,0" hai="30,31,40,41,43,112,113,114" m="31818,50186" machi="43" ten="40,8000,1" yaku="28,2,11,1,19,1" doraHai="57" who="2" fromWho="3" sc="279,0,211,0,208,80,302,-80" /><INIT seed="2,0,0,0,5,60" ten="279,211,288,222" oya="2" hai0="131,24,72,34,21,77,111,63,12,121,10,49,8" hai1="7,36,40,115,11,130,61,20,129,22,57,97,108" hai2="117,116,44,31,14,96,95,70,76,107,89,119,3" hai3="132,65,109,64,42,6,106,94,26,41,50,134,25"/><V33/><F3/><W110/><G106/><T4/><D121/><U35/><E115/><V112/><F112/><W98/><G6/><T2/><D111/><N who="3" m="42505" /><G26/><T58/><D131/><N who="1" m="50187" /><E35/><V114/><F114/><W102/><G25/><T103/><D103/><U75/><E75/><V126/><F76/><W91/><G102/><T122/><D122/><U68/><E68/><V28/><F107/><W84/><G98/><T74/><D49/><U93/><E40/><N who="3" m="15466" /><G50/><T39/><D39/><U37/><E36/><V83/><F33/><W18/><G18/><N who="0" m="10439" /><D77/><U30/><E30/><V87/><F14/><W0/><G0/><T59/><D10/><U85/><E37/><V118/><F116/><W27/><G27/><T100/><D100/><N who="1" m="60463" /><E85/><V120/><F87/><W73/><G73/><T29/><D58/><U92/><E92/><V15/><F95/><W17/><G17/><T43/><D43/><U78/><E78/><V125/><F117/><W62/><G62/><T16/><D16/><U71/><E71/><V90/><F31/><W113/><G113/><T86/><D86/><U66/><E108/><V9/><F28/><W51/><G51/><T1/><D2/><AGARI ba="0,0" hai="2,7,11,20,22,57,61,66" m="60463,50187" machi="2" ten="30,2000,0" yaku="19,1,52,1" doraHai="60" who="1" fromWho="0" sc="279,-20,211,20,288,0,222,0" /><INIT seed="3,0,0,5,5,107" ten="259,231,288,222" oya="3" hai0="92,64,118,20,30,129,23,119,78,43,6,19,96" hai1="15,11,66,70,65,56,5,76,81,77,32,94,105" hai2="3,85,122,2,18,132,26,60,34,7,126,117,47" hai3="84,102,93,123,116,44,130,49,128,17,24,0,12"/><W63/><G0/><T109/><D109/><U115/><E105/><V41/><F117/><W9/><G116/><T36/><D129/><N who="3" m="49769" /><G123/><T103/><D6/><U90/><E115/><V73/><F73/><W89/><G63/><T113/><D113/><U58/><E32/><V25/><F60/><W69/><G69/><T121/><D121/><U21/><E21/><V27/><F122/><W104/><G104/><T124/><D124/><U86/><E77/><V97/><F34/><W87/><G102/><T91/><D64/><N who="1" m="24683" /><E70/><V127/><F97/><AGARI ba="0,0" hai="5,11,15,56,58,76,81,86,90,94,97" m="24683" machi="97" ten="30,1000,0" yaku="8,1" doraHai="107" who="1" fromWho="2" sc="259,0,231,10,288,-10,222,0" /><INIT seed="4,0,0,1,1,53" ten="259,241,278,222" oya="0" hai0="42,70,75,34,41,98,28,80,90,123,14,55,117" hai1="96,126,62,91,99,105,93,112,11,56,59,60,65" hai2="18,77,83,84,5,68,0,109,64,12,3,10,61" hai3="48,17,15,4,58,113,133,22,107,36,119,30,128"/><T127/><D117/><U8/><E126/><V102/><F109/><W125/><G119/><T97/><D123/><U44/><E112/><V7/><REACH who="2" step="1"/><F102/><REACH who="2" ten="259,241,268,222" step="2"/><W76/><G125/><T23/><D127/><U73/><E105/><V85/><F85/><W110/><G107/><T13/><D75/><U103/><E73/><V54/><F54/><N who="3" m="32071" /><G110/><T82/><D55/><U33/><E103/><V114/><F114/><W122/><G113/><T16/><D98/><U57/><E96/><V40/><F40/><W101/><G101/><T66/><D97/><U43/><E33/><V131/><F131/><W78/><G128/><T135/><D42/><U111/><E111/><V95/><F95/><W32/><G122/><T100/><D41/><U87/><E87/><V26/><F26/><N who="3" m="16727" /><G32/><T115/><D34/><U37/><E65/><V132/><F132/><W1/><G133/><T71/><D66/><U6/><REACH who="1" step="1"/><E8/><REACH who="1" ten="259,231,268,222" step="2"/><V94/><F94/><W67/><G67/><T118/><D135/><U21/><E21/><V74/><F74/><W130/><G130/><T116/><D23/><U19/><E19/><V52/><F52/><W69/><G17/><T31/><D16/><U25/><E25/><V89/><F89/><W106/><G106/><T129/><D129/><U92/><E92/><V86/><F86/><W72/><G72/><T20/><D115/><U108/><E108/><V50/><F50/><W88/><G88/><T63/><D100/><U2/><AGARI ba="0,2" hai="2,6,11,37,43,44,56,57,59,60,62,91,93,99" machi="2" ten="30,8000,1" yaku="1,1,0,1,52,3,53,0" doraHai="53" doraHaiUra="24" who="1" fromWho="1" sc="259,-40,231,100,268,-20,222,-20" owari="219,-18.1,331,43.1,248,4.8,202,-29.8" /></mjloggm>