<mjloggm ver="2.3"><GO type="225" lobby="0"/><UN n0="%E6%A1%9C%E8%8A%B1%E9%96%83%E3%80%85" n1="%33%74%72%65%65" n2="%E6%A0%B9%E5%85%83%E3%81%8B%E3%82%89%E5%90%B9%E3%81%A3%E9%A3%9B%E3%81%B6" n3="%E3%81%B5%E3%81%98%E3%81%8B%E3%81%A4" dan="16,16,17,17" rate="2220.39,2163.68,2173.40,2201.73" sx="M,F,F,M"/><TAIKYOKU oya="0"/><INIT seed="0,0,0,1,4,64" ten="250,250,250,250" oya="0" hai0="44,31,6,16,28,22,55,80,20,83,66,93,50" hai1="118,76,84,10,62,135,79,73,128,114,111,36,96" hai2="120,35,86,133,18,8,129,78,59,72,115,131,112" hai3="116,29,91,104,82,110,106,23,24,123,48,94,102"/><T69/><D6/><U53/><E118/><V125/><F59/><W92/><G116/><T68/><D93/><U41/><E73/><V109/><F72/><W58/><G110/><T5/><D5/><U57/><E111/><V87/><F35/><W30/><G123/><T61/><D68/><U54/><E135/><V113/><F18/><W2/><G2/><T17/><D31/><U67/><E128/><N who="2" m="49227" /><F8/><W60/><G48/><T7/><D7/><U37/><E10/><V51/><F51/><W14/><G14/><T121/><D28/><U81/><E36/><V103/><F103/><W134/><G30/><T12/><REACH who="0" step="1"/><D121/><REACH who="0" ten="240,250,250,250" step="2"/><U46/><E114/><V105/><F120/><W77/><G94/><T95/><D95/><U74/><E96/><V97/><F109/><W49/><G29/><T43/><D43/><U25/><E41/><V3/><F97/><W117/><G92/><T126/><D126/><U4/><E4/><V119/><F125/><W122/><G122/><T39/><D39/><U98/><E98/><V90/><F115/><W65/><G102/><T34/><D34/><U75/><E37/><V26/><F113/><W70/><G70/><T27/><AGARI ba="0,1" hai="12,16,17,20,22,27,44,50,55,61,66,69,80,83" machi="27" ten="20,12000,1" yaku="1,1,0,1,7,1,52,1,54,1,53,0" doraHai="64" doraHaiUra="132" who="0" fromWho="0" sc="240,130,250,-40,250,-40,250,-40" /><INIT seed="0,1,0,4,3,32" ten="370,210,210,210" oya="0" hai0="34,43,1,44,128,22,9,37,78,103,63,121,54" hai1="91,6,94,119,30,135,14,89,75,51,57,113,97" hai2="20,13,4,56,118,24,101,114,81,12,104,60,27" hai3="74,21,58,92,131,64,42,134,117,109,7,52,49"/><T11/><D121/><U8/><E119/><V53/><F114/><W127/><G117/><T39/><D34/><U16/><E113/><V83/><F118/><W25/><G74/><T122/><D122/><U124/><E124/><V95/><F104/><W68/><G127/><T2/><D37/><U62/><E135/><V18/><F12/><W0/><G134/><T102/><D78/><U38/><E38/><V28/><F4/><W5/><G109/><T84/><D84/><U98/><E75/><V99/><REACH who="2" step="1"/><F24/><REACH who="2" ten="370,210,200,210" step="2"/><W96/><G7/><T65/><D1/><U115/><E115/><V87/><F87/><W59/><G0/><T106/><D2/><U26/><E6/><V70/><F70/><W40/><G5/><T100/><D106/><U48/><E26/><V3/><F3/><W77/><G68/><T107/><D107/><U80/><E30/><V45/><F45/><W33/><G25/><T55/><D44/><U23/><E80/><V61/><F61/><W19/><G59/><T108/><D63/><U17/><E97/><V88/><F88/><W67/><G58/><T120/><D120/><U50/><E91/><V110/><F110/><W93/><G96/><T85/><D85/><U129/><E57/><V116/><F116/><W105/><G105/><T71/><D108/><U36/><E62/><V111/><F111/><W73/><G73/><T90/><D90/><U123/><E123/><V133/><F133/><W66/><G77/><T126/><D71/><U10/><E89/><V112/><F112/><W46/><G46/><T29/><D126/><U47/><E47/><RYUUKYOKU ba="1,1" sc="370,-10,210,-10,200,30,210,-10" hai2="13,18,20,27,28,53,56,60,81,83,95,99,101" /><INIT seed="1,2,1,1,0,117" ten="360,200,230,200" oya="1" hai0="126,115,1,65,80,111,86,67,70,85,57,118,68" hai1="60,12,25,51,100,42,15,26,130,8,108,110,5" hai2="66,47,72,77,84,50,64,62,34,30,10,37,74" hai3="27,79,133,129,131,39,38,73,18,112,122,4,33"/><U93/><E130/><N who="3" m="49674" /><G112/><T134/><D118/><U83/><E83/><N who="2" m="47215" /><F34/><W78/><G4/><T53/><D115/><U116/><E116/><V45/><F45/><W109/><G133/><T102/><D1/><U123/><E123/><V121/><F121/><W92/><G122/><T106/><D134/><U75/><E75/><V23/><F74/><W43/><G109/><N who="1" m="42090" /><E60/><V105/><F105/><W41/><G92/><T31/><D126/><U82/><E82/><V96/><F37/><N who="3" m="13835" /><G73/><T7/><D85/><U97/><E15/><V48/><F48/><W104/><G104/><T127/><D86/><U11/><E11/><V59/><F10/><W56/><G56/><T44/><D80/><U16/><E5/><V99/><F72/><W88/><G88/><T69/><D7/><U13/><E13/><V21/><F99/><W54/><G54/><T19/><D111/><U124/><E124/><V35/><F96/><W87/><G87/><T22/><D53/><U49/><E49/><V55/><F64/><W58/><G58/><T125/><D68/><U3/><E3/><V36/><F36/><W113/><G113/><T29/><D69/><U101/><E101/><V95/><F95/><W120/><G120/><T135/><D70/><U2/><E2/><V61/><F66/><W90/><G90/><T28/><D67/><U6/><E6/><V14/><F59/><W107/><G107/><T128/><D65/><U24/><E51/><V32/><F62/><W103/><G103/><T94/><D127/><U89/><E100/><V52/><F61/><W98/><G98/><T0/><D125/><RYUUKYOKU ba="2,1" sc="360,-10,200,30,230,-10,200,-10" hai1="8,12,16,24,25,26,42,89,93,97" /><INIT seed="1,3,1,1,5,72" ten="350,230,220,190" oya="1" hai0="49,90,27,57,82,131,19,88,132,13,35,122,83" hai1="73,55,8,118,6,22,95,0,32,33,112,120,114" hai2="9,109,128,29,25,44,39,102,100,51,41,115,116" hai3="50,38,46,103,99,92,16,117,84,48,94,111,21"/><U97/><E118/><V53/><F109/><W123/><G111/><T130/><D132/><U5/><E120/><V14/><F116/><W65/><G117/><T125/><D122/><U70/><E70/><V3/><F128/><N who="0" m="49194" /><D125/><U62/><E5/><V86/><F3/><W17/><G123/><T129/><N who="0" m="49202" /><T40/><DORA hai="104" /><D27/><U67/><E55/><V107/><F107/><W105/><G65/><T96/><D35/><U42/><E42/><V69/><F69/><W78/><G38/><T63/><D49/><U81/><E22/><V87/><F115/><W75/><G50/><T11/><D40/><U124/><E124/><V113/><F113/><N who="1" m="43625" /><E95/><V36/><F36/><W61/><G61/><T47/><D47/><U12/><E97/><V64/><F64/><W66/><G66/><N who="0" m="39279" /><D96/><U126/><E126/><V30/><F41/><N who="3" m="24655" /><G94/><T31/><D31/><N who="2" m="11786" /><F39/><W133/><G133/><T59/><D59/><U2/><E32/><V79/><F25/><W134/><G134/><T52/><D52/><U110/><E33/><V80/><F87/><W26/><G26/><T58/><D58/><U106/><E110/><V119/><F119/><W71/><G71/><T68/><D68/><U7/><E67/><V18/><AGARI ba="3,1" hai="9,14,18,44,51,53,79,80,86,100,102" m="11786" machi="18" ten="30,2000,0" yaku="8,1,52,1" doraHai="72,104" who="2" fromWho="2" sc="350,-8,230,-13,220,39,190,-8" /><INIT seed="2,0,0,2,5,21" ten="342,217,259,182" oya="2" hai0="80,49,62,58,48,85,127,120,112,118,28,61,92" hai1="26,99,125,78,87,15,54,114,32,75,6,122,10" hai2="17,129,30,43,24,94,25,46,95,38,107,65,5" hai3="86,113,84,14,90,29,34,36,77,111,121,45,23"/><V9/><F107/><W101/><G121/><T110/><D112/><U124/><E114/><V81/><F129/><W74/><G113/><T119/><D120/><U135/><E122/><V57/><F65/><W55/><G111/><T106/><D106/><U133/><E75/><V89/><F57/><W50/><G101/><T115/><D115/><U1/><E99/><V79/><F17/><W37/><G34/><T56/><D92/><U47/><E47/><V91/><F94/><W42/><G74/><T67/><D127/><N who="1" m="48715" /><E54/><V130/><F130/><W132/><G132/><N who="1" m="50762" /><E87/><V11/><F30/><W16/><G29/><T44/><D28/><N who="1" m="19479" /><E78/><V31/><F31/><W53/><G53/><T82/><D44/><U68/><E68/><V108/><F46/><W2/><G55/><T27/><D85/><U52/><E52/><V12/><F79/><W126/><G126/><T96/><D96/><U97/><E97/><V51/><F91/><W8/><G84/><T109/><D67/><U83/><E83/><V39/><F81/><W128/><G77/><T93/><D93/><U123/><E123/><V3/><F95/><W131/><G131/><T35/><D35/><U104/><E104/><V100/><F89/><W105/><G105/><T7/><D82/><U33/><E33/><V0/><F100/><W63/><G128/><T98/><D80/><U19/><E19/><V76/><F76/><W88/><G63/><T134/><D98/><U72/><E72/><V73/><F73/><W70/><G70/><T4/><D134/><U116/><E116/><V64/><F64/><W59/><G86/><RYUUKYOKU ba="0,0" sc="342,15,217,15,259,-15,182,-15" hai0="4,7,27,48,49,56,58,61,62,109,110,118,119" hai1="1,6,10,15" /><INIT seed="3,1,0,4,4,33" ten="357,232,244,167" oya="3" hai0="82,8,29,86,103,70,107,24,52,93,101,25,55" hai1="5,43,81,108,97,11,135,84,28,123,100,116,62" hai2="58,96,105,119,92,78,83,57,31,50,67,111,94" hai3="122,112,26,32,87,95,98,77,44,110,22,60,117"/><W10/><G117/><T128/><D70/><U41/><E108/><V134/><F111/><W47/><G122/><T12/><D107/><U18/><E123/><V75/><F119/><W30/><G112/><T64/><D64/><U6/><E116/><V66/><F105/><W74/><G110/><T132/><D132/><U48/><E135/><V49/><F31/><W23/><G74/><T21/><D25/><U88/><E28/><V53/><F94/><W51/><G60/><T37/><D37/><U40/><E48/><V36/><F36/><W85/><G10/><T65/><D65/><U79/><E62/><V15/><F15/><W133/><G133/><T129/><D93/><N who="1" m="58415" /><E79/><V89/><F134/><W61/><G61/><T1/><D12/><AGARI ba="1,0" hai="5,6,11,12,18,40,41,43,81,84,88" m="58415" machi="12" ten="30,2000,0" yaku="8,1,54,1" doraHai="33" who="1" fromWho="0" sc="357,-23,232,23,244,0,167,0" owari="334,43.4,255,5.5,244,-15.6,167,-33.3" /></mjloggm>