<mjloggm ver="2.3"><GO type="225" lobby="0"/><UN n0="%E5%AF%82%E5%AF%9E%E3%82%AE%E3%83%8D%E3%82%B9%E3%83%93%E3%83%BC%E3%83%AB" n1="%54%4F%52" n2="%E3%83%9F%E3%83%AA%E3%83%80%E3%81%97%E3%82%88" n3="%E4%B8%AD%E5%B9%B4%E3%81%AE%E5%8D%B1%E6%A9%9F" dan="16,17,16,16" rate="2147.30,2255.38,2041.49,2141.78" sx="M,M,M,M"/><TAIKYOKU oya="0"/><INIT seed="0,0,0,0,2,130" ten="250,250,250,250" oya="0" hai0="16,129,48,131,85,54,17,80,58,35,50,75,10" hai1="120,8,9,13,52,122,39,25,18,109,111,110,5" hai2="126,63,100,51,24,83,19,42,116,32,103,45,23" hai3="71,26,124,30,89,1,125,82,91,76,118,67,133"/><T49/><D75/><U53/><E39/><V4/><F116/><W132/><G1/><T46/><D35/><U79/><E79/><V98/><F126/><N who="3" m="48747" /><G67/><T7/><D131/><U107/><E107/><V28/><F4/><W12/><G12/><N who="0" m="5215" /><D129/><U44/><E44/><V40/><F83/><W15/><G15/><T90/><D49/><U77/><E77/><V104/><F103/><W3/><G71/><T108/><D108/><U84/><E84/><V37/><F63/><W33/><G3/><T66/><D66/><U119/><E119/><V74/><F74/><N who="3" m="43287" /><G118/><T92/><D92/><U88/><E88/><AGARI ba="0,0" hai="26,30,33,88,89,91,132,133" m="43287,48747" machi="88" ten="30,7700,0" yaku="18,1,52,2,54,1" doraHai="130" who="3" fromWho="1" sc="250,0,250,-77,250,0,250,77" /><INIT seed="1,0,0,3,2,107" ten="250,173,250,327" oya="1" hai0="49,94,53,67,10,8,90,110,104,87,48,76,120" hai1="131,22,96,130,35,20,17,39,81,0,64,88,45" hai2="74,42,9,68,124,30,79,111,6,28,13,5,98" hai3="123,59,56,113,132,19,36,84,26,114,126,60,33"/><U106/><E35/><V58/><F68/><W80/><G123/><T101/><D110/><U52/><E0/><V92/><F111/><W29/><G36/><T41/><D120/><U102/><E64/><V119/><F119/><W51/><G126/><T32/><D32/><U14/><E22/><V55/><F124/><W57/><G132/><T122/><D122/><U89/><E39/><V7/><F42/><W127/><G127/><T38/><D38/><U18/><E18/><N who="2" m="8495" /><F74/><W115/><G19/><T37/><D37/><U12/><E12/><V71/><F79/><W85/><G60/><T11/><D67/><U133/><E133/><V134/><F71/><W46/><REACH who="3" step="1"/><G80/><REACH who="3" ten="250,173,250,317" step="2"/><T108/><D108/><U117/><E117/><V128/><F134/><W73/><G73/><T50/><D50/><N who="1" m="28751" /><E81/><V121/><F121/><W44/><G44/><T82/><D49/><U109/><E109/><V118/><F118/><W112/><N who="3" m="28672" /><DORA hai="23" /><W16/><G16/><T15/><D48/><U54/><E54/><AGARI ba="0,1" hai="26,29,33,46,51,54,56,57,59,84,85" m="28672" machi="54" ten="70,4500,0" yaku="1,1,52,1,53,0" doraHai="107,23" doraHaiUra="63,61" who="3" fromWho="1" sc="250,0,173,-45,250,0,317,55" /><INIT seed="2,0,0,4,0,135" ten="250,128,250,372" oya="2" hai0="42,74,111,124,0,24,36,60,39,41,132,85,18" hai1="99,94,37,75,55,122,95,11,113,90,25,27,2" hai2="98,96,108,97,86,63,52,70,104,115,23,129,64" hai3="127,87,103,102,16,77,20,65,9,80,7,110,100"/><V8/><F115/><W67/><G127/><T105/><D74/><U134/><E113/><V15/><F129/><W30/><G30/><T126/><D111/><U89/><E134/><V130/><F130/><W46/><G46/><T6/><D105/><U28/><E122/><V121/><F121/><W79/><G79/><T82/><D132/><U61/><E75/><V38/><F38/><W72/><G72/><T116/><D116/><U10/><E37/><V78/><F23/><W47/><G47/><T5/><D60/><U53/><E2/><V109/><F52/><W114/><G110/><N who="2" m="42601" /><F86/><W40/><G40/><T69/><D69/><U19/><E28/><V51/><F51/><W71/><G71/><T131/><D131/><U33/><E33/><V35/><F78/><W118/><G118/><T45/><D41/><U123/><E123/><V3/><F3/><W119/><G119/><T58/><D58/><U101/><E101/><N who="2" m="62503" /><F35/><W112/><G112/><T12/><D0/><U21/><E27/><V17/><AGARI ba="0,0" hai="8,15,17,63,64,70,97,98" m="62503,42601" machi="17" ten="30,3000,0" yaku="14,1,10,1" doraHai="135" who="2" fromWho="2" sc="250,-10,128,-10,250,30,372,-10" /><INIT seed="2,1,0,4,2,52" ten="240,118,280,362" oya="2" hai0="84,21,35,53,74,28,63,27,64,121,115,30,132" hai1="62,9,5,113,79,18,112,131,81,51,82,47,36" hai2="126,124,56,85,95,39,118,12,37,58,83,17,15" hai3="100,102,4,98,59,0,67,110,106,32,96,24,22"/><V14/><F118/><W8/><G110/><T61/><D121/><U114/><E131/><V89/><F17/><W26/><G32/><T43/><D74/><U44/><E18/><V1/><F1/><W10/><G10/><T134/><D115/><U77/><E36/><N who="2" m="13899" /><F83/><W119/><G119/><T99/><D43/><U128/><E128/><V65/><F65/><W71/><G71/><T38/><D38/><U72/><E62/><V133/><F133/><N who="0" m="51306" /><D84/><U25/><E25/><V103/><F103/><W50/><G22/><T130/><D130/><U109/><E109/><V101/><F101/><W34/><G34/><T42/><D42/><U123/><E123/><V20/><F20/><W13/><G0/><T48/><D99/><U88/><E88/><V49/><F49/><W29/><G29/><T68/><D63/><U31/><E31/><V125/><AGARI ba="1,0" hai="12,14,15,56,58,85,89,95,124,125,126" m="13899" machi="125" ten="40,7800,0" yaku="18,1,52,2" doraHai="52" who="2" fromWho="2" sc="240,-27,118,-27,280,81,362,-27" /><INIT seed="2,2,0,4,5,112" ten="213,91,361,335" oya="2" hai0="113,131,21,74,65,95,12,41,7,133,121,37,134" hai1="45,135,78,13,35,94,106,5,91,88,97,1,30" hai2="67,99,3,80,61,126,109,24,43,15,111,38,76" hai3="92,110,36,84,96,14,77,81,75,70,79,123,89"/><V72/><F3/><W71/><G36/><T32/><D32/><U117/><E1/><V85/><F126/><W55/><G123/><T122/><D74/><U2/><E2/><V16/><F24/><W18/><G110/><N who="2" m="41993" /><F99/><W63/><G77/><T118/><D113/><U60/><E106/><V19/><F15/><W25/><G25/><T68/><D131/><U52/><E135/><V105/><F105/><W104/><G55/><T0/><D95/><U107/><E107/><V4/><F4/><W129/><G63/><N who="0" m="39999" /><D21/><U47/><E78/><V33/><F33/><W29/><G29/><T54/><D12/><U86/><E117/><V128/><F128/><W26/><G26/><T82/><D82/><U39/><E30/><V31/><F31/><W27/><G27/><T20/><D20/><U9/><E39/><V66/><F66/><W34/><G34/><T28/><D28/><U49/><E60/><V90/><F43/><W6/><G6/><T59/><D7/><U40/><E35/><V119/><F38/><W69/><G129/><T130/><D0/><U102/><E102/><V127/><F127/><W103/><REACH who="3" step="1"/><G70/><REACH who="3" ten="213,91,361,325" step="2"/><T50/><D130/><U51/><REACH who="1" step="1"/><E91/><REACH who="1" ten="213,81,361,325" step="2"/><V120/><F90/><W98/><G98/><AGARI ba="2,2" hai="5,9,13,40,45,47,49,51,52,86,88,94,97,98" machi="98" ten="40,8000,1" yaku="1,1,2,1,8,1,54,2,53,0" doraHai="112" doraHaiUra="101" who="1" fromWho="3" sc="213,0,81,106,361,0,325,-86" /><INIT seed="3,0,0,1,5,12" ten="213,187,361,239" oya="3" hai0="73,98,101,11,132,91,8,112,4,53,103,0,6" hai1="44,3,63,89,46,61,70,133,109,16,49,83,38" hai2="115,110,23,125,82,117,80,28,122,106,105,78,57" hai3="129,90,41,54,130,10,1,131,31,29,20,75,37"/><W27/><G75/><T94/><D73/><U120/><E120/><V14/><F117/><W60/><G90/><T52/><D132/><U19/><E3/><V97/><F115/><W42/><G37/><T59/><D112/><U58/><E133/><V68/><F68/><W66/><G54/><T34/><D34/><U85/><E109/><V119/><F122/><W87/><G87/><T81/><D81/><U104/><E104/><V32/><F110/><W33/><G29/><T126/><D126/><U30/><E30/><V65/><F80/><W114/><G114/><T96/><D59/><U71/><E38/><V100/><F82/><W7/><REACH who="3" step="1"/><G33/><REACH who="3" ten="213,187,361,229" step="2"/><T95/><D91/><U93/><E71/><AGARI ba="0,1" hai="1,7,10,20,27,31,41,42,60,66,71,129,130,131" machi="71" ten="40,7700,0" yaku="1,1,2,1,19,1,53,0" doraHai="12" doraHaiUra="47" who="3" fromWho="1" sc="213,0,187,-77,361,0,229,87" /><INIT seed="3,1,0,1,1,0" ten="213,110,361,316" oya="3" hai0="15,13,91,23,20,8,9,108,97,93,38,64,3" hai1="83,86,18,66,84,73,81,101,7,51,95,28,36" hai2="74,77,100,123,21,39,125,105,14,46,118,63,71" hai3="16,98,96,82,55,129,69,60,5,33,49,119,57"/><W124/><G119/><T12/><D38/><U52/><E36/><V42/><F118/><W110/><G33/><T1/><D108/><U117/><E117/><V92/><F92/><W29/><G110/><T120/><D120/><U47/><E73/><V6/><F123/><W24/><G124/><T106/><D106/><U76/><E28/><V102/><F125/><W26/><G129/><T133/><D133/><U85/><E18/><V78/><F78/><W70/><G26/><T107/><D107/><U113/><E113/><V40/><F105/><W22/><G29/><T53/><D64/><U111/><E111/><V59/><F39/><W25/><G25/><T109/><D109/><U115/><E115/><V67/><F71/><W79/><G5/><T104/><D104/><U90/><E66/><V89/><F6/><W121/><G121/><T68/><D68/><U87/><REACH who="1" step="1"/><E7/><REACH who="1" ten="213,100,361,316" step="2"/><V116/><F67/><N who="3" m="39311" /><G70/><T132/><D132/><U127/><E127/><V61/><F116/><W32/><G69/><T65/><D65/><U56/><E56/><V4/><F59/><N who="3" m="33263" /><G32/><T11/><D53/><U17/><E17/><V114/><F74/><W58/><G58/><T10/><N who="0" m="2048" /><DORA hai="31" /><T54/><D54/><U48/><E48/><V30/><F114/><W62/><G62/><T99/><D1/><U75/><E75/><V19/><F63/><W50/><G50/><T44/><D3/><U72/><E72/><V35/><F61/><W128/><G128/><T112/><D112/><U135/><E135/><V80/><F19/><W2/><G2/><T27/><D44/><U43/><E43/><RYUUKYOKU ba="1,1" sc="213,-15,100,15,361,-15,316,15" hai1="47,51,52,76,81,83,84,85,86,87,90,95,101" hai3="16,22,24,79,82,96,98" /><INIT seed="3,2,1,1,0,110" ten="198,115,346,331" oya="3" hai0="13,113,30,124,68,81,86,103,21,112,45,51,97" hai1="83,28,85,48,122,84,104,132,91,120,115,63,101" hai2="43,7,117,71,52,131,20,40,39,111,129,32,1" hai3="88,72,135,65,79,49,35,118,62,33,126,29,76"/><W6/><G118/><T95/><D68/><U23/><E132/><V98/><F32/><W2/><G49/><T96/><D124/><U27/><E122/><V94/><F117/><W99/><G29/><T74/><D74/><U17/><E120/><V92/><F111/><W46/><G46/><T26/><D13/><U57/><E104/><V47/><F40/><W54/><G54/><T87/><D97/><U109/><E109/><V5/><F71/><N who="3" m="42423" /><G88/><T102/><D102/><U15/><E101/><V41/><F41/><W0/><G79/><T36/><D36/><U106/><E106/><V14/><F52/><W18/><G18/><T116/><D116/><U34/><E48/><V50/><F50/><W89/><G89/><T38/><D38/><U75/><E75/><V80/><F80/><N who="3" m="45063" /><G99/><T82/><D82/><U134/><E134/><V10/><F7/><W31/><G135/><T4/><D4/><U90/><E115/><N who="0" m="44105" /><D81/><U59/><REACH who="1" step="1"/><E63/><REACH who="1" ten="198,105,346,331" step="2"/><V37/><F37/><W55/><G126/><T19/><D30/><U128/><E128/><V64/><F39/><W44/><G31/><T70/><D70/><U73/><E73/><V8/><F131/><W100/><G100/><T105/><D105/><U77/><E77/><V108/><F129/><W60/><G60/><T9/><D51/><U3/><E3/><V56/><F108/><W25/><G0/><T53/><D103/><U121/><E121/><V67/><F1/><W24/><G2/><T66/><D45/><U16/><E16/><V61/><F47/><W78/><G6/><T133/><D133/><U127/><E127/><RYUUKYOKU ba="2,2" sc="198,-10,105,30,346,-10,331,-10" hai1="15,17,23,27,28,34,57,59,83,84,85,90,91" owari="188,-21.2,135,-36.5,356,45.6,321,12.1" /></mjloggm>