<mjloggm ver="2.3"><GO type="225" lobby="0"/><UN n0="%E4%BF%BA%E3%81%A8%E5%A6%96%E5%A4%A2" n1="%72%69%6F%75%63%68%61%6E" n2="%E6%A1%9C%E8%8A%B1%E9%96%83%E3%80%85" n3="%E3%81%8B%E3%82%8F%E3%81%A1%E3%82%83%E3%82%93%35%38" dan="17,16,16,17" rate="2178.72,2180.03,2221.42,2225.81" sx="F,M,M,M"/><TAIKYOKU oya="0"/><INIT seed="0,0,0,5,3,43" ten="250,250,250,250" oya="0" hai0="30,100,104,89,10,131,111,4,42,122,83,9,7" hai1="44,47,45,75,110,24,41,123,88,107,23,1,49" hai2="13,109,125,57,55,35,115,85,103,50,31,128,37" hai3="119,63,101,36,86,12,27,21,92,0,73,3,120"/><T132/><D122/><U97/><E123/><V98/><F115/><W81/><G73/><T114/><D114/><U95/><E1/><V59/><F109/><W134/><G119/><T5/><D111/><U71/><E71/><V130/><F125/><W15/><G120/><T17/><D131/><N who="2" m="50218" /><F37/><W70/><G36/><T56/><D132/><U29/><E110/><V34/><F31/><W14/><G134/><T26/><D42/><U94/><E75/><V48/><F85/><W32/><G32/><N who="2" m="12329" /><F13/><W22/><G22/><T78/><D30/><U38/><E107/><N who="2" m="63991" /><F48/><W135/><G135/><T126/><D126/><U72/><E72/><V65/><F65/><W64/><G101/><T99/><D89/><N who="1" m="55503" /><E38/><V60/><F60/><W79/><REACH who="3" step="1"/><G92/><REACH who="3" ten="250,250,250,240" step="2"/><T117/><D117/><U20/><E20/><V62/><F62/><W54/><G54/><T82/><D100/><U53/><E53/><V133/><F133/><W108/><G108/><T68/><D104/><U80/><E80/><V16/><F16/><AGARI ba="0,1" hai="0,3,12,14,15,16,21,27,63,64,70,79,81,86" machi="16" ten="40,2600,0" yaku="1,1,54,1,53,0" doraHai="43" doraHaiUra="51" who="3" fromWho="2" sc="250,0,250,0,250,-26,240,36" /><INIT seed="1,0,0,4,4,32" ten="250,250,224,276" oya="1" hai0="49,13,50,65,104,134,110,135,16,115,91,29,26" hai1="47,109,39,88,126,21,75,44,94,40,11,30,101" hai2="129,46,17,28,6,81,48,22,41,108,67,83,90" hai3="56,131,117,86,0,103,55,132,36,125,98,96,102"/><U111/><E126/><V74/><F108/><N who="1" m="41545" /><E75/><V5/><F129/><W82/><G36/><T31/><D110/><U113/><E113/><V89/><F28/><W10/><G125/><T35/><D115/><U33/><E33/><V93/><F67/><W79/><G131/><T123/><D123/><U4/><E101/><V24/><F90/><W3/><G10/><T9/><D104/><U20/><E44/><V87/><REACH who="2" step="1"/><F74/><REACH who="2" ten="250,250,214,276" step="2"/><W71/><G71/><T114/><D114/><U1/><E30/><V99/><F99/><AGARI ba="0,1" hai="1,4,11,20,21,39,40,47,88,94,99" m="41545" machi="99" ten="30,11600,0" yaku="14,1,10,1,52,1,54,1" doraHai="32" who="1" fromWho="2" sc="250,0,250,126,214,-116,276,0" /><INIT seed="1,1,0,1,5,117" ten="250,376,98,276" oya="1" hai0="37,73,23,119,81,56,44,109,57,77,134,111,82" hai1="120,128,14,96,113,83,3,7,65,126,33,121,115" hai2="84,64,61,85,13,86,4,75,27,103,24,28,78" hai3="1,93,6,100,94,36,71,116,15,106,54,67,91"/><U50/><E3/><V110/><F110/><N who="0" m="41994" /><D119/><U51/><E33/><V60/><F103/><W41/><G1/><T123/><D134/><U31/><E31/><V97/><F97/><W59/><G106/><T18/><D82/><U112/><E7/><V130/><F130/><W80/><G80/><T30/><D30/><U102/><E14/><V132/><F132/><W22/><G100/><T89/><D89/><U52/><E65/><V42/><F42/><W26/><G116/><T68/><D68/><U10/><E10/><V105/><F105/><W107/><G107/><T99/><D99/><U47/><E128/><V72/><F78/><W49/><G15/><N who="0" m="9695" /><D123/><N who="1" m="47179" /><E83/><V70/><F28/><W66/><G66/><T63/><D63/><U17/><E17/><V29/><F61/><W12/><G67/><T129/><D129/><U122/><N who="1" m="47187" /><U34/><DORA hai="5" /><E34/><V45/><F29/><W11/><G71/><T92/><D81/><U88/><E88/><V74/><REACH who="2" step="1"/><F45/><REACH who="2" ten="250,376,88,276" step="2"/><W135/><G135/><T9/><D44/><N who="1" m="27719" /><E96/><V0/><F0/><W40/><G91/><T43/><D43/><N who="1" m="25087" /><E102/><V55/><F55/><W2/><G2/><T95/><D77/><U87/><E87/><V38/><F38/><W131/><G131/><T46/><D37/><U76/><E76/><V124/><F124/><AGARI ba="1,1" hai="112,113,115,124,126" m="25087,27719,47187" machi="124" ten="50,18000,2" yaku="34,2,52,4,54,1" doraHai="117,5" who="1" fromWho="2" sc="250,0,376,193,88,-183,276,0" owari="250,-15.0,569,66.9,-95,-59.5,276,7.6" /></mjloggm>