<mjloggm ver="2.3"><GO type="225" lobby="0"/><UN n0="%E3%82%B2%E3%82%B9%E8%8C%82%E5%8B%9D" n1="%E6%81%A5%E6%99%92%E3%81%97" n2="%6B%6F%64%61%6D%61%6E%37" n3="%E3%81%B5%E3%81%98%E3%81%8B%E3%81%A4" dan="16,16,16,16" rate="2067.18,2113.41,2097.87,2171.02" sx="F,M,M,M"/><TAIKYOKU oya="0"/><INIT seed="0,0,0,1,0,102" ten="250,250,250,250" oya="0" hai0="72,93,32,114,118,104,12,45,89,79,5,112,67" hai1="35,135,65,7,75,92,126,57,124,13,113,66,120" hai2="20,39,30,119,14,98,10,73,11,6,24,122,110" hai3="63,28,26,56,18,129,88,3,48,23,133,16,109"/><T34/><D118/><U107/><E120/><V19/><F39/><W77/><G109/><T83/><D67/><U64/><E35/><V103/><F119/><W82/><G133/><T80/><D80/><U86/><E135/><V2/><F110/><W15/><G129/><T22/><D45/><U128/><E128/><V121/><F73/><W96/><G3/><T31/><D104/><AGARI ba="0,0" hai="2,6,10,11,14,19,20,24,30,98,103,104,121,122" machi="104" ten="30,2000,0" yaku="7,1,52,1" doraHai="102" who="2" fromWho="0" sc="250,-20,250,0,250,20,250,0" /><INIT seed="1,0,0,1,3,64" ten="230,250,270,250" oya="1" hai0="58,3,99,38,126,104,135,111,67,7,92,109,107" hai1="108,35,8,65,117,85,105,53,113,82,28,124,106" hai2="102,29,41,20,86,119,21,31,39,133,130,37,123" hai3="54,84,46,34,103,56,132,30,89,27,83,66,17"/><U80/><E113/><V100/><F119/><W23/><G132/><T15/><D38/><U87/><E117/><V128/><F123/><W57/><G103/><N who="2" m="39465" /><F86/><W75/><G75/><T2/><D126/><U116/><E116/><V36/><F41/><W0/><G0/><N who="0" m="43" /><D135/><U59/><E124/><V1/><F1/><W88/><G89/><T63/><D15/><U47/><E108/><N who="0" m="41545" /><D7/><U70/><E8/><V4/><F4/><W68/><G46/><T61/><D63/><U98/><E47/><V125/><F125/><W73/><G73/><T120/><D120/><U16/><E98/><V101/><F133/><W76/><G76/><T74/><D74/><U44/><E44/><V93/><F93/><W52/><G57/><T12/><D12/><U14/><E35/><V90/><F90/><BYE who="2" /><AGARI ba="0,0" hai="58,61,67,90,92,99,104,107" m="41545,43" machi="90" ten="30,1000,0" yaku="14,1" doraHai="64" who="0" fromWho="2" sc="230,10,250,0,270,-10,250,0" /><INIT seed="2,0,0,4,0,4" ten="240,250,260,250" oya="2" hai0="65,98,13,72,50,74,121,108,36,38,67,24,39" hai1="22,7,30,116,113,123,46,11,69,56,100,9,54" hai2="95,25,111,70,129,117,15,118,114,133,45,6,17" hai3="29,20,43,91,41,122,76,1,132,89,79,110,26"/><V18/><F18/><W33/><G122/><T125/><D108/><U48/><E113/><V58/><F58/><W127/><G110/><T82/><D121/><UN n2="%6B%6F%64%61%6D%61%6E%37" /><U77/><E116/><V94/><F114/><W57/><G132/><T106/><D125/><U32/><E32/><V55/><F133/><W14/><G127/><T83/><D24/><N who="1" m="16663" /><E69/><V90/><F129/><W44/><G1/><T86/><D50/><U80/><E123/><V85/><F111/><W128/><G128/><T68/><D13/><N who="1" m="5311" /><E100/><V87/><F70/><W40/><G57/><T93/><D106/><U99/><E99/><V103/><F103/><W59/><G59/><T12/><D12/><U19/><E46/><V34/><F34/><W47/><G33/><T63/><D67/><U107/><E107/><V31/><F31/><W51/><G14/><T97/><D97/><U71/><E71/><V61/><F61/><W5/><G5/><T52/><D72/><U2/><E2/><V27/><F6/><W53/><REACH who="3" step="1"/><G44/><REACH who="3" ten="240,250,260,240" step="2"/><T78/><D68/><U75/><E56/><V88/><F118/><W124/><G124/><T0/><D0/><U16/><E75/><V105/><F117/><W134/><G134/><T3/><D3/><U35/><E35/><V115/><F115/><W120/><G120/><T96/><D74/><U126/><E126/><V119/><F119/><W60/><G60/><T62/><D63/><U64/><E64/><V130/><F130/><W84/><G84/><T23/><D65/><U104/><E54/><V102/><F55/><W101/><G101/><N who="0" m="60559" /><D52/><U73/><E73/><V92/><F45/><RYUUKYOKU ba="0,1" sc="240,-10,250,-10,260,-10,240,30" hai3="20,26,29,40,41,43,47,51,53,76,79,89,91" /><INIT seed="3,1,1,3,3,36" ten="230,240,250,270" oya="3" hai0="47,97,20,134,38,129,121,118,81,49,119,13,108" hai1="105,94,73,40,5,32,11,19,95,110,90,74,22" hai2="87,1,9,53,128,24,21,135,96,115,75,2,30" hai3="14,80,92,4,123,29,45,89,7,35,28,59,63"/><W107/><G107/><T52/><D121/><U99/><E105/><V65/><F115/><W79/><G123/><T86/><D38/><U125/><E110/><V44/><F75/><W117/><G117/><T88/><D108/><U124/><E32/><V93/><F65/><W101/><G101/><T58/><D129/><U71/><E71/><V76/><F128/><W77/><G35/><T130/><D130/><U46/><E95/><V42/><F53/><W43/><G77/><T67/><D134/><U116/><E116/><V122/><F122/><W18/><G4/><T62/><REACH who="0" step="1"/><D97/><REACH who="0" ten="220,240,250,270" step="2"/><U6/><E124/><V120/><F135/><W48/><G7/><T33/><D33/><U111/><E125/><V98/><F120/><W50/><G29/><T39/><D39/><U3/><E6/><V78/><F98/><W15/><G28/><T103/><D103/><U61/><E111/><V72/><F96/><W126/><G126/><T0/><D0/><U41/><E99/><V83/><F1/><W113/><G113/><T133/><D133/><U102/><E102/><V31/><F2/><W132/><G132/><T70/><D70/><U16/><E3/><V54/><F31/><W106/><G106/><T8/><D8/><U27/><E11/><V91/><F30/><W85/><G18/><AGARI ba="1,2" hai="13,18,20,47,49,52,58,62,67,81,86,88,118,119" machi="18" ten="40,5200,0" yaku="1,1,54,2,53,0" doraHai="36" doraHaiUra="131" who="0" fromWho="3" sc="220,75,240,0,250,0,270,-55" /><INIT seed="4,0,0,5,0,16" ten="295,240,250,215" oya="0" hai0="8,114,95,56,35,49,86,19,22,121,69,74,43" hai1="71,13,113,129,55,41,105,82,100,18,112,15,91" hai2="92,59,81,87,106,90,37,11,73,42,14,0,57" hai3="33,58,6,110,94,135,45,65,28,83,39,108,115"/><T53/><D121/><U54/><E71/><V97/><F0/><W27/><G115/><N who="1" m="44106" /><E129/><V98/><F37/><W34/><G135/><T31/><D114/><U17/><E41/><V124/><F42/><W7/><G34/><T63/><D74/><U88/><E100/><V133/><F124/><W103/><G83/><T117/><D117/><U3/><E105/><V24/><F73/><W21/><G33/><T84/><D35/><U52/><E3/><V61/><F106/><W67/><G39/><T118/><D118/><U120/><E120/><V50/><F50/><W122/><G122/><T46/><D69/><U12/><E82/><V4/><F133/><W72/><G72/><T78/><D78/><U44/><E44/><V104/><F104/><W116/><G116/><T109/><D109/><N who="3" m="42089" /><G45/><T60/><D95/><U80/><E80/><V128/><F128/><W126/><G67/><T64/><D64/><U111/><E111/><V10/><F98/><N who="3" m="59863" /><G126/><T76/><D76/><U123/><E123/><V1/><F61/><AGARI ba="0,0" hai="6,7,21,27,28,58,61,65" m="59863,42089" machi="61" ten="30,2000,0" yaku="25,1,52,1" doraHai="16" who="3" fromWho="2" sc="295,0,240,0,250,-20,215,20" /><INIT seed="5,0,0,4,4,34" ten="295,240,230,235" oya="1" hai0="77,29,85,28,126,71,123,19,49,78,31,56,8" hai1="39,54,14,62,92,33,86,131,87,10,32,116,4" hai2="127,104,120,135,112,27,103,98,41,91,133,70,132" hai3="24,20,26,105,51,47,21,40,1,48,7,125,99"/><U129/><E116/><V76/><F120/><W42/><G125/><T83/><D126/><U60/><E39/><V75/><F127/><W12/><G105/><T74/><D71/><U96/><E33/><V65/><F41/><W66/><G66/><T58/><D123/><U64/><E32/><V80/><F27/><W81/><G99/><T114/><D114/><U36/><E36/><V110/><F110/><W45/><G81/><T17/><D74/><U30/><E30/><V13/><F13/><W3/><G12/><N who="0" m="7303" /><D77/><U113/><E54/><V52/><F52/><W69/><G7/><T130/><D130/><N who="1" m="49675" /><E62/><N who="2" m="40247" /><F91/><W43/><G43/><T128/><D128/><U63/><E63/><V6/><F6/><W118/><G69/><T73/><D73/><U67/><E113/><AGARI ba="0,0" hai="75,76,80,98,103,104,112,113,132,133,135" m="40247" machi="113" ten="40,2600,0" yaku="20,1,23,1" doraHai="34" who="2" fromWho="1" sc="295,0,240,-26,230,26,235,0" /><INIT seed="6,0,0,1,3,123" ten="295,214,256,235" oya="2" hai0="122,126,4,71,22,38,43,18,104,7,102,97,41" hai1="135,78,81,1,73,34,131,10,64,134,40,39,91" hai2="19,69,70,56,68,112,76,80,124,57,20,50,15" hai3="82,83,115,12,74,105,84,121,120,65,119,114,6"/><V5/><F112/><N who="3" m="43051" /><G12/><T67/><D126/><U63/><E131/><V46/><F124/><W62/><G6/><T88/><D122/><N who="3" m="47209" /><G105/><T52/><D67/><U51/><E51/><V47/><F5/><N who="0" m="2122" /><D104/><U55/><E55/><V28/><F28/><W27/><G27/><N who="0" m="14807" /><D38/><U25/><E10/><V3/><F3/><W37/><G37/><T125/><D71/><N who="1" m="42399" /><E91/><V103/><F103/><W77/><G62/><T72/><D72/><U108/><E1/><V0/><F0/><W21/><G21/><T129/><D129/><U132/><E25/><V100/><F100/><W92/><G65/><T127/><D102/><U33/><E108/><V90/><F90/><N who="3" m="53319" /><G83/><T2/><D2/><U45/><AGARI ba="0,0" hai="33,34,39,40,45,73,78,81,132,134,135" m="42399" machi="45" ten="40,2700,0" yaku="20,1,23,1" doraHai="123" who="1" fromWho="1" sc="295,-7,214,27,256,-13,235,-7" /><INIT seed="7,0,0,4,3,132" ten="288,241,243,228" oya="3" hai0="106,55,62,19,57,51,21,80,31,46,129,112,81" hai1="101,83,14,122,32,121,53,66,109,29,4,131,90" hai2="100,87,7,72,5,99,94,115,33,40,114,18,88" hai3="27,0,56,128,116,84,20,134,68,95,10,11,82"/><W102/><G68/><T35/><D129/><U16/><E109/><V64/><F33/><W52/><G134/><T2/><D2/><U49/><E131/><V25/><F72/><W124/><G128/><T86/><D112/><N who="2" m="43050" /><F64/><W76/><G124/><T45/><D106/><U118/><E118/><V105/><F40/><W69/><G116/><T42/><D35/><U111/><E111/><V30/><F30/><N who="3" m="17767" /><G69/><T65/><D31/><U13/><E101/><V23/><AGARI ba="0,0" hai="5,7,18,23,25,87,88,94,99,100,105" m="43050" machi="23" ten="30,2000,0" yaku="15,1,54,1" doraHai="132" who="2" fromWho="2" sc="288,-5,241,-5,243,20,228,-10" owari="283,38.3,236,-16.4,263,6.3,218,-28.2" /></mjloggm>