<mjloggm ver="2.3"><GO type="225" lobby="0"/><UN n0="%E3%83%99%E3%83%AB%E3%83%A2%E3%83%83%E3%83%88" n1="%48%61%61%61%6C%61%6E%64" n2="%74%61%6B%65%2D%79%6F%75" n3="%4C%4F%4C%49%54%41" dan="16,18,17,16" rate="2102.88,2220.12,2187.51,2151.41" sx="M,M,M,F"/><TAIKYOKU oya="0"/><INIT seed="0,0,0,4,3,14" ten="250,250,250,250" oya="0" hai0="11,45,105,126,86,30,127,106,50,62,133,116,89" hai1="33,118,43,67,7,6,114,48,37,0,109,111,76" hai2="42,20,31,63,25,113,59,87,110,130,46,84,85" hai3="107,39,23,65,68,49,9,35,108,132,56,12,129"/><T34/><D116/><U36/><E118/><V117/><F113/><W69/><G35/><T17/><D133/><U79/><E33/><V88/><F117/><W44/><G107/><T26/><D62/><U92/><E67/><V122/><F122/><W28/><G39/><N who="1" m="14922" /><E114/><V15/><F110/><N who="1" m="41993" /><E92/><V104/><F104/><W82/><G108/><T83/><D106/><U100/><E100/><V134/><F134/><W47/><G129/><T70/><D70/><U91/><E91/><V101/><F101/><W98/><G82/><T80/><D80/><U120/><E120/><V61/><F88/><W103/><G68/><T27/><D105/><U72/><E0/><V53/><F130/><W8/><G69/><T10/><D10/><U94/><E94/><V77/><F77/><N who="1" m="29769" /><E72/><V102/><F102/><W55/><G65/><T90/><D89/><U97/><E97/><V19/><F63/><W5/><G9/><T21/><REACH who="0" step="1"/><D11/><REACH who="0" ten="240,250,250,250" step="2"/><U2/><E2/><V13/><REACH who="2" step="1"/><F31/><REACH who="2" ten="240,250,240,250" step="2"/><W1/><G132/><T74/><D74/><U121/><E121/><V71/><F71/><W99/><G103/><T16/><D16/><U40/><E6/><V29/><F29/><W112/><G28/><T95/><D95/><U125/><E7/><V128/><F128/><W4/><G4/><T75/><D75/><U60/><E60/><V24/><F24/><W96/><G112/><T81/><D81/><U52/><E125/><V73/><F73/><W51/><G5/><T135/><D135/><U93/><E93/><V18/><F18/><W78/><G1/><T57/><D57/><AGARI ba="0,2" hai="40,43,48,52,57" m="29769,41993,14922" machi="57" ten="30,2000,0" yaku="14,1,54,1" doraHai="14" who="1" fromWho="0" sc="240,-20,250,40,240,0,250,0" /><INIT seed="1,0,0,3,4,13" ten="220,290,240,250" oya="1" hai0="65,77,25,71,131,15,75,54,11,72,52,48,120" hai1="113,56,90,105,96,12,21,44,30,5,81,104,132" hai2="76,73,118,69,50,1,112,123,121,87,46,97,100" hai3="103,18,3,127,17,98,128,32,0,51,63,53,55"/><U122/><E113/><V67/><F118/><W68/><G127/><T23/><D131/><U45/><E122/><V109/><F1/><W36/><G32/><T134/><D134/><U28/><E132/><V10/><F73/><W42/><G128/><T83/><D75/><U124/><E124/><V20/><F112/><W130/><G130/><T47/><D71/><U85/><E104/><V62/><F109/><W106/><G0/><T111/><D65/><U86/><E105/><V70/><F70/><W4/><G36/><T59/><D111/><U22/><E96/><V107/><F10/><W64/><G42/><T79/><D77/><N who="1" m="46255" /><E56/><V58/><F69/><W115/><G53/><T26/><D23/><N who="1" m="8715" /><E12/><V34/><F34/><W84/><G84/><T8/><D120/><U41/><E5/><V129/><F129/><W88/><G115/><T14/><D14/><U108/><E41/><V94/><F107/><W101/><G101/><T35/><D35/><U95/><E108/><V126/><F126/><W39/><G39/><T135/><D8/><U29/><AGARI ba="0,0" hai="28,29,30,44,45,86,90,95" m="8715,46255" machi="29" ten="30,1500,0" yaku="8,1" doraHai="13" who="1" fromWho="1" sc="220,-5,290,15,240,-5,250,-5" /><INIT seed="1,1,0,5,1,80" ten="215,305,235,245" oya="1" hai0="26,61,30,59,21,131,132,81,20,35,100,72,66" hai1="93,110,71,55,74,125,1,101,86,92,117,113,77" hai2="76,41,44,123,84,17,43,70,109,33,121,108,85" hai3="97,45,129,96,49,56,63,82,12,3,10,126,87"/><U57/><E113/><V27/><F70/><W25/><G3/><T128/><D132/><U114/><E114/><V69/><F69/><W130/><G25/><T111/><D100/><U115/><E115/><V29/><F17/><W68/><G68/><T135/><D135/><U105/><E117/><V62/><F62/><W9/><G126/><T133/><D133/><U99/><E71/><V34/><F76/><W75/><G75/><T22/><D72/><U78/><E1/><V98/><F98/><W124/><G124/><T107/><D107/><U32/><E32/><V24/><REACH who="2" step="1"/><F44/><REACH who="2" ten="215,305,225,245" step="2"/><W53/><G129/><N who="0" m="49739" /><D111/><U91/><E110/><V102/><F102/><W18/><G130/><T103/><D103/><U40/><E125/><V83/><F83/><AGARI ba="1,1" hai="20,21,22,26,30,35,59,61,66,81,83" m="49739" machi="83" ten="30,1000,0" yaku="19,1" doraHai="80" who="0" fromWho="2" sc="215,23,305,0,225,-13,245,0" /><INIT seed="2,0,0,4,2,58" ten="238,305,212,245" oya="2" hai0="118,129,44,28,33,125,4,109,3,76,123,70,117" hai1="40,112,110,104,30,68,72,43,12,37,17,27,121" hai2="52,102,60,39,63,50,18,13,78,69,87,80,97" hai3="61,45,49,88,100,91,6,94,24,82,133,15,106"/><V11/><F39/><W85/><G133/><T134/><RYUUKYOKU type="yao9" ba="0,0" sc="238,0,305,0,212,0,245,0" hai0="3,4,28,33,44,70,76,109,117,118,123,125,129,134" /><INIT seed="2,1,0,0,1,6" ten="238,305,212,245" oya="2" hai0="78,51,3,28,13,99,121,27,10,95,32,34,20" hai1="54,79,23,100,1,50,126,12,5,94,91,125,103" hai2="40,53,41,9,81,37,92,108,133,123,90,46,115" hai3="127,72,19,111,17,16,85,68,70,36,97,35,109"/><V66/><F115/><W48/><G36/><T45/><D78/><U4/><E1/><V59/><F123/><W29/><G72/><T122/><D3/><U73/><E73/><V71/><F133/><W63/><G127/><N who="1" m="48650" /><E79/><V101/><F108/><N who="3" m="41547" /><G63/><T62/><D62/><U24/><E12/><V21/><F41/><W89/><G97/><T130/><D130/><U112/><E112/><V31/><F101/><N who="1" m="38985" /><E54/><V98/><F81/><N who="3" m="49327" /><G48/><T83/><D83/><U33/><E50/><V113/><F113/><W25/><AGARI ba="1,0" hai="16,17,19,25,29,35,68,70" m="49327,41547" machi="25" ten="40,2700,0" yaku="14,1,54,1" doraHai="6" who="3" fromWho="3" sc="238,-8,305,-8,212,-14,245,30" /><INIT seed="3,0,0,4,4,46" ten="230,297,198,275" oya="3" hai0="52,92,59,85,10,119,107,67,95,25,24,30,18" hai1="98,23,84,8,114,56,109,9,78,71,15,88,22" hai2="135,11,50,77,108,19,4,111,134,27,41,16,100" hai3="74,34,90,48,33,5,7,70,66,2,86,17,54"/><W53/><G74/><T35/><D107/><U117/><E71/><V72/><F100/><W43/><G43/><T105/><D105/><U80/><E114/><V124/><F124/><W47/><G54/><T58/><D67/><U133/><E109/><N who="2" m="42059" /><F72/><W101/><G101/><T32/><D119/><U64/><E133/><N who="2" m="50699" /><F77/><W14/><G66/><T121/><D121/><U68/><E68/><V131/><F131/><W126/><G70/><T69/><D69/><U51/><E117/><V123/><F123/><W61/><G61/><T1/><D85/><N who="1" m="48279" /><E98/><V93/><F93/><W0/><G0/><T81/><D1/><U112/><E112/><V73/><F73/><W36/><G36/><T79/><D92/><N who="1" m="54279" /><E9/><V39/><F39/><W120/><G126/><T57/><D10/><U113/><E113/><V110/><N who="2" m="42067" /><V132/><N who="2" m="50707" /><DORA hai="76" /><V31/><DORA hai="130" /><F41/><W26/><G120/><T103/><D103/><U6/><E64/><V40/><F40/><W29/><G90/><T3/><D3/><U129/><E129/><V55/><F11/><W28/><G86/><T87/><D95/><U104/><E104/><V125/><F125/><W118/><G118/><T63/><D18/><U83/><E83/><V127/><F127/><W75/><G17/><T94/><D94/><U128/><E128/><V13/><F4/><W42/><G7/><T97/><D97/><U44/><E6/><V115/><F115/><W20/><G75/><T89/><D79/><U45/><E8/><V21/><F13/><W116/><G116/><T49/><D63/><U102/><E102/><V37/><F37/><RYUUKYOKU ba="0,0" sc="230,15,297,-15,198,15,275,-15" hai0="24,25,30,32,35,49,52,57,58,59,81,87,89" hai2="16,19,21,27,31,50,55" /><INIT seed="4,1,0,5,1,114" ten="245,282,213,260" oya="0" hai0="108,117,44,36,25,129,75,81,128,12,124,62,45" hai1="8,127,53,97,126,19,27,33,46,24,76,82,31" hai2="42,104,119,72,16,78,54,113,43,93,94,35,52" hai3="20,34,110,23,92,61,116,67,66,133,59,132,7"/><T90/><D124/><N who="1" m="47659" /><E97/><V17/><F104/><W107/><G34/><T123/><D123/><U77/><E82/><V103/><F35/><W105/><G110/><T10/><D108/><U79/><E27/><V26/><F113/><W18/><G7/><T95/><D62/><U51/><E8/><V38/><F119/><W48/><G67/><T47/><D25/><U58/><E19/><N who="2" m="7243" /><F38/><W122/><G122/><T101/><D101/><U55/><E55/><N who="2" m="21035" /><F72/><W115/><G115/><T49/><D36/><U112/><E112/><V56/><F78/><N who="1" m="19969" /><U21/><DORA hai="88" /><E33/><V29/><F56/><AGARI ba="1,0" hai="21,24,31,46,51,53,56,58" m="19969,47659" machi="56" ten="40,1300,0" yaku="18,1" doraHai="114,88" who="1" fromWho="2" sc="245,0,282,16,213,-16,260,0" /><INIT seed="5,0,0,1,1,22" ten="245,298,197,260" oya="1" hai0="30,12,70,42,92,50,4,46,76,60,131,24,54" hai1="74,9,120,83,103,93,44,61,125,69,33,0,16" hai2="96,58,135,129,51,109,122,90,39,95,14,110,98" hai3="49,52,31,38,55,68,8,113,64,102,47,13,26"/><U67/><E120/><V34/><F122/><W91/><G113/><T130/><D76/><U100/><E33/><V128/><F39/><W37/><G102/><T87/><D70/><U45/><E125/><V27/><F135/><W25/><G55/><T43/><D60/><U40/><E93/><V35/><F14/><W73/><G73/><T10/><D87/><U85/><E74/><V118/><F118/><W1/><G1/><T123/><D92/><U112/><E112/><V107/><F58/><W106/><G106/><T29/><D29/><U78/><E44/><V127/><F127/><W105/><G105/><T5/><D5/><U59/><E69/><V17/><F51/><W88/><G37/><T23/><REACH who="0" step="1"/><D123/><REACH who="0" ten="235,298,197,260" step="2"/><U65/><E85/><V114/><F114/><W89/><G31/><T18/><D18/><U53/><E78/><V6/><F6/><N who="3" m="3223" /><G68/><T3/><D3/><U15/><E0/><V116/><F116/><W75/><G75/><T81/><D81/><U119/><E83/><V62/><F62/><W56/><G38/><T57/><D57/><U104/><E119/><V111/><F107/><W63/><AGARI ba="0,1" hai="25,26,47,49,52,56,63,64,88,89,91" m="3223" machi="63" ten="30,8000,1" yaku="8,1,52,2,54,2" doraHai="22" who="3" fromWho="3" sc="235,-20,298,-40,197,-20,260,90" owari="215,-18.5,258,5.8,177,-32.3,350,45.0" /></mjloggm>