<mjloggm ver="2.3"><GO type="225" lobby="0"/><UN n0="%E3%81%86%E3%81%A9%E3%82%93%E3%81%93" n1="%E3%82%B8%E3%83%A3%E3%83%9E%E3%83%BC%E3%83%AB%E3%83%9E%E3%83%AC%E3%83%BC" n2="%73%61%6E%64%69%72%69%73" n3="%E6%98%93%E5%88%A9%E8%96%A9%E4%BC%AF" dan="16,17,16,16" rate="2147.03,2205.83,2114.86,2095.63" sx="M,M,M,F"/><TAIKYOKU oya="0"/><INIT seed="0,0,0,4,1,125" ten="250,250,250,250" oya="0" hai0="84,73,102,109,81,35,6,69,76,48,133,24,74" hai1="85,61,127,14,113,68,94,131,116,87,2,59,62" hai2="12,22,42,34,43,4,51,29,124,119,50,39,103" hai3="10,28,26,123,41,104,17,77,21,36,60,107,71"/><T56/><D69/><U33/><E2/><V114/><F114/><W45/><G123/><T88/><D133/><U0/><E0/><V58/><F124/><W120/><G120/><T40/><D102/><U65/><E116/><V78/><F39/><W27/><G77/><T38/><D38/><U86/><E127/><V91/><F34/><W13/><G71/><T64/><D6/><U53/><E113/><V25/><F103/><W108/><G108/><T32/><D109/><U11/><E33/><V96/><F78/><W19/><REACH who="3" step="1"/><G60/><REACH who="3" ten="250,250,250,240" step="2"/><T99/><D76/><U132/><E132/><V47/><F119/><W126/><G126/><T15/><D74/><U44/><E62/><V3/><F51/><W134/><G134/><T90/><D73/><U9/><E68/><V121/><F50/><W128/><G128/><T135/><D48/><U55/><E131/><V97/><F121/><W46/><G46/><T115/><D115/><U95/><E44/><V67/><F47/><W118/><G118/><T101/><D135/><U89/><E61/><V54/><F58/><W30/><G30/><T98/><D56/><U100/><E59/><V83/><F29/><W72/><G72/><T105/><D64/><U92/><E65/><V8/><F67/><W122/><G122/><T31/><D31/><U75/><E75/><V66/><F66/><W129/><G129/><T117/><D117/><U20/><E100/><V16/><F91/><W70/><G70/><T106/><D101/><U111/><E89/><V93/><F54/><N who="1" m="20489" /><E111/><V7/><F43/><W63/><G63/><T5/><D40/><RYUUKYOKU ba="0,1" sc="250,-15,250,15,250,-15,240,15" hai1="9,11,14,20,85,86,87,92,94,95" hai3="10,13,17,19,21,26,27,28,36,41,45,104,107" /><INIT seed="1,1,1,4,1,41" ten="235,265,235,255" oya="1" hai0="125,69,123,35,11,54,86,134,17,107,73,105,24" hai1="52,83,14,113,71,100,39,12,19,80,91,111,112" hai2="13,44,20,45,130,49,5,61,29,43,4,42,78" hai3="84,47,110,1,116,15,8,27,87,101,36,77,23"/><U0/><E0/><V129/><F78/><W82/><G110/><T25/><D73/><U121/><E121/><V22/><F61/><W55/><G116/><T135/><D123/><U53/><E39/><V127/><F127/><W96/><G1/><T65/><D125/><U79/><E71/><V89/><F89/><W66/><G66/><T40/><D54/><U64/><E64/><V51/><F13/><W103/><G84/><T76/><D40/><U126/><E126/><V16/><F29/><W63/><G36/><T122/><D122/><U67/><E67/><V31/><F31/><W68/><G68/><T102/><D65/><U30/><E30/><V34/><F34/><W88/><G77/><T97/><D107/><U104/><E91/><V18/><AGARI ba="1,1" hai="4,5,16,18,20,22,42,43,44,45,49,51,129,130" machi="18" ten="25,12000,2" yaku="0,1,22,2,52,2,54,1" doraHai="41" who="2" fromWho="2" sc="235,-31,265,-61,235,133,255,-31" /><INIT seed="2,0,0,4,2,82" ten="204,204,368,224" oya="2" hai0="86,99,54,28,9,26,133,98,108,85,44,0,118" hai1="16,43,88,8,48,35,49,66,31,76,90,131,60" hai2="13,64,65,104,115,45,84,56,57,121,10,124,22" hai3="27,83,18,62,93,42,17,119,25,123,77,61,79"/><V41/><F115/><W1/><G119/><T5/><D118/><U70/><E131/><V117/><F121/><W52/><G1/><T38/><D108/><U116/><E116/><V50/><F104/><W37/><G123/><T39/><D133/><U101/><E76/><V122/><F122/><W29/><G79/><T132/><D132/><U96/><E49/><V53/><F124/><W94/><G42/><T106/><D39/><U46/><E16/><N who="3" m="6250" /><G37/><T103/><D99/><U69/><E8/><V127/><F22/><N who="3" m="15543" /><G27/><T67/><D67/><U19/><E19/><V91/><F127/><W100/><G100/><T34/><REACH who="0" step="1"/><D54/><REACH who="0" ten="194,204,368,224" step="2"/><U128/><E128/><V14/><F65/><W110/><G110/><T114/><D114/><U129/><E129/><V102/><F64/><W97/><G97/><T95/><D95/><N who="3" m="36361" /><G52/><T6/><D6/><U105/><E70/><V80/><F53/><W120/><G120/><T47/><D47/><BYE who="0" /><U12/><E12/><UN n0="%E3%81%86%E3%81%A9%E3%82%93%E3%81%93" /><V7/><F117/><W20/><G20/><T63/><D63/><U40/><E40/><AGARI ba="0,1" hai="0,5,9,26,28,34,38,40,44,85,86,98,103,106" machi="40" ten="40,5200,0" yaku="1,1,52,2,53,0" doraHai="82" doraHaiUra="130" who="0" fromWho="1" sc="194,62,204,-52,368,0,224,0" /><INIT seed="3,0,0,5,5,30" ten="256,152,368,224" oya="3" hai0="39,60,58,64,80,135,128,84,51,69,1,75,47" hai1="118,9,65,89,4,103,81,93,12,114,97,20,6" hai2="83,74,111,112,49,2,54,79,33,5,67,104,28" hai3="95,34,70,15,48,110,40,56,127,133,22,134,29"/><W52/><G70/><T59/><D1/><U46/><E114/><V96/><F112/><W17/><G127/><T125/><D75/><U41/><E118/><V101/><F111/><W57/><G40/><T86/><D125/><U120/><E120/><V115/><F115/><W131/><G131/><T88/><D128/><U132/><E132/><N who="3" m="50794" /><G95/><T19/><D135/><U71/><E71/><V130/><F130/><W78/><G78/><T129/><D129/><U27/><E65/><V14/><F79/><W87/><G87/><T122/><D122/><U16/><E81/><V68/><F68/><W109/><G57/><T119/><D119/><U117/><E117/><V53/><F104/><W121/><G121/><T126/><D126/><U91/><REACH who="1" step="1"/><E6/><REACH who="1" ten="256,142,368,224" step="2"/><V35/><F83/><W116/><G116/><T72/><D80/><U24/><E24/><AGARI ba="0,1" hai="15,17,22,24,29,34,48,52,56,109,110" m="50794" machi="24" ten="30,5800,0" yaku="20,1,52,1,54,1" doraHai="30" who="3" fromWho="1" sc="256,0,142,-58,368,0,224,68" /><INIT seed="3,1,0,4,4,50" ten="256,84,368,292" oya="3" hai0="101,59,41,57,40,39,116,34,105,46,53,130,103" hai1="32,88,10,122,22,4,28,14,51,11,75,49,18" hai2="69,29,45,47,17,61,68,13,2,84,94,52,65" hai3="104,106,87,123,67,48,33,24,108,114,95,20,12"/><W30/><G114/><T5/><D116/><U79/><E79/><V113/><F113/><W109/><G123/><T54/><D34/><U133/><E75/><V25/><F2/><W112/><G112/><T102/><D130/><U42/><E42/><V99/><F69/><W6/><G67/><T80/><D105/><U19/><E122/><V97/><F84/><W71/><G71/><T92/><D5/><U82/><E133/><V115/><F115/><W135/><G135/><T81/><D92/><U129/><E129/><V16/><F97/><W86/><G48/><N who="0" m="30887" /><D39/><U89/><E32/><V56/><F68/><W74/><G74/><T111/><D111/><N who="3" m="42569" /><G33/><T100/><N who="0" m="25600" /><DORA hai="38" /><T43/><D46/><N who="2" m="17418" /><F65/><W77/><G77/><T36/><D36/><U131/><E131/><V7/><F7/><W66/><G66/><T62/><AGARI ba="1,0" hai="40,41,43,54,59,62,80,81" m="25600,30887" machi="62" ten="50,12000,2" yaku="8,1,52,5" doraHai="50,38" who="0" fromWho="0" sc="256,123,84,-31,368,-31,292,-61" owari="379,47.9,53,-44.7,337,13.7,231,-16.9" /></mjloggm>