<mjloggm ver="2.3"><GO type="225" lobby="0"/><UN n0="%E3%81%B5%E3%81%98%E3%81%8B%E3%81%A4" n1="%6D%61%74%69%67%75%73%61" n2="%E3%83%89%E3%83%A9%E3%81%8F%E3%82%8C" n3="%E3%80%93%E3%81%97%E3%83%BC%E3%82%89%E3%80%93" dan="16,17,17,16" rate="2143.96,2169.34,2245.79,2163.08" sx="M,M,M,M"/><TAIKYOKU oya="0"/><INIT seed="0,0,0,4,4,57" ten="250,250,250,250" oya="0" hai0="51,74,54,82,62,129,131,24,3,92,114,120,6" hai1="127,89,75,38,35,100,18,79,95,63,37,98,46" hai2="107,66,7,13,115,119,73,69,12,83,81,121,41" hai3="55,76,48,118,61,111,60,123,0,105,122,21,77"/><T14/><D120/><N who="3" m="46121" /><G118/><T19/><D114/><U133/><E35/><V36/><F121/><W67/><G105/><T116/><D116/><U8/><E133/><V71/><F107/><W97/><G0/><T88/><D24/><U45/><E127/><V87/><F119/><W85/><G111/><T53/><D6/><U102/><E75/><V11/><F115/><W93/><G21/><T90/><D3/><U117/><E79/><N who="3" m="30282" /><G85/><N who="0" m="50231" /><D74/><U108/><E108/><V101/><F101/><N who="3" m="60591" /><G67/><T1/><D1/><U124/><E117/><V99/><F66/><W30/><G30/><T4/><D4/><U34/><E34/><V25/><F7/><W126/><G126/><T42/><D42/><U50/><E102/><V128/><F41/><W22/><G22/><N who="0" m="11639" /><D131/><U2/><E2/><V112/><F128/><W32/><G32/><T96/><D129/><U80/><E124/><V58/><F112/><W20/><G20/><T65/><D51/><U125/><E125/><V17/><F11/><W104/><G104/><T15/><D15/><U52/><E8/><V47/><F13/><W44/><AGARI ba="0,0" hai="44,48,55,60,61" m="60591,30282,46121" machi="44" ten="30,4000,0" yaku="13,1,52,2" doraHai="57" who="3" fromWho="3" sc="250,-20,250,-10,250,-10,250,40" /><INIT seed="1,0,0,2,3,19" ten="230,240,240,290" oya="1" hai0="7,6,50,12,63,99,27,116,57,9,128,129,40" hai1="117,61,115,3,112,66,110,46,125,67,48,52,32" hai2="75,33,77,1,55,81,60,53,130,58,131,87,90" hai3="86,72,28,39,98,111,82,97,133,29,103,134,74"/><U100/><E32/><V92/><F33/><W59/><G39/><T107/><D116/><U25/><E3/><V51/><REACH who="2" step="1"/><F1/><REACH who="2" ten="230,240,230,290" step="2"/><W62/><G133/><T45/><D129/><U91/><E117/><V95/><F95/><W20/><G134/><T108/><D128/><U15/><E115/><V106/><F106/><W94/><G94/><T69/><D107/><U109/><E112/><V78/><F78/><W36/><G111/><T70/><D108/><U10/><E110/><V47/><AGARI ba="0,1" hai="47,51,53,55,58,60,75,77,81,87,90,92,130,131" machi="47" ten="30,4000,0" yaku="1,1,0,1,53,1" doraHai="19" doraHaiUra="43" who="2" fromWho="2" sc="230,-10,240,-20,230,50,290,-10" /><INIT seed="2,0,0,4,4,93" ten="220,220,280,280" oya="2" hai0="94,129,96,92,130,82,17,108,67,12,8,122,103" hai1="21,75,31,51,29,74,34,83,69,28,100,56,121" hai2="111,102,11,37,79,134,14,48,71,135,39,42,114" hai3="107,86,110,55,133,19,58,90,97,95,2,104,33"/><V116/><F116/><W50/><G33/><T65/><D122/><U57/><E69/><V78/><F114/><W43/><G2/><T20/><D108/><U23/><E34/><V4/><F71/><W106/><G110/><T41/><D41/><U60/><E121/><V22/><F111/><W64/><G133/><N who="2" m="50697" /><F102/><W87/><G64/><T131/><D82/><U115/><E115/><V89/><F22/><W13/><REACH who="3" step="1"/><G43/><REACH who="3" ten="220,220,280,270" step="2"/><T36/><D36/><U88/><E29/><V46/><F39/><W7/><G7/><T16/><REACH who="0" step="1"/><D92/><REACH who="0" ten="210,220,280,270" step="2"/><U1/><E28/><V112/><F112/><W99/><G99/><T98/><D98/><U70/><E31/><V119/><F119/><W27/><G27/><AGARI ba="0,2" hai="8,12,16,17,20,27,65,67,94,96,103,129,130,131" machi="27" ten="40,8000,1" yaku="1,1,19,1,52,1,54,1,53,0" doraHai="93" doraHaiUra="66" who="0" fromWho="3" sc="210,100,220,0,280,0,270,-80" /><INIT seed="3,0,0,5,5,13" ten="310,220,280,190" oya="3" hai0="51,86,59,91,12,126,115,64,92,63,99,114,101" hai1="69,7,135,134,31,75,36,67,22,93,16,52,85" hai2="125,104,20,18,24,39,132,33,117,80,1,77,55" hai3="103,83,21,87,94,96,3,133,107,23,0,2,122"/><W45/><G122/><T68/><D126/><U40/><E75/><V123/><F125/><W102/><G133/><N who="1" m="50698" /><E7/><V9/><F132/><W6/><G6/><T61/><D12/><N who="1" m="9479" /><E31/><V119/><F104/><W43/><G103/><T62/><D51/><U130/><E130/><V30/><F39/><W89/><REACH who="3" step="1"/><G107/><REACH who="3" ten="310,220,280,180" step="2"/><N who="0" m="63935" /><D68/><U46/><E69/><V42/><F123/><W113/><G113/><AGARI ba="0,1" hai="59,61,62,63,64,86,91,92,113,114,115" m="63935" machi="113" ten="30,1000,0" yaku="11,1" doraHai="13" who="0" fromWho="3" sc="310,20,220,0,280,0,180,-10" owari="330,43.0,220,-18.0,280,8.0,170,-33.0" /></mjloggm>