<mjloggm ver="2.3"><GO type="225" lobby="0"/><UN n0="%E7%B4%94%E6%BD%94%E3%83%94%E3%83%A9%E3%83%8B%E3%82%A2" n1="%E3%81%A9%E3%82%93%E3%82%88%E3%81%8F%4D%6B%2E%32" n2="%E9%80%9F%E6%B0%B4%E5%87%9B%E9%A6%99" n3="%E3%83%A9%E3%83%BC%E3%83%A1%E3%83%B3%E4%BA%94%E9%83%8E" dan="18,16,16,16" rate="2200.34,2190.84,2091.68,2067.92" sx="M,M,F,M"/><TAIKYOKU oya="0"/><INIT seed="0,0,0,4,1,12" ten="250,250,250,250" oya="0" hai0="86,34,24,61,16,105,6,43,84,33,113,82,135" hai1="44,14,120,66,88,112,56,123,95,48,47,85,25" hai2="90,97,101,111,63,57,50,92,27,26,31,98,28" hai3="53,64,65,45,96,15,8,71,40,54,72,59,19"/><T30/><D113/><U23/><E112/><V4/><F111/><W89/><G72/><T121/><D121/><U55/><E14/><V110/><F110/><W36/><G71/><T119/><D119/><U18/><REACH who="1" step="1"/><E66/><REACH who="1" ten="250,240,250,250" step="2"/><V91/><F4/><W134/><G65/><T17/><D135/><U109/><E109/><V75/><F26/><W41/><G134/><T5/><D105/><U3/><E3/><V104/><F27/><W93/><G64/><T49/><D61/><U58/><E58/><V9/><F63/><W83/><G59/><T74/><D74/><U130/><E130/><V127/><F75/><W87/><REACH who="3" step="1"/><G40/><REACH who="3" ten="250,240,250,240" step="2"/><T129/><D43/><U37/><E37/><V133/><F133/><W125/><G125/><T29/><D129/><U46/><AGARI ba="0,2" hai="18,23,25,44,46,47,48,55,56,85,88,95,120,123" machi="46" ten="30,7900,0" yaku="1,1,0,1,52,1,54,1,53,0" doraHai="12" doraHaiUra="2" who="1" fromWho="1" sc="250,-39,240,99,250,-20,240,-20" /><INIT seed="1,0,0,1,4,121" ten="211,339,230,220" oya="1" hai0="70,123,44,76,61,118,69,5,82,122,117,31,135" hai1="106,3,53,95,58,59,19,67,78,30,34,132,17" hai2="119,68,113,62,43,89,35,131,22,101,80,112,52" hai3="109,75,116,11,83,56,63,124,36,74,100,46,71"/><U96/><E106/><V25/><F35/><W8/><G71/><N who="0" m="27147" /><D31/><U26/><E3/><V16/><F119/><N who="0" m="45578" /><D5/><U47/><E78/><V98/><F131/><W84/><G116/><T115/><D82/><U107/><E107/><V108/><F43/><W51/><G100/><T126/><D76/><U41/><E132/><V45/><F68/><W27/><G74/><T13/><D13/><U28/><E28/><V92/><F108/><W37/><G75/><T94/><D94/><U55/><E67/><V2/><F2/><W72/><G72/><T39/><D135/><U20/><E34/><V79/><F101/><W104/><G104/><T88/><D88/><N who="1" m="55399" /><E41/><V129/><F129/><W86/><G83/><T133/><D133/><U33/><E47/><V6/><F6/><W105/><G105/><T0/><D0/><U73/><E73/><V54/><F45/><W85/><G46/><T130/><D130/><U18/><E33/><V10/><F10/><W38/><G8/><T12/><D12/><U97/><E97/><V15/><F15/><W65/><G11/><T114/><D61/><N who="1" m="36047" /><E30/><V134/><F134/><W111/><G109/><T128/><D128/><U120/><E120/><N who="0" m="46121" /><D126/><U24/><E26/><V29/><F29/><W48/><G124/><T93/><D93/><U9/><E9/><V99/><F99/><W4/><G111/><T90/><D90/><U60/><AGARI ba="0,0" hai="17,18,19,20,24,55,59,60" m="36047,55399" machi="60" ten="30,6000,0" yaku="25,1,8,1,54,1" doraHai="121" who="1" fromWho="1" sc="211,-20,339,60,230,-20,220,-20" /><INIT seed="1,1,0,5,2,46" ten="191,399,210,200" oya="1" hai0="31,25,85,88,9,28,98,56,54,69,65,19,32" hai1="68,24,49,71,93,12,84,97,123,135,2,113,130" hai2="131,87,67,91,18,133,74,4,118,86,92,47,107" hai3="96,100,79,66,99,60,50,48,23,64,17,72,1"/><U114/><E123/><V80/><F74/><W62/><G1/><T35/><D69/><U116/><E2/><V6/><F107/><W53/><G72/><T94/><D65/><N who="3" m="25193" /><G79/><T52/><D54/><U16/><E116/><V125/><F118/><W11/><G11/><T117/><D117/><U59/><E135/><V42/><F133/><W122/><G122/><T7/><D19/><U39/><E39/><V104/><F104/><W126/><G126/><T102/><D32/><U111/><E130/><V82/><F131/><W45/><G100/><T120/><D120/><U15/><E71/><V22/><F67/><W77/><G77/><T73/><D73/><U78/><E68/><V38/><F125/><W128/><G128/><T41/><D41/><U101/><E111/><V112/><F112/><W81/><G81/><T3/><D25/><U127/><E127/><V8/><F8/><W10/><G10/><T21/><D21/><N who="1" m="13351" /><E114/><V20/><F20/><W57/><G62/><T124/><D35/><U110/><E110/><V26/><F92/><W103/><G103/><T13/><D3/><U129/><E129/><V14/><F26/><N who="3" m="14703" /><G60/><N who="0" m="35847" /><D124/><U33/><E33/><V106/><F106/><W109/><G109/><T83/><AGARI ba="1,0" hai="7,9,13,28,31,83,85,88,94,98,102" m="35847" machi="83" ten="30,4000,0" yaku="8,1,54,2" doraHai="46" who="0" fromWho="0" sc="191,43,399,-21,210,-11,200,-11" /><INIT seed="2,0,0,5,3,68" ten="234,378,199,189" oya="2" hai0="32,88,101,87,8,131,132,61,78,90,117,89,9" hai1="6,81,50,37,45,4,15,5,133,105,46,126,63" hai2="49,72,12,98,30,118,95,121,60,28,17,1,116" hai3="66,77,109,14,58,128,80,130,127,125,41,104,92"/><V39/><F1/><W103/><G104/><T25/><D117/><U10/><E105/><V70/><F72/><W0/><G0/><T69/><D101/><U13/><E126/><N who="3" m="48138" /><G109/><T3/><D131/><N who="3" m="50217" /><G41/><T56/><D69/><U21/><E37/><V108/><F121/><W99/><G14/><T112/><D112/><U54/><E63/><V2/><F2/><W65/><G58/><T82/><D3/><U110/><E110/><V97/><F97/><W129/><N who="3" m="50225" /><W107/><DORA hai="48" /><G107/><T51/><D51/><U47/><E81/><V91/><F108/><W79/><G79/><T29/><REACH who="0" step="1"/><D132/><REACH who="0" ten="224,378,199,189" step="2"/><U24/><E133/><V94/><F70/><W11/><G11/><T27/><D27/><U124/><E124/><V23/><F49/><W44/><G44/><N who="1" m="17002" /><E10/><V93/><F39/><W35/><G35/><T134/><D134/><U36/><E36/><V57/><F118/><W18/><G18/><AGARI ba="0,1" hai="4,5,6,13,15,18,21,24,47,50,54" m="17002" machi="18" ten="30,2000,0" yaku="8,1,52,1" doraHai="68,48" who="1" fromWho="3" sc="224,0,378,30,199,0,189,-20" /><INIT seed="3,0,0,5,5,97" ten="224,408,199,169" oya="3" hai0="82,135,85,15,61,38,109,21,127,91,1,79,46" hai1="84,44,57,107,31,11,5,2,117,55,23,9,29" hai2="128,115,96,87,125,8,67,116,133,73,120,98,124" hai3="110,80,40,36,53,119,74,41,130,77,6,59,71"/><W30/><G119/><T13/><D1/><U34/><E107/><V28/><F73/><W92/><G71/><T70/><D109/><U76/><E117/><V95/><F116/><W94/><G110/><T65/><D127/><N who="2" m="48714" /><F115/><W19/><G130/><T123/><D123/><U54/><E34/><V104/><F104/><W108/><G108/><T122/><D122/><U100/><E100/><V27/><F120/><W24/><G6/><T16/><D135/><U78/><E23/><V113/><F113/><W90/><G19/><T12/><D38/><U14/><E54/><V83/><F133/><W105/><G105/><T18/><D46/><U118/><E44/><V56/><F8/><W132/><G132/><T3/><D3/><U64/><E64/><V52/><F67/><W99/><G92/><T134/><D134/><U51/><E118/><V88/><F83/><W86/><G74/><T58/><D70/><U48/><E48/><N who="2" m="30727" /><F128/><W49/><REACH who="3" step="1"/><G36/><REACH who="3" ten="224,408,199,159" step="2"/><T68/><D68/><U111/><E111/><V37/><F37/><W129/><G129/><T101/><D18/><U50/><E5/><V69/><F69/><W103/><G103/><T17/><D101/><U7/><E7/><V47/><F47/><W131/><G131/><T10/><D15/><U26/><E14/><V89/><F89/><AGARI ba="0,1" hai="10,12,13,16,17,21,58,61,65,79,82,85,89,91" machi="89" ten="40,2600,0" yaku="8,1,54,1" doraHai="97" who="0" fromWho="2" sc="224,36,408,0,199,-26,159,0" owari="260,6.0,408,50.8,173,-22.7,159,-34.1" /></mjloggm>