<mjloggm ver="2.3"><GO type="225" lobby="0"/><UN n0="%28%EF%BF%A3%E2%96%BD%EF%BF%A3%29%CE%B4%E2%8C%92%E3%83%BB" n1="%E5%B8%86%E7%AB%8B%E5%A4%8F%E8%A1%A3" n2="%72%69%6F%75%63%68%61%6E" n3="%33%74%72%65%65" dan="16,16,17,16" rate="2108.38,2201.47,2264.69,2160.24" sx="M,M,M,F"/><TAIKYOKU oya="0"/><INIT seed="0,0,0,5,0,66" ten="250,250,250,250" oya="0" hai0="19,98,80,125,67,21,62,96,118,90,99,45,72" hai1="3,60,54,104,130,38,70,121,5,1,20,40,42" hai2="103,85,52,24,44,29,57,108,8,76,124,131,78" hai3="114,49,58,105,26,81,83,12,10,13,73,15,9"/><T82/><D118/><U86/><E121/><V128/><F108/><W93/><G105/><T65/><D125/><U59/><E130/><N who="2" m="49707" /><F124/><W92/><G114/><T56/><D72/><U11/><E104/><V53/><F103/><W28/><G73/><T113/><D113/><U127/><E127/><V101/><F101/><W63/><G49/><T55/><D90/><U6/><E20/><V0/><F44/><W69/><G69/><T4/><D4/><U25/><E25/><V32/><F85/><W116/><G116/><T27/><REACH who="0" step="1"/><D45/><REACH who="0" ten="240,250,250,250" step="2"/><U133/><E6/><N who="2" m="1095" /><F53/><N who="3" m="34255" /><G10/><T107/><D107/><U79/><E11/><V39/><F39/><W112/><G9/><T115/><D115/><U88/><E38/><V102/><F102/><W74/><G74/><T64/><AGARI ba="0,1" hai="19,21,27,55,56,62,64,65,67,80,82,96,98,99" machi="64" ten="30,11700,0" yaku="1,1,0,1,8,1,53,1" doraHai="66" doraHaiUra="22" who="0" fromWho="0" sc="240,127,250,-39,250,-39,250,-39" /><INIT seed="0,1,0,1,1,24" ten="367,211,211,211" oya="0" hai0="18,74,85,82,38,13,16,20,98,81,113,125,112" hai1="63,90,89,54,39,19,25,50,86,78,12,60,102" hai2="94,64,36,70,126,48,34,41,2,56,99,26,53" hai3="6,57,97,111,92,15,49,45,58,75,22,95,33"/><T21/><D38/><U106/><E39/><V47/><F2/><W10/><G33/><T44/><D125/><U131/><E131/><V124/><F34/><W9/><G111/><T3/><D3/><U67/><E106/><V118/><F26/><W107/><G75/><T7/><D7/><U116/><E102/><V96/><F118/><W59/><G10/><T62/><D74/><U31/><E116/><V134/><F134/><W17/><G107/><T30/><D44/><U4/><E78/><V103/><REACH who="2" step="1"/><F96/><REACH who="2" ten="367,211,201,211" step="2"/><W101/><G97/><T105/><D98/><U83/><E25/><V128/><F128/><W72/><G101/><T122/><D112/><U114/><E114/><V80/><F80/><W109/><G95/><T127/><D82/><U130/><E83/><V66/><F66/><W87/><G92/><T68/><D113/><U110/><E67/><V52/><F52/><W93/><G93/><T79/><D105/><U61/><E54/><V108/><F108/><W133/><G109/><T129/><D129/><U55/><E55/><V132/><F132/><W35/><G35/><T73/><D81/><U121/><E110/><V11/><F11/><W104/><G104/><T51/><D73/><U120/><E130/><V40/><F40/><N who="3" m="24743" /><G72/><T32/><D32/><U117/><E117/><V28/><F28/><W29/><G133/><T119/><D30/><U115/><E31/><V88/><F88/><N who="1" m="33897" /><E115/><V8/><F8/><W27/><G87/><T1/><D85/><U100/><E86/><V42/><F42/><W84/><G84/><T65/><D119/><U77/><E100/><RYUUKYOKU ba="1,1" sc="367,-15,211,-15,201,15,211,15" hai2="36,41,47,48,53,56,64,70,94,99,103,124,126" hai3="6,9,15,17,22,27,29,57,58,59" /><INIT seed="1,2,1,4,4,50" ten="352,196,216,226" oya="1" hai0="134,28,113,104,72,99,49,88,17,41,29,68,55" hai1="91,128,23,10,120,108,24,121,64,122,18,3,69" hai2="90,97,61,106,85,39,54,79,45,60,14,116,112" hai3="130,87,110,48,95,51,101,80,33,8,40,46,119"/><U44/><E128/><V75/><F116/><W31/><G119/><T6/><D68/><U47/><E108/><V0/><F0/><W37/><G110/><T102/><D72/><U65/><E91/><V118/><F118/><W70/><G130/><T66/><D66/><U86/><E86/><V125/><F125/><W103/><G70/><T35/><D35/><U19/><E19/><V22/><F112/><W30/><G33/><T111/><D111/><U73/><E73/><V89/><F39/><W132/><G132/><T4/><D41/><U115/><E115/><V76/><F75/><W82/><G37/><T114/><D134/><U25/><E24/><V34/><F34/><W71/><G71/><T105/><D105/><U56/><E69/><V84/><F106/><W15/><G48/><T126/><D126/><U109/><E109/><V16/><F97/><N who="3" m="59583" /><G103/><T7/><D17/><U93/><E93/><N who="2" m="54439" /><F60/><W53/><G40/><T1/><D1/><U94/><E94/><N who="2" m="54607" /><F45/><W83/><G87/><T117/><D117/><U52/><E47/><V32/><F32/><W129/><G129/><T12/><D114/><U43/><E44/><V81/><F81/><W77/><G77/><T100/><D113/><U135/><E135/><V38/><F38/><W127/><G127/><T78/><D104/><U27/><E43/><V63/><F61/><W5/><AGARI ba="2,1" hai="5,8,15,30,31,46,51,53,80,82,83" m="59583" machi="5" ten="30,2000,0" yaku="8,1,52,1" doraHai="50" who="3" fromWho="3" sc="352,-7,196,-12,216,-7,226,36" /><INIT seed="2,0,0,5,2,59" ten="345,184,209,262" oya="2" hai0="91,30,98,19,118,3,13,65,16,109,21,125,35" hai1="122,36,26,75,28,106,27,63,103,114,107,108,6" hai2="33,119,5,67,95,58,90,105,127,131,48,7,34" hai3="41,46,44,123,92,111,129,2,97,50,72,47,49"/><V93/><F119/><W84/><G123/><T42/><D3/><U20/><E114/><V115/><F115/><W68/><G72/><T120/><D120/><U126/><E122/><V14/><F105/><W8/><G111/><T130/><D109/><U76/><E108/><V10/><F127/><W71/><G84/><T55/><D42/><U87/><E36/><V134/><F131/><W112/><G129/><T79/><D130/><U81/><E126/><V24/><F134/><W99/><G112/><T135/><D79/><U29/><E6/><V52/><F5/><W12/><G2/><T40/><D40/><U57/><E103/><V69/><F24/><W9/><G41/><T62/><D55/><U37/><E37/><V53/><F95/><W0/><G0/><T25/><D125/><U51/><E51/><V77/><F77/><W86/><G71/><T64/><D135/><U85/><E107/><V132/><F132/><W96/><G68/><T104/><D65/><U43/><E106/><V66/><F53/><W45/><G45/><T116/><D19/><U133/><E43/><V82/><F82/><W89/><REACH who="3" step="1"/><G8/><REACH who="3" ten="345,184,209,252" step="2"/><T73/><D73/><U101/><E133/><V17/><F69/><W113/><G113/><T15/><D118/><U18/><E75/><V22/><F33/><W100/><G100/><T4/><D116/><U128/><E101/><V23/><F34/><W88/><G88/><T31/><D91/><U110/><E128/><V94/><F90/><W60/><G60/><T102/><D62/><U117/><E117/><V124/><F124/><W70/><G70/><RYUUKYOKU ba="0,1" sc="345,-10,184,-10,209,-10,252,30" hai3="9,12,44,46,47,49,50,86,89,92,96,97,99" /><INIT seed="3,1,1,1,2,51" ten="335,174,199,282" oya="3" hai0="53,75,108,37,134,72,126,25,8,43,21,3,48" hai1="135,58,123,34,76,11,49,45,55,18,90,41,127" hai2="23,124,46,81,119,131,91,65,52,95,7,71,29" hai3="99,121,96,63,89,39,27,20,133,94,60,77,67"/><W1/><G121/><T56/><D126/><U44/><E34/><V122/><F119/><W129/><G129/><T57/><D134/><U78/><E135/><V38/><F124/><W6/><G133/><T13/><D108/><U36/><E123/><V40/><F131/><W31/><G39/><T107/><D107/><U33/><E33/><V42/><F122/><W116/><G77/><N who="1" m="29802" /><E36/><V17/><F7/><W32/><G116/><T104/><D56/><U74/><E74/><V82/><F29/><W24/><G6/><T132/><D48/><N who="1" m="26639" /><E127/><V125/><F125/><W47/><G47/><T114/><D8/><U64/><E90/><V84/><F40/><W106/><G1/><T87/><D87/><U80/><E80/><V117/><F117/><W2/><G2/><T120/><D3/><U9/><E18/><V97/><F84/><W61/><G106/><T88/><D25/><U109/><E109/><V110/><F110/><W98/><G67/><T28/><D21/><U10/><E64/><V5/><F5/><W112/><G112/><T16/><D114/><U102/><E102/><V111/><F111/><W92/><G89/><T14/><D88/><U35/><E35/><V86/><F86/><W79/><G79/><T100/><D132/><U30/><E30/><V128/><F128/><W19/><AGARI ba="1,1" hai="19,20,24,27,31,32,60,61,63,92,94,96,98,99" machi="19" ten="30,1500,0" yaku="0,1" doraHai="51" who="3" fromWho="3" sc="335,-6,174,-6,199,-6,282,28" /><INIT seed="3,2,0,0,3,117" ten="329,168,193,310" oya="3" hai0="30,56,129,81,93,37,48,13,67,26,43,134,104" hai1="0,47,91,133,82,23,112,95,39,34,65,97,50" hai2="2,98,18,103,54,96,83,20,11,115,92,84,55" hai3="111,130,49,121,40,87,3,76,75,63,131,53,114"/><W24/><G114/><T72/><D104/><U1/><E34/><V71/><F115/><W51/><G75/><T29/><D134/><U21/><E112/><V85/><F71/><W17/><G121/><T107/><D107/><U6/><E39/><V94/><F2/><W28/><G3/><T105/><D105/><U135/><E65/><V73/><F11/><W45/><G17/><T62/><D129/><N who="3" m="49161" /><G111/><T125/><D37/><U123/><E123/><V74/><F74/><W90/><G76/><T70/><D125/><U120/><E120/><V132/><F73/><W16/><G16/><T5/><D70/><U119/><E119/><V4/><F4/><W68/><G68/><T106/><D106/><U102/><E135/><V113/><F113/><W44/><G63/><T32/><D30/><U52/><E133/><V22/><F132/><W42/><G42/><T99/><D13/><U88/><E1/><V46/><F46/><W7/><G7/><T36/><D5/><U110/><E110/><V108/><F108/><W35/><G90/><N who="1" m="34346" /><E0/><V59/><F18/><W12/><G87/><N who="2" m="33353" /><F83/><W41/><G41/><T89/><D36/><U8/><E82/><V78/><F78/><W14/><AGARI ba="2,0" hai="12,14,24,28,35,40,44,45,49,51,53" m="49161" machi="14" ten="30,1500,0" yaku="19,1" doraHai="117" who="3" fromWho="3" sc="329,-7,168,-7,193,-7,310,21" owari="322,12.2,161,-33.9,186,-21.4,331,43.1" /></mjloggm>