<mjloggm ver="2.3"><GO type="225" lobby="0"/><UN n0="%E5%80%89%E6%A9%8B%EF%BC%A0%E4%BA%8B%E5%8B%99" n1="%E3%81%A1%E3%82%85%E3%81%86%E3%81%A9%E3%81%8F%E8%B1%A1%E3%81%95%E3%82%93" n2="%4D%50%43%32%38%30%30" n3="%41%54%53%4D" dan="16,17,16,16" rate="2110.04,2184.85,2091.48,2093.64" sx="M,M,M,M"/><TAIKYOKU oya="0"/><INIT seed="0,0,0,2,5,104" ten="250,250,250,250" oya="0" hai0="129,9,80,78,132,69,2,81,45,120,123,126,42" hai1="75,19,107,40,33,121,51,117,122,60,64,47,116" hai2="12,53,4,20,7,85,89,102,108,114,46,94,49" hai3="52,76,23,115,110,71,30,55,22,90,91,127,125"/><T99/><D69/><N who="1" m="42119" /><E19/><N who="2" m="10343" /><F114/><W16/><G115/><T21/><D129/><U128/><E33/><V86/><F108/><W35/><G71/><T24/><D132/><U58/><E107/><V26/><F102/><W106/><G106/><T50/><D126/><N who="3" m="48137" /><G110/><T133/><D133/><U73/><E58/><V93/><F26/><N who="3" m="16727" /><G76/><T59/><D99/><U65/><E51/><V56/><F46/><W13/><G35/><T6/><D59/><U67/><E67/><V43/><F43/><W111/><G111/><T92/><D92/><U48/><E48/><V37/><F37/><W29/><G29/><T135/><D135/><U119/><E65/><V11/><F11/><W14/><G14/><T34/><D34/><U36/><E128/><V63/><F63/><W95/><G91/><AGARI ba="0,0" hai="4,7,49,53,56,85,86,89,91,93,94" m="10343" machi="91" ten="30,2000,0" yaku="25,1,8,1" doraHai="104" who="2" fromWho="3" sc="250,0,250,0,250,20,250,-20" /><INIT seed="1,0,0,3,0,135" ten="250,250,270,230" oya="1" hai0="37,45,24,90,10,67,77,111,108,20,118,95,16" hai1="74,35,34,9,110,15,51,3,128,63,83,109,14" hai2="129,22,124,92,94,29,8,127,21,130,84,64,122" hai3="31,88,113,44,26,58,86,40,60,27,66,50,52"/><U46/><E46/><V85/><BYE who="1" /><F64/><UN n1="%E3%81%A1%E3%82%85%E3%81%86%E3%81%A9%E3%81%8F%E8%B1%A1%E3%81%95%E3%82%93" /><W56/><G113/><T32/><D118/><U25/><E128/><N who="2" m="49259" /><F122/><W2/><G2/><T126/><D32/><N who="1" m="12331" /><E51/><V99/><F8/><W82/><REACH who="3" step="1"/><G31/><REACH who="3" ten="250,250,270,220" step="2"/><T54/><D108/><N who="1" m="41579" /><E3/><V30/><F29/><W41/><G41/><T101/><D111/><U80/><E63/><AGARI ba="0,1" hai="26,27,40,44,50,52,56,58,60,63,66,82,86,88" machi="63" ten="30,8000,1" yaku="1,1,7,1,8,1,54,2,53,0" doraHai="135" doraHaiUra="134" who="3" fromWho="1" sc="250,0,250,-80,270,0,220,90" /><INIT seed="2,0,0,4,2,57" ten="250,170,270,310" oya="2" hai0="96,4,103,46,6,70,39,113,76,86,74,53,67" hai1="99,109,24,78,56,75,41,89,135,112,129,79,48" hai2="122,132,52,29,31,94,45,11,127,93,59,18,15" hai3="72,33,124,13,20,97,104,8,118,84,107,119,19"/><V27/><F122/><W111/><G72/><T110/><D113/><U115/><E135/><V25/><F132/><W108/><G33/><T58/><D110/><N who="3" m="42025" /><G124/><T17/><D74/><U68/><E109/><V77/><F127/><W62/><G84/><T81/><D17/><U126/><E126/><V54/><F77/><W71/><G8/><T114/><D114/><U98/><E129/><V1/><F1/><W23/><G23/><T9/><D70/><U63/><E68/><V37/><F37/><W101/><G107/><T92/><D67/><AGARI ba="0,0" hai="13,19,20,62,67,71,97,101,104,118,119" m="42025" machi="67" ten="30,2000,0" yaku="14,1,52,1" doraHai="57" who="3" fromWho="0" sc="250,-20,170,0,270,0,310,20" /><INIT seed="3,0,0,4,3,95" ten="230,170,270,330" oya="3" hai0="133,56,88,35,105,1,10,40,98,13,125,43,15" hai1="90,53,103,124,85,76,77,9,34,61,99,41,92" hai2="114,44,75,91,38,108,97,118,57,14,66,72,27" hai3="135,94,52,55,0,21,39,121,81,19,37,58,93"/><W129/><G121/><T64/><D35/><U47/><E124/><V23/><F114/><W2/><G81/><T65/><D125/><U104/><E34/><V123/><F118/><W12/><G135/><T131/><D133/><U84/><E9/><V20/><F108/><W42/><G2/><T16/><D1/><U113/><E113/><V6/><F38/><W112/><G0/><T59/><D131/><U22/><E22/><V70/><F70/><W117/><G112/><T67/><D105/><U51/><E85/><V130/><F44/><W134/><G134/><T74/><D74/><U54/><E41/><N who="0" m="15945" /><D15/><U3/><E3/><V62/><F130/><W25/><G129/><T110/><D110/><U11/><E11/><N who="2" m="4471" /><F75/><W116/><G116/><T33/><D33/><U120/><E120/><V17/><F23/><W8/><G39/><T109/><D109/><U102/><E102/><V96/><F72/><W101/><G37/><T32/><D32/><U87/><E87/><V46/><F123/><W107/><G107/><T36/><D36/><U63/><E63/><V86/><F46/><W7/><G117/><T29/><D29/><U30/><E30/><V127/><F127/><W78/><G21/><T128/><D128/><U71/><E71/><V60/><F60/><W82/><G8/><T111/><D111/><U106/><E106/><V4/><F4/><W73/><G7/><T122/><D122/><U68/><REACH who="1" step="1"/><E53/><REACH who="1" ten="230,160,270,330" step="2"/><V31/><F31/><W89/><G55/><T28/><D28/><U48/><E48/><V79/><F20/><W50/><G50/><T18/><D18/><RYUUKYOKU ba="0,1" sc="230,15,160,15,270,-15,330,-15" hai0="10,13,16,56,59,64,65,67,88,98" hai1="47,51,54,61,68,76,77,84,90,92,99,103,104" owari="245,-15.5,175,-32.5,255,5.5,325,42.5" /></mjloggm>