<mjloggm ver="2.3"><GO type="225" lobby="0"/><UN n0="%E8%81%B7%E6%A5%AD%E3%80%81%E9%A2%A8%32" n1="%E3%82%82%E3%81%86%E3%81%93%E3%82%8A%E3%81%94%E3%82%8A%E3%82%89" n2="%72%61%6B%33" n3="%4B%2E%32%2E%4B%2E" dan="16,16,17,16" rate="2153.67,2127.86,2159.04,2243.72" sx="M,M,M,M"/><TAIKYOKU oya="0"/><INIT seed="0,0,0,3,5,65" ten="250,250,250,250" oya="0" hai0="117,130,98,91,113,55,97,105,7,132,11,23,48" hai1="24,61,64,119,131,56,44,79,126,2,109,22,16" hai2="35,123,19,107,127,5,94,34,75,99,58,53,85" hai3="57,37,108,80,135,134,115,81,40,120,20,114,14"/><T104/><D117/><U63/><E119/><V110/><F110/><W31/><G108/><T124/><D113/><U21/><E109/><V47/><F127/><W1/><G1/><T27/><D124/><U36/><E126/><V90/><F75/><W6/><G120/><T77/><D130/><U78/><E131/><V125/><F123/><W38/><G57/><T43/><D132/><N who="3" m="50729" /><G31/><T112/><D112/><N who="3" m="43049" /><G40/><T122/><D122/><U101/><E2/><V60/><F125/><W74/><G74/><T84/><D43/><U96/><E36/><N who="3" m="13930" /><G6/><T118/><D118/><U128/><E44/><V12/><F5/><W25/><G25/><T9/><D7/><U15/><E63/><V52/><F107/><W59/><G59/><N who="0" m="33255" /><D104/><U30/><REACH who="1" step="1"/><E128/><REACH who="1" ten="250,240,250,250" step="2"/><V71/><F71/><W8/><G8/><N who="0" m="3147" /><D105/><AGARI ba="0,1" hai="15,16,21,22,24,30,56,61,64,78,79,96,101,105" machi="105" ten="30,3900,0" yaku="1,1,7,1,54,1,53,0" doraHai="65" doraHaiUra="50" who="1" fromWho="0" sc="250,-39,240,49,250,0,250,0" /><INIT seed="1,0,0,5,5,25" ten="211,289,250,250" oya="1" hai0="21,77,127,96,7,5,16,60,70,124,47,10,58" hai1="42,97,81,34,74,1,62,66,98,107,2,26,9" hai2="14,135,20,129,113,72,15,123,19,57,105,119,0" hai3="120,31,132,86,87,52,90,104,125,8,71,30,110"/><U12/><E42/><V94/><F105/><W102/><G120/><T65/><D77/><N who="1" m="44215" /><E12/><V111/><F72/><W50/><G71/><T27/><D96/><U35/><E9/><V17/><F94/><W99/><G110/><T59/><D47/><U38/><E38/><V106/><F106/><W80/><G125/><N who="0" m="48203" /><D5/><U100/><E34/><V54/><F0/><AGARI ba="0,0" hai="0,7,10,16,21,27,58,59,60,65,70" m="48203" machi="0" ten="30,2000,0" yaku="18,1,54,1" doraHai="25" who="0" fromWho="2" sc="211,20,289,0,250,-20,250,0" /><INIT seed="2,0,0,2,4,114" ten="231,289,230,250" oya="2" hai0="6,33,4,48,98,53,88,87,9,58,37,8,36" hai1="99,96,51,129,27,117,59,5,126,28,77,103,93" hai2="102,54,63,30,66,47,31,12,29,89,115,38,57" hai3="32,61,92,0,78,95,104,80,134,122,44,43,84"/><V100/><F100/><W17/><G104/><T79/><D33/><U45/><E129/><V74/><F115/><W11/><G122/><T55/><D79/><U56/><E126/><V41/><F74/><W49/><G32/><T85/><D98/><U52/><E117/><V26/><F102/><W105/><G105/><T128/><D87/><U135/><E135/><V65/><F26/><W75/><G134/><T130/><D55/><U94/><E5/><V64/><F12/><N who="3" m="7327" /><G0/><T110/><D110/><U106/><E77/><V125/><F125/><W97/><G75/><T46/><D9/><U76/><E76/><V118/><REACH who="2" step="1"/><F89/><REACH who="2" ten="231,289,220,250" step="2"/><N who="3" m="55439" /><G95/><T131/><D6/><U7/><E7/><V73/><F73/><W91/><G61/><T120/><D120/><U70/><E106/><V18/><F18/><W19/><G19/><T132/><D132/><U35/><E70/><V123/><F123/><W133/><G133/><T72/><D72/><U81/><E81/><V25/><F25/><W108/><G108/><T42/><D4/><U1/><E1/><V14/><F14/><W90/><AGARI ba="0,1" hai="43,44,49,78,80,84,90,91" m="55439,7327" machi="90" ten="30,1100,0" yaku="8,1" doraHai="114" who="3" fromWho="3" sc="231,-3,289,-3,220,-5,250,21" /><INIT seed="3,0,0,0,0,100" ten="228,286,215,271" oya="3" hai0="111,3,105,118,67,48,22,122,34,68,97,1,54" hai1="63,41,135,24,76,131,125,119,16,30,44,39,99" hai2="107,112,66,21,92,56,113,29,103,65,129,115,80" hai3="50,87,114,13,60,90,108,5,72,104,26,82,47"/><W58/><G114/><T70/><D118/><U84/><E119/><V126/><F126/><W106/><G108/><T6/><D111/><U85/><E125/><V91/><F129/><W117/><G117/><T96/><D34/><U15/><E131/><V33/><F33/><W89/><G72/><T46/><D122/><U95/><E135/><V86/><F56/><W31/><G13/><T57/><D105/><U74/><E63/><V101/><F80/><W38/><G5/><T123/><D123/><U19/><E74/><V81/><F81/><W132/><G90/><T11/><D3/><U45/><E45/><V133/><F133/><W14/><G14/><T17/><D46/><U102/><E76/><V55/><F55/><W110/><G38/><T27/><REACH who="0" step="1"/><D67/><REACH who="0" ten="218,286,215,271" step="2"/><U134/><E134/><V8/><F107/><W32/><G110/><T18/><D18/><U127/><E19/><V116/><F116/><W28/><G132/><T2/><D2/><U9/><E127/><V37/><F65/><W79/><G31/><T120/><D120/><U71/><E71/><AGARI ba="0,1" hai="1,6,11,17,22,27,48,54,57,68,70,71,96,97" machi="71" ten="40,2600,0" yaku="1,1,53,1" doraHai="100" doraHaiUra="0" who="0" fromWho="1" sc="218,36,286,-26,215,0,271,0" /><INIT seed="4,0,0,1,2,96" ten="254,260,215,271" oya="0" hai0="27,25,108,111,7,45,56,43,1,78,3,18,53" hai1="10,36,133,93,84,24,126,5,16,90,39,103,30" hai2="0,77,85,102,52,70,114,51,13,82,17,86,6" hai3="120,124,128,99,63,80,131,113,73,130,134,121,122"/><T89/><D78/><U117/><E117/><V11/><F114/><W57/><G113/><T47/><D89/><U81/><E133/><V59/><F70/><W61/><G134/><T97/><D18/><U20/><E126/><V95/><F86/><W42/><G124/><T88/><D25/><U28/><E39/><V15/><REACH who="2" step="1"/><F17/><REACH who="2" ten="254,260,205,271" step="2"/><W62/><G128/><T94/><D108/><U101/><E36/><V38/><F38/><W14/><G130/><T71/><D71/><U83/><E83/><V72/><F72/><W66/><G131/><T106/><D111/><U32/><E81/><V110/><F110/><W41/><G80/><T54/><D1/><N who="1" m="303" /><E28/><V2/><F2/><W129/><G129/><T19/><D3/><U100/><E84/><V123/><F123/><W92/><G73/><T21/><D19/><U26/><E26/><V67/><F67/><W35/><G120/><T79/><D27/><U49/><E16/><V29/><F29/><W125/><G125/><T33/><D7/><U91/><E20/><V104/><F104/><W65/><G121/><T60/><D106/><U132/><E132/><V105/><F105/><W76/><G122/><T119/><D21/><U58/><E93/><V22/><F22/><W64/><G64/><T8/><D94/><U116/><E116/><V127/><F127/><W118/><G66/><T48/><D119/><U74/><E74/><V107/><F107/><W37/><G118/><T115/><D115/><U69/><E69/><V55/><F55/><N who="3" m="33983" /><G37/><T135/><D135/><U9/><E9/><V12/><F12/><W4/><G14/><RYUUKYOKU ba="0,1" sc="254,-15,260,15,205,15,271,-15" hai1="24,30,32,49,58,90,91,100,101,103" hai2="0,6,11,13,15,51,52,59,77,82,85,95,102" /><INIT seed="5,1,1,0,1,104" ten="239,275,220,256" oya="1" hai0="17,16,127,0,94,14,32,43,75,78,71,133,59" hai1="73,122,57,70,68,4,47,50,15,114,19,107,67" hai2="22,97,124,99,96,131,58,79,83,6,121,5,72" hai3="2,115,24,123,54,116,93,41,34,89,101,42,20"/><U18/><E122/><V91/><F121/><W45/><G34/><T12/><D0/><U77/><E107/><V1/><F124/><W40/><G123/><T65/><D32/><U55/><E4/><V103/><F131/><W7/><G115/><T9/><D127/><U46/><E114/><V60/><F103/><W125/><G125/><T25/><D71/><U31/><E31/><V64/><F1/><W44/><G101/><T110/><D110/><U98/><E98/><V126/><F126/><W80/><G80/><T37/><D25/><U51/><E57/><V84/><REACH who="2" step="1"/><F22/><REACH who="2" ten="239,275,210,256" step="2"/><W27/><G20/><N who="0" m="11271" /><D133/><U30/><E68/><V129/><F129/><W13/><G2/><T48/><D9/><U119/><E70/><V128/><F128/><W62/><G116/><T33/><D33/><U21/><E119/><V10/><F10/><W102/><G102/><T49/><D37/><U56/><E21/><V63/><F63/><W3/><G62/><T82/><D48/><U90/><E51/><V38/><F38/><W117/><G117/><T23/><D49/><U106/><E50/><V53/><F53/><W95/><G54/><T109/><D109/><U69/><E69/><V52/><F52/><W74/><G3/><T85/><D43/><U8/><E55/><V108/><F108/><W86/><G42/><T35/><D35/><U87/><E8/><V111/><F111/><W26/><G41/><T118/><D118/><U66/><E47/><V61/><F61/><W134/><G40/><T100/><D23/><U132/><E132/><V76/><F76/><W88/><G134/><RYUUKYOKU ba="1,2" sc="239,-10,275,-10,210,30,256,-10" hai2="5,6,58,60,64,72,79,83,84,91,96,97,99" /><INIT seed="6,2,2,0,0,47" ten="229,265,240,246" oya="2" hai0="10,105,127,35,29,45,39,108,51,134,6,106,58" hai1="34,32,123,64,37,87,129,119,26,126,60,79,24" hai2="66,30,90,31,8,113,33,85,14,81,118,18,130" hai3="23,15,133,98,93,63,94,91,20,59,135,120,100"/><V21/><F118/><W73/><G73/><T41/><D108/><U122/><E119/><V7/><F130/><W89/><G120/><N who="1" m="46122" /><E129/><V27/><F113/><W65/><G100/><T43/><D127/><U1/><E1/><V132/><F132/><N who="3" m="50763" /><G15/><T5/><D134/><U95/><E37/><V36/><F36/><W80/><G80/><T72/><D72/><U25/><E126/><V28/><REACH who="2" step="1"/><F66/><REACH who="2" ten="229,265,230,246" step="2"/><W75/><G75/><T52/><D39/><U112/><E112/><V109/><F109/><W67/><G65/><T99/><D106/><U70/><E79/><V86/><F86/><AGARI ba="2,3" hai="20,23,59,63,67,86,89,91,93,94,98" m="50763" machi="86" ten="30,1000,0" yaku="20,1" doraHai="47" who="3" fromWho="2" sc="229,0,265,0,230,-16,246,46" /><INIT seed="7,0,0,5,1,33" ten="229,265,214,292" oya="3" hai0="36,105,127,79,101,46,59,102,2,132,107,20,83" hai1="7,43,32,63,19,78,31,84,97,51,91,53,109" hai2="135,90,76,9,75,35,68,23,27,114,96,62,86" hai3="122,0,123,18,129,42,71,130,113,67,55,74,92"/><W120/><G74/><N who="0" m="43511" /><D59/><U112/><E109/><V17/><F114/><W50/><G113/><T48/><D20/><U37/><E112/><V41/><F135/><W26/><G0/><T119/><D48/><U21/><E7/><V77/><F75/><W110/><G110/><T25/><D25/><U85/><E32/><V128/><F128/><N who="3" m="49259" /><G92/><T29/><D29/><U87/><E37/><V24/><F96/><W125/><G125/><T66/><D2/><U99/><E31/><V106/><F106/><W5/><G5/><T3/><D3/><U13/><E78/><V116/><F116/><W65/><G42/><N who="0" m="22855" /><D119/><U131/><E131/><V39/><F9/><W118/><G71/><T60/><D127/><U117/><E117/><V115/><F115/><W88/><G88/><T111/><D111/><U95/><E43/><V8/><F8/><W80/><G80/><T57/><D132/><U38/><E38/><V16/><F39/><W133/><G118/><T49/><D107/><U72/><E72/><V94/><F41/><W15/><G26/><T64/><D105/><U100/><E63/><V47/><F47/><N who="3" m="28127" /><G133/><T52/><D60/><U1/><E1/><V70/><F35/><W11/><AGARI ba="0,0" hai="11,15,18,65,67,120,122,123" m="28127,49259" machi="11" ten="40,2100,0" yaku="19,1" doraHai="33" who="3" fromWho="3" sc="229,-7,265,-7,214,-7,292,21" owari="222,-17.8,258,5.8,207,-29.3,313,41.3" /></mjloggm>