<mjloggm ver="2.3"><GO type="225" lobby="0"/><UN n0="%E3%81%95%E3%81%8D%E3%81%9F%E3%81%BE%E6%9E%97%E6%AA%8E" n1="%E3%82%82%E3%81%90%E3%82%89" n2="%4E%49%4A%49%49%52%4F" n3="%E6%A1%9C%E8%8A%B1%E9%96%83%E3%80%85" dan="16,17,16,16" rate="2109.59,2210.51,2147.83,2126.55" sx="M,M,M,M"/><TAIKYOKU oya="0"/><INIT seed="0,0,0,4,1,117" ten="250,250,250,250" oya="0" hai0="108,114,89,63,2,86,96,40,39,112,135,113,4" hai1="120,48,75,61,37,12,68,78,11,25,76,104,9" hai2="93,122,10,99,88,45,35,43,7,15,17,71,22" hai3="42,14,66,20,65,58,41,90,92,98,6,97,28"/><T115/><N who="0" m="28672" /><DORA hai="116" /><T134/><D96/><U67/><E37/><V100/><F35/><W110/><G110/><T106/><D106/><U128/><E104/><V85/><F71/><W18/><G28/><T60/><D108/><U38/><E38/><V72/><F72/><W73/><G73/><T111/><D111/><U31/><E128/><V52/><F122/><W62/><G66/><T54/><D40/><U32/><E120/><V33/><F33/><W118/><G118/><T80/><D39/><U29/><E75/><V13/><F43/><W47/><G47/><T81/><D81/><U102/><E31/><V5/><F5/><W44/><G44/><T16/><D16/><U127/><E48/><N who="2" m="28687" /><F85/><W83/><G83/><T107/><D107/><U74/><E74/><V30/><F30/><W131/><G131/><T77/><D77/><U19/><E127/><V8/><F8/><N who="3" m="4375" /><G98/><T105/><D105/><U125/><E125/><V21/><F21/><W49/><G49/><T82/><D82/><U59/><E68/><V55/><F55/><W50/><G50/><T119/><D119/><U121/><E121/><V109/><F109/><W94/><G94/><T69/><D54/><U26/><E78/><V57/><F57/><W46/><G46/><T56/><D56/><U132/><E76/><V91/><AGARI ba="0,0" hai="7,10,13,15,17,22,88,91,93,99,100" m="28687" machi="91" ten="30,4000,0" yaku="8,1,54,2" doraHai="117,116" who="2" fromWho="2" sc="250,-20,250,-10,250,40,250,-10" /><INIT seed="1,0,0,5,3,28" ten="230,240,290,240" oya="1" hai0="107,52,37,84,109,10,124,134,82,122,105,110,44" hai1="32,42,87,9,25,22,123,115,63,19,17,114,78" hai2="101,116,27,111,60,0,24,126,3,83,66,70,1" hai3="8,103,56,67,90,64,2,113,85,91,129,58,40"/><U132/><E42/><V36/><F116/><W120/><G120/><T112/><D112/><U75/><E75/><V20/><F36/><W13/><G113/><N who="1" m="43018" /><E87/><V100/><F126/><W54/><G129/><T119/><D134/><U49/><E49/><V34/><F111/><N who="0" m="42506" /><D124/><U14/><E63/><V4/><F4/><N who="3" m="3207" /><G2/><T69/><D69/><U130/><E78/><V73/><F73/><W99/><G40/><N who="0" m="22543" /><D119/><U125/><E125/><V38/><F38/><W50/><G58/><T15/><D122/><U104/><E104/><V12/><F83/><N who="3" m="49471" /><G103/><T131/><D131/><U55/><E55/><V86/><F86/><W108/><G108/><T11/><D52/><U118/><E130/><V48/><F48/><W92/><AGARI ba="0,0" hai="50,54,56,64,67,91,92,99" m="49471,3207" machi="92" ten="30,1100,0" yaku="8,1" doraHai="28" who="3" fromWho="3" sc="230,-3,240,-5,290,-3,240,11" /><INIT seed="2,0,0,1,0,34" ten="227,235,287,251" oya="2" hai0="47,103,133,132,58,7,74,43,62,104,82,17,31" hai1="66,129,90,52,69,56,88,6,33,117,11,41,25" hai2="91,57,86,105,78,39,45,92,67,96,32,5,107" hai3="99,125,51,77,55,63,124,14,38,22,111,109,87"/><V50/><F39/><W13/><G38/><T59/><D31/><U53/><E117/><V121/><F121/><W20/><G63/><T4/><D104/><U68/><E129/><V119/><F119/><W71/><G71/><T18/><D103/><U101/><E41/><V42/><F32/><W127/><G99/><T24/><D74/><U19/><E101/><V12/><F67/><W65/><G65/><T76/><D76/><U85/><E53/><V3/><F57/><N who="0" m="21514" /><D82/><U26/><E90/><V70/><F70/><W75/><G75/><T128/><D62/><U81/><E26/><V16/><F3/><W113/><G113/><T108/><D108/><N who="3" m="41545" /><G87/><T126/><D126/><U8/><E66/><V115/><F5/><N who="0" m="2122" /><D24/><U131/><E131/><V89/><F78/><W49/><G77/><T44/><D128/><U73/><E73/><V1/><F1/><W30/><G55/><T2/><D2/><U36/><E36/><V48/><F48/><N who="3" m="18507" /><G30/><T130/><D130/><U28/><E69/><V60/><F60/><W15/><AGARI ba="0,0" hai="13,14,15,20,22,124,125,127" m="18507,41545" machi="15" ten="40,8000,1" yaku="28,2,18,1,14,1" doraHai="34" who="3" fromWho="3" sc="227,-20,235,-20,287,-40,251,80" /><INIT seed="3,0,0,5,2,116" ten="207,215,247,331" oya="3" hai0="107,106,12,48,1,79,133,95,76,50,81,78,127" hai1="115,71,28,132,105,103,67,14,75,70,20,6,80" hai2="24,97,130,17,120,64,37,87,72,121,15,89,0" hai3="100,9,25,18,92,3,93,26,131,110,31,104,96"/><W65/><G131/><T5/><D1/><U122/><E115/><V125/><F0/><W108/><G65/><T35/><D35/><U101/><E132/><V68/><F72/><W118/><G118/><T102/><D133/><U36/><E36/><V56/><F37/><W113/><G113/><T33/><D33/><U2/><E2/><V126/><F130/><W7/><G18/><T30/><D30/><U42/><E42/><V39/><F39/><W73/><G73/><T29/><D29/><U111/><E122/><N who="2" m="47211" /><F68/><W57/><G57/><T45/><D127/><U23/><E105/><V117/><F97/><W69/><G69/><T19/><D5/><U94/><E71/><V11/><F117/><W128/><G128/><T46/><D107/><U114/><E114/><V40/><F40/><W129/><G26/><T34/><D34/><U54/><E70/><V32/><F32/><N who="3" m="20591" /><G129/><T90/><D106/><U123/><E75/><V124/><F24/><W55/><G55/><N who="0" m="30095" /><D102/><U22/><E54/><V59/><F64/><W88/><G104/><T44/><D81/><AGARI ba="0,0" hai="11,15,17,56,59,81,87,89,124,125,126" m="47211" machi="81" ten="40,8000,1" yaku="18,1,13,1,52,3" doraHai="116" who="2" fromWho="0" sc="207,-80,215,0,247,80,331,0" owari="127,-37.3,215,-18.5,327,12.7,331,43.1" /></mjloggm>