<mjloggm ver="2.3"><GO type="225" lobby="0"/><UN n0="%E3%81%8F%E3%82%8A%E3%83%94%E3%83%BC" n1="%E8%BE%9B%E5%8F%A3%E3%82%AB%E3%83%AC%E3%83%BC%E3%83%A9%E3%82%A4%E3%82%B9" n2="%E7%89%B9%E6%9D%B1%E3%81%AF%E4%B8%96%E7%95%8C%E3%82%92%E6%95%91%E3%81%86" n3="%6D%75%75%6D%75%72%61" dan="16,16,16,17" rate="2088.57,2127.35,2196.39,2131.28" sx="M,M,M,F"/><TAIKYOKU oya="0"/><INIT seed="0,0,0,5,4,114" ten="250,250,250,250" oya="0" hai0="30,85,59,13,65,37,9,134,97,86,88,33,10" hai1="56,14,1,110,25,55,2,69,128,126,112,120,76" hai2="6,106,89,28,20,116,125,94,29,66,45,102,43" hai3="129,130,71,75,96,50,18,132,26,95,118,67,135"/><T98/><D134/><N who="3" m="51241" /><G75/><T31/><D37/><U27/><E112/><V117/><F125/><W74/><G74/><T42/><D42/><U83/><E120/><V48/><F66/><W73/><G73/><T107/><D107/><U24/><E69/><V81/><F81/><W82/><G82/><T123/><D123/><U12/><E126/><V79/><F79/><W70/><G118/><N who="2" m="45673" /><F6/><W101/><G50/><T92/><D33/><U108/><E83/><V54/><F20/><N who="3" m="13591" /><G67/><T119/><D119/><U115/><E76/><V7/><F7/><W46/><G46/><T77/><D9/><U99/><E99/><N who="0" m="37897" /><D85/><U21/><E115/><V3/><F3/><N who="1" m="1033" /><E128/><AGARI ba="0,0" hai="70,71,95,96,101,128,129,130" m="13591,51241" machi="128" ten="30,2000,0" yaku="19,1,20,1" doraHai="114" who="3" fromWho="1" sc="250,0,250,-20,250,0,250,20" /><INIT seed="1,0,0,4,5,45" ten="250,230,250,270" oya="1" hai0="26,31,20,128,79,104,82,34,101,105,100,62,125" hai1="7,24,44,61,72,15,92,1,53,69,8,94,32" hai2="51,28,74,48,70,41,112,36,119,43,40,54,22" hai3="14,113,73,64,68,30,130,114,49,6,66,58,56"/><U21/><E72/><V103/><F74/><W107/><G73/><T59/><D128/><U0/><E69/><V109/><F36/><W57/><G130/><T90/><D125/><U111/><E111/><V133/><F119/><W117/><G117/><T115/><D115/><U86/><E32/><V4/><F70/><W110/><G110/><T134/><D134/><U65/><E65/><V2/><F109/><W35/><G107/><T75/><D34/><U87/><E0/><V126/><F126/><W93/><G93/><N who="1" m="35946" /><E1/><V12/><F2/><W77/><G77/><T60/><D90/><U9/><E9/><N who="2" m="4135" /><F133/><W63/><G30/><T124/><D124/><U37/><E37/><V17/><F112/><N who="3" m="43115" /><G14/><T89/><D89/><U29/><E61/><V97/><F28/><W67/><G6/><T96/><REACH who="0" step="1"/><D59/><REACH who="0" ten="240,230,250,270" step="2"/><N who="3" m="22601" /><G35/><T25/><D25/><U132/><E132/><V16/><F103/><W102/><G102/><T78/><D78/><U116/><E116/><V46/><F97/><AGARI ba="0,1" hai="20,26,31,60,62,75,79,82,96,97,100,101,104,105" machi="97" ten="40,2600,0" yaku="1,1,9,1,53,0" doraHai="45" doraHaiUra="85" who="0" fromWho="2" sc="240,36,230,0,250,-26,270,0" /><INIT seed="2,0,0,5,2,131" ten="276,230,224,270" oya="2" hai0="69,57,110,42,113,29,104,26,72,78,127,65,61" hai1="109,118,126,33,135,15,52,66,98,90,134,59,112" hai2="71,91,41,94,97,58,27,93,7,45,129,123,103" hai3="40,77,95,87,83,111,108,5,76,73,132,34,63"/><V10/><F129/><W19/><G34/><T86/><D113/><U81/><E112/><V102/><F71/><W89/><G40/><T3/><D3/><U14/><E118/><V30/><F123/><W37/><G37/><T38/><D110/><N who="3" m="42025" /><G5/><T35/><D127/><U62/><E109/><V68/><F68/><W120/><G19/><T1/><D86/><N who="1" m="50511" /><E126/><V6/><F58/><W53/><G53/><T84/><D57/><N who="1" m="37199" /><E98/><V28/><F6/><W32/><G63/><T39/><D84/><U56/><E33/><V21/><F28/><W36/><G36/><T74/><D104/><U22/><E22/><V70/><F70/><W48/><G48/><T121/><D121/><U23/><E23/><V124/><F124/><W18/><G18/><T51/><D51/><N who="1" m="30751" /><E59/><V64/><F64/><W75/><G32/><T50/><D50/><U85/><E85/><V46/><F93/><W4/><G120/><T54/><D54/><U17/><E17/><V101/><REACH who="2" step="1"/><F41/><REACH who="2" ten="276,230,214,270" step="2"/><W13/><G95/><T9/><D42/><U2/><E2/><AGARI ba="0,1" hai="2,7,10,21,27,30,45,46,91,94,97,101,102,103" machi="2" ten="40,3900,0" yaku="1,1,2,1,53,0" doraHai="131" doraHaiUra="55" who="2" fromWho="1" sc="276,0,230,-39,214,49,270,0" /><INIT seed="2,1,0,0,2,19" ten="276,191,263,270" oya="2" hai0="130,74,86,115,5,16,11,60,30,42,27,113,133" hai1="82,61,94,59,91,134,3,126,37,70,93,76,65" hai2="85,34,88,23,35,6,0,14,123,96,98,84,77" hai3="17,68,1,104,100,54,72,46,119,39,52,125,29"/><V110/><F123/><W117/><G72/><T40/><D74/><U73/><E134/><V135/><F0/><W99/><G1/><T95/><D133/><U48/><E126/><V63/><F135/><W132/><G132/><T103/><D130/><U41/><E3/><V24/><F35/><W55/><G68/><T4/><D113/><U9/><E9/><N who="2" m="4407" /><F34/><W50/><G39/><T92/><D60/><U112/><E112/><V33/><F33/><W53/><G125/><T56/><D56/><U66/><E66/><V129/><F129/><W26/><REACH who="3" step="1"/><G29/><REACH who="3" ten="276,191,263,260" step="2"/><T45/><D30/><U67/><E67/><V114/><F110/><W101/><G101/><T106/><D103/><U111/><E111/><V107/><F114/><W12/><G12/><T25/><D115/><U8/><E8/><V102/><F102/><W51/><G51/><T122/><D11/><U124/><E124/><V20/><F63/><W49/><G49/><T31/><D31/><U2/><E2/><V44/><F24/><W57/><G57/><T81/><D27/><U128/><E128/><V28/><F28/><W15/><G15/><T38/><D25/><U87/><E37/><V69/><F69/><W79/><G79/><T118/><D38/><U18/><E18/><V71/><F71/><W58/><G58/><T90/><D16/><U80/><REACH who="1" step="1"/><E70/><REACH who="1" ten="276,181,263,260" step="2"/><V7/><F20/><AGARI ba="1,2" hai="17,20,26,46,50,52,53,54,55,99,100,104,117,119" machi="20" ten="40,5200,0" yaku="1,1,52,1,54,1,53,0" doraHai="19" doraHaiUra="62" who="3" fromWho="2" sc="276,0,181,0,263,-55,260,75" /><INIT seed="3,0,0,2,0,37" ten="276,181,208,335" oya="3" hai0="132,110,121,14,81,20,67,26,1,72,38,95,124" hai1="111,48,41,34,29,103,24,35,90,89,86,8,75" hai2="69,84,19,106,32,112,97,108,58,13,73,71,33" hai3="126,96,44,46,52,107,116,114,57,50,87,9,94"/><W127/><G114/><T30/><D1/><U17/><E75/><V93/><F112/><W134/><G107/><T64/><D38/><U0/><E111/><V65/><F73/><W92/><G116/><T11/><D121/><U99/><E35/><V98/><F108/><W55/><G134/><T39/><D39/><U76/><E76/><V83/><F106/><W53/><G9/><T131/><D95/><N who="3" m="36393" /><G96/><T102/><D81/><U15/><E0/><V18/><F65/><W115/><G115/><T80/><D80/><U59/><E86/><V16/><F58/><N who="3" m="33047" /><G87/><T25/><D67/><U56/><E56/><V101/><F98/><W128/><G128/><T7/><D64/><U51/><E51/><V12/><F33/><W43/><G43/><T5/><D11/><U118/><E118/><V2/><F32/><W123/><G123/><T70/><D5/><U60/><E60/><V117/><F117/><W47/><G57/><T122/><D7/><U104/><REACH who="1" step="1"/><E59/><REACH who="1" ten="276,171,208,335" step="2"/><V82/><F2/><W85/><G85/><T133/><D110/><U109/><E109/><V40/><F83/><W21/><G47/><AGARI ba="0,1" hai="8,15,17,24,29,34,41,47,48,89,90,99,103,104" machi="47" ten="40,5200,0" yaku="1,1,52,1,53,1" doraHai="37" doraHaiUra="4" who="1" fromWho="3" sc="276,0,171,62,208,0,335,-52" /><INIT seed="4,0,0,0,1,35" ten="276,233,208,283" oya="0" hai0="54,45,65,46,19,132,59,119,30,101,108,78,67" hai1="109,95,88,12,118,62,72,7,79,36,2,125,31" hai2="89,16,87,4,1,37,68,77,135,112,20,103,90" hai3="18,29,52,63,49,56,123,131,3,117,122,43,98"/><T15/><D119/><U42/><E118/><V32/><F112/><W60/><G117/><T85/><D101/><U120/><E120/><N who="3" m="46122" /><G131/><T130/><D30/><U105/><E109/><V23/><F32/><W61/><G3/><T17/><D132/><U38/><E105/><V48/><F37/><W116/><G116/><T47/><D130/><U74/><E2/><V81/><F68/><W34/><G18/><T111/><D19/><U133/><E133/><V107/><F135/><W6/><G6/><T50/><D111/><U93/><E31/><V114/><F114/><W82/><G98/><T99/><D99/><U94/><E125/><V27/><F48/><W57/><G82/><N who="0" m="47319" /><D108/><U113/><E113/><V92/><F107/><W70/><G70/><T86/><D86/><U9/><E38/><V11/><REACH who="2" step="1"/><F20/><AGARI ba="0,0" hai="15,17,20,45,46,47,50,54,59,65,67" m="47319" machi="20" ten="30,1500,0" yaku="8,1" doraHai="35" who="0" fromWho="2" sc="276,15,233,0,208,-15,283,0" /><INIT seed="4,1,0,1,1,11" ten="291,233,193,283" oya="0" hai0="87,61,117,120,74,95,110,38,99,24,115,33,89" hai1="66,50,42,65,41,116,132,82,100,53,97,45,56" hai2="106,121,81,94,104,91,86,58,129,113,134,114,51" hai3="54,118,31,25,20,133,108,80,60,12,105,32,55"/><T96/><D74/><U88/><E116/><V102/><F58/><W52/><G108/><T112/><D117/><U103/><E132/><V49/><F51/><W59/><G118/><T98/><D120/><U8/><E41/><V93/><F49/><W64/><G105/><N who="2" m="40553" /><F121/><W37/><G133/><T63/><D38/><U47/><E47/><V130/><F134/><W34/><G37/><T125/><D125/><U101/><E8/><V46/><F46/><W90/><G34/><T72/><D72/><U35/><E35/><V2/><F2/><W131/><G131/><N who="2" m="50185" /><F102/><W18/><G64/><T44/><D44/><U13/><E13/><V84/><F93/><W67/><G67/><T79/><D33/><U126/><E126/><V68/><F68/><W1/><G1/><T40/><D40/><U10/><E10/><V123/><F123/><W43/><G43/><T17/><D63/><U135/><E135/><V6/><F6/><W5/><G5/><T107/><D61/><U85/><REACH who="1" step="1"/><E97/><REACH who="1" ten="291,223,193,283" step="2"/><V73/><F73/><W27/><G12/><T30/><D99/><U16/><E16/><V19/><F19/><W39/><G39/><AGARI ba="1,1" hai="39,42,45,50,53,56,65,66,82,85,88,100,101,103" machi="39" ten="40,2600,0" yaku="1,1,54,1,53,0" doraHai="11" doraHaiUra="119" who="1" fromWho="3" sc="291,0,223,39,193,0,283,-29" /><INIT seed="5,0,0,2,5,60" ten="291,262,193,254" oya="1" hai0="26,38,31,108,40,128,132,82,34,87,13,115,36" hai1="121,66,122,2,41,130,85,6,27,116,114,112,15" hai2="80,57,118,98,127,53,8,106,67,83,104,5,97" hai3="18,25,3,101,65,69,10,33,55,30,84,0,29"/><U94/><E116/><V39/><F118/><W52/><G30/><T32/><D108/><U124/><E2/><V103/><F127/><W92/><G3/><T107/><D115/><N who="1" m="44075" /><E124/><V119/><F39/><W76/><G101/><T120/><D120/><U14/><E41/><V61/><F119/><W9/><G9/><T16/><D128/><U64/><E27/><V73/><F73/><W91/><G76/><T11/><D132/><U54/><E54/><V17/><F17/><W133/><G133/><T21/><D107/><U79/><E130/><V12/><F106/><W23/><G10/><T1/><D40/><U63/><E63/><V42/><F42/><W48/><G0/><T58/><D58/><U135/><E135/><V134/><F134/><W131/><G131/><T51/><D51/><U4/><E15/><V99/><REACH who="2" step="1"/><F53/><REACH who="2" ten="291,262,183,254" step="2"/><W113/><G113/><T95/><D38/><U111/><E111/><V37/><F37/><W123/><G55/><T56/><D36/><U7/><E121/><V102/><F102/><W62/><G123/><T105/><D105/><U74/><E122/><V100/><F100/><W96/><G52/><T28/><D16/><U45/><E74/><V71/><F71/><W35/><G18/><T49/><D31/><U126/><E126/><V46/><F46/><W109/><G109/><T59/><D28/><U24/><E45/><V81/><AGARI ba="0,1" hai="5,8,12,57,61,67,80,81,83,97,98,99,103,104" machi="81" ten="30,4000,0" yaku="1,1,0,1,52,1,53,0" doraHai="60" doraHaiUra="50" who="2" fromWho="2" sc="291,-10,262,-20,183,50,254,-10" /><INIT seed="6,0,0,5,0,58" ten="281,242,233,244" oya="2" hai0="96,67,13,97,77,103,37,0,89,132,63,102,73" hai1="40,79,34,120,55,113,81,121,76,87,2,130,28" hai2="98,64,4,90,115,74,126,85,84,24,11,32,19" hai3="131,93,48,108,25,95,99,66,134,36,57,78,128"/><V123/><F123/><N who="1" m="47177" /><E113/><V94/><F74/><W54/><G108/><T46/><D0/><U9/><E40/><V23/><F115/><W7/><G36/><T117/><D132/><U111/><E111/><V124/><F32/><W129/><G134/><T45/><D117/><U75/><E130/><V18/><F18/><W20/><G78/><T70/><D37/><U106/><E106/><V88/><F64/><W122/><G122/><T82/><D89/><N who="1" m="51439" /><E55/><V27/><F27/><W12/><G99/><T30/><D13/><U5/><E75/><V47/><F47/><W65/><G12/><T39/><D39/><U92/><E92/><N who="3" m="35402" /><G7/><T29/><D97/><U133/><E133/><V135/><F135/><W127/><G127/><N who="2" m="48681" /><F90/><W72/><G72/><T110/><D110/><U118/><E118/><V62/><F62/><W86/><G86/><T1/><D1/><AGARI ba="0,0" hai="1,4,11,19,23,24,84,85,88,94,98" m="48681" machi="1" ten="30,2900,0" yaku="18,1,54,1" doraHai="58" who="2" fromWho="0" sc="281,-29,242,0,233,29,244,0" /><INIT seed="6,1,0,4,5,10" ten="252,242,262,244" oya="2" hai0="25,63,100,7,135,127,81,71,2,61,126,70,38" hai1="31,73,41,114,67,60,109,4,1,120,87,99,77" hai2="40,68,57,117,45,110,34,98,111,17,134,52,24" hai3="108,104,119,103,26,121,37,79,22,82,50,72,105"/><V28/><F117/><W62/><G37/><T59/><D135/><U94/><E109/><N who="2" m="41483" /><F68/><W123/><G108/><T30/><D38/><U86/><E114/><V11/><F134/><W55/><G119/><T0/><D100/><U88/><E120/><V6/><F17/><W89/><G62/><T80/><D7/><U115/><E115/><V78/><F78/><W124/><G124/><N who="0" m="47659" /><D81/><U29/><E41/><V107/><F107/><W36/><G36/><T19/><D19/><U20/><E73/><V118/><F98/><W84/><G103/><T97/><D97/><U106/><E106/><V69/><F69/><N who="0" m="26122" /><D80/><U133/><E133/><V8/><F118/><W23/><G105/><T90/><D90/><U47/><E77/><V43/><F45/><W122/><G104/><T92/><D92/><U12/><E47/><V46/><F46/><W113/><G113/><T74/><D74/><U15/><E1/><N who="0" m="617" /><D59/><N who="1" m="37279" /><E4/><V44/><F44/><W128/><G79/><T95/><D95/><U5/><E5/><V58/><F58/><W32/><G72/><T35/><AGARI ba="1,0" hai="25,30,35,61,63" m="617,26122,47659" machi="35" ten="40,1500,0" yaku="18,1" doraHai="10" who="0" fromWho="0" sc="252,18,242,-5,262,-8,244,-5" /><INIT seed="7,0,0,1,2,119" ten="270,237,254,239" oya="3" hai0="40,11,55,111,87,54,94,19,115,106,80,109,70" hai1="24,132,36,12,108,37,98,72,114,6,73,91,102" hai2="100,3,103,39,83,17,97,34,5,38,116,127,58" hai3="76,79,46,57,23,65,13,8,52,32,48,60,41"/><W10/><G32/><T7/><D106/><U44/><E108/><V30/><F116/><W120/><G120/><T101/><D70/><U86/><E24/><N who="2" m="18759" /><F58/><W71/><G23/><T78/><D115/><U31/><E31/><V135/><F103/><W33/><G33/><T134/><D134/><U118/><E118/><V29/><F29/><W42/><G42/><T131/><D131/><U90/><E114/><V123/><F135/><W47/><G47/><T125/><D125/><U130/><E130/><V2/><F17/><W22/><G22/><T20/><D40/><U69/><E69/><V27/><F27/><W26/><G26/><T105/><D105/><U0/><E0/><N who="2" m="43" /><F5/><W124/><G124/><T85/><D85/><U104/><E132/><V35/><F35/><W68/><G68/><T133/><D133/><U1/><E1/><V110/><F127/><W122/><G122/><T99/><D11/><N who="3" m="4137" /><G13/><N who="0" m="9327" /><D7/><U129/><E129/><V43/><F43/><W14/><G14/><T45/><D45/><U89/><E86/><V62/><F38/><AGARI ba="0,0" hai="38,41,46,48,52,57,60,65,71,76,79" m="4137" machi="38" ten="30,2900,0" yaku="24,1,54,1" doraHai="119" who="3" fromWho="2" sc="270,0,237,0,254,-29,239,29" /><INIT seed="7,1,0,2,0,65" ten="270,237,225,268" oya="3" hai0="62,75,40,60,9,129,23,114,73,18,88,90,38" hai1="56,12,112,31,102,86,67,71,52,11,130,49,132" hai2="61,53,106,57,77,45,68,72,34,41,122,104,25" hai3="76,123,113,79,28,24,125,19,127,82,4,111,124"/><W21/><G123/><T26/><D129/><U13/><E130/><V87/><F72/><W95/><G113/><T120/><D120/><U42/><E112/><V6/><F122/><W83/><G111/><T98/><D114/><U37/><E132/><V118/><F118/><W63/><G95/><N who="0" m="56679" /><D73/><U51/><E102/><V81/><F68/><W119/><G119/><T107/><D107/><U59/><E31/><V43/><F43/><W126/><G126/><T44/><D75/><U78/><E71/><V66/><F66/><W7/><G28/><T69/><D9/><U8/><E37/><V80/><F80/><N who="3" m="30763" /><G63/><T94/><D69/><U115/><E115/><V93/><F6/><AGARI ba="1,0" hai="4,6,7,19,21,24,76,79,124,125,127" m="30763" machi="6" ten="40,2000,0" yaku="18,1" doraHai="65" who="3" fromWho="2" sc="270,0,237,0,225,-23,268,23" /><INIT seed="7,2,0,2,3,47" ten="270,237,202,291" oya="3" hai0="1,29,101,37,49,93,24,35,111,33,31,40,45" hai1="58,46,61,95,87,72,17,36,34,77,16,81,99" hai2="124,4,125,18,56,52,5,116,127,19,130,64,80" hai3="89,13,20,109,60,38,90,69,107,70,134,68,76"/><W123/><G123/><T79/><D111/><U21/><E34/><V114/><F116/><W30/><G38/><T25/><D1/><U7/><E7/><N who="2" m="2635" /><F114/><W102/><G134/><T131/><D131/><U92/><E72/><V65/><F80/><W32/><G32/><T110/><D79/><U118/><E118/><V94/><F94/><W53/><G76/><T96/><D110/><U6/><E6/><V129/><F65/><W12/><G109/><T135/><D37/><U100/><E92/><V62/><F64/><W10/><G107/><T43/><D135/><U3/><E3/><V104/><F104/><W97/><G102/><T55/><AGARI ba="2,0" hai="24,25,29,31,33,35,40,43,45,49,55,93,96,101" machi="55" ten="20,5200,0" yaku="0,1,7,1,9,1,52,1" doraHai="47" who="0" fromWho="0" sc="270,58,237,-15,202,-15,291,-28" owari="328,42.8,222,-17.8,187,-31.3,263,6.3" /></mjloggm>