<mjloggm ver="2.3"><GO type="225" lobby="0"/><UN n0="%E6%A0%B9%E5%85%83%E3%81%8B%E3%82%89%E5%90%B9%E3%81%A3%E9%A3%9B%E3%81%B6" n1="%E3%81%8C%E3%81%9F" n2="%4C%4F%4C%49%54%41" n3="%E3%81%BF%E3%81%BF%E3%81%9A" dan="17,16,16,17" rate="2194.84,2134.13,2164.58,2298.32" sx="F,F,F,M"/><TAIKYOKU oya="0"/><INIT seed="0,0,0,1,1,20" ten="250,250,250,250" oya="0" hai0="102,44,31,10,96,41,51,59,3,107,68,70,67" hai1="22,86,123,13,88,52,93,75,108,29,57,128,90" hai2="77,61,131,4,121,8,40,114,134,12,56,28,55" hai3="19,122,26,130,94,63,64,97,85,125,111,45,98"/><T115/><D115/><U33/><E123/><V42/><F121/><W117/><G122/><T78/><D78/><U27/><E75/><V100/><F114/><W92/><G117/><T30/><D59/><U104/><E104/><V76/><F131/><W34/><G130/><T103/><D103/><U72/><E72/><V49/><F134/><W39/><G111/><T91/><D91/><U99/><E128/><V87/><F100/><W6/><G125/><T89/><D89/><U133/><E133/><V66/><F28/><W80/><G6/><T32/><D67/><U48/><E108/><V101/><F101/><W14/><G39/><N who="0" m="21567" /><D31/><U79/><E79/><N who="2" m="30283" /><F87/><W82/><G45/><AGARI ba="0,0" hai="4,8,12,40,42,45,49,55,56,61,66" m="30283" machi="45" ten="30,1000,0" yaku="8,1" doraHai="20" who="2" fromWho="3" sc="250,0,250,0,250,10,250,-10" /><INIT seed="1,0,0,2,3,114" ten="250,250,260,240" oya="1" hai0="42,108,132,7,47,5,104,39,35,36,45,31,93" hai1="64,20,106,80,46,9,72,4,40,21,12,24,133" hai2="51,85,131,57,99,135,111,50,92,43,54,13,3" hai3="124,29,102,87,66,53,83,2,33,84,77,59,81"/><U27/><E106/><V58/><F3/><W74/><G124/><T122/><D108/><U48/><E133/><V101/><F111/><W32/><G2/><T112/><D132/><U71/><E71/><V113/><F135/><W117/><G117/><T41/><D104/><U14/><E64/><V37/><F131/><W88/><G66/><T25/><D112/><U75/><E14/><V76/><F37/><W103/><G74/><T79/><D122/><U134/><E134/><V123/><F123/><W86/><G86/><T78/><REACH who="0" step="1"/><D93/><REACH who="0" ten="240,250,260,240" step="2"/><U110/><E110/><V69/><F92/><W89/><G77/><AGARI ba="0,1" hai="5,7,25,31,35,36,39,41,42,45,47,77,78,79" machi="77" ten="40,5200,0" yaku="1,1,2,1,9,1,53,0" doraHai="114" doraHaiUra="95" who="0" fromWho="3" sc="240,62,250,0,260,0,240,-52" /><INIT seed="2,0,0,1,1,86" ten="302,250,260,188" oya="2" hai0="23,29,44,2,65,82,12,21,110,95,101,102,68" hai1="114,67,94,123,11,85,31,112,9,36,134,47,10" hai2="61,35,13,72,50,84,78,59,48,93,60,109,43" hai3="16,75,6,108,26,80,124,54,22,8,30,120,115"/><V111/><F35/><W131/><G120/><T105/><D2/><U91/><E123/><V46/><F72/><W4/><G75/><T56/><D110/><N who="2" m="41994" /><F13/><W55/><G108/><T3/><D3/><U32/><E134/><V34/><F34/><W133/><G80/><T51/><D68/><U58/><E32/><V42/><F42/><W99/><G133/><T132/><D105/><U63/><REACH who="1" step="1"/><E31/><REACH who="1" ten="302,240,260,188" step="2"/><V135/><F135/><W57/><G115/><T41/><D29/><U107/><E107/><V53/><F78/><W17/><G124/><T37/><D132/><U52/><E52/><N who="3" m="20010" /><G131/><T20/><D65/><U73/><E73/><V0/><F0/><W119/><G119/><T19/><D41/><AGARI ba="0,1" hai="9,10,11,36,41,47,58,63,67,85,91,94,112,114" machi="41" ten="40,2600,0" yaku="1,1,52,1,53,0" doraHai="86" doraHaiUra="74" who="1" fromWho="0" sc="302,-26,240,36,260,0,188,0" /><INIT seed="3,0,0,3,0,127" ten="276,276,260,188" oya="3" hai0="20,41,22,99,12,56,51,84,46,86,111,106,39" hai1="90,7,40,122,8,81,79,135,0,10,83,17,6" hai2="72,100,116,97,28,126,38,76,94,11,75,23,92" hai3="57,133,3,68,105,43,109,134,2,103,58,18,101"/><W59/><G43/><T107/><D111/><U55/><E122/><V27/><F116/><W71/><G105/><T119/><D119/><U95/><E135/><N who="3" m="51722" /><G18/><T64/><D106/><U70/><E70/><N who="3" m="26666" /><G109/><T69/><D99/><U13/><E40/><V120/><F38/><W61/><G61/><N who="0" m="40079" /><D107/><U85/><E55/><V124/><F120/><W91/><G91/><T37/><D37/><U121/><E121/><V66/><F66/><W54/><G54/><N who="0" m="31839" /><D20/><U87/><E17/><AGARI ba="0,0" hai="12,17,22,39,41,46,84,86" m="31839,40079" machi="17" ten="30,1000,0" yaku="24,1" doraHai="127" who="0" fromWho="1" sc="276,10,276,-10,260,0,188,0" /><INIT seed="4,0,0,2,3,83" ten="286,266,260,188" oya="0" hai0="90,103,48,105,130,94,31,81,1,79,116,33,53" hai1="71,54,60,23,65,51,119,78,13,50,75,73,126" hai2="27,102,61,55,115,24,118,84,91,104,58,74,59" hai3="72,39,32,67,16,88,46,36,68,96,30,113,112"/><T132/><D116/><U18/><E119/><V35/><F35/><W40/><G72/><T93/><D1/><U4/><E126/><V114/><F118/><W63/><G32/><T101/><D33/><U43/><E78/><V28/><F74/><W41/><G30/><T134/><D31/><U131/><E131/><V135/><F135/><N who="0" m="51754" /><D105/><U29/><E29/><V44/><F44/><W10/><G40/><T120/><D120/><U109/><E109/><V92/><F59/><W21/><G10/><T45/><D130/><U26/><E43/><V121/><F121/><W95/><REACH who="3" step="1"/><G39/><REACH who="3" ten="286,266,260,178" step="2"/><T5/><D5/><U76/><E73/><V56/><F28/><W69/><G69/><T14/><D14/><AGARI ba="0,1" hai="14,16,21,36,41,46,63,67,68,88,95,96,112,113" machi="14" ten="40,8000,1" yaku="1,1,54,2,53,1" doraHai="83" doraHaiUra="8" who="3" fromWho="0" sc="286,-80,266,0,260,0,178,90" /><INIT seed="5,0,0,1,1,39" ten="206,266,260,268" oya="1" hai0="69,28,71,124,109,96,23,3,60,84,97,64,8" hai1="12,66,50,91,16,77,15,54,119,112,27,10,87" hai2="1,105,85,24,4,32,74,127,11,42,5,7,90" hai3="104,94,116,48,99,134,101,49,78,19,30,70,2"/><U122/><E119/><V44/><F105/><W61/><G2/><T81/><D109/><U76/><E122/><V52/><F74/><W37/><G37/><T106/><D71/><U55/><E112/><V21/><F32/><W59/><G70/><T53/><D124/><U108/><E108/><V98/><F98/><W22/><G134/><T47/><D106/><U135/><E135/><V65/><F65/><W110/><G110/><T45/><D3/><U33/><E66/><V75/><F52/><N who="1" m="20009" /><E33/><V20/><F20/><W43/><G30/><T57/><D8/><N who="1" m="6151" /><E50/><V93/><F75/><W29/><G49/><N who="0" m="28847" /><D47/><U58/><E58/><V14/><F1/><W114/><G48/><T35/><D35/><U103/><E27/><V40/><F127/><W51/><G59/><T25/><D69/><U34/><E103/><V72/><F72/><W88/><G101/><T120/><D120/><U9/><E34/><V18/><F44/><W126/><G104/><T128/><D128/><U133/><E133/><V113/><F113/><W123/><G116/><T92/><D92/><N who="1" m="54399" /><E10/><V125/><F125/><W63/><G123/><T117/><D117/><U107/><E107/><V0/><F0/><W38/><G126/><T82/><D82/><U129/><E129/><V36/><F36/><W62/><G38/><T41/><D41/><AGARI ba="0,0" hai="4,5,7,11,14,18,21,24,40,41,42,85,90,93" machi="41" ten="40,8000,1" yaku="8,1,52,3" doraHai="39" who="2" fromWho="0" sc="206,-80,266,0,260,80,268,0" owari="126,-37.4,266,-13.4,340,44.0,268,6.8" /></mjloggm>