<mjloggm ver="2.3"><GO type="225" lobby="0"/><UN n0="%E5%B0%8F%E9%B3%A5%E9%81%8A%E7%B7%B4%E7%84%A1%32%31%E6%AD%B3" n1="%28%EF%BF%A3%E2%96%BD%EF%BF%A3%29%CE%B4%E2%8C%92%E3%83%BB" n2="%E5%8F%AF%E5%85%90%E9%82%A3%E7%94%B1%E5%A4%9A" n3="%E3%81%8B%E3%82%8F%E3%81%A1%E3%82%83%E3%82%93%35%38" dan="16,16,17,17" rate="2194.93,2112.99,2196.44,2124.99" sx="F,M,F,M"/><TAIKYOKU oya="0"/><INIT seed="0,0,0,0,4,14" ten="250,250,250,250" oya="0" hai0="98,119,16,130,112,125,3,28,80,79,38,74,91" hai1="59,58,51,17,126,67,122,55,88,29,92,31,131" hai2="90,103,52,40,107,9,4,65,120,32,93,77,95" hai3="113,94,42,100,85,132,117,66,41,37,23,86,121"/><T22/><D119/><U71/><E71/><V75/><F120/><W115/><G66/><T0/><D112/><U33/><E122/><V50/><F32/><W101/><G94/><T5/><D28/><U48/><E126/><V118/><F118/><W73/><G121/><T19/><D38/><U43/><E131/><V34/><F34/><W13/><G13/><T21/><D130/><U124/><E124/><V76/><F65/><W26/><G117/><T87/><D125/><U47/><E33/><V68/><F68/><W133/><G23/><T97/><D5/><U114/><E114/><V46/><F107/><W24/><REACH who="3" step="1"/><G73/><REACH who="3" ten="250,250,250,240" step="2"/><T110/><D0/><U78/><E67/><V8/><F75/><W63/><G63/><T69/><D3/><U18/><E78/><V129/><F129/><W83/><G83/><T45/><D69/><U96/><E59/><V70/><F70/><W106/><G106/><T25/><D45/><U104/><E104/><V11/><F77/><W72/><G72/><T99/><D110/><U56/><E56/><V105/><F76/><W2/><G2/><T62/><D62/><U64/><E64/><V127/><F127/><W20/><G20/><T134/><D134/><U53/><E53/><V49/><F105/><W89/><G89/><T116/><D116/><U135/><E135/><V111/><F111/><W1/><G1/><T44/><D44/><U10/><E10/><N who="2" m="4203" /><F90/><W81/><G81/><T15/><D74/><U7/><E7/><V54/><F54/><W60/><G60/><T57/><D57/><U27/><E27/><V102/><F4/><RYUUKYOKU ba="0,1" sc="250,10,250,10,250,-30,240,10" hai0="15,16,19,21,22,25,79,80,87,91,97,98,99" hai1="17,18,29,31,43,47,48,51,55,58,88,92,96" hai3="24,26,37,41,42,85,86,100,101,113,115,132,133" /><INIT seed="0,1,1,0,5,82" ten="260,260,220,250" oya="0" hai0="102,75,132,72,43,0,90,98,42,128,70,4,131" hai1="29,50,109,74,2,11,7,56,58,117,97,64,33" hai2="101,24,110,123,125,76,78,84,39,31,45,22,55" hai3="60,100,114,63,81,44,17,20,116,37,113,40,47"/><T88/><D70/><U87/><E74/><N who="0" m="28201" /><D4/><U51/><E117/><V25/><F123/><W73/><G116/><T5/><D5/><U108/><E97/><V127/><F110/><N who="1" m="42601" /><E29/><V57/><F101/><W66/><G100/><T91/><D0/><U89/><E33/><V15/><F15/><W83/><G47/><T8/><D8/><U3/><E3/><V23/><F45/><W120/><G120/><T71/><D71/><U93/><E58/><V19/><F39/><W12/><G63/><AGARI ba="1,1" hai="2,7,11,50,51,56,63,64,87,89,93" m="42601" machi="63" ten="30,2000,0" yaku="14,1,52,1" doraHai="82" who="1" fromWho="3" sc="260,0,260,33,220,0,250,-23" /><INIT seed="1,0,0,0,2,26" ten="260,293,220,227" oya="1" hai0="40,130,70,43,7,107,35,42,69,73,121,53,2" hai1="52,123,38,36,86,110,115,1,67,50,76,114,28" hai2="85,83,98,122,57,65,135,22,30,108,12,3,90" hai3="66,112,128,11,72,120,14,88,59,16,39,97,64"/><U18/><E1/><V49/><F122/><W31/><G112/><T81/><D107/><U4/><E123/><V93/><F3/><W19/><G72/><T24/><D130/><U74/><E4/><V45/><F108/><W61/><G39/><T13/><D2/><U103/><E74/><V58/><F135/><W37/><G37/><T106/><D106/><U71/><E110/><V101/><F65/><N who="3" m="39103" /><G120/><T80/><D53/><U79/><E103/><V129/><F129/><W131/><G131/><T9/><D121/><U27/><E18/><N who="3" m="6698" /><G31/><T99/><D99/><U55/><E67/><V94/><F12/><W105/><G105/><T109/><D109/><U60/><E71/><V117/><F117/><W126/><G126/><T78/><REACH who="0" step="1"/><D81/><REACH who="0" ten="250,293,220,227" step="2"/><N who="1" m="47399" /><E55/><N who="2" m="30127" /><F83/><W68/><G68/><T15/><D15/><U113/><E114/><V132/><F132/><W82/><G128/><T44/><D44/><U32/><E113/><V124/><F124/><W62/><G82/><T91/><D91/><U33/><E115/><V51/><F51/><W25/><G62/><T8/><D8/><U75/><E60/><V29/><F22/><W119/><G119/><T96/><D96/><U125/><E125/><V6/><F6/><N who="3" m="3447" /><G25/><T102/><D102/><U46/><E33/><V41/><F41/><W84/><G84/><T5/><D5/><U87/><E87/><V63/><F58/><W92/><AGARI ba="0,1" hai="64,66,88,92,97" m="3447,6698,39103" machi="92" ten="30,4000,0" yaku="8,1,54,2" doraHai="26" who="3" fromWho="3" sc="250,-10,293,-20,220,-10,227,50" /><INIT seed="2,0,0,0,1,116" ten="240,273,210,277" oya="2" hai0="15,62,113,123,39,60,121,40,21,122,1,135,45" hai1="12,131,92,105,66,38,54,47,133,112,115,118,46" hai2="16,102,130,103,50,98,37,110,28,82,34,18,124" hai3="2,58,96,78,99,25,93,4,106,88,30,104,67"/><V108/><F37/><W100/><G78/><T35/><D35/><U114/><E105/><V44/><F124/><W79/><G79/><T48/><D113/><U41/><E118/><V64/><F64/><W27/><G104/><T36/><D1/><U17/><E131/><V72/><F130/><W107/><G107/><T134/><D15/><U57/><E133/><N who="0" m="50697" /><D21/><U13/><E66/><V0/><F0/><W94/><G106/><T31/><D31/><U101/><E47/><V81/><F28/><W11/><REACH who="3" step="1"/><G30/><REACH who="3" ten="240,273,210,267" step="2"/><T132/><D132/><U20/><E114/><V22/><F72/><W71/><G71/><T3/><D3/><U91/><E115/><V111/><F34/><W5/><G5/><T129/><D129/><U125/><E112/><V24/><F18/><W109/><G109/><T19/><D19/><U52/><E17/><V26/><F26/><W76/><G76/><T89/><D89/><U127/><E91/><V33/><F33/><W61/><AGARI ba="0,1" hai="2,4,11,25,27,58,61,67,88,93,94,96,99,100" machi="61" ten="30,4000,0" yaku="1,1,0,1,54,1,53,0" doraHai="116" doraHaiUra="117" who="3" fromWho="3" sc="240,-10,273,-10,210,-20,267,50" /><INIT seed="3,0,0,4,2,92" ten="230,263,190,317" oya="3" hai0="84,100,112,83,63,52,70,62,131,6,65,116,76" hai1="21,110,122,61,87,98,88,33,133,28,54,105,103" hai2="91,20,8,16,37,128,125,101,43,132,55,3,86" hai3="118,95,18,40,44,2,12,97,4,38,19,120,89"/><W50/><G118/><T114/><D116/><U73/><E73/><V94/><F125/><W7/><G2/><T51/><D63/><U32/><E122/><V79/><F132/><W121/><G121/><T81/><D131/><U26/><E133/><V30/><F128/><W27/><G120/><T108/><D108/><U34/><E110/><V69/><F69/><W130/><G130/><T14/><D100/><U22/><E22/><V31/><F79/><W68/><G68/><T10/><REACH who="0" step="1"/><D83/><REACH who="0" ten="220,263,190,317" step="2"/><U67/><E61/><V102/><F102/><W41/><G95/><T15/><D15/><U71/><E71/><V109/><F109/><W35/><G12/><T49/><D49/><U29/><E67/><V64/><F64/><W53/><G50/><T42/><D42/><U9/><E54/><V39/><F101/><W104/><G53/><T59/><AGARI ba="0,1" hai="6,10,14,51,52,59,62,65,70,76,81,84,112,114" machi="59" ten="30,4000,0" yaku="1,1,0,1,54,1,53,0" doraHai="92" doraHaiUra="93" who="0" fromWho="0" sc="220,50,263,-10,190,-10,317,-20" /><INIT seed="4,0,0,2,3,113" ten="270,253,180,297" oya="0" hai0="77,116,112,30,53,80,14,134,61,29,52,101,66" hai1="79,65,99,111,135,119,7,118,100,95,5,98,71" hai2="133,74,4,33,86,120,114,28,84,27,26,122,132" hai3="37,51,2,110,12,89,107,94,87,128,9,39,50"/><T48/><D116/><U117/><E111/><V45/><F74/><W17/><G110/><T15/><D134/><N who="2" m="51818" /><F45/><W13/><G107/><T16/><D101/><U127/><E135/><V92/><F92/><W47/><G2/><T41/><D14/><U8/><E127/><V23/><F86/><W1/><G1/><T108/><D108/><U6/><E79/><V36/><F84/><W96/><G128/><T124/><D124/><U19/><E99/><V73/><F36/><W10/><G51/><T82/><D41/><U58/><E71/><V131/><F73/><W106/><G106/><T125/><D112/><U56/><REACH who="1" step="1"/><E65/><REACH who="1" ten="270,243,180,297" step="2"/><V109/><F109/><W32/><G96/><T126/><D126/><U90/><E90/><V20/><F114/><W63/><G89/><T64/><D125/><U38/><E38/><V67/><F67/><W105/><G39/><T34/><D66/><U102/><E102/><V49/><F131/><W75/><G37/><T42/><D77/><U60/><E60/><V88/><F88/><N who="3" m="53535" /><G63/><T25/><D61/><U24/><E24/><N who="2" m="18567" /><F49/><W54/><G75/><T78/><D64/><U40/><E40/><V31/><F4/><N who="3" m="3111" /><G105/><T46/><D78/><U115/><E115/><V72/><F72/><W93/><G93/><T70/><D70/><U97/><E97/><V85/><F85/><W129/><G129/><T11/><D42/><U69/><E69/><V121/><F27/><W44/><G44/><T83/><D53/><U43/><E43/><V57/><F57/><W68/><G68/><T123/><D123/><N who="2" m="31490" /><V104/><DORA hai="22" /><F104/><W55/><G55/><RYUUKYOKU ba="0,1" sc="270,0,243,0,180,0,297,0" hai0="11,15,16,25,29,30,34,46,48,52,80,82,83" hai1="5,6,7,8,19,56,58,95,98,100,117,118,119" hai2="20,23,26,31" hai3="10,13,17,32,47,50,54" /><INIT seed="4,1,1,2,4,89" ten="270,243,180,297" oya="0" hai0="71,57,128,82,55,96,8,67,120,23,111,125,98" hai1="18,119,108,129,118,47,17,21,28,70,76,88,77" hai2="59,83,66,12,45,93,102,68,36,117,69,22,7" hai3="38,26,123,63,133,92,13,100,91,81,90,86,15"/><T56/><D120/><U14/><E70/><V2/><F117/><W103/><G38/><T84/><D71/><U115/><E108/><V1/><F59/><W122/><G26/><T85/><D128/><U62/><E129/><V25/><F83/><W121/><G63/><N who="0" m="38375" /><D8/><N who="1" m="6343" /><E119/><V44/><F12/><N who="3" m="4683" /><G133/><T106/><D106/><U41/><E118/><V40/><F45/><W30/><G30/><T27/><D125/><U107/><E107/><V95/><F66/><W113/><G113/><T124/><D124/><U94/><E115/><V19/><F1/><W31/><G31/><N who="0" m="17919" /><D84/><AGARI ba="1,1" hai="81,84,86,90,91,92,100,103,121,122,123" m="4683" machi="84" ten="40,2600,0" yaku="13,1,52,1" doraHai="89" who="3" fromWho="0" sc="270,-29,243,0,180,0,297,39" owari="241,-15.9,243,4.3,180,-32.0,336,43.6" /></mjloggm>