<mjloggm ver="2.3"><GO type="225" lobby="0"/><UN n0="%E3%81%BF%E3%82%84%E3%81%93%E3%82%93%EF%BC%91%EF%BC%90%E6%AD%B3" n1="%E7%AD%89%E3%80%85%E5%8A%9B%E5%8A%87%E5%A0%B4" n2="%E5%B8%86%E7%AB%8B%E5%A4%8F%E8%A1%A3" n3="%E3%83%B4%E3%83%A0%EF%BC%99%E3%81%A6" dan="16,16,16,17" rate="2052.17,2063.49,2091.18,2125.92" sx="M,M,M,M"/><TAIKYOKU oya="0"/><INIT seed="0,0,0,3,5,131" ten="250,250,250,250" oya="0" hai0="25,20,69,31,77,18,123,5,51,55,43,52,112" hai1="72,38,6,90,126,119,71,99,95,9,92,127,54" hai2="59,80,76,82,84,108,16,115,15,91,85,60,35" hai3="113,68,67,17,75,104,110,120,128,96,86,11,50"/><T23/><D123/><U12/><E119/><V101/><F108/><W134/><G75/><T56/><D112/><U111/><E71/><V45/><F35/><W42/><G113/><T22/><D69/><U32/><E32/><V132/><F132/><W1/><G128/><T24/><D5/><U133/><E38/><V109/><F109/><W19/><G110/><T30/><D77/><U26/><E111/><V14/><F115/><W98/><G120/><T4/><D4/><U8/><E72/><V78/><F101/><W70/><G1/><T48/><D43/><U122/><E122/><V87/><F45/><W34/><G34/><T40/><D40/><U47/><E9/><V130/><F130/><W114/><G104/><T29/><REACH who="0" step="1"/><D23/><REACH who="0" ten="240,250,250,250" step="2"/><U53/><E6/><V37/><F37/><W2/><G68/><T100/><D100/><U107/><E8/><V39/><F39/><W7/><G70/><T41/><D41/><U10/><E10/><V97/><F78/><W93/><G114/><T105/><D105/><U124/><E107/><V102/><F102/><W44/><G2/><T89/><D89/><U27/><E90/><V118/><F76/><W135/><G135/><T121/><D121/><U103/><E133/><V74/><F74/><W81/><G134/><T63/><D63/><U58/><E103/><V3/><F3/><W21/><G7/><T117/><D117/><U125/><E127/><V33/><F118/><W49/><G11/><T36/><D36/><U64/><E126/><V83/><F33/><W129/><G42/><T46/><AGARI ba="0,1" hai="18,20,22,24,25,29,30,31,46,48,51,52,55,56" machi="46" ten="20,12000,1" yaku="1,1,0,1,7,1,8,1,54,1,53,0" doraHai="131" doraHaiUra="94" who="0" fromWho="0" sc="240,130,250,-40,250,-40,250,-40" /><INIT seed="0,1,0,4,0,4" ten="370,210,210,210" oya="0" hai0="102,108,74,79,15,91,44,62,26,113,125,33,90" hai1="64,25,132,119,18,12,28,77,14,104,42,95,129" hai2="109,73,89,46,110,68,123,122,2,34,35,66,128" hai3="54,78,82,103,38,135,88,63,71,24,45,7,134"/><T23/><D113/><U51/><E104/><V39/><F89/><W70/><G103/><T31/><D125/><U5/><E119/><V36/><F73/><W127/><G127/><T81/><D108/><N who="2" m="41578" /><F2/><W40/><G24/><T105/><D44/><U76/><E132/><N who="3" m="50730" /><G88/><T83/><D83/><U118/><E118/><V13/><F13/><W97/><G97/><T29/><D62/><U30/><E129/><V3/><F3/><W11/><G54/><T93/><D105/><U121/><E121/><N who="2" m="46091" /><F128/><W117/><G117/><T92/><D102/><U112/><E112/><V21/><F21/><W48/><G48/><T124/><D91/><U49/><E49/><V43/><F39/><W65/><G70/><T111/><D90/><U17/><E51/><V37/><F36/><W99/><G99/><T130/><D124/><U55/><E77/><V94/><F94/><W61/><G61/><AGARI ba="1,0" hai="34,35,37,43,46,61,66,68" m="46091,41578" machi="61" ten="30,2000,0" yaku="14,1,23,1" doraHai="4" who="2" fromWho="3" sc="370,0,210,0,210,23,210,-23" /><INIT seed="1,0,0,5,5,77" ten="370,210,233,187" oya="1" hai0="92,104,6,12,53,108,63,71,135,24,119,22,60" hai1="121,122,66,123,59,115,69,70,85,133,131,40,57" hai2="14,48,132,105,88,67,82,49,44,58,18,56,37" hai3="79,75,54,62,5,76,113,41,94,38,114,98,43"/><U86/><E115/><V112/><F132/><W68/><G5/><T107/><D119/><U20/><E40/><V73/><F105/><W78/><G75/><T7/><D135/><U31/><E133/><V65/><F112/><W116/><G116/><T126/><D108/><U130/><E31/><V106/><F106/><W95/><G95/><T13/><D92/><U101/><E20/><V39/><F39/><W9/><G9/><T50/><D22/><U28/><E28/><V90/><F37/><W55/><G41/><T96/><D96/><U19/><E66/><N who="2" m="25099" /><F73/><W134/><G134/><T111/><D24/><U25/><E25/><V124/><F124/><W93/><G68/><N who="1" m="26218" /><E19/><V29/><F29/><W128/><G38/><T8/><D126/><U127/><E101/><V21/><F49/><W72/><G72/><T45/><D111/><U2/><E2/><V42/><F90/><W15/><G113/><T61/><D71/><U99/><E99/><V103/><F103/><W3/><G98/><T34/><D34/><U30/><E30/><V89/><F89/><W35/><G35/><T74/><D74/><U0/><E0/><V102/><F102/><W32/><G32/><T109/><D109/><U17/><E17/><V52/><F42/><W118/><G118/><T11/><AGARI ba="0,0" hai="6,7,8,11,12,13,45,50,53,60,61,63,104,107" machi="11" ten="30,2000,0" yaku="0,1,9,1" doraHai="77" who="0" fromWho="0" sc="370,20,210,-10,233,-5,187,-5" /><INIT seed="2,0,0,2,3,54" ten="390,200,228,182" oya="2" hai0="92,15,3,52,2,131,40,70,110,122,46,13,93" hai1="72,105,115,107,82,22,83,78,38,33,27,36,86" hai2="108,116,134,95,35,28,48,90,67,43,71,85,17" hai3="66,26,8,76,111,119,91,62,117,0,29,133,56"/><V21/><F116/><W121/><G121/><T24/><D70/><U81/><E115/><V123/><F134/><W97/><G133/><T59/><D122/><U74/><E33/><V73/><F123/><W99/><G111/><T55/><D110/><U16/><E74/><V63/><F108/><W19/><G76/><T5/><D131/><U124/><E82/><V49/><F73/><W94/><G97/><T58/><D24/><U100/><E124/><V6/><F6/><W103/><G91/><T120/><D120/><U25/><E25/><V112/><F112/><W79/><G79/><T118/><D118/><U84/><E72/><V127/><F127/><W10/><G10/><T75/><D75/><U34/><E34/><V65/><F43/><W69/><G69/><T64/><D64/><U47/><E100/><V39/><F39/><W41/><G41/><T12/><D5/><U31/><E31/><V60/><F28/><W80/><G80/><T20/><D20/><U18/><E18/><V88/><F90/><W45/><G45/><T42/><D15/><U37/><REACH who="1" step="1"/><E47/><AGARI ba="0,0" hai="2,3,12,13,40,42,46,47,52,55,58,59,92,93" machi="47" ten="25,8000,1" yaku="22,2,52,2,54,1" doraHai="54" who="0" fromWho="1" sc="390,80,200,-80,228,0,182,0" /><INIT seed="3,0,0,1,2,45" ten="470,120,228,182" oya="3" hai0="4,7,94,0,61,52,33,50,32,86,12,59,20" hai1="114,110,37,81,105,135,119,63,1,113,40,102,26" hai2="48,130,22,132,3,76,31,62,27,49,71,25,66" hai3="64,97,107,134,23,51,80,111,21,42,84,38,67"/><W82/><G38/><T9/><D0/><U88/><E1/><V128/><F3/><W55/><G42/><T8/><D33/><U122/><E122/><V19/><F76/><W18/><G134/><T126/><D32/><U91/><E110/><V104/><F104/><W39/><G39/><T83/><D126/><U47/><E135/><V125/><F125/><W87/><G111/><T123/><D20/><U131/><E131/><N who="2" m="50219" /><F132/><W41/><G41/><T85/><D123/><U133/><E133/><V96/><F96/><W43/><G43/><T73/><D73/><U103/><E119/><V75/><F75/><W53/><G107/><T78/><D9/><U56/><E26/><V72/><F72/><W92/><G92/><T60/><D4/><U99/><E103/><V36/><F36/><W90/><G97/><T101/><D101/><U30/><E30/><V46/><F46/><W13/><G23/><AGARI ba="0,0" hai="19,22,23,25,27,31,48,49,62,66,71" m="50219" machi="23" ten="30,3900,0" yaku="19,1,52,2" doraHai="45" who="2" fromWho="3" sc="470,0,120,0,228,39,182,-39" owari="470,57.0,120,-38.0,267,6.7,143,-25.7" /></mjloggm>