<mjloggm ver="2.3"><GO type="225" lobby="0"/><UN n0="%E9%B3%B3%E6%9D%B1%E3%81%AE%E3%81%86%E3%81%95%E3%81%8E%E3%81%95%E3%82%93" n1="%70%68%65%6E%6F%6D%65" n2="%41%54%53%4D" n3="%E6%A1%9C%E8%8A%B1%E9%96%83%E3%80%85" dan="16,17,16,17" rate="2153.67,2169.80,2102.70,2188.76" sx="M,M,M,M"/><TAIKYOKU oya="0"/><INIT seed="0,0,0,0,5,85" ten="250,250,250,250" oya="0" hai0="41,132,66,71,34,61,77,90,18,25,135,116,20" hai1="110,129,125,29,124,3,118,5,55,54,9,51,46" hai2="123,112,86,23,106,114,17,73,99,87,105,65,74" hai3="94,14,11,83,32,68,89,76,101,130,8,38,78"/><T95/><D116/><U31/><E118/><V24/><F123/><W50/><G38/><T100/><D77/><U81/><E110/><V69/><F87/><N who="3" m="50431" /><G68/><T88/><D41/><U117/><E117/><V15/><F74/><W4/><G32/><T13/><D100/><U127/><E129/><V39/><F39/><W42/><G8/><T98/><REACH who="0" step="1"/><D90/><REACH who="0" ten="240,250,250,250" step="2"/><U82/><REACH who="1" step="1"/><E54/><REACH who="1" ten="240,240,250,250" step="2"/><V35/><F112/><W122/><G130/><T97/><D97/><U63/><E63/><V0/><F99/><N who="3" m="59639" /><G122/><T80/><D80/><AGARI ba="0,2" hai="3,5,9,29,31,46,51,55,80,81,82,124,125,127" machi="80" ten="40,2600,0" yaku="1,1,18,1,53,0" doraHai="85" doraHaiUra="37" who="1" fromWho="0" sc="240,-26,240,46,250,0,250,0" /><INIT seed="1,0,0,1,4,130" ten="214,286,250,250" oya="1" hai0="5,96,76,47,88,120,102,11,10,49,23,65,64" hai1="1,87,19,95,38,119,63,113,62,70,109,44,81" hai2="9,16,17,33,114,116,2,91,126,124,112,8,54" hai3="67,79,50,59,7,13,123,80,135,15,61,56,52"/><U97/><E113/><N who="2" m="43627" /><F116/><W106/><G123/><T127/><D127/><N who="2" m="48682" /><F33/><W41/><G106/><T93/><D120/><U45/><E119/><V78/><F78/><W115/><G115/><T24/><D76/><U22/><E1/><V133/><F91/><W77/><G135/><T90/><D90/><N who="1" m="51567" /><E70/><V75/><F75/><W71/><G71/><T57/><D102/><N who="1" m="60735" /><E38/><V51/><F133/><W129/><G129/><T58/><D65/><U92/><E92/><V40/><F40/><W31/><G31/><T20/><D64/><U32/><E32/><V34/><F34/><W18/><G41/><N who="0" m="24815" /><D20/><U117/><E117/><V37/><F37/><W108/><G80/><T3/><D3/><U36/><E36/><V72/><F72/><W73/><G73/><T60/><D23/><U12/><E109/><V42/><F42/><W43/><G108/><T66/><D88/><U46/><AGARI ba="0,0" hai="12,19,22,44,45,46,62,63" m="60735,51567" machi="46" ten="30,1500,0" yaku="8,1" doraHai="130" who="1" fromWho="1" sc="214,-5,286,15,250,-5,250,-5" /><INIT seed="1,1,0,3,1,119" ten="209,301,245,245" oya="1" hai0="100,111,62,76,17,113,11,93,97,131,18,107,110" hai1="134,80,47,121,81,74,6,78,61,96,133,89,36" hai2="44,88,98,103,60,28,4,104,57,65,101,38,45" hai3="123,90,55,126,102,114,35,120,94,15,115,46,23"/><U54/><E6/><V99/><F38/><W83/><G35/><T7/><D113/><U20/><E121/><N who="3" m="46666" /><G23/><T64/><D131/><U66/><E20/><V124/><F124/><W108/><G15/><T14/><D76/><U12/><E12/><V33/><F4/><W21/><G21/><T63/><D107/><U2/><E2/><V34/><F88/><W91/><G55/><T5/><D5/><U118/><E118/><V53/><F53/><W75/><G46/><T1/><D63/><U125/><E125/><V92/><F34/><W128/><G126/><T117/><D117/><U59/><E96/><V71/><REACH who="2" step="1"/><F57/><REACH who="2" ten="209,301,235,245" step="2"/><W32/><G32/><T10/><REACH who="0" step="1"/><D17/><REACH who="0" ten="199,301,235,245" step="2"/><U40/><REACH who="1" step="1"/><E66/><REACH who="1" ten="199,291,235,245" step="2"/><V106/><F106/><W24/><G115/><T77/><D77/><U29/><E29/><V9/><F9/><W3/><G114/><T50/><D50/><U95/><E95/><V13/><F13/><W16/><G94/><T130/><D130/><U135/><E135/><V56/><F56/><AGARI ba="1,3" hai="1,7,10,11,14,18,56,62,64,93,97,100,110,111" machi="56" ten="40,1300,0" yaku="1,1,53,0" doraHai="119" doraHaiUra="39" who="0" fromWho="2" sc="199,46,291,0,235,-16,245,0" /><INIT seed="2,0,0,3,4,0" ten="245,291,219,245" oya="2" hai0="21,60,31,64,96,129,36,116,45,114,3,105,81" hai1="70,108,80,82,118,61,19,133,121,74,67,87,111" hai2="11,112,41,90,5,69,135,44,38,28,125,103,123" hai3="78,27,93,54,23,107,113,72,117,75,122,25,18"/><V71/><F112/><W4/><G117/><T109/><D114/><U89/><E118/><V6/><F123/><W17/><G113/><T52/><D116/><U8/><E121/><V130/><F130/><W91/><G107/><T47/><D3/><U56/><E133/><V7/><F135/><W35/><G122/><T57/><D129/><U29/><E29/><V63/><F125/><W13/><G54/><T124/><D124/><U84/><E74/><V128/><F128/><W55/><G55/><T34/><D109/><U88/><E70/><V106/><F28/><W9/><G78/><T95/><D34/><U33/><E33/><V12/><F90/><W134/><G134/><T66/><D105/><U39/><E39/><V32/><F32/><W102/><G102/><N who="0" m="60703" /><D81/><U86/><E86/><V10/><F63/><W115/><G115/><T30/><D36/><U15/><AGARI ba="0,0" hai="8,15,19,56,61,67,80,82,84,87,88,89,108,111" machi="15" ten="30,4000,0" yaku="0,1,9,1,54,1" doraHai="0" who="1" fromWho="1" sc="245,-10,291,40,219,-20,245,-10" /><INIT seed="3,0,0,0,2,116" ten="235,331,199,235" oya="3" hai0="11,35,130,3,55,77,32,53,80,73,19,45,90" hai1="135,99,103,5,14,2,74,66,30,47,93,26,113" hai2="85,27,83,24,75,121,21,86,129,63,15,8,105" hai3="39,17,78,16,120,76,98,82,61,109,119,50,7"/><W64/><G119/><T48/><D130/><U18/><E113/><V101/><F129/><W107/><G39/><T104/><D104/><U79/><E135/><V88/><F75/><W33/><G33/><T67/><D67/><U131/><E131/><V100/><F121/><W31/><G31/><T133/><D133/><U112/><E112/><V60/><F105/><W122/><G7/><T6/><D19/><U34/><E66/><V106/><F106/><W114/><G114/><T95/><D53/><U13/><E47/><V41/><F41/><W12/><G17/><T43/><D55/><U25/><E26/><V128/><F128/><W127/><G50/><T59/><D59/><U52/><E74/><V0/><F0/><W70/><G127/><T123/><D123/><U57/><E79/><V62/><F86/><AGARI ba="0,0" hai="3,6,11,32,35,43,45,48,73,77,80,86,90,95" machi="86" ten="30,1000,0" yaku="7,1" doraHai="116" who="0" fromWho="2" sc="235,10,331,0,199,-10,235,0" owari="245,4.5,331,43.1,189,-31.1,235,-16.5" /></mjloggm>