<mjloggm ver="2.3"><GO type="225" lobby="0"/><UN n0="%E6%98%93%E5%88%A9%E8%96%A9%E4%BC%AF" n1="%E3%83%B4%E3%83%A0%EF%BC%99%E3%81%A6" n2="%E3%81%BF%E3%81%BF%E3%81%9A" n3="%E3%81%9F%E3%81%93%E2%98%86%E7%84%BC%E3%81%8D" dan="16,17,17,16" rate="2171.96,2150.10,2186.58,2109.73" sx="F,M,M,M"/><TAIKYOKU oya="0"/><INIT seed="0,0,0,0,5,39" ten="250,250,250,250" oya="0" hai0="58,14,53,135,20,108,106,131,94,101,29,130,50" hai1="134,91,59,96,128,103,123,133,114,104,67,32,48" hai2="43,105,126,117,69,107,22,44,49,121,25,74,129" hai3="1,112,7,56,55,78,30,83,68,113,11,102,9"/><T31/><D106/><U8/><E32/><V42/><F121/><W77/><G68/><T5/><D135/><N who="1" m="51723" /><E123/><V61/><F74/><W10/><G102/><T16/><D108/><U47/><E128/><N who="0" m="49193" /><D5/><U132/><E114/><V82/><F129/><W98/><G98/><AGARI ba="0,0" hai="14,16,20,29,31,50,53,58,94,98,101" m="49193" machi="98" ten="30,2900,0" yaku="19,1,54,1" doraHai="39" who="0" fromWho="3" sc="250,29,250,0,250,0,250,-29" /><INIT seed="0,1,0,3,0,8" ten="279,250,250,221" oya="0" hai0="4,11,35,96,133,71,123,10,113,108,89,39,31" hai1="86,5,18,81,63,119,22,6,73,127,128,17,58" hai2="36,21,99,40,30,107,44,42,91,88,134,68,23" hai3="105,53,56,66,85,55,129,62,83,131,120,29,1"/><T25/><D113/><U72/><E119/><V115/><F115/><W110/><G105/><T97/><D123/><U112/><E112/><V24/><F68/><W3/><G120/><T14/><D39/><U49/><E127/><V94/><F134/><W132/><G29/><T114/><D114/><U70/><E70/><V57/><F107/><W41/><G132/><T95/><D133/><U65/><E128/><N who="3" m="49226" /><G110/><T87/><D71/><U26/><E72/><V67/><F40/><W109/><G41/><T69/><D69/><U98/><E73/><V130/><F130/><W106/><G106/><T121/><D121/><U126/><E126/><V60/><REACH who="2" step="1"/><F21/><REACH who="2" ten="279,250,240,221" step="2"/><W52/><G109/><T38/><D108/><U122/><E122/><V101/><AGARI ba="1,1" hai="23,24,30,36,42,44,57,60,67,88,91,94,99,101" machi="101" ten="20,12000,2" yaku="1,1,2,1,0,1,7,1,25,2,54,1,53,0" doraHai="8" doraHaiUra="34" who="2" fromWho="2" sc="279,-61,250,-31,240,133,221,-31" /><INIT seed="1,0,0,0,3,48" ten="218,219,373,190" oya="1" hai0="97,47,91,107,119,32,75,98,43,85,86,13,0" hai1="9,51,40,118,12,73,90,72,62,8,6,83,131" hai2="34,80,24,127,87,103,11,68,111,126,132,88,31" hai3="17,27,15,70,76,29,99,28,61,128,66,65,100"/><U67/><E118/><V16/><F111/><W1/><G128/><T36/><D0/><U92/><E131/><V2/><F132/><W78/><G1/><T22/><D32/><U114/><E114/><V135/><F135/><W54/><G65/><T117/><D75/><U122/><E122/><V39/><F68/><W79/><G29/><T82/><D22/><U46/><E9/><V115/><F115/><W50/><G15/><T96/><D107/><U38/><E83/><V120/><F120/><W14/><G14/><T95/><REACH who="0" step="1"/><D13/><REACH who="0" ten="208,219,373,190" step="2"/><U105/><E105/><V101/><F2/><W77/><G17/><T49/><D49/><U84/><REACH who="1" step="1"/><E51/><REACH who="1" ten="208,209,373,190" step="2"/><V44/><F11/><W35/><N who="3" m="19456" /><DORA hai="42" /><W3/><G3/><T25/><D25/><U121/><E121/><V106/><F24/><W113/><G113/><T116/><D116/><U57/><AGARI ba="0,2" hai="6,8,12,38,40,46,57,62,67,72,73,84,90,92" machi="57" ten="20,7800,0" yaku="1,1,0,1,7,1,52,1,53,0" doraHai="48,42" doraHaiUra="45,112" who="1" fromWho="1" sc="208,-26,209,98,373,-26,190,-26" /><INIT seed="1,1,0,0,1,59" ten="182,307,347,164" oya="1" hai0="111,57,58,29,115,47,70,13,105,131,26,126,11" hai1="97,132,92,75,36,125,56,10,3,109,78,74,28" hai2="86,60,104,20,30,40,7,102,2,23,100,76,116" hai3="41,1,50,34,85,83,87,38,55,91,19,51,17"/><U72/><E125/><V12/><F116/><W122/><G1/><T124/><D105/><U80/><E132/><V65/><F2/><W112/><G34/><T98/><D115/><U81/><E28/><V94/><F104/><W96/><G38/><T39/><D70/><U25/><E25/><N who="2" m="16679" /><F40/><W79/><G96/><T117/><D117/><U101/><E36/><V42/><F42/><W52/><G41/><N who="0" m="22975" /><D98/><U128/><E128/><V32/><F32/><W45/><G122/><T88/><D88/><U6/><E109/><V9/><F23/><W24/><G24/><T95/><D95/><U31/><E31/><V18/><F7/><W15/><G15/><T37/><D37/><U134/><E134/><V120/><F120/><W118/><G112/><T130/><D111/><U16/><E80/><N who="2" m="47367" /><F94/><N who="3" m="54639" /><G118/><T106/><D106/><U44/><E44/><AGARI ba="1,0" hai="17,19,44,45,50,51,52,55,79,83,87" m="54639" machi="44" ten="30,2000,0" yaku="8,1,54,1" doraHai="59" who="3" fromWho="1" sc="182,0,307,-23,347,0,164,23" /><INIT seed="2,0,0,0,1,129" ten="182,284,347,187" oya="2" hai0="48,52,87,121,55,107,131,133,67,109,28,45,18" hai1="112,86,82,43,72,16,120,5,122,125,113,10,12" hai2="30,54,62,127,35,27,105,98,83,21,64,7,91" hai3="79,76,66,69,89,78,68,77,63,36,51,123,116"/><V40/><F127/><W115/><G116/><T26/><D121/><N who="1" m="46699" /><E72/><V15/><F40/><W103/><G36/><T60/><D131/><U90/><E125/><V41/><F41/><W110/><G110/><T70/><D109/><U134/><E43/><V65/><F105/><W93/><G115/><N who="1" m="44106" /><E5/><V19/><F7/><W114/><N who="3" m="19456" /><DORA hai="50" /><W75/><G123/><T47/><D133/><AGARI ba="0,0" hai="10,12,16,82,86,90,133,134" m="44106,46699" machi="133" ten="40,8000,1" yaku="13,1,52,2,54,1" doraHai="129,50" who="1" fromWho="0" sc="182,-80,284,80,347,0,187,0" /><INIT seed="3,0,0,0,5,3" ten="102,364,347,187" oya="3" hai0="64,96,87,127,123,35,31,76,121,128,53,112,60" hai1="21,85,116,79,51,82,84,115,24,95,67,86,110" hai2="88,45,23,38,122,58,6,34,126,55,74,98,75" hai3="91,2,39,57,125,135,33,101,19,118,17,133,105"/><W18/><G33/><T56/><D127/><U62/><E115/><V109/><F34/><W65/><G39/><T59/><D128/><U97/><E110/><V73/><F109/><W129/><G118/><T134/><D134/><N who="3" m="51209" /><G2/><T0/><D112/><U111/><E116/><V20/><F6/><W44/><G44/><T26/><D0/><U77/><E111/><V80/><F126/><W107/><G129/><T69/><D76/><U104/><E104/><V48/><F122/><W40/><G40/><T11/><D87/><N who="1" m="48591" /><E51/><V92/><REACH who="2" step="1"/><F80/><REACH who="2" ten="102,364,337,187" step="2"/><W46/><G125/><T54/><D11/><U28/><E79/><V41/><AGARI ba="0,1" hai="20,23,38,41,45,48,55,58,73,74,75,88,92,98" machi="41" ten="40,8000,1" yaku="1,1,2,1,0,1,54,1,53,0" doraHai="3" doraHaiUra="13" who="2" fromWho="2" sc="102,-20,364,-20,337,90,187,-40" owari="82,-41.8,344,14.4,427,52.7,147,-25.3" /></mjloggm>