<mjloggm ver="2.3"><GO type="225" lobby="0"/><UN n0="%77%72%77%72%77%72%77%72" n1="%E6%B0%B7%E5%B7%9D%E9%87%8C%E5%A5%88" n2="%33%74%72%65%65" n3="%63%68%78%62%64" dan="16,16,16,16" rate="2071.19,2165.85,2146.07,2156.82" sx="M,F,F,M"/><TAIKYOKU oya="0"/><INIT seed="0,0,0,4,1,46" ten="250,250,250,250" oya="0" hai0="126,36,96,12,29,118,66,128,103,31,78,30,47" hai1="131,71,23,45,120,21,52,60,62,58,37,13,93" hai2="40,100,122,99,68,2,48,54,69,24,88,18,38" hai3="121,70,87,26,135,104,65,106,34,41,73,67,80"/><T127/><D118/><U123/><E131/><V19/><F122/><W53/><G73/><T85/><D128/><U91/><E123/><V25/><F2/><W124/><G135/><T11/><D66/><U10/><E120/><V77/><F77/><W101/><G124/><N who="0" m="47659" /><D78/><U115/><E115/><V56/><F68/><W1/><G41/><N who="0" m="22951" /><D85/><U51/><E37/><V4/><F69/><W134/><G1/><T133/><D133/><U63/><E71/><V98/><F4/><W116/><G70/><T129/><D129/><U82/><E58/><V117/><F117/><W94/><G67/><T64/><D64/><U107/><E107/><V50/><F38/><W84/><G65/><T132/><D132/><U72/><E72/><V105/><F40/><W5/><G106/><N who="0" m="63847" /><D31/><U81/><E81/><V17/><REACH who="2" step="1"/><F50/><REACH who="2" ten="250,250,240,250" step="2"/><W61/><G121/><T6/><AGARI ba="0,1" hai="6,11,12,29,30" m="63847,22951,47659" machi="6" ten="30,1500,0" yaku="18,1" doraHai="46" who="0" fromWho="0" sc="250,25,250,-5,240,-5,250,-5" /><INIT seed="0,1,0,2,4,29" ten="275,245,235,245" oya="0" hai0="32,77,37,27,40,131,88,70,130,108,103,36,53" hai1="51,57,59,127,11,14,20,13,132,45,134,26,60" hai2="107,82,73,61,47,48,38,30,100,67,123,92,62" hai3="126,23,97,76,72,94,5,78,24,114,39,86,1"/><T46/><D103/><U105/><E105/><V99/><F123/><W87/><G126/><T58/><D70/><U31/><E127/><V9/><F38/><W64/><G114/><T96/><D77/><U83/><E83/><V124/><F124/><W112/><G112/><T85/><D96/><U79/><E79/><V15/><F73/><W81/><G39/><T4/><D4/><U129/><E129/><N who="0" m="49161" /><D108/><U16/><E14/><V28/><F82/><W35/><G35/><T122/><D122/><U49/><E49/><V80/><F80/><W98/><G64/><T8/><D8/><U104/><E104/><V3/><F107/><W91/><G97/><T117/><D117/><U66/><REACH who="1" step="1"/><E59/><REACH who="1" ten="275,235,235,245" step="2"/><V10/><F15/><W7/><G78/><T128/><D128/><U65/><E65/><V135/><F67/><W125/><G125/><T50/><D37/><U116/><E116/><V121/><F121/><W69/><G69/><T54/><D58/><U119/><E119/><V74/><F48/><W71/><G71/><T55/><D36/><U18/><E18/><V133/><F3/><W44/><G1/><T43/><D50/><U111/><E111/><V89/><F47/><W102/><G44/><T17/><D46/><U41/><AGARI ba="1,1" hai="11,13,16,20,26,31,41,45,51,57,60,66,132,134" machi="41" ten="30,7900,0" yaku="1,1,0,1,54,1,53,1" doraHai="29" doraHaiUra="22" who="1" fromWho="1" sc="275,-40,235,92,235,-21,245,-21" /><INIT seed="1,0,0,3,3,68" ten="235,327,214,224" oya="1" hai0="93,80,94,104,47,43,119,77,126,69,116,58,48" hai1="117,4,28,130,10,9,22,108,100,24,2,62,122" hai2="95,6,74,128,5,76,97,20,133,134,36,55,121" hai3="42,89,49,45,57,75,23,129,70,86,81,15,31"/><U34/><E100/><V113/><F121/><W25/><G70/><T125/><D104/><U78/><E78/><V21/><F76/><W67/><G129/><T54/><D69/><U13/><E62/><V60/><F74/><W99/><G75/><T115/><D115/><U110/><E122/><V26/><F128/><W131/><G131/><T127/><D93/><U71/><E71/><V50/><F36/><W7/><G99/><T46/><D94/><U98/><E98/><V59/><F50/><W16/><G7/><T91/><D91/><U40/><E40/><V35/><F35/><W112/><G112/><T14/><D14/><U109/><E130/><V88/><F20/><W33/><G57/><T107/><D107/><U73/><E73/><V135/><REACH who="2" step="1"/><F113/><REACH who="2" ten="235,327,204,224" step="2"/><W111/><G111/><T11/><D11/><U72/><E72/><V132/><N who="2" m="33792" /><DORA hai="90" /><V85/><F85/><W118/><G118/><N who="0" m="45099" /><D43/><U61/><E117/><V84/><F84/><AGARI ba="0,1" hai="46,47,48,54,58,77,80,84,125,126,127" m="45099" machi="84" ten="40,1300,0" yaku="18,1" doraHai="68,90" who="0" fromWho="2" sc="235,23,327,0,204,-13,224,0" /><INIT seed="2,0,0,5,5,33" ten="258,327,191,224" oya="2" hai0="32,89,7,50,69,21,132,88,91,8,2,1,102" hai1="114,107,36,119,123,38,19,27,112,81,106,0,51" hai2="58,48,14,55,52,29,72,49,17,68,96,92,83" hai3="13,28,25,60,10,44,93,85,41,120,5,63,124"/><V118/><F118/><W45/><G120/><T100/><D32/><U76/><E119/><V31/><F68/><W135/><G135/><T134/><D69/><U42/><E51/><V73/><F73/><W70/><G124/><T97/><D21/><U130/><E19/><V61/><F83/><W37/><G70/><T47/><D2/><U80/><E130/><V53/><F72/><W6/><G6/><T74/><D74/><N who="1" m="43031" /><E81/><V22/><F48/><W57/><G45/><T46/><D46/><N who="1" m="23879" /><E123/><V24/><F49/><W56/><G60/><T77/><D77/><U86/><E86/><V43/><F43/><W109/><G109/><T133/><REACH who="0" step="1"/><D97/><REACH who="0" ten="248,327,191,224" step="2"/><U126/><E126/><V26/><F26/><W30/><G30/><N who="2" m="11273" /><F14/><W121/><G121/><T34/><D34/><U11/><E27/><V16/><F17/><W3/><G25/><T78/><D78/><U131/><E131/><V90/><AGARI ba="0,1" hai="16,22,24,52,53,55,58,61,90,92,96" m="11273" machi="90" ten="30,11700,0" yaku="25,1,8,1,54,2" doraHai="33" who="2" fromWho="2" sc="248,-39,327,-39,191,127,224,-39" /><INIT seed="2,1,0,0,2,92" ten="209,288,318,185" oya="2" hai0="46,3,64,118,58,87,91,0,61,103,80,69,13" hai1="49,112,100,126,11,4,114,98,57,63,16,81,8" hai2="10,67,110,48,97,50,104,135,101,125,30,15,2" hai3="88,82,131,129,76,132,9,73,56,120,117,62,44"/><V119/><F119/><W79/><G120/><T35/><D118/><U41/><E126/><V72/><F125/><W115/><G117/><T121/><D121/><U109/><E109/><V17/><F110/><W5/><G115/><T116/><D35/><U1/><E81/><V85/><F72/><W68/><G68/><T7/><D116/><U107/><E41/><V24/><F135/><W96/><G132/><T95/><D69/><U18/><E49/><V42/><F67/><W86/><G44/><T37/><D7/><U90/><E90/><V123/><F123/><W134/><G134/><T89/><D103/><U124/><E124/><V19/><F19/><W105/><G73/><T93/><D13/><U111/><E111/><V26/><F2/><W83/><G83/><T108/><D80/><U99/><E99/><V128/><F128/><N who="3" m="49227" /><G9/><T66/><D66/><U78/><E78/><N who="3" m="29738" /><G5/><T71/><D71/><U33/><E33/><V75/><F75/><W127/><G127/><T94/><D108/><U38/><E38/><V106/><F10/><W102/><G56/><T29/><D29/><U54/><E18/><V55/><F17/><W84/><G84/><T31/><D31/><U43/><E43/><V23/><F85/><W20/><G20/><T28/><D28/><U21/><E11/><V74/><F74/><W65/><G65/><T133/><D133/><U77/><E77/><V14/><F30/><W52/><G62/><T40/><D87/><U6/><E4/><V59/><F23/><W22/><G22/><T113/><D113/><U47/><E47/><N who="2" m="25719" /><F104/><N who="3" m="63559" /><G52/><T27/><D27/><AGARI ba="1,0" hai="1,6,8,16,21,27,54,57,63,98,100,107,112,114" machi="27" ten="30,7700,0" yaku="6,1,7,1,52,1,54,1" doraHai="92" who="1" fromWho="0" sc="209,-80,288,80,318,0,185,0" /><AGARI ba="1,0" hai="14,15,24,26,27,50,55,59,97,101,106" m="25719" machi="27" ten="30,2900,0" yaku="6,1,52,1" doraHai="92" who="2" fromWho="0" sc="129,-29,368,0,318,29,185,0" /><INIT seed="2,2,0,5,2,79" ten="100,368,347,185" oya="2" hai0="76,129,86,24,94,30,17,116,97,9,78,15,113" hai1="33,0,133,12,61,31,8,88,62,44,81,126,115" hai2="55,75,60,1,69,4,66,73,40,104,65,108,46" hai3="112,37,95,96,130,114,110,35,3,10,123,101,2"/><V124/><F124/><W7/><G123/><T54/><D113/><N who="3" m="43625" /><G37/><T52/><D129/><U26/><E115/><V105/><F65/><W13/><G130/><T57/><D116/><U58/><E0/><N who="3" m="42" /><G110/><T135/><D135/><U28/><E126/><V64/><F64/><W50/><G50/><T20/><D86/><N who="1" m="50255" /><E33/><AGARI ba="2,0" hai="7,10,13,33,35,95,96,101" m="42,43625" machi="33" ten="30,1000,0" yaku="11,1" doraHai="79" who="3" fromWho="1" sc="100,0,368,-16,347,0,185,16" /><INIT seed="3,0,0,2,0,43" ten="100,352,347,201" oya="3" hai0="28,36,67,109,113,48,30,66,114,59,61,19,18" hai1="39,44,55,1,68,123,26,85,47,86,83,93,11" hai2="120,15,97,45,35,128,76,63,60,46,104,89,7" hai3="121,38,125,82,20,122,56,73,62,3,105,111,4"/><W72/><G125/><T119/><D36/><U134/><E123/><V52/><F35/><W69/><G20/><T0/><D0/><U12/><E68/><V116/><F116/><W115/><G115/><T65/><D119/><U95/><E1/><V40/><F120/><W42/><G111/><T78/><D109/><U94/><E134/><V91/><F128/><W131/><G131/><T103/><D78/><N who="1" m="46327" /><E39/><V29/><F29/><W112/><G112/><T102/><D113/><U129/><E129/><V80/><F40/><W133/><G133/><T27/><D114/><U135/><E26/><V22/><F104/><W9/><G105/><T5/><D5/><N who="1" m="3183" /><E135/><V90/><F97/><W96/><G96/><T54/><D61/><N who="2" m="23626" /><F52/><N who="3" m="34055" /><G69/><T75/><D75/><U2/><E2/><V32/><F32/><W107/><G72/><T81/><D81/><U70/><E70/><V21/><F80/><W58/><G58/><T117/><D117/><U37/><E37/><V100/><F76/><N who="3" m="44303" /><G107/><T23/><REACH who="0" step="1"/><D30/><REACH who="0" ten="90,352,347,201" step="2"/><U34/><E34/><V101/><F7/><W74/><G74/><T10/><D10/><U98/><E98/><V79/><F79/><W24/><G122/><T118/><D118/><U33/><E33/><V13/><F21/><W99/><G121/><T17/><AGARI ba="0,1" hai="17,18,19,23,27,28,48,54,59,65,66,67,102,103" machi="17" ten="30,7900,0" yaku="1,1,0,1,8,1,53,1" doraHai="43" doraHaiUra="50" who="0" fromWho="0" sc="90,89,352,-20,347,-20,201,-39" owari="179,-22.1,332,43.2,327,12.7,162,-33.8" /></mjloggm>