<mjloggm ver="2.3"><GO type="225" lobby="0"/><UN n0="%E3%81%95%E3%81%8D%E3%81%9F%E3%81%BE%E6%9E%97%E6%AA%8E" n1="%E3%81%86%E3%81%A9%E3%82%93%E3%81%93" n2="%33%74%72%65%65" n3="%38%38%32%33%34%36%37" dan="16,17,17,16" rate="2133.02,2145.58,2234.17,2103.62" sx="M,M,F,M"/><TAIKYOKU oya="0"/><INIT seed="0,0,0,3,5,135" ten="250,250,250,250" oya="0" hai0="119,83,116,49,66,78,25,68,134,88,133,69,3" hai1="62,48,29,130,30,101,38,23,2,1,32,77,37" hai2="71,107,105,131,36,115,112,84,52,126,12,6,70" hai3="110,11,43,114,81,34,73,75,92,106,108,10,96"/><T122/><D3/><U55/><E32/><V54/><F36/><W125/><G114/><N who="2" m="43561" /><F84/><W123/><G34/><T39/><D39/><U22/><E62/><V41/><F12/><W98/><G106/><N who="2" m="40457" /><F6/><W50/><G123/><T27/><D122/><U19/><E101/><V124/><F41/><W47/><G98/><T45/><D78/><U94/><E77/><V56/><F131/><W14/><G10/><T118/><D66/><U117/><E38/><V103/><F103/><W82/><G73/><T89/><D83/><U120/><E37/><V90/><F90/><N who="0" m="34922" /><D49/><U51/><E51/><V40/><F40/><W18/><G75/><T93/><D93/><U65/><E94/><V60/><F54/><W35/><G35/><T7/><D7/><U129/><E55/><V46/><F46/><W104/><G104/><T79/><D79/><U26/><E48/><V72/><F72/><W57/><G82/><T58/><D45/><U44/><E44/><V61/><F61/><W67/><G81/><T76/><D76/><U113/><E120/><V86/><F86/><W0/><G0/><T132/><D58/><U42/><E1/><V9/><F9/><W21/><G57/><T87/><D87/><U28/><E2/><V17/><F17/><W91/><G11/><T109/><D109/><N who="3" m="42089" /><G67/><T16/><D16/><U8/><E19/><V97/><F97/><W64/><G64/><T95/><D95/><U20/><E113/><V15/><F15/><W85/><G96/><T53/><D53/><U127/><E129/><V128/><F128/><W111/><G111/><T24/><AGARI ba="0,0" hai="24,25,27,68,69,116,118,119,132,133,134" m="34922" machi="24" ten="50,18000,2" yaku="5,1,29,2,28,2,20,1,54,1" doraHai="135" who="0" fromWho="0" sc="250,180,250,-60,250,-60,250,-60" /><INIT seed="0,1,0,2,3,99" ten="430,190,190,190" oya="0" hai0="1,24,95,128,37,127,120,13,60,8,82,55,12" hai1="16,33,105,117,79,84,135,58,88,131,129,10,41" hai2="18,101,31,119,17,122,110,7,50,93,40,9,67" hai3="63,53,132,30,23,64,59,114,106,126,111,62,112"/><T125/><D120/><U48/><E117/><V45/><F122/><W3/><G3/><T133/><D37/><U34/><E79/><V5/><F119/><W113/><G106/><T21/><D1/><U11/><E105/><V108/><F31/><W2/><G2/><T104/><D104/><U42/><E135/><V28/><F28/><W107/><G107/><T91/><D82/><U76/><E76/><V134/><F67/><W52/><G132/><T14/><D8/><U87/><E58/><V4/><F134/><W75/><G75/><T109/><D109/><N who="2" m="42090" /><F9/><W61/><G111/><T86/><D133/><U43/><E48/><V70/><F70/><W49/><G126/><T26/><D128/><N who="1" m="49227" /><E84/><V71/><F71/><W94/><G53/><T22/><D127/><U80/><E10/><V25/><F25/><N who="0" m="9834" /><D125/><U44/><E44/><V38/><F38/><W102/><G30/><T72/><D72/><U92/><E80/><V15/><F15/><AGARI ba="1,0" hai="11,15,16,33,34,41,42,43,87,88,92" m="49227" machi="15" ten="30,3900,0" yaku="19,1,54,2" doraHai="99" who="1" fromWho="2" sc="430,0,190,42,190,-42,190,0" /><INIT seed="1,0,0,4,5,116" ten="430,232,148,190" oya="1" hai0="45,103,106,125,98,60,30,44,14,3,49,19,112" hai1="29,123,11,36,96,92,110,135,107,20,99,81,38" hai2="118,51,105,4,117,57,134,55,52,129,67,133,26" hai3="17,83,94,119,62,46,132,79,1,70,22,31,33"/><U121/><E135/><N who="2" m="51723" /><F105/><W10/><G132/><T126/><D112/><U16/><E110/><V82/><F4/><W76/><G119/><N who="2" m="45577" /><F82/><W90/><G33/><T88/><D30/><U23/><E11/><V21/><F21/><W12/><G31/><T127/><D3/><U42/><E81/><V97/><F97/><W114/><G114/><T32/><D32/><U124/><E124/><V87/><F87/><W128/><G128/><T37/><D37/><U115/><E115/><V40/><F26/><W24/><G1/><T113/><D113/><U8/><E8/><V66/><F129/><W13/><G46/><T101/><D101/><U130/><E130/><V35/><F35/><W28/><G13/><T108/><D108/><U84/><E84/><V58/><F40/><W41/><G41/><T56/><D88/><U120/><E107/><V95/><F95/><W111/><G83/><T18/><D18/><U34/><E34/><V80/><F80/><W15/><G15/><T61/><D19/><U122/><E122/><V74/><F74/><W73/><G73/><T25/><D25/><U7/><E7/><V131/><F131/><W71/><G79/><T89/><D89/><N who="1" m="55311" /><E99/><V6/><F6/><W75/><G76/><T100/><D100/><U102/><E102/><V5/><F5/><W59/><G75/><T0/><D0/><U39/><E29/><V77/><F77/><W48/><G111/><T50/><D14/><N who="1" m="9239" /><E23/><V54/><F51/><W86/><G48/><T53/><D50/><U43/><E123/><V63/><F67/><AGARI ba="0,0" hai="10,12,17,22,24,28,59,62,67,70,71,86,90,94" machi="67" ten="30,1000,0" yaku="7,1" doraHai="116" who="3" fromWho="2" sc="430,0,232,0,148,-10,190,10" /><INIT seed="2,0,0,0,4,117" ten="430,232,138,200" oya="2" hai0="32,70,71,106,6,56,133,125,76,99,19,102,61" hai1="22,124,2,103,63,75,100,58,64,111,92,121,13" hai2="123,131,135,97,45,0,81,134,38,89,1,115,34" hai3="55,4,80,78,65,98,50,130,8,21,74,104,52"/><V10/><F115/><W109/><G109/><T36/><D125/><U116/><E2/><V114/><F114/><W87/><G130/><T66/><D133/><N who="2" m="50698" /><F131/><W72/><G65/><T60/><D36/><U26/><E116/><V37/><F34/><W40/><G40/><T67/><D76/><U33/><E124/><V35/><F35/><W110/><G110/><T90/><D6/><U128/><E33/><V44/><F81/><W73/><G21/><T112/><D112/><U14/><E128/><V69/><F69/><W59/><G55/><T28/><D19/><U118/><E111/><V113/><F113/><W43/><G43/><T42/><D42/><U30/><E118/><V84/><F97/><W105/><REACH who="3" step="1"/><G98/><REACH who="3" ten="430,232,138,190" step="2"/><T57/><D99/><U29/><E22/><V83/><F123/><W95/><G95/><T9/><D67/><U79/><E92/><V48/><F10/><W82/><G82/><T25/><D66/><U68/><E64/><V3/><F48/><W54/><G54/><T93/><D106/><U108/><E108/><V51/><F51/><W16/><G16/><T39/><D93/><U85/><E29/><V15/><F15/><AGARI ba="0,1" hai="4,8,15,50,52,59,72,73,74,78,80,87,104,105" machi="15" ten="40,5200,0" yaku="1,1,54,1,53,1" doraHai="117" doraHaiUra="53" who="3" fromWho="2" sc="430,0,232,0,138,-52,190,62" /><INIT seed="3,0,0,3,0,114" ten="430,232,86,252" oya="3" hai0="67,31,12,32,106,27,47,127,75,43,38,58,61" hai1="9,135,69,131,90,120,45,46,40,25,72,85,26" hai2="111,16,98,107,36,68,74,119,109,1,95,59,82" hai3="100,54,76,126,21,117,123,24,17,133,10,29,60"/><W23/><G117/><T33/><D127/><U34/><E120/><V49/><F68/><W53/><G123/><T22/><D106/><U41/><E69/><V115/><F36/><W94/><G126/><T52/><D75/><U128/><E72/><V14/><F1/><W112/><G112/><T134/><D134/><U130/><E135/><V110/><F115/><W64/><G133/><T103/><D103/><U8/><E85/><V3/><F3/><W51/><G76/><T11/><D67/><U108/><E90/><V86/><F74/><W96/><G10/><N who="1" m="4202" /><E34/><V91/><F107/><W50/><G50/><T63/><D63/><U56/><E56/><V71/><F71/><W35/><G51/><T48/><D48/><U39/><E108/><V15/><F49/><W70/><REACH who="3" step="1"/><G35/><REACH who="3" ten="430,232,86,242" step="2"/><T44/><D44/><N who="1" m="17003" /><E39/><V62/><F62/><W121/><G121/><T28/><D28/><U30/><E30/><V2/><F2/><W20/><G20/><T81/><D81/><U124/><E124/><V73/><F73/><W97/><G97/><T79/><D79/><U104/><E104/><V42/><F42/><AGARI ba="0,1" hai="25,26,40,41,42,128,130,131" m="17003,4202" machi="42" ten="40,5200,0" yaku="28,2,19,1" doraHai="114" who="1" fromWho="2" sc="430,0,232,62,86,-52,242,0" owari="430,53.0,294,9.4,34,-46.6,242,-15.8" /></mjloggm>