<mjloggm ver="2.3"><GO type="225" lobby="0"/><UN n0="%E7%89%B9%E6%9D%B1%E3%81%AF%E4%B8%96%E7%95%8C%E3%82%92%E6%95%91%E3%81%86" n1="%33%74%72%65%65" n2="%E6%B4%BE%E9%81%A3%E3%81%AE%E3%82%B8%E3%83%A3%E3%83%83%E3%82%AF" n3="%E3%81%99%E3%81%84%E3%81%BE%E3%81%9B%E3%83%BC%E3%82%93" dan="16,16,17,18" rate="2175.96,2110.41,2219.54,2250.74" sx="M,F,M,M"/><TAIKYOKU oya="0"/><INIT seed="0,0,0,0,2,53" ten="250,250,250,250" oya="0" hai0="73,74,78,91,127,99,46,15,61,70,82,81,2" hai1="124,97,112,65,10,67,105,71,117,43,25,14,60" hai2="130,123,1,18,121,132,31,32,48,120,107,84,83" hai3="75,114,63,79,22,58,4,109,95,39,126,86,13"/><T115/><D2/><U119/><E124/><V66/><F107/><W16/><G114/><T133/><D115/><U12/><E112/><V85/><F1/><W89/><G109/><T40/><D127/><U27/><E43/><V56/><F132/><W47/><G126/><T104/><D133/><U122/><E122/><V8/><F130/><W62/><G4/><T106/><D15/><U102/><E14/><V33/><F31/><W54/><G63/><T68/><D91/><U41/><E41/><V80/><F18/><W0/><G0/><T118/><D118/><U87/><E67/><V134/><F134/><W24/><G39/><T125/><D125/><U7/><REACH who="1" step="1"/><E87/><REACH who="1" ten="250,240,250,250" step="2"/><V69/><F66/><W94/><G13/><T35/><D40/><U59/><E59/><V9/><F69/><W101/><G58/><T129/><D68/><U76/><E76/><V108/><F108/><W110/><G79/><T90/><D78/><U5/><E5/><V19/><F56/><N who="3" m="35095" /><G110/><T6/><D6/><U100/><E100/><V49/><F120/><W17/><G75/><T88/><D70/><U21/><E21/><V116/><F116/><AGARI ba="0,1" hai="7,10,12,25,27,60,65,71,97,102,105,116,117,119" machi="116" ten="40,2600,0" yaku="1,1,53,1" doraHai="53" doraHaiUra="93" who="1" fromWho="2" sc="250,0,240,36,250,-26,250,0" /><INIT seed="1,0,0,0,1,135" ten="250,276,224,250" oya="1" hai0="46,64,57,0,92,77,59,70,61,125,82,68,72" hai1="112,100,93,75,99,113,62,116,32,5,115,117,120" hai2="109,35,10,71,14,84,69,6,3,15,33,39,110" hai3="13,26,98,44,21,2,18,53,65,114,55,80,132"/><U11/><E120/><V51/><F39/><W49/><G114/><T19/><D125/><U128/><E128/><V9/><F51/><W88/><G2/><T43/><D0/><U28/><E75/><V8/><F84/><N who="3" m="50183" /><G132/><T103/><D19/><U118/><E62/><V102/><F102/><W74/><G74/><T130/><D130/><U37/><E37/><V25/><F69/><W127/><G127/><T54/><D103/><U106/><E93/><V41/><F41/><N who="3" m="24719" /><G65/><T45/><D92/><U66/><E66/><V91/><F91/><W79/><G79/><T4/><D4/><U134/><E134/><V95/><F95/><W87/><G87/><T86/><D72/><U124/><E124/><V81/><F81/><W27/><G98/><T47/><REACH who="0" step="1"/><D43/><REACH who="0" ten="240,276,224,250" step="2"/><U131/><E131/><V1/><F71/><W60/><G55/><T56/><D56/><AGARI ba="0,1" hai="13,18,21,26,27,53,56,60" m="24719,50183" machi="56" ten="30,2000,0" yaku="8,1,54,1" doraHai="135" who="3" fromWho="0" sc="240,-20,276,0,224,0,250,30" /><INIT seed="2,0,0,5,4,123" ten="220,276,224,280" oya="2" hai0="88,122,90,9,104,19,76,49,70,71,102,21,110" hai1="23,81,79,34,60,94,83,114,47,95,68,121,56" hai2="54,96,112,115,73,33,62,12,69,87,103,63,25" hai3="99,18,5,101,3,113,4,16,15,26,66,119,57"/><V58/><F73/><W129/><G119/><T75/><D122/><U64/><E34/><V89/><F12/><W109/><G129/><T31/><D31/><U10/><E121/><V51/><F63/><W41/><G41/><T35/><D35/><U106/><E106/><V50/><F50/><W120/><G3/><T124/><D9/><U98/><E94/><V55/><F55/><W125/><G125/><T32/><D32/><U128/><E114/><V40/><F40/><W8/><G113/><T132/><D49/><U61/><E47/><V20/><F33/><W45/><G45/><T43/><D43/><U59/><E128/><V127/><F127/><W86/><G86/><T28/><D28/><U44/><E44/><V38/><F38/><W84/><G84/><T130/><D130/><U1/><E23/><V97/><F51/><W46/><G46/><T67/><D124/><U118/><E118/><V7/><F7/><W85/><G4/><T108/><D132/><U65/><E68/><N who="0" m="26153" /><D67/><U29/><E29/><N who="2" m="17575" /><F69/><W77/><G120/><T80/><D104/><U111/><E1/><V74/><F74/><W91/><G26/><N who="0" m="14655" /><D102/><U53/><E10/><V105/><F97/><W42/><G99/><T2/><D2/><U27/><E65/><V14/><F14/><W11/><G11/><T22/><D22/><U39/><E39/><V0/><F0/><W17/><G66/><T36/><D36/><U133/><E64/><V6/><F6/><W116/><G5/><T135/><D135/><U24/><E133/><V30/><F30/><W13/><G8/><T93/><D93/><AGARI ba="0,0" hai="54,58,62,87,89,93,96,103,105,112,115" m="17575" machi="93" ten="30,1500,0" yaku="6,1" doraHai="123" who="2" fromWho="0" sc="220,-15,276,0,224,15,280,0" /><INIT seed="2,1,0,1,2,59" ten="205,276,239,280" oya="2" hai0="28,63,79,2,67,132,17,80,133,33,104,37,93" hai1="65,19,102,94,89,106,58,61,44,4,97,110,86" hai2="0,101,16,30,38,129,69,92,15,83,51,8,125" hai3="49,114,100,109,42,55,70,103,130,81,119,108,107"/><V71/><F38/><W73/><G119/><T20/><D104/><U18/><E110/><N who="3" m="42602" /><G130/><T66/><D37/><U117/><E117/><V113/><F113/><W53/><G70/><T98/><D2/><U31/><E4/><V54/><F30/><W78/><G114/><T91/><D28/><U121/><E121/><V99/><F125/><W11/><G107/><T10/><D10/><U32/><REACH who="1" step="1"/><E44/><REACH who="1" ten="205,266,239,280" step="2"/><V26/><F129/><W46/><G11/><T56/><D33/><U7/><E7/><V90/><F0/><W62/><G42/><T123/><D123/><U85/><E85/><N who="2" m="50495" /><F26/><AGARI ba="1,1" hai="18,19,26,31,32,58,61,65,86,89,94,97,102,106" machi="26" ten="40,2600,0" yaku="1,1,52,1,53,0" doraHai="59" doraHaiUra="76" who="1" fromWho="2" sc="205,0,266,39,239,-29,280,0" /><INIT seed="3,0,0,2,0,0" ten="205,305,210,280" oya="3" hai0="47,66,122,123,62,29,14,5,134,33,107,7,120" hai1="92,99,98,27,37,114,10,17,60,75,22,103,88" hai2="72,56,64,129,26,82,46,24,32,128,77,65,127" hai3="76,133,23,19,84,91,102,124,4,106,61,97,59"/><W113/><G113/><T49/><D107/><U110/><E114/><V95/><F127/><W41/><G124/><T119/><D119/><U42/><E110/><V15/><F46/><W68/><G133/><T93/><D134/><U80/><E37/><V112/><F112/><W96/><G68/><T115/><D115/><U55/><E42/><V131/><F95/><W132/><G132/><T21/><D33/><U28/><E75/><V34/><F15/><W51/><G76/><T121/><N who="0" m="30720" /><DORA hai="135" /><T116/><D116/><U58/><E80/><V63/><F65/><W85/><G4/><T74/><D74/><U52/><E55/><V111/><F111/><W31/><G31/><T35/><D35/><AGARI ba="0,0" hai="24,26,32,34,35,56,63,64,72,77,82,128,129,131" machi="35" ten="50,1600,0" yaku="19,1" doraHai="0,135" who="2" fromWho="0" sc="205,-16,305,0,210,16,280,0" owari="189,-31.1,305,40.5,226,-17.4,280,8.0" /></mjloggm>