<mjloggm ver="2.3"><GO type="225" lobby="0"/><UN n0="%68%6F%72%69%30%39%30%31" n1="%E3%82%BC%E3%83%AB%E3%83%80%E3%81%AE%E4%BC%9D%E8%AA%AC" n2="%E3%83%B4%E3%82%A3%E3%83%AF%E3%82%B3%E3%82%B0%E3%83%8B" n3="%E5%8F%AF%E5%85%90%E9%82%A3%E7%94%B1%E5%A4%9A" dan="16,17,16,17" rate="2085.69,2283.01,2135.92,2242.02" sx="M,M,M,F"/><TAIKYOKU oya="0"/><INIT seed="0,0,0,5,1,58" ten="250,250,250,250" oya="0" hai0="35,7,2,129,122,106,25,49,78,79,90,55,33" hai1="26,128,86,61,43,111,98,64,100,110,83,0,17" hai2="27,72,84,6,24,45,87,9,39,109,120,29,1" hai3="65,16,94,52,91,63,75,48,80,119,104,89,56"/><T126/><D122/><U105/><E0/><V101/><F109/><N who="1" m="41481" /><E128/><V68/><F120/><W127/><G119/><T107/><D129/><U131/><E131/><V95/><F24/><W34/><G104/><T14/><D90/><N who="1" m="51551" /><E43/><V59/><F68/><W82/><G34/><T31/><D35/><U88/><E88/><N who="3" m="33866" /><G75/><T23/><D126/><U8/><E26/><V71/><F27/><W46/><G127/><T11/><D79/><U67/><E61/><V42/><F1/><W32/><G32/><T50/><D78/><U99/><E99/><V113/><F42/><W74/><G74/><T69/><D69/><U102/><E102/><V28/><F72/><W73/><G73/><T40/><D40/><U30/><E30/><V112/><F101/><W47/><G47/><T117/><D117/><U37/><E37/><V123/><F45/><W38/><G38/><T3/><D3/><U115/><E115/><V60/><F39/><W92/><G16/><N who="0" m="10647" /><D50/><U116/><E116/><V114/><F123/><W133/><G133/><T44/><AGARI ba="0,0" hai="2,7,11,25,31,33,44,49,55,106,107" m="10647" machi="44" ten="30,3000,0" yaku="24,1,54,1" doraHai="58" who="0" fromWho="0" sc="250,30,250,-10,250,-10,250,-10" /><INIT seed="0,1,0,5,1,108" ten="280,240,240,240" oya="0" hai0="67,87,43,126,19,82,130,56,52,95,48,13,11" hai1="50,123,47,122,8,96,117,101,116,135,49,34,84" hai2="21,79,98,6,2,4,93,63,128,54,58,3,132" hai3="59,127,32,61,113,39,112,129,44,73,134,45,99"/><T25/><D130/><U5/><E135/><V42/><F132/><W46/><G73/><T53/><D126/><U91/><E34/><V71/><F128/><W102/><G134/><T110/><D110/><U30/><E30/><V107/><F107/><W78/><G129/><T80/><D80/><U28/><E28/><V51/><F2/><W100/><G32/><T1/><D1/><U57/><BYE who="0" /><E57/><V15/><F3/><W103/><G39/><T29/><D29/><U62/><E62/><V17/><F79/><W121/><G127/><T76/><D76/><U86/><E122/><V88/><REACH who="2" step="1"/><F71/><REACH who="2" ten="280,240,230,240" step="2"/><W120/><G78/><T118/><D118/><U9/><E117/><V26/><F26/><W7/><G7/><T105/><D105/><U92/><E116/><V133/><F133/><W16/><G121/><T40/><D40/><U24/><E24/><V75/><F75/><W81/><G120/><T83/><D83/><U27/><E27/><V65/><F65/><W14/><G81/><T90/><D90/><U10/><E123/><V125/><F125/><W106/><G102/><T66/><D66/><U124/><E124/><V89/><F89/><W72/><G103/><T97/><D97/><U114/><E5/><V12/><F12/><W22/><REACH who="3" step="1"/><G72/><REACH who="3" ten="280,240,230,230" step="2"/><T70/><D70/><U60/><E101/><V55/><F55/><AGARI ba="1,2" hai="14,16,22,44,45,46,55,59,61,99,100,106,112,113" machi="55" ten="40,8000,1" yaku="1,1,2,1,52,2,54,1,53,0" doraHai="108" doraHaiUra="131" who="3" fromWho="2" sc="280,0,240,0,230,-83,230,103" /><INIT seed="1,0,0,4,3,94" ten="280,240,147,333" oya="1" hai0="17,109,89,130,47,2,124,73,128,101,100,88,83" hai1="11,10,12,114,30,16,129,4,38,119,3,68,70" hai2="63,55,61,25,44,35,40,113,106,86,39,56,64" hai3="36,118,115,18,6,123,15,46,78,1,20,134,116"/><U14/><E114/><V27/><F106/><W31/><G115/><T132/><D132/><U65/><E119/><N who="3" m="45610" /><G123/><T110/><D110/><U77/><E129/><V117/><F117/><W21/><G134/><T37/><D37/><U80/><E38/><V85/><F113/><W67/><G67/><T51/><D51/><U42/><E42/><V127/><F127/><W131/><G131/><T93/><D93/><U23/><E65/><V48/><F61/><W133/><G133/><T95/><D95/><U97/><E97/><V62/><F63/><W50/><G78/><T96/><D96/><U120/><E120/><UN n0="%68%6F%72%69%30%39%30%31" /><V57/><F35/><W99/><G36/><T54/><D2/><U76/><E76/><V72/><F72/><W32/><G99/><T103/><D124/><U9/><E9/><V5/><F5/><W87/><G87/><T122/><D122/><U108/><E108/><V112/><F112/><W121/><G121/><T74/><D109/><U59/><E59/><V90/><REACH who="2" step="1"/><F85/><REACH who="2" ten="280,240,137,333" step="2"/><W22/><G6/><T60/><D74/><U66/><E66/><V105/><F105/><W92/><G32/><T53/><D73/><U29/><E70/><V81/><AGARI ba="0,1" hai="25,27,39,40,44,48,55,56,57,62,64,81,86,90" machi="81" ten="20,2700,0" yaku="1,1,0,1,7,1,53,0" doraHai="94" doraHaiUra="126" who="2" fromWho="2" sc="280,-7,240,-13,137,37,333,-7" /><INIT seed="2,0,0,0,1,39" ten="273,227,174,326" oya="2" hai0="3,88,77,98,127,50,30,134,27,85,115,72,32" hai1="92,66,74,14,4,61,41,83,122,87,5,129,103" hai2="81,120,130,90,104,63,84,101,107,19,17,80,109" hai3="65,47,94,131,126,38,57,95,108,117,135,114,25"/><V111/><F120/><W35/><G117/><T125/><D3/><U0/><E0/><V53/><F130/><W48/><G131/><T78/><D115/><U54/><E129/><V26/><F80/><W106/><G106/><T28/><D134/><U22/><E122/><V36/><F36/><W34/><G135/><T49/><D98/><N who="1" m="59847" /><E74/><V51/><F63/><W13/><G108/><N who="2" m="41545" /><F101/><W116/><G116/><T62/><D62/><U12/><E66/><V79/><F90/><W23/><G38/><T75/><D72/><U112/><E112/><V64/><F64/><W20/><G114/><T2/><D2/><U24/><E61/><V6/><F6/><W86/><G65/><T55/><D30/><U9/><E5/><V46/><F26/><W45/><G25/><T8/><D75/><U58/><E24/><V33/><F33/><W132/><G35/><T7/><D7/><U113/><E113/><V69/><F69/><W11/><G34/><T43/><D77/><U18/><E83/><V128/><F128/><W37/><G37/><T68/><D68/><U67/><E67/><V91/><F91/><W102/><G132/><T70/><D78/><U97/><E4/><V56/><F56/><W93/><G102/><T124/><D70/><U133/><E58/><V89/><F89/><W82/><G57/><N who="0" m="33007" /><D124/><U42/><E133/><V105/><AGARI ba="0,0" hai="17,19,46,51,53,79,81,84,104,105,107" m="41545" machi="105" ten="40,3900,0" yaku="14,1,10,1" doraHai="39" who="2" fromWho="2" sc="273,-13,227,-13,174,39,326,-13" /><INIT seed="2,1,0,3,3,129" ten="260,214,213,313" oya="2" hai0="74,122,38,36,78,70,54,85,118,79,111,123,27" hai1="28,15,105,71,16,33,61,125,26,68,31,75,92" hai2="62,58,63,39,86,109,29,87,40,90,10,128,56" hai3="80,72,22,131,57,106,52,114,50,51,2,17,8"/><V119/><F119/><W117/><G117/><T69/><D118/><U112/><E112/><V9/><F128/><W18/><G131/><T82/><D27/><U100/><E75/><V48/><F39/><W135/><G106/><T67/><D111/><U55/><E28/><V41/><F29/><W108/><G108/><T104/><D104/><U66/><E125/><V121/><F109/><W101/><G101/><T64/><D54/><U35/><E92/><V84/><F121/><W133/><G114/><T98/><D98/><N who="1" m="61591" /><E55/><V65/><F90/><W76/><G51/><T107/><D107/><U0/><E0/><V43/><REACH who="2" step="1"/><F48/><REACH who="2" ten="260,214,203,313" step="2"/><W6/><REACH who="3" step="1"/><G18/><REACH who="3" ten="260,214,203,303" step="2"/><T19/><D19/><U30/><E16/><V102/><F102/><W34/><G34/><T130/><D130/><U5/><E33/><V120/><F120/><W88/><G88/><T103/><D103/><U14/><E35/><V45/><F45/><W3/><G3/><T127/><D123/><U59/><E31/><V91/><F91/><W25/><AGARI ba="1,2" hai="2,6,8,17,22,25,50,52,57,72,76,80,133,135" machi="25" ten="30,12000,2" yaku="1,1,0,1,52,2,54,1,53,1" doraHai="129" doraHaiUra="47" who="3" fromWho="3" sc="260,-31,214,-31,203,-61,303,143" /><INIT seed="3,0,0,3,3,10" ten="229,183,142,446" oya="3" hai0="72,86,54,49,101,0,69,38,43,125,116,14,13" hai1="27,117,1,71,7,119,109,85,131,133,12,126,83" hai2="18,28,3,76,77,41,124,66,48,99,37,100,104" hai3="135,73,46,106,57,50,34,29,47,44,80,45,98"/><W75/><G135/><T40/><D72/><U42/><E133/><V4/><F124/><W95/><G106/><T127/><D0/><U96/><E126/><N who="0" m="48137" /><D69/><U32/><E71/><V90/><F37/><W51/><G57/><T11/><D14/><U82/><E42/><V128/><F128/><W121/><G121/><T58/><D38/><U111/><E96/><V123/><F123/><W19/><G29/><T68/><D68/><U63/><E63/><V67/><F28/><W6/><G34/><T25/><D25/><U112/><E27/><V114/><F114/><W9/><G19/><T33/><D33/><U105/><E1/><V132/><F132/><W26/><G26/><T122/><D116/><U107/><E32/><V81/><F4/><W97/><G80/><T115/><D101/><U70/><E82/><V2/><F90/><W21/><G21/><T62/><D115/><U20/><E7/><V22/><F2/><W53/><G51/><T15/><D86/><U60/><E85/><V93/><F104/><W31/><G31/><T23/><D23/><U52/><E20/><V61/><F3/><W8/><G8/><T94/><D11/><U84/><E107/><V78/><F81/><W24/><G24/><T5/><D5/><U36/><E83/><V56/><F66/><W39/><G39/><T108/><D122/><U64/><E36/><V120/><F120/><W30/><G30/><T79/><D58/><U74/><E70/><V17/><REACH who="2" step="1"/><F22/><REACH who="2" ten="229,183,132,446" step="2"/><W35/><G6/><T65/><D65/><U55/><E64/><V16/><F16/><W130/><G130/><RYUUKYOKU ba="0,1" sc="229,-10,183,-10,132,30,446,-10" hai2="17,18,41,48,56,61,67,76,77,78,93,99,100" owari="219,1.9,173,-22.7,162,-33.8,446,54.6" /></mjloggm>