<mjloggm ver="2.3"><GO type="225" lobby="0"/><UN n0="%E3%81%BE%E3%81%A8%E3%81%9F" n1="%72%65%6E%6B%75%6E" n2="%77%72%77%72%77%72%77%72" n3="%E3%83%97%E3%83%92" dan="16,17,16,17" rate="2132.12,2225.07,2225.87,2197.90" sx="M,M,M,M"/><TAIKYOKU oya="0"/><INIT seed="0,0,0,4,1,124" ten="250,250,250,250" oya="0" hai0="84,71,25,122,34,78,89,60,110,105,18,7,114" hai1="112,117,135,47,26,87,75,2,22,31,44,29,79" hai2="3,13,127,66,45,106,53,121,133,91,132,134,14" hai3="54,0,43,72,41,58,19,62,57,70,38,27,69"/><T88/><D114/><U24/><E75/><V39/><F3/><W10/><G72/><T12/><D105/><U48/><E2/><V129/><F106/><W94/><G0/><T64/><D122/><U30/><E117/><V113/><F121/><W16/><G38/><T126/><D126/><U92/><E112/><V102/><F127/><W123/><G123/><T83/><D110/><U37/><E37/><V51/><F113/><W82/><G70/><T55/><D7/><U85/><E135/><V56/><F102/><W99/><G82/><T9/><REACH who="0" step="1"/><D55/><REACH who="0" ten="240,250,250,250" step="2"/><N who="1" m="30087" /><E79/><V42/><F66/><W116/><G116/><T50/><D50/><U103/><E47/><V101/><F134/><W111/><G111/><T8/><D8/><U107/><E107/><V15/><F133/><W77/><G10/><T104/><D104/><U131/><E131/><V59/><F132/><W118/><G54/><T4/><D4/><U120/><E120/><V81/><F129/><W32/><G118/><T100/><D100/><U130/><E130/><V109/><F101/><W28/><G43/><T61/><D61/><U93/><E103/><V1/><F109/><W97/><G41/><T96/><D96/><U21/><E30/><AGARI ba="0,1" hai="9,12,18,25,30,34,60,64,71,78,83,84,88,89" machi="30" ten="40,3900,0" yaku="1,1,54,1,53,0" doraHai="124" doraHaiUra="115" who="0" fromWho="1" sc="240,49,250,-39,250,0,250,0" /><INIT seed="0,1,0,5,1,37" ten="289,211,250,250" oya="0" hai0="71,94,44,50,49,81,119,43,128,113,59,32,6" hai1="89,117,118,33,5,28,73,24,101,133,9,87,60" hai2="4,48,26,55,3,69,115,92,61,114,110,62,120" hai3="132,63,52,90,65,42,22,75,84,13,78,123,2"/><T64/><D113/><U111/><E111/><V39/><F39/><W70/><G2/><T14/><D32/><U127/><E73/><V83/><F120/><W54/><G132/><T27/><D119/><U102/><E133/><V38/><F38/><W80/><G123/><T95/><D128/><U67/><E127/><V76/><F110/><W108/><G108/><T46/><D71/><U31/><E31/><V41/><F92/><W134/><G134/><T103/><D27/><U77/><E77/><V12/><F3/><W74/><G74/><T122/><D81/><U57/><E118/><V16/><F4/><W99/><G90/><T0/><D0/><U112/><E112/><V68/><F26/><W15/><G99/><T98/><D95/><U35/><E35/><V25/><F25/><W56/><G75/><T40/><D122/><U100/><E117/><V47/><F61/><W116/><G70/><T51/><D64/><U17/><E17/><V105/><F105/><W18/><G116/><T126/><D126/><U131/><E131/><V135/><F135/><W21/><REACH who="3" step="1"/><G42/><REACH who="3" ten="289,211,250,240" step="2"/><N who="0" m="15915" /><D59/><U1/><REACH who="1" step="1"/><E102/><REACH who="1" ten="289,201,250,240" step="2"/><V7/><F115/><W129/><G129/><T130/><D130/><U124/><E124/><V23/><F114/><W20/><G20/><T82/><D103/><U8/><E8/><V106/><F23/><W58/><G58/><T86/><D44/><U91/><E91/><V125/><F47/><W97/><G97/><T85/><D46/><U34/><E34/><V72/><F125/><W121/><G121/><T96/><D98/><U29/><E29/><V36/><F68/><RYUUKYOKU ba="1,2" sc="289,-15,201,15,250,-15,240,15" hai1="1,5,9,24,28,33,57,60,67,87,89,100,101" hai3="13,15,18,21,22,52,54,56,63,65,78,80,84" /><INIT seed="1,2,2,0,1,67" ten="274,216,235,255" oya="1" hai0="128,90,81,48,7,60,47,98,6,77,96,109,112" hai1="79,26,130,129,95,94,70,121,42,15,101,37,65" hai2="36,66,57,76,122,126,119,27,102,88,72,38,116" hai3="41,28,30,127,69,108,132,89,33,106,133,11,54"/><U92/><E121/><V135/><F122/><W25/><G108/><T114/><D109/><U87/><E15/><V39/><F102/><W125/><G106/><T113/><D128/><N who="1" m="49259" /><E26/><V8/><F135/><N who="3" m="51787" /><G28/><T29/><D29/><U99/><E42/><V18/><F126/><N who="3" m="48139" /><G41/><T115/><D115/><U111/><E37/><V80/><F57/><W75/><G75/><T82/><D113/><U51/><E51/><V56/><F56/><W31/><G31/><T19/><D112/><U40/><E40/><V107/><F66/><W78/><G78/><T86/><D77/><U4/><E4/><V110/><F107/><W20/><G89/><T32/><D114/><U71/><E111/><V74/><F74/><W21/><G69/><N who="1" m="26122" /><E65/><V13/><F110/><W100/><G54/><T46/><D90/><N who="1" m="53343" /><E79/><V34/><F88/><W105/><G11/><T73/><D81/><U2/><E2/><V16/><F34/><W5/><G5/><T120/><D32/><U10/><E10/><V63/><F39/><W58/><G33/><T61/><D6/><U55/><E55/><V134/><F134/><W117/><G21/><T85/><D7/><U49/><E49/><V84/><F36/><W45/><G20/><T9/><D48/><U124/><E124/><V91/><F38/><W93/><G25/><T23/><D120/><U24/><E24/><V52/><F52/><W1/><G1/><T64/><D9/><U12/><E12/><V0/><F0/><W83/><G30/><T68/><D64/><U97/><E97/><V131/><F131/><W53/><G53/><T118/><D98/><RYUUKYOKU ba="2,2" sc="274,-10,216,30,235,-10,255,-10" hai1="94,95,99,101" /><INIT seed="1,3,2,0,1,3" ten="264,246,225,245" oya="1" hai0="122,67,134,17,92,90,8,73,95,84,34,91,35" hai1="46,51,11,27,32,12,93,7,66,20,10,129,49" hai2="112,82,116,79,89,80,60,87,78,47,26,15,105" hai3="96,23,5,121,81,45,39,0,85,48,65,33,70"/><U25/><E129/><V72/><F116/><W14/><G121/><T94/><D134/><U62/><E32/><V24/><F105/><W133/><G33/><T125/><D73/><U55/><E20/><V120/><F120/><W108/><G39/><T16/><D122/><U127/><E127/><V4/><F112/><W50/><G0/><T75/><D75/><U86/><E11/><V28/><F60/><N who="3" m="40231" /><G48/><T21/><D125/><U56/><E49/><V63/><F63/><W100/><G23/><T132/><D67/><U117/><E117/><V19/><F47/><W36/><G36/><T77/><D77/><U38/><E38/><V103/><F103/><W69/><G69/><T83/><D34/><U130/><E130/><V97/><F4/><W115/><G133/><T44/><D35/><U111/><E111/><V13/><F13/><W22/><G22/><T58/><D44/><U53/><E66/><V54/><F54/><N who="3" m="30031" /><G115/><T31/><D132/><U106/><E106/><V126/><F126/><W99/><G100/><T114/><D114/><U124/><E124/><V131/><F131/><W135/><G108/><T118/><D118/><U64/><E64/><V6/><F6/><W30/><G30/><T119/><D119/><U52/><E55/><V9/><REACH who="2" step="1"/><F28/><REACH who="2" ten="264,246,215,245" step="2"/><W18/><G5/><T37/><D31/><U110/><E110/><V76/><F76/><N who="3" m="46247" /><G135/><T61/><D61/><U128/><E128/><V113/><F113/><W42/><G42/><T88/><D91/><AGARI ba="3,3" hai="7,10,12,25,27,46,51,52,53,56,62,86,91,93" machi="91" ten="40,7700,0" yaku="8,1,52,1,54,1" doraHai="3" who="1" fromWho="0" sc="264,-86,246,116,215,0,245,0" /><INIT seed="1,4,0,2,0,94" ten="178,362,215,245" oya="1" hai0="93,44,122,130,118,111,131,34,90,63,20,99,71" hai1="60,23,3,121,52,19,59,107,13,31,56,1,108" hai2="82,4,9,18,101,133,54,11,68,129,65,114,77" hai3="62,6,25,8,87,106,115,17,127,88,53,124,47"/><U61/><E121/><V84/><F129/><N who="0" m="49162" /><D34/><U30/><E107/><V113/><F133/><W100/><G115/><N who="2" m="44041" /><F101/><W98/><G25/><T37/><D20/><U120/><E120/><V73/><F54/><W89/><G17/><T36/><D122/><U67/><REACH who="1" step="1"/><E108/><REACH who="1" ten="178,352,215,245" step="2"/><V102/><F73/><W64/><G127/><T29/><D111/><U51/><E51/><V32/><F32/><W132/><G124/><T116/><D36/><U28/><AGARI ba="4,1" hai="1,3,13,19,23,28,30,31,52,56,59,60,61,67" machi="28" ten="30,6000,0" yaku="1,1,0,1,54,1,53,0" doraHai="94" doraHaiUra="112" who="1" fromWho="1" sc="178,-24,352,82,215,-24,245,-24" /><INIT seed="1,5,0,1,5,54" ten="154,434,191,221" oya="1" hai0="46,33,66,106,21,89,107,56,43,99,115,20,110" hai1="87,90,40,128,91,82,30,59,71,53,48,7,69" hai2="60,67,5,129,24,123,32,35,1,50,52,29,77" hai3="16,120,96,92,0,93,81,6,25,44,64,124,119"/><U8/><E128/><V14/><F123/><W83/><G120/><T118/><D118/><U73/><E73/><V80/><F129/><W42/><G124/><T37/><D33/><U58/><E30/><V65/><F1/><W49/><G119/><T94/><D110/><U13/><E40/><V122/><F122/><W63/><G6/><T111/><D115/><U61/><E91/><V47/><F35/><W26/><G0/><T2/><D2/><U28/><REACH who="1" step="1"/><E28/><REACH who="1" ten="154,424,191,221" step="2"/><V10/><F60/><W103/><G63/><T51/><D111/><U70/><E70/><V121/><F121/><W104/><G42/><T135/><D135/><U116/><E116/><V95/><F95/><W12/><G93/><T134/><D134/><U31/><E31/><V97/><F97/><W117/><G117/><T85/><D106/><U98/><E98/><V3/><F3/><W76/><G104/><T27/><D107/><U113/><E113/><V4/><F4/><W109/><G109/><T131/><D131/><U78/><E78/><V126/><F126/><W86/><G81/><T75/><D75/><AGARI ba="5,1" hai="5,10,14,24,29,32,47,50,52,65,67,75,77,80" machi="75" ten="30,2000,0" yaku="7,1,54,1" doraHai="54" who="2" fromWho="0" sc="154,-35,424,0,191,45,221,0" /><INIT seed="2,0,0,3,3,88" ten="119,424,236,221" oya="2" hai0="24,40,16,135,17,35,10,110,8,29,103,37,74" hai1="63,3,85,117,107,130,52,132,95,90,0,7,54" hai2="39,100,119,43,53,81,34,44,97,101,30,19,109" hai3="129,26,56,67,125,82,61,21,75,98,115,91,128"/><V1/><F119/><W9/><G125/><T42/><D74/><U41/><E117/><V68/><F1/><W127/><G127/><T76/><D110/><U80/><E107/><V124/><F124/><W6/><G115/><T23/><D135/><U126/><E126/><V79/><F68/><W77/><G91/><T87/><D37/><U72/><E132/><V60/><F109/><W122/><G122/><T49/><D103/><U45/><E130/><V89/><F19/><W69/><G98/><T31/><D42/><U18/><E18/><V120/><F120/><W86/><G86/><T71/><D71/><U27/><E27/><V118/><F118/><W104/><G104/><T123/><D123/><U59/><E54/><V84/><F34/><W58/><G128/><T112/><D112/><U96/><E72/><V134/><F30/><W13/><G129/><T50/><D17/><AGARI ba="0,0" hai="6,9,13,17,21,26,56,58,61,67,69,75,77,82" machi="17" ten="30,1000,0" yaku="7,1" doraHai="88" who="3" fromWho="0" sc="119,-10,424,0,236,0,221,10" /><INIT seed="3,0,0,0,3,23" ten="109,424,236,231" oya="3" hai0="80,68,93,126,112,19,87,9,5,92,120,133,44" hai1="86,3,33,31,130,16,81,127,119,73,125,63,85" hai2="91,17,39,71,123,42,14,48,15,96,109,97,75" hai3="18,108,104,60,51,27,61,52,82,103,28,2,8"/><W78/><G108/><T106/><D68/><U124/><E3/><V105/><F75/><W1/><G104/><T37/><D37/><U70/><E130/><V58/><F71/><W116/><G103/><T67/><D67/><N who="1" m="41343" /><E119/><V55/><F109/><W69/><G116/><T53/><D120/><U111/><E111/><V50/><F39/><W10/><G1/><T21/><D106/><U46/><E46/><V89/><F123/><W74/><G69/><T49/><D112/><U132/><E132/><V62/><F14/><W77/><G78/><T95/><D133/><U36/><E36/><V54/><F42/><W113/><G113/><T135/><D135/><U102/><E102/><V32/><F32/><W20/><G8/><T129/><D129/><U41/><E41/><V6/><F6/><W47/><REACH who="3" step="1"/><G18/><REACH who="3" ten="109,424,236,221" step="2"/><T121/><D121/><U65/><E16/><V64/><F105/><W29/><G29/><T25/><D126/><U66/><E31/><V59/><F89/><W79/><G79/><T38/><D38/><U131/><E131/><V128/><F91/><W4/><AGARI ba="0,1" hai="2,4,10,20,27,28,47,51,52,60,61,74,77,82" machi="4" ten="30,12000,1" yaku="1,1,0,1,52,1,54,1,53,1" doraHai="23" doraHaiUra="24" who="3" fromWho="3" sc="109,-40,424,-40,236,-40,221,130" /><INIT seed="3,1,0,5,2,77" ten="69,384,196,351" oya="3" hai0="126,96,100,0,102,106,71,62,50,101,8,65,7" hai1="44,1,86,125,45,90,43,11,2,122,37,40,127" hai2="31,124,99,92,14,87,69,112,51,88,84,72,107" hai3="42,98,66,60,54,120,103,73,12,114,123,76,85"/><W109/><G114/><T53/><REACH who="0" step="1"/><D126/><REACH who="0" ten="59,384,196,351" step="2"/><U41/><E125/><V58/><F124/><W46/><G109/><T80/><D80/><U19/><E127/><V49/><F112/><W16/><G73/><T22/><D22/><U95/><E122/><V111/><F72/><W117/><G117/><T97/><D97/><U36/><E40/><V131/><F99/><W18/><G123/><T13/><D13/><AGARI ba="1,1" hai="1,2,11,13,19,36,37,41,43,44,45,86,90,95" machi="13" ten="40,1300,0" yaku="9,1" doraHai="77" who="1" fromWho="0" sc="59,-16,384,26,196,0,351,0" owari="43,-45.7,410,51.0,196,-20.4,351,15.1" /></mjloggm>