<mjloggm ver="2.3"><GO type="225" lobby="0"/><UN n0="%E3%81%B2%E3%81%BE%E3%81%A4%E3%81%B6%E3%81%97" n1="%6D%75%75%6D%75%72%61" n2="%E3%81%8B%E3%82%8F%E3%81%A1%E3%82%83%E3%82%93%35%38" n3="%70%65%6E%74%6F%6C%61" dan="16,17,17,16" rate="2134.97,2163.90,2134.62,2165.57" sx="M,F,M,M"/><TAIKYOKU oya="0"/><INIT seed="0,0,0,1,4,94" ten="250,250,250,250" oya="0" hai0="130,42,125,102,77,64,44,69,58,109,118,10,17" hai1="112,68,75,49,6,71,126,115,40,110,116,50,132" hai2="122,105,33,25,98,79,55,2,48,134,74,72,0" hai3="65,111,106,66,107,12,92,22,67,95,47,15,28"/><T56/><D118/><U41/><E116/><V70/><F55/><W38/><G38/><T57/><D125/><U51/><E75/><N who="2" m="28715" /><F48/><N who="1" m="18537" /><E6/><V89/><F89/><W59/><G111/><T133/><D77/><U19/><E19/><V31/><F79/><W91/><G47/><T135/><D102/><U23/><E23/><V129/><F122/><W86/><G59/><T83/><D83/><U114/><E126/><V24/><F134/><N who="0" m="51210" /><D109/><U101/><E101/><N who="2" m="62647" /><F129/><W63/><G63/><N who="0" m="40095" /><D17/><U76/><E76/><V84/><F84/><W34/><G95/><T88/><D10/><U123/><E132/><V99/><F99/><W9/><G34/><T39/><D88/><U32/><E32/><N who="2" m="20583" /><F70/><N who="1" m="26665" /><E110/><V128/><F128/><AGARI ba="0,0" hai="39,42,44,56,57,58,128,130" m="40095,51210" machi="128" ten="40,7700,0" yaku="20,1,34,2" doraHai="94" who="0" fromWho="2" sc="250,77,250,0,250,-77,250,0" /><INIT seed="0,1,0,2,5,91" ten="327,250,173,250" oya="0" hai0="42,55,37,50,134,92,52,79,75,82,73,106,25" hai1="6,87,122,70,7,12,121,117,46,98,128,17,85" hai2="102,18,10,48,125,115,19,29,41,81,111,95,40" hai3="108,71,5,113,64,22,127,72,89,28,45,110,36"/><T65/><D106/><U100/><E117/><V114/><F114/><W63/><G113/><T58/><D134/><U32/><E128/><V67/><F115/><W93/><G72/><T83/><D65/><U104/><E32/><V107/><F107/><W15/><G127/><T8/><D37/><U105/><E105/><V99/><F125/><W118/><G118/><T1/><D42/><N who="2" m="16490" /><F111/><W129/><G129/><T126/><D126/><U23/><E70/><V78/><F29/><W56/><G45/><T47/><D25/><U16/><E46/><V109/><F109/><N who="3" m="42091" /><G36/><T133/><D133/><U44/><E44/><V76/><F67/><W20/><G28/><T60/><D92/><U51/><E51/><V13/><F48/><W68/><G71/><T54/><D8/><U49/><E49/><V74/><F74/><W120/><G120/><T119/><D119/><U103/><E103/><V61/><F61/><W38/><G38/><T59/><D1/><U132/><E132/><V62/><F62/><W3/><G3/><T97/><D73/><U27/><E122/><V33/><F33/><W9/><G68/><T34/><D34/><U80/><E121/><V2/><F2/><W116/><G116/><T88/><D75/><U96/><E96/><AGARI ba="1,0" hai="5,9,15,20,22,56,63,64,89,93,96" m="42091" machi="96" ten="30,2000,0" yaku="14,1,52,1" doraHai="91" who="3" fromWho="1" sc="327,0,250,-23,173,0,250,23" /><INIT seed="1,0,0,1,4,71" ten="327,227,173,273" oya="1" hai0="10,85,102,1,67,43,38,103,2,99,5,24,32" hai1="92,130,64,116,123,12,37,110,106,31,73,128,36" hai2="109,41,23,104,108,63,115,91,134,20,11,54,15" hai3="55,74,52,82,83,70,60,72,129,84,46,80,78"/><U16/><E116/><V7/><F104/><W87/><G129/><N who="1" m="49770" /><E106/><V66/><F54/><W98/><G98/><T127/><D127/><U61/><E110/><N who="2" m="42603" /><F91/><W76/><G83/><T57/><D2/><U95/><E123/><V93/><F93/><N who="1" m="35913" /><E73/><V44/><F134/><W27/><G27/><T48/><D102/><U30/><E61/><V125/><F125/><W89/><G89/><T117/><D103/><U4/><E4/><V77/><F77/><W68/><G46/><T33/><D5/><U29/><E64/><V132/><F132/><W62/><AGARI ba="0,0" hai="52,55,60,62,68,70,72,74,76,78,80,82,84,87" machi="62" ten="25,6400,0" yaku="0,1,22,2,54,1" doraHai="71" who="3" fromWho="3" sc="327,-16,227,-32,173,-16,273,64" /><INIT seed="2,0,0,1,2,33" ten="311,195,157,337" oya="2" hai0="8,25,17,70,119,112,69,48,31,127,37,86,32" hai1="71,72,84,100,90,29,132,113,1,95,109,38,93" hai2="50,104,92,24,99,91,2,22,79,76,39,130,6" hai3="4,123,80,43,135,42,97,58,62,134,85,116,120"/><V59/><F39/><W117/><G4/><T35/><D112/><U49/><E113/><V7/><F104/><W60/><G97/><T129/><D37/><U82/><E38/><V18/><F130/><W98/><G98/><T34/><D129/><U41/><E109/><V55/><REACH who="2" step="1"/><F7/><REACH who="2" ten="311,195,147,337" step="2"/><W3/><G117/><T20/><D119/><U21/><E132/><V102/><F102/><W77/><G116/><T88/><D35/><U16/><E100/><V107/><F107/><W115/><G115/><T65/><D34/><U45/><E71/><V47/><F47/><W94/><G135/><T81/><D32/><U106/><E106/><V74/><F74/><W96/><G134/><T36/><D70/><U83/><E1/><V56/><F56/><W10/><G58/><T68/><D36/><U30/><E30/><V78/><F78/><W111/><G3/><T128/><D128/><U64/><E29/><V27/><F27/><W19/><G77/><T13/><D69/><U28/><E28/><V15/><F15/><W54/><G123/><T126/><D68/><U110/><E110/><V53/><F53/><W51/><G54/><T57/><D126/><U66/><E72/><V114/><F114/><W40/><G111/><T124/><D124/><U23/><E45/><V89/><F89/><W87/><G120/><T46/><D127/><U44/><E44/><V67/><F67/><W122/><G122/><T61/><D46/><U0/><E66/><V75/><F75/><W11/><G43/><T26/><D25/><U121/><E64/><V14/><F14/><W118/><G42/><RYUUKYOKU ba="0,1" sc="311,15,195,-15,147,15,337,-15" hai0="8,13,17,20,26,31,48,57,61,65,81,86,88" hai2="2,6,18,22,24,50,55,59,76,79,91,92,99" /><INIT seed="2,1,1,2,5,14" ten="326,180,162,322" oya="2" hai0="80,57,134,100,10,40,127,43,67,64,28,41,75" hai1="133,52,74,111,0,33,59,88,6,125,34,77,20" hai2="126,46,17,84,71,118,16,50,89,124,24,87,85" hai3="116,86,5,129,29,31,99,44,48,81,53,121,97"/><V58/><F71/><W92/><G116/><T96/><D127/><N who="2" m="48682" /><F118/><W1/><G121/><T130/><D130/><U62/><E125/><V23/><F58/><W104/><G129/><T19/><D134/><U51/><E133/><V102/><F102/><W79/><G1/><T49/><D28/><U7/><E111/><V65/><F65/><W18/><G5/><T91/><D75/><U128/><E128/><V76/><F76/><W90/><G104/><T117/><D117/><U95/><E77/><V69/><F69/><W30/><REACH who="3" step="1"/><G18/><REACH who="3" ten="326,180,162,312" step="2"/><T98/><D40/><U94/><E0/><V120/><F120/><W13/><G13/><T107/><D41/><U15/><E6/><V45/><F17/><W61/><G61/><T22/><D19/><U115/><E62/><V42/><F46/><W131/><G131/><T8/><D67/><U113/><E7/><V135/><F135/><W2/><G2/><T35/><D64/><U60/><E60/><V66/><F66/><W101/><G101/><T37/><D100/><U56/><E113/><V72/><F72/><AGARI ba="1,2" hai="29,30,31,44,48,53,72,79,81,86,90,92,97,99" machi="72" ten="40,2600,0" yaku="1,1,53,1" doraHai="14" doraHaiUra="73" who="3" fromWho="2" sc="326,0,180,0,162,-29,312,49" /><INIT seed="3,0,0,3,3,44" ten="326,180,133,361" oya="3" hai0="70,24,97,56,76,55,45,10,109,100,22,7,58" hai1="85,124,80,126,95,25,42,65,107,135,114,106,38" hai2="90,26,43,88,120,57,110,53,83,54,59,98,35" hai3="36,108,133,92,63,128,113,64,72,50,12,21,77"/><W29/><G36/><T111/><D70/><U74/><E114/><V34/><F110/><W20/><G113/><T47/><D76/><N who="1" m="44055" /><E65/><V75/><F120/><W122/><G122/><T39/><D39/><U46/><E135/><V89/><F98/><W32/><G32/><T84/><D84/><U123/><E123/><V23/><F43/><W33/><G33/><T2/><D111/><U118/><E25/><V68/><F68/><W105/><G105/><T27/><D109/><U79/><E118/><V115/><F115/><W49/><G108/><T4/><D4/><U8/><E8/><V48/><F75/><W6/><G133/><T82/><D82/><N who="1" m="47327" /><E95/><V17/><REACH who="2" step="1"/><F83/><REACH who="2" ten="326,180,123,361" step="2"/><W61/><G72/><T102/><D97/><U67/><E42/><V86/><F86/><W87/><G92/><T19/><D102/><U60/><E106/><V96/><F96/><W134/><G134/><T13/><D100/><U112/><E107/><V94/><F94/><W40/><G87/><T93/><D93/><U1/><E112/><V131/><F131/><W117/><G128/><T18/><D27/><U37/><E37/><V78/><F78/><W129/><G129/><T66/><D66/><U130/><E38/><V91/><N who="2" m="22528" /><DORA hai="116" /><V31/><F31/><W69/><G40/><T103/><D103/><U28/><E130/><V73/><F73/><W3/><G117/><T14/><D24/><U127/><E28/><V11/><F11/><W0/><G29/><T121/><D121/><U119/><E119/><V15/><F15/><W5/><G12/><T104/><D14/><U101/><E101/><RYUUKYOKU ba="0,1" sc="326,-10,180,-10,123,30,361,-10" hai2="17,23,26,34,35,48,53,54,57,59" owari="316,11.6,170,-23.0,153,-34.7,361,46.1" /></mjloggm>