<mjloggm ver="2.3"><GO type="225" lobby="0"/><UN n0="%E9%89%A2%E5%B7%BB%E3%82%AC%E3%83%96" n1="%72%65%6E%6B%75%6E" n2="%4C%4F%4C%49%54%41" n3="%E6%80%AA%E3%81%97%E3%81%99%E3%81%8E%E3%82%8B%E3%83%81%E3%83%BC" dan="16,17,16,16" rate="2062.18,2330.70,2195.49,2115.35" sx="M,M,F,M"/><TAIKYOKU oya="0"/><INIT seed="0,0,0,3,5,11" ten="250,250,250,250" oya="0" hai0="17,87,108,77,65,89,72,44,82,47,8,104,18" hai1="48,33,32,27,13,135,85,105,31,84,100,97,53" hai2="120,42,88,115,46,101,107,26,119,15,67,19,133" hai3="68,6,91,34,116,76,99,4,86,132,94,16,80"/><T73/><D65/><U126/><E135/><V37/><F120/><W39/><G132/><T114/><D114/><U109/><E109/><V96/><F133/><W83/><G116/><T127/><D127/><U9/><E126/><V38/><F115/><W90/><G68/><T24/><D73/><U35/><E35/><V106/><F119/><W112/><G39/><T102/><D24/><U74/><E74/><V0/><F0/><W128/><G34/><T60/><D60/><U50/><E33/><V103/><F67/><W41/><G128/><T22/><D8/><U121/><E121/><V118/><F118/><W57/><G41/><T51/><D22/><U40/><E40/><V75/><F75/><W20/><G57/><T123/><D47/><U12/><E48/><V62/><F62/><W49/><G49/><T122/><D108/><U130/><E130/><V98/><F26/><N who="3" m="14599" /><G112/><T55/><D123/><U113/><E113/><V21/><REACH who="2" step="1"/><F88/><REACH who="2" ten="250,250,240,250" step="2"/><N who="3" m="33835" /><G83/><T3/><D3/><U125/><E125/><V59/><F59/><W79/><G79/><T70/><D70/><U92/><E84/><V134/><F134/><W1/><G1/><T7/><D122/><U25/><E85/><V2/><F2/><W124/><G124/><T36/><D77/><U14/><E25/><V110/><F110/><W129/><G129/><T10/><D72/><U95/><REACH who="1" step="1"/><E9/><REACH who="1" ten="250,240,240,250" step="2"/><V23/><F23/><W78/><G76/><T43/><D10/><U45/><AGARI ba="0,2" hai="12,13,14,27,31,32,45,50,53,92,95,97,100,105" machi="45" ten="30,12000,2" yaku="1,1,2,1,0,1,52,3,53,0" doraHai="11" doraHaiUra="111" who="1" fromWho="1" sc="250,-60,240,140,240,-30,250,-30" /><INIT seed="1,0,0,0,0,3" ten="190,380,210,220" oya="1" hai0="75,58,134,107,104,28,99,128,98,10,102,116,6" hai1="77,51,122,30,118,63,120,47,129,91,79,60,72" hai2="37,16,84,108,7,32,39,130,12,52,26,18,0" hai3="80,49,56,25,82,94,133,11,113,111,125,1,8"/><U44/><E118/><V23/><F108/><W41/><G113/><T40/><D116/><U131/><E30/><N who="2" m="19543" /><F130/><W27/><G111/><T57/><D75/><U65/><E91/><V76/><F18/><W106/><G125/><T78/><D78/><U38/><E72/><V48/><F84/><W31/><G133/><T88/><D28/><U96/><E96/><V119/><F76/><W46/><G106/><T34/><D34/><U103/><E103/><V126/><F126/><W95/><G56/><T121/><D40/><U132/><E38/><V62/><F62/><W71/><G71/><T73/><D73/><U115/><E51/><V92/><F92/><N who="3" m="35371" /><G1/><T53/><D128/><U55/><E55/><V97/><F97/><W4/><G4/><T66/><D134/><U64/><REACH who="1" step="1"/><E132/><REACH who="1" ten="190,370,210,220" step="2"/><V83/><F119/><W54/><G54/><T100/><D88/><U69/><E69/><V135/><F135/><W110/><G31/><T101/><D101/><U35/><E35/><V90/><F90/><W15/><G110/><T45/><D121/><U127/><E127/><V33/><F33/><W17/><G11/><T43/><D53/><U42/><E42/><V36/><F37/><W61/><G61/><T68/><D68/><U50/><E50/><V81/><F36/><W74/><G74/><T20/><D66/><U105/><E105/><V13/><F39/><W93/><G93/><T70/><D70/><U29/><E29/><V67/><F67/><W109/><G109/><T2/><REACH who="0" step="1"/><D20/><REACH who="0" ten="180,370,210,220" step="2"/><U5/><E5/><V19/><F7/><W123/><G123/><T59/><D59/><RYUUKYOKU ba="0,2" sc="180,10,370,10,210,-30,220,10" hai0="2,6,10,43,45,57,58,98,99,100,102,104,107" hai1="44,47,60,63,64,65,77,79,115,120,122,129,131" hai3="8,15,17,25,27,41,46,49,80,82" /><INIT seed="1,1,2,3,2,103" ten="190,380,180,230" oya="1" hai0="53,9,130,14,94,16,10,17,78,129,100,57,128" hai1="34,39,48,46,41,132,84,97,90,119,125,102,75" hai2="114,3,133,47,106,12,116,134,42,68,30,56,69" hai3="50,64,44,15,70,25,6,52,32,0,113,124,135"/><U63/><E75/><V13/><F116/><W59/><G113/><T55/><D78/><U99/><E119/><V120/><F120/><W26/><G124/><T74/><D74/><U118/><E118/><V40/><F3/><W38/><G135/><T18/><D9/><U82/><E34/><V89/><F30/><W29/><G25/><T91/><D100/><U24/><E125/><V61/><F114/><W127/><G127/><T92/><D92/><U22/><E132/><N who="2" m="50795" /><F89/><W72/><G72/><T131/><N who="0" m="32768" /><DORA hai="111" /><T71/><D71/><N who="2" m="27210" /><F106/><W65/><G0/><T83/><D83/><U2/><E2/><V105/><F105/><W49/><G38/><T8/><D8/><U73/><E73/><V121/><F121/><W67/><G70/><T20/><D57/><U60/><E39/><N who="2" m="21919" /><F42/><W108/><G108/><T104/><D104/><U33/><E33/><V7/><F7/><W98/><G98/><N who="1" m="37386" /><E102/><V122/><F122/><W117/><G117/><T86/><REACH who="0" step="1"/><D20/><REACH who="0" ten="180,380,180,230" step="2"/><U85/><E90/><V11/><F11/><W101/><G101/><T54/><AGARI ba="1,3" hai="10,14,16,17,18,53,54,55,86,91,94" m="32768" machi="54" ten="60,8000,1" yaku="1,1,2,1,0,1,19,1,54,1,53,0" doraHai="103,111" doraHaiUra="31,58" who="0" fromWho="0" sc="180,113,380,-41,180,-21,230,-21" /><INIT seed="2,0,0,3,5,5" ten="293,339,159,209" oya="2" hai0="111,85,41,119,110,84,65,23,64,121,77,3,94" hai1="80,47,21,7,70,39,93,14,102,1,62,22,117" hai2="31,82,29,8,92,68,115,100,32,44,99,114,37" hai3="2,57,113,54,20,9,61,73,71,66,38,103,86"/><V135/><F68/><W90/><G73/><T101/><D3/><U12/><E117/><V129/><F129/><W108/><G108/><T88/><D41/><U127/><E127/><V98/><F135/><W49/><G113/><T79/><D23/><U106/><E106/><V87/><F37/><W6/><G103/><T35/><D35/><U81/><E1/><V67/><F67/><W97/><G20/><T0/><D0/><U122/><E122/><V46/><F32/><W107/><G38/><T19/><D19/><U55/><E70/><V52/><F46/><W36/><G36/><T16/><D16/><N who="1" m="10375" /><E39/><V72/><F72/><W105/><REACH who="3" step="1"/><G97/><REACH who="3" ten="293,339,159,199" step="2"/><T10/><D101/><U53/><E22/><V120/><F115/><W63/><G63/><T30/><D111/><U78/><E62/><V13/><F114/><W59/><G59/><T18/><D110/><U17/><E47/><V24/><F98/><W132/><G132/><T11/><D121/><U89/><E102/><V26/><F120/><W96/><G96/><T69/><D69/><U4/><E80/><AGARI ba="0,1" hai="2,6,9,49,54,57,61,66,71,80,86,90,105,107" machi="80" ten="30,7700,0" yaku="1,1,7,1,52,1,53,1" doraHai="5" doraHaiUra="33" who="3" fromWho="1" sc="293,0,339,-77,159,0,199,87" /><INIT seed="3,0,0,0,4,34" ten="293,262,159,286" oya="3" hai0="38,100,113,85,87,134,95,118,33,27,56,111,0" hai1="69,49,78,115,96,98,35,31,102,9,26,7,30" hai2="63,55,123,50,64,71,81,37,41,47,99,62,89" hai3="112,120,53,24,76,75,68,128,36,84,108,92,45"/><W60/><G112/><T91/><D0/><U107/><E115/><V66/><F123/><W74/><G120/><T61/><D113/><U77/><E30/><V114/><F114/><W22/><G128/><T132/><D38/><U58/><E96/><V42/><F99/><W10/><G108/><T131/><D118/><U3/><REACH who="1" step="1"/><E69/><REACH who="1" ten="293,252,159,286" step="2"/><N who="2" m="42135" /><F81/><W117/><G68/><T79/><D111/><U5/><E5/><V2/><F2/><W17/><G117/><T29/><D131/><U16/><E16/><V15/><F15/><W67/><G10/><T52/><D100/><U129/><E129/><V135/><F89/><W19/><G19/><T121/><D121/><U51/><E51/><N who="2" m="27119" /><F135/><N who="0" m="51754" /><D79/><U13/><E13/><V104/><F104/><W73/><G36/><T101/><D101/><U122/><E122/><V14/><F14/><W8/><G76/><T70/><D70/><U21/><E21/><V126/><F126/><W105/><G8/><T4/><D4/><U39/><E39/><V119/><F119/><W72/><G105/><T86/><AGARI ba="0,1" hai="27,29,33,52,56,61,85,86,87,91,95" m="51754" machi="86" ten="30,2000,0" yaku="20,1,54,1" doraHai="34" who="0" fromWho="0" sc="293,30,252,-5,159,-5,286,-10" owari="323,42.3,247,-15.3,154,-34.6,276,7.6" /></mjloggm>