<mjloggm ver="2.3"><GO type="225" lobby="0"/><UN n0="%E7%99%BD%E6%97%A5%E9%9B%AA%E8%8F%9C" n1="%E3%80%93%E3%81%97%E3%83%BC%E3%82%89%E3%80%93" n2="%E3%81%B5%E3%81%98%E3%81%8B%E3%81%A4" n3="%E3%81%BE%E3%81%8B%E3%81%B7%E3%82%93" dan="17,16,16,16" rate="2193.43,2150.05,2095.96,2078.54" sx="M,M,M,M"/><TAIKYOKU oya="0"/><INIT seed="0,0,0,5,3,52" ten="250,250,250,250" oya="0" hai0="116,81,119,98,67,93,107,79,128,111,30,16,90" hai1="82,33,27,77,5,22,58,64,53,108,66,74,65" hai2="3,68,1,72,45,89,91,43,125,0,34,59,129" hai3="29,124,134,101,10,71,92,133,122,6,85,121,123"/><T12/><D128/><U21/><E108/><V117/><F129/><W11/><G71/><T86/><D30/><U118/><E118/><V20/><F125/><W38/><G38/><T131/><D131/><U9/><E33/><V32/><F117/><W23/><G124/><T57/><D111/><U109/><E109/><V94/><F68/><W96/><G85/><T2/><D2/><U80/><E80/><V55/><F72/><W69/><G69/><T51/><D107/><U25/><E25/><V46/><F20/><W60/><G60/><T97/><D97/><U36/><E36/><V40/><F94/><W78/><G78/><T106/><D106/><U4/><E27/><V102/><F102/><W15/><G10/><T100/><D100/><U19/><E19/><V7/><F7/><W28/><REACH who="3" step="1"/><G23/><REACH who="3" ten="250,250,250,240" step="2"/><T70/><D70/><U49/><REACH who="1" step="1"/><E5/><REACH who="1" ten="250,240,250,240" step="2"/><V114/><F34/><W48/><G48/><T42/><D51/><U35/><E35/><V50/><F32/><W103/><G103/><T75/><D119/><U83/><E83/><V135/><F114/><W104/><G104/><T112/><D112/><U88/><E88/><V76/><F76/><W8/><G8/><T24/><D116/><U37/><E37/><N who="2" m="21647" /><F89/><W105/><G105/><T39/><D39/><U14/><AGARI ba="0,2" hai="4,9,14,21,22,49,53,58,64,65,66,74,77,82" machi="14" ten="30,4000,0" yaku="1,1,0,1,52,1,53,0" doraHai="52" doraHaiUra="87" who="1" fromWho="1" sc="250,-20,240,60,250,-10,240,-10" /><INIT seed="1,0,0,1,4,50" ten="230,300,240,230" oya="1" hai0="17,56,64,92,21,80,87,70,4,45,126,73,32" hai1="47,6,63,102,8,86,122,97,39,42,20,99,72" hai2="13,123,85,16,24,77,100,103,79,57,110,27,88" hai3="2,68,58,14,66,89,61,135,93,134,41,0,75"/><U12/><E72/><V67/><F123/><W76/><G41/><T11/><D32/><U10/><E122/><V55/><F67/><W121/><G121/><T78/><D70/><U44/><E102/><N who="2" m="38955" /><F110/><W83/><G14/><T82/><D126/><U9/><E47/><V96/><F96/><W131/><G131/><T95/><D45/><U109/><E109/><V133/><F77/><W119/><G119/><T130/><D130/><U7/><E10/><N who="2" m="6199" /><F79/><W74/><G74/><T124/><D124/><U23/><E86/><V104/><F133/><N who="3" m="50699" /><G68/><T101/><D101/><U129/><E129/><V38/><F38/><W18/><G18/><T111/><D111/><U94/><E99/><AGARI ba="0,0" hai="0,2,58,61,66,75,76,83,89,93,99" m="50699" machi="99" ten="30,1000,0" yaku="20,1" doraHai="50" who="3" fromWho="1" sc="230,0,300,-10,240,0,230,10" /><INIT seed="2,0,0,1,5,89" ten="230,290,240,240" oya="2" hai0="3,4,54,95,10,115,104,60,31,107,127,102,38" hai1="72,91,0,101,108,97,50,130,29,53,121,34,24" hai2="67,13,70,9,124,113,119,14,92,86,32,125,69" hai3="81,114,43,98,2,110,93,49,17,80,109,25,63"/><V46/><F119/><W135/><G2/><T83/><D115/><U11/><E72/><V26/><F113/><W78/><G114/><T1/><D38/><U84/><E130/><V120/><F120/><W39/><G39/><T16/><D1/><U44/><E108/><N who="3" m="41578" /><G135/><T12/><D127/><N who="2" m="48714" /><F46/><N who="3" m="25823" /><G63/><T123/><D123/><U79/><E79/><V68/><F67/><W90/><G78/><T77/><D31/><U47/><E121/><V111/><F111/><W37/><G37/><T18/><D3/><U82/><E0/><V41/><F41/><W87/><G87/><N who="0" m="48623" /><D104/><U112/><E112/><V103/><F9/><W51/><G51/><T6/><D107/><U52/><E11/><V42/><F42/><W5/><G5/><T94/><D4/><U59/><REACH who="1" step="1"/><E53/><REACH who="1" ten="230,280,240,240" step="2"/><V48/><F69/><W100/><G100/><T56/><D102/><U19/><E19/><AGARI ba="0,1" hai="6,10,12,16,18,19,54,56,60,94,95" m="48623" machi="19" ten="30,7700,0" yaku="8,1,52,2,54,1" doraHai="89" who="0" fromWho="1" sc="230,87,280,-77,240,0,240,0" /><INIT seed="3,0,0,1,1,13" ten="317,203,240,240" oya="3" hai0="59,31,36,115,107,19,32,0,48,4,129,73,15" hai1="133,134,82,34,71,86,72,88,111,8,76,120,95" hai2="127,30,103,91,85,26,29,69,61,114,108,42,2" hai3="55,53,62,45,49,94,23,37,56,75,105,38,14"/><W74/><G105/><T84/><D73/><U89/><E71/><V54/><F2/><W18/><REACH who="3" step="1"/><G94/><REACH who="3" ten="317,203,240,230" step="2"/><T97/><D107/><U93/><E34/><V122/><F122/><W118/><G118/><T102/><D32/><U131/><E8/><V123/><F123/><W63/><G63/><T90/><D115/><U116/><E120/><V6/><F61/><W80/><G80/><T119/><D119/><U92/><E116/><V96/><F114/><W57/><G57/><T132/><D59/><U68/><E68/><V47/><F69/><W81/><G81/><T117/><D117/><U39/><E39/><AGARI ba="0,1" hai="14,18,23,37,38,39,45,49,53,55,56,62,74,75" machi="39" ten="40,7700,0" yaku="1,1,52,1,53,1" doraHai="13" doraHaiUra="58" who="3" fromWho="1" sc="317,0,203,-77,240,0,230,87" /><INIT seed="3,1,0,2,2,118" ten="317,126,240,317" oya="3" hai0="109,126,106,17,58,93,14,39,132,51,24,32,41" hai1="62,99,37,84,102,98,12,25,34,133,7,70,11" hai2="29,131,52,72,112,69,31,128,3,114,92,107,68" hai3="134,123,130,42,82,4,115,75,89,19,116,35,87"/><W63/><G123/><T26/><D106/><U18/><E37/><V65/><F92/><W55/><G116/><T20/><D109/><U97/><E133/><V6/><F6/><W44/><G115/><N who="2" m="44073" /><F65/><W73/><G35/><T64/><D126/><U67/><E84/><V49/><F3/><W2/><G134/><T38/><D132/><U103/><E102/><V100/><F72/><W96/><G130/><N who="2" m="49705" /><F107/><W88/><G2/><T45/><D93/><U43/><E43/><V83/><F83/><W119/><G119/><T90/><D90/><U10/><E10/><V125/><F100/><W127/><G127/><T23/><D32/><U54/><E54/><V95/><F95/><N who="3" m="56423" /><G73/><T122/><D122/><U13/><E13/><V76/><F76/><W91/><G75/><T135/><D14/><U56/><E7/><V33/><F33/><W113/><G113/><T129/><D135/><U1/><E1/><V81/><F81/><W47/><G4/><T74/><D74/><U124/><E56/><N who="2" m="32783" /><F29/><W5/><G5/><T61/><D129/><U94/><E124/><V46/><F31/><AGARI ba="1,0" hai="17,20,23,24,26,31,38,39,41,45,51,58,61,64" machi="31" ten="30,1000,0" yaku="7,1" doraHai="118" who="0" fromWho="2" sc="317,13,126,0,240,-13,317,0" owari="330,43.0,126,-37.4,227,-17.3,317,11.7" /></mjloggm>