<mjloggm ver="2.3"><GO type="225" lobby="0"/><UN n0="%E6%9A%87%E4%BA%BA%EF%BC%A0%E9%85%8D%E4%BF%A1%E5%9E%A2" n1="%70%68%65%6E%6F%6D%65" n2="%E5%A4%96%E5%B7%9D%E7%AB%9C%E6%88%90" n3="%6D%75%75%6D%75%72%61" dan="17,16,16,16" rate="2190.90,2126.92,2175.28,2120.01" sx="F,M,M,F"/><TAIKYOKU oya="0"/><INIT seed="0,0,0,0,1,0" ten="250,250,250,250" oya="0" hai0="24,45,34,129,49,130,86,6,90,97,62,19,29" hai1="2,111,132,117,61,25,109,47,9,126,83,107,40" hai2="102,31,88,92,63,123,114,135,51,78,124,131,46" hai3="116,93,99,96,70,110,27,13,81,54,82,133,44"/><T36/><D36/><U5/><E117/><V80/><F114/><W39/><G116/><T18/><D97/><U74/><E126/><V121/><F124/><W115/><G70/><T20/><D62/><U94/><E132/><V11/><F135/><W16/><G115/><T65/><D65/><U112/><E112/><V59/><F131/><N who="0" m="50186" /><D34/><U67/><E94/><V72/><F102/><W7/><G110/><T42/><D6/><U125/><E25/><V106/><F31/><W10/><G133/><T38/><D38/><N who="1" m="21911" /><E107/><V85/><F106/><W53/><G39/><T37/><D37/><U87/><E87/><V128/><F128/><W68/><G68/><T15/><D15/><U58/><E125/><V12/><F59/><W56/><G44/><T33/><D33/><U113/><E113/><V120/><F63/><W30/><G99/><T22/><D22/><U14/><E14/><V35/><F35/><W4/><G30/><T52/><D42/><U77/><AGARI ba="0,0" hai="2,5,9,58,61,67,74,77,83,109,111" m="21911" machi="77" ten="30,2000,0" yaku="25,1,52,1" doraHai="0" who="1" fromWho="1" sc="250,-10,250,20,250,-5,250,-5" /><INIT seed="1,0,0,5,4,39" ten="240,270,245,245" oya="1" hai0="96,32,77,46,94,75,129,18,79,76,13,91,50" hai1="6,62,35,126,66,121,48,17,68,133,42,78,30" hai2="116,22,117,135,74,122,61,73,51,60,12,52,106" hai3="15,63,112,67,128,115,108,45,119,53,34,54,114"/><U81/><E121/><V99/><F122/><W127/><G34/><T130/><D32/><U20/><E126/><V86/><F135/><W132/><G15/><T118/><D75/><U58/><E133/><V2/><F2/><W37/><G132/><T72/><D72/><U8/><E30/><V0/><F0/><W5/><G5/><T107/><D107/><U80/><E35/><V85/><F12/><W41/><G108/><T88/><D118/><U14/><E78/><V82/><F106/><W95/><G95/><T110/><D91/><U9/><E9/><V23/><F51/><W124/><G128/><T109/><D18/><U1/><REACH who="1" step="1"/><E58/><REACH who="1" ten="240,260,245,245" step="2"/><V134/><F134/><W4/><G119/><T26/><D129/><U83/><E83/><V100/><F82/><W31/><G31/><T93/><D130/><U87/><E87/><V38/><F86/><W98/><G98/><N who="0" m="57639" /><D110/><U120/><E120/><V97/><F85/><W125/><G4/><T84/><D84/><U70/><E70/><AGARI ba="0,1" hai="37,41,45,53,54,63,67,70,112,114,115,124,125,127" machi="70" ten="50,8000,1" yaku="18,1,34,3,52,1" doraHai="39" who="3" fromWho="1" sc="240,0,260,-80,245,0,245,90" /><INIT seed="2,0,0,3,5,94" ten="240,180,245,335" oya="2" hai0="74,63,78,41,36,54,106,104,65,105,99,34,59" hai1="86,27,26,93,135,131,4,80,88,16,116,44,32" hai2="128,101,39,64,90,100,79,31,111,83,96,10,67" hai3="35,29,72,25,122,117,49,108,30,55,87,124,7"/><V52/><F128/><W45/><G72/><T119/><D34/><U121/><E116/><V130/><F130/><W56/><G117/><T103/><D119/><U123/><E131/><V38/><F38/><W62/><G122/><N who="1" m="46602" /><E135/><V112/><F112/><W109/><G124/><T37/><D54/><U46/><E4/><V57/><F39/><W127/><G127/><T132/><D132/><U21/><E80/><V23/><F10/><W20/><G7/><T134/><D134/><U33/><E33/><V2/><F2/><W118/><G87/><T15/><D15/><U120/><N who="1" m="46610" /><U81/><DORA hai="73" /><E81/><V98/><F111/><N who="3" m="42571" /><G118/><T115/><D115/><U95/><E93/><N who="2" m="56375" /><F23/><W69/><G69/><T125/><D125/><U113/><E113/><V126/><F31/><AGARI ba="0,0" hai="16,21,26,27,31,32,44,46,86,88,95" m="46610" machi="31" ten="40,5200,0" yaku="13,1,54,2" doraHai="94,73" who="1" fromWho="2" sc="240,0,180,52,245,-52,335,0" /><INIT seed="3,0,0,2,4,78" ten="240,232,193,335" oya="3" hai0="94,31,60,92,39,89,44,112,96,125,111,121,83" hai1="50,113,22,40,37,17,98,11,2,28,105,73,25" hai2="130,49,106,66,114,104,0,24,57,91,85,68,9" hai3="46,131,69,65,93,116,123,76,70,126,135,8,115"/><W4/><G93/><T84/><D121/><U120/><E120/><V134/><F114/><W100/><G100/><T86/><D112/><U21/><E113/><V127/><F130/><W133/><G46/><T7/><D111/><U128/><E128/><V74/><F74/><W12/><G76/><T81/><D125/><U56/><E73/><V79/><F79/><W82/><G65/><T5/><D31/><U52/><E37/><V87/><F87/><W14/><G14/><T55/><D39/><U16/><E40/><V41/><F127/><W95/><G70/><T54/><D60/><U119/><E119/><V47/><F134/><W132/><G69/><T102/><D92/><U48/><E48/><V43/><F43/><W71/><G95/><T23/><D23/><U35/><E35/><V59/><F68/><W10/><G71/><T38/><D38/><U108/><E108/><V27/><F106/><W15/><G8/><T80/><D80/><U13/><E2/><V107/><F104/><W53/><G82/><T72/><D72/><U101/><REACH who="1" step="1"/><E21/><REACH who="1" ten="240,222,193,335" step="2"/><V97/><F0/><N who="3" m="263" /><G135/><T117/><D117/><U29/><AGARI ba="0,1" hai="11,13,16,17,22,25,28,29,50,52,56,98,101,105" machi="29" ten="30,8000,1" yaku="1,1,0,1,54,2,53,1" doraHai="78" doraHaiUra="103" who="1" fromWho="1" sc="240,-20,222,90,193,-20,335,-40" owari="220,-18.0,312,41.2,173,-32.7,295,9.5" /></mjloggm>