<mjloggm ver="2.3"><GO type="225" lobby="0"/><UN n0="%E3%81%95%E3%81%8D%E3%81%9F%E3%81%BE%E6%9E%97%E6%AA%8E" n1="%E3%81%AF%E3%82%88%E3%81%8A%E3%81%98%E3%81%95%E3%82%93" n2="%E3%81%9F%E3%81%93%E2%98%86%E7%84%BC%E3%81%8D" n3="%6D%75%75%6D%75%72%61" dan="16,16,16,16" rate="2077.13,2091.69,2070.92,2159.46" sx="M,M,M,F"/><TAIKYOKU oya="0"/><INIT seed="0,0,0,2,3,67" ten="250,250,250,250" oya="0" hai0="70,18,0,98,104,3,109,36,50,58,41,19,68" hai1="83,55,23,63,129,28,113,115,127,80,90,49,118" hai2="92,62,46,88,125,85,13,32,16,5,110,105,107" hai3="6,21,84,44,35,42,114,69,101,59,17,56,53"/><T97/><D36/><U2/><E118/><V131/><F32/><W48/><G35/><T120/><D120/><U7/><E127/><V60/><F125/><W39/><G114/><N who="1" m="43530" /><E129/><V57/><F131/><W43/><G43/><T91/><D41/><U79/><E2/><V112/><F5/><W100/><G6/><T130/><D130/><U106/><E7/><V25/><F25/><W9/><G9/><T71/><D104/><U126/><E106/><V20/><F110/><W47/><G84/><T37/><D37/><U132/><E132/><V54/><F112/><W95/><G69/><T121/><D121/><U61/><E90/><V96/><F46/><W123/><G123/><T12/><D19/><U40/><E40/><V34/><F34/><W26/><G100/><T66/><D109/><U119/><E119/><V22/><F22/><W134/><G134/><T4/><D4/><U65/><E126/><V14/><F14/><W8/><G8/><T78/><D78/><U135/><E135/><V94/><REACH who="2" step="1"/><F62/><REACH who="2" ten="250,250,240,250" step="2"/><W24/><G26/><T30/><D0/><U87/><E23/><V82/><F82/><W10/><G10/><T33/><D3/><U77/><E28/><V111/><F111/><W89/><G44/><T99/><D30/><U64/><E61/><V1/><F1/><W124/><G124/><T27/><D33/><U116/><E63/><V81/><F81/><W72/><G24/><T128/><D27/><U108/><E116/><V52/><F52/><W102/><G47/><T74/><D128/><U103/><E108/><V133/><F133/><W31/><G31/><RYUUKYOKU ba="0,1" sc="250,-10,250,-10,240,30,250,-10" hai2="13,16,20,54,57,60,85,88,92,94,96,105,107" /><INIT seed="1,1,1,4,2,43" ten="240,240,270,240" oya="1" hai0="26,51,17,33,134,72,104,23,132,101,117,9,40" hai1="111,49,128,124,24,59,71,86,25,76,125,34,36" hai2="28,41,126,3,119,14,64,50,105,108,70,42,16" hai3="78,67,103,53,11,133,46,98,68,38,130,4,80"/><U95/><E36/><V127/><F3/><W99/><G130/><T135/><D117/><U60/><E128/><V61/><F105/><W29/><G133/><T54/><D40/><U106/><E106/><V109/><F28/><W27/><G68/><T15/><D33/><U74/><E74/><V47/><F119/><W85/><G67/><T97/><D72/><U73/><E73/><V7/><F7/><W91/><G78/><T20/><REACH who="0" step="1"/><D26/><REACH who="0" ten="230,240,270,240" step="2"/><U123/><E34/><V120/><F41/><W114/><G38/><T84/><D84/><U48/><E24/><V94/><F120/><W92/><G114/><T18/><D18/><U89/><E25/><V10/><REACH who="2" step="1"/><F94/><REACH who="2" ten="230,240,260,240" step="2"/><W65/><G92/><T77/><D77/><U81/><E123/><V19/><F19/><W63/><G29/><T2/><D2/><U88/><E76/><V31/><F31/><W52/><G27/><T5/><D5/><U32/><E32/><V45/><F45/><AGARI ba="1,3" hai="9,15,17,20,23,45,51,54,97,101,104,132,134,135" machi="45" ten="40,5200,0" yaku="1,1,20,1,52,1,53,0" doraHai="43" doraHaiUra="35" who="0" fromWho="2" sc="230,85,240,0,260,-55,240,0" /><INIT seed="2,0,0,2,2,77" ten="315,240,205,240" oya="2" hai0="124,8,102,66,62,57,20,131,2,67,104,107,59" hai1="99,53,0,1,12,115,90,86,6,130,132,108,46" hai2="113,61,54,45,31,21,119,35,50,40,14,109,39" hai3="121,129,80,114,34,111,64,11,5,128,56,106,51"/><V32/><F113/><W3/><G121/><T22/><D124/><U44/><E115/><V28/><F119/><W69/><G114/><T33/><D33/><U123/><E123/><V73/><F73/><W93/><G106/><T122/><D122/><U19/><E108/><V42/><F109/><W75/><G111/><T112/><D112/><U94/><E130/><V18/><F32/><W17/><G34/><T76/><D131/><U78/><E132/><V84/><F35/><W110/><G110/><T101/><D76/><U26/><E0/><V55/><F39/><W37/><G37/><T27/><D8/><U60/><E1/><V38/><F38/><W134/><G93/><T88/><D2/><U100/><E6/><V58/><REACH who="2" step="1"/><F84/><REACH who="2" ten="315,240,195,240" step="2"/><W81/><G75/><T47/><D107/><U36/><E86/><V103/><F103/><W13/><G128/><T16/><D104/><U43/><E100/><V85/><F85/><W117/><G129/><T24/><D102/><U74/><E74/><V133/><F133/><W30/><G117/><T25/><D101/><U7/><E36/><V41/><AGARI ba="0,1" hai="14,18,21,28,31,40,41,42,45,50,54,55,58,61" machi="41" ten="30,6000,0" yaku="1,1,0,1,8,1,53,0" doraHai="77" doraHaiUra="65" who="2" fromWho="2" sc="315,-20,240,-20,195,70,240,-20" /><INIT seed="2,1,0,0,1,31" ten="295,220,265,220" oya="2" hai0="25,133,100,103,102,83,43,63,64,81,70,56,69" hai1="65,19,2,54,11,7,53,114,47,110,86,18,38" hai2="123,67,119,26,55,82,74,129,116,34,27,36,20" hai3="29,77,17,126,51,0,13,61,59,10,15,75,5"/><V84/><F123/><W99/><G126/><T120/><D120/><U88/><E114/><V121/><F74/><W37/><G37/><T35/><D43/><U104/><E104/><V39/><F121/><W128/><G128/><T106/><D133/><U72/><E72/><V52/><F129/><W87/><G75/><T79/><D83/><U68/><E110/><V44/><F67/><W112/><G29/><N who="0" m="19887" /><D56/><U3/><E3/><V76/><F27/><W30/><G30/><T73/><D70/><U107/><E107/><V115/><F34/><W6/><G0/><T4/><D4/><U21/><E19/><V127/><F127/><W131/><G131/><T109/><D109/><U66/><E38/><V96/><F115/><W134/><G134/><T118/><D118/><U94/><E47/><V46/><F96/><AGARI ba="1,0" hai="63,64,69,73,79,81,96,100,102,103,106" m="19887" machi="96" ten="30,2000,0" yaku="25,1,52,1" doraHai="31" who="0" fromWho="2" sc="295,23,220,0,265,-23,220,0" /><INIT seed="3,0,0,5,0,32" ten="318,220,242,220" oya="3" hai0="119,7,5,49,72,135,94,20,98,8,128,82,68" hai1="40,44,105,100,123,96,85,134,97,86,80,37,109" hai2="53,29,3,46,101,81,59,35,11,107,78,63,89" hai3="54,33,116,58,90,23,106,18,110,76,103,91,36"/><W92/><G116/><T47/><D119/><U12/><E123/><V70/><F46/><W126/><G106/><T43/><D135/><U77/><E134/><V131/><F89/><W31/><G36/><T102/><D128/><U93/><E109/><V132/><F132/><W65/><G110/><T133/><D133/><U87/><E12/><V21/><F21/><W50/><G126/><T39/><D68/><U10/><E10/><V27/><F131/><W26/><G76/><N who="0" m="44295" /><D5/><U124/><E124/><V24/><F24/><W127/><G127/><T22/><D49/><U95/><E105/><V83/><F81/><W1/><G1/><AGARI ba="0,0" hai="1,7,8,20,22,39,43,47,94,98,102" m="44295" machi="1" ten="30,2000,0" yaku="25,1,52,1" doraHai="32" who="0" fromWho="3" sc="318,20,220,0,242,0,220,-20" owari="338,43.8,220,-18.0,242,4.2,200,-30.0" /></mjloggm>