<mjloggm ver="2.3"><GO type="225" lobby="0"/><UN n0="%E3%81%B5%E3%81%98%E3%81%8B%E3%81%A4" n1="%E4%BF%BA%E3%81%A8%E5%A6%96%E5%A4%A2" n2="%E3%81%8B%E3%82%8F%E3%81%A1%E3%82%83%E3%82%93%35%38" n3="%E6%A0%B9%E5%85%83%E3%81%8B%E3%82%89%E5%90%B9%E3%81%A3%E9%A3%9B%E3%81%B6" dan="16,17,16,17" rate="2104.44,2232.07,2138.15,2163.48" sx="M,F,M,F"/><TAIKYOKU oya="0"/><INIT seed="0,0,0,5,3,1" ten="250,250,250,250" oya="0" hai0="72,78,8,135,95,132,80,88,92,13,28,35,106" hai1="3,93,81,65,68,83,45,46,44,10,77,118,14" hai2="12,123,23,127,33,50,5,98,84,21,27,130,18" hai3="133,22,63,36,86,99,31,57,103,0,89,9,4"/><T20/><D106/><U131/><E118/><V75/><F75/><W29/><G133/><N who="0" m="51275" /><D35/><U25/><E131/><V16/><F123/><W37/><G36/><T26/><D95/><U60/><E3/><V126/><F130/><W55/><G37/><T101/><D101/><U43/><E25/><N who="2" m="14503" /><F84/><W47/><G22/><T105/><D105/><U129/><E93/><V97/><F50/><W7/><G47/><T90/><D92/><U76/><E129/><V108/><F108/><W49/><G49/><T116/><D116/><U134/><E134/><V69/><F69/><W124/><G99/><T112/><D112/><U32/><E32/><V71/><F71/><W59/><G103/><T85/><D72/><U40/><E81/><V104/><F104/><W62/><G124/><N who="2" m="47657" /><F33/><W79/><G59/><T115/><D115/><U87/><REACH who="1" step="1"/><E76/><REACH who="1" ten="250,240,250,250" step="2"/><V100/><F100/><W91/><G79/><T48/><D48/><U39/><E39/><V54/><F98/><W24/><G91/><T73/><D73/><U74/><E74/><V58/><F97/><W122/><G89/><T52/><D78/><U11/><E11/><V30/><F27/><W51/><G24/><T66/><D90/><U70/><E70/><V96/><F96/><W56/><G9/><T128/><D128/><U38/><E38/><V17/><F30/><W120/><G29/><T109/><D109/><U102/><E102/><V42/><F23/><W82/><G31/><T107/><D107/><U67/><E67/><V19/><F42/><W34/><G122/><T113/><D66/><U53/><E53/><V15/><F54/><RYUUKYOKU ba="0,1" sc="250,-10,240,30,250,-10,250,-10" hai1="10,14,40,43,44,45,46,60,65,68,77,83,87" /><INIT seed="1,1,1,3,1,113" ten="240,270,240,240" oya="1" hai0="120,32,52,64,53,62,83,27,108,95,35,3,69" hai1="16,111,67,31,40,10,101,0,126,115,72,26,63" hai2="70,5,74,99,78,117,135,130,39,50,55,106,104" hai3="133,7,14,125,30,81,51,85,13,71,11,93,58"/><U61/><E115/><V73/><F39/><W4/><G125/><T116/><D3/><U22/><E72/><N who="2" m="27755" /><F5/><W102/><G71/><T75/><D116/><U29/><E126/><V98/><F50/><W89/><G30/><T96/><D108/><U6/><E111/><V134/><F55/><N who="3" m="32127" /><G133/><N who="2" m="50697" /><F70/><W42/><G42/><T107/><D120/><U48/><E101/><V59/><F59/><W100/><G93/><T87/><D35/><U23/><E67/><V88/><F78/><W86/><G7/><T84/><D75/><U2/><E2/><V17/><F17/><W132/><G132/><T129/><D129/><U82/><E31/><V38/><F38/><W45/><G45/><T94/><D107/><N who="2" m="41002" /><F130/><W15/><G11/><T123/><D32/><U46/><REACH who="1" step="1"/><E82/><REACH who="1" ten="240,260,240,240" step="2"/><V65/><F65/><W90/><G4/><T44/><D64/><U105/><E105/><V24/><F117/><W8/><G102/><T131/><D83/><U54/><E54/><V9/><F9/><W112/><G100/><T1/><D53/><U119/><E119/><V128/><F128/><W76/><G112/><T57/><D131/><U114/><E114/><V127/><F127/><W19/><G76/><T68/><D52/><U56/><E56/><V33/><F88/><N who="3" m="33899" /><G81/><T109/><D109/><U122/><E122/><V110/><F110/><W28/><G28/><AGARI ba="1,2" hai="24,28,33,98,99" m="41002,50697,27755" machi="28" ten="40,1300,0" yaku="20,1" doraHai="113" who="2" fromWho="3" sc="240,0,260,0,240,36,240,-16" /><INIT seed="2,0,0,5,0,60" ten="240,260,276,224" oya="2" hai0="2,92,7,13,67,70,129,106,51,120,75,32,63" hai1="71,3,85,123,128,14,114,117,134,89,61,12,113" hai2="125,100,101,83,31,126,33,74,91,98,59,35,109" hai3="10,118,82,86,52,135,24,93,22,58,53,84,76"/><V50/><F74/><W19/><G135/><T119/><D120/><U55/><E117/><V127/><F109/><W65/><G118/><T16/><D119/><U108/><E3/><V132/><F132/><W48/><G10/><T73/><D32/><N who="2" m="12362" /><F31/><W131/><G131/><T88/><D106/><U47/><E134/><V95/><F83/><W97/><G84/><T121/><D121/><U102/><E128/><V105/><F105/><W66/><G53/><AGARI ba="0,0" hai="50,53,59,91,95,98,100,101,125,126,127" m="12362" machi="53" ten="40,2000,0" yaku="18,1" doraHai="60" who="2" fromWho="3" sc="240,0,260,0,276,20,224,-20" /><INIT seed="2,1,0,2,5,25" ten="240,260,296,204" oya="2" hai0="100,74,109,120,71,81,107,113,46,45,58,24,69" hai1="131,119,90,66,106,91,49,6,2,108,48,93,116" hai2="56,115,103,104,82,96,79,9,133,118,12,44,21" hai3="80,32,15,52,30,84,7,117,78,38,4,33,54"/><V50/><F133/><W121/><G117/><T89/><D113/><U37/><E37/><V16/><F115/><W42/><G121/><T111/><D120/><U77/><E66/><V130/><F130/><W95/><G38/><T39/><D58/><U94/><E6/><V8/><F56/><W14/><G42/><N who="0" m="22751" /><D46/><U0/><E77/><V127/><F127/><W124/><G124/><T73/><D89/><U110/><REACH who="1" step="1"/><E106/><REACH who="1" ten="240,250,296,204" step="2"/><V53/><F118/><W97/><G4/><T102/><D107/><U99/><E99/><V68/><F68/><W75/><G7/><T70/><D70/><U64/><E64/><V87/><AGARI ba="1,1" hai="8,9,12,16,21,44,50,53,79,82,87,96,103,104" machi="87" ten="20,3900,0" yaku="0,1,7,1,54,1" doraHai="25" who="2" fromWho="2" sc="240,-14,250,-14,296,52,204,-14" /><INIT seed="2,2,0,2,4,102" ten="226,236,348,190" oya="2" hai0="31,49,112,127,73,71,122,96,55,62,86,1,37" hai1="109,89,132,133,87,11,22,5,100,129,110,42,46" hai2="111,2,40,123,95,106,91,21,113,107,76,47,17" hai3="120,53,58,79,15,81,64,33,59,116,121,54,67"/><V84/><F113/><W48/><G33/><T135/><D31/><U35/><E22/><V105/><F123/><W134/><G15/><T4/><D86/><U36/><E35/><V18/><F2/><W60/><G79/><T119/><D96/><U126/><E100/><V97/><F111/><N who="1" m="42505" /><E126/><V130/><F130/><W75/><G81/><T29/><D29/><U12/><E129/><V72/><F72/><W125/><G75/><T77/><D112/><U63/><E63/><V61/><F61/><N who="3" m="36047" /><G125/><T98/><D122/><N who="3" m="47209" /><G116/><T68/><D127/><U117/><E117/><V93/><F21/><W20/><G20/><T32/><D32/><U52/><E52/><V66/><F66/><N who="3" m="25131" /><G134/><T56/><D135/><U88/><E89/><V16/><F76/><W65/><N who="3" m="25139" /><W103/><DORA hai="8" /><G103/><T78/><D119/><U101/><E101/><V128/><F128/><W44/><G60/><T74/><D62/><U69/><E69/><V83/><REACH who="2" step="1"/><F97/><REACH who="2" ten="226,236,338,190" step="2"/><W6/><G6/><T0/><D4/><U92/><AGARI ba="2,1" hai="5,11,12,36,42,46,87,88,92,132,133" m="42505" machi="92" ten="30,4000,0" yaku="14,1,52,1,54,1" doraHai="102,8" who="1" fromWho="1" sc="226,-12,236,56,338,-22,190,-12" /><INIT seed="3,0,0,0,5,120" ten="214,292,316,178" oya="3" hai0="128,122,68,1,107,113,0,54,17,69,98,130,55" hai1="49,80,48,56,96,10,83,133,131,109,71,58,126" hai2="101,108,57,79,88,23,53,13,50,14,129,4,76" hai3="61,3,91,114,82,87,9,35,70,44,94,104,11"/><W42/><G114/><T66/><D113/><U63/><E71/><N who="0" m="27209" /><D17/><U86/><E96/><V20/><F20/><W33/><G104/><T99/><D66/><U110/><E133/><V21/><F129/><N who="0" m="49770" /><D122/><U62/><E131/><V29/><F29/><W115/><G115/><T19/><D19/><U27/><E10/><V46/><F21/><W81/><G35/><T18/><D18/><U39/><E39/><V31/><F23/><W22/><G33/><T117/><D117/><U132/><E132/><V26/><F31/><W111/><G22/><T15/><D15/><U65/><E126/><V2/><F14/><W28/><G28/><T123/><D123/><U45/><E45/><V30/><F46/><W7/><G11/><T85/><D85/><U37/><E37/><V89/><F13/><W124/><G124/><T74/><D74/><U102/><E102/><V38/><F101/><W5/><G5/><T59/><D107/><U24/><E86/><V36/><F36/><W16/><G16/><T90/><D90/><U25/><E25/><V64/><F38/><W100/><G100/><T116/><D116/><U84/><E84/><V134/><F4/><W72/><G72/><T95/><D95/><U105/><E105/><V8/><F26/><W127/><G127/><T118/><D118/><U51/><E51/><V119/><F119/><W67/><G111/><T32/><D32/><U34/><E34/><V12/><F108/><W77/><G77/><T47/><D47/><U92/><E65/><V106/><F106/><W75/><G75/><T6/><D6/><U121/><E121/><RYUUKYOKU ba="0,0" sc="214,-15,292,15,316,-15,178,15" hai1="24,27,48,49,56,58,62,63,80,83,92,109,110" hai3="3,7,9,42,44,61,67,70,81,82,87,91,94" /><INIT seed="3,1,0,1,2,19" ten="199,307,301,193" oya="3" hai0="124,78,117,77,10,62,36,59,25,127,100,109,75" hai1="38,57,126,86,41,101,28,42,69,30,15,84,49" hai2="89,63,55,112,98,37,110,33,122,85,1,94,103" hai3="0,105,93,97,7,72,44,133,46,16,23,4,67"/><W24/><G72/><T21/><D117/><U60/><E38/><V5/><F112/><W45/><G133/><T79/><D36/><U135/><E69/><V58/><F33/><W65/><G105/><T102/><D109/><U50/><E135/><V115/><F115/><W40/><G40/><N who="1" m="15466" /><E15/><V96/><F37/><W11/><REACH who="3" step="1"/><G7/><REACH who="3" ten="199,307,301,183" step="2"/><T27/><D75/><U92/><E126/><N who="0" m="48169" /><D10/><U131/><E131/><V99/><F110/><W34/><G34/><T73/><D73/><U12/><E50/><V53/><F122/><W29/><G29/><N who="0" m="17583" /><D27/><U68/><E49/><V3/><F5/><W132/><G132/><T118/><D118/><U76/><E30/><V134/><F134/><W91/><AGARI ba="1,1" hai="0,4,11,16,23,24,44,45,46,65,67,91,93,97" machi="91" ten="30,12000,1" yaku="1,1,0,1,52,1,54,1,53,1" doraHai="19" doraHaiUra="90" who="3" fromWho="3" sc="199,-41,307,-41,301,-41,183,133" owari="158,-34.2,266,6.6,260,-14.0,316,41.6" /></mjloggm>