<mjloggm ver="2.3"><GO type="225" lobby="0"/><UN n0="%E3%83%96%E3%83%A9%E3%82%B6%E3%83%BC" n1="%43%68%65" n2="%E6%80%AA%E3%81%97%E3%81%99%E3%81%8E%E3%82%8B%E3%83%81%E3%83%BC" n3="%6D%75%75%6D%75%72%61" dan="16,16,16,16" rate="2123.05,2156.56,2162.24,2161.67" sx="M,M,M,F"/><TAIKYOKU oya="0"/><INIT seed="0,0,0,2,1,89" ten="250,250,250,250" oya="0" hai0="130,11,109,121,93,47,49,66,111,52,54,72,8" hai1="32,132,23,80,38,28,119,45,41,27,99,105,127" hai2="21,100,115,20,79,53,94,98,96,56,103,1,37" hai3="90,62,123,33,60,86,67,42,71,22,19,83,0"/><T116/><D116/><U14/><E119/><V135/><F115/><W74/><G123/><T124/><D121/><U39/><E127/><V36/><F135/><W76/><G33/><T50/><D72/><U7/><E132/><V13/><F1/><W92/><G0/><T75/><D75/><U4/><E39/><V131/><F131/><W43/><REACH who="3" step="1"/><G62/><REACH who="3" ten="250,250,250,240" step="2"/><T97/><D124/><U128/><E128/><V30/><F36/><W51/><G51/><T102/><D130/><U108/><E32/><V15/><F37/><W82/><G82/><T126/><D126/><U46/><E80/><V9/><F79/><W34/><G34/><T25/><D66/><U125/><E125/><V78/><F78/><W129/><G129/><T122/><D122/><U17/><E38/><V10/><F30/><W26/><AGARI ba="0,1" hai="19,22,26,42,43,60,67,71,74,76,83,86,90,92" machi="26" ten="20,8000,1" yaku="1,1,0,1,7,1,52,1,53,1" doraHai="89" doraHaiUra="104" who="3" fromWho="3" sc="250,-40,250,-20,250,-20,240,90" /><INIT seed="1,0,0,4,0,7" ten="210,230,230,330" oya="1" hai0="81,90,130,82,114,63,2,18,65,59,134,115,52" hai1="12,76,94,97,54,43,120,24,47,93,83,64,100" hai2="96,118,98,126,117,31,35,40,129,50,119,75,8" hai3="4,112,101,56,69,51,0,20,92,41,29,45,62"/><U61/><E120/><V39/><F75/><W108/><G112/><T34/><D130/><U102/><E54/><V70/><F129/><W107/><G108/><T131/><D131/><U121/><E121/><V25/><F126/><W113/><G113/><T16/><D34/><U26/><E12/><V11/><F70/><W133/><G69/><T30/><D30/><U104/><E104/><V123/><F39/><W72/><G72/><T58/><D134/><U103/><E61/><V86/><F86/><W1/><G107/><T10/><D114/><U122/><E64/><V23/><F23/><W71/><G71/><T68/><D68/><U87/><E122/><V105/><F123/><W13/><G133/><T132/><D132/><U46/><E94/><V15/><F105/><W106/><G106/><T19/><D90/><N who="1" m="55479" /><E43/><V73/><F73/><W32/><G32/><T80/><D115/><U67/><E67/><V109/><F109/><W42/><G42/><T88/><D2/><U95/><E95/><V91/><F15/><W27/><G13/><N who="0" m="7223" /><D88/><U53/><E53/><V60/><F91/><W22/><G22/><T57/><D57/><U44/><AGARI ba="0,0" hai="24,26,44,46,47,76,83,87,100,102,103" m="55479" machi="44" ten="30,1500,0" yaku="8,1" doraHai="7" who="1" fromWho="1" sc="210,-5,230,15,230,-5,330,-5" /><INIT seed="1,1,0,1,0,1" ten="205,245,225,325" oya="1" hai0="37,122,35,50,55,129,29,128,0,131,95,96,3" hai1="135,119,21,38,19,98,104,89,10,101,79,61,86" hai2="28,48,84,25,53,66,102,36,112,17,68,91,64" hai3="124,125,58,67,15,8,7,60,115,90,110,94,54"/><U23/><E119/><V80/><F36/><W6/><G115/><T52/><D37/><U14/><E38/><V74/><F68/><W99/><G110/><T63/><D122/><U117/><E117/><V103/><F112/><W76/><G76/><T71/><D35/><U114/><E114/><V88/><F74/><W18/><REACH who="3" step="1"/><G67/><REACH who="3" ten="205,245,225,315" step="2"/><N who="0" m="41471" /><D29/><U72/><E135/><V100/><F28/><W4/><AGARI ba="1,1" hai="4,6,7,8,15,18,54,58,60,90,94,99,124,125" machi="4" ten="30,12000,2" yaku="1,1,0,1,52,3,53,1" doraHai="1" doraHaiUra="11" who="3" fromWho="3" sc="205,-31,245,-61,225,-31,315,133" /><INIT seed="2,0,0,1,2,40" ten="174,184,194,448" oya="2" hai0="41,12,8,123,87,32,75,79,83,67,130,91,107" hai1="37,90,38,23,1,132,11,64,106,125,114,52,0" hai2="122,33,131,80,62,49,115,77,25,101,48,84,72" hai3="58,113,127,28,30,55,31,71,63,128,21,66,61"/><V59/><F115/><W118/><G118/><T60/><D130/><U68/><E114/><V9/><F122/><W29/><G113/><T17/><D123/><U7/><E106/><V104/><F131/><W5/><G128/><T102/><D32/><U129/><E129/><V53/><F72/><W89/><G127/><T3/><D3/><U85/><E1/><V22/><F33/><W16/><G31/><T92/><D41/><U117/><E117/><V39/><F39/><W109/><G109/><T24/><D24/><U20/><E125/><V124/><F124/><W54/><G5/><T27/><D27/><U36/><E132/><V76/><F76/><W69/><G89/><T15/><D15/><U135/><E135/><V94/><F9/><W121/><G121/><T14/><D14/><U78/><E78/><V96/><REACH who="2" step="1"/><F104/><REACH who="2" ten="174,184,184,448" step="2"/><W74/><G74/><T65/><D60/><U95/><E36/><V110/><F110/><W47/><G63/><T46/><D46/><U2/><E38/><V86/><F86/><W73/><G73/><T57/><D57/><U119/><E37/><V34/><F34/><W13/><G47/><T82/><D82/><U56/><E119/><V120/><F120/><W99/><G69/><T111/><D111/><U100/><E68/><V134/><F134/><W81/><G71/><T108/><D108/><U6/><E11/><V103/><F103/><W43/><G58/><T98/><AGARI ba="0,1" hai="8,12,17,65,67,75,79,83,87,91,92,98,102,107" machi="98" ten="30,4000,0" yaku="0,1,24,2" doraHai="40" who="0" fromWho="0" sc="174,50,184,-10,184,-20,448,-10" /><INIT seed="3,0,0,2,3,134" ten="224,174,164,438" oya="3" hai0="16,120,18,84,133,90,70,101,46,63,27,124,34" hai1="109,126,78,76,43,50,79,131,115,69,38,39,37" hai2="8,49,41,117,127,14,2,42,51,96,58,6,71" hai3="0,86,40,74,59,31,1,44,60,116,64,5,107"/><W22/><G74/><T11/><D120/><U75/><E115/><V130/><F71/><W121/><G121/><T45/><D101/><U62/><E109/><V128/><F117/><W36/><G107/><T99/><D99/><U47/><E131/><N who="2" m="50219" /><F127/><W123/><G123/><T104/><D84/><U103/><E126/><V57/><F2/><W92/><G5/><T65/><D90/><U102/><REACH who="1" step="1"/><E75/><REACH who="1" ten="224,164,164,438" step="2"/><V29/><F29/><W135/><G135/><T32/><D124/><U98/><E98/><V53/><F96/><W61/><G61/><T122/><D63/><U68/><E68/><V13/><F13/><W30/><G30/><T132/><D70/><U106/><E106/><V100/><F100/><W80/><G80/><T72/><D104/><U85/><E85/><V55/><AGARI ba="0,1" hai="6,8,14,41,42,49,51,53,55,57,58" m="50219" machi="55" ten="30,1100,0" yaku="19,1" doraHai="134" who="2" fromWho="2" sc="224,-3,164,-3,164,21,438,-5" owari="221,2.1,161,-33.9,185,-21.5,433,53.3" /></mjloggm>