<mjloggm ver="2.3"><GO type="225" lobby="0"/><UN n0="%E7%B4%94%E6%BD%94%E3%83%94%E3%83%A9%E3%83%8B%E3%82%A2" n1="%E3%81%BF%E3%81%BF%E3%81%9A" n2="%E6%B0%B7%E5%B7%9D%E9%87%8C%E5%A5%88" n3="%E3%81%82%E3%81%99%E3%81%AB%E3%82%83%E3%82%80" dan="17,17,16,16" rate="2173.62,2264.11,2087.76,2130.32" sx="M,M,F,F"/><TAIKYOKU oya="0"/><INIT seed="0,0,0,2,1,11" ten="250,250,250,250" oya="0" hai0="8,41,120,51,80,66,87,101,57,69,91,81,49" hai1="94,115,0,68,65,111,38,48,9,24,114,119,95" hai2="121,130,88,118,110,31,17,2,64,33,97,125,71" hai3="23,54,126,117,112,72,29,113,36,55,46,109,6"/><T75/><D69/><U52/><E119/><V63/><F121/><W89/><G117/><T104/><D120/><U7/><E38/><V96/><F118/><W20/><G109/><T32/><D32/><U73/><E73/><V92/><F110/><W102/><G72/><T74/><D74/><U67/><E24/><V13/><F125/><W1/><G126/><T105/><D101/><U127/><E111/><V37/><F130/><W82/><G102/><T61/><D49/><U47/><E127/><V50/><F2/><W3/><G89/><T116/><D116/><U4/><E4/><V16/><F37/><W30/><G82/><T21/><D21/><U45/><E45/><V122/><F122/><W5/><G46/><T107/><D51/><U103/><E68/><V26/><F50/><W131/><REACH who="3" step="1"/><G36/><REACH who="3" ten="250,250,250,240" step="2"/><T60/><D75/><U77/><E77/><V133/><F133/><W123/><G123/><T124/><D124/><U132/><E132/><V86/><REACH who="2" step="1"/><F17/><REACH who="2" ten="250,250,240,240" step="2"/><W93/><G93/><T100/><D107/><U58/><E94/><V62/><F62/><W135/><G135/><T90/><D105/><U108/><E108/><V35/><F35/><W42/><G42/><T34/><D60/><U98/><REACH who="1" step="1"/><E47/><REACH who="1" ten="250,240,240,240" step="2"/><V56/><F56/><W12/><G12/><T14/><D104/><U53/><E53/><V22/><AGARI ba="0,3" hai="13,16,22,26,31,33,63,64,71,86,88,92,96,97" machi="22" ten="20,12000,2" yaku="1,1,0,1,7,1,52,1,54,2,53,1" doraHai="11" doraHaiUra="84" who="2" fromWho="2" sc="250,-60,240,-30,240,150,240,-30" /><INIT seed="1,0,0,5,1,77" ten="190,210,390,210" oya="1" hai0="5,126,71,97,91,41,63,128,118,50,86,78,24" hai1="1,121,52,10,104,32,60,111,89,11,9,38,4" hai2="103,119,62,61,39,13,34,79,99,19,35,124,58" hai3="109,76,49,108,106,114,85,45,47,40,70,26,87"/><U16/><E121/><V33/><F119/><W72/><G114/><T14/><D118/><U7/><E38/><V64/><F39/><W88/><G106/><T17/><D128/><U43/><E32/><V127/><F79/><W132/><G70/><T46/><D126/><N who="2" m="48170" /><F61/><W82/><G132/><T18/><D71/><U27/><E43/><V31/><F31/><W59/><G26/><T92/><D63/><U125/><E104/><N who="2" m="63615" /><F34/><W81/><G59/><T65/><D65/><U90/><E111/><N who="3" m="42570" /><G47/><T95/><D24/><U36/><E36/><V133/><F133/><W129/><G129/><T66/><D66/><U112/><E112/><V74/><F74/><AGARI ba="0,0" hai="40,45,49,72,74,76,81,82,85,87,88" m="42570" machi="74" ten="30,7700,0" yaku="14,1,52,2,54,1" doraHai="77" who="3" fromWho="2" sc="190,0,210,0,390,-77,210,77" /><INIT seed="2,0,0,3,4,128" ten="190,210,313,287" oya="2" hai0="8,135,36,99,111,13,133,134,122,48,85,20,77" hai1="52,33,84,54,61,123,100,113,114,2,18,74,35" hai2="72,10,94,68,119,110,90,9,38,87,47,102,125" hai3="65,11,43,86,59,4,25,34,6,41,70,26,130"/><V103/><F119/><W79/><G70/><T116/><D116/><U73/><E2/><V15/><F72/><W107/><G107/><T112/><D112/><U23/><E100/><V83/><F68/><W44/><G130/><T14/><D122/><U42/><E42/><V21/><F125/><W117/><G117/><T96/><D36/><U29/><E29/><V98/><F110/><W121/><G121/><T92/><D111/><U81/><E123/><V109/><F109/><W46/><G65/><T19/><D48/><U1/><E1/><V16/><REACH who="2" step="1"/><F102/><REACH who="2" ten="190,210,303,287" step="2"/><W75/><G75/><T118/><D118/><U3/><E74/><V78/><F78/><W64/><G79/><T80/><REACH who="0" step="1"/><D92/><REACH who="0" ten="180,210,303,287" step="2"/><U76/><E113/><V39/><F39/><W101/><G101/><T53/><D53/><U5/><E114/><V91/><F91/><W131/><G131/><T88/><D88/><U132/><E52/><V60/><F60/><W40/><G43/><AGARI ba="0,2" hai="9,10,15,16,21,38,43,47,83,87,90,94,98,103" machi="43" ten="40,3900,0" yaku="1,1,54,1,53,0" doraHai="128" doraHaiUra="24" who="2" fromWho="3" sc="180,0,210,0,303,59,287,-39" /><INIT seed="2,1,0,1,1,129" ten="180,210,362,248" oya="2" hai0="39,15,132,83,9,85,46,89,56,111,86,28,10" hai1="110,91,133,16,116,74,65,75,41,4,33,38,70" hai2="3,119,125,130,36,79,103,102,40,117,81,31,122" hai3="17,95,104,20,123,108,105,128,12,71,23,62,21"/><V68/><F122/><W92/><G108/><T124/><D111/><U48/><E110/><V2/><F68/><W26/><G123/><T82/><D124/><U80/><E116/><V60/><F31/><W13/><G128/><T59/><D28/><U63/><E33/><V29/><F29/><W127/><G127/><T69/><D69/><U67/><E67/><V98/><F125/><W37/><G37/><T1/><D1/><U6/><E133/><V114/><F130/><W101/><G101/><T49/><D39/><U0/><E48/><V18/><F114/><W99/><G99/><T32/><D32/><U94/><E16/><V25/><F60/><W106/><G62/><T126/><D132/><U66/><E66/><V100/><F98/><W134/><G71/><T50/><D126/><U30/><E30/><V77/><F25/><W73/><G73/><T96/><D96/><U35/><E35/><V8/><F18/><W34/><G134/><T121/><D121/><U5/><E0/><V51/><F77/><W72/><G72/><T107/><D107/><U45/><REACH who="1" step="1"/><E80/><REACH who="1" ten="180,200,362,248" step="2"/><V90/><F51/><W93/><G17/><N who="0" m="8431" /><D10/><U47/><E47/><V120/><F8/><W78/><G34/><T7/><D7/><U57/><E57/><N who="0" m="22089" /><D46/><U84/><AGARI ba="1,1" hai="4,5,6,38,41,45,63,65,70,74,75,84,91,94" machi="84" ten="30,2000,0" yaku="1,1,0,1,53,0" doraHai="129" doraHaiUra="22" who="1" fromWho="1" sc="180,-6,200,33,362,-11,248,-6" /><INIT seed="3,0,0,0,1,101" ten="174,233,351,242" oya="3" hai0="4,13,84,26,27,105,52,39,32,120,85,1,133" hai1="108,110,72,90,25,115,50,41,15,53,123,64,77" hai2="67,61,106,104,73,74,22,87,35,43,42,33,24" hai3="78,7,126,80,14,65,36,11,96,83,121,81,116"/><W88/><G116/><T57/><D39/><U16/><E115/><V70/><F87/><W68/><G36/><T44/><D120/><U107/><E123/><V125/><F125/><W117/><G117/><T18/><D133/><U97/><E64/><V98/><F22/><W103/><G121/><T19/><D44/><U99/><E25/><V102/><F104/><W131/><G126/><T132/><D132/><U69/><E69/><V124/><F124/><W62/><G131/><T10/><D105/><U75/><E41/><N who="2" m="15371" /><F35/><W59/><G68/><T118/><D118/><U60/><E60/><V31/><AGARI ba="0,0" hai="24,31,33,61,67,70,73,74,98,102,106" m="15371" machi="31" ten="30,2000,0" yaku="25,1,52,1" doraHai="101" who="2" fromWho="2" sc="174,-5,233,-5,351,20,242,-10" owari="169,-33.1,228,-17.2,371,47.1,232,3.2" /></mjloggm>