<mjloggm ver="2.3"><GO type="225" lobby="0"/><UN n0="%E6%98%93%E5%88%A9%E8%96%A9%E4%BC%AF" n1="%E5%B0%8F%E9%B3%A5%E9%81%8A%E7%B7%B4%E7%84%A1%32%31%E6%AD%B3" n2="%E6%B8%A9%E2%98%85%E6%83%85%E2%98%85%E6%8E%AA%E2%98%85%E7%BD%AE" n3="%E3%81%86%E3%83%BC%E3%81%B1%E3%83%BC" dan="16,16,17,16" rate="2048.90,2185.02,2229.99,2155.88" sx="F,F,M,F"/><TAIKYOKU oya="0"/><INIT seed="0,0,0,3,2,61" ten="250,250,250,250" oya="0" hai0="116,59,5,107,9,87,22,0,115,46,86,117,96" hai1="69,130,73,126,52,13,84,28,88,129,123,60,135" hai2="53,47,103,105,78,121,8,65,17,128,36,66,77" hai3="15,113,127,35,120,7,108,54,33,92,94,79,26"/><T16/><D115/><U40/><E73/><V11/><F121/><W74/><G113/><T75/><D75/><U70/><E123/><V118/><F36/><W114/><G120/><T101/><D46/><U72/><E72/><V44/><F128/><N who="1" m="49257" /><E40/><V1/><F1/><W106/><G106/><T110/><D110/><U57/><E135/><V29/><F29/><W76/><G35/><T81/><D59/><U24/><E13/><N who="2" m="7335" /><F105/><W25/><G33/><T51/><D51/><U56/><E56/><V6/><F103/><W55/><G15/><T64/><D64/><N who="2" m="24682" /><F118/><W37/><G37/><T97/><D97/><U4/><E4/><V62/><F62/><W104/><G104/><T122/><D87/><U23/><E126/><V102/><F102/><W32/><G32/><T125/><D125/><U48/><E60/><V95/><F95/><AGARI ba="0,0" hai="23,24,28,48,52,57,69,70,84,88,95" m="49257" machi="95" ten="30,3900,0" yaku="19,1,54,2" doraHai="61" who="1" fromWho="2" sc="250,0,250,39,250,-39,250,0" /><INIT seed="1,0,0,4,0,119" ten="250,289,211,250" oya="1" hai0="91,0,106,64,88,110,8,29,39,20,33,133,27" hai1="50,127,41,87,62,135,132,101,28,86,107,51,55" hai2="90,78,102,112,77,3,35,84,124,56,68,96,30" hai3="26,25,113,109,43,34,92,47,49,12,79,38,65"/><U11/><E127/><V71/><F3/><W4/><G113/><T121/><D39/><U19/><E28/><V85/><F124/><W21/><G109/><T48/><D106/><U115/><E115/><V116/><F116/><W66/><G34/><T72/><D72/><U74/><E74/><V67/><F112/><W100/><G38/><T104/><D104/><U117/><E117/><V125/><F125/><W80/><G92/><T14/><D64/><U76/><E41/><V58/><F35/><W53/><G53/><T16/><D110/><U42/><E42/><V108/><F108/><W97/><G97/><T131/><D131/><U57/><E101/><V81/><F30/><W114/><G100/><T37/><D37/><U40/><E107/><V7/><F7/><W95/><G95/><T70/><D70/><U9/><E40/><V45/><F45/><W22/><G26/><T63/><D63/><U93/><E93/><V83/><F102/><W128/><G128/><T118/><D118/><U75/><E75/><V105/><F105/><W59/><G59/><T15/><D15/><N who="1" m="7663" /><E11/><V36/><F36/><W61/><G61/><T60/><D60/><U82/><E86/><V120/><F120/><W54/><G43/><T69/><D69/><N who="2" m="26698" /><F67/><N who="3" m="25611" /><G25/><T18/><D121/><U103/><E103/><V24/><F24/><W1/><G1/><T6/><D18/><U89/><E89/><N who="0" m="34377" /><D48/><U10/><E10/><V44/><F44/><W111/><G111/><T73/><D73/><U52/><E50/><V98/><F98/><W2/><G114/><T32/><D32/><U99/><E99/><RYUUKYOKU ba="0,0" sc="250,10,289,10,211,10,250,-30" hai0="0,6,8,14,16,20,27,29,33,133" hai1="51,52,55,57,62,76,82,87,132,135" hai2="56,58,77,78,81,83,84,85,90,96" /><INIT seed="1,1,0,5,2,133" ten="260,299,221,220" oya="1" hai0="34,108,37,103,74,6,24,21,30,11,134,23,132" hai1="50,42,100,2,52,63,82,16,26,125,54,84,0" hai2="83,36,98,127,18,97,67,53,3,7,122,124,47" hai3="115,33,43,17,112,71,95,44,109,94,91,20,106"/><U73/><E73/><V59/><F122/><W107/><G33/><T116/><D74/><U102/><E42/><N who="2" m="22983" /><F67/><W32/><G32/><T70/><D70/><U96/><E0/><V57/><F18/><W19/><G20/><N who="0" m="7755" /><D37/><U38/><E2/><V118/><F118/><W76/><G44/><T41/><D103/><U45/><E38/><V27/><F27/><W92/><G91/><T120/><D41/><U88/><E125/><N who="2" m="48203" /><F83/><W131/><G95/><T55/><D116/><U75/><E75/><V89/><F89/><W56/><G43/><T65/><D65/><U85/><E85/><V130/><F130/><W66/><G66/><T72/><D72/><U49/><E26/><V64/><F64/><W86/><G131/><T15/><D55/><U35/><E35/><V61/><F59/><W93/><G93/><T40/><D120/><U62/><E16/><V25/><F25/><W123/><G123/><T68/><D68/><U46/><E102/><V114/><F114/><W78/><G71/><T80/><D80/><U119/><E119/><V69/><F69/><W111/><G56/><T79/><D24/><U113/><E113/><V29/><F29/><W135/><G86/><T99/><D30/><U14/><E14/><V77/><F77/><W10/><G10/><AGARI ba="1,0" hai="3,7,10,53,57,61,97,98" m="48203,22983" machi="10" ten="30,7700,0" yaku="18,1,52,3" doraHai="133" who="2" fromWho="3" sc="260,0,299,0,221,80,220,-80" /><INIT seed="2,0,0,4,4,106" ten="260,299,301,140" oya="2" hai0="68,96,76,115,4,60,103,37,93,69,30,97,94" hai1="17,126,27,70,80,48,125,24,108,47,53,0,84" hai2="50,22,46,114,83,41,59,130,74,72,15,29,45" hai3="32,101,54,86,14,73,109,51,38,128,81,98,124"/><V112/><F130/><W131/><G32/><T99/><D37/><U67/><E0/><V56/><F83/><W6/><G38/><T135/><D115/><U43/><E108/><V132/><F132/><W61/><G61/><T52/><D4/><U122/><E122/><V123/><F123/><W18/><G6/><T116/><D76/><U134/><E134/><V42/><F15/><W90/><G109/><T77/><D30/><U44/><E67/><V55/><F29/><W120/><G120/><T88/><D116/><U63/><E70/><V35/><F22/><W13/><G13/><T40/><D40/><U5/><E5/><V28/><F28/><W49/><G49/><T16/><D77/><U31/><E17/><V118/><F55/><W89/><G89/><T23/><D97/><U91/><E63/><V71/><F71/><W102/><G102/><T21/><D21/><U129/><E129/><V82/><F82/><W110/><G110/><T20/><D20/><U113/><E113/><V105/><F105/><W111/><G111/><T78/><D78/><U133/><E133/><V19/><F19/><W39/><G39/><T10/><D10/><U8/><E8/><V100/><F100/><W87/><G87/><T119/><D119/><U25/><REACH who="1" step="1"/><E31/><REACH who="1" ten="260,289,301,140" step="2"/><V85/><F118/><W65/><G65/><T12/><REACH who="0" step="1"/><D135/><REACH who="0" ten="250,289,301,140" step="2"/><U64/><E64/><V57/><F114/><W117/><G131/><T92/><D92/><U121/><E121/><V79/><F112/><W33/><G128/><T107/><D107/><U2/><E2/><V62/><F35/><W36/><G33/><RYUUKYOKU ba="0,2" sc="250,15,289,15,301,-15,140,-15" hai0="12,16,23,52,60,68,69,88,93,94,96,99,103" hai1="24,25,27,43,44,47,48,53,80,84,91,125,126" /><INIT seed="3,1,2,2,4,60" ten="265,304,286,125" oya="3" hai0="121,7,109,98,124,103,45,13,86,9,118,0,66" hai1="81,134,43,14,72,6,24,97,83,90,100,89,55" hai2="46,33,39,116,73,114,127,27,51,122,28,95,8" hai3="112,41,23,111,40,106,29,88,70,94,1,78,20"/><W19/><G112/><T21/><D118/><U68/><E68/><V18/><F116/><W42/><G106/><T10/><D121/><U104/><E43/><V12/><F114/><W99/><G1/><T62/><D109/><U93/><E134/><V96/><F122/><W74/><G70/><T30/><D124/><U54/><E24/><V65/><F127/><W58/><G111/><T133/><D86/><N who="1" m="52439" /><E89/><V91/><F65/><W126/><G126/><T102/><D45/><U31/><E83/><V16/><F73/><W37/><G37/><T71/><D133/><U84/><E84/><V49/><REACH who="2" step="1"/><F18/><REACH who="2" ten="265,304,276,125" step="2"/><W44/><G44/><T53/><D53/><U4/><E54/><V36/><F36/><W69/><G69/><T85/><D85/><U101/><E55/><V50/><F50/><W123/><G123/><T115/><D115/><U107/><E4/><V61/><F61/><W3/><G3/><T25/><D98/><U64/><E64/><V11/><F11/><W108/><G108/><T110/><D110/><U5/><E5/><AGARI ba="1,3" hai="0,5,7,9,10,13,21,25,30,62,66,71,102,103" machi="5" ten="30,2000,0" yaku="7,1,52,1" doraHai="60" who="0" fromWho="1" sc="265,53,304,-23,276,0,125,0" owari="318,41.8,281,8.1,276,-12.4,125,-37.5" /></mjloggm>