<mjloggm ver="2.3"><GO type="225" lobby="0"/><UN n0="%E5%84%AA%40%41%42%43" n1="%E8%B7%AF%E9%9C%B8" n2="%E3%81%9F%E3%81%8C%E3%82%84%E3%81%99" n3="%63%68%78%62%64" dan="18,17,16,16" rate="2196.87,2146.89,2173.09,2147.19" sx="M,M,M,M"/><TAIKYOKU oya="0"/><INIT seed="0,0,0,2,2,92" ten="250,250,250,250" oya="0" hai0="86,83,72,15,1,119,58,59,131,64,17,113,108" hai1="27,36,53,34,123,29,52,55,91,107,14,5,96" hai2="20,116,78,51,133,16,37,128,95,25,117,130,35" hai3="68,32,2,112,85,13,66,109,38,89,43,28,61"/><T70/><D113/><U105/><E36/><V50/><F37/><W26/><G112/><T90/><D119/><N who="2" m="45642" /><F133/><W79/><G109/><T77/><D1/><U54/><N who="1" m="13312" /><DORA hai="81" /><U6/><E123/><V65/><F35/><W9/><G79/><T134/><D134/><U126/><E126/><V69/><F78/><W45/><G2/><T67/><D131/><N who="2" m="50218" /><F95/><W100/><G100/><T62/><D108/><U8/><E105/><V31/><F31/><W132/><G132/><T110/><D67/><U122/><E122/><V115/><F115/><W114/><G114/><T42/><D42/><U111/><E111/><V73/><F73/><W102/><G102/><T44/><D44/><U47/><E47/><V57/><F57/><W71/><G71/><T12/><D110/><U0/><E107/><V39/><F39/><W84/><REACH who="3" step="1"/><G89/><REACH who="3" ten="250,250,250,240" step="2"/><T74/><D72/><U33/><E91/><V49/><F65/><W4/><AGARI ba="0,1" hai="4,9,13,26,28,32,38,43,45,61,66,68,84,85" machi="4" ten="20,12000,2" yaku="1,1,2,1,0,1,7,1,52,2,53,0" doraHai="92,81" doraHaiUra="129,118" who="3" fromWho="3" sc="250,-60,250,-30,250,-30,240,130" /><INIT seed="1,0,0,1,3,59" ten="190,220,220,370" oya="1" hai0="23,16,104,28,45,126,58,105,76,54,117,92,49" hai1="132,63,8,86,15,61,36,21,47,128,67,65,102" hai2="9,56,114,78,17,123,18,101,40,60,2,37,13" hai3="24,57,74,111,120,87,46,66,81,75,68,22,25"/><U88/><E128/><V93/><F2/><W133/><G120/><T79/><D117/><U12/><E132/><V5/><F123/><W109/><G133/><T108/><D108/><N who="3" m="41545" /><G68/><T6/><D126/><U72/><E72/><V0/><F114/><W3/><G3/><T118/><D118/><U115/><E115/><V103/><F78/><N who="3" m="46519" /><G24/><T116/><D116/><U107/><E36/><V112/><F112/><W31/><G46/><T41/><D6/><N who="1" m="3095" /><E107/><V80/><F80/><W121/><G121/><T96/><D28/><U42/><E102/><V124/><F124/><W98/><G98/><T94/><D105/><U30/><E47/><V127/><F127/><W134/><G134/><T27/><D104/><U97/><E97/><V110/><F110/><W100/><G100/><T7/><D7/><U32/><E32/><V77/><F103/><W89/><G89/><N who="0" m="55311" /><D94/><N who="1" m="54551" /><E42/><V95/><F40/><W55/><G66/><N who="1" m="25098" /><E30/><V1/><F1/><W84/><G84/><T39/><D39/><U64/><N who="1" m="25106" /><U4/><DORA hai="73" /><E4/><V70/><F37/><W35/><G35/><T19/><D19/><AGARI ba="0,0" hai="15,19,21,61,63" m="25106,54551,3095" machi="19" ten="30,11600,0" yaku="8,1,52,2,54,1" doraHai="59,73" who="1" fromWho="0" sc="190,-116,220,116,220,0,370,0" /><INIT seed="1,1,0,4,1,34" ten="74,336,220,370" oya="1" hai0="106,75,98,84,3,72,2,19,60,27,77,5,124" hai1="52,133,91,113,107,108,35,128,37,42,118,82,67" hai2="11,25,50,131,130,101,45,114,23,17,69,74,92" hai3="59,63,20,28,61,103,51,39,14,24,53,4,16"/><U120/><RYUUKYOKU type="yao9" ba="1,0" sc="74,0,336,0,220,0,370,0" hai1="35,37,42,52,67,82,91,107,108,113,118,120,128,133" /><INIT seed="1,2,0,4,5,128" ten="74,336,220,370" oya="1" hai0="83,74,107,25,134,55,57,123,98,108,36,62,33" hai1="68,8,39,72,30,42,92,44,87,119,63,47,79" hai2="97,96,105,71,48,100,34,113,121,40,0,130,64" hai3="82,66,1,29,124,104,110,52,67,99,20,12,6"/><U45/><E119/><V9/><F48/><W86/><G124/><T69/><D57/><U85/><E30/><V131/><F40/><W84/><G1/><T21/><D55/><U32/><E32/><V26/><F97/><W109/><G52/><T24/><D21/><U50/><E72/><V117/><F117/><W15/><G84/><T3/><D24/><U14/><E39/><V78/><F78/><W73/><G73/><T126/><D25/><U132/><E132/><V16/><F121/><W115/><G115/><T112/><D62/><U120/><E120/><V65/><F113/><W41/><G41/><T23/><D23/><U101/><E63/><N who="2" m="40351" /><F65/><W91/><G99/><T114/><D83/><N who="1" m="47359" /><E68/><V13/><F0/><W81/><G104/><T94/><D94/><U70/><E70/><V7/><F7/><W18/><G29/><AGARI ba="2,0" hai="9,13,16,26,29,34,96,100,105,130,131" m="40351" machi="29" ten="30,2000,0" yaku="25,1,54,1" doraHai="128" who="2" fromWho="3" sc="74,0,336,0,220,26,370,-26" /><INIT seed="2,0,0,4,1,89" ten="74,336,246,344" oya="2" hai0="73,119,43,63,22,62,99,13,122,87,46,129,94" hai1="85,47,84,36,4,116,115,59,52,92,3,133,77" hai2="71,97,64,109,49,53,118,68,106,114,127,17,45" hai3="66,31,104,50,26,18,20,90,98,12,8,14,1"/><V96/><F64/><W110/><G110/><T41/><D122/><U105/><E105/><V70/><F118/><W48/><G66/><T76/><D129/><U69/><E69/><V32/><F32/><W74/><G74/><T55/><D119/><U134/><E116/><V128/><F114/><W102/><G1/><T37/><D73/><U107/><E107/><V57/><F128/><W6/><REACH who="3" step="1"/><G90/><REACH who="3" ten="74,336,246,334" step="2"/><T113/><D113/><U78/><E115/><V0/><F0/><W5/><G5/><T51/><D76/><N who="1" m="29291" /><E4/><V27/><F109/><W126/><G126/><T103/><D87/><U100/><E3/><V95/><F127/><W131/><G131/><T10/><D22/><AGARI ba="0,1" hai="6,8,12,14,18,20,22,26,31,48,50,98,102,104" machi="22" ten="30,2000,0" yaku="1,1,7,1,53,0" doraHai="89" doraHaiUra="30" who="3" fromWho="0" sc="74,-20,336,0,246,0,334,30" /><INIT seed="3,0,0,2,0,1" ten="54,336,246,364" oya="3" hai0="19,22,15,84,32,34,78,81,54,75,50,97,130" hai1="62,103,33,47,131,90,45,56,98,40,8,124,55" hai2="126,4,86,14,42,46,80,69,122,44,133,28,7" hai3="115,99,74,116,29,102,58,30,120,51,105,10,31"/><W27/><G120/><T17/><D130/><U23/><E33/><V43/><F69/><W132/><G116/><T89/><D34/><U41/><E131/><V111/><F122/><W87/><G115/><T9/><D32/><U93/><E124/><V66/><F66/><W121/><G121/><T128/><D128/><U118/><E118/><V3/><F3/><W100/><G74/><T79/><D75/><U135/><E135/><V61/><F61/><W82/><G132/><T37/><D37/><U49/><E8/><V123/><F123/><W48/><G100/><T129/><D97/><U53/><E23/><V5/><F133/><W67/><G27/><T11/><D129/><U94/><REACH who="1" step="1"/><E47/><REACH who="1" ten="54,326,246,364" step="2"/><N who="2" m="17963" /><F126/><W35/><G10/><T134/><D134/><U85/><AGARI ba="0,1" hai="40,41,45,49,53,55,56,62,85,90,93,94,98,103" machi="85" ten="20,5200,0" yaku="1,1,0,1,7,1,8,1,53,0" doraHai="1" doraHaiUra="12" who="1" fromWho="1" sc="54,-13,326,62,246,-13,364,-26" owari="41,-45.9,388,48.8,233,-16.7,338,13.8" /></mjloggm>