<mjloggm ver="2.3"><GO type="225" lobby="0"/><UN n0="%E3%81%95%E3%81%8D%E3%81%9F%E3%81%BE%E6%9E%97%E6%AA%8E" n1="%E3%81%82%E3%83%BC%E3%81%97" n2="%E3%81%9F%E3%81%93%E2%98%86%E7%84%BC%E3%81%8D" n3="%E6%80%AA%E3%81%97%E3%81%99%E3%81%8E%E3%82%8B%E3%83%81%E3%83%BC" dan="16,16,16,16" rate="2084.61,2099.12,2069.76,2074.01" sx="M,M,M,M"/><TAIKYOKU oya="0"/><INIT seed="0,0,0,3,3,75" ten="250,250,250,250" oya="0" hai0="29,28,85,50,114,122,12,79,70,83,38,101,71" hai1="51,57,62,64,5,4,72,127,90,36,92,100,109" hai2="39,116,119,49,134,96,97,3,95,20,69,61,94" hai3="126,131,86,40,22,9,91,18,30,125,135,34,43"/><T1/><D114/><U47/><E36/><V129/><F39/><W130/><G9/><T115/><D115/><U41/><E109/><V45/><F3/><W102/><G102/><T113/><D113/><U67/><E127/><N who="3" m="48650" /><G30/><T16/><D122/><U10/><E72/><V44/><F20/><W110/><G34/><T133/><D133/><U84/><E100/><V8/><F134/><W107/><G107/><T98/><D1/><U48/><E67/><V124/><F8/><W32/><G32/><T33/><D38/><U66/><E66/><N who="2" m="41167" /><F49/><W21/><G110/><T82/><D50/><U14/><REACH who="1" step="1"/><E51/><REACH who="1" ten="250,240,250,250" step="2"/><V87/><F124/><W103/><G135/><T78/><D71/><U42/><E42/><V117/><F129/><N who="3" m="49163" /><G103/><T121/><D121/><U13/><E13/><V17/><F44/><W112/><G112/><T27/><D70/><U105/><E105/><V59/><F45/><W132/><G132/><T65/><D65/><U53/><E53/><V55/><F55/><W80/><G22/><N who="0" m="11527" /><D33/><U99/><E99/><V6/><F59/><W23/><G21/><N who="0" m="15471" /><D98/><U7/><AGARI ba="0,1" hai="4,5,7,10,14,41,47,48,57,62,64,84,90,92" machi="7" ten="20,5200,0" yaku="1,1,0,1,7,1,8,1,53,0" doraHai="75" doraHaiUra="106" who="1" fromWho="1" sc="250,-26,240,62,250,-13,250,-13" /><INIT seed="1,0,0,2,1,124" ten="224,302,237,237" oya="1" hai0="45,114,101,31,120,58,20,71,73,40,59,79,82" hai1="3,109,69,119,130,84,34,19,60,122,113,53,67" hai2="63,104,89,47,56,17,51,132,76,90,88,121,106" hai3="95,29,27,102,52,37,111,10,8,118,12,103,68"/><U46/><E3/><V22/><F121/><W92/><G37/><T98/><D114/><U91/><E34/><V134/><F76/><W62/><G111/><T1/><D1/><U7/><E7/><V4/><F4/><W78/><G118/><T127/><D127/><U81/><E113/><V16/><F51/><W112/><G78/><T85/><D73/><U96/><E122/><V5/><F5/><W129/><G129/><T126/><D126/><U87/><E130/><V97/><F47/><W6/><G10/><T105/><D71/><U74/><E74/><V44/><F44/><W42/><G42/><T15/><D120/><U24/><E96/><V99/><F56/><N who="3" m="35079" /><G68/><T77/><D77/><U110/><E87/><V66/><F63/><W11/><G11/><T65/><D65/><U72/><E72/><V128/><F66/><W125/><G112/><T41/><D41/><U117/><E53/><V30/><F30/><W25/><G125/><T13/><D59/><U23/><REACH who="1" step="1"/><E46/><REACH who="1" ten="224,292,237,237" step="2"/><V123/><F123/><W135/><G6/><T115/><D115/><U48/><E48/><V100/><F128/><W75/><G75/><T39/><D45/><U14/><E14/><V107/><F99/><W0/><G12/><T18/><D13/><U43/><E43/><V55/><F55/><W94/><G0/><T131/><D131/><U83/><E83/><V32/><F32/><W61/><G61/><T116/><D40/><U2/><E2/><V93/><F22/><W80/><G8/><T57/><D39/><U28/><E28/><V26/><F26/><W64/><G27/><RYUUKYOKU ba="0,1" sc="224,-15,292,15,237,15,237,-15" hai1="19,23,24,60,67,69,81,84,91,109,110,117,119" hai2="16,17,88,89,90,93,97,100,104,106,107,132,134" /><INIT seed="1,1,1,4,3,51" ten="209,307,252,222" oya="1" hai0="43,1,7,30,35,16,88,71,20,58,9,112,14" hai1="68,40,48,127,111,78,135,22,5,12,120,87,113" hai2="93,102,0,26,85,17,98,128,29,6,79,114,46" hai3="53,27,45,23,28,69,18,86,57,121,56,99,44"/><U63/><E120/><V82/><F128/><W124/><G69/><T38/><D112/><U73/><E113/><V134/><F134/><W74/><G74/><T77/><D77/><U105/><E105/><V106/><F114/><W75/><G75/><T33/><D71/><U34/><E34/><V37/><F17/><W132/><G124/><T25/><D58/><U10/><E73/><V24/><F26/><W118/><G132/><T80/><D43/><U97/><E135/><V76/><F76/><W11/><G118/><T3/><D38/><U119/><E119/><V62/><F62/><W104/><G57/><T129/><D129/><U91/><E22/><V2/><F6/><W31/><G86/><N who="0" m="50247" /><D35/><U131/><E131/><V67/><F67/><W42/><G121/><T49/><D49/><U64/><E111/><V66/><F66/><W90/><G42/><T65/><D65/><U13/><E78/><V109/><F37/><W125/><G125/><T126/><D1/><U15/><E97/><V123/><F46/><N who="3" m="18027" /><G11/><T55/><D55/><U59/><E127/><AGARI ba="1,1" hai="3,7,9,14,16,20,25,30,33,126,127" m="50247" machi="127" ten="30,3900,0" yaku="24,1,54,2" doraHai="51" who="0" fromWho="1" sc="209,52,307,-42,252,0,222,0" /><INIT seed="2,0,0,5,4,7" ten="261,265,252,222" oya="2" hai0="113,48,58,109,102,131,78,112,130,83,94,8,40" hai1="49,85,20,18,34,43,27,59,111,79,19,12,132" hai2="129,70,52,10,123,101,13,32,120,31,76,29,134" hai3="53,105,41,4,6,68,103,122,61,80,86,62,57"/><V63/><F76/><W72/><G122/><T11/><D109/><U107/><E111/><V117/><F117/><W3/><G72/><T119/><D119/><U33/><E107/><V37/><F37/><W5/><G41/><T42/><D94/><U92/><E132/><V16/><F134/><W23/><G23/><T98/><D98/><U124/><E124/><V55/><F101/><W90/><G103/><T88/><D102/><U73/><E73/><V104/><F104/><W51/><G105/><T87/><D78/><U17/><E34/><V97/><F97/><W0/><REACH who="3" step="1"/><G68/><REACH who="3" ten="261,265,252,212" step="2"/><T95/><D42/><U21/><E43/><V69/><F70/><W128/><G128/><N who="0" m="49195" /><D40/><U82/><E33/><V35/><F129/><W91/><G91/><T24/><D88/><U47/><E92/><V115/><F35/><W38/><G38/><T110/><D95/><U56/><E47/><V106/><F106/><W22/><G22/><T44/><D44/><U74/><E74/><V125/><F32/><W54/><G54/><T121/><D121/><U99/><E59/><V84/><F69/><W45/><G45/><T93/><D58/><U135/><E135/><V127/><F123/><W108/><G108/><T133/><D93/><U14/><E99/><V26/><F120/><W126/><G126/><T75/><D75/><U116/><E116/><V30/><F127/><W67/><G67/><T50/><D110/><U77/><E21/><N who="2" m="15567" /><F125/><W15/><G15/><N who="1" m="5674" /><E79/><V60/><F55/><AGARI ba="0,1" hai="17,18,19,20,27,49,55,56,77,82,85" m="5674" machi="55" ten="30,1000,0" yaku="8,1" doraHai="7" who="1" fromWho="2" sc="261,0,265,20,252,-10,212,0" /><INIT seed="3,0,0,1,0,11" ten="261,285,242,212" oya="3" hai0="71,67,10,135,133,116,123,17,45,111,82,66,129" hai1="79,37,76,113,58,86,80,70,22,106,41,93,61" hai2="78,43,46,18,23,75,32,99,100,29,91,77,102" hai3="34,89,50,127,96,6,60,21,12,30,33,81,38"/><W28/><G38/><T122/><D82/><U104/><E70/><V115/><F32/><W16/><G127/><T4/><D116/><U14/><E113/><V8/><F29/><N who="3" m="11371" /><G34/><T73/><D73/><U132/><E79/><N who="2" m="30219" /><F8/><N who="3" m="4119" /><G33/><T53/><D71/><U74/><E132/><V54/><F43/><W48/><G60/><T112/><D112/><U119/><E119/><V31/><F31/><W36/><G36/><T52/><D17/><N who="1" m="10551" /><E74/><V68/><F68/><W90/><G96/><T9/><D9/><U109/><E106/><V51/><F75/><W40/><G40/><T62/><D10/><U87/><E104/><V44/><F44/><W5/><G5/><T26/><D45/><U83/><E93/><N who="2" m="56767" /><F115/><W69/><G69/><T24/><D4/><U88/><E37/><V19/><F19/><W2/><G2/><T72/><D72/><U47/><E109/><V0/><F0/><W13/><G89/><T7/><D111/><U126/><E126/><V39/><F39/><W114/><G114/><T25/><D7/><U84/><E47/><V35/><F35/><W59/><G59/><T117/><D117/><U3/><E3/><V121/><F121/><W134/><G134/><T124/><D124/><U118/><E118/><V103/><F103/><W42/><G42/><T57/><D135/><U65/><E41/><V125/><F125/><W64/><G64/><N who="0" m="38991" /><D133/><U56/><E56/><V107/><F107/><W27/><G27/><AGARI ba="0,0" hai="18,23,27,46,51,54,100,102" m="56767,30219" machi="27" ten="30,1000,0" yaku="8,1" doraHai="11" who="2" fromWho="3" sc="261,0,285,0,242,10,212,-10" /><INIT seed="4,0,0,5,1,13" ten="261,285,252,202" oya="0" hai0="98,103,80,61,128,6,76,46,64,59,135,12,50" hai1="48,112,5,62,43,23,107,106,8,85,89,78,35" hai2="19,14,88,100,34,74,57,33,126,40,22,9,68" hai3="65,111,75,67,69,121,92,20,73,21,2,56,129"/><T116/><D116/><U84/><E35/><V11/><F68/><W30/><G111/><T114/><D114/><U70/><E112/><V58/><F74/><W27/><G129/><T32/><D128/><U31/><E78/><V3/><F100/><W79/><G121/><T53/><D135/><U115/><E85/><V102/><F102/><W119/><G119/><T91/><D32/><U10/><E70/><V109/><F40/><W18/><G2/><T99/><D91/><U16/><E31/><V105/><F105/><W118/><G118/><T117/><D117/><U127/><E62/><V28/><F109/><W1/><G1/><T125/><D125/><U25/><E115/><V113/><F126/><W132/><G132/><T108/><D108/><U63/><E63/><V131/><F131/><W37/><G37/><T77/><D103/><U44/><E8/><V60/><F58/><W7/><G7/><T101/><D101/><U123/><E123/><V0/><F88/><W54/><G92/><T29/><D29/><U83/><E127/><V72/><F72/><N who="3" m="27723" /><G79/><T4/><D4/><U96/><E96/><N who="0" m="36905" /><D80/><U94/><E83/><V104/><F104/><W90/><G90/><T81/><D81/><U93/><E93/><V110/><F110/><W82/><G82/><T66/><D64/><N who="3" m="24649" /><G69/><T71/><D71/><U24/><E24/><N who="2" m="18567" /><F34/><N who="3" m="20831" /><G18/><T51/><D51/><U41/><E41/><V122/><F122/><W124/><G124/><T49/><D49/><U15/><AGARI ba="0,0" hai="5,10,15,16,23,25,43,44,48,84,89,94,106,107" machi="15" ten="20,5200,0" yaku="0,1,7,1,52,1,54,1" doraHai="13" who="1" fromWho="1" sc="261,-26,285,52,252,-13,202,-13" owari="235,-16.5,337,43.7,239,3.9,189,-31.1" /></mjloggm>