<mjloggm ver="2.3"><GO type="225" lobby="0"/><UN n0="%E7%B4%94%E6%BD%94%E3%83%94%E3%83%A9%E3%83%8B%E3%82%A2" n1="%72%69%6F%75%63%68%61%6E" n2="%E3%83%A9%E3%82%A4%E3%83%B3%E3%81%AE%E8%99%8E" n3="%6C%61%6D%62" dan="17,16,16,16" rate="2152.05,2194.82,2102.29,2208.03" sx="M,M,M,M"/><TAIKYOKU oya="0"/><INIT seed="0,0,0,2,2,111" ten="250,250,250,250" oya="0" hai0="132,80,30,22,134,112,21,19,78,20,53,47,89" hai1="126,13,0,82,69,130,25,6,49,8,17,105,102" hai2="79,127,46,119,90,61,36,7,56,34,94,120,38" hai3="124,55,10,118,52,122,71,28,1,66,95,123,85"/><T51/><D30/><U2/><E69/><V107/><F120/><W116/><G28/><T9/><D112/><U106/><E126/><V88/><F34/><W135/><G1/><T43/><D43/><U101/><E130/><V23/><F107/><W37/><G10/><T114/><D114/><U91/><E25/><V3/><F127/><W92/><G124/><T133/><D89/><U4/><E49/><V63/><F119/><N who="3" m="45611" /><G85/><T14/><REACH who="0" step="1"/><D9/><REACH who="0" ten="240,250,250,250" step="2"/><U72/><E91/><V113/><F88/><W70/><G122/><T54/><D54/><U16/><E8/><V44/><F113/><W81/><G123/><T18/><D18/><U110/><E110/><V57/><F90/><W104/><G52/><T109/><D109/><U97/><E17/><V15/><F7/><W24/><G55/><T108/><D108/><U26/><E16/><V11/><F11/><W31/><G31/><T74/><AGARI ba="0,1" hai="14,19,20,21,22,47,51,53,74,78,80,132,133,134" machi="74" ten="30,11700,0" yaku="1,1,0,1,20,1,53,1" doraHai="111" doraHaiUra="75" who="0" fromWho="0" sc="240,127,250,-39,250,-39,250,-39" /><INIT seed="0,1,0,3,1,117" ten="367,211,211,211" oya="0" hai0="127,75,22,1,72,3,26,48,14,16,2,60,34" hai1="110,91,124,96,50,119,53,7,44,106,49,125,42" hai2="86,0,9,46,126,81,107,27,19,62,116,99,74" hai3="95,87,56,36,69,108,82,11,37,83,4,58,120"/><T92/><D127/><N who="1" m="48715" /><E119/><V66/><F126/><W133/><G69/><T93/><D60/><U15/><E110/><V24/><F74/><W32/><G32/><T61/><D61/><U104/><E7/><V85/><F116/><W10/><G108/><T59/><D59/><N who="1" m="33199" /><E15/><V28/><F46/><W12/><G133/><T123/><D123/><U41/><E42/><V103/><F27/><W25/><G25/><T18/><D48/><U70/><E70/><N who="2" m="42327" /><F81/><W13/><G95/><AGARI ba="1,0" hai="41,44,50,91,95,96,104,106" m="33199,48715" machi="95" ten="30,1000,0" yaku="18,1" doraHai="117" who="1" fromWho="3" sc="367,0,211,13,211,0,211,-13" /><INIT seed="1,0,0,2,4,20" ten="367,224,211,198" oya="1" hai0="55,41,126,132,11,65,113,83,64,62,13,39,15" hai1="97,9,94,112,37,100,110,26,96,133,120,2,108" hai2="47,34,21,95,49,44,59,61,54,70,53,51,72" hai3="82,131,0,123,116,69,50,23,76,1,93,58,5"/><U38/><E112/><V22/><F72/><W115/><G123/><T25/><D41/><U86/><E133/><V48/><F34/><W36/><G36/><T106/><D39/><U105/><E120/><V102/><F70/><W14/><G115/><T107/><D113/><U43/><E86/><V46/><REACH who="2" step="1"/><F54/><REACH who="2" ten="367,224,201,198" step="2"/><W128/><G69/><T127/><D55/><U90/><E43/><V125/><F125/><W103/><G128/><T77/><D127/><U18/><E110/><V27/><F27/><W79/><G131/><T28/><D25/><U42/><E108/><V75/><F75/><W67/><G67/><T118/><D64/><U57/><E42/><V8/><F8/><W35/><G35/><T117/><D11/><U99/><E57/><V92/><F92/><W122/><G58/><T81/><D65/><U40/><E40/><V78/><F78/><W29/><G93/><T124/><D77/><U66/><E66/><V73/><F73/><W60/><G79/><T80/><D80/><U3/><E37/><V32/><F32/><W84/><G82/><T31/><D132/><U129/><E38/><V19/><F19/><W98/><G76/><T135/><D135/><U68/><E68/><V10/><F10/><W101/><G122/><T88/><D124/><U52/><E52/><V4/><F4/><W109/><G5/><T91/><D126/><U87/><E129/><V85/><F85/><W89/><G84/><T104/><D104/><U111/><E111/><V45/><N who="2" m="11264" /><DORA hai="74" /><V6/><F6/><W30/><G109/><T56/><D56/><U17/><E87/><RYUUKYOKU ba="0,1" sc="367,15,224,-15,201,15,198,-15" hai0="13,15,28,31,62,81,83,88,91,106,107,117,118" hai2="21,22,48,49,51,53,59,61,95,102" /><INIT seed="2,1,1,5,1,65" ten="382,209,216,183" oya="2" hai0="125,120,133,97,2,15,113,64,33,83,19,27,80" hai1="109,71,85,108,131,84,103,121,23,69,49,118,9" hai2="66,10,87,58,135,72,42,76,47,63,104,28,29" hai3="92,48,128,114,35,34,59,116,51,22,102,119,56"/><V94/><F104/><W111/><G22/><T70/><D2/><U14/><E118/><N who="3" m="45098" /><G92/><T98/><D64/><U130/><E121/><V39/><F135/><W86/><G86/><N who="1" m="33386" /><E103/><V3/><F87/><W7/><G102/><T21/><D70/><N who="1" m="26635" /><E49/><N who="3" m="19018" /><G111/><N who="1" m="42570" /><E23/><V54/><F94/><W36/><G36/><T60/><D21/><U16/><AGARI ba="1,1" hai="9,14,16,130,131" m="42570,26635,33386" machi="16" ten="40,8000,1" yaku="14,1,52,3,54,1" doraHai="65" who="1" fromWho="1" sc="382,-21,209,93,216,-41,183,-21" /><INIT seed="3,0,0,1,4,50" ten="361,302,175,162" oya="3" hai0="53,82,45,118,98,85,5,2,59,74,91,108,61" hai1="94,110,8,99,83,40,63,113,23,89,17,104,80" hai2="131,28,73,21,67,132,115,54,3,78,22,124,49" hai3="0,57,13,109,33,14,75,32,117,30,101,58,47"/><W92/><G75/><T102/><D108/><U34/><E110/><V135/><F115/><W119/><G109/><T114/><D114/><U128/><E113/><V122/><F3/><W111/><G111/><T72/><D118/><U25/><E128/><V70/><F131/><W71/><G71/><T44/><D2/><U69/><E104/><V43/><F43/><W12/><G0/><T88/><D91/><U55/><E34/><N who="3" m="13418" /><G47/><T133/><D5/><U134/><E134/><N who="2" m="51243" /><F28/><W1/><G1/><T65/><D133/><U48/><E69/><V64/><F122/><W79/><G79/><T16/><D16/><N who="1" m="12519" /><E40/><V86/><F73/><W125/><G30/><T81/><D74/><U39/><E39/><V112/><F70/><W46/><G46/><T60/><D81/><U18/><E48/><V51/><F51/><W41/><G41/><T11/><D72/><U15/><E17/><V37/><F37/><W20/><G20/><T126/><D11/><U35/><E35/><V31/><F21/><W129/><G129/><T29/><D29/><U77/><E77/><V121/><F22/><W7/><G7/><T97/><D44/><U42/><E42/><V127/><F31/><W93/><G125/><N who="2" m="48201" /><F112/><W123/><G123/><T19/><D126/><U120/><E120/><V103/><F121/><W107/><G107/><T24/><D19/><U27/><E27/><V76/><F76/><W106/><G106/><T38/><D24/><U56/><AGARI ba="0,0" hai="8,15,18,55,56,63,80,83,89,94,99" m="12519" machi="56" ten="30,7900,0" yaku="25,1,8,1,52,1,54,1" doraHai="50" who="1" fromWho="1" sc="361,-20,302,79,175,-20,162,-39" owari="341,14.1,381,48.1,155,-24.5,123,-37.7" /></mjloggm>