<mjloggm ver="2.3"><GO type="225" lobby="0"/><UN n0="%E3%81%99%E3%81%84%E3%81%BE%E3%81%9B%E3%83%BC%E3%82%93" n1="%4C%4F%4C%49%54%41" n2="%E4%B8%89%E5%86%A0%E7%8E%8B%E3%83%BB%E5%B1%B1%E7%94%B0%E5%93%B2%E4%BA%BA" n3="%E3%83%A9%E3%83%96%E3%83%AC%E3%83%BC" dan="16,16,16,18" rate="2154.56,2158.37,2137.88,2271.94" sx="M,F,M,M"/><TAIKYOKU oya="0"/><INIT seed="0,0,0,4,1,99" ten="250,250,250,250" oya="0" hai0="64,110,57,98,80,6,26,38,107,94,86,74,118" hai1="85,75,123,95,71,32,49,31,47,18,76,37,73" hai2="44,103,52,13,24,22,21,0,36,133,69,127,48" hai3="119,33,134,16,126,60,19,27,4,54,93,56,5"/><T8/><D118/><U62/><E123/><V23/><F0/><W105/><G105/><T129/><D38/><U101/><E37/><V65/><F133/><W116/><G134/><T72/><D129/><U67/><E18/><V3/><F3/><W87/><G126/><T35/><D107/><U58/><E71/><V51/><F127/><W106/><G106/><T108/><D64/><U111/><E111/><N who="0" m="42537" /><D57/><U135/><E135/><V63/><F36/><W81/><G33/><T29/><D86/><U83/><E31/><V109/><F109/><W30/><G119/><T53/><D53/><U14/><E14/><V45/><F13/><W113/><G113/><T12/><D80/><U115/><E32/><V17/><REACH who="2" step="1"/><F103/><AGARI ba="0,0" hai="6,8,12,26,29,35,72,74,94,98,103" m="42537" machi="103" ten="30,5800,0" yaku="14,1,10,1,52,1" doraHai="99" who="0" fromWho="2" sc="250,58,250,0,250,-58,250,0" /><INIT seed="0,1,0,5,4,65" ten="308,250,192,250" oya="0" hai0="82,80,71,66,56,75,28,77,100,134,41,89,15" hai1="119,113,39,122,114,79,103,123,4,46,132,6,18" hai2="124,58,59,88,126,13,129,78,52,102,120,60,108" hai3="76,135,104,72,70,23,101,99,133,111,67,34,9"/><T95/><D134/><N who="3" m="51209" /><G23/><T61/><D41/><U32/><E32/><V127/><F120/><W3/><G111/><T22/><D100/><U128/><E119/><V57/><F108/><W44/><G44/><T94/><D82/><U68/><E132/><V2/><F2/><W118/><G34/><T92/><D56/><U106/><E128/><V25/><F129/><W38/><G38/><T98/><REACH who="0" step="1"/><D15/><REACH who="0" ten="298,250,192,250" step="2"/><U63/><E103/><V36/><F102/><W54/><G101/><T116/><D116/><U87/><E122/><V47/><F13/><W96/><G118/><T40/><D40/><U112/><E123/><V26/><F58/><W131/><G131/><T81/><D81/><U69/><E113/><V93/><F78/><W31/><G76/><T85/><D85/><U29/><E87/><N who="2" m="52383" /><F57/><W24/><G99/><T53/><D53/><U8/><E79/><V43/><AGARI ba="1,1" hai="25,26,36,43,47,52,59,60,124,126,127" m="52383" machi="43" ten="40,5200,0" yaku="18,1,54,2" doraHai="65" who="2" fromWho="2" sc="298,-27,250,-14,192,65,250,-14" /><INIT seed="1,0,0,5,0,9" ten="271,236,257,236" oya="1" hai0="26,49,54,23,24,71,90,96,2,104,83,81,70" hai1="43,69,56,45,102,37,55,130,61,116,117,13,126" hai2="78,51,66,121,124,30,95,128,29,101,106,100,31" hai3="115,103,110,127,93,11,3,60,33,7,135,36,120"/><U89/><E126/><V112/><F106/><W22/><G33/><T25/><D2/><U67/><E130/><V84/><F121/><W75/><G120/><T15/><D71/><U82/><E102/><V133/><F124/><W65/><G36/><T73/><D70/><U16/><E89/><V99/><F128/><W119/><G115/><T34/><D34/><U20/><REACH who="1" step="1"/><E82/><REACH who="1" ten="271,226,257,236" step="2"/><N who="2" m="47191" /><F101/><W134/><G127/><T35/><D83/><U53/><E53/><V87/><F100/><W98/><G119/><T105/><D90/><U107/><E107/><V32/><F112/><W50/><G103/><T6/><D104/><U74/><E74/><V38/><F95/><W88/><G75/><T40/><D81/><U59/><E59/><V109/><F133/><W28/><G135/><T94/><D105/><U118/><E118/><V80/><F80/><W1/><G134/><T48/><D73/><U92/><E92/><V14/><F87/><W68/><G93/><T27/><D94/><U52/><E52/><V63/><F99/><W97/><G97/><T57/><D96/><U19/><E19/><V5/><F30/><W91/><G91/><T44/><D35/><U113/><E113/><V41/><F32/><W21/><G28/><N who="0" m="17439" /><D6/><U76/><E76/><V114/><F5/><W12/><G98/><T77/><D77/><U85/><E85/><V132/><F132/><W129/><G129/><T0/><D57/><U122/><E122/><V18/><F114/><W79/><G79/><T8/><D54/><U17/><E17/><V47/><F18/><W108/><G88/><T62/><D44/><RYUUKYOKU ba="0,1" sc="271,-10,226,30,257,-10,236,-10" hai1="13,16,20,37,43,45,55,56,61,67,69,116,117" /><INIT seed="1,1,1,1,5,121" ten="261,256,247,226" oya="1" hai0="102,98,27,131,33,41,105,45,34,132,110,32,117" hai1="127,16,7,44,79,113,69,26,88,77,25,97,94" hai2="17,15,61,122,29,2,3,111,28,114,78,37,24" hai3="47,52,74,96,106,58,50,62,104,124,134,75,95"/><U53/><E113/><V123/><F37/><W20/><G134/><T63/><D117/><U56/><E69/><V18/><F78/><N who="1" m="29705" /><E127/><V5/><F61/><W72/><G20/><T51/><D132/><U35/><E35/><V93/><F93/><W14/><G14/><T21/><D131/><U81/><E7/><V133/><F133/><W84/><G84/><T73/><D73/><U67/><E44/><V99/><F99/><W60/><G124/><T59/><D110/><U85/><E67/><V100/><F100/><W64/><REACH who="3" step="1"/><G62/><REACH who="3" ten="261,256,247,216" step="2"/><T65/><D34/><U82/><E85/><V49/><F15/><W90/><AGARI ba="1,2" hai="47,50,52,58,60,64,72,74,75,90,95,96,104,106" machi="90" ten="30,12000,2" yaku="1,1,2,1,0,1,54,1,53,3" doraHai="121" doraHaiUra="107" who="3" fromWho="3" sc="261,-31,256,-61,247,-31,216,143" /><INIT seed="2,0,0,3,5,45" ten="230,195,216,359" oya="2" hai0="89,2,13,39,8,88,54,90,68,34,41,77,21" hai1="11,126,20,73,122,96,27,92,85,97,135,36,66" hai2="25,46,35,102,128,119,42,53,33,3,117,48,125" hai3="81,116,118,47,18,43,133,110,91,129,106,99,10"/><V51/><F3/><W115/><G129/><T114/><D34/><U60/><E73/><V93/><F128/><W111/><G133/><T132/><D132/><U98/><E135/><V57/><F125/><W83/><G83/><T74/><D114/><U52/><E36/><V78/><F78/><W15/><G115/><T95/><D68/><U38/><E38/><V69/><F69/><W123/><G123/><T107/><D107/><U79/><E126/><V80/><F80/><W101/><G91/><T63/><D77/><U17/><E122/><V23/><F102/><W5/><G18/><T44/><D74/><U130/><E130/><V86/><F93/><W131/><G81/><T37/><D37/><U70/><E79/><V112/><F86/><W75/><G75/><T50/><D21/><U113/><E113/><V14/><F14/><W82/><G82/><T65/><D2/><U26/><E11/><V7/><F7/><W76/><G76/><T61/><D95/><U124/><E124/><V105/><F105/><W84/><G84/><T108/><D65/><U29/><E85/><V56/><F56/><W22/><G22/><T62/><D108/><N who="3" m="41513" /><G131/><T121/><D121/><U55/><REACH who="1" step="1"/><E92/><REACH who="1" ten="230,185,216,359" step="2"/><V109/><F112/><W40/><G10/><T104/><D104/><U72/><E72/><V24/><F109/><W30/><G106/><T0/><D39/><U9/><E9/><V31/><REACH who="2" step="1"/><F33/><AGARI ba="0,1" hai="17,20,26,27,29,33,52,55,60,66,70,96,97,98" machi="33" ten="40,2600,0" yaku="1,1,54,1,53,0" doraHai="45" doraHaiUra="4" who="1" fromWho="2" sc="230,0,185,36,216,-26,359,0" /><INIT seed="3,0,0,4,5,86" ten="230,221,190,359" oya="3" hai0="26,11,8,66,6,119,135,115,44,126,88,84,73" hai1="94,4,71,7,125,54,63,37,128,130,1,50,43" hai2="38,42,110,83,19,59,12,85,105,81,107,25,65" hai3="2,89,56,97,49,120,47,18,117,76,98,46,57"/><W22/><G2/><T95/><D119/><U53/><E125/><V96/><F110/><W69/><G69/><T70/><D126/><U35/><E35/><V13/><F81/><W77/><G120/><T100/><D73/><U114/><E114/><V72/><F72/><W132/><G47/><T21/><D115/><U62/><E37/><V78/><F38/><W16/><G18/><T134/><D100/><U29/><E29/><V45/><F25/><W74/><G98/><T28/><D44/><N who="1" m="25887" /><E94/><V121/><F121/><W24/><G132/><N who="0" m="50731" /><D6/><N who="1" m="2091" /><E1/><V58/><F12/><W30/><G30/><T32/><D32/><U103/><E103/><V67/><F105/><W60/><G57/><T20/><D20/><U113/><E113/><V17/><F17/><W79/><G56/><T3/><D3/><U108/><E108/><V40/><F59/><W15/><G24/><T82/><D95/><U87/><E87/><V127/><F127/><W36/><G36/><T112/><D112/><U104/><E104/><V122/><F122/><W99/><G97/><T92/><D92/><U91/><E91/><V101/><F58/><W131/><G99/><T64/><D64/><N who="1" m="41367" /><E63/><AGARI ba="0,0" hai="8,11,21,26,28,63,66,70,82,84,88" m="50731" machi="63" ten="30,3900,0" yaku="20,1,52,1,54,1" doraHai="86" who="0" fromWho="1" sc="230,39,221,-39,190,0,359,0" owari="269,6.9,182,-31.8,190,-21.0,359,45.9" /></mjloggm>