<mjloggm ver="2.3"><GO type="225" lobby="0"/><UN n0="%4C%4F%4C%49%54%41" n1="%6E%69%63%6B%6C%6F%77" n2="%E7%AD%89%E3%80%85%E5%8A%9B%E5%8A%87%E5%A0%B4" n3="%E3%81%82%E3%81%99%E3%81%AB%E3%82%83%E3%82%80" dan="16,16,16,16" rate="2193.75,2094.70,2123.34,2185.14" sx="F,F,M,F"/><TAIKYOKU oya="0"/><BYE who="3" /><INIT seed="0,0,0,2,5,115" ten="250,250,250,250" oya="0" hai0="52,18,51,56,100,55,32,67,29,111,65,26,16" hai1="105,109,6,127,94,12,123,91,24,124,85,68,17" hai2="21,77,95,78,101,48,31,87,30,11,7,47,33" hai3="34,36,114,76,84,39,25,110,63,86,112,80,122"/><T104/><D111/><UN n3="%E3%81%82%E3%81%99%E3%81%AB%E3%82%83%E3%82%80" /><U74/><E123/><V89/><F33/><W45/><G110/><T71/><D55/><U62/><E109/><V121/><F121/><W60/><G122/><T90/><D90/><U133/><E105/><V73/><F101/><W23/><G34/><T37/><D37/><U83/><E133/><V98/><F73/><W82/><G45/><T135/><D135/><U79/><E24/><V64/><F64/><W1/><G1/><T38/><D38/><U2/><E6/><V117/><F117/><W41/><G41/><T88/><D88/><U49/><E2/><V20/><F21/><W59/><G39/><T50/><D50/><U134/><E134/><V22/><F20/><W58/><G36/><T27/><D27/><U125/><E49/><V43/><F22/><W35/><G35/><T118/><D118/><U72/><E68/><V119/><F119/><W120/><G120/><T99/><D67/><U132/><E62/><AGARI ba="0,0" hai="16,18,26,29,32,51,52,56,62,65,71,99,100,104" machi="62" ten="40,12000,1" yaku="25,2,54,2" doraHai="115" who="0" fromWho="1" sc="250,120,250,-120,250,0,250,0" /><INIT seed="0,1,0,5,2,92" ten="370,130,250,250" oya="0" hai0="23,26,69,0,62,67,20,124,35,71,81,33,95" hai1="40,57,53,9,78,43,55,47,65,66,130,110,125" hai2="2,133,117,28,14,50,34,61,60,129,126,7,115" hai3="94,97,45,105,44,122,79,17,96,58,19,101,10"/><T118/><D118/><U93/><E78/><V49/><F2/><W39/><G79/><T76/><D0/><U99/><E110/><V127/><F115/><W106/><G122/><T27/><D124/><U104/><E104/><V54/><F28/><W100/><G94/><T86/><D69/><U112/><E125/><N who="2" m="47627" /><F34/><W108/><G58/><T72/><D72/><U64/><E112/><V114/><F114/><W3/><G108/><T70/><D71/><U131/><E9/><V11/><F50/><W121/><G121/><T51/><D51/><U113/><E113/><V75/><F75/><W32/><G32/><T123/><D123/><U85/><E85/><V6/><F6/><W119/><G119/><T8/><D8/><U42/><E47/><N who="2" m="27967" /><F117/><W98/><G39/><T82/><D33/><U30/><E30/><V48/><F133/><W74/><G74/><T111/><D35/><U120/><E120/><V21/><F21/><W36/><G45/><T89/><D20/><U59/><E59/><V107/><F107/><W24/><G24/><T88/><D26/><U77/><E77/><V22/><F22/><W73/><G73/><T80/><D76/><U4/><E4/><V109/><F109/><W5/><REACH who="3" step="1"/><G97/><REACH who="3" ten="370,130,250,240" step="2"/><T103/><D111/><U31/><E31/><V29/><F29/><W90/><G90/><T83/><D89/><N who="1" m="55727" /><E57/><V132/><F132/><W25/><G25/><T68/><D68/><U63/><E63/><V41/><F61/><W134/><G134/><T16/><D70/><U102/><E102/><V38/><F60/><W52/><G52/><T15/><D62/><RYUUKYOKU ba="1,1" sc="370,-15,130,15,250,-15,240,15" hai1="40,42,43,53,55,64,65,66,130,131" hai3="3,5,10,17,19,36,44,96,98,100,101,105,106" /><INIT seed="1,2,1,1,2,17" ten="355,145,235,255" oya="1" hai0="78,65,110,51,38,128,0,135,97,8,45,117,115" hai1="39,107,50,76,112,102,55,131,52,108,59,54,119" hai2="130,56,129,70,28,61,10,27,15,25,109,86,5" hai3="29,77,103,101,1,74,4,46,24,6,23,34,13"/><U31/><E112/><V33/><F70/><W35/><G74/><T66/><D115/><U67/><E119/><V95/><F109/><W122/><G77/><T9/><D117/><U7/><E108/><V72/><F72/><W99/><G122/><T62/><D38/><U82/><E131/><V124/><F124/><W87/><G87/><T93/><D110/><U126/><E126/><V79/><F27/><W14/><G46/><T100/><D135/><U91/><E39/><V19/><F5/><N who="3" m="2155" /><G99/><T64/><D0/><U40/><E107/><V18/><F18/><N who="3" m="10703" /><G101/><T57/><D78/><U88/><E102/><V120/><F120/><W92/><G92/><T118/><D128/><U81/><E7/><V69/><F69/><W41/><G41/><N who="0" m="25007" /><D118/><U20/><E40/><V134/><F134/><W43/><G43/><T85/><D85/><N who="1" m="48295" /><E82/><V114/><F114/><W84/><G84/><T111/><D111/><U80/><E80/><V73/><F73/><W58/><G103/><T116/><D116/><U47/><E47/><V30/><F79/><W75/><G58/><T96/><D96/><U127/><E127/><V105/><F56/><W53/><G53/><AGARI ba="2,1" hai="8,9,53,57,62,64,65,66,93,97,100" m="25007" machi="53" ten="30,1000,0" yaku="8,1" doraHai="17" who="0" fromWho="3" sc="355,26,145,0,235,0,255,-16" /><INIT seed="2,0,0,3,1,70" ten="381,145,235,239" oya="2" hai0="67,104,74,26,2,62,18,97,81,0,94,134,8" hai1="120,132,7,88,41,5,42,13,102,56,106,111,101" hai2="61,3,115,87,84,72,128,17,60,73,123,107,96" hai3="14,93,57,110,22,105,23,51,133,64,33,83,45"/><V27/><F115/><W117/><G105/><T21/><D104/><U78/><E111/><V37/><F123/><W35/><G110/><T103/><D134/><U113/><E113/><V12/><F3/><W85/><G117/><T129/><D129/><U24/><E132/><V29/><F128/><W116/><G116/><T4/><D74/><U95/><E120/><V38/><F73/><W91/><G33/><T92/><D81/><U131/><E131/><V39/><F72/><W127/><G35/><T82/><D82/><U76/><E106/><V58/><F61/><N who="3" m="37935" /><G127/><T114/><D94/><U31/><E56/><V10/><F96/><N who="3" m="57407" /><G14/><T119/><D119/><U122/><E122/><V98/><F98/><W118/><G118/><T99/><D99/><N who="1" m="57831" /><E31/><V86/><F107/><W34/><G34/><T16/><D114/><U130/><E24/><V63/><REACH who="2" step="1"/><F58/><REACH who="2" ten="381,145,225,239" step="2"/><W55/><G133/><T25/><D0/><U112/><E112/><V49/><F49/><W52/><G55/><T80/><D2/><U66/><E66/><V40/><F40/><N who="1" m="15465" /><E130/><V46/><F46/><W6/><G45/><T59/><D62/><U126/><E126/><V28/><F28/><W50/><G52/><T75/><D59/><U53/><E53/><V77/><F77/><N who="1" m="29801" /><E13/><V121/><F121/><W54/><G54/><T11/><D67/><U89/><E89/><V47/><F47/><W44/><G44/><T19/><D97/><U30/><E30/><V109/><F109/><W1/><G51/><T100/><D75/><U65/><E65/><V48/><F48/><W90/><G50/><T108/><D108/><RYUUKYOKU ba="0,1" sc="381,-30,145,10,225,10,239,10" hai1="5,7,101,102" hai2="10,12,17,27,29,37,38,39,60,63,84,86,87" hai3="1,6,22,23,83,85,90" /><INIT seed="2,1,1,0,3,10" ten="351,155,235,249" oya="2" hai0="53,64,80,40,83,46,88,20,47,45,25,11,15" hai1="41,36,94,129,31,50,23,109,61,19,39,22,91" hai2="26,71,114,16,84,14,78,102,116,2,90,57,63" hai3="55,115,29,58,128,130,42,8,100,5,92,87,0"/><V56/><F114/><W72/><G72/><T101/><D64/><U12/><E109/><V133/><F116/><W13/><G115/><T112/><D112/><U60/><E129/><V21/><F2/><W103/><G42/><T110/><D110/><U34/><E34/><V27/><F133/><W66/><G66/><T76/><D101/><U97/><E36/><V79/><F71/><W35/><G0/><T126/><D126/><U51/><E39/><V43/><F102/><W1/><G1/><T75/><D53/><U38/><E38/><V48/><F43/><W44/><G44/><T107/><D107/><U3/><E3/><V121/><F48/><W123/><G123/><T37/><D88/><U106/><E106/><V99/><F99/><W132/><G132/><T6/><D83/><U62/><REACH who="1" step="1"/><E41/><REACH who="1" ten="351,145,235,249" step="2"/><V131/><F131/><W89/><G128/><T54/><D37/><U4/><E4/><V104/><F104/><W30/><G130/><T117/><D40/><U119/><E119/><V85/><F121/><W124/><G35/><T49/><D117/><U74/><E74/><V95/><F57/><W32/><G32/><T82/><D75/><U127/><E127/><V118/><F118/><W86/><G124/><T9/><D6/><U73/><E73/><V113/><F113/><W120/><G120/><T59/><D59/><U105/><E105/><V134/><F134/><W93/><G103/><T125/><D125/><U81/><E81/><N who="2" m="47159" /><F79/><W24/><G100/><T96/><D76/><U7/><E7/><V52/><AGARI ba="1,2" hai="14,16,21,26,27,52,56,63,85,90,95" m="47159" machi="52" ten="30,11700,0" yaku="8,1,52,1,54,2" doraHai="10" who="2" fromWho="2" sc="351,-40,145,-40,235,140,249,-40" /><INIT seed="2,2,0,4,4,5" ten="311,105,375,209" oya="2" hai0="25,20,35,57,105,45,40,22,15,68,74,9,99" hai1="120,21,112,42,85,16,109,36,128,135,31,87,12" hai2="63,41,66,55,82,3,1,125,78,121,95,14,129" hai3="133,13,59,65,46,2,70,134,77,0,103,123,60"/><V10/><F121/><W92/><G77/><T53/><D68/><U113/><E120/><V98/><F129/><W116/><G116/><T131/><D74/><U69/><E128/><V110/><F125/><W93/><G46/><T101/><D131/><U83/><E109/><V122/><F55/><W81/><G81/><T24/><D35/><U102/><E135/><V43/><F122/><W33/><G33/><T80/><D80/><U86/><E69/><V47/><F110/><W7/><G70/><T58/><D53/><U50/><E36/><V73/><F3/><W107/><G107/><T88/><D88/><N who="1" m="51263" /><E113/><V94/><F1/><W79/><G79/><T37/><D22/><U49/><E112/><V56/><F98/><N who="3" m="59847" /><G93/><T17/><REACH who="0" step="1"/><D25/><REACH who="0" ten="301,105,375,209" step="2"/><N who="1" m="16815" /><E102/><V61/><F73/><W127/><G123/><T27/><D27/><U18/><E18/><AGARI ba="2,1" hai="9,15,17,18,20,24,37,40,45,57,58,99,101,105" machi="18" ten="30,7700,0" yaku="1,1,7,1,52,1,53,1" doraHai="5" doraHaiUra="6" who="0" fromWho="1" sc="301,93,105,-83,375,0,209,0" /><INIT seed="3,0,0,4,5,35" ten="394,22,375,209" oya="3" hai0="0,49,43,81,75,19,28,9,114,31,16,26,18" hai1="46,71,133,70,65,73,68,45,10,34,124,51,50" hai2="107,57,79,117,53,91,100,48,93,30,90,89,131" hai3="74,5,39,42,80,128,59,111,104,85,96,52,87"/><W105/><G128/><T106/><D106/><U32/><E10/><V67/><F117/><W94/><G5/><T120/><D120/><U83/><E73/><V54/><F131/><W40/><G111/><T113/><D0/><U102/><E102/><V116/><F116/><W97/><G74/><T125/><D125/><U95/><E83/><V47/><F107/><W60/><G60/><T112/><D43/><U86/><E86/><V3/><F3/><W132/><G132/><T63/><D49/><U6/><E6/><V27/><F79/><W69/><G69/><BYE who="3" /><T12/><D63/><U135/><E95/><UN n3="%E3%81%82%E3%81%99%E3%81%AB%E3%82%83%E3%82%80" /><V76/><F76/><W37/><G94/><T61/><D61/><U11/><E11/><V84/><F67/><W58/><G80/><T15/><D28/><U33/><E65/><V130/><F100/><W64/><G64/><T38/><D38/><U109/><E109/><V23/><F130/><W24/><G24/><T66/><D66/><U115/><E124/><V99/><F99/><W2/><G2/><T8/><D81/><U55/><E115/><V17/><F30/><W103/><G103/><T123/><D75/><U77/><E77/><V4/><F4/><W44/><G105/><T122/><D18/><U121/><E121/><V56/><F47/><W1/><G44/><T36/><D36/><U78/><E78/><V62/><AGARI ba="0,0" hai="17,23,27,48,53,54,56,57,62,84,89,90,91,93" machi="62" ten="20,2700,0" yaku="0,1,7,1,8,1" doraHai="35" who="2" fromWho="2" sc="394,-7,22,-7,375,27,209,-13" owari="387,18.7,15,-48.5,402,50.2,196,-20.4" /></mjloggm>