<mjloggm ver="2.3"><GO type="225" lobby="0"/><UN n0="%E8%A8%88%E7%AE%97%E6%A9%9F%E8%87%AA%E7%84%B6" n1="%E3%82%BC%E3%83%AB%E3%83%80%E3%81%AE%E4%BC%9D%E8%AA%AC" n2="%72%69%6F%75%63%68%61%6E" n3="%E6%80%AA%E3%81%97%E3%81%99%E3%81%8E%E3%82%8B%E3%83%81%E3%83%BC" dan="17,16,17,16" rate="2223.09,2142.38,2170.01,2142.71" sx="M,M,M,M"/><TAIKYOKU oya="0"/><INIT seed="0,0,0,4,4,98" ten="250,250,250,250" oya="0" hai0="49,127,88,94,81,18,78,95,54,84,55,41,86" hai1="131,118,43,68,38,61,87,99,133,75,46,117,47" hai2="45,60,116,57,20,56,85,50,25,3,114,63,120" hai3="132,14,74,1,111,77,129,112,31,135,2,119,11"/><T51/><D127/><U17/><E75/><V102/><F120/><W28/><G112/><T126/><D126/><U65/><E133/><N who="3" m="51274" /><G77/><T15/><D95/><U93/><E131/><V106/><F114/><W123/><G74/><T124/><D124/><U26/><E87/><V33/><F116/><W12/><G129/><T100/><D100/><U0/><E0/><N who="3" m="106" /><G119/><T71/><D71/><U107/><E47/><V73/><F73/><W91/><G91/><T27/><D27/><U6/><E6/><V134/><F3/><W8/><G111/><T80/><D94/><U59/><E107/><V21/><F134/><W122/><G14/><T9/><REACH who="0" step="1"/><D41/><REACH who="0" ten="240,250,250,250" step="2"/><U48/><E26/><V44/><F25/><W90/><G123/><T101/><D101/><U40/><E40/><V36/><F102/><W104/><G122/><T72/><D72/><U42/><E42/><V22/><F106/><W35/><G104/><T32/><D32/><U58/><E118/><V79/><F33/><W53/><G35/><T76/><D76/><U97/><E117/><V89/><F79/><W67/><G90/><T128/><D128/><U92/><E92/><V110/><F110/><W30/><G30/><T34/><D34/><U5/><E93/><V69/><F69/><W39/><G31/><T7/><D7/><U125/><E5/><V109/><F109/><W82/><G28/><T4/><D4/><U70/><E125/><V64/><F89/><W121/><G121/><T13/><D13/><U103/><E103/><V29/><F29/><W52/><G12/><T66/><D66/><U96/><E17/><RYUUKYOKU ba="0,1" sc="240,15,250,15,250,-15,250,-15" hai0="9,15,18,49,51,54,55,78,80,81,84,86,88" hai1="38,43,46,48,58,59,61,65,68,70,96,97,99" /><INIT seed="0,1,1,2,2,118" ten="255,265,235,235" oya="0" hai0="36,75,57,81,97,120,62,95,113,104,29,3,24" hai1="128,83,119,70,52,11,63,8,6,130,43,71,87" hai2="127,33,72,67,26,65,94,106,15,12,64,46,124" hai3="45,115,73,18,102,122,125,25,32,22,82,55,59"/><T58/><D113/><U51/><E119/><V37/><F106/><W27/><G115/><T66/><D3/><U60/><E43/><V76/><F94/><W100/><G125/><N who="2" m="48201" /><F76/><W116/><G116/><T16/><D36/><U74/><E74/><V0/><F0/><W109/><G45/><T10/><D104/><U2/><E11/><V48/><F72/><W34/><G109/><T99/><D120/><U103/><E103/><V69/><F69/><W90/><G122/><T84/><D75/><U17/><E17/><V79/><F79/><W101/><G73/><T132/><D132/><U121/><E121/><V39/><F26/><N who="3" m="14679" /><G32/><T21/><D57/><N who="1" m="32927" /><E70/><V126/><N who="2" m="48209" /><V117/><DORA hai="1" /><F33/><W80/><G34/><T88/><D95/><U133/><E133/><V114/><F114/><W44/><G44/><T54/><D54/><U77/><E71/><V7/><F117/><W13/><G13/><AGARI ba="1,1" hai="10,13,16,21,24,29,58,62,66,81,84,88,97,99" machi="13" ten="40,7700,0" yaku="8,1,54,2" doraHai="118,1" who="0" fromWho="3" sc="255,90,265,0,235,0,235,-80" /><INIT seed="0,2,0,5,5,25" ten="345,265,235,155" oya="0" hai0="79,29,132,50,75,96,101,90,39,64,45,33,18" hai1="48,59,53,14,27,97,31,6,85,42,10,4,106" hai2="104,80,78,35,112,84,71,77,82,134,74,23,89" hai3="128,113,28,44,57,81,54,122,52,102,115,67,111"/><T55/><D132/><U118/><E118/><V83/><F35/><W24/><G111/><T32/><D64/><U94/><E42/><V120/><F71/><W19/><G128/><T103/><D39/><U127/><E127/><V16/><F120/><W3/><G3/><T49/><D18/><U68/><E68/><V20/><F104/><W9/><G122/><T131/><D131/><U47/><E106/><V15/><F134/><W1/><G102/><T126/><D126/><U109/><E109/><V121/><F121/><W76/><G67/><T51/><D90/><U86/><E6/><V17/><F112/><W30/><G44/><T2/><D2/><U66/><E47/><V36/><F36/><W105/><G105/><T21/><D21/><N who="1" m="15855" /><E66/><V87/><REACH who="2" step="1"/><F17/><REACH who="2" ten="345,265,225,155" step="2"/><W119/><G119/><T114/><D32/><U99/><E99/><V22/><AGARI ba="2,1" hai="15,16,20,22,23,74,77,78,80,82,83,84,87,89" machi="22" ten="20,8000,1" yaku="1,1,2,1,0,1,7,1,54,1,53,0" doraHai="25" doraHaiUra="58" who="2" fromWho="2" sc="345,-42,265,-22,225,96,155,-22" /><INIT seed="1,0,0,5,5,135" ten="303,243,321,133" oya="1" hai0="2,11,36,14,50,62,109,91,108,114,70,24,104" hai1="67,127,57,86,49,116,123,51,6,117,75,89,111" hai2="66,65,0,121,53,46,95,134,7,29,125,8,30" hai3="93,128,99,58,15,44,124,28,126,78,120,102,106"/><U45/><E75/><V25/><F125/><N who="3" m="48235" /><G120/><T84/><D36/><U64/><E127/><V132/><F121/><W38/><G128/><T100/><D2/><U39/><E123/><V37/><F30/><W20/><G78/><T13/><D50/><U83/><E39/><V115/><F95/><W122/><G122/><T81/><D24/><U69/><E69/><V71/><F115/><W35/><G35/><T5/><D13/><U43/><E111/><N who="0" m="42569" /><D114/><U98/><E117/><V9/><F9/><W130/><G130/><T3/><D14/><U34/><E34/><N who="2" m="20783" /><F53/><W61/><G106/><T101/><D104/><U129/><E116/><V33/><F33/><W52/><G38/><T94/><D94/><N who="1" m="56655" /><E6/><V90/><F90/><W18/><G28/><T88/><D91/><N who="1" m="51679" /><E129/><V26/><F134/><W107/><G107/><T103/><D103/><U47/><E57/><V42/><F132/><W74/><G44/><T31/><D31/><U119/><E119/><V55/><F37/><W54/><G74/><T56/><D70/><U17/><E17/><V22/><F71/><W40/><G40/><AGARI ba="0,0" hai="40,43,45,47,49,51,64,67" m="51679,56655" machi="40" ten="30,1500,0" yaku="8,1" doraHai="135" who="1" fromWho="3" sc="303,0,243,15,321,0,133,-15" /><INIT seed="1,1,0,4,2,48" ten="303,258,321,118" oya="1" hai0="66,112,39,58,14,107,86,30,35,129,126,13,55" hai1="3,4,34,102,116,29,56,59,7,115,6,121,85" hai2="135,1,64,16,47,26,27,2,65,50,32,103,109" hai3="108,71,77,19,17,79,37,40,21,9,10,89,12"/><U114/><E116/><V67/><F109/><W46/><G108/><T44/><D112/><U117/><E117/><V54/><F135/><W105/><G105/><T51/><D107/><U18/><E102/><V11/><F103/><W119/><G119/><T131/><D126/><U95/><E121/><V53/><F53/><W98/><G71/><T104/><D104/><U128/><E3/><V63/><F63/><W33/><G33/><T78/><D30/><U62/><E128/><N who="0" m="49225" /><D35/><U120/><E120/><V23/><REACH who="2" step="1"/><F11/><REACH who="2" ten="303,258,311,118" step="2"/><W5/><G10/><T73/><D66/><U122/><E122/><V130/><F130/><W68/><G68/><T87/><D55/><U43/><E115/><V70/><F70/><W45/><G45/><T31/><D44/><U69/><E114/><V41/><F41/><W83/><G5/><T36/><D58/><U80/><E43/><V8/><F8/><W118/><G118/><T60/><D60/><U81/><E69/><V74/><F74/><W133/><G133/><T111/><D73/><U75/><E75/><V25/><F25/><W91/><G9/><T127/><D111/><U22/><E59/><V96/><F96/><W82/><G98/><T42/><D42/><U61/><E61/><V93/><F93/><W123/><G123/><T38/><D13/><N who="1" m="9551" /><E56/><V88/><F88/><N who="3" m="33867" /><G19/><T106/><D106/><U28/><E62/><V92/><F92/><W94/><G94/><T15/><D15/><U134/><E134/><V72/><F72/><N who="3" m="43303" /><G79/><T97/><D14/><U57/><E57/><V24/><F24/><W110/><G110/><T100/><D100/><RYUUKYOKU ba="1,1" sc="303,-15,258,-15,311,15,118,15" hai2="1,2,16,23,26,27,32,47,50,54,64,65,67" hai3="12,17,21,37,40,46,83" /><INIT seed="2,2,1,5,2,100" ten="288,243,326,133" oya="2" hai0="26,133,69,115,89,119,44,42,116,61,124,111,32" hai1="33,15,10,127,128,19,24,9,31,106,86,99,30" hai2="36,85,1,74,51,5,93,48,107,83,94,56,134" hai3="11,108,23,12,35,43,84,78,50,66,76,53,3"/><V60/><F134/><W91/><G35/><T45/><D115/><U49/><E127/><V112/><F112/><W58/><G108/><T7/><D111/><U14/><E128/><V55/><F36/><W109/><G109/><T16/><D7/><U110/><E110/><V87/><F74/><W81/><G3/><T2/><D2/><U77/><E49/><V47/><F107/><W113/><G113/><T90/><D124/><U57/><E57/><V73/><F73/><W46/><G23/><N who="0" m="13671" /><D32/><U4/><E30/><V95/><F83/><W63/><REACH who="3" step="1"/><G43/><REACH who="3" ten="288,243,326,123" step="2"/><T80/><D42/><U105/><REACH who="1" step="1"/><E99/><REACH who="1" ten="288,233,326,123" step="2"/><V68/><F68/><W28/><G28/><T132/><D69/><U40/><E40/><N who="2" m="24679" /><F1/><W114/><G114/><T39/><D132/><U21/><E21/><V72/><F72/><W101/><G101/><T92/><D133/><U27/><E27/><V135/><F135/><W117/><G117/><T52/><D116/><U20/><E20/><V75/><F75/><W67/><G67/><T123/><D119/><U118/><E118/><V126/><F126/><W29/><G29/><T79/><D39/><U59/><E59/><N who="2" m="33279" /><F5/><AGARI ba="2,3" hai="5,11,12,46,50,53,58,63,66,76,78,81,84,91" machi="5" ten="30,3900,0" yaku="1,1,7,1,8,1,53,0" doraHai="100" doraHaiUra="129" who="3" fromWho="2" sc="288,0,233,0,326,-45,123,75" /><INIT seed="3,0,0,3,5,74" ten="288,233,281,198" oya="3" hai0="31,124,51,35,28,88,27,29,63,14,129,3,85" hai1="25,101,43,119,15,30,57,19,115,109,121,10,83" hai2="64,72,73,117,33,81,69,39,102,98,87,48,24" hai3="134,47,118,4,93,6,37,62,130,76,89,128,32"/><W113/><G113/><T111/><D3/><U80/><E115/><V16/><F117/><W86/><G118/><T61/><D111/><U53/><E109/><V103/><F39/><W94/><G134/><T65/><D129/><N who="3" m="49769" /><G32/><T7/><D124/><U70/><E70/><V23/><F33/><W96/><G62/><N who="0" m="23563" /><D35/><U95/><E43/><V41/><F64/><W127/><G127/><T107/><D107/><U52/><E121/><V12/><F69/><W112/><G112/><T11/><D65/><U100/><E119/><V56/><F103/><N who="1" m="39497" /><E95/><N who="2" m="58719" /><F72/><W38/><G94/><N who="0" m="54543" /><D51/><N who="1" m="30879" /><E53/><N who="2" m="31783" /><F73/><W21/><G21/><AGARI ba="0,0" hai="10,15,19,21,25,30,80,83" m="30879,39497" machi="21" ten="30,2000,0" yaku="8,1,54,1" doraHai="74" who="1" fromWho="3" sc="288,0,233,20,281,0,198,-20" /><INIT seed="4,0,0,4,2,130" ten="288,253,281,178" oya="0" hai0="114,15,12,82,18,96,31,73,66,51,127,27,3" hai1="86,77,133,83,30,81,1,85,46,20,91,8,48" hai2="2,41,112,110,103,63,104,71,49,129,61,0,74" hai3="90,88,132,119,55,134,40,58,13,106,116,128,17"/><T89/><D3/><U98/><E133/><N who="3" m="51306" /><G128/><T123/><D123/><U7/><E98/><V68/><F0/><W37/><G106/><T25/><D114/><U50/><E46/><V64/><F2/><W29/><G29/><T69/><D69/><U53/><E53/><V14/><F68/><W125/><G125/><T43/><D66/><U44/><E44/><V21/><F64/><W70/><G70/><T108/><D73/><U60/><E60/><V87/><F61/><N who="3" m="36063" /><G40/><T11/><D31/><U80/><E80/><V36/><F41/><W92/><G37/><T117/><D127/><U121/><E121/><V54/><F36/><W115/><G115/><T5/><D117/><N who="3" m="45129" /><G92/><T59/><D43/><U23/><E30/><V111/><F71/><W39/><G39/><T131/><D131/><U97/><E97/><V56/><F104/><W16/><G16/><T75/><D96/><U34/><E34/><V33/><F33/><W94/><G94/><T113/><D113/><U26/><E23/><AGARI ba="0,0" hai="13,17,23,88,90" m="45129,36063,51306" machi="23" ten="30,8000,1" yaku="20,1,52,3,54,1" doraHai="130" who="3" fromWho="1" sc="288,0,253,-80,281,0,178,80" /><INIT seed="5,0,0,5,5,36" ten="288,173,281,258" oya="1" hai0="122,27,131,3,37,0,22,103,14,58,5,11,52" hai1="104,112,124,76,85,16,96,42,24,69,1,90,66" hai2="118,115,129,60,116,8,35,65,19,31,88,83,38" hai3="55,59,44,51,91,15,9,125,78,2,54,48,7"/><U13/><E112/><V32/><F38/><W132/><G125/><T46/><D131/><U82/><E124/><V94/><F129/><W47/><G132/><T62/><D122/><U12/><E1/><V67/><F115/><W41/><G78/><T113/><D113/><U64/><E69/><V108/><F108/><W135/><G135/><T10/><D103/><U92/><E104/><V23/><F32/><W128/><G128/><T95/><D95/><U97/><E97/><V84/><F35/><W40/><G2/><T89/><D89/><U74/><E74/><V71/><F67/><N who="1" m="25641" /><E42/><N who="3" m="16490" /><G91/><T117/><D117/><U98/><E98/><V26/><REACH who="2" step="1"/><F94/><REACH who="2" ten="288,173,271,258" step="2"/><W49/><G49/><T33/><D33/><U20/><AGARI ba="0,1" hai="12,13,16,20,24,76,82,85,90,92,96" m="25641" machi="20" ten="30,3000,0" yaku="8,1,54,1" doraHai="36" who="1" fromWho="1" sc="288,-10,173,40,271,-10,258,-10" /><INIT seed="5,1,0,3,3,57" ten="278,213,261,248" oya="1" hai0="21,72,37,76,19,64,127,15,89,30,7,25,67" hai1="117,56,33,81,115,3,102,29,108,122,14,2,111" hai2="92,1,120,23,104,34,63,42,79,123,82,99,59" hai3="80,36,93,126,103,48,110,18,50,5,54,83,97"/><U28/><E117/><V73/><F34/><W62/><G110/><N who="1" m="42026" /><E122/><V105/><F1/><N who="1" m="9" /><E102/><V87/><F42/><W60/><G126/><T116/><D37/><U88/><E115/><V27/><F73/><W12/><G36/><T133/><D133/><U85/><E33/><V43/><F43/><W98/><G5/><T66/><D127/><U112/><E112/><V134/><F134/><W4/><G4/><T20/><D116/><U51/><E14/><V86/><F86/><W40/><G98/><T119/><D119/><U131/><E131/><V55/><F123/><W32/><G32/><T101/><D101/><U109/><N who="1" m="42034" /><U47/><DORA hai="78" /><E56/><V26/><F120/><W114/><G114/><T46/><D7/><U135/><E135/><V6/><F6/><W75/><G75/><T118/><D118/><U61/><E61/><N who="3" m="23658" /><G40/><AGARI ba="1,0" hai="28,29,40,47,51,81,85,88" m="9,42034" machi="40" ten="40,7700,0" yaku="10,1,52,1,54,1" doraHai="57,78" who="1" fromWho="3" sc="278,0,213,80,261,0,248,-80" /><INIT seed="5,2,0,3,1,27" ten="278,293,261,168" oya="1" hai0="31,66,2,115,70,0,42,116,57,134,71,65,125" hai1="74,132,16,101,23,91,29,63,43,30,12,105,20" hai2="52,35,62,130,72,45,26,118,119,10,77,40,36" hai3="41,76,90,53,79,94,67,135,84,107,127,21,123"/><U96/><E74/><V38/><F10/><W95/><G107/><T7/><D116/><N who="2" m="44586" /><F77/><N who="3" m="29771" /><G123/><T54/><D42/><U14/><E132/><V6/><F26/><W83/><G135/><T104/><D104/><U89/><E43/><V103/><F6/><W50/><G127/><T19/><D19/><N who="1" m="10343" /><E105/><V99/><F99/><W61/><G41/><T69/><D115/><U46/><E101/><V25/><F25/><W55/><G21/><T117/><D125/><U88/><E46/><V47/><F103/><W39/><G39/><N who="2" m="14889" /><F35/><W124/><G124/><T8/><D134/><U121/><E121/><V49/><F72/><W60/><G55/><T73/><D54/><U78/><E78/><V82/><F82/><W44/><G67/><T133/><D65/><U59/><E96/><V4/><F4/><W1/><G1/><N who="0" m="111" /><D133/><U22/><E22/><V58/><F45/><W93/><AGARI ba="2,0" hai="44,50,53,60,61,83,84,90,93,94,95" m="29771" machi="93" ten="30,1100,0" yaku="8,1" doraHai="27" who="3" fromWho="3" sc="278,-5,293,-7,261,-5,168,17" /><INIT seed="6,0,0,2,3,117" ten="273,286,256,185" oya="2" hai0="98,31,105,121,35,95,53,17,1,76,96,59,80" hai1="61,89,130,14,54,131,113,66,20,77,39,3,6" hai2="40,5,82,15,103,88,28,9,97,128,104,51,115" hai3="81,67,92,118,48,73,68,34,8,36,16,85,123"/><V72/><F115/><W50/><G123/><T78/><D1/><U65/><E113/><V127/><F127/><W116/><G36/><T100/><D17/><N who="1" m="10295" /><E39/><V26/><F128/><N who="1" m="49193" /><E77/><V60/><F60/><W79/><G34/><T11/><D11/><N who="1" m="2527" /><E89/><V133/><F133/><W45/><G116/><T63/><D121/><U55/><E66/><V24/><F28/><W64/><G118/><T87/><D31/><U42/><E42/><V19/><F5/><W30/><G30/><T106/><D35/><U7/><E7/><V91/><F91/><W33/><G33/><T52/><D76/><U119/><E119/><V57/><F72/><W99/><G73/><T21/><D21/><U94/><E94/><V56/><F40/><N who="3" m="24615" /><G68/><AGARI ba="0,0" hai="54,55,61,65,68" m="2527,49193,10295" machi="68" ten="30,1000,0" yaku="19,1" doraHai="117" who="1" fromWho="3" sc="273,0,286,10,256,0,185,-10" /><INIT seed="7,0,0,3,0,59" ten="273,296,256,175" oya="3" hai0="92,116,21,129,10,38,46,75,126,68,18,25,55" hai1="84,102,41,101,89,45,99,120,124,112,135,100,70" hai2="36,133,119,26,90,79,83,28,122,60,87,69,2" hai3="49,5,64,125,40,35,13,108,88,98,77,128,37"/><W0/><G128/><T131/><D75/><U62/><E120/><V63/><F119/><W14/><G125/><T95/><D116/><U29/><E124/><V19/><F122/><W121/><G121/><T118/><D118/><U113/><E29/><V97/><F36/><W91/><G35/><T76/><D76/><U15/><E135/><V33/><F2/><W96/><G108/><T31/><D68/><U115/><E15/><N who="3" m="5642" /><G37/><T52/><D126/><U50/><E62/><N who="2" m="23595" /><F33/><W44/><G0/><T53/><D10/><U81/><E70/><V134/><F69/><W82/><G5/><T80/><D80/><U72/><E72/><V61/><N who="2" m="23603" /><V66/><DORA hai="11" /><F66/><W104/><G104/><AGARI ba="0,0" hai="41,45,50,81,84,89,99,100,101,102,104,112,113,115" machi="104" ten="40,1300,0" yaku="15,1" doraHai="59,11" who="1" fromWho="3" sc="273,0,296,13,256,0,175,-13" owari="273,7.3,309,40.9,256,-14.4,162,-33.8" /></mjloggm>