<mjloggm ver="2.3"><GO type="225" lobby="0"/><UN n0="%E8%BE%9B%E5%8F%A3%E3%82%AB%E3%83%AC%E3%83%BC%E3%83%A9%E3%82%A4%E3%82%B9" n1="%E3%82%BC%E3%83%AB%E3%83%80%E3%81%AE%E4%BC%9D%E8%AA%AC" n2="%72%61%6B%33" n3="%73%75%7A%75%6D%65%33" dan="16,17,17,18" rate="2212.24,2210.72,2124.41,2270.66" sx="M,M,M,M"/><TAIKYOKU oya="0"/><INIT seed="0,0,0,4,2,31" ten="250,250,250,250" oya="0" hai0="13,120,57,51,122,90,62,17,47,50,19,102,16" hai1="121,133,36,55,20,74,48,39,9,52,108,38,115" hai2="88,26,72,95,27,71,64,126,5,76,45,127,67" hai3="96,101,43,128,116,46,81,104,4,12,98,129,82"/><T65/><D102/><U54/><E121/><V106/><F106/><W109/><G116/><T84/><D13/><U8/><E108/><V79/><F5/><W1/><G1/><T114/><D114/><U85/><E74/><V110/><F45/><W131/><G109/><T117/><D117/><U123/><E123/><V29/><F110/><W91/><G4/><T6/><D6/><U83/><E115/><V58/><F58/><W49/><G12/><T118/><D118/><U134/><E48/><V111/><F111/><W63/><G63/><T34/><D34/><U112/><E20/><V107/><F107/><W53/><G43/><T24/><D24/><U14/><E112/><V80/><F79/><W42/><G42/><T86/><D86/><U59/><E59/><V89/><F89/><W44/><G44/><T7/><D7/><U103/><E103/><V15/><F15/><W119/><G119/><T132/><D132/><N who="1" m="50795" /><E14/><V130/><F130/><W73/><G73/><T61/><D61/><U25/><E25/><V30/><F27/><W33/><G33/><T18/><N who="0" m="4096" /><DORA hai="100" /><T56/><D56/><U94/><E94/><AGARI ba="0,0" hai="46,49,53,81,82,91,94,96,98,101,104,128,129,131" machi="94" ten="40,2600,0" yaku="19,1,52,1" doraHai="31,100" who="3" fromWho="1" sc="250,0,250,-26,250,0,250,26" /><INIT seed="1,0,0,4,3,46" ten="250,224,250,276" oya="1" hai0="95,4,73,55,121,106,68,83,128,9,24,77,12" hai1="71,23,92,17,108,113,74,25,8,130,65,43,1" hai2="34,11,134,42,30,44,67,80,50,20,78,38,87" hai3="129,132,90,117,93,123,14,70,110,60,126,52,15"/><U21/><E113/><V105/><F134/><W116/><G123/><T100/><D128/><U89/><E130/><V114/><F114/><W86/><G129/><T107/><D121/><U28/><E74/><V35/><F105/><W2/><G2/><T63/><D24/><U91/><E108/><V111/><F111/><W7/><G110/><T58/><REACH who="0" step="1"/><D68/><REACH who="0" ten="240,224,250,276" step="2"/><U85/><E25/><V3/><F34/><W118/><G70/><T13/><D13/><U53/><E71/><V75/><F35/><W27/><G27/><T29/><D29/><U5/><E28/><V31/><F30/><W88/><G132/><T51/><D51/><U133/><E133/><V33/><F33/><W69/><G69/><T62/><D62/><U40/><E1/><V103/><F31/><W125/><G15/><T122/><D122/><U32/><E32/><V119/><F50/><W54/><G60/><T19/><D19/><U72/><E17/><V97/><F3/><W127/><G14/><T26/><D26/><U79/><E5/><V0/><F0/><W99/><G7/><T18/><D18/><U135/><E135/><V41/><F38/><W82/><AGARI ba="0,1" hai="52,54,82,86,88,90,93,99,116,117,118,125,126,127" machi="82" ten="40,8000,1" yaku="0,1,12,1,18,1,54,2" doraHai="46" who="3" fromWho="3" sc="240,-20,224,-40,250,-20,276,90" /><INIT seed="2,0,0,2,4,47" ten="220,184,230,366" oya="2" hai0="33,107,64,119,62,22,123,89,18,4,69,97,129" hai1="131,79,8,104,87,15,133,63,38,81,67,103,121" hai2="40,135,80,127,96,21,28,82,116,100,70,34,84" hai3="50,0,113,110,111,35,134,126,10,56,117,59,85"/><V11/><F116/><W31/><G117/><T125/><D119/><U6/><E133/><V53/><F135/><W120/><G134/><T88/><D123/><U54/><E131/><V99/><F70/><W37/><G37/><T2/><D129/><U19/><E121/><V46/><F34/><W76/><G120/><T109/><D109/><N who="3" m="41481" /><G126/><T39/><D39/><U41/><E54/><V71/><F71/><W122/><G122/><T24/><D125/><U36/><E41/><V68/><F68/><W91/><G76/><T44/><D44/><U128/><E128/><V25/><F127/><W12/><G0/><T102/><REACH who="0" step="1"/><D33/><REACH who="0" ten="210,184,230,366" step="2"/><U112/><E112/><V20/><F46/><W5/><G113/><T49/><D49/><U9/><E38/><V45/><F45/><W114/><G50/><T65/><D65/><U94/><E36/><V23/><F40/><W130/><G130/><T83/><D83/><U3/><E104/><V90/><F82/><N who="3" m="49591" /><G114/><T7/><D7/><U105/><E105/><V98/><F53/><W101/><G101/><T29/><D29/><U75/><E103/><V92/><F100/><W32/><G32/><T1/><D1/><U55/><E55/><V132/><F132/><W118/><G118/><T66/><D66/><U16/><E67/><V42/><F42/><W52/><G52/><T86/><D86/><U17/><REACH who="1" step="1"/><E63/><REACH who="1" ten="210,174,230,366" step="2"/><V27/><F80/><W93/><G93/><T61/><D61/><U26/><E26/><AGARI ba="0,2" hai="5,10,12,26,31,35,56,59" m="49591,41481" machi="26" ten="30,1000,0" yaku="14,1" doraHai="47" who="3" fromWho="1" sc="210,0,174,-10,230,0,366,30" /><INIT seed="3,0,0,1,5,21" ten="210,164,230,396" oya="3" hai0="25,111,40,60,12,88,109,130,120,103,126,102,52" hai1="119,8,34,70,0,89,35,13,19,37,101,17,63" hai2="9,56,128,131,129,53,23,115,105,20,118,10,96" hai3="91,32,16,38,100,123,83,49,68,80,124,43,7"/><W94/><G38/><T77/><D120/><U75/><E37/><V28/><F115/><W112/><G68/><T135/><D130/><U54/><E119/><V84/><F118/><W95/><G32/><T30/><D135/><U67/><E75/><V15/><F84/><W125/><G7/><T98/><D77/><U117/><E117/><V59/><F9/><W27/><G100/><T107/><D40/><U41/><E41/><V11/><F10/><W58/><G58/><N who="2" m="22057" /><F53/><W132/><G132/><T92/><D126/><U57/><E0/><V72/><F72/><W51/><G94/><T36/><D36/><U50/><E101/><N who="2" m="62631" /><F28/><W134/><G123/><T93/><D107/><U106/><E106/><V45/><F45/><W24/><G134/><T90/><D12/><U76/><E76/><V121/><F121/><W97/><G112/><T47/><D60/><U18/><REACH who="1" step="1"/><E89/><REACH who="1" ten="210,154,230,396" step="2"/><V4/><AGARI ba="0,1" hai="4,11,15,20,23,128,129,131" m="62631,22057" machi="4" ten="40,1500,0" yaku="19,1" doraHai="21" who="2" fromWho="2" sc="210,-4,154,-4,230,25,396,-7" owari="206,-19.4,150,-35.0,255,5.5,389,48.9" /></mjloggm>