<mjloggm ver="2.3"><GO type="225" lobby="0"/><UN n0="%E3%81%B8%E3%82%80%E3%81%B8%E3%82%80%EF%BC%92%E5%8F%B7" n1="%E3%81%AF%E3%82%88%E3%81%8A%E3%81%98%E3%81%95%E3%82%93" n2="%72%69%6F%75%63%68%61%6E" n3="%66%67%67%68%68%64%66" dan="17,16,17,16" rate="2167.40,2142.97,2261.80,2075.89" sx="M,M,M,M"/><TAIKYOKU oya="0"/><INIT seed="0,0,0,5,3,4" ten="250,250,250,250" oya="0" hai0="2,112,57,53,79,88,76,33,86,108,17,126,134" hai1="101,48,125,1,56,39,83,62,92,66,95,110,130" hai2="132,107,84,67,106,44,99,77,73,100,0,131,43" hai3="116,9,51,119,21,105,74,28,14,40,60,63,58"/><T111/><D112/><U15/><E39/><V90/><F131/><W31/><G74/><T20/><D33/><U94/><E1/><V18/><F132/><W36/><G105/><T85/><D2/><U102/><E130/><V133/><F133/><W97/><G36/><T50/><D126/><U103/><E125/><V68/><F0/><W34/><G34/><T26/><D134/><U13/><E110/><N who="0" m="42025" /><D86/><U96/><E96/><V23/><F107/><W49/><G97/><T120/><D120/><U38/><E38/><V11/><F77/><W69/><G69/><T35/><D35/><U19/><E83/><AGARI ba="0,0" hai="17,20,26,50,53,57,76,79,83,85,88" m="42025" machi="83" ten="30,5800,0" yaku="14,1,10,1,54,1" doraHai="4" who="0" fromWho="1" sc="250,58,250,-58,250,0,250,0" /><INIT seed="0,1,0,2,5,62" ten="308,192,250,250" oya="0" hai0="4,74,50,36,34,114,126,112,52,92,17,45,81" hai1="111,70,11,128,85,57,65,15,18,28,123,109,117" hai2="41,66,130,7,10,20,69,37,14,32,84,47,115" hai3="124,3,46,54,77,110,103,133,60,21,64,83,63"/><T121/><D121/><U19/><E123/><V113/><F130/><W6/><G110/><N who="1" m="41994" /><E117/><V40/><F32/><W51/><G133/><T79/><D34/><U125/><E70/><V22/><F41/><W96/><G124/><T25/><D126/><U102/><E125/><V127/><F127/><W82/><G3/><T23/><D36/><U8/><E102/><V56/><F69/><W12/><G77/><T87/><REACH who="0" step="1"/><D4/><REACH who="0" ten="298,192,250,250" step="2"/><U44/><E128/><V73/><F115/><W88/><G6/><T98/><D98/><U116/><E116/><V80/><F113/><W16/><G60/><T58/><D58/><U97/><E97/><V95/><F56/><N who="3" m="36967" /><G103/><T72/><D72/><U53/><E57/><V122/><F73/><W59/><G59/><T0/><D0/><U43/><E85/><V118/><F122/><W55/><G55/><T131/><D131/><U105/><E53/><V99/><F118/><W100/><G100/><T67/><D67/><U120/><E65/><V31/><F66/><W38/><G38/><T9/><D9/><U33/><E120/><V101/><F37/><W94/><AGARI ba="1,1" hai="12,16,21,46,51,54,82,83,88,94,96" m="36967" machi="94" ten="30,7900,0" yaku="8,1,52,1,54,2" doraHai="62" who="3" fromWho="3" sc="298,-40,192,-21,250,-21,250,92" /><INIT seed="1,0,0,4,2,132" ten="258,171,229,342" oya="1" hai0="1,71,105,56,95,19,38,76,49,45,53,103,83" hai1="48,77,67,64,13,36,69,8,111,40,65,112,70" hai2="22,117,134,23,33,129,125,118,128,131,20,84,42" hai3="57,6,29,82,28,74,5,94,86,60,18,54,130"/><U11/><E112/><V16/><F125/><W93/><G130/><T66/><D105/><U21/><E36/><V89/><F42/><W17/><G74/><T9/><D71/><U59/><E111/><V73/><F73/><W91/><G18/><T113/><D113/><U34/><E34/><V120/><F120/><W12/><G94/><T115/><D115/><U75/><E75/><V135/><F33/><W119/><G119/><N who="2" m="45577" /><F84/><W0/><G0/><T92/><D103/><U110/><E110/><V81/><F81/><W133/><G133/><N who="2" m="50697" /><F89/><W108/><G82/><T3/><D3/><U37/><E37/><V50/><F50/><W78/><G78/><T52/><D66/><U35/><E35/><V68/><F68/><W104/><G108/><T97/><D97/><U32/><E32/><V25/><AGARI ba="0,0" hai="16,20,22,23,25,128,129,131" m="50697,45577" machi="25" ten="40,8000,1" yaku="19,1,20,1,34,2,54,1" doraHai="132" who="2" fromWho="2" sc="258,-20,171,-40,229,80,342,-20" /><INIT seed="2,0,0,0,0,86" ten="238,131,309,322" oya="2" hai0="45,30,27,0,15,74,33,60,78,85,61,39,97" hai1="102,24,126,13,93,66,55,29,103,19,36,22,7" hai2="59,105,114,117,2,32,47,20,35,130,53,64,101" hai3="125,113,6,65,12,91,80,23,128,118,63,52,134"/><V41/><F114/><W57/><G118/><T83/><D0/><U95/><E36/><V99/><F117/><W92/><G134/><T67/><D97/><U38/><E38/><V16/><F130/><W135/><G128/><T108/><D108/><U11/><E126/><V133/><F2/><W112/><G135/><T82/><D15/><U79/><E66/><V72/><F72/><W54/><G125/><T73/><D73/><U90/><E79/><V84/><F64/><W132/><G132/><T28/><D28/><U48/><E95/><V8/><F8/><N who="3" m="4119" /><G80/><T123/><D123/><U110/><E110/><V26/><F133/><W40/><G40/><T10/><D10/><U5/><E5/><V96/><F96/><N who="3" m="57375" /><G23/><T119/><D119/><U121/><E121/><V75/><F75/><W3/><G3/><T89/><REACH who="0" step="1"/><D67/><REACH who="0" ten="228,131,309,322" step="2"/><U56/><REACH who="1" step="1"/><E7/><REACH who="1" ten="228,121,309,322" step="2"/><V94/><F105/><W37/><G65/><T115/><D115/><U131/><E131/><V104/><F104/><W116/><G116/><T42/><AGARI ba="0,2" hai="27,30,33,39,42,45,60,61,74,78,82,83,85,89" machi="42" ten="30,7900,0" yaku="1,1,0,1,52,1,53,1" doraHai="86" doraHaiUra="69" who="0" fromWho="0" sc="228,99,121,-20,309,-39,322,-20" /><INIT seed="3,0,0,5,4,48" ten="327,101,270,302" oya="3" hai0="113,106,88,90,9,24,124,63,80,83,112,0,3" hai1="95,97,71,107,22,8,66,25,26,128,72,69,10" hai2="55,73,129,35,98,122,57,64,16,12,45,1,68" hai3="33,59,28,75,29,31,70,105,39,4,76,135,115"/><W49/><G115/><N who="0" m="44107" /><D124/><U123/><E123/><V67/><F1/><N who="0" m="586" /><D106/><U30/><E128/><V93/><F35/><W99/><G39/><T78/><D9/><U42/><E72/><V92/><F129/><W53/><G70/><T85/><D24/><U32/><E42/><V5/><F122/><W74/><G135/><T127/><D127/><U131/><E131/><V43/><F73/><W41/><G41/><T19/><D19/><U54/><E71/><V109/><F109/><W133/><G133/><T38/><D38/><U104/><E104/><V23/><F5/><W14/><G33/><T126/><D126/><U134/><E134/><V111/><F111/><W15/><G76/><N who="0" m="46215" /><D63/><U103/><E95/><N who="2" m="36427" /><F68/><W34/><G34/><T36/><D36/><U118/><E118/><V27/><F98/><W37/><G37/><T89/><D89/><U114/><E114/><V130/><F130/><W84/><G84/><AGARI ba="0,0" hai="78,83,84,88,90" m="46215,586,44107" machi="84" ten="30,2000,0" yaku="11,1,54,1" doraHai="48" who="0" fromWho="3" sc="327,20,101,0,270,0,302,-20" owari="347,44.7,101,-39.9,270,-13.0,282,8.2" /></mjloggm>