<mjloggm ver="2.3"><GO type="225" lobby="0"/><UN n0="%6D%75%75%6D%75%72%61" n1="%6E%69%63%6B%6C%6F%77" n2="%E3%81%9F%E3%81%A3%E3%81%A1%E3%82%87" n3="%E7%9C%9F%E4%B8%80" dan="16,16,16,17" rate="2208.94,2099.37,2093.91,2209.38" sx="F,F,M,M"/><TAIKYOKU oya="0"/><INIT seed="0,0,0,1,1,41" ten="250,250,250,250" oya="0" hai0="31,60,52,132,55,117,104,35,82,27,30,26,80" hai1="128,21,92,63,54,134,66,19,112,28,48,67,107" hai2="93,94,96,101,7,4,135,56,121,51,79,18,126" hai3="114,72,24,34,37,2,69,44,129,32,45,97,9"/><T102/><D117/><U38/><E107/><V36/><F121/><W17/><G114/><T33/><D132/><U106/><E106/><V29/><F36/><W108/><G69/><T14/><D14/><U64/><E38/><V58/><F135/><W15/><G72/><T59/><REACH who="0" step="1"/><D55/><REACH who="0" ten="240,250,250,250" step="2"/><U109/><E134/><V20/><F126/><W73/><G2/><T113/><D113/><U120/><E112/><V86/><F4/><W115/><G115/><T130/><D130/><U49/><E128/><V53/><F7/><W71/><G129/><T39/><D39/><U12/><E120/><V6/><F6/><W124/><G37/><T131/><D131/><U99/><E109/><V90/><F79/><W62/><G108/><T95/><D95/><U70/><E70/><V127/><F127/><W65/><G124/><T23/><D23/><U22/><E22/><V85/><F94/><W84/><G34/><T77/><D77/><U111/><E111/><V47/><F93/><W91/><G32/><T88/><D88/><N who="1" m="55687" /><E28/><V61/><F29/><W50/><G97/><AGARI ba="0,1" hai="26,27,30,31,33,35,52,59,60,80,82,97,102,104" machi="97" ten="40,7700,0" yaku="1,1,9,1,54,1,53,0" doraHai="41" doraHaiUra="10" who="0" fromWho="3" sc="240,87,250,0,250,0,250,-77" /><INIT seed="0,1,0,0,1,59" ten="327,250,250,173" oya="0" hai0="32,111,21,83,8,105,29,67,112,85,113,11,75" hai1="24,13,10,121,90,4,80,58,63,131,20,108,45" hai2="77,74,38,135,129,33,28,50,69,34,78,52,12" hai3="23,107,123,110,22,98,103,109,7,51,53,1,41"/><T79/><D32/><U125/><E121/><V101/><F38/><W92/><G123/><T126/><D126/><U68/><E125/><V39/><F39/><W5/><G41/><T17/><D105/><U46/><E108/><N who="3" m="41578" /><G107/><T62/><D111/><U3/><E131/><V95/><F69/><W100/><G100/><T132/><D132/><U81/><E68/><V43/><F43/><W66/><G66/><T19/><D75/><U114/><E3/><V48/><F135/><W118/><G118/><T27/><D11/><U30/><E114/><V55/><F74/><W56/><G1/><T133/><D133/><U134/><E134/><V89/><F101/><W97/><G98/><T15/><REACH who="0" step="1"/><D29/><REACH who="0" ten="317,250,250,173" step="2"/><U84/><REACH who="1" step="1"/><E80/><REACH who="1" ten="317,240,250,173" step="2"/><V124/><F124/><W127/><G127/><T104/><D104/><U6/><E6/><AGARI ba="1,2" hai="5,6,7,22,23,51,53,56,92,97,103" m="41578" machi="6" ten="30,1000,0" yaku="14,1" doraHai="59" who="3" fromWho="1" sc="317,0,240,-13,250,0,173,33" /><INIT seed="1,0,0,2,1,23" ten="317,227,250,206" oya="1" hai0="15,89,30,69,103,87,112,76,61,46,114,99,20" hai1="34,74,13,126,25,45,40,39,115,54,118,31,94" hai2="66,125,35,121,70,90,91,32,56,58,107,9,120" hai3="51,134,57,116,63,11,77,72,49,33,86,124,71"/><U100/><E115/><V24/><F107/><W92/><G33/><T27/><D76/><U44/><E126/><V2/><F70/><W29/><G124/><T79/><D79/><U111/><E118/><V104/><F104/><W64/><G116/><T129/><D129/><U109/><E74/><V132/><F125/><W93/><G134/><T110/><D110/><N who="1" m="41995" /><E13/><V22/><F132/><W12/><G29/><T82/><D15/><U5/><E5/><V133/><F133/><W19/><G72/><T62/><D46/><N who="1" m="23839" /><E54/><V85/><F9/><W21/><G71/><T122/><D122/><U18/><E18/><V14/><F14/><W60/><G11/><T127/><D127/><U43/><E43/><V65/><F2/><W128/><G63/><T26/><D61/><U117/><E117/><V55/><F55/><W95/><REACH who="3" step="1"/><G128/><REACH who="3" ten="317,227,250,196" step="2"/><T88/><D62/><U106/><E106/><V4/><F120/><W7/><G7/><T80/><D69/><U41/><E41/><V37/><F4/><W6/><G6/><T113/><D113/><U119/><E119/><V68/><F121/><W50/><G50/><T102/><D114/><U67/><E67/><V36/><F66/><W101/><G101/><T52/><D112/><U78/><E78/><V38/><F65/><W8/><G8/><T16/><D103/><U48/><E48/><V97/><F68/><W98/><G98/><AGARI ba="0,1" hai="25,31,34,44,45,94,98,100" m="23839,41995" machi="98" ten="30,5800,0" yaku="14,1,10,1,52,1" doraHai="23" who="1" fromWho="3" sc="317,0,227,68,250,0,196,-58" /><INIT seed="1,1,0,3,2,50" ten="317,295,250,138" oya="1" hai0="41,69,89,100,38,105,72,55,32,86,64,22,106" hai1="132,121,13,135,68,26,108,0,31,25,128,74,52" hai2="81,4,99,123,1,59,84,11,34,119,56,57,15" hai3="94,47,113,91,30,58,92,101,46,116,6,16,29"/><U62/><E121/><V2/><F119/><W77/><G113/><T82/><D32/><U33/><E0/><V54/><F123/><W107/><G107/><T96/><D106/><U133/><E74/><V61/><F34/><W53/><G116/><T23/><D72/><U43/><E26/><V17/><F99/><N who="3" m="59623" /><G6/><T87/><D38/><U35/><E33/><V126/><F126/><W95/><G77/><T9/><D41/><U19/><E43/><V67/><F1/><W36/><G36/><T124/><D124/><U10/><E128/><V5/><F2/><W60/><G95/><T71/><D71/><U79/><E79/><V21/><F21/><W98/><G46/><T129/><D9/><U8/><E108/><V112/><F59/><W7/><G7/><T110/><D129/><U97/><E97/><V28/><F28/><W131/><G131/><T114/><D110/><U12/><E68/><V40/><F40/><W115/><G115/><T125/><D114/><U44/><E44/><V134/><F134/><W70/><G70/><T51/><D125/><U48/><E62/><V65/><F65/><W102/><G102/><T20/><D69/><U111/><E111/><V66/><F66/><W24/><G47/><N who="0" m="28159" /><D64/><U122/><E122/><V3/><F3/><W75/><G75/><T103/><D103/><U88/><E88/><N who="2" m="51215" /><F112/><W120/><G120/><T93/><D105/><U83/><E83/><V14/><F14/><W49/><G49/><AGARI ba="1,0" hai="4,5,11,15,17,49,54,56,57,61,67" m="51215" machi="49" ten="30,3900,0" yaku="8,1,52,1,54,1" doraHai="50" who="2" fromWho="3" sc="317,0,295,0,250,42,138,-42" /><INIT seed="2,0,0,2,4,89" ten="317,295,292,96" oya="2" hai0="117,54,96,33,49,32,46,135,7,74,36,81,16" hai1="70,113,111,40,60,41,130,64,94,65,38,10,31" hai2="21,9,39,108,55,114,134,110,8,98,3,79,67" hai3="95,129,29,91,4,18,17,112,103,109,57,101,73"/><V120/><F114/><W45/><G112/><T11/><D135/><U116/><E113/><V24/><F120/><W0/><G73/><T19/><D117/><U22/><E116/><V20/><F39/><W100/><G109/><N who="2" m="42089" /><F79/><W28/><G129/><T90/><D33/><U76/><E111/><V61/><F134/><W75/><G75/><T72/><D32/><U87/><E130/><V105/><F55/><W25/><G45/><T99/><D72/><U115/><E64/><V122/><F122/><W1/><G4/><T26/><D26/><U62/><E60/><V51/><F51/><W131/><G131/><T86/><D74/><U107/><E107/><V2/><F105/><W34/><G57/><T63/><D36/><U14/><E38/><V121/><F98/><N who="0" m="37418" /><D63/><U71/><E71/><N who="2" m="42479" /><F121/><W43/><G43/><T44/><D44/><U132/><E76/><V85/><F85/><W125/><G125/><T48/><D49/><U5/><E132/><V69/><F20/><W119/><G119/><T133/><D133/><U42/><E115/><V102/><F102/><W53/><G53/><T123/><D123/><U30/><REACH who="1" step="1"/><E22/><REACH who="1" ten="317,285,292,96" step="2"/><V84/><F69/><W27/><G34/><T82/><D48/><U78/><E78/><V58/><F58/><W83/><G101/><T118/><D118/><U80/><E80/><V92/><F8/><W23/><G83/><T37/><D82/><U56/><E56/><V126/><F9/><W13/><G23/><T35/><D35/><U47/><E47/><V128/><F128/><W12/><G91/><AGARI ba="0,1" hai="5,10,14,30,31,40,41,42,62,65,70,87,91,94" machi="91" ten="40,2600,0" yaku="1,1,52,1,53,0" doraHai="89" doraHaiUra="50" who="1" fromWho="3" sc="317,0,285,36,292,0,96,-26" /><INIT seed="3,0,0,5,4,27" ten="317,321,292,70" oya="3" hai0="28,122,71,102,58,119,53,79,44,74,15,81,63" hai1="125,67,111,48,131,52,86,20,55,127,61,40,46" hai2="10,5,104,14,76,84,23,88,41,51,68,97,107" hai3="24,77,49,106,47,78,7,31,32,93,87,109,66"/><W50/><G106/><T130/><D119/><U133/><E111/><V128/><F68/><W101/><G66/><T3/><D122/><U94/><E131/><V83/><F128/><W132/><G109/><T65/><D130/><U29/><E133/><V60/><F60/><W100/><G132/><T72/><D3/><U112/><E112/><V11/><F11/><W54/><G7/><T42/><D102/><U17/><E29/><V33/><F33/><W73/><G73/><T30/><D72/><U38/><E94/><N who="2" m="56519" /><F23/><W121/><G121/><T16/><D71/><N who="1" m="42479" /><E86/><V37/><F37/><W19/><G19/><T56/><D56/><N who="1" m="32775" /><E55/><V85/><F85/><W91/><REACH who="3" step="1"/><G50/><REACH who="3" ten="317,321,292,60" step="2"/><T98/><D65/><U39/><E39/><V110/><F110/><W96/><G96/><T95/><D74/><U59/><E59/><V135/><F135/><W116/><G116/><T69/><D69/><U26/><AGARI ba="0,1" hai="17,20,26,38,40,46,125,127" m="32775,42479" machi="26" ten="30,2000,0" yaku="24,1,54,1" doraHai="27" who="1" fromWho="1" sc="317,-5,321,30,292,-5,60,-10" owari="312,11.2,351,45.1,287,-11.3,50,-45.0" /></mjloggm>