<mjloggm ver="2.3"><GO type="225" lobby="0"/><UN n0="%63%68%78%62%64" n1="%E7%89%B9%E6%9D%B1%E3%81%AF%E4%B8%96%E7%95%8C%E3%82%92%E6%95%91%E3%81%86" n2="%6D%75%75%6D%75%72%61" n3="%E6%B0%B7%E5%B7%9D%E9%87%8C%E5%A5%88" dan="16,16,17,16" rate="2158.87,2109.69,2205.27,2157.32" sx="M,M,F,F"/><TAIKYOKU oya="0"/><INIT seed="0,0,0,2,3,72" ten="250,250,250,250" oya="0" hai0="7,1,34,129,120,97,22,28,104,5,50,12,113" hai1="37,91,68,99,87,21,52,90,70,125,51,132,29" hai2="127,82,45,36,13,108,11,114,122,24,86,14,79" hai3="8,117,54,27,130,83,67,124,39,2,100,135,123"/><T75/><D75/><U17/><E37/><V89/><F122/><W53/><G117/><T20/><D120/><U41/><E41/><V10/><F114/><W38/><G123/><T58/><D113/><U93/><E29/><V84/><F108/><W78/><G67/><T64/><D129/><U131/><E132/><V110/><F110/><W23/><G100/><T112/><D112/><U62/><E125/><V9/><F127/><W61/><G124/><T42/><D1/><U6/><E6/><V48/><F24/><W118/><G118/><T57/><D34/><U3/><E3/><V119/><F36/><W98/><G98/><T126/><D126/><U73/><E73/><V102/><F102/><W109/><G109/><T55/><D42/><U60/><E68/><V47/><F119/><W85/><G135/><T77/><D77/><U76/><E70/><V35/><F35/><W59/><G130/><T32/><D32/><U106/><E76/><V111/><F111/><W15/><G53/><T33/><D33/><U134/><E131/><V88/><F47/><W26/><G2/><T96/><D104/><U94/><E106/><V133/><F133/><W49/><G49/><T25/><D20/><U40/><E40/><N who="2" m="24615" /><F89/><W16/><G27/><T4/><REACH who="0" step="1"/><D12/><REACH who="0" ten="240,250,250,250" step="2"/><N who="1" m="9383" /><E134/><V81/><AGARI ba="0,1" hai="9,10,11,13,14,79,81,82,84,86,88" m="24615" machi="81" ten="30,4000,0" yaku="8,1,52,1,54,1" doraHai="72" who="2" fromWho="2" sc="240,-20,250,-10,250,50,250,-10" /><INIT seed="1,0,0,0,1,109" ten="220,240,300,240" oya="1" hai0="59,104,110,90,60,128,20,88,73,107,61,2,54" hai1="79,29,19,84,134,121,70,7,118,46,93,30,43" hai2="91,5,32,102,94,114,37,80,6,45,113,125,123" hai3="77,50,133,57,106,130,21,35,12,0,31,124,47"/><U62/><E118/><V44/><F123/><W115/><G0/><T85/><D73/><U72/><E121/><V99/><F32/><W56/><G106/><T1/><D110/><U49/><E134/><V68/><F68/><W22/><G133/><T38/><D38/><U51/><E72/><V89/><F125/><W58/><G130/><T48/><D128/><U120/><E120/><V18/><F18/><W64/><G124/><T66/><D107/><U13/><E7/><N who="2" m="2571" /><F37/><W52/><G77/><T23/><D104/><U98/><E51/><V101/><F80/><W4/><G64/><T24/><D23/><U17/><E17/><V119/><F119/><W105/><G105/><T103/><D103/><N who="2" m="39434" /><F91/><W39/><G39/><T42/><D90/><N who="1" m="55607" /><E70/><V81/><F81/><W111/><G111/><T95/><D42/><U122/><E122/><V36/><F36/><W14/><G4/><T40/><D40/><U78/><E78/><V71/><F71/><W63/><G35/><T15/><D15/><U97/><E13/><V92/><F92/><W82/><G82/><T83/><D83/><N who="1" m="47231" /><E19/><V116/><F116/><W11/><G12/><T8/><D8/><U131/><E131/><V76/><F76/><W41/><G14/><T10/><D10/><U53/><E30/><V25/><F25/><N who="3" m="16815" /><G11/><T112/><D1/><U129/><E129/><V135/><F135/><W127/><G127/><T117/><D2/><U108/><E108/><V126/><F126/><W34/><G34/><T96/><D117/><U74/><E74/><V100/><N who="2" m="39442" /><V67/><DORA hai="132" /><F67/><W16/><G22/><RYUUKYOKU ba="0,0" sc="220,-10,240,-10,300,30,240,-10" hai2="44,45,89,94,99,113,114" /><INIT seed="2,1,0,1,2,43" ten="210,230,330,230" oya="2" hai0="47,102,5,2,80,101,1,126,119,63,38,123,127" hai1="29,7,130,93,46,122,107,132,22,128,100,78,99" hai2="60,97,56,10,73,33,21,81,52,30,92,34,26" hai3="59,6,76,125,114,117,71,111,85,48,8,41,17"/><V134/><F134/><W74/><G117/><T83/><D123/><U75/><E122/><V4/><F73/><W66/><G111/><T42/><D119/><U25/><E132/><V11/><F81/><W62/><G125/><N who="0" m="47627" /><D63/><U89/><E7/><V16/><F30/><W53/><G114/><T19/><D19/><U49/><E78/><V120/><F120/><W131/><G131/><N who="1" m="50218" /><E75/><V103/><F11/><W31/><G74/><T135/><D135/><U110/><E110/><V24/><F24/><W13/><G31/><T70/><D70/><U72/><E72/><V67/><F67/><W69/><G41/><T32/><D32/><U84/><E49/><V104/><F104/><W57/><G76/><T98/><D102/><U124/><E124/><V58/><REACH who="2" step="1"/><F56/><REACH who="2" ten="210,230,320,230" step="2"/><W116/><G116/><T79/><D83/><U18/><E29/><V44/><F44/><AGARI ba="1,1" hai="18,22,25,44,46,84,89,93,99,100,107" m="50218" machi="44" ten="30,3900,0" yaku="19,1,52,2" doraHai="43" who="1" fromWho="2" sc="210,0,230,52,320,-42,230,0" /><INIT seed="3,0,0,0,2,116" ten="210,282,278,230" oya="3" hai0="65,89,57,63,91,11,100,122,42,92,39,38,22" hai1="2,0,16,134,115,34,114,59,103,70,54,67,29" hai2="83,104,10,23,81,61,36,49,45,12,124,76,40" hai3="126,101,99,130,60,47,117,18,86,73,85,75,35"/><W132/><G117/><T27/><D11/><U78/><E78/><V118/><F118/><W43/><G35/><T21/><D21/><U14/><E103/><V106/><F124/><W98/><G130/><T6/><D6/><U110/><E67/><V102/><F36/><W20/><G132/><T77/><D77/><U107/><E70/><V72/><F23/><W95/><G126/><T1/><D1/><N who="1" m="619" /><E107/><V109/><F109/><W8/><G8/><T4/><D4/><U105/><E105/><V66/><F81/><W113/><G113/><T25/><D25/><N who="1" m="18735" /><E54/><V19/><REACH who="2" step="1"/><F102/><REACH who="2" ten="210,282,268,230" step="2"/><W133/><G133/><T111/><D111/><U55/><E110/><V37/><F37/><W48/><G73/><T108/><D108/><U88/><E134/><V30/><F30/><W125/><G75/><T94/><D122/><U79/><E115/><V56/><AGARI ba="0,1" hai="10,12,19,40,45,49,56,61,66,72,76,83,104,106" machi="56" ten="20,5200,0" yaku="1,1,0,1,7,1,53,1" doraHai="116" doraHaiUra="9" who="2" fromWho="2" sc="210,-13,282,-13,268,62,230,-26" owari="197,-30.3,269,6.9,330,43.0,204,-19.6" /></mjloggm>