<mjloggm ver="2.3"><GO type="225" lobby="0"/><UN n0="%43%68%65" n1="%E3%83%A9%E3%83%96%E3%83%AC%E3%83%BC" n2="%6D%75%75%6D%75%72%61" n3="%73%69%72%6F%75%74" dan="16,18,16,16" rate="2175.31,2269.47,2099.76,2066.26" sx="M,M,F,M"/><TAIKYOKU oya="0"/><INIT seed="0,0,0,4,0,106" ten="250,250,250,250" oya="0" hai0="59,78,31,16,95,112,23,36,119,103,81,52,5" hai1="71,87,70,49,15,89,17,35,45,113,33,73,96" hai2="20,67,130,125,91,132,121,102,88,99,116,77,114" hai3="84,58,25,131,41,109,11,69,110,4,122,32,55"/><T117/><D112/><U10/><E113/><V72/><F114/><W75/><G69/><T62/><D36/><U135/><E135/><V93/><F132/><W79/><G41/><T39/><D39/><U97/><E71/><V76/><F67/><W46/><G46/><T120/><D120/><U108/><E108/><N who="3" m="41578" /><G84/><T18/><D5/><U128/><E128/><V129/><F20/><W64/><G64/><T86/><D31/><U48/><E73/><V53/><F53/><W85/><G85/><T124/><D124/><U50/><E70/><V115/><F115/><W105/><G105/><T74/><D18/><U134/><E134/><V100/><F121/><W42/><G42/><T26/><REACH who="0" step="1"/><D103/><REACH who="0" ten="240,250,250,250" step="2"/><U34/><E45/><V21/><F125/><W82/><G122/><T90/><AGARI ba="0,1" hai="16,23,26,52,59,62,74,78,81,86,90,95,117,119" machi="90" ten="30,18000,2" yaku="1,1,2,1,0,1,52,1,54,2,53,1" doraHai="106" doraHaiUra="80" who="0" fromWho="0" sc="240,190,250,-60,250,-60,250,-60" /><INIT seed="0,1,0,0,5,54" ten="430,190,190,190" oya="0" hai0="114,72,43,58,104,84,107,49,130,131,115,82,96" hai1="92,135,64,133,22,118,34,29,120,89,3,62,4" hai2="60,61,66,94,1,95,132,81,117,73,33,57,24" hai3="55,124,6,127,21,100,12,76,67,5,25,48,47"/><T37/><D37/><U90/><E34/><V45/><F132/><W106/><G76/><N who="0" m="44295" /><D43/><U39/><E120/><V28/><F1/><W79/><G79/><T125/><D49/><U87/><E118/><V9/><F117/><W19/><G67/><T14/><D58/><U93/><E39/><V134/><F134/><W31/><G106/><N who="0" m="40491" /><D14/><U69/><E4/><V35/><F35/><W112/><G112/><N who="0" m="43051" /><D96/><U101/><E3/><V52/><F9/><W16/><G5/><T7/><D7/><U27/><E133/><V103/><F103/><W85/><G100/><T36/><D36/><U99/><E101/><V119/><F119/><W97/><G97/><T116/><D116/><U2/><E2/><V20/><F33/><W15/><G6/><T113/><D113/><U46/><E135/><V38/><F38/><W68/><G68/><T122/><D122/><U91/><E46/><V121/><F121/><W18/><REACH who="3" step="1"/><G85/><REACH who="3" ten="430,190,190,180" step="2"/><T32/><D84/><U109/><E99/><V23/><F73/><W78/><G78/><T51/><D131/><U59/><E87/><V70/><F81/><W53/><G53/><T86/><D86/><U102/><E102/><V44/><REACH who="2" step="1"/><F23/><REACH who="2" ten="430,190,180,180" step="2"/><W13/><AGARI ba="1,2" hai="12,13,15,16,18,19,21,25,31,47,48,55,124,127" machi="13" ten="40,5200,0" yaku="1,1,0,1,54,1,53,0" doraHai="54" doraHaiUra="105" who="3" fromWho="3" sc="430,-27,190,-14,180,-14,180,75" /><INIT seed="1,0,0,3,1,3" ten="403,176,166,255" oya="1" hai0="98,135,78,126,15,122,39,51,16,73,77,118,134" hai1="120,56,10,105,130,102,19,14,72,18,25,95,40" hai2="101,63,86,132,89,59,64,68,81,54,27,133,91" hai3="94,113,35,119,67,9,70,83,34,129,45,71,6"/><U43/><E105/><V79/><F101/><W5/><G113/><T117/><D39/><U106/><E106/><V38/><F38/><W99/><G129/><T50/><D126/><U66/><E72/><V125/><F125/><W61/><G119/><T76/><D73/><U115/><E130/><V2/><F2/><W29/><G71/><T109/><D98/><N who="1" m="59743" /><E120/><V88/><REACH who="2" step="1"/><F27/><REACH who="2" ten="403,176,156,255" step="2"/><W58/><G99/><T23/><D122/><U84/><E115/><V48/><AGARI ba="0,1" hai="48,54,59,63,64,68,79,81,86,88,89,91,132,133" machi="48" ten="30,7900,0" yaku="1,1,2,1,0,1,54,1,53,0" doraHai="3" doraHaiUra="8" who="2" fromWho="2" sc="403,-20,176,-39,156,89,255,-20" /><INIT seed="2,0,0,4,2,49" ten="383,137,245,235" oya="2" hai0="10,106,52,123,13,45,37,51,111,126,58,22,28" hai1="91,121,128,61,97,98,27,31,130,59,87,20,46" hai2="24,56,108,23,50,16,76,57,7,82,55,39,116" hai3="70,127,29,88,38,12,47,2,86,62,68,34,100"/><V104/><F116/><W18/><G2/><T107/><D123/><U72/><E72/><V35/><F104/><W40/><G127/><T109/><D126/><U0/><E0/><V89/><F39/><W135/><G100/><T11/><D11/><U17/><E121/><V71/><F71/><W53/><G135/><T96/><D22/><U43/><E31/><V101/><F35/><W4/><G4/><T133/><D28/><U75/><E75/><V118/><F118/><W83/><G29/><T65/><D133/><U134/><E134/><V21/><F7/><W15/><G34/><T102/><D107/><U105/><E105/><V8/><F101/><W110/><G110/><N who="0" m="41995" /><D65/><U33/><E33/><V32/><F32/><W94/><G12/><T132/><D132/><U25/><E25/><V92/><F108/><W73/><G73/><T78/><D78/><U81/><E130/><V122/><F23/><W124/><G124/><T6/><D37/><U74/><E74/><V80/><F122/><W99/><G70/><T54/><D58/><U30/><E30/><V42/><F8/><W129/><G68/><T63/><D63/><U85/><E128/><V44/><F76/><W48/><G62/><T69/><D69/><U3/><E3/><V113/><F113/><W19/><G15/><T119/><D119/><U103/><E103/><V131/><F131/><W26/><G26/><T77/><D77/><U115/><E115/><V60/><F57/><N who="3" m="32935" /><G129/><T64/><D64/><N who="1" m="38975" /><E87/><AGARI ba="0,0" hai="16,21,24,42,44,50,55,56,60,80,82,87,89,92" machi="87" ten="30,11600,0" yaku="7,1,8,1,52,1,54,1" doraHai="49" who="2" fromWho="1" sc="383,0,137,-116,245,116,235,0" /><INIT seed="2,1,0,4,2,36" ten="383,21,361,235" oya="2" hai0="66,75,18,15,51,33,123,7,12,95,3,10,1" hai1="130,32,56,61,91,69,39,48,89,132,60,72,64" hai2="93,27,134,106,88,100,105,9,104,86,124,112,114" hai3="40,11,81,53,109,73,6,28,57,70,71,4,115"/><V35/><F35/><W21/><G109/><T19/><D75/><U31/><E72/><V58/><F27/><N who="3" m="16495" /><G71/><T23/><D123/><U82/><E130/><V8/><F124/><W78/><G70/><T37/><D37/><U103/><E132/><V113/><F134/><W120/><G73/><T76/><D76/><U133/><E133/><V117/><F117/><W87/><G120/><T129/><D66/><U43/><E103/><V97/><REACH who="2" step="1"/><F58/><REACH who="2" ten="383,21,351,235" step="2"/><W63/><G57/><T80/><D33/><U122/><E122/><V101/><F101/><W126/><G126/><T102/><D129/><U45/><E61/><V59/><F59/><W118/><G63/><T99/><D51/><U38/><E38/><V17/><F17/><W5/><G118/><T121/><D121/><U68/><E68/><V30/><F30/><W85/><G4/><T119/><D119/><U128/><E128/><V98/><F98/><W74/><G5/><T14/><REACH who="0" step="1"/><D80/><AGARI ba="1,1" hai="8,9,80,86,88,93,97,100,104,105,106,112,113,114" machi="80" ten="50,9600,0" yaku="1,1,54,1,53,1" doraHai="36" doraHaiUra="79" who="2" fromWho="0" sc="383,-99,21,0,351,109,235,0" /><INIT seed="2,2,0,2,1,123" ten="284,21,460,235" oya="2" hai0="96,37,19,133,86,48,102,39,10,77,51,65,58" hai1="68,55,27,72,126,100,35,94,73,107,1,83,16" hai2="32,93,5,9,40,75,71,78,25,81,95,30,54" hai3="6,108,118,80,38,69,79,90,91,17,31,110,97"/><V4/><F71/><W116/><G69/><T89/><D77/><U11/><E55/><V2/><F5/><W119/><G38/><T115/><D115/><U15/><E94/><V52/><F40/><W111/><G31/><T92/><D133/><U76/><E126/><V28/><F28/><W112/><G6/><T47/><D39/><U103/><E103/><V114/><F114/><W127/><G112/><T66/><D37/><U56/><E56/><V50/><REACH who="2" step="1"/><F54/><REACH who="2" ten="284,21,450,235" step="2"/><W59/><G127/><T82/><D66/><U104/><E68/><V0/><F0/><W124/><G124/><T41/><D65/><U88/><E1/><V122/><F122/><W8/><G118/><T60/><D41/><U130/><E130/><V117/><F117/><W121/><G119/><T24/><D19/><U29/><E73/><V129/><F129/><W105/><G121/><T26/><D47/><AGARI ba="2,1" hai="2,4,9,25,30,32,47,50,52,75,78,81,93,95" machi="47" ten="30,5800,0" yaku="1,1,7,1,54,1,53,0" doraHai="123" doraHaiUra="61" who="2" fromWho="0" sc="284,-64,21,0,450,74,235,0" /><INIT seed="2,3,0,5,4,111" ten="220,21,524,235" oya="2" hai0="77,46,80,132,17,27,45,123,78,86,96,33,20" hai1="23,66,119,39,12,107,50,104,89,29,31,121,97" hai2="72,109,126,62,98,81,49,113,32,105,60,129,22" hai3="69,82,99,70,83,110,95,133,16,88,30,3,21"/><V41/><F32/><W134/><G3/><T125/><D123/><U87/><E121/><V5/><F113/><W92/><G30/><T35/><D125/><U40/><E39/><V65/><F126/><W18/><G110/><T38/><D132/><N who="3" m="50793" /><G92/><T15/><D78/><U13/><E66/><V115/><F115/><W91/><G18/><T11/><D96/><U55/><E40/><V130/><F109/><W74/><G91/><T90/><D77/><U67/><E67/><V122/><F122/><W61/><G61/><T79/><D79/><U6/><E119/><V36/><F105/><W48/><G48/><T108/><D108/><U1/><E1/><V64/><F98/><W24/><G74/><T9/><D9/><U51/><E97/><V26/><F49/><W58/><G58/><T71/><D71/><AGARI ba="3,0" hai="16,21,24,69,70,71,82,83,88,95,99" m="50793" machi="71" ten="30,3900,0" yaku="20,1,54,2" doraHai="111" who="3" fromWho="0" sc="220,-48,21,0,524,0,235,48" /><INIT seed="3,0,0,5,1,8" ten="172,21,524,283" oya="3" hai0="30,17,49,122,15,90,56,46,7,5,131,104,134" hai1="96,116,22,48,32,109,71,42,83,102,94,78,88" hai2="87,124,108,79,26,55,51,100,80,34,114,45,91" hai3="98,73,40,126,54,16,66,0,113,68,86,27,115"/><W47/><G73/><T4/><D122/><U132/><E71/><V84/><F114/><W12/><G0/><T52/><D134/><U125/><E32/><V21/><F108/><W37/><G27/><T64/><D131/><U123/><E123/><V119/><F119/><W111/><G98/><T93/><D104/><U41/><E116/><V2/><F2/><W77/><G126/><T118/><D30/><U70/><E70/><V11/><F124/><W25/><G25/><T62/><D118/><U89/><E125/><V99/><F34/><W33/><G33/><T50/><D50/><U13/><E132/><V61/><F61/><W10/><G111/><T31/><D31/><U67/><E67/><V60/><F60/><W128/><G128/><T1/><D1/><U135/><E135/><V81/><F11/><W36/><G36/><T117/><D117/><U120/><E120/><V75/><F75/><W28/><G28/><T43/><D43/><U44/><E42/><V129/><F129/><W133/><G133/><T20/><D5/><U69/><E69/><V101/><F99/><W72/><G72/><T57/><D46/><U76/><E109/><V106/><F106/><W92/><G66/><T121/><D121/><U39/><E39/><V3/><F3/><W24/><G68/><T82/><D82/><U38/><E38/><V14/><F26/><W74/><G24/><T130/><D130/><U18/><REACH who="1" step="1"/><E78/><REACH who="1" ten="172,11,524,283" step="2"/><V58/><F45/><W107/><G77/><T19/><D64/><U97/><E97/><V53/><F53/><W35/><G54/><T127/><D127/><RYUUKYOKU ba="0,1" sc="172,-15,11,15,524,15,283,-15" hai1="13,18,22,41,44,48,76,83,88,89,94,96,102" hai2="14,21,51,55,58,79,80,81,84,87,91,100,101" owari="157,-24.3,26,-47.4,549,64.9,268,6.8" /></mjloggm>