<mjloggm ver="2.3"><GO type="225" lobby="0"/><UN n0="%47%32%E9%BE%8D%E9%96%80" n1="%E3%81%AF%E3%82%88%E3%81%8A%E3%81%98%E3%81%95%E3%82%93" n2="%E3%81%95%E3%81%8D%E3%81%9F%E3%81%BE%E6%9E%97%E6%AA%8E" n3="%6E%69%63%6F%6E%74%6F" dan="16,16,16,16" rate="2083.99,2115.71,2083.55,2153.42" sx="M,M,M,M"/><TAIKYOKU oya="0"/><INIT seed="0,0,0,2,2,109" ten="250,250,250,250" oya="0" hai0="27,23,91,126,7,21,76,55,8,59,133,51,14" hai1="57,65,94,128,74,52,19,24,66,116,39,63,25" hai2="127,62,10,42,95,36,114,41,15,0,28,73,46" hai3="58,106,121,88,31,33,5,111,67,61,75,17,38"/><T110/><D133/><U135/><E116/><V49/><F73/><W92/><G111/><T50/><D110/><U89/><E135/><V26/><F0/><W105/><G121/><T48/><D126/><U123/><E123/><V69/><F127/><W101/><G38/><T80/><D91/><U96/><E128/><V119/><F119/><W82/><G5/><T115/><D115/><U64/><E74/><V2/><F114/><W9/><G9/><T124/><D124/><U35/><E39/><V70/><F2/><W104/><G17/><T134/><D134/><U108/><E108/><V125/><F125/><W68/><G58/><T84/><REACH who="0" step="1"/><D21/><REACH who="0" ten="240,250,250,250" step="2"/><N who="1" m="13375" /><E35/><V11/><F11/><W44/><G33/><T112/><D112/><U12/><E25/><V29/><F10/><W34/><G34/><T53/><D53/><U118/><E118/><V16/><F26/><W54/><G54/><T72/><D72/><U1/><E1/><V71/><F42/><W117/><G117/><T18/><AGARI ba="0,1" hai="7,8,14,18,23,27,48,50,51,55,59,76,80,84" machi="18" ten="20,12000,1" yaku="1,1,0,1,7,1,8,1,53,1" doraHai="109" doraHaiUra="4" who="0" fromWho="0" sc="240,130,250,-40,250,-40,250,-40" /><INIT seed="0,1,0,2,5,121" ten="370,210,210,210" oya="0" hai0="130,92,91,1,7,50,74,42,124,78,52,2,40" hai1="12,117,26,95,6,65,89,64,80,22,131,111,84" hai2="76,63,29,41,62,86,33,54,120,35,39,24,17" hai3="19,8,36,103,107,49,102,109,105,28,51,10,16"/><T119/><D119/><U72/><E117/><V11/><F120/><W81/><G28/><T44/><D130/><U90/><E131/><V56/><F35/><W66/><G81/><T14/><D124/><U55/><E111/><V48/><F39/><W32/><G32/><T88/><D74/><U79/><E55/><V46/><F76/><W37/><G66/><T123/><D123/><U97/><E12/><V129/><F129/><W116/><G116/><T99/><D78/><U61/><E6/><V5/><F86/><W59/><G59/><T73/><D73/><U47/><E47/><V113/><F113/><W38/><G38/><T43/><REACH who="0" step="1"/><D91/><REACH who="0" ten="360,210,210,210" step="2"/><U75/><E89/><V15/><REACH who="2" step="1"/><F62/><REACH who="2" ten="360,210,200,210" step="2"/><W108/><AGARI ba="1,2" hai="8,10,16,19,36,37,49,51,102,103,105,107,108,109" machi="108" ten="25,12000,2" yaku="0,1,22,2,52,2,54,1" doraHai="121" who="3" fromWho="3" sc="360,-61,210,-31,200,-31,210,143" /><INIT seed="1,0,0,1,0,89" ten="299,179,169,353" oya="1" hai0="51,52,119,100,121,84,57,54,127,63,53,35,24" hai1="31,126,77,111,37,61,79,47,62,17,124,55,3" hai2="15,118,123,4,74,49,33,70,97,50,39,71,73" hai3="83,2,85,27,101,42,68,116,48,112,113,5,20"/><U34/><E3/><V108/><F108/><W94/><G68/><T16/><D119/><U0/><E0/><V44/><F123/><W29/><G116/><T107/><D127/><N who="1" m="48683" /><E111/><V18/><F118/><W64/><G64/><T60/><D121/><U45/><E17/><V32/><F39/><W1/><G1/><T128/><D128/><U91/><E91/><V67/><F4/><W66/><G66/><T14/><D107/><U133/><E133/><V28/><F74/><W98/><G5/><T114/><D114/><U8/><E8/><V93/><F73/><W81/><G81/><T131/><D100/><U82/><E37/><V59/><F71/><W129/><G129/><T69/><D131/><U36/><E36/><V46/><F70/><W12/><G2/><T132/><D132/><U10/><E10/><V122/><F122/><W43/><G12/><T6/><D6/><U19/><E19/><V78/><F78/><N who="1" m="29705" /><E82/><V25/><F33/><W130/><G130/><T65/><D60/><N who="1" m="23147" /><E55/><V88/><F18/><W99/><G113/><T110/><D110/><U104/><E104/><V120/><F120/><W7/><G112/><T13/><D16/><U56/><E56/><V92/><F92/><N who="3" m="58567" /><G7/><T41/><D57/><U11/><E11/><V87/><F59/><W134/><G134/><T80/><D69/><U9/><E9/><V117/><F117/><W103/><G48/><T40/><D51/><U96/><E96/><V76/><F50/><W95/><G99/><T75/><D65/><U90/><E90/><V125/><F67/><W38/><G38/><T109/><D109/><RYUUKYOKU ba="0,0" sc="299,-10,179,30,169,-10,353,-10" hai1="31,34,45,47" /><INIT seed="1,1,0,1,4,44" ten="289,209,159,343" oya="1" hai0="66,58,48,70,63,132,62,29,131,115,30,34,67" hai1="49,4,15,77,97,86,13,53,101,36,21,112,89" hai2="71,120,27,18,133,95,47,80,50,75,52,78,54" hai3="23,28,60,20,105,69,135,116,113,110,59,43,10"/><U9/><E112/><V82/><F120/><W1/><G105/><T12/><D115/><U51/><E36/><V0/><F133/><W108/><G113/><T35/><D132/><U129/><E129/><V107/><F107/><W72/><G72/><T79/><D79/><U122/><E122/><V7/><F71/><W41/><G135/><T123/><D123/><U39/><E39/><V109/><F109/><N who="3" m="42091" /><G69/><T45/><D12/><U100/><E77/><V87/><F95/><W134/><G134/><T98/><D98/><U73/><E73/><V83/><F0/><W130/><G130/><T32/><REACH who="0" step="1"/><D131/><REACH who="0" ten="279,209,159,343" step="2"/><U6/><E97/><V125/><F125/><W76/><G76/><T11/><D11/><U102/><E4/><V38/><F75/><W31/><G10/><T8/><D8/><U121/><E121/><V106/><F7/><W99/><G1/><T94/><D94/><U16/><E53/><AGARI ba="1,1" hai="29,30,32,34,35,45,48,53,58,62,63,66,67,70" machi="53" ten="40,2600,0" yaku="1,1,52,1,53,0" doraHai="44" doraHaiUra="19" who="0" fromWho="1" sc="279,39,209,-29,159,0,343,0" /><INIT seed="2,0,0,0,2,123" ten="318,180,159,343" oya="2" hai0="33,13,0,12,16,42,51,52,122,32,11,76,112" hai1="59,125,86,57,69,37,56,40,70,75,82,96,85" hai2="55,31,3,49,108,10,8,9,26,39,124,102,20" hai3="7,93,128,4,28,104,77,113,68,25,64,117,67"/><V58/><F39/><W105/><G117/><T88/><D122/><U118/><E118/><V103/><F124/><W43/><G43/><T115/><D0/><U79/><E125/><V17/><F3/><W22/><G77/><T99/><D42/><U71/><REACH who="1" step="1"/><E96/><REACH who="1" ten="318,170,159,343" step="2"/><V91/><F108/><W80/><G113/><T30/><D115/><U78/><E78/><V100/><REACH who="2" step="1"/><F91/><REACH who="2" ten="318,170,149,343" step="2"/><W27/><G128/><T29/><D88/><U116/><E116/><V61/><F61/><W54/><G105/><T92/><D112/><U35/><E35/><V73/><F73/><W47/><G104/><T101/><D33/><U65/><E65/><V127/><F127/><W15/><G67/><T97/><D32/><U2/><E2/><V14/><AGARI ba="0,2" hai="8,9,10,14,17,20,26,31,49,55,58,100,102,103" machi="14" ten="30,6000,0" yaku="1,1,0,1,8,1,53,0" doraHai="123" doraHaiUra="83" who="2" fromWho="2" sc="318,-20,170,-20,149,80,343,-20" /><INIT seed="2,1,0,4,3,11" ten="298,150,229,323" oya="2" hai0="71,21,119,58,29,74,134,0,63,43,124,106,23" hai1="8,48,95,125,35,130,73,121,55,72,27,118,15" hai2="54,64,6,50,12,39,110,84,49,16,40,4,70" hai3="109,99,34,47,78,82,103,41,10,96,108,114,131"/><V65/><F39/><W42/><G34/><T107/><D74/><U1/><E118/><V120/><F120/><W80/><G114/><T26/><D0/><U97/><E1/><V31/><F70/><W56/><G56/><T91/><D71/><U117/><E125/><V66/><F31/><W127/><G127/><T76/><D124/><U101/><E130/><V17/><F17/><W3/><G131/><T18/><D76/><U13/><E117/><V79/><F110/><N who="3" m="42603" /><G82/><T53/><D134/><U122/><E8/><N who="2" m="6151" /><F40/><N who="3" m="15467" /><G47/><T30/><D43/><U5/><E5/><N who="2" m="2155" /><F54/><W86/><G103/><T92/><D119/><U88/><E101/><V36/><F36/><W93/><G93/><T85/><D30/><N who="1" m="19935" /><E73/><V133/><F133/><W113/><G113/><T128/><D128/><U132/><E72/><V28/><F28/><W7/><AGARI ba="1,0" hai="3,7,10,78,80,86,96,99" m="15467,42603" machi="7" ten="30,1100,0" yaku="14,1" doraHai="11" who="3" fromWho="3" sc="298,-4,150,-4,229,-6,323,14" /><INIT seed="3,0,0,1,3,82" ten="294,146,223,337" oya="3" hai0="13,129,27,37,45,112,40,73,76,106,36,42,124" hai1="122,89,69,110,83,109,60,28,57,49,78,31,12" hai2="103,48,26,75,19,105,67,79,133,47,77,51,127" hai3="59,97,96,126,84,119,91,24,64,99,117,34,22"/><W30/><G126/><T25/><D106/><U115/><E122/><V63/><F127/><W55/><G34/><T104/><D104/><U62/><E115/><V95/><F105/><W134/><G134/><T16/><D112/><U92/><E69/><V118/><F118/><W1/><G1/><T9/><D129/><U100/><E100/><V41/><F75/><W6/><G6/><T98/><D98/><U66/><E110/><V0/><F0/><W128/><G128/><T86/><D73/><U93/><E109/><V85/><F51/><W94/><REACH who="3" step="1"/><G64/><REACH who="3" ten="294,146,223,327" step="2"/><T52/><D124/><U20/><E60/><AGARI ba="0,1" hai="22,24,30,55,59,60,84,91,94,96,97,99,117,119" machi="60" ten="40,12000,1" yaku="1,1,2,1,52,1,53,1" doraHai="82" doraHaiUra="87" who="3" fromWho="1" sc="294,0,146,-120,223,0,327,130" owari="294,9.4,26,-47.4,223,-17.7,457,55.7" /></mjloggm>