<mjloggm ver="2.3"><GO type="225" lobby="0"/><UN n0="%E3%81%BF%E3%81%BF%E3%81%9A" n1="%E5%84%AA%40%41%42%43" n2="%E3%82%A2%E3%83%BC%E3%83%A2%E3%83%AD%E3%83%BC%E3%83%B4%E3%82%A1" n3="%48%61%61%61%6C%61%6E%64" dan="16,17,16,18" rate="2144.60,2137.16,2141.35,2236.88" sx="M,M,M,M"/><TAIKYOKU oya="0"/><INIT seed="0,0,0,3,1,124" ten="250,250,250,250" oya="0" hai0="2,66,13,118,74,134,32,11,42,79,4,8,67" hai1="115,65,7,125,44,116,41,63,39,130,43,131,20" hai2="111,113,108,19,128,58,120,5,87,26,64,92,1" hai3="121,57,56,3,106,100,83,77,76,25,18,0,105"/><T16/><D118/><U68/><E125/><V28/><F120/><W14/><G121/><T17/><D134/><U45/><E7/><V29/><F113/><W110/><G110/><N who="2" m="42025" /><F128/><N who="1" m="49193" /><E20/><N who="2" m="13599" /><F5/><W59/><G25/><T132/><D132/><U80/><E80/><V82/><F92/><W94/><G94/><T69/><D69/><U104/><E104/><V86/><F86/><W27/><G27/><T36/><D17/><U72/><E72/><V127/><F1/><W133/><G133/><T109/><D109/><U122/><E122/><V107/><F107/><W46/><G106/><T97/><D97/><U129/><N who="1" m="49201" /><U101/><DORA hai="33" /><E101/><V103/><F103/><W102/><G100/><T21/><D21/><U38/><E115/><V81/><F81/><W37/><G102/><T10/><D10/><U89/><E89/><V90/><F127/><W96/><G96/><T91/><D91/><U50/><E116/><V31/><F31/><W98/><G98/><T54/><D32/><U126/><E126/><V6/><F6/><W117/><G105/><T49/><D74/><U71/><E71/><V24/><F24/><W88/><G88/><T78/><D79/><N who="3" m="30281" /><G83/><T95/><D78/><U52/><E38/><V12/><F12/><W119/><G119/><T70/><D70/><U40/><AGARI ba="0,0" hai="39,40,41,43,44,45,50,52,63,65,68" m="49201" machi="40" ten="40,16000,3" yaku="19,1,34,2,52,4,54,1" doraHai="124,33" who="1" fromWho="1" sc="250,-80,250,160,250,-40,250,-40" /><INIT seed="1,0,0,3,1,62" ten="170,410,210,210" oya="1" hai0="45,39,9,83,0,51,123,127,42,8,48,84,10" hai1="108,11,25,54,14,80,97,38,125,30,46,132,126" hai2="76,27,93,77,130,71,120,118,104,12,73,128,133" hai3="110,86,79,90,26,17,19,81,21,61,78,121,35"/><U66/><E132/><V72/><F118/><W85/><G121/><T106/><D123/><U47/><E108/><V129/><F120/><W57/><G110/><T49/><D106/><U64/><E97/><V103/><F133/><W40/><G35/><T98/><D0/><U99/><E99/><N who="2" m="59887" /><F104/><W31/><G40/><T102/><D127/><N who="1" m="48651" /><E80/><V44/><F71/><W55/><REACH who="3" step="1"/><G79/><REACH who="3" ten="170,410,210,200" step="2"/><T119/><D119/><U58/><E38/><V24/><F76/><W41/><G41/><T6/><D6/><N who="1" m="3447" /><E46/><V32/><F44/><W37/><G37/><T105/><REACH who="0" step="1"/><D39/><REACH who="0" ten="160,410,210,200" step="2"/><U1/><E1/><V53/><F128/><W52/><G52/><T4/><D4/><U131/><E131/><V114/><F53/><W59/><G59/><T70/><D70/><U87/><E47/><V36/><F36/><W112/><G112/><T20/><D20/><U95/><E54/><V88/><F114/><W43/><G43/><T91/><AGARI ba="0,2" hai="8,9,10,42,45,48,49,51,83,84,91,98,102,105" machi="91" ten="30,2000,0" yaku="1,1,0,1,53,0" doraHai="62" doraHaiUra="67" who="0" fromWho="0" sc="160,40,410,-10,210,-5,200,-5" /><INIT seed="2,0,0,1,0,21" ten="200,400,205,195" oya="2" hai0="128,6,100,106,113,50,123,63,20,74,97,69,73" hai1="35,29,125,99,68,78,117,7,76,103,38,93,110" hai2="119,59,114,72,53,22,108,90,132,40,88,70,105" hai3="126,62,46,133,25,127,52,121,116,64,5,120,8"/><V45/><F114/><W71/><G116/><T61/><D113/><U130/><E38/><V94/><F119/><W92/><G92/><T131/><D123/><U81/><E68/><V16/><F105/><W3/><G133/><T85/><D6/><U36/><E36/><V33/><F33/><W23/><G121/><T91/><D50/><U79/><E7/><V96/><F70/><W47/><G120/><T101/><D20/><U86/><E29/><V124/><F72/><N who="0" m="27754" /><D69/><U4/><E4/><V30/><F30/><W102/><G102/><N who="0" m="62799" /><D61/><U54/><E54/><V48/><F124/><N who="3" m="47659" /><G52/><T15/><D15/><U26/><E117/><V42/><F108/><W24/><G23/><T55/><D63/><U13/><E110/><V28/><F28/><W37/><G37/><T65/><D55/><U58/><E13/><N who="2" m="9487" /><F132/><W57/><G71/><T34/><D34/><U89/><E35/><V44/><F90/><W111/><G111/><T67/><D65/><U118/><E125/><V75/><F75/><W1/><G3/><T9/><D67/><U109/><E118/><V49/><F49/><W19/><G19/><T11/><D101/><U115/><E103/><V134/><F134/><W60/><G60/><T31/><D100/><U18/><E109/><V95/><F95/><W98/><G98/><T14/><D31/><U129/><E115/><V122/><F122/><W39/><G39/><T51/><D51/><U87/><E93/><V0/><F0/><W32/><G32/><T2/><D2/><U66/><E66/><V80/><F80/><W84/><G84/><T77/><D85/><RYUUKYOKU ba="0,0" sc="200,-15,400,-15,205,15,195,15" hai2="40,42,44,45,48,53,59,88,94,96" hai3="1,5,8,24,25,46,47,57,62,64" /><INIT seed="2,1,0,3,3,91" ten="185,385,220,210" oya="2" hai0="88,130,1,103,132,113,43,31,2,62,95,90,49" hai1="106,47,0,26,41,19,66,89,64,65,114,102,122" hai2="70,22,98,39,97,46,54,48,8,14,131,99,107" hai3="24,30,21,110,84,36,83,124,29,25,3,42,52"/><V104/><F131/><W13/><G3/><T128/><D113/><U101/><E114/><V73/><F73/><W78/><G110/><T109/><D31/><U44/><E0/><N who="0" m="105" /><D62/><U80/><E106/><V38/><F70/><W28/><G124/><T129/><D109/><U71/><E71/><V37/><REACH who="2" step="1"/><F22/><REACH who="2" ten="185,385,210,210" step="2"/><W105/><G105/><T116/><D116/><U18/><E122/><V108/><F108/><W135/><G135/><T96/><D132/><U115/><E115/><V35/><F35/><W12/><G29/><T34/><D34/><U120/><E120/><V112/><F112/><W94/><G30/><T9/><D9/><U75/><E75/><V33/><F33/><W69/><G69/><T125/><D125/><U61/><E18/><AGARI ba="1,1" hai="8,14,18,37,38,39,46,48,54,97,98,99,104,107" machi="18" ten="50,4800,0" yaku="1,1,53,1" doraHai="91" doraHaiUra="40" who="2" fromWho="1" sc="185,0,385,-51,210,61,210,0" /><INIT seed="2,2,0,5,4,96" ten="185,334,271,210" oya="2" hai0="26,45,84,79,104,133,8,71,15,116,34,46,117" hai1="114,19,100,122,134,119,32,53,85,107,120,90,35" hai2="123,41,31,4,1,59,129,37,81,16,98,124,87" hai3="65,38,121,24,54,10,30,126,103,70,128,86,28"/><V58/><F123/><N who="1" m="47145" /><E114/><V101/><F31/><W43/><G121/><T12/><D71/><U61/><E119/><N who="0" m="45641" /><D133/><U97/><E19/><V82/><F1/><W47/><G126/><T36/><D104/><U80/><E134/><V42/><F4/><W49/><G128/><T50/><D36/><U68/><E53/><V113/><F113/><W27/><G70/><T83/><D8/><U75/><E75/><V11/><F124/><W33/><G65/><AGARI ba="2,0" hai="32,35,61,65,68,80,85,90,97,100,107" m="47145" machi="65" ten="30,2000,0" yaku="13,1,52,1" doraHai="96" who="1" fromWho="3" sc="185,0,334,26,271,0,210,-26" /><INIT seed="3,0,0,1,2,79" ten="185,360,271,184" oya="3" hai0="2,101,124,18,25,31,94,123,84,106,122,38,4" hai1="11,97,72,90,70,7,130,49,109,91,29,125,102" hai2="15,61,60,117,46,51,92,39,80,54,78,77,57" hai3="104,87,119,22,28,93,113,26,12,41,111,45,14"/><W131/><G113/><T13/><D38/><U114/><E70/><V19/><F117/><W3/><G119/><T120/><D106/><U76/><E114/><V75/><F77/><W6/><G104/><T88/><D101/><U110/><E29/><V73/><F73/><W62/><G131/><T133/><D124/><U44/><E76/><V36/><F92/><W135/><G135/><T30/><D133/><U121/><E72/><V71/><F61/><W68/><G111/><N who="1" m="42506" /><E125/><V35/><F35/><W83/><G93/><T24/><D4/><U23/><E23/><V128/><F71/><W48/><G3/><T126/><D2/><N who="1" m="503" /><E121/><V56/><F56/><W95/><G6/><T10/><D126/><U132/><E130/><V129/><F129/><W64/><REACH who="3" step="1"/><G95/><REACH who="3" ten="185,360,271,174" step="2"/><T107/><REACH who="0" step="1"/><D107/><REACH who="0" ten="175,360,271,174" step="2"/><N who="1" m="63951" /><E132/><V32/><F128/><W58/><G58/><T81/><D81/><U0/><E0/><V108/><F108/><W47/><G47/><T37/><D37/><U89/><E44/><V9/><REACH who="2" step="1"/><F32/><REACH who="2" ten="175,360,261,174" step="2"/><W118/><G118/><T99/><D99/><U103/><E103/><V116/><F116/><W33/><G33/><T59/><D59/><U86/><E86/><V98/><F98/><W5/><G5/><T20/><D20/><U63/><E63/><V52/><AGARI ba="0,3" hai="9,15,19,36,39,46,51,52,54,57,60,75,78,80" machi="52" ten="20,12000,2" yaku="1,1,0,1,7,1,52,1,54,1,53,1" doraHai="79" doraHaiUra="8" who="2" fromWho="2" sc="175,-30,360,-30,261,150,174,-60" owari="145,-25.5,330,13.0,411,51.1,114,-38.6" /></mjloggm>