<mjloggm ver="2.3"><GO type="225" lobby="0"/><UN n0="%E3%81%82%E3%81%84%E3%81%82%E3%81%8A%E3%81%84" n1="%E3%81%8C%E3%81%9F" n2="%E6%9D%BE%E6%9C%AC%E5%81%A5%E7%94%B7" n3="%E3%81%8B%E3%82%8F%E3%81%A1%E3%82%83%E3%82%93%35%38" dan="18,16,16,16" rate="2250.28,2080.10,2156.00,2126.48" sx="M,F,M,M"/><TAIKYOKU oya="0"/><INIT seed="0,0,0,0,0,103" ten="250,250,250,250" oya="0" hai0="131,73,58,46,57,106,14,77,82,8,6,78,133" hai1="47,56,80,88,40,130,64,50,87,116,99,123,134" hai2="114,48,74,11,108,76,20,36,4,18,19,119,84" hai3="132,3,93,53,52,112,66,68,45,113,33,51,109"/><T121/><D121/><U1/><E116/><V65/><F114/><N who="3" m="44139" /><G93/><T127/><D127/><U117/><E117/><V126/><F119/><W16/><G16/><T102/><D133/><U30/><E123/><V81/><F126/><W0/><G33/><T61/><D131/><U71/><E130/><V29/><F108/><W31/><G31/><T107/><D78/><U35/><E1/><V32/><F36/><W85/><G85/><T95/><D46/><U135/><E71/><V12/><F65/><W101/><G101/><T63/><D95/><U13/><E13/><V79/><F19/><W55/><G0/><T110/><D102/><U83/><E83/><V124/><F124/><W10/><G10/><T39/><D39/><U104/><E99/><V26/><F48/><W60/><G3/><T98/><D98/><U94/><E94/><V89/><REACH who="2" step="1"/><F74/><REACH who="2" ten="250,250,240,250" step="2"/><W34/><G109/><T2/><D110/><U125/><E125/><V49/><F49/><W69/><G132/><T17/><D63/><U38/><E134/><V9/><F9/><W59/><G34/><T86/><D73/><U21/><E135/><V62/><F62/><N who="3" m="40023" /><G69/><T41/><D8/><U43/><E35/><V42/><F42/><AGARI ba="0,1" hai="42,45,51,52,53,55,59,60" m="40023,44139" machi="42" ten="30,3900,0" yaku="34,2,54,1" doraHai="103" who="3" fromWho="2" sc="250,0,250,0,240,-39,250,49" /><INIT seed="1,0,0,1,3,105" ten="250,250,201,299" oya="1" hai0="93,102,79,107,128,62,40,73,131,98,135,127,109" hai1="64,6,21,80,103,120,66,58,123,41,85,14,37" hai2="28,51,84,54,118,38,97,34,53,4,24,63,69" hai3="5,13,89,95,86,36,46,77,114,68,134,43,16"/><U121/><E103/><V75/><F118/><W132/><G68/><T130/><D40/><U111/><E111/><V12/><F38/><W133/><G114/><T112/><D62/><U82/><E82/><V23/><F75/><W3/><G3/><T94/><D112/><U108/><E108/><V47/><F84/><W55/><G55/><T17/><D109/><U22/><E37/><V119/><F119/><W39/><G77/><T29/><D29/><U32/><E32/><V11/><F97/><W20/><G5/><T104/><D17/><U52/><E41/><V72/><F72/><W33/><G33/><T65/><D65/><U61/><E22/><V113/><F113/><W8/><G39/><T59/><D59/><U92/><E92/><N who="0" m="35433" /><D127/><U101/><E101/><V2/><F69/><W96/><REACH who="3" step="1"/><G20/><REACH who="3" ten="250,250,201,289" step="2"/><T115/><D115/><U91/><REACH who="1" step="1"/><E21/><REACH who="1" ten="250,240,201,289" step="2"/><V110/><F110/><W126/><G126/><T88/><D130/><U56/><E56/><V71/><F71/><W122/><G122/><T129/><D131/><U42/><E42/><V106/><F34/><W31/><G31/><T19/><D129/><U116/><E116/><V90/><F28/><W74/><G74/><T35/><D73/><U87/><E87/><AGARI ba="0,2" hai="8,13,16,36,43,46,86,87,89,95,96,132,133,134" machi="87" ten="40,5200,0" yaku="1,1,20,1,54,1,53,0" doraHai="105" doraHaiUra="45" who="3" fromWho="1" sc="250,0,240,-52,201,0,289,72" /><INIT seed="2,0,0,5,3,44" ten="250,188,201,361" oya="2" hai0="100,103,73,88,46,62,15,98,30,20,39,27,29" hai1="14,80,22,114,128,107,113,89,86,21,61,31,36" hai2="95,10,97,130,133,79,85,82,38,40,50,26,109" hai3="54,129,102,106,66,75,49,18,74,42,99,55,47"/><V32/><F130/><W4/><G129/><T72/><D30/><U52/><E128/><V121/><F121/><W17/><G66/><T96/><D62/><U19/><E107/><V118/><F118/><W122/><G4/><T83/><D15/><U111/><E111/><V60/><F133/><W135/><G122/><T84/><D39/><U127/><E36/><V92/><F109/><W1/><G1/><T16/><D29/><U8/><E127/><V43/><F38/><W94/><G135/><T120/><D46/><U76/><E76/><V5/><F32/><W53/><REACH who="3" step="1"/><G106/><REACH who="3" ten="250,188,201,351" step="2"/><T64/><D64/><U110/><E110/><V69/><F5/><W81/><G81/><T33/><D120/><U48/><E61/><V51/><F60/><W112/><G112/><T35/><D83/><U41/><E113/><V104/><F104/><W23/><G23/><N who="1" m="8714" /><E114/><V91/><F82/><W90/><G90/><T28/><D88/><U9/><E31/><V68/><F91/><W3/><G3/><T25/><D28/><U7/><E7/><V117/><F117/><W63/><G63/><T59/><D35/><U6/><E6/><V87/><F79/><W65/><G65/><T37/><D33/><U67/><E67/><V34/><F34/><W57/><G57/><T12/><D59/><N who="1" m="33159" /><E9/><V125/><F10/><W24/><G24/><T2/><D27/><U131/><E131/><V108/><F108/><W123/><G123/><T45/><D25/><U11/><E11/><V119/><F26/><W13/><G13/><T0/><D2/><U124/><E124/><V58/><F125/><RYUUKYOKU ba="0,1" sc="250,-15,188,15,201,-15,351,15" hai1="8,14,19,41,80,86,89" hai3="17,18,42,47,49,53,54,55,74,75,94,99,102" /><INIT seed="3,1,1,5,4,83" ten="235,203,186,366" oya="3" hai0="106,58,14,37,38,0,70,24,25,111,33,19,100" hai1="69,96,1,50,20,3,93,117,94,61,7,59,119" hai2="39,66,71,52,15,56,11,112,16,134,22,64,102" hai3="103,107,36,68,129,132,48,125,29,6,128,41,2"/><W92/><G92/><N who="1" m="35434" /><E96/><V9/><F112/><W99/><G48/><T28/><D0/><U49/><E20/><V130/><F71/><W98/><G98/><N who="0" m="61719" /><D25/><U124/><E124/><V135/><F39/><W60/><G29/><T131/><D58/><U86/><E86/><V65/><F102/><W21/><G21/><N who="0" m="11511" /><D111/><U80/><E80/><V63/><REACH who="2" step="1"/><F130/><REACH who="2" ten="235,203,176,366" step="2"/><W114/><G129/><T101/><D101/><U104/><E69/><V53/><F53/><W122/><G128/><T90/><D131/><U5/><E104/><V32/><F32/><W123/><G114/><T82/><D70/><U62/><E3/><V133/><AGARI ba="1,2" hai="9,11,15,16,22,52,56,63,64,65,66,133,134,135" machi="133" ten="40,8000,1" yaku="1,1,0,1,20,1,54,2,53,0" doraHai="83" doraHaiUra="88" who="2" fromWho="2" sc="235,-21,203,-21,176,103,366,-41" owari="214,-18.6,182,-31.8,279,7.9,325,42.5" /></mjloggm>