<mjloggm ver="2.3"><GO type="225" lobby="0"/><UN n0="%E3%83%8F%E3%83%B3%E3%83%89%E3%83%A9%E3%83%BC%E3%83%BB%E3%83%AF%E3%83%B3" n1="%E6%97%A5%E6%9B%9C%E6%97%A5%E3%82%88%E3%82%8A%E3%81%AE%E4%BD%BF%E8%80%85" n2="%E3%81%86%E3%81%A9%E3%82%93%E3%81%93" n3="%E4%BA%BA%E9%96%93%E3%83%81%E3%83%A3%E3%83%BC%E3%83%8F%E3%83%B3" dan="17,17,16,16" rate="2184.17,2117.25,2147.70,2142.27" sx="M,M,M,M"/><TAIKYOKU oya="0"/><INIT seed="0,0,0,0,5,11" ten="250,250,250,250" oya="0" hai0="99,26,51,130,43,44,86,134,0,3,57,41,119" hai1="83,81,34,96,128,105,94,75,116,104,6,117,107" hai2="112,20,67,62,29,53,5,55,103,122,69,1,31" hai3="28,60,115,93,74,66,42,15,50,65,108,124,19"/><T14/><D119/><N who="1" m="45643" /><E34/><V123/><F112/><W32/><G115/><T82/><D130/><U48/><E6/><V39/><F39/><W37/><G74/><T46/><D134/><U90/><E48/><V100/><F122/><W38/><G108/><T78/><D26/><U36/><E36/><V129/><F129/><W52/><G124/><T27/><D27/><U40/><E40/><V120/><F103/><W80/><G80/><N who="1" m="30794" /><E128/><V9/><F100/><W58/><G65/><T126/><D126/><U102/><E75/><V113/><F113/><W76/><G76/><T17/><D57/><U133/><E133/><V79/><F79/><W87/><G28/><T72/><D72/><U4/><E4/><V64/><F31/><W63/><G32/><T118/><D118/><U111/><E111/><V35/><F35/><W18/><G60/><T110/><D110/><U13/><E13/><V12/><F29/><W70/><G15/><T91/><D78/><U97/><AGARI ba="0,0" hai="90,94,96,97,102,104,105,107" m="30794,45643" machi="97" ten="30,2000,0" yaku="34,2" doraHai="11" who="1" fromWho="1" sc="250,-10,250,20,250,-5,250,-5" /><INIT seed="1,0,0,1,5,85" ten="240,270,245,245" oya="1" hai0="122,61,1,73,130,30,81,131,116,31,27,111,52" hai1="57,64,134,18,53,107,119,9,74,109,35,87,129" hai2="14,68,112,114,43,36,29,25,113,37,62,102,54" hai3="23,72,63,127,89,58,12,128,90,86,88,101,2"/><U11/><E74/><V98/><F14/><W124/><G2/><T96/><D116/><U8/><E107/><N who="2" m="63959" /><F43/><W97/><G128/><N who="0" m="49195" /><D1/><U6/><E129/><V117/><F117/><W69/><G72/><T104/><D111/><U51/><E35/><N who="2" m="20911" /><F54/><N who="3" m="34263" /><G69/><T5/><D5/><U132/><E119/><V103/><F103/><W66/><G66/><AGARI ba="0,0" hai="36,37,62,66,68,112,113,114" m="20911,63959" machi="66" ten="30,3900,0" yaku="25,1,11,1,23,1" doraHai="85" who="2" fromWho="3" sc="240,0,270,0,245,39,245,-39" /><INIT seed="2,0,0,2,5,124" ten="240,270,284,206" oya="2" hai0="134,45,67,15,42,128,110,123,100,82,9,118,89" hai1="70,5,16,57,39,131,44,13,22,95,116,104,49" hai2="99,96,106,21,71,77,105,30,76,1,36,107,97" hai3="19,37,64,130,17,62,12,81,91,18,38,68,119"/><V33/><F71/><W86/><G119/><T58/><D123/><U7/><E104/><V74/><F36/><W114/><G114/><T0/><D118/><U88/><E116/><V78/><F1/><W133/><G133/><T73/><D0/><U117/><E70/><V6/><F6/><W66/><G66/><T31/><D134/><U11/><E117/><V34/><F74/><W120/><G120/><T50/><D110/><U126/><E126/><V14/><F14/><W59/><G12/><T32/><D100/><U10/><E39/><V85/><F85/><W129/><REACH who="3" step="1"/><G68/><REACH who="3" ten="240,270,284,196" step="2"/><T98/><D67/><U56/><E131/><AGARI ba="0,1" hai="17,18,19,37,38,59,62,64,81,86,91,129,130,131" machi="131" ten="40,12000,2" yaku="1,1,2,1,19,1,52,3,53,1" doraHai="124" doraHaiUra="53" who="3" fromWho="1" sc="240,0,270,-120,284,0,196,130" /><INIT seed="3,0,0,3,4,96" ten="240,150,284,326" oya="3" hai0="109,63,47,13,3,88,42,130,102,95,74,83,26" hai1="37,21,126,115,28,2,36,31,84,89,123,29,9" hai2="15,52,116,30,58,62,76,66,94,108,43,121,122" hai3="56,135,101,117,11,78,8,23,25,38,16,125,27"/><W55/><G38/><T5/><D109/><U0/><E115/><V106/><F106/><W20/><G135/><T45/><D130/><U86/><E123/><N who="2" m="47115" /><F116/><W57/><G125/><T104/><D3/><U12/><E126/><V59/><F30/><W69/><G69/><T67/><D26/><U79/><E79/><V124/><F124/><W70/><G70/><T18/><D5/><U68/><E68/><V110/><F76/><W4/><G78/><N who="0" m="44503" /><D42/><U60/><E60/><N who="2" m="38167" /><F94/><W134/><G134/><T113/><D113/><U118/><E118/><V85/><F85/><W10/><G117/><T32/><D32/><U46/><E46/><V1/><F1/><W39/><G39/><T7/><D7/><U119/><E119/><V14/><F43/><W127/><G4/><T71/><D13/><AGARI ba="0,0" hai="13,14,15,52,59,62,108,110" m="38167,47115" machi="13" ten="30,2000,0" yaku="13,1,54,1" doraHai="96" who="2" fromWho="0" sc="240,-20,150,0,284,20,326,0" owari="220,-18.0,150,-35.0,304,10.4,326,42.6" /></mjloggm>