<mjloggm ver="2.3"><GO type="225" lobby="0"/><UN n0="%E3%83%A9%E3%83%BC%E3%83%A1%E3%83%B3%E4%BA%94%E9%83%8E" n1="%E8%A8%88%E7%AE%97%E6%A9%9F%E8%87%AA%E7%84%B6" n2="%61%6D%65%6B%69" n3="%6A%79%75%6E%6F%68" dan="16,17,16,16" rate="2066.97,2230.00,2092.74,2132.70" sx="M,M,M,M"/><TAIKYOKU oya="0"/><INIT seed="0,0,0,1,1,96" ten="250,250,250,250" oya="0" hai0="48,103,134,83,60,113,92,93,89,69,132,36,71" hai1="122,70,12,66,123,77,107,59,4,8,112,109,88" hai2="13,106,114,11,120,3,64,45,16,72,74,82,101" hai3="76,131,18,108,15,10,26,19,28,43,105,98,47"/><T111/><D113/><U29/><E70/><V41/><F114/><W128/><G108/><T130/><D36/><U110/><E112/><V20/><F120/><W75/><G75/><T9/><D111/><N who="1" m="42507" /><E107/><V57/><F82/><W23/><G76/><T85/><D130/><N who="3" m="49705" /><G98/><N who="0" m="59847" /><D48/><U0/><E29/><V80/><F80/><W68/><G68/><N who="0" m="26187" /><D9/><N who="1" m="2183" /><E77/><V46/><F106/><W49/><G105/><T22/><D22/><U24/><E24/><V121/><F121/><W61/><G61/><T119/><D60/><N who="1" m="38175" /><E88/><V33/><F33/><W79/><G79/><T86/><D119/><U73/><E73/><V34/><F34/><W94/><G94/><T35/><D35/><U116/><E116/><V37/><F74/><W67/><G67/><T55/><D83/><U81/><E81/><V1/><F72/><W124/><G28/><T40/><D86/><U14/><E14/><V117/><F117/><W54/><G43/><T95/><D40/><U31/><E31/><V126/><F41/><W87/><G87/><T115/><D115/><U62/><E62/><V133/><F37/><W56/><G56/><T17/><D95/><U51/><E51/><V102/><F57/><W50/><G50/><T38/><D38/><U42/><E42/><V90/><F90/><W63/><G63/><T127/><D55/><U25/><E25/><V91/><F91/><W99/><G99/><T52/><D52/><U84/><E84/><V100/><F64/><W32/><G32/><T27/><D127/><AGARI ba="0,0" hai="10,15,18,19,23,26,47,49,54,124,127" m="49705" machi="127" ten="30,1000,0" yaku="19,1" doraHai="96" who="3" fromWho="0" sc="250,-10,250,0,250,0,250,10" /><INIT seed="1,0,0,2,3,1" ten="240,250,250,260" oya="1" hai0="51,85,62,135,16,128,23,36,50,45,11,91,66" hai1="119,88,65,87,67,92,69,96,76,71,109,60,103" hai2="14,130,43,28,116,120,101,108,57,77,80,38,12" hai3="24,125,61,9,99,95,39,59,32,90,29,31,118"/><U126/><E119/><V46/><F116/><W18/><G125/><T22/><D135/><U6/><E126/><V134/><F120/><W127/><G127/><T117/><D117/><U13/><E109/><V64/><F134/><W98/><G118/><T41/><D128/><U5/><E76/><V35/><F130/><W47/><G31/><T26/><D23/><U124/><E124/><V107/><F108/><W93/><G39/><T52/><D11/><U19/><E67/><V54/><F64/><W122/><G47/><T42/><D51/><U7/><E69/><V0/><F0/><W89/><G122/><T97/><D97/><U81/><E5/><V129/><F101/><W33/><G9/><AGARI ba="0,0" hai="6,7,9,13,19,60,65,71,81,87,88,92,96,103" machi="9" ten="30,11600,0" yaku="7,1,52,2,54,1" doraHai="1" who="1" fromWho="3" sc="240,0,250,116,250,0,260,-116" /><INIT seed="1,1,0,5,2,129" ten="240,366,250,144" oya="1" hai0="22,4,41,60,56,109,55,110,53,23,114,39,107" hai1="72,99,65,6,127,45,135,25,108,124,7,118,49" hai2="95,40,76,64,103,88,28,81,8,15,17,97,120" hai3="84,126,50,2,51,36,30,14,68,115,57,79,54"/><U83/><E118/><V48/><F120/><W5/><G115/><T87/><D114/><U12/><E65/><V33/><F64/><W74/><G36/><T11/><D107/><U46/><E25/><V96/><F33/><W102/><G68/><T37/><D55/><U31/><E31/><V94/><F28/><W113/><G113/><T0/><D87/><U85/><E72/><V73/><F48/><W27/><G74/><T13/><D0/><U122/><E122/><V121/><F121/><W106/><G2/><T47/><REACH who="0" step="1"/><D37/><REACH who="0" ten="230,366,250,144" step="2"/><U123/><E85/><V62/><F62/><W89/><G106/><T133/><D133/><U10/><E135/><V35/><F35/><W132/><G132/><T131/><D131/><U98/><E123/><V78/><F78/><W66/><G79/><T125/><D125/><U24/><E124/><V116/><F116/><W3/><G3/><T111/><AGARI ba="1,1" hai="4,11,13,22,23,39,41,47,53,56,60,109,110,111" machi="111" ten="30,8000,1" yaku="1,1,0,1,14,1,53,2" doraHai="129" doraHaiUra="18" who="0" fromWho="0" sc="230,93,366,-41,250,-21,144,-21" /><INIT seed="2,0,0,2,2,62" ten="323,325,229,123" oya="2" hai0="37,0,112,58,38,134,89,98,135,124,128,116,18" hai1="77,21,31,9,105,52,97,43,104,30,33,64,5" hai2="3,26,34,53,70,57,10,40,79,13,99,114,76" hai3="67,96,118,66,119,74,35,126,1,78,131,122,82"/><V100/><F114/><W123/><G1/><T60/><D112/><U86/><E33/><V80/><F70/><W87/><G35/><T65/><D128/><U14/><E43/><V19/><F40/><W94/><G131/><T23/><D124/><U132/><E132/><N who="0" m="50729" /><D0/><U15/><E64/><V69/><F69/><W51/><G126/><T22/><D116/><U95/><E104/><V110/><F110/><W6/><G6/><T83/><D23/><U49/><E105/><V44/><F44/><W27/><G119/><T8/><D8/><N who="1" m="4367" /><E86/><V91/><F3/><W47/><G118/><T88/><D83/><U92/><E77/><V11/><F11/><W28/><G74/><T25/><D98/><U111/><E21/><V133/><F133/><W103/><G123/><T59/><D58/><N who="1" m="33039" /><E92/><V93/><F80/><W73/><G122/><T46/><D46/><U117/><E111/><V121/><F121/><W113/><G113/><T81/><D81/><U61/><E61/><V20/><F34/><W12/><G12/><T45/><D45/><U107/><E107/><V127/><F127/><W68/><G68/><T32/><D32/><U16/><E117/><V130/><F130/><W101/><G73/><T85/><D85/><U42/><E42/><V4/><F79/><W84/><G84/><T63/><D63/><U55/><E55/><V71/><F76/><W125/><G125/><T102/><D102/><AGARI ba="0,0" hai="9,15,16,30,31,95,97,102" m="33039,4367" machi="102" ten="30,3900,0" yaku="8,1,54,2" doraHai="62" who="1" fromWho="0" sc="323,-39,325,39,229,0,123,0" /><INIT seed="3,0,0,0,4,90" ten="284,364,229,123" oya="3" hai0="123,72,105,37,21,10,115,61,39,65,63,48,69" hai1="8,82,95,89,56,58,111,100,126,0,1,36,64" hai2="20,125,29,42,117,75,79,34,55,84,102,116,128" hai3="71,7,12,134,99,14,124,70,135,27,78,62,43"/><W83/><G43/><T28/><D72/><U35/><E35/><V51/><F75/><W44/><G44/><T46/><D21/><U31/><E31/><V127/><F34/><W53/><G124/><N who="2" m="47689" /><F102/><W67/><G71/><T25/><D10/><U17/><E1/><V49/><F128/><W40/><G40/><T119/><D25/><U13/><E56/><N who="2" m="32879" /><F79/><W131/><G131/><T6/><D28/><U113/><E82/><V57/><F84/><W77/><G53/><T16/><D16/><U73/><E17/><V122/><F122/><W129/><G129/><T101/><D6/><U121/><E58/><V110/><F110/><W104/><G27/><T47/><D105/><U97/><E8/><V45/><F57/><W33/><G33/><T92/><D101/><U74/><E36/><V15/><F15/><W98/><G77/><T130/><D69/><U109/><E64/><V81/><F81/><W5/><G14/><T60/><D65/><U91/><E113/><V94/><F94/><W107/><G107/><T86/><D47/><U68/><E68/><V80/><F80/><W133/><G104/><T18/><D123/><U3/><E121/><V112/><F112/><W106/><G106/><T2/><D115/><U38/><E126/><V50/><F50/><W76/><G76/><T96/><D48/><U87/><E13/><V22/><F22/><W118/><G118/><T120/><D119/><U59/><E0/><V30/><F30/><W66/><G66/><T132/><D2/><U88/><E3/><V103/><F103/><W41/><G41/><T54/><D130/><RYUUKYOKU ba="0,0" sc="284,-10,364,-10,229,30,123,-10" hai2="20,29,42,45,51,116,117" owari="274,7.4,354,45.4,259,-14.1,113,-38.7" /></mjloggm>