<mjloggm ver="2.3"><GO type="225" lobby="0"/><UN n0="%E3%83%8F%E3%83%B3%E3%83%89%E3%83%A9%E3%83%BC%E3%83%BB%E3%83%AF%E3%83%B3" n1="%E5%A4%96%E5%B7%9D%E7%AB%9C%E6%88%90" n2="%72%69%6F%75%63%68%61%6E" n3="%E5%84%AA%40%41%42%43" dan="17,16,16,17" rate="2197.09,2159.41,2217.15,2149.05" sx="M,M,M,M"/><TAIKYOKU oya="0"/><INIT seed="0,0,0,4,4,128" ten="250,250,250,250" oya="0" hai0="39,123,87,76,12,19,11,116,62,125,65,50,29" hai1="83,127,104,84,47,79,117,0,80,88,71,30,34" hai2="18,46,75,56,40,122,130,69,107,92,61,24,72" hai3="59,67,4,111,78,52,101,131,54,55,14,10,5"/><T74/><D116/><U110/><E117/><V113/><F113/><W86/><G111/><T32/><D123/><U114/><E0/><V41/><F130/><W134/><G131/><T3/><D39/><U126/><E71/><V44/><F122/><W22/><G101/><T26/><D125/><U58/><E58/><V108/><F107/><W21/><G4/><T103/><D103/><U17/><E17/><V35/><F108/><W27/><G134/><T73/><D50/><U109/><E47/><N who="2" m="17963" /><F35/><W63/><REACH who="3" step="1"/><G27/><REACH who="3" ten="250,250,250,240" step="2"/><T38/><D3/><U91/><E114/><V31/><F24/><W60/><G60/><T2/><D2/><U85/><E34/><V66/><F61/><W20/><G20/><T119/><D119/><U132/><E30/><V102/><F31/><W7/><G7/><T43/><D26/><U81/><E104/><V99/><F18/><W89/><G89/><T13/><D29/><U8/><E8/><V124/><F124/><N who="1" m="47657" /><E132/><V64/><F102/><W96/><G96/><T135/><D135/><U9/><E9/><V77/><F99/><W121/><G121/><T45/><D32/><U97/><E97/><V93/><F77/><W33/><G33/><T15/><D19/><U36/><E36/><V37/><F37/><W6/><G6/><T100/><D11/><U1/><E1/><V118/><F118/><W28/><G28/><T115/><D100/><U42/><E42/><V105/><F40/><W68/><G68/><N who="0" m="42039" /><D115/><U98/><E98/><V16/><F69/><W49/><G49/><T23/><D23/><U106/><E106/><V25/><F105/><RYUUKYOKU ba="0,1" sc="250,10,250,10,250,-30,240,10" hai0="12,13,15,38,43,45,73,74,76,87" hai1="79,80,81,83,84,85,88,91,109,110" hai3="5,10,14,21,22,52,54,55,59,63,67,78,86" /><INIT seed="0,1,1,2,4,115" ten="260,260,220,250" oya="0" hai0="43,81,88,40,129,49,97,98,46,109,92,0,128" hai1="106,120,15,110,45,77,5,19,59,71,17,47,119" hai2="118,70,74,87,39,63,57,101,79,6,122,10,22" hai3="127,18,100,113,41,26,14,76,51,117,112,91,73"/><T58/><D0/><U93/><E71/><V11/><F122/><W86/><G73/><T7/><D7/><U28/><E106/><V65/><F39/><W42/><G76/><T78/><D109/><U12/><E120/><V131/><F131/><N who="0" m="50250" /><D58/><U67/><E77/><V33/><F118/><W105/><G117/><T64/><D64/><U85/><E28/><V125/><F125/><W114/><G127/><T25/><D25/><U60/><E5/><V16/><F74/><W61/><G26/><T66/><D66/><U13/><E110/><V8/><F33/><W9/><G61/><T135/><D135/><U104/><E104/><V3/><F101/><W82/><REACH who="3" step="1"/><G51/><REACH who="3" ten="260,260,220,240" step="2"/><T99/><D40/><U102/><E119/><V20/><F70/><W111/><G111/><T130/><N who="0" m="50258" /><T103/><DORA hai="38" /><D103/><U132/><E132/><V62/><F63/><W1/><G1/><T44/><D44/><U29/><E45/><V116/><F116/><W123/><G123/><T133/><D133/><U53/><E47/><V126/><F126/><W124/><G124/><T23/><D23/><U34/><E67/><V68/><F68/><W84/><G84/><AGARI ba="1,2" hai="43,46,49,78,81,84,88,92,97,98,99" m="50258" machi="84" ten="40,7700,0" yaku="19,1,52,1,54,1" doraHai="115,38" who="0" fromWho="3" sc="260,100,260,0,220,0,240,-80" /><INIT seed="0,2,0,4,5,4" ten="360,260,220,160" oya="0" hai0="126,34,88,62,78,128,15,0,1,65,101,93,105" hai1="75,51,63,103,86,132,12,37,70,41,89,50,44" hai2="81,100,121,107,46,109,52,115,79,30,25,72,18" hai3="106,66,32,92,117,96,54,13,99,83,125,108,26"/><T49/><D34/><U118/><E118/><V82/><F121/><W47/><G117/><T22/><D78/><U116/><E116/><V58/><F115/><W77/><G108/><T23/><D128/><U48/><E75/><V56/><F109/><W71/><G125/><T134/><D134/><U87/><E132/><V133/><F133/><W104/><G99/><T123/><D123/><U114/><E114/><V5/><F5/><W69/><G104/><T9/><D105/><U17/><E103/><V73/><F18/><W33/><G106/><T43/><BYE who="2" /><D101/><U14/><E14/><V129/><F129/><W59/><G47/><N who="0" m="25855" /><D0/><U28/><E28/><V27/><F27/><W90/><G66/><UN n2="%72%69%6F%75%63%68%61%6E" /><T98/><D1/><U60/><E70/><V31/><F46/><W95/><G95/><T113/><D126/><U130/><E130/><V119/><F119/><W29/><G32/><T135/><D113/><U110/><E110/><V122/><F122/><W2/><G13/><T21/><D135/><U91/><E91/><V7/><F7/><W131/><G2/><T20/><D20/><U55/><E55/><V124/><F124/><W35/><G35/><T61/><D65/><U68/><E68/><V11/><F107/><W102/><G102/><T45/><D45/><U111/><E111/><V112/><F100/><W53/><G131/><T67/><D67/><U97/><E97/><V127/><F127/><W36/><G33/><T16/><AGARI ba="2,0" hai="9,15,16,21,22,23,61,62,88,93,98" m="25855" machi="16" ten="30,11700,0" yaku="8,1,52,1,54,2" doraHai="4" who="0" fromWho="0" sc="360,123,260,-41,220,-41,160,-41" /><INIT seed="0,3,0,5,0,118" ten="483,219,179,119" oya="0" hai0="101,15,6,131,114,39,14,134,58,106,83,92,103" hai1="47,132,19,46,11,63,13,31,76,12,89,49,127" hai2="44,57,2,113,5,9,74,119,30,50,95,28,35" hai3="61,85,73,23,75,0,82,102,72,109,93,88,100"/><T3/><D106/><U98/><E132/><V43/><F113/><W105/><G0/><T21/><D39/><U48/><E127/><V66/><F119/><W34/><G34/><T69/><D69/><U22/><E76/><V42/><F74/><N who="3" m="28779" /><G23/><T26/><D3/><U130/><E130/><V84/><F35/><W8/><G8/><T96/><D131/><U120/><E120/><V94/><F42/><W110/><G61/><T67/><D83/><U122/><E122/><V97/><F84/><N who="3" m="52359" /><G75/><T54/><D67/><U128/><E128/><V24/><F24/><W87/><G87/><T108/><D21/><U33/><E33/><V65/><F94/><W37/><G37/><T18/><D92/><N who="1" m="56591" /><E63/><V55/><F66/><W40/><G40/><T38/><D38/><U52/><E31/><V60/><REACH who="2" step="1"/><F65/><REACH who="2" ten="483,219,169,119" step="2"/><W64/><G64/><T7/><D26/><N who="1" m="14687" /><E11/><V135/><F135/><W104/><G109/><T10/><D108/><U123/><E123/><V129/><F129/><W27/><G27/><T68/><D10/><U126/><E126/><V78/><F78/><N who="3" m="46295" /><G110/><T17/><D68/><U20/><E20/><V107/><F107/><AGARI ba="3,1" hai="100,102,104,105,107" m="46295,52359,28779" machi="107" ten="30,12000,2" yaku="35,5,54,1" doraHai="118" who="3" fromWho="2" sc="483,0,219,0,169,-129,119,139" /><INIT seed="1,0,0,5,1,56" ten="483,219,40,258" oya="1" hai0="3,17,90,36,125,40,95,68,60,9,99,34,129" hai1="87,27,98,54,31,84,16,88,41,53,15,70,121" hai2="135,29,117,126,132,123,71,81,111,69,67,116,114" hai3="35,89,42,131,57,50,80,78,75,107,44,8,83"/><U112/><E112/><V30/><F81/><W115/><G115/><T49/><D34/><U45/><E121/><V77/><F77/><W7/><G131/><T134/><D36/><U108/><E70/><N who="2" m="26635" /><F114/><W110/><G110/><T58/><D125/><U22/><E108/><V82/><F82/><W47/><G35/><T2/><D134/><N who="2" m="51242" /><F111/><W51/><G57/><T113/><D129/><U46/><E98/><V26/><F26/><W119/><G119/><N who="2" m="45641" /><F67/><W23/><G107/><T130/><D113/><U97/><E97/><V52/><F123/><W103/><G103/><T109/><D9/><U105/><E105/><V10/><F10/><W5/><G23/><T14/><D14/><U106/><E106/><V127/><F52/><N who="1" m="20073" /><E87/><V24/><F24/><W92/><G83/><T122/><D99/><U74/><E74/><V101/><F101/><W11/><G8/><T93/><D109/><U32/><E32/><V62/><F62/><W43/><G11/><T86/><D60/><U55/><E55/><V37/><F37/><W85/><AGARI ba="0,0" hai="5,7,42,43,44,47,50,51,75,78,80,85,89,92" machi="85" ten="20,2700,0" yaku="0,1,7,1,9,1" doraHai="56" who="3" fromWho="3" sc="483,-7,219,-13,40,-7,258,27" /><INIT seed="2,0,0,0,3,17" ten="476,206,33,285" oya="2" hai0="105,47,121,68,77,71,41,60,14,9,133,4,75" hai1="36,38,21,11,132,31,119,96,117,55,125,131,7" hai2="118,58,127,113,114,87,3,72,112,30,15,126,115" hai3="102,65,18,82,109,98,128,10,25,37,84,108,45"/><V1/><N who="2" m="28672" /><DORA hai="135" /><V22/><F72/><W106/><G128/><T29/><D105/><U53/><E131/><V67/><F118/><W46/><G65/><T76/><D121/><U90/><E132/><V103/><F103/><W42/><G45/><T99/><D133/><U120/><E120/><V13/><F87/><W35/><G10/><T19/><D29/><U5/><E11/><V51/><F51/><W20/><REACH who="3" step="1"/><G35/><REACH who="3" ten="476,206,33,275" step="2"/><T6/><D9/><U80/><E119/><V8/><F67/><W129/><G129/><T123/><D47/><U89/><E117/><V93/><F93/><W104/><G104/><T28/><D123/><U23/><E80/><V107/><F107/><W26/><G26/><T44/><D44/><U12/><E12/><N who="2" m="4683" /><F58/><W81/><G81/><T95/><D95/><U50/><E23/><V86/><F86/><W32/><G32/><T85/><D85/><U83/><E21/><V94/><F94/><W124/><G124/><N who="2" m="47657" /><F8/><W63/><G63/><T78/><D60/><U33/><E125/><V57/><F57/><W54/><G54/><T69/><D69/><U101/><E50/><V116/><F116/><W66/><G66/><T24/><D71/><U40/><E101/><V56/><F56/><W34/><G34/><T49/><D68/><U52/><E33/><V16/><F30/><W2/><G2/><T100/><D28/><U79/><E31/><V48/><F48/><W64/><G64/><T73/><D49/><U134/><E83/><V43/><F43/><W62/><G62/><T0/><D41/><U91/><E40/><V61/><F61/><RYUUKYOKU ba="0,1" sc="476,-15,206,-15,33,15,275,15" hai2="1,3,16,22" hai3="18,20,25,37,42,46,82,84,98,102,106,108,109" /><INIT seed="2,1,1,4,1,133" ten="461,191,48,290" oya="2" hai0="76,124,42,47,22,28,39,63,43,54,32,91,37" hai1="130,128,35,82,77,115,86,34,94,2,58,60,125" hai2="57,79,90,51,110,55,92,70,118,56,96,116,17" hai3="11,81,73,95,16,31,38,123,23,69,65,14,88"/><V84/><F70/><W135/><G123/><T3/><D3/><U72/><E2/><V5/><F110/><W127/><G38/><T7/><D7/><U45/><E115/><V25/><F5/><W68/><G135/><T15/><D76/><U48/><E72/><V6/><F6/><W105/><G105/><T108/><D32/><U102/><E94/><V80/><REACH who="2" step="1"/><F57/><REACH who="2" ten="461,191,38,290" step="2"/><W126/><G68/><T21/><D108/><U64/><E58/><V129/><F129/><W18/><G69/><T50/><D39/><U120/><E128/><V10/><F10/><W119/><G119/><T71/><D37/><U20/><E130/><V100/><F100/><W41/><G11/><T93/><D71/><U24/><E102/><V75/><F75/><W59/><G59/><T104/><D104/><U52/><E120/><V1/><F1/><W111/><G111/><T49/><D63/><U12/><E60/><V103/><F103/><W121/><G121/><T46/><D50/><U114/><E48/><V4/><F4/><W74/><G73/><T26/><D49/><U53/><E114/><V66/><F66/><W67/><G65/><T33/><D46/><U61/><E45/><V13/><F13/><W134/><G67/><T27/><D15/><U44/><E12/><V83/><F83/><W36/><G81/><T62/><D47/><U78/><E64/><V113/><F113/><W107/><G74/><T19/><D62/><U40/><E61/><V9/><F9/><W98/><G107/><T89/><D93/><U131/><E131/><V97/><F97/><N who="3" m="57575" /><G14/><T106/><D106/><RYUUKYOKU ba="1,2" sc="461,-10,191,-10,38,30,290,-10" hai2="17,25,51,55,56,79,80,84,90,92,96,116,118" /><INIT seed="2,2,2,4,2,73" ten="451,181,68,280" oya="2" hai0="69,23,34,36,19,24,127,51,110,102,93,109,17" hai1="77,48,95,57,18,89,54,82,90,135,56,83,37" hai2="8,25,26,81,66,99,27,75,28,123,60,13,118" hai3="122,87,43,134,94,45,4,120,52,112,80,71,100"/><V31/><F118/><W16/><G71/><T53/><D36/><U103/><E135/><V121/><F99/><W30/><G134/><T3/><D69/><U132/><E132/><V88/><F123/><W22/><G4/><T68/><D68/><U35/><E35/><V129/><F121/><W117/><G30/><T78/><D3/><U38/><E103/><V128/><F75/><W12/><G117/><T1/><D1/><U126/><E126/><V32/><F25/><W21/><G112/><T114/><D34/><U124/><E124/><V20/><F81/><W33/><G33/><T84/><D114/><U42/><E83/><V41/><F41/><W6/><G6/><T15/><D127/><U9/><E90/><V40/><F40/><W98/><G22/><N who="0" m="11583" /><D102/><U50/><E18/><V11/><F88/><W61/><G61/><T97/><D78/><U70/><E9/><V125/><F125/><W44/><G45/><T64/><D64/><U111/><E70/><N who="2" m="42311" /><F13/><W29/><G29/><T113/><D113/><U116/><E116/><V65/><F65/><W0/><G0/><T7/><D97/><U130/><E42/><V62/><F62/><W86/><G86/><T72/><D72/><U106/><E37/><V76/><F76/><N who="3" m="46471" /><G43/><T79/><D79/><U96/><E38/><V85/><F85/><W108/><G122/><T115/><D115/><U5/><E77/><V10/><F10/><W101/><G120/><T74/><D74/><U55/><E82/><V133/><F133/><W39/><G39/><T91/><D7/><U58/><E89/><V67/><F67/><RYUUKYOKU ba="2,2" sc="451,15,181,-15,68,15,280,-15" hai0="19,23,24,51,53,84,91,93,109,110" hai2="8,11,20,26,27,28,31,32,128,129" /><INIT seed="2,3,2,2,4,65" ten="466,166,83,265" oya="2" hai0="71,104,30,79,67,99,74,50,102,92,24,98,63" hai1="95,47,3,116,41,124,40,84,110,23,52,100,38" hai2="129,33,134,77,132,115,130,0,85,96,54,78,57" hai3="31,97,6,90,111,64,55,14,113,68,131,16,53"/><V12/><F115/><W46/><G111/><T13/><D13/><U42/><E116/><V83/><F0/><W101/><G131/><N who="2" m="50185" /><F33/><W19/><G31/><T108/><D50/><U39/><E3/><V10/><F96/><W45/><G6/><T105/><D108/><U4/><E4/><N who="2" m="3143" /><F77/><W35/><G35/><T25/><D99/><U125/><E110/><V60/><AGARI ba="3,2" hai="54,57,60,78,83,85,132,134" m="3143,50185" machi="60" ten="30,1500,0" yaku="19,1" doraHai="65" who="2" fromWho="2" sc="466,-8,166,-8,83,44,265,-8" /><INIT seed="2,4,0,0,3,86" ten="458,158,127,257" oya="2" hai0="70,97,4,124,64,56,82,102,114,11,43,106,52" hai1="91,78,61,65,55,108,72,54,93,94,47,92,123" hai2="107,34,14,127,118,12,116,135,27,95,111,46,13" hai3="133,67,39,105,49,58,35,74,44,25,66,100,2"/><V1/><F107/><W30/><G74/><T85/><D124/><U134/><E108/><V8/><F46/><W17/><G2/><T77/><D43/><U63/><E134/><V71/><F71/><W50/><G39/><T130/><D130/><U103/><E123/><V125/><F135/><W96/><G133/><T10/><D114/><U3/><E3/><V132/><F132/><W29/><G29/><T89/><D64/><U90/><E103/><V18/><F95/><W121/><G121/><T68/><D77/><U21/><E21/><N who="2" m="13751" /><F34/><W104/><G104/><T112/><D11/><U120/><E120/><V6/><F111/><W36/><G36/><T75/><D75/><U24/><E24/><V51/><F51/><W83/><G83/><T122/><D112/><U41/><E72/><V57/><F57/><W0/><G0/><T113/><D113/><U48/><E78/><V23/><F23/><W32/><G35/><T59/><D59/><N who="1" m="37055" /><E55/><V62/><F62/><N who="3" m="38231" /><G67/><T88/><D122/><U31/><E31/><V80/><F80/><W19/><G49/><T9/><D82/><U128/><E128/><V15/><N who="2" m="3072" /><DORA hai="87" /><V60/><F60/><W20/><G32/><T101/><D70/><U115/><E115/><V73/><F73/><W98/><G105/><T45/><D68/><U119/><E119/><AGARI ba="4,0" hai="1,6,8,116,118,119,125,127" m="3072,13751" machi="119" ten="50,4800,0" yaku="34,2" doraHai="86,87" who="2" fromWho="1" sc="458,0,158,-60,127,60,257,0" /><INIT seed="2,5,0,5,3,32" ten="458,98,187,257" oya="2" hai0="108,74,116,14,97,54,131,123,3,59,66,69,18" hai1="109,31,128,135,55,35,76,130,23,2,89,34,115" hai2="94,51,100,90,30,42,37,91,70,49,17,119,47" hai3="99,126,15,57,1,39,52,13,79,10,85,84,104"/><V106/><F119/><W120/><G120/><T78/><D3/><U36/><E36/><V82/><F70/><W98/><G39/><T44/><D108/><U105/><E105/><V61/><F30/><W38/><G38/><T43/><D131/><N who="1" m="50219" /><E76/><V5/><F5/><W53/><G104/><T56/><D18/><U33/><E89/><V83/><F61/><W96/><G1/><T95/><D14/><U27/><E55/><V134/><F134/><W40/><G40/><T7/><D95/><U50/><E50/><V122/><F122/><W19/><G126/><T72/><D7/><U113/><E135/><V12/><F106/><W114/><G114/><N who="1" m="43530" /><E109/><V6/><F6/><N who="3" m="3287" /><G79/><T101/><D78/><U21/><E21/><N who="2" m="11431" /><F37/><W41/><G41/><T75/><D43/><U81/><E81/><N who="2" m="30731" /><F49/><N who="3" m="30863" /><G53/><T4/><D54/><U110/><E110/><V73/><F73/><W86/><G84/><T127/><D74/><U28/><E2/><V9/><F9/><AGARI ba="5,0" hai="9,15,19,85,86,96,98,99" m="30863,3287" machi="9" ten="30,2000,0" yaku="8,1,54,1" doraHai="32" who="3" fromWho="2" sc="458,0,98,0,187,-35,257,35" /><INIT seed="3,0,0,0,2,68" ten="458,98,152,292" oya="3" hai0="66,75,29,35,94,37,62,51,133,48,115,67,111" hai1="134,70,86,13,41,89,78,17,12,90,6,71,105" hai2="127,131,28,120,95,132,97,79,16,72,7,117,1" hai3="36,20,10,50,118,38,98,31,91,123,46,92,83"/><W39/><G118/><T69/><D37/><U122/><E122/><V81/><F117/><W61/><G123/><T45/><D75/><U84/><E6/><V114/><F120/><W88/><G10/><T27/><D111/><U101/><E101/><V77/><F114/><W23/><G61/><T18/><D133/><U2/><E17/><V93/><F132/><W85/><REACH who="3" step="1"/><G31/><REACH who="3" ten="458,98,152,282" step="2"/><T4/><D29/><U119/><E134/><V109/><F28/><W22/><G22/><T63/><D62/><U80/><E119/><V103/><F7/><W100/><G100/><T55/><D63/><U128/><E128/><V56/><F131/><W8/><G8/><T112/><D4/><U49/><E2/><V30/><F1/><W14/><G14/><T87/><D115/><U126/><E12/><V108/><F30/><W24/><G24/><T34/><D112/><U54/><E13/><V121/><F121/><W47/><G47/><T11/><D27/><U74/><E71/><V9/><F9/><W32/><G32/><T65/><D34/><U64/><E70/><V21/><F21/><W26/><G26/><T19/><D35/><U57/><E64/><V53/><F16/><W42/><AGARI ba="0,1" hai="20,23,36,38,39,42,46,50,83,85,88,91,92,98" machi="42" ten="30,18000,2" yaku="1,1,0,1,52,3,54,1,53,1" doraHai="68" doraHaiUra="44" who="3" fromWho="3" sc="458,-60,98,-60,152,-60,282,190" owari="398,19.8,38,-46.2,92,-30.8,472,57.2" /></mjloggm>