<mjloggm ver="2.3"><GO type="225" lobby="0"/><UN n0="%E7%89%B9%E6%9D%B1%E3%81%AF%E4%B8%96%E7%95%8C%E3%82%92%E6%95%91%E3%81%86" n1="%6D%75%75%6D%75%72%61" n2="%E3%81%82%E3%81%84%E3%81%82%E3%81%8A%E3%81%84" n3="%E3%81%95%E3%81%8D%E3%81%9F%E3%81%BE%E6%9E%97%E6%AA%8E" dan="16,16,18,16" rate="2124.64,2168.40,2218.38,2127.38" sx="M,F,M,M"/><TAIKYOKU oya="0"/><INIT seed="0,0,0,0,4,68" ten="250,250,250,250" oya="0" hai0="45,86,0,59,57,62,77,73,37,69,44,132,53" hai1="115,110,92,131,39,70,34,84,72,105,36,50,8" hai2="122,104,112,71,65,22,66,118,135,125,12,126,120" hai3="26,113,114,5,16,11,17,58,41,128,95,127,80"/><T14/><D0/><U40/><E72/><V99/><F112/><W30/><G128/><T79/><D73/><U101/><E110/><V35/><F35/><W10/><G41/><T60/><D69/><U119/><E119/><V76/><F76/><N who="0" m="29258" /><D37/><U133/><E70/><V23/><F118/><W97/><G127/><N who="2" m="48649" /><F135/><W87/><G113/><T47/><D132/><U42/><E115/><V3/><F3/><W100/><G114/><T134/><D134/><U83/><E133/><V13/><F99/><W82/><G5/><T61/><D86/><U52/><E34/><V93/><F93/><W33/><G58/><N who="0" m="22027" /><D14/><N who="2" m="5738" /><F104/><W49/><G87/><T96/><D96/><U2/><E105/><V116/><F71/><W121/><G82/><T24/><D24/><U91/><E83/><V81/><F81/><W117/><G80/><T88/><D88/><U18/><E131/><V111/><F116/><W48/><G117/><T106/><D106/><U78/><E78/><V103/><F103/><W64/><G121/><N who="2" m="46697" /><F111/><W94/><G94/><T63/><N who="0" m="15360" /><DORA hai="25" /><T124/><D124/><U90/><E101/><V46/><F46/><W20/><G33/><T15/><D15/><U4/><E90/><V74/><F74/><W67/><G95/><T43/><D53/><U108/><E108/><V55/><F55/><W129/><G97/><T28/><D43/><U130/><E42/><V102/><F102/><W98/><G100/><T123/><D123/><U75/><E40/><V51/><F51/><W31/><G98/><T38/><D38/><U107/><E39/><V9/><F9/><W109/><G49/><RYUUKYOKU ba="0,0" sc="250,15,250,-15,250,15,250,-15" hai0="28,44,45,47" hai2="22,23,65,66" /><INIT seed="0,1,0,4,1,117" ten="265,235,265,235" oya="0" hai0="70,42,77,93,130,92,19,4,39,20,37,54,23" hai1="12,121,123,24,7,97,98,126,58,26,44,65,95" hai2="57,3,40,53,78,106,29,116,35,99,133,38,5" hai3="67,79,82,90,88,6,101,52,128,75,30,50,71"/><T66/><D130/><U84/><E126/><V36/><F78/><W18/><G101/><T94/><D4/><U89/><E44/><V43/><F133/><W76/><G6/><T48/><D77/><N who="3" m="29769" /><G75/><T107/><D107/><U74/><E74/><V64/><F29/><W103/><G71/><T105/><D105/><U32/><E65/><V111/><F35/><W132/><G132/><T17/><D42/><N who="2" m="15914" /><F99/><W11/><G103/><T46/><D66/><U122/><E58/><V21/><F21/><W91/><G67/><T87/><D87/><U110/><E110/><V131/><F5/><W47/><G128/><T22/><REACH who="0" step="1"/><D70/><REACH who="0" ten="255,235,265,235" step="2"/><U0/><E0/><V62/><F106/><W28/><G82/><T112/><D112/><U72/><E72/><V1/><F64/><W134/><G134/><T60/><D60/><U41/><E41/><V25/><F62/><W124/><G124/><T113/><D113/><U56/><E84/><V108/><F131/><W61/><G61/><T10/><D10/><U34/><E98/><V86/><F86/><W45/><G45/><T109/><D109/><U14/><E7/><V80/><F111/><W59/><G47/><T125/><D125/><U115/><E115/><V119/><F108/><W16/><G11/><T49/><D49/><U55/><E97/><V8/><F8/><W31/><AGARI ba="1,1" hai="16,18,28,30,31,50,52,59,88,90,91" m="29769" machi="31" ten="40,8000,1" yaku="8,1,54,3" doraHai="117" who="3" fromWho="3" sc="255,-41,235,-21,265,-21,235,93" /><INIT seed="1,0,0,4,3,13" ten="214,214,244,328" oya="1" hai0="106,22,75,48,129,71,14,123,107,34,9,105,97" hai1="53,46,26,110,37,54,20,44,99,85,133,19,70" hai2="120,95,128,64,68,31,73,36,17,126,113,74,81" hai3="122,78,3,111,55,52,28,41,18,124,8,65,69"/><U83/><E133/><V121/><F36/><W15/><G111/><T57/><D34/><U116/><E116/><V51/><F31/><W91/><G124/><T112/><D112/><U43/><E110/><V84/><F51/><W134/><G134/><T33/><D33/><U86/><E70/><V0/><F0/><W21/><G122/><T61/><D75/><U82/><E99/><V108/><F64/><W101/><G101/><T49/><D71/><U67/><E67/><V132/><F68/><W103/><G103/><T130/><D22/><U100/><E100/><V4/><F4/><W88/><G41/><T27/><D27/><U96/><E96/><V94/><F84/><W10/><G78/><T2/><D2/><U59/><E46/><V92/><F92/><W39/><G39/><T114/><D123/><U119/><E119/><V32/><F32/><W24/><G65/><N who="0" m="39087" /><D97/><U80/><REACH who="1" step="1"/><E54/><REACH who="1" ten="214,204,244,328" step="2"/><N who="3" m="20522" /><G69/><T56/><D114/><U117/><E117/><V77/><F113/><W6/><G3/><T98/><D98/><U93/><E93/><V7/><F95/><W58/><G58/><T90/><D56/><U60/><AGARI ba="0,1" hai="19,20,26,37,43,44,53,59,60,80,82,83,85,86" machi="60" ten="30,11700,0" yaku="1,1,0,1,52,1,53,1" doraHai="13" doraHaiUra="12" who="1" fromWho="1" sc="214,-39,204,127,244,-39,328,-39" /><INIT seed="1,1,0,2,5,125" ten="175,331,205,289" oya="1" hai0="66,10,33,87,4,13,67,48,76,37,117,104,94" hai1="77,81,107,121,21,63,2,84,101,44,22,126,27" hai2="36,74,7,26,19,82,42,1,83,92,58,16,61" hai3="17,113,122,127,73,86,62,80,106,55,0,53,102"/><U50/><E121/><V43/><F92/><W100/><G113/><T40/><D104/><U20/><E2/><V91/><F91/><W132/><G127/><T134/><D117/><U23/><E126/><V75/><F26/><W118/><G118/><T49/><D33/><U72/><E63/><V105/><F105/><W115/><G73/><T28/><D37/><U46/><E72/><V119/><F119/><W116/><G0/><T30/><D134/><U68/><E68/><V15/><F15/><W60/><G115/><T133/><D133/><U131/><E131/><V110/><F110/><W45/><G132/><T39/><D39/><U96/><REACH who="1" step="1"/><E50/><REACH who="1" ten="175,321,205,289" step="2"/><V56/><F1/><W70/><G62/><T8/><D49/><U69/><E69/><V123/><F61/><W79/><G60/><T57/><D67/><U88/><E88/><V130/><F36/><W95/><G70/><T89/><D66/><U11/><E11/><V129/><F7/><W64/><G64/><T99/><D8/><U29/><AGARI ba="1,1" hai="20,21,22,23,27,29,44,46,77,81,84,96,101,107" machi="29" ten="30,3000,0" yaku="1,1,0,1,53,0" doraHai="125" doraHaiUra="9" who="1" fromWho="1" sc="175,-11,321,43,205,-11,289,-11" /><INIT seed="1,2,0,3,2,67" ten="164,364,194,278" oya="1" hai0="57,123,25,108,24,38,66,71,32,114,101,127,7" hai1="69,129,18,133,51,15,10,34,121,91,98,49,100" hai2="89,119,27,85,134,93,107,64,81,52,84,120,1" hai3="44,72,54,73,36,94,40,96,22,132,113,46,105"/><U48/><E121/><V42/><F119/><W37/><G132/><T8/><D114/><U61/><E133/><V111/><F120/><W116/><G116/><T3/><D123/><U53/><E34/><V30/><F134/><W55/><G113/><T17/><D38/><U86/><E129/><V103/><F1/><W12/><G105/><T110/><D127/><U50/><E69/><V9/><F111/><N who="0" m="42538" /><D101/><U4/><E61/><V33/><F42/><W78/><G78/><T26/><D57/><U130/><E130/><V95/><F64/><W115/><G115/><T41/><D41/><U80/><E4/><V102/><F107/><W14/><G94/><T16/><D32/><U87/><E87/><V109/><F109/><W47/><G40/><T11/><D11/><U56/><E49/><V28/><F28/><W82/><G22/><T112/><D112/><U21/><E21/><V5/><F95/><AGARI ba="2,0" hai="10,15,18,48,50,51,53,56,80,86,91,95,98,100" machi="95" ten="30,2900,0" yaku="7,1,8,1" doraHai="67" who="1" fromWho="2" sc="164,0,364,35,194,-35,278,0" /><INIT seed="1,3,0,3,5,7" ten="164,399,159,278" oya="1" hai0="73,93,59,76,119,123,30,102,29,34,31,99,72" hai1="0,71,107,1,128,134,60,84,66,65,117,40,9" hai2="89,105,37,54,68,90,6,10,45,110,57,135,75" hai3="77,44,2,5,35,22,70,114,56,47,32,92,18"/><U21/><E117/><V118/><F118/><W3/><G114/><T58/><D119/><U97/><E128/><V64/><F105/><W74/><G70/><T132/><D34/><U41/><E134/><V94/><F75/><W14/><G35/><T42/><D132/><U13/><E66/><V113/><F135/><W87/><G32/><T95/><D123/><U46/><E21/><V109/><F113/><W16/><G74/><T78/><D42/><U101/><E84/><V98/><F68/><W43/><G56/><T20/><D31/><U48/><REACH who="1" step="1"/><E40/><REACH who="1" ten="164,389,159,278" step="2"/><V55/><F64/><W69/><G43/><T24/><D20/><U108/><E108/><V82/><F110/><W126/><G22/><T131/><D131/><U88/><E88/><V103/><F109/><W26/><G87/><T50/><D73/><U111/><E111/><V27/><F89/><W28/><G77/><T122/><D72/><U81/><E81/><V12/><F82/><W80/><G80/><T115/><D115/><U85/><E85/><V121/><F90/><W67/><G67/><T15/><D76/><U96/><E96/><V19/><F121/><W61/><G69/><T63/><D78/><U133/><E133/><V112/><F112/><W52/><G52/><T86/><D86/><U62/><E62/><N who="2" m="36151" /><F55/><W39/><G61/><T33/><D63/><U79/><E79/><V51/><F98/><W4/><G39/><T120/><D99/><U49/><E49/><V125/><F37/><W100/><G100/><T36/><D102/><U38/><E38/><V106/><F103/><W91/><G91/><RYUUKYOKU ba="3,1" sc="164,-10,389,30,159,-10,278,-10" hai1="0,1,9,13,41,46,48,60,65,71,97,101,107" /><INIT seed="1,4,1,2,0,86" ten="154,419,149,268" oya="1" hai0="77,5,87,2,61,72,88,104,89,36,54,75,74" hai1="29,7,118,124,126,112,1,11,66,127,62,71,53" hai2="37,65,79,78,129,119,116,108,18,30,58,135,9" hai3="103,130,20,82,76,101,96,60,91,110,34,42,115"/><U80/><E112/><V26/><F37/><W67/><G110/><T117/><D36/><U15/><E118/><V63/><F108/><W49/><G115/><T25/><D117/><U69/><E29/><V21/><F135/><W22/><G34/><T123/><D104/><U100/><E100/><V109/><F109/><W132/><G132/><T31/><D123/><U121/><E121/><V56/><F129/><W40/><G130/><T111/><D111/><U24/><E24/><V38/><F38/><W102/><G96/><T90/><D5/><U70/><E53/><V98/><F98/><W95/><G82/><T45/><D2/><U83/><E1/><V27/><F58/><AGARI ba="4,1" hai="7,11,15,58,62,66,69,70,71,80,83,124,126,127" machi="58" ten="50,2400,0" yaku="18,1" doraHai="86" who="1" fromWho="2" sc="154,0,419,46,149,-36,268,0" /><INIT seed="1,5,0,3,3,40" ten="154,465,113,268" oya="1" hai0="121,9,57,79,11,103,87,22,119,60,122,107,115" hai1="32,28,15,20,72,38,63,4,130,131,99,8,126" hai2="69,10,42,129,39,118,18,81,16,128,35,77,21" hai3="123,80,37,45,93,36,114,84,116,100,5,23,83"/><U0/><E72/><V59/><F69/><W105/><G114/><T78/><D115/><U66/><E38/><V1/><F35/><W13/><G123/><N who="0" m="47115" /><D119/><U73/><E126/><V44/><F118/><W133/><G133/><T26/><D103/><U95/><E73/><N who="2" m="43183" /><F59/><W96/><G116/><T47/><D107/><U92/><E32/><V61/><F61/><W14/><G105/><T43/><D87/><U91/><E92/><V6/><F18/><W88/><G83/><T101/><D101/><U19/><E28/><V54/><F54/><W124/><G124/><T52/><D78/><U108/><E108/><V29/><F29/><W82/><G82/><T134/><D79/><U85/><E85/><V53/><F53/><W33/><G33/><T30/><D134/><U89/><E89/><V97/><F97/><W127/><G127/><T65/><D65/><U56/><AGARI ba="5,0" hai="0,4,8,15,19,20,56,63,66,91,95,99,130,131" machi="56" ten="30,1500,0" yaku="0,1" doraHai="40" who="1" fromWho="1" sc="154,-10,465,30,113,-10,268,-10" /><INIT seed="1,6,0,3,3,6" ten="144,495,103,258" oya="1" hai0="108,129,20,118,69,13,78,50,79,99,77,85,9" hai1="71,91,24,40,62,61,36,28,103,110,116,104,124" hai2="55,44,123,19,26,53,102,60,65,95,97,25,29" hai3="7,46,90,119,86,18,32,58,5,10,133,112,114"/><U135/><E116/><V4/><F123/><W75/><G75/><T59/><D118/><U120/><E120/><V52/><F4/><W96/><G119/><T101/><D69/><U92/><E135/><V94/><F44/><W132/><G32/><T84/><D108/><U56/><E124/><V8/><F95/><W23/><G96/><T89/><D20/><U49/><E110/><V30/><F8/><W127/><G127/><T39/><D39/><U111/><E111/><V41/><F41/><W64/><G46/><T11/><D129/><U76/><E76/><V66/><F19/><W22/><G22/><T47/><D59/><U80/><E80/><V57/><REACH who="2" step="1"/><F65/><REACH who="2" ten="144,495,93,258" step="2"/><W88/><G64/><T82/><D84/><U83/><E92/><V67/><F67/><W81/><G5/><T12/><D99/><U107/><E107/><V48/><F48/><W70/><G7/><T125/><D125/><U93/><E104/><V100/><F100/><W45/><G45/><T27/><D101/><U43/><E103/><V68/><F68/><W51/><G70/><T38/><D38/><U2/><E71/><V105/><F105/><W131/><G51/><T54/><D27/><AGARI ba="6,1" hai="25,26,27,29,30,52,53,55,57,60,66,94,97,102" machi="27" ten="40,8000,1" yaku="1,1,8,1,54,1,53,1" doraHai="6" doraHaiUra="98" who="2" fromWho="0" sc="144,-98,495,0,93,108,258,0" /><INIT seed="2,0,0,5,0,5" ten="46,495,201,258" oya="2" hai0="65,66,127,62,80,30,131,74,25,0,98,13,49" hai1="97,26,132,106,2,96,59,76,55,87,89,107,102" hai2="50,51,35,77,37,103,31,53,1,22,120,54,135" hai3="16,68,94,92,130,64,108,111,109,58,118,75,29"/><V86/><F120/><W43/><G118/><T101/><D0/><U112/><E112/><V116/><F37/><W123/><G123/><T78/><D131/><U100/><E2/><V39/><F39/><W82/><G68/><T24/><D127/><U34/><E132/><V8/><F116/><W45/><G29/><T90/><D90/><U88/><E34/><V11/><F1/><W40/><G130/><T14/><D49/><U115/><E115/><V7/><F7/><W52/><G64/><T71/><D66/><U4/><E4/><V117/><F35/><W124/><G124/><T79/><D79/><U83/><REACH who="1" step="1"/><E26/><REACH who="1" ten="46,485,201,258" step="2"/><N who="2" m="16855" /><F135/><W85/><G111/><T15/><D25/><U125/><E125/><V32/><F32/><W28/><G109/><T46/><D46/><U56/><E56/><N who="2" m="32823" /><F117/><W91/><G108/><T47/><D47/><U48/><AGARI ba="0,1" hai="48,55,59,76,83,87,88,89,96,97,100,102,106,107" machi="48" ten="20,8000,1" yaku="1,1,0,1,7,1,9,1,54,1,53,0" doraHai="5" doraHaiUra="70" who="1" fromWho="1" sc="46,-20,485,90,201,-40,258,-20" /><INIT seed="3,0,0,4,2,116" ten="26,575,161,238" oya="3" hai0="41,5,26,9,66,67,80,103,2,101,13,92,99" hai1="112,39,121,3,130,36,100,87,19,50,109,51,75" hai2="134,33,74,64,98,6,40,95,72,123,76,1,60" hai3="69,91,65,88,23,15,18,7,89,106,62,68,0"/><W119/><G106/><T55/><D41/><U47/><E75/><V132/><F33/><W83/><G119/><T38/><D38/><U81/><E112/><V52/><F40/><W30/><G30/><T114/><D114/><U78/><E121/><V117/><F117/><W49/><G0/><T129/><D129/><U111/><E130/><V82/><F74/><W118/><G118/><T10/><D103/><U32/><E32/><V54/><F6/><W63/><G7/><T58/><D10/><U35/><E35/><V21/><F1/><W4/><G4/><T61/><D2/><U57/><E3/><V77/><F77/><W59/><G49/><T86/><REACH who="0" step="1"/><D26/><REACH who="0" ten="16,575,161,238" step="2"/><U14/><E100/><N who="2" m="60511" /><F134/><W29/><G29/><T28/><D28/><U25/><E25/><V16/><F132/><W105/><G105/><T17/><D17/><U110/><E57/><V113/><F16/><W44/><G59/><T127/><D127/><U135/><E135/><V73/><F113/><W104/><G18/><T107/><D107/><U24/><E24/><V43/><F43/><W93/><G104/><T128/><D128/><U11/><E51/><V115/><F115/><W125/><G125/><T42/><D42/><AGARI ba="0,1" hai="11,14,19,36,39,42,47,50,78,81,87,109,110,111" machi="42" ten="40,1300,0" yaku="14,1" doraHai="116" who="1" fromWho="0" sc="16,-13,575,23,161,0,238,0" owari="3,-49.7,598,69.8,161,-23.9,238,3.8" /></mjloggm>