<mjloggm ver="2.3"><GO type="225" lobby="0"/><UN n0="%72%65%6E%6B%75%6E" n1="%E9%97%98%E5%B0%86%E3%81%A0%E3%82%93%E3%81%A7%E3%81%83" n2="%E3%81%B5%E3%81%98%E3%81%8B%E3%81%A4" n3="%E6%B0%B7%E5%B7%9D%E9%87%8C%E5%A5%88" dan="17,16,16,16" rate="2185.18,2140.87,2163.50,2078.29" sx="M,M,M,F"/><TAIKYOKU oya="0"/><INIT seed="0,0,0,1,1,30" ten="250,250,250,250" oya="0" hai0="86,124,47,0,96,93,3,16,88,23,18,32,73" hai1="128,95,57,58,117,40,52,69,24,15,79,53,102" hai2="17,46,59,129,118,36,56,121,5,10,132,38,29" hai3="113,84,91,63,42,89,105,25,9,99,98,110,35"/><T8/><D124/><U41/><E69/><V81/><F121/><W71/><G113/><T11/><D73/><U74/><E117/><V12/><F118/><W125/><G125/><T50/><D32/><U66/><E66/><V44/><F132/><W100/><G110/><T19/><D23/><U134/><E79/><V97/><F29/><N who="3" m="19887" /><G42/><T108/><D108/><U62/><E74/><V60/><F129/><W131/><G99/><T116/><D116/><U77/><E77/><V122/><F97/><W7/><G84/><T109/><D109/><U127/><E128/><V61/><F122/><W27/><G131/><T135/><D135/><U103/><E134/><V115/><F115/><W70/><G70/><T112/><D112/><U107/><E107/><V49/><F81/><W2/><G27/><T21/><D21/><U111/><E111/><V76/><F76/><W120/><G120/><T4/><D96/><N who="1" m="59679" /><E103/><V87/><F87/><W20/><G20/><T75/><D75/><U51/><E24/><V48/><F5/><W22/><G22/><T83/><D83/><U37/><E37/><N who="2" m="14443" /><F10/><W94/><G94/><T45/><D50/><N who="2" m="19562" /><F17/><W119/><G119/><T72/><D72/><U123/><E123/><V82/><F12/><W14/><G14/><T106/><D106/><U28/><E28/><V90/><F82/><W85/><G85/><T114/><D114/><U34/><E34/><V130/><F90/><W104/><G104/><T133/><D133/><U39/><E39/><V1/><F1/><W31/><G31/><T65/><D65/><AGARI ba="0,0" hai="2,7,9,63,65,71,89,91,98,100,105" m="19887" machi="65" ten="30,2000,0" yaku="25,1,52,1" doraHai="30" who="3" fromWho="0" sc="250,-20,250,0,250,0,250,20" /><INIT seed="1,0,0,5,4,10" ten="230,250,250,270" oya="1" hai0="114,48,121,36,118,87,82,75,78,88,66,132,115" hai1="29,64,125,59,56,70,120,107,37,131,90,123,5" hai2="22,99,100,15,19,83,113,7,129,28,16,135,60" hai3="55,27,17,44,101,116,30,109,13,38,41,40,106"/><U1/><E107/><V61/><F135/><W47/><G109/><T35/><D36/><U73/><E73/><V18/><F129/><W71/><G116/><T84/><D35/><U58/><E1/><V62/><F113/><N who="0" m="43018" /><D66/><U103/><E103/><V68/><F83/><W25/><G71/><T76/><D48/><U53/><E5/><V24/><F7/><W98/><G55/><T33/><D33/><U96/><E96/><V2/><F2/><W92/><G106/><T69/><D69/><U86/><E29/><V72/><F72/><W54/><G54/><T8/><D8/><U3/><E3/><V85/><F85/><W14/><G17/><T67/><D67/><U133/><E37/><V32/><REACH who="2" step="1"/><F68/><REACH who="2" ten="230,250,240,270" step="2"/><W127/><G127/><T134/><D118/><U130/><E125/><V95/><AGARI ba="0,1" hai="15,16,18,19,22,24,28,32,60,61,62,95,99,100" machi="95" ten="30,12000,2" yaku="1,1,2,1,0,1,52,1,54,1,53,1" doraHai="10" doraHaiUra="26" who="2" fromWho="2" sc="230,-30,250,-60,240,130,270,-30" /><INIT seed="2,0,0,0,3,94" ten="200,190,370,240" oya="2" hai0="110,10,119,46,90,2,26,127,9,62,65,133,82" hai1="17,70,13,56,41,130,27,8,6,108,55,67,24" hai2="101,98,81,57,117,29,23,54,43,58,121,96,37" hai3="123,5,93,103,64,134,125,71,15,131,51,129,14"/><V1/><F121/><W118/><G123/><T132/><D110/><U12/><E108/><V42/><F117/><W59/><G118/><T7/><D119/><U102/><E130/><N who="3" m="49674" /><G134/><N who="0" m="51819" /><D127/><U69/><E41/><N who="2" m="15371" /><F1/><W89/><G125/><T72/><D26/><U76/><E76/><V45/><F37/><W124/><G124/><T113/><D113/><U115/><E115/><V97/><F101/><W116/><G116/><T84/><D10/><U104/><E67/><V21/><F81/><W79/><G79/><T68/><D46/><U100/><E69/><V49/><F29/><W53/><G103/><N who="1" m="39466" /><E70/><V19/><F23/><W75/><G5/><T122/><D122/><U78/><E78/><V30/><F30/><W83/><G64/><T120/><D120/><U114/><E104/><V128/><F128/><W34/><G71/><T109/><D109/><U60/><E114/><V80/><F80/><W86/><G34/><T107/><D72/><U66/><E66/><V85/><F85/><N who="3" m="52399" /><G75/><T3/><D3/><U112/><E112/><V105/><F105/><AGARI ba="0,0" hai="2,7,9,62,65,68,82,84,90,105,107" m="51819" machi="105" ten="30,1000,0" yaku="20,1" doraHai="94" who="0" fromWho="2" sc="200,10,190,0,370,-10,240,0" /><INIT seed="3,0,0,2,4,41" ten="210,190,360,240" oya="3" hai0="92,0,132,116,124,28,79,9,101,65,114,80,67" hai1="71,33,51,118,82,35,75,93,134,6,10,72,130" hai2="96,44,36,133,30,103,58,1,62,25,7,70,4" hai3="24,91,63,37,22,42,14,107,43,61,113,105,11"/><W98/><G113/><T86/><D116/><U21/><E21/><V49/><F133/><W53/><G107/><T106/><D106/><U59/><E59/><V120/><F70/><W5/><G105/><T109/><D109/><U23/><E23/><N who="2" m="15679" /><F36/><W83/><G37/><T89/><D124/><U125/><E51/><V26/><F1/><W102/><G102/><T104/><D132/><U20/><E20/><V2/><F26/><W97/><G97/><N who="0" m="61487" /><D28/><U50/><E134/><V135/><F2/><W46/><G63/><T126/><D126/><U87/><E125/><V31/><F31/><W78/><G78/><T34/><D34/><U94/><E71/><V3/><F3/><W88/><G61/><T27/><D27/><U111/><E118/><V131/><F120/><W81/><G22/><T60/><D60/><U77/><E111/><V100/><F96/><W121/><G24/><T64/><D114/><U73/><E35/><V15/><F103/><W74/><G121/><T48/><D48/><U115/><E33/><V117/><F100/><W57/><G57/><T119/><D119/><U69/><E69/><V112/><F58/><W129/><G74/><N who="0" m="43127" /><D64/><U90/><E115/><V55/><F62/><W39/><G39/><T19/><D19/><U8/><E77/><V108/><F112/><W68/><G68/><T17/><D17/><U56/><E10/><N who="2" m="4551" /><F117/><W122/><G122/><T40/><D0/><U123/><E123/><V99/><F135/><W45/><G11/><T52/><D9/><U16/><E6/><V127/><F7/><W12/><G5/><T47/><D40/><RYUUKYOKU ba="0,0" sc="210,30,190,-10,360,-10,240,-10" hai0="47,52,65,67,86,89,92" owari="240,4.0,180,-32.0,350,45.0,230,-17.0" /></mjloggm>