<mjloggm ver="2.3"><GO type="225" lobby="0"/><UN n0="%E3%81%93%E3%81%8F%E3%82%89%E3%82%AB%E3%83%90%E8%94%B5" n1="%72%61%6B%33" n2="%E3%83%AD%E3%83%83%E3%83%86%E9%9B%80%E7%90%83" n3="%37%2F%32%E3%81%AB%E7%94%9F%E3%81%BE%E3%82%8C%E3%81%A6" dan="17,17,17,17" rate="2094.01,2258.25,2266.22,2184.76" sx="M,M,M,M"/><TAIKYOKU oya="0"/><INIT seed="0,0,0,0,2,50" ten="250,250,250,250" oya="0" hai0="64,5,78,122,10,130,30,109,22,33,118,132,11" hai1="71,126,52,56,68,40,111,24,92,66,62,38,60" hai2="97,49,116,88,108,125,61,26,80,21,20,58,27" hai3="1,112,94,46,63,67,106,7,3,8,103,41,14"/><T69/><D78/><U45/><E92/><N who="2" m="56455" /><F108/><W18/><G112/><T19/><D64/><N who="1" m="40967" /><E24/><N who="2" m="9259" /><F125/><W99/><G106/><T98/><D98/><U119/><E111/><V17/><F116/><W128/><G7/><T47/><D47/><U93/><E93/><V74/><F74/><W29/><G128/><T124/><D69/><U23/><E23/><V35/><F35/><W134/><G134/><T15/><D109/><U85/><E85/><V57/><F80/><W114/><G114/><T37/><D37/><U89/><E89/><V0/><F0/><W55/><G29/><T91/><D91/><U77/><E77/><V113/><F113/><W75/><G75/><T42/><D42/><U129/><E129/><V31/><F31/><W34/><G34/><T131/><D118/><U82/><E82/><V2/><F2/><W133/><G133/><T36/><D36/><U83/><E83/><V135/><F135/><W102/><G102/><T44/><D132/><U73/><E73/><V107/><F107/><W90/><G103/><T104/><D104/><U43/><E119/><V123/><F123/><W100/><G100/><T9/><D122/><U120/><E120/><V48/><F58/><W87/><G99/><T6/><D124/><U25/><E126/><V115/><F115/><W95/><G95/><T28/><D28/><U117/><E117/><V101/><F101/><W54/><G1/><T76/><D76/><U39/><E39/><V59/><F59/><N who="3" m="37375" /><G3/><T110/><D131/><U86/><E38/><V65/><F17/><W12/><G12/><T51/><D130/><U127/><E127/><RYUUKYOKU ba="0,0" sc="250,-15,250,-15,250,15,250,15" hai2="20,21,48,49,57,61,65" hai3="8,14,18,41,46,54,55,87,90,94" /><INIT seed="1,1,0,2,5,34" ten="235,235,265,265" oya="1" hai0="112,18,24,40,84,83,22,35,79,49,21,111,116" hai1="131,100,120,52,128,65,130,102,9,25,77,113,88" hai2="37,38,11,73,66,50,28,31,99,39,7,72,26" hai3="55,103,132,43,19,23,70,75,8,17,91,63,78"/><U76/><E113/><V61/><F50/><W33/><G33/><T109/><D112/><U42/><E120/><V20/><F31/><W54/><G132/><T2/><D116/><U5/><E42/><V94/><F11/><W81/><G43/><T6/><D35/><U30/><E65/><V108/><F7/><W82/><G103/><N who="1" m="39466" /><E88/><V27/><F27/><W57/><G70/><T64/><D64/><U95/><E95/><V1/><F1/><W119/><G119/><T71/><D71/><U126/><E126/><V80/><F108/><N who="0" m="41546" /><D21/><N who="1" m="15663" /><E52/><V44/><F44/><W101/><G101/><T14/><D40/><U121/><E121/><V0/><F0/><AGARI ba="1,0" hai="0,5,9,76,77,128,130,131" m="15663,39466" machi="0" ten="30,2900,0" yaku="19,1,52,1" doraHai="34" who="1" fromWho="2" sc="235,0,235,32,265,-32,265,0" /><INIT seed="1,2,0,3,5,46" ten="235,267,233,265" oya="1" hai0="66,26,71,29,134,10,126,22,35,50,23,122,82" hai1="49,63,112,97,85,86,89,15,91,104,81,16,45" hai2="111,21,62,56,90,44,9,87,127,19,1,70,75" hai3="125,117,113,116,51,34,115,108,135,133,30,94,27"/><U4/><E112/><N who="3" m="43082" /><G94/><T130/><D130/><U110/><E110/><V36/><F111/><W98/><G51/><T11/><D126/><U14/><E63/><V55/><F127/><W6/><G98/><T74/><D134/><N who="3" m="51209" /><G125/><T53/><D122/><U33/><E33/><V119/><F75/><W106/><G106/><T92/><D71/><U83/><E4/><V3/><F9/><N who="0" m="3082" /><D74/><U60/><E60/><V76/><F119/><N who="3" m="45643" /><G6/><T103/><D66/><U84/><E84/><V120/><F76/><W99/><G99/><N who="0" m="59879" /><D35/><U102/><REACH who="1" step="1"/><E16/><REACH who="1" ten="235,257,233,265" step="2"/><V118/><F19/><W95/><G95/><T31/><D82/><U32/><E32/><V7/><F118/><W54/><G54/><AGARI ba="2,1" hai="14,15,45,49,54,81,83,85,86,89,91,97,102,104" machi="54" ten="30,12000,1" yaku="1,1,7,1,9,1,52,1,53,1" doraHai="46" doraHaiUra="41" who="1" fromWho="3" sc="235,0,257,136,233,0,265,-126" /><INIT seed="1,3,0,2,5,68" ten="235,393,233,139" oya="1" hai0="53,88,91,66,3,8,65,25,69,128,64,28,24" hai1="105,84,80,93,45,17,121,18,11,34,39,94,60" hai2="111,54,13,29,113,5,47,100,55,21,72,95,33" hai3="124,75,117,52,31,89,134,122,92,86,120,49,96"/><U104/><E34/><V107/><F107/><W109/><G109/><T38/><D69/><U40/><E121/><V132/><F72/><W37/><G37/><T101/><D38/><U81/><E60/><V6/><F33/><W112/><G112/><T43/><D43/><U4/><E105/><V106/><F106/><W56/><G124/><T103/><D128/><U32/><E32/><V87/><F132/><W74/><G134/><T70/><D70/><U116/><E104/><V23/><F111/><W9/><G117/><T51/><D3/><U36/><E36/><V115/><F29/><W10/><G31/><T125/><D8/><U48/><E116/><V133/><F133/><W50/><G75/><T71/><D71/><U108/><E81/><V35/><F35/><W57/><G74/><T22/><D24/><U59/><E108/><V130/><F130/><W67/><G122/><T2/><D2/><U126/><E94/><V85/><F95/><W77/><G120/><T19/><D28/><U73/><E93/><V123/><F123/><W114/><G114/><T83/><D125/><U131/><E126/><V16/><F100/><N who="0" m="38474" /><D83/><U63/><E39/><V78/><F78/><W44/><G77/><T20/><D20/><U129/><E129/><V14/><F47/><AGARI ba="3,0" hai="19,22,25,47,51,53,64,65,66,88,91" m="38474" machi="47" ten="30,2000,0" yaku="8,1,54,1" doraHai="68" who="0" fromWho="2" sc="235,29,393,0,233,-29,139,0" /><INIT seed="2,0,0,5,3,70" ten="264,393,204,139" oya="2" hai0="33,42,89,26,10,122,119,28,5,131,39,135,73" hai1="19,132,60,15,62,35,2,115,108,41,48,53,17" hai2="75,82,13,8,116,56,16,133,95,105,72,87,97" hai3="91,104,11,38,103,112,46,121,94,25,129,52,29"/><V20/><F133/><W47/><G121/><T14/><D122/><U117/><E2/><V54/><F116/><W4/><G129/><T67/><D131/><U102/><E35/><V37/><F105/><W69/><G69/><T84/><D135/><U50/><E108/><V66/><F66/><W57/><G112/><T6/><D119/><U101/><E15/><V0/><F37/><W80/><G80/><T128/><D128/><U9/><E9/><V51/><F0/><W64/><G64/><T111/><D111/><U114/><E53/><V23/><F75/><W63/><G103/><T71/><D73/><U40/><E132/><V76/><REACH who="2" step="1"/><F72/><REACH who="2" ten="264,393,194,139" step="2"/><W126/><G38/><T85/><D67/><U65/><E65/><V12/><F12/><W58/><G104/><T31/><D71/><U98/><E117/><V74/><F74/><W83/><G126/><T93/><D28/><U107/><E107/><V79/><F79/><W100/><G11/><T34/><D5/><U86/><E115/><V44/><F44/><W118/><G4/><T110/><D110/><U18/><E114/><V92/><F92/><W32/><G118/><T113/><D113/><U130/><E130/><V124/><F124/><W99/><REACH who="3" step="1"/><G57/><REACH who="3" ten="264,393,194,129" step="2"/><T45/><REACH who="0" step="1"/><D34/><REACH who="0" ten="254,393,194,129" step="2"/><U77/><E102/><AGARI ba="0,3" hai="8,13,16,20,23,51,54,56,76,82,87,95,97,102" machi="102" ten="30,12000,1" yaku="1,1,7,1,8,1,54,1,53,1" doraHai="70" doraHaiUra="7" who="2" fromWho="1" sc="254,0,393,-120,194,150,129,0" /><INIT seed="2,1,0,5,0,124" ten="254,273,344,129" oya="2" hai0="104,68,40,49,131,9,116,18,35,111,8,43,61" hai1="95,3,102,4,23,79,72,86,12,125,67,100,103" hai2="41,44,120,25,109,114,63,92,42,37,134,16,135" hai3="115,101,99,74,123,122,14,30,73,87,98,133,38"/><V127/><F114/><W17/><G38/><T46/><D35/><U7/><E125/><V78/><F127/><W119/><G30/><T128/><D104/><U106/><E67/><V75/><F120/><W53/><G119/><T50/><D116/><U90/><E3/><V117/><F117/><W85/><G53/><T47/><D111/><U57/><E106/><V83/><F42/><W65/><G65/><N who="0" m="41007" /><D18/><N who="1" m="10695" /><E72/><V97/><F63/><W13/><G17/><T34/><D34/><U45/><E79/><V21/><REACH who="2" step="1"/><F109/><REACH who="2" ten="254,273,334,129" step="2"/><W52/><G115/><T69/><D69/><U54/><E45/><V33/><F33/><W112/><G112/><T93/><D93/><U96/><E96/><V91/><AGARI ba="1,1" hai="16,21,25,37,41,44,75,78,83,91,92,97,134,135" machi="91" ten="30,6000,0" yaku="1,1,0,1,54,1,53,0" doraHai="124" doraHaiUra="121" who="2" fromWho="2" sc="254,-21,273,-21,334,73,129,-21" /><INIT seed="2,2,0,0,4,33" ten="233,252,407,108" oya="2" hai0="77,80,78,17,45,8,57,19,109,30,0,95,39" hai1="42,62,123,98,38,81,127,31,91,50,16,23,104" hai2="108,32,72,63,126,66,112,131,76,119,116,18,92" hai3="29,113,134,67,7,25,130,41,129,79,89,12,49"/><V121/><F18/><W106/><G106/><T13/><D109/><U26/><E127/><V3/><F92/><W59/><G134/><T118/><D118/><U69/><E123/><V132/><F76/><W122/><G122/><T120/><D120/><U56/><E38/><V75/><F63/><W74/><G113/><T110/><D110/><U40/><E69/><V90/><F90/><W35/><G89/><T85/><D30/><U115/><E115/><V65/><F65/><W97/><G97/><T55/><D77/><U27/><E50/><V43/><F66/><W86/><G74/><T88/><D17/><U128/><E128/><V105/><F43/><W51/><G51/><T117/><D117/><U94/><E104/><V28/><F28/><W107/><G107/><T36/><D0/><U21/><E81/><V47/><F47/><W24/><G24/><T1/><D1/><U60/><E60/><V64/><F64/><AGARI ba="2,0" hai="16,21,23,26,27,31,40,42,56,62,64,91,94,98" machi="64" ten="30,3900,0" yaku="7,1,8,1,54,1" doraHai="33" who="1" fromWho="2" sc="233,0,252,45,407,-45,108,0" /><INIT seed="3,0,0,4,1,117" ten="233,297,362,108" oya="3" hai0="80,61,109,81,33,50,82,48,99,64,44,14,106" hai1="107,57,56,30,25,32,98,86,22,112,39,93,85" hai2="133,12,134,45,120,126,78,131,118,76,87,27,31" hai3="29,102,91,89,115,84,9,47,129,71,17,72,28"/><W42/><G115/><T135/><D33/><U116/><E112/><V26/><F120/><W54/><G72/><T0/><D0/><U16/><E39/><V1/><F1/><W66/><G129/><T105/><D109/><U124/><E124/><V114/><F118/><W51/><G102/><T4/><D135/><N who="2" m="51722" /><F126/><W5/><G17/><T15/><D4/><U75/><E75/><V104/><F104/><W95/><G91/><T83/><N who="0" m="20480" /><DORA hai="73" /><T8/><D99/><U34/><E116/><V59/><F87/><W123/><G123/><T46/><D105/><U23/><E32/><V49/><F131/><W11/><G11/><T128/><D106/><U69/><E69/><V62/><F12/><W20/><G20/><T108/><D108/><U52/><E107/><V132/><F114/><W19/><G19/><T6/><D15/><U119/><E57/><V127/><F127/><W7/><G7/><T110/><D110/><U92/><E34/><N who="2" m="20855" /><F27/><W60/><REACH who="3" step="1"/><G42/><REACH who="3" ten="233,297,362,98" step="2"/><T125/><D125/><U58/><E119/><V37/><F132/><W77/><G77/><T97/><D128/><U111/><E111/><V94/><F78/><W10/><G10/><T90/><D90/><U24/><E16/><V63/><F76/><W122/><G122/><T2/><D2/><AGARI ba="0,1" hai="2,5,9,28,29,47,51,54,60,66,71,84,89,95" machi="2" ten="30,2900,0" yaku="1,1,7,1,53,0" doraHai="117,73" doraHaiUra="74,103" who="3" fromWho="0" sc="233,-29,297,0,362,0,98,39" /><INIT seed="3,1,0,3,3,11" ten="204,297,362,137" oya="3" hai0="52,49,90,112,15,115,54,46,63,73,50,3,12" hai1="94,121,35,103,96,14,30,2,6,128,20,51,53" hai2="120,45,117,68,13,133,118,88,65,127,61,33,28" hai3="34,70,19,41,67,119,31,101,29,38,86,110,107"/><W69/><G119/><T16/><D3/><U26/><E128/><V122/><F127/><W131/><G131/><T77/><D63/><U85/><E121/><N who="2" m="46699" /><F133/><W124/><G124/><T44/><D90/><U79/><E2/><V42/><F13/><W4/><G4/><T60/><D60/><U87/><E79/><V9/><F9/><W23/><G86/><T74/><D77/><U10/><REACH who="1" step="1"/><E35/><REACH who="1" ten="204,287,362,137" step="2"/><V39/><F88/><W66/><G34/><T98/><REACH who="0" step="1"/><D98/><REACH who="0" ten="194,287,362,137" step="2"/><U7/><E7/><V40/><F118/><W84/><G70/><T109/><D109/><U135/><E135/><V75/><F117/><W99/><G110/><T102/><D102/><U56/><AGARI ba="1,2" hai="6,10,14,20,26,30,51,53,56,85,87,94,96,103" machi="56" ten="20,8000,1" yaku="1,1,0,1,7,1,8,1,52,1,53,0" doraHai="11" doraHaiUra="108" who="1" fromWho="1" sc="194,-21,287,103,362,-21,137,-41" owari="173,-22.7,390,49.0,341,14.1,96,-40.4" /></mjloggm>