<mjloggm ver="2.3"><GO type="225" lobby="0"/><UN n0="%E3%82%A2%E3%83%BC%E3%83%A2%E3%83%AD%E3%83%BC%E3%83%B4%E3%82%A1" n1="%E3%81%A1%E3%82%85%E3%81%86%E3%81%A9%E3%81%8F%E8%B1%A1%E3%81%95%E3%82%93" n2="%E7%89%B9%E6%9D%B1%E3%81%AF%E4%B8%96%E7%95%8C%E3%82%92%E6%95%91%E3%81%86" n3="%E8%BE%9B%E5%8F%A3%E3%82%AB%E3%83%AC%E3%83%BC%E3%83%A9%E3%82%A4%E3%82%B9" dan="16,16,16,16" rate="2125.81,2090.75,2155.42,2175.46" sx="M,M,M,M"/><TAIKYOKU oya="0"/><INIT seed="0,0,0,0,0,96" ten="250,250,250,250" oya="0" hai0="79,118,125,3,27,123,60,93,2,100,135,72,120" hai1="49,33,10,126,122,94,114,106,71,89,104,26,92" hai2="66,36,40,19,44,63,70,34,121,84,17,68,102" hai3="107,42,47,80,35,103,109,28,56,52,12,7,115"/><T13/><D118/><U37/><E122/><V69/><F121/><W128/><G115/><T22/><D125/><U116/><E116/><V132/><F34/><W134/><G109/><T41/><D135/><U75/><E37/><V129/><F132/><W0/><G134/><T82/><D41/><U88/><E75/><V58/><F129/><W133/><G133/><T124/><D124/><U99/><E71/><V130/><F130/><W57/><G128/><T50/><D50/><U23/><E126/><V5/><F5/><W8/><G80/><T20/><D120/><U4/><E49/><V24/><F24/><W67/><G67/><T117/><D117/><U90/><E33/><V54/><F66/><W78/><G78/><T45/><D45/><U111/><E111/><V101/><REACH who="2" step="1"/><F84/><REACH who="2" ten="250,250,240,250" step="2"/><W11/><G35/><T9/><D123/><U30/><E114/><V43/><F43/><W91/><G42/><T76/><D72/><U86/><REACH who="1" step="1"/><E90/><REACH who="1" ten="250,240,240,250" step="2"/><V53/><F53/><W110/><G52/><T83/><D76/><U95/><E95/><V87/><F87/><W16/><G91/><T77/><D79/><U119/><E119/><V61/><F61/><W74/><G74/><T48/><D60/><U98/><E98/><V18/><AGARI ba="0,2" hai="17,18,19,36,40,44,54,58,63,68,69,70,101,102" machi="18" ten="40,8000,1" yaku="1,1,0,1,52,2,53,0" doraHai="96" doraHaiUra="112" who="2" fromWho="2" sc="250,-40,240,-20,240,100,250,-20" /><INIT seed="1,0,0,0,0,115" ten="210,220,340,230" oya="1" hai0="5,18,105,119,10,67,20,50,85,106,34,107,40" hai1="49,124,42,80,61,98,48,33,101,113,63,23,52" hai2="83,100,68,123,24,56,9,111,93,87,108,27,35" hai3="19,88,30,53,78,14,28,17,31,117,91,74,36"/><U94/><E113/><V86/><F68/><W21/><G36/><T104/><D34/><U39/><E33/><V57/><F123/><W114/><G114/><T55/><N who="0" m="26624" /><DORA hai="82" /><T122/><D122/><U46/><E124/><V133/><F133/><W4/><G4/><T41/><D67/><U60/><E23/><V15/><F57/><W89/><G53/><T58/><D119/><U126/><E126/><V75/><F75/><W90/><N who="3" m="22528" /><DORA hai="99" /><W69/><G69/><T22/><D85/><N who="2" m="32266" /><F83/><W112/><G112/><T72/><D72/><U54/><REACH who="1" step="1"/><E80/><REACH who="1" ten="210,210,340,230" step="2"/><V1/><F35/><W120/><G120/><T81/><D81/><U96/><E96/><N who="2" m="59407" /><F1/><W6/><G21/><T32/><D22/><U8/><E8/><V37/><F9/><W77/><G117/><T121/><D32/><U26/><E26/><V116/><F27/><W79/><G74/><T131/><D121/><U135/><E135/><V12/><F24/><W70/><G77/><T128/><D20/><U130/><E130/><V76/><F116/><W84/><G78/><T102/><D128/><U45/><E45/><V125/><F76/><W132/><G79/><T59/><D131/><U2/><E2/><V127/><F125/><W73/><G73/><T47/><D10/><U118/><E118/><V92/><F127/><W103/><G84/><T38/><D47/><U44/><E44/><V134/><F134/><W71/><G132/><T62/><D5/><U7/><E7/><V43/><F15/><W95/><G14/><T29/><D18/><N who="3" m="6665" /><G6/><T110/><D29/><U65/><E65/><V129/><F129/><RYUUKYOKU ba="0,1" sc="210,-15,210,15,340,-15,230,15" hai1="39,42,46,48,49,52,54,60,61,63,94,98,101" hai3="28,30,31,70,71,95,103" /><INIT seed="1,1,1,2,3,105" ten="195,225,325,245" oya="1" hai0="17,75,118,8,133,29,43,14,99,67,129,58,16" hai1="70,31,83,117,94,122,71,119,51,100,76,54,34" hai2="5,88,104,22,115,107,80,6,12,121,111,49,45" hai3="84,90,132,112,44,10,13,52,59,11,19,33,103"/><U41/><E122/><V120/><F111/><W113/><G132/><T101/><D118/><U27/><E41/><V53/><F115/><W72/><G72/><T61/><D133/><U0/><E0/><V30/><F107/><W106/><G33/><T3/><D129/><U125/><E125/><V39/><F104/><W93/><G44/><T26/><D3/><U46/><E100/><V134/><F134/><W62/><REACH who="3" step="1"/><G10/><REACH who="3" ten="195,225,325,235" step="2"/><T89/><D75/><U109/><E109/><V126/><F120/><W102/><G102/><T87/><D43/><U78/><E117/><V123/><F123/><W79/><G79/><T69/><D101/><U114/><E119/><V48/><F45/><W96/><AGARI ba="1,2" hai="11,13,19,52,59,62,84,90,93,96,103,106,112,113" machi="96" ten="30,4000,0" yaku="1,1,0,1,54,1,53,0" doraHai="105" doraHaiUra="124" who="3" fromWho="3" sc="195,-11,225,-21,325,-11,235,63" /><INIT seed="2,0,0,5,5,104" ten="184,204,314,298" oya="2" hai0="20,56,91,72,61,117,116,2,84,102,34,58,118" hai1="37,105,62,119,94,114,10,128,42,78,63,14,52" hai2="125,76,53,81,5,64,115,108,12,98,16,33,59" hai3="69,107,82,135,133,4,74,100,134,103,111,25,28"/><V131/><F115/><W121/><G121/><T86/><D34/><U122/><E119/><N who="0" m="30465" /><T54/><DORA hai="109" /><D2/><U124/><E114/><V120/><F120/><W106/><G69/><T32/><D32/><U45/><E105/><N who="3" m="39946" /><G4/><T46/><D102/><U80/><E122/><V39/><F39/><W40/><G40/><T67/><D46/><U88/><E128/><V90/><F33/><N who="3" m="20623" /><G111/><T101/><D101/><U96/><E124/><V49/><F108/><W41/><G41/><T27/><D91/><U24/><E24/><V87/><F131/><W38/><G38/><T93/><D93/><U92/><E92/><V95/><F125/><W130/><G130/><T110/><D110/><U113/><E52/><V15/><F5/><W7/><G7/><T26/><D26/><U66/><E113/><V127/><F127/><W126/><G126/><T3/><D3/><U132/><E132/><V68/><REACH who="2" step="1"/><F16/><REACH who="2" ten="184,204,304,298" step="2"/><W83/><G134/><T1/><D1/><U70/><E37/><V47/><F47/><W13/><G135/><T44/><D44/><U60/><E45/><V19/><F19/><W11/><G133/><T73/><D27/><U85/><E42/><V123/><F123/><W57/><G13/><T43/><D43/><U65/><E65/><V17/><F17/><AGARI ba="0,1" hai="10,14,17,60,62,63,66,70,78,80,85,88,94,96" machi="17" ten="30,2000,0" yaku="7,1,54,1" doraHai="104,109" who="1" fromWho="2" sc="184,0,204,30,304,-20,298,0" /><INIT seed="3,0,0,5,3,104" ten="184,234,284,298" oya="3" hai0="61,59,80,94,3,56,118,30,89,97,26,95,4" hai1="90,50,57,112,49,32,0,5,133,65,122,8,86" hai2="25,27,87,123,58,48,38,103,71,76,64,126,105" hai3="43,15,42,12,98,119,108,111,93,46,44,102,81"/><W121/><G121/><T13/><D118/><U82/><E122/><V114/><F123/><W52/><G119/><T72/><D3/><U73/><E112/><V84/><F38/><N who="3" m="21591" /><G52/><T66/><D94/><U34/><E133/><V124/><F114/><W131/><G81/><T18/><D4/><U55/><E65/><V79/><F71/><W130/><G12/><T45/><D45/><U36/><E36/><V28/><F103/><W6/><G15/><T2/><D2/><U125/><E125/><N who="2" m="48235" /><F27/><W85/><G85/><N who="2" m="32841" /><F48/><N who="3" m="26719" /><G6/><T134/><D134/><U23/><E23/><N who="2" m="15423" /><F105/><W63/><G63/><AGARI ba="0,0" hai="58,63,64,76,79" m="15423,32841,48235" machi="63" ten="30,1000,0" yaku="18,1" doraHai="104" who="2" fromWho="3" sc="184,0,234,0,284,10,298,-10" /><INIT seed="4,0,0,3,0,83" ten="184,234,294,288" oya="0" hai0="97,75,91,125,20,135,108,46,27,114,60,79,64" hai1="111,37,6,36,25,134,133,33,8,98,115,63,22" hai2="53,30,119,67,121,51,71,122,102,127,34,66,2" hai3="56,100,42,61,120,65,59,69,35,106,32,118,109"/><T124/><D114/><U130/><E98/><V68/><F2/><W80/><G118/><T85/><D135/><N who="1" m="51723" /><E111/><V41/><F102/><W31/><G109/><T76/><D108/><U105/><E105/><V86/><F86/><W3/><G3/><T23/><D97/><U24/><E63/><N who="2" m="40031" /><F30/><W95/><G95/><T49/><D75/><U50/><E50/><V117/><F41/><W96/><G35/><T99/><D99/><U101/><E101/><V5/><F5/><W43/><G80/><N who="0" m="49575" /><D125/><U48/><E48/><V57/><F34/><W39/><G120/><N who="2" m="46185" /><F127/><W132/><G132/><T40/><D124/><U29/><E130/><V82/><F82/><W73/><G73/><T81/><D81/><U4/><E37/><V1/><F1/><W21/><G32/><T74/><D74/><U94/><E94/><V55/><F55/><W110/><G110/><T13/><D64/><U103/><E36/><V9/><F9/><W129/><G129/><T11/><D60/><AGARI ba="0,0" hai="51,53,57,60,67,71,117,119" m="46185,40031" machi="60" ten="30,2000,0" yaku="34,2" doraHai="83" who="2" fromWho="0" sc="184,-20,234,0,294,20,288,0" owari="164,-33.6,234,-16.6,314,41.4,288,8.8" /></mjloggm>