<mjloggm ver="2.3"><GO type="225" lobby="0"/><UN n0="%E3%82%BC%E3%83%AB%E3%83%80%E3%81%AE%E4%BC%9D%E8%AA%AC" n1="%E4%BF%BA%E3%81%A8%E5%A6%96%E5%A4%A2" n2="%E6%B4%BE%E9%81%A3%E3%81%AE%E3%82%B8%E3%83%A3%E3%83%83%E3%82%AF" n3="%E3%81%BF%E3%81%BF%E3%81%9A" dan="18,17,17,18" rate="2243.18,2170.82,2234.57,2231.20" sx="M,F,M,M"/><TAIKYOKU oya="0"/><INIT seed="0,0,0,4,0,100" ten="250,250,250,250" oya="0" hai0="30,52,4,102,7,124,17,57,65,64,41,95,34" hai1="93,68,111,22,112,25,50,48,9,71,134,116,2" hai2="33,115,101,75,27,123,109,23,18,51,91,31,97" hai3="92,37,13,121,15,99,89,126,49,132,88,103,21"/><T59/><D124/><U127/><E116/><V107/><F115/><W63/><G37/><T90/><D34/><U80/><E127/><V3/><F123/><W42/><G126/><T77/><D30/><U29/><E112/><V114/><F114/><W58/><G121/><T24/><D77/><U1/><E111/><V54/><F109/><W87/><G132/><T43/><D102/><U11/><E134/><V46/><F3/><W67/><G21/><N who="0" m="13359" /><D43/><U35/><E80/><V105/><F75/><W60/><G60/><N who="0" m="37903" /><D65/><U56/><E71/><V12/><REACH who="2" step="1"/><F91/><REACH who="2" ten="250,250,240,250" step="2"/><W98/><G89/><T47/><D41/><U79/><E1/><V69/><F69/><W62/><G99/><N who="0" m="57847" /><D47/><U39/><E2/><V81/><F81/><N who="3" m="49263" /><G62/><AGARI ba="0,1" hai="4,7,52,59,62" m="57847,37903,13359" machi="62" ten="30,5800,0" yaku="25,1,8,1,54,1" doraHai="100" who="0" fromWho="3" sc="250,68,250,0,240,0,250,-58" /><INIT seed="0,1,0,2,3,38" ten="318,250,240,192" oya="0" hai0="130,95,117,134,98,58,13,83,51,135,66,85,52" hai1="120,132,9,39,115,126,10,45,3,37,40,112,79" hai2="65,16,36,20,97,94,102,114,31,5,29,82,15" hai3="105,63,60,90,71,133,111,23,50,110,11,101,1"/><T107/><D117/><U118/><E120/><V24/><F114/><N who="1" m="43561" /><E118/><V6/><F36/><W129/><G133/><N who="0" m="50699" /><D130/><U104/><E132/><V27/><F65/><W88/><G129/><T121/><D121/><U103/><E126/><V87/><F27/><W41/><G23/><T0/><D0/><U131/><E131/><V22/><REACH who="2" step="1"/><F31/><REACH who="2" ten="318,250,230,192" step="2"/><W86/><G71/><T61/><D107/><U81/><E37/><V47/><F47/><N who="3" m="25967" /><G105/><T19/><D66/><U91/><E104/><V113/><F113/><W93/><G101/><N who="0" m="60639" /><D61/><U123/><E103/><V54/><F54/><W76/><G76/><AGARI ba="1,1" hai="5,6,15,16,20,22,24,29,76,82,87,94,97,102" machi="76" ten="30,7700,0" yaku="1,1,7,1,8,1,54,1,53,0" doraHai="38" doraHaiUra="48" who="2" fromWho="3" sc="318,0,250,0,230,90,192,-80" /><INIT seed="1,0,0,2,3,89" ten="318,250,320,112" oya="1" hai0="65,120,135,38,15,51,108,129,39,7,95,5,113" hai1="9,57,3,93,84,18,92,60,55,29,43,23,107" hai2="54,63,2,17,21,10,87,16,131,76,109,58,8" hai3="83,74,71,132,28,118,110,115,25,41,37,32,0"/><U82/><E107/><V86/><F109/><W133/><RYUUKYOKU type="yao9" ba="0,0" sc="318,0,250,0,320,0,112,0" hai3="0,25,28,32,37,41,71,74,83,110,115,118,132,133" /><INIT seed="1,1,0,1,4,43" ten="318,250,320,112" oya="1" hai0="10,131,132,128,32,87,41,34,62,26,109,95,27" hai1="104,45,123,51,79,11,122,57,75,9,73,126,20" hai2="125,113,5,25,98,119,107,71,61,91,88,56,44" hai3="0,82,30,112,110,135,47,50,130,108,120,38,3"/><U85/><E104/><V37/><F119/><W114/><G30/><T13/><D62/><U103/><E103/><V111/><F71/><W99/><G38/><T77/><D77/><U94/><E126/><V33/><F5/><W127/><G120/><T22/><D87/><U105/><E105/><V118/><F118/><W2/><G127/><T92/><D41/><U31/><E73/><V129/><F125/><W46/><G135/><T40/><D40/><N who="1" m="24999" /><E75/><V59/><F59/><W70/><G70/><T24/><D132/><U134/><E134/><V65/><F129/><N who="0" m="49738" /><D109/><N who="3" m="42089" /><G130/><T115/><D115/><N who="3" m="44073" /><G50/><T101/><D22/><U15/><E123/><V18/><F111/><W49/><G49/><T63/><D63/><U58/><E94/><N who="0" m="35881" /><D101/><U12/><E122/><V81/><F37/><W6/><G99/><T83/><D83/><N who="1" m="47359" /><E58/><V86/><F113/><W93/><G93/><T54/><D54/><U7/><E57/><V72/><F107/><W66/><G66/><T84/><D84/><U64/><E64/><V68/><F56/><W69/><G69/><T21/><D21/><U116/><E116/><V17/><F68/><W16/><G82/><T52/><D52/><U39/><E39/><V117/><F117/><W60/><G60/><T76/><D76/><U36/><E36/><V133/><F65/><W78/><G78/><T28/><D34/><U67/><E67/><V14/><F133/><W121/><G121/><T90/><D90/><U8/><E7/><AGARI ba="1,0" hai="7,10,13,24,26,27,28,32" m="35881,49738" machi="7" ten="30,1000,0" yaku="19,1" doraHai="43" who="0" fromWho="1" sc="318,13,250,-13,320,0,112,0" /><INIT seed="2,0,0,4,4,22" ten="331,237,320,112" oya="2" hai0="16,61,43,5,77,98,28,31,106,52,34,104,18" hai1="24,26,48,14,36,58,30,13,131,128,118,79,27" hai2="8,59,95,69,64,50,112,92,66,88,20,103,133" hai3="56,100,121,0,102,12,85,115,21,84,129,97,75"/><V2/><F112/><W71/><G121/><T116/><D43/><U126/><E36/><V41/><F69/><W62/><G75/><T99/><D116/><U10/><E118/><V49/><F133/><W109/><G0/><T82/><D5/><N who="1" m="3279" /><E79/><V40/><F8/><W117/><G71/><T127/><D127/><U44/><E58/><V35/><F35/><W81/><G117/><T94/><D34/><N who="1" m="20807" /><E126/><V25/><F2/><W33/><G33/><T89/><D104/><U46/><E46/><V80/><F80/><W73/><G73/><T45/><D99/><U57/><E57/><V39/><F39/><W120/><G120/><T3/><D106/><U19/><E48/><N who="2" m="18539" /><F95/><W63/><G115/><T132/><D45/><U65/><E65/><N who="2" m="25195" /><F103/><W51/><G102/><T113/><D82/><U105/><E105/><V17/><F59/><W42/><G56/><N who="0" m="34951" /><D77/><U37/><E37/><V91/><F91/><W4/><G100/><T11/><D113/><U123/><E44/><V1/><F1/><W93/><G81/><T86/><D89/><U125/><E125/><V134/><F134/><W67/><G93/><T53/><D132/><U78/><E78/><V47/><F47/><W55/><G67/><T107/><D107/><U130/><E123/><V74/><F74/><W124/><G124/><T87/><D94/><U60/><E60/><V32/><F32/><W135/><G62/><T6/><D3/><U119/><E119/><V110/><F110/><W15/><G135/><T83/><D83/><U111/><E111/><V96/><AGARI ba="0,0" hai="17,20,25,40,41,88,92,96" m="25195,18539" machi="96" ten="30,6000,0" yaku="8,1,52,1,54,1" doraHai="22" who="2" fromWho="2" sc="331,-20,237,-20,320,60,112,-20" /><INIT seed="2,1,0,3,5,53" ten="311,217,380,92" oya="2" hai0="58,7,127,64,129,68,115,44,80,125,20,2,83" hai1="54,123,117,118,42,14,97,47,75,19,119,60,133" hai2="38,57,89,84,16,67,48,55,28,4,132,18,35" hai3="1,69,12,8,126,107,63,120,62,79,82,51,70"/><V93/><F132/><W22/><G120/><T104/><D115/><U66/><E75/><V50/><F38/><W112/><G107/><T27/><D104/><U135/><E123/><V46/><F4/><W3/><G126/><N who="0" m="48139" /><D68/><U131/><E97/><V116/><F116/><W17/><G112/><T13/><D2/><U9/><E54/><N who="2" m="29975" /><F35/><W36/><G36/><T74/><D74/><U33/><E131/><V81/><F28/><W128/><G128/><T100/><D100/><U52/><E33/><V6/><F6/><W78/><G51/><T10/><D44/><U15/><E15/><V56/><F81/><W90/><G90/><T40/><D40/><U85/><E85/><V91/><F91/><W11/><G22/><T59/><D129/><U95/><E95/><V98/><F98/><W111/><G12/><T61/><D59/><N who="2" m="22602" /><F67/><W72/><G72/><T87/><D87/><U73/><E73/><V88/><F89/><W86/><G82/><T45/><D83/><U110/><E117/><V49/><F49/><W99/><G99/><T108/><D80/><U96/><E96/><V5/><F5/><W134/><G86/><T102/><D64/><U26/><E119/><V30/><F30/><W101/><G134/><T92/><D92/><U94/><E118/><V130/><F130/><W77/><G77/><T43/><D7/><U65/><E94/><V105/><F105/><W124/><G124/><T25/><D102/><U113/><E135/><V114/><F114/><W31/><G101/><T0/><D0/><U34/><E133/><V71/><F84/><W41/><G1/><RYUUKYOKU ba="1,0" sc="311,0,217,0,380,0,92,0" /><INIT seed="3,2,0,1,3,85" ten="311,217,380,92" oya="3" hai0="26,69,111,102,130,101,4,84,74,56,63,129,110" hai1="70,126,28,88,22,24,77,23,38,41,107,31,37" hai2="21,76,11,124,100,60,82,57,135,109,48,14,49" hai3="97,54,58,2,45,17,116,95,132,106,119,61,0"/><W29/><G106/><T52/><D74/><U36/><E107/><V12/><F109/><N who="0" m="41482" /><D4/><U9/><E70/><V123/><F124/><W34/><G132/><T99/><D69/><U43/><E126/><V127/><F127/><W68/><G68/><T87/><D26/><U120/><E120/><V67/><F100/><N who="0" m="38506" /><D99/><U103/><E77/><V79/><F135/><W8/><G0/><T16/><D16/><U3/><E103/><V112/><F112/><W90/><G34/><T117/><D117/><U5/><E41/><V18/><F123/><W108/><G29/><T114/><D114/><U27/><E43/><V92/><F92/><W122/><G108/><T96/><D96/><U78/><E78/><N who="2" m="29739" /><F82/><W59/><G122/><T10/><D10/><U65/><E65/><V35/><F35/><W20/><G58/><T134/><D134/><U118/><E118/><V55/><F67/><W19/><G45/><T6/><D6/><AGARI ba="2,0" hai="6,11,12,14,18,21,48,49,55,57,60" m="29739" machi="6" ten="30,1000,0" yaku="8,1" doraHai="85" who="2" fromWho="0" sc="311,-16,217,0,380,16,92,0" owari="295,9.5,217,-18.3,396,49.6,92,-40.8" /></mjloggm>