<mjloggm ver="2.3"><GO type="225" lobby="0"/><UN n0="%E3%81%AF%E3%82%88%E3%81%8A%E3%81%98%E3%81%95%E3%82%93" n1="%E6%9D%BE%E6%9C%AC%E5%81%A5%E7%94%B7" n2="%E7%BD%AA%E5%88%91%E6%B3%95%E5%AE%9A%E4%B8%BB%E7%BE%A9" n3="%6D%75%75%6D%75%72%61" dan="17,16,16,17" rate="2150.27,2161.11,2129.17,2174.07" sx="M,M,M,F"/><TAIKYOKU oya="0"/><INIT seed="0,0,0,0,5,6" ten="250,250,250,250" oya="0" hai0="90,30,116,18,32,40,61,48,55,64,92,104,134" hai1="122,80,94,72,88,129,1,99,28,126,76,82,59" hai2="78,23,133,91,38,3,135,125,128,2,12,10,22" hai3="130,34,9,17,53,20,85,50,68,4,106,31,83"/><T111/><D116/><U19/><E122/><V123/><F38/><W71/><G130/><T124/><D104/><U26/><E126/><V100/><F78/><W36/><G36/><T33/><D124/><U41/><E1/><N who="2" m="11" /><F100/><W45/><G106/><T98/><D134/><N who="2" m="51210" /><F91/><W27/><G34/><T37/><D111/><U0/><E0/><V112/><F125/><W84/><G4/><T67/><D37/><U89/><E41/><V86/><F86/><W52/><G53/><T54/><D40/><U79/><E129/><V57/><F57/><W87/><REACH who="3" step="1"/><G83/><REACH who="3" ten="250,250,250,240" step="2"/><T63/><D55/><U121/><E82/><V103/><F128/><W95/><G95/><T117/><D117/><U115/><E80/><V132/><F132/><W24/><G24/><T113/><D33/><U14/><E26/><V110/><F110/><W15/><AGARI ba="0,1" hai="9,15,17,20,27,31,45,50,52,68,71,84,85,87" machi="15" ten="30,7900,0" yaku="1,1,0,1,52,1,54,1,53,0" doraHai="6" doraHaiUra="127" who="3" fromWho="3" sc="250,-39,250,-20,250,-20,240,89" /><INIT seed="1,0,0,0,4,47" ten="211,230,230,329" oya="1" hai0="14,63,67,59,70,85,36,87,108,5,121,15,97" hai1="124,52,92,126,102,0,8,16,11,3,90,41,81" hai2="79,129,46,88,120,72,107,135,26,49,115,66,133" hai3="51,132,24,29,80,113,21,105,117,131,23,44,37"/><U17/><E102/><V27/><F120/><W96/><G113/><T130/><D36/><U93/><E81/><V119/><F119/><W62/><G117/><T4/><D121/><U54/><E90/><V31/><F107/><W128/><G37/><T100/><D108/><U12/><E12/><N who="0" m="4649" /><D70/><U103/><E103/><V111/><F111/><W109/><G109/><T7/><D130/><N who="3" m="49705" /><G132/><N who="2" m="50761" /><F129/><W77/><G62/><T125/><D125/><U122/><E122/><V10/><F115/><W64/><G64/><T13/><N who="0" m="4657" /><T106/><AGARI ba="0,0" hai="4,5,7,59,63,67,85,87,97,100,106" m="4657" machi="106" ten="40,1500,0" yaku="4,1" doraHai="47" who="0" fromWho="0" sc="211,15,230,-7,230,-4,329,-4" /><INIT seed="2,0,0,3,2,111" ten="226,223,226,325" oya="2" hai0="69,8,120,58,70,0,35,63,25,30,121,44,24" hai1="95,12,110,85,79,86,115,33,14,116,135,125,92" hai2="77,124,34,101,71,107,134,15,108,66,36,2,132" hai3="45,22,60,112,5,21,53,62,19,42,61,40,102"/><V29/><F15/><W128/><G128/><T4/><D44/><U50/><E33/><V27/><F77/><W104/><G104/><T122/><REACH who="0" step="1"/><D25/><REACH who="0" ten="216,223,226,325" step="2"/><U80/><E110/><V130/><F108/><W117/><G45/><T103/><D103/><U39/><E39/><V55/><F130/><W38/><G102/><T51/><D51/><U6/><E50/><V11/><F36/><W43/><G38/><T129/><D129/><U131/><E131/><V41/><F41/><W100/><G40/><T90/><D90/><U48/><E48/><V109/><F109/><W96/><G100/><T10/><D10/><U75/><E125/><V59/><F124/><W93/><G42/><T56/><D56/><U83/><E135/><V82/><F134/><W72/><G43/><T98/><D98/><U87/><E116/><V9/><F132/><W123/><G96/><T76/><D76/><U37/><E37/><V1/><F11/><W89/><G117/><T64/><AGARI ba="0,1" hai="0,4,8,24,30,35,58,63,64,69,70,120,121,122" machi="64" ten="30,2000,0" yaku="1,1,0,1,53,0" doraHai="111" doraHaiUra="78" who="0" fromWho="0" sc="216,30,223,-5,226,-10,325,-5" /><INIT seed="3,0,0,0,1,91" ten="246,218,216,320" oya="3" hai0="115,27,29,67,28,10,61,92,118,62,101,45,82" hai1="25,120,37,7,78,59,84,88,41,105,16,3,89" hai2="99,81,36,26,125,55,111,93,122,19,116,108,94" hai3="63,32,33,130,9,42,8,0,40,128,2,124,50"/><W49/><G63/><T86/><D118/><U103/><E120/><V110/><F116/><W70/><G70/><T83/><D115/><U52/><E3/><V112/><F112/><W113/><G113/><T95/><D45/><U15/><E105/><V24/><F122/><W73/><G73/><T135/><D135/><U56/><E37/><V43/><F125/><AGARI ba="0,0" hai="0,2,8,9,32,33,40,42,49,50,124,125,128,130" machi="125" ten="25,2400,0" yaku="22,2" doraHai="91" who="3" fromWho="2" sc="246,0,218,0,216,-24,320,24" owari="246,4.6,218,-18.2,192,-30.8,344,44.4" /></mjloggm>