<mjloggm ver="2.3"><GO type="225" lobby="0"/><UN n0="%52%61%69%61%6E%2E" n1="%E3%82%A2%E3%83%A1%E3%82%A2%E3%83%A9%E3%83%AC" n2="%72%65%6E%6B%75%6E" n3="%33%74%72%65%65" dan="16,16,17,16" rate="2055.82,2049.95,2224.79,2088.64" sx="M,M,M,F"/><TAIKYOKU oya="0"/><INIT seed="0,0,0,1,5,104" ten="250,250,250,250" oya="0" hai0="7,88,49,129,52,127,41,83,22,117,63,54,6" hai1="93,38,40,30,96,31,101,132,106,35,44,34,37" hai2="107,18,43,62,3,1,16,80,67,11,82,48,76" hai3="81,42,4,20,71,120,32,12,133,17,56,21,99"/><T79/><D117/><U110/><E110/><V86/><F107/><W10/><G32/><T27/><D129/><U59/><E132/><V15/><F18/><W68/><G133/><T28/><D127/><U51/><E35/><V5/><F5/><W119/><G119/><T61/><D41/><U2/><E2/><V74/><F43/><W90/><G120/><T97/><D79/><U53/><E37/><V125/><F48/><W85/><G42/><T94/><D83/><U111/><E111/><V46/><F46/><W57/><G21/><T60/><REACH who="0" step="1"/><D54/><REACH who="0" ten="240,250,250,250" step="2"/><U50/><E38/><V135/><F125/><W118/><G118/><T87/><D87/><U26/><E53/><V29/><F135/><W100/><G68/><T131/><D131/><U77/><E40/><V112/><F112/><W55/><G71/><T92/><D92/><U102/><E93/><V75/><F75/><W89/><G55/><T126/><D126/><U33/><E77/><V115/><F115/><W47/><G81/><T113/><D113/><U45/><E106/><V95/><F95/><W116/><G85/><T8/><D8/><U0/><E96/><V103/><F80/><W13/><G10/><T9/><D9/><U14/><E45/><AGARI ba="0,1" hai="6,7,22,27,28,45,49,52,60,61,63,88,94,97" machi="45" ten="40,12000,1" yaku="1,1,8,1,54,2,53,0" doraHai="104" doraHaiUra="128" who="0" fromWho="1" sc="240,130,250,-120,250,0,250,0" /><INIT seed="0,1,0,1,4,5" ten="370,130,250,250" oya="0" hai0="64,119,39,11,77,61,106,50,33,41,72,46,104" hai1="38,12,68,13,89,126,29,45,36,24,42,37,40" hai2="35,111,98,134,21,14,63,114,60,108,55,78,3" hai3="83,53,9,94,80,69,93,31,132,135,107,25,4"/><T34/><D119/><U102/><E126/><V91/><F35/><N who="0" m="13322" /><D50/><U18/><E68/><V115/><F3/><N who="3" m="159" /><G107/><T23/><D23/><U101/><E89/><V10/><F78/><W59/><G69/><N who="0" m="42127" /><D11/><U73/><E73/><V66/><F134/><N who="3" m="51243" /><G25/><T131/><D131/><U22/><E13/><V67/><F21/><W88/><G31/><T76/><D76/><U110/><E110/><N who="2" m="42027" /><F55/><W54/><G54/><T85/><D85/><U43/><REACH who="1" step="1"/><E45/><REACH who="1" ten="370,120,250,250" step="2"/><V15/><F15/><W124/><G124/><T71/><D71/><U2/><E2/><V20/><F114/><W92/><G88/><T105/><D77/><U100/><E100/><V84/><F115/><W65/><G65/><T52/><D72/><U112/><E112/><V123/><F66/><W118/><G118/><T129/><D46/><U26/><E26/><V8/><F67/><W95/><N who="3" m="23552" /><DORA hai="109" /><W44/><G44/><T47/><D47/><U81/><E81/><N who="2" m="49551" /><F98/><W86/><G86/><T128/><D41/><U120/><E120/><V75/><F75/><W30/><G83/><T121/><D121/><U87/><E87/><V127/><F123/><W16/><G80/><T82/><D82/><U27/><E27/><V130/><F127/><W116/><G116/><T56/><D128/><U62/><E62/><N who="2" m="23595" /><F130/><W99/><G99/><T1/><D129/><U51/><E51/><V79/><F79/><W97/><G97/><T58/><D1/><U57/><E57/><V122/><F122/><W117/><G117/><T90/><D56/><U96/><E96/><V74/><F74/><W48/><G59/><T19/><D58/><RYUUKYOKU ba="1,1" sc="370,-15,120,15,250,15,250,-15" hai1="12,18,22,24,29,36,37,38,40,42,43,101,102" hai2="8,10,14,20" /><INIT seed="1,2,1,2,2,44" ten="355,135,265,235" oya="1" hai0="62,7,105,109,10,42,29,91,51,113,46,30,100" hai1="75,60,98,13,19,5,67,12,115,39,124,14,92" hai2="86,94,65,31,72,89,93,45,76,56,20,104,114" hai3="49,80,27,32,6,132,128,122,16,37,54,33,61"/><U120/><E115/><V83/><F104/><W129/><G122/><T1/><D113/><U57/><E124/><V2/><F114/><W125/><G125/><T24/><D100/><U135/><E135/><V18/><F2/><W90/><G37/><T21/><D105/><U23/><E120/><V68/><F68/><W110/><G61/><T82/><D62/><U0/><E39/><V102/><F31/><W123/><G6/><T38/><D109/><U66/><E75/><V81/><F102/><W101/><G101/><T84/><D38/><U134/><E134/><V63/><REACH who="2" step="1"/><F45/><REACH who="2" ten="355,135,255,235" step="2"/><N who="3" m="27951" /><G132/><T64/><D64/><N who="1" m="38927" /><E0/><V99/><F99/><W70/><G70/><T15/><D1/><U130/><E130/><N who="3" m="50282" /><G123/><T117/><D117/><U103/><E5/><V43/><F43/><W106/><G106/><T121/><D121/><U69/><E69/><V71/><F71/><W119/><G119/><T59/><D59/><U47/><E47/><V111/><F111/><W88/><G110/><T22/><D29/><U87/><E87/><V52/><F52/><W17/><G90/><T50/><D30/><U58/><E58/><V35/><F35/><W107/><G107/><T55/><D91/><U95/><E67/><V48/><F48/><W26/><G33/><T40/><D50/><U36/><E36/><V133/><F133/><W28/><G28/><T96/><D96/><N who="1" m="59783" /><E66/><V77/><F77/><W108/><G108/><T8/><D51/><U41/><E41/><V34/><F34/><W73/><G32/><T126/><D42/><U79/><E79/><V9/><F9/><W127/><G127/><RYUUKYOKU ba="2,2" sc="355,-15,135,15,255,15,235,-15" hai1="12,13,14,19,23,95,98" hai2="18,20,56,63,65,72,76,81,83,86,89,93,94" /><INIT seed="1,3,2,4,3,77" ten="340,150,270,220" oya="1" hai0="12,57,82,89,19,23,39,62,87,41,125,53,69" hai1="94,128,21,91,1,13,90,84,105,86,2,122,119" hai2="110,47,127,83,96,29,17,81,120,44,59,133,46" hai3="51,116,38,65,78,6,131,123,45,20,106,114,40"/><U73/><E119/><V112/><F120/><W15/><G123/><T100/><D39/><U43/><E122/><V25/><F110/><W58/><G114/><T124/><D41/><U98/><E128/><V64/><F112/><W108/><G108/><T7/><D100/><U35/><E35/><V24/><F127/><N who="0" m="48714" /><D7/><U66/><E73/><V92/><F133/><W132/><G132/><T88/><D69/><U50/><E66/><V22/><F59/><W126/><G58/><T70/><D70/><U0/><E105/><V5/><F5/><W28/><G106/><T93/><D89/><U9/><E21/><N who="2" m="13359" /><F64/><W55/><G20/><T129/><D129/><U74/><E74/><V8/><F8/><W115/><G65/><T36/><D36/><U99/><E50/><V117/><F117/><W135/><G51/><T103/><D103/><AGARI ba="3,2" hai="22,25,29,44,46,47,81,83,92,96,103" m="13359" machi="103" ten="30,3900,0" yaku="8,1,52,2" doraHai="77" who="2" fromWho="0" sc="340,-48,150,0,270,68,220,0" /><INIT seed="2,0,0,3,0,28" ten="292,150,338,220" oya="2" hai0="8,132,98,90,38,23,54,25,110,52,71,130,73" hai1="133,107,57,62,60,128,112,43,122,42,45,11,24" hai2="111,1,95,127,53,22,10,118,56,87,4,2,96" hai3="27,134,9,86,7,101,58,31,125,0,67,33,15"/><V36/><F118/><W44/><G134/><T65/><D73/><U99/><E133/><V64/><F127/><W76/><G125/><T41/><D132/><U120/><E112/><V19/><F36/><W72/><G101/><T47/><D110/><U135/><E135/><V74/><F74/><W26/><G72/><T59/><D130/><U30/><E128/><V92/><F111/><W13/><G44/><T49/><D54/><U14/><E107/><V20/><F64/><W34/><G76/><T85/><D8/><U12/><E99/><V105/><F1/><W46/><G86/><T6/><D6/><U131/><E131/><V102/><F87/><W121/><G46/><T97/><D71/><U21/><E12/><N who="3" m="4682" /><G58/><T88/><D65/><U119/><E119/><V50/><REACH who="2" step="1"/><F20/><REACH who="2" ten="292,150,328,220" step="2"/><N who="3" m="15815" /><G67/><T94/><REACH who="0" step="1"/><D90/><REACH who="0" ten="282,150,328,220" step="2"/><U81/><E11/><V55/><F55/><W100/><G9/><T66/><D66/><U104/><E120/><V113/><F113/><W69/><G69/><T115/><D115/><U37/><E122/><V35/><F35/><W108/><G33/><T75/><D75/><U16/><E42/><V109/><F109/><W39/><G34/><T124/><D124/><U89/><E89/><V84/><F84/><W129/><G108/><T126/><D126/><U83/><E43/><V51/><F51/><W61/><G121/><T117/><D117/><U48/><E48/><V103/><F103/><W18/><G100/><T68/><D68/><U77/><E37/><V70/><F70/><W29/><G39/><T32/><D32/><U63/><E21/><V106/><F106/><RYUUKYOKU ba="0,2" sc="282,15,150,-15,328,15,220,-15" hai0="23,25,38,41,47,49,52,59,85,88,94,97,98" hai2="2,4,10,19,22,50,53,56,92,95,96,102,105" /><INIT seed="2,1,2,5,2,84" ten="297,135,343,205" oya="2" hai0="31,75,42,104,62,16,108,69,91,8,36,89,86" hai1="0,127,27,126,58,52,11,28,44,57,53,103,41" hai2="76,123,88,100,122,94,59,99,107,49,132,65,2" hai3="3,85,7,6,125,33,72,37,30,87,5,134,22"/><V18/><F132/><W115/><G134/><T80/><D104/><U129/><E103/><V114/><F114/><W70/><G3/><T96/><D75/><U10/><E129/><V111/><F2/><W128/><G115/><T17/><D31/><U35/><E58/><V60/><F76/><W102/><G128/><T117/><D108/><U25/><E25/><V64/><F111/><W133/><G133/><T135/><D135/><U47/><E53/><V50/><F65/><W9/><G72/><T38/><D42/><U21/><E35/><V13/><F122/><W67/><G33/><T116/><D62/><U90/><E90/><V26/><F26/><W15/><G125/><N who="1" m="47626" /><E0/><V73/><F73/><W131/><G131/><T118/><D69/><U105/><E105/><V113/><F123/><W77/><G102/><T124/><D124/><U46/><E41/><V110/><F113/><W66/><G70/><T54/><D54/><U4/><E4/><V43/><F43/><W39/><G5/><T130/><D130/><U12/><E12/><V101/><F110/><W106/><G6/><T93/><D8/><U71/><E71/><V24/><F24/><N who="3" m="16663" /><G106/><T23/><D17/><U32/><E32/><V55/><F107/><W92/><G67/><T40/><D40/><U68/><E68/><V19/><F19/><W81/><G66/><T45/><D45/><N who="1" m="11523" /><U95/><DORA hai="34" /><E95/><V29/><F29/><W83/><G92/><T78/><D78/><U14/><E14/><AGARI ba="1,2" hai="14,16,23,36,38,80,86,89,91,93,96,116,117,118" machi="14" ten="40,8000,1" yaku="12,1,52,2,54,1" doraHai="84,34" who="0" fromWho="1" sc="297,103,135,-83,343,0,205,0" /><INIT seed="3,0,0,4,2,9" ten="400,52,343,205" oya="3" hai0="113,108,4,115,1,94,99,114,24,13,103,110,23" hai1="133,119,52,59,68,49,67,51,96,95,64,102,132" hai2="55,84,53,72,14,112,34,45,38,11,120,71,78" hai3="104,81,101,79,19,87,22,29,97,82,43,109,18"/><W77/><G109/><N who="0" m="42091" /><D1/><U3/><E3/><V12/><F112/><W124/><G124/><T0/><D0/><U121/><E95/><V44/><F34/><W40/><G29/><N who="0" m="17567" /><D13/><N who="2" m="5226" /><F71/><W65/><G65/><T91/><D4/><U80/><E80/><N who="2" m="47127" /><F72/><W98/><G98/><T2/><D2/><U69/><E96/><V17/><F38/><W128/><G128/><T42/><D42/><U93/><E93/><V5/><F5/><W21/><G22/><T116/><D116/><U61/><E102/><AGARI ba="0,0" hai="91,94,99,102,103,113,114,115" m="17567,42091" machi="102" ten="40,2600,0" yaku="11,1,14,1" doraHai="9" who="0" fromWho="1" sc="400,26,52,-26,343,0,205,0" owari="426,52.6,26,-47.4,343,14.3,205,-19.5" /></mjloggm>