<mjloggm ver="2.3"><GO type="225" lobby="0"/><UN n0="%E9%B3%B3%E6%9D%B1%E3%81%AE%E3%81%BF%E3%81%91%E3%81%AB%E3%82%83%E3%82%93" n1="%E3%82%A2%E3%83%BC%E3%83%A2%E3%83%AD%E3%83%BC%E3%83%B4%E3%82%A1" n2="%E3%81%B5%E3%81%98%E3%81%8B%E3%81%A4" n3="%E5%B8%86%E7%AB%8B%E5%A4%8F%E8%A1%A3" dan="17,16,16,16" rate="2156.36,2167.44,2105.21,2092.88" sx="F,M,M,M"/><TAIKYOKU oya="0"/><INIT seed="0,0,0,3,2,73" ten="250,250,250,250" oya="0" hai0="19,22,14,66,88,92,71,99,80,28,16,85,91" hai1="51,64,32,130,107,2,5,97,36,114,132,110,135" hai2="131,34,115,53,86,29,118,112,98,45,27,87,24" hai3="30,46,7,75,124,9,94,67,113,125,49,90,76"/><T100/><D71/><U104/><E110/><V52/><F118/><W108/><G113/><T121/><D121/><U129/><E114/><V8/><F131/><N who="1" m="50185" /><E36/><V74/><F74/><W56/><G30/><T39/><D39/><U44/><E32/><V10/><F98/><W84/><G108/><T54/><D66/><U41/><E64/><V134/><F34/><W120/><G120/><T1/><D1/><U122/><E122/><V93/><F29/><W3/><G56/><T15/><D28/><U106/><E97/><V60/><F93/><W68/><G67/><T81/><D54/><U89/><E89/><V43/><F134/><N who="1" m="51241" /><E5/><V82/><F82/><W18/><G68/><T40/><D40/><U117/><E2/><V50/><F43/><W11/><G7/><T72/><D72/><U38/><E38/><V126/><F115/><W78/><G3/><T116/><D116/><AGARI ba="0,0" hai="41,44,51,104,106,107,116,117" m="51241,50185" machi="116" ten="40,2600,0" yaku="19,1,20,1" doraHai="73" who="1" fromWho="0" sc="250,-26,250,26,250,0,250,0" /><INIT seed="1,0,0,3,5,74" ten="224,276,250,250" oya="1" hai0="69,72,115,11,135,63,86,85,108,19,127,116,73" hai1="119,87,96,99,101,84,0,110,56,29,104,60,35" hai2="36,46,45,50,13,39,1,77,58,112,38,17,7" hai3="67,23,53,118,92,75,34,59,123,98,131,55,42"/><U64/><E119/><V20/><F112/><W65/><G123/><T33/><D33/><U111/><E0/><V10/><F58/><W90/><G34/><T4/><D115/><U109/><REACH who="1" step="1"/><E99/><REACH who="1" ten="224,266,250,250" step="2"/><V124/><F124/><W57/><G118/><T26/><D116/><U114/><E114/><V43/><REACH who="2" step="1"/><F77/><REACH who="2" ten="224,266,240,250" step="2"/><W32/><G131/><T91/><D127/><U106/><E106/><V105/><F105/><W94/><G67/><T71/><D135/><U9/><E9/><V89/><F89/><W27/><G65/><T70/><D91/><U14/><E14/><V31/><F31/><W44/><G90/><T97/><D11/><U68/><E68/><V51/><F51/><W37/><G37/><T120/><D70/><U103/><E103/><V121/><F121/><W133/><G133/><T76/><D71/><U41/><E41/><AGARI ba="0,2" hai="1,7,10,13,17,20,36,38,39,41,43,45,46,50" machi="41" ten="30,2000,0" yaku="1,1,7,1,53,0" doraHai="74" doraHaiUra="22" who="2" fromWho="1" sc="224,0,266,-20,240,40,250,0" /><INIT seed="2,0,0,0,2,52" ten="224,246,280,250" oya="2" hai0="102,23,40,127,73,132,27,65,20,116,21,113,109" hai1="80,135,98,53,75,129,128,119,26,70,123,117,60" hai2="88,36,31,124,79,8,61,47,18,0,19,9,42" hai3="74,77,130,81,45,57,39,83,72,90,1,107,12"/><V2/><F124/><W76/><G130/><N who="1" m="50282" /><E135/><V78/><F31/><W16/><G107/><T86/><D113/><U25/><E123/><V115/><F115/><W106/><G106/><T82/><D73/><U100/><E80/><V58/><F88/><W92/><G1/><T68/><D132/><U33/><E75/><V118/><F118/><N who="1" m="45065" /><E33/><V122/><F122/><W71/><G71/><T105/><D116/><U44/><E44/><V103/><F103/><W22/><G45/><T17/><D127/><U87/><E87/><V63/><F2/><W28/><G28/><T93/><D105/><N who="1" m="63639" /><E70/><V91/><F8/><W89/><G39/><T111/><D40/><U94/><E94/><V110/><F9/><W11/><G11/><T6/><D6/><U5/><E5/><V29/><F0/><W133/><G133/><T35/><D35/><U120/><E120/><V108/><F91/><W24/><G92/><T56/><D68/><U43/><E43/><V46/><F42/><W112/><G112/><T48/><D93/><U125/><E125/><V51/><F36/><W13/><G90/><N who="0" m="51543" /><D102/><U95/><E95/><V85/><F85/><W96/><G89/><T126/><D126/><U54/><E54/><V64/><F47/><W69/><G69/><T59/><D23/><U99/><E99/><V49/><F46/><W30/><G96/><T38/><D21/><U34/><E34/><V7/><F7/><W14/><G30/><T131/><D131/><U66/><E66/><V84/><F29/><W134/><G134/><T121/><D121/><U62/><E53/><V32/><F64/><RYUUKYOKU ba="0,0" sc="224,-15,246,15,280,-15,250,15" hai1="25,26,60,62" hai3="12,13,14,16,22,24,57,72,74,76,77,81,83" /><INIT seed="3,1,0,1,0,10" ten="209,261,265,265" oya="3" hai0="129,64,124,108,101,19,43,46,63,135,84,7,115" hai1="32,35,116,13,67,51,82,76,48,0,52,57,102" hai2="114,12,25,127,106,130,94,92,20,5,2,111,39" hai3="87,112,95,134,113,31,37,54,41,40,74,26,80"/><W83/><G134/><T73/><D73/><U17/><E0/><V42/><F114/><W90/><G113/><T85/><D115/><U123/><E123/><V21/><F106/><W118/><G118/><T97/><D135/><U69/><E116/><V88/><F127/><W99/><G112/><T15/><D124/><U27/><E102/><V38/><F111/><W49/><G74/><T8/><D108/><U131/><E131/><V28/><F2/><W72/><G72/><T59/><D129/><U104/><E104/><V91/><F42/><W71/><G71/><T23/><D97/><U45/><E27/><V50/><F50/><W109/><G83/><T66/><D66/><U29/><E29/><V33/><F130/><W47/><G37/><T34/><D34/><U110/><E69/><V30/><F5/><W44/><G44/><T89/><D101/><U68/><E68/><V9/><F33/><W1/><G1/><T61/><D61/><U107/><E107/><V128/><F128/><W16/><G109/><T117/><D89/><N who="2" m="34378" /><F38/><W132/><G132/><T75/><D75/><N who="1" m="43295" /><E51/><V18/><F39/><W96/><G31/><T65/><D65/><U126/><E126/><V98/><F98/><N who="3" m="37419" /><G80/><T3/><REACH who="0" step="1"/><D117/><REACH who="0" ten="199,261,265,265" step="2"/><U53/><E110/><V81/><F81/><W78/><G78/><T60/><D60/><N who="1" m="35879" /><E67/><V103/><F103/><W119/><G119/><T11/><D11/><N who="1" m="6335" /><E32/><V22/><F9/><W36/><G36/><AGARI ba="1,1" hai="3,7,8,15,19,23,36,43,46,59,63,64,84,85" machi="36" ten="30,3900,0" yaku="1,1,7,1,52,1,53,0" doraHai="10" doraHaiUra="120" who="0" fromWho="3" sc="199,52,261,0,265,0,265,-42" /><INIT seed="4,0,0,1,4,76" ten="251,261,265,223" oya="0" hai0="32,131,115,25,126,24,129,19,109,9,80,12,105" hai1="40,4,0,65,22,10,47,102,67,8,6,52,90" hai2="27,85,87,30,79,45,64,92,54,63,58,26,117" hai3="82,119,86,89,16,23,56,97,122,84,14,111,112"/><T132/><D105/><U31/><E102/><V98/><F117/><W83/><G111/><T77/><D109/><U61/><E90/><V113/><F113/><W43/><G119/><T78/><D115/><U100/><E100/><V41/><F27/><N who="0" m="10314" /><D32/><U73/><E22/><N who="2" m="15703" /><F79/><N who="0" m="30218" /><D132/><U21/><E21/><V130/><F130/><N who="0" m="49674" /><D126/><U62/><E31/><V108/><F108/><W103/><G112/><T46/><D46/><U57/><E73/><V53/><F41/><W39/><G122/><T124/><D124/><U71/><E62/><V37/><F37/><W50/><G39/><T48/><D48/><U114/><E71/><V91/><F45/><N who="3" m="25919" /><G56/><T116/><D116/><U7/><E114/><V110/><F110/><W66/><G66/><T133/><D133/><U123/><E123/><V33/><F33/><W13/><G103/><T121/><D121/><U88/><E65/><V93/><F64/><W28/><G28/><T17/><D17/><U44/><E67/><V134/><F134/><W36/><G36/><T29/><D29/><U3/><E44/><V104/><F104/><W74/><G74/><T72/><D72/><U42/><E47/><V38/><F38/><W118/><G118/><T35/><D35/><U20/><E40/><V15/><F63/><W5/><G5/><T95/><D95/><U60/><E7/><V125/><F125/><W101/><G101/><T2/><D2/><U75/><E42/><V128/><F128/><W59/><G59/><T94/><D94/><U135/><E135/><V69/><F58/><W127/><G127/><T81/><AGARI ba="0,0" hai="9,12,19,80,81" m="49674,30218,10314" machi="81" ten="40,7800,0" yaku="19,1,52,2" doraHai="76" who="0" fromWho="0" sc="251,78,261,-26,265,-26,223,-26" owari="329,42.9,235,-16.5,239,3.9,197,-30.3" /></mjloggm>