<mjloggm ver="2.3"><GO type="225" lobby="0"/><UN n0="%E3%83%B4%E3%83%A0%EF%BC%99%E3%81%A6" n1="%E6%98%93%E5%88%A9%E8%96%A9%E4%BC%AF" n2="%E7%89%B9%E6%9D%B1%E3%81%AF%E4%B8%96%E7%95%8C%E3%82%92%E6%95%91%E3%81%86" n3="%E3%81%8F%E3%82%8A%E3%83%94%E3%83%BC" dan="17,16,16,16" rate="2162.00,2161.10,2117.15,2090.05" sx="M,F,M,M"/><TAIKYOKU oya="0"/><INIT seed="0,0,0,4,1,103" ten="250,250,250,250" oya="0" hai0="43,9,78,19,96,79,67,36,76,10,134,123,60" hai1="93,12,122,129,88,68,120,111,115,100,130,61,113" hai2="114,3,20,24,39,66,46,112,6,85,94,37,0" hai3="49,1,14,73,126,8,53,108,11,26,116,63,86"/><T48/><D123/><N who="1" m="47147" /><E68/><V2/><F66/><W64/><G116/><T127/><D36/><U17/><E61/><V77/><F6/><W110/><G73/><T70/><D127/><U118/><E118/><V135/><F135/><W125/><G86/><T30/><D134/><U50/><E50/><V83/><F94/><W132/><G26/><T75/><D75/><U95/><E111/><N who="3" m="42538" /><G1/><T131/><D131/><N who="1" m="50187" /><E17/><V107/><F39/><W22/><G22/><T65/><D65/><U35/><E35/><V98/><F37/><W121/><G132/><T102/><D30/><U41/><E41/><V18/><REACH who="2" step="1"/><F46/><REACH who="2" ten="250,250,240,250" step="2"/><W105/><G121/><T55/><D67/><U89/><E100/><AGARI ba="0,1" hai="0,2,3,18,20,24,77,83,85,98,100,107,112,114" machi="100" ten="40,5200,0" yaku="1,1,2,1,52,1,53,0" doraHai="103" doraHaiUra="51" who="2" fromWho="1" sc="250,0,250,-52,240,62,250,0" /><INIT seed="1,0,0,5,3,46" ten="250,198,302,250" oya="1" hai0="14,36,15,86,8,61,107,130,102,49,100,37,43" hai1="33,35,126,69,98,120,7,17,124,132,95,10,116" hai2="38,134,114,11,27,50,26,9,12,117,52,39,125" hai3="127,131,79,66,91,119,72,41,45,32,113,58,83"/><U60/><E69/><V118/><F134/><W21/><G113/><T28/><D130/><U44/><E60/><V94/><F114/><W76/><G32/><N who="1" m="12362" /><E95/><V92/><F12/><W97/><G79/><T112/><D112/><U40/><E98/><V57/><F125/><N who="1" m="48233" /><E116/><V6/><F6/><W121/><G131/><T82/><D61/><U110/><E120/><V34/><F34/><W20/><G58/><T104/><D86/><U101/><E101/><V24/><F24/><W25/><G66/><T4/><D43/><U62/><E62/><V51/><F57/><W81/><G25/><T115/><D115/><U123/><E123/><V68/><F52/><W67/><G67/><T48/><D4/><U77/><E77/><V53/><F53/><W88/><G119/><T106/><D106/><U99/><E99/><V128/><F128/><W19/><G121/><T63/><D63/><U73/><E73/><V96/><F96/><W133/><G76/><T56/><D56/><U89/><E89/><V90/><F90/><W111/><G88/><T5/><D5/><U109/><E17/><V30/><F30/><W87/><G19/><T93/><D93/><U105/><E105/><V59/><F59/><W55/><G91/><T65/><D65/><U29/><E29/><V54/><F54/><W103/><G55/><T80/><D28/><U3/><E132/><V74/><F74/><W31/><G72/><T0/><D8/><U42/><E42/><V122/><F122/><W108/><G133/><T47/><D47/><U75/><E75/><V85/><F85/><W16/><G127/><RYUUKYOKU ba="0,0" sc="250,10,198,10,302,10,250,-30" hai0="0,14,15,36,37,48,49,80,82,100,102,104,107" hai1="3,7,10,40,44,109,110" hai2="9,11,26,27,38,39,50,51,68,92,94,117,118" /><INIT seed="1,1,0,1,3,13" ten="260,208,312,220" oya="1" hai0="61,80,5,83,124,32,34,51,105,134,15,36,100" hai1="108,68,94,7,131,18,63,52,64,81,73,11,127" hai2="90,115,96,66,8,14,112,19,101,75,59,103,1" hai3="78,56,132,97,126,79,70,54,87,120,114,58,9"/><U20/><E131/><V53/><F75/><W55/><G70/><T26/><D36/><U113/><E113/><N who="2" m="43595" /><F66/><W10/><G120/><T89/><D124/><U121/><E121/><V29/><F29/><W118/><G132/><T99/><D134/><U60/><E127/><V116/><F116/><W0/><G118/><T91/><D51/><U35/><E35/><V50/><F1/><W67/><G126/><T43/><D43/><U92/><E108/><V109/><F109/><W17/><G0/><T117/><D117/><U129/><E129/><V110/><F110/><W46/><G97/><T6/><D6/><U135/><E135/><V93/><AGARI ba="1,0" hai="8,14,19,50,53,59,90,93,96,101,103" m="43595" machi="93" ten="30,2000,0" yaku="11,1,52,1" doraHai="13" who="2" fromWho="2" sc="260,-6,208,-11,312,23,220,-6" /><INIT seed="2,0,0,3,0,16" ten="254,197,335,214" oya="2" hai0="130,28,81,61,75,18,6,94,12,33,112,35,71" hai1="24,80,134,111,25,47,30,127,32,105,19,49,86" hai2="42,133,48,37,92,82,122,36,3,57,113,43,98" hai3="58,114,34,55,20,116,128,41,15,73,60,110,63"/><V13/><F3/><W83/><G34/><T2/><D112/><U100/><E111/><V69/><F69/><W102/><G116/><T8/><D130/><U39/><E39/><V65/><F113/><W99/><G110/><T78/><D94/><U10/><E127/><V126/><F122/><W91/><G128/><T66/><REACH who="0" step="1"/><D28/><REACH who="0" ten="244,197,335,214" step="2"/><U1/><E30/><V103/><F92/><W11/><G114/><T79/><D79/><U38/><E105/><V124/><F126/><W115/><G115/><T22/><AGARI ba="0,1" hai="2,6,8,12,18,22,33,35,61,66,71,75,78,81" machi="22" ten="20,5200,0" yaku="1,1,0,1,7,1,52,1,53,0" doraHai="16" doraHaiUra="40" who="0" fromWho="0" sc="244,62,197,-13,335,-26,214,-13" /><INIT seed="3,0,0,2,2,109" ten="306,184,309,201" oya="3" hai0="108,81,115,48,12,41,23,15,84,43,107,130,61" hai1="79,77,118,0,95,34,42,66,104,3,129,57,45" hai2="103,99,135,113,10,62,51,132,54,86,32,105,30" hai3="53,17,63,134,90,83,59,39,13,6,131,70,82"/><W74/><G134/><N who="2" m="51241" /><F113/><W78/><G131/><T93/><D107/><U128/><E104/><V36/><F36/><W126/><G126/><T29/><D108/><U4/><E34/><V40/><F86/><W44/><G6/><T71/><D71/><U76/><E118/><V112/><F112/><W49/><G70/><T26/><D115/><U67/><E4/><V119/><F119/><W72/><G39/><T27/><D130/><N who="1" m="50283" /><E57/><N who="2" m="35127" /><F10/><W33/><G33/><T75/><D75/><U122/><E122/><V120/><F120/><W102/><G102/><T58/><D27/><U38/><E95/><V21/><F32/><W96/><G96/><T25/><D93/><U35/><E35/><V31/><F21/><W46/><G74/><T123/><D26/><U89/><E89/><V50/><F40/><N who="0" m="15434" /><D48/><AGARI ba="0,0" hai="30,31,48,50,51,99,103,105" m="35127,51241" machi="48" ten="30,1000,0" yaku="20,1" doraHai="109" who="2" fromWho="0" sc="306,-10,184,0,309,10,201,0" owari="296,9.6,184,-31.6,319,41.9,201,-19.9" /></mjloggm>