<mjloggm ver="2.3"><GO type="225" lobby="0"/><UN n0="%E3%83%8F%E3%83%B3%E3%83%89%E3%83%A9%E3%83%BC%E3%83%BB%E3%83%AF%E3%83%B3" n1="%E3%83%81%E3%83%AF%E3%83%AF%E9%9A%8A%E9%95%B7" n2="%33%74%72%65%65" n3="%6D%75%75%73%61%6E%6D%75" dan="17,17,16,16" rate="2193.50,2143.22,2155.10,2129.87" sx="M,M,F,F"/><TAIKYOKU oya="0"/><INIT seed="0,0,0,5,4,49" ten="250,250,250,250" oya="0" hai0="78,88,104,16,45,100,127,18,17,6,128,85,134" hai1="43,97,135,35,120,80,121,90,63,72,2,15,40" hai2="0,11,8,89,92,103,55,70,94,62,7,79,30" hai3="10,33,53,84,48,34,109,41,38,24,86,126,25"/><T36/><D128/><U131/><E2/><V113/><F113/><W83/><G109/><T129/><D129/><U20/><E131/><V21/><F79/><W51/><G126/><T29/><D127/><U123/><E35/><V91/><F8/><W52/><G38/><T124/><D124/><U101/><E135/><V23/><F103/><W27/><G10/><T122/><D122/><U75/><E75/><V68/><F68/><W107/><G107/><T105/><D78/><U1/><E1/><V106/><F106/><W132/><G132/><T26/><D6/><U112/><E112/><V59/><F70/><W47/><G41/><T130/><D134/><U46/><E72/><V96/><REACH who="2" step="1"/><F30/><REACH who="2" ten="250,250,240,250" step="2"/><W5/><G5/><T98/><D130/><U64/><E120/><V116/><F116/><W60/><G60/><T77/><D77/><U4/><E121/><V73/><F73/><W54/><G48/><T39/><D105/><U69/><E123/><V81/><F81/><W9/><G9/><T32/><REACH who="0" step="1"/><D45/><REACH who="0" ten="240,250,240,250" step="2"/><U13/><E46/><V28/><F28/><W22/><G47/><T66/><D66/><U102/><E64/><V115/><F115/><W14/><G83/><AGARI ba="0,2" hai="16,17,18,26,29,32,36,39,83,85,88,98,100,104" machi="83" ten="40,7700,0" yaku="1,1,54,2,53,0" doraHai="49" doraHaiUra="118" who="0" fromWho="3" sc="240,97,250,0,240,0,250,-77" /><INIT seed="0,1,0,3,0,54" ten="337,250,240,173" oya="0" hai0="5,84,52,78,130,114,41,34,9,123,36,44,121" hai1="7,38,109,105,17,106,64,71,107,118,88,1,21" hai2="55,133,15,58,111,131,79,37,50,16,14,39,45" hai3="95,61,73,67,18,108,96,22,28,83,72,20,104"/><T30/><D114/><U110/><E118/><V119/><F119/><W120/><G108/><N who="1" m="41578" /><E38/><V48/><F111/><W8/><G104/><T31/><D130/><U134/><E134/><V43/><F131/><W29/><G120/><T124/><D124/><U23/><E17/><V103/><F133/><W125/><G125/><T94/><D34/><U87/><E7/><V85/><F103/><W77/><G72/><T65/><D65/><U4/><E4/><V117/><F14/><W11/><G29/><T122/><D94/><N who="1" m="54559" /><E1/><V57/><F117/><W116/><G22/><T3/><D84/><U0/><E0/><V33/><F33/><W27/><G18/><T92/><D92/><U42/><E42/><V51/><F39/><W129/><G116/><T10/><D78/><U69/><E64/><V98/><F98/><W99/><G99/><T60/><REACH who="0" step="1"/><D10/><REACH who="0" ten="327,250,240,173" step="2"/><U93/><E93/><V12/><F79/><W49/><G129/><T102/><D102/><U26/><E26/><V62/><F85/><W76/><G76/><T112/><D112/><U68/><AGARI ba="1,1" hai="21,23,68,69,71,105,106,107" m="54559,41578" machi="68" ten="50,3200,0" yaku="14,1,54,1" doraHai="54" who="1" fromWho="1" sc="327,-17,250,45,240,-9,173,-9" /><INIT seed="1,0,0,3,2,90" ten="310,295,231,164" oya="1" hai0="63,49,56,44,37,79,25,48,96,67,61,125,105" hai1="131,120,43,23,70,16,124,3,133,103,12,9,77" hai2="29,134,81,86,14,2,52,36,51,4,95,6,87" hai3="57,54,118,47,121,127,112,46,18,75,85,65,30"/><U22/><E120/><V31/><F36/><W53/><G121/><T135/><D135/><U101/><E70/><V55/><F134/><W111/><G75/><T27/><D37/><U71/><E133/><V60/><F2/><W108/><G112/><T132/><D132/><U58/><E71/><V114/><F114/><W106/><G30/><N who="2" m="11273" /><F14/><W80/><G106/><T26/><D125/><U83/><E124/><V66/><F66/><W104/><G18/><T39/><D39/><U64/><E131/><V119/><F119/><W24/><G24/><T94/><D105/><U122/><E43/><V15/><F15/><W93/><G104/><T69/><D79/><U33/><E33/><V62/><F95/><W99/><G127/><T28/><D44/><N who="3" m="16937" /><G65/><T126/><D28/><U35/><E35/><V97/><F55/><W38/><G38/><T129/><D129/><U7/><E122/><V107/><F107/><W84/><G118/><T76/><D126/><U41/><E41/><V34/><F52/><N who="3" m="20075" /><G57/><T92/><D69/><U109/><E58/><V72/><F72/><W19/><G19/><T17/><D17/><U0/><E64/><V117/><F117/><W74/><G74/><T113/><D113/><U128/><E128/><V5/><F34/><W88/><G80/><T45/><D56/><U89/><E83/><V20/><F81/><W32/><G32/><T50/><D67/><U110/><E16/><V40/><F40/><W130/><G130/><T68/><D68/><U13/><E0/><V116/><F116/><W59/><G59/><T8/><D27/><U102/><E3/><RYUUKYOKU ba="0,0" sc="310,-10,295,-10,231,-10,164,30" hai3="84,85,88,93,99,108,111" /><INIT seed="2,1,0,2,2,32" ten="300,285,221,194" oya="2" hai0="76,78,33,40,14,132,56,26,42,87,112,122,130" hai1="128,99,35,38,89,79,21,127,81,75,39,86,44" hai2="71,30,11,47,25,17,95,8,121,104,80,123,70" hai3="55,85,28,49,92,94,41,69,82,57,68,133,43"/><V61/><F104/><W12/><G133/><T0/><D0/><U101/><E35/><V97/><F80/><W50/><G28/><T98/><D122/><U90/><E127/><V37/><F8/><W96/><G69/><T48/><D112/><U111/><E128/><V36/><F36/><W73/><G68/><T118/><D33/><U109/><E21/><V119/><F70/><W131/><G73/><T4/><D118/><U135/><E135/><V117/><F121/><W59/><G131/><T107/><D107/><N who="1" m="63935" /><E44/><V46/><F46/><W108/><G108/><N who="1" m="41546" /><E90/><V93/><F47/><W29/><G29/><T134/><D130/><U45/><E45/><V53/><F37/><W103/><G12/><T1/><D14/><U6/><E6/><V19/><F123/><W66/><G94/><AGARI ba="1,0" hai="38,39,75,79,81,86,89,94" m="41546,63935" machi="94" ten="30,2000,0" yaku="24,1,14,1" doraHai="32" who="1" fromWho="3" sc="300,0,285,23,221,0,194,-23" /><INIT seed="3,0,0,1,0,90" ten="300,308,221,171" oya="3" hai0="107,19,128,106,10,51,27,83,75,125,42,49,94" hai1="23,54,67,82,130,16,127,44,77,21,36,96,80" hai2="117,64,60,85,97,38,81,102,79,45,35,133,63" hai3="76,31,2,13,86,65,28,14,56,25,105,116,78"/><W74/><G116/><T89/><D128/><U39/><E130/><V32/><F117/><W100/><G2/><T33/><D125/><U20/><E127/><V58/><F133/><W48/><G74/><T68/><D68/><U22/><E67/><V69/><F45/><W129/><G129/><T66/><D66/><U104/><E80/><V93/><F38/><W112/><G112/><T34/><D107/><U57/><E44/><V103/><F102/><W121/><G121/><T52/><D106/><U122/><E122/><V123/><F123/><W46/><G105/><T109/><D109/><U126/><E126/><V118/><F118/><W4/><G100/><T1/><D42/><U113/><E113/><V7/><F7/><W59/><G86/><T43/><D43/><U110/><E110/><V12/><F12/><N who="3" m="4715" /><G4/><T98/><D1/><U3/><E3/><V15/><F15/><W5/><G5/><T9/><D34/><U30/><E104/><V6/><F6/><W99/><G99/><T0/><D0/><U131/><E96/><V119/><F119/><W37/><G37/><T84/><D75/><N who="1" m="43327" /><E131/><V71/><F71/><W55/><G65/><AGARI ba="0,0" hai="32,35,58,60,63,64,65,69,79,81,85,93,97,103" machi="65" ten="30,2000,0" yaku="7,1,52,1" doraHai="90" who="2" fromWho="3" sc="300,0,308,0,221,20,171,-20" owari="300,10.0,308,40.8,241,-15.9,151,-34.9" /></mjloggm>