<mjloggm ver="2.3"><GO type="225" lobby="0"/><UN n0="%54%4F%52" n1="%E5%87%BA%E6%B0%B4" n2="%E5%B0%8F%E9%B3%A5%E9%81%8A%E7%B7%B4%E7%84%A1%32%31%E6%AD%B3" n3="%E8%80%81%E6%A5%BD" dan="17,16,16,16" rate="2218.18,2109.92,2181.12,2087.30" sx="M,F,F,M"/><TAIKYOKU oya="0"/><INIT seed="0,0,0,2,2,47" ten="250,250,250,250" oya="0" hai0="59,37,104,120,90,18,78,64,56,10,123,38,69" hai1="9,31,61,77,4,49,124,76,67,21,57,121,0" hai2="54,39,62,125,22,82,12,20,55,107,118,84,135" hai3="2,128,23,83,48,86,102,129,41,45,13,17,50"/><T100/><D78/><U68/><E124/><V72/><F39/><W35/><G35/><T89/><D69/><U113/><E121/><V32/><F32/><W127/><G2/><T115/><D115/><U109/><E109/><V28/><F72/><W11/><G102/><T6/><D18/><U74/><E74/><V19/><F107/><W29/><G127/><T44/><D100/><U91/><E113/><V14/><F118/><W25/><REACH who="3" step="1"/><G50/><REACH who="3" ten="250,250,250,240" step="2"/><T105/><D38/><U26/><REACH who="1" step="1"/><E91/><AGARI ba="0,1" hai="11,13,17,23,25,29,41,45,48,83,86,91,128,129" machi="91" ten="40,8000,1" yaku="1,1,2,1,52,1,53,1" doraHai="47" doraHaiUra="87" who="3" fromWho="1" sc="250,0,250,-80,250,0,240,90" /><INIT seed="1,0,0,5,1,83" ten="250,170,250,330" oya="1" hai0="118,67,116,15,52,94,72,9,93,5,81,29,111" hai1="91,123,25,110,121,26,96,95,42,97,11,127,75" hai2="58,62,85,2,68,49,126,10,46,57,50,44,59" hai3="19,79,92,28,107,73,22,35,130,30,31,21,90"/><U13/><E127/><V54/><F2/><W24/><G107/><T128/><D111/><U70/><E75/><V131/><F10/><W108/><G130/><T88/><D128/><U104/><E70/><V0/><F0/><W84/><G108/><T14/><D67/><U117/><E117/><V51/><F85/><N who="3" m="52303" /><G73/><T71/><D71/><U23/><E110/><V48/><F131/><W80/><G35/><T4/><D29/><U33/><E33/><V102/><F102/><W38/><G38/><T8/><D52/><U6/><E42/><N who="2" m="24599" /><F126/><W129/><G129/><T55/><D55/><U135/><E135/><V99/><F99/><W45/><G45/><T41/><D41/><U7/><E7/><V100/><F100/><W47/><G47/><T120/><D120/><U78/><E78/><V60/><F60/><W36/><G36/><T20/><D20/><AGARI ba="0,0" hai="19,20,21,22,24,28,30,31,79,80,84" m="52303" machi="20" ten="30,3900,0" yaku="8,1,52,2" doraHai="83" who="3" fromWho="0" sc="250,-39,170,0,250,0,330,39" /><INIT seed="2,0,0,5,0,42" ten="211,170,250,369" oya="2" hai0="23,45,67,5,120,32,24,88,61,30,87,123,128" hai1="117,19,54,16,64,65,99,121,114,111,134,53,37" hai2="92,98,51,47,69,15,83,81,66,95,56,108,33" hai3="76,91,49,41,132,28,130,40,127,46,131,52,29"/><V89/><F33/><W18/><G127/><T129/><D5/><U60/><E114/><V85/><F108/><W82/><G91/><T71/><D32/><U55/><E117/><V70/><F15/><W9/><G132/><T77/><D77/><U93/><E111/><V58/><F69/><W25/><G18/><T84/><D84/><U79/><E134/><V1/><F1/><W102/><G102/><T94/><REACH who="0" step="1"/><D45/><REACH who="0" ten="201,170,250,369" step="2"/><U100/><E121/><AGARI ba="0,1" hai="23,24,30,61,67,71,87,88,94,120,121,123,128,129" machi="121" ten="40,8000,1" yaku="1,1,2,1,54,1,53,1" doraHai="42" doraHaiUra="57" who="0" fromWho="1" sc="201,90,170,-80,250,0,369,0" /><INIT seed="3,0,0,4,5,85" ten="291,90,250,369" oya="3" hai0="34,77,108,46,39,73,67,107,88,48,31,117,18" hai1="25,35,45,91,51,42,82,130,28,63,40,60,21" hai2="11,30,110,109,53,32,72,124,127,123,90,8,66" hai3="62,99,61,119,16,29,74,129,15,112,69,96,5"/><W55/><G112/><T95/><D117/><U44/><E130/><V59/><F66/><W106/><G74/><T116/><D116/><U64/><E35/><V19/><F72/><W12/><G119/><T98/><D108/><N who="2" m="41578" /><F30/><W58/><G29/><T70/><D39/><U43/><E64/><V22/><F32/><W131/><G12/><T105/><D18/><U1/><E1/><V23/><F53/><N who="3" m="33999" /><G5/><T71/><D77/><U134/><E134/><V84/><F59/><N who="3" m="35199" /><G69/><T103/><D73/><U126/><E126/><N who="2" m="48171" /><F123/><W56/><G56/><T114/><D114/><U122/><E122/><V7/><F19/><W75/><G106/><T128/><D128/><N who="3" m="49225" /><G75/><T41/><D67/><U9/><E9/><AGARI ba="0,0" hai="9,15,16,96,99" m="49225,35199,33999" machi="9" ten="30,2900,0" yaku="19,1,54,1" doraHai="85" who="3" fromWho="1" sc="291,0,90,-29,250,0,369,29" owari="291,9.1,61,-43.9,250,-15.0,398,49.8" /></mjloggm>