<mjloggm ver="2.3"><GO type="225" lobby="0"/><UN n0="%28%EF%BF%A3%E2%96%BD%EF%BF%A3%29%CE%B4%E2%8C%92%E3%83%BB" n1="%E3%82%B3%E3%83%90%E3%83%AC%E3%82%A4" n2="%E4%BA%95%E5%B8%AF" n3="%E6%9D%B1%E9%A2%A8%E3%81%AE%E3%81%8D%E3%82%83%E3%81%B7%E3%81%95%E3%82%93" dan="16,16,16,17" rate="2139.30,2087.84,2039.91,2157.64" sx="M,M,M,M"/><TAIKYOKU oya="0"/><INIT seed="0,0,0,0,3,40" ten="250,250,250,250" oya="0" hai0="35,0,108,27,46,7,71,81,93,11,32,4,91" hai1="36,42,66,2,52,58,116,3,5,85,14,131,15" hai2="16,33,37,101,38,78,1,100,30,74,86,21,59" hai3="61,19,18,109,6,120,118,117,124,57,119,56,128"/><T111/><D71/><U23/><E116/><V63/><F74/><W83/><G120/><T133/><D133/><U113/><E131/><V97/><F1/><W69/><G128/><T80/><D7/><U64/><E3/><V79/><F33/><N who="0" m="12874" /><D27/><U87/><E2/><V95/><F30/><W26/><G6/><T125/><D125/><U65/><E42/><V31/><F31/><W25/><G124/><T110/><D46/><U127/><E36/><V12/><F101/><W53/><G69/><T102/><D102/><U29/><E127/><V126/><F126/><W129/><G129/><T24/><D24/><N who="1" m="16543" /><E113/><V82/><REACH who="2" step="1"/><F78/><REACH who="2" ten="250,250,240,250" step="2"/><W122/><G119/><T123/><D123/><U103/><E103/><V105/><F105/><W49/><G122/><T9/><D9/><N who="1" m="4399" /><E15/><V84/><F84/><AGARI ba="0,1" hai="0,4,11,80,81,84,91,93,108,110,111" m="12874" machi="84" ten="40,3900,0" yaku="14,1,10,1" doraHai="40" who="0" fromWho="2" sc="250,49,250,0,240,-39,250,0" /><INIT seed="0,1,0,0,2,122" ten="299,250,201,250" oya="0" hai0="64,7,118,107,40,120,30,54,100,1,114,90,50" hai1="99,13,33,55,104,108,38,9,22,16,10,119,71" hai2="66,39,19,101,110,2,76,20,29,24,25,43,96" hai3="45,52,102,127,117,21,0,35,58,78,36,49,67"/><T132/><D120/><U51/><E38/><V81/><F2/><W89/><G35/><T34/><D118/><U65/><E119/><V92/><F66/><W48/><G0/><T63/><D114/><U98/><E33/><V31/><F110/><W18/><G36/><T95/><D40/><U112/><E112/><V113/><F113/><W69/><G127/><T97/><D132/><U133/><E133/><V73/><F39/><W106/><G117/><T37/><D37/><U11/><E104/><V68/><F43/><W116/><G116/><T123/><D123/><U28/><E108/><V91/><F68/><W88/><G78/><T128/><D128/><U32/><E32/><V94/><REACH who="2" step="1"/><F25/><REACH who="2" ten="299,250,191,250" step="2"/><W17/><G69/><T103/><D64/><U3/><E3/><V41/><F41/><W12/><G67/><T130/><D1/><U131/><E131/><V115/><F115/><W8/><G106/><T109/><D107/><U105/><E105/><V27/><F27/><N who="3" m="14767" /><G102/><T74/><D103/><U111/><E111/><V86/><AGARI ba="1,1" hai="19,20,24,29,31,73,76,81,86,91,92,94,96,101" machi="86" ten="20,2700,0" yaku="1,1,0,1,7,1,53,0" doraHai="122" doraHaiUra="59" who="2" fromWho="2" sc="299,-14,250,-8,191,40,250,-8" /><INIT seed="1,0,0,0,5,103" ten="285,242,231,242" oya="1" hai0="60,132,121,124,91,30,135,70,69,52,41,129,80" hai1="82,102,113,20,47,101,81,107,34,85,112,71,119" hai2="88,37,74,55,127,77,76,84,7,111,134,94,23" hai3="25,35,116,21,83,1,87,18,46,73,122,36,67"/><U106/><E71/><N who="0" m="27145" /><D30/><U9/><E34/><V92/><F111/><W38/><G122/><T89/><D80/><N who="1" m="30827" /><E9/><V56/><F127/><W61/><G73/><T110/><D110/><U31/><E47/><V4/><F134/><N who="0" m="51242" /><D124/><U104/><E20/><V105/><F37/><W19/><G116/><T42/><D129/><U95/><E31/><V98/><F23/><W97/><G35/><T109/><D109/><U120/><E119/><V64/><F64/><W115/><G115/><N who="1" m="44106" /><E120/><V5/><F105/><W68/><G1/><T13/><D13/><U65/><E65/><V117/><F74/><W11/><G97/><T44/><D121/><U114/><E114/><V86/><F117/><W51/><G11/><T72/><D72/><U63/><E63/><N who="2" m="36255" /><F84/><W3/><G3/><T66/><D52/><U96/><E85/><V16/><F16/><W15/><G15/><T48/><D42/><U50/><E50/><V39/><F39/><W14/><G14/><T0/><D0/><U45/><E45/><V78/><F78/><W99/><G18/><T75/><D75/><U126/><E126/><V59/><F59/><AGARI ba="0,0" hai="41,44,48,59,60,66,89,91" m="51242,27145" machi="59" ten="30,1000,0" yaku="20,1" doraHai="103" who="0" fromWho="2" sc="285,10,242,0,231,-10,242,0" /><INIT seed="2,0,0,2,2,124" ten="295,242,221,242" oya="2" hai0="96,91,31,37,111,24,17,135,59,22,23,105,43" hai1="80,20,117,63,99,38,73,64,41,7,110,46,116" hai2="77,12,125,132,45,134,131,53,14,85,69,118,90" hai3="106,127,107,52,115,9,74,122,34,83,8,126,25"/><V102/><F118/><W58/><G122/><T57/><D111/><U121/><E121/><V47/><F69/><W33/><G115/><T28/><D135/><N who="2" m="51754" /><F125/><N who="3" m="47627" /><G83/><T75/><D75/><U128/><E110/><V114/><F114/><W54/><G74/><T44/><D31/><U70/><E20/><V86/><F102/><W82/><G82/><T101/><REACH who="0" step="1"/><D91/><REACH who="0" ten="285,242,221,242" step="2"/><U4/><E117/><V120/><F120/><W56/><G33/><T104/><D104/><U87/><E73/><V49/><F77/><W67/><G107/><T100/><D100/><U0/><E116/><V26/><F131/><W119/><G106/><T36/><D36/><U29/><E128/><V98/><F26/><AGARI ba="0,1" hai="17,22,23,24,26,28,37,43,44,57,59,96,101,105" machi="26" ten="30,2000,0" yaku="1,1,7,1,53,0" doraHai="124" doraHaiUra="61" who="0" fromWho="2" sc="285,30,242,0,221,-20,242,0" /><INIT seed="3,0,0,1,5,116" ten="315,242,201,242" oya="3" hai0="22,31,12,61,80,30,66,9,76,103,118,48,36" hai1="83,107,13,25,92,10,128,1,62,60,3,111,126" hai2="71,130,46,135,23,50,63,51,75,121,89,55,8" hai3="68,70,113,39,19,123,42,87,57,38,110,125,54"/><W58/><G87/><N who="0" m="48519" /><D36/><N who="3" m="13865" /><G19/><N who="0" m="8591" /><D118/><U65/><E107/><V4/><F130/><W7/><G7/><T131/><D131/><U16/><E128/><V43/><F135/><W33/><G33/><T85/><D103/><U17/><E62/><V59/><F75/><W100/><G100/><T90/><D22/><U69/><E126/><V122/><F89/><W78/><G78/><T24/><D24/><U64/><E64/><V132/><F132/><W119/><G119/><T14/><D14/><U29/><E17/><V133/><F133/><W77/><G77/><T49/><D61/><U72/><E92/><V41/><F23/><W15/><G15/><T35/><D66/><U88/><E72/><V82/><F82/><W94/><G94/><N who="0" m="54607" /><D35/><U79/><E79/><V93/><F93/><W120/><G125/><T91/><D91/><U86/><REACH who="1" step="1"/><E111/><REACH who="1" ten="315,232,201,242" step="2"/><V47/><REACH who="2" step="1"/><F71/><REACH who="2" ten="315,232,191,242" step="2"/><W104/><G104/><T28/><AGARI ba="0,2" hai="28,30,31,48,49" m="54607,8591,48519" machi="28" ten="30,1100,0" yaku="8,1" doraHai="116" who="0" fromWho="0" sc="315,31,232,-3,191,-3,242,-5" owari="346,44.6,229,-17.1,188,-31.2,237,3.7" /></mjloggm>