<mjloggm ver="2.3"><GO type="225" lobby="0"/><UN n0="%E6%9D%B1%E9%A2%A8%E3%81%AE%E3%81%8D%E3%82%83%E3%81%B7%E3%81%95%E3%82%93" n1="%4B%2E%32%2E%4B%2E" n2="%E3%81%BE%E3%81%A8%E3%81%9F" n3="%E6%B8%A9%E2%98%85%E6%83%85%E2%98%85%E6%8E%AA%E2%98%85%E7%BD%AE" dan="16,17,16,17" rate="2181.95,2187.16,2166.97,2175.20" sx="M,M,M,M"/><TAIKYOKU oya="0"/><INIT seed="0,0,0,5,0,0" ten="250,250,250,250" oya="0" hai0="95,81,26,28,21,24,119,63,124,52,34,4,18" hai1="51,134,14,92,31,131,78,75,11,36,98,2,29" hai2="111,55,101,47,107,39,43,110,38,22,6,70,33" hai3="60,85,126,115,12,23,20,117,64,41,94,17,108"/><T133/><D119/><U77/><E36/><N who="2" m="21991" /><F33/><W125/><G117/><T83/><D133/><U10/><E134/><V74/><F74/><W9/><G115/><T91/><D124/><N who="3" m="47721" /><G41/><T40/><D40/><U56/><E2/><V49/><F22/><W102/><G108/><N who="2" m="41513" /><F6/><W48/><G48/><T90/><D90/><U120/><E120/><V19/><F19/><W37/><G37/><T100/><D100/><U42/><E131/><V104/><F70/><N who="3" m="42247" /><G85/><T103/><D103/><U105/><E105/><N who="2" m="40523" /><F101/><W114/><G114/><T53/><D4/><U44/><E75/><V121/><F121/><W127/><N who="3" m="47729" /><W113/><DORA hai="5" /><G113/><T69/><D69/><U57/><E31/><V32/><F32/><W27/><G27/><T116/><D116/><U122/><E29/><V82/><F82/><W71/><G71/><T67/><D67/><U130/><E130/><V1/><F1/><W84/><G102/><T59/><REACH who="0" step="1"/><D53/><REACH who="0" ten="240,250,250,250" step="2"/><U13/><E122/><V87/><F87/><AGARI ba="0,1" hai="18,21,24,26,28,34,52,59,63,81,83,87,91,95" machi="87" ten="30,12000,1" yaku="1,1,2,1,7,1,54,1,53,1" doraHai="0,5" doraHaiUra="58,62" who="0" fromWho="2" sc="240,130,250,0,250,-120,250,0" /><INIT seed="0,1,0,4,1,18" ten="370,250,130,250" oya="0" hai0="103,15,22,73,127,92,60,88,100,27,39,87,133" hai1="114,84,131,12,106,55,20,86,66,98,75,118,80" hai2="93,107,82,13,89,96,110,2,43,99,78,79,128" hai3="70,65,115,77,24,97,112,26,35,29,81,31,37"/><T44/><D133/><U19/><E118/><V130/><F2/><W38/><G97/><T28/><D127/><U4/><E131/><N who="2" m="50219" /><F43/><W121/><G121/><T21/><D73/><U10/><E114/><V6/><F13/><W53/><G53/><T119/><D119/><U64/><E75/><N who="2" m="43359" /><F6/><W90/><G90/><T45/><D39/><U8/><E8/><V126/><F79/><W68/><G77/><T36/><D60/><U94/><E55/><V11/><F11/><W16/><G65/><T57/><D57/><U135/><E66/><V23/><F23/><W54/><G54/><T58/><D58/><U85/><E64/><V49/><F49/><W1/><G1/><T124/><D124/><U109/><E20/><V69/><F69/><W123/><G70/><T132/><D132/><U42/><E135/><V91/><F126/><W52/><G68/><T117/><D117/><U17/><E42/><V74/><F74/><W32/><G38/><T25/><D15/><U3/><E12/><V0/><F0/><W83/><G37/><T61/><D61/><U113/><E3/><V102/><F110/><W34/><G34/><T56/><D56/><U14/><E109/><V95/><F107/><W5/><G5/><T116/><D116/><U104/><E104/><V51/><F51/><W111/><G111/><T129/><D129/><U46/><E106/><V47/><F47/><N who="0" m="17994" /><D36/><U7/><E46/><V59/><F59/><W63/><G63/><T33/><D33/><U71/><E71/><V125/><F125/><W134/><G35/><T108/><D108/><U105/><E14/><RYUUKYOKU ba="1,0" sc="370,15,250,-15,130,15,250,-15" hai0="21,22,25,27,28,87,88,92,100,103" hai2="89,91,93,95,96,99,102" /><INIT seed="0,2,0,2,5,55" ten="385,235,145,235" oya="0" hai0="127,119,108,42,77,73,129,78,33,95,8,37,20" hai1="24,32,26,53,133,123,21,1,60,76,89,48,15" hai2="97,80,100,82,118,23,28,87,12,57,93,74,2" hai3="83,22,105,39,104,61,106,88,134,35,29,125,101"/><T51/><D119/><U49/><E123/><V58/><F2/><W54/><G39/><T115/><D33/><U98/><E1/><V47/><F118/><W14/><G35/><T110/><D37/><U45/><E133/><V86/><F74/><W102/><G134/><T66/><D115/><U132/><E132/><V94/><F47/><W13/><G125/><T63/><D127/><U25/><E76/><V90/><F94/><W92/><G83/><T5/><D73/><U43/><E60/><V17/><REACH who="2" step="1"/><F28/><REACH who="2" ten="385,235,135,235" step="2"/><W128/><G106/><T114/><D114/><U9/><E45/><V91/><AGARI ba="2,1" hai="12,17,23,57,58,80,82,86,87,90,91,93,97,100" machi="91" ten="20,16000,3" yaku="1,1,2,1,0,1,7,1,9,1,8,1,52,2,53,0" doraHai="55" doraHaiUra="41" who="2" fromWho="2" sc="385,-82,235,-42,135,176,235,-42" /><INIT seed="1,0,0,2,3,89" ten="303,193,311,193" oya="1" hai0="73,113,50,30,124,118,11,34,64,127,112,101,23" hai1="19,88,79,94,43,68,15,39,21,116,106,122,31" hai2="46,66,8,110,35,93,37,82,84,126,132,92,78" hai3="70,135,65,83,125,108,111,32,51,17,2,58,41"/><U18/><E116/><V100/><F110/><N who="3" m="42027" /><G2/><T60/><D73/><U130/><E122/><V74/><F35/><W1/><G1/><T67/><D34/><U13/><E106/><V107/><F66/><W54/><G32/><T61/><D101/><U38/><E68/><V22/><F132/><W71/><G17/><T26/><D11/><U45/><E130/><V12/><F22/><W128/><G83/><T44/><D118/><U134/><E134/><V117/><F126/><N who="0" m="48170" /><D64/><U123/><E123/><V56/><F56/><N who="3" m="32863" /><G125/><T99/><D99/><U87/><E79/><V129/><F129/><W49/><G135/><T104/><D104/><U119/><E119/><V96/><F117/><W102/><G102/><T72/><D72/><U20/><REACH who="1" step="1"/><E31/><REACH who="1" ten="303,183,311,193" step="2"/><V77/><F77/><W81/><G128/><T91/><D113/><U52/><E52/><V95/><F107/><W76/><G65/><T3/><D112/><U63/><E63/><V133/><F133/><W62/><G62/><T55/><D67/><U36/><AGARI ba="0,1" hai="13,15,18,19,20,21,36,38,39,43,45,87,88,94" machi="36" ten="20,18000,2" yaku="1,1,0,1,7,1,9,1,52,1,54,1,53,0" doraHai="89" doraHaiUra="57" who="1" fromWho="1" sc="303,-60,183,190,311,-60,193,-60" /><INIT seed="1,1,0,4,0,117" ten="243,373,251,133" oya="1" hai0="129,37,122,36,17,59,52,118,70,113,47,104,92" hai1="115,6,16,114,103,134,86,88,53,124,89,4,56" hai2="39,20,31,116,120,133,72,57,28,49,21,62,48" hai3="9,32,90,105,43,79,1,108,61,131,26,121,87"/><U44/><E124/><V123/><F39/><W63/><G105/><T84/><D104/><U8/><E134/><V50/><F116/><W15/><G1/><T24/><D70/><U107/><E44/><V33/><F133/><W127/><G127/><T97/><D118/><U40/><E40/><V76/><F33/><W42/><G108/><T0/><D0/><U75/><E75/><V77/><F57/><W66/><G79/><N who="2" m="30281" /><F62/><W71/><G131/><T2/><D2/><U3/><E6/><V58/><F58/><W102/><G102/><T101/><D113/><U73/><E73/><V45/><F45/><W67/><G32/><T94/><D129/><U109/><E109/><V19/><F19/><W69/><G26/><T30/><D122/><N who="2" m="46634" /><F72/><W23/><G23/><AGARI ba="1,0" hai="20,21,23,28,31,48,49,50" m="46634,30281" machi="23" ten="40,8000,1" yaku="28,2,52,3" doraHai="117" who="2" fromWho="3" sc="243,0,373,0,251,83,133,-83" /><INIT seed="2,0,0,3,4,134" ten="243,373,334,50" oya="2" hai0="11,63,86,52,127,95,57,10,98,15,60,13,91" hai1="31,56,107,97,47,104,24,103,34,109,39,59,111" hai2="66,54,100,101,62,1,75,94,61,106,116,7,128" hai3="12,44,112,40,89,25,122,49,6,130,68,113,38"/><V53/><F75/><W117/><G117/><T36/><D36/><U67/><E107/><V123/><F116/><W8/><G122/><T64/><D127/><U131/><E131/><V35/><F35/><W105/><G105/><T16/><D98/><U27/><E27/><V51/><F106/><W114/><G130/><T43/><D43/><N who="1" m="23039" /><E67/><V5/><F1/><W48/><G68/><T74/><D74/><U71/><E71/><V70/><F128/><W84/><REACH who="3" step="1"/><G25/><REACH who="3" ten="243,373,334,40" step="2"/><T124/><D124/><U77/><E24/><V3/><F123/><W135/><G135/><T41/><D41/><U96/><E104/><V9/><F70/><W45/><G45/><T81/><D81/><AGARI ba="0,1" hai="6,8,12,38,40,44,48,49,81,84,89,112,113,114" machi="81" ten="40,5200,0" yaku="1,1,11,1,53,1" doraHai="134" doraHaiUra="2" who="3" fromWho="0" sc="243,-52,373,0,334,0,40,62" /><INIT seed="3,0,0,4,2,19" ten="191,373,334,102" oya="3" hai0="14,42,123,84,133,11,35,120,56,8,79,80,2" hai1="107,59,110,78,74,109,26,63,6,95,97,69,76" hai2="108,43,93,98,0,96,50,16,90,134,116,12,87" hai3="58,28,13,117,55,132,1,135,129,53,82,49,39"/><W124/><G1/><T47/><D35/><U20/><E107/><V41/><F116/><W114/><G28/><T130/><D130/><U127/><E69/><V18/><F0/><W9/><G117/><T38/><D133/><N who="3" m="51273" /><G114/><T92/><D56/><U33/><E6/><V66/><F108/><N who="1" m="41577" /><E74/><V88/><F66/><W34/><G34/><T64/><D64/><N who="1" m="39039" /><E127/><V121/><F134/><W4/><G129/><T111/><D92/><U125/><E33/><V86/><F121/><W30/><G39/><T7/><D111/><U119/><E125/><V45/><F41/><W89/><G30/><T22/><D22/><U48/><E48/><V24/><F24/><W10/><G10/><T81/><D81/><U112/><E112/><V75/><F75/><W23/><G23/><T65/><D65/><U126/><E126/><V31/><F31/><W100/><G100/><T52/><D52/><N who="3" m="20041" /><G124/><T51/><D38/><U70/><E119/><V72/><F72/><W3/><G49/><T5/><AGARI ba="0,0" hai="2,5,7,8,11,14,42,47,51,79,80,84,120,123" machi="5" ten="20,5200,0" yaku="0,1,7,1,25,2" doraHai="19" who="0" fromWho="0" sc="191,52,373,-13,334,-13,102,-26" owari="243,-15.7,360,46.0,321,12.1,76,-42.4" /></mjloggm>