<mjloggm ver="2.3"><GO type="225" lobby="0"/><UN n0="%E3%81%8B%E3%82%8F%E3%81%A1%E3%82%83%E3%82%93%35%38" n1="%E5%86%B7%E5%87%8D%E3%82%AE%E3%83%A7%E3%83%BC%E3%82%B6" n2="%E5%B8%86%E7%AB%8B%E5%A4%8F%E8%A1%A3" n3="%E3%83%97%E3%83%AC%E3%83%B4%E3%82%A1%E3%83%86%E3%82%A3" dan="16,16,16,16" rate="2183.54,2139.22,2123.01,2105.78" sx="M,M,M,F"/><TAIKYOKU oya="0"/><INIT seed="0,0,0,2,1,8" ten="250,250,250,250" oya="0" hai0="108,72,67,87,86,39,75,18,17,117,44,125,118" hai1="41,120,116,77,111,10,13,74,23,63,134,21,94" hai2="96,54,60,0,6,32,24,129,1,112,56,76,131" hai3="19,103,14,85,37,61,132,73,27,78,99,47,45"/><T80/><D67/><U83/><E116/><N who="0" m="44649" /><D44/><U122/><E134/><V71/><F112/><W12/><G73/><N who="0" m="28235" /><D39/><U55/><E111/><V28/><F76/><W46/><G132/><T40/><D40/><U31/><E41/><V84/><F84/><N who="0" m="32298" /><D80/><U128/><E31/><V95/><F71/><W91/><G78/><T11/><D11/><U133/><E133/><V119/><F119/><W36/><G61/><T110/><D125/><U70/><E70/><V69/><F69/><W81/><G37/><T65/><D65/><U7/><E63/><V102/><REACH who="2" step="1"/><F6/><REACH who="2" ten="250,250,240,250" step="2"/><W88/><G36/><T109/><AGARI ba="0,1" hai="17,18,108,109,110" m="32298,28235,44649" machi="109" ten="40,12000,1" yaku="28,2,14,1,10,1" doraHai="8" who="0" fromWho="0" sc="250,130,250,-40,240,-40,250,-40" /><INIT seed="0,1,0,3,0,113" ten="380,210,200,210" oya="0" hai0="94,15,75,103,74,45,52,73,34,9,11,76,2" hai1="41,17,96,38,65,24,112,86,79,49,25,40,119" hai2="7,69,63,26,6,78,39,99,44,118,72,5,46" hai3="134,133,130,67,30,14,29,36,19,23,55,13,102"/><T129/><D129/><U89/><E38/><V124/><F124/><W117/><G36/><T18/><D34/><U53/><E112/><V93/><F72/><W107/><G130/><T48/><D76/><U115/><E115/><V66/><F78/><W91/><G67/><T51/><D2/><U20/><E65/><V125/><F125/><W95/><G55/><T10/><D103/><U16/><E96/><V80/><F80/><W12/><G102/><T43/><REACH who="0" step="1"/><D94/><REACH who="0" ten="370,210,200,210" step="2"/><U77/><E79/><V1/><F1/><W106/><G95/><T31/><D31/><N who="3" m="11785" /><G91/><T58/><AGARI ba="1,1" hai="9,10,11,15,18,43,45,48,51,52,58,73,74,75" machi="58" ten="30,6000,0" yaku="1,1,0,1,54,1,53,0" doraHai="113" doraHaiUra="109" who="0" fromWho="0" sc="370,73,210,-21,200,-21,210,-21" /><INIT seed="0,2,0,3,5,14" ten="443,189,179,189" oya="0" hai0="110,73,106,134,40,93,107,109,19,9,74,21,88" hai1="51,114,3,123,5,81,25,89,115,56,38,131,70" hai2="10,15,17,116,37,50,66,122,119,77,42,0,120" hai3="100,65,108,62,54,98,67,128,121,60,58,82,24"/><T28/><D40/><U104/><E123/><V49/><F0/><W35/><G121/><N who="2" m="46697" /><F66/><W113/><G113/><T39/><D9/><U127/><E38/><V101/><F101/><W63/><G108/><N who="0" m="41579" /><D28/><U129/><E70/><V27/><F77/><W99/><G128/><T75/><D39/><U130/><E104/><N who="0" m="39977" /><D134/><U7/><E25/><V43/><F43/><W133/><G133/><T26/><D74/><U11/><E7/><V80/><F80/><W102/><G82/><T103/><D103/><U92/><E81/><V33/><F42/><W111/><G111/><T61/><D61/><U126/><E115/><V85/><F37/><W124/><G124/><T16/><D19/><U94/><E114/><V97/><F49/><W84/><G102/><T29/><D29/><U105/><E105/><V22/><F50/><W20/><G100/><T78/><D78/><U90/><E89/><V12/><F33/><W30/><G35/><T71/><D71/><U59/><E51/><V6/><F6/><W68/><REACH who="3" step="1"/><G84/><AGARI ba="2,0" hai="16,21,26,73,75,84,88,93" m="39977,41579" machi="84" ten="30,12000,1" yaku="14,1,10,1,52,1,54,2" doraHai="14" who="0" fromWho="3" sc="443,126,189,0,179,0,189,-126" /><INIT seed="0,3,0,2,2,115" ten="569,189,179,63" oya="0" hai0="82,99,41,72,84,118,56,16,55,127,94,52,23" hai1="107,50,87,65,17,100,21,63,76,49,112,62,40" hai2="123,111,117,18,53,54,32,79,108,90,116,75,25" hai3="129,96,44,73,110,101,126,38,92,83,24,71,93"/><T68/><D68/><U121/><E121/><V39/><F39/><W103/><G71/><T46/><D127/><U106/><E63/><V74/><F123/><W105/><G24/><T81/><D72/><N who="2" m="27690" /><F90/><W128/><G38/><T130/><D130/><N who="3" m="50281" /><G44/><T27/><D118/><N who="2" m="45674" /><F79/><N who="3" m="44527" /><G126/><T37/><D84/><U132/><E87/><V10/><F10/><W59/><G59/><T134/><D134/><U7/><E76/><V2/><F2/><W80/><G80/><T89/><REACH who="0" step="1"/><D55/><REACH who="0" ten="559,189,179,63" step="2"/><N who="2" m="21002" /><F32/><W51/><G51/><AGARI ba="3,1" hai="16,23,27,37,41,46,51,52,56,81,82,89,94,99" machi="51" ten="30,11600,0" yaku="1,1,7,1,54,2,53,0" doraHai="115" doraHaiUra="6" who="0" fromWho="3" sc="559,135,189,0,179,0,63,-125" owari="694,79.4,189,-1.1,179,-22.1,-62,-56.2" /></mjloggm>