<mjloggm ver="2.3"><GO type="225" lobby="0"/><UN n0="%E3%81%BE%E3%81%A8%E3%81%9F" n1="%E3%81%B5%E3%81%98%E3%81%8B%E3%81%A4" n2="%E3%83%81%E3%83%AF%E3%83%AF%E9%9A%8A%E9%95%B7" n3="%E3%81%AA%E3%81%A3%E3%81%8D%E3%82%8A" dan="16,17,16,18" rate="2148.00,2187.52,2120.70,2183.25" sx="M,M,M,M"/><TAIKYOKU oya="0"/><INIT seed="0,0,0,3,4,77" ten="250,250,250,250" oya="0" hai0="11,104,17,38,114,103,1,44,48,8,61,71,25" hai1="90,12,53,97,32,98,118,83,55,15,74,47,23" hai2="93,73,49,50,9,113,41,22,80,7,6,33,67" hai3="64,95,110,92,21,26,59,30,4,36,105,42,13"/><T116/><D114/><U109/><E118/><V106/><F33/><W31/><G105/><T51/><D38/><U66/><E32/><V102/><F106/><W63/><G110/><T16/><D116/><U3/><E3/><V135/><F113/><W18/><G36/><T120/><D120/><U131/><E66/><V72/><F135/><W75/><G75/><T43/><D51/><U96/><E109/><V133/><F133/><W46/><G42/><T78/><D78/><U37/><E74/><V35/><F35/><W60/><G46/><T79/><D79/><U99/><E131/><V112/><F112/><W107/><G107/><T125/><D125/><U39/><N who="1" m="24576" /><DORA hai="126" /><U40/><E39/><V5/><F67/><W84/><G63/><T115/><D103/><U65/><E65/><V129/><F129/><W45/><G45/><T128/><D61/><U57/><E23/><V54/><F22/><W119/><G119/><T111/><D128/><U127/><E127/><V134/><F134/><W70/><G70/><T82/><D104/><U10/><E10/><V117/><F9/><N who="0" m="3658" /><D71/><U29/><E29/><N who="3" m="10762" /><G84/><T14/><D111/><U69/><E69/><V123/><F117/><W130/><G130/><T56/><D115/><U81/><E55/><V24/><F73/><W19/><G4/><T62/><D44/><U87/><REACH who="1" step="1"/><E83/><REACH who="1" ten="250,240,250,250" step="2"/><V108/><F72/><W0/><G0/><T34/><D82/><U20/><E20/><AGARI ba="0,1" hai="13,18,19,20,21,26,59,60,64,92,95" m="10762" machi="20" ten="30,1000,0" yaku="8,1" doraHai="77,126" who="3" fromWho="1" sc="250,0,240,-10,250,0,250,20" /><INIT seed="1,0,0,5,0,94" ten="250,230,250,270" oya="1" hai0="77,55,39,133,8,103,0,53,101,69,85,49,130" hai1="83,62,64,44,75,71,109,102,2,91,121,59,58" hai2="1,82,128,3,119,115,68,118,47,66,135,67,22" hai3="86,111,15,96,93,80,11,99,24,108,98,95,56"/><U110/><E121/><V9/><F115/><W114/><G114/><T61/><D39/><U34/><E2/><V26/><F128/><W36/><G36/><T51/><D130/><U14/><E34/><V29/><F135/><W116/><G116/><T63/><D0/><U16/><E44/><V134/><F134/><W124/><G124/><T19/><D69/><U12/><E12/><V105/><F1/><W31/><G56/><T84/><D77/><U117/><E117/><V113/><F113/><W45/><G45/><T40/><D133/><U46/><E46/><V97/><F66/><W112/><G112/><T79/><D79/><N who="1" m="44543" /><E102/><V28/><F119/><W57/><G57/><T52/><D55/><U89/><E91/><V92/><F118/><W54/><G54/><T76/><D76/><U7/><E89/><V87/><F47/><W25/><G80/><T73/><D8/><N who="1" m="6215" /><E7/><V5/><F5/><N who="3" m="3567" /><G86/><T81/><D81/><U120/><E120/><V17/><F82/><W23/><G25/><T37/><D37/><U65/><E65/><V48/><F67/><W100/><G100/><T132/><D132/><U41/><E41/><V90/><F3/><W106/><G106/><T27/><D27/><U70/><E70/><V20/><F68/><W50/><G50/><T78/><D78/><U13/><E13/><N who="2" m="7343" /><F48/><W35/><G35/><T129/><D129/><U10/><E10/><V74/><F74/><W21/><G21/><N who="2" m="8297" /><F26/><W6/><G6/><T60/><D73/><U104/><E104/><V125/><F105/><W126/><G126/><T42/><D63/><N who="1" m="40351" /><E58/><V33/><F125/><RYUUKYOKU ba="0,0" sc="250,10,230,10,250,-30,270,10" hai0="19,40,42,49,51,52,53,60,61,84,85,101,103" hai1="59,62,109,110" hai3="23,24,31,93,95,96,98,99,108,111" /><INIT seed="1,1,0,2,1,55" ten="260,240,220,280" oya="1" hai0="73,45,80,11,21,105,1,121,61,81,10,70,100" hai1="134,51,88,126,96,12,103,78,119,36,52,4,27" hai2="84,76,22,63,58,56,133,95,50,3,104,102,98" hai3="39,5,29,33,9,6,54,7,124,62,116,13,87"/><U91/><E119/><V93/><F3/><W125/><G39/><T66/><D121/><U17/><E36/><V47/><F133/><W128/><G87/><T37/><D21/><U130/><E134/><V20/><F104/><W135/><G135/><T24/><D24/><U110/><E126/><N who="3" m="48746" /><G116/><T72/><D80/><U97/><E130/><V122/><F122/><W68/><G128/><T18/><D18/><U123/><E123/><V8/><F8/><W38/><G38/><T35/><D35/><U112/><E112/><V82/><F93/><W65/><G54/><T77/><D72/><U117/><E117/><V14/><F14/><W127/><G127/><T75/><D73/><U114/><E114/><V26/><F63/><W108/><G108/><T115/><D115/><U40/><E40/><N who="2" m="24935" /><F20/><W106/><G106/><T109/><D109/><U42/><E42/><V101/><F101/><W23/><G33/><T2/><D10/><N who="1" m="4167" /><E78/><V44/><F44/><W34/><G34/><T92/><D11/><U41/><E41/><V15/><F15/><W94/><G94/><T32/><D32/><U86/><E110/><V107/><F107/><W67/><G67/><T132/><D132/><U120/><E120/><V43/><F43/><W89/><G89/><N who="1" m="34378" /><E103/><V85/><F85/><W28/><G23/><T53/><D37/><U19/><E86/><V59/><F22/><W30/><AGARI ba="1,0" hai="5,6,7,9,13,28,29,30,62,65,68" m="48746" machi="30" ten="30,1100,0" yaku="18,1" doraHai="55" who="3" fromWho="3" sc="260,-4,240,-6,220,-4,280,14" /><INIT seed="2,0,0,4,3,30" ten="256,234,216,294" oya="2" hai0="124,34,35,29,28,61,127,67,11,105,51,37,70" hai1="8,22,85,79,107,129,94,9,135,92,84,10,116" hai2="63,49,118,26,114,78,48,89,64,23,66,18,125" hai3="98,82,0,33,115,122,41,45,93,99,96,24,2"/><V38/><F114/><W110/><G122/><T72/><D37/><U53/><E116/><V1/><F118/><W3/><G110/><T43/><D105/><U73/><E107/><V81/><F38/><W76/><G115/><T15/><D72/><U83/><E135/><V132/><F1/><W103/><G24/><T121/><D121/><U88/><E129/><V57/><F132/><W91/><G33/><N who="0" m="12299" /><D51/><U119/><E119/><V12/><F125/><N who="0" m="48202" /><D43/><U95/><E53/><V42/><F64/><W108/><G108/><T106/><D106/><U65/><E65/><V31/><F89/><W80/><G103/><T27/><D27/><U68/><E68/><V134/><F42/><W113/><G113/><T52/><D52/><U123/><E123/><V59/><F59/><W7/><G45/><T111/><D111/><U13/><E73/><V25/><F134/><W20/><G41/><T86/><D86/><U21/><E13/><V56/><F56/><W109/><G0/><T16/><AGARI ba="0,0" hai="11,15,16,28,29,61,67,70" m="48202,12299" machi="16" ten="30,8000,1" yaku="18,1,52,3,54,1" doraHai="30" who="0" fromWho="0" sc="256,80,234,-20,216,-40,294,-20" /><INIT seed="3,0,0,1,2,17" ten="336,214,176,274" oya="3" hai0="105,9,121,16,76,114,123,79,52,75,85,95,42" hai1="93,104,23,102,100,103,7,20,55,132,87,2,119" hai2="19,128,45,47,13,108,74,72,80,78,39,6,21" hai3="50,120,90,70,26,27,97,110,109,94,125,15,67"/><W36/><G120/><T14/><D105/><U117/><E104/><V53/><F128/><W30/><G36/><T63/><D75/><U83/><E132/><V25/><F108/><N who="3" m="41579" /><G125/><T111/><D111/><U46/><E93/><V91/><F91/><W33/><G26/><T12/><D114/><U64/><E64/><V106/><F106/><W0/><G0/><T116/><D116/><N who="1" m="44619" /><E7/><V98/><F98/><W68/><G67/><T49/><D14/><U32/><E32/><V1/><F1/><W22/><G50/><T18/><D49/><N who="1" m="29111" /><E2/><V35/><F53/><W4/><G33/><T133/><D52/><U57/><E57/><V62/><F74/><W129/><G129/><T107/><D42/><U54/><E54/><V126/><F126/><W115/><G115/><T8/><D121/><U44/><E44/><V61/><F47/><W134/><G134/><T34/><D133/><U40/><E40/><V135/><F135/><W59/><G59/><T131/><D34/><U65/><E65/><V86/><F72/><W84/><G84/><T71/><D85/><U96/><E96/><V43/><REACH who="2" step="1"/><F6/><REACH who="2" ten="336,214,166,274" step="2"/><W89/><G89/><AGARI ba="0,1" hai="20,23,83,87,89,100,102,103" m="29111,44619" machi="89" ten="30,3900,0" yaku="12,1,52,2" doraHai="17" who="1" fromWho="3" sc="336,0,214,49,166,0,274,-39" owari="336,43.6,263,6.3,166,-33.4,235,-16.5" /></mjloggm>