<mjloggm ver="2.3"><GO type="225" lobby="0"/><UN n0="%41%54%53%4D" n1="%E5%80%89%E6%A9%8B%EF%BC%A0%E4%BA%8B%E5%8B%99" n2="%E3%81%AF%E3%82%88%E3%81%8A%E3%81%98%E3%81%95%E3%82%93" n3="%E5%B8%86%E7%AB%8B%E5%A4%8F%E8%A1%A3" dan="16,16,16,16" rate="2093.57,2108.62,2167.91,2126.67" sx="M,M,M,M"/><TAIKYOKU oya="0"/><INIT seed="0,0,0,1,4,116" ten="250,250,250,250" oya="0" hai0="59,100,102,92,51,79,111,103,81,4,54,61,49" hai1="108,85,18,118,17,131,19,48,113,117,32,125,74" hai2="21,119,122,128,56,120,11,38,132,87,72,114,22" hai3="46,86,71,15,133,3,58,78,14,35,88,6,90"/><T45/><D111/><U34/><E74/><V80/><F114/><W127/><G71/><T105/><D105/><U89/><E108/><V82/><F38/><W10/><G127/><T84/><D4/><U76/><E76/><V9/><F56/><W64/><G133/><T124/><D124/><U110/><E110/><V73/><F87/><W134/><G35/><T44/><D92/><U121/><E125/><V68/><F68/><W0/><G134/><T23/><D23/><U57/><E113/><V37/><F37/><W36/><G78/><T2/><D2/><U97/><E97/><V66/><F132/><W26/><G26/><T5/><D5/><U47/><E57/><V24/><F66/><W53/><G15/><T1/><D1/><U28/><E28/><V94/><F94/><W93/><G90/><T106/><D106/><U104/><E104/><V70/><F70/><W135/><G135/><T16/><D16/><U31/><E31/><V69/><F69/><W8/><G8/><T98/><D98/><U67/><E67/><V50/><F24/><W55/><G64/><T7/><D7/><U43/><E121/><V109/><F109/><W123/><G123/><T29/><D29/><U65/><E65/><V41/><F119/><N who="1" m="45577" /><E131/><V30/><F30/><W101/><G101/><T96/><D96/><U33/><E33/><V130/><F50/><AGARI ba="0,0" hai="44,45,49,50,51,54,59,61,79,81,84,100,102,103" machi="50" ten="40,2000,0" yaku="8,1" doraHai="116" who="0" fromWho="2" sc="250,20,250,0,250,-20,250,0" /><INIT seed="0,1,0,4,4,73" ten="270,250,230,250" oya="0" hai0="19,31,78,36,71,49,30,45,133,131,26,94,132" hai1="58,129,38,121,29,32,79,124,15,92,25,10,100" hai2="3,6,8,33,41,44,80,77,4,66,34,85,111" hai3="11,53,65,115,98,102,14,95,62,112,54,104,123"/><T99/><D71/><U24/><E121/><V107/><F111/><W96/><G123/><T97/><D36/><U56/><E38/><V75/><F107/><W48/><G115/><T40/><D131/><U5/><E129/><V28/><F28/><N who="0" m="10794" /><D94/><U87/><E25/><V50/><F6/><W74/><G74/><T18/><D78/><U42/><E42/><V27/><F27/><W86/><G86/><T103/><D26/><U67/><E124/><V119/><F119/><W88/><G48/><T7/><D7/><U89/><E100/><V16/><F66/><W114/><G114/><T72/><D72/><U84/><REACH who="1" step="1"/><E67/><REACH who="1" ten="270,240,230,250" step="2"/><V64/><F64/><W17/><REACH who="3" step="1"/><G112/><REACH who="3" ten="270,240,230,240" step="2"/><T82/><D133/><U90/><E90/><V69/><F41/><W13/><G13/><T9/><D132/><U108/><E108/><V20/><F3/><W76/><G76/><T101/><D40/><U126/><E126/><V117/><F77/><W125/><G125/><T22/><D103/><U113/><E113/><V23/><F117/><W2/><G2/><T83/><D101/><U59/><E59/><AGARI ba="1,2" hai="11,14,17,53,54,59,62,65,88,95,96,98,102,104" machi="59" ten="30,3900,0" yaku="1,1,7,1,54,1,53,0" doraHai="73" doraHaiUra="127" who="3" fromWho="1" sc="270,0,240,-42,230,0,240,62" /><INIT seed="1,0,0,2,4,99" ten="270,198,230,302" oya="1" hai0="32,93,106,95,92,131,45,1,15,16,123,37,133" hai1="47,40,135,79,34,85,83,14,98,110,105,56,31" hai2="80,7,100,12,121,75,90,30,71,127,9,5,118" hai3="122,3,134,20,67,61,74,102,0,96,18,54,124"/><U36/><E135/><V49/><F121/><W130/><G74/><T50/><D37/><U91/><E110/><V62/><F118/><W78/><G78/><T107/><D1/><U26/><E14/><V63/><F127/><W27/><G124/><T39/><D39/><U33/><E56/><V38/><F38/><W73/><G73/><T97/><D32/><U132/><E132/><V108/><F108/><W4/><G130/><T116/><D116/><U94/><REACH who="1" step="1"/><E105/><REACH who="1" ten="270,188,230,302" step="2"/><V11/><F71/><W77/><G134/><T57/><D133/><U52/><E52/><V111/><F111/><W117/><G54/><T115/><D131/><U76/><E76/><V35/><F12/><W44/><G77/><T25/><D107/><U113/><E113/><V58/><F58/><W64/><G117/><T101/><D123/><U89/><E89/><V82/><F90/><W65/><G122/><T17/><D115/><U19/><E19/><V128/><F128/><W48/><G3/><T43/><D15/><U28/><E28/><V104/><F104/><W51/><G0/><T46/><D57/><U86/><E86/><V42/><F75/><W8/><G18/><T88/><D88/><U72/><E72/><V22/><F30/><W59/><G59/><T69/><D69/><U60/><E60/><V13/><F13/><W24/><G61/><T53/><D25/><U84/><E84/><V126/><F63/><W112/><G27/><T55/><D55/><U114/><E114/><V6/><F62/><W120/><G112/><T109/><D109/><U23/><AGARI ba="0,1" hai="23,26,31,33,34,36,40,47,79,83,85,91,94,98" machi="23" ten="20,3900,0" yaku="1,1,0,1,7,1,53,0" doraHai="99" doraHaiUra="129" who="1" fromWho="1" sc="270,-13,188,49,230,-13,302,-13" /><INIT seed="1,1,0,3,5,112" ten="257,237,217,289" oya="1" hai0="57,55,98,102,20,24,79,34,7,135,134,86,65" hai1="80,63,122,81,2,50,4,128,111,13,82,108,1" hai2="130,115,44,54,9,90,87,22,104,116,18,89,113" hai3="67,76,60,105,0,15,132,59,101,126,61,53,43"/><U37/><E37/><V26/><F104/><W11/><G126/><T19/><D34/><U27/><E122/><V95/><F130/><W28/><G132/><T45/><D7/><U133/><E128/><V129/><F129/><W118/><G118/><T69/><D45/><U106/><E106/><V49/><F116/><W38/><G28/><T117/><D117/><U25/><E133/><N who="0" m="50697" /><D86/><U71/><E50/><V62/><F9/><W10/><G76/><T121/><D79/><U91/><E91/><V68/><F68/><W72/><G72/><T35/><D35/><U103/><E103/><V75/><F75/><W52/><G43/><T99/><D121/><U85/><E85/><V46/><F62/><W48/><G38/><T23/><D102/><U124/><E124/><V14/><F26/><N who="1" m="9737" /><E13/><V73/><F73/><W88/><G88/><T84/><D84/><U78/><E78/><V94/><REACH who="2" step="1"/><F46/><REACH who="2" ten="257,237,207,289" step="2"/><W42/><G105/><T109/><D69/><U127/><E127/><V96/><AGARI ba="1,1" hai="14,18,22,44,49,54,87,89,90,94,95,96,113,115" machi="96" ten="30,7900,0" yaku="1,1,2,1,0,1,53,1" doraHai="112" doraHaiUra="92" who="2" fromWho="2" sc="257,-21,237,-40,207,92,289,-21" /><INIT seed="2,0,0,3,0,61" ten="236,197,299,268" oya="2" hai0="52,95,67,103,135,114,23,55,92,17,49,97,80" hai1="33,85,126,129,34,47,50,2,63,84,120,51,124" hai2="106,43,32,88,117,113,89,131,21,93,68,0,102" hai3="86,81,4,121,118,1,94,26,98,100,5,18,15"/><V28/><F113/><W69/><G1/><T37/><D135/><U73/><E73/><V10/><F117/><W3/><G3/><T111/><D37/><U125/><E2/><V133/><F32/><N who="1" m="12393" /><E129/><V31/><F68/><W6/><G121/><T128/><D114/><U105/><E105/><V74/><F74/><W40/><G69/><T46/><D128/><U110/><E120/><V130/><F133/><W96/><G40/><T65/><D111/><U9/><E9/><V30/><F21/><W27/><G96/><N who="0" m="59783" /><D55/><U11/><E11/><V53/><F43/><W134/><G134/><T8/><D8/><U62/><E47/><V44/><F89/><W54/><G118/><T107/><D80/><U36/><E36/><V75/><F75/><W127/><G54/><T78/><D78/><U14/><E14/><V22/><F22/><N who="3" m="11615" /><G127/><N who="1" m="32514" /><U38/><DORA hai="56" /><E38/><V83/><F83/><W90/><AGARI ba="0,0" hai="4,5,6,26,27,81,86,90,94,98,100" m="11615" machi="90" ten="30,1100,0" yaku="8,1" doraHai="61,56" who="3" fromWho="3" sc="236,-3,197,-3,299,-5,268,11" /><INIT seed="3,0,0,1,1,67" ten="233,194,294,279" oya="3" hai0="21,14,82,127,20,84,54,93,32,64,125,110,115" hai1="1,31,77,94,62,70,61,113,81,118,30,78,121" hai2="27,66,6,120,106,88,116,55,86,96,60,15,8" hai3="13,11,22,100,42,111,10,63,37,9,47,95,132"/><W36/><G132/><T76/><D32/><U135/><E121/><V43/><F116/><W68/><G111/><T103/><D110/><U7/><E113/><V39/><F120/><W48/><G68/><T128/><D115/><U105/><E105/><V134/><F134/><W41/><G63/><T3/><D3/><U123/><E135/><V24/><F55/><N who="3" m="30111" /><G37/><T97/><D128/><U19/><E123/><V53/><F53/><W56/><G56/><T74/><D64/><U58/><E70/><V122/><F122/><W91/><G100/><T75/><D54/><U50/><E1/><V2/><F2/><W133/><G36/><T52/><D52/><N who="1" m="32023" /><E7/><V46/><F96/><N who="3" m="57471" /><G133/><T45/><D45/><U65/><E118/><V80/><F106/><W4/><G4/><T126/><REACH who="0" step="1"/><D14/><REACH who="0" ten="223,194,294,279" step="2"/><U83/><E65/><V90/><F90/><W112/><G112/><T130/><D130/><U87/><E94/><V26/><F24/><W57/><G57/><AGARI ba="0,1" hai="6,8,15,26,27,39,43,46,57,60,66,80,86,88" machi="57" ten="30,2000,0" yaku="7,1,54,1" doraHai="67" who="2" fromWho="3" sc="223,0,194,0,294,30,279,-20" owari="223,-17.7,194,-30.6,324,42.4,259,5.9" /></mjloggm>