<mjloggm ver="2.3"><GO type="225" lobby="0"/><UN n0="%28%EF%BF%A3%E2%96%BD%EF%BF%A3%29%CE%B4%E2%8C%92%E3%83%BB" n1="%E4%B8%89%E5%88%86%E5%B0%8F%E5%83%A7" n2="%57%69%73%68%61%72%74" n3="%E5%B8%86%E7%AB%8B%E5%A4%8F%E8%A1%A3" dan="17,16,16,17" rate="2258.52,2088.35,2062.95,2143.87" sx="M,M,M,M"/><TAIKYOKU oya="0"/><INIT seed="0,0,0,1,2,80" ten="250,250,250,250" oya="0" hai0="24,85,75,13,73,62,0,135,61,82,89,106,127" hai1="98,105,26,131,76,97,32,68,102,81,60,38,15" hai2="11,49,110,2,30,3,9,87,96,103,94,91,116" hai3="29,70,69,132,78,117,59,8,133,54,58,95,35"/><T130/><D0/><U111/><E111/><V53/><F30/><W71/><G117/><T99/><D127/><U41/><E15/><V65/><F110/><W1/><G78/><T90/><D130/><U66/><E98/><V46/><F116/><W33/><G95/><T19/><D24/><U63/><E63/><V67/><F3/><W93/><G93/><T74/><D135/><N who="3" m="51785" /><G29/><T124/><D124/><U118/><E131/><V23/><F23/><W119/><G119/><T77/><D90/><U88/><E118/><V64/><REACH who="2" step="1"/><F2/><REACH who="2" ten="250,250,240,250" step="2"/><W16/><G1/><T40/><D40/><U37/><E41/><V120/><F120/><W21/><G8/><T86/><D106/><AGARI ba="0,1" hai="9,11,46,49,53,64,65,67,87,91,94,96,103,106" machi="106" ten="40,2600,0" yaku="1,1,52,1,53,0" doraHai="80" doraHaiUra="115" who="2" fromWho="0" sc="250,-26,250,0,240,36,250,0" /><INIT seed="1,0,0,0,5,112" ten="224,250,276,250" oya="1" hai0="88,91,85,10,132,94,43,45,54,114,8,5,13" hai1="17,107,129,84,6,63,51,59,116,96,18,53,82" hai2="106,11,122,79,115,0,124,130,72,95,32,21,90" hai3="127,2,35,26,71,135,30,110,57,80,119,4,126"/><U29/><E129/><V42/><F32/><W98/><G71/><T34/><D34/><U86/><E116/><V61/><F122/><W37/><G37/><T117/><D114/><U36/><E36/><V134/><F115/><W20/><G110/><T19/><D132/><U12/><E29/><V93/><F106/><W78/><G135/><T113/><D113/><U76/><E86/><V97/><F134/><W77/><G57/><T104/><D104/><U64/><E107/><V66/><F124/><N who="3" m="47659" /><G98/><T25/><D117/><U55/><E96/><V75/><F130/><W128/><G128/><T16/><D25/><U60/><E55/><V65/><F42/><W70/><G70/><T87/><D54/><U89/><E89/><V81/><F72/><N who="3" m="43047" /><G78/><T92/><D10/><N who="1" m="4183" /><E63/><V15/><F61/><W49/><G49/><AGARI ba="0,0" hai="5,8,13,16,19,43,45,49,85,87,88,91,92,94" machi="49" ten="30,8000,1" yaku="7,1,9,1,8,1,54,2" doraHai="112" who="0" fromWho="3" sc="224,80,250,0,276,0,250,-80" /><INIT seed="2,0,0,5,2,116" ten="304,250,276,170" oya="2" hai0="135,43,131,10,37,17,69,108,96,50,83,84,45" hai1="24,102,76,6,61,79,114,48,94,20,125,105,51" hai2="93,39,52,68,115,12,64,120,74,111,4,26,56" hai3="80,13,25,19,27,104,23,117,40,35,53,134,87"/><V126/><F115/><W7/><G117/><T55/><D69/><U42/><E105/><V118/><F118/><W63/><G134/><T22/><D135/><U101/><E114/><V132/><F74/><W71/><G104/><T16/><D108/><U109/><E109/><V30/><F132/><W46/><G35/><T1/><D131/><U90/><E125/><V70/><F111/><W65/><G53/><T73/><D73/><U60/><E6/><V133/><F133/><W82/><G82/><T49/><D96/><U122/><E122/><V57/><F39/><W121/><G7/><T106/><D106/><U123/><E123/><V44/><F126/><W66/><G66/><T3/><D37/><U124/><E124/><V92/><F120/><W110/><G110/><T32/><D32/><U33/><E33/><V2/><F2/><W8/><G23/><T28/><D10/><U103/><E60/><N who="2" m="37895" /><F68/><W11/><G11/><T95/><D95/><U29/><E61/><N who="2" m="36007" /><F44/><W97/><G121/><T5/><D5/><U34/><E34/><V91/><F91/><W14/><G14/><T119/><D119/><U81/><E42/><V99/><F99/><W75/><G97/><T38/><D38/><U62/><E62/><V86/><F86/><W112/><G75/><T130/><D1/><U129/><E129/><V72/><F72/><W54/><G112/><T77/><D3/><U58/><E58/><V85/><F85/><W21/><G40/><T89/><D130/><U31/><E81/><V98/><F70/><W88/><G21/><T127/><D127/><U36/><E20/><RYUUKYOKU ba="0,0" sc="304,-10,250,-10,276,-10,170,30" hai3="8,13,19,25,27,46,54,63,65,71,80,87,88" /><INIT seed="3,1,0,4,3,129" ten="294,240,266,200" oya="3" hai0="114,10,91,81,117,35,51,82,65,68,19,105,102" hai1="47,33,21,110,53,34,131,121,15,107,26,135,120" hai2="124,2,85,96,93,79,59,119,125,92,130,71,45" hai3="132,62,123,108,13,38,20,54,73,74,122,37,24"/><W31/><G13/><N who="0" m="7607" /><D35/><N who="1" m="13323" /><E53/><V104/><F71/><W5/><G5/><T7/><D117/><U30/><E47/><V12/><F2/><W103/><G103/><T46/><D105/><U77/><E77/><V87/><F130/><W127/><G127/><N who="2" m="48713" /><F119/><W63/><G108/><T25/><D68/><U69/><E107/><V11/><F59/><W112/><G112/><T134/><D102/><U4/><E69/><V60/><F60/><W67/><G54/><N who="0" m="30071" /><D65/><U57/><E57/><V23/><F23/><W32/><G32/><T22/><D7/><U17/><E131/><V56/><F56/><W1/><G67/><T41/><D41/><U84/><E84/><N who="2" m="32331" /><F79/><W36/><G1/><T126/><D126/><U133/><E4/><N who="2" m="3175" /><F45/><W27/><G38/><T115/><D91/><U80/><E80/><V40/><F40/><W8/><G8/><T99/><D82/><U106/><E106/><V43/><F43/><W29/><G20/><T48/><D81/><U116/><E110/><V50/><F50/><W100/><G100/><AGARI ba="1,0" hai="92,93,96,100,104" m="3175,32331,48713" machi="100" ten="30,1000,0" yaku="18,1" doraHai="129" who="2" fromWho="3" sc="294,0,240,0,266,13,200,-13" /><INIT seed="4,0,0,4,0,24" ten="294,240,279,187" oya="0" hai0="63,99,57,87,32,93,39,66,115,132,78,121,11" hai1="69,130,118,82,62,34,76,29,37,2,10,126,40" hai2="5,128,77,33,55,48,122,31,49,124,97,50,120" hai3="6,12,109,0,20,4,9,35,71,52,133,81,79"/><T59/><D32/><U68/><E118/><V28/><F128/><W92/><G71/><T17/><D39/><U113/><E130/><V19/><F124/><W110/><G35/><T60/><D121/><U70/><E126/><V8/><F33/><W80/><G133/><T13/><D115/><U22/><E22/><V112/><F112/><W135/><G135/><T21/><D132/><U72/><E113/><V84/><F122/><W91/><G81/><N who="0" m="47543" /><D21/><U14/><E62/><N who="0" m="23593" /><D66/><U94/><E94/><V103/><F19/><W102/><G102/><AGARI ba="0,0" hai="11,13,17,57,59,93,99,102" m="23593,47543" machi="102" ten="30,1500,0" yaku="8,1" doraHai="24" who="0" fromWho="3" sc="294,15,240,0,279,0,187,-15" owari="309,40.9,240,-16.0,279,7.9,172,-32.8" /></mjloggm>