<mjloggm ver="2.3"><GO type="225" lobby="0"/><UN n0="%E6%A1%9C%E8%8A%B1%E9%96%83%E3%80%85" n1="%E7%89%B9%E6%9D%B1%E3%81%AF%E4%B8%96%E7%95%8C%E3%82%92%E6%95%91%E3%81%86" n2="%E5%A4%9C%E5%85%89%E5%A4%A9%E6%A5%BC" n3="%E3%81%82%E3%81%99%E3%81%AB%E3%82%83%E3%82%80" dan="16,16,17,16" rate="2216.89,2035.60,2128.22,2100.09" sx="M,M,M,F"/><TAIKYOKU oya="0"/><INIT seed="0,0,0,0,1,63" ten="250,250,250,250" oya="0" hai0="90,60,100,49,96,8,88,101,131,97,110,59,87" hai1="83,48,12,20,99,47,31,111,10,62,35,51,53" hai2="57,73,22,95,27,78,52,54,115,104,105,98,76" hai3="130,58,120,114,21,126,33,80,28,81,6,56,102"/><T67/><D131/><U38/><E111/><V36/><F115/><W107/><G114/><T5/><D110/><U4/><E35/><V86/><F36/><W64/><G130/><T19/><D19/><U118/><E118/><V127/><F73/><W34/><G6/><T68/><D68/><U82/><E38/><V61/><F54/><W32/><G126/><T41/><D41/><U9/><E99/><N who="0" m="37961" /><D49/><U71/><E9/><V42/><F42/><W13/><G102/><N who="0" m="39531" /><D87/><U128/><E51/><V132/><F127/><W17/><G28/><T112/><D112/><U65/><REACH who="1" step="1"/><E128/><REACH who="1" ten="250,240,250,250" step="2"/><V109/><F109/><W39/><G39/><T40/><D40/><U11/><E11/><V45/><F105/><W92/><G107/><T113/><D113/><U75/><E75/><V55/><F104/><W23/><G33/><T26/><D26/><AGARI ba="0,1" hai="4,10,12,20,26,31,47,48,53,62,65,71,82,83" machi="26" ten="40,2600,0" yaku="1,1,52,1,53,0" doraHai="63" doraHaiUra="129" who="1" fromWho="0" sc="250,-26,240,36,250,0,250,0" /><INIT seed="1,0,0,5,2,1" ten="224,276,250,250" oya="1" hai0="129,34,57,127,46,19,0,130,133,16,44,28,89" hai1="128,62,121,42,9,112,38,40,41,33,77,65,54" hai2="21,91,94,11,83,125,56,55,15,49,80,96,66" hai3="67,122,25,47,13,53,5,70,2,63,132,134,86"/><U29/><E112/><V123/><F123/><W104/><G104/><T135/><D0/><U12/><E121/><V79/><F125/><W32/><G122/><T124/><D57/><U116/><E116/><V101/><F66/><W22/><G86/><T109/><D89/><U107/><E107/><V100/><F21/><W120/><G120/><T52/><D109/><U95/><E128/><N who="0" m="49257" /><D28/><U45/><E77/><V59/><F59/><W113/><G113/><T43/><D34/><U114/><E54/><V30/><F30/><W72/><G32/><T14/><D52/><U50/><E29/><V4/><REACH who="2" step="1"/><F83/><REACH who="2" ten="224,276,240,250" step="2"/><W7/><G67/><T98/><D46/><U48/><E33/><V18/><F18/><N who="0" m="6698" /><D14/><U119/><E114/><V27/><F27/><W17/><G13/><T23/><D23/><U131/><E131/><V93/><F93/><W37/><G22/><T117/><D117/><U68/><E119/><V8/><F8/><W90/><G47/><T35/><D35/><U26/><E26/><V102/><F102/><W10/><G25/><T64/><D64/><U87/><E12/><V60/><F60/><W36/><G63/><T69/><D69/><U105/><E9/><V84/><AGARI ba="0,1" hai="4,11,15,49,55,56,79,80,84,91,94,96,100,101" machi="84" ten="20,8000,1" yaku="1,1,0,1,7,1,8,1,52,1,53,0" doraHai="1" doraHaiUra="111" who="2" fromWho="2" sc="224,-20,276,-40,240,90,250,-20" /><INIT seed="2,0,0,4,3,48" ten="204,236,330,230" oya="2" hai0="65,51,24,60,47,85,86,57,94,20,127,30,81" hai1="0,100,129,38,45,53,78,42,4,8,99,110,43" hai2="92,63,56,114,79,116,14,1,126,72,9,121,18" hai3="118,117,96,62,66,82,39,84,128,21,83,75,19"/><V2/><F114/><W41/><G128/><T74/><D127/><U64/><E129/><V124/><F121/><W52/><G96/><T59/><D59/><U77/><E110/><V26/><F116/><W68/><G75/><T46/><D46/><U35/><E35/><V16/><F72/><W101/><G101/><T11/><D11/><U31/><E43/><V40/><F40/><W73/><G39/><T71/><D71/><U123/><E123/><V135/><F79/><W33/><G33/><T22/><D22/><U97/><E64/><V69/><F69/><W12/><G41/><T10/><D10/><U106/><E31/><V28/><F18/><W111/><G111/><T107/><D107/><U87/><E87/><V103/><F135/><W44/><G82/><T132/><D132/><U50/><E99/><N who="2" m="59879" /><F26/><W49/><REACH who="3" step="1"/><G73/><REACH who="3" ten="204,236,330,220" step="2"/><T6/><D74/><U80/><REACH who="1" step="1"/><E80/><REACH who="1" ten="204,226,330,220" step="2"/><V67/><F124/><W133/><G133/><T131/><D131/><U36/><E36/><V54/><F126/><W91/><AGARI ba="0,2" hai="12,19,21,44,49,52,62,66,68,83,84,91,117,118" machi="91" ten="20,12000,2" yaku="1,1,0,1,7,1,52,1,54,1,53,1" doraHai="48" doraHaiUra="15" who="3" fromWho="3" sc="204,-30,226,-30,330,-60,220,140" /><INIT seed="3,0,0,4,2,113" ten="174,196,270,360" oya="3" hai0="6,32,122,87,39,77,76,67,53,100,12,27,69" hai1="105,7,80,0,92,58,128,126,5,62,131,59,57" hai2="133,82,66,125,21,37,116,90,54,46,91,71,78" hai3="34,19,4,73,65,118,97,109,28,61,16,35,94"/><W13/><G118/><T60/><D122/><U123/><E105/><V41/><F133/><W38/><G73/><T134/><D134/><U86/><E123/><V8/><F125/><W10/><G38/><T111/><D111/><U112/><E112/><V51/><F116/><W64/><G109/><T108/><D108/><U98/><E126/><V11/><F21/><W36/><G36/><T44/><D100/><N who="1" m="60487" /><E0/><V135/><F135/><W68/><G64/><T93/><D93/><U22/><E22/><V23/><F23/><W33/><G28/><T3/><D3/><U99/><E99/><V124/><F124/><W70/><REACH who="3" step="1"/><G68/><REACH who="3" ten="174,196,270,350" step="2"/><T81/><D76/><U107/><E131/><V89/><F66/><W79/><G79/><T115/><D115/><U9/><E128/><V48/><F37/><W106/><G106/><T117/><D117/><U102/><E107/><V84/><REACH who="2" step="1"/><F71/><REACH who="2" ten="174,196,260,350" step="2"/><W30/><G30/><T121/><D121/><U130/><E130/><V103/><F103/><AGARI ba="0,2" hai="4,10,13,16,19,33,34,35,61,65,70,94,97,103" machi="103" ten="40,3900,0" yaku="1,1,54,1,53,0" doraHai="113" doraHaiUra="120" who="3" fromWho="2" sc="174,0,196,0,260,-39,350,59" owari="174,-32.6,196,-20.4,221,2.1,409,50.9" /></mjloggm>