<mjloggm ver="2.3"><GO type="225" lobby="0"/><UN n0="%E5%B8%86%E7%AB%8B%E5%A4%8F%E8%A1%A3" n1="%E5%8F%AF%E5%85%90%E9%82%A3%E7%94%B1%E5%A4%9A" n2="%E6%B0%B7%E5%B7%9D%E9%87%8C%E5%A5%88" n3="%4B%2E%32%2E%4B%2E" dan="16,16,16,17" rate="2077.88,2188.95,2112.49,2209.40" sx="M,F,F,M"/><TAIKYOKU oya="0"/><INIT seed="0,0,0,5,5,3" ten="250,250,250,250" oya="0" hai0="14,72,109,10,111,118,44,39,64,4,8,85,37" hai1="1,122,76,51,104,114,52,25,74,96,134,59,84" hai2="73,61,56,29,48,69,102,49,24,9,130,71,78" hai3="79,20,106,94,120,34,35,82,53,57,55,124,103"/><T115/><D115/><U31/><E122/><V22/><F130/><W89/><G124/><T16/><D72/><U68/><E114/><V26/><F102/><W13/><G120/><T30/><D118/><U27/><E134/><V81/><F48/><W75/><G20/><T11/><D64/><U33/><E74/><V19/><F49/><W80/><G80/><T117/><D117/><U88/><E68/><V101/><F101/><W23/><G103/><T0/><D30/><U17/><E1/><V6/><F56/><W125/><G106/><T28/><D28/><U135/><E135/><V36/><F36/><W87/><G53/><T41/><D39/><U110/><E110/><N who="0" m="41993" /><D85/><U21/><E76/><V133/><F61/><W127/><G127/><T112/><D112/><U65/><E65/><V43/><F43/><W2/><G2/><T93/><D93/><U50/><E104/><V70/><F133/><W54/><G125/><T121/><D121/><U123/><E123/><V42/><F42/><W91/><G91/><T107/><D107/><U40/><E96/><V83/><F83/><W90/><G89/><T119/><D119/><U12/><E31/><V46/><F46/><W97/><G97/><T18/><D0/><U132/><E132/><V105/><F105/><W108/><G108/><T126/><D126/><U129/><E129/><V7/><REACH who="2" step="1"/><F9/><AGARI ba="0,0" hai="4,8,9,10,11,14,16,18,37,41,44" m="41993" machi="9" ten="30,11600,0" yaku="14,1,10,1,52,1,54,1" doraHai="3" who="0" fromWho="2" sc="250,116,250,0,250,-116,250,0" /><INIT seed="0,1,0,3,0,70" ten="366,250,134,250" oya="0" hai0="58,2,92,76,114,106,79,13,33,21,94,39,31" hai1="126,42,44,30,52,9,100,27,66,74,129,45,124" hai2="51,5,8,82,64,135,104,122,15,113,103,81,83" hai3="24,35,25,36,18,14,131,26,48,38,63,11,85"/><T77/><D106/><U6/><E74/><V67/><F113/><W116/><G116/><T17/><D114/><U61/><E129/><V69/><F122/><W93/><G35/><T119/><D119/><U12/><E100/><V7/><F135/><W1/><G131/><T78/><D2/><U132/><E132/><V34/><F34/><W4/><G48/><T89/><D39/><U47/><E52/><V22/><F22/><W28/><G28/><T32/><D32/><U111/><E111/><V55/><F5/><W80/><G93/><T109/><D109/><U3/><E3/><V53/><F69/><W71/><G71/><T72/><D33/><N who="1" m="20703" /><E61/><V86/><F55/><W41/><G63/><T87/><D72/><U121/><E66/><V107/><F107/><W108/><G41/><T59/><D31/><U19/><E121/><V97/><REACH who="2" step="1"/><F86/><REACH who="2" ten="366,250,124,250" step="2"/><W134/><G134/><T10/><D21/><U117/><E6/><V40/><F40/><W95/><G108/><T88/><D87/><U91/><E117/><V16/><F16/><W101/><G18/><T84/><D84/><U54/><E42/><V23/><F23/><W68/><G68/><T102/><D17/><U123/><E123/><V75/><F75/><W65/><G65/><T56/><D10/><U46/><E54/><V120/><F120/><W99/><REACH who="3" step="1"/><G1/><REACH who="3" ten="366,250,124,240" step="2"/><T29/><D29/><U98/><N who="1" m="11264" /><DORA hai="20" /><U49/><E19/><V130/><F130/><W37/><G37/><T0/><D0/><U127/><E49/><V110/><F110/><W50/><G50/><T133/><D133/><U112/><E112/><RYUUKYOKU ba="1,2" sc="366,-15,250,-15,124,15,240,15" hai2="7,8,15,51,53,64,67,81,82,83,97,103,104" hai3="4,11,14,24,25,26,36,38,80,85,95,99,101" /><INIT seed="1,2,2,5,4,10" ten="351,235,139,255" oya="1" hai0="94,9,1,121,17,119,37,3,12,90,49,117,78" hai1="99,118,58,56,124,109,22,98,41,28,86,46,53" hai2="133,132,36,25,107,18,54,60,84,72,55,82,134" hai3="106,92,108,19,126,24,67,62,39,15,88,34,50"/><U112/><E112/><V29/><F107/><W105/><G39/><T7/><D37/><U64/><E118/><V80/><F36/><W38/><G38/><T93/><D121/><U13/><E124/><V110/><F110/><W8/><G108/><T63/><D78/><U43/><E109/><V95/><F95/><W59/><G126/><T130/><D130/><U20/><E46/><V30/><F72/><W73/><G73/><T71/><D49/><N who="1" m="30767" /><E86/><V101/><F101/><W47/><G24/><T52/><D1/><U103/><E28/><V114/><F114/><W66/><G66/><T79/><D79/><U81/><E81/><V127/><F127/><W111/><G34/><T4/><D94/><N who="1" m="58839" /><E99/><V68/><F68/><W85/><REACH who="3" step="1"/><G111/><REACH who="3" ten="351,235,139,245" step="2"/><T123/><D123/><U32/><E32/><V97/><F134/><W96/><G96/><T31/><D119/><U91/><E64/><V70/><F97/><W131/><G131/><T44/><D117/><U27/><E27/><V100/><F100/><W57/><G57/><T120/><D120/><U116/><E58/><V128/><F128/><W21/><G21/><T115/><D115/><U113/><E113/><V77/><F133/><W23/><G23/><T83/><D71/><U102/><E102/><V2/><F132/><W5/><G5/><T104/><D7/><U61/><E116/><V75/><F70/><W26/><G26/><T42/><D4/><U74/><E74/><V89/><F75/><W122/><G122/><T87/><D104/><U6/><E22/><V125/><F125/><W45/><G45/><T48/><D44/><RYUUKYOKU ba="2,3" sc="351,-10,235,-10,139,-10,245,30" hai3="8,15,19,47,50,59,62,67,85,88,92,105,106" /><INIT seed="2,3,3,3,4,79" ten="341,225,129,275" oya="2" hai0="6,17,10,43,134,64,130,13,122,128,30,100,38" hai1="2,103,104,126,94,84,63,121,105,69,106,57,59" hai2="39,112,53,77,117,19,49,88,42,34,60,91,99" hai3="61,111,31,5,11,133,108,55,78,36,86,72,95"/><V9/><F112/><W83/><G133/><T50/><D122/><U85/><E2/><V75/><F117/><W113/><G36/><T27/><D134/><U97/><E121/><V81/><F34/><W107/><G107/><T52/><D64/><U87/><REACH who="1" step="1"/><E126/><REACH who="1" ten="341,215,129,275" step="2"/><V29/><F29/><W131/><G31/><T51/><D30/><U65/><AGARI ba="3,4" hai="57,59,63,65,69,84,85,87,94,97,103,104,105,106" machi="65" ten="40,5200,0" yaku="1,1,2,1,0,1,53,0" doraHai="79" doraHaiUra="73" who="1" fromWho="1" sc="341,-16,215,101,129,-29,275,-16" /><INIT seed="3,0,0,2,0,0" ten="325,316,100,259" oya="3" hai0="68,39,110,101,100,22,48,29,92,71,28,78,17" hai1="108,88,84,2,91,53,70,1,66,9,94,32,126" hai2="87,69,16,115,3,118,90,79,51,93,112,44,109" hai3="37,119,74,27,125,23,19,57,133,21,15,98,64"/><W61/><G119/><T33/><D39/><U103/><E32/><V25/><F118/><W18/><G125/><T43/><D33/><U117/><E117/><V5/><F69/><W134/><G74/><T106/><D106/><U81/><E126/><V77/><F109/><W11/><G37/><T114/><D110/><U6/><E108/><V47/><F115/><W97/><REACH who="3" step="1"/><G11/><REACH who="3" ten="325,316,100,249" step="2"/><T76/><D114/><U14/><E103/><V34/><F112/><W121/><G121/><T72/><D72/><U116/><E116/><V62/><F62/><W49/><G49/><T54/><D101/><U135/><E135/><AGARI ba="0,1" hai="15,18,19,21,23,27,57,61,64,97,98,133,134,135" machi="135" ten="40,3900,0" yaku="1,1,20,1,53,0" doraHai="0" doraHaiUra="83" who="3" fromWho="1" sc="325,0,316,-39,100,0,249,49" /><INIT seed="3,1,0,5,3,12" ten="325,277,100,298" oya="3" hai0="115,29,132,102,69,6,49,103,16,32,8,15,75" hai1="1,82,106,87,95,108,123,90,135,100,109,21,33" hai2="76,51,38,93,64,129,25,46,66,45,9,62,126" hai3="77,52,79,105,14,50,61,107,48,43,44,10,67"/><W94/><G94/><T27/><D75/><U22/><E33/><V58/><F76/><N who="3" m="29259" /><G107/><T74/><D74/><U23/><E1/><V99/><F126/><W130/><G105/><T119/><D119/><U34/><E34/><V86/><F129/><W73/><G130/><T124/><D124/><U30/><E123/><V40/><F86/><W37/><G37/><T24/><D69/><U121/><E121/><V78/><F78/><W85/><G85/><T42/><D115/><U19/><E30/><V54/><F9/><W118/><G73/><T83/><D83/><U112/><E112/><V133/><F133/><W68/><G68/><T36/><D36/><U63/><E135/><V53/><F99/><W35/><G35/><T55/><D132/><U97/><E63/><V59/><F25/><W96/><G96/><T60/><D27/><U20/><REACH who="1" step="1"/><E106/><REACH who="1" ten="325,267,100,298" step="2"/><V117/><F117/><W17/><G118/><T89/><D60/><U47/><E47/><V4/><F4/><W110/><G110/><T128/><D6/><U26/><AGARI ba="1,1" hai="19,20,21,22,23,26,82,87,90,95,97,100,108,109" machi="26" ten="30,4000,0" yaku="1,1,0,1,52,1,53,0" doraHai="12" doraHaiUra="111" who="1" fromWho="1" sc="325,-11,267,53,100,-11,298,-21" owari="314,11.4,320,42.0,89,-41.1,277,-12.3" /></mjloggm>