<mjloggm ver="2.3"><GO type="225" lobby="0"/><UN n0="%E3%82%BC%E3%83%AB%E3%83%80%E3%81%AE%E4%BC%9D%E8%AA%AC" n1="%E4%BF%BA%E3%81%A8%E5%A6%96%E5%A4%A2" n2="%E3%83%AD%E3%83%83%E3%83%86%E9%9B%80%E7%90%83" n3="%77%72%77%72%77%72%77%72" dan="18,17,16,17" rate="2247.22,2163.39,2186.09,2169.31" sx="M,F,M,M"/><TAIKYOKU oya="0"/><INIT seed="0,0,0,0,4,58" ten="250,250,250,250" oya="0" hai0="99,113,54,76,65,38,122,61,126,40,96,100,128" hai1="121,28,19,85,29,132,11,14,18,66,130,80,27" hai2="95,20,21,23,88,75,56,53,107,2,131,43,118" hai3="123,72,50,119,129,73,10,46,77,0,133,22,9"/><T125/><D113/><U1/><E121/><V8/><F131/><W110/><G119/><T24/><D122/><U39/><E130/><V93/><F107/><W114/><G129/><T103/><D128/><U47/><E132/><V84/><F75/><W71/><G123/><T42/><D76/><U6/><E66/><V13/><F118/><W90/><G114/><T70/><D24/><U41/><E1/><V34/><F34/><W32/><G32/><T67/><D67/><U127/><E127/><N who="0" m="48649" /><D54/><U79/><REACH who="1" step="1"/><E29/><REACH who="1" ten="250,240,250,250" step="2"/><V102/><F2/><W59/><G133/><T57/><D70/><U69/><E69/><V106/><F106/><W44/><G0/><T51/><D38/><U60/><E60/><N who="2" m="35855" /><F43/><N who="0" m="16426" /><D51/><U48/><E48/><V5/><F102/><AGARI ba="0,1" hai="57,61,65,96,99,100,102,103" m="16426,48649" machi="102" ten="30,2900,0" yaku="18,1,52,1" doraHai="58" who="0" fromWho="2" sc="250,39,240,0,250,-29,250,0" /><INIT seed="0,1,0,5,4,108" ten="289,240,221,250" oya="0" hai0="68,52,10,4,11,89,41,35,97,100,124,109,73" hai1="72,107,131,95,80,19,123,44,77,58,63,14,101" hai2="45,79,57,22,74,61,25,126,62,88,90,106,47" hai3="6,50,29,75,128,112,21,78,118,120,103,30,55"/><T9/><D35/><U125/><E123/><V51/><F106/><W0/><G118/><T32/><D32/><U39/><E107/><V117/><F126/><W16/><G120/><T1/><D68/><U104/><E104/><V54/><F117/><W3/><G112/><T66/><D66/><U64/><E125/><V27/><F74/><W85/><G128/><T102/><D124/><U34/><E34/><V37/><F79/><W116/><G75/><T115/><D115/><U87/><E131/><V5/><F5/><W130/><G130/><T33/><D33/><U15/><E101/><V129/><F129/><W46/><G116/><T56/><D41/><U28/><E28/><V48/><F37/><W2/><G103/><N who="0" m="39467" /><D73/><U135/><E135/><V31/><F27/><W53/><G6/><T76/><D76/><U113/><E113/><V69/><F69/><W94/><G53/><T86/><D97/><U38/><E44/><V67/><REACH who="2" step="1"/><F62/><REACH who="2" ten="289,240,211,250" step="2"/><W70/><G70/><T40/><D109/><U133/><E133/><V92/><F92/><W91/><REACH who="3" step="1"/><G78/><REACH who="3" ten="289,240,211,240" step="2"/><T111/><D4/><U23/><E72/><V17/><F17/><W122/><G122/><T114/><D114/><U84/><E77/><V105/><F105/><W110/><G110/><T36/><D111/><U82/><E95/><V71/><F71/><W13/><AGARI ba="1,2" hai="0,2,3,13,16,21,29,30,46,50,55,85,91,94" machi="13" ten="30,7900,0" yaku="1,1,0,1,54,1,53,1" doraHai="108" doraHaiUra="8" who="3" fromWho="3" sc="289,-40,240,-21,211,-21,240,102" /><INIT seed="1,0,0,1,0,116" ten="249,219,190,342" oya="1" hai0="55,43,18,120,134,22,14,70,61,13,133,97,10" hai1="67,29,77,47,7,125,23,30,1,9,111,124,46" hai2="131,38,109,44,73,129,8,27,112,94,105,99,15" hai3="96,56,80,6,34,64,35,76,49,5,98,31,101"/><U3/><E3/><V89/><F73/><W126/><G126/><N who="1" m="48746" /><E77/><V25/><F109/><W42/><G96/><T33/><D33/><U113/><E113/><V92/><F105/><W72/><G34/><T4/><D120/><U78/><E78/><V12/><F112/><W122/><G122/><T36/><D97/><U115/><E115/><V60/><F60/><W65/><G35/><T82/><D82/><U93/><E111/><V39/><F99/><W62/><G31/><N who="1" m="11786" /><E93/><V130/><F44/><N who="1" m="16937" /><E23/><V71/><F71/><W81/><G81/><T110/><D110/><U26/><E26/><N who="2" m="9739" /><F89/><W58/><G80/><T63/><D70/><U114/><E114/><V0/><F0/><W19/><G76/><T24/><D24/><U66/><AGARI ba="0,0" hai="1,7,9,66,67" m="16937,11786,48746" machi="66" ten="40,2100,0" yaku="18,1" doraHai="116" who="1" fromWho="1" sc="249,-7,219,21,190,-7,342,-7" /><INIT seed="1,1,0,4,0,88" ten="242,240,183,335" oya="1" hai0="104,21,131,133,55,11,45,25,82,10,80,102,68" hai1="106,87,130,132,23,52,94,54,85,125,112,120,47" hai2="41,107,6,44,34,35,91,90,28,22,105,50,20" hai3="122,81,17,116,1,59,95,60,14,27,83,72,86"/><U113/><E120/><V78/><F78/><W24/><G1/><T57/><D68/><U51/><E106/><V111/><F111/><W76/><G122/><T58/><D133/><U103/><E132/><V110/><F110/><W19/><G116/><T126/><D126/><U62/><E125/><V40/><F50/><W61/><G95/><T65/><D131/><U43/><E130/><V121/><F121/><W129/><G129/><T5/><D102/><U36/><E112/><V30/><REACH who="2" step="1"/><F44/><REACH who="2" ten="242,240,173,335" step="2"/><W26/><G76/><T33/><D45/><U13/><E113/><V99/><F99/><W3/><G72/><T115/><D115/><U124/><E124/><V128/><F128/><W123/><G86/><T15/><D104/><U42/><E36/><V93/><F93/><W96/><G96/><T69/><D82/><U29/><E85/><V63/><F63/><W39/><G61/><T9/><D80/><U134/><E134/><V84/><F84/><W48/><G60/><T46/><D46/><U73/><E73/><V56/><F56/><W127/><G59/><T64/><D57/><N who="1" m="35111" /><E87/><V101/><F101/><W66/><G39/><T135/><D135/><U108/><E108/><V31/><F31/><W53/><G123/><T32/><D69/><U79/><E79/><V37/><F37/><W118/><G127/><T7/><D65/><U77/><E77/><V109/><F109/><W12/><G66/><T114/><D64/><U16/><E29/><V74/><F74/><W117/><G53/><T98/><D114/><U97/><AGARI ba="1,1" hai="13,16,23,42,43,47,51,54,94,97,103" m="35111" machi="97" ten="30,11700,0" yaku="8,1,52,1,54,2" doraHai="88" who="1" fromWho="1" sc="242,-40,240,130,173,-40,335,-40" /><INIT seed="1,2,0,1,1,65" ten="202,370,133,295" oya="1" hai0="14,60,9,31,47,4,7,135,85,71,67,95,133" hai1="68,94,42,30,48,79,64,86,2,112,70,119,92" hai2="66,113,8,96,105,80,83,106,58,124,61,89,25" hai3="90,15,45,53,81,75,50,24,128,0,17,84,35"/><U39/><E112/><V6/><F124/><W73/><G128/><T69/><D31/><U18/><E119/><V76/><F113/><W5/><G0/><T36/><D7/><U28/><E2/><V40/><F40/><W110/><G5/><T98/><D85/><U59/><E39/><V134/><F134/><N who="0" m="51210" /><D47/><U120/><E92/><V87/><F25/><W62/><G110/><T44/><D44/><U26/><E120/><V122/><F122/><W77/><G77/><T12/><D14/><U116/><E116/><V129/><F129/><W16/><G62/><T20/><D20/><U118/><E118/><V57/><F57/><W63/><G63/><T103/><D36/><U33/><E30/><V43/><F43/><W37/><G37/><T49/><D49/><U54/><E42/><V11/><F11/><N who="3" m="6271" /><G35/><T121/><D121/><U111/><E111/><V23/><F23/><AGARI ba="2,0" hai="17,23,24,45,50,53,73,75,81,84,90" m="6271" machi="23" ten="30,2000,0" yaku="25,1,54,1" doraHai="65" who="3" fromWho="2" sc="202,0,370,0,133,-26,295,26" /><INIT seed="2,0,0,5,0,126" ten="202,370,107,321" oya="2" hai0="44,14,3,41,129,51,130,88,7,93,56,114,47" hai1="112,19,16,24,75,82,15,8,25,91,127,4,31" hai2="35,49,80,32,123,118,76,29,12,66,120,111,55" hai3="40,92,115,125,50,1,94,104,68,53,23,10,46"/><V102/><F118/><W69/><G104/><T28/><D114/><U64/><E112/><V59/><F111/><W131/><G115/><T122/><D122/><U97/><E127/><V73/><F102/><W34/><G34/><T13/><D28/><U84/><E75/><V43/><F43/><W63/><G125/><T61/><D3/><U2/><E64/><V20/><F66/><W21/><G69/><T87/><D47/><U26/><E97/><V42/><F42/><W54/><G68/><T67/><D7/><U57/><E57/><V95/><F95/><N who="3" m="36395" /><G1/><T96/><D87/><U11/><E19/><V38/><F38/><W6/><G6/><T135/><D135/><U134/><E134/><V39/><F39/><W74/><G74/><T77/><D77/><U98/><E98/><V110/><F110/><W86/><G86/><T58/><D58/><U37/><E37/><V103/><F103/><W116/><G116/><T124/><D124/><U89/><E89/><V105/><F105/><W33/><G33/><AGARI ba="0,0" hai="2,4,8,11,15,16,24,25,26,31,33,82,84,91" machi="33" ten="30,2000,0" yaku="7,1,54,1" doraHai="126" who="1" fromWho="3" sc="202,0,370,20,107,0,321,-20" /><INIT seed="3,0,0,5,5,38" ten="202,390,107,301" oya="3" hai0="45,14,23,29,12,55,71,84,65,72,32,57,96" hai1="21,123,94,47,58,106,49,15,115,70,41,2,20" hai2="61,18,98,9,64,95,93,126,76,105,0,89,90" hai3="83,39,79,27,134,88,111,116,109,40,117,125,113"/><W13/><G113/><T118/><D72/><U74/><E115/><V100/><F126/><W129/><G125/><T11/><D32/><U81/><E123/><V69/><F76/><W75/><G129/><T122/><D122/><U59/><E70/><V107/><F100/><W43/><G39/><T128/><D128/><U34/><E2/><V16/><F0/><W67/><G67/><T1/><D84/><U103/><E106/><V97/><REACH who="2" step="1"/><F18/><REACH who="2" ten="202,390,97,301" step="2"/><W131/><G131/><T102/><D1/><U19/><E103/><V48/><F48/><W6/><G134/><T104/><D102/><U66/><E49/><V30/><F30/><W44/><G27/><T36/><D29/><U33/><E74/><V135/><F135/><W31/><G31/><T62/><D36/><U52/><E19/><V37/><F37/><W8/><G44/><T101/><D45/><U46/><E47/><V87/><F87/><N who="3" m="50303" /><G79/><T54/><D101/><U51/><E46/><V56/><F56/><W7/><G7/><T112/><D57/><U108/><E59/><V10/><F10/><W119/><G75/><T5/><D112/><U99/><E58/><V42/><F42/><W124/><G124/><T86/><D86/><U114/><E114/><V28/><F28/><W110/><AGARI ba="0,1" hai="6,8,13,40,43,109,110,111,116,117,119" m="50303" machi="110" ten="40,12000,1" yaku="14,1,10,1,52,2,54,1" doraHai="38" who="3" fromWho="3" sc="202,-40,390,-40,97,-40,301,130" owari="162,-23.8,350,15.0,57,-44.3,431,53.1" /></mjloggm>