<mjloggm ver="2.3"><GO type="225" lobby="0"/><UN n0="%E3%81%99%E3%81%84%E3%81%BE%E3%81%9B%E3%83%BC%E3%82%93" n1="%E8%BE%9B%E5%8F%A3%E3%82%AB%E3%83%AC%E3%83%BC%E3%83%A9%E3%82%A4%E3%82%B9" n2="%E3%81%BE%E3%81%A8%E3%81%9F" n3="%73%6C%69%63%6B%33%31%39" dan="17,16,16,16" rate="2236.78,2207.79,2091.14,2059.65" sx="M,M,M,M"/><TAIKYOKU oya="0"/><INIT seed="0,0,0,2,2,10" ten="250,250,250,250" oya="0" hai0="93,25,2,133,15,131,119,124,47,39,75,66,94" hai1="44,123,56,101,80,24,90,3,81,72,92,36,105" hai2="99,30,82,100,19,62,49,108,16,78,68,41,51" hai3="0,46,11,18,26,118,32,52,64,109,95,34,135"/><T128/><D2/><U21/><E123/><V79/><F30/><W69/><G118/><T129/><D119/><U106/><E3/><V37/><F108/><W31/><G69/><T98/><D75/><U22/><E22/><V7/><F7/><N who="3" m="1511" /><G64/><T111/><D111/><U50/><E36/><V12/><F37/><W134/><G95/><T83/><D133/><N who="3" m="50697" /><G109/><T45/><D124/><U5/><E5/><V8/><F79/><W54/><G34/><T96/><D25/><U84/><E56/><V71/><F19/><W53/><G18/><T6/><D66/><U88/><E101/><V77/><F77/><W86/><G86/><T60/><D60/><U112/><E72/><V43/><F62/><W73/><G73/><T61/><D61/><U17/><E112/><V58/><F71/><W59/><G59/><T35/><D35/><U9/><E9/><V63/><F68/><W89/><G89/><N who="0" m="55343" /><D83/><U97/><REACH who="1" step="1"/><E80/><REACH who="1" ten="250,240,250,250" step="2"/><V126/><F63/><W104/><G104/><T116/><D116/><U102/><E102/><V42/><F126/><W38/><G38/><T55/><D39/><U120/><E120/><V14/><F58/><W132/><G132/><T57/><D57/><U122/><E122/><V115/><F115/><W13/><G13/><T70/><D70/><U33/><E33/><V110/><F110/><W85/><G46/><N who="0" m="17419" /><D15/><U29/><E29/><V65/><F65/><W23/><BYE who="2" /><G32/><T67/><D67/><U121/><E121/><V125/><F125/><W127/><G127/><T1/><D1/><U20/><E20/><V87/><F87/><W107/><G85/><RYUUKYOKU ba="0,1" sc="250,-15,240,15,250,-15,250,15" hai1="17,21,24,44,50,81,84,88,90,92,97,105,106" hai3="23,26,31,52,53,54,107" /><INIT seed="1,1,1,1,5,14" ten="235,255,235,265" oya="1" hai0="26,93,36,107,112,90,91,111,78,56,120,53,50" hai1="55,57,3,27,20,67,70,8,59,133,33,84,81" hai2="73,48,24,40,47,44,45,134,129,96,92,114,38" hai3="62,19,63,76,110,99,42,94,64,128,65,21,101"/><U29/><E133/><V86/><F86/><W72/><G110/><T69/><D112/><U113/><E113/><V85/><F85/><W105/><G128/><T135/><D111/><U109/><E109/><V35/><F35/><W106/><G42/><T115/><D115/><U25/><E70/><V18/><F18/><W89/><G72/><T108/><D107/><U34/><E67/><V116/><F116/><W23/><G76/><T16/><D69/><U121/><E121/><V12/><F12/><W51/><G51/><T5/><D36/><U79/><E34/><V132/><F132/><W104/><G101/><T37/><D37/><U95/><E95/><V124/><F124/><W10/><G10/><T52/><D108/><U119/><E55/><V126/><F126/><W117/><G117/><T11/><D120/><U103/><E103/><V97/><F97/><W9/><G9/><T131/><D131/><U28/><REACH who="1" step="1"/><E119/><REACH who="1" ten="235,245,235,265" step="2"/><V88/><F88/><W61/><G64/><T125/><D135/><U87/><E87/><V77/><F77/><W13/><G65/><T100/><D78/><U6/><AGARI ba="1,2" hai="3,6,8,20,25,27,28,29,33,57,59,79,81,84" machi="6" ten="30,6000,0" yaku="1,1,0,1,53,1" doraHai="14" doraHaiUra="75" who="1" fromWho="1" sc="235,-21,245,83,235,-21,265,-21" /><INIT seed="1,2,0,1,2,94" ten="214,328,214,244" oya="1" hai0="4,109,29,9,58,113,115,65,19,124,48,134,67" hai1="90,36,86,3,14,79,89,133,88,128,46,77,70" hai2="120,1,43,78,91,28,110,38,53,41,35,68,93" hai3="105,64,104,25,130,39,107,44,13,87,66,81,92"/><U63/><E3/><V8/><F8/><W84/><G130/><T20/><D109/><U99/><E128/><V132/><F132/><W118/><G118/><T106/><D134/><U5/><E133/><V122/><F122/><W57/><G25/><T21/><D124/><U33/><E33/><V45/><F45/><W98/><G13/><T0/><D106/><U129/><E129/><V72/><F72/><W96/><G84/><T52/><D29/><U59/><E70/><V10/><F10/><W71/><G71/><T103/><D103/><U62/><E62/><V126/><F126/><W51/><G39/><T55/><D55/><U101/><E5/><V102/><F102/><W6/><G6/><T61/><D67/><N who="1" m="39423" /><E14/><V22/><F22/><W24/><G24/><T40/><D21/><U100/><E36/><V73/><F73/><W112/><G112/><T23/><D20/><U76/><E46/><V37/><F37/><W11/><G11/><T42/><D115/><U74/><E74/><V30/><F30/><W12/><G92/><T117/><D117/><U69/><E69/><V97/><F97/><W114/><G12/><N who="0" m="5159" /><D113/><U16/><E16/><V108/><F108/><W119/><G119/><T18/><D0/><U54/><E54/><V26/><F26/><W50/><G114/><T83/><D18/><U135/><E135/><V121/><F121/><W27/><G27/><N who="0" m="14847" /><D83/><N who="1" m="47463" /><E101/><V123/><F123/><W116/><G116/><T7/><D7/><U75/><E75/><V2/><F2/><W80/><G105/><T111/><D111/><U60/><E100/><V49/><F49/><RYUUKYOKU ba="2,0" sc="214,30,328,-10,214,-10,244,-10" hai0="40,42,48,52,58,61,65" /><INIT seed="2,3,0,2,0,16" ten="244,318,204,234" oya="2" hai0="57,118,104,2,106,64,30,61,135,89,14,74,23" hai1="58,93,116,27,51,110,28,92,90,63,96,37,94" hai2="102,68,87,40,122,91,117,47,98,46,69,108,13" hai3="65,3,78,8,133,71,113,127,114,7,1,24,66"/><V126/><F126/><W0/><G127/><T119/><D2/><N who="3" m="1129" /><G78/><T53/><D74/><U82/><E110/><V86/><F86/><W105/><G105/><T29/><D135/><U17/><E37/><V112/><F112/><N who="3" m="43115" /><G133/><UN n2="%E3%81%BE%E3%81%A8%E3%81%9F" /><T25/><D30/><U49/><E116/><N who="0" m="44585" /><D89/><U70/><E70/><V56/><F117/><W22/><G71/><N who="0" m="42383" /><D14/><U67/><E17/><AGARI ba="3,0" hai="3,7,8,17,22,24,65,66" m="43115,1129" machi="17" ten="30,2000,0" yaku="11,1,52,1" doraHai="16" who="3" fromWho="1" sc="244,0,318,-29,204,0,234,29" /><INIT seed="3,0,0,4,4,10" ten="244,289,204,263" oya="3" hai0="12,7,67,114,91,5,93,60,131,23,84,87,97" hai1="19,96,62,58,51,112,53,6,45,55,11,15,3" hai2="1,39,100,134,44,24,46,129,123,40,29,130,61" hai3="36,89,56,65,47,48,30,133,74,71,82,50,105"/><W14/><G105/><T125/><D125/><U2/><E112/><V33/><F134/><W94/><G133/><T20/><D131/><U119/><E119/><V83/><F123/><W64/><G30/><T132/><D132/><U26/><E96/><V78/><F100/><W101/><G71/><T107/><D114/><U34/><E34/><V135/><F135/><W77/><G101/><T128/><D128/><U75/><E75/><V118/><F118/><W13/><G36/><T59/><D107/><U127/><E127/><V109/><F109/><W79/><G79/><T8/><D5/><U32/><E32/><V72/><F61/><W106/><G106/><T35/><D35/><U88/><E88/><V108/><F108/><W31/><G31/><T18/><REACH who="0" step="1"/><D23/><REACH who="0" ten="234,289,204,263" step="2"/><U110/><E110/><V126/><F126/><W113/><G113/><T76/><D76/><U41/><E6/><V116/><F116/><W37/><G77/><T4/><D4/><U52/><E2/><AGARI ba="0,1" hai="2,7,8,12,18,20,59,60,67,84,87,91,93,97" machi="2" ten="30,7700,0" yaku="1,1,7,1,52,1,53,1" doraHai="10" doraHaiUra="9" who="0" fromWho="1" sc="234,87,289,-77,204,0,263,0" owari="321,42.1,212,-18.8,204,-29.6,263,6.3" /></mjloggm>