<mjloggm ver="2.3"><GO type="225" lobby="0"/><UN n0="%E3%81%82%E3%81%99%E3%81%AB%E3%82%83%E3%82%80" n1="%E3%81%B5%E3%81%98%E3%81%8B%E3%81%A4" n2="%E3%82%B2%E3%82%B9%E8%8C%82%E5%8B%9D" n3="%E6%9D%B1%E9%A2%A8%E3%81%AE%E3%81%8D%E3%82%83%E3%81%B7%E3%81%95%E3%82%93" dan="16,16,16,17" rate="2104.88,2172.07,2079.64,2224.54" sx="F,M,F,M"/><TAIKYOKU oya="0"/><INIT seed="0,0,0,3,2,61" ten="250,250,250,250" oya="0" hai0="11,34,97,117,119,30,43,101,28,20,132,76,91" hai1="31,24,1,130,9,94,104,21,53,89,80,115,123" hai2="71,58,55,81,77,5,22,25,48,41,113,122,118" hai3="60,33,45,99,66,3,63,102,110,10,83,0,44"/><T135/><D43/><U120/><E130/><V84/><F118/><W96/><G33/><T116/><D76/><U106/><E115/><V73/><F122/><W100/><G110/><T4/><D91/><U49/><E80/><V59/><F113/><W107/><G83/><T129/><D34/><U67/><E123/><V69/><F41/><W98/><G10/><T112/><D112/><U65/><E120/><V38/><F38/><W125/><G125/><T54/><D54/><U42/><E42/><V74/><F5/><W90/><G90/><T32/><D32/><U75/><E75/><V126/><F126/><W95/><G98/><T87/><D87/><U27/><E27/><V51/><F73/><W105/><REACH who="3" step="1"/><G95/><REACH who="3" ten="250,250,250,240" step="2"/><N who="0" m="58559" /><D129/><U15/><E106/><V86/><F74/><W79/><G79/><T46/><D20/><U7/><E104/><V17/><F86/><W50/><G50/><T6/><D11/><U78/><E78/><V26/><F48/><W121/><G121/><T16/><D116/><U103/><E1/><V39/><F39/><W68/><G68/><T52/><D117/><U56/><E103/><V70/><REACH who="2" step="1"/><F59/><REACH who="2" ten="250,250,240,240" step="2"/><W72/><G72/><T124/><D124/><U8/><E9/><V18/><F18/><W23/><G23/><T19/><D16/><U127/><E127/><V40/><F40/><W36/><G36/><T64/><D19/><U12/><E12/><AGARI ba="0,2" hai="12,17,22,25,26,51,55,58,69,70,71,77,81,84" machi="12" ten="40,1300,0" yaku="1,1,53,0" doraHai="61" doraHaiUra="131" who="2" fromWho="1" sc="250,0,250,-13,240,33,240,0" /><INIT seed="1,0,0,3,1,94" ten="250,237,273,240" oya="1" hai0="1,97,51,16,74,129,11,84,79,71,20,117,47" hai1="96,9,115,108,73,86,126,56,67,41,105,54,72" hai2="18,91,32,43,57,134,23,101,92,88,75,21,69" hai3="107,114,62,19,112,10,46,70,22,3,122,14,53"/><U4/><E115/><V98/><F134/><W49/><G122/><T58/><D117/><U130/><E126/><V37/><F69/><W48/><G107/><T111/><D111/><U121/><E121/><V5/><F32/><W25/><G3/><T60/><D129/><U6/><E130/><V99/><F75/><W45/><G62/><T31/><D71/><U110/><E67/><V29/><F5/><N who="1" m="2153" /><E86/><V81/><F43/><W77/><G77/><T36/><D36/><U113/><E41/><V7/><F37/><W28/><REACH who="3" step="1"/><G70/><REACH who="3" ten="250,237,273,230" step="2"/><T13/><D1/><U127/><E113/><V68/><F68/><W55/><AGARI ba="0,1" hai="10,14,19,22,25,28,45,46,48,49,53,55,112,114" machi="55" ten="20,8000,1" yaku="1,1,2,1,0,1,7,1,9,1,53,0" doraHai="94" doraHaiUra="80" who="3" fromWho="3" sc="250,-20,237,-40,273,-20,230,90" /><INIT seed="2,0,0,1,2,61" ten="230,197,253,320" oya="2" hai0="93,48,2,131,0,119,74,8,39,97,121,55,98" hai1="49,6,3,28,100,70,45,96,38,64,25,42,31" hai2="111,51,43,60,132,33,115,73,104,14,81,5,7" hai3="108,58,12,125,90,57,101,56,135,129,17,79,102"/><V46/><F115/><W116/><G108/><T4/><D121/><U29/><E3/><V44/><F132/><W110/><G116/><T22/><D119/><U103/><E6/><V59/><F33/><W15/><G110/><T26/><D39/><U91/><E49/><V128/><F128/><W68/><G125/><T86/><D74/><U127/><E127/><V114/><F114/><W77/><G68/><T40/><D40/><U84/><E25/><V66/><F104/><W32/><G32/><T23/><D0/><U134/><E134/><V54/><F111/><W36/><G36/><T85/><D98/><U19/><E19/><V80/><F73/><W9/><G129/><T18/><D23/><U95/><REACH who="1" step="1"/><E96/><REACH who="1" ten="230,187,253,320" step="2"/><V117/><F117/><W105/><G135/><T10/><D131/><U126/><E126/><V123/><F123/><W107/><G12/><T53/><D8/><U83/><E83/><N who="2" m="31819" /><F14/><W67/><G17/><T1/><D2/><U78/><E78/><V69/><F7/><W47/><G15/><T24/><D26/><U71/><E71/><V37/><F5/><W21/><G9/><T133/><D133/><U112/><E112/><V82/><F82/><W16/><G16/><T118/><D118/><U75/><E75/><V87/><F46/><W41/><G79/><T120/><D120/><U35/><E35/><V13/><F13/><W65/><G77/><T50/><D48/><U76/><E76/><V92/><F87/><N who="0" m="33290" /><D50/><U124/><E124/><V20/><F20/><W88/><G21/><T130/><D130/><U52/><E52/><V106/><F69/><RYUUKYOKU ba="0,1" sc="230,15,187,15,253,-15,320,-15" hai0="1,4,10,18,22,24,53,55,93,97" hai1="28,29,31,38,42,45,64,70,84,91,95,100,103" /><INIT seed="3,1,1,4,0,78" ten="245,202,238,305" oya="3" hai0="66,40,76,12,55,13,98,80,46,56,26,3,126" hai1="63,102,53,71,77,90,74,111,96,91,134,67,10" hai2="15,30,24,127,9,133,22,23,41,0,125,27,82" hai3="104,33,114,28,50,52,64,57,86,93,103,99,116"/><W97/><G116/><T14/><D3/><U122/><E122/><V106/><F106/><W37/><G114/><T135/><D135/><U105/><E134/><V4/><F41/><W59/><G37/><T62/><D126/><N who="2" m="48138" /><F82/><W43/><G43/><T54/><D98/><U11/><E111/><V19/><F133/><W83/><G33/><T124/><D26/><AGARI ba="1,1" hai="0,4,9,15,19,22,23,24,26,27,30" m="48138" machi="26" ten="30,3900,0" yaku="18,1,34,2" doraHai="78" who="2" fromWho="0" sc="245,-42,202,0,238,52,305,0" owari="203,-19.7,202,-29.8,290,9.0,305,40.5" /></mjloggm>