<mjloggm ver="2.3"><GO type="225" lobby="0"/><UN n0="%4D%6F%6E%61%6E%61" n1="%E3%81%AF%E3%82%88%E3%81%8A%E3%81%98%E3%81%95%E3%82%93" n2="%33%74%72%65%65" n3="%72%69%6F%75%63%68%61%6E" dan="16,17,16,16" rate="2088.00,2133.25,2152.65,2158.09" sx="F,M,F,M"/><TAIKYOKU oya="0"/><INIT seed="0,0,0,2,4,59" ten="250,250,250,250" oya="0" hai0="90,99,39,67,60,127,40,85,125,96,24,97,77" hai1="107,68,66,61,33,73,89,43,74,112,134,122,51" hai2="10,7,28,32,102,105,41,114,31,12,131,15,116" hai3="9,76,119,55,63,80,95,27,79,36,26,70,117"/><T22/><D40/><U84/><E122/><V120/><F120/><W37/><G9/><T86/><D39/><U100/><E33/><V5/><F114/><W124/><G124/><N who="0" m="47691" /><D77/><N who="3" m="29769" /><G80/><T129/><D90/><U128/><E112/><V21/><F116/><N who="3" m="44619" /><G70/><N who="0" m="42343" /><D129/><U53/><E43/><V57/><F131/><W65/><G65/><T75/><D75/><U45/><E134/><V109/><F41/><W20/><G95/><T72/><D72/><U108/><E108/><V38/><F38/><N who="3" m="14955" /><G20/><T0/><D0/><U83/><REACH who="1" step="1"/><E128/><REACH who="1" ten="250,240,250,250" step="2"/><V42/><F42/><W6/><G6/><T132/><D132/><U23/><E23/><V87/><F21/><W29/><G29/><AGARI ba="0,1" hai="22,24,29,85,86,96,97,99" m="42343,47691" machi="29" ten="30,2900,0" yaku="18,1,52,1" doraHai="59" who="0" fromWho="3" sc="250,39,240,0,250,0,250,-29" /><INIT seed="0,1,0,0,0,106" ten="289,240,250,221" oya="0" hai0="8,111,21,26,49,75,42,110,24,40,130,53,31" hai1="119,6,15,85,32,22,54,102,52,134,66,125,30" hai2="58,18,33,101,11,88,113,116,13,43,79,118,97" hai3="117,133,39,103,81,57,37,115,70,62,60,71,59"/><T65/><D130/><U45/><E119/><N who="2" m="45611" /><F113/><W67/><G117/><T1/><D65/><U36/><E125/><V82/><F33/><W3/><G3/><T90/><D90/><U98/><E134/><V127/><F127/><W50/><G103/><T46/><D26/><U100/><E100/><V94/><F43/><W91/><G91/><T14/><D1/><U87/><E66/><V120/><F120/><W73/><G115/><T105/><D75/><U64/><E64/><V83/><F58/><W124/><G124/><T9/><D9/><U89/><E32/><V12/><F79/><W10/><G10/><T72/><D72/><U5/><E36/><N who="3" m="13898" /><G81/><N who="2" m="30729" /><F12/><W28/><G28/><T56/><D105/><U55/><E45/><V126/><F126/><W27/><G73/><T107/><D107/><U25/><E102/><AGARI ba="1,0" hai="11,13,18,88,94,97,101,102" m="30729,45611" machi="102" ten="30,2000,0" yaku="12,1,54,1" doraHai="106" who="2" fromWho="1" sc="289,0,240,-23,250,23,221,0" /><INIT seed="1,0,0,2,2,41" ten="289,217,273,221" oya="1" hai0="48,82,105,76,65,111,96,46,115,112,3,125,109" hai1="11,114,45,104,80,20,6,91,42,67,56,9,43" hai2="98,8,1,68,61,133,55,79,66,134,123,74,32" hai3="70,122,35,119,72,90,13,113,106,86,102,27,16"/><U117/><E114/><V85/><F123/><W21/><G122/><T99/><D65/><U62/><E117/><V25/><F85/><W64/><G113/><T24/><D24/><U57/><E104/><V37/><F55/><W36/><G72/><N who="0" m="43271" /><D3/><U38/><E42/><V75/><F98/><N who="0" m="37418" /><D105/><U28/><E57/><V129/><F25/><W88/><G106/><T15/><D15/><U121/><E121/><V4/><F32/><W7/><G119/><T18/><D18/><U54/><E20/><V128/><F37/><W5/><G36/><T69/><D69/><U39/><E28/><V100/><F100/><W12/><G102/><T59/><D59/><U30/><E30/><V29/><F29/><W2/><G2/><T50/><D50/><U103/><E103/><V10/><F10/><W63/><G35/><T52/><D125/><U116/><E116/><V135/><REACH who="2" step="1"/><F79/><REACH who="2" ten="289,217,263,221" step="2"/><W0/><G27/><T127/><D127/><U77/><E38/><V83/><F83/><W124/><G124/><T94/><D94/><U58/><E9/><V95/><F95/><W92/><G90/><T118/><D118/><U107/><E91/><V71/><F71/><W23/><G0/><T97/><D97/><U110/><E107/><V84/><F84/><W47/><G23/><T132/><D132/><U60/><E11/><V89/><F89/><W19/><G12/><T93/><D93/><U14/><E14/><V87/><F87/><W44/><G19/><T126/><D126/><U78/><E78/><V53/><F53/><W131/><G131/><AGARI ba="0,1" hai="1,4,8,61,66,68,74,75,128,129,131,133,134,135" machi="131" ten="50,8000,1" yaku="1,1,19,1,20,1,23,2,53,0" doraHai="41" doraHaiUra="17" who="2" fromWho="3" sc="289,0,217,0,263,90,221,-80" /><INIT seed="2,0,0,0,3,102" ten="289,217,353,141" oya="2" hai0="12,129,131,15,18,10,17,20,82,40,38,65,74" hai1="120,135,22,92,4,61,132,66,45,8,108,21,63" hai2="127,43,107,90,30,47,97,0,16,96,7,14,31" hai3="35,68,89,117,115,101,19,122,44,119,76,86,106"/><V71/><F71/><W39/><G122/><T55/><D65/><U52/><E120/><V95/><F127/><W100/><G35/><T85/><D74/><U98/><E108/><V42/><F7/><W105/><G68/><T56/><D40/><U109/><E109/><V70/><F0/><W112/><G19/><T36/><D129/><U75/><E75/><V5/><F5/><W59/><G59/><T3/><D3/><U51/><E22/><V41/><F47/><W91/><G44/><T99/><D99/><U58/><E21/><V77/><F77/><W94/><G39/><T49/><D131/><U81/><E81/><V11/><REACH who="2" step="1"/><F70/><REACH who="2" ten="289,217,343,141" step="2"/><W78/><G86/><T50/><D49/><U60/><E132/><V80/><F80/><W125/><G94/><T93/><D93/><U103/><E135/><V124/><F124/><AGARI ba="0,1" hai="76,78,89,91,100,101,105,106,112,115,117,119,124,125" machi="124" ten="25,12000,2" yaku="22,2,34,3,52,2" doraHai="102" who="3" fromWho="2" sc="289,0,217,0,343,-120,141,130" /><INIT seed="3,0,0,4,1,12" ten="289,217,223,271" oya="3" hai0="98,26,114,21,66,80,124,34,105,43,62,117,38" hai1="132,115,49,51,42,41,91,97,54,48,64,126,110" hai2="35,74,113,6,29,119,125,88,130,30,16,53,11" hai3="76,47,0,36,67,79,92,118,102,56,72,32,84"/><W63/><G118/><T68/><D117/><U82/><E115/><V134/><F74/><W14/><G0/><T15/><D80/><U7/><E110/><V94/><F119/><W1/><G1/><T44/><D124/><U86/><E126/><V45/><F125/><W20/><G32/><T13/><D114/><U90/><E132/><V122/><F113/><W128/><G128/><T17/><REACH who="0" step="1"/><D34/><REACH who="0" ten="279,217,223,271" step="2"/><U28/><E7/><V58/><F35/><W87/><G76/><T65/><D65/><U111/><E64/><V85/><F134/><W120/><G79/><T52/><D52/><U18/><E111/><V25/><F130/><W78/><G78/><T83/><D83/><U99/><E28/><V31/><F122/><W131/><G120/><T55/><D55/><U116/><E116/><V33/><F6/><W133/><G133/><T37/><D37/><U121/><E121/><V60/><F45/><W73/><G47/><T81/><D81/><N who="1" m="49487" /><E54/><V101/><F101/><AGARI ba="0,1" hai="13,15,17,21,26,38,43,44,62,66,68,98,101,105" machi="101" ten="40,5200,0" yaku="1,1,52,1,53,1" doraHai="12" doraHaiUra="100" who="0" fromWho="2" sc="279,62,217,0,223,-52,271,0" owari="341,44.1,217,-18.3,171,-32.9,271,7.1" /></mjloggm>