<mjloggm ver="2.3"><GO type="225" lobby="0"/><UN n0="%68%6F%72%69%30%39%30%31" n1="%E5%B8%86%E7%AB%8B%E5%A4%8F%E8%A1%A3" n2="%E3%82%BD%E3%83%83%E3%82%AF%E3%82%B9%E2%99%AA" n3="%E5%B0%8F%E9%B3%A5%E9%81%8A%E7%B7%B4%E7%84%A1%32%31%E6%AD%B3" dan="16,16,16,16" rate="2109.15,2132.37,2050.70,2165.41" sx="M,M,M,F"/><TAIKYOKU oya="0"/><INIT seed="0,0,0,4,5,26" ten="250,250,250,250" oya="0" hai0="113,84,41,39,86,115,90,52,71,27,29,47,85" hai1="95,28,2,99,118,100,0,5,75,127,42,69,24" hai2="65,103,15,44,67,79,135,134,97,8,6,18,14" hai3="36,108,45,78,105,38,101,4,48,94,91,50,98"/><T20/><D71/><U116/><E75/><V117/><F117/><W1/><G108/><T62/><REACH who="0" step="1"/><D90/><REACH who="0" ten="240,250,250,250" step="2"/><U132/><E69/><V119/><F119/><W37/><G91/><T11/><D11/><U58/><E118/><V59/><F134/><W122/><G122/><T63/><D63/><U51/><E116/><V49/><F135/><W46/><G78/><T34/><D34/><U56/><E132/><V124/><F79/><W17/><G36/><T130/><D130/><U13/><E2/><V25/><F8/><W80/><G37/><T35/><D35/><U12/><E0/><V111/><F111/><W102/><G38/><T30/><D30/><U81/><E28/><V114/><F114/><W92/><G1/><T88/><D88/><U33/><E33/><V121/><F121/><W16/><G101/><T68/><D68/><U123/><E123/><V76/><F76/><W3/><G3/><T40/><D40/><U61/><E61/><V31/><F31/><W128/><G128/><T82/><D82/><U23/><E81/><V106/><F103/><W7/><G80/><T60/><D60/><U21/><E100/><V32/><F32/><W10/><G102/><T54/><D54/><U73/><E42/><V66/><F66/><W72/><G10/><T83/><D83/><U104/><E23/><V55/><F67/><W133/><G133/><T77/><D77/><U70/><E21/><V57/><F65/><W125/><G72/><T126/><D126/><U9/><E73/><V19/><F124/><W64/><G64/><T129/><D129/><U96/><E9/><RYUUKYOKU ba="0,1" sc="240,30,250,-10,250,-10,250,-10" hai0="20,27,29,39,41,47,52,62,84,85,86,113,115" /><INIT seed="0,1,1,0,4,19" ten="270,240,240,240" oya="0" hai0="7,12,75,13,126,94,76,105,133,132,113,63,74" hai1="21,34,87,61,109,25,135,120,103,107,67,80,29" hai2="45,90,14,128,60,100,56,10,53,134,2,55,38" hai3="111,65,5,78,127,42,57,73,15,124,119,23,117"/><T129/><D113/><U69/><E120/><V59/><F134/><N who="0" m="51818" /><D105/><U82/><E109/><V71/><F128/><W64/><G111/><T8/><D129/><U118/><E135/><V44/><F71/><W95/><G42/><T36/><D36/><U123/><E123/><V115/><F115/><W0/><G0/><N who="0" m="103" /><D126/><N who="3" m="48169" /><G95/><T6/><D94/><U93/><E118/><V26/><F38/><W130/><G130/><T66/><D76/><U3/><E3/><V41/><F41/><W51/><G117/><T50/><D50/><U40/><E40/><V79/><F79/><W98/><G119/><T54/><D54/><U4/><E4/><V39/><F39/><W49/><G5/><T22/><D6/><U46/><E93/><V9/><F2/><W48/><G98/><T91/><D91/><U35/><E82/><V30/><F100/><W16/><G57/><N who="0" m="37231" /><D12/><U18/><E107/><V102/><F102/><W77/><G77/><T88/><D88/><U70/><E103/><V86/><F90/><W114/><G114/><T27/><D13/><U99/><E80/><AGARI ba="1,1" hai="15,16,23,48,49,51,64,65,73,78,80" m="48169" machi="80" ten="30,3900,0" yaku="18,1,52,1,54,1" doraHai="19" who="3" fromWho="1" sc="270,0,240,-42,240,0,240,52" /><INIT seed="1,0,0,5,5,60" ten="270,198,240,292" oya="1" hai0="4,105,109,125,15,95,27,124,116,31,19,11,48" hai1="92,33,25,23,37,8,103,118,121,115,59,61,12" hai2="39,64,46,9,70,36,43,65,83,3,101,108,90" hai3="120,57,56,51,135,40,126,132,26,86,44,35,112"/><U104/><E115/><V52/><F108/><W18/><G112/><T130/><D116/><U47/><E118/><V98/><F70/><W96/><G120/><T97/><D105/><U58/><E121/><V107/><F36/><W134/><G126/><N who="0" m="48747" /><D109/><U24/><E104/><V7/><REACH who="2" step="1"/><F52/><REACH who="2" ten="270,198,230,292" step="2"/><W106/><G134/><T14/><D130/><U117/><E117/><V28/><F28/><W110/><G135/><T5/><D48/><U131/><E131/><V133/><F133/><W71/><G132/><T17/><D31/><U111/><E111/><V49/><F49/><W41/><G71/><T50/><D50/><U81/><E37/><V38/><F38/><W54/><G54/><T20/><D27/><U45/><E25/><V21/><F21/><W84/><G26/><T76/><D76/><U6/><E33/><V129/><F129/><W68/><G35/><T99/><D99/><N who="1" m="59879" /><E59/><V42/><F42/><W29/><G40/><T67/><D67/><N who="1" m="39351" /><E81/><V62/><F62/><W72/><G57/><T80/><D80/><U66/><E66/><V34/><F34/><W63/><G56/><T128/><D128/><U93/><E93/><V91/><F91/><AGARI ba="0,1" hai="4,5,11,14,15,17,19,20,91,95,97" m="48747" machi="91" ten="30,1000,0" yaku="18,1" doraHai="60" who="0" fromWho="2" sc="270,20,198,0,230,-10,292,0" /><INIT seed="2,0,0,0,2,73" ten="290,198,220,292" oya="2" hai0="126,75,21,93,118,61,11,127,16,117,133,0,107" hai1="66,105,46,78,26,57,4,86,99,70,19,67,30" hai2="9,20,88,91,90,119,10,25,59,39,15,63,54" hai3="45,6,115,116,84,60,27,3,28,35,68,98,55"/><V95/><F119/><N who="0" m="45578" /><D107/><U22/><E70/><V18/><F39/><W38/><G115/><T122/><D75/><U96/><E4/><V97/><REACH who="2" step="1"/><F9/><REACH who="2" ten="290,198,210,292" step="2"/><W83/><G116/><T109/><D122/><U53/><E105/><V113/><F113/><W104/><G38/><T132/><D109/><U58/><E30/><AGARI ba="0,1" hai="10,15,18,20,25,30,54,59,63,88,90,91,95,97" machi="30" ten="30,12000,1" yaku="1,1,7,1,8,1,54,1,53,1" doraHai="73" doraHaiUra="52" who="2" fromWho="1" sc="290,0,198,-120,210,130,292,0" /><INIT seed="2,1,0,3,0,99" ten="290,78,340,292" oya="2" hai0="95,1,131,113,71,37,96,109,19,135,83,126,15" hai1="76,31,125,47,18,112,55,30,72,59,20,13,90" hai2="124,29,16,119,6,133,11,24,51,101,42,98,100" hai3="41,43,116,39,25,122,88,66,89,127,56,14,82"/><V28/><F119/><W61/><G116/><T123/><RYUUKYOKU type="yao9" ba="1,0" sc="290,0,78,0,340,0,292,0" hai0="1,15,19,37,71,83,95,96,109,113,123,126,131,135" /><INIT seed="2,2,0,0,0,109" ten="290,78,340,292" oya="2" hai0="65,129,36,24,72,35,30,63,44,92,84,128,12" hai1="23,76,54,64,94,132,134,105,103,83,13,111,119" hai2="116,28,73,135,18,2,20,120,29,125,96,117,33" hai3="113,124,75,88,32,90,48,101,26,3,31,50,114"/><V47/><F73/><W15/><G3/><T1/><D1/><U91/><E54/><V60/><F120/><W52/><G75/><T71/><D72/><U131/><E23/><V19/><F135/><W34/><G48/><T40/><D12/><U97/><E13/><V106/><F125/><W57/><G101/><T37/><D37/><U86/><E64/><V43/><F33/><W104/><G104/><T78/><REACH who="0" step="1"/><D92/><REACH who="0" ten="280,78,340,292" step="2"/><U69/><E69/><V66/><F2/><W25/><G124/><T9/><D9/><U49/><E49/><V70/><F117/><W118/><G118/><T127/><D127/><U79/><E119/><V22/><F116/><W89/><G15/><T10/><D10/><U58/><E58/><V98/><F106/><W100/><G100/><T82/><AGARI ba="2,1" hai="24,30,35,36,40,44,63,65,71,78,82,84,128,129" machi="82" ten="30,7900,0" yaku="1,1,0,1,53,2" doraHai="109" doraHaiUra="126" who="0" fromWho="0" sc="280,95,78,-22,340,-41,292,-22" /><INIT seed="3,0,0,2,3,23" ten="375,56,299,270" oya="3" hai0="58,16,89,100,88,1,94,56,55,122,45,98,97" hai1="52,34,69,118,85,104,65,102,91,54,92,27,29" hai2="66,60,39,133,47,95,106,24,87,128,57,119,127" hai3="36,108,75,83,70,121,90,114,25,68,49,48,82"/><W31/><G36/><T3/><D122/><U61/><REACH who="1" step="1"/><E118/><REACH who="1" ten="375,46,299,270" step="2"/><V2/><F119/><W79/><G114/><T38/><D3/><U46/><E46/><V81/><F47/><W18/><G121/><T37/><D45/><U19/><E19/><V28/><F2/><W62/><G18/><T5/><D16/><U30/><E30/><V123/><F28/><W20/><G108/><T9/><D58/><U109/><E109/><V110/><F57/><W10/><G70/><T0/><D0/><U22/><E22/><V131/><F110/><W26/><G10/><T59/><D59/><U6/><E6/><V17/><F17/><W86/><G68/><T32/><D32/><U111/><E111/><V132/><F123/><W80/><G62/><T63/><D89/><U78/><E78/><V130/><F60/><W134/><G134/><T64/><D64/><U44/><E44/><V135/><F66/><W33/><G80/><T35/><D35/><U7/><E7/><V40/><F135/><W74/><G74/><T101/><D88/><U67/><E67/><V115/><F133/><W43/><G43/><T73/><D73/><U117/><E117/><V84/><F40/><W116/><G116/><T77/><D77/><U12/><E12/><V4/><F132/><W71/><G71/><T15/><D1/><U21/><E21/><V51/><F4/><W103/><G103/><T113/><D113/><U41/><E41/><V105/><F81/><W99/><G99/><AGARI ba="0,1" hai="27,29,34,52,54,61,65,69,85,91,92,99,102,104" machi="99" ten="40,12000,2" yaku="21,2,25,2,52,1,54,1,53,0" doraHai="23" doraHaiUra="72" who="1" fromWho="3" sc="375,0,46,130,299,0,270,-120" owari="375,47.5,176,-22.4,299,9.9,150,-35.0" /></mjloggm>