<mjloggm ver="2.3"><GO type="225" lobby="0"/><UN n0="%72%69%6F%75%63%68%61%6E" n1="%E7%99%BD%E6%97%A5%E9%9B%AA%E8%8F%9C" n2="%72%65%6E%6B%75%6E" n3="%E8%91%B5%E3%81%A1%E3%82%83%E3%82%93" dan="16,17,17,17" rate="2158.06,2224.14,2189.09,2190.84" sx="M,M,M,F"/><TAIKYOKU oya="0"/><INIT seed="0,0,0,5,2,64" ten="250,250,250,250" oya="0" hai0="123,54,32,107,129,63,39,33,10,57,26,110,53" hai1="66,84,119,85,49,130,76,28,111,19,30,25,103" hai2="37,38,104,79,118,68,56,34,120,72,80,93,47" hai3="9,92,23,77,43,135,12,51,42,6,36,61,60"/><T13/><D123/><U133/><E119/><V11/><F93/><W131/><G131/><T126/><D126/><U4/><E130/><V125/><F56/><W58/><G135/><T35/><D129/><U121/><E121/><V41/><F120/><W124/><G124/><T82/><D110/><U83/><E4/><V108/><F125/><W14/><G36/><T48/><D107/><U109/><E133/><V75/><F108/><N who="1" m="41545" /><E66/><V113/><F113/><W122/><G122/><T81/><D39/><U116/><E103/><V71/><F118/><W95/><G77/><T17/><REACH who="0" step="1"/><D26/><REACH who="0" ten="240,250,250,250" step="2"/><U52/><E116/><V50/><F104/><W44/><G43/><T96/><D96/><U101/><E101/><V98/><F38/><W100/><G100/><T2/><D2/><U8/><E25/><V16/><F98/><W18/><REACH who="3" step="1"/><G61/><REACH who="3" ten="240,250,250,240" step="2"/><T59/><AGARI ba="0,2" hai="10,13,17,32,33,35,48,53,54,57,59,63,81,82" machi="59" ten="40,12000,1" yaku="1,1,0,1,53,3" doraHai="64" doraHaiUra="29" who="0" fromWho="0" sc="240,140,250,-40,250,-40,240,-40" /><INIT seed="0,1,0,3,0,135" ten="380,210,210,200" oya="0" hai0="14,81,34,70,25,110,100,96,5,20,37,102,71" hai1="11,69,27,134,94,73,91,118,39,29,129,50,109" hai2="131,124,74,56,112,45,57,65,49,38,84,127,18" hai3="108,36,97,4,53,72,125,35,19,54,90,48,103"/><T116/><D116/><U115/><E118/><V7/><F74/><W79/><G36/><T16/><D37/><U76/><E39/><V30/><F112/><W60/><G35/><T82/><D110/><U86/><E109/><V119/><F119/><W47/><G108/><T33/><D102/><U44/><E69/><V78/><F38/><W89/><G4/><T66/><D33/><U68/><E68/><V114/><F114/><W113/><G113/><T101/><D101/><U80/><E115/><V98/><F30/><W41/><G72/><T63/><D71/><U6/><E134/><V132/><F132/><W126/><G79/><T111/><D111/><U1/><E129/><V62/><F7/><W105/><G19/><T95/><REACH who="0" step="1"/><D5/><REACH who="0" ten="370,210,210,200" step="2"/><U8/><E6/><V107/><F131/><W64/><G64/><T55/><D55/><N who="3" m="21001" /><G60/><T59/><D59/><U104/><E1/><V23/><F57/><W46/><G46/><T128/><D128/><U99/><E44/><V51/><F45/><W93/><G105/><T120/><D120/><U15/><E104/><V92/><F107/><W85/><G47/><T32/><D32/><U24/><E50/><V75/><F49/><W117/><G117/><T10/><D10/><U83/><E8/><V67/><F51/><W2/><G2/><T26/><D26/><U77/><E27/><N who="2" m="14839" /><F65/><W42/><G48/><T58/><D58/><U133/><E133/><V17/><F56/><W21/><G103/><T22/><D22/><N who="1" m="15511" /><E11/><V3/><F62/><W40/><G21/><T130/><D130/><U13/><E13/><V31/><F67/><RYUUKYOKU ba="1,1" sc="370,10,210,10,210,-30,200,10" hai0="14,16,20,25,34,63,66,70,81,82,95,96,100" hai1="15,73,76,77,80,83,86,91,94,99" hai3="40,41,42,85,89,90,93,97,125,126" /><INIT seed="0,2,1,2,5,37" ten="380,220,180,210" oya="0" hai0="66,117,75,111,83,45,132,64,126,29,98,91,103" hai1="113,120,131,3,67,122,69,33,71,25,112,119,116" hai2="19,95,90,82,127,2,106,11,108,100,26,52,79" hai3="36,15,107,58,123,48,13,73,49,89,85,61,68"/><T81/><D117/><N who="1" m="45131" /><E3/><V5/><F108/><W42/><G73/><T101/><D126/><U14/><E14/><V114/><F127/><W16/><G107/><T97/><D132/><U104/><E104/><V93/><F114/><N who="1" m="44137" /><E131/><V77/><F106/><W1/><G68/><N who="1" m="26186" /><E67/><V51/><F100/><W96/><G1/><T30/><D111/><U43/><E43/><V21/><F90/><W102/><G13/><T27/><D75/><U86/><E86/><V109/><F109/><W59/><G85/><T80/><D91/><U135/><E135/><V129/><F129/><W110/><G89/><T46/><D83/><U115/><N who="1" m="44145" /><U31/><AGARI ba="2,1" hai="25,31,33,120,122" m="26186,44145,45131" machi="31" ten="50,6400,0" yaku="4,1,11,1,23,1" doraHai="37" who="1" fromWho="1" sc="380,-34,220,80,180,-18,210,-18" /><INIT seed="1,0,0,2,0,48" ten="346,300,162,192" oya="1" hai0="53,63,72,31,80,87,16,91,51,39,33,45,20" hai1="8,12,37,93,81,35,1,128,4,78,120,32,108" hai2="127,98,113,104,100,44,129,118,125,88,109,69,19" hai3="25,92,13,68,99,124,122,17,57,84,130,64,21"/><U60/><E120/><V66/><F118/><W75/><G122/><T83/><D39/><U40/><E128/><V26/><F129/><W116/><G130/><T18/><D33/><U6/><E108/><V23/><F109/><W36/><G75/><T119/><D119/><U101/><E37/><V59/><F69/><W115/><G115/><T2/><D2/><U90/><E40/><V43/><F113/><W5/><G36/><T74/><D74/><U11/><E101/><V82/><F66/><W102/><G68/><T71/><D31/><U121/><E121/><V62/><F44/><W41/><G116/><T50/><D20/><U97/><REACH who="1" step="1"/><E60/><REACH who="1" ten="346,290,162,192" step="2"/><V55/><REACH who="2" step="1"/><F43/><REACH who="2" ten="346,290,152,192" step="2"/><W107/><G41/><T111/><D111/><U52/><E52/><V34/><F34/><W96/><G64/><T58/><D71/><U29/><E29/><V49/><F49/><W15/><G124/><T9/><D50/><U112/><E112/><V46/><F46/><W85/><G57/><T131/><D131/><U24/><E24/><V126/><F126/><W28/><G28/><T73/><D45/><U103/><E103/><V67/><F67/><W95/><G25/><T79/><D51/><U7/><E7/><V117/><F117/><W30/><G30/><T94/><D53/><U0/><E0/><V89/><F89/><W10/><G107/><T133/><D91/><AGARI ba="0,2" hai="5,10,13,15,17,21,84,85,91,92,95,96,99,102" machi="91" ten="30,2000,0" yaku="7,1,8,1" doraHai="48" who="3" fromWho="0" sc="346,-20,290,0,152,0,192,40" /><INIT seed="2,0,0,5,3,84" ten="326,290,152,232" oya="2" hai0="119,38,83,35,133,108,70,90,14,15,57,24,45" hai1="9,102,118,120,94,34,31,39,80,99,3,129,100" hai2="2,114,128,68,42,95,8,47,112,6,61,7,113" hai3="51,86,123,131,101,124,115,49,110,69,22,134,85"/><V55/><F128/><W32/><G101/><T46/><D70/><U81/><E118/><V52/><F6/><W58/><G22/><T4/><D119/><U10/><E39/><V17/><F17/><W93/><G93/><T135/><D108/><U66/><E129/><V27/><F27/><W64/><G86/><N who="0" m="50527" /><D57/><U41/><E41/><V89/><F61/><W23/><G23/><T74/><D74/><U78/><E102/><V50/><REACH who="2" step="1"/><F68/><REACH who="2" ten="326,290,142,232" step="2"/><W53/><G69/><T88/><D4/><U18/><E18/><V111/><F111/><W0/><G110/><T1/><D24/><U121/><E121/><V36/><F36/><W91/><G123/><T117/><D38/><U77/><E120/><V59/><F59/><W28/><G58/><T73/><D117/><U125/><E125/><V97/><AGARI ba="0,1" hai="2,7,8,42,47,50,52,55,89,95,97,112,113,114" machi="97" ten="30,11700,0" yaku="1,1,0,1,52,1,54,1,53,0" doraHai="84" doraHaiUra="16" who="2" fromWho="2" sc="326,-39,290,-39,142,127,232,-39" /><INIT seed="2,1,0,5,4,104" ten="287,251,269,193" oya="2" hai0="120,2,128,135,42,7,122,38,43,44,71,95,32" hai1="40,62,90,47,53,30,66,130,65,31,27,111,109" hai2="110,33,11,59,129,105,124,36,16,97,74,94,19" hai3="18,121,73,116,61,29,82,69,58,127,23,28,26"/><V0/><F105/><W132/><G116/><T86/><D32/><U92/><E130/><V49/><F33/><W103/><G121/><T41/><D128/><U118/><E53/><N who="2" m="32175" /><F36/><W60/><G127/><T24/><D135/><U88/><E118/><V54/><F74/><W4/><G132/><T1/><D71/><U14/><E14/><N who="2" m="7263" /><F0/><W126/><G126/><T87/><D7/><U12/><E12/><V21/><F124/><W55/><G103/><T91/><D86/><U34/><E31/><V101/><F129/><W96/><G96/><T57/><D1/><U64/><E62/><V17/><F110/><N who="1" m="41993" /><E92/><V123/><F123/><W9/><G61/><T93/><D2/><U84/><E84/><V35/><F35/><W8/><G69/><T76/><D95/><U68/><E68/><V113/><F113/><W51/><G60/><T81/><D122/><U98/><E98/><V85/><F85/><W102/><G29/><T131/><D131/><U78/><E78/><V79/><F79/><W89/><G28/><T37/><D120/><U75/><E75/><V99/><F99/><W10/><G73/><N who="0" m="43151" /><D37/><AGARI ba="1,0" hai="27,30,34,37,40,47,64,65,66,88,90" m="41993" machi="37" ten="30,2000,0" yaku="14,1,54,1" doraHai="104" who="1" fromWho="0" sc="287,-23,251,23,269,0,193,0" /><INIT seed="3,0,0,0,4,84" ten="264,274,269,193" oya="3" hai0="13,37,16,109,80,115,113,131,94,43,54,108,87" hai1="134,104,118,53,99,46,7,120,1,35,119,95,65" hai2="55,44,20,11,128,72,91,74,67,124,114,66,64" hai3="18,105,125,127,88,31,52,86,77,15,111,39,92"/><W81/><G39/><T57/><D131/><U132/><E120/><V83/><F114/><N who="0" m="43530" /><D94/><U82/><E35/><V17/><F128/><W68/><G105/><T12/><D43/><U47/><E104/><V116/><F124/><N who="3" m="47691" /><G68/><T40/><D40/><U85/><E65/><V19/><F116/><N who="1" m="44585" /><E7/><V36/><F36/><W38/><G38/><T0/><D0/><U63/><E1/><V26/><F11/><N who="3" m="6527" /><G31/><T122/><D122/><U133/><E63/><V29/><F72/><N who="3" m="43175" /><G111/><N who="0" m="42571" /><D37/><U3/><E3/><V69/><F74/><W121/><G121/><T89/><D16/><N who="2" m="6218" /><F69/><W117/><G117/><T34/><D34/><U102/><E53/><AGARI ba="0,0" hai="52,53,86,88,92" m="43175,6527,47691" machi="53" ten="30,11600,0" yaku="18,1,52,1,54,2" doraHai="84" who="3" fromWho="1" sc="264,0,274,-116,269,0,193,116" owari="264,-13.6,158,-34.2,269,6.9,309,40.9" /></mjloggm>