<mjloggm ver="2.3"><GO type="225" lobby="0"/><UN n0="%E6%9C%AA%E6%9D%A5%E5%B0%91%E5%B9%B4" n1="%E8%90%BD%E6%97%A5" n2="%E3%81%95%E3%81%8D%E3%81%9F%E3%81%BE%E6%9E%97%E6%AA%8E" n3="%E3%82%AF%E3%82%A3%E3%82%A6" dan="16,19,16,16" rate="2119.82,2234.21,2074.18,2126.32" sx="M,F,M,M"/><TAIKYOKU oya="0"/><INIT seed="0,0,0,1,2,111" ten="250,250,250,250" oya="0" hai0="83,97,87,115,120,46,13,54,90,81,89,113,122" hai1="80,65,92,88,22,11,39,48,107,52,32,21,36" hai2="110,8,77,3,27,96,29,116,5,132,18,57,59" hai3="14,47,25,38,133,125,103,19,56,69,34,93,85"/><T37/><D13/><U53/><E107/><V106/><F110/><W82/><G69/><T40/><D54/><U15/><E32/><V124/><F124/><W50/><G125/><T71/><D71/><U58/><E65/><V86/><F132/><W24/><G133/><T135/><D135/><U72/><E39/><V44/><F116/><W127/><G127/><T66/><D66/><U129/><E36/><V109/><F109/><W108/><G108/><T70/><D70/><U64/><E64/><V84/><F18/><W43/><G34/><T63/><D63/><U1/><E1/><V75/><F44/><W119/><G119/><T67/><D67/><U31/><E31/><V12/><F3/><W78/><G56/><T130/><D130/><U20/><E129/><V98/><F75/><W9/><REACH who="3" step="1"/><G38/><REACH who="3" ten="250,250,250,240" step="2"/><T104/><D120/><U41/><E72/><V118/><F59/><W131/><G131/><T23/><D122/><U126/><E126/><V128/><F57/><W17/><G17/><T91/><D23/><U95/><E53/><V112/><F128/><W45/><G45/><T62/><D62/><U33/><E33/><V102/><F118/><W49/><G49/><T4/><D4/><N who="1" m="3559" /><E41/><V0/><F5/><W94/><G94/><T134/><D134/><U114/><E114/><N who="0" m="43529" /><D83/><U26/><E26/><V6/><F27/><W74/><G74/><T30/><D30/><U7/><E7/><N who="2" m="1127" /><F29/><W73/><G73/><T61/><D61/><U28/><E28/><V60/><F60/><W51/><G51/><T55/><D55/><U123/><E123/><V117/><F112/><RYUUKYOKU ba="0,1" sc="250,10,250,10,250,-30,240,10" hai0="37,40,46,81,87,89,90,91,97,104" hai1="20,21,22,48,52,58,80,88,92,95" hai3="9,14,19,24,25,43,47,50,78,82,85,93,103" /><INIT seed="0,1,1,5,4,14" ten="260,260,220,250" oya="0" hai0="63,70,56,32,42,7,6,123,37,134,20,135,40" hai1="127,34,93,30,119,75,77,66,114,98,67,85,130" hai2="22,73,19,90,0,18,16,29,43,106,54,23,13" hai3="131,118,74,25,103,58,86,28,59,101,44,53,38"/><T78/><D123/><U26/><E119/><V92/><F106/><W61/><G74/><T133/><D32/><U39/><E127/><V83/><F0/><W79/><G118/><T27/><D70/><U95/><E130/><V11/><F43/><N who="0" m="16426" /><D78/><U112/><E39/><V128/><F128/><W64/><G131/><T10/><D10/><U65/><E75/><V124/><F124/><W109/><G109/><T88/><D37/><U126/><E126/><V132/><F132/><W49/><G79/><T84/><D56/><U60/><E60/><V116/><F116/><W48/><G38/><T4/><D63/><U87/><E95/><V41/><F41/><N who="3" m="24591" /><G86/><T45/><D45/><U108/><E108/><V3/><F3/><W113/><G113/><N who="1" m="43626" /><E77/><V71/><F71/><W120/><G120/><T2/><D2/><U110/><E110/><V99/><F29/><W91/><G91/><AGARI ba="1,1" hai="26,30,34,65,66,67,85,87,91,93,98" m="43626" machi="91" ten="30,1000,0" yaku="11,1" doraHai="14" who="1" fromWho="3" sc="260,0,260,23,220,0,250,-13" /><INIT seed="1,0,0,0,4,5" ten="260,283,220,237" oya="1" hai0="110,121,127,80,20,26,30,116,76,124,82,119,120" hai1="62,108,71,0,45,49,6,27,78,64,60,113,4" hai2="34,57,104,22,41,95,72,93,52,122,100,50,97" hai3="18,94,58,61,12,9,102,87,70,114,106,47,28"/><U21/><E113/><V16/><F122/><N who="0" m="47210" /><D110/><U40/><E108/><V23/><F72/><W36/><G114/><T84/><D82/><U53/><E78/><V123/><F123/><W101/><G106/><T135/><D135/><U59/><REACH who="1" step="1"/><E0/><REACH who="1" ten="260,273,220,237" step="2"/><V103/><F34/><W89/><G70/><T96/><D96/><U67/><E67/><V69/><F69/><W128/><G128/><T54/><D54/><U105/><E105/><V44/><F104/><W77/><G77/><T125/><AGARI ba="0,1" hai="20,26,30,76,80,84,116,119,124,125,127" m="47210" machi="125" ten="40,2700,0" yaku="18,1,13,1" doraHai="5" who="0" fromWho="0" sc="260,37,273,-13,220,-7,237,-7" /><INIT seed="2,0,0,4,4,20" ten="297,260,213,230" oya="2" hai0="88,28,101,74,47,18,133,25,117,38,87,120,72" hai1="85,79,66,58,81,92,19,111,135,128,2,80,112" hai2="115,110,116,97,11,90,30,32,73,24,127,6,114" hai3="51,71,21,69,93,17,49,67,105,27,60,44,89"/><V14/><F116/><W8/><G105/><T64/><D120/><U46/><E112/><V54/><F73/><W48/><G8/><T84/><D117/><U121/><E2/><V65/><F65/><W63/><G63/><T59/><D133/><U0/><E0/><V52/><F127/><W125/><G125/><T132/><D132/><U26/><E135/><V13/><F110/><W42/><REACH who="3" step="1"/><G71/><REACH who="3" ten="297,260,213,220" step="2"/><T15/><D64/><U23/><E66/><V62/><F62/><W34/><G34/><T106/><D106/><U31/><E111/><V130/><F130/><W82/><G82/><T104/><D104/><U22/><E128/><V61/><F61/><W36/><G36/><T103/><D38/><U102/><E81/><V95/><REACH who="2" step="1"/><F14/><REACH who="2" ten="297,260,203,220" step="2"/><W83/><G83/><T91/><D15/><U131/><E131/><V3/><F3/><W1/><G1/><T41/><D72/><U76/><E80/><V96/><F96/><AGARI ba="0,2" hai="17,21,27,42,44,48,49,51,60,67,69,89,93,96" machi="96" ten="30,3900,0" yaku="1,1,7,1,52,1,53,0" doraHai="20" doraHaiUra="5" who="3" fromWho="2" sc="297,0,260,0,203,-39,220,59" /><INIT seed="3,0,0,3,4,29" ten="297,260,164,279" oya="3" hai0="14,103,116,69,12,80,115,16,36,9,50,120,84" hai1="40,67,64,125,95,46,114,101,61,130,89,127,58" hai2="135,126,26,34,65,94,63,27,86,5,41,56,122" hai3="105,133,22,128,99,104,28,88,110,78,24,72,45"/><W49/><G110/><T23/><D116/><U93/><E114/><V96/><F135/><W48/><G128/><T74/><D120/><U44/><E130/><V54/><F126/><N who="1" m="48137" /><E101/><V62/><F122/><W91/><G133/><T82/><D115/><U39/><E46/><V52/><F41/><W76/><G49/><T92/><D36/><U53/><E93/><V124/><F124/><W102/><G104/><T10/><D69/><U71/><E71/><V6/><F86/><AGARI ba="0,0" hai="39,40,44,53,58,61,64,67,86,89,95" m="48137" machi="86" ten="30,1000,0" yaku="18,1" doraHai="29" who="1" fromWho="2" sc="297,0,260,10,164,-10,279,0" /><INIT seed="4,0,0,2,0,110" ten="297,270,154,279" oya="0" hai0="28,16,76,132,24,44,109,121,129,43,68,42,61" hai1="77,17,8,70,124,116,111,134,100,53,0,64,85" hai2="99,19,97,45,1,133,55,80,71,13,26,47,32" hai3="123,6,67,63,10,135,41,95,48,79,50,4,34"/><T38/><D121/><U105/><E111/><V14/><F133/><W56/><G123/><T29/><D109/><U112/><E116/><V18/><F71/><W91/><G34/><T96/><D132/><U89/><E77/><V12/><F1/><W54/><G135/><T58/><D129/><U39/><E39/><V128/><F128/><W60/><G79/><T72/><D68/><U88/><E134/><V31/><F80/><W23/><G23/><T122/><D122/><U93/><E124/><V117/><F117/><W7/><G10/><T21/><D42/><U52/><E89/><V83/><F83/><W94/><G94/><T87/><D72/><U118/><E118/><V90/><F90/><W5/><N who="3" m="1024" /><DORA hai="81" /><W11/><G11/><T82/><D96/><U33/><E33/><V22/><F14/><W78/><G78/><T92/><D92/><U86/><E86/><V131/><F131/><W49/><G41/><T40/><D43/><U113/><E0/><V36/><F36/><W120/><G120/><T66/><AGARI ba="0,0" hai="16,21,24,28,29,38,40,44,58,61,66,76,82,87" machi="66" ten="20,7800,0" yaku="0,1,7,1,52,1,54,1" doraHai="110,81" who="0" fromWho="0" sc="297,78,270,-26,154,-26,279,-26" owari="375,47.5,244,-15.6,128,-37.2,253,5.3" /></mjloggm>