<mjloggm ver="2.3"><GO type="225" lobby="0"/><UN n0="%E3%81%AA%E3%81%A1%30%39%32%37" n1="%E3%80%90%E8%92%BC%E7%90%89%E3%80%91" n2="%E3%83%A9%E3%82%B9%E7%8E%87%EF%BC%93%E5%89%B2" n3="%E7%BD%AA%E5%88%91%E6%B3%95%E5%AE%9A%E4%B8%BB%E7%BE%A9" dan="16,16,16,16" rate="2111.12,2139.92,2160.20,2167.70" sx="M,F,F,M"/><TAIKYOKU oya="0"/><INIT seed="0,0,0,1,0,12" ten="250,250,250,250" oya="0" hai0="88,0,35,59,92,76,60,123,102,115,126,94,132" hai1="14,114,11,77,4,1,28,78,49,108,53,73,52" hai2="87,38,116,97,20,10,72,47,27,41,30,65,129" hai3="131,95,104,36,120,63,74,133,66,34,31,29,98"/><T121/><D115/><U101/><E108/><V71/><F129/><W18/><G131/><T84/><D0/><U107/><E114/><V81/><F116/><W21/><G36/><T93/><D35/><U9/><E28/><V3/><F71/><W127/><G74/><T109/><D59/><U22/><E22/><V125/><F65/><W69/><G127/><T43/><D43/><U50/><E101/><V99/><F125/><W111/><G111/><T124/><D60/><U61/><E107/><V5/><REACH who="2" step="1"/><F87/><REACH who="2" ten="250,250,240,250" step="2"/><W64/><G66/><T135/><D109/><U83/><E61/><V23/><F23/><W19/><G133/><N who="0" m="51275" /><D126/><U91/><E73/><V112/><F112/><W8/><G120/><N who="0" m="46155" /><D124/><U44/><E9/><V37/><F37/><W122/><G122/><T62/><D62/><U2/><E2/><V33/><F33/><W130/><G34/><T96/><D76/><AGARI ba="0,1" hai="3,5,10,20,27,30,38,41,47,72,76,81,97,99" machi="76" ten="40,8000,1" yaku="1,1,25,2,53,1" doraHai="12" doraHaiUra="79" who="2" fromWho="0" sc="250,-80,250,0,240,90,250,0" /><INIT seed="1,0,0,0,2,39" ten="170,250,330,250" oya="1" hai0="26,47,62,6,90,21,5,72,124,44,68,23,114" hai1="67,126,4,130,0,54,135,50,38,60,120,99,7" hai2="30,10,45,32,57,22,109,85,97,112,3,104,87" hai3="127,93,119,110,27,55,35,71,101,16,76,59,29"/><U75/><E75/><V95/><F104/><W96/><G110/><T121/><D114/><U131/><E38/><V40/><F32/><W70/><G127/><T14/><D124/><U129/><E126/><V24/><F109/><W77/><G119/><T79/><D121/><U102/><E135/><V13/><F3/><W134/><G134/><T107/><D107/><U86/><E86/><V33/><F33/><W66/><G66/><T115/><D115/><U2/><E120/><V17/><F57/><W84/><G84/><T19/><D90/><U108/><E108/><V58/><F58/><W132/><G132/><T113/><D113/><U25/><E25/><V18/><F18/><W1/><G1/><N who="1" m="618" /><E60/><V103/><REACH who="2" step="1"/><F112/><REACH who="2" ten="170,250,320,250" step="2"/><W133/><G133/><T81/><D68/><U92/><E67/><V34/><F34/><W123/><G123/><T41/><D62/><U116/><E116/><V125/><F125/><W64/><G64/><T83/><D83/><U78/><E131/><V118/><F118/><W105/><G105/><T28/><REACH who="0" step="1"/><D47/><REACH who="0" ten="160,250,320,250" step="2"/><U94/><E130/><V11/><F11/><W111/><G111/><T61/><D61/><U98/><E129/><V73/><F73/><W8/><G71/><T106/><D106/><U48/><E4/><V15/><F15/><N who="3" m="7271" /><G70/><T117/><D117/><U20/><E7/><V53/><F53/><W43/><G55/><T89/><D89/><U128/><E54/><V80/><F80/><W51/><G59/><T74/><D74/><U9/><E128/><V49/><AGARI ba="0,2" hai="10,13,17,22,24,30,40,45,49,85,87,95,97,103" machi="49" ten="20,12000,2" yaku="1,1,0,1,7,1,8,1,52,1,53,1" doraHai="39" doraHaiUra="12" who="2" fromWho="2" sc="160,-30,250,-60,320,140,250,-30" /><INIT seed="2,0,0,0,3,99" ten="130,190,460,220" oya="2" hai0="83,49,82,80,13,1,135,89,47,97,100,51,65" hai1="85,103,8,41,128,123,107,114,61,111,50,9,40" hai2="131,0,35,124,119,133,15,130,132,129,24,94,3" hai3="11,71,21,108,113,30,67,58,12,76,48,112,7"/><V106/><F106/><W18/><G108/><T37/><D1/><N who="2" m="586" /><F94/><W102/><G76/><T118/><D135/><N who="2" m="51786" /><F119/><W53/><G30/><T115/><D115/><N who="3" m="44105" /><G71/><T44/><D118/><U31/><E114/><V64/><F64/><W34/><G34/><T29/><D29/><U10/><E31/><N who="2" m="19943" /><F15/><N who="3" m="9439" /><G67/><T45/><D37/><U109/><E128/><V81/><F81/><W20/><G20/><T36/><D36/><U78/><E109/><V125/><AGARI ba="0,0" hai="124,125,129,130,131" m="19943,51786,586" machi="125" ten="50,18000,2" yaku="30,2,19,1,20,1,23,1,34,2" doraHai="99" who="2" fromWho="2" sc="130,-60,190,-60,460,180,220,-60" /><INIT seed="2,1,0,4,1,1" ten="70,130,640,160" oya="2" hai0="120,52,3,97,26,51,11,29,130,129,49,113,0" hai1="79,101,42,112,50,98,134,16,119,83,63,114,90" hai2="121,135,56,27,108,46,12,36,6,88,14,23,58" hai3="87,102,32,128,20,75,40,127,59,85,47,4,111"/><V57/><F121/><W99/><G32/><T122/><D113/><U5/><E119/><V34/><F34/><W123/><G123/><N who="0" m="47147" /><D97/><U66/><E134/><V117/><F117/><W124/><G75/><T92/><D92/><U13/><E90/><V17/><F108/><W115/><G102/><T95/><D95/><U118/><E118/><V132/><F88/><W8/><G111/><T96/><D96/><U78/><E50/><N who="0" m="18953" /><D52/><U7/><E42/><V41/><REACH who="2" step="1"/><F6/><REACH who="2" ten="70,130,630,160" step="2"/><W81/><G4/><T25/><D11/><U76/><E114/><V89/><F89/><W54/><G8/><T67/><D67/><U21/><E112/><V15/><AGARI ba="1,1" hai="12,14,15,17,23,27,36,41,46,56,57,58,132,135" machi="15" ten="40,3900,0" yaku="1,1,0,1,53,0" doraHai="1" doraHaiUra="73" who="2" fromWho="2" sc="70,-14,130,-14,630,52,160,-14" /><INIT seed="2,2,0,5,0,88" ten="56,116,682,146" oya="2" hai0="45,129,61,33,125,13,68,77,49,96,54,72,83" hai1="117,12,26,87,113,101,24,133,31,128,20,107,76" hai2="58,105,5,10,21,91,100,44,86,62,46,135,109" hai3="42,9,116,119,39,84,14,85,25,0,6,82,79"/><V99/><F135/><W27/><G39/><T134/><D134/><U80/><E117/><V121/><F21/><W48/><G0/><T16/><D129/><U18/><E113/><V93/><F121/><W41/><G41/><T8/><D125/><U66/><E133/><V126/><F109/><W52/><G42/><T95/><D33/><U81/><E128/><V90/><F90/><W36/><G36/><T47/><D61/><U29/><E66/><V23/><F23/><W53/><G53/><T69/><REACH who="0" step="1"/><D45/><REACH who="0" ten="46,116,682,146" step="2"/><U118/><E118/><V75/><F126/><W11/><G119/><T115/><D115/><U34/><E81/><V51/><F51/><W124/><G116/><T106/><D106/><U65/><E65/><V122/><F122/><W37/><G124/><T57/><D57/><U3/><E3/><V7/><F58/><W104/><G104/><T38/><D38/><U130/><E130/><V110/><F62/><W32/><G32/><T22/><D22/><U127/><E127/><V78/><F110/><W63/><G63/><T71/><D71/><U114/><E114/><V19/><F46/><N who="3" m="27671" /><G37/><T59/><D59/><U120/><E120/><V108/><F44/><W43/><G11/><T97/><D97/><U131/><E131/><V67/><F67/><W102/><G43/><T89/><AGARI ba="2,1" hai="8,13,16,47,49,54,68,69,72,77,83,89,95,96" machi="89" ten="20,8000,1" yaku="1,1,0,1,7,1,52,1,54,1,53,0" doraHai="88" doraHaiUra="70" who="0" fromWho="0" sc="46,96,116,-22,682,-42,146,-22" /><INIT seed="3,0,0,2,0,53" ten="142,94,640,124" oya="3" hai0="14,73,83,46,125,30,110,52,84,118,79,50,96" hai1="24,19,8,43,29,77,28,9,135,119,111,68,102" hai2="90,10,2,39,112,4,60,121,65,122,61,18,91" hai3="97,128,47,35,76,11,87,67,85,133,131,27,129"/><W99/><G11/><T17/><D118/><U103/><E68/><V116/><F112/><W21/><G35/><T92/><D110/><U115/><E115/><V54/><F116/><W59/><G47/><T62/><D125/><U26/><E119/><V7/><F39/><W106/><G76/><T63/><D30/><N who="1" m="11883" /><E77/><V49/><F18/><W12/><G12/><T113/><D73/><U66/><E66/><V89/><F7/><W0/><G0/><T51/><D51/><U93/><E43/><V127/><F127/><W42/><G42/><T58/><D46/><U45/><E45/><N who="2" m="27951" /><F65/><W34/><G34/><T44/><D44/><U82/><E82/><V75/><F75/><W95/><G106/><T117/><D113/><U114/><E114/><V23/><F23/><W86/><G95/><T74/><D74/><U78/><E78/><V16/><F16/><N who="3" m="12711" /><G133/><T36/><D36/><U101/><E111/><V70/><F70/><W20/><G20/><N who="0" m="11319" /><D117/><U38/><E38/><V56/><F2/><W94/><G94/><T48/><D48/><U105/><E105/><V64/><F10/><N who="1" m="4201" /><E135/><V32/><F4/><W31/><G31/><T71/><D71/><U107/><E107/><V5/><F5/><W120/><G120/><N who="2" m="46185" /><F32/><W134/><G134/><T108/><D108/><U37/><E37/><V41/><F41/><W81/><G81/><T132/><D132/><U22/><E93/><V55/><F91/><AGARI ba="0,0" hai="50,52,58,62,63,79,83,84,91,92,96" m="11319" machi="91" ten="30,3900,0" yaku="8,1,52,1,54,1" doraHai="53" who="0" fromWho="2" sc="142,39,94,0,640,-39,124,0" owari="181,-1.9,94,-40.6,601,70.1,124,-27.6" /></mjloggm>