<mjloggm ver="2.3"><GO type="225" lobby="0"/><UN n0="%E6%80%AA%E3%81%97%E3%81%99%E3%81%8E%E3%82%8B%E3%83%81%E3%83%BC" n1="%E9%BB%92%E9%89%84%E7%8F%A0%E9%9B%AB" n2="%E8%81%B7%E6%A5%AD%E3%80%81%E9%A2%A8%32" n3="%E3%81%93%E3%81%8F%E3%82%89%E3%82%AB%E3%83%90%E8%94%B5" dan="16,16,16,17" rate="2133.46,2142.05,2095.57,2149.46" sx="M,F,M,M"/><TAIKYOKU oya="0"/><INIT seed="0,0,0,0,1,107" ten="250,250,250,250" oya="0" hai0="71,126,125,50,14,83,135,117,133,19,94,129,100" hai1="46,99,32,36,102,30,112,7,22,20,57,104,124" hai2="5,128,26,74,120,37,116,76,25,88,8,49,91" hai3="113,92,9,40,39,23,130,29,52,47,31,3,51"/><T61/><D117/><U67/><E124/><N who="0" m="47721" /><D50/><U122/><E122/><V59/><F37/><W95/><G113/><T54/><D83/><U80/><E7/><V56/><F120/><W84/><G130/><T89/><D100/><U41/><E112/><V111/><F128/><W75/><G75/><T4/><D4/><U33/><E80/><V64/><F111/><W48/><G39/><T82/><D82/><U18/><E22/><V21/><F74/><W28/><G3/><T118/><D118/><U106/><E106/><V38/><F38/><W108/><G108/><T109/><D109/><U55/><E30/><V60/><F76/><W34/><G34/><T12/><D129/><U63/><REACH who="1" step="1"/><E67/><REACH who="1" ten="250,240,250,250" step="2"/><V45/><F116/><W115/><G115/><T65/><D19/><U78/><E78/><V134/><F21/><W131/><G131/><T13/><D54/><U86/><E86/><AGARI ba="0,1" hai="12,13,14,61,65,71,86,89,94,133,135" m="47721" machi="86" ten="30,1500,0" yaku="18,1" doraHai="107" who="0" fromWho="1" sc="250,25,240,-15,250,0,250,0" /><INIT seed="0,1,0,4,2,34" ten="275,225,250,250" oya="0" hai0="99,98,58,41,130,109,2,129,111,46,23,90,59" hai1="43,95,8,6,65,117,113,13,20,39,0,70,119" hai2="7,91,73,106,9,53,14,27,133,64,78,114,3" hai3="131,75,28,25,80,81,112,10,5,4,96,42,83"/><T122/><D122/><U18/><E113/><V102/><F114/><W105/><G112/><T74/><D74/><U101/><E70/><V47/><F133/><W76/><G131/><N who="0" m="50187" /><D23/><U92/><E65/><V62/><F73/><W87/><G42/><T1/><D58/><U93/><REACH who="1" step="1"/><E101/><REACH who="1" ten="275,215,250,250" step="2"/><V135/><F102/><W97/><G105/><T127/><D127/><U24/><E24/><V17/><F27/><W21/><G4/><T103/><D90/><U84/><E84/><V55/><F91/><W116/><G116/><T107/><D98/><U82/><E82/><V86/><F106/><W60/><G81/><T100/><D103/><U54/><E54/><V26/><F55/><W125/><G125/><T67/><D67/><U45/><AGARI ba="1,1" hai="0,6,8,13,18,20,39,43,45,92,93,95,117,119" machi="45" ten="30,7900,0" yaku="1,1,0,1,52,1,53,1" doraHai="34" doraHaiUra="33" who="1" fromWho="1" sc="275,-40,215,92,250,-21,250,-21" /><INIT seed="1,0,0,2,1,53" ten="235,307,229,229" oya="1" hai0="35,106,33,27,119,13,66,93,20,32,46,39,89" hai1="108,127,52,64,125,55,16,81,24,68,78,37,126" hai2="73,75,30,133,29,10,41,129,107,57,12,120,72" hai3="36,122,74,118,90,83,103,51,123,38,100,48,56"/><U132/><E37/><V58/><F107/><W1/><G1/><T22/><D106/><U7/><E7/><V112/><F120/><W42/><G118/><T91/><D119/><U11/><E132/><V2/><F2/><W47/><G74/><T131/><D131/><U98/><E108/><V135/><F41/><W43/><G83/><T18/><D66/><U110/><E110/><V49/><F49/><W40/><G90/><T134/><D134/><N who="2" m="51210" /><F112/><W8/><G8/><T124/><D124/><U19/><E98/><V71/><F71/><W44/><REACH who="3" step="1"/><G42/><REACH who="3" ten="235,307,229,219" step="2"/><T14/><D91/><U63/><E11/><V25/><F129/><W45/><G45/><T54/><D46/><U23/><E19/><N who="2" m="8599" /><F30/><W6/><G6/><T4/><D18/><U130/><E130/><V70/><F70/><W9/><G9/><T86/><D4/><U5/><E5/><V113/><F113/><W94/><G94/><T104/><D93/><U17/><E17/><V117/><F117/><W61/><G61/><T121/><D104/><U79/><E79/><V128/><F128/><W111/><G111/><T31/><D31/><U77/><E77/><V105/><F105/><W116/><G116/><T95/><D95/><U102/><E102/><V87/><F87/><AGARI ba="0,1" hai="16,23,24,52,55,63,64,68,78,81,87,125,126,127" machi="87" ten="40,7700,0" yaku="18,1,54,2" doraHai="53" who="1" fromWho="2" sc="235,0,307,87,229,-77,219,0" /><INIT seed="1,1,0,1,0,57" ten="235,394,152,219" oya="1" hai0="71,3,74,97,84,129,77,53,127,75,26,51,25" hai1="69,101,5,109,22,70,11,99,40,43,54,131,59" hai2="2,79,133,38,16,87,52,15,66,8,86,23,78" hai3="90,7,47,110,115,0,126,76,28,10,58,49,62"/><U1/><E131/><V27/><F133/><W48/><G115/><T24/><D3/><U31/><E109/><V34/><F38/><W18/><G110/><T67/><D129/><U20/><E70/><V85/><F66/><W80/><G126/><T122/><D127/><U29/><E69/><V117/><F117/><W95/><G18/><T41/><D41/><U73/><E73/><V46/><F34/><W44/><G28/><T61/><D122/><U91/><E91/><V6/><F2/><W128/><G128/><T120/><D120/><U37/><E22/><V100/><F100/><W89/><G48/><AGARI ba="1,0" hai="6,8,15,16,23,27,46,48,52,78,79,85,86,87" machi="48" ten="40,5200,0" yaku="8,1,54,2" doraHai="57" who="2" fromWho="3" sc="235,0,394,0,152,55,219,-55" /><INIT seed="2,0,0,1,5,5" ten="235,394,207,164" oya="2" hai0="80,126,79,102,45,57,91,112,52,9,134,86,96" hai1="10,48,53,69,22,40,127,119,4,88,107,23,47" hai2="110,62,117,46,34,67,56,129,106,83,65,132,66" hai3="73,16,124,28,111,24,78,70,59,15,51,85,98"/><V103/><F117/><W54/><G73/><T100/><D112/><U115/><E107/><V18/><F34/><W75/><G75/><T33/><D33/><U41/><E115/><V113/><F113/><W105/><G70/><T131/><D131/><U82/><E69/><V109/><F129/><W92/><G105/><T135/><D126/><U68/><E68/><V6/><F132/><N who="0" m="50730" /><D45/><U71/><E71/><V81/><F46/><W104/><G104/><T12/><D79/><U121/><E121/><V128/><F128/><W50/><G124/><T21/><D21/><N who="1" m="7691" /><E119/><V130/><F130/><W43/><G111/><N who="2" m="42505" /><F6/><W101/><G24/><T108/><D96/><U114/><E127/><V125/><F18/><W0/><G0/><T133/><N who="0" m="50738" /><T72/><DORA hai="13" /><D72/><U97/><E114/><V11/><F125/><W84/><G28/><T7/><D108/><U118/><E118/><V35/><F35/><W58/><G78/><T94/><D80/><N who="2" m="30794" /><F103/><W19/><G19/><T20/><D20/><U8/><E4/><V63/><F106/><W29/><G29/><T87/><D87/><N who="1" m="50295" /><E97/><V38/><F38/><W39/><G39/><T74/><D74/><U77/><E77/><V122/><F122/><W2/><G2/><T93/><D93/><U60/><E41/><V123/><F123/><W3/><G3/><T61/><AGARI ba="0,0" hai="7,9,12,52,57,61,86,91,94,100,102" m="50738" machi="61" ten="40,5200,0" yaku="20,1,52,1,54,1" doraHai="5,13" who="0" fromWho="0" sc="235,52,394,-13,207,-26,164,-13" /><INIT seed="3,0,0,5,0,80" ten="287,381,181,151" oya="3" hai0="135,41,131,101,90,17,31,100,26,55,109,97,64" hai1="92,129,123,89,42,62,21,108,25,76,133,102,3" hai2="8,65,69,20,56,4,104,118,98,113,75,23,13" hai3="128,52,81,124,83,121,116,11,85,49,119,111,48"/><W74/><G121/><T71/><D109/><U36/><E3/><V14/><F75/><W46/><G128/><T107/><D131/><U106/><E123/><V110/><F110/><W96/><G111/><T2/><D135/><U130/><E133/><V73/><F73/><W95/><G124/><T61/><D101/><U7/><E7/><V60/><F113/><W12/><G74/><T34/><D41/><U82/><E108/><V9/><F118/><W122/><G122/><T86/><D2/><U78/><E78/><V70/><F69/><W1/><G1/><T29/><D55/><U120/><E120/><V59/><F70/><W39/><G39/><T54/><D54/><U132/><E42/><V84/><F104/><W105/><G105/><T93/><D31/><U32/><E32/><V45/><F45/><W114/><G48/><T66/><D17/><U72/><E62/><N who="2" m="38087" /><F98/><W127/><G81/><T91/><D91/><U44/><E44/><V19/><F84/><W28/><G28/><T94/><REACH who="0" step="1"/><D66/><AGARI ba="0,0" hai="4,8,9,13,14,19,20,23,59,60,66" m="38087" machi="66" ten="30,1000,0" yaku="8,1" doraHai="80" who="2" fromWho="0" sc="287,-10,381,0,181,10,151,0" owari="277,7.7,381,48.1,191,-20.9,151,-34.9" /></mjloggm>