<mjloggm ver="2.3"><GO type="225" lobby="0"/><UN n0="%72%69%6F%75%63%68%61%6E" n1="%E6%B8%A9%E2%98%85%E6%83%85%E2%98%85%E6%8E%AA%E2%98%85%E7%BD%AE" n2="%E3%82%82%E3%81%90%E3%82%89" n3="%65%6B%61%72%75%74%65" dan="16,17,17,16" rate="2079.64,2268.44,2194.60,2083.01" sx="M,M,F,M"/><TAIKYOKU oya="0"/><INIT seed="0,0,0,4,2,132" ten="250,250,250,250" oya="0" hai0="91,79,61,50,47,31,44,17,84,87,37,98,124" hai1="81,41,38,26,96,129,74,67,20,126,110,6,82" hai2="14,18,0,11,19,114,115,83,63,78,48,54,80" hai3="103,118,66,12,121,104,22,88,123,4,95,134,1"/><T52/><D124/><U75/><E110/><V90/><F0/><W45/><G118/><T131/><D131/><U10/><E129/><V40/><F40/><W122/><G134/><T72/><D31/><U101/><E67/><V117/><F117/><W113/><G113/><T77/><D72/><U27/><E126/><V24/><F63/><W85/><G66/><T128/><D128/><U86/><E41/><V89/><F114/><W100/><G104/><T36/><D37/><U46/><E46/><N who="0" m="17449" /><D36/><U29/><E27/><V9/><F115/><W109/><G109/><T93/><D61/><U99/><E99/><V116/><F116/><W53/><G1/><T108/><D108/><U49/><E49/><V59/><F83/><W111/><G111/><T43/><D43/><U3/><E82/><V70/><F70/><W135/><G135/><T21/><D84/><U97/><E97/><V32/><F32/><W5/><G22/><T68/><D98/><U33/><E38/><V73/><REACH who="2" step="1"/><F24/><REACH who="2" ten="250,250,240,250" step="2"/><W76/><G76/><T16/><D68/><U125/><E33/><V64/><F64/><W62/><G62/><T127/><D127/><U57/><E125/><V60/><F60/><W2/><G2/><T107/><D107/><U15/><E3/><V25/><F25/><W39/><G39/><T35/><D35/><U102/><E26/><V34/><F34/><W105/><G105/><T56/><D21/><U58/><E20/><V112/><F112/><W69/><G69/><T8/><D8/><U92/><E10/><V42/><F42/><W28/><G123/><T7/><D7/><RYUUKYOKU ba="0,1" sc="250,15,250,-15,240,15,250,-15" hai0="16,17,50,52,56,77,79,87,91,93" hai2="9,11,14,18,19,48,54,59,73,78,80,89,90" /><INIT seed="0,1,1,5,5,118" ten="265,235,255,235" oya="0" hai0="125,45,65,122,2,28,54,55,92,46,41,36,108" hai1="23,77,11,68,104,90,12,7,100,30,35,78,9" hai2="79,135,48,44,5,61,134,8,109,110,106,127,86" hai3="3,53,58,62,117,49,123,119,21,76,130,120,98"/><T75/><D122/><N who="3" m="46633" /><G3/><T114/><D75/><U37/><E68/><V31/><F106/><W66/><G130/><T102/><D2/><U18/><E37/><V132/><F31/><W57/><G76/><T131/><D114/><U15/><E90/><V63/><F127/><W80/><G80/><T81/><D65/><U40/><E40/><N who="2" m="24583" /><F86/><W97/><G21/><T26/><D81/><U111/><E111/><N who="2" m="42507" /><F79/><W126/><G126/><T16/><D108/><U34/><E78/><V17/><F17/><W25/><G25/><T20/><D131/><U128/><E77/><V29/><F29/><W72/><G72/><T33/><D125/><U42/><E128/><V99/><F99/><AGARI ba="1,1" hai="49,53,57,58,62,66,97,98,99,117,119" m="46633" machi="99" ten="30,7700,0" yaku="13,1,52,3" doraHai="118" who="3" fromWho="2" sc="265,0,235,0,255,-80,235,90" /><INIT seed="1,0,0,5,4,7" ten="265,235,175,325" oya="1" hai0="58,48,0,66,76,77,88,122,9,31,56,14,11" hai1="18,54,103,104,78,1,52,21,16,8,17,43,53" hai2="13,120,50,123,87,59,44,82,134,45,70,116,75" hai3="20,126,130,22,10,101,106,83,135,3,12,47,2"/><U62/><E43/><V115/><F70/><W42/><G106/><T74/><D74/><U57/><E78/><N who="0" m="30313" /><D0/><N who="3" m="41" /><G83/><T86/><D122/><U27/><E104/><V95/><F75/><W96/><G47/><T98/><D31/><N who="1" m="17903" /><E1/><V28/><F116/><W46/><G46/><T40/><D98/><U84/><E103/><V49/><F28/><W117/><G96/><T105/><D105/><U113/><E113/><V90/><F115/><W109/><G42/><T89/><D66/><N who="1" m="39247" /><E84/><V65/><F134/><W4/><G101/><T63/><D63/><U72/><E72/><V102/><F123/><W64/><G64/><T81/><D89/><U92/><E92/><V6/><F95/><W32/><G32/><T51/><D40/><U131/><E131/><V91/><F91/><W36/><G36/><T129/><D129/><U127/><E127/><V33/><F33/><W67/><G67/><T110/><D110/><U25/><E25/><V97/><F120/><W5/><G130/><T118/><D118/><U34/><E34/><V69/><F69/><W114/><G114/><T23/><D56/><U24/><E24/><V107/><F59/><W38/><G38/><T29/><D29/><U73/><E73/><V124/><F65/><W15/><G117/><T128/><D128/><U68/><E68/><V80/><F45/><W85/><G85/><T111/><D111/><U112/><E112/><V55/><F44/><W41/><G41/><T94/><D94/><U39/><E39/><V71/><F107/><W108/><G126/><T30/><D30/><U132/><E132/><V100/><F124/><RYUUKYOKU ba="0,0" sc="265,-10,235,30,175,-10,325,-10" hai1="8,16,17,18,52,53,54" /><INIT seed="1,1,0,2,0,50" ten="255,265,165,315" oya="1" hai0="53,3,115,91,74,111,72,126,32,48,19,83,90" hai1="16,2,97,103,60,110,25,57,63,134,99,130,7" hai2="42,123,33,47,26,8,86,95,61,44,132,31,118" hai3="9,13,98,1,29,93,107,75,73,55,106,21,23"/><U105/><E130/><V112/><F123/><W80/><G1/><T35/><D115/><U109/><E134/><V78/><F132/><W96/><G29/><T101/><D3/><U71/><E71/><V5/><F118/><W0/><G0/><T129/><D101/><U58/><E99/><V40/><F112/><W117/><G117/><T43/><D129/><U135/><E135/><V22/><F33/><W52/><G13/><T4/><D4/><U56/><E7/><V45/><F61/><W113/><G113/><T41/><D19/><U20/><E2/><V82/><REACH who="2" step="1"/><F95/><REACH who="2" ten="255,265,155,315" step="2"/><W49/><G93/><T89/><D32/><U116/><E116/><V10/><F10/><W62/><G62/><T69/><D35/><U11/><E11/><V54/><F54/><W87/><G9/><T12/><D53/><U100/><E100/><V37/><F37/><W128/><G128/><T88/><D48/><U66/><E66/><V77/><F77/><W92/><G92/><T18/><D91/><U133/><E133/><V85/><F85/><W102/><G49/><T51/><D90/><U59/><N who="1" m="14336" /><DORA hai="36" /><U131/><E131/><V15/><AGARI ba="1,1" hai="5,8,15,22,26,31,40,42,44,45,47,78,82,86" machi="15" ten="30,8000,1" yaku="1,1,0,1,8,1,52,2,53,0" doraHai="50,36" doraHaiUra="46,127" who="2" fromWho="2" sc="255,-21,265,-41,155,93,315,-21" /><INIT seed="2,0,0,2,1,2" ten="234,224,248,294" oya="2" hai0="68,53,82,5,13,98,54,7,121,51,15,78,44" hai1="12,36,50,57,63,56,30,135,114,100,110,94,45" hai2="42,58,74,118,27,102,133,48,87,125,97,123,83" hai3="66,26,55,11,107,88,38,95,113,70,25,23,40"/><V85/><F123/><W69/><G107/><T18/><D121/><U19/><E114/><V126/><F118/><W52/><G113/><T122/><D122/><U117/><E117/><V47/><F133/><W49/><G38/><T72/><D68/><U22/><E36/><V60/><F27/><W31/><G66/><T67/><D67/><U80/><E135/><V43/><F43/><W71/><G11/><T93/><D53/><U103/><E110/><V8/><F74/><W119/><G119/><T65/><D65/><U124/><E124/><N who="2" m="47723" /><F83/><W28/><G49/><T108/><D108/><U134/><E134/><V32/><F32/><W59/><G59/><N who="1" m="22602" /><E63/><V33/><F33/><W1/><G1/><T21/><REACH who="0" step="1"/><D15/><REACH who="0" ten="224,224,248,294" step="2"/><U17/><E12/><V79/><F60/><W106/><G40/><T46/><D46/><U86/><E45/><V111/><F111/><W0/><G0/><T62/><D62/><U14/><E14/><V3/><F58/><W131/><G71/><T96/><D96/><N who="1" m="59415" /><E50/><V116/><F116/><W4/><G70/><T24/><D24/><N who="1" m="16663" /><E103/><AGARI ba="0,1" hai="5,7,13,18,21,44,51,54,72,78,82,93,98,103" machi="103" ten="30,7700,0" yaku="1,1,7,1,52,2,53,0" doraHai="2" doraHaiUra="129" who="0" fromWho="1" sc="224,87,224,-77,248,0,294,0" /><INIT seed="3,0,0,0,0,124" ten="311,147,248,294" oya="3" hai0="131,32,2,1,67,52,85,77,100,54,46,90,70" hai1="37,29,102,91,25,120,107,61,28,75,88,15,93" hai2="84,13,19,21,110,35,11,5,74,103,47,49,79" hai3="113,0,121,31,98,134,3,50,27,129,72,78,73"/><W17/><G78/><T38/><D131/><U125/><E120/><V7/><F35/><W40/><G121/><T53/><D32/><U106/><E125/><V69/><F69/><W112/><G73/><T56/><D70/><U59/><E37/><V109/><F74/><W39/><G72/><T60/><D77/><U10/><E75/><V92/><F103/><W66/><G39/><T68/><D100/><U133/><E133/><V26/><F5/><W8/><G98/><T24/><D24/><U14/><E107/><V33/><F33/><N who="3" m="20735" /><G50/><N who="0" m="30743" /><D53/><U118/><E106/><V41/><REACH who="2" step="1"/><F92/><REACH who="2" ten="311,147,238,294" step="2"/><W135/><G134/><T16/><D68/><U86/><E118/><V18/><F18/><W80/><G17/><T116/><D16/><U126/><E126/><V23/><F23/><W89/><G135/><T51/><D116/><U20/><E102/><V83/><AGARI ba="0,1" hai="7,11,13,19,21,26,41,47,49,79,83,84,109,110" machi="83" ten="30,7900,0" yaku="1,1,0,1,25,2,53,0" doraHai="124" doraHaiUra="57" who="2" fromWho="2" sc="311,-20,147,-20,238,89,294,-39" owari="291,9.1,127,-37.3,327,42.7,255,-14.5" /></mjloggm>