<mjloggm ver="2.3"><GO type="225" lobby="0"/><UN n0="%6D%75%75%73%61%6E%6D%75" n1="%E3%83%81%E3%83%AF%E3%83%AF%E9%9A%8A%E9%95%B7" n2="%E3%83%A2%E3%83%B3%E3%82%AD%E3%83%BC%E3%83%88%E3%83%AA%E3%83%83%E3%82%AF" n3="%72%65%6E%6B%75%6E" dan="16,17,17,17" rate="2123.56,2155.02,2220.16,2242.47" sx="F,M,M,M"/><TAIKYOKU oya="0"/><INIT seed="0,0,0,3,4,98" ten="250,250,250,250" oya="0" hai0="119,85,33,133,80,108,14,26,43,58,55,7,18" hai1="50,111,113,10,41,69,82,89,68,52,37,112,125" hai2="36,135,60,40,56,106,101,104,102,88,118,78,39" hai3="123,90,73,115,99,114,25,126,81,92,34,30,44"/><T93/><D119/><U22/><E125/><V4/><F4/><W124/><G123/><T51/><D133/><U74/><E111/><V79/><F40/><W0/><G0/><T23/><D108/><U15/><E22/><V107/><F118/><W61/><G44/><T77/><D43/><U9/><E9/><V67/><F135/><W129/><G129/><T24/><D33/><U20/><E20/><V8/><F8/><W71/><G73/><T128/><D128/><U122/><E122/><V70/><F70/><W121/><G81/><T35/><D35/><U47/><E74/><V3/><F3/><W49/><G49/><T72/><D72/><U45/><E113/><V132/><F132/><W103/><G103/><T31/><D7/><U95/><E82/><V16/><F16/><W32/><G32/><T1/><D1/><U12/><E12/><V76/><REACH who="2" step="1"/><F88/><REACH who="2" ten="250,250,240,250" step="2"/><W134/><G134/><T57/><D31/><U62/><E112/><V38/><AGARI ba="0,1" hai="36,38,39,56,60,67,76,78,79,101,102,104,106,107" machi="38" ten="50,12000,2" yaku="1,1,2,1,0,1,29,2,52,2,53,0" doraHai="98" doraHaiUra="94" who="2" fromWho="2" sc="250,-60,250,-30,240,130,250,-30" /><INIT seed="1,0,0,1,3,52" ten="190,220,370,220" oya="1" hai0="133,128,7,55,130,81,100,1,73,84,99,6,127" hai1="67,51,64,95,37,107,104,11,114,108,115,50,4" hai2="60,124,117,44,43,19,0,135,42,57,72,9,58" hai3="41,22,13,129,28,79,90,38,61,126,32,39,68"/><U47/><E37/><V74/><F117/><W88/><BYE who="1" /><G126/><T98/><D127/><U69/><E69/><V2/><F124/><UN n1="%E3%83%81%E3%83%AF%E3%83%AF%E9%9A%8A%E9%95%B7" /><W111/><G111/><T76/><D133/><U86/><E108/><V91/><F91/><W21/><G129/><T103/><D73/><U132/><E132/><V23/><F135/><W96/><G79/><T18/><D1/><U118/><E118/><V36/><F43/><W5/><G32/><T53/><D18/><U87/><E47/><V59/><F2/><W89/><G96/><T106/><D76/><U66/><E95/><V46/><F46/><W30/><G41/><T105/><REACH who="0" step="1"/><D84/><REACH who="0" ten="180,220,370,220" step="2"/><U8/><E66/><V54/><F74/><W48/><G30/><T71/><D71/><U65/><E67/><V83/><F72/><W131/><G131/><T56/><D56/><U12/><E12/><V93/><F83/><AGARI ba="0,1" hai="6,7,53,55,81,83,98,99,100,103,105,106,128,130" machi="83" ten="25,8000,1" yaku="1,1,22,2,53,2" doraHai="52" doraHaiUra="77" who="0" fromWho="2" sc="180,90,220,0,370,-80,220,0" /><INIT seed="2,0,0,2,1,113" ten="270,220,290,220" oya="2" hai0="108,53,55,57,119,31,18,101,79,7,25,58,135" hai1="49,13,24,12,127,1,72,89,29,3,44,48,17" hai2="132,50,15,102,66,82,95,19,52,56,112,74,80" hai3="34,63,65,77,133,105,86,118,43,130,76,4,70"/><V83/><F112/><W104/><G34/><T92/><D108/><U78/><E127/><V40/><F132/><W100/><G133/><T59/><D135/><U62/><E48/><V47/><F66/><W120/><G120/><T37/><D37/><U60/><E12/><V93/><F102/><W87/><G4/><T84/><D7/><U27/><E27/><V71/><F71/><W111/><G43/><T67/><D67/><U2/><E89/><V42/><F74/><W129/><G111/><T110/><D110/><U20/><E78/><V115/><F115/><W68/><G65/><T126/><D126/><U41/><REACH who="1" step="1"/><E72/><REACH who="1" ten="270,210,290,220" step="2"/><V9/><REACH who="2" step="1"/><F42/><REACH who="2" ten="270,210,280,220" step="2"/><W81/><G130/><T11/><D101/><U128/><E128/><V99/><F99/><W0/><G129/><T14/><D84/><U116/><E116/><V35/><F35/><AGARI ba="0,2" hai="1,2,3,13,17,20,24,29,35,41,44,49,60,62" machi="35" ten="40,1300,0" yaku="1,1,53,0" doraHai="113" doraHaiUra="98" who="1" fromWho="2" sc="270,0,210,33,280,-13,220,0" /><INIT seed="3,0,0,5,2,117" ten="270,243,267,220" oya="3" hai0="88,38,86,68,36,89,1,63,28,48,65,55,80" hai1="25,57,84,44,76,47,130,125,77,116,8,75,34" hai2="0,20,29,41,6,105,104,98,24,3,67,119,70" hai3="73,131,51,118,58,9,121,93,59,4,56,71,22"/><W102/><G71/><T5/><D28/><U30/><E75/><V113/><F119/><W114/><G118/><T87/><D5/><U49/><E116/><V27/><F113/><W101/><G114/><T96/><D96/><U135/><E125/><V108/><F108/><W19/><G73/><T79/><D1/><U40/><E130/><V72/><F72/><W62/><G131/><T53/><D53/><U60/><E135/><V134/><F41/><W111/><G111/><T83/><D79/><U112/><E112/><V103/><F105/><W61/><G121/><T100/><D100/><N who="3" m="38505" /><G93/><T85/><D85/><U42/><E8/><V32/><F6/><W10/><G51/><T2/><D2/><U91/><E91/><V39/><F39/><W106/><G106/><T15/><D15/><U43/><E84/><V54/><F54/><W26/><G4/><T99/><D99/><U107/><E107/><V94/><F94/><W37/><G37/><T52/><D52/><U66/><REACH who="1" step="1"/><E40/><REACH who="1" ten="270,233,267,220" step="2"/><V13/><F134/><W7/><G7/><T17/><D17/><U78/><E78/><V132/><F132/><W110/><G110/><T123/><D123/><U97/><E97/><V128/><F128/><W18/><G18/><T115/><D115/><U109/><E109/><V90/><F90/><W12/><G9/><T92/><D92/><U133/><E133/><V124/><F3/><W21/><G10/><T74/><D74/><U46/><E46/><AGARI ba="0,1" hai="36,38,46,48,55,63,65,68,80,83,86,87,88,89" machi="46" ten="30,3900,0" yaku="7,1,9,1,54,1" doraHai="117" who="0" fromWho="1" sc="270,49,233,-39,267,0,220,0" owari="319,41.9,194,-30.6,267,6.7,220,-18.0" /></mjloggm>