<mjloggm ver="2.3"><GO type="225" lobby="0"/><UN n0="%4D%50%43%32%38%30%30" n1="%61%69%73%79%6F" n2="%E6%98%93%E5%88%A9%E8%96%A9%E4%BC%AF" n3="%37%2F%32%E3%81%AB%E7%94%9F%E3%81%BE%E3%82%8C%E3%81%A6" dan="16,17,16,17" rate="2163.44,2142.65,2134.64,2195.20" sx="M,M,F,M"/><TAIKYOKU oya="0"/><INIT seed="0,0,0,0,3,31" ten="250,250,250,250" oya="0" hai0="114,17,68,116,76,25,126,4,61,110,121,100,125" hai1="112,101,53,118,103,26,77,84,41,21,30,62,55" hai2="35,47,73,64,70,2,7,27,54,52,11,89,80" hai3="15,28,1,71,67,133,12,92,130,19,44,51,24"/><T3/><D114/><U134/><E118/><V49/><F70/><W33/><G130/><T34/><D116/><U131/><E134/><V127/><F64/><W32/><G133/><T111/><D121/><U128/><E41/><V96/><F127/><N who="0" m="48650" /><D76/><U46/><E112/><V40/><F73/><W104/><G104/><T106/><D4/><U39/><E39/><V45/><F45/><W16/><G92/><T108/><D3/><U113/><E113/><V23/><F35/><W65/><G1/><T56/><D68/><U123/><E123/><V97/><F80/><W129/><G129/><N who="1" m="49738" /><E46/><V29/><REACH who="2" step="1"/><F89/><REACH who="2" ten="250,250,240,250" step="2"/><W13/><G33/><T90/><D90/><U91/><E77/><V37/><F37/><W14/><N who="3" m="3072" /><DORA hai="105" /><W135/><G135/><T94/><D34/><U115/><E115/><V69/><F69/><W43/><REACH who="3" step="1"/><G67/><REACH who="3" ten="250,250,240,240" step="2"/><N who="0" m="39335" /><D111/><U0/><E0/><V99/><AGARI ba="0,2" hai="2,7,11,23,27,29,40,47,49,52,54,96,97,99" machi="99" ten="30,4000,0" yaku="1,1,0,1,54,1,53,0" doraHai="31,105" doraHaiUra="107,78" who="2" fromWho="2" sc="250,-20,250,-10,240,60,240,-10" /><INIT seed="1,0,0,0,4,130" ten="230,240,300,230" oya="1" hai0="1,68,31,90,77,119,89,135,74,110,16,0,100" hai1="13,26,133,88,43,97,123,92,108,49,76,99,134" hai2="78,75,57,96,106,8,66,93,95,118,21,114,48" hai3="36,125,101,122,11,41,63,86,42,33,107,132,52"/><U109/><E123/><V121/><F118/><W102/><G33/><T83/><D119/><U111/><E76/><V24/><F121/><W124/><G122/><T79/><D68/><U112/><E112/><V64/><F106/><W9/><G86/><T105/><D31/><U81/><E81/><V104/><F104/><W72/><G72/><T70/><D70/><U23/><E13/><V53/><F114/><W7/><G107/><T58/><D79/><U94/><E49/><V60/><F75/><W44/><G42/><T117/><D117/><U82/><E82/><V62/><F8/><W12/><G11/><T5/><D110/><U34/><E43/><V80/><F95/><W35/><G35/><T6/><D58/><U85/><E34/><V15/><F15/><W38/><G36/><T30/><D30/><N who="1" m="17759" /><E85/><N who="2" m="48279" /><F62/><W128/><G128/><T55/><D1/><U45/><E45/><V91/><F48/><W56/><REACH who="3" step="1"/><G132/><REACH who="3" ten="230,240,300,220" step="2"/><T120/><D135/><U4/><E4/><V115/><F115/><W39/><G39/><T103/><D120/><U46/><E46/><V69/><F69/><W32/><G32/><T65/><D6/><U37/><E37/><V3/><F3/><W25/><G25/><T73/><D5/><U28/><E28/><AGARI ba="0,1" hai="21,24,28,53,57,60,64,66,91,93,96" m="48279" machi="28" ten="30,1000,0" yaku="8,1" doraHai="130" who="2" fromWho="1" sc="230,0,240,-10,300,20,220,0" /><INIT seed="2,0,0,1,3,120" ten="230,230,320,220" oya="2" hai0="56,78,117,125,103,116,77,85,5,62,110,60,69" hai1="119,34,90,72,108,25,19,48,96,132,84,105,54" hai2="47,18,7,9,42,87,58,70,39,6,122,104,8" hai3="130,66,73,93,64,31,89,30,67,21,113,128,98"/><V65/><F104/><W1/><G1/><T95/><D125/><U81/><E119/><N who="0" m="45641" /><D5/><U71/><E71/><V101/><F70/><W23/><G73/><T32/><D32/><U40/><E132/><V43/><F101/><W68/><G68/><T127/><D127/><U57/><E108/><V86/><F18/><W100/><G100/><T97/><D85/><U28/><E19/><V82/><F122/><W99/><G99/><T133/><D133/><U12/><E12/><V102/><F102/><W106/><G106/><T109/><D69/><U4/><E4/><V135/><F135/><W121/><G113/><T61/><D56/><U88/><E105/><V36/><F58/><W44/><G44/><T11/><D11/><U80/><E40/><V14/><F65/><W55/><G55/><T129/><D129/><N who="3" m="49769" /><G121/><T16/><D16/><U33/><E33/><V123/><F123/><W22/><AGARI ba="0,0" hai="21,22,23,30,31,64,66,67,89,93,98" m="49769" machi="22" ten="40,1500,0" yaku="19,1" doraHai="120" who="3" fromWho="3" sc="230,-4,230,-4,320,-7,220,15" /><INIT seed="3,0,0,0,0,68" ten="226,226,313,235" oya="3" hai0="135,34,9,79,59,22,62,117,67,126,50,52,58" hai1="4,127,104,113,25,44,57,37,107,65,47,21,86" hai2="14,24,78,77,121,45,12,120,15,26,125,31,42" hai3="7,51,97,110,100,130,35,109,89,103,88,54,17"/><W30/><G130/><T71/><D34/><U61/><E113/><V33/><F26/><N who="3" m="18903" /><G17/><T36/><D117/><U41/><E127/><V20/><F33/><W132/><G7/><T2/><D126/><U75/><E75/><V95/><F95/><W92/><G89/><T84/><D135/><U129/><E129/><V114/><F114/><W81/><G81/><T105/><D105/><U46/><E4/><V80/><F125/><W10/><G10/><T73/><D73/><U115/><E115/><V119/><F119/><W32/><G32/><T118/><D118/><U69/><E69/><V3/><F3/><W76/><G76/><T124/><D124/><U128/><E128/><V134/><F134/><W96/><G97/><T48/><D36/><U70/><E70/><V93/><F93/><W66/><G66/><T123/><D123/><N who="2" m="47178" /><F80/><W64/><G64/><T108/><D108/><N who="3" m="41577" /><G132/><T29/><D29/><U56/><E86/><V55/><F55/><W23/><G23/><T133/><D133/><U102/><E102/><V40/><F40/><W16/><G16/><T112/><D112/><U38/><E41/><V122/><F122/><W19/><G19/><T87/><D79/><U11/><E11/><V1/><F1/><W0/><G0/><T131/><D131/><U82/><E82/><V72/><F72/><W13/><G13/><T27/><D2/><U43/><E43/><V106/><F106/><W39/><G39/><AGARI ba="0,0" hai="12,14,15,20,24,31,39,42,45,77,78" m="47178" machi="39" ten="30,2000,0" yaku="13,1,52,1" doraHai="68" who="2" fromWho="3" sc="226,0,226,0,313,20,235,-20" owari="226,2.6,226,-17.4,333,43.3,215,-28.5" /></mjloggm>