<mjloggm ver="2.3"><GO type="225" lobby="0"/><UN n0="%77%72%77%72%77%72%77%72" n1="%E3%81%B5%E3%81%98%E3%81%8B%E3%81%A4" n2="%E6%A1%9C%E8%8A%B1%E9%96%83%E3%80%85" n3="%E9%97%98%E5%B0%86%E3%81%A0%E3%82%93%E3%81%A7%E3%81%83" dan="17,16,16,16" rate="2175.68,2155.70,2136.10,2134.88" sx="M,M,M,M"/><TAIKYOKU oya="0"/><INIT seed="0,0,0,2,1,76" ten="250,250,250,250" oya="0" hai0="82,109,131,68,128,54,83,126,52,85,86,60,100" hai1="13,94,3,5,69,23,8,91,121,42,32,7,120" hai2="95,134,30,105,49,112,12,1,47,117,20,35,61" hai3="50,41,9,58,33,92,93,66,26,37,22,102,75"/><T78/><D126/><U6/><E69/><V15/><F112/><W74/><G33/><T40/><D40/><U132/><E42/><V116/><F105/><W72/><G102/><T88/><D100/><U124/><E32/><V2/><F61/><W130/><G130/><N who="0" m="49707" /><D109/><U45/><E45/><V56/><F56/><W24/><G24/><T79/><D78/><U51/><E51/><V17/><F95/><W44/><G9/><T39/><D39/><U34/><E124/><V4/><F134/><W48/><G66/><AGARI ba="0,0" hai="52,54,60,66,68,79,82,83,85,86,88" m="49707" machi="66" ten="30,12000,1" yaku="19,1,52,2,54,2" doraHai="76" who="0" fromWho="3" sc="250,120,250,0,250,0,250,-120" /><INIT seed="0,1,0,4,1,50" ten="370,250,250,130" oya="0" hai0="89,33,38,31,66,119,115,117,98,2,92,105,45" hai1="32,23,112,49,1,114,78,41,25,35,133,135,110" hai2="118,7,69,51,134,34,19,21,47,100,90,65,130" hai3="84,129,55,39,106,20,116,103,16,88,22,74,13"/><T111/><D115/><N who="1" m="44075" /><E78/><V54/><F34/><N who="1" m="12841" /><E41/><V15/><F130/><W44/><G116/><T120/><D120/><U86/><E49/><V128/><F128/><W56/><G129/><T62/><D2/><U101/><E86/><V18/><F134/><N who="1" m="51209" /><E101/><V42/><F118/><W40/><G74/><T99/><D38/><U3/><E110/><V46/><F7/><W82/><G103/><T83/><D111/><U60/><E60/><V12/><F100/><W64/><G64/><T104/><D62/><U96/><E96/><V36/><F65/><W72/><G72/><T108/><D66/><U91/><E91/><V94/><F69/><W53/><G106/><T122/><D98/><U8/><E8/><V126/><F94/><W113/><G113/><T68/><D92/><U70/><E70/><V17/><F90/><W4/><G56/><T76/><D99/><U75/><E75/><V125/><REACH who="2" step="1"/><F19/><AGARI ba="1,0" hai="1,3,19,23,25" m="51209,12841,44075" machi="19" ten="40,8000,1" yaku="11,1,20,1,34,2" doraHai="50" who="1" fromWho="2" sc="370,0,250,83,250,-83,130,0" /><INIT seed="1,0,0,3,5,44" ten="370,333,167,130" oya="1" hai0="74,46,59,20,32,88,80,109,84,24,13,14,63" hai1="119,39,21,102,128,73,52,76,104,134,114,103,118" hai2="36,12,122,61,42,33,37,7,8,10,117,49,27" hai3="22,70,90,72,31,105,34,85,99,23,0,57,28"/><U1/><E114/><V133/><F117/><W82/><G70/><T15/><D109/><U125/><E39/><V110/><F122/><W45/><G0/><T11/><D32/><U129/><E1/><V5/><F110/><W17/><G34/><T58/><D74/><U30/><E30/><V2/><F133/><W83/><G22/><T120/><D120/><U95/><E21/><V3/><F61/><W115/><G115/><T116/><D116/><U53/><E125/><V19/><F12/><N who="0" m="4714" /><D46/><U16/><E134/><V124/><F124/><W56/><G31/><N who="0" m="17799" /><D63/><U18/><E73/><V43/><F19/><AGARI ba="0,0" hai="11,15,19,58,59,80,84,88" m="17799,4714" machi="19" ten="30,2000,0" yaku="8,1,54,1" doraHai="44" who="0" fromWho="2" sc="370,20,333,0,167,-20,130,0" /><INIT seed="2,0,0,0,0,63" ten="390,333,147,130" oya="2" hai0="106,81,79,116,132,39,126,22,4,31,87,38,70" hai1="47,80,32,58,49,124,48,7,75,91,13,88,109" hai2="84,54,9,66,37,50,6,60,14,119,3,57,115" hai3="61,5,23,120,108,100,123,103,0,101,19,128,44"/><V51/><F115/><W107/><G108/><T97/><D70/><U104/><E104/><V111/><F119/><W74/><G128/><T96/><D116/><U83/><E109/><V27/><F111/><W56/><G107/><T29/><D132/><U15/><E32/><V131/><F131/><W55/><G74/><T64/><D126/><U121/><E124/><V59/><F37/><W24/><G0/><T110/><D110/><U33/><E33/><V71/><F27/><W92/><G5/><T43/><D4/><U40/><E75/><V45/><F84/><W78/><G78/><T28/><D106/><U53/><E121/><V73/><F73/><W133/><G133/><T1/><D1/><U20/><E15/><V62/><F3/><W94/><G120/><T72/><D39/><U8/><REACH who="1" step="1"/><E20/><REACH who="1" ten="390,323,147,130" step="2"/><V82/><F82/><AGARI ba="0,1" hai="7,8,13,40,47,48,49,53,58,80,82,83,88,91" machi="82" ten="40,8000,1" yaku="1,1,2,1,8,1,54,1,53,0" doraHai="63" doraHaiUra="113" who="1" fromWho="2" sc="390,0,323,90,147,-80,130,0" /><INIT seed="3,0,0,4,1,19" ten="390,413,67,130" oya="3" hai0="8,126,115,14,47,117,113,95,74,110,6,85,1" hai1="67,21,135,34,116,58,16,84,43,22,31,28,53" hai2="35,60,29,57,98,120,90,23,3,86,91,99,88" hai3="37,121,83,87,112,100,105,92,124,2,50,51,17"/><W10/><G121/><T45/><D117/><U114/><E114/><N who="0" m="43529" /><D74/><U123/><E123/><V59/><F120/><W97/><G37/><T63/><D63/><N who="1" m="38391" /><E34/><V61/><F35/><W0/><G124/><T129/><D126/><U72/><E72/><V109/><F109/><W102/><G112/><T69/><D69/><U12/><E116/><V71/><F3/><W111/><G111/><T4/><D110/><U26/><E135/><V32/><F32/><W24/><G100/><T125/><D125/><U38/><E38/><V30/><F71/><W62/><G62/><T128/><D4/><U64/><E43/><V76/><F76/><W36/><G36/><T80/><D95/><U52/><E64/><V93/><F60/><W122/><G122/><T133/><D1/><U127/><E127/><V77/><F59/><W33/><G105/><T108/><D108/><U25/><E84/><V20/><F77/><W68/><G68/><T89/><D133/><U131/><E131/><AGARI ba="0,0" hai="6,8,14,45,47,80,85,89,128,129,131" m="43529" machi="131" ten="30,2000,0" yaku="19,1,11,1" doraHai="19" who="0" fromWho="1" sc="390,20,413,-20,67,0,130,0" owari="410,51.0,393,19.3,67,-43.3,130,-27.0" /></mjloggm>