<mjloggm ver="2.3"><GO type="225" lobby="0"/><UN n0="%E3%82%A2%E3%82%A4%E3%82%B9%E3%83%86%E3%82%A3%E3%83%BC%E3%81%82%E3%81%B9" n1="%E3%81%B2%E3%81%AA%E3%81%AE%E3%82%8A%E3%81%8F" n2="%E3%81%86%E3%82%8B%E3%81%8A%E3%81%A1%E3%82%83" n3="%6E%69%63%6B%6C%6F%77" dan="16,17,16,16" rate="2092.14,2198.01,2075.96,2099.46" sx="M,M,F,F"/><TAIKYOKU oya="0"/><INIT seed="0,0,0,1,4,80" ten="250,250,250,250" oya="0" hai0="87,114,69,115,109,37,10,90,122,118,60,105,91" hai1="82,9,25,23,110,47,59,112,31,58,111,94,113" hai2="41,45,3,39,127,64,128,57,75,26,46,125,131" hai3="30,29,95,66,119,126,36,116,72,135,130,5,48"/><T2/><D37/><U129/><E129/><N who="2" m="49739" /><F75/><W81/><G130/><T16/><D118/><U71/><E71/><V13/><F3/><W74/><G36/><T83/><D105/><U15/><E47/><N who="2" m="23999" /><F26/><W133/><G81/><T52/><D122/><U78/><E94/><V49/><F13/><W103/><G48/><T42/><D42/><U24/><E24/><V18/><F18/><W70/><G70/><T28/><D28/><U132/><E132/><N who="3" m="50762" /><G66/><T85/><D69/><U67/><E111/><V34/><F34/><W89/><G5/><T76/><D109/><U61/><E110/><V117/><F117/><N who="3" m="45131" /><G103/><T33/><D33/><U32/><E32/><V62/><F46/><W102/><G102/><T98/><D98/><U53/><E112/><V55/><AGARI ba="0,0" hai="45,49,55,57,62,64,125,127" m="23999,49739" machi="55" ten="30,4000,0" yaku="19,1,34,2" doraHai="80" who="2" fromWho="2" sc="250,-20,250,-10,250,40,250,-10" /><INIT seed="1,0,0,2,1,37" ten="230,240,290,240" oya="1" hai0="52,120,36,23,126,3,21,67,33,128,108,104,44" hai1="132,69,73,125,98,105,20,86,19,123,58,82,96" hai2="127,116,118,99,5,129,34,124,11,1,107,71,48" hai3="81,122,83,72,113,65,94,109,112,38,78,133,75"/><U61/><E123/><V62/><F34/><W70/><G122/><T10/><D10/><U42/><BYE who="0" /><E73/><UN n0="%E3%82%A2%E3%82%A4%E3%82%B9%E3%83%86%E3%82%A3%E3%83%BC%E3%81%82%E3%81%B9" /><V56/><F48/><W85/><G38/><T77/><D120/><U57/><E125/><N who="2" m="48203" /><F129/><W45/><G109/><T66/><D108/><U0/><E0/><V60/><F71/><W41/><G133/><T87/><D33/><U100/><E132/><V18/><F18/><W115/><G94/><T135/><D104/><U32/><E32/><V131/><F131/><W46/><G46/><T6/><D135/><U103/><E69/><V92/><F107/><W74/><G83/><N who="0" m="47599" /><D36/><U101/><E105/><V49/><F49/><W53/><G53/><T9/><D3/><U15/><E42/><V50/><F50/><W13/><G13/><N who="0" m="5303" /><D128/><U59/><REACH who="1" step="1"/><E61/><REACH who="1" ten="230,230,290,240" step="2"/><N who="2" m="23659" /><F56/><W24/><G70/><T54/><D126/><U111/><E111/><V130/><F130/><W2/><G2/><T8/><D44/><U117/><E117/><V30/><F30/><W64/><G115/><T28/><D28/><U97/><E97/><V84/><F84/><W79/><G113/><T93/><D67/><U43/><E43/><V35/><F35/><W63/><G112/><T51/><D66/><U29/><E29/><V22/><F22/><W4/><G64/><T88/><D8/><U25/><E25/><V39/><F39/><N who="3" m="21695" /><G24/><T68/><D68/><U47/><E47/><V89/><AGARI ba="0,1" hai="1,5,11,89,92,99,116,118" m="23659,48203" machi="89" ten="30,1100,0" yaku="18,1" doraHai="37" who="2" fromWho="2" sc="230,-3,230,-5,290,21,240,-3" /><INIT seed="2,0,0,2,2,93" ten="227,225,311,237" oya="2" hai0="106,132,97,54,14,82,41,22,66,109,17,27,104" hai1="28,7,116,53,68,95,133,118,79,55,98,113,67" hai2="70,121,81,131,19,30,9,102,91,71,85,46,108" hai3="60,125,112,10,87,34,45,69,58,5,127,61,31"/><V12/><F121/><W65/><G112/><T59/><D109/><U47/><E113/><V13/><F131/><W1/><G45/><T62/><D132/><U2/><E133/><V24/><F108/><W128/><G128/><T4/><D41/><U89/><E28/><V84/><F102/><W23/><G34/><T38/><D38/><U94/><E79/><V3/><F3/><W15/><G87/><T57/><D82/><U92/><E92/><V37/><F37/><W83/><G83/><T100/><D4/><U122/><E122/><V43/><F13/><W77/><G77/><T36/><D36/><U73/><E73/><V63/><F85/><W101/><G101/><T99/><D14/><U8/><E68/><V72/><F72/><W56/><G69/><T48/><REACH who="0" step="1"/><D100/><REACH who="0" ten="217,225,311,237" step="2"/><U107/><E116/><V51/><F81/><W26/><REACH who="3" step="1"/><G15/><REACH who="3" ten="217,225,311,227" step="2"/><T32/><D32/><U16/><E118/><V88/><F12/><W78/><G78/><T64/><D64/><AGARI ba="0,2" hai="1,5,10,23,26,31,56,58,60,61,64,65,125,127" machi="64" ten="40,2600,0" yaku="1,1,9,1,53,0" doraHai="93" doraHaiUra="90" who="3" fromWho="0" sc="217,-26,225,0,311,0,227,46" /><INIT seed="3,0,0,1,0,48" ten="191,225,311,273" oya="3" hai0="120,50,71,0,81,93,96,92,77,130,122,115,21" hai1="42,105,73,102,109,94,24,112,129,101,84,90,86" hai2="78,89,125,127,110,79,7,23,95,132,36,38,72" hai3="47,58,88,57,49,29,80,66,82,51,118,5,25"/><W64/><G118/><T111/><D71/><U62/><E112/><V43/><F7/><W116/><G116/><T4/><D0/><U11/><E73/><V91/><F110/><W35/><G5/><T22/><D4/><U20/><E109/><V75/><F23/><N who="3" m="15551" /><G80/><T2/><D2/><U70/><E105/><V87/><F132/><W135/><G35/><T33/><D33/><U28/><E129/><V123/><F43/><N who="3" m="24831" /><G135/><T60/><D111/><U83/><E42/><V124/><F123/><W32/><G32/><T52/><D130/><U98/><E11/><V59/><F59/><N who="3" m="22539" /><G51/><T128/><D128/><U44/><E44/><V26/><F26/><W134/><G134/><T45/><D115/><U15/><E70/><V104/><F104/><W114/><G114/><T9/><D9/><U18/><E62/><V133/><F133/><W34/><G34/><T3/><D3/><U27/><E27/><V13/><F13/><W14/><G14/><T76/><D60/><U68/><E68/><V55/><F75/><W69/><G69/><T63/><D63/><U85/><E83/><N who="2" m="49407" /><F72/><W119/><G119/><T37/><D37/><N who="2" m="14442" /><F55/><W107/><G107/><T41/><D41/><U46/><E46/><V126/><F126/><W121/><G121/><N who="0" m="46699" /><D77/><U6/><E6/><V131/><F131/><W117/><G117/><T67/><D67/><U99/><E15/><V54/><F54/><W30/><G30/><T1/><D1/><U19/><E28/><V16/><F16/><W65/><G65/><T61/><D61/><U40/><E19/><V31/><F31/><W10/><G64/><RYUUKYOKU ba="0,0" sc="191,-10,225,-10,311,30,273,-10" hai2="78,79,91,95,124,125,127" owari="181,-31.9,215,-18.5,341,44.1,263,6.3" /></mjloggm>