<mjloggm ver="2.3"><GO type="225" lobby="0"/><UN n0="%E3%81%99%E3%81%84%E3%81%BE%E3%81%9B%E3%83%BC%E3%82%93" n1="%E3%81%B5%E3%81%98%E3%81%8B%E3%81%A4" n2="%E3%81%AF%E3%82%88%E3%81%8A%E3%81%98%E3%81%95%E3%82%93" n3="%72%69%6F%75%63%68%61%6E" dan="18,16,17,17" rate="2206.69,2163.85,2174.62,2240.27" sx="M,M,M,M"/><TAIKYOKU oya="0"/><INIT seed="0,0,0,1,4,53" ten="250,250,250,250" oya="0" hai0="5,9,8,65,83,70,74,30,126,117,111,68,27" hai1="47,69,7,128,85,39,28,36,114,16,44,106,32" hai2="71,93,124,22,40,64,135,56,79,11,84,127,15" hai3="13,122,116,61,120,35,125,46,91,1,101,99,105"/><T59/><D117/><U57/><E106/><V90/><F135/><W41/><G1/><T4/><D126/><N who="2" m="48170" /><F40/><W63/><G125/><T132/><D132/><U76/><E69/><V62/><F79/><W81/><G116/><T102/><D102/><U88/><E7/><N who="2" m="3583" /><F22/><W10/><G35/><T131/><D131/><U134/><E134/><V89/><F90/><W51/><G81/><T80/><D111/><U103/><E128/><V55/><F55/><W92/><G122/><T113/><D113/><U43/><E103/><V26/><F26/><W109/><G109/><T133/><D133/><U0/><E76/><V100/><F100/><W14/><G120/><T50/><D27/><U78/><E78/><V66/><F66/><W42/><G41/><T31/><D65/><U72/><E72/><V108/><F108/><W17/><REACH who="3" step="1"/><G14/><REACH who="3" ten="250,250,250,240" step="2"/><T29/><D83/><U82/><E114/><V49/><F49/><W87/><AGARI ba="0,1" hai="10,13,17,42,46,51,61,63,87,91,92,99,101,105" machi="87" ten="20,5200,0" yaku="1,1,2,1,0,1,7,1,53,0" doraHai="53" doraHaiUra="73" who="3" fromWho="3" sc="250,-26,250,-13,250,-13,240,62" /><INIT seed="1,0,0,0,5,105" ten="224,237,237,302" oya="1" hai0="134,36,68,74,75,22,69,122,47,35,46,63,79" hai1="39,54,120,5,7,135,29,85,60,116,82,21,77" hai2="112,34,126,9,10,20,84,111,123,92,78,6,86" hai3="45,94,104,4,2,16,57,51,101,17,102,89,62"/><U64/><E120/><V106/><F123/><W130/><G130/><T132/><D122/><U25/><E116/><V59/><F106/><W61/><G104/><T26/><D35/><U24/><E39/><V48/><F34/><W40/><G61/><T50/><D79/><U117/><E117/><V128/><F128/><W49/><G51/><T121/><D36/><U14/><E135/><N who="0" m="51753" /><D121/><U30/><E14/><V15/><F111/><W95/><G4/><T115/><D115/><U53/><E5/><V110/><F110/><W71/><G71/><N who="0" m="27211" /><D63/><U83/><E7/><V119/><F119/><W81/><G81/><T37/><D37/><U56/><REACH who="1" step="1"/><E83/><REACH who="1" ten="224,227,237,302" step="2"/><N who="2" m="47223" /><F6/><W23/><G2/><T70/><D70/><U76/><E76/><V55/><F112/><W18/><G23/><AGARI ba="0,1" hai="21,23,24,25,29,30,53,54,56,60,64,77,82,85" machi="23" ten="30,11600,0" yaku="1,1,7,1,9,1,8,1,53,0" doraHai="105" doraHaiUra="31" who="1" fromWho="3" sc="224,0,227,126,237,0,302,-116" /><INIT seed="1,1,0,5,3,135" ten="224,353,237,186" oya="1" hai0="55,8,34,129,42,37,47,132,50,114,85,19,54" hai1="131,26,63,59,2,7,46,64,28,41,96,106,40" hai2="101,110,6,36,30,130,31,52,123,0,4,81,78" hai3="134,100,93,124,44,105,56,75,69,116,72,9,126"/><U62/><E131/><V22/><F123/><W65/><G134/><T17/><D132/><U39/><E41/><V102/><F36/><W108/><G69/><T45/><D114/><U53/><E2/><V119/><F119/><W29/><G105/><T127/><D129/><U95/><E7/><V3/><F130/><W104/><G104/><T32/><D127/><N who="3" m="48681" /><G116/><T16/><D8/><U82/><E82/><V89/><F110/><W87/><G108/><T77/><D55/><U109/><E106/><V118/><F118/><W74/><G29/><T88/><REACH who="0" step="1"/><D77/><REACH who="0" ten="214,353,237,186" step="2"/><U121/><E109/><V70/><F78/><W97/><G9/><T92/><AGARI ba="1,1" hai="16,17,19,32,34,37,42,45,47,50,54,85,88,92" machi="92" ten="30,8000,1" yaku="1,1,2,1,0,1,54,2,53,0" doraHai="135" doraHaiUra="60" who="0" fromWho="0" sc="214,93,353,-41,237,-21,186,-21" /><INIT seed="2,0,0,5,1,35" ten="307,312,216,165" oya="2" hai0="119,12,3,91,9,13,84,51,85,82,125,58,97" hai1="8,110,65,62,56,100,88,70,67,93,129,80,54" hai2="10,33,78,92,0,81,135,43,101,64,53,7,39" hai3="127,49,108,131,44,31,11,63,22,123,96,15,118"/><V107/><F92/><W73/><G118/><T66/><D119/><U45/><E110/><V90/><F90/><W124/><G123/><T112/><D112/><U55/><E129/><V132/><F53/><W6/><G108/><T98/><D125/><U71/><E100/><V14/><F14/><W105/><G131/><T37/><D37/><U32/><E32/><V4/><F4/><W21/><G73/><T38/><D38/><U102/><E102/><V42/><F64/><W61/><G105/><T47/><D3/><U106/><E106/><V104/><F33/><W24/><G96/><N who="0" m="36971" /><D9/><U121/><E80/><V17/><F17/><W1/><G21/><T50/><D85/><U79/><E79/><V89/><F89/><W120/><G120/><T52/><D66/><U41/><E121/><V134/><F42/><AGARI ba="0,0" hai="12,13,42,47,50,51,52,58,82,84,91" m="36971" machi="42" ten="30,2000,0" yaku="8,1,54,1" doraHai="35" who="0" fromWho="2" sc="307,20,312,0,216,-20,165,0" /><INIT seed="3,0,0,4,0,98" ten="327,312,196,165" oya="3" hai0="53,126,123,27,77,110,55,23,9,7,71,116,12" hai1="25,86,83,60,48,103,134,21,22,109,57,36,15" hai2="24,6,16,38,135,88,90,49,52,70,80,68,17" hai3="75,35,40,45,69,115,0,97,85,79,28,124,92"/><W56/><G115/><T122/><D116/><U89/><E36/><V50/><F38/><W31/><G69/><T44/><D110/><U93/><E109/><V72/><F135/><W121/><G121/><T132/><D71/><U58/><E15/><V14/><F50/><W104/><G35/><T51/><D132/><U66/><E25/><V101/><F101/><N who="3" m="60583" /><G75/><T84/><D126/><U1/><E1/><V120/><F120/><W96/><G0/><T107/><D107/><U129/><E129/><V33/><F6/><W113/><G113/><T100/><D100/><U8/><E8/><V30/><F68/><W73/><G124/><T62/><D62/><N who="1" m="38231" /><E48/><V125/><F70/><W41/><G73/><T131/><D131/><U94/><E134/><V111/><F111/><W61/><G104/><T99/><D99/><N who="1" m="59895" /><E83/><V65/><F125/><W59/><G96/><T108/><D108/><U127/><E127/><V82/><F65/><AGARI ba="0,0" hai="21,22,57,60,65,86,89,93" m="59895,38231" machi="65" ten="30,2000,0" yaku="8,1,52,1" doraHai="98" who="1" fromWho="2" sc="327,0,312,20,196,-20,165,0" owari="327,12.7,332,43.2,176,-22.4,165,-33.5" /></mjloggm>