<mjloggm ver="2.3"><GO type="225" lobby="0"/><UN n0="%45%6C%79%73%69%75%6D" n1="%E9%81%85%E5%88%BB%E3%81%AE%E3%83%97%E3%83%AA%E3%83%B3%E3%82%B9%E2%99%AA" n2="%E6%A1%9C%E8%8A%B1%E9%96%83%E3%80%85" n3="%43%68%65" dan="17,16,18,16" rate="2096.47,2159.16,2248.41,2174.68" sx="F,F,M,M"/><TAIKYOKU oya="0"/><INIT seed="0,0,0,0,2,103" ten="250,250,250,250" oya="0" hai0="30,16,109,42,69,63,84,54,11,127,94,119,87" hai1="41,62,25,92,107,128,108,7,34,3,46,121,115" hai2="86,44,131,123,60,82,33,19,112,96,38,26,36" hai3="100,29,120,32,20,15,111,91,23,101,49,17,117"/><T104/><D119/><U28/><E121/><V12/><F112/><W81/><G117/><T0/><D127/><U102/><E108/><V129/><F123/><W88/><G32/><T77/><D109/><U21/><E115/><V55/><F96/><W93/><G111/><T110/><D110/><U135/><E128/><N who="2" m="49227" /><F26/><N who="3" m="16583" /><G120/><T13/><D0/><U9/><E135/><V133/><F33/><W78/><G78/><T58/><D69/><U68/><E92/><V66/><F55/><W45/><G81/><T122/><D122/><U56/><E21/><N who="2" m="11495" /><F44/><W67/><G67/><T118/><D118/><U114/><E114/><V97/><F97/><N who="3" m="57511" /><G91/><T73/><D30/><U132/><E68/><N who="2" m="42055" /><F133/><W75/><G75/><T65/><D73/><U64/><E132/><V27/><F27/><W85/><G85/><T134/><D134/><U83/><E102/><V76/><AGARI ba="0,0" hai="36,38,76,82,86" m="42055,11495,49227" machi="76" ten="30,1100,0" yaku="19,1" doraHai="103" who="2" fromWho="2" sc="250,-5,250,-3,250,11,250,-3" /><INIT seed="1,0,0,4,4,128" ten="245,247,261,247" oya="1" hai0="0,95,37,103,56,41,38,44,54,113,13,133,18" hai1="29,94,91,1,16,46,117,34,135,21,32,88,124" hai2="78,8,126,48,101,11,36,17,123,27,122,59,68" hai3="97,2,105,129,84,22,73,10,12,79,14,119,50"/><U109/><E117/><V20/><F68/><W131/><G73/><T127/><D113/><U63/><E1/><V49/><F36/><W67/><G2/><T125/><D0/><U77/><E29/><V24/><F78/><W130/><G119/><T3/><D3/><U132/><E124/><N who="0" m="47689" /><D37/><U40/><E109/><V100/><F126/><W120/><G120/><T6/><D6/><U75/><E63/><V58/><F20/><W111/><G111/><T43/><D43/><U121/><E121/><V66/><REACH who="2" step="1"/><F17/><REACH who="2" ten="245,247,251,247" step="2"/><W104/><G22/><T98/><D18/><U81/><E34/><V69/><F69/><W61/><G79/><T102/><D38/><N who="1" m="21783" /><E32/><V42/><F42/><W71/><G71/><T64/><D41/><U89/><E16/><V31/><F31/><W35/><G35/><T112/><D112/><U60/><E21/><V65/><AGARI ba="0,1" hai="8,11,24,27,48,49,58,59,65,66,100,101,122,123" machi="65" ten="25,12000,2" yaku="1,1,0,1,22,2,53,2" doraHai="128" doraHaiUra="99" who="2" fromWho="2" sc="245,-30,247,-60,251,130,247,-30" /><INIT seed="2,0,0,3,2,131" ten="215,187,381,217" oya="2" hai0="35,9,130,115,110,23,102,51,118,96,80,116,111" hai1="78,44,48,4,97,60,50,25,101,54,59,86,91" hai2="105,36,123,107,57,5,95,62,103,98,92,79,52" hai3="104,68,55,90,15,38,69,56,19,94,106,16,132"/><V134/><F123/><W32/><G38/><T21/><D35/><U83/><E4/><V26/><F134/><W2/><G2/><T124/><D130/><U10/><E10/><V77/><F36/><W12/><G32/><T31/><D115/><U33/><E33/><V99/><F5/><W108/><G108/><N who="0" m="41515" /><D124/><U88/><E25/><V29/><F105/><W34/><G34/><T40/><D9/><U84/><E84/><V93/><REACH who="2" step="1"/><F99/><REACH who="2" ten="215,187,371,217" step="2"/><W126/><G132/><T89/><D96/><U43/><REACH who="1" step="1"/><E50/><REACH who="1" ten="215,177,371,217" step="2"/><V47/><F47/><W65/><G126/><T1/><D51/><U8/><E8/><V121/><F121/><W0/><G0/><T125/><D1/><U135/><E135/><V39/><F39/><W100/><G106/><AGARI ba="0,2" hai="43,44,48,54,59,60,78,83,86,88,91,97,101,106" machi="106" ten="30,3900,0" yaku="1,1,7,1,54,1,53,0" doraHai="131" doraHaiUra="120" who="1" fromWho="3" sc="215,0,177,59,371,0,217,-39" /><INIT seed="3,0,0,5,5,12" ten="215,236,371,178" oya="3" hai0="119,0,41,92,4,111,91,54,76,89,96,84,102" hai1="14,100,60,59,9,64,42,44,70,81,65,25,52" hai2="20,2,82,46,95,108,7,122,31,132,131,114,90" hai3="110,13,23,21,47,79,22,30,19,109,38,40,34"/><W128/><G79/><T39/><D119/><U57/><E70/><V15/><F114/><W66/><G128/><T32/><D32/><U73/><E100/><V29/><F2/><W56/><G66/><T6/><D111/><N who="3" m="42505" /><G56/><T129/><D129/><U10/><E25/><AGARI ba="0,0" hai="13,19,21,22,23,25,30,34,38,40,47" m="42505" machi="25" ten="30,5800,0" yaku="14,1,10,1,52,1" doraHai="12" who="3" fromWho="1" sc="215,0,236,-58,371,0,178,58" /><INIT seed="3,1,0,4,1,34" ten="215,178,371,236" oya="3" hai0="120,99,113,50,10,89,46,97,23,51,41,18,25" hai1="7,95,6,33,105,64,30,11,76,61,8,3,87" hai2="2,32,88,128,79,57,90,13,31,65,104,4,69" hai3="108,77,55,129,100,131,22,111,49,122,127,133,16"/><W12/><G122/><T53/><D120/><U101/><E95/><V72/><F13/><W17/><G77/><T125/><D125/><U134/><E87/><V20/><F20/><W67/><G127/><T118/><D118/><U58/><E134/><V19/><F19/><W14/><G67/><T126/><D126/><U78/><E101/><V74/><F57/><N who="3" m="33007" /><G100/><T63/><D113/><U39/><E39/><V96/><F79/><W5/><G5/><T73/><D73/><U123/><E105/><V66/><F66/><W56/><G56/><N who="0" m="35215" /><D51/><U0/><E123/><V54/><F90/><W68/><G68/><T28/><D89/><U48/><E48/><V81/><F88/><W42/><G42/><T75/><D75/><U121/><E121/><V92/><F104/><W40/><G40/><T124/><D124/><U103/><E103/><V43/><F43/><W114/><G114/><T36/><D36/><U94/><E94/><V85/><F65/><W102/><G102/><T91/><D91/><U119/><E119/><V47/><F69/><W106/><G106/><T80/><D80/><U21/><E33/><V115/><F32/><W60/><G60/><T15/><AGARI ba="1,0" hai="10,15,18,23,25,28,41,46,50,97,99" m="35215" machi="15" ten="30,1100,0" yaku="8,1" doraHai="34" who="0" fromWho="0" sc="215,14,178,-4,371,-4,236,-6" owari="229,-17.1,174,-32.6,367,46.7,230,3.0" /></mjloggm>