<mjloggm ver="2.3"><GO type="225" lobby="0"/><UN n0="%E7%9C%9F%E4%B8%80" n1="%E3%81%9F%E3%81%93%E2%98%86%E7%84%BC%E3%81%8D" n2="%E3%81%8F%E3%82%8A%E3%83%94%E3%83%BC" n3="%E3%81%A1%E3%82%85%E3%81%86%E3%81%A9%E3%81%8F%E8%B1%A1%E3%81%95%E3%82%93" dan="16,16,16,17" rate="2157.75,2108.22,2107.73,2204.12" sx="M,M,M,M"/><TAIKYOKU oya="0"/><INIT seed="0,0,0,1,0,12" ten="250,250,250,250" oya="0" hai0="120,81,25,130,31,104,45,4,112,110,132,73,58" hai1="124,16,125,71,19,3,128,18,95,34,46,52,78" hai2="40,15,50,115,88,14,63,108,9,47,26,66,106" hai3="41,72,30,43,89,96,2,29,116,28,84,37,102"/><T92/><D104/><U23/><E71/><V85/><F108/><W67/><G116/><T61/><D120/><U80/><E34/><V133/><F133/><W76/><G2/><T121/><D121/><U126/><E3/><V10/><F115/><W49/><G37/><T21/><D112/><U42/><E95/><V62/><F106/><W65/><G72/><T55/><D132/><U48/><E42/><V11/><F26/><W99/><G76/><T82/><D110/><U135/><E128/><V59/><REACH who="2" step="1"/><F63/><REACH who="2" ten="250,250,240,250" step="2"/><W68/><G28/><T77/><D130/><U123/><E135/><V87/><F87/><W118/><G29/><T100/><D25/><N who="1" m="14567" /><E123/><V90/><F90/><W70/><G30/><T83/><D61/><U33/><E33/><V111/><F111/><W98/><G89/><T53/><D31/><U60/><E60/><V64/><F64/><N who="3" m="24651" /><G84/><AGARI ba="0,1" hai="18,19,46,48,52,78,80,84,124,125,126" m="14567" machi="84" ten="30,12000,2" yaku="18,1,52,3,54,2" doraHai="12" who="1" fromWho="3" sc="250,0,250,130,240,0,250,-120" /><INIT seed="1,0,0,3,3,128" ten="250,380,240,130" oya="1" hai0="33,64,126,40,100,62,132,7,108,57,10,78,11" hai1="44,5,41,30,17,116,118,102,4,133,82,129,74" hai2="123,93,134,35,119,55,120,75,48,130,22,95,97" hai3="43,61,70,49,89,86,117,32,47,99,63,105,34"/><U54/><E102/><V38/><F35/><W110/><G117/><T77/><D108/><U31/><E41/><V2/><F38/><W79/><G110/><T45/><D126/><U58/><E44/><V27/><F119/><W73/><G63/><T59/><D33/><U104/><E82/><V26/><F2/><W8/><G8/><T53/><D100/><U6/><E74/><V52/><F75/><W68/><G68/><T131/><D131/><U114/><E114/><V23/><F130/><W76/><G61/><T127/><D127/><U87/><E87/><V65/><F48/><W9/><G9/><T111/><D111/><U109/><E104/><V60/><F60/><W1/><G70/><T3/><D11/><U50/><E109/><V72/><F72/><W98/><G1/><T67/><D64/><U91/><E91/><V46/><F46/><W0/><G0/><T29/><D29/><N who="1" m="10763" /><E17/><V83/><F83/><W101/><G99/><T56/><D53/><U24/><E24/><V66/><F97/><W15/><G15/><T103/><D103/><U39/><E39/><V36/><F36/><W94/><REACH who="3" step="1"/><G79/><REACH who="3" ten="250,380,240,120" step="2"/><T92/><D78/><U90/><E129/><V135/><AGARI ba="0,1" hai="22,23,26,27,52,55,65,66,93,95,120,123,134,135" machi="135" ten="25,12000,2" yaku="0,1,22,2,52,2,54,1" doraHai="128" who="2" fromWho="2" sc="250,-30,380,-60,240,130,120,-30" /><INIT seed="2,0,0,2,3,63" ten="220,320,370,90" oya="2" hai0="123,33,133,129,107,7,92,64,43,9,94,14,71" hai1="0,102,127,39,18,120,80,114,73,42,108,47,52" hai2="34,28,8,111,60,115,35,84,13,11,97,37,119" hai3="75,38,88,74,3,68,49,65,83,87,31,130,15"/><V128/><F115/><W125/><G3/><T82/><D123/><U122/><E108/><V134/><F119/><W66/><G38/><T113/><D107/><U10/><E102/><V62/><F84/><W16/><G130/><T132/><D113/><U23/><E127/><V124/><F13/><W44/><G125/><T61/><D129/><U41/><E41/><V93/><F93/><W76/><G31/><T57/><D33/><U4/><E114/><V20/><F20/><W1/><G1/><T58/><D43/><U105/><E105/><V19/><F19/><W53/><G68/><T89/><D82/><U26/><E52/><V32/><F32/><W6/><G6/><T22/><D22/><U36/><E39/><V86/><F86/><W104/><G104/><T72/><D72/><N who="3" m="27689" /><G76/><AGARI ba="0,0" hai="0,4,10,18,23,26,36,42,47,73,76,80,120,122" machi="76" ten="40,2600,0" yaku="25,2" doraHai="63" who="1" fromWho="3" sc="220,0,320,26,370,0,90,-26" /><INIT seed="3,0,0,3,5,86" ten="220,346,370,64" oya="3" hai0="75,47,53,127,2,17,48,122,63,81,119,18,107" hai1="83,52,16,10,103,46,74,66,76,108,94,85,7" hai2="106,131,92,27,80,133,1,71,69,6,132,56,88" hai3="82,129,3,40,57,96,23,31,15,60,117,51,105"/><W102/><G117/><T120/><D119/><U37/><E66/><V32/><F131/><W113/><G129/><T26/><D107/><U78/><E108/><V97/><F106/><W44/><G113/><T126/><D2/><U93/><E76/><V90/><F56/><W24/><G3/><T67/><D75/><U79/><E78/><V36/><F36/><W84/><G15/><T42/><D81/><U68/><E68/><V89/><F80/><W114/><G114/><T29/><D17/><U25/><E37/><V8/><F27/><W43/><G43/><T87/><D18/><U130/><E7/><V112/><F32/><W101/><G96/><T19/><D19/><U98/><E93/><V12/><F12/><W9/><G9/><T39/><D87/><U118/><E74/><V116/><F116/><W35/><G35/><T128/><D128/><U62/><E118/><V121/><F121/><W100/><G105/><T104/><D104/><U135/><E135/><N who="2" m="51787" /><F112/><W38/><G38/><T45/><D26/><U64/><E10/><V41/><F41/><W99/><G99/><T49/><D29/><U70/><E130/><V11/><F8/><W0/><G0/><T22/><D22/><N who="1" m="13511" /><E70/><AGARI ba="0,0" hai="1,6,11,69,70,71,88,89,90,92,97" m="51787" machi="70" ten="30,8000,1" yaku="20,1,52,3,54,1" doraHai="86" who="2" fromWho="1" sc="220,0,346,-80,370,80,64,0" owari="220,-18.0,266,6.6,450,55.0,64,-43.6" /></mjloggm>