<mjloggm ver="2.3"><GO type="225" lobby="0"/><UN n0="%E3%82%A2%E3%83%A1%E3%82%A2%E3%83%A9%E3%83%AC" n1="%E3%83%A9%E3%82%A4%E3%83%B3%E3%81%AE%E8%99%8E" n2="%E9%80%86%E9%80%A3%E5%B8%AF%E3%81%AE%E9%AC%BC" n3="%E3%80%93%E3%81%97%E3%83%BC%E3%82%89%E3%80%93" dan="16,16,17,17" rate="2117.23,2076.58,2151.63,2138.09" sx="M,M,M,M"/><TAIKYOKU oya="0"/><INIT seed="0,0,0,2,1,79" ten="250,250,250,250" oya="0" hai0="16,15,33,0,119,43,112,65,26,25,77,118,124" hai1="121,19,31,35,8,48,126,47,58,27,109,12,17" hai2="89,131,28,93,98,106,6,114,73,81,14,110,108" hai3="69,135,24,75,113,59,115,60,49,61,95,104,54"/><T42/><D112/><U44/><E109/><V99/><F114/><N who="3" m="43531" /><G95/><T120/><D120/><U20/><E126/><V96/><F28/><W64/><G75/><T34/><D0/><U122/><E58/><V3/><F3/><W37/><G104/><T123/><D123/><U74/><E74/><V132/><F132/><W2/><G24/><T128/><D65/><U130/><E130/><V91/><F131/><W101/><G101/><T10/><D128/><U100/><E100/><V63/><F63/><N who="3" m="40095" /><G2/><T50/><D124/><U85/><E44/><V46/><F46/><W117/><G117/><T80/><D118/><U116/><E116/><V67/><F67/><W23/><G23/><T55/><D119/><U94/><E94/><N who="2" m="56399" /><F14/><W66/><G135/><T57/><D34/><U90/><E35/><V87/><F6/><W32/><G32/><T72/><REACH who="0" step="1"/><D25/><REACH who="0" ten="240,250,250,250" step="2"/><U62/><E122/><V45/><F110/><W51/><G37/><T22/><D22/><U127/><E127/><V11/><F108/><W133/><G133/><T41/><D41/><U7/><E121/><V92/><F11/><W125/><G125/><T76/><D76/><U5/><E20/><V82/><F45/><W56/><AGARI ba="0,1" hai="49,51,54,56,59,60,61,66" m="40095,43531" machi="56" ten="30,2000,0" yaku="34,2" doraHai="79" who="3" fromWho="3" sc="240,-10,250,-5,250,-5,250,30" /><INIT seed="1,0,0,1,3,112" ten="230,245,245,280" oya="1" hai0="90,43,88,89,98,45,109,1,48,80,85,65,101" hai1="31,30,105,40,119,39,83,10,51,99,49,96,87" hai2="94,42,19,57,62,18,13,5,77,82,78,128,26" hai3="16,35,131,61,86,63,46,54,91,36,28,71,81"/><U64/><E39/><V55/><F128/><W47/><G131/><T41/><D109/><U17/><E64/><V123/><F123/><W135/><G135/><T44/><D1/><U92/><E105/><V95/><F42/><W133/><G133/><T73/><D73/><U67/><E67/><V68/><F68/><W121/><G121/><T72/><D72/><U115/><E119/><V32/><F5/><W34/><G71/><T20/><D20/><U100/><E96/><V122/><F122/><W103/><G103/><T4/><D4/><U97/><E97/><V58/><F32/><W27/><G35/><T134/><D65/><U52/><E115/><V110/><F110/><W106/><G106/><T7/><D7/><U93/><E93/><V0/><F0/><W66/><G66/><T111/><D111/><U118/><E118/><V59/><F59/><W11/><G36/><T33/><D33/><U130/><E49/><V126/><F126/><W60/><REACH who="3" step="1"/><G54/><REACH who="3" ten="230,245,245,270" step="2"/><T53/><D134/><U70/><E70/><V74/><F55/><W15/><AGARI ba="0,1" hai="11,15,16,27,28,34,46,47,60,61,63,81,86,91" machi="15" ten="30,7900,0" yaku="1,1,2,1,0,1,54,1,53,0" doraHai="112" doraHaiUra="132" who="3" fromWho="3" sc="230,-20,245,-39,245,-20,270,89" /><INIT seed="2,0,0,3,3,19" ten="210,206,225,359" oya="2" hai0="108,37,43,4,59,132,21,39,54,13,67,129,66" hai1="11,81,6,20,73,44,61,58,56,45,53,95,88" hai2="99,23,33,89,60,117,96,79,122,51,113,15,111" hai3="32,106,120,101,7,119,27,104,131,134,125,127,103"/><V29/><F117/><W48/><G119/><T34/><D34/><U77/><E58/><V17/><F122/><W63/><G120/><T124/><D108/><U12/><REACH who="1" step="1"/><E20/><REACH who="1" ten="210,196,225,359" step="2"/><V74/><F23/><W14/><G32/><T115/><D21/><U10/><E10/><V38/><F33/><W91/><G125/><T72/><D59/><U28/><E28/><V64/><F29/><W49/><G127/><T35/><D124/><U94/><E94/><V114/><F111/><W57/><G57/><T52/><D35/><U3/><E3/><V90/><F114/><W26/><G106/><T126/><D115/><U116/><E116/><V121/><F113/><W5/><G104/><T46/><D126/><U30/><E30/><V16/><F121/><W78/><G27/><T118/><D118/><U85/><AGARI ba="0,1" hai="6,11,12,44,45,53,56,61,73,77,81,85,88,95" machi="85" ten="20,8000,1" yaku="1,1,0,1,7,1,54,1,53,1" doraHai="19" doraHaiUra="105" who="1" fromWho="1" sc="210,-20,196,90,225,-40,359,-20" /><INIT seed="3,0,0,3,3,86" ten="190,286,185,339" oya="3" hai0="73,7,84,58,95,65,78,113,71,67,53,22,52" hai1="72,24,39,99,59,3,107,108,11,114,118,33,92" hai2="90,106,25,122,102,12,38,82,41,4,45,79,96" hai3="27,132,110,66,37,40,129,80,50,15,111,125,94"/><W131/><G125/><T35/><D35/><U133/><RYUUKYOKU type="yao9" ba="0,0" sc="190,0,286,0,185,0,339,0" hai1="3,11,24,33,39,59,72,92,99,107,108,114,118,133" /><INIT seed="3,1,0,1,1,85" ten="190,286,185,339" oya="3" hai0="20,74,125,75,104,109,63,111,13,32,12,34,132" hai1="124,43,6,114,61,107,7,52,19,92,71,88,35" hai2="123,86,78,39,117,126,131,133,94,127,97,82,56" hai3="28,27,8,76,9,110,2,108,38,18,121,48,10"/><W33/><G38/><T60/><D104/><U120/><E107/><V128/><F39/><W80/><G121/><T90/><D125/><N who="2" m="47626" /><F123/><W55/><G18/><T29/><D29/><U26/><E124/><V37/><F37/><W36/><G36/><T66/><D132/><U93/><E120/><V46/><F46/><W64/><G64/><T1/><D1/><U16/><E93/><V102/><F117/><W11/><G11/><T67/><D20/><N who="1" m="13575" /><E35/><V5/><F5/><W21/><G33/><T31/><D31/><U44/><E71/><V42/><F42/><W51/><G2/><T22/><D22/><U45/><E19/><V73/><F133/><W23/><G23/><T135/><D135/><U130/><E130/><N who="2" m="49707" /><F56/><W79/><G51/><T129/><D129/><U49/><E114/><V40/><F40/><W65/><G10/><T30/><D30/><U96/><E44/><V3/><F3/><W122/><G28/><T106/><D106/><U118/><E118/><V24/><F24/><W58/><G9/><T89/><AGARI ba="1,0" hai="12,13,32,34,60,63,66,67,74,75,89,90,109,111" machi="89" ten="25,8000,1" yaku="0,1,22,2,52,2" doraHai="85" who="0" fromWho="0" sc="190,83,286,-21,185,-21,339,-41" /><INIT seed="4,0,0,0,0,80" ten="273,265,164,298" oya="0" hai0="106,130,30,7,115,48,56,3,107,62,82,17,47" hai1="126,36,74,111,88,34,65,46,128,131,70,78,124" hai2="11,31,18,35,43,103,63,89,44,71,113,68,73" hai3="19,41,29,114,20,125,120,23,59,15,121,83,117"/><T99/><D115/><U135/><E111/><V51/><F113/><W28/><G114/><T64/><D130/><N who="1" m="49707" /><E34/><V101/><F73/><W92/><G117/><T132/><D132/><U93/><E135/><V9/><F35/><W81/><G125/><N who="1" m="48234" /><E74/><V33/><F33/><W5/><G41/><T127/><D127/><U6/><E78/><V102/><F31/><N who="3" m="11851" /><G5/><T97/><D30/><U109/><E109/><V133/><F133/><W50/><G23/><T27/><D106/><U85/><E6/><V79/><F79/><W118/><G118/><T72/><D107/><U4/><E4/><V87/><F63/><W0/><G0/><T10/><D72/><U67/><E70/><V94/><REACH who="2" step="1"/><F18/><REACH who="2" ten="273,265,154,298" step="2"/><W25/><G121/><T66/><D17/><U1/><E1/><V119/><F119/><W90/><G120/><T95/><D62/><U116/><E116/><V8/><AGARI ba="0,1" hai="8,9,11,43,44,51,68,71,87,89,94,101,102,103" machi="8" ten="30,4000,0" yaku="1,1,0,1,52,1,53,0" doraHai="80" doraHaiUra="14" who="2" fromWho="2" sc="273,-20,265,-10,154,50,298,-10" /><INIT seed="5,0,0,5,5,123" ten="253,255,204,288" oya="1" hai0="110,119,53,31,57,46,120,126,36,77,78,129,50" hai1="71,33,42,18,105,90,117,49,84,40,122,68,28" hai2="104,81,16,23,125,118,56,76,92,99,114,3,29" hai3="100,21,73,25,63,34,59,109,75,26,4,51,2"/><U48/><E122/><V98/><F118/><W8/><G109/><T101/><D119/><U12/><E117/><V47/><F125/><W55/><G100/><T43/><D120/><U131/><E105/><V15/><F114/><W62/><G34/><T82/><D126/><U70/><E131/><V37/><F3/><W6/><G6/><T54/><D129/><U135/><E135/><V108/><F104/><W116/><G116/><T58/><D101/><U74/><E74/><V83/><F108/><W0/><G0/><T107/><D107/><U24/><E42/><V134/><F134/><W128/><G26/><T32/><D110/><U45/><E48/><V88/><F29/><W44/><G63/><T95/><D95/><U79/><E79/><V41/><F99/><W72/><G128/><T7/><D7/><U87/><REACH who="1" step="1"/><E90/><REACH who="1" ten="253,245,204,288" step="2"/><V103/><F103/><W112/><G112/><T106/><D106/><U111/><E111/><V97/><F76/><W133/><G133/><T38/><D78/><U86/><E86/><V94/><F98/><W13/><G2/><T132/><D132/><U17/><E17/><V124/><F124/><W27/><REACH who="3" step="1"/><G21/><AGARI ba="0,1" hai="12,18,21,24,28,33,40,45,49,68,70,71,84,87" machi="21" ten="40,2000,0" yaku="1,1,53,0" doraHai="123" doraHaiUra="127" who="1" fromWho="3" sc="253,0,245,30,204,0,288,-20" /><INIT seed="5,1,0,3,2,121" ten="253,275,204,268" oya="1" hai0="4,58,69,24,26,30,108,8,94,63,47,28,131" hai1="23,64,87,134,42,133,106,109,117,62,39,10,98" hai2="125,27,34,37,73,0,31,114,81,50,57,22,53" hai3="93,79,97,122,60,77,33,132,68,92,105,135,82"/><U18/><E117/><V44/><F125/><W124/><G33/><T41/><D131/><U40/><E10/><V7/><F114/><W103/><G68/><T80/><D69/><U29/><E29/><V35/><F0/><W96/><G60/><T102/><D108/><U45/><E42/><V83/><F7/><W101/><G124/><T49/><D80/><U43/><E43/><V13/><F83/><W85/><G122/><T65/><D30/><U56/><E87/><V51/><F37/><W46/><G46/><T11/><D11/><U111/><E98/><V1/><F1/><W72/><G105/><T12/><D28/><U59/><E59/><V78/><REACH who="2" step="1"/><F13/><REACH who="2" ten="253,275,194,268" step="2"/><W104/><G79/><T16/><D4/><U75/><E75/><V76/><F76/><W38/><G38/><T113/><D113/><U120/><E120/><V88/><F88/><AGARI ba="1,1" hai="72,77,82,85,88,92,93,96,97,101,103,104,132,135" machi="88" ten="40,12000,2" yaku="24,2,34,3,54,1" doraHai="121" who="3" fromWho="2" sc="253,0,275,0,194,-123,268,133" owari="253,-14.7,275,7.5,71,-42.9,401,50.1" /></mjloggm>