<mjloggm ver="2.3"><GO type="225" lobby="0"/><UN n0="%72%61%6B%33" n1="%E8%81%B7%E6%A5%AD%E3%80%81%E9%A2%A8%32" n2="%E3%82%A2%E3%82%A4%E3%82%B9%E3%83%86%E3%82%A3%E3%83%BC%E3%81%82%E3%81%B9" n3="%E7%BD%AA%E5%88%91%E6%B3%95%E5%AE%9A%E4%B8%BB%E7%BE%A9" dan="17,16,16,16" rate="2145.81,2120.47,2108.10,2150.40" sx="M,M,M,M"/><TAIKYOKU oya="0"/><INIT seed="0,0,0,2,1,6" ten="250,250,250,250" oya="0" hai0="106,25,12,71,125,134,24,135,102,79,51,94,83" hai1="39,53,46,77,118,58,13,82,20,65,1,48,62" hai2="91,3,18,0,108,90,96,120,124,129,56,49,28" hai3="110,36,11,19,67,42,4,95,121,10,70,47,87"/><T111/><D71/><U80/><E118/><V103/><F108/><W93/><G110/><T97/><D111/><U43/><E1/><V92/><F120/><W99/><G121/><T76/><D125/><U64/><E64/><V126/><F129/><W112/><G112/><T98/><D51/><U86/><E82/><V31/><F18/><W41/><G19/><T55/><D55/><U38/><E38/><V84/><F56/><W16/><G42/><T7/><D79/><U116/><E116/><V133/><F49/><W74/><G74/><T132/><D7/><U117/><E117/><V131/><F131/><W127/><G127/><N who="2" m="48681" /><F90/><W113/><G113/><T115/><D12/><U17/><E39/><V109/><F133/><W60/><G16/><T61/><D61/><U68/><REACH who="1" step="1"/><E43/><REACH who="1" ten="250,240,250,250" step="2"/><V9/><F109/><W72/><G41/><T66/><D66/><U69/><AGARI ba="0,1" hai="13,17,20,46,48,53,58,62,65,68,69,77,80,86" machi="69" ten="30,4000,0" yaku="1,1,2,1,0,1,53,0" doraHai="6" doraHaiUra="29" who="1" fromWho="1" sc="250,-20,240,50,250,-10,250,-10" /><INIT seed="1,0,0,5,4,99" ten="230,290,240,240" oya="1" hai0="129,12,53,49,21,120,105,123,103,94,135,113,127" hai1="126,88,38,19,83,100,40,30,45,92,125,29,81" hai2="106,89,2,8,0,22,87,67,91,110,10,77,79" hai3="35,17,58,80,68,97,20,37,73,90,86,16,107"/><U70/><E70/><V78/><F110/><W112/><G112/><T44/><D113/><U121/><E121/><V18/><F106/><W60/><G35/><T63/><D129/><U134/><E100/><V47/><F67/><W39/><G68/><T25/><D127/><N who="1" m="48651" /><E134/><V62/><F62/><W101/><G73/><T84/><D135/><U128/><E128/><V75/><F75/><W3/><G3/><T23/><D105/><U7/><E7/><V13/><F47/><W82/><G82/><N who="1" m="31242" /><E19/><V116/><F116/><W74/><G74/><T6/><D6/><U72/><E72/><V46/><F46/><W85/><G85/><AGARI ba="0,0" hai="29,30,38,40,45,85,88,92" m="31242,48651" machi="85" ten="30,2900,0" yaku="18,1,54,1" doraHai="99" who="1" fromWho="3" sc="230,0,290,29,240,0,240,-29" /><INIT seed="1,1,0,1,1,118" ten="230,319,240,211" oya="1" hai0="102,76,90,108,95,101,69,40,65,85,66,13,115" hai1="131,91,0,14,62,52,28,81,67,50,130,100,93" hai2="29,97,77,58,16,45,35,112,49,17,68,87,71" hai3="56,22,55,74,26,51,57,64,104,3,78,75,12"/><U18/><E0/><V127/><F58/><W7/><G104/><T5/><D115/><U113/><E28/><V82/><F112/><W125/><G3/><T9/><D108/><U42/><E81/><V88/><F127/><W48/><G125/><T114/><D114/><U44/><E100/><V111/><F111/><W84/><G75/><T60/><D40/><U110/><E110/><V61/><F29/><W103/><G74/><T47/><D47/><U132/><E132/><V89/><F35/><W116/><G103/><T106/><D106/><U20/><E42/><V94/><F77/><W119/><G119/><T25/><D65/><U80/><E80/><V124/><F124/><W129/><G129/><T133/><D133/><U126/><E126/><V31/><F31/><W1/><G1/><T54/><D54/><U99/><REACH who="1" step="1"/><E113/><REACH who="1" ten="230,309,240,211" step="2"/><V83/><F82/><N who="3" m="47191" /><G116/><T86/><D102/><U109/><E109/><V30/><F30/><N who="3" m="17751" /><G64/><T36/><D101/><U10/><E10/><V23/><F23/><W8/><G55/><T98/><D9/><U38/><E38/><V122/><F83/><W59/><AGARI ba="1,1" hai="7,8,12,48,51,56,57,59" m="17751,47191" machi="59" ten="30,1100,0" yaku="8,1" doraHai="118" who="3" fromWho="3" sc="230,-4,309,-6,240,-4,211,24" /><INIT seed="2,0,0,0,4,49" ten="226,303,236,235" oya="2" hai0="51,87,2,126,14,58,42,22,30,40,97,78,116" hai1="92,77,61,13,128,122,37,98,33,17,121,70,57" hai2="81,111,134,133,127,36,106,85,67,24,64,44,63" hai3="34,90,88,89,80,69,18,110,83,129,65,118,84"/><V123/><F106/><W95/><G118/><T74/><D2/><U8/><E37/><V101/><F101/><W5/><G34/><T62/><D74/><U45/><E33/><V132/><F123/><N who="1" m="47113" /><E77/><V76/><F127/><W96/><G110/><T52/><D116/><U105/><E45/><V124/><F124/><W55/><G5/><T108/><D108/><U9/><E128/><V11/><F111/><W12/><G129/><T75/><D75/><U4/><E70/><V46/><F36/><W107/><G65/><T23/><D126/><U115/><E105/><V73/><F24/><W38/><G69/><T35/><D35/><U86/><E86/><V130/><F130/><W100/><G38/><T19/><D97/><U0/><E115/><V119/><F119/><W112/><G112/><T71/><D71/><U125/><E125/><V120/><F120/><W27/><G27/><N who="0" m="16759" /><D62/><U29/><E29/><V66/><F63/><W21/><G107/><T82/><AGARI ba="0,0" hai="14,19,23,40,42,51,52,58,78,82,87" m="16759" machi="82" ten="30,4000,0" yaku="8,1,52,1,54,1" doraHai="49" who="0" fromWho="0" sc="226,40,303,-10,236,-20,235,-10" /><INIT seed="3,0,0,2,2,85" ten="266,293,216,225" oya="3" hai0="104,131,2,75,81,26,107,34,5,29,48,101,111" hai1="15,86,105,103,77,92,27,46,55,43,41,127,67" hai2="12,22,35,70,9,38,132,45,6,133,98,47,78" hai3="50,76,7,84,96,72,110,73,118,117,10,64,23"/><W79/><G64/><T119/><D48/><N who="1" m="29079" /><E105/><V52/><F35/><W128/><G23/><T24/><D119/><N who="3" m="45577" /><G50/><T31/><D111/><U30/><E127/><V102/><F70/><W80/><G10/><N who="0" m="2359" /><D101/><U63/><E15/><V89/><F38/><W37/><G7/><T39/><D131/><U99/><E27/><V20/><F78/><N who="3" m="46103" /><G37/><T124/><D124/><U33/><E30/><V61/><F47/><W4/><G4/><T69/><D69/><U40/><E33/><V93/><F102/><W8/><G8/><T14/><D14/><U91/><E77/><N who="3" m="29770" /><G128/><T68/><D68/><U13/><E13/><V51/><REACH who="2" step="1"/><F61/><REACH who="2" ten="266,293,206,225" step="2"/><W36/><G36/><T121/><D39/><U122/><E63/><V32/><F32/><W74/><G110/><T42/><D34/><U114/><E103/><V130/><F130/><W97/><AGARI ba="0,1" hai="72,73,74,96,97" m="29770,46103,45577" machi="97" ten="40,3900,0" yaku="34,2" doraHai="85" who="3" fromWho="3" sc="266,-13,293,-13,206,-13,225,49" /><INIT seed="3,1,0,4,0,33" ten="253,280,193,274" oya="3" hai0="64,10,70,100,7,50,79,55,92,59,98,46,119" hai1="11,108,51,113,68,132,65,61,69,95,84,21,130" hai2="28,109,20,71,118,19,73,103,43,5,117,106,126" hai3="32,6,123,0,8,58,66,63,47,14,124,57,133"/><W29/><G123/><T53/><D119/><U115/><E108/><V77/><F109/><W52/><G124/><T127/><D127/><U96/><E69/><V37/><F126/><W15/><G133/><T23/><D70/><U128/><E132/><V88/><F71/><W48/><G32/><T22/><D79/><U129/><E84/><V60/><F28/><W74/><G74/><T62/><REACH who="0" step="1"/><D55/><REACH who="0" ten="243,280,193,274" step="2"/><U45/><E21/><V67/><F77/><W9/><G29/><T81/><D81/><U102/><E11/><V90/><F73/><W116/><G116/><T30/><D30/><U101/><E102/><V80/><F80/><W99/><G9/><T97/><D97/><U107/><E107/><V35/><F103/><W105/><G105/><T114/><D114/><U122/><E122/><V93/><F106/><W13/><REACH who="3" step="1"/><G99/><REACH who="3" ten="243,280,193,264" step="2"/><T27/><D27/><U18/><E115/><V40/><F118/><W39/><G39/><T44/><D44/><AGARI ba="1,2" hai="0,6,8,13,14,15,44,47,48,52,57,58,63,66" machi="44" ten="40,7700,0" yaku="1,1,52,1,54,1,53,0" doraHai="33" doraHaiUra="78" who="3" fromWho="0" sc="243,-80,280,0,193,0,264,100" owari="163,-33.7,280,8.0,193,-20.7,364,46.4" /></mjloggm>