<mjloggm ver="2.3"><GO type="225" lobby="0"/><UN n0="%4C%4F%4C%49%54%41" n1="%E3%82%A2%E3%83%A1%E3%82%A2%E3%83%A9%E3%83%AC" n2="%E3%83%B4%E3%83%A0%EF%BC%99%E3%81%A6" n3="%E9%80%86%E9%80%A3%E5%B8%AF%E3%81%AE%E9%AC%BC" dan="16,16,16,17" rate="2176.79,2107.63,2131.80,2115.24" sx="F,M,M,M"/><TAIKYOKU oya="0"/><INIT seed="0,0,0,2,4,109" ten="250,250,250,250" oya="0" hai0="134,16,125,25,0,127,29,69,98,99,92,17,66" hai1="117,9,41,124,36,121,18,83,37,104,80,100,34" hai2="46,111,81,33,59,88,55,15,120,103,13,85,132" hai3="108,102,87,47,116,93,71,12,118,76,70,105,77"/><T112/><D0/><U94/><E117/><V51/><F120/><W97/><G108/><T48/><D134/><U35/><E121/><V42/><F111/><W91/><G47/><T58/><D69/><U22/><E104/><V90/><F132/><W110/><G110/><T54/><D66/><U64/><E64/><V79/><F33/><W5/><G71/><T128/><D128/><U44/><E36/><V115/><F115/><W10/><REACH who="3" step="1"/><G70/><REACH who="3" ten="250,250,250,240" step="2"/><T32/><D112/><U60/><E44/><V95/><F103/><W52/><G52/><T130/><D130/><U6/><E41/><V39/><REACH who="2" step="1"/><F90/><REACH who="2" ten="250,250,240,240" step="2"/><W7/><G7/><T61/><D125/><U11/><E6/><V74/><AGARI ba="0,2" hai="13,15,39,42,46,51,55,59,74,79,81,85,88,95" machi="74" ten="20,8000,1" yaku="1,1,2,1,0,1,7,1,54,1,53,0" doraHai="109" doraHaiUra="3" who="2" fromWho="2" sc="250,-40,250,-20,240,100,240,-20" /><INIT seed="1,0,0,5,5,58" ten="210,230,340,220" oya="1" hai0="43,6,108,3,59,28,41,37,80,130,30,83,57" hai1="33,121,116,125,73,53,0,20,131,16,64,123,60" hai2="18,87,36,35,122,23,126,11,84,96,40,117,52" hai3="76,45,88,72,120,69,95,113,115,26,135,85,21"/><U49/><E116/><V100/><F117/><W92/><G120/><T103/><D108/><U31/><E131/><V107/><F35/><W71/><G135/><T61/><D130/><U119/><E119/><V79/><F122/><W9/><G9/><T29/><D103/><U44/><E125/><V55/><F126/><W111/><G111/><T97/><D97/><U63/><E73/><V66/><F66/><W14/><G14/><T129/><D129/><U102/><E0/><V118/><F118/><W90/><G45/><T128/><D128/><U32/><E102/><V68/><F68/><W94/><G72/><T10/><D57/><U112/><E112/><V46/><F11/><W39/><G39/><T17/><D17/><U134/><E134/><V8/><F8/><W27/><G76/><T13/><D3/><U104/><E104/><V82/><REACH who="2" step="1"/><F84/><REACH who="2" ten="210,230,330,220" step="2"/><W124/><G124/><T42/><REACH who="0" step="1"/><D37/><REACH who="0" ten="200,230,330,220" step="2"/><U89/><E121/><V77/><F77/><W74/><G115/><T4/><D4/><U15/><E123/><V48/><F48/><W2/><G113/><T67/><AGARI ba="0,2" hai="6,10,13,28,29,30,41,42,43,59,61,67,80,83" machi="67" ten="30,7900,0" yaku="1,1,0,1,8,1,52,1,53,0" doraHai="58" doraHaiUra="12" who="0" fromWho="0" sc="200,99,230,-39,330,-20,220,-20" /><INIT seed="2,0,0,4,0,130" ten="299,191,310,200" oya="2" hai0="21,22,2,54,28,112,72,75,113,99,48,59,23" hai1="1,45,12,73,103,117,7,53,104,105,129,18,42" hai2="52,43,125,77,79,91,49,58,33,51,87,71,8" hai3="30,27,0,78,97,131,89,40,38,13,70,90,69"/><V106/><F71/><W114/><G131/><T135/><D2/><U25/><E117/><V120/><F120/><W44/><G114/><T122/><D122/><U118/><E118/><V15/><F33/><W39/><G0/><T63/><D28/><U76/><E129/><V115/><F106/><W26/><G78/><T107/><D135/><U86/><E86/><V6/><F125/><W124/><G124/><T134/><D134/><U111/><E111/><V50/><F115/><W126/><G126/><T14/><D112/><U132/><E25/><V24/><F24/><W96/><G13/><T100/><D113/><U55/><E132/><V116/><F116/><W35/><G44/><T56/><REACH who="0" step="1"/><D14/><REACH who="0" ten="289,191,310,200" step="2"/><U10/><E1/><V4/><F4/><W119/><G119/><T62/><D62/><U80/><E7/><V57/><F43/><W127/><G127/><T31/><D31/><U61/><E61/><N who="2" m="36007" /><F58/><W16/><G30/><T98/><D98/><U3/><E3/><V102/><F102/><W133/><G133/><T74/><D74/><U19/><E103/><V36/><F36/><W101/><G101/><T11/><D11/><U109/><E10/><V94/><AGARI ba="0,1" hai="6,8,15,49,50,51,77,79,87,91,94" m="36007" machi="94" ten="30,3000,0" yaku="8,1,54,1" doraHai="130" who="2" fromWho="2" sc="289,-10,191,-10,310,40,200,-10" /><INIT seed="2,1,0,3,0,110" ten="279,181,350,190" oya="2" hai0="117,37,29,6,61,22,88,81,82,34,54,123,9" hai1="38,5,57,130,91,111,28,106,46,128,15,21,94" hai2="48,74,7,92,134,105,73,79,115,19,127,2,68" hai3="90,36,103,118,70,101,44,107,113,98,60,14,93"/><V69/><F92/><W95/><G118/><T121/><D34/><U122/><E111/><V12/><F48/><W87/><G113/><T86/><D37/><U24/><E106/><V56/><F56/><W77/><G14/><T129/><D129/><N who="1" m="49771" /><E122/><V64/><F105/><W32/><G32/><T58/><D117/><U53/><E5/><V126/><F134/><W25/><G25/><T45/><D45/><U40/><E15/><V119/><F119/><W43/><G77/><T124/><D124/><N who="2" m="47658" /><F115/><W72/><G72/><N who="2" m="27753" /><F79/><W131/><G131/><T26/><REACH who="0" step="1"/><D82/><REACH who="0" ten="269,181,350,190" step="2"/><U41/><E46/><V100/><F100/><W125/><G125/><T49/><D49/><N who="1" m="30895" /><E38/><V97/><F68/><W120/><G70/><T108/><D108/><U39/><E39/><V78/><F69/><W102/><G107/><T63/><D63/><U23/><E23/><V114/><F114/><W1/><G60/><T84/><D84/><AGARI ba="1,1" hai="21,24,28,40,41,84,91,94" m="30895,49771" machi="84" ten="30,1000,0" yaku="19,1" doraHai="110" who="1" fromWho="0" sc="269,-13,181,23,350,0,190,0" /><INIT seed="3,0,0,3,3,85" ten="256,204,350,190" oya="3" hai0="40,94,17,111,112,30,47,95,22,87,19,38,81" hai1="67,4,65,16,113,21,106,82,68,127,71,6,36" hai2="51,23,27,89,35,114,97,109,70,84,33,90,45" hai3="46,0,37,41,72,105,76,115,5,75,78,118,25"/><W60/><G118/><T99/><D111/><U18/><E113/><V9/><F70/><W119/><G115/><T122/><D122/><U28/><E106/><V100/><F114/><W103/><G119/><T29/><D112/><U74/><E36/><V116/><F116/><W129/><G129/><T58/><D58/><U8/><E28/><V124/><F124/><W49/><G78/><T7/><D7/><U62/><E21/><V77/><F9/><W55/><G76/><T61/><D61/><U98/><E8/><V128/><F128/><W10/><G60/><T125/><D17/><U66/><E62/><V59/><F59/><W53/><G53/><T11/><D11/><U14/><E67/><V123/><F109/><W64/><G64/><T13/><D95/><U107/><E107/><V48/><F48/><W79/><G79/><T2/><D2/><U15/><E98/><V104/><F123/><W92/><G105/><T108/><D125/><U133/><E127/><V73/><F73/><W42/><G25/><T135/><D135/><U132/><E82/><N who="2" m="47183" /><F33/><W56/><REACH who="3" step="1"/><G42/><REACH who="3" ten="256,204,350,180" step="2"/><T69/><D108/><U102/><E74/><V20/><F27/><W93/><G93/><T117/><D117/><U54/><E54/><V44/><F104/><W31/><G31/><T34/><D29/><U43/><E43/><V120/><F120/><W134/><G134/><T1/><D30/><U39/><E66/><V86/><F35/><W96/><AGARI ba="0,1" hai="0,5,10,37,41,46,49,55,56,72,75,92,96,103" machi="96" ten="30,3000,0" yaku="1,1,0,1,53,0" doraHai="85" doraHaiUra="126" who="3" fromWho="3" sc="256,-10,204,-10,350,-10,180,40" /><INIT seed="3,1,0,3,4,124" ten="246,194,340,220" oya="3" hai0="133,35,68,98,43,80,130,95,5,118,106,26,99" hai1="44,10,30,97,79,34,25,20,88,37,123,15,84" hai2="89,11,22,107,112,114,36,91,105,47,103,54,9" hai3="90,4,52,85,50,96,7,66,128,45,69,81,8"/><W65/><G128/><T46/><D118/><U108/><E108/><V135/><F22/><W16/><G96/><T110/><D68/><U127/><E123/><V28/><F28/><W19/><G4/><T117/><D117/><U87/><E127/><V119/><F119/><W83/><G83/><T58/><D110/><U111/><E111/><V67/><F67/><W74/><G74/><T23/><D35/><U55/><E34/><V82/><F54/><W62/><REACH who="3" step="1"/><G66/><REACH who="3" ten="246,194,340,210" step="2"/><T64/><D64/><U56/><E79/><V24/><F82/><W61/><G61/><T18/><D80/><U131/><E131/><V14/><F112/><W39/><G39/><T29/><D5/><N who="1" m="3535" /><E37/><V121/><F36/><W71/><G71/><T76/><D130/><U109/><E109/><V92/><F114/><W3/><AGARI ba="1,1" hai="3,7,8,16,19,45,50,52,62,65,69,81,85,90" machi="3" ten="20,18000,2" yaku="1,1,0,1,7,1,54,2,53,1" doraHai="124" doraHaiUra="57" who="3" fromWho="3" sc="246,-61,194,-61,340,-61,210,193" owari="185,-21.5,133,-36.7,279,7.9,403,50.3" /></mjloggm>