<mjloggm ver="2.3"><GO type="225" lobby="0"/><UN n0="%E3%81%8F%E3%82%8A%E3%83%94%E3%83%BC" n1="%E8%BE%9B%E5%8F%A3%E3%82%AB%E3%83%AC%E3%83%BC%E3%83%A9%E3%82%A4%E3%82%B9" n2="%E9%BB%92%E9%89%84%E7%8F%A0%E9%9B%AB" n3="%E3%81%B7%E3%82%8A%E3%82%93%E8%81%96%E4%BA%BA" dan="16,16,16,16" rate="2074.04,2172.70,2171.79,2100.49" sx="M,M,F,M"/><TAIKYOKU oya="0"/><INIT seed="0,0,0,2,4,83" ten="250,250,250,250" oya="0" hai0="62,9,121,122,47,56,134,120,67,55,65,99,29" hai1="101,117,74,100,104,42,86,91,87,77,7,125,109" hai2="106,66,25,85,98,88,36,43,92,128,8,12,45" hai3="69,93,11,95,118,61,18,79,0,58,64,114,28"/><T20/><D134/><U49/><E117/><V46/><F128/><W116/><G28/><T26/><D47/><N who="1" m="25847" /><E74/><V53/><F66/><W54/><G114/><T3/><REACH who="0" step="1"/><D99/><REACH who="0" ten="240,250,250,250" step="2"/><U39/><E125/><V76/><F46/><W105/><G118/><T41/><D41/><U31/><E109/><V130/><F130/><W115/><G116/><T103/><D103/><U16/><E101/><V52/><F25/><W112/><G112/><T102/><D102/><U72/><E100/><V129/><F129/><W131/><G131/><T113/><D113/><U82/><E104/><V32/><F106/><W5/><G105/><T89/><D89/><U10/><E39/><V33/><F33/><W21/><G115/><T126/><D126/><U119/><E119/><V27/><F27/><W73/><G79/><T110/><D110/><U23/><E91/><V2/><F32/><W133/><G133/><T44/><D44/><U6/><E77/><V80/><REACH who="2" step="1"/><F2/><REACH who="2" ten="240,250,240,250" step="2"/><W63/><G73/><T57/><D57/><U111/><E72/><V35/><F35/><W30/><G58/><T40/><D40/><U13/><E111/><V4/><AGARI ba="0,2" hai="4,8,12,36,43,45,52,53,76,80,85,88,92,98" machi="4" ten="20,12000,2" yaku="1,1,0,1,7,1,52,1,54,2,53,1" doraHai="83" doraHaiUra="78" who="2" fromWho="2" sc="240,-60,250,-30,240,140,250,-30" /><INIT seed="1,0,0,3,4,91" ten="180,220,380,220" oya="1" hai0="19,4,117,30,64,93,125,20,118,126,108,9,57" hai1="68,109,33,75,12,106,124,112,51,38,78,116,76" hai2="129,74,58,35,81,31,131,90,52,8,17,60,13" hai3="94,104,48,2,15,7,47,23,40,86,39,134,84"/><U103/><RYUUKYOKU type="yao9" ba="0,0" sc="180,0,220,0,380,0,220,0" hai1="12,33,38,51,68,75,76,78,103,106,109,112,116,124" /><INIT seed="1,1,0,2,1,126" ten="180,220,380,220" oya="1" hai0="108,64,58,23,46,118,128,0,78,61,38,86,24" hai1="121,55,76,26,53,52,44,90,100,134,2,40,115" hai2="66,51,41,19,91,63,18,47,80,31,65,102,106" hai3="74,92,122,103,127,35,114,70,71,109,4,17,13"/><U120/><E115/><V124/><F124/><W12/><G74/><T42/><D118/><U110/><E2/><V43/><F43/><W88/><G35/><T59/><D0/><U14/><E134/><V111/><F111/><W81/><G127/><T72/><D108/><U84/><E76/><V104/><F104/><W30/><G30/><T117/><D117/><U79/><E110/><V119/><F119/><W75/><G103/><T33/><D33/><U83/><E100/><V123/><F123/><W27/><G27/><T85/><D59/><U3/><E3/><V54/><F31/><W131/><G122/><T15/><D15/><U93/><E26/><V56/><F106/><W48/><G81/><T77/><D128/><U10/><E40/><V105/><F102/><W73/><G114/><T99/><D99/><U62/><E62/><V98/><F105/><W94/><G48/><N who="0" m="26711" /><D72/><U16/><REACH who="1" step="1"/><E44/><REACH who="1" ten="180,210,380,220" step="2"/><V1/><F1/><W89/><G109/><T21/><D78/><U45/><E45/><V50/><F63/><W129/><G17/><T133/><D77/><U39/><E39/><V101/><F18/><W112/><G112/><T135/><D38/><U96/><AGARI ba="1,1" hai="10,14,16,52,53,55,79,83,84,90,93,96,120,121" machi="96" ten="30,11700,0" yaku="1,1,0,1,54,2,53,0" doraHai="126" doraHaiUra="97" who="1" fromWho="1" sc="180,-40,210,130,380,-40,220,-40" /><INIT seed="1,2,0,1,4,98" ten="140,340,340,180" oya="1" hai0="106,61,40,99,11,86,129,124,54,81,123,62,65" hai1="77,112,79,13,119,80,118,122,66,91,103,127,101" hai2="8,21,18,48,7,17,92,70,26,111,73,74,72" hai3="120,113,3,14,10,30,24,125,110,33,102,27,116"/><U117/><E66/><V50/><F70/><W69/><G69/><T34/><D129/><U85/><E13/><V131/><F111/><W20/><G120/><T12/><D123/><U135/><E122/><V76/><F76/><N who="1" m="29257" /><E112/><V60/><F131/><W78/><G78/><T108/><D108/><U36/><E36/><V97/><F60/><W43/><G110/><T93/><D106/><U1/><E1/><V132/><F132/><W67/><G67/><T22/><D34/><U4/><E4/><V94/><F94/><W46/><G3/><T83/><D40/><U15/><E15/><V115/><F115/><W29/><G113/><T38/><D38/><U126/><E135/><V134/><F18/><W87/><G87/><T6/><D86/><U44/><E44/><V16/><F17/><W121/><G121/><T23/><D65/><U82/><E82/><N who="0" m="31241" /><D124/><AGARI ba="2,0" hai="80,85,91,101,103,117,118,119,124,126,127" m="29257" machi="124" ten="40,12000,1" yaku="18,1,34,2,52,2" doraHai="98" who="1" fromWho="0" sc="140,-126,340,126,340,0,180,0" /><INIT seed="1,3,0,3,1,80" ten="14,466,340,180" oya="1" hai0="52,107,8,133,86,99,14,44,13,118,130,87,131" hai1="110,96,10,89,119,46,127,23,2,5,25,6,114" hai2="22,11,57,27,103,1,66,17,7,31,74,21,98" hai3="135,77,18,106,3,29,53,64,55,62,78,69,56"/><U120/><E114/><V95/><F74/><W75/><G106/><T49/><D118/><U16/><E119/><V61/><REACH who="2" step="1"/><F17/><REACH who="2" ten="14,466,330,180" step="2"/><W30/><G75/><T50/><D133/><U9/><E120/><V104/><F104/><W84/><G135/><T124/><D124/><U26/><E127/><V128/><F128/><N who="0" m="49194" /><D14/><U113/><E113/><V117/><F117/><W42/><G3/><T73/><D73/><U100/><E110/><V134/><F134/><W85/><G18/><N who="0" m="8487" /><D50/><U40/><E16/><V132/><F132/><W112/><G112/><T126/><D126/><U125/><E125/><V101/><F101/><AGARI ba="3,1" hai="44,49,52,86,87,99,101,107" m="8487,49194" machi="101" ten="30,7700,0" yaku="19,1,52,2,54,1" doraHai="80" who="0" fromWho="2" sc="14,96,466,0,330,-86,180,0" /><INIT seed="2,0,0,5,0,84" ten="110,466,244,180" oya="2" hai0="73,11,55,19,41,79,94,31,77,65,118,12,111" hai1="7,9,115,85,119,106,120,110,87,134,64,26,83" hai2="90,121,123,3,122,89,51,43,108,127,38,8,128" hai3="125,126,40,59,69,0,45,5,60,117,130,99,62"/><V105/><F105/><W98/><G117/><T95/><D111/><U42/><E87/><V13/><F3/><W66/><G5/><T72/><D118/><U14/><E85/><V92/><F108/><W1/><G1/><T53/><D41/><U133/><E83/><V86/><F38/><W4/><G4/><T32/><D65/><U44/><E14/><V46/><F128/><W80/><G80/><T91/><D73/><U78/><E115/><V50/><F127/><W47/><G0/><T82/><D79/><U75/><E44/><V27/><F27/><W114/><G130/><T21/><D32/><U2/><E9/><V52/><F92/><W39/><G98/><T15/><D95/><U112/><E106/><V29/><F29/><W116/><G99/><T88/><D94/><U96/><E112/><V20/><F20/><W61/><G116/><T97/><D97/><U109/><E96/><V49/><F86/><W23/><G23/><T36/><D36/><U93/><E93/><V135/><F135/><W63/><G114/><T124/><D124/><N who="3" m="47721" /><G47/><T131/><D131/><U24/><E24/><V35/><F35/><W56/><AGARI ba="0,0" hai="39,40,45,56,59,60,61,62,63,66,69" m="47721" machi="56" ten="40,5200,0" yaku="18,1,34,2" doraHai="84" who="3" fromWho="3" sc="110,-13,466,-13,244,-26,180,52" /><INIT seed="3,0,0,2,0,47" ten="97,453,218,232" oya="3" hai0="100,95,29,128,78,73,70,122,121,80,109,3,7" hai1="111,57,42,115,132,64,107,102,35,97,16,87,40" hai2="24,37,75,59,114,67,131,84,93,94,45,134,110" hai3="112,119,43,72,82,129,74,49,81,60,65,27,39"/><W91/><G39/><T41/><D70/><U11/><E115/><V21/><F75/><W13/><G112/><T23/><D109/><U135/><E35/><V51/><F114/><W44/><G119/><T77/><D128/><U105/><E111/><V46/><F37/><W79/><G129/><T127/><D127/><U10/><E107/><V58/><F110/><W2/><G2/><T104/><D78/><U69/><E69/><V38/><F38/><W63/><G27/><T85/><D41/><U1/><E87/><V90/><F134/><W68/><G63/><T9/><D29/><U22/><E57/><N who="2" m="21515" /><F46/><W108/><G108/><T117/><D23/><U123/><E22/><V89/><F67/><W48/><G13/><T96/><REACH who="0" step="1"/><D117/><REACH who="0" ten="87,453,218,232" step="2"/><U31/><E31/><N who="2" m="17807" /><F131/><W106/><G72/><T18/><D18/><U125/><E16/><V52/><F90/><AGARI ba="0,1" hai="3,7,9,73,77,80,85,90,95,96,100,104,121,122" machi="90" ten="40,5200,0" yaku="1,1,24,2,53,0" doraHai="47" doraHaiUra="62" who="0" fromWho="2" sc="87,62,453,0,218,-52,232,0" owari="149,-35.1,453,55.3,166,-23.4,232,3.2" /></mjloggm>