<mjloggm ver="2.3"><GO type="225" lobby="0"/><UN n0="%77%72%77%72%77%72%77%72" n1="%E3%82%BD%E3%83%AB%E3%83%88%E3%82%AF%E3%83%AA%E3%83%BC%E3%82%AF" n2="%E5%91%A8%E6%9D%B1" n3="%E3%82%A2%E3%83%A1%E3%82%A2%E3%83%A9%E3%83%AC" dan="17,16,17,16" rate="2199.73,2086.35,2143.07,2149.10" sx="M,M,M,M"/><TAIKYOKU oya="0"/><INIT seed="0,0,0,4,1,19" ten="250,250,250,250" oya="0" hai0="71,32,102,75,35,92,16,28,49,101,77,18,68" hai1="2,43,113,123,47,132,64,91,94,111,107,38,89" hai2="85,78,135,99,79,80,98,84,60,1,7,82,44" hai3="103,53,87,56,57,33,118,126,21,122,52,97,86"/><T114/><D114/><U13/><E123/><V42/><F135/><W76/><G118/><T112/><D112/><U73/><E73/><V30/><F30/><W31/><G33/><T133/><D133/><U8/><E107/><V61/><F7/><W48/><G126/><T116/><D116/><U96/><E2/><V70/><F1/><W93/><G122/><T15/><D75/><U110/><E132/><V22/><F22/><W46/><G76/><T129/><D77/><U45/><E45/><V130/><F130/><W63/><REACH who="3" step="1"/><G46/><REACH who="3" ten="250,250,250,240" step="2"/><T54/><D129/><U72/><E113/><V50/><F70/><W74/><G74/><T108/><D32/><U14/><E72/><V25/><F25/><AGARI ba="0,1" hai="21,25,31,48,52,53,56,57,63,86,87,93,97,103" machi="25" ten="40,8000,1" yaku="1,1,8,1,52,1,54,1,53,1" doraHai="19" doraHaiUra="95" who="3" fromWho="2" sc="250,0,250,0,250,-80,240,90" /><INIT seed="1,0,0,0,2,36" ten="250,250,170,330" oya="1" hai0="102,73,60,133,127,4,95,30,10,16,110,19,112" hai1="89,27,58,99,23,126,121,109,108,55,28,26,39" hai2="53,18,96,134,56,84,41,120,48,111,7,118,128" hai3="31,6,71,101,114,1,40,81,57,67,21,90,122"/><U115/><E115/><V117/><F120/><W50/><G122/><T97/><D112/><U130/><E121/><V3/><F128/><W98/><G71/><T70/><D110/><N who="1" m="42603" /><E126/><V14/><F111/><W77/><G1/><T125/><D73/><U45/><E130/><V20/><F134/><W72/><G6/><T129/><D129/><U75/><E75/><V13/><F3/><W12/><G90/><T119/><D119/><U76/><E76/><V107/><F41/><W5/><G5/><T54/><D30/><U0/><E0/><V66/><F66/><W61/><G114/><T37/><D37/><U87/><E99/><V51/><F51/><W78/><G78/><T104/><D104/><U46/><E27/><V52/><F53/><W15/><G21/><T47/><D47/><U116/><E39/><V17/><F7/><W83/><G83/><T91/><D102/><U42/><E116/><V100/><REACH who="2" step="1"/><F84/><REACH who="2" ten="250,250,160,330" step="2"/><W34/><G72/><T106/><D133/><U33/><E42/><V38/><F38/><W85/><G85/><T22/><D127/><U9/><E33/><V62/><F62/><W94/><G40/><T113/><D60/><N who="1" m="35935" /><E9/><AGARI ba="0,1" hai="9,13,14,17,18,20,48,52,56,96,100,107,117,118" machi="9" ten="30,3900,0" yaku="1,1,7,1,54,1,53,0" doraHai="36" doraHaiUra="74" who="2" fromWho="1" sc="250,0,250,-39,160,49,330,0" /><INIT seed="2,0,0,3,2,103" ten="250,211,209,330" oya="2" hai0="89,1,129,73,123,85,69,59,102,100,34,121,78" hai1="2,57,75,47,63,5,88,62,22,99,32,15,4" hai2="132,76,50,65,21,56,23,71,52,20,29,122,41" hai3="107,51,126,31,118,49,110,46,33,130,113,39,84"/><V7/><F122/><W66/><G118/><T17/><D69/><U48/><E75/><V25/><F132/><W30/><G110/><T134/><D34/><U60/><E32/><V105/><F105/><W108/><G108/><T43/><D1/><U80/><E2/><V10/><F76/><W38/><G107/><T95/><D43/><U42/><E57/><V36/><F36/><W54/><G66/><T58/><D17/><N who="1" m="10559" /><E80/><V9/><F41/><W111/><G130/><T135/><D58/><U11/><E11/><V45/><F71/><W91/><G126/><T93/><D59/><U77/><E77/><V119/><F119/><W14/><G49/><T109/><D109/><U81/><E81/><V61/><REACH who="2" step="1"/><F10/><REACH who="2" ten="250,211,199,330" step="2"/><W117/><G117/><T124/><D78/><U70/><E70/><V19/><F19/><W133/><G133/><T3/><D135/><U90/><E90/><V94/><F94/><AGARI ba="0,1" hai="4,5,42,47,48,60,62,63,88,94,99" m="10559" machi="94" ten="30,2000,0" yaku="8,1,54,1" doraHai="103" who="1" fromWho="2" sc="250,0,211,30,199,-20,330,0" /><INIT seed="3,0,0,0,3,42" ten="250,241,179,330" oya="3" hai0="4,36,98,111,59,100,77,135,5,69,23,86,54" hai1="56,113,129,17,52,101,91,66,27,119,104,13,114" hai2="49,92,20,122,24,63,30,94,38,85,108,89,116" hai3="103,18,34,3,26,10,117,32,84,55,102,16,51"/><W12/><G117/><T110/><D69/><U76/><E66/><V68/><F116/><W73/><G73/><T118/><D36/><U35/><E76/><V58/><F108/><N who="0" m="41514" /><D135/><U46/><E104/><V107/><F107/><W132/><G3/><T48/><D118/><U31/><E101/><V67/><F122/><W90/><G34/><T0/><D0/><U21/><E119/><V8/><F38/><W127/><G127/><T61/><D23/><U50/><E129/><V15/><F68/><W87/><G87/><T29/><D29/><U99/><REACH who="1" step="1"/><E56/><REACH who="1" ten="250,231,179,330" step="2"/><V105/><F105/><W60/><G102/><T44/><D77/><U22/><E22/><V2/><F2/><W9/><G103/><T121/><D121/><U134/><E134/><V83/><REACH who="2" step="1"/><F49/><REACH who="2" ten="250,231,169,330" step="2"/><W47/><G51/><T88/><D48/><U79/><E79/><V1/><F1/><W64/><G132/><T6/><D100/><U106/><E106/><V97/><F97/><W7/><G90/><T45/><D98/><U53/><E53/><V71/><F71/><W82/><G55/><T131/><D131/><U65/><E65/><V70/><F70/><W74/><G64/><T14/><D88/><U126/><E126/><V43/><F43/><W124/><G124/><T133/><D133/><U80/><E80/><V123/><F123/><W128/><G82/><T75/><D54/><U11/><E11/><V115/><F115/><W40/><G10/><T95/><D95/><AGARI ba="0,2" hai="13,17,21,27,31,35,46,50,52,91,95,99,113,114" machi="95" ten="40,5200,0" yaku="1,1,52,1,54,1,53,0" doraHai="42" doraHaiUra="57" who="1" fromWho="0" sc="250,-52,231,72,169,0,330,0" owari="198,-20.2,303,10.3,169,-33.1,330,43.0" /></mjloggm>