<mjloggm ver="2.3"><GO type="225" lobby="0"/><UN n0="%E3%82%BC%E3%83%AB%E3%83%80%E3%81%AE%E4%BC%9D%E8%AA%AC" n1="%E7%AD%89%E3%80%85%E5%8A%9B%E5%8A%87%E5%A0%B4" n2="%E3%81%86%E3%83%BC%E3%81%B1%E3%83%BC" n3="%33%74%72%65%65" dan="16,16,16,16" rate="2177.90,2136.31,2154.77,2135.52" sx="M,M,F,F"/><TAIKYOKU oya="0"/><BYE who="2" /><UN n2="%E3%81%86%E3%83%BC%E3%81%B1%E3%83%BC" /><INIT seed="0,0,0,1,0,5" ten="250,250,250,250" oya="0" hai0="46,39,70,120,60,13,63,80,14,107,43,128,88" hai1="117,66,119,23,98,75,105,3,38,104,77,40,108" hai2="95,51,6,59,52,11,130,48,25,84,121,111,36" hai3="76,10,85,129,54,4,42,99,131,50,106,125,35"/><T126/><D120/><U92/><E3/><V124/><F121/><W26/><G125/><T27/><D107/><N who="1" m="41035" /><E23/><V45/><F36/><W89/><G42/><T103/><D126/><U32/><E66/><V57/><F124/><W127/><G127/><T72/><D128/><U68/><E68/><V21/><F130/><W30/><G76/><T65/><D103/><U96/><E32/><V0/><F111/><W12/><G99/><N who="1" m="37930" /><E40/><V19/><REACH who="2" step="1"/><F51/><REACH who="2" ten="250,250,240,250" step="2"/><W55/><G106/><T100/><D39/><U17/><E38/><V93/><F93/><W74/><G131/><T118/><D118/><U82/><E108/><V81/><F81/><W47/><G129/><T115/><D80/><U34/><E92/><V73/><F73/><W1/><G74/><T18/><D72/><U41/><E82/><V20/><F20/><W37/><G37/><T90/><D115/><U62/><E75/><V123/><F123/><W33/><G33/><T53/><D60/><U44/><E62/><V113/><F113/><W28/><G35/><T110/><D110/><U122/><E34/><V24/><F24/><W114/><G26/><T8/><D27/><U132/><E122/><V64/><F64/><W69/><G114/><T87/><D65/><U83/><E83/><V86/><F86/><W7/><G85/><T109/><D87/><U49/><E119/><V102/><F102/><W101/><G101/><T15/><D100/><U135/><E117/><V71/><F71/><W31/><G69/><T61/><D109/><U79/><E79/><V112/><F112/><W22/><G50/><N who="0" m="26975" /><D70/><U116/><E116/><RYUUKYOKU ba="0,1" sc="250,-10,250,-10,240,30,250,-10" hai2="0,6,11,19,21,25,45,48,52,57,59,84,95" /><INIT seed="1,1,1,1,1,80" ten="240,240,270,240" oya="1" hai0="134,72,78,12,133,82,57,49,34,13,20,61,27" hai1="30,110,106,36,74,71,10,66,63,26,85,121,113" hai2="124,59,95,5,123,126,14,21,93,2,19,120,18" hai3="4,54,116,101,86,131,132,128,32,92,75,33,76"/><U127/><E74/><V25/><F59/><W129/><G132/><N who="0" m="50795" /><D49/><U15/><E121/><N who="2" m="46667" /><F95/><W50/><G116/><T6/><D6/><U70/><E113/><V77/><F93/><W38/><G38/><T40/><D34/><U109/><E106/><V107/><F77/><W125/><G125/><N who="2" m="48233" /><F107/><W3/><G75/><T111/><D40/><U23/><E127/><V22/><F5/><W117/><G117/><T47/><D111/><N who="1" m="42507" /><E36/><V55/><F55/><W42/><G42/><T96/><D47/><U56/><E85/><V98/><F98/><N who="3" m="59591" /><G86/><T29/><D96/><U7/><AGARI ba="1,1" hai="7,10,15,23,26,30,56,63,66,70,71" m="42507" machi="7" ten="30,3000,0" yaku="14,1,10,1" doraHai="80" who="1" fromWho="1" sc="240,-11,240,43,270,-11,240,-11" /><INIT seed="1,2,0,2,0,33" ten="229,283,259,229" oya="1" hai0="73,8,68,128,123,119,74,62,121,65,1,77,110" hai1="126,70,44,122,135,38,71,129,134,0,80,39,37" hai2="115,7,64,132,35,2,59,81,107,102,17,56,104" hai3="79,75,11,16,95,27,124,4,51,6,106,66,49"/><U131/><E80/><V112/><F35/><W40/><G106/><T94/><D119/><U3/><E44/><V85/><F17/><W13/><G124/><T46/><D110/><U30/><E30/><V12/><F12/><W78/><G75/><T60/><D128/><N who="1" m="49227" /><E122/><N who="0" m="46601" /><D77/><N who="3" m="29193" /><G66/><N who="0" m="41031" /><D94/><U43/><E43/><V76/><F132/><N who="1" m="50729" /><E126/><V21/><F21/><N who="3" m="13735" /><G95/><T28/><D46/><U32/><E32/><V54/><F104/><W48/><G6/><N who="0" m="1103" /><D28/><U99/><E99/><V130/><F107/><W114/><G114/><T57/><AGARI ba="2,0" hai="57,62,65,73,74" m="1103,41031,46601" machi="57" ten="30,2000,0" yaku="13,1,52,1" doraHai="33" who="0" fromWho="0" sc="229,26,283,-12,259,-7,229,-7" /><INIT seed="2,0,0,4,4,109" ten="255,271,252,222" oya="2" hai0="114,103,66,80,84,37,98,43,41,17,102,13,83" hai1="11,121,14,34,15,120,68,74,57,79,113,96,18" hai2="26,100,47,97,67,82,86,54,122,77,19,28,127" hai3="52,133,6,128,125,130,20,33,119,30,124,39,81"/><V0/><F0/><W23/><G39/><T106/><D114/><U16/><E68/><V94/><F127/><N who="3" m="48715" /><G81/><T7/><D37/><U89/><E34/><V22/><F122/><N who="1" m="47209" /><E74/><V64/><REACH who="2" step="1"/><F28/><REACH who="2" ten="255,271,242,222" step="2"/><W71/><G119/><T87/><D83/><U44/><E113/><V45/><F45/><W12/><G30/><T76/><D80/><U95/><E44/><V117/><F117/><W123/><G123/><T104/><D104/><U73/><E73/><V48/><AGARI ba="0,1" hai="19,22,26,47,48,54,64,67,77,82,86,94,97,100" machi="48" ten="30,6000,0" yaku="1,1,0,1,8,1,53,0" doraHai="109" doraHaiUra="105" who="2" fromWho="2" sc="255,-20,271,-20,242,70,222,-20" /><INIT seed="2,1,0,2,3,5" ten="235,251,312,202" oya="2" hai0="8,91,32,112,48,124,131,125,11,29,40,97,56" hai1="126,133,66,78,132,45,122,69,96,65,129,108,70" hai2="79,14,121,75,82,109,77,63,128,84,44,72,16" hai3="105,58,19,86,106,102,95,35,17,18,3,10,39"/><V55/><F121/><W25/><G39/><T123/><D112/><U15/><E78/><N who="2" m="46167" /><F75/><W94/><G58/><T27/><D123/><U107/><E122/><V68/><F72/><W31/><G102/><T23/><D32/><U46/><E107/><V103/><F68/><N who="1" m="26217" /><E96/><V54/><F128/><W73/><G73/><T43/><D131/><U99/><E99/><V118/><F118/><W0/><G0/><T100/><D91/><U85/><E85/><V59/><F103/><W89/><REACH who="3" step="1"/><G95/><REACH who="3" ten="235,251,312,192" step="2"/><N who="0" m="58431" /><D124/><U41/><E129/><V88/><F109/><W81/><G81/><T117/><D125/><U120/><E126/><V83/><F44/><W21/><G21/><T114/><D117/><U87/><E46/><V52/><F59/><W90/><G90/><T71/><D71/><U9/><E120/><V80/><F83/><W135/><G135/><T42/><D114/><U34/><E108/><V62/><F79/><W47/><G47/><T67/><D48/><U92/><E34/><V7/><F77/><W57/><G57/><T130/><D130/><U26/><E133/><V116/><F116/><W101/><G101/><T61/><AGARI ba="1,1" hai="8,11,23,27,29,40,42,43,56,61,67" m="58431" machi="61" ten="30,7900,0" yaku="25,1,8,1,52,2" doraHai="5" who="0" fromWho="0" sc="235,92,251,-21,312,-40,192,-21" /><INIT seed="3,0,0,1,4,104" ten="327,230,272,171" oya="3" hai0="12,19,72,25,67,29,50,74,5,26,125,93,47" hai1="85,16,126,131,121,88,110,103,31,11,23,90,80" hai2="37,124,114,128,119,75,35,61,54,57,116,73,21" hai3="63,10,6,55,69,87,84,41,0,127,105,66,97"/><W82/><G127/><T34/><D125/><U20/><E126/><V45/><F35/><W91/><G41/><T65/><D5/><U33/><E121/><V40/><F124/><W8/><G8/><T22/><D93/><U46/><E110/><V134/><F114/><W78/><G55/><T79/><D12/><N who="1" m="7199" /><E33/><V111/><F111/><W118/><G118/><T70/><D79/><N who="1" m="46239" /><E131/><V59/><F128/><W95/><REACH who="3" step="1"/><G105/><REACH who="3" ten="327,230,272,161" step="2"/><T109/><D109/><U113/><E113/><V2/><F116/><W108/><G108/><T18/><D67/><U1/><E1/><V56/><F2/><W28/><G28/><T4/><D65/><U92/><E31/><V86/><F119/><W100/><G100/><T44/><D29/><U135/><E103/><V115/><F115/><W52/><G52/><T24/><D4/><U17/><E17/><V101/><F101/><W83/><G83/><T71/><D18/><U81/><E81/><V36/><F54/><W39/><G39/><T120/><D19/><U122/><E122/><V77/><F37/><W42/><G42/><T130/><D120/><U102/><E102/><V27/><F134/><W129/><G129/><T49/><D130/><U132/><E46/><V53/><F53/><W9/><G9/><T30/><D30/><U15/><E135/><V48/><F36/><W58/><G58/><T112/><D26/><U117/><E132/><V13/><F27/><W14/><G14/><T98/><D112/><U38/><E38/><V7/><F45/><W76/><G76/><T96/><D34/><U32/><E32/><V60/><F77/><RYUUKYOKU ba="0,1" sc="327,15,230,-15,272,-15,161,15" hai0="22,24,25,44,47,49,50,70,71,72,74,96,98" hai3="0,6,10,63,66,69,78,82,84,87,91,95,97" /><INIT seed="3,1,1,3,1,84" ten="342,215,257,176" oya="3" hai0="23,35,8,59,124,85,34,42,33,32,36,130,70" hai1="77,97,78,74,117,108,46,27,66,98,131,64,25" hai2="119,104,11,22,132,29,103,7,88,107,115,21,65" hai3="19,1,62,121,69,26,79,54,10,118,37,13,114"/><W91/><G114/><T55/><D70/><U122/><E74/><V123/><F119/><W80/><G118/><T109/><D23/><U31/><E117/><V113/><F65/><N who="1" m="25193" /><E122/><V12/><F123/><W90/><G121/><T15/><D109/><U128/><E46/><V50/><F50/><W18/><G37/><T87/><D124/><U135/><E108/><V105/><F103/><W82/><G1/><T95/><D130/><N who="1" m="49707" /><E31/><V116/><F116/><W125/><G125/><T57/><D95/><U134/><E78/><V120/><F120/><W48/><G62/><T100/><D33/><U83/><E77/><V81/><F132/><N who="1" m="50729" /><E83/><N who="3" m="31786" /><G79/><T9/><D34/><U67/><E67/><V47/><F47/><N who="3" m="27935" /><G69/><T71/><D71/><U20/><E20/><AGARI ba="1,1" hai="10,13,18,19,20,26,90,91" m="27935,31786" machi="20" ten="30,5800,0" yaku="8,1,52,2" doraHai="84" who="3" fromWho="1" sc="342,0,215,-61,257,0,176,71" /><INIT seed="3,2,0,5,5,104" ten="342,154,257,247" oya="3" hai0="0,113,45,72,131,121,91,126,40,23,10,130,108" hai1="36,81,82,100,98,111,87,55,2,60,4,11,68" hai2="97,132,44,12,1,90,31,78,75,106,57,9,8" hai3="39,96,51,83,105,52,46,43,54,84,56,38,103"/><W123/><G123/><T37/><D121/><U3/><E36/><V15/><F132/><W50/><REACH who="3" step="1"/><G43/><REACH who="3" ten="342,154,257,237" step="2"/><T62/><D40/><U64/><E111/><V48/><F1/><W134/><G134/><T73/><D108/><U102/><E2/><V74/><F31/><W117/><G117/><T24/><D0/><U85/><E55/><V35/><F35/><W135/><G135/><T88/><D131/><U47/><E47/><V110/><F44/><W120/><G120/><T49/><D45/><U93/><E68/><V30/><F30/><W25/><G25/><T17/><D24/><U133/><E133/><V21/><F110/><W32/><G32/><T14/><D130/><U5/><E3/><V18/><F15/><W70/><G70/><T99/><D14/><U115/><E115/><V109/><F12/><W7/><G7/><T19/><D113/><U69/><E5/><V101/><F109/><W42/><G42/><T79/><D19/><U124/><E4/><V59/><F18/><W26/><G26/><T71/><D17/><U67/><E11/><V94/><F8/><W20/><G20/><T66/><D23/><U127/><E69/><V114/><F21/><W118/><G118/><T27/><D27/><U122/><E122/><V129/><F9/><W34/><G34/><T22/><D22/><U28/><E28/><V6/><F6/><W112/><G112/><T76/><D10/><U95/><REACH who="1" step="1"/><E98/><REACH who="1" ten="342,144,257,237" step="2"/><N who="2" m="57687" /><F114/><W125/><G125/><T119/><D99/><U80/><E80/><N who="2" m="45143" /><F129/><W53/><G53/><T86/><D126/><U33/><E33/><V92/><F97/><RYUUKYOKU ba="2,2" sc="342,-15,144,15,257,-15,237,15" hai1="60,64,67,81,82,85,87,93,95,100,102,124,127" hai3="38,39,46,50,51,52,54,56,83,84,96,103,105" /><INIT seed="3,3,2,2,4,63" ten="327,159,242,252" oya="3" hai0="56,12,133,35,85,22,126,41,107,29,36,31,130" hai1="120,19,71,10,91,50,83,105,100,117,7,0,65" hai2="75,90,39,67,11,45,18,13,93,92,121,98,47" hai3="26,44,112,118,102,123,109,82,80,15,70,131,64"/><W116/><G112/><T99/><D35/><U104/><E120/><V25/><F75/><W6/><G123/><T40/><D36/><U84/><E117/><V20/><F39/><W88/><G102/><T52/><D107/><U17/><E50/><V51/><F121/><W76/><G131/><T16/><D130/><U23/><E100/><N who="2" m="60487" /><F67/><W27/><G44/><T87/><D99/><U62/><REACH who="1" step="1"/><E19/><REACH who="1" ten="327,149,242,252" step="2"/><N who="2" m="8639" /><F51/><W110/><G118/><T53/><D16/><U34/><E34/><V28/><F18/><W38/><G116/><T135/><D135/><U96/><E96/><AGARI ba="3,3" hai="20,25,28,45,47,90,93,96" m="8639,60487" machi="96" ten="30,1000,0" yaku="8,1" doraHai="63" who="2" fromWho="1" sc="327,0,149,-19,242,49,252,0" owari="327,42.7,130,-37.0,291,9.1,252,-14.8" /></mjloggm>