<mjloggm ver="2.3"><GO type="225" lobby="0"/><UN n0="%E3%81%AA%E3%82%81%E3%81%93%E9%9B%80%E5%A3%AB" n1="%E5%A4%9C%E3%81%AE%E3%82%AC%E3%82%B9%E3%83%91%E3%83%BC%E3%83%AB" n2="%72%69%6F%75%63%68%61%6E" n3="%E4%BF%BA%E3%81%A8%E5%A6%96%E5%A4%A2" dan="16,17,17,17" rate="2071.72,2221.61,2265.14,2188.84" sx="M,M,M,F"/><TAIKYOKU oya="0"/><INIT seed="0,0,0,4,1,7" ten="250,250,250,250" oya="0" hai0="96,120,77,112,47,83,38,48,79,51,87,56,118" hai1="70,12,103,99,88,98,50,135,23,24,28,27,32" hai2="129,119,82,84,29,9,20,113,86,61,76,17,114" hai3="121,16,0,91,131,124,33,11,130,2,10,46,55"/><T95/><D112/><U37/><E37/><V53/><F129/><N who="3" m="49163" /><G124/><T74/><D120/><U67/><E135/><V36/><F36/><W66/><G121/><T69/><D69/><U97/><E50/><V106/><F106/><W54/><G33/><T13/><D118/><U26/><E26/><V100/><F119/><W128/><N who="3" m="49171" /><W117/><DORA hai="107" /><G117/><T45/><D38/><U111/><E111/><V58/><F100/><W18/><G66/><T93/><D56/><U122/><E122/><V6/><F29/><W21/><G91/><T80/><D96/><U72/><E72/><V39/><F39/><W43/><G43/><T108/><D13/><U42/><E42/><V127/><F127/><W3/><G46/><T125/><D125/><U57/><E57/><V73/><F114/><W5/><G5/><T64/><D64/><U71/><E71/><V60/><F113/><W1/><N who="3" m="0" /><DORA hai="132" /><W59/><G21/><T15/><D15/><U134/><E12/><N who="2" m="5175" /><F73/><W25/><G25/><T49/><D108/><U34/><E134/><V22/><F17/><N who="3" m="6763" /><G55/><T62/><D47/><U8/><E27/><V44/><F44/><W90/><G90/><T105/><D45/><U102/><E34/><V92/><F61/><AGARI ba="0,0" hai="10,11,54,59,61" m="6763,0,49171" machi="61" ten="70,8000,1" yaku="19,1,52,2,54,1" doraHai="7,107,132" who="3" fromWho="2" sc="250,0,250,0,250,-80,250,80" /><INIT seed="1,0,0,1,5,91" ten="250,250,170,330" oya="1" hai0="5,80,36,115,109,0,53,7,134,11,128,49,21" hai1="27,16,63,66,89,119,106,127,76,33,104,98,64" hai2="28,23,39,59,30,43,69,129,35,75,96,29,26" hai3="71,40,52,45,93,67,56,12,103,122,19,110,108"/><U48/><E119/><V17/><F69/><W2/><G2/><T90/><D115/><U118/><E118/><V31/><F75/><W77/><G122/><T112/><D112/><U125/><E76/><V133/><F129/><W131/><G131/><T37/><D128/><U6/><E6/><V130/><F130/><W38/><G77/><T46/><D134/><U55/><E33/><V116/><F116/><W123/><G67/><T54/><D109/><N who="3" m="42089" /><G71/><T81/><D21/><N who="1" m="13735" /><E63/><V73/><F73/><W8/><G123/><T101/><D101/><U41/><E41/><V82/><F133/><W126/><G126/><N who="1" m="48138" /><E106/><V15/><F43/><W47/><G40/><T79/><D7/><U78/><E78/><V50/><F39/><W85/><G38/><T60/><D60/><U70/><E70/><V113/><F113/><W120/><G120/><T94/><D79/><U86/><E98/><V20/><F96/><N who="3" m="59791" /><G85/><T121/><D121/><U13/><E104/><V72/><F72/><W105/><G105/><T68/><D68/><U100/><E100/><V132/><F132/><W18/><G18/><T25/><D37/><U44/><E13/><V14/><F14/><W111/><G111/><T102/><D36/><U10/><E10/><V97/><F97/><W84/><G84/><N who="0" m="52551" /><D102/><U74/><E74/><V22/><F35/><W51/><AGARI ba="0,0" hai="8,12,19,45,47,51,52,56" m="59791,42089" machi="51" ten="30,4000,0" yaku="14,1,52,1,54,1" doraHai="91" who="3" fromWho="3" sc="250,-10,250,-20,170,-10,330,40" /><INIT seed="2,0,0,1,2,126" ten="240,230,160,370" oya="2" hai0="50,18,59,7,75,122,13,35,58,128,121,98,19" hai1="62,17,16,78,55,125,54,65,14,124,57,91,76" hai2="47,27,6,66,46,72,3,131,103,39,101,85,89" hai3="49,80,102,67,117,90,0,12,42,123,51,40,118"/><V56/><F72/><W86/><G0/><T8/><D35/><U135/><E135/><V116/><F116/><W26/><G123/><T69/><D69/><U29/><E29/><V77/><F77/><N who="1" m="29801" /><E91/><V32/><F131/><W127/><G127/><N who="1" m="48714" /><E17/><V48/><F39/><W68/><G117/><T30/><D30/><U87/><E87/><V113/><F113/><W114/><G118/><T104/><D75/><U52/><E65/><V45/><F32/><W64/><G114/><T110/><D110/><U130/><E130/><V31/><F3/><W33/><G33/><T107/><D128/><U34/><E34/><V106/><F6/><W99/><G26/><T60/><D98/><U70/><E70/><V109/><F109/><W95/><G12/><T108/><D108/><U43/><E43/><N who="3" m="16426" /><G68/><T92/><D13/><U97/><E97/><V100/><F106/><W132/><G132/><T88/><D104/><U134/><E134/><V81/><F66/><AGARI ba="0,0" hai="49,51,64,66,67,80,86,90,95,99,102" m="16426" machi="66" ten="30,1000,0" yaku="8,1" doraHai="126" who="3" fromWho="2" sc="240,0,230,0,160,-10,370,10" /><INIT seed="3,0,0,2,5,81" ten="240,230,150,380" oya="3" hai0="117,26,75,53,122,119,43,41,49,8,23,44,126" hai1="93,128,50,95,134,55,60,71,79,74,104,35,121" hai2="77,109,105,25,16,133,57,40,78,86,68,100,80" hai3="107,42,27,114,6,18,19,54,135,131,103,76,17"/><W36/><G114/><T28/><D122/><U99/><E121/><V66/><F109/><W110/><G110/><T91/><D126/><U125/><E35/><V59/><F59/><W45/><G76/><T20/><D75/><U52/><E128/><V3/><F133/><W61/><G131/><T72/><D72/><U87/><E125/><V101/><F68/><W129/><G129/><T39/><D43/><U29/><E29/><V47/><F3/><W118/><G118/><T38/><D38/><U127/><E127/><V4/><F4/><W108/><G6/><T56/><D23/><U14/><E134/><V130/><F130/><W92/><G107/><T96/><D8/><U82/><E14/><V124/><F124/><W111/><G135/><T46/><D56/><U69/><E60/><V98/><F101/><W48/><G61/><T132/><D132/><U13/><E13/><V63/><F77/><W51/><G27/><T89/><D89/><N who="1" m="53439" /><E95/><V115/><F115/><W15/><G15/><T33/><D33/><U58/><E55/><V37/><REACH who="2" step="1"/><F25/><REACH who="2" ten="240,230,140,380" step="2"/><W67/><G111/><T83/><D119/><U102/><AGARI ba="0,1" hai="50,52,58,69,71,74,79,82,99,102,104" m="53439" machi="102" ten="30,4000,0" yaku="24,1,52,1,54,1" doraHai="81" who="1" fromWho="1" sc="240,-10,230,50,140,-10,380,-20" owari="230,-17.0,280,8.0,130,-37.0,360,46.0" /></mjloggm>