<mjloggm ver="2.3"><GO type="225" lobby="0"/><UN n0="%E3%81%9F%E3%81%A3%E3%81%A1%E3%82%87" n1="%E3%81%A9%E3%82%8F%E3%82%93%E3%81%94" n2="%63%62%69%73%6B%65%74" n3="%E6%9C%AA%E6%9D%A5%E5%B0%91%E5%B9%B4" dan="16,16,16,16" rate="2071.98,2217.26,2034.10,2156.73" sx="M,M,M,M"/><TAIKYOKU oya="0"/><INIT seed="0,0,0,5,5,99" ten="250,250,250,250" oya="0" hai0="9,74,103,41,4,70,10,14,65,109,106,92,78" hai1="114,111,17,48,12,58,44,81,77,87,69,56,105" hai2="11,67,5,54,132,131,102,112,75,134,50,2,20" hai3="21,34,108,117,123,100,86,79,61,53,64,27,36"/><T13/><D106/><U62/><E111/><V130/><F112/><W46/><G117/><T28/><D109/><U22/><E114/><V83/><F67/><W49/><G108/><T97/><D28/><U23/><E105/><V18/><F83/><N who="3" m="47487" /><G123/><T37/><D78/><U76/><E76/><V29/><F29/><N who="3" m="17647" /><G34/><T35/><D74/><U107/><E107/><V52/><F75/><W24/><G36/><T89/><D35/><U94/><E69/><V57/><F54/><W126/><G126/><T66/><D70/><U124/><E124/><V47/><F47/><W71/><G71/><T32/><D32/><U115/><E115/><V19/><F102/><W116/><G116/><T0/><D89/><U91/><E62/><V128/><REACH who="2" step="1"/><F19/><REACH who="2" ten="250,250,240,250" step="2"/><W31/><G64/><T33/><D33/><U118/><E118/><V1/><F1/><W60/><G100/><T63/><D0/><U135/><E135/><V119/><F119/><W40/><G53/><T120/><D65/><U55/><REACH who="1" step="1"/><E22/><REACH who="1" ten="250,240,240,250" step="2"/><V127/><F127/><W59/><G60/><T96/><D63/><U30/><E30/><V98/><F98/><AGARI ba="0,2" hai="12,17,23,44,48,55,56,58,77,81,87,91,94,98" machi="98" ten="30,7700,0" yaku="1,1,7,1,8,1,53,1" doraHai="99" doraHaiUra="72" who="1" fromWho="2" sc="250,0,240,97,240,-77,250,0" /><INIT seed="1,0,0,1,0,116" ten="250,337,163,250" oya="1" hai0="112,47,30,126,63,48,0,90,10,45,26,77,24" hai1="82,128,17,74,106,83,57,98,60,134,22,107,14" hai2="3,97,81,127,95,109,53,113,37,129,133,119,84" hai3="38,4,23,12,72,121,96,115,104,68,35,32,46"/><U89/><E134/><V19/><F119/><W114/><G72/><T58/><D112/><U108/><E128/><V79/><F3/><W123/><G68/><T49/><D126/><U54/><E108/><V5/><F37/><W86/><G86/><T2/><D77/><U33/><E33/><N who="3" m="12874" /><G96/><T27/><D30/><U51/><E74/><V73/><F5/><W78/><G78/><T102/><D102/><U40/><E107/><V55/><F133/><W69/><G46/><T117/><D90/><U125/><E125/><V111/><F127/><W124/><G69/><T99/><D99/><U31/><E31/><V34/><F34/><W41/><G41/><T135/><D135/><U56/><E106/><V85/><F129/><W6/><G38/><T122/><D117/><U130/><E130/><V7/><F7/><N who="3" m="2603" /><G104/><T62/><D24/><U15/><E40/><V87/><F113/><N who="3" m="43019" /><G124/><T36/><D58/><U16/><E89/><V93/><F19/><AGARI ba="0,0" hai="12,19,23,121,123" m="43019,2603,12874" machi="19" ten="40,8000,1" yaku="34,2,52,2" doraHai="116" who="3" fromWho="2" sc="250,0,337,0,163,-80,250,80" /><INIT seed="2,0,0,1,3,33" ten="250,337,83,330" oya="2" hai0="68,111,28,119,133,84,102,81,108,62,10,0,50" hai1="99,110,11,46,17,73,100,53,41,2,105,34,66" hai2="25,76,45,77,85,126,79,15,82,61,97,132,90" hai3="60,38,1,64,47,135,114,56,21,35,86,58,9"/><V30/><F132/><W130/><G35/><T29/><D133/><U52/><E73/><V115/><F115/><W54/><G135/><T128/><D128/><U91/><E34/><V16/><F126/><W131/><G114/><T129/><D129/><N who="3" m="49161" /><G21/><T120/><D120/><U36/><E66/><V3/><F3/><W123/><G123/><T59/><D102/><U88/><E110/><N who="0" m="42025" /><D50/><U6/><REACH who="1" step="1"/><E17/><REACH who="1" ten="250,327,83,330" step="2"/><V42/><F61/><N who="3" m="35991" /><G86/><T87/><D84/><U48/><E48/><V101/><F30/><W63/><G63/><T116/><D68/><U44/><E44/><V20/><F25/><W39/><G47/><T109/><D109/><U72/><E72/><V13/><F13/><W12/><G1/><T74/><D74/><U51/><E51/><V80/><F80/><W26/><G26/><T78/><D28/><U49/><E49/><N who="2" m="26807" /><F101/><W75/><G75/><T125/><D29/><U55/><AGARI ba="0,1" hai="2,6,11,36,41,46,52,53,55,88,91,99,100,105" machi="55" ten="30,12000,2" yaku="1,1,0,1,52,1,54,2,53,1" doraHai="33" doraHaiUra="4" who="1" fromWho="1" sc="250,-30,327,130,83,-60,330,-30" /><INIT seed="3,0,0,5,5,105" ten="220,457,23,300" oya="3" hai0="72,18,29,27,82,8,127,54,4,39,113,30,12" hai1="1,90,74,37,99,2,65,34,94,126,108,121,114" hai2="93,59,62,49,102,42,53,35,24,45,26,25,55" hai3="51,67,103,41,9,20,95,98,68,40,0,128,43"/><W60/><G128/><T10/><D39/><U52/><E114/><V110/><F110/><W23/><REACH who="3" step="1"/><G51/><REACH who="3" ten="220,457,23,290" step="2"/><T86/><D113/><U120/><E108/><V129/><F129/><W111/><G111/><T134/><D134/><U48/><E48/><V7/><F7/><AGARI ba="0,1" hai="0,7,9,20,23,40,41,43,60,67,68,95,98,103" machi="7" ten="40,2000,0" yaku="1,1,53,0" doraHai="105" doraHaiUra="106" who="3" fromWho="2" sc="220,0,457,0,23,-20,290,30" /><INIT seed="3,1,0,4,3,122" ten="220,457,3,320" oya="3" hai0="31,92,108,41,133,70,119,35,128,78,3,104,5" hai1="58,135,96,75,62,11,91,120,17,47,16,123,8" hai2="42,77,113,0,40,84,24,82,1,76,116,66,89" hai3="33,100,118,53,39,25,49,105,98,86,50,19,55"/><W97/><G118/><T130/><D41/><U44/><E75/><V57/><F113/><W2/><G2/><T81/><D92/><N who="1" m="56351" /><E135/><V23/><F116/><W129/><G129/><T106/><D81/><U125/><E123/><V14/><F14/><W26/><G39/><T94/><D94/><U102/><E125/><V79/><F0/><W6/><G6/><T74/><D31/><U27/><E102/><V37/><F1/><W131/><G131/><T99/><D99/><U72/><E72/><V30/><F37/><W54/><G97/><T121/><D78/><N who="2" m="19970" /><V126/><DORA hai="132" /><F126/><W111/><G111/><T87/><D5/><U73/><E73/><V20/><F20/><W110/><G110/><T112/><D87/><U60/><E60/><AGARI ba="1,0" hai="23,24,30,40,42,57,60,66,82,84,89" m="19970" machi="60" ten="30,1000,0" yaku="8,1" doraHai="122,132" who="2" fromWho="1" sc="220,0,457,-13,3,13,320,0" owari="220,-18.0,444,54.4,16,-48.4,320,12.0" /></mjloggm>