<mjloggm ver="2.3"><GO type="225" lobby="0"/><UN n0="%E5%86%B7%E5%87%8D%E3%82%AE%E3%83%A7%E3%83%BC%E3%82%B6" n1="%6D%75%75%6D%75%72%61" n2="%E5%B0%8F%E9%B3%A5%E9%81%8A%E7%B7%B4%E7%84%A1%32%31%E6%AD%B3" n3="%E3%83%A9%E3%82%B9%E7%8E%87%EF%BC%93%E5%89%B2" dan="16,16,16,16" rate="2115.92,2145.78,2182.63,2148.49" sx="M,F,F,F"/><TAIKYOKU oya="0"/><INIT seed="0,0,0,0,0,11" ten="250,250,250,250" oya="0" hai0="2,113,84,21,36,45,33,73,85,22,1,86,10" hai1="132,90,75,72,107,81,71,120,12,39,98,105,130" hai2="34,41,100,26,82,32,69,35,99,133,108,115,6" hai3="76,96,16,119,126,4,65,58,55,47,127,104,101"/><T38/><D113/><U18/><E120/><V60/><F115/><W8/><G119/><T14/><D73/><U124/><E124/><N who="3" m="47658" /><G76/><T20/><D33/><U94/><E130/><V53/><F133/><W40/><G65/><T30/><D30/><U131/><E131/><V29/><F108/><W114/><G114/><T109/><D109/><U43/><E71/><V25/><F25/><W24/><G24/><T116/><D116/><U121/><E121/><V66/><F6/><W31/><G31/><T91/><D91/><U0/><E0/><V123/><F123/><W122/><G122/><T79/><D79/><U110/><E110/><V77/><F53/><W51/><G16/><T50/><D38/><U48/><E39/><V67/><F67/><W3/><G58/><T87/><N who="0" m="21504" /><DORA hai="106" /><T129/><D36/><U62/><E62/><V128/><F41/><AGARI ba="0,0" hai="3,4,8,40,41,47,51,55,96,101,104" m="47658" machi="41" ten="30,1000,0" yaku="18,1" doraHai="11,106" who="3" fromWho="2" sc="250,0,250,0,250,-10,250,10" /><INIT seed="1,0,0,0,2,99" ten="250,250,240,260" oya="1" hai0="33,57,128,94,85,5,120,58,135,67,132,90,29" hai1="129,73,1,114,15,127,6,100,31,11,61,41,74" hai2="37,52,131,104,118,68,95,25,23,50,32,0,130" hai3="92,79,96,86,7,115,98,117,38,18,14,47,36"/><U122/><E114/><V76/><F0/><W9/><G115/><T17/><D128/><N who="2" m="49194" /><F104/><W64/><G117/><T60/><D120/><U42/><E129/><V134/><F32/><W48/><G64/><T62/><D5/><U54/><E122/><V39/><F68/><W3/><G98/><T21/><D29/><U103/><E127/><V82/><F118/><W30/><G30/><T81/><D33/><U56/><E1/><V106/><F95/><W110/><G110/><T113/><D113/><U16/><E31/><N who="2" m="17855" /><F106/><W97/><G97/><T24/><REACH who="0" step="1"/><D94/><REACH who="0" ten="240,250,240,260" step="2"/><U111/><E111/><V93/><F93/><W91/><G3/><T46/><D46/><U116/><E116/><V71/><F134/><W12/><G7/><T35/><D35/><U4/><E4/><V107/><F107/><W44/><G47/><T69/><D69/><U13/><E73/><N who="2" m="43279" /><F71/><W119/><G119/><T45/><D45/><AGARI ba="0,1" hai="37,39,45,50,52" m="43279,17855,49194" machi="45" ten="30,2000,0" yaku="19,1,54,1" doraHai="99" who="2" fromWho="0" sc="240,-20,250,0,240,30,260,0" /><INIT seed="2,0,0,5,4,13" ten="220,250,270,260" oya="2" hai0="23,79,91,43,51,24,29,33,82,130,18,131,88" hai1="102,61,20,58,100,115,60,64,106,17,32,70,39" hai2="132,45,53,26,12,101,38,111,3,50,9,0,1" hai3="62,87,112,123,4,34,135,113,74,59,54,8,27"/><V30/><F132/><W122/><G74/><T21/><D51/><U63/><E115/><N who="3" m="44106" /><G135/><T134/><D43/><U10/><E32/><V72/><F101/><N who="1" m="39017" /><E106/><V14/><F72/><W36/><G36/><T55/><D55/><N who="1" m="33887" /><E70/><V49/><F38/><W110/><G110/><T31/><D134/><U108/><E39/><V67/><F67/><W118/><G118/><T96/><D33/><U124/><E124/><V84/><F84/><W99/><G87/><N who="0" m="48607" /><D96/><U28/><E108/><V129/><F129/><N who="0" m="49162" /><D29/><U56/><E63/><V120/><F111/><W46/><G99/><T103/><D103/><U116/><E116/><V71/><F50/><W22/><G46/><T16/><D31/><U66/><E28/><V95/><F71/><W80/><G34/><T5/><D5/><U52/><E10/><V86/><F9/><W81/><G8/><T37/><D37/><U57/><E57/><V42/><F42/><W93/><G4/><T97/><D97/><U90/><E90/><V114/><F114/><W85/><G123/><T15/><AGARI ba="0,0" hai="15,16,18,21,23,24,88,91" m="49162,48607" machi="15" ten="30,8000,1" yaku="19,1,52,2,54,2" doraHai="13" who="0" fromWho="0" sc="220,80,250,-20,270,-40,260,-20" /><INIT seed="3,0,0,0,3,69" ten="300,230,230,240" oya="3" hai0="111,114,16,110,105,85,81,8,68,86,37,46,41" hai1="9,58,21,34,29,77,79,2,25,7,11,47,30" hai2="14,76,128,124,72,123,22,28,49,39,61,65,87" hai3="78,45,97,24,125,101,4,19,132,131,74,18,26"/><W32/><G131/><T104/><D68/><U96/><E58/><V115/><F115/><W130/><G130/><T98/><D114/><U121/><E121/><V70/><F128/><W94/><G132/><T64/><D64/><U108/><E108/><N who="0" m="41513" /><D98/><U90/><E47/><V103/><F124/><W106/><G125/><T118/><D118/><U89/><E11/><V52/><F72/><W73/><G4/><T120/><D120/><U99/><E34/><V93/><F123/><W62/><G74/><T36/><D36/><U43/><E43/><V20/><F39/><W109/><G109/><T63/><D63/><U83/><E29/><V134/><F134/><W53/><G106/><N who="0" m="41067" /><D81/><U88/><REACH who="1" step="1"/><E79/><REACH who="1" ten="300,220,230,240" step="2"/><V122/><F122/><W71/><G71/><T135/><D135/><U107/><E107/><V10/><F76/><W42/><G78/><T17/><D8/><U116/><E116/><V0/><F10/><W27/><G32/><T66/><D66/><U100/><E100/><V82/><F103/><W60/><G60/><T112/><D112/><U67/><E67/><V57/><F28/><W92/><G42/><T59/><D59/><U33/><E33/><V38/><F70/><W51/><G62/><T75/><D75/><AGARI ba="0,1" hai="2,7,9,21,25,30,75,77,83,88,89,90,96,99" machi="75" ten="40,5200,0" yaku="1,1,54,1,53,1" doraHai="69" doraHaiUra="23" who="1" fromWho="0" sc="300,-52,220,62,230,0,240,0" /><INIT seed="4,0,0,4,4,71" ten="248,282,230,240" oya="0" hai0="38,79,39,3,90,73,82,74,128,13,98,43,87" hai1="33,41,105,70,34,130,92,57,47,123,53,134,49" hai2="18,99,68,42,58,50,75,31,85,61,63,56,119" hai3="76,14,26,2,60,36,124,101,66,19,45,95,37"/><T78/><D3/><U96/><E123/><V16/><F75/><W97/><G2/><T132/><D128/><U77/><E130/><V40/><F68/><W32/><G124/><T25/><D98/><U89/><E70/><V1/><F1/><W59/><G76/><T35/><D13/><U129/><E129/><V52/><F119/><W91/><G45/><T103/><D103/><U109/><E109/><V8/><F31/><W10/><REACH who="3" step="1"/><G101/><REACH who="3" ten="248,282,230,230" step="2"/><T51/><D79/><U121/><E77/><V84/><F99/><W104/><G104/><T12/><D74/><U102/><E121/><V86/><F8/><W112/><G112/><T4/><D78/><U122/><E122/><V46/><REACH who="2" step="1"/><F40/><REACH who="2" ten="248,282,220,230" step="2"/><W62/><G62/><T30/><D73/><U118/><E118/><V67/><AGARI ba="0,2" hai="16,18,42,46,50,52,56,58,61,63,67,84,85,86" machi="67" ten="30,12000,2" yaku="1,1,2,1,0,1,8,1,54,2,53,0" doraHai="71" doraHaiUra="108" who="2" fromWho="2" sc="248,-60,282,-30,220,140,230,-30" owari="188,-31.2,252,5.2,360,46.0,200,-20.0" /></mjloggm>