<mjloggm ver="2.3"><GO type="225" lobby="0"/><UN n0="%73%6C%69%63%6B%33%31%39" n1="%E3%81%AF%E3%82%88%E3%81%8A%E3%81%98%E3%81%95%E3%82%93" n2="%E8%B6%85%E7%B4%9A%E9%B3%B3%E5%87%B0" n3="%E9%95%B7%E5%B7%9E%E3%81%AE%E5%85%8B" dan="16,17,16,16" rate="2126.60,2168.19,2113.88,2074.69" sx="M,M,M,M"/><TAIKYOKU oya="0"/><INIT seed="0,0,0,4,4,13" ten="250,250,250,250" oya="0" hai0="67,73,48,115,119,23,53,10,27,64,42,117,79" hai1="37,65,97,17,70,22,33,1,20,50,105,63,122" hai2="113,88,123,39,31,132,96,0,11,106,41,25,128" hai3="114,16,98,85,32,93,51,4,81,44,102,71,87"/><T134/><D115/><U21/><E33/><V9/><F113/><W60/><G114/><T72/><D42/><U82/><E37/><V69/><F123/><W74/><G32/><T2/><D134/><U14/><E122/><V110/><F69/><W112/><G4/><T47/><D2/><U24/><E1/><V124/><F132/><W61/><G112/><T36/><D10/><U127/><E127/><V76/><F124/><W68/><G74/><T30/><D36/><U126/><E126/><V120/><F120/><W83/><G71/><T28/><D28/><U86/><E50/><V84/><F110/><W78/><G68/><T62/><D64/><U90/><REACH who="1" step="1"/><E24/><REACH who="1" ten="250,240,250,250" step="2"/><V75/><F0/><W19/><G61/><T55/><D117/><U40/><E40/><V58/><F25/><W133/><G60/><T29/><D119/><U15/><E15/><V38/><F38/><W5/><G133/><T95/><D48/><U18/><E18/><V118/><F41/><N who="3" m="24975" /><G5/><T130/><D30/><U7/><E7/><V129/><F31/><W43/><G43/><T35/><D35/><U107/><E107/><V80/><F39/><W77/><AGARI ba="0,1" hai="16,19,77,78,81,83,85,87,93,98,102" m="24975" machi="77" ten="30,7900,0" yaku="8,1,52,2,54,1" doraHai="13" who="3" fromWho="3" sc="250,-39,240,-20,250,-20,250,89" /><INIT seed="1,0,0,0,2,101" ten="211,220,230,339" oya="1" hai0="109,117,73,135,134,59,31,28,88,94,113,0,66" hai1="17,82,119,83,53,96,79,9,23,127,4,45,108" hai2="99,85,36,65,63,55,123,39,125,20,44,114,32" hai3="68,14,10,97,98,133,131,52,49,43,34,76,30"/><U50/><E119/><V71/><F123/><W70/><G131/><T64/><D0/><U91/><E127/><V60/><F32/><W67/><G43/><T78/><D117/><U12/><E108/><V104/><F125/><W11/><G76/><T124/><D124/><U48/><E79/><V18/><F114/><W2/><G2/><T22/><D113/><U42/><E96/><V74/><F74/><W132/><G30/><N who="0" m="11307" /><D22/><U29/><E29/><V87/><F39/><W21/><G34/><T15/><D15/><U26/><REACH who="1" step="1"/><E91/><REACH who="1" ten="211,210,230,339" step="2"/><V105/><F99/><W120/><G97/><N who="0" m="57543" /><D78/><U95/><E95/><V37/><F104/><W90/><G90/><T5/><D109/><U107/><E107/><V126/><F126/><W46/><G98/><T75/><D73/><U93/><E93/><V57/><F105/><W7/><G120/><T41/><D75/><U118/><E118/><V110/><F110/><W112/><G112/><T3/><D134/><U51/><E51/><V92/><F37/><W19/><G133/><T100/><D135/><U16/><E16/><V102/><F102/><W62/><G132/><T84/><D100/><U130/><E130/><V61/><F92/><W111/><G111/><T77/><D77/><U13/><E13/><N who="2" m="9295" /><F63/><W72/><G72/><T122/><D122/><U103/><E103/><V47/><F36/><W69/><G11/><T33/><D84/><U6/><E6/><V129/><F129/><W38/><G38/><T106/><D106/><U8/><E8/><V24/><F24/><W115/><G115/><T89/><D89/><U56/><AGARI ba="0,1" hai="4,9,12,17,23,26,42,45,48,50,53,56,82,83" machi="56" ten="20,12000,1" yaku="1,1,5,1,0,1,7,1,8,1,53,0" doraHai="101" doraHaiUra="81" who="1" fromWho="1" sc="211,-40,210,130,230,-40,339,-40" /><INIT seed="1,1,0,5,0,5" ten="171,340,190,299" oya="1" hai0="57,93,92,14,90,118,26,109,80,107,124,24,115" hai1="100,48,52,60,34,86,38,27,42,103,97,31,29" hai2="35,37,45,76,2,46,98,121,104,132,122,102,78" hai3="70,128,21,51,16,73,4,11,53,12,3,71,117"/><U127/><E127/><V88/><F2/><W10/><G73/><T58/><D115/><U120/><E120/><V56/><F35/><W6/><G128/><T96/><D118/><U74/><E74/><V7/><F7/><W25/><REACH who="3" step="1"/><G117/><REACH who="3" ten="171,340,190,289" step="2"/><T69/><D124/><U116/><E116/><V83/><F121/><W125/><G125/><T66/><D109/><U32/><E32/><V8/><F122/><W30/><G30/><T79/><D107/><U0/><E29/><V81/><F104/><W18/><G18/><T49/><D93/><U108/><E31/><V110/><F110/><W134/><G134/><T131/><D131/><U72/><E34/><V123/><F123/><W82/><G82/><T119/><D119/><U47/><E72/><V95/><F83/><W43/><G43/><T54/><D80/><U55/><E108/><V89/><F81/><W33/><G33/><T15/><D79/><U129/><E129/><V105/><F76/><W9/><G9/><T64/><D64/><U114/><E114/><V40/><F78/><W17/><G17/><T22/><D22/><U135/><E135/><V106/><F8/><W91/><G91/><T59/><D90/><U65/><E42/><N who="2" m="22735" /><F132/><W13/><G13/><T23/><D14/><U68/><E0/><V112/><F112/><W39/><G39/><T61/><D15/><U67/><E38/><V111/><F111/><W130/><G130/><T62/><D23/><U50/><E100/><V113/><F113/><W28/><G28/><T99/><D92/><U87/><E103/><V75/><F75/><W85/><G85/><RYUUKYOKU ba="1,1" sc="171,-10,340,-10,190,-10,289,30" hai3="3,4,6,10,11,12,16,21,25,51,53,70,71" /><INIT seed="2,2,1,0,5,10" ten="161,330,180,319" oya="2" hai0="79,7,32,135,42,27,125,95,1,90,86,17,71" hai1="98,84,117,60,15,75,94,106,30,51,111,12,68" hai2="57,48,24,96,44,33,116,37,100,134,124,64,69" hai3="66,89,133,47,43,13,19,101,62,34,87,85,14"/><V25/><F116/><W112/><G34/><T127/><D71/><U121/><E117/><V65/><F124/><N who="0" m="47690" /><D135/><U120/><E75/><V107/><F134/><W77/><G133/><T109/><D109/><U72/><E72/><V93/><F107/><W131/><G101/><T0/><D7/><U115/><E115/><V53/><F33/><W104/><G104/><T110/><D110/><U118/><E118/><V39/><F39/><W58/><G112/><T73/><D42/><U119/><E119/><V26/><REACH who="2" step="1"/><F69/><REACH who="2" ten="161,330,170,319" step="2"/><W35/><G35/><T128/><D128/><U28/><E106/><V88/><F88/><W59/><G131/><T3/><D32/><U102/><E68/><V61/><F61/><W40/><G77/><T103/><D103/><U18/><E60/><V76/><F76/><W108/><G89/><T49/><D49/><U97/><E51/><V129/><F129/><W4/><G108/><T29/><D79/><U56/><E111/><V55/><F55/><W70/><G43/><AGARI ba="2,2" hai="24,25,26,37,43,44,48,53,57,64,65,93,96,100" machi="43" ten="40,3900,0" yaku="1,1,53,1" doraHai="10" doraHaiUra="99" who="2" fromWho="3" sc="161,0,330,0,170,65,319,-45" /><INIT seed="2,3,0,3,3,42" ten="161,330,235,274" oya="2" hai0="18,15,104,6,4,91,48,121,114,59,81,14,58" hai1="2,75,70,115,88,74,106,87,21,67,117,56,63" hai2="112,69,126,40,11,61,73,64,23,8,30,28,129" hai3="47,34,53,31,93,124,41,20,97,45,25,103,60"/><V99/><F112/><W36/><G124/><T94/><D121/><U90/><E115/><V123/><F123/><W85/><G85/><T82/><D104/><U55/><E117/><V125/><F73/><W92/><G93/><T80/><D114/><U131/><E106/><V43/><F129/><W109/><G109/><T101/><D101/><U77/><E2/><V105/><F105/><W65/><G34/><T32/><D32/><U133/><E131/><V17/><F99/><W78/><G78/><T120/><D120/><U51/><E133/><V68/><F61/><W24/><G25/><T96/><D15/><U26/><E77/><V110/><F64/><W0/><G0/><T49/><D58/><U79/><E79/><V122/><F122/><W84/><G84/><T57/><D59/><U44/><E70/><V89/><F23/><W54/><REACH who="3" step="1"/><G47/><REACH who="3" ten="161,330,235,264" step="2"/><T29/><D29/><U130/><E130/><V62/><F110/><W7/><G7/><T111/><D111/><U71/><E44/><V37/><F28/><W46/><G46/><T66/><D4/><U108/><E108/><V86/><F30/><W83/><G83/><T12/><D6/><U5/><E5/><V52/><F86/><W9/><G9/><N who="0" m="6415" /><D14/><U39/><E87/><V118/><F8/><W1/><G1/><T27/><D27/><U135/><E75/><V113/><F11/><W107/><G107/><T76/><D76/><U119/><E74/><V102/><F113/><W35/><G35/><T72/><D72/><U10/><E10/><V132/><F125/><W3/><G3/><T128/><D128/><RYUUKYOKU ba="3,1" sc="161,15,330,-15,235,-15,264,15" hai0="48,49,57,66,80,81,82,91,94,96" hai3="20,24,31,36,41,45,53,54,60,65,92,97,103" /><INIT seed="3,4,1,3,3,20" ten="176,315,220,279" oya="3" hai0="13,14,2,56,32,109,132,49,114,37,84,78,4" hai1="29,39,102,86,94,66,81,23,61,101,133,96,92" hai2="126,63,15,129,104,27,18,87,7,100,47,108,45" hai3="6,79,98,68,10,70,112,35,11,25,89,24,3"/><W105/><G112/><T42/><D109/><U38/><E133/><V116/><F116/><W12/><G79/><T74/><D132/><U55/><E55/><V103/><F108/><W65/><G35/><T134/><D134/><U17/><E94/><V111/><F111/><W52/><G70/><T82/><D114/><U80/><E102/><V67/><F129/><W40/><G40/><T71/><D71/><U72/><E72/><V121/><F126/><W31/><G31/><T69/><D69/><U124/><E124/><V125/><F125/><W30/><G30/><T34/><D34/><U60/><E29/><V19/><F121/><W115/><G115/><T131/><D32/><U48/><E48/><V16/><F104/><W77/><G77/><T107/><D107/><U76/><E81/><V110/><F110/><W53/><G65/><T64/><D131/><U118/><E118/><V93/><F103/><W59/><G68/><T41/><D37/><U26/><E60/><V58/><F27/><W28/><G28/><T123/><D74/><U62/><E61/><V0/><F0/><W85/><G98/><T5/><D2/><U122/><E122/><V43/><F43/><W127/><G105/><T135/><D135/><U83/><E80/><V128/><F128/><W44/><G44/><N who="2" m="16969" /><F7/><W36/><G36/><T54/><D123/><U97/><E96/><N who="2" m="59407" /><F87/><W8/><G127/><T91/><D78/><U119/><E119/><V9/><AGARI ba="4,1" hai="9,15,16,18,19,58,63,67" m="59407,16969" machi="9" ten="30,2000,0" yaku="8,1,54,1" doraHai="20" who="2" fromWho="2" sc="176,-9,315,-9,220,42,279,-14" owari="167,-33.3,306,40.6,262,-13.8,265,6.5" /></mjloggm>