<mjloggm ver="2.3"><GO type="225" lobby="0"/><UN n0="%E5%B6%BA%E4%B8%8A%E5%92%B2" n1="%77%72%77%72%77%72%77%72" n2="%E3%81%B2%E3%81%AA%E3%81%AE%E3%82%8A%E3%81%8F" n3="%E3%81%82%E3%81%99%E3%81%AB%E3%82%83%E3%82%80" dan="16,16,17,16" rate="2099.49,2164.11,2191.23,2120.99" sx="F,M,M,F"/><TAIKYOKU oya="0"/><INIT seed="0,0,0,4,3,48" ten="250,250,250,250" oya="0" hai0="67,128,132,88,27,124,89,19,74,110,75,8,44" hai1="129,112,122,87,40,35,58,59,97,60,14,34,52" hai2="72,133,78,17,50,73,18,114,69,107,101,100,68" hai3="131,23,113,102,49,46,111,54,39,99,63,71,42"/><T64/><D128/><U135/><E122/><V7/><F50/><W82/><G131/><T125/><D132/><U105/><E129/><V30/><F7/><W3/><G113/><T53/><D110/><U62/><E135/><V66/><F30/><W130/><G3/><T127/><D27/><U25/><E112/><V5/><F5/><W76/><G130/><T117/><D117/><U45/><E14/><V13/><F133/><W121/><G111/><T95/><D44/><U90/><E25/><V12/><F114/><W47/><G23/><T22/><D8/><U109/><E109/><V106/><F66/><N who="0" m="25130" /><D53/><U51/><E97/><V118/><REACH who="2" step="1"/><F78/><REACH who="2" ten="250,250,240,250" step="2"/><W29/><G29/><T91/><D95/><U15/><E105/><V28/><F28/><W104/><G121/><T120/><D120/><U126/><E35/><V10/><F10/><W37/><G37/><T83/><D83/><U84/><E34/><V2/><F2/><W98/><G82/><T0/><D0/><U81/><E81/><V57/><F57/><W123/><G123/><T86/><D19/><U79/><E59/><V33/><F33/><W1/><G1/><T80/><D22/><U65/><E65/><V9/><F9/><W11/><G11/><T38/><D38/><U61/><E79/><AGARI ba="0,1" hai="74,75,79,80,86,88,89,91,124,125,127" m="25130" machi="79" ten="40,3900,0" yaku="18,1,54,1" doraHai="48" who="0" fromWho="1" sc="250,49,250,-39,240,0,250,0" /><INIT seed="0,1,0,4,3,79" ten="299,211,240,250" oya="0" hai0="130,78,114,18,68,32,72,110,65,34,52,129,122" hai1="45,48,121,26,116,85,36,30,56,107,101,13,6" hai2="69,99,134,115,16,88,19,31,4,104,33,24,132" hai3="12,54,3,95,44,118,82,76,96,135,124,39,109"/><T22/><D114/><U42/><E116/><V73/><F115/><W35/><G3/><T66/><D122/><U50/><E121/><V28/><F69/><W20/><G35/><N who="0" m="13355" /><D68/><U75/><E75/><V113/><F113/><W46/><G118/><T94/><D94/><U25/><E25/><V81/><F31/><W112/><G112/><T0/><D0/><U84/><E107/><V23/><F4/><W60/><G109/><T67/><D110/><U131/><E101/><V55/><F55/><W108/><G108/><T59/><D78/><U97/><E97/><V9/><F9/><W111/><G111/><T125/><D72/><U102/><E102/><V5/><F5/><W2/><G2/><T38/><D38/><U98/><E98/><V63/><F63/><W62/><G39/><T70/><D70/><U47/><E56/><V7/><F7/><W90/><G60/><N who="0" m="35943" /><D125/><U37/><E6/><V58/><F58/><W103/><G124/><T100/><D100/><U120/><E13/><V83/><F104/><W14/><G103/><T1/><D1/><U29/><E26/><N who="2" m="14695" /><F19/><W86/><G12/><T87/><D87/><U128/><REACH who="1" step="1"/><E120/><REACH who="1" ten="299,201,240,250" step="2"/><V119/><F119/><W92/><G14/><N who="0" m="9559" /><D67/><U27/><E27/><V117/><F117/><W64/><G64/><T41/><D66/><U74/><E74/><V123/><F123/><W61/><G96/><T53/><D65/><U126/><E126/><V57/><F57/><W11/><G11/><T127/><D127/><U40/><AGARI ba="1,1" hai="29,30,36,37,40,42,45,47,48,50,84,85,128,131" machi="40" ten="25,6400,0" yaku="1,1,0,1,22,2,53,0" doraHai="79" doraHaiUra="91" who="1" fromWho="1" sc="299,-33,201,77,240,-17,250,-17" /><INIT seed="1,0,0,3,1,116" ten="266,278,223,233" oya="1" hai0="6,55,18,49,63,25,127,52,71,79,8,67,60" hai1="93,89,34,99,30,68,3,92,106,126,65,97,122" hai2="81,59,21,16,110,118,42,85,91,78,104,29,9" hai3="24,74,119,51,73,135,2,112,10,121,117,37,33"/><U15/><E3/><V111/><F118/><N who="3" m="45067" /><G37/><T132/><D132/><U84/><E122/><V131/><F104/><W69/><G112/><T120/><D127/><U100/><E126/><V107/><F107/><W26/><G69/><T82/><D120/><U113/><E113/><V20/><F131/><W103/><G135/><T83/><D63/><N who="1" m="39999" /><E15/><V77/><F9/><W0/><G103/><T56/><D55/><U14/><E14/><V7/><F7/><W35/><G51/><T23/><BYE who="2" /><D79/><U48/><E48/><V105/><F105/><W11/><G121/><T40/><REACH who="0" step="1"/><D40/><REACH who="0" ten="256,278,223,233" step="2"/><U28/><E106/><V57/><F57/><W41/><G41/><T50/><D50/><U94/><E100/><V129/><F129/><W124/><G124/><T128/><D128/><U39/><E39/><V38/><F38/><W133/><G133/><T46/><D46/><U61/><E61/><V114/><F114/><W62/><G62/><T80/><D80/><U95/><E99/><V90/><F90/><W96/><G96/><T47/><D47/><U115/><E97/><V72/><F72/><W123/><G123/><T36/><D36/><U75/><E75/><V44/><F44/><W45/><G45/><T22/><D22/><U76/><E115/><V64/><F64/><W66/><G66/><T5/><D5/><U109/><E76/><V31/><F31/><N who="1" m="11817" /><E34/><N who="3" m="12810" /><G73/><T27/><D27/><N who="3" m="10281" /><G74/><T86/><D86/><U17/><E84/><V134/><F134/><W130/><G130/><T19/><D19/><U58/><N who="1" m="23552" /><DORA hai="53" /><U88/><E17/><V102/><F102/><W101/><G101/><UN n2="%E3%81%B2%E3%81%AA%E3%81%AE%E3%82%8A%E3%81%8F" /><RYUUKYOKU ba="0,1" sc="256,15,278,-15,223,-15,233,15" hai0="6,8,18,23,25,49,52,56,60,67,71,82,83" hai3="0,2,10,11" /><INIT seed="2,1,1,0,4,20" ten="271,263,208,248" oya="2" hai0="96,72,2,135,65,19,30,37,57,124,85,104,107" hai1="26,109,55,15,5,6,54,11,28,115,3,98,130" hai2="53,40,62,9,89,69,120,97,44,51,79,13,4" hai3="108,127,22,73,129,32,64,45,117,24,43,113,116"/><V14/><F120/><W63/><G108/><T8/><D37/><U122/><E115/><V0/><F79/><W21/><G73/><T61/><D72/><U101/><E109/><V119/><F119/><W29/><G113/><T52/><D135/><U92/><E130/><V10/><F69/><W91/><G129/><T34/><D124/><U128/><E128/><V50/><F62/><W48/><G127/><T71/><D85/><U133/><E133/><V12/><F0/><W80/><G32/><T84/><D84/><U125/><E125/><V106/><F10/><W95/><G80/><T77/><D77/><U47/><E122/><V16/><F4/><W102/><G21/><T67/><D67/><U46/><E5/><V88/><F106/><W118/><G102/><N who="0" m="62535" /><D107/><U112/><E3/><V110/><F110/><W114/><G114/><T27/><D2/><U18/><E112/><V49/><F49/><W90/><REACH who="3" step="1"/><G95/><REACH who="3" ten="271,263,208,238" step="2"/><T78/><D78/><U86/><E92/><N who="2" m="56455" /><F89/><W83/><G83/><T1/><D1/><U33/><E33/><V131/><F131/><W70/><AGARI ba="1,2" hai="22,24,29,43,45,48,63,64,70,90,91,116,117,118" machi="70" ten="30,4000,0" yaku="1,1,0,1,52,1,53,0" doraHai="20" doraHaiUra="94" who="3" fromWho="3" sc="271,-11,263,-11,208,-21,238,63" /><INIT seed="3,0,0,1,1,114" ten="260,252,187,301" oya="3" hai0="52,106,84,89,60,26,101,58,46,123,71,126,38" hai1="47,113,68,133,82,79,7,117,1,21,132,69,22" hai2="93,50,121,4,99,100,3,49,23,66,13,107,32" hai3="18,96,0,105,53,62,81,27,10,12,57,34,16"/><W98/><G105/><T11/><D123/><U83/><E113/><V8/><F121/><W90/><G0/><T56/><D126/><U72/><E83/><V102/><F32/><W122/><G122/><T42/><D71/><U15/><E1/><V91/><F102/><W44/><G44/><T17/><D58/><U40/><E7/><V80/><F66/><W110/><G110/><T73/><D73/><U109/><E109/><V85/><F3/><W30/><G18/><T51/><D106/><U111/><E111/><V131/><F131/><W70/><G70/><T95/><D38/><U19/><E22/><V87/><REACH who="2" step="1"/><F23/><REACH who="2" ten="260,252,177,301" step="2"/><W128/><G128/><T94/><D101/><U116/><E69/><V59/><F59/><W119/><G34/><T108/><D108/><U120/><E68/><V43/><F43/><W35/><G35/><T6/><D26/><U104/><E120/><V28/><F28/><W39/><G30/><T33/><D33/><U124/><E124/><V24/><F24/><W134/><G27/><T36/><D42/><U92/><E104/><V61/><F61/><W97/><G62/><T112/><D60/><U127/><E127/><V54/><F54/><W31/><G53/><T9/><D52/><U118/><E40/><V75/><F75/><W25/><G57/><T55/><D55/><U78/><E47/><V88/><AGARI ba="0,1" hai="4,8,13,49,50,80,85,87,88,91,93,99,100,107" machi="88" ten="20,5200,0" yaku="1,1,0,1,7,1,54,1,53,0" doraHai="114" doraHaiUra="115" who="2" fromWho="2" sc="260,-13,252,-13,177,62,301,-26" /><INIT seed="4,0,0,1,3,55" ten="247,239,239,275" oya="0" hai0="76,38,17,14,19,78,10,109,1,50,90,34,51" hai1="62,66,75,72,116,80,77,42,110,86,61,2,93" hai2="81,58,33,69,92,5,28,123,25,126,124,113,83" hai3="112,44,15,22,8,4,16,40,67,117,23,133,46"/><T132/><D38/><U89/><E110/><V98/><F123/><W118/><G112/><T104/><D34/><U68/><E116/><V49/><F69/><W94/><G133/><T30/><D104/><U9/><E61/><V70/><F70/><W27/><G67/><T41/><D1/><U52/><E42/><V91/><F5/><W57/><G57/><T53/><D30/><U99/><REACH who="1" step="1"/><E52/><REACH who="1" ten="247,229,239,275" step="2"/><N who="2" m="32015" /><F113/><W122/><G118/><T64/><D109/><U107/><E107/><V74/><F74/><W11/><G117/><T32/><D132/><U106/><E106/><V63/><F63/><W88/><G40/><T111/><D111/><U20/><E20/><V60/><F60/><W6/><G23/><T36/><D41/><U134/><E134/><V18/><F18/><W128/><G122/><T71/><D19/><U120/><E120/><V73/><F73/><W103/><G8/><T84/><D53/><U48/><E48/><V119/><F119/><W82/><G11/><T7/><D51/><U115/><E115/><V125/><AGARI ba="0,1" hai="25,28,33,81,83,91,92,98,124,125,126" m="32015" machi="125" ten="30,4000,0" yaku="18,1,52,1,54,1" doraHai="55" who="2" fromWho="2" sc="247,-20,229,-10,239,50,275,-10" /><INIT seed="5,0,0,1,2,111" ten="227,219,289,265" oya="1" hai0="105,38,125,66,28,121,57,17,88,99,32,70,79" hai1="107,58,47,23,102,45,49,116,75,126,124,104,0" hai2="90,21,83,76,25,101,15,42,68,30,1,69,98" hai3="123,120,117,63,46,78,118,16,72,106,127,85,19"/><U54/><E116/><N who="3" m="44650" /><G106/><T113/><D113/><U51/><E75/><V11/><F1/><W14/><G72/><T77/><D38/><U128/><E0/><V80/><F90/><W41/><G127/><N who="1" m="48682" /><E128/><V97/><F42/><W94/><G63/><N who="0" m="40287" /><D125/><U96/><E23/><V89/><F89/><N who="3" m="53551" /><G78/><T134/><D134/><U108/><E108/><V24/><F24/><W115/><G115/><T71/><D71/><U73/><E73/><V129/><F129/><W39/><G19/><T131/><D17/><U9/><E9/><AGARI ba="0,0" hai="9,14,16,39,41,46,120,123" m="53551,44650" machi="9" ten="30,2000,0" yaku="12,1,54,1" doraHai="111" who="3" fromWho="1" sc="227,0,219,-20,289,0,265,20" /><INIT seed="6,0,0,3,1,78" ten="227,199,289,285" oya="2" hai0="25,6,69,100,18,91,128,39,89,86,106,35,113" hai1="124,5,135,107,20,60,26,105,15,88,9,125,61" hai2="10,19,49,3,2,45,53,81,44,11,83,98,77" hai3="27,131,66,111,64,63,84,99,1,70,8,79,134"/><V117/><F117/><W30/><G111/><T101/><D39/><U56/><E135/><V109/><F109/><W80/><G134/><T13/><D69/><U42/><E42/><V71/><F71/><W31/><G131/><T75/><D75/><U46/><E46/><V52/><F19/><W16/><G66/><T32/><D128/><U34/><E34/><V76/><F49/><W130/><G130/><T92/><D106/><U47/><E47/><V94/><F94/><W58/><G99/><AGARI ba="0,0" hai="2,3,10,11,44,45,52,53,76,77,81,83,98,99" machi="99" ten="25,12000,1" yaku="22,2,52,2,54,1" doraHai="78" who="2" fromWho="3" sc="227,0,199,0,289,120,285,-120" owari="227,2.7,199,-20.1,409,50.9,165,-33.5" /></mjloggm>