<mjloggm ver="2.3"><GO type="225" lobby="0"/><UN n0="%63%68%78%62%64" n1="%E3%81%B2%E3%81%AA%E3%81%AE%E3%82%8A%E3%81%8F" n2="%E3%81%99%E3%81%84%E3%81%BE%E3%81%9B%E3%83%BC%E3%82%93" n3="%E3%82%A2%E3%82%A4%E3%82%B9%E3%83%86%E3%82%A3%E3%83%BC%E3%81%82%E3%81%B9" dan="16,17,16,16" rate="2158.97,2160.53,2218.23,2124.22" sx="M,M,M,M"/><TAIKYOKU oya="0"/><INIT seed="0,0,0,4,2,92" ten="250,250,250,250" oya="0" hai0="115,114,65,29,70,51,100,44,88,121,109,54,129" hai1="116,12,58,81,23,8,40,50,99,19,7,55,64" hai2="48,110,75,108,43,2,1,90,101,67,27,61,39" hai3="126,105,62,57,96,32,94,89,91,9,104,103,11"/><T46/><D121/><U84/><E116/><V86/><F39/><W59/><G126/><T36/><D29/><U130/><E130/><V15/><F75/><W37/><G37/><T5/><D5/><U73/><E73/><V13/><F27/><W30/><G57/><T31/><D31/><U112/><E112/><V118/><F101/><W53/><G105/><T76/><D76/><U79/><E64/><V45/><F118/><W102/><G103/><T42/><D100/><U123/><E123/><V85/><F1/><W120/><G120/><T68/><D88/><U71/><E71/><N who="0" m="27177" /><D129/><U60/><E99/><V127/><F2/><W56/><G91/><T80/><D80/><U34/><E34/><V63/><F86/><W28/><G28/><T25/><D25/><U78/><E78/><V33/><F33/><W122/><G122/><T69/><D109/><N who="2" m="42090" /><F127/><W47/><G30/><T38/><D38/><U135/><E135/><V10/><F67/><W0/><G32/><T113/><N who="0" m="27185" /><T4/><DORA hai="77" /><D4/><U131/><E131/><V3/><F3/><W72/><G0/><T24/><D24/><N who="1" m="14463" /><E40/><V87/><F87/><W124/><G72/><T49/><D65/><U66/><E66/><V128/><F128/><W111/><G111/><T83/><D83/><U95/><E95/><N who="2" m="54735" /><F15/><W119/><G104/><T17/><D36/><U16/><E7/><AGARI ba="0,0" hai="7,10,13,43,45,48,61,63" m="54735,42090" machi="7" ten="30,1000,0" yaku="14,1" doraHai="92,77" who="2" fromWho="1" sc="250,0,250,-10,250,10,250,0" /><INIT seed="1,0,0,1,3,44" ten="250,240,260,250" oya="1" hai0="8,14,99,58,86,64,41,62,109,4,110,33,23" hai1="1,95,32,7,26,37,57,119,49,12,54,93,124" hai2="51,135,68,48,118,127,60,22,36,130,104,15,81" hai3="76,89,98,108,106,105,66,30,75,91,5,16,70"/><U35/><E119/><V87/><F118/><W40/><G108/><N who="0" m="41579" /><D33/><U85/><E37/><V79/><F104/><W74/><G40/><T102/><D41/><U73/><E73/><V113/><F36/><W71/><G5/><T116/><D86/><U29/><E124/><V34/><F34/><W11/><G30/><T39/><D39/><U107/><E107/><V21/><F127/><W38/><G38/><T80/><D80/><U94/><E1/><V78/><F135/><W126/><G66/><T120/><D116/><U63/><E35/><V121/><F121/><W129/><G98/><T96/><D120/><U59/><E12/><V43/><F130/><W53/><G76/><T122/><D122/><U6/><REACH who="1" step="1"/><E85/><REACH who="1" ten="250,230,260,250" step="2"/><V101/><F15/><N who="3" m="7295" /><G106/><T133/><D133/><U9/><E9/><V52/><F87/><W56/><G105/><T92/><D99/><U27/><E27/><V128/><F128/><W123/><G126/><T69/><D23/><U61/><E61/><V77/><F60/><W115/><G129/><T28/><D28/><U67/><AGARI ba="0,1" hai="6,7,26,29,32,49,54,57,59,63,67,93,94,95" machi="67" ten="30,6000,0" yaku="1,1,0,1,52,1,53,0" doraHai="44" doraHaiUra="65" who="1" fromWho="1" sc="250,-20,230,70,260,-20,250,-20" /><INIT seed="1,1,0,2,1,28" ten="230,300,240,230" oya="1" hai0="117,133,18,25,108,134,131,130,10,97,4,45,112" hai1="80,88,19,76,125,100,87,116,43,6,105,56,111" hai2="69,2,126,1,60,127,53,15,91,95,26,21,67" hai3="27,78,47,31,37,9,74,59,118,50,98,128,42"/><U20/><E116/><V110/><F110/><W35/><G128/><N who="0" m="49195" /><D117/><U115/><E115/><V83/><F83/><W61/><G118/><T94/><D45/><U89/><E6/><V129/><F15/><W121/><G121/><T38/><D38/><U22/><E43/><V5/><F53/><W41/><G9/><T30/><D112/><U122/><E122/><V63/><F63/><W3/><G3/><N who="0" m="287" /><D94/><U73/><E125/><N who="2" m="47627" /><F5/><W44/><G98/><T99/><D99/><U23/><E111/><V71/><F71/><W54/><G78/><T103/><D103/><U72/><E100/><V65/><F65/><W86/><REACH who="3" step="1"/><G86/><REACH who="3" ten="230,300,240,220" step="2"/><T90/><D97/><U7/><E73/><AGARI ba="1,1" hai="27,31,35,37,41,42,44,47,50,54,59,61,73,74" machi="73" ten="40,8000,1" yaku="1,1,2,1,52,1,53,1" doraHai="28" doraHaiUra="58" who="3" fromWho="1" sc="230,0,300,-83,240,0,220,93" /><INIT seed="2,0,0,1,5,50" ten="230,217,240,313" oya="2" hai0="36,49,127,51,12,117,41,72,1,94,81,74,82" hai1="95,77,89,83,19,68,131,134,88,121,53,118,26" hai2="128,7,61,63,86,78,93,17,40,111,119,91,135" hai3="100,4,113,130,29,6,133,59,22,66,92,2,34"/><V71/><F119/><W56/><G34/><T123/><D123/><U46/><E118/><V115/><F115/><W97/><G133/><T102/><D127/><U64/><E121/><V25/><F135/><W80/><G113/><T126/><D126/><U9/><E134/><V48/><F128/><W32/><G32/><T45/><D117/><U84/><E131/><V31/><F7/><N who="3" m="2603" /><G2/><T129/><D1/><U132/><E132/><V15/><F71/><W33/><G33/><T112/><D112/><U38/><E64/><V20/><F78/><W11/><G11/><T3/><D3/><U87/><E68/><V16/><F111/><W110/><G110/><T18/><D129/><U10/><E77/><V69/><F69/><W8/><G8/><N who="0" m="6407" /><D74/><U120/><E120/><V28/><F17/><W104/><G104/><T79/><D72/><U105/><E105/><V55/><F40/><W114/><G130/><T73/><D73/><U90/><E38/><V47/><F28/><W0/><G0/><T24/><D79/><U103/><E103/><V58/><F47/><W39/><G39/><T67/><D67/><U57/><E46/><V65/><F65/><W108/><G108/><T37/><D37/><U27/><E90/><V122/><F122/><W107/><G66/><T70/><D70/><U60/><E10/><AGARI ba="0,0" hai="10,15,16,20,25,31,48,55,58,61,63,86,91,93" machi="10" ten="30,11600,0" yaku="7,1,8,1,52,1,54,1" doraHai="50" who="2" fromWho="1" sc="230,0,217,-116,240,116,313,0" /><INIT seed="2,1,0,4,1,71" ten="230,101,356,313" oya="2" hai0="18,8,59,36,40,105,45,108,76,30,46,4,25" hai1="12,97,22,5,134,43,50,120,57,92,42,104,1" hai2="48,9,80,73,52,132,67,41,111,16,37,3,113" hai3="107,78,56,83,106,39,116,110,24,17,109,125,19"/><V26/><F113/><W63/><G116/><T112/><D105/><U47/><E134/><V122/><F122/><W117/><G117/><T29/><D112/><U79/><E104/><N who="3" m="39978" /><G24/><T82/><D108/><N who="3" m="41577" /><G39/><T49/><D59/><U7/><E120/><V34/><F111/><W72/><G125/><T121/><D18/><U95/><E79/><V86/><F73/><W31/><G31/><T94/><D94/><U74/><E74/><V69/><F132/><W65/><AGARI ba="1,0" hai="17,19,56,63,65,72,78,83" m="41577,39978" machi="65" ten="30,1100,0" yaku="14,1" doraHai="71" who="3" fromWho="3" sc="230,-4,101,-4,356,-6,313,14" /><INIT seed="3,0,0,1,4,45" ten="226,97,350,327" oya="3" hai0="74,128,96,24,38,47,51,4,120,110,118,73,132" hai1="29,124,72,44,2,11,27,88,111,85,36,117,28" hai2="37,113,60,16,84,54,115,80,48,83,86,68,35" hai3="121,114,116,90,104,81,20,13,18,79,31,39,63"/><W7/><G121/><T108/><D120/><U42/><E111/><N who="0" m="42537" /><D118/><U98/><E124/><V93/><F37/><W133/><G116/><T22/><D38/><U21/><E117/><V64/><F35/><W61/><G114/><T69/><D69/><U43/><E72/><V101/><F16/><N who="3" m="10255" /><G104/><T12/><D132/><U92/><E43/><V94/><F83/><W34/><G34/><T56/><D56/><U123/><E123/><V91/><F94/><W134/><G39/><T30/><D128/><U10/><E2/><V89/><F101/><W65/><G31/><T75/><D96/><U52/><E29/><V9/><F9/><W41/><G41/><N who="0" m="25071" /><D12/><U25/><E25/><V122/><F122/><W57/><G7/><AGARI ba="0,0" hai="4,7,22,24,30,73,74,75" m="25071,42537" machi="7" ten="40,2600,0" yaku="14,1,52,1" doraHai="45" who="0" fromWho="3" sc="226,26,97,0,350,0,327,-26" owari="252,-14.8,97,-40.3,350,45.0,301,10.1" /></mjloggm>