<mjloggm ver="2.3"><GO type="225" lobby="0"/><UN n0="%E6%80%AA%E3%81%97%E3%81%99%E3%81%8E%E3%82%8B%E3%83%81%E3%83%BC" n1="%E3%81%8F%E3%81%BE%E3%81%96%E3%82%8F" n2="%E9%80%9F%E6%B0%B4%E5%87%9B%E9%A6%99" n3="%E5%88%9D%E5%8F%B7%E6%A9%9F%E3%81%A8%E4%BA%8C%E5%8F%B7%E6%A9%9F" dan="16,16,16,17" rate="2148.60,2067.83,2121.37,2182.92" sx="M,M,F,M"/><TAIKYOKU oya="0"/><INIT seed="0,0,0,4,4,18" ten="250,250,250,250" oya="0" hai0="32,52,22,117,124,111,121,16,65,128,55,90,98" hai1="88,78,115,100,126,50,105,104,70,82,101,62,118" hai2="3,120,71,135,130,103,37,112,28,36,27,123,21" hai3="102,89,40,77,122,56,134,125,113,131,7,46,72"/><T29/><D117/><U5/><E118/><V15/><F103/><W73/><G113/><T59/><D121/><N who="2" m="46666" /><F71/><W54/><G122/><T68/><D128/><U53/><E115/><V109/><F37/><W83/><G125/><T25/><D124/><U67/><E126/><V81/><F81/><W133/><G89/><T58/><D111/><U24/><E101/><V75/><F75/><W60/><G7/><T31/><D68/><U86/><E5/><V14/><F36/><W4/><G4/><T1/><D1/><U19/><E78/><V38/><F38/><W95/><G131/><T93/><D65/><U13/><E24/><N who="2" m="16399" /><F112/><W80/><G95/><T42/><D42/><U43/><E43/><V132/><F130/><W45/><G102/><T9/><D9/><U119/><E100/><V127/><F127/><W47/><G40/><T99/><D99/><U84/><E84/><V61/><F61/><W116/><REACH who="3" step="1"/><G116/><REACH who="3" ten="250,250,250,240" step="2"/><T35/><D35/><U63/><E119/><V106/><F106/><W33/><G33/><T2/><D2/><U23/><REACH who="1" step="1"/><E62/><REACH who="1" ten="250,240,250,240" step="2"/><V44/><F3/><W26/><G26/><T85/><D32/><U129/><E129/><V51/><F27/><W6/><G6/><T11/><D98/><U34/><E34/><V92/><F109/><W76/><AGARI ba="0,2" hai="45,46,47,54,56,60,72,73,76,77,80,83,133,134" machi="76" ten="30,4000,0" yaku="1,1,0,1,9,1,53,0" doraHai="18" doraHaiUra="94" who="3" fromWho="3" sc="250,-20,240,-10,250,-10,240,60" /><INIT seed="1,0,0,0,2,33" ten="230,230,240,300" oya="1" hai0="76,57,101,18,30,74,122,8,52,70,124,14,20" hai1="45,37,87,132,22,79,114,69,72,11,44,42,61" hai2="71,90,39,117,66,110,83,94,131,126,2,88,24" hai3="54,77,98,36,95,23,34,65,107,10,123,128,97"/><U17/><E132/><V1/><F39/><W13/><G34/><T55/><D70/><U133/><E114/><V53/><F117/><W3/><G36/><T47/><D124/><U89/><E133/><V84/><F126/><W28/><G77/><T82/><D122/><U27/><E44/><V116/><F116/><W43/><G43/><T105/><D47/><U5/><E69/><V78/><F110/><W16/><G65/><T56/><D105/><U15/><E61/><V19/><F131/><W108/><G128/><T106/><D106/><U119/><E119/><V86/><F78/><W109/><G107/><T118/><D101/><U41/><E41/><V81/><F94/><W113/><G113/><T9/><D118/><U63/><E63/><V68/><F53/><W51/><G95/><T111/><D111/><N who="3" m="42569" /><G123/><T102/><D102/><U96/><E79/><V48/><F48/><W99/><G28/><T112/><D112/><U104/><E72/><V12/><F24/><W64/><G64/><T103/><D103/><U134/><E134/><V80/><F80/><W93/><G3/><T29/><D29/><U92/><REACH who="1" step="1"/><E104/><REACH who="1" ten="230,220,240,300" step="2"/><V100/><F71/><W6/><G93/><T58/><D74/><U0/><E0/><V26/><F68/><W127/><G127/><T75/><D75/><U49/><E49/><V129/><F129/><W31/><G51/><T60/><D76/><U135/><E135/><V125/><F125/><W67/><G67/><T21/><D60/><U35/><E35/><V121/><F66/><W120/><G120/><T115/><D115/><U73/><E73/><RYUUKYOKU ba="0,1" sc="230,-10,220,30,240,-10,300,-10" hai1="5,11,15,17,22,27,37,42,45,87,89,92,96" /><INIT seed="1,1,1,3,4,65" ten="220,250,230,290" oya="1" hai0="76,27,97,22,130,122,48,33,34,93,46,19,40" hai1="15,114,94,0,55,117,42,35,100,125,132,101,28" hai2="85,14,38,103,4,91,129,88,119,16,116,120,90" hai3="73,69,86,6,106,32,133,8,3,81,99,59,51"/><U2/><E114/><V70/><F38/><W83/><G32/><T57/><D130/><U17/><E117/><V31/><F120/><W80/><G73/><T78/><D122/><U21/><E125/><V9/><F129/><W58/><G133/><T110/><D110/><U50/><E132/><V84/><F70/><W128/><G69/><T134/><D134/><U98/><E42/><V24/><F103/><W41/><G106/><T49/><D34/><U25/><REACH who="1" step="1"/><E101/><REACH who="1" ten="220,240,230,290" step="2"/><V87/><REACH who="2" step="1"/><F4/><REACH who="2" ten="220,240,220,290" step="2"/><W107/><G128/><T29/><D40/><U20/><E20/><AGARI ba="1,3" hai="9,14,16,20,24,31,84,85,87,88,90,91,116,119" machi="20" ten="40,8000,1" yaku="1,1,2,1,54,2,53,0" doraHai="65" doraHaiUra="79" who="2" fromWho="1" sc="220,0,240,-83,220,113,290,0" /><INIT seed="2,0,0,5,1,95" ten="220,157,333,290" oya="2" hai0="129,135,12,7,75,1,82,87,130,46,5,8,17" hai1="134,118,44,27,18,127,69,80,119,30,90,97,111" hai2="16,43,96,86,10,70,58,84,107,57,45,41,77" hai3="81,120,131,47,105,9,19,108,40,13,53,66,83"/><V109/><F70/><W93/><G120/><T49/><D135/><U48/><E134/><V124/><F124/><W67/><G105/><T64/><D64/><N who="3" m="24617" /><G131/><N who="0" m="50187" /><D75/><U113/><E69/><V114/><F114/><W20/><G40/><N who="0" m="24775" /><D1/><U92/><E113/><V101/><F109/><W34/><G34/><T99/><D99/><U73/><E127/><V59/><F77/><AGARI ba="0,0" hai="5,7,8,12,17,77,82,87" m="24775,50187" machi="77" ten="30,1000,0" yaku="19,1" doraHai="95" who="0" fromWho="2" sc="220,10,157,0,333,-10,290,0" /><INIT seed="3,0,0,4,4,59" ten="230,157,323,290" oya="3" hai0="110,135,8,41,113,69,88,133,54,129,21,71,124" hai1="126,104,107,118,81,87,108,19,103,94,45,89,92" hai2="51,11,13,14,66,100,105,99,25,56,30,57,112" hai3="64,44,130,16,117,62,43,20,3,34,27,74,7"/><W65/><G117/><T79/><D110/><U9/><E45/><V31/><F112/><W128/><G74/><T123/><D123/><U72/><E19/><V131/><F131/><N who="3" m="50219" /><G34/><T75/><D129/><U1/><E9/><V86/><F86/><W77/><G77/><T78/><D113/><U93/><E1/><V76/><F76/><N who="0" m="29226" /><D75/><U120/><E72/><V70/><F30/><W98/><G98/><T48/><D41/><U53/><E53/><V85/><F85/><W47/><G64/><T52/><D8/><U28/><E28/><V122/><F99/><W134/><G134/><N who="0" m="51211" /><D124/><U26/><E120/><V119/><F66/><W4/><G3/><T132/><N who="0" m="51219" /><T106/><DORA hai="121" /><D106/><N who="1" m="40491" /><E118/><V5/><F119/><W127/><G127/><T116/><D116/><U33/><E126/><V38/><F122/><W91/><G91/><T15/><D88/><N who="1" m="51311" /><E33/><V101/><F11/><W0/><G0/><T32/><D32/><U111/><E89/><V55/><F5/><N who="3" m="2123" /><G43/><T63/><D21/><U67/><E67/><V114/><F114/><W109/><G109/><N who="1" m="42058" /><E103/><V58/><F101/><W49/><G49/><T84/><D48/><U95/><N who="1" m="23552" /><DORA hai="96" /><U10/><E10/><V37/><F100/><W82/><G65/><T102/><D54/><U29/><E29/><V6/><F55/><W50/><G50/><T39/><D52/><U90/><E90/><V97/><F51/><W83/><G47/><T115/><D102/><U46/><E46/><V42/><F105/><W24/><G44/><T125/><D125/><U61/><E61/><V80/><F31/><N who="3" m="17799" /><G62/><T36/><D63/><RYUUKYOKU ba="0,0" sc="230,-15,157,15,323,-15,290,15" hai1="26" hai3="16,27,82,83" /><INIT seed="3,1,0,4,5,119" ten="215,172,308,305" oya="3" hai0="111,124,55,98,90,5,66,25,109,4,53,72,63" hai1="36,35,117,83,71,126,86,74,29,84,103,51,31" hai2="54,56,132,69,79,60,100,9,131,13,101,112,125" hai3="14,97,115,133,46,96,21,39,20,93,50,129,59"/><W106/><G115/><T32/><D72/><U135/><E36/><V88/><F112/><W64/><G39/><T44/><D124/><U1/><E126/><V49/><F132/><W82/><G133/><T61/><D32/><U62/><E135/><V118/><F131/><W12/><G106/><T15/><D25/><U33/><E117/><V7/><F125/><W116/><G116/><T6/><D15/><N who="3" m="5673" /><G82/><T123/><D123/><U28/><E1/><V110/><F79/><W22/><G129/><T48/><D53/><U105/><E51/><V91/><F110/><N who="0" m="41994" /><D66/><U0/><E0/><V8/><F8/><W68/><G68/><T16/><D16/><U104/><E74/><V17/><F7/><W102/><G96/><T2/><D2/><U30/><N who="1" m="7168" /><DORA hai="120" /><U108/><E108/><V127/><F118/><W19/><G59/><T38/><D38/><U121/><E121/><V81/><F69/><W43/><G64/><T18/><D18/><AGARI ba="1,0" hai="18,19,20,21,22,43,46,50,93,97,102" m="5673" machi="18" ten="30,1500,0" yaku="8,1" doraHai="119,120" who="3" fromWho="0" sc="215,-18,172,0,308,0,305,18" owari="197,-20.3,172,-32.8,308,10.8,323,42.3" /></mjloggm>