<mjloggm ver="2.3"><GO type="225" lobby="0"/><UN n0="%E6%9D%B1%E9%A2%A8%E3%81%AE%E3%81%8D%E3%82%83%E3%81%B7%E3%81%95%E3%82%93" n1="%E3%81%95%E3%81%8D%E3%81%9F%E3%81%BE%E6%9E%97%E6%AA%8E" n2="%E4%BF%BA%E3%81%A8%E5%A6%96%E5%A4%A2" n3="%72%69%6F%75%63%68%61%6E" dan="17,16,17,16" rate="2233.72,2056.44,2178.10,2168.92" sx="M,M,F,M"/><TAIKYOKU oya="0"/><INIT seed="0,0,0,4,0,10" ten="250,250,250,250" oya="0" hai0="126,5,107,80,75,106,29,99,22,31,82,7,72" hai1="30,92,117,104,24,64,81,85,33,63,26,118,60" hai2="124,61,50,123,109,93,34,8,134,2,38,11,94" hai3="113,68,48,103,73,23,35,56,100,98,45,36,65"/><T86/><D126/><U59/><E104/><V77/><F123/><W21/><G113/><T46/><D46/><U42/><E42/><V78/><F38/><W1/><G35/><T27/><D99/><U58/><E92/><V14/><F34/><W32/><G32/><T53/><D53/><U41/><E41/><V102/><F124/><W0/><G73/><T51/><D51/><U16/><E26/><V44/><F109/><W67/><G68/><T71/><D71/><U52/><REACH who="1" step="1"/><E16/><REACH who="1" ten="250,240,250,250" step="2"/><N who="2" m="8263" /><F93/><W47/><G36/><T129/><D27/><U18/><E18/><V74/><F134/><W111/><G111/><T127/><D127/><U25/><E25/><V4/><F94/><W121/><G121/><T128/><D22/><U3/><E3/><V101/><F2/><W131/><G0/><T37/><D37/><U54/><E54/><N who="2" m="30023" /><F74/><W112/><G1/><T57/><D86/><U79/><AGARI ba="0,1" hai="24,30,33,52,58,59,60,63,64,79,81,85,117,118" machi="79" ten="20,5200,0" yaku="1,1,0,1,7,1,54,1,53,0" doraHai="10" doraHaiUra="133" who="1" fromWho="1" sc="250,-26,240,62,250,-13,250,-13" /><INIT seed="1,0,0,0,3,22" ten="224,302,237,237" oya="1" hai0="3,14,105,61,104,47,41,120,68,69,37,119,114" hai1="89,106,17,98,67,100,75,102,73,103,81,36,122" hai2="43,2,84,5,24,86,112,99,90,35,108,38,55" hai3="76,9,34,11,91,15,125,107,28,25,4,131,92"/><U56/><E36/><V117/><F117/><W79/><G125/><T60/><D14/><U72/><E56/><V130/><F108/><W1/><G131/><T32/><D119/><U52/><E52/><V88/><F130/><W97/><REACH who="3" step="1"/><G107/><REACH who="3" ten="224,302,237,227" step="2"/><T33/><D120/><U59/><E122/><V126/><F126/><W78/><G78/><T93/><D105/><U118/><E118/><V45/><F112/><W74/><G74/><T31/><D104/><U134/><E75/><V8/><F55/><W0/><G0/><T30/><D3/><U26/><E73/><V96/><F35/><W19/><AGARI ba="0,1" hai="1,4,9,11,15,19,25,28,34,76,79,91,92,97" machi="19" ten="20,8000,1" yaku="1,1,0,1,7,1,52,1,53,1" doraHai="22" doraHaiUra="21" who="3" fromWho="3" sc="224,-20,302,-40,237,-20,227,90" /><INIT seed="2,0,0,4,3,100" ten="204,262,217,317" oya="2" hai0="87,3,45,119,72,28,116,63,58,95,54,109,31" hai1="135,131,41,56,13,21,91,8,51,10,105,128,113" hai2="103,79,53,62,46,34,86,107,132,70,36,68,89" hai3="44,129,57,11,114,24,59,134,16,50,75,88,76"/><V61/><F34/><W85/><G129/><N who="1" m="49738" /><E113/><V84/><F132/><W92/><G134/><T27/><D72/><U77/><E135/><V82/><F36/><W49/><G114/><T4/><D109/><U96/><E77/><V2/><F2/><W124/><G124/><T74/><D74/><U123/><E123/><V26/><F26/><W104/><G104/><T52/><D3/><U42/><E21/><V83/><F46/><W40/><G50/><N who="0" m="28751" /><D4/><U5/><E10/><V67/><F53/><W38/><G38/><T25/><D25/><U69/><E69/><V60/><REACH who="2" step="1"/><F67/><REACH who="2" ten="204,262,207,317" step="2"/><W108/><G108/><T39/><D39/><U81/><E42/><V33/><F33/><W6/><G24/><T30/><D27/><U99/><E41/><V71/><F71/><W29/><G40/><T127/><D127/><U73/><E56/><V1/><F1/><W111/><G111/><T90/><D119/><U18/><E51/><V97/><AGARI ba="0,1" hai="60,61,62,68,70,79,82,83,84,86,89,97,103,107" machi="97" ten="30,6000,0" yaku="1,1,0,1,52,1,53,0" doraHai="100" doraHaiUra="19" who="2" fromWho="2" sc="204,-20,262,-20,207,70,317,-20" /><INIT seed="2,1,0,4,4,16" ten="184,242,277,297" oya="2" hai0="94,128,31,99,4,42,92,132,109,73,69,101,28" hai1="117,81,25,68,123,115,119,55,35,41,89,52,71" hai2="1,114,37,19,106,45,95,21,86,11,63,100,24" hai3="135,130,59,43,90,20,22,10,131,88,51,79,129"/><V121/><F114/><W13/><G135/><T17/><D73/><U48/><E115/><V75/><F121/><W61/><G79/><T58/><D109/><U9/><E41/><V76/><F106/><W122/><G122/><T93/><D69/><U53/><E48/><V46/><F100/><W7/><G51/><T80/><D128/><U14/><E123/><V60/><F46/><W18/><G43/><T50/><D132/><U49/><E49/><V118/><F118/><W5/><G5/><T2/><D2/><U98/><E71/><V38/><F95/><W96/><G96/><T124/><D124/><U82/><E82/><N who="2" m="45343" /><F86/><W133/><G133/><T66/><D4/><U39/><E39/><V78/><F78/><W120/><G120/><T113/><D113/><U26/><E68/><V44/><F44/><W116/><G116/><T3/><D3/><U27/><E35/><V47/><F47/><W84/><G7/><T67/><D80/><U107/><E81/><V85/><F85/><W65/><G90/><T0/><D0/><U8/><E107/><V30/><F37/><W112/><G112/><T34/><D34/><U97/><E119/><V103/><F103/><W127/><G127/><T102/><D42/><U77/><E77/><V108/><F108/><W33/><G33/><T72/><D102/><U29/><E29/><N who="0" m="11337" /><D101/><U64/><E117/><V56/><F1/><W125/><G125/><T83/><D99/><N who="1" m="37899" /><E89/><V36/><F36/><W15/><G15/><T23/><D72/><U104/><E104/><V74/><F74/><W111/><G111/><T54/><D83/><AGARI ba="1,0" hai="10,13,18,20,22,59,61,65,83,84,88,129,130,131" machi="83" ten="40,8000,1" yaku="6,1,19,1,52,2,54,1" doraHai="16" who="3" fromWho="0" sc="184,-83,242,0,277,0,297,83" /><INIT seed="3,0,0,5,3,84" ten="101,242,277,380" oya="3" hai0="13,55,104,109,107,112,24,11,132,14,78,88,19" hai1="86,131,73,93,118,97,80,121,72,21,33,92,6" hai2="76,98,69,103,100,26,90,16,79,134,68,56,28" hai3="63,44,2,130,102,83,77,66,135,70,126,32,119"/><W18/><G119/><T99/><D109/><U0/><E33/><V25/><F134/><W20/><G32/><T129/><D132/><U15/><E0/><V29/><F56/><W75/><G135/><T58/><D112/><U115/><E115/><V47/><F47/><W74/><G2/><T45/><D129/><U120/><E6/><V108/><F108/><W8/><G130/><T105/><D78/><U52/><E131/><V122/><F122/><W64/><G126/><T128/><D45/><U27/><E15/><V54/><F54/><W38/><G66/><T48/><D128/><U23/><E118/><V110/><F110/><W91/><G102/><T106/><N who="0" m="26624" /><DORA hai="89" /><T12/><REACH who="0" step="1"/><D24/><REACH who="0" ten="91,242,277,380" step="2"/><U113/><E27/><V87/><F25/><W4/><G44/><T96/><D96/><U42/><E97/><V53/><F98/><W3/><G77/><T85/><D85/><U101/><E86/><V50/><F76/><W31/><G75/><T1/><D1/><U9/><E73/><V57/><F79/><W114/><G3/><T65/><D65/><U71/><E72/><V133/><F133/><W94/><G64/><T81/><D81/><U40/><E80/><V17/><F26/><W67/><G83/><T127/><D127/><U123/><E113/><V36/><F87/><W60/><G74/><T35/><D35/><U22/><E123/><V39/><F28/><W95/><G31/><T5/><D5/><U37/><E121/><V10/><F29/><W30/><G30/><T49/><D49/><U34/><E120/><V59/><F50/><W62/><G114/><RYUUKYOKU ba="0,1" sc="91,30,242,-10,277,-10,380,-10" hai0="11,12,13,14,19,48,55,58,88,99" owari="121,-37.9,232,-16.8,267,6.7,380,48.0" /></mjloggm>