<mjloggm ver="2.3"><GO type="225" lobby="0"/><UN n0="%E6%A1%9C%E8%8A%B1%E9%96%83%E3%80%85" n1="%E3%81%A1%E3%82%85%E3%81%86%E3%81%A9%E3%81%8F%E8%B1%A1%E3%81%95%E3%82%93" n2="%33%74%72%65%65" n3="%6D%75%75%6D%75%72%61" dan="18,16,17,16" rate="2208.01,2096.58,2138.96,2083.81" sx="M,M,F,F"/><TAIKYOKU oya="0"/><INIT seed="0,0,0,3,2,66" ten="250,250,250,250" oya="0" hai0="23,20,129,44,73,2,31,100,32,42,89,38,55" hai1="76,115,80,56,34,5,0,69,81,36,84,58,57" hai2="134,110,126,40,37,59,17,19,39,65,41,75,118" hai3="105,128,51,52,71,18,121,112,33,63,119,70,97"/><T15/><D2/><U86/><E36/><N who="2" m="13899" /><F19/><W61/><G112/><T125/><D125/><U6/><E34/><V95/><F95/><W14/><G119/><T114/><D114/><U107/><E107/><V120/><F17/><W102/><G33/><T90/><D129/><U72/><E115/><V13/><F13/><W12/><G128/><T79/><D100/><U43/><E43/><N who="2" m="16459" /><F75/><W25/><G121/><T78/><D55/><U1/><E69/><V82/><F82/><W62/><G25/><T7/><D73/><U132/><E132/><V108/><F134/><W87/><G87/><T133/><D89/><U68/><E68/><V3/><F3/><W11/><REACH who="3" step="1"/><G14/><REACH who="3" ten="250,250,250,240" step="2"/><T124/><D32/><U21/><E72/><V127/><F120/><W96/><G96/><T48/><D15/><U53/><E0/><V83/><F118/><W113/><G113/><T50/><D133/><U130/><E1/><V98/><F98/><W49/><G49/><T16/><D48/><U29/><E130/><V8/><F127/><W45/><AGARI ba="0,1" hai="11,12,18,45,51,52,61,62,63,70,71,97,102,105" machi="45" ten="30,8000,1" yaku="1,1,0,1,52,2,54,1,53,0" doraHai="66" doraHaiUra="111" who="3" fromWho="3" sc="250,-40,250,-20,250,-20,240,90" /><INIT seed="1,0,0,3,1,56" ten="210,230,230,330" oya="1" hai0="54,23,76,69,66,63,53,97,100,25,14,116,19" hai1="31,133,110,57,81,128,5,16,9,135,75,120,95" hai2="38,73,85,121,51,58,43,77,87,78,11,108,106" hai3="60,3,24,124,89,10,99,37,93,125,55,47,65"/><U64/><E120/><V74/><F121/><W111/><G111/><T92/><D116/><U30/><E128/><V127/><F106/><W101/><G24/><T4/><REACH who="0" step="1"/><D76/><REACH who="0" ten="200,230,230,330" step="2"/><N who="1" m="44191" /><E110/><V96/><F78/><W131/><G131/><T1/><D1/><U126/><E126/><V112/><F77/><W104/><G125/><T40/><D40/><U68/><E68/><V129/><F43/><W42/><G124/><T98/><D98/><U84/><E135/><V44/><F96/><W72/><G3/><T88/><D88/><U117/><E133/><V82/><F108/><W62/><G89/><T71/><D71/><U123/><E123/><V107/><F129/><W90/><G90/><T50/><D50/><U32/><E117/><V20/><F51/><W70/><G99/><T91/><D91/><U33/><E33/><V35/><F35/><W18/><G101/><T119/><D119/><U105/><E32/><V94/><F127/><W86/><G70/><T114/><D114/><U103/><E103/><V6/><F112/><W67/><G37/><T17/><D17/><U29/><E16/><V122/><F38/><W48/><G18/><T45/><D45/><U49/><E49/><V41/><F44/><W130/><G47/><T22/><D22/><U7/><E9/><AGARI ba="0,1" hai="4,9,14,19,23,25,53,54,63,66,69,92,97,100" machi="9" ten="40,2600,0" yaku="1,1,52,1,53,0" doraHai="56" doraHaiUra="109" who="0" fromWho="1" sc="200,36,230,-26,230,0,330,0" /><INIT seed="2,0,0,1,0,88" ten="236,204,230,330" oya="2" hai0="83,28,10,81,69,132,94,11,125,15,117,9,18" hai1="135,128,111,59,14,79,48,115,106,67,27,97,35" hai2="36,25,96,58,104,12,45,56,39,32,80,123,110" hai3="38,85,47,1,5,65,98,50,72,57,99,19,70"/><V33/><F123/><W133/><G72/><T54/><D69/><U55/><E115/><V16/><F110/><W29/><G133/><T49/><D132/><U37/><E135/><V4/><F4/><W116/><G116/><T73/><D117/><U61/><E111/><V30/><F33/><W62/><G29/><T129/><D129/><U40/><E128/><V119/><F119/><W107/><G85/><T89/><D125/><U121/><E121/><V6/><F6/><W127/><G127/><T120/><D28/><U42/><E79/><V46/><F80/><N who="0" m="30794" /><D73/><U109/><E14/><V130/><F130/><W31/><G31/><T68/><D68/><U44/><E40/><V60/><F36/><W93/><G19/><T13/><D13/><U118/><E118/><V112/><F112/><W17/><G17/><T100/><D100/><U66/><E109/><V105/><F39/><W91/><G38/><T134/><D134/><U114/><E114/><V64/><F58/><W87/><G70/><T26/><D26/><U8/><E8/><V7/><F7/><W21/><G107/><T124/><D124/><U90/><E27/><V74/><F74/><W77/><G77/><T76/><D76/><U22/><E35/><V108/><F108/><W84/><G21/><N who="0" m="11487" /><D120/><U20/><E67/><V34/><F34/><W2/><G2/><T24/><D24/><U23/><E106/><V3/><F3/><W53/><G1/><T102/><D102/><U43/><E37/><V92/><F105/><W131/><G131/><T52/><D49/><U41/><E41/><V103/><F104/><RYUUKYOKU ba="0,0" sc="236,10,204,10,230,10,330,-30" hai0="9,10,11,52,54,89,94" hai1="20,22,23,42,43,44,48,55,59,61,66,90,97" hai2="12,16,25,30,32,45,46,56,60,64,92,96,103" /><INIT seed="2,1,0,0,3,75" ten="246,214,240,300" oya="2" hai0="67,116,124,5,49,39,38,63,131,32,64,11,70" hai1="0,120,117,20,59,48,108,94,97,90,95,85,1" hai2="19,110,82,60,104,129,115,17,23,91,96,101,122" hai3="13,45,135,25,102,9,47,34,121,65,119,57,109"/><V56/><F115/><W15/><G121/><T126/><D32/><U40/><E117/><V3/><F122/><W50/><G119/><T53/><D116/><U112/><E120/><V103/><F129/><W71/><G109/><T92/><D92/><U133/><E112/><V28/><F110/><W16/><G71/><T62/><D11/><U10/><E108/><V84/><F3/><W79/><G135/><T8/><D8/><U83/><E133/><V55/><REACH who="2" step="1"/><F103/><REACH who="2" ten="246,214,230,300" step="2"/><W118/><G102/><T93/><D131/><U22/><E0/><V125/><F125/><W130/><G118/><T132/><D132/><U98/><E1/><V31/><F31/><W29/><G130/><T128/><D128/><U37/><E37/><V86/><F86/><W99/><G29/><T46/><D5/><U58/><E85/><V77/><F77/><W127/><G79/><T78/><D78/><U88/><E97/><V54/><F54/><W76/><G76/><T33/><D38/><U2/><E98/><V89/><F89/><W69/><G99/><T107/><D39/><U26/><E90/><V52/><F52/><W68/><G127/><T73/><D126/><U4/><E88/><V74/><F74/><W66/><G16/><T14/><D73/><U106/><E2/><V61/><F61/><W134/><G134/><T27/><D124/><U44/><E4/><V6/><F6/><W72/><G72/><T43/><D63/><U41/><E40/><V105/><F105/><W30/><G30/><T123/><D43/><U81/><E41/><V18/><F18/><W36/><G36/><RYUUKYOKU ba="1,1" sc="246,-10,214,-10,230,30,300,-10" hai2="17,19,23,28,55,56,60,82,84,91,96,101,104" /><INIT seed="2,2,1,1,5,135" ten="236,204,260,290" oya="2" hai0="49,25,105,115,110,18,128,52,37,125,117,8,134" hai1="67,29,42,63,90,97,114,102,122,74,66,4,70" hai2="71,89,91,27,58,96,124,69,5,68,2,132,59" hai3="53,80,101,119,7,39,43,99,47,14,0,21,54"/><V22/><F132/><W129/><G119/><T79/><D134/><U113/><E122/><V85/><F124/><W130/><G0/><T26/><D115/><U92/><E74/><V65/><F96/><W98/><G80/><T62/><D37/><U41/><E66/><V48/><F65/><W30/><G30/><T103/><D110/><U40/><E4/><V64/><F64/><W94/><G98/><T104/><D128/><N who="3" m="49257" /><G21/><T33/><D33/><U17/><E29/><V6/><F2/><W77/><G77/><T24/><D79/><U121/><E121/><V133/><F133/><W57/><G57/><T88/><D125/><U127/><E127/><V23/><F59/><W16/><G16/><T82/><D18/><U73/><E73/><V87/><F23/><W36/><G39/><T106/><D8/><AGARI ba="2,1" hai="7,8,14,36,43,47,53,54,94,99,101" m="49257" machi="8" ten="30,1000,0" yaku="19,1" doraHai="135" who="3" fromWho="0" sc="236,-16,204,0,260,0,290,26" /><INIT seed="3,0,0,3,5,97" ten="220,204,260,316" oya="3" hai0="131,52,71,96,126,75,5,17,61,70,21,18,58" hai1="34,128,27,47,76,129,14,65,74,113,43,1,19" hai2="104,53,16,42,45,2,37,29,3,68,125,56,102" hai3="80,114,51,59,106,66,11,120,23,73,91,121,88"/><W77/><G114/><T20/><D75/><U83/><E113/><V130/><F68/><W12/><G106/><T38/><D38/><U24/><E1/><V36/><F29/><W32/><G32/><T13/><D126/><U135/><E65/><V99/><F130/><W92/><G23/><T22/><D131/><N who="1" m="50251" /><E34/><V98/><F37/><W28/><G28/><T118/><D118/><U57/><E57/><V124/><F98/><W10/><G10/><N who="0" m="4303" /><D70/><U7/><E7/><V63/><F124/><W69/><G69/><T112/><D71/><U48/><E135/><V90/><F125/><W50/><G91/><T110/><D110/><U94/><E94/><V89/><F89/><W107/><G107/><T62/><D112/><U87/><E74/><V108/><F90/><W4/><G66/><T117/><D117/><U86/><E86/><V111/><F111/><W127/><G127/><T81/><D81/><U122/><E122/><V39/><F39/><W40/><G59/><N who="0" m="35047" /><D96/><U133/><E133/><V54/><F108/><W64/><G64/><AGARI ba="0,0" hai="17,18,20,21,22,58,62,64" m="35047,4303" machi="64" ten="30,2000,0" yaku="8,1,54,1" doraHai="97" who="0" fromWho="3" sc="220,20,204,0,260,0,316,-20" /><INIT seed="4,0,0,2,0,4" ten="240,204,260,296" oya="0" hai0="2,5,33,63,121,38,13,102,118,19,124,28,83" hai1="55,125,116,52,25,99,119,18,108,72,105,17,80" hai2="27,35,42,132,89,11,74,40,32,127,23,95,62" hai3="92,79,37,51,21,104,76,54,61,57,31,122,47"/><T29/><D118/><U68/><E108/><V50/><F74/><W135/><G104/><T106/><D121/><U8/><E68/><V73/><F73/><W93/><G37/><T43/><D124/><U123/><E123/><V49/><F35/><W16/><G31/><T7/><D7/><U36/><E36/><V67/><F32/><W15/><G135/><T87/><D63/><U120/><E120/><V0/><F132/><W82/><G122/><T134/><D134/><U133/><E133/><V53/><F11/><W128/><G128/><T65/><D65/><U6/><E125/><V64/><F0/><W91/><G82/><T100/><D5/><U69/><E69/><V56/><F64/><N who="3" m="38959" /><G93/><T9/><D2/><U48/><E55/><V34/><F34/><W59/><G59/><T66/><D66/><U24/><E80/><V30/><F127/><W103/><G103/><T90/><D106/><U126/><E72/><V130/><F130/><W112/><G112/><T71/><D71/><U1/><E126/><V78/><F78/><W109/><G109/><T107/><D107/><U101/><E24/><V12/><F12/><W60/><G60/><T96/><D96/><AGARI ba="0,0" hai="15,16,21,47,51,54,76,79,91,92,96" m="38959" machi="96" ten="30,2000,0" yaku="8,1,54,1" doraHai="4" who="3" fromWho="0" sc="240,-20,204,0,260,0,296,20" owari="220,-18.0,204,-29.6,260,6.0,316,41.6" /></mjloggm>