<mjloggm ver="2.3"><GO type="225" lobby="0"/><UN n0="%E3%83%B4%E3%82%A3%E3%83%AF%E3%82%B3%E3%82%B0%E3%83%8B" n1="%72%65%6E%6B%75%6E" n2="%E3%81%95%E3%81%8D%E3%81%9F%E3%81%BE%E6%9E%97%E6%AA%8E" n3="%E3%81%B2%E3%81%AA%E3%81%AE%E3%82%8A%E3%81%8F" dan="16,17,16,17" rate="2168.35,2255.45,2076.76,2166.30" sx="M,M,M,M"/><TAIKYOKU oya="0"/><INIT seed="0,0,0,0,3,133" ten="250,250,250,250" oya="0" hai0="119,48,39,83,0,106,12,71,22,61,116,50,9" hai1="28,110,7,51,132,108,25,104,67,63,6,53,15" hai2="20,64,124,75,35,97,31,122,55,34,30,131,78" hai3="84,62,60,66,98,121,70,79,33,93,94,129,96"/><T56/><D106/><U127/><E104/><V120/><F124/><W100/><G33/><T109/><D39/><U76/><E76/><V113/><F113/><W58/><G129/><T29/><D0/><U114/><E132/><V57/><F131/><W38/><G38/><T88/><D71/><N who="1" m="42495" /><E15/><V85/><F75/><W99/><G121/><T24/><D116/><U95/><E95/><V77/><F97/><W16/><G100/><T27/><D27/><U86/><E86/><V69/><F85/><W4/><G4/><T92/><D83/><U112/><E127/><V37/><F37/><W81/><REACH who="3" step="1"/><G16/><REACH who="3" ten="250,250,250,240" step="2"/><N who="0" m="8207" /><D119/><U128/><E7/><V19/><F35/><W125/><G125/><T45/><D109/><N who="1" m="42091" /><E6/><V2/><F122/><W46/><G46/><T54/><D45/><N who="1" m="27887" /><E128/><V17/><F120/><W43/><G43/><T74/><D74/><U102/><E102/><V65/><F34/><AGARI ba="0,1" hai="25,28,34,112,114" m="27887,42091,42495" machi="34" ten="30,1000,0" yaku="14,1" doraHai="133" who="1" fromWho="2" sc="250,0,250,20,250,-10,240,0" /><INIT seed="1,0,0,2,5,89" ten="250,270,240,240" oya="1" hai0="120,93,118,4,59,27,105,38,133,21,100,33,22" hai1="112,63,119,114,92,64,108,65,52,62,41,54,80" hai2="56,123,44,71,126,132,115,134,73,43,45,34,47" hai3="51,109,96,79,7,29,61,28,124,35,60,15,86"/><U16/><E119/><V66/><F34/><W70/><G109/><T53/><D118/><U103/><E108/><V68/><F73/><W8/><G124/><T0/><D105/><U81/><E41/><V72/><F72/><W55/><G70/><N who="2" m="26665" /><F123/><W117/><G117/><T125/><D38/><U11/><E11/><V122/><F122/><W129/><G129/><T14/><D125/><U1/><E103/><V130/><F126/><W58/><G35/><T95/><D100/><U97/><E97/><V101/><F101/><W87/><G96/><T6/><D133/><N who="2" m="51306" /><F130/><W75/><G75/><T67/><D67/><U48/><E48/><N who="2" m="26655" /><F115/><W135/><G135/><T12/><D33/><U57/><E1/><V37/><F37/><W20/><G79/><T3/><D120/><U18/><E57/><V42/><F42/><W74/><G74/><T88/><D0/><U40/><E40/><V99/><F99/><W5/><G5/><N who="0" m="2155" /><D3/><U121/><E121/><V2/><F2/><W110/><G110/><T17/><D22/><U107/><E107/><V90/><F90/><W36/><G36/><T10/><D88/><U116/><E116/><V104/><F104/><W23/><G23/><T98/><D98/><U30/><E30/><N who="3" m="11882" /><G20/><T82/><D10/><U127/><E127/><V128/><F128/><W24/><G24/><T91/><D27/><U102/><E102/><V113/><F113/><W19/><G7/><T83/><D12/><U111/><E111/><V84/><F84/><AGARI ba="0,0" hai="8,15,19,51,55,58,60,61,84,86,87" m="11882" machi="84" ten="30,1000,0" yaku="8,1" doraHai="89" who="3" fromWho="2" sc="250,0,270,0,240,-10,240,10" /><INIT seed="2,0,0,1,2,4" ten="250,270,230,250" oya="2" hai0="67,123,55,51,115,21,0,25,76,128,134,54,66" hai1="111,56,23,97,90,36,14,133,80,88,62,132,86" hai2="82,46,43,101,109,63,60,121,94,59,87,50,107" hai3="22,70,11,2,15,100,105,69,3,37,98,53,16"/><V135/><F121/><W79/><G37/><T131/><D123/><U117/><E36/><V1/><F1/><W17/><G79/><T113/><D0/><U129/><E117/><V126/><F126/><W29/><G29/><T26/><D76/><N who="1" m="46343" /><E111/><V49/><F135/><N who="1" m="51785" /><E129/><N who="0" m="49737" /><D134/><U99/><E14/><V68/><F68/><W72/><G72/><T7/><D7/><U30/><E23/><V10/><F107/><W13/><G3/><T28/><D25/><U40/><E40/><V65/><F109/><W127/><G127/><T52/><D51/><U122/><E30/><V84/><F50/><W74/><G74/><T20/><D21/><U92/><E122/><V12/><F63/><W118/><G2/><T116/><D116/><U114/><E114/><AGARI ba="0,0" hai="20,26,28,52,54,55,66,67,113,114,115" m="49737" machi="114" ten="40,2600,0" yaku="19,1,54,1" doraHai="4" who="0" fromWho="1" sc="250,26,270,-26,230,0,250,0" /><INIT seed="3,0,0,3,1,122" ten="276,244,230,250" oya="3" hai0="18,134,91,37,109,117,50,22,88,101,51,69,130" hai1="9,110,106,43,111,86,57,16,83,35,52,7,5" hai2="27,40,67,113,127,28,78,85,44,75,58,125,112" hai3="42,23,126,53,104,120,13,8,12,14,63,103,64"/><W47/><G120/><T76/><D117/><U10/><E35/><V25/><F75/><W31/><G126/><N who="2" m="48137" /><F78/><W56/><G104/><T128/><D37/><U135/><E106/><V34/><F85/><W2/><G103/><T79/><D69/><U105/><E105/><V108/><F27/><W114/><G114/><T45/><D101/><U59/><E43/><V4/><F4/><N who="1" m="1609" /><E135/><V62/><F108/><N who="1" m="41513" /><E16/><V1/><F1/><W46/><G2/><T55/><D109/><U129/><E129/><V92/><F92/><W87/><G8/><N who="1" m="3178" /><E52/><V3/><F3/><W17/><G31/><T70/><D134/><U29/><E29/><V36/><AGARI ba="0,0" hai="25,28,34,36,40,44,58,62,67,112,113" m="48137" machi="36" ten="30,1100,0" yaku="18,1" doraHai="122" who="2" fromWho="2" sc="276,-3,244,-3,230,11,250,-5" /><INIT seed="4,0,0,5,0,15" ten="273,241,241,245" oya="0" hai0="36,53,124,119,135,131,32,85,96,44,134,94,98" hai1="123,6,122,92,104,35,4,84,101,76,13,112,121" hai2="72,110,12,69,106,33,109,0,67,77,62,46,42" hai3="26,118,97,71,20,39,86,56,30,88,17,82,108"/><T117/><D32/><U125/><E35/><V91/><F91/><W28/><G71/><T127/><D131/><U45/><E125/><N who="0" m="48201" /><D85/><U61/><E104/><V18/><F0/><W87/><G108/><T89/><D96/><U79/><E61/><V2/><F2/><W25/><G39/><T113/><D113/><U1/><E1/><V52/><F106/><W58/><G97/><T102/><D102/><U100/><E45/><V68/><F68/><W55/><G118/><T130/><D130/><U90/><E13/><V103/><F103/><N who="1" m="39497" /><E4/><V93/><F93/><W95/><G30/><T49/><D36/><U120/><N who="1" m="30720" /><DORA hai="75" /><U132/><E6/><V29/><F29/><W24/><G28/><T27/><D27/><N who="3" m="10313" /><G55/><T19/><D19/><U99/><E112/><V63/><F33/><W133/><G133/><AGARI ba="0,0" hai="44,49,53,89,94,98,117,119,133,134,135" m="48201" machi="133" ten="30,2900,0" yaku="20,1,18,1" doraHai="15,75" who="0" fromWho="3" sc="273,29,241,0,241,0,245,-29" owari="302,40.2,241,4.1,241,-15.9,216,-28.4" /></mjloggm>