<mjloggm ver="2.3"><GO type="225" lobby="0"/><UN n0="%E7%99%BD%E9%9B%AA%E4%B9%83%E6%84%9B" n1="%E3%81%B2%E3%81%AA%E3%81%AE%E3%82%8A%E3%81%8F" n2="%E5%8F%AF%E5%85%90%E9%82%A3%E7%94%B1%E5%A4%9A" n3="%6D%75%75%6D%75%72%61" dan="16,17,17,17" rate="2106.49,2152.16,2240.07,2223.69" sx="F,M,F,F"/><TAIKYOKU oya="0"/><INIT seed="0,0,0,4,0,31" ten="250,250,250,250" oya="0" hai0="125,36,134,128,33,93,32,14,20,131,5,106,38" hai1="112,30,17,42,121,37,41,130,124,100,82,97,105" hai2="0,15,70,49,58,27,68,115,28,101,61,83,13" hai3="63,12,56,120,26,117,80,74,92,62,114,65,69"/><T40/><D106/><U118/><E118/><V71/><F115/><W60/><G114/><T73/><D73/><U11/><E121/><V96/><F0/><W119/><G120/><T99/><D134/><U48/><E37/><V53/><F83/><W54/><G62/><T87/><D125/><U94/><E130/><N who="0" m="49705" /><D87/><U18/><E105/><V22/><REACH who="2" step="1"/><F61/><REACH who="2" ten="250,250,240,250" step="2"/><W85/><G117/><T95/><D95/><AGARI ba="0,1" hai="13,15,22,27,28,49,53,58,68,70,71,95,96,101" machi="95" ten="40,5200,0" yaku="1,1,2,1,53,1" doraHai="31" doraHaiUra="23" who="2" fromWho="0" sc="250,-52,250,0,240,62,250,0" /><INIT seed="1,0,0,0,2,37" ten="198,250,302,250" oya="1" hai0="15,97,120,81,102,51,129,121,27,6,21,131,105" hai1="95,41,66,16,84,47,8,5,34,7,125,26,60" hai2="14,43,67,92,58,101,107,128,42,93,111,130,1" hai3="85,56,0,12,76,122,115,54,52,118,72,83,90"/><U11/><E125/><V98/><F1/><W59/><G122/><N who="0" m="47211" /><D15/><U91/><E34/><V117/><F117/><W24/><G0/><T23/><D6/><U46/><E46/><V96/><F111/><W45/><G118/><T57/><D57/><N who="3" m="22089" /><G72/><T69/><D69/><U25/><E60/><N who="2" m="38295" /><F14/><W4/><G115/><T65/><D65/><U112/><E66/><V61/><F61/><W119/><G119/><T28/><D23/><N who="1" m="13543" /><E112/><V70/><F70/><W109/><G109/><T18/><D28/><U22/><E7/><V124/><F124/><W38/><G38/><T53/><D53/><N who="3" m="20585" /><G24/><T88/><D51/><N who="1" m="27119" /><E5/><V63/><F63/><W9/><G45/><T106/><D106/><U79/><E79/><AGARI ba="0,0" hai="4,9,12,76,79,83,85,90" m="20585,22089" machi="79" ten="30,2000,0" yaku="8,1,54,1" doraHai="37" who="3" fromWho="1" sc="198,0,250,-20,302,0,250,20" /><INIT seed="2,0,0,1,0,117" ten="198,230,302,270" oya="2" hai0="88,106,56,68,73,25,33,10,59,64,70,19,29" hai1="81,77,100,46,50,3,107,87,102,60,40,131,38" hai2="69,126,15,66,32,42,35,11,105,130,67,6,98" hai3="114,76,4,27,18,31,128,94,21,1,79,7,93"/><V71/><F42/><W14/><G128/><T54/><D73/><U34/><E131/><V39/><F39/><W118/><G118/><T127/><D127/><U61/><E34/><V84/><F130/><W78/><G114/><T99/><D64/><U121/><E38/><V44/><F126/><W129/><G129/><T16/><D59/><U22/><E3/><V132/><F44/><W89/><G1/><T37/><D37/><U2/><E2/><V134/><F84/><W26/><G26/><T83/><D106/><U111/><E111/><V122/><F122/><W80/><G80/><T47/><D47/><U82/><E82/><V101/><F67/><W74/><G74/><T8/><D8/><U135/><E135/><N who="2" m="51755" /><F66/><W58/><G58/><T62/><D10/><U53/><E121/><V119/><F119/><W45/><G45/><T86/><REACH who="0" step="1"/><D99/><REACH who="0" ten="188,230,302,270" step="2"/><U41/><E107/><V104/><F105/><W28/><G4/><T63/><D63/><U110/><E110/><V133/><F133/><W90/><G7/><T123/><D123/><U5/><E5/><V36/><F36/><W51/><G51/><T20/><D20/><U30/><E61/><V120/><F120/><W92/><REACH who="3" step="1"/><G31/><REACH who="3" ten="188,230,302,260" step="2"/><T113/><D113/><U124/><E124/><V112/><F112/><W48/><G48/><T103/><D103/><N who="1" m="39467" /><E60/><V52/><F104/><W57/><G57/><T116/><D116/><U95/><E30/><V115/><F115/><W17/><G17/><AGARI ba="0,2" hai="16,17,19,25,29,33,54,56,62,68,70,83,86,88" machi="17" ten="40,8000,1" yaku="1,1,54,2,53,2" doraHai="117" doraHaiUra="65" who="0" fromWho="3" sc="188,100,230,0,302,0,260,-80" /><INIT seed="3,0,0,5,2,77" ten="288,230,302,180" oya="3" hai0="13,114,42,14,116,80,124,87,113,89,38,5,92" hai1="35,22,135,60,47,71,109,21,52,63,98,12,93" hai2="49,129,110,86,131,3,64,88,34,7,16,132,117" hai3="107,101,56,67,44,51,57,125,9,10,128,37,27"/><W68/><G128/><N who="2" m="49225" /><F110/><W120/><G120/><T8/><D116/><U6/><E35/><V46/><F132/><W111/><G111/><T0/><D124/><U32/><E32/><V94/><F34/><W53/><G125/><T91/><D42/><U97/><E109/><V127/><F127/><W17/><G68/><T62/><D62/><N who="1" m="23595" /><E71/><V25/><F64/><W24/><G67/><T4/><D38/><U43/><E98/><V96/><F117/><W133/><G133/><T15/><REACH who="0" step="1"/><D5/><REACH who="0" ten="278,230,302,180" step="2"/><U73/><E43/><N who="2" m="24799" /><F7/><W20/><G37/><T30/><D30/><U75/><E6/><V84/><F3/><W104/><G104/><T74/><D74/><U50/><E75/><V2/><F2/><W41/><G41/><T108/><D108/><U112/><E73/><V83/><F83/><W72/><G72/><T39/><D39/><U18/><E112/><V69/><F69/><W106/><G106/><T23/><D23/><AGARI ba="0,1" hai="16,23,25,84,86,88,94,96" m="24799,49225" machi="23" ten="30,3900,0" yaku="19,1,54,2" doraHai="77" who="2" fromWho="0" sc="278,-39,230,0,302,49,180,0" owari="239,3.9,230,-17.0,351,45.1,180,-32.0" /></mjloggm>