<mjloggm ver="2.3"><GO type="225" lobby="0"/><UN n0="%E5%B8%86%E7%AB%8B%E5%A4%8F%E8%A1%A3" n1="%33%74%72%65%65" n2="%E6%B4%BE%E9%81%A3%E3%81%AE%E3%82%B8%E3%83%A3%E3%83%83%E3%82%AF" n3="%61%67%65%48%61" dan="16,16,17,16" rate="2184.31,2153.96,2229.25,2104.45" sx="M,F,M,M"/><TAIKYOKU oya="0"/><INIT seed="0,0,0,1,2,78" ten="250,250,250,250" oya="0" hai0="22,41,61,113,0,119,130,77,14,124,123,94,96" hai1="53,99,26,108,47,132,49,102,34,16,63,104,71" hai2="44,114,2,66,46,12,134,116,25,20,55,31,86" hai3="87,6,65,36,98,101,1,43,121,69,95,4,45"/><T81/><D113/><U125/><E108/><V32/><F114/><W8/><G121/><T11/><D119/><U120/><E120/><V39/><F116/><W112/><G112/><T67/><D123/><U52/><E132/><V29/><F2/><W106/><G6/><T90/><D130/><U83/><E125/><V103/><F103/><W38/><G65/><T28/><D0/><U79/><E34/><V13/><F66/><W135/><G135/><T126/><D41/><U15/><E26/><V57/><F134/><W110/><G110/><T24/><D14/><U18/><E15/><V40/><F44/><W118/><G118/><T54/><D11/><U37/><E37/><V56/><F56/><W51/><G69/><T9/><D9/><U129/><E129/><V107/><F107/><W59/><G59/><T105/><D105/><U109/><E109/><V111/><F111/><W62/><G62/><T133/><D54/><U84/><REACH who="1" step="1"/><E52/><REACH who="1" ten="250,240,250,250" step="2"/><V23/><F32/><W75/><G75/><T50/><D133/><U127/><E127/><V48/><F29/><W70/><G38/><T93/><D50/><U115/><E115/><V68/><F23/><W30/><G51/><T88/><D61/><U91/><E91/><V89/><REACH who="2" step="1"/><F68/><REACH who="2" ten="250,240,240,250" step="2"/><W73/><G70/><T76/><D67/><AGARI ba="0,2" hai="16,18,47,49,53,63,67,71,79,83,84,99,102,104" machi="67" ten="40,8000,1" yaku="1,1,52,1,54,1,53,1" doraHai="78" doraHaiUra="64" who="1" fromWho="0" sc="250,-80,240,100,240,0,250,0" /><INIT seed="1,0,0,0,1,69" ten="170,340,240,250" oya="1" hai0="126,8,133,128,92,131,63,56,32,108,16,66,80" hai1="2,21,91,34,10,115,132,120,23,15,114,31,26" hai2="57,127,46,124,0,102,83,3,27,90,101,99,130" hai3="86,51,53,77,123,44,25,81,36,4,62,107,58"/><U84/><E120/><V105/><F130/><N who="0" m="49706" /><D32/><U135/><E2/><V52/><F27/><W12/><G123/><T30/><D30/><U49/><E49/><N who="2" m="30863" /><F101/><W71/><G107/><T35/><D35/><U50/><E50/><V20/><F20/><N who="1" m="7753" /><E91/><V78/><F90/><W121/><G25/><T111/><D126/><N who="2" m="48170" /><F46/><W98/><G121/><T9/><D133/><N who="1" m="51275" /><E84/><AGARI ba="0,0" hai="0,3,78,83,84,99,102,105" m="48170,30863" machi="84" ten="30,2000,0" yaku="18,1,54,1" doraHai="69" who="2" fromWho="1" sc="170,0,340,-20,240,20,250,0" /><INIT seed="2,0,0,0,5,127" ten="170,320,260,250" oya="2" hai0="95,63,103,7,112,129,109,79,118,131,62,107,8" hai1="49,98,54,115,116,14,53,51,21,36,44,90,10" hai2="18,72,111,11,125,0,22,57,100,96,43,38,47" hai3="119,67,40,30,70,89,52,20,110,33,24,88,65"/><V60/><F125/><W82/><G119/><T99/><D112/><U6/><E115/><V104/><F111/><W87/><G110/><T35/><D109/><U2/><E116/><V108/><F108/><W73/><G40/><T69/><D118/><U126/><E126/><V128/><F72/><W34/><G73/><T91/><D79/><U68/><E68/><V75/><F75/><W123/><G123/><T3/><D35/><U15/><E36/><V5/><F128/><N who="0" m="49226" /><D69/><U37/><E37/><V102/><F102/><W32/><G70/><T4/><D4/><U101/><E90/><V25/><F60/><W132/><G132/><T48/><D48/><U61/><E61/><V122/><F57/><W27/><G27/><T105/><D105/><U134/><E134/><V77/><F77/><W74/><G74/><T64/><D64/><U13/><E51/><V120/><AGARI ba="0,0" hai="0,5,11,18,22,25,38,43,47,96,100,104,120,122" machi="120" ten="30,1500,0" yaku="0,1" doraHai="127" who="2" fromWho="2" sc="170,-5,320,-5,260,15,250,-5" /><INIT seed="2,1,0,4,0,10" ten="165,315,275,245" oya="2" hai0="13,123,9,57,79,130,51,37,35,101,63,94,16" hai1="128,39,108,45,124,90,41,49,69,107,61,15,29" hai2="68,113,28,86,91,114,122,27,96,134,127,42,135" hai3="20,6,112,53,4,33,85,36,64,109,46,7,103"/><V38/><F122/><W75/><G75/><T59/><D130/><U66/><E108/><V65/><F127/><W48/><G33/><T1/><D123/><U78/><E124/><V32/><F96/><W50/><G109/><T116/><D116/><U131/><E107/><V110/><F110/><W23/><G112/><T24/><D37/><U118/><E118/><V5/><F5/><W125/><G125/><T100/><D1/><U31/><E78/><V105/><F105/><W133/><G133/><N who="2" m="50697" /><F65/><W73/><G73/><T25/><D79/><U60/><E128/><V77/><F68/><W92/><G36/><T30/><D25/><U71/><E71/><V22/><F32/><W117/><G117/><T58/><D51/><U99/><E131/><V129/><F77/><W2/><G2/><T119/><D119/><U11/><E49/><V80/><F129/><W111/><G111/><T89/><REACH who="0" step="1"/><D63/><REACH who="0" ten="155,315,275,245" step="2"/><U104/><E61/><V14/><F38/><W84/><G48/><T98/><AGARI ba="1,1" hai="9,13,16,24,30,35,57,58,59,89,94,98,100,101" machi="98" ten="30,8000,1" yaku="1,1,2,1,0,1,52,1,54,1,53,0" doraHai="10" doraHaiUra="76" who="0" fromWho="0" sc="155,93,315,-21,275,-41,245,-21" /><INIT seed="3,0,0,2,1,86" ten="248,294,234,224" oya="3" hai0="83,100,11,89,40,3,70,106,52,134,36,81,65" hai1="93,44,42,95,21,30,7,112,61,5,35,88,85" hai2="111,116,12,49,82,133,127,31,128,121,87,34,19" hai3="84,92,28,4,32,39,2,99,60,54,73,0,126"/><W102/><G73/><T13/><D3/><U129/><E112/><V75/><F116/><W113/><G113/><T59/><D134/><U43/><E35/><V120/><F111/><W14/><G39/><T66/><D100/><U48/><E129/><V16/><F128/><W23/><G126/><T63/><D106/><U109/><E109/><V29/><F127/><W76/><G32/><T96/><D40/><N who="1" m="15403" /><E61/><V8/><F75/><W64/><G54/><T6/><D36/><U18/><E95/><V123/><F133/><W72/><G72/><T135/><D135/><U125/><E30/><N who="2" m="11275" /><F49/><W91/><G76/><T56/><D70/><U38/><E38/><V10/><F34/><W67/><G67/><T110/><D110/><U132/><E125/><V131/><F131/><W9/><G23/><T117/><D117/><U24/><E132/><V98/><F98/><W114/><G28/><T47/><D66/><U124/><E124/><V26/><F26/><W68/><REACH who="3" step="1"/><G114/><REACH who="3" ten="248,294,234,214" step="2"/><T1/><D65/><U78/><E78/><N who="2" m="46551" /><F10/><W58/><G58/><T57/><D57/><U115/><E115/><V33/><F33/><W105/><AGARI ba="0,1" hai="0,2,4,9,14,60,64,68,84,91,92,99,102,105" machi="105" ten="20,7800,0" yaku="1,1,0,1,7,1,52,1,53,0" doraHai="86" doraHaiUra="25" who="3" fromWho="3" sc="248,-26,294,-26,234,-26,214,88" owari="222,-17.8,268,6.8,208,-29.2,302,40.2" /></mjloggm>