<mjloggm ver="2.3"><GO type="225" lobby="0"/><UN n0="%30%2E%31%32%30" n1="%E3%83%A9%E3%82%A4%E3%83%B3%E3%81%AE%E8%99%8E" n2="%28%EF%BF%A3%E2%96%BD%EF%BF%A3%29%CE%B4%E2%8C%92%E3%83%BB" n3="%E8%A8%88%E7%AE%97%E6%A9%9F%E8%87%AA%E7%84%B6" dan="16,16,17,17" rate="2133.24,2127.28,2252.91,2183.56" sx="M,M,M,M"/><TAIKYOKU oya="0"/><INIT seed="0,0,0,0,1,34" ten="250,250,250,250" oya="0" hai0="43,82,44,52,108,86,79,11,132,100,10,135,64" hai1="69,115,19,88,33,59,83,38,4,65,90,106,74" hai2="30,60,42,131,39,71,62,81,72,95,51,128,35" hai3="101,26,6,25,92,54,105,53,48,73,118,116,32"/><T85/><D64/><U70/><E115/><V46/><F95/><W113/><G73/><T17/><D100/><U99/><E38/><V45/><F30/><W23/><G105/><T0/><D108/><U14/><E33/><V125/><F35/><W87/><G113/><T3/><D86/><U124/><E124/><V15/><F15/><W129/><G129/><N who="2" m="49737" /><F81/><W57/><G32/><T67/><D67/><U7/><E59/><V98/><F98/><W9/><G25/><T1/><D17/><U114/><E114/><V20/><F20/><W103/><G118/><T56/><D44/><U29/><E29/><V12/><F12/><N who="3" m="5175" /><G53/><T121/><D43/><U18/><E14/><V66/><F72/><W84/><G116/><T22/><D22/><U91/><E65/><V130/><N who="2" m="49745" /><V2/><DORA hai="80" /><F2/><W110/><G110/><T24/><D24/><U49/><E74/><V68/><F125/><W63/><G63/><N who="2" m="24105" /><F66/><W31/><G103/><T112/><D112/><U41/><E106/><V134/><F134/><N who="0" m="51242" /><D121/><U89/><E99/><AGARI ba="0,0" hai="23,26,31,48,54,57,84,87,92,99,101" m="5175" machi="99" ten="30,3900,0" yaku="8,1,52,2" doraHai="34,80" who="3" fromWho="1" sc="250,0,250,-39,250,0,250,39" /><INIT seed="1,0,0,1,2,105" ten="250,211,250,289" oya="1" hai0="92,60,112,81,122,74,104,123,134,98,79,12,54" hai1="128,47,41,52,2,118,90,121,119,35,36,83,10" hai2="61,39,94,110,77,9,38,132,34,99,7,28,76" hai3="66,19,53,30,29,0,97,31,6,84,63,32,73"/><U125/><E121/><N who="0" m="46089" /><D12/><U101/><E35/><V96/><F110/><W62/><G73/><T86/><D60/><U11/><E125/><V120/><F120/><W37/><G37/><T5/><D5/><U108/><E128/><V13/><F132/><W124/><G124/><T67/><D54/><U16/><E101/><V24/><F99/><W27/><G84/><T23/><D23/><U88/><E108/><V42/><F61/><W33/><G97/><T14/><D14/><U4/><E52/><V64/><F64/><W75/><G75/><T17/><D17/><U113/><E113/><V133/><F133/><W43/><G43/><T69/><D69/><U59/><E59/><V135/><F135/><W131/><G131/><T57/><D57/><U15/><REACH who="1" step="1"/><E83/><REACH who="1" ten="250,201,250,289" step="2"/><V21/><F34/><W82/><G82/><N who="0" m="45431" /><D67/><U109/><E109/><V100/><REACH who="2" step="1"/><F39/><REACH who="2" ten="250,201,240,289" step="2"/><W65/><G33/><T55/><D134/><U102/><E102/><V107/><F107/><W115/><G32/><T103/><D112/><U70/><E70/><V116/><F116/><AGARI ba="0,2" hai="2,4,10,11,15,16,36,41,47,88,90,116,118,119" machi="116" ten="40,7700,0" yaku="1,1,54,2,53,0" doraHai="105" doraHaiUra="48" who="1" fromWho="2" sc="250,0,201,97,240,-77,289,0" /><INIT seed="1,1,0,3,3,51" ten="250,298,163,289" oya="1" hai0="37,18,130,79,0,7,74,90,48,14,134,78,25" hai1="2,99,104,55,30,54,72,131,76,35,71,129,9" hai2="70,5,43,84,67,3,94,77,68,110,113,133,4" hai3="123,86,12,118,95,53,132,39,91,26,87,89,40"/><U65/><E65/><V85/><F110/><W105/><G123/><T52/><D37/><U64/><E64/><V15/><F133/><W31/><G105/><T115/><D134/><U116/><E71/><V57/><F3/><W20/><G132/><T93/><D115/><U126/><E116/><V19/><F113/><W44/><G118/><T117/><D117/><U28/><E126/><V75/><F75/><W61/><G12/><T21/><D0/><U107/><E72/><V41/><F70/><W124/><G124/><T47/><D74/><U102/><E76/><V122/><F68/><W62/><REACH who="3" step="1"/><G53/><REACH who="3" ten="250,298,163,279" step="2"/><N who="1" m="19978" /><E104/><V103/><F122/><W121/><G121/><T114/><D114/><U13/><E2/><V42/><F77/><W66/><G66/><T119/><D119/><U101/><E35/><V34/><F34/><W56/><G56/><T128/><D79/><U120/><E120/><V8/><F57/><W60/><G60/><T27/><D78/><U58/><E58/><V16/><F67/><W100/><G100/><T17/><D7/><N who="1" m="3263" /><E102/><V1/><F5/><W22/><G22/><T111/><D111/><U10/><E10/><V82/><F1/><W63/><G63/><T127/><D127/><U106/><E107/><V69/><F69/><W24/><G24/><T108/><D108/><U6/><E6/><V23/><F4/><W125/><G125/><T11/><REACH who="0" step="1"/><D25/><REACH who="0" ten="240,298,163,279" step="2"/><U81/><E81/><AGARI ba="1,2" hai="20,26,31,39,40,44,61,62,81,86,87,89,91,95" machi="81" ten="30,3900,0" yaku="1,1,7,1,53,1" doraHai="51" doraHaiUra="36" who="3" fromWho="1" sc="240,0,298,-42,163,0,279,62" /><INIT seed="2,0,0,0,4,32" ten="240,256,163,341" oya="2" hai0="117,19,23,47,41,61,2,71,98,92,36,118,42" hai1="85,108,16,21,1,8,15,132,93,135,57,43,83" hai2="5,123,75,82,116,18,91,64,20,45,110,80,58" hai3="40,97,59,131,90,17,46,72,77,38,79,105,55"/><V111/><F123/><W51/><G131/><T25/><D42/><U65/><E43/><V56/><F116/><W103/><G72/><T69/><D61/><N who="1" m="38063" /><E93/><V125/><F125/><W95/><G17/><T37/><D37/><U121/><E121/><V62/><F45/><W96/><AGARI ba="0,0" hai="38,40,46,51,55,59,77,79,90,95,96,97,103,105" machi="96" ten="20,1500,0" yaku="0,1,7,1" doraHai="32" who="3" fromWho="3" sc="240,-4,256,-4,163,-7,341,15" /><INIT seed="3,0,0,1,1,87" ten="236,252,156,356" oya="3" hai0="64,62,3,13,133,6,126,120,69,80,88,89,55" hai1="36,76,111,121,130,9,40,63,122,129,68,81,118" hai2="91,75,31,110,17,79,18,35,33,97,21,42,23" hai3="73,10,70,116,37,82,19,103,30,32,54,47,53"/><W49/><G70/><T86/><D120/><U24/><E24/><V100/><F110/><W119/><G103/><T4/><D3/><U95/><E9/><V66/><F42/><W22/><G10/><T93/><D133/><U34/><E34/><V28/><F75/><W39/><G30/><T105/><D105/><U83/><E95/><V131/><F79/><W11/><G32/><T7/><D55/><U99/><E99/><V114/><F114/><W61/><G11/><T85/><REACH who="0" step="1"/><D13/><REACH who="0" ten="226,252,156,356" step="2"/><U134/><E134/><V90/><F131/><W102/><G53/><T78/><D78/><U45/><E118/><V48/><F97/><W106/><G54/><T60/><D60/><U29/><E76/><V67/><REACH who="2" step="1"/><F100/><REACH who="2" ten="226,252,146,356" step="2"/><W2/><G102/><T108/><D108/><U26/><E111/><V38/><F38/><W65/><G37/><T25/><D25/><U52/><E129/><V98/><F98/><W5/><G39/><T96/><D96/><U135/><E130/><V50/><AGARI ba="0,2" hai="17,18,21,23,28,31,33,35,48,50,66,67,90,91" machi="50" ten="25,12000,2" yaku="1,1,0,1,22,2,52,2,53,0" doraHai="87" doraHaiUra="43" who="2" fromWho="2" sc="226,-30,252,-30,146,140,356,-60" /><INIT seed="4,0,0,1,4,99" ten="196,222,286,296" oya="0" hai0="71,49,30,0,34,15,135,31,12,113,86,117,25" hai1="66,115,100,79,56,107,46,44,83,28,20,132,22" hai2="45,7,11,37,48,18,76,80,41,103,78,127,2" hai3="47,89,102,120,32,59,126,8,58,14,69,74,35"/><T109/><D71/><U17/><E132/><V50/><F127/><W36/><G69/><T114/><D117/><U52/><E66/><V72/><F78/><W101/><G74/><T16/><D135/><U123/><E123/><V13/><F103/><N who="3" m="39435" /><G32/><T97/><D0/><U119/><E119/><V64/><F64/><W94/><G35/><T134/><D134/><U104/><E28/><N who="0" m="10793" /><D97/><U87/><E22/><AGARI ba="0,0" hai="2,7,11,13,18,22,37,41,45,48,50,72,76,80" machi="22" ten="30,3900,0" yaku="7,1,25,2" doraHai="99" who="2" fromWho="1" sc="196,0,222,-39,286,39,296,0" owari="196,-20.4,183,-31.7,325,42.5,296,9.6" /></mjloggm>