<mjloggm ver="2.3"><GO type="225" lobby="0"/><UN n0="%E3%81%82%E3%83%BC%E3%81%97" n1="%72%61%6B%33" n2="%E3%81%BF%E3%81%BF%E3%81%9A" n3="%72%69%6F%75%63%68%61%6E" dan="16,16,17,16" rate="2109.25,2170.14,2233.77,2127.80" sx="M,M,M,M"/><TAIKYOKU oya="0"/><INIT seed="0,0,0,0,0,42" ten="250,250,250,250" oya="0" hai0="7,105,103,85,65,101,106,132,52,117,116,1,18" hai1="94,135,26,11,88,107,13,44,69,15,46,31,99" hai2="118,37,41,61,98,35,90,34,72,48,5,49,119" hai3="63,2,43,75,125,60,111,113,54,59,67,3,108"/><T64/><D132/><U104/><E104/><V39/><F72/><W10/><G113/><T95/><D7/><U100/><E100/><BYE who="1" /><V25/><F5/><W96/><G125/><T127/><D1/><U133/><E133/><V45/><F61/><W84/><G75/><T55/><D85/><U78/><E78/><V29/><F35/><W14/><G43/><T102/><D95/><U57/><E57/><V80/><F49/><W17/><G96/><T38/><D38/><U73/><E73/><V36/><REACH who="2" step="1"/><F98/><REACH who="2" ten="250,250,240,250" step="2"/><W6/><G84/><AGARI ba="0,1" hai="25,29,34,36,37,39,41,45,48,80,84,90,118,119" machi="84" ten="50,8000,1" yaku="1,1,2,1,52,1,53,1" doraHai="42" doraHaiUra="77" who="2" fromWho="3" sc="250,0,250,0,240,90,250,-80" /><INIT seed="1,0,0,5,4,87" ten="250,250,330,170" oya="1" hai0="36,89,58,3,18,2,72,86,54,20,117,63,27" hai1="83,97,6,109,98,104,122,10,81,33,43,123,132" hai2="70,66,126,13,38,118,21,55,91,114,105,92,24" hai3="116,42,31,59,88,135,25,133,131,103,101,19,16"/><U12/><E12/><V113/><F118/><W115/><G115/><N who="2" m="44041" /><F126/><W96/><G131/><T107/><D117/><U29/><E29/><V41/><F105/><W64/><G116/><T7/><D107/><UN n1="%72%61%6B%33" /><U79/><E33/><V119/><F119/><W67/><G42/><T22/><D72/><U45/><E132/><N who="3" m="50762" /><G103/><T134/><D134/><U100/><E98/><N who="2" m="57631" /><F13/><W30/><G30/><T108/><D36/><U15/><E109/><V111/><F111/><W4/><G4/><T73/><D73/><U35/><E35/><V121/><F121/><W32/><G101/><T80/><D108/><U11/><E11/><V8/><F8/><W60/><G64/><T129/><D129/><U68/><E68/><V53/><F66/><W37/><G37/><T76/><D7/><U44/><E83/><V62/><F62/><W48/><G48/><T46/><D46/><U85/><REACH who="1" step="1"/><E45/><REACH who="1" ten="250,240,330,170" step="2"/><N who="2" m="23735" /><F70/><W93/><AGARI ba="0,1" hai="16,19,25,31,32,59,60,67,88,93,96" m="50762" machi="93" ten="30,7900,0" yaku="20,1,52,1,54,2" doraHai="87" who="3" fromWho="3" sc="250,-20,240,-39,330,-20,170,89" /><INIT seed="2,0,0,5,5,104" ten="230,201,310,259" oya="2" hai0="84,64,79,133,71,122,57,31,66,34,5,61,23" hai1="1,32,78,74,21,67,92,7,13,117,107,86,26" hai2="96,135,3,41,118,123,4,112,30,109,108,29,88" hai3="129,36,54,2,80,19,46,85,111,106,22,91,8"/><V75/><F112/><W77/><G106/><T87/><D122/><U42/><E117/><V70/><F118/><W119/><G111/><N who="2" m="42569" /><F123/><W100/><G119/><T49/><D133/><U62/><E107/><V10/><F135/><W17/><G129/><T68/><D34/><U120/><E120/><V76/><F70/><W134/><G134/><T45/><D5/><U53/><E42/><V63/><F63/><W12/><G100/><T14/><D66/><U47/><E47/><V15/><F41/><W48/><G36/><T59/><D71/><U28/><E53/><V93/><F3/><W98/><G2/><T60/><D61/><U116/><E116/><V72/><F76/><W69/><G69/><T113/><D113/><U73/><E1/><V38/><F38/><W132/><G132/><T11/><D79/><U89/><E78/><V82/><F82/><W102/><G77/><T110/><D110/><U0/><E0/><V83/><F83/><W40/><G40/><T44/><D44/><U39/><E39/><V50/><F50/><W127/><G127/><T81/><D81/><U97/><E62/><V95/><F95/><N who="3" m="58719" /><G19/><N who="0" m="8671" /><D59/><U27/><E67/><V55/><F55/><W94/><G80/><T43/><D68/><U131/><E131/><V105/><F105/><W58/><G58/><T18/><D31/><AGARI ba="0,0" hai="4,10,15,29,30,31,72,75,88,93,96" m="42569" machi="31" ten="30,12000,1" yaku="14,1,10,1,52,2,54,1" doraHai="104" who="2" fromWho="0" sc="230,-120,201,0,310,120,259,0" /><INIT seed="2,1,0,4,2,118" ten="110,201,430,259" oya="2" hai0="124,85,75,113,40,100,28,77,27,73,6,41,96" hai1="1,20,4,3,129,111,134,15,13,33,70,123,78" hai2="72,86,63,102,89,101,55,29,58,92,37,62,82" hai3="84,9,45,120,23,60,112,22,121,57,79,46,110"/><V16/><F37/><W128/><G110/><T81/><D113/><U97/><E97/><V116/><F116/><W132/><G112/><T8/><D124/><U90/><E90/><V93/><F29/><W99/><G128/><T18/><D18/><U43/><E78/><V76/><F93/><W21/><G132/><T105/><D75/><U34/><E43/><V109/><F109/><W83/><G9/><T94/><D8/><N who="1" m="4231" /><E70/><V126/><F126/><W44/><REACH who="3" step="1"/><G99/><REACH who="3" ten="110,201,430,249" step="2"/><T39/><D6/><U127/><E111/><V56/><REACH who="2" step="1"/><F16/><REACH who="2" ten="110,201,420,249" step="2"/><W107/><G107/><T108/><D108/><U47/><E127/><V80/><F80/><W74/><G74/><T125/><D125/><U52/><E134/><V115/><F115/><W119/><G119/><T19/><D19/><U130/><E129/><V64/><AGARI ba="1,2" hai="55,56,58,62,63,64,72,76,82,86,89,92,101,102" machi="64" ten="20,12000,1" yaku="1,1,0,1,7,1,53,2" doraHai="118" doraHaiUra="98" who="2" fromWho="2" sc="110,-41,201,-41,420,143,249,-41" /><INIT seed="2,2,0,1,5,31" ten="69,160,563,208" oya="2" hai0="72,25,37,134,105,127,79,7,26,18,11,130,96" hai1="107,24,5,76,69,41,66,88,6,63,109,95,67" hai2="1,65,14,44,74,103,111,86,135,124,54,81,77" hai3="50,115,8,0,87,33,131,39,10,29,91,129,28"/><V36/><F1/><W12/><G115/><T97/><D37/><U4/><E107/><V38/><F135/><W56/><G39/><T32/><D134/><U112/><E112/><V53/><F124/><W61/><G50/><T83/><D130/><N who="3" m="49673" /><G0/><T58/><D127/><U100/><E109/><V52/><F111/><W104/><G104/><T118/><D118/><U35/><E67/><V90/><F65/><N who="3" m="39079" /><G33/><T84/><D72/><U94/><E76/><V75/><F103/><W42/><G42/><T9/><D105/><U73/><E73/><V46/><F36/><W49/><G49/><T15/><D58/><U126/><E41/><V2/><F2/><W34/><G34/><T133/><D133/><U70/><E126/><V102/><F102/><W47/><G47/><T30/><REACH who="0" step="1"/><D26/><REACH who="0" ten="59,160,563,208" step="2"/><U3/><E70/><V120/><F38/><W116/><G116/><T60/><D60/><U20/><E63/><V21/><F75/><W22/><G22/><T13/><AGARI ba="2,1" hai="7,9,11,13,15,18,25,30,32,79,83,84,96,97" machi="13" ten="20,5200,0" yaku="1,1,0,1,7,1,52,1,53,0" doraHai="31" doraHaiUra="89" who="0" fromWho="0" sc="59,68,160,-15,563,-28,208,-15" /><INIT seed="3,0,0,2,3,57" ten="127,145,535,193" oya="3" hai0="31,60,76,84,9,80,81,73,22,78,53,107,86" hai1="66,119,15,79,63,49,88,6,17,96,74,113,11" hai2="105,110,102,117,121,30,109,59,75,41,29,52,0" hai3="92,68,94,116,129,16,13,122,114,32,112,62,72"/><W28/><G116/><T3/><D107/><U104/><E113/><V126/><F117/><W67/><G122/><T134/><D73/><U47/><E119/><V58/><F75/><W39/><G72/><T124/><D134/><U123/><E123/><V65/><F0/><W18/><G39/><T43/><D124/><U4/><E79/><V10/><F10/><W27/><G129/><T125/><D125/><U26/><E74/><V100/><F126/><W64/><G64/><T46/><D3/><U120/><E120/><V99/><F121/><W131/><G131/><T118/><D118/><U14/><E26/><V69/><F41/><W83/><G83/><T19/><D9/><U34/><E34/><V54/><F69/><W12/><G114/><T21/><D31/><U36/><E36/><V90/><F90/><W50/><G112/><T2/><D2/><U1/><E1/><V95/><F105/><W8/><G50/><N who="0" m="26975" /><D19/><U25/><E25/><V98/><F95/><W89/><G89/><T91/><D78/><U82/><E104/><V108/><F108/><W51/><G51/><T70/><D70/><N who="1" m="42335" /><E15/><V97/><F97/><W55/><G55/><T77/><D77/><U130/><E130/><V7/><REACH who="2" step="1"/><F65/><REACH who="2" ten="127,145,525,193" step="2"/><W20/><AGARI ba="0,1" hai="8,12,13,16,18,20,27,28,32,62,67,68,92,94" machi="20" ten="20,7800,0" yaku="0,1,7,1,52,1,54,1" doraHai="57" who="3" fromWho="3" sc="127,-26,145,-26,525,-26,193,88" /><INIT seed="3,1,0,4,1,77" ten="101,119,499,281" oya="3" hai0="27,83,53,107,21,68,11,129,0,96,22,108,46" hai1="121,38,99,80,87,62,94,57,119,51,103,37,89" hai2="52,9,98,132,30,64,45,41,111,43,58,72,117" hai3="60,26,81,5,17,122,93,14,29,102,116,49,24"/><W74/><G116/><T92/><D68/><U106/><E121/><V114/><F117/><W130/><G122/><T135/><D107/><U123/><E123/><V55/><F114/><W133/><G130/><T134/><D129/><U100/><E119/><V84/><F72/><W109/><G133/><N who="0" m="50699" /><D108/><U56/><E51/><N who="2" m="28783" /><F132/><W47/><G109/><T40/><D53/><U124/><E124/><V34/><F34/><W1/><G1/><T65/><D65/><U73/><E100/><V50/><F111/><W33/><G24/><T76/><D27/><U28/><E28/><V19/><F30/><W75/><G5/><N who="0" m="1447" /><D92/><U101/><E101/><V67/><F98/><W71/><G81/><T128/><D96/><U18/><E18/><V125/><F84/><W63/><G71/><T31/><D31/><U115/><E115/><V25/><F125/><W8/><G75/><N who="0" m="43423" /><D128/><U16/><E16/><V36/><F36/><AGARI ba="1,0" hai="21,22,36,40,46" m="43423,1447,50699" machi="36" ten="30,3900,0" yaku="25,1,20,1,52,1" doraHai="77" who="0" fromWho="2" sc="101,42,119,0,499,-42,281,0" owari="143,-25.7,119,-38.1,457,55.7,281,8.1" /></mjloggm>