<mjloggm ver="2.3"><GO type="225" lobby="0"/><UN n0="%E3%80%93%E3%81%97%E3%83%BC%E3%82%89%E3%80%93" n1="%E6%A1%90%E5%B4%8E%E5%8D%83%E6%A3%98" n2="%E3%81%B5%E3%81%98%E3%81%8B%E3%81%A4" n3="%EF%BC%B3%E3%81%9E%E3%81%88%E2%98%86" dan="16,16,17,16" rate="2164.78,2141.10,2207.22,2078.15" sx="M,M,M,F"/><TAIKYOKU oya="0"/><INIT seed="0,0,0,1,2,110" ten="250,250,250,250" oya="0" hai0="113,39,91,30,121,58,129,55,13,80,38,36,114" hai1="122,42,56,79,19,97,49,9,21,28,15,40,126" hai2="84,92,128,41,8,43,133,108,4,106,24,27,29" hai3="98,63,125,47,134,70,105,78,115,23,20,120,68"/><T50/><D30/><U62/><E122/><V73/><F108/><W99/><G120/><T116/><D121/><U75/><E126/><V111/><F106/><W86/><G125/><T5/><D116/><U48/><E75/><V51/><F73/><W52/><G134/><T107/><D107/><U101/><E79/><V46/><F133/><W31/><G115/><T61/><D129/><U0/><E0/><V123/><F128/><W35/><G70/><T67/><D5/><U57/><E57/><V89/><F123/><W2/><G2/><T118/><D13/><U104/><E42/><V26/><F111/><W83/><G98/><T17/><D17/><U109/><E40/><V119/><F119/><W44/><G23/><T130/><D130/><U64/><E109/><V71/><F71/><W88/><G20/><T112/><D118/><U81/><E81/><V72/><F72/><W96/><G96/><T6/><D6/><U66/><E66/><V10/><F43/><W18/><G18/><T54/><REACH who="0" step="1"/><D50/><REACH who="0" ten="240,250,250,250" step="2"/><U12/><E28/><V95/><F29/><W74/><G35/><T3/><D3/><U76/><E48/><V14/><REACH who="2" step="1"/><F10/><REACH who="2" ten="240,250,240,250" step="2"/><W117/><G31/><T65/><D65/><U77/><E49/><V32/><F32/><W103/><G117/><T127/><D127/><U93/><E104/><V59/><F59/><N who="3" m="35303" /><G68/><T25/><D25/><U94/><E9/><V1/><F1/><W135/><G135/><T33/><D33/><U87/><E12/><V90/><F90/><AGARI ba="0,2" hai="15,19,21,56,62,64,76,77,87,90,93,94,97,101" machi="90" ten="40,1300,0" yaku="8,1" doraHai="110" who="1" fromWho="2" sc="240,0,250,33,240,-13,250,0" /><INIT seed="1,0,0,4,0,99" ten="240,283,227,250" oya="1" hai0="87,24,131,69,119,64,68,9,94,20,126,17,135" hai1="85,128,2,48,56,28,75,80,36,102,51,26,76" hai2="54,8,132,15,95,73,18,130,123,114,34,124,71" hai3="32,19,55,65,16,23,25,31,29,27,83,90,120"/><U7/><E36/><V88/><F123/><W63/><G120/><T13/><D119/><U47/><E128/><V62/><F73/><W78/><G90/><T57/><D131/><U77/><E75/><V61/><F130/><W53/><G55/><T129/><D129/><U97/><E76/><V109/><F34/><W5/><G53/><T40/><D135/><U133/><E133/><V58/><F132/><W41/><G41/><T101/><D40/><U1/><E56/><V22/><F114/><W93/><G93/><T121/><D126/><U3/><E7/><V33/><F33/><W112/><G5/><T96/><D87/><U66/><E66/><V84/><F124/><W74/><REACH who="3" step="1"/><G112/><REACH who="3" ten="240,283,227,240" step="2"/><T104/><D121/><U115/><E115/><V79/><F109/><W50/><G50/><T72/><D104/><U110/><E110/><V11/><F79/><W116/><G116/><T49/><D49/><U30/><E48/><N who="2" m="31047" /><F71/><AGARI ba="0,1" hai="16,19,23,25,27,29,31,32,63,65,71,74,78,83" machi="71" ten="30,3900,0" yaku="1,1,7,1,54,1,53,0" doraHai="99" doraHaiUra="91" who="3" fromWho="2" sc="240,0,283,0,227,-39,240,49" /><INIT seed="2,0,0,1,3,134" ten="240,283,188,289" oya="2" hai0="116,59,75,7,1,60,17,23,107,118,124,70,128" hai1="42,123,84,88,34,40,33,90,2,64,39,44,96" hai2="38,49,48,77,91,46,45,89,129,113,106,15,35" hai3="72,36,81,31,73,63,32,29,11,120,93,22,69"/><V112/><F106/><W28/><G36/><T80/><D107/><U9/><E123/><V16/><F38/><W102/><G32/><T61/><D70/><U76/><E42/><V18/><F35/><W108/><G120/><T97/><D97/><U3/><E76/><V94/><F77/><W111/><G81/><T92/><D92/><U19/><E64/><V82/><F82/><W109/><G11/><N who="0" m="2543" /><D80/><U47/><E96/><V133/><F133/><W55/><G102/><T13/><D75/><N who="3" m="28745" /><G93/><T122/><D122/><U114/><E114/><V121/><F121/><W8/><G8/><T4/><D4/><U135/><E9/><V71/><F71/><W105/><G105/><T125/><D128/><U57/><E135/><V10/><F129/><W104/><G104/><T85/><D85/><U50/><E84/><V56/><F56/><N who="3" m="35231" /><G69/><T117/><D61/><U68/><E68/><V43/><F18/><W67/><G67/><AGARI ba="0,0" hai="13,17,23,59,60,67,116,117,118,124,125" m="2543" machi="67" ten="30,3900,0" yaku="12,1,52,2" doraHai="134" who="0" fromWho="3" sc="240,39,283,0,188,0,289,-39" /><INIT seed="3,0,0,4,2,75" ten="279,283,188,250" oya="3" hai0="64,63,68,7,29,95,130,103,108,105,37,102,113" hai1="131,121,27,76,134,26,135,28,14,57,43,30,100" hai2="49,116,82,124,109,99,18,122,34,70,77,36,97" hai3="15,24,41,23,104,6,54,72,133,52,132,33,66"/><W92/><G104/><T119/><D37/><U5/><E121/><V81/><F116/><W78/><G66/><T125/><D119/><U47/><E100/><V39/><F122/><W86/><G41/><T59/><D113/><U21/><E57/><V91/><F70/><W45/><G45/><T48/><D125/><U16/><E76/><V51/><F34/><W56/><G72/><T114/><D114/><U12/><E131/><V112/><F112/><W25/><G33/><T80/><D29/><N who="1" m="11371" /><E47/><V120/><F120/><W115/><G54/><T88/><D108/><U19/><E5/><V118/><F118/><W90/><G78/><T127/><D105/><U42/><E134/><N who="3" m="51818" /><G115/><T129/><D127/><U79/><E79/><V3/><F124/><W74/><G74/><T96/><D7/><U128/><E128/><N who="0" m="49257" /><D80/><U106/><E106/><V44/><F109/><W98/><G98/><T4/><D4/><U110/><E110/><V1/><F44/><W40/><G40/><N who="1" m="15402" /><E135/><V61/><F61/><N who="3" m="35975" /><G6/><T17/><D64/><U87/><E87/><V31/><F31/><W85/><G85/><T10/><D68/><U126/><E126/><V53/><F77/><W107/><G107/><T8/><D96/><U111/><E111/><V62/><F62/><W93/><G93/><T2/><D63/><U60/><E60/><V117/><F117/><W32/><G32/><T13/><D95/><U35/><E35/><V69/><F69/><W50/><G50/><T55/><D48/><U89/><E89/><V71/><F71/><W65/><G65/><T67/><D67/><U101/><E101/><RYUUKYOKU ba="0,0" sc="279,-15,283,15,188,-15,250,15" hai1="12,14,16,19,21,26,27" hai3="15,23,24,25,86,90,92" /><INIT seed="3,1,0,4,1,118" ten="264,298,173,265" oya="3" hai0="69,71,41,100,105,54,47,64,29,74,16,44,18" hai1="36,62,45,3,91,94,40,86,130,122,127,31,37" hai2="101,53,95,4,0,57,134,19,107,98,114,13,108" hai3="87,27,119,82,85,129,48,90,117,76,30,51,65"/><W61/><G129/><T43/><D74/><U11/><E122/><V97/><F114/><W42/><G119/><T110/><D29/><U2/><E130/><V133/><F108/><W128/><G42/><T121/><D121/><U99/><E127/><V1/><F4/><W5/><G5/><T12/><D110/><U63/><E36/><V21/><F134/><W116/><G128/><T135/><D135/><U55/><E31/><V79/><F79/><W96/><G96/><T103/><D54/><U120/><E120/><V113/><F113/><W123/><G123/><T58/><D105/><U132/><E132/><V78/><F78/><W104/><G104/><T102/><D58/><U112/><E112/><V33/><F33/><W15/><G15/><T14/><REACH who="0" step="1"/><D102/><REACH who="0" ten="254,298,173,265" step="2"/><U81/><E55/><V72/><F72/><W89/><G117/><T26/><D26/><U20/><E40/><V8/><F133/><W125/><G125/><T39/><D39/><U70/><E37/><V59/><F59/><N who="3" m="37055" /><G116/><T111/><D111/><U6/><E70/><V131/><F131/><W35/><G76/><T7/><D7/><U50/><E6/><V84/><F8/><W68/><G68/><T67/><AGARI ba="1,1" hai="12,14,16,18,41,43,44,47,64,67,69,71,100,103" machi="67" ten="25,8000,1" yaku="1,1,0,1,22,2,54,1,53,0" doraHai="118" doraHaiUra="34" who="0" fromWho="0" sc="254,93,298,-21,173,-21,265,-41" owari="347,44.7,277,7.7,152,-34.8,224,-17.6" /></mjloggm>