<mjloggm ver="2.3"><GO type="225" lobby="0"/><UN n0="%E6%B8%A9%E2%98%85%E6%83%85%E2%98%85%E6%8E%AA%E2%98%85%E7%BD%AE" n1="%E3%83%9D%E3%83%B3%E3%83%9D%E3%82%B3%E5%95%86%E4%BA%8B" n2="%E6%A1%9C%E8%8A%B1%E9%96%83%E3%80%85" n3="%E3%81%B5%E3%81%98%E3%81%8B%E3%81%A4" dan="18,16,16,16" rate="2233.17,2143.10,2167.68,2188.58" sx="M,M,M,M"/><TAIKYOKU oya="0"/><INIT seed="0,0,0,5,4,112" ten="250,250,250,250" oya="0" hai0="29,26,67,132,71,0,100,104,96,122,51,37,22" hai1="68,98,3,116,118,5,105,107,133,21,34,18,60" hai2="123,19,41,63,121,119,38,10,53,84,77,57,78" hai3="16,61,76,73,113,131,88,6,12,55,7,117,32"/><T92/><D122/><U127/><E133/><V43/><F38/><W65/><G113/><T94/><D132/><U40/><E127/><V128/><F128/><W36/><G32/><T64/><D37/><U13/><E40/><N who="2" m="15435" /><F123/><W108/><G131/><T14/><D0/><U99/><E99/><V24/><F121/><W2/><G2/><T101/><D71/><U124/><E124/><V80/><F119/><W111/><G117/><T52/><D14/><U4/><E34/><V106/><F106/><W39/><G55/><T86/><D104/><U47/><E47/><V135/><F135/><W126/><G76/><T31/><D31/><U91/><E107/><V1/><F1/><W33/><G73/><T109/><D109/><N who="3" m="42057" /><G33/><T95/><D100/><U20/><E20/><N who="2" m="13343" /><F10/><N who="3" m="6167" /><G88/><AGARI ba="0,0" hai="53,57,63,77,78,80,84,88" m="13343,15435" machi="88" ten="30,2000,0" yaku="8,1,54,1" doraHai="112" who="2" fromWho="3" sc="250,0,250,0,250,20,250,-20" /><INIT seed="1,0,0,0,3,54" ten="250,250,270,230" oya="1" hai0="106,11,14,83,96,127,74,131,126,29,72,82,81" hai1="129,53,38,32,119,68,13,51,28,48,76,135,27" hai2="112,47,25,107,108,1,73,18,97,93,8,85,49" hai3="59,7,125,63,75,42,100,123,111,43,78,37,34"/><U33/><E119/><V69/><F108/><W15/><G123/><T61/><D29/><U110/><E38/><V116/><F116/><W57/><G34/><T30/><D30/><U88/><E68/><V134/><F73/><W9/><G111/><T3/><D3/><U89/><E110/><V120/><F134/><W16/><G125/><N who="0" m="47627" /><D61/><U45/><E45/><V113/><F69/><W66/><G100/><N who="0" m="62727" /><D131/><U98/><E129/><V39/><F39/><W26/><G37/><T79/><D79/><U0/><E76/><V44/><F107/><W115/><G78/><T86/><D86/><U95/><E0/><V64/><F85/><W80/><G80/><N who="0" m="20483" /><T22/><DORA hai="19" /><D22/><U128/><E128/><V121/><F1/><W55/><G75/><T104/><D104/><U10/><E33/><V77/><F77/><W87/><G87/><T36/><D36/><U56/><E135/><V65/><F120/><W41/><G115/><T6/><AGARI ba="0,0" hai="6,11,14,72,74" m="20483,62727,47627" machi="6" ten="40,1500,0" yaku="18,1" doraHai="54,19" who="0" fromWho="0" sc="250,15,250,-7,270,-4,230,-4" /><INIT seed="2,0,0,2,3,50" ten="265,243,266,226" oya="2" hai0="12,60,49,116,99,87,98,112,90,22,104,75,105" hai1="95,26,76,93,134,45,42,43,33,107,83,14,64" hai2="44,72,65,20,94,46,29,115,10,123,56,122,15" hai3="113,135,58,78,103,52,82,96,28,2,4,51,92"/><V19/><F115/><W86/><G135/><T68/><D112/><U84/><E107/><V21/><F72/><W67/><G113/><T127/><D75/><U34/><E134/><V97/><F122/><W8/><G28/><T16/><D127/><U108/><E108/><V27/><F123/><W39/><G39/><T132/><D132/><U110/><E110/><V130/><F130/><W47/><REACH who="3" step="1"/><G67/><REACH who="3" ten="265,243,266,216" step="2"/><T109/><D109/><U54/><E64/><V111/><F111/><W70/><G70/><T119/><D68/><U121/><E121/><V79/><F21/><W0/><G0/><T88/><D22/><U120/><E120/><V101/><F79/><W37/><G37/><T80/><D119/><U129/><E129/><V36/><F36/><W25/><G25/><T131/><D116/><U133/><E133/><V73/><F73/><W66/><G66/><T53/><D131/><U74/><E74/><V32/><F32/><W31/><G31/><T114/><D114/><U40/><E26/><V13/><F13/><W55/><G55/><T89/><D53/><U48/><REACH who="1" step="1"/><E14/><REACH who="1" ten="265,233,266,216" step="2"/><V9/><F9/><W5/><G5/><T11/><D12/><U59/><E59/><AGARI ba="0,2" hai="2,4,8,47,51,52,58,59,78,82,86,92,96,103" machi="59" ten="40,5200,0" yaku="1,1,52,1,54,1,53,0" doraHai="50" doraHaiUra="85" who="3" fromWho="1" sc="265,0,233,-52,266,0,216,72" /><INIT seed="3,0,0,5,5,84" ten="265,181,266,288" oya="3" hai0="21,12,120,17,86,24,49,71,56,69,48,108,131" hai1="75,80,42,81,112,64,31,8,77,88,95,61,117" hai2="126,50,39,15,13,35,68,113,91,90,63,135,7" hai3="82,40,32,127,57,29,34,22,118,60,9,122,74"/><W0/><G118/><T5/><D120/><U19/><E112/><V109/><F113/><W2/><G122/><T10/><D108/><U124/><E117/><V125/><F39/><W129/><G40/><T107/><D107/><U92/><E124/><N who="2" m="47723" /><F135/><W83/><G127/><T78/><D131/><U116/><E116/><V58/><F35/><W45/><G45/><T1/><D1/><U43/><E31/><V102/><F109/><W20/><G129/><T25/><D25/><U132/><E132/><V28/><F28/><W123/><G123/><T99/><D99/><U72/><E95/><V133/><F102/><W36/><G36/><T44/><D56/><U52/><E75/><V114/><F133/><W100/><G100/><T103/><D49/><U121/><E121/><V97/><F97/><W106/><G106/><T128/><D103/><U101/><E101/><V65/><F114/><W27/><G32/><T41/><REACH who="0" step="1"/><D128/><REACH who="0" ten="255,181,266,288" step="2"/><U79/><E43/><V59/><F15/><W130/><G130/><T55/><D55/><U38/><E42/><V37/><F37/><W110/><G110/><T85/><D85/><N who="1" m="52239" /><E52/><N who="2" m="32023" /><F59/><W96/><G0/><T18/><D18/><U4/><E38/><V105/><F105/><W30/><G2/><T11/><D11/><AGARI ba="0,1" hai="7,11,13,63,65,68,90,91" m="32023,47723" machi="11" ten="30,7700,0" yaku="18,1,52,2,54,1" doraHai="84" who="2" fromWho="0" sc="255,-77,181,0,266,87,288,0" owari="178,-32.2,181,-21.9,353,45.3,288,8.8" /></mjloggm>