<mjloggm ver="2.3"><GO type="225" lobby="0"/><UN n0="%4E%6F%2E%30%30%30%31" n1="%E5%AE%AE%E4%BF%9D%E9%B6%8F%E8%82%89" n2="%72%69%6F%75%63%68%61%6E" n3="%53%63%61%6E%64%61%6C" dan="18,16,16,16" rate="2229.18,2129.45,2155.31,2152.84" sx="M,M,M,M"/><TAIKYOKU oya="0"/><INIT seed="0,0,0,3,5,40" ten="250,250,250,250" oya="0" hai0="49,9,10,59,13,41,26,124,43,116,68,1,89" hai1="45,18,36,76,11,103,109,104,77,93,70,62,46" hai2="135,71,80,65,96,12,20,21,97,102,61,28,15" hai3="131,39,19,100,115,34,83,2,66,125,38,27,50"/><T55/><D116/><U23/><E104/><V57/><F135/><W110/><G115/><T106/><D68/><U112/><E36/><V92/><F71/><W113/><G113/><T69/><D69/><U53/><E112/><V17/><F80/><W94/><G2/><T64/><D106/><U48/><E109/><V105/><F28/><W81/><G66/><T14/><D64/><U35/><E35/><V87/><F87/><W127/><G110/><T42/><D124/><N who="3" m="47689" /><G131/><T85/><D26/><U32/><E32/><V91/><REACH who="2" step="1"/><F21/><REACH who="2" ten="250,250,240,250" step="2"/><N who="3" m="13759" /><G34/><T73/><D73/><U122/><E70/><V120/><F120/><W114/><G114/><T52/><D10/><U24/><E11/><V88/><F88/><W126/><N who="3" m="47697" /><W37/><DORA hai="111" /><G50/><N who="0" m="31127" /><D9/><U86/><E122/><V7/><F7/><W130/><G130/><T54/><D1/><U98/><E86/><V29/><F29/><W0/><G0/><T117/><D117/><U108/><E108/><V58/><F58/><W82/><G82/><N who="0" m="49335" /><D49/><N who="1" m="28847" /><E62/><V5/><F5/><W30/><G30/><T119/><D119/><U74/><E74/><V123/><F123/><W101/><G83/><T47/><D47/><U132/><E132/><V75/><F75/><W118/><G81/><T31/><D31/><U4/><E4/><V121/><F121/><W60/><G118/><T128/><D128/><U90/><E90/><V3/><F3/><W99/><G60/><T8/><D8/><U78/><E76/><V133/><F133/><W51/><G51/><T72/><D72/><U33/><E33/><V129/><F129/><W25/><G101/><RYUUKYOKU ba="0,1" sc="250,0,250,0,240,0,250,0" hai0="13,14,41,42,43,54,55" hai1="18,23,24,46,48,77,78,93,98,103" hai2="12,15,17,20,57,61,65,91,92,96,97,102,105" hai3="25,37,38,39,94,99,100" /><INIT seed="0,1,1,0,3,22" ten="250,250,240,250" oya="0" hai0="93,14,44,49,69,17,26,32,123,70,75,33,119" hai1="46,127,60,108,56,131,59,73,78,61,42,97,82" hai2="120,130,109,58,115,7,62,25,68,53,88,89,107" hai3="37,96,30,50,19,79,128,54,83,28,39,116,38"/><T34/><D119/><U100/><E108/><V91/><F120/><W27/><G128/><T45/><D123/><U9/><E131/><V29/><F130/><W12/><G116/><T92/><D75/><U8/><E127/><V81/><F115/><W95/><G30/><T63/><D44/><U118/><E118/><V2/><F107/><W48/><G54/><T23/><D14/><U113/><E59/><V135/><F109/><W129/><G129/><T133/><D133/><U3/><E3/><V4/><F135/><W41/><G41/><T110/><D110/><U114/><E114/><V67/><F81/><W0/><G0/><T125/><D125/><U134/><E134/><V57/><F2/><W105/><G105/><T36/><D36/><U71/><E71/><V24/><F68/><W90/><G12/><T35/><N who="0" m="8192" /><DORA hai="87" /><T94/><REACH who="0" step="1"/><D63/><REACH who="0" ten="240,250,240,250" step="2"/><U126/><E60/><N who="2" m="38287" /><F25/><W40/><G38/><T101/><D101/><U98/><E100/><V122/><F122/><W66/><G39/><T64/><D64/><N who="1" m="38951" /><E126/><V72/><F72/><W6/><G66/><T55/><AGARI ba="1,2" hai="17,23,26,45,49,55,69,70,92,93,94" m="8192" machi="55" ten="60,12000,1" yaku="1,1,0,1,52,1,53,1" doraHai="22,87" doraHaiUra="121,15" who="0" fromWho="0" sc="240,143,250,-41,240,-41,250,-41" /><INIT seed="0,2,0,3,1,121" ten="383,209,199,209" oya="0" hai0="72,85,75,120,6,42,45,97,69,1,65,23,39" hai1="87,91,110,71,84,30,34,118,119,81,35,123,18" hai2="133,132,78,107,93,92,26,3,116,113,90,36,95" hai3="21,16,73,54,62,14,67,29,64,135,68,15,106"/><T5/><D120/><U63/><E123/><V79/><F113/><W50/><G135/><N who="2" m="51785" /><F36/><W46/><G106/><T7/><D1/><U38/><E38/><V94/><F3/><W99/><G73/><T114/><D114/><U41/><E41/><V103/><F26/><W100/><G67/><T60/><D85/><U109/><E71/><V76/><F116/><W24/><REACH who="3" step="1"/><G29/><REACH who="3" ten="383,209,199,199" step="2"/><T101/><REACH who="0" step="1"/><D23/><REACH who="0" ten="373,209,199,199" step="2"/><U117/><E117/><V111/><F103/><W61/><G61/><T134/><D134/><U8/><E63/><V80/><F111/><W88/><G88/><T104/><AGARI ba="2,2" hai="5,6,7,39,42,45,60,65,69,72,75,97,101,104" machi="104" ten="30,3000,0" yaku="1,1,0,1,53,0" doraHai="121" doraHaiUra="31" who="0" fromWho="0" sc="373,56,209,-12,199,-12,199,-12" /><INIT seed="0,3,0,2,4,84" ten="429,197,187,187" oya="0" hai0="129,52,18,119,29,135,39,14,19,51,114,68,53" hai1="134,75,107,9,54,112,60,22,120,132,91,94,118" hai2="127,96,6,7,83,123,49,128,31,24,27,80,64" hai3="73,117,97,3,11,111,93,61,38,89,102,66,90"/><T133/><D114/><U67/><E118/><V81/><F123/><W5/><G117/><T57/><D119/><U34/><E34/><V32/><F128/><W55/><G111/><T25/><D68/><U16/><E107/><V110/><F110/><W130/><G130/><T74/><D74/><U30/><E75/><V50/><F127/><W100/><G73/><T1/><D1/><U2/><E54/><V28/><F64/><W37/><G55/><T109/><D129/><U78/><E78/><V40/><F96/><W58/><REACH who="3" step="1"/><G100/><REACH who="3" ten="429,197,187,177" step="2"/><T106/><D109/><U33/><E120/><V131/><F131/><W36/><AGARI ba="3,1" hai="3,5,11,36,37,38,58,61,66,89,90,93,97,102" machi="36" ten="30,8000,1" yaku="1,1,2,1,0,1,52,2,53,0" doraHai="84" doraHaiUra="113" who="3" fromWho="3" sc="429,-43,197,-23,187,-23,177,99" /><INIT seed="1,0,0,4,0,122" ten="386,174,164,276" oya="1" hai0="43,124,14,5,75,63,78,81,66,95,52,56,17" hai1="33,48,2,101,128,8,11,6,23,104,60,39,114" hai2="82,106,71,85,121,134,50,1,88,15,10,40,69" hai3="16,38,13,61,65,26,58,89,36,68,90,105,107"/><U79/><E114/><V72/><F134/><W127/><G127/><T87/><D124/><U19/><E39/><V109/><F121/><W73/><G73/><T57/><D43/><U80/><E33/><V125/><F125/><W3/><G3/><T35/><D35/><U54/><E128/><V49/><F106/><W9/><G105/><T110/><D110/><U130/><E11/><V21/><F109/><W133/><G133/><T76/><D5/><U44/><E60/><V94/><F1/><W77/><G77/><N who="0" m="46511" /><D95/><U45/><E130/><V126/><F126/><W31/><G107/><T53/><D75/><U27/><E101/><V74/><F21/><W91/><REACH who="3" step="1"/><G68/><REACH who="3" ten="386,174,164,266" step="2"/><T93/><D76/><U118/><E104/><V102/><F72/><W123/><G123/><T84/><D78/><U30/><E118/><V28/><F74/><W59/><G59/><T18/><D57/><U108/><E108/><V129/><F129/><W115/><G115/><T67/><D56/><U64/><E79/><V12/><F71/><W70/><G70/><T51/><D67/><U112/><E112/><V20/><F69/><W99/><G99/><T111/><D66/><U120/><E120/><V32/><F32/><AGARI ba="0,1" hai="9,13,16,26,31,32,36,38,58,61,65,89,90,91" machi="32" ten="40,2600,0" yaku="1,1,54,1,53,0" doraHai="122" doraHaiUra="46" who="3" fromWho="2" sc="386,0,174,0,164,-26,266,36" /><INIT seed="2,0,0,1,2,11" ten="386,174,138,302" oya="2" hai0="100,59,46,131,26,61,28,116,39,63,90,101,15" hai1="75,48,133,41,80,113,37,18,5,68,23,47,33" hai2="30,128,120,107,44,93,38,9,88,105,77,110,103" hai3="35,87,72,64,14,54,13,98,0,17,78,134,69"/><V21/><F120/><W73/><G134/><T29/><D131/><U49/><E33/><V60/><F128/><W3/><G35/><T66/><D116/><U52/><E68/><V6/><F77/><W1/><G98/><T86/><D39/><U67/><E67/><V51/><F38/><W70/><G54/><T62/><D46/><U31/><E5/><V118/><F118/><W85/><G17/><T53/><D15/><N who="3" m="5641" /><G78/><T117/><D117/><U65/><E113/><V123/><F123/><W43/><G43/><T55/><D55/><U81/><E31/><N who="0" m="11849" /><D26/><U83/><E65/><V89/><F110/><W114/><G64/><T84/><D84/><N who="3" m="32329" /><G114/><T97/><D97/><U130/><E133/><V125/><F107/><W45/><G45/><T124/><D66/><U119/><E119/><V129/><F105/><W2/><N who="3" m="0" /><DORA hai="40" /><W96/><G96/><T106/><D106/><U20/><E130/><V42/><F129/><W4/><G4/><T126/><D53/><U102/><E37/><V57/><F6/><W58/><G58/><T22/><D59/><N who="1" m="33159" /><E18/><V91/><F9/><W95/><G95/><N who="0" m="54743" /><D63/><U108/><E108/><V76/><F76/><W82/><G82/><T56/><D62/><U50/><E81/><V79/><F79/><W25/><G25/><T7/><D61/><U115/><E115/><V92/><F103/><N who="0" m="39498" /><D56/><U104/><E83/><V94/><F57/><W99/><G99/><T16/><D7/><U121/><E121/><V12/><F60/><W8/><G8/><T71/><D71/><AGARI ba="0,0" hai="69,70,71,72,73" m="0,32329,5641" machi="71" ten="60,8000,1" yaku="28,2,52,3" doraHai="11,40" who="3" fromWho="0" sc="386,-80,174,0,138,0,302,80" /><INIT seed="3,0,0,4,1,53" ten="306,174,138,382" oya="3" hai0="88,9,99,47,75,90,51,125,107,103,59,105,82" hai1="21,98,6,112,108,100,119,97,116,26,121,124,60" hai2="77,40,92,57,22,83,109,0,81,104,111,55,91" hai3="56,2,49,89,50,63,129,126,12,24,5,80,79"/><W85/><G129/><T42/><D125/><U84/><E121/><V38/><F104/><W1/><G126/><T122/><D122/><U101/><E124/><V135/><F135/><W31/><G1/><T54/><D105/><U32/><E32/><V123/><F123/><W130/><G2/><T76/><REACH who="0" step="1"/><D9/><REACH who="0" ten="296,174,138,382" step="2"/><U34/><E119/><V71/><F71/><W29/><G130/><T4/><D4/><U62/><E6/><V94/><F0/><W41/><G5/><T86/><D86/><U69/><E84/><N who="2" m="50575" /><F22/><W93/><G85/><T36/><AGARI ba="0,1" hai="36,42,47,51,54,59,75,76,82,88,90,99,103,107" machi="36" ten="20,8000,1" yaku="1,1,0,1,7,1,52,1,54,1,53,0" doraHai="53" doraHaiUra="20" who="0" fromWho="0" sc="296,90,174,-20,138,-20,382,-40" owari="386,48.6,154,-24.6,118,-38.2,342,14.2" /></mjloggm>