<mjloggm ver="2.3"><GO type="225" lobby="0"/><UN n0="%77%72%77%72%77%72%77%72" n1="%E3%81%93%E3%82%93%E3%81%A9%E3%83%BC%E3%81%95%E3%82%93" n2="%E3%81%BF%E3%81%BF%E3%81%9A" n3="%6E%69%63%6F%6E%74%6F" dan="17,16,17,17" rate="2188.76,2091.17,2239.62,2111.03" sx="M,M,M,M"/><TAIKYOKU oya="0"/><INIT seed="0,0,0,0,0,96" ten="250,250,250,250" oya="0" hai0="55,71,30,6,91,17,20,86,18,118,1,133,108" hai1="125,113,19,123,98,99,14,3,9,73,62,35,79" hai2="13,5,50,58,26,66,23,122,128,16,10,60,8" hai3="109,89,127,32,93,49,33,43,74,40,54,45,24"/><T39/><D118/><U4/><E123/><V68/><F128/><W64/><G109/><T134/><D71/><U46/><E125/><V131/><F131/><W22/><G127/><T83/><D39/><U59/><E113/><V44/><F122/><W61/><G74/><T78/><D108/><U7/><E35/><V115/><F115/><W2/><G2/><T29/><D1/><U12/><E79/><V75/><F75/><W85/><G33/><T114/><D6/><U56/><E73/><V90/><F10/><W87/><G87/><T28/><D114/><U57/><E46/><V130/><F130/><W72/><G72/><T112/><D112/><U82/><E82/><V135/><F135/><N who="0" m="51722" /><D55/><U42/><E42/><V77/><F90/><W121/><G32/><T124/><D124/><U36/><E36/><V95/><F95/><W129/><G121/><T47/><D47/><U119/><E119/><V102/><F77/><W52/><G54/><T76/><D17/><U105/><E3/><V21/><F21/><W38/><G38/><T103/><D103/><U41/><E4/><V34/><F34/><W15/><G129/><T37/><D37/><U132/><E132/><V120/><F120/><W65/><G65/><T111/><BYE who="3" /><D111/><U25/><E7/><V53/><REACH who="2" step="1"/><F102/><REACH who="2" ten="250,250,240,250" step="2"/><W0/><G0/><T126/><D126/><U70/><E9/><V88/><F88/><W117/><G117/><T116/><D116/><U67/><E105/><V69/><AGARI ba="0,1" hai="5,8,13,16,23,26,44,50,53,58,60,66,68,69" machi="69" ten="30,4000,0" yaku="1,1,0,1,54,1,53,0" doraHai="96" doraHaiUra="80" who="2" fromWho="2" sc="250,-20,250,-10,240,50,250,-10" /><UN n3="%6E%69%63%6F%6E%74%6F" /><INIT seed="1,0,0,5,3,58" ten="230,240,290,240" oya="1" hai0="111,72,22,66,26,40,32,41,121,113,86,107,30" hai1="76,64,126,78,47,94,31,114,25,16,84,29,1" hai2="91,85,0,74,4,104,93,9,71,88,38,108,79" hai3="2,130,51,59,35,95,73,6,69,46,110,61,39"/><U118/><E114/><V13/><F108/><W10/><G110/><T106/><D113/><U19/><E1/><V65/><F104/><W119/><G35/><T92/><D111/><U20/><E126/><V48/><F38/><W109/><G109/><T120/><D72/><U127/><E118/><V12/><F48/><W98/><G119/><T134/><D134/><U68/><E127/><V36/><F36/><W17/><G130/><T101/><D32/><U45/><E68/><V56/><F71/><W131/><G131/><T53/><D66/><U33/><E64/><V62/><REACH who="2" step="1"/><F91/><REACH who="2" ten="230,240,280,240" step="2"/><W63/><G39/><T100/><D107/><U42/><E47/><V28/><F28/><W24/><G69/><T83/><D106/><U122/><E29/><V89/><F89/><W115/><G115/><T87/><D30/><U90/><E122/><V60/><F60/><W15/><G59/><T55/><D121/><U82/><E33/><V50/><F50/><W7/><G63/><T81/><D120/><U43/><E78/><V129/><F129/><W11/><G61/><T133/><D133/><U67/><E67/><V80/><AGARI ba="0,1" hai="0,4,9,12,13,56,62,65,74,79,80,85,88,93" machi="80" ten="30,7900,0" yaku="1,1,0,1,52,1,54,1,53,0" doraHai="58" doraHaiUra="117" who="2" fromWho="2" sc="230,-20,240,-39,280,89,240,-20" /><INIT seed="2,0,0,1,2,113" ten="210,201,369,220" oya="2" hai0="15,42,62,28,96,80,97,108,65,100,54,98,34" hai1="9,76,135,6,21,83,17,112,130,123,1,31,26" hai2="84,30,38,59,105,70,67,50,46,79,63,66,126" hai3="116,7,121,13,5,71,124,47,92,35,41,119,14"/><V44/><F105/><W11/><G121/><T55/><D42/><U110/><E112/><V72/><F30/><W90/><G71/><T94/><D108/><U101/><E110/><V8/><F72/><W129/><G35/><T117/><D117/><U39/><E39/><V73/><F73/><W95/><G129/><T125/><D125/><U49/><E130/><V69/><F8/><W75/><G75/><T23/><D34/><U133/><E101/><V52/><F84/><W111/><G111/><T29/><D80/><U64/><E64/><N who="2" m="24619" /><F79/><W103/><G124/><T115/><D115/><U107/><E107/><V18/><F18/><W56/><G56/><N who="0" m="37063" /><D29/><U120/><E49/><N who="2" m="28711" /><F38/><W85/><G7/><T20/><D28/><U16/><E83/><V27/><F27/><W128/><G128/><T48/><D15/><N who="1" m="9375" /><E17/><V33/><F126/><W82/><G14/><T74/><D74/><U114/><E76/><V106/><F106/><W89/><G82/><T24/><D20/><N who="1" m="15815" /><E114/><V2/><F2/><W40/><G40/><T61/><BYE who="3" /><D23/><U43/><E43/><N who="2" m="24927" /><F33/><W132/><G132/><AGARI ba="0,0" hai="1,6,9,120,123,132,133,135" m="15815,9375" machi="132" ten="30,7700,0" yaku="20,1,34,2,54,1" doraHai="113" who="1" fromWho="3" sc="210,0,201,77,369,0,220,-77" /><INIT seed="3,0,0,5,3,86" ten="210,278,369,143" oya="3" hai0="111,40,123,94,126,20,35,34,114,113,30,70,56" hai1="15,0,63,116,132,12,88,41,49,52,97,14,11" hai2="98,38,89,100,57,44,18,83,37,90,47,69,2" hai3="128,48,7,46,16,79,107,105,50,118,109,6,81"/><W53/><G53/><T117/><D117/><U91/><E132/><V84/><F69/><W59/><G59/><T77/><D111/><U27/><E116/><V64/><F2/><W103/><G103/><T115/><D70/><U135/><E135/><V13/><F37/><W32/><G32/><T61/><D40/><U73/><E73/><V60/><F38/><W22/><G22/><T3/><D3/><U82/><E0/><V66/><F90/><N who="1" m="34345" /><E27/><V87/><F66/><W58/><G58/><T24/><D123/><U101/><E82/><V19/><F87/><W28/><G28/><T5/><D30/><U9/><E63/><V33/><F33/><W23/><G23/><T71/><D20/><U36/><E36/><V26/><F26/><W121/><G121/><T108/><D61/><U133/><E41/><V95/><F19/><W124/><G124/><T93/><D34/><U10/><E133/><V120/><F120/><W29/><G29/><T99/><D35/><U65/><E65/><V43/><F43/><W122/><G122/><T25/><D126/><U129/><E129/><V76/><F100/><W106/><G106/><T55/><D24/><U8/><N who="1" m="2048" /><DORA hai="134" /><U74/><E74/><V67/><F64/><W96/><G96/><T42/><D99/><U75/><E75/><V104/><F104/><W17/><G17/><T125/><D42/><U72/><E72/><V68/><F68/><W102/><G102/><T1/><D71/><U39/><E39/><V78/><F67/><W127/><G127/><T112/><D25/><U4/><E4/><V45/><F60/><RYUUKYOKU ba="0,0" sc="210,0,278,0,369,0,143,0" owari="210,-19.0,278,7.8,369,46.9,143,-35.7" /></mjloggm>