<mjloggm ver="2.3"><GO type="225" lobby="0"/><UN n0="%E5%91%A8%E6%9D%B1" n1="%77%72%77%72%77%72%77%72" n2="%E3%82%B3%E3%83%90%E3%83%AC%E3%82%A4" n3="%72%69%6F%75%63%68%61%6E" dan="17,17,16,16" rate="2110.10,2177.28,2180.98,2208.94" sx="M,M,M,M"/><TAIKYOKU oya="0"/><INIT seed="0,0,0,0,3,127" ten="250,250,250,250" oya="0" hai0="82,99,102,87,107,64,78,7,118,29,31,35,52" hai1="66,37,79,85,19,128,24,110,83,91,46,105,16" hai2="39,60,62,81,22,123,38,51,25,106,112,108,94" hai3="130,101,68,53,63,97,28,80,121,124,84,67,90"/><T116/><D7/><U47/><E105/><V69/><F106/><W133/><G130/><T98/><D98/><U11/><E128/><V126/><F112/><W43/><G133/><T109/><D109/><U33/><E110/><V32/><F32/><W20/><G124/><T95/><D64/><U2/><E66/><V49/><F22/><W65/><G121/><T129/><D129/><U27/><E91/><V34/><F94/><W21/><G43/><T120/><D120/><U56/><E56/><V92/><F92/><N who="3" m="58535" /><G68/><T13/><D13/><U26/><E33/><V76/><F34/><W45/><G20/><T5/><D5/><U61/><E61/><V115/><F69/><W131/><G131/><T41/><D41/><U55/><E37/><V50/><F39/><W71/><G71/><T74/><D52/><U3/><E55/><V6/><F38/><W113/><G113/><T14/><D14/><N who="1" m="7263" /><E3/><V114/><F123/><W18/><G28/><N who="0" m="10827" /><D35/><U100/><E100/><V0/><F108/><W125/><G125/><T73/><D73/><U12/><E2/><V48/><F126/><W86/><G86/><T96/><D96/><U77/><E79/><V17/><F115/><W111/><G111/><T8/><D8/><AGARI ba="0,0" hai="8,12,19,24,26,27,46,47,77,83,85" m="7263" machi="8" ten="30,2000,0" yaku="8,1,54,1" doraHai="127" who="1" fromWho="0" sc="250,-20,250,20,250,0,250,0" /><INIT seed="1,0,0,4,2,128" ten="230,270,250,250" oya="1" hai0="50,117,124,92,102,88,76,46,55,121,9,24,86" hai1="116,130,85,54,28,42,12,104,29,95,94,49,38" hai2="105,23,123,36,131,80,13,31,4,103,2,71,1" hai3="10,33,8,101,39,47,45,26,57,69,114,81,112"/><U68/><E116/><V115/><F123/><W61/><G69/><T60/><D124/><U51/><E104/><V74/><F71/><W111/><G111/><T41/><D121/><U118/><E118/><V5/><F36/><W20/><G33/><T135/><D117/><U6/><E68/><V113/><F80/><W17/><G101/><T15/><D135/><U32/><E38/><V72/><F103/><W19/><G81/><T67/><D24/><U126/><E130/><V56/><F56/><W108/><G108/><T89/><D102/><U22/><E32/><V43/><F43/><W25/><G39/><T79/><D55/><U109/><E126/><V106/><F13/><W84/><G84/><T14/><D89/><N who="1" m="53551" /><E95/><V66/><F131/><W132/><G132/><T110/><D110/><U3/><E3/><V122/><F122/><W34/><G34/><T87/><D87/><U11/><E109/><V0/><F0/><W70/><G70/><T35/><D35/><U16/><E42/><V125/><F125/><W91/><G91/><T90/><D90/><U82/><E82/><V77/><F77/><N who="0" m="29770" /><D9/><N who="3" m="3689" /><G114/><T7/><D7/><U97/><E97/><V40/><F40/><W133/><G133/><T59/><AGARI ba="0,0" hai="14,15,41,46,50,59,60,67,86,88,92" m="29770" machi="59" ten="30,2000,0" yaku="8,1,54,1" doraHai="128" who="0" fromWho="0" sc="230,20,270,-10,250,-5,250,-5" /><INIT seed="2,0,0,3,0,43" ten="250,260,245,245" oya="2" hai0="75,94,4,123,41,101,60,8,34,133,63,53,128" hai1="116,78,83,91,9,30,31,135,32,57,112,54,118" hai2="92,25,134,58,67,10,35,81,52,86,20,23,16" hai3="68,29,113,49,117,82,71,99,72,5,100,93,111"/><V109/><F134/><W95/><G117/><T48/><D34/><U122/><E112/><V46/><F109/><W115/><G111/><T108/><D108/><U79/><E135/><V0/><F35/><W18/><G29/><N who="1" m="10762" /><E32/><V114/><F114/><N who="3" m="43531" /><G5/><T69/><D133/><U106/><E106/><V73/><F73/><W59/><G18/><T42/><D75/><U129/><E129/><V77/><F0/><W47/><G59/><T1/><D128/><U45/><E122/><V124/><F124/><W74/><G93/><T28/><D28/><U55/><E118/><V33/><F33/><W15/><G15/><T104/><D104/><U85/><E116/><V38/><F92/><W76/><G72/><T80/><D123/><U119/><E119/><V19/><F10/><W89/><G100/><T107/><D107/><U56/><E9/><V87/><F86/><W37/><G37/><T90/><D101/><U6/><E6/><V44/><F38/><W126/><G126/><T21/><D21/><U24/><E24/><N who="2" m="14343" /><F67/><W12/><G12/><T11/><D11/><U2/><E2/><V132/><F132/><W105/><G105/><T7/><D7/><U127/><E127/><V131/><F131/><W103/><G103/><T66/><D94/><U125/><E125/><V64/><F64/><W36/><G36/><T120/><D120/><U110/><E110/><V65/><F65/><W84/><G74/><T40/><D66/><U88/><E85/><V14/><F14/><W70/><G71/><T62/><D69/><U39/><E39/><V22/><F22/><W17/><G17/><RYUUKYOKU ba="0,0" sc="250,-15,260,-15,245,15,245,15" hai2="19,23,25,44,46,52,58,77,81,87" hai3="47,49,68,70,76,82,84,89,95,99" /><INIT seed="2,1,0,0,1,24" ten="235,245,260,260" oya="2" hai0="22,35,49,110,41,1,117,39,82,92,9,38,91" hai1="101,7,85,56,130,32,26,14,3,112,23,43,76" hai2="122,114,47,87,67,58,46,36,21,105,31,55,68" hai3="98,70,84,69,4,121,89,93,33,126,61,8,60"/><V100/><F122/><W59/><G121/><T78/><D110/><U74/><E112/><V71/><F114/><W131/><G126/><T62/><D117/><U115/><E115/><V20/><F71/><W10/><G131/><T109/><D109/><U128/><E74/><V34/><F36/><W19/><G33/><T120/><D35/><U123/><E123/><V51/><F87/><W86/><G19/><T40/><D120/><U28/><E101/><V108/><F108/><W83/><G86/><T79/><D62/><U30/><E43/><V77/><F77/><W15/><G10/><T64/><D64/><U57/><E85/><V11/><F11/><W125/><G61/><T133/><D133/><U94/><E94/><V106/><F105/><W53/><REACH who="3" step="1"/><G125/><REACH who="3" ten="235,245,260,250" step="2"/><T45/><D9/><N who="1" m="2303" /><E76/><AGARI ba="1,1" hai="4,8,15,53,59,60,69,70,76,83,84,89,93,98" machi="76" ten="30,3900,0" yaku="1,1,7,1,53,1" doraHai="24" doraHaiUra="75" who="3" fromWho="1" sc="235,0,245,-42,260,0,250,52" /><INIT seed="3,0,0,2,2,42" ten="235,203,260,302" oya="3" hai0="34,43,59,90,9,82,62,21,78,121,94,19,27" hai1="65,124,84,3,20,31,29,33,72,41,101,35,38" hai2="5,85,18,108,28,11,4,63,77,87,13,93,50" hai3="47,106,61,83,88,0,123,81,56,113,127,74,51"/><W23/><G113/><T53/><D121/><U130/><E72/><V58/><F108/><W79/><G123/><T67/><D34/><U60/><E3/><V68/><F68/><W111/><G0/><T48/><D9/><U44/><E130/><V125/><F28/><W40/><G106/><T66/><D43/><U6/><E124/><V39/><F39/><W96/><G111/><T12/><D27/><U16/><E6/><V37/><F37/><W97/><G127/><T102/><D102/><U54/><E101/><V7/><F50/><W119/><G119/><T17/><D17/><U36/><E36/><V2/><F2/><W69/><G69/><T26/><D12/><U109/><E109/><V73/><F73/><W107/><G107/><T52/><D82/><N who="3" m="31241" /><G79/><T117/><D78/><U55/><E84/><V100/><F77/><W95/><G74/><T14/><D14/><U118/><E118/><V135/><F125/><W105/><G105/><T91/><D117/><U10/><E10/><V103/><F103/><W131/><G131/><T76/><D76/><U89/><E89/><N who="0" m="33801" /><D94/><U132/><E132/><V25/><F135/><W104/><G104/><T30/><D30/><U128/><E128/><V64/><F25/><W75/><G75/><T114/><D114/><U126/><E126/><V115/><F115/><W45/><G23/><T112/><D112/><U99/><E99/><AGARI ba="0,0" hai="4,5,7,11,13,18,58,63,64,85,87,93,99,100" machi="99" ten="40,1300,0" yaku="8,1" doraHai="42" who="2" fromWho="1" sc="235,0,203,-13,260,13,302,0" owari="235,-16.5,190,-31.0,273,7.3,302,40.2" /></mjloggm>