<mjloggm ver="2.3"><GO type="225" lobby="0"/><UN n0="%E6%B0%B7%E5%B7%9D%E9%87%8C%E5%A5%88" n1="%E3%81%A8%E3%82%93%E3%81%A8%E3%81%93%E3%81%A8%E3%82%93" n2="%E3%81%B2%E3%81%BE%E3%81%A4%E3%81%B6%E3%81%97" n3="%E3%81%86%E3%82%8C%E3%81%9F%E3%82%93%E6%9E%95" dan="16,16,16,16" rate="2099.51,2148.72,2164.40,2096.51" sx="F,F,M,F"/><TAIKYOKU oya="0"/><INIT seed="0,0,0,4,2,65" ten="250,250,250,250" oya="0" hai0="10,77,63,35,75,47,8,4,28,30,9,103,124" hai1="15,112,41,104,33,135,96,68,106,78,62,67,101" hai2="94,55,73,129,6,21,93,7,61,60,120,86,50" hai3="57,133,32,52,37,111,31,66,127,119,39,27,97"/><T128/><D124/><U3/><E135/><V118/><F120/><W44/><G119/><T113/><D113/><U83/><E112/><V125/><F73/><W88/><G133/><T126/><D128/><U72/><E15/><V1/><F118/><W11/><G127/><T84/><D126/><U74/><E41/><V130/><F125/><W90/><G111/><T107/><D75/><N who="1" m="43487" /><E106/><V2/><F21/><W121/><G66/><T53/><D4/><U79/><E79/><V70/><F50/><W43/><G37/><T109/><D109/><U92/><E92/><V134/><F86/><W116/><G121/><T34/><D107/><U58/><E58/><V131/><F55/><W59/><G59/><N who="0" m="35311" /><D34/><U71/><E71/><V102/><F102/><W17/><G97/><T25/><D35/><U85/><E85/><V22/><F22/><W110/><G116/><T99/><D25/><U45/><E45/><V91/><F91/><W16/><G110/><T26/><D26/><U108/><E108/><V0/><F134/><W81/><G81/><N who="0" m="47151" /><D47/><U89/><E33/><V20/><F20/><W123/><G123/><T12/><D12/><U19/><E19/><V98/><F98/><W87/><G87/><T13/><D13/><U105/><E104/><V5/><F70/><W54/><G90/><T24/><D24/><U122/><E122/><V100/><F100/><W48/><G88/><T132/><D132/><U14/><E3/><V64/><F64/><W38/><G44/><T114/><D114/><U46/><E46/><V23/><F23/><N who="3" m="13799" /><G32/><T117/><D117/><U49/><E89/><RYUUKYOKU ba="0,0" sc="250,15,250,-15,250,15,250,-15" hai0="8,9,10,28,30,99,103" hai2="0,1,2,5,6,7,60,61,93,94,129,130,131" /><INIT seed="0,1,0,3,5,100" ten="265,235,265,235" oya="0" hai0="71,50,113,58,49,131,68,91,44,64,128,106,95" hai1="0,123,17,23,129,125,126,107,84,6,59,34,18" hai2="112,93,4,35,132,45,47,73,83,97,135,98,7" hai3="24,96,116,41,22,99,5,77,54,55,40,101,25"/><T109/><D113/><U20/><E84/><V1/><F112/><W130/><G116/><T115/><D115/><U134/><E59/><V108/><F35/><W103/><G130/><N who="0" m="49707" /><D109/><U8/><E123/><V119/><F119/><W39/><G39/><T124/><D124/><N who="1" m="47723" /><E129/><V2/><F83/><W37/><G37/><T85/><D106/><U30/><E107/><V111/><REACH who="2" step="1"/><F93/><REACH who="2" ten="265,235,255,235" step="2"/><W48/><G77/><T63/><D50/><U94/><E94/><V75/><AGARI ba="1,1" hai="1,2,4,7,45,47,73,75,97,98,108,111,132,135" machi="75" ten="25,8000,1" yaku="1,1,2,1,0,1,22,2,53,0" doraHai="100" doraHaiUra="87" who="2" fromWho="2" sc="265,-41,235,-21,255,93,235,-21" /><INIT seed="1,0,0,2,0,77" ten="224,214,348,214" oya="1" hai0="9,108,8,36,88,22,23,117,13,50,29,95,124" hai1="10,45,93,61,57,53,31,81,132,15,115,135,97" hai2="58,47,110,76,79,121,84,35,85,96,40,42,51" hai3="105,52,33,133,82,107,28,49,6,92,106,63,4"/><U74/><E115/><V5/><F35/><W30/><G133/><N who="1" m="51274" /><E31/><V41/><F110/><W78/><G92/><T20/><D36/><U67/><E45/><V73/><F121/><W54/><G63/><T127/><D117/><U71/><E74/><V113/><F113/><W104/><N who="3" m="26624" /><DORA hai="70" /><W109/><G109/><T102/><D102/><N who="1" m="60719" /><E81/><N who="2" m="47143" /><F73/><W90/><G90/><T7/><D108/><U44/><E44/><V89/><F79/><W37/><G37/><T100/><D100/><U125/><E125/><V55/><F96/><W16/><G30/><T11/><D29/><U119/><E119/><V18/><F18/><W64/><G64/><T3/><D50/><N who="1" m="30903" /><E10/><V126/><F126/><N who="0" m="48170" /><D3/><U48/><E15/><V43/><F43/><W123/><G123/><T27/><D27/><U26/><E48/><N who="2" m="31079" /><F5/><W72/><G16/><N who="0" m="10255" /><D7/><U116/><E116/><V128/><F128/><W118/><G118/><T46/><D46/><U38/><E38/><V80/><AGARI ba="0,0" hai="40,41,42,47,51,80,85,89" m="31079,47143" machi="80" ten="30,4000,0" yaku="8,1,52,2" doraHai="77,70" who="2" fromWho="2" sc="224,-10,214,-20,348,40,214,-10" /><INIT seed="2,0,0,3,4,51" ten="214,194,388,204" oya="2" hai0="85,8,111,98,122,64,70,38,91,110,101,24,42" hai1="30,6,77,49,58,21,116,108,2,9,25,10,17" hai2="73,118,82,18,40,80,115,99,125,90,59,13,35" hai3="119,57,126,43,120,103,65,131,107,74,124,95,132"/><V71/><F35/><W19/><G119/><T56/><D122/><U88/><E116/><V53/><F71/><W48/><G120/><T117/><D70/><U23/><E77/><V7/><F118/><W84/><G131/><T55/><D64/><U60/><E108/><N who="0" m="41513" /><D117/><U66/><E49/><V39/><F7/><W34/><G132/><T15/><D24/><U100/><E100/><V75/><F73/><W63/><G74/><T3/><D3/><U121/><E121/><V54/><F75/><W16/><G34/><T68/><D68/><U133/><E133/><V47/><F125/><N who="3" m="48235" /><G107/><N who="0" m="63927" /><D42/><U61/><E60/><V45/><F115/><W36/><G36/><T0/><D0/><U4/><E88/><V113/><F90/><N who="3" m="53703" /><G103/><T26/><D26/><U22/><REACH who="1" step="1"/><E30/><REACH who="1" ten="214,184,388,204" step="2"/><V33/><F39/><W106/><G106/><T123/><D38/><U5/><E5/><V67/><F40/><W37/><G37/><T52/><D56/><U134/><E134/><V92/><F59/><W87/><G48/><T44/><D123/><U31/><E31/><V128/><F128/><W94/><G43/><T32/><D44/><U79/><E79/><V112/><F113/><W129/><G129/><T89/><D89/><AGARI ba="0,1" hai="16,19,57,63,65,87,89,94" m="53703,48235" machi="89" ten="30,2000,0" yaku="18,1,54,1" doraHai="51" who="3" fromWho="0" sc="214,-20,184,0,388,0,204,30" /><INIT seed="3,0,0,4,1,111" ten="194,184,388,234" oya="3" hai0="61,79,53,33,54,121,68,87,125,99,2,0,74" hai1="9,124,88,14,122,109,39,107,114,134,85,8,78" hai2="81,135,106,16,37,29,75,110,127,65,66,129,28" hai3="47,3,18,40,80,84,133,82,13,25,38,91,57"/><W113/><G133/><T69/><D74/><U6/><E122/><V35/><F16/><W22/><G3/><T26/><D121/><U30/><E39/><V131/><F81/><W123/><G123/><T73/><D73/><U105/><E109/><V12/><F12/><W94/><G113/><T86/><D125/><U90/><E134/><V4/><F4/><W100/><G100/><T55/><D99/><U115/><E124/><V67/><F75/><W92/><G92/><T41/><D41/><U60/><E30/><V126/><F37/><W58/><REACH who="3" step="1"/><G25/><REACH who="3" ten="194,184,388,224" step="2"/><T130/><D26/><U98/><E114/><V71/><F135/><W97/><G97/><T93/><D93/><N who="1" m="56615" /><E115/><V120/><F126/><W76/><G76/><T31/><D79/><U77/><E107/><V104/><F127/><W19/><G19/><T44/><D2/><U24/><E105/><V10/><F120/><W15/><G15/><T128/><D0/><U21/><E9/><V103/><F104/><W72/><G72/><T52/><D130/><U63/><E77/><V34/><F106/><W83/><AGARI ba="0,1" hai="13,18,22,38,40,47,57,58,80,82,83,84,91,94" machi="83" ten="30,6000,0" yaku="1,1,0,1,53,1" doraHai="111" doraHaiUra="17" who="3" fromWho="3" sc="194,-20,184,-20,388,-20,224,70" /><INIT seed="3,1,0,3,0,72" ten="174,164,368,294" oya="3" hai0="59,52,96,67,129,6,117,134,48,126,54,33,80" hai1="30,70,111,36,69,73,81,58,16,125,63,102,118" hai2="115,97,120,108,31,83,32,94,29,98,76,3,18" hai3="41,74,128,45,11,123,25,71,130,40,84,82,9"/><W22/><G123/><T92/><D117/><U124/><E36/><V55/><F108/><W106/><G71/><T77/><D33/><U13/><E30/><V91/><F115/><W27/><G106/><T39/><D39/><U85/><E102/><V60/><F3/><W57/><G74/><T0/><D129/><N who="3" m="49769" /><G57/><T79/><D134/><U44/><E44/><V133/><F120/><W127/><G127/><N who="1" m="48714" /><E73/><V19/><F133/><W61/><G61/><T38/><D126/><U132/><E111/><V107/><F107/><W90/><G27/><T21/><D38/><U56/><E118/><V122/><F122/><W116/><G116/><T1/><D67/><N who="1" m="41215" /><E70/><V15/><F60/><W7/><G45/><T101/><D54/><U26/><E26/><V114/><F114/><W131/><G131/><T86/><D52/><U50/><E50/><V100/><F32/><W34/><G34/><T5/><D48/><U103/><E103/><V12/><F31/><W14/><G41/><T112/><D112/><U35/><E35/><V109/><F109/><W46/><G46/><T105/><D59/><U88/><E132/><V42/><F42/><W37/><G40/><T95/><D105/><U8/><AGARI ba="1,0" hai="8,13,16,56,58,81,85,88" m="41215,48714" machi="8" ten="30,4000,0" yaku="18,1,54,2" doraHai="72" who="1" fromWho="1" sc="174,-11,164,43,368,-11,294,-21" owari="163,-33.7,207,-19.3,357,45.7,273,7.3" /></mjloggm>