<mjloggm ver="2.3"><GO type="225" lobby="0"/><UN n0="%E3%82%82%E3%81%90%E3%82%89" n1="%E6%A1%9C%E8%8A%B1%E9%96%83%E3%80%85" n2="%E3%83%B4%E3%83%A0%EF%BC%99%E3%81%A6" n3="%E3%81%95%E3%81%8D%E3%81%9F%E3%81%BE%E6%9E%97%E6%AA%8E" dan="17,16,17,16" rate="2186.07,2134.40,2198.61,2137.63" sx="F,M,M,M"/><TAIKYOKU oya="0"/><INIT seed="0,0,0,0,5,40" ten="250,250,250,250" oya="0" hai0="80,41,51,129,42,4,123,121,57,104,22,96,117" hai1="65,68,63,52,67,119,7,102,112,135,79,100,85" hai2="21,81,111,37,28,124,110,134,98,19,58,72,16" hai3="120,43,74,47,84,126,49,109,53,14,86,99,45"/><T78/><D117/><U25/><E119/><V8/><F37/><W95/><G74/><T11/><D129/><U38/><E135/><V0/><F134/><W97/><G109/><N who="2" m="41481" /><F98/><W15/><G126/><T17/><D104/><U101/><E112/><V103/><F103/><W108/><G108/><T92/><D42/><U3/><E38/><V127/><F58/><W89/><G120/><T46/><D57/><N who="1" m="35239" /><E3/><V39/><F39/><W125/><G125/><N who="2" m="48201" /><F81/><W62/><G99/><T131/><D131/><U5/><E68/><V88/><F88/><W10/><G15/><T133/><D133/><U75/><E75/><V36/><F72/><W18/><REACH who="3" step="1"/><G62/><REACH who="3" ten="250,250,250,240" step="2"/><T118/><D96/><U71/><E100/><V93/><F36/><AGARI ba="0,1" hai="10,14,18,36,43,45,47,49,53,84,86,89,95,97" machi="36" ten="30,12000,2" yaku="1,1,2,1,7,1,52,2,53,2" doraHai="40" doraHaiUra="82" who="3" fromWho="2" sc="250,0,250,0,250,-120,240,130" /><INIT seed="1,0,0,5,0,104" ten="250,250,130,370" oya="1" hai0="92,84,53,45,107,66,85,131,135,39,112,75,83" hai1="26,116,130,79,94,103,127,65,99,70,1,82,56" hai2="59,128,30,10,31,20,28,120,86,43,47,105,13" hai3="124,35,101,5,16,25,125,27,87,123,34,46,11"/><U29/><E116/><V113/><F120/><W2/><G101/><T19/><D112/><U109/><E127/><N who="3" m="48714" /><G87/><T42/><D107/><U93/><E130/><V110/><F113/><W122/><G46/><T0/><D131/><U106/><E1/><V38/><F128/><W49/><G49/><T77/><D135/><U18/><E18/><V60/><F105/><W115/><G115/><T89/><D66/><U121/><E56/><V40/><F110/><W17/><G27/><T58/><D0/><U37/><E37/><V129/><F129/><W132/><G132/><T134/><D134/><U64/><E121/><N who="3" m="46090" /><G25/><T95/><D95/><U71/><E71/><V117/><F117/><W4/><G4/><T98/><REACH who="0" step="1"/><D19/><AGARI ba="0,0" hai="2,5,11,16,17,19,34,35" m="46090,48714" machi="19" ten="30,7700,0" yaku="18,1,34,2,54,1" doraHai="104" who="3" fromWho="0" sc="250,-77,250,0,130,0,370,77" /><INIT seed="2,0,0,2,2,124" ten="173,250,130,447" oya="2" hai0="26,129,35,123,28,131,115,29,31,6,63,71,34" hai1="108,93,42,82,81,112,113,38,20,73,68,61,77" hai2="76,99,10,47,39,96,100,24,132,1,74,83,56" hai3="41,133,64,23,126,104,69,128,60,8,107,101,4"/><V54/><F132/><W12/><G126/><T32/><D71/><U22/><E93/><V75/><F75/><W13/><G107/><T105/><D105/><U40/><E108/><V48/><F24/><W43/><G133/><T85/><D63/><U106/><E106/><V30/><F30/><N who="0" m="11882" /><D85/><U95/><E95/><V134/><F134/><W117/><G117/><T25/><D123/><U27/><E27/><N who="0" m="10249" /><D115/><U66/><E81/><V5/><REACH who="2" step="1"/><F100/><REACH who="2" ten="173,250,120,447" step="2"/><W121/><G101/><T114/><D31/><U135/><E135/><V58/><F58/><W80/><G69/><T49/><D114/><U97/><E113/><V120/><F120/><W91/><G121/><T44/><D35/><U59/><E112/><V84/><F84/><W109/><G109/><T36/><D34/><U72/><E72/><V18/><F18/><W17/><G17/><T2/><D32/><U98/><E59/><V92/><F92/><W118/><G104/><T50/><D6/><U127/><E127/><V55/><F55/><W21/><G4/><T51/><D2/><U65/><E68/><V3/><F3/><W19/><G19/><T11/><D11/><U90/><E73/><V111/><F111/><W102/><G8/><T16/><D16/><U0/><E0/><V52/><F52/><W37/><G102/><T78/><D78/><U9/><E9/><V79/><F79/><W125/><G125/><T7/><D7/><U53/><E77/><V87/><F87/><W62/><G13/><T14/><D14/><U15/><E15/><V57/><F57/><W130/><G12/><T89/><D89/><RYUUKYOKU ba="0,1" sc="173,15,250,-15,120,15,447,-15" hai0="36,44,49,50,51,129,131" hai2="1,5,10,39,47,48,54,56,74,76,83,96,99" /><INIT seed="2,1,1,1,1,124" ten="188,235,135,432" oya="2" hai0="76,37,112,115,74,88,90,4,24,0,22,135,52" hai1="27,29,78,19,114,129,75,103,64,81,60,80,97" hai2="83,91,54,133,98,18,31,14,65,56,117,21,46" hai3="87,49,105,36,116,69,2,44,104,107,119,128,17"/><V131/><F117/><W70/><G2/><T16/><D37/><U7/><E129/><V101/><F133/><W108/><G128/><T130/><D130/><U66/><E114/><V10/><F131/><W5/><G108/><T25/><D135/><U35/><E7/><V106/><F65/><W59/><G59/><T61/><D25/><U42/><E42/><V15/><F31/><W57/><G57/><T67/><D74/><U13/><E80/><V73/><F46/><W89/><G36/><T50/><D76/><U23/><E60/><V30/><F30/><W110/><G110/><T134/><D134/><U32/><E32/><V132/><F132/><W109/><G109/><T96/><D4/><U28/><E28/><V9/><F14/><W26/><G5/><T40/><D0/><U92/><AGARI ba="1,1" hai="13,19,23,27,29,35,64,66,75,78,81,92,97,103" machi="92" ten="20,1500,0" yaku="0,1,7,1" doraHai="124" who="1" fromWho="1" sc="188,-5,235,28,135,-8,432,-5" /><INIT seed="3,0,0,3,1,31" ten="183,263,127,427" oya="3" hai0="96,99,11,48,0,2,46,93,131,25,69,12,59" hai1="58,91,107,41,80,57,102,73,134,49,89,19,82" hai2="120,85,86,8,70,79,111,7,78,123,129,130,61" hai3="18,50,67,42,60,127,135,24,30,34,66,64,3"/><W119/><G119/><T124/><D69/><U110/><E110/><V40/><F40/><W68/><G135/><T103/><D131/><N who="2" m="50186" /><F8/><W94/><G127/><T14/><D124/><U15/><E89/><V133/><F70/><W5/><G18/><T43/><D14/><U117/><E82/><N who="2" m="47319" /><F61/><W54/><G42/><T101/><D25/><U52/><E102/><V113/><F7/><W62/><G62/><T53/><D12/><U26/><E107/><V132/><F111/><W97/><G5/><T87/><D87/><U17/><E91/><V55/><F55/><W126/><G126/><T21/><D21/><U88/><E73/><V112/><F112/><W10/><G10/><T63/><D11/><U77/><E41/><V118/><F113/><W16/><G3/><T13/><D13/><U81/><E19/><V56/><F56/><W51/><G16/><T108/><D108/><U121/><E58/><V105/><F105/><AGARI ba="0,0" hai="0,2,43,46,48,53,59,63,93,96,99,101,103,105" machi="105" ten="30,1000,0" yaku="7,1" doraHai="31" who="0" fromWho="2" sc="183,10,263,0,127,-10,427,0" owari="193,-20.7,263,6.3,117,-38.3,427,52.7" /></mjloggm>