<mjloggm ver="2.3"><GO type="225" lobby="0"/><UN n0="%E4%B8%8B%E6%AE%B5%E3%83%81%E3%82%A7%E3%83%AA%E3%83%BC" n1="%E3%82%BC%E3%83%AB%E3%83%80%E3%81%AE%E4%BC%9D%E8%AA%AC" n2="%37%2F%32%E3%81%AB%E7%94%9F%E3%81%BE%E3%82%8C%E3%81%A6" n3="%6B%65%6E%6E%64%69" dan="16,16,17,16" rate="2112.37,2202.76,2138.56,2152.20" sx="M,M,M,M"/><TAIKYOKU oya="0"/><INIT seed="0,0,0,2,5,50" ten="250,250,250,250" oya="0" hai0="117,85,110,16,56,99,115,52,10,128,77,121,91" hai1="127,57,112,15,100,23,9,122,93,17,41,54,68" hai2="11,45,73,89,120,135,2,124,101,32,111,59,118" hai3="131,1,61,114,29,75,108,96,24,69,8,129,36"/><T3/><D117/><U86/><E122/><V92/><F120/><W70/><G114/><T39/><D121/><U27/><E127/><V58/><F124/><W94/><G75/><T20/><D115/><U28/><E112/><V47/><F73/><W35/><G36/><T60/><D39/><U109/><E109/><V87/><F111/><W134/><G108/><T67/><D110/><U66/><E41/><V22/><F32/><W49/><G134/><T33/><D33/><U42/><E42/><V26/><F135/><W31/><G31/><T38/><D38/><U34/><E68/><V4/><F101/><W88/><G49/><T53/><D128/><N who="3" m="49225" /><G61/><T113/><D113/><U78/><E66/><V46/><REACH who="2" step="1"/><F118/><REACH who="2" ten="250,250,240,250" step="2"/><W44/><G44/><T6/><D77/><U48/><E34/><V63/><F63/><W81/><G81/><T40/><D40/><U107/><E107/><V13/><F13/><W98/><G98/><T5/><D99/><N who="1" m="59503" /><E86/><V12/><F12/><W82/><G82/><T83/><D6/><AGARI ba="0,1" hai="1,6,8,24,29,35,69,70,88,94,96" m="49225" machi="6" ten="30,2000,0" yaku="19,1,54,1" doraHai="50" who="3" fromWho="0" sc="250,-20,250,0,240,0,250,30" /><INIT seed="1,0,0,2,5,85" ten="230,250,240,280" oya="1" hai0="99,72,52,127,62,6,32,90,74,8,14,33,76" hai1="111,112,34,24,66,123,79,88,105,7,18,132,73" hai2="5,119,11,40,2,108,65,47,103,64,10,131,0" hai3="26,122,55,15,69,102,21,59,63,83,116,98,12"/><U56/><E112/><V19/><F119/><W31/><G122/><T37/><D37/><U53/><E123/><V29/><F108/><W133/><G116/><T114/><D114/><U35/><E105/><V71/><F71/><W4/><G133/><T120/><D120/><U9/><E66/><V51/><F131/><W126/><G126/><T36/><D36/><U129/><E129/><V57/><F29/><W75/><G69/><T58/><D127/><U97/><E132/><V113/><F113/><W82/><G75/><T42/><D42/><U23/><E111/><V115/><F115/><W92/><REACH who="3" step="1"/><G15/><REACH who="3" ten="230,250,240,270" step="2"/><T117/><D117/><U89/><E73/><V45/><F0/><W44/><G44/><T87/><D74/><U1/><E79/><V86/><F47/><W94/><G94/><T38/><D38/><U54/><E54/><V68/><F68/><W100/><G100/><T135/><D135/><U93/><REACH who="1" step="1"/><E89/><REACH who="1" ten="230,240,240,270" step="2"/><V81/><F65/><W3/><G3/><T20/><D76/><U124/><E124/><V41/><F64/><W109/><G109/><T104/><D72/><U125/><E125/><V43/><F2/><W107/><G107/><T61/><D104/><U106/><E106/><V30/><F41/><W101/><G101/><T110/><D110/><U50/><AGARI ba="0,2" hai="1,7,9,18,23,24,34,35,50,53,56,88,93,97" machi="50" ten="20,18000,2" yaku="1,1,0,1,7,1,52,1,54,1,53,1" doraHai="85" doraHaiUra="13" who="1" fromWho="1" sc="230,-60,240,200,240,-60,270,-60" /><INIT seed="1,1,0,2,0,80" ten="170,440,180,210" oya="1" hai0="133,78,49,64,32,45,99,128,61,106,50,76,58" hai1="2,39,9,119,122,135,35,14,5,107,118,29,66" hai2="47,23,103,60,20,83,85,24,0,88,74,109,67" hai3="110,3,28,84,17,36,113,105,120,54,68,53,41"/><U117/><E107/><V27/><F109/><W57/><G113/><T48/><D32/><U126/><E39/><V89/><F0/><W18/><G120/><T82/><D133/><U21/><E66/><V13/><F74/><W125/><G68/><T98/><D128/><U91/><E91/><V38/><F103/><W62/><G110/><T96/><D78/><U4/><E122/><V11/><F89/><W123/><G123/><T15/><D15/><U94/><E94/><V130/><F130/><W129/><G129/><T77/><D77/><U19/><E5/><V46/><F38/><W121/><G3/><T72/><REACH who="0" step="1"/><D106/><REACH who="0" ten="160,440,180,210" step="2"/><U102/><E135/><V124/><F27/><W12/><G105/><T25/><D25/><N who="1" m="18863" /><E126/><V16/><F124/><W42/><G125/><T93/><D93/><U92/><E117/><V40/><F40/><AGARI ba="1,1" hai="40,45,48,49,50,58,61,64,72,76,82,96,98,99" machi="40" ten="40,2600,0" yaku="1,1,53,1" doraHai="80" doraHaiUra="59" who="0" fromWho="2" sc="160,39,440,0,180,-29,210,0" /><INIT seed="2,0,0,4,0,123" ten="199,440,151,210" oya="2" hai0="2,75,96,66,104,106,124,1,54,55,127,56,7" hai1="70,91,17,76,110,62,65,135,98,71,97,126,74" hai2="36,33,108,107,60,6,45,37,10,61,67,22,50" hai3="68,134,121,8,131,128,86,112,132,30,78,100,83"/><V109/><F33/><W72/><G121/><T44/><D75/><U120/><E120/><V29/><F107/><N who="0" m="41002" /><D7/><U82/><E126/><N who="0" m="48169" /><D96/><U47/><E17/><V5/><F22/><W25/><G68/><T95/><D95/><U63/><E47/><V46/><F29/><W64/><G64/><T73/><D73/><U103/><E91/><V94/><F94/><W58/><G58/><T133/><D133/><N who="3" m="51305" /><G112/><T102/><D102/><U42/><E42/><V99/><F99/><W14/><G100/><T43/><D66/><U105/><E98/><V114/><F114/><W116/><G72/><T18/><D18/><U11/><E135/><V23/><F23/><N who="3" m="15679" /><G116/><T77/><D77/><U125/><E125/><V81/><F81/><W48/><G48/><N who="0" m="30823" /><D54/><U39/><E11/><V16/><F16/><AGARI ba="0,0" hai="8,14,16,78,83,86,128,131" m="15679,51305" machi="16" ten="30,2000,0" yaku="20,1,54,1" doraHai="123" who="3" fromWho="2" sc="199,0,440,0,151,-20,210,20" /><INIT seed="3,0,0,0,4,59" ten="199,440,131,230" oya="3" hai0="112,92,74,80,33,0,30,17,71,133,86,73,134" hai1="127,116,107,87,77,95,76,130,11,56,26,105,111" hai2="123,49,79,121,10,29,129,40,115,35,88,91,9" hai3="2,93,43,85,66,20,97,58,36,89,50,7,45"/><W108/><G108/><T60/><D0/><U41/><E41/><V21/><F115/><W114/><G114/><T6/><D6/><U68/><E68/><V125/><F35/><W104/><G2/><T63/><D112/><U99/><E56/><V62/><F79/><N who="1" m="30281" /><E26/><N who="2" m="16591" /><F49/><W72/><G72/><T120/><D120/><N who="2" m="46154" /><F40/><W106/><G7/><T135/><D71/><U48/><E11/><N who="2" m="4107" /><F125/><W113/><G113/><T23/><D92/><U78/><E48/><V102/><F102/><W47/><G106/><T14/><D30/><U124/><E124/><V119/><F119/><W94/><G104/><T64/><D33/><U103/><E111/><V1/><F1/><W42/><G20/><T84/><D64/><U132/><E116/><V27/><F27/><W101/><G58/><T46/><D46/><U18/><E18/><V54/><F129/><W34/><G34/><T31/><D31/><U128/><E127/><V53/><F53/><W15/><G15/><T61/><D80/><N who="1" m="47511" /><E132/><V83/><F83/><W38/><G66/><T131/><D131/><AGARI ba="0,0" hai="95,99,103,105,107,128,130,131" m="47511,30281" machi="131" ten="30,3900,0" yaku="19,1,34,2" doraHai="59" who="1" fromWho="0" sc="199,-39,440,39,131,0,230,0" owari="160,-24.0,479,57.9,131,-36.9,230,3.0" /></mjloggm>