<mjloggm ver="2.3"><GO type="225" lobby="0"/><UN n0="%E3%83%A9%E3%82%B9%E7%8E%87%EF%BC%93%E5%89%B2" n1="%E5%82%8D%E8%8B%A5%E7%84%A1%E4%BA%BA%35%31" n2="%E3%81%A8%E3%82%93%E3%81%A8%E3%81%93%E3%81%A8%E3%82%93" n3="%E3%81%86%E3%83%BC%E3%81%B1%E3%83%BC" dan="16,16,16,17" rate="2099.07,2098.67,2080.08,2232.05" sx="F,M,M,F"/><TAIKYOKU oya="0"/><INIT seed="0,0,0,1,0,89" ten="250,250,250,250" oya="0" hai0="119,55,17,14,5,56,113,102,58,62,125,124,93" hai1="6,116,66,47,40,87,19,53,33,86,52,88,131" hai2="120,32,129,94,72,21,45,8,105,135,1,68,61" hai3="10,92,64,71,49,23,22,69,15,85,27,59,108"/><T98/><D113/><U2/><E116/><V77/><F21/><W35/><G35/><T111/><D119/><U54/><E131/><V39/><F94/><W104/><G104/><T133/><D133/><U90/><E33/><V106/><F32/><W112/><G108/><T75/><D75/><U101/><E101/><V42/><F120/><W132/><G132/><T16/><D111/><U70/><E6/><N who="2" m="1103" /><F129/><W0/><G0/><T74/><D74/><U127/><E2/><V78/><F78/><W38/><G38/><T24/><D58/><U4/><E4/><V60/><F135/><W50/><G71/><T34/><D5/><U63/><E127/><N who="0" m="48713" /><D14/><U114/><E114/><V44/><F44/><W48/><G69/><T26/><D26/><U99/><E19/><V13/><F13/><W25/><G112/><T30/><AGARI ba="0,0" hai="16,17,24,30,34,55,56,62,93,98,102" m="48713" machi="30" ten="30,6000,0" yaku="18,1,52,1,54,1" doraHai="89" who="0" fromWho="0" sc="250,60,250,-20,250,-20,250,-20" /><INIT seed="0,1,0,3,2,45" ten="310,230,230,230" oya="0" hai0="15,132,60,107,98,17,22,37,52,53,74,105,120" hai1="33,29,51,75,39,112,42,121,59,12,81,18,91" hai2="20,92,85,124,133,80,6,8,90,123,4,56,78" hai3="62,108,86,58,82,2,135,19,67,21,16,68,131"/><T119/><D120/><U54/><E121/><V84/><F124/><W129/><G108/><T130/><D119/><U125/><E125/><V35/><F35/><W43/><G135/><T55/><D132/><U14/><E112/><V93/><F133/><W115/><G115/><T118/><D118/><U44/><E14/><V101/><F123/><W70/><G43/><T94/><D130/><N who="3" m="49673" /><G2/><T0/><D74/><U36/><E29/><V10/><F20/><W69/><G21/><T127/><D37/><U47/><E33/><V38/><F38/><W30/><G30/><T11/><D60/><U23/><E47/><V117/><F117/><W31/><G31/><T3/><D127/><U9/><E23/><V102/><F56/><W41/><G41/><T27/><D3/><U61/><REACH who="1" step="1"/><E91/><AGARI ba="1,0" hai="16,19,58,62,67,68,69,70,82,86,91" m="49673" machi="91" ten="40,2600,0" yaku="19,1,54,1" doraHai="45" who="3" fromWho="1" sc="310,0,230,-29,230,0,230,29" /><INIT seed="1,0,0,1,3,3" ten="310,201,230,259" oya="1" hai0="56,86,55,109,7,66,61,116,126,47,73,118,72" hai1="108,110,127,21,41,51,64,103,107,122,24,81,85" hai2="33,90,113,30,123,69,117,93,92,111,112,15,96" hai3="62,76,23,78,101,2,105,106,87,1,40,4,12"/><U89/><E122/><V18/><F117/><W54/><G105/><T121/><D109/><N who="1" m="42091" /><E127/><V45/><F123/><W59/><G40/><T70/><D126/><U31/><E64/><V94/><F69/><W43/><G43/><T75/><D121/><U71/><E71/><V37/><F111/><W53/><G106/><T5/><D47/><N who="1" m="26095" /><E103/><V134/><F45/><W131/><G101/><T74/><N who="0" m="18432" /><DORA hai="10" /><T83/><D118/><U52/><E107/><V44/><F44/><W102/><G102/><T9/><D9/><U26/><E26/><N who="2" m="18647" /><F37/><W97/><G54/><AGARI ba="0,0" hai="21,24,31,52,54,81,85,89" m="26095,42091" machi="54" ten="30,5800,0" yaku="14,1,10,1,54,1" doraHai="3,10" who="1" fromWho="3" sc="310,0,201,58,230,0,259,-58" /><INIT seed="1,1,0,1,3,7" ten="310,259,230,201" oya="1" hai0="130,132,13,58,4,135,18,79,106,112,53,48,63" hai1="66,30,115,71,74,2,78,110,90,46,103,119,55" hai2="70,32,120,23,127,0,117,80,40,25,44,8,60" hai3="91,100,128,131,84,89,49,12,72,5,1,56,133"/><U121/><E121/><V15/><F117/><W33/><G72/><T43/><D106/><U102/><E115/><V28/><F120/><W45/><G33/><T101/><D112/><U82/><E119/><V3/><F127/><W125/><G1/><T17/><D101/><U86/><E2/><V64/><F80/><W20/><G100/><T95/><D130/><U6/><E6/><V62/><F60/><W99/><G125/><T85/><D4/><U126/><E126/><V69/><F70/><W77/><G56/><T87/><D18/><U109/><E30/><V114/><F32/><W93/><G133/><N who="0" m="51275" /><D95/><N who="1" m="54743" /><E66/><V129/><F129/><N who="3" m="49739" /><G77/><T37/><D37/><U36/><E71/><V67/><F64/><W16/><G5/><T92/><D92/><U75/><E75/><V41/><F114/><W73/><G73/><T61/><D79/><U65/><E65/><V97/><F3/><W35/><G35/><T57/><D63/><U111/><E55/><V105/><F0/><W50/><G45/><N who="0" m="25663" /><D58/><U14/><E14/><V68/><F68/><W31/><G31/><T107/><D107/><U27/><E27/><V19/><F44/><W118/><G118/><T124/><D124/><U88/><E88/><N who="3" m="33866" /><G99/><T59/><D59/><U39/><E39/><V54/><F105/><W122/><G122/><T21/><AGARI ba="1,0" hai="13,17,21,53,57,61,85,87" m="25663,51275" machi="21" ten="30,1100,0" yaku="20,1" doraHai="7" who="0" fromWho="0" sc="310,14,259,-6,230,-4,201,-4" /><INIT seed="2,0,0,5,1,20" ten="324,253,226,197" oya="2" hai0="115,76,52,83,41,3,57,86,106,39,70,129,44" hai1="135,8,117,27,5,73,104,80,72,134,122,94,18" hai2="14,26,71,31,56,123,92,53,107,63,40,21,108" hai3="65,36,2,75,131,30,55,93,105,109,132,47,60"/><V34/><F107/><W98/><G75/><T97/><D129/><U82/><E104/><V89/><F123/><W24/><G105/><T127/><D127/><U119/><E94/><V54/><F71/><W11/><G109/><T64/><D3/><U78/><E122/><V112/><F112/><W128/><G132/><N who="1" m="50730" /><E18/><V48/><F108/><W7/><G55/><T37/><D115/><U13/><E27/><V87/><F40/><W33/><G47/><T116/><D116/><N who="1" m="44619" /><E82/><V84/><F34/><W49/><G49/><T61/><D106/><U102/><E102/><V23/><F84/><AGARI ba="0,0" hai="5,8,13,72,73,78,80,84" m="44619,50730" machi="84" ten="30,1000,0" yaku="20,1" doraHai="20" who="1" fromWho="2" sc="324,0,253,10,226,-10,197,0" /><INIT seed="3,0,0,3,0,111" ten="324,263,216,197" oya="3" hai0="121,88,76,116,70,15,129,78,124,6,106,55,32" hai1="132,29,77,128,41,83,115,84,65,100,60,30,85" hai2="33,135,68,54,73,119,104,10,91,24,108,113,93" hai3="56,107,74,39,13,31,58,5,3,63,66,27,125"/><W131/><G3/><T37/><D32/><U112/><E41/><V35/><F104/><W4/><G39/><T109/><D37/><U81/><E100/><V120/><F68/><W103/><G74/><T59/><D70/><U17/><E128/><V48/><F73/><W122/><G122/><T114/><D106/><U21/><E132/><V64/><F64/><W79/><G131/><T42/><D116/><U44/><E44/><V101/><F101/><W126/><G79/><T130/><D42/><U8/><E8/><V95/><F135/><W123/><G56/><T28/><D28/><U98/><E98/><V20/><F119/><W57/><G58/><T9/><D109/><U96/><E96/><V92/><F120/><W36/><G36/><T45/><D45/><U19/><E60/><V22/><F108/><W0/><G0/><T18/><D121/><U49/><E49/><V23/><F113/><W71/><G57/><T97/><D114/><U110/><E110/><V105/><F105/><W75/><G75/><T90/><D124/><N who="3" m="47721" /><G123/><T52/><D130/><U87/><E87/><V2/><F91/><N who="0" m="34858" /><D97/><U50/><E50/><V99/><F99/><N who="3" m="61951" /><G13/><N who="0" m="5303" /><D129/><U118/><E118/><V14/><F2/><W16/><G31/><T89/><D89/><U102/><E102/><V43/><F24/><W7/><G27/><T61/><D55/><U80/><E112/><V26/><F26/><W11/><G11/><AGARI ba="0,0" hai="11,15,18,52,59,61,76,78" m="5303,34858" machi="11" ten="30,3900,0" yaku="8,1,54,2" doraHai="111" who="0" fromWho="3" sc="324,39,263,0,216,0,197,-39" owari="363,46.3,263,6.3,216,-18.4,158,-34.2" /></mjloggm>