<mjloggm ver="2.3"><GO type="225" lobby="0"/><UN n0="%E3%82%BF%E3%83%BC%E3%83%90%E3%83%B3%E9%87%8E%E5%8F%A3" n1="%E3%83%97%E3%83%92" n2="%E9%9B%80%E6%A5%B5%E3%81%AE%E3%81%B8" n3="%E3%81%BF%E3%81%BF%E3%81%9A" dan="16,16,16,16" rate="2142.10,2158.36,2136.49,2141.60" sx="M,M,M,M"/><TAIKYOKU oya="0"/><INIT seed="0,0,0,1,5,20" ten="250,250,250,250" oya="0" hai0="79,37,117,112,32,14,0,134,64,132,115,13,23" hai1="33,109,18,61,86,71,133,92,111,104,54,50,121" hai2="59,5,124,11,25,82,45,98,30,77,107,16,102" hai3="128,48,67,110,118,35,99,85,27,43,29,8,44"/><T78/><D37/><U129/><E121/><V24/><F124/><W130/><G118/><T75/><D64/><U49/><E104/><V123/><F123/><W120/><G120/><T106/><D106/><U12/><E33/><V15/><F59/><W131/><G110/><N who="1" m="41994" /><E129/><V119/><F119/><W65/><G99/><T68/><D117/><U63/><E133/><V114/><F114/><W51/><G85/><T73/><D32/><U6/><E6/><V84/><F30/><W125/><G125/><T89/><D0/><U21/><E49/><V97/><F97/><W100/><G100/><T69/><D23/><U26/><E12/><V74/><F5/><W58/><REACH who="3" step="1"/><G8/><REACH who="3" ten="250,250,250,240" step="2"/><T87/><D87/><U108/><E108/><V72/><REACH who="2" step="1"/><F45/><REACH who="2" ten="250,250,240,240" step="2"/><W83/><G83/><T57/><D115/><U2/><E71/><V105/><F105/><W19/><G19/><T126/><D112/><U34/><E2/><V66/><F66/><W76/><G76/><T4/><D126/><U91/><E34/><V10/><F10/><W88/><G88/><T127/><D127/><U17/><E18/><V101/><F101/><W95/><G95/><T28/><D89/><U31/><E17/><V116/><F116/><W103/><G103/><T40/><D4/><U39/><E92/><V70/><F70/><W122/><G122/><T36/><D68/><U94/><E94/><V41/><F41/><W3/><G3/><T46/><D69/><U53/><E91/><V113/><F113/><W55/><AGARI ba="0,2" hai="27,29,35,43,44,48,51,55,58,65,67,128,130,131" machi="55" ten="40,12000,2" yaku="1,1,0,1,19,1,52,1,53,2" doraHai="20" doraHaiUra="62" who="3" fromWho="3" sc="250,-60,250,-30,240,-30,240,140" /><INIT seed="1,0,0,0,1,58" ten="190,220,210,380" oya="1" hai0="121,77,92,30,59,105,19,62,90,122,34,112,2" hai1="16,41,64,11,79,38,132,69,89,7,35,118,37" hai2="108,61,26,114,21,53,66,55,120,81,0,80,40" hai3="95,4,84,93,107,129,128,52,65,15,10,27,113"/><U100/><E118/><V20/><F0/><W101/><G113/><T31/><D112/><U124/><E35/><V117/><F114/><W110/><G110/><T42/><D105/><U106/><E79/><V82/><F117/><W22/><G65/><T119/><D119/><U78/><E78/><V49/><F108/><W24/><G52/><N who="0" m="34151" /><D42/><U73/><E73/><V12/><F120/><N who="0" m="46186" /><D34/><U8/><E41/><V76/><F76/><W5/><G5/><T46/><D46/><U88/><E7/><V47/><F12/><W75/><G75/><T60/><D77/><U14/><E64/><V48/><F48/><W131/><G84/><N who="0" m="52295" /><D2/><U56/><E106/><V51/><F51/><W87/><G87/><T63/><D19/><U99/><E37/><V72/><F72/><W25/><G107/><T104/><D104/><U85/><E38/><V98/><F98/><N who="3" m="59599" /><G95/><T18/><D18/><AGARI ba="0,0" hai="4,10,15,18,22,24,25,27,128,129,131" m="59599" machi="18" ten="30,1000,0" yaku="19,1" doraHai="58" who="3" fromWho="0" sc="190,-10,220,0,210,0,380,10" /><INIT seed="2,0,0,1,1,134" ten="180,220,210,390" oya="2" hai0="60,93,125,79,130,111,97,39,45,128,75,34,51" hai1="126,104,12,15,47,32,43,86,102,76,50,109,85" hai2="115,124,26,0,62,101,71,7,11,5,25,46,107" hai3="72,37,92,17,10,2,59,56,36,73,4,21,82"/><V90/><F115/><W121/><G121/><T66/><D34/><U13/><E32/><V6/><F26/><W116/><G116/><T100/><D39/><U42/><E109/><V135/><F135/><W67/><G92/><T110/><D79/><U119/><E119/><V89/><F90/><W87/><G37/><T98/><D75/><U112/><E112/><V18/><F89/><W8/><G36/><T69/><D98/><U22/><E42/><V1/><F46/><W118/><G10/><T16/><D16/><U80/><E126/><V29/><F18/><W58/><G67/><T24/><D24/><U133/><E133/><V81/><F81/><W68/><G68/><T74/><D74/><U88/><E104/><V53/><F1/><W108/><G108/><N who="0" m="41515" /><D125/><U113/><E113/><V131/><F124/><W106/><G106/><T114/><D114/><U127/><E127/><V14/><F107/><W49/><G49/><T83/><D83/><N who="1" m="47335" /><E102/><V94/><F101/><W28/><G28/><T44/><D44/><U27/><E12/><V123/><F14/><W61/><G61/><T35/><D35/><U84/><E86/><V120/><F123/><W40/><G40/><AGARI ba="0,0" hai="40,45,51,60,66,69,93,97,100,128,130" m="41515" machi="40" ten="30,1000,0" yaku="14,1" doraHai="134" who="0" fromWho="3" sc="180,10,220,0,210,0,390,-10" /><INIT seed="3,0,0,5,0,9" ten="190,220,210,380" oya="3" hai0="70,71,127,79,17,120,104,61,41,42,96,7,26" hai1="67,125,128,74,45,31,52,114,1,93,51,115,55" hai2="84,24,20,44,37,48,50,30,77,3,97,62,64" hai3="87,34,46,33,16,18,105,95,56,57,94,98,91"/><W75/><G105/><T58/><D79/><U135/><E1/><V112/><F112/><W38/><G75/><T49/><D7/><U113/><E74/><V130/><F3/><W108/><G46/><N who="0" m="25807" /><D17/><U109/><E109/><V40/><F130/><W132/><G132/><T36/><D26/><U83/><E31/><V111/><F111/><W118/><G38/><T5/><D5/><U133/><E93/><V100/><F84/><W76/><G118/><T59/><D96/><U103/><E83/><V43/><F43/><W88/><G76/><T35/><D104/><U2/><E103/><V19/><F77/><W80/><G87/><T123/><D35/><U11/><E11/><V78/><F19/><W81/><G108/><T117/><D117/><U82/><E82/><V116/><F78/><W53/><G53/><N who="1" m="20554" /><E2/><V66/><F66/><W92/><G92/><T107/><D107/><U6/><E6/><V27/><F116/><W28/><G28/><T22/><D22/><U73/><E73/><V23/><F100/><W69/><G69/><N who="0" m="26123" /><D127/><U54/><E125/><V14/><F97/><AGARI ba="0,0" hai="16,18,33,34,56,57,80,81,88,91,94,95,97,98" machi="97" ten="25,9600,0" yaku="22,2,54,2" doraHai="9" who="3" fromWho="2" sc="190,0,220,0,210,-96,380,96" owari="190,-21.0,220,2.0,114,-38.6,476,57.6" /></mjloggm>