<mjloggm ver="2.3"><GO type="225" lobby="0"/><UN n0="%E3%82%BC%E3%83%AB%E3%83%80%E3%81%AE%E4%BC%9D%E8%AA%AC" n1="%E9%89%A2%E5%B7%BB%E3%82%AC%E3%83%96" n2="%E4%B8%89%E5%86%A0%E7%8E%8B%E3%83%BB%E5%B1%B1%E7%94%B0%E5%93%B2%E4%BA%BA" n3="%70%68%65%6E%6F%6D%65" dan="16,16,17,16" rate="2147.38,2052.27,2147.47,2132.02" sx="M,M,M,M"/><TAIKYOKU oya="0"/><INIT seed="0,0,0,3,3,89" ten="250,250,250,250" oya="0" hai0="82,134,95,11,27,66,77,9,60,105,113,118,110" hai1="86,94,25,14,71,69,17,96,83,85,44,111,52" hai2="116,80,128,92,114,106,81,120,87,1,34,39,109" hai3="29,126,75,7,93,15,100,8,58,125,90,33,23"/><T53/><D113/><U57/><E111/><V6/><RYUUKYOKU type="yao9" ba="0,0" sc="250,0,250,0,250,0,250,0" hai2="1,6,34,39,80,81,87,92,106,109,114,116,120,128" /><INIT seed="0,1,0,2,3,11" ten="250,250,250,250" oya="0" hai0="69,96,6,41,34,55,121,101,23,109,82,114,38" hai1="73,107,42,105,122,125,78,67,44,115,134,26,27" hai2="90,92,15,58,91,12,95,1,116,100,71,128,130" hai3="135,5,36,81,118,25,117,113,8,29,72,51,0"/><T39/><D34/><U85/><E122/><V52/><F71/><W9/><G113/><T53/><D114/><U10/><E115/><V127/><F1/><W94/><G135/><T14/><D69/><U28/><E134/><V88/><F127/><W63/><G51/><T19/><D121/><U70/><E85/><V99/><F116/><W2/><G94/><T54/><D109/><U111/><E26/><V68/><F68/><W126/><G63/><T17/><D6/><U133/><E133/><V61/><F95/><W24/><G36/><T16/><D82/><N who="1" m="45391" /><E125/><V124/><REACH who="2" step="1"/><F124/><REACH who="2" ten="250,250,240,250" step="2"/><W97/><G126/><T35/><D35/><U57/><E70/><V48/><F48/><W22/><G117/><T46/><REACH who="0" step="1"/><D39/><REACH who="0" ten="240,250,240,250" step="2"/><U60/><E111/><V13/><AGARI ba="1,2" hai="12,13,15,52,58,61,88,90,91,92,99,100,128,130" machi="13" ten="40,12000,2" yaku="1,1,0,1,52,3,54,2,53,0" doraHai="11" doraHaiUra="129" who="2" fromWho="2" sc="240,-61,250,-31,240,143,250,-31" /><INIT seed="1,0,0,2,0,96" ten="179,219,383,219" oya="1" hai0="1,123,127,28,4,9,14,39,58,114,106,71,115" hai1="6,105,38,19,33,37,109,79,68,59,83,31,10" hai2="23,110,24,48,102,120,124,88,35,11,70,65,36" hai3="3,30,49,44,80,52,126,45,133,78,53,97,125"/><U90/><E109/><V25/><F36/><W2/><G133/><T40/><D71/><U92/><E68/><V131/><F35/><W22/><G30/><T50/><D127/><N who="3" m="48649" /><G22/><T132/><D132/><U56/><E105/><V121/><F48/><N who="3" m="28807" /><G97/><T51/><D123/><U29/><E19/><V18/><F18/><W15/><G15/><T21/><D39/><U61/><E92/><V119/><F23/><W111/><G111/><T99/><D50/><U54/><E90/><V104/><F88/><W60/><G60/><T57/><D114/><U91/><E91/><V20/><F20/><W84/><AGARI ba="0,0" hai="2,3,45,49,52,78,80,84" m="28807,48649" machi="84" ten="30,2000,0" yaku="18,1,54,1" doraHai="96" who="3" fromWho="3" sc="179,-5,219,-10,383,-5,219,20" /><INIT seed="2,0,0,1,1,45" ten="174,209,378,239" oya="2" hai0="69,37,77,25,39,102,66,15,30,43,111,101,96" hai1="24,38,116,89,128,48,126,72,50,108,115,34,53" hai2="21,18,22,86,120,10,119,98,130,19,112,56,125" hai3="16,84,63,70,47,131,23,57,64,33,2,92,118"/><V100/><F86/><W44/><G118/><T28/><D111/><U4/><E38/><V99/><F10/><W61/><G33/><T71/><D15/><U55/><E72/><V1/><F56/><W5/><G131/><T109/><D109/><U59/><E108/><V42/><F42/><W0/><G2/><T78/><D43/><U113/><E116/><V133/><F100/><W20/><G20/><T49/><D96/><U32/><E128/><V91/><F91/><W36/><G5/><T79/><D66/><U135/><E4/><V8/><F19/><W13/><G0/><T105/><D105/><U11/><E11/><V103/><F18/><W114/><G114/><T41/><D41/><U127/><E89/><V95/><F103/><N who="0" m="39434" /><D25/><U65/><E65/><V107/><F119/><W87/><G36/><N who="0" m="13899" /><D49/><U52/><E135/><V9/><F1/><W17/><G17/><T129/><D129/><U31/><E55/><V60/><F133/><W122/><G87/><T123/><D123/><U132/><E132/><V93/><F107/><W117/><G122/><T3/><D3/><U26/><E59/><V40/><F112/><W73/><G117/><T75/><D75/><U51/><E51/><V121/><F130/><W46/><G73/><T74/><D74/><U134/><E134/><V94/><F121/><W7/><G7/><T67/><D67/><U104/><E104/><V81/><F120/><W88/><G46/><T14/><D14/><U82/><E31/><AGARI ba="0,0" hai="28,30,31,69,71,77,78,79" m="13899,39434" machi="31" ten="40,2600,0" yaku="28,2" doraHai="45" who="0" fromWho="1" sc="174,26,209,-26,378,0,239,0" /><INIT seed="3,0,0,4,3,34" ten="200,183,378,239" oya="3" hai0="36,47,117,50,38,28,23,78,69,14,1,100,87" hai1="0,112,124,19,80,48,81,29,41,10,118,103,71" hai2="93,127,24,32,79,8,11,111,119,96,73,57,85" hai3="30,134,102,90,89,120,70,91,130,63,51,94,65"/><W54/><G120/><T88/><D117/><U9/><E112/><V6/><F11/><W82/><G130/><T92/><D69/><U59/><E71/><V132/><F85/><W4/><G134/><T77/><D1/><U40/><E103/><V64/><F79/><N who="0" m="30218" /><D36/><U107/><E107/><V95/><F24/><W55/><G30/><T68/><D38/><U101/><E101/><V45/><F8/><W109/><G4/><T135/><D68/><U22/><E29/><V60/><F64/><W74/><G109/><T126/><D126/><U121/><E121/><V131/><F96/><W7/><G7/><T99/><D135/><U61/><E124/><V83/><F73/><W42/><G74/><T52/><D28/><U31/><E31/><V86/><F32/><W13/><G82/><N who="0" m="49271" /><D14/><U17/><E118/><V72/><F6/><W58/><G13/><T133/><D133/><U33/><E33/><V106/><F119/><W105/><G105/><T26/><D23/><U122/><E122/><V113/><F132/><W75/><G75/><T116/><D116/><U46/><E41/><V66/><F72/><W25/><G25/><AGARI ba="0,0" hai="25,26,47,50,52,92,99,100" m="49271,30218" machi="25" ten="30,3900,0" yaku="8,1,54,2" doraHai="34" who="0" fromWho="3" sc="200,39,183,0,378,0,239,-39" owari="239,3.9,183,-31.7,378,47.8,200,-20.0" /></mjloggm>