<mjloggm ver="2.3"><GO type="225" lobby="0"/><UN n0="%E7%89%B9%E6%9D%B1%E3%81%AF%E4%B8%96%E7%95%8C%E3%82%92%E6%95%91%E3%81%86" n1="%E3%81%A1%E3%82%85%E3%81%86%E3%81%A9%E3%81%8F%E8%B1%A1%E3%81%95%E3%82%93" n2="%E3%81%A9%E3%82%8F%E3%82%93%E3%81%94" n3="%74%61%6B%65%2D%79%6F%75" dan="16,17,16,17" rate="2191.46,2184.92,2180.42,2135.72" sx="M,M,M,M"/><TAIKYOKU oya="0"/><INIT seed="0,0,0,4,4,27" ten="250,250,250,250" oya="0" hai0="89,121,45,96,9,65,29,11,90,127,114,24,123" hai1="3,68,81,109,13,72,48,50,30,107,126,40,36" hai2="4,35,108,104,53,130,78,20,39,134,41,76,34" hai3="44,15,62,103,38,21,60,69,33,5,91,119,52"/><T116/><D114/><U7/><E107/><V57/><F104/><W101/><G119/><T112/><D112/><U64/><E109/><V18/><F4/><W17/><G33/><T82/><D116/><U115/><E13/><V100/><F100/><N who="3" m="38475" /><G38/><T70/><D127/><U77/><E126/><V8/><F8/><N who="3" m="4495" /><G69/><T124/><D124/><U31/><E115/><V47/><F108/><W94/><G44/><T84/><D45/><N who="1" m="23687" /><E64/><V95/><F47/><W0/><G0/><T1/><D1/><U120/><E68/><V125/><F35/><W128/><G128/><T83/><D65/><U23/><E23/><V132/><F20/><W10/><G10/><T12/><D70/><U22/><E22/><V131/><F34/><W110/><G110/><T16/><D9/><N who="1" m="2303" /><E120/><V97/><F125/><W28/><G52/><T6/><D6/><U46/><E48/><V2/><F53/><AGARI ba="0,0" hai="30,31,46,50,53,72,77,81" m="2303,23687" machi="53" ten="30,3900,0" yaku="25,1,52,2" doraHai="27" who="1" fromWho="2" sc="250,0,250,39,250,-39,250,0" /><INIT seed="1,0,0,0,5,80" ten="250,289,211,250" oya="1" hai0="72,130,64,23,60,115,26,116,127,78,5,124,97" hai1="51,65,39,34,45,41,75,69,83,112,93,86,100" hai2="22,9,99,49,25,31,67,6,120,46,59,70,128" hai3="126,10,74,84,37,63,113,90,91,81,28,89,73"/><U133/><E112/><V17/><F128/><W87/><G113/><T56/><D115/><U40/><E34/><V85/><F120/><W18/><G126/><T3/><D116/><U119/><E119/><V122/><F70/><W24/><G37/><T47/><D130/><U15/><E133/><V105/><F122/><W57/><G18/><T103/><D72/><U82/><E75/><V42/><F105/><W88/><G10/><T79/><D47/><U20/><E69/><V1/><F99/><W61/><G84/><T29/><D5/><U30/><E65/><V77/><F17/><W92/><G81/><T111/><D111/><U107/><E107/><V12/><F1/><W2/><G2/><T106/><REACH who="0" step="1"/><D3/><REACH who="0" ten="240,289,211,250" step="2"/><U101/><E39/><V54/><F67/><W95/><G95/><T4/><D4/><U55/><E40/><V135/><F135/><W109/><G109/><T134/><D134/><U44/><E41/><V121/><F121/><W110/><G110/><T132/><D132/><U53/><E44/><V27/><F46/><W21/><REACH who="3" step="1"/><G61/><REACH who="3" ten="240,289,211,240" step="2"/><T108/><D108/><U118/><E118/><V102/><F6/><W98/><G98/><T71/><D71/><U50/><E51/><V125/><F49/><W104/><G104/><T94/><D94/><U19/><E93/><V7/><F7/><W33/><G33/><T129/><D129/><U11/><E50/><V14/><F125/><AGARI ba="0,2" hai="23,26,29,56,60,64,78,79,97,103,106,124,125,127" machi="125" ten="40,2600,0" yaku="1,1,18,1,53,0" doraHai="80" doraHaiUra="66" who="0" fromWho="2" sc="240,46,289,0,211,-26,240,0" /><INIT seed="2,0,0,0,1,107" ten="286,289,185,240" oya="2" hai0="56,66,60,7,134,121,124,72,76,105,73,91,31" hai1="9,88,11,52,116,89,101,58,99,132,98,2,122" hai2="39,78,22,93,131,85,48,94,115,108,125,126,47" hai3="50,92,83,69,74,81,113,65,8,32,84,37,27"/><V97/><F115/><W112/><G37/><T28/><D121/><U35/><E35/><V40/><F131/><W63/><G8/><N who="1" m="3146" /><E2/><V79/><F39/><W5/><G5/><T30/><D7/><U95/><E116/><V129/><F129/><W4/><G4/><T64/><D105/><U110/><E122/><V17/><F108/><W57/><G92/><T127/><D134/><U128/><E128/><V14/><F94/><W0/><G0/><T130/><D130/><U43/><E110/><V49/><F49/><W46/><G69/><T120/><D120/><U67/><E132/><V133/><F133/><W82/><G84/><T16/><D76/><U62/><E43/><V24/><F24/><W61/><G61/><N who="0" m="37927" /><D91/><N who="1" m="34891" /><E99/><V15/><F15/><W54/><REACH who="3" step="1"/><G74/><REACH who="3" ten="286,289,185,230" step="2"/><T10/><D10/><U21/><E21/><V19/><F85/><W106/><G106/><T44/><D73/><U100/><E100/><N who="2" m="60463" /><F17/><W29/><AGARI ba="0,1" hai="27,29,32,46,50,54,57,63,65,81,82,83,112,113" machi="29" ten="30,2000,0" yaku="1,1,0,1,53,0" doraHai="107" doraHaiUra="104" who="3" fromWho="3" sc="286,-5,289,-5,185,-10,230,30" /><INIT seed="3,0,0,0,5,85" ten="281,284,175,260" oya="3" hai0="18,24,9,129,93,81,41,90,120,19,36,70,31" hai1="17,114,64,126,124,91,69,128,65,30,35,47,20" hai2="50,2,95,21,39,121,13,73,23,58,28,66,79" hai3="135,105,74,113,46,100,72,32,94,12,110,51,99"/><W14/><G113/><T25/><D120/><U103/><E114/><V107/><F2/><W101/><G32/><T59/><D70/><U106/><E128/><V97/><F39/><W62/><G135/><T37/><D129/><U78/><E78/><V82/><F121/><W115/><G115/><T0/><D81/><U42/><E30/><V88/><F28/><W111/><G62/><T77/><D77/><U63/><E35/><V116/><F116/><W8/><G101/><T11/><D59/><U80/><E64/><V53/><F66/><W45/><G105/><T71/><D71/><U86/><E103/><V130/><F130/><W1/><G1/><T3/><D31/><U49/><REACH who="1" step="1"/><E106/><REACH who="1" ten="281,274,175,260" step="2"/><V98/><F107/><W132/><G132/><T5/><D90/><U60/><E60/><V87/><F23/><W84/><G84/><T10/><D10/><U102/><E102/><V134/><F134/><W55/><G45/><T48/><D11/><U27/><AGARI ba="0,1" hai="17,20,27,42,47,49,63,65,69,80,86,91,124,126" machi="27" ten="30,7900,0" yaku="1,1,0,1,52,1,53,1" doraHai="85" doraHaiUra="43" who="1" fromWho="1" sc="281,-20,274,89,175,-20,260,-39" owari="261,6.1,363,46.3,155,-34.5,221,-17.9" /></mjloggm>