<mjloggm ver="2.3"><GO type="225" lobby="0"/><UN n0="%E5%B8%86%E7%AB%8B%E5%A4%8F%E8%A1%A3" n1="%E3%81%B5%E3%81%98%E3%81%8B%E3%81%A4" n2="%E6%97%A5%E5%A5%88%E6%A3%AE%E3%81%82%E3%82%80" n3="%48%61%61%61%6C%61%6E%64" dan="16,17,17,18" rate="2140.58,2199.63,2136.65,2202.29" sx="M,M,F,M"/><TAIKYOKU oya="0"/><INIT seed="0,0,0,1,1,29" ten="250,250,250,250" oya="0" hai0="59,100,10,52,21,65,94,31,18,109,95,35,22" hai1="0,132,4,3,40,63,46,131,33,13,64,11,20" hai2="56,16,8,19,83,81,125,70,32,23,27,84,28" hai3="38,44,66,98,60,72,111,112,120,36,128,130,106"/><T54/><D35/><U5/><E132/><V43/><F70/><W75/><G112/><T129/><D129/><N who="3" m="49769" /><G111/><T58/><D109/><U2/><E131/><V80/><F125/><W113/><G113/><T39/><D39/><N who="3" m="14889" /><G44/><T68/><D68/><U41/><E33/><V50/><F8/><W61/><G120/><T73/><D73/><N who="3" m="28233" /><G66/><T49/><D65/><U117/><E46/><V114/><F114/><W103/><AGARI ba="0,0" hai="60,61,98,103,106" m="28233,14889,49769" machi="103" ten="40,1500,0" yaku="19,1" doraHai="29" who="3" fromWho="3" sc="250,-7,250,-4,250,-4,250,15" /><INIT seed="1,0,0,5,5,107" ten="243,246,246,265" oya="1" hai0="53,4,17,106,2,72,93,80,96,121,120,35,90" hai1="75,16,73,108,95,62,83,12,56,23,133,68,37" hai2="66,127,116,91,105,18,22,109,13,40,129,61,123" hai3="113,84,60,27,85,87,58,7,79,24,134,117,82"/><U104/><E104/><V44/><F116/><W135/><G113/><T64/><D35/><U111/><E37/><V63/><F123/><N who="0" m="47178" /><D64/><U119/><E119/><V5/><F105/><W112/><G112/><T76/><D106/><U49/><E133/><N who="3" m="50698" /><G7/><T128/><D128/><U65/><E95/><V50/><F129/><W88/><G117/><T71/><D71/><U8/><E83/><V118/><F118/><W31/><G79/><T30/><D30/><U101/><E101/><V67/><F109/><N who="1" m="42057" /><E8/><N who="2" m="4239" /><F127/><W122/><G122/><T59/><D17/><U20/><E20/><V43/><F43/><W69/><G69/><T28/><D28/><U48/><E68/><V34/><F34/><N who="3" m="20839" /><G27/><T102/><D4/><U45/><E48/><V74/><F74/><W32/><G32/><T29/><D29/><U42/><AGARI ba="0,0" hai="12,16,23,42,45,49,56,62,65,73,75" m="42057" machi="42" ten="30,12000,1" yaku="14,1,10,1,52,2,54,1" doraHai="107" who="1" fromWho="1" sc="243,-40,246,120,246,-40,265,-40" /><INIT seed="1,1,0,4,4,81" ten="203,366,206,225" oya="1" hai0="70,9,52,76,86,108,91,124,51,49,17,40,11" hai1="0,121,82,66,87,96,38,83,114,4,115,27,80" hai2="123,58,110,23,135,67,109,61,19,16,94,59,6" hai3="21,89,104,74,127,24,50,62,31,85,26,15,1"/><U7/><E38/><V90/><F123/><W47/><G1/><T63/><D108/><N who="2" m="41578" /><F135/><W42/><G74/><T65/><D76/><U39/><E121/><V77/><F77/><W99/><G127/><T43/><D124/><U56/><E39/><V12/><F6/><W117/><G117/><T57/><D49/><U30/><E96/><N who="2" m="57431" /><F19/><W98/><G104/><T33/><D33/><U79/><E0/><V130/><F130/><W131/><G131/><T126/><D126/><U129/><E129/><V2/><F2/><W46/><G15/><N who="0" m="7407" /><D70/><AGARI ba="1,0" hai="12,16,23,58,59,61,67,70" m="57431,41578" machi="70" ten="30,2000,0" yaku="14,1,54,1" doraHai="81" who="2" fromWho="0" sc="203,-23,366,0,206,23,225,0" /><INIT seed="2,0,0,5,1,117" ten="180,366,229,225" oya="2" hai0="104,0,41,25,8,28,37,31,113,71,4,80,90" hai1="44,88,81,16,116,100,15,119,59,38,48,36,21" hai2="22,92,82,72,50,42,52,101,55,134,110,107,6" hai3="63,115,1,33,35,118,18,69,133,70,109,112,29"/><V40/><F107/><W13/><G118/><T132/><D113/><N who="3" m="43593" /><G1/><T83/><D132/><U19/><E100/><V131/><F134/><W57/><G133/><T122/><D104/><U56/><E116/><V17/><F131/><W114/><N who="3" m="43601" /><W67/><DORA hai="54" /><G109/><T103/><D103/><U30/><E30/><V87/><F6/><W24/><G33/><T106/><D106/><U98/><E38/><V65/><F65/><W79/><G79/><T127/><D71/><U120/><E36/><V94/><F72/><W99/><G99/><T68/><D68/><U66/><E120/><V27/><F110/><W91/><G91/><T32/><D127/><U23/><E66/><V125/><F125/><W74/><G74/><T78/><D31/><U3/><E3/><V14/><F27/><W34/><G34/><T20/><D32/><U76/><E76/><N who="2" m="46535" /><F55/><W84/><G84/><T64/><D64/><U5/><E5/><V39/><F39/><W128/><G128/><T86/><D37/><U102/><E102/><V97/><F94/><W89/><G89/><T77/><D41/><N who="1" m="24591" /><E119/><V43/><F40/><W11/><AGARI ba="0,0" hai="11,13,18,24,29,35,57,63,67,69,70" m="43601" machi="11" ten="40,2700,0" yaku="11,1,52,1" doraHai="117,54" who="3" fromWho="3" sc="180,-7,366,-7,229,-13,225,27" /><INIT seed="3,0,0,1,2,111" ten="173,359,216,252" oya="3" hai0="108,120,106,20,70,85,126,19,67,130,52,89,121" hai1="75,122,24,36,10,116,88,127,42,113,128,86,5" hai2="123,96,98,125,21,97,119,54,44,3,50,69,31" hai3="72,59,124,13,4,39,27,57,74,109,63,1,18"/><W22/><G1/><T91/><D106/><U68/><E113/><V55/><F119/><W135/><G39/><T99/><D108/><U114/><E122/><V58/><F69/><W46/><G46/><T0/><D0/><U100/><E68/><V131/><F123/><W82/><G109/><T48/><D130/><U49/><E114/><V7/><F131/><W77/><G124/><T76/><D126/><U92/><E49/><V35/><F35/><W84/><G57/><T61/><D76/><U134/><E24/><N who="2" m="16783" /><F3/><W105/><G105/><T117/><D91/><U104/><E88/><V94/><F125/><W79/><G135/><T45/><D99/><U80/><E86/><V60/><F7/><W30/><G4/><T41/><D41/><U16/><E10/><V28/><F28/><W93/><G93/><AGARI ba="0,0" hai="44,50,54,55,58,60,93,94,96,97,98" m="16783" machi="93" ten="30,1000,0" yaku="8,1" doraHai="111" who="2" fromWho="3" sc="173,0,359,0,216,10,252,-10" owari="173,-32.7,359,45.9,226,-17.4,242,4.2" /></mjloggm>