<mjloggm ver="2.3"><GO type="225" lobby="0"/><UN n0="%72%69%6F%75%63%68%61%6E" n1="%E3%81%86%E3%83%BC%E3%81%B1%E3%83%BC" n2="%E6%A1%9C%E8%8A%B1%E9%96%83%E3%80%85" n3="%E7%AD%89%E3%80%85%E5%8A%9B%E5%8A%87%E5%A0%B4" dan="16,17,16,17" rate="2142.79,2219.14,2127.98,2170.98" sx="M,F,M,M"/><TAIKYOKU oya="0"/><INIT seed="0,0,0,0,5,88" ten="250,250,250,250" oya="0" hai0="42,125,129,17,50,19,37,57,83,29,110,34,127" hai1="56,10,21,120,89,109,100,126,86,27,128,32,102" hai2="94,105,116,43,2,36,53,31,118,80,112,114,30" hai3="18,13,95,117,133,82,124,40,8,92,0,15,134"/><T9/><D129/><U123/><E128/><V38/><F105/><W99/><G0/><T65/><D110/><U67/><E32/><V45/><F2/><W69/><G117/><N who="2" m="45161" /><F80/><W130/><G130/><T54/><D65/><U20/><E109/><V76/><F76/><W4/><G69/><T41/><D37/><N who="2" m="14442" /><F53/><W75/><G40/><N who="0" m="15467" /><D9/><U49/><E10/><V79/><F79/><W28/><G82/><T64/><D64/><U70/><E67/><V77/><F77/><W23/><G75/><T25/><D83/><U132/><E70/><V52/><F52/><W121/><G124/><AGARI ba="0,0" hai="17,19,25,29,34,50,54,57,124,125,127" m="15467" machi="124" ten="30,1500,0" yaku="18,1" doraHai="88" who="0" fromWho="3" sc="250,15,250,0,250,0,250,-15" /><INIT seed="0,1,0,3,1,95" ten="265,250,250,235" oya="0" hai0="80,22,88,50,124,132,106,86,120,20,133,121,7" hai1="103,33,129,116,71,5,70,131,37,114,18,41,1" hai2="25,78,0,26,3,55,68,19,36,29,61,62,135" hai3="6,73,107,76,125,67,108,54,40,100,87,81,94"/><T123/><D124/><U58/><E116/><V24/><F36/><W45/><G108/><T60/><D106/><U53/><E114/><V2/><F78/><W118/><G118/><T51/><D7/><U32/><E103/><V72/><F72/><W130/><G130/><N who="1" m="49674" /><E18/><V77/><F77/><W27/><G125/><T75/><D75/><U134/><E134/><N who="0" m="51817" /><D60/><U48/><E1/><V38/><F38/><W14/><G107/><T57/><D57/><U44/><E5/><V92/><F19/><W112/><G112/><T126/><D126/><U102/><E102/><V34/><F34/><AGARI ba="1,0" hai="32,33,34,37,41,44,48,53,58,70,71" m="49674" machi="34" ten="30,1000,0" yaku="19,1" doraHai="95" who="1" fromWho="2" sc="265,0,250,13,250,-13,235,0" /><INIT seed="1,0,0,4,1,75" ten="265,263,237,235" oya="1" hai0="124,115,12,28,44,19,95,22,90,58,93,24,61" hai1="41,135,101,109,69,54,98,15,7,97,23,120,70" hai2="131,8,30,103,37,32,102,5,126,21,66,67,81" hai3="51,36,134,45,11,85,68,84,111,82,129,50,17"/><U79/><E120/><V2/><F126/><W4/><G68/><T9/><D124/><U86/><E135/><V42/><F131/><W10/><G111/><T1/><D115/><U132/><E132/><V33/><F102/><W60/><G134/><T114/><D114/><U105/><E98/><V116/><F116/><W106/><G106/><T55/><D1/><U38/><E38/><V52/><F103/><W46/><G36/><T110/><D110/><U112/><E41/><V34/><F42/><W53/><G60/><T118/><D118/><U83/><E112/><V40/><F21/><W47/><G129/><T43/><REACH who="0" step="1"/><D90/><REACH who="0" ten="255,263,237,235" step="2"/><U26/><E109/><V64/><F2/><W56/><G4/><T65/><D65/><U48/><E7/><V77/><F66/><W39/><G39/><AGARI ba="0,1" hai="9,12,19,22,24,28,39,43,44,55,58,61,93,95" machi="39" ten="30,2000,0" yaku="1,1,7,1,53,0" doraHai="75" doraHaiUra="92" who="0" fromWho="3" sc="255,30,263,0,237,0,235,-20" /><INIT seed="2,0,0,0,4,57" ten="285,263,237,215" oya="2" hai0="13,33,94,99,29,61,63,133,72,116,100,134,37" hai1="105,86,124,114,103,87,34,11,91,17,10,102,101" hai2="81,73,49,28,51,50,69,77,59,15,119,98,89" hai3="25,41,21,2,39,31,38,18,95,84,1,110,123"/><V70/><F119/><W126/><G123/><T52/><D37/><U7/><E114/><V125/><F125/><W26/><G110/><T40/><D116/><U132/><E105/><V32/><F15/><W9/><G126/><T117/><D117/><U88/><E34/><V74/><F74/><W16/><G18/><T75/><D40/><U79/><E124/><V108/><F108/><W115/><G115/><T5/><D72/><U8/><E7/><V45/><F45/><W20/><G41/><T80/><D33/><U129/><E132/><N who="0" m="50793" /><D29/><U35/><E35/><V42/><F42/><W53/><G9/><N who="0" m="4271" /><D52/><U107/><E107/><V96/><F28/><W83/><G95/><T93/><D94/><N who="1" m="54647" /><E129/><V19/><F32/><W48/><G39/><T46/><D46/><U104/><E104/><V106/><F19/><W97/><G38/><T130/><D130/><U68/><E68/><V3/><F59/><W44/><REACH who="3" step="1"/><G97/><REACH who="3" ten="285,263,237,205" step="2"/><T121/><D121/><U30/><E17/><V82/><F98/><W54/><G54/><T118/><D118/><U135/><E135/><V14/><F96/><W12/><G12/><T92/><D93/><N who="1" m="54431" /><E30/><V67/><F106/><W47/><G47/><T111/><D111/><U4/><E4/><V55/><F55/><W127/><G127/><T66/><D66/><U62/><E79/><AGARI ba="0,1" hai="1,2,16,20,21,25,26,31,44,48,53,79,83,84" machi="79" ten="30,3900,0" yaku="1,1,7,1,54,1,53,0" doraHai="57" doraHaiUra="109" who="3" fromWho="1" sc="285,0,263,-39,237,0,205,49" /><AGARI ba="0,0" hai="61,63,75,79,80,92,99,100" m="4271,50793" machi="79" ten="30,3900,0" yaku="20,1,52,2" doraHai="57" who="0" fromWho="1" sc="285,39,224,-39,237,0,254,0" /><INIT seed="3,0,0,1,1,126" ten="324,185,237,254" oya="3" hai0="14,27,134,16,67,107,104,120,88,13,86,1,61" hai1="48,122,6,2,73,109,123,20,72,17,102,21,80" hai2="78,47,28,53,93,69,32,9,113,129,36,68,55" hai3="66,130,63,91,92,15,96,106,70,52,75,117,41"/><W64/><G75/><T26/><D1/><U74/><E2/><V40/><F78/><W81/><G106/><T76/><D120/><U95/><E6/><V45/><F93/><W23/><G117/><T4/><D76/><U39/><E39/><N who="2" m="21663" /><F9/><W105/><G105/><T110/><D110/><U133/><E109/><V35/><F28/><W103/><G41/><T18/><D134/><U89/><E133/><V56/><F32/><W135/><G66/><T37/><D37/><U5/><E5/><V7/><F35/><W115/><G81/><T83/><D4/><U42/><E102/><V62/><F7/><W112/><G91/><T65/><D61/><U101/><E101/><V99/><F99/><W49/><G135/><T118/><D118/><U54/><E42/><N who="2" m="22983" /><F113/><W121/><G115/><T132/><D132/><U59/><E21/><V22/><F22/><W84/><G84/><T60/><D107/><U97/><REACH who="1" step="1"/><E80/><REACH who="1" ten="324,175,237,254" step="2"/><V12/><F12/><AGARI ba="0,1" hai="12,17,20,48,54,59,72,73,74,89,95,97,122,123" machi="12" ten="40,8000,1" yaku="1,1,2,1,53,2" doraHai="126" doraHaiUra="116" who="1" fromWho="2" sc="324,0,175,90,237,-80,254,0" owari="324,42.4,265,6.5,157,-34.3,254,-14.6" /></mjloggm>