<mjloggm ver="2.3"><GO type="225" lobby="0"/><UN n0="%54%4F%52" n1="%E3%81%AA%E3%81%A1%30%39%32%37" n2="%E5%B8%86%E7%AB%8B%E5%A4%8F%E8%A1%A3" n3="%72%69%6F%75%63%68%61%6E" dan="17,16,16,16" rate="2223.95,2074.52,2084.56,2215.14" sx="M,M,M,M"/><TAIKYOKU oya="0"/><INIT seed="0,0,0,1,1,59" ten="250,250,250,250" oya="0" hai0="98,27,40,104,54,79,123,132,18,130,80,44,50" hai1="133,65,17,19,93,30,35,3,36,117,14,7,89" hai2="12,106,115,60,42,31,122,105,34,120,57,26,38" hai3="116,66,134,90,11,135,124,13,47,0,127,119,61"/><T37/><D123/><U51/><E117/><N who="3" m="45130" /><G90/><T113/><D113/><U20/><E36/><V23/><F115/><W99/><G99/><T15/><D132/><N who="3" m="50729" /><G0/><T70/><D70/><U107/><E107/><V29/><F106/><W10/><G47/><T6/><D130/><U55/><E65/><V83/><F105/><W85/><G85/><T114/><D114/><U125/><E125/><N who="3" m="48202" /><G13/><T121/><D121/><U43/><E3/><V112/><F12/><W76/><G76/><T64/><D64/><U94/><E89/><V84/><F112/><W100/><G100/><T4/><D27/><U128/><E14/><V24/><F84/><W82/><G82/><T1/><D1/><U67/><E67/><V87/><F87/><W45/><G45/><T25/><D25/><U109/><E43/><V126/><F83/><W28/><G28/><T86/><D98/><U131/><E30/><V22/><F126/><W97/><G97/><T75/><D104/><U91/><E91/><V72/><F120/><W21/><G21/><T78/><D78/><U52/><E20/><V69/><F122/><W2/><G2/><T46/><REACH who="0" step="1"/><D86/><REACH who="0" ten="240,250,250,250" step="2"/><U110/><E133/><V102/><F26/><W63/><G66/><T8/><AGARI ba="0,1" hai="4,6,8,15,18,37,40,44,46,50,54,75,79,80" machi="8" ten="20,7800,0" yaku="1,1,2,1,0,1,7,1,53,0" doraHai="59" doraHaiUra="101" who="0" fromWho="0" sc="240,88,250,-26,250,-26,250,-26" /><INIT seed="0,1,0,2,0,107" ten="328,224,224,224" oya="0" hai0="45,53,52,58,89,47,24,22,95,70,79,60,21" hai1="62,88,23,111,10,110,33,135,76,46,39,104,74" hai2="57,40,2,4,97,9,96,128,27,75,16,44,59" hai3="84,20,117,63,26,37,31,118,0,80,71,56,98"/><T19/><D79/><U36/><E33/><V69/><F69/><W11/><G37/><T48/><D70/><U126/><E104/><V94/><F128/><W123/><G123/><T12/><D45/><U41/><E36/><V114/><F114/><W81/><G71/><T86/><D24/><U66/><E135/><V51/><F75/><W14/><G0/><T7/><D7/><U93/><E23/><AGARI ba="1,0" hai="12,19,21,22,23,47,48,52,53,58,60,86,89,95" machi="23" ten="30,5800,0" yaku="7,1,8,1,54,1" doraHai="107" who="0" fromWho="1" sc="328,61,224,-61,224,0,224,0" /><INIT seed="0,2,0,4,4,121" ten="389,163,224,224" oya="0" hai0="54,19,115,62,3,95,104,109,117,91,84,86,53" hai1="130,92,44,6,58,80,124,35,89,69,132,123,133" hai2="1,21,10,57,78,22,38,28,13,5,81,108,73" hai3="85,46,98,47,32,126,14,24,50,15,9,94,100"/><T77/><D115/><U4/><E69/><V106/><F106/><W97/><G126/><T135/><D117/><U59/><E123/><V116/><F116/><W65/><G65/><T67/><D104/><U2/><E35/><V128/><F128/><W30/><G85/><T72/><D3/><U122/><E122/><V107/><F107/><W20/><G32/><T27/><D72/><U51/><E80/><V64/><F28/><W82/><G82/><T60/><D135/><U102/><E102/><V37/><F108/><W88/><G50/><T111/><D77/><U56/><E124/><V11/><F37/><W125/><G125/><T90/><D19/><U41/><E130/><V17/><REACH who="2" step="1"/><F38/><REACH who="2" ten="389,163,214,224" step="2"/><W33/><G33/><T83/><D111/><U87/><REACH who="1" step="1"/><E2/><REACH who="1" ten="389,153,214,224" step="2"/><V96/><F96/><W45/><REACH who="3" step="1"/><G9/><REACH who="3" ten="389,153,214,214" step="2"/><T70/><D109/><U71/><E71/><V36/><F36/><W0/><G0/><T74/><D70/><U66/><E66/><V119/><F119/><W105/><AGARI ba="2,3" hai="14,15,20,24,30,45,46,47,88,94,97,98,100,105" machi="105" ten="30,4000,0" yaku="1,1,0,1,54,1,53,0" doraHai="121" doraHaiUra="110" who="3" fromWho="3" sc="389,-22,153,-12,214,-12,214,76" /><INIT seed="1,0,0,2,3,117" ten="367,141,202,290" oya="1" hai0="114,68,18,47,81,116,97,12,80,61,34,49,107" hai1="100,54,89,30,109,4,95,40,37,5,98,129,57" hai2="1,119,86,87,88,130,43,90,82,85,133,71,32" hai3="64,31,111,26,104,83,7,14,33,75,105,113,132"/><U121/><E129/><V48/><F71/><W102/><G111/><T70/><D114/><U112/><E112/><V8/><F32/><W36/><G113/><T38/><D38/><U84/><E109/><V42/><F119/><W24/><G132/><T67/><D70/><U123/><E30/><V0/><F133/><W115/><G115/><T51/><D34/><U99/><E40/><V41/><F130/><W6/><G36/><T45/><D116/><U91/><E37/><V127/><F127/><W2/><G14/><T96/><D49/><U44/><E44/><V21/><F48/><W53/><G53/><T27/><D27/><U25/><E25/><V128/><F128/><W125/><G125/><T17/><D45/><U101/><E5/><V126/><F126/><W10/><G7/><T134/><D18/><U13/><E13/><V19/><F8/><W92/><G24/><T108/><D108/><U124/><E4/><V93/><REACH who="2" step="1"/><F85/><REACH who="2" ten="367,141,192,290" step="2"/><W122/><G33/><T73/><D51/><U72/><E72/><V106/><F106/><W65/><G105/><T59/><D73/><U58/><E124/><V120/><F120/><W15/><G122/><T39/><D107/><U78/><E123/><V76/><F76/><N who="3" m="44447" /><G104/><T3/><D68/><U118/><E118/><V20/><F20/><N who="3" m="15815" /><G2/><T131/><D3/><U62/><E121/><V50/><F50/><W16/><G6/><T23/><D134/><U9/><E9/><V63/><F63/><W55/><G10/><T69/><D69/><U79/><E57/><V28/><F28/><W103/><G16/><T52/><D131/><RYUUKYOKU ba="0,1" sc="367,-10,141,-10,192,30,290,-10" hai2="0,1,19,21,41,42,43,82,86,87,88,90,93" /><INIT seed="2,1,1,2,0,5" ten="357,131,222,280" oya="2" hai0="25,75,127,115,45,87,32,50,0,4,47,95,30" hai1="98,67,79,108,122,63,17,73,111,106,119,40,65" hai2="56,49,23,77,59,102,14,58,110,130,124,104,81" hai3="109,113,120,55,11,103,16,126,19,26,117,112,18"/><V29/><F130/><W93/><G117/><T21/><D75/><U60/><E119/><V88/><F124/><W74/><G109/><N who="1" m="42058" /><E79/><V27/><F110/><W97/><G120/><T57/><D115/><N who="3" m="44105" /><G126/><T116/><D127/><U91/><E73/><V7/><F104/><W92/><G74/><T114/><D114/><U125/><E125/><V34/><F102/><N who="3" m="60711" /><G55/><T22/><D116/><U101/><E91/><V129/><F129/><W8/><G26/><T132/><D132/><U62/><E98/><AGARI ba="1,1" hai="8,11,16,18,19,93,98,103" m="60711,44105" machi="98" ten="30,7700,0" yaku="11,1,52,2,54,1" doraHai="5" who="3" fromWho="1" sc="357,0,131,-80,222,0,280,90" /><INIT seed="3,0,0,0,3,41" ten="357,51,222,370" oya="3" hai0="42,23,62,27,102,104,54,28,59,38,12,32,15" hai1="3,92,78,84,82,17,20,132,18,33,1,130,99" hai2="44,124,21,51,52,0,98,75,72,112,25,66,111" hai3="122,24,95,58,48,91,125,7,115,68,128,120,36"/><W76/><G115/><T106/><D38/><U90/><E33/><V69/><F0/><W74/><G68/><T49/><D32/><U118/><E118/><V110/><F112/><W81/><G36/><T53/><D42/><U70/><E70/><V73/><F124/><W114/><G114/><T26/><D104/><U4/><E132/><V8/><F8/><W105/><G105/><T22/><D102/><U37/><E130/><V56/><F98/><W50/><G125/><T86/><D86/><U5/><E37/><V123/><F123/><W67/><G128/><T80/><D80/><U89/><E1/><V45/><F69/><W134/><G134/><T63/><D106/><U29/><E3/><V100/><F100/><W127/><G127/><T88/><D88/><U60/><E60/><V77/><F77/><W133/><G133/><T65/><D62/><U87/><E29/><N who="2" m="17583" /><F66/><W101/><G101/><T121/><D121/><U64/><E64/><V13/><F13/><W31/><G7/><T46/><D65/><U47/><E47/><V11/><F11/><W30/><G30/><AGARI ba="0,0" hai="12,15,22,23,26,27,28,30,46,49,53,54,59,63" machi="30" ten="30,7700,0" yaku="7,1,9,1,8,1,52,1" doraHai="41" who="0" fromWho="3" sc="357,77,51,0,222,0,370,-77" owari="434,53.4,51,-44.9,222,-17.8,293,9.3" /></mjloggm>