<mjloggm ver="2.3"><GO type="225" lobby="0"/><UN n0="%6D%75%75%6D%75%72%61" n1="%E9%80%9F%E6%B0%B4%E5%87%9B%E9%A6%99" n2="%72%69%6F%75%63%68%61%6E" n3="%E3%81%B2%E3%81%AA%E3%81%AE%E3%82%8A%E3%81%8F" dan="16,16,17,17" rate="2089.08,2082.90,2263.12,2191.93" sx="F,F,M,M"/><TAIKYOKU oya="0"/><INIT seed="0,0,0,3,4,121" ten="250,250,250,250" oya="0" hai0="129,2,80,45,46,84,32,18,49,58,73,55,69" hai1="92,47,50,89,134,52,59,99,116,60,96,77,68" hai2="24,63,40,100,23,118,94,82,86,112,85,31,22" hai3="122,3,88,120,36,13,105,83,28,62,102,37,10"/><T0/><D129/><U76/><E116/><V124/><F124/><W39/><G3/><T29/><D69/><U4/><E134/><V119/><F112/><W74/><G28/><T44/><D73/><U19/><E68/><V104/><F40/><W111/><G62/><T65/><D65/><U125/><E125/><V71/><F104/><W8/><G105/><T61/><D61/><U20/><E4/><V16/><F100/><W41/><G102/><T57/><D57/><U81/><E81/><V117/><F94/><W103/><G103/><T27/><REACH who="0" step="1"/><D18/><REACH who="0" ten="240,250,250,250" step="2"/><U135/><E135/><V21/><F16/><W67/><G74/><T109/><D109/><U51/><E99/><V30/><F24/><W107/><G111/><T101/><D101/><U54/><REACH who="1" step="1"/><E60/><REACH who="1" ten="240,240,250,250" step="2"/><V106/><F71/><W17/><G120/><T132/><D132/><U93/><E93/><V1/><F63/><W43/><G122/><T97/><D97/><U6/><E6/><V133/><F133/><W33/><G107/><T11/><D11/><U113/><E113/><V79/><F106/><W48/><G10/><T75/><D75/><U95/><E95/><V91/><F119/><W25/><G8/><T66/><D66/><U42/><E42/><V87/><F118/><W15/><G67/><T72/><D72/><U26/><AGARI ba="0,2" hai="19,20,26,47,50,51,52,54,59,76,77,89,92,96" machi="26" ten="20,12000,2" yaku="1,1,0,1,7,1,8,1,54,1,53,1" doraHai="121" doraHaiUra="14" who="1" fromWho="1" sc="240,-60,240,140,250,-30,250,-30" /><INIT seed="1,0,0,0,5,24" ten="180,380,220,220" oya="1" hai0="1,85,39,47,102,37,95,62,56,15,117,126,106" hai1="128,6,52,30,49,76,64,8,79,97,65,109,20" hai2="58,90,124,92,46,23,11,70,17,35,104,99,120" hai3="26,101,48,28,14,42,0,59,73,33,135,18,119"/><U19/><E128/><V94/><F120/><W31/><G73/><T2/><D117/><U74/><E74/><V103/><F70/><W91/><G0/><T5/><D126/><U44/><E109/><V114/><F124/><W54/><G119/><T60/><D106/><U105/><E105/><V107/><F114/><W51/><G135/><T112/><D112/><U132/><E132/><V115/><F115/><W61/><G101/><T87/><D15/><N who="1" m="5527" /><E97/><V10/><F35/><W53/><G31/><T67/><D5/><U130/><E130/><V88/><F46/><W134/><G134/><T116/><D116/><U96/><E96/><V127/><F127/><W25/><G25/><T16/><D102/><U86/><E86/><N who="2" m="52247" /><F107/><W100/><G100/><T66/><D47/><U78/><E30/><V111/><F104/><W118/><G118/><T38/><D95/><U81/><E81/><V40/><F40/><W4/><G4/><T21/><D2/><U9/><E9/><N who="2" m="3083" /><F111/><W50/><G42/><T34/><D1/><U123/><E123/><V98/><F103/><W72/><G72/><T12/><REACH who="0" step="1"/><D34/><REACH who="0" ten="170,380,220,220" step="2"/><U7/><E7/><V75/><F99/><W110/><G110/><T55/><D55/><U77/><N who="1" m="19456" /><DORA hai="122" /><U82/><E82/><V68/><F75/><W69/><G54/><T83/><D83/><U27/><AGARI ba="0,1" hai="19,20,27,44,49,52,64,65" m="19456,5527" machi="27" ten="40,3900,0" yaku="8,1,54,1" doraHai="24,122" who="1" fromWho="1" sc="170,-13,380,49,220,-13,220,-13" /><INIT seed="1,1,0,5,2,97" ten="157,429,207,207" oya="1" hai0="15,106,81,7,6,80,52,128,18,34,85,102,57" hai1="30,27,5,72,3,46,25,77,117,17,28,129,36" hai2="114,133,84,16,69,78,91,47,41,104,82,49,127" hai3="96,29,37,21,93,112,60,86,2,99,31,48,63"/><U67/><E117/><V20/><F127/><W122/><G122/><T79/><D34/><U111/><E129/><V75/><F133/><W59/><G37/><T121/><D128/><U62/><E5/><V10/><F69/><W119/><G112/><T0/><D121/><U11/><E3/><V109/><F109/><W45/><G2/><T51/><D0/><U94/><E11/><V8/><F104/><W35/><G35/><T54/><D54/><U33/><E17/><V43/><F43/><W115/><G115/><T83/><D83/><U89/><E77/><V130/><F130/><W76/><G99/><T38/><D38/><U87/><E72/><V125/><F125/><W110/><G110/><T131/><D131/><U22/><E111/><V118/><F118/><W103/><G21/><T13/><D81/><U42/><E62/><N who="3" m="23594" /><G59/><T58/><D58/><U24/><E24/><V74/><F114/><W73/><G73/><T135/><D135/><U23/><E67/><V4/><F4/><W88/><G76/><T64/><D64/><U50/><E36/><V116/><F116/><W44/><G44/><T70/><D70/><U95/><E33/><V126/><F126/><W55/><G119/><T107/><D107/><U68/><E68/><V40/><F40/><W9/><G9/><N who="2" m="3689" /><F78/><W100/><G86/><T61/><D61/><U39/><E39/><V105/><F105/><W32/><G32/><T14/><REACH who="0" step="1"/><D18/><REACH who="0" ten="147,429,207,207" step="2"/><U134/><E134/><V90/><F90/><W19/><G19/><T66/><D66/><U113/><E113/><V71/><F71/><W12/><G12/><AGARI ba="1,1" hai="12,16,20,41,47,49,74,75,82,84,91" m="3689" machi="12" ten="30,2000,0" yaku="6,1,54,1" doraHai="97" who="2" fromWho="3" sc="147,0,429,0,207,33,207,-23" /><INIT seed="2,0,0,0,0,13" ten="147,429,240,184" oya="2" hai0="130,18,98,134,125,79,115,56,40,74,75,102,55" hai1="114,25,122,34,51,62,20,116,38,64,129,63,100" hai2="123,53,31,5,80,44,97,35,96,58,90,117,68" hai3="77,3,83,23,127,119,133,69,32,11,57,42,126"/><V65/><F117/><W16/><G119/><T39/><D115/><U92/><E38/><V27/><F123/><W86/><G69/><T60/><D125/><N who="3" m="47625" /><G32/><T8/><D130/><U19/><E116/><V94/><F5/><N who="3" m="1471" /><G42/><T70/><D134/><U72/><E72/><V6/><F6/><W89/><G57/><T17/><D70/><U87/><E114/><V43/><F80/><W1/><G1/><T82/><D74/><U12/><E129/><V66/><F68/><W15/><G133/><T99/><D8/><U110/><E110/><V131/><F131/><W78/><AGARI ba="0,0" hai="15,16,23,77,78,83,86,89" m="1471,47625" machi="78" ten="30,4000,0" yaku="18,1,52,1,54,1" doraHai="13" who="3" fromWho="3" sc="147,-10,429,-10,240,-20,184,40" /><INIT seed="3,0,0,3,2,58" ten="137,419,220,224" oya="3" hai0="109,110,2,35,11,50,39,53,12,8,88,130,81" hai1="42,26,37,122,66,113,20,21,40,45,80,43,104" hai2="38,75,29,18,19,51,112,49,68,93,90,23,10" hai3="55,78,106,86,59,94,54,15,3,128,41,17,120"/><W46/><G120/><T25/><D39/><U61/><E104/><V36/><F112/><W24/><G106/><T102/><D130/><U27/><E113/><V22/><F68/><W1/><G24/><T115/><D115/><U103/><E103/><V34/><F75/><W96/><G86/><T28/><D102/><U82/><E122/><V125/><F125/><W121/><G78/><T6/><D11/><U31/><E82/><V123/><F123/><W62/><G55/><T57/><REACH who="0" step="1"/><D2/><REACH who="0" ten="127,419,220,224" step="2"/><U71/><E80/><V135/><F10/><N who="3" m="6391" /><G3/><T101/><D101/><U92/><E92/><V119/><F36/><W16/><G1/><T13/><D13/><U84/><E84/><V9/><F9/><W127/><G128/><T108/><D108/><U65/><E65/><V32/><F38/><W7/><G121/><T132/><D132/><U0/><E0/><V133/><F135/><W77/><G94/><T95/><D95/><U73/><E73/><V129/><F133/><W74/><G74/><T100/><D100/><U47/><E37/><V97/><F129/><W56/><G127/><T67/><D67/><U69/><E69/><V98/><F98/><W72/><G72/><T87/><AGARI ba="0,1" hai="6,8,12,25,28,35,50,53,57,81,87,88,109,110" machi="87" ten="30,4000,0" yaku="1,1,0,1,54,1,53,0" doraHai="58" doraHaiUra="60" who="0" fromWho="0" sc="127,50,419,-10,220,-10,224,-20" owari="177,-32.3,409,50.9,210,1.0,204,-19.6" /></mjloggm>