<mjloggm ver="2.3"><GO type="225" lobby="0"/><UN n0="%E7%AD%89%E3%80%85%E5%8A%9B%E5%8A%87%E5%A0%B4" n1="%E5%B0%8F%E9%B3%A5%E9%81%8A%E7%B7%B4%E7%84%A1%32%31%E6%AD%B3" n2="%E3%82%89%E3%81%84%E3%81%82%E3%82%93%E3%81%98%E3%82%83%E3%82%93" n3="%E3%83%9D%E3%83%B3%E3%83%9D%E3%82%B3%E5%95%86%E4%BA%8B" dan="16,16,17,16" rate="2147.61,2128.85,2121.88,2110.43" sx="M,F,M,M"/><TAIKYOKU oya="0"/><INIT seed="0,0,0,3,5,64" ten="250,250,250,250" oya="0" hai0="0,40,39,133,109,7,103,61,30,38,47,123,27" hai1="59,134,62,88,8,104,121,77,18,20,68,126,66" hai2="22,28,71,74,117,113,44,23,69,70,34,43,31" hai3="86,12,131,19,57,106,55,24,90,111,130,127,97"/><T1/><D123/><U107/><E121/><V85/><F74/><W9/><G111/><T4/><D133/><U37/><E134/><V53/><F113/><W99/><G127/><T96/><D109/><U108/><E108/><V51/><F117/><W2/><G2/><T124/><D124/><U75/><E37/><V132/><F132/><W101/><G99/><T105/><D38/><U80/><E126/><V67/><F67/><W36/><G24/><T135/><D135/><U42/><E42/><V102/><F102/><W95/><REACH who="3" step="1"/><G36/><REACH who="3" ten="250,250,250,240" step="2"/><T50/><D0/><U3/><E3/><V98/><F98/><W63/><AGARI ba="0,1" hai="9,12,19,55,57,63,86,90,95,97,101,106,130,131" machi="63" ten="30,4000,0" yaku="1,1,2,1,0,1,53,0" doraHai="64" doraHaiUra="110" who="3" fromWho="3" sc="250,-20,250,-10,250,-10,240,50" /><INIT seed="1,0,0,1,1,44" ten="230,240,240,290" oya="1" hai0="111,23,86,91,36,27,50,87,1,40,25,42,39" hai1="115,33,21,93,56,99,16,66,5,117,63,81,104" hai2="30,129,130,100,90,110,76,107,78,79,114,12,45" hai3="0,47,88,4,109,106,24,98,94,75,48,15,80"/><U54/><E115/><V134/><F30/><W121/><G109/><T97/><D1/><U10/><E33/><V49/><F110/><W9/><G121/><T71/><D71/><U126/><E126/><V132/><F12/><W53/><G106/><T61/><D61/><U82/><E104/><V51/><F45/><W112/><G24/><T52/><D111/><U96/><E117/><V65/><F65/><W92/><G112/><T95/><D27/><N who="1" m="14759" /><E66/><V131/><F90/><W11/><G94/><T64/><D64/><U125/><E99/><N who="2" m="61855" /><F114/><W89/><G75/><T83/><D39/><U123/><E123/><V35/><F35/><W31/><G31/><N who="0" m="17855" /><D36/><U32/><E32/><V67/><F67/><W37/><G37/><T7/><D7/><U34/><E34/><V74/><F74/><W20/><G20/><T59/><D87/><U38/><E125/><V105/><F105/><W19/><REACH who="3" step="1"/><G80/><REACH who="3" ten="230,240,240,280" step="2"/><T84/><D84/><U22/><E22/><V85/><F85/><W102/><AGARI ba="0,1" hai="0,4,9,11,15,19,47,48,53,88,89,92,98,102" machi="102" ten="20,12000,2" yaku="1,1,2,1,0,1,7,1,52,1,54,1,53,0" doraHai="44" doraHaiUra="28" who="3" fromWho="3" sc="230,-30,240,-60,240,-30,280,130" /><INIT seed="2,0,0,0,5,43" ten="200,180,210,410" oya="2" hai0="49,44,56,109,52,63,115,48,37,117,35,96,128" hai1="73,10,14,127,5,2,55,22,135,100,89,15,79" hai2="97,95,27,113,13,26,40,53,92,50,70,102,121" hai3="3,72,101,124,107,25,80,74,103,81,104,17,129"/><V122/><F113/><W12/><G3/><T111/><D35/><U39/><E135/><V54/><F70/><W51/><G25/><N who="2" m="9225" /><F121/><W42/><G42/><N who="0" m="22607" /><D96/><U32/><E100/><V19/><F92/><W110/><G51/><N who="0" m="19531" /><D115/><U58/><E32/><V57/><F122/><W18/><G12/><T118/><D128/><U33/><E33/><V47/><F57/><W82/><G82/><T68/><D68/><U87/><E39/><V62/><F62/><W23/><G23/><AGARI ba="0,0" hai="13,19,23,40,47,50,53,54,95,97,102" m="9225" machi="23" ten="30,2900,0" yaku="8,1,52,1" doraHai="43" who="2" fromWho="3" sc="200,0,180,0,210,29,410,-29" /><INIT seed="2,1,0,1,5,35" ten="200,180,239,381" oya="2" hai0="20,36,8,17,68,104,5,13,3,130,75,58,73" hai1="105,22,24,21,52,92,110,32,128,88,46,2,125" hai2="113,56,120,53,101,55,63,87,121,72,42,33,44" hai3="112,94,111,27,29,40,50,47,132,102,93,4,114"/><V119/><F113/><N who="3" m="43627" /><G111/><T59/><D68/><U103/><E105/><V7/><F119/><W16/><G132/><T99/><D36/><U37/><E103/><V66/><F72/><W57/><G102/><T108/><D108/><U79/><E110/><V30/><F101/><W127/><G127/><T23/><D104/><U77/><E125/><V86/><F120/><W131/><G131/><T6/><D99/><U41/><E128/><V109/><F109/><W45/><G57/><T19/><D130/><U67/><E67/><V91/><F86/><W116/><G16/><T123/><D123/><U71/><E71/><V12/><F30/><W100/><G100/><T69/><D69/><U118/><E118/><V64/><F33/><W39/><G4/><T31/><D31/><U43/><E32/><V11/><F66/><W74/><G74/><T61/><D6/><U26/><E41/><V9/><F9/><W28/><G28/><T82/><D82/><U106/><E106/><V15/><F15/><W60/><G60/><T96/><D96/><U84/><E52/><V25/><F25/><W124/><G124/><T65/><REACH who="0" step="1"/><D59/><REACH who="0" ten="190,180,239,381" step="2"/><U89/><E37/><V1/><F121/><W10/><G116/><T95/><D95/><U98/><E92/><V70/><F70/><W117/><G117/><T126/><D126/><U76/><E98/><V81/><F56/><W54/><G93/><T90/><D90/><U80/><E89/><V129/><F91/><W97/><G94/><T14/><AGARI ba="1,1" hai="3,5,8,13,14,17,19,20,23,58,61,65,73,75" machi="14" ten="20,8000,1" yaku="1,1,0,1,7,1,9,1,52,1,53,0" doraHai="35" doraHaiUra="38" who="0" fromWho="0" sc="190,93,180,-21,239,-41,381,-21" /><INIT seed="3,0,0,1,5,87" ten="283,159,198,360" oya="3" hai0="26,0,34,116,125,16,15,122,18,80,49,11,108" hai1="101,50,90,110,40,112,3,77,83,58,102,64,14" hai2="85,17,115,32,92,39,6,113,59,94,63,23,81" hai3="126,123,53,54,70,47,120,79,96,73,57,76,1"/><W99/><G70/><T117/><D122/><U13/><E110/><V25/><F39/><W127/><G1/><T41/><D108/><U21/><E3/><V82/><F32/><W28/><G28/><T100/><D125/><U56/><E112/><V43/><F43/><W133/><G47/><T98/><D0/><U105/><E105/><V89/><F6/><W48/><G133/><T4/><D80/><U69/><E69/><V29/><F113/><W27/><G27/><T38/><D38/><U124/><E77/><V67/><F115/><W97/><G54/><T104/><D34/><U78/><E78/><N who="3" m="29738" /><G73/><T93/><D104/><U135/><E135/><V10/><F10/><W24/><G24/><T7/><D117/><U132/><E132/><V86/><F29/><W44/><G44/><N who="0" m="25743" /><D116/><U84/><E124/><AGARI ba="0,0" hai="48,53,57,96,97,99,120,123,124,126,127" m="29738" machi="124" ten="30,1500,0" yaku="18,1" doraHai="87" who="3" fromWho="1" sc="283,0,159,-15,198,0,360,15" owari="283,8.3,144,-35.6,198,-20.2,375,47.5" /></mjloggm>