<mjloggm ver="2.3"><GO type="225" lobby="0"/><UN n0="%E5%87%BA%E6%B0%B4" n1="%68%6F%72%69%30%39%30%31" n2="%E5%8D%A0%E3%81%84%E5%B8%AB%E8%A3%8F%E3%81%AA%E3%81%84%E3%81%97" n3="%E3%81%8B%E3%82%8F%E3%81%A1%E3%82%83%E3%82%93%35%38" dan="16,16,17,16" rate="2062.88,2054.86,2155.69,2145.10" sx="F,M,M,M"/><TAIKYOKU oya="0"/><INIT seed="0,0,0,3,5,80" ten="250,250,250,250" oya="0" hai0="65,74,116,127,120,15,130,5,115,91,95,98,69" hai1="119,25,63,92,49,88,81,19,123,37,9,34,97" hai2="104,126,108,102,33,131,75,106,55,62,111,0,79" hai3="103,42,13,76,85,133,118,78,107,14,2,125,100"/><T71/><D115/><U20/><E123/><V53/><F33/><W16/><G2/><T60/><D116/><U39/><E119/><V45/><F0/><W68/><G68/><T29/><D120/><U32/><E63/><V46/><F62/><W11/><G107/><T6/><D130/><U135/><E135/><V58/><F58/><W8/><G118/><T7/><D127/><U3/><E49/><V93/><F93/><W105/><G105/><T52/><D74/><U59/><E59/><V38/><F38/><W22/><G125/><T90/><D71/><U26/><E26/><V87/><F75/><W82/><G133/><T17/><D29/><U4/><REACH who="1" step="1"/><E81/><REACH who="1" ten="250,240,250,250" step="2"/><V114/><F126/><W122/><G122/><T99/><D5/><U64/><E64/><V94/><F131/><W110/><G110/><T121/><D121/><U18/><E18/><V10/><F108/><W40/><G78/><T113/><D113/><U23/><E23/><V124/><F79/><W101/><G22/><T21/><D6/><AGARI ba="0,1" hai="6,8,11,13,14,16,40,42,76,82,85,100,101,103" machi="6" ten="40,5200,0" yaku="8,1,52,1,54,1" doraHai="80" who="3" fromWho="0" sc="250,-52,240,0,250,0,250,62" /><INIT seed="1,0,0,1,5,120" ten="198,240,250,312" oya="1" hai0="118,3,135,126,20,36,119,79,82,25,109,46,80" hai1="125,68,53,66,78,121,101,5,43,8,32,6,47" hai2="98,92,103,115,42,33,133,132,93,69,56,62,116" hai3="65,37,31,70,130,54,104,41,23,19,59,51,24"/><U67/><E32/><V35/><F116/><W45/><G104/><T2/><D135/><N who="2" m="51786" /><F69/><W50/><G130/><T86/><D126/><U77/><E121/><V76/><F115/><W106/><G106/><T18/><D109/><U85/><E125/><V39/><F76/><N who="1" m="29289" /><E101/><V63/><F63/><N who="3" m="40255" /><G51/><T49/><D36/><U27/><E68/><V124/><F124/><W0/><G0/><T114/><D114/><U89/><E27/><V81/><F81/><W75/><G75/><T29/><D119/><U12/><E43/><V16/><F93/><W11/><G11/><T71/><D71/><U83/><E5/><V97/><F97/><W91/><G91/><T94/><D118/><U21/><E21/><V102/><F102/><W128/><G128/><T134/><D134/><U38/><E38/><V7/><F7/><W58/><G58/><T74/><D94/><U100/><E100/><V117/><F117/><W64/><G64/><T22/><D74/><U99/><E99/><V90/><F103/><W30/><AGARI ba="0,0" hai="19,23,24,30,31,37,41,45,50,54,59" m="40255" machi="30" ten="30,1100,0" yaku="24,1" doraHai="120" who="3" fromWho="3" sc="198,-3,240,-5,250,-3,312,11" /><INIT seed="2,0,0,3,0,54" ten="195,235,247,323" oya="2" hai0="24,113,4,9,96,62,69,17,131,38,128,91,31" hai1="125,65,37,124,14,5,19,64,135,75,49,32,39" hai2="16,10,45,42,2,36,127,87,110,33,72,126,43" hai3="61,95,29,71,30,97,116,112,105,102,7,1,78"/><V46/><F72/><W134/><G116/><T0/><D38/><U41/><E75/><V94/><F33/><W103/><G78/><T129/><D113/><U119/><E32/><V85/><F2/><W58/><G71/><T44/><D44/><N who="1" m="25743" /><E5/><V40/><F40/><W107/><G95/><T56/><D69/><U57/><E119/><V111/><F94/><W59/><G7/><T93/><D17/><U98/><E98/><V108/><F16/><W83/><G83/><T86/><D96/><U114/><E114/><V25/><F25/><W18/><G18/><T52/><REACH who="0" step="1"/><D129/><REACH who="0" ten="185,235,247,323" step="2"/><U68/><E68/><V106/><F10/><W55/><G97/><T28/><D28/><U51/><E39/><N who="2" m="21727" /><F106/><W47/><G112/><T132/><D132/><U35/><E37/><V20/><F20/><AGARI ba="0,1" hai="0,4,9,20,24,31,52,56,62,86,91,93,128,131" machi="20" ten="40,8000,1" yaku="1,1,52,1,54,1,53,1" doraHai="54" doraHaiUra="80" who="0" fromWho="2" sc="185,90,235,0,247,-80,323,0" /><INIT seed="3,0,0,3,3,108" ten="275,235,167,323" oya="3" hai0="131,24,61,135,21,64,81,119,53,134,129,32,46" hai1="35,23,2,110,126,79,47,60,17,86,27,130,77" hai2="98,105,8,9,88,107,109,48,11,94,91,50,4" hai3="43,80,69,19,26,20,41,10,65,100,111,33,0"/><W120/><G100/><T101/><D101/><U122/><E122/><V73/><F73/><W121/><G80/><T70/><D81/><U90/><E110/><V28/><F109/><W115/><G111/><T114/><D32/><U1/><E130/><N who="0" m="49673" /><D119/><U102/><E102/><V99/><F28/><N who="3" m="19607" /><G43/><T30/><D114/><U36/><E126/><V57/><F4/><N who="3" m="1287" /><G115/><T45/><D53/><U58/><E35/><V95/><REACH who="2" step="1"/><F57/><REACH who="2" ten="275,235,157,323" step="2"/><W78/><G121/><T132/><AGARI ba="0,1" hai="21,24,30,45,46,61,64,70,132,134,135" m="49673" machi="132" ten="40,2700,0" yaku="20,1,19,1" doraHai="108" who="0" fromWho="0" sc="275,37,235,-7,157,-7,323,-13" owari="312,41.2,228,-17.2,150,-35.0,310,11.0" /></mjloggm>