<mjloggm ver="2.3"><GO type="225" lobby="0"/><UN n0="%E5%A4%9C%E5%85%89%E5%A4%A9%E6%A5%BC" n1="%6D%75%75%73%61%6E%6D%75" n2="%E3%81%86%E3%81%A9%E3%82%93%E3%81%93" n3="%72%69%6F%75%63%68%61%6E" dan="16,16,16,16" rate="2091.13,2110.03,2151.79,2175.99" sx="F,F,M,M"/><TAIKYOKU oya="0"/><INIT seed="0,0,0,2,4,85" ten="250,250,250,250" oya="0" hai0="42,127,58,122,75,78,76,36,23,59,21,103,34" hai1="121,60,68,3,95,131,37,84,24,130,133,16,57" hai2="15,109,102,53,104,41,13,28,97,114,40,2,30" hai3="5,115,128,118,89,83,110,20,111,100,25,126,22"/><T48/><D122/><U65/><E37/><V19/><F2/><W71/><G115/><T79/><D34/><U134/><E3/><V88/><F114/><W32/><G118/><T98/><D75/><U27/><E121/><V8/><F109/><N who="3" m="41483" /><G71/><T1/><D1/><U46/><E46/><V14/><F14/><W6/><G100/><T9/><D36/><U64/><E68/><V119/><F119/><W56/><G56/><N who="0" m="21547" /><D127/><U92/><E57/><V107/><F107/><W67/><G67/><N who="1" m="25674" /><E16/><N who="2" m="8231" /><F102/><W117/><G117/><T87/><D9/><U47/><E47/><V101/><F53/><W26/><G32/><T61/><D23/><N who="3" m="8745" /><G126/><T35/><D35/><U45/><E84/><V135/><F101/><W38/><G38/><T93/><D21/><U43/><E60/><V0/><F0/><W31/><G128/><N who="1" m="49194" /><E45/><V54/><F54/><W73/><G73/><T70/><D70/><U124/><E43/><V69/><F69/><W94/><G31/><T123/><D123/><U12/><E12/><V51/><F41/><W112/><G112/><T17/><D61/><U62/><E62/><V49/><F40/><W106/><G106/><T108/><D108/><U125/><E125/><V129/><F129/><W33/><G33/><T72/><D72/><U105/><E105/><V120/><F104/><W44/><G44/><N who="0" m="25623" /><D17/><U81/><E124/><V4/><F120/><W77/><G5/><T10/><D10/><U91/><E27/><V18/><F30/><W50/><G6/><T11/><D11/><U29/><E24/><V113/><F28/><W55/><G25/><T99/><D103/><RYUUKYOKU ba="0,0" sc="250,30,250,-10,250,-10,250,-10" hai0="76,78,79,87,93,98,99" /><INIT seed="0,1,0,1,4,5" ten="280,240,240,240" oya="0" hai0="107,9,35,73,55,99,116,22,92,106,24,28,39" hai1="85,100,6,87,53,0,127,88,17,43,119,101,13" hai2="111,96,84,98,68,121,110,74,113,124,31,46,71" hai3="89,21,112,69,49,60,52,18,8,82,134,59,38"/><T80/><D116/><U51/><E119/><V32/><F74/><W93/><G112/><T1/><D39/><U122/><E122/><V91/><F113/><W26/><G134/><T97/><D73/><U126/><E0/><V130/><F121/><W70/><G38/><T54/><D80/><U79/><E43/><V47/><F130/><W65/><G82/><T63/><D35/><U123/><E6/><V41/><F124/><N who="1" m="47657" /><E85/><V19/><F19/><W30/><G8/><T76/><D76/><U102/><E79/><V109/><F31/><W45/><REACH who="3" step="1"/><G30/><REACH who="3" ten="280,240,240,230" step="2"/><T12/><D9/><N who="1" m="6319" /><E123/><V135/><F135/><W105/><G105/><T132/><D106/><U10/><E10/><V36/><F36/><W77/><G77/><T94/><D107/><U57/><E100/><V56/><F110/><W20/><G20/><T44/><D22/><U37/><E37/><V64/><F109/><W2/><G2/><T16/><D1/><U66/><E66/><V72/><F64/><W3/><G3/><T115/><D115/><U118/><E118/><V131/><F111/><W67/><G67/><T7/><D132/><U83/><AGARI ba="1,1" hai="51,53,57,83,87,88,101,102" m="6319,47657" machi="83" ten="30,4000,0" yaku="18,1,52,1,54,1" doraHai="5" who="1" fromWho="1" sc="280,-21,240,53,240,-11,230,-11" /><INIT seed="1,0,0,1,0,41" ten="259,293,229,219" oya="1" hai0="18,122,72,10,12,104,33,13,7,24,105,107,30" hai1="108,99,79,75,76,96,14,123,74,27,115,103,97" hai2="84,44,58,20,11,90,65,35,43,64,19,89,109" hai3="25,54,23,17,29,39,6,87,124,113,21,133,111"/><U112/><E27/><V55/><F35/><W73/><G111/><T5/><D72/><N who="1" m="27691" /><E14/><V100/><F100/><W110/><G124/><T91/><D122/><U94/><E123/><V130/><F130/><W47/><G133/><T59/><D13/><U66/><E66/><V36/><F11/><W22/><G110/><T8/><D8/><U69/><E69/><V71/><F109/><W95/><G73/><T78/><D78/><N who="1" m="29739" /><E108/><V98/><F98/><AGARI ba="0,0" hai="94,96,97,98,99,103,112,115" m="29739,27691" machi="98" ten="40,3900,0" yaku="34,2" doraHai="41" who="1" fromWho="2" sc="259,0,293,39,229,-39,219,0" /><INIT seed="1,1,0,2,5,38" ten="259,332,190,219" oya="1" hai0="18,119,70,92,115,114,55,85,82,27,129,10,73" hai1="76,28,127,6,81,43,35,51,7,56,134,50,107" hai2="46,130,42,99,24,40,29,2,61,79,109,112,103" hai3="49,84,78,88,69,87,93,125,68,59,80,16,117"/><U15/><E107/><V0/><F109/><W60/><G125/><T74/><D119/><U48/><E127/><V116/><F116/><W110/><G110/><T71/><D92/><U53/><E134/><V86/><F130/><W101/><G117/><T102/><D102/><U123/><E123/><V108/><F108/><W31/><G31/><T47/><D129/><U128/><E128/><V25/><F112/><W44/><G101/><T94/><D94/><U58/><E35/><V23/><F61/><W126/><G126/><T135/><D135/><U3/><E28/><V90/><F79/><W19/><G68/><T57/><D70/><U20/><E3/><V41/><F46/><W121/><G69/><T89/><D71/><U67/><E67/><V77/><F77/><W1/><G1/><T33/><D74/><U122/><E122/><V5/><F5/><W124/><G121/><T37/><D73/><U75/><E58/><V95/><REACH who="2" step="1"/><F25/><REACH who="2" ten="259,332,180,219" step="2"/><W63/><G124/><T9/><D114/><U113/><E113/><V91/><F91/><W132/><G132/><T14/><D27/><U52/><E7/><V98/><F98/><W120/><G120/><T8/><D115/><U111/><E111/><V72/><F72/><W97/><G97/><T45/><D45/><N who="1" m="25663" /><E6/><V96/><F96/><W106/><G106/><AGARI ba="1,1" hai="0,2,23,24,29,40,41,42,86,90,95,99,103,106" machi="106" ten="40,8000,1" yaku="1,1,52,3,53,1" doraHai="38" doraHaiUra="26" who="2" fromWho="3" sc="259,0,332,0,180,93,219,-83" /><INIT seed="2,0,0,2,5,26" ten="259,332,273,136" oya="2" hai0="81,46,54,77,124,10,94,16,22,72,67,50,93" hai1="78,65,34,60,0,115,120,48,28,14,18,84,41" hai2="13,21,105,24,40,66,123,4,85,27,126,2,90" hai3="96,99,70,12,80,52,100,63,9,37,56,30,57"/><V108/><F123/><W89/><G37/><T110/><D110/><U133/><E0/><V129/><F105/><W131/><G131/><T35/><D35/><U101/><E115/><V122/><F122/><W11/><G70/><T61/><D10/><U1/><E1/><V104/><F104/><W31/><G56/><T74/><D74/><U83/><E120/><V69/><F2/><W62/><G63/><T59/><REACH who="0" step="1"/><D124/><REACH who="0" ten="249,332,273,136" step="2"/><U71/><E34/><V64/><F108/><W132/><G132/><T118/><D118/><U29/><E133/><V49/><F126/><W88/><G9/><T7/><D7/><U44/><E101/><V111/><F111/><W91/><G80/><T55/><D55/><U20/><AGARI ba="0,1" hai="14,18,20,28,29,41,44,48,60,65,71,78,83,84" machi="20" ten="20,5200,0" yaku="0,1,7,1,52,2" doraHai="26" who="1" fromWho="1" sc="249,-13,332,62,273,-26,136,-13" /><INIT seed="3,0,0,1,0,84" ten="236,394,247,123" oya="3" hai0="87,12,43,132,7,49,57,94,135,108,85,121,39" hai1="107,89,130,21,103,23,32,63,44,78,117,73,30" hai2="102,92,14,114,96,118,8,77,80,125,112,67,16" hai3="61,122,72,113,81,24,15,40,110,56,11,93,111"/><W51/><G113/><T31/><D121/><U38/><E32/><V115/><F118/><W46/><G122/><T2/><D2/><U1/><E1/><V52/><F67/><W100/><G24/><T17/><D31/><U120/><E120/><V119/><F119/><W69/><G69/><T3/><D7/><U131/><E117/><V0/><F0/><W6/><G100/><T50/><D3/><U124/><E30/><V109/><F109/><N who="3" m="41483" /><G93/><T45/><D108/><U9/><E103/><V55/><REACH who="2" step="1"/><F125/><REACH who="2" ten="236,394,237,123" step="2"/><W28/><G28/><T75/><D75/><AGARI ba="0,1" hai="8,14,16,52,55,75,77,80,92,96,102,112,114,115" machi="75" ten="40,8000,1" yaku="1,1,2,1,54,2,53,0" doraHai="84" doraHaiUra="65" who="2" fromWho="0" sc="236,-80,394,0,237,90,123,0" owari="156,-24.4,394,49.4,327,12.7,123,-37.7" /></mjloggm>