<mjloggm ver="2.3"><GO type="225" lobby="0"/><UN n0="%E5%86%B7%E5%87%8D%E3%82%AE%E3%83%A7%E3%83%BC%E3%82%B6" n1="%E3%81%86%E3%83%BC%E3%81%B1%E3%83%BC" n2="%E3%81%AF%E3%82%88%E3%81%8A%E3%81%98%E3%81%95%E3%82%93" n3="%E3%81%82%E3%81%B9%E3%81%99%E3%81%91" dan="16,17,17,16" rate="2113.23,2186.77,2199.57,2105.94" sx="M,F,M,M"/><TAIKYOKU oya="0"/><INIT seed="0,0,0,1,3,122" ten="250,250,250,250" oya="0" hai0="73,116,77,65,130,19,106,64,2,110,53,14,85" hai1="81,124,0,5,102,21,61,83,135,104,3,11,43" hai2="9,33,34,55,38,4,16,90,25,131,80,68,119" hai3="94,46,99,36,63,49,22,134,13,42,1,15,132"/><T45/><D116/><U75/><E3/><V76/><F119/><W69/><G1/><T128/><D2/><U117/><E117/><V70/><F131/><N who="0" m="50218" /><D106/><U57/><E135/><N who="3" m="51754" /><G36/><T20/><D73/><U107/><E124/><V72/><F38/><W78/><G78/><T74/><D74/><U111/><E102/><V123/><F123/><W59/><G22/><T91/><D77/><U121/><E121/><V97/><F55/><N who="3" m="34303" /><G69/><T113/><D113/><U88/><E21/><V125/><F125/><W8/><G8/><T86/><D110/><U51/><E111/><V87/><F97/><W31/><G31/><T79/><D79/><U18/><E75/><V6/><F34/><W101/><AGARI ba="0,0" hai="13,15,42,46,49,94,99,101" m="34303,51754" machi="101" ten="30,1100,0" yaku="20,1" doraHai="122" who="3" fromWho="3" sc="250,-5,250,-3,250,-3,250,11" /><INIT seed="1,0,0,4,4,6" ten="245,247,247,261" oya="1" hai0="58,27,79,36,64,95,105,112,126,114,11,34,66" hai1="97,5,50,3,124,115,75,130,72,128,70,99,91" hai2="109,123,77,42,118,59,29,21,26,8,100,92,55" hai3="47,78,134,88,120,85,122,1,2,81,129,32,14"/><U90/><E115/><V65/><F123/><W44/><G32/><T15/><D105/><U103/><E70/><V80/><F118/><W94/><G134/><T4/><D36/><U33/><E33/><V7/><F109/><W104/><G104/><T60/><D126/><U37/><E37/><V73/><F42/><W74/><G129/><T121/><D121/><U10/><E124/><V9/><F7/><W135/><G135/><T51/><D79/><U30/><E30/><V86/><F73/><W39/><G122/><T48/><D66/><U89/><E50/><V46/><F46/><W41/><G47/><T133/><D133/><U93/><REACH who="1" step="1"/><E99/><REACH who="1" ten="245,237,247,261" step="2"/><N who="2" m="59495" /><F65/><W0/><G120/><T98/><D114/><U67/><E67/><V107/><F107/><W111/><G111/><T31/><REACH who="0" step="1"/><D112/><REACH who="0" ten="235,237,247,261" step="2"/><U43/><E43/><V56/><F55/><W35/><G41/><T119/><D119/><U125/><E125/><V131/><F131/><AGARI ba="0,2" hai="3,5,10,72,75,89,90,91,93,97,103,128,130,131" machi="131" ten="40,7700,0" yaku="1,1,19,1,52,1,53,0" doraHai="6" doraHaiUra="68" who="1" fromWho="2" sc="235,0,237,97,247,-77,261,0" /><INIT seed="1,1,0,1,1,41" ten="235,334,170,261" oya="1" hai0="28,26,72,36,119,39,83,43,129,56,113,7,67" hai1="110,99,29,11,15,75,65,121,24,53,132,117,135" hai2="103,92,89,2,27,6,30,123,101,93,16,52,106" hai3="58,78,40,118,25,47,22,4,12,102,70,120,62"/><U33/><E121/><V134/><F123/><W100/><G118/><T91/><D119/><U42/><E75/><V105/><F134/><W0/><G0/><T71/><D113/><U69/><E117/><V125/><F125/><W49/><G70/><T38/><D129/><U54/><E110/><V133/><F133/><N who="1" m="51273" /><E99/><V90/><F6/><W45/><G78/><T104/><D7/><N who="1" m="3583" /><E42/><V55/><F2/><W10/><G47/><T112/><D112/><U96/><E96/><V80/><F80/><W111/><G111/><T98/><D72/><U115/><E115/><V20/><F30/><N who="3" m="17719" /><G120/><T59/><D43/><U64/><E64/><AGARI ba="1,0" hai="4,10,12,40,45,49,58,62,64,100,102" m="17719" machi="64" ten="30,2000,0" yaku="8,1,52,1" doraHai="41" who="3" fromWho="1" sc="235,0,334,-23,170,0,261,23" /><INIT seed="2,0,0,3,4,51" ten="235,311,170,284" oya="2" hai0="97,112,103,10,84,35,127,92,117,60,71,74,40" hai1="57,128,42,85,95,113,7,73,0,109,54,2,70" hai2="29,105,46,67,94,11,91,122,38,36,116,16,55" hai3="66,79,20,15,9,56,43,50,32,59,118,47,75"/><V104/><F116/><W119/><G32/><T39/><D74/><U63/><E113/><V99/><F122/><W23/><G119/><T107/><D112/><U77/><E109/><V3/><F29/><W135/><G135/><T82/><D117/><U13/><E128/><V53/><F67/><W111/><G111/><T132/><D132/><U21/><E70/><V124/><F124/><W5/><G118/><T8/><D127/><U108/><E108/><V110/><F110/><W19/><G75/><T123/><D123/><U30/><E42/><V45/><F3/><W6/><G79/><T22/><D35/><U68/><E68/><V98/><F11/><W12/><G66/><T52/><D107/><U14/><E14/><V125/><F125/><W72/><G72/><T25/><D40/><U90/><E30/><V88/><REACH who="2" step="1"/><F94/><REACH who="2" ten="235,311,160,284" step="2"/><W114/><G9/><T1/><D1/><U34/><E2/><V18/><AGARI ba="0,1" hai="16,18,36,38,45,46,53,55,88,91,98,99,104,105" machi="18" ten="25,24000,3" yaku="1,1,2,1,0,1,22,2,52,2,54,2,53,0" doraHai="51" doraHaiUra="64" who="2" fromWho="2" sc="235,-80,311,-80,160,250,284,-80" /><INIT seed="2,1,0,3,1,3" ten="155,231,410,204" oya="2" hai0="41,75,84,53,34,55,90,70,2,39,7,132,27" hai1="15,121,111,32,130,103,50,4,71,81,31,0,46" hai2="62,88,37,26,124,33,78,106,8,56,16,131,43" hai3="102,100,125,12,73,79,67,61,35,114,107,133,87"/><V101/><F78/><W14/><G35/><T48/><D75/><U83/><E0/><V63/><F124/><W64/><G73/><T5/><D70/><U89/><E71/><V66/><F131/><W115/><G133/><T134/><D39/><U85/><E130/><V51/><F37/><W105/><G61/><T113/><D41/><U123/><E111/><V119/><F119/><W110/><G87/><T52/><D48/><U118/><E103/><V94/><F106/><W22/><G22/><T54/><N who="0" m="13312" /><DORA hai="95" /><T68/><D68/><U20/><E118/><V28/><F101/><W82/><G82/><T99/><D99/><U96/><E83/><V116/><F116/><W126/><REACH who="3" step="1"/><G79/><REACH who="3" ten="155,231,410,194" step="2"/><T97/><D97/><U74/><E96/><V108/><F63/><W6/><G6/><T36/><D2/><U25/><E74/><V19/><F62/><W117/><G117/><T98/><D98/><U86/><E85/><V30/><F33/><W58/><G58/><T49/><D113/><U57/><E57/><V9/><F56/><W45/><G45/><T80/><D36/><U135/><E135/><N who="0" m="51753" /><D49/><U77/><E77/><V59/><F51/><W91/><G91/><T24/><D34/><U11/><E32/><V76/><F59/><W10/><G10/><T18/><D27/><U47/><E50/><V38/><F26/><W44/><G44/><T17/><D24/><U65/><E65/><V69/><F69/><W104/><G104/><T1/><D1/><U129/><E129/><V60/><F38/><W122/><G122/><AGARI ba="1,1" hai="4,11,15,20,25,31,46,47,81,86,89,121,122,123" machi="122" ten="40,2600,0" yaku="13,1,52,1" doraHai="3,95" who="1" fromWho="3" sc="155,0,231,39,410,0,194,-29" /><INIT seed="3,0,0,1,2,134" ten="155,270,410,165" oya="3" hai0="79,47,91,109,72,14,42,120,52,29,131,100,24" hai1="75,31,6,67,50,124,81,127,112,37,17,110,0" hai2="121,48,129,103,71,41,18,61,60,21,83,116,20" hai3="74,93,98,77,73,19,78,101,59,46,7,16,8"/><W89/><G46/><T117/><D120/><U105/><E112/><V118/><F103/><W38/><G38/><T135/><D117/><U99/><E37/><V10/><F121/><W87/><G59/><T13/><D135/><U123/><E50/><V94/><F94/><W108/><G108/><T5/><D109/><U119/><E17/><V106/><F106/><W88/><G74/><T76/><D131/><U11/><E123/><V63/><F71/><W104/><G89/><T36/><D100/><N who="1" m="62623" /><E110/><V40/><F129/><W113/><G113/><T22/><D91/><U114/><E114/><V28/><F118/><W133/><G133/><T53/><D72/><U12/><E12/><N who="2" m="7447" /><F116/><W130/><G130/><T43/><D43/><N who="2" m="16458" /><F28/><W86/><G78/><T132/><D132/><U126/><E119/><V125/><F83/><N who="3" m="45487" /><G87/><T95/><D95/><U96/><E31/><V39/><F39/><W9/><G9/><N who="0" m="4271" /><D79/><N who="1" m="44287" /><E67/><V128/><F128/><W111/><G111/><T80/><D14/><AGARI ba="0,0" hai="7,8,14,16,19,86,88,93,98,101,104" m="45487" machi="14" ten="30,5800,0" yaku="24,1,54,2" doraHai="134" who="3" fromWho="0" sc="155,-58,270,0,410,0,165,58" /><INIT seed="3,1,0,1,4,78" ten="97,270,410,223" oya="3" hai0="60,117,37,9,68,67,27,40,65,111,80,94,83" hai1="7,130,2,128,101,31,23,87,110,43,16,116,118" hai2="81,4,28,99,49,14,3,122,79,19,105,58,20" hai3="29,57,59,51,90,50,12,53,1,106,26,69,8"/><W98/><G1/><T44/><D117/><N who="1" m="45163" /><E101/><V75/><F122/><W126/><G69/><T96/><D111/><U38/><E43/><V54/><F28/><W123/><G123/><T5/><D67/><U124/><E38/><V56/><F58/><W112/><G112/><T131/><D27/><N who="1" m="16895" /><E87/><V15/><F3/><W47/><G126/><T91/><REACH who="0" step="1"/><D131/><REACH who="0" ten="87,270,410,223" step="2"/><U121/><E110/><V34/><F34/><W85/><G26/><T6/><D6/><U41/><E7/><V71/><F4/><W89/><G29/><T76/><D76/><U134/><E130/><V127/><F79/><W73/><G73/><T61/><D61/><U64/><E64/><V93/><F75/><W66/><G66/><T82/><D82/><U0/><E128/><V88/><F81/><W86/><G86/><T92/><D92/><U46/><E121/><V48/><F93/><W55/><G85/><T33/><D33/><U39/><E124/><V108/><F127/><W11/><G12/><AGARI ba="1,1" hai="5,9,12,37,40,44,60,65,68,80,83,91,94,96" machi="12" ten="30,7700,0" yaku="1,1,7,1,52,2,53,0" doraHai="78" doraHaiUra="135" who="0" fromWho="3" sc="87,90,270,0,410,0,223,-80" owari="177,-22.3,270,7.0,410,51.0,143,-35.7" /></mjloggm>