<mjloggm ver="2.3"><GO type="225" lobby="0"/><UN n0="%E6%A1%9C%E8%8A%B1%E9%96%83%E3%80%85" n1="%E3%81%BF%E3%81%BF%E3%81%9A" n2="%E3%82%B2%E3%82%B9%E8%8C%82%E5%8B%9D" n3="%E5%8E%9F%E7%AF%80%E5%AD%90" dan="16,16,16,16" rate="2044.06,2181.87,2080.13,2089.31" sx="M,M,F,F"/><TAIKYOKU oya="0"/><INIT seed="0,0,0,4,3,2" ten="250,250,250,250" oya="0" hai0="36,16,133,90,31,116,28,74,11,94,99,12,134" hai1="34,37,92,9,10,109,81,43,77,54,40,75,45" hai2="38,120,103,111,23,26,48,59,107,1,21,47,119" hai3="105,131,56,53,87,70,130,61,8,128,124,126,115"/><T7/><D116/><U125/><E34/><V122/><F119/><W135/><G105/><T6/><D36/><U65/><E109/><V42/><F1/><W101/><G101/><T52/><D74/><U39/><E125/><N who="3" m="48234" /><G87/><T127/><D127/><U0/><E65/><V57/><F111/><W27/><G27/><T15/><D52/><U51/><E92/><V88/><F103/><W13/><G115/><T89/><D89/><U95/><E95/><V67/><F107/><W50/><G13/><T3/><D3/><U132/><E132/><N who="0" m="50793" /><D6/><U69/><E69/><V32/><F67/><N who="3" m="41327" /><G135/><T35/><D35/><U102/><E102/><V63/><F88/><W14/><G14/><T49/><D49/><U104/><E104/><V78/><F32/><W18/><G8/><AGARI ba="0,0" hai="7,8,11,12,15,16,28,31,90,94,99" m="50793" machi="8" ten="30,5800,0" yaku="20,1,52,1,54,1" doraHai="2" who="0" fromWho="3" sc="250,58,250,0,250,0,250,-58" /><INIT seed="0,1,0,5,4,43" ten="308,250,250,192" oya="0" hai0="93,56,26,58,92,14,88,86,87,62,63,117,10" hai1="47,7,44,51,4,42,65,41,59,101,104,48,118" hai2="132,129,69,130,78,115,3,36,121,50,54,74,105" hai3="40,31,33,107,75,83,124,102,99,128,2,127,39"/><T29/><D117/><U84/><E118/><V95/><RYUUKYOKU type="yao9" ba="1,0" sc="308,0,250,0,250,0,192,0" hai2="3,36,50,54,69,74,78,95,105,115,121,129,130,132" /><INIT seed="0,2,0,4,0,134" ten="308,250,250,192" oya="0" hai0="25,90,44,58,65,67,31,18,89,37,124,120,119" hai1="129,132,114,56,7,70,108,80,126,86,101,97,83" hai2="103,72,16,112,78,53,15,38,54,42,128,11,13" hai3="46,24,75,110,76,36,81,73,43,94,14,123,19"/><T102/><D119/><U125/><E70/><V91/><F128/><W87/><G110/><T69/><D120/><U6/><E108/><V30/><F112/><W21/><G123/><T29/><D69/><U135/><E56/><V133/><F133/><N who="1" m="51273" /><E114/><V49/><F30/><W61/><G61/><T28/><D102/><U0/><E129/><V99/><F91/><N who="0" m="34826" /><D37/><U17/><E17/><V41/><F38/><W131/><G131/><T63/><D44/><U35/><E35/><V47/><F41/><W10/><REACH who="3" step="1"/><G94/><REACH who="3" ten="308,250,250,182" step="2"/><T4/><D124/><N who="1" m="47723" /><E0/><V71/><F71/><W116/><G116/><T100/><D63/><U34/><E34/><V64/><F64/><W107/><G107/><T66/><D67/><U40/><E40/><V20/><F42/><W51/><G51/><T106/><D66/><U5/><E86/><V50/><F49/><W84/><G84/><T1/><D65/><U74/><E74/><V122/><F122/><W32/><G32/><T111/><D111/><U57/><E57/><V8/><F50/><W113/><G113/><T82/><D58/><U26/><E26/><V59/><F59/><W79/><G79/><T77/><D77/><U62/><E62/><V130/><F130/><W109/><G109/><T95/><D25/><U52/><E52/><V2/><F78/><W93/><G93/><AGARI ba="2,1" hai="5,6,7,80,83,93,97,101" m="47723,51273" machi="93" ten="40,8000,1" yaku="20,1,18,1,52,3" doraHai="134" who="1" fromWho="3" sc="308,0,250,96,250,0,182,-86" /><INIT seed="1,0,0,5,5,30" ten="308,346,250,96" oya="1" hai0="134,100,7,121,41,32,115,114,103,4,67,33,24" hai1="58,43,68,110,98,90,96,87,28,59,42,26,131" hai2="132,61,11,92,21,127,88,106,52,39,84,91,112" hai3="57,62,125,128,31,135,99,105,29,119,56,3,97"/><U20/><E68/><V50/><F127/><W54/><G3/><T73/><D41/><N who="1" m="15371" /><E131/><V80/><F132/><W17/><G135/><T83/><D134/><U117/><E117/><V22/><F112/><W44/><G128/><T129/><D129/><U0/><E0/><V1/><F106/><W60/><G125/><T66/><D83/><N who="1" m="49535" /><E110/><V55/><F39/><W47/><G105/><T118/><D24/><U71/><E71/><V133/><F133/><W109/><G109/><T27/><D27/><U113/><E113/><V74/><F61/><W81/><G81/><T9/><D9/><U40/><N who="1" m="15379" /><U108/><DORA hai="122" /><E108/><V25/><F74/><W63/><G119/><T75/><REACH who="0" step="1"/><D118/><REACH who="0" ten="298,346,250,96" step="2"/><U65/><E65/><V49/><F25/><W77/><G54/><T116/><D116/><U86/><E86/><N who="2" m="50247" /><F11/><W93/><G97/><AGARI ba="0,1" hai="20,26,28,58,59,96,97,98" m="49535,15379" machi="97" ten="30,1500,0" yaku="8,1" doraHai="30,122" who="1" fromWho="3" sc="298,0,346,25,250,0,96,-15" /><INIT seed="1,1,0,3,4,40" ten="298,371,250,81" oya="1" hai0="118,91,130,4,58,56,64,30,95,48,67,108,20" hai1="131,42,6,34,11,105,123,51,43,103,66,96,71" hai2="50,45,121,2,36,57,122,72,59,65,113,8,61" hai3="117,26,82,76,17,73,99,104,13,90,41,98,111"/><U22/><E123/><V28/><F72/><W133/><G111/><T84/><D118/><U124/><E131/><V114/><F28/><W115/><G115/><N who="2" m="44041" /><F8/><W97/><G133/><T101/><D108/><U29/><E124/><V68/><F2/><W88/><G117/><T129/><D4/><U116/><E22/><V100/><F100/><W128/><G128/><N who="0" m="49259" /><D101/><U9/><E116/><V21/><F21/><W77/><G104/><T110/><D110/><U135/><E135/><V126/><F126/><W74/><G26/><N who="0" m="16711" /><D48/><U107/><E105/><V80/><F80/><W79/><G41/><T12/><D12/><U54/><E43/><N who="2" m="24895" /><F36/><W19/><G13/><T37/><D37/><U134/><E42/><V89/><F89/><N who="3" m="34411" /><G82/><T32/><D32/><U14/><E134/><V62/><F68/><W39/><G39/><T0/><D0/><U53/><E9/><V92/><F92/><W83/><G83/><T125/><D125/><U23/><E23/><V119/><F119/><W5/><G5/><T109/><D109/><U15/><E15/><V33/><F33/><W75/><AGARI ba="1,0" hai="17,19,73,74,75,76,77,79,97,98,99" m="34411" machi="75" ten="40,8000,1" yaku="29,2,28,2,54,1" doraHai="40" who="3" fromWho="3" sc="298,-21,371,-41,250,-21,81,83" /><INIT seed="2,0,0,5,3,120" ten="277,330,229,164" oya="2" hai0="99,20,37,28,65,51,62,22,118,57,56,2,133" hai1="54,59,72,44,53,77,89,117,88,19,36,75,68" hai2="109,23,49,81,78,110,9,43,35,4,123,48,60" hai3="93,33,55,8,40,105,86,103,125,71,83,32,21"/><V26/><F35/><W115/><G115/><T7/><D37/><U92/><E117/><V126/><F123/><W12/><G71/><T104/><D118/><U134/><E134/><V63/><F126/><W31/><G125/><T11/><D133/><U18/><E68/><V111/><F23/><W39/><G105/><T16/><D28/><U82/><E75/><N who="2" m="43231" /><F26/><W17/><G40/><T73/><D73/><U122/><E122/><V6/><F6/><W102/><G39/><T5/><D5/><U79/><E79/><V10/><F10/><W76/><G55/><T91/><D22/><U128/><E128/><V80/><F80/><W130/><G130/><T85/><D20/><U47/><E54/><V52/><F43/><W46/><G46/><T96/><D11/><U84/><E36/><V13/><F48/><W101/><REACH who="3" step="1"/><G93/><REACH who="3" ten="277,330,229,154" step="2"/><T127/><D104/><U135/><E135/><V114/><F114/><W50/><G50/><T38/><D51/><U100/><E44/><AGARI ba="0,1" hai="4,9,13,44,49,52,60,63,109,110,111" m="43231" machi="44" ten="30,18000,2" yaku="14,1,10,1,52,3,54,1" doraHai="120" who="2" fromWho="1" sc="277,0,330,-180,229,190,154,0" /><INIT seed="2,1,0,2,0,17" ten="277,150,419,154" oya="2" hai0="71,125,78,83,33,89,116,36,46,76,27,104,62" hai1="103,28,8,74,134,44,12,80,84,96,82,106,57" hai2="88,128,29,48,23,18,24,72,110,59,135,5,42" hai3="1,4,79,41,66,111,133,35,98,73,69,65,49"/><V50/><F128/><W107/><G35/><T31/><D125/><U51/><E134/><V58/><F72/><W105/><G111/><T13/><D116/><U115/><E115/><V67/><F135/><W81/><G133/><T91/><D104/><U3/><E3/><V9/><F110/><W6/><G69/><T56/><D71/><U11/><E28/><V19/><F88/><W68/><G68/><T7/><D78/><U25/><E25/><V39/><F39/><W87/><G73/><T127/><D127/><U52/><E74/><V129/><F129/><W2/><G2/><T97/><D97/><U22/><E82/><V99/><F99/><W94/><G107/><T121/><D121/><U126/><E126/><V60/><F48/><W86/><G86/><T108/><D46/><U131/><E131/><V32/><F32/><W119/><G105/><T123/><D36/><U130/><E130/><V47/><REACH who="2" step="1"/><F58/><REACH who="2" ten="277,150,409,154" step="2"/><W92/><G98/><T55/><D108/><U101/><E103/><V102/><F102/><W30/><G119/><T113/><D91/><U26/><E57/><V14/><AGARI ba="1,1" hai="5,9,14,18,19,23,24,29,42,47,50,59,60,67" machi="14" ten="20,12000,1" yaku="1,1,0,1,7,1,8,1,52,1,53,0" doraHai="17" doraHaiUra="95" who="2" fromWho="2" sc="277,-41,150,-41,409,133,154,-41" /><INIT seed="2,2,0,1,0,119" ten="236,109,542,113" oya="2" hai0="21,75,66,114,63,58,18,123,87,41,77,121,32" hai1="2,106,50,30,8,88,126,81,91,107,67,39,129" hai2="26,92,69,0,122,118,52,16,13,38,3,60,55" hai3="110,7,99,53,11,20,43,135,101,27,5,46,125"/><V36/><F122/><W56/><G110/><T84/><D32/><U104/><E39/><V23/><F118/><W89/><G135/><T25/><D114/><U34/><E126/><V90/><F3/><W131/><G131/><T1/><D1/><U4/><E129/><V96/><F0/><W98/><G89/><T74/><D41/><U31/><E67/><V6/><F36/><W45/><G125/><T103/><D103/><U82/><E50/><V134/><F38/><W111/><G43/><T68/><D68/><U37/><E37/><V113/><F113/><W132/><G111/><T61/><D61/><U47/><E47/><N who="3" m="17930" /><G11/><T65/><D65/><U9/><E34/><V33/><F134/><W29/><G132/><T59/><D59/><U109/><E109/><V35/><F35/><W112/><G112/><T105/><D105/><U15/><E82/><V64/><REACH who="2" step="1"/><F6/><REACH who="2" ten="236,109,532,113" step="2"/><W124/><G124/><T83/><D123/><U95/><E2/><V14/><F14/><W24/><G5/><T71/><D121/><U19/><E4/><V86/><F86/><W102/><G7/><T100/><D87/><U10/><E81/><V133/><F133/><W73/><G73/><T57/><D75/><U116/><E116/><V108/><F108/><W62/><G27/><T78/><D74/><U51/><E15/><V117/><F117/><W54/><G99/><T80/><D80/><U49/><E8/><V76/><F76/><W94/><G98/><T48/><D78/><U12/><E12/><V42/><F42/><W93/><G24/><N who="0" m="14391" /><D77/><U128/><E128/><V120/><F120/><RYUUKYOKU ba="2,1" sc="236,-10,109,-10,532,30,113,-10" hai2="13,16,23,26,33,52,55,60,64,69,90,92,96" /><INIT seed="2,3,1,2,0,13" ten="226,99,562,103" oya="2" hai0="69,115,100,123,53,9,135,63,90,134,102,3,99" hai1="87,27,29,101,113,57,91,114,84,72,95,52,132" hai2="16,5,130,45,47,124,42,103,40,15,22,11,35" hai3="89,133,92,14,110,98,77,117,75,68,73,12,55"/><V6/><F130/><W65/><G117/><T125/><D123/><U79/><E72/><V129/><F124/><W82/><G110/><T28/><D115/><U97/><E132/><V81/><F129/><W64/><G75/><T78/><D78/><U122/><E122/><V67/><F35/><W56/><G133/><T10/><D125/><U17/><E79/><V1/><F67/><W41/><G41/><T116/><D116/><U121/><E121/><V49/><F5/><W80/><G80/><T62/><D28/><U111/><E111/><V83/><REACH who="2" step="1"/><F103/><REACH who="2" ten="226,99,552,103" step="2"/><W94/><G65/><T120/><D102/><U23/><E114/><V54/><F54/><W118/><G118/><T76/><D53/><U93/><E113/><V104/><F104/><W109/><G64/><T32/><D100/><U7/><E7/><V4/><F4/><W86/><G109/><T8/><D32/><U119/><E119/><V31/><F31/><W34/><G34/><T59/><D120/><U24/><E29/><V19/><F19/><W44/><G68/><T36/><D69/><U128/><E128/><V88/><F88/><W61/><G44/><T85/><D90/><AGARI ba="3,2" hai="12,14,55,56,61,73,77,82,86,89,90,92,94,98" machi="90" ten="30,1000,0" yaku="7,1" doraHai="13" who="3" fromWho="0" sc="226,-19,99,0,552,0,103,39" /><INIT seed="3,0,0,1,4,58" ten="207,99,552,142" oya="3" hai0="45,99,59,53,4,101,125,41,3,2,112,64,42" hai1="8,15,44,129,72,60,128,74,26,83,61,43,31" hai2="84,118,81,76,71,11,100,135,67,6,25,9,122" hai3="88,50,21,0,65,55,13,56,123,114,35,49,107"/><W39/><G114/><T57/><D112/><U1/><E1/><V20/><F122/><W30/><G39/><T116/><D116/><U19/><E44/><V27/><F135/><W111/><G123/><T86/><D125/><U70/><E43/><V96/><F118/><W108/><G107/><T120/><D120/><U48/><E48/><V130/><F130/><N who="1" m="50281" /><E70/><V40/><F40/><W102/><G102/><T14/><D86/><U119/><E119/><V23/><F67/><W92/><G0/><T117/><D99/><U80/><E83/><V62/><F71/><W78/><G65/><T133/><D64/><U46/><E46/><V127/><F127/><W34/><G50/><T18/><D45/><U68/><E68/><V134/><F62/><N who="1" m="24169" /><E80/><V63/><F63/><W97/><G78/><T77/><D77/><U82/><E82/><V131/><F131/><W66/><G66/><T47/><D47/><U10/><E8/><V104/><F134/><W17/><REACH who="3" step="1"/><G30/><REACH who="3" ten="207,99,552,132" step="2"/><T89/><D41/><U16/><E19/><V54/><F100/><W113/><G113/><T22/><D42/><U69/><E69/><V28/><F104/><W91/><G91/><T126/><D89/><U7/><E16/><V5/><F76/><W85/><G85/><T38/><D117/><U98/><E98/><V32/><F96/><W106/><G106/><T115/><D115/><U79/><E79/><V75/><F84/><W73/><G73/><T110/><D3/><U87/><E87/><V29/><F75/><W124/><G124/><T24/><D2/><U37/><E37/><V95/><F29/><RYUUKYOKU ba="0,1" sc="207,-15,99,15,552,-15,132,15" hai1="7,10,15,26,31,72,74" hai3="13,17,21,34,35,49,55,56,88,92,97,108,111" /><INIT seed="3,1,1,5,5,0" ten="192,114,537,147" oya="3" hai0="52,25,119,11,1,99,130,95,34,12,37,81,125" hai1="101,111,134,120,94,46,84,35,28,117,6,29,65" hai2="78,26,129,51,123,56,126,7,9,100,92,71,50" hai3="3,36,54,109,68,115,87,69,16,41,102,14,19"/><W66/><G115/><T23/><D119/><U60/><E120/><V45/><F123/><W38/><G3/><T73/><D125/><U77/><E117/><V122/><F122/><W67/><G102/><T105/><D105/><U24/><E134/><V80/><F126/><W124/><G124/><T113/><D130/><U15/><E111/><V62/><F71/><W88/><G109/><T133/><D34/><U90/><E77/><V110/><F110/><W98/><G98/><T89/><D1/><U22/><E101/><V63/><F129/><W13/><G54/><T39/><D133/><U85/><E46/><V76/><F26/><W91/><G87/><T121/><D113/><U132/><E132/><V74/><F76/><W8/><G8/><T2/><D2/><U27/><E85/><V33/><F33/><W114/><G114/><T135/><D135/><U30/><E30/><V97/><F45/><W64/><G64/><T47/><D81/><U53/><E53/><V131/><F131/><W128/><G128/><T79/><D79/><U5/><E15/><V10/><F10/><W106/><G41/><T86/><D73/><U103/><E103/><V57/><F57/><AGARI ba="1,1" hai="5,6,22,24,27,28,29,35,57,60,65,84,90,94" machi="57" ten="30,3900,0" yaku="7,1,52,2" doraHai="0" who="1" fromWho="2" sc="192,0,114,52,537,-42,147,0" owari="192,-0.8,166,-23.4,495,59.5,147,-35.3" /></mjloggm>