<mjloggm ver="2.3"><GO type="225" lobby="0"/><UN n0="%E6%A0%B9%E5%85%83%E3%81%8B%E3%82%89%E5%90%B9%E3%81%A3%E9%A3%9B%E3%81%B6" n1="%E5%A4%9C%E5%85%89%E5%A4%A9%E6%A5%BC" n2="%E3%81%B5%E3%81%98%E3%81%8B%E3%81%A4" n3="%EF%BC%B3%E3%81%9E%E3%81%88%E2%98%86" dan="17,17,17,16" rate="2164.25,2166.03,2199.22,2079.84" sx="F,F,M,M"/><TAIKYOKU oya="0"/><INIT seed="0,0,0,0,2,19" ten="250,250,250,250" oya="0" hai0="25,30,119,41,4,86,70,125,90,43,7,80,57" hai1="112,40,95,127,62,65,91,14,47,133,78,92,96" hai2="101,132,69,123,74,12,51,48,117,50,72,56,120" hai3="116,85,42,10,128,24,71,15,21,26,84,54,108"/><T34/><D119/><U102/><E133/><V32/><F117/><W33/><G71/><T87/><D125/><U37/><E127/><V3/><F132/><W77/><G116/><T27/><D70/><U39/><E112/><V98/><F69/><W114/><G114/><T45/><D57/><U121/><E121/><V111/><F3/><W8/><G108/><T46/><D30/><U6/><E78/><V36/><F36/><W35/><G42/><T68/><D68/><U134/><E134/><V5/><F32/><W131/><G77/><T103/><D90/><U99/><E62/><V55/><F111/><W60/><G15/><T9/><D9/><U97/><E65/><V100/><F5/><W44/><G54/><T53/><D53/><U88/><E14/><V20/><F101/><W18/><G18/><T124/><D124/><U59/><E59/><V115/><F115/><W11/><G11/><T73/><D73/><N who="2" m="28266" /><F123/><W118/><G118/><T83/><REACH who="0" step="1"/><D103/><REACH who="0" ten="240,250,250,250" step="2"/><U94/><E6/><V0/><F120/><W105/><G44/><T1/><D1/><U2/><E2/><V38/><F0/><W113/><G113/><T22/><D22/><U28/><E28/><V89/><F89/><W63/><G105/><T52/><D52/><U23/><E23/><AGARI ba="0,1" hai="8,10,21,23,24,26,33,35,60,63,84,85,128,131" machi="23" ten="25,6400,0" yaku="22,2,52,2" doraHai="19" who="3" fromWho="1" sc="240,0,250,-64,250,0,250,74" /><INIT seed="1,0,0,0,4,89" ten="240,186,250,324" oya="1" hai0="31,38,67,127,112,84,24,26,118,51,35,80,6" hai1="70,30,86,97,106,33,120,11,85,72,1,36,40" hai2="49,21,69,88,128,90,42,62,124,5,133,99,78" hai3="102,28,44,27,76,108,13,101,114,117,14,48,58"/><U8/><E120/><V113/><F124/><W103/><G114/><T111/><D112/><U61/><E72/><V3/><F113/><W34/><G108/><T105/><D118/><U15/><E1/><V130/><F78/><W73/><G117/><T83/><D111/><U122/><E122/><V79/><F79/><W126/><G126/><T19/><D127/><U10/><E15/><V23/><F133/><W92/><G76/><T0/><D38/><U134/><E134/><V60/><F5/><W7/><G73/><T56/><D105/><U131/><E131/><N who="2" m="50219" /><F3/><W53/><G7/><T82/><D0/><U59/><E40/><V52/><F42/><W41/><REACH who="3" step="1"/><G92/><REACH who="3" ten="240,186,250,314" step="2"/><T91/><D6/><U123/><E123/><V116/><F116/><W2/><G2/><T68/><D82/><U132/><E132/><V45/><F69/><W129/><G129/><T25/><D80/><U16/><E70/><V94/><F90/><W9/><G9/><T50/><D68/><U135/><E135/><V32/><F32/><W4/><G4/><T12/><D35/><U29/><E33/><V57/><F57/><W125/><G125/><T115/><D115/><U96/><E11/><V119/><F119/><W81/><G81/><T54/><D31/><U20/><E59/><V121/><F121/><W65/><G65/><T77/><D67/><U100/><E30/><V18/><F23/><W39/><AGARI ba="0,1" hai="13,14,27,28,34,39,41,44,48,53,58,101,102,103" machi="39" ten="30,2000,0" yaku="1,1,0,1,53,0" doraHai="89" doraHaiUra="109" who="3" fromWho="3" sc="240,-5,186,-10,250,-5,314,30" /><INIT seed="2,0,0,3,1,126" ten="235,176,245,344" oya="2" hai0="41,22,9,58,39,113,100,77,34,53,101,26,37" hai1="78,115,107,105,122,69,4,11,72,127,36,109,43" hai2="14,35,95,129,91,61,89,55,47,70,42,17,110" hai3="117,57,96,132,51,62,52,103,19,98,3,40,131"/><V16/><F35/><W93/><G3/><T60/><D113/><U106/><E115/><V64/><F110/><W46/><G117/><T81/><D34/><U135/><E109/><V30/><F30/><W29/><G29/><T74/><D9/><U67/><E127/><V28/><F28/><W65/><G132/><T21/><D21/><U5/><E135/><V125/><F125/><W1/><G1/><T121/><D121/><U75/><E122/><V128/><F55/><W59/><G131/><N who="2" m="50249" /><F95/><W85/><G85/><T111/><D111/><U50/><E50/><N who="2" m="26999" /><F16/><W104/><G19/><T114/><D114/><U8/><E8/><AGARI ba="0,0" hai="8,14,17,61,64,70,89,91" m="26999,50249" machi="8" ten="30,11600,0" yaku="19,1,52,3" doraHai="126" who="2" fromWho="1" sc="235,0,176,-116,245,116,344,0" /><INIT seed="2,1,0,1,3,8" ten="235,60,361,344" oya="2" hai0="0,39,75,73,110,77,99,14,101,129,42,106,11" hai1="93,127,78,95,87,22,40,123,68,44,59,50,82" hai2="94,55,31,30,7,58,96,51,5,112,12,108,113" hai3="35,10,67,66,102,4,43,135,91,133,90,3,130"/><V119/><F119/><W37/><G35/><T60/><D110/><U56/><E127/><V21/><F108/><W132/><G130/><T1/><D129/><U38/><E68/><V111/><F111/><W85/><G102/><T16/><D77/><U97/><E123/><V103/><F113/><W69/><G69/><T63/><D75/><U104/><E104/><V98/><F112/><W120/><G120/><T20/><D73/><U124/><E124/><V18/><REACH who="2" step="1"/><F98/><REACH who="2" ten="235,60,351,344" step="2"/><W79/><G132/><T128/><D128/><U70/><E70/><V62/><F62/><W52/><G133/><T92/><D63/><U81/><E38/><V48/><F48/><W72/><G135/><T34/><D60/><U19/><E82/><V6/><AGARI ba="1,1" hai="5,6,7,12,18,21,30,31,51,55,58,94,96,103" machi="6" ten="30,11700,0" yaku="1,1,0,1,8,1,52,1,53,0" doraHai="8" doraHaiUra="125" who="2" fromWho="2" sc="235,-40,60,-40,351,130,344,-40" /><INIT seed="2,2,0,1,4,33" ten="195,20,481,304" oya="2" hai0="87,96,67,5,45,128,133,97,8,124,81,123,16" hai1="109,4,101,61,93,53,121,25,125,6,26,105,122" hai2="92,22,44,35,132,57,60,3,47,120,46,64,9" hai3="75,114,73,118,17,14,129,38,52,134,99,41,117"/><V10/><F120/><N who="1" m="46185" /><E109/><V28/><F132/><W91/><G134/><T119/><D133/><U19/><E105/><V106/><F106/><W32/><G32/><T23/><D124/><U127/><E101/><V2/><F35/><W130/><G41/><T126/><D126/><N who="1" m="48139" /><E61/><V15/><F92/><N who="3" m="56735" /><G38/><T34/><D128/><N who="3" m="49257" /><G14/><N who="0" m="5391" /><D123/><U70/><E53/><V135/><F135/><W63/><G17/><T65/><D45/><U85/><E85/><V104/><F104/><W89/><G114/><T90/><D119/><N who="3" m="45577" /><G89/><T31/><D31/><U39/><E39/><V50/><F10/><W98/><G98/><N who="0" m="37995" /><D34/><U103/><E103/><V0/><F9/><W43/><G43/><T115/><D115/><U42/><E42/><V77/><F15/><AGARI ba="2,0" hai="15,16,23,65,67,81,87,90" m="37995,5391" machi="15" ten="30,2000,0" yaku="8,1,54,1" doraHai="33" who="0" fromWho="2" sc="195,26,20,0,481,-26,304,0" /><INIT seed="3,0,0,1,5,16" ten="221,20,455,304" oya="3" hai0="19,5,117,22,48,64,65,2,11,59,47,29,103" hai1="1,43,61,81,85,54,125,87,25,41,106,89,134" hai2="129,10,88,128,53,56,70,58,132,30,124,133,4" hai3="109,36,82,76,111,105,74,13,34,80,78,66,28"/><W55/><G13/><T126/><D126/><U8/><E106/><V112/><F112/><W37/><G55/><T17/><D117/><U14/><E1/><V33/><F70/><W101/><G66/><T94/><D17/><N who="1" m="8391" /><E125/><V127/><F88/><W86/><G28/><T102/><D29/><U26/><E134/><N who="2" m="51819" /><F30/><W18/><G18/><T84/><D103/><U68/><E68/><V123/><F33/><W108/><G34/><T60/><D65/><U91/><E54/><V131/><F123/><W122/><G122/><T115/><D115/><U24/><E61/><N who="2" m="35983" /><F58/><W62/><REACH who="3" step="1"/><G62/><REACH who="3" ten="221,20,455,294" step="2"/><T3/><D102/><U72/><E72/><V110/><F110/><W38/><G38/><T31/><D31/><U32/><E32/><V46/><F46/><W50/><G50/><T9/><D48/><U7/><E7/><V57/><F57/><W21/><G21/><T44/><D5/><U15/><E15/><AGARI ba="0,1" hai="4,10,15,124,127,128,129,131" m="35983,51819" machi="15" ten="40,8000,1" yaku="30,2,19,1,20,1" doraHai="16" who="2" fromWho="1" sc="221,0,20,-80,455,90,294,0" owari="221,-17.9,-60,-56.0,545,64.5,294,9.4" /></mjloggm>