<mjloggm ver="2.3"><GO type="225" lobby="0"/><UN n0="%6D%61%74%69%67%75%73%61" n1="%6D%75%75%73%61%6E%6D%75" n2="%E8%9B%87%E3%81%AE%E8%A1%80" n3="%E6%A1%9C%E8%8A%B1%E9%96%83%E3%80%85" dan="17,16,16,17" rate="2146.61,2046.87,2159.41,2158.53" sx="M,F,M,M"/><TAIKYOKU oya="0"/><INIT seed="0,0,0,1,2,9" ten="250,250,250,250" oya="0" hai0="69,30,58,111,82,113,13,20,8,91,72,32,127" hai1="85,97,53,31,86,17,128,59,124,65,135,3,102" hai2="79,60,78,15,50,121,88,107,122,22,96,38,118" hai3="129,74,5,62,84,95,120,104,51,81,68,101,126"/><T83/><D69/><U45/><E3/><V40/><F38/><W0/><G126/><T44/><D113/><U70/><E124/><V117/><F60/><W93/><G129/><T80/><D127/><U11/><E128/><V100/><F40/><W125/><G125/><T7/><D32/><U4/><E135/><V14/><F50/><W90/><G120/><N who="2" m="46185" /><F22/><W55/><G0/><T134/><D72/><U87/><E31/><V26/><F26/><W92/><G5/><T75/><D75/><U29/><E29/><V130/><F130/><W28/><G28/><T108/><D134/><U43/><E17/><V64/><F64/><W52/><G74/><T77/><D77/><N who="2" m="29194" /><F88/><W119/><G51/><T103/><D91/><U89/><E65/><V71/><F71/><W109/><G55/><T23/><D44/><U34/><E34/><V12/><F12/><W99/><G52/><T56/><D30/><U19/><E19/><V10/><F10/><W131/><G62/><T49/><D49/><N who="1" m="26815" /><E70/><V116/><AGARI ba="0,0" hai="14,15,96,100,107,116,117,118" m="29194,46185" machi="116" ten="40,5200,0" yaku="12,1,52,2" doraHai="9" who="2" fromWho="2" sc="250,-26,250,-13,250,52,250,-13" /><INIT seed="1,0,0,5,3,26" ten="224,237,302,237" oya="1" hai0="91,89,133,114,83,48,90,93,15,1,127,67,24" hai1="6,88,57,25,84,16,86,79,3,76,125,103,39" hai2="81,37,13,74,121,122,94,31,27,117,44,46,19" hai3="102,18,42,101,134,23,4,12,17,9,95,132,135"/><U7/><E39/><V120/><F117/><W130/><G130/><T36/><D36/><U61/><E125/><V80/><F94/><W108/><G108/><T11/><D1/><U66/><E103/><V107/><F107/><W20/><G42/><T56/><D114/><U58/><E3/><V71/><F71/><W50/><G50/><T55/><D133/><U72/><E72/><V65/><F65/><W100/><REACH who="3" step="1"/><G95/><REACH who="3" ten="224,237,302,227" step="2"/><T112/><D93/><U14/><E79/><V41/><F37/><W128/><G128/><T87/><D48/><U63/><E76/><V111/><F41/><W43/><G43/><T10/><D127/><U97/><E97/><V62/><F111/><W99/><G99/><T85/><D112/><U33/><E86/><V59/><F121/><W49/><G49/><T129/><D85/><U53/><E84/><V35/><F120/><W69/><G69/><T109/><D129/><U28/><REACH who="1" step="1"/><E88/><REACH who="1" ten="224,227,302,227" step="2"/><V123/><F123/><W34/><G34/><T40/><D91/><U8/><AGARI ba="0,2" hai="6,7,8,14,16,25,28,33,53,57,58,61,63,66" machi="8" ten="20,18000,2" yaku="1,1,2,1,0,1,7,1,52,1,54,1,53,0" doraHai="26" doraHaiUra="73" who="1" fromWho="1" sc="224,-60,227,200,302,-60,227,-60" /><INIT seed="1,1,0,2,0,53" ten="164,427,242,167" oya="1" hai0="100,110,58,64,114,62,67,124,132,60,18,108,40" hai1="24,82,20,19,34,51,87,14,50,54,135,11,94" hai2="8,118,32,128,86,105,52,27,78,0,57,38,36" hai3="63,84,115,130,101,117,9,93,13,17,16,99,48"/><U134/><E34/><V43/><F118/><W69/><G115/><T129/><D100/><U123/><E123/><V1/><F105/><W79/><G117/><T29/><D29/><U75/><E75/><V39/><F43/><W7/><G130/><T83/><D83/><U31/><E94/><V116/><F116/><W74/><G74/><T97/><D97/><U46/><REACH who="1" step="1"/><E51/><REACH who="1" ten="164,417,242,167" step="2"/><V133/><F32/><W125/><G48/><T66/><D129/><U47/><E47/><V121/><F128/><W21/><G125/><T5/><D124/><U23/><E23/><V49/><F121/><W106/><G106/><T3/><D114/><U90/><AGARI ba="1,1" hai="11,14,19,20,24,31,46,50,54,82,87,90,134,135" machi="90" ten="30,11700,0" yaku="1,1,0,1,25,2,53,0" doraHai="53" doraHaiUra="109" who="1" fromWho="1" sc="164,-40,417,130,242,-40,167,-40" /><INIT seed="1,2,0,2,2,20" ten="124,547,202,127" oya="1" hai0="91,77,74,115,118,117,122,54,120,2,114,44,121" hai1="15,105,37,124,31,27,102,22,107,128,111,92,100" hai2="28,35,47,98,14,12,134,75,30,119,63,113,66" hai3="135,50,23,127,6,93,45,49,84,95,90,29,46"/><U76/><E37/><V61/><F75/><W5/><G127/><T72/><D2/><U41/><E41/><V13/><F119/><N who="0" m="45578" /><D54/><U116/><E128/><V101/><F134/><W19/><G29/><T59/><D59/><U104/><E124/><V106/><F113/><N who="0" m="43018" /><D44/><N who="3" m="17001" /><G95/><T94/><D77/><U32/><E76/><V83/><F47/><W43/><G135/><T126/><D126/><U99/><E116/><V69/><F83/><W56/><G43/><T88/><D91/><U64/><E64/><V60/><F30/><W103/><G103/><T3/><D3/><U68/><E102/><V82/><F82/><W112/><G112/><T40/><D40/><U21/><E68/><V55/><F55/><N who="3" m="31855" /><G50/><T73/><D72/><U25/><E32/><V39/><F39/><W129/><G129/><T8/><D8/><U78/><E78/><V58/><F58/><W65/><G65/><T125/><D125/><U36/><E36/><V53/><F53/><W133/><G133/><T33/><D33/><U110/><E15/><AGARI ba="2,0" hai="5,6,15,19,23,84,90,93" m="31855,17001" machi="15" ten="30,2000,0" yaku="25,1,8,1" doraHai="20" who="3" fromWho="1" sc="124,0,547,-26,202,0,127,26" /><INIT seed="2,0,0,3,2,24" ten="124,521,202,153" oya="2" hai0="17,25,60,27,41,50,43,7,83,123,46,122,82" hai1="80,126,61,77,39,114,55,132,6,113,12,101,129" hai2="105,23,71,4,59,103,9,15,37,31,52,79,11" hai3="64,73,109,53,26,58,13,104,69,85,121,120,115"/><V8/><F71/><W89/><G73/><T32/><D7/><U65/><E39/><V84/><F37/><W40/><G104/><T33/><D60/><U94/><E55/><V106/><F103/><W70/><G40/><T49/><REACH who="0" step="1"/><D17/><REACH who="0" ten="114,521,202,153" step="2"/><U119/><E6/><V68/><F4/><W125/><G120/><T38/><D38/><U76/><E61/><V111/><F111/><W19/><G121/><T14/><D14/><U45/><E12/><V5/><F15/><W86/><G109/><T20/><D20/><U127/><E114/><V16/><F16/><W35/><G115/><T78/><D78/><U2/><E77/><V118/><F23/><W0/><G19/><T134/><D134/><U1/><E76/><V93/><F79/><W48/><G13/><T54/><D54/><U62/><E132/><V97/><F5/><W3/><G53/><T128/><D128/><U133/><E133/><V100/><F8/><W44/><G64/><T63/><D63/><U88/><E62/><V18/><F9/><W98/><G3/><T95/><D95/><U36/><E2/><V67/><F11/><W135/><G0/><T29/><D29/><U42/><E1/><V116/><F31/><W107/><G135/><T81/><D81/><U30/><E113/><V117/><F93/><W102/><G35/><T131/><D131/><U110/><E129/><V74/><F67/><W96/><G70/><T90/><D90/><U130/><E65/><V112/><F112/><W57/><G89/><T108/><D108/><U124/><E130/><V28/><F28/><W21/><G69/><RYUUKYOKU ba="0,1" sc="114,30,521,-10,202,-10,153,-10" hai0="25,27,32,33,41,43,46,49,50,82,83,122,123" /><INIT seed="3,1,1,1,4,23" ten="144,511,192,143" oya="3" hai0="2,48,67,92,51,19,70,33,93,27,7,119,41" hai1="110,34,134,20,97,56,129,50,49,62,11,5,131" hai2="133,8,124,45,42,109,25,82,38,46,86,26,118" hai3="18,6,115,68,65,95,37,117,126,60,32,122,88"/><W128/><G115/><T85/><D119/><U71/><E34/><V103/><F109/><W13/><G117/><T100/><D70/><U10/><E71/><V102/><F118/><W111/><G122/><T3/><D67/><N who="1" m="39367" /><E110/><V35/><F35/><W57/><G111/><T59/><D93/><U29/><E134/><V61/><F133/><W63/><G126/><T80/><D80/><U116/><E116/><V58/><F124/><W135/><G135/><T0/><D85/><U4/><E97/><V83/><F8/><N who="1" m="3113" /><E29/><V87/><F42/><W39/><G6/><N who="1" m="2666" /><E20/><V81/><F38/><W52/><G32/><T130/><D33/><U44/><E44/><N who="2" m="17003" /><F61/><W99/><G128/><AGARI ba="1,1" hai="49,50,128,129,131" m="2666,3113,39367" machi="128" ten="30,1000,0" yaku="19,1" doraHai="23" who="1" fromWho="3" sc="144,0,511,23,192,0,143,-13" owari="144,-25.6,534,63.4,192,-0.8,130,-37.0" /></mjloggm>