<mjloggm ver="2.3"><GO type="225" lobby="0"/><UN n0="%6D%75%75%6D%75%72%61" n1="%E7%B4%94%E6%BD%94%E3%83%94%E3%83%A9%E3%83%8B%E3%82%A2" n2="%28%EF%BF%A3%E2%96%BD%EF%BF%A3%29%CE%B4%E2%8C%92%E3%83%BB" n3="%E6%B4%BE%E9%81%A3%E3%81%AE%E3%82%B8%E3%83%A3%E3%83%83%E3%82%AF" dan="16,18,16,16" rate="2129.32,2309.02,2108.31,2143.16" sx="F,M,M,M"/><TAIKYOKU oya="0"/><INIT seed="0,0,0,2,4,51" ten="250,250,250,250" oya="0" hai0="22,92,49,7,25,43,1,71,100,121,19,114,68" hai1="30,131,123,35,119,95,120,88,39,122,67,41,38" hai2="32,5,94,61,12,15,10,20,46,70,18,58,107" hai3="4,72,62,93,110,0,59,87,125,90,76,113,79"/><T23/><D114/><U6/><E119/><V135/><F107/><W9/><G110/><T16/><D121/><U78/><E131/><V102/><F32/><W34/><G34/><T11/><D100/><U130/><E130/><V116/><F70/><W86/><G113/><T24/><D92/><U63/><E78/><V81/><F116/><W91/><G125/><T73/><D73/><U111/><E6/><V74/><F135/><W109/><G109/><T52/><D43/><U40/><E111/><V89/><F74/><W99/><G72/><T60/><D60/><U124/><E124/><V31/><F102/><W48/><G48/><T64/><D64/><U117/><E117/><V55/><F81/><W66/><REACH who="3" step="1"/><G99/><REACH who="3" ten="250,250,250,240" step="2"/><T57/><AGARI ba="0,1" hai="1,7,11,16,19,22,23,24,25,49,52,57,68,71" machi="57" ten="20,18000,2" yaku="0,1,7,1,9,1,52,1,54,2" doraHai="51" who="0" fromWho="0" sc="250,190,250,-60,250,-60,240,-60" /><INIT seed="0,1,0,1,4,36" ten="440,190,190,180" oya="0" hai0="96,116,57,16,50,6,18,99,115,107,74,56,40" hai1="87,30,55,134,105,52,102,131,103,60,124,98,19" hai2="58,27,20,67,8,14,117,5,39,93,24,75,46" hai3="109,69,88,54,79,121,104,84,25,22,106,83,113"/><T89/><D115/><U73/><E73/><V1/><F75/><W49/><G113/><T15/><D116/><U34/><E134/><V11/><F117/><W86/><G69/><T48/><D74/><U112/><E112/><V132/><F132/><W70/><G70/><T128/><D128/><U63/><E131/><V7/><F93/><W32/><G32/><T2/><D2/><U95/><E124/><V65/><F58/><N who="0" m="22634" /><D107/><U114/><E114/><V90/><F90/><W0/><G0/><T62/><D62/><N who="1" m="23595" /><E34/><V41/><REACH who="2" step="1"/><F27/><REACH who="2" ten="440,190,180,180" step="2"/><W101/><G121/><T76/><D76/><U108/><E95/><V31/><AGARI ba="1,1" hai="1,5,7,8,11,14,20,24,31,39,41,46,65,67" machi="31" ten="20,8000,1" yaku="1,1,2,1,0,1,7,1,52,1,53,0" doraHai="36" doraHaiUra="91" who="2" fromWho="2" sc="440,-41,190,-21,180,93,180,-21" /><INIT seed="1,0,0,2,2,71" ten="399,169,273,159" oya="1" hai0="109,85,34,73,75,37,82,101,70,14,87,119,29" hai1="88,127,57,46,66,126,6,33,111,96,92,123,49" hai2="43,115,135,47,2,9,19,120,26,28,99,132,22" hai3="68,125,100,24,40,130,51,53,90,21,63,89,5"/><U122/><E33/><V91/><F120/><W94/><G125/><N who="1" m="47626" /><E6/><N who="2" m="1239" /><F99/><W76/><G130/><T64/><D109/><U36/><E111/><V10/><F91/><W112/><G112/><T15/><D119/><U32/><E32/><V69/><F69/><W1/><G76/><T67/><D34/><U106/><E106/><V84/><F84/><W31/><G1/><T17/><D70/><U11/><E11/><V48/><F10/><W42/><G5/><T103/><D17/><U3/><E3/><V0/><F0/><W131/><G131/><T4/><D4/><U113/><E113/><V104/><F104/><W72/><G72/><T56/><D29/><U117/><E117/><V25/><F115/><W65/><G100/><T39/><D56/><U8/><E8/><V93/><F93/><W74/><G74/><T30/><D30/><U50/><E66/><V44/><F44/><W95/><G95/><T98/><D98/><U27/><E27/><N who="2" m="14815" /><F28/><W133/><G89/><T116/><D116/><U52/><E50/><V77/><F77/><W121/><G121/><T110/><D110/><U129/><E129/><V45/><F45/><W59/><G90/><T16/><D16/><U58/><E57/><V124/><F124/><W12/><G94/><T86/><D86/><U55/><E55/><V54/><F54/><W13/><G42/><AGARI ba="0,0" hai="36,42,46,49,52,58,88,92,96,122,123" m="47626" machi="42" ten="30,11600,0" yaku="18,1,52,1,54,2" doraHai="71" who="1" fromWho="3" sc="399,0,169,116,273,0,159,-116" /><INIT seed="1,1,0,3,0,3" ten="399,285,273,43" oya="1" hai0="130,39,131,11,94,26,99,38,24,120,70,66,32" hai1="108,100,44,35,82,95,8,74,2,111,21,123,42" hai2="76,91,68,71,134,93,98,47,4,128,135,41,133" hai3="105,7,118,127,113,78,45,132,28,89,64,114,19"/><U18/><E35/><V107/><F128/><N who="0" m="49194" /><D120/><U65/><E65/><V12/><F76/><W30/><G105/><T60/><D11/><U121/><E100/><V14/><F107/><W112/><G64/><T83/><D83/><U51/><E95/><V55/><F55/><W25/><G78/><T126/><D126/><U50/><E50/><V20/><F20/><N who="3" m="13471" /><G45/><T57/><D70/><N who="2" m="26666" /><F4/><W129/><G89/><N who="0" m="55759" /><D24/><N who="1" m="14391" /><E8/><V122/><F122/><W88/><G88/><T116/><D116/><U54/><E2/><V27/><F27/><W63/><G63/><T75/><D75/><U29/><E29/><AGARI ba="1,0" hai="26,29,32,38,39,57,60,66" m="55759,49194" machi="29" ten="30,1000,0" yaku="19,1" doraHai="3" who="0" fromWho="1" sc="399,13,285,-13,273,0,43,0" /><INIT seed="2,0,0,4,1,125" ten="412,272,273,43" oya="2" hai0="87,73,67,63,10,17,90,8,76,15,38,58,66" hai1="100,122,45,86,34,2,13,60,134,107,29,93,96" hai2="83,30,48,61,28,37,85,106,98,135,82,54,120" hai3="11,109,64,40,132,33,126,77,3,69,119,80,89"/><V55/><F37/><W75/><G119/><T49/><D38/><U88/><E2/><V133/><F120/><W51/><G126/><T65/><D73/><U0/><E0/><V112/><F112/><W23/><G33/><T113/><D113/><U21/><E122/><V7/><F7/><W131/><G109/><T72/><D72/><U101/><E134/><N who="2" m="51211" /><F61/><W18/><G132/><T114/><D114/><U127/><E127/><V74/><F74/><W103/><G103/><T81/><D49/><U26/><E101/><N who="2" m="62775" /><F83/><W84/><G64/><N who="0" m="24683" /><D8/><U115/><E60/><V20/><F20/><W12/><G69/><T94/><D94/><U128/><E115/><V79/><F55/><W123/><G123/><T16/><D17/><U57/><E57/><AGARI ba="0,0" hai="28,30,48,54,57,79,82,85" m="62775,51211" machi="57" ten="30,1500,0" yaku="20,1" doraHai="125" who="2" fromWho="1" sc="412,0,272,-15,273,15,43,0" /><INIT seed="2,1,0,3,2,25" ten="412,257,288,43" oya="2" hai0="32,2,85,127,27,68,125,46,87,48,96,51,0" hai1="99,81,129,109,86,59,30,57,44,55,33,123,28" hai2="94,90,31,56,24,34,3,98,73,88,18,132,41" hai3="42,75,58,92,119,9,61,97,6,47,110,112,134"/><V135/><F73/><W12/><G110/><T106/><D68/><U130/><E109/><V60/><F3/><N who="0" m="1066" /><D27/><U5/><E5/><V14/><F41/><W38/><G134/><N who="2" m="51241" /><F94/><W66/><G112/><T62/><D62/><U124/><E33/><V115/><F98/><W93/><G119/><T76/><D32/><U102/><E123/><V126/><F126/><N who="0" m="48138" /><D76/><N who="1" m="46375" /><E44/><V15/><F115/><W74/><REACH who="3" step="1"/><G92/><REACH who="3" ten="412,257,288,33" step="2"/><T82/><D106/><N who="1" m="63839" /><E124/><V121/><F121/><W95/><G95/><T120/><D120/><U113/><E113/><V49/><F49/><W101/><AGARI ba="1,1" hai="6,9,12,38,42,47,58,61,66,74,75,93,97,101" machi="101" ten="20,2700,0" yaku="1,1,0,1,7,1,53,0" doraHai="25" doraHaiUra="23" who="3" fromWho="3" sc="412,-8,257,-8,288,-14,33,40" /><INIT seed="3,0,0,0,4,60" ten="404,249,274,73" oya="3" hai0="119,51,68,121,10,95,64,49,82,9,1,124,35" hai1="112,7,15,44,71,17,75,120,86,41,114,98,113" hai2="48,2,103,89,8,4,25,77,88,50,19,39,125" hai3="0,21,127,70,111,6,100,40,14,28,79,30,61"/><W69/><G79/><T54/><D35/><U45/><E75/><V20/><F39/><W102/><G40/><T133/><D1/><U110/><E120/><V37/><F37/><W52/><G127/><T87/><D121/><U126/><E126/><V129/><F125/><W38/><G38/><T62/><D119/><U91/><E71/><V117/><F117/><W81/><G81/><T11/><D133/><U42/><E7/><V27/><F103/><W101/><G111/><T13/><D124/><U107/><E110/><V106/><F106/><W29/><G0/><T57/><D95/><U67/><E67/><V65/><F129/><W94/><G94/><T22/><D49/><U24/><E24/><V116/><F116/><W32/><G32/><T18/><D22/><U43/><E98/><V73/><F65/><W90/><G90/><AGARI ba="0,0" hai="9,10,11,13,18,51,54,57,62,64,68,82,87,90" machi="90" ten="30,2000,0" yaku="7,1,52,1" doraHai="60" who="0" fromWho="3" sc="404,20,249,0,274,0,73,-20" owari="424,52.4,249,-15.1,274,7.4,53,-44.7" /></mjloggm>