<mjloggm ver="2.3"><GO type="225" lobby="0"/><UN n0="%E7%89%B9%E6%9D%B1%E3%81%AF%E4%B8%96%E7%95%8C%E3%82%92%E6%95%91%E3%81%86" n1="%4C%4F%4C%49%54%41" n2="%E3%81%A8%E3%82%89%E3%81%84%E3%81%A1" n3="%E8%91%B5%E3%81%A1%E3%82%83%E3%82%93" dan="16,16,16,17" rate="2158.62,2193.44,2105.91,2185.52" sx="M,F,M,F"/><TAIKYOKU oya="0"/><INIT seed="0,0,0,4,2,108" ten="250,250,250,250" oya="0" hai0="122,64,112,117,46,58,15,6,84,97,2,129,59" hai1="110,47,119,9,48,1,14,43,10,24,81,127,125" hai2="135,114,80,68,37,67,56,105,66,60,28,103,82" hai3="87,35,116,23,11,54,51,40,36,8,77,42,89"/><T38/><D117/><U73/><E119/><V91/><F37/><W95/><G116/><T131/><D122/><U41/><E110/><V78/><F135/><W123/><G35/><T62/><D2/><U31/><E1/><V25/><F91/><W106/><G106/><T76/><D97/><U130/><E130/><N who="0" m="49673" /><D6/><U111/><E111/><V120/><F120/><W27/><G77/><T7/><D7/><U4/><E9/><N who="3" m="3658" /><G36/><T86/><D15/><U52/><E81/><N who="2" m="31339" /><F78/><W13/><G13/><T44/><D76/><U98/><E98/><N who="2" m="61687" /><F56/><N who="0" m="21546" /><D62/><U22/><REACH who="1" step="1"/><E73/><REACH who="1" ten="250,240,250,250" step="2"/><V118/><F118/><W92/><G123/><T70/><D86/><U104/><E104/><V75/><F75/><W12/><G95/><T134/><D84/><U18/><E18/><V107/><F107/><W88/><G92/><T128/><D128/><U57/><E57/><V115/><F67/><W55/><G87/><T113/><D134/><U0/><E0/><V3/><F3/><W94/><G94/><T63/><D46/><U19/><E19/><V45/><F45/><W102/><G89/><T61/><D63/><U32/><E32/><AGARI ba="0,1" hai="25,28,32,60,66,68,114,115" m="61687,31339" machi="32" ten="30,3900,0" yaku="25,1,52,2" doraHai="108" who="2" fromWho="1" sc="250,0,240,-39,250,49,250,0" /><INIT seed="1,0,0,4,1,79" ten="250,201,299,250" oya="1" hai0="81,100,88,126,86,105,35,121,8,124,85,133,111" hai1="134,106,67,40,51,6,50,135,66,41,45,31,77" hai2="7,115,103,34,33,65,3,63,24,36,27,80,23" hai3="61,37,21,20,39,98,129,44,59,43,54,14,60"/><U53/><E106/><V0/><F36/><W32/><G32/><T120/><D35/><U5/><E31/><V90/><F115/><W4/><G37/><T122/><D111/><U48/><E77/><V107/><F103/><W110/><G110/><T87/><D8/><U30/><E30/><V83/><F107/><W72/><G72/><T28/><D28/><U2/><E2/><V22/><F90/><W116/><G116/><T132/><D100/><U117/><E117/><V49/><F49/><N who="1" m="19049" /><E5/><V13/><F13/><W130/><G98/><T112/><D105/><U119/><E6/><V104/><F104/><W42/><G42/><N who="1" m="16490" /><E119/><V91/><F7/><W69/><G61/><T76/><D112/><U56/><E56/><V18/><F63/><W97/><G97/><T68/><D68/><U58/><E58/><V57/><F57/><W46/><G69/><T64/><D64/><AGARI ba="0,0" hai="45,51,53,64,66,67,134,135" m="16490,19049" machi="64" ten="30,2900,0" yaku="34,2" doraHai="79" who="1" fromWho="0" sc="250,-29,201,29,299,0,250,0" /><INIT seed="1,1,0,5,2,46" ten="221,230,299,250" oya="1" hai0="7,66,62,30,28,20,42,56,131,127,130,93,118" hai1="116,121,48,107,54,106,109,96,16,98,37,91,65" hai2="74,57,122,95,125,82,128,80,79,67,26,89,11" hai3="40,10,3,86,72,27,1,126,24,124,114,88,92"/><U64/><E116/><V104/><F122/><W18/><G114/><T133/><D118/><U51/><E37/><V111/><F104/><W34/><G72/><T123/><D123/><U110/><E121/><V29/><F111/><W119/><G119/><T108/><D108/><U21/><E54/><V70/><F82/><W25/><G34/><T8/><D133/><U35/><E21/><V87/><F128/><N who="0" m="49194" /><D127/><N who="3" m="48681" /><G40/><T94/><D42/><U132/><E91/><V4/><F70/><W81/><G81/><T53/><D66/><U49/><E49/><V6/><F125/><W45/><G45/><T77/><D77/><U55/><E55/><V50/><F11/><W23/><G10/><T85/><D85/><U47/><E47/><V31/><F67/><W44/><G44/><T69/><D69/><U33/><REACH who="1" step="1"/><E16/><REACH who="1" ten="221,220,299,250" step="2"/><V129/><F129/><W112/><G112/><T115/><D115/><U60/><E60/><V63/><F63/><W0/><AGARI ba="1,1" hai="0,1,3,18,23,24,25,27,86,88,92" m="48681" machi="0" ten="40,2700,0" yaku="18,1,54,1" doraHai="46" who="3" fromWho="3" sc="221,-8,220,-14,299,-8,250,40" /><INIT seed="2,0,0,2,5,90" ten="213,206,291,290" oya="2" hai0="115,107,57,56,79,89,80,10,70,33,30,35,47" hai1="102,12,53,21,96,8,18,34,73,84,23,93,9" hai2="39,67,129,22,50,109,104,42,128,75,68,36,59" hai3="51,29,49,88,108,13,118,6,125,103,2,64,37"/><V46/><F75/><W24/><G118/><T111/><D115/><U4/><E73/><V131/><F104/><W25/><G37/><N who="2" m="14409" /><F22/><W95/><G2/><T86/><D70/><U91/><E53/><V87/><F87/><W106/><G108/><T28/><D107/><U15/><REACH who="1" step="1"/><E34/><REACH who="1" ten="213,196,291,290" step="2"/><V130/><F130/><W110/><G110/><T26/><D111/><U113/><E113/><V58/><F109/><W41/><G41/><T20/><D33/><U62/><E62/><AGARI ba="0,1" hai="42,46,50,58,59,62,67,68,128,129,131" m="14409" machi="62" ten="40,7700,0" yaku="19,1,34,2" doraHai="90" who="2" fromWho="1" sc="213,0,196,-77,291,87,290,0" /><INIT seed="2,1,0,5,1,103" ten="213,119,378,290" oya="2" hai0="109,97,64,132,48,135,90,75,122,46,40,19,72" hai1="7,111,80,87,131,53,106,81,110,12,14,77,102" hai2="21,114,31,34,10,57,50,85,16,61,4,8,44" hai3="9,127,68,56,38,30,126,79,17,96,78,89,115"/><V100/><F114/><W124/><G68/><T24/><D122/><U25/><E25/><V18/><F100/><W66/><G115/><T84/><D64/><U1/><E1/><V91/><F34/><W108/><G38/><T13/><D24/><U116/><E7/><V49/><F31/><W67/><G30/><T117/><D97/><N who="1" m="61775" /><E53/><V70/><F70/><W0/><G108/><N who="1" m="41514" /><E12/><V119/><F119/><W43/><G43/><T42/><D117/><U39/><E14/><V113/><F113/><W93/><G17/><T22/><D42/><U60/><E60/><V105/><F49/><W104/><G104/><T6/><D6/><U107/><E39/><V88/><F8/><W128/><G128/><T55/><D40/><U73/><E116/><V36/><F36/><W83/><G56/><T71/><D71/><U27/><E27/><V98/><F21/><W92/><G9/><T41/><D41/><U118/><E118/><V94/><F50/><W54/><G54/><T65/><D65/><U121/><E107/><V112/><F112/><W101/><G66/><T20/><D20/><U35/><E35/><V58/><F44/><W86/><G67/><T62/><D62/><U26/><E26/><V133/><F58/><W123/><G0/><T76/><D109/><U120/><E131/><V29/><F29/><W45/><G45/><T82/><D46/><U28/><E28/><V2/><F105/><N who="3" m="63655" /><G123/><T59/><D59/><U51/><E51/><V5/><F5/><W52/><G52/><T11/><D11/><U15/><E15/><V130/><F130/><W95/><AGARI ba="1,0" hai="78,79,83,86,89,92,93,95,124,126,127" m="63655" machi="95" ten="40,8000,1" yaku="5,1,18,1,34,2,52,1" doraHai="103" who="3" fromWho="3" sc="213,-21,119,-21,378,-41,290,83" /><INIT seed="3,0,0,3,3,54" ten="192,98,337,373" oya="3" hai0="57,114,122,132,2,56,119,21,72,98,100,82,53" hai1="128,84,109,42,110,120,4,0,26,29,79,43,88" hai2="25,70,92,112,19,18,65,62,83,129,108,8,133" hai3="102,59,28,121,124,7,48,131,91,126,50,32,99"/><W103/><G121/><T107/><D119/><U20/><E120/><V66/><F112/><W68/><G68/><T118/><D122/><U106/><E106/><V31/><F108/><W76/><G131/><T71/><D71/><U9/><E128/><V14/><F129/><W115/><G115/><T78/><D118/><U117/><E117/><V105/><F105/><W111/><G111/><T41/><D2/><U30/><E79/><V135/><F65/><W96/><G76/><T94/><D114/><U38/><E110/><V44/><F83/><W16/><G7/><T17/><D132/><U116/><E116/><V90/><F19/><W39/><G39/><T34/><D34/><U95/><E109/><V55/><F55/><W49/><G59/><T13/><D41/><U6/><E6/><V81/><F81/><W47/><G47/><T75/><D75/><U58/><E38/><V113/><F44/><W97/><G91/><T64/><D64/><U45/><E45/><V63/><F63/><W87/><G87/><T24/><D53/><U40/><E30/><V27/><F113/><W60/><G60/><T73/><D73/><U67/><E67/><V46/><F46/><W23/><G28/><T11/><REACH who="0" step="1"/><D107/><REACH who="0" ten="182,98,337,373" step="2"/><U69/><REACH who="1" step="1"/><E69/><REACH who="1" ten="182,88,337,373" step="2"/><V80/><F70/><W123/><G123/><T127/><D127/><U33/><E33/><V10/><F66/><W12/><G32/><T52/><D52/><U5/><E5/><AGARI ba="0,2" hai="5,11,13,17,21,24,56,57,72,78,82,94,98,100" machi="5" ten="30,8000,1" yaku="1,1,7,1,52,2,53,1" doraHai="54" doraHaiUra="3" who="0" fromWho="1" sc="182,100,88,-80,337,0,373,0" owari="282,-11.8,8,-49.2,337,13.7,373,47.3" /></mjloggm>