<mjloggm ver="2.3"><GO type="225" lobby="0"/><UN n0="%E3%81%BF%E3%81%BF%E3%81%9A" n1="%E3%81%B5%E3%81%98%E3%81%8B%E3%81%A4" n2="%E3%82%BF%E3%83%BC%E3%83%90%E3%83%B3%E9%87%8E%E5%8F%A3" n3="%E3%80%93%E3%81%97%E3%83%BC%E3%82%89%E3%80%93" dan="17,16,16,16" rate="2245.36,2219.92,2111.11,2077.48" sx="M,M,M,M"/><TAIKYOKU oya="0"/><INIT seed="0,0,0,5,5,17" ten="250,250,250,250" oya="0" hai0="77,109,37,9,98,100,127,67,61,33,41,49,45" hai1="124,53,50,76,111,46,57,72,97,58,2,65,59" hai2="70,28,121,129,16,27,42,31,103,43,133,106,22" hai3="108,84,82,73,56,69,86,51,64,131,96,60,21"/><T123/><D123/><U34/><E2/><V66/><F121/><W3/><G3/><T104/><D127/><U90/><E124/><V80/><F129/><W117/><G131/><T39/><D109/><U20/><E111/><V101/><F133/><W122/><G108/><T132/><D132/><U1/><E34/><N who="2" m="20767" /><F80/><W110/><G122/><T116/><D116/><U113/><E1/><V13/><F31/><W71/><G117/><T8/><D77/><U75/><E113/><V83/><F103/><W18/><G110/><T54/><D33/><U11/><E11/><V7/><F83/><W68/><G73/><T115/><D115/><U62/><E76/><V29/><F29/><W6/><G6/><T5/><D5/><U24/><E75/><V89/><F89/><W87/><G96/><T38/><REACH who="0" step="1"/><D41/><REACH who="0" ten="240,250,250,250" step="2"/><N who="1" m="24911" /><E72/><V85/><F7/><W114/><G114/><T36/><N who="0" m="9216" /><DORA hai="118" /><T40/><D40/><U74/><E74/><V134/><F134/><W4/><G4/><T79/><D79/><U126/><E126/><V63/><F85/><W78/><REACH who="3" step="1"/><G51/><REACH who="3" ten="240,250,250,240" step="2"/><T30/><D30/><N who="1" m="17671" /><E65/><V107/><F107/><W91/><G91/><T55/><D55/><U93/><AGARI ba="0,2" hai="53,57,58,59,62,90,93,97" m="17671,24911" machi="93" ten="30,2000,0" yaku="8,1,52,1" doraHai="17,118" who="1" fromWho="1" sc="240,-10,250,40,250,-5,240,-5" /><INIT seed="1,0,0,3,0,131" ten="230,290,245,235" oya="1" hai0="94,18,132,98,22,0,90,25,30,63,80,123,43" hai1="32,111,112,5,27,76,34,83,99,67,36,117,109" hai2="110,75,42,106,16,59,19,24,29,10,113,55,118" hai3="73,69,52,21,2,103,124,17,93,3,97,89,81"/><U84/><E117/><V72/><F118/><W122/><G69/><T65/><D123/><U50/><E112/><V120/><F106/><W4/><G122/><T108/><D108/><N who="1" m="41547" /><E36/><V9/><F110/><W82/><G124/><T47/><D132/><U44/><E5/><V28/><F120/><W102/><G73/><T39/><D0/><U54/><E67/><V66/><F42/><W48/><G4/><T58/><REACH who="0" step="1"/><D80/><REACH who="0" ten="220,290,245,235" step="2"/><N who="3" m="30825" /><G2/><T71/><D71/><U20/><E99/><V104/><F113/><W40/><G3/><T35/><D35/><U115/><E115/><V15/><F75/><W37/><G37/><T38/><D38/><U116/><E116/><V57/><F72/><W130/><G130/><T41/><D41/><U46/><E46/><V60/><F104/><W79/><G40/><T8/><D8/><U14/><E14/><N who="2" m="7247" /><F24/><N who="3" m="14383" /><G79/><T74/><D74/><U129/><E129/><V11/><F10/><W13/><G13/><T62/><D62/><AGARI ba="0,1" hai="11,15,19,28,29,55,57,59,60,62,66" m="7247" machi="62" ten="30,2000,0" yaku="8,1,54,1" doraHai="131" who="2" fromWho="0" sc="220,-20,290,0,245,30,235,0" /><INIT seed="2,0,0,4,3,115" ten="200,290,275,235" oya="2" hai0="1,45,38,104,118,71,85,91,93,112,25,5,35" hai1="70,7,110,21,133,62,78,32,37,103,18,126,89" hai2="53,121,23,114,16,63,106,92,61,108,56,39,105" hai3="123,22,132,97,48,41,9,12,88,122,134,86,64"/><V87/><F121/><W29/><G64/><T135/><D112/><U96/><E32/><V83/><F114/><W65/><G65/><T26/><D71/><U100/><E37/><V80/><F39/><W44/><G97/><T31/><D135/><N who="3" m="51753" /><G22/><T0/><D104/><U47/><E7/><V55/><F108/><W69/><G29/><T95/><D25/><U17/><E126/><V66/><F92/><N who="3" m="54295" /><G69/><T54/><D95/><U10/><E70/><V59/><F66/><W58/><G58/><T77/><D77/><U67/><E78/><V14/><REACH who="2" step="1"/><F80/><REACH who="2" ten="200,290,265,235" step="2"/><W46/><G46/><T8/><D38/><U90/><E47/><V40/><F40/><W125/><G125/><T101/><D101/><U99/><E110/><V49/><F49/><W19/><AGARI ba="0,1" hai="9,12,19,41,44,48,122,123" m="54295,51753" machi="19" ten="30,2000,0" yaku="20,1,54,1" doraHai="115" who="3" fromWho="3" sc="200,-5,290,-5,265,-10,235,30" /><INIT seed="3,0,0,2,3,114" ten="195,285,255,265" oya="3" hai0="106,80,88,21,101,82,35,87,11,66,23,24,131" hai1="29,135,63,86,100,96,3,74,72,108,78,122,95" hai2="73,92,79,54,17,19,107,34,2,8,43,98,118" hai3="68,93,32,103,4,115,97,44,58,31,46,7,102"/><W91/><G68/><T69/><D131/><U25/><E122/><V123/><F34/><W5/><G115/><T111/><D111/><U105/><E3/><V64/><F64/><W89/><G32/><T28/><D11/><U128/><E108/><V10/><F107/><W30/><G58/><T124/><D124/><U62/><E128/><V134/><F54/><W121/><G121/><T81/><D21/><U15/><E15/><V16/><F134/><W14/><G14/><T130/><D23/><U13/><E13/><V52/><F43/><W85/><G103/><T38/><D38/><U117/><E74/><V26/><F118/><W116/><G116/><T65/><D130/><U42/><E42/><V112/><F26/><W55/><G55/><T33/><D33/><N who="1" m="20655" /><E117/><V99/><F2/><W57/><G57/><T6/><D6/><N who="3" m="1537" /><W47/><DORA hai="49" /><G102/><T120/><D120/><U77/><E77/><V94/><F112/><W113/><G113/><T84/><D69/><U60/><E135/><V1/><F1/><W45/><N who="3" m="11264" /><DORA hai="67" /><W129/><G129/><T22/><D35/><U41/><E41/><V132/><F132/><W133/><G133/><T12/><D12/><U127/><E127/><V75/><F123/><W109/><G109/><T125/><D125/><U71/><E71/><V39/><F39/><W20/><G20/><T50/><D50/><U110/><E110/><V83/><F75/><W37/><G37/><T9/><D9/><N who="2" m="3690" /><F52/><W70/><G70/><T0/><D0/><U119/><E119/><V40/><F40/><W18/><G18/><T48/><D22/><RYUUKYOKU ba="0,0" sc="195,-15,285,-15,255,15,265,15" hai2="16,17,19,73,79,83,92,94,98,99" hai3="30,31,85,89,91,93,97" /><INIT seed="3,1,0,1,3,23" ten="180,270,270,280" oya="3" hai0="13,110,123,26,117,54,36,53,2,28,67,118,21" hai1="51,18,116,43,71,4,112,37,7,113,72,42,15" hai2="78,49,25,30,59,130,60,95,133,88,44,32,132" hai3="8,94,97,22,90,5,45,35,124,83,1,39,3"/><W134/><G35/><T77/><D36/><U66/><E72/><V79/><F130/><W55/><G124/><T101/><D77/><U10/><E37/><V103/><F103/><W121/><G121/><T109/><D67/><U135/><E71/><V68/><F68/><W6/><G134/><N who="2" m="51817" /><F59/><W73/><G22/><N who="0" m="15447" /><D101/><U47/><E66/><V19/><F19/><W108/><G108/><N who="0" m="41579" /><D123/><U24/><E135/><V46/><F60/><W125/><G125/><T58/><D2/><U31/><E116/><N who="0" m="44649" /><D58/><U82/><E43/><N who="2" m="24735" /><F46/><W126/><G126/><T111/><N who="0" m="41587" /><T105/><DORA hai="104" /><D105/><U9/><E82/><V34/><F34/><W86/><G83/><T84/><D84/><AGARI ba="1,0" hai="25,30,32,78,79,84,88,95" m="24735,51817" machi="84" ten="30,3900,0" yaku="20,1,52,1,54,1" doraHai="23,104" who="2" fromWho="0" sc="180,-42,270,0,270,42,280,0" owari="138,-36.2,270,-13.0,312,41.2,280,8.0" /></mjloggm>