<mjloggm ver="2.3"><GO type="225" lobby="0"/><UN n0="%E5%8D%8D%E6%B1%A0%E8%A2%8B%E6%9C%80%E5%BC%B7%E5%8D%8D" n1="%E6%A1%9C%E8%8A%B1%E9%96%83%E3%80%85" n2="%48%61%61%61%6C%61%6E%64" n3="%54%4F%52" dan="16,18,17,17" rate="2137.67,2281.01,2236.32,2243.78" sx="M,M,M,M"/><TAIKYOKU oya="0"/><INIT seed="0,0,0,2,3,119" ten="250,250,250,250" oya="0" hai0="39,2,41,14,23,123,54,98,97,103,111,24,133" hai1="0,79,110,8,78,96,80,6,134,126,43,65,109" hai2="36,93,69,26,91,121,67,33,13,118,100,95,81" hai3="7,113,15,38,102,68,19,85,60,20,92,101,45"/><T28/><D2/><U82/><E126/><V83/><F36/><W127/><G113/><T130/><D130/><U107/><E65/><V124/><F118/><W52/><G127/><T120/><D133/><U3/><E134/><V131/><F124/><W135/><G135/><T132/><D132/><U122/><E43/><V44/><F131/><W88/><G7/><T112/><D112/><U27/><E27/><V105/><F13/><W47/><G38/><T48/><D111/><N who="1" m="42507" /><E0/><V115/><F115/><W71/><G71/><T31/><D98/><U87/><E122/><V30/><F121/><W74/><G74/><T66/><D66/><U40/><E40/><V129/><F129/><W25/><G68/><T73/><D73/><N who="1" m="43087" /><E96/><V4/><F67/><W51/><G60/><T12/><D28/><U64/><E64/><V89/><F69/><W18/><REACH who="3" step="1"/><G45/><REACH who="3" ten="250,250,250,240" step="2"/><T17/><D39/><U34/><E107/><V5/><F105/><W1/><G1/><T49/><D123/><U125/><E125/><V63/><F63/><W56/><G56/><N who="0" m="32839" /><D120/><U9/><E9/><AGARI ba="0,1" hai="9,15,18,19,20,25,47,51,52,85,88,92,101,102" machi="9" ten="30,12000,2" yaku="1,1,7,1,8,1,54,2,53,1" doraHai="119" doraHaiUra="42" who="3" fromWho="1" sc="250,0,250,-120,250,0,240,130" /><INIT seed="1,0,0,2,5,11" ten="250,130,250,370" oya="1" hai0="24,116,98,0,4,96,82,127,119,53,84,19,104" hai1="94,31,112,80,34,57,92,44,22,46,64,117,12" hai2="108,79,25,63,99,13,49,21,133,83,41,120,51" hai3="90,68,69,131,126,40,39,70,113,118,73,130,111"/><U50/><E112/><V9/><F120/><W100/><G113/><T20/><D127/><U52/><E117/><V74/><F108/><W128/><G111/><T54/><D4/><U134/><E134/><V6/><F133/><W114/><G114/><T35/><D35/><U8/><E34/><V5/><F5/><W103/><G118/><T43/><D0/><U124/><E124/><V110/><F110/><W78/><G126/><T32/><D32/><U93/><E80/><V95/><F63/><W135/><G135/><T125/><D125/><U37/><E37/><V29/><REACH who="2" step="1"/><F41/><REACH who="2" ten="250,130,240,370" step="2"/><W87/><G40/><T36/><D43/><U3/><E3/><V59/><F59/><W109/><G109/><T81/><D119/><U75/><E75/><V26/><F26/><W60/><G60/><T123/><D116/><U10/><E64/><V45/><F45/><N who="1" m="17513" /><E31/><V16/><F16/><AGARI ba="0,1" hai="8,10,12,16,22,50,52,57,92,93,94" m="17513" machi="16" ten="30,11600,0" yaku="8,1,52,1,54,2" doraHai="11" who="1" fromWho="2" sc="250,0,130,126,240,-116,370,0" /><INIT seed="1,1,0,2,4,13" ten="250,256,124,370" oya="1" hai0="30,120,40,131,111,93,115,1,133,83,59,16,82" hai1="129,60,61,108,126,52,42,29,135,6,127,116,78" hai2="5,49,101,114,121,62,8,58,19,77,117,10,84" hai3="118,110,103,130,65,46,37,3,105,53,89,106,4"/><U70/><E6/><V24/><F117/><W64/><G118/><T113/><D30/><U15/><E116/><V22/><F121/><W2/><G89/><T109/><D133/><U104/><E104/><V107/><F114/><W85/><G85/><T17/><D40/><U36/><E29/><V23/><F49/><W91/><G91/><T80/><D120/><U134/><E78/><V7/><F107/><W86/><G86/><T102/><D1/><U74/><E74/><V100/><F22/><W43/><G53/><T34/><D34/><U41/><E15/><V31/><F31/><W9/><G2/><T69/><D69/><U55/><E70/><V38/><F38/><W87/><G87/><T57/><D102/><N who="2" m="39530" /><F5/><W94/><G106/><T51/><D93/><U95/><E95/><V123/><F7/><W50/><G94/><T92/><D92/><U71/><E71/><V0/><F0/><W25/><G37/><T79/><D79/><U122/><E36/><V68/><F68/><W132/><G103/><T27/><D27/><U63/><E122/><V47/><F47/><W81/><G105/><T72/><D72/><U88/><E63/><V54/><F123/><W33/><G46/><T119/><D119/><U20/><E61/><V56/><F58/><N who="0" m="22026" /><D51/><U128/><E60/><V44/><F44/><W35/><G50/><T98/><D131/><U66/><E129/><V97/><F97/><W76/><G130/><T11/><D98/><U124/><E128/><V18/><F18/><N who="0" m="7274" /><D11/><U21/><E126/><V125/><F125/><N who="1" m="48201" /><E41/><V99/><F99/><W45/><G43/><RYUUKYOKU ba="1,0" sc="250,15,256,-15,124,15,370,-15" hai0="80,82,83,109,111,113,115" hai2="8,10,19,23,24,54,56,62,77,84" /><INIT seed="2,2,0,1,2,11" ten="265,241,139,355" oya="2" hai0="56,30,28,13,106,7,17,131,43,12,90,95,92" hai1="68,91,99,87,15,25,27,111,67,69,62,73,14" hai2="16,132,32,61,58,47,96,109,9,82,1,112,77" hai3="129,120,3,119,93,66,65,79,33,107,85,104,21"/><V81/><F112/><W0/><G33/><T127/><D131/><U50/><E73/><V70/><F132/><W8/><G119/><T6/><D106/><U80/><E111/><V45/><F70/><W5/><G120/><T110/><D110/><U103/><E69/><V122/><F122/><W115/><G0/><T29/><D43/><U37/><E37/><V123/><F123/><W52/><G129/><T64/><D127/><U100/><E100/><V98/><F32/><W4/><G4/><N who="0" m="1579" /><D17/><U53/><E25/><V46/><F109/><W42/><G42/><T102/><D102/><U121/><E27/><V74/><F82/><W44/><G21/><T128/><D128/><U2/><E2/><V34/><F34/><W135/><G135/><T101/><D101/><U117/><E117/><V134/><F134/><W114/><G65/><T113/><D113/><U94/><REACH who="1" step="1"/><E121/><REACH who="1" ten="265,231,139,355" step="2"/><V36/><F36/><W22/><G3/><T125/><D125/><U89/><E89/><V35/><F35/><W86/><G114/><T51/><D90/><U105/><E105/><V97/><F1/><W83/><G104/><T20/><D20/><U78/><E78/><V84/><F74/><W23/><G23/><T48/><D12/><U63/><E63/><V49/><F49/><N who="0" m="19018" /><D13/><U88/><E88/><V57/><F61/><AGARI ba="2,1" hai="28,29,30,56,61,64,92,95" m="19018,1579" machi="61" ten="30,1000,0" yaku="8,1" doraHai="11" who="0" fromWho="2" sc="265,26,231,0,139,-16,355,0" /><INIT seed="3,0,0,5,3,104" ten="291,231,123,355" oya="3" hai0="49,96,83,89,135,88,129,74,130,102,109,93,48" hai1="26,116,70,132,86,5,133,2,8,41,34,72,121" hai2="134,69,44,114,59,40,107,123,131,63,84,38,12" hai3="50,3,11,117,27,124,64,87,16,76,65,91,67"/><W19/><G117/><T110/><D49/><U32/><E121/><V80/><F107/><W103/><G124/><T112/><D48/><U17/><E41/><V94/><F123/><W99/><G76/><N who="0" m="44439" /><D135/><N who="1" m="51787" /><E70/><V119/><F134/><W36/><G36/><T23/><D23/><N who="1" m="13679" /><E72/><V25/><F131/><N who="0" m="50186" /><D112/><U30/><E116/><V127/><F114/><W29/><G3/><T13/><D13/><U95/><E30/><V9/><F127/><W71/><G71/><T113/><D113/><U120/><E120/><V43/><F119/><W125/><G125/><T52/><D52/><U39/><E39/><V22/><F69/><W47/><G11/><T126/><D126/><U35/><E86/><V51/><F94/><AGARI ba="0,0" hai="2,5,8,32,34,35,94,95" m="13679,51787" machi="94" ten="40,1300,0" yaku="20,1" doraHai="104" who="1" fromWho="2" sc="291,0,231,13,123,-13,355,0" owari="291,9.1,244,-15.6,110,-39.0,355,45.5" /></mjloggm>