<mjloggm ver="2.3"><GO type="225" lobby="0"/><UN n0="%E3%80%93%E3%81%97%E3%83%BC%E3%82%89%E3%80%93" n1="%E3%82%BF%E3%83%BC%E3%83%90%E3%83%B3%E9%87%8E%E5%8F%A3" n2="%E3%81%BF%E3%81%BF%E3%81%9A" n3="%47%48%4F%53%54" dan="16,16,17,18" rate="2070.41,2110.73,2248.88,2251.78" sx="M,M,M,M"/><TAIKYOKU oya="0"/><INIT seed="0,0,0,1,1,30" ten="250,250,250,250" oya="0" hai0="54,101,12,93,89,95,46,4,65,27,85,59,88" hai1="5,13,52,70,77,69,36,91,110,18,114,44,97" hai2="11,1,23,32,47,21,94,92,83,61,106,134,10" hai3="72,24,78,41,128,99,9,80,105,121,48,6,58"/><T33/><D101/><U84/><E110/><V68/><F106/><W86/><G121/><T116/><D116/><U126/><E126/><V19/><F134/><W29/><G128/><T28/><D65/><U133/><E133/><V71/><F83/><W43/><G105/><T49/><D4/><U67/><E114/><V127/><F47/><W100/><G72/><T96/><REACH who="0" step="1"/><D12/><REACH who="0" ten="240,250,250,250" step="2"/><U87/><E67/><V123/><F123/><W34/><G100/><T75/><D75/><U60/><E5/><V56/><F1/><W42/><G99/><T57/><AGARI ba="0,1" hai="27,28,33,46,49,54,57,59,85,88,89,93,95,96" machi="57" ten="30,11700,0" yaku="1,1,0,1,52,1,54,1,53,0" doraHai="30" doraHaiUra="118" who="0" fromWho="0" sc="240,127,250,-39,250,-39,250,-39" /><INIT seed="0,1,0,2,1,10" ten="367,211,211,211" oya="0" hai0="93,94,60,99,33,81,49,100,22,114,36,31,89" hai1="26,32,62,115,24,128,50,73,8,125,3,61,30" hai2="39,18,86,15,108,98,37,20,69,25,56,43,109" hai3="79,96,119,116,63,42,110,28,75,48,29,82,45"/><T71/><D36/><U111/><E73/><V41/><F69/><W12/><G110/><N who="2" m="42601" /><F86/><W120/><G120/><T90/><D114/><U9/><E111/><V4/><F56/><W0/><G0/><T65/><D22/><U35/><E50/><V133/><F133/><W58/><G96/><T101/><D81/><U44/><E44/><V84/><F84/><W131/><G131/><T64/><D64/><U122/><E3/><V66/><F66/><W113/><G113/><T130/><D130/><U68/><E68/><V104/><F4/><W47/><G47/><T52/><D93/><U59/><E59/><V19/><F98/><W127/><G127/><T21/><D100/><U13/><E115/><V107/><F39/><W54/><REACH who="3" step="1"/><G12/><REACH who="3" ten="367,211,211,201" step="2"/><T38/><D99/><U80/><E128/><V135/><F135/><W126/><G126/><T123/><D123/><U105/><E125/><V117/><F117/><AGARI ba="1,1" hai="28,29,42,45,48,54,58,63,75,79,82,116,117,119" machi="117" ten="40,1300,0" yaku="1,1,53,0" doraHai="10" doraHaiUra="23" who="3" fromWho="2" sc="367,0,211,0,211,-16,201,26" /><INIT seed="1,0,0,0,2,39" ten="367,211,195,227" oya="1" hai0="48,56,66,36,43,121,67,92,91,61,109,51,50" hai1="130,45,89,93,26,23,79,3,18,118,33,34,31" hai2="82,125,103,49,16,40,111,11,74,126,52,86,134" hai3="6,100,71,117,102,83,90,99,42,47,1,35,14"/><U65/><E118/><V38/><F74/><W128/><G117/><T129/><D129/><U29/><E130/><V59/><F103/><W78/><G128/><T17/><D109/><U88/><E3/><V53/><F111/><W8/><G35/><T55/><D121/><U77/><E65/><N who="0" m="24585" /><D36/><U54/><E34/><V0/><F134/><W30/><G30/><N who="1" m="11274" /><E33/><V106/><F106/><W101/><G71/><T76/><D76/><N who="1" m="29259" /><E93/><V132/><F132/><W124/><G124/><N who="2" m="47721" /><F53/><W120/><G120/><T104/><D104/><U119/><E119/><V9/><F0/><W127/><G127/><T44/><D17/><U122/><E122/><V135/><F135/><W27/><G1/><T24/><D24/><U80/><E80/><V116/><F116/><W7/><G27/><T98/><AGARI ba="0,0" hai="43,44,48,50,51,55,56,61,91,92,98" m="24585" machi="98" ten="30,2000,0" yaku="8,1,52,1" doraHai="39" who="0" fromWho="0" sc="367,20,211,-10,195,-5,227,-5" /><INIT seed="2,0,0,0,1,75" ten="387,201,190,222" oya="2" hai0="29,110,48,20,129,91,102,22,44,27,12,47,81" hai1="58,1,68,128,76,135,63,56,122,86,124,125,52" hai2="0,4,83,23,126,96,5,36,98,112,28,8,50" hai3="32,69,65,72,111,11,40,70,121,106,120,53,74"/><V104/><F112/><W62/><G106/><T132/><D110/><U85/><E1/><V49/><F36/><W10/><G111/><T134/><D102/><U87/><E68/><V38/><F38/><W108/><G108/><T15/><D129/><U103/><E128/><V117/><F117/><W34/><G40/><T92/><D81/><N who="1" m="47271" /><E135/><N who="0" m="51753" /><D20/><U14/><E122/><V93/><F126/><N who="1" m="48745" /><E103/><V94/><F104/><W3/><G53/><N who="0" m="29831" /><D47/><U61/><E14/><V7/><F8/><W84/><G3/><T35/><D35/><U66/><AGARI ba="0,0" hai="52,56,58,61,63,66,86,87" m="48745,47271" machi="66" ten="30,4000,0" yaku="18,1,52,1,54,1" doraHai="75" who="1" fromWho="1" sc="387,-10,201,40,190,-20,222,-10" /><INIT seed="3,0,0,3,5,16" ten="377,241,170,212" oya="3" hai0="118,115,1,70,40,135,105,104,63,61,93,132,78" hai1="80,123,21,20,30,133,100,121,130,116,66,114,97" hai2="125,98,111,38,55,69,127,117,90,102,103,56,22" hai3="120,134,81,83,5,13,28,0,67,29,85,23,57"/><W89/><G120/><T53/><D1/><U99/><E114/><V60/><F117/><W131/><G131/><T64/><D115/><U75/><E66/><V58/><F38/><W122/><G122/><T26/><D118/><U73/><E30/><V8/><F69/><W101/><G134/><N who="0" m="51243" /><D40/><U9/><E133/><V49/><F111/><W128/><G101/><T110/><D110/><U34/><E100/><V42/><F8/><W88/><G128/><T94/><D78/><U3/><E80/><V10/><F10/><N who="3" m="4303" /><G0/><T27/><D53/><U12/><E9/><V108/><F108/><W107/><G107/><N who="0" m="41035" /><D63/><U54/><E3/><V25/><F125/><W51/><G83/><T112/><D112/><U91/><E34/><V126/><F127/><W2/><G2/><T24/><AGARI ba="0,0" hai="24,26,27,61,64,70,93,94" m="41035,51243" machi="24" ten="40,1500,0" yaku="20,1" doraHai="16" who="0" fromWho="0" sc="377,15,241,-4,170,-4,212,-7" owari="392,49.2,237,3.7,166,-33.4,205,-19.5" /></mjloggm>