<mjloggm ver="2.3"><GO type="225" lobby="0"/><UN n0="%E3%81%8C%E3%81%9F" n1="%E3%82%BC%E3%83%AB%E3%83%80%E3%81%AE%E4%BC%9D%E8%AA%AC" n2="%77%72%77%72%77%72%77%72" n3="%E5%B5%90%E9%9B%B2%E3%81%AE%E3%82%AB%E3%83%A9%E3%82%B9" dan="17,17,16,16" rate="2174.41,2161.84,2240.90,2064.78" sx="F,M,M,F"/><TAIKYOKU oya="0"/><INIT seed="0,0,0,5,5,41" ten="250,250,250,250" oya="0" hai0="27,91,100,111,108,12,1,133,31,104,53,49,74" hai1="62,42,101,52,123,98,23,113,90,33,48,75,58" hai2="79,47,5,15,51,2,0,124,89,17,105,118,120" hai3="70,39,68,11,45,26,83,20,103,65,37,28,114"/><T54/><D74/><U132/><E33/><V6/><F120/><W84/><G114/><T40/><D1/><U135/><E123/><V4/><F105/><W10/><G103/><T131/><D131/><U9/><E113/><V97/><F124/><W22/><G65/><T73/><D73/><U117/><E117/><V35/><F35/><W130/><G130/><T126/><D126/><U14/><E75/><V95/><F118/><W106/><G106/><T13/><D133/><N who="1" m="51275" /><E23/><V67/><F67/><W44/><G84/><T71/><D71/><U92/><E101/><V64/><F64/><W107/><G107/><T50/><D91/><U18/><E42/><V110/><F79/><W55/><G55/><T88/><D88/><U87/><E62/><V116/><F110/><N who="0" m="42026" /><D40/><U43/><E43/><V85/><F116/><W66/><G66/><T102/><D104/><U129/><E129/><V19/><F0/><W56/><G56/><N who="0" m="32815" /><D100/><U127/><E127/><V122/><F2/><W119/><G119/><T16/><D102/><U46/><E58/><V8/><F122/><W76/><G76/><T121/><D121/><U29/><E29/><V59/><F59/><W61/><G28/><T25/><D31/><U30/><E30/><V81/><F85/><AGARI ba="0,0" hai="9,14,18,46,48,52,85,87,90,92,98" m="51275" machi="85" ten="30,3900,0" yaku="20,1,52,1,54,1" doraHai="41" who="1" fromWho="2" sc="250,0,250,39,250,-39,250,0" /><INIT seed="1,0,0,0,4,79" ten="250,289,211,250" oya="1" hai0="66,51,128,95,37,135,70,116,112,6,131,71,48" hai1="132,105,110,68,15,103,33,90,101,18,73,98,61" hai2="123,62,65,114,107,120,14,16,94,111,24,59,129" hai3="76,77,53,54,21,91,11,43,29,8,69,89,127"/><U122/><E122/><V118/><F118/><W86/><G69/><N who="0" m="26123" /><D6/><U78/><E33/><V93/><F107/><W134/><G134/><T7/><D7/><U1/><E1/><V74/><F111/><W39/><G127/><T17/><D17/><U57/><E132/><V125/><F125/><W67/><G67/><T10/><D95/><U41/><E110/><V64/><F129/><N who="0" m="49738" /><D135/><U117/><E117/><V121/><F114/><W45/><G91/><T47/><D10/><U0/><E68/><V26/><F65/><W46/><G11/><T52/><D66/><U5/><E5/><V30/><F74/><W104/><G8/><T106/><D106/><U84/><E0/><V100/><F100/><W75/><G104/><T96/><D96/><U88/><E101/><V58/><F24/><W44/><G75/><T113/><D116/><U42/><E73/><V85/><F85/><W13/><G13/><T19/><D19/><U87/><E78/><V32/><F93/><W22/><G29/><T92/><D92/><N who="1" m="54279" /><E98/><V25/><F94/><W81/><G76/><T124/><D124/><U36/><E103/><V102/><F102/><W50/><G77/><T82/><D82/><N who="1" m="49527" /><E105/><V38/><F32/><W49/><AGARI ba="0,0" hai="21,22,39,43,44,45,46,49,50,53,54,81,86,89" machi="49" ten="30,4000,0" yaku="0,1,9,1,52,1" doraHai="79" who="3" fromWho="3" sc="250,-10,289,-20,211,-10,250,40" /><INIT seed="2,0,0,1,0,118" ten="240,269,201,290" oya="2" hai0="126,100,74,40,1,112,127,110,129,132,89,83,109" hai1="114,124,116,122,66,50,120,91,68,23,92,96,76" hai2="80,107,26,64,88,34,63,97,49,11,125,128,99" hai3="53,21,35,24,37,60,16,59,48,10,90,69,70"/><V119/><F119/><W94/><G37/><T6/><D40/><U102/><E116/><V9/><F128/><W18/><G35/><T55/><D55/><U71/><E114/><V57/><F125/><N who="0" m="47626" /><D6/><U0/><E124/><V5/><F107/><W135/><G135/><T25/><D1/><U82/><E0/><V78/><F49/><W77/><G77/><N who="0" m="44471" /><D25/><U45/><E102/><V2/><F11/><W121/><G121/><N who="1" m="46698" /><E23/><V3/><F3/><W73/><G73/><T30/><D30/><U81/><E76/><V39/><F39/><W67/><G10/><T131/><D112/><U31/><E31/><V12/><F2/><W98/><REACH who="3" step="1"/><G18/><REACH who="3" ten="240,269,201,280" step="2"/><T20/><D132/><U123/><E123/><V29/><REACH who="2" step="1"/><F78/><REACH who="2" ten="240,269,191,280" step="2"/><W8/><G8/><T113/><D113/><U84/><E71/><AGARI ba="0,2" hai="16,21,24,48,53,59,60,67,69,70,71,90,94,98" machi="71" ten="30,7700,0" yaku="1,1,7,1,54,1,53,1" doraHai="118" doraHaiUra="87" who="3" fromWho="1" sc="240,0,269,-77,191,0,280,97" /><INIT seed="3,0,0,5,1,63" ten="240,192,191,377" oya="3" hai0="47,83,11,86,129,103,95,16,18,76,1,9,84" hai1="107,80,42,127,96,46,105,77,6,28,101,119,51" hai2="121,32,74,22,30,36,125,4,62,106,52,64,54" hai3="59,39,100,26,34,66,130,94,55,3,0,120,71"/><W112/><G112/><T56/><D129/><U61/><E127/><V90/><F36/><W117/><G39/><T40/><D56/><U13/><E119/><V98/><F74/><W33/><G55/><T15/><D1/><U21/><E61/><V111/><F125/><W102/><G26/><T45/><D40/><U44/><E44/><V131/><F131/><W67/><G94/><T87/><D103/><U85/><E28/><V81/><F111/><W70/><G59/><T132/><D132/><U60/><E60/><V25/><F4/><W113/><G113/><T126/><D126/><U43/><E43/><V118/><F118/><W14/><G14/><N who="0" m="7247" /><D84/><U24/><E24/><V37/><F37/><W8/><G8/><T89/><AGARI ba="0,0" hai="11,15,18,45,47,76,83,86,87,89,95" m="7247" machi="89" ten="30,2000,0" yaku="8,1,54,1" doraHai="63" who="0" fromWho="0" sc="240,20,192,-5,191,-5,377,-10" owari="260,6.0,187,-21.3,186,-31.4,367,46.7" /></mjloggm>