<mjloggm ver="2.3"><GO type="225" lobby="0"/><UN n0="%E3%81%AF%E3%82%88%E3%81%8A%E3%81%98%E3%81%95%E3%82%93" n1="%E5%8D%A0%E3%81%84%E5%B8%AB%E8%A3%8F%E3%81%AA%E3%81%84%E3%81%97" n2="%E3%81%B2%E3%81%AA%E3%81%AE%E3%82%8A%E3%81%8F" n3="%E3%81%99%E3%81%84%E3%81%BE%E3%81%9B%E3%83%BC%E3%82%93" dan="17,17,17,18" rate="2186.71,2160.13,2154.74,2258.14" sx="M,M,M,M"/><TAIKYOKU oya="0"/><INIT seed="0,0,0,5,1,76" ten="250,250,250,250" oya="0" hai0="103,73,104,1,56,33,37,125,42,3,124,123,74" hai1="128,82,79,8,7,117,43,41,88,27,94,81,69" hai2="4,126,98,101,134,80,129,2,85,109,49,36,10" hai3="66,77,130,25,57,48,19,131,14,65,120,83,105"/><T20/><D33/><U5/><E117/><V34/><F36/><W53/><G105/><T38/><D20/><U60/><E128/><N who="3" m="49194" /><G25/><T58/><D56/><U26/><E79/><V132/><F129/><W54/><G54/><T135/><D58/><U64/><E26/><V127/><F109/><W50/><G50/><T46/><D38/><U11/><E27/><V9/><F49/><W110/><G110/><T107/><D123/><U12/><E41/><V100/><F10/><N who="3" m="6615" /><G120/><T97/><D107/><U55/><E55/><V78/><F34/><W29/><G29/><T119/><D135/><N who="2" m="51754" /><F98/><W89/><G89/><T16/><D16/><U111/><E43/><V22/><F22/><W61/><G48/><T17/><D17/><U6/><E111/><V72/><F72/><AGARI ba="0,0" hai="53,57,61,65,66,72,77,83" m="6615,49194" machi="72" ten="30,2000,0" yaku="19,1,52,1" doraHai="76" who="3" fromWho="2" sc="250,0,250,0,250,-20,250,20" /><INIT seed="1,0,0,1,5,117" ten="250,250,230,270" oya="1" hai0="113,71,21,126,125,119,0,112,51,31,120,81,115" hai1="63,89,127,83,82,107,109,110,33,58,39,64,36" hai2="91,121,133,97,57,105,37,30,68,74,55,88,116" hai3="65,9,19,67,43,11,4,47,35,134,17,92,52"/><U53/><E33/><V15/><F116/><W102/><G35/><T28/><D119/><U25/><E127/><N who="0" m="48649" /><D71/><U18/><E107/><V69/><F74/><W130/><G130/><T135/><D135/><U77/><E89/><V56/><F37/><N who="1" m="14409" /><E77/><V99/><F15/><W84/><G43/><T54/><D0/><U98/><E98/><V60/><F60/><W50/><G134/><T45/><D81/><U111/><E64/><N who="3" m="24650" /><G4/><T13/><D120/><U87/><E87/><V20/><F133/><W114/><G114/><N who="0" m="29187" /><T93/><DORA hai="16" /><D93/><U104/><E104/><V44/><F105/><W61/><G61/><T103/><D103/><U101/><E101/><V100/><F121/><W72/><G72/><T26/><D13/><U85/><E85/><V86/><F100/><W49/><G102/><T131/><D131/><U70/><E70/><V34/><F86/><W124/><G124/><T8/><D8/><U27/><E27/><V23/><F34/><W2/><G9/><T24/><D24/><U3/><E3/><V6/><F6/><W94/><G11/><T29/><AGARI ba="0,0" hai="21,26,28,29,31,45,51,54" m="29187,48649" machi="29" ten="50,3200,0" yaku="18,1,52,1" doraHai="117,16" who="0" fromWho="0" sc="250,32,250,-16,230,-8,270,-8" /><INIT seed="2,0,0,0,2,36" ten="282,234,222,262" oya="2" hai0="106,46,94,81,4,78,85,10,115,126,66,25,6" hai1="91,34,69,118,96,54,5,35,59,128,13,110,8" hai2="29,41,51,92,20,86,56,15,80,71,31,38,83" hai3="63,119,1,131,99,62,43,17,72,0,22,90,123"/><V112/><F112/><W65/><G119/><T39/><D106/><U135/><E118/><V127/><F71/><W125/><G123/><T103/><D115/><U104/><E110/><V58/><F127/><W19/><G72/><T26/><D126/><U11/><E69/><V113/><F113/><W117/><G117/><T37/><D4/><U84/><E128/><V97/><F38/><W27/><G125/><T70/><D39/><U52/><E135/><V102/><F80/><W2/><G131/><T44/><D66/><U95/><E54/><V18/><F58/><W21/><G43/><T122/><D70/><U77/><E11/><V79/><REACH who="2" step="1"/><F56/><REACH who="2" ten="282,234,212,262" step="2"/><W114/><G114/><T88/><D37/><U55/><E55/><V12/><F12/><W134/><G65/><T133/><D81/><U93/><E104/><V107/><F107/><W23/><G0/><T121/><D122/><U53/><E53/><V48/><F48/><W132/><G1/><T116/><D121/><U24/><E24/><V129/><F129/><W73/><G2/><T28/><D25/><U7/><E77/><V45/><AGARI ba="0,1" hai="15,18,20,29,31,41,45,51,79,83,86,92,97,102" machi="45" ten="30,11700,0" yaku="1,1,0,1,8,1,52,1,53,0" doraHai="36" doraHaiUra="49" who="2" fromWho="2" sc="282,-39,234,-39,212,127,262,-39" /><INIT seed="2,1,0,4,3,2" ten="243,195,339,223" oya="2" hai0="13,38,135,62,101,120,114,89,76,80,10,22,124" hai1="99,82,103,1,84,132,122,14,96,29,40,34,18" hai2="108,41,27,39,7,71,94,105,59,104,20,119,65" hai3="92,43,128,15,69,85,56,133,61,78,53,60,9"/><V3/><F71/><W32/><G32/><T117/><D120/><U5/><E132/><V16/><F119/><W51/><G133/><T11/><D114/><U91/><E122/><V112/><F112/><W130/><G69/><T63/><D38/><U50/><E40/><V68/><F68/><W70/><G70/><T55/><D135/><U81/><E34/><V36/><F94/><W44/><G61/><T95/><D101/><U75/><E29/><V87/><F87/><W42/><G42/><T4/><D124/><U121/><E121/><V126/><F39/><W52/><G53/><T24/><D11/><U64/><E64/><V113/><F59/><W90/><REACH who="3" step="1"/><G78/><REACH who="3" ten="243,195,339,213" step="2"/><T33/><D55/><U116/><E116/><V57/><F113/><W110/><G110/><T93/><D33/><U97/><E50/><V123/><F108/><W109/><G109/><T23/><D117/><U106/><E81/><V79/><F41/><W31/><G31/><T131/><D76/><U107/><E107/><V0/><F79/><W83/><G83/><T118/><D118/><U72/><E72/><V66/><F105/><W6/><AGARI ba="1,1" hai="6,9,15,43,44,51,52,56,60,85,90,92,128,130" machi="6" ten="30,7900,0" yaku="1,1,0,1,52,1,54,1,53,0" doraHai="2" doraHaiUra="19" who="3" fromWho="3" sc="243,-21,195,-21,339,-40,213,92" /><INIT seed="3,0,0,0,2,56" ten="222,174,299,305" oya="3" hai0="111,101,31,59,108,122,132,64,1,69,129,53,5" hai1="85,27,33,9,32,74,103,44,39,34,43,63,70" hai2="87,14,8,23,121,109,58,100,21,19,45,4,20" hai3="96,104,131,0,128,54,133,30,123,135,89,88,60"/><W126/><G126/><T3/><D122/><U110/><E110/><N who="0" m="42025" /><D129/><N who="3" m="49737" /><G0/><T47/><D132/><U71/><E74/><V106/><F109/><W11/><G123/><T15/><D31/><U66/><E9/><V91/><F121/><W124/><G124/><T81/><D101/><U72/><E85/><V102/><F45/><W95/><G104/><T57/><D69/><N who="1" m="42207" /><E103/><N who="2" m="39467" /><F106/><W46/><G30/><T38/><D81/><U127/><E127/><V99/><F58/><N who="0" m="22026" /><D64/><U28/><E72/><V82/><F99/><W13/><G89/><T61/><D61/><U113/><E113/><V130/><F130/><W2/><G60/><T79/><D79/><U55/><E55/><V17/><AGARI ba="0,0" hai="4,8,14,17,19,20,21,23,82,87,91" m="39467" machi="17" ten="30,1100,0" yaku="8,1" doraHai="56" who="2" fromWho="2" sc="222,-3,174,-3,299,11,305,-5" owari="219,-18.1,171,-32.9,310,41.0,300,10.0" /></mjloggm>