<mjloggm ver="2.3"><GO type="225" lobby="0"/><UN n0="%E3%81%8B%E3%82%8F%E3%81%A1%E3%82%83%E3%82%93%35%38" n1="%E7%A6%8F%E5%8E%9F%E9%81%A5%E3%81%A8%E7%B5%90%E5%A9%9A%E3%81%99%E3%82%8B" n2="%E3%83%97%E3%83%AC%E3%83%B4%E3%82%A1%E3%83%86%E3%82%A3" n3="%72%69%6F%75%63%68%61%6E" dan="16,17,16,16" rate="2154.52,2142.41,2057.89,2158.24" sx="M,M,F,M"/><TAIKYOKU oya="0"/><INIT seed="0,0,0,3,4,133" ten="250,250,250,250" oya="0" hai0="101,21,86,83,77,103,122,24,16,13,52,47,74" hai1="54,58,2,8,55,25,85,98,23,53,118,59,35" hai2="48,110,80,56,72,15,114,17,28,69,62,44,65" hai3="91,33,51,94,134,68,57,120,112,27,102,11,128"/><T19/><D74/><U127/><E35/><V108/><F114/><W89/><G112/><T61/><D122/><U93/><E118/><V130/><F28/><W78/><G134/><T7/><D7/><U79/><E8/><V67/><F130/><W43/><G128/><T38/><D38/><U40/><E40/><N who="2" m="24583" /><F72/><W76/><G120/><T4/><D4/><U39/><E2/><V99/><F80/><W96/><G68/><T75/><D75/><U90/><E39/><V71/><F99/><W116/><G116/><T63/><D63/><U32/><E32/><V124/><F17/><W60/><G11/><T14/><D24/><U30/><E127/><V88/><F88/><N who="3" m="33867" /><G27/><T29/><D29/><U84/><E84/><V31/><F31/><W50/><G33/><T121/><D121/><U49/><E58/><V131/><F15/><W20/><G20/><T1/><D1/><U45/><REACH who="1" step="1"/><E59/><REACH who="1" ten="250,240,250,250" step="2"/><N who="2" m="37087" /><F131/><W105/><G43/><T36/><D36/><U104/><E104/><V5/><F5/><W26/><G105/><T109/><D109/><N who="2" m="42090" /><F124/><W117/><G117/><T132/><D132/><U82/><AGARI ba="0,1" hai="23,25,30,45,49,53,54,55,79,82,85,90,93,98" machi="82" ten="30,4000,0" yaku="1,1,0,1,8,1,53,0" doraHai="133" doraHaiUra="129" who="1" fromWho="1" sc="250,-20,240,50,250,-10,250,-10" /><INIT seed="1,0,0,3,5,44" ten="230,290,240,240" oya="1" hai0="6,124,86,29,67,80,101,134,122,52,14,1,23" hai1="27,98,35,132,47,7,19,21,34,39,85,91,43" hai2="110,82,53,120,116,18,59,57,10,3,38,65,37" hai3="25,100,115,20,9,8,113,133,129,95,68,118,58"/><U77/><E132/><V103/><F116/><W105/><G68/><T55/><D1/><U112/><E112/><V114/><F114/><W73/><G105/><T63/><D134/><U84/><E7/><V16/><F120/><W48/><G133/><T32/><D32/><U121/><E121/><V81/><F110/><W87/><G73/><T64/><D124/><U130/><E130/><V83/><F103/><W108/><G108/><T88/><D122/><U117/><E117/><V123/><F123/><W61/><G118/><T11/><D101/><U131/><E131/><V79/><F79/><W72/><G72/><T89/><D89/><U97/><E84/><V4/><F65/><N who="0" m="25162" /><D63/><U49/><E39/><V26/><F59/><W106/><G129/><T22/><D29/><U96/><REACH who="1" step="1"/><E77/><REACH who="1" ten="230,280,240,240" step="2"/><V0/><F0/><W62/><G115/><T71/><D71/><U102/><E102/><V5/><F5/><W135/><G113/><T99/><D99/><U76/><E76/><V30/><F37/><W66/><G106/><T93/><D93/><AGARI ba="0,1" hai="19,21,27,34,35,43,47,49,85,91,93,96,97,98" machi="93" ten="40,3900,0" yaku="1,1,52,1,53,0" doraHai="44" doraHaiUra="2" who="1" fromWho="0" sc="230,-39,280,49,240,0,240,0" /><INIT seed="1,1,0,0,4,124" ten="191,329,240,240" oya="1" hai0="85,37,26,4,68,64,89,101,2,74,6,135,42" hai1="119,104,61,131,82,105,108,52,59,56,95,53,81" hai2="47,118,31,128,111,70,79,5,15,83,122,38,112" hai3="93,49,84,36,3,50,21,90,75,12,87,22,33"/><U19/><E119/><V71/><F118/><W8/><G75/><T100/><D74/><U41/><E41/><V130/><F122/><W126/><G126/><T123/><D123/><U91/><E108/><V76/><F111/><W66/><G33/><T63/><D135/><U24/><E105/><V107/><F107/><W106/><G36/><T72/><D72/><U14/><E24/><V55/><F31/><W92/><G106/><T132/><D132/><U40/><E40/><N who="2" m="22935" /><F55/><W78/><G66/><T25/><D42/><U65/><E131/><N who="2" m="50219" /><F112/><W109/><G109/><T110/><D110/><U88/><E53/><V57/><F57/><W67/><G67/><T28/><D37/><U80/><E104/><V44/><F44/><W34/><G34/><T120/><D120/><U134/><E134/><V96/><F96/><W0/><G49/><T11/><D28/><U77/><E59/><V20/><F20/><W35/><G50/><T117/><D117/><U116/><E52/><V99/><F99/><W121/><G35/><T102/><D64/><U39/><E39/><V17/><F5/><N who="3" m="3087" /><G121/><T32/><D32/><U94/><E116/><V51/><F51/><W103/><G21/><T129/><D129/><U133/><E133/><V16/><F15/><W7/><G22/><T30/><D30/><U27/><E14/><V54/><F54/><W1/><G7/><T114/><D114/><U43/><E56/><V48/><F48/><W69/><G0/><T127/><D6/><U62/><E65/><V113/><F113/><W60/><G1/><T18/><D2/><U98/><E98/><RYUUKYOKU ba="1,0" sc="191,0,329,0,240,0,240,0" /><INIT seed="2,2,0,4,0,4" ten="191,329,240,240" oya="2" hai0="62,27,44,128,135,84,95,36,53,8,69,101,82" hai1="59,24,76,119,130,30,126,118,103,70,97,6,5" hai2="61,99,107,109,129,63,80,17,7,42,26,79,131" hai3="83,73,23,110,15,127,19,28,32,51,105,106,134"/><V55/><F42/><W29/><G110/><T68/><D135/><U14/><E70/><V92/><F107/><W60/><G134/><T120/><D120/><U1/><E1/><V71/><F109/><W116/><G116/><T112/><D112/><U34/><E130/><N who="2" m="49675" /><F71/><W115/><G115/><T21/><D128/><U67/><E76/><V52/><F7/><W75/><G127/><T98/><D36/><U78/><E78/><V133/><F133/><W117/><G117/><T22/><D22/><U43/><E6/><V88/><F63/><W113/><G113/><T0/><D0/><U13/><E43/><V35/><F61/><W57/><G106/><T111/><D111/><U65/><E5/><V18/><F35/><W37/><G105/><T125/><D125/><U89/><E34/><V3/><F3/><W10/><G37/><T90/><D8/><U33/><E33/><V31/><F31/><W104/><G104/><T77/><D101/><U2/><E103/><V47/><F26/><W72/><G32/><T81/><D81/><U123/><E24/><V40/><F18/><W74/><G74/><T56/><REACH who="0" step="1"/><D44/><REACH who="0" ten="181,329,240,240" step="2"/><U121/><E126/><V64/><F17/><AGARI ba="2,1" hai="17,21,27,53,56,62,68,69,77,82,84,90,95,98" machi="17" ten="30,12000,2" yaku="1,1,2,1,7,1,25,2,53,1" doraHai="4" doraHaiUra="86" who="0" fromWho="2" sc="181,136,329,0,240,-126,240,0" /><INIT seed="3,0,0,4,5,44" ten="317,329,114,240" oya="3" hai0="90,67,47,50,35,79,128,54,117,105,57,115,77" hai1="126,109,17,114,123,95,15,93,71,40,59,135,49" hai2="28,81,116,104,124,103,45,10,43,130,18,72,36" hai3="101,86,1,89,100,27,12,61,24,29,96,119,92"/><W80/><G119/><T63/><D35/><U129/><E114/><V120/><F116/><W131/><G131/><T75/><D117/><U33/><E71/><V41/><F130/><W74/><G1/><T42/><D128/><U107/><E107/><V16/><F124/><W3/><G3/><T78/><D105/><U110/><E33/><V46/><F28/><W94/><G61/><T55/><D115/><U121/><E129/><V133/><F133/><W102/><G12/><T98/><D75/><U73/><E73/><V113/><F113/><W5/><G5/><T23/><D23/><U37/><E37/><V52/><F120/><W118/><G118/><T62/><D62/><U22/><E126/><V84/><F72/><W87/><G74/><T68/><D68/><U31/><E31/><V65/><F65/><W112/><G112/><T132/><D132/><U0/><E0/><V58/><F104/><W7/><G7/><T66/><D66/><U76/><E76/><V82/><F103/><W125/><G125/><T13/><D13/><U64/><E64/><V51/><F10/><W9/><G9/><T32/><D32/><U91/><E135/><V99/><F99/><N who="3" m="59495" /><G29/><T34/><D34/><U122/><E91/><V106/><F106/><W2/><G2/><T6/><D6/><U83/><E83/><V8/><F8/><W20/><G20/><T85/><D98/><U69/><E69/><V111/><F111/><N who="1" m="42505" /><E40/><V56/><F82/><AGARI ba="0,0" hai="42,47,50,54,55,57,63,67,77,78,79,82,85,90" machi="82" ten="40,2600,0" yaku="8,1,52,1" doraHai="44" who="0" fromWho="2" sc="317,26,329,0,114,-26,240,0" owari="343,44.3,329,12.9,88,-41.2,240,-16.0" /></mjloggm>