<mjloggm ver="2.3"><GO type="225" lobby="0"/><UN n0="%E5%A4%9C%E5%85%89%E5%A4%A9%E6%A5%BC" n1="%72%69%6F%75%63%68%61%6E" n2="%28%EF%BF%A3%E2%96%BD%EF%BF%A3%29%CE%B4%E2%8C%92%E3%83%BB" n3="%33%74%72%65%65" dan="17,16,16,16" rate="2129.35,2197.32,2135.19,2176.58" sx="M,M,M,F"/><TAIKYOKU oya="0"/><INIT seed="0,0,0,0,2,131" ten="250,250,250,250" oya="0" hai0="81,95,51,132,119,41,100,86,2,8,77,71,61" hai1="6,91,52,60,76,78,3,28,34,121,27,118,126" hai2="93,37,128,19,11,103,9,70,32,129,134,122,98" hai3="29,43,120,108,130,127,35,55,62,13,68,50,124"/><T117/><D71/><U112/><E118/><V88/><F37/><W66/><G108/><T47/><D61/><U5/><E121/><V72/><F70/><W106/><G120/><T45/><D132/><U102/><E126/><V39/><F39/><W123/><G123/><T24/><D24/><U25/><E112/><V46/><F32/><W84/><G130/><N who="2" m="50281" /><F72/><W82/><G13/><T15/><D2/><U26/><E102/><V17/><F46/><W85/><G43/><T101/><D47/><U89/><E28/><V74/><F74/><W10/><G10/><N who="2" m="3593" /><F122/><W83/><G124/><T99/><REACH who="0" step="1"/><D101/><REACH who="0" ten="240,250,250,250" step="2"/><U92/><E3/><V87/><F134/><W23/><G68/><T7/><AGARI ba="0,1" hai="7,8,15,41,45,51,77,81,86,95,99,100,117,119" machi="7" ten="20,18000,2" yaku="1,1,2,1,0,1,7,1,25,2,53,0" doraHai="131" doraHaiUra="116" who="0" fromWho="0" sc="240,190,250,-60,250,-60,250,-60" /><INIT seed="0,1,0,4,1,20" ten="430,190,190,190" oya="0" hai0="121,93,3,47,22,126,71,34,36,85,19,118,39" hai1="14,119,44,102,97,89,1,80,62,125,30,33,132" hai2="40,54,90,88,111,8,46,131,98,106,61,25,78" hai3="72,73,86,24,81,64,37,15,31,7,41,135,38"/><T66/><D118/><U112/><E119/><V104/><F131/><W99/><G135/><T70/><D121/><U130/><E1/><V124/><F111/><W13/><G64/><T95/><D34/><U91/><E130/><V5/><F78/><W92/><G73/><T26/><D3/><U100/><E132/><V67/><F54/><W11/><G72/><T120/><D120/><U94/><E125/><V43/><F124/><W49/><G15/><T55/><D70/><U87/><E112/><V123/><F25/><W115/><G115/><T17/><D39/><U127/><E127/><V57/><F43/><W107/><G107/><T96/><D66/><U35/><E14/><V0/><F123/><W75/><G75/><T128/><D71/><U109/><E109/><V23/><F23/><W59/><G92/><T6/><D36/><U10/><E10/><V2/><F2/><W117/><G99/><T84/><D6/><U108/><E108/><V63/><F63/><W42/><G117/><T69/><D69/><U50/><E62/><V60/><F60/><W28/><G28/><N who="0" m="17495" /><D95/><U110/><E110/><V79/><F79/><N who="3" m="46399" /><G38/><T18/><D128/><U53/><REACH who="1" step="1"/><E30/><REACH who="1" ten="430,180,190,190" step="2"/><V113/><F113/><W48/><G31/><T16/><D126/><U134/><E134/><V51/><REACH who="2" step="1"/><F106/><REACH who="2" ten="430,180,180,190" step="2"/><W21/><G11/><T45/><N who="0" m="4096" /><DORA hai="32" /><T114/><D114/><U4/><E4/><V65/><F65/><W76/><G7/><T58/><D96/><U27/><E27/><V9/><F9/><W29/><G24/><T12/><D12/><U105/><E105/><V122/><F122/><RYUUKYOKU ba="1,2" sc="430,-15,180,15,180,15,190,-15" hai1="33,35,44,50,53,80,87,89,91,94,97,100,102" hai2="0,5,8,40,46,51,57,61,67,88,90,98,104" /><INIT seed="1,2,2,0,3,116" ten="415,195,195,175" oya="1" hai0="44,40,43,23,27,103,21,19,129,78,57,74,127" hai1="29,76,26,84,61,24,107,95,55,30,22,105,126" hai2="1,67,131,73,90,109,32,18,10,101,119,37,132" hai3="17,85,58,69,111,93,77,28,53,125,42,106,12"/><U102/><E126/><V89/><F73/><W36/><G106/><T34/><D34/><U52/><E107/><V45/><F32/><W104/><G104/><T123/><D127/><U13/><E105/><V71/><F119/><W20/><G125/><T50/><D103/><U31/><E13/><V96/><F132/><W6/><G69/><T94/><D43/><U70/><E70/><V11/><F109/><W46/><G111/><T110/><D74/><U87/><E76/><V60/><F131/><W48/><G6/><T47/><D78/><U122/><E122/><V3/><F45/><W35/><G35/><T120/><D47/><U86/><E61/><V33/><F37/><W135/><G135/><T91/><D57/><U8/><E8/><V118/><F33/><W112/><G28/><N who="1" m="10858" /><E24/><V128/><F128/><W38/><G112/><T25/><D129/><U7/><E7/><V88/><F118/><W62/><REACH who="3" step="1"/><G93/><REACH who="3" ten="415,195,195,165" step="2"/><T98/><D110/><U99/><AGARI ba="2,3" hai="22,26,31,52,55,84,86,87,95,99,102" m="10858" machi="99" ten="30,3000,0" yaku="8,1,54,1" doraHai="116" who="1" fromWho="1" sc="415,-12,195,66,195,-12,165,-12" /><INIT seed="1,3,0,3,2,33" ten="403,261,183,153" oya="1" hai0="13,5,27,89,80,40,131,49,4,120,25,12,67" hai1="9,90,11,65,43,31,76,21,54,38,24,23,20" hai2="46,114,17,83,104,42,108,88,69,48,126,34,57" hai3="37,77,118,72,122,95,73,63,60,16,102,84,98"/><U100/><E100/><V14/><F69/><W41/><G122/><T71/><D67/><U129/><E129/><V123/><F34/><W55/><G118/><T64/><D64/><U79/><E65/><V1/><F104/><W75/><G55/><T103/><D103/><U3/><E90/><V74/><F123/><W18/><G41/><T44/><D71/><U134/><E134/><V68/><F68/><W81/><REACH who="3" step="1"/><G37/><REACH who="3" ten="403,261,183,143" step="2"/><T19/><D120/><U0/><E54/><V116/><F116/><W128/><G128/><T92/><D131/><U32/><E43/><V96/><F42/><W53/><G53/><T117/><D117/><U30/><E38/><V36/><F36/><W119/><G119/><T45/><D40/><U50/><E50/><V97/><F48/><W58/><G58/><T15/><D49/><U133/><E133/><V125/><F57/><W101/><G101/><T121/><D121/><U110/><E110/><V99/><F46/><W28/><G28/><T106/><D45/><U62/><E62/><AGARI ba="3,1" hai="16,18,60,62,63,72,73,75,77,81,84,95,98,102" machi="62" ten="40,2600,0" yaku="1,1,54,1,53,0" doraHai="33" doraHaiUra="35" who="3" fromWho="1" sc="403,0,261,-35,183,0,143,45" /><INIT seed="2,0,0,3,4,35" ten="403,226,183,188" oya="2" hai0="112,72,46,71,28,9,39,83,8,22,78,38,18" hai1="5,111,69,24,118,40,82,64,125,120,43,4,134" hai2="94,105,70,16,128,135,126,109,6,91,90,37,131" hai3="84,3,116,101,60,57,77,95,13,42,1,21,133"/><V50/><F37/><W86/><G116/><T25/><D112/><U80/><E118/><V36/><F36/><W45/><G133/><T17/><D71/><U108/><E24/><V96/><F70/><W67/><G86/><T74/><D74/><U29/><E69/><V85/><F135/><W14/><G101/><T65/><D65/><U117/><E134/><V26/><F126/><W12/><G21/><T115/><D115/><U66/><E120/><V15/><F109/><W122/><G122/><T51/><D39/><U76/><E117/><V56/><F26/><W129/><G129/><N who="2" m="49737" /><F6/><N who="1" m="2665" /><E29/><V87/><F105/><W58/><G58/><T55/><D38/><U49/><E125/><V106/><F106/><W81/><REACH who="3" step="1"/><G95/><REACH who="3" ten="403,226,183,178" step="2"/><T127/><D127/><U7/><E111/><V92/><F56/><W103/><G103/><T23/><D28/><U47/><E108/><V102/><F102/><W107/><G107/><T53/><D23/><U100/><E100/><V123/><F123/><W113/><G113/><T19/><D22/><U54/><E76/><V75/><F75/><W44/><G44/><T89/><D46/><U11/><E66/><V10/><F87/><W20/><G20/><T104/><D72/><U0/><E64/><V88/><F91/><W132/><G132/><T79/><D89/><U68/><E68/><V61/><F61/><W130/><G130/><T119/><D104/><U124/><E124/><V52/><F50/><AGARI ba="0,1" hai="1,3,12,13,14,42,45,50,57,60,67,77,81,84" machi="50" ten="40,8000,1" yaku="1,1,52,2,53,1" doraHai="35" doraHaiUra="63" who="3" fromWho="2" sc="403,0,226,0,183,-80,178,90" /><INIT seed="3,0,0,4,0,117" ten="403,226,103,268" oya="3" hai0="103,7,66,112,126,34,36,129,65,135,56,53,109" hai1="14,82,33,89,45,32,47,9,81,16,50,28,75" hai2="86,3,29,1,125,107,18,132,130,12,20,100,48" hai3="113,111,91,80,83,6,8,49,105,127,116,2,131"/><W104/><G113/><T70/><D34/><U77/><E28/><V52/><F125/><W42/><G116/><T27/><D27/><U96/><E45/><V41/><F130/><W69/><G127/><T26/><D126/><U119/><E119/><V121/><F132/><W92/><G69/><T11/><D36/><U35/><E96/><V55/><F107/><W51/><G111/><T57/><D70/><U72/><E89/><V124/><F100/><W30/><G131/><T46/><D109/><U39/><E39/><V134/><F124/><W87/><G30/><T44/><D26/><U25/><E25/><V128/><F128/><W54/><G49/><N who="0" m="30767" /><D103/><U60/><E60/><V94/><F134/><W23/><G23/><T61/><D112/><U133/><E133/><V76/><F29/><W84/><G42/><T115/><D115/><U74/><REACH who="1" step="1"/><E77/><REACH who="1" ten="403,216,103,268" step="2"/><V71/><F41/><AGARI ba="0,1" hai="9,14,16,32,33,35,41,47,50,72,74,75,81,82" machi="41" ten="50,6400,0" yaku="1,1,2,1,54,1,53,0" doraHai="117" doraHaiUra="101" who="1" fromWho="2" sc="403,0,216,74,103,-64,268,0" owari="403,50.3,290,9.0,39,-46.1,268,-13.2" /></mjloggm>