<mjloggm ver="2.3"><GO type="225" lobby="0"/><UN n0="%E3%82%B7%E3%83%B3%E5%A4%AA%E6%9C%97" n1="%E6%B8%A9%E2%98%85%E6%83%85%E2%98%85%E6%8E%AA%E2%98%85%E7%BD%AE" n2="%48%61%61%61%6C%61%6E%64" n3="%E3%83%99%E3%83%AB%E3%83%A2%E3%83%83%E3%83%88" dan="16,17,18,16" rate="2147.32,2204.74,2283.79,2095.57" sx="M,M,M,M"/><TAIKYOKU oya="0"/><INIT seed="0,0,0,4,1,98" ten="250,250,250,250" oya="0" hai0="101,18,48,91,27,52,129,4,59,131,47,34,88" hai1="66,120,41,67,6,60,38,28,37,94,70,8,114" hai2="17,102,106,63,19,104,25,11,73,127,100,68,79" hai3="12,125,54,105,86,20,80,135,35,130,49,9,99"/><T61/><D4/><U90/><E120/><V97/><F127/><W95/><G35/><T78/><D78/><U45/><E114/><V16/><F79/><W111/><G125/><T96/><D18/><U32/><E67/><V56/><F73/><W1/><G111/><T75/><D75/><U0/><E38/><V85/><F68/><W15/><G105/><T92/><D27/><U22/><E32/><V113/><F85/><W69/><G69/><T42/><D34/><U65/><E65/><V107/><F113/><W118/><G118/><T81/><REACH who="0" step="1"/><D81/><REACH who="0" ten="240,250,250,250" step="2"/><U55/><E28/><V3/><F25/><W33/><G33/><T46/><D46/><U30/><E30/><V74/><F74/><W109/><G80/><T23/><D23/><U89/><E22/><V110/><F110/><W124/><G20/><T115/><D115/><U122/><E122/><V83/><F83/><W57/><G109/><T132/><D132/><U108/><E108/><V13/><F3/><W93/><G124/><T103/><D103/><U82/><E82/><V7/><REACH who="2" step="1"/><F102/><REACH who="2" ten="240,250,240,250" step="2"/><W53/><G1/><T123/><D123/><U14/><E0/><V36/><F36/><W134/><G135/><T50/><D50/><U72/><E72/><V5/><F5/><W84/><G49/><T121/><D121/><U76/><E76/><V58/><F58/><W71/><G57/><T51/><D51/><U2/><E2/><V116/><F116/><W44/><G71/><T62/><D62/><U29/><E70/><V40/><F40/><W77/><G134/><T126/><D126/><U119/><E41/><RYUUKYOKU ba="0,2" sc="240,15,250,-15,240,15,250,-15" hai0="42,47,48,52,59,61,88,91,92,96,101,129,131" hai2="7,11,13,16,17,19,56,63,97,100,104,106,107" /><INIT seed="0,1,2,5,1,94" ten="255,235,255,235" oya="0" hai0="89,80,88,43,71,21,47,66,127,109,99,49,58" hai1="104,44,93,73,22,125,100,39,34,74,38,55,96" hai2="115,76,15,68,13,20,25,36,82,131,69,116,57" hai3="53,77,65,129,70,10,63,134,16,91,90,51,46"/><T85/><D71/><U113/><E34/><V64/><F115/><W97/><G129/><T79/><D127/><U122/><E122/><V48/><F36/><W110/><G110/><T102/><D109/><U56/><E125/><V87/><F131/><W101/><G77/><T132/><D132/><U7/><E113/><V28/><F116/><W121/><G121/><T8/><D8/><U108/><E108/><V83/><F69/><W29/><G29/><T120/><D120/><U130/><E130/><V81/><F68/><W62/><G62/><T14/><D14/><N who="2" m="5130" /><F48/><W119/><G134/><T98/><D21/><U61/><E7/><V0/><F0/><W123/><G123/><T75/><D102/><U2/><E2/><V135/><F135/><W4/><G16/><T105/><D105/><U42/><E39/><V27/><F25/><W112/><G119/><T86/><D75/><U45/><E45/><V1/><F1/><W117/><G117/><T12/><D12/><U52/><E22/><V35/><F35/><W126/><G126/><T18/><D18/><U6/><E6/><V103/><F103/><W26/><G112/><T30/><D30/><U50/><REACH who="1" step="1"/><E104/><REACH who="1" ten="255,225,255,235" step="2"/><V67/><F57/><W32/><G4/><T60/><REACH who="0" step="1"/><D79/><REACH who="0" ten="245,225,255,235" step="2"/><U54/><E54/><V107/><F107/><N who="3" m="63919" /><G10/><T92/><AGARI ba="1,4" hai="43,47,49,58,60,66,80,85,86,88,89,92,98,99" machi="92" ten="20,18000,2" yaku="1,1,0,1,7,1,8,1,52,2,54,1,53,0" doraHai="94" doraHaiUra="114" who="0" fromWho="0" sc="245,223,225,-61,255,-61,235,-61" /><INIT seed="0,2,0,1,3,115" ten="468,164,194,174" oya="0" hai0="6,93,18,60,112,82,11,24,5,44,87,103,12" hai1="3,124,134,30,55,128,120,121,114,28,47,1,9" hai2="108,61,41,56,80,77,49,35,113,125,37,48,102" hai3="94,34,53,32,118,73,21,2,133,59,66,26,45"/><T15/><D112/><U109/><E114/><V20/><F113/><W89/><G73/><T29/><D44/><U57/><E47/><V98/><F35/><W65/><G2/><N who="1" m="522" /><E57/><V16/><F108/><W13/><G13/><T135/><D135/><U110/><E55/><V126/><F37/><W105/><G105/><T83/><D60/><U84/><E84/><N who="2" m="48143" /><F41/><W23/><G23/><T43/><D43/><U64/><E64/><N who="2" m="38951" /><F126/><W116/><G133/><T75/><D75/><U76/><E76/><V69/><F69/><W7/><G7/><T122/><D122/><N who="1" m="47211" /><E134/><V46/><F46/><W78/><G78/><T70/><D70/><U71/><E71/><V51/><F125/><W0/><G0/><T123/><D123/><U74/><E74/><V97/><F102/><W25/><G45/><T131/><D103/><U72/><E72/><V19/><F19/><W107/><G107/><T104/><D104/><U101/><E101/><V79/><F79/><W99/><G66/><T86/><D93/><U42/><E42/><V63/><F63/><W90/><G65/><T58/><D58/><U92/><E124/><V67/><F67/><W88/><G34/><T33/><D83/><U111/><E92/><V106/><F106/><W68/><G68/><T52/><D82/><U40/><E40/><V10/><F10/><W85/><G90/><T95/><D95/><U127/><E127/><V129/><F129/><W91/><G91/><T100/><D100/><U81/><E128/><V4/><F4/><W22/><G89/><T17/><D131/><U96/><E9/><V50/><F50/><RYUUKYOKU ba="2,0" sc="468,-10,164,-10,194,30,174,-10" hai2="16,20,48,49,51,97,98" /><INIT seed="1,3,0,3,1,36" ten="458,154,224,164" oya="1" hai0="17,29,13,124,57,15,5,114,95,11,18,71,120" hai1="113,99,76,50,126,0,69,23,74,78,75,91,67" hai2="38,132,125,68,121,14,30,43,117,93,111,33,8" hai3="1,130,32,109,62,131,51,122,100,90,16,22,87"/><U128/><E113/><V82/><F117/><W103/><G32/><T64/><D71/><U108/><E0/><V53/><F121/><W73/><G122/><T105/><D105/><U49/><E128/><N who="3" m="49194" /><G73/><T46/><D120/><U41/><E126/><V6/><F125/><W86/><G1/><T81/><D124/><U134/><E134/><V72/><F132/><W4/><G4/><T77/><D114/><U2/><E2/><V61/><F111/><W118/><G118/><T35/><D95/><N who="1" m="56831" /><E69/><V119/><F119/><W55/><G62/><T42/><D29/><U107/><E107/><V135/><F135/><W19/><G109/><T25/><D35/><U102/><E75/><V28/><F33/><W65/><G65/><T3/><D25/><U21/><E74/><V106/><F106/><W104/><G19/><T59/><D64/><U7/><E7/><V54/><F28/><W110/><G110/><T24/><D24/><U40/><E102/><N who="3" m="38954" /><G90/><T116/><D116/><U85/><E67/><V45/><F30/><W92/><G92/><T66/><D66/><U70/><E70/><V83/><F68/><W60/><G60/><T84/><D3/><U133/><E108/><V101/><F72/><W98/><G98/><T112/><D112/><U63/><E63/><V20/><F61/><W96/><G96/><T34/><D34/><U129/><E133/><V48/><F101/><W47/><G104/><T94/><D5/><U31/><E129/><V39/><F6/><W123/><G123/><T9/><D94/><U58/><E31/><V12/><F93/><W10/><G10/><RYUUKYOKU ba="3,0" sc="458,15,154,-15,224,-15,164,15" hai0="9,11,13,15,17,18,42,46,57,59,77,81,84" hai3="16,22,47,51,55,86,87" /><INIT seed="2,4,0,3,2,38" ten="473,139,209,179" oya="2" hai0="134,77,100,22,44,96,82,70,73,60,7,106,125" hai1="99,40,76,104,23,61,30,109,49,79,116,13,86" hai2="34,113,10,48,90,14,97,78,58,110,66,56,35" hai3="105,45,98,4,24,120,118,36,71,51,64,72,69"/><V43/><F113/><W84/><G118/><T88/><D134/><U55/><E116/><V11/><F110/><W129/><G72/><T2/><D125/><U28/><E109/><V65/><F78/><N who="1" m="29737" /><E104/><V50/><F14/><W54/><G4/><T16/><D44/><N who="1" m="25735" /><E99/><V132/><F97/><W121/><G129/><T83/><D7/><U80/><E61/><V37/><F37/><W133/><G133/><T95/><D2/><U101/><E55/><V9/><F132/><W5/><G5/><T102/><D83/><U47/><E47/><N who="2" m="25727" /><F34/><W18/><G105/><T123/><D123/><U59/><E59/><N who="2" m="22571" /><F35/><W108/><G98/><T127/><D127/><U33/><E101/><V27/><F90/><W115/><G108/><T111/><D111/><U20/><E33/><V75/><F75/><W19/><G115/><T53/><D106/><U91/><E13/><V39/><F39/><W114/><G114/><T92/><D92/><U81/><E80/><V26/><F50/><W46/><G120/><T15/><D70/><U32/><E32/><V119/><F119/><W17/><G71/><T126/><D126/><U112/><E112/><V103/><F103/><W41/><G121/><T93/><D93/><U124/><E124/><V0/><F0/><W29/><G84/><T117/><D102/><U25/><E25/><AGARI ba="4,0" hai="9,10,11,25,26,27,65,66" m="22571,25727" machi="25" ten="30,2900,0" yaku="8,1,52,1" doraHai="38" who="2" fromWho="1" sc="473,0,139,-41,209,41,179,0" /><INIT seed="2,5,0,1,0,60" ten="473,98,250,179" oya="2" hai0="97,94,111,74,42,15,125,117,30,123,32,11,13" hai1="65,64,121,78,91,63,122,46,0,27,100,43,25" hai2="68,112,76,51,33,83,7,14,57,128,119,70,69" hai3="124,92,8,90,18,20,55,53,109,35,98,10,113"/><V59/><F112/><W105/><G109/><T72/><D123/><N who="1" m="47115" /><E0/><V26/><F119/><W67/><G35/><T114/><D114/><U89/><E100/><V118/><F118/><W5/><G124/><T116/><D111/><U56/><E78/><V108/><F108/><W24/><G113/><T58/><D42/><U131/><E131/><V19/><F128/><W102/><G10/><T44/><D44/><U40/><E40/><V31/><F7/><W133/><G133/><T62/><D30/><U21/><E27/><V45/><F45/><W52/><G67/><N who="1" m="25674" /><E56/><V4/><F57/><W47/><G47/><T82/><D32/><U81/><E81/><V16/><F83/><W132/><G132/><T2/><D2/><U104/><E63/><V120/><F76/><W93/><G55/><T129/><D82/><U28/><E104/><V34/><F120/><W71/><G71/><T54/><D129/><U1/><E1/><V96/><F69/><W36/><G36/><AGARI ba="5,0" hai="21,25,28,36,43,46,89,91" m="25674,47115" machi="36" ten="30,7700,0" yaku="13,1,52,3" doraHai="60" who="1" fromWho="3" sc="473,0,98,92,250,0,179,-92" /><INIT seed="3,0,0,5,1,48" ten="473,190,250,87" oya="3" hai0="121,103,46,11,55,29,51,17,73,3,14,8,67" hai1="97,57,101,2,12,89,106,52,28,127,131,108,118" hai2="85,32,4,125,122,78,110,134,87,129,135,114,66" hai3="133,79,56,6,60,20,74,119,19,5,75,69,53"/><W35/><G35/><T10/><D73/><U96/><E2/><V1/><F114/><W27/><G133/><N who="2" m="50697" /><F110/><W0/><G119/><T130/><D121/><U88/><E108/><V42/><F125/><W38/><G38/><T22/><D130/><U132/><E131/><V70/><F129/><W126/><G126/><T104/><D67/><U37/><E37/><V59/><F70/><W54/><G69/><T71/><D71/><U18/><E132/><V95/><F122/><W36/><G36/><T117/><D117/><U100/><E28/><V50/><F32/><W82/><G75/><T72/><D72/><U7/><E7/><V47/><F78/><W107/><G107/><T26/><D3/><U62/><E127/><V25/><F25/><W81/><G81/><T99/><AGARI ba="0,0" hai="8,10,11,14,17,22,26,29,46,51,55,99,103,104" machi="99" ten="30,2000,0" yaku="0,1,52,1" doraHai="48" who="0" fromWho="0" sc="473,20,190,-5,250,-5,87,-10" owari="493,59.3,185,-21.5,245,4.5,77,-42.3" /></mjloggm>