<mjloggm ver="2.3"><GO type="225" lobby="0"/><UN n0="%E5%B3%B6%E7%94%B0%E7%9C%9F%E5%A4%A2" n1="%E6%B8%A9%E2%98%85%E6%83%85%E2%98%85%E6%8E%AA%E2%98%85%E7%BD%AE" n2="%E5%B8%86%E7%AB%8B%E5%A4%8F%E8%A1%A3" n3="%E6%B4%BE%E9%81%A3%E3%81%AE%E3%82%B8%E3%83%A3%E3%83%83%E3%82%AF" dan="16,18,16,17" rate="2131.34,2213.16,2137.93,2232.29" sx="F,M,M,M"/><TAIKYOKU oya="0"/><INIT seed="0,0,0,2,2,29" ten="250,250,250,250" oya="0" hai0="24,79,95,83,30,48,1,67,84,128,124,113,52" hai1="93,85,104,28,102,21,6,37,122,118,61,50,43" hai2="32,16,5,133,49,23,117,18,38,66,41,120,63" hai3="46,34,131,72,20,2,98,92,100,39,108,3,132"/><T33/><D113/><U129/><E118/><V15/><F120/><W4/><G72/><T111/><D1/><U13/><E122/><V7/><F38/><W121/><G121/><T89/><D124/><U25/><E37/><V53/><F41/><W70/><G70/><T112/><D112/><U106/><E129/><V77/><F133/><W94/><G132/><T91/><D128/><U99/><E85/><V0/><F0/><W55/><G131/><T78/><D67/><U119/><E119/><V44/><F117/><W47/><G108/><T10/><D10/><U126/><E126/><V60/><F60/><W127/><G127/><T110/><D89/><U31/><E31/><V36/><F36/><W105/><G34/><T116/><D116/><U58/><E13/><V88/><F77/><W115/><G115/><T19/><D19/><U130/><E6/><V27/><F88/><W54/><G20/><T80/><D80/><U73/><E73/><V82/><F82/><W123/><G123/><T45/><REACH who="0" step="1"/><D79/><REACH who="0" ten="240,250,250,250" step="2"/><U107/><E130/><V69/><REACH who="2" step="1"/><F32/><REACH who="2" ten="240,250,240,250" step="2"/><W76/><G76/><T114/><D114/><U40/><REACH who="1" step="1"/><E61/><REACH who="1" ten="240,240,240,250" step="2"/><V135/><F135/><W125/><G125/><T65/><D65/><U57/><E57/><V90/><F90/><W59/><G59/><T26/><D26/><U11/><E11/><AGARI ba="0,3" hai="5,7,11,15,16,18,23,27,44,49,53,63,66,69" machi="11" ten="30,3900,0" yaku="1,1,7,1,54,1,53,0" doraHai="29" doraHaiUra="96" who="2" fromWho="1" sc="240,0,240,-39,240,69,250,0" /><INIT seed="1,0,0,1,1,72" ten="240,201,309,250" oya="1" hai0="42,81,56,111,98,96,18,52,16,22,102,14,31" hai1="7,132,121,120,13,23,61,106,128,21,17,78,5" hai2="45,90,99,134,73,12,10,75,71,34,126,89,109" hai3="94,66,8,101,100,119,46,49,84,29,59,54,69"/><U44/><E106/><V19/><F71/><W9/><G119/><T93/><D111/><U47/><E132/><V124/><F34/><W91/><G29/><T37/><D37/><U65/><E128/><V107/><F134/><W3/><G69/><T85/><D42/><U39/><E23/><V67/><F67/><W104/><G104/><T83/><D96/><U79/><E121/><V43/><F109/><W1/><G1/><T48/><D31/><U50/><E39/><V74/><F107/><W4/><G8/><T64/><D64/><U58/><E120/><V103/><F103/><W40/><REACH who="3" step="1"/><G66/><REACH who="3" ten="240,201,309,240" step="2"/><T116/><D116/><U55/><E47/><V33/><F45/><W117/><G117/><T27/><D85/><U36/><E36/><AGARI ba="0,1" hai="3,4,9,36,40,46,49,54,59,84,91,94,100,101" machi="36" ten="30,3900,0" yaku="1,1,7,1,53,1" doraHai="72" doraHaiUra="82" who="3" fromWho="1" sc="240,0,201,-39,309,0,240,49" /><INIT seed="2,0,0,1,5,54" ten="240,162,309,289" oya="2" hai0="31,121,118,14,124,17,110,75,36,88,21,40,67" hai1="105,2,34,25,96,133,59,8,13,16,47,73,107" hai2="84,74,51,102,55,128,60,43,18,98,90,97,20" hai3="100,119,132,68,44,72,62,83,33,12,108,103,101"/><V4/><F74/><W78/><G119/><T64/><D121/><U69/><E133/><V82/><F128/><W130/><G33/><T66/><D110/><U109/><E69/><V35/><F35/><W80/><G108/><T122/><D122/><U41/><E73/><V10/><F43/><W123/><G123/><T22/><D75/><U19/><E109/><V61/><F10/><W112/><G132/><T93/><D118/><U129/><E129/><V39/><F4/><W3/><G3/><T85/><D124/><U58/><E2/><V28/><F28/><W6/><G130/><T37/><REACH who="0" step="1"/><D40/><REACH who="0" ten="230,162,309,289" step="2"/><U104/><E96/><V94/><F97/><W135/><G72/><T29/><D29/><U89/><E89/><V23/><F39/><W87/><G135/><T46/><D46/><U50/><REACH who="1" step="1"/><E34/><REACH who="1" ten="230,152,309,289" step="2"/><V106/><F98/><W116/><G116/><T95/><D95/><U120/><E120/><V42/><F94/><W99/><G99/><T71/><D71/><U32/><E32/><V11/><F90/><W127/><G68/><T24/><AGARI ba="0,2" hai="14,17,21,22,24,31,36,37,64,66,67,85,88,93" machi="24" ten="30,4000,0" yaku="1,1,0,1,54,1,53,0" doraHai="54" doraHaiUra="5" who="0" fromWho="0" sc="230,60,152,-10,309,-20,289,-10" /><INIT seed="3,0,0,5,1,112" ten="290,142,289,279" oya="3" hai0="75,111,74,33,62,134,82,12,42,3,124,118,17" hai1="27,69,109,79,126,4,18,67,14,132,64,86,133" hai2="94,97,58,34,130,91,53,103,125,63,104,41,105" hai3="92,61,25,93,115,71,11,47,102,20,78,6,59"/><W5/><G115/><T89/><D3/><U16/><E69/><V40/><F130/><W54/><G71/><T120/><D120/><U66/><E126/><V70/><F125/><W46/><G78/><T129/><D33/><U51/><E51/><V123/><F123/><W95/><G102/><T81/><D124/><U131/><E131/><V77/><F105/><W83/><G83/><T128/><D81/><N who="1" m="47423" /><E109/><V45/><F34/><W72/><G72/><T9/><D75/><U99/><E99/><V50/><F70/><W44/><REACH who="3" step="1"/><G11/><REACH who="3" ten="290,142,289,269" step="2"/><T98/><D74/><U36/><E36/><V15/><F77/><W31/><AGARI ba="0,1" hai="5,6,20,25,31,44,46,47,54,59,61,92,93,95" machi="31" ten="30,18000,2" yaku="1,1,2,1,0,1,8,1,53,2" doraHai="112" doraHaiUra="0" who="3" fromWho="3" sc="290,-60,142,-60,289,-60,269,190" owari="230,3.0,82,-41.8,229,-17.1,459,55.9" /></mjloggm>