<mjloggm ver="2.3"><GO type="225" lobby="0"/><UN n0="%E6%A1%9C%E8%8A%B1%E9%96%83%E3%80%85" n1="%E6%80%AA%E3%81%97%E3%81%99%E3%81%8E%E3%82%8B%E3%83%81%E3%83%BC" n2="%E3%82%AF%E3%82%A3%E3%82%A6" n3="%4D%50%43%32%38%30%30" dan="17,16,16,16" rate="2183.77,2109.99,2111.59,2132.82" sx="M,M,M,M"/><TAIKYOKU oya="0"/><INIT seed="0,0,0,0,4,77" ten="250,250,250,250" oya="0" hai0="27,12,9,84,123,105,95,68,111,19,51,109,29" hai1="1,33,49,98,48,60,11,36,42,135,83,45,66" hai2="62,59,15,7,93,18,4,57,37,89,10,50,133" hai3="71,39,116,79,6,76,31,80,65,28,0,88,126"/><T16/><D105/><U117/><E117/><V44/><F37/><W24/><G116/><T92/><D68/><U125/><E125/><V127/><F133/><W58/><G71/><T21/><D123/><U73/><E135/><V72/><F72/><W74/><G126/><T87/><D51/><U67/><E33/><V63/><F127/><W35/><G39/><T119/><D119/><U129/><E129/><V103/><F103/><W101/><G101/><T56/><D56/><N who="1" m="37127" /><E98/><V115/><F115/><W61/><G31/><T131/><D131/><U69/><E67/><V55/><F59/><W38/><G38/><T75/><D75/><U121/><E121/><V8/><F8/><W132/><G132/><T112/><D112/><U14/><E14/><V122/><F122/><W120/><G120/><T96/><D29/><U3/><E3/><V26/><F26/><W17/><G17/><T90/><REACH who="0" step="1"/><D95/><REACH who="0" ten="240,250,250,250" step="2"/><U54/><E69/><V82/><F82/><W114/><G114/><T78/><D78/><N who="1" m="44495" /><E48/><V20/><F63/><W124/><G124/><T81/><D81/><U104/><E104/><V70/><F70/><W32/><G79/><T34/><D34/><U86/><E36/><V2/><F62/><W99/><G35/><T30/><D30/><U94/><E94/><V100/><F57/><W53/><G65/><T23/><D23/><U113/><E113/><V46/><F46/><W97/><G76/><T5/><D5/><N who="1" m="1455" /><E42/><V107/><F7/><W13/><G74/><T108/><AGARI ba="0,1" hai="9,12,16,19,21,27,84,87,90,92,96,108,109,111" machi="108" ten="30,18000,2" yaku="1,1,0,1,14,1,10,1,54,1,53,1" doraHai="77" doraHaiUra="85" who="0" fromWho="0" sc="240,190,250,-60,250,-60,250,-60" /><INIT seed="0,1,0,2,2,78" ten="430,190,190,190" oya="0" hai0="12,47,57,131,107,115,93,80,45,1,34,59,14" hai1="104,33,135,95,2,21,109,24,128,125,130,13,7" hai2="25,23,121,84,133,101,55,3,9,110,22,87,102" hai3="52,122,8,118,123,129,56,41,72,119,28,88,18"/><T97/><D115/><U35/><E104/><V40/><F121/><N who="3" m="46091" /><G41/><T32/><D1/><U26/><E95/><V49/><F110/><W112/><G72/><T124/><D107/><U64/><E64/><V120/><F120/><W86/><G112/><T79/><D124/><U106/><E106/><V74/><F74/><W73/><G73/><T111/><D131/><N who="1" m="50219" /><E109/><V67/><F133/><W81/><G28/><T65/><D34/><N who="1" m="12811" /><E135/><V50/><F67/><W42/><G42/><T58/><D32/><U20/><E125/><V117/><F117/><W99/><G99/><T39/><D65/><U46/><E46/><N who="0" m="17417" /><D39/><U19/><E20/><V0/><F40/><W11/><G129/><T44/><D44/><U85/><E85/><V98/><F55/><W96/><G96/><T17/><D111/><U43/><E43/><V116/><F98/><W15/><G11/><AGARI ba="1,0" hai="2,7,11,13,19,21,24,26" m="12811,50219" machi="11" ten="30,3900,0" yaku="19,1,34,2" doraHai="78" who="1" fromWho="3" sc="430,0,190,42,190,0,190,-42" /><INIT seed="1,0,0,3,0,80" ten="430,232,190,148" oya="1" hai0="78,24,29,17,51,21,15,76,2,22,1,121,128" hai1="40,56,130,89,12,10,95,39,69,55,93,67,65" hai2="100,96,102,44,103,92,115,127,13,112,25,31,52" hai3="71,46,79,35,91,41,81,4,101,3,48,14,16"/><U88/><E130/><V123/><F123/><W66/><G35/><T120/><D51/><N who="1" m="30847" /><E69/><V94/><F127/><W57/><G71/><T74/><D74/><U97/><E40/><V109/><F109/><W129/><G129/><T133/><D128/><U108/><E39/><V50/><F13/><W116/><G116/><T77/><D133/><U30/><E30/><V9/><F9/><W43/><G101/><T47/><D47/><U37/><E37/><V32/><REACH who="2" step="1"/><F94/><REACH who="2" ten="430,232,180,148" step="2"/><W45/><G3/><T36/><D1/><U106/><E108/><V60/><F60/><N who="3" m="38159" /><G4/><T5/><D5/><N who="1" m="3151" /><E106/><V122/><F122/><W59/><G43/><T18/><D2/><U27/><E27/><V99/><F99/><AGARI ba="0,1" hai="65,67,88,89,93,95,97,99" m="3151,30847" machi="99" ten="30,2900,0" yaku="8,1,54,1" doraHai="80" who="1" fromWho="2" sc="430,0,232,39,180,-29,148,0" /><INIT seed="1,1,0,5,1,116" ten="430,271,151,148" oya="1" hai0="48,112,57,23,54,11,131,72,5,64,69,62,121" hai1="71,43,32,45,24,107,51,78,79,39,80,4,10" hai2="22,55,6,28,84,97,100,133,38,12,109,25,3" hai3="68,130,15,66,9,56,50,33,26,7,40,125,88"/><U16/><E107/><V93/><F38/><W46/><G130/><T49/><D112/><U37/><E71/><V59/><F109/><W101/><G125/><T90/><D131/><U108/><E108/><V129/><F129/><W126/><G126/><T47/><D72/><U104/><E104/><V118/><F118/><W114/><G114/><T110/><D110/><U0/><E79/><V13/><F133/><W134/><G134/><T70/><D121/><U30/><REACH who="1" step="1"/><E16/><REACH who="1" ten="430,261,151,148" step="2"/><V73/><F73/><AGARI ba="1,1" hai="0,4,10,24,30,32,37,39,43,45,51,73,78,80" machi="73" ten="30,11600,0" yaku="1,1,2,1,7,1,53,1" doraHai="116" doraHaiUra="77" who="1" fromWho="2" sc="430,0,261,129,151,-119,148,0" /><INIT seed="1,2,0,2,5,16" ten="430,390,32,148" oya="1" hai0="25,83,130,64,24,27,57,126,122,117,41,34,121" hai1="82,39,76,19,86,54,125,14,77,28,68,120,4" hai2="49,12,13,74,20,113,50,59,33,134,1,2,84" hai3="110,10,65,70,95,66,21,114,111,103,108,18,52"/><U7/><E120/><N who="0" m="46185" /><D117/><U69/><E125/><V93/><F113/><W40/><G40/><T67/><D126/><U63/><E39/><V89/><F134/><W72/><G72/><T45/><D130/><U119/><E119/><V78/><F33/><W101/><G114/><T29/><D83/><U116/><E116/><V106/><F106/><W85/><G10/><T17/><D17/><U79/><E28/><V31/><F31/><W22/><G70/><T133/><D133/><U30/><E30/><V118/><F118/><W128/><G128/><T88/><D88/><N who="1" m="51287" /><E69/><V51/><F59/><W62/><G18/><T47/><D47/><U102/><E102/><N who="3" m="38922" /><G66/><N who="0" m="25131" /><D57/><N who="1" m="35255" /><E68/><V87/><F74/><W0/><G0/><T75/><D75/><U8/><AGARI ba="2,0" hai="4,7,8,14,19,76,77,79" m="35255,51287" machi="8" ten="30,3000,0" yaku="8,1,54,1" doraHai="16" who="1" fromWho="1" sc="430,-12,390,36,32,-12,148,-12" /><INIT seed="1,3,0,5,5,107" ten="418,426,20,136" oya="1" hai0="29,130,1,11,3,52,22,37,101,125,87,126,128" hai1="43,27,18,61,59,73,10,53,40,121,110,36,30" hai2="51,129,77,96,15,41,75,133,49,47,89,35,0" hai3="31,17,48,84,134,23,123,72,44,85,7,93,108"/><U25/><E121/><V118/><F118/><W13/><G123/><T26/><D37/><U8/><E73/><V58/><F129/><N who="0" m="49770" /><D101/><U19/><E110/><V69/><F133/><W38/><G72/><T21/><D87/><U99/><E99/><V105/><F0/><N who="0" m="74" /><D52/><U24/><E30/><V65/><F35/><W111/><G134/><T74/><D74/><U66/><E53/><V100/><F69/><W117/><G117/><T56/><D56/><U90/><E90/><V113/><F113/><W120/><G38/><T12/><D22/><U86/><E86/><V42/><F15/><W14/><G120/><T103/><D103/><U71/><E71/><V114/><F114/><W55/><G31/><T57/><D57/><U132/><E132/><V39/><F42/><N who="1" m="15913" /><E36/><V124/><F124/><W34/><G34/><T80/><D80/><U81/><E81/><V2/><F2/><W4/><G108/><T102/><D102/><U5/><E5/><AGARI ba="3,0" hai="5,11,12,21,26,29,125,126" m="74,49770" machi="5" ten="30,3900,0" yaku="19,1,34,2" doraHai="107" who="0" fromWho="1" sc="418,48,426,-48,20,0,136,0" /><INIT seed="2,0,0,1,2,80" ten="466,378,20,136" oya="2" hai0="43,40,109,60,87,38,65,119,8,28,30,135,24" hai1="131,90,81,118,69,63,130,99,56,103,48,79,37" hai2="44,58,77,35,78,47,16,42,50,108,41,86,66" hai3="114,115,128,75,53,52,12,0,72,27,98,14,4"/><V46/><F108/><W82/><G128/><N who="1" m="49194" /><E118/><V129/><F35/><W113/><G27/><T57/><D109/><U13/><E69/><V120/><F120/><W125/><G125/><T67/><D119/><U7/><E37/><V104/><F104/><W126/><G126/><T123/><D123/><U49/><E90/><V64/><F129/><W117/><G117/><T111/><D135/><U59/><E13/><N who="3" m="5226" /><G98/><T122/><D122/><U101/><E7/><V93/><F16/><W134/><G134/><T132/><D65/><N who="2" m="25194" /><F58/><N who="1" m="22057" /><E63/><V25/><F25/><W62/><G62/><T45/><D111/><U34/><E34/><V85/><F93/><W21/><G21/><T76/><D132/><U121/><E121/><V19/><F19/><W10/><G75/><T11/><D8/><U124/><E124/><V105/><F105/><W54/><G72/><T133/><D11/><U73/><E103/><V68/><F68/><W106/><G106/><AGARI ba="0,0" hai="48,49,73,79,81,99,101,106" m="22057,49194" machi="106" ten="30,1000,0" yaku="19,1" doraHai="80" who="1" fromWho="3" sc="466,0,378,10,20,0,136,-10" /><INIT seed="3,0,0,3,5,90" ten="466,388,20,126" oya="3" hai0="120,44,64,118,57,27,115,39,79,125,126,17,85" hai1="98,81,24,103,41,43,3,30,36,86,18,4,62" hai2="132,99,89,108,131,134,113,52,97,7,66,69,78" hai3="14,102,23,95,88,63,101,0,40,20,54,8,50"/><W122/><G122/><T65/><D120/><U22/><E36/><V111/><F69/><W42/><G0/><T67/><D118/><U46/><E4/><V10/><F66/><W45/><G23/><N who="0" m="13807" /><D115/><U21/><E3/><V32/><F32/><W105/><G105/><T129/><D129/><U38/><E62/><V70/><F70/><W104/><G104/><T51/><D39/><U93/><E46/><V83/><F52/><N who="3" m="29775" /><G20/><T15/><D15/><U80/><E38/><V13/><F113/><W2/><G2/><T123/><D123/><U6/><E6/><V92/><F99/><N who="3" m="57831" /><G54/><T119/><D119/><U9/><E9/><V61/><F61/><W87/><G87/><T91/><D65/><U109/><E109/><V59/><F59/><W100/><G63/><T37/><D67/><U112/><E112/><V114/><F114/><W96/><G96/><T55/><D37/><U1/><E1/><V77/><F131/><W53/><G53/><T128/><D128/><U124/><E124/><V25/><F25/><W73/><G73/><T11/><D126/><U76/><REACH who="1" step="1"/><E81/><REACH who="1" ten="466,378,20,126" step="2"/><V34/><F34/><W72/><G72/><T106/><D125/><U16/><E16/><AGARI ba="0,1" hai="8,14,16,40,42,100,101,102" m="57831,29775" machi="16" ten="30,12000,1" yaku="8,1,52,1,54,3" doraHai="90" who="3" fromWho="1" sc="466,0,378,-120,20,0,126,130" /><INIT seed="3,1,0,4,0,6" ten="466,258,20,256" oya="3" hai0="119,3,120,72,35,39,64,109,130,102,100,61,48" hai1="92,68,135,31,105,41,18,90,47,125,93,52,19" hai2="37,2,103,88,23,86,24,60,76,69,66,30,101" hai3="81,67,55,49,20,44,133,74,57,118,129,42,116"/><W26/><G133/><T78/><D48/><N who="1" m="26735" /><E105/><V65/><F37/><W10/><G129/><T53/><D61/><U13/><E68/><V5/><F76/><W28/><G67/><T71/><D53/><U122/><E122/><V126/><F126/><W46/><G46/><T34/><D78/><U15/><E125/><V114/><F114/><W54/><G54/><T83/><D83/><U25/><E135/><V97/><F65/><W11/><G74/><T123/><D102/><U94/><E90/><V117/><F117/><W91/><G116/><T95/><D95/><U36/><E36/><V51/><F51/><N who="3" m="30975" /><G118/><T134/><D64/><U59/><E31/><V32/><F23/><W131/><G131/><T132/><D100/><U63/><E25/><V4/><F2/><W124/><G124/><T1/><D1/><U43/><E43/><V96/><F96/><W111/><G111/><T107/><D35/><U56/><E56/><V73/><F73/><W0/><G0/><T38/><D38/><U50/><E50/><V40/><F40/><W33/><G33/><T110/><D110/><U70/><E70/><V75/><F75/><W87/><AGARI ba="1,0" hai="10,11,20,26,28,42,44,49,81,87,91" m="30975" machi="87" ten="30,6000,0" yaku="8,1,52,2" doraHai="6" who="3" fromWho="3" sc="466,-21,258,-21,20,-21,256,63" owari="445,54.5,237,-16.3,-1,-50.1,319,11.9" /></mjloggm>