<mjloggm ver="2.3"><GO type="225" lobby="0"/><UN n0="%E5%88%9D%E5%8F%B7%E6%A9%9F%E3%81%A8%E4%BA%8C%E5%8F%B7%E6%A9%9F" n1="%E3%81%AF%E3%82%88%E3%81%8A%E3%81%98%E3%81%95%E3%82%93" n2="%E3%81%9F%E3%81%A3%E3%81%A1%E3%82%87" n3="%4E%49%4A%49%49%52%4F" dan="17,16,16,16" rate="2196.34,2185.10,2078.53,2171.81" sx="M,M,M,M"/><TAIKYOKU oya="0"/><INIT seed="0,0,0,4,4,100" ten="250,250,250,250" oya="0" hai0="24,90,37,117,104,7,14,84,113,115,91,135,10" hai1="41,43,116,20,123,74,94,114,118,103,106,81,26" hai2="72,80,57,56,59,93,45,16,86,58,79,126,48" hai3="69,71,54,32,39,125,23,33,61,127,65,60,82"/><T27/><D37/><U64/><E123/><V95/><F126/><N who="3" m="48139" /><G39/><T21/><D117/><U11/><E114/><V119/><F119/><W128/><G128/><T44/><D104/><U15/><E106/><V109/><F109/><W121/><G121/><T18/><D135/><U66/><E74/><V29/><F29/><W8/><G8/><T13/><D44/><U52/><E81/><V101/><F72/><W132/><G132/><T50/><D50/><U30/><E116/><V78/><F78/><W122/><G122/><T1/><D90/><U46/><E118/><V31/><F31/><W12/><G82/><T49/><D49/><N who="1" m="28727" /><E94/><V35/><F35/><N who="3" m="13387" /><G54/><T4/><D91/><U99/><E99/><N who="2" m="59631" /><F95/><W76/><G76/><T87/><D113/><U25/><E25/><N who="0" m="9801" /><D115/><U3/><E3/><V19/><N who="2" m="14336" /><DORA hai="36" /><V0/><F0/><W98/><G98/><T9/><D84/><U53/><E53/><AGARI ba="0,0" hai="16,19,45,48,53,79,80,86" m="14336,59631" machi="53" ten="40,2600,0" yaku="8,1,54,1" doraHai="100,36" who="2" fromWho="1" sc="250,0,250,-26,250,26,250,0" /><INIT seed="1,0,0,1,2,58" ten="250,224,276,250" oya="1" hai0="97,99,104,87,70,85,1,75,91,88,18,20,82" hai1="71,133,132,119,106,55,96,126,34,135,61,39,65" hai2="81,9,115,6,59,32,22,3,60,129,26,29,49" hai3="15,127,102,117,13,73,94,52,77,5,123,114,128"/><U57/><E119/><V105/><F105/><W76/><G123/><T134/><D1/><U74/><E74/><V86/><F129/><W35/><G117/><T38/><D134/><U98/><E34/><V23/><F49/><W64/><G35/><T101/><D38/><U7/><E39/><V41/><F41/><W24/><G114/><T2/><D2/><U50/><E126/><V112/><F112/><W66/><G128/><T62/><D75/><U14/><REACH who="1" step="1"/><E106/><REACH who="1" ten="250,214,276,250" step="2"/><V30/><F115/><W31/><G73/><T95/><D104/><U118/><E118/><V93/><F32/><W12/><G127/><T11/><D101/><U111/><E111/><V47/><F22/><W36/><G102/><T21/><D11/><AGARI ba="0,1" hai="7,11,14,50,55,57,61,65,71,96,98,132,133,135" machi="11" ten="40,7700,0" yaku="1,1,20,1,52,1,53,0" doraHai="58" doraHaiUra="125" who="1" fromWho="0" sc="250,-77,214,87,276,0,250,0" /><INIT seed="1,1,0,2,3,120" ten="173,301,276,250" oya="1" hai0="18,70,5,98,133,131,88,64,45,111,49,134,77" hai1="1,8,91,109,79,47,48,87,10,14,121,61,68" hai2="80,19,104,15,62,90,50,9,2,21,3,53,116" hai3="129,16,57,33,26,56,23,135,69,96,72,29,51"/><U82/><E121/><V128/><F104/><W99/><G69/><T20/><D77/><U93/><E1/><V85/><F116/><W35/><G72/><T25/><D131/><U11/><E68/><V31/><F128/><W124/><G129/><T117/><D117/><U34/><E34/><V100/><F100/><W28/><G124/><T110/><D5/><U94/><E61/><V41/><F41/><W32/><G135/><N who="0" m="51723" /><D64/><U105/><E105/><V113/><F113/><W103/><G96/><T97/><D70/><U44/><E44/><V119/><F62/><W40/><G40/><N who="0" m="24743" /><D97/><U112/><E112/><V55/><F55/><W106/><REACH who="3" step="1"/><G51/><REACH who="3" ten="173,301,276,240" step="2"/><T74/><D74/><U84/><E48/><V22/><F119/><W24/><G24/><T37/><D37/><U102/><E102/><V13/><F50/><W89/><G89/><T38/><D38/><U17/><E91/><V108/><F90/><W36/><G36/><T78/><D78/><U86/><E79/><V54/><F85/><W42/><G42/><T76/><D76/><U39/><E39/><V58/><F80/><W46/><G46/><T107/><D107/><U71/><E71/><V75/><F75/><W132/><G132/><T118/><D118/><U126/><E47/><V114/><F114/><W127/><G127/><T125/><D125/><U101/><E126/><V95/><F95/><AGARI ba="1,1" hai="18,20,25,88,95,98,110,111" m="24743,51723" machi="95" ten="30,7700,0" yaku="20,1,52,2,54,1" doraHai="120" who="0" fromWho="2" sc="173,90,301,0,276,-80,240,0" /><INIT seed="2,0,0,4,3,32" ten="263,301,196,240" oya="2" hai0="3,111,11,8,108,31,91,21,18,46,97,122,120" hai1="110,105,54,129,99,0,60,117,131,89,9,127,125" hai2="45,5,2,35,58,56,42,51,63,7,17,28,80" hai3="73,133,44,115,25,101,98,6,4,86,29,34,36"/><V132/><F132/><W47/><G133/><T82/><D46/><U41/><E110/><N who="0" m="42025" /><D31/><U13/><E41/><V114/><F114/><W26/><G115/><T100/><D91/><U57/><E117/><V40/><F58/><W72/><G86/><T119/><D82/><U38/><E38/><V16/><F40/><W78/><G78/><T102/><D119/><U104/><E0/><V55/><F80/><W123/><G123/><N who="0" m="47147" /><D102/><N who="1" m="62559" /><E89/><V135/><F135/><W70/><G70/><T53/><D53/><U43/><E105/><V84/><F84/><W1/><G98/><T107/><D3/><U81/><E81/><V30/><F30/><W33/><G101/><T103/><D100/><U68/><E68/><V109/><F109/><W49/><G1/><T75/><D75/><U90/><E90/><V66/><F42/><W61/><G29/><T124/><D124/><N who="1" m="47691" /><E43/><V69/><F69/><W112/><G36/><T126/><D126/><U93/><E93/><V106/><F106/><W48/><G112/><T62/><D62/><AGARI ba="0,0" hai="4,6,25,26,33,34,44,47,48,49,61,62,72,73" machi="62" ten="25,1600,0" yaku="22,2" doraHai="32" who="3" fromWho="0" sc="263,-16,301,0,196,0,240,16" /><INIT seed="3,0,0,1,5,110" ten="247,301,196,256" oya="3" hai0="45,106,75,71,123,3,83,26,49,30,15,59,27" hai1="128,38,63,68,72,108,20,104,103,50,98,60,131" hai2="69,99,18,85,70,91,81,119,94,116,107,133,57" hai3="74,64,2,5,58,56,113,14,84,23,21,109,120"/><W79/><G109/><T82/><D71/><U73/><E108/><V86/><F133/><W124/><G74/><N who="1" m="28778" /><E38/><V95/><F107/><W7/><G2/><T35/><D106/><U54/><E20/><V125/><F125/><W97/><G124/><T130/><D123/><U12/><E12/><V93/><F69/><W111/><G111/><T87/><D3/><U90/><E90/><N who="2" m="51503" /><F70/><W122/><G97/><T32/><D59/><N who="1" m="33239" /><E68/><V43/><F43/><W46/><G46/><T117/><D117/><N who="2" m="45130" /><F57/><W89/><G64/><T80/><D75/><U121/><E121/><V126/><F18/><W134/><G134/><T10/><D130/><AGARI ba="0,0" hai="60,63,98,103,104,128,130,131" m="33239,28778" machi="130" ten="30,1000,0" yaku="19,1" doraHai="110" who="1" fromWho="0" sc="247,-10,301,10,196,0,256,0" owari="237,-16.3,311,41.1,196,-30.4,256,5.6" /></mjloggm>