<mjloggm ver="2.3"><GO type="225" lobby="0"/><UN n0="%6D%75%75%6D%75%72%61" n1="%72%61%6B%33" n2="%E5%8F%AF%E5%85%90%E9%82%A3%E7%94%B1%E5%A4%9A" n3="%E6%98%93%E5%88%A9%E8%96%A9%E4%BC%AF" dan="17,16,17,16" rate="2188.93,2129.04,2184.34,2074.09" sx="F,M,F,F"/><TAIKYOKU oya="0"/><INIT seed="0,0,0,4,3,14" ten="250,250,250,250" oya="0" hai0="65,15,80,58,55,86,113,9,28,5,67,43,17" hai1="111,115,23,102,75,93,44,97,25,54,34,3,24" hai2="105,40,76,7,89,129,30,69,101,59,92,70,126" hai3="108,62,90,121,51,18,107,100,48,117,114,88,31"/><T78/><D113/><U27/><E115/><V123/><F123/><W33/><G114/><T134/><D134/><U13/><E3/><V68/><F126/><W127/><G117/><T53/><D43/><U120/><E120/><V109/><F129/><W10/><G121/><T91/><D28/><U116/><E116/><V74/><F109/><W106/><G108/><T81/><D5/><U45/><E111/><V50/><F7/><W112/><G127/><T61/><REACH who="0" step="1"/><D53/><REACH who="0" ten="240,250,250,250" step="2"/><U128/><E54/><V49/><F30/><W0/><G31/><T124/><D124/><U71/><E34/><V87/><F40/><W133/><G33/><T1/><D1/><U8/><E128/><V26/><F59/><W99/><G0/><T85/><AGARI ba="0,1" hai="9,15,17,55,58,61,65,67,78,80,81,85,86,91" machi="85" ten="20,12000,1" yaku="1,1,0,1,7,1,8,1,52,1,53,0" doraHai="14" doraHaiUra="22" who="0" fromWho="0" sc="240,130,250,-40,250,-40,250,-40" /><INIT seed="0,1,0,3,2,88" ten="370,210,210,210" oya="0" hai0="115,30,133,4,76,41,63,109,92,21,17,104,122" hai1="60,50,13,1,58,95,11,71,80,70,0,15,96" hai2="107,22,106,124,86,6,27,130,135,37,16,64,103" hai3="49,54,82,42,67,39,34,19,38,77,29,46,93"/><T102/><D115/><U91/><E71/><V121/><F121/><W112/><G112/><T8/><D122/><U56/><E70/><V120/><F120/><W23/><G67/><T35/><D104/><U85/><E50/><V90/><F37/><W62/><G34/><T7/><D133/><U14/><E11/><V43/><F135/><W108/><G29/><T68/><D76/><U36/><E36/><V132/><F132/><W45/><G108/><T78/><D78/><U83/><E83/><V65/><F43/><W69/><G39/><T110/><D41/><U98/><E96/><V51/><F130/><W61/><G93/><T123/><D123/><U5/><E5/><V33/><F124/><W114/><G69/><T105/><D105/><U73/><E73/><V119/><F119/><W28/><G28/><T47/><D47/><U94/><E58/><V89/><F6/><W2/><G2/><T3/><D4/><U12/><N who="1" m="3072" /><DORA hai="10" /><U99/><E99/><V44/><F107/><W59/><G46/><T111/><D68/><U31/><E31/><V74/><F74/><W100/><G100/><T84/><D30/><U75/><E75/><V101/><F106/><W52/><G114/><T40/><D35/><U57/><E57/><V128/><F33/><W117/><G117/><T134/><D134/><U131/><E131/><V127/><F128/><W72/><G54/><T113/><D109/><U9/><E9/><V26/><F44/><W32/><G32/><T24/><D113/><U25/><E25/><AGARI ba="1,0" hai="19,23,25,38,42,45,49,52,59,61,62,72,77,82" machi="25" ten="30,2000,0" yaku="7,1,54,1" doraHai="88,10" who="3" fromWho="1" sc="370,0,210,-23,210,0,210,23" /><INIT seed="1,0,0,3,1,56" ten="370,187,210,233" oya="1" hai0="55,43,92,59,27,70,22,3,50,37,103,109,104" hai1="41,133,53,12,6,47,29,120,17,67,128,90,35" hai2="75,51,110,57,9,45,21,111,94,33,102,78,65" hai3="38,76,40,82,73,61,119,106,131,77,19,101,14"/><U64/><E120/><V20/><F33/><W83/><G131/><T24/><D104/><U80/><E128/><V54/><F75/><W68/><G119/><T112/><D112/><U48/><E133/><V13/><F78/><W74/><G38/><T125/><D3/><U46/><E6/><V132/><F132/><W72/><G40/><T129/><D129/><U99/><E29/><V16/><F110/><W107/><G74/><T135/><D135/><U18/><E35/><V31/><F111/><W113/><G101/><T62/><D109/><U2/><E2/><V134/><F134/><W127/><G127/><T30/><D125/><U116/><E116/><V7/><F31/><W71/><G113/><T81/><D81/><U124/><E124/><V114/><F114/><W79/><G79/><T25/><D103/><U95/><E80/><V86/><F7/><W5/><G5/><T96/><D96/><U36/><REACH who="1" step="1"/><E17/><REACH who="1" ten="370,177,210,233" step="2"/><V108/><F108/><W11/><REACH who="3" step="1"/><G71/><REACH who="3" ten="370,177,210,223" step="2"/><T91/><D70/><U97/><E97/><N who="2" m="59703" /><F86/><W85/><G85/><T105/><D30/><U34/><E34/><V126/><F126/><W123/><G123/><T39/><D105/><U98/><E98/><V63/><AGARI ba="0,2" hai="9,13,16,20,21,45,51,54,57,63,65" m="59703" machi="63" ten="30,4000,0" yaku="8,1,52,1,54,1" doraHai="56" who="2" fromWho="2" sc="370,-10,177,-20,210,60,223,-10" /><INIT seed="2,0,0,0,2,128" ten="360,157,270,213" oya="2" hai0="33,51,2,115,65,100,68,125,131,17,18,13,89" hai1="74,7,84,41,123,31,12,95,80,56,16,102,1" hai2="81,55,98,61,91,32,101,118,52,122,132,112,35" hai3="90,0,20,24,25,104,99,28,66,114,116,113,133"/><V77/><F112/><N who="3" m="43115" /><G116/><T11/><D115/><U29/><E123/><V103/><F118/><W46/><G0/><T37/><D37/><U9/><E41/><V3/><F3/><W88/><G133/><T129/><D2/><U60/><E74/><V85/><F122/><W119/><G119/><T83/><D33/><U135/><E135/><V121/><F121/><W40/><G66/><T124/><D100/><U38/><E38/><V92/><F132/><W44/><G25/><T39/><D39/><U27/><E95/><V134/><F134/><W109/><G109/><T106/><D106/><U19/><E102/><V54/><F103/><N who="3" m="62591" /><G46/><T75/><D18/><U93/><E93/><V10/><F10/><W107/><G107/><T108/><D108/><U82/><E82/><V69/><REACH who="2" step="1"/><F101/><REACH who="2" ten="360,157,260,213" step="2"/><W120/><G120/><T130/><D130/><U73/><E1/><V53/><N who="2" m="13312" /><DORA hai="67" /><V57/><F57/><W70/><G70/><T79/><D131/><U34/><E56/><V62/><F62/><W48/><AGARI ba="0,1" hai="20,24,28,40,44,48,88,90" m="62591,43115" machi="48" ten="30,2000,0" yaku="11,1,54,1" doraHai="128,67" who="3" fromWho="3" sc="360,-5,157,-5,260,-10,213,30" /><INIT seed="3,0,0,2,1,65" ten="355,152,250,243" oya="3" hai0="68,51,29,125,44,45,130,43,35,59,1,38,93" hai1="56,89,22,101,62,91,113,127,7,100,70,20,28" hai2="87,27,120,63,132,10,133,110,4,71,83,84,36" hai3="48,33,76,78,49,11,6,75,92,95,32,24,19"/><W99/><G95/><T60/><D1/><U23/><E113/><V107/><F107/><W73/><G75/><T12/><D130/><U52/><E127/><V57/><F36/><W108/><G108/><T41/><D125/><U17/><E28/><V85/><F110/><W118/><G118/><T86/><D68/><U9/><E17/><V135/><F71/><W15/><G33/><T50/><D38/><U111/><E111/><V37/><F37/><W79/><G73/><T116/><D116/><U69/><E91/><N who="2" m="51615" /><F27/><W96/><G96/><T88/><D35/><U105/><E89/><V55/><F120/><W117/><G117/><T82/><D29/><U31/><E31/><V13/><AGARI ba="0,0" hai="4,10,13,55,57,63,85,87,132,133,135" m="51615" machi="13" ten="30,1100,0" yaku="20,1" doraHai="65" who="2" fromWho="2" sc="355,-3,152,-3,250,11,243,-5" owari="352,45.2,149,-35.1,261,6.1,238,-16.2" /></mjloggm>