<mjloggm ver="2.3"><GO type="225" lobby="0"/><UN n0="%77%72%77%72%77%72%77%72" n1="%E3%82%BF%E3%83%BC%E3%83%90%E3%83%B3%E9%87%8E%E5%8F%A3" n2="%E3%82%B2%E3%82%B9%E8%8C%82%E5%8B%9D" n3="%E5%B0%8F%E9%BB%92%E5%B1%8B" dan="16,16,16,16" rate="2170.39,2161.92,2077.15,2137.79" sx="M,M,F,F"/><TAIKYOKU oya="0"/><INIT seed="0,0,0,5,5,64" ten="250,250,250,250" oya="0" hai0="92,86,3,114,11,46,62,30,59,85,65,37,41" hai1="12,33,4,2,74,45,95,60,42,43,19,52,70" hai2="82,40,31,71,120,103,121,126,130,54,57,96,107" hai3="13,32,6,34,83,0,109,77,29,128,115,72,22"/><T88/><D114/><U122/><E122/><V131/><F40/><W76/><G115/><T75/><D75/><U14/><E33/><V56/><F31/><W123/><G123/><T51/><D30/><U105/><E105/><V38/><F38/><W90/><G77/><T16/><D3/><U67/><E74/><V48/><F126/><W79/><G79/><T117/><D117/><U26/><E2/><V25/><F25/><W21/><G109/><T124/><D124/><U101/><E4/><V28/><F28/><W108/><G108/><T68/><D37/><U93/><E26/><V24/><F24/><W133/><G128/><N who="2" m="49193" /><F82/><W8/><G133/><T111/><D111/><U134/><E134/><V53/><F71/><W23/><G29/><T58/><REACH who="0" step="1"/><D85/><REACH who="0" ten="240,250,250,250" step="2"/><U18/><E12/><AGARI ba="0,1" hai="11,12,16,41,46,51,58,59,62,65,68,86,88,92" machi="12" ten="40,18000,2" yaku="1,1,2,1,52,1,54,2,53,1" doraHai="64" doraHaiUra="89" who="0" fromWho="1" sc="240,190,250,-180,250,0,250,0" /><INIT seed="0,1,0,3,1,65" ten="430,70,250,250" oya="0" hai0="125,90,128,127,27,92,15,51,79,72,59,85,2" hai1="6,102,24,69,39,7,113,11,97,18,16,9,88" hai2="67,80,120,64,50,32,12,135,73,23,52,131,30" hai3="110,84,98,66,101,99,28,0,119,63,111,54,55"/><T100/><D2/><U94/><E113/><V21/><F120/><W122/><G119/><T48/><D128/><U19/><E39/><V42/><F131/><W61/><G0/><T38/><D38/><U60/><E24/><V17/><F135/><W124/><G124/><N who="0" m="47691" /><D100/><U126/><E126/><V41/><F32/><W96/><G101/><T82/><D15/><U134/><E134/><V81/><F64/><W68/><G122/><T86/><D27/><U83/><E60/><V8/><F67/><N who="3" m="41071" /><G84/><T114/><D114/><U44/><E44/><N who="2" m="27719" /><F73/><W74/><G28/><T35/><D35/><U31/><E31/><V22/><F30/><W109/><G74/><T118/><D118/><U45/><E45/><V93/><F93/><W115/><G115/><T25/><D25/><U58/><E58/><AGARI ba="1,0" hai="54,55,58,63,66,96,98,99,109,110,111" m="41071" machi="58" ten="40,2600,0" yaku="14,1,52,1" doraHai="65" who="3" fromWho="1" sc="430,0,70,-29,250,0,250,29" /><INIT seed="1,0,0,5,1,76" ten="430,41,250,279" oya="1" hai0="63,45,99,60,118,133,88,18,7,121,46,79,26" hai1="65,38,10,108,95,4,3,104,70,123,31,21,42" hai2="20,66,115,71,111,58,30,50,77,17,113,91,119" hai3="89,127,16,9,11,90,82,94,67,25,96,36,116"/><U112/><E123/><V56/><F77/><W103/><G36/><T64/><D118/><U44/><E112/><N who="2" m="43083" /><F119/><W124/><G116/><T2/><D121/><U134/><E104/><V114/><N who="2" m="43091" /><V55/><DORA hai="33" /><F30/><W74/><G67/><T105/><D133/><U61/><E134/><V40/><F40/><W34/><G74/><T135/><D79/><U81/><E108/><V15/><F111/><W125/><G34/><T51/><D45/><U131/><E131/><V47/><F91/><N who="3" m="34827" /><G82/><T132/><D88/><U1/><E95/><V85/><F85/><W41/><G41/><T102/><D135/><U101/><E101/><V84/><F84/><W78/><G78/><T24/><D18/><U29/><E81/><V14/><F71/><W72/><G72/><T120/><D120/><U37/><E37/><V128/><F128/><W35/><G35/><T28/><D28/><U87/><E87/><V23/><F66/><W54/><G54/><T126/><D64/><U19/><REACH who="1" step="1"/><E1/><REACH who="1" ten="430,31,250,279" step="2"/><V93/><F93/><W100/><G103/><T109/><D2/><U48/><E48/><V53/><F50/><W49/><G49/><T12/><D132/><U86/><E86/><V97/><F97/><W129/><G129/><T6/><D109/><U5/><E5/><V62/><F62/><W68/><G100/><T117/><D6/><U13/><AGARI ba="0,1" hai="3,4,10,13,19,21,29,31,38,42,44,61,65,70" machi="13" ten="20,12000,1" yaku="1,1,0,1,7,1,52,1,53,1" doraHai="76,33" doraHaiUra="52,32" who="1" fromWho="1" sc="430,-40,31,130,250,-40,279,-40" /><INIT seed="1,1,0,1,4,73" ten="390,161,210,239" oya="1" hai0="49,70,85,34,81,91,115,98,30,63,16,113,40" hai1="86,44,27,10,13,28,128,90,56,104,17,15,74" hai2="134,121,43,47,94,20,106,42,92,33,78,64,7" hai3="105,84,9,22,58,8,83,5,72,87,103,89,37"/><U93/><E104/><V62/><F121/><W67/><G37/><T109/><D109/><U119/><E119/><V57/><F33/><W100/><G72/><T127/><D127/><U55/><E74/><V130/><F106/><W112/><G112/><T131/><D131/><U53/><E128/><V77/><F130/><W14/><G105/><T26/><D16/><U21/><E44/><V50/><F134/><W32/><G32/><T60/><D98/><U59/><REACH who="1" step="1"/><E15/><REACH who="1" ten="390,151,210,239" step="2"/><V95/><F42/><W76/><G14/><T46/><D115/><U135/><E135/><V2/><REACH who="2" step="1"/><F20/><REACH who="2" ten="390,151,200,239" step="2"/><W107/><G107/><T48/><D113/><U54/><AGARI ba="1,2" hai="10,13,17,21,27,28,53,54,55,56,59,86,90,93" machi="54" ten="30,6000,0" yaku="1,1,0,1,8,1,53,0" doraHai="73" doraHaiUra="69" who="1" fromWho="1" sc="390,-21,151,83,200,-21,239,-21" /><INIT seed="1,2,0,5,4,12" ten="369,234,179,218" oya="1" hai0="11,118,36,63,90,28,57,17,18,0,99,21,13" hai1="33,79,96,129,22,77,93,39,100,71,44,88,73" hai2="68,46,69,30,97,66,125,107,14,126,1,64,84" hai3="29,117,9,67,32,86,105,34,38,62,120,130,6"/><U98/><E33/><V59/><F1/><W40/><G120/><T108/><D108/><U106/><E71/><V103/><F46/><W112/><G112/><T5/><D36/><U58/><E129/><V78/><F59/><W15/><G105/><T110/><D110/><U83/><E39/><V16/><F30/><W82/><G130/><T23/><D118/><U116/><E44/><V75/><F75/><W87/><G117/><T94/><D28/><U76/><E116/><V95/><F68/><W53/><G53/><T60/><D57/><U55/><REACH who="1" step="1"/><E22/><REACH who="1" ten="369,224,179,218" step="2"/><N who="2" m="11543" /><F69/><W131/><G131/><T24/><AGARI ba="2,1" hai="0,5,11,13,17,18,21,23,24,60,63,90,94,99" machi="24" ten="20,5200,0" yaku="0,1,7,1,52,2" doraHai="12" who="0" fromWho="0" sc="369,68,224,-28,179,-15,218,-15" /><INIT seed="2,0,0,2,4,121" ten="437,196,164,203" oya="2" hai0="9,117,74,43,134,55,111,64,51,101,72,77,70" hai1="36,105,48,25,114,80,128,8,100,125,78,109,132" hai2="68,12,84,107,2,37,66,122,50,87,124,3,127" hai3="133,27,76,88,5,92,82,110,85,23,60,126,34"/><V112/><F122/><W49/><G110/><T31/><D111/><U79/><E109/><V69/><F50/><W118/><G118/><T135/><D117/><U35/><E114/><V20/><F112/><W47/><G34/><T22/><D43/><U94/><E36/><V4/><F107/><W73/><G126/><N who="2" m="48169" /><F37/><W13/><G133/><N who="0" m="50699" /><D101/><U1/><E105/><V99/><F99/><W14/><G60/><N who="0" m="40199" /><D77/><U59/><E48/><V86/><F66/><W52/><G5/><T17/><D9/><U120/><E125/><V10/><F20/><W113/><G113/><T91/><D91/><U131/><E35/><V106/><F106/><W103/><G103/><T38/><D31/><AGARI ba="0,0" hai="13,14,23,27,31,47,49,52,73,76,82,85,88,92" machi="31" ten="30,3900,0" yaku="7,1,54,2" doraHai="121" who="3" fromWho="0" sc="437,-39,196,0,164,0,203,39" /><INIT seed="3,0,0,0,3,64" ten="398,196,164,242" oya="3" hai0="93,126,56,21,4,92,125,54,71,48,32,100,12" hai1="17,116,74,67,38,36,118,75,88,6,87,46,89" hai2="130,114,22,81,58,33,109,127,82,76,110,135,65" hai3="59,134,28,73,34,121,107,47,83,91,102,99,63"/><W128/><G121/><T11/><D71/><U78/><E67/><V26/><F114/><W117/><G117/><N who="1" m="45162" /><E6/><V79/><F33/><W68/><G128/><T25/><D32/><U27/><E78/><V132/><F130/><W1/><G1/><T18/><D100/><U120/><E120/><V45/><F45/><W106/><G106/><T124/><AGARI ba="0,0" hai="4,11,12,18,21,25,48,54,56,92,93,124,125,126" machi="124" ten="30,2000,0" yaku="0,1,18,1" doraHai="64" who="0" fromWho="0" sc="398,20,196,-5,164,-5,242,-10" owari="418,51.8,191,-20.9,159,-34.1,232,3.2" /></mjloggm>