<mjloggm ver="2.3"><GO type="225" lobby="0"/><UN n0="%E3%81%82%E3%81%B9%E3%81%99%E3%81%91" n1="%E3%81%99%E3%81%84%E3%81%BE%E3%81%9B%E3%83%BC%E3%82%93" n2="%E6%B2%99%E5%8F%A3" n3="%E3%81%86%E3%82%8C%E3%81%9F%E3%82%93%E6%9E%95" dan="16,17,16,16" rate="2069.49,2235.32,2055.40,2100.83" sx="M,M,M,F"/><TAIKYOKU oya="0"/><INIT seed="0,0,0,2,0,8" ten="250,250,250,250" oya="0" hai0="32,33,26,54,86,96,87,130,80,60,89,29,52" hai1="7,93,90,37,56,121,81,46,53,111,45,31,75" hai2="126,114,58,124,106,125,41,102,104,94,129,88,3" hai3="51,10,132,116,76,57,69,11,100,19,27,109,134"/><T128/><D33/><U6/><E121/><V21/><F3/><W117/><G69/><T98/><D87/><U73/><E111/><V66/><F114/><W105/><G76/><T30/><D30/><U14/><E31/><V44/><F102/><W34/><G109/><T71/><D71/><U103/><E37/><N who="2" m="21551" /><F129/><N who="0" m="49770" /><D60/><U99/><E6/><V55/><F66/><W0/><G34/><T40/><D40/><U64/><E64/><V39/><F39/><W48/><G0/><T95/><D98/><U131/><E131/><V22/><F104/><W115/><G115/><T85/><D85/><N who="1" m="50479" /><E75/><V135/><F106/><W78/><G105/><T107/><D107/><U65/><E65/><V38/><F135/><W61/><G132/><T43/><D43/><U13/><E73/><V1/><F1/><W83/><G134/><T127/><D127/><U24/><E24/><V84/><F38/><W67/><G27/><T112/><D112/><U36/><E36/><V113/><F113/><W15/><G100/><AGARI ba="0,0" hai="26,29,32,52,54,80,86,89,95,96,100" m="49770" machi="100" ten="30,2900,0" yaku="19,1,54,1" doraHai="8" who="0" fromWho="3" sc="250,29,250,0,250,0,250,-29" /><INIT seed="0,1,0,2,2,23" ten="279,250,250,221" oya="0" hai0="82,18,116,19,61,64,15,56,90,125,103,78,124" hai1="67,25,131,118,117,27,49,26,88,22,135,109,84" hai2="28,60,70,104,13,85,73,3,32,11,97,55,40" hai3="79,133,92,87,98,62,46,63,105,101,75,65,106"/><T17/><D116/><U59/><E109/><V41/><F73/><W134/><G46/><T91/><D103/><U93/><E131/><V57/><F3/><W119/><G62/><T52/><D15/><U51/><E135/><N who="3" m="51722" /><G119/><T83/><D64/><U37/><E37/><V74/><F74/><W110/><G110/><T80/><REACH who="0" step="1"/><D78/><REACH who="0" ten="269,250,250,221" step="2"/><U48/><E118/><V127/><F13/><W36/><G36/><T132/><D132/><U1/><E1/><V114/><F114/><W39/><G39/><T42/><D42/><U20/><E117/><V72/><F41/><W54/><G65/><T47/><D47/><U86/><E67/><V43/><F40/><W45/><G45/><T68/><D68/><U10/><E59/><V31/><F43/><W9/><G79/><T129/><D129/><U29/><E10/><V121/><F70/><W96/><G9/><T115/><D115/><U12/><E12/><V95/><F11/><W8/><G8/><T2/><D2/><U128/><E128/><V34/><F57/><W102/><G54/><T71/><D71/><U123/><E123/><V126/><F55/><W7/><G102/><T0/><D0/><U107/><E107/><V38/><F121/><W4/><G106/><T130/><D130/><U94/><E20/><V99/><F38/><W21/><G21/><T120/><D120/><U14/><E14/><V76/><F104/><W24/><G105/><T66/><D66/><U112/><E112/><V69/><F69/><W44/><G101/><T50/><D50/><U100/><E100/><V81/><F76/><W108/><G44/><RYUUKYOKU ba="1,1" sc="269,15,250,15,250,-15,221,-15" hai0="17,18,19,52,56,61,80,82,83,90,91,124,125" hai1="22,25,26,27,29,48,49,51,84,86,88,93,94" /><INIT seed="0,2,1,5,2,37" ten="284,265,235,206" oya="0" hai0="132,40,19,45,99,67,9,64,17,112,109,4,96" hai1="110,25,126,79,73,82,53,120,0,105,119,101,30" hai2="134,91,128,106,122,18,60,47,130,118,111,16,5" hai3="14,22,62,33,94,81,66,70,127,77,44,52,8"/><T61/><D112/><U41/><E119/><V74/><F122/><W63/><G127/><T75/><D75/><U21/><E120/><V49/><F118/><W89/><G33/><T100/><D132/><U51/><E0/><V87/><F134/><W90/><G22/><T31/><D31/><U86/><E110/><V12/><F74/><W97/><G90/><T50/><D109/><U58/><E126/><V88/><F106/><W42/><G62/><T68/><D67/><U3/><E3/><V35/><F35/><W54/><G81/><T124/><D99/><U83/><E101/><V72/><F72/><W115/><G77/><T11/><D11/><U24/><E105/><V117/><F60/><W23/><G23/><T7/><D7/><U92/><E92/><V108/><F117/><W69/><G69/><T20/><D20/><U1/><E1/><V26/><F26/><W103/><G103/><T71/><D68/><U85/><E25/><V114/><F114/><W56/><G70/><T34/><D34/><U133/><E133/><V76/><F76/><W38/><REACH who="3" step="1"/><G115/><REACH who="3" ten="284,265,235,196" step="2"/><T32/><D124/><U121/><E121/><V13/><F108/><W125/><G125/><T98/><D32/><U131/><E83/><N who="2" m="49279" /><F91/><W15/><G15/><N who="2" m="5705" /><F111/><W107/><G107/><T116/><D116/><U6/><E79/><V84/><F84/><W123/><G123/><T28/><D100/><U36/><E86/><V113/><F113/><W129/><G129/><N who="2" m="49769" /><F5/><AGARI ba="2,2" hai="5,8,14,38,42,44,52,54,56,63,66,89,94,97" machi="5" ten="30,7700,0" yaku="1,1,7,1,52,1,54,1,53,0" doraHai="37" doraHaiUra="29" who="3" fromWho="2" sc="284,0,265,0,235,-83,196,103" /><INIT seed="1,0,0,4,2,110" ten="284,265,152,299" oya="1" hai0="106,87,10,60,21,134,129,116,126,95,123,41,121" hai1="71,57,13,6,125,8,49,2,135,122,103,37,108" hai2="114,61,128,133,52,124,24,46,33,50,11,47,89" hai3="105,76,9,109,66,84,0,1,75,119,32,22,16"/><U67/><E122/><N who="0" m="46601" /><D116/><U7/><E37/><V31/><F133/><W35/><G9/><T59/><D106/><U102/><E135/><V62/><F128/><W5/><G84/><T17/><D129/><U99/><E108/><V78/><F124/><W115/><G76/><T100/><D41/><U63/><E125/><V42/><F78/><W58/><G16/><T72/><D72/><U29/><E29/><V20/><F114/><W64/><G58/><T53/><D134/><U132/><E132/><V98/><F33/><W111/><G22/><T117/><D117/><U48/><E71/><V77/><F77/><W91/><G91/><T44/><D126/><U55/><E2/><V65/><F65/><W85/><G5/><T112/><D112/><U15/><E99/><V34/><F34/><W131/><G115/><T97/><D44/><N who="1" m="28039" /><E49/><V45/><F45/><W88/><G131/><T30/><D30/><U36/><E36/><V127/><F127/><W82/><G119/><T14/><D87/><U74/><E74/><V101/><F89/><W26/><G75/><T118/><D118/><U92/><E92/><V113/><F11/><AGARI ba="0,0" hai="10,11,14,17,21,53,59,60,95,97,100" m="46601" machi="11" ten="30,1000,0" yaku="13,1" doraHai="110" who="0" fromWho="2" sc="284,10,265,0,152,-10,299,0" /><AGARI ba="0,0" hai="6,7,8,11,13,15,57,63,67,102,103" m="28039" machi="11" ten="30,1500,0" yaku="8,1" doraHai="110" who="1" fromWho="2" sc="294,0,265,15,142,-15,299,0" /><INIT seed="1,1,0,1,0,110" ten="294,280,127,299" oya="1" hai0="122,81,133,120,16,38,106,44,101,91,71,108,118" hai1="127,129,21,19,18,22,96,24,47,134,33,102,114" hai2="92,51,75,14,7,26,52,29,107,28,68,11,80" hai3="9,20,48,59,2,73,36,116,34,63,97,84,57"/><U103/><E114/><V131/><F107/><W87/><G116/><T125/><D44/><U53/><E127/><V70/><F131/><W32/><G73/><T3/><D16/><U64/><E129/><V58/><F28/><W113/><G36/><T109/><D101/><U4/><E134/><V30/><F30/><W85/><G113/><T72/><D91/><U124/><E124/><V54/><F54/><W61/><G48/><T65/><D65/><U35/><E4/><V10/><F92/><W17/><G97/><T15/><D15/><U100/><E64/><V67/><F67/><W98/><G98/><T119/><D81/><U117/><E117/><V93/><F93/><W49/><G49/><T105/><D105/><U126/><E126/><V69/><F10/><W82/><G82/><T5/><D5/><U79/><E79/><V55/><F55/><W46/><G46/><T43/><D43/><U74/><E74/><V37/><F37/><W132/><G132/><T40/><D40/><U31/><E96/><V0/><F75/><W6/><G59/><T39/><D39/><U95/><E95/><V66/><F80/><W128/><G128/><T42/><D42/><U62/><E31/><V123/><F123/><W60/><REACH who="3" step="1"/><G57/><REACH who="3" ten="294,280,127,289" step="2"/><T86/><D119/><U41/><E41/><V115/><F115/><W12/><AGARI ba="1,1" hai="2,6,9,12,17,20,32,34,60,61,63,84,85,87" machi="12" ten="30,4000,0" yaku="1,1,2,1,0,1,53,0" doraHai="110" doraHaiUra="45" who="3" fromWho="3" sc="294,-11,280,-21,127,-11,289,53" /><INIT seed="2,0,0,5,5,3" ten="283,259,116,342" oya="2" hai0="77,85,92,63,22,46,75,18,83,102,73,30,98" hai1="123,78,89,45,57,120,24,110,52,74,20,48,130" hai2="116,91,127,28,68,115,129,36,87,72,79,16,47" hai3="12,21,112,44,71,94,104,50,38,109,108,125,131"/><V31/><F116/><W43/><G104/><T32/><D32/><U96/><E110/><V10/><F115/><W105/><G105/><T132/><D132/><U5/><E130/><V40/><F68/><W117/><G117/><T88/><D30/><U25/><E5/><V4/><F129/><W8/><G125/><T53/><D77/><U59/><E25/><V69/><F69/><W56/><G94/><T54/><D46/><U9/><E9/><V86/><F127/><W55/><G112/><T93/><D93/><N who="1" m="56367" /><E78/><V51/><F36/><W27/><G131/><T7/><D7/><U122/><E74/><V2/><F72/><W135/><G71/><T34/><D34/><U6/><E6/><V0/><F0/><W90/><G90/><T95/><D95/><U66/><E66/><V128/><F128/><W33/><G33/><T80/><D75/><U65/><E65/><V13/><F79/><W118/><G118/><T70/><D70/><U100/><E100/><V111/><F111/><N who="3" m="42571" /><G135/><T82/><D102/><U64/><E64/><V134/><F134/><W17/><G27/><T42/><D73/><U11/><E11/><AGARI ba="0,0" hai="8,11,12,17,21,38,43,44,50,55,56" m="42571" machi="11" ten="30,1000,0" yaku="14,1" doraHai="3" who="3" fromWho="1" sc="283,0,259,-10,116,0,342,10" /><INIT seed="3,0,0,3,1,28" ten="283,249,116,352" oya="3" hai0="41,39,10,45,70,91,61,9,84,95,82,58,86" hai1="40,125,68,55,36,112,62,93,96,73,113,49,27" hai2="1,2,44,71,38,47,76,132,128,43,53,63,5" hai3="77,110,69,66,42,65,52,92,14,0,102,133,37"/><W32/><G0/><T25/><D70/><U134/><E73/><V100/><F76/><W116/><G32/><T104/><D104/><U119/><E125/><V105/><F132/><W89/><G52/><T118/><D25/><U88/><E134/><V16/><F128/><W74/><G14/><T79/><REACH who="0" step="1"/><D118/><REACH who="0" ten="273,249,116,352" step="2"/><U33/><E119/><V123/><F123/><W64/><G116/><T15/><D15/><U130/><E130/><V21/><F5/><W48/><G69/><T107/><D107/><U59/><E27/><V12/><F105/><W109/><G133/><T19/><D19/><U24/><E24/><V129/><F129/><W50/><G110/><T54/><AGARI ba="0,1" hai="9,10,39,41,45,54,58,61,79,82,84,86,91,95" machi="54" ten="20,2700,0" yaku="1,1,0,1,7,1,53,0" doraHai="28" doraHaiUra="106" who="0" fromWho="0" sc="273,37,249,-7,116,-7,352,-13" owari="310,11.0,242,-15.8,109,-39.1,339,43.9" /></mjloggm>