<mjloggm ver="2.3"><GO type="225" lobby="0"/><UN n0="%E8%B1%86%59%E5%A4%AA%E9%83%8E" n1="%4C%4F%4C%49%54%41" n2="%E3%81%8B%E3%82%8F%E3%81%A1%E3%82%83%E3%82%93%35%38" n3="%E3%81%86%E3%83%BC%E3%81%B1%E3%83%BC" dan="16,16,17,17" rate="2026.71,2182.76,2191.38,2194.58" sx="M,F,M,F"/><TAIKYOKU oya="0"/><INIT seed="0,0,0,5,1,73" ten="250,250,250,250" oya="0" hai0="128,30,5,63,72,38,26,61,14,20,58,50,130" hai1="42,88,31,49,25,97,131,59,54,125,91,100,48" hai2="27,11,34,41,8,74,22,82,134,57,76,127,15" hai3="104,112,123,53,95,132,37,129,106,36,66,122,29"/><T93/><D38/><U83/><E125/><V103/><F127/><W121/><G112/><T40/><D72/><U18/><E131/><N who="0" m="50217" /><D93/><U3/><E3/><V92/><F134/><W17/><G129/><T44/><D58/><U0/><E0/><V24/><F41/><W120/><G132/><T96/><D96/><U116/><E116/><V77/><F57/><W81/><G66/><T108/><D108/><U69/><E69/><V75/><F92/><W51/><G95/><T90/><D90/><U99/><E18/><V107/><F103/><W79/><G17/><N who="0" m="10295" /><D5/><U4/><E4/><V113/><F82/><W67/><G67/><T6/><D6/><U114/><E114/><V115/><F107/><N who="3" m="41003" /><G29/><T119/><D119/><U23/><E83/><V39/><F39/><W56/><N who="3" m="30720" /><DORA hai="124" /><W65/><G65/><T71/><D71/><U52/><E99/><V101/><F101/><W19/><G19/><T126/><D126/><U64/><E64/><V109/><F115/><W133/><G133/><T46/><D46/><N who="1" m="25687" /><E97/><V118/><F113/><W60/><G60/><T32/><AGARI ba="0,0" hai="26,30,32,40,44,50,61,63" m="10295,50217" machi="32" ten="30,11700,0" yaku="19,1,52,3" doraHai="73,124" who="0" fromWho="0" sc="250,117,250,-39,250,-39,250,-39" /><INIT seed="0,1,0,3,2,12" ten="367,211,211,211" oya="0" hai0="72,122,88,101,41,74,8,120,82,16,14,129,135" hai1="3,125,124,20,89,19,96,75,13,71,46,5,35" hai2="11,102,33,59,63,24,87,36,105,70,2,133,40" hai3="106,17,52,22,48,134,21,60,119,103,94,67,123"/><T113/><D113/><U93/><E75/><V104/><F59/><N who="3" m="37279" /><G106/><T54/><D41/><U27/><E71/><V49/><F49/><W50/><G119/><T42/><D42/><U78/><E78/><V43/><F87/><W31/><G134/><T80/><D101/><U100/><E46/><N who="2" m="23815" /><F43/><W90/><G103/><T15/><D54/><U7/><E89/><V91/><F91/><W39/><G123/><T130/><D135/><U9/><REACH who="1" step="1"/><E7/><REACH who="1" ten="367,201,211,211" step="2"/><N who="2" m="1527" /><F133/><W84/><G39/><T107/><D88/><U10/><E10/><V68/><F68/><W65/><G90/><T44/><D44/><U0/><E0/><V56/><F102/><W4/><G84/><T126/><D8/><U92/><E92/><V26/><F70/><W47/><G94/><T128/><D107/><U121/><E121/><V112/><F112/><W85/><G85/><T114/><D130/><U28/><AGARI ba="1,1" hai="3,5,9,13,19,20,27,28,35,93,96,100,124,125" machi="28" ten="30,12000,2" yaku="1,1,0,1,24,2,52,1,53,1" doraHai="12" doraHaiUra="18" who="1" fromWho="1" sc="367,-61,201,133,211,-31,211,-31" /><INIT seed="1,0,0,1,4,135" ten="306,334,180,180" oya="1" hai0="94,116,34,122,48,96,131,43,83,111,69,72,54" hai1="9,42,98,123,117,20,73,59,13,87,86,57,112" hai2="70,62,3,2,61,55,99,102,127,67,33,60,115" hai3="118,8,1,40,92,64,45,126,16,32,5,124,79"/><U80/><E112/><V31/><F115/><W82/><G32/><T58/><D34/><U7/><E117/><V15/><F15/><W39/><G118/><T113/><D69/><U109/><E123/><V24/><F127/><N who="3" m="48683" /><G64/><T103/><D113/><U63/><E109/><V18/><F18/><W44/><G92/><T128/><D131/><U66/><E42/><V104/><REACH who="2" step="1"/><F55/><REACH who="2" ten="306,334,170,180" step="2"/><W29/><G16/><T110/><D122/><U53/><E13/><V132/><F132/><W52/><G29/><T68/><D116/><U129/><E53/><V91/><F91/><W17/><G17/><T121/><D128/><U77/><E129/><V134/><F134/><W81/><G79/><T105/><D121/><U6/><E77/><V133/><F133/><W75/><G75/><T78/><D72/><U56/><E73/><V130/><F130/><W93/><G93/><T97/><D94/><U0/><E6/><V120/><F120/><W47/><G52/><T10/><D54/><U38/><E7/><V11/><F11/><W12/><G12/><T76/><D10/><U100/><E9/><V51/><F51/><W46/><AGARI ba="0,1" hai="1,5,8,39,40,44,45,46,47,81,82" m="48683" machi="46" ten="40,8000,1" yaku="18,1,52,3" doraHai="135" who="3" fromWho="3" sc="306,-20,334,-40,170,-20,180,90" /><INIT seed="2,0,0,1,4,125" ten="286,294,150,270" oya="2" hai0="61,1,12,91,102,73,50,119,65,62,36,107,37" hai1="7,43,2,129,132,135,126,78,10,89,108,127,88" hai2="103,32,51,25,97,120,82,86,71,98,84,68,110" hai3="13,124,38,116,17,111,26,6,28,45,123,121,134"/><V5/><F120/><N who="3" m="46155" /><G45/><T27/><D1/><U75/><E108/><V109/><F5/><W59/><G59/><T81/><D61/><U0/><E129/><V128/><F51/><W112/><G38/><T67/><D67/><U33/><E33/><V3/><F3/><W133/><G116/><T117/><D12/><U87/><E43/><V131/><F32/><N who="3" m="20503" /><G111/><N who="2" m="42505" /><F25/><W52/><G52/><T101/><D27/><U113/><E113/><V39/><F39/><N who="0" m="14922" /><D50/><U69/><E0/><V106/><F98/><W42/><G42/><T114/><D107/><U9/><E9/><V105/><F105/><W96/><G96/><T79/><D114/><U18/><E69/><N who="2" m="26699" /><F86/><W24/><G112/><T118/><D91/><AGARI ba="0,0" hai="82,84,91,97,103,106,128,131" m="26699,42505" machi="91" ten="30,11600,0" yaku="14,1,10,1,52,2" doraHai="125" who="2" fromWho="0" sc="286,-116,294,0,150,116,270,0" /><INIT seed="2,1,0,0,3,41" ten="170,294,266,270" oya="2" hai0="58,119,64,26,71,118,63,48,128,50,0,121,111" hai1="123,61,100,117,31,67,44,87,90,69,131,3,134" hai2="66,126,32,29,19,57,37,107,114,84,102,75,24" hai3="130,110,27,76,6,85,105,95,28,33,53,99,51"/><V45/><F114/><W92/><G110/><T81/><D0/><U113/><E113/><V39/><F75/><W1/><G130/><T89/><D26/><U73/><E117/><N who="0" m="44553" /><D89/><U108/><E73/><V101/><F126/><W34/><G34/><T62/><D81/><U60/><E3/><V65/><F84/><W9/><G105/><T7/><D7/><U10/><E108/><V70/><F57/><W59/><REACH who="3" step="1"/><G99/><REACH who="3" ten="170,294,266,260" step="2"/><T120/><D111/><U91/><E131/><V112/><F112/><W106/><G106/><T54/><D128/><U14/><E123/><AGARI ba="1,1" hai="48,50,54,58,62,63,64,71,120,121,123" m="44553" machi="123" ten="30,3900,0" yaku="12,1,34,2" doraHai="41" who="0" fromWho="1" sc="170,52,294,-42,266,0,260,0" /><INIT seed="3,0,0,5,3,2" ten="222,252,266,260" oya="3" hai0="105,17,87,108,71,20,94,65,51,52,61,22,55" hai1="102,101,76,26,106,50,24,92,118,48,9,13,115" hai2="21,86,97,95,90,69,75,40,85,49,6,36,96" hai3="110,80,78,45,67,135,25,3,10,54,37,73,58"/><W68/><G135/><T8/><D105/><U116/><E115/><V91/><F69/><W33/><G110/><T82/><D94/><U19/><E106/><V1/><F75/><W113/><G113/><T46/><D108/><U109/><E76/><V117/><F36/><W129/><G129/><T39/><D39/><U123/><E123/><V120/><F117/><N who="1" m="45161" /><E109/><V111/><F111/><W15/><G3/><T89/><D55/><U79/><E79/><V66/><F66/><W84/><G73/><T81/><D81/><U56/><E56/><V43/><F120/><W127/><G127/><T11/><REACH who="0" step="1"/><D22/><REACH who="0" ten="212,252,266,260" step="2"/><U134/><E134/><V100/><F21/><W104/><G104/><T93/><D93/><U77/><E92/><V12/><F95/><W23/><G37/><T53/><D53/><U28/><E101/><V130/><F100/><W41/><G54/><T98/><D98/><U72/><E102/><V122/><F122/><W107/><G107/><T4/><D4/><U124/><E124/><V30/><F97/><W38/><G23/><T31/><D31/><U99/><E99/><V34/><F96/><W131/><G131/><T32/><D32/><U7/><E28/><V44/><F130/><W114/><G114/><T18/><D18/><U16/><E19/><V112/><F112/><W70/><G33/><T133/><D133/><U64/><E16/><V121/><F121/><W74/><G74/><T59/><D59/><U63/><E72/><V128/><F128/><W57/><G57/><T126/><D126/><U27/><E77/><V35/><F35/><W132/><G132/><RYUUKYOKU ba="0,1" sc="212,15,252,15,266,-15,260,-15" hai0="8,11,17,20,46,51,52,61,65,71,82,87,89" hai1="7,9,13,24,26,27,48,50,63,64" /><INIT seed="4,1,1,1,2,57" ten="227,267,251,245" oya="0" hai0="19,35,48,3,14,52,0,121,27,131,62,95,6" hai1="123,65,12,107,122,16,128,44,17,98,45,112,77" hai2="10,51,134,15,24,89,61,132,23,22,42,68,54" hai3="60,86,97,4,64,7,25,127,46,111,85,84,125"/><T75/><D75/><U43/><E112/><V106/><F106/><W114/><G111/><T40/><D121/><U53/><E128/><V135/><F42/><W124/><G114/><T47/><D131/><U18/><E65/><N who="2" m="41007" /><F89/><W108/><G108/><T66/><D95/><U102/><E77/><V120/><F24/><W58/><G97/><T13/><D13/><U101/><E101/><V110/><F110/><W71/><G71/><T104/><D104/><U117/><E117/><V36/><F36/><W94/><G94/><T9/><D40/><U39/><REACH who="1" step="1"/><E12/><REACH who="1" ten="227,257,251,245" step="2"/><V74/><F120/><W78/><G78/><T1/><D6/><U119/><E119/><V96/><F134/><W8/><G4/><T116/><D116/><U38/><E38/><V70/><F135/><W109/><G109/><T41/><D41/><U79/><E79/><V20/><F132/><W33/><G7/><T91/><D91/><U5/><E5/><V87/><F15/><W80/><G8/><T99/><D99/><U73/><E73/><V26/><F10/><W67/><G67/><T37/><D37/><U29/><E29/><N who="2" m="17607" /><F74/><W72/><G72/><T88/><D88/><U32/><E32/><V133/><F133/><W30/><G80/><T93/><D93/><U31/><E31/><V59/><F96/><W55/><G64/><T28/><D0/><U113/><E113/><V11/><F11/><W115/><G115/><T56/><AGARI ba="1,2" hai="1,3,9,14,19,27,28,35,47,48,52,56,62,66" machi="56" ten="20,7800,0" yaku="0,1,7,1,52,1,54,1" doraHai="57" who="0" fromWho="0" sc="227,101,257,-27,251,-27,245,-27" owari="328,42.8,230,3.0,224,-17.6,218,-28.2" /></mjloggm>