<mjloggm ver="2.3"><GO type="225" lobby="0"/><UN n0="%6D%75%75%6D%75%72%61" n1="%E5%84%AA%40%41%42%43" n2="%E8%A8%88%E7%AE%97%E6%A9%9F%E8%87%AA%E7%84%B6" n3="%67%61%79%75%6E%79" dan="16,17,17,16" rate="2160.60,2239.43,2248.68,2168.91" sx="F,M,M,M"/><TAIKYOKU oya="0"/><INIT seed="0,0,0,1,1,83" ten="250,250,250,250" oya="0" hai0="95,112,66,39,127,27,96,24,74,11,62,103,68" hai1="60,117,81,57,20,93,92,52,65,105,124,15,43" hai2="44,119,118,17,49,64,21,76,109,53,42,75,104" hai3="0,32,115,25,84,111,38,72,134,106,26,100,61"/><T125/><D112/><U94/><E117/><N who="2" m="44555" /><F104/><W40/><G72/><T1/><D74/><U87/><E124/><N who="0" m="47689" /><D39/><U77/><E105/><V89/><F109/><W86/><G0/><T51/><D51/><U131/><E131/><V85/><F64/><W97/><G115/><T132/><D132/><U50/><E43/><V69/><F69/><W34/><G134/><T99/><D99/><U91/><E15/><N who="2" m="9407" /><F75/><W133/><G133/><T14/><D1/><U12/><E12/><V13/><F13/><W22/><G111/><T10/><D10/><U120/><E20/><V36/><F76/><W82/><G26/><T79/><D79/><U30/><E30/><V70/><F70/><W128/><G25/><T3/><D3/><U98/><REACH who="1" step="1"/><E120/><REACH who="1" ten="250,240,250,250" step="2"/><V116/><F116/><W59/><G128/><T107/><D107/><U29/><E29/><V9/><F9/><W58/><G106/><T5/><AGARI ba="0,1" hai="5,11,14,24,27,62,66,68,95,96,103" m="47689" machi="5" ten="30,1500,0" yaku="18,1" doraHai="83" who="0" fromWho="0" sc="250,25,240,-5,250,-5,250,-5" /><INIT seed="0,1,0,0,3,40" ten="275,235,245,245" oya="0" hai0="21,50,22,49,72,12,96,132,121,95,120,64,15" hai1="103,109,110,125,79,77,39,98,62,128,76,119,91" hai2="65,18,4,100,111,13,35,67,20,6,70,5,88" hai3="85,61,114,60,36,101,43,3,129,38,94,71,90"/><T68/><D72/><U30/><E39/><V53/><F35/><W41/><G3/><T59/><D68/><U2/><E2/><V97/><F111/><N who="1" m="42505" /><E30/><V26/><F70/><W23/><G114/><T135/><D95/><N who="1" m="58847" /><E62/><V0/><F0/><W44/><G129/><T93/><D93/><U80/><E119/><V14/><F53/><W46/><G71/><T66/><REACH who="0" step="1"/><D59/><REACH who="0" ten="265,235,245,245" step="2"/><U45/><E128/><V58/><F58/><W9/><G101/><T99/><AGARI ba="1,1" hai="12,15,21,22,49,50,64,66,96,99,120,121,132,135" machi="99" ten="25,18000,2" yaku="1,1,2,1,0,1,22,2,53,2" doraHai="40" doraHaiUra="118" who="0" fromWho="0" sc="265,193,235,-61,245,-61,245,-61" /><INIT seed="0,2,0,1,2,23" ten="458,174,184,184" oya="0" hai0="90,133,113,132,15,125,57,118,77,3,55,25,82" hai1="47,60,114,102,96,28,76,129,9,29,17,30,7" hai2="73,83,2,20,41,54,121,111,119,31,63,134,98" hai3="131,115,62,75,128,32,12,49,117,14,71,69,135"/><T10/><D113/><U21/><E129/><N who="3" m="49738" /><G117/><T86/><D118/><U27/><E114/><V48/><F119/><W18/><G75/><T4/><D125/><U35/><E76/><V13/><F2/><W68/><G115/><T100/><D100/><U51/><E60/><V59/><F121/><W107/><G107/><T45/><D45/><U8/><E35/><V74/><F111/><W112/><G112/><T78/><D3/><U130/><E130/><V38/><F38/><W67/><G32/><T101/><D101/><U92/><REACH who="1" step="1"/><E7/><REACH who="1" ten="458,164,184,184" step="2"/><V0/><F63/><W99/><G62/><T16/><D78/><U44/><E44/><V34/><F34/><W126/><G126/><T43/><D77/><U53/><AGARI ba="2,1" hai="8,9,17,21,27,28,29,30,47,51,53,92,96,102" machi="53" ten="30,7900,0" yaku="1,1,0,1,8,1,52,1,53,0" doraHai="23" doraHaiUra="1" who="1" fromWho="1" sc="458,-41,164,95,184,-22,184,-22" /><INIT seed="1,0,0,2,1,130" ten="417,259,162,162" oya="1" hai0="96,59,120,94,114,129,27,104,119,7,60,32,38" hai1="65,133,71,37,103,116,29,92,127,4,73,89,25" hai2="54,69,126,106,95,93,26,80,63,6,77,111,5" hai3="17,51,128,46,90,2,1,84,35,24,9,101,72"/><U81/><E116/><V124/><F106/><W47/><G128/><T14/><D119/><U8/><E37/><V87/><F111/><W57/><G72/><T105/><D129/><U16/><E127/><N who="2" m="48683" /><F26/><W49/><G101/><T109/><D38/><U41/><E41/><V28/><F28/><W22/><G57/><T79/><D109/><U66/><E71/><V98/><F93/><W45/><G35/><T21/><D114/><U102/><E103/><N who="2" m="60895" /><F54/><W125/><G125/><T76/><D32/><U97/><E133/><V113/><F113/><W74/><G74/><T44/><D27/><U40/><E40/><V68/><F68/><W33/><G33/><T50/><D94/><U39/><E39/><V85/><F87/><W117/><G117/><T3/><D105/><U18/><E65/><AGARI ba="0,0" hai="5,6,63,65,69,77,80,85" m="60895,48683" machi="65" ten="30,1000,0" yaku="18,1" doraHai="130" who="2" fromWho="1" sc="417,0,259,-10,162,10,162,0" /><INIT seed="2,0,0,4,3,96" ten="417,249,172,162" oya="2" hai0="79,52,50,35,132,97,25,16,23,118,126,104,27" hai1="68,124,109,121,38,116,15,47,14,94,103,73,113" hai2="17,53,114,41,64,7,133,87,57,120,77,115,22" hai3="80,9,95,119,81,55,61,84,122,82,89,40,51"/><V98/><F120/><W110/><G119/><T129/><D118/><U128/><RYUUKYOKU type="yao9" ba="0,0" sc="417,0,249,0,172,0,162,0" hai1="14,15,38,47,68,73,94,103,109,113,116,121,124,128" /><INIT seed="2,1,0,5,1,41" ten="417,249,172,162" oya="2" hai0="37,78,12,94,67,42,47,124,89,14,10,65,44" hai1="36,110,118,129,15,9,3,7,83,28,115,27,18" hai2="76,85,120,73,55,125,48,62,116,4,88,91,64" hai3="126,69,11,86,97,127,38,131,75,79,105,103,22"/><V61/><F120/><W71/><G131/><T113/><D113/><U63/><E36/><V26/><F116/><W56/><G75/><T23/><D124/><N who="3" m="47657" /><G38/><T92/><D78/><U107/><E107/><V95/><F125/><W5/><G22/><T82/><D82/><U35/><E110/><V30/><F4/><W58/><G86/><T40/><D23/><N who="1" m="11743" /><E129/><V80/><F91/><W8/><G8/><T25/><D25/><U68/><E83/><V112/><F64/><N who="0" m="24650" /><D37/><U52/><E68/><N who="3" m="26186" /><G79/><T134/><D134/><U66/><E66/><V104/><F112/><W17/><G17/><N who="0" m="8343" /><D14/><AGARI ba="1,0" hai="5,11,14,56,58,97,103,105" m="26186,47657" machi="14" ten="30,1000,0" yaku="18,1" doraHai="41" who="3" fromWho="0" sc="417,-13,249,0,172,0,162,13" /><INIT seed="3,0,0,1,0,53" ten="404,249,172,175" oya="3" hai0="40,87,25,99,24,32,75,0,133,74,124,72,101" hai1="55,103,27,69,10,120,15,51,76,71,26,115,113" hai2="17,63,22,89,110,94,33,134,95,81,88,105,93" hai3="4,86,82,131,121,106,98,7,135,30,128,14,132"/><W114/><G121/><T125/><D0/><U9/><E103/><V6/><F105/><W42/><G114/><T35/><D133/><N who="3" m="51273" /><G42/><T45/><D87/><U123/><E55/><V102/><F33/><W56/><G30/><T129/><D129/><N who="3" m="49737" /><G14/><T111/><D24/><U39/><E15/><N who="2" m="9535" /><F134/><W1/><G1/><T96/><D25/><U97/><E51/><V20/><F110/><W104/><G56/><T126/><D111/><U92/><E39/><V43/><F43/><W34/><G34/><N who="0" m="12843" /><D101/><U77/><E92/><N who="2" m="35435" /><F6/><N who="3" m="2091" /><G98/><AGARI ba="0,0" hai="9,10,26,27,69,71,76,77,97,98,113,115,120,123" machi="98" ten="25,1600,0" yaku="22,2" doraHai="53" who="1" fromWho="3" sc="404,0,249,16,172,0,175,-16" owari="404,50.4,265,6.5,172,-22.8,159,-34.1" /></mjloggm>