<mjloggm ver="2.3"><GO type="225" lobby="0"/><UN n0="%E4%B8%8B%E6%AE%B5%E3%83%81%E3%82%A7%E3%83%AA%E3%83%BC" n1="%E6%A0%B9%E5%85%83%E3%81%8B%E3%82%89%E5%90%B9%E3%81%A3%E9%A3%9B%E3%81%B6" n2="%E8%80%81%E6%A5%BD" n3="%E3%81%BF%E3%81%BF%E3%81%9A" dan="16,17,16,17" rate="2123.81,2200.54,2092.43,2196.92" sx="M,F,M,M"/><TAIKYOKU oya="0"/><INIT seed="0,0,0,3,2,54" ten="250,250,250,250" oya="0" hai0="101,88,59,94,19,28,32,40,83,126,70,103,39" hai1="20,31,109,47,64,135,33,72,16,87,131,24,49" hai2="115,89,18,105,37,75,53,51,92,120,8,106,26" hai3="104,14,108,65,121,15,133,2,93,102,95,79,38"/><T35/><D70/><U77/><E109/><V74/><F115/><W119/><G2/><T43/><D126/><U107/><E107/><V96/><F37/><W12/><G38/><T132/><D132/><U61/><E135/><V98/><F120/><W29/><G133/><T71/><D71/><U60/><E72/><V78/><F78/><W123/><G119/><T118/><D118/><U129/><E77/><V9/><F26/><W27/><G79/><T22/><D83/><U7/><E7/><V100/><F106/><W63/><G108/><T134/><D134/><U17/><E87/><V58/><REACH who="2" step="1"/><F18/><REACH who="2" ten="250,250,240,250" step="2"/><W62/><G104/><T30/><D39/><U130/><E17/><V25/><F25/><W82/><G27/><N who="0" m="14815" /><D32/><U11/><E33/><V50/><F50/><W68/><G29/><N who="0" m="11371" /><D35/><U125/><E31/><V21/><F21/><W67/><G121/><T84/><D40/><U97/><E130/><V117/><F117/><W91/><G123/><T42/><D42/><U34/><E131/><V1/><F1/><W3/><G3/><T46/><D43/><U5/><E129/><V85/><F85/><N who="3" m="50615" /><G12/><T57/><D46/><U41/><E34/><V69/><F69/><N who="3" m="42167" /><G14/><T90/><D90/><U122/><E122/><V111/><F111/><W80/><G15/><T4/><D4/><U45/><E5/><V13/><F13/><W36/><G36/><T73/><D73/><AGARI ba="0,1" hai="8,9,51,53,58,73,74,75,89,92,96,98,100,105" machi="73" ten="40,5200,0" yaku="1,1,52,1,53,1" doraHai="54" doraHaiUra="55" who="2" fromWho="0" sc="250,-52,250,0,240,62,250,0" /><INIT seed="1,0,0,1,1,112" ten="198,250,302,250" oya="1" hai0="46,6,29,19,122,21,22,107,124,77,54,99,40" hai1="63,49,75,23,38,51,117,95,65,129,41,113,52" hai2="72,97,87,45,89,70,43,8,111,127,30,103,76" hai3="55,37,78,60,93,85,104,130,84,90,135,1,121"/><U13/><E113/><V114/><F114/><W123/><G37/><T5/><D122/><U28/><E75/><V15/><F70/><W133/><G1/><T25/><D124/><U9/><E129/><V35/><F111/><W98/><G60/><T86/><D107/><U57/><E117/><V12/><F127/><W7/><G7/><T110/><D110/><U134/><E134/><N who="3" m="51210" /><G55/><T82/><D54/><U132/><E132/><V79/><F30/><W27/><G27/><T83/><D99/><U31/><E23/><V62/><F35/><W3/><G3/><T92/><D92/><U59/><E38/><V88/><F62/><W120/><G130/><T102/><D102/><U105/><E105/><V10/><F72/><W16/><G16/><T33/><D83/><U44/><E95/><N who="2" m="58815" /><F45/><W26/><G26/><T0/><D33/><U94/><E94/><N who="2" m="54559" /><F89/><W125/><G125/><T47/><D0/><U101/><REACH who="1" step="1"/><E101/><REACH who="1" ten="198,240,302,250" step="2"/><V108/><F108/><W11/><G104/><T64/><D40/><U131/><E131/><V2/><F43/><W61/><G11/><T118/><D118/><U34/><E34/><V74/><F8/><W18/><G98/><T106/><D106/><U4/><AGARI ba="0,1" hai="4,9,13,28,31,41,44,49,51,52,57,59,63,65" machi="4" ten="20,18000,2" yaku="1,1,0,1,7,1,8,1,54,1,53,1" doraHai="112" doraHaiUra="58" who="1" fromWho="1" sc="198,-60,240,190,302,-60,250,-60" /><INIT seed="1,1,0,2,3,109" ten="138,430,242,190" oya="1" hai0="86,16,87,132,108,30,26,75,127,107,77,89,100" hai1="3,34,84,23,33,134,67,51,46,64,62,29,117" hai2="106,128,96,74,135,43,38,66,115,56,118,82,105" hai3="98,18,78,90,7,65,63,41,21,28,95,14,31"/><U39/><E117/><V52/><F118/><W6/><G41/><T122/><D108/><U85/><E3/><V99/><F66/><W68/><G78/><T76/><D122/><U71/><E134/><V61/><F135/><W36/><G36/><T102/><D132/><U19/><E39/><V80/><F128/><W53/><G53/><T97/><D127/><U9/><E9/><V12/><F12/><W40/><G40/><T113/><D113/><U59/><E64/><V44/><F115/><W79/><G79/><T125/><D125/><U50/><E50/><V119/><F119/><W15/><G15/><T60/><D100/><U73/><E73/><V48/><F38/><W92/><REACH who="3" step="1"/><G95/><REACH who="3" ten="138,430,242,180" step="2"/><T111/><D111/><U129/><E129/><V116/><F116/><W20/><G20/><T11/><D75/><U130/><E23/><V47/><F74/><W32/><G32/><T13/><D60/><U1/><E33/><V94/><F94/><W123/><G123/><T58/><D58/><U8/><E59/><V91/><F44/><W120/><G120/><T22/><REACH who="0" step="1"/><D86/><REACH who="0" ten="128,430,242,180" step="2"/><U25/><E85/><V72/><F72/><W35/><G35/><T110/><D110/><U69/><E84/><V17/><F47/><W121/><G121/><T126/><D126/><U81/><E46/><V49/><F106/><W93/><BYE who="2" /><G93/><AGARI ba="1,2" hai="11,13,16,22,26,30,76,77,87,89,93,97,102,107" machi="93" ten="30,3900,0" yaku="1,1,7,1,54,1,53,0" doraHai="109" doraHaiUra="70" who="0" fromWho="3" sc="128,62,430,0,242,0,180,-42" /><INIT seed="2,0,0,2,1,74" ten="190,430,242,138" oya="2" hai0="43,110,31,24,114,106,135,93,32,44,42,22,115" hai1="38,17,126,132,30,5,92,23,118,51,45,99,46" hai2="104,16,7,100,65,91,101,62,70,3,86,12,85" hai3="57,14,34,50,102,119,20,87,6,90,133,73,71"/><V53/><F53/><W94/><G119/><T61/><D106/><U10/><E118/><V28/><F28/><W1/><G71/><UN n2="%E8%80%81%E6%A5%BD" /><T9/><D135/><U107/><E126/><V56/><F70/><W82/><G34/><T2/><D110/><U11/><E107/><V25/><F25/><W130/><G133/><T83/><D43/><U35/><E38/><V125/><F125/><W98/><G130/><T19/><D93/><U0/><E11/><V105/><F7/><W111/><G111/><T109/><D61/><U108/><E132/><V112/><F3/><W68/><G68/><T97/><D97/><U60/><E60/><V116/><F112/><W120/><G120/><T95/><D95/><U78/><E78/><V113/><F105/><W33/><G33/><T117/><D117/><U84/><E35/><V131/><F113/><W66/><G1/><T76/><D109/><U96/><E0/><V64/><F116/><W129/><G73/><N who="0" m="43407" /><D19/><U122/><E17/><V81/><F104/><W37/><G37/><N who="0" m="21583" /><D22/><U79/><E30/><V75/><F75/><W63/><G129/><T134/><D134/><U36/><E5/><AGARI ba="0,0" hai="2,5,9,24,31,32,114,115" m="21583,43407" machi="5" ten="30,3900,0" yaku="25,1,23,1,52,1" doraHai="74" who="0" fromWho="1" sc="190,39,430,-39,242,0,138,0" /><INIT seed="3,0,0,0,5,34" ten="229,391,242,138" oya="3" hai0="96,123,42,54,13,87,27,33,39,110,15,120,56" hai1="134,100,65,26,61,22,122,3,60,55,128,25,103" hai2="66,126,108,82,121,48,43,118,88,11,119,95,132" hai3="90,113,84,78,111,53,76,44,41,40,133,64,31"/><W5/><G113/><T59/><D110/><U94/><E122/><V71/><F108/><W7/><G111/><T79/><D96/><U116/><E3/><V21/><F121/><W28/><G64/><T16/><D15/><U32/><E128/><V49/><F126/><W114/><G114/><T29/><D56/><U19/><E134/><V81/><F132/><W115/><G133/><T74/><D74/><U72/><E72/><V97/><F21/><W105/><G105/><T104/><D104/><U47/><E94/><V93/><F66/><W14/><G115/><T57/><D57/><U75/><E75/><V18/><F71/><W1/><G53/><T125/><D125/><U37/><E37/><V35/><F35/><W20/><G1/><T129/><D129/><U80/><E80/><N who="2" m="30827" /><F43/><N who="3" m="16459" /><G44/><T58/><D58/><U112/><E47/><V89/><F119/><W85/><G14/><T23/><D79/><N who="3" m="30249" /><G20/><T109/><D109/><U131/><E26/><V52/><F52/><W92/><G85/><T77/><D87/><U63/><E112/><V86/><F118/><W0/><G0/><T50/><REACH who="0" step="1"/><D77/><REACH who="0" ten="219,391,242,138" step="2"/><U130/><E131/><V127/><F127/><W17/><G17/><T30/><D30/><AGARI ba="0,1" hai="5,7,28,30,31,84,90,92" m="30249,16459" machi="30" ten="30,1500,0" yaku="8,1" doraHai="34" who="3" fromWho="0" sc="219,-15,391,0,242,0,138,25" /><INIT seed="3,1,0,2,3,32" ten="204,391,242,163" oya="3" hai0="19,101,46,51,38,83,57,87,77,130,50,40,2" hai1="115,124,59,100,94,122,60,65,120,93,108,134,14" hai2="95,7,132,25,20,84,114,49,9,33,28,68,15" hai3="74,36,88,90,4,23,123,111,128,39,43,34,125"/><W22/><G123/><T41/><D130/><U3/><E3/><N who="2" m="255" /><F68/><W113/><G113/><T91/><D2/><U75/><E108/><V52/><F114/><W109/><G34/><T8/><D101/><U131/><E124/><V81/><F95/><W10/><G74/><T76/><D38/><N who="3" m="14377" /><G43/><T13/><D41/><U47/><E134/><V29/><F29/><W86/><G125/><T6/><D19/><U1/><E47/><V118/><F118/><W17/><G17/><T80/><D80/><U42/><E60/><V56/><F84/><W110/><G128/><T30/><D30/><U5/><E65/><V104/><F104/><W70/><G70/><T105/><D105/><U92/><E14/><V62/><F81/><N who="3" m="49231" /><G90/><T126/><D126/><U119/><E75/><V27/><F27/><W133/><G133/><T97/><D97/><U79/><E42/><V64/><F132/><W31/><G31/><T61/><D51/><U78/><E122/><V99/><F49/><W24/><G24/><T116/><D116/><U44/><E131/><V16/><F99/><W71/><G71/><T127/><D127/><U55/><E79/><V107/><F107/><W37/><N who="3" m="14385" /><W35/><DORA hai="96" /><G35/><T53/><AGARI ba="1,0" hai="6,8,13,40,46,50,53,57,61,76,77,83,87,91" machi="53" ten="20,2700,0" yaku="0,1,7,1,8,1" doraHai="32,96" who="0" fromWho="0" sc="204,30,391,-8,242,-8,163,-14" owari="234,3.4,383,48.3,234,-16.6,149,-35.1" /></mjloggm>