<mjloggm ver="2.3"><GO type="225" lobby="0"/><UN n0="%77%72%77%72%77%72%77%72" n1="%37%2F%32%E3%81%AB%E7%94%9F%E3%81%BE%E3%82%8C%E3%81%A6" n2="%E3%83%B4%E3%83%A0%EF%BC%99%E3%81%A6" n3="%E3%81%B7%E3%82%8A%E3%82%93%E8%81%96%E4%BA%BA" dan="16,17,17,16" rate="2112.79,2216.76,2235.87,2077.12" sx="M,M,M,M"/><TAIKYOKU oya="0"/><INIT seed="0,0,0,0,2,21" ten="250,250,250,250" oya="0" hai0="105,120,79,128,90,117,15,62,99,38,125,131,102" hai1="25,17,69,63,100,112,22,66,114,57,50,107,1" hai2="65,78,88,42,9,123,59,119,101,8,89,61,19" hai3="58,81,16,43,113,10,130,118,45,37,64,94,11"/><T126/><D38/><U124/><E1/><V80/><F123/><W5/><G113/><N who="1" m="43626" /><E124/><N who="0" m="47721" /><D120/><U91/><E91/><V28/><F119/><W39/><G39/><T6/><D117/><U108/><E108/><V115/><F115/><W74/><G118/><T24/><D62/><U127/><E127/><V35/><F101/><W83/><G83/><T41/><D41/><U133/><E133/><V110/><F110/><W82/><G82/><T109/><D109/><U122/><E122/><V60/><F42/><W36/><G36/><T56/><D56/><U86/><E86/><V7/><F19/><W23/><G11/><N who="0" m="4599" /><D79/><U49/><E69/><V92/><F61/><W14/><G58/><T18/><D90/><U48/><E48/><V13/><F8/><W72/><G64/><T67/><D67/><U55/><E66/><V31/><F89/><W73/><G130/><N who="0" m="49707" /><D18/><U29/><E17/><V27/><F78/><N who="3" m="44231" /><G94/><T104/><D104/><U53/><E55/><V44/><F80/><W106/><G106/><T103/><D103/><U30/><E100/><V47/><REACH who="2" step="1"/><F31/><REACH who="2" ten="250,250,240,250" step="2"/><W54/><G73/><T0/><D0/><U32/><E107/><V2/><F2/><N who="3" m="311" /><G74/><T76/><D76/><U97/><E30/><V70/><F70/><W12/><G54/><T93/><D105/><U26/><E53/><V4/><F4/><W20/><G20/><T77/><D77/><U52/><E22/><V75/><F75/><W95/><G95/><T40/><D40/><U116/><E116/><V34/><F34/><W111/><G111/><T96/><D96/><AGARI ba="0,1" hai="7,9,13,27,28,35,44,47,59,60,65,88,92,96" machi="96" ten="30,7700,0" yaku="1,1,7,1,52,1,54,1,53,0" doraHai="21" doraHaiUra="129" who="2" fromWho="0" sc="250,-77,250,0,240,87,250,0" /><INIT seed="1,0,0,1,0,41" ten="173,250,327,250" oya="1" hai0="50,91,60,51,113,92,1,81,101,104,118,74,107" hai1="55,15,2,131,85,94,69,28,23,8,25,7,46" hai2="68,11,52,124,76,102,45,109,90,71,6,135,3" hai3="38,127,122,132,18,80,82,73,5,116,47,89,103"/><U43/><E131/><V40/><F109/><W70/><G70/><T61/><D113/><U79/><E69/><V72/><F102/><W0/><G116/><T97/><D118/><U63/><E2/><V31/><F31/><W111/><G122/><T49/><D1/><U9/><E9/><V12/><F124/><W110/><G103/><T95/><D95/><U112/><E112/><V96/><F135/><W64/><G64/><T33/><D33/><U53/><E63/><V42/><F12/><W27/><G132/><T115/><D115/><U108/><E108/><V100/><F90/><W59/><G89/><T130/><D130/><U99/><E94/><V54/><F42/><W134/><G134/><T21/><D21/><U4/><E4/><V62/><F62/><W44/><G5/><T106/><REACH who="0" step="1"/><D91/><REACH who="0" ten="163,250,327,250" step="2"/><U36/><REACH who="1" step="1"/><E99/><REACH who="1" ten="163,240,327,250" step="2"/><V67/><F96/><W39/><G0/><T20/><D20/><U22/><E22/><V30/><F3/><W77/><G110/><T117/><D117/><U123/><E123/><V56/><F11/><W14/><G111/><T120/><D120/><U84/><E84/><V17/><F72/><W29/><G73/><T86/><D86/><U66/><E66/><V48/><F67/><W83/><G77/><AGARI ba="0,2" hai="49,50,51,60,61,74,77,81,92,97,101,104,106,107" machi="77" ten="50,1600,0" yaku="1,1,53,0" doraHai="41" doraHaiUra="35" who="0" fromWho="3" sc="163,36,240,0,327,0,250,-16" /><INIT seed="2,0,0,2,4,38" ten="199,240,327,234" oya="2" hai0="37,122,113,66,118,75,60,99,79,74,19,33,73" hai1="59,27,12,23,1,109,2,119,7,87,103,43,72" hai2="76,127,92,30,44,126,129,123,16,134,32,53,49" hai3="17,25,62,71,101,114,97,108,81,115,31,13,28"/><V55/><F123/><W90/><G108/><T93/><D113/><N who="3" m="43017" /><G81/><T14/><D122/><U100/><E72/><V84/><F134/><W45/><G90/><T5/><D118/><U121/><E119/><V131/><F32/><W96/><G45/><T8/><D33/><U56/><E109/><V135/><F30/><W10/><G25/><T50/><D37/><U3/><E121/><V80/><F135/><W9/><G9/><T128/><D128/><N who="2" m="49226" /><F92/><N who="3" m="58503" /><G97/><T21/><D79/><U116/><E116/><V111/><F111/><W78/><G78/><T68/><D50/><U86/><E1/><V83/><F83/><W125/><G125/><T120/><D120/><U48/><E2/><V58/><F126/><W85/><G85/><N who="1" m="32266" /><E3/><V91/><F127/><W24/><G24/><T26/><REACH who="0" step="1"/><D74/><REACH who="0" ten="189,240,327,234" step="2"/><U0/><E48/><N who="2" m="31015" /><F76/><W35/><G35/><T39/><D39/><U15/><E0/><V34/><F34/><W42/><G62/><T52/><D52/><U22/><E23/><V106/><F55/><W65/><G65/><T94/><D94/><U112/><E22/><V69/><F49/><W67/><G67/><T132/><D132/><U46/><E112/><V20/><F106/><W11/><G11/><T89/><AGARI ba="0,1" hai="5,8,14,19,21,26,60,66,68,73,75,89,93,99" machi="89" ten="20,2700,0" yaku="1,1,0,1,7,1,53,0" doraHai="38" doraHaiUra="82" who="0" fromWho="0" sc="189,37,240,-7,327,-13,234,-7" /><INIT seed="3,0,0,0,5,44" ten="226,233,314,227" oya="3" hai0="34,12,79,54,64,33,87,93,23,88,97,105,112" hai1="111,39,19,130,107,55,60,116,4,115,127,24,61" hai2="71,98,128,43,81,59,118,11,51,66,134,40,125" hai3="47,84,63,42,26,120,109,101,22,100,77,25,30"/><W13/><G120/><T5/><D112/><U14/><E115/><V10/><F71/><W38/><G109/><T35/><D64/><U58/><E39/><V17/><F118/><W114/><G114/><T53/><D105/><U1/><E107/><V28/><F125/><W96/><G63/><T57/><D57/><U72/><E72/><V8/><F134/><W89/><G77/><T67/><D67/><U3/><E127/><V2/><F128/><W113/><G113/><T83/><REACH who="0" step="1"/><D23/><REACH who="0" ten="216,233,314,227" step="2"/><U45/><E58/><V36/><F59/><W132/><G132/><T69/><D69/><U131/><E131/><V78/><F66/><W124/><G124/><T6/><D6/><U117/><E4/><V62/><F2/><W110/><G110/><T106/><D106/><U133/><E1/><V108/><F108/><W82/><G96/><T46/><D46/><U0/><E3/><V122/><F98/><W123/><G123/><T52/><D52/><U9/><E0/><V49/><F43/><W135/><G135/><T91/><D91/><U68/><E133/><V121/><F40/><W70/><G70/><T94/><D94/><U20/><E130/><V90/><F90/><W27/><G100/><T119/><D119/><N who="1" m="45643" /><E111/><V103/><F121/><W29/><G101/><T32/><N who="0" m="8192" /><DORA hai="129" /><T37/><D37/><U21/><E68/><V56/><F103/><W48/><G38/><T126/><D126/><U95/><E95/><V80/><F36/><W86/><G86/><T75/><D75/><U92/><E92/><V99/><F122/><W18/><AGARI ba="0,1" hai="13,18,22,25,26,27,29,30,42,47,48,82,84,89" machi="18" ten="30,6000,0" yaku="0,1,8,1,52,1" doraHai="44,129" who="3" fromWho="3" sc="216,-20,233,-20,314,-20,227,70" /><INIT seed="3,1,0,1,4,123" ten="196,213,294,297" oya="3" hai0="0,121,54,67,9,86,22,92,29,79,21,99,69" hai1="45,5,66,12,33,17,135,103,59,97,61,14,82" hai2="71,115,65,24,88,93,32,47,73,127,105,41,8" hai3="60,76,23,104,37,78,131,46,13,94,26,114,43"/><W116/><G104/><T118/><D121/><U15/><E135/><V109/><F105/><W35/><G35/><T40/><D118/><U112/><E112/><V124/><F109/><W28/><G114/><T80/><D40/><U25/><E5/><V128/><F73/><W126/><G116/><T38/><D38/><U84/><E45/><V44/><F115/><W57/><G131/><T48/><D29/><U108/><E108/><V134/><F128/><W98/><G13/><T55/><D55/><U10/><E25/><V63/><F134/><W133/><G126/><N who="2" m="48169" /><F8/><W4/><G4/><T117/><D117/><U74/><E74/><V120/><F41/><W113/><G113/><T70/><D0/><U107/><REACH who="1" step="1"/><E33/><REACH who="1" ten="196,203,294,297" step="2"/><V20/><F32/><W90/><G133/><T75/><D75/><U52/><E52/><AGARI ba="1,1" hai="23,26,28,37,43,46,52,57,60,76,78,90,94,98" machi="52" ten="30,2900,0" yaku="7,1,54,1" doraHai="123" who="3" fromWho="1" sc="196,0,203,-32,294,0,297,42" owari="196,-20.4,171,-32.9,294,9.4,339,43.9" /></mjloggm>