<mjloggm ver="2.3"><GO type="225" lobby="0"/><UN n0="%E3%83%B4%E3%83%A0%EF%BC%99%E3%81%A6" n1="%E7%AB%8B%E7%9B%B4%E5%A5%BD%E6%A3%92%40%E5%BF%98" n2="%E6%98%93%E5%88%A9%E8%96%A9%E4%BC%AF" n3="%E5%B0%8F%E5%AE%AE%E3%81%9F%E3%81%9A%E3%81%8D" dan="16,17,16,16" rate="2142.21,2133.38,2125.43,2104.23" sx="M,M,F,F"/><TAIKYOKU oya="0"/><INIT seed="0,0,0,2,4,101" ten="250,250,250,250" oya="0" hai0="31,114,75,73,5,67,82,71,103,79,12,1,112" hai1="130,36,4,61,135,35,65,20,22,57,111,115,105" hai2="86,7,58,123,81,32,70,80,30,91,13,94,53" hai3="99,113,97,37,128,126,121,90,116,52,42,77,78"/><T3/><D31/><U60/><E111/><V18/><F70/><W98/><G116/><T43/><D12/><U23/><E35/><V88/><F123/><W17/><G113/><T95/><D73/><U132/><E36/><V44/><F7/><W16/><G121/><T21/><D21/><U69/><E4/><V0/><F44/><W27/><G37/><T40/><D40/><U106/><E130/><V131/><F0/><W25/><G42/><T19/><D19/><N who="3" m="7241" /><G128/><T2/><D5/><U107/><REACH who="1" step="1"/><E115/><REACH who="1" ten="250,240,250,250" step="2"/><V72/><F131/><W38/><G38/><T64/><D114/><U87/><E87/><V89/><F72/><W51/><G126/><T11/><D112/><U108/><E108/><V54/><F32/><W68/><G68/><T118/><D71/><U9/><E9/><V92/><F30/><W76/><G90/><T56/><D11/><U66/><AGARI ba="0,1" hai="20,22,23,57,60,61,65,66,69,105,106,107,132,135" machi="66" ten="40,8000,1" yaku="1,1,0,1,52,3,53,0" doraHai="101" doraHaiUra="41" who="1" fromWho="1" sc="250,-40,240,90,250,-20,250,-20" /><INIT seed="1,0,0,5,0,103" ten="210,330,230,230" oya="1" hai0="96,54,132,1,127,133,90,75,44,25,118,135,52" hai1="39,134,36,13,69,67,125,130,93,9,27,112,21" hai2="88,94,99,15,123,83,47,18,17,86,14,31,98" hai3="24,59,110,20,64,68,49,29,104,51,7,8,128"/><U87/><E125/><V124/><F123/><W78/><G110/><T108/><D108/><U37/><E112/><V115/><F124/><W76/><G128/><T120/><D127/><U11/><E130/><V22/><F115/><W23/><G68/><T82/><D120/><U126/><E126/><V73/><F31/><W102/><G20/><T26/><D1/><U95/><E134/><V43/><F73/><W55/><G64/><T91/><D118/><U116/><E116/><V61/><F61/><W119/><G119/><T70/><D70/><U4/><E69/><V81/><F81/><W40/><G102/><T57/><D44/><U42/><E67/><V34/><F34/><W114/><G104/><T3/><D3/><U113/><E113/><V106/><F106/><W0/><REACH who="3" step="1"/><G114/><REACH who="3" ten="210,330,230,220" step="2"/><T30/><D132/><U48/><E21/><V111/><F111/><W66/><G66/><T74/><D133/><U107/><E107/><V109/><F109/><W60/><G60/><T33/><D135/><U16/><E11/><V53/><F94/><W58/><G58/><T92/><D57/><U10/><E10/><N who="2" m="6359" /><F43/><W28/><G28/><N who="0" m="19599" /><D54/><U84/><E93/><V85/><F85/><W35/><G35/><N who="0" m="20951" /><D52/><U72/><E95/><V2/><F2/><W65/><G65/><T56/><D56/><U6/><E84/><V131/><F131/><W19/><G19/><T63/><D63/><U5/><E87/><V89/><F89/><W80/><G80/><T45/><D45/><AGARI ba="0,1" hai="0,7,8,23,24,29,40,45,49,51,55,59,76,78" machi="45" ten="40,1300,0" yaku="1,1,53,0" doraHai="103" doraHaiUra="77" who="3" fromWho="0" sc="210,-13,330,0,230,0,220,23" /><INIT seed="2,0,0,4,3,120" ten="197,330,230,243" oya="2" hai0="67,130,117,61,121,105,108,89,33,73,38,19,134" hai1="99,68,48,90,93,119,76,41,83,22,58,135,40" hai2="2,82,24,18,69,114,34,25,16,23,11,13,7" hai3="116,54,77,53,45,3,109,122,75,21,44,6,84"/><V63/><F114/><W123/><G84/><T112/><RYUUKYOKU type="yao9" ba="0,0" sc="197,0,330,0,230,0,243,0" hai0="19,33,38,61,67,73,89,105,108,112,117,121,130,134" /><INIT seed="2,1,0,1,1,78" ten="197,330,230,243" oya="2" hai0="72,31,117,16,49,40,50,30,124,56,86,66,116" hai1="74,61,122,102,34,76,113,32,28,19,5,24,88" hai2="115,65,120,82,35,3,112,44,22,97,54,93,132" hai3="103,126,80,62,127,129,79,106,11,55,125,45,0"/><V33/><F120/><W111/><G111/><T18/><D72/><U105/><E113/><V104/><F104/><W38/><G129/><T59/><D66/><U101/><E122/><V37/><F3/><W63/><G103/><T90/><D124/><U98/><E5/><V2/><F2/><W14/><G106/><T41/><D86/><U48/><E32/><V68/><F132/><W133/><G0/><T60/><D60/><U92/><E48/><V73/><F22/><W109/><G109/><T99/><REACH who="0" step="1"/><D90/><REACH who="0" ten="187,330,230,243" step="2"/><U39/><E61/><V42/><F65/><W53/><G63/><T27/><D27/><U85/><E102/><V94/><F115/><W64/><G133/><T43/><D43/><U12/><E74/><V107/><F112/><W13/><G64/><T75/><D75/><U9/><E76/><V10/><F54/><W110/><G110/><T100/><D100/><U21/><E101/><V89/><F107/><W8/><G62/><T84/><D84/><U20/><E105/><V69/><F69/><W87/><G55/><T6/><D6/><U95/><E85/><N who="2" m="50359" /><F68/><W52/><G53/><T46/><D46/><U135/><E135/><V23/><F73/><W47/><G52/><T25/><D25/><U29/><E24/><V17/><F97/><AGARI ba="1,1" hai="16,18,30,31,40,41,49,50,56,59,97,99,116,117" machi="97" ten="25,12000,2" yaku="1,1,22,2,54,1,53,2" doraHai="78" doraHaiUra="36" who="0" fromWho="2" sc="187,133,330,0,230,-123,243,0" /><INIT seed="3,0,0,0,3,75" ten="320,330,107,243" oya="3" hai0="120,11,135,3,40,86,32,41,62,14,0,12,99" hai1="47,24,97,118,55,1,127,133,81,126,96,111,46" hai2="43,94,125,105,76,52,29,49,101,61,109,107,121" hai3="16,63,132,59,37,31,68,90,114,110,130,113,89"/><W85/><G37/><T129/><D120/><U88/><E111/><V51/><F109/><W77/><G110/><T42/><D32/><U103/><E1/><V7/><F121/><W8/><G68/><T5/><D0/><U33/><E133/><V28/><F125/><N who="1" m="47625" /><E118/><V72/><F7/><W10/><G132/><T65/><D135/><U102/><E24/><V131/><F131/><W87/><G130/><T82/><D129/><U67/><E67/><V27/><F94/><W48/><G48/><T4/><D99/><N who="1" m="37963" /><E33/><V112/><F112/><W122/><G122/><T100/><D100/><N who="1" m="38443" /><E55/><V108/><F101/><W60/><G31/><T6/><D3/><U56/><E56/><V23/><F108/><W35/><G59/><N who="0" m="37087" /><D12/><U21/><E21/><V106/><F61/><W73/><G35/><T34/><D34/><U123/><E123/><V26/><F43/><W117/><G117/><T69/><D69/><U116/><E116/><V39/><F39/><W2/><G2/><T78/><AGARI ba="0,0" hai="4,5,6,11,14,40,41,42,78,82,86" m="37087" machi="78" ten="30,2000,0" yaku="8,1,52,1" doraHai="75" who="0" fromWho="0" sc="320,20,330,-5,107,-5,243,-10" owari="340,44.0,325,12.5,102,-39.8,233,-16.7" /></mjloggm>