<mjloggm ver="2.3"><GO type="225" lobby="0"/><UN n0="%6C%61%6D%62" n1="%6D%75%75%6D%75%72%61" n2="%4E%6F%2E%30%30%30%31" n3="%54%4F%52" dan="16,17,18,17" rate="2126.36,2186.91,2234.61,2252.10" sx="M,F,M,M"/><TAIKYOKU oya="0"/><INIT seed="0,0,0,0,4,91" ten="250,250,250,250" oya="0" hai0="70,96,79,26,87,104,52,27,102,119,30,120,93" hai1="128,64,74,129,39,69,54,117,49,78,76,53,103" hai2="5,42,21,2,29,75,92,124,94,32,73,85,19" hai3="95,107,11,134,131,62,63,34,46,114,132,57,56"/><T50/><D119/><U80/><E39/><V109/><F109/><W47/><G107/><T43/><D120/><U35/><E35/><V40/><F124/><W72/><G72/><T121/><D121/><U112/><E117/><V9/><F75/><W135/><G114/><T51/><D70/><U17/><E112/><V88/><F73/><W115/><G115/><T18/><D43/><U89/><E103/><V24/><REACH who="2" step="1"/><F94/><REACH who="2" ten="250,250,240,250" step="2"/><W111/><G111/><T16/><D104/><U58/><E74/><V84/><F84/><W8/><G95/><T116/><D116/><U100/><E128/><V23/><F23/><W77/><G34/><T97/><D97/><U41/><E129/><V105/><F105/><W110/><G110/><T122/><D122/><U37/><E80/><V130/><F130/><W22/><G131/><T44/><D51/><U123/><E49/><V108/><F108/><W14/><G22/><N who="0" m="15735" /><D26/><AGARI ba="0,1" hai="2,5,9,19,21,24,26,29,32,40,42,85,88,92" machi="26" ten="30,8000,1" yaku="1,1,7,1,52,1,54,1,53,1" doraHai="91" doraHaiUra="4" who="2" fromWho="0" sc="250,-80,250,0,240,90,250,0" /><INIT seed="1,0,0,4,2,73" ten="170,250,330,250" oya="1" hai0="74,18,33,30,76,6,81,72,26,135,63,3,132" hai1="12,52,87,62,116,25,23,65,80,133,89,101,79" hai2="14,84,29,34,56,134,28,7,105,15,0,120,88" hai3="39,115,46,102,60,32,69,122,51,59,67,109,130"/><U2/><E116/><V21/><F120/><W49/><G32/><T77/><D18/><U90/><E2/><V42/><F105/><W86/><G102/><T108/><D63/><U50/><E133/><N who="0" m="51273" /><D108/><U38/><E38/><V106/><F106/><W93/><G122/><T71/><D71/><U57/><E12/><V24/><F134/><W83/><G93/><T11/><D81/><U125/><E101/><V111/><F111/><W127/><G109/><T94/><D94/><U48/><E125/><V5/><F0/><W40/><G115/><T121/><D121/><U19/><REACH who="1" step="1"/><E48/><REACH who="1" ten="170,240,330,250" step="2"/><V54/><F15/><W118/><G118/><T103/><D103/><U104/><E104/><V27/><F14/><W112/><G127/><T128/><D128/><U129/><E129/><V126/><F126/><W75/><G130/><T4/><D4/><U16/><E16/><V55/><F7/><W43/><G49/><T82/><D82/><U9/><E9/><V53/><F5/><W58/><G51/><T22/><D22/><U107/><E107/><V45/><F21/><W13/><G13/><T113/><D113/><U1/><E1/><V99/><F34/><W124/><G124/><T20/><D33/><U8/><E8/><V92/><F29/><W47/><G39/><T110/><D110/><U97/><E97/><V91/><F28/><W61/><G112/><T70/><D70/><AGARI ba="0,1" hai="19,23,25,50,52,57,62,65,70,79,80,87,89,90" machi="70" ten="30,11600,0" yaku="1,1,7,1,52,1,54,1,53,0" doraHai="73" doraHaiUra="114" who="1" fromWho="0" sc="170,-116,240,126,330,0,250,0" /><INIT seed="1,1,0,1,0,32" ten="54,366,330,250" oya="1" hai0="90,63,66,89,10,0,75,59,35,58,73,70,44" hai1="106,105,108,28,62,33,52,39,7,83,117,49,80" hai2="48,86,71,56,118,93,19,72,107,100,37,47,111" hai3="88,50,67,122,68,1,24,134,84,113,120,53,95"/><U92/><E117/><V65/><F118/><W61/><G113/><T76/><D35/><U123/><E123/><V78/><F111/><W20/><G134/><T22/><D22/><U34/><E39/><V97/><F71/><W103/><G103/><T126/><D126/><U55/><E108/><V64/><F37/><W79/><G79/><T45/><D10/><U124/><E124/><V131/><F131/><W116/><G116/><T2/><D63/><U42/><E42/><V77/><F56/><W102/><G102/><T43/><D76/><U121/><E121/><V135/><F135/><W4/><G4/><T94/><D94/><U17/><E92/><V96/><F19/><W99/><G99/><T87/><D87/><U41/><E41/><V9/><F9/><W11/><G11/><T82/><D70/><U31/><E17/><V104/><F104/><W27/><G27/><T18/><D18/><U112/><E62/><V114/><F114/><W119/><G119/><T81/><REACH who="0" step="1"/><D43/><REACH who="0" ten="44,366,330,250" step="2"/><U109/><E112/><V133/><F133/><W132/><G132/><T23/><D23/><U14/><E109/><V5/><F86/><W110/><G110/><T129/><D129/><U115/><E115/><V51/><F78/><W40/><G40/><T8/><D8/><U57/><E105/><V85/><F85/><W60/><G60/><T6/><D6/><U30/><E106/><V26/><F5/><W98/><G84/><T12/><D12/><U74/><E7/><V3/><F107/><W25/><G20/><T13/><D13/><U69/><E69/><V125/><F125/><RYUUKYOKU ba="1,1" sc="44,30,366,-10,330,-10,250,-10" hai0="0,2,44,45,58,59,66,73,75,81,82,89,90" /><INIT seed="2,2,1,0,4,65" ten="74,356,320,240" oya="2" hai0="16,74,88,58,44,34,19,86,135,120,33,68,81" hai1="8,75,87,29,32,78,107,117,92,23,59,131,121" hai2="110,17,36,77,1,104,125,18,47,98,82,11,39" hai3="5,72,53,99,14,49,116,20,10,70,41,79,106"/><V102/><F125/><W111/><G116/><T134/><D120/><U89/><E117/><V24/><F110/><W130/><G111/><T101/><D58/><U108/><E108/><V31/><F31/><W45/><G130/><T50/><D101/><U57/><E32/><V27/><F27/><W84/><G72/><T67/><D74/><U126/><E131/><V48/><F24/><W2/><G70/><T76/><D76/><U100/><E126/><V7/><F39/><W46/><G106/><T42/><D34/><U133/><E133/><N who="0" m="50697" /><D33/><U96/><E121/><V22/><F22/><W43/><G79/><T35/><D35/><U63/><E8/><V93/><F104/><W52/><G20/><T54/><D54/><U109/><E109/><V71/><F71/><W97/><G84/><T113/><D113/><U61/><E23/><V115/><F115/><W103/><G103/><T118/><D118/><U122/><E29/><V9/><F9/><W112/><G112/><T95/><D81/><N who="1" m="45279" /><E122/><V114/><F114/><W55/><REACH who="3" step="1"/><G2/><REACH who="3" ten="74,356,320,230" step="2"/><T66/><D66/><U21/><E21/><V40/><REACH who="2" step="1"/><F36/><AGARI ba="2,2" hai="5,10,14,36,41,43,45,46,49,52,53,55,97,99" machi="36" ten="40,8000,1" yaku="1,1,2,1,54,1,53,1" doraHai="65" doraHaiUra="3" who="3" fromWho="2" sc="74,0,356,0,320,-86,230,106" /><INIT seed="3,0,0,1,3,26" ten="74,356,234,336" oya="3" hai0="25,1,56,66,42,88,133,34,68,95,47,126,113" hai1="92,57,102,114,103,129,131,123,15,11,14,37,122" hai2="135,72,99,3,45,104,119,84,17,89,120,75,21" hai3="121,29,82,132,36,41,60,124,27,73,111,30,33"/><W7/><G121/><T63/><D133/><U9/><E57/><V134/><F3/><W58/><G132/><T55/><D126/><U74/><E92/><V91/><F45/><W19/><G124/><T128/><D128/><U125/><E125/><V54/><F54/><W28/><G111/><T100/><D113/><U10/><E74/><V106/><F21/><W16/><G7/><T59/><D1/><U85/><E11/><V109/><F17/><W101/><G101/><T116/><D100/><U78/><E85/><V52/><F52/><W40/><G36/><T87/><D116/><U31/><E31/><N who="3" m="11850" /><G33/><T53/><D25/><U18/><E18/><N who="3" m="6698" /><G73/><T43/><D34/><U61/><E37/><V77/><F109/><W80/><G27/><T130/><D130/><U2/><E2/><V51/><F119/><W94/><G94/><T46/><D88/><U98/><E78/><V110/><F110/><W48/><N who="3" m="11858" /><W67/><DORA hai="115" /><G48/><T0/><D87/><U39/><E39/><V107/><F51/><W38/><G38/><T96/><D95/><U81/><E114/><V108/><F108/><W22/><G22/><T8/><D96/><U69/><E69/><V86/><F107/><W50/><G50/><T64/><D8/><U97/><E81/><AGARI ba="0,0" hai="40,41,58,60,67,80,81,82" m="6698,11858" machi="81" ten="40,18000,2" yaku="8,1,52,4,54,1" doraHai="26,115" who="3" fromWho="1" sc="74,0,356,-180,234,0,336,180" owari="74,-42.6,176,-22.4,234,3.4,516,61.6" /></mjloggm>