<mjloggm ver="2.3"><GO type="225" lobby="0"/><UN n0="%E5%B8%86%E7%AB%8B%E5%A4%8F%E8%A1%A3" n1="%E6%B4%BE%E9%81%A3%E3%81%AE%E3%82%B8%E3%83%A3%E3%83%83%E3%82%AF" n2="%E3%81%86%E3%81%A9%E3%82%93%E3%81%93" n3="%E3%81%B5%E3%81%98%E3%81%8B%E3%81%A4" dan="16,17,16,17" rate="2135.06,2239.69,2139.01,2205.18" sx="M,M,M,M"/><TAIKYOKU oya="0"/><INIT seed="0,0,0,2,1,26" ten="250,250,250,250" oya="0" hai0="102,34,104,45,119,40,77,12,79,14,31,78,112" hai1="86,24,106,59,22,105,6,62,113,107,101,80,111" hai2="95,9,3,99,120,43,110,38,100,46,89,32,20" hai3="55,58,15,8,25,91,114,98,132,118,27,42,87"/><T129/><D112/><U109/><E6/><V92/><F120/><W35/><G132/><T48/><D119/><U135/><E135/><V121/><F121/><W67/><G118/><T1/><D1/><U108/><E113/><V57/><F110/><W71/><G42/><T18/><D129/><U134/><E134/><V33/><F57/><W127/><G127/><T116/><D116/><U72/><E72/><V74/><F74/><W76/><G76/><T49/><D104/><U44/><E44/><V64/><F64/><W29/><G25/><T19/><D102/><U73/><E73/><V28/><F9/><W83/><G114/><T39/><D34/><U30/><E101/><V0/><F20/><W50/><G98/><T16/><REACH who="0" step="1"/><D31/><REACH who="0" ten="240,250,250,250" step="2"/><U96/><E96/><V133/><F133/><W94/><G35/><T47/><D47/><U84/><REACH who="1" step="1"/><E80/><REACH who="1" ten="240,240,250,250" step="2"/><V115/><F115/><W53/><G83/><T63/><D63/><U131/><E131/><V23/><F0/><W10/><G29/><T68/><D68/><U61/><E61/><V2/><F2/><W124/><G71/><T56/><D56/><U65/><AGARI ba="0,2" hai="22,24,30,59,62,65,84,86,105,106,107,108,109,111" machi="65" ten="40,12000,2" yaku="1,1,0,1,14,1,52,1,53,3" doraHai="26" doraHaiUra="122" who="1" fromWho="1" sc="240,-60,240,140,250,-30,250,-30" /><INIT seed="1,0,0,2,3,68" ten="180,380,220,220" oya="1" hai0="76,3,60,2,39,120,37,43,27,86,42,17,117" hai1="49,62,99,41,72,13,0,8,18,109,91,89,50" hai2="84,10,80,123,54,22,71,115,94,131,74,98,9" hai3="73,45,111,130,135,103,11,34,16,75,113,119,96"/><U108/><E72/><V52/><F123/><W57/><G113/><T128/><D117/><U66/><E0/><N who="0" m="41" /><D60/><U102/><E89/><N who="2" m="51335" /><F71/><W114/><G114/><T55/><D55/><N who="2" m="21034" /><F74/><W46/><G34/><T134/><D86/><U129/><E91/><N who="2" m="55647" /><F115/><W124/><G119/><T132/><D76/><U33/><E33/><V97/><F131/><W112/><G75/><T104/><D104/><U36/><E129/><V121/><F121/><W126/><G73/><T67/><D67/><U65/><E65/><V25/><F97/><W24/><G130/><T133/><D128/><U51/><E66/><V85/><F85/><W125/><G112/><T110/><D110/><N who="1" m="42603" /><E62/><V77/><F77/><W31/><G111/><T107/><D107/><N who="1" m="63967" /><E41/><N who="0" m="15369" /><D120/><U118/><E118/><V5/><F5/><W101/><G124/><T83/><D83/><U47/><E47/><V69/><F69/><W28/><G125/><T14/><D27/><U6/><E6/><V7/><F7/><W15/><G24/><T64/><D64/><U29/><E29/><AGARI ba="0,0" hai="9,10,22,25,29" m="55647,21034,51335" machi="29" ten="30,2000,0" yaku="8,1,54,1" doraHai="68" who="2" fromWho="1" sc="180,0,380,-20,220,20,220,0" /><INIT seed="2,0,0,3,4,112" ten="180,360,240,220" oya="2" hai0="126,41,29,0,45,123,122,22,86,32,14,109,127" hai1="27,58,130,9,74,76,115,64,106,95,77,118,134" hai2="5,68,103,101,54,61,34,4,75,60,85,84,1" hai3="33,3,111,12,42,135,28,23,113,8,132,80,98"/><V39/><F75/><W20/><G113/><T19/><D86/><N who="2" m="33386" /><F34/><W50/><G80/><T102/><D102/><N who="2" m="38922" /><F39/><W25/><G98/><T10/><D45/><U105/><E115/><V129/><F68/><W11/><G50/><T78/><D41/><U30/><E134/><N who="3" m="51242" /><G42/><T59/><D59/><U52/><E130/><V96/><F96/><W90/><G90/><T71/><D71/><U93/><E74/><V16/><F1/><W43/><G43/><T82/><D82/><U114/><E114/><V51/><F129/><W108/><G3/><T6/><D109/><N who="3" m="42057" /><G8/><T69/><D69/><U87/><E87/><V133/><F133/><W72/><G72/><T117/><D78/><U7/><E76/><V107/><F107/><W83/><G83/><T110/><D110/><U56/><E105/><V116/><F116/><W128/><G128/><T26/><REACH who="0" step="1"/><D117/><REACH who="0" ten="170,360,240,220" step="2"/><U99/><E118/><V70/><F70/><W119/><G119/><T2/><D2/><U35/><E77/><V92/><F61/><W15/><G15/><T66/><D66/><U46/><E64/><V21/><F92/><W49/><G49/><T53/><D53/><U91/><E93/><V67/><F60/><W63/><G63/><T24/><D24/><U36/><E106/><V62/><F62/><W73/><G73/><T88/><D88/><U65/><E65/><V121/><F67/><W120/><G120/><AGARI ba="0,1" hai="0,6,10,14,19,22,26,29,32,120,122,123,126,127" machi="120" ten="40,12000,2" yaku="1,1,24,2,34,3,53,0" doraHai="112" doraHaiUra="37" who="0" fromWho="3" sc="170,130,360,0,240,0,220,-120" /><INIT seed="3,0,0,3,3,49" ten="300,360,240,100" oya="3" hai0="111,33,90,46,130,80,6,0,12,31,77,79,55" hai1="13,108,27,129,109,34,110,103,48,69,81,121,112" hai2="125,22,36,8,43,14,42,123,61,116,5,16,91" hai3="122,53,114,20,87,64,86,83,134,63,23,32,38"/><W18/><G114/><T72/><D111/><U65/><E121/><V82/><F116/><W76/><G122/><T100/><D130/><U39/><E112/><V60/><F123/><W35/><G134/><T30/><D0/><U47/><E129/><V10/><F125/><W113/><G113/><T119/><D119/><U51/><E103/><V41/><F36/><W56/><G38/><T95/><D33/><U9/><E81/><V15/><F22/><W62/><G87/><AGARI ba="0,0" hai="5,8,10,14,15,16,41,42,43,60,61,82,87,91" machi="87" ten="40,2600,0" yaku="8,1,54,1" doraHai="49" who="2" fromWho="3" sc="300,0,360,0,240,26,100,-26" owari="300,10.0,360,46.0,266,-13.4,74,-42.6" /></mjloggm>