<mjloggm ver="2.3"><GO type="225" lobby="0"/><UN n0="%E3%81%BF%E3%81%BF%E3%81%9A" n1="%E3%82%A2%E3%83%A1%E3%82%A2%E3%83%A9%E3%83%AC" n2="%E3%81%AF%E3%82%88%E3%81%8A%E3%81%98%E3%81%95%E3%82%93" n3="%E3%83%81%E3%83%AF%E3%83%AF%E9%9A%8A%E9%95%B7" dan="18,16,17,17" rate="2250.23,2172.59,2144.66,2143.30" sx="M,M,M,M"/><TAIKYOKU oya="0"/><INIT seed="0,0,0,2,0,16" ten="250,250,250,250" oya="0" hai0="37,39,88,28,66,109,27,38,9,41,82,122,108" hai1="123,107,104,40,29,97,86,34,43,22,61,19,24" hai2="116,73,129,135,50,62,5,79,106,128,98,94,83" hai3="0,68,121,85,127,58,47,124,4,63,91,101,15"/><T8/><D122/><U18/><E123/><V130/><F5/><W30/><G121/><T132/><D41/><U12/><E86/><V45/><F135/><W64/><G0/><T60/><D132/><U84/><E84/><V87/><F116/><W46/><G101/><T20/><D82/><U49/><E61/><V89/><F62/><W111/><G111/><N who="0" m="42571" /><D88/><U31/><E31/><V99/><REACH who="2" step="1"/><F106/><REACH who="2" ten="250,250,240,250" step="2"/><W3/><G4/><T113/><D113/><U42/><E49/><V77/><F77/><W35/><G63/><T7/><D7/><U33/><E33/><V25/><F25/><W75/><G35/><T80/><D80/><U131/><E131/><V32/><F32/><W126/><G126/><T67/><D67/><U52/><E104/><V110/><F110/><W11/><G64/><T115/><D115/><U90/><E107/><V76/><F76/><W112/><G127/><T96/><D96/><U125/><E125/><V48/><F48/><W114/><G124/><T74/><D74/><U70/><E34/><V133/><F133/><W17/><G114/><T2/><D2/><U59/><E24/><V71/><F71/><AGARI ba="0,1" hai="8,9,20,27,28,37,38,39,60,66,71" m="42571" machi="71" ten="40,7700,0" yaku="14,1,10,1,52,1" doraHai="16" who="0" fromWho="2" sc="250,87,250,0,240,-77,250,0" /><INIT seed="0,1,0,5,0,79" ten="337,250,163,250" oya="0" hai0="129,18,33,51,7,66,19,42,96,5,77,76,83" hai1="15,31,56,47,114,107,8,13,58,10,39,59,62" hai2="0,28,63,11,128,22,122,94,1,27,53,64,103" hai3="29,6,99,135,131,4,116,87,125,54,78,106,25"/><T48/><D33/><U67/><E107/><V85/><F122/><W75/><G116/><T133/><D129/><U81/><E114/><V14/><F128/><W34/><G131/><T73/><D133/><U52/><E31/><V121/><F121/><W93/><G135/><T49/><D42/><U123/><E123/><V44/><F53/><W92/><G125/><T46/><D46/><U110/><E110/><V24/><F44/><W74/><G106/><T98/><D66/><U16/><E81/><V36/><F27/><W90/><G54/><T65/><D65/><U111/><E111/><V41/><F41/><W38/><G38/><T80/><D49/><N who="1" m="28735" /><E39/><V97/><F85/><W55/><G55/><T40/><REACH who="0" step="1"/><D40/><REACH who="0" ten="327,250,163,250" step="2"/><U50/><E50/><V69/><REACH who="2" step="1"/><F36/><REACH who="2" ten="327,250,153,250" step="2"/><W132/><G132/><T95/><D95/><U21/><E21/><V124/><F124/><W82/><REACH who="3" step="1"/><G74/><AGARI ba="1,2" hai="5,7,18,19,48,51,73,74,76,77,80,83,96,98" machi="74" ten="25,12000,1" yaku="1,1,22,2,52,2,53,0" doraHai="79" doraHaiUra="17" who="0" fromWho="3" sc="327,143,250,0,153,0,250,-123" /><INIT seed="0,2,0,3,3,85" ten="470,250,153,127" oya="0" hai0="128,127,43,50,51,52,122,53,123,79,81,69,34" hai1="47,95,60,70,71,17,46,106,119,90,82,77,58" hai2="38,109,103,92,63,4,99,30,35,75,87,20,39" hai3="89,130,7,6,102,3,9,73,98,26,55,48,19"/><T108/><D34/><U29/><E106/><V97/><F75/><W54/><G73/><T104/><D104/><U40/><E119/><V28/><F35/><W115/><G115/><T131/><D81/><U41/><E29/><V88/><F109/><W25/><G130/><N who="0" m="49707" /><D79/><U84/><E70/><V118/><F118/><W64/><G64/><T91/><D108/><U83/><E71/><V22/><F39/><W121/><G121/><T31/><D31/><N who="2" m="11818" /><F38/><W8/><G19/><T125/><D91/><U105/><E105/><V96/><F4/><W61/><G102/><T36/><D36/><U62/><E17/><V10/><F10/><W86/><G98/><N who="2" m="37993" /><F63/><N who="1" m="24105" /><E58/><V56/><F56/><W67/><G67/><T32/><D32/><U112/><E112/><V116/><F116/><W124/><G6/><T45/><D69/><U80/><E77/><V72/><F72/><W15/><G7/><T2/><D2/><U24/><E24/><V101/><N who="2" m="38001" /><V12/><DORA hai="117" /><F12/><W21/><G15/><T100/><D100/><AGARI ba="2,0" hai="20,22,87,88,92,100,101,103" m="38001,11818" machi="100" ten="40,5200,0" yaku="8,1,52,1,54,1" doraHai="85,117" who="2" fromWho="0" sc="470,-58,250,0,153,58,127,0" /><INIT seed="1,0,0,0,1,24" ten="412,250,211,127" oya="1" hai0="23,15,22,71,113,125,33,67,21,132,11,58,133" hai1="20,84,99,76,64,29,41,13,98,103,45,104,123" hai2="77,44,31,107,127,134,40,96,19,9,49,53,93" hai3="47,12,39,3,25,16,70,46,62,74,14,81,83"/><U112/><E112/><V42/><F107/><W5/><G3/><T51/><D113/><U100/><E123/><V101/><F127/><W34/><G5/><T56/><D33/><U72/><E72/><V91/><F134/><N who="0" m="51818" /><D125/><U86/><E64/><V129/><F129/><W122/><G122/><T82/><D82/><U118/><E118/><V68/><F68/><W63/><G70/><T73/><D73/><U116/><E76/><V75/><F75/><W111/><G111/><T105/><D105/><U130/><E130/><V6/><F77/><W61/><G74/><T32/><D32/><U90/><E90/><V17/><F91/><W92/><G92/><T55/><D71/><U7/><E116/><V1/><F31/><W4/><G4/><N who="0" m="3559" /><D67/><U110/><E110/><V2/><F1/><W117/><G117/><T79/><D79/><U88/><E7/><V66/><F66/><W0/><G0/><T43/><D43/><U85/><E41/><V109/><F109/><W126/><G126/><T94/><D94/><N who="1" m="56647" /><E104/><V8/><F9/><W121/><G121/><T89/><D89/><U119/><E119/><V114/><F114/><W38/><G83/><T28/><D58/><U57/><E57/><V27/><F42/><W115/><G81/><T124/><D124/><U106/><E106/><V87/><F40/><N who="3" m="22807" /><G115/><T97/><D97/><U135/><E99/><V131/><F131/><W78/><G78/><T128/><D128/><U69/><E69/><V10/><F87/><W80/><G80/><T52/><D55/><U102/><E135/><V59/><F2/><W65/><G39/><RYUUKYOKU ba="0,0" sc="412,30,250,-10,211,-10,127,-10" hai0="21,22,23,28,51,52,56" /><INIT seed="2,1,0,4,2,116" ten="442,240,201,117" oya="2" hai0="91,94,125,86,104,96,133,52,107,121,113,115,49" hai1="93,28,27,111,76,3,25,23,8,100,55,74,54" hai2="79,44,18,7,2,128,97,43,132,9,14,110,26" hai3="77,78,134,103,64,70,112,41,42,60,16,53,131"/><V34/><F128/><W57/><G131/><T67/><D121/><U81/><E111/><V63/><F110/><W31/><G112/><T106/><D125/><U65/><E65/><V95/><F132/><W40/><G134/><T114/><D133/><U30/><E100/><V123/><F123/><W21/><G31/><T99/><REACH who="0" step="1"/><D67/><REACH who="0" ten="432,240,201,117" step="2"/><U127/><E127/><V80/><F34/><W72/><G72/><T10/><D10/><U11/><E8/><V46/><F9/><W38/><G38/><T13/><D13/><U71/><E11/><V37/><F14/><W98/><G64/><T90/><D90/><U83/><E3/><V119/><F2/><W69/><G69/><T108/><D108/><U0/><E0/><V20/><F119/><W117/><G70/><T4/><D4/><U130/><E71/><V1/><F7/><W29/><G117/><T12/><D12/><U135/><E135/><V85/><F1/><W87/><G103/><T48/><D48/><U56/><E130/><V129/><F129/><W22/><G77/><T68/><D68/><U102/><E102/><V122/><F122/><W105/><G78/><T89/><D89/><U62/><E76/><V36/><F36/><W58/><G60/><T32/><D32/><U75/><E62/><V118/><F118/><W47/><G22/><T50/><D50/><U39/><E39/><V101/><F63/><W124/><G21/><T24/><D24/><U33/><E33/><V6/><F6/><W126/><G126/><T120/><D120/><U84/><E23/><V109/><F109/><W66/><G124/><RYUUKYOKU ba="1,1" sc="432,15,240,-15,201,15,117,-15" hai0="49,52,86,91,94,96,99,104,106,107,113,114,115" hai2="18,20,26,37,43,44,46,79,80,85,95,97,101" /><INIT seed="2,2,1,3,5,38" ten="447,225,216,102" oya="2" hai0="72,125,33,105,19,83,20,97,55,75,2,56,82" hai1="112,22,102,131,37,91,116,31,126,47,11,36,103" hai2="21,120,84,77,23,34,60,89,88,5,128,42,52" hai3="41,121,35,0,7,61,59,110,66,76,12,109,132"/><V25/><F120/><W62/><G121/><T64/><D33/><U124/><E112/><V65/><F34/><W113/><G0/><T54/><D2/><U129/><E116/><V99/><F128/><N who="1" m="49225" /><E11/><V57/><F5/><W92/><G35/><T119/><D64/><U79/><E79/><V63/><F42/><W32/><G32/><T70/><D97/><U135/><E91/><V74/><F74/><W45/><G113/><T53/><D53/><U98/><E47/><V51/><F21/><W28/><G132/><T90/><D105/><N who="1" m="63703" /><E103/><V44/><F63/><W4/><G76/><T80/><D56/><U118/><E118/><V87/><F99/><W115/><G115/><T48/><D19/><U8/><E8/><V134/><F134/><W127/><G4/><T106/><D48/><U27/><E135/><V1/><F1/><W130/><G130/><T9/><D70/><U18/><E31/><V29/><F87/><W117/><G28/><T43/><D20/><U68/><E68/><V104/><F104/><W95/><G117/><T96/><D96/><U30/><E30/><V114/><F114/><W78/><G7/><T40/><D106/><U67/><E67/><V26/><F25/><W111/><G66/><T17/><D43/><U71/><E71/><V13/><F13/><W108/><G12/><N who="0" m="7311" /><D119/><U10/><E10/><V85/><F84/><W3/><G110/><T69/><D69/><U6/><E6/><V100/><F100/><W58/><G3/><T107/><D125/><AGARI ba="2,1" hai="18,22,27,36,37,124,125,126" m="63703,49225" machi="125" ten="30,2000,0" yaku="18,1,19,1" doraHai="38" who="1" fromWho="0" sc="447,-26,225,36,216,0,102,0" /><INIT seed="3,0,0,4,2,1" ten="421,261,216,102" oya="3" hai0="99,49,88,110,121,36,20,65,39,57,61,4,83" hai1="86,75,67,87,91,32,10,48,23,12,130,135,77" hai2="27,2,117,13,111,22,41,112,42,21,78,47,93" hai3="40,66,81,72,97,79,92,128,70,116,0,37,113"/><W58/><G113/><T115/><D121/><U53/><E32/><V50/><F2/><W119/><G70/><T17/><D4/><U9/><E75/><V127/><F117/><W11/><G128/><T24/><D115/><U90/><E135/><V45/><F112/><W114/><G114/><T64/><D110/><U59/><E77/><V38/><F111/><W126/><G126/><T29/><D65/><U14/><E67/><V34/><F127/><W71/><G58/><T95/><D49/><U124/><E130/><V7/><F78/><W26/><G26/><T62/><D62/><U103/><E103/><V52/><F93/><W31/><G31/><T98/><D98/><U96/><E96/><V107/><F107/><W33/><G33/><T108/><D108/><U118/><E118/><V100/><F100/><W129/><G129/><T105/><D105/><U63/><E63/><V73/><F73/><W101/><G66/><T16/><D83/><N who="1" m="49503" /><E124/><V19/><F34/><W55/><G71/><T106/><D106/><U8/><E23/><V84/><F84/><W35/><G35/><T102/><D88/><U74/><E74/><V43/><F7/><N who="3" m="1511" /><G55/><T85/><D85/><U51/><E51/><V132/><REACH who="2" step="1"/><F132/><REACH who="2" ten="421,261,206,102" step="2"/><W76/><G76/><T54/><D102/><U82/><AGARI ba="0,1" hai="8,9,10,12,14,48,53,59,82,87,91" m="49503" machi="82" ten="30,1100,0" yaku="8,1" doraHai="1" who="1" fromWho="1" sc="421,-3,261,21,206,-3,102,-5" owari="418,51.8,282,8.2,203,-19.7,97,-40.3" /></mjloggm>