<mjloggm ver="2.3"><GO type="225" lobby="0"/><UN n0="%E4%B8%89%E5%86%A0%E7%8E%8B%E3%83%BB%E5%B1%B1%E7%94%B0%E5%93%B2%E4%BA%BA" n1="%72%69%6F%75%63%68%61%6E" n2="%E7%B4%94%E6%BD%94%E3%83%94%E3%83%A9%E3%83%8B%E3%82%A2" n3="%E9%89%A2%E5%B7%BB%E3%82%AC%E3%83%96" dan="17,17,17,16" rate="2145.13,2202.65,2223.23,2095.02" sx="M,M,M,M"/><TAIKYOKU oya="0"/><INIT seed="0,0,0,2,1,122" ten="250,250,250,250" oya="0" hai0="93,89,96,8,22,11,135,94,118,56,114,46,95" hai1="116,38,84,0,30,81,49,52,28,39,72,53,25" hai2="78,65,5,61,58,6,54,117,76,35,7,121,68" hai3="62,3,74,69,18,134,19,55,4,31,77,63,109"/><T125/><D114/><U9/><E116/><V133/><F121/><W86/><G74/><T40/><D118/><U112/><E112/><V36/><F117/><W16/><G134/><T108/><D135/><U104/><E104/><V79/><F35/><W51/><G31/><T14/><D125/><U15/><E72/><V103/><F36/><W17/><G69/><T57/><D94/><U44/><E0/><V73/><F133/><W85/><G3/><T120/><D120/><U1/><E1/><V124/><F103/><W115/><G4/><T87/><D22/><U83/><E53/><V13/><F73/><W113/><G113/><T23/><D23/><U2/><E2/><V48/><REACH who="2" step="1"/><F13/><REACH who="2" ten="250,250,240,250" step="2"/><W70/><G115/><T66/><D108/><U99/><E38/><V60/><F60/><W110/><G63/><N who="0" m="38247" /><D14/><U100/><E39/><V71/><F71/><W127/><G62/><T111/><D111/><N who="3" m="42505" /><G70/><T75/><D75/><U129/><E129/><V128/><F128/><W64/><G127/><AGARI ba="0,1" hai="5,6,7,48,54,58,61,65,68,76,78,79,124,127" machi="127" ten="50,6400,0" yaku="1,1,53,2" doraHai="122" doraHaiUra="132" who="2" fromWho="3" sc="250,0,250,0,240,74,250,-64" /><INIT seed="1,0,0,1,1,70" ten="250,250,314,186" oya="1" hai0="101,60,63,113,99,104,53,117,12,125,4,33,15" hai1="61,76,48,62,88,112,78,108,6,29,34,36,20" hai2="87,132,38,123,135,23,11,114,14,47,127,28,30" hai3="54,81,13,49,134,103,0,107,100,72,75,42,2"/><U35/><E112/><V80/><F123/><W130/><G130/><T77/><D117/><U43/><E108/><V22/><F127/><W1/><G134/><N who="2" m="51241" /><F114/><W119/><G119/><T91/><D33/><U128/><E128/><V74/><F74/><W96/><G42/><T97/><D77/><U111/><E111/><V59/><F59/><W106/><G13/><T45/><D15/><U86/><E6/><N who="2" m="3447" /><F47/><W84/><G103/><T85/><D45/><N who="1" m="25663" /><E36/><V46/><F46/><W116/><G107/><T51/><D101/><U68/><E34/><V121/><F38/><W67/><G67/><T16/><D125/><U21/><E68/><V18/><F121/><W3/><N who="3" m="0" /><DORA hai="55" /><W90/><REACH who="3" step="1"/><G116/><REACH who="3" ten="250,250,314,176" step="2"/><T58/><D104/><U17/><E35/><V31/><F22/><N who="1" m="8809" /><E29/><V32/><F32/><W126/><G126/><T79/><D113/><U25/><E25/><N who="2" m="14583" /><F28/><W102/><G102/><T65/><D12/><U50/><E17/><V122/><F122/><W95/><G95/><T56/><D16/><U110/><E110/><V66/><F66/><W98/><G98/><T39/><D99/><U73/><E73/><V37/><F37/><W41/><G41/><T71/><D39/><U115/><E115/><V40/><F40/><W94/><G94/><N who="0" m="54639" /><D97/><U82/><E50/><V133/><F133/><W89/><G89/><AGARI ba="0,1" hai="30,31,80,87,89" m="14583,3447,51241" machi="89" ten="30,1000,0" yaku="20,1" doraHai="70,55" who="2" fromWho="3" sc="250,0,250,0,314,20,176,-10" /><INIT seed="2,0,0,2,5,45" ten="250,250,334,166" oya="2" hai0="39,1,71,6,41,88,128,135,100,61,14,51,124" hai1="106,25,127,23,68,105,123,34,115,75,101,37,29" hai2="76,117,134,110,67,28,90,57,86,5,31,9,118" hai3="89,55,126,119,8,35,19,33,53,3,121,20,63"/><V73/><F134/><W96/><G119/><T27/><D100/><U65/><E115/><V47/><F73/><W0/><G121/><T116/><D1/><U81/><E123/><V132/><F76/><W80/><G126/><T7/><D135/><U36/><E127/><V30/><F132/><W62/><G20/><T104/><D104/><U58/><E58/><V69/><F69/><W48/><G48/><T87/><D124/><U112/><E112/><V98/><F98/><W72/><G96/><T77/><D77/><N who="1" m="44223" /><E23/><V32/><F47/><W38/><G72/><T2/><D2/><U66/><E66/><V131/><F32/><W24/><G24/><T107/><D61/><N who="1" m="39983" /><E105/><V44/><F44/><W21/><G21/><T10/><D107/><U78/><E78/><V15/><F67/><W22/><G22/><T95/><D71/><U60/><E60/><V54/><F131/><W93/><G93/><T125/><D95/><U42/><E42/><V82/><REACH who="2" step="1"/><F110/><REACH who="2" ten="250,250,324,166" step="2"/><W49/><G35/><T97/><D128/><U11/><E11/><V103/><F103/><W79/><G33/><T52/><D10/><U108/><E108/><V130/><F130/><W111/><G8/><T129/><D129/><U102/><E102/><V4/><F4/><W13/><G79/><T26/><D6/><U46/><E46/><V85/><F85/><W91/><G111/><T74/><D87/><U83/><E83/><V113/><F113/><W120/><G120/><T50/><D125/><U43/><E43/><V56/><F56/><W12/><G80/><T64/><D41/><U84/><E84/><RYUUKYOKU ba="0,1" sc="250,-15,250,15,324,15,166,-15" hai1="25,29,34,36,37,101,106" hai2="5,9,15,28,30,31,54,57,82,86,90,117,118" /><INIT seed="2,1,1,2,2,40" ten="235,265,339,151" oya="2" hai0="129,69,116,41,20,85,114,84,98,94,64,23,37" hai1="76,2,25,113,26,96,67,134,122,126,4,38,28" hai2="109,50,59,21,65,78,93,105,1,132,81,73,106" hai3="71,47,22,31,14,36,75,66,6,110,119,97,17"/><V125/><F1/><W124/><G119/><T45/><D114/><U74/><E113/><V135/><F125/><W54/><G110/><T29/><D116/><U30/><E126/><V46/><F109/><W70/><G75/><T130/><D69/><U32/><E134/><N who="2" m="51243" /><F59/><W80/><G124/><T90/><D64/><U102/><E122/><V51/><F51/><W82/><G97/><T120/><D120/><U18/><E67/><V33/><F33/><W123/><G123/><T5/><D5/><U83/><E18/><V62/><F93/><W56/><G6/><T10/><D10/><U52/><E38/><V24/><F62/><W53/><G31/><T43/><D43/><U103/><E52/><N who="2" m="29783" /><F65/><W104/><G104/><T117/><D117/><U57/><E57/><V55/><F55/><W60/><G71/><T8/><D29/><AGARI ba="1,1" hai="21,24,29,73,78,81,105,106" m="29783,51243" machi="29" ten="30,5800,0" yaku="20,1,52,1,54,1" doraHai="40" who="2" fromWho="0" sc="235,-61,265,0,339,71,151,0" /><INIT seed="2,2,0,4,4,105" ten="174,265,410,151" oya="2" hai0="93,47,69,115,96,66,16,36,29,57,51,131,59" hai1="125,121,1,61,74,33,129,22,25,7,108,100,104" hai2="97,67,126,55,52,38,78,123,116,124,17,80,87" hai3="98,26,92,37,64,65,110,111,23,86,21,68,72"/><V117/><F38/><W24/><G37/><T42/><D115/><U40/><E40/><V28/><F67/><N who="3" m="25675" /><G68/><T73/><D131/><U77/><E129/><V89/><F28/><W118/><G86/><T44/><D29/><U2/><E108/><N who="3" m="41514" /><G118/><T95/><D73/><U82/><E125/><N who="2" m="48235" /><F17/><W127/><G127/><T48/><D69/><U85/><E121/><V102/><F123/><W39/><G39/><T75/><D75/><U114/><E114/><V135/><F135/><W133/><G133/><T56/><D66/><U11/><E61/><V62/><F89/><W99/><G72/><T106/><D36/><U88/><E33/><V31/><F31/><W112/><G112/><T20/><D106/><U53/><E53/><N who="2" m="20555" /><F62/><W79/><G79/><T107/><D107/><AGARI ba="2,0" hai="78,80,87,97,102,107,116,117" m="20555,48235" machi="107" ten="30,2900,0" yaku="18,1,54,1" doraHai="105" who="2" fromWho="0" sc="174,-35,265,0,410,35,151,0" /><INIT seed="2,3,0,2,4,12" ten="139,265,445,151" oya="2" hai0="22,49,40,46,134,95,119,108,6,135,15,70,67" hai1="31,93,124,14,131,101,35,23,102,2,56,33,66" hai2="32,90,123,41,80,73,47,105,111,48,87,64,19" hai3="25,20,91,121,16,86,5,71,110,97,132,92,83"/><V52/><F123/><W129/><G121/><T72/><D72/><U58/><E2/><V120/><F120/><W81/><G71/><T94/><D108/><U125/><E131/><V118/><F32/><N who="1" m="12361" /><E66/><V0/><F0/><W61/><G132/><N who="0" m="50731" /><D119/><U122/><E122/><V9/><F105/><W51/><G110/><T76/><D76/><U63/><E14/><N who="2" m="7631" /><F73/><W128/><G5/><T1/><D1/><U50/><E50/><N who="2" m="26991" /><F111/><W55/><G61/><N who="0" m="40303" /><D22/><U115/><E115/><V75/><F75/><W54/><G83/><T34/><D34/><U4/><E4/><V37/><F37/><W24/><G24/><T78/><D78/><U62/><E63/><V117/><F64/><W127/><G127/><N who="1" m="48714" /><E93/><V57/><F118/><W21/><G21/><T89/><D95/><U28/><E62/><V26/><F117/><W43/><G43/><T38/><D6/><U10/><E10/><V29/><F29/><N who="1" m="11337" /><E23/><V84/><F84/><W44/><REACH who="3" step="1"/><G55/><REACH who="3" ten="139,265,445,141" step="2"/><T42/><D15/><U85/><E85/><V53/><F53/><W130/><G130/><T98/><D42/><U96/><E96/><V107/><F107/><W11/><G11/><T17/><D17/><U7/><E7/><V30/><F30/><W104/><G104/><T13/><D13/><U36/><E36/><AGARI ba="3,1" hai="36,38,40,46,49,89,94,98" m="40303,50731" machi="36" ten="30,1000,0" yaku="20,1" doraHai="12" who="0" fromWho="1" sc="139,29,265,-19,445,0,141,0" /><INIT seed="3,0,0,2,0,3" ten="168,246,445,141" oya="3" hai0="128,82,134,8,63,52,106,129,101,48,55,88,53" hai1="125,24,96,110,22,94,35,85,47,23,0,76,43" hai2="64,123,67,80,87,13,81,116,127,124,27,98,56" hai3="1,97,9,14,25,112,99,33,54,131,113,45,79"/><W72/><G72/><T46/><D134/><U20/><E110/><V120/><F116/><W38/><G79/><T49/><D63/><U60/><E0/><V21/><F13/><W90/><G131/><N who="0" m="50251" /><D106/><U105/><E125/><N who="2" m="48203" /><F98/><W26/><G1/><T19/><D101/><U10/><E35/><V92/><F92/><W95/><G97/><T39/><D39/><U119/><E119/><V83/><F87/><W77/><G77/><T40/><D49/><N who="1" m="26879" /><E105/><V16/><F56/><W103/><G103/><T37/><D37/><U108/><E108/><V74/><F74/><W93/><G93/><T86/><D40/><U114/><E114/><V122/><AGARI ba="0,0" hai="16,21,27,64,67,80,81,83,120,122,123" m="48203" machi="122" ten="40,5200,0" yaku="13,1,18,1,54,1" doraHai="3" who="2" fromWho="2" sc="168,-13,246,-13,445,52,141,-26" owari="155,-24.5,233,3.3,497,59.7,115,-38.5" /></mjloggm>