<mjloggm ver="2.3"><GO type="225" lobby="0"/><UN n0="%E3%81%A9%E3%82%8F%E3%82%93%E3%81%94" n1="%E3%81%99%E3%81%84%E3%81%BE%E3%81%9B%E3%83%BC%E3%82%93" n2="%77%72%77%72%77%72%77%72" n3="%73%6C%69%63%6B%33%31%39" dan="16,16,16,16" rate="2126.62,2122.92,2089.39,2163.82" sx="M,M,M,M"/><TAIKYOKU oya="0"/><INIT seed="0,0,0,0,0,59" ten="250,250,250,250" oya="0" hai0="25,20,29,100,37,12,117,116,40,84,115,64,38" hai1="53,132,35,110,49,119,26,2,31,71,90,99,102" hai2="93,72,33,28,120,87,85,57,124,9,46,97,65" hai3="68,73,66,69,121,42,63,48,62,105,98,32,108"/><T114/><D100/><U41/><E119/><N who="0" m="45641" /><D84/><U8/><E110/><V7/><F120/><W70/><G73/><T44/><D64/><U86/><E132/><V103/><F72/><W127/><G108/><T76/><D76/><U111/><E71/><N who="3" m="27210" /><G32/><N who="0" m="20527" /><D12/><U129/><E129/><V77/><F77/><W22/><G22/><T3/><D20/><U107/><E41/><V55/><F46/><N who="3" m="25687" /><G98/><T5/><D38/><U13/><E2/><V4/><F65/><N who="3" m="41271" /><G105/><T23/><D23/><U128/><E128/><V91/><F85/><W6/><G6/><T27/><D27/><U17/><E111/><V56/><F7/><W131/><G121/><T15/><D15/><U80/><E80/><V45/><F4/><W92/><G92/><T89/><D89/><U104/><E90/><V19/><F33/><W123/><G123/><T96/><D96/><U60/><E86/><V67/><F28/><W18/><G18/><T109/><D109/><U11/><E107/><V125/><F19/><W47/><G131/><T94/><D94/><U74/><E74/><V16/><F16/><W75/><G75/><T52/><D5/><U50/><E8/><V130/><F9/><W81/><G81/><T21/><D21/><U43/><E43/><V0/><F130/><W54/><G47/><N who="0" m="23951" /><D3/><U79/><E79/><V113/><F0/><W78/><G78/><T14/><D14/><U30/><E30/><V36/><F91/><W82/><G82/><T135/><D44/><U95/><E95/><V10/><F93/><W61/><G66/><T101/><D101/><U83/><E83/><V1/><F103/><RYUUKYOKU ba="0,0" sc="250,-10,250,30,250,-10,250,-10" hai1="11,13,17,26,31,35,49,50,53,60,99,102,104" /><INIT seed="1,1,0,5,0,32" ten="240,280,240,240" oya="1" hai0="103,58,118,12,119,73,26,106,130,94,47,108,6" hai1="38,3,19,37,104,79,127,81,15,86,129,111,93" hai2="76,14,113,51,34,98,1,68,109,22,62,69,30" hai3="89,31,25,27,105,63,20,131,123,8,48,52,2"/><U77/><E104/><V64/><F1/><W124/><G123/><T74/><D108/><U83/><E111/><V16/><F109/><W80/><G105/><T96/><D130/><U87/><E129/><V100/><F113/><W55/><G131/><T18/><D106/><U24/><E3/><V0/><F0/><W45/><G124/><T92/><D73/><U50/><E127/><V44/><F76/><W43/><G63/><T5/><D74/><U39/><E24/><V84/><F84/><N who="3" m="50311" /><G2/><T134/><D134/><U10/><E93/><V116/><F116/><W29/><G8/><N who="0" m="6407" /><D118/><U21/><REACH who="1" step="1"/><E50/><REACH who="1" ten="240,270,240,240" step="2"/><V33/><F30/><N who="3" m="17703" /><G27/><T53/><D119/><U71/><E71/><V70/><F70/><W56/><G29/><T122/><D26/><U120/><E120/><V11/><F69/><W88/><G31/><T117/><D122/><U78/><E78/><V75/><F34/><W67/><G48/><N who="0" m="28831" /><D117/><U60/><E60/><V72/><F33/><W82/><G82/><T97/><D58/><U41/><E41/><V126/><F126/><W66/><G56/><T23/><D94/><U112/><E112/><V7/><F51/><W49/><G49/><T102/><D92/><U57/><E57/><V128/><F128/><W46/><G43/><T17/><D103/><U54/><E54/><N who="3" m="20522" /><G88/><T28/><D102/><U107/><E107/><N who="2" m="63895" /><F44/><AGARI ba="1,1" hai="44,45,46,66,67" m="20522,17703,50311" machi="44" ten="30,2000,0" yaku="8,1,54,1" doraHai="32" who="3" fromWho="2" sc="240,0,270,0,240,-23,240,33" /><INIT seed="2,0,0,1,5,128" ten="240,270,217,273" oya="2" hai0="106,77,9,78,70,80,123,108,79,52,93,22,62" hai1="102,13,74,134,2,83,90,12,38,133,23,60,113" hai2="7,59,73,135,57,3,109,100,105,131,8,20,11" hai3="42,130,34,89,66,112,31,32,40,15,119,19,26"/><V107/><F131/><W65/><G119/><T21/><D106/><U6/><E113/><V124/><F73/><W1/><G130/><T30/><D123/><U54/><E38/><V5/><F124/><W114/><G1/><T95/><D108/><U76/><E102/><V87/><F109/><W44/><G34/><T117/><D117/><U121/><E121/><V27/><F87/><W125/><G125/><T4/><D70/><U84/><E23/><N who="0" m="8713" /><D30/><U10/><E54/><V97/><F107/><W88/><G15/><N who="0" m="5543" /><D80/><N who="1" m="49415" /><E60/><V37/><F37/><W48/><G19/><T56/><AGARI ba="0,0" hai="52,56,62,77,78,79,93,95" m="5543,8713" machi="56" ten="30,2000,0" yaku="8,1,54,1" doraHai="128" who="0" fromWho="0" sc="240,20,270,-5,217,-10,273,-5" /><INIT seed="3,0,0,1,0,50" ten="260,265,207,268" oya="3" hai0="88,114,16,96,53,76,27,101,82,45,78,99,72" hai1="89,119,116,108,41,0,25,135,4,64,10,52,130" hai2="38,67,122,126,51,124,26,90,42,117,36,102,60" hai3="125,39,111,73,127,65,87,98,100,43,84,46,95"/><W55/><G73/><T37/><D114/><U3/><E108/><V35/><F102/><W15/><G65/><T44/><D37/><N who="2" m="14442" /><F90/><W13/><G111/><T69/><D69/><U68/><E130/><V22/><F22/><W49/><G13/><T29/><D29/><U2/><E135/><V11/><F11/><W58/><REACH who="3" step="1"/><G15/><REACH who="3" ten="260,265,207,258" step="2"/><T47/><D72/><U133/><E64/><V31/><F117/><W109/><G109/><T79/><D101/><U21/><E0/><V66/><F122/><W134/><G134/><T123/><D123/><U59/><E2/><V14/><F14/><W61/><G61/><T62/><D62/><U75/><E75/><V7/><F60/><W77/><G77/><T120/><D120/><U81/><E133/><V23/><F66/><W113/><G113/><T12/><D79/><U97/><E3/><V20/><F67/><W80/><G80/><T86/><D78/><U30/><E81/><V94/><F7/><W18/><G18/><T71/><D76/><U118/><E4/><V19/><F19/><W54/><G54/><T112/><D112/><U128/><E119/><V9/><F9/><W28/><G28/><T24/><D12/><U8/><E8/><V63/><F63/><W105/><G105/><T91/><D16/><U70/><E10/><V93/><F93/><W104/><G104/><T121/><D121/><U74/><E118/><V106/><F94/><W131/><G131/><T48/><D71/><N who="1" m="27179" /><E128/><V1/><F106/><W132/><G132/><T85/><D82/><U34/><E116/><V40/><F1/><W5/><G5/><RYUUKYOKU ba="0,1" sc="260,-10,265,-10,207,-10,258,30" hai3="39,43,46,49,55,58,84,87,95,98,100,125,127" /><INIT seed="3,1,1,3,5,12" ten="250,255,197,288" oya="3" hai0="37,48,42,4,76,58,122,82,9,131,92,79,127" hai1="74,47,10,15,62,67,112,102,17,6,90,101,87" hai2="51,105,80,3,119,2,120,64,21,55,36,89,23" hai3="95,59,113,31,13,0,61,38,68,115,73,124,46"/><W123/><G0/><T104/><D122/><U16/><E74/><V99/><F119/><W85/><G73/><T50/><D104/><U107/><E112/><V108/><F36/><W39/><G31/><T97/><D131/><U106/><E106/><V96/><F120/><W34/><G34/><T109/><D109/><U72/><E72/><V135/><F108/><W28/><G28/><T81/><D127/><U126/><E47/><V86/><F135/><W84/><G68/><T78/><D37/><N who="3" m="13833" /><G46/><N who="0" m="25687" /><D9/><U129/><E129/><V83/><F105/><W121/><G85/><T66/><D4/><U100/><E107/><V54/><F64/><W75/><G75/><T14/><D14/><U45/><E45/><V32/><F32/><W63/><G63/><N who="0" m="38263" /><D50/><U22/><E22/><V1/><F1/><W70/><G70/><T111/><D111/><U44/><E44/><V53/><F53/><W52/><G124/><T132/><D132/><U27/><E27/><V71/><F71/><W94/><G84/><T57/><D57/><N who="1" m="37327" /><E126/><V88/><REACH who="2" step="1"/><F86/><REACH who="2" ten="250,255,187,288" step="2"/><W20/><G123/><T128/><D128/><U103/><N who="1" m="25600" /><DORA hai="26" /><U19/><E6/><V25/><F25/><W7/><G121/><T8/><D97/><U30/><E30/><V98/><F98/><W93/><G7/><T69/><D69/><U11/><E15/><V5/><F5/><W60/><G13/><T18/><D92/><AGARI ba="1,2" hai="10,11,16,17,19,87,90,92" m="25600,37327" machi="92" ten="40,8000,1" yaku="8,1,52,3,54,1" doraHai="12,26" who="1" fromWho="0" sc="250,-83,255,103,187,0,288,0" owari="167,-33.3,358,45.8,187,-21.3,288,8.8" /></mjloggm>