<mjloggm ver="2.3"><GO type="225" lobby="0"/><UN n0="%E3%81%AF%E3%82%88%E3%81%8A%E3%81%98%E3%81%95%E3%82%93" n1="%E6%9C%AA%E6%9D%A5%E5%B0%91%E5%B9%B4" n2="%E3%81%BF%E3%81%BF%E3%81%9A" n3="%77%72%77%72%77%72%77%72" dan="16,16,17,16" rate="2083.74,2163.79,2224.63,2140.78" sx="M,M,M,M"/><TAIKYOKU oya="0"/><INIT seed="0,0,0,5,0,78" ten="250,250,250,250" oya="0" hai0="32,63,2,39,6,30,129,95,53,28,26,56,36" hai1="77,103,45,0,15,37,105,76,12,88,5,118,83" hai2="115,54,108,109,125,116,40,87,62,11,128,24,55" hai3="90,121,74,18,49,97,130,117,111,25,58,134,113"/><T66/><D129/><U102/><E118/><V43/><F115/><W19/><G113/><T86/><D28/><U14/><E105/><V20/><F128/><W84/><G130/><T35/><D35/><U41/><E0/><V3/><F116/><W75/><G117/><T4/><D2/><U98/><E5/><N who="2" m="1471" /><F87/><W82/><G111/><N who="2" m="42569" /><F125/><W67/><G134/><T9/><D9/><U38/><E38/><V124/><F124/><W65/><G121/><T46/><D36/><U61/><E61/><V59/><F55/><N who="3" m="32111" /><G75/><T132/><D132/><U17/><E17/><AGARI ba="0,0" hai="17,20,24,40,43,54,59,62" m="42569,1471" machi="17" ten="30,1000,0" yaku="14,1" doraHai="78" who="2" fromWho="1" sc="250,0,250,-10,250,10,250,0" /><INIT seed="1,0,0,0,0,97" ten="250,240,260,250" oya="1" hai0="5,127,59,110,9,108,77,38,132,27,15,11,51" hai1="10,49,67,122,34,73,48,21,2,105,4,99,82" hai2="72,44,125,75,115,116,54,57,63,114,129,12,94" hai3="45,28,3,25,68,31,61,124,102,22,42,91,106"/><U117/><E117/><V60/><F116/><W7/><G124/><T74/><D38/><U112/><E112/><N who="2" m="43051" /><F125/><W113/><G113/><T47/><D127/><U37/><E122/><V89/><F129/><W39/><G91/><T56/><D132/><U119/><E119/><V17/><F44/><W14/><G14/><T1/><D27/><U81/><E34/><V46/><F46/><W20/><G7/><T101/><D101/><U80/><E73/><V8/><F63/><W109/><G3/><T24/><D24/><U0/><E37/><V29/><F29/><W120/><G109/><N who="0" m="42091" /><D77/><U35/><E35/><V92/><F92/><W100/><G120/><T128/><D74/><U36/><E36/><V65/><F65/><W133/><G133/><T85/><D85/><AGARI ba="0,0" hai="8,12,17,54,57,60,72,75,85,89,94" m="43051" machi="85" ten="30,1000,0" yaku="11,1" doraHai="97" who="2" fromWho="0" sc="250,-10,240,0,260,10,250,0" /><INIT seed="2,0,0,1,5,70" ten="240,240,270,250" oya="2" hai0="41,40,57,56,28,12,95,8,134,4,14,103,30" hai1="34,52,3,68,26,115,17,25,36,35,21,5,125" hai2="124,127,97,32,107,80,46,62,96,121,86,131,64" hai3="81,22,71,76,77,104,1,29,42,11,117,47,120"/><V132/><F121/><W67/><G120/><T39/><D134/><U90/><E115/><V0/><F0/><W111/><G117/><T59/><D39/><U58/><E68/><V44/><F32/><W109/><G104/><T51/><D12/><U110/><E36/><V18/><F132/><W91/><G71/><T55/><D103/><U79/><E110/><N who="3" m="41994" /><G67/><T33/><D95/><U122/><E122/><V43/><F131/><W15/><G1/><T23/><D33/><U128/><E128/><V135/><F135/><W112/><G112/><T84/><D84/><U66/><E66/><V7/><F7/><W61/><G61/><T72/><D72/><U37/><E37/><N who="2" m="21615" /><F18/><N who="3" m="8575" /><G91/><T2/><D2/><U119/><E79/><N who="2" m="46367" /><F46/><W69/><G69/><T38/><D38/><U50/><E119/><V63/><F107/><W20/><G29/><N who="0" m="11371" /><D23/><N who="3" m="8745" /><G81/><T123/><D123/><U94/><E3/><V53/><F64/><W16/><G16/><T74/><D74/><U78/><E17/><V65/><F65/><W102/><G102/><T108/><D108/><U9/><E5/><V106/><F106/><W114/><G114/><T6/><D4/><U92/><E92/><V100/><F100/><W13/><G13/><T99/><D99/><U27/><E94/><V98/><F53/><W10/><G10/><T85/><D85/><U54/><E9/><V49/><F49/><AGARI ba="0,0" hai="42,47,49,76,77" m="8745,8575,41994" machi="49" ten="30,1000,0" yaku="14,1" doraHai="70" who="3" fromWho="2" sc="240,0,240,0,270,-10,250,10" /><INIT seed="3,0,0,4,2,74" ten="240,240,260,260" oya="3" hai0="133,92,126,81,43,57,107,45,6,111,42,54,33" hai1="36,9,100,75,67,56,22,44,134,63,88,90,72" hai2="86,25,83,135,71,53,3,130,77,101,110,104,28" hai3="17,123,76,18,29,8,70,78,89,95,106,118,66"/><W125/><G106/><T24/><D107/><U11/><E134/><V114/><F114/><W7/><G118/><T80/><D133/><U30/><E100/><V113/><F113/><W21/><G123/><T64/><D111/><U1/><E75/><V34/><F135/><W2/><G125/><T26/><D126/><U112/><E112/><V60/><F110/><W119/><G119/><T39/><D42/><U99/><E72/><V52/><F3/><W96/><G29/><T51/><D6/><U12/><E1/><V109/><F130/><W102/><G18/><T37/><D39/><U115/><E115/><V40/><F40/><W41/><G41/><T87/><D64/><U121/><E121/><V46/><F46/><W4/><G4/><T127/><D127/><U38/><E44/><V93/><F93/><W19/><G19/><T16/><D24/><N who="1" m="16663" /><E36/><V31/><F31/><W73/><G73/><T91/><REACH who="0" step="1"/><D33/><REACH who="0" ten="230,240,260,260" step="2"/><U59/><E38/><V23/><F109/><W10/><G66/><T132/><D132/><U32/><E32/><V48/><F34/><W27/><G70/><T47/><D47/><U15/><E59/><N who="2" m="34919" /><F71/><W55/><G55/><T35/><D35/><U122/><E122/><V50/><F53/><W13/><G102/><T103/><D103/><U14/><E90/><V82/><F104/><W116/><G116/><T131/><D131/><U117/><E117/><V97/><F101/><W79/><G2/><T58/><D58/><U85/><E99/><V68/><F68/><W124/><G124/><T94/><D94/><AGARI ba="0,1" hai="9,11,12,14,15,56,63,67,85,88,94" m="16663" machi="94" ten="30,2000,0" yaku="8,1,54,1" doraHai="74" who="1" fromWho="0" sc="230,-20,240,30,260,0,260,0" /><INIT seed="4,0,0,0,1,38" ten="210,270,260,260" oya="0" hai0="0,46,57,108,112,17,60,127,56,122,117,70,85" hai1="15,111,62,25,55,27,19,82,39,13,63,107,28" hai2="113,135,11,37,116,125,31,51,66,29,21,124,106" hai3="6,104,68,114,99,61,109,49,34,10,134,97,128"/><T50/><D117/><U67/><E111/><V131/><F37/><W58/><G109/><T80/><D122/><U45/><E107/><V32/><F106/><W41/><G34/><T5/><D108/><U24/><E28/><V23/><F66/><W120/><G120/><T90/><D112/><U96/><E39/><V132/><F51/><W133/><G114/><T81/><D127/><N who="2" m="48714" /><F113/><W40/><G68/><T130/><D130/><U8/><E96/><N who="3" m="36938" /><G104/><T2/><D17/><U35/><E35/><V54/><F54/><N who="3" m="34007" /><G128/><T95/><D70/><U88/><E67/><V33/><F131/><W123/><G123/><T4/><D56/><U91/><E15/><V126/><F126/><W77/><G49/><T26/><D26/><U16/><E19/><V92/><F92/><W65/><G77/><T30/><D30/><N who="2" m="11274" /><F116/><W129/><G65/><N who="0" m="39055" /><D0/><U14/><E14/><V115/><F115/><W87/><G129/><T53/><D2/><U89/><E82/><AGARI ba="0,0" hai="4,5,46,50,53,80,81,82,85,90,95" m="39055" machi="82" ten="30,1500,0" yaku="8,1" doraHai="38" who="0" fromWho="1" sc="210,15,270,-15,260,0,260,0" /><INIT seed="4,1,0,1,4,86" ten="225,255,260,260" oya="0" hai0="48,114,128,26,72,9,125,23,13,47,53,63,42" hai1="83,92,120,134,119,109,71,78,101,51,29,84,31" hai2="85,117,7,45,132,89,122,75,100,88,118,108,69" hai3="46,79,41,64,95,131,97,54,103,17,98,39,87"/><T107/><D72/><U24/><E109/><V32/><F108/><W3/><G3/><T44/><D107/><U10/><E119/><N who="2" m="45579" /><F132/><W127/><G131/><T130/><D114/><U20/><E120/><V2/><F122/><W27/><G127/><T116/><D125/><U126/><E126/><V40/><F75/><W34/><G64/><T36/><D63/><U16/><E71/><V0/><F69/><W102/><G54/><T112/><D112/><U50/><E134/><V123/><F123/><W19/><G87/><T105/><D105/><U129/><E129/><N who="0" m="49769" /><D116/><U25/><E10/><N who="2" m="2407" /><F2/><W70/><G79/><T21/><D26/><U28/><REACH who="1" step="1"/><E25/><REACH who="1" ten="225,245,260,260" step="2"/><V90/><F32/><W94/><G70/><T33/><D33/><U38/><E38/><N who="2" m="21655" /><F100/><W15/><G15/><T73/><D73/><U135/><E135/><V1/><F1/><W22/><G34/><T67/><D67/><U113/><E113/><V12/><F12/><W81/><G27/><T115/><D115/><U49/><E49/><V124/><F124/><W14/><G14/><T37/><D36/><U99/><AGARI ba="1,1" hai="16,20,24,28,29,31,50,51,78,83,84,92,99,101" machi="99" ten="30,7900,0" yaku="1,1,0,1,8,1,54,1,53,0" doraHai="86" doraHaiUra="68" who="1" fromWho="1" sc="225,-40,245,92,260,-21,260,-21" owari="185,-31.5,337,43.7,239,3.9,239,-16.1" /></mjloggm>