<mjloggm ver="2.3"><GO type="225" lobby="0"/><UN n0="%E3%82%BC%E3%83%AB%E3%83%80%E3%81%AE%E4%BC%9D%E8%AA%AC" n1="%38%63%E3%81%AF%E3%81%A3%E3%81%97%E3%83%BC" n2="%6D%75%75%6D%75%72%61" n3="%E7%AD%89%E3%80%85%E5%8A%9B%E5%8A%87%E5%A0%B4" dan="16,16,16,16" rate="2170.17,2091.53,2148.36,2130.74" sx="M,M,F,M"/><TAIKYOKU oya="0"/><INIT seed="0,0,0,3,3,82" ten="250,250,250,250" oya="0" hai0="45,118,68,98,130,74,122,89,90,104,125,28,63" hai1="12,103,133,102,62,78,20,81,116,105,83,93,94" hai2="85,47,64,31,37,35,60,66,58,134,14,77,2" hai3="36,15,30,71,4,1,132,16,21,3,70,109,48"/><T51/><D118/><U10/><E20/><V123/><F123/><W131/><G36/><T115/><D115/><U80/><E62/><V76/><F2/><W19/><G48/><T38/><D122/><U108/><E12/><V29/><F134/><W26/><G71/><T44/><D74/><U88/><E10/><V11/><F35/><W87/><G70/><T96/><D28/><N who="2" m="10826" /><F37/><W114/><G87/><T73/><D73/><U69/><E69/><V52/><F85/><W39/><G39/><T49/><D38/><U128/><E133/><V100/><F100/><W79/><G79/><N who="2" m="30281" /><F47/><W5/><G132/><T34/><D68/><U53/><E103/><V106/><F106/><W119/><G119/><T101/><D34/><U43/><E105/><V61/><F61/><W18/><G114/><T97/><D63/><U126/><E102/><V57/><F57/><W46/><G46/><N who="0" m="18027" /><D101/><U75/><E75/><V120/><F120/><W117/><G117/><T55/><D104/><U54/><E116/><V135/><F135/><W72/><G72/><T92/><D90/><U13/><E88/><V23/><F23/><W99/><G99/><N who="0" m="57743" /><D51/><U59/><E78/><V124/><F124/><W9/><G131/><T25/><D130/><U113/><E126/><V95/><F95/><W17/><G109/><T84/><D125/><U50/><E128/><V27/><F27/><W0/><AGARI ba="0,0" hai="0,1,3,4,5,9,15,16,17,18,19,21,26,30" machi="0" ten="40,16000,3" yaku="0,1,35,6,54,1" doraHai="82" who="3" fromWho="3" sc="250,-80,250,-40,250,-40,250,160" /><INIT seed="1,0,0,3,2,73" ten="170,210,210,410" oya="1" hai0="105,6,34,74,125,68,95,42,47,131,62,57,85" hai1="9,25,48,10,89,7,113,112,78,119,128,51,123" hai2="81,49,133,21,27,63,37,12,60,1,83,126,61" hai3="115,44,4,111,50,75,77,97,58,35,72,104,102"/><U116/><E123/><V55/><F1/><W106/><G115/><T40/><D105/><U108/><E89/><V26/><F37/><W67/><G35/><T59/><D34/><U86/><E25/><V13/><F126/><W134/><G111/><T5/><D74/><U2/><E128/><V28/><F133/><W66/><G134/><T52/><D68/><U29/><E29/><V39/><F39/><W71/><G71/><T127/><D131/><U90/><E90/><V15/><REACH who="2" step="1"/><F26/><REACH who="2" ten="170,210,200,410" step="2"/><W110/><G110/><T120/><D120/><U46/><E108/><V45/><AGARI ba="0,1" hai="12,13,15,21,27,28,45,49,55,60,61,63,81,83" machi="45" ten="30,12000,2" yaku="1,1,2,1,0,1,8,1,53,3" doraHai="73" doraHaiUra="8" who="2" fromWho="2" sc="170,-30,210,-60,200,130,410,-30" /><INIT seed="2,0,0,3,4,76" ten="140,150,330,380" oya="2" hai0="122,41,6,35,9,72,75,47,12,74,130,85,19" hai1="117,34,95,5,25,111,13,50,124,62,58,15,80" hai2="27,39,59,108,90,60,52,129,101,56,61,82,48" hai3="83,31,89,3,42,118,16,107,132,99,65,113,28"/><V125/><F39/><W53/><G118/><T86/><D122/><U120/><E117/><V2/><F2/><W10/><G132/><T17/><D35/><U4/><E120/><V70/><F129/><W116/><G116/><T87/><REACH who="0" step="1"/><D130/><REACH who="0" ten="130,150,330,380" step="2"/><U44/><E111/><V127/><F108/><W109/><G109/><T79/><D79/><U133/><E133/><V8/><F125/><W102/><G113/><T55/><D55/><U64/><E124/><V98/><F127/><W11/><G53/><T106/><D106/><U66/><E66/><V93/><F52/><W22/><G65/><T71/><D71/><U135/><E135/><V7/><F70/><W69/><G69/><T105/><D105/><U91/><E34/><V121/><F121/><W0/><G107/><T33/><D33/><U43/><E25/><V30/><F27/><W112/><G112/><T1/><D1/><U40/><E40/><V46/><F59/><W88/><G0/><T94/><D94/><U114/><E114/><V126/><F56/><W78/><G3/><T128/><D128/><U32/><E32/><V51/><F126/><W38/><G78/><T45/><D45/><U92/><E95/><V134/><F46/><W68/><G68/><T110/><D110/><U96/><E80/><V119/><F134/><W26/><G83/><T104/><D104/><U29/><E29/><V24/><F119/><W103/><G31/><T123/><D123/><U77/><E77/><V49/><F24/><W37/><G28/><T57/><D57/><U23/><E13/><N who="2" m="5279" /><F30/><W18/><G26/><T115/><D115/><RYUUKYOKU ba="0,1" sc="130,10,150,10,330,10,380,-30" hai0="6,9,12,17,19,41,47,72,74,75,85,86,87" hai1="4,5,15,23,43,44,50,58,62,64,91,92,96" hai2="48,49,51,60,61,82,90,93,98,101" /><INIT seed="2,1,1,0,4,57" ten="140,160,340,350" oya="2" hai0="16,97,63,61,58,109,76,93,134,44,91,108,46" hai1="65,37,118,84,49,82,28,83,25,33,12,96,123" hai2="114,4,32,130,127,26,51,17,115,20,23,18,36" hai3="135,50,89,38,55,15,99,94,14,24,88,59,105"/><V56/><F36/><W116/><G116/><T104/><D134/><U7/><E37/><V120/><F120/><W30/><G38/><T119/><D119/><U92/><E118/><V29/><F127/><W77/><G135/><T69/><D76/><U81/><E123/><V87/><F130/><W22/><G105/><T72/><D72/><U8/><E49/><V6/><F87/><W2/><G2/><T121/><D121/><U90/><REACH who="1" step="1"/><E65/><REACH who="1" ten="140,150,340,350" step="2"/><V79/><F51/><W129/><G129/><T5/><D104/><U3/><E3/><V98/><F114/><W27/><G77/><AGARI ba="1,2" hai="7,8,12,25,28,33,77,81,82,83,84,90,92,96" machi="77" ten="30,2000,0" yaku="1,1,7,1,53,0" doraHai="57" doraHaiUra="40" who="1" fromWho="3" sc="140,0,150,43,340,0,350,-23" /><INIT seed="3,0,0,0,2,71" ten="140,193,340,327" oya="3" hai0="127,82,77,80,3,76,27,16,81,115,99,89,131" hai1="29,4,44,61,52,56,30,22,33,35,11,26,34" hai2="39,118,60,7,57,117,38,105,103,0,19,83,5" hai3="123,47,15,70,9,68,1,106,104,32,111,88,95"/><W62/><G123/><T98/><D3/><U114/><E114/><V107/><F83/><W72/><G1/><T124/><D115/><U64/><E29/><V10/><F0/><W101/><G72/><T48/><D48/><U92/><E92/><V69/><F69/><W24/><G111/><T49/><D49/><U41/><E64/><V23/><F103/><W121/><G121/><T97/><D89/><U135/><E135/><V55/><F105/><W100/><G106/><T116/><D116/><U122/><E122/><V109/><F107/><W75/><G75/><T46/><D46/><U17/><E4/><V113/><F109/><W50/><G104/><T63/><D63/><U90/><E90/><V85/><F113/><W128/><G128/><T126/><D131/><U12/><E11/><V86/><F10/><W42/><G70/><T110/><D110/><U8/><E8/><V93/><F117/><W94/><G94/><T125/><N who="0" m="31744" /><DORA hai="59" /><T20/><AGARI ba="0,0" hai="16,20,27,76,77,80,81,82,97,98,99" m="31744" machi="20" ten="70,12000,2" yaku="4,1,0,1,29,2,18,1,54,1" doraHai="71,59" who="0" fromWho="0" sc="140,120,193,-30,340,-30,327,-60" owari="260,-14.0,163,-33.7,310,41.0,267,6.7" /></mjloggm>