<mjloggm ver="2.3"><GO type="225" lobby="0"/><UN n0="%E9%89%A2%E5%B7%BB%E3%82%AC%E3%83%96" n1="%73%75%7A%75%6D%65%33" n2="%E8%A8%88%E7%AE%97%E6%A9%9F%E8%87%AA%E7%84%B6" n3="%E6%A1%9C%E8%8A%B1%E9%96%83%E3%80%85" dan="16,17,17,18" rate="2069.47,2201.60,2238.73,2286.95" sx="M,M,M,M"/><TAIKYOKU oya="0"/><INIT seed="0,0,0,0,4,60" ten="250,250,250,250" oya="0" hai0="14,69,120,3,76,129,57,55,67,23,49,11,73" hai1="0,109,116,78,36,22,19,7,59,58,16,84,106" hai2="126,56,107,117,98,26,92,90,40,123,30,34,13" hai3="50,62,44,85,130,54,75,132,61,88,125,128,38"/><T21/><D120/><U71/><E71/><V53/><F123/><W63/><G75/><T6/><D129/><N who="3" m="49769" /><G132/><T45/><D69/><U108/><E36/><V10/><F126/><W100/><G100/><T48/><D3/><U80/><E106/><V83/><F117/><W122/><G122/><T37/><D37/><U91/><E116/><V9/><F107/><W110/><G110/><N who="1" m="42602" /><E19/><V97/><F40/><N who="3" m="22551" /><G125/><T95/><D73/><N who="1" m="43087" /><E7/><V27/><F83/><N who="3" m="49215" /><G50/><T118/><D118/><U135/><E0/><V1/><F1/><W133/><G133/><T124/><D124/><U24/><E135/><V101/><F101/><W72/><G72/><T2/><D2/><U35/><E35/><V28/><F98/><W102/><G102/><T20/><D76/><U12/><E12/><V82/><F13/><W99/><G99/><T31/><D95/><AGARI ba="0,0" hai="16,22,24,58,59,84,91,95" m="43087,42602" machi="95" ten="30,2000,0" yaku="14,1,54,1" doraHai="60" who="1" fromWho="0" sc="250,-20,250,20,250,0,250,0" /><INIT seed="1,0,0,2,5,19" ten="230,270,250,250" oya="1" hai0="68,134,85,64,1,88,135,40,131,32,10,22,117" hai1="107,31,79,120,122,21,55,15,48,133,4,53,100" hai2="30,17,115,42,13,114,93,44,39,47,89,119,110" hai3="27,127,14,98,56,75,81,29,33,72,125,104,90"/><U38/><E38/><V26/><F110/><W7/><G56/><T20/><D117/><U74/><E133/><N who="0" m="50697" /><D32/><U60/><E60/><V43/><F119/><W103/><G7/><N who="0" m="1391" /><D131/><U34/><E34/><V130/><F130/><W66/><G66/><T6/><D6/><U116/><E55/><V129/><F129/><W111/><G14/><T18/><D18/><U86/><E74/><V84/><F17/><W70/><G70/><T95/><D40/><U87/><E116/><V96/><F96/><W16/><G111/><T121/><D121/><U61/><E4/><V113/><F13/><W58/><G58/><T52/><D52/><U46/><E61/><AGARI ba="0,0" hai="20,22,61,64,68,85,88,95" m="1391,50697" machi="61" ten="30,7700,0" yaku="20,1,52,2,54,1" doraHai="19" who="0" fromWho="1" sc="230,77,270,-77,250,0,250,0" /><INIT seed="2,0,0,4,2,109" ten="307,193,250,250" oya="2" hai0="91,61,35,86,18,14,42,122,25,50,76,79,103" hai1="20,118,116,131,114,134,73,10,0,58,57,24,80" hai2="5,3,99,75,28,52,54,19,27,117,40,89,12" hai3="113,111,64,7,125,121,49,72,30,8,92,41,62"/><V37/><F117/><W66/><G121/><T78/><D122/><U68/><E68/><V33/><F75/><W112/><G111/><T70/><D103/><U115/><E134/><V108/><F108/><W53/><G72/><T88/><D42/><U85/><E73/><V94/><F40/><W106/><G106/><T87/><D50/><U128/><E58/><V77/><F77/><W71/><G125/><T23/><D61/><U105/><E57/><V97/><F37/><W95/><G64/><T132/><D70/><U100/><E100/><V119/><F99/><W98/><G30/><T102/><D102/><U74/><E74/><V93/><F94/><W44/><G41/><T39/><D39/><U124/><E105/><V16/><F119/><N who="1" m="45609" /><E124/><V63/><F19/><W51/><G51/><T38/><D132/><U60/><E60/><V65/><F5/><W26/><G26/><T81/><D38/><U56/><E56/><V29/><F29/><W104/><G104/><T133/><D133/><U120/><E120/><V101/><F3/><W126/><G126/><T9/><D35/><U84/><E84/><V47/><F47/><W4/><G4/><T69/><D69/><U32/><E32/><V82/><F101/><N who="3" m="60615" /><G95/><T36/><D36/><U59/><E59/><N who="2" m="37119" /><F82/><W83/><G83/><T55/><D81/><U135/><E135/><V11/><F33/><W15/><G71/><T43/><D43/><U127/><E127/><V96/><F96/><W6/><G6/><T46/><D87/><U1/><E80/><V129/><F97/><W107/><G107/><T48/><D86/><RYUUKYOKU ba="0,0" sc="307,15,193,-15,250,-15,250,15" hai0="9,14,18,23,25,46,48,55,76,78,79,88,91" hai3="7,8,15,44,49,53,62,66,112,113" /><INIT seed="3,1,0,2,4,121" ten="322,178,235,265" oya="3" hai0="21,42,26,53,67,1,22,33,48,134,80,105,69" hai1="38,45,93,82,15,114,102,83,57,115,108,129,109" hai2="92,91,54,13,34,51,40,81,25,130,50,18,0" hai3="85,132,110,113,76,135,78,126,60,125,90,73,79"/><W131/><G60/><T66/><D105/><U29/><E29/><V103/><F130/><W39/><G39/><T116/><D1/><U24/><E24/><V63/><F0/><W17/><G17/><T117/><D42/><N who="1" m="22743" /><E15/><V64/><F40/><W3/><G3/><T59/><D33/><U16/><E16/><V61/><F81/><N who="3" m="49455" /><G110/><N who="1" m="42602" /><E129/><V100/><F25/><W68/><G131/><T71/><D66/><U99/><E57/><N who="2" m="36911" /><F34/><W98/><G132/><T23/><D134/><U8/><E8/><N who="2" m="6439" /><F63/><W70/><G135/><T120/><D22/><U49/><E49/><N who="2" m="18443" /><F54/><W5/><G68/><T72/><D21/><U75/><E82/><V37/><F37/><W106/><G70/><T111/><D69/><U74/><E83/><V27/><F27/><W95/><G5/><T128/><D111/><U62/><E62/><V36/><F36/><W9/><G9/><T122/><D128/><U86/><E86/><AGARI ba="1,0" hai="86,91,92,100,103" m="18443,6439,36911" machi="86" ten="30,1000,0" yaku="8,1" doraHai="121" who="2" fromWho="1" sc="322,0,178,-13,235,13,265,0" owari="322,42.2,165,-33.5,248,-15.2,265,6.5" /></mjloggm>