<mjloggm ver="2.3"><GO type="225" lobby="0"/><UN n0="%E3%82%B2%E3%82%B9%E8%8C%82%E5%8B%9D" n1="%72%69%6F%75%63%68%61%6E" n2="%E3%81%B8%E3%82%80%E3%81%B8%E3%82%80%EF%BC%92%E5%8F%B7" n3="%6D%75%75%6D%75%72%61" dan="16,17,16,16" rate="2041.80,2213.24,2129.70,2094.00" sx="F,M,M,F"/><TAIKYOKU oya="0"/><INIT seed="0,0,0,3,0,8" ten="250,250,250,250" oya="0" hai0="132,47,118,24,110,125,13,42,50,3,101,27,34" hai1="68,126,85,117,109,69,70,32,108,17,105,79,35" hai2="134,19,111,60,122,81,15,114,41,53,98,107,76" hai3="77,89,12,133,88,40,96,129,23,123,67,5,29"/><T37/><D118/><U112/><E117/><V72/><F114/><W28/><G129/><T7/><D125/><U62/><E126/><V14/><F122/><W39/><G123/><T38/><D132/><U65/><E112/><V83/><F111/><N who="1" m="42569" /><E105/><V49/><F134/><W103/><G133/><T92/><D110/><U0/><E0/><V121/><F121/><W54/><G77/><T10/><D3/><U58/><E17/><V30/><F30/><W128/><G67/><T59/><D34/><N who="1" m="12843" /><E79/><V63/><F41/><W43/><G54/><T22/><D59/><U119/><E119/><V75/><F75/><W4/><G128/><T95/><D27/><U9/><E9/><V135/><F135/><W44/><G40/><T73/><D73/><U57/><E85/><V90/><F107/><W45/><G43/><T26/><D26/><U82/><E82/><V116/><F116/><W120/><G39/><T131/><D131/><U31/><E57/><V6/><F6/><W64/><G4/><T33/><D33/><U91/><E91/><V99/><F99/><W74/><G74/><T51/><D37/><U97/><E97/><V16/><F98/><W48/><G120/><T93/><REACH who="0" step="1"/><D101/><REACH who="0" ten="240,250,250,250" step="2"/><U87/><E58/><N who="2" m="33071" /><F14/><W2/><G12/><T18/><AGARI ba="0,1" hai="7,10,13,18,22,24,38,42,47,50,51,92,93,95" machi="18" ten="30,6000,0" yaku="1,1,0,1,52,1,53,0" doraHai="8" doraHaiUra="106" who="0" fromWho="0" sc="240,70,250,-20,250,-20,250,-20" /><INIT seed="0,1,0,1,2,102" ten="310,230,230,230" oya="0" hai0="115,84,52,22,77,5,127,53,116,67,119,91,89" hai1="126,99,113,46,42,40,25,72,10,93,24,132,48" hai2="14,3,80,101,74,35,65,54,88,7,94,124,45" hai3="39,21,111,50,79,100,90,63,123,120,1,16,133"/><T130/><D115/><U86/><E113/><V62/><F35/><W117/><G117/><T112/><D112/><U131/><E126/><V36/><F124/><W108/><G39/><T6/><D127/><U31/><E131/><V75/><F3/><W55/><G1/><T43/><D67/><U2/><E132/><V49/><F36/><W18/><G133/><T38/><D77/><U98/><E72/><V58/><F101/><W61/><G100/><T17/><D130/><U82/><E40/><V66/><F80/><W11/><G11/><T106/><D106/><U95/><E95/><V60/><F14/><N who="3" m="9367" /><G18/><T128/><D128/><U129/><E129/><V32/><F7/><W47/><G90/><T57/><D38/><U9/><E2/><V4/><F4/><W15/><G15/><T23/><D17/><U26/><E31/><V125/><F32/><W87/><G87/><T8/><D84/><U118/><E118/><V109/><F109/><N who="3" m="42059" /><G79/><T76/><D76/><N who="1" m="46407" /><E99/><V97/><REACH who="2" step="1"/><F125/><REACH who="2" ten="310,230,220,230" step="2"/><W28/><G28/><T73/><D73/><U69/><E69/><AGARI ba="1,1" hai="45,49,54,58,60,62,65,66,69,74,75,88,94,97" machi="69" ten="30,7700,0" yaku="1,1,2,1,7,1,54,1,53,0" doraHai="102" doraHaiUra="37" who="2" fromWho="1" sc="310,0,230,-80,220,90,230,0" /><INIT seed="1,0,0,1,1,112" ten="310,150,310,230" oya="1" hai0="15,115,102,24,89,2,118,85,1,5,6,71,43" hai1="86,75,122,123,11,121,126,8,4,134,12,110,108" hai2="66,88,10,120,104,29,9,117,40,56,96,103,37" hai3="16,26,7,114,22,27,41,47,127,72,30,128,36"/><U111/><E75/><V98/><F117/><W19/><G114/><T113/><D71/><U50/><E86/><V28/><F120/><W34/><G72/><T109/><D118/><U87/><E87/><V63/><F37/><W20/><G128/><T14/><D43/><U80/><E80/><V83/><F40/><W94/><G127/><T45/><D45/><U23/><E50/><V51/><F51/><W93/><G7/><T60/><D60/><U73/><E73/><V13/><F9/><N who="1" m="3657" /><E126/><V81/><F81/><W125/><G125/><T133/><D85/><U21/><E134/><V76/><F76/><W49/><G36/><T95/><D95/><U116/><E116/><V62/><F62/><W48/><G49/><T31/><D102/><U57/><E57/><V100/><F100/><W46/><G46/><T106/><D89/><U59/><E59/><V0/><F0/><W70/><G70/><T18/><D106/><U131/><E131/><V82/><F82/><W92/><G92/><T129/><D129/><U119/><E119/><V39/><F39/><W61/><G61/><T58/><D58/><U52/><E52/><V91/><F83/><W105/><G105/><T42/><D133/><U53/><E53/><V107/><F107/><W44/><G44/><T130/><D130/><U65/><E65/><V101/><F101/><W79/><G79/><T69/><D69/><U3/><E3/><V67/><F67/><W74/><G74/><T84/><D113/><U55/><E55/><V54/><F54/><W77/><G77/><T78/><D115/><U25/><E25/><AGARI ba="0,0" hai="16,19,20,22,25,26,27,30,34,41,47,48,93,94" machi="25" ten="30,7700,0" yaku="6,1,7,1,9,1,54,1" doraHai="112" who="3" fromWho="1" sc="310,0,150,-77,310,0,230,77" /><INIT seed="2,0,0,1,1,31" ten="310,73,310,307" oya="2" hai0="107,54,82,122,32,33,59,49,37,2,29,114,127" hai1="99,71,130,98,83,35,5,123,56,46,44,97,52" hai2="6,22,28,118,45,17,7,111,43,125,126,23,8" hai3="57,58,86,79,13,61,119,14,120,55,104,67,133"/><V1/><F118/><W41/><G119/><T0/><D122/><U88/><E130/><V26/><F45/><W89/><G120/><T30/><D127/><N who="2" m="48650" /><F43/><W101/><G133/><T75/><D114/><U109/><E123/><V117/><F117/><W10/><G41/><T12/><D107/><U72/><E109/><V91/><F91/><W39/><G39/><T135/><D135/><U93/><E71/><V132/><F132/><W94/><G79/><T81/><D37/><U102/><E5/><N who="2" m="1071" /><F111/><W84/><G84/><T77/><D12/><AGARI ba="0,0" hai="6,7,12,17,22,23,26,28" m="1071,48650" machi="12" ten="30,5800,0" yaku="18,1,34,2" doraHai="31" who="2" fromWho="0" sc="310,-58,73,0,310,58,307,0" /><INIT seed="2,1,0,3,0,134" ten="252,73,368,307" oya="2" hai0="52,41,102,97,63,80,68,12,121,53,40,33,101" hai1="82,126,51,120,21,61,77,124,31,27,88,95,109" hai2="128,91,117,78,15,26,43,62,32,122,99,130,105" hai3="46,127,37,11,79,135,106,23,17,115,5,6,129"/><V66/><F117/><W98/><G135/><T65/><D33/><U44/><E109/><V14/><F122/><W94/><G129/><N who="2" m="49769" /><F43/><W84/><G115/><T34/><D121/><U104/><E104/><V76/><F76/><W4/><G106/><T90/><D34/><U71/><E120/><V30/><F78/><W100/><G127/><N who="1" m="48682" /><E71/><N who="2" m="42455" /><F91/><W86/><G79/><T7/><D41/><N who="1" m="24975" /><E61/><V59/><F59/><W69/><G69/><T110/><D40/><U125/><N who="1" m="48690" /><U16/><DORA hai="39" /><E31/><V18/><F18/><W50/><G37/><T38/><D110/><U47/><E47/><V55/><F55/><W113/><G113/><T123/><D38/><U13/><E77/><V93/><F93/><W73/><G46/><T108/><D108/><U81/><E27/><V72/><F72/><W49/><G73/><T92/><D123/><U89/><E89/><V1/><F1/><W131/><G131/><T2/><D2/><U20/><E20/><V45/><F45/><W24/><G11/><T103/><D53/><U58/><E58/><V0/><F0/><W132/><G132/><T48/><D52/><U114/><E114/><V67/><F67/><W118/><G118/><T19/><D48/><AGARI ba="1,0" hai="4,5,6,17,23,24,48,49,50,84,86,94,98,100" machi="48" ten="40,1300,0" yaku="8,1" doraHai="134,39" who="3" fromWho="0" sc="252,-16,73,0,368,0,307,16" /><INIT seed="3,0,0,5,3,65" ten="236,73,368,323" oya="3" hai0="48,134,67,82,74,51,89,26,90,130,127,118,84" hai1="106,132,47,104,58,21,50,36,63,14,80,24,8" hai2="64,29,27,72,135,66,117,52,19,95,34,5,88" hai3="16,101,13,75,107,35,85,54,76,113,111,38,46"/><W62/><G113/><T93/><D118/><U126/><E36/><V108/><F117/><W70/><G75/><T123/><D127/><U94/><E132/><V7/><F72/><W53/><G35/><T99/><D134/><U12/><E126/><V81/><F135/><W37/><G111/><T60/><D130/><U69/><E94/><V87/><F108/><W49/><G107/><T33/><D123/><U112/><E112/><V124/><F124/><W105/><G105/><T120/><D74/><U23/><E106/><V129/><F129/><W45/><G101/><T133/><D133/><U32/><E104/><V98/><F19/><W3/><G3/><T91/><D120/><U71/><E32/><V2/><F52/><W125/><G125/><T114/><D114/><U57/><E80/><V78/><REACH who="2" step="1"/><F2/><REACH who="2" ten="236,73,358,323" step="2"/><W20/><G53/><T97/><D33/><U17/><E14/><V41/><F41/><W56/><G45/><T109/><D26/><U40/><E21/><V119/><F119/><W115/><G115/><T77/><D109/><U55/><REACH who="1" step="1"/><E57/><REACH who="1" ten="236,63,358,323" step="2"/><V59/><F59/><W0/><G0/><T4/><D93/><U86/><E86/><V44/><F44/><W131/><G131/><T102/><D84/><U15/><E15/><V121/><F121/><W61/><G46/><T116/><D82/><U100/><E100/><V79/><F79/><W73/><G85/><T6/><D77/><U30/><AGARI ba="0,2" hai="8,12,17,23,24,30,40,47,50,55,58,63,69,71" machi="30" ten="20,8000,1" yaku="1,1,0,1,7,1,52,2,53,0" doraHai="65" doraHaiUra="92" who="1" fromWho="1" sc="236,-20,63,100,358,-20,323,-40" owari="216,-18.4,163,-33.7,338,43.8,283,8.3" /></mjloggm>