<mjloggm ver="2.3"><GO type="225" lobby="0"/><UN n0="%E3%81%86%E3%81%A9%E3%82%93%E3%81%93" n1="%E3%81%99%E3%81%84%E3%81%BE%E3%81%9B%E3%83%BC%E3%82%93" n2="%72%69%6F%75%63%68%61%6E" n3="%E5%AE%AE%E4%BF%9D%E9%B6%8F%E8%82%89" dan="16,16,17,16" rate="2154.40,2151.57,2242.65,2114.20" sx="M,M,M,M"/><TAIKYOKU oya="0"/><INIT seed="0,0,0,1,5,106" ten="250,250,250,250" oya="0" hai0="60,82,104,2,41,112,67,4,121,119,69,65,32" hai1="52,11,57,128,81,18,53,9,99,74,124,37,64" hai2="6,44,14,47,117,123,40,31,25,22,12,30,70" hai3="45,63,126,85,89,55,97,62,77,98,23,3,76"/><T108/><D112/><U96/><E37/><V127/><F127/><W7/><G126/><T8/><D119/><U133/><E124/><V17/><F123/><W109/><G109/><T100/><D121/><U28/><E128/><V103/><F117/><W83/><G3/><T36/><D67/><U48/><E133/><V43/><F70/><W26/><G7/><T111/><D32/><U29/><E64/><V46/><F103/><W84/><G45/><T118/><D118/><U38/><E38/><V92/><F92/><W87/><G87/><T93/><D93/><U75/><E81/><V33/><REACH who="2" step="1"/><F31/><REACH who="2" ten="250,250,240,250" step="2"/><N who="3" m="17887" /><G98/><N who="0" m="61463" /><D82/><U86/><E99/><V20/><F20/><W122/><G122/><T131/><D131/><U130/><E96/><V129/><F129/><W101/><G101/><T72/><D72/><U88/><E130/><V66/><F66/><W61/><G97/><T125/><D125/><U16/><E86/><V39/><F39/><W51/><G85/><T102/><D102/><U15/><E75/><V115/><F115/><W105/><G105/><T27/><D111/><U50/><E74/><V135/><F135/><W10/><G89/><T49/><D108/><U95/><E88/><V116/><F116/><W134/><G134/><T59/><D36/><U1/><E95/><V21/><F21/><W54/><G77/><T79/><D79/><U107/><E107/><V78/><F78/><W110/><G110/><T91/><D91/><U19/><E29/><V58/><F58/><N who="3" m="33119" /><G10/><AGARI ba="0,1" hai="6,10,12,14,17,22,25,30,33,40,43,44,46,47" machi="10" ten="40,2600,0" yaku="1,1,53,1" doraHai="106" doraHaiUra="13" who="2" fromWho="3" sc="250,0,250,0,240,36,250,-26" /><INIT seed="1,0,0,1,3,5" ten="250,250,276,224" oya="1" hai0="71,23,40,61,112,36,42,63,97,33,124,129,76" hai1="100,113,104,60,6,119,85,107,92,26,64,77,88" hai2="58,122,133,38,126,78,46,108,12,87,17,25,3" hai3="62,59,29,45,28,56,109,115,47,74,101,132,80"/><U19/><E113/><V0/><F122/><W14/><G115/><T96/><D33/><U69/><E119/><V1/><F108/><W106/><G109/><T9/><D112/><U16/><E77/><V48/><F133/><W27/><G132/><T84/><D129/><U4/><E100/><V130/><F126/><W123/><G123/><T120/><D120/><U81/><E92/><V41/><F130/><W7/><G106/><T128/><D128/><U50/><E50/><V18/><F25/><W55/><G101/><T114/><D114/><U51/><E51/><V131/><F131/><W72/><G80/><N who="0" m="47111" /><D71/><U39/><E39/><V22/><F17/><W49/><G74/><T127/><D23/><U79/><E79/><V32/><F32/><W82/><G82/><T98/><D36/><U94/><E81/><V121/><F121/><W66/><G72/><T53/><D9/><U117/><E117/><V10/><F78/><W93/><G93/><T43/><D53/><U75/><E75/><V105/><F87/><W95/><G95/><T90/><D90/><U99/><E19/><V57/><F105/><N who="1" m="40521" /><E85/><V11/><REACH who="2" step="1"/><F57/><REACH who="2" ten="250,250,266,224" step="2"/><W52/><G29/><T116/><D116/><U15/><E26/><V110/><F110/><W35/><REACH who="3" step="1"/><G66/><REACH who="3" ten="250,250,266,214" step="2"/><T134/><D134/><U89/><E89/><V70/><F70/><W13/><G13/><T8/><D127/><U91/><E91/><V67/><F67/><W37/><G37/><T73/><D124/><U103/><E103/><V86/><F86/><W34/><G34/><T44/><D73/><U102/><E102/><V125/><F125/><RYUUKYOKU ba="0,2" sc="250,-30,250,10,266,10,214,10" hai1="4,6,15,16,60,64,69,88,94,99" hai2="0,1,3,10,11,12,18,22,38,41,46,48,58" hai3="7,14,27,28,35,45,47,49,52,55,56,59,62" /><INIT seed="1,1,2,4,1,17" ten="220,260,276,224" oya="1" hai0="113,16,114,70,18,76,39,30,59,130,0,35,68" hai1="106,102,33,38,63,129,95,134,53,56,79,12,78" hai2="10,45,131,94,49,101,65,127,93,71,110,52,11" hai3="24,3,122,128,116,54,97,5,123,55,28,66,119"/><U41/><E33/><V25/><F110/><W37/><G37/><T23/><D39/><U100/><E129/><V62/><F127/><W99/><G128/><T22/><D130/><U21/><E106/><V98/><F131/><W13/><G3/><T51/><D76/><N who="1" m="29227" /><E38/><V135/><F135/><W31/><G66/><T26/><D0/><U57/><E41/><V67/><F65/><W104/><G104/><T14/><D59/><U118/><E134/><V60/><F62/><W112/><G112/><T2/><D51/><N who="1" m="30783" /><E95/><V77/><F77/><W69/><G69/><T72/><D2/><U32/><E32/><V111/><F111/><W125/><G125/><T86/><D72/><U80/><E80/><V46/><F46/><W84/><G84/><T108/><D108/><U124/><E118/><N who="3" m="45098" /><G55/><T121/><D86/><U92/><E124/><V27/><REACH who="2" step="1"/><F93/><REACH who="2" ten="220,260,266,224" step="2"/><W115/><G115/><T82/><D121/><U15/><E92/><V7/><F7/><W58/><G122/><T96/><D114/><U20/><E63/><V83/><F83/><W103/><G123/><T4/><D113/><U132/><E132/><V47/><F47/><W107/><G107/><T74/><D4/><U48/><E57/><V8/><AGARI ba="1,3" hai="8,10,11,25,27,45,49,52,60,67,71,94,98,101" machi="8" ten="30,7900,0" yaku="1,1,0,1,54,1,53,1" doraHai="17" doraHaiUra="88" who="2" fromWho="2" sc="220,-21,260,-40,266,112,224,-21" /><INIT seed="2,0,0,5,0,77" ten="199,220,378,203" oya="2" hai0="57,91,79,90,127,123,32,124,60,80,89,11,122" hai1="74,14,78,10,7,67,104,99,59,109,9,31,112" hai2="54,26,1,69,88,135,8,43,61,58,40,56,105" hai3="19,24,3,114,121,98,25,42,131,23,34,55,93"/><V96/><F69/><W134/><G121/><T5/><D32/><U33/><E112/><V84/><F135/><W101/><G3/><T2/><D122/><U97/><E109/><V126/><F126/><W22/><G34/><T95/><D123/><U37/><E37/><V20/><F105/><W13/><G131/><T116/><D116/><U71/><E71/><V94/><F1/><W133/><G114/><T115/><D95/><U76/><E104/><V41/><F8/><W73/><G73/><T30/><D30/><U70/><E70/><V108/><F108/><W39/><G39/><T106/><D106/><U117/><E117/><V16/><F58/><W75/><G42/><T52/><REACH who="0" step="1"/><D115/><REACH who="0" ten="189,220,378,203" step="2"/><U65/><E31/><V6/><F6/><W48/><G75/><AGARI ba="0,1" hai="2,5,11,52,57,60,75,79,80,89,90,91,124,127" machi="75" ten="40,8000,1" yaku="1,1,2,1,52,1,54,1,53,0" doraHai="77" doraHaiUra="128" who="0" fromWho="3" sc="189,90,220,0,378,0,203,-80" /><INIT seed="3,0,0,3,5,114" ten="279,220,378,123" oya="3" hai0="102,46,29,125,74,1,57,119,59,60,100,13,28" hai1="105,84,38,123,132,16,95,129,71,9,87,54,47" hai2="40,63,126,127,30,33,93,26,8,62,35,118,70" hai3="53,34,96,85,128,75,45,36,120,32,42,25,110"/><W5/><G120/><T135/><D1/><U112/><E105/><V66/><F118/><W117/><G117/><T99/><D74/><U77/><E71/><V80/><F40/><W111/><G75/><T67/><D119/><U41/><E123/><V55/><F35/><W98/><G128/><T124/><D135/><U50/><E112/><V76/><F93/><W10/><G85/><T109/><D109/><N who="3" m="41481" /><G53/><T83/><D83/><U3/><E132/><V65/><F55/><W48/><G48/><T51/><D59/><U6/><E129/><V88/><F8/><W49/><G49/><T115/><D115/><U97/><E77/><V44/><F44/><W15/><G25/><T116/><D116/><U58/><E16/><V72/><REACH who="2" step="1"/><F88/><AGARI ba="0,0" hai="3,6,9,38,41,47,50,54,58,84,87,88,95,97" machi="88" ten="30,2000,0" yaku="7,1,54,1" doraHai="114" who="1" fromWho="2" sc="279,0,220,20,378,-20,123,0" owari="279,7.9,240,-16.0,358,45.8,123,-37.7" /></mjloggm>