<mjloggm ver="2.3"><GO type="225" lobby="0"/><UN n0="%E6%98%93%E5%88%A9%E8%96%A9%E4%BC%AF" n1="%E3%81%B2%E3%81%AA%E3%81%AE%E3%82%8A%E3%81%8F" n2="%E7%99%BD%E6%97%A5%E9%9B%AA%E8%8F%9C" n3="%E3%82%B7%E3%83%B3%E5%A4%AA%E6%9C%97" dan="16,17,16,16" rate="2063.01,2170.92,2162.00,2168.29" sx="F,M,M,M"/><TAIKYOKU oya="0"/><INIT seed="0,0,0,5,2,130" ten="250,250,250,250" oya="0" hai0="98,9,6,16,116,25,110,51,119,74,95,2,134" hai1="121,11,128,12,67,69,52,96,18,125,100,13,61" hai2="102,123,115,86,132,66,46,93,72,113,28,8,111" hai3="1,107,120,31,38,79,3,81,117,122,77,55,59"/><T112/><D112/><U106/><E128/><V103/><F123/><N who="3" m="47147" /><G117/><T15/><D74/><U41/><E121/><V47/><F72/><W50/><G107/><T91/><D110/><U129/><E129/><V97/><F111/><W133/><G38/><T26/><D134/><U40/><E125/><V118/><F118/><W33/><G133/><T19/><D26/><U105/><E105/><V104/><F132/><W57/><G79/><T114/><D114/><U78/><E78/><V35/><F66/><W109/><G109/><T10/><REACH who="0" step="1"/><D51/><REACH who="0" ten="240,250,250,250" step="2"/><U20/><REACH who="1" step="1"/><E52/><REACH who="1" ten="240,240,250,250" step="2"/><V43/><F115/><W7/><G55/><T14/><D14/><U70/><E70/><V37/><F113/><W29/><G1/><T39/><D39/><U87/><E87/><V126/><F86/><W88/><G3/><T76/><D76/><U54/><E54/><V23/><F43/><W75/><G77/><T27/><D27/><U101/><E101/><V80/><F103/><W108/><G108/><T21/><AGARI ba="0,2" hai="2,6,9,10,15,16,19,21,25,91,95,98,116,119" machi="21" ten="30,6000,0" yaku="1,1,0,1,54,1,53,0" doraHai="130" doraHaiUra="68" who="0" fromWho="0" sc="240,80,240,-20,250,-20,250,-20" /><INIT seed="0,1,0,0,3,36" ten="320,220,230,230" oya="0" hai0="37,108,48,43,66,21,90,122,32,102,109,5,47" hai1="105,59,61,106,20,112,78,79,103,65,4,45,56" hai2="129,11,98,83,126,0,117,132,95,124,69,76,46" hai3="110,27,60,135,131,77,23,88,72,51,7,92,40"/><T18/><D122/><U73/><E112/><V30/><F69/><W16/><G135/><T89/><D32/><U114/><E114/><V128/><F117/><W113/><G113/><T25/><D102/><U14/><E73/><V93/><F30/><W80/><G110/><N who="0" m="42603" /><D66/><U29/><E59/><V74/><F46/><W64/><G131/><N who="2" m="50249" /><F11/><W12/><G40/><T130/><D130/><U44/><E44/><V41/><F0/><W52/><G7/><T97/><D97/><U13/><E4/><V96/><F41/><W87/><G60/><T31/><D5/><U54/><E105/><V118/><F118/><W84/><G64/><T26/><D37/><U100/><E106/><V38/><F38/><W55/><G72/><T42/><D42/><U127/><E127/><N who="2" m="48683" /><F132/><W82/><G82/><T24/><D31/><U71/><E71/><V33/><F33/><W116/><G116/><T99/><D99/><AGARI ba="1,0" hai="74,76,83,93,95,96,98,99" m="48683,50249" machi="99" ten="30,7700,0" yaku="19,1,18,1,34,2" doraHai="36" who="2" fromWho="0" sc="320,-80,220,0,230,80,230,0" /><INIT seed="1,0,0,2,2,91" ten="240,220,310,230" oya="1" hai0="48,28,105,44,71,60,130,131,23,135,108,22,80" hai1="129,104,32,92,31,40,13,25,123,18,34,97,115" hai2="126,63,46,53,69,102,52,132,67,38,95,88,113" hai3="65,11,101,47,81,29,118,109,86,100,7,107,75"/><U76/><E115/><V41/><F113/><W20/><G118/><T3/><D105/><U122/><E129/><V9/><F126/><W111/><G75/><T124/><D3/><U116/><E116/><V37/><F132/><W125/><G125/><T30/><D124/><U1/><E104/><V59/><F37/><W78/><G65/><T16/><D108/><N who="3" m="41545" /><G47/><T15/><D135/><U2/><E34/><V119/><F119/><W114/><G114/><T45/><D80/><U110/><E110/><V96/><F9/><W17/><G29/><T8/><D45/><U55/><E40/><V36/><F36/><W121/><G107/><T14/><D60/><U6/><E76/><V70/><REACH who="2" step="1"/><F102/><REACH who="2" ten="240,220,300,230" step="2"/><W94/><G121/><T24/><D71/><AGARI ba="0,1" hai="38,41,46,52,53,59,63,67,69,70,71,88,95,96" machi="71" ten="40,8000,1" yaku="1,1,2,1,52,1,54,2,53,0" doraHai="91" doraHaiUra="27" who="2" fromWho="0" sc="240,-80,220,0,300,90,230,0" /><INIT seed="2,0,0,4,1,71" ten="160,220,390,230" oya="2" hai0="124,125,45,12,88,56,74,6,79,78,1,58,95" hai1="130,49,62,118,26,66,121,73,7,48,113,82,133" hai2="90,81,19,43,77,42,114,5,89,131,59,85,135" hai3="67,104,109,55,63,18,97,13,76,61,15,98,52"/><V37/><F114/><W34/><G34/><T117/><D1/><U30/><E118/><V4/><F131/><W14/><G109/><T122/><D122/><U9/><E113/><V103/><F135/><W107/><G76/><T120/><D120/><U35/><E130/><V44/><F103/><W105/><G18/><T134/><D134/><U46/><E133/><V36/><F59/><W69/><REACH who="3" step="1"/><G63/><REACH who="3" ten="160,220,390,220" step="2"/><T31/><D117/><U108/><E108/><V27/><F19/><W68/><G68/><T128/><D128/><U127/><E121/><V94/><F77/><W92/><G92/><T11/><D78/><U32/><E35/><V101/><F5/><W20/><G20/><T86/><D31/><U129/><E129/><V84/><F4/><W23/><G23/><T102/><D79/><U83/><E73/><V93/><F93/><W3/><G3/><T65/><D74/><U39/><E32/><V87/><F94/><W28/><G28/><T50/><D102/><U57/><E30/><V54/><F101/><W22/><G22/><T80/><D95/><U132/><E132/><V33/><F33/><W53/><AGARI ba="0,1" hai="13,14,15,52,53,55,61,67,69,97,98,104,105,107" machi="53" ten="40,8000,1" yaku="1,1,0,1,29,2,54,1,53,0" doraHai="71" doraHaiUra="47" who="3" fromWho="3" sc="160,-20,220,-20,390,-40,220,90" /><INIT seed="3,0,0,3,0,72" ten="140,200,350,310" oya="3" hai0="5,38,39,74,93,114,127,125,86,123,131,80,65" hai1="112,40,55,116,83,85,81,59,119,31,43,47,52" hai2="118,48,77,18,79,0,124,13,63,25,6,96,91" hai3="44,78,19,82,87,107,60,41,92,97,90,61,46"/><W99/><G44/><T14/><D123/><U12/><E31/><V24/><F118/><N who="1" m="45097" /><E112/><V67/><F0/><W95/><G107/><T16/><D5/><U28/><E28/><V101/><F124/><W104/><G19/><T70/><D114/><U34/><E34/><V111/><F111/><W21/><G21/><T4/><D4/><U94/><E94/><N who="2" m="58519" /><F6/><W9/><G9/><T53/><D131/><U88/><E55/><V58/><F48/><W17/><G17/><T54/><D74/><U68/><E68/><V129/><F129/><W42/><G104/><T100/><D39/><N who="1" m="21919" /><E12/><V108/><F108/><W103/><REACH who="3" step="1"/><G41/><REACH who="3" ten="140,200,350,300" step="2"/><T121/><D121/><U134/><E43/><V128/><F128/><W64/><G64/><T126/><D38/><AGARI ba="0,1" hai="38,42,46,60,61,78,82,87,90,92,95,97,99,103" machi="38" ten="30,11600,0" yaku="1,1,7,1,52,1,53,1" doraHai="72" doraHaiUra="36" who="3" fromWho="0" sc="140,-116,200,0,350,0,300,126" owari="24,-47.6,200,-20.0,350,15.0,426,52.6" /></mjloggm>