<mjloggm ver="2.3"><GO type="225" lobby="0"/><UN n0="%4C%4F%4C%49%54%41" n1="%E3%82%A2%E3%83%A1%E3%82%A2%E3%83%A9%E3%83%AC" n2="%E6%97%A5%E6%9B%9C%E6%97%A5%E3%82%88%E3%82%8A%E3%81%AE%E4%BD%BF%E8%80%85" n3="%E3%81%A9%E3%82%93%E3%82%88%E3%81%8F%4D%6B%2E%32" dan="16,16,16,16" rate="2181.61,2182.03,2099.99,2163.75" sx="F,M,M,M"/><TAIKYOKU oya="0"/><INIT seed="0,0,0,3,0,4" ten="250,250,250,250" oya="0" hai0="46,75,105,60,65,36,5,29,80,74,54,103,106" hai1="121,10,98,1,118,128,48,18,13,33,42,134,63" hai2="123,89,84,28,114,129,34,77,64,85,55,127,38" hai3="107,49,53,37,9,17,93,58,44,102,61,88,41"/><T20/><D5/><U27/><E118/><V124/><F38/><W47/><G107/><T104/><D103/><U72/><E121/><V111/><F123/><W131/><G102/><T119/><D119/><U97/><E134/><V2/><F2/><W69/><G131/><T12/><D80/><U135/><E72/><V132/><F114/><W30/><G30/><T23/><D23/><N who="1" m="13815" /><E33/><V120/><F120/><W7/><G17/><T57/><D12/><U21/><E1/><V92/><F129/><W95/><G69/><T6/><D6/><N who="1" m="3287" /><E135/><V35/><F132/><W39/><G39/><T96/><D96/><U0/><E0/><V133/><F133/><W67/><G88/><T86/><D86/><U71/><E71/><V115/><F115/><W91/><G91/><T25/><REACH who="0" step="1"/><D65/><REACH who="0" ten="240,250,250,250" step="2"/><U50/><E21/><V26/><F35/><W122/><G122/><T79/><D79/><U76/><E76/><V14/><F34/><W130/><G130/><T94/><D94/><U100/><E98/><V99/><F127/><W113/><G113/><T116/><D116/><U22/><E22/><V126/><F124/><W43/><G67/><T24/><D24/><U16/><E97/><V87/><F126/><W117/><G117/><T112/><D112/><U59/><E100/><V32/><F32/><W70/><G93/><T108/><D108/><U66/><E128/><V81/><F111/><W3/><G95/><T19/><D19/><U45/><E16/><V90/><F77/><W110/><G110/><T52/><D52/><N who="1" m="32135" /><E66/><V15/><F64/><N who="3" m="41231" /><G53/><T11/><D11/><U8/><E8/><RYUUKYOKU ba="0,1" sc="240,10,250,10,250,-30,250,10" hai0="20,25,29,36,46,54,57,60,74,75,104,105,106" hai1="42,45,50,63" hai3="3,7,9,37,41,43,44,47,49,58" /><INIT seed="0,1,1,2,0,63" ten="250,260,220,260" oya="0" hai0="115,24,37,6,36,10,114,131,30,53,98,11,90" hai1="61,60,7,96,106,59,21,109,47,129,135,39,134" hai2="102,84,72,73,54,80,76,89,124,110,125,14,132" hai3="86,119,91,17,52,87,65,2,120,104,0,133,12"/><T122/><D122/><U99/><E109/><V117/><F14/><W49/><G119/><T50/><D131/><U121/><E121/><V74/><F54/><W62/><G104/><T18/><D18/><U56/><E129/><V101/><F117/><W35/><G35/><T44/><D98/><U55/><E7/><V34/><F34/><W88/><G120/><T92/><D90/><U5/><E5/><V85/><F110/><W46/><G133/><N who="1" m="50698" /><E106/><V100/><REACH who="2" step="1"/><F132/><REACH who="2" ten="250,260,210,260" step="2"/><W95/><G12/><T127/><D53/><N who="1" m="33807" /><E21/><V29/><F29/><W93/><G17/><T40/><D30/><U25/><E25/><V58/><F58/><AGARI ba="1,2" hai="0,2,46,49,52,58,62,65,86,87,88,91,93,95" machi="58" ten="30,8000,1" yaku="7,1,9,1,52,1,54,2" doraHai="63" who="3" fromWho="2" sc="250,0,260,0,210,-83,260,103" /><INIT seed="1,0,0,3,5,20" ten="250,260,127,363" oya="1" hai0="112,16,4,82,10,29,103,78,135,120,63,109,98" hai1="72,26,97,96,114,126,87,90,113,5,8,50,60" hai2="30,17,58,43,117,125,69,47,91,131,45,85,134" hai3="73,48,37,62,110,33,77,28,34,104,121,70,118"/><U19/><E126/><V127/><F117/><W52/><G37/><T129/><D112/><U101/><E72/><V81/><F69/><W79/><G104/><T128/><D109/><U41/><E60/><V107/><F107/><W66/><G121/><T80/><D135/><U119/><E119/><V64/><F134/><W105/><G105/><T56/><D120/><U9/><E41/><V92/><F131/><N who="0" m="50250" /><D29/><U89/><E50/><V46/><F30/><W84/><G73/><T123/><D123/><U106/><E96/><V11/><F43/><W100/><G100/><T86/><D80/><U39/><E39/><V68/><F68/><W51/><G51/><T6/><D98/><U122/><E122/><V67/><F81/><W54/><G54/><N who="0" m="34199" /><D103/><U13/><E90/><V18/><F58/><W88/><G110/><T108/><D108/><U21/><REACH who="1" step="1"/><E9/><REACH who="1" ten="250,250,127,363" step="2"/><V38/><F38/><W59/><G118/><T3/><D10/><U102/><E102/><V49/><F49/><W7/><G88/><T14/><D78/><U74/><E74/><V42/><F42/><W36/><G36/><T57/><D86/><U40/><E40/><V31/><F11/><W130/><G84/><T111/><D111/><U133/><E133/><V25/><F127/><W93/><G130/><T27/><D82/><AGARI ba="0,1" hai="5,8,13,19,21,26,82,87,89,97,101,106,113,114" machi="82" ten="30,5800,0" yaku="1,1,7,1,52,1,53,0" doraHai="20" doraHaiUra="115" who="1" fromWho="0" sc="250,-58,250,68,127,0,363,0" /><INIT seed="1,1,0,2,5,43" ten="192,318,127,363" oya="1" hai0="20,25,114,108,30,38,100,46,103,33,41,112,85" hai1="132,68,44,45,49,124,111,84,73,99,78,51,91" hai2="63,134,28,67,8,40,81,94,109,47,26,131,32" hai3="119,55,92,96,101,16,50,21,123,15,64,113,97"/><U74/><E68/><V23/><F109/><W117/><G123/><T53/><D108/><U24/><E111/><V77/><F131/><W7/><G113/><T3/><D3/><U93/><E132/><V36/><F134/><W133/><G133/><T10/><D33/><U39/><E39/><V6/><F94/><W18/><G64/><T125/><D125/><U135/><E135/><V89/><F89/><W35/><G35/><T80/><D10/><U107/><E124/><V75/><F23/><W5/><G97/><T88/><REACH who="0" step="1"/><D53/><REACH who="0" ten="182,318,127,363" step="2"/><U58/><E74/><V82/><F82/><W22/><G117/><T122/><D122/><U1/><E1/><V56/><F8/><W57/><G119/><T120/><D120/><U59/><E73/><V72/><F6/><W90/><G101/><AGARI ba="1,1" hai="20,25,30,38,41,46,80,85,88,100,101,103,112,114" machi="101" ten="40,5200,0" yaku="1,1,52,1,54,1,53,0" doraHai="43" doraHaiUra="2" who="0" fromWho="3" sc="182,65,318,0,127,0,363,-55" /><INIT seed="2,0,0,2,0,98" ten="247,318,127,308" oya="2" hai0="126,44,109,55,45,96,25,16,7,68,58,78,19" hai1="31,133,87,102,43,112,123,52,28,124,32,47,53" hai2="70,17,79,101,106,12,62,72,22,121,11,29,8" hai3="76,80,48,6,127,59,108,39,60,117,119,2,105"/><V35/><F121/><W54/><G39/><T10/><D68/><U129/><E112/><V18/><F79/><W64/><G105/><T135/><D109/><U113/><E113/><V13/><F72/><W51/><G108/><T50/><D135/><U71/><E71/><V91/><F91/><W69/><G127/><T82/><D126/><U86/><E124/><V92/><F106/><W33/><G33/><T122/><D122/><U67/><E67/><V110/><F110/><W36/><G36/><T93/><D19/><U27/><E123/><V49/><F35/><W3/><G51/><T38/><D38/><U75/><E75/><V74/><F74/><W103/><G103/><N who="0" m="60815" /><D7/><U26/><E129/><V63/><F70/><W30/><G30/><T65/><D65/><U73/><E73/><V97/><REACH who="2" step="1"/><F49/><REACH who="2" ten="247,318,117,308" step="2"/><W57/><G69/><T104/><D104/><U14/><E32/><V134/><F134/><W4/><G76/><T23/><D78/><U61/><E133/><V118/><F118/><W120/><G120/><T125/><D125/><U90/><E90/><V20/><F20/><W24/><G117/><T100/><D50/><U95/><E87/><V77/><F77/><W5/><G119/><T1/><D23/><U15/><E86/><V40/><F40/><W128/><G48/><T84/><D84/><U41/><E41/><V116/><F116/><W111/><G111/><T89/><D89/><U34/><E43/><V83/><F83/><W131/><G80/><T37/><D82/><U21/><E34/><V115/><F115/><W132/><G132/><T94/><D37/><RYUUKYOKU ba="0,1" sc="247,-10,318,-10,117,30,308,-10" hai2="8,11,12,13,17,18,22,29,62,63,92,97,101" /><INIT seed="2,1,1,0,1,32" ten="237,308,147,298" oya="2" hai0="18,54,23,94,115,108,96,114,105,7,111,75,86" hai1="122,109,6,45,22,116,17,2,48,79,65,84,129" hai2="56,102,3,106,87,0,39,113,74,36,38,12,59" hai3="127,98,11,64,68,24,117,34,42,69,37,31,26"/><V123/><F113/><W90/><G117/><T103/><D7/><U91/><E116/><V120/><F87/><W104/><G127/><T52/><D75/><U124/><E124/><V8/><F74/><W29/><G11/><T40/><D40/><U88/><E109/><N who="0" m="42057" /><D105/><U10/><E129/><V132/><F102/><N who="3" m="62551" /><G90/><T80/><D115/><U93/><E65/><V85/><F85/><W57/><G57/><N who="2" m="22089" /><F106/><W14/><G14/><N who="0" m="9687" /><D114/><U61/><E61/><V51/><F12/><W125/><G125/><T67/><D67/><U92/><E79/><AGARI ba="1,1" hai="52,54,79,80,86,94,96,103" m="9687,42057" machi="79" ten="30,2000,0" yaku="14,1,54,1" doraHai="32" who="0" fromWho="1" sc="237,33,308,-23,147,0,298,0" /><INIT seed="3,0,0,1,4,67" ten="270,285,147,298" oya="3" hai0="24,99,129,50,125,113,37,70,14,43,85,115,86" hai1="33,108,103,8,133,40,135,102,2,68,54,94,110" hai2="32,92,25,95,34,126,96,38,9,93,7,18,82" hai3="57,0,130,101,128,87,48,56,42,105,100,91,62"/><W49/><G0/><T66/><D37/><U46/><E33/><V63/><F38/><W44/><G105/><T52/><D43/><U19/><E54/><V16/><F126/><W114/><G114/><N who="0" m="43531" /><D129/><N who="3" m="49769" /><G48/><T5/><D125/><U77/><E77/><V121/><F121/><W11/><G11/><N who="0" m="4463" /><D24/><U112/><E68/><V1/><F96/><W134/><G134/><N who="1" m="51210" /><E94/><V116/><F116/><W28/><G28/><T124/><D99/><U90/><E90/><V97/><F97/><W79/><G79/><T117/><D117/><U65/><E65/><V107/><F107/><W22/><G22/><T123/><D123/><U21/><E112/><V106/><F106/><W127/><G127/><T55/><D55/><U72/><E72/><V83/><F63/><W51/><G51/><T45/><D124/><U89/><E89/><V64/><F64/><N who="3" m="38983" /><G57/><T111/><D111/><N who="1" m="42539" /><E8/><V3/><F3/><W12/><G12/><T4/><D4/><U76/><E76/><V58/><F58/><W73/><G73/><T35/><D35/><U69/><E69/><V75/><F34/><W31/><G31/><T30/><D30/><U6/><E6/><V10/><F75/><W84/><G84/><T61/><AGARI ba="0,0" hai="45,50,52,61,66,70,85,86" m="4463,43531" machi="61" ten="30,4000,0" yaku="11,1,52,1,54,1" doraHai="67" who="0" fromWho="0" sc="270,40,285,-10,147,-10,298,-20" owari="310,41.0,275,-12.5,137,-36.3,278,7.8" /></mjloggm>