<mjloggm ver="2.3"><GO type="225" lobby="0"/><UN n0="%E9%A2%A8%E3%81%A7%E9%B3%B4%E3%81%8F" n1="%E6%B0%B7%E5%B7%9D%E9%87%8C%E5%A5%88" n2="%4E%49%4A%49%49%52%4F" n3="%E6%A0%B9%E5%85%83%E3%81%8B%E3%82%89%E5%90%B9%E3%81%A3%E9%A3%9B%E3%81%B6" dan="16,16,17,17" rate="2156.70,2110.08,2206.84,2204.80" sx="M,F,M,F"/><TAIKYOKU oya="0"/><INIT seed="0,0,0,5,3,40" ten="250,250,250,250" oya="0" hai0="12,5,111,87,43,101,82,122,134,69,10,125,30" hai1="131,130,113,9,61,60,123,98,112,108,24,26,45" hai2="46,65,6,97,77,38,127,35,64,4,85,59,76" hai3="7,116,62,18,106,105,56,132,22,67,119,33,3"/><T115/><D69/><U94/><E123/><V80/><F35/><W11/><G33/><T44/><D122/><U50/><E9/><V83/><F127/><W51/><G132/><T95/><D115/><N who="1" m="44107" /><E108/><V129/><F129/><N who="1" m="49161" /><E26/><V81/><F97/><W37/><G37/><T104/><D111/><U114/><N who="1" m="44115" /><U13/><DORA hai="72" /><E13/><V66/><F59/><W109/><G109/><T91/><D125/><U96/><E24/><V21/><F21/><W135/><G135/><T117/><D134/><U27/><E27/><V20/><F20/><W86/><G86/><T74/><D117/><U2/><E2/><V63/><F63/><N who="1" m="24137" /><E94/><V17/><F17/><W14/><G119/><T58/><D58/><U42/><AGARI ba="0,0" hai="42,45,50,96,98" m="24137,49161,44115" machi="42" ten="50,6400,0" yaku="11,1,19,1,52,1" doraHai="40,72" who="1" fromWho="1" sc="250,-32,250,64,250,-16,250,-16" /><INIT seed="1,0,0,4,2,110" ten="218,314,234,234" oya="1" hai0="92,90,46,58,75,103,33,24,132,89,10,66,19" hai1="71,74,127,126,14,47,133,86,67,56,112,129,85" hai2="76,42,23,107,57,16,1,97,61,60,106,80,13" hai3="105,81,26,11,79,53,93,35,88,34,15,115,59"/><U121/><E121/><V123/><F1/><W0/><G0/><T48/><D75/><U51/><E74/><V134/><F123/><W100/><G115/><T130/><D130/><U39/><E129/><V117/><F117/><W3/><G3/><T98/><D132/><U118/><E118/><V2/><F2/><W40/><G40/><T114/><D114/><U17/><E133/><V101/><F134/><W113/><G113/><T73/><D73/><U27/><E27/><V125/><F125/><W122/><G122/><T45/><D45/><U44/><E44/><V87/><F42/><W77/><G77/><T9/><D33/><U124/><E112/><V83/><F83/><W38/><G38/><T109/><D109/><U28/><E28/><V52/><REACH who="2" step="1"/><F60/><REACH who="2" ten="218,314,224,234" step="2"/><W12/><G81/><T119/><D119/><U31/><E127/><V63/><F63/><W72/><G35/><T41/><D66/><U135/><E67/><V65/><F65/><W32/><G34/><T30/><D58/><U22/><E56/><V96/><F96/><W54/><G32/><T7/><D30/><U43/><E31/><V18/><F18/><W104/><G59/><T111/><D111/><U91/><E135/><V50/><F50/><W131/><G131/><T70/><D70/><U64/><E51/><V68/><F68/><W29/><G29/><T62/><D62/><N who="1" m="40343" /><E126/><V8/><F8/><N who="0" m="3178" /><D7/><U99/><E124/><V120/><F120/><W116/><G116/><T6/><BYE who="3" /><D6/><UN n3="%E6%A0%B9%E5%85%83%E3%81%8B%E3%82%89%E5%90%B9%E3%81%A3%E9%A3%9B%E3%81%B6" /><U108/><E108/><V20/><F20/><AGARI ba="0,1" hai="19,20,24,41,46,48,89,90,92,98,103" m="3178" machi="20" ten="30,1000,0" yaku="8,1" doraHai="110" who="0" fromWho="2" sc="218,20,314,0,224,-10,234,0" /><INIT seed="2,0,0,3,1,111" ten="238,314,214,234" oya="2" hai0="52,20,46,61,26,54,29,1,19,27,69,93,4" hai1="98,55,126,62,71,115,9,56,38,86,59,43,102" hai2="134,33,131,7,8,114,127,92,17,88,24,15,44" hai3="58,23,34,78,82,11,81,95,0,13,10,42,63"/><V2/><F127/><W60/><G34/><T66/><D1/><U37/><E126/><V96/><F131/><W91/><G42/><T50/><D4/><U14/><E71/><V90/><F134/><W118/><G118/><T39/><D93/><U51/><E43/><V45/><F114/><W18/><G63/><T129/><D129/><U110/><E86/><V125/><F125/><W104/><G104/><T31/><D39/><U113/><E110/><V121/><F121/><W94/><G94/><T89/><D89/><U87/><E87/><V64/><F64/><W21/><G21/><T106/><D106/><U74/><E74/><V40/><F90/><W49/><G49/><T119/><D119/><U130/><E130/><V132/><F132/><W3/><G3/><T101/><D101/><U117/><E117/><V85/><F85/><N who="3" m="52719" /><G0/><T47/><D26/><U73/><E73/><V112/><F112/><W6/><G78/><T77/><D77/><U80/><E80/><N who="3" m="30826" /><G6/><T84/><D84/><U123/><E123/><V122/><F122/><W53/><AGARI ba="0,0" hai="10,11,13,18,23,53,58,60" m="30826,52719" machi="53" ten="30,1100,0" yaku="8,1" doraHai="111" who="3" fromWho="3" sc="238,-3,314,-3,214,-5,234,11" /><INIT seed="3,0,0,2,3,98" ten="235,311,209,245" oya="3" hai0="135,133,9,10,104,31,122,80,21,85,49,130,14" hai1="76,132,56,73,116,97,124,59,4,70,7,60,78" hai2="118,69,101,126,86,115,64,6,88,110,35,72,37" hai3="75,66,62,38,105,125,32,65,41,111,99,50,71"/><W68/><G75/><T117/><D122/><U45/><E70/><V19/><F118/><W84/><G32/><T34/><D117/><U28/><E116/><V24/><F115/><W102/><G125/><T44/><D104/><U36/><E73/><V46/><F72/><W120/><G120/><T2/><D34/><U33/><E33/><V95/><F126/><W0/><G50/><T12/><D2/><U51/><E36/><V16/><F6/><N who="1" m="2089" /><E132/><N who="0" m="50761" /><D130/><U92/><E28/><V103/><F110/><W127/><G84/><T89/><D31/><U42/><E124/><V93/><F69/><W57/><G111/><T23/><D14/><U83/><E83/><N who="2" m="49247" /><F64/><W134/><G134/><T15/><D15/><U79/><E60/><V90/><F35/><W20/><G0/><T91/><D91/><AGARI ba="0,0" hai="42,45,51,56,59,76,78,79,91,92,97" m="2089" machi="91" ten="30,1000,0" yaku="8,1" doraHai="98" who="1" fromWho="0" sc="235,-10,311,10,209,0,245,0" owari="225,-17.5,321,42.1,209,-29.1,245,4.5" /></mjloggm>