<mjloggm ver="2.3"><GO type="225" lobby="0"/><UN n0="%70%68%65%6E%6F%6D%65" n1="%E3%83%A1%E3%82%AC%E3%83%87%E3%82%B8" n2="%E5%84%AA%40%41%42%43" n3="%72%61%6B%33" dan="17,16,17,16" rate="2177.94,2109.04,2227.92,2201.69" sx="M,F,M,M"/><TAIKYOKU oya="0"/><INIT seed="0,0,0,3,1,94" ten="250,250,250,250" oya="0" hai0="116,29,76,128,121,100,51,110,88,79,38,30,85" hai1="57,2,56,115,54,64,8,39,68,37,73,112,7" hai2="104,46,105,67,129,89,11,125,13,87,106,55,132" hai3="34,86,75,123,131,23,63,83,22,119,118,36,93"/><T4/><D38/><U71/><E73/><V109/><F109/><W52/><G34/><T84/><D116/><U97/><E57/><V59/><F132/><W74/><G36/><N who="1" m="13898" /><E64/><V42/><F129/><W31/><G131/><T24/><D121/><U10/><E10/><V19/><F67/><W62/><G93/><T18/><D128/><U102/><E56/><V81/><F125/><W40/><G86/><T43/><D4/><U1/><E54/><V5/><F42/><W107/><G31/><N who="0" m="11787" /><D100/><U122/><E1/><V44/><REACH who="2" step="1"/><F5/><REACH who="2" ten="250,250,240,250" step="2"/><W90/><G40/><T47/><D110/><U77/><E122/><V80/><F80/><W72/><G83/><N who="0" m="49183" /><D85/><U48/><E115/><V9/><F9/><W6/><G74/><T35/><D35/><U114/><E112/><V101/><F101/><W134/><G6/><T26/><D26/><U50/><E114/><V120/><F120/><W16/><G123/><T98/><D98/><U91/><E7/><V3/><F3/><W117/><G117/><T103/><D103/><U60/><E102/><V58/><F58/><W15/><G75/><T17/><D24/><U28/><E2/><V25/><F25/><W65/><G72/><T92/><D92/><U32/><E32/><V111/><F111/><W0/><G119/><T41/><D43/><U14/><E71/><V124/><F124/><W61/><G118/><T108/><D108/><U113/><E68/><V95/><F95/><W53/><G0/><T126/><D126/><U70/><E70/><V49/><AGARI ba="0,1" hai="11,13,19,44,46,49,55,59,81,87,89,104,105,106" machi="49" ten="30,2000,0" yaku="1,1,0,1,53,0" doraHai="94" doraHaiUra="27" who="2" fromWho="2" sc="250,-10,250,-5,240,30,250,-5" /><INIT seed="1,0,0,5,0,87" ten="240,245,270,245" oya="1" hai0="111,19,7,78,13,64,101,72,109,126,3,125,56" hai1="116,104,105,118,2,31,90,71,54,59,108,14,17" hai2="57,23,123,121,110,25,29,82,58,129,44,92,45" hai3="112,61,93,32,67,79,102,12,5,122,96,39,20"/><U52/><E2/><V77/><F110/><N who="0" m="41994" /><D101/><U36/><E71/><V132/><F132/><W26/><G122/><T34/><D78/><U103/><E36/><V75/><F129/><W65/><G112/><T46/><D72/><U50/><E31/><V74/><F74/><W134/><G134/><T85/><D85/><U35/><E35/><V55/><F57/><W27/><G39/><T97/><D97/><U86/><E108/><V9/><F9/><W11/><G32/><T106/><D106/><U53/><E105/><V8/><F8/><W6/><G79/><T115/><D115/><U119/><E103/><V47/><REACH who="2" step="1"/><F92/><REACH who="2" ten="240,245,260,245" step="2"/><W98/><G11/><T24/><D56/><U41/><E104/><V130/><F130/><W16/><G5/><T28/><D7/><U88/><E59/><V40/><F40/><W80/><G6/><T10/><D3/><U81/><E41/><V84/><F84/><W37/><G96/><T113/><D113/><U22/><REACH who="1" step="1"/><E50/><AGARI ba="0,1" hai="23,25,29,44,45,47,50,55,58,75,77,82,121,123" machi="50" ten="40,1300,0" yaku="1,1,53,0" doraHai="87" doraHaiUra="63" who="2" fromWho="1" sc="240,0,245,-13,260,23,245,0" /><INIT seed="2,0,0,1,3,34" ten="240,232,283,245" oya="2" hai0="87,60,133,82,8,38,76,56,129,51,6,135,70" hai1="31,63,109,54,45,132,33,95,122,55,2,20,105" hai2="65,98,112,96,15,25,85,117,21,86,30,1,27" hai3="5,97,37,22,77,103,11,57,125,78,83,128,40"/><V47/><F112/><W16/><G125/><T80/><D38/><U35/><E105/><V67/><F117/><W118/><G118/><T44/><D70/><U43/><E2/><V7/><F1/><W108/><G108/><T52/><D129/><U64/><E109/><V29/><F47/><W62/><G128/><T74/><D82/><U134/><E122/><V10/><F85/><W23/><G40/><T90/><D74/><U124/><E20/><N who="2" m="15527" /><F86/><W81/><G37/><T49/><D90/><U66/><E95/><V111/><F111/><W13/><G83/><T41/><REACH who="0" step="1"/><D51/><REACH who="0" ten="230,232,283,245" step="2"/><U101/><E124/><V130/><F130/><W36/><G36/><T18/><D18/><U59/><E134/><V42/><F42/><W17/><G17/><T46/><D46/><U75/><E75/><V9/><F9/><W99/><G81/><T131/><D131/><U114/><E43/><V4/><F4/><W53/><G99/><AGARI ba="0,1" hai="7,10,15,21,27,30,65,67,96,98,99" m="15527" machi="99" ten="30,1500,0" yaku="8,1" doraHai="34" who="2" fromWho="3" sc="230,0,232,0,283,25,245,-15" /><INIT seed="2,1,0,4,3,93" ten="230,232,308,230" oya="2" hai0="96,77,103,42,87,39,106,120,15,68,116,63,62" hai1="131,51,133,49,82,50,56,119,86,102,71,91,67" hai2="81,4,124,24,112,69,88,52,98,13,75,101,46" hai3="40,5,27,89,19,25,41,53,3,109,35,55,21"/><V2/><F112/><W6/><G109/><T11/><D120/><U14/><E119/><V85/><F2/><W30/><G89/><T16/><D116/><U20/><E131/><V61/><F124/><W44/><G41/><T79/><D87/><U127/><E127/><V34/><F75/><W17/><G17/><T64/><REACH who="0" step="1"/><D63/><REACH who="0" ten="220,232,308,230" step="2"/><U110/><E110/><V72/><F61/><W32/><G32/><T47/><AGARI ba="1,1" hai="11,15,16,39,42,47,62,64,68,77,79,96,103,106" machi="47" ten="30,12000,2" yaku="1,1,2,1,0,1,52,1,54,1,53,1" doraHai="93" doraHaiUra="92" who="0" fromWho="0" sc="220,133,232,-31,308,-61,230,-31" /><INIT seed="3,0,0,0,2,81" ten="353,201,247,199" oya="3" hai0="94,8,24,100,83,108,59,82,29,60,97,56,103" hai1="33,115,2,80,13,123,104,116,65,34,39,37,17" hai2="120,77,78,63,131,109,114,74,4,21,102,88,32" hai3="42,14,132,41,54,69,92,130,30,6,27,55,85"/><W91/><G130/><T9/><D108/><U11/><E123/><V48/><F32/><W98/><G132/><T47/><D100/><U107/><E115/><V119/><F102/><W66/><G69/><T112/><D112/><U68/><E116/><V90/><F119/><W50/><G66/><N who="0" m="39175" /><D47/><U127/><E127/><V25/><F4/><W125/><G125/><T71/><D71/><U49/><E49/><V84/><F48/><W70/><G70/><T128/><D128/><U72/><E13/><V0/><F21/><W89/><G14/><T76/><D59/><U105/><E17/><V135/><F25/><W101/><G6/><T5/><D76/><N who="1" m="44039" /><E11/><N who="0" m="4169" /><D5/><U95/><E95/><V53/><F114/><W46/><G54/><T67/><D67/><U43/><E2/><V118/><F0/><W36/><G36/><N who="1" m="13898" /><E43/><V64/><F118/><W106/><REACH who="3" step="1"/><G91/><REACH who="3" ten="353,201,247,189" step="2"/><T19/><D19/><U44/><E44/><V7/><F88/><W22/><AGARI ba="0,1" hai="22,27,30,41,42,46,50,55,85,89,92,98,101,106" machi="22" ten="20,12000,1" yaku="1,1,2,1,0,1,7,1,52,1,53,0" doraHai="81" doraHaiUra="79" who="3" fromWho="3" sc="353,-40,201,-40,247,-40,189,130" owari="313,11.3,161,-33.9,207,-19.3,319,41.9" /></mjloggm>