<mjloggm ver="2.3"><GO type="225" lobby="0"/><UN n0="%E3%82%BF%E3%83%BC%E3%83%90%E3%83%B3%E9%87%8E%E5%8F%A3" n1="%E3%83%A9%E3%83%96%E3%83%AC%E3%83%BC" n2="%72%61%6B%33" n3="%E7%89%B9%E6%9D%B1%E3%81%AF%E4%B8%96%E7%95%8C%E3%82%92%E6%95%91%E3%81%86" dan="16,18,16,16" rate="2110.67,2145.36,2084.78,2111.68" sx="M,M,M,M"/><TAIKYOKU oya="0"/><INIT seed="0,0,0,1,3,135" ten="250,250,250,250" oya="0" hai0="110,85,58,9,3,34,119,123,46,107,90,134,41" hai1="44,98,106,87,83,5,73,109,131,52,99,35,130" hai2="59,45,16,96,49,79,57,77,125,127,86,78,0" hai3="101,32,102,37,63,6,12,126,38,50,97,91,129"/><T133/><D123/><U89/><E35/><V103/><F0/><W93/><G32/><T114/><D114/><U47/><E109/><V28/><F28/><W105/><G129/><N who="1" m="49162" /><E73/><V24/><F86/><W29/><G29/><T65/><D119/><U124/><E5/><V13/><F24/><W8/><G102/><T100/><D34/><U10/><E10/><V94/><F57/><W48/><G63/><N who="0" m="38135" /><D100/><N who="1" m="62743" /><E124/><N who="2" m="47691" /><F59/><W104/><G126/><T81/><D107/><U7/><E7/><V21/><F77/><W88/><G6/><T23/><D3/><U4/><E4/><V42/><AGARI ba="0,0" hai="13,16,21,42,45,49,78,79,94,96,103" m="47691" machi="42" ten="30,8000,1" yaku="18,1,52,3,54,1" doraHai="135" who="2" fromWho="2" sc="250,-40,250,-20,250,80,250,-20" /><INIT seed="1,0,0,5,4,61" ten="210,230,330,230" oya="1" hai0="100,60,48,122,17,87,43,131,80,68,123,77,116" hai1="103,13,62,37,120,98,118,4,104,112,0,21,38" hai2="133,108,30,117,5,14,39,130,32,115,101,10,126" hai3="83,105,132,69,16,119,71,25,81,47,63,1,59"/><U31/><E118/><V50/><F39/><W44/><G105/><T20/><D116/><U42/><E112/><V114/><F101/><W33/><G119/><T97/><D131/><U58/><E120/><N who="0" m="46121" /><D43/><U11/><E42/><V23/><F117/><W66/><G1/><T102/><D48/><U110/><E110/><V135/><F50/><W34/><G132/><N who="2" m="50761" /><F130/><W28/><G33/><T107/><D102/><U90/><E90/><V125/><F32/><W93/><G93/><T127/><D127/><N who="2" m="48650" /><F108/><W24/><G69/><T19/><D20/><U15/><E38/><V128/><F128/><W7/><G71/><T29/><D29/><U12/><E37/><V40/><F40/><W64/><G34/><T41/><D41/><U74/><E31/><V106/><F106/><W79/><G28/><T121/><N who="0" m="46129" /><T82/><DORA hai="36" /><D80/><U65/><REACH who="1" step="1"/><E74/><REACH who="1" ten="210,220,330,230" step="2"/><V73/><F73/><W72/><G72/><T35/><D100/><U46/><E46/><V67/><F67/><W53/><G44/><T54/><D35/><U76/><E76/><V26/><AGARI ba="0,1" hai="5,10,14,23,26,30,114,115" m="48650,50761" machi="26" ten="40,8000,1" yaku="20,1,18,1,34,2" doraHai="61,36" who="2" fromWho="2" sc="210,-20,220,-40,330,90,230,-20" /><INIT seed="2,0,0,1,0,128" ten="190,180,420,210" oya="2" hai0="104,93,51,131,105,57,52,29,67,11,92,130,87" hai1="17,110,108,102,69,114,86,99,107,117,1,78,80" hai2="26,83,7,65,129,112,121,62,9,74,73,59,12" hai3="94,8,14,97,61,89,40,55,30,27,41,132,82"/><V109/><F112/><W10/><G132/><T76/><D29/><U45/><E1/><V68/><F121/><W23/><G82/><N who="0" m="47559" /><D67/><U33/><E33/><V18/><F129/><N who="0" m="49162" /><D11/><N who="3" m="4137" /><G14/><T16/><D16/><U71/><E114/><V46/><F109/><N who="1" m="42089" /><E117/><V122/><F122/><W79/><G79/><T20/><D20/><U15/><E45/><V119/><F46/><W24/><G24/><T63/><D63/><U6/><E6/><V123/><F119/><W35/><G35/><T106/><AGARI ba="0,0" hai="51,52,57,92,93,104,105,106" m="49162,47559" machi="106" ten="40,2700,0" yaku="19,1,54,1" doraHai="128" who="0" fromWho="0" sc="190,27,180,-7,420,-13,210,-7" /><INIT seed="3,0,0,5,2,45" ten="217,173,407,203" oya="3" hai0="134,27,89,38,62,104,114,83,125,15,117,99,118" hai1="64,86,111,112,82,120,47,11,124,88,13,98,70" hai2="65,5,50,1,75,77,103,14,33,60,8,94,72" hai3="43,129,90,133,80,21,41,96,40,109,10,52,84"/><W119/><G119/><T135/><D38/><U66/><E120/><V93/><F33/><W35/><G35/><T106/><D125/><U100/><E112/><V102/><F1/><W26/><G129/><T92/><D114/><U67/><E124/><V130/><F130/><W101/><G133/><N who="0" m="50699" /><D27/><U108/><E70/><V31/><F31/><W6/><G109/><T29/><D29/><U39/><E39/><V69/><F77/><W44/><G26/><T115/><D115/><U132/><E132/><V91/><F102/><W2/><G21/><T32/><D32/><U71/><E71/><V78/><F78/><W19/><G19/><T12/><D83/><U4/><REACH who="1" step="1"/><E47/><REACH who="1" ten="217,163,407,203" step="2"/><V23/><F69/><W116/><G116/><T9/><D118/><U59/><E59/><V107/><F75/><W0/><G0/><T34/><D117/><U56/><E56/><V37/><F72/><W63/><G63/><T95/><D62/><U48/><E48/><V30/><F50/><W105/><REACH who="3" step="1"/><G52/><REACH who="3" ten="217,163,407,193" step="2"/><T85/><D106/><AGARI ba="0,2" hai="4,11,13,64,66,67,82,86,88,98,100,106,108,111" machi="106" ten="40,8000,1" yaku="1,1,54,1,53,2" doraHai="45" doraHaiUra="122" who="1" fromWho="0" sc="217,-80,163,100,407,0,193,0" owari="137,-36.3,263,6.3,407,50.7,193,-20.7" /></mjloggm>