<mjloggm ver="2.3"><GO type="225" lobby="0"/><UN n0="%E3%83%A9%E3%83%BC%E3%83%A1%E3%83%B3%E4%BA%94%E9%83%8E" n1="%E5%8D%A0%E3%81%84%E5%B8%AB%E8%A3%8F%E3%81%AA%E3%81%84%E3%81%97" n2="%E6%98%93%E5%88%A9%E8%96%A9%E4%BC%AF" n3="%E5%86%B7%E5%87%8D%E3%82%AE%E3%83%A7%E3%83%BC%E3%82%B6" dan="16,17,16,17" rate="2149.01,2208.31,2085.63,2191.91" sx="M,M,F,M"/><TAIKYOKU oya="0"/><INIT seed="0,0,0,4,2,86" ten="250,250,250,250" oya="0" hai0="80,13,19,87,25,112,100,12,16,44,27,81,132" hai1="39,83,53,3,69,130,119,28,42,84,34,46,56" hai2="20,36,47,2,45,72,30,88,38,116,66,48,40" hai3="128,106,126,117,67,35,98,37,4,21,64,32,31"/><T82/><D132/><U104/><E119/><V76/><F116/><W65/><G117/><T108/><D112/><U62/><E104/><V60/><F2/><W70/><G126/><T90/><D108/><U99/><E130/><V11/><F11/><W79/><G128/><T0/><D0/><U127/><E3/><V109/><F109/><W50/><G37/><T135/><D135/><U125/><E99/><V110/><F110/><W10/><G79/><T96/><D44/><U123/><E123/><V122/><F122/><W24/><G70/><T59/><D59/><U114/><E114/><V91/><F38/><W124/><G50/><T71/><D71/><U41/><E41/><V63/><F63/><W73/><G73/><T75/><D75/><U115/><E115/><V94/><F94/><W133/><G124/><N who="1" m="47690" /><E28/><V101/><F101/><W120/><G120/><T92/><D12/><U14/><E14/><V51/><F36/><W121/><G133/><T6/><D6/><U55/><E34/><V107/><F107/><W29/><G29/><T49/><D49/><U61/><E69/><V5/><F5/><W23/><G32/><T18/><REACH who="0" step="1"/><D13/><REACH who="0" ten="240,250,250,250" step="2"/><U7/><E7/><V89/><F51/><W58/><G121/><T131/><D131/><U22/><E61/><V17/><F48/><W85/><G58/><T95/><AGARI ba="0,1" hai="16,18,19,25,27,80,81,82,87,90,92,95,96,100" machi="95" ten="30,12000,1" yaku="1,1,0,1,8,1,52,1,54,1,53,0" doraHai="86" doraHaiUra="52" who="0" fromWho="0" sc="240,130,250,-40,250,-40,250,-40" /><INIT seed="0,1,0,3,1,83" ten="370,210,210,210" oya="0" hai0="126,63,4,96,42,124,5,45,54,110,109,127,11" hai1="48,33,66,71,72,20,120,40,98,28,133,99,90" hai2="112,113,85,119,125,115,89,73,93,47,43,134,27" hai3="97,7,84,18,3,94,129,132,70,88,135,34,104"/><T36/><D96/><U130/><E120/><V117/><F134/><N who="3" m="51243" /><G129/><T13/><D4/><U44/><E133/><V29/><F73/><W22/><G34/><T59/><AGARI ba="1,0" hai="5,11,13,36,42,45,54,59,63,109,110,124,126,127" machi="59" ten="40,3900,0" yaku="0,1,18,1" doraHai="83" who="0" fromWho="0" sc="370,42,210,-14,210,-14,210,-14" /><INIT seed="0,2,0,5,0,111" ten="412,196,196,196" oya="0" hai0="98,25,121,69,82,16,19,122,62,120,84,94,61" hai1="90,31,103,58,22,18,102,0,119,48,41,75,79" hai2="21,30,43,112,126,9,133,44,59,76,92,1,13" hai3="38,66,71,78,15,27,108,115,110,67,134,117,5"/><T12/><D25/><U129/><E119/><V28/><F133/><W127/><G117/><T135/><D135/><U42/><E0/><V10/><F126/><W89/><G127/><T2/><D2/><U72/><E129/><V74/><F112/><W6/><G134/><T51/><D51/><U63/><E31/><V125/><F59/><W101/><G115/><T50/><D50/><U26/><E79/><V118/><F92/><W104/><G38/><T77/><D69/><U37/><E37/><N who="2" m="21615" /><F118/><W56/><G78/><T132/><D132/><U81/><E75/><V39/><F21/><W123/><G123/><T24/><D24/><U109/><E109/><V97/><BYE who="3" /><F97/><W96/><G96/><T131/><D131/><U85/><E72/><V3/><F3/><W105/><G105/><T8/><REACH who="0" step="1"/><D19/><REACH who="0" ten="402,196,196,196" step="2"/><U46/><REACH who="1" step="1"/><E41/><REACH who="1" ten="402,186,196,196" step="2"/><V52/><F39/><W23/><G23/><T36/><D36/><U60/><E60/><V35/><F125/><W55/><G55/><AGARI ba="2,2" hai="18,22,26,42,46,48,55,58,63,81,85,90,102,103" machi="55" ten="30,7700,0" yaku="1,1,7,1,8,1,53,1" doraHai="111" doraHaiUra="49" who="1" fromWho="3" sc="402,0,186,103,196,0,196,-83" /><INIT seed="1,0,0,2,2,105" ten="402,289,196,113" oya="1" hai0="85,2,8,22,72,62,5,14,9,68,106,30,39" hai1="114,108,15,132,103,93,42,97,115,57,32,110,7" hai2="78,82,18,83,36,67,20,41,53,50,100,102,63" hai3="11,38,123,129,94,10,70,61,81,125,34,80,77"/><U28/><E42/><V131/><F131/><W64/><G64/><T86/><D72/><U6/><E132/><V31/><F31/><W58/><G58/><T48/><D106/><U17/><E57/><V104/><F41/><W29/><G29/><T13/><D39/><U69/><E69/><V91/><F36/><W96/><G96/><T130/><D2/><U92/><E92/><V49/><F91/><W98/><G98/><T1/><D1/><U27/><E6/><V95/><F83/><W24/><G24/><N who="0" m="16663" /><D68/><U66/><E66/><V128/><F50/><W60/><G60/><T37/><D37/><U113/><REACH who="1" step="1"/><E7/><REACH who="1" ten="402,279,196,113" step="2"/><V126/><F95/><W124/><G124/><T109/><D130/><U79/><E79/><V44/><F126/><W116/><G116/><T19/><D5/><U4/><E4/><V118/><F128/><W45/><G45/><T76/><D76/><U101/><E101/><V134/><F104/><W89/><G89/><T25/><D109/><U71/><E71/><V35/><F118/><W51/><G51/><T84/><D48/><U59/><E59/><V111/><F134/><W135/><G135/><T107/><D107/><U90/><E90/><V75/><F111/><W88/><G88/><T12/><D62/><U26/><E26/><N who="2" m="14615" /><F63/><W117/><G117/><T23/><AGARI ba="0,1" hai="8,9,12,13,14,19,23,25,84,85,86" m="16663" machi="23" ten="40,1500,0" yaku="8,1" doraHai="105" who="0" fromWho="0" sc="402,25,279,-7,196,-4,113,-4" /><INIT seed="2,0,0,5,2,26" ten="427,272,192,109" oya="2" hai0="30,70,77,60,56,131,116,58,96,99,102,20,115" hai1="119,7,108,34,122,6,66,89,107,31,22,75,54" hai2="55,83,93,78,98,90,10,18,11,9,53,4,3" hai3="82,86,43,12,87,74,59,47,69,8,62,39,52"/><V50/><F18/><W135/><G135/><T121/><D121/><U92/><E119/><V17/><F17/><W63/><G63/><T51/><D115/><U129/><E122/><V24/><F24/><W125/><G125/><T106/><D116/><U61/><E108/><V36/><F36/><W100/><G100/><T44/><D131/><U21/><E107/><V16/><F55/><W45/><G45/><T101/><D77/><U126/><E126/><V0/><F0/><W110/><G110/><T48/><D70/><U57/><E75/><V133/><F133/><W42/><G42/><N who="0" m="24599" /><D51/><U117/><E117/><V111/><F16/><W2/><G2/><T120/><D120/><U113/><E129/><V40/><F40/><W91/><G91/><T95/><D56/><U65/><E113/><V32/><F32/><W112/><G112/><T33/><D106/><U25/><E21/><V80/><F80/><W38/><G38/><T64/><D95/><U19/><E6/><V109/><F109/><W134/><G134/><T28/><D33/><U88/><E7/><V68/><F68/><W118/><G118/><T72/><D72/><U132/><E132/><V46/><REACH who="2" step="1"/><F111/><REACH who="2" ten="427,272,182,109" step="2"/><W41/><G41/><T37/><D37/><U130/><E130/><V97/><F97/><W128/><G128/><T104/><D96/><U14/><E89/><V94/><F94/><W1/><G1/><T49/><D99/><AGARI ba="0,1" hai="14,19,22,25,31,34,54,57,61,65,66,88,92,99" machi="99" ten="30,3900,0" yaku="7,1,52,1,54,1" doraHai="26" who="1" fromWho="0" sc="427,-39,272,49,182,0,109,0" /><INIT seed="3,0,0,5,0,52" ten="388,321,182,109" oya="3" hai0="109,122,110,113,73,91,38,67,93,69,75,99,107" hai1="105,120,123,8,31,64,33,104,71,10,89,119,18" hai2="34,101,12,21,6,126,124,59,2,98,57,7,102" hai3="78,16,51,60,63,133,112,1,87,79,135,54,82"/><W68/><G68/><T14/><D122/><U28/><E119/><V11/><F34/><W121/><G121/><T70/><D113/><U13/><E71/><N who="0" m="27145" /><D38/><U46/><E46/><V132/><F132/><W100/><G100/><N who="0" m="62879" /><D67/><U42/><E64/><V85/><F85/><W117/><G117/><T80/><D14/><U26/><E42/><V4/><F21/><W92/><G92/><T39/><D80/><U114/><E89/><V48/><F48/><W47/><G47/><T130/><D39/><U76/><E76/><V127/><F101/><W35/><G35/><T65/><D65/><U9/><E105/><V61/><F61/><W129/><G129/><T56/><D56/><N who="2" m="21578" /><F2/><W19/><G19/><T27/><D130/><U90/><E104/><AGARI ba="0,0" hai="4,6,7,11,12,98,102,104,124,126,127" m="21578" machi="104" ten="30,7700,0" yaku="18,1,52,3" doraHai="52" who="2" fromWho="1" sc="388,0,321,-77,182,77,109,0" owari="388,48.8,244,-15.6,259,5.9,109,-39.1" /></mjloggm>