<mjloggm ver="2.3"><GO type="225" lobby="0"/><UN n0="%47%68%6F%73%74%55%30" n1="%6D%75%75%6D%75%72%61" n2="%E3%81%A8%E3%82%93%E3%81%A8%E3%81%93%E3%81%A8%E3%82%93" n3="%E5%A4%96%E5%B7%9D%E7%AB%9C%E6%88%90" dan="17,16,16,16" rate="2153.34,2137.38,2164.78,2155.52" sx="M,F,F,M"/><TAIKYOKU oya="0"/><INIT seed="0,0,0,1,1,87" ten="250,250,250,250" oya="0" hai0="116,78,49,34,61,50,42,13,23,90,4,47,117" hai1="98,43,39,55,9,115,86,26,3,25,83,113,45" hai2="103,79,96,2,28,8,46,82,72,105,1,108,97" hai3="38,128,135,53,15,51,71,132,129,37,77,91,101"/><T76/><D34/><U17/><E55/><V54/><F108/><W94/><G77/><T41/><D61/><U29/><E98/><V32/><F8/><W5/><G101/><T60/><D60/><U66/><E66/><V10/><F10/><N who="3" m="4559" /><G71/><T134/><D134/><N who="3" m="51241" /><G53/><T62/><D62/><U74/><E17/><V0/><F0/><W130/><BYE who="2" /><G51/><T67/><D67/><U48/><E48/><N who="0" m="18537" /><D4/><N who="1" m="1183" /><E29/><UN n2="%E3%81%A8%E3%82%93%E3%81%A8%E3%81%93%E3%81%A8%E3%82%93" /><V70/><F54/><W69/><G69/><T102/><D102/><U6/><E6/><V131/><F46/><W133/><N who="3" m="51249" /><W35/><DORA hai="88" /><G35/><T30/><D116/><U65/><E65/><V123/><F70/><W80/><G80/><T127/><D117/><U84/><E84/><AGARI ba="0,0" hai="37,38,84,91,94,128,129,130" m="51249,4559" machi="84" ten="50,8000,1" yaku="19,1,20,1,52,2" doraHai="87,88" who="3" fromWho="1" sc="250,0,250,-80,250,0,250,80" /><INIT seed="1,0,0,5,4,35" ten="250,170,250,330" oya="1" hai0="76,94,87,11,75,58,56,117,83,55,123,27,3" hai1="63,13,102,127,19,78,96,46,50,57,103,42,98" hai2="16,81,115,74,28,128,10,131,6,89,51,32,113" hai3="40,92,130,12,118,61,17,21,101,33,24,47,38"/><U14/><E127/><V85/><F74/><W108/><G108/><T104/><D117/><U99/><E78/><V72/><F72/><W70/><G118/><T49/><D123/><U9/><REACH who="1" step="1"/><E14/><REACH who="1" ten="250,160,250,330" step="2"/><V105/><F115/><W69/><G12/><T129/><D129/><U54/><AGARI ba="0,1" hai="9,13,19,42,46,50,54,57,63,96,98,99,102,103" machi="54" ten="30,11700,0" yaku="1,1,2,1,0,1,8,1,53,0" doraHai="35" doraHaiUra="119" who="1" fromWho="1" sc="250,-39,160,127,250,-39,330,-39" /><INIT seed="1,1,0,0,3,17" ten="211,287,211,291" oya="1" hai0="19,23,8,38,34,18,14,16,13,22,36,4,11" hai1="48,78,119,115,98,124,104,54,130,95,1,68,2" hai2="53,30,94,111,43,47,102,70,131,57,31,49,129" hai3="120,123,88,81,27,26,127,63,83,62,92,21,20"/><U134/><E119/><V46/><F70/><W69/><G69/><T61/><D34/><U125/><E115/><V37/><F111/><W128/><G128/><N who="2" m="49225" /><F47/><W12/><G12/><N who="0" m="5127" /><D36/><U82/><E130/><V45/><F45/><W33/><G33/><T90/><D38/><U76/><E68/><V112/><F112/><W39/><G39/><T89/><D61/><N who="3" m="23049" /><G127/><N who="1" m="48714" /><E104/><V24/><F24/><AGARI ba="1,0" hai="11,13,14,16,18,19,22,23,24,89,90" m="5127" machi="24" ten="30,7700,0" yaku="8,1,52,2,54,1" doraHai="17" who="0" fromWho="2" sc="211,80,287,0,211,-80,291,0" /><INIT seed="2,0,0,4,4,8" ten="291,287,131,291" oya="2" hai0="129,128,87,97,44,90,28,132,24,4,120,6,121" hai1="31,65,12,46,133,13,3,66,124,93,82,21,83" hai2="53,80,16,122,86,55,85,78,50,95,131,92,135" hai3="109,114,111,62,102,20,54,7,104,69,119,52,11"/><V63/><F122/><W57/><G119/><T73/><D73/><U72/><E3/><V105/><F105/><W9/><G114/><T34/><D132/><U101/><E133/><V115/><F115/><W113/><BYE who="2" /><G113/><T61/><D97/><N who="1" m="59567" /><E72/><UN n2="%E3%81%A8%E3%82%93%E3%81%A8%E3%81%93%E3%81%A8%E3%82%93" /><V134/><F131/><N who="0" m="50250" /><D61/><U100/><E124/><V51/><F63/><W33/><G33/><T23/><D44/><U118/><E100/><V37/><F37/><W96/><G69/><T18/><D87/><U74/><E74/><V32/><F32/><W49/><G20/><T19/><D90/><U0/><E0/><V88/><F78/><W60/><G60/><T48/><D48/><U27/><E46/><V75/><F75/><W45/><REACH who="3" step="1"/><G11/><REACH who="3" ten="291,287,131,281" step="2"/><T103/><D34/><U1/><E118/><V68/><F68/><W56/><G56/><T126/><D120/><U70/><E70/><V77/><F134/><W17/><G17/><N who="0" m="6155" /><D121/><U38/><E21/><V25/><F135/><W127/><G127/><T30/><D126/><U108/><E66/><V125/><F125/><W22/><G22/><N who="0" m="15383" /><D103/><U14/><E65/><V36/><F36/><W40/><G40/><T112/><D112/><U98/><E38/><V84/><F16/><W79/><G79/><T47/><D47/><U117/><E117/><V71/><F71/><W2/><AGARI ba="0,1" hai="2,7,9,45,49,52,54,57,62,96,102,104,109,111" machi="2" ten="30,4000,0" yaku="1,1,0,1,54,1,53,0" doraHai="8" doraHaiUra="29" who="3" fromWho="3" sc="291,-10,287,-10,131,-20,281,50" /><INIT seed="3,0,0,5,2,127" ten="281,277,111,331" oya="3" hai0="73,40,63,114,41,132,54,77,51,102,19,95,59" hai1="122,94,119,87,48,21,113,99,34,75,6,5,16" hai2="129,50,18,47,12,49,66,120,131,8,7,20,58" hai3="62,111,39,37,86,28,3,0,72,91,116,125,126"/><W30/><G72/><T55/><D73/><U33/><E75/><V96/><F120/><W81/><G116/><T2/><D2/><N who="3" m="553" /><G62/><T90/><D77/><U130/><E113/><V29/><F29/><N who="3" m="11371" /><G111/><T117/><D132/><U98/><E122/><V45/><F96/><W85/><G85/><T11/><D114/><U105/><E105/><V97/><F97/><N who="1" m="36873" /><E33/><V124/><F124/><AGARI ba="0,0" hai="37,39,81,86,91,124,125,126" m="11371,553" machi="124" ten="30,1500,0" yaku="18,1" doraHai="127" who="3" fromWho="2" sc="281,0,277,0,111,-15,331,15" owari="281,8.1,277,-12.3,96,-40.4,346,44.6" /></mjloggm>