<mjloggm ver="2.3"><GO type="225" lobby="0"/><UN n0="%E3%82%B2%E3%82%B9%E8%8C%82%E5%8B%9D" n1="%E5%A4%96%E5%B7%9D%E7%AB%9C%E6%88%90" n2="%6D%75%75%6D%75%72%61" n3="%E5%8F%AF%E5%85%90%E9%82%A3%E7%94%B1%E5%A4%9A" dan="16,16,16,17" rate="2054.60,2188.96,2087.47,2183.72" sx="F,M,F,F"/><TAIKYOKU oya="0"/><INIT seed="0,0,0,1,1,108" ten="250,250,250,250" oya="0" hai0="25,97,104,107,118,2,22,39,85,61,121,123,94" hai1="82,71,102,41,5,77,135,80,109,116,65,44,112" hai2="106,15,69,35,132,89,117,45,134,30,60,119,36" hai3="63,111,101,56,14,20,75,91,46,87,34,16,96"/><T70/><D118/><N who="2" m="45066" /><F106/><W76/><G111/><T131/><D39/><U115/><E116/><V4/><F89/><W13/><G34/><T81/><D2/><U120/><E109/><V7/><F35/><W98/><G75/><T83/><D61/><N who="1" m="40367" /><E120/><N who="0" m="46153" /><D22/><U67/><E67/><N who="2" m="41191" /><F30/><W23/><G76/><N who="0" m="46247" /><D25/><U17/><E17/><V124/><F124/><W113/><G46/><T0/><D70/><U50/><E102/><V31/><F31/><W84/><G101/><N who="0" m="60599" /><D0/><U127/><E127/><V78/><F78/><W73/><G16/><T28/><D28/><U51/><E77/><V129/><F129/><W86/><G20/><T110/><D110/><U93/><E93/><V6/><F15/><W105/><G23/><T90/><D131/><U1/><E1/><V122/><F122/><W9/><G13/><T125/><D125/><U32/><E32/><V27/><F27/><W126/><G14/><T40/><D40/><AGARI ba="0,0" hai="4,6,7,36,40,45,132,134" m="41191,45066" machi="40" ten="40,1300,0" yaku="12,1" doraHai="108" who="2" fromWho="0" sc="250,-13,250,0,250,13,250,0" /><INIT seed="1,0,0,3,1,110" ten="237,250,263,250" oya="1" hai0="66,24,37,25,14,98,116,97,132,40,79,36,62" hai1="57,121,114,111,104,32,125,107,13,131,7,52,65" hai2="10,28,21,119,84,100,22,58,86,75,99,55,0" hai3="91,46,130,105,81,134,5,34,74,112,118,12,26"/><U16/><E121/><V101/><F75/><W18/><G112/><T47/><D132/><U8/><E32/><V133/><F133/><W108/><G134/><T51/><D116/><U35/><E35/><V69/><F69/><W120/><G120/><T15/><D79/><U27/><E114/><V102/><F119/><W59/><G105/><T30/><D36/><U126/><E65/><V103/><F0/><W73/><G118/><T17/><D37/><U63/><E111/><V49/><F10/><W88/><G108/><T42/><D40/><U6/><E131/><V60/><F22/><W48/><G59/><T109/><D109/><U53/><E53/><V56/><F28/><W95/><G130/><T90/><D30/><U135/><E135/><V117/><F21/><W87/><G5/><T94/><D98/><U78/><E78/><V33/><F33/><W124/><G124/><N who="1" m="47722" /><E6/><V67/><REACH who="2" step="1"/><F117/><REACH who="2" ten="237,250,253,250" step="2"/><W61/><G34/><T2/><D2/><N who="1" m="119" /><E27/><V29/><F29/><W113/><G26/><T80/><D24/><U106/><E104/><AGARI ba="0,1" hai="49,55,56,58,60,67,84,86,99,100,101,102,103,104" machi="104" ten="40,1300,0" yaku="1,1,53,0" doraHai="110" doraHaiUra="70" who="2" fromWho="1" sc="237,0,250,-13,253,23,250,0" /><INIT seed="2,0,0,3,1,108" ten="237,237,276,250" oya="2" hai0="80,31,43,75,54,126,24,109,122,100,11,90,78" hai1="130,56,106,110,27,53,49,82,104,66,58,51,57" hai2="32,103,135,111,17,123,125,13,19,129,0,60,42" hai3="68,35,61,29,124,133,30,112,38,115,33,86,9"/><V3/><F123/><W113/><G133/><T20/><D109/><U26/><E110/><V64/><F111/><W99/><G124/><T117/><D126/><U70/><E70/><V105/><F125/><W93/><G38/><T47/><D122/><U95/><E130/><V8/><F129/><W83/><G9/><T87/><D117/><U132/><E132/><V62/><F135/><W74/><G74/><T65/><D65/><U76/><E95/><V96/><F32/><N who="3" m="12363" /><G68/><T18/><D100/><U88/><E88/><V79/><F79/><N who="3" m="46463" /><G61/><T23/><D11/><U52/><E104/><V69/><F62/><W67/><G67/><T94/><D54/><U2/><E2/><V1/><REACH who="2" step="1"/><F42/><REACH who="2" ten="237,237,266,250" step="2"/><W128/><G128/><T107/><D107/><U39/><E106/><V131/><F131/><W120/><G120/><T50/><REACH who="0" step="1"/><D20/><REACH who="0" ten="227,237,266,250" step="2"/><U118/><E118/><V25/><F25/><W48/><G48/><T116/><D116/><U71/><E26/><V40/><F40/><W41/><G41/><T72/><D72/><U55/><E27/><V73/><F73/><W63/><G63/><T92/><D92/><U134/><E134/><V5/><AGARI ba="0,2" hai="0,1,3,5,8,13,17,19,60,64,69,96,103,105" machi="5" ten="30,3000,0" yaku="1,1,0,1,53,0" doraHai="108" doraHaiUra="81" who="2" fromWho="2" sc="227,-10,237,-10,266,50,250,-10" /><INIT seed="2,1,0,0,0,8" ten="217,227,316,240" oya="2" hai0="16,94,28,127,37,0,109,9,134,64,65,70,98" hai1="103,107,82,51,86,58,22,97,40,3,131,124,11" hai2="7,118,75,32,133,90,53,92,116,2,91,104,76" hai3="52,56,81,54,73,128,17,12,41,26,113,88,47"/><V111/><F104/><W112/><G128/><T57/><D109/><U87/><E131/><V55/><F111/><W110/><G110/><T66/><D70/><U93/><E124/><V24/><F133/><W38/><G26/><T101/><D127/><U106/><E87/><V61/><F76/><W126/><G126/><T69/><D69/><U13/><E22/><V78/><F78/><W119/><G119/><T1/><D134/><U68/><E68/><V29/><F75/><W99/><G73/><T125/><D125/><U130/><E3/><V67/><F2/><W10/><G54/><T102/><D102/><BYE who="0" /><U46/><E58/><V132/><F7/><W49/><REACH who="3" step="1"/><G99/><REACH who="3" ten="217,227,316,230" step="2"/><T96/><D96/><UN n0="%E3%82%B2%E3%82%B9%E8%8C%82%E5%8B%9D" /><U27/><E27/><V60/><F53/><W19/><G19/><T4/><D28/><U45/><E130/><V84/><F55/><W48/><G48/><T25/><D37/><U5/><E46/><V14/><F24/><W77/><G77/><AGARI ba="1,1" hai="5,11,13,40,45,51,77,82,86,93,97,103,106,107" machi="77" ten="30,7700,0" yaku="7,1,25,2,52,1" doraHai="8" who="1" fromWho="3" sc="217,0,227,90,316,0,230,-80" /><INIT seed="3,0,0,3,0,116" ten="217,317,316,150" oya="3" hai0="1,129,102,94,101,110,71,23,8,74,84,99,124" hai1="111,6,123,57,100,14,109,19,30,54,86,73,122" hai2="77,83,34,133,18,42,37,119,38,121,39,10,44" hai3="90,50,58,78,46,105,52,33,12,92,41,67,131"/><W72/><G105/><T15/><D110/><N who="1" m="41995" /><E73/><V95/><F119/><W55/><G33/><T13/><D124/><U87/><E100/><V103/><F34/><W130/><G72/><T70/><D129/><N who="3" m="49161" /><G78/><T66/><D74/><U29/><E6/><V128/><F128/><W21/><G67/><T98/><D1/><U117/><E117/><V40/><F133/><W127/><G127/><T63/><D84/><N who="1" m="32299" /><E29/><V69/><F69/><W16/><G58/><T62/><D23/><N who="1" m="11767" /><E30/><V120/><F83/><W108/><G108/><T93/><REACH who="0" step="1"/><D8/><REACH who="0" ten="207,317,316,150" step="2"/><U97/><E97/><AGARI ba="0,1" hai="12,16,21,41,46,50,52,55,90,92,97" m="49161" machi="97" ten="30,5800,0" yaku="19,1,54,2" doraHai="116" who="3" fromWho="1" sc="207,0,317,-58,316,0,150,68" /><INIT seed="3,1,0,0,1,97" ten="207,259,316,218" oya="3" hai0="21,106,113,68,96,135,109,125,86,60,53,23,87" hai1="82,2,47,5,126,73,24,1,70,112,88,40,36" hai2="12,46,29,11,80,55,65,128,84,78,41,22,54" hai3="90,18,119,62,38,129,131,31,67,89,0,95,52"/><W49/><G119/><T27/><D109/><U34/><E70/><V103/><F128/><N who="3" m="49227" /><G38/><T6/><D113/><U20/><E34/><V44/><F65/><W83/><G0/><T124/><D135/><U51/><E51/><N who="2" m="27023" /><F103/><W127/><G127/><N who="0" m="48715" /><D6/><U120/><E120/><V92/><F92/><W25/><G18/><N who="0" m="12727" /><D23/><U111/><E111/><V30/><F46/><N who="3" m="27703" /><G83/><T74/><D74/><U3/><E112/><V19/><F22/><N who="3" m="15799" /><G95/><T85/><D68/><AGARI ba="1,0" hai="62,67,68,89,90" m="15799,27703,49227" machi="68" ten="30,2900,0" yaku="19,1,54,1" doraHai="97" who="3" fromWho="0" sc="207,-32,259,0,316,0,218,32" /><INIT seed="3,2,0,1,4,81" ten="175,259,316,250" oya="3" hai0="12,91,129,45,21,78,98,36,32,62,39,120,56" hai1="44,28,38,18,73,65,15,5,54,14,41,55,117" hai2="47,76,80,109,27,83,20,25,79,105,3,50,66" hai3="115,93,4,59,35,92,30,100,124,94,134,110,123"/><W74/><G115/><T37/><D129/><U103/><E73/><V34/><F105/><W128/><G123/><T96/><D120/><U17/><E28/><V67/><F3/><W70/><G70/><T122/><D122/><U125/><E5/><V8/><F34/><W16/><G74/><T33/><D78/><N who="2" m="29738" /><F8/><W49/><G128/><T10/><D21/><U46/><E55/><N who="2" m="30175" /><F109/><W131/><G131/><T43/><D32/><U58/><E18/><N who="2" m="12439" /><F27/><W64/><G4/><T26/><D26/><U31/><E17/><V23/><F23/><W111/><G134/><T63/><D33/><U113/><E14/><V133/><F133/><W69/><G124/><T106/><D106/><U60/><E15/><V19/><F19/><W9/><G69/><T11/><D11/><U77/><E31/><V89/><F89/><W51/><G100/><T127/><D127/><U118/><E103/><V112/><F112/><W108/><G30/><T57/><D12/><U90/><E90/><V114/><F114/><W86/><G35/><T40/><D10/><U61/><E77/><V95/><F95/><N who="3" m="36427" /><G16/><T68/><D68/><N who="1" m="42023" /><E125/><V130/><F130/><W53/><G9/><T29/><D29/><U84/><E113/><V82/><AGARI ba="2,0" hai="66,67,80,82,83" m="12439,30175,29738" machi="82" ten="30,1100,0" yaku="8,1" doraHai="81" who="2" fromWho="2" sc="175,-5,259,-5,316,17,250,-7" owari="170,-33.0,254,5.4,333,43.3,243,-15.7" /></mjloggm>