<mjloggm ver="2.3"><GO type="225" lobby="0"/><UN n0="%73%75%7A%75%6D%65%33" n1="%72%69%6F%75%63%68%61%6E" n2="%E5%86%B7%E5%87%8D%E3%82%AE%E3%83%A7%E3%83%BC%E3%82%B6" n3="%E7%AD%89%E3%80%85%E5%8A%9B%E5%8A%87%E5%A0%B4" dan="18,16,16,16" rate="2204.27,2127.73,2108.21,2130.24" sx="M,M,M,M"/><TAIKYOKU oya="0"/><INIT seed="0,0,0,2,3,125" ten="250,250,250,250" oya="0" hai0="79,133,128,29,8,130,121,21,91,104,113,44,80" hai1="33,30,43,22,48,122,115,86,36,53,85,57,88" hai2="71,98,0,120,46,47,131,13,58,81,111,55,90" hai3="93,26,3,50,84,7,32,77,63,96,59,62,132"/><T40/><D121/><U135/><E122/><V61/><F0/><W35/><G132/><T109/><D113/><U108/><E135/><V99/><F120/><W78/><G3/><T117/><D133/><U18/><E115/><V37/><F111/><W38/><G38/><T9/><D104/><U107/><E108/><V15/><F71/><W134/><G7/><T68/><D68/><U54/><E107/><V60/><F37/><W10/><G10/><T16/><D29/><U83/><E33/><V52/><F81/><W123/><G50/><N who="0" m="26887" /><D117/><U28/><E54/><V101/><F90/><W49/><G78/><T116/><D91/><N who="1" m="51647" /><E43/><V89/><F89/><W5/><G77/><T12/><D109/><U110/><E36/><V20/><F20/><W69/><G35/><T126/><D116/><U114/><E114/><V25/><F25/><W51/><G26/><T11/><D126/><U129/><E129/><N who="0" m="49769" /><D8/><U64/><E110/><V19/><F131/><W45/><G69/><T119/><D119/><U42/><E42/><V97/><F101/><W87/><G134/><T124/><D124/><U72/><E72/><AGARI ba="0,0" hai="9,11,12,16,21,72,79,80" m="49769,26887" machi="72" ten="30,12000,1" yaku="19,1,52,3,54,1" doraHai="125" who="0" fromWho="1" sc="250,120,250,-120,250,0,250,0" /><INIT seed="0,1,0,1,2,66" ten="370,130,250,250" oya="0" hai0="113,27,67,34,100,44,112,98,31,48,57,37,32" hai1="61,9,132,103,70,41,75,29,13,45,79,58,84" hai2="126,102,1,94,80,90,60,8,6,16,111,4,3" hai3="121,5,105,52,14,33,91,135,86,77,18,125,26"/><T23/><D37/><U47/><E132/><V30/><F111/><W109/><G105/><T0/><D0/><U106/><E75/><V35/><F126/><W74/><G109/><T36/><D36/><U53/><E29/><V59/><F102/><W62/><G135/><T83/><D83/><U25/><E25/><V54/><F35/><W89/><G125/><T28/><D28/><U119/><E119/><V73/><F30/><W69/><G121/><T20/><D20/><U78/><E47/><V22/><F1/><W50/><G5/><T76/><D76/><U108/><E108/><V129/><F6/><W72/><G26/><T127/><D127/><U124/><E124/><V88/><F129/><W15/><G33/><T123/><D123/><U96/><E70/><V46/><F46/><W97/><G97/><T87/><D87/><U81/><E78/><V115/><F115/><W117/><G117/><T133/><D133/><U42/><REACH who="1" step="1"/><E45/><REACH who="1" ten="370,120,250,250" step="2"/><V56/><F56/><W40/><G69/><T64/><D34/><U107/><E107/><V134/><F134/><W110/><G77/><T122/><D32/><U12/><E12/><V120/><F73/><W21/><G14/><T131/><D57/><U38/><E38/><V71/><F71/><W39/><G39/><T43/><D122/><U11/><E11/><V99/><F120/><W49/><G110/><T65/><REACH who="0" step="1"/><D131/><REACH who="0" ten="360,120,250,250" step="2"/><U130/><E130/><V68/><F68/><W7/><G74/><T104/><AGARI ba="1,2" hai="23,27,31,43,44,48,64,65,67,98,100,104,112,113" machi="104" ten="30,6000,0" yaku="1,1,2,1,0,1,53,0" doraHai="66" doraHaiUra="10" who="0" fromWho="0" sc="360,83,120,-21,250,-21,250,-21" /><INIT seed="0,2,0,1,1,13" ten="443,99,229,229" oya="0" hai0="2,116,52,54,0,3,112,15,87,104,55,130,35" hai1="30,103,14,40,62,128,77,70,49,59,47,43,60" hai2="18,122,58,92,7,36,76,89,1,42,79,6,61" hai3="125,105,102,123,57,86,23,50,129,106,100,56,121"/><T9/><D112/><U26/><E128/><V85/><F122/><W24/><G86/><T21/><D116/><U117/><E117/><V135/><F135/><W110/><G110/><T93/><D35/><U114/><E114/><V95/><F36/><W10/><G10/><T19/><D104/><U97/><E77/><N who="2" m="29771" /><F1/><W126/><G50/><T83/><D93/><U29/><E70/><V96/><F42/><W90/><G23/><T51/><D130/><U65/><E40/><V8/><F8/><W25/><REACH who="3" step="1"/><G90/><REACH who="3" ten="443,99,229,219" step="2"/><T74/><D74/><U37/><E37/><V66/><F6/><W88/><G88/><N who="0" m="51327" /><D21/><U94/><E62/><V99/><F7/><W109/><G109/><T91/><D91/><U107/><E14/><V39/><F39/><W71/><G71/><T16/><D3/><U134/><E134/><V118/><F118/><W63/><G63/><T119/><D0/><U113/><E113/><V132/><F132/><W64/><G64/><T33/><D2/><U22/><REACH who="1" step="1"/><E30/><REACH who="1" ten="443,89,229,219" step="2"/><V45/><F61/><W5/><G5/><N who="0" m="3503" /><D119/><U27/><E27/><V111/><F111/><W12/><G12/><T69/><D69/><U101/><E101/><V28/><F28/><W4/><G4/><T32/><D51/><U20/><E20/><V80/><F80/><W34/><G34/><T68/><D68/><U53/><E53/><V127/><F66/><W17/><G17/><N who="0" m="6731" /><D32/><U81/><E81/><V48/><F48/><W82/><G82/><T108/><D33/><U38/><E38/><V120/><F18/><W75/><G75/><T11/><D108/><U131/><E131/><AGARI ba="2,2" hai="24,25,56,57,100,102,105,106,121,123,125,126,129,131" machi="131" ten="25,6400,0" yaku="1,1,6,1,22,2,53,0" doraHai="13" doraHaiUra="72" who="3" fromWho="1" sc="443,0,89,-70,229,0,219,90" /><INIT seed="1,0,0,2,2,121" ten="443,19,229,309" oya="1" hai0="20,18,36,108,34,93,84,89,73,75,105,76,1" hai1="110,4,120,29,47,135,39,106,21,112,118,107,64" hai2="23,9,72,35,57,100,61,56,42,88,33,85,63" hai3="24,10,111,3,30,8,25,81,65,119,27,7,77"/><U129/><E112/><V68/><F72/><W11/><G65/><T70/><D70/><U49/><E118/><V62/><F68/><W41/><G41/><T40/><D105/><U32/><E120/><V60/><F9/><N who="3" m="3691" /><G81/><T115/><D1/><U103/><E32/><V2/><F2/><W98/><G98/><T50/><D34/><U37/><E4/><V22/><F35/><N who="3" m="20935" /><G77/><T83/><D115/><U53/><E129/><V91/><F33/><W128/><G128/><T45/><D108/><U133/><E110/><V78/><F42/><W48/><G48/><T125/><D125/><U109/><E109/><V80/><F100/><W26/><G111/><T87/><D36/><N who="1" m="13899" /><E64/><V19/><F56/><W51/><G51/><T114/><D114/><U17/><E29/><V124/><F124/><W0/><G119/><T69/><D69/><U95/><E95/><V46/><F46/><W104/><G104/><N who="1" m="39978" /><E103/><V14/><REACH who="2" step="1"/><F23/><REACH who="2" ten="443,19,219,309" step="2"/><W38/><G38/><T74/><D74/><U92/><E135/><V102/><F102/><W86/><G0/><T71/><D71/><U44/><E133/><V134/><F134/><W127/><G127/><T122/><D122/><U16/><E21/><V90/><F90/><W5/><G7/><T43/><D43/><U96/><E44/><V52/><AGARI ba="0,1" hai="14,19,22,52,57,60,61,62,63,78,80,85,88,91" machi="52" ten="30,12000,2" yaku="1,1,0,1,8,1,54,2,53,1" doraHai="121" doraHaiUra="12" who="2" fromWho="2" sc="443,-30,19,-60,219,130,309,-30" owari="413,51.3,-41,-54.1,349,14.9,279,-12.1" /></mjloggm>