<mjloggm ver="2.3"><GO type="225" lobby="0"/><UN n0="%72%69%6F%75%63%68%61%6E" n1="%E3%81%BF%E3%81%BF%E3%81%9A" n2="%72%61%6B%33" n3="%E3%81%B5%E3%81%98%E3%81%8B%E3%81%A4" dan="16,17,16,16" rate="2120.24,2246.33,2101.77,2226.70" sx="M,M,M,M"/><TAIKYOKU oya="0"/><BYE who="0" /><UN n0="%72%69%6F%75%63%68%61%6E" /><INIT seed="0,0,0,1,2,7" ten="250,250,250,250" oya="0" hai0="102,112,31,1,15,75,23,16,107,14,64,4,74" hai1="83,78,117,50,43,76,30,118,52,29,70,90,55" hai2="121,129,106,103,133,122,101,21,109,54,72,89,57" hai3="88,27,68,32,81,100,44,77,61,56,40,84,92"/><T51/><D51/><U93/><BYE who="0" /><E70/><UN n0="%72%69%6F%75%63%68%61%6E" /><V114/><F114/><W69/><G100/><T41/><D112/><U120/><E120/><V126/><F21/><W80/><G32/><T111/><D111/><U42/><E83/><V131/><F57/><W79/><G27/><T110/><D110/><U108/><E108/><V73/><F54/><W119/><G119/><T25/><D41/><N who="1" m="15371" /><E118/><V91/><F109/><W35/><G35/><N who="0" m="20975" /><D64/><U113/><E55/><V99/><F99/><W34/><G34/><T5/><D15/><U10/><E117/><V135/><F106/><W65/><G80/><T85/><D4/><U115/><E10/><V33/><F33/><W18/><G18/><T63/><D63/><U45/><E115/><V94/><F94/><W47/><G77/><N who="1" m="29802" /><E113/><V24/><F24/><W46/><REACH who="3" step="1"/><G40/><REACH who="3" ten="250,250,250,240" step="2"/><T28/><D28/><U86/><AGARI ba="0,1" hai="29,30,45,50,52,86,90,93" m="29802,15371" machi="86" ten="30,2000,0" yaku="8,1,54,1" doraHai="7" who="1" fromWho="1" sc="250,-10,250,30,250,-5,240,-5" /><INIT seed="1,0,0,5,2,86" ten="240,280,245,235" oya="1" hai0="16,89,28,10,117,135,45,112,36,26,42,57,34" hai1="17,43,111,21,85,130,13,23,113,102,92,35,27" hai2="60,63,37,120,1,39,107,122,47,76,59,0,58" hai3="32,82,2,81,12,103,119,9,54,126,44,99,50"/><U19/><E113/><V69/><F76/><W73/><G126/><T8/><D112/><U108/><E130/><V68/><REACH who="2" step="1"/><F47/><REACH who="2" ten="240,280,235,235" step="2"/><W97/><G119/><T91/><D117/><U100/><E43/><V124/><F124/><W38/><G44/><T133/><D57/><U64/><E64/><V15/><F15/><W11/><G12/><N who="0" m="7175" /><D10/><U14/><E27/><V95/><F95/><W30/><G11/><T105/><D105/><AGARI ba="0,1" hai="0,1,37,39,58,59,60,63,68,69,105,107,120,122" machi="105" ten="25,3200,0" yaku="1,1,22,2,53,0" doraHai="86" doraHaiUra="20" who="2" fromWho="0" sc="240,-32,280,0,235,42,235,0" /><INIT seed="2,0,0,1,3,35" ten="208,280,277,235" oya="2" hai0="109,28,38,95,18,78,87,4,121,92,27,64,36" hai1="40,67,8,7,84,77,63,127,65,73,113,43,47" hai2="79,93,45,119,5,107,56,133,72,122,49,117,124" hai3="81,24,15,33,23,58,59,102,91,85,25,112,68"/><V34/><F107/><W61/><G112/><T104/><D121/><U52/><E113/><V96/><F122/><W82/><G68/><T120/><D120/><U70/><E127/><V74/><F34/><W57/><G102/><T118/><D104/><U89/><E73/><V100/><F124/><W125/><G125/><T31/><D109/><U129/><E129/><V22/><F133/><W48/><G33/><T53/><D118/><U11/><E77/><V114/><F114/><W116/><G116/><T50/><D64/><U105/><E105/><V135/><F135/><W3/><G3/><T108/><D108/><U30/><E30/><V46/><F56/><W42/><G81/><N who="0" m="47543" /><D36/><U83/><E67/><V86/><F46/><N who="3" m="25687" /><G61/><T94/><D4/><U19/><E19/><AGARI ba="0,0" hai="15,19,23,24,25,57,58,59,82,85,91" m="25687" machi="19" ten="30,1000,0" yaku="8,1" doraHai="35" who="3" fromWho="1" sc="208,0,280,-10,277,0,235,10" /><INIT seed="3,0,0,1,1,123" ten="208,270,277,245" oya="3" hai0="110,6,115,67,31,49,86,126,124,63,97,28,96" hai1="39,3,61,5,120,43,132,80,100,18,55,19,53" hai2="37,128,62,135,73,117,1,75,20,9,12,48,104" hai3="13,30,25,33,103,85,70,125,0,23,7,101,60"/><W21/><G125/><N who="0" m="48235" /><D115/><U118/><E120/><V84/><F37/><W129/><G129/><T91/><D6/><U8/><E100/><V90/><F117/><W114/><G114/><T76/><D76/><U82/><E118/><V130/><F104/><W108/><G23/><T78/><D78/><U45/><E132/><V22/><F135/><W38/><G38/><T106/><D49/><U26/><E61/><V81/><F1/><W36/><G36/><T16/><D110/><U24/><E80/><V127/><F127/><W107/><G85/><T88/><D16/><U59/><E82/><V47/><F62/><W64/><G108/><T87/><D106/><U98/><E18/><V11/><F11/><N who="3" m="2535" /><G107/><T83/><D28/><U32/><E19/><AGARI ba="0,0" hai="13,19,21,25,30,33,60,64,70,101,103" m="2535" machi="19" ten="30,1500,0" yaku="24,1" doraHai="123" who="3" fromWho="1" sc="208,0,270,-15,277,0,245,15" /><INIT seed="3,1,0,0,4,9" ten="208,255,277,260" oya="3" hai0="32,98,10,6,64,45,56,34,128,31,13,109,77" hai1="88,87,35,85,121,48,83,46,17,41,134,22,103" hai2="62,66,67,40,8,16,86,92,53,21,76,27,69" hai3="65,94,68,114,130,78,55,43,117,96,81,0,18"/><W93/><G114/><T133/><D109/><U20/><E35/><V116/><F116/><W70/><G117/><T59/><D128/><U47/><E121/><V135/><F135/><W124/><G124/><T28/><D133/><U107/><E134/><V5/><F40/><W1/><G130/><T24/><D77/><U37/><E103/><V108/><F108/><W129/><G43/><T42/><D64/><U132/><E107/><V26/><F26/><W111/><G93/><T60/><D60/><U51/><E132/><V104/><F104/><W57/><G129/><T14/><D98/><U102/><E102/><V97/><F67/><W99/><G99/><T131/><D131/><U125/><E125/><V38/><F53/><W126/><G18/><T25/><REACH who="0" step="1"/><D13/><REACH who="0" ten="198,255,277,260" step="2"/><N who="1" m="9263" /><E37/><AGARI ba="1,1" hai="6,10,14,24,25,28,31,32,34,37,42,45,56,59" machi="37" ten="30,7700,0" yaku="1,1,7,1,9,1,52,1,53,0" doraHai="9" doraHaiUra="12" who="0" fromWho="1" sc="198,90,255,-80,277,0,260,0" /><INIT seed="4,0,0,2,2,114" ten="288,175,277,260" oya="0" hai0="116,81,24,42,47,86,127,87,85,5,51,12,76" hai1="18,39,90,1,104,110,88,11,83,25,72,40,74" hai2="70,89,111,54,57,134,132,117,126,49,121,102,78" hai3="133,105,43,63,79,107,125,71,95,101,45,59,52"/><T6/><D116/><U65/><E110/><V15/><F111/><W53/><G79/><T16/><D127/><U38/><E104/><V32/><F121/><W129/><G125/><T135/><D135/><U62/><E25/><V130/><F126/><W98/><G133/><T23/><REACH who="0" step="1"/><D24/><REACH who="0" ten="278,175,277,260" step="2"/><U93/><E18/><V19/><F117/><W64/><G129/><T3/><D3/><U94/><E1/><V17/><F17/><W0/><G0/><T122/><D122/><U20/><E11/><V120/><F130/><W97/><G107/><T56/><D56/><U27/><E27/><V9/><F120/><W29/><G71/><T67/><D67/><U123/><E123/><V4/><F70/><W26/><G26/><T21/><D21/><U13/><E20/><V124/><F124/><W2/><G2/><T33/><D33/><U108/><E13/><V100/><F32/><W14/><G14/><T22/><D22/><U28/><E108/><V44/><F134/><W84/><G105/><T37/><D37/><U77/><E28/><V113/><F132/><W31/><G31/><T96/><D96/><N who="1" m="57383" /><E72/><AGARI ba="0,1" hai="5,6,12,16,23,42,47,51,72,76,81,85,86,87" machi="72" ten="40,3900,0" yaku="1,1,54,1,53,0" doraHai="114" doraHaiUra="109" who="0" fromWho="1" sc="278,49,175,-39,277,0,260,0" owari="327,42.7,136,-36.4,277,7.7,260,-14.0" /></mjloggm>