<mjloggm ver="2.3"><GO type="225" lobby="0"/><UN n0="%E7%BD%AA%E5%88%91%E6%B3%95%E5%AE%9A%E4%B8%BB%E7%BE%A9" n1="%73%69%72%6F%75%74" n2="%E3%83%A9%E3%83%BC%E3%83%A1%E3%83%B3%E4%BA%94%E9%83%8E" n3="%E3%81%A1%E3%82%85%E3%81%86%E3%81%A9%E3%81%8F%E8%B1%A1%E3%81%95%E3%82%93" dan="16,16,16,16" rate="2129.05,2139.95,2088.06,2091.91" sx="M,M,M,M"/><TAIKYOKU oya="0"/><INIT seed="0,0,0,3,2,64" ten="250,250,250,250" oya="0" hai0="67,108,117,29,42,43,12,61,51,27,125,109,60" hai1="30,46,56,44,59,13,57,40,34,91,11,75,131" hai2="36,105,16,50,123,98,10,19,73,68,74,113,76" hai3="53,90,127,110,111,1,96,47,21,132,103,33,89"/><T15/><D117/><U114/><E75/><V24/><F36/><W97/><G33/><T23/><D125/><U84/><E131/><V39/><F39/><W58/><G1/><T8/><D51/><U0/><E0/><V100/><F123/><W54/><G127/><T104/><D104/><U78/><E78/><V35/><F113/><W69/><G132/><T49/><D49/><U32/><E114/><V48/><F68/><W4/><G4/><T86/><D86/><U85/><E85/><V79/><F79/><W102/><G58/><T7/><D15/><U2/><E2/><V62/><F62/><W65/><G65/><T9/><D9/><U45/><E40/><V126/><F126/><W112/><G21/><T52/><D52/><U26/><E32/><V130/><F130/><W135/><G135/><T6/><D6/><U107/><E107/><V31/><F73/><W80/><G80/><T92/><D92/><U134/><E134/><V94/><F94/><W77/><G77/><T3/><D3/><U37/><E37/><V115/><F115/><W72/><G112/><T118/><D118/><U83/><REACH who="1" step="1"/><E59/><REACH who="1" ten="250,240,250,250" step="2"/><V119/><F119/><W93/><G72/><T70/><REACH who="0" step="1"/><D61/><REACH who="0" ten="240,240,250,250" step="2"/><U28/><E28/><V88/><F31/><W55/><G110/><AGARI ba="0,2" hai="7,8,12,23,27,29,42,43,60,67,70,108,109,110" machi="110" ten="40,12000,1" yaku="1,1,2,1,14,1,10,1,52,1,53,0" doraHai="64" doraHaiUra="71" who="0" fromWho="3" sc="240,140,240,0,250,0,250,-120" /><INIT seed="0,1,0,5,5,41" ten="380,240,250,130" oya="0" hai0="14,30,129,77,130,127,86,38,51,110,74,17,128" hai1="92,65,133,121,101,43,8,90,63,58,115,131,60" hai2="73,35,95,122,7,111,68,97,84,9,82,54,22" hai3="89,123,108,44,50,107,118,45,64,119,5,29,80"/><T26/><D38/><U102/><E121/><V32/><F122/><W18/><G107/><T53/><D74/><U85/><E133/><V93/><F73/><W31/><G5/><T112/><D112/><U46/><E131/><V124/><F111/><W103/><G103/><T125/><D86/><U88/><E115/><V79/><F124/><N who="0" m="47690" /><D77/><U55/><E8/><V13/><F68/><W48/><G64/><T114/><D114/><U67/><E90/><V3/><F54/><W6/><G89/><T27/><D30/><U59/><E55/><V33/><REACH who="2" step="1"/><F97/><REACH who="2" ten="380,240,240,130" step="2"/><W116/><G123/><T42/><D110/><U81/><REACH who="1" step="1"/><E81/><REACH who="1" ten="380,230,240,130" step="2"/><V71/><F71/><W69/><G80/><T62/><D42/><U76/><E76/><V61/><F61/><W106/><G69/><T96/><D62/><U109/><E109/><V34/><N who="2" m="8192" /><DORA hai="11" /><V2/><F2/><W37/><G108/><T117/><D96/><U21/><E21/><V105/><F105/><W52/><G106/><T78/><D78/><U120/><E120/><V36/><F36/><AGARI ba="1,2" hai="36,43,46,58,59,60,63,65,67,85,88,92,101,102" machi="36" ten="30,8000,1" yaku="1,1,7,1,9,1,52,1,54,1,53,0" doraHai="41,11" doraHaiUra="100,47" who="1" fromWho="2" sc="380,0,230,103,240,-83,130,0" /><INIT seed="1,0,0,0,1,99" ten="380,333,157,130" oya="1" hai0="23,83,51,18,30,75,37,128,135,28,60,86,10" hai1="88,24,72,38,93,21,25,36,33,41,70,68,91" hai2="73,85,69,84,122,50,113,42,3,20,27,115,112" hai3="105,54,114,92,35,71,32,57,17,46,76,94,47"/><U100/><E72/><V102/><F122/><W103/><G114/><T109/><D37/><U126/><E33/><V15/><F3/><W39/><G71/><T8/><D75/><U43/><E21/><V125/><F69/><W106/><G76/><T121/><D109/><U78/><E93/><V130/><F130/><W7/><G7/><T16/><D128/><U124/><E78/><V82/><F125/><W1/><G1/><T55/><D135/><U4/><E4/><V74/><F15/><W13/><G94/><T89/><D60/><U66/><E66/><V61/><F61/><W77/><G77/><T40/><D40/><U101/><AGARI ba="0,0" hai="24,25,36,38,41,43,68,70,88,91,100,101,124,126" machi="101" ten="25,18000,2" yaku="0,1,22,2,52,2,54,1" doraHai="99" who="1" fromWho="1" sc="380,-60,333,180,157,-60,130,-60" /><INIT seed="1,1,0,3,0,105" ten="320,513,97,70" oya="1" hai0="13,40,79,74,125,88,55,34,23,45,15,36,75" hai1="91,99,59,30,51,56,110,67,9,38,53,16,61" hai2="97,111,68,94,73,129,57,0,35,33,24,2,71" hai3="85,4,32,46,42,90,108,135,122,49,10,52,69"/><U102/><E91/><V128/><F111/><W106/><G108/><T117/><D34/><N who="2" m="12810" /><F24/><W28/><G106/><T100/><D100/><U1/><E110/><V115/><F57/><W84/><G122/><T12/><D117/><U72/><E38/><V124/><F124/><W27/><G135/><T123/><D123/><U83/><E30/><V31/><F31/><W116/><G116/><T107/><D107/><U65/><E65/><V63/><F115/><W39/><G69/><N who="2" m="26697" /><F63/><W95/><G85/><T119/><D119/><U50/><E50/><V92/><F92/><W18/><G18/><T19/><D125/><U20/><E1/><V43/><F43/><W89/><G89/><T127/><D127/><U17/><E72/><V48/><F48/><W26/><G26/><T104/><D104/><U101/><E83/><V11/><F11/><W37/><REACH who="3" step="1"/><G42/><REACH who="3" ten="320,513,97,60" step="2"/><T113/><D113/><U131/><E17/><V21/><F73/><W86/><G86/><T80/><D75/><U132/><E16/><V82/><F129/><W64/><G64/><T98/><D88/><U78/><E101/><V77/><F128/><W44/><G44/><T134/><D134/><U47/><E131/><V130/><F130/><W76/><G76/><T5/><D98/><U70/><E78/><V103/><F77/><W7/><G7/><T8/><REACH who="0" step="1"/><D55/><REACH who="0" ten="310,513,97,60" step="2"/><N who="1" m="31871" /><E99/><V126/><F126/><W66/><G66/><T6/><D6/><U62/><E53/><V87/><F97/><W133/><G133/><T96/><D96/><U22/><E102/><V120/><F103/><W25/><G25/><AGARI ba="1,2" hai="5,8,12,13,15,19,23,25,36,40,45,74,79,80" machi="25" ten="30,7700,0" yaku="1,1,7,1,52,1,53,1" doraHai="105" doraHaiUra="3" who="0" fromWho="3" sc="310,100,513,0,97,0,60,-80" owari="410,21.0,513,61.3,97,-30.3,-20,-52.0" /></mjloggm>