<mjloggm ver="2.3"><GO type="225" lobby="0"/><UN n0="%4E%6F%2E%30%30%30%31" n1="%74%61%6B%75%61%6B%61" n2="%E4%B8%89%E5%86%A0%E7%8E%8B%E3%83%BB%E5%B1%B1%E7%94%B0%E5%93%B2%E4%BA%BA" n3="%6E%69%63%6F%6E%74%6F" dan="18,17,16,16" rate="2245.99,2204.02,2180.81,2135.19" sx="M,M,M,M"/><TAIKYOKU oya="0"/><INIT seed="0,0,0,1,3,103" ten="250,250,250,250" oya="0" hai0="78,96,59,41,28,111,115,74,45,22,97,133,113" hai1="36,84,7,30,117,99,44,48,43,24,112,13,63" hai2="37,94,58,18,109,82,68,108,120,53,116,65,135" hai3="118,67,23,92,27,71,79,40,83,10,85,12,49"/><T75/><D133/><U123/><E123/><V11/><F120/><W25/><G118/><T132/><D132/><U87/><E117/><V39/><F135/><W89/><G71/><T110/><D59/><U2/><E2/><V88/><F116/><W55/><G67/><T125/><D28/><U72/><E72/><N who="0" m="27689" /><D22/><N who="1" m="15639" /><E36/><V95/><F65/><W62/><G62/><T80/><D45/><U34/><E34/><V32/><F32/><W73/><G40/><T1/><D41/><U16/><E112/><N who="0" m="43081" /><D1/><U76/><E76/><V100/><F39/><W60/><G60/><T105/><D125/><U50/><E7/><V52/><F37/><W15/><G15/><T64/><D64/><U86/><E63/><V17/><F68/><W29/><G29/><T21/><D21/><N who="1" m="11407" /><E48/><V114/><F114/><W8/><G8/><T56/><D56/><U4/><E4/><V31/><F58/><N who="3" m="33135" /><G10/><T38/><D38/><U33/><E33/><V128/><F11/><W124/><G124/><T93/><D105/><U127/><E127/><V130/><F31/><W106/><G106/><T77/><D77/><U61/><E61/><V46/><F17/><AGARI ba="0,0" hai="12,17,23,25,27,73,79,83,85,89,92" m="33135" machi="17" ten="30,1000,0" yaku="25,1" doraHai="103" who="3" fromWho="2" sc="250,0,250,0,250,-10,250,10" /><INIT seed="1,0,0,1,4,4" ten="250,250,240,260" oya="1" hai0="10,80,33,89,93,27,41,8,37,134,53,128,18" hai1="116,65,23,44,49,62,90,42,64,130,46,67,32" hai2="3,13,40,71,59,22,102,135,21,38,99,133,6" hai3="14,120,79,29,103,132,106,82,126,25,7,108,70"/><U119/><E32/><V98/><F71/><W105/><G108/><T20/><D128/><U74/><E74/><V16/><F59/><W0/><G120/><T57/><D134/><N who="2" m="51210" /><F22/><W52/><G132/><T12/><D37/><N who="1" m="21583" /><E90/><V107/><F98/><W118/><G118/><N who="1" m="45098" /><E23/><V109/><F109/><W88/><G70/><T73/><D41/><N who="1" m="24783" /><E130/><V54/><F40/><W97/><G0/><T30/><D80/><U77/><E77/><V84/><F38/><W83/><G106/><T111/><D73/><U34/><E34/><V9/><F54/><W56/><G79/><T2/><D2/><U75/><E75/><V95/><F84/><W61/><G97/><T24/><D111/><U1/><E1/><V31/><F31/><W81/><G29/><T45/><D45/><U86/><E86/><V92/><AGARI ba="0,0" hai="3,6,9,13,16,21,92,95,99,102,107" m="51210" machi="92" ten="30,4000,0" yaku="20,1,52,1,54,1" doraHai="4" who="2" fromWho="2" sc="250,-10,250,-20,240,40,260,-10" /><INIT seed="2,0,0,4,5,69" ten="240,230,280,250" oya="2" hai0="68,13,111,26,40,124,122,34,82,30,19,134,44" hai1="86,106,33,52,135,71,16,42,53,57,96,92,114" hai2="56,84,79,58,127,31,45,110,4,51,62,74,103" hai3="27,43,90,78,5,95,121,131,39,55,20,113,36"/><V29/><F74/><W77/><G121/><T38/><D122/><U108/><E114/><V98/><F127/><W28/><G113/><T107/><D124/><U119/><E119/><V132/><F132/><W130/><G5/><T91/><D134/><U109/><E71/><V76/><F4/><W63/><G43/><T6/><D68/><U21/><E33/><V101/><F110/><N who="1" m="42601" /><E135/><V105/><F101/><W126/><G126/><T17/><D107/><U14/><E42/><V65/><F56/><N who="3" m="35231" /><G78/><T87/><REACH who="0" step="1"/><D111/><REACH who="0" ten="230,230,280,250" step="2"/><U7/><E7/><V97/><F105/><W37/><G77/><T10/><AGARI ba="0,1" hai="6,10,13,17,19,26,30,34,38,40,44,82,87,91" machi="10" ten="30,7900,0" yaku="1,1,2,1,0,1,52,1,53,0" doraHai="69" doraHaiUra="32" who="0" fromWho="0" sc="230,89,230,-20,280,-39,250,-20" /><INIT seed="3,0,0,4,2,69" ten="319,210,241,230" oya="3" hai0="23,79,131,57,33,19,89,52,74,68,73,87,3" hai1="126,11,91,51,30,49,54,14,5,71,124,8,122" hai2="43,37,53,21,86,134,27,16,119,64,77,76,0" hai3="1,65,133,109,127,112,28,29,96,18,100,101,70"/><W15/><G112/><T26/><D68/><U12/><E122/><V110/><F119/><W46/><G127/><T10/><D33/><U95/><E71/><V59/><F110/><W66/><G133/><T102/><D102/><U88/><E30/><V40/><F134/><W128/><G109/><T25/><D79/><U132/><E132/><V48/><F0/><W93/><G1/><T78/><D78/><N who="2" m="30314" /><F37/><W83/><G83/><T111/><D131/><U92/><E54/><V2/><F2/><W17/><G128/><T56/><D56/><U120/><E120/><V63/><F86/><W41/><G70/><T62/><D26/><U24/><E24/><V31/><F31/><N who="3" m="11851" /><G101/><T50/><D111/><U103/><E103/><V81/><F81/><W9/><G18/><T36/><D36/><U123/><E123/><V72/><F72/><W108/><G108/><T107/><D107/><U90/><E90/><V106/><F106/><W34/><G34/><T115/><D115/><U104/><E104/><V6/><F6/><AGARI ba="0,0" hai="5,6,8,11,12,14,49,51,88,91,92,95,124,126" machi="6" ten="25,3200,0" yaku="22,2,54,1" doraHai="69" who="1" fromWho="2" sc="319,0,210,32,241,-32,230,0" owari="319,41.9,242,4.2,209,-29.1,230,-17.0" /></mjloggm>