<mjloggm ver="2.3"><GO type="225" lobby="0"/><UN n0="%72%61%6B%33" n1="%E6%A1%9C%E8%8A%B1%E9%96%83%E3%80%85" n2="%53%61%63%68%69%30%34" n3="%E6%97%A5%E6%9B%9C%E6%97%A5%E3%82%88%E3%82%8A%E3%81%AE%E4%BD%BF%E8%80%85" dan="18,18,16,18" rate="2278.73,2196.12,2092.98,2158.39" sx="M,M,M,M"/><TAIKYOKU oya="0"/><INIT seed="0,0,0,1,4,111" ten="250,250,250,250" oya="0" hai0="82,84,53,107,115,120,61,60,52,37,21,57,71" hai1="35,131,70,34,0,95,47,15,128,113,19,25,65" hai2="8,98,92,66,96,26,36,104,58,24,83,49,110" hai3="87,79,91,125,43,17,10,112,132,100,81,5,89"/><T41/><D107/><U126/><E0/><V116/><F116/><W123/><BYE who="2" /><G123/><T29/><D120/><U64/><E126/><V56/><F56/><W106/><G125/><T68/><D115/><U32/><E25/><V45/><F45/><W73/><G132/><T105/><D105/><U55/><E95/><V86/><F86/><W94/><G112/><T6/><D6/><UN n2="%53%61%63%68%69%30%34" /><U31/><E31/><V38/><F8/><W101/><G43/><T54/><D21/><N who="1" m="11519" /><E70/><N who="0" m="26665" /><D84/><U59/><E47/><V88/><F92/><W85/><G17/><T135/><D29/><U3/><E3/><V76/><F38/><W78/><G78/><T44/><D82/><U97/><E97/><V2/><F98/><W129/><G106/><T11/><D11/><U93/><E93/><V74/><F36/><W109/><G109/><T102/><D102/><U48/><E113/><V69/><F26/><W4/><G4/><T23/><D23/><U62/><E48/><V18/><F49/><W121/><G121/><T14/><D14/><U20/><E20/><V127/><F24/><W133/><G10/><T117/><D117/><U27/><E27/><V9/><F9/><W1/><G5/><T22/><D22/><U16/><E16/><V39/><F110/><W124/><G1/><T30/><D30/><U72/><E72/><V33/><F74/><W103/><G124/><T130/><D135/><U50/><E50/><V77/><F2/><W75/><G133/><T40/><D40/><U7/><E7/><V63/><F104/><W90/><G129/><AGARI ba="0,0" hai="32,34,35,55,59,62,64,65,128,129,131" m="11519" machi="129" ten="40,1300,0" yaku="19,1" doraHai="111" who="1" fromWho="3" sc="250,0,250,13,250,0,250,-13" /><INIT seed="1,0,0,2,2,114" ten="250,263,250,237" oya="1" hai0="107,39,89,3,71,125,84,28,86,116,63,22,27" hai1="34,30,20,38,16,17,64,72,121,128,101,80,132" hai2="85,131,102,31,14,32,66,119,129,50,105,130,41" hai3="23,52,90,109,74,11,110,73,123,68,61,115,55"/><U57/><E121/><V70/><F105/><W6/><G23/><T24/><D3/><U98/><E38/><V9/><F102/><W25/><G25/><T0/><D0/><U43/><E43/><V36/><F36/><W79/><G90/><T92/><D107/><U58/><E34/><V96/><F96/><W106/><G106/><T87/><D125/><U94/><E128/><V21/><F32/><W49/><G115/><T95/><D39/><U111/><E132/><V113/><F113/><W99/><G99/><T122/><D122/><U8/><E111/><N who="3" m="42506" /><G123/><T18/><D116/><U10/><E72/><N who="3" m="27754" /><G79/><T40/><D40/><U7/><E80/><V35/><F35/><W76/><G76/><T29/><D92/><U26/><E10/><V56/><F85/><W97/><G97/><T69/><D27/><U120/><E120/><V77/><F77/><W2/><G49/><T13/><D28/><U15/><E57/><V19/><F31/><W46/><G46/><T117/><D29/><U127/><E127/><V33/><F33/><W81/><G81/><T108/><D108/><U62/><AGARI ba="0,0" hai="7,8,15,16,17,20,26,30,58,62,64,94,98,101" machi="62" ten="30,12000,1" yaku="0,1,25,2,8,1,54,1" doraHai="114" who="1" fromWho="1" sc="250,-40,263,120,250,-40,237,-40" /><INIT seed="1,1,0,2,5,41" ten="210,383,210,197" oya="1" hai0="16,7,73,89,53,15,11,81,84,79,59,129,43" hai1="99,40,65,87,25,115,72,2,113,22,108,14,107" hai2="60,109,133,91,90,125,106,116,68,4,56,13,69" hai3="97,83,94,61,100,135,117,45,134,96,23,8,20"/><U47/><E72/><V6/><F116/><W105/><G117/><T24/><D129/><U28/><E2/><V77/><F106/><W36/><G61/><T33/><D33/><U93/><E108/><V9/><F109/><W51/><G36/><T132/><D132/><N who="3" m="50729" /><G83/><T85/><D43/><U58/><E107/><V50/><F133/><W70/><G8/><T31/><D89/><U63/><E87/><V64/><F125/><W102/><G70/><T57/><D57/><U52/><E14/><V120/><F120/><W62/><G62/><T110/><D110/><U76/><E76/><V103/><F77/><W10/><G10/><T54/><D54/><AGARI ba="1,0" hai="20,23,45,51,54,94,96,97,100,102,105" m="50729" machi="54" ten="30,2000,0" yaku="20,1,52,1" doraHai="41" who="3" fromWho="0" sc="210,-23,383,0,210,0,197,23" /><INIT seed="2,0,0,1,5,98" ten="187,383,210,220" oya="2" hai0="64,88,58,15,34,74,42,67,41,71,3,13,135" hai1="105,85,40,17,24,106,20,81,63,60,22,43,97" hai2="69,27,107,68,133,57,35,54,128,80,119,70,111" hai3="114,29,108,37,32,72,55,84,6,93,100,109,99"/><V19/><F119/><W127/><G72/><T65/><D74/><U50/><E105/><V12/><F128/><W126/><G37/><T73/><D73/><U116/><E116/><V10/><F133/><W38/><G38/><T131/><D3/><U18/><E106/><V104/><F111/><N who="3" m="42571" /><G114/><T4/><D34/><U62/><E97/><V7/><F80/><W45/><G6/><T118/><D71/><U53/><E53/><V8/><F35/><W14/><G14/><T16/><D118/><U77/><E50/><V113/><F113/><W31/><G84/><T102/><D102/><U0/><E0/><V134/><F134/><W101/><G101/><T132/><D131/><U117/><E117/><V76/><F76/><W33/><G33/><T1/><D1/><U92/><E92/><V49/><REACH who="2" step="1"/><F8/><REACH who="2" ten="187,383,200,220" step="2"/><W25/><G31/><T48/><D135/><U124/><E124/><V66/><F66/><W130/><G130/><T39/><D67/><U52/><E77/><V110/><F110/><W5/><G5/><T28/><D4/><U90/><E81/><V30/><F30/><W103/><G127/><T115/><D28/><U96/><E17/><V59/><F59/><W21/><G126/><T125/><D125/><U82/><E18/><V87/><F87/><W78/><G78/><T89/><D132/><U2/><E85/><V95/><F95/><W86/><G86/><T112/><D16/><U44/><E82/><V47/><F47/><W46/><G32/><T122/><D58/><U91/><E44/><N who="3" m="17002" /><G55/><T129/><D129/><U94/><E52/><V123/><F123/><RYUUKYOKU ba="0,1" sc="187,-15,383,-15,200,15,220,15" hai2="7,10,12,19,27,49,54,57,68,69,70,104,107" hai3="21,25,29,93,99,100,103" /><INIT seed="2,1,1,1,5,83" ten="172,368,215,235" oya="2" hai0="45,64,72,132,77,27,21,14,58,10,9,22,51" hai1="44,113,110,16,19,43,8,94,53,24,106,85,18" hai2="67,15,75,23,115,117,33,0,96,39,56,4,76" hai3="97,68,26,11,37,20,92,104,107,41,127,6,71"/><V49/><F115/><W122/><G122/><T89/><D132/><U66/><E113/><V112/><F112/><W70/><G127/><T105/><D105/><U47/><E106/><V88/><F39/><W114/><G114/><T91/><D72/><U52/><E110/><V80/><F117/><W2/><G41/><T34/><D34/><U134/><E134/><V90/><F33/><W7/><G7/><T55/><D77/><U78/><E66/><V98/><F0/><W17/><REACH who="3" step="1"/><G37/><REACH who="3" ten="172,368,215,225" step="2"/><T63/><D9/><U54/><E8/><V46/><F4/><W129/><G129/><T93/><D27/><U3/><E24/><V32/><F15/><W60/><G60/><T73/><D73/><U59/><E43/><V95/><F75/><W5/><G5/><T82/><D10/><U87/><E3/><V125/><F125/><W130/><G130/><T48/><D14/><U79/><E47/><V38/><F38/><W74/><G74/><T124/><D124/><U13/><E44/><V29/><F46/><W40/><G40/><T120/><D120/><U131/><E13/><V121/><F121/><W126/><G126/><T31/><D48/><U69/><E131/><V30/><F49/><W100/><AGARI ba="1,2" hai="2,6,11,17,20,26,68,70,71,92,97,100,104,107" machi="100" ten="30,2000,0" yaku="1,1,0,1,53,0" doraHai="83" doraHaiUra="133" who="3" fromWho="3" sc="172,-6,368,-6,215,-11,225,43" /><INIT seed="3,0,0,5,2,76" ten="166,362,204,268" oya="3" hai0="132,21,111,30,74,70,105,13,73,45,122,16,36" hai1="75,51,97,115,102,59,126,11,18,54,104,114,38" hai2="117,78,67,89,34,118,63,5,65,87,53,94,99" hai3="131,39,84,109,19,101,7,116,41,80,20,58,25"/><W134/><G116/><T57/><D122/><U113/><E126/><V103/><F34/><W15/><G131/><T46/><D70/><U55/><E75/><V77/><F118/><W85/><G134/><T3/><D132/><U1/><E38/><V120/><F117/><W129/><G129/><T23/><D3/><U133/><E133/><V35/><F35/><W110/><G101/><T130/><D130/><U62/><E18/><V88/><F120/><W121/><G121/><T52/><D105/><U127/><E127/><V27/><F27/><W56/><G41/><T0/><D0/><U135/><E135/><V31/><F31/><W10/><G39/><T124/><D124/><U66/><REACH who="1" step="1"/><E51/><REACH who="1" ten="166,352,204,268" step="2"/><V128/><F128/><W28/><G28/><T119/><D119/><U72/><E72/><V8/><F5/><AGARI ba="0,1" hai="1,5,11,54,55,59,62,66,97,102,104,113,114,115" machi="5" ten="40,5200,0" yaku="1,1,53,2" doraHai="76" doraHaiUra="50" who="1" fromWho="2" sc="166,0,352,62,204,-52,268,0" owari="166,-23.4,414,51.4,152,-34.8,268,6.8" /></mjloggm>