<mjloggm ver="2.3"><GO type="225" lobby="0"/><UN n0="%E5%B8%86%E7%AB%8B%E5%A4%8F%E8%A1%A3" n1="%E3%81%A1%E3%82%85%E3%81%86%E3%81%A9%E3%81%8F%E8%B1%A1%E3%81%95%E3%82%93" n2="%E9%80%86%E9%80%A3%E5%B8%AF%E3%81%AE%E9%AC%BC" n3="%E4%B8%89%E5%86%A0%E7%8E%8B%E3%83%BB%E5%B1%B1%E7%94%B0%E5%93%B2%E4%BA%BA" dan="17,17,16,16" rate="2136.16,2214.24,2139.82,2141.96" sx="M,M,M,M"/><TAIKYOKU oya="0"/><INIT seed="0,0,0,1,4,56" ten="250,250,250,250" oya="0" hai0="100,15,34,43,78,17,88,121,91,133,18,89,31" hai1="86,1,76,131,99,103,96,25,63,51,8,57,107" hai2="120,19,119,61,111,10,67,42,4,23,84,36,38" hai3="22,112,0,24,87,5,21,94,132,13,30,74,135"/><T98/><D133/><N who="3" m="51273" /><G74/><T71/><D121/><U77/><E131/><V102/><F111/><W39/><G39/><T40/><D78/><U129/><E129/><V116/><F120/><W124/><G112/><T106/><D71/><U118/><E118/><V62/><F102/><W35/><G94/><T115/><D115/><U45/><E99/><V110/><F110/><W134/><G87/><T54/><D18/><U81/><E25/><V58/><F84/><W3/><G134/><T79/><D79/><U47/><E77/><V104/><F104/><W46/><G46/><T2/><D2/><N who="3" m="553" /><G124/><T125/><D125/><U126/><E126/><V14/><F42/><W108/><G108/><T41/><D54/><U65/><REACH who="1" step="1"/><E51/><REACH who="1" ten="250,240,250,250" step="2"/><V11/><F119/><W69/><G69/><T12/><REACH who="0" step="1"/><D17/><REACH who="0" ten="240,240,250,250" step="2"/><U16/><E16/><V85/><F116/><W6/><G6/><AGARI ba="0,2" hai="1,6,8,45,47,57,63,65,76,81,86,96,103,107" machi="6" ten="40,2600,0" yaku="1,1,52,1,53,0" doraHai="56" doraHaiUra="20" who="1" fromWho="3" sc="240,0,240,46,250,0,250,-26" /><INIT seed="1,0,0,2,0,85" ten="240,286,250,224" oya="1" hai0="108,122,77,6,17,40,59,135,54,34,92,93,53" hai1="97,101,4,33,88,22,44,114,73,29,27,134,90" hai2="30,104,28,51,76,132,86,80,56,39,57,38,62" hai3="118,13,111,23,3,125,14,26,123,100,2,107,109"/><U102/><E114/><V124/><F104/><W74/><G74/><T15/><D34/><U106/><E73/><V61/><F132/><W5/><G100/><T115/><D108/><N who="3" m="41545" /><G107/><T36/><D115/><U11/><E134/><V25/><F124/><W21/><G123/><T47/><D135/><U9/><E102/><V19/><F51/><W10/><G125/><T31/><D122/><U105/><E105/><V32/><F30/><N who="3" m="17743" /><G118/><T49/><D31/><U75/><E75/><V55/><REACH who="2" step="1"/><F19/><AGARI ba="0,0" hai="2,3,5,10,13,14,19,23" m="17743,41545" machi="19" ten="30,3900,0" yaku="14,1,34,2" doraHai="85" who="3" fromWho="2" sc="240,0,286,0,250,-39,224,39" /><INIT seed="2,0,0,4,2,97" ten="240,286,211,263" oya="2" hai0="9,25,5,40,7,59,124,99,45,10,1,30,104" hai1="133,135,79,27,15,114,20,3,21,73,87,122,130" hai2="53,95,128,93,39,92,38,106,0,126,60,121,101" hai3="85,17,105,62,33,54,88,36,28,117,129,118,50"/><V16/><F121/><W57/><G36/><T109/><D109/><U47/><E114/><V12/><F0/><W82/><G129/><T127/><D59/><U24/><E3/><V120/><F120/><W134/><G134/><N who="1" m="51210" /><E130/><V80/><F126/><N who="0" m="48170" /><D10/><U14/><E73/><V68/><F128/><W18/><G105/><T72/><D72/><U98/><E47/><V65/><F80/><W83/><G33/><N who="0" m="20687" /><D7/><U66/><E66/><V34/><F34/><W41/><G28/><T51/><D99/><U22/><E98/><V110/><F110/><W76/><G118/><T44/><D44/><U52/><E122/><V113/><F113/><W29/><G29/><T103/><D104/><U23/><E27/><V63/><F106/><W102/><G117/><T64/><D64/><U81/><E52/><V43/><F43/><W8/><G54/><T37/><D37/><U108/><E108/><V100/><F39/><W56/><G41/><T55/><D40/><U90/><E24/><V70/><F38/><W94/><G56/><T107/><D107/><U49/><E49/><V89/><F89/><W84/><G50/><T67/><D67/><U26/><E90/><V42/><F42/><W61/><G57/><T11/><D11/><U111/><E111/><V35/><F35/><W86/><G8/><T2/><D2/><U131/><E131/><V32/><F32/><W75/><G88/><T74/><D74/><U6/><E6/><V78/><F70/><W119/><G119/><T112/><D112/><U58/><E58/><N who="2" m="34895" /><F78/><W132/><G132/><T123/><D123/><U48/><E48/><RYUUKYOKU ba="0,0" sc="240,10,286,10,211,10,263,-30" hai0="1,5,9,45,51,55,103" hai1="14,15,20,21,22,23,26,79,81,87" hai2="12,16,63,65,68,92,93,95,100,101" /><INIT seed="2,1,0,4,3,65" ten="250,296,221,233" oya="2" hai0="49,33,25,98,107,17,4,112,122,123,104,111,72" hai1="85,110,8,88,117,53,34,86,79,127,77,36,44" hai2="32,29,23,2,84,20,50,90,14,22,74,100,101" hai3="26,61,81,114,76,106,60,10,91,120,40,19,87"/><V30/><F74/><W69/><G120/><T66/><D72/><U75/><E117/><V109/><F2/><W45/><G106/><T59/><D112/><U80/><E34/><V133/><F133/><W31/><G114/><T64/><D111/><U6/><E110/><V55/><F109/><W103/><G103/><T63/><D4/><U46/><E127/><V105/><F14/><W15/><G91/><T118/><D107/><U119/><E119/><V121/><F121/><W68/><G60/><N who="0" m="37919" /><D49/><N who="1" m="28839" /><E88/><V57/><F32/><W135/><G61/><T62/><D62/><U11/><E11/><V21/><N who="2" m="5120" /><DORA hai="5" /><V93/><REACH who="2" step="1"/><F105/><REACH who="2" ten="250,296,211,233" step="2"/><W16/><G135/><T108/><D108/><U13/><E75/><V126/><F126/><W97/><G31/><AGARI ba="1,1" hai="29,30,31,50,55,57,84,90,93,100,101" m="5120" machi="31" ten="50,4800,0" yaku="1,1,8,1,53,0" doraHai="65,5" doraHaiUra="92,41" who="2" fromWho="3" sc="250,0,296,0,211,61,233,-51" /><INIT seed="2,2,0,5,3,4" ten="250,296,272,182" oya="2" hai0="66,134,100,133,17,63,15,95,102,112,85,77,69" hai1="43,9,61,120,119,50,38,93,14,92,98,84,126" hai2="11,12,106,27,45,30,57,55,79,121,88,36,103" hai3="89,23,44,19,111,109,58,104,20,64,78,71,87"/><V94/><F121/><W127/><G127/><T122/><D112/><U99/><E119/><V135/><F135/><N who="0" m="51722" /><D122/><U74/><E74/><V75/><F106/><W29/><G71/><T37/><D37/><U34/><E34/><V31/><F103/><W60/><G104/><T65/><D65/><U118/><E120/><V132/><F132/><W42/><G78/><T13/><D13/><U47/><E118/><V83/><F45/><W124/><G29/><T116/><D116/><U113/><E113/><V53/><F36/><W128/><G128/><T35/><D35/><U125/><E61/><V130/><F130/><W16/><G124/><N who="1" m="47722" /><E38/><V56/><F56/><W86/><G42/><T8/><D77/><U40/><E40/><V76/><F76/><W62/><G44/><T28/><D28/><U41/><E41/><V54/><F57/><W59/><REACH who="3" step="1"/><G89/><AGARI ba="2,0" hai="8,15,17,63,66,69,85,89,95,100,102" m="51722" machi="89" ten="30,2000,0" yaku="20,1,52,1" doraHai="4" who="0" fromWho="3" sc="250,26,296,0,272,0,182,-26" /><INIT seed="3,0,0,4,0,111" ten="276,296,272,156" oya="3" hai0="56,119,100,75,13,114,5,14,128,103,20,48,85" hai1="81,57,123,98,126,59,115,49,6,101,31,133,84" hai2="67,12,17,91,94,41,87,36,37,109,63,104,97" hai3="69,120,105,42,29,18,83,40,60,7,11,54,53"/><W47/><G120/><T23/><D75/><U82/><E123/><V93/><F109/><W129/><G105/><T65/><D119/><U130/><E115/><V25/><F104/><W76/><G129/><T92/><D128/><U132/><E130/><V10/><F25/><W70/><G29/><T0/><D0/><U64/><E126/><V51/><F51/><W33/><G33/><T106/><D114/><U4/><E31/><V21/><F41/><W117/><G18/><T50/><D5/><N who="1" m="2155" /><E64/><V30/><F21/><W107/><G107/><T2/><D56/><N who="1" m="21579" /><E49/><V135/><F30/><W96/><G96/><T27/><D2/><U127/><E127/><V66/><F135/><N who="1" m="51785" /><E84/><V88/><REACH who="2" step="1"/><F67/><REACH who="2" ten="276,296,262,156" step="2"/><N who="3" m="41191" /><G70/><AGARI ba="0,1" hai="10,12,17,36,37,63,66,70,87,88,91,93,94,97" machi="70" ten="30,3900,0" yaku="1,1,7,1,54,1,53,0" doraHai="111" doraHaiUra="131" who="2" fromWho="3" sc="276,0,296,0,262,49,156,-39" owari="276,-12.4,296,9.6,311,41.1,117,-38.3" /></mjloggm>