<mjloggm ver="2.3"><GO type="225" lobby="0"/><UN n0="%72%69%6F%75%63%68%61%6E" n1="%E9%80%9F%E6%B0%B4%E5%87%9B%E9%A6%99" n2="%E3%81%A1%E3%82%85%E3%81%86%E3%81%A9%E3%81%8F%E8%B1%A1%E3%81%95%E3%82%93" n3="%E3%81%8F%E3%81%BE%E3%81%96%E3%82%8F" dan="17,16,17,16" rate="2293.86,2159.64,2182.89,2060.09" sx="M,F,M,M"/><TAIKYOKU oya="0"/><INIT seed="0,0,0,5,1,125" ten="250,250,250,250" oya="0" hai0="128,73,13,94,91,61,35,127,113,48,52,130,76" hai1="62,102,33,80,79,100,95,78,54,58,132,60,50" hai2="117,119,39,110,17,93,3,116,14,114,74,69,41" hai3="30,51,134,83,21,67,37,64,57,46,11,121,72"/><T44/><D127/><U86/><E33/><V18/><F69/><W85/><G134/><T77/><D113/><U111/><E111/><V97/><F74/><W108/><G108/><T106/><D106/><U19/><E132/><V87/><F110/><W115/><G115/><T98/><D35/><U112/><E112/><V63/><F114/><W101/><G72/><T59/><D13/><U126/><E126/><V6/><F87/><W15/><G37/><T120/><D120/><U65/><E78/><V122/><F122/><W2/><G101/><T36/><D36/><U24/><E95/><V53/><F3/><W28/><G2/><T82/><REACH who="0" step="1"/><D77/><REACH who="0" ten="240,250,250,250" step="2"/><U8/><E24/><V16/><F14/><W71/><G15/><T7/><D7/><U20/><E8/><V109/><F6/><W68/><G11/><T105/><D105/><U133/><E133/><V38/><F109/><W118/><G121/><T47/><D47/><U49/><E20/><V124/><F124/><W75/><G46/><T66/><AGARI ba="0,1" hai="44,48,52,59,61,66,73,76,82,91,94,98,128,130" machi="66" ten="30,18000,2" yaku="1,1,0,1,52,2,54,1,53,1" doraHai="125" doraHaiUra="92" who="0" fromWho="0" sc="240,190,250,-60,250,-60,250,-60" /><INIT seed="0,1,0,5,5,25" ten="430,190,190,190" oya="0" hai0="104,96,135,56,72,125,88,131,22,120,123,18,23" hai1="102,129,68,47,133,36,107,80,7,19,114,26,79" hai2="86,53,121,99,111,70,16,65,21,108,15,58,37" hai3="39,50,118,52,122,76,77,10,4,43,124,132,85"/><T38/><D72/><U83/><E68/><V30/><F121/><W134/><G122/><T3/><D38/><U1/><E133/><N who="3" m="51306" /><G118/><T117/><D125/><U28/><E83/><V45/><F99/><W126/><G43/><T59/><D131/><U33/><E129/><V89/><F70/><W35/><G35/><T66/><D135/><U61/><E61/><V110/><F65/><W105/><G105/><T75/><D117/><U5/><E19/><V127/><F127/><N who="3" m="48683" /><G85/><T2/><D104/><U112/><E7/><V32/><F45/><N who="3" m="27727" /><G39/><T8/><D123/><U57/><E107/><V106/><F37/><W48/><G48/><T69/><D120/><U17/><E36/><V62/><F106/><W63/><G63/><T42/><D42/><U13/><E33/><V71/><F71/><W46/><G46/><T0/><D69/><U60/><E47/><V78/><F32/><W74/><G74/><T20/><D75/><U54/><E60/><V40/><F40/><W109/><G109/><T84/><D84/><U92/><E57/><V64/><F78/><W113/><G113/><T41/><D41/><U100/><E79/><V130/><F111/><W14/><AGARI ba="1,0" hai="4,10,14,76,77" m="27727,48683,51306" machi="14" ten="30,4000,0" yaku="20,1,18,1,54,1" doraHai="25" who="3" fromWho="3" sc="430,-21,190,-11,190,-11,190,43" /><INIT seed="1,0,0,0,1,93" ten="409,179,179,233" oya="1" hai0="133,11,48,76,2,10,132,50,0,124,81,74,72" hai1="41,21,27,68,100,121,94,36,116,32,88,112,113" hai2="79,39,5,9,107,19,29,127,120,125,115,89,131" hai3="40,14,91,8,22,67,25,111,71,135,26,33,128"/><U109/><E121/><V99/><F120/><W53/><G111/><T105/><D105/><U102/><E68/><V134/><F39/><W44/><G128/><T96/><D124/><N who="2" m="47690" /><F131/><W95/><G135/><N who="0" m="51787" /><D74/><U3/><E3/><N who="0" m="1065" /><D96/><U61/><E32/><V54/><F79/><W4/><G53/><T18/><D18/><U46/><E116/><V52/><F134/><W75/><G75/><T30/><D30/><U62/><E109/><V55/><F115/><W98/><G33/><T57/><D48/><U1/><E1/><N who="2" m="175" /><F29/><W86/><G22/><T24/><D24/><U103/><E113/><V37/><F37/><W70/><G70/><T16/><D16/><N who="1" m="12711" /><E36/><V35/><F19/><W31/><G31/><T129/><D129/><U80/><E112/><V87/><F35/><W84/><G25/><T63/><D50/><N who="1" m="26959" /><E80/><N who="2" m="49383" /><F107/><W65/><G26/><T17/><D17/><U59/><E59/><V64/><F64/><AGARI ba="0,0" hai="10,11,57,63,64,72,76,81" m="1065,51787" machi="64" ten="30,1000,0" yaku="20,1" doraHai="93" who="0" fromWho="2" sc="409,10,179,0,179,-10,233,0" /><INIT seed="2,0,0,3,1,19" ten="419,179,169,233" oya="2" hai0="70,122,0,98,108,68,36,60,78,120,46,2,53" hai1="59,55,134,118,52,87,131,80,94,92,133,74,112" hai2="17,117,11,15,12,129,65,95,97,91,22,66,41" hai3="81,42,77,3,28,35,125,26,61,64,49,89,21"/><V83/><F117/><W107/><G125/><T128/><D108/><U90/><E118/><V111/><F129/><W75/><G3/><N who="0" m="1067" /><D53/><U20/><E112/><V31/><F111/><W72/><G107/><T110/><D110/><U126/><E126/><V127/><F127/><W37/><G49/><T27/><D27/><U105/><E105/><V57/><F41/><W13/><G89/><T24/><D24/><U29/><E74/><V23/><F83/><W1/><G1/><T48/><D48/><U88/><E131/><V58/><F31/><W101/><G101/><T44/><D98/><U32/><E32/><V62/><REACH who="2" step="1"/><F12/><REACH who="2" ten="419,179,159,233" step="2"/><W121/><G13/><T71/><D128/><U123/><E123/><V40/><F40/><W76/><G121/><T45/><D122/><U63/><E80/><V73/><F73/><W10/><G42/><T50/><D120/><U7/><E7/><V114/><F114/><W85/><G75/><T43/><D36/><U5/><E5/><V109/><F109/><W69/><G37/><T4/><D4/><U9/><E9/><V116/><F116/><W30/><G10/><T96/><D43/><U99/><E29/><V132/><F132/><N who="1" m="50793" /><E20/><V100/><F100/><W93/><G72/><T14/><D14/><U51/><E51/><V124/><F124/><W103/><G30/><T25/><D50/><U47/><E47/><V82/><F82/><W135/><G135/><T130/><D44/><U16/><E16/><V18/><F18/><W56/><G28/><T115/><D45/><U79/><E79/><N who="3" m="30282" /><G81/><T39/><D130/><U67/><AGARI ba="0,1" hai="52,55,59,63,67,87,88,90,92,94,99" m="50793" machi="67" ten="30,7900,0" yaku="5,1,20,1,54,2" doraHai="19" who="1" fromWho="1" sc="419,-20,179,89,159,-39,233,-20" /><INIT seed="3,0,0,1,2,95" ten="399,268,120,213" oya="3" hai0="33,39,69,19,93,109,103,100,86,24,18,114,50" hai1="96,94,52,38,11,132,23,116,40,8,110,34,120" hai2="104,1,125,13,3,97,134,102,82,54,44,127,62" hai3="32,121,20,49,131,45,5,76,16,135,28,22,123"/><W47/><G5/><T106/><D39/><U101/><E34/><V130/><F130/><W65/><G65/><T117/><D117/><U51/><E120/><V0/><F134/><W122/><G131/><T99/><D109/><U77/><E110/><V61/><F82/><W2/><G2/><T7/><D114/><U66/><E132/><V68/><F13/><W30/><G135/><T35/><D69/><U126/><E126/><V37/><F54/><W12/><G76/><T72/><D72/><U25/><E66/><V57/><F57/><W27/><G47/><T84/><D7/><U83/><E40/><V9/><F9/><N who="3" m="6159" /><G49/><T85/><D50/><U14/><E38/><V59/><F59/><W36/><G36/><T87/><N who="0" m="21504" /><DORA hai="60" /><T29/><REACH who="0" step="1"/><D35/><REACH who="0" ten="389,268,120,213" step="2"/><U6/><E116/><V91/><F91/><W81/><G32/><T31/><D31/><U119/><E119/><V129/><F129/><W67/><G28/><T108/><D108/><U118/><E118/><V17/><F17/><W124/><G30/><T46/><D46/><U48/><E48/><V15/><F15/><W70/><G45/><T53/><D53/><U43/><E52/><V74/><F74/><W105/><G123/><T26/><D26/><U112/><E25/><V73/><F73/><W78/><G27/><T128/><D128/><U63/><E14/><V115/><F115/><W58/><G122/><T42/><D42/><U107/><E43/><N who="2" m="22639" /><F61/><W4/><G121/><T71/><D71/><U89/><E112/><V98/><F98/><AGARI ba="0,1" hai="18,19,24,29,33,93,98,99,100,103,106" m="21504" machi="98" ten="50,8000,1" yaku="1,1,52,2,53,1" doraHai="95,60" doraHaiUra="21,79" who="0" fromWho="2" sc="389,90,268,0,120,-80,213,0" owari="479,57.9,268,6.8,40,-46.0,213,-18.7" /></mjloggm>