<mjloggm ver="2.3"><GO type="225" lobby="0"/><UN n0="%72%69%6F%75%63%68%61%6E" n1="%E5%AE%AE%E4%BF%9D%E9%B6%8F%E8%82%89" n2="%E3%81%86%E3%82%8C%E3%81%9F%E3%82%93%E6%9E%95" n3="%61%6D%65%6B%69" dan="17,16,16,16" rate="2264.66,2127.46,2114.48,2080.94" sx="M,M,F,M"/><TAIKYOKU oya="0"/><INIT seed="0,0,0,4,5,105" ten="250,250,250,250" oya="0" hai0="42,65,62,115,88,125,33,32,26,49,86,118,27" hai1="79,43,128,110,122,9,2,24,15,41,57,83,127" hai2="0,134,82,132,71,14,7,1,114,18,12,16,102" hai3="11,61,36,46,130,53,98,121,5,76,67,96,38"/><T69/><D125/><U39/><E122/><V70/><F102/><W85/><G121/><T106/><D115/><U111/><E2/><N who="2" m="1131" /><F82/><W23/><G130/><T25/><D118/><U52/><E128/><V87/><F87/><W45/><G23/><T20/><D106/><U58/><E58/><V100/><F100/><W30/><G30/><T19/><D42/><U56/><E56/><V21/><F70/><W64/><G76/><T72/><D49/><U116/><E24/><N who="2" m="14375" /><F71/><W74/><G85/><T108/><D108/><N who="1" m="41515" /><E39/><V60/><F60/><W112/><G112/><T13/><REACH who="0" step="1"/><D72/><REACH who="0" ten="240,250,250,250" step="2"/><N who="1" m="43495" /><E127/><V75/><F75/><W84/><G74/><T92/><AGARI ba="0,1" hai="13,19,20,25,26,27,32,33,62,65,69,86,88,92" machi="92" ten="30,6000,0" yaku="1,1,0,1,54,1,53,0" doraHai="105" doraHaiUra="119" who="0" fromWho="0" sc="240,70,250,-20,250,-20,250,-20" /><INIT seed="0,1,0,4,5,37" ten="310,230,230,230" oya="0" hai0="18,45,69,50,85,86,95,54,40,22,76,89,35" hai1="73,111,62,56,123,122,91,81,30,31,0,68,58" hai2="59,101,6,132,117,20,99,107,63,109,133,33,1" hai3="29,52,78,46,75,47,38,12,94,19,53,118,103"/><T9/><D35/><U93/><E0/><V102/><F33/><W70/><G70/><T110/><D69/><U55/><E111/><V98/><F109/><W87/><G118/><T26/><D110/><U115/><E68/><V24/><F117/><W11/><G29/><T57/><D9/><U125/><E125/><V134/><F6/><W106/><G106/><T60/><REACH who="0" step="1"/><D76/><REACH who="0" ten="300,230,230,230" step="2"/><U92/><E123/><V131/><F131/><W121/><G121/><T2/><D2/><U41/><E122/><V72/><F1/><W105/><G78/><T44/><D44/><U4/><E58/><V97/><F72/><W84/><G46/><T126/><D126/><U116/><E73/><V82/><F82/><W65/><G75/><T71/><D71/><U43/><E81/><V113/><F113/><W36/><G47/><T32/><D32/><U129/><E115/><V34/><F34/><W135/><G11/><T15/><D15/><U25/><E116/><V66/><REACH who="2" step="1"/><F107/><REACH who="2" ten="300,230,220,230" step="2"/><W67/><G105/><T77/><D77/><U48/><E93/><V14/><F14/><W17/><G12/><T74/><D74/><U90/><E92/><V61/><F61/><W21/><G94/><T3/><D3/><U127/><E127/><V124/><F124/><W130/><G21/><T42/><D42/><U88/><E43/><V23/><F23/><W10/><G10/><T100/><D100/><U112/><E112/><V27/><F27/><W128/><G103/><T51/><D51/><N who="1" m="30847" /><E41/><V114/><F114/><W5/><G5/><T39/><D39/><U64/><E4/><V119/><F119/><RYUUKYOKU ba="1,2" sc="300,10,230,-30,220,10,230,10" hai0="18,22,26,40,45,50,54,57,60,85,86,89,95" hai2="20,24,59,63,66,97,98,99,101,102,132,133,134" hai3="17,19,36,38,52,53,65,67,84,87,128,130,135" /><INIT seed="0,2,2,5,0,112" ten="310,200,230,240" oya="0" hai0="24,0,87,36,41,78,131,105,42,32,124,8,57" hai1="70,90,94,132,23,62,63,104,17,51,58,116,35" hai2="106,55,118,37,47,16,19,83,97,74,85,79,45" hai3="135,108,100,111,30,126,22,69,115,10,103,119,61"/><T84/><D105/><U128/><E104/><V129/><F118/><W96/><G115/><T117/><D117/><U18/><E35/><V11/><F129/><W82/><G119/><T54/><D131/><U5/><E116/><V60/><F74/><W121/><G121/><T133/><D124/><U67/><E132/><V13/><F19/><W29/><G135/><T93/><D133/><U71/><E5/><V46/><F37/><W77/><G10/><T81/><D36/><U40/><E128/><V123/><F123/><W2/><G2/><T88/><D32/><U15/><E17/><V68/><F68/><W1/><G1/><T25/><D0/><U56/><E40/><N who="0" m="15465" /><D8/><U34/><E51/><AGARI ba="2,2" hai="24,25,51,54,57,78,81,84,87,88,93" m="15465" machi="51" ten="30,2900,0" yaku="8,1,54,1" doraHai="112" who="0" fromWho="1" sc="310,55,200,-35,230,0,240,0" /><INIT seed="0,3,0,3,5,102" ten="365,165,230,240" oya="0" hai0="51,115,94,59,20,104,118,25,92,132,19,124,44" hai1="31,111,60,69,91,121,23,10,53,128,43,109,82" hai2="66,71,33,77,67,30,65,29,70,101,13,49,122" hai3="113,74,125,15,14,75,18,130,32,80,50,85,38"/><T83/><D124/><U9/><E121/><V21/><F122/><W131/><G32/><T120/><D132/><U2/><E128/><N who="3" m="49194" /><G38/><T135/><D135/><U99/><E43/><V98/><F33/><W87/><G113/><T97/><D115/><U22/><E2/><V88/><F77/><N who="3" m="46223" /><G125/><T12/><D118/><U56/><E69/><V37/><F37/><W45/><G87/><T76/><D120/><U127/><E127/><V55/><F71/><W95/><G95/><T0/><D0/><U17/><E82/><V5/><F70/><W39/><G39/><T72/><D59/><U112/><E112/><V57/><F88/><W105/><G105/><T123/><D123/><U6/><E111/><V61/><F61/><W11/><G15/><T133/><D133/><U7/><E109/><V40/><F40/><AGARI ba="3,0" hai="11,14,18,40,45,50,74,75" m="46223,49194" machi="40" ten="30,1000,0" yaku="19,1" doraHai="102" who="3" fromWho="2" sc="365,0,165,0,230,-19,240,19" /><INIT seed="1,0,0,0,4,116" ten="365,165,211,259" oya="1" hai0="35,11,46,132,15,75,71,10,100,6,61,29,115" hai1="69,111,8,27,81,28,0,99,37,108,74,118,123" hai2="33,110,47,94,82,31,91,68,121,90,80,22,78" hai3="1,112,128,126,66,43,24,134,95,19,85,92,7"/><U79/><E118/><V32/><F110/><N who="1" m="42025" /><E69/><V70/><F121/><W133/><G112/><T67/><D132/><U2/><E37/><V109/><F109/><W60/><G126/><T107/><D115/><U72/><E123/><V25/><F70/><W49/><G128/><T39/><D75/><N who="1" m="43263" /><E99/><V50/><F68/><W42/><G85/><T119/><D119/><U97/><E97/><V16/><F33/><W77/><G77/><T113/><D113/><U120/><E120/><V62/><F62/><W36/><G36/><T127/><D127/><U54/><E54/><V4/><F78/><W56/><G42/><T87/><D87/><U98/><E98/><V12/><F4/><W101/><G101/><T48/><D100/><U21/><E8/><V88/><REACH who="2" step="1"/><F94/><REACH who="2" ten="365,165,201,259" step="2"/><W53/><G95/><T18/><D71/><U59/><E59/><V14/><F14/><W40/><G92/><T102/><D15/><U45/><E45/><V57/><F57/><W13/><G134/><T26/><D46/><U114/><E114/><V52/><AGARI ba="0,1" hai="12,16,22,25,31,32,47,50,52,80,82,88,90,91" machi="52" ten="30,8000,1" yaku="1,1,0,1,54,3,53,0" doraHai="116" doraHaiUra="103" who="2" fromWho="2" sc="365,-20,165,-40,201,90,259,-20" /><INIT seed="2,0,0,3,4,11" ten="345,125,291,239" oya="2" hai0="66,125,120,52,99,114,102,30,34,54,80,118,95" hai1="91,12,73,82,33,87,21,75,31,123,131,115,78" hai2="109,128,23,39,32,86,27,132,44,50,40,110,124" hai3="53,134,68,88,100,79,59,58,93,22,26,49,96"/><V41/><F32/><W111/><G134/><T37/><D120/><U48/><E115/><V105/><F105/><W67/><G111/><N who="2" m="42505" /><F132/><W9/><G68/><T47/><D114/><U57/><E131/><V3/><F3/><W20/><G79/><T98/><D125/><U85/><E123/><V38/><F128/><W36/><G36/><N who="2" m="13865" /><F124/><W76/><G76/><T64/><D118/><U71/><E71/><V5/><F5/><W25/><G9/><T108/><D108/><U8/><E33/><V29/><F86/><W135/><G135/><T63/><D80/><U77/><E77/><V84/><F84/><W45/><G67/><T18/><D66/><U104/><E104/><V101/><F101/><W43/><G43/><AGARI ba="0,0" hai="23,27,29,40,41,43,44,50" m="13865,42505" machi="43" ten="30,2900,0" yaku="14,1,10,1" doraHai="11" who="2" fromWho="3" sc="345,0,125,0,291,29,239,-29" /><INIT seed="2,1,0,3,3,21" ten="345,125,320,210" oya="2" hai0="72,22,94,96,66,93,20,1,56,122,54,104,82" hai1="48,2,69,133,64,62,75,78,87,90,59,4,23" hai2="33,70,135,61,67,32,131,99,112,103,5,68,74" hai3="111,77,12,134,83,118,60,91,42,7,41,39,10"/><V85/><F112/><W0/><G118/><T47/><D122/><U49/><E133/><V43/><F131/><W38/><G111/><T130/><D130/><U101/><E101/><V51/><F74/><W128/><G128/><T119/><D119/><U6/><E75/><V132/><F70/><W114/><G114/><T36/><D1/><U89/><E78/><V92/><F5/><W80/><G134/><N who="2" m="51241" /><F85/><W113/><G113/><T105/><D66/><U76/><E76/><V30/><F30/><W31/><G31/><T57/><D72/><U107/><E107/><N who="0" m="41033" /><D47/><AGARI ba="1,0" hai="32,33,43,47,51,61,67,68,92,99,103" m="51241" machi="47" ten="30,1500,0" yaku="20,1" doraHai="21" who="2" fromWho="0" sc="345,-18,125,0,320,18,210,0" /><INIT seed="2,2,0,0,3,40" ten="327,125,338,210" oya="2" hai0="134,61,121,133,17,103,110,79,80,87,18,13,21" hai1="101,1,91,75,66,124,9,77,115,0,6,99,5" hai2="43,3,97,54,69,33,8,117,88,50,72,37,2" hai3="132,70,68,25,45,24,119,44,95,29,126,16,51"/><V112/><F112/><W4/><G119/><T116/><D110/><U122/><E115/><V123/><F117/><W12/><G126/><T64/><D121/><U102/><E124/><V82/><F123/><W65/><G132/><N who="0" m="50795" /><D116/><U62/><E122/><V127/><F69/><W76/><G4/><T100/><D18/><U15/><E91/><V48/><F37/><W60/><G70/><AGARI ba="2,0" hai="13,17,21,61,64,70,79,80,87,100,103" m="50795" machi="70" ten="30,1000,0" yaku="20,1" doraHai="40" who="0" fromWho="3" sc="327,16,125,0,338,0,210,-16" /><INIT seed="3,0,0,0,5,68" ten="343,125,338,194" oya="3" hai0="67,130,113,97,11,16,102,30,120,114,18,65,92" hai1="17,9,91,6,4,29,132,128,126,105,117,89,23" hai2="71,133,27,21,32,121,73,90,109,100,96,54,82" hai3="48,57,83,38,103,123,43,19,42,95,35,127,70"/><W37/><G35/><T34/><D130/><U110/><E105/><V99/><F71/><W33/><G33/><T61/><D120/><U129/><E91/><V76/><F32/><W124/><G83/><T59/><D65/><U55/><E89/><V20/><F121/><W47/><G70/><T60/><D61/><U10/><E55/><V14/><F133/><W52/><G123/><T93/><D93/><U66/><E66/><V36/><F109/><W107/><G107/><T115/><D11/><N who="1" m="4107" /><E110/><V108/><F90/><W77/><G19/><N who="0" m="7211" /><D34/><U28/><E132/><V74/><F82/><W25/><G25/><T134/><D30/><N who="1" m="11883" /><E17/><V135/><F54/><W98/><G77/><T62/><D62/><U46/><E46/><AGARI ba="0,0" hai="37,38,42,43,46,47,48,52,57,95,98,103,124,127" machi="46" ten="40,12000,1" yaku="9,1,52,2,54,1" doraHai="68" who="3" fromWho="1" sc="343,0,125,-120,338,0,194,120" /><INIT seed="3,1,0,3,4,0" ten="343,5,338,314" oya="3" hai0="75,67,125,95,85,130,103,88,46,112,129,2,106" hai1="13,132,87,91,127,65,52,24,105,74,22,131,32" hai2="37,121,60,90,102,20,70,77,35,19,42,107,3" hai3="53,11,110,34,10,68,21,33,40,101,36,72,28"/><W134/><G68/><T61/><D125/><U119/><E91/><V79/><F35/><W29/><G72/><T15/><D2/><U6/><E87/><V25/><F3/><W122/><G122/><T82/><D112/><U108/><E52/><V128/><F121/><W86/><G134/><T92/><D15/><U38/><E13/><V44/><F128/><N who="0" m="49258" /><D75/><U73/><E22/><V64/><REACH who="2" step="1"/><F90/><REACH who="2" ten="343,5,328,314" step="2"/><W114/><G114/><T94/><D46/><U66/><E66/><V117/><F117/><W23/><G110/><T116/><D116/><U120/><E65/><V93/><F93/><W55/><G101/><T12/><D106/><U27/><E27/><V118/><F118/><W126/><G126/><T59/><D12/><U14/><E24/><V63/><F63/><W98/><G98/><AGARI ba="1,1" hai="59,61,67,82,85,88,92,94,95,98,103" m="49258" machi="98" ten="30,2000,0" yaku="19,1,54,1" doraHai="0" who="0" fromWho="3" sc="343,33,5,0,328,0,314,-23" /><AGARI ba="1,0" hai="19,20,25,37,42,44,60,64,70,77,79,98,102,107" machi="98" ten="40,1300,0" yaku="1,1,53,0" doraHai="0" doraHaiUra="45" who="2" fromWho="3" sc="376,0,5,0,328,13,291,-13" owari="376,47.6,5,-49.5,341,14.1,278,-12.2" /></mjloggm>