<mjloggm ver="2.3"><GO type="225" lobby="0"/><UN n0="%E5%86%B7%E5%87%8D%E3%82%AE%E3%83%A7%E3%83%BC%E3%82%B6" n1="%72%65%6E%6B%75%6E" n2="%E5%8D%A0%E3%81%84%E5%B8%AB%E8%A3%8F%E3%81%AA%E3%81%84%E3%81%97" n3="%48%61%61%61%6C%61%6E%64" dan="17,17,16,18" rate="2201.90,2236.85,2168.87,2226.47" sx="M,M,M,M"/><TAIKYOKU oya="0"/><INIT seed="0,0,0,0,0,77" ten="250,250,250,250" oya="0" hai0="27,13,113,118,109,67,84,130,3,9,15,18,80" hai1="25,62,30,102,96,56,60,68,134,26,79,0,126" hai2="135,19,8,31,111,71,2,82,10,121,36,58,33" hai3="65,74,46,40,114,120,61,97,16,112,125,12,38"/><T108/><D113/><U29/><E0/><V70/><F121/><W53/><G120/><T20/><D118/><U69/><E126/><V104/><F111/><N who="0" m="42570" /><D67/><U7/><E7/><V45/><F135/><W122/><G122/><T129/><D3/><U107/><E134/><V100/><F58/><W17/><G125/><T50/><D50/><U4/><E4/><N who="2" m="1047" /><F10/><W44/><G74/><T133/><D133/><U105/><E79/><V87/><F87/><W57/><G97/><T85/><D85/><U90/><E90/><V110/><F19/><W91/><G91/><N who="0" m="51591" /><D15/><U49/><E49/><V119/><F110/><W1/><G1/><T51/><D51/><U35/><E107/><V34/><F119/><W101/><G112/><T5/><AGARI ba="0,0" hai="5,9,13,18,20,27,129,130" m="51591,42570" machi="5" ten="30,6000,0" yaku="14,1,10,1,52,1" doraHai="77" who="0" fromWho="0" sc="250,60,250,-20,250,-20,250,-20" /><INIT seed="0,1,0,1,1,135" ten="310,230,230,230" oya="0" hai0="9,41,72,32,82,130,70,127,63,18,88,74,17" hai1="114,39,124,3,98,125,60,67,44,23,86,24,16" hai2="66,35,11,15,64,14,10,118,19,93,34,68,50" hai3="97,25,107,8,95,77,109,105,96,29,45,59,71"/><T30/><D130/><U119/><E119/><V128/><F128/><W84/><G71/><T101/><D101/><U126/><E3/><V46/><F118/><W75/><G109/><T26/><D41/><N who="1" m="22591" /><E86/><V0/><F0/><W37/><G75/><T21/><D9/><U99/><E114/><V122/><F122/><W27/><G8/><T33/><D33/><U5/><E5/><V104/><F104/><W80/><G59/><AGARI ba="1,0" hai="16,23,24,59,60,67,98,99,124,125,126" m="22591" machi="59" ten="30,8000,1" yaku="18,1,52,3,54,1" doraHai="135" who="1" fromWho="3" sc="310,0,230,83,230,0,230,-83" /><INIT seed="1,0,0,2,1,101" ten="310,313,230,147" oya="1" hai0="134,6,0,111,104,83,13,88,10,132,117,76,79" hai1="115,33,12,45,95,87,2,3,40,98,15,4,123" hai2="20,102,66,114,1,18,24,47,99,30,69,9,128" hai3="8,108,19,103,21,53,78,107,74,43,26,48,133"/><U49/><E33/><V84/><F128/><W110/><G133/><N who="0" m="51307" /><D117/><U31/><E115/><V42/><F114/><W54/><G74/><T36/><D36/><U44/><E31/><V51/><F66/><W122/><G78/><T11/><D104/><U119/><E119/><V92/><F69/><W35/><G122/><T112/><D111/><N who="3" m="42537" /><G35/><T90/><D112/><U56/><E87/><V60/><F60/><W28/><G43/><T86/><D76/><U63/><E45/><V70/><F70/><W77/><G77/><T64/><D64/><U121/><E3/><V124/><F124/><W73/><G73/><T81/><D81/><U14/><E2/><V96/><F1/><W135/><G135/><T5/><AGARI ba="0,0" hai="0,5,6,10,11,13,79,83,86,88,90" m="51307" machi="5" ten="30,2000,0" yaku="20,1,54,1" doraHai="101" who="0" fromWho="0" sc="310,20,313,-10,230,-5,147,-5" /><INIT seed="2,0,0,2,0,116" ten="330,303,225,142" oya="2" hai0="44,60,56,73,79,109,93,23,111,108,22,26,43" hai1="128,126,41,86,68,131,83,48,84,40,110,38,77" hai2="115,75,129,104,85,33,64,102,105,98,9,87,89" hai3="50,58,94,27,16,82,25,117,76,107,70,92,19"/><V53/><F115/><W0/><G117/><T42/><D93/><U80/><E68/><V113/><F113/><W99/><G70/><T12/><D12/><U57/><E110/><V8/><F33/><W32/><G0/><T101/><D101/><U90/><E126/><V91/><F64/><W28/><G107/><T4/><D4/><U95/><E38/><V123/><F53/><W118/><G118/><T97/><D97/><U55/><REACH who="1" step="1"/><E83/><REACH who="1" ten="330,293,225,142" step="2"/><V54/><F129/><AGARI ba="0,1" hai="40,41,48,55,57,77,80,84,86,90,95,128,129,131" machi="129" ten="40,5200,0" yaku="1,1,2,1,19,1,53,0" doraHai="116" doraHaiUra="63" who="1" fromWho="2" sc="330,0,293,62,225,-52,142,0" /><INIT seed="3,0,0,4,2,90" ten="330,355,173,142" oya="3" hai0="108,21,57,59,118,22,73,89,16,42,103,70,78" hai1="51,111,87,35,99,9,33,93,115,3,67,56,66" hai2="110,45,64,37,52,17,85,107,105,54,127,28,53" hai3="92,97,43,14,83,98,86,38,74,62,124,126,12"/><W8/><G74/><T65/><D118/><U75/><E75/><V96/><F110/><W60/><G38/><T125/><D108/><U133/><E115/><V88/><F127/><N who="3" m="48683" /><G43/><T27/><D125/><U41/><E87/><V32/><F64/><W72/><G72/><T44/><D103/><U40/><E40/><V2/><F2/><W79/><G98/><T11/><D11/><U23/><E35/><V18/><F37/><W84/><G84/><T104/><D104/><U36/><E23/><V113/><F113/><W121/><G121/><T29/><D89/><U10/><E33/><V116/><F116/><W130/><G130/><T71/><D59/><U63/><E36/><V20/><F107/><W46/><G46/><T58/><D58/><U112/><E3/><V34/><F45/><W129/><G129/><T131/><D131/><U50/><E41/><V69/><F105/><W76/><G76/><T119/><D119/><U128/><E128/><V48/><F69/><W120/><G120/><T80/><D57/><U61/><E111/><V5/><F96/><W0/><G0/><T122/><D65/><U81/><E66/><V47/><F34/><W82/><G82/><T95/><D122/><U68/><E81/><V102/><F32/><W13/><G8/><N who="1" m="3178" /><E112/><V25/><F102/><AGARI ba="0,0" hai="12,13,14,60,62,79,83,86,92,97,102" m="48683" machi="102" ten="30,2900,0" yaku="18,1,52,1" doraHai="90" who="3" fromWho="2" sc="330,0,355,0,173,-29,142,29" /><INIT seed="3,1,0,4,0,99" ten="330,355,144,171" oya="3" hai0="135,81,113,86,85,63,56,14,57,80,75,74,72" hai1="22,126,84,91,49,88,116,101,65,34,102,100,5" hai2="47,59,68,12,119,107,114,48,129,10,11,27,103" hai3="2,26,23,19,38,55,15,30,61,70,78,110,28"/><W62/><G2/><T77/><D135/><U69/><E34/><V90/><F114/><W21/><G38/><T94/><D113/><U64/><E126/><V16/><F68/><W33/><G110/><T121/><D121/><U71/><E116/><V125/><F119/><W53/><G78/><T104/><D104/><U44/><E5/><V25/><F125/><W60/><G70/><T122/><D122/><U13/><E71/><V45/><F129/><W51/><G55/><T24/><D14/><U131/><E131/><V73/><F73/><W39/><G39/><T132/><D132/><U120/><E69/><V52/><F107/><W82/><G82/><T9/><D9/><N who="2" m="3082" /><F103/><W54/><G54/><T4/><D4/><U43/><E120/><V3/><F3/><W76/><G76/><T7/><D7/><U97/><E97/><V133/><F90/><N who="1" m="34345" /><E84/><V41/><F133/><W50/><G33/><T92/><D24/><N who="2" m="9290" /><F41/><W66/><G30/><T95/><D63/><U108/><E108/><V127/><F127/><W130/><G130/><T118/><D118/><U96/><E96/><V37/><F37/><W35/><G35/><T134/><D134/><U115/><E115/><V93/><F93/><W6/><G6/><T128/><D128/><U111/><E111/><V8/><AGARI ba="1,0" hai="8,12,16,45,47,48,52,59" m="9290,3082" machi="8" ten="30,4000,0" yaku="8,1,54,2" doraHai="99" who="2" fromWho="2" sc="330,-11,355,-11,144,43,171,-21" owari="319,11.9,344,44.4,187,-21.3,150,-35.0" /></mjloggm>