<mjloggm ver="2.3"><GO type="225" lobby="0"/><UN n0="%E3%83%B4%E3%83%A0%EF%BC%99%E3%81%A6" n1="%E3%82%BC%E3%83%AB%E3%83%80%E3%81%AE%E4%BC%9D%E8%AA%AC" n2="%E3%82%B3%E3%83%90%E3%83%AC%E3%82%A4" n3="%E3%81%B5%E3%81%98%E3%81%8B%E3%81%A4" dan="16,18,16,16" rate="2125.63,2205.78,2063.11,2105.66" sx="M,M,M,M"/><TAIKYOKU oya="0"/><INIT seed="0,0,0,5,5,54" ten="250,250,250,250" oya="0" hai0="25,108,41,109,81,119,76,10,72,15,32,111,44" hai1="96,55,110,30,101,33,6,113,59,64,74,88,128" hai2="16,37,80,132,29,100,82,77,115,127,69,112,118" hai3="73,2,97,34,66,39,106,31,105,22,9,63,43"/><T92/><D119/><U21/><E74/><V102/><F69/><N who="3" m="42207" /><G22/><T89/><D32/><U1/><E33/><V117/><F29/><W14/><G14/><T57/><D25/><U26/><E110/><V99/><F37/><W4/><G73/><T62/><D44/><U86/><E128/><V8/><F8/><W134/><G134/><T126/><D41/><U27/><E113/><V71/><F71/><W65/><G65/><N who="0" m="39119" /><D126/><U67/><E26/><V38/><F38/><W103/><G31/><T53/><D53/><U35/><E35/><V78/><F16/><W19/><G19/><T79/><D79/><U114/><E114/><V130/><F130/><W129/><G129/><T11/><D15/><U7/><E1/><V68/><F68/><W95/><G34/><T121/><D121/><U104/><E67/><V84/><F132/><W133/><G133/><T122/><D122/><U17/><E64/><V83/><F83/><W51/><G39/><T56/><D56/><U50/><REACH who="1" step="1"/><E30/><REACH who="1" ten="250,240,250,250" step="2"/><V58/><F127/><W98/><G2/><T28/><D28/><U47/><E47/><V0/><F0/><W116/><G116/><T90/><D90/><U24/><E24/><V13/><F118/><W23/><G103/><T48/><D48/><U46/><E46/><V3/><F3/><W18/><G51/><T45/><D45/><U5/><E5/><V93/><F117/><W123/><G4/><T40/><D40/><U70/><E70/><V12/><F115/><W85/><G43/><T125/><D125/><U120/><E120/><V61/><F112/><W131/><G123/><RYUUKYOKU ba="0,1" sc="250,15,240,15,250,-15,250,-15" hai0="10,11,72,76,81,89,92,108,109,111" hai1="6,7,17,21,27,50,55,59,86,88,96,101,104" /><INIT seed="0,1,1,4,1,73" ten="265,255,235,235" oya="0" hai0="24,25,125,39,0,36,5,54,108,74,16,33,93" hai1="132,22,119,96,98,7,30,70,66,85,12,29,41" hai2="122,40,9,60,13,51,43,111,46,113,34,135,63" hai3="123,45,53,80,120,56,15,2,50,72,19,105,69"/><T126/><D74/><U110/><E119/><V86/><F122/><N who="3" m="46635" /><G105/><T48/><D108/><U8/><E110/><V103/><F111/><W94/><G2/><T67/><D67/><U49/><E132/><V61/><F34/><W27/><G27/><T82/><D82/><U71/><E71/><V89/><F135/><W10/><G69/><T3/><D93/><U112/><E112/><V81/><F103/><W52/><G94/><T79/><D79/><U68/><E68/><V77/><F113/><W35/><G35/><T116/><D116/><U87/><E66/><V90/><REACH who="2" step="1"/><F43/><REACH who="2" ten="265,255,225,235" step="2"/><N who="3" m="24895" /><G56/><T64/><D33/><U47/><E70/><V109/><F109/><W57/><G57/><T101/><D101/><U37/><E37/><V133/><F133/><W17/><G17/><AGARI ba="1,2" hai="9,13,17,40,46,51,60,61,63,77,81,86,89,90" machi="17" ten="40,8000,1" yaku="1,1,8,1,52,1,53,1" doraHai="73" doraHaiUra="78" who="2" fromWho="3" sc="265,0,255,0,225,103,235,-83" /><INIT seed="1,0,0,1,5,65" ten="265,255,328,152" oya="1" hai0="49,130,112,132,79,36,38,76,0,23,111,85,33" hai1="8,120,55,100,32,123,51,114,27,82,101,52,105" hai2="117,135,25,102,37,94,127,109,30,118,80,20,84" hai3="41,86,124,4,78,68,60,91,89,47,44,92,11"/><U113/><E8/><V24/><F37/><W1/><G124/><T110/><D33/><U115/><E82/><V53/><F127/><W50/><G78/><T28/><D112/><U43/><E32/><V121/><F121/><W57/><G47/><T107/><D0/><U97/><E101/><V16/><F135/><W128/><G91/><T98/><D132/><U15/><E27/><V69/><F69/><W72/><G72/><T75/><D75/><U64/><E15/><V2/><F2/><W74/><G74/><T22/><D130/><U59/><E43/><V3/><F3/><W81/><G128/><T70/><D85/><U133/><E133/><V63/><F94/><W5/><G5/><T95/><D95/><U83/><E64/><V116/><F102/><W77/><G92/><T45/><D107/><U103/><E103/><V73/><F73/><W17/><G17/><T7/><D7/><U46/><REACH who="1" step="1"/><E83/><REACH who="1" ten="265,245,328,152" step="2"/><V93/><F80/><W104/><G81/><T66/><D66/><U54/><E54/><V56/><F25/><W88/><G11/><T125/><D125/><U18/><E18/><V29/><F30/><W126/><G1/><T19/><D19/><U96/><E96/><V67/><F29/><W13/><G126/><T87/><D98/><U90/><E90/><N who="2" m="53447" /><F67/><N who="3" m="41063" /><G89/><T31/><D31/><U106/><E106/><V61/><F24/><W39/><G104/><T48/><D28/><U58/><E58/><N who="2" m="35023" /><F16/><W129/><G129/><T131/><D131/><U119/><E119/><V12/><F12/><W14/><G14/><T71/><D87/><U34/><E34/><RYUUKYOKU ba="0,1" sc="265,15,245,15,328,-15,152,-15" hai0="22,23,36,38,45,48,49,70,71,76,79,110,111" hai1="46,51,52,55,59,97,100,105,113,114,115,120,123" /><INIT seed="1,1,1,3,2,119" ten="280,260,313,137" oya="1" hai0="95,45,43,54,63,116,20,9,30,5,135,126,3" hai1="101,96,34,102,104,64,32,60,21,90,33,59,81" hai2="107,22,38,129,12,4,84,47,93,46,123,15,68" hai3="124,56,115,127,87,91,2,103,31,88,120,25,11"/><U7/><E7/><V94/><F107/><W79/><G115/><T14/><D116/><U75/><E101/><V16/><F68/><W74/><G56/><T92/><D126/><N who="3" m="48169" /><G11/><T49/><D135/><U23/><REACH who="1" step="1"/><E90/><REACH who="1" ten="280,250,313,137" step="2"/><V0/><F0/><W108/><G103/><T37/><D3/><U50/><E50/><V70/><F38/><W58/><G2/><T53/><D37/><U36/><E36/><V113/><F113/><W128/><G128/><T62/><D62/><U98/><E98/><V40/><F129/><W17/><G91/><T55/><D63/><U52/><E52/><V6/><F4/><W105/><G88/><T29/><D29/><U66/><E66/><V41/><F6/><W121/><G31/><T117/><D117/><U18/><E18/><V86/><F16/><W125/><G125/><T69/><D54/><U82/><E82/><V106/><F40/><W114/><G114/><T83/><D83/><U78/><AGARI ba="1,2" hai="21,23,32,33,34,59,60,64,75,78,81,96,102,104" machi="78" ten="40,3900,0" yaku="1,1,0,1,53,0" doraHai="119" doraHaiUra="118" who="1" fromWho="1" sc="280,-14,250,62,313,-14,137,-14" /><INIT seed="1,2,0,4,2,121" ten="266,312,299,123" oya="1" hai0="89,55,135,88,23,131,132,133,56,65,63,70,33" hai1="116,20,95,39,11,3,83,67,113,100,40,102,1" hai2="7,81,111,24,98,112,119,2,86,45,32,6,26" hai3="128,76,59,60,96,74,134,22,94,118,9,101,41"/><U25/><E113/><V51/><F112/><W109/><G118/><T126/><D33/><U8/><E116/><V82/><F119/><W122/><G122/><T125/><D23/><U21/><E67/><V80/><F32/><W54/><G134/><T64/><D64/><U99/><E100/><V87/><F2/><W58/><G128/><T130/><D89/><U47/><E83/><V117/><F98/><W43/><G9/><T46/><D46/><U68/><E68/><V105/><F105/><W28/><G76/><T53/><D88/><U66/><E66/><V49/><F117/><W73/><G73/><T16/><D16/><U31/><E20/><V85/><F45/><W12/><G74/><T84/><D84/><U107/><E107/><V61/><F61/><W92/><G92/><T72/><D72/><U77/><E77/><V108/><F85/><W0/><G0/><T114/><D114/><U115/><E115/><V29/><F82/><W30/><G30/><AGARI ba="2,0" hai="6,7,24,26,29,30,49,51,80,81,86,87,108,111" machi="30" ten="25,6400,0" yaku="22,2,52,2" doraHai="121" who="2" fromWho="3" sc="266,0,312,0,299,70,123,-70" /><INIT seed="2,0,0,5,3,61" ten="266,312,369,53" oya="2" hai0="60,76,108,124,105,122,73,63,46,37,118,115,25" hai1="29,64,23,104,126,8,103,35,50,15,51,30,113" hai2="88,101,91,116,20,26,54,24,57,53,84,55,106" hai3="72,40,130,62,69,33,92,17,94,78,135,86,47"/><V43/><F116/><W74/><G135/><T21/><D122/><U100/><E113/><V13/><F43/><W123/><G130/><T80/><D115/><U5/><E35/><V128/><F128/><W2/><G123/><T48/><D105/><U95/><E104/><V67/><F101/><W75/><G33/><T96/><D118/><U70/><E126/><V71/><F71/><W4/><G2/><T89/><D124/><U38/><E38/><V117/><F106/><W31/><G31/><T87/><D37/><U119/><E119/><V65/><F57/><W93/><G4/><T0/><D0/><U97/><E103/><V110/><F117/><W120/><G17/><T102/><D102/><U34/><E34/><V36/><F36/><W14/><G14/><T58/><D58/><U1/><E1/><V129/><F129/><W3/><G3/><T133/><D133/><U6/><E6/><V125/><F91/><W109/><G109/><T111/><D111/><U41/><E41/><V7/><F125/><W49/><G120/><T121/><D108/><U66/><E70/><V85/><F85/><W68/><REACH who="3" step="1"/><G62/><REACH who="3" ten="266,312,369,43" step="2"/><T83/><D60/><U52/><E30/><N who="2" m="17671" /><F110/><W22/><G22/><T45/><D121/><U10/><E10/><N who="2" m="4319" /><F26/><W16/><G16/><T134/><D25/><N who="1" m="16575" /><E51/><V44/><F44/><AGARI ba="0,1" hai="5,8,15,44,50,52,64,66,95,97,100" m="16575" machi="44" ten="30,7700,0" yaku="8,1,52,2,54,1" doraHai="61" who="1" fromWho="2" sc="266,0,312,87,369,-77,43,0" /><INIT seed="3,0,0,0,5,132" ten="266,399,292,43" oya="3" hai0="89,76,26,134,35,82,120,45,78,31,84,91,36" hai1="50,77,62,115,103,66,20,41,30,64,96,102,32" hai2="16,100,108,119,121,63,126,127,4,107,95,3,28" hai3="128,124,55,104,23,129,98,69,22,135,15,59,118"/><W106/><G118/><T9/><D134/><U38/><E38/><V8/><F119/><W0/><G135/><T73/><D120/><U68/><E66/><V40/><F121/><W83/><G69/><T88/><D76/><U99/><E115/><V57/><F40/><W34/><G0/><T17/><D9/><U29/><E77/><V131/><F107/><W11/><G34/><T109/><D109/><U58/><E32/><V56/><F108/><W105/><G83/><T7/><D7/><U19/><E68/><V67/><F131/><N who="3" m="50251" /><G98/><N who="1" m="37418" /><E50/><V86/><F28/><N who="1" m="10857" /><E41/><V71/><F100/><W116/><G116/><T49/><D36/><U133/><E133/><V81/><F95/><W44/><G44/><T33/><D33/><U130/><E130/><V27/><F27/><AGARI ba="0,0" hai="19,20,27,58,62,64,102,103" m="10857,37418" machi="27" ten="30,1000,0" yaku="8,1" doraHai="132" who="1" fromWho="2" sc="266,0,399,10,292,-10,43,0" owari="266,-13.4,409,50.9,282,8.2,43,-45.7" /></mjloggm>