<mjloggm ver="2.3"><GO type="225" lobby="0"/><UN n0="%E5%A4%9C%E5%85%89%E5%A4%A9%E6%A5%BC" n1="%E3%81%AA%E3%82%81%E3%81%93%E9%9B%80%E5%A3%AB" n2="%47%68%6F%73%74%55%30" n3="%E3%83%8F%E3%83%B3%E3%83%89%E3%83%A9%E3%83%BC%E3%83%BB%E3%83%AF%E3%83%B3" dan="17,16,17,17" rate="2169.53,2065.71,2129.49,2199.96" sx="M,M,M,M"/><TAIKYOKU oya="0"/><INIT seed="0,0,0,1,5,64" ten="250,250,250,250" oya="0" hai0="73,28,72,17,120,105,126,61,38,68,79,47,124" hai1="134,90,115,80,66,84,15,127,100,76,99,69,30" hai2="101,107,81,97,106,70,67,112,23,48,10,60,11" hai3="56,83,88,78,40,1,37,129,121,18,21,50,0"/><T131/><D120/><U125/><E134/><V24/><F112/><W53/><G129/><T86/><D105/><N who="1" m="63647" /><E30/><V34/><F106/><W46/><G121/><T71/><D131/><U9/><E115/><V110/><F110/><W128/><G128/><T41/><D28/><U77/><E15/><V57/><F81/><W82/><G82/><N who="0" m="47455" /><D61/><N who="1" m="40143" /><E9/><V52/><REACH who="2" step="1"/><F34/><REACH who="2" ten="250,250,240,250" step="2"/><W35/><G35/><T92/><D92/><N who="1" m="54343" /><E76/><V96/><F96/><W104/><G104/><T85/><D85/><U114/><E114/><V3/><F3/><W55/><G78/><T63/><D73/><AGARI ba="0,1" hai="73,77,80,125,127" m="54343,40143,63647" machi="73" ten="30,2000,0" yaku="24,1,52,1" doraHai="64" who="1" fromWho="0" sc="250,-20,250,30,240,0,250,0" /><INIT seed="1,0,0,1,4,130" ten="230,280,240,250" oya="1" hai0="115,36,85,11,123,35,73,127,52,80,132,77,55" hai1="114,95,121,32,26,120,110,59,84,51,1,125,122" hai2="47,49,40,38,65,29,53,83,31,134,102,8,93" hai3="97,44,68,60,20,5,131,7,101,99,72,124,22"/><U66/><E114/><V6/><F134/><W108/><G72/><T112/><D36/><U17/><E1/><V96/><F65/><W111/><G131/><T45/><D35/><U119/><E119/><V28/><F83/><W86/><G124/><T88/><D127/><U76/><E125/><V133/><F133/><W71/><G86/><T24/><D132/><U19/><E110/><N who="3" m="42026" /><G44/><T91/><D123/><U50/><E76/><V87/><F87/><W9/><G60/><T57/><D73/><U0/><E0/><V105/><F105/><N who="3" m="63663" /><G99/><T70/><D70/><N who="3" m="26665" /><G7/><T117/><D115/><U42/><E95/><V129/><F129/><W67/><G67/><T10/><D112/><U69/><E84/><V21/><F38/><W113/><G113/><T27/><D117/><U135/><E135/><V89/><F102/><W103/><G103/><T90/><D45/><N who="1" m="25911" /><E66/><V94/><F94/><W43/><G43/><T23/><D55/><N who="1" m="32255" /><E69/><V54/><F54/><W107/><G107/><T13/><D57/><U100/><E100/><V81/><F40/><W46/><G46/><T39/><D39/><U33/><E122/><V92/><F92/><W63/><G63/><T104/><D104/><U116/><E116/><V98/><F81/><W82/><G82/><T48/><D52/><U12/><E121/><V30/><F96/><W2/><AGARI ba="0,0" hai="2,5,9,20,22" m="26665,63663,42026" machi="2" ten="30,1100,0" yaku="14,1" doraHai="130" who="3" fromWho="3" sc="230,-3,280,-5,240,-3,250,11" /><INIT seed="2,0,0,2,0,27" ten="227,275,237,261" oya="2" hai0="42,31,106,5,126,63,44,85,78,132,128,16,88" hai1="18,51,28,62,101,89,127,77,130,59,40,48,33" hai2="75,129,82,45,76,7,49,115,113,36,24,120,41" hai3="37,99,29,108,83,21,43,72,90,71,67,105,10"/><V121/><F49/><W133/><G108/><T109/><D109/><U22/><E101/><V69/><F69/><W73/><G133/><T1/><D132/><U13/><E127/><V60/><F60/><W92/><G105/><T56/><D126/><U111/><E111/><V61/><F61/><W70/><G67/><T53/><D128/><U102/><E102/><V96/><F129/><W50/><G37/><T32/><D106/><U131/><E77/><V14/><F96/><W125/><G10/><T134/><D134/><U46/><E51/><V11/><REACH who="2" step="1"/><F24/><REACH who="2" ten="227,275,227,261" step="2"/><W135/><G135/><T54/><D63/><U64/><E131/><V95/><F95/><W57/><G125/><T122/><D122/><AGARI ba="0,1" hai="7,11,14,36,41,45,75,76,82,113,115,120,121,122" machi="122" ten="40,3900,0" yaku="1,1,53,1" doraHai="27" doraHaiUra="2" who="2" fromWho="0" sc="227,-39,275,0,227,49,261,0" /><INIT seed="2,1,0,0,3,41" ten="188,275,276,261" oya="2" hai0="97,31,67,54,132,98,69,87,11,68,75,10,3" hai1="36,33,113,108,135,120,9,47,51,62,44,134,79" hai2="5,112,32,53,130,52,7,129,50,100,43,114,80" hai3="94,85,81,127,66,82,123,95,4,72,99,37,125"/><V26/><F100/><N who="3" m="60535" /><G37/><T111/><D111/><U73/><E113/><V19/><F43/><W1/><G66/><T84/><D132/><N who="1" m="50731" /><E33/><V6/><F80/><N who="3" m="30827" /><G4/><T110/><D110/><U8/><E108/><V102/><F102/><W18/><G18/><T96/><D75/><U86/><E86/><V131/><F53/><W77/><G1/><T76/><D76/><U104/><E104/><V24/><F19/><W83/><G123/><T21/><D3/><U34/><E79/><V35/><F35/><W88/><AGARI ba="1,0" hai="72,77,83,85,88,95,125,127" m="30827,60535" machi="88" ten="30,4000,0" yaku="34,2,54,1" doraHai="41" who="3" fromWho="3" sc="188,-11,275,-11,276,-21,261,43" /><INIT seed="3,0,0,5,2,117" ten="177,264,255,304" oya="3" hai0="43,9,50,12,124,64,118,20,16,104,93,81,11" hai1="96,112,100,28,134,78,3,19,13,102,63,49,4" hai2="6,99,55,1,77,5,17,39,126,109,74,103,51" hai3="25,34,73,26,15,94,33,65,31,76,46,116,21"/><W56/><G116/><T111/><D118/><U72/><E112/><V110/><F39/><W131/><G131/><T68/><D104/><U106/><E100/><V32/><F32/><W7/><G46/><N who="0" m="25951" /><D111/><N who="2" m="42506" /><F1/><W98/><G73/><T108/><D108/><U90/><E134/><V57/><F126/><W66/><G76/><T85/><D124/><U2/><E4/><V14/><F77/><W97/><G56/><T47/><D68/><U8/><E28/><V60/><F60/><W105/><G105/><T75/><D75/><U53/><E63/><V87/><F87/><W37/><G37/><T113/><D64/><U48/><E48/><V69/><F69/><W71/><G71/><T0/><D0/><U83/><E90/><V38/><F38/><W62/><G62/><T54/><D93/><U22/><E8/><N who="2" m="6343" /><F74/><W86/><G34/><T92/><D92/><AGARI ba="0,0" hai="5,6,51,55,57,92,99,103" m="6343,42506" machi="92" ten="30,1000,0" yaku="14,1" doraHai="117" who="2" fromWho="0" sc="177,-10,264,0,255,10,304,0" owari="167,-33.3,264,-13.6,265,6.5,304,40.4" /></mjloggm>