<mjloggm ver="2.3"><GO type="225" lobby="0"/><UN n0="%6D%75%75%6D%75%72%61" n1="%E3%81%82%E3%81%84%E3%81%82%E3%81%8A%E3%81%84" n2="%E5%B8%86%E7%AB%8B%E5%A4%8F%E8%A1%A3" n3="%E2%91%A3%E9%81%BF%E9%81%8A%E6%88%AF%E3%80%90%E6%9D%B1%E5%8D%97%E3%80%91" dan="17,18,16,16" rate="2191.19,2198.48,2126.59,2132.84" sx="F,M,M,M"/><TAIKYOKU oya="0"/><INIT seed="0,0,0,0,0,103" ten="250,250,250,250" oya="0" hai0="63,50,10,119,46,71,60,117,130,6,82,86,2" hai1="15,127,134,31,64,116,43,55,47,58,25,49,85" hai2="33,42,113,89,97,51,11,68,115,77,44,73,41" hai3="110,83,54,122,1,19,38,74,24,27,48,133,7"/><T99/><D130/><U57/><E127/><V79/><F33/><W100/><G38/><T23/><D23/><U67/><E134/><V76/><F73/><W59/><G133/><T106/><D71/><U14/><E116/><V114/><F68/><W30/><G122/><T80/><D80/><U124/><E124/><V4/><F89/><W92/><G27/><T39/><D39/><U18/><E85/><V78/><N who="2" m="19456" /><DORA hai="36" /><V104/><F97/><W37/><G83/><T112/><D112/><U45/><E58/><V105/><REACH who="2" step="1"/><F42/><REACH who="2" ten="250,250,240,250" step="2"/><W70/><G74/><T61/><D86/><U120/><E120/><V16/><F16/><W29/><G70/><T65/><D82/><U75/><E75/><V108/><F108/><W123/><G110/><T35/><D35/><U8/><E47/><V94/><F94/><W95/><G19/><T17/><D17/><U109/><E109/><V9/><F9/><W34/><G30/><T32/><D32/><U28/><E28/><V69/><F69/><W107/><G123/><T5/><D5/><U121/><E121/><V72/><F72/><W132/><G132/><T81/><D81/><U131/><E31/><V53/><F53/><W101/><G107/><T84/><D84/><U0/><E18/><V12/><AGARI ba="0,1" hai="4,11,12,41,44,51,104,105,113,114,115" m="19456" machi="12" ten="50,8000,1" yaku="1,1,0,1,52,3,53,0" doraHai="103,36" doraHaiUra="96,90" who="2" fromWho="2" sc="250,-40,250,-20,240,90,250,-20" /><INIT seed="1,0,0,0,0,117" ten="210,230,330,230" oya="1" hai0="28,114,43,93,104,82,51,54,48,116,90,29,6" hai1="16,17,123,20,113,4,75,107,111,119,109,30,1" hai2="78,73,13,22,2,27,96,44,118,101,14,84,60" hai3="61,108,12,102,135,99,46,15,100,55,37,87,91"/><U38/><E107/><V128/><F128/><W70/><G108/><N who="1" m="41546" /><E75/><V36/><F118/><W33/><G33/><T57/><D116/><U62/><E38/><V66/><F2/><W133/><G102/><T76/><D104/><U49/><E119/><V81/><F36/><W24/><G24/><T68/><D68/><U8/><E113/><V63/><F44/><W0/><G0/><T31/><D114/><U47/><E62/><V35/><F73/><W64/><G37/><T58/><D6/><U97/><E97/><V45/><F45/><W34/><G34/><T23/><D23/><U110/><N who="1" m="41554" /><U130/><DORA hai="50" /><E130/><V80/><F63/><W7/><G7/><T41/><D51/><U112/><E112/><V25/><F25/><W3/><G3/><T52/><D48/><U125/><E123/><V19/><F80/><W124/><G99/><T94/><D82/><U10/><E10/><V115/><F35/><W98/><G98/><N who="0" m="57655" /><D94/><U122/><E122/><V53/><F115/><W134/><G100/><T65/><D65/><U106/><E106/><V9/><F9/><W39/><G39/><T126/><D126/><U103/><E103/><V129/><F129/><W79/><G124/><T86/><D86/><U56/><E56/><N who="0" m="21609" /><D76/><U127/><E127/><V32/><F32/><W121/><G79/><T5/><D5/><U40/><E125/><V72/><F72/><W26/><G121/><T85/><D85/><U83/><E83/><V71/><F101/><W88/><G87/><T95/><D95/><U132/><E132/><V11/><F96/><W42/><G134/><RYUUKYOKU ba="0,0" sc="210,15,230,15,330,-15,230,-15" hai0="28,29,31,41,43,52,54" hai1="1,4,8,16,17,20,30,40,47,49" /><INIT seed="1,1,0,1,2,130" ten="225,245,315,215" oya="1" hai0="2,65,99,59,115,90,41,127,23,0,120,114,58" hai1="13,123,4,134,111,26,132,15,56,53,68,77,73" hai2="46,37,17,125,14,8,76,75,48,108,52,62,66" hai3="113,31,43,85,87,81,49,18,12,97,92,21,84"/><U61/><E123/><V102/><F108/><W38/><G113/><T9/><D127/><U124/><E124/><V121/><F125/><W71/><G71/><T133/><D120/><U29/><E111/><V54/><F121/><W119/><G119/><T110/><D110/><U69/><E77/><V19/><F102/><W42/><G38/><T64/><D41/><U70/><E73/><V55/><F37/><W91/><G31/><T50/><D23/><N who="1" m="15583" /><E4/><V10/><F75/><W6/><G6/><T74/><D74/><U118/><E118/><V80/><F80/><W11/><G21/><T93/><D9/><U135/><AGARI ba="1,0" hai="13,15,53,56,61,68,69,70,132,134,135" m="15583" machi="135" ten="40,12000,1" yaku="20,1,52,3" doraHai="130" who="1" fromWho="1" sc="225,-41,245,123,315,-41,215,-41" /><INIT seed="1,2,0,2,5,67" ten="184,368,274,174" oya="1" hai0="13,75,26,25,95,45,47,50,9,7,57,18,100" hai1="14,89,110,135,86,0,38,22,80,40,39,106,35" hai2="2,99,130,117,66,11,123,20,122,78,52,132,32" hai3="28,84,102,72,69,19,103,36,83,64,87,120,51"/><U121/><E35/><V6/><F117/><W61/><G36/><T21/><D75/><U82/><E0/><V90/><F132/><W119/><G119/><T68/><D68/><U114/><E106/><V79/><F130/><W49/><G120/><T42/><D45/><U59/><E114/><V74/><F32/><W77/><G28/><T5/><D57/><U16/><E121/><V85/><F74/><W116/><G116/><T128/><D128/><U101/><E101/><V55/><F66/><W131/><G131/><T43/><D43/><U44/><E135/><V56/><F122/><W76/><G19/><T60/><D60/><U53/><E110/><V127/><F127/><W48/><REACH who="3" step="1"/><G72/><REACH who="3" ten="184,368,274,164" step="2"/><T23/><D7/><U4/><E4/><V113/><F123/><W63/><G63/><T58/><D23/><U105/><E39/><V133/><F20/><W109/><G109/><T104/><D26/><U3/><E22/><V98/><F113/><W88/><G88/><T81/><D21/><U71/><E89/><V96/><F133/><W27/><G27/><T97/><D25/><U107/><E16/><V54/><REACH who="2" step="1"/><F56/><REACH who="2" ten="184,368,264,164" step="2"/><W41/><G41/><T24/><D58/><U91/><E40/><V108/><F108/><W118/><G118/><T94/><D24/><U33/><E59/><V134/><F134/><W70/><G70/><T65/><D65/><U34/><E71/><V126/><F126/><W93/><G93/><AGARI ba="2,2" hai="2,6,11,52,54,55,78,79,85,90,93,96,98,99" machi="93" ten="40,2600,0" yaku="1,1,54,1,53,0" doraHai="67" doraHaiUra="115" who="2" fromWho="3" sc="184,0,368,0,264,52,164,-32" /><INIT seed="2,0,0,1,1,41" ten="184,368,316,132" oya="2" hai0="103,45,12,71,30,39,106,4,14,107,127,17,62" hai1="105,31,64,18,129,21,119,13,52,113,91,25,128" hai2="133,23,108,51,37,63,10,94,90,73,117,82,58" hai3="101,96,123,88,92,86,134,49,95,84,67,19,135"/><V68/><F117/><W32/><G32/><T59/><D71/><U1/><E113/><V111/><F37/><W60/><G123/><T69/><D69/><U16/><E119/><V27/><F68/><W76/><G19/><T20/><D127/><U74/><E1/><V114/><F114/><W124/><G60/><T38/><D30/><U11/><E105/><V34/><F34/><W87/><G67/><T15/><D38/><U55/><E74/><V43/><F10/><W36/><G36/><T70/><D70/><U97/><E64/><V79/><F133/><N who="3" m="50699" /><G49/><T109/><D109/><N who="2" m="42058" /><F63/><W104/><G124/><T2/><D2/><U46/><E18/><N who="2" m="12791" /><F58/><W66/><G66/><T7/><D59/><U112/><E112/><V35/><F35/><W130/><G130/><T100/><D62/><U85/><E129/><V121/><F121/><W65/><G65/><T115/><D115/><U72/><E128/><V40/><F51/><W93/><G76/><T48/><D39/><U33/><E33/><V53/><F53/><W26/><G26/><T99/><D7/><U75/><E55/><V56/><F56/><W24/><G24/><T54/><D4/><U98/><E52/><V89/><F43/><W78/><G78/><T29/><D29/><U126/><E126/><V22/><F40/><W110/><G110/><T42/><D42/><U57/><E57/><V83/><F22/><W0/><G0/><T6/><D6/><U102/><E21/><V125/><F125/><W28/><G28/><T50/><D48/><U80/><E31/><V9/><F79/><W118/><G118/><RYUUKYOKU ba="0,0" sc="184,15,368,-15,316,-15,132,15" hai0="12,14,15,17,20,45,50,54,99,100,103,106,107" hai3="84,86,87,88,92,93,95,96,101,104" /><INIT seed="3,1,0,5,3,130" ten="199,353,301,147" oya="3" hai0="93,29,7,94,36,57,119,48,125,61,30,135,78" hai1="17,126,21,100,31,132,85,39,88,76,96,73,112" hai2="133,69,123,20,122,104,9,95,45,15,91,62,5" hai3="111,24,117,87,56,105,75,54,101,106,53,81,66"/><W86/><G117/><T43/><D36/><U109/><E39/><V34/><F34/><W108/><G66/><T42/><D119/><U84/><E31/><N who="0" m="11785" /><D125/><U74/><E84/><N who="3" m="32298" /><G24/><T103/><D7/><U16/><E17/><V4/><F4/><W115/><G56/><T82/><D48/><U28/><E76/><V41/><F20/><W110/><G115/><T127/><D127/><U52/><E28/><V1/><F1/><W92/><G54/><T44/><D44/><U113/><E126/><V114/><F15/><W83/><G53/><T124/><D124/><U70/><E70/><V51/><F5/><W60/><G60/><T12/><D12/><U26/><E74/><V98/><F51/><W18/><G18/><T40/><D78/><U8/><E73/><V79/><F45/><W107/><G75/><T55/><D82/><N who="3" m="31241" /><G92/><T22/><D22/><U25/><E21/><V6/><F69/><W72/><G72/><T37/><D37/><U71/><E26/><V64/><F64/><W80/><N who="3" m="31249" /><W2/><DORA hai="102" /><G2/><T77/><D77/><U23/><E71/><V129/><F62/><W68/><G68/><T27/><D27/><U13/><E23/><V63/><F63/><W67/><G67/><T3/><D3/><U128/><E25/><V134/><F114/><W65/><G65/><T50/><D61/><U116/><E113/><V97/><F6/><W89/><G89/><T38/><D38/><U47/><E88/><V49/><F91/><W11/><G101/><T118/><D118/><U131/><E116/><V35/><F49/><W19/><G19/><RYUUKYOKU ba="1,0" sc="199,-10,353,-10,301,-10,147,30" hai3="11,105,106,107,108,110,111" /><INIT seed="3,2,0,0,0,127" ten="189,343,291,177" oya="3" hai0="132,47,30,24,3,17,73,77,67,29,123,66,128" hai1="14,63,9,22,88,58,20,112,82,69,106,52,92" hai2="13,105,95,126,23,103,108,1,79,93,50,40,75" hai3="15,121,131,85,44,113,64,110,104,130,86,53,116"/><W83/><G121/><T56/><D123/><U19/><E106/><V117/><F108/><W38/><G116/><T4/><D73/><U96/><E112/><V125/><F117/><W8/><G113/><T114/><D114/><U46/><E69/><V57/><F1/><W134/><G104/><T115/><D3/><U43/><E82/><V25/><F13/><W34/><G34/><T11/><D77/><U90/><E90/><V39/><F39/><AGARI ba="2,0" hai="9,14,19,20,22,39,43,46,52,58,63,88,92,96" machi="39" ten="30,3900,0" yaku="7,1,54,2" doraHai="127" who="1" fromWho="2" sc="189,0,343,45,291,-45,177,0" owari="189,-21.1,388,48.8,246,4.6,177,-32.3" /></mjloggm>