<mjloggm ver="2.3"><GO type="225" lobby="0"/><UN n0="%6D%75%75%6D%75%72%61" n1="%E3%81%9F%E3%81%93%E2%98%86%E7%84%BC%E3%81%8D" n2="%E3%81%A1%E3%82%85%E3%81%86%E3%81%A9%E3%81%8F%E8%B1%A1%E3%81%95%E3%82%93" n3="%E9%80%9F%E6%B0%B4%E5%87%9B%E9%A6%99" dan="17,16,17,16" rate="2195.44,2068.13,2175.55,2171.98" sx="F,M,M,F"/><TAIKYOKU oya="0"/><INIT seed="0,0,0,1,5,107" ten="250,250,250,250" oya="0" hai0="8,69,61,106,131,48,121,87,104,109,117,67,134" hai1="14,18,31,46,75,81,29,47,126,135,74,90,9" hai2="105,7,33,12,54,94,44,37,115,91,26,128,65" hai3="130,127,16,80,114,118,68,102,28,79,23,58,93"/><T77/><D117/><U85/><E135/><V34/><F115/><W49/><G114/><T2/><D121/><U82/><E126/><V71/><F105/><W1/><G1/><T64/><D134/><U3/><E82/><V97/><F128/><W83/><G68/><T55/><D131/><U99/><E99/><V73/><F73/><W111/><G118/><T6/><D64/><U19/><E3/><V129/><F129/><W108/><G130/><T116/><D116/><U60/><E18/><V113/><F113/><W89/><G28/><T13/><D109/><N who="3" m="42057" /><G102/><T112/><D112/><U124/><E124/><V15/><F26/><N who="3" m="14695" /><G127/><T0/><D0/><U125/><E125/><V66/><F71/><W86/><G79/><T21/><D77/><U51/><E60/><V43/><F54/><AGARI ba="0,0" hai="49,54,58,80,83,86,89,93" m="14695,42057" machi="54" ten="30,2000,0" yaku="14,1,54,1" doraHai="107" who="3" fromWho="2" sc="250,0,250,0,250,-20,250,20" /><INIT seed="1,0,0,3,0,53" ten="250,250,230,270" oya="1" hai0="128,32,106,122,55,56,131,110,88,50,95,34,65" hai1="116,20,15,46,103,51,130,2,42,70,74,21,43" hai2="83,102,119,68,7,104,80,127,61,82,57,107,36" hai3="87,4,79,93,27,78,86,58,41,111,31,60,117"/><U39/><E2/><V6/><F119/><W109/><G117/><T37/><D110/><N who="3" m="41993" /><G41/><T76/><D106/><U33/><E33/><V108/><F36/><W52/><G4/><T28/><D37/><U126/><E130/><N who="0" m="49705" /><D122/><U5/><E126/><V48/><F108/><W90/><G87/><N who="0" m="52639" /><D76/><U23/><E74/><V64/><F127/><W62/><G62/><N who="0" m="38087" /><D28/><U133/><E70/><V8/><F102/><W54/><G54/><T49/><D49/><U67/><E67/><V44/><F68/><W114/><G114/><T96/><D96/><U124/><E133/><V85/><F85/><W14/><G14/><T73/><D73/><U121/><E103/><V125/><F125/><W71/><G71/><T10/><D10/><U84/><E116/><V40/><REACH who="2" step="1"/><F6/><REACH who="2" ten="250,250,220,270" step="2"/><W81/><G93/><T16/><D16/><U26/><E84/><V118/><F118/><W115/><G115/><T59/><AGARI ba="0,1" hai="32,34,50,55,59" m="38087,52639,49705" machi="59" ten="30,7900,0" yaku="19,1,52,2,54,1" doraHai="53" who="0" fromWho="0" sc="250,89,250,-39,220,-20,270,-20" /><INIT seed="2,0,0,2,2,66" ten="339,211,200,250" oya="2" hai0="73,111,65,22,124,0,98,17,70,96,59,99,28" hai1="90,36,58,68,85,1,63,104,119,133,103,92,42" hai2="7,129,110,109,123,60,64,21,15,50,24,54,88" hai3="86,130,40,122,126,132,56,89,135,69,61,106,31"/><V57/><F123/><W93/><G31/><T107/><D111/><N who="2" m="42506" /><F129/><W53/><G122/><T25/><D124/><U11/><E119/><V72/><F72/><W37/><G106/><T95/><D73/><U27/><E27/><V8/><F88/><W14/><G130/><T127/><D127/><U38/><E133/><N who="3" m="51274" /><G126/><T43/><D0/><U112/><E112/><V78/><F78/><W35/><G35/><T3/><D3/><U20/><E20/><V105/><F105/><W113/><G113/><T87/><D107/><U131/><E131/><V13/><F13/><W101/><G101/><T125/><D125/><U75/><E75/><V33/><F33/><W74/><G74/><T102/><D102/><U116/><E116/><V82/><F82/><W32/><G32/><T49/><D87/><U9/><E1/><V47/><F21/><W77/><G14/><T26/><D95/><U19/><E9/><V52/><F24/><W30/><G30/><T91/><D91/><U71/><E11/><V45/><F54/><W94/><G77/><T34/><D34/><U121/><E121/><V118/><F118/><W44/><G94/><T2/><D2/><U46/><E103/><V39/><F39/><W29/><G29/><T41/><D28/><U18/><E36/><V120/><F120/><W84/><G84/><T115/><D26/><U62/><E104/><V67/><F67/><W76/><G76/><T12/><D25/><U80/><E92/><V48/><F48/><W114/><G114/><T117/><D117/><U4/><E38/><V5/><F5/><W134/><G134/><RYUUKYOKU ba="0,0" sc="339,-15,211,-15,200,15,250,15" hai2="7,8,15,45,47,50,52,57,60,64" hai3="37,40,44,53,56,61,69,86,89,93" /><INIT seed="2,1,0,4,5,68" ten="324,196,215,265" oya="2" hai0="22,76,27,29,120,102,37,20,91,16,57,107,129" hai1="119,4,69,48,88,59,115,127,75,135,63,79,49" hai2="96,8,31,133,60,42,55,83,125,24,134,44,123" hai3="122,12,45,84,21,104,116,32,70,112,94,108,7"/><V90/><F123/><W9/><G104/><T10/><D120/><U105/><E115/><V50/><F125/><W30/><G32/><T99/><D129/><U56/><E119/><V114/><F114/><W46/><G70/><T19/><D37/><U43/><E105/><V28/><F8/><W95/><G122/><T121/><D121/><U78/><E4/><V14/><F14/><W113/><G116/><T18/><D76/><N who="1" m="29227" /><E69/><V47/><F60/><W128/><G128/><T126/><D126/><U97/><E75/><V58/><F44/><W34/><G34/><T109/><D57/><N who="1" m="22091" /><E135/><N who="2" m="51723" /><F24/><N who="3" m="16655" /><G108/><T54/><D10/><U65/><E127/><V15/><F15/><W93/><G113/><T106/><D109/><U100/><E100/><V5/><F5/><W40/><G112/><T35/><D102/><U39/><E39/><N who="2" m="21983" /><F83/><W0/><G0/><T33/><D27/><U82/><E43/><V3/><F3/><W132/><G132/><T6/><D6/><U92/><E82/><V1/><F1/><W80/><G40/><T118/><D118/><U66/><E63/><V81/><F81/><W77/><AGARI ba="1,0" hai="7,9,12,45,46,77,80,84,93,94,95" m="16655" machi="77" ten="30,1100,0" yaku="8,1" doraHai="68" who="3" fromWho="3" sc="324,-4,196,-4,215,-6,265,14" /><INIT seed="3,0,0,0,5,110" ten="320,192,209,279" oya="3" hai0="83,92,25,27,75,107,54,71,69,45,33,134,118" hai1="96,82,41,105,14,18,7,0,108,78,55,13,19" hai2="93,23,120,17,28,24,60,104,15,79,21,128,117" hai3="81,3,36,99,1,42,38,49,26,40,109,84,43"/><W80/><G49/><T98/><D107/><U56/><E108/><V6/><F117/><W133/><G109/><T132/><D118/><U52/><E0/><V9/><F104/><W119/><G119/><T12/><D12/><N who="1" m="4715" /><E105/><V85/><F128/><W39/><G133/><T131/><D54/><N who="1" m="20523" /><E96/><V94/><F120/><W20/><G99/><T76/><D131/><U37/><E37/><V112/><F112/><W31/><REACH who="3" step="1"/><G80/><REACH who="3" ten="320,192,209,269" step="2"/><T22/><D83/><U89/><E7/><V114/><F6/><W97/><G97/><T5/><D98/><U74/><E74/><V116/><F116/><W16/><G16/><N who="1" m="6186" /><E41/><V46/><F17/><W125/><G125/><T59/><D5/><U2/><E2/><V106/><F106/><W34/><G34/><T32/><D33/><U129/><E129/><V66/><F21/><W48/><G48/><T88/><D32/><U135/><E135/><V130/><F23/><W70/><G70/><T113/><D22/><U95/><E56/><V121/><F130/><W102/><G102/><T115/><D59/><U67/><E82/><V30/><F121/><W100/><G100/><T122/><D122/><U126/><E126/><V11/><F9/><W51/><G51/><T90/><D75/><U50/><E50/><V4/><F11/><W101/><G101/><T111/><D111/><U91/><E67/><V63/><F66/><W87/><G87/><T10/><D132/><U44/><E44/><V72/><F46/><W86/><G86/><T35/><D134/><U73/><E73/><V29/><F72/><W103/><G103/><T127/><D127/><RYUUKYOKU ba="0,1" sc="320,-10,192,-10,209,-10,269,30" hai3="1,3,20,26,31,36,38,39,40,42,43,81,84" /><INIT seed="3,1,1,1,2,40" ten="310,182,199,299" oya="3" hai0="116,87,43,93,19,7,81,108,49,35,104,89,9" hai1="94,109,29,26,16,57,15,131,128,88,4,62,11" hai2="113,85,42,129,75,0,56,39,95,65,103,54,8" hai3="5,76,117,33,52,32,10,77,121,3,82,115,118"/><W48/><G121/><T50/><D116/><U46/><E46/><V20/><F113/><W60/><G60/><T105/><D35/><U127/><E109/><V97/><F75/><W125/><G77/><N who="0" m="46511" /><D19/><U53/><E127/><V27/><F65/><W69/><G69/><T36/><D50/><U80/><E80/><V102/><F42/><W17/><G115/><T96/><D36/><U21/><REACH who="1" step="1"/><E4/><REACH who="1" ten="310,172,199,299" step="2"/><V71/><F39/><W12/><G125/><T28/><D7/><U132/><E132/><V73/><F129/><W30/><G118/><T135/><D108/><U70/><E70/><V45/><F71/><W44/><G117/><T63/><D135/><U37/><E37/><V86/><F45/><W34/><G30/><T133/><D28/><U64/><E64/><V119/><F119/><W83/><REACH who="3" step="1"/><G76/><REACH who="3" ten="310,172,199,289" step="2"/><T67/><D133/><U68/><E68/><V24/><F56/><W38/><G38/><T51/><D67/><U101/><E101/><V25/><F103/><W106/><G106/><T134/><D105/><U78/><E78/><V58/><F102/><W90/><G90/><T130/><D104/><U110/><E110/><V14/><F73/><W22/><AGARI ba="1,3" hai="3,5,10,12,17,22,32,33,34,44,48,52,82,83" machi="22" ten="30,11700,0" yaku="1,1,0,1,52,1,54,1,53,0" doraHai="40" doraHaiUra="98" who="3" fromWho="3" sc="310,-40,172,-40,199,-40,289,150" owari="270,7.0,132,-36.8,159,-24.1,439,53.9" /></mjloggm>