<mjloggm ver="2.3"><GO type="225" lobby="0"/><UN n0="%E5%BA%83%E7%80%AC%E5%BA%B7%E4%B8%80" n1="%E5%B0%8F%E9%B3%A5%E9%81%8A%E7%B7%B4%E7%84%A1%32%31%E6%AD%B3" n2="%E3%82%BC%E3%83%AB%E3%83%80%E3%81%AE%E4%BC%9D%E8%AA%AC" n3="%E3%82%BD%E3%83%83%E3%82%AF%E3%82%B9%E2%99%AA" dan="16,16,17,16" rate="2112.94,2177.46,2209.61,2061.94" sx="M,F,M,M"/><TAIKYOKU oya="0"/><INIT seed="0,0,0,5,4,21" ten="250,250,250,250" oya="0" hai0="123,83,13,1,10,64,0,100,98,72,2,93,97" hai1="99,29,51,92,95,26,118,52,62,22,18,76,116" hai2="24,27,6,68,67,9,126,132,20,94,104,117,103" hai3="66,130,61,49,3,89,40,55,80,84,12,81,50"/><T60/><D123/><U122/><E76/><V115/><F115/><W133/><G130/><T107/><D72/><U73/><E73/><V106/><F126/><W87/><G133/><T17/><D83/><U48/><E122/><V34/><F132/><W42/><G3/><T69/><REACH who="0" step="1"/><D0/><REACH who="0" ten="240,250,250,250" step="2"/><U120/><E120/><V127/><F127/><W124/><G124/><T15/><D15/><U39/><E118/><V88/><F117/><W82/><G12/><T53/><D53/><U105/><E116/><V23/><F67/><W16/><G81/><T91/><AGARI ba="0,1" hai="1,2,10,13,17,60,64,69,91,93,97,98,100,107" machi="91" ten="20,3900,0" yaku="1,1,0,1,7,1,53,0" doraHai="21" doraHaiUra="28" who="0" fromWho="0" sc="240,49,250,-13,250,-13,250,-13" /><INIT seed="0,1,0,3,3,126" ten="289,237,237,237" oya="0" hai0="89,123,54,44,26,46,121,100,87,78,41,21,106" hai1="109,124,66,17,91,50,98,25,51,63,3,135,79" hai2="75,2,85,95,88,49,113,52,1,4,107,111,60" hai3="58,20,99,10,15,29,9,77,59,96,105,37,32"/><T30/><D78/><U131/><E3/><V133/><F113/><W103/><G37/><T27/><D100/><U43/><E109/><V6/><F111/><W130/><G77/><T80/><D106/><U127/><E135/><V19/><F133/><W118/><G118/><T132/><D132/><U33/><E79/><V65/><F75/><W128/><G32/><T45/><D41/><U122/><E122/><V71/><F107/><W81/><G81/><T134/><D134/><U11/><E33/><V64/><F64/><W68/><G68/><T86/><D86/><U8/><E91/><V40/><F40/><W34/><G34/><T70/><D70/><U84/><E84/><V120/><F120/><W5/><G10/><T38/><D38/><U12/><E98/><V97/><F19/><N who="3" m="10367" /><G29/><T73/><D73/><U22/><E8/><V36/><F36/><W93/><G99/><T61/><D27/><U23/><E43/><V94/><F2/><N who="3" m="183" /><G93/><T114/><D114/><U83/><E83/><V13/><F1/><W0/><G0/><T104/><D104/><U129/><E23/><V108/><F108/><W42/><G42/><T62/><D123/><U56/><E124/><V24/><F13/><W117/><G117/><T82/><D121/><U72/><E72/><V76/><F76/><W112/><G112/><T28/><D30/><N who="1" m="17719" /><E127/><V115/><F115/><W55/><G55/><T14/><D54/><U125/><E125/><V119/><F119/><W67/><G67/><T47/><N who="0" m="11264" /><DORA hai="16" /><T18/><D80/><U102/><E102/><N who="2" m="60727" /><F24/><W57/><G105/><T101/><D101/><RYUUKYOKU ba="1,0" sc="289,0,237,0,237,0,237,0" hai0="14,18,21,26,28,61,62,82,87,89" hai1="11,12,17,50,51,56,63,66,129,131" hai2="4,6,49,52,60,65,71,85,88,95" hai3="57,58,59,96,103,128,130" /><INIT seed="0,2,0,2,3,134" ten="289,237,237,237" oya="0" hai0="97,53,0,129,54,5,63,128,36,132,66,124,120" hai1="121,101,103,38,30,113,40,91,29,46,43,125,94" hai2="67,42,64,15,85,78,50,55,49,83,107,133,2" hai3="126,10,81,58,87,12,117,109,115,14,108,106,32"/><T18/><D120/><U48/><E121/><V37/><F2/><W122/><G122/><T116/><D116/><U77/><E113/><V80/><F133/><W47/><G115/><T39/><D132/><U75/><E40/><V31/><F107/><W3/><G117/><T25/><D97/><U76/><E38/><V23/><F37/><W127/><G106/><T71/><D39/><U96/><E125/><N who="3" m="47626" /><G32/><T35/><D36/><U62/><E62/><V69/><F69/><W19/><G47/><T24/><D35/><U41/><E41/><V1/><F1/><W123/><G123/><T22/><D25/><U68/><E68/><V7/><F83/><W82/><G82/><T99/><D124/><U114/><E114/><V104/><F104/><W118/><G118/><T92/><D129/><U33/><E75/><V59/><F31/><N who="1" m="11785" /><E33/><V95/><F95/><W89/><G3/><T28/><D128/><U57/><E57/><V4/><F67/><W17/><G58/><T84/><D66/><U34/><E34/><V131/><F64/><W26/><G26/><T86/><D24/><U110/><E110/><V112/><F131/><W119/><G119/><T51/><D0/><U98/><E98/><V9/><F112/><W130/><G130/><T8/><D99/><U73/><E73/><V52/><F59/><W21/><AGARI ba="2,0" hai="10,12,14,17,19,21,81,87,89,108,109" m="47626" machi="21" ten="30,7900,0" yaku="18,1,52,3" doraHai="134" who="3" fromWho="3" sc="289,-41,237,-22,237,-22,237,85" /><INIT seed="1,0,0,2,5,30" ten="248,215,215,322" oya="1" hai0="81,131,39,75,101,44,14,65,0,58,133,78,135" hai1="77,24,102,38,52,108,73,103,79,122,117,119,123" hai2="124,125,60,9,71,8,126,57,100,92,72,118,5" hai3="27,82,19,50,67,7,63,13,110,111,61,11,55"/><U107/><E38/><V66/><F118/><N who="1" m="45065" /><E24/><V70/><F72/><W64/><G82/><T86/><D131/><U31/><E31/><V4/><F100/><N who="1" m="38441" /><E52/><V29/><F92/><W99/><G99/><T97/><D0/><U129/><E73/><V16/><F29/><W41/><G41/><T2/><D75/><U114/><E129/><V93/><F93/><W115/><G115/><T34/><D34/><U109/><E107/><V25/><F25/><W54/><G55/><T91/><D39/><U15/><E15/><N who="2" m="7271" /><F5/><W20/><G63/><T33/><D2/><AGARI ba="0,0" hai="2,4,9,57,60,66,70,71,124,125,126" m="7271" machi="2" ten="30,2000,0" yaku="18,1,54,1" doraHai="30" who="2" fromWho="0" sc="248,-20,215,0,215,20,322,0" /><INIT seed="2,0,0,3,4,100" ten="228,215,235,322" oya="2" hai0="64,65,98,120,51,1,77,43,70,112,44,96,8" hai1="103,25,117,92,110,134,27,2,111,86,74,108,82" hai2="38,130,124,81,48,104,55,101,90,129,79,22,9" hai3="69,75,94,97,54,31,99,45,53,29,15,40,3"/><V133/><F38/><W78/><G69/><T62/><D112/><U26/><E117/><V67/><F124/><W7/><G15/><T6/><D120/><U126/><E2/><V56/><F133/><W33/><G33/><T35/><D35/><U36/><E36/><V102/><F90/><W109/><G109/><T73/><REACH who="0" step="1"/><D65/><REACH who="0" ten="218,215,235,322" step="2"/><U41/><E134/><V24/><F67/><W34/><G34/><T52/><D52/><U66/><E66/><V30/><F129/><W5/><G54/><T118/><D118/><U89/><E126/><V37/><F130/><W131/><G53/><T68/><D68/><U105/><E41/><V107/><F55/><W63/><G40/><T61/><D61/><U91/><E74/><V47/><F56/><W4/><G63/><T128/><D128/><U19/><E19/><V14/><F47/><W11/><G75/><T87/><D87/><U50/><E50/><V57/><F57/><W115/><G115/><T39/><D39/><U80/><E91/><V76/><F48/><W85/><G45/><T121/><D121/><U60/><E60/><V17/><F37/><W16/><G16/><T13/><D13/><U0/><E0/><V83/><F79/><W42/><G42/><T95/><D95/><U106/><E103/><V113/><F113/><W122/><G122/><T132/><D132/><U119/><E119/><V20/><F76/><W72/><G72/><T59/><D59/><U18/><E18/><N who="2" m="8527" /><F101/><W114/><G114/><T127/><D127/><U46/><E46/><V28/><F102/><N who="3" m="60727" /><G131/><T32/><D32/><U58/><E58/><RYUUKYOKU ba="0,1" sc="218,15,215,15,235,-15,322,-15" hai0="1,6,8,43,44,51,62,64,70,73,77,96,98" hai1="25,26,27,80,82,86,89,92,105,106,108,110,111" /><INIT seed="3,1,1,0,5,98" ten="233,230,220,307" oya="3" hai0="37,45,52,134,47,117,51,10,112,32,121,135,115" hai1="108,86,133,84,65,44,74,67,61,33,0,60,24" hai2="7,77,50,111,83,79,36,34,80,14,23,102,128" hai3="72,97,114,20,104,27,5,3,125,73,122,91,63"/><W126/><G114/><N who="0" m="43563" /><D117/><U41/><E0/><V118/><F36/><W116/><G122/><T64/><D121/><U107/><E74/><V103/><F118/><W76/><G116/><T29/><D64/><U75/><E75/><V95/><F34/><W57/><G76/><N who="2" m="29257" /><F111/><W85/><G5/><T113/><N who="0" m="43571" /><T13/><DORA hai="88" /><D29/><U119/><E107/><V12/><F128/><W105/><G105/><T35/><D45/><U16/><E108/><V8/><F50/><W56/><G3/><T25/><D37/><U101/><E133/><N who="0" m="50697" /><D25/><U59/><E33/><V15/><F15/><W21/><G27/><T120/><D120/><U58/><E119/><V123/><F123/><W68/><G68/><T130/><D130/><U40/><E44/><V127/><F127/><W71/><G71/><T66/><D66/><U62/><E62/><V69/><F69/><W30/><G126/><T100/><D100/><N who="2" m="38442" /><F95/><W124/><G124/><T48/><D51/><U49/><E101/><V129/><F129/><W96/><G125/><T131/><D131/><U2/><E2/><V92/><F92/><W70/><G70/><T1/><D1/><U42/><E49/><V93/><F93/><W4/><G104/><T6/><AGARI ba="1,1" hai="6,10,13,32,35,47,48,52" m="50697,43571" machi="6" ten="50,6400,0" yaku="11,1,20,1,54,1" doraHai="98,88" who="0" fromWho="0" sc="233,77,230,-17,220,-17,307,-33" owari="310,41.0,213,-18.7,203,-29.7,274,7.4" /></mjloggm>