<mjloggm ver="2.3"><GO type="225" lobby="0"/><UN n0="%E7%89%B9%E6%9D%B1%E3%81%AF%E4%B8%96%E7%95%8C%E3%82%92%E6%95%91%E3%81%86" n1="%E3%82%A2%E3%83%9E%E3%83%9D%EF%BD%9E%EF%BD%9E%E3%83%A9" n2="%6D%75%75%6D%75%72%61" n3="%E3%81%95%E3%81%8D%E3%81%9F%E3%81%BE%E6%9E%97%E6%AA%8E" dan="16,17,16,16" rate="2086.17,2199.97,2133.86,2127.02" sx="M,M,F,M"/><TAIKYOKU oya="0"/><INIT seed="0,0,0,2,2,127" ten="250,250,250,250" oya="0" hai0="4,100,39,84,114,79,43,27,110,26,66,134,47" hai1="48,131,36,14,88,5,64,7,93,133,129,55,116" hai2="113,61,96,46,42,92,76,6,73,15,102,23,2" hai3="89,132,81,130,108,72,68,53,67,135,21,107,35"/><T86/><D114/><U104/><E116/><V41/><F113/><W119/><G108/><T103/><D110/><U60/><E36/><V52/><F2/><W44/><G119/><T70/><D134/><N who="3" m="51241" /><G35/><T9/><D70/><U123/><E104/><V85/><F73/><W80/><G107/><T71/><D71/><U83/><E83/><N who="2" m="47335" /><F6/><W115/><G115/><T8/><D66/><U105/><E105/><V50/><F61/><N who="3" m="40047" /><G72/><T28/><D8/><U121/><E133/><V117/><F117/><W3/><G3/><T124/><D27/><U109/><E109/><V98/><F96/><W51/><G21/><T13/><D124/><U62/><E64/><V111/><F111/><W120/><G120/><T33/><REACH who="0" step="1"/><D79/><REACH who="0" ten="240,250,250,250" step="2"/><U29/><E123/><V10/><F10/><W19/><G19/><AGARI ba="0,1" hai="15,19,23,41,42,46,50,52,92,98,102" m="47335" machi="19" ten="30,2000,0" yaku="8,1,54,1" doraHai="127" who="2" fromWho="3" sc="240,0,250,0,250,30,250,-20" /><INIT seed="1,0,0,4,4,109" ten="240,250,280,230" oya="1" hai0="32,38,131,101,11,5,39,41,66,134,47,103,8" hai1="23,80,85,27,98,0,18,126,10,50,70,128,63" hai2="96,86,110,133,26,130,35,108,75,113,19,53,91" hai3="6,76,56,13,62,119,105,123,83,117,16,72,114"/><U61/><E128/><V25/><F130/><W102/><G123/><T69/><D131/><U57/><E126/><V78/><F133/><W22/><G6/><T43/><D32/><U12/><E0/><V116/><F116/><N who="3" m="44619" /><G102/><T9/><D134/><U55/><E98/><V111/><F75/><W74/><G105/><T99/><D5/><U90/><REACH who="1" step="1"/><E70/><REACH who="1" ten="240,240,280,230" step="2"/><V79/><F96/><W87/><G114/><T92/><D103/><U107/><E107/><V67/><F113/><W33/><G33/><T132/><D132/><U60/><E60/><V93/><F35/><W29/><G29/><AGARI ba="0,1" hai="10,12,18,23,27,29,50,55,57,61,63,80,85,90" machi="29" ten="30,5800,0" yaku="1,1,7,1,8,1,53,0" doraHai="109" doraHaiUra="115" who="1" fromWho="3" sc="240,0,240,68,280,0,230,-58" /><INIT seed="1,1,0,1,3,42" ten="240,308,280,172" oya="1" hai0="49,103,0,123,92,58,9,35,76,94,74,27,101" hai1="65,14,105,108,69,8,85,70,99,22,81,1,31" hai2="127,102,6,11,119,55,63,121,83,77,134,71,44" hai3="89,36,122,52,111,104,46,80,32,66,96,29,51"/><U67/><E1/><V135/><F119/><W90/><G111/><T54/><D123/><U115/><E115/><V7/><F121/><W120/><G36/><T110/><D110/><U13/><E99/><V57/><F127/><W64/><G122/><T50/><D74/><U40/><E105/><V59/><F71/><W28/><G120/><T24/><D76/><U132/><E132/><N who="2" m="50731" /><F102/><W26/><G28/><T98/><D35/><U68/><E40/><V87/><F11/><W30/><G30/><T53/><D0/><U41/><E41/><V78/><F78/><W128/><G128/><T126/><D9/><U75/><E75/><V19/><F19/><W117/><G117/><T5/><D5/><U86/><E31/><V72/><F72/><W10/><G10/><T113/><D113/><U15/><E8/><V100/><F100/><W38/><G38/><T33/><D33/><U4/><E22/><V114/><F114/><W95/><REACH who="3" step="1"/><G104/><REACH who="3" ten="240,308,280,162" step="2"/><T91/><D126/><U39/><E39/><V97/><F6/><W79/><G79/><T88/><D98/><U25/><E4/><V61/><F7/><W93/><G93/><T124/><D124/><U20/><E108/><V106/><F97/><W34/><G34/><T130/><D130/><U107/><E107/><V84/><F106/><W73/><G73/><T112/><D112/><U17/><E86/><AGARI ba="1,1" hai="26,29,32,46,51,52,64,66,80,86,89,90,95,96" machi="86" ten="40,8000,1" yaku="1,1,52,1,54,1,53,1" doraHai="42" doraHaiUra="23" who="3" fromWho="1" sc="240,0,308,-83,280,0,162,93" /><INIT seed="2,0,0,3,0,87" ten="240,225,280,255" oya="2" hai0="72,61,24,84,46,127,114,82,3,96,4,41,56" hai1="117,11,125,134,126,78,95,38,106,15,1,131,55" hai2="59,26,97,110,10,53,33,93,69,92,45,28,86" hai3="51,29,98,18,37,111,8,30,31,122,17,68,5"/><V63/><F110/><W83/><G37/><T128/><D114/><U71/><E117/><V118/><F118/><W34/><G68/><T75/><D128/><U42/><E106/><V112/><F112/><W2/><G51/><T89/><D127/><U119/><E119/><V58/><F69/><W105/><G83/><T99/><D24/><U79/><E1/><V74/><F74/><W47/><G47/><T132/><D132/><U20/><E71/><V90/><F59/><W115/><G115/><T62/><D62/><U25/><E134/><V40/><F10/><W7/><G98/><T57/><D57/><U49/><E131/><V54/><F54/><W22/><G105/><T32/><D32/><U36/><E36/><V100/><REACH who="2" step="1"/><F45/><REACH who="2" ten="240,225,270,255" step="2"/><W109/><G8/><N who="0" m="2079" /><D75/><U113/><E113/><V85/><F85/><W133/><G133/><T116/><D72/><U102/><E126/><V73/><F73/><W66/><G111/><T135/><D116/><U43/><E125/><V88/><F88/><W19/><G109/><T6/><D135/><U16/><E79/><V108/><F108/><W0/><G122/><T80/><D46/><U104/><E78/><V27/><F27/><N who="3" m="16631" /><G66/><T77/><D41/><AGARI ba="0,1" hai="26,28,33,40,41,53,58,63,86,90,92,93,97,100" machi="41" ten="40,12000,1" yaku="1,1,52,1,53,2" doraHai="87" doraHaiUra="91" who="2" fromWho="0" sc="240,-120,225,0,270,130,255,0" /><INIT seed="2,1,0,2,3,21" ten="120,225,400,255" oya="2" hai0="4,52,114,5,131,17,97,102,56,108,71,35,10" hai1="55,105,125,126,113,1,116,70,49,8,66,93,135" hai2="86,60,32,72,58,15,110,22,37,98,127,67,11" hai3="6,82,57,85,25,46,20,64,134,19,62,69,43"/><V30/><F72/><W123/><G134/><T34/><D114/><U31/><E116/><V45/><F127/><W50/><G123/><T74/><D108/><U83/><E105/><V101/><F32/><W39/><G6/><T87/><D131/><U65/><E113/><V81/><F110/><W76/><G39/><T73/><D71/><U119/><E135/><V118/><F45/><W13/><G69/><T48/><D5/><N who="1" m="1071" /><E70/><V130/><F37/><W100/><G100/><T128/><D128/><U112/><E119/><V92/><F118/><W104/><G104/><T84/><D34/><U89/><E31/><V94/><F94/><W115/><G115/><T75/><D35/><U44/><E83/><V121/><F121/><W53/><REACH who="3" step="1"/><G13/><REACH who="3" ten="120,225,400,245" step="2"/><T9/><D17/><U38/><E38/><V28/><F130/><W129/><G129/><T122/><D122/><U132/><E132/><V124/><F124/><N who="1" m="47721" /><E112/><V29/><F15/><W103/><G103/><T54/><D54/><AGARI ba="1,1" hai="19,20,25,43,46,50,53,54,57,62,64,76,82,85" machi="54" ten="40,5200,0" yaku="1,1,8,1,52,1,53,0" doraHai="21" doraHaiUra="3" who="3" fromWho="0" sc="120,-55,225,0,400,0,245,65" /><INIT seed="3,0,0,5,0,105" ten="65,225,400,310" oya="3" hai0="133,130,71,131,31,84,64,42,123,115,38,94,15" hai1="69,108,74,117,85,99,65,91,53,33,18,49,55" hai2="35,63,129,60,41,67,62,11,34,107,8,102,122" hai3="7,27,73,100,83,58,66,48,112,95,90,92,22"/><W132/><G112/><T26/><D115/><U76/><E108/><V135/><F41/><W6/><G132/><T21/><D123/><U104/><E33/><V77/><F107/><W121/><G121/><T9/><D133/><U89/><E89/><V2/><F102/><W97/><G83/><T111/><D111/><U10/><E117/><V72/><F67/><W23/><G73/><T109/><D109/><U45/><E65/><V37/><F37/><W4/><G27/><T17/><D64/><U101/><E69/><V39/><F39/><W52/><REACH who="3" step="1"/><G66/><REACH who="3" ten="65,225,400,300" step="2"/><T88/><D71/><U110/><E110/><V44/><F72/><W59/><G59/><T81/><D38/><U75/><E76/><V124/><F77/><W54/><G54/><T86/><REACH who="0" step="1"/><D42/><REACH who="0" ten="55,225,400,300" step="2"/><U40/><E40/><V13/><F135/><W29/><G29/><T103/><D103/><U93/><E53/><V134/><F134/><W24/><G24/><T128/><D128/><U68/><E68/><V106/><F129/><W0/><G0/><T32/><D32/><U57/><E55/><V114/><F35/><W3/><G3/><T16/><D16/><U82/><E18/><V30/><F34/><W70/><G70/><T87/><D87/><AGARI ba="0,2" hai="4,6,7,22,23,48,52,58,87,90,92,95,97,100" machi="87" ten="40,7700,0" yaku="1,1,8,1,54,1,53,0" doraHai="105" doraHaiUra="79" who="3" fromWho="0" sc="55,-77,225,0,400,0,300,97" owari="-22,-52.2,225,-17.5,400,50.0,397,19.7" /></mjloggm>