<mjloggm ver="2.3"><GO type="225" lobby="0"/><UN n0="%76%61%63%76%61%73%65" n1="%E3%81%BF%E3%81%BF%E3%81%9A" n2="%E3%81%B5%E3%81%98%E3%81%8B%E3%81%A4" n3="%6D%61%74%69%67%75%73%61" dan="16,16,16,17" rate="2133.60,2234.62,2176.11,2233.38" sx="F,M,M,M"/><TAIKYOKU oya="0"/><INIT seed="0,0,0,0,1,133" ten="250,250,250,250" oya="0" hai0="49,73,45,131,7,70,96,12,77,41,128,120,90" hai1="69,80,104,62,47,36,92,78,124,54,59,14,126" hai2="85,132,61,18,40,117,22,52,25,98,79,71,55" hai3="3,26,111,130,119,33,75,57,0,129,63,93,135"/><T21/><D120/><U44/><E104/><V65/><F132/><W27/><G135/><T4/><D70/><U11/><E92/><V68/><F117/><W105/><G105/><T16/><D77/><U99/><E99/><V1/><F40/><W46/><G75/><T23/><D73/><N who="1" m="43087" /><E69/><V97/><F1/><W8/><G119/><T134/><D134/><U88/><E88/><V28/><F71/><W94/><G46/><T113/><D113/><U39/><E47/><V118/><F118/><W24/><G33/><T58/><D58/><U17/><E44/><V101/><F18/><W31/><G31/><T50/><D50/><U32/><E32/><V76/><F97/><W114/><G111/><T6/><REACH who="0" step="1"/><D23/><REACH who="0" ten="240,250,250,250" step="2"/><U48/><E48/><V20/><F20/><W35/><G114/><T37/><D37/><U29/><E29/><V53/><REACH who="2" step="1"/><F85/><REACH who="2" ten="240,250,240,250" step="2"/><W103/><G35/><T116/><D116/><U106/><E106/><AGARI ba="0,2" hai="22,25,28,52,53,55,61,65,68,76,79,98,101,106" machi="106" ten="40,8000,1" yaku="1,1,2,1,54,1,53,1" doraHai="133" doraHaiUra="102" who="2" fromWho="1" sc="240,0,250,-80,240,100,250,0" /><INIT seed="1,0,0,4,2,14" ten="240,170,340,250" oya="1" hai0="29,68,42,52,70,2,100,47,16,94,98,88,78" hai1="28,82,26,108,75,123,118,87,106,111,76,104,114" hai2="96,18,102,27,20,19,117,1,90,74,91,95,101" hai3="49,126,54,45,64,89,41,80,44,9,131,66,6"/><U121/><E114/><V133/><F117/><W55/><G131/><T46/><D2/><U93/><E118/><V132/><F1/><W92/><G126/><T8/><D29/><U32/><E93/><N who="2" m="56375" /><F74/><W81/><G9/><T37/><D78/><U67/><E87/><N who="2" m="52735" /><F18/><W97/><G6/><T115/><D115/><U63/><E123/><V79/><F79/><W53/><G44/><T31/><D31/><U130/><E121/><V5/><F5/><W84/><REACH who="3" step="1"/><G81/><REACH who="3" ten="240,170,340,240" step="2"/><T135/><D135/><AGARI ba="0,1" hai="19,20,27,101,102,132,133,135" m="52735,56375" machi="135" ten="30,2000,0" yaku="20,1,52,1" doraHai="14" who="2" fromWho="0" sc="240,-20,170,0,340,30,240,0" /><INIT seed="2,0,0,1,5,38" ten="220,170,370,240" oya="2" hai0="102,32,117,13,24,67,7,58,77,88,96,64,40" hai1="1,119,18,113,126,47,90,116,71,74,97,23,22" hai2="115,130,44,123,4,75,10,133,93,135,20,127,73" hai3="78,26,109,81,65,83,69,87,45,55,125,76,34"/><V98/><F123/><W111/><G65/><T8/><D77/><U30/><E113/><V79/><F115/><W128/><G69/><T59/><D117/><U0/><E74/><V120/><F127/><W121/><G121/><T82/><D32/><U107/><E71/><V80/><F130/><W122/><G122/><T106/><D24/><U100/><E126/><V66/><F66/><W95/><G95/><T42/><D64/><U62/><E62/><V134/><F20/><W101/><G101/><T56/><REACH who="0" step="1"/><D67/><REACH who="0" ten="210,170,370,240" step="2"/><U12/><E119/><V28/><F120/><W27/><G125/><T48/><D48/><U15/><E116/><V104/><F79/><W5/><G26/><T60/><D60/><U86/><E47/><V43/><F44/><W94/><G27/><T9/><D9/><U131/><E131/><V37/><F10/><W14/><G78/><T112/><D112/><U89/><E30/><V54/><F28/><W36/><G76/><T49/><D49/><U46/><E46/><V72/><F135/><W85/><G45/><T70/><D70/><U110/><E110/><V6/><F134/><W11/><G11/><T124/><D124/><U114/><E114/><V25/><F25/><W129/><G111/><T105/><D105/><U33/><E33/><V19/><F104/><W2/><G34/><T41/><D41/><U50/><E50/><V52/><F43/><W92/><G109/><T35/><D35/><U118/><E118/><V61/><F61/><W29/><G129/><T132/><D132/><U63/><E63/><V31/><F133/><W3/><G128/><RYUUKYOKU ba="0,1" sc="210,30,170,-10,370,-10,240,-10" hai0="7,8,13,40,42,56,58,59,82,88,96,102,106" /><INIT seed="3,1,1,4,3,63" ten="240,160,360,230" oya="3" hai0="19,13,124,111,108,112,102,18,71,94,74,53,32" hai1="101,22,134,44,127,5,27,52,95,68,70,98,25" hai2="7,23,16,125,119,91,133,34,62,37,69,120,15" hai3="17,55,84,2,122,39,45,135,12,96,56,90,73"/><W9/><G122/><T59/><D71/><U123/><E123/><V109/><F119/><W21/><G73/><T72/><D32/><U86/><E127/><V92/><F37/><W117/><G135/><T66/><D66/><U67/><E134/><V28/><F109/><N who="0" m="42058" /><D124/><U58/><E5/><V82/><F82/><W129/><G129/><T110/><D112/><U89/><E44/><V87/><F133/><W10/><G96/><N who="0" m="59671" /><D19/><U48/><E67/><V38/><F38/><W24/><G2/><T131/><D131/><U83/><REACH who="1" step="1"/><E27/><REACH who="1" ten="240,150,360,230" step="2"/><V77/><F7/><W79/><G24/><T50/><D110/><U43/><E43/><V121/><F125/><W60/><G45/><T76/><D76/><U93/><E93/><V105/><F77/><W80/><G117/><T99/><D99/><U113/><E113/><V100/><F92/><W30/><G39/><T126/><D126/><U106/><E106/><V3/><F105/><W11/><G79/><T46/><D46/><U29/><AGARI ba="1,2" hai="22,25,29,48,52,58,68,70,83,86,89,95,98,101" machi="29" ten="20,8000,1" yaku="1,1,0,1,7,1,54,1,53,1" doraHai="63" doraHaiUra="51" who="1" fromWho="1" sc="240,-21,150,103,360,-21,230,-41" owari="219,-18.1,253,5.3,339,43.9,189,-31.1" /></mjloggm>