<mjloggm ver="2.3"><GO type="225" lobby="0"/><UN n0="%E3%83%B4%E3%83%A0%EF%BC%99%E3%81%A6" n1="%2D%E8%B1%8A%E5%8F%A3%E3%82%81%E3%81%90%E3%81%BF%2D" n2="%E5%91%A8%E6%9D%B1" n3="%E5%8D%A0%E3%81%84%E5%B8%AB%E8%A3%8F%E3%81%AA%E3%81%84%E3%81%97" dan="16,17,17,17" rate="2107.82,2201.73,2214.79,2130.09" sx="M,F,M,M"/><TAIKYOKU oya="0"/><INIT seed="0,0,0,2,3,28" ten="250,250,250,250" oya="0" hai0="103,99,38,102,106,90,69,101,46,91,114,2,10" hai1="132,1,87,124,89,65,64,30,83,85,78,72,42" hai2="36,108,81,94,17,5,77,20,54,75,32,18,133" hai3="56,59,14,58,3,29,105,70,121,61,41,8,68"/><T43/><D114/><U119/><E119/><V74/><F108/><W125/><G3/><T19/><D69/><U66/><E1/><V73/><F133/><W104/><G125/><T7/><D91/><U62/><E124/><V6/><F36/><W123/><G41/><T129/><D129/><U49/><E132/><V21/><F94/><W37/><G37/><T98/><D90/><U27/><E62/><V107/><F107/><N who="3" m="41035" /><G29/><T92/><D101/><U51/><E42/><V86/><F54/><W26/><G26/><T0/><D0/><U13/><E13/><V22/><REACH who="2" step="1"/><F32/><REACH who="2" ten="250,250,240,250" step="2"/><W97/><G97/><T95/><D106/><U111/><E111/><V131/><F131/><W126/><G126/><T130/><D130/><U134/><E134/><V48/><F48/><W15/><G61/><T25/><D25/><U40/><E40/><V47/><F47/><W53/><G53/><T109/><D109/><U127/><E127/><V39/><F39/><W9/><G14/><T118/><D118/><U12/><E12/><V35/><F35/><W50/><G50/><T16/><AGARI ba="0,1" hai="2,7,10,16,19,38,43,46,92,95,98,99,102,103" machi="16" ten="30,6000,0" yaku="0,1,9,1,54,1" doraHai="28" who="0" fromWho="0" sc="250,70,250,-20,240,-20,250,-20" /><INIT seed="0,1,0,1,2,116" ten="320,230,220,230" oya="0" hai0="100,46,37,52,34,48,80,47,14,94,0,23,26" hai1="28,40,120,132,81,39,8,93,5,130,58,98,73" hai2="102,101,112,63,24,134,109,4,79,21,135,97,44" hai3="129,84,30,22,61,55,11,117,9,85,105,35,64"/><T3/><D34/><U59/><E28/><V42/><F112/><W119/><G35/><T114/><D114/><U88/><E130/><V122/><F109/><W16/><G129/><T27/><D80/><U43/><E132/><N who="2" m="50731" /><F79/><W78/><G105/><T51/><D37/><U124/><E124/><V75/><F75/><W111/><G111/><T49/><D3/><U12/><E120/><V70/><F4/><W38/><G38/><T113/><D0/><U2/><E12/><V13/><F13/><W36/><G30/><T65/><D65/><U104/><E104/><V76/><F76/><W82/><G36/><T1/><D48/><U53/><E39/><N who="2" m="21599" /><F122/><W17/><G55/><N who="0" m="30135" /><D1/><U18/><E73/><V121/><F121/><W62/><G78/><T54/><D54/><U72/><E72/><V86/><F86/><W110/><G110/><T95/><D113/><U108/><E108/><V83/><F83/><W103/><G82/><T115/><D115/><U123/><E123/><V7/><F7/><W57/><G64/><T56/><D47/><U106/><E81/><V96/><F63/><W90/><G119/><T41/><D41/><U133/><E133/><V29/><F70/><W32/><G117/><T15/><D26/><U68/><E68/><V118/><F118/><W69/><G69/><T25/><D25/><U77/><E77/><V6/><F6/><W107/><G32/><T92/><D100/><AGARI ba="1,0" hai="21,24,29,96,97,100,101,102" m="21599,50731" machi="100" ten="30,1000,0" yaku="20,1" doraHai="116" who="2" fromWho="0" sc="320,-13,230,0,220,13,230,0" /><INIT seed="1,0,0,2,0,79" ten="307,230,233,230" oya="1" hai0="104,87,55,18,41,46,25,66,62,130,32,112,110" hai1="105,73,44,123,76,6,14,68,114,131,50,8,37" hai2="134,36,75,40,53,24,11,83,10,47,23,59,31" hai3="49,101,34,20,30,2,45,107,1,38,128,86,42"/><U35/><E114/><V127/><F134/><W126/><G20/><T7/><D112/><U72/><E123/><V74/><F127/><W124/><G49/><T63/><D104/><U13/><E35/><V85/><F75/><W43/><G128/><T3/><D110/><U113/><E113/><V84/><F85/><W100/><G86/><T96/><D96/><U116/><E116/><V121/><F74/><W77/><G77/><T132/><D132/><U65/><E105/><V60/><REACH who="2" step="1"/><F121/><REACH who="2" ten="307,230,223,230" step="2"/><W26/><G124/><T67/><D87/><U17/><E73/><V80/><F80/><W57/><G126/><T58/><D130/><U109/><E72/><V133/><F133/><W119/><G119/><T39/><D3/><U71/><E131/><V115/><F115/><W48/><G1/><T97/><D97/><U99/><E99/><V106/><F106/><W28/><G2/><T16/><D7/><U111/><E6/><V108/><F108/><W88/><G107/><T93/><D93/><U54/><E111/><V22/><F22/><W15/><G34/><T95/><D95/><U9/><E109/><V21/><F21/><W129/><G129/><T29/><REACH who="0" step="1"/><D66/><REACH who="0" ten="297,230,223,230" step="2"/><U4/><E65/><V125/><F125/><W82/><G101/><T5/><D5/><U103/><E103/><V70/><F70/><AGARI ba="0,2" hai="16,18,25,29,32,39,41,46,55,58,62,63,67,70" machi="70" ten="30,7700,0" yaku="1,1,7,1,54,1,53,1" doraHai="79" doraHaiUra="52" who="0" fromWho="2" sc="297,97,230,0,223,-77,230,0" /><INIT seed="2,0,0,5,4,64" ten="394,230,146,230" oya="2" hai0="47,24,135,83,97,95,103,119,46,5,3,58,111" hai1="92,0,33,93,131,132,116,68,37,75,99,106,56" hai2="4,73,10,35,71,88,57,23,102,118,87,98,117" hai3="82,16,9,8,76,39,63,62,34,27,26,121,134"/><V79/><F35/><W2/><G121/><T30/><D111/><U66/><RYUUKYOKU type="yao9" ba="0,0" sc="394,0,230,0,146,0,230,0" hai1="0,33,37,56,66,68,75,92,93,99,106,116,131,132" /><INIT seed="2,1,0,0,1,32" ten="394,230,146,230" oya="2" hai0="118,103,45,33,26,51,13,120,110,72,0,98,108" hai1="102,77,71,114,104,84,88,67,62,60,54,47,74" hai2="64,48,56,17,42,113,92,78,70,115,27,4,94" hai3="16,132,93,117,15,7,79,22,19,127,49,128,57"/><V135/><F135/><W116/><G132/><T43/><D120/><U131/><E114/><V40/><F70/><W63/><G127/><T134/><D134/><U90/><E131/><V69/><F69/><W68/><G68/><T44/><D118/><U30/><E30/><V25/><F78/><W126/><G128/><T46/><D72/><U106/><E102/><V124/><F124/><W133/><G133/><T38/><D0/><U6/><E6/><V8/><F115/><W3/><G126/><T97/><D13/><U39/><E90/><V119/><F119/><W129/><G79/><T109/><D38/><U130/><E130/><V5/><F113/><W36/><G36/><T53/><D43/><N who="2" m="16426" /><F27/><W73/><G73/><T20/><D33/><U24/><E24/><V100/><F100/><W105/><G105/><N who="0" m="63727" /><D98/><U21/><E39/><V75/><F75/><W91/><G129/><T1/><D1/><U66/><E77/><V89/><F94/><W11/><G19/><AGARI ba="1,0" hai="19,20,26,44,45,46,51,53,108,109,110" m="63727" machi="19" ten="30,1000,0" yaku="14,1" doraHai="32" who="0" fromWho="3" sc="394,13,230,0,146,0,230,-13" /><INIT seed="3,0,0,5,2,121" ten="407,230,146,217" oya="3" hai0="66,120,17,79,8,116,104,86,76,40,57,83,56" hai1="77,44,36,42,109,19,123,129,105,33,61,90,4" hai2="31,38,34,114,14,39,73,2,28,62,64,54,91" hai3="45,51,16,15,71,131,101,25,128,103,126,7,20"/><W35/><G71/><T115/><D120/><U1/><E33/><V93/><F2/><W81/><G126/><T41/><D104/><U78/><E105/><V6/><F114/><W80/><G80/><T63/><D116/><U50/><E123/><V48/><F73/><W99/><G81/><T95/><D115/><U59/><E129/><N who="3" m="49738" /><G99/><T134/><D134/><U89/><E36/><V88/><F38/><W124/><G124/><T102/><D76/><U108/><E19/><V94/><F39/><W118/><G118/><T46/><D56/><U30/><E30/><V87/><F34/><W117/><G117/><T58/><D58/><U98/><E4/><V47/><F6/><W110/><G110/><N who="1" m="42602" /><E1/><V133/><F14/><W0/><G0/><T22/><D8/><U65/><E98/><V70/><REACH who="2" step="1"/><F133/><REACH who="2" ten="407,230,136,217" step="2"/><W112/><G112/><T100/><D17/><U43/><E43/><V69/><F69/><W11/><G35/><T24/><D41/><AGARI ba="0,1" hai="7,11,15,16,20,25,41,45,51,101,103" m="49738" machi="41" ten="30,2900,0" yaku="19,1,54,1" doraHai="121" who="3" fromWho="0" sc="407,-29,230,0,136,0,217,39" /><INIT seed="3,1,0,2,2,11" ten="378,230,136,256" oya="3" hai0="63,61,108,54,16,88,76,19,14,97,96,20,47" hai1="48,46,69,53,81,91,64,124,132,110,67,117,90" hai2="10,84,17,30,113,59,1,58,114,55,44,2,51" hai3="135,71,112,35,50,36,57,130,107,28,29,22,62"/><W18/><G112/><T31/><D108/><U74/><E110/><V49/><F30/><W42/><G35/><T23/><D31/><U33/><E33/><V104/><F104/><W32/><G107/><T85/><D76/><U52/><E124/><V70/><F70/><W27/><G130/><T26/><D47/><U24/><E132/><V0/><F114/><W126/><G135/><T8/><D8/><U121/><E121/><V123/><F123/><W105/><G105/><T79/><D79/><U128/><E128/><V9/><F113/><W95/><G126/><T98/><D54/><U127/><E127/><V66/><F66/><W103/><G36/><T83/><AGARI ba="1,0" hai="14,16,19,20,23,26,61,63,83,85,88,96,97,98" machi="83" ten="30,8000,1" yaku="0,1,8,1,52,1,54,2" doraHai="11" who="0" fromWho="0" sc="378,83,230,-21,136,-21,256,-41" owari="461,56.1,209,-19.1,115,-38.5,215,1.5" /></mjloggm>