<mjloggm ver="2.3"><GO type="225" lobby="0"/><UN n0="%E5%A4%9C%E5%85%89%E5%A4%A9%E6%A5%BC" n1="%52%61%69%61%6E%2E" n2="%E3%83%81%E3%83%AF%E3%83%AF%E9%9A%8A%E9%95%B7" n3="%E3%81%BF%E3%81%BF%E3%81%9A" dan="16,16,16,18" rate="2137.55,2052.44,2171.48,2253.06" sx="M,M,M,M"/><TAIKYOKU oya="0"/><INIT seed="0,0,0,4,5,40" ten="250,250,250,250" oya="0" hai0="16,6,18,26,46,130,44,124,91,81,118,71,11" hai1="122,30,19,95,25,72,108,89,78,86,75,127,90" hai2="70,48,125,57,67,22,5,54,68,34,111,51,101" hai3="73,1,82,64,2,8,29,115,13,97,80,52,129"/><T59/><D118/><U63/><E122/><V123/><F34/><W27/><G115/><T99/><D71/><N who="2" m="27178" /><F5/><W87/><G64/><T135/><D135/><U132/><E132/><V126/><F22/><W17/><G129/><T109/><D130/><U61/><E78/><V102/><F101/><W41/><G41/><T10/><D124/><N who="2" m="47722" /><F102/><W83/><G73/><T12/><D59/><U9/><E127/><V32/><F32/><W33/><G97/><T49/><D109/><U96/><E108/><V15/><F15/><W134/><G134/><T28/><D11/><U84/><E96/><V35/><F35/><W77/><G1/><T42/><D46/><U121/><E121/><V53/><F111/><W4/><REACH who="3" step="1"/><G52/><REACH who="3" ten="250,250,250,240" step="2"/><N who="2" m="20073" /><F123/><W128/><G128/><T103/><D99/><U88/><E72/><V20/><F20/><AGARI ba="0,1" hai="2,4,8,13,17,20,27,29,33,77,80,82,83,87" machi="20" ten="30,7700,0" yaku="1,1,7,1,24,2,53,0" doraHai="40" doraHaiUra="100" who="3" fromWho="2" sc="250,0,250,0,250,-77,240,87" /><INIT seed="1,0,0,1,4,78" ten="250,250,173,327" oya="1" hai0="99,26,61,48,79,135,74,4,28,115,76,91,18" hai1="101,84,68,71,20,87,107,34,40,111,113,17,58" hai2="64,88,67,80,92,9,94,132,72,127,116,25,13" hai3="85,131,123,62,8,46,23,24,75,70,121,130,3"/><U49/><E113/><V114/><F116/><W44/><G75/><T29/><D115/><U105/><E34/><V126/><F114/><W103/><G103/><T125/><D4/><U112/><E112/><V12/><F132/><W19/><G85/><T90/><D135/><U66/><E111/><V43/><F43/><W97/><G97/><T21/><D125/><N who="2" m="47626" /><F25/><W86/><G86/><T54/><D61/><U102/><E40/><V60/><F94/><W106/><G106/><T0/><D0/><U41/><E41/><V47/><F47/><N who="3" m="17963" /><G3/><T93/><D91/><U51/><E20/><V33/><F33/><W133/><G8/><T83/><D79/><U73/><E58/><AGARI ba="0,0" hai="18,21,26,28,29,48,54,58,74,76,83,90,93,99" machi="58" ten="30,2000,0" yaku="7,1,52,1" doraHai="78" who="0" fromWho="1" sc="250,20,250,-20,173,0,327,0" /><INIT seed="2,0,0,4,0,49" ten="270,230,173,327" oya="2" hai0="113,16,128,18,105,107,30,26,63,5,29,81,7" hai1="15,19,13,95,133,111,39,102,60,10,119,36,31" hai2="64,129,42,92,48,124,135,122,37,114,9,35,32" hai3="44,77,4,67,11,59,103,8,79,88,116,6,101"/><V33/><F114/><W100/><G116/><T72/><D113/><U82/><E119/><V131/><F122/><W76/><G44/><T38/><D38/><U73/><E111/><V80/><F37/><W71/><G71/><T68/><D30/><U104/><E104/><V62/><F124/><W50/><G88/><T23/><D105/><U24/><E133/><V126/><F126/><W3/><G67/><T41/><D41/><U12/><E36/><V123/><F123/><W56/><G50/><T1/><D107/><U117/><E39/><V125/><F125/><W21/><G21/><T118/><D128/><N who="2" m="49226" /><F135/><W61/><G61/><T0/><D0/><AGARI ba="0,0" hai="0,3,4,6,8,11,56,59,76,77,79,100,101,103" machi="0" ten="40,1300,0" yaku="9,1" doraHai="49" who="3" fromWho="0" sc="270,-13,230,0,173,0,327,13" /><INIT seed="3,0,0,1,5,77" ten="257,230,173,340" oya="3" hai0="103,32,25,73,119,24,21,17,109,6,96,97,100" hai1="126,57,9,10,65,26,36,86,71,12,20,66,118" hai2="76,42,1,0,45,4,91,133,39,108,60,105,64" hai3="127,14,67,51,92,72,50,3,79,69,113,98,124"/><W43/><G113/><T47/><D119/><U55/><E71/><V132/><F108/><W88/><G3/><T125/><D73/><U48/><E36/><V7/><F91/><W104/><G14/><T107/><D109/><U54/><E118/><V122/><F122/><W30/><G30/><T116/><D116/><U106/><E106/><V94/><F94/><W99/><G67/><T33/><D125/><N who="3" m="48201" /><G43/><T129/><D129/><U27/><E126/><V59/><F105/><W16/><G16/><T11/><D47/><U87/><E12/><V115/><F115/><W85/><G69/><T112/><D25/><U56/><E48/><N who="3" m="18474" /><G104/><T114/><D114/><U61/><REACH who="1" step="1"/><E20/><REACH who="1" ten="257,220,173,340" step="2"/><V75/><F0/><W134/><G134/><T89/><D112/><U82/><E82/><AGARI ba="0,1" hai="72,79,82,85,88,92,98,99" m="18474,48201" machi="82" ten="30,5800,0" yaku="18,1,52,1,54,1" doraHai="77" who="3" fromWho="1" sc="257,0,220,-58,173,0,340,68" owari="257,5.7,162,-33.8,173,-22.7,408,50.8" /></mjloggm>