<mjloggm ver="2.3"><GO type="225" lobby="0"/><UN n0="%E3%81%B5%E3%81%98%E3%81%8B%E3%81%A4" n1="%E6%B4%BE%E9%81%A3%E3%81%AE%E3%82%B8%E3%83%A3%E3%83%83%E3%82%AF" n2="%E3%82%8C%E3%81%99%E3%81%93" n3="%E7%89%B9%E6%9D%B1%E3%81%AF%E4%B8%96%E7%95%8C%E3%82%92%E6%95%91%E3%81%86" dan="16,17,16,16" rate="2165.05,2234.19,2092.72,2142.09" sx="M,M,F,M"/><TAIKYOKU oya="0"/><INIT seed="0,0,0,5,2,14" ten="250,250,250,250" oya="0" hai0="123,70,67,80,75,59,110,48,46,12,37,131,97" hai1="15,85,1,51,62,18,23,132,64,81,122,31,87" hai2="88,78,104,33,115,103,20,39,92,55,94,99,68" hai3="113,45,89,43,114,58,71,29,101,36,5,28,105"/><T108/><D123/><U118/><E122/><V111/><F115/><W54/><G5/><T106/><D131/><U69/><E1/><V127/><F111/><N who="0" m="42538" /><D37/><U4/><E4/><V10/><F33/><W38/><G38/><T134/><D134/><U22/><E118/><V13/><F39/><W98/><G71/><T116/><D116/><U52/><E132/><V57/><F68/><W135/><G135/><T119/><D119/><U9/><E31/><V47/><F127/><W102/><G102/><N who="0" m="62799" /><D70/><U124/><E85/><V66/><F78/><W63/><G114/><T82/><D75/><U7/><E7/><V86/><F66/><W74/><G74/><T24/><D24/><U109/><E124/><V90/><F47/><W56/><G113/><T77/><D77/><U3/><E3/><V61/><F20/><W130/><G130/><T41/><D12/><U129/><E129/><V91/><REACH who="2" step="1"/><F104/><REACH who="2" ten="250,250,240,250" step="2"/><W100/><G105/><T11/><D11/><U0/><E109/><V27/><F27/><W79/><G79/><T6/><D6/><AGARI ba="0,1" hai="6,10,13,55,57,61,86,88,90,91,92,94,99,103" machi="6" ten="30,8000,1" yaku="1,1,7,1,8,1,54,1,53,1" doraHai="14" doraHaiUra="50" who="2" fromWho="0" sc="250,-80,250,0,240,90,250,0" /><INIT seed="1,0,0,4,0,118" ten="170,250,330,250" oya="1" hai0="6,106,135,122,98,13,12,95,42,116,130,75,24" hai1="76,119,48,44,9,72,40,0,60,8,96,97,19" hai2="84,15,33,18,67,115,23,99,59,63,131,25,43" hai3="3,88,112,27,26,100,127,53,132,34,20,5,79"/><U36/><E119/><V4/><F131/><W49/><G112/><T61/><D116/><U78/><E60/><V128/><F128/><W91/><G132/><T62/><D106/><U87/><E36/><V77/><F115/><W45/><G127/><T41/><D130/><U71/><E71/><V32/><F43/><W125/><G125/><T105/><D105/><U103/><E72/><V83/><F4/><W21/><G100/><T35/><D135/><U17/><E0/><V28/><REACH who="2" step="1"/><F99/><REACH who="2" ten="170,250,320,250" step="2"/><W93/><G5/><T14/><D6/><U10/><E96/><V22/><AGARI ba="0,1" hai="15,18,22,23,25,28,32,33,59,63,67,77,83,84" machi="22" ten="20,12000,2" yaku="1,1,2,1,0,1,7,1,53,2" doraHai="118" doraHaiUra="31" who="2" fromWho="2" sc="170,-30,250,-60,320,130,250,-30" /><INIT seed="2,0,0,2,2,54" ten="140,190,450,220" oya="2" hai0="83,58,56,79,25,93,100,111,31,78,120,10,72" hai1="65,102,12,105,130,51,2,68,47,123,0,85,4" hai2="7,107,15,82,24,45,106,73,39,134,117,112,84" hai3="126,16,62,13,9,14,124,50,64,131,61,19,69"/><V92/><F112/><W43/><G131/><T87/><D120/><U114/><E130/><V8/><F117/><W44/><REACH who="3" step="1"/><G62/><REACH who="3" ten="140,190,450,210" step="2"/><T22/><D111/><U74/><E123/><V128/><F128/><W67/><G67/><T71/><D71/><U76/><E65/><V77/><F134/><W23/><AGARI ba="0,1" hai="9,13,14,16,19,23,43,44,50,61,64,69,124,126" machi="23" ten="30,7900,0" yaku="1,1,0,1,54,1,53,1" doraHai="54" doraHaiUra="59" who="3" fromWho="3" sc="140,-20,190,-20,450,-39,210,89" /><INIT seed="3,0,0,2,2,48" ten="120,170,411,299" oya="3" hai0="87,29,78,4,69,52,130,135,60,126,65,98,123" hai1="41,16,33,89,23,90,108,70,3,43,45,17,51" hai2="57,110,86,106,30,100,118,132,129,54,133,24,18" hai3="127,21,68,7,44,34,8,9,11,47,102,67,111"/><W66/><G34/><T63/><D123/><U114/><E114/><V88/><F110/><W134/><G134/><N who="2" m="51817" /><F118/><W55/><G127/><T124/><D135/><U117/><E108/><V14/><F129/><W97/><G111/><T103/><D130/><U28/><E3/><V62/><F100/><W92/><G7/><T0/><D29/><U42/><E70/><V125/><F106/><W39/><G39/><T113/><D113/><U74/><E74/><V131/><F131/><W13/><G68/><T91/><D78/><U38/><E117/><V50/><F125/><N who="0" m="48234" /><D4/><U101/><E101/><V27/><F62/><W15/><G44/><T112/><D112/><U6/><E6/><V83/><F30/><W40/><G40/><N who="1" m="15466" /><E33/><V58/><F58/><W81/><G81/><N who="0" m="49647" /><D0/><U85/><E38/><V64/><F64/><N who="3" m="24619" /><G21/><AGARI ba="0,0" hai="14,18,21,24,27,50,54,57,83,86,88" m="51817" machi="21" ten="30,3900,0" yaku="20,1,52,1,54,1" doraHai="48" who="2" fromWho="3" sc="120,0,170,0,411,39,299,-39" owari="120,-38.0,170,-23.0,450,55.0,260,6.0" /></mjloggm>