<mjloggm ver="2.3"><GO type="225" lobby="0"/><UN n0="%E4%BA%BA%E9%96%93%E3%83%81%E3%83%A3%E3%83%BC%E3%83%8F%E3%83%B3" n1="%E5%A4%9C%E5%85%89%E5%A4%A9%E6%A5%BC" n2="%73%73%6B%5F%66%72%65%65" n3="%33%74%72%65%65" dan="16,17,16,16" rate="2081.09,2134.38,2109.73,2162.62" sx="M,M,M,F"/><TAIKYOKU oya="0"/><INIT seed="0,0,0,5,4,39" ten="250,250,250,250" oya="0" hai0="101,18,133,95,85,97,80,47,93,73,115,94,0" hai1="66,51,110,61,71,50,69,108,128,59,129,26,67" hai2="84,111,107,126,122,96,57,45,92,28,53,62,30" hai3="116,125,120,8,109,114,99,20,102,105,131,135,7"/><T9/><D115/><U22/><E26/><V121/><F111/><N who="1" m="42537" /><E22/><V60/><F126/><W56/><G109/><T32/><D32/><U134/><E134/><V5/><F107/><W40/><G114/><T90/><D133/><U82/><E82/><V27/><F5/><W65/><G135/><T119/><D119/><U11/><E11/><V48/><F30/><W117/><G125/><T106/><D47/><U3/><E3/><V17/><F17/><W89/><G131/><N who="1" m="50250" /><E67/><V34/><F84/><W35/><G20/><T13/><REACH who="0" step="1"/><D0/><REACH who="0" ten="240,250,250,250" step="2"/><U12/><E12/><V76/><F122/><W78/><G120/><T112/><D112/><U24/><E24/><V19/><F121/><W36/><G35/><T103/><D103/><U2/><E2/><V87/><F34/><W6/><G102/><T123/><D123/><U41/><E41/><V33/><F33/><W44/><G40/><T43/><D43/><U124/><E124/><V127/><F127/><W55/><G116/><T1/><D1/><U25/><E25/><V118/><F118/><W21/><G117/><T49/><D49/><AGARI ba="0,1" hai="49,50,51,59,61,66,69,71" m="50250,42537" machi="49" ten="30,7700,0" yaku="14,1,19,1,34,2" doraHai="39" who="1" fromWho="0" sc="240,-77,250,87,250,0,250,0" /><INIT seed="1,0,0,4,3,121" ten="163,337,250,250" oya="1" hai0="109,86,21,3,8,61,13,100,122,1,64,99,127" hai1="90,18,59,94,43,52,32,2,133,0,7,51,102" hai2="57,76,41,80,88,103,9,75,108,36,25,40,84" hai3="22,29,14,101,68,71,58,105,82,91,113,128,131"/><U37/><E133/><V117/><F117/><W77/><G113/><T66/><D122/><U62/><E32/><V132/><F132/><W49/><G91/><T124/><D21/><U10/><E102/><V96/><F36/><W74/><G101/><T89/><D13/><U104/><E104/><V93/><F108/><W38/><G38/><T65/><D61/><U39/><E2/><V135/><F135/><W4/><G105/><N who="0" m="63647" /><D8/><U45/><E18/><V11/><F25/><N who="3" m="16567" /><G58/><T70/><D70/><U34/><REACH who="1" step="1"/><E34/><REACH who="1" ten="163,327,250,250" step="2"/><V129/><F103/><W28/><G28/><T83/><D3/><U111/><E111/><V20/><F129/><N who="3" m="49739" /><G49/><T98/><D1/><U17/><E17/><V73/><F73/><W120/><G120/><T56/><D109/><U79/><E79/><V55/><F75/><W35/><G35/><T126/><D98/><AGARI ba="0,1" hai="0,7,10,37,39,43,45,51,52,59,62,90,94,98" machi="98" ten="30,5800,0" yaku="1,1,7,1,54,1,53,0" doraHai="121" doraHaiUra="119" who="1" fromWho="0" sc="163,-58,327,68,250,0,250,0" /><INIT seed="1,1,0,1,0,41" ten="105,395,250,250" oya="1" hai0="18,83,133,102,62,111,125,104,94,46,20,65,51" hai1="120,29,48,3,71,79,80,118,1,95,105,76,5" hai2="82,81,32,130,58,112,50,69,6,57,25,54,84" hai3="106,33,113,127,40,70,117,64,17,8,123,52,2"/><U36/><E118/><V96/><F130/><W47/><G123/><T114/><D111/><U88/><E105/><V116/><F116/><W107/><G113/><T132/><D125/><U23/><E36/><V131/><F131/><W49/><G117/><T56/><D114/><U42/><E71/><V98/><F69/><W72/><G127/><T14/><D104/><U87/><E5/><V7/><F112/><W66/><G72/><T97/><REACH who="0" step="1"/><D83/><REACH who="0" ten="95,395,250,250" step="2"/><U34/><E80/><V73/><F81/><W93/><G107/><T103/><D103/><U129/><E120/><V134/><F73/><W92/><G106/><T126/><D126/><U119/><E119/><V121/><F121/><W37/><G93/><T99/><D99/><U77/><E129/><V90/><F98/><W85/><G92/><T91/><D91/><U61/><E88/><V30/><F96/><W4/><G85/><T68/><D68/><U115/><E95/><V53/><REACH who="2" step="1"/><F134/><REACH who="2" ten="95,395,240,250" step="2"/><W35/><G70/><T26/><D26/><U15/><E115/><V75/><F75/><W60/><G66/><T110/><D110/><U16/><E87/><V101/><F101/><W21/><G64/><T122/><D122/><U27/><E77/><V74/><F74/><W43/><G60/><AGARI ba="1,2" hai="6,7,25,30,32,50,53,54,57,58,60,82,84,90" machi="60" ten="30,2000,0" yaku="1,1,7,1,53,0" doraHai="41" doraHaiUra="10" who="2" fromWho="3" sc="95,0,395,0,240,43,250,-23" /><INIT seed="2,0,0,5,3,121" ten="95,395,283,227" oya="2" hai0="58,13,130,67,93,74,70,65,44,72,78,81,135" hai1="87,37,82,84,40,108,19,126,4,106,85,9,105" hai2="88,47,8,134,63,20,5,56,26,61,0,11,110" hai3="43,83,97,98,32,118,79,92,24,62,124,90,33"/><V77/><F134/><W71/><G118/><T41/><D135/><U45/><E108/><V125/><F125/><W35/><G124/><T133/><D133/><U6/><E126/><V100/><F100/><W38/><G98/><T122/><D122/><U16/><E82/><V17/><F77/><W101/><G101/><T60/><D130/><U120/><E6/><V131/><F131/><W95/><G95/><T46/><D74/><U14/><E120/><V55/><F110/><W116/><G116/><T99/><D13/><U7/><E7/><V128/><F128/><W123/><G123/><T86/><D72/><U75/><E75/><V109/><F109/><W117/><G117/><T89/><D70/><U68/><E68/><V129/><F129/><W30/><G43/><T10/><D10/><U73/><E73/><V25/><F11/><W50/><G50/><T94/><D94/><U12/><E4/><V29/><F47/><W127/><G38/><T22/><D22/><U132/><E132/><V96/><F63/><W28/><G28/><T112/><D112/><U59/><E59/><V111/><F111/><W76/><G127/><T80/><D80/><U1/><E1/><V115/><F115/><W39/><G39/><N who="0" m="21567" /><D46/><U104/><E104/><V91/><REACH who="2" step="1"/><F96/><REACH who="2" ten="95,395,273,227" step="2"/><W57/><G79/><T27/><D67/><U34/><E45/><V53/><F53/><W21/><G76/><T114/><D114/><U64/><E64/><V54/><F54/><W113/><G113/><T31/><D31/><U103/><E9/><V36/><F36/><W66/><G71/><T2/><D2/><RYUUKYOKU ba="0,1" sc="95,10,395,-30,273,10,227,10" hai0="27,58,60,65,78,81,86,89,93,99" hai2="0,5,8,17,20,25,26,29,55,56,61,88,91" hai3="21,24,30,32,33,35,57,62,66,83,90,92,97" /><INIT seed="2,1,1,4,2,19" ten="105,365,283,237" oya="2" hai0="38,54,107,74,55,15,99,108,95,87,30,62,100" hai1="47,63,121,132,65,43,103,45,92,0,116,124,104" hai2="67,84,97,109,28,9,98,70,39,49,42,80,106" hai3="40,31,11,16,8,25,90,6,83,123,73,77,56"/><V20/><F39/><W69/><G69/><T119/><D108/><U52/><E116/><V21/><F106/><W134/><G123/><T89/><D119/><U91/><E0/><V79/><F109/><W94/><G134/><T86/><D38/><U78/><E78/><V48/><F28/><W61/><G40/><T128/><D128/><U35/><E35/><V5/><F70/><W125/><G125/><T32/><D74/><U2/><E2/><V71/><F67/><W50/><G50/><N who="2" m="19561" /><F42/><W126/><G126/><T10/><D87/><U29/><E65/><V117/><F71/><W41/><G41/><T75/><D62/><U33/><E43/><V82/><F82/><W76/><G6/><T118/><D118/><U60/><E124/><V120/><F120/><W115/><G31/><T133/><D133/><U102/><E121/><V4/><F117/><W22/><G77/><T64/><D64/><U131/><E132/><V13/><F4/><W111/><G115/><T105/><D105/><U135/><E135/><V36/><F36/><W57/><G111/><T24/><REACH who="0" step="1"/><D75/><REACH who="0" ten="95,365,283,237" step="2"/><U101/><E104/><V81/><F81/><W96/><G57/><T7/><AGARI ba="1,2" hai="7,10,15,24,30,32,54,55,86,89,95,99,100,107" machi="7" ten="20,8000,1" yaku="1,1,2,1,0,1,7,1,53,1" doraHai="19" doraHaiUra="27" who="0" fromWho="0" sc="95,103,365,-21,283,-41,237,-21" /><INIT seed="3,0,0,3,4,10" ten="198,344,242,216" oya="3" hai0="73,78,28,122,19,17,128,54,3,68,29,135,39" hai1="90,131,24,87,6,129,132,7,31,100,84,67,4" hai2="115,116,80,20,47,109,112,38,75,49,77,1,11" hai3="22,12,85,70,36,27,69,2,35,0,16,123,18"/><W120/><G36/><T72/><D122/><N who="3" m="46633" /><G70/><T124/><D3/><N who="3" m="1065" /><G85/><T57/><D124/><U37/><E37/><V108/><F116/><W14/><G69/><T66/><D128/><U95/><E87/><V55/><F38/><W30/><G18/><T126/><D126/><U81/><E67/><V60/><F60/><W74/><G74/><N who="0" m="28779" /><D78/><U56/><E56/><V58/><F58/><W64/><G64/><T133/><D68/><U33/><E100/><V114/><F20/><W99/><G99/><T134/><D66/><U43/><E43/><V103/><F103/><W113/><G113/><T48/><D39/><U107/><E95/><V71/><F71/><W125/><G125/><T96/><D96/><U61/><E61/><V13/><F1/><W117/><G117/><T62/><D62/><U8/><E107/><V50/><F50/><W97/><G97/><T94/><D94/><U79/><E79/><V63/><F63/><W105/><G105/><T9/><D9/><U88/><E84/><V51/><F51/><W119/><G119/><T86/><D86/><U118/><E8/><V104/><F104/><W111/><G111/><N who="2" m="42569" /><F115/><W65/><G65/><T98/><D98/><U42/><E118/><V59/><F59/><W46/><G46/><T45/><D45/><U110/><E110/><V92/><F92/><W21/><G21/><T127/><D127/><U106/><E106/><V23/><F23/><W121/><G121/><T89/><D89/><U32/><E90/><V44/><F44/><W26/><AGARI ba="0,0" hai="12,14,16,22,26,27,30,35" m="1065,46633" machi="26" ten="40,12000,1" yaku="34,2,52,2,54,1" doraHai="10" who="3" fromWho="3" sc="198,-40,344,-40,242,-40,216,120" owari="158,-34.2,304,10.4,202,-19.8,336,43.6" /></mjloggm>