<mjloggm ver="2.3"><GO type="225" lobby="0"/><UN n0="%73%6C%69%63%6B%33%31%39" n1="%E5%84%AA%40%41%42%43" n2="%E9%80%9F%E6%B0%B4%E5%87%9B%E9%A6%99" n3="%E3%82%BC%E3%83%AB%E3%83%80%E3%81%AE%E4%BC%9D%E8%AA%AC" dan="16,17,16,16" rate="2173.68,2234.05,2074.47,2126.93" sx="M,M,F,M"/><TAIKYOKU oya="0"/><INIT seed="0,0,0,5,5,39" ten="250,250,250,250" oya="0" hai0="62,109,78,66,110,95,107,46,72,83,18,26,43" hai1="116,53,121,25,80,108,40,94,10,48,17,45,55" hai2="9,90,41,99,38,23,67,33,13,79,63,64,8" hai3="0,2,42,59,44,88,71,96,15,120,81,113,28"/><T105/><D105/><U86/><BYE who="0" /><E116/><V124/><F33/><W60/><G113/><T131/><D131/><U56/><E108/><V126/><F79/><W61/><G120/><T127/><D127/><N who="2" m="48682" /><F23/><W134/><G134/><T73/><D73/><U29/><E121/><V35/><F35/><W82/><G28/><T30/><D30/><U50/><E94/><N who="2" m="56791" /><F8/><UN n0="%73%6C%69%63%6B%33%31%39" /><W16/><G71/><T89/><D107/><U114/><E114/><V92/><F92/><N who="3" m="56327" /><G2/><T70/><D18/><U132/><E132/><V103/><F103/><W84/><G0/><T93/><D26/><U75/><E75/><V119/><F119/><W135/><G135/><T112/><D112/><U97/><E97/><V57/><F38/><W129/><G129/><T118/><D118/><U117/><E117/><V91/><F91/><N who="3" m="51599" /><G82/><T47/><D47/><N who="1" m="25703" /><E29/><V69/><F69/><W85/><G85/><T115/><D115/><U76/><E25/><V128/><F128/><W130/><G130/><T32/><D32/><U11/><E17/><N who="2" m="8367" /><F67/><W74/><G74/><T4/><D4/><U1/><E1/><V6/><F6/><W102/><G102/><T36/><REACH who="0" step="1"/><D95/><REACH who="0" ten="240,250,250,250" step="2"/><U58/><E45/><V12/><F12/><W3/><G3/><T37/><D37/><U22/><E22/><V5/><F5/><W27/><G27/><T106/><D106/><U123/><E123/><V21/><F21/><W51/><G15/><T77/><D77/><U54/><E11/><V24/><F24/><W87/><G16/><T125/><D125/><U34/><E10/><V122/><F122/><W98/><G44/><T7/><D7/><RYUUKYOKU ba="0,1" sc="240,15,250,-15,250,15,250,-15" hai0="36,43,46,62,66,70,72,78,83,89,93,109,110" hai2="41,57,63,64" /><INIT seed="0,1,1,5,3,120" ten="255,235,265,235" oya="0" hai0="42,33,131,108,127,58,97,128,90,51,99,26,57" hai1="28,113,68,135,91,37,34,112,110,123,76,45,55" hai2="43,70,80,83,22,35,71,61,75,19,96,31,133" hai3="5,81,89,39,104,50,111,54,109,2,84,15,48"/><T4/><D127/><U12/><E123/><V18/><F43/><W103/><G39/><T62/><D4/><U107/><E135/><V124/><F35/><W14/><G2/><T88/><D33/><U25/><E107/><V69/><F124/><W106/><G48/><T67/><D26/><U16/><E68/><V8/><F8/><N who="3" m="4367" /><G15/><T100/><D108/><N who="3" m="41545" /><G103/><T49/><D67/><U98/><E110/><V59/><F75/><W46/><AGARI ba="1,1" hai="46,50,54,81,84,89,104,106" m="41545,4367" machi="46" ten="30,7900,0" yaku="14,1,52,3" doraHai="120" who="3" fromWho="3" sc="255,-40,235,-21,265,-21,235,92" /><INIT seed="1,0,0,0,3,103" ten="215,214,244,327" oya="1" hai0="45,28,60,105,113,70,76,56,38,99,31,42,6" hai1="133,86,69,50,109,35,118,19,20,8,21,93,106" hai2="131,101,53,26,7,100,14,134,48,13,90,116,130" hai3="111,39,24,135,84,33,126,79,55,94,125,3,47"/><U88/><E118/><V110/><F116/><W89/><G3/><T4/><D113/><U36/><E36/><V108/><F90/><W114/><G114/><T2/><D70/><U67/><E35/><V9/><F26/><W15/><G111/><N who="2" m="42537" /><F134/><W107/><G135/><T62/><D60/><U32/><E32/><V34/><F34/><W82/><G107/><T74/><D6/><U65/><E109/><V98/><F14/><W58/><G15/><T27/><D99/><U73/><E133/><V54/><F100/><W25/><G47/><T92/><D92/><U91/><E73/><V96/><F96/><N who="3" m="57423" /><G39/><T132/><D132/><U51/><E69/><V119/><F119/><W71/><G71/><T80/><D105/><U0/><E106/><N who="2" m="63799" /><F48/><N who="1" m="18473" /><E0/><V23/><F23/><N who="1" m="8777" /><E91/><V117/><F117/><W115/><G33/><T112/><D112/><U121/><E121/><V85/><F85/><W12/><G115/><T17/><D27/><U83/><E93/><V44/><F44/><W97/><G12/><AGARI ba="0,0" hai="8,12,19,65,67,83,86,88" m="8777,18473" machi="12" ten="30,2900,0" yaku="8,1,54,1" doraHai="103" who="1" fromWho="3" sc="215,0,214,29,244,0,327,-29" /><INIT seed="1,1,0,5,3,21" ten="215,243,244,298" oya="1" hai0="50,123,22,5,95,124,106,3,131,25,85,46,133" hai1="69,97,129,55,33,87,92,60,13,14,51,16,19" hai2="135,103,93,7,52,105,4,125,112,64,18,53,10" hai3="100,78,26,6,121,130,34,98,23,0,41,1,73"/><U67/><E129/><V74/><F105/><W40/><G121/><T108/><D106/><U28/><E33/><V82/><F74/><W77/><G34/><T72/><D72/><U115/><E115/><V12/><F112/><W8/><G0/><T101/><D131/><U38/><E38/><V37/><F37/><W109/><G130/><T71/><D71/><U84/><E28/><V114/><F135/><W62/><G109/><T80/><D108/><U79/><E79/><V122/><F122/><W86/><G73/><T81/><D123/><U32/><E32/><V118/><F118/><W76/><G62/><T31/><D124/><U94/><E94/><V59/><F125/><W110/><G86/><T36/><D36/><U104/><E104/><V45/><F82/><W2/><G2/><T127/><D133/><U134/><E134/><V39/><F39/><W116/><G116/><T35/><D35/><U111/><E13/><V48/><F64/><W15/><G1/><T117/><D127/><U29/><E29/><V68/><F68/><W27/><G110/><T102/><D95/><U70/><E69/><V30/><F30/><N who="3" m="17759" /><G27/><T128/><D117/><U61/><E60/><N who="2" m="35943" /><F114/><W20/><G20/><T119/><D119/><U63/><E61/><V47/><F47/><W43/><G78/><N who="0" m="46231" /><D81/><U99/><E111/><V65/><F65/><W58/><G58/><T57/><D57/><N who="1" m="33023" /><E14/><V17/><F4/><W9/><G9/><N who="0" m="2239" /><D128/><U89/><E84/><V88/><F103/><W54/><G54/><N who="0" m="30039" /><D102/><U91/><E89/><V75/><F75/><W107/><G107/><T24/><D101/><RYUUKYOKU ba="1,0" sc="215,0,243,0,244,0,298,0" hai0="22,24,25,31" hai1="16,19,63,67,70,87,91,92,97,99" hai2="7,10,12,17,18,45,48,53,88,93" hai3="6,8,15,40,41,43,76,77,98,100" /><INIT seed="1,2,0,0,0,58" ten="215,243,244,298" oya="1" hai0="32,39,55,77,16,31,76,46,15,112,89,67,52" hai1="64,54,91,130,43,121,10,60,111,23,65,30,33" hai2="17,126,6,28,103,102,98,3,50,9,90,105,119" hai3="56,131,123,82,7,109,51,84,53,8,38,0,135"/><U94/><E121/><V25/><F119/><W78/><G123/><T104/><D112/><U115/><E115/><V22/><F126/><W117/><G117/><T93/><D104/><U66/><E33/><V61/><F50/><W29/><G109/><T1/><D1/><U127/><E130/><V47/><F47/><W68/><G131/><T124/><D124/><U69/><E127/><V49/><F49/><W5/><G135/><T27/><D67/><U100/><E100/><V18/><F90/><W74/><G38/><T114/><D114/><U59/><E43/><V44/><F44/><W96/><G68/><T48/><D55/><U134/><E134/><V19/><F103/><W35/><G7/><T87/><REACH who="0" step="1"/><D39/><REACH who="0" ten="205,243,244,298" step="2"/><U73/><E111/><V41/><F41/><W21/><G53/><T14/><D14/><U132/><E132/><V80/><F80/><W97/><G0/><T24/><D24/><N who="1" m="16671" /><E69/><V85/><F85/><W101/><G84/><T70/><D70/><U71/><E73/><V13/><REACH who="2" step="1"/><F61/><REACH who="2" ten="205,243,234,298" step="2"/><W107/><G74/><T79/><D79/><U34/><E71/><V83/><F83/><W99/><G82/><T37/><D37/><U62/><E60/><V128/><F128/><W12/><G78/><T45/><D45/><U133/><E133/><V125/><F125/><W122/><G122/><T108/><D108/><U11/><E34/><AGARI ba="2,2" hai="3,6,9,13,17,18,19,22,25,28,34,98,102,105" machi="34" ten="30,7700,0" yaku="1,1,7,1,24,2,53,0" doraHai="58" doraHaiUra="86" who="2" fromWho="1" sc="205,0,243,-83,234,103,298,0" /><INIT seed="2,0,0,1,1,97" ten="205,160,337,298" oya="2" hai0="41,44,48,27,54,14,95,36,93,112,28,120,76" hai1="115,103,100,85,18,6,117,59,63,21,4,88,19" hai2="86,107,72,52,82,124,39,79,34,64,1,133,5" hai3="111,128,118,134,109,30,123,126,75,98,105,3,15"/><V0/><F39/><W67/><RYUUKYOKU type="yao9" ba="0,0" sc="205,0,160,0,337,0,298,0" hai3="3,15,30,67,75,98,105,109,111,118,123,126,128,134" /><INIT seed="2,1,0,5,4,54" ten="205,160,337,298" oya="2" hai0="122,111,50,15,73,83,10,112,107,49,46,92,56" hai1="1,80,65,127,43,85,24,12,48,0,41,114,126" hai2="69,25,16,36,35,59,125,84,115,67,20,47,55" hai3="93,72,45,63,79,116,58,29,117,26,106,123,33"/><V64/><F115/><W119/><G106/><T53/><D122/><U99/><E114/><V82/><F69/><W31/><G123/><T95/><D112/><U135/><E135/><V90/><F125/><N who="1" m="47625" /><E24/><V60/><REACH who="2" step="1"/><F35/><REACH who="2" ten="205,160,327,298" step="2"/><W129/><G33/><T98/><D111/><U104/><E0/><V120/><F120/><W57/><G116/><T132/><D132/><U121/><E1/><V96/><F96/><W124/><G124/><T11/><D98/><U34/><E34/><V133/><F133/><W42/><G117/><T86/><D107/><U105/><E121/><V23/><F23/><W74/><G119/><T97/><D97/><U118/><E118/><V66/><F66/><W39/><G129/><T77/><D10/><U51/><E65/><V8/><F8/><W62/><G72/><T3/><D73/><U19/><E105/><V113/><F113/><W22/><G74/><T18/><REACH who="0" step="1"/><D3/><REACH who="0" ten="195,160,327,298" step="2"/><U94/><E104/><V88/><F88/><W109/><G109/><T38/><D38/><U70/><E99/><V89/><F89/><W14/><G39/><T130/><D130/><U110/><E110/><V102/><F102/><W2/><G2/><T37/><D37/><U87/><E87/><V134/><F134/><W9/><G9/><T61/><D61/><U28/><E85/><V68/><F68/><W108/><G63/><T40/><AGARI ba="1,2" hai="11,15,18,40,46,49,50,53,56,77,83,86,92,95" machi="40" ten="20,8000,1" yaku="1,1,0,1,7,1,8,1,52,1,53,0" doraHai="54" doraHaiUra="30" who="0" fromWho="0" sc="195,103,160,-21,327,-41,298,-21" /><INIT seed="3,0,0,5,5,110" ten="298,139,286,277" oya="3" hai0="122,117,82,29,11,135,8,114,34,129,51,64,92" hai1="70,43,133,75,111,118,66,109,69,0,128,123,79" hai2="47,125,12,98,9,112,32,28,102,56,52,59,101" hai3="7,121,96,134,130,55,74,89,68,1,61,65,18"/><W15/><G121/><T131/><D122/><U5/><E123/><V126/><F112/><W78/><G134/><T23/><D114/><U88/><E133/><V36/><F28/><W73/><G130/><N who="0" m="49675" /><D135/><U90/><E128/><V46/><F32/><W127/><G127/><N who="2" m="48649" /><F59/><W80/><G1/><T22/><D117/><U72/><E118/><V107/><F102/><W50/><G7/><T63/><D92/><U76/><E43/><V119/><F36/><W2/><G2/><T25/><D51/><U99/><E0/><V49/><F119/><W3/><G3/><T58/><D82/><U113/><E99/><V21/><F21/><AGARI ba="0,0" hai="8,11,21,22,23,25,29,34,58,63,64" m="49675" machi="21" ten="30,1000,0" yaku="19,1" doraHai="110" who="0" fromWho="2" sc="298,10,139,0,286,-10,277,0" owari="308,40.8,139,-36.1,276,-12.4,277,7.7" /></mjloggm>