<mjloggm ver="2.3"><GO type="225" lobby="0"/><UN n0="%72%61%6B%33" n1="%E3%82%82%E3%81%90%E3%82%89" n2="%E6%A1%9C%E8%8A%B1%E9%96%83%E3%80%85" n3="%E6%97%A5%E6%9B%9C%E6%97%A5%E3%82%88%E3%82%8A%E3%81%AE%E4%BD%BF%E8%80%85" dan="17,17,18,17" rate="2295.66,2177.34,2271.33,2144.52" sx="M,M,M,M"/><TAIKYOKU oya="0"/><INIT seed="0,0,0,3,1,6" ten="250,250,250,250" oya="0" hai0="125,87,130,94,26,119,81,126,90,91,50,89,105" hai1="9,65,101,123,83,133,16,131,121,22,40,107,3" hai2="46,24,69,117,79,135,20,38,45,80,122,53,14" hai3="1,63,103,84,112,11,74,76,62,5,30,110,116"/><T71/><D71/><U118/><E118/><V31/><F122/><W37/><G112/><T42/><D26/><U33/><E33/><V120/><F120/><W39/><G116/><T75/><D42/><U68/><E131/><V98/><F117/><W58/><G110/><T132/><D119/><U0/><E133/><V114/><F114/><W27/><G103/><T113/><D50/><U54/><E40/><V106/><F69/><W28/><G84/><T70/><D70/><U108/><E108/><V127/><F127/><N who="0" m="48650" /><D113/><U55/><E0/><V124/><F38/><W95/><G95/><T57/><D57/><U134/><E134/><V77/><F46/><W13/><G13/><T109/><D109/><U7/><E123/><V35/><F135/><W32/><G30/><T12/><D12/><U48/><E48/><V8/><F35/><W67/><REACH who="3" step="1"/><G62/><REACH who="3" ten="250,250,250,240" step="2"/><T15/><D132/><U51/><E121/><V72/><F124/><W96/><G96/><T43/><D15/><U2/><E2/><V82/><F98/><W129/><G129/><T41/><D130/><U60/><E3/><V86/><F106/><W100/><G100/><T85/><D105/><U36/><E101/><V78/><F86/><N who="0" m="32778" /><D94/><U47/><E107/><V17/><F72/><W64/><G64/><T128/><D128/><U88/><E65/><V73/><F73/><W25/><G25/><T29/><D29/><U10/><E60/><V56/><F80/><AGARI ba="0,1" hai="1,5,11,27,28,32,37,39,58,63,67,74,76,80" machi="80" ten="40,2600,0" yaku="1,1,52,1,53,0" doraHai="6" doraHaiUra="92" who="3" fromWho="2" sc="250,0,250,0,250,-26,240,36" /><INIT seed="1,0,0,4,2,30" ten="250,250,224,276" oya="1" hai0="58,107,88,82,25,76,42,5,8,21,109,110,38" hai1="83,73,74,40,29,66,68,111,98,43,91,20,80" hai2="104,49,9,71,115,39,53,113,2,69,23,56,134" hai3="94,133,89,92,125,86,61,63,46,123,37,132,131"/><U50/><E111/><V122/><F104/><W81/><G123/><T128/><D107/><U32/><E20/><V26/><F122/><W15/><G125/><T24/><D58/><U64/><E98/><V55/><F2/><W35/><G35/><T135/><D135/><N who="3" m="51785" /><G131/><T130/><D42/><U101/><E101/><V79/><F9/><W60/><G15/><T106/><D38/><U97/><E97/><V119/><F79/><W3/><G3/><T118/><D106/><U52/><E74/><V33/><F134/><W11/><G11/><T57/><D57/><U90/><E73/><V102/><F102/><W72/><G72/><T36/><D36/><U12/><E12/><V100/><F100/><W7/><G7/><T18/><D76/><U117/><E117/><V105/><F33/><W95/><G37/><T129/><D118/><U78/><E78/><V121/><F39/><W6/><G6/><T116/><D116/><U96/><E32/><V48/><F105/><W1/><G1/><N who="0" m="47" /><D82/><N who="1" m="31275" /><E29/><N who="2" m="17631" /><F119/><W120/><G120/><T34/><D88/><N who="1" m="33835" /><E96/><V31/><F31/><AGARI ba="0,0" hai="18,21,24,25,31,34,109,110,128,129,130" m="47" machi="31" ten="40,8000,1" yaku="19,1,34,2,52,1" doraHai="30" who="0" fromWho="2" sc="250,80,250,0,224,-80,276,0" /><INIT seed="2,0,0,5,1,128" ten="330,250,144,276" oya="2" hai0="25,54,111,16,95,53,65,37,105,70,75,1,77" hai1="56,51,58,49,42,20,121,135,22,86,122,83,50" hai2="29,74,18,69,108,130,32,4,120,36,110,80,44" hai3="2,96,81,78,19,28,129,39,118,8,99,124,48"/><V103/><F120/><N who="1" m="46185" /><E42/><N who="2" m="22599" /><F18/><W72/><G118/><T91/><D1/><U90/><E135/><V27/><F130/><W123/><G123/><T112/><D105/><U17/><E22/><V87/><F87/><W61/><G129/><T125/><D95/><U46/><E46/><V21/><F103/><W104/><G39/><T55/><D91/><U10/><E10/><V116/><F116/><W131/><G131/><T119/><D77/><U84/><E84/><V100/><F100/><W12/><G2/><T5/><D75/><U0/><E0/><V76/><F4/><W41/><G28/><T52/><D5/><U34/><E34/><V97/><F97/><W45/><G104/><T14/><D14/><AGARI ba="0,0" hai="14,17,20,49,50,51,56,58,83,86,90" m="46185" machi="14" ten="30,1000,0" yaku="13,1" doraHai="128" who="1" fromWho="0" sc="330,-10,250,10,144,0,276,0" /><INIT seed="3,0,0,0,3,60" ten="320,260,144,276" oya="3" hai0="96,109,123,47,81,92,56,128,70,118,71,51,98" hai1="88,87,90,36,114,77,37,59,122,28,134,79,20" hai2="45,17,3,101,7,120,78,69,29,124,48,66,91" hai3="21,132,108,25,46,31,5,39,4,105,121,135,85"/><W62/><G121/><T103/><D123/><U2/><E2/><V130/><F120/><W64/><G105/><T50/><D118/><U100/><E114/><V33/><F124/><W119/><G119/><T89/><D109/><U9/><E122/><V44/><F130/><W104/><G104/><T112/><D112/><U129/><E129/><V54/><F78/><W58/><G108/><T15/><D128/><U133/><E100/><V111/><F111/><W110/><G110/><T106/><D15/><U80/><E9/><V11/><F91/><N who="1" m="34857" /><E79/><V19/><F45/><W73/><G73/><T127/><D127/><U82/><E82/><V13/><F19/><W68/><G68/><T74/><D74/><U27/><E59/><V22/><F101/><W102/><G102/><T30/><D81/><U23/><E23/><V40/><F40/><N who="3" m="22815" /><G85/><T43/><D70/><U83/><E83/><V63/><F69/><W42/><G42/><T41/><D71/><U84/><E84/><V75/><F75/><W10/><G10/><T34/><D56/><U67/><E67/><V86/><F86/><W107/><G107/><T57/><D57/><U32/><E20/><V16/><F17/><W126/><G126/><T93/><D106/><U38/><E38/><V125/><F125/><W1/><G1/><T95/><D95/><U14/><E14/><V116/><F116/><W26/><G26/><T117/><D117/><U61/><E61/><V0/><F0/><W35/><G35/><T18/><D34/><U76/><E76/><V97/><F33/><W72/><G72/><T6/><D103/><RYUUKYOKU ba="0,0" sc="320,-15,260,15,144,-15,276,15" hai1="27,28,32,36,37,77,80,87,133,134" hai3="4,5,21,25,31,58,62,64,132,135" /><INIT seed="3,1,0,5,3,78" ten="305,275,129,291" oya="3" hai0="23,28,69,73,83,75,98,37,55,131,72,41,113" hai1="79,122,27,81,39,66,15,48,118,97,38,18,107" hai2="34,114,44,13,45,20,57,104,50,35,90,5,77" hai3="8,84,126,30,109,65,129,12,52,106,56,54,76"/><W33/><G106/><T59/><D69/><U25/><E122/><V46/><F114/><W11/><G33/><T121/><D121/><U67/><E39/><V0/><F104/><W2/><G2/><T105/><D113/><U102/><E38/><V132/><F132/><W10/><G109/><T21/><D131/><U123/><E123/><V70/><F70/><W32/><G32/><T95/><D105/><U31/><E118/><V53/><F77/><W80/><G126/><T119/><D83/><U112/><E112/><V24/><F0/><W91/><G129/><T127/><D28/><U42/><E42/><V89/><F35/><W9/><G30/><T133/><D127/><U17/><E17/><V60/><F34/><W88/><G65/><T125/><D133/><U14/><E14/><V26/><F60/><N who="3" m="35847" /><G54/><T64/><D64/><U40/><E66/><V43/><F43/><W51/><G51/><T92/><D119/><U100/><E67/><V68/><F68/><W134/><G134/><T85/><D41/><U61/><E61/><V108/><F108/><W58/><G58/><T101/><D37/><U117/><E31/><V3/><F3/><W87/><G87/><T16/><D125/><U22/><E117/><V19/><REACH who="2" step="1"/><F24/><REACH who="2" ten="305,275,119,291" step="2"/><W7/><AGARI ba="1,1" hai="7,8,9,10,11,12,76,80,84,88,91" m="35847" machi="7" ten="30,11700,0" yaku="8,1,52,1,54,2" doraHai="78" who="3" fromWho="3" sc="305,-40,275,-40,119,-40,291,130" owari="265,6.5,235,-16.5,79,-42.1,421,52.1" /></mjloggm>