<mjloggm ver="2.3"><GO type="225" lobby="0"/><UN n0="%E5%8D%A0%E3%81%84%E5%B8%AB%E8%A3%8F%E3%81%AA%E3%81%84%E3%81%97" n1="%72%69%6F%75%63%68%61%6E" n2="%E3%82%8C%E3%81%99%E3%81%93" n3="%E7%B4%94%E6%BD%94%E3%83%94%E3%83%A9%E3%83%8B%E3%82%A2" dan="17,16,17,17" rate="2194.76,2197.89,2160.89,2188.61" sx="M,M,F,M"/><TAIKYOKU oya="0"/><INIT seed="0,0,0,1,3,68" ten="250,250,250,250" oya="0" hai0="41,81,122,39,70,72,110,82,31,2,26,75,95" hai1="116,43,77,55,88,32,109,22,125,62,130,48,107" hai2="67,11,128,14,76,12,52,9,114,24,91,87,25" hai3="132,111,84,101,40,96,13,47,29,19,58,71,134"/><T92/><D122/><U5/><E32/><V1/><F114/><W79/><G71/><T60/><D2/><U124/><E109/><V15/><F128/><W38/><G111/><T126/><D110/><U100/><E130/><V105/><F105/><W45/><G45/><T94/><D126/><N who="1" m="48747" /><E116/><V63/><F76/><W8/><G58/><T106/><D106/><U54/><E77/><V10/><F1/><W16/><G29/><T135/><D135/><N who="3" m="51753" /><G84/><T89/><D89/><U69/><E5/><V34/><F34/><W103/><G79/><T59/><D70/><U49/><E22/><V115/><F115/><W117/><G117/><T28/><D75/><U112/><E112/><V30/><F30/><W44/><G44/><T127/><D127/><U42/><E100/><N who="3" m="38474" /><G96/><T120/><D120/><U64/><E107/><V119/><F119/><W46/><G46/><N who="0" m="23871" /><D28/><U53/><E88/><V17/><F17/><AGARI ba="0,0" hai="8,13,16,17,19,38,40,47" m="38474,51753" machi="17" ten="30,3900,0" yaku="20,1,52,1,54,1" doraHai="68" who="3" fromWho="2" sc="250,0,250,0,250,-39,250,39" /><INIT seed="1,0,0,0,2,85" ten="250,250,211,289" oya="1" hai0="67,28,55,50,91,5,18,11,101,111,131,31,4" hai1="15,7,89,125,1,100,103,60,110,57,69,80,82" hai2="112,132,130,115,16,83,33,40,88,19,73,117,62" hai3="98,71,41,51,77,106,108,86,126,68,44,22,87"/><U65/><E125/><V109/><F117/><W90/><G108/><T105/><D111/><U2/><E110/><V21/><F109/><W99/><G126/><T102/><D131/><U25/><E69/><V134/><F33/><W96/><G106/><T30/><D105/><U61/><E1/><V12/><F130/><W123/><G123/><T79/><D79/><U36/><E2/><V81/><F40/><W53/><G22/><T93/><D67/><U63/><E36/><V107/><F107/><W135/><G135/><N who="2" m="51753" /><F62/><N who="1" m="24169" /><E25/><N who="2" m="14503" /><F73/><W54/><G71/><T10/><D18/><U94/><E15/><V118/><F118/><W24/><G24/><T58/><D4/><U104/><E7/><V114/><F88/><W127/><G68/><T34/><D34/><U32/><E32/><V42/><F42/><W48/><G48/><T0/><REACH who="0" step="1"/><D10/><AGARI ba="0,0" hai="10,12,19,81,83,112,114,115" m="14503,51753" machi="10" ten="40,5200,0" yaku="11,1,20,1,54,1" doraHai="85" who="2" fromWho="0" sc="250,-52,250,0,211,52,289,0" /><INIT seed="2,0,0,1,2,132" ten="198,250,263,289" oya="2" hai0="116,126,74,2,37,10,8,67,97,52,72,0,68" hai1="6,93,57,43,71,75,59,95,91,114,123,11,85" hai2="23,33,9,111,76,100,120,5,92,34,60,78,28" hai3="113,88,63,54,56,48,133,55,45,125,80,122,129"/><V61/><F120/><W101/><G133/><T58/><D116/><U117/><E114/><V24/><F34/><W22/><G113/><T21/><D37/><U14/><E117/><V31/><F111/><W135/><G135/><T112/><D112/><U64/><E123/><V106/><F106/><W53/><G129/><T39/><D39/><U29/><E75/><V87/><F31/><W65/><G122/><T19/><D67/><U104/><E104/><V3/><F33/><W124/><G101/><T110/><D68/><U16/><E43/><V90/><REACH who="2" step="1"/><F100/><REACH who="2" ten="198,250,253,289" step="2"/><W134/><G134/><T20/><D110/><U50/><E29/><V15/><F15/><W109/><G109/><T62/><D0/><U73/><E73/><V66/><F66/><W128/><G128/><T44/><D2/><U82/><E71/><V127/><F127/><N who="3" m="48715" /><G22/><T103/><D126/><U32/><E32/><V108/><F108/><W105/><G105/><T115/><D115/><U83/><E95/><V51/><F51/><W4/><G4/><T13/><D20/><U102/><E6/><V30/><F30/><W81/><G81/><T25/><D13/><U69/><E69/><V94/><F94/><W27/><G27/><T98/><D103/><U119/><E102/><V118/><F118/><W96/><G80/><T130/><D130/><U1/><E119/><V86/><F86/><W18/><G18/><T121/><D121/><U42/><E1/><V107/><F107/><W7/><G7/><T49/><D74/><U70/><E83/><V47/><F47/><W77/><G45/><T89/><D44/><RYUUKYOKU ba="0,1" sc="198,-10,250,-10,253,30,289,-10" hai2="3,5,9,23,24,28,60,61,76,78,87,90,92" /><INIT seed="2,1,1,5,5,71" ten="188,240,283,279" oya="2" hai0="84,130,82,132,14,80,92,122,96,75,16,68,78" hai1="29,83,89,124,135,86,66,103,36,55,74,72,18" hai2="93,38,3,81,90,113,118,44,106,111,31,48,87" hai3="73,24,12,47,69,79,4,8,64,91,115,17,76"/><V28/><F118/><W61/><G115/><T25/><D122/><U9/><E124/><V98/><F113/><W46/><G91/><T123/><D123/><U5/><E135/><V42/><F3/><W54/><G54/><T39/><D68/><U49/><E36/><V100/><F111/><W23/><G73/><T114/><D114/><U15/><E29/><V120/><F120/><W43/><REACH who="3" step="1"/><G46/><REACH who="3" ten="188,240,283,269" step="2"/><T133/><D130/><U112/><E112/><V107/><REACH who="2" step="1"/><F48/><AGARI ba="1,2" hai="4,8,12,17,23,24,43,47,48,61,64,69,76,79" machi="48" ten="30,3900,0" yaku="1,1,2,1,7,1,53,0" doraHai="71" doraHaiUra="32" who="3" fromWho="2" sc="188,0,240,0,283,-42,269,62" /><INIT seed="3,0,0,5,5,47" ten="188,240,241,331" oya="3" hai0="38,6,128,24,66,72,21,83,2,62,75,90,49" hai1="36,7,34,129,77,85,15,19,29,121,84,12,130" hai2="74,103,70,32,46,40,78,56,100,114,3,69,55" hai3="126,113,135,26,132,96,5,97,109,98,11,79,117"/><W44/><G117/><T1/><D38/><U95/><E121/><V8/><F114/><W127/><G113/><T122/><D122/><U125/><E36/><N who="2" m="21767" /><F32/><W64/><G109/><T52/><D128/><N who="1" m="49259" /><E125/><N who="3" m="47626" /><G64/><T63/><D75/><U115/><E115/><V4/><F70/><W54/><G26/><T45/><D6/><U133/><E133/><V92/><F92/><W91/><G79/><T13/><D13/><U67/><E67/><V81/><F69/><W105/><G105/><T106/><D106/><U94/><E7/><V53/><F53/><W104/><G104/><T60/><D66/><U124/><E124/><V37/><F37/><W30/><G30/><T73/><D73/><U0/><E0/><V99/><F99/><W17/><G17/><T93/><D72/><U10/><E12/><V57/><F57/><W23/><G23/><T82/><D1/><U31/><E31/><V48/><AGARI ba="0,0" hai="3,4,8,48,55,56,74,78,81,100,103" m="21767" machi="48" ten="30,2000,0" yaku="25,1,52,1" doraHai="47" who="2" fromWho="2" sc="188,-5,240,-5,241,20,331,-10" owari="183,-31.7,235,-16.5,261,6.1,321,42.1" /></mjloggm>