<mjloggm ver="2.3"><GO type="225" lobby="0"/><UN n0="%77%72%77%72%77%72%77%72" n1="%E5%8D%A0%E3%81%84%E5%B8%AB%E8%A3%8F%E3%81%AA%E3%81%84%E3%81%97" n2="%48%61%61%61%6C%61%6E%64" n3="%E3%81%B5%E3%81%98%E3%81%8B%E3%81%A4" dan="16,16,18,16" rate="2227.58,2157.41,2293.51,2174.02" sx="M,M,M,M"/><TAIKYOKU oya="0"/><INIT seed="0,0,0,4,5,83" ten="250,250,250,250" oya="0" hai0="123,43,19,58,108,41,69,132,107,26,82,86,96" hai1="1,91,75,42,134,102,20,44,92,84,114,31,133" hai2="130,51,37,29,85,17,25,68,116,110,59,57,14" hai3="93,54,105,115,3,87,135,89,97,50,119,106,32"/><T77/><D123/><U8/><E75/><V45/><F68/><W71/><G119/><T7/><D69/><U46/><E114/><V126/><F116/><W109/><G71/><T11/><D132/><N who="1" m="50795" /><E102/><V73/><F73/><W62/><G115/><T124/><D124/><U78/><E78/><V112/><F37/><W35/><G135/><T55/><D108/><U65/><E65/><V0/><F0/><W118/><G118/><T28/><D96/><U15/><E1/><V4/><F4/><W49/><G3/><T53/><D53/><U80/><E42/><V12/><F112/><W60/><G109/><T72/><D107/><U67/><E67/><V101/><F101/><W61/><G50/><T111/><D72/><U70/><E70/><V125/><F110/><W6/><G6/><T127/><D127/><U27/><E92/><V23/><F126/><W38/><G38/><T99/><D111/><U88/><E91/><V16/><F125/><W66/><G66/><T76/><D76/><U81/><E80/><V34/><F130/><W98/><G98/><T9/><D99/><U79/><E79/><V36/><F85/><W120/><G120/><T129/><D129/><U2/><E2/><V63/><F36/><W21/><G106/><T64/><D64/><U94/><E94/><V121/><F121/><W74/><G74/><T104/><D104/><U122/><E122/><V128/><F128/><W40/><G40/><T56/><D43/><U48/><E48/><V131/><F131/><W39/><G39/><T113/><D41/><U47/><E47/><V100/><F45/><RYUUKYOKU ba="0,0" sc="250,-10,250,30,250,-10,250,-10" hai1="8,15,20,27,31,44,46,81,84,88" /><INIT seed="1,1,0,5,2,119" ten="240,280,240,240" oya="1" hai0="62,74,46,115,30,111,55,70,110,67,82,127,56" hai1="29,76,86,69,96,63,133,97,35,123,88,25,89" hai2="95,52,36,125,37,91,54,51,109,59,124,3,49" hai3="8,18,61,121,26,90,102,20,130,103,87,84,78"/><U41/><E133/><V50/><F3/><W24/><G121/><T1/><D1/><U94/><E41/><V75/><F75/><W16/><G130/><T5/><D5/><U99/><E76/><V66/><F109/><N who="0" m="41482" /><D115/><U126/><E126/><N who="2" m="48747" /><F66/><W80/><G61/><T6/><D127/><U45/><E45/><N who="2" m="27695" /><F51/><W39/><G39/><T135/><D6/><U28/><E123/><V81/><F81/><W117/><G117/><T53/><D135/><U12/><E29/><V2/><F2/><W92/><G8/><T106/><D30/><U100/><E12/><V40/><F40/><W48/><G48/><N who="0" m="28823" /><D106/><N who="1" m="63751" /><E89/><V22/><F22/><AGARI ba="1,0" hai="16,18,20,22,24,26,78,80,84,87,90,92,102,103" machi="22" ten="40,5200,0" yaku="9,1,8,1,54,1" doraHai="119" who="3" fromWho="2" sc="240,0,280,0,240,-55,240,55" /><INIT seed="2,0,0,4,5,97" ten="240,280,185,295" oya="2" hai0="83,70,55,1,20,23,21,11,128,68,24,10,108" hai1="17,42,113,92,57,62,123,38,45,122,9,101,28" hai2="51,14,66,105,64,16,47,106,4,65,26,53,120" hai3="109,13,104,31,6,111,2,58,90,7,69,127,100"/><V112/><F112/><W80/><G69/><T18/><D108/><N who="3" m="41545" /><G2/><T91/><D128/><U121/><E113/><V32/><F120/><W15/><G31/><T103/><D103/><U119/><E119/><V56/><F4/><N who="3" m="1579" /><G58/><T37/><D37/><U0/><E28/><V115/><F115/><W79/><G90/><T50/><D70/><U75/><E75/><V89/><F89/><W52/><G52/><T88/><D68/><U54/><E0/><V12/><F56/><W124/><G100/><T135/><D91/><U133/><E133/><V126/><F126/><N who="3" m="48171" /><G104/><T67/><D1/><U87/><E101/><V72/><F72/><AGARI ba="0,0" hai="13,15,72,79,80" m="48171,1579,41545" machi="72" ten="30,2000,0" yaku="14,1,18,1" doraHai="97" who="3" fromWho="2" sc="240,0,280,0,185,-20,295,20" /><INIT seed="3,0,0,3,3,33" ten="240,280,165,315" oya="3" hai0="92,70,121,15,0,72,75,107,27,35,57,88,28" hai1="73,65,38,108,69,126,2,6,106,34,110,22,128" hai2="77,95,81,7,71,67,125,21,54,119,8,130,131" hai3="47,134,86,127,133,19,114,62,53,91,24,116,93"/><W98/><G114/><T76/><D107/><U94/><RYUUKYOKU type="yao9" ba="0,0" sc="240,0,280,0,165,0,315,0" hai1="2,6,22,34,38,65,69,73,94,106,108,110,126,128" /><INIT seed="3,1,0,4,4,25" ten="240,280,165,315" oya="3" hai0="135,1,5,82,98,68,50,54,86,55,56,76,100" hai1="58,32,59,11,131,90,133,88,78,91,67,62,64" hai2="124,120,80,27,125,71,28,116,128,18,134,4,79" hai3="8,109,101,49,87,113,118,14,77,61,119,126,48"/><W104/><G113/><T117/><D117/><U45/><E32/><V23/><F71/><W57/><G126/><N who="2" m="48745" /><F80/><W19/><G104/><T106/><D135/><U21/><E133/><V102/><F102/><W51/><G101/><T40/><D68/><U31/><E131/><V13/><F79/><W60/><G109/><T7/><D1/><U127/><E127/><V129/><F134/><W44/><G119/><T29/><D40/><U6/><E78/><V108/><F116/><W53/><G118/><T30/><D5/><U121/><E45/><V94/><F94/><W35/><G35/><T42/><D7/><U22/><E121/><V24/><F108/><W43/><G61/><T41/><D41/><U52/><E64/><V107/><F107/><W65/><G77/><T89/><D42/><U75/><E75/><V72/><F72/><W70/><G87/><T0/><D0/><U84/><E84/><V85/><F85/><W132/><G132/><T122/><D122/><U34/><E91/><V130/><F120/><W26/><G26/><N who="2" m="9769" /><F4/><W47/><G49/><T81/><D54/><U93/><E90/><V38/><F38/><W12/><G70/><T33/><D33/><U114/><E93/><V2/><F2/><W66/><G43/><T20/><D81/><U95/><E95/><V99/><F99/><W37/><G66/><T123/><D123/><U15/><E88/><V110/><F110/><W96/><G96/><T17/><D76/><U92/><E92/><V46/><F46/><W39/><G39/><T36/><D36/><U97/><E97/><V112/><F112/><RYUUKYOKU ba="1,0" sc="240,15,280,-15,165,15,315,-15" hai0="17,20,29,30,50,55,56,82,86,89,98,100,106" hai2="13,18,23,28,128,129,130" owari="255,-14.5,265,6.5,180,-32.0,300,40.0" /></mjloggm>