<mjloggm ver="2.3"><GO type="225" lobby="0"/><UN n0="%72%69%6F%75%63%68%61%6E" n1="%E3%81%AF%E3%82%88%E3%81%8A%E3%81%98%E3%81%95%E3%82%93" n2="%E5%B8%86%E7%AB%8B%E5%A4%8F%E8%A1%A3" n3="%E5%86%B7%E5%87%8D%E3%82%AE%E3%83%A7%E3%83%BC%E3%82%B6" dan="17,17,16,16" rate="2173.05,2214.66,2125.79,2122.35" sx="M,M,M,M"/><TAIKYOKU oya="0"/><INIT seed="0,0,0,0,1,75" ten="250,250,250,250" oya="0" hai0="134,97,51,0,114,22,43,115,37,130,17,56,58" hai1="63,77,30,96,98,72,120,121,27,32,24,31,105" hai2="8,59,71,117,124,6,108,135,4,14,132,62,109" hai3="29,1,25,28,94,55,85,111,49,110,95,107,103"/><T40/><D0/><U41/><E41/><V90/><F71/><W100/><G1/><T87/><D130/><U16/><E63/><V106/><F106/><W44/><G107/><T65/><D134/><N who="2" m="51242" /><F124/><W2/><G2/><T79/><D37/><U7/><E7/><N who="2" m="3359" /><F90/><N who="3" m="53583" /><G95/><T46/><D40/><U88/><E16/><V69/><F69/><W23/><G29/><T118/><D118/><U116/><E116/><V123/><F123/><W9/><G9/><T104/><D65/><U131/><E131/><V21/><F117/><W81/><G81/><N who="0" m="47551" /><D104/><U33/><E96/><V91/><F91/><W101/><G111/><N who="2" m="42569" /><F21/><N who="3" m="15407" /><G110/><T13/><D115/><U11/><E11/><V74/><F74/><W122/><G122/><T93/><D114/><U3/><E3/><V70/><F70/><W39/><G39/><T53/><D43/><U54/><E88/><AGARI ba="0,0" hai="13,17,22,46,51,53,56,58,88,93,97" m="47551" machi="88" ten="30,5800,0" yaku="8,1,52,1,54,1" doraHai="75" who="0" fromWho="1" sc="250,58,250,-58,250,0,250,0" /><INIT seed="0,1,0,1,0,6" ten="308,192,250,250" oya="0" hai0="32,110,102,68,85,24,83,67,76,132,36,124,1" hai1="23,25,122,127,69,51,75,117,55,56,123,43,46" hai2="100,133,84,14,33,66,3,40,82,77,113,105,38" hai3="20,119,5,61,99,50,49,103,42,72,28,18,80"/><T13/><D1/><U81/><E117/><V34/><F113/><W29/><G119/><T62/><D124/><U15/><E127/><V74/><F133/><W54/><G5/><T134/><D36/><U31/><E69/><V120/><F120/><W2/><G2/><T79/><D110/><U98/><E98/><N who="2" m="61591" /><F14/><W63/><G42/><T30/><D76/><U96/><E96/><V52/><F52/><W44/><G72/><T12/><REACH who="0" step="1"/><D102/><REACH who="0" ten="298,192,250,250" step="2"/><U0/><E0/><V89/><F3/><W73/><G103/><T131/><D131/><U10/><E75/><V130/><F130/><W121/><G73/><T109/><D109/><U87/><E122/><V111/><F111/><W60/><G121/><T118/><D118/><U114/><E123/><V16/><F77/><W8/><G80/><T26/><D26/><U58/><E114/><V27/><F74/><W128/><G128/><T11/><D11/><U57/><E10/><V35/><F27/><W95/><G8/><T94/><D94/><U125/><E125/><V7/><F38/><W59/><G95/><T126/><D126/><U53/><REACH who="1" step="1"/><E15/><AGARI ba="1,1" hai="12,13,15,24,30,32,62,67,68,79,83,85,132,134" machi="15" ten="40,2000,0" yaku="1,1,53,0" doraHai="6" doraHaiUra="91" who="0" fromWho="1" sc="298,33,192,-23,250,0,250,0" /><INIT seed="0,2,0,1,4,134" ten="331,169,250,250" oya="0" hai0="63,69,101,81,11,42,61,58,40,1,107,41,50" hai1="8,27,21,98,17,4,54,45,49,53,57,86,30" hai2="110,129,29,33,20,0,64,2,132,15,9,6,19" hai3="126,113,83,46,52,71,128,103,108,93,96,25,117"/><T135/><D135/><U48/><E98/><V43/><F132/><W99/><G113/><T10/><D1/><U76/><E4/><V74/><F74/><W91/><G117/><T118/><D118/><U89/><E76/><V87/><F129/><W131/><G71/><T105/><D81/><U127/><E127/><V124/><F124/><W67/><G67/><T39/><D39/><U44/><E57/><V120/><F120/><W59/><G126/><T36/><D36/><U31/><REACH who="1" step="1"/><E8/><REACH who="1" ten="331,159,250,250" step="2"/><V28/><F9/><W35/><G99/><N who="0" m="61631" /><D10/><U114/><E114/><V65/><F6/><W88/><G96/><T26/><D11/><U112/><E112/><V115/><F115/><W133/><G133/><T23/><D58/><U24/><E24/><V62/><F0/><W79/><G25/><T111/><D26/><U122/><E122/><V66/><F2/><W97/><G59/><T78/><D78/><U38/><E38/><V55/><F15/><W68/><G97/><T100/><D100/><U72/><E72/><V12/><F12/><W102/><G103/><T104/><D104/><U121/><E121/><V60/><F66/><W84/><G79/><T125/><D107/><U92/><AGARI ba="2,1" hai="17,21,27,30,31,44,45,48,49,53,54,86,89,92" machi="92" ten="20,8000,1" yaku="1,1,0,1,7,1,9,1,8,1,53,0" doraHai="134" doraHaiUra="32" who="1" fromWho="1" sc="331,-42,159,96,250,-22,250,-22" /><INIT seed="1,0,0,0,5,133" ten="289,255,228,228" oya="1" hai0="5,0,30,38,28,95,119,72,4,32,12,7,108" hai1="102,60,3,40,13,111,55,99,57,96,134,112,18" hai2="126,34,54,71,82,52,88,80,76,6,23,42,53" hai3="106,1,27,50,100,43,86,97,68,125,65,75,122"/><U79/><E112/><V104/><F34/><W131/><G75/><T101/><D119/><U94/><E134/><V73/><F71/><W93/><G122/><T92/><D108/><U59/><E111/><V90/><F104/><W70/><G131/><T20/><D72/><U17/><E3/><V115/><F115/><W87/><G1/><T132/><D132/><U51/><E79/><V9/><F126/><W2/><G2/><T24/><D38/><U35/><E35/><V118/><F118/><W81/><G27/><N who="0" m="18463" /><D101/><U135/><E135/><V69/><F69/><W66/><G125/><T67/><D67/><U8/><E96/><V39/><F23/><W22/><G22/><N who="0" m="15639" /><D95/><U63/><E40/><V123/><F80/><W11/><G70/><T107/><D92/><U121/><E121/><V47/><REACH who="2" step="1"/><F123/><REACH who="2" ten="289,255,218,228" step="2"/><W89/><G68/><T10/><D107/><U62/><REACH who="1" step="1"/><E18/><AGARI ba="0,1" hai="0,4,5,7,10,12,18,20" m="15639,18463" machi="18" ten="30,12000,2" yaku="24,1,35,5" doraHai="133" who="0" fromWho="1" sc="289,130,255,-120,218,0,228,0" /><INIT seed="2,0,0,2,0,76" ten="419,135,218,228" oya="2" hai0="131,60,5,109,105,61,134,102,80,10,38,107,99" hai1="88,31,63,40,64,30,71,106,29,22,35,21,92" hai2="16,118,101,96,0,133,7,69,58,11,47,3,26" hai3="52,95,55,113,14,120,98,135,68,70,121,73,125"/><V90/><F69/><W66/><G125/><T36/><D107/><U91/><E106/><V28/><F118/><W86/><G73/><T6/><D109/><U54/><E35/><V20/><F133/><W100/><G135/><T82/><D134/><U123/><E123/><V13/><F58/><W49/><G113/><T83/><D131/><U17/><E40/><V18/><F47/><W12/><G55/><T111/><D111/><U130/><E130/><V129/><F90/><W8/><G14/><T87/><D87/><U112/><E112/><V62/><F62/><W74/><G74/><T75/><D75/><U114/><E114/><V27/><F129/><W116/><G86/><T72/><D72/><U65/><E64/><V79/><F79/><W78/><G78/><T67/><D60/><U37/><E37/><V84/><F84/><W89/><G100/><T104/><D104/><U132/><E132/><V81/><F81/><W110/><G110/><T53/><D53/><U94/><E54/><V93/><REACH who="2" step="1"/><F18/><REACH who="2" ten="419,135,208,228" step="2"/><W122/><G116/><T42/><D80/><U51/><E51/><V103/><F103/><W97/><G97/><T33/><D83/><U77/><E77/><V46/><F46/><W9/><G68/><T39/><D82/><U115/><E115/><V24/><F24/><W56/><G70/><T85/><D102/><U2/><E17/><V117/><F117/><W45/><G45/><T43/><D85/><N who="1" m="52239" /><E2/><V57/><F57/><N who="3" m="32911" /><G12/><T124/><D61/><U1/><E1/><V119/><F119/><W34/><G34/><AGARI ba="0,1" hai="0,3,7,11,13,16,20,26,27,28,34,93,96,101" machi="34" ten="30,12000,1" yaku="1,1,7,1,54,1,53,2" doraHai="76" doraHaiUra="32" who="2" fromWho="3" sc="419,0,135,0,208,130,228,-120" /><INIT seed="2,1,0,3,4,20" ten="419,135,338,108" oya="2" hai0="99,70,1,36,35,96,8,11,61,111,60,127,40" hai1="65,54,93,10,112,84,45,42,101,102,64,50,39" hai2="104,126,53,33,55,91,75,52,27,34,38,48,133" hai3="113,106,66,86,24,58,131,118,134,49,88,41,6"/><V107/><F75/><W129/><G118/><T135/><D35/><U73/><E112/><V21/><F38/><W95/><G113/><T115/><D115/><U117/><E73/><V89/><F48/><W74/><G134/><T22/><D111/><U94/><E117/><V81/><F133/><W128/><G74/><T14/><D135/><U78/><E39/><V30/><F126/><W69/><G106/><T25/><D127/><U120/><E120/><V28/><F21/><W116/><G116/><T67/><D60/><U12/><E54/><V105/><F81/><W68/><G6/><T72/><D72/><U46/><E45/><V13/><F13/><W121/><G121/><T15/><D1/><U132/><E132/><V56/><F56/><W80/><G80/><T87/><D87/><U26/><E26/><AGARI ba="1,0" hai="26,27,28,30,33,34,52,53,55,89,91,104,105,107" machi="26" ten="50,12000,1" yaku="9,1,52,2,54,1" doraHai="20" who="2" fromWho="1" sc="419,0,135,-123,338,123,108,0" /><INIT seed="2,2,0,4,5,59" ten="419,12,461,108" oya="2" hai0="68,106,132,69,19,75,116,85,57,91,67,62,25" hai1="1,10,93,84,111,112,29,11,22,17,28,114,83" hai2="113,53,18,36,49,97,20,73,7,122,6,134,32" hai3="35,72,58,61,101,123,52,2,38,51,100,89,128"/><V77/><F113/><W65/><G123/><T80/><D132/><U118/><E118/><V30/><F122/><W4/><G35/><T45/><D116/><U41/><E111/><V121/><F121/><W27/><G38/><T26/><D106/><U76/><E112/><V95/><F134/><W13/><G2/><T107/><D107/><U63/><E114/><V64/><F36/><W124/><G128/><T15/><D75/><U60/><E41/><V94/><F32/><W46/><G72/><T0/><D0/><U130/><E130/><V105/><F30/><N who="1" m="11881" /><E1/><V70/><F105/><W117/><G117/><T99/><D99/><U86/><E86/><V120/><F120/><W47/><G47/><T131/><D131/><U103/><E93/><V8/><F94/><W126/><G27/><T16/><D45/><U135/><E103/><V21/><F95/><W102/><G89/><T39/><D39/><U56/><E56/><V44/><F44/><W74/><G74/><T24/><REACH who="0" step="1"/><D19/><REACH who="0" ten="409,12,461,108" step="2"/><U48/><E135/><V104/><F18/><W23/><G46/><T78/><D78/><U34/><E34/><V79/><F77/><W109/><G109/><T96/><D96/><U55/><E10/><AGARI ba="2,1" hai="10,15,16,24,25,26,57,62,67,68,69,80,85,91" machi="10" ten="40,8000,1" yaku="1,1,52,1,54,1,53,1" doraHai="59" doraHaiUra="54" who="0" fromWho="1" sc="409,96,12,-86,461,0,108,0" owari="505,60.5,-74,-57.4,461,26.1,108,-29.2" /></mjloggm>