<mjloggm ver="2.3"><GO type="225" lobby="0"/><UN n0="%E4%BF%BA%E3%81%A8%E5%A6%96%E5%A4%A2" n1="%E3%82%B7%E3%83%B3%E5%A4%AA%E6%9C%97" n2="%E8%80%81%E6%A5%BD" n3="%65%6B%61%72%75%74%65" dan="17,16,16,16" rate="2268.36,2161.03,2104.53,2100.78" sx="F,M,M,M"/><TAIKYOKU oya="0"/><INIT seed="0,0,0,4,3,118" ten="250,250,250,250" oya="0" hai0="25,89,36,29,8,58,74,62,93,126,132,134,48" hai1="9,124,1,4,84,102,135,67,97,77,112,54,70" hai2="71,3,109,23,55,129,127,60,122,52,43,125,99" hai3="68,120,92,94,35,98,57,106,85,26,91,78,64"/><T81/><D36/><U51/><E135/><N who="0" m="51753" /><D48/><U38/><E38/><V0/><F109/><W22/><G35/><T119/><D119/><U56/><E124/><N who="2" m="47691" /><F129/><W113/><G113/><T40/><D40/><U110/><E110/><V87/><F122/><W65/><G68/><T31/><D8/><U88/><E77/><V131/><F131/><W73/><G120/><T13/><D13/><U90/><E112/><V15/><F43/><W116/><G116/><T114/><D114/><U96/><E96/><V123/><F87/><W34/><G34/><T108/><D25/><U121/><E121/><V5/><F99/><W128/><G128/><T7/><D7/><U101/><E70/><V19/><F123/><W42/><G42/><T117/><D117/><U16/><E67/><N who="2" m="41447" /><F5/><W33/><G33/><T80/><D108/><U6/><E6/><V28/><F28/><N who="0" m="10826" /><D74/><U66/><E66/><V95/><F95/><W86/><G106/><T45/><D45/><U46/><E46/><V37/><F37/><W17/><G73/><T18/><D18/><U11/><E16/><V12/><F12/><W75/><G75/><T44/><D44/><U61/><E11/><V30/><F30/><W79/><G64/><N who="0" m="38999" /><D126/><U130/><E130/><V103/><F103/><N who="3" m="60871" /><G86/><AGARI ba="0,0" hai="80,81,86,89,93" m="38999,10826,51753" machi="86" ten="30,1500,0" yaku="20,1" doraHai="118" who="0" fromWho="3" sc="250,15,250,0,250,0,250,-15" /><INIT seed="0,1,0,2,1,60" ten="265,250,250,235" oya="0" hai0="78,72,64,29,116,68,7,89,97,104,102,126,25" hai1="99,117,13,71,105,11,82,55,24,5,121,41,114" hai2="73,22,56,39,108,43,131,8,80,18,130,3,62" hai3="15,33,47,112,134,2,124,61,28,75,113,45,57"/><T51/><D116/><U76/><E121/><V37/><F108/><W20/><G75/><T125/><D7/><U96/><E117/><V92/><F43/><W86/><G2/><T127/><D51/><U109/><E109/><V32/><F32/><W50/><G33/><N who="0" m="20655" /><D89/><U14/><E114/><V70/><F70/><W87/><G124/><T48/><D48/><U6/><E71/><V106/><F106/><W21/><G28/><T58/><D58/><U133/><E133/><V35/><F35/><W120/><G120/><T90/><D90/><U79/><E41/><V17/><F92/><W118/><G118/><T84/><D84/><U94/><E105/><V107/><F107/><W4/><G50/><T54/><D54/><U91/><E24/><N who="2" m="14415" /><F80/><W81/><G4/><T9/><D9/><N who="1" m="4271" /><E82/><V132/><F73/><W26/><G81/><N who="0" m="45255" /><D127/><U59/><E99/><V67/><F3/><W46/><G26/><T66/><D66/><U40/><E40/><V69/><F69/><W103/><G15/><T74/><D74/><U128/><E128/><N who="2" m="49195" /><F132/><W36/><G134/><T27/><D27/><U83/><E83/><V111/><F111/><W0/><G0/><T44/><D126/><U129/><E129/><V1/><F1/><W122/><G122/><T42/><D125/><U100/><E91/><V49/><F49/><AGARI ba="1,0" hai="6,11,14,49,55,59,76,79,94,96,100" m="4271" machi="49" ten="30,1000,0" yaku="8,1" doraHai="60" who="1" fromWho="2" sc="265,0,250,13,250,-13,235,0" /><INIT seed="1,0,0,3,0,61" ten="265,263,237,235" oya="1" hai0="130,132,32,5,112,39,109,6,52,65,71,88,124" hai1="73,20,101,13,31,135,131,55,114,38,74,117,93" hai2="105,11,17,1,16,12,2,0,15,54,75,108,28" hai3="123,95,84,43,40,97,121,79,67,24,116,70,118"/><U18/><E117/><N who="3" m="45162" /><G24/><T48/><D112/><U102/><E114/><V119/><F119/><W22/><G22/><T26/><D39/><U113/><E113/><V122/><F75/><W8/><G8/><T81/><D109/><U64/><E135/><V99/><F122/><N who="3" m="46603" /><G84/><N who="0" m="50191" /><D132/><U47/><E131/><V92/><F108/><W106/><G79/><T10/><D130/><U104/><E104/><V44/><F105/><W45/><G106/><T68/><D68/><U111/><E31/><V51/><F28/><W86/><G86/><T3/><D71/><U35/><E35/><V29/><F29/><W34/><G34/><T4/><D124/><U14/><E111/><V133/><F133/><W100/><G45/><N who="0" m="27663" /><D32/><U134/><E134/><V96/><REACH who="2" step="1"/><F92/><REACH who="2" ten="265,263,227,235" step="2"/><W115/><G115/><T63/><D3/><U50/><E74/><V25/><F25/><W56/><G70/><T87/><D26/><U94/><E73/><V59/><F59/><W78/><G78/><T107/><D107/><U23/><E94/><V69/><F69/><W120/><N who="3" m="46611" /><W80/><DORA hai="76" /><G80/><T49/><D4/><U37/><E93/><V41/><F41/><N who="3" m="15947" /><G56/><N who="0" m="37095" /><D5/><U58/><E58/><V62/><F62/><W7/><G7/><T128/><D128/><U66/><E102/><V110/><F110/><W125/><G125/><T83/><D6/><U21/><E101/><V129/><F129/><W82/><G82/><T42/><D83/><U89/><E13/><V46/><F46/><W127/><G127/><T53/><D10/><AGARI ba="0,1" hai="0,1,2,10,11,12,15,16,17,44,51,54,96,99" machi="10" ten="40,5200,0" yaku="1,1,9,1,54,1,53,0" doraHai="61,76" doraHaiUra="90,60" who="2" fromWho="0" sc="265,-52,263,0,227,62,235,0" /><INIT seed="2,0,0,2,0,80" ten="213,263,289,235" oya="2" hai0="134,68,124,85,135,56,87,77,8,113,120,52,105" hai1="89,4,48,27,90,108,13,18,72,111,125,71,20" hai2="25,11,31,5,67,49,42,46,29,36,97,78,83" hai3="55,26,17,53,99,58,60,93,69,119,15,114,75"/><V86/><F67/><W59/><G119/><T100/><D120/><U91/><E72/><V117/><F117/><W109/><G75/><T70/><D113/><U92/><E125/><V96/><F36/><W41/><G114/><T57/><D124/><U73/><E73/><V37/><F37/><W112/><G112/><T35/><D35/><U2/><E71/><N who="0" m="27177" /><D77/><U130/><E130/><V45/><F45/><W23/><G69/><T33/><D33/><U0/><E48/><V128/><F128/><W76/><G109/><N who="1" m="42058" /><E92/><V38/><F38/><W61/><G76/><T24/><D24/><U110/><N who="1" m="42066" /><U9/><AGARI ba="0,0" hai="0,2,4,9,13,18,20,27,89,90,91" m="42066" machi="9" ten="50,3200,0" yaku="4,1,14,1" doraHai="80" who="1" fromWho="1" sc="213,-8,263,32,289,-16,235,-8" /><INIT seed="3,0,0,2,0,0" ten="205,295,273,227" oya="3" hai0="9,103,100,127,51,30,119,77,6,34,128,126,89" hai1="105,84,101,102,85,35,132,110,41,63,87,113,29" hai2="124,24,74,3,36,42,68,129,16,40,73,8,2" hai3="65,53,20,55,115,72,11,47,60,106,109,14,59"/><W112/><G106/><T38/><D119/><U12/><E113/><V111/><F68/><W64/><G72/><T114/><D38/><U83/><E105/><V18/><F24/><W67/><G20/><T4/><D77/><U104/><E104/><V118/><F8/><W116/><G116/><T76/><D76/><U131/><E131/><V80/><F80/><W98/><G98/><T17/><D128/><U44/><E110/><V92/><F92/><W66/><G109/><T122/><D122/><U56/><E83/><V62/><F62/><W50/><N who="3" m="16384" /><DORA hai="22" /><W69/><REACH who="3" step="1"/><G69/><REACH who="3" ten="205,295,273,217" step="2"/><T48/><D114/><U27/><E132/><V15/><F74/><W125/><G125/><N who="0" m="47627" /><D30/><U32/><E35/><V94/><F73/><W5/><AGARI ba="0,1" hai="5,11,14,47,50,53,55,59,60,112,115" m="16384" machi="5" ten="40,7800,0" yaku="1,1,0,1,52,1,53,0" doraHai="0,22" doraHaiUra="21,123" who="3" fromWho="3" sc="205,-26,295,-26,273,-26,217,88" owari="179,-32.1,269,6.9,247,-15.3,305,40.5" /></mjloggm>