<mjloggm ver="2.3"><GO type="225" lobby="0"/><UN n0="%E3%81%A1%E3%82%85%E3%81%86%E3%81%A9%E3%81%8F%E8%B1%A1%E3%81%95%E3%82%93" n1="%E9%80%9F%E6%B0%B4%E5%87%9B%E9%A6%99" n2="%E3%81%86%E3%82%8C%E3%81%9F%E3%82%93%E6%9E%95" n3="%E6%97%A5%E6%9B%9C%E6%97%A5%E3%82%88%E3%82%8A%E3%81%AE%E4%BD%BF%E8%80%85" dan="17,16,16,17" rate="2131.83,2154.79,2156.07,2163.32" sx="M,F,F,M"/><TAIKYOKU oya="0"/><INIT seed="0,0,0,4,4,131" ten="250,250,250,250" oya="0" hai0="94,120,37,27,28,32,95,44,45,19,101,39,16" hai1="89,23,97,1,83,80,31,91,132,104,33,58,82" hai2="71,77,124,78,18,2,126,88,68,76,87,14,116" hai3="81,90,118,114,62,66,60,134,41,105,79,0,96"/><T128/><D120/><U49/><E1/><V85/><F2/><W107/><G114/><T113/><D113/><U69/><E33/><V111/><F111/><W47/><G0/><T84/><D128/><U4/><E69/><V92/><F116/><W133/><G118/><T20/><D101/><U52/><E4/><V64/><F87/><N who="3" m="50543" /><G79/><T50/><D19/><U34/><E34/><V108/><F108/><W21/><G21/><T5/><D5/><U117/><E117/><V11/><REACH who="2" step="1"/><F64/><REACH who="2" ten="250,250,240,250" step="2"/><W17/><G17/><T38/><D84/><U67/><E67/><V73/><F73/><W36/><G96/><T55/><REACH who="0" step="1"/><D45/><REACH who="0" ten="240,250,240,250" step="2"/><U42/><E97/><V65/><F65/><W7/><G7/><T115/><D115/><U12/><E31/><V121/><F121/><W61/><G66/><T72/><D72/><U106/><E106/><V57/><F57/><W51/><G36/><T9/><D9/><U3/><E104/><V119/><F119/><W24/><G107/><T63/><D63/><U86/><E86/><V127/><AGARI ba="0,2" hai="11,14,18,68,71,76,77,78,85,88,92,124,126,127" machi="127" ten="40,8000,1" yaku="1,1,0,1,18,1,54,1,53,0" doraHai="131" doraHaiUra="122" who="2" fromWho="2" sc="240,-40,250,-20,240,100,250,-20" /><INIT seed="1,0,0,2,5,82" ten="200,230,340,230" oya="1" hai0="99,40,52,92,102,129,19,33,60,94,3,87,70" hai1="12,2,55,17,85,133,61,43,51,13,128,24,111" hai2="89,73,45,22,105,117,91,4,53,30,7,107,63" hai3="42,121,116,120,81,71,101,41,37,11,48,62,106"/><U25/><E2/><V130/><F73/><W115/><G115/><T69/><D3/><U65/><E128/><V83/><F117/><W126/><G116/><T35/><D129/><U36/><E36/><V104/><F130/><W86/><G37/><T74/><D74/><U39/><E39/><V50/><F91/><W67/><G126/><T26/><D40/><U59/><E43/><V9/><F63/><W18/><G101/><T54/><D33/><U66/><E133/><V132/><F132/><W47/><G106/><T119/><D119/><U16/><E111/><V31/><F22/><W34/><G34/><T49/><D60/><U1/><E1/><V29/><REACH who="2" step="1"/><F9/><REACH who="2" ten="200,230,330,230" step="2"/><W44/><G11/><T38/><D69/><U0/><E61/><V125/><F125/><W5/><G121/><T110/><D70/><U97/><E66/><V113/><F113/><W15/><G120/><T75/><D110/><U78/><E65/><V58/><F58/><W8/><G62/><T88/><D75/><U10/><E10/><V72/><F72/><W20/><G67/><T84/><D35/><U46/><E59/><V112/><F112/><W80/><G71/><T109/><D109/><U123/><E123/><V64/><F64/><W6/><G8/><T135/><D135/><U122/><E122/><V21/><F21/><W32/><G32/><T56/><D38/><U98/><E0/><V100/><F100/><W96/><G20/><N who="0" m="13599" /><D54/><U14/><E24/><V124/><F124/><W23/><G23/><T57/><D56/><U90/><E25/><V76/><F76/><N who="3" m="46343" /><G42/><T28/><D28/><RYUUKYOKU ba="0,1" sc="200,15,230,-15,330,15,230,-15" hai0="49,52,57,84,87,88,92,94,99,102" hai2="4,7,29,30,31,45,50,53,83,89,104,105,107" /><INIT seed="2,1,1,2,1,117" ten="215,215,345,215" oya="2" hai0="17,59,36,70,92,50,96,61,82,79,108,97,3" hai1="109,130,83,7,35,47,25,32,134,45,54,132,87" hai2="90,60,126,33,131,19,42,129,37,4,112,66,34" hai3="15,56,18,5,55,23,44,84,104,128,10,102,95"/><V12/><F112/><W121/><G121/><T31/><D36/><U9/><E109/><V2/><F126/><W53/><G128/><T68/><D108/><U6/><E6/><V116/><F116/><W88/><G104/><T48/><D3/><U78/><E130/><N who="2" m="49675" /><F42/><W125/><G125/><T100/><D31/><U77/><E77/><V94/><F37/><W46/><G102/><T111/><D111/><U28/><E35/><V29/><F29/><W21/><G21/><T57/><D17/><U74/><E74/><V107/><F107/><W39/><G39/><T11/><D11/><U27/><E27/><V118/><F4/><W133/><G133/><N who="1" m="51306" /><E54/><V51/><F51/><N who="3" m="30783" /><G55/><T64/><D48/><U40/><E40/><V103/><F103/><W93/><G93/><T105/><D50/><U24/><E24/><AGARI ba="1,1" hai="5,10,15,18,23,24,44,46,84,88,95" m="30783" machi="24" ten="30,2000,0" yaku="8,1,54,1" doraHai="117" who="3" fromWho="1" sc="215,0,215,-23,345,0,215,33" /><INIT seed="3,0,0,1,2,70" ten="215,192,345,248" oya="3" hai0="134,12,130,49,131,133,23,85,123,42,118,35,83" hai1="68,78,24,66,94,96,121,90,41,20,111,63,28" hai2="101,120,122,36,29,15,46,58,102,88,8,100,80" hai3="25,93,52,135,18,1,56,53,34,108,54,44,11"/><W104/><G104/><T75/><D75/><U3/><E121/><N who="2" m="46699" /><F29/><W57/><G135/><N who="0" m="51723" /><D123/><U43/><E3/><V62/><F36/><W14/><G108/><T6/><D118/><U10/><E111/><V112/><F46/><W87/><G1/><T47/><D35/><U95/><E78/><V129/><F129/><W124/><G124/><T116/><D116/><U110/><E110/><V113/><F88/><N who="3" m="53407" /><G34/><T77/><D23/><U84/><REACH who="1" step="1"/><E10/><AGARI ba="0,0" hai="6,10,12,42,47,49,77,83,85,130,131" m="51723" machi="10" ten="30,2000,0" yaku="25,1,20,1" doraHai="70" who="0" fromWho="1" sc="215,20,192,-20,345,0,248,0" owari="235,-16.5,172,-32.8,345,44.5,248,4.8" /></mjloggm>