<mjloggm ver="2.3"><GO type="225" lobby="0"/><UN n0="%E3%81%8B%E3%82%8F%E3%81%A1%E3%82%83%E3%82%93%35%38" n1="%4C%4F%4C%49%54%41" n2="%E6%B0%B7%E5%B7%9D%E9%87%8C%E5%A5%88" n3="%73%6C%69%63%6B%33%31%39" dan="16,16,16,16" rate="2141.04,2182.35,2136.32,2105.51" sx="M,F,F,M"/><TAIKYOKU oya="0"/><INIT seed="0,0,0,5,5,77" ten="250,250,250,250" oya="0" hai0="49,56,124,55,13,46,32,51,88,36,108,54,82" hai1="38,105,83,43,33,127,91,120,84,112,79,133,7" hai2="90,4,15,19,34,17,80,126,67,50,8,123,64" hai3="68,5,26,111,95,113,117,6,42,76,87,134,24"/><T29/><D124/><U78/><E33/><V97/><F123/><W129/><G68/><T45/><D108/><U98/><E38/><V21/><F34/><W118/><G42/><T16/><D36/><U35/><E35/><V73/><F126/><W102/><G113/><T65/><D32/><U40/><E127/><V86/><F73/><W14/><G102/><T66/><D56/><U122/><E7/><N who="3" m="2570" /><G95/><T63/><D63/><U101/><E40/><V89/><F50/><W9/><G87/><N who="0" m="50295" /><D29/><U74/><E43/><V93/><REACH who="2" step="1"/><F17/><REACH who="2" ten="250,250,240,250" step="2"/><N who="3" m="8399" /><G111/><T23/><AGARI ba="0,1" hai="13,16,23,45,46,49,51,54,55,65,66" m="50295" machi="23" ten="30,11700,0" yaku="8,1,52,1,54,2" doraHai="77" who="0" fromWho="0" sc="250,127,250,-39,240,-39,250,-39" /><INIT seed="0,1,0,4,1,116" ten="377,211,201,211" oya="0" hai0="10,118,88,40,47,107,38,61,86,113,101,21,9" hai1="109,133,71,48,7,19,64,119,54,45,32,127,93" hai2="104,12,78,123,114,103,22,115,105,79,125,53,51" hai3="33,59,11,25,18,15,52,112,110,36,100,87,24"/><T124/><D118/><U98/><E119/><V117/><F117/><W96/><G112/><T81/><D113/><U94/><E32/><V49/><F12/><W72/><G72/><T3/><D124/><U14/><E109/><V44/><F22/><W58/><G36/><T13/><D3/><U67/><E133/><V70/><F44/><W68/><G68/><T1/><D1/><U23/><E127/><V77/><F125/><W57/><G110/><T41/><D41/><U108/><E108/><V8/><F77/><W2/><G2/><T69/><D21/><U97/><E71/><V135/><F53/><W106/><G33/><T43/><D43/><U90/><REACH who="1" step="1"/><E7/><REACH who="1" ten="377,201,201,211" step="2"/><V65/><F70/><W132/><G132/><T84/><D69/><U74/><E74/><V130/><F135/><W29/><G29/><T28/><D28/><U55/><E55/><V39/><F114/><W50/><REACH who="3" step="1"/><G87/><REACH who="3" ten="377,201,201,201" step="2"/><T27/><D86/><U26/><E26/><AGARI ba="1,2" hai="11,15,18,24,25,26,50,52,57,58,59,96,100,106" machi="26" ten="40,5200,0" yaku="1,1,2,1,54,1,53,0" doraHai="116" doraHaiUra="60" who="3" fromWho="1" sc="377,0,201,-55,201,0,201,75" /><INIT seed="1,0,0,4,1,91" ten="377,146,201,276" oya="1" hai0="110,56,133,73,119,127,117,96,66,33,18,27,24" hai1="97,3,25,39,108,67,54,75,120,9,47,81,83" hai2="69,122,130,80,29,11,90,17,46,36,52,103,42" hai3="113,85,26,123,37,72,89,76,105,59,65,63,4"/><U40/><E120/><V77/><F122/><W55/><G123/><T118/><D73/><U34/><E67/><V132/><F69/><W74/><G113/><T107/><D33/><U126/><E126/><V35/><F130/><W116/><G105/><T109/><D127/><U15/><E108/><N who="0" m="41577" /><D133/><U53/><E83/><V131/><F131/><W101/><G101/><N who="0" m="62887" /><D18/><U111/><E111/><V106/><F132/><W124/><G72/><T7/><D7/><N who="1" m="1279" /><E15/><V20/><F11/><W5/><G4/><T71/><D71/><U13/><E13/><V45/><F90/><W57/><G59/><T104/><D104/><U98/><E98/><V43/><F106/><W58/><G55/><T62/><AGARI ba="0,0" hai="24,27,56,62,66,117,118,119" m="62887,41577" machi="62" ten="40,1500,0" yaku="14,1" doraHai="91" who="0" fromWho="0" sc="377,15,146,-7,201,-4,276,-4" /><INIT seed="2,0,0,2,0,105" ten="392,139,197,272" oya="2" hai0="121,72,8,84,25,56,18,38,82,133,120,13,39" hai1="17,21,111,0,130,123,31,61,85,131,134,74,47" hai2="125,10,75,78,132,35,23,93,107,14,26,109,126" hai3="79,124,135,66,22,94,6,37,15,63,41,20,49"/><V44/><F107/><W50/><G37/><T58/><D72/><U70/><E0/><V33/><F93/><W122/><G122/><T71/><D71/><U9/><E111/><V81/><F132/><W88/><G135/><T1/><D133/><U46/><E134/><V12/><F44/><W86/><G124/><N who="2" m="47721" /><F109/><W89/><G79/><T16/><D1/><U32/><E123/><V5/><F14/><W3/><G3/><T48/><D39/><U28/><E74/><V51/><F51/><N who="3" m="19467" /><G41/><T67/><D38/><U11/><E70/><V4/><F4/><W83/><G63/><T24/><D48/><U57/><E32/><V102/><F102/><W80/><G66/><T45/><D45/><U97/><E97/><V76/><F76/><W118/><G118/><T40/><D67/><U127/><E127/><V62/><F62/><W90/><G80/><T117/><D40/><U98/><E98/><V115/><F115/><W113/><G113/><T36/><D36/><U112/><E112/><V43/><F43/><W101/><G101/><T128/><D117/><U99/><E99/><V95/><F95/><W60/><G60/><T52/><D121/><U34/><E34/><V114/><F114/><W2/><G2/><T30/><D120/><U116/><E116/><V91/><F91/><N who="3" m="34891" /><G94/><T68/><D68/><U65/><E47/><V87/><F87/><W129/><G129/><N who="1" m="49162" /><E85/><V69/><F69/><W64/><G64/><T54/><D128/><U59/><E46/><V92/><F92/><W53/><G53/><N who="0" m="20587" /><D84/><U119/><E119/><V29/><AGARI ba="0,0" hai="5,10,12,23,26,29,33,35,75,78,81" m="47721" machi="29" ten="30,3000,0" yaku="18,1,52,1" doraHai="105" who="2" fromWho="2" sc="392,-10,139,-10,197,30,272,-10" /><INIT seed="2,1,0,4,0,122" ten="382,129,227,262" oya="2" hai0="79,98,14,11,65,6,105,78,60,117,76,1,95" hai1="27,133,75,88,111,5,15,126,120,96,83,82,55" hai2="43,57,21,127,40,113,61,31,85,58,107,118,77" hai3="53,131,42,128,74,50,24,36,130,123,19,22,33"/><V52/><F113/><W13/><G123/><T135/><D135/><U2/><E120/><V124/><F107/><W81/><G36/><T119/><D105/><U25/><E2/><V68/><F68/><W8/><G42/><T34/><D34/><U132/><E126/><N who="2" m="48171" /><F118/><N who="0" m="45066" /><D1/><U3/><E3/><V92/><F57/><W89/><G33/><T32/><D32/><U62/><E132/><V9/><F9/><W0/><G0/><T134/><D134/><U100/><E133/><V59/><F59/><W106/><G106/><T84/><D84/><U38/><E38/><V18/><F31/><W109/><G109/><T39/><D39/><U17/><E5/><V70/><F70/><W115/><G115/><T86/><D86/><U10/><E75/><V116/><F116/><W16/><G89/><N who="0" m="55663" /><D78/><U4/><E111/><V103/><F77/><N who="3" m="44215" /><G8/><T97/><D97/><U48/><E100/><V110/><F110/><W46/><G19/><T108/><D108/><U12/><E62/><V56/><F56/><AGARI ba="1,0" hai="6,11,14,56,60,65,76,79" m="55663,45066" machi="56" ten="30,1000,0" yaku="12,1" doraHai="122" who="0" fromWho="2" sc="382,13,129,0,227,-13,262,0" /><INIT seed="3,0,0,2,1,83" ten="395,129,214,262" oya="3" hai0="48,80,34,111,90,99,56,105,7,55,102,39,57" hai1="36,2,91,53,20,38,8,50,76,100,114,78,44" hai2="45,79,32,95,43,118,85,70,133,22,132,119,27" hai3="125,37,13,130,109,82,112,21,121,128,113,67,60"/><W51/><G37/><T35/><D39/><U15/><E114/><N who="3" m="44138" /><G82/><T86/><D7/><U26/><E2/><V81/><F32/><W40/><G13/><T30/><D30/><U25/><E36/><N who="2" m="21735" /><F70/><N who="3" m="42343" /><G21/><T75/><D111/><U87/><E100/><V11/><F11/><W16/><G16/><T65/><D65/><U120/><E120/><V96/><F22/><W101/><G101/><T58/><REACH who="0" step="1"/><D75/><REACH who="0" ten="385,129,214,262" step="2"/><U72/><E38/><V59/><F27/><W131/><G109/><T98/><D98/><U106/><E72/><V41/><F95/><W28/><G28/><T47/><AGARI ba="0,1" hai="34,35,47,48,55,56,57,58,80,86,90,99,102,105" machi="47" ten="30,4000,0" yaku="1,1,0,1,52,1,53,0" doraHai="83" doraHaiUra="69" who="0" fromWho="0" sc="385,50,129,-10,214,-10,262,-20" owari="435,53.5,119,-38.1,204,-19.6,242,4.2" /></mjloggm>