<mjloggm ver="2.3"><GO type="225" lobby="0"/><UN n0="%E6%98%BC%E4%B8%8B%E3%81%8C%E3%82%8A%E3%81%AE%E5%9B%A3%E5%9C%B0%E5%A6%BB" n1="%E6%81%A5%E6%99%92%E3%81%97" n2="%E3%81%A4%E3%81%A3%E3%81%B1%E3%82%8A%E3%83%9D%E3%83%BC%E3%83%AB" n3="%4B%2E%32%2E%4B%2E" dan="16,16,17,16" rate="2150.71,2109.29,2217.40,2148.29" sx="F,M,M,M"/><TAIKYOKU oya="0"/><INIT seed="0,0,0,3,1,47" ten="250,250,250,250" oya="0" hai0="104,103,10,27,106,2,91,11,110,58,124,40,3" hai1="33,35,45,1,48,116,105,63,135,19,22,90,77" hai2="31,67,71,74,39,132,55,117,119,18,49,123,100" hai3="57,130,14,65,108,60,122,6,37,30,56,133,107"/><T7/><D124/><U43/><E116/><N who="2" m="44619" /><F123/><W85/><G37/><T131/><D131/><U64/><E1/><V12/><F132/><W118/><G118/><T78/><D78/><U111/><E111/><V52/><F39/><W70/><G107/><T8/><D110/><U99/><E77/><V53/><F74/><W24/><G108/><T93/><D40/><U121/><E121/><V82/><F31/><W69/><G122/><T41/><D41/><U61/><E61/><N who="2" m="40431" /><F82/><W32/><G130/><T115/><D115/><U112/><E112/><V66/><F66/><W84/><G133/><T62/><D103/><U23/><E135/><V98/><F12/><W0/><G0/><T86/><D27/><U127/><E127/><V36/><F18/><W95/><G70/><T25/><D2/><U44/><E19/><V120/><F36/><W4/><G4/><T34/><D3/><U101/><E64/><V92/><F120/><W113/><G113/><T20/><D7/><U28/><E28/><V46/><AGARI ba="0,0" hai="46,49,52,53,55,92,98,100" m="40431,44619" machi="46" ten="30,4000,0" yaku="12,1,52,1,54,1" doraHai="47" who="2" fromWho="2" sc="250,-20,250,-10,250,40,250,-10" /><INIT seed="1,0,0,0,3,73" ten="230,240,290,240" oya="1" hai0="77,47,30,118,130,49,122,0,71,9,110,38,50" hai1="34,128,113,99,84,6,11,21,95,40,121,67,120" hai2="4,109,14,7,51,119,89,94,60,85,93,81,101" hai3="79,96,117,72,41,68,102,36,28,22,2,27,98"/><U106/><E113/><V124/><F119/><W17/><G117/><T20/><D118/><U1/><E34/><V132/><F109/><W123/><G123/><T25/><D122/><U52/><E128/><V24/><F132/><W92/><G68/><T127/><D71/><U29/><E40/><V133/><F133/><W18/><G2/><T45/><D130/><U62/><E106/><V39/><F39/><W33/><G36/><T75/><D110/><U87/><E120/><V48/><F124/><W100/><G41/><N who="0" m="22711" /><D47/><U108/><E121/><V13/><F60/><W46/><G46/><T63/><D63/><U26/><E108/><V134/><F24/><W42/><G42/><T111/><D127/><U83/><E83/><V19/><F134/><W91/><G91/><T104/><D104/><U23/><E23/><V37/><F37/><W88/><G102/><T80/><D111/><U16/><E29/><V15/><F19/><W103/><G100/><T70/><D70/><U131/><E131/><V57/><F57/><W115/><G115/><T8/><D8/><U135/><E135/><V43/><F43/><W74/><G33/><T86/><D86/><U54/><E87/><V69/><F69/><W90/><G90/><T105/><D105/><U5/><E84/><V112/><F112/><W65/><G65/><T114/><D114/><U66/><E5/><AGARI ba="0,0" hai="0,5,9,20,25,30,49,50,75,77,80" m="22711" machi="5" ten="30,2000,0" yaku="25,1,52,1" doraHai="73" who="0" fromWho="1" sc="230,20,240,-20,290,0,240,0" /><INIT seed="2,0,0,0,5,18" ten="250,220,290,240" oya="2" hai0="69,104,56,68,80,126,47,125,58,77,10,91,98" hai1="105,107,117,31,106,13,78,82,42,17,62,63,113" hai2="96,61,26,123,5,100,118,119,14,40,60,93,127" hai3="84,22,7,49,129,46,43,132,15,73,8,21,79"/><V110/><F123/><W3/><G129/><T74/><D10/><U76/><E113/><V114/><F114/><W135/><G73/><T134/><D134/><N who="3" m="51241" /><G3/><T45/><D56/><U27/><E117/><V23/><F127/><N who="0" m="48650" /><D58/><U92/><E92/><V67/><F110/><W12/><G12/><T37/><D91/><U103/><E103/><V16/><F40/><W128/><G128/><T102/><D37/><U4/><E4/><V109/><F109/><W116/><G116/><T81/><D80/><AGARI ba="0,0" hai="7,8,15,21,22,43,46,49,79,80,84" m="51241" machi="80" ten="30,7700,0" yaku="25,1,20,1,52,2" doraHai="18" who="3" fromWho="0" sc="250,-77,220,0,290,0,240,77" /><INIT seed="3,0,0,2,5,10" ten="173,220,290,317" oya="3" hai0="15,52,135,53,88,62,102,77,55,117,21,7,122" hai1="67,26,78,76,6,91,19,131,3,93,109,79,103" hai2="107,119,14,64,89,18,84,5,92,86,112,105,71" hai3="101,100,80,9,110,27,111,46,113,129,85,98,38"/><W43/><G113/><T17/><D117/><U127/><E109/><N who="3" m="41482" /><G129/><T31/><D122/><U54/><E127/><V96/><F119/><W125/><G125/><T63/><D135/><U59/><E131/><V30/><F112/><W132/><G132/><T114/><D114/><U32/><E3/><V23/><F5/><W124/><G124/><T41/><D77/><U99/><E6/><V72/><F72/><W39/><G39/><T90/><D7/><U123/><E67/><V16/><F30/><W106/><G9/><T56/><D41/><U104/><E123/><V134/><F134/><W69/><G69/><T94/><D31/><U48/><E32/><V95/><F86/><W35/><G101/><T97/><D62/><U8/><E26/><V20/><F64/><AGARI ba="0,0" hai="15,17,21,52,53,55,56,63,64,88,90,94,97,102" machi="64" ten="40,8000,1" yaku="8,1,52,1,54,2" doraHai="10" who="0" fromWho="2" sc="173,80,220,0,290,-80,317,0" owari="253,5.3,220,-18.0,210,-29.0,317,41.7" /></mjloggm>