<mjloggm ver="2.3"><GO type="225" lobby="0"/><UN n0="%54%4F%52" n1="%E3%81%95%E3%81%8D%E3%81%9F%E3%81%BE%E6%9E%97%E6%AA%8E" n2="%E3%81%99%E3%81%84%E3%81%BE%E3%81%9B%E3%83%BC%E3%82%93" n3="%45%6C%79%73%69%75%6D" dan="17,16,16,18" rate="2239.23,2140.43,2159.33,2145.06" sx="M,M,M,F"/><TAIKYOKU oya="0"/><INIT seed="0,0,0,4,3,2" ten="250,250,250,250" oya="0" hai0="65,115,8,52,120,12,47,68,4,103,131,40,22" hai1="6,10,83,45,97,67,112,63,101,15,90,50,109" hai2="29,66,76,113,124,121,36,49,123,110,114,108,74" hai3="107,18,58,39,91,106,79,17,3,51,93,13,37"/><T70/><D115/><N who="2" m="44042" /><F36/><W71/><G3/><T119/><D119/><U134/><E109/><N who="2" m="42091" /><F29/><W125/><G71/><T85/><D120/><N who="2" m="46154" /><F66/><W84/><G39/><T23/><D131/><U57/><E134/><V104/><F49/><W81/><G37/><T86/><D103/><U72/><E112/><V69/><F69/><W0/><G0/><T99/><D99/><U53/><E72/><V95/><F104/><W34/><G106/><T43/><D70/><U60/><E60/><V55/><F55/><W1/><G51/><N who="0" m="28799" /><D65/><U30/><E30/><V87/><F124/><W130/><G125/><T127/><D68/><U111/><E111/><V89/><F74/><W96/><G107/><T133/><D133/><U27/><E27/><V73/><F73/><W38/><G38/><T19/><D127/><U77/><E67/><V31/><F31/><W82/><G58/><T62/><D62/><U126/><E126/><V132/><F76/><W135/><G79/><T129/><D129/><U98/><E63/><V94/><F132/><W25/><G135/><T75/><D75/><U64/><E64/><V5/><F5/><W116/><G130/><T11/><D43/><U128/><E128/><V61/><F61/><W7/><G7/><N who="0" m="3103" /><D40/><U32/><E6/><V9/><F9/><W80/><G1/><N who="0" m="399" /><D19/><U78/><E10/><V88/><F89/><W46/><G91/><T26/><D22/><U24/><E90/><V33/><F33/><W122/><G34/><T59/><D59/><U48/><E32/><V20/><F20/><W100/><G18/><T118/><D23/><U41/><E41/><RYUUKYOKU ba="0,0" sc="250,-10,250,-10,250,30,250,-10" hai2="87,88,94,95" /><INIT seed="1,1,0,2,3,48" ten="240,240,280,240" oya="1" hai0="116,103,11,42,94,46,65,8,77,18,104,80,76" hai1="115,62,90,108,113,14,13,54,21,118,56,34,71" hai2="110,82,61,20,88,28,131,70,29,83,10,25,105" hai3="22,41,39,64,86,106,98,36,101,30,125,85,19"/><U6/><E118/><V75/><F110/><W135/><G125/><T124/><D116/><U100/><E34/><V37/><F37/><W26/><G135/><T72/><D124/><U59/><E71/><V99/><F131/><W51/><G64/><T133/><D133/><U43/><E43/><V78/><F10/><W0/><G0/><T27/><D77/><U122/><E122/><V57/><F70/><W23/><G51/><T9/><D65/><U45/><E45/><V3/><F3/><W121/><G121/><T69/><D69/><U123/><E123/><V40/><F40/><W44/><REACH who="3" step="1"/><G39/><REACH who="3" ten="240,240,280,230" step="2"/><T127/><D127/><U134/><E134/><V49/><F49/><W93/><G93/><T60/><D94/><U120/><E120/><V33/><F83/><W73/><G73/><T81/><D81/><U129/><E115/><V128/><F128/><W1/><G1/><T12/><D80/><U119/><E113/><V35/><F82/><W107/><G107/><T63/><D72/><U96/><E129/><V24/><F105/><W16/><G16/><T130/><D130/><U38/><E38/><V95/><F75/><W132/><G132/><T17/><D17/><U92/><E92/><V50/><F50/><W55/><G55/><T74/><D74/><U97/><E54/><N who="2" m="33975" /><F78/><W66/><G66/><T114/><D76/><U112/><E112/><V91/><F91/><W31/><G31/><T102/><D114/><U109/><E90/><V15/><F88/><W4/><G4/><T58/><D104/><N who="1" m="63495" /><E6/><V68/><F95/><W52/><G52/><N who="0" m="33863" /><D18/><N who="1" m="10447" /><E109/><V53/><F29/><RYUUKYOKU ba="1,1" sc="240,-10,240,-10,280,-10,230,30" hai3="19,22,23,26,30,36,41,44,85,86,98,101,106" /><INIT seed="2,2,1,1,3,23" ten="230,230,270,260" oya="2" hai0="34,70,99,128,119,126,20,96,42,129,98,82,77" hai1="123,84,12,65,57,0,22,32,24,30,130,67,102" hai2="45,74,69,68,52,76,89,28,121,59,104,51,94" hai3="135,38,43,18,14,83,79,21,109,78,36,4,54"/><V72/><F104/><W13/><G109/><T46/><D34/><U124/><E0/><V108/><F121/><W41/><G135/><T31/><D70/><U73/><E73/><V53/><F108/><W29/><G29/><T127/><D31/><U61/><E130/><N who="0" m="50281" /><D20/><U60/><E124/><N who="0" m="47657" /><D119/><U19/><E123/><V132/><F132/><W81/><G54/><T40/><D46/><U115/><E115/><V131/><F131/><W10/><G21/><T113/><D113/><U3/><E3/><V63/><F28/><W48/><G10/><T33/><D33/><U95/><E84/><AGARI ba="2,1" hai="40,42,77,82,84,96,98,99" m="47657,50281" machi="84" ten="40,2600,0" yaku="19,1,18,1" doraHai="23" who="0" fromWho="1" sc="230,42,230,-32,270,0,260,0" /><INIT seed="3,0,0,1,5,7" ten="272,198,270,260" oya="3" hai0="21,48,98,90,66,23,92,107,122,87,55,101,78" hai1="72,130,12,96,109,54,93,133,83,38,119,117,32" hai2="45,16,134,9,19,0,49,100,118,127,73,111,39" hai3="86,120,31,103,104,35,22,102,67,75,123,135,106"/><W34/><G86/><T2/><D122/><N who="3" m="46633" /><G22/><T47/><D2/><U82/><E109/><V37/><F118/><N who="1" m="45065" /><E133/><V94/><F134/><W44/><G135/><T115/><D115/><U24/><E130/><V60/><F73/><W43/><G67/><T85/><REACH who="0" step="1"/><D66/><REACH who="0" ten="262,198,270,260" step="2"/><U20/><E38/><V95/><F37/><W33/><G75/><T1/><D1/><U36/><E36/><V64/><F39/><W81/><G106/><T63/><D63/><U6/><E72/><V84/><F60/><W71/><G104/><T99/><D99/><U10/><E32/><V26/><F0/><W15/><G34/><T8/><D8/><U58/><E58/><V65/><F9/><W59/><G59/><T46/><D46/><U13/><E13/><V69/><F45/><W11/><G15/><T70/><D70/><U51/><E51/><V56/><F49/><W114/><G71/><T89/><D89/><N who="1" m="55343" /><E54/><V128/><F56/><W124/><G35/><T30/><D30/><AGARI ba="0,1" hai="6,10,12,20,24,30,82,83" m="55343,45065" machi="30" ten="30,2000,0" yaku="12,1,52,1" doraHai="7" who="1" fromWho="0" sc="262,-20,198,30,270,0,260,0" /><INIT seed="4,0,0,2,4,95" ten="242,228,270,260" oya="0" hai0="125,76,114,115,32,96,27,104,43,46,13,86,64" hai1="30,117,82,42,134,83,14,40,129,74,51,7,72" hai2="75,71,111,17,77,91,50,128,11,62,18,49,89" hai3="107,3,26,119,8,102,99,67,123,10,54,20,131"/><T2/><D2/><U122/><E117/><V118/><F111/><W65/><G119/><T100/><D125/><U37/><E37/><V53/><F118/><W113/><G113/><N who="0" m="43019" /><D64/><U58/><E122/><V80/><F128/><W38/><G38/><N who="0" m="21879" /><D13/><U112/><E112/><V87/><F71/><W16/><G131/><T69/><D69/><U0/><E0/><V47/><F62/><W127/><G127/><T109/><D109/><U4/><E30/><V56/><F11/><W94/><G123/><T106/><D86/><U60/><E129/><V66/><F66/><W15/><G54/><T31/><D76/><U84/><E134/><V90/><F75/><W132/><G132/><T105/><AGARI ba="0,0" hai="27,31,32,96,100,104,105,106" m="21879,43019" machi="105" ten="30,6000,0" yaku="15,1,23,1,52,1" doraHai="95" who="0" fromWho="0" sc="242,60,228,-20,270,-20,260,-20" owari="302,40.2,208,-29.2,250,5.0,240,-16.0" /></mjloggm>