<mjloggm ver="2.3"><GO type="225" lobby="0"/><UN n0="%E9%80%9F%E6%B0%B4%E5%87%9B%E9%A6%99" n1="%E6%9C%AA%E6%9D%A5%E5%B0%91%E5%B9%B4" n2="%72%69%6F%75%63%68%61%6E" n3="%47%32%E9%BE%8D%E9%96%80" dan="16,16,17,16" rate="2205.79,2147.53,2162.67,2105.66" sx="F,M,M,M"/><TAIKYOKU oya="0"/><INIT seed="0,0,0,2,3,14" ten="250,250,250,250" oya="0" hai0="50,82,12,55,110,88,98,118,49,20,41,103,29" hai1="83,34,35,131,119,109,122,5,24,95,105,21,106" hai2="51,68,10,40,11,126,3,42,84,81,123,53,16" hai3="8,44,124,132,13,135,79,107,77,120,127,19,18"/><T28/><D118/><U92/><E119/><V30/><F123/><W94/><G107/><T71/><D71/><U117/><E117/><V0/><F126/><N who="3" m="48171" /><G120/><T121/><D121/><U67/><E122/><V48/><F68/><W129/><G94/><N who="0" m="56647" /><D103/><U128/><E109/><V75/><F75/><W43/><G129/><N who="1" m="49738" /><E5/><V45/><F30/><W54/><G54/><T64/><D64/><U89/><E83/><V87/><F0/><W63/><G63/><T31/><D110/><U38/><E67/><V108/><F108/><W59/><G59/><T47/><D82/><U6/><E6/><V33/><F33/><N who="1" m="12297" /><E38/><V69/><F69/><W116/><G116/><T91/><D91/><U26/><E92/><V112/><F112/><W36/><G19/><N who="0" m="10343" /><D28/><N who="1" m="17423" /><E26/><V86/><F3/><W78/><AGARI ba="0,0" hai="8,13,18,36,43,44,77,78,79,132,135" m="48171" machi="78" ten="40,2700,0" yaku="18,1,52,1" doraHai="14" who="3" fromWho="3" sc="250,-13,250,-7,250,-7,250,27" /><INIT seed="1,0,0,0,0,38" ten="237,243,243,277" oya="1" hai0="46,9,89,117,44,79,43,124,1,21,68,42,111" hai1="73,77,112,51,11,57,97,3,45,86,84,41,91" hai2="15,114,31,52,95,83,113,134,53,133,108,60,93" hai3="14,59,85,78,50,19,16,32,102,36,2,120,26"/><U100/><E112/><N who="2" m="43115" /><F108/><W8/><G120/><T28/><D68/><U126/><E126/><V20/><F83/><N who="3" m="47351" /><G36/><T61/><D117/><U94/><E73/><V18/><F31/><W63/><G32/><T87/><D79/><U24/><E77/><V5/><F5/><W122/><G2/><T64/><D111/><U55/><E24/><V12/><F12/><W121/><G121/><T71/><D124/><U17/><E100/><V23/><F23/><N who="3" m="13695" /><G122/><T106/><D106/><U74/><E74/><V127/><F127/><W33/><G33/><T88/><D1/><U115/><E115/><V104/><F104/><W37/><G37/><T7/><D9/><U6/><REACH who="1" step="1"/><E17/><REACH who="1" ten="237,233,243,277" step="2"/><V76/><F76/><W40/><G102/><T107/><D107/><U130/><E130/><V66/><F134/><W80/><G16/><T98/><D7/><U119/><E119/><V135/><F133/><W62/><G62/><AGARI ba="0,1" hai="3,6,11,41,45,51,55,57,62,84,86,91,94,97" machi="62" ten="30,5800,0" yaku="1,1,7,1,52,1,53,0" doraHai="38" doraHaiUra="67" who="1" fromWho="3" sc="237,0,233,68,243,0,277,-58" /><INIT seed="1,1,0,4,2,95" ten="237,301,243,219" oya="1" hai0="60,105,30,117,7,86,93,121,78,113,35,39,42" hai1="69,135,34,114,122,67,115,73,97,71,118,54,12" hai2="56,9,111,27,85,92,20,76,2,82,104,14,68" hai3="4,44,29,26,129,65,66,0,87,103,125,75,33"/><U128/><E118/><V126/><F111/><W134/><G75/><T77/><D105/><U31/><E122/><V28/><F126/><W108/><G125/><T59/><D117/><U58/><E73/><V99/><F68/><W63/><G108/><T109/><D113/><U74/><E74/><V22/><F104/><W116/><G116/><T1/><D1/><U89/><E128/><V13/><F22/><W83/><G129/><T84/><D109/><U19/><E135/><V8/><F56/><W62/><G134/><T107/><D107/><U46/><E46/><V41/><F41/><W127/><G127/><T17/><D7/><U10/><E31/><V94/><F2/><W43/><G103/><T81/><D42/><U90/><E34/><V124/><F124/><W98/><G98/><T130/><D39/><U106/><E89/><V101/><REACH who="2" step="1"/><F92/><REACH who="2" ten="237,301,233,219" step="2"/><W25/><G0/><T131/><D131/><U119/><E119/><V24/><F24/><W18/><G25/><T132/><D130/><U120/><E106/><V80/><F80/><W55/><G43/><T64/><D132/><U57/><E71/><V50/><F50/><W16/><G83/><N who="0" m="47215" /><D93/><N who="1" m="56503" /><E115/><V37/><F37/><W52/><G26/><N who="0" m="18903" /><D121/><U133/><E120/><V102/><F102/><W61/><G33/><T88/><D59/><U48/><E114/><V45/><F45/><W38/><G38/><T36/><D36/><U23/><E133/><V3/><F3/><W100/><G44/><T11/><D81/><U51/><E69/><V72/><F72/><W112/><G112/><T70/><D70/><U49/><E23/><RYUUKYOKU ba="1,1" sc="237,-15,301,15,233,15,219,-15" hai1="10,12,19,48,49,51,54,57,58,67" hai2="8,9,13,14,20,27,28,76,82,85,94,99,101" /><INIT seed="1,2,1,4,2,28" ten="222,316,248,204" oya="1" hai0="129,89,14,9,66,65,135,51,85,69,3,34,43" hai1="109,80,52,44,117,72,41,71,110,127,77,102,53" hai2="1,92,24,111,120,118,83,7,6,4,57,22,16" hai3="11,38,8,64,35,132,91,13,100,90,19,20,31"/><U98/><E117/><V104/><F104/><W103/><G38/><T119/><D69/><U55/><E71/><V134/><F118/><W101/><G132/><T23/><D129/><U27/><E127/><V94/><F120/><W58/><G35/><T96/><D135/><U61/><E61/><V63/><F134/><W10/><REACH who="3" step="1"/><G31/><REACH who="3" ten="222,316,248,194" step="2"/><T125/><D119/><U95/><REACH who="1" step="1"/><E27/><REACH who="1" ten="222,306,248,194" step="2"/><V121/><F121/><W17/><G17/><T113/><D125/><U47/><E47/><V25/><F25/><W36/><G36/><AGARI ba="2,3" hai="36,41,44,52,53,55,72,77,80,95,98,102,109,110" machi="36" ten="40,7700,0" yaku="1,1,54,1,53,1" doraHai="28" doraHaiUra="37" who="1" fromWho="3" sc="222,0,306,113,248,0,194,-83" /><INIT seed="1,3,0,3,1,112" ten="222,419,248,111" oya="1" hai0="5,25,40,98,19,62,121,70,0,65,124,93,12" hai1="111,105,69,75,2,134,79,49,43,100,47,53,96" hai2="91,8,55,76,101,88,36,109,131,66,77,14,95" hai3="61,16,71,103,35,86,54,9,6,92,21,42,80"/><U108/><E69/><V102/><F109/><N who="1" m="42057" /><E134/><V24/><F131/><W123/><G35/><T11/><D124/><U33/><E33/><V22/><F36/><W113/><G123/><T82/><D121/><U122/><E122/><V29/><F66/><W135/><G113/><T38/><D82/><N who="1" m="45439" /><E2/><V125/><F125/><W97/><G135/><T119/><D119/><U133/><E133/><V74/><F74/><W130/><G42/><AGARI ba="3,0" hai="42,43,47,49,53,96,100,105" m="45439,42057" machi="42" ten="30,2900,0" yaku="14,1,10,1" doraHai="112" who="1" fromWho="3" sc="222,0,419,38,248,0,111,-38" /><INIT seed="1,4,0,3,5,20" ten="222,457,248,73" oya="1" hai0="35,124,135,33,96,109,99,46,88,13,40,125,95" hai1="56,94,72,63,38,114,2,22,12,91,26,31,23" hai2="15,11,130,9,110,61,119,32,55,93,52,47,98" hai3="54,19,102,58,28,66,60,39,24,37,128,71,127"/><U27/><E114/><V43/><F119/><W86/><G128/><T117/><D117/><U67/><E2/><V118/><F118/><W49/><G127/><N who="0" m="48715" /><D109/><U36/><E12/><V90/><F110/><W92/><G19/><T10/><D99/><U8/><E8/><V106/><F130/><W83/><G92/><T107/><D107/><U97/><E72/><V42/><F32/><W103/><G103/><T41/><D135/><U122/><E122/><V4/><F106/><W6/><G6/><N who="0" m="3287" /><D40/><U1/><E1/><V87/><F42/><W0/><G102/><T14/><D14/><U65/><E65/><V62/><F9/><W70/><G70/><T75/><D75/><U77/><E77/><V79/><F62/><W80/><G0/><T104/><D104/><U133/><E133/><V132/><F132/><W3/><G3/><T115/><D115/><U53/><E67/><V21/><F61/><W51/><G51/><AGARI ba="4,0" hai="33,35,41,46,51,88,95,96" m="3287,48715" machi="51" ten="30,2000,0" yaku="18,1,54,1" doraHai="20" who="0" fromWho="3" sc="222,32,457,0,248,0,73,-32" /><INIT seed="2,0,0,4,4,42" ten="254,457,248,41" oya="2" hai0="26,79,100,56,15,54,35,14,122,83,121,133,9" hai1="66,40,111,94,67,89,25,128,99,8,74,84,135" hai2="30,29,120,20,59,47,76,82,124,21,90,24,91" hai3="53,64,126,113,105,88,32,2,51,87,0,50,60"/><V37/><F120/><W86/><G32/><T103/><D133/><U41/><E74/><V27/><F124/><W49/><G126/><T134/><D134/><U123/><E135/><V48/><F37/><W102/><G113/><T75/><D15/><U73/><E73/><V12/><F59/><W95/><G86/><T127/><D127/><U71/><E123/><V78/><F12/><W7/><G7/><T19/><D103/><U81/><E111/><V119/><F119/><W69/><REACH who="3" step="1"/><G53/><REACH who="3" ten="254,457,248,31" step="2"/><T58/><D54/><U18/><E84/><N who="2" m="48199" /><F78/><W117/><G117/><T13/><D35/><U96/><E96/><AGARI ba="0,1" hai="0,2,49,50,51,60,64,69,87,88,95,96,102,105" machi="96" ten="40,8000,1" yaku="1,1,54,1,53,2" doraHai="42" doraHaiUra="33" who="3" fromWho="1" sc="254,0,457,-80,248,0,31,90" /><INIT seed="3,0,0,2,1,90" ten="254,377,248,121" oya="3" hai0="26,84,29,87,64,122,32,135,20,0,41,22,89" hai1="9,67,24,107,130,4,73,44,76,132,55,34,123" hai2="70,110,134,2,133,127,102,61,6,8,108,5,59" hai3="53,43,121,124,10,116,14,99,68,109,88,57,86"/><W3/><G116/><T25/><D0/><U72/><E107/><V49/><F127/><W16/><G121/><T113/><D122/><U12/><E123/><V78/><F102/><W23/><G68/><T66/><D135/><N who="2" m="51722" /><F78/><W119/><G119/><T52/><D113/><U112/><E44/><V97/><F97/><W15/><G124/><T7/><D7/><U80/><E24/><V48/><F70/><W17/><G3/><T45/><D32/><U82/><E82/><V79/><F79/><W103/><G43/><T1/><D1/><U125/><E12/><V105/><F6/><W54/><G109/><N who="2" m="42089" /><F105/><W126/><G126/><T131/><D87/><U69/><E76/><V83/><F83/><N who="3" m="49247" /><G57/><T50/><D41/><U46/><E80/><V75/><F75/><W71/><G71/><T39/><D39/><U30/><E72/><V101/><F101/><W128/><G128/><T114/><D114/><U96/><E130/><V42/><F42/><W36/><G36/><T115/><D115/><U21/><E73/><V118/><F118/><W94/><AGARI ba="0,0" hai="10,14,15,16,17,23,53,54,94,99,103" m="49247" machi="94" ten="30,11700,0" yaku="8,1,52,1,54,2" doraHai="90" who="3" fromWho="3" sc="254,-39,377,-39,248,-39,121,117" /><INIT seed="3,1,0,4,4,70" ten="215,338,209,238" oya="3" hai0="37,75,47,92,48,77,68,5,132,74,117,98,0" hai1="97,114,120,20,23,69,34,71,122,79,116,56,89" hai2="78,35,3,38,64,21,128,8,106,87,18,67,39" hai3="99,22,57,108,119,125,130,2,9,50,129,80,14"/><W118/><G99/><T86/><D68/><U88/><E114/><V124/><F35/><W53/><G2/><T115/><D117/><U55/><E116/><V44/><F106/><W25/><G80/><T111/><D115/><U81/><E34/><V94/><F124/><W60/><G125/><T58/><D111/><U24/><E97/><V61/><F128/><N who="3" m="49259" /><G108/><T12/><D0/><U91/><E69/><V16/><F44/><W126/><G126/><T28/><D47/><U17/><E71/><V72/><F72/><W36/><G36/><T19/><D37/><U26/><E81/><N who="2" m="47543" /><F3/><W110/><G60/><T30/><D74/><U52/><E79/><V43/><F43/><W127/><G127/><T51/><D75/><U65/><E65/><N who="2" m="25163" /><F39/><W96/><G110/><T29/><D5/><U33/><E33/><V1/><F38/><W134/><G134/><T101/><D132/><U11/><E120/><V13/><F1/><W135/><G135/><T133/><D133/><U40/><E122/><V83/><F83/><W109/><G109/><T42/><D42/><U45/><E40/><V41/><F41/><W10/><G96/><T32/><D32/><U84/><E84/><V31/><F94/><W59/><G59/><T85/><D77/><U46/><E56/><V105/><F105/><W93/><G93/><T113/><D113/><U4/><E46/><V27/><F61/><W107/><G107/><T90/><D58/><U63/><E45/><V131/><F131/><W100/><G119/><T82/><D86/><U7/><E63/><V103/><F103/><W121/><G118/><RYUUKYOKU ba="1,0" sc="215,15,338,-15,209,15,238,-15" hai0="12,19,28,29,30,48,51,82,85,90,92,98,101" hai2="8,13,16,18,21,27,31" owari="230,3.0,323,42.3,224,-17.6,223,-27.7" /></mjloggm>