<mjloggm ver="2.3"><GO type="225" lobby="0"/><UN n0="%E6%A1%9C%E8%8A%B1%E9%96%83%E3%80%85" n1="%E3%81%93%E3%81%8F%E3%82%89%E3%82%AB%E3%83%90%E8%94%B5" n2="%E6%98%BC%E4%B8%8B%E3%81%8C%E3%82%8A%E3%81%AE%E5%9B%A3%E5%9C%B0%E5%A6%BB" n3="%E6%98%93%E5%88%A9%E8%96%A9%E4%BC%AF" dan="17,16,16,16" rate="2189.87,2095.68,2139.63,2104.77" sx="M,M,F,F"/><TAIKYOKU oya="0"/><INIT seed="0,0,0,2,2,88" ten="250,250,250,250" oya="0" hai0="17,122,132,105,118,67,63,34,76,0,127,15,81" hai1="82,40,19,77,9,18,47,41,99,73,109,102,56" hai2="43,10,45,64,33,79,120,98,52,116,28,59,69" hai3="26,101,90,123,60,75,66,36,20,32,95,133,51"/><T68/><D118/><U86/><E109/><V70/><F120/><W92/><G36/><T44/><D0/><U71/><E71/><V130/><F116/><W42/><G75/><T39/><D122/><U6/><E56/><V62/><F130/><W55/><G32/><T4/><D127/><U96/><E96/><V129/><F129/><W83/><G133/><T119/><D119/><U124/><E124/><V29/><F79/><W112/><G42/><T87/><D132/><U80/><E80/><V115/><F115/><W48/><G112/><T11/><D34/><U94/><E40/><V85/><F85/><W58/><G123/><T89/><D105/><U117/><E117/><V27/><F29/><W103/><G83/><T93/><D44/><U126/><E126/><V13/><F98/><W22/><G51/><T8/><D39/><U16/><E73/><V54/><F69/><W14/><G14/><T30/><D30/><U35/><E35/><V128/><F70/><W107/><G107/><T21/><REACH who="0" step="1"/><D4/><REACH who="0" ten="240,250,250,250" step="2"/><U110/><E110/><V31/><F31/><W106/><G106/><T65/><D65/><U53/><E53/><V72/><F128/><W57/><G22/><T100/><D100/><N who="3" m="38473" /><G90/><T131/><D131/><U104/><E104/><V3/><F3/><W1/><G1/><T37/><D37/><U114/><E114/><V135/><F135/><W111/><G111/><T12/><D12/><N who="1" m="7183" /><E6/><V134/><F134/><W108/><G108/><T121/><D121/><U78/><E77/><V91/><F33/><W84/><G20/><T7/><D7/><U24/><E78/><RYUUKYOKU ba="0,1" sc="240,30,250,-10,250,-10,250,-10" hai0="8,11,15,17,21,63,67,68,76,81,87,89,93" /><INIT seed="0,1,1,2,3,61" ten="270,240,240,240" oya="0" hai0="78,19,76,101,30,5,131,77,45,127,57,22,116" hai1="1,100,18,118,65,14,79,108,10,90,80,13,68" hai2="69,134,117,42,56,58,53,95,11,23,15,133,64" hai3="25,16,114,52,102,96,4,38,83,43,105,125,120"/><T40/><D116/><U130/><E118/><V74/><F117/><W67/><G114/><T123/><D123/><U84/><E108/><V46/><F74/><W88/><G120/><T92/><D127/><U31/><E130/><V128/><F128/><W81/><G4/><T126/><D126/><U70/><E1/><V82/><F23/><W93/><G125/><T87/><D131/><U12/><E100/><V97/><F82/><W21/><G67/><T121/><D121/><U89/><E31/><V0/><F0/><W24/><G24/><T94/><D5/><U32/><E32/><V3/><F3/><W104/><G52/><T103/><D57/><U2/><E2/><V107/><F107/><W112/><G112/><T27/><D30/><U34/><E34/><V111/><F111/><W110/><G110/><T73/><D73/><U119/><E119/><V9/><F69/><W132/><G132/><N who="2" m="50793" /><F64/><W63/><G63/><T91/><REACH who="0" step="1"/><D94/><REACH who="0" ten="260,240,240,240" step="2"/><U48/><E68/><V6/><F58/><W60/><G105/><T28/><D28/><U62/><E48/><AGARI ba="1,2" hai="19,22,27,40,45,48,76,77,78,87,91,92,101,103" machi="48" ten="40,7700,0" yaku="1,1,8,1,53,1" doraHai="61" doraHaiUra="36" who="0" fromWho="1" sc="260,100,240,-80,240,0,240,0" /><INIT seed="0,2,0,1,2,42" ten="360,160,240,240" oya="0" hai0="81,38,85,27,37,48,70,24,20,78,89,11,91" hai1="23,54,93,49,26,100,109,64,90,41,7,60,67" hai2="34,74,114,87,123,127,113,30,61,9,131,124,16" hai3="39,51,22,65,106,102,110,122,0,112,36,58,19"/><T25/><D70/><U120/><E120/><V5/><F74/><W98/><G112/><N who="2" m="43113" /><F61/><W68/><G0/><T107/><D107/><U88/><E109/><V125/><F87/><W35/><G110/><T52/><D11/><U53/><E7/><V119/><F123/><W45/><G35/><T117/><D117/><U4/><E4/><V96/><F96/><W28/><G28/><T111/><D111/><U84/><E100/><V133/><F119/><W132/><G132/><T80/><D20/><U121/><E121/><V21/><F133/><W69/><G69/><T77/><D89/><U12/><E12/><N who="2" m="5167" /><F131/><W105/><G68/><T83/><D78/><U72/><E72/><V103/><F103/><W82/><G82/><T135/><D135/><U134/><E90/><V128/><F128/><W40/><G106/><T79/><D79/><U97/><E84/><V44/><F44/><W15/><REACH who="3" step="1"/><G122/><REACH who="3" ten="360,160,240,230" step="2"/><T1/><D1/><U71/><E134/><V32/><F30/><W10/><G10/><T31/><D31/><U55/><E71/><V99/><F99/><W59/><G59/><T14/><D77/><U101/><E101/><V63/><F63/><AGARI ba="2,1" hai="15,19,22,36,39,40,45,51,58,63,65,98,102,105" machi="63" ten="40,5200,0" yaku="1,1,52,1,53,1" doraHai="42" doraHaiUra="92" who="3" fromWho="2" sc="360,0,160,0,240,-58,230,68" /><INIT seed="1,0,0,1,2,23" ten="360,160,182,298" oya="1" hai0="102,40,105,68,81,132,24,17,94,26,58,45,80" hai1="106,29,87,34,10,20,72,130,43,99,86,60,57" hai2="135,22,5,4,37,54,48,42,133,92,53,12,14" hai3="82,74,124,21,35,118,56,59,75,28,46,62,112"/><U1/><E72/><V13/><F37/><W97/><G112/><T6/><D68/><U27/><E130/><V95/><F42/><W104/><G59/><T16/><D105/><U55/><E43/><V15/><N who="2" m="3072" /><DORA hai="113" /><V38/><F38/><W79/><G46/><T25/><D132/><N who="2" m="50762" /><F22/><W49/><G49/><N who="0" m="26791" /><D58/><U31/><E106/><V41/><F41/><W101/><G21/><T111/><D111/><U77/><E99/><V47/><F53/><W109/><G109/><T39/><D6/><AGARI ba="0,0" hai="4,5,6,47,48,54,92,95" m="50762,3072" machi="6" ten="50,1600,0" yaku="20,1" doraHai="23,113" who="2" fromWho="0" sc="360,-16,160,0,182,16,298,0" /><INIT seed="2,0,0,3,4,90" ten="344,160,198,298" oya="2" hai0="25,4,101,45,5,91,30,3,113,22,44,49,118" hai1="48,119,98,106,134,92,115,16,87,0,57,37,38" hai2="50,95,31,93,130,117,103,23,76,29,104,127,84" hai3="51,36,96,61,53,64,1,8,102,35,78,33,116"/><V128/><F117/><W39/><G116/><T65/><D118/><U124/><E119/><RYUUKYOKU type="kaze4" ba="0,0" sc="344,0,160,0,198,0,298,0" /><INIT seed="2,1,0,3,0,39" ten="344,160,198,298" oya="2" hai0="64,55,41,101,73,68,75,128,0,7,81,96,48" hai1="52,13,109,45,133,70,125,66,100,114,111,67,107" hai2="49,124,1,40,14,103,71,69,43,30,118,126,77" hai3="117,20,112,106,28,25,4,90,119,42,113,23,9"/><V134/><F118/><N who="3" m="45067" /><G90/><T44/><D128/><U105/><E114/><N who="3" m="44138" /><G106/><T84/><D7/><U104/><E100/><V53/><F1/><N who="3" m="143" /><G42/><N who="2" m="15913" /><F103/><W38/><G38/><T127/><D127/><N who="2" m="48682" /><F77/><W11/><G11/><T21/><D0/><U60/><E125/><V93/><F93/><W102/><G102/><T63/><D101/><U35/><E35/><AGARI ba="1,0" hai="20,23,25,28,35" m="143,44138,45067" machi="35" ten="30,3900,0" yaku="11,1,34,2" doraHai="39" who="3" fromWho="1" sc="344,0,160,-42,198,0,298,42" /><INIT seed="3,0,0,2,1,11" ten="344,118,198,340" oya="3" hai0="54,111,116,32,10,82,98,58,99,41,79,109,85" hai1="97,12,106,96,71,19,118,73,130,50,57,61,80" hai2="62,92,53,31,103,26,51,128,45,43,70,52,30" hai3="135,67,110,122,88,56,91,49,7,112,3,34,24"/><W46/><G112/><T21/><D32/><U63/><E130/><V119/><F119/><W77/><G122/><T125/><D116/><U65/><E118/><V84/><F128/><W108/><G135/><T120/><D120/><U133/><E133/><V94/><F31/><W38/><G38/><T89/><D125/><U78/><E50/><V36/><F103/><W131/><G131/><T134/><D134/><U113/><E113/><V1/><F1/><W68/><G68/><T81/><D10/><U123/><E123/><V13/><F84/><W5/><G77/><T42/><D21/><U104/><E104/><V28/><F28/><W0/><G0/><T16/><D16/><U64/><REACH who="1" step="1"/><E106/><REACH who="1" ten="344,108,198,340" step="2"/><V8/><F51/><W66/><G34/><T15/><D111/><N who="3" m="42537" /><G24/><T48/><D109/><U20/><AGARI ba="0,1" hai="12,19,20,57,61,63,64,65,71,73,78,80,96,97" machi="20" ten="20,12000,2" yaku="1,1,0,1,7,1,52,1,53,2" doraHai="11" doraHaiUra="60" who="1" fromWho="1" sc="344,-30,108,130,198,-30,340,-60" owari="314,41.4,238,-16.2,168,-33.2,280,8.0" /></mjloggm>