<mjloggm ver="2.3"><GO type="225" lobby="0"/><UN n0="%E3%81%82%E3%81%99%E3%81%AB%E3%82%83%E3%82%80" n1="%E3%81%BE%E3%81%A8%E3%81%9F" n2="%4E%49%4A%49%49%52%4F" n3="%E6%98%93%E5%88%A9%E8%96%A9%E4%BC%AF" dan="16,16,16,16" rate="2025.82,2152.27,2178.09,2153.80" sx="F,M,M,F"/><TAIKYOKU oya="0"/><INIT seed="0,0,0,1,2,80" ten="250,250,250,250" oya="0" hai0="17,121,48,96,114,11,111,95,58,62,73,72,94" hai1="50,25,93,23,16,132,124,32,71,106,122,125,100" hai2="46,31,76,77,85,41,101,79,19,7,78,128,59" hai3="98,4,21,55,0,119,57,108,47,60,26,34,8"/><T83/><D114/><U110/><E122/><V15/><F128/><W66/><G108/><T52/><D121/><U18/><E110/><V22/><F101/><W10/><G119/><T89/><D111/><U45/><E106/><V5/><F31/><W14/><G98/><T99/><D83/><U91/><E71/><V44/><F59/><W56/><G47/><N who="2" m="17961" /><F41/><W118/><G34/><T81/><D81/><AGARI ba="0,0" hai="5,7,15,19,22,76,77,78,79,81,85" m="17961" machi="81" ten="30,2000,0" yaku="8,1,52,1" doraHai="80" who="2" fromWho="0" sc="250,-20,250,0,250,20,250,0" /><INIT seed="1,0,0,4,3,23" ten="230,250,270,250" oya="1" hai0="68,5,94,10,100,44,135,20,7,124,130,98,56" hai1="129,66,57,67,93,112,107,25,106,95,96,117,22" hai2="82,8,42,60,79,71,31,1,59,36,24,21,28" hai3="78,6,47,27,109,16,102,64,3,75,119,91,4"/><U38/><E112/><V76/><F71/><W46/><G102/><T61/><D130/><U90/><E117/><V52/><F42/><W126/><G109/><T32/><D32/><U92/><E38/><V86/><F36/><W55/><G64/><T132/><D124/><U35/><E35/><V18/><F1/><W123/><G123/><T101/><D68/><U108/><E108/><V116/><F116/><W14/><G3/><T33/><D33/><U87/><E129/><V40/><F40/><W114/><G114/><T125/><D44/><U74/><E74/><V97/><F76/><W121/><G121/><T110/><D110/><U69/><E69/><V13/><REACH who="2" step="1"/><F97/><REACH who="2" ten="230,250,260,250" step="2"/><W2/><G2/><T11/><D125/><U113/><E113/><V133/><F133/><W63/><G126/><T131/><D132/><U105/><E96/><V45/><F45/><W128/><G47/><T88/><D135/><U70/><E70/><V115/><F115/><W73/><G78/><T29/><D131/><U84/><E57/><V118/><F118/><W103/><G46/><T51/><D101/><U85/><REACH who="1" step="1"/><E90/><REACH who="1" ten="230,240,260,250" step="2"/><V134/><F134/><W12/><G91/><T62/><D88/><U81/><E81/><V43/><F43/><W77/><G128/><T120/><D98/><U48/><E48/><V104/><F104/><W80/><G119/><T99/><D51/><U53/><E53/><V89/><F89/><W58/><G103/><T54/><D100/><U0/><E0/><V83/><F83/><W17/><G80/><T65/><D99/><U41/><E41/><V111/><F111/><RYUUKYOKU ba="0,2" sc="230,-15,240,15,260,15,250,-15" hai1="22,25,66,67,84,85,87,92,93,95,105,106,107" hai2="8,13,18,21,24,28,31,52,59,60,79,82,86" /><INIT seed="1,1,2,2,4,63" ten="215,255,275,235" oya="1" hai0="88,53,60,1,7,8,71,114,91,96,79,62,13" hai1="135,113,131,56,89,132,19,55,118,38,31,4,87" hai2="99,115,129,6,35,52,124,103,126,86,27,51,65" hai3="75,25,39,94,12,109,92,10,110,127,33,83,107"/><U3/><E113/><V22/><F129/><W9/><G107/><T70/><D114/><U133/><E118/><V111/><F111/><N who="3" m="42507" /><G39/><T74/><D1/><U72/><E72/><V2/><F115/><W68/><G68/><T42/><D42/><U69/><E69/><V116/><F35/><W105/><G105/><T57/><D96/><U130/><E38/><V80/><F116/><W14/><G33/><T123/><D71/><U47/><E47/><V95/><F6/><N who="3" m="3127" /><G25/><T45/><D45/><U112/><E31/><V29/><F2/><W90/><G127/><T134/><D134/><U36/><E36/><V5/><F5/><N who="3" m="3407" /><G90/><T44/><D44/><U43/><E112/><V61/><F126/><W15/><G15/><T0/><D13/><U117/><E117/><V102/><F124/><W76/><AGARI ba="1,2" hai="75,76,83,92,94" m="3407,3127,42507" machi="76" ten="30,1100,0" yaku="14,1" doraHai="63" who="3" fromWho="3" sc="215,-4,255,-6,275,-4,235,34" /><INIT seed="2,0,0,3,1,91" ten="211,249,271,269" oya="2" hai0="75,81,0,121,39,103,20,131,36,116,31,38,29" hai1="54,78,26,1,59,134,110,82,124,6,45,16,27" hai2="57,89,111,119,127,105,33,5,23,30,70,40,133" hai3="76,106,72,115,41,49,47,90,51,67,132,114,50"/><V112/><F119/><W37/><G106/><T13/><D121/><U120/><E110/><V95/><F70/><W14/><G132/><T66/><D0/><U135/><E120/><V129/><F105/><W73/><G67/><T58/><D116/><U104/><E104/><V43/><F112/><N who="3" m="43051" /><G76/><T79/><D131/><U102/><E102/><V2/><F33/><W42/><G42/><T48/><D103/><U125/><E45/><V64/><F111/><W65/><G65/><T32/><D32/><U11/><E16/><V107/><F133/><N who="1" m="50697" /><E26/><V98/><F129/><W86/><G14/><T83/><D83/><AGARI ba="0,0" hai="37,41,47,49,50,51,72,73,83,86,90" m="43051" machi="83" ten="30,1000,0" yaku="11,1" doraHai="91" who="3" fromWho="0" sc="211,-10,249,0,271,0,269,10" /><INIT seed="3,0,0,0,3,52" ten="201,249,271,279" oya="3" hai0="128,129,23,47,53,125,119,58,98,67,89,70,83" hai1="124,86,123,65,24,16,131,32,126,73,2,66,7" hai2="50,56,109,30,3,42,110,101,121,60,96,132,106" hai3="102,27,61,127,48,57,76,34,39,107,33,112,5"/><W117/><G39/><T43/><D119/><U35/><E123/><V68/><F121/><W120/><G120/><T115/><D125/><N who="1" m="48235" /><E73/><V40/><F132/><W103/><G112/><T100/><D115/><U8/><E86/><V108/><F68/><W90/><G117/><T62/><D23/><N who="1" m="13415" /><E65/><N who="2" m="39047" /><F3/><W116/><G76/><T46/><D89/><U87/><E87/><V15/><F30/><W105/><G90/><T77/><D83/><U78/><E66/><V74/><F74/><W85/><G85/><T133/><D77/><U18/><E78/><V22/><F50/><W122/><G48/><N who="0" m="31015" /><D133/><U13/><E131/><N who="0" m="50249" /><D43/><U135/><E135/><V94/><F106/><AGARI ba="0,0" hai="46,47,62,67,70,98,100,106" m="50249,31015" machi="106" ten="30,2000,0" yaku="19,1,52,1" doraHai="52" who="0" fromWho="2" sc="201,20,249,0,271,-20,279,0" /><INIT seed="4,0,0,2,0,50" ten="221,249,251,279" oya="0" hai0="73,117,87,76,94,66,33,115,86,46,96,116,18" hai1="97,85,44,83,9,113,25,49,62,64,14,75,119" hai2="130,2,124,59,28,1,77,58,35,80,108,61,20" hai3="92,27,54,82,129,98,121,84,11,68,101,32,100"/><T110/><D33/><U63/><E119/><N who="0" m="45641" /><D18/><U57/><E75/><V24/><F108/><W90/><G68/><T37/><D66/><U125/><E125/><V126/><F130/><W8/><G129/><T107/><D46/><U22/><E97/><V120/><F120/><W13/><G121/><T26/><D26/><U127/><E127/><N who="2" m="48683" /><F35/><W7/><G11/><T3/><D3/><N who="2" m="1034" /><F61/><W88/><REACH who="3" step="1"/><G54/><REACH who="3" ten="221,249,251,269" step="2"/><T21/><D37/><U12/><E9/><V5/><F5/><W89/><G89/><N who="0" m="55375" /><D110/><U19/><E64/><V111/><F111/><W17/><G17/><T103/><D115/><U36/><E113/><V134/><F134/><W65/><G65/><T122/><D122/><U131/><E131/><V53/><F53/><W81/><G81/><N who="0" m="45199" /><D21/><U10/><E22/><V112/><F112/><W132/><G132/><T118/><N who="0" m="45649" /><T123/><DORA hai="34" /><D123/><U56/><E19/><V55/><F55/><W23/><G23/><T45/><D45/><U41/><E44/><V71/><F71/><W51/><G51/><T79/><D79/><U133/><E49/><V109/><F109/><W67/><G67/><T93/><D107/><U0/><E133/><V60/><F60/><W48/><G48/><T102/><D102/><U135/><E62/><V114/><F114/><W99/><G99/><AGARI ba="0,1" hai="86,87,93,99,103" m="45199,55375,45649" machi="99" ten="40,3900,0" yaku="34,2" doraHai="50,34" who="0" fromWho="3" sc="221,49,249,0,251,0,269,-39" /><INIT seed="4,1,0,0,0,63" ten="270,249,251,230" oya="0" hai0="3,121,31,8,88,50,103,44,99,16,122,41,131" hai1="77,89,75,117,109,119,86,108,25,93,92,22,35" hai2="30,132,76,61,97,135,87,126,60,28,39,69,54" hai3="130,116,106,40,58,9,66,79,80,48,20,96,72"/><T128/><D31/><U33/><E35/><V124/><F39/><W114/><G116/><N who="1" m="44618" /><E33/><V13/><F97/><W47/><G114/><T45/><D45/><U73/><E22/><V43/><F43/><W82/><G130/><N who="0" m="49707" /><D88/><N who="1" m="53271" /><E25/><V26/><F13/><W21/><G82/><T11/><D3/><U74/><E77/><V46/><F76/><W101/><REACH who="3" step="1"/><G9/><REACH who="3" ten="270,249,251,220" step="2"/><T27/><D8/><U38/><E38/><V94/><F132/><W112/><G112/><T23/><D11/><U102/><E102/><V5/><F135/><W65/><G65/><T36/><D36/><U85/><AGARI ba="1,1" hai="73,74,75,85,89,93,108,109" m="53271,44618" machi="85" ten="40,5200,0" yaku="34,2,54,1" doraHai="63" who="1" fromWho="1" sc="270,-27,249,65,251,-14,220,-14" owari="243,4.3,314,41.4,237,-16.3,206,-29.4" /></mjloggm>