<mjloggm ver="2.3"><GO type="225" lobby="0"/><UN n0="%74%61%6B%75%61%6B%61" n1="%E3%81%AF%E3%82%88%E3%81%8A%E3%81%98%E3%81%95%E3%82%93" n2="%E3%83%B4%E3%82%A3%E3%83%AF%E3%82%B3%E3%82%B0%E3%83%8B" n3="%E5%B8%86%E7%AB%8B%E5%A4%8F%E8%A1%A3" dan="17,16,16,17" rate="2190.90,2157.59,2149.44,2148.16" sx="M,M,M,M"/><TAIKYOKU oya="0"/><INIT seed="0,0,0,5,2,88" ten="250,250,250,250" oya="0" hai0="81,4,102,93,42,13,106,65,60,68,89,107,104" hai1="23,86,32,43,66,128,52,72,22,1,3,122,84" hai2="121,31,124,6,15,19,101,78,56,30,118,70,54" hai3="57,134,90,80,96,75,38,2,79,97,91,58,67"/><T73/><D42/><U98/><E72/><V26/><F121/><W46/><G134/><T108/><D108/><U7/><E32/><V109/><F70/><W51/><G38/><T55/><D55/><U129/><E43/><V110/><F78/><W77/><G2/><T53/><D53/><U103/><E66/><V114/><F124/><W76/><G75/><T130/><D130/><N who="1" m="50283" /><E122/><V36/><F101/><W85/><G90/><T34/><D34/><U132/><E132/><V117/><F6/><W49/><G49/><T99/><D4/><U44/><E22/><N who="2" m="11647" /><F114/><W20/><G20/><T39/><D13/><U41/><E23/><N who="2" m="15711" /><F31/><W126/><G126/><T33/><D33/><U100/><E100/><V62/><F36/><W21/><G21/><T133/><D39/><U29/><E29/><V45/><F45/><W64/><G64/><T123/><D133/><U35/><E35/><V112/><F112/><W119/><G67/><T24/><D123/><U113/><E41/><V92/><F92/><W71/><G71/><T11/><D24/><U47/><E44/><V25/><F25/><W111/><G111/><AGARI ba="0,0" hai="54,56,62,109,110,111,117,118" m="15711,11647" machi="111" ten="30,1000,0" yaku="14,1" doraHai="88" who="2" fromWho="3" sc="250,0,250,0,250,10,250,-10" /><INIT seed="1,0,0,0,1,114" ten="250,250,260,240" oya="1" hai0="127,76,70,106,90,30,87,37,39,26,62,123,31" hai1="34,84,1,20,47,52,78,133,57,40,43,64,59" hai2="42,115,100,19,117,89,27,113,15,2,46,79,16" hai3="77,28,75,68,44,49,55,56,81,61,109,135,85"/><U129/><E34/><V88/><F2/><W17/><G109/><T120/><D127/><U104/><E104/><V5/><F117/><W38/><G135/><T48/><D106/><U105/><E105/><V71/><F71/><W98/><G28/><T116/><D76/><U58/><E1/><V72/><F100/><W0/><G0/><T3/><D3/><U121/><E121/><N who="0" m="46665" /><D48/><N who="1" m="28703" /><E133/><V29/><F5/><W54/><G75/><T131/><D116/><U9/><E129/><V93/><F79/><W36/><G68/><T10/><D10/><U63/><E9/><N who="2" m="6255" /><F19/><W91/><REACH who="3" step="1"/><G17/><REACH who="3" ten="250,250,260,230" step="2"/><T12/><D131/><U122/><E122/><V4/><F72/><W119/><G119/><T32/><D31/><U111/><E111/><V126/><F115/><W73/><G73/><T53/><D70/><U7/><E7/><V83/><F113/><W92/><AGARI ba="0,1" hai="36,38,44,49,54,55,56,61,77,81,85,91,92,98" machi="92" ten="30,2000,0" yaku="1,1,0,1,53,0" doraHai="114" doraHaiUra="24" who="3" fromWho="3" sc="250,-5,250,-10,260,-5,230,30" /><INIT seed="2,0,0,1,5,12" ten="245,240,255,260" oya="2" hai0="102,127,57,68,91,133,30,96,50,36,42,89,129" hai1="125,27,4,49,11,121,77,97,38,76,25,16,55" hai2="52,134,9,17,130,1,70,82,20,43,94,65,71" hai3="135,8,51,116,15,79,95,47,34,66,22,14,54"/><V44/><F134/><W75/><G135/><T81/><D133/><U117/><E117/><V23/><F130/><W62/><G116/><T3/><D68/><U104/><E38/><V59/><F94/><W41/><G34/><T126/><D3/><U85/><E125/><N who="0" m="47625" /><D129/><U64/><E121/><V73/><F65/><W21/><G75/><T18/><D30/><U105/><E64/><V112/><F112/><W115/><G79/><T98/><D81/><U113/><E113/><V84/><F73/><W26/><G115/><T39/><D18/><U37/><E37/><N who="0" m="14409" /><D98/><U109/><E109/><V69/><F1/><W114/><G114/><T108/><D108/><U119/><E119/><V13/><F82/><W110/><G110/><T56/><D56/><U24/><E104/><V88/><F59/><N who="3" m="35191" /><G95/><N who="0" m="58655" /><D57/><N who="1" m="33007" /><E97/><V48/><REACH who="2" step="1"/><F43/><REACH who="2" ten="245,240,245,260" step="2"/><W40/><G41/><T92/><D92/><U128/><E128/><V63/><F63/><W72/><G66/><T93/><D93/><U67/><E67/><V122/><F122/><W53/><G40/><T101/><D101/><U0/><E105/><V123/><F123/><W120/><G120/><T60/><D60/><U46/><E0/><V83/><AGARI ba="0,1" hai="9,13,17,20,23,44,48,52,69,70,71,83,84,88" machi="83" ten="30,18000,2" yaku="1,1,0,1,25,2,52,1,54,2,53,0" doraHai="12" doraHaiUra="103" who="2" fromWho="2" sc="245,-60,240,-60,245,190,260,-60" /><INIT seed="2,1,0,1,2,104" ten="185,180,435,200" oya="2" hai0="93,132,75,92,40,100,61,110,8,35,124,19,70" hai1="116,4,125,25,5,98,1,121,20,81,80,66,135" hai2="123,67,69,33,89,108,84,62,59,3,103,120,48" hai3="114,55,38,43,50,14,131,23,117,36,73,41,31"/><V16/><F3/><W109/><G117/><T90/><D35/><U128/><E116/><V72/><F33/><W46/><G73/><T118/><D110/><U39/><E39/><V102/><F72/><W87/><G109/><T111/><D111/><U88/><E1/><V42/><F108/><W99/><G114/><T106/><D118/><U26/><E125/><V77/><F77/><W95/><G131/><T71/><D124/><U129/><E66/><V64/><F64/><W82/><G38/><T29/><D29/><U68/><E68/><V51/><F69/><W49/><G36/><T22/><D40/><U13/><E135/><V54/><F42/><W53/><G14/><T105/><D75/><U2/><E2/><V34/><F34/><W52/><G23/><T7/><D93/><N who="1" m="56615" /><E121/><V130/><F130/><N who="1" m="50281" /><E26/><V65/><F123/><W12/><G12/><T79/><D132/><U37/><E37/><V126/><F126/><W0/><G0/><T101/><D106/><U28/><E4/><V107/><F107/><W57/><G31/><T15/><D105/><U86/><E86/><V76/><F67/><W27/><G27/><T60/><D71/><U45/><E45/><V119/><F65/><W56/><G43/><T133/><D133/><U83/><E5/><V10/><F119/><W78/><G56/><T9/><D70/><U58/><E13/><N who="2" m="7223" /><F120/><W11/><G11/><N who="0" m="4171" /><D7/><U74/><E58/><V97/><F59/><W32/><G32/><T44/><D44/><U63/><E74/><V134/><F134/><W24/><G24/><T115/><D15/><U21/><E21/><RYUUKYOKU ba="1,0" sc="185,-15,180,15,435,-15,200,15" hai1="20,25,28,63,80,81,83" hai3="41,46,49,50,52,53,55,57,78,82,87,95,99" /><INIT seed="3,2,0,4,2,47" ten="170,195,420,215" oya="3" hai0="81,87,89,1,91,99,50,76,44,45,36,22,96" hai1="41,39,5,25,82,101,63,14,102,10,58,49,130" hai2="20,67,112,24,12,46,53,6,120,61,66,84,83" hai3="116,117,17,94,2,19,43,111,23,134,119,124,75"/><W74/><G2/><T69/><D1/><U105/><E39/><V95/><F120/><W88/><G43/><T85/><D69/><U59/><E105/><V97/><F112/><W27/><G124/><T77/><D36/><U57/><E130/><V132/><F132/><W80/><G134/><T34/><D34/><U115/><E115/><V13/><F53/><W127/><G127/><T70/><D70/><U26/><E63/><V78/><F46/><W8/><G80/><N who="0" m="49319" /><D44/><N who="1" m="25743" /><E82/><V51/><F51/><W126/><G126/><T9/><D9/><U123/><E123/><V28/><F6/><W0/><G0/><T79/><D22/><U48/><E48/><V32/><F32/><W109/><G8/><T125/><D125/><U29/><E29/><V108/><F108/><N who="3" m="41547" /><G17/><T135/><D135/><U103/><AGARI ba="2,0" hai="5,10,14,25,26,57,58,59,101,102,103" m="25743" machi="103" ten="30,2000,0" yaku="8,1,52,1" doraHai="47" who="1" fromWho="1" sc="170,-7,195,26,420,-7,215,-12" owari="163,-33.7,221,2.1,413,51.3,203,-19.7" /></mjloggm>