<mjloggm ver="2.3"><GO type="225" lobby="0"/><UN n0="%E9%A2%A8%E3%81%A7%E9%B3%B4%E3%81%8F" n1="%E3%82%82%E3%81%90%E3%82%89" n2="%E5%B8%86%E7%AB%8B%E5%A4%8F%E8%A1%A3" n3="%E5%AF%82%E5%AF%9E%E3%82%AE%E3%83%8D%E3%82%B9%E3%83%93%E3%83%BC%E3%83%AB" dan="16,17,16,16" rate="2112.15,2195.91,2073.95,2142.92" sx="M,M,M,M"/><TAIKYOKU oya="0"/><INIT seed="0,0,0,4,1,62" ten="250,250,250,250" oya="0" hai0="101,122,87,117,55,11,88,80,54,89,18,7,21" hai1="22,99,10,52,65,19,23,37,110,103,56,121,57" hai2="75,50,112,126,107,106,130,39,123,13,14,60,5" hai3="86,124,20,1,63,120,92,128,29,113,77,111,35"/><T83/><D117/><U28/><E121/><V82/><F39/><W119/><G92/><T15/><D122/><U31/><E37/><V9/><F123/><W134/><G86/><T109/><D109/><U49/><E110/><V59/><F112/><W78/><G63/><T64/><D101/><U16/><E10/><V90/><F126/><W94/><G94/><T115/><D115/><U108/><E108/><V114/><F114/><W47/><G47/><T79/><D64/><U135/><E135/><V68/><F130/><W27/><G78/><T71/><D71/><U72/><E72/><V96/><F96/><W125/><G77/><T133/><D133/><U73/><E73/><V81/><F75/><W98/><G98/><T129/><D129/><U93/><E57/><V6/><F68/><W74/><G74/><T33/><D33/><U58/><E58/><V53/><F50/><W127/><G111/><T24/><D83/><U85/><E65/><V43/><F43/><W48/><G48/><T3/><D3/><U38/><E85/><V41/><F41/><W36/><G36/><T116/><REACH who="0" step="1"/><D116/><REACH who="0" ten="240,250,250,250" step="2"/><U12/><E38/><V66/><F66/><W4/><G119/><T69/><D69/><U104/><E104/><V45/><F107/><W32/><G134/><T132/><D132/><U100/><E103/><V67/><F106/><W61/><G113/><T0/><D0/><U95/><E95/><V30/><F81/><W8/><G128/><T17/><D17/><U40/><E40/><V2/><F82/><W44/><G120/><T25/><D25/><AGARI ba="0,1" hai="12,16,19,22,23,25,28,31,49,52,56,93,99,100" machi="25" ten="30,7700,0" yaku="7,1,8,1,54,2" doraHai="62" who="1" fromWho="0" sc="240,-77,250,87,250,0,250,0" /><INIT seed="1,0,0,1,4,15" ten="163,337,250,250" oya="1" hai0="115,41,122,31,89,32,11,94,107,133,101,118,69" hai1="84,76,66,108,24,67,111,8,119,128,113,85,57" hai2="63,27,100,98,131,23,70,125,92,1,43,44,36" hai3="121,59,46,124,72,53,106,10,120,103,75,102,62"/><U28/><E119/><V105/><F125/><W93/><G124/><T79/><D118/><U39/><E39/><V132/><F131/><W96/><G46/><T51/><D115/><U77/><E113/><V71/><F132/><W129/><G129/><T88/><D133/><U25/><E8/><V42/><F1/><W110/><G110/><N who="1" m="42026" /><E128/><V9/><F9/><W19/><G103/><T18/><D69/><U112/><E112/><V13/><F13/><W2/><G106/><T130/><D107/><U60/><E66/><V95/><F43/><W14/><REACH who="3" step="1"/><G2/><REACH who="3" ten="163,337,250,240" step="2"/><T12/><D130/><U30/><E77/><V97/><F105/><W87/><G87/><T135/><D79/><U91/><E76/><V38/><F38/><W0/><G0/><T56/><D135/><U68/><E91/><V50/><F36/><W48/><G48/><T47/><D122/><AGARI ba="0,1" hai="10,14,19,53,59,62,72,75,93,96,102,120,121,122" machi="122" ten="40,5200,0" yaku="1,1,52,1,53,1" doraHai="15" doraHaiUra="4" who="3" fromWho="0" sc="163,-52,337,0,250,0,240,62" /><INIT seed="2,0,0,2,0,7" ten="111,337,250,302" oya="2" hai0="60,47,54,132,71,45,117,62,91,12,10,97,107" hai1="15,114,75,39,38,90,5,28,77,27,121,35,106" hai2="26,131,104,16,25,124,130,102,3,123,93,67,119" hai3="50,61,8,79,82,81,41,32,76,112,113,69,55"/><V80/><F123/><W44/><G32/><T20/><D132/><U9/><E114/><N who="3" m="44138" /><G8/><T37/><D117/><U100/><E121/><V129/><F119/><W56/><G69/><T88/><D20/><U23/><E90/><V59/><F124/><W51/><G61/><T78/><D78/><AGARI ba="0,0" hai="41,44,50,51,55,56,76,78,79,81,82" m="44138" machi="78" ten="30,1000,0" yaku="11,1" doraHai="7" who="3" fromWho="0" sc="111,-10,337,0,250,0,302,10" /><INIT seed="3,0,0,3,5,12" ten="101,337,250,312" oya="3" hai0="7,117,64,25,110,71,32,17,16,61,96,33,78" hai1="37,3,36,67,107,65,4,10,85,87,106,102,98" hai2="80,21,100,83,116,14,111,75,15,73,45,119,134" hai3="55,99,88,123,29,52,104,103,109,89,51,124,11"/><W46/><G123/><T5/><D117/><U13/><E107/><V38/><F111/><W118/><G118/><T86/><D110/><U74/><E74/><V8/><F134/><W60/><G109/><T6/><D96/><U30/><E30/><V135/><F135/><W131/><G131/><T22/><D78/><U79/><E87/><V2/><F100/><W77/><G124/><T113/><D113/><U108/><E108/><V114/><F114/><W105/><G105/><T31/><REACH who="0" step="1"/><D86/><REACH who="0" ten="91,337,250,312" step="2"/><U130/><E85/><V1/><F116/><W94/><G77/><T92/><D92/><U121/><E79/><V91/><F119/><W43/><G104/><T39/><D39/><U132/><E37/><V18/><F38/><W81/><G81/><T128/><D128/><U53/><E36/><V57/><F83/><W49/><G94/><T40/><D40/><U76/><E76/><V27/><F80/><W69/><G99/><T95/><D95/><U129/><E130/><V63/><F75/><W115/><G115/><T90/><D90/><U133/><E129/><V26/><F91/><W41/><G103/><T68/><D68/><U44/><E133/><V0/><F73/><W93/><G93/><T82/><D82/><U97/><E97/><V23/><F0/><W127/><G89/><T122/><D122/><U72/><E121/><V70/><F1/><W59/><G88/><T9/><D9/><N who="1" m="2207" /><E72/><V112/><F2/><W120/><G120/><T56/><D56/><U62/><E132/><V28/><F112/><W24/><G11/><T35/><AGARI ba="0,1" hai="5,6,7,16,17,22,25,31,32,33,35,61,64,71" machi="35" ten="40,8000,1" yaku="1,1,0,1,52,2,54,1,53,0" doraHai="12" doraHaiUra="50" who="0" fromWho="0" sc="91,90,337,-20,250,-20,312,-40" owari="181,-31.9,317,41.7,230,-17.0,272,7.2" /></mjloggm>