<mjloggm ver="2.3"><GO type="225" lobby="0"/><UN n0="%E9%89%A2%E5%B7%BB%E3%82%AC%E3%83%96" n1="%4B%2E%32%2E%4B%2E" n2="%E3%81%86%E3%81%A3%E3%81%97%E3%83%BC%30%30" n3="%45%6C%79%73%69%75%6D" dan="16,16,16,17" rate="2059.67,2080.07,2116.85,2076.72" sx="M,M,M,F"/><TAIKYOKU oya="0"/><INIT seed="0,0,0,1,3,31" ten="250,250,250,250" oya="0" hai0="86,63,5,47,59,2,128,68,69,33,61,104,98" hai1="85,76,37,39,91,111,60,92,88,135,3,15,43" hai2="82,25,29,126,75,45,22,20,49,134,58,115,121" hai3="35,64,70,109,100,117,34,17,116,130,65,24,122"/><T67/><D128/><U48/><E3/><V21/><F121/><W11/><G130/><T99/><D104/><U131/><E131/><V8/><F115/><W50/><G122/><T79/><D2/><U96/><E111/><V102/><F134/><W10/><G109/><T41/><D5/><U6/><E135/><V83/><F126/><W77/><G100/><T9/><D9/><N who="3" m="3081" /><G50/><T54/><D33/><N who="3" m="12297" /><G70/><T113/><D113/><U78/><E15/><V112/><F112/><W19/><G24/><T90/><D79/><U74/><E37/><V44/><F102/><W124/><G77/><T72/><D72/><U42/><E39/><V28/><F75/><W38/><G38/><T12/><D12/><U7/><E48/><V93/><F49/><W14/><G14/><T107/><D107/><U30/><E74/><V80/><F25/><W97/><G97/><T51/><D69/><U123/><E123/><V71/><F71/><W106/><G106/><T62/><D62/><U53/><E96/><V73/><F73/><W84/><G84/><T108/><D108/><U27/><E91/><V32/><F28/><W16/><G124/><T26/><D26/><U118/><E78/><V57/><F29/><W105/><G105/><T120/><D120/><U13/><E76/><V87/><F87/><W119/><AGARI ba="0,0" hai="16,17,19,64,65,116,117,119" m="12297,3081" machi="119" ten="40,12000,2" yaku="28,2,52,3,54,1" doraHai="31" who="3" fromWho="3" sc="250,-60,250,-30,250,-30,250,120" /><INIT seed="1,0,0,5,1,20" ten="190,220,220,370" oya="1" hai0="106,111,76,109,127,134,66,28,73,38,79,98,36" hai1="48,74,65,64,37,121,63,25,8,114,17,126,14" hai2="52,84,19,15,118,59,21,93,130,113,57,120,135" hai3="16,7,122,125,128,77,71,53,68,1,42,2,50"/><U46/><E37/><N who="0" m="14441" /><D28/><U112/><E121/><V95/><F118/><W32/><G122/><T55/><D55/><U56/><E126/><V115/><F130/><W29/><G42/><T100/><D66/><U89/><E74/><V102/><F135/><W110/><G110/><N who="0" m="41995" /><D73/><U123/><E123/><V3/><F3/><W18/><G77/><N who="0" m="29771" /><D127/><U22/><E89/><N who="2" m="53415" /><F120/><W87/><G29/><T132/><AGARI ba="0,0" hai="98,100,106,132,134" m="29771,41995,14441" machi="132" ten="40,1500,0" yaku="14,1" doraHai="20" who="0" fromWho="0" sc="190,15,220,-7,220,-4,370,-4" /><INIT seed="2,0,0,3,0,78" ten="205,213,216,366" oya="2" hai0="3,10,99,110,74,129,67,98,42,117,40,94,112" hai1="84,63,28,107,56,85,36,133,116,131,96,44,27" hai2="125,32,61,21,30,55,119,11,83,128,113,7,88" hai3="20,120,101,102,43,108,64,0,46,37,114,49,123"/><V82/><F113/><W19/><G0/><T87/><D112/><U80/><E116/><V38/><F119/><W103/><G114/><T48/><D74/><U52/><E131/><V9/><F38/><W33/><G33/><T95/><D110/><U68/><E133/><V79/><F32/><W35/><G35/><T75/><D75/><U127/><E127/><V118/><F118/><W72/><G108/><T109/><D109/><U69/><E107/><V16/><F30/><W53/><G72/><T54/><D117/><U1/><E96/><V12/><F128/><W22/><G64/><T124/><D124/><U77/><E1/><V57/><F125/><W97/><G22/><T18/><D67/><U71/><E85/><N who="2" m="48351" /><F7/><W121/><G97/><T14/><D3/><U58/><E58/><V2/><F2/><W41/><G37/><T25/><D25/><U6/><E6/><V100/><F100/><W65/><G65/><T132/><D132/><U81/><E81/><V70/><F70/><W51/><G102/><N who="0" m="60759" /><D87/><AGARI ba="0,0" hai="9,11,12,16,21,55,57,61,83,87,88" m="48351" machi="87" ten="30,12000,1" yaku="8,1,52,2,54,2" doraHai="78" who="2" fromWho="0" sc="205,-120,213,0,216,120,366,0" /><INIT seed="2,1,0,2,2,134" ten="85,213,336,366" oya="2" hai0="51,22,13,49,80,82,123,70,32,94,74,19,67" hai1="86,38,10,104,69,81,130,119,114,7,11,48,117" hai2="21,105,41,16,59,61,62,60,27,35,18,43,100" hai3="71,77,113,64,47,121,5,85,37,63,8,122,29"/><V15/><F35/><W120/><G113/><T88/><D123/><U112/><E38/><V89/><F105/><W24/><G37/><T73/><D32/><U33/><E33/><V4/><F100/><W36/><G36/><T3/><D3/><U95/><E104/><V92/><F4/><W96/><G47/><T115/><D115/><U1/><E69/><V75/><F75/><W39/><G39/><T103/><D103/><U79/><E130/><V50/><F50/><W97/><G85/><T133/><D133/><U17/><E117/><V2/><F2/><W98/><G77/><T116/><D116/><U23/><E11/><V53/><F43/><W132/><G132/><T127/><D127/><U52/><E95/><V83/><F41/><W34/><REACH who="3" step="1"/><G121/><REACH who="3" ten="85,213,336,356" step="2"/><T44/><D73/><U91/><E79/><V25/><F83/><W30/><G30/><T9/><D9/><U31/><E31/><V101/><F101/><W54/><G54/><T65/><D51/><U6/><E119/><V55/><F55/><W102/><G102/><T87/><D74/><U129/><E129/><V14/><F53/><W56/><G56/><T107/><D107/><U42/><E42/><V12/><F59/><W28/><G28/><T99/><D70/><U78/><E78/><V84/><REACH who="2" step="1"/><F27/><REACH who="2" ten="85,213,326,356" step="2"/><W66/><G66/><N who="0" m="25099" /><D87/><U40/><E40/><AGARI ba="1,2" hai="13,19,22,40,44,49,80,82,88,94,99" m="25099" machi="40" ten="30,2000,0" yaku="8,1,54,1" doraHai="134" who="0" fromWho="1" sc="85,43,213,-23,326,0,356,0" /><INIT seed="3,0,0,2,0,68" ten="128,190,326,356" oya="3" hai0="127,98,116,88,58,45,124,87,108,34,100,53,41" hai1="42,1,94,14,101,109,74,84,15,28,49,0,107" hai2="59,22,40,113,114,33,75,91,133,30,110,81,72" hai3="126,20,112,80,119,51,5,43,16,55,54,8,24"/><W96/><G119/><T60/><D34/><U95/><E74/><V69/><F69/><W90/><G112/><T4/><D108/><U31/><E107/><V78/><F110/><W125/><G43/><T73/><D73/><U70/><E70/><V36/><F133/><W32/><G32/><T56/><D4/><U117/><E117/><V99/><F75/><W25/><G25/><T39/><D56/><U63/><E63/><V106/><F22/><W61/><G61/><T115/><D115/><U104/><E104/><V83/><F59/><W29/><G29/><T7/><D7/><U86/><E42/><V9/><F9/><W71/><G71/><T10/><D10/><U89/><E49/><V111/><F83/><W134/><G134/><T46/><D46/><U128/><E128/><V76/><F76/><W97/><G80/><T6/><D6/><U13/><E109/><V52/><F52/><N who="3" m="20011" /><G51/><T121/><D121/><U21/><E21/><V37/><F111/><W23/><G23/><T120/><D120/><U105/><E105/><V129/><F129/><W79/><G79/><T92/><REACH who="0" step="1"/><D116/><REACH who="0" ten="118,190,326,356" step="2"/><U118/><E118/><V38/><F40/><W19/><G5/><T26/><D26/><U102/><E13/><V64/><F64/><W67/><G67/><T11/><D11/><U122/><E122/><V130/><F130/><W123/><G123/><T50/><D50/><U17/><E0/><V66/><F66/><W27/><G27/><T131/><D131/><U65/><E1/><V48/><F48/><W135/><G135/><T35/><D35/><U82/><E65/><RYUUKYOKU ba="0,1" sc="118,30,190,-10,326,-10,356,-10" hai0="39,41,45,53,58,60,87,88,92,98,100,124,127" owari="148,-35.2,180,-22.0,316,11.6,356,45.6" /></mjloggm>