<mjloggm ver="2.3"><GO type="225" lobby="0"/><UN n0="%E3%81%BE%E3%81%A8%E3%81%9F" n1="%E8%91%89%E5%B1%B1%E9%99%BD%E5%92%8C" n2="%E7%89%B9%E6%9D%B1%E3%81%AF%E4%B8%96%E7%95%8C%E3%82%92%E6%95%91%E3%81%86" n3="%E8%A8%88%E7%AE%97%E6%A9%9F%E8%87%AA%E7%84%B6" dan="16,16,16,17" rate="2160.80,2103.93,2187.42,2211.63" sx="M,M,M,M"/><TAIKYOKU oya="0"/><INIT seed="0,0,0,0,0,73" ten="250,250,250,250" oya="0" hai0="71,75,92,121,86,74,56,12,16,53,5,17,117" hai1="1,94,95,118,98,85,134,78,104,79,97,22,10" hai2="111,25,19,107,41,83,69,15,131,31,91,45,48" hai3="4,58,51,82,116,35,65,77,34,60,9,133,40"/><T84/><D117/><U106/><E22/><V37/><F69/><W2/><G133/><T26/><D71/><U66/><E66/><V101/><F111/><W23/><G116/><T81/><D5/><U62/><E62/><V68/><F68/><W13/><G2/><T129/><D129/><U132/><E10/><V113/><F113/><W43/><G23/><T21/><D92/><N who="1" m="35371" /><E1/><V88/><F131/><W109/><G109/><T115/><D84/><U27/><E27/><V42/><F101/><W70/><G40/><T100/><D100/><N who="1" m="62479" /><E118/><V64/><F107/><W14/><G14/><T89/><D121/><U135/><E85/><V67/><F42/><W72/><REACH who="3" step="1"/><G58/><REACH who="3" ten="250,250,250,240" step="2"/><T61/><D115/><U32/><E32/><V90/><F37/><W29/><G29/><T124/><D124/><U96/><E106/><V128/><F128/><W120/><G120/><T130/><D130/><U105/><E105/><V125/><F125/><W99/><G99/><AGARI ba="0,1" hai="78,79,96,98,99,132,134,135" m="62479,35371" machi="99" ten="40,8000,1" yaku="20,1,34,2,52,2" doraHai="73" who="1" fromWho="3" sc="250,0,250,90,250,0,240,-80" /><INIT seed="1,0,0,4,5,118" ten="250,340,250,160" oya="1" hai0="18,57,0,76,130,36,88,65,109,116,12,92,77" hai1="81,48,7,123,125,9,55,71,74,75,45,134,19" hai2="20,61,131,62,21,13,111,100,102,47,30,99,23" hai3="60,38,85,112,59,1,133,14,31,63,11,82,40"/><U104/><E134/><V119/><F119/><W126/><G112/><T5/><D116/><U26/><E125/><V22/><F111/><W43/><G1/><T39/><D36/><U29/><E104/><V103/><F131/><W46/><G133/><T67/><D39/><U127/><E127/><V101/><F47/><W94/><G126/><T35/><D35/><U98/><E71/><V32/><F32/><W78/><G40/><T121/><D109/><U105/><E19/><V4/><F4/><W114/><G114/><T8/><D130/><U50/><E81/><V83/><F83/><W25/><G94/><T129/><D129/><U33/><E50/><V3/><F3/><W106/><G106/><T37/><D37/><U80/><E80/><V73/><F73/><W16/><REACH who="3" step="1"/><G59/><REACH who="3" ten="250,340,250,150" step="2"/><T132/><D132/><U17/><E105/><V53/><F30/><W117/><G117/><T58/><D57/><U10/><E29/><V72/><F101/><W107/><G107/><T89/><D58/><U108/><E108/><V120/><F103/><W49/><G49/><T97/><D92/><U95/><E48/><V122/><F102/><W27/><G27/><T87/><D0/><U84/><E26/><V86/><F62/><W90/><G90/><T54/><D89/><U41/><E95/><V115/><F115/><W124/><G124/><T51/><D88/><U28/><E28/><V44/><F61/><W128/><G128/><T15/><D77/><U135/><E41/><V70/><F100/><W113/><G113/><T93/><D76/><U34/><E135/><V6/><F44/><RYUUKYOKU ba="0,1" sc="250,-10,340,-10,250,-10,150,30" hai3="11,14,16,25,31,38,43,46,60,63,78,82,85" /><INIT seed="2,1,1,0,1,46" ten="240,330,240,180" oya="2" hai0="9,47,120,125,8,42,20,78,43,30,107,28,134" hai1="116,98,82,122,89,57,75,119,0,127,51,12,59" hai2="52,97,58,90,121,37,110,26,40,16,23,55,73" hai3="15,105,95,35,45,67,70,60,61,124,117,115,32"/><V69/><F121/><W80/><G117/><T76/><D120/><U64/><E0/><V48/><F69/><W91/><G105/><T132/><D107/><U4/><E122/><V113/><F113/><W83/><G115/><T88/><D47/><U2/><E2/><V114/><F114/><W10/><G124/><T111/><D125/><U29/><E29/><V103/><F73/><W87/><G60/><T39/><D39/><U7/><E75/><V86/><F110/><W99/><G80/><T11/><D88/><U92/><E64/><V33/><F33/><W44/><G45/><T6/><D20/><U24/><E24/><V81/><F37/><W101/><REACH who="3" step="1"/><G44/><REACH who="3" ten="240,330,240,170" step="2"/><T72/><D111/><U22/><E82/><V25/><F55/><W104/><G104/><T31/><D6/><AGARI ba="1,2" hai="6,10,15,32,35,61,67,70,83,87,91,95,99,101" machi="6" ten="30,3900,0" yaku="1,1,7,1,53,1" doraHai="46" doraHaiUra="3" who="3" fromWho="0" sc="240,-42,330,0,240,0,170,62" /><INIT seed="3,0,0,2,3,54" ten="198,330,240,232" oya="3" hai0="52,123,122,40,98,61,109,43,29,8,86,65,46" hai1="103,22,5,71,104,119,80,33,53,70,26,6,63" hai2="102,108,19,28,100,23,68,111,83,115,3,11,0" hai3="95,94,90,75,118,132,72,24,69,21,10,66,126"/><W112/><G112/><T17/><D109/><N who="2" m="42058" /><F68/><W12/><G118/><T130/><D130/><U27/><E80/><V34/><F115/><W59/><G69/><T131/><D131/><U38/><E38/><V135/><F135/><W45/><G126/><T1/><D29/><U50/><E27/><N who="2" m="18719" /><F83/><W37/><G132/><T113/><D113/><U30/><E22/><V91/><F91/><W41/><G95/><T57/><D86/><U55/><E119/><V78/><F78/><W82/><G82/><T47/><D65/><U67/><E71/><V120/><F120/><W18/><G66/><T56/><D98/><N who="1" m="61559" /><E55/><V97/><F11/><W62/><G62/><T92/><D92/><U105/><E105/><N who="2" m="63631" /><F102/><W93/><G93/><T4/><D17/><U7/><E6/><V14/><AGARI ba="0,0" hai="0,3,14,19,23" m="63631,18719,42058" machi="14" ten="30,1100,0" yaku="14,1" doraHai="54" who="2" fromWho="2" sc="198,-3,330,-3,240,11,232,-5" owari="195,-30.5,327,42.7,251,5.1,227,-17.3" /></mjloggm>