<mjloggm ver="2.3"><GO type="225" lobby="0"/><UN n0="%E3%81%AF%E3%82%88%E3%81%8A%E3%81%98%E3%81%95%E3%82%93" n1="%77%72%77%72%77%72%77%72" n2="%E3%81%B5%E3%81%98%E3%81%8B%E3%81%A4" n3="%6D%75%75%73%61%6E%6D%75" dan="17,17,16,16" rate="2184.61,2196.23,2184.66,2091.83" sx="M,M,M,F"/><TAIKYOKU oya="0"/><INIT seed="0,0,0,3,5,40" ten="250,250,250,250" oya="0" hai0="105,97,57,126,100,103,14,98,22,116,30,25,89" hai1="68,20,73,59,31,94,135,38,79,4,91,62,64" hai2="123,125,55,9,53,131,8,18,56,37,118,61,110" hai3="75,92,46,93,76,47,63,43,104,132,16,60,119"/><T36/><D126/><U128/><E128/><V15/><F123/><W6/><G104/><T96/><D116/><U74/><E135/><V130/><F125/><W17/><G119/><T33/><D36/><U108/><E108/><V39/><F118/><W35/><G35/><T77/><D77/><U120/><E120/><V7/><F110/><W66/><G132/><T134/><D134/><U101/><E38/><V5/><F18/><N who="3" m="7275" /><G75/><T34/><D14/><U84/><E4/><V87/><F87/><W3/><G43/><T69/><D69/><U106/><E68/><V85/><F85/><W21/><G3/><T115/><D115/><U71/><E71/><V48/><F39/><W2/><G2/><T1/><D1/><U133/><E133/><V82/><F37/><W127/><G127/><T26/><D26/><U78/><E74/><V117/><F117/><W45/><G21/><T114/><D114/><U67/><E67/><V24/><F24/><W41/><G41/><T27/><D27/><N who="1" m="16871" /><E73/><V70/><F70/><W124/><G124/><T83/><D57/><U88/><E101/><N who="0" m="38985" /><D105/><U42/><E42/><V29/><F29/><W72/><G6/><T112/><D112/><U0/><E0/><N who="2" m="39" /><F131/><W58/><G72/><T86/><D33/><U121/><E121/><V28/><F28/><W122/><G122/><T11/><D34/><U23/><E106/><V107/><F107/><W90/><G76/><N who="1" m="29226" /><E23/><V80/><F130/><W50/><G90/><AGARI ba="0,0" hai="59,62,64,84,88,90,91,94" m="29226,16871" machi="90" ten="30,2000,0" yaku="8,1,54,1" doraHai="40" who="1" fromWho="3" sc="250,0,250,20,250,0,250,-20" /><INIT seed="1,0,0,3,4,78" ten="250,270,250,230" oya="1" hai0="103,128,65,107,76,64,109,47,135,60,34,70,86" hai1="120,79,80,102,18,122,68,111,26,3,21,132,92" hai2="31,4,5,17,106,10,95,87,62,32,37,66,84" hai3="63,89,72,85,121,13,42,90,52,55,15,97,117"/><U59/><E68/><V105/><F106/><W118/><G121/><T44/><D109/><U133/><E3/><V25/><F105/><W53/><G72/><T29/><D128/><U24/><E111/><V35/><F37/><W8/><G42/><T49/><D135/><N who="1" m="51787" /><E59/><V71/><F4/><W125/><G125/><T30/><D64/><U67/><E67/><V46/><F35/><W12/><G63/><T14/><D14/><U36/><E36/><V96/><F17/><W75/><G75/><T39/><D39/><U94/><E26/><V82/><F46/><W22/><G97/><N who="0" m="61935" /><D29/><U115/><E115/><V112/><F112/><W116/><G22/><T127/><D127/><U77/><E77/><V73/><F73/><W41/><G41/><T1/><D1/><U33/><E33/><V40/><F40/><W74/><G74/><T38/><D38/><U6/><E6/><V50/><F50/><W91/><REACH who="3" step="1"/><G8/><REACH who="3" ten="250,270,250,220" step="2"/><T99/><D49/><U51/><E51/><V20/><F10/><W27/><G27/><N who="0" m="18783" /><D99/><N who="1" m="59751" /><E122/><V130/><F32/><W2/><G2/><T45/><D60/><U83/><E120/><V108/><F108/><W98/><G98/><T69/><D65/><U104/><E104/><V131/><F131/><W113/><G113/><T114/><D114/><U119/><E24/><N who="2" m="16775" /><F96/><W110/><G110/><T16/><D69/><U129/><E21/><V123/><F123/><W19/><G19/><T48/><D70/><U126/><E18/><V0/><F0/><W101/><G101/><T54/><D16/><U88/><E129/><V11/><F130/><W56/><G56/><RYUUKYOKU ba="0,1" sc="250,15,270,-15,250,-15,220,15" hai0="44,45,47,48,54,76,86" hai3="12,13,15,52,53,55,85,89,90,91,116,117,118" /><INIT seed="2,1,1,2,0,21" ten="265,255,235,235" oya="2" hai0="7,100,37,56,85,118,106,122,128,52,78,49,111" hai1="34,127,116,8,81,5,133,114,45,89,98,18,33" hai2="19,3,16,86,64,20,107,6,24,76,126,99,121" hai3="10,132,32,92,47,90,27,120,91,134,115,44,9"/><V88/><F121/><W63/><G120/><T71/><D122/><U96/><E114/><V2/><F76/><W80/><G115/><T110/><D37/><U15/><E116/><V48/><F126/><W42/><G63/><T70/><D118/><U73/><E127/><V13/><F64/><W97/><G80/><N who="0" m="47255" /><D128/><U46/><E133/><N who="3" m="51306" /><G90/><T119/><D119/><U105/><E105/><V40/><F6/><W0/><G0/><T41/><D41/><U65/><E65/><V74/><F74/><W25/><G32/><T39/><D39/><U35/><E5/><V1/><F107/><W94/><G94/><T57/><D57/><U131/><E131/><V58/><F99/><W124/><G47/><T51/><D51/><U4/><E4/><V50/><F40/><W26/><G124/><T22/><D7/><U125/><E125/><V36/><F36/><AGARI ba="1,1" hai="9,10,25,26,27,36,42,44,91,92,97" m="51306" machi="36" ten="30,7700,0" yaku="20,1,52,3" doraHai="21" who="3" fromWho="2" sc="265,0,255,0,235,-80,235,90" /><INIT seed="3,0,0,0,0,87" ten="265,255,155,325" oya="3" hai0="121,85,25,23,8,105,115,79,6,61,81,58,109" hai1="41,22,4,107,76,55,64,78,20,95,100,127,135" hai2="17,77,71,86,33,90,28,119,97,128,47,65,82" hai3="5,40,130,102,89,26,44,1,70,35,88,56,126"/><W38/><G70/><T66/><D121/><U110/><E107/><V68/><F119/><W45/><G1/><T31/><D109/><U73/><E110/><V99/><F128/><W42/><G5/><T53/><D105/><U63/><E73/><V93/><F47/><W12/><G102/><T57/><D115/><U32/><E32/><V14/><F65/><W43/><G12/><N who="0" m="5143" /><D57/><N who="1" m="36975" /><E135/><V2/><F2/><W59/><G126/><T74/><D74/><U91/><E100/><V123/><F123/><W49/><G42/><T125/><D125/><U19/><E41/><V132/><F132/><W94/><G59/><T116/><D116/><U18/><E4/><V16/><F17/><N who="1" m="6153" /><E55/><AGARI ba="0,0" hai="23,25,31,53,55,58,61,66,79,81,85" m="5143" machi="55" ten="30,1000,0" yaku="8,1" doraHai="87" who="0" fromWho="1" sc="265,10,255,-10,155,0,325,0" owari="275,7.5,245,-15.5,155,-34.5,325,42.5" /></mjloggm>