<mjloggm ver="2.3"><GO type="225" lobby="0"/><UN n0="%E6%A1%9C%E8%8A%B1%E9%96%83%E3%80%85" n1="%E9%81%85%E5%88%BB%E3%81%AE%E3%83%97%E3%83%AA%E3%83%B3%E3%82%B9%E2%99%AA" n2="%E3%81%B7%E3%82%8A%E3%82%93%E8%81%96%E4%BA%BA" n3="%54%4F%52" dan="18,16,16,17" rate="2218.65,2174.67,2105.73,2244.12" sx="M,F,M,M"/><TAIKYOKU oya="0"/><INIT seed="0,0,0,0,0,30" ten="250,250,250,250" oya="0" hai0="6,132,46,74,15,71,98,86,118,68,43,94,35" hai1="13,7,103,3,112,134,73,39,36,32,47,120,78" hai2="89,115,106,107,38,65,116,21,83,24,29,125,66" hai3="23,102,69,60,14,96,53,87,51,25,124,95,91"/><T121/><D118/><U67/><E13/><V85/><F115/><W17/><G124/><T101/><D121/><U19/><E19/><V18/><F125/><W79/><G79/><T28/><D74/><U77/><E77/><V52/><F38/><W63/><G69/><T109/><D132/><U64/><E64/><V61/><F116/><W11/><G51/><T84/><D109/><U111/><E67/><V26/><F106/><W100/><G53/><T59/><D59/><U81/><E120/><V54/><F107/><W75/><G75/><T110/><D110/><U88/><E88/><V72/><F65/><W20/><G20/><T8/><D71/><U135/><E111/><V0/><F0/><W10/><G10/><T90/><D68/><U34/><E103/><V31/><F72/><W127/><G127/><T123/><D123/><U92/><E92/><V48/><F48/><W41/><G41/><T76/><D76/><U4/><E4/><V117/><F117/><W108/><G108/><T131/><D131/><U128/><E112/><V37/><F37/><N who="1" m="14409" /><E47/><V114/><F114/><W22/><G22/><T33/><D28/><U58/><E58/><N who="2" m="37175" /><F26/><W97/><G102/><T1/><D15/><U2/><E128/><V5/><F5/><W119/><G119/><T44/><D86/><U104/><E104/><V122/><F122/><W40/><G40/><T113/><D113/><U70/><E70/><V93/><F31/><N who="3" m="17855" /><G100/><T62/><D62/><AGARI ba="0,0" hai="11,14,17,60,62,63,87,91,95,96,97" m="17855" machi="62" ten="30,1000,0" yaku="8,1" doraHai="30" who="3" fromWho="0" sc="250,-10,250,0,250,0,250,10" /><INIT seed="1,0,0,4,1,112" ten="240,250,250,260" oya="1" hai0="107,91,2,97,66,15,49,89,118,133,99,79,43" hai1="8,119,116,21,34,73,40,54,28,19,6,90,64" hai2="50,115,10,106,26,134,92,33,82,120,76,77,74" hai3="72,12,96,114,31,117,44,42,59,83,32,126,131"/><U46/><E73/><V61/><F106/><W27/><G114/><T130/><D2/><U20/><E64/><V56/><F77/><W100/><G131/><T127/><D130/><U38/><E34/><V60/><F115/><W9/><G126/><T16/><D79/><U4/><E4/><V37/><F37/><W17/><G72/><T95/><D127/><U78/><E78/><V104/><F104/><W69/><G69/><T30/><D133/><U36/><E36/><V86/><F134/><W47/><G83/><T135/><D30/><U0/><E54/><V81/><F92/><W94/><G117/><T23/><D118/><U3/><E3/><V14/><F33/><W87/><G87/><T75/><D66/><U110/><E110/><V80/><F26/><W101/><G101/><T132/><D75/><U71/><E71/><V13/><F13/><W123/><G123/><T22/><D22/><U68/><E68/><V52/><F120/><W24/><G24/><T105/><D105/><U128/><E128/><V65/><F74/><W103/><G103/><N who="0" m="62975" /><D91/><U108/><E108/><V93/><F93/><W62/><REACH who="3" step="1"/><G42/><REACH who="3" ten="240,250,250,250" step="2"/><T113/><D113/><U51/><E116/><V57/><REACH who="2" step="1"/><F61/><REACH who="2" ten="240,250,240,250" step="2"/><W5/><G5/><AGARI ba="0,2" hai="5,10,14,50,52,56,57,60,65,76,80,81,82,86" machi="5" ten="30,8000,1" yaku="1,1,2,1,7,1,8,1,54,1,53,0" doraHai="112" doraHaiUra="129" who="2" fromWho="3" sc="240,0,250,0,240,100,250,-80" /><INIT seed="2,0,0,4,0,124" ten="240,250,340,170" oya="2" hai0="18,45,55,47,9,115,51,20,6,99,25,111,98" hai1="74,79,73,108,131,90,52,63,83,120,117,112,72" hai2="116,123,92,7,113,38,103,65,105,128,87,61,1" hai3="12,42,8,97,110,64,53,91,68,10,46,106,26"/><V101/><F38/><W107/><G110/><T122/><D122/><U13/><E117/><V114/><F1/><W41/><G53/><T30/><D115/><U2/><E2/><V34/><F34/><W59/><G68/><T43/><D111/><U121/><E112/><V82/><F7/><W22/><G106/><T104/><D30/><U80/><E108/><V50/><F116/><W5/><G10/><T21/><D21/><U86/><E131/><V69/><F123/><N who="1" m="47177" /><E13/><V130/><F105/><W44/><G107/><T75/><D75/><N who="1" m="43135" /><E63/><V118/><F118/><W58/><G97/><T127/><D127/><U84/><E52/><V135/><F113/><W102/><G102/><T35/><D35/><U19/><E19/><V62/><F114/><W67/><G91/><T89/><D89/><N who="1" m="51359" /><E72/><V36/><F36/><W15/><G5/><T17/><D17/><U70/><E70/><V66/><F50/><W27/><REACH who="3" step="1"/><G8/><REACH who="3" ten="240,250,340,160" step="2"/><T94/><D104/><U28/><E28/><V56/><F69/><W81/><G81/><AGARI ba="0,1" hai="73,74,81,86,90" m="51359,43135,47177" machi="81" ten="30,3900,0" yaku="13,1,34,2" doraHai="124" who="1" fromWho="3" sc="240,0,250,49,340,0,160,-39" /><INIT seed="3,0,0,2,5,112" ten="240,299,340,121" oya="3" hai0="94,128,75,118,65,27,122,102,109,37,108,134,100" hai1="57,58,107,59,113,97,92,6,71,46,73,81,78" hai2="70,10,96,64,106,47,7,82,31,36,87,3,117" hai3="20,83,33,18,115,48,49,55,104,127,0,9,5"/><W99/><G115/><T121/><D37/><U42/><E113/><V68/><F117/><W29/><G127/><T38/><D38/><U15/><E71/><V52/><F64/><W124/><G124/><T114/><D114/><U25/><E107/><V88/><F31/><W111/><G111/><N who="0" m="42571" /><D65/><U85/><E73/><V41/><F52/><W44/><G83/><T66/><D66/><U62/><E25/><V35/><F35/><W8/><G8/><T101/><D27/><U39/><E15/><V60/><F60/><W53/><G33/><T120/><D128/><U24/><E24/><V116/><F116/><W135/><G135/><T14/><D14/><U129/><E6/><V21/><F21/><W22/><G29/><T69/><D69/><U32/><E32/><V93/><F106/><W131/><G131/><T40/><D40/><U4/><E4/><V103/><AGARI ba="0,0" hai="3,7,10,36,41,47,68,70,82,87,88,93,96,103" machi="103" ten="20,2700,0" yaku="0,1,7,1,54,1" doraHai="112" who="2" fromWho="2" sc="240,-7,299,-7,340,27,121,-13" owari="233,-16.7,292,9.2,367,46.7,108,-39.2" /></mjloggm>