<mjloggm ver="2.3"><GO type="225" lobby="0"/><UN n0="%E3%81%86%E3%83%BC%E3%81%B1%E3%83%BC" n1="%6D%75%75%6D%75%72%61" n2="%E7%89%8C%E6%B5%81%E7%8A%B6%E6%85%8B%E9%BA%BB%E9%9B%80" n3="%E3%81%BF%E3%81%BF%E3%81%9A" dan="16,16,17,16" rate="2137.26,2080.03,2243.32,2146.77" sx="F,F,M,M"/><TAIKYOKU oya="0"/><INIT seed="0,0,0,3,3,52" ten="250,250,250,250" oya="0" hai0="69,121,10,116,126,112,29,134,1,56,11,107,59" hai1="86,51,117,135,25,45,76,14,133,16,72,66,87" hai2="28,58,74,32,13,20,68,125,98,3,4,103,129" hai3="104,62,108,111,38,122,82,12,94,65,9,31,102"/><T67/><D112/><U80/><E117/><V109/><F68/><W105/><G38/><T84/><D116/><U0/><E0/><V73/><F109/><N who="3" m="42059" /><G31/><T96/><D121/><U131/><E131/><V2/><F125/><W8/><G82/><T90/><D126/><U57/><E25/><N who="2" m="18447" /><F58/><N who="3" m="37079" /><G122/><T22/><D134/><N who="1" m="51211" /><E66/><V120/><F2/><W91/><G102/><T15/><D1/><U19/><E57/><V97/><F129/><W18/><G8/><T124/><D10/><N who="1" m="6231" /><E19/><N who="2" m="10351" /><F120/><W5/><G18/><T92/><D124/><U83/><E80/><V64/><F64/><W127/><G127/><T53/><D67/><U48/><E48/><V49/><F49/><W42/><G42/><AGARI ba="0,0" hai="42,45,51,72,76,83,86,87" m="6231,51211" machi="42" ten="30,2000,0" yaku="20,1,54,1" doraHai="52" who="1" fromWho="3" sc="250,0,250,20,250,0,250,-20" /><INIT seed="1,0,0,0,1,105" ten="250,270,250,230" oya="1" hai0="107,100,3,77,55,20,44,68,119,36,113,39,135" hai1="22,96,12,127,81,50,87,130,103,10,7,118,34" hai2="102,123,88,9,61,5,72,29,57,51,89,28,23" hai3="8,98,84,125,93,24,131,19,11,86,66,69,13"/><U85/><E118/><V35/><F123/><W37/><G37/><T59/><D113/><U90/><E34/><V76/><F35/><W54/><G125/><T4/><D119/><U122/><E122/><V101/><F51/><W75/><G75/><T40/><D68/><U115/><E115/><V124/><F124/><W42/><G42/><T33/><D33/><U32/><E32/><V2/><F102/><W64/><G131/><T82/><D39/><U14/><E127/><V41/><F101/><W83/><G69/><T62/><D20/><U38/><E38/><V91/><F41/><W97/><G24/><T52/><D55/><U1/><E130/><V56/><F23/><W58/><G8/><N who="0" m="2079" /><D100/><U25/><E87/><N who="3" m="33322" /><G83/><T26/><D26/><U43/><E50/><V104/><F104/><W49/><G98/><T53/><D53/><U111/><E111/><V17/><F17/><W47/><G47/><T45/><D44/><U30/><REACH who="1" step="1"/><E43/><REACH who="1" ten="250,260,250,230" step="2"/><V129/><F129/><W63/><G49/><T120/><D120/><U6/><E6/><V73/><F73/><W46/><G46/><T15/><D45/><U74/><E74/><V31/><REACH who="2" step="1"/><F61/><REACH who="2" ten="250,260,240,230" step="2"/><W79/><G79/><T71/><D77/><U92/><AGARI ba="0,2" hai="1,7,10,12,14,22,25,30,81,85,90,92,96,103" machi="92" ten="20,3900,0" yaku="1,1,0,1,7,1,53,0" doraHai="105" doraHaiUra="112" who="1" fromWho="1" sc="250,-13,260,59,240,-13,230,-13" /><INIT seed="1,1,0,0,3,54" ten="237,319,227,217" oya="1" hai0="22,40,29,1,78,66,68,10,118,9,104,96,135" hai1="6,59,7,119,112,57,89,14,13,102,23,15,53" hai2="30,107,17,33,73,105,111,134,100,8,63,45,85" hai3="20,4,31,62,51,36,86,127,52,77,91,64,46"/><U3/><E112/><V99/><F73/><W35/><G127/><T21/><D118/><U93/><E119/><V101/><F111/><W18/><G36/><T76/><D135/><U84/><E3/><V113/><F134/><W26/><G4/><N who="1" m="1578" /><E53/><V130/><F130/><W37/><G77/><T124/><D1/><U132/><E132/><V12/><F113/><W129/><G37/><T28/><D40/><U43/><E43/><V115/><F115/><W98/><G98/><T50/><D96/><N who="1" m="59663" /><E23/><V120/><F120/><W90/><G86/><T55/><D55/><U75/><E75/><V110/><F85/><W116/><G129/><T32/><D68/><U38/><E38/><V103/><F110/><W81/><G81/><AGARI ba="1,0" hai="13,14,15,57,59,81,84,89" m="59663,1578" machi="81" ten="30,5800,0" yaku="8,1,52,2" doraHai="54" who="1" fromWho="3" sc="237,0,319,61,227,0,217,-61" /><INIT seed="1,2,0,0,2,123" ten="237,380,227,156" oya="1" hai0="108,61,6,33,18,72,91,120,77,62,94,100,81" hai1="53,133,130,12,58,1,83,126,59,28,10,96,66" hai2="25,8,52,32,79,56,17,112,38,27,41,23,117" hai3="13,54,36,75,57,80,26,101,50,82,110,76,74"/><U114/><E114/><V49/><F117/><W78/><G36/><T135/><D120/><U99/><E1/><V37/><F112/><W95/><G26/><T87/><D135/><U89/><E133/><V46/><F79/><W65/><G65/><T29/><D6/><U88/><E130/><V15/><F27/><W134/><G134/><T47/><D18/><U2/><E2/><V122/><F122/><W22/><G22/><T55/><D29/><U127/><E28/><V9/><REACH who="2" step="1"/><F37/><REACH who="2" ten="237,380,217,156" step="2"/><W31/><G31/><AGARI ba="2,1" hai="8,9,15,17,23,25,31,32,38,41,46,49,52,56" machi="31" ten="40,8000,1" yaku="1,1,2,1,54,1,53,1" doraHai="123" doraHaiUra="51" who="2" fromWho="3" sc="237,0,380,0,217,96,156,-86" /><INIT seed="2,0,0,0,3,48" ten="237,380,313,70" oya="2" hai0="106,135,118,46,132,37,95,130,77,18,13,116,117" hai1="22,121,21,73,55,35,87,45,24,49,81,125,90" hai2="64,114,52,25,16,78,32,27,56,108,85,30,102" hai3="7,76,20,104,134,124,33,131,9,44,54,68,66"/><V17/><F114/><W15/><G33/><T112/><D106/><U101/><E125/><V29/><F64/><W88/><G124/><T10/><D77/><U74/><E121/><V63/><F108/><W5/><G104/><T92/><D37/><U41/><E101/><V105/><F102/><W36/><G76/><T51/><D112/><U97/><E97/><V103/><F103/><W59/><G131/><T53/><REACH who="0" step="1"/><D130/><REACH who="0" ten="227,380,313,70" step="2"/><U19/><E73/><V14/><F105/><W28/><G134/><AGARI ba="0,1" hai="10,13,18,46,51,53,92,95,116,117,118,132,134,135" machi="134" ten="50,12000,2" yaku="1,1,2,1,12,1,20,1,52,1,53,2" doraHai="48" doraHaiUra="89" who="0" fromWho="3" sc="227,130,380,0,313,0,70,-120" owari="357,15.7,380,48.0,313,-8.7,-50,-55.0" /></mjloggm>