<mjloggm ver="2.3"><GO type="225" lobby="0"/><UN n0="%E9%80%9F%E6%B0%B4%E5%87%9B%E9%A6%99" n1="%E6%A1%9C%E8%8A%B1%E9%96%83%E3%80%85" n2="%45%6C%79%73%69%75%6D" n3="%E2%91%A3%E9%81%BF%E9%81%8A%E6%88%AF%E3%80%90%E6%9D%B1%E5%8D%97%E3%80%91" dan="16,18,17,16" rate="2101.99,2242.11,2144.34,2105.51" sx="F,M,F,M"/><TAIKYOKU oya="0"/><INIT seed="0,0,0,3,2,43" ten="250,250,250,250" oya="0" hai0="110,100,42,40,76,80,129,58,16,32,99,39,37" hai1="130,105,131,102,85,106,59,111,29,17,71,86,31" hai2="65,74,133,72,0,83,104,109,132,116,90,3,2" hai3="14,50,113,77,19,125,24,98,38,6,20,36,93"/><T103/><D32/><U57/><E17/><V117/><F65/><W82/><G113/><T69/><D69/><U5/><E102/><V25/><F25/><W81/><G125/><T114/><D114/><U134/><E111/><V112/><F112/><W122/><G122/><T120/><D120/><U44/><E71/><V79/><F109/><W66/><G66/><T10/><D110/><U41/><E41/><V18/><F18/><W52/><G38/><T68/><D68/><U7/><REACH who="1" step="1"/><E134/><REACH who="1" ten="250,240,250,250" step="2"/><V35/><F132/><W23/><G36/><T97/><D37/><U84/><E84/><V34/><F133/><W13/><G77/><T61/><D39/><U119/><E119/><V78/><F104/><W107/><G107/><T45/><D40/><U92/><E92/><V22/><F90/><N who="3" m="55607" /><G6/><T89/><D103/><U15/><E15/><N who="3" m="5642" /><G23/><T49/><D100/><U73/><E73/><V135/><F22/><W123/><G123/><T46/><D89/><U127/><E127/><V96/><F135/><W87/><G87/><N who="0" m="48519" /><D99/><U56/><E56/><AGARI ba="0,1" hai="19,20,24,50,52,56,81,82" m="5642,55607" machi="56" ten="30,2000,0" yaku="8,1,54,1" doraHai="43" who="3" fromWho="1" sc="250,0,240,-20,250,0,250,30" /><INIT seed="1,0,0,3,1,79" ten="250,220,250,280" oya="1" hai0="39,25,77,81,19,64,109,37,43,7,51,40,131" hai1="112,41,9,107,63,127,110,114,98,66,75,34,27" hai2="82,56,91,22,88,83,47,45,18,84,48,60,1" hai3="54,53,15,129,59,0,4,76,49,97,113,2,108"/><U46/><E127/><V126/><F1/><W105/><G113/><T35/><D109/><U29/><E110/><V100/><F100/><W92/><G108/><T12/><D131/><U86/><E9/><V95/><F126/><W72/><G129/><T130/><D130/><U94/><E86/><V135/><F135/><W74/><G105/><T80/><D64/><U90/><E75/><V8/><F8/><W106/><G106/><T32/><D7/><U89/><E89/><V124/><F124/><W134/><G134/><T121/><D121/><U128/><E107/><V103/><F103/><W132/><G132/><T38/><D25/><U116/><E116/><V111/><F111/><W68/><G68/><T65/><D65/><U52/><E52/><N who="2" m="33799" /><F91/><W55/><G72/><T31/><D31/><U67/><E67/><V10/><F10/><W20/><G0/><T96/><D96/><U115/><E128/><V117/><F117/><W13/><G2/><T123/><D123/><U73/><E73/><V104/><F104/><W122/><G122/><T101/><D101/><U133/><E133/><V69/><F69/><W11/><G74/><T71/><D71/><U24/><E34/><V33/><F33/><W87/><G76/><T36/><N who="0" m="9216" /><DORA hai="28" /><T6/><D6/><U99/><E114/><V17/><F17/><N who="3" m="10303" /><G97/><T119/><D77/><U50/><E99/><V5/><F5/><W61/><G61/><T120/><D120/><U85/><E98/><V62/><F62/><W125/><G125/><T78/><D119/><U42/><E112/><V3/><F3/><W26/><G26/><RYUUKYOKU ba="0,0" sc="250,-10,220,-10,250,-10,280,30" hai3="4,11,13,49,53,54,55,59,87,92" /><INIT seed="2,1,0,3,3,120" ten="240,210,240,310" oya="2" hai0="112,98,42,85,105,96,76,129,115,45,57,44,132" hai1="13,55,114,37,119,68,73,67,63,109,25,95,80" hai2="41,70,118,30,135,48,18,59,74,90,103,46,72" hai3="19,61,81,54,106,128,77,52,26,117,123,56,93"/><V32/><F70/><W34/><G123/><T27/><D132/><U89/><E114/><V1/><F118/><W58/><G117/><T88/><D129/><U50/><E119/><V97/><F135/><W23/><G128/><T4/><D105/><U22/><E37/><V53/><F1/><W7/><G106/><T21/><D76/><U17/><E73/><V101/><F90/><W69/><G34/><T82/><D4/><U0/><E80/><V20/><F30/><W64/><G7/><T14/><D14/><U124/><E124/><V2/><F32/><W87/><G69/><T15/><D15/><U91/><E0/><V111/><F2/><W24/><G93/><T51/><D57/><U84/><E91/><V83/><F83/><W110/><G110/><T125/><D125/><U11/><E109/><V127/><F111/><W39/><G39/><T121/><D121/><U130/><E130/><V104/><F103/><W62/><G64/><T102/><D102/><U126/><E126/><V10/><F10/><W94/><G94/><T108/><D108/><U122/><E122/><V8/><F8/><W12/><AGARI ba="1,0" hai="12,19,23,24,26,52,54,56,58,61,62,77,81,87" machi="12" ten="20,8000,1" yaku="0,1,7,1,9,1,8,1,54,1" doraHai="120" who="3" fromWho="3" sc="240,-21,210,-21,240,-41,310,83" /><INIT seed="3,0,0,0,5,68" ten="219,189,199,393" oya="3" hai0="97,52,48,121,32,75,71,77,49,65,107,135,114" hai1="55,26,2,127,82,61,89,38,131,27,132,42,57" hai2="124,110,54,20,126,12,134,73,13,45,16,41,117" hai3="129,50,28,133,36,96,30,116,88,70,60,94,72"/><W130/><G36/><T111/><D32/><U19/><E127/><N who="2" m="48683" /><F117/><W15/><G72/><T119/><D48/><U90/><E2/><V22/><F110/><W5/><G116/><T63/><D119/><U112/><E112/><V78/><F134/><W0/><G0/><T51/><D51/><U10/><E132/><V83/><F54/><W113/><G113/><T7/><D135/><U46/><E131/><N who="3" m="50186" /><G50/><T11/><D121/><U23/><E10/><N who="2" m="6167" /><F13/><W98/><G98/><T53/><D97/><U64/><E82/><V103/><F103/><W79/><G79/><T106/><D77/><U120/><E120/><V86/><F73/><W1/><G1/><T67/><D75/><U9/><E9/><V85/><F85/><W62/><G15/><T118/><D118/><U6/><E6/><V59/><F59/><W47/><G5/><T66/><D114/><U35/><REACH who="1" step="1"/><E55/><REACH who="1" ten="219,179,199,393" step="2"/><V95/><F95/><W33/><G94/><T80/><D53/><U29/><AGARI ba="0,1" hai="19,23,26,27,29,35,38,42,46,57,61,64,89,90" machi="29" ten="30,7900,0" yaku="1,1,2,1,0,1,52,1,53,0" doraHai="68" doraHaiUra="3" who="1" fromWho="1" sc="219,-20,179,89,199,-20,393,-39" owari="199,-20.1,268,6.8,179,-32.1,354,45.4" /></mjloggm>