<mjloggm ver="2.3"><GO type="225" lobby="0"/><UN n0="%E5%B8%86%E7%AB%8B%E5%A4%8F%E8%A1%A3" n1="%E5%A0%80%E5%B7%9D%E9%9B%B7%E9%BC%93" n2="%6E%69%63%6F%6E%74%6F" n3="%6D%75%75%6D%75%72%61" dan="17,16,17,17" rate="2138.68,2078.96,2137.54,2181.14" sx="M,F,M,F"/><TAIKYOKU oya="0"/><INIT seed="0,0,0,0,0,22" ten="250,250,250,250" oya="0" hai0="18,11,77,123,97,43,116,100,129,76,68,85,92" hai1="28,5,2,13,21,60,101,114,124,49,120,64,44" hai2="69,80,93,109,73,78,42,72,121,17,102,63,37" hai3="39,1,128,52,75,130,57,53,30,110,62,61,81"/><T47/><D129/><N who="3" m="49769" /><G1/><T79/><D116/><U19/><E120/><V131/><F109/><W83/><G110/><T32/><D123/><U133/><E133/><V122/><F131/><W34/><G39/><T113/><D113/><U51/><E124/><V0/><F73/><W104/><G104/><T20/><D68/><U50/><E114/><V4/><F93/><W111/><G111/><T125/><D32/><U58/><E101/><V135/><F102/><W107/><G107/><T96/><D125/><U84/><E84/><V14/><F135/><W36/><G36/><T88/><D11/><U33/><E5/><V86/><F86/><W27/><G75/><T48/><REACH who="0" step="1"/><D100/><REACH who="0" ten="240,250,250,250" step="2"/><U71/><E71/><V41/><F69/><W46/><G46/><T54/><D54/><U134/><E134/><V65/><F122/><W45/><G45/><T108/><D108/><U8/><E33/><V38/><F121/><W132/><G132/><T112/><D112/><U10/><E2/><V117/><F117/><W99/><G99/><T127/><D127/><U70/><E70/><V15/><F42/><W115/><G115/><T9/><D9/><U35/><E35/><V16/><F41/><W105/><G105/><T106/><D106/><U66/><E8/><N who="2" m="6215" /><F0/><W126/><G126/><T118/><D118/><U29/><E10/><N who="2" m="6391" /><F4/><W90/><G90/><T40/><D40/><N who="1" m="24711" /><E66/><V87/><F38/><W7/><G7/><T3/><D3/><U23/><E23/><V82/><F37/><W119/><G119/><T95/><D95/><U55/><E64/><V94/><F65/><W98/><G98/><RYUUKYOKU ba="0,1" sc="240,10,250,10,250,-30,250,10" hai0="18,20,43,47,48,76,77,79,85,88,92,96,97" hai1="13,19,21,28,29,50,51,55,58,60" hai3="27,30,34,52,53,57,61,62,81,83" /><INIT seed="0,1,1,4,5,79" ten="250,260,220,260" oya="0" hai0="18,7,0,108,16,50,133,105,51,127,125,70,24" hai1="77,97,67,64,98,121,71,110,46,129,124,128,31" hai2="45,29,27,21,63,2,76,92,8,35,103,69,57" hai3="33,90,52,23,75,40,102,109,19,81,9,93,126"/><T88/><D105/><U78/><E121/><V113/><F113/><W115/><G115/><T38/><D70/><U80/><E110/><V122/><F122/><W135/><G109/><T83/><D108/><U130/><E124/><N who="0" m="47689" /><D38/><U58/><E71/><V87/><F69/><W101/><G126/><T12/><D133/><U53/><E31/><V32/><F45/><W43/><G33/><T104/><D104/><U134/><E134/><V5/><F76/><W4/><G135/><T3/><D24/><U60/><E77/><V85/><F85/><N who="3" m="50479" /><G75/><T73/><D73/><N who="1" m="43087" /><E46/><V37/><F37/><W106/><G106/><T114/><D114/><U66/><AGARI ba="1,1" hai="53,58,60,64,66,67,97,98,128,129,130" m="43087" machi="66" ten="40,2700,0" yaku="19,1,52,1" doraHai="79" who="1" fromWho="1" sc="250,-14,260,40,220,-8,260,-8" /><INIT seed="1,0,0,3,0,82" ten="236,300,212,252" oya="1" hai0="96,46,56,128,84,4,125,133,42,106,59,123,50" hai1="17,38,81,45,132,124,112,110,8,31,5,66,63" hai2="104,26,18,67,77,21,30,72,126,47,75,28,16" hai3="14,73,87,35,52,2,102,107,93,114,131,119,90"/><U24/><E112/><V71/><F104/><W88/><G2/><T117/><D117/><U62/><E132/><V64/><F126/><W0/><G114/><T11/><D125/><U115/><E115/><V41/><F30/><W36/><G0/><T60/><D133/><U65/><E124/><V83/><F75/><W43/><G73/><T39/><D128/><U37/><E17/><V1/><F1/><W91/><G35/><T130/><D130/><U108/><E81/><V40/><F40/><W29/><G131/><T97/><D123/><U135/><E135/><V109/><F109/><N who="1" m="42089" /><E8/><V33/><F71/><W19/><G107/><T44/><D84/><U76/><E76/><V86/><F72/><W53/><G36/><N who="1" m="13930" /><E45/><V6/><F6/><W116/><G43/><T48/><D106/><U120/><E5/><V51/><REACH who="2" step="1"/><F18/><REACH who="2" ten="236,300,202,252" step="2"/><W9/><G29/><T129/><D129/><U111/><E111/><V134/><F134/><W20/><G119/><T85/><D42/><U23/><E120/><V121/><F121/><W70/><G116/><T78/><D39/><U89/><E89/><N who="3" m="34410" /><G102/><T15/><D78/><U101/><E101/><V98/><F98/><W94/><G94/><T103/><D97/><U57/><E63/><V3/><F3/><W7/><G7/><T54/><D96/><U27/><E66/><V105/><F105/><W49/><G19/><T61/><D103/><U92/><E92/><V68/><F68/><W122/><G70/><T34/><D85/><U69/><E69/><V10/><F10/><W58/><G122/><T127/><D127/><U22/><E31/><RYUUKYOKU ba="0,1" sc="236,-15,300,15,202,15,252,-15" hai1="22,23,24,27,57,62,65" hai2="16,21,26,28,33,41,47,51,64,67,77,83,86" /><INIT seed="1,1,1,3,0,67" ten="221,315,217,237" oya="1" hai0="74,110,81,46,10,71,118,113,100,92,103,79,116" hai1="99,12,19,48,53,107,34,44,27,88,28,43,37" hai2="132,89,101,130,77,45,90,125,0,3,94,6,55" hai3="117,75,13,26,86,4,112,111,84,105,72,134,95"/><U80/><E107/><V114/><F130/><W58/><G105/><T23/><D113/><U56/><E99/><N who="2" m="59639" /><F114/><W14/><G112/><T82/><D110/><U29/><E29/><V47/><F3/><W15/><G111/><T102/><D71/><U2/><E2/><V122/><F122/><W109/><G109/><T52/><D23/><U115/><E115/><V30/><F0/><W65/><G4/><T69/><D69/><U62/><E80/><V59/><F6/><W5/><G5/><T126/><D10/><U129/><E129/><V120/><F120/><W9/><G9/><T98/><D126/><U35/><E35/><V127/><F77/><W40/><G40/><T91/><D46/><N who="2" m="17418" /><F132/><W66/><G134/><T87/><D52/><U49/><REACH who="1" step="1"/><E88/><AGARI ba="1,1" hai="74,79,81,82,87,88,91,92,98,100,102,103,116,118" machi="88" ten="40,8000,1" yaku="34,3,54,1" doraHai="67" who="0" fromWho="1" sc="221,93,315,-83,217,0,237,0" /><INIT seed="2,0,0,5,2,57" ten="314,232,217,237" oya="2" hai0="31,12,13,34,36,85,129,131,8,119,29,102,82" hai1="106,125,96,1,88,59,22,77,54,66,58,92,75" hai2="5,56,41,71,90,128,24,61,48,78,9,51,79" hai3="11,69,105,94,26,118,114,40,124,111,7,30,15"/><V108/><F128/><N who="0" m="49226" /><D119/><U14/><E1/><V42/><F108/><W60/><G105/><T109/><D109/><U72/><E125/><V117/><F117/><W126/><G111/><T3/><D36/><U133/><E133/><V80/><F71/><W28/><G118/><T68/><D68/><U110/><E110/><V21/><F90/><W120/><G120/><T10/><D102/><U64/><E106/><V62/><F62/><W132/><G132/><T76/><D3/><U67/><E77/><N who="2" m="29195" /><F80/><W35/><G114/><T112/><D112/><U101/><E72/><V55/><F9/><N who="0" m="3690" /><D34/><U27/><E75/><V53/><F5/><W25/><G40/><N who="2" m="15465" /><F55/><W100/><G100/><T38/><D38/><U127/><E127/><V37/><F37/><W32/><REACH who="3" step="1"/><G94/><REACH who="3" ten="314,232,217,227" step="2"/><T115/><D115/><U33/><E101/><V45/><F45/><W2/><G2/><T103/><D103/><U121/><E121/><V46/><F46/><W99/><G99/><T52/><D85/><U98/><E98/><V86/><F86/><W65/><AGARI ba="0,1" hai="7,11,15,25,26,28,30,32,35,60,65,69,124,126" machi="65" ten="30,7900,0" yaku="1,1,0,1,9,1,52,1,53,0" doraHai="57" doraHaiUra="73" who="3" fromWho="3" sc="314,-20,232,-20,217,-39,227,89" /><INIT seed="3,0,0,2,3,96" ten="294,212,178,316" oya="3" hai0="31,10,115,93,46,37,18,102,135,61,58,131,99" hai1="8,97,47,25,113,104,80,7,73,43,78,33,22" hai2="49,85,24,11,57,41,114,40,12,60,42,132,44" hai3="15,116,77,19,17,123,128,2,72,26,23,1,27"/><W3/><G116/><T87/><D131/><U90/><E113/><V64/><F132/><W121/><G72/><T13/><D115/><U82/><E33/><V117/><F114/><W38/><G38/><T79/><D135/><U30/><E82/><V100/><F117/><W50/><G77/><T51/><D37/><U9/><E7/><V81/><F24/><N who="3" m="14447" /><G50/><T62/><D31/><U45/><E45/><V54/><F100/><W124/><G124/><T109/><D109/><U125/><E125/><V129/><F129/><W4/><G4/><T63/><D87/><U52/><E52/><V120/><F120/><N who="3" m="46155" /><G128/><T53/><D79/><U86/><E104/><V20/><F20/><AGARI ba="0,0" hai="1,2,3,15,19,20,26,27" m="46155,14447" machi="20" ten="40,3900,0" yaku="34,2" doraHai="96" who="3" fromWho="2" sc="294,0,212,0,178,-39,316,39" owari="294,9.4,212,-18.8,139,-36.1,355,45.5" /></mjloggm>