<mjloggm ver="2.3"><GO type="225" lobby="0"/><UN n0="%41%54%53%4D" n1="%E3%81%9F%E3%81%93%E2%98%86%E7%84%BC%E3%81%8D" n2="%E3%81%8B%E3%82%8F%E3%81%A1%E3%82%83%E3%82%93%35%38" n3="%33%74%72%65%65" dan="16,16,16,17" rate="2143.82,2094.36,2087.44,2237.78" sx="M,M,M,F"/><TAIKYOKU oya="0"/><INIT seed="0,0,0,2,4,42" ten="250,250,250,250" oya="0" hai0="14,75,45,134,128,25,115,21,16,113,66,33,108" hai1="77,58,81,31,9,40,104,123,119,83,54,2,0" hai2="59,26,131,105,102,109,55,76,19,73,29,17,106" hai3="99,68,87,10,116,126,96,101,100,98,69,90,62"/><T53/><D75/><U20/><E104/><V57/><F109/><W132/><G116/><T125/><D66/><U82/><E123/><V8/><F131/><W30/><G132/><T120/><D120/><U47/><E20/><V86/><F73/><W84/><G126/><T97/><D125/><U28/><E119/><V65/><F65/><W70/><G62/><T129/><D97/><U112/><E112/><V72/><F72/><W95/><G10/><T88/><D134/><U122/><E122/><V7/><F86/><W11/><G11/><T93/><D108/><U38/><E0/><V13/><F76/><W48/><G30/><T52/><D115/><U15/><E2/><V6/><F59/><W41/><REACH who="3" step="1"/><G87/><REACH who="3" ten="250,250,250,240" step="2"/><N who="0" m="52383" /><D113/><U89/><E77/><V121/><F121/><W130/><G130/><N who="0" m="50283" /><D45/><AGARI ba="0,1" hai="41,45,48,68,69,70,84,90,95,96,98,99,100,101" machi="45" ten="50,3200,0" yaku="1,1,52,1,53,0" doraHai="42" doraHaiUra="4" who="3" fromWho="0" sc="250,-32,250,0,250,0,240,42" /><INIT seed="1,0,0,1,0,109" ten="218,250,250,282" oya="1" hai0="24,19,120,42,68,55,128,27,75,119,52,113,45" hai1="38,65,71,92,11,77,131,133,44,107,18,115,12" hai2="7,36,114,67,129,103,32,126,14,86,98,91,122" hai3="40,105,31,3,48,125,51,72,97,66,95,74,84"/><U56/><E107/><V64/><F32/><W85/><G66/><T34/><D75/><U33/><E33/><V104/><F122/><W54/><G31/><T59/><D68/><U76/><E115/><V88/><F36/><W123/><G3/><T130/><D120/><U102/><E131/><N who="0" m="50217" /><D119/><U111/><E133/><V30/><F129/><W2/><G54/><N who="0" m="20523" /><D59/><U9/><E111/><V17/><F30/><W134/><G74/><T118/><D118/><U108/><E108/><V69/><F126/><W39/><G72/><T21/><D34/><U82/><E77/><V41/><F41/><W93/><G134/><T100/><D100/><U22/><E56/><V110/><F110/><W5/><G125/><T135/><D135/><U29/><E29/><V106/><F106/><W121/><G105/><T132/><D132/><U63/><E44/><V87/><F7/><W53/><G5/><T10/><D10/><U62/><E63/><V50/><F50/><W20/><G51/><N who="0" m="27063" /><D27/><U4/><E38/><V35/><F35/><W112/><G39/><T0/><D0/><U116/><E9/><N who="2" m="6351" /><F114/><AGARI ba="0,0" hai="19,21,24,113,114" m="27063,20523,50217" machi="114" ten="30,7700,0" yaku="19,1,52,2,54,1" doraHai="109" who="0" fromWho="2" sc="218,77,250,0,250,-77,282,0" /><INIT seed="2,0,0,4,0,6" ten="295,250,173,282" oya="2" hai0="118,121,130,84,109,46,1,30,19,129,120,61,106" hai1="114,44,0,55,15,102,9,45,100,90,41,18,10" hai2="132,93,126,108,4,7,52,43,75,112,117,96,35" hai3="94,113,72,105,58,81,67,77,47,36,13,34,74"/><V83/><F112/><W12/><G105/><T17/><D106/><U20/><E114/><V51/><F117/><W85/><G113/><T95/><D118/><U89/><E0/><V79/><F126/><W59/><G34/><T3/><D61/><U50/><E102/><V31/><F132/><W38/><G94/><T2/><D46/><U40/><E100/><V22/><F35/><W42/><G85/><T115/><D115/><U123/><E123/><V86/><F43/><N who="1" m="16457" /><E45/><N who="2" m="27759" /><F75/><W127/><G42/><T124/><D84/><U5/><E5/><V98/><F108/><W62/><G47/><T111/><D95/><U26/><E26/><N who="2" m="16855" /><F98/><W88/><G74/><T73/><D73/><U103/><E103/><AGARI ba="0,0" hai="4,7,79,83,86,93,96,103" m="16855,27759" machi="103" ten="30,2900,0" yaku="8,1,54,1" doraHai="6" who="2" fromWho="1" sc="295,0,250,-29,173,29,282,0" /><INIT seed="2,1,0,0,5,80" ten="295,221,202,282" oya="2" hai0="7,98,135,0,63,25,12,73,34,127,38,121,39" hai1="122,94,59,91,33,79,41,45,67,26,97,90,125" hai2="68,107,27,86,113,58,20,49,32,6,103,35,61" hai3="120,65,57,48,52,74,18,15,102,1,132,128,24"/><V100/><F113/><W64/><G120/><T16/><D121/><U44/><E125/><V108/><F68/><W36/><G36/><T37/><D73/><U53/><E67/><V5/><F35/><W77/><G1/><T83/><D127/><U104/><E104/><V40/><F32/><W129/><G102/><N who="2" m="38953" /><F107/><W112/><G24/><T50/><D98/><U8/><E122/><V92/><F108/><W56/><G132/><T70/><D83/><U119/><E79/><V109/><F109/><W54/><G112/><T115/><D115/><U28/><E119/><V62/><F49/><N who="3" m="30735" /><G74/><T133/><D50/><U85/><E41/><V66/><F62/><W105/><G77/><T123/><D123/><U14/><E53/><V29/><F40/><W110/><G105/><T116/><D116/><U101/><E59/><V114/><F114/><W10/><G110/><T23/><D63/><U21/><E33/><V75/><F75/><W51/><G51/><T31/><REACH who="0" step="1"/><D70/><REACH who="0" ten="285,221,202,282" step="2"/><U88/><REACH who="1" step="1"/><E85/><REACH who="1" ten="285,211,202,282" step="2"/><V134/><F134/><W13/><G129/><T126/><D126/><U2/><E2/><V11/><F86/><W30/><G128/><T131/><D131/><U93/><E93/><V124/><F124/><W46/><G57/><T72/><D72/><U117/><E117/><V43/><F92/><W99/><G99/><T118/><D118/><U60/><E60/><V78/><F43/><W106/><G106/><T76/><D76/><U69/><E69/><V130/><F130/><W42/><G42/><T4/><D4/><AGARI ba="1,2" hai="4,8,14,21,26,28,44,45,88,90,91,94,97,101" machi="4" ten="40,8000,1" yaku="1,1,8,1,54,1,53,1" doraHai="80" doraHaiUra="95" who="1" fromWho="0" sc="285,-83,211,103,202,0,282,0" /><INIT seed="3,0,0,5,3,1" ten="202,314,202,282" oya="3" hai0="91,36,31,79,9,135,115,50,15,51,25,103,2" hai1="55,13,116,83,131,48,122,113,14,8,17,93,32" hai2="21,57,85,82,96,3,53,110,108,16,49,120,11" hai3="92,18,99,46,38,28,6,76,27,81,47,65,104"/><W118/><G118/><T35/><D36/><U30/><E113/><V20/><F120/><W78/><G104/><T86/><D115/><U33/><E131/><V40/><F40/><W74/><G76/><T60/><D2/><U26/><E93/><V44/><F57/><W102/><G38/><T97/><D79/><U129/><E129/><V134/><F134/><W72/><G72/><T71/><D135/><U42/><E42/><V66/><F66/><W12/><G65/><N who="0" m="41383" /><D91/><U121/><E83/><V73/><F73/><W101/><G101/><T58/><D86/><U37/><E37/><V64/><F64/><W94/><G94/><T89/><D89/><U0/><E0/><V75/><F75/><W41/><G41/><T67/><D58/><U54/><E33/><V125/><F96/><W19/><G6/><N who="0" m="3511" /><D67/><U39/><E39/><V119/><F119/><W69/><G69/><T56/><D56/><U114/><E114/><V4/><F125/><W43/><G43/><T29/><D29/><U45/><E55/><V100/><F100/><W7/><G46/><T22/><D22/><U106/><E116/><V117/><F117/><W127/><G47/><T77/><D77/><U24/><E106/><AGARI ba="0,0" hai="25,31,35,50,51,97,103,106" m="3511,41383" machi="106" ten="30,2000,0" yaku="25,1,52,1" doraHai="1" who="0" fromWho="1" sc="202,20,314,-20,202,0,282,0" /><INIT seed="4,0,0,5,3,117" ten="222,294,202,282" oya="0" hai0="6,95,30,26,38,5,22,98,109,32,11,36,4" hai1="2,37,85,82,69,110,79,83,76,17,89,35,99" hai2="111,131,101,41,33,96,27,74,125,134,92,88,10" hai3="129,55,12,94,29,65,40,121,52,93,81,23,15"/><T128/><D128/><U70/><E37/><V91/><F111/><W14/><G129/><T53/><D109/><U34/><E2/><V8/><F131/><W107/><G107/><T56/><D11/><N who="2" m="4138" /><F74/><W50/><G121/><T84/><D84/><U78/><E17/><V126/><F41/><W133/><G133/><T104/><D32/><U90/><E110/><V114/><F134/><W77/><G65/><T28/><D104/><U116/><E116/><V120/><F114/><W21/><G81/><T97/><D28/><U75/><E99/><V71/><F71/><W57/><G77/><T58/><D58/><U18/><E18/><V13/><F13/><W0/><G0/><T9/><D9/><U49/><E78/><V73/><F73/><W86/><G40/><T47/><D47/><U64/><E64/><V3/><F3/><W62/><G86/><T100/><REACH who="0" step="1"/><D98/><REACH who="0" ten="212,294,202,282" step="2"/><U132/><E85/><V123/><F33/><W61/><G29/><T135/><D135/><U67/><E132/><V25/><F25/><W105/><G105/><T72/><D72/><U122/><E75/><V54/><F27/><W42/><G23/><T48/><AGARI ba="0,1" hai="4,5,6,22,26,30,36,38,48,53,56,95,97,100" machi="48" ten="30,6000,0" yaku="1,1,0,1,53,1" doraHai="117" doraHaiUra="24" who="0" fromWho="0" sc="212,70,294,-20,202,-20,282,-20" /><INIT seed="4,1,0,1,1,120" ten="282,274,182,262" oya="0" hai0="13,22,15,78,31,16,33,63,93,77,108,88,129" hai1="68,109,84,11,7,40,24,58,107,44,0,52,76" hai2="72,123,112,62,53,67,83,55,21,19,46,73,114" hai3="50,106,94,8,3,113,23,133,81,10,54,51,104"/><T4/><D129/><U100/><E109/><V118/><F123/><W36/><G94/><T43/><D108/><U60/><E24/><N who="2" m="14399" /><F118/><W97/><G23/><T101/><D101/><U64/><E107/><V127/><F127/><W90/><G81/><T87/><D43/><U79/><E84/><V38/><F38/><W14/><G14/><T42/><D42/><U86/><E86/><V130/><F130/><W37/><G97/><T9/><REACH who="0" step="1"/><D63/><REACH who="0" ten="272,274,182,262" step="2"/><U91/><E100/><V74/><F46/><W135/><G135/><T41/><D41/><U128/><E128/><V126/><F126/><W111/><G133/><T61/><D61/><U105/><E40/><V28/><F28/><W45/><G111/><T131/><D131/><U95/><E60/><V20/><F20/><W71/><G37/><T96/><D96/><U27/><E105/><V34/><F34/><W110/><G104/><T98/><D98/><U57/><E68/><N who="2" m="42103" /><F83/><W49/><G36/><T39/><D39/><U65/><E64/><V103/><F103/><W12/><G110/><T89/><D89/><U99/><E65/><V29/><F29/><W82/><G90/><T5/><D5/><U92/><E91/><V6/><F6/><W32/><G82/><T47/><D47/><U116/><E44/><V80/><F80/><W125/><G45/><T75/><D75/><N who="2" m="19202" /><V102/><DORA hai="134" /><F102/><W25/><G32/><T115/><D115/><AGARI ba="1,1" hai="53,55,112,114,115" m="19202,42103,14399" machi="115" ten="40,1300,0" yaku="15,1" doraHai="120,134" who="2" fromWho="0" sc="272,-16,274,0,182,26,262,0" /><INIT seed="5,0,0,1,5,122" ten="256,274,208,262" oya="1" hai0="42,15,116,98,111,110,94,118,17,40,128,69,100" hai1="106,54,46,45,95,31,83,103,88,34,104,87,43" hai2="129,11,12,63,66,124,62,81,56,120,32,23,9" hai3="72,60,133,49,6,10,85,67,57,107,68,73,126"/><U52/><E34/><V41/><F32/><W117/><G133/><T89/><D69/><U5/><E31/><V125/><F120/><W38/><G126/><N who="2" m="48745" /><F129/><W135/><G135/><T36/><D128/><U123/><E5/><V25/><F41/><W109/><G107/><T99/><D15/><U37/><E45/><V58/><F81/><W84/><G109/><N who="0" m="41483" /><D17/><U19/><E19/><N who="2" m="12543" /><F12/><W86/><G38/><T21/><D21/><U93/><E93/><V79/><F79/><W132/><G132/><T8/><D8/><U61/><E106/><V127/><N who="2" m="48753" /><V92/><DORA hai="102" /><F92/><W3/><G117/><N who="0" m="45163" /><D36/><U105/><E123/><V2/><F2/><W65/><G3/><T119/><N who="0" m="45171" /><T76/><DORA hai="35" /><D42/><U113/><E43/><V90/><F90/><W14/><G14/><T71/><D40/><U47/><E88/><V91/><F91/><W82/><G10/><T7/><D7/><U33/><E33/><V18/><F18/><W70/><G6/><T134/><D134/><U74/><E37/><V78/><F78/><W16/><G16/><T27/><D27/><U50/><E46/><V29/><F29/><W28/><G28/><T108/><D76/><U53/><E47/><V115/><F115/><W39/><G39/><T80/><D80/><U101/><E113/><V59/><F59/><W1/><G82/><T112/><D112/><U77/><E83/><V75/><F75/><W26/><G72/><T131/><D131/><U96/><E74/><V30/><F30/><W55/><G73/><T48/><N who="0" m="41491" /><T51/><DORA hai="130" /><D71/><N who="3" m="27177" /><G26/><T24/><D24/><RYUUKYOKU ba="0,0" sc="256,15,274,-15,208,15,262,-15" hai0="48,51,89,94,98,99,100" hai2="9,11,56,58,62,63,66" /><INIT seed="6,1,0,0,1,51" ten="271,259,223,247" oya="2" hai0="47,45,68,114,26,88,101,41,36,25,116,44,100" hai1="89,113,17,64,78,69,110,67,77,120,21,133,5" hai2="37,29,131,42,109,74,56,123,122,6,40,8,33" hai3="126,15,124,58,82,80,38,60,111,106,2,94,85"/><V84/><F74/><W93/><G2/><T135/><D68/><U34/><E34/><V70/><F70/><W12/><G106/><T61/><D114/><U76/><E110/><V50/><F37/><W30/><G38/><T54/><D135/><U59/><E113/><V28/><F123/><W52/><G30/><N who="2" m="11881" /><F33/><W22/><G111/><T99/><D116/><U19/><E133/><V32/><F32/><W3/><G3/><T118/><D118/><U95/><E5/><V55/><F122/><W132/><G132/><T48/><D61/><N who="1" m="37951" /><E69/><V16/><F109/><W105/><G105/><T97/><D44/><U92/><E67/><V23/><F131/><W57/><G22/><T81/><D100/><U91/><E21/><V9/><F84/><W11/><G58/><T127/><D127/><N who="3" m="48681" /><G82/><T63/><D63/><U18/><E120/><V130/><F130/><W117/><G117/><T43/><D43/><N who="2" m="16426" /><F6/><N who="3" m="3191" /><G15/><AGARI ba="1,0" hai="8,9,15,16,23,50,55,56" m="16426,11881" machi="15" ten="30,5800,0" yaku="8,1,52,1,54,1" doraHai="51" who="2" fromWho="3" sc="271,0,259,0,223,61,247,-61" /><INIT seed="6,2,0,3,1,51" ten="271,259,284,186" oya="2" hai0="68,106,46,80,86,45,131,84,111,27,32,5,122" hai1="65,125,35,54,91,66,98,93,88,64,26,74,117" hai2="87,62,92,18,12,113,67,120,53,116,36,109,69" hai3="95,2,47,8,123,97,21,48,6,110,61,11,119"/><V105/><F116/><W78/><G110/><T10/><D122/><U60/><E74/><V102/><F120/><W118/><G123/><T56/><D68/><U30/><E125/><V9/><F36/><W103/><G78/><T14/><D106/><U70/><E117/><V37/><F37/><W22/><G11/><T107/><D107/><U39/><E39/><V24/><F105/><W75/><G75/><T89/><D111/><U82/><E82/><V99/><F109/><W77/><G77/><T114/><D114/><U115/><E91/><V20/><F113/><W101/><G101/><T85/><D131/><U4/><E4/><V96/><F53/><W13/><G22/><T57/><D27/><U130/><E130/><V41/><F41/><W55/><REACH who="3" step="1"/><G61/><REACH who="3" ten="271,259,284,176" step="2"/><T71/><D32/><U38/><E115/><V134/><F102/><W126/><G126/><T108/><D108/><U0/><E60/><V63/><F63/><W76/><G76/><T1/><D1/><U124/><E0/><V94/><F9/><W83/><G83/><T133/><D80/><U7/><E124/><V132/><F20/><W17/><AGARI ba="2,1" hai="2,6,8,13,17,21,47,48,55,95,97,103,118,119" machi="17" ten="30,4000,0" yaku="1,1,0,1,52,1,53,0" doraHai="51" doraHaiUra="52" who="3" fromWho="3" sc="271,-12,259,-12,284,-22,176,56" /><INIT seed="7,0,0,1,1,112" ten="259,247,262,232" oya="3" hai0="109,31,62,121,14,113,128,49,89,22,83,99,4" hai1="100,34,10,47,41,70,88,60,11,69,114,110,18" hai2="65,101,127,126,59,97,104,120,20,58,16,80,86" hai3="8,67,33,57,52,107,21,25,102,48,0,118,96"/><W119/><G33/><T68/><D121/><U95/><E34/><V111/><F111/><W9/><G67/><T79/><D109/><U77/><E114/><V28/><F28/><W117/><REACH who="3" step="1"/><G0/><REACH who="3" ten="259,247,262,222" step="2"/><T64/><D64/><U2/><E2/><V106/><F65/><W103/><G103/><T124/><D113/><U29/><E100/><V78/><F120/><W45/><G45/><T53/><D124/><U131/><E110/><V35/><F35/><W81/><G81/><T116/><D83/><U12/><E131/><V30/><F127/><W98/><G98/><T75/><D99/><N who="1" m="57831" /><E70/><V55/><F126/><W105/><G105/><T51/><D68/><U23/><E69/><V133/><F106/><W91/><G91/><T82/><D89/><U94/><E77/><V6/><F97/><W135/><G135/><T134/><D128/><U27/><E94/><V36/><F104/><W84/><G84/><T3/><D134/><U71/><E71/><V7/><F101/><W43/><G43/><T125/><D125/><U24/><E47/><V130/><F133/><W39/><G39/><T38/><D38/><U1/><E41/><V90/><F36/><W74/><G74/><T115/><D115/><U42/><E42/><V54/><F90/><W93/><G93/><T40/><D40/><U46/><E46/><V122/><F130/><W132/><G132/><T32/><D32/><N who="1" m="20519" /><E1/><V37/><F37/><W44/><G44/><T5/><D75/><U87/><E87/><N who="2" m="48535" /><F122/><W66/><G66/><T19/><D3/><U17/><E60/><V123/><F123/><W73/><G73/><RYUUKYOKU ba="0,1" sc="259,-15,247,15,262,-15,222,15" hai1="10,11,12,17,18,23,27" hai3="8,9,21,25,48,52,57,96,102,107,117,118,119" /><INIT seed="7,1,1,1,0,109" ten="244,262,247,237" oya="3" hai0="28,41,42,22,135,131,64,20,132,35,13,58,101" hai1="56,90,96,86,7,117,87,33,77,63,79,67,102" hai2="107,114,1,52,116,113,108,82,69,47,61,115,19" hai3="100,118,127,51,130,12,39,9,103,70,3,120,21"/><W48/><G118/><T80/><D131/><U27/><E7/><V23/><F108/><W133/><G120/><T54/><D64/><U66/><E66/><N who="2" m="41167" /><F116/><W10/><G39/><T11/><D101/><N who="3" m="38985" /><G70/><T65/><D65/><U57/><E57/><V99/><F1/><W46/><G3/><T34/><D80/><N who="1" m="49479" /><E33/><V92/><F107/><W26/><G133/><N who="0" m="51275" /><D34/><U6/><E6/><V110/><F82/><W119/><G119/><T121/><D121/><U123/><E123/><V134/><F134/><W50/><G130/><T128/><D128/><U44/><E87/><V93/><F110/><W129/><G129/><T83/><D83/><U40/><E27/><N who="2" m="14847" /><F99/><W84/><G84/><T29/><D35/><U122/><E122/><V31/><F31/><N who="0" m="11850" /><D22/><U125/><E117/><V88/><F88/><W126/><G46/><T2/><D20/><U59/><E44/><V14/><F14/><W106/><G12/><T30/><D2/><U60/><E79/><V37/><F52/><W91/><G106/><T76/><D76/><U124/><E77/><V16/><F16/><N who="3" m="12583" /><G91/><T98/><D98/><U68/><E96/><V71/><F71/><W4/><G4/><N who="0" m="3303" /><D30/><U95/><E102/><V49/><F37/><W94/><G94/><T85/><D85/><U45/><E95/><V112/><F112/><W53/><G53/><T111/><D111/><U74/><E68/><V5/><F5/><W36/><G36/><T81/><D81/><U73/><E63/><AGARI ba="1,1" hai="41,42,54,58,63" m="3303,11850,51275" machi="63" ten="30,1000,0" yaku="20,1" doraHai="109" who="0" fromWho="1" sc="244,23,262,-13,247,0,237,0" owari="267,36.7,249,4.9,247,-15.3,237,-26.3" /></mjloggm>