<mjloggm ver="2.3"><GO type="225" lobby="0"/><UN n0="%48%61%61%61%6C%61%6E%64" n1="%E3%81%AF%E3%82%88%E3%81%8A%E3%81%98%E3%81%95%E3%82%93" n2="%4D%50%43%32%38%30%30" n3="%6B%79%6F%6E%6B%6F%31%31" dan="17,16,16,17" rate="2145.07,2092.26,2112.98,2179.47" sx="M,M,M,M"/><TAIKYOKU oya="0"/><INIT seed="0,0,0,4,1,11" ten="250,250,250,250" oya="0" hai0="3,130,50,35,119,71,92,14,6,124,16,30,99" hai1="5,47,49,93,61,9,44,2,96,94,98,114,132" hai2="54,78,79,53,43,80,101,12,25,117,69,73,7" hai3="1,33,111,46,116,0,45,10,74,128,62,91,31"/><T55/><D119/><U59/><E132/><V134/><F69/><W125/><G74/><T126/><D71/><U89/><E114/><V81/><F134/><W48/><G116/><T20/><D130/><U27/><E27/><V32/><F117/><W90/><G111/><T97/><D3/><U70/><E49/><V110/><F110/><W8/><G31/><T39/><D39/><U88/><REACH who="1" step="1"/><E70/><REACH who="1" ten="250,240,250,250" step="2"/><V51/><F25/><W36/><G48/><T60/><D50/><U115/><E115/><V106/><F51/><W17/><G36/><T118/><D118/><U95/><E95/><V52/><F43/><W37/><G37/><T83/><D92/><U84/><E84/><V72/><F106/><W107/><G107/><T135/><D135/><U109/><E109/><V56/><F32/><W105/><G33/><T85/><D35/><U4/><E4/><V29/><F56/><W131/><G105/><T129/><D6/><U22/><E22/><V19/><F7/><W18/><REACH who="3" step="1"/><G62/><REACH who="3" ten="250,240,250,240" step="2"/><T66/><D60/><U120/><E120/><V123/><F123/><W41/><G41/><T82/><D129/><U64/><AGARI ba="0,2" hai="2,5,9,44,47,59,61,64,88,89,93,94,96,98" machi="64" ten="20,8000,1" yaku="1,1,0,1,7,1,9,1,54,1,53,0" doraHai="11" doraHaiUra="121" who="1" fromWho="1" sc="250,-40,240,100,250,-20,240,-20" /><INIT seed="1,0,0,0,4,44" ten="210,340,230,220" oya="1" hai0="19,69,90,126,30,114,62,1,131,50,65,68,18" hai1="34,122,43,100,128,83,76,75,135,28,40,3,8" hai2="73,24,125,51,60,92,118,103,38,133,9,129,87" hai3="52,101,4,124,0,132,20,54,107,64,117,111,105"/><U35/><E122/><V31/><F38/><W82/><G111/><T112/><D126/><U97/><E128/><V74/><F118/><W121/><G121/><T84/><D131/><U94/><E135/><V6/><F129/><W16/><G124/><T12/><D1/><U47/><E40/><V39/><F39/><W67/><G132/><T45/><D30/><U13/><E28/><V88/><F125/><W109/><G109/><T22/><D19/><U71/><E71/><V55/><F60/><W33/><G33/><T17/><D17/><U123/><E123/><V53/><F53/><N who="3" m="20587" /><G0/><T119/><D69/><U89/><E100/><V56/><F103/><W91/><G4/><T29/><D29/><U120/><E120/><V86/><F86/><N who="3" m="50647" /><G107/><T42/><REACH who="0" step="1"/><D119/><REACH who="0" ten="200,340,230,220" step="2"/><U78/><E3/><V26/><F133/><W106/><G117/><T99/><D99/><U95/><E97/><V11/><F11/><W37/><G106/><T46/><D46/><U79/><E47/><V14/><F26/><N who="3" m="14599" /><G37/><T48/><D48/><U10/><E8/><V81/><F81/><AGARI ba="0,1" hai="12,18,22,42,45,50,62,65,68,81,84,90,112,114" machi="81" ten="30,3900,0" yaku="1,1,7,1,52,1,53,0" doraHai="44" doraHaiUra="23" who="0" fromWho="2" sc="200,49,340,0,230,-39,220,0" /><INIT seed="2,0,0,2,1,129" ten="249,340,191,220" oya="2" hai0="96,83,126,8,31,112,89,13,75,109,5,59,60" hai1="117,103,12,30,135,78,101,47,127,51,116,26,35" hai2="87,113,76,50,105,54,99,106,48,43,100,56,39" hai3="25,6,19,124,131,34,16,7,67,125,82,24,17"/><V46/><F113/><W68/><G82/><T70/><D112/><U57/><E127/><N who="3" m="48714" /><G68/><T53/><D126/><U118/><E78/><V85/><F106/><W58/><G67/><T120/><D120/><U133/><E57/><V32/><F32/><W71/><G71/><T21/><D109/><U115/><E12/><V52/><REACH who="2" step="1"/><F76/><REACH who="2" ten="249,340,181,220" step="2"/><W122/><G122/><T65/><D75/><U3/><E115/><V119/><F119/><W61/><G131/><T86/><D96/><U41/><E3/><V27/><F27/><N who="3" m="10315" /><G34/><T91/><D31/><U95/><E26/><V111/><F111/><W123/><G123/><T1/><D86/><U94/><E30/><V4/><F4/><N who="3" m="1579" /><G58/><AGARI ba="0,1" hai="39,43,46,48,50,52,54,56,58,85,87,99,100,105" machi="58" ten="30,12000,1" yaku="1,1,7,1,9,1,54,1,53,1" doraHai="129" doraHaiUra="93" who="2" fromWho="3" sc="249,0,340,0,181,130,220,-120" /><INIT seed="2,1,0,0,1,46" ten="249,340,311,100" oya="2" hai0="112,59,24,38,50,63,113,111,43,77,73,67,123" hai1="22,45,86,10,100,29,14,132,130,60,61,19,89" hai2="23,71,126,109,92,65,21,120,35,47,33,70,85" hai3="128,32,94,13,53,30,27,104,97,116,103,36,72"/><V3/><F3/><W117/><G128/><T5/><D123/><U37/><E130/><V39/><F120/><W57/><G72/><T41/><D111/><U49/><E37/><V4/><F4/><W69/><G36/><T2/><D38/><U83/><E132/><V105/><F105/><W28/><G28/><T98/><D24/><N who="1" m="16535" /><E100/><V76/><F109/><W110/><G110/><T64/><D64/><U131/><E131/><V8/><F8/><W6/><G94/><T58/><D98/><U78/><E78/><V15/><F126/><W54/><G54/><AGARI ba="1,0" hai="10,14,19,45,49,54,60,61,83,86,89" m="16535" machi="54" ten="30,3900,0" yaku="25,1,8,1,52,1" doraHai="46" who="1" fromWho="3" sc="249,0,340,42,311,0,100,-42" /><INIT seed="3,0,0,2,5,78" ten="249,382,311,58" oya="3" hai0="36,109,32,3,35,23,57,17,104,31,100,0,40" hai1="127,98,65,102,123,53,51,110,130,16,84,134,38" hai2="12,60,33,44,135,88,97,1,128,25,72,69,20" hai3="90,43,34,10,13,118,21,62,63,73,68,67,112"/><W22/><G112/><T28/><D57/><U26/><E123/><V89/><F72/><W5/><G118/><T106/><D40/><U132/><E38/><V75/><F1/><N who="0" m="586" /><D100/><U94/><E110/><V131/><F135/><N who="1" m="51753" /><E127/><V107/><F75/><W11/><G34/><N who="0" m="12843" /><D36/><U70/><E130/><V77/><F77/><W99/><G73/><T105/><D23/><N who="1" m="13671" /><E84/><V45/><F12/><W52/><G43/><T48/><D17/><U37/><E37/><V81/><F33/><W50/><G63/><T117/><D48/><U80/><E80/><V79/><F79/><W46/><REACH who="3" step="1"/><G11/><REACH who="3" ten="249,382,311,48" step="2"/><T58/><D117/><U55/><E51/><V74/><F74/><W122/><G122/><T41/><D41/><U47/><E47/><N who="2" m="17995" /><F60/><AGARI ba="0,1" hai="53,55,60,65,70,94,98,102" m="13671,51753" machi="60" ten="30,2000,0" yaku="20,1,54,1" doraHai="78" who="1" fromWho="2" sc="249,0,382,30,311,-20,48,0" owari="249,-15.1,412,51.2,291,9.1,48,-45.2" /></mjloggm>