<mjloggm ver="2.3"><GO type="225" lobby="0"/><UN n0="%E3%81%A0%E3%81%8A" n1="%33%74%72%65%65" n2="%E3%81%AF%E3%82%88%E3%81%8A%E3%81%98%E3%81%95%E3%82%93" n3="%E9%89%A2%E5%B7%BB%E3%82%AC%E3%83%96" dan="16,16,16,16" rate="2010.34,2086.86,2188.18,2082.02" sx="M,F,M,M"/><TAIKYOKU oya="0"/><INIT seed="0,0,0,1,3,130" ten="250,250,250,250" oya="0" hai0="1,132,115,92,113,116,98,22,7,81,117,86,2" hai1="48,108,126,69,44,75,101,43,57,5,58,110,65" hai2="15,60,87,33,59,106,12,32,47,107,109,66,38" hai3="70,34,85,133,80,96,9,20,123,111,67,26,89"/><T99/><D132/><U84/><E75/><V135/><F109/><N who="1" m="42089" /><E101/><V125/><F125/><W77/><G123/><T35/><D35/><U36/><E5/><V83/><F135/><W124/><G124/><T68/><D68/><U14/><E14/><V97/><F32/><W76/><G34/><T105/><D105/><U95/><E95/><V41/><F33/><W42/><G42/><T17/><D7/><U27/><E84/><V90/><F97/><W55/><G67/><T23/><D86/><U53/><E27/><V46/><F46/><W3/><G70/><T39/><D39/><U72/><E72/><V128/><F128/><W93/><G55/><T52/><D92/><U6/><E6/><V50/><F38/><W114/><G133/><T0/><D0/><U61/><E126/><V129/><F129/><W78/><G111/><T94/><D94/><U4/><E4/><V24/><F24/><W11/><G3/><T120/><D17/><U100/><E100/><V104/><AGARI ba="0,0" hai="12,15,41,47,50,59,60,66,83,87,90,104,106,107" machi="104" ten="30,1100,0" yaku="0,1" doraHai="130" who="2" fromWho="2" sc="250,-5,250,-3,250,11,250,-3" /><INIT seed="1,0,0,3,3,94" ten="245,247,261,247" oya="1" hai0="55,92,84,6,109,0,101,75,100,80,90,132,125" hai1="117,78,81,97,28,3,16,76,19,25,67,64,88" hai2="27,89,112,22,29,126,83,91,108,9,107,131,121" hai3="102,103,110,86,71,11,62,114,113,98,73,51,17"/><U39/><E117/><V135/><F121/><W13/><G73/><T49/><D109/><U42/><E3/><V33/><F107/><W50/><G110/><T54/><D125/><U44/><E64/><V40/><F108/><W31/><G103/><T18/><D132/><U72/><E76/><V10/><F135/><W30/><G86/><T134/><D134/><U74/><E67/><V93/><F126/><W105/><G62/><T68/><D68/><U36/><E36/><V85/><F131/><W57/><G71/><T34/><D34/><U106/><E72/><V56/><F112/><W26/><G31/><T60/><D0/><U124/><E124/><V82/><F33/><W35/><REACH who="3" step="1"/><G57/><REACH who="3" ten="245,247,261,237" step="2"/><T69/><D69/><U123/><E123/><V47/><F56/><W21/><G21/><T119/><D60/><U66/><E66/><V7/><F22/><W43/><G43/><T129/><D75/><U1/><E1/><V20/><F83/><W104/><G104/><T122/><D80/><U4/><E106/><V23/><F20/><W15/><G15/><T96/><D122/><U24/><E28/><V87/><REACH who="2" step="1"/><F7/><REACH who="2" ten="245,247,251,237" step="2"/><W46/><G46/><T38/><D6/><U37/><E4/><V58/><F58/><W128/><G128/><T41/><D129/><U32/><E44/><V99/><F99/><W59/><G59/><T118/><D96/><U48/><E97/><V130/><F130/><W2/><G2/><T111/><D118/><U5/><E81/><V116/><F116/><W127/><G127/><T79/><D119/><U61/><E5/><V133/><F133/><RYUUKYOKU ba="0,2" sc="245,-15,247,-15,251,15,237,15" hai2="9,10,23,27,29,40,47,82,85,87,89,91,93" hai3="11,13,17,26,30,35,50,51,98,102,105,113,114" /><INIT seed="2,1,2,4,3,19" ten="230,232,266,252" oya="2" hai0="62,8,118,106,104,125,26,98,117,41,58,60,70" hai1="128,126,101,113,36,82,28,131,79,37,76,35,130" hai2="115,95,12,6,43,7,44,94,17,123,80,97,9" hai3="57,129,56,110,47,40,88,2,92,49,48,0,100"/><V68/><F123/><W67/><G110/><T90/><D125/><U59/><E126/><V105/><F115/><W61/><G129/><T24/><D41/><U63/><E113/><V27/><F68/><W133/><G133/><T124/><D124/><U74/><E101/><V78/><F105/><W1/><G100/><T3/><D70/><U16/><E76/><V102/><F95/><W93/><G93/><T73/><D73/><U5/><E5/><V72/><REACH who="2" step="1"/><F27/><REACH who="2" ten="230,232,256,252" step="2"/><W29/><G29/><T81/><D24/><U18/><E28/><V121/><F121/><W103/><G103/><T114/><D26/><U84/><E130/><V25/><F25/><W69/><REACH who="3" step="1"/><G48/><AGARI ba="1,3" hai="6,7,9,12,17,43,44,48,72,78,80,94,97,102" machi="48" ten="30,2900,0" yaku="1,1,7,1,53,0" doraHai="19" doraHaiUra="85" who="2" fromWho="3" sc="230,0,232,0,256,62,252,-32" /><INIT seed="2,2,0,1,3,120" ten="230,232,318,220" oya="2" hai0="100,71,20,113,56,93,37,2,44,65,4,106,105" hai1="11,40,54,114,62,96,74,130,15,122,43,133,1" hai2="84,12,72,119,10,116,31,0,129,78,6,59,104" hai3="13,86,46,66,5,63,61,91,30,108,128,115,73"/><V102/><F72/><W53/><G73/><T24/><D71/><U51/><E114/><V17/><F129/><W88/><G128/><T127/><D127/><U121/><E130/><V94/><F31/><W125/><G125/><T90/><D113/><U67/><E1/><V26/><F26/><W135/><G135/><T23/><D100/><U79/><E96/><V22/><F104/><W85/><G30/><T48/><D37/><U18/><E133/><V25/><F25/><W64/><G53/><T52/><D4/><U81/><E121/><V68/><F68/><W117/><G46/><T29/><D2/><U3/><E122/><V124/><F124/><W38/><G38/><T126/><D126/><U60/><E3/><V57/><F78/><W131/><G117/><T39/><D20/><U77/><E77/><V47/><F47/><W49/><G49/><T69/><D69/><U107/><E107/><V33/><F33/><W75/><G75/><T28/><D28/><U21/><E21/><V70/><F70/><W55/><G55/><T19/><D29/><U45/><REACH who="1" step="1"/><E67/><REACH who="1" ten="230,222,318,220" step="2"/><V134/><F134/><W9/><G131/><T58/><D65/><N who="3" m="25193" /><G115/><T36/><D105/><U14/><E14/><V42/><F119/><W83/><G108/><T97/><REACH who="0" step="1"/><D106/><REACH who="0" ten="220,222,318,220" step="2"/><U98/><E98/><N who="2" m="59735" /><F116/><W80/><AGARI ba="2,2" hai="5,9,13,61,63,80,83,85,86,88,91" m="25193" machi="80" ten="30,2000,0" yaku="8,1,54,1" doraHai="120" who="3" fromWho="3" sc="220,-7,222,-7,318,-12,220,46" /><INIT seed="3,0,0,2,0,102" ten="213,215,306,266" oya="3" hai0="99,133,121,5,120,83,22,132,85,109,32,97,42" hai1="14,95,74,77,24,50,9,101,12,65,93,80,60" hai2="105,26,30,92,73,10,100,55,35,28,94,91,46" hai3="72,29,11,6,40,103,134,0,79,18,51,37,118"/><W111/><G118/><T123/><D32/><U71/><E24/><V38/><F73/><W116/><G116/><T34/><D34/><U107/><E14/><V110/><F110/><W129/><G51/><T117/><D117/><U82/><E82/><V27/><F10/><W8/><G29/><T20/><D42/><U33/><E33/><V119/><F119/><W23/><G23/><N who="0" m="8747" /><D5/><U47/><E101/><V68/><F68/><W17/><G11/><T4/><D4/><U128/><E107/><V64/><F64/><W54/><G54/><T90/><D109/><U104/><E104/><V62/><F105/><W113/><G113/><T67/><D67/><U56/><E71/><V122/><F122/><W25/><G25/><T48/><D48/><U31/><E31/><V96/><F27/><W130/><G103/><T75/><D75/><U78/><E78/><V76/><F76/><W70/><G70/><T58/><D58/><U49/><E128/><V108/><F108/><W7/><G7/><T59/><D59/><U87/><E74/><V124/><F28/><W41/><G111/><T15/><D15/><U63/><E63/><V131/><F131/><W2/><G2/><T135/><AGARI ba="0,0" hai="83,85,90,97,99,120,121,123,132,133,135" m="8747" machi="135" ten="40,1500,0" yaku="20,1" doraHai="102" who="0" fromWho="0" sc="213,15,215,-4,306,-4,266,-7" owari="228,-17.2,211,-28.9,302,40.2,259,5.9" /></mjloggm>