<mjloggm ver="2.3"><GO type="225" lobby="0"/><UN n0="%E5%AE%AE%E4%BF%9D%E9%B6%8F%E8%82%89" n1="%E3%82%BC%E3%83%AB%E3%83%80%E3%81%AE%E4%BC%9D%E8%AA%AC" n2="%72%61%6B%33" n3="%E9%89%A2%E5%B7%BB%E3%82%AC%E3%83%96" dan="16,16,18,16" rate="2121.12,2137.89,2266.56,2136.85" sx="M,M,M,M"/><TAIKYOKU oya="0"/><INIT seed="0,0,0,2,4,30" ten="250,250,250,250" oya="0" hai0="111,92,14,60,87,61,126,105,58,28,119,20,114" hai1="27,72,86,94,24,120,19,49,97,82,96,125,106" hai2="57,7,77,16,56,31,68,50,131,71,17,110,64" hai3="93,38,66,76,67,117,0,108,74,3,26,23,122"/><T10/><D114/><U73/><E120/><V79/><F110/><W33/><G117/><T18/><D119/><U104/><E49/><V70/><F131/><W112/><G112/><T107/><D111/><U102/><E19/><V1/><F31/><W59/><G108/><T95/><D126/><U132/><E24/><V36/><F36/><W41/><G93/><T89/><D107/><N who="1" m="63943" /><E27/><V118/><F118/><W103/><G103/><T44/><D105/><N who="1" m="40555" /><E132/><V85/><F85/><W98/><G98/><T42/><D95/><U15/><E15/><V133/><F64/><W109/><G26/><N who="0" m="16455" /><D58/><U113/><E125/><V90/><F90/><W88/><G88/><T53/><D42/><U55/><E55/><V25/><F133/><W4/><G59/><T12/><D14/><U22/><E22/><V84/><F84/><W134/><G41/><T83/><D92/><U101/><E113/><V6/><F25/><W43/><G43/><T100/><D100/><U45/><E45/><V52/><F57/><W78/><G134/><T29/><D29/><U13/><E13/><V48/><F48/><AGARI ba="0,0" hai="10,12,18,44,48,53,60,61,83,87,89" m="16455" machi="48" ten="30,2900,0" yaku="25,1,8,1" doraHai="30" who="0" fromWho="2" sc="250,29,250,0,250,-29,250,0" /><INIT seed="0,1,0,4,2,66" ten="279,250,221,250" oya="0" hai0="11,73,109,33,117,82,83,63,79,41,85,4,12" hai1="74,81,95,131,51,52,60,70,76,29,0,68,114" hai2="50,99,38,58,129,53,88,116,87,48,49,93,67" hai3="25,54,124,123,17,55,19,104,97,36,65,27,110"/><T91/><D117/><U108/><E0/><V126/><F116/><W46/><G65/><T43/><D33/><U7/><E7/><V128/><F38/><W59/><G59/><T96/><D109/><U84/><E108/><V47/><F126/><W135/><G97/><T42/><D63/><U62/><E29/><V37/><F37/><W121/><G36/><T134/><D134/><U32/><E32/><V22/><F67/><W9/><G110/><T10/><D10/><U14/><E14/><V113/><F113/><W15/><G15/><T112/><REACH who="0" step="1"/><D96/><REACH who="0" ten="269,250,221,250" step="2"/><U75/><E114/><AGARI ba="1,1" hai="4,11,12,41,42,43,73,79,82,83,85,91,112,114" machi="114" ten="40,7700,0" yaku="1,1,2,1,53,1" doraHai="66" doraHaiUra="8" who="0" fromWho="1" sc="269,90,250,-80,221,0,250,0" /><INIT seed="0,2,0,0,0,36" ten="359,170,221,250" oya="0" hai0="7,132,77,46,64,42,74,115,68,37,54,65,67" hai1="94,91,51,89,9,106,30,2,102,53,125,110,49" hai2="108,60,75,32,26,11,121,107,24,84,20,116,3" hai3="12,128,119,27,104,95,72,47,39,98,57,43,48"/><T112/><D74/><U85/><E110/><V73/><F108/><W10/><G119/><T76/><D7/><U45/><E125/><V63/><F107/><W129/><G104/><T127/><D77/><U0/><E30/><V31/><F121/><W135/><G135/><T114/><D76/><U55/><E9/><V130/><F130/><W93/><G72/><T17/><D17/><U41/><E53/><V122/><F122/><W52/><G27/><T38/><D132/><U70/><E70/><V117/><F84/><W80/><G80/><T19/><D19/><U97/><REACH who="1" step="1"/><E89/><REACH who="1" ten="359,160,221,250" step="2"/><V69/><F11/><W62/><G128/><T81/><D127/><U14/><E14/><V109/><F109/><W100/><G129/><T111/><D111/><U66/><E66/><V34/><F69/><W13/><G10/><T23/><D68/><U25/><E25/><V120/><F120/><W90/><REACH who="3" step="1"/><G39/><REACH who="3" ten="359,160,221,240" step="2"/><T78/><D38/><U79/><E79/><V101/><F26/><W4/><G4/><T88/><D78/><U33/><E33/><V82/><F24/><W71/><G71/><T5/><D5/><U15/><E15/><V22/><F32/><W21/><G21/><T40/><D23/><U56/><AGARI ba="2,2" hai="0,2,41,45,49,51,55,56,85,91,94,97,102,106" machi="56" ten="20,5200,0" yaku="1,1,0,1,7,1,52,1,53,0" doraHai="36" doraHaiUra="131" who="1" fromWho="1" sc="359,-28,160,78,221,-15,240,-15" /><INIT seed="1,0,0,5,0,122" ten="331,238,206,225" oya="1" hai0="32,115,104,68,66,44,127,56,97,38,14,10,75" hai1="128,53,92,69,130,103,15,85,1,84,91,132,133" hai2="19,20,101,106,119,113,135,46,100,24,77,4,60" hai3="107,114,118,45,89,26,27,111,31,108,117,87,59"/><U8/><E69/><V50/><F119/><N who="3" m="45579" /><G114/><T82/><D115/><U83/><E1/><V62/><F135/><N who="1" m="51785" /><E53/><V79/><F113/><W76/><G107/><T49/><D32/><U61/><E61/><N who="2" m="23659" /><F106/><W102/><G102/><N who="2" m="39529" /><F4/><W58/><G76/><T81/><D68/><U112/><E112/><V37/><F37/><W0/><G45/><T2/><D44/><U65/><E65/><V116/><F116/><W54/><G0/><T7/><D38/><U21/><E21/><V120/><F120/><W70/><G70/><T94/><D2/><U23/><E23/><V18/><F18/><W129/><G129/><N who="1" m="49770" /><E103/><V13/><F13/><W78/><G54/><AGARI ba="0,0" hai="19,20,24,46,50,54,77,79" m="39529,23659" machi="54" ten="30,1000,0" yaku="8,1" doraHai="122" who="2" fromWho="3" sc="331,0,238,0,206,10,225,-10" /><INIT seed="2,0,0,4,1,62" ten="331,238,216,215" oya="2" hai0="48,132,17,28,70,52,109,133,41,49,19,79,95" hai1="131,34,47,39,0,75,23,24,80,104,36,69,27" hai2="115,15,22,130,3,125,50,91,89,129,10,86,32" hai3="14,94,78,21,76,55,74,99,40,100,45,38,8"/><V64/><F32/><W102/><G74/><T135/><D109/><U84/><E104/><V111/><F115/><W57/><G102/><T66/><D28/><U121/><E0/><V29/><F111/><W44/><G44/><N who="0" m="25615" /><D79/><U97/><E75/><V117/><F117/><W123/><G21/><T108/><D108/><U106/><E131/><V72/><F72/><W83/><G83/><T118/><D118/><U7/><E69/><V110/><F110/><W87/><G87/><T30/><D30/><U63/><E7/><V73/><F73/><W68/><G68/><T103/><D66/><U54/><E34/><V60/><F50/><W33/><G33/><T85/><D70/><U6/><E121/><V93/><F3/><W35/><G35/><T96/><D85/><U26/><E84/><V2/><F2/><W12/><G123/><T42/><D42/><U4/><E80/><V81/><F29/><W5/><REACH who="3" step="1"/><G12/><REACH who="3" ten="331,238,216,205" step="2"/><T92/><D92/><U61/><E23/><V134/><F93/><W114/><G114/><T116/><D116/><U124/><E106/><V1/><F86/><W90/><G90/><T128/><D128/><U98/><E47/><AGARI ba="0,1" hai="17,19,47,49,52,95,96,103,132,133,135" m="25615" machi="47" ten="30,2000,0" yaku="20,1,54,1" doraHai="62" who="0" fromWho="1" sc="331,30,238,-20,216,0,205,0" /><INIT seed="3,0,0,0,2,114" ten="361,218,216,205" oya="3" hai0="106,97,37,23,125,55,103,63,90,131,82,47,67" hai1="20,50,24,128,115,73,2,15,76,122,10,6,126" hai2="127,116,69,14,86,43,8,11,53,80,135,54,77" hai3="38,96,41,45,71,66,95,117,99,52,120,44,108"/><W42/><G117/><T72/><D131/><U48/><E122/><V118/><F69/><W61/><G120/><T39/><D125/><U79/><E115/><V109/><F127/><W68/><G108/><T70/><D23/><U21/><E126/><V26/><F109/><W46/><G71/><T105/><D105/><U91/><E128/><V56/><F135/><W17/><G17/><T94/><D47/><U62/><E73/><V121/><F121/><W83/><G83/><T74/><D55/><U93/><E2/><V13/><F26/><W81/><G81/><T85/><D74/><U132/><E62/><V111/><F43/><W65/><G65/><T133/><D133/><U130/><E21/><V12/><F111/><W78/><G78/><AGARI ba="0,0" hai="37,39,63,67,70,72,78,82,85,90,94,97,103,106" machi="78" ten="40,2600,0" yaku="24,2" doraHai="114" who="0" fromWho="3" sc="361,26,218,0,216,0,205,-26" owari="387,48.7,218,1.8,216,-18.4,179,-32.1" /></mjloggm>