<mjloggm ver="2.3"><GO type="225" lobby="0"/><UN n0="%E3%83%AD%E3%83%83%E3%83%86%E9%9B%80%E7%90%83" n1="%E7%99%BD%E5%92%B2%E8%8A%B1%E3%81%A1%E3%82%83%E3%82%93" n2="%72%65%6E%6B%75%6E" n3="%E3%81%B5%E3%81%98%E3%81%8B%E3%81%A4" dan="16,16,17,16" rate="2202.38,2121.77,2205.41,2197.39" sx="M,F,M,M"/><TAIKYOKU oya="0"/><INIT seed="0,0,0,5,3,121" ten="250,250,250,250" oya="0" hai0="62,105,103,113,43,23,104,28,110,72,58,54,122" hai1="14,99,60,102,15,112,70,133,39,101,45,106,91" hai2="2,16,123,12,117,135,25,13,32,94,40,49,124" hai3="126,10,44,48,96,33,134,21,35,36,100,76,75"/><T67/><D113/><U38/><E133/><V30/><F123/><W132/><G126/><T61/><D122/><U116/><E116/><V74/><F135/><N who="3" m="51755" /><G36/><T0/><D72/><U128/><E112/><V71/><F124/><W29/><G10/><T63/><D0/><U47/><E128/><V8/><F74/><W82/><G21/><T65/><D43/><U27/><E27/><V3/><F71/><W109/><G29/><T46/><D46/><U18/><E99/><V86/><F117/><W90/><G90/><T57/><D110/><U22/><E22/><V9/><F40/><N who="3" m="24583" /><G109/><T127/><D127/><U64/><E91/><V59/><F86/><W93/><AGARI ba="0,0" hai="33,35,75,76,82,93,96,100" m="24583,51755" machi="93" ten="30,1100,0" yaku="20,1" doraHai="121" who="3" fromWho="3" sc="250,-5,250,-3,250,-3,250,11" /><INIT seed="1,0,0,1,2,44" ten="245,247,247,261" oya="1" hai0="55,107,86,115,84,64,32,79,73,10,16,25,129" hai1="132,76,68,26,104,6,11,40,96,98,4,61,88" hai2="20,134,57,126,128,118,66,29,120,36,70,78,110" hai3="17,46,7,71,75,23,9,83,59,82,116,94,130"/><U37/><E132/><V100/><F78/><W109/><G130/><T133/><D115/><U105/><E76/><V81/><F100/><W123/><G71/><T8/><D107/><U21/><E37/><V49/><F81/><W28/><G123/><T45/><D129/><U97/><E40/><V50/><F20/><W27/><G109/><T106/><D106/><U124/><E124/><V42/><F29/><W51/><G75/><T113/><D113/><U91/><E104/><V53/><F128/><W112/><G116/><T90/><D64/><U38/><E38/><V101/><F101/><W60/><G94/><N who="0" m="54599" /><D32/><U2/><E6/><V58/><F134/><W34/><G34/><T121/><D121/><U35/><E35/><V103/><F103/><W12/><G28/><T0/><D0/><U69/><E105/><V87/><F87/><W114/><G114/><T3/><D3/><U39/><E39/><V63/><F120/><W135/><G135/><T74/><D74/><U33/><E33/><V15/><F15/><W1/><G1/><T31/><D31/><U108/><E108/><V119/><F110/><W62/><G62/><T48/><D73/><U131/><E131/><V95/><F95/><W93/><G93/><T47/><D47/><U65/><REACH who="1" step="1"/><E69/><REACH who="1" ten="245,237,247,261" step="2"/><V56/><F126/><W30/><G112/><T111/><D111/><U22/><E22/><V18/><F18/><AGARI ba="0,1" hai="2,4,11,18,21,26,61,65,68,88,91,96,97,98" machi="18" ten="40,3900,0" yaku="1,1,54,1,53,0" doraHai="44" doraHaiUra="122" who="1" fromWho="2" sc="245,0,237,49,247,-39,261,0" /><INIT seed="1,1,0,0,3,44" ten="245,286,208,261" oya="1" hai0="109,36,130,70,117,74,5,79,42,90,95,28,48" hai1="91,111,2,78,120,80,21,7,66,24,119,112,121" hai2="15,107,10,133,59,65,27,49,103,135,114,32,4" hai3="84,9,68,128,127,51,94,43,18,118,81,62,3"/><U75/><E112/><V104/><F114/><W41/><G127/><T38/><D117/><U58/><E119/><V71/><F71/><W64/><G118/><T39/><D70/><U98/><E111/><V1/><F1/><W73/><G128/><T69/><D69/><U56/><E7/><V131/><F131/><W0/><G73/><T116/><D116/><U86/><E2/><V33/><F65/><W82/><G82/><T124/><D130/><U11/><E11/><V61/><F61/><W125/><G94/><T93/><D124/><U110/><E110/><V115/><F115/><W25/><G43/><T13/><D28/><U89/><E98/><N who="2" m="61559" /><F27/><W113/><G113/><T17/><D5/><U37/><E37/><V20/><F20/><W29/><G18/><T99/><D95/><U30/><E91/><V55/><F107/><W67/><G9/><T76/><D109/><U14/><E14/><V132/><AGARI ba="1,0" hai="4,10,15,32,33,49,55,59,132,133,135" m="61559" machi="132" ten="30,2000,0" yaku="20,1,52,1" doraHai="44" who="2" fromWho="2" sc="245,-6,286,-11,208,23,261,-6" /><INIT seed="2,0,0,0,3,93" ten="239,275,231,255" oya="2" hai0="17,123,132,96,19,110,66,101,71,107,104,118,29" hai1="129,100,92,105,89,13,133,53,51,54,127,90,18" hai2="82,94,34,30,78,43,7,27,83,99,113,117,41" hai3="61,16,86,20,21,62,6,77,119,23,28,74,33"/><V67/><F117/><W47/><G119/><T69/><D118/><U80/><E127/><V102/><F113/><W85/><G6/><T112/><D123/><U88/><E129/><V72/><F7/><W37/><G33/><T131/><D112/><U32/><E32/><V8/><F8/><W56/><G28/><T128/><D110/><U115/><E115/><V120/><F120/><W15/><G74/><T59/><D29/><U22/><E133/><V2/><F2/><W84/><G77/><T24/><D132/><U75/><E105/><V57/><REACH who="2" step="1"/><F83/><REACH who="2" ten="239,275,221,255" step="2"/><W130/><G130/><T4/><D4/><U97/><E80/><V109/><F109/><W40/><REACH who="3" step="1"/><G62/><AGARI ba="0,1" hai="27,30,34,41,43,57,62,67,72,78,82,94,99,102" machi="62" ten="40,12000,1" yaku="1,1,52,1,53,2" doraHai="93" doraHaiUra="36" who="2" fromWho="3" sc="239,0,275,0,221,130,255,-120" /><INIT seed="2,1,0,1,0,53" ten="239,275,351,135" oya="2" hai0="128,133,55,67,21,86,70,126,66,94,5,121,73" hai1="2,64,44,56,92,48,122,29,69,118,97,124,65" hai2="89,132,102,12,25,115,90,78,38,74,28,88,39" hai3="45,108,104,19,85,107,17,16,75,96,14,95,15"/><V109/><F115/><W63/><G75/><T1/><D121/><U68/><E118/><V83/><F132/><W57/><G108/><T43/><D73/><U113/><E113/><V76/><F109/><W23/><G85/><T125/><D133/><U117/><E117/><V50/><F76/><W105/><G45/><T42/><D21/><U103/><E124/><V33/><F12/><W4/><G4/><T3/><D94/><U20/><E2/><V46/><REACH who="2" step="1"/><F102/><REACH who="2" ten="239,275,341,135" step="2"/><W99/><G95/><T35/><D1/><U61/><E122/><V112/><F112/><W18/><REACH who="3" step="1"/><G14/><REACH who="3" ten="239,275,341,125" step="2"/><T11/><D3/><U72/><E72/><V26/><F26/><W24/><G24/><T36/><D126/><U41/><E65/><AGARI ba="1,2" hai="15,16,17,18,19,23,57,63,65,96,99,104,105,107" machi="65" ten="50,6400,0" yaku="1,1,52,1,54,1,53,0" doraHai="53" doraHaiUra="27" who="3" fromWho="1" sc="239,0,275,-67,341,0,125,87" /><INIT seed="3,0,0,4,5,114" ten="239,208,341,212" oya="3" hai0="24,78,50,14,27,128,46,25,133,93,65,6,85" hai1="8,16,84,23,40,19,125,91,70,2,76,127,90" hai2="108,21,74,129,124,100,38,5,28,41,116,134,39" hai3="113,58,51,80,117,29,94,56,75,57,95,92,9"/><W15/><G117/><T97/><D133/><U110/><E70/><V33/><F5/><W12/><G113/><T98/><D128/><U79/><E110/><V96/><F21/><W48/><G29/><T101/><D65/><U122/><E122/><V7/><F7/><W81/><G75/><T35/><D35/><U106/><E106/><N who="2" m="63751" /><F108/><W18/><REACH who="3" step="1"/><G15/><REACH who="3" ten="239,208,341,202" step="2"/><T11/><D25/><U53/><E2/><V131/><F116/><W111/><G111/><T132/><D132/><U59/><E125/><V3/><F3/><W20/><G20/><T30/><D30/><U105/><E127/><V72/><F124/><W120/><G120/><T112/><D112/><U73/><E73/><N who="2" m="28267" /><F134/><W64/><G64/><T34/><D34/><U89/><E23/><V121/><F121/><W4/><G4/><T102/><D27/><U88/><E8/><V22/><F22/><W126/><G126/><T83/><D24/><U103/><E19/><V107/><F28/><W77/><G77/><T37/><D14/><U119/><E16/><V54/><F33/><W55/><G55/><T52/><D11/><U123/><E119/><V63/><F41/><W31/><G31/><T26/><D26/><U69/><E40/><V66/><F54/><W42/><G42/><T43/><D6/><U10/><E123/><V17/><F17/><W71/><G71/><T36/><D43/><U82/><E69/><N who="2" m="42207" /><F131/><W44/><G44/><T68/><D68/><U1/><E1/><V61/><F129/><W115/><G115/><T135/><D135/><U99/><E10/><V86/><F39/><W60/><G60/><AGARI ba="0,1" hai="53,59,60,76,79,82,84,88,89,90,91,99,103,105" machi="60" ten="40,2600,0" yaku="6,1,54,1" doraHai="114" who="1" fromWho="3" sc="239,0,208,36,341,0,202,-26" owari="239,-16.1,244,4.4,341,44.1,176,-32.4" /></mjloggm>