<mjloggm ver="2.3"><GO type="225" lobby="0"/><UN n0="%E5%B0%8F%E9%B3%A5%E9%81%8A%E7%B7%B4%E7%84%A1%32%31%E6%AD%B3" n1="%61%69%73%79%6F" n2="%61%67%65%48%61" n3="%E3%82%A2%E3%83%8A%E3%83%BC%E3%81%8D%E3%83%BC" dan="16,17,16,16" rate="2184.34,2249.39,2042.18,2150.15" sx="F,M,M,M"/><TAIKYOKU oya="0"/><INIT seed="0,0,0,2,0,22" ten="250,250,250,250" oya="0" hai0="55,56,35,122,99,64,116,53,10,29,104,51,25" hai1="30,3,117,113,5,60,90,23,134,15,74,70,20" hai2="112,33,102,11,128,1,129,52,8,94,78,46,65" hai3="88,120,109,86,71,126,14,131,41,38,114,80,87"/><T0/><D122/><U61/><E74/><V105/><F105/><W85/><G71/><T47/><D116/><U97/><E3/><V17/><F65/><W37/><G41/><T103/><D64/><U119/><E134/><V82/><F112/><W9/><G114/><T12/><D0/><U7/><E97/><V124/><F124/><W66/><G66/><T31/><D31/><U108/><E108/><V68/><F68/><W32/><G32/><T62/><D12/><U118/><E113/><V127/><F33/><W101/><G120/><T123/><D10/><U59/><E90/><V132/><F132/><W130/><G109/><T42/><REACH who="0" step="1"/><D123/><REACH who="0" ten="240,250,250,250" step="2"/><U34/><E15/><V121/><F11/><W4/><G126/><T95/><D95/><U125/><E125/><V107/><F1/><W91/><G9/><T106/><D106/><U16/><E30/><V135/><F107/><W19/><G14/><T67/><AGARI ba="0,1" hai="25,29,35,42,47,51,53,55,56,62,67,99,103,104" machi="67" ten="20,7800,0" yaku="1,1,0,1,7,1,52,1,53,0" doraHai="22" doraHaiUra="76" who="0" fromWho="0" sc="240,88,250,-26,250,-26,250,-26" /><INIT seed="0,1,0,3,0,102" ten="328,224,224,224" oya="0" hai0="93,124,70,65,75,38,23,14,73,31,4,79,132" hai1="54,104,8,97,72,81,20,84,53,96,64,6,35" hai2="99,51,83,10,12,24,37,103,26,118,101,113,86" hai3="112,45,52,21,3,25,114,80,125,109,68,55,71"/><T1/><D124/><U49/><E35/><V89/><F37/><W120/><G125/><T63/><D38/><U44/><E72/><V43/><F113/><W87/><G3/><T42/><D1/><U135/><E135/><V61/><F118/><W32/><G109/><T78/><D42/><U130/><E130/><V47/><F61/><W82/><G32/><T100/><D132/><U39/><E64/><V9/><F103/><W74/><G74/><T121/><D121/><U15/><E104/><V17/><REACH who="2" step="1"/><F9/><REACH who="2" ten="328,224,214,224" step="2"/><W95/><G114/><T119/><D100/><U122/><E39/><V56/><F56/><W77/><G112/><T19/><D119/><U76/><E122/><V40/><F40/><W106/><G120/><T98/><D63/><U5/><E5/><V7/><F7/><W134/><G71/><T2/><D4/><U60/><REACH who="1" step="1"/><E20/><REACH who="1" ten="328,214,214,224" step="2"/><V67/><F67/><W34/><G21/><T46/><D65/><U92/><E92/><AGARI ba="1,2" hai="10,12,17,24,26,43,47,51,83,86,89,92,99,101" machi="92" ten="30,3900,0" yaku="1,1,7,1,8,1,53,0" doraHai="102" doraHaiUra="108" who="2" fromWho="1" sc="328,0,214,-42,214,62,224,0" /><INIT seed="1,0,0,0,4,44" ten="328,172,276,224" oya="1" hai0="88,126,0,105,27,109,66,23,86,26,35,49,4" hai1="76,14,31,36,58,43,77,10,34,40,73,55,59" hai2="96,22,114,56,120,24,91,45,119,5,123,112,99" hai3="83,69,7,3,50,87,51,9,20,19,79,17,115"/><U8/><E34/><V12/><F119/><W97/><G115/><N who="2" m="44073" /><F56/><W62/><G97/><N who="2" m="37449" /><F91/><W78/><G78/><T132/><D105/><U107/><E31/><N who="2" m="17815" /><F45/><W75/><G75/><T85/><D66/><U84/><E73/><V25/><F25/><W110/><G110/><T125/><D27/><U29/><E29/><V63/><F63/><W127/><G127/><T93/><D109/><U32/><E32/><V135/><F135/><W30/><G30/><T11/><D35/><U129/><E107/><V98/><F98/><W42/><G42/><T102/><D132/><U74/><E74/><V71/><F71/><W134/><G134/><T111/><D111/><U121/><E84/><V61/><F61/><W117/><G117/><T101/><D85/><U116/><E116/><V95/><F95/><W38/><G38/><T1/><D126/><U124/><E124/><V48/><F48/><W72/><G72/><T128/><D125/><U2/><E55/><V108/><F108/><W57/><G69/><T122/><D49/><U64/><E36/><V131/><F131/><W106/><G106/><T100/><D128/><U60/><E129/><V39/><F39/><W133/><G133/><T13/><REACH who="0" step="1"/><D122/><REACH who="0" ten="318,172,276,224" step="2"/><U16/><E121/><V15/><F120/><W104/><G104/><T28/><AGARI ba="0,1" hai="0,1,4,11,13,23,26,28,86,88,93,100,101,102" machi="28" ten="30,7900,0" yaku="1,1,2,1,0,1,54,1,53,0" doraHai="44" doraHaiUra="46" who="0" fromWho="0" sc="318,89,172,-39,276,-20,224,-20" /><INIT seed="2,0,0,2,2,116" ten="407,133,256,204" oya="2" hai0="114,46,15,4,57,26,87,38,80,44,47,82,27" hai1="35,103,70,123,92,127,30,29,79,10,107,31,74" hai2="11,102,56,135,73,8,90,18,78,132,86,45,3" hai3="104,118,120,106,69,52,108,21,83,61,96,65,20"/><V25/><F102/><W101/><G118/><T76/><D38/><U117/><E117/><V62/><F73/><W134/><G108/><T63/><D114/><U112/><E112/><V7/><F78/><W121/><G106/><T40/><D82/><U124/><E70/><V58/><F45/><W126/><G126/><T23/><D40/><U109/><E35/><V98/><F98/><W100/><G100/><T36/><D36/><U5/><E107/><V60/><F25/><W85/><G134/><N who="2" m="51241" /><F18/><W6/><G6/><T105/><D105/><U17/><E17/><V32/><F8/><W77/><REACH who="3" step="1"/><G52/><REACH who="3" ten="407,133,256,194" step="2"/><N who="0" m="34215" /><D4/><U91/><E109/><V1/><F7/><W68/><G68/><T89/><D89/><U66/><E103/><V59/><F90/><W28/><G28/><T33/><D33/><U129/><E129/><V16/><F1/><W122/><AGARI ba="0,1" hai="20,21,61,65,69,77,83,85,96,101,104,120,121,122" machi="122" ten="30,8000,1" yaku="1,1,0,1,52,3,53,0" doraHai="116" doraHaiUra="88" who="3" fromWho="3" sc="407,-20,133,-20,256,-40,194,90" /><INIT seed="3,0,0,1,0,41" ten="387,113,216,284" oya="3" hai0="38,51,96,52,40,65,85,69,77,135,49,44,129" hai1="109,33,15,132,108,116,81,123,22,12,58,93,48" hai2="34,121,67,3,32,55,88,31,63,76,90,124,94" hai3="35,122,47,45,42,57,13,20,18,107,115,21,30"/><W8/><G115/><T62/><D129/><U80/><E33/><V99/><F3/><W104/><G122/><T39/><D135/><U11/><E132/><V54/><F121/><W72/><G72/><T0/><D0/><U97/><E123/><V37/><F37/><W1/><G1/><T105/><D105/><U125/><E116/><V26/><F124/><W79/><G79/><T106/><D106/><U127/><E48/><V17/><F76/><W98/><G107/><T43/><D96/><U46/><E58/><V86/><F17/><W82/><G82/><T126/><D126/><U68/><E22/><V134/><F32/><W92/><G104/><T133/><D133/><U117/><E68/><V112/><F112/><W78/><G78/><T9/><D9/><U60/><E60/><V75/><F75/><W118/><G118/><T131/><D131/><U89/><E117/><V6/><F6/><W113/><G113/><T95/><D40/><U64/><E97/><V5/><F5/><W10/><G57/><T66/><D66/><U61/><E61/><V36/><F36/><W19/><G35/><T14/><D14/><U83/><E64/><V74/><F74/><W16/><G30/><T56/><D77/><U59/><E59/><V53/><F134/><W70/><G70/><T120/><D120/><U102/><E81/><V73/><F73/><W24/><G42/><T23/><D23/><U7/><E93/><N who="2" m="56743" /><F67/><W119/><G119/><T114/><D114/><U4/><E102/><V87/><F87/><W29/><G13/><T103/><D85/><U28/><E127/><RYUUKYOKU ba="0,0" sc="387,15,113,-15,216,15,284,-15" hai0="38,39,43,44,49,51,52,56,62,65,69,95,103" hai2="26,31,34,53,54,55,63,86,90,94" owari="402,50.2,98,-40.2,231,-16.9,269,6.9" /></mjloggm>