<mjloggm ver="2.3"><GO type="225" lobby="0"/><UN n0="%72%69%6F%75%63%68%61%6E" n1="%E3%81%AA%E3%82%81%E3%81%93%E9%9B%80%E5%A3%AB" n2="%E4%BF%BA%E3%81%A8%E5%A6%96%E5%A4%A2" n3="%E3%80%93%E3%81%97%E3%83%BC%E3%82%89%E3%80%93" dan="17,16,17,16" rate="2257.22,2075.05,2168.73,2143.74" sx="M,M,F,M"/><TAIKYOKU oya="0"/><INIT seed="0,0,0,4,3,81" ten="250,250,250,250" oya="0" hai0="87,46,7,130,12,77,25,118,74,36,59,29,18" hai1="119,83,1,102,51,92,124,35,13,85,28,45,120" hai2="135,82,49,40,44,53,94,103,33,54,72,128,64" hai3="17,14,30,41,0,73,62,79,16,55,97,2,37"/><T38/><D118/><U75/><E1/><V10/><F33/><W26/><G79/><T71/><D71/><U100/><E120/><V4/><F128/><W47/><G73/><T42/><D130/><U112/><E75/><V86/><F135/><W78/><G78/><T133/><D133/><U61/><E124/><V6/><F64/><W19/><G14/><T68/><D68/><U117/><E112/><V63/><F72/><W89/><G62/><T88/><D7/><U125/><E125/><V104/><F104/><W99/><G55/><N who="2" m="21001" /><F63/><W108/><G108/><T69/><D69/><U15/><E61/><V31/><F31/><W65/><G65/><T24/><D36/><U105/><E105/><V113/><F10/><W22/><REACH who="3" step="1"/><G89/><REACH who="3" ten="250,250,250,240" step="2"/><T110/><D77/><N who="1" m="46319" /><E117/><V21/><F113/><W111/><G111/><T32/><D74/><U109/><E109/><V115/><F115/><W9/><G9/><T84/><D110/><U56/><E119/><V76/><F21/><W57/><G57/><T131/><D131/><U60/><E56/><V95/><F103/><W93/><G93/><AGARI ba="0,1" hai="4,6,40,44,49,76,82,86,93,94,95" m="21001" machi="93" ten="30,2000,0" yaku="8,1,52,1" doraHai="81" who="2" fromWho="3" sc="250,0,250,0,250,30,240,-20" /><INIT seed="1,0,0,0,2,115" ten="250,250,280,220" oya="1" hai0="104,28,96,90,116,0,2,49,9,56,47,86,11" hai1="52,13,122,102,48,31,131,46,21,118,112,51,50" hai2="8,83,39,44,94,60,26,27,64,76,79,114,42" hai3="72,71,69,62,111,125,121,23,134,133,32,80,130"/><U132/><E112/><V10/><F114/><W78/><G121/><T33/><D116/><U4/><E122/><V61/><F94/><W98/><G32/><T119/><D119/><U43/><E118/><V15/><F8/><W29/><G111/><T70/><D70/><U53/><E132/><N who="3" m="50794" /><G125/><T25/><D56/><N who="1" m="32775" /><E131/><V97/><F97/><W65/><G130/><T41/><D0/><U24/><E102/><V77/><F83/><W5/><G98/><T45/><D2/><U128/><E128/><V40/><F40/><W106/><G5/><T73/><D73/><U7/><E13/><V95/><F95/><W99/><G99/><T37/><D96/><U59/><AGARI ba="0,0" hai="4,7,21,24,31,43,46,50,51,53,59" m="32775" machi="59" ten="30,3000,0" yaku="8,1,54,1" doraHai="115" who="1" fromWho="1" sc="250,-10,250,30,280,-10,220,-10" /><INIT seed="1,1,0,1,1,19" ten="240,280,270,210" oya="1" hai0="120,132,27,49,112,130,76,39,15,70,115,51,131" hai1="10,119,106,55,14,46,40,7,32,100,59,22,82" hai2="28,84,52,113,8,88,23,2,4,134,92,43,83" hai3="37,0,18,118,66,73,135,60,94,68,86,103,107"/><U133/><E32/><V57/><F134/><W20/><G73/><T101/><D39/><U116/><E133/><V1/><F113/><W63/><G37/><T69/><D132/><U34/><E34/><V114/><F114/><N who="0" m="43562" /><D101/><U17/><E100/><V41/><F1/><W104/><G0/><T11/><D76/><U129/><E106/><V99/><F28/><W95/><G135/><T65/><D27/><U71/><E71/><N who="0" m="27145" /><D65/><U61/><E129/><N who="0" m="49161" /><D120/><U79/><E79/><V45/><F99/><W89/><G118/><T93/><D93/><U126/><E82/><V125/><F92/><W123/><G123/><T38/><D38/><U44/><E119/><V9/><F4/><AGARI ba="1,0" hai="4,11,15,49,51" m="49161,27145,43562" machi="4" ten="40,1300,0" yaku="19,1" doraHai="19" who="0" fromWho="2" sc="240,16,280,0,270,-16,210,0" /><INIT seed="2,0,0,2,5,104" ten="256,280,254,210" oya="2" hai0="2,91,27,39,93,70,97,47,1,132,82,103,108" hai1="87,66,80,89,56,129,57,26,59,24,23,65,3" hai2="37,53,110,54,34,61,133,19,69,30,36,114,113" hai3="40,120,5,44,112,107,111,79,88,81,123,28,0"/><V135/><F34/><W33/><G111/><T29/><D108/><U32/><E3/><V41/><F110/><W51/><G107/><T119/><D132/><N who="2" m="50762" /><F30/><W85/><G112/><N who="2" m="43113" /><F19/><W99/><G28/><T15/><D70/><U71/><E71/><V42/><F69/><W95/><REACH who="3" step="1"/><G33/><REACH who="3" ten="256,280,254,200" step="2"/><T126/><D29/><U118/><E32/><V49/><F61/><W55/><G55/><N who="2" m="21001" /><F49/><W48/><G48/><T122/><D39/><AGARI ba="0,1" hai="36,37,39,41,42" m="21001,43113,50762" machi="39" ten="40,12000,1" yaku="28,2,20,1,34,2" doraHai="104" who="2" fromWho="0" sc="256,-120,280,0,254,130,200,0" /><INIT seed="2,1,0,3,3,106" ten="136,280,384,200" oya="2" hai0="93,59,3,89,25,30,28,122,14,87,48,29,54" hai1="52,51,31,1,121,63,81,74,10,69,71,107,42" hai2="80,40,124,97,66,36,6,101,125,83,11,39,41" hai3="26,9,105,129,47,62,79,13,77,35,135,58,104"/><V76/><F66/><W21/><G35/><T127/><D127/><N who="2" m="48714" /><F40/><W50/><G135/><T5/><D122/><U119/><E107/><N who="2" m="63919" /><F41/><N who="3" m="24943" /><G105/><T64/><D3/><U7/><E31/><V49/><F49/><W117/><G129/><T2/><D2/><U53/><E119/><V96/><F96/><W16/><G104/><T130/><D130/><U46/><E121/><V61/><F61/><W44/><G44/><T55/><D64/><U128/><E128/><V88/><F88/><W73/><G73/><T32/><D5/><U18/><E18/><V15/><F83/><W70/><G70/><T134/><D134/><U17/><E17/><V100/><F100/><W43/><G43/><T68/><D68/><U56/><REACH who="1" step="1"/><E42/><REACH who="1" ten="136,270,384,200" step="2"/><V120/><F120/><W8/><G117/><T22/><REACH who="0" step="1"/><D55/><REACH who="0" ten="126,270,384,200" step="2"/><U27/><E27/><V78/><F6/><N who="3" m="3223" /><G9/><T0/><D0/><U115/><E115/><V85/><F11/><W103/><G103/><T114/><D114/><U116/><E116/><V45/><F15/><W82/><G82/><T123/><D123/><U112/><E112/><V84/><F80/><W24/><G26/><T99/><D99/><U37/><E37/><V126/><F36/><W131/><G131/><T91/><D91/><U113/><E113/><V4/><F126/><W86/><G86/><T23/><D23/><U102/><E102/><V98/><F39/><W90/><G90/><T94/><D94/><U111/><E111/><V92/><F4/><W72/><G24/><T95/><D95/><U110/><E110/><V38/><F38/><W109/><G21/><T60/><D60/><RYUUKYOKU ba="1,2" sc="126,15,270,15,384,-15,200,-15" hai0="14,22,25,28,29,30,32,48,54,59,87,89,93" hai1="1,7,10,46,51,52,53,56,63,69,71,74,81" /><INIT seed="3,2,2,5,1,80" ten="141,285,369,185" oya="3" hai0="75,103,73,16,127,20,0,31,25,15,120,92,45" hai1="28,57,89,10,83,14,88,56,116,71,12,59,105" hai2="21,129,109,78,41,121,70,63,49,50,81,13,22" hai3="65,44,126,43,85,17,115,77,39,18,4,95,8"/><W79/><G115/><T96/><D120/><U62/><E105/><V35/><F35/><W11/><G126/><T67/><D127/><U60/><E71/><V5/><F121/><W19/><G65/><T128/><D128/><U135/><E135/><V113/><F113/><W84/><G95/><T132/><D132/><U107/><E107/><V64/><F129/><W112/><G112/><T122/><D122/><U87/><E116/><V38/><F38/><W125/><G125/><T131/><D131/><U98/><E28/><V102/><F102/><W30/><G30/><T23/><D0/><U24/><E24/><V124/><F124/><W47/><G4/><T90/><D67/><U104/><E104/><V53/><F49/><N who="3" m="26783" /><G47/><T29/><D29/><U114/><E14/><V27/><F41/><W76/><G39/><T134/><D134/><U119/><E119/><V9/><F27/><W74/><G74/><T91/><D45/><U7/><E114/><V110/><F53/><W42/><G42/><T36/><D36/><U100/><E100/><V6/><F50/><W130/><G130/><T26/><D15/><U46/><E46/><V117/><F5/><W54/><G54/><T3/><D3/><U51/><E51/><V66/><F66/><W86/><AGARI ba="2,2" hai="8,11,17,18,19,76,77,79,84,85,86" m="26783" machi="86" ten="40,18000,2" yaku="29,2,8,1,52,3" doraHai="80" who="3" fromWho="3" sc="141,-62,285,-62,369,-62,185,206" owari="79,-42.1,223,-17.7,307,10.7,391,49.1" /></mjloggm>