<mjloggm ver="2.3"><GO type="225" lobby="0"/><UN n0="%E3%81%95%E3%81%8D%E3%81%9F%E3%81%BE%E6%9E%97%E6%AA%8E" n1="%E6%A0%B9%E5%85%83%E3%81%8B%E3%82%89%E5%90%B9%E3%81%A3%E9%A3%9B%E3%81%B6" n2="%E3%81%A1%E3%82%85%E3%81%86%E3%81%A9%E3%81%8F%E8%B1%A1%E3%81%95%E3%82%93" n3="%72%69%6F%75%63%68%61%6E" dan="16,16,17,16" rate="2101.34,2189.33,2186.60,2159.20" sx="M,F,M,M"/><TAIKYOKU oya="0"/><INIT seed="0,0,0,0,2,6" ten="250,250,250,250" oya="0" hai0="16,28,124,100,50,64,53,127,46,55,118,10,88" hai1="61,26,25,13,78,31,131,65,135,114,130,112,94" hai2="122,15,42,67,104,70,107,38,99,1,84,76,54" hai3="91,2,102,17,106,41,30,3,21,19,77,62,5"/><T51/><D118/><U60/><E78/><V68/><F122/><W35/><G77/><T103/><D28/><U83/><E83/><V115/><F115/><N who="1" m="44073" /><E135/><V43/><F1/><N who="3" m="11" /><G91/><T98/><D64/><U109/><E109/><V57/><F15/><W4/><G62/><N who="1" m="24170" /><E65/><V32/><F32/><W27/><G41/><T125/><D98/><U47/><E47/><V58/><F99/><W132/><G102/><T71/><D71/><U108/><E108/><V73/><F67/><W63/><G106/><T11/><D88/><U92/><E13/><V8/><F76/><W34/><G63/><T123/><D123/><U44/><E44/><V89/><F73/><W33/><G132/><T49/><D46/><U133/><E26/><V86/><F54/><N who="0" m="20490" /><D16/><AGARI ba="0,0" hai="4,5,16,17,19,21,27,30,33,34,35" m="11" machi="16" ten="40,12000,2" yaku="35,5,54,1" doraHai="6" who="3" fromWho="0" sc="250,-120,250,0,250,0,250,120" /><INIT seed="1,0,0,3,0,85" ten="130,250,250,370" oya="1" hai0="59,21,3,129,81,51,102,69,133,109,104,19,40" hai1="9,67,73,117,119,128,27,87,98,94,11,6,28" hai2="99,106,63,61,7,54,41,105,78,15,64,80,135" hai3="123,48,100,125,8,131,36,57,22,88,18,33,110"/><U65/><E73/><V26/><F135/><W101/><G123/><T10/><D133/><U76/><E128/><V68/><F41/><W126/><G33/><T44/><D129/><U30/><E76/><V130/><F26/><W56/><G131/><T24/><D109/><U4/><E87/><V43/><F130/><W84/><G36/><T12/><D69/><U74/><E74/><V103/><F43/><W53/><G110/><T118/><D118/><U113/><E94/><V23/><F63/><W42/><G42/><T37/><D3/><U71/><E27/><V16/><F7/><W5/><G56/><T132/><D132/><U122/><E122/><V92/><REACH who="2" step="1"/><F54/><REACH who="2" ten="130,250,240,370" step="2"/><W108/><G108/><T90/><D37/><U134/><E134/><V96/><F96/><W25/><G126/><T72/><D72/><AGARI ba="0,1" hai="15,16,23,61,64,68,72,78,80,92,99,103,105,106" machi="72" ten="30,7700,0" yaku="1,1,7,1,54,1,53,1" doraHai="85" doraHaiUra="75" who="2" fromWho="0" sc="130,-77,250,0,240,87,370,0" /><INIT seed="2,0,0,2,5,98" ten="53,250,327,370" oya="2" hai0="52,24,46,118,86,47,104,95,60,124,44,30,2" hai1="114,10,90,96,41,16,83,72,94,43,48,91,26" hai2="14,129,56,57,105,65,76,85,93,35,126,78,59" hai3="61,133,37,20,18,36,21,125,92,135,99,63,70"/><V131/><F35/><W3/><G125/><T107/><D124/><U71/><E71/><V117/><F126/><W116/><G116/><T119/><D2/><U4/><E114/><V13/><F117/><N who="0" m="44554" /><D95/><U31/><E48/><V110/><F65/><N who="3" m="41263" /><G63/><T39/><D39/><N who="3" m="14921" /><G18/><T1/><D1/><U53/><E53/><V58/><F58/><W120/><G3/><T123/><D123/><U64/><E64/><V73/><F105/><N who="0" m="40522" /><D86/><N who="1" m="50527" /><E72/><V0/><F0/><W51/><G51/><T87/><D87/><U33/><E33/><V74/><F93/><W67/><G67/><T68/><D68/><U5/><E31/><V12/><F85/><W109/><G109/><T49/><D49/><U122/><E122/><V101/><F110/><W27/><G27/><T55/><D60/><U132/><E132/><N who="3" m="50762" /><G120/><T89/><D89/><AGARI ba="0,0" hai="20,21,89,92,99" m="50762,14921,41263" machi="89" ten="30,1000,0" yaku="20,1" doraHai="98" who="3" fromWho="0" sc="53,-10,250,0,327,0,370,10" /><INIT seed="3,0,0,4,2,23" ten="43,250,327,380" oya="3" hai0="75,124,68,42,125,57,28,135,134,2,133,9,117" hai1="85,45,97,101,43,7,35,102,13,24,39,111,36" hai2="5,40,89,116,88,90,79,63,94,77,60,126,112" hai3="15,37,26,73,93,50,84,48,29,99,104,53,113"/><W110/><G113/><T71/><D75/><U21/><E111/><V130/><F112/><W100/><G37/><T34/><D42/><U127/><E39/><V67/><F116/><W10/><G73/><T27/><D57/><U3/><E127/><V52/><F126/><N who="0" m="48746" /><D71/><U64/><E64/><V107/><F107/><W49/><G110/><T76/><D76/><N who="2" m="29258" /><F130/><W19/><G84/><T72/><D72/><U123/><E123/><V103/><F5/><W105/><REACH who="3" step="1"/><G53/><REACH who="3" ten="43,250,327,370" step="2"/><T11/><D68/><U59/><E85/><N who="2" m="52495" /><F40/><W33/><AGARI ba="0,1" hai="10,15,19,26,29,33,48,49,50,93,99,100,104,105" machi="33" ten="30,6000,0" yaku="1,1,0,1,52,1,53,0" doraHai="23" doraHaiUra="118" who="3" fromWho="3" sc="43,-20,250,-20,327,-20,370,70" owari="23,-47.7,230,-17.0,307,10.7,440,54.0" /></mjloggm>