<mjloggm ver="2.3"><GO type="225" lobby="0"/><UN n0="%E9%80%9F%E6%B0%B4%E5%87%9B%E9%A6%99" n1="%E3%82%82%E3%81%90%E3%82%89" n2="%E7%88%86%E8%A3%82%E9%83%BD%E5%B8%82%EF%BD%9E" n3="%E3%83%B4%E3%83%A0%EF%BC%99%E3%81%A6" dan="17,16,16,16" rate="2226.64,2198.05,2106.61,2146.98" sx="F,M,M,M"/><TAIKYOKU oya="0"/><INIT seed="0,0,0,5,1,91" ten="250,250,250,250" oya="0" hai0="78,83,107,86,66,113,74,55,130,13,47,69,117" hai1="41,8,26,94,71,70,99,2,84,89,81,111,85" hai2="59,25,28,40,35,90,75,44,110,23,135,114,6" hai3="16,118,92,129,4,24,64,87,131,56,62,106,108"/><T98/><D117/><U32/><E111/><V67/><F110/><W42/><G108/><T17/><D113/><U95/><E41/><V50/><F114/><W112/><G112/><T132/><D130/><N who="3" m="49673" /><G106/><T127/><D132/><U119/><E119/><V61/><F135/><W102/><G4/><T126/><D66/><U49/><E49/><V72/><F6/><W33/><G118/><T38/><D69/><U122/><E122/><V77/><F77/><W5/><G5/><T52/><D74/><U15/><E2/><V7/><F7/><W123/><G123/><T134/><D134/><U105/><E105/><V45/><F35/><W9/><G42/><T88/><D38/><U121/><E121/><V37/><REACH who="2" step="1"/><F90/><REACH who="2" ten="250,250,240,250" step="2"/><N who="3" m="53343" /><G33/><T100/><D78/><U10/><E32/><V104/><F104/><W14/><G24/><T68/><D68/><U27/><E70/><V125/><F125/><N who="0" m="47626" /><D47/><U0/><E71/><V80/><F80/><W34/><G34/><T63/><D63/><U31/><E0/><V60/><F60/><W19/><G19/><T48/><D48/><U30/><E27/><V29/><F29/><N who="1" m="10761" /><E26/><V101/><F101/><AGARI ba="0,1" hai="9,14,16,56,62,64,101,102" m="53343,49673" machi="101" ten="30,3900,0" yaku="19,1,52,1,54,1" doraHai="91" who="3" fromWho="2" sc="250,0,250,0,240,-39,250,49" /><INIT seed="1,0,0,4,0,71" ten="250,250,201,299" oya="1" hai0="13,41,116,6,96,134,9,88,92,86,119,38,126" hai1="122,118,123,61,109,43,60,14,46,19,1,121,101" hai2="111,117,129,72,7,93,24,84,128,80,42,125,21" hai3="59,44,58,69,106,39,132,12,17,131,68,87,55"/><U114/><E114/><V51/><F117/><W62/><G106/><T97/><D134/><U26/><E1/><V120/><F120/><W104/><G104/><T22/><D126/><U99/><E118/><V130/><F125/><W89/><G132/><T33/><D33/><U85/><E85/><V34/><F111/><W56/><G131/><T73/><D73/><U79/><E79/><V102/><F34/><W91/><G91/><T50/><D97/><U135/><E26/><V63/><F7/><W70/><G44/><T107/><D50/><U35/><E35/><V20/><F63/><W8/><REACH who="3" step="1"/><G39/><REACH who="3" ten="250,250,201,289" step="2"/><T32/><D107/><U64/><E135/><V16/><F93/><AGARI ba="0,1" hai="8,12,17,55,56,58,59,62,68,69,70,87,89,93" machi="93" ten="40,2600,0" yaku="1,1,2,1,53,0" doraHai="71" doraHaiUra="25" who="3" fromWho="2" sc="250,0,250,0,201,-26,289,36" /><INIT seed="2,0,0,4,1,52" ten="250,250,175,325" oya="2" hai0="66,85,96,135,33,94,0,10,4,1,27,78,67" hai1="20,72,91,35,25,107,41,40,54,56,82,63,12" hai2="113,2,15,118,128,3,14,83,87,43,58,51,44" hai3="106,129,9,37,112,80,19,99,116,59,60,45,70"/><V31/><F113/><W16/><G112/><T81/><D135/><U39/><E107/><V86/><F118/><W73/><G116/><T13/><D33/><U115/><E115/><V71/><F71/><W36/><G70/><T121/><D121/><U29/><E39/><V48/><F128/><W5/><G129/><T65/><REACH who="0" step="1"/><D27/><REACH who="0" ten="240,250,175,325" step="2"/><U131/><E131/><V24/><F2/><W109/><G109/><T32/><D32/><U6/><E35/><V26/><F3/><W114/><G114/><T23/><D23/><U104/><E104/><V61/><F26/><W55/><G106/><T105/><D105/><U122/><E122/><V18/><F18/><W46/><G19/><T101/><AGARI ba="0,1" hai="0,1,4,10,13,65,66,67,78,81,85,94,96,101" machi="101" ten="30,4000,0" yaku="1,1,0,1,53,1" doraHai="52" doraHaiUra="93" who="0" fromWho="0" sc="240,50,250,-10,175,-20,325,-10" /><INIT seed="3,0,0,2,2,44" ten="290,240,155,315" oya="3" hai0="85,119,94,76,70,127,56,113,111,18,2,110,23" hai1="124,25,40,81,42,34,31,26,96,15,84,128,55" hai2="115,105,90,22,52,24,39,114,106,71,87,51,67" hai3="97,27,112,60,7,117,11,1,68,80,4,5,109"/><W129/><G112/><T38/><D70/><U57/><E128/><V78/><F39/><W10/><G117/><T28/><D2/><U91/><E124/><V101/><F78/><W61/><G129/><T72/><D38/><U14/><E26/><V135/><F135/><W13/><G109/><T93/><D28/><U63/><E96/><V62/><F106/><W120/><G120/><T20/><D20/><U125/><E125/><V92/><F105/><W21/><G68/><T43/><D43/><U121/><E121/><V130/><F101/><W65/><G65/><T6/><D6/><U134/><E134/><V122/><F130/><W53/><G5/><T47/><D113/><U73/><E73/><V32/><F32/><W36/><G36/><T3/><D47/><U126/><E126/><V100/><F100/><W133/><G133/><T35/><D3/><U16/><REACH who="1" step="1"/><E15/><REACH who="1" ten="290,230,155,315" step="2"/><V77/><F122/><W37/><G13/><N who="0" m="9679" /><D72/><U88/><E88/><V58/><REACH who="2" step="1"/><F77/><REACH who="2" ten="290,230,145,315" step="2"/><W107/><G107/><T45/><D127/><U83/><E83/><V9/><F9/><AGARI ba="0,2" hai="9,14,16,25,31,34,40,42,55,57,63,81,84,91" machi="9" ten="30,3900,0" yaku="1,1,7,1,54,1,53,0" doraHai="44" doraHaiUra="64" who="1" fromWho="2" sc="290,0,230,59,145,-39,315,0" owari="290,9.0,289,-11.1,106,-39.4,315,41.5" /></mjloggm>