<mjloggm ver="2.3"><GO type="225" lobby="0"/><UN n0="%E3%81%82%E3%81%99%E3%81%AB%E3%82%83%E3%82%80" n1="%E9%BB%92%E7%8A%AC%40%E3%81%A6%E3%82%93%E3%81%BB%E3%83%BC" n2="%E5%B8%86%E7%AB%8B%E5%A4%8F%E8%A1%A3" n3="%6D%75%75%6D%75%72%61" dan="16,17,16,17" rate="2119.90,2160.83,2095.84,2177.03" sx="F,M,M,F"/><TAIKYOKU oya="0"/><INIT seed="0,0,0,5,3,69" ten="250,250,250,250" oya="0" hai0="35,28,133,122,39,131,41,51,36,112,103,24,17" hai1="25,22,119,132,30,135,82,127,84,129,2,74,100" hai2="50,72,78,23,134,88,108,102,4,27,104,56,70" hai3="57,31,5,99,115,125,3,13,15,118,44,85,67"/><T68/><D112/><U121/><E119/><V107/><F70/><W87/><G115/><T65/><D122/><U1/><E121/><V43/><F108/><W42/><G118/><T130/><D133/><N who="1" m="51275" /><E74/><V93/><F4/><W76/><G3/><T75/><D75/><U120/><E120/><V71/><F71/><W8/><G125/><T52/><D41/><U80/><E129/><N who="0" m="49161" /><D103/><U124/><E100/><V58/><F134/><W45/><G99/><T92/><D92/><U90/><E80/><V12/><F43/><W38/><G45/><N who="0" m="27759" /><D17/><U29/><E29/><V0/><F93/><W46/><G46/><T64/><D64/><U48/><E48/><V34/><F50/><W40/><G40/><T19/><D19/><U47/><E47/><V89/><F102/><W114/><G114/><T98/><D98/><U20/><E127/><V110/><F72/><W73/><G31/><T116/><D116/><U53/><E124/><V62/><F107/><W66/><G66/><T60/><AGARI ba="0,0" hai="24,28,35,36,39,60,65,68" m="27759,49161" machi="60" ten="30,11700,0" yaku="19,1,52,2,54,1" doraHai="69" who="0" fromWho="0" sc="250,117,250,-39,250,-39,250,-39" /><INIT seed="0,1,0,1,3,124" ten="367,211,211,211" oya="0" hai0="2,22,7,69,46,64,8,126,103,17,45,56,133" hai1="4,36,100,63,132,86,27,21,67,62,40,111,110" hai2="116,97,57,60,107,34,81,84,102,53,29,118,113" hai3="59,50,5,96,94,52,83,25,75,92,43,101,89"/><T20/><D126/><U76/><E100/><V73/><F113/><W65/><G5/><T99/><D69/><U78/><E4/><V3/><F3/><W11/><G11/><T1/><D1/><U24/><E40/><V51/><F29/><W129/><G129/><T28/><D133/><U82/><E36/><V18/><F34/><W120/><G120/><T68/><D68/><U49/><E49/><V77/><F18/><W10/><G10/><T23/><D28/><U115/><E132/><V80/><REACH who="2" step="1"/><F60/><REACH who="2" ten="367,211,201,211" step="2"/><W9/><G9/><T79/><D17/><U16/><E115/><V131/><F131/><W123/><G123/><T74/><D2/><U38/><E63/><V41/><F41/><W19/><G43/><T26/><D7/><U39/><E27/><V114/><F114/><W108/><G25/><T98/><D26/><U13/><E24/><V6/><F6/><W47/><G19/><T112/><D112/><U44/><E39/><V55/><F55/><W127/><G127/><T32/><D32/><U30/><E30/><V135/><F135/><W15/><G15/><T0/><D0/><U54/><E38/><V35/><F35/><W14/><G14/><T33/><D33/><U90/><E54/><V42/><F42/><W91/><G65/><T95/><D64/><U71/><REACH who="1" step="1"/><E44/><REACH who="1" ten="367,201,201,211" step="2"/><V128/><F128/><W109/><G47/><T122/><D45/><U37/><E37/><V93/><F93/><W121/><G94/><T12/><D46/><U61/><E61/><V87/><F87/><W117/><G121/><T104/><D122/><U134/><E134/><RYUUKYOKU ba="1,2" sc="367,-15,201,15,201,15,211,-15" hai1="13,16,21,62,67,71,76,78,82,86,90,110,111" hai2="51,53,57,73,77,80,81,84,97,102,107,116,118" /><INIT seed="1,2,2,4,3,91" ten="352,216,216,196" oya="1" hai0="14,6,54,60,78,22,48,77,15,83,103,94,132" hai1="81,23,53,93,69,86,92,18,128,34,47,117,0" hai2="121,130,16,43,21,100,19,49,105,30,80,88,98" hai3="70,106,41,79,62,63,9,129,125,55,64,68,120"/><U71/><E34/><V2/><F121/><W114/><G120/><T8/><D132/><U126/><E0/><V4/><F130/><W122/><G122/><T11/><D22/><U123/><E117/><V102/><F2/><W99/><G114/><T1/><D60/><U133/><E123/><V76/><F4/><W37/><G129/><T101/><D1/><U40/><E128/><V115/><F115/><W135/><G135/><T32/><D32/><U7/><E7/><V27/><F102/><N who="0" m="38922" /><D94/><N who="1" m="36459" /><E133/><V66/><F66/><W31/><G70/><T108/><D83/><U26/><E69/><V87/><REACH who="2" step="1"/><F76/><REACH who="2" ten="352,216,206,196" step="2"/><W73/><G79/><T104/><D77/><N who="1" m="46383" /><E126/><V127/><F127/><W36/><G125/><T65/><D78/><U89/><E71/><V35/><F35/><W85/><G68/><T3/><D3/><U46/><E89/><V45/><AGARI ba="2,3" hai="16,19,21,27,30,43,45,49,80,87,88,98,100,105" machi="45" ten="30,7900,0" yaku="1,1,0,1,54,2,53,0" doraHai="91" doraHaiUra="107" who="2" fromWho="2" sc="352,-22,216,-41,206,115,196,-22" /><INIT seed="2,0,0,2,3,65" ten="330,175,321,174" oya="2" hai0="47,23,93,32,111,46,78,56,115,54,26,101,130" hai1="89,68,10,53,0,57,79,76,82,40,92,35,58" hai2="87,81,4,96,28,2,95,83,48,50,106,114,99" hai3="5,21,126,132,122,108,15,62,69,90,105,52,119"/><V66/><F114/><W19/><G119/><T22/><D111/><U14/><E35/><V70/><F2/><W12/><G122/><T29/><D130/><U103/><E0/><V34/><F4/><W125/><G108/><T30/><D115/><U94/><E40/><V55/><F106/><W112/><G112/><T134/><D78/><U31/><E31/><V63/><F95/><W9/><G105/><T49/><D134/><U8/><E82/><V60/><F60/><W74/><G132/><T67/><D67/><U71/><E14/><V133/><F50/><W98/><G74/><T61/><D61/><U113/><E89/><V73/><F83/><W110/><G110/><T41/><D41/><U64/><E64/><V84/><F84/><W91/><G69/><T107/><D107/><U135/><E135/><V131/><F131/><W24/><G15/><T128/><D32/><U39/><E113/><V6/><F6/><W37/><G37/><T123/><D123/><U97/><E39/><V1/><F1/><W75/><G75/><T16/><D128/><U88/><E88/><V11/><F73/><W13/><G13/><N who="0" m="9487" /><D29/><U17/><E17/><V44/><F133/><W59/><G91/><T124/><D124/><U27/><E27/><V36/><F36/><W121/><G121/><T102/><D102/><U104/><E104/><V86/><F86/><W3/><G3/><T72/><D72/><U7/><E103/><V120/><F120/><W51/><G51/><T33/><D33/><U45/><E7/><V77/><F11/><W80/><G80/><T43/><D43/><RYUUKYOKU ba="0,0" sc="330,10,175,-30,321,10,174,10" hai0="23,26,30,46,47,49,54,56,93,101" hai2="28,34,44,48,55,63,66,70,77,81,87,96,99" hai3="5,9,12,19,21,24,52,59,62,90,98,125,126" /><INIT seed="2,1,0,0,5,24" ten="340,145,331,184" oya="2" hai0="23,14,123,17,115,85,118,16,19,50,89,107,55" hai1="77,2,26,90,46,101,130,54,111,21,63,27,10" hai2="57,56,134,125,119,98,29,30,53,47,18,42,65" hai3="44,3,40,51,110,25,108,74,78,62,113,61,32"/><V1/><F1/><W58/><G3/><T103/><D123/><U8/><E130/><V133/><F119/><W22/><G32/><T79/><D115/><U86/><E111/><N who="3" m="42538" /><G113/><T93/><D118/><U122/><E122/><V68/><F125/><W104/><G104/><T36/><D36/><U4/><E101/><V117/><F117/><W75/><G78/><T112/><D112/><U128/><E77/><V97/><F18/><N who="3" m="12503" /><G62/><T99/><D79/><U49/><E128/><V59/><F53/><AGARI ba="1,0" hai="40,44,51,53,58,61,74,75" m="12503,42538" machi="53" ten="30,1000,0" yaku="14,1" doraHai="24" who="3" fromWho="2" sc="340,0,145,0,331,-13,184,13" /><INIT seed="3,0,0,1,5,77" ten="340,145,318,197" oya="3" hai0="48,65,130,13,66,95,118,49,5,6,24,113,16" hai1="18,125,97,8,43,109,110,33,50,42,17,52,135" hai2="4,94,123,84,10,11,133,75,71,19,56,111,98" hai3="105,38,81,64,89,22,2,68,28,92,73,40,127"/><W57/><G105/><T36/><D36/><U67/><E33/><V114/><F114/><W129/><G2/><T90/><D118/><U119/><E119/><V83/><F71/><W51/><G129/><T116/><D116/><U53/><E67/><N who="0" m="25609" /><D113/><U35/><E35/><V62/><F111/><N who="1" m="42505" /><E97/><V9/><F133/><W80/><G80/><T59/><D24/><U47/><E8/><V88/><F123/><W32/><G22/><N who="0" m="11535" /><D130/><U1/><E1/><V99/><F4/><N who="0" m="1642" /><D59/><U25/><E25/><V55/><REACH who="2" step="1"/><F19/><REACH who="2" ten="340,145,308,197" step="2"/><N who="1" m="7177" /><E135/><V0/><F0/><W3/><G3/><T29/><D29/><U104/><E104/><V69/><F69/><W124/><G28/><T41/><D41/><N who="1" m="15371" /><E125/><V45/><F45/><W20/><G32/><T7/><D7/><U103/><E103/><V82/><F82/><W120/><G127/><T15/><D15/><U131/><E131/><V21/><F21/><W96/><G124/><T46/><D46/><U115/><E115/><V134/><F134/><W91/><G38/><T12/><D12/><U44/><E50/><V112/><F112/><W122/><G51/><T86/><AGARI ba="0,1" hai="48,49,86,90,95" m="1642,11535,25609" machi="86" ten="30,2000,0" yaku="8,1,54,1" doraHai="77" who="0" fromWho="0" sc="340,30,145,-5,308,-5,197,-10" owari="370,47.0,140,-36.0,303,10.3,187,-21.3" /></mjloggm>