<mjloggm ver="2.3"><GO type="225" lobby="0"/><UN n0="%4B%2E%32%2E%4B%2E" n1="%E8%91%B5%E3%81%A1%E3%82%83%E3%82%93" n2="%E6%B4%BE%E9%81%A3%E3%81%AE%E3%82%B8%E3%83%A3%E3%83%83%E3%82%AF" n3="%E3%81%99%E3%81%84%E3%81%BE%E3%81%9B%E3%83%BC%E3%82%93" dan="17,17,17,17" rate="2191.60,2179.49,2187.55,2232.72" sx="M,F,M,M"/><TAIKYOKU oya="0"/><INIT seed="0,0,0,4,1,16" ten="250,250,250,250" oya="0" hai0="45,82,55,66,134,4,112,34,56,6,85,61,33" hai1="133,39,58,118,130,38,12,111,119,47,14,135,31" hai2="43,101,120,94,3,8,51,50,125,102,104,17,132" hai3="46,96,99,83,93,37,100,13,69,70,109,131,88"/><T30/><D112/><U59/><E47/><V64/><F120/><W44/><G109/><T129/><D129/><U23/><E31/><V95/><F125/><W67/><G131/><T19/><D134/><U35/><E130/><V73/><F73/><W25/><G67/><T74/><D74/><U124/><E35/><V10/><F132/><W36/><G46/><T32/><D19/><U68/><E68/><V75/><F75/><W97/><G97/><T52/><D30/><U27/><E27/><V122/><F122/><W81/><G25/><T9/><D45/><U0/><E0/><V126/><F126/><W127/><G127/><T105/><D105/><U89/><E89/><V80/><F3/><W123/><G123/><T76/><REACH who="0" step="1"/><D4/><REACH who="0" ten="240,250,250,250" step="2"/><U108/><E124/><V116/><F17/><W11/><G44/><T113/><D113/><U22/><AGARI ba="0,1" hai="12,14,22,23,38,39,58,59,108,111,118,119,133,135" machi="22" ten="25,8000,1" yaku="0,1,22,2,52,2" doraHai="16" who="1" fromWho="1" sc="240,-40,250,90,250,-20,250,-20" /><INIT seed="1,0,0,3,2,62" ten="200,340,230,230" oya="1" hai0="6,23,94,44,54,56,100,110,27,65,121,9,126" hai1="70,42,123,122,49,41,79,46,4,22,113,117,34" hai2="83,59,32,33,72,78,19,66,85,1,63,15,38" hai3="21,99,30,71,91,114,16,108,116,60,25,26,52"/><U50/><E34/><V35/><F38/><W43/><G114/><T80/><D110/><U105/><E105/><V135/><F1/><W81/><G108/><T0/><D126/><U28/><E113/><V86/><REACH who="2" step="1"/><F135/><REACH who="2" ten="200,340,220,230" step="2"/><W7/><G116/><T124/><D124/><U13/><E117/><V64/><F64/><W5/><G43/><T104/><D65/><U39/><E42/><V68/><F68/><W29/><G71/><T131/><D0/><U37/><E70/><V92/><F92/><N who="3" m="56735" /><G81/><T95/><D80/><U84/><E39/><V129/><F129/><W130/><G130/><T10/><D131/><U120/><E37/><V8/><AGARI ba="0,1" hai="8,15,19,32,33,35,59,63,66,72,78,83,85,86" machi="8" ten="30,4000,0" yaku="1,1,0,1,52,1,53,0" doraHai="62" doraHaiUra="119" who="2" fromWho="2" sc="200,-10,340,-20,220,50,230,-10" /><INIT seed="2,0,0,0,3,126" ten="190,320,270,220" oya="2" hai0="96,93,39,40,98,92,134,26,27,15,79,14,82" hai1="80,63,133,89,45,7,91,28,3,115,9,110,84" hai2="64,131,37,11,13,42,113,90,43,129,49,104,69" hai3="108,19,109,38,76,61,33,57,95,29,56,10,18"/><V65/><F104/><W130/><G38/><T123/><D123/><U46/><E115/><V55/><F90/><W85/><G130/><N who="2" m="49673" /><F113/><W23/><G10/><T72/><D134/><U48/><E133/><V59/><F37/><W50/><G33/><T121/><D40/><N who="2" m="15402" /><F69/><W51/><G76/><T22/><D39/><U16/><E91/><V102/><F102/><W100/><G100/><T2/><D2/><U25/><E89/><V117/><F117/><W60/><G95/><T118/><D93/><U4/><E80/><V127/><F127/><W122/><G122/><T77/><D92/><U17/><E110/><V66/><F66/><W44/><G109/><T86/><D118/><U114/><E114/><V81/><F81/><W107/><G107/><T99/><D121/><U67/><E67/><V88/><F88/><W0/><G108/><T125/><D125/><U53/><E53/><V128/><N who="2" m="49681" /><V62/><DORA hai="36" /><F62/><W68/><G61/><T83/><D99/><U103/><E63/><V24/><F24/><W70/><G60/><T12/><REACH who="0" step="1"/><D27/><REACH who="0" ten="180,320,270,220" step="2"/><U101/><E25/><V1/><F1/><W58/><G0/><T75/><D75/><U41/><E3/><V35/><F35/><W94/><G94/><T132/><D132/><U116/><E116/><V20/><F20/><W74/><G74/><T8/><D8/><U106/><E103/><V31/><F31/><AGARI ba="0,1" hai="12,14,15,22,26,31,72,77,79,82,83,86,96,98" machi="31" ten="40,2600,0" yaku="1,1,53,1" doraHai="126,36" doraHaiUra="21,47" who="0" fromWho="2" sc="180,36,320,0,270,-26,220,0" /><INIT seed="3,0,0,1,3,118" ten="216,320,244,220" oya="3" hai0="36,72,94,81,29,54,59,74,35,106,90,9,11" hai1="5,47,13,27,131,6,0,116,128,84,73,71,15" hai2="110,109,40,127,96,69,58,135,57,64,93,105,124" hai3="18,4,83,89,87,98,50,51,53,102,129,91,122"/><W41/><G122/><T38/><D106/><U56/><E73/><V108/><F105/><W120/><G120/><T114/><D114/><U42/><E71/><V66/><F135/><W21/><G129/><N who="1" m="49738" /><E116/><V104/><F104/><W65/><G65/><N who="2" m="25193" /><F40/><W22/><G4/><N who="1" m="1642" /><E0/><V62/><F69/><W8/><G102/><T3/><D38/><N who="1" m="21975" /><E56/><N who="2" m="21611" /><F62/><W132/><G132/><T48/><D36/><U24/><E84/><V25/><F25/><AGARI ba="0,0" hai="13,15,24,25,27" m="21975,1642,49738" machi="25" ten="30,1000,0" yaku="19,1" doraHai="118" who="1" fromWho="2" sc="216,0,320,10,244,-10,220,0" owari="216,-28.4,330,43.0,234,3.4,220,-18.0" /></mjloggm>