<mjloggm ver="2.3"><GO type="225" lobby="0"/><UN n0="%E5%84%AA%40%41%42%43" n1="%4B%2E%32%2E%4B%2E" n2="%4C%C3%97%57%C3%97%4C" n3="%E6%80%AA%E3%81%97%E3%81%99%E3%81%8E%E3%82%8B%E3%83%81%E3%83%BC" dan="18,16,18,16" rate="2230.92,2077.07,2163.26,2125.53" sx="M,M,M,M"/><TAIKYOKU oya="0"/><INIT seed="0,0,0,0,2,72" ten="250,250,250,250" oya="0" hai0="66,63,102,2,19,23,45,87,7,100,22,33,88" hai1="54,50,132,127,46,107,81,8,26,1,4,101,10" hai2="113,89,59,68,35,9,135,91,69,12,74,27,6" hai3="70,83,62,41,77,67,86,134,114,118,15,48,82"/><T131/><D33/><U47/><E127/><V119/><F113/><W121/><G114/><T55/><D131/><U80/><E132/><V108/><F135/><W129/><G118/><T20/><D2/><U39/><E107/><V71/><F119/><W65/><G134/><T14/><D7/><U57/><E101/><V40/><F108/><W13/><G129/><T53/><D100/><U94/><E94/><V126/><F126/><W116/><G116/><T128/><D102/><U73/><E10/><V28/><F74/><W43/><G121/><T79/><D79/><U38/><E26/><V93/><F40/><W16/><G65/><T11/><D45/><U110/><E110/><V34/><F34/><W31/><G31/><T29/><D29/><U5/><E5/><V97/><REACH who="2" step="1"/><F59/><REACH who="2" ten="250,250,240,250" step="2"/><W98/><G41/><T117/><D117/><U17/><E73/><V103/><AGARI ba="0,1" hai="6,9,12,27,28,35,68,69,71,89,91,93,97,103" machi="103" ten="30,4000,0" yaku="1,1,2,1,0,1,53,0" doraHai="72" doraHaiUra="61" who="2" fromWho="2" sc="250,-20,250,-10,240,50,250,-10" /><INIT seed="1,0,0,1,5,29" ten="230,240,290,240" oya="1" hai0="81,132,59,68,37,104,30,28,72,8,92,86,76" hai1="128,62,93,96,77,27,116,131,78,26,23,5,34" hai2="54,66,117,121,58,110,69,127,53,11,56,45,74" hai3="31,73,52,99,83,111,50,102,1,64,88,6,60"/><U40/><E116/><V80/><F117/><W33/><G111/><T67/><D37/><U89/><E40/><V0/><F121/><W25/><G6/><T119/><D68/><U84/><E5/><V129/><F11/><W55/><G1/><T118/><D104/><U20/><E62/><N who="2" m="40151" /><F80/><W48/><G48/><T105/><D132/><U63/><E63/><N who="2" m="36239" /><F74/><W17/><G17/><T4/><D59/><U24/><E34/><V95/><F95/><W65/><G50/><T106/><D67/><U135/><E135/><V133/><F0/><W49/><G49/><T43/><D43/><U19/><E27/><V15/><F15/><W22/><G22/><T18/><D18/><N who="1" m="12311" /><E84/><V90/><F110/><W7/><G7/><T35/><D105/><U12/><E12/><V97/><F54/><W61/><G65/><T16/><D106/><U113/><E113/><V2/><F2/><W94/><G61/><T10/><D16/><U101/><E101/><V125/><F133/><W36/><G36/><T107/><D107/><U100/><E100/><V32/><F32/><W108/><G108/><T130/><D35/><U44/><E44/><V57/><F45/><W91/><G102/><T70/><D30/><U114/><E114/><V87/><F87/><N who="3" m="50303" /><G73/><N who="0" m="43151" /><D28/><U79/><E79/><V115/><F115/><W120/><G120/><T14/><D72/><U134/><E134/><V126/><F129/><N who="1" m="49737" /><E77/><V38/><F38/><W123/><G123/><T71/><D130/><U124/><E78/><V41/><F41/><W39/><G39/><T51/><D119/><U13/><E13/><V98/><F98/><RYUUKYOKU ba="0,0" sc="230,-30,240,10,290,10,240,10" hai1="19,23,26,89,93,96,124" hai2="57,58,90,97,125,126,127" hai3="25,31,33,52,55,60,64,91,94,99" /><INIT seed="1,1,0,1,4,63" ten="200,250,300,250" oya="1" hai0="30,53,128,108,16,112,81,23,5,10,44,134,14" hai1="49,100,132,59,116,33,18,135,88,0,129,28,57" hai2="68,36,71,65,131,94,40,19,76,84,121,35,104" hai3="97,69,17,56,15,7,122,91,111,61,73,11,105"/><U75/><E116/><V26/><F121/><W48/><G122/><T50/><D112/><U2/><E75/><V46/><F104/><W58/><G111/><T41/><D134/><N who="1" m="51243" /><E129/><V45/><F131/><W29/><G73/><T54/><D108/><U52/><E100/><V95/><F46/><W31/><G69/><T67/><D128/><U123/><E123/><V79/><F71/><W72/><G72/><T42/><D67/><U47/><E18/><V13/><F35/><W107/><G105/><T130/><D130/><U103/><E103/><V3/><F3/><N who="1" m="1065" /><E88/><V110/><F110/><W43/><G17/><T27/><D81/><U93/><E93/><V6/><F95/><N who="3" m="56575" /><G107/><T109/><D109/><U82/><E82/><V77/><F94/><W102/><G102/><T133/><D133/><U90/><E90/><V24/><F84/><W126/><G126/><T38/><D38/><U64/><E64/><V74/><F74/><W87/><G87/><T70/><D70/><U101/><E101/><V78/><F19/><W85/><G85/><T125/><D125/><U124/><E124/><V113/><F79/><W32/><G32/><T92/><D92/><U1/><E1/><V114/><F65/><N who="3" m="39079" /><G43/><T39/><REACH who="0" step="1"/><D5/><REACH who="0" ten="190,250,300,250" step="2"/><U66/><E66/><V8/><F68/><W34/><G34/><T115/><D115/><AGARI ba="1,1" hai="6,8,13,24,26,36,40,45,76,77,78,113,114,115" machi="115" ten="40,1300,0" yaku="11,1" doraHai="63" who="2" fromWho="0" sc="190,-16,250,0,300,26,250,0" /><INIT seed="2,0,0,0,2,112" ten="174,250,326,250" oya="2" hai0="60,31,29,64,128,58,46,7,75,47,104,34,13" hai1="10,121,70,69,101,85,24,110,42,16,23,51,35" hai2="22,52,66,87,108,109,133,95,117,26,54,134,83" hai3="5,135,55,25,82,102,113,18,90,33,4,129,30"/><V99/><F66/><W84/><G113/><T50/><D104/><U12/><E110/><N who="2" m="42603" /><F117/><W131/><G135/><N who="2" m="51721" /><F87/><W53/><G102/><T73/><D128/><N who="3" m="49225" /><G18/><T6/><D34/><U65/><E35/><V38/><F38/><W96/><G96/><T120/><D120/><U91/><E101/><N who="2" m="60671" /><F83/><W94/><G82/><T114/><D114/><U67/><E67/><V77/><F77/><W119/><G119/><T40/><D73/><U118/><E118/><V15/><F15/><W116/><G116/><T63/><D75/><U115/><E115/><V48/><F48/><W2/><G2/><T17/><D60/><U97/><E65/><V1/><F1/><W72/><G72/><T111/><D111/><U11/><E51/><V36/><F36/><W130/><G130/><T0/><D0/><U59/><E97/><V100/><F100/><W71/><G71/><T3/><D3/><U125/><E70/><V8/><F8/><W39/><G39/><T20/><REACH who="0" step="1"/><D46/><REACH who="0" ten="164,250,326,250" step="2"/><U32/><E121/><V28/><AGARI ba="0,1" hai="22,26,28,52,54" m="60671,51721,42603" machi="28" ten="30,11700,0" yaku="14,1,10,1,20,1,54,1" doraHai="112" who="2" fromWho="2" sc="164,-39,250,-39,326,127,250,-39" /><INIT seed="2,1,0,1,4,71" ten="125,211,453,211" oya="2" hai0="26,1,44,9,134,119,76,42,37,23,43,77,17" hai1="78,18,30,15,56,126,45,19,28,51,69,118,35" hai2="46,122,32,34,123,7,115,70,101,103,54,108,127" hai3="11,89,41,132,59,52,90,63,124,58,131,133,49"/><V86/><F115/><W120/><G120/><T97/><D134/><N who="3" m="51817" /><G131/><T4/><D119/><U14/><E69/><V68/><F7/><W102/><G124/><T82/><D43/><U6/><E118/><V110/><F46/><N who="3" m="25807" /><G102/><T31/><D97/><U50/><E126/><V96/><F96/><W0/><G58/><T3/><D3/><U116/><E116/><V128/><F127/><W107/><G107/><T109/><D109/><U67/><E35/><V2/><F2/><W130/><G130/><T57/><D57/><U111/><E111/><V8/><F128/><W66/><G66/><T53/><D53/><N who="1" m="31799" /><E78/><V39/><F54/><W40/><G40/><T33/><REACH who="0" step="1"/><D82/><REACH who="0" ten="115,211,453,211" step="2"/><U88/><E67/><V10/><F110/><W65/><G65/><T99/><D99/><U62/><E45/><V125/><F108/><W84/><G0/><T72/><D72/><U29/><E62/><V81/><F81/><W95/><G52/><T129/><D129/><U121/><E121/><V27/><F125/><W114/><G59/><T113/><D113/><U55/><E55/><V112/><F112/><W20/><G114/><T117/><D117/><U104/><E51/><V21/><F123/><W61/><G63/><T73/><D73/><U25/><E104/><V91/><F122/><W16/><G61/><T105/><D105/><U92/><E92/><V13/><F70/><W47/><G47/><T36/><D36/><U93/><E93/><N who="2" m="54519" /><F39/><W87/><G95/><T24/><AGARI ba="1,1" hai="1,4,9,17,23,24,26,31,33,37,42,44,76,77" machi="24" ten="20,5200,0" yaku="1,1,0,1,7,1,52,1,53,0" doraHai="71" doraHaiUra="64" who="0" fromWho="0" sc="115,65,211,-14,453,-27,211,-14" /><INIT seed="3,0,0,4,0,55" ten="180,197,426,197" oya="3" hai0="23,40,133,82,41,115,16,116,52,29,49,75,59" hai1="80,12,77,111,125,70,124,48,21,8,24,54,132" hai2="93,73,83,86,123,28,110,25,81,107,92,97,4" hai3="0,69,15,30,38,51,58,56,99,45,50,79,46"/><W1/><G69/><T117/><D133/><U63/><E132/><V122/><F4/><W114/><G114/><T126/><D115/><U13/><E111/><V17/><F17/><W62/><G38/><T101/><D126/><N who="1" m="48747" /><E63/><V43/><F43/><N who="3" m="24895" /><G1/><T130/><D130/><U39/><E70/><V67/><F110/><W66/><G0/><T20/><D116/><U119/><E39/><V57/><F107/><W3/><G3/><T96/><D117/><U44/><E8/><V88/><F73/><W65/><G79/><T60/><D23/><U53/><E53/><V11/><F123/><W103/><G30/><T135/><D29/><N who="1" m="17551" /><E119/><V131/><F122/><W78/><G78/><T9/><D9/><U127/><E127/><V98/><F28/><W14/><G99/><T129/><D135/><U134/><E134/><V72/><F72/><AGARI ba="0,0" hai="12,13,44,48,54,72,77,80" m="17551,48747" machi="72" ten="30,1000,0" yaku="18,1" doraHai="55" who="1" fromWho="2" sc="180,0,197,10,426,-10,197,0" owari="180,-32.0,207,0.7,416,51.6,197,-20.3" /></mjloggm>