<mjloggm ver="2.3"><GO type="225" lobby="0"/><UN n0="%72%69%6F%75%63%68%61%6E" n1="%E7%B4%94%E6%BD%94%E3%83%94%E3%83%A9%E3%83%8B%E3%82%A2" n2="%E3%82%8C%E3%81%99%E3%81%93" n3="%E5%8D%A0%E3%81%84%E5%B8%AB%E8%A3%8F%E3%81%AA%E3%81%84%E3%81%97" dan="16,17,17,17" rate="2195.83,2194.60,2163.02,2188.72" sx="M,M,F,M"/><TAIKYOKU oya="0"/><INIT seed="0,0,0,1,4,96" ten="250,250,250,250" oya="0" hai0="84,31,60,81,113,120,13,90,43,35,19,127,51" hai1="108,67,9,38,87,1,94,16,93,83,47,103,65" hai2="48,78,66,23,85,29,98,27,135,102,125,129,15" hai3="109,123,88,95,53,111,77,5,82,12,10,62,75"/><T18/><D113/><U6/><E108/><V79/><F129/><W104/><G104/><T92/><D120/><U24/><E38/><V63/><F135/><W20/><G123/><T28/><D127/><U122/><E47/><V25/><F125/><W55/><G20/><T117/><D117/><U105/><E105/><V89/><F15/><W57/><REACH who="3" step="1"/><G53/><REACH who="3" ten="250,250,250,240" step="2"/><T114/><D114/><U44/><E122/><V46/><F27/><W17/><G17/><T33/><D19/><U100/><E16/><V40/><F66/><W133/><G133/><T107/><D107/><U2/><E24/><V34/><F23/><W42/><G42/><T11/><D33/><U110/><E110/><V119/><F119/><W134/><G134/><T69/><D35/><U132/><E132/><V3/><F40/><W131/><G131/><T36/><D36/><U32/><E32/><V54/><F34/><W8/><G8/><T41/><D43/><U97/><E65/><V7/><F25/><W115/><G115/><T128/><D128/><U30/><E67/><V58/><F54/><W130/><G130/><T73/><D41/><U70/><E30/><V124/><F29/><W64/><G64/><N who="0" m="41095" /><D28/><U72/><E70/><V116/><F124/><W101/><G101/><T4/><D31/><U76/><E100/><V59/><F102/><W39/><G39/><T126/><D126/><U0/><E44/><V118/><F46/><W14/><G14/><T37/><D37/><U121/><E121/><V99/><F118/><W80/><G80/><T56/><D13/><N who="1" m="5303" /><E93/><N who="2" m="54447" /><F116/><W61/><G61/><T50/><D92/><RYUUKYOKU ba="0,1" sc="250,-15,250,15,250,-15,240,15" hai1="0,1,2,72,76,83,87,94,97,103" hai3="5,10,12,55,57,62,75,77,82,88,95,109,111" /><INIT seed="1,1,1,4,1,117" ten="235,265,235,255" oya="1" hai0="116,29,48,56,55,36,2,114,108,76,39,22,86" hai1="103,124,71,20,80,7,58,69,79,88,93,10,134" hai2="47,112,131,105,113,61,129,75,0,78,127,24,98" hai3="95,52,51,121,37,94,16,40,54,50,123,42,15"/><U35/><E35/><V5/><F24/><W46/><G37/><T74/><D114/><N who="2" m="44138" /><F61/><W27/><G27/><T31/><D116/><U90/><E20/><V34/><F34/><W100/><G100/><T49/><D108/><U59/><E124/><V107/><F47/><W87/><G87/><T115/><D115/><U1/><E134/><V82/><F127/><W89/><G89/><T119/><D74/><U32/><E32/><V43/><F43/><W111/><G111/><T73/><D73/><U81/><E103/><N who="2" m="62711" /><F107/><W3/><G3/><T33/><D119/><U62/><E90/><V97/><F97/><W67/><G67/><T106/><D106/><U122/><E58/><V68/><F68/><W26/><G26/><T11/><D33/><U45/><E45/><V130/><F5/><W126/><G126/><T102/><D102/><U21/><E69/><V17/><F17/><W125/><G125/><T8/><D36/><U44/><E71/><V57/><F57/><W91/><G91/><T70/><D39/><U104/><E104/><V135/><F0/><W77/><G77/><T25/><D2/><U6/><E79/><V53/><F53/><W30/><G30/><N who="0" m="17719" /><D70/><U92/><E6/><V12/><F12/><W85/><G46/><T41/><D41/><U132/><E44/><V9/><F9/><N who="0" m="3658" /><D48/><U38/><E38/><V28/><F28/><W23/><G15/><T60/><D49/><U96/><E92/><V109/><F135/><W66/><G23/><T14/><D14/><N who="1" m="5471" /><E132/><V128/><F131/><W84/><G16/><T118/><D118/><U63/><E1/><RYUUKYOKU ba="1,1" sc="235,10,265,-30,235,10,255,10" hai0="29,31,55,56,60,76,86" hai2="75,78,82,109,128,129,130" hai3="40,42,50,51,52,54,66,84,85,94,95,121,123" /><INIT seed="2,2,1,4,3,31" ten="245,235,245,265" oya="2" hai0="11,61,76,106,9,20,91,77,80,120,122,128,34" hai1="5,78,98,112,12,40,130,60,63,0,93,121,109" hai2="132,125,81,47,24,135,131,110,59,95,97,113,14" hai3="45,67,50,68,127,3,73,87,1,124,43,26,8"/><V116/><F113/><W38/><G73/><T57/><D34/><U54/><E112/><V37/><F116/><W42/><G8/><T69/><D69/><U70/><E0/><V100/><F125/><N who="3" m="48203" /><G26/><T105/><D128/><U94/><E70/><V53/><F131/><W99/><G87/><N who="0" m="50663" /><D105/><U75/><E109/><V84/><F110/><W7/><G7/><T56/><D106/><U13/><E121/><V35/><F14/><W48/><G42/><T108/><D56/><U133/><E75/><V83/><F47/><W32/><G32/><T79/><D108/><U72/><E72/><V118/><F37/><W44/><G99/><T66/><D122/><U92/><E98/><V62/><F118/><W102/><G102/><T29/><D120/><U129/><E133/><N who="2" m="51275" /><F84/><W4/><G4/><T21/><D21/><U25/><E5/><V115/><F115/><W71/><G1/><T17/><D29/><AGARI ba="2,1" hai="24,29,35,53,59,62,81,83,95,97,100" m="51275" machi="29" ten="30,2900,0" yaku="20,1,52,1" doraHai="31" who="2" fromWho="0" sc="245,-35,235,0,245,45,265,0" /><INIT seed="2,3,0,0,0,6" ten="210,235,290,265" oya="2" hai0="75,122,27,28,125,1,0,66,35,9,126,113,65" hai1="105,124,81,67,57,10,55,42,7,19,89,20,94" hai2="53,132,76,5,101,108,96,14,74,69,24,91,82" hai3="112,88,37,60,62,95,38,49,117,118,17,135,116"/><V107/><F132/><W31/><G31/><T99/><D122/><U50/><E105/><V90/><F69/><W87/><G135/><T85/><D113/><U78/><E124/><N who="0" m="47721" /><D75/><U121/><E121/><V41/><F108/><W21/><G112/><T100/><D85/><U47/><E67/><N who="0" m="25609" /><D9/><U68/><E68/><V40/><F24/><W119/><N who="3" m="29696" /><DORA hai="128" /><W36/><REACH who="3" step="1"/><G49/><REACH who="3" ten="210,235,290,255" step="2"/><T93/><AGARI ba="3,1" hai="0,1,27,28,35,93,99,100" m="25609,47721" machi="93" ten="30,1100,0" yaku="18,1" doraHai="6,128" who="0" fromWho="0" sc="210,30,235,-6,290,-8,255,-6" /><INIT seed="3,0,0,5,4,132" ten="240,229,282,249" oya="3" hai0="118,54,106,11,71,5,2,57,72,61,73,81,111" hai1="60,101,68,31,95,85,25,19,3,133,45,113,17" hai2="28,115,15,13,105,70,38,64,97,119,66,43,33" hai3="93,32,46,4,12,21,92,53,40,10,94,37,18"/><W9/><G32/><T34/><D118/><U20/><E113/><V24/><F115/><W112/><G112/><T44/><D111/><U80/><E133/><V22/><F119/><W86/><G86/><T127/><D106/><U90/><E3/><V103/><F66/><W135/><G135/><T47/><D34/><U42/><E68/><V52/><F22/><W8/><REACH who="3" step="1"/><G53/><REACH who="3" ten="240,229,282,239" step="2"/><T35/><D35/><U23/><E23/><V78/><F52/><W59/><G59/><T102/><D71/><U75/><E60/><N who="2" m="40199" /><F78/><W124/><G124/><T69/><D127/><U16/><E75/><V63/><F63/><W117/><G117/><T49/><D69/><U122/><E122/><V30/><F33/><W120/><G120/><T110/><D73/><U62/><E62/><V89/><F97/><W58/><G58/><T128/><D61/><U116/><E116/><V27/><F43/><W96/><G96/><T76/><D110/><U123/><E123/><V29/><F30/><W26/><AGARI ba="0,1" hai="4,8,9,10,12,18,21,26,37,40,46,92,93,94" machi="26" ten="30,3000,0" yaku="1,1,0,1,53,0" doraHai="132" doraHaiUra="100" who="3" fromWho="3" sc="240,-10,229,-10,282,-10,239,40" /><INIT seed="3,1,0,3,1,98" ten="230,219,272,279" oya="3" hai0="112,51,76,62,91,45,3,121,0,56,21,40,63" hai1="2,8,78,127,33,119,114,48,67,61,4,20,17" hai2="29,50,95,19,16,52,79,134,70,124,83,116,113" hai3="92,132,11,110,34,27,28,81,120,117,65,25,15"/><W86/><G117/><T128/><D121/><U54/><E119/><V69/><F116/><W90/><G120/><T14/><D128/><U10/><E127/><V30/><F113/><W68/><G132/><T77/><D112/><U59/><E114/><V88/><F69/><W53/><G110/><T6/><D63/><U23/><E33/><V31/><F70/><W47/><G68/><T44/><D0/><U135/><E135/><V5/><F5/><W108/><G65/><T96/><D3/><U46/><REACH who="1" step="1"/><E78/><REACH who="1" ten="230,209,272,279" step="2"/><V64/><F124/><W55/><G34/><T123/><D123/><U130/><E130/><V13/><F134/><W126/><G126/><T73/><D73/><U133/><E133/><V36/><F79/><W38/><G108/><T93/><D44/><U84/><E84/><V94/><F36/><W97/><G47/><T26/><D14/><AGARI ba="1,1" hai="2,4,8,10,14,17,20,23,46,48,54,59,61,67" machi="14" ten="40,1300,0" yaku="1,1,53,0" doraHai="98" doraHaiUra="122" who="1" fromWho="0" sc="230,-16,209,26,272,0,279,0" /><INIT seed="4,0,0,1,3,128" ten="214,235,272,279" oya="0" hai0="27,28,32,110,57,127,94,7,90,72,21,10,91" hai1="33,88,85,62,58,68,50,35,48,104,6,49,24" hai2="129,121,98,66,46,75,37,93,86,102,101,78,74" hai3="112,108,95,55,8,39,22,77,52,120,11,126,106"/><T59/><D127/><U67/><E104/><V84/><F121/><W14/><G106/><T44/><D72/><N who="2" m="27690" /><F66/><W71/><G108/><T82/><D110/><U124/><E124/><V130/><F46/><W31/><G112/><T17/><D44/><U118/><E118/><V12/><F12/><W132/><G39/><T125/><D125/><U45/><E6/><V18/><F18/><W80/><G71/><T36/><D36/><U135/><E68/><V111/><F37/><W40/><G40/><T47/><D47/><U99/><E99/><N who="2" m="59631" /><F111/><W3/><G3/><N who="0" m="383" /><D82/><U51/><E24/><V13/><F13/><W1/><G80/><T114/><D114/><U131/><E131/><N who="2" m="50187" /><F78/><W2/><G77/><T103/><D57/><U109/><E109/><V133/><F133/><W29/><G132/><T25/><D59/><U123/><E135/><V53/><F53/><W16/><G120/><T61/><D61/><U87/><E123/><V4/><F4/><W60/><G60/><T56/><D56/><U81/><N who="1" m="12288" /><DORA hai="73" /><U105/><E45/><V54/><F54/><N who="3" m="20523" /><G1/><T97/><D27/><U107/><E35/><V115/><F115/><W38/><G38/><T63/><D63/><U30/><E33/><V119/><F119/><W41/><G126/><T89/><D32/><U23/><E30/><V65/><F65/><W117/><G117/><T96/><D28/><U100/><E23/><V116/><F116/><W34/><G34/><T42/><D42/><U92/><REACH who="1" step="1"/><E100/><REACH who="1" ten="214,225,272,279" step="2"/><V5/><F5/><N who="3" m="1079" /><G22/><T134/><D134/><U20/><E20/><V9/><F9/><W113/><G11/><RYUUKYOKU ba="0,1" sc="214,10,225,10,272,10,279,-30" hai0="17,21,25,89,90,91,94,96,97,103" hai1="58,62,67,81,85,87,88,92,105,107" hai2="84,86,98,102" /><INIT seed="4,1,1,5,3,128" ten="224,235,282,249" oya="0" hai0="65,51,127,124,48,53,105,37,29,49,111,61,91" hai1="106,104,103,3,86,8,28,4,101,24,121,99,31" hai2="96,5,9,75,35,17,33,6,12,32,46,36,94" hai3="77,100,20,47,112,56,76,62,58,90,88,43,79"/><T135/><D105/><U52/><E121/><V113/><F75/><W41/><G112/><T92/><D111/><U74/><E74/><V118/><F113/><W73/><G73/><T107/><D107/><U83/><E101/><V66/><F66/><W80/><G100/><T26/><D37/><U30/><E104/><V25/><F118/><W108/><G108/><T119/><D119/><U16/><E52/><V44/><F36/><W2/><G2/><T71/><D53/><U134/><E134/><V78/><F78/><W130/><G130/><T110/><D110/><U89/><REACH who="1" step="1"/><E16/><REACH who="1" ten="224,225,282,249" step="2"/><V126/><F17/><W54/><G54/><T109/><D109/><U42/><E42/><V123/><F123/><W45/><G41/><T34/><REACH who="0" step="1"/><D135/><REACH who="0" ten="214,225,282,249" step="2"/><U1/><E1/><V22/><F126/><W87/><G43/><T23/><D23/><AGARI ba="1,3" hai="3,4,8,23,24,28,30,31,83,86,89,99,103,106" machi="23" ten="30,3900,0" yaku="1,1,7,1,53,1" doraHai="128" doraHaiUra="7" who="1" fromWho="0" sc="214,-42,225,72,282,0,249,0" /><INIT seed="5,0,0,1,3,65" ten="172,297,282,249" oya="1" hai0="59,36,49,25,101,105,131,42,23,21,110,114,82" hai1="119,14,18,132,56,109,72,19,92,55,93,84,24" hai2="13,4,69,112,12,78,61,70,33,120,86,51,97" hai3="1,29,15,98,63,39,77,87,2,17,96,31,113"/><U104/><E119/><V71/><F120/><W102/><G39/><T27/><D110/><U115/><E72/><V28/><F4/><W43/><G113/><T124/><D114/><U73/><E73/><V3/><F3/><W117/><G43/><T16/><D124/><U6/><E104/><V53/><F112/><W103/><G117/><T32/><D131/><U111/><E132/><V68/><F97/><W133/><G133/><T37/><D32/><U88/><E24/><V85/><F28/><W81/><G63/><T45/><D82/><N who="1" m="49175" /><E115/><V106/><F33/><W57/><G57/><T8/><D8/><N who="1" m="4375" /><E111/><V40/><F106/><W94/><G1/><T54/><D105/><U118/><E118/><V129/><F70/><W67/><G67/><T26/><D101/><U91/><E109/><V108/><F129/><W10/><REACH who="3" step="1"/><G2/><REACH who="3" ten="172,297,282,239" step="2"/><T58/><D58/><U79/><E79/><V127/><F78/><W126/><G126/><T83/><D83/><U135/><E135/><V95/><F127/><W52/><G52/><T130/><D130/><U38/><E38/><V44/><F108/><W48/><G48/><T41/><REACH who="0" step="1"/><D23/><REACH who="0" ten="162,297,282,239" step="2"/><U34/><E34/><V125/><F125/><W128/><G128/><T75/><D75/><U80/><E80/><V30/><F69/><W47/><G47/><AGARI ba="0,2" hai="16,21,25,26,27,36,37,41,42,45,47,49,54,59" machi="47" ten="40,5200,0" yaku="1,1,9,1,54,1,53,0" doraHai="65" doraHaiUra="74" who="0" fromWho="3" sc="162,72,297,0,282,0,239,-52" /><INIT seed="6,0,0,1,1,17" ten="234,297,282,187" oya="2" hai0="27,83,69,86,33,46,92,125,107,81,48,53,106" hai1="99,94,102,93,40,111,77,117,128,127,5,66,84" hai2="135,101,29,103,4,50,47,113,70,119,74,115,89" hai3="49,12,110,72,100,134,131,71,39,45,28,60,37"/><V130/><F119/><W0/><G110/><T35/><D69/><U82/><E111/><V8/><F70/><W41/><G0/><T97/><D125/><U112/><E117/><V129/><F74/><W124/><G72/><T87/><D27/><U31/><E127/><V78/><F78/><W61/><G124/><T75/><D75/><U3/><E112/><N who="2" m="43083" /><F89/><W34/><G131/><N who="2" m="50185" /><F29/><W104/><G134/><T65/><D65/><U76/><E128/><V118/><F135/><W42/><G12/><T73/><D73/><U32/><E32/><V122/><F122/><W133/><G133/><T26/><D26/><U7/><E31/><V51/><F118/><W114/><G114/><T108/><D108/><U79/><E3/><N who="2" m="31" /><F51/><W25/><G41/><AGARI ba="0,0" hai="41,47,50,101,103" m="31,50185,43083" machi="41" ten="30,2900,0" yaku="15,1,19,1" doraHai="17" who="2" fromWho="3" sc="234,0,297,0,282,29,187,-29" owari="234,-16.6,297,9.7,311,41.1,158,-34.2" /></mjloggm>