<mjloggm ver="2.3"><GO type="225" lobby="0"/><UN n0="%E8%83%83%E3%81%A8%E8%85%B8" n1="%E3%81%BF%E3%82%84%E3%81%93%E3%82%93%EF%BC%91%EF%BC%90%E6%AD%B3" n2="%E6%B0%B7%E5%B7%9D%E9%87%8C%E5%A5%88" n3="%E6%B8%A9%E2%98%85%E6%83%85%E2%98%85%E6%8E%AA%E2%98%85%E7%BD%AE" dan="16,16,16,16" rate="2159.18,2056.12,2122.08,2149.85" sx="M,M,F,M"/><TAIKYOKU oya="0"/><INIT seed="0,0,0,1,1,80" ten="250,250,250,250" oya="0" hai0="22,68,60,29,33,122,92,127,18,10,16,1,91" hai1="75,125,121,106,67,21,129,78,25,107,108,112,124" hai2="118,3,35,76,13,84,17,93,79,44,95,74,119" hai3="134,9,103,48,14,89,46,110,11,117,96,28,57"/><T4/><D122/><U73/><E121/><V87/><F3/><W102/><G117/><N who="2" m="44553" /><F35/><W37/><G37/><T116/><D116/><U43/><E108/><V94/><F44/><W132/><G110/><T2/><D127/><N who="1" m="48715" /><E129/><V62/><F62/><W61/><G28/><T85/><D2/><U6/><E112/><V63/><F63/><W56/><G89/><T41/><D33/><U99/><E67/><V64/><F64/><W72/><G72/><T115/><D115/><U135/><E135/><N who="3" m="51754" /><G11/><T104/><D104/><U23/><E107/><V19/><F74/><W77/><G61/><T82/><D41/><U88/><E43/><V66/><F66/><W7/><G77/><N who="2" m="29769" /><F19/><W58/><G96/><T5/><D5/><U111/><E6/><V71/><F71/><W0/><G0/><T8/><D8/><AGARI ba="0,0" hai="8,13,17,84,87,93,94,95" m="29769,44553" machi="8" ten="30,3900,0" yaku="12,1,52,2" doraHai="80" who="2" fromWho="0" sc="250,-39,250,0,250,39,250,0" /><INIT seed="1,0,0,4,4,27" ten="211,250,289,250" oya="1" hai0="13,1,7,57,41,126,131,3,81,125,129,38,127" hai1="52,92,80,40,99,17,46,90,97,44,93,36,39" hai2="116,86,53,117,130,56,6,21,104,121,72,37,31" hai3="119,98,95,34,85,29,105,69,0,28,82,47,20"/><U108/><E108/><V103/><F121/><W32/><G69/><T106/><D106/><U115/><E115/><V133/><F72/><W22/><G105/><T14/><D57/><U19/><E80/><V51/><F37/><W113/><G0/><N who="0" m="75" /><D81/><U102/><REACH who="1" step="1"/><E52/><REACH who="1" ten="211,240,289,250" step="2"/><V25/><F53/><W114/><G114/><T43/><D43/><AGARI ba="0,1" hai="17,19,36,39,40,43,44,46,90,92,93,97,99,102" machi="43" ten="40,12000,1" yaku="1,1,2,1,9,1,53,2" doraHai="27" doraHaiUra="89" who="1" fromWho="0" sc="211,-120,240,130,289,0,250,0" /><INIT seed="1,1,0,0,1,22" ten="91,370,289,250" oya="1" hai0="6,43,48,63,38,27,77,29,83,98,84,8,23" hai1="94,11,115,3,58,12,26,123,9,105,110,78,90" hai2="35,57,19,99,101,0,80,39,122,95,54,20,74" hai3="14,72,32,41,114,44,10,133,36,103,87,42,129"/><U47/><E123/><V119/><F122/><W46/><G114/><T97/><D38/><U121/><E121/><V132/><F119/><W13/><G72/><T62/><D62/><U124/><E115/><V37/><F132/><W134/><G129/><T24/><D63/><U130/><E105/><V91/><F0/><W34/><G103/><T116/><D116/><U118/><E130/><V49/><F35/><W92/><G92/><T33/><D43/><U21/><E3/><V128/><F128/><W53/><G87/><T85/><D85/><U113/><E124/><V100/><F100/><W67/><G53/><T51/><D98/><U81/><E58/><V106/><F80/><W55/><G55/><T7/><D97/><U28/><E110/><V60/><F74/><W61/><G61/><T96/><D96/><N who="1" m="57431" /><E113/><V73/><F60/><W131/><G131/><T109/><D109/><U30/><E47/><V25/><F73/><W107/><G10/><T40/><D40/><U108/><E9/><V4/><F4/><W45/><G45/><T135/><D135/><U1/><E108/><V15/><F25/><W69/><G69/><T75/><D75/><U66/><E66/><V89/><F89/><W86/><G86/><AGARI ba="1,0" hai="15,19,20,37,39,49,54,57,86,91,95,99,101,106" machi="86" ten="30,3900,0" yaku="7,1,25,2" doraHai="22" who="2" fromWho="3" sc="91,0,370,0,289,42,250,-42" /><INIT seed="2,0,0,5,4,59" ten="91,370,331,208" oya="2" hai0="108,116,134,47,104,101,28,61,135,8,30,75,37" hai1="5,128,112,86,48,24,51,35,21,80,68,73,25" hai2="91,129,16,109,22,43,18,10,81,6,9,70,7" hai3="13,118,93,97,20,41,111,60,58,77,87,19,54"/><V53/><F129/><W103/><G111/><T14/><D75/><U55/><E112/><V1/><F70/><W98/><G118/><T33/><D108/><U12/><E128/><V69/><F109/><W3/><G3/><T64/><D116/><U66/><E73/><V11/><F69/><W117/><G117/><T74/><D74/><U23/><E35/><V133/><F133/><N who="0" m="50698" /><D33/><U79/><E66/><V82/><F43/><W96/><REACH who="3" step="1"/><G41/><REACH who="3" ten="91,370,331,198" step="2"/><N who="0" m="22959" /><D104/><U15/><E68/><V126/><F1/><W57/><G57/><N who="0" m="36911" /><D101/><U83/><E5/><AGARI ba="0,1" hai="5,8,14,28,30" m="36911,22959,50698" machi="5" ten="30,2000,0" yaku="20,1,52,1" doraHai="59" who="0" fromWho="1" sc="91,30,370,-20,331,0,198,0" /><INIT seed="3,0,0,4,5,23" ten="121,350,331,198" oya="3" hai0="40,16,8,61,21,109,135,67,89,80,77,52,72" hai1="130,98,2,59,42,3,34,51,122,60,27,25,125" hai2="28,112,46,127,84,85,18,82,64,91,71,41,90" hai3="88,99,128,48,107,120,62,78,100,24,134,38,39"/><W104/><G120/><T31/><D109/><U43/><E122/><V68/><F112/><W83/><G134/><T65/><D135/><U7/><E34/><V111/><F111/><W44/><G107/><T105/><D105/><U37/><E37/><V0/><F0/><W53/><G128/><T70/><D40/><U75/><E75/><V14/><F127/><W118/><G118/><T5/><D31/><U95/><E125/><V58/><F28/><W12/><G12/><T32/><D32/><U35/><E35/><V81/><F58/><W36/><G62/><T30/><D30/><U114/><E114/><V9/><F64/><W66/><G66/><T86/><D67/><U97/><E7/><V133/><F133/><W10/><G10/><T13/><D72/><U50/><E59/><V17/><F17/><W129/><G129/><T49/><D77/><U117/><E130/><V93/><F93/><W123/><G123/><T124/><D124/><U103/><E95/><V26/><F26/><W121/><G121/><T55/><REACH who="0" step="1"/><D49/><AGARI ba="0,0" hai="9,14,18,41,46,49,68,71,81,82,84,85,90,91" machi="49" ten="30,2000,0" yaku="7,1,9,1" doraHai="23" who="2" fromWho="0" sc="121,-20,350,0,331,20,198,0" owari="101,-39.9,350,15.0,351,45.1,198,-20.2" /></mjloggm>