<mjloggm ver="2.3"><GO type="225" lobby="0"/><UN n0="%73%6C%69%63%6B%33%31%39" n1="%E3%81%8F%E3%81%BE%E3%81%96%E3%82%8F" n2="%E3%81%86%E3%82%8B%E3%81%8A%E3%81%A1%E3%82%83" n3="%E3%81%95%E3%81%8D%E3%81%9F%E3%81%BE%E6%9E%97%E6%AA%8E" dan="17,16,16,16" rate="2202.61,2032.22,2113.07,2153.02" sx="M,M,F,M"/><TAIKYOKU oya="0"/><INIT seed="0,0,0,2,4,111" ten="250,250,250,250" oya="0" hai0="135,29,67,28,51,0,124,107,18,133,96,121,63" hai1="7,71,24,25,78,104,105,1,134,75,41,6,115" hai2="15,48,93,108,69,114,123,30,79,73,72,47,53" hai3="118,26,12,54,127,11,2,45,19,103,36,49,116"/><T33/><D121/><U8/><E134/><N who="0" m="51209" /><D124/><U112/><E7/><V102/><F123/><W43/><G127/><T27/><D0/><U100/><E71/><V106/><F69/><W52/><G103/><N who="0" m="62951" /><D51/><U46/><E24/><V3/><F3/><W57/><G2/><T20/><D33/><U74/><E25/><V61/><F108/><W65/><G65/><T87/><BYE who="1" /><D87/><U130/><E130/><V85/><F85/><UN n1="%E3%81%8F%E3%81%BE%E3%81%96%E3%82%8F" /><W131/><G131/><T62/><D62/><U59/><E59/><AGARI ba="0,0" hai="18,20,27,28,29,59,63,67" m="62951,51209" machi="59" ten="30,1500,0" yaku="20,1" doraHai="111" who="0" fromWho="1" sc="250,15,250,-15,250,0,250,0" /><INIT seed="0,1,0,2,4,76" ten="265,235,250,250" oya="0" hai0="65,39,115,63,75,36,93,27,134,112,131,135,127" hai1="35,37,98,15,61,55,118,16,50,80,40,120,79" hai2="31,73,9,119,22,86,13,74,32,56,77,130,129" hai3="116,59,33,111,1,38,113,48,10,64,4,121,100"/><T109/><D75/><U106/><E118/><V49/><F32/><W52/><G111/><T54/><D93/><U89/><E35/><V18/><F119/><W21/><G113/><N who="0" m="43595" /><D27/><U97/><E120/><V85/><F85/><W108/><G108/><T83/><D83/><U7/><E7/><V6/><F31/><W24/><G121/><T25/><D25/><U103/><E61/><V11/><F74/><W71/><G116/><T72/><D72/><U26/><E26/><V123/><F73/><W62/><G100/><T92/><D92/><U104/><E37/><N who="0" m="14409" /><D109/><U105/><E40/><V99/><F123/><W122/><G122/><T124/><D54/><U94/><E55/><N who="2" m="31855" /><F99/><W45/><G33/><T60/><D131/><N who="2" m="50186" /><F6/><W70/><REACH who="3" step="1"/><G38/><REACH who="3" ten="265,235,250,240" step="2"/><T90/><D90/><U51/><E105/><V81/><AGARI ba="1,1" hai="9,11,13,18,22,77,81,86" m="50186,31855" machi="81" ten="30,2000,0" yaku="19,1,52,1" doraHai="76" who="2" fromWho="2" sc="265,-11,235,-6,250,33,240,-6" /><INIT seed="1,0,0,5,2,51" ten="254,229,283,234" oya="1" hai0="0,1,29,2,106,55,96,118,104,99,22,109,64" hai1="124,75,74,6,133,85,21,115,58,72,103,4,92" hai2="84,123,77,76,67,15,36,16,27,110,111,37,24" hai3="117,126,62,94,59,93,14,112,8,41,90,47,101"/><U69/><E115/><V38/><F123/><W25/><G126/><T45/><D118/><U23/><E69/><V66/><F67/><W122/><G122/><T81/><D64/><U61/><E124/><V87/><F66/><W95/><G112/><T83/><D29/><U86/><E133/><V54/><F54/><N who="3" m="34167" /><G117/><T26/><D109/><N who="2" m="41482" /><F87/><W114/><G114/><T102/><D45/><U125/><E125/><V105/><F105/><W12/><G101/><T57/><D99/><N who="1" m="59879" /><E75/><V119/><F119/><W19/><G25/><N who="2" m="9801" /><F84/><N who="3" m="52423" /><G14/><T52/><D104/><U88/><E74/><V116/><F116/><W46/><G46/><T63/><REACH who="0" step="1"/><D55/><REACH who="0" ten="244,229,283,234" step="2"/><N who="1" m="34015" /><E72/><V40/><F40/><W5/><G41/><T20/><D20/><AGARI ba="0,1" hai="15,16,20,36,37,38,76,77" m="9801,41482" machi="20" ten="40,2600,0" yaku="14,1,54,1" doraHai="51" who="2" fromWho="0" sc="244,-26,229,0,283,36,234,0" /><INIT seed="2,0,0,1,0,88" ten="218,229,319,234" oya="2" hai0="109,21,100,65,104,132,54,44,41,76,58,92,78" hai1="38,119,84,64,0,126,121,122,130,85,86,133,73" hai2="9,7,20,110,89,107,18,24,95,114,8,87,46" hai3="125,2,68,3,80,42,71,61,12,102,32,33,4"/><V28/><F114/><W55/><G125/><T62/><D104/><U34/><RYUUKYOKU type="yao9" ba="0,0" sc="218,0,229,0,319,0,234,0" hai1="0,34,38,64,73,84,85,86,119,121,122,126,130,133" /><INIT seed="2,1,0,2,2,129" ten="218,229,319,234" oya="2" hai0="134,118,103,101,69,27,65,23,41,116,107,18,135" hai1="25,81,102,84,117,66,113,83,119,75,56,97,80" hai2="17,20,29,88,15,0,10,4,26,31,122,124,39" hai3="60,52,125,68,98,28,44,95,82,93,111,70,106"/><V53/><F122/><W90/><G111/><T6/><D41/><U100/><E25/><V76/><F124/><W109/><G109/><T51/><D51/><U8/><E8/><V128/><F128/><W105/><G125/><T37/><D37/><U24/><E24/><V115/><F115/><W110/><G110/><T12/><D65/><U78/><E56/><V46/><F76/><W85/><G95/><T127/><D69/><U108/><E66/><V74/><F74/><W67/><G70/><T71/><D71/><U73/><E108/><V2/><F31/><W121/><G121/><T36/><D36/><U22/><E22/><V132/><F0/><W72/><G72/><N who="1" m="27722" /><E113/><V63/><F88/><W77/><REACH who="3" step="1"/><G28/><REACH who="3" ten="218,229,319,224" step="2"/><T43/><D127/><U35/><E117/><N who="0" m="45161" /><D43/><U114/><E119/><V16/><F29/><W99/><G99/><N who="0" m="61887" /><D103/><N who="1" m="39467" /><E114/><V11/><F39/><W94/><G94/><T3/><D3/><U92/><E35/><V30/><F2/><W96/><G96/><T49/><D49/><AGARI ba="1,1" hai="44,49,52,60,67,68,77,82,85,90,93,98,105,106" machi="49" ten="40,2600,0" yaku="1,1,54,1,53,0" doraHai="129" doraHaiUra="112" who="3" fromWho="0" sc="218,-29,229,0,319,0,224,39" /><INIT seed="3,0,0,0,1,102" ten="189,229,319,263" oya="3" hai0="119,8,85,108,50,1,19,103,28,24,6,121,21" hai1="57,17,122,125,53,120,16,35,91,123,73,93,10" hai2="20,26,5,69,46,128,31,7,101,115,111,126,63" hai3="110,64,37,13,60,18,49,45,42,36,14,99,79"/><W98/><G79/><T100/><D108/><U40/><E35/><V92/><F115/><W9/><G110/><T112/><D119/><U94/><E73/><V96/><F111/><W15/><G37/><T80/><D121/><U130/><E40/><V89/><F126/><W95/><G36/><T83/><D112/><U74/><E74/><V113/><F113/><W65/><G65/><T12/><D50/><U116/><E125/><V114/><F114/><W68/><REACH who="3" step="1"/><G98/><REACH who="3" ten="189,229,319,253" step="2"/><T39/><D39/><U56/><E122/><V62/><F128/><W48/><G48/><T58/><D58/><U32/><E130/><V72/><F72/><W34/><G34/><T81/><REACH who="0" step="1"/><D85/><REACH who="0" ten="179,229,319,253" step="2"/><U97/><E57/><V25/><F69/><W131/><G131/><T71/><D71/><U61/><E116/><V118/><F118/><W117/><G117/><T107/><D107/><U11/><E123/><V133/><F63/><W104/><G104/><T44/><D44/><U78/><E120/><V129/><F62/><W88/><AGARI ba="0,2" hai="9,13,14,15,18,42,45,49,60,64,68,88,95,99" machi="88" ten="20,7800,0" yaku="1,1,0,1,7,1,54,1,53,0" doraHai="102" doraHaiUra="106" who="3" fromWho="3" sc="179,-26,229,-26,319,-26,253,98" owari="153,-34.7,203,-19.7,293,9.3,351,45.1" /></mjloggm>