<mjloggm ver="2.3"><GO type="225" lobby="0"/><UN n0="%4B%2E%32%2E%4B%2E" n1="%E3%81%99%E3%81%84%E3%81%BE%E3%81%9B%E3%83%BC%E3%82%93" n2="%E3%83%8F%E3%83%B3%E3%83%89%E3%83%A9%E3%83%BC%E3%83%BB%E3%83%AF%E3%83%B3" n3="%47%68%6F%73%74%55%30" dan="16,18,17,17" rate="2146.18,2212.12,2198.94,2137.85" sx="M,M,M,M"/><TAIKYOKU oya="0"/><INIT seed="0,0,0,2,1,102" ten="250,250,250,250" oya="0" hai0="88,133,25,78,56,87,53,104,34,5,50,128,80" hai1="2,129,94,44,52,9,101,111,35,7,75,26,29" hai2="110,130,18,41,127,43,51,24,122,105,30,13,60" hai3="23,19,10,64,59,108,77,57,8,82,55,98,113"/><T135/><D128/><U125/><E129/><V120/><F130/><W69/><G113/><T39/><D39/><U67/><E125/><V37/><F37/><W12/><G69/><T119/><D119/><U21/><E75/><V126/><F110/><W71/><G71/><T114/><D114/><U16/><E67/><V32/><F60/><N who="3" m="37903" /><G108/><T42/><D42/><U121/><E121/><V14/><F105/><W66/><G66/><T36/><D36/><U38/><E111/><V62/><F62/><N who="3" m="36223" /><G98/><T115/><D115/><U70/><E70/><V45/><F43/><W84/><AGARI ba="0,0" hai="8,10,12,19,23,77,82,84" m="36223,37903" machi="84" ten="30,1100,0" yaku="8,1" doraHai="102" who="3" fromWho="3" sc="250,-5,250,-3,250,-3,250,11" /><INIT seed="1,0,0,5,4,119" ten="245,247,247,261" oya="1" hai0="52,15,50,125,126,130,30,3,75,11,1,77,118" hai1="87,68,109,0,120,71,123,92,117,85,81,40,93" hai2="83,100,9,4,47,70,39,74,90,114,63,42,67" hai3="97,8,2,27,20,38,86,19,31,82,111,84,62"/><U99/><E0/><V35/><F100/><W131/><G38/><T106/><D118/><U129/><E117/><V89/><F114/><W48/><G111/><T112/><D112/><U72/><E40/><V12/><F35/><W46/><G131/><T23/><D106/><U37/><E37/><V101/><F101/><W29/><G97/><T26/><D77/><N who="1" m="44199" /><E68/><V33/><F33/><W18/><G62/><T132/><D75/><U122/><E71/><V133/><REACH who="2" step="1"/><F133/><REACH who="2" ten="245,247,237,261" step="2"/><W65/><G2/><T96/><D132/><U5/><E109/><V110/><F110/><W13/><G65/><T7/><D130/><U91/><E129/><V64/><F64/><W104/><G104/><T103/><D1/><U25/><E5/><V57/><F57/><W54/><REACH who="3" step="1"/><G84/><REACH who="3" ten="245,247,237,251" step="2"/><T88/><D3/><U24/><E87/><V105/><F105/><W21/><G21/><T108/><D108/><U98/><E85/><V113/><F113/><W79/><AGARI ba="0,2" hai="8,13,18,19,20,27,29,31,46,48,54,79,82,86" machi="79" ten="20,8000,1" yaku="1,1,0,1,7,1,8,1,53,1" doraHai="119" doraHaiUra="41" who="3" fromWho="3" sc="245,-20,247,-40,237,-20,251,100" /><INIT seed="2,0,0,2,2,49" ten="225,207,217,351" oya="2" hai0="32,83,7,131,43,59,60,73,58,71,125,41,25" hai1="68,27,2,44,97,0,93,121,36,133,47,76,23" hai2="52,15,21,79,64,96,106,103,128,129,54,57,109" hai3="124,61,88,28,5,22,18,66,78,89,91,119,19"/><V99/><F79/><W122/><G119/><T105/><D105/><U26/><E68/><V102/><F109/><W14/><G122/><T17/><D125/><U80/><E121/><V42/><F42/><W4/><G124/><T84/><D73/><U10/><E133/><V35/><F35/><W127/><G78/><T116/><D131/><N who="2" m="50250" /><F64/><W74/><G74/><T110/><D110/><U107/><E107/><N who="2" m="63943" /><F57/><N who="3" m="37167" /><G28/><T86/><D116/><U37/><E37/><V34/><F34/><W55/><G127/><T46/><D43/><U39/><E39/><V16/><F16/><BYE who="2" /><N who="3" m="10519" /><G55/><T111/><D111/><U82/><E36/><V11/><F11/><W65/><G65/><T8/><D71/><U29/><E10/><V20/><F20/><W94/><G94/><T3/><D60/><U100/><E82/><V30/><F30/><W112/><G112/><UN n2="%E3%83%8F%E3%83%B3%E3%83%89%E3%83%A9%E3%83%BC%E3%83%BB%E3%83%AF%E3%83%B3" /><T70/><D70/><U13/><E29/><V24/><F15/><W130/><G130/><T90/><D32/><U98/><E13/><V62/><F62/><W126/><G126/><T135/><D8/><U72/><E0/><V75/><F75/><W120/><G120/><T95/><D3/><U63/><E2/><V118/><F118/><W9/><G9/><T56/><D17/><AGARI ba="0,0" hai="4,5,17,18,19,88,89,91" m="10519,37167" machi="17" ten="30,3900,0" yaku="8,1,54,2" doraHai="49" who="3" fromWho="0" sc="225,-39,207,0,217,0,351,39" /><INIT seed="3,0,0,0,3,40" ten="186,207,217,390" oya="3" hai0="95,125,87,12,112,117,75,92,54,82,88,119,66" hai1="84,99,108,57,58,61,22,67,46,127,24,118,56" hai2="131,132,10,49,0,71,38,73,103,126,59,105,32" hai3="116,111,3,113,107,104,90,130,79,43,121,36,91"/><W7/><G113/><T115/><D125/><U23/><E127/><V18/><RYUUKYOKU type="yao9" ba="0,0" sc="186,0,207,0,217,0,390,0" hai2="0,10,18,32,38,49,59,71,73,103,105,126,131,132" /><INIT seed="3,1,0,4,3,121" ten="186,207,217,390" oya="3" hai0="122,123,133,25,41,76,38,61,68,13,20,71,92" hai1="107,43,37,45,113,90,88,106,70,134,54,47,32" hai2="27,93,119,101,87,23,1,44,80,12,81,127,86" hai3="9,75,4,36,26,110,135,85,66,18,62,99,94"/><W89/><G75/><T105/><D105/><U42/><E113/><V98/><F1/><W57/><G36/><T74/><D92/><U21/><E32/><V7/><F119/><W30/><G135/><T82/><D13/><U125/><E70/><N who="0" m="26665" /><D61/><U52/><E125/><V35/><F35/><W78/><G110/><T10/><D20/><U49/><E21/><V19/><F44/><W132/><G132/><T77/><D25/><U2/><E2/><V28/><F7/><W104/><G104/><T126/><D10/><U108/><E134/><V97/><F127/><W100/><G78/><T109/><D126/><U0/><E0/><V67/><F67/><W64/><G64/><T118/><D133/><U84/><E108/><V15/><F98/><W16/><G100/><T103/><D103/><U91/><E107/><V33/><F15/><N who="3" m="5543" /><G99/><T69/><N who="0" m="26673" /><T31/><DORA hai="83" /><D31/><U39/><E106/><V120/><F120/><N who="0" m="46122" /><D77/><U115/><E115/><V14/><F14/><W124/><G124/><T51/><D51/><N who="1" m="27063" /><E84/><V95/><F86/><W40/><G40/><T6/><D6/><U79/><E79/><V129/><F87/><W48/><G48/><T56/><D109/><U116/><E116/><V59/><F33/><W22/><AGARI ba="1,0" hai="16,18,22,26,30,57,62,66,85,89,94" m="5543" machi="22" ten="30,6000,0" yaku="8,1,52,1,54,1" doraHai="121,83" who="3" fromWho="3" sc="186,-21,207,-21,217,-21,390,63" owari="165,-33.5,186,-21.4,196,-0.4,453,55.3" /></mjloggm>