<mjloggm ver="2.3"><GO type="225" lobby="0"/><UN n0="%E7%99%BD%E6%97%A5%E9%9B%AA%E8%8F%9C" n1="%E3%82%B3%E3%83%90%E3%83%AC%E3%82%A4" n2="%E3%82%A2%E3%83%8A%E3%83%BC%E3%81%8D%E3%83%BC" n3="%E6%B8%A9%E2%98%85%E6%83%85%E2%98%85%E6%8E%AA%E2%98%85%E7%BD%AE" dan="17,16,17,18" rate="2183.02,2131.28,2091.70,2193.45" sx="M,M,M,M"/><TAIKYOKU oya="0"/><INIT seed="0,0,0,4,5,72" ten="250,250,250,250" oya="0" hai0="58,105,14,118,55,28,104,74,132,35,2,127,130" hai1="41,113,115,76,114,24,108,93,107,79,109,19,66" hai2="52,123,117,37,39,51,91,11,129,116,83,102,119" hai3="97,60,106,80,110,71,126,50,98,30,18,47,7"/><T44/><D2/><U103/><E66/><V73/><F123/><W25/><G110/><N who="1" m="42602" /><E41/><V122/><F122/><W57/><G126/><T70/><D70/><U59/><E59/><N who="2" m="33183" /><F129/><W121/><G71/><T68/><D68/><U13/><E24/><V38/><F102/><W23/><G121/><T46/><D130/><U120/><E107/><V125/><F125/><W112/><G112/><T75/><D105/><U0/><E0/><V21/><F11/><W88/><G7/><T33/><D104/><U78/><E120/><V64/><F64/><N who="3" m="38927" /><G30/><T31/><D127/><U26/><E26/><V89/><F21/><W65/><G65/><T45/><D31/><U134/><E134/><V100/><F100/><W6/><G6/><T128/><D28/><U87/><E103/><V29/><F29/><W77/><G106/><T99/><D132/><U94/><E87/><V36/><N who="2" m="9216" /><DORA hai="3" /><V135/><F135/><W48/><G47/><T4/><D46/><U63/><E63/><V92/><F92/><N who="3" m="56455" /><G98/><T8/><D99/><U9/><AGARI ba="0,0" hai="9,13,19,76,78,79,93,94,113,114,115" m="42602" machi="9" ten="40,8000,1" yaku="11,1,14,1,52,3" doraHai="72,3" who="1" fromWho="1" sc="250,-40,250,80,250,-20,250,-20" /><INIT seed="1,0,0,1,4,40" ten="210,330,230,230" oya="1" hai0="6,28,5,73,26,104,132,10,126,119,25,93,34" hai1="103,2,96,36,125,113,83,63,53,20,23,92,13" hai2="16,100,4,110,7,58,54,50,91,1,32,51,122" hai3="99,86,118,87,80,69,105,52,66,44,135,64,59"/><U43/><E2/><V9/><F122/><W77/><G135/><T120/><D104/><U55/><E113/><V107/><F32/><W89/><G69/><T134/><D73/><U81/><E125/><V116/><F116/><W15/><G118/><T61/><D119/><U56/><E36/><V27/><F110/><W133/><G133/><N who="0" m="51307" /><D93/><U37/><E37/><V108/><F108/><W85/><G105/><T127/><D61/><U95/><E43/><V49/><F7/><N who="0" m="2570" /><D120/><U39/><E39/><V71/><F71/><W33/><G33/><N who="0" m="20623" /><D10/><U38/><E38/><V19/><F91/><W115/><G115/><T131/><D131/><U31/><E55/><V88/><F88/><W121/><G121/><T130/><D130/><U14/><E95/><V30/><F100/><W62/><G99/><T57/><D57/><U94/><E94/><V106/><F107/><W60/><G60/><T42/><D42/><U0/><E83/><V97/><F106/><W76/><G76/><T79/><D79/><U45/><E81/><V74/><F97/><W35/><G77/><T112/><D112/><U82/><E82/><V17/><F74/><W8/><G35/><T102/><D102/><U12/><E103/><V101/><F101/><W68/><G68/><T129/><D129/><U24/><E96/><V65/><F65/><N who="3" m="25195" /><G44/><T109/><D109/><U111/><E111/><V90/><F90/><W11/><G11/><T48/><D48/><N who="1" m="28815" /><E92/><V98/><F98/><W22/><G8/><T67/><D67/><N who="1" m="39399" /><E0/><V75/><F75/><W18/><AGARI ba="0,0" hai="15,18,22,52,59,62,80,85,86,87,89" m="25195" machi="18" ten="30,2000,0" yaku="8,1,54,1" doraHai="40" who="3" fromWho="3" sc="210,-5,330,-10,230,-5,230,20" /><INIT seed="2,0,0,5,3,15" ten="205,320,225,250" oya="2" hai0="38,108,22,60,64,55,99,12,77,107,110,54,76" hai1="73,46,85,95,11,65,13,87,8,17,45,32,115" hai2="41,116,3,112,29,133,58,23,121,26,100,120,106" hai3="132,66,10,102,49,56,30,44,16,103,71,37,43"/><V113/><F41/><W117/><G117/><T40/><D38/><U88/><E73/><V0/><F58/><W104/><G104/><T28/><D40/><U9/><E32/><N who="2" m="20535" /><F100/><W1/><G132/><T97/><D28/><U124/><E115/><N who="2" m="44107" /><F106/><W67/><G30/><T2/><D2/><N who="2" m="554" /><F116/><W79/><G1/><T125/><D107/><U33/><E33/><V52/><F52/><N who="3" m="31759" /><G79/><T114/><D77/><U75/><E75/><V82/><F82/><W27/><G67/><T14/><D76/><U20/><E124/><V89/><F89/><W6/><G102/><T21/><D125/><U39/><E39/><V63/><F63/><W96/><G103/><T90/><D114/><U69/><E69/><V42/><F42/><W53/><G53/><T109/><D109/><U51/><E65/><V47/><F47/><N who="1" m="17929" /><E51/><V50/><F50/><W130/><G66/><T92/><D64/><U91/><E91/><V126/><F126/><W34/><G71/><T7/><D90/><U105/><E105/><V101/><F101/><W4/><G43/><T31/><D60/><U24/><E87/><V48/><F48/><W93/><G44/><T36/><D36/><U19/><AGARI ba="0,0" hai="8,9,11,13,17,19,20,24,85,88,95" m="17929" machi="19" ten="30,7900,0" yaku="8,1,52,2,54,1" doraHai="15" who="1" fromWho="1" sc="205,-20,320,79,225,-39,250,-20" /><INIT seed="3,0,0,2,3,41" ten="185,399,186,230" oya="3" hai0="103,130,50,111,10,29,65,22,124,75,67,56,72" hai1="131,54,99,82,90,30,0,9,46,27,121,48,74" hai2="36,83,120,71,110,31,8,96,132,114,43,85,100" hai3="19,108,116,34,7,106,12,101,94,16,6,37,61"/><W112/><G112/><T126/><D111/><U51/><E131/><V59/><F114/><W89/><G37/><T80/><D130/><U81/><E121/><V118/><F110/><W42/><G34/><T93/><D10/><U11/><E0/><V78/><F120/><W95/><G106/><T24/><D67/><U70/><E70/><V115/><F115/><W53/><G42/><T58/><D58/><U26/><E26/><V44/><F71/><W68/><G19/><T69/><D69/><U133/><E74/><N who="0" m="28201" /><D80/><U128/><E82/><V20/><F118/><W63/><G63/><N who="0" m="38119" /><D50/><U98/><E98/><AGARI ba="0,0" hai="22,24,29,93,98,103,124,126" m="38119,28201" machi="98" ten="30,1000,0" yaku="25,1" doraHai="41" who="0" fromWho="1" sc="185,10,399,-10,186,0,230,0" owari="195,-20.5,389,48.9,186,-31.4,230,3.0" /></mjloggm>