<mjloggm ver="2.3"><GO type="225" lobby="0"/><UN n0="%E5%B8%86%E7%AB%8B%E5%A4%8F%E8%A1%A3" n1="%E3%81%AF%E3%82%88%E3%81%8A%E3%81%98%E3%81%95%E3%82%93" n2="%72%69%6F%75%63%68%61%6E" n3="%E6%98%93%E5%88%A9%E8%96%A9%E4%BC%AF" dan="16,16,17,16" rate="2093.92,2152.31,2244.77,2100.45" sx="M,M,M,F"/><TAIKYOKU oya="0"/><INIT seed="0,0,0,4,0,94" ten="250,250,250,250" oya="0" hai0="61,0,130,84,71,12,44,75,9,79,98,66,31" hai1="17,105,110,37,25,23,106,112,49,119,27,82,127" hai2="10,20,62,132,36,55,16,116,76,1,83,33,89" hai3="2,35,73,124,97,54,50,34,30,67,86,88,128"/><T120/><D130/><U131/><E37/><V21/><F132/><W90/><G73/><T11/><D120/><U104/><E119/><V72/><F33/><W24/><G2/><T133/><D133/><U135/><E135/><V29/><F116/><W125/><G128/><T68/><D31/><U18/><E131/><V45/><F29/><W19/><G35/><T70/><D75/><U126/><E110/><V58/><F89/><W77/><G67/><T38/><D0/><U113/><E49/><V26/><F20/><W40/><G40/><T109/><D109/><U101/><E101/><V74/><F74/><W91/><G19/><N who="1" m="7178" /><E82/><V39/><REACH who="2" step="1"/><F45/><REACH who="2" ten="250,250,240,250" step="2"/><W4/><G77/><T7/><D44/><U60/><E23/><V96/><F96/><W87/><G87/><T5/><D84/><U108/><E108/><V22/><F22/><W115/><G86/><T32/><D98/><U129/><E129/><V14/><F14/><W85/><G85/><T8/><D32/><U59/><E25/><V65/><F65/><W52/><G97/><T43/><D12/><U117/><E27/><V47/><F47/><W111/><G111/><T102/><D102/><U48/><E117/><V92/><F92/><W13/><G91/><T56/><D79/><U114/><E106/><V118/><F118/><W51/><G90/><T46/><AGARI ba="0,1" hai="5,7,8,9,11,38,43,46,56,61,66,68,70,71" machi="46" ten="40,2100,0" yaku="0,1" doraHai="94" who="0" fromWho="0" sc="250,31,250,-7,240,-7,250,-7" /><INIT seed="0,1,0,5,1,63" ten="281,243,233,243" oya="0" hai0="72,52,28,44,115,38,89,39,53,31,10,4,30" hai1="96,33,57,83,86,64,43,25,97,135,55,62,99" hai2="108,79,12,110,124,102,113,26,114,120,71,127,119" hai3="7,107,133,80,130,100,56,84,88,91,103,92,70"/><T129/><D129/><U76/><E135/><V75/><F71/><W106/><G70/><T105/><D115/><N who="2" m="44042" /><F12/><W132/><G56/><T93/><D105/><N who="3" m="39945" /><G7/><T20/><D72/><U42/><E33/><V118/><F26/><W24/><G24/><T109/><D109/><N who="2" m="42090" /><F102/><N who="3" m="38955" /><G130/><T60/><D20/><U69/><REACH who="1" step="1"/><E25/><REACH who="1" ten="281,233,233,243" step="2"/><V95/><F120/><W17/><G17/><T34/><D34/><U3/><E3/><V123/><F123/><W73/><G73/><T40/><D31/><U9/><E9/><V46/><F46/><W6/><G6/><T65/><D30/><U32/><E32/><V61/><F61/><AGARI ba="1,1" hai="42,43,55,57,61,62,64,69,76,83,86,96,97,99" machi="61" ten="40,2600,0" yaku="1,1,52,1,53,0" doraHai="63" doraHaiUra="8" who="1" fromWho="2" sc="281,0,233,39,233,-29,243,0" /><INIT seed="1,0,0,0,3,83" ten="281,272,204,243" oya="1" hai0="51,10,108,103,40,36,52,98,66,32,17,59,109" hai1="94,56,9,33,50,119,39,60,135,96,41,28,0" hai2="69,14,21,49,48,46,114,30,43,95,65,121,100" hai3="72,5,27,82,64,73,111,35,11,26,97,99,133"/><U104/><E119/><V1/><F121/><W57/><G111/><N who="0" m="42571" /><D32/><U89/><E39/><V80/><F114/><W115/><G115/><T63/><D10/><U125/><E125/><V101/><F1/><W127/><G133/><T12/><D12/><U129/><E129/><V91/><F80/><W8/><G64/><T16/><D40/><U134/><E104/><V92/><F95/><W78/><G73/><T68/><D36/><U118/><E118/><V13/><F49/><W106/><G127/><T54/><D54/><U25/><E9/><V105/><F105/><AGARI ba="0,0" hai="16,17,51,52,59,63,66,68,98,103,105" m="42571" machi="105" ten="30,3900,0" yaku="14,1,54,2" doraHai="83" who="0" fromWho="2" sc="281,39,272,0,204,-39,243,0" /><INIT seed="2,0,0,2,0,36" ten="320,272,165,243" oya="2" hai0="127,92,76,2,72,130,22,96,37,114,39,58,106" hai1="11,73,1,123,15,3,45,95,134,14,116,105,135" hai2="124,26,64,122,0,109,24,78,87,132,23,13,10" hai3="88,65,77,84,21,56,60,8,71,44,133,6,46"/><V30/><F122/><W55/><G77/><T16/><D114/><U62/><E105/><V31/><F124/><W29/><G133/><N who="1" m="50698" /><E116/><V98/><F132/><W67/><G29/><T41/><D130/><U117/><E117/><V86/><F109/><W27/><G67/><T128/><D106/><U53/><E73/><V85/><F0/><W40/><G21/><T102/><D2/><U113/><E113/><V19/><F64/><W25/><G46/><T5/><D5/><U28/><E28/><V112/><F112/><W52/><G27/><T101/><D101/><U111/><E111/><V83/><REACH who="2" step="1"/><F98/><REACH who="2" ten="320,272,155,243" step="2"/><W49/><G25/><T80/><D127/><U107/><E123/><V89/><F89/><W79/><G79/><T93/><D96/><U126/><E1/><V94/><F94/><N who="3" m="54535" /><G71/><T4/><D93/><U68/><E3/><V75/><F75/><W81/><G81/><T108/><D92/><U47/><E126/><V43/><F43/><W125/><G125/><T54/><D41/><U121/><E121/><V17/><F17/><W42/><G65/><T90/><D90/><U74/><E74/><V110/><F110/><W50/><G60/><T69/><D108/><U131/><E107/><V99/><F99/><W82/><G82/><T129/><D80/><U119/><E68/><V9/><F9/><W70/><G70/><T51/><D69/><U59/><E119/><V38/><F38/><W18/><G18/><T66/><D39/><U97/><E11/><V34/><AGARI ba="0,1" hai="10,13,19,23,24,26,30,31,34,78,83,85,86,87" machi="34" ten="20,3900,0" yaku="1,1,0,1,7,1,53,0" doraHai="36" doraHaiUra="115" who="2" fromWho="2" sc="320,-13,272,-13,155,49,243,-13" /><INIT seed="2,1,0,4,3,57" ten="307,259,204,230" oya="2" hai0="86,115,75,15,80,27,26,123,29,46,11,114,41" hai1="106,33,129,64,47,4,121,66,63,23,117,44,135" hai2="61,124,91,19,87,62,20,53,2,108,58,59,85" hai3="97,98,42,67,116,99,31,3,107,22,131,78,113"/><V21/><F124/><W82/><G116/><T48/><D123/><U68/><E117/><V134/><F2/><W54/><G3/><T110/><D110/><U122/><E33/><V84/><F108/><W34/><G34/><T10/><D75/><U17/><E106/><V81/><F134/><W83/><G131/><T16/><D10/><U133/><E4/><V30/><F30/><W7/><G107/><T32/><D27/><N who="1" m="14831" /><E66/><N who="2" m="39223" /><F21/><W51/><G7/><T101/><D101/><U49/><E129/><V95/><F81/><W71/><G42/><T104/><D104/><U89/><E89/><AGARI ba="1,0" hai="11,15,16,26,29,32,41,46,48,80,86,89,114,115" machi="89" ten="30,2000,0" yaku="7,1,54,1" doraHai="57" who="0" fromWho="1" sc="307,23,259,-23,204,0,230,0" /><INIT seed="3,0,0,5,5,129" ten="330,236,204,230" oya="3" hai0="103,73,116,123,117,40,94,132,81,24,109,37,100" hai1="110,2,71,134,80,57,96,4,61,3,54,52,20" hai2="133,74,130,86,42,75,98,27,70,13,64,78,127" hai3="101,107,33,25,87,53,18,104,77,31,49,23,88"/><W59/><G77/><T115/><D132/><U90/><E134/><V62/><F130/><W92/><REACH who="3" step="1"/><G101/><REACH who="3" ten="330,236,204,220" step="2"/><T8/><D103/><U0/><E110/><V45/><F133/><W38/><G38/><T10/><D100/><U82/><E0/><V66/><F127/><W11/><G11/><T124/><D10/><U76/><E2/><V126/><F126/><W19/><G19/><T105/><D8/><U56/><E3/><V47/><F75/><W7/><G7/><T41/><D37/><U32/><E4/><V55/><F74/><W68/><G68/><T29/><D73/><U122/><E71/><V28/><F70/><W39/><G39/><T50/><D109/><U22/><E76/><V125/><F125/><W35/><G35/><T12/><D124/><U114/><E32/><V67/><F78/><W5/><G5/><T60/><D116/><U111/><E111/><V95/><F86/><W15/><AGARI ba="0,1" hai="15,18,23,25,31,33,49,53,59,87,88,92,104,107" machi="15" ten="20,18000,2" yaku="1,1,0,1,7,1,25,2,54,1,53,1" doraHai="129" doraHaiUra="14" who="3" fromWho="3" sc="330,-60,236,-60,204,-60,220,190" owari="270,7.0,176,-22.4,144,-35.6,410,51.0" /></mjloggm>