<mjloggm ver="2.3"><GO type="225" lobby="0"/><UN n0="%E6%9D%B1%E9%A2%A8%E3%81%AE%E3%81%8D%E3%82%83%E3%81%B7%E3%81%95%E3%82%93" n1="%48%61%61%61%6C%61%6E%64" n2="%E6%97%A5%E6%9B%9C%E6%97%A5%E3%82%88%E3%82%8A%E3%81%AE%E4%BD%BF%E8%80%85" n3="%63%68%78%62%64" dan="16,18,17,16" rate="2224.84,2231.53,2125.87,2146.03" sx="M,M,M,M"/><TAIKYOKU oya="0"/><INIT seed="0,0,0,3,4,56" ten="250,250,250,250" oya="0" hai0="73,118,97,9,63,80,119,40,21,57,122,68,2" hai1="69,89,41,111,109,43,87,104,67,131,135,61,7" hai2="28,5,12,75,44,91,19,120,33,86,27,66,26" hai3="94,51,123,49,15,99,45,62,112,93,38,42,92"/><T25/><D122/><U17/><E131/><V34/><F120/><W32/><G112/><T18/><D40/><U20/><E104/><V82/><F5/><W50/><G32/><T121/><D68/><U117/><E117/><V11/><F75/><W103/><G123/><T59/><D59/><U129/><E7/><V4/><F66/><W22/><G22/><T48/><D48/><U39/><E129/><V132/><F132/><W1/><G1/><T100/><D121/><U60/><E135/><V3/><F44/><W76/><G15/><T115/><D115/><U124/><E61/><V114/><F114/><W0/><G0/><T101/><D101/><U85/><E124/><V134/><F134/><W58/><REACH who="3" step="1"/><G76/><REACH who="3" ten="250,250,250,240" step="2"/><T23/><D2/><U125/><E20/><N who="2" m="15431" /><F27/><W107/><G107/><T106/><D21/><U54/><E125/><V113/><F113/><W105/><G105/><T81/><D9/><U90/><E109/><V108/><F108/><W16/><G16/><T74/><D119/><U83/><E111/><V36/><F34/><W10/><G10/><T53/><REACH who="0" step="1"/><D118/><REACH who="0" ten="240,250,250,240" step="2"/><U79/><E17/><V6/><F33/><W70/><G70/><T77/><D77/><U116/><E79/><V37/><F3/><W72/><G72/><AGARI ba="0,2" hai="18,23,25,53,57,63,72,73,74,80,81,97,100,106" machi="72" ten="40,3900,0" yaku="1,1,52,1,53,0" doraHai="56" doraHaiUra="31" who="0" fromWho="3" sc="240,59,250,0,250,0,240,-39" /><INIT seed="0,1,0,2,5,8" ten="299,250,250,201" oya="0" hai0="134,13,56,112,95,1,10,22,55,90,38,0,45" hai1="79,123,73,57,16,88,59,114,120,70,125,72,83" hai2="37,23,14,30,6,17,35,93,135,129,48,127,115" hai3="122,102,20,121,26,126,51,62,109,33,43,130,12"/><T34/><D34/><U60/><E125/><V9/><F37/><W42/><G109/><T131/><D112/><U85/><E114/><V40/><F115/><W119/><G119/><T27/><D134/><U41/><E41/><V36/><F127/><W133/><G126/><T67/><D131/><U116/><E116/><V111/><F111/><W117/><G117/><T44/><D67/><U84/><E70/><V32/><F135/><W97/><G130/><T11/><D38/><U87/><E72/><V77/><F129/><W58/><G133/><T128/><D10/><U18/><E57/><V78/><F36/><W75/><G33/><T91/><D0/><U65/><REACH who="1" step="1"/><E88/><REACH who="1" ten="299,240,250,201" step="2"/><N who="0" m="33833" /><D128/><U68/><E68/><V71/><F71/><W49/><G75/><T25/><D1/><U46/><E46/><N who="0" m="18025" /><D95/><U105/><E105/><V106/><F93/><W82/><G43/><T94/><D94/><U74/><E74/><V104/><F104/><W69/><G42/><T50/><D22/><U2/><E2/><N who="2" m="215" /><F106/><W28/><G69/><T47/><D47/><U31/><E31/><V66/><F35/><W61/><G58/><T113/><D113/><U101/><E101/><V3/><F3/><W54/><G102/><T92/><D92/><U52/><E52/><V108/><F108/><W7/><G54/><T98/><D98/><U110/><E110/><V81/><F32/><W4/><G97/><T64/><D64/><U86/><N who="1" m="21504" /><DORA hai="80" /><U39/><E39/><V24/><F66/><W5/><G28/><T15/><D11/><U96/><E96/><V29/><F40/><W100/><G100/><RYUUKYOKU ba="1,1" sc="299,15,240,15,250,-15,201,-15" hai0="13,15,25,27,50,55,56" hai1="16,18,59,60,65,73,79,83,120,123" /><INIT seed="0,2,1,1,1,31" ten="314,255,235,186" oya="0" hai0="29,0,84,72,65,73,11,57,30,121,47,109,54" hai1="79,110,38,10,76,77,114,17,50,127,32,33,87" hai2="97,45,71,21,61,91,98,100,40,93,74,41,111" hai3="25,75,85,56,103,64,95,13,27,51,15,60,12"/><T108/><D47/><U46/><E110/><N who="0" m="42601" /><D84/><U43/><E127/><V26/><F111/><W55/><G75/><N who="0" m="28747" /><D65/><U68/><E68/><V18/><F74/><W6/><G6/><N who="0" m="1479" /><D121/><U2/><E114/><V49/><F40/><W3/><G3/><T23/><D23/><U128/><E38/><V19/><F71/><W123/><G123/><T28/><D28/><U120/><E120/><V8/><F61/><AGARI ba="2,1" hai="29,30,54,57,61" m="1479,28747,42601" machi="61" ten="30,2900,0" yaku="14,1,10,1" doraHai="31" who="0" fromWho="2" sc="314,45,255,0,235,-35,186,0" /><INIT seed="0,3,0,2,5,9" ten="359,255,200,186" oya="0" hai0="40,76,84,45,130,83,0,134,98,66,1,119,124" hai1="34,48,126,64,125,54,37,36,29,95,117,56,42" hai2="8,53,96,89,114,61,18,15,11,131,74,85,23" hai3="101,2,99,79,57,103,44,26,60,32,81,24,78"/><T80/><D119/><U55/><E34/><V104/><F114/><W50/><G2/><T43/><D134/><U72/><E72/><V71/><F74/><W39/><G39/><N who="1" m="14922" /><E95/><N who="2" m="56431" /><F71/><W27/><G32/><T20/><D43/><U116/><E29/><V12/><F104/><W46/><G99/><T107/><D66/><U82/><E82/><V35/><F35/><W128/><G128/><T5/><D80/><U22/><E22/><N who="2" m="11591" /><F85/><W93/><G93/><T123/><D130/><U67/><E42/><V132/><F132/><W28/><G28/><T108/><D123/><U105/><E105/><V77/><F77/><N who="3" m="29195" /><G81/><T47/><D47/><N who="3" m="17961" /><G50/><T69/><D69/><U10/><E116/><V30/><F131/><W70/><G70/><T91/><D107/><U135/><E117/><V4/><F8/><W7/><G7/><T109/><D5/><U87/><E10/><V33/><F33/><W19/><G19/><T68/><D20/><U49/><E87/><V14/><F30/><W3/><G3/><T120/><D68/><U97/><E97/><V121/><F121/><W92/><G92/><N who="0" m="56607" /><D120/><U31/><E135/><V115/><F115/><W38/><G38/><N who="0" m="21655" /><D0/><U58/><E31/><V51/><F61/><W75/><G75/><T21/><D21/><U65/><AGARI ba="3,0" hai="48,49,54,55,56,58,64,65,67,125,126" m="14922" machi="65" ten="40,2700,0" yaku="34,2" doraHai="9" who="1" fromWho="1" sc="359,-16,255,36,200,-10,186,-10" /><INIT seed="1,0,0,5,2,79" ten="343,291,190,176" oya="1" hai0="135,52,8,64,134,89,49,124,53,58,91,7,33" hai1="126,5,107,75,121,26,56,15,27,13,129,61,105" hai2="28,14,47,116,82,42,24,115,32,84,81,46,114" hai3="66,123,55,65,36,71,22,72,57,125,62,120,43"/><U48/><E121/><N who="3" m="46666" /><G22/><T74/><D74/><U77/><E126/><V96/><F116/><W92/><G92/><T3/><D33/><U18/><E129/><V108/><F108/><W44/><G72/><T118/><D118/><U2/><E2/><V90/><F14/><W41/><G125/><T59/><D64/><N who="3" m="24681" /><G43/><T0/><D0/><U67/><E15/><V25/><F25/><W110/><G110/><T69/><D69/><AGARI ba="0,0" hai="36,41,44,55,57,62,69,71" m="24681,46666" machi="69" ten="30,2000,0" yaku="34,2" doraHai="79" who="3" fromWho="0" sc="343,-20,291,0,190,0,176,20" /><INIT seed="2,0,0,0,5,112" ten="323,291,190,196" oya="2" hai0="58,45,105,33,64,95,36,124,20,131,41,71,28" hai1="119,91,107,1,67,44,83,24,96,11,16,27,110" hai2="117,5,120,122,69,29,63,115,10,34,23,37,125" hai3="50,30,89,79,76,39,87,72,102,13,55,8,51"/><V61/><F115/><W46/><G39/><T111/><D111/><U15/><E110/><V98/><F23/><W132/><G132/><T116/><D131/><U127/><E127/><V47/><F98/><W70/><G70/><T49/><D124/><U104/><E119/><V3/><F125/><W106/><G72/><T48/><D105/><U78/><E67/><N who="2" m="41199" /><F63/><W109/><G109/><T97/><D116/><U82/><E1/><V38/><F117/><W62/><G30/><T12/><D33/><U134/><E134/><V18/><F18/><W6/><G62/><N who="0" m="37975" /><D71/><U19/><E104/><V35/><F35/><W68/><G68/><T88/><D36/><N who="2" m="13930" /><F47/><W108/><G108/><T130/><D130/><U114/><E114/><V66/><F66/><W90/><G90/><T0/><D0/><U57/><E44/><V9/><F9/><W75/><G75/><T54/><D12/><N who="1" m="7199" /><E107/><V60/><F60/><W81/><G106/><T85/><D97/><U74/><E74/><V40/><F40/><N who="3" m="24903" /><G102/><T56/><D20/><N who="1" m="11391" /><E57/><AGARI ba="0,0" hai="6,8,13,51,55,57,76,79,81,87,89" m="24903" machi="57" ten="30,1000,0" yaku="8,1" doraHai="112" who="3" fromWho="1" sc="323,0,291,-10,190,0,196,10" /><INIT seed="3,0,0,1,2,40" ten="323,281,190,206" oya="3" hai0="1,135,74,97,110,111,93,8,109,26,131,86,125" hai1="42,118,90,25,15,2,34,66,84,28,41,83,64" hai2="57,116,61,128,134,44,80,72,4,67,55,91,129" hai3="133,126,22,17,20,48,71,127,121,39,76,63,31"/><W12/><G39/><T21/><D74/><U65/><E2/><V95/><F116/><W77/><G121/><T123/><D125/><N who="3" m="47625" /><G133/><T115/><D131/><N who="2" m="50250" /><F134/><W122/><G122/><T5/><D135/><U101/><E118/><V19/><F4/><W120/><G120/><T69/><D123/><U32/><E101/><V103/><F103/><W29/><G48/><T24/><D69/><U117/><E117/><V38/><F19/><W79/><G22/><T106/><D106/><U49/><E34/><V104/><F104/><W92/><G92/><T37/><D37/><U87/><E15/><V132/><F132/><W96/><G96/><T99/><D115/><U6/><E6/><V47/><F38/><W75/><G75/><T124/><D124/><U81/><REACH who="1" step="1"/><E49/><REACH who="1" ten="323,271,190,206" step="2"/><V11/><F11/><W51/><G51/><T3/><D3/><U70/><E70/><V89/><F67/><AGARI ba="0,1" hai="12,17,20,29,31,63,67,71,76,77,79" m="47625" machi="67" ten="30,1500,0" yaku="18,1" doraHai="40" who="3" fromWho="2" sc="323,0,271,0,190,-15,206,25" /><INIT seed="3,1,0,5,4,23" ten="323,271,175,231" oya="3" hai0="5,110,24,31,65,27,4,18,66,132,14,124,87" hai1="78,16,7,50,0,97,88,48,6,38,105,131,73" hai2="42,22,125,10,9,130,121,103,11,129,80,117,135" hai3="104,52,127,64,91,109,13,60,35,118,62,100,92"/><W101/><G118/><T49/><D110/><U12/><E38/><V106/><F42/><W33/><G109/><T77/><D132/><U84/><E131/><N who="2" m="50187" /><F80/><W94/><G127/><T2/><D124/><U39/><E39/><V123/><F103/><W34/><G13/><T116/><D116/><U86/><E73/><V89/><F89/><W98/><G52/><T82/><D49/><N who="1" m="19051" /><E105/><V70/><F70/><W75/><G75/><T61/><D2/><U122/><E0/><V69/><F69/><W114/><G114/><T3/><D3/><U43/><E122/><N who="2" m="46603" /><F106/><W90/><G104/><T79/><D79/><U17/><E43/><V28/><F125/><W37/><G37/><T68/><D66/><U85/><E78/><V26/><F135/><W36/><G36/><T81/><D81/><U71/><E71/><V40/><F40/><W21/><G21/><T41/><D41/><U120/><E120/><V1/><F117/><W72/><G72/><T51/><D51/><U102/><E102/><V15/><F1/><W99/><REACH who="3" step="1"/><G62/><REACH who="3" ten="323,271,175,221" step="2"/><T53/><D53/><U95/><E12/><AGARI ba="1,1" hai="9,10,11,12,15,22,26,28" m="46603,50187" machi="12" ten="40,8000,1" yaku="19,1,13,1,34,2,52,1" doraHai="23" who="2" fromWho="1" sc="323,0,271,-83,175,93,221,0" owari="323,42.3,188,-31.2,268,6.8,221,-17.9" /></mjloggm>