<mjloggm ver="2.3"><GO type="225" lobby="0"/><UN n0="%72%69%6F%75%63%68%61%6E" n1="%E3%81%BF%E3%81%BF%E3%81%9A" n2="%E3%83%94%E3%83%B3%E3%82%B5%E3%83%AD%E5%BA%97%E5%93%A1" n3="%E3%82%A2%E3%82%A4%E3%82%B9%E3%83%86%E3%82%A3%E3%83%BC%E3%81%82%E3%81%B9" dan="16,17,16,16" rate="2115.44,2219.66,2176.30,2079.42" sx="M,M,M,M"/><TAIKYOKU oya="0"/><INIT seed="0,0,0,0,5,110" ten="250,250,250,250" oya="0" hai0="100,75,123,112,5,4,84,103,41,49,11,3,91" hai1="85,121,27,38,109,7,118,120,68,42,62,37,36" hai2="46,60,32,130,116,16,76,57,83,105,70,122,25" hai3="1,93,35,2,133,65,80,23,56,22,125,63,89"/><T48/><D112/><U21/><E118/><V26/><F122/><W51/><G35/><T107/><D123/><U10/><E109/><V9/><F105/><W78/><G125/><T73/><D5/><U104/><E104/><V69/><F116/><W43/><G133/><T115/><D115/><U119/><E119/><V131/><F46/><W29/><G43/><T45/><D49/><U50/><E85/><V117/><F117/><W58/><G2/><T47/><D47/><U31/><E50/><V128/><F70/><W61/><G51/><T135/><D135/><U28/><E28/><V17/><F69/><W18/><G1/><T33/><D33/><U81/><E81/><V82/><F82/><W96/><G29/><T113/><D113/><U101/><E101/><V55/><F32/><W54/><REACH who="3" step="1"/><G18/><REACH who="3" ten="250,250,250,240" step="2"/><N who="2" m="7273" /><F9/><W127/><G127/><T94/><REACH who="0" step="1"/><D100/><REACH who="0" ten="240,250,250,240" step="2"/><U64/><E64/><V44/><F44/><W8/><G8/><T20/><D20/><U30/><E120/><V114/><F114/><W90/><G90/><T59/><D59/><U95/><E121/><V12/><F12/><W102/><G102/><T98/><AGARI ba="0,2" hai="3,4,11,41,45,48,73,75,84,91,94,98,103,107" machi="98" ten="30,3000,0" yaku="1,1,0,1,53,0" doraHai="110" doraHaiUra="15" who="0" fromWho="0" sc="240,50,250,-10,250,-10,240,-10" /><INIT seed="0,1,0,0,4,120" ten="290,240,240,230" oya="0" hai0="73,87,23,102,46,45,51,40,61,133,75,128,90" hai1="62,129,3,71,84,53,36,117,1,114,7,97,126" hai2="67,15,6,68,107,8,43,58,119,33,48,30,44" hai3="103,89,131,83,13,42,64,54,38,19,56,5,108"/><T59/><D128/><U123/><E53/><V112/><F112/><W70/><G131/><T121/><D133/><U113/><E129/><V85/><F107/><W95/><G5/><T34/><D34/><U57/><E123/><V91/><F68/><W74/><G103/><T100/><D121/><U132/><E117/><V77/><F119/><W134/><G134/><T17/><D46/><U50/><E50/><V122/><F122/><W105/><G105/><T130/><D130/><U14/><E97/><V10/><F33/><W80/><G74/><T109/><D109/><U93/><E71/><V78/><F30/><W25/><G25/><T47/><D47/><U94/><E36/><V88/><F10/><W28/><G28/><T27/><D75/><U22/><E132/><V12/><F12/><W127/><G70/><T118/><D73/><U32/><E32/><V82/><F78/><W0/><G64/><T86/><D118/><U31/><E126/><V16/><F16/><W66/><G66/><T39/><D39/><U79/><E94/><V52/><F67/><W4/><G4/><T96/><D96/><U65/><E93/><V110/><F110/><W116/><G0/><N who="1" m="74" /><E7/><V115/><F115/><N who="1" m="44041" /><E14/><V49/><AGARI ba="1,0" hai="6,8,15,43,44,48,49,52,58,77,82,85,88,91" machi="49" ten="20,12000,2" yaku="0,1,7,1,25,2,8,1,54,2" doraHai="120" who="2" fromWho="2" sc="290,-61,240,-31,240,123,230,-31" /><BYE who="1" /><INIT seed="1,0,0,0,4,70" ten="229,209,363,199" oya="1" hai0="64,36,90,6,31,93,80,53,82,112,63,62,135" hai1="84,76,71,43,47,1,77,15,11,2,22,67,134" hai2="33,24,133,126,132,25,81,101,121,30,122,114,88" hai3="37,117,105,18,16,0,27,131,14,10,124,100,110"/><U127/><E127/><V58/><F126/><UN n1="%E3%81%BF%E3%81%BF%E3%81%9A" /><W129/><G124/><T34/><D112/><U89/><E134/><N who="2" m="51819" /><F114/><W95/><G105/><T7/><D135/><U60/><E22/><V26/><F101/><W20/><G110/><T99/><D36/><U85/><E1/><V102/><F102/><W75/><G75/><T46/><D34/><U104/><E2/><V4/><F4/><N who="0" m="1578" /><D31/><U79/><E104/><V28/><F58/><W35/><G0/><T21/><D21/><U52/><E89/><V94/><F81/><N who="0" m="31338" /><D64/><U119/><E119/><V54/><F54/><W78/><G78/><T59/><D46/><U41/><E41/><V92/><F92/><W123/><G35/><T40/><D40/><U17/><REACH who="1" step="1"/><E52/><REACH who="1" ten="229,199,363,199" step="2"/><V13/><F13/><W55/><G55/><T32/><D32/><U3/><E3/><V50/><F33/><W130/><G117/><T56/><D56/><U118/><E118/><V103/><F103/><W65/><G65/><T125/><D125/><U69/><E69/><V9/><F9/><W5/><G123/><N who="2" m="47113" /><F50/><AGARI ba="0,1" hai="50,53,59,62,63,90,93,99" m="31338,1578" machi="50" ten="30,1000,0" yaku="8,1" doraHai="70" who="0" fromWho="2" sc="229,20,199,0,363,-10,199,0" /><AGARI ba="0,0" hai="11,15,17,43,47,50,60,67,71,76,77,79,84,85" machi="50" ten="40,2000,0" yaku="1,1,53,0" doraHai="70" doraHaiUra="107" who="1" fromWho="2" sc="249,0,199,20,353,-20,199,0" /><INIT seed="1,1,0,5,0,3" ten="249,219,333,199" oya="1" hai0="1,86,57,113,70,55,107,120,22,24,84,8,27" hai1="40,11,33,108,83,96,60,10,133,2,32,114,59" hai2="23,35,28,106,64,119,101,102,39,87,117,20,129" hai3="15,91,125,7,89,44,123,4,56,103,21,29,121"/><U105/><E114/><V73/><F73/><W130/><G125/><T45/><D113/><U63/><E40/><V47/><F64/><W52/><G130/><T111/><D70/><U124/><E124/><V26/><F129/><W122/><G44/><T71/><D71/><U66/><E133/><V41/><F87/><W61/><G103/><T54/><D111/><U85/><E108/><V25/><F35/><W92/><G91/><T51/><D120/><U94/><E105/><V68/><F68/><W18/><REACH who="3" step="1"/><G29/><REACH who="3" ten="249,219,333,189" step="2"/><T81/><D45/><U5/><E63/><V118/><REACH who="2" step="1"/><F106/><REACH who="2" ten="249,219,323,189" step="2"/><W19/><G19/><AGARI ba="1,2" hai="19,20,23,25,26,28,39,41,47,101,102,117,118,119" machi="19" ten="40,2600,0" yaku="1,1,2,1,53,0" doraHai="3" doraHaiUra="72" who="2" fromWho="3" sc="249,0,219,0,323,49,189,-29" /><INIT seed="2,0,0,0,5,66" ten="249,219,372,160" oya="2" hai0="82,0,13,116,31,11,63,53,121,39,3,59,130" hai1="103,89,41,120,20,19,57,32,50,128,127,14,18" hai2="26,81,105,131,93,22,99,6,92,47,68,113,86" hai3="27,125,23,42,51,25,24,84,98,109,94,106,135"/><V37/><F113/><W5/><G109/><T74/><D121/><U16/><E120/><V71/><F105/><W110/><G110/><T95/><D39/><U1/><E1/><V67/><F6/><W43/><G125/><T54/><D130/><U30/><E128/><V46/><F131/><W111/><G135/><T17/><D116/><U40/><E127/><V48/><F37/><W83/><G106/><T117/><D117/><U85/><E103/><V80/><F67/><W45/><G111/><T29/><D53/><N who="1" m="31927" /><E32/><V49/><F22/><W119/><G119/><T126/><D126/><U70/><E70/><V132/><F26/><W123/><G123/><T2/><REACH who="0" step="1"/><D95/><REACH who="0" ten="239,219,372,160" step="2"/><N who="1" m="54703" /><E30/><V88/><F132/><W75/><G42/><AGARI ba="0,1" hai="14,16,18,19,20,40,41,42" m="54703,31927" machi="42" ten="30,3900,0" yaku="25,1,8,1,54,1" doraHai="66" who="1" fromWho="3" sc="239,0,219,49,372,0,160,-39" /><INIT seed="3,0,0,4,2,125" ten="239,268,372,121" oya="3" hai0="9,7,91,77,23,109,115,135,82,86,21,133,19" hai1="71,5,33,93,101,134,74,10,121,113,29,120,14" hai2="24,36,8,25,62,87,84,68,76,124,122,40,0" hai3="57,13,103,116,28,126,117,60,95,66,104,97,31"/><W89/><G126/><T48/><D109/><U27/><E74/><V72/><F124/><W45/><G45/><T64/><D115/><U63/><E113/><V100/><F100/><W119/><REACH who="3" step="1"/><G13/><REACH who="3" ten="239,268,372,111" step="2"/><N who="0" m="5311" /><D135/><U52/><E134/><V51/><F0/><W3/><G3/><T128/><D133/><U32/><E120/><V35/><F122/><W67/><G67/><T59/><D128/><U81/><E121/><V80/><F36/><W53/><G53/><N who="0" m="32167" /><D64/><U20/><E52/><V88/><F40/><W4/><G4/><T2/><D2/><U22/><E5/><V105/><F25/><W15/><G15/><N who="0" m="9471" /><D23/><U127/><E20/><V41/><F41/><W131/><G131/><T16/><D16/><U1/><E127/><V110/><F24/><W34/><G34/><T47/><D47/><U78/><E32/><V108/><F35/><W112/><G112/><T106/><D106/><U11/><E33/><V50/><F105/><W69/><G69/><T94/><D94/><U79/><E1/><V6/><F6/><W49/><G49/><T85/><D85/><AGARI ba="0,1" hai="28,31,57,60,66,85,89,95,97,103,104,116,117,119" machi="85" ten="40,3900,0" yaku="1,1,53,1" doraHai="125" doraHaiUra="61" who="3" fromWho="0" sc="239,-39,268,0,372,0,111,49" /><INIT seed="3,1,0,4,1,100" ten="200,268,372,160" oya="3" hai0="63,41,29,32,21,93,44,101,106,69,118,36,126" hai1="70,6,47,114,28,121,7,42,56,129,60,5,130" hai2="127,16,40,38,58,120,55,84,54,35,117,13,50" hai3="87,115,92,76,24,110,108,99,37,119,59,23,128"/><W52/><G37/><T2/><D93/><U88/><E121/><V81/><F117/><W98/><G119/><T79/><D21/><U95/><E114/><V122/><F35/><W62/><G115/><T72/><D118/><U27/><E70/><V48/><F40/><W45/><G128/><N who="1" m="49258" /><E88/><V10/><F38/><W89/><G45/><T113/><D126/><U18/><E18/><V11/><F11/><W65/><G65/><N who="0" m="41151" /><D113/><U123/><E95/><V66/><F66/><W68/><G68/><T51/><D51/><N who="1" m="27127" /><E123/><N who="2" m="47147" /><F127/><W0/><G0/><T104/><D2/><U75/><E75/><V8/><F8/><W85/><G99/><T111/><D101/><U80/><E80/><V17/><F17/><N who="3" m="12399" /><G76/><T103/><D103/><U67/><E5/><V64/><F64/><W20/><G20/><AGARI ba="1,0" hai="6,7,20,27,28,56,60,67" m="27127,49258" machi="20" ten="30,1000,0" yaku="19,1" doraHai="100" who="1" fromWho="3" sc="200,0,268,13,372,0,160,-13" owari="200,-20.0,281,8.1,372,47.2,147,-35.3" /></mjloggm>