<mjloggm ver="2.3"><GO type="225" lobby="0"/><UN n0="%33%74%72%65%65" n1="%E9%80%9F%E6%B0%B4%E5%87%9B%E9%A6%99" n2="%4D%50%43%32%38%30%30" n3="%E3%83%B4%E3%83%A0%EF%BC%99%E3%81%A6" dan="17,16,16,17" rate="2182.75,2100.37,2124.15,2229.55" sx="F,F,M,M"/><TAIKYOKU oya="0"/><INIT seed="0,0,0,0,4,53" ten="250,250,250,250" oya="0" hai0="26,107,112,111,38,108,49,19,99,134,23,6,85" hai1="42,51,125,56,109,126,131,61,21,48,1,0,127" hai2="94,67,120,95,101,123,82,116,11,64,5,33,104" hai3="12,133,110,89,28,72,31,3,135,113,114,7,65"/><T98/><D112/><N who="3" m="43113" /><G72/><T91/><D38/><U119/><E119/><V132/><F33/><W4/><G89/><T29/><D134/><N who="3" m="51209" /><G65/><T74/><D74/><U117/><E117/><V129/><F116/><W43/><G43/><T106/><D6/><N who="3" m="2089" /><G110/><N who="0" m="42027" /><D49/><N who="1" m="19019" /><E131/><V87/><F129/><W71/><G71/><T54/><D54/><U32/><E32/><V20/><F67/><W52/><G52/><T93/><D29/><N who="3" m="11337" /><G12/><T128/><D128/><U14/><E42/><V73/><F64/><W103/><G103/><N who="0" m="60879" /><D99/><U78/><E109/><V77/><F132/><W90/><G90/><T59/><D59/><U16/><E78/><V35/><F73/><W27/><G27/><T58/><D58/><U70/><E70/><V22/><F77/><W39/><G39/><T46/><D46/><U40/><E40/><V86/><F101/><W63/><G63/><T76/><D76/><U96/><E96/><V2/><F104/><W102/><G102/><T37/><D37/><U83/><E83/><AGARI ba="0,0" hai="19,23,26,83,85,91,106,107" m="60879,42027" machi="83" ten="30,2900,0" yaku="14,1,10,1" doraHai="53" who="0" fromWho="1" sc="250,29,250,-29,250,0,250,0" /><INIT seed="0,1,0,0,2,15" ten="279,221,250,250" oya="0" hai0="4,2,67,92,65,80,66,132,21,126,56,34,133" hai1="16,48,118,35,37,1,12,25,0,113,19,20,68" hai2="18,125,115,124,47,39,72,71,41,119,84,63,122" hai3="62,91,77,117,28,98,75,105,121,6,10,17,78"/><T51/><D34/><U74/><E37/><V129/><F72/><W93/><G117/><T55/><D126/><N who="2" m="48746" /><F122/><W8/><G121/><T9/><D80/><U83/><E68/><V88/><F115/><W101/><G28/><T89/><REACH who="0" step="1"/><D21/><REACH who="0" ten="269,221,250,250" step="2"/><U108/><E113/><V99/><F119/><W43/><G75/><T103/><D103/><U52/><E118/><V50/><F129/><W40/><G101/><T104/><D104/><U44/><E108/><V120/><F120/><W57/><G105/><T112/><D112/><U59/><E35/><V131/><F131/><W90/><G77/><T79/><D79/><U96/><E96/><AGARI ba="1,1" hai="2,4,9,51,55,56,65,66,67,89,92,96,132,133" machi="96" ten="40,2000,0" yaku="1,1,53,0" doraHai="15" doraHaiUra="110" who="0" fromWho="1" sc="269,33,221,-23,250,0,250,0" /><INIT seed="0,2,0,2,2,124" ten="302,198,250,250" oya="0" hai0="113,77,0,19,16,21,85,35,82,5,78,93,69" hai1="38,134,119,41,75,117,30,130,118,76,23,14,6" hai2="47,68,10,54,29,62,17,67,66,15,31,7,44" hai3="56,94,60,92,57,87,18,133,131,2,108,39,90"/><T101/><D113/><U25/><E41/><V64/><F68/><W63/><G2/><T122/><D122/><U111/><E38/><V4/><F62/><W80/><G39/><T91/><D35/><U46/><E76/><V102/><F102/><W13/><G108/><T45/><D69/><U100/><E46/><N who="2" m="17451" /><F54/><W121/><G121/><T115/><D115/><U3/><E100/><V99/><F99/><W8/><G133/><T55/><D0/><U72/><E72/><V71/><F71/><W107/><G107/><T49/><D5/><AGARI ba="2,0" hai="4,5,7,10,15,17,29,31,64,66,67" m="17451" machi="5" ten="30,1000,0" yaku="8,1" doraHai="124" who="2" fromWho="0" sc="302,-16,198,0,250,16,250,0" /><INIT seed="1,0,0,2,2,6" ten="286,198,266,250" oya="1" hai0="47,125,94,35,98,67,9,46,41,56,60,77,24" hai1="84,62,27,114,113,99,76,37,129,0,58,5,26" hai2="118,119,135,134,69,8,115,133,132,92,93,4,28" hai3="25,78,61,80,65,105,57,68,2,75,22,12,40"/><U103/><E37/><V32/><N who="2" m="33792" /><DORA hai="95" /><V88/><F69/><W11/><G105/><T13/><D125/><U109/><E129/><V73/><F73/><W106/><G106/><T42/><D77/><U110/><E84/><N who="2" m="52231" /><F115/><W16/><G40/><N who="0" m="15467" /><D24/><U116/><E76/><V87/><F28/><W20/><G2/><T30/><D35/><U14/><E0/><N who="2" m="7" /><F32/><W64/><G68/><T90/><D30/><U70/><E70/><V43/><F43/><W126/><G126/><T82/><D82/><U91/><E91/><AGARI ba="0,0" hai="87,91,93,118,119" m="7,52231,33792" machi="91" ten="60,7700,0" yaku="20,1,52,1,54,1" doraHai="6,95" who="2" fromWho="1" sc="286,0,198,-77,266,77,250,0" /><INIT seed="2,0,0,0,5,52" ten="286,121,343,250" oya="2" hai0="72,69,37,88,61,114,80,126,43,27,86,118,36" hai1="31,29,111,18,127,41,67,95,56,58,7,122,11" hai2="21,79,105,5,120,78,82,66,19,13,70,14,76" hai3="62,59,24,132,125,35,39,106,64,97,53,6,99"/><V104/><F120/><W112/><G39/><T131/><D114/><U123/><E111/><V102/><F82/><W74/><G74/><T49/><D131/><U12/><E127/><V2/><F2/><W108/><G108/><T47/><D126/><U116/><E116/><V10/><REACH who="2" step="1"/><F102/><REACH who="2" ten="286,121,333,250" step="2"/><W113/><G125/><T89/><D118/><U44/><E123/><V91/><F91/><W4/><G112/><T84/><D72/><U110/><E122/><V98/><F98/><W20/><G99/><T25/><D89/><U9/><E110/><V75/><F75/><W121/><G113/><T45/><D86/><U17/><E95/><V16/><F16/><W92/><G121/><T117/><D117/><U23/><E17/><V48/><F48/><W8/><G92/><T50/><D50/><N who="1" m="26895" /><E67/><V32/><F32/><W107/><G35/><T134/><D37/><U128/><E128/><V33/><F33/><W54/><G97/><T115/><D115/><U55/><E55/><V93/><F93/><W83/><G54/><T73/><D73/><U1/><E1/><V57/><F57/><N who="1" m="22121" /><E7/><V85/><F85/><W81/><G53/><T124/><D84/><U109/><E109/><V63/><AGARI ba="0,1" hai="5,10,13,14,19,21,63,66,70,76,78,79,104,105" machi="63" ten="30,3000,0" yaku="1,1,0,1,53,0" doraHai="52" doraHaiUra="40" who="2" fromWho="2" sc="286,-10,121,-10,333,40,250,-10" /><INIT seed="2,1,0,0,3,48" ten="276,111,373,240" oya="2" hai0="8,28,106,52,13,16,43,133,25,57,103,31,132" hai1="62,55,110,109,29,129,93,107,118,11,10,5,61" hai2="51,108,36,77,49,0,76,14,81,96,124,39,122" hai3="120,37,19,66,87,80,4,42,65,67,82,54,27"/><V3/><F96/><W91/><G120/><T64/><D64/><U134/><E107/><V53/><F14/><W105/><G105/><T30/><D43/><U32/><E118/><V102/><F102/><W113/><G113/><T17/><D103/><U98/><E129/><V63/><F63/><W60/><G4/><T126/><D106/><U9/><E134/><N who="0" m="51817" /><D126/><U78/><E78/><V59/><F108/><N who="1" m="41577" /><E32/><V125/><F122/><W84/><G37/><T46/><D46/><U95/><E29/><V74/><F77/><W45/><G42/><T88/><D88/><N who="1" m="55591" /><E95/><V75/><F75/><W119/><G119/><T117/><D117/><U34/><E34/><V83/><F83/><W6/><G6/><N who="0" m="3223" /><D25/><U15/><E62/><AGARI ba="1,0" hai="16,17,28,30,31,52,57,62" m="3223,51817" machi="62" ten="30,7700,0" yaku="20,1,52,1,54,2" doraHai="48" who="0" fromWho="1" sc="276,80,111,-80,373,0,240,0" /><INIT seed="3,0,0,2,3,22" ten="356,31,373,240" oya="3" hai0="53,105,23,103,131,74,95,25,55,40,57,118,16" hai1="39,11,88,21,59,77,134,15,129,68,91,26,101" hai2="125,65,128,121,54,27,127,76,14,62,112,80,17" hai3="122,32,44,98,36,86,132,64,78,123,30,13,73"/><W3/><G3/><T1/><D118/><U42/><E68/><N who="2" m="42039" /><F112/><W35/><G73/><T102/><D131/><U7/><E129/><V50/><F27/><W58/><G132/><T47/><D105/><U99/><E134/><V71/><F71/><W81/><G35/><T52/><D74/><U84/><E39/><V63/><F63/><W29/><G29/><T117/><D117/><U110/><E110/><V46/><F128/><W85/><G98/><N who="0" m="59743" /><D1/><U9/><E42/><V106/><F106/><W116/><G116/><T79/><D103/><U82/><E11/><N who="2" m="6367" /><F80/><W10/><G85/><T6/><D79/><U109/><E109/><V45/><F76/><W43/><G64/><T0/><D0/><U133/><E133/><V5/><F5/><W89/><G58/><T49/><D6/><U33/><E33/><V69/><F69/><W72/><G72/><T75/><D75/><U93/><REACH who="1" step="1"/><E59/><AGARI ba="0,0" hai="16,23,25,40,47,49,52,53,55,57,59" m="59743" machi="59" ten="30,7700,0" yaku="8,1,52,1,54,2" doraHai="22" who="0" fromWho="1" sc="356,77,31,-77,373,0,240,0" owari="433,53.3,-46,-54.6,373,17.3,240,-16.0" /></mjloggm>