<mjloggm ver="2.3"><GO type="225" lobby="0"/><UN n0="%E3%83%AD%E3%83%BC%E3%83%89%E3%82%AB%E3%83%8A%E3%83%AD%E3%82%A2" n1="%E7%B4%94%E6%BD%94%E3%83%94%E3%83%A9%E3%83%8B%E3%82%A2" n2="%E3%81%A8%E3%82%93%E3%81%A8%E3%81%93%E3%81%A8%E3%82%93" n3="%6D%75%75%6D%75%72%61" dan="16,16,16,16" rate="2106.95,2147.32,2122.86,2114.73" sx="M,M,F,F"/><TAIKYOKU oya="0"/><INIT seed="0,0,0,2,0,67" ten="250,250,250,250" oya="0" hai0="52,135,104,123,7,81,116,124,62,4,88,108,36" hai1="133,24,5,30,73,110,74,26,55,50,20,78,93" hai2="90,53,129,80,92,87,71,10,19,0,127,130,85" hai3="44,68,15,111,79,83,99,47,122,125,11,43,41"/><T16/><D116/><U131/><E110/><V134/><F134/><W12/><G111/><T6/><D108/><U86/><E133/><V13/><F127/><W33/><G125/><T57/><D123/><U112/><E131/><N who="2" m="50187" /><F0/><W97/><G33/><T96/><D124/><U107/><E107/><V25/><F25/><W109/><G122/><T120/><D135/><U115/><E5/><V101/><F53/><W64/><G109/><T59/><D120/><U75/><E24/><V114/><F114/><N who="1" m="43561" /><E93/><V128/><N who="2" m="50195" /><V118/><DORA hai="113" /><F118/><W9/><G64/><T69/><D69/><U103/><E103/><V105/><F105/><W1/><G1/><T65/><D36/><U60/><E60/><V72/><F72/><W31/><G31/><T58/><D104/><U18/><E86/><V42/><F42/><W77/><G83/><T98/><D16/><U76/><E18/><V21/><F101/><W102/><G102/><T84/><REACH who="0" step="1"/><D58/><AGARI ba="0,0" hai="20,26,30,50,55,58,73,74,75,76,78" m="43561" machi="58" ten="40,1300,0" yaku="11,1" doraHai="67,113" who="1" fromWho="0" sc="250,-13,250,13,250,0,250,0" /><INIT seed="1,0,0,3,3,92" ten="237,263,250,250" oya="1" hai0="123,121,10,61,14,103,26,6,112,60,108,87,67" hai1="133,23,58,0,47,134,70,30,98,90,28,1,64" hai2="24,2,63,68,104,113,114,115,110,105,33,94,130" hai3="17,131,83,82,36,27,132,72,55,50,109,95,129"/><U81/><E70/><V71/><F110/><W51/><G36/><T77/><D112/><U11/><E47/><V106/><F130/><N who="3" m="49675" /><G109/><T8/><D108/><U48/><E81/><N who="3" m="30730" /><G72/><T9/><D77/><U99/><E90/><V96/><F2/><N who="1" m="1129" /><E11/><N who="0" m="4169" /><D87/><U59/><E23/><V102/><F63/><N who="0" m="24138" /><D103/><U44/><E64/><V85/><F85/><W42/><G132/><N who="1" m="50794" /><E59/><V41/><REACH who="2" step="1"/><F41/><REACH who="2" ten="237,263,240,250" step="2"/><W100/><G42/><T45/><D123/><U93/><E58/><V127/><F127/><W21/><G55/><T37/><D121/><U88/><E99/><AGARI ba="0,1" hai="17,21,27,50,51,95,99,100" m="30730,49675" machi="99" ten="30,2000,0" yaku="19,1,52,1" doraHai="92" who="3" fromWho="1" sc="237,0,263,-20,240,0,250,30" /><INIT seed="2,0,0,2,4,110" ten="237,243,240,280" oya="2" hai0="50,112,14,132,25,72,0,75,52,20,88,34,39" hai1="101,123,109,92,58,90,97,33,70,74,44,43,69" hai2="22,116,45,21,119,81,10,41,42,59,36,131,1" hai3="2,46,64,126,68,127,26,94,82,111,120,4,48"/><V30/><F131/><W56/><G120/><T134/><D0/><U17/><E109/><V76/><F59/><W63/><G111/><T27/><D39/><U54/><E123/><V102/><F102/><W7/><G2/><T99/><D112/><U135/><E135/><N who="0" m="51753" /><D14/><U104/><E33/><V18/><F30/><W83/><G68/><T125/><D125/><N who="3" m="47625" /><G94/><N who="0" m="56775" /><D34/><U71/><E74/><N who="0" m="28201" /><D20/><U80/><E17/><V5/><F22/><W61/><G26/><T9/><D9/><U15/><E15/><V124/><F124/><W106/><G7/><T11/><D11/><U84/><E43/><V24/><REACH who="2" step="1"/><F42/><REACH who="2" ten="237,243,230,280" step="2"/><W8/><G56/><AGARI ba="0,1" hai="25,27,50,52,56" m="28201,56775,51753" machi="56" ten="30,3900,0" yaku="20,1,54,2" doraHai="110" who="0" fromWho="3" sc="237,49,243,0,230,0,280,-39" /><INIT seed="3,0,0,3,5,121" ten="286,243,230,241" oya="3" hai0="1,82,26,124,72,10,5,107,58,89,75,91,127" hai1="101,117,15,14,119,77,9,125,35,0,79,87,123" hai2="126,47,33,115,59,8,110,42,49,25,100,55,84" hai3="37,27,29,16,96,90,20,66,39,109,40,118,67"/><W48/><G118/><N who="1" m="45066" /><E123/><V45/><F115/><W69/><G109/><T85/><D107/><U38/><E38/><V6/><F126/><W112/><G112/><T51/><D26/><U76/><E35/><V122/><F122/><W44/><G90/><T2/><D2/><U61/><E125/><N who="0" m="48201" /><D91/><U78/><E101/><V106/><F110/><W88/><G39/><T18/><D18/><U56/><N who="1" m="19456" /><DORA hai="46" /><U129/><E129/><V102/><F106/><W68/><G37/><T64/><D64/><N who="3" m="24617" /><G69/><T116/><D116/><U103/><E103/><V23/><F33/><W7/><G7/><T108/><D108/><U21/><E21/><V62/><F100/><W80/><G68/><T134/><D134/><U92/><E92/><V57/><F102/><W17/><G80/><T34/><D34/><U120/><E87/><V99/><F84/><W43/><G43/><T95/><D95/><AGARI ba="0,0" hai="16,17,20,27,29,40,44,48,88,95,96" m="24617" machi="95" ten="30,11600,0" yaku="8,1,52,1,54,2" doraHai="121,46" who="3" fromWho="0" sc="286,-116,243,0,230,0,241,116" owari="170,-33.0,243,4.3,230,-17.0,357,45.7" /></mjloggm>