<mjloggm ver="2.3"><GO type="225" lobby="0"/><UN n0="%E3%81%B7%E3%82%8A%E3%82%93%E8%81%96%E4%BA%BA" n1="%6D%75%75%6D%75%72%61" n2="%E5%AE%AE%E4%BF%9D%E9%B6%8F%E8%82%89" n3="%73%6C%69%63%6B%33%31%39" dan="16,16,16,16" rate="2140.51,2111.53,2121.33,2189.11" sx="M,F,M,M"/><TAIKYOKU oya="0"/><INIT seed="0,0,0,3,4,45" ten="250,250,250,250" oya="0" hai0="73,53,113,5,62,35,54,96,130,133,121,50,125" hai1="71,18,9,127,0,106,55,70,80,98,7,103,114" hai2="117,109,38,13,82,67,3,135,94,22,76,108,123" hai3="93,43,115,28,88,15,65,69,64,68,49,131,29"/><T48/><D35/><U61/><E127/><V129/><F123/><W44/><G115/><T14/><D113/><U34/><E114/><V132/><F3/><W39/><G131/><T100/><D121/><U56/><E34/><V112/><F112/><W6/><G6/><T31/><D73/><U91/><E18/><N who="2" m="10575" /><F38/><W2/><G2/><T85/><D31/><U79/><REACH who="1" step="1"/><E91/><REACH who="1" ten="250,240,250,250" step="2"/><V95/><F129/><W1/><G28/><T74/><D125/><U59/><E59/><V57/><F117/><W78/><G29/><T33/><D33/><U99/><E99/><V66/><F57/><W63/><G69/><T90/><D130/><U40/><E40/><V4/><F4/><W37/><G68/><T47/><D96/><U41/><E41/><V12/><F12/><W30/><G30/><T134/><D5/><U11/><E11/><V19/><F19/><W102/><G1/><T110/><D14/><U27/><E27/><V120/><F120/><W116/><G15/><T107/><D110/><N who="2" m="42602" /><F135/><W52/><G116/><T84/><D90/><U97/><E97/><V92/><F132/><W10/><G10/><T26/><D26/><U118/><E118/><V75/><AGARI ba="0,1" hai="66,67,75,76,82,92,94,95" m="42602,10575" machi="75" ten="30,1100,0" yaku="14,1" doraHai="45" who="2" fromWho="2" sc="250,-5,240,-3,250,21,250,-3" /><INIT seed="1,0,0,1,5,48" ten="245,237,271,247" oya="1" hai0="60,50,18,108,20,15,95,52,103,129,63,89,3" hai1="80,11,45,36,112,66,68,65,76,24,124,113,111" hai2="10,13,0,43,130,122,126,4,56,14,134,75,27" hai3="57,115,42,40,25,125,17,12,81,117,88,94,69"/><U97/><E124/><V71/><F71/><W98/><G115/><T28/><D3/><U31/><E111/><V114/><F75/><W44/><G125/><T116/><D116/><U34/><E97/><V49/><F126/><W30/><G69/><T59/><D129/><U37/><E11/><V135/><F130/><W16/><G117/><T6/><D6/><U118/><E118/><V133/><F114/><N who="1" m="44137" /><E66/><V73/><F73/><W7/><G7/><T33/><D108/><U70/><E45/><V62/><F122/><W67/><G81/><T93/><D28/><U109/><E109/><V86/><F27/><W1/><G1/><T35/><D35/><U123/><E123/><V119/><F86/><W21/><G44/><T38/><D33/><U32/><E32/><V53/><F119/><W19/><G12/><T8/><D8/><U127/><E127/><V132/><F132/><W41/><G67/><T101/><D38/><N who="1" m="14955" /><E65/><V104/><F104/><W96/><G96/><N who="0" m="59535" /><D103/><U87/><E87/><AGARI ba="0,0" hai="15,18,20,50,52,59,60,63,87,89,95" m="59535" machi="87" ten="30,7700,0" yaku="25,1,8,1,52,1,54,1" doraHai="48" who="0" fromWho="1" sc="245,77,237,-77,271,0,247,0" /><INIT seed="2,0,0,3,3,38" ten="322,160,271,247" oya="2" hai0="51,113,53,102,57,25,62,14,74,70,17,84,114" hai1="6,19,135,86,26,110,23,130,71,83,93,77,87" hai2="78,61,52,40,104,73,118,16,47,79,67,3,4" hai3="103,106,105,65,56,41,124,9,20,94,75,68,5"/><V72/><F118/><W132/><G75/><T18/><D74/><U28/><E110/><V36/><F104/><W24/><G68/><T39/><D39/><U117/><E130/><V63/><F73/><W109/><G109/><T11/><D102/><U96/><E135/><V112/><F112/><W15/><G132/><T121/><D121/><U126/><E117/><V66/><F3/><W45/><G124/><T27/><D70/><U125/><E71/><V131/><F4/><W98/><G56/><T60/><D113/><U30/><E125/><V0/><F0/><W76/><G65/><T43/><D18/><U32/><E32/><V81/><F79/><W128/><G76/><T133/><D114/><U69/><E69/><V99/><F99/><W129/><G129/><T92/><D133/><U127/><E127/><V101/><F101/><W10/><G10/><T59/><D59/><U58/><E126/><V64/><F131/><W111/><G111/><T12/><D12/><U88/><E6/><V48/><REACH who="2" step="1"/><F16/><REACH who="2" ten="322,160,261,247" step="2"/><W50/><G128/><T80/><D25/><U134/><E134/><V44/><AGARI ba="0,1" hai="36,40,44,47,48,52,61,63,64,66,67,72,78,81" machi="44" ten="30,12000,1" yaku="1,1,2,1,0,1,52,1,54,1,53,0" doraHai="38" doraHaiUra="34" who="2" fromWho="2" sc="322,-40,160,-40,261,130,247,-40" /><INIT seed="2,1,0,0,1,52" ten="282,120,391,207" oya="2" hai0="5,88,1,21,50,126,130,42,36,107,76,103,37" hai1="18,16,133,31,91,111,118,25,34,123,134,30,108" hai2="94,86,11,121,55,43,14,63,41,26,96,0,40" hai3="119,4,2,22,117,84,106,81,115,59,46,127,6"/><V32/><F121/><W29/><G106/><T129/><D76/><U120/><E91/><V24/><F0/><W80/><G127/><T65/><D65/><U72/><E72/><V116/><F32/><W128/><G128/><T13/><D1/><U12/><E31/><V68/><F86/><W89/><G115/><T35/><D35/><U125/><E118/><V54/><F68/><W99/><G99/><T90/><D103/><U71/><E71/><V74/><F74/><W93/><G46/><T77/><D77/><U70/><E70/><V60/><F55/><W17/><G29/><T104/><D21/><N who="1" m="11399" /><E125/><V15/><F15/><W105/><G105/><T62/><D13/><U85/><E18/><V135/><F135/><N who="1" m="51721" /><E85/><V64/><F64/><W27/><G2/><T10/><D126/><U66/><E66/><V44/><F116/><W78/><G117/><T110/><D104/><U47/><E47/><V131/><F131/><W57/><G119/><T97/><D129/><U82/><E82/><N who="3" m="31850" /><G78/><T53/><D130/><U67/><E67/><V92/><F44/><W19/><G19/><T112/><D112/><U114/><E114/><V102/><F94/><W48/><G48/><T79/><D107/><U7/><E7/><AGARI ba="1,0" hai="4,6,7,17,22,27,57,59,84,89,93" m="31850" machi="7" ten="30,3900,0" yaku="8,1,52,2" doraHai="52" who="3" fromWho="1" sc="282,0,120,-42,391,0,207,42" /><INIT seed="3,0,0,2,1,38" ten="282,78,391,249" oya="3" hai0="80,62,22,45,58,101,49,25,63,31,20,127,123" hai1="24,79,83,27,128,71,0,60,50,115,70,8,120" hai2="89,1,135,75,95,134,10,18,113,37,112,73,43" hai3="46,57,35,84,119,16,107,4,130,30,108,98,90"/><W133/><G119/><T131/><D123/><U102/><E120/><V121/><F121/><W85/><G4/><T15/><D131/><U69/><E115/><N who="2" m="44107" /><F43/><W77/><G130/><T87/><D101/><U116/><E128/><V34/><F34/><W21/><G133/><N who="2" m="50697" /><F37/><W48/><G108/><T33/><D127/><U109/><E109/><V2/><F18/><W6/><G6/><T91/><D33/><U41/><E116/><V103/><F103/><W110/><G110/><T132/><D58/><U9/><E102/><V39/><F39/><W19/><G107/><T68/><D68/><U7/><E9/><V36/><F36/><W76/><G57/><T64/><D64/><U56/><E60/><V94/><F94/><N who="3" m="56663" /><G35/><T129/><D129/><U99/><E99/><N who="2" m="57839" /><F10/><W47/><G30/><T100/><D100/><U32/><E56/><V61/><F61/><W28/><G28/><T106/><D106/><U124/><E124/><V78/><F78/><N who="3" m="30315" /><G47/><T104/><D104/><U72/><REACH who="1" step="1"/><E32/><REACH who="1" ten="282,68,391,249" step="2"/><V14/><F14/><N who="3" m="9367" /><G19/><N who="0" m="10367" /><D132/><U114/><E114/><V66/><F66/><W3/><G3/><AGARI ba="0,1" hai="1,2,3,73,75" m="57839,50697,44107" machi="3" ten="40,1300,0" yaku="20,1" doraHai="38" who="2" fromWho="3" sc="282,0,68,0,391,23,249,-13" owari="282,8.2,68,-43.2,414,51.4,236,-16.4" /></mjloggm>