<mjloggm ver="2.3"><GO type="225" lobby="0"/><UN n0="%E4%B8%89%E6%A7%93%E5%AD%90" n1="%E6%97%A5%E6%9B%9C%E6%97%A5%E3%82%88%E3%82%8A%E3%81%AE%E4%BD%BF%E8%80%85" n2="%E3%82%BC%E3%83%AB%E3%83%80%E3%81%AE%E4%BC%9D%E8%AA%AC" n3="%E7%9C%9F%E4%B8%80" dan="16,17,16,17" rate="2045.99,2164.52,2114.56,2250.76" sx="F,M,M,M"/><TAIKYOKU oya="0"/><INIT seed="0,0,0,3,4,50" ten="250,250,250,250" oya="0" hai0="57,90,95,78,103,20,52,48,94,35,117,87,127" hai1="56,32,74,118,101,114,1,29,65,10,41,122,81" hai2="133,62,79,66,132,0,4,130,47,16,53,77,55" hai3="96,80,63,34,120,49,105,26,116,71,64,110,125"/><T69/><D117/><U60/><E118/><V102/><F102/><W24/><G116/><T54/><D35/><U38/><E122/><V51/><F130/><W82/><G120/><T126/><D69/><U30/><E101/><V121/><F121/><W61/><G110/><T111/><D111/><U42/><E42/><V44/><F4/><W67/><G125/><N who="0" m="47627" /><D78/><N who="1" m="44247" /><E32/><V40/><F0/><W3/><G3/><T84/><D20/><U86/><E86/><V6/><F6/><W28/><G24/><T112/><D112/><U107/><E107/><V11/><F66/><W39/><G39/><T89/><D103/><U83/><E83/><V128/><F128/><W106/><G49/><T73/><D73/><U45/><E114/><V22/><F11/><W88/><G106/><T9/><D9/><U119/><E119/><V108/><F108/><W100/><G88/><N who="0" m="33899" /><D54/><N who="2" m="20490" /><F44/><W104/><G105/><T129/><D129/><U12/><E45/><V72/><F72/><W123/><G123/><T19/><D19/><U27/><E38/><V46/><F46/><W36/><G36/><T85/><AGARI ba="0,0" hai="48,52,57,84,85,87,94,95" m="33899,47627" machi="85" ten="40,12000,1" yaku="18,1,52,1,54,2" doraHai="50" who="0" fromWho="0" sc="250,120,250,-40,250,-40,250,-40" /><INIT seed="0,1,0,3,1,33" ten="370,210,210,210" oya="0" hai0="2,58,95,84,94,96,29,121,20,27,47,122,120" hai1="56,127,23,115,54,67,104,128,79,1,26,17,13" hai2="92,77,81,46,66,15,93,8,111,82,18,100,28" hai3="116,42,49,103,130,91,69,90,74,37,86,16,25"/><T43/><D2/><U30/><E104/><V117/><F111/><W39/><G116/><T88/><D58/><U106/><E106/><V44/><F117/><W68/><G74/><T41/><REACH who="0" step="1"/><D47/><REACH who="0" ten="360,210,210,210" step="2"/><U64/><E1/><V10/><F46/><W125/><G69/><T12/><D12/><U5/><E13/><V126/><F44/><W118/><G68/><T72/><D72/><U85/><E56/><V53/><F15/><W50/><G103/><AGARI ba="1,1" hai="20,27,29,41,43,84,88,94,95,96,103,120,121,122" machi="103" ten="40,3900,0" yaku="1,1,54,1,53,0" doraHai="33" doraHaiUra="112" who="0" fromWho="3" sc="360,52,210,0,210,0,210,-42" /><INIT seed="0,2,0,3,2,80" ten="412,210,210,168" oya="0" hai0="93,127,10,135,74,3,36,19,0,115,63,60,1" hai1="41,123,110,50,17,33,102,122,112,69,89,24,72" hai2="20,76,104,26,18,96,54,34,39,14,25,101,7" hai3="82,47,91,84,92,105,114,119,95,48,90,79,131"/><T98/><D115/><U94/><E69/><V5/><F39/><W27/><G114/><T44/><D74/><U103/><E72/><V75/><F54/><W53/><G119/><T21/><D135/><U113/><E50/><V129/><F129/><W70/><G131/><T2/><D127/><U13/><E41/><V12/><F75/><W52/><G70/><T62/><N who="0" m="0" /><DORA hai="37" /><T56/><D10/><N who="1" m="6327" /><E24/><V4/><REACH who="2" step="1"/><F76/><REACH who="2" ten="412,210,200,168" step="2"/><W32/><G105/><T125/><D36/><U46/><E113/><V11/><F11/><W99/><G32/><T120/><D120/><U73/><E112/><V38/><F38/><W106/><G106/><T132/><D132/><U22/><E73/><V59/><F59/><W121/><G121/><T6/><D125/><U87/><E123/><V57/><F57/><W81/><G27/><T45/><D56/><U65/><E122/><V68/><F68/><W30/><G30/><AGARI ba="2,1" hai="4,5,7,12,14,18,20,25,26,30,34,96,101,104" machi="30" ten="40,1300,0" yaku="1,1,53,0" doraHai="80,37" doraHaiUra="43,88" who="2" fromWho="3" sc="412,0,210,0,200,29,168,-19" /><INIT seed="1,0,0,3,4,134" ten="412,210,229,149" oya="1" hai0="122,74,50,47,11,96,9,21,20,132,72,131,44" hai1="70,58,14,45,77,29,120,33,91,6,43,109,94" hai2="124,86,107,5,18,97,125,30,113,40,115,82,10" hai3="73,90,59,53,71,83,55,23,128,75,8,84,68"/><U111/><E70/><V118/><F118/><W67/><G128/><T110/><D132/><U130/><E77/><V36/><F30/><W1/><G71/><T117/><D131/><U65/><E120/><V133/><F133/><W17/><G68/><T42/><D117/><U27/><E130/><V99/><F18/><W92/><G67/><T114/><D114/><N who="2" m="43530" /><F40/><W89/><G1/><T81/><D110/><N who="1" m="41995" /><E6/><V62/><F62/><W93/><G8/><T64/><D122/><U51/><E14/><N who="2" m="5455" /><F36/><W123/><G123/><T48/><D64/><U56/><E65/><V15/><F15/><W35/><G35/><T129/><D129/><U34/><E34/><V39/><F39/><W88/><G75/><T37/><D37/><U41/><E41/><V3/><F3/><W80/><G73/><T13/><D96/><AGARI ba="0,0" hai="27,29,33,43,45,51,56,58,91,94,96" m="41995" machi="96" ten="30,2900,0" yaku="14,1,10,1" doraHai="134" who="1" fromWho="0" sc="412,-29,210,29,229,0,149,0" /><INIT seed="1,1,0,2,3,35" ten="383,239,229,149" oya="1" hai0="119,88,19,134,97,62,11,115,38,127,86,53,92" hai1="80,5,4,57,30,100,123,79,13,0,84,65,110" hai2="16,133,131,20,93,43,121,40,101,107,130,3,135" hai3="44,47,113,59,70,61,66,36,28,91,116,104,68"/><U45/><E123/><V10/><F107/><W124/><G104/><T64/><D115/><U26/><E0/><V122/><F93/><W78/><G78/><T87/><D119/><U81/><E110/><V1/><F101/><W111/><G28/><T103/><D38/><U9/><E100/><V67/><F67/><W6/><G6/><T125/><D53/><U83/><E4/><N who="2" m="1295" /><F3/><W39/><G91/><T50/><D50/><U117/><E117/><V7/><F7/><W8/><G8/><T46/><D46/><N who="3" m="17449" /><G116/><T82/><D134/><N who="2" m="51210" /><F43/><W48/><G113/><T21/><D11/><U98/><E45/><V77/><F40/><W114/><G114/><T76/><D87/><U118/><E118/><V69/><F69/><N who="3" m="42191" /><G111/><T126/><D103/><U55/><E98/><V29/><F29/><W75/><G75/><T37/><D37/><N who="3" m="14409" /><G124/><T27/><REACH who="0" step="1"/><D127/><REACH who="0" ten="373,239,229,149" step="2"/><U14/><E84/><V2/><F121/><W54/><AGARI ba="1,1" hai="48,54,59,68,70" m="14409,42191,17449" machi="54" ten="30,8000,1" yaku="35,5" doraHai="35" who="3" fromWho="3" sc="373,-21,239,-41,229,-21,149,93" /><INIT seed="2,0,0,1,1,93" ten="352,198,208,242" oya="2" hai0="123,91,67,65,70,40,0,61,59,78,44,48,120" hai1="58,50,71,126,10,81,8,23,111,39,112,130,26" hai2="121,15,119,12,90,118,106,34,56,124,84,24,105" hai3="28,116,22,110,60,62,109,63,113,6,33,117,135"/><V21/><F121/><N who="0" m="46666" /><D78/><U7/><E71/><V131/><F34/><W54/><G33/><T5/><D91/><U31/><E39/><V76/><F76/><W104/><G104/><T14/><D14/><U38/><E38/><V132/><F124/><W83/><G6/><T41/><D5/><U43/><E126/><V64/><F132/><W13/><G83/><T18/><D18/><U95/><E112/><V125/><F131/><W72/><G72/><T89/><D89/><U57/><E111/><N who="3" m="42506" /><G13/><T80/><D80/><U30/><E130/><V122/><F125/><W127/><G127/><T103/><D103/><U37/><E37/><V134/><F134/><W45/><G135/><T79/><D79/><U16/><E81/><V69/><F122/><W2/><G2/><T52/><D0/><U25/><E95/><N who="2" m="54727" /><F12/><W32/><G32/><T36/><D41/><U51/><E43/><V4/><F105/><W20/><G113/><T86/><D86/><U29/><E26/><V11/><F106/><W85/><G85/><T107/><D107/><U102/><E102/><V27/><F27/><N who="3" m="16487" /><G22/><T96/><D96/><U129/><E129/><V66/><F21/><W19/><G19/><T47/><D67/><U74/><E74/><V94/><F24/><W46/><G54/><T17/><D17/><U55/><E7/><V87/><F87/><W49/><G117/><T73/><D73/><U133/><E133/><V108/><F108/><W1/><G1/><T75/><D75/><U98/><E98/><V68/><F94/><W82/><G82/><T42/><D42/><U88/><E88/><RYUUKYOKU ba="0,0" sc="352,15,198,15,208,-15,242,-15" hai0="36,40,44,47,48,52,59,61,65,70" hai1="8,10,16,23,25,29,30,31,50,51,55,57,58" /><INIT seed="3,1,0,1,3,76" ten="367,213,193,227" oya="3" hai0="5,8,95,49,30,22,89,84,52,87,32,94,83" hai1="77,61,118,97,46,69,101,111,134,73,90,1,16" hai2="68,120,65,93,24,18,9,132,130,74,85,28,91" hai3="126,2,63,48,78,0,67,60,133,38,114,31,107"/><W19/><G38/><T103/><D32/><U27/><E1/><V15/><F74/><W88/><G114/><T116/><D116/><U64/><E90/><V43/><F132/><W125/><G133/><T55/><D30/><U66/><E134/><V79/><F130/><W106/><G78/><T92/><D22/><N who="1" m="13767" /><E69/><V62/><F79/><W104/><G31/><T56/><D103/><U20/><E73/><V70/><F120/><W82/><G48/><N who="0" m="30727" /><D8/><U17/><E101/><V7/><F43/><W45/><G45/><N who="0" m="28079" /><D5/><U35/><E35/><V105/><F105/><W86/><G19/><T109/><D109/><U39/><E17/><V33/><REACH who="2" step="1"/><F7/><REACH who="2" ten="367,213,183,227" step="2"/><W127/><REACH who="3" step="1"/><G60/><REACH who="3" ten="367,213,183,217" step="2"/><T37/><D37/><U115/><E61/><V12/><F12/><W14/><G14/><T44/><D44/><U47/><E46/><V58/><AGARI ba="1,2" hai="9,15,18,24,28,33,58,62,65,68,70,85,91,93" machi="58" ten="20,2700,0" yaku="1,1,0,1,7,1,53,0" doraHai="76" doraHaiUra="124" who="2" fromWho="2" sc="367,-8,213,-8,183,50,217,-14" owari="359,45.9,205,-19.5,233,3.3,203,-29.7" /></mjloggm>