<mjloggm ver="2.3"><GO type="225" lobby="0"/><UN n0="%72%61%6B%33" n1="%E8%90%BD%E6%97%A5" n2="%E3%81%BF%E3%81%BF%E3%81%9A" n3="%48%61%61%61%6C%61%6E%64" dan="16,17,17,18" rate="2095.83,2214.83,2309.67,2226.70" sx="M,F,M,M"/><TAIKYOKU oya="0"/><INIT seed="0,0,0,0,5,105" ten="250,250,250,250" oya="0" hai0="96,43,38,27,74,7,104,10,84,32,35,127,48" hai1="47,28,88,113,16,44,13,109,72,97,106,17,46" hai2="29,107,86,81,118,130,63,132,30,92,73,66,60" hai3="15,57,61,83,54,124,67,69,125,20,8,39,116"/><T23/><D127/><N who="3" m="48713" /><G39/><T111/><D111/><U19/><E109/><V71/><F107/><W135/><G135/><T115/><D115/><U126/><E113/><V42/><F132/><W55/><G116/><T45/><D84/><U2/><E2/><V114/><F114/><W6/><G69/><T18/><D48/><U0/><E0/><V120/><F120/><W98/><G98/><T31/><D18/><U102/><E126/><V70/><F118/><W4/><G4/><T128/><D128/><U87/><E28/><V110/><F110/><W99/><G99/><T22/><D22/><U82/><REACH who="1" step="1"/><E72/><REACH who="1" ten="250,240,250,250" step="2"/><V21/><F73/><W5/><G5/><T25/><D74/><U95/><E95/><V12/><F30/><W90/><G20/><AGARI ba="0,1" hai="13,16,17,19,20,44,46,47,82,87,88,97,102,106" machi="20" ten="40,5200,0" yaku="1,1,54,2,53,0" doraHai="105" doraHaiUra="50" who="1" fromWho="3" sc="250,0,240,62,250,0,250,-52" /><INIT seed="1,0,0,5,0,96" ten="250,302,250,198" oya="1" hai0="63,59,125,99,23,32,88,21,105,121,25,47,29" hai1="17,111,6,134,57,64,117,72,120,14,75,133,84" hai2="45,46,39,89,98,82,41,51,20,104,55,28,60" hai3="1,129,119,48,128,62,49,124,4,78,85,43,77"/><U106/><E117/><V69/><F104/><W24/><G119/><T93/><D125/><U54/><E120/><V68/><F82/><W40/><G124/><T33/><D121/><U13/><E64/><V8/><F8/><N who="3" m="2063" /><G62/><T118/><D118/><U5/><E106/><V135/><F135/><N who="1" m="51721" /><E84/><V107/><F60/><W116/><G116/><T97/><D47/><U44/><E44/><V102/><REACH who="2" step="1"/><F89/><REACH who="2" ten="250,302,240,198" step="2"/><W132/><G132/><T81/><D81/><U79/><E111/><V94/><F94/><W70/><G129/><T36/><D36/><U76/><E76/><V109/><F109/><W26/><G77/><T95/><D105/><U37/><E79/><V126/><F126/><W0/><G78/><T127/><D127/><U122/><E37/><V35/><F35/><W67/><G128/><T73/><D32/><U30/><E122/><V71/><F71/><W15/><G70/><T112/><D73/><U42/><E75/><V52/><F52/><W9/><G9/><T61/><D61/><U92/><E92/><V101/><F101/><W66/><G66/><T108/><D108/><U31/><E72/><V91/><F91/><W110/><G67/><T22/><D33/><U34/><E34/><V56/><F56/><W19/><G110/><T7/><D95/><U50/><E57/><V2/><F2/><W131/><G0/><T58/><D58/><U87/><E54/><V16/><F16/><W53/><G19/><T83/><D83/><U65/><E65/><V80/><F80/><W130/><G131/><T103/><D93/><U12/><E17/><V74/><F74/><RYUUKYOKU ba="0,1" sc="250,-10,302,-10,240,30,198,-10" hai2="20,28,39,41,45,46,51,55,68,69,98,102,107" /><INIT seed="2,1,1,5,3,127" ten="240,292,270,188" oya="2" hai0="71,84,73,7,17,54,126,35,78,89,9,122,81" hai1="108,29,55,129,27,10,92,56,11,115,87,61,98" hai2="66,46,31,48,82,79,59,88,37,40,75,43,24" hai3="104,45,105,16,131,85,23,1,8,53,117,64,128"/><V109/><F109/><W26/><G117/><T20/><D126/><U72/><E72/><V47/><F66/><W96/><G64/><T133/><D133/><U3/><E115/><V77/><F59/><W132/><G132/><T111/><D111/><U99/><E108/><V86/><REACH who="2" step="1"/><F75/><REACH who="2" ten="240,292,260,188" step="2"/><W90/><G45/><T12/><D71/><U93/><E56/><V101/><F101/><W114/><G114/><T4/><D73/><U18/><E61/><V58/><F58/><W125/><G125/><T112/><D112/><U38/><E55/><V41/><F41/><W116/><G53/><T25/><D54/><U33/><E38/><V70/><F70/><W113/><G113/><T51/><D51/><U0/><E0/><V123/><F123/><W49/><G49/><T67/><D122/><U83/><E3/><V19/><F19/><W5/><G116/><T106/><D17/><U95/><E18/><V121/><F121/><W52/><G52/><T103/><D67/><U74/><E74/><V50/><F50/><W91/><G91/><T119/><D103/><U14/><E29/><V97/><F97/><W44/><G44/><T62/><D62/><U80/><E99/><V34/><AGARI ba="1,2" hai="24,31,34,37,40,43,46,47,48,77,79,82,86,88" machi="34" ten="20,12000,1" yaku="1,1,0,1,7,1,54,1,53,1" doraHai="127" doraHaiUra="30" who="2" fromWho="2" sc="240,-41,292,-41,260,143,188,-41" /><INIT seed="2,2,0,2,4,50" ten="199,251,403,147" oya="2" hai0="82,24,66,67,48,132,40,0,58,4,87,69,85" hai1="112,72,127,122,79,63,84,68,28,89,7,70,22" hai2="134,33,104,106,88,111,101,59,47,100,109,31,60" hai3="27,30,6,38,98,16,73,9,8,45,20,19,80"/><V116/><F116/><W41/><G98/><T14/><D69/><U54/><E112/><V110/><F134/><W34/><G34/><T78/><D132/><U129/><E127/><V37/><F37/><W107/><G107/><N who="2" m="41001" /><F47/><W81/><G9/><N who="0" m="4391" /><D0/><U133/><E129/><V35/><F31/><W83/><REACH who="3" step="1"/><G73/><REACH who="3" ten="199,251,403,137" step="2"/><T118/><D118/><U53/><E72/><V108/><F110/><W52/><G52/><N who="0" m="32007" /><D40/><U76/><E133/><V39/><F33/><W10/><G10/><T120/><D120/><U99/><E122/><V51/><F35/><W95/><G95/><T86/><D24/><U102/><E54/><V103/><F109/><W5/><G5/><T43/><D43/><U121/><E7/><V93/><F111/><W114/><G114/><T94/><D94/><U26/><E121/><V62/><F108/><W65/><G65/><AGARI ba="2,1" hai="65,66,67,78,82,85,86,87" m="32007,4391" machi="65" ten="30,3900,0" yaku="8,1,52,1,54,1" doraHai="50" who="0" fromWho="3" sc="199,55,251,0,403,0,137,-45" /><INIT seed="3,0,0,0,1,76" ten="254,251,403,92" oya="3" hai0="13,26,81,50,14,61,67,119,54,57,60,65,98" hai1="111,134,25,40,45,5,131,21,90,32,10,0,55" hai2="38,129,83,123,77,112,30,56,74,108,97,109,116" hai3="125,46,92,15,94,44,22,118,93,29,133,89,117"/><W3/><G3/><T34/><D119/><U51/><E111/><N who="2" m="42571" /><F112/><W120/><G120/><T72/><D98/><U16/><E131/><V20/><F116/><W2/><G2/><T1/><D1/><U102/><E134/><V91/><F123/><W100/><G133/><T126/><D126/><U64/><E64/><V88/><F129/><W4/><G125/><T49/><D72/><U24/><E102/><V70/><F70/><W115/><G115/><T99/><D99/><U9/><E9/><V82/><F38/><W53/><G117/><T43/><D81/><U33/><E25/><N who="2" m="16679" /><F82/><W66/><G118/><T12/><D26/><U135/><E135/><V86/><F97/><N who="3" m="59431" /><G66/><N who="0" m="25099" /><D34/><U7/><E7/><V52/><F74/><W101/><G101/><T68/><D68/><U84/><E40/><V18/><F18/><W80/><G29/><T31/><D31/><U132/><E132/><V6/><F6/><W39/><G39/><T59/><D43/><U41/><E41/><V63/><AGARI ba="0,0" hai="52,56,63,77,83,86,88,91" m="16679,42571" machi="63" ten="30,7900,0" yaku="14,1,52,1,54,2" doraHai="76" who="2" fromWho="2" sc="254,-20,251,-20,403,79,92,-39" owari="234,3.4,231,-16.9,482,58.2,53,-44.7" /></mjloggm>