<mjloggm ver="2.3"><GO type="225" lobby="0"/><UN n0="%72%69%6F%75%63%68%61%6E" n1="%E6%97%A5%E6%9B%9C%E6%97%A5%E3%82%88%E3%82%8A%E3%81%AE%E4%BD%BF%E8%80%85" n2="%E5%A4%9C%E3%81%AE%E3%82%AC%E3%82%B9%E3%83%91%E3%83%BC%E3%83%AB" n3="%E3%82%B3%E3%83%90%E3%83%AC%E3%82%A4" dan="16,16,16,16" rate="2144.01,2124.14,2129.59,2126.17" sx="M,M,M,M"/><TAIKYOKU oya="0"/><INIT seed="0,0,0,5,3,94" ten="250,250,250,250" oya="0" hai0="8,79,93,120,17,48,114,24,87,110,77,16,107" hai1="15,82,2,33,36,111,129,32,43,85,22,39,109" hai2="128,68,51,90,58,35,62,99,135,53,29,121,47" hai3="73,30,56,49,50,70,130,4,72,84,89,117,67"/><T38/><D114/><U126/><E2/><V10/><F121/><W40/><G130/><T42/><D120/><U7/><E126/><V3/><F128/><W132/><G70/><T98/><D38/><N who="1" m="14379" /><E43/><V105/><F135/><W61/><G132/><T27/><D110/><N who="1" m="41995" /><E129/><V101/><F90/><W119/><G73/><T124/><D124/><U0/><E0/><V125/><F125/><W25/><G72/><T88/><D107/><U96/><E96/><V26/><F10/><W37/><G4/><T64/><D64/><U118/><E118/><V123/><F3/><W13/><G37/><T46/><D77/><N who="1" m="46287" /><E22/><V74/><F123/><W65/><G67/><T54/><D42/><U1/><E1/><V78/><F78/><W106/><G106/><T113/><D113/><U133/><E133/><V122/><F122/><W63/><G40/><T102/><D79/><U14/><E7/><V21/><F21/><N who="3" m="15663" /><G119/><T19/><REACH who="0" step="1"/><D8/><REACH who="0" ten="240,250,250,250" step="2"/><U104/><E104/><V44/><F74/><W76/><G76/><T108/><D108/><U18/><E18/><V127/><F127/><W66/><G117/><T116/><D116/><U115/><E115/><V23/><F23/><W134/><G134/><T45/><D45/><U60/><E60/><N who="3" m="23114" /><G66/><AGARI ba="0,1" hai="26,29,35,44,47,51,53,58,62,66,68,99,101,105" machi="66" ten="40,5200,0" yaku="25,2,52,1" doraHai="94" who="2" fromWho="3" sc="240,0,250,0,250,62,250,-52" /><INIT seed="1,0,0,4,3,99" ten="240,250,312,198" oya="1" hai0="46,65,80,132,2,44,69,117,107,5,71,108,45" hai1="8,59,0,24,82,87,120,130,122,73,58,18,84" hai2="37,134,133,7,39,96,125,49,68,31,3,61,42" hai3="100,110,43,114,66,93,22,15,64,55,81,94,85"/><U91/><E130/><V54/><F125/><W51/><G114/><T79/><D117/><U10/><E73/><V74/><F74/><W25/><G43/><T28/><D108/><U48/><E0/><V123/><F123/><W88/><G15/><T12/><D132/><U36/><E36/><V116/><F116/><W47/><G110/><T70/><D2/><U118/><E118/><V13/><F3/><W50/><G51/><T35/><D107/><U6/><E6/><V23/><F42/><W9/><G9/><N who="1" m="3690" /><E122/><V119/><F7/><W1/><G1/><T89/><D12/><U129/><E129/><V95/><F119/><W98/><REACH who="3" step="1"/><G81/><REACH who="3" ten="240,250,312,188" step="2"/><T115/><D115/><U57/><E120/><V128/><F13/><W41/><G41/><T106/><D5/><U86/><E48/><V126/><F128/><W76/><G76/><T27/><D79/><U14/><E24/><N who="2" m="16799" /><F39/><W60/><G60/><T67/><REACH who="0" step="1"/><D106/><REACH who="0" ten="230,250,312,188" step="2"/><U20/><AGARI ba="0,2" hai="14,18,20,57,58,59,82,84,86,87,91" m="3690" machi="20" ten="30,1500,0" yaku="8,1" doraHai="99" who="1" fromWho="1" sc="230,-5,250,35,312,-5,188,-5" /><INIT seed="1,1,0,0,5,54" ten="225,285,307,183" oya="1" hai0="62,43,8,38,7,80,9,61,124,32,108,26,117" hai1="19,12,109,105,49,132,90,87,20,5,89,16,125" hai2="2,52,31,39,45,81,71,40,88,114,42,115,110" hai3="13,79,135,92,76,97,21,65,98,113,27,64,121"/><U91/><E105/><V55/><F2/><W111/><G121/><T50/><D117/><U36/><E36/><V0/><F0/><W30/><G113/><N who="2" m="43017" /><F110/><W86/><G111/><T58/><D108/><U122/><E122/><V77/><F71/><W126/><G126/><T68/><D124/><U85/><E125/><V41/><F31/><W94/><G135/><T104/><D104/><U74/><E74/><N who="2" m="43191" /><F88/><N who="1" m="33897" /><E109/><V133/><F133/><W120/><G120/><T59/><D38/><U107/><E107/><V56/><F55/><W66/><G13/><T134/><D134/><U95/><E132/><V83/><F83/><W22/><G66/><N who="0" m="39223" /><D68/><U123/><E123/><V11/><F11/><W103/><G22/><T78/><D32/><U130/><E130/><V128/><F128/><W129/><G129/><T46/><D7/><U82/><E49/><AGARI ba="1,0" hai="39,40,41,42,45,49,52,56" m="43191,43017" machi="49" ten="30,3900,0" yaku="11,1,52,1,54,1" doraHai="54" who="2" fromWho="1" sc="225,0,285,-42,307,42,183,0" /><INIT seed="2,0,0,3,1,127" ten="225,243,349,183" oya="2" hai0="85,20,123,133,74,64,53,18,62,48,42,47,82" hai1="89,3,54,98,15,135,124,24,100,94,120,5,37" hai2="118,99,109,50,106,22,26,134,81,101,75,105,55" hai3="92,93,9,7,96,73,51,122,34,29,1,36,67"/><V41/><F118/><W76/><G36/><T35/><D133/><U72/><E37/><V126/><F126/><W131/><G122/><T28/><D123/><U117/><E72/><V65/><F134/><W61/><G93/><T6/><D74/><U40/><E3/><V66/><F41/><W10/><G10/><T87/><D6/><U115/><E115/><V8/><F109/><W71/><G51/><T132/><D132/><U83/><E117/><V113/><F113/><W69/><G71/><T17/><D35/><U95/><E135/><V130/><F130/><W88/><G29/><T39/><D28/><U108/><E108/><V14/><F105/><W46/><G46/><T59/><D20/><U107/><E40/><V97/><F97/><W25/><G25/><T56/><REACH who="0" step="1"/><D87/><REACH who="0" ten="215,243,349,183" step="2"/><U114/><E5/><V111/><F22/><W38/><G34/><T45/><D45/><U119/><E120/><V121/><F121/><W43/><G38/><T49/><D49/><U16/><E124/><V32/><F50/><W57/><G43/><T31/><D31/><U80/><E119/><V110/><F75/><W91/><G131/><T58/><D58/><U23/><E114/><V125/><F125/><W104/><G57/><T78/><AGARI ba="0,1" hai="17,18,39,42,47,48,53,56,59,62,64,78,82,85" machi="78" ten="20,2700,0" yaku="1,1,0,1,7,1,53,0" doraHai="127" doraHaiUra="4" who="0" fromWho="0" sc="215,37,243,-7,349,-13,183,-7" /><INIT seed="3,0,0,5,4,11" ten="252,236,336,176" oya="3" hai0="59,58,36,90,129,13,1,34,56,2,91,42,25" hai1="38,135,75,121,126,110,12,52,86,115,114,123,20" hai2="130,79,40,44,55,71,128,37,98,118,45,61,0" hai3="3,21,14,97,76,67,7,57,134,81,119,72,127"/><W105/><G119/><T99/><D129/><N who="2" m="49770" /><F118/><W113/><G134/><T77/><D77/><U95/><E75/><V49/><F0/><W107/><G127/><T65/><D65/><U27/><E38/><V106/><F79/><W26/><G3/><T94/><D42/><U125/><E95/><V10/><F10/><W51/><G113/><T120/><D36/><U103/><E27/><V46/><F46/><W88/><G67/><T54/><D120/><U48/><E48/><V32/><F32/><W70/><G70/><T9/><D54/><U85/><E52/><V101/><F61/><W73/><G72/><T100/><D1/><U68/><E103/><V133/><F71/><W78/><G76/><T109/><D109/><U43/><E86/><V18/><F18/><W17/><G51/><T23/><D34/><U19/><E85/><V60/><F60/><W111/><G57/><T122/><D2/><U28/><E28/><V24/><F24/><W4/><G111/><T29/><REACH who="0" step="1"/><D122/><REACH who="0" ten="242,236,336,176" step="2"/><U50/><E110/><V62/><F55/><W33/><G33/><T8/><D8/><U117/><E123/><V69/><F37/><W108/><G108/><T5/><AGARI ba="0,1" hai="5,9,13,23,25,29,56,58,59,90,91,94,99,100" machi="5" ten="30,7900,0" yaku="1,1,0,1,8,1,52,1,53,0" doraHai="11" doraHaiUra="132" who="0" fromWho="0" sc="242,89,236,-20,336,-20,176,-39" owari="331,43.1,216,-18.4,316,11.6,137,-36.3" /></mjloggm>