<mjloggm ver="2.3"><GO type="225" lobby="0"/><UN n0="%E3%81%95%E3%81%8D%E3%81%9F%E3%81%BE%E6%9E%97%E6%AA%8E" n1="%E3%81%A1%E3%82%85%E3%81%86%E3%81%A9%E3%81%8F%E8%B1%A1%E3%81%95%E3%82%93" n2="%E4%BF%BA%E3%81%A8%E5%A6%96%E5%A4%A2" n3="%E6%A0%B9%E5%85%83%E3%81%8B%E3%82%89%E5%90%B9%E3%81%A3%E9%A3%9B%E3%81%B6" dan="16,17,17,16" rate="2056.14,2178.61,2209.64,2169.59" sx="M,M,F,F"/><TAIKYOKU oya="0"/><INIT seed="0,0,0,2,0,73" ten="250,250,250,250" oya="0" hai0="40,57,47,12,94,6,46,129,80,84,45,97,39" hai1="16,19,60,78,21,0,31,133,128,113,135,122,49" hai2="9,102,83,3,117,100,95,88,59,52,101,38,8" hai3="75,1,25,79,81,124,114,61,125,58,104,24,82"/><T68/><D129/><U71/><E122/><V99/><F117/><W109/><G114/><T70/><D68/><U54/><E0/><V132/><F38/><W76/><G1/><T112/><D70/><U77/><E128/><V18/><F132/><N who="1" m="50761" /><E113/><V115/><F115/><W65/><G104/><T111/><D112/><U4/><E4/><V32/><F32/><W2/><G2/><T90/><D111/><U131/><E131/><V120/><F120/><W17/><G109/><T91/><REACH who="0" step="1"/><D57/><REACH who="0" ten="240,250,250,250" step="2"/><N who="1" m="32975" /><E71/><V64/><F3/><W23/><REACH who="3" step="1"/><G25/><REACH who="3" ten="240,250,250,240" step="2"/><T14/><D14/><U98/><E31/><V20/><F64/><W35/><G35/><T85/><D85/><AGARI ba="0,2" hai="17,23,24,58,61,65,75,76,79,81,82,85,124,125" machi="85" ten="40,5200,0" yaku="1,1,52,2,53,0" doraHai="73" doraHaiUra="86" who="3" fromWho="0" sc="240,-52,250,0,250,0,240,72" /><INIT seed="1,0,0,5,2,130" ten="188,250,250,312" oya="1" hai0="59,8,62,119,45,52,109,60,14,67,0,101,131" hai1="111,126,135,114,43,19,16,55,71,124,125,64,115" hai2="42,78,48,106,36,128,24,35,29,50,15,13,122" hai3="6,108,134,120,133,20,58,10,54,112,9,81,87"/><U117/><E117/><V99/><F128/><W85/><G120/><T90/><D131/><U18/><E43/><V38/><F122/><W103/><G103/><T100/><D109/><U11/><E111/><V28/><F78/><W61/><G112/><N who="1" m="43050" /><E55/><V118/><F118/><W63/><G108/><T32/><D32/><U44/><E44/><V82/><F82/><W83/><G20/><T4/><D119/><U97/><E97/><V77/><F77/><W113/><G113/><T23/><D90/><U5/><E64/><V79/><F79/><W17/><G17/><T110/><D110/><U39/><E39/><V95/><F106/><W123/><G123/><T116/><D116/><U102/><E102/><V73/><F73/><W72/><G72/><T88/><D0/><N who="1" m="423" /><E71/><V76/><F76/><W132/><G61/><T129/><D129/><U7/><E7/><V1/><F1/><N who="3" m="207" /><G10/><T98/><D45/><U33/><E33/><V53/><F48/><W49/><G85/><T91/><D91/><U12/><E135/><V65/><F65/><N who="3" m="39159" /><G87/><T27/><D62/><U69/><E69/><V89/><F99/><W96/><G96/><T51/><D51/><U66/><E66/><V46/><F36/><W25/><G54/><T74/><D74/><U121/><E121/><V104/><F53/><W41/><G49/><T3/><D67/><U80/><E80/><N who="3" m="30794" /><G41/><T47/><D47/><U84/><E84/><N who="2" m="52647" /><F50/><W93/><G93/><N who="0" m="56615" /><D3/><U86/><E86/><V56/><F56/><W70/><G70/><T57/><D57/><U94/><E94/><V92/><F92/><W105/><G105/><RYUUKYOKU ba="0,0" sc="188,10,250,10,250,-30,312,10" hai0="4,8,14,23,27,52,59,60,100,101" hai1="12,16,18,19,124,125,126" hai3="25,132,133,134" /><INIT seed="1,1,0,0,0,88" ten="198,260,220,322" oya="1" hai0="119,129,72,116,6,113,91,27,70,68,57,67,25" hai1="4,75,134,5,35,118,108,45,48,22,89,85,9" hai2="42,87,53,132,83,126,95,38,21,50,63,80,73" hai3="54,30,56,10,66,107,92,114,76,69,110,31,125"/><U2/><E118/><V100/><F126/><W0/><G114/><T17/><D113/><U19/><E35/><V20/><F132/><W121/><G121/><T1/><D72/><U109/><E134/><V105/><F105/><W44/><G125/><T33/><D33/><U131/><E75/><V11/><F73/><W133/><G107/><T74/><D74/><U29/><E29/><V46/><F11/><W71/><G76/><T122/><D122/><U65/><E65/><V115/><F115/><W124/><G124/><T120/><D120/><U49/><E131/><V97/><F63/><N who="3" m="38247" /><G0/><T117/><D129/><U39/><E4/><V98/><F98/><W90/><G10/><T32/><D1/><U24/><E39/><V58/><REACH who="2" step="1"/><F80/><REACH who="2" ten="198,260,210,322" step="2"/><W64/><G133/><T104/><D104/><U84/><E84/><V7/><F7/><W16/><G71/><T77/><D70/><U103/><E103/><V41/><F41/><W15/><G69/><T13/><D68/><U79/><E5/><V43/><F43/><W40/><G40/><T81/><D116/><U60/><E9/><V112/><F112/><W14/><G64/><T18/><D117/><U47/><E60/><V55/><F55/><W52/><G54/><T36/><D119/><U28/><E2/><V61/><F61/><W62/><G62/><T37/><D36/><U23/><E49/><V123/><F123/><W26/><G52/><T106/><D37/><U135/><E48/><V111/><F111/><W99/><G99/><T8/><D106/><U94/><E135/><V12/><F12/><W101/><G15/><RYUUKYOKU type="nm" ba="1,1" sc="198,80,260,-40,210,-20,322,-20" hai2="20,21,38,42,46,50,53,58,83,87,95,97,100" /><INIT seed="2,2,1,2,2,93" ten="278,220,190,302" oya="2" hai0="27,90,41,26,86,74,32,28,114,134,40,31,118" hai1="64,1,77,119,47,81,25,16,97,92,127,46,56" hai2="122,8,4,128,58,117,38,120,49,3,102,48,85" hai3="105,109,125,35,30,13,101,98,69,22,71,51,89"/><V78/><F117/><W7/><G109/><T12/><D134/><U132/><E1/><V104/><F38/><W52/><G125/><T63/><D74/><U88/><E132/><V103/><F128/><W70/><G89/><T2/><D114/><U55/><E64/><V17/><F48/><W53/><G35/><T44/><D118/><U115/><E115/><V5/><F5/><W15/><G7/><T23/><D2/><U43/><E127/><V108/><F108/><W68/><N who="3" m="17408" /><DORA hai="130" /><W116/><G116/><T6/><D6/><U62/><E43/><V131/><F131/><W94/><G53/><T135/><D135/><U11/><E119/><V14/><F49/><W21/><G94/><T61/><D12/><U24/><E24/><V39/><F58/><W18/><G30/><T121/><D121/><U123/><E123/><V20/><F39/><W59/><G13/><T45/><D41/><U66/><E66/><V100/><REACH who="2" step="1"/><F104/><REACH who="2" ten="278,220,180,302" step="2"/><W87/><G51/><T42/><D45/><U65/><E65/><V75/><F75/><W33/><G59/><T67/><D44/><U107/><E107/><V112/><F112/><W129/><G105/><T36/><D36/><U106/><E106/><V124/><F124/><W82/><G129/><T29/><D63/><U84/><E11/><V60/><F60/><W50/><G50/><T110/><D61/><U99/><E99/><V126/><F126/><W0/><G98/><T34/><D110/><U111/><REACH who="1" step="1"/><E111/><REACH who="1" ten="278,210,180,302" step="2"/><V113/><F113/><W37/><G37/><T133/><D133/><U9/><E9/><V73/><F73/><RYUUKYOKU ba="2,3" sc="278,-15,210,15,180,15,302,-15" hai1="16,25,46,47,55,56,62,77,81,84,88,92,97" hai2="3,4,8,14,17,20,78,85,100,102,103,120,122" /><INIT seed="2,3,3,5,3,66" ten="263,225,195,287" oya="2" hai0="23,54,86,98,96,40,16,63,123,20,122,8,91" hai1="38,2,90,29,43,97,118,6,120,84,134,93,37" hai2="107,124,49,33,87,81,131,57,67,99,83,135,104" hai3="109,64,77,79,12,48,113,0,126,115,44,102,73"/><V125/><F33/><W80/><G109/><T70/><D40/><U46/><E118/><V68/><F131/><W111/><G111/><T85/><D123/><U72/><E120/><V76/><F135/><W56/><G0/><T22/><D122/><U13/><E134/><V11/><F99/><N who="0" m="37930" /><D70/><U21/><E72/><V114/><F114/><N who="3" m="43531" /><G126/><N who="2" m="48745" /><F11/><W31/><G31/><T59/><D91/><U17/><E29/><V4/><F4/><W127/><G127/><T51/><D63/><U27/><E2/><V65/><F81/><N who="3" m="45231" /><G102/><T92/><D92/><U26/><E6/><V62/><F67/><W121/><G121/><T100/><D100/><U78/><REACH who="1" step="1"/><E37/><REACH who="1" ten="263,215,195,287" step="2"/><V24/><F24/><W5/><G5/><T75/><D75/><U128/><E128/><V53/><AGARI ba="3,4" hai="49,53,57,62,65,68,76,83,87,104,107" m="48745" machi="53" ten="30,3000,0" yaku="18,1,52,1" doraHai="66" who="2" fromWho="2" sc="263,-13,215,-13,195,79,287,-13" /><INIT seed="2,4,0,5,2,11" ten="250,202,274,274" oya="2" hai0="72,131,57,15,31,59,6,53,29,4,93,9,19" hai1="27,47,25,135,69,65,87,36,90,70,106,10,67" hai2="16,32,99,55,132,21,83,62,127,130,49,76,45" hai3="23,88,2,13,123,112,134,61,33,1,34,80,26"/><V30/><F130/><W64/><G123/><T48/><D72/><U40/><E135/><V68/><F132/><W24/><G134/><T122/><D122/><U66/><E106/><V56/><F127/><W118/><G118/><T73/><D73/><U129/><E129/><V84/><F32/><W5/><G112/><T0/><D131/><U28/><E10/><V126/><F126/><W105/><G105/><T12/><D0/><N who="3" m="105" /><G80/><T102/><D6/><U44/><E44/><V7/><F7/><W120/><G88/><T117/><D117/><U95/><REACH who="1" step="1"/><E25/><REACH who="1" ten="250,192,274,274" step="2"/><V110/><F45/><W85/><G26/><T125/><D125/><U43/><E43/><V104/><F104/><W108/><G24/><T109/><D109/><U63/><E63/><V35/><F110/><W121/><G61/><T101/><D59/><U89/><E89/><V60/><F60/><W98/><G108/><T82/><D57/><U116/><E116/><V100/><F62/><W75/><G121/><T3/><D9/><U103/><E103/><V124/><F124/><W114/><G120/><T52/><D102/><U17/><E17/><V91/><F91/><W41/><G5/><T96/><D19/><U20/><AGARI ba="4,1" hai="20,27,28,36,40,47,65,66,67,69,70,87,90,95" machi="20" ten="30,2000,0" yaku="1,1,0,1,53,0" doraHai="11" doraHaiUra="107" who="1" fromWho="1" sc="250,-9,192,42,274,-14,274,-9" /><INIT seed="3,0,0,0,3,57" ten="241,234,260,265" oya="3" hai0="36,117,24,124,34,54,58,32,0,104,115,74,132" hai1="128,25,73,68,17,134,133,26,62,45,1,82,50" hai2="63,79,35,22,116,52,53,23,111,126,10,59,41" hai3="16,42,102,28,9,129,60,61,19,3,94,122,75"/><W81/><G122/><T97/><D117/><U21/><E1/><V48/><F116/><W37/><G129/><T29/><D74/><U131/><E73/><V69/><F35/><W95/><G28/><T12/><D0/><U13/><E82/><V78/><F111/><W6/><G19/><T93/><D104/><U105/><E105/><V11/><F41/><W5/><G5/><T31/><D36/><U127/><E127/><V109/><F69/><W18/><G18/><T84/><D115/><U70/><E62/><N who="3" m="24170" /><G16/><T4/><D124/><U130/><E68/><V71/><F71/><W87/><G87/><T20/><D132/><N who="1" m="50795" /><E70/><V101/><F126/><W92/><G92/><T100/><D84/><U2/><E2/><V114/><F114/><W49/><G49/><N who="0" m="31055" /><D34/><U90/><E90/><V98/><F23/><W67/><G102/><T110/><D110/><U108/><E108/><V65/><F22/><W40/><G40/><AGARI ba="0,0" hai="13,17,21,25,26,40,45,50,128,130,131" m="50795" machi="40" ten="40,2600,0" yaku="19,1,20,1" doraHai="57" who="1" fromWho="3" sc="241,0,234,26,260,0,265,-26" /><INIT seed="4,0,0,2,1,93" ten="241,260,260,239" oya="0" hai0="64,101,129,126,54,89,83,112,71,80,85,41,22" hai1="42,116,2,65,67,124,102,121,57,21,133,72,10" hai2="13,33,131,114,99,98,18,11,37,90,75,15,34" hai3="0,68,74,73,35,88,45,87,77,82,26,95,134"/><T106/><D112/><U69/><E21/><V52/><F37/><W44/><G73/><T28/><D129/><U62/><E102/><V96/><F75/><W122/><G122/><T63/><D126/><U6/><E121/><V120/><F120/><W103/><G134/><T123/><D123/><U118/><E72/><V51/><F114/><W127/><G0/><T76/><D41/><U117/><E133/><V119/><F119/><W130/><G130/><T132/><D132/><U5/><E5/><N who="2" m="3311" /><F33/><W27/><G68/><T7/><D7/><U30/><E30/><V107/><F34/><W31/><G127/><T12/><D54/><U40/><E124/><V111/><F107/><W97/><G27/><T79/><D83/><AGARI ba="0,0" hai="26,31,35,44,45,74,77,82,83,87,88,95,97,103" machi="83" ten="30,3900,0" yaku="7,1,52,1,54,1" doraHai="93" who="3" fromWho="0" sc="241,-39,260,0,260,0,239,39" /><INIT seed="5,0,0,1,4,39" ten="202,260,260,278" oya="1" hai0="67,18,15,27,32,127,14,65,98,2,92,123,85" hai1="58,35,25,0,21,46,134,13,108,76,48,52,63" hai2="3,119,8,20,62,84,54,106,86,88,56,89,107" hai3="97,66,4,60,96,112,79,113,43,29,135,94,1"/><U40/><E0/><V11/><F119/><W19/><G79/><T45/><D127/><U41/><E35/><V16/><F3/><W110/><G110/><T117/><D117/><U91/><E108/><V73/><F73/><W118/><G118/><T125/><D125/><U51/><E76/><V81/><F106/><W10/><G29/><T102/><D2/><U34/><E34/><V77/><F107/><W53/><G53/><T80/><D123/><U132/><E13/><N who="2" m="9231" /><F77/><W128/><G128/><T131/><D131/><U82/><E82/><AGARI ba="0,0" hai="8,11,54,56,62,81,82,84,86,88,89" m="9231" machi="82" ten="30,3900,0" yaku="8,1,54,2" doraHai="39" who="2" fromWho="1" sc="202,0,260,-39,260,39,278,0" /><INIT seed="6,0,0,0,5,7" ten="202,221,299,278" oya="2" hai0="39,36,90,67,13,58,40,115,98,125,18,83,103" hai1="95,131,94,48,93,56,73,61,12,0,102,17,52" hai2="49,63,130,24,97,104,19,76,75,26,114,113,8" hai3="32,117,121,126,3,29,27,11,81,96,55,41,23"/><V78/><F130/><W6/><G117/><T101/><D125/><U91/><E0/><V132/><F132/><W60/><G126/><T108/><D108/><U84/><E73/><V64/><F49/><W86/><G41/><T42/><D115/><N who="2" m="44042" /><F8/><W133/><G133/><T54/><D67/><N who="1" m="39335" /><E131/><V45/><F45/><W34/><G96/><T33/><D33/><U65/><E65/><V57/><F75/><W25/><G121/><T38/><D83/><U44/><E102/><N who="2" m="62543" /><F19/><W124/><G124/><T69/><D69/><U110/><E110/><V118/><F118/><W107/><G107/><T109/><D109/><U37/><E37/><V100/><F100/><W127/><G127/><T106/><D103/><U66/><E66/><V15/><F15/><W134/><G134/><T4/><D4/><U89/><E89/><V43/><F43/><W50/><G60/><T135/><D90/><U87/><E91/><V88/><F88/><W119/><G119/><T85/><D135/><U62/><E62/><V123/><F123/><W5/><G5/><T47/><D42/><U82/><E82/><V112/><F112/><W122/><G122/><T59/><D59/><U77/><E77/><AGARI ba="0,0" hai="24,26,57,63,64,76,77,78" m="62543,44042" machi="77" ten="30,1500,0" yaku="15,1" doraHai="7" who="2" fromWho="1" sc="202,0,221,-15,299,15,278,0" owari="202,-29.8,206,-19.4,314,41.4,278,7.8" /></mjloggm>