<mjloggm ver="2.3"><GO type="225" lobby="0"/><UN n0="%E3%81%BF%E3%81%BF%E3%81%9A" n1="%E3%82%B4%E3%83%AA%E3%83%91%E3%83%A9" n2="%E7%B4%94%E6%BD%94%E3%83%94%E3%83%A9%E3%83%8B%E3%82%A2" n3="%E3%80%93%E3%81%97%E3%83%BC%E3%82%89%E3%80%93" dan="17,16,16,16" rate="2242.78,2148.72,2150.20,2083.67" sx="M,M,M,M"/><TAIKYOKU oya="0"/><INIT seed="0,0,0,4,2,35" ten="250,250,250,250" oya="0" hai0="65,129,104,27,95,118,56,109,99,90,80,79,32" hai1="84,21,61,97,26,9,120,58,46,116,130,40,17" hai2="60,59,126,8,74,88,93,23,122,106,39,4,112" hai3="119,0,7,55,29,22,110,2,28,25,20,38,16"/><T33/><D118/><U98/><E120/><V41/><F126/><W76/><G38/><T82/><D129/><U135/><E130/><V91/><F112/><W50/><G119/><T102/><D109/><U53/><E135/><V101/><F122/><W47/><G110/><T13/><D27/><U62/><E116/><V92/><F74/><W6/><G76/><T73/><D82/><U85/><E62/><V121/><F121/><W78/><G78/><T15/><D32/><U19/><E9/><V48/><F39/><W131/><G131/><T94/><D33/><U107/><E17/><V113/><F23/><W70/><G70/><T37/><D95/><U77/><E77/><V51/><F113/><W14/><REACH who="3" step="1"/><G29/><REACH who="3" ten="250,250,250,240" step="2"/><T75/><D37/><U134/><E134/><V52/><F101/><W71/><G71/><T111/><D111/><U18/><E107/><V67/><F106/><W124/><G124/><T114/><D75/><U105/><E105/><V10/><F91/><W45/><G45/><T132/><D114/><U54/><E46/><V89/><F89/><W81/><G81/><T49/><D132/><U66/><E58/><V12/><F88/><W57/><G57/><T96/><REACH who="0" step="1"/><D49/><REACH who="0" ten="240,250,250,240" step="2"/><U44/><E98/><V68/><F51/><W127/><G127/><T1/><D1/><AGARI ba="0,2" hai="0,1,2,6,7,14,16,20,22,25,28,47,50,55" machi="1" ten="40,8000,1" yaku="1,1,52,3,54,1,53,0" doraHai="35" doraHaiUra="108" who="3" fromWho="0" sc="240,-80,250,0,250,0,240,100" /><INIT seed="1,0,0,0,4,99" ten="160,250,250,340" oya="1" hai0="71,93,59,15,5,37,7,86,122,135,16,111,134" hai1="48,3,118,89,91,40,68,31,66,101,21,34,119" hai2="125,54,104,76,65,121,11,77,35,88,132,58,18" hai3="124,133,12,24,64,36,98,26,74,112,53,4,103"/><U127/><E3/><V70/><F104/><W30/><G74/><T114/><D71/><U55/><E127/><V128/><F125/><W44/><G124/><T83/><D37/><U67/><E34/><V38/><F35/><W25/><G112/><T100/><D114/><U94/><E40/><V0/><F38/><W42/><G133/><N who="0" m="50699" /><D111/><U62/><E119/><V51/><F128/><W69/><G53/><T107/><D107/><U19/><E31/><V52/><F121/><W61/><G12/><T1/><D1/><U95/><E118/><V90/><F132/><W27/><G4/><T56/><D122/><U2/><E2/><V96/><F70/><W60/><G60/><T110/><D110/><U20/><E66/><V63/><F65/><W29/><N who="3" m="6144" /><DORA hai="32" /><W57/><REACH who="3" step="1"/><G69/><REACH who="3" ten="160,250,250,330" step="2"/><T80/><D5/><U9/><E68/><V43/><F54/><W81/><G81/><T117/><D7/><U13/><E62/><V116/><F0/><W47/><G47/><T50/><D117/><U78/><E67/><V87/><F116/><W82/><G82/><T102/><D83/><U106/><E55/><V17/><F63/><W129/><G129/><T115/><D115/><U33/><E13/><N who="2" m="7359" /><F43/><W84/><G84/><T113/><D113/><U72/><E72/><V130/><F130/><W22/><G22/><N who="0" m="11551" /><D80/><U97/><E33/><V41/><F41/><W39/><G39/><T49/><D59/><U10/><E21/><V85/><F85/><W45/><G45/><T123/><D123/><U126/><E20/><V79/><F87/><W14/><G14/><T105/><D56/><RYUUKYOKU ba="0,1" sc="160,-10,250,-10,250,-10,330,30" hai3="29,30,36,42,44,57,61,64,98,103" /><INIT seed="2,1,1,5,5,111" ten="150,240,240,360" oya="2" hai0="118,93,38,57,109,15,34,102,54,129,22,91,77" hai1="60,63,92,18,48,83,13,76,119,30,24,35,50" hai2="0,114,11,14,55,49,74,32,133,113,116,65,110" hai3="131,122,53,125,79,69,51,59,124,135,5,73,1"/><V126/><F74/><W101/><G69/><T127/><D34/><U8/><E119/><V56/><F116/><W33/><G33/><T121/><D118/><U44/><E92/><V23/><F32/><W41/><G122/><T7/><D121/><U20/><E48/><V67/><F110/><W97/><G41/><T90/><D109/><U75/><REACH who="1" step="1"/><E35/><REACH who="1" ten="150,230,240,360" step="2"/><V71/><F133/><W81/><G135/><T88/><D38/><U40/><AGARI ba="1,2" hai="8,13,18,20,24,30,40,44,50,60,63,75,76,83" machi="40" ten="20,8000,1" yaku="1,1,2,1,0,1,7,1,53,1" doraHai="111" doraHaiUra="4" who="1" fromWho="1" sc="150,-21,230,103,240,-41,360,-21" /><INIT seed="3,0,0,4,1,0" ten="129,333,199,339" oya="3" hai0="124,108,42,101,58,90,47,3,125,95,104,53,32" hai1="40,28,106,69,87,59,80,105,7,1,97,133,46" hai2="82,98,126,18,70,85,31,83,35,123,25,6,33" hai3="8,34,65,118,44,30,14,9,72,24,94,21,77"/><W36/><G118/><T73/><D32/><U27/><E69/><V74/><F123/><W81/><G65/><T116/><D116/><U129/><E129/><V52/><F70/><W37/><G8/><T68/><D68/><U132/><E59/><V41/><F41/><W135/><G135/><N who="1" m="51786" /><E97/><V43/><F43/><W50/><G94/><T13/><D3/><U107/><E7/><V15/><F35/><W96/><G96/><T99/><D108/><U2/><E27/><V130/><F126/><W117/><G34/><T26/><D26/><U120/><E28/><V121/><F121/><W49/><G117/><T75/><D104/><U56/><E56/><V22/><F130/><W20/><G20/><T55/><D101/><U5/><E5/><V57/><F98/><W19/><G50/><T134/><D134/><U38/><E120/><V103/><F103/><W23/><G23/><T71/><D71/><U62/><E62/><V109/><F109/><W29/><G29/><T60/><D55/><AGARI ba="0,0" hai="9,14,19,21,24,30,36,37,44,49,55,72,77,81" machi="55" ten="30,1500,0" yaku="7,1" doraHai="0" who="3" fromWho="0" sc="129,-15,333,0,199,0,339,15" owari="114,-38.6,333,13.3,199,-20.1,354,45.4" /></mjloggm>