<mjloggm ver="2.3"><GO type="225" lobby="0"/><UN n0="%74%61%6B%65%2D%79%6F%75" n1="%72%69%6F%75%63%68%61%6E" n2="%E2%91%A3%E9%81%BF%E9%81%8A%E6%88%AF%E3%80%90%E6%9D%B1%E5%8D%97%E3%80%91" n3="%73%6C%69%63%6B%33%31%39" dan="17,17,16,16" rate="2135.38,2238.31,2104.73,2182.50" sx="M,M,M,M"/><TAIKYOKU oya="0"/><INIT seed="0,0,0,5,1,79" ten="250,250,250,250" oya="0" hai0="83,1,24,26,18,103,69,29,100,15,0,63,71" hai1="124,76,56,133,10,46,59,74,12,127,131,57,134" hai2="60,47,73,112,34,99,132,5,84,42,117,116,126" hai3="7,16,123,91,80,130,105,97,114,58,115,87,19"/><T54/><D54/><U109/><E109/><V33/><F73/><W44/><G130/><T51/><D51/><U36/><E131/><V70/><F112/><W135/><G135/><N who="1" m="51722" /><E74/><V88/><F132/><W22/><G123/><T9/><D26/><U48/><E76/><V101/><F5/><W8/><G44/><T113/><D113/><U28/><E28/><V75/><F75/><W128/><G128/><T27/><D24/><U104/><E104/><V94/><F126/><N who="1" m="48169" /><E10/><V86/><F86/><W20/><G58/><T93/><D9/><U110/><E12/><V77/><F77/><W125/><G125/><T41/><D15/><U122/><E110/><V89/><F89/><W61/><G97/><T37/><D29/><U13/><E13/><V31/><F31/><W119/><G105/><T64/><D27/><U43/><E122/><V102/><F102/><W25/><G115/><T4/><D100/><U35/><E35/><V95/><F34/><W121/><G121/><T55/><D103/><U68/><E68/><V62/><F33/><W82/><G114/><T50/><D69/><U21/><E21/><V81/><F95/><W66/><G20/><T98/><D93/><U32/><E32/><V96/><F96/><W6/><G22/><T49/><D98/><U53/><AGARI ba="0,0" hai="36,43,46,48,53,56,57,59" m="48169,51722" machi="53" ten="40,8000,1" yaku="20,1,18,1,34,2" doraHai="79" who="1" fromWho="1" sc="250,-40,250,80,250,-20,250,-20" /><INIT seed="1,0,0,0,4,133" ten="210,330,230,230" oya="1" hai0="103,122,50,36,22,13,101,65,81,119,98,120,67" hai1="131,39,35,110,106,127,34,33,25,89,71,130,1" hai2="48,14,5,80,12,100,56,75,69,24,58,27,55" hai3="87,74,51,61,3,124,79,78,62,54,45,59,91"/><U104/><E127/><V118/><F118/><W128/><G128/><N who="1" m="49194" /><E89/><V108/><F108/><W109/><G109/><T6/><D119/><U23/><E110/><V10/><F69/><W82/><G3/><T93/><D36/><U53/><E39/><V57/><F75/><W9/><G124/><T42/><D101/><U17/><E1/><V7/><F100/><W113/><G113/><T29/><D81/><U2/><E2/><V121/><F80/><W63/><G74/><T60/><D6/><U31/><E71/><V92/><F92/><W112/><G112/><T77/><D77/><N who="3" m="29193" /><G9/><T97/><D97/><U105/><E53/><AGARI ba="0,0" hai="45,51,53,54,59,61,62,63,82,87,91" m="29193" machi="53" ten="30,1000,0" yaku="8,1" doraHai="133" who="3" fromWho="1" sc="210,0,330,-10,230,0,230,10" /><INIT seed="2,0,0,0,3,60" ten="210,320,230,240" oya="2" hai0="93,7,110,124,46,28,40,18,38,111,27,72,19" hai1="25,79,103,115,52,53,51,68,29,13,55,131,77" hai2="82,127,56,76,43,90,67,69,84,15,22,74,80" hai3="32,83,116,91,89,54,132,123,95,9,94,134,1"/><V10/><F127/><W119/><G32/><T112/><D112/><U50/><E115/><V88/><F69/><W61/><G1/><T57/><D124/><U20/><E131/><V109/><F109/><N who="0" m="41482" /><D72/><U26/><E68/><V92/><F43/><W113/><G113/><T0/><D93/><N who="3" m="35337" /><G9/><N who="0" m="2279" /><D57/><U86/><E103/><V128/><F22/><AGARI ba="0,0" hai="18,19,22,27,28,38,40,46" m="2279,41482" machi="22" ten="30,1000,0" yaku="14,1" doraHai="60" who="0" fromWho="2" sc="210,10,320,0,230,-10,240,0" /><INIT seed="3,0,0,0,4,5" ten="220,320,220,240" oya="3" hai0="58,40,9,114,119,33,122,112,96,100,82,6,14" hai1="56,83,45,3,77,4,36,0,113,116,65,55,63" hai2="134,89,41,93,24,71,72,129,21,115,29,48,97" hai3="66,61,131,46,18,34,39,126,99,16,105,10,109"/><W8/><G34/><T128/><D119/><U98/><E113/><N who="0" m="43625" /><D122/><U111/><E111/><V130/><F115/><W75/><G75/><T49/><D128/><N who="2" m="49258" /><F134/><W44/><G131/><T57/><D33/><U1/><E116/><V68/><F72/><W124/><G109/><T101/><D82/><U84/><E98/><V104/><F104/><W74/><G74/><T43/><D101/><U52/><REACH who="1" step="1"/><E4/><REACH who="1" ten="220,310,220,240" step="2"/><V81/><F81/><W26/><G99/><T54/><D96/><U7/><E7/><V85/><F97/><W60/><G105/><T86/><D100/><U123/><E123/><V108/><F108/><W135/><G135/><T17/><D6/><U121/><E121/><V70/><F41/><AGARI ba="0,1" hai="0,1,3,36,41,45,52,55,56,63,65,77,83,84" machi="41" ten="40,2600,0" yaku="1,1,54,1,53,0" doraHai="5" doraHaiUra="13" who="1" fromWho="2" sc="220,0,310,36,220,-26,240,0" owari="220,-18.0,346,44.6,194,-30.6,240,4.0" /></mjloggm>