<mjloggm ver="2.3"><GO type="225" lobby="0"/><UN n0="%E9%B4%A8%4E%45%47%49" n1="%E6%98%93%E5%88%A9%E8%96%A9%E4%BC%AF" n2="%E3%81%99%E3%81%84%E3%81%BE%E3%81%9B%E3%83%BC%E3%82%93" n3="%E3%81%BF%E3%81%BF%E3%81%9A" dan="16,16,18,18" rate="2130.37,2097.18,2189.48,2265.66" sx="M,F,M,M"/><TAIKYOKU oya="0"/><INIT seed="0,0,0,5,2,47" ten="250,250,250,250" oya="0" hai0="31,49,26,71,58,39,46,2,85,103,60,53,96" hai1="101,92,52,56,100,121,13,80,45,38,33,125,114" hai2="55,126,95,14,128,134,105,1,124,0,72,130,119" hai3="32,129,74,19,97,127,16,37,116,65,75,107,117"/><T59/><D2/><N who="2" m="1130" /><F105/><W109/><G37/><T102/><D85/><U29/><E121/><V64/><F72/><W135/><G32/><T28/><D103/><U4/><E125/><N who="2" m="48235" /><F95/><W113/><G127/><T43/><D26/><U89/><E80/><V36/><F36/><W70/><G113/><T50/><D39/><U111/><E111/><V51/><F64/><W22/><G109/><T93/><D71/><U110/><E110/><V133/><F14/><W30/><G129/><N who="2" m="49769" /><F119/><W94/><G107/><T61/><D61/><U20/><E100/><V112/><F112/><W18/><G65/><AGARI ba="0,0" hai="28,31,43,46,49,50,53,58,59,60,65,93,96,102" machi="65" ten="30,11600,0" yaku="7,1,8,1,52,2" doraHai="47" who="0" fromWho="3" sc="250,116,250,0,250,0,250,-116" /><INIT seed="0,1,0,2,1,7" ten="366,250,250,134" oya="0" hai0="12,107,65,110,6,38,39,114,52,58,80,17,111" hai1="45,49,75,103,43,47,25,28,101,16,88,97,81" hai2="29,79,59,18,32,108,66,105,104,33,8,46,119" hai3="35,89,0,129,122,13,118,113,120,23,62,115,76"/><T133/><D114/><N who="3" m="43529" /><G76/><T92/><D107/><U22/><E75/><V123/><F123/><N who="3" m="47147" /><G89/><T87/><D133/><U121/><E121/><V14/><F79/><W94/><G94/><T37/><D65/><U126/><E126/><V24/><F33/><W102/><G62/><T116/><D92/><U134/><E134/><V130/><F130/><W125/><G102/><T72/><D6/><U64/><E64/><V73/><F73/><W54/><G54/><T83/><D116/><U96/><E28/><V85/><F119/><W55/><G55/><T36/><D72/><U86/><REACH who="1" step="1"/><E47/><REACH who="1" ten="366,240,250,134" step="2"/><V74/><F46/><W41/><G125/><T132/><D132/><U11/><E11/><V19/><F8/><W71/><G71/><T117/><D117/><U60/><E60/><V106/><F74/><W40/><G118/><T26/><D111/><U69/><E69/><V9/><F108/><W27/><G129/><T4/><D110/><U98/><AGARI ba="1,1" hai="16,22,25,43,45,49,81,86,88,96,97,98,101,103" machi="98" ten="30,16000,3" yaku="1,1,0,1,8,1,54,2,53,3" doraHai="7" doraHaiUra="93" who="1" fromWho="1" sc="366,-81,240,173,250,-41,134,-41" /><INIT seed="1,0,0,5,0,80" ten="285,413,209,93" oya="1" hai0="19,0,35,36,44,30,16,87,72,86,20,21,15" hai1="11,62,31,109,132,83,77,24,74,60,54,118,127" hai2="52,59,33,25,58,105,47,6,73,104,84,40,3" hai3="90,38,124,89,34,92,45,8,134,65,110,23,117"/><U129/><E118/><V125/><F73/><W113/><G113/><T85/><D72/><U135/><E129/><V95/><F125/><W126/><G117/><T102/><D0/><U43/><E43/><V12/><F3/><W101/><G34/><T41/><D102/><U131/><E131/><V98/><F59/><W57/><G134/><N who="1" m="51242" /><E127/><N who="3" m="48682" /><G110/><T49/><D35/><N who="1" m="20967" /><E109/><V93/><F33/><W61/><G8/><T128/><D30/><U39/><E39/><V111/><F25/><W100/><G23/><T22/><D128/><U116/><E116/><V120/><F111/><W106/><G106/><T78/><D36/><U94/><E54/><V115/><F115/><W56/><G57/><T133/><D133/><U26/><E26/><V81/><F58/><W17/><G17/><N who="0" m="6731" /><D15/><U18/><E94/><V97/><F104/><W7/><G7/><T53/><D41/><U4/><E18/><V119/><F105/><W13/><G13/><AGARI ba="0,0" hai="4,11,13,60,62,74,77,83" m="20967,51242" machi="13" ten="30,1500,0" yaku="20,1" doraHai="80" who="1" fromWho="3" sc="285,0,413,15,209,0,93,-15" /><INIT seed="1,1,0,4,3,127" ten="285,428,209,78" oya="1" hai0="82,45,68,131,86,28,12,108,129,58,44,29,122" hai1="103,31,99,124,64,39,18,97,0,48,135,66,113" hai2="130,25,27,16,11,92,101,9,23,17,123,133,3" hai3="84,56,55,117,120,49,125,83,87,8,112,54,19"/><U5/><E113/><V70/><F70/><W116/><G120/><T14/><D122/><U134/><E39/><V51/><F123/><W111/><G125/><T65/><D68/><U79/><E31/><N who="0" m="11849" /><D65/><U30/><E30/><V126/><F126/><W105/><G112/><T107/><D58/><U81/><E124/><V110/><F110/><W10/><G105/><T78/><D107/><U74/><E18/><V91/><F101/><W95/><G111/><T41/><D108/><U128/><E128/><N who="0" m="49225" /><D45/><U15/><E0/><V85/><F3/><W37/><G37/><AGARI ba="1,0" hai="12,14,37,41,44,78,82,86" m="49225,11849" machi="37" ten="30,7700,0" yaku="19,1,52,3" doraHai="127" who="0" fromWho="3" sc="285,80,428,0,209,0,78,-80" owari="365,16.5,428,52.8,209,-19.1,-2,-50.2" /></mjloggm>