<mjloggm ver="2.3"><GO type="225" lobby="0"/><UN n0="%6D%75%75%6D%75%72%61" n1="%50%65%74%65%72%50%61%6E" n2="%E3%83%AC%E3%82%A4%E3%83%88%E3%83%B3%E5%87%86%E6%95%99%E6%8E%88" n3="%E6%B8%85%E9%A2%A8%E5%8C%97" dan="16,16,18,16" rate="2183.54,2183.60,2249.60,2065.14" sx="F,M,M,F"/><TAIKYOKU oya="0"/><INIT seed="0,0,0,3,5,110" ten="250,250,250,250" oya="0" hai0="123,79,19,99,101,35,27,120,104,105,25,73,112" hai1="106,11,68,119,54,52,33,51,66,114,36,64,6" hai2="93,74,107,30,128,53,2,67,58,78,65,76,96" hai3="62,26,117,28,44,32,48,4,89,63,60,21,41"/><T16/><D105/><U108/><E36/><V46/><F107/><W115/><G117/><T5/><D112/><U1/><E119/><V12/><F2/><W91/><G115/><T113/><D113/><U43/><E106/><V70/><F70/><W3/><G3/><T7/><D73/><U22/><E33/><V124/><F124/><W42/><G4/><T77/><D104/><U14/><E114/><V45/><F30/><W103/><G103/><T121/><D101/><U0/><E108/><V135/><F135/><W37/><G37/><T81/><D99/><U57/><E43/><V49/><F12/><W109/><G109/><T98/><D98/><U9/><E22/><V90/><F128/><W130/><G130/><T85/><D35/><U24/><E24/><V84/><F74/><W92/><G32/><T94/><D94/><U88/><E68/><V38/><F38/><W10/><G10/><T15/><D121/><U116/><E116/><V59/><F59/><W133/><G133/><T122/><D122/><U17/><E0/><V134/><F134/><W34/><G42/><T82/><REACH who="0" step="1"/><D15/><REACH who="0" ten="240,250,250,250" step="2"/><U8/><E14/><V69/><F96/><W71/><G34/><T39/><D39/><U111/><E111/><V23/><F93/><W129/><G129/><T31/><D31/><U100/><E100/><V102/><F102/><W132/><G132/><T13/><D13/><U97/><E97/><V127/><F84/><AGARI ba="0,1" hai="5,7,16,19,25,27,77,79,81,82,84,85,120,123" machi="84" ten="25,9600,0" yaku="1,1,22,2,54,1,53,0" doraHai="110" doraHaiUra="131" who="0" fromWho="2" sc="240,106,250,0,250,-96,250,0" /><INIT seed="0,1,0,0,4,113" ten="346,250,154,250" oya="0" hai0="86,92,111,102,116,29,2,40,112,25,31,41,108" hai1="66,84,18,104,132,103,131,133,57,19,117,68,94" hai2="50,3,79,15,20,124,95,30,120,93,49,28,123" hai3="47,60,26,21,107,44,129,81,9,4,0,99,43"/><T55/><D112/><U72/><E72/><V48/><F3/><W67/><G129/><T51/><D2/><U39/><E39/><V98/><F124/><W17/><G81/><T7/><D7/><U125/><E68/><V122/><F79/><W127/><G127/><T36/><D36/><U35/><E35/><V77/><F77/><W58/><REACH who="3" step="1"/><G43/><REACH who="3" ten="346,250,154,240" step="2"/><T10/><D41/><U24/><E131/><V76/><F76/><W5/><G5/><T78/><D40/><U59/><E125/><V62/><F62/><W73/><G73/><T101/><D78/><U1/><E133/><V27/><F30/><W75/><G75/><T109/><D31/><U114/><E132/><V91/><F122/><W90/><G90/><T118/><D29/><U63/><E63/><V16/><REACH who="2" step="1"/><F95/><REACH who="2" ten="346,250,144,240" step="2"/><W126/><G126/><T74/><D92/><U61/><E61/><V46/><F46/><W97/><G97/><T12/><D74/><U89/><E94/><V23/><AGARI ba="1,2" hai="15,16,20,23,27,28,48,49,50,91,93,98,120,123" machi="23" ten="30,7900,0" yaku="1,1,0,1,54,1,53,1" doraHai="113" doraHaiUra="22" who="2" fromWho="2" sc="346,-40,250,-21,144,102,240,-21" /><INIT seed="1,0,0,1,5,81" ten="306,229,246,219" oya="1" hai0="24,84,17,100,123,112,8,2,117,42,86,58,55" hai1="12,79,74,62,90,33,124,22,30,53,57,120,65" hai2="104,6,23,14,67,56,38,93,18,63,121,76,52" hai3="118,35,16,29,34,107,106,20,83,87,132,19,43"/><U54/><E120/><V73/><F104/><W32/><G132/><T116/><D112/><U102/><E124/><V119/><F119/><W26/><G118/><T103/><D123/><U39/><E39/><V75/><F38/><W96/><G43/><T60/><D116/><U99/><E33/><V108/><F108/><W21/><G96/><T129/><D117/><U3/><E3/><V4/><F121/><W110/><G110/><T37/><D129/><U59/><E90/><V71/><F93/><W125/><G125/><T82/><D2/><U50/><E79/><V48/><REACH who="2" step="1"/><F76/><REACH who="2" ten="306,229,236,219" step="2"/><W25/><G29/><T105/><D105/><U44/><E30/><V7/><AGARI ba="0,1" hai="4,6,7,14,18,23,48,52,56,63,67,71,73,75" machi="7" ten="30,7900,0" yaku="1,1,2,1,0,1,54,1,53,0" doraHai="81" doraHaiUra="85" who="2" fromWho="2" sc="306,-20,229,-39,236,89,219,-20" /><INIT seed="2,0,0,4,1,2" ten="286,190,325,199" oya="2" hai0="55,5,97,48,82,62,15,58,116,45,14,22,65" hai1="54,96,34,84,35,128,135,103,13,100,85,132,124" hai2="9,92,117,107,72,38,19,41,52,49,109,7,46" hai3="17,88,60,36,64,126,127,78,104,102,32,90,113"/><V42/><F107/><W125/><G32/><T133/><D133/><U31/><E128/><V75/><F117/><W57/><G36/><T74/><D116/><U80/><E124/><V24/><F109/><W101/><G113/><T29/><D97/><U108/><E108/><V28/><F19/><W93/><G78/><T11/><D74/><U18/><E31/><V94/><F75/><W120/><G120/><T44/><D82/><U119/><E119/><V112/><F72/><W8/><G104/><T47/><REACH who="0" step="1"/><D15/><REACH who="0" ten="276,190,325,199" step="2"/><U37/><E96/><V131/><F112/><W63/><G90/><T25/><AGARI ba="0,1" hai="5,11,14,22,25,29,44,45,47,48,55,58,62,65" machi="25" ten="30,8000,1" yaku="1,1,2,1,0,1,8,1,52,1,53,0" doraHai="2" doraHaiUra="114" who="0" fromWho="0" sc="276,90,190,-20,325,-40,199,-20" /><INIT seed="3,0,0,5,2,123" ten="366,170,285,179" oya="3" hai0="32,128,18,93,7,73,35,60,127,30,92,118,9" hai1="116,115,111,24,125,6,57,2,4,41,27,75,97" hai2="135,58,114,106,81,90,0,131,63,10,21,49,54" hai3="28,13,101,22,77,43,29,120,87,74,126,53,47"/><W19/><G120/><T117/><D73/><U66/><E115/><V88/><F114/><W91/><G126/><T121/><D121/><U39/><E75/><V16/><F106/><W122/><G122/><T34/><D127/><U45/><E125/><V102/><F131/><W82/><G101/><T56/><D128/><U8/><E116/><V12/><F102/><W52/><G29/><T40/><D30/><U59/><E6/><V62/><F135/><W65/><G65/><T85/><D40/><U61/><E111/><V5/><F63/><W103/><G103/><T72/><D18/><U71/><E97/><V15/><F0/><W67/><G67/><T107/><D72/><U84/><E84/><V124/><F124/><W104/><G104/><T37/><D37/><U3/><E3/><V94/><F81/><W89/><G28/><T98/><D107/><U31/><E27/><V20/><F90/><W86/><G74/><T110/><D85/><U78/><E78/><V129/><F129/><W69/><G69/><T46/><D46/><U130/><E130/><V132/><F132/><W25/><G77/><T1/><D110/><U96/><E96/><V79/><F79/><W109/><G25/><T23/><D23/><AGARI ba="0,0" hai="2,4,8,23,24,31,39,41,45,57,59,61,66,71" machi="23" ten="30,1000,0" yaku="7,1" doraHai="123" who="1" fromWho="0" sc="366,-10,170,10,285,0,179,0" owari="356,45.6,180,-22.0,285,8.5,179,-32.1" /></mjloggm>