<mjloggm ver="2.3"><GO type="225" lobby="0"/><UN n0="%E3%83%8F%E3%83%B3%E3%83%89%E3%83%A9%E3%83%BC%E3%83%BB%E3%83%AF%E3%83%B3" n1="%33%74%72%65%65" n2="%E3%81%AA%E3%82%81%E3%81%93%E9%9B%80%E5%A3%AB" n3="%28%EF%BF%A3%E2%96%BD%EF%BF%A3%29%CE%B4%E2%8C%92%E3%83%BB" dan="17,16,16,16" rate="2175.69,2200.23,2045.45,2117.00" sx="M,F,M,M"/><TAIKYOKU oya="0"/><INIT seed="0,0,0,5,0,26" ten="250,250,250,250" oya="0" hai0="61,82,117,49,21,19,9,88,85,129,62,70,66" hai1="24,128,134,112,90,59,46,87,113,8,95,65,50" hai2="116,124,36,33,122,16,60,15,57,110,77,79,18" hai3="27,6,30,80,135,41,4,32,114,20,51,118,5"/><T10/><D117/><U53/><E128/><V38/><F122/><W108/><G118/><T22/><D129/><U58/><E134/><V123/><F123/><W25/><G135/><T47/><D62/><U130/><E130/><V52/><F116/><W43/><G114/><N who="1" m="44138" /><E65/><V104/><F104/><W119/><G119/><T28/><D28/><U101/><E101/><V37/><F110/><W17/><G108/><T35/><D35/><U132/><E132/><V68/><F124/><W13/><G51/><T105/><D105/><U99/><E8/><V96/><F96/><W78/><REACH who="3" step="1"/><G27/><REACH who="3" ten="250,250,250,240" step="2"/><T40/><REACH who="0" step="1"/><D21/><REACH who="0" ten="240,250,250,240" step="2"/><U39/><E39/><V81/><F33/><W29/><G29/><T11/><D11/><U131/><E131/><V76/><F68/><W93/><G93/><T12/><AGARI ba="0,2" hai="9,10,12,19,22,40,47,49,61,66,70,82,85,88" machi="12" ten="20,7800,0" yaku="1,1,0,1,7,1,54,1,53,0" doraHai="26" doraHaiUra="120" who="0" fromWho="0" sc="240,98,250,-26,250,-26,240,-26" /><INIT seed="0,1,0,0,4,114" ten="338,224,224,214" oya="0" hai0="106,45,9,69,20,109,28,13,53,2,96,61,67" hai1="0,108,85,87,21,133,5,113,54,46,135,55,63" hai2="130,3,91,118,80,77,60,41,65,70,4,84,30" hai3="48,127,42,38,116,66,83,72,74,6,121,99,22"/><T56/><D109/><U57/><E113/><V132/><F132/><N who="1" m="50761" /><E108/><V19/><F130/><W104/><G38/><T129/><D129/><U112/><E112/><V32/><F41/><W29/><G121/><T103/><D2/><U44/><E21/><V24/><F19/><W39/><G39/><T125/><D125/><U33/><E33/><V68/><F68/><W78/><G127/><T59/><D45/><N who="1" m="17515" /><E54/><V26/><F26/><W120/><G48/><T50/><D28/><U124/><E124/><V23/><F32/><W64/><G42/><T111/><D20/><U101/><E101/><V126/><F126/><W51/><G51/><T117/><D111/><U86/><E0/><V37/><F37/><W102/><G74/><T94/><D69/><U110/><E110/><V18/><F30/><W25/><G120/><T16/><REACH who="0" step="1"/><D106/><REACH who="0" ten="328,224,224,214" step="2"/><U17/><E5/><V62/><F4/><W47/><G47/><T105/><D105/><U49/><E17/><V79/><F3/><W88/><G6/><T115/><D115/><U90/><E49/><V11/><F11/><W82/><REACH who="3" step="1"/><G116/><AGARI ba="1,1" hai="9,13,16,50,53,56,59,61,67,94,96,103,116,117" machi="116" ten="40,12000,1" yaku="1,1,52,2,54,1,53,0" doraHai="114" doraHaiUra="35" who="0" fromWho="3" sc="328,133,224,0,224,0,214,-123" /><INIT seed="0,2,0,4,1,11" ten="461,224,224,91" oya="0" hai0="90,114,121,66,22,39,107,37,105,86,46,96,110" hai1="43,126,70,60,4,81,132,63,58,124,102,68,9" hai2="29,6,111,24,76,21,25,18,100,3,16,82,116" hai3="38,91,79,31,123,36,20,40,94,78,62,1,52"/><T128/><D114/><U44/><E102/><V8/><F111/><W129/><G1/><T74/><D121/><U35/><E35/><V53/><F100/><W54/><G123/><T33/><D74/><U51/><E81/><V0/><F116/><W34/><G34/><T45/><D33/><U113/><E113/><V120/><F120/><W23/><G129/><T122/><D122/><U106/><E106/><V93/><F93/><W88/><G94/><T19/><D66/><U117/><E117/><V26/><F53/><N who="3" m="20587" /><G62/><N who="1" m="23594" /><E58/><V89/><F89/><N who="3" m="34379" /><G40/><T101/><D107/><U118/><E118/><V99/><F99/><W5/><G31/><T42/><D128/><U15/><E132/><V49/><F49/><W71/><G5/><T95/><D110/><U98/><E98/><V134/><F134/><W135/><G71/><T10/><D42/><U87/><E87/><V119/><F119/><W83/><G83/><T7/><D86/><U108/><E108/><V112/><F112/><W85/><G85/><T55/><D96/><U97/><E97/><V77/><F82/><W64/><G64/><T80/><D80/><U2/><E2/><N who="2" m="87" /><F77/><N who="3" m="29195" /><G135/><T104/><D104/><U131/><E131/><V69/><F69/><W67/><G67/><T127/><D105/><U28/><E28/><N who="2" m="17423" /><F76/><W133/><G133/><T125/><D90/><U17/><E4/><V59/><F29/><W115/><G115/><T48/><D7/><U50/><E70/><V13/><F3/><W57/><G57/><T92/><D101/><U109/><E68/><V73/><F0/><W47/><G47/><T32/><D45/><RYUUKYOKU ba="2,0" sc="461,-10,224,-10,224,-10,91,30" hai3="20,23,36,38" /><INIT seed="1,3,0,4,4,9" ten="451,214,214,121" oya="1" hai0="90,38,105,56,78,91,94,14,121,20,87,16,126" hai1="99,77,101,117,25,15,4,67,31,24,65,1,130" hai2="32,57,23,6,98,58,85,83,29,7,107,11,89" hai3="118,80,55,43,109,74,70,110,73,51,45,127,113"/><U33/><E117/><V133/><F133/><W0/><G0/><T47/><D105/><U106/><E130/><V39/><F39/><N who="3" m="21759" /><G80/><T61/><D126/><U96/><E77/><V46/><F7/><W72/><G72/><T3/><D3/><U111/><E111/><N who="3" m="42506" /><G74/><T34/><D34/><U86/><E1/><V59/><F46/><N who="3" m="28151" /><G73/><T53/><D121/><U81/><E99/><V79/><F32/><W125/><G118/><T108/><D108/><U37/><E25/><V92/><F107/><W28/><G28/><T82/><D94/><U123/><E81/><V76/><F23/><W93/><G93/><T120/><D120/><U26/><E26/><V124/><F124/><N who="3" m="47691" /><G70/><T97/><D97/><U5/><E86/><V8/><F29/><W48/><G48/><N who="0" m="28831" /><D38/><U18/><E96/><V22/><F22/><W50/><G50/><T128/><D128/><U115/><E106/><V19/><F6/><W64/><G64/><AGARI ba="3,0" hai="14,16,20,56,61,64,78,82,87,90,91" m="28831" machi="64" ten="30,3900,0" yaku="8,1,52,1,54,1" doraHai="9" who="0" fromWho="3" sc="451,48,214,0,214,0,121,-48" /><INIT seed="2,0,0,0,3,61" ten="499,214,214,73" oya="2" hai0="104,45,63,81,125,25,133,41,55,88,86,111,122" hai1="3,33,18,39,64,80,16,132,90,62,46,69,115" hai2="131,31,114,102,71,110,0,112,34,74,95,35,24" hai3="134,54,70,40,116,44,100,75,4,11,51,78,118"/><V98/><F74/><W87/><G134/><T123/><D104/><U15/><E132/><V12/><F0/><W76/><G70/><T119/><D111/><U124/><E115/><V43/><F131/><W50/><G75/><T89/><D125/><U8/><E124/><V105/><F110/><W36/><G36/><T97/><D119/><U37/><E33/><V32/><F43/><W117/><G100/><T7/><D7/><U14/><E3/><V17/><F95/><W42/><G87/><T47/><D25/><U72/><E46/><V5/><F5/><W19/><G19/><T128/><D128/><U109/><E109/><V135/><F135/><W20/><G20/><T99/><D63/><U94/><E80/><V29/><F71/><W91/><G91/><T101/><D133/><U83/><E83/><V56/><F56/><W79/><REACH who="3" step="1"/><G51/><REACH who="3" ten="499,214,214,63" step="2"/><T66/><D101/><U60/><E72/><V93/><F31/><W26/><G26/><T106/><D86/><U28/><E28/><V13/><F17/><W53/><G53/><T52/><D52/><U68/><E18/><V22/><REACH who="2" step="1"/><F105/><REACH who="2" ten="499,214,204,63" step="2"/><W92/><G92/><T127/><D106/><U67/><E94/><V10/><F10/><W126/><G126/><T1/><D127/><U84/><E8/><V23/><F23/><W103/><G103/><T59/><D59/><U48/><E69/><V113/><AGARI ba="0,2" hai="12,13,22,24,29,32,34,35,93,98,102,112,113,114" machi="113" ten="40,3900,0" yaku="1,1,0,1,53,0" doraHai="61" doraHaiUra="129" who="2" fromWho="2" sc="499,-13,214,-13,204,59,63,-13" /><INIT seed="2,1,0,0,0,37" ten="486,201,263,50" oya="2" hai0="107,110,74,21,131,2,11,78,90,16,116,3,36" hai1="40,28,42,8,76,115,41,44,13,23,104,114,120" hai2="10,125,85,45,53,6,75,118,108,99,34,38,24" hai3="52,89,72,81,111,92,84,5,132,63,26,119,112"/><V106/><F118/><W122/><G119/><T124/><D36/><U94/><E104/><V121/><F75/><W133/><G122/><T22/><D90/><U60/><E120/><V46/><F121/><W9/><G112/><T77/><D107/><U66/><E76/><V82/><F125/><W15/><G111/><T126/><D11/><U70/><E44/><V47/><F108/><W68/><G72/><T62/><D62/><U130/><E130/><V29/><F99/><W67/><G26/><T129/><D74/><U18/><E94/><V91/><F106/><W17/><G92/><T103/><D110/><U88/><E88/><V93/><F93/><W33/><G33/><T79/><D79/><U59/><E70/><V20/><F53/><W65/><G5/><T102/><D116/><U7/><REACH who="1" step="1"/><E28/><REACH who="1" ten="486,191,263,50" step="2"/><V31/><F38/><W0/><G0/><AGARI ba="1,1" hai="0,7,8,13,18,23,40,41,42,59,60,66,114,115" machi="0" ten="40,8000,1" yaku="1,1,2,1,52,3,53,0" doraHai="37" doraHaiUra="96" who="1" fromWho="3" sc="486,0,191,93,263,0,50,-83" owari="486,58.6,284,8.4,263,-13.7,-33,-53.3" /></mjloggm>