<mjloggm ver="2.3"><GO type="225" lobby="0"/><UN n0="%E3%83%8F%E3%83%B3%E3%83%89%E3%83%A9%E3%83%BC%E3%83%BB%E3%83%AF%E3%83%B3" n1="%6D%75%75%73%61%6E%6D%75" n2="%E6%B4%BE%E9%81%A3%E3%81%AE%E3%82%B8%E3%83%A3%E3%83%83%E3%82%AF" n3="%E3%81%AF%E3%82%88%E3%81%8A%E3%81%98%E3%81%95%E3%82%93" dan="17,16,17,17" rate="2209.63,2148.59,2190.05,2154.10" sx="M,F,M,M"/><TAIKYOKU oya="0"/><INIT seed="0,0,0,0,4,25" ten="250,250,250,250" oya="0" hai0="111,123,97,89,127,85,73,51,67,83,55,13,68" hai1="96,61,34,119,14,53,113,129,26,101,12,0,35" hai2="80,40,120,117,41,70,11,87,54,72,3,45,23" hai3="92,32,31,1,100,18,59,58,36,4,122,112,22"/><T75/><D123/><U2/><E119/><V79/><F120/><W77/><G112/><T56/><D127/><U131/><E113/><V16/><F70/><W121/><G36/><T130/><D130/><N who="1" m="49675" /><E53/><V74/><F117/><W126/><G126/><T135/><D135/><U7/><E61/><V46/><F54/><W93/><G77/><T27/><D111/><U30/><E96/><V118/><F118/><W24/><G121/><T49/><D13/><N who="1" m="5227" /><E101/><V33/><F33/><N who="1" m="12297" /><E7/><V57/><F57/><W105/><G122/><T103/><D51/><U10/><E10/><V104/><F104/><W42/><G42/><T17/><D67/><U106/><E106/><V115/><F115/><W109/><G105/><T8/><D68/><U50/><E50/><V98/><F98/><W21/><G100/><T81/><D8/><U132/><E132/><V66/><F66/><W48/><G58/><T69/><D69/><U133/><E133/><V38/><F45/><W82/><G59/><T6/><D6/><U124/><E124/><V39/><F41/><W64/><G48/><T62/><D49/><U125/><E125/><V20/><F39/><W102/><G64/><T84/><D97/><U63/><E63/><V114/><F114/><W108/><G102/><T78/><D103/><U107/><E107/><V91/><F38/><W60/><G60/><T88/><D78/><U37/><E37/><N who="2" m="21775" /><F79/><W5/><G5/><T71/><D71/><U134/><E134/><V52/><F91/><W29/><G4/><T44/><D44/><U65/><E65/><V76/><F76/><W110/><G109/><RYUUKYOKU ba="0,0" sc="250,15,250,15,250,-15,250,-15" hai0="17,27,55,56,62,73,75,81,83,84,85,88,89" hai1="0,2,26,30" /><INIT seed="0,1,0,0,2,68" ten="265,265,235,235" oya="0" hai0="7,75,118,40,104,9,1,54,132,100,16,99,49" hai1="2,37,95,14,66,107,119,116,134,64,24,28,85" hai2="129,29,21,12,114,109,20,128,111,92,125,105,0" hai3="41,96,8,45,51,70,91,33,10,77,115,97,47"/><T26/><D118/><U60/><E2/><V59/><F105/><W61/><G115/><T35/><D75/><U94/><E107/><V57/><F114/><W131/><G33/><T73/><D73/><U103/><E14/><V79/><F79/><W84/><G131/><N who="2" m="50249" /><F92/><W58/><G70/><T113/><D113/><U83/><E134/><V69/><F69/><W76/><G47/><T121/><D121/><U90/><E94/><V108/><F125/><W82/><G77/><T130/><D130/><U133/><E133/><V32/><F0/><W89/><G89/><T46/><D132/><U65/><E60/><V5/><F57/><W36/><G36/><T71/><D71/><U126/><E126/><V56/><F56/><W55/><REACH who="3" step="1"/><G91/><REACH who="3" ten="265,265,235,225" step="2"/><T27/><D35/><U52/><E37/><V48/><F59/><W34/><G34/><T124/><D124/><U62/><E116/><V98/><F98/><AGARI ba="1,1" hai="8,10,41,45,51,55,58,61,76,82,84,96,97,98" machi="98" ten="40,2600,0" yaku="1,1,8,1,53,0" doraHai="68" doraHaiUra="102" who="3" fromWho="2" sc="265,0,265,0,235,-29,225,39" /><INIT seed="1,0,0,4,4,0" ten="265,265,206,264" oya="1" hai0="71,20,65,131,73,93,115,99,69,79,58,28,76" hai1="7,63,33,66,41,96,102,14,46,100,117,29,133" hai2="127,11,22,125,51,17,15,113,103,87,75,64,3" hai3="89,77,45,130,13,56,101,107,52,23,32,43,120"/><U68/><E117/><V78/><F103/><W74/><G32/><T97/><D115/><U98/><E133/><V84/><F64/><W62/><G120/><T8/><D131/><U40/><E33/><V55/><F113/><W67/><G130/><T135/><D135/><U5/><E29/><V53/><F75/><W134/><G134/><T81/><D76/><U112/><E112/><V104/><F104/><W82/><G89/><T39/><D39/><U90/><E14/><V24/><F3/><W128/><G128/><T122/><D122/><U124/><E124/><N who="2" m="47691" /><F78/><W27/><G13/><T18/><D8/><U16/><E90/><V38/><F38/><W121/><G121/><T6/><D28/><U34/><E34/><V106/><F106/><W54/><G107/><T95/><D6/><N who="1" m="2059" /><E68/><V116/><F116/><W21/><G101/><N who="1" m="39018" /><E46/><N who="2" m="27895" /><F55/><W85/><G74/><T109/><D71/><U19/><E66/><V42/><F42/><N who="1" m="16489" /><E63/><V91/><F91/><W50/><REACH who="3" step="1"/><G21/><REACH who="3" ten="265,265,206,254" step="2"/><T119/><D20/><U12/><E19/><AGARI ba="0,1" hai="11,15,17,19,22,24,84,87" m="27895,47691" machi="19" ten="30,1000,0" yaku="18,1" doraHai="0" who="2" fromWho="1" sc="265,0,265,-10,206,20,254,0" /><AGARI ba="0,0" hai="19,23,27,43,45,50,52,54,56,62,67,77,82,85" machi="19" ten="30,8000,1" yaku="1,1,2,1,7,1,8,1,54,1,53,0" doraHai="0" doraHaiUra="118" who="3" fromWho="1" sc="265,0,255,-80,226,0,254,80" /><INIT seed="2,0,0,1,4,118" ten="265,175,226,334" oya="2" hai0="49,0,38,53,22,61,98,47,45,7,62,41,32" hai1="16,19,102,66,11,52,13,87,94,31,95,119,126" hai2="128,93,121,60,134,124,115,17,48,85,127,120,122" hai3="117,82,50,14,80,28,57,18,1,130,20,36,74"/><V46/><F115/><W44/><G117/><T81/><D32/><U33/><E119/><V70/><F128/><W12/><G1/><T107/><D0/><U30/><E126/><N who="2" m="48171" /><F134/><W68/><G68/><T135/><D7/><U59/><E33/><V109/><F109/><W116/><G116/><T69/><D135/><U106/><E106/><V34/><F34/><W100/><G130/><T97/><D107/><U27/><E66/><N who="2" m="41287" /><F17/><W114/><G114/><T43/><D22/><N who="1" m="13767" /><E102/><V99/><F85/><W131/><G131/><T86/><D62/><N who="1" m="36199" /><E87/><V40/><F120/><W101/><G74/><T90/><D69/><U63/><E63/><V112/><F112/><W26/><G100/><AGARI ba="0,0" hai="40,46,48,93,99,100,121,122" m="41287,48171" machi="100" ten="30,5800,0" yaku="18,1,52,2" doraHai="118" who="2" fromWho="3" sc="265,0,175,0,226,58,334,-58" /><INIT seed="2,1,0,3,5,86" ten="265,175,284,276" oya="2" hai0="126,111,32,44,19,83,43,132,108,91,98,1,95" hai1="66,5,89,72,133,16,26,20,41,37,2,121,78" hai2="0,68,45,11,74,79,73,21,113,90,114,84,76" hai3="14,65,77,28,39,104,128,123,97,71,52,24,105"/><V18/><F68/><W109/><G123/><T48/><D1/><U70/><E121/><V130/><F45/><W55/><G39/><T17/><D32/><U80/><E133/><V53/><F53/><W46/><G109/><N who="0" m="42059" /><D132/><U135/><E135/><V119/><F119/><W7/><G128/><T50/><D126/><U54/><E70/><V49/><F49/><N who="0" m="19050" /><D83/><U40/><E66/><V88/><F130/><W117/><G77/><T106/><D106/><U23/><E54/><V129/><F129/><W92/><G117/><T93/><D93/><U33/><E33/><V56/><F0/><W85/><G85/><T3/><D3/><U59/><E59/><V42/><F84/><W75/><G75/><T122/><D122/><U9/><E23/><V87/><F87/><W131/><G131/><T6/><D6/><U82/><E82/><V63/><F21/><W134/><G134/><T96/><D96/><U51/><E51/><AGARI ba="1,0" hai="17,19,43,44,51,91,95,98" m="19050,42059" machi="51" ten="30,2000,0" yaku="14,1,52,1" doraHai="86" who="0" fromWho="1" sc="265,23,175,-23,284,0,276,0" /><INIT seed="3,0,0,2,0,106" ten="288,152,284,276" oya="3" hai0="22,42,95,8,119,15,77,10,120,55,116,7,126" hai1="102,79,44,51,87,40,11,54,23,46,71,56,121" hai2="34,104,74,117,12,70,53,90,84,61,25,86,76" hai3="65,9,1,18,118,28,99,58,127,83,85,52,39"/><W20/><G118/><T113/><D120/><U81/><E121/><V133/><F117/><W27/><G127/><T134/><D126/><U80/><E71/><V13/><F104/><W100/><G39/><T60/><D134/><U91/><E102/><V97/><F133/><W66/><G1/><T109/><D109/><U57/><E11/><V2/><F2/><W63/><G9/><T103/><D113/><U123/><E123/><V88/><F97/><W89/><G28/><T48/><D42/><U128/><E128/><V68/><F74/><W98/><G98/><N who="0" m="59871" /><D119/><U78/><E23/><V33/><F53/><W26/><G27/><T132/><D132/><U37/><REACH who="1" step="1"/><E91/><REACH who="1" ten="288,142,284,276" step="2"/><V3/><F68/><W124/><G124/><T67/><D10/><U32/><E32/><V111/><F70/><W125/><G125/><T29/><D22/><U14/><E14/><V36/><F34/><W101/><G100/><T92/><D116/><U47/><E47/><V93/><F3/><W4/><G4/><T94/><D15/><U82/><E82/><V17/><F12/><W6/><G6/><T59/><D8/><U73/><AGARI ba="0,1" hai="37,40,44,46,51,54,56,57,73,78,79,80,81,87" machi="73" ten="20,8000,1" yaku="1,1,0,1,7,1,52,1,53,1" doraHai="106" doraHaiUra="107" who="1" fromWho="1" sc="288,-20,142,90,284,-20,276,-40" /><INIT seed="4,0,0,4,5,70" ten="268,232,264,236" oya="0" hai0="1,68,96,62,127,31,55,79,45,21,95,97,101" hai1="5,109,86,11,110,88,108,22,67,121,119,66,26" hai2="51,131,116,9,41,99,27,77,59,0,126,113,106" hai3="38,65,56,132,87,80,64,102,58,69,24,84,54"/><T133/><D1/><U40/><E119/><V117/><F113/><W47/><G132/><T15/><D133/><U60/><E121/><V7/><F131/><W90/><G102/><T32/><D32/><U81/><E40/><V89/><F126/><W107/><G107/><T76/><D127/><U92/><E81/><V2/><F77/><W63/><G65/><T39/><D97/><U129/><E129/><V18/><F2/><W42/><G24/><T10/><D68/><U37/><E37/><V50/><F59/><W93/><REACH who="3" step="1"/><G54/><REACH who="3" ten="268,232,264,226" step="2"/><T75/><D55/><U71/><E67/><V105/><F105/><W12/><G12/><T23/><D15/><U44/><E44/><V48/><F106/><W72/><G72/><T78/><D75/><U30/><REACH who="1" step="1"/><E108/><REACH who="1" ten="268,222,264,226" step="2"/><V125/><F125/><W85/><G85/><T112/><D45/><U83/><E83/><V104/><F117/><W123/><G123/><T61/><D112/><U94/><E94/><V46/><F116/><W20/><G20/><T98/><D21/><U19/><E19/><V28/><F18/><W34/><G34/><T33/><D23/><U13/><AGARI ba="0,2" hai="5,11,13,22,26,30,60,66,71,86,88,92,109,110" machi="13" ten="20,5200,0" yaku="1,1,0,1,7,1,54,1,53,0" doraHai="70" doraHaiUra="36" who="1" fromWho="1" sc="268,-26,222,72,264,-13,226,-13" /><INIT seed="5,0,0,2,1,66" ten="242,294,251,213" oya="1" hai0="22,13,84,85,53,129,82,10,9,90,50,38,63" hai1="134,1,106,69,54,36,30,34,70,49,122,117,87" hai2="6,89,35,31,33,67,77,130,37,32,135,68,124" hai3="119,52,99,64,23,105,88,15,48,133,11,59,95"/><U16/><E117/><V118/><F118/><W86/><G133/><T115/><D38/><U21/><E122/><V43/><F89/><W28/><G119/><T121/><D115/><U116/><E116/><V100/><F77/><W46/><G105/><T65/><D129/><U75/><E75/><V51/><F51/><W5/><G28/><T61/><D121/><U45/><E1/><V125/><F6/><W60/><G23/><T40/><D40/><U120/><E120/><V98/><F130/><W39/><G39/><T25/><D85/><AGARI ba="0,0" hai="5,11,15,46,48,52,59,60,64,85,86,88,95,99" machi="85" ten="40,5200,0" yaku="8,1,54,2" doraHai="66" who="3" fromWho="0" sc="242,-52,294,0,251,0,213,52" /><INIT seed="6,0,0,1,3,59" ten="190,294,251,265" oya="2" hai0="96,88,66,64,114,37,116,131,124,99,0,40,104" hai1="120,122,75,61,87,16,50,55,74,6,132,53,80" hai2="93,13,21,118,110,127,3,62,24,123,36,28,30" hai3="89,26,43,68,105,92,52,1,8,83,45,19,128"/><V63/><F123/><N who="1" m="47145" /><E132/><V109/><F118/><W73/><G105/><T130/><D0/><U133/><E133/><V78/><F3/><W38/><G68/><T42/><D116/><U86/><E6/><V27/><F36/><W5/><G128/><N who="0" m="49195" /><D114/><U46/><E16/><N who="2" m="10383" /><F93/><W31/><G19/><T111/><D111/><N who="2" m="42506" /><F78/><W15/><G1/><T4/><D4/><U112/><E112/><V67/><F127/><W32/><G83/><T51/><D37/><U103/><E103/><V97/><F97/><W77/><G77/><T44/><D40/><N who="1" m="24903" /><E61/><N who="2" m="23051" /><F67/><N who="0" m="25642" /><D124/><U25/><E25/><AGARI ba="0,0" hai="24,25,27,28,30" m="23051,42506,10383" machi="25" ten="30,12000,1" yaku="10,1,52,3,54,1" doraHai="59" who="2" fromWho="1" sc="190,0,294,-120,251,120,265,0" owari="190,-21.0,174,-32.6,371,47.1,265,6.5" /></mjloggm>