<mjloggm ver="2.3"><GO type="225" lobby="0"/><UN n0="%48%61%61%61%6C%61%6E%64" n1="%E3%83%AD%E3%83%83%E3%83%86%E9%9B%80%E7%90%83" n2="%E3%82%BC%E3%83%AB%E3%83%80%E3%81%AE%E4%BC%9D%E8%AA%AC" n3="%E3%81%9F%E3%81%A3%E3%81%A1%E3%82%87" dan="17,17,16,16" rate="2260.82,2167.49,2127.70,2108.83" sx="M,M,M,M"/><TAIKYOKU oya="0"/><INIT seed="0,0,0,1,3,73" ten="250,250,250,250" oya="0" hai0="100,63,118,43,81,83,6,96,28,25,77,9,113" hai1="130,108,74,134,129,19,11,110,72,51,61,49,78" hai2="123,120,12,102,14,53,40,56,5,20,127,131,112" hai3="10,80,29,117,79,94,65,116,87,55,30,133,60"/><T45/><D113/><U4/><E19/><V59/><F112/><W104/><G133/><T58/><D118/><U70/><E134/><V97/><F127/><W33/><G104/><T98/><D25/><U135/><E135/><V66/><F131/><N who="1" m="50185" /><E61/><V34/><F34/><W119/><G55/><T124/><D28/><U1/><E70/><V90/><F40/><W132/><G132/><T52/><D124/><U126/><E126/><V26/><F90/><W35/><G10/><T41/><D83/><N who="1" m="45511" /><E74/><V48/><F5/><W17/><G17/><T114/><D114/><U69/><E69/><V23/><F23/><W106/><G29/><T86/><D100/><U92/><E92/><N who="2" m="58663" /><F120/><W109/><G30/><T7/><D7/><U121/><E121/><V36/><F36/><W103/><G94/><T31/><D31/><U107/><E107/><V8/><F123/><W57/><REACH who="3" step="1"/><G109/><AGARI ba="0,0" hai="1,4,11,49,51,108,109,110" m="45511,50185" machi="109" ten="30,3900,0" yaku="14,1,19,1,52,1" doraHai="73" who="1" fromWho="3" sc="250,0,250,39,250,0,250,-39" /><INIT seed="1,0,0,5,0,12" ten="250,289,250,211" oya="1" hai0="79,111,86,72,2,8,71,32,38,34,96,70,31" hai1="30,57,55,46,112,62,56,88,134,1,124,84,76" hai2="67,97,27,114,103,13,69,17,36,75,120,64,100" hai3="60,54,131,68,127,11,51,10,122,42,130,95,123"/><U24/><E124/><V101/><F120/><N who="3" m="46123" /><G95/><T37/><D86/><U39/><E134/><V108/><F108/><W7/><G10/><T82/><D111/><U80/><E112/><V41/><F114/><W110/><G11/><T98/><D98/><U28/><E1/><V90/><F75/><W52/><G7/><N who="0" m="1143" /><D96/><U3/><E3/><V78/><F78/><W29/><G29/><N who="1" m="11370" /><E39/><N who="0" m="14857" /><D31/><U107/><E107/><V83/><F27/><W132/><G127/><T23/><D23/><U4/><E46/><V77/><F77/><W40/><G110/><T126/><D126/><U47/><E47/><V106/><F106/><W105/><G105/><T26/><D26/><U5/><E24/><V85/><F97/><W74/><G74/><T20/><D20/><U113/><E113/><V16/><F69/><AGARI ba="0,0" hai="32,34,69,70,71,72,79,82" m="14857,1143" machi="69" ten="30,2000,0" yaku="33,2" doraHai="12" who="0" fromWho="2" sc="250,20,289,0,250,-20,211,0" /><INIT seed="2,0,0,3,0,73" ten="270,289,230,211" oya="2" hai0="51,112,76,53,84,60,130,4,8,12,131,115,22" hai1="106,63,55,97,10,65,42,100,31,7,94,27,59" hai2="79,124,83,16,98,68,117,110,43,18,81,69,29" hai3="1,90,91,24,85,135,62,82,75,44,111,5,89"/><V127/><F117/><W107/><G111/><T101/><D101/><U77/><E42/><V70/><F110/><W104/><G135/><T56/><D22/><U23/><E77/><V20/><F43/><W71/><G75/><T134/><D134/><U45/><E106/><V64/><F64/><W103/><G44/><T52/><D84/><U47/><REACH who="1" step="1"/><E55/><REACH who="1" ten="270,279,230,211" step="2"/><V86/><F98/><W122/><G104/><T116/><D76/><U80/><E80/><V54/><F54/><W58/><G71/><T25/><D53/><U102/><E102/><V46/><F83/><W114/><G103/><T28/><D52/><U35/><E35/><V109/><F109/><W121/><G107/><T123/><D51/><U21/><E21/><V13/><F46/><W133/><G133/><T41/><D41/><U61/><E61/><V113/><F113/><W39/><G114/><T38/><D60/><U105/><E105/><V78/><F78/><W67/><G39/><T0/><D38/><U14/><AGARI ba="0,1" hai="7,10,14,23,27,31,45,47,59,63,65,94,97,100" machi="14" ten="20,12000,2" yaku="1,1,0,1,7,1,25,2,8,1,53,0" doraHai="73" doraHaiUra="48" who="1" fromWho="1" sc="270,-30,279,130,230,-60,211,-30" /><INIT seed="3,0,0,4,4,109" ten="240,409,170,181" oya="3" hai0="106,71,86,68,38,84,76,10,17,73,113,21,128" hai1="44,7,123,119,3,20,111,98,88,14,30,51,11" hai2="85,36,89,83,99,53,1,118,97,135,24,75,33" hai3="52,23,94,134,91,132,125,29,66,27,130,6,67"/><W81/><G125/><T127/><D38/><U2/><E123/><V22/><F118/><W28/><G130/><T63/><D106/><U56/><E111/><V116/><F116/><W16/><G6/><T69/><D127/><U92/><E119/><V58/><F135/><N who="3" m="51755" /><G81/><T61/><D128/><U45/><E2/><V96/><F36/><W34/><G52/><T72/><D72/><U78/><E78/><V82/><F1/><W74/><G74/><T114/><D73/><U70/><E70/><V124/><F124/><W35/><G28/><T4/><D63/><U133/><E133/><V59/><F33/><N who="3" m="12299" /><G29/><T129/><D61/><U40/><E3/><V102/><F102/><W9/><G9/><T107/><D129/><U15/><E30/><V48/><F75/><W25/><G25/><T47/><D10/><U122/><E122/><V57/><F83/><W121/><G121/><T26/><D4/><U42/><E42/><V19/><AGARI ba="0,0" hai="19,22,24,48,53,57,58,59,82,85,89,96,97,99" machi="19" ten="30,2000,0" yaku="0,1,8,1" doraHai="109" who="2" fromWho="2" sc="240,-5,409,-5,170,20,181,-10" owari="235,3.5,404,50.4,190,-21.0,171,-32.9" /></mjloggm>