<mjloggm ver="2.3"><GO type="225" lobby="0"/><UN n0="%E3%83%A2%E3%82%B0%E3%83%9E%E3%83%AA%E3%83%A2" n1="%E3%82%82%E3%81%90%E3%82%89" n2="%6D%75%75%6D%75%72%61" n3="%E3%81%82%E3%81%B9%E3%81%99%E3%81%91" dan="16,17,16,16" rate="2101.75,2224.44,2165.02,2103.99" sx="M,M,F,M"/><TAIKYOKU oya="0"/><INIT seed="0,0,0,5,0,93" ten="250,250,250,250" oya="0" hai0="50,79,48,97,59,105,53,26,95,129,98,113,10" hai1="11,106,127,5,121,41,104,68,30,25,89,76,8" hai2="65,103,20,122,60,9,94,46,54,96,124,57,80" hai3="108,15,86,90,109,81,3,107,23,78,4,116,37"/><T1/><D113/><U112/><E121/><V19/><F122/><W22/><G116/><T45/><D129/><U66/><E112/><V132/><F132/><W128/><G37/><T134/><D134/><U74/><E127/><V71/><F124/><W84/><G128/><T72/><D26/><U77/><E77/><V119/><F119/><W82/><G107/><T32/><D32/><U125/><E125/><V13/><F80/><W7/><G3/><T56/><D105/><U63/><E11/><V99/><F99/><W88/><G78/><T36/><D36/><U42/><E89/><V12/><F46/><W87/><G87/><T51/><D51/><U39/><E42/><V27/><REACH who="2" step="1"/><F9/><REACH who="2" ten="250,250,240,250" step="2"/><W123/><G123/><T31/><D97/><U126/><E126/><V73/><F73/><W52/><REACH who="3" step="1"/><G15/><REACH who="3" ten="250,250,240,240" step="2"/><T135/><D1/><N who="1" m="47" /><E74/><V49/><AGARI ba="0,2" hai="12,13,19,20,27,49,54,57,60,65,71,94,96,103" machi="49" ten="20,5200,0" yaku="1,1,0,1,7,1,52,1,53,0" doraHai="93" doraHaiUra="24" who="2" fromWho="2" sc="250,-26,250,-13,240,72,240,-13" /><INIT seed="1,0,0,5,4,102" ten="224,237,312,227" oya="1" hai0="21,110,66,3,129,63,77,109,45,6,37,14,26" hai1="117,94,16,71,42,9,34,2,85,48,52,59,115" hai2="57,101,27,12,130,58,8,132,89,38,36,61,46" hai3="88,111,121,69,67,98,56,60,22,114,118,105,32"/><U95/><E117/><V70/><F130/><W133/><G114/><T100/><D129/><U92/><E115/><V33/><F132/><W18/><G121/><T28/><D77/><U54/><E71/><V24/><F70/><W47/><G32/><T35/><D100/><U53/><E34/><V86/><F101/><W74/><G74/><T30/><D37/><U103/><E103/><V4/><F58/><W126/><G111/><N who="0" m="42507" /><D45/><N who="1" m="25655" /><E2/><V17/><F46/><W43/><G126/><T10/><D63/><N who="1" m="36327" /><E85/><V90/><F33/><W64/><G69/><T87/><D66/><U119/><E119/><V75/><F75/><W128/><G67/><T15/><D87/><U79/><E79/><V108/><F108/><W83/><G128/><T51/><D51/><U25/><E25/><AGARI ba="0,0" hai="3,6,10,14,15,21,25,26,28,30,35" m="42507" machi="25" ten="30,3900,0" yaku="14,1,34,2" doraHai="102" who="0" fromWho="1" sc="224,39,237,-39,312,0,227,0" /><INIT seed="2,0,0,0,3,47" ten="263,198,312,227" oya="2" hai0="88,75,105,52,36,93,82,30,131,67,9,69,97" hai1="37,31,19,89,87,94,3,60,13,17,28,59,53" hai2="109,99,42,121,106,57,74,65,7,90,32,4,112" hai3="102,92,22,44,96,40,66,2,86,56,62,68,110"/><V72/><F121/><W70/><G2/><T64/><D131/><U51/><E37/><V103/><F112/><W95/><G110/><T58/><D69/><U41/><E3/><V111/><F32/><W116/><G116/><T101/><D36/><U11/><E41/><V54/><F65/><W119/><G119/><T77/><D30/><U124/><E124/><V15/><F90/><W133/><G133/><T29/><D29/><U21/><REACH who="1" step="1"/><E60/><REACH who="1" ten="263,188,312,227" step="2"/><V113/><F42/><W83/><G22/><T73/><D73/><U39/><E39/><V115/><F72/><W76/><REACH who="3" step="1"/><G92/><REACH who="3" ten="263,188,312,217" step="2"/><T80/><D93/><U84/><E84/><V107/><F74/><W5/><G5/><T20/><D20/><U0/><E0/><V16/><F4/><W79/><G79/><T34/><D77/><U33/><E33/><V27/><F113/><W55/><G55/><T25/><D75/><U49/><E49/><AGARI ba="0,2" hai="40,44,49,56,62,66,68,70,76,83,86,95,96,102" machi="49" ten="30,3900,0" yaku="1,1,7,1,52,1,53,0" doraHai="47" doraHaiUra="23" who="3" fromWho="1" sc="263,0,188,-39,312,0,217,59" /><INIT seed="3,0,0,5,2,127" ten="263,149,312,276" oya="3" hai0="120,80,94,9,67,25,14,54,47,55,46,44,0" hai1="16,110,89,57,112,119,5,36,61,53,58,72,87" hai2="51,84,73,88,11,50,10,63,126,121,85,109,104" hai3="59,35,75,4,91,103,24,135,37,13,30,106,28"/><W82/><G37/><T42/><D120/><U105/><E110/><V43/><F73/><W34/><G135/><T12/><D42/><U130/><E112/><V92/><F109/><W31/><G106/><T66/><D0/><U52/><E119/><V27/><F104/><W107/><G107/><T79/><D94/><U3/><E105/><V125/><F121/><W116/><G103/><T2/><D2/><U100/><E100/><V15/><F27/><W71/><G71/><T98/><D98/><U101/><E101/><V124/><F63/><W129/><G24/><T90/><D25/><U7/><E72/><V39/><F39/><W99/><G31/><T20/><D90/><U83/><E36/><V96/><F10/><W123/><G91/><T65/><D20/><U81/><E3/><V102/><F43/><W86/><G99/><T48/><D12/><U108/><E108/><V77/><F77/><W117/><G13/><T133/><D133/><U45/><E45/><V68/><F68/><W29/><G75/><T64/><N who="0" m="16384" /><DORA hai="111" /><T23/><D23/><U22/><E83/><N who="2" m="49183" /><F85/><W93/><G86/><N who="0" m="48415" /><D48/><U115/><E115/><V18/><AGARI ba="0,0" hai="11,15,18,50,51,92,96,102,124,125,126" m="49183" machi="18" ten="30,2000,0" yaku="18,1,54,1" doraHai="127,111" who="2" fromWho="2" sc="263,-5,149,-5,312,20,276,-10" owari="258,-14.2,144,-35.6,332,43.2,266,6.6" /></mjloggm>