<mjloggm ver="2.3"><GO type="225" lobby="0"/><UN n0="%E8%81%B7%E6%A5%AD%E3%80%81%E9%A2%A8%32" n1="%E3%81%AF%E3%82%88%E3%81%8A%E3%81%98%E3%81%95%E3%82%93" n2="%E5%84%AA%40%41%42%43" n3="%73%69%72%6F%75%74" dan="16,16,17,16" rate="2084.65,2189.24,2232.75,2103.06" sx="M,M,M,M"/><TAIKYOKU oya="0"/><INIT seed="0,0,0,2,2,77" ten="250,250,250,250" oya="0" hai0="118,134,16,10,87,39,131,58,30,5,21,126,56" hai1="84,78,89,72,24,26,11,63,37,22,4,0,129" hai2="20,73,110,23,109,35,92,81,113,80,3,62,122" hai3="95,55,9,2,41,64,111,66,119,114,115,74,68"/><T6/><D39/><U49/><E37/><V133/><F122/><W85/><G74/><T48/><D118/><U12/><E129/><V130/><F113/><W44/><G119/><T76/><D131/><U127/><E127/><V65/><F130/><W13/><G2/><T99/><D134/><U17/><E78/><V34/><F73/><W100/><G111/><N who="2" m="42505" /><F3/><W31/><G31/><T29/><D126/><U96/><E72/><V135/><F92/><W36/><G66/><T86/><D99/><U7/><E96/><V57/><F20/><W70/><G100/><T38/><D38/><U117/><E117/><V69/><F23/><W128/><G128/><T19/><D76/><U8/><E63/><N who="2" m="40127" /><F34/><W91/><G55/><T52/><D21/><U14/><REACH who="1" step="1"/><E49/><REACH who="1" ten="250,240,250,250" step="2"/><V98/><F98/><W32/><G115/><T54/><REACH who="0" step="1"/><D48/><REACH who="0" ten="240,240,250,250" step="2"/><U47/><E47/><V112/><F112/><W75/><G114/><T107/><D107/><U97/><E97/><V18/><F35/><W28/><G32/><T101/><D101/><U15/><E15/><V83/><F18/><W40/><G13/><T1/><D1/><U106/><E106/><V50/><F50/><W53/><G36/><T82/><D82/><AGARI ba="0,2" hai="0,4,7,8,11,12,14,17,22,24,26,82,84,89" machi="82" ten="30,3900,0" yaku="1,1,7,1,52,1,53,0" doraHai="77" doraHaiUra="121" who="1" fromWho="0" sc="240,-39,240,59,250,0,250,0" /><INIT seed="1,0,0,5,2,17" ten="201,299,250,250" oya="1" hai0="56,100,119,57,24,68,27,96,91,30,69,41,103" hai1="46,129,130,37,82,131,72,76,38,110,127,33,10" hai2="64,121,71,61,92,107,133,67,98,94,112,106,19" hai3="3,134,85,114,87,55,25,81,77,54,29,80,16"/><U28/><E127/><V39/><F121/><W125/><G114/><T90/><D119/><U4/><E110/><V13/><F133/><W51/><G3/><T63/><D41/><U43/><E28/><V104/><F39/><W2/><G2/><T86/><D57/><U47/><E33/><V105/><F112/><W45/><G134/><T23/><D27/><U111/><E111/><V22/><N who="2" m="26624" /><DORA hai="48" /><V88/><F92/><W21/><G125/><T1/><D1/><N who="1" m="271" /><E47/><V40/><F64/><W5/><G5/><T128/><D96/><U116/><E37/><V108/><F40/><N who="3" m="24999" /><G29/><T36/><D36/><U117/><AGARI ba="0,0" hai="38,43,46,72,76,82,116,117,129,130,131" m="271" machi="117" ten="40,7800,0" yaku="25,1,19,1,23,1" doraHai="17,48" who="1" fromWho="1" sc="201,-26,299,78,250,-26,250,-26" /><INIT seed="1,1,0,3,1,78" ten="175,377,224,224" oya="1" hai0="67,45,135,119,101,112,34,50,59,71,29,1,25" hai1="44,30,54,33,69,9,115,73,109,95,82,2,75" hai2="8,57,76,6,46,0,39,18,132,122,118,56,52" hai3="22,20,102,84,107,131,53,23,126,21,19,27,61"/><U128/><E69/><V24/><F118/><W70/><G131/><T12/><D119/><U42/><E115/><V124/><F122/><W123/><G123/><T111/><D1/><U104/><E104/><V63/><F132/><W110/><G110/><T85/><D111/><U120/><E120/><V108/><F124/><W117/><G117/><T90/><D135/><U80/><E109/><V100/><F108/><W74/><G74/><T88/><D71/><U4/><E128/><V43/><F100/><W129/><G129/><T31/><D31/><U134/><E134/><V65/><F24/><W48/><G126/><T15/><D101/><U87/><E54/><V106/><F18/><W125/><G125/><T86/><D112/><U121/><E121/><V127/><F106/><W116/><G116/><T47/><D47/><U81/><E33/><V7/><F7/><W38/><G38/><T89/><D59/><U105/><E30/><V51/><F76/><W11/><G102/><T133/><D67/><U113/><E105/><V68/><REACH who="2" step="1"/><F127/><REACH who="2" ten="175,377,214,224" step="2"/><W64/><G107/><T103/><D103/><U91/><REACH who="1" step="1"/><E113/><REACH who="1" ten="175,367,214,224" step="2"/><V16/><F16/><W17/><G17/><T14/><REACH who="0" step="1"/><D133/><REACH who="0" ten="165,367,214,224" step="2"/><U114/><E114/><V79/><F79/><W40/><G27/><T83/><D83/><U5/><E5/><V92/><F92/><W3/><G19/><T10/><D10/><U49/><AGARI ba="1,3" hai="2,4,9,42,44,49,73,75,80,81,82,87,91,95" machi="49" ten="30,18000,2" yaku="1,1,0,1,52,3,53,1" doraHai="78" doraHaiUra="35" who="1" fromWho="1" sc="165,-61,367,213,214,-61,224,-61" /><INIT seed="1,2,0,1,5,37" ten="104,580,153,163" oya="1" hai0="132,82,0,50,13,105,3,129,109,42,68,124,12" hai1="73,87,28,125,27,106,39,122,75,123,44,110,31" hai2="10,112,38,83,90,108,21,97,32,120,41,70,81" hai3="7,128,5,35,103,40,99,86,98,63,51,85,60"/><U55/><E106/><V18/><F32/><W95/><G35/><T96/><D68/><U119/><E119/><V15/><F120/><W80/><G128/><T111/><D129/><U93/><E125/><V26/><F70/><W72/><G72/><T61/><D124/><U11/><E110/><N who="0" m="41993" /><D132/><U113/><E113/><V130/><F130/><W121/><G121/><T20/><D61/><N who="3" m="23625" /><G99/><T67/><D67/><U9/><E39/><V29/><F112/><W24/><G24/><T118/><D118/><U16/><E27/><V92/><REACH who="2" step="1"/><F108/><REACH who="2" ten="104,580,143,163" step="2"/><W74/><G74/><T102/><D82/><U78/><E75/><V134/><F134/><W116/><G116/><T89/><D20/><U1/><E73/><V8/><F8/><W65/><G80/><T2/><D89/><U79/><E9/><V4/><F4/><W14/><G5/><T34/><D34/><U59/><E11/><V33/><F33/><W25/><G7/><T49/><D49/><U100/><E123/><V57/><F57/><W114/><G51/><T126/><D126/><U45/><E59/><V71/><F71/><W64/><G114/><T22/><D22/><U56/><E56/><V19/><F19/><W17/><G17/><T94/><D105/><U36/><E16/><V66/><F66/><W91/><G65/><T117/><D117/><U127/><E122/><V131/><F131/><W52/><G64/><T46/><AGARI ba="2,1" hai="0,2,3,12,13,42,46,50,94,96,102" m="41993" machi="46" ten="40,2700,0" yaku="14,1,52,1" doraHai="37" who="0" fromWho="0" sc="104,43,580,-15,143,-9,163,-9" /><INIT seed="2,0,0,4,1,105" ten="147,565,134,154" oya="2" hai0="99,78,46,114,38,94,93,127,48,33,55,10,3" hai1="53,9,119,64,82,92,67,20,42,18,87,23,77" hai2="80,104,17,37,19,2,59,84,76,32,22,34,58" hai3="49,63,74,116,44,15,89,16,79,135,26,14,102"/><V88/><F37/><W45/><G116/><T5/><D33/><U106/><E106/><V62/><F104/><W103/><G135/><T8/><D114/><U90/><E119/><V117/><F2/><W36/><G74/><T110/><D110/><U123/><E123/><V120/><F120/><W125/><G79/><T4/><D127/><U130/><E130/><V35/><F117/><W115/><G36/><T31/><D31/><U27/><E42/><V81/><F22/><N who="3" m="13639" /><G125/><T54/><D78/><U51/><E9/><V21/><F62/><W25/><G25/><T47/><D99/><N who="1" m="57751" /><E23/><V112/><F112/><W12/><G115/><T29/><D29/><U28/><E18/><V95/><F81/><W30/><G30/><T124/><D124/><U132/><E132/><V56/><REACH who="2" step="1"/><F21/><REACH who="2" ten="147,565,124,154" step="2"/><W1/><G1/><T113/><D113/><U7/><E20/><V70/><F70/><W13/><G63/><T128/><D128/><U107/><E107/><V66/><F66/><W39/><G39/><T75/><D38/><U43/><E67/><V129/><F129/><W96/><G49/><T133/><D3/><U83/><E82/><V131/><F131/><W68/><G68/><T69/><D69/><U72/><E64/><V109/><F109/><W122/><G122/><T6/><D133/><U0/><E0/><V24/><F24/><W61/><G61/><T97/><D48/><U98/><E83/><V50/><F50/><W65/><G65/><T111/><D111/><U60/><E51/><V134/><F134/><W40/><N who="3" m="3072" /><DORA hai="85" /><W100/><G40/><T86/><D10/><RYUUKYOKU ba="0,1" sc="147,-15,565,-15,124,15,154,15" hai2="17,19,32,34,35,56,58,59,76,80,84,88,95" hai3="44,45,89,96,100,102,103" /><INIT seed="2,1,1,2,3,23" ten="132,550,139,169" oya="2" hai0="90,22,41,71,105,91,126,70,92,69,17,96,26" hai1="8,122,47,14,129,1,43,85,39,97,132,103,121" hai2="53,48,0,15,86,49,2,52,33,88,19,133,51" hai3="95,82,77,55,40,67,27,46,76,81,80,62,111"/><V74/><F74/><W134/><G134/><T58/><D126/><U6/><E132/><V109/><F33/><W118/><G118/><T54/><D41/><U12/><E85/><V107/><F107/><W89/><G111/><T131/><D131/><U66/><E66/><V28/><F133/><W87/><G27/><T79/><D79/><U37/><E37/><V7/><F28/><W113/><G113/><T45/><D45/><U38/><E38/><V35/><F35/><W56/><REACH who="3" step="1"/><G67/><REACH who="3" ten="132,550,139,159" step="2"/><T78/><D78/><U116/><E116/><V3/><F109/><W57/><G57/><T16/><D105/><N who="1" m="63727" /><E129/><V101/><F7/><W108/><G108/><T65/><D65/><U127/><E127/><V99/><F101/><W115/><G115/><T83/><D91/><U20/><E20/><V120/><F120/><AGARI ba="1,2" hai="1,6,8,12,14,39,43,47,120,121,122" m="63727" machi="120" ten="30,1000,0" yaku="13,1" doraHai="23" who="1" fromWho="2" sc="132,0,550,33,139,-13,159,0" /><INIT seed="3,0,0,1,3,43" ten="132,583,126,159" oya="3" hai0="6,2,7,88,13,46,104,60,110,118,54,124,50" hai1="79,21,24,78,48,99,83,42,84,36,100,41,101" hai2="49,70,38,116,112,11,58,93,9,106,127,71,126" hai3="62,47,80,10,33,77,29,0,45,20,105,98,86"/><W19/><G62/><T51/><D110/><U74/><E36/><V16/><F112/><W129/><G129/><T123/><D118/><U3/><E3/><V18/><F116/><W39/><G39/><T52/><D2/><U65/><E74/><V26/><F106/><W135/><G135/><T53/><D104/><U107/><E65/><V17/><F38/><W37/><G37/><T87/><D123/><U1/><E1/><V120/><F120/><W132/><G132/><T30/><D124/><N who="2" m="47658" /><F26/><N who="3" m="18615" /><G98/><T72/><D72/><U31/><E101/><V81/><F93/><W64/><G64/><T94/><D30/><U34/><E79/><V125/><N who="2" m="47666" /><V63/><DORA hai="90" /><F81/><W91/><G77/><T23/><D60/><U66/><E66/><N who="2" m="39287" /><F49/><N who="0" m="18442" /><D46/><U113/><E113/><V108/><F108/><W67/><G47/><T28/><D28/><U114/><E114/><V103/><F103/><W32/><G45/><T96/><D96/><U25/><E48/><V75/><F75/><W134/><G105/><T57/><D57/><U109/><E109/><V61/><F61/><W8/><G134/><T130/><D130/><U73/><E73/><V85/><F85/><W115/><G115/><T119/><D119/><U133/><E133/><V5/><F5/><W55/><G86/><T117/><D117/><U89/><E78/><V102/><F102/><W97/><G97/><T68/><D68/><AGARI ba="0,0" hai="9,11,16,17,18,68,70,71" m="39287,47666" machi="68" ten="50,3200,0" yaku="18,1,54,1" doraHai="43,90" who="2" fromWho="0" sc="132,-32,583,0,126,32,159,0" owari="100,-40.0,583,68.3,158,-24.2,159,-4.1" /></mjloggm>