<mjloggm ver="2.3"><GO type="225" lobby="0"/><UN n0="%E8%B6%85%E7%B4%9A%E9%B3%B3%E5%87%B0" n1="%72%69%6F%75%63%68%61%6E" n2="%E7%B4%94%E6%BD%94%E3%83%94%E3%83%A9%E3%83%8B%E3%82%A2" n3="%47%68%6F%73%74%55%30" dan="17,16,16,17" rate="2184.08,2140.81,2174.73,2184.18" sx="M,M,M,M"/><TAIKYOKU oya="0"/><INIT seed="0,0,0,4,2,11" ten="250,250,250,250" oya="0" hai0="18,102,49,46,41,70,128,88,68,14,43,56,59" hai1="116,32,61,28,93,29,40,22,17,5,26,112,73" hai2="99,3,94,9,7,72,33,74,126,117,129,69,80" hai3="134,89,83,35,130,103,6,53,45,91,55,38,0"/><T115/><D115/><U122/><E116/><V15/><F69/><W2/><G35/><T132/><D128/><U44/><E122/><V123/><F123/><W96/><G130/><T1/><D1/><U65/><E112/><V106/><F129/><W24/><G134/><T113/><D113/><U101/><E73/><V20/><F117/><W10/><G0/><T118/><D118/><U85/><E5/><V66/><F106/><W119/><G119/><T37/><D132/><U90/><E101/><V95/><F33/><W131/><G24/><T4/><D102/><U84/><E84/><V30/><F66/><W60/><G131/><T86/><D4/><U125/><E125/><V67/><F67/><W124/><G124/><T62/><D37/><U107/><E107/><V92/><F126/><W76/><G60/><T98/><D98/><U114/><E114/><V71/><F71/><W120/><G120/><T97/><D97/><U27/><E28/><V100/><F74/><N who="3" m="43415" /><G103/><T87/><D43/><U77/><E77/><V133/><F133/><W111/><G111/><T108/><D87/><U105/><E105/><V51/><F51/><W31/><G31/><T54/><D59/><U52/><E52/><N who="3" m="20042" /><G96/><T21/><D108/><U13/><E27/><V39/><F39/><W64/><G64/><T36/><D62/><U42/><REACH who="1" step="1"/><E44/><REACH who="1" ten="250,240,250,250" step="2"/><V110/><F110/><W58/><G58/><AGARI ba="0,1" hai="13,17,22,26,29,32,40,42,58,61,65,85,90,93" machi="58" ten="30,8000,1" yaku="1,1,2,1,7,1,52,1,53,1" doraHai="11" doraHaiUra="57" who="1" fromWho="3" sc="250,0,240,90,250,0,250,-80" /><INIT seed="1,0,0,2,4,27" ten="250,330,250,170" oya="1" hai0="49,72,84,67,40,74,103,48,79,5,2,91,59" hai1="9,32,73,39,15,10,95,68,117,56,86,29,118" hai2="132,104,126,34,63,76,113,99,52,90,123,82,60" hai3="96,42,30,114,105,71,124,66,23,62,81,127,97"/><U121/><E121/><V65/><F34/><W98/><G114/><T47/><D79/><U3/><E68/><V64/><F113/><W50/><G105/><T120/><D120/><U70/><E70/><V75/><F132/><W46/><REACH who="3" step="1"/><G81/><REACH who="3" ten="250,330,250,160" step="2"/><T55/><D103/><U80/><E80/><V20/><F123/><W37/><G37/><T28/><D49/><U35/><E39/><V77/><F104/><W116/><G116/><T129/><D48/><U109/><E118/><V88/><F82/><W101/><G101/><T133/><D133/><U135/><E117/><V100/><F100/><W115/><G115/><T38/><D129/><U22/><E135/><V25/><F126/><W128/><G128/><T16/><D38/><U17/><E95/><V107/><F107/><W61/><G61/><T8/><D74/><U130/><E73/><V0/><F75/><W83/><G83/><T19/><D72/><U125/><E125/><V93/><F63/><W44/><G44/><T7/><D47/><U92/><E92/><N who="2" m="56711" /><F76/><W18/><G18/><T51/><D16/><U12/><E130/><V45/><F77/><W36/><G36/><T106/><D106/><U58/><E17/><N who="2" m="12431" /><F45/><W108/><G108/><T4/><D19/><U78/><E109/><V87/><F0/><W69/><G69/><T53/><D2/><U112/><E3/><V119/><F119/><W102/><G102/><T122/><D122/><U14/><E112/><V6/><F6/><W33/><G33/><T1/><D4/><U54/><E78/><V21/><F21/><W85/><G85/><T24/><D1/><RYUUKYOKU ba="0,1" sc="250,-15,330,-15,250,15,160,15" hai2="52,60,64,65,87,90,93" hai3="23,30,42,46,50,62,66,71,96,97,98,124,127" /><INIT seed="2,1,1,3,5,135" ten="235,315,265,175" oya="2" hai0="124,130,48,52,100,126,91,96,85,76,129,133,89" hai1="62,65,53,0,61,113,115,59,60,5,106,90,34" hai2="117,10,32,27,45,15,93,19,97,80,64,102,116" hai3="17,41,46,103,7,104,123,73,81,25,13,38,125"/><V11/><F64/><W70/><G123/><T9/><D133/><U3/><E34/><V63/><F63/><W21/><G70/><T37/><D37/><U94/><E106/><V14/><F80/><W87/><G73/><T111/><D111/><U18/><E18/><V68/><F68/><W99/><G125/><N who="0" m="48235" /><D9/><U77/><E77/><V105/><F105/><W132/><G132/><T119/><D119/><U75/><E75/><V40/><F27/><W42/><G42/><T108/><D108/><U114/><E5/><V120/><F32/><W86/><G7/><T44/><D76/><U30/><E30/><V57/><F57/><W51/><G38/><T72/><D72/><U22/><E22/><V29/><F29/><W122/><G122/><T12/><D12/><U54/><E54/><V28/><F28/><W118/><G118/><T121/><D121/><U6/><E6/><V36/><F120/><W84/><REACH who="3" step="1"/><G13/><REACH who="3" ten="235,315,265,165" step="2"/><T67/><D67/><U78/><E65/><V1/><F1/><W23/><G23/><T107/><D85/><U131/><E0/><V83/><F117/><W33/><G33/><T101/><D101/><U43/><E3/><V109/><F116/><W110/><G110/><T50/><D50/><U79/><E115/><V24/><F109/><W20/><G20/><T128/><AGARI ba="1,2" hai="44,48,52,89,91,96,100,107,128,129,130" m="48235" machi="128" ten="40,12000,2" yaku="19,1,18,1,52,3,54,1" doraHai="135" who="0" fromWho="0" sc="235,143,315,-31,265,-61,165,-31" /><INIT seed="3,0,0,1,4,5" ten="378,284,204,134" oya="3" hai0="51,76,83,15,130,26,63,34,22,8,126,58,1" hai1="73,2,32,127,129,67,69,37,119,118,14,55,38" hai2="19,41,117,72,110,27,35,134,4,12,102,59,114" hai3="79,0,21,86,115,50,111,97,131,113,135,124,6"/><W74/><G74/><T13/><D130/><U71/><E2/><V17/><F72/><W62/><G131/><T80/><D126/><U44/><E129/><V45/><F114/><W112/><G124/><T3/><D34/><U42/><E73/><V103/><F117/><N who="1" m="44553" /><E32/><V47/><F110/><W25/><G111/><T24/><D51/><N who="1" m="27031" /><E127/><V84/><F134/><W54/><G135/><T98/><D98/><U90/><E90/><V31/><F59/><W65/><G97/><T75/><D80/><U66/><E55/><V23/><F47/><W16/><G6/><T60/><D60/><N who="1" m="40135" /><E14/><V96/><F96/><W101/><G0/><T77/><D77/><U128/><E128/><V122/><F122/><W105/><G105/><T49/><D49/><U93/><E93/><V40/><F40/><W81/><G101/><T61/><D61/><AGARI ba="0,0" hai="37,38,61,67,71" m="40135,27031,44553" machi="61" ten="30,3900,0" yaku="12,1,34,2" doraHai="5" who="1" fromWho="0" sc="378,-39,284,39,204,0,134,0" owari="339,43.9,323,12.3,204,-19.6,134,-36.6" /></mjloggm>