<mjloggm ver="2.3"><GO type="225" lobby="0"/><UN n0="%E3%83%A9%E3%83%BC%E3%83%A1%E3%83%B3%E4%BA%94%E9%83%8E" n1="%E6%97%A5%E6%9B%9C%E6%97%A5%E3%82%88%E3%82%8A%E3%81%AE%E4%BD%BF%E8%80%85" n2="%E3%81%82%E3%82%93%E3%81%AA%E3%81%A4" n3="%E6%A1%9C%E8%8A%B1%E9%96%83%E3%80%85" dan="16,17,17,18" rate="2068.27,2184.31,2178.19,2246.51" sx="M,M,M,M"/><TAIKYOKU oya="0"/><INIT seed="0,0,0,4,5,38" ten="250,250,250,250" oya="0" hai0="64,0,66,72,103,97,92,131,30,114,25,42,50" hai1="116,54,58,39,73,70,49,65,133,37,35,67,26" hai2="80,90,34,47,29,88,20,93,87,56,40,48,61" hai3="134,6,79,13,21,91,52,78,130,55,135,5,113"/><T110/><D114/><U115/><E73/><V123/><F123/><W18/><G113/><T27/><D0/><U84/><E84/><V132/><F132/><N who="3" m="50731" /><G130/><T4/><D72/><U94/><E94/><V95/><F34/><W28/><G91/><T121/><D121/><U101/><E101/><V31/><F20/><W19/><G28/><T100/><D131/><U62/><E26/><V22/><F22/><W129/><G129/><T36/><D36/><N who="1" m="13899" /><E35/><V68/><F68/><W53/><G19/><T76/><D4/><AGARI ba="0,0" hai="4,5,6,13,18,21,52,53,55,78,79" m="50731" machi="4" ten="30,2000,0" yaku="20,1,54,1" doraHai="38" who="3" fromWho="0" sc="250,-20,250,0,250,0,250,20" /><INIT seed="1,0,0,2,3,74" ten="230,250,250,270" oya="1" hai0="33,5,26,124,51,10,129,7,91,56,18,88,0" hai1="119,109,133,122,38,83,71,127,131,96,134,35,28" hai2="103,90,125,123,1,104,34,97,76,67,70,100,112" hai3="89,82,15,92,57,29,40,87,68,23,14,95,69"/><U41/><RYUUKYOKU type="yao9" ba="0,0" sc="230,0,250,0,250,0,270,0" hai1="28,35,38,41,71,83,96,109,119,122,127,131,133,134" /><INIT seed="1,1,0,4,3,39" ten="230,250,250,270" oya="1" hai0="113,23,29,92,97,49,66,4,104,131,78,65,89" hai1="96,21,50,100,57,90,12,94,106,52,44,126,85" hai2="73,45,27,99,83,62,18,28,81,59,122,112,0" hai3="10,42,17,87,15,37,53,134,125,79,40,1,26"/><U13/><E126/><V84/><F122/><W38/><G125/><T91/><D113/><U16/><REACH who="1" step="1"/><E44/><REACH who="1" ten="230,240,250,270" step="2"/><V101/><F45/><W34/><G134/><T88/><D131/><U2/><E2/><V67/><F0/><W75/><G1/><T110/><D110/><U11/><E11/><V35/><F112/><W54/><G38/><T74/><D78/><U30/><E30/><V95/><F73/><W51/><G37/><T70/><D74/><U93/><E93/><V82/><REACH who="2" step="1"/><F18/><REACH who="2" ten="230,240,240,270" step="2"/><W111/><G75/><T63/><D29/><U56/><E56/><V24/><F24/><AGARI ba="1,2" hai="12,13,16,21,24,50,52,57,85,90,94,96,100,106" machi="24" ten="30,11600,0" yaku="1,1,7,1,54,2,53,0" doraHai="39" doraHaiUra="61" who="1" fromWho="2" sc="230,0,240,139,240,-119,270,0" /><INIT seed="1,2,0,0,1,65" ten="230,379,121,270" oya="1" hai0="70,77,61,94,19,48,2,38,80,55,26,103,121" hai1="114,132,43,6,24,120,7,83,20,102,60,113,33" hai2="78,130,32,8,47,127,63,21,14,97,13,110,133" hai3="41,64,98,57,49,68,34,124,11,128,45,129,73"/><U126/><E120/><V96/><F32/><W12/><G73/><T18/><D38/><U17/><E102/><V86/><F110/><W81/><G34/><T59/><D2/><U71/><E83/><V54/><F130/><N who="3" m="50283" /><G124/><T56/><D70/><U16/><E43/><V9/><F127/><W51/><G98/><N who="2" m="37993" /><F133/><W36/><G81/><T105/><D105/><U134/><E60/><V67/><F67/><W107/><G107/><T117/><D117/><U101/><E71/><V1/><F1/><W115/><G115/><N who="1" m="44042" /><E101/><V66/><F66/><W95/><G95/><T88/><D103/><U46/><E46/><V35/><F35/><W39/><G12/><N who="2" m="4713" /><F21/><W10/><G10/><T116/><D116/><U131/><E126/><V27/><F27/><W119/><G11/><T111/><D26/><N who="1" m="14599" /><E131/><V82/><F47/><N who="3" m="25839" /><G119/><T3/><D111/><U62/><E62/><V93/><F93/><W76/><G57/><AGARI ba="2,0" hai="8,9,54,57,63,78,82,86" m="4713,37993" machi="57" ten="30,1000,0" yaku="8,1" doraHai="65" who="2" fromWho="3" sc="230,0,379,0,121,16,270,-16" /><INIT seed="2,0,0,4,4,88" ten="230,379,137,254" oya="2" hai0="81,124,31,113,71,101,134,9,50,22,49,105,99" hai1="53,66,5,110,10,100,41,72,36,116,103,80,122" hai2="128,119,57,121,92,77,23,51,62,96,59,85,63" hai3="56,7,24,115,61,13,17,131,35,30,86,123,6"/><V26/><F119/><W65/><G123/><T87/><D113/><U46/><E116/><V104/><F128/><W67/><G131/><T3/><D71/><U75/><E122/><V118/><F118/><W44/><G115/><T102/><D124/><U37/><E37/><V68/><F121/><W8/><G67/><T16/><D134/><U79/><E75/><V12/><F12/><W19/><G44/><T117/><D117/><U58/><E66/><V109/><F109/><W4/><G86/><T29/><D101/><U94/><E94/><V129/><F104/><W125/><G125/><T130/><D130/><U106/><E106/><V60/><F68/><W64/><G19/><T45/><D9/><U97/><E97/><V11/><F11/><W33/><G64/><T70/><D3/><N who="1" m="319" /><E110/><V39/><F51/><AGARI ba="0,0" hai="36,41,46,51,53,58,72,79,80,100,103" m="319" machi="51" ten="30,1000,0" yaku="25,1" doraHai="88" who="1" fromWho="2" sc="230,0,379,10,137,-10,254,0" /><INIT seed="3,0,0,0,0,122" ten="230,389,127,254" oya="3" hai0="58,2,107,85,133,114,101,19,47,70,97,44,24" hai1="94,52,64,35,102,78,71,56,49,128,9,76,28" hai2="74,65,33,7,66,60,62,22,129,12,41,125,116" hai3="111,90,109,43,99,38,55,120,57,118,135,84,0"/><W100/><G120/><T103/><D70/><U21/><E35/><V23/><F74/><W54/><G0/><T108/><D2/><U117/><E128/><V110/><F41/><W18/><G118/><T67/><D133/><U68/><E68/><V29/><F12/><W8/><G135/><T10/><D114/><U80/><E117/><V42/><F116/><W63/><G55/><T26/><D103/><U98/><E71/><V37/><F42/><W4/><G18/><T81/><D10/><U77/><E64/><V134/><F134/><W1/><G43/><T51/><D19/><U27/><E9/><V69/><F69/><W130/><G38/><T79/><D44/><U20/><E20/><V15/><F15/><W6/><G6/><T87/><D85/><AGARI ba="0,0" hai="21,27,28,49,52,56,76,77,78,80,85,94,98,102" machi="85" ten="30,3900,0" yaku="7,1,8,1,54,1" doraHai="122" who="1" fromWho="0" sc="230,-39,389,39,127,0,254,0" owari="191,-20.9,428,52.8,127,-37.3,254,5.4" /></mjloggm>