<mjloggm ver="2.3"><GO type="225" lobby="0"/><UN n0="%E3%81%BE%E3%81%A8%E3%81%9F" n1="%4E%49%4A%49%49%52%4F" n2="%4D%50%43%32%38%30%30" n3="%E9%A2%A8%E3%81%A7%E9%B3%B4%E3%81%8F" dan="16,16,16,16" rate="2158.15,2175.84,2186.72,2130.24" sx="M,M,M,M"/><TAIKYOKU oya="0"/><INIT seed="0,0,0,0,3,5" ten="250,250,250,250" oya="0" hai0="132,19,105,13,66,52,71,82,130,108,116,35,79" hai1="16,94,120,12,8,63,85,25,97,74,123,31,56" hai2="125,104,58,118,57,80,1,90,99,106,76,110,127" hai3="44,43,38,51,54,24,73,112,0,53,67,102,87"/><T135/><D116/><U91/><E74/><N who="2" m="43031" /><F1/><W109/><G73/><T64/><D108/><U11/><E85/><V115/><F110/><W69/><G0/><T49/><D35/><U14/><E31/><V60/><F58/><W61/><G109/><T45/><D105/><U83/><E83/><V46/><F46/><W84/><G112/><T22/><D130/><U59/><E25/><V68/><F68/><W30/><G102/><T10/><D22/><U26/><E26/><V21/><F21/><W88/><G54/><T100/><D100/><U48/><E48/><V32/><F32/><W42/><G42/><T9/><D9/><U6/><E59/><V28/><F28/><W27/><G84/><T129/><D129/><U33/><E33/><V133/><F133/><N who="0" m="51274" /><D71/><U95/><E94/><N who="2" m="56791" /><F115/><W124/><G30/><T72/><AGARI ba="0,0" hai="10,13,19,45,49,52,64,66,72,79,82" m="51274" machi="72" ten="30,6000,0" yaku="20,1,52,1,54,1" doraHai="5" who="0" fromWho="0" sc="250,60,250,-20,250,-20,250,-20" /><INIT seed="0,1,0,3,5,6" ten="310,230,230,230" oya="0" hai0="46,12,133,10,77,2,33,61,110,50,62,81,75" hai1="116,115,26,69,13,15,98,20,96,119,126,91,93" hai2="101,94,117,99,14,112,88,35,84,78,8,132,23" hai3="27,52,45,17,64,40,57,38,121,42,66,47,127"/><T43/><D133/><U123/><E69/><V53/><F35/><W65/><G27/><T113/><D113/><U122/><E115/><V41/><F112/><W16/><G127/><T34/><D2/><U108/><E108/><V97/><F132/><W120/><G17/><T125/><D125/><U4/><E126/><V131/><F131/><W68/><G16/><T39/><D39/><U80/><E80/><N who="2" m="47127" /><F41/><N who="3" m="15979" /><G68/><T19/><D110/><U56/><E56/><V5/><F117/><W29/><G29/><T48/><REACH who="0" step="1"/><D48/><REACH who="0" ten="300,230,230,230" step="2"/><U22/><E119/><V21/><F53/><W18/><G38/><T95/><D95/><AGARI ba="1,1" hai="5,8,14,21,23,88,94,95,97,99,101" m="47127" machi="95" ten="30,3900,0" yaku="8,1,52,1,54,1" doraHai="6" who="2" fromWho="0" sc="300,-42,230,0,230,52,230,0" /><INIT seed="1,0,0,4,5,120" ten="258,230,282,230" oya="1" hai0="132,128,54,80,2,8,121,70,25,104,113,112,7" hai1="107,53,42,22,93,102,44,114,117,65,103,12,43" hai2="97,34,86,78,14,60,89,110,40,26,39,6,111" hai3="66,35,119,55,108,38,123,83,11,37,106,131,0"/><U127/><E117/><V105/><F78/><W27/><G106/><T49/><D104/><U62/><E114/><V10/><F60/><W59/><G66/><T64/><D121/><U48/><E107/><V118/><F118/><W4/><G123/><T98/><D128/><U29/><E127/><V50/><F39/><W129/><G83/><T85/><D98/><U115/><E115/><V18/><F40/><W20/><G35/><T13/><D25/><U126/><E126/><V88/><F50/><W94/><G94/><T61/><D2/><U109/><E109/><N who="2" m="41483" /><F86/><W36/><G108/><T67/><D67/><U73/><E73/><V1/><F26/><W30/><G119/><T3/><D3/><U32/><E32/><V116/><F116/><W68/><G68/><T69/><D69/><U71/><E93/><V56/><F56/><W72/><G72/><T130/><D130/><N who="3" m="49673" /><G37/><T46/><D132/><U28/><E42/><V41/><F41/><W17/><G38/><T87/><D87/><U57/><E29/><V33/><F33/><W99/><G99/><T45/><D45/><U31/><E31/><V91/><F34/><W90/><G36/><T101/><D112/><U23/><E28/><V58/><F58/><W63/><G30/><T51/><D51/><U74/><E74/><V95/><F105/><W84/><G84/><T5/><D113/><U134/><E71/><V122/><F122/><W92/><G92/><T96/><D70/><U19/><E43/><V16/><F1/><W15/><G0/><T9/><D85/><U77/><E62/><V82/><F82/><RYUUKYOKU ba="0,0" sc="258,-15,230,-15,282,15,230,15" hai2="6,10,14,16,18,88,89,91,95,97" hai3="4,11,15,17,20,27,55,59,63,90" /><INIT seed="2,1,0,2,3,22" ten="243,215,297,245" oya="2" hai0="25,96,55,11,128,108,134,135,24,27,12,37,103" hai1="52,28,92,102,32,132,38,63,59,48,67,8,86" hai2="31,2,104,23,15,111,133,21,129,130,71,56,123" hai3="127,40,87,41,0,16,80,76,79,78,115,89,29"/><V95/><F104/><W45/><G0/><T72/><D108/><U4/><E38/><V122/><F71/><W84/><G127/><T99/><D128/><N who="2" m="49258" /><F2/><W100/><G100/><T101/><D72/><U39/><E39/><V19/><F56/><W60/><G115/><T131/><D37/><U5/><E132/><N who="0" m="50729" /><D131/><U64/><E4/><V120/><F133/><W125/><G125/><T116/><D55/><U119/><E119/><V82/><F95/><W91/><G29/><T10/><D116/><U61/><E28/><V46/><F82/><W93/><G45/><T3/><D3/><U43/><E32/><V42/><F111/><W121/><G121/><T33/><D33/><U35/><E35/><V124/><F124/><W54/><G54/><T13/><D10/><U94/><E43/><V44/><F42/><W34/><G34/><T126/><D126/><U97/><E92/><V6/><F6/><W112/><G112/><T1/><D1/><U66/><REACH who="1" step="1"/><E86/><REACH who="1" ten="243,205,297,245" step="2"/><V53/><F123/><W75/><G41/><T20/><D20/><U117/><E117/><V65/><F122/><W68/><G40/><T107/><D11/><U118/><E118/><V50/><F120/><W98/><G75/><T110/><D110/><U85/><E85/><V17/><F31/><W69/><G87/><T36/><D36/><U62/><E62/><V81/><F23/><W57/><G60/><T26/><N who="0" m="6144" /><DORA hai="18" /><T9/><D9/><U113/><E113/><V90/><F21/><W74/><G74/><T30/><D30/><U14/><AGARI ba="1,1" hai="5,8,14,48,52,59,61,63,64,66,67,94,97,102" machi="14" ten="30,8000,1" yaku="1,1,0,1,8,1,54,1,53,1" doraHai="22,18" doraHaiUra="114,88" who="1" fromWho="1" sc="243,-21,205,93,297,-41,245,-21" /><INIT seed="3,0,0,0,2,74" ten="222,298,256,224" oya="3" hai0="71,37,103,89,0,73,113,5,19,106,48,7,12" hai1="128,53,57,58,135,72,54,46,86,38,75,112,30" hai2="35,45,50,15,96,33,68,83,9,126,114,21,125" hai3="17,132,94,69,10,92,28,62,55,127,87,16,78"/><W4/><G127/><N who="2" m="48649" /><F68/><W43/><G132/><T26/><D37/><U29/><E112/><V23/><F96/><W95/><G28/><T104/><D0/><U25/><E135/><V121/><F83/><N who="3" m="47607" /><G43/><T110/><D110/><U67/><E128/><V63/><F63/><W65/><G69/><T134/><D71/><U60/><E86/><V27/><F114/><W90/><G65/><T99/><D113/><U115/><E115/><V108/><F108/><W39/><G39/><T36/><D36/><U61/><E30/><N who="2" m="19679" /><F35/><W42/><G42/><T102/><D134/><U22/><E67/><V101/><F101/><W122/><G122/><T64/><D64/><U34/><E34/><V129/><F129/><W109/><G90/><T47/><D103/><U79/><E79/><V8/><F8/><W1/><G1/><T51/><D89/><U88/><E88/><V14/><F14/><N who="3" m="5447" /><G109/><T59/><D12/><U56/><E56/><AGARI ba="0,0" hai="16,17,55,56,62,92,94,95" m="5447,47607" machi="56" ten="30,5800,0" yaku="8,1,52,1,54,1" doraHai="74" who="3" fromWho="1" sc="222,0,298,-58,256,0,224,58" /><INIT seed="3,1,0,0,2,64" ten="222,240,256,282" oya="3" hai0="23,130,107,30,72,10,78,40,115,15,135,11,105" hai1="123,89,22,24,132,57,52,18,29,112,82,116,37" hai2="97,85,71,124,33,58,13,27,68,75,49,55,34" hai3="26,46,5,83,109,19,65,113,36,110,20,16,69"/><W134/><G113/><T98/><D130/><U63/><E123/><V14/><F75/><W76/><G5/><T133/><D115/><U47/><E112/><V90/><F124/><W79/><G134/><N who="0" m="51211" /><D98/><U80/><E132/><V120/><F120/><W44/><G19/><N who="0" m="10751" /><D40/><U45/><E116/><V51/><F97/><W25/><G25/><T131/><D30/><U41/><E45/><V129/><F129/><W43/><G46/><T125/><D125/><U17/><E89/><V35/><F27/><W32/><G32/><T126/><D126/><U99/><E99/><V66/><F51/><W114/><G114/><T0/><D131/><U74/><REACH who="1" step="1"/><E82/><REACH who="1" ten="222,230,256,282" step="2"/><V42/><F90/><W38/><G83/><N who="0" m="45511" /><D0/><U53/><E53/><V50/><F55/><W91/><G91/><T56/><D56/><U104/><E104/><AGARI ba="1,1" hai="10,11,104,105,107" m="45511,10751,51211" machi="104" ten="30,1000,0" yaku="20,1" doraHai="64" who="0" fromWho="1" sc="222,23,230,-13,256,0,282,0" /><INIT seed="4,0,0,1,2,74" ten="245,217,256,282" oya="0" hai0="105,68,88,48,16,124,31,126,65,133,80,62,130" hai1="92,32,37,107,114,60,85,21,33,120,8,116,91" hai2="63,111,86,22,103,14,134,45,54,76,132,36,78" hai3="89,4,123,110,57,77,41,24,83,61,10,7,131"/><T108/><D130/><U30/><E120/><V84/><F111/><W44/><G110/><T50/><D133/><N who="2" m="51306" /><F103/><W29/><G89/><T27/><D105/><U56/><E116/><V109/><F109/><W2/><G7/><T52/><D50/><U69/><E107/><V128/><F128/><W119/><G131/><T49/><D49/><U17/><E37/><V135/><F135/><W40/><G119/><T71/><D71/><U6/><BYE who="0" /><E69/><V87/><F63/><W19/><G19/><T125/><D125/><U113/><E30/><V25/><F14/><UN n0="%E3%81%BE%E3%81%A8%E3%81%9F" /><W3/><G3/><T1/><D1/><U98/><E85/><V38/><F54/><W9/><G9/><T34/><D16/><U82/><E82/><V66/><F66/><W121/><G40/><T72/><D108/><U15/><E113/><V53/><F53/><W100/><G100/><T11/><D11/><U39/><E39/><N who="2" m="14891" /><F45/><W106/><G106/><T23/><D34/><U64/><REACH who="1" step="1"/><E114/><REACH who="1" ten="245,207,256,282" step="2"/><V43/><F43/><W101/><G41/><T18/><D31/><AGARI ba="0,1" hai="22,25,31,76,78,84,86,87" m="14891,51306" machi="31" ten="40,5200,0" yaku="20,1,52,2" doraHai="74" who="2" fromWho="0" sc="245,-52,207,0,256,62,282,0" owari="193,-30.7,207,-19.3,318,41.8,282,8.2" /></mjloggm>