<mjloggm ver="2.3"><GO type="225" lobby="0"/><UN n0="%E6%A1%9C%E8%8A%B1%E9%96%83%E3%80%85" n1="%73%6C%69%63%6B%33%31%39" n2="%E3%83%B4%E3%83%A0%EF%BC%99%E3%81%A6" n3="%E3%81%BE%E3%81%A8%E3%81%9F" dan="16,16,17,16" rate="2122.94,2129.05,2143.01,2124.07" sx="M,M,M,M"/><TAIKYOKU oya="0"/><INIT seed="0,0,0,5,2,40" ten="250,250,250,250" oya="0" hai0="67,72,39,58,102,106,91,15,33,42,49,79,84" hai1="26,128,41,21,30,8,109,70,88,89,35,75,73" hai2="4,77,122,115,27,65,111,80,81,68,87,19,90" hai3="126,119,105,25,31,71,86,6,37,14,129,0,24"/><T95/><D33/><U3/><E70/><V83/><F122/><W99/><G119/><T5/><D39/><U11/><E109/><V62/><F115/><W63/><G129/><T100/><D106/><U18/><E128/><V103/><F111/><W64/><G126/><T23/><D72/><U124/><E124/><V98/><F4/><W13/><G25/><T22/><D79/><U46/><E73/><V2/><F2/><W123/><G123/><T135/><D135/><U43/><E75/><V116/><F116/><W51/><G37/><T94/><D67/><U121/><E121/><V78/><F78/><W10/><G86/><T55/><D42/><U117/><E43/><V120/><F77/><W92/><G51/><T50/><D50/><N who="1" m="26959" /><E11/><V36/><F36/><W131/><G131/><T74/><D74/><U47/><E47/><V127/><F127/><W59/><G71/><T45/><D58/><U82/><E82/><V134/><F134/><W12/><G105/><T76/><D76/><U118/><E118/><V107/><F120/><W101/><REACH who="3" step="1"/><G0/><REACH who="3" ten="250,250,250,240" step="2"/><T29/><D29/><U54/><E117/><V133/><F133/><W20/><AGARI ba="0,1" hai="6,10,12,13,14,20,24,31,59,63,64,92,99,101" machi="20" ten="20,16000,3" yaku="1,1,2,1,0,1,7,1,25,2,8,1,53,1" doraHai="40" doraHaiUra="97" who="3" fromWho="3" sc="250,-80,250,-40,250,-40,240,170" /><INIT seed="1,0,0,0,3,49" ten="170,210,210,410" oya="1" hai0="31,17,126,71,58,28,20,36,37,50,67,110,78" hai1="3,26,105,61,107,111,94,75,114,33,131,45,100" hai2="80,30,57,1,121,52,120,135,13,2,77,7,10" hai3="129,73,16,101,115,66,69,93,85,112,55,68,108"/><U18/><E114/><V54/><F135/><W128/><G73/><T70/><D78/><U127/><E3/><V83/><F30/><W9/><G108/><T35/><D35/><U4/><E75/><V24/><F24/><W84/><G69/><T11/><D11/><U23/><E4/><V12/><F57/><W79/><G66/><T103/><D103/><U21/><E33/><V88/><F77/><W123/><G55/><N who="0" m="32119" /><D17/><U119/><E119/><V44/><F44/><W82/><G68/><T118/><D20/><U76/><E61/><V90/><F10/><W72/><G123/><T102/><D102/><U22/><E45/><V133/><F133/><W62/><G62/><T64/><D28/><U34/><E34/><V29/><F29/><W104/><G16/><T47/><D31/><U106/><E111/><V40/><F40/><W87/><G9/><T19/><D118/><U91/><E76/><V130/><F130/><N who="3" m="50283" /><G104/><T95/><D67/><U89/><E131/><V38/><F38/><N who="0" m="14954" /><D64/><U74/><E74/><V14/><F14/><W86/><G72/><T81/><D81/><U53/><E18/><V6/><AGARI ba="0,0" hai="1,2,6,7,12,13,52,54,80,83,88,90,120,121" machi="6" ten="25,12000,2" yaku="0,1,22,2,52,2,54,2" doraHai="49" who="2" fromWho="2" sc="170,-30,210,-60,210,120,410,-30" /><INIT seed="2,0,0,0,3,6" ten="140,150,330,380" oya="2" hai0="67,39,12,23,47,61,71,125,13,121,54,52,103" hai1="100,24,29,75,35,33,46,80,58,22,60,28,4" hai2="32,56,97,7,27,10,57,11,79,135,93,59,129" hai3="128,94,17,90,68,96,26,98,116,41,131,0,25"/><V21/><F129/><N who="3" m="49739" /><G68/><T101/><D121/><U9/><E100/><N who="2" m="60463" /><F32/><W104/><G0/><T86/><D125/><U95/><E95/><V31/><F135/><W81/><G81/><T84/><D39/><U108/><E108/><V82/><F7/><W120/><G116/><T78/><D47/><U37/><E29/><V127/><F127/><W69/><G69/><T77/><D71/><U113/><E113/><V126/><F126/><W74/><G74/><T73/><D73/><U124/><E124/><V115/><F115/><W109/><G109/><T48/><D48/><U1/><E46/><V110/><F110/><W102/><G120/><T85/><D23/><U62/><E62/><V50/><F50/><W44/><G17/><T112/><D112/><U53/><REACH who="1" step="1"/><E37/><AGARI ba="0,0" hai="25,26,37,41,44,90,94,96,98,102,104" m="49739" machi="37" ten="30,1000,0" yaku="19,1" doraHai="6" who="3" fromWho="1" sc="140,0,150,-10,330,0,380,10" /><INIT seed="3,0,0,2,4,11" ten="140,140,330,390" oya="3" hai0="82,27,107,110,8,122,97,133,98,132,57,35,89" hai1="130,48,93,113,39,26,62,103,69,102,16,28,75" hai2="87,22,125,4,17,47,79,65,99,45,108,18,49" hai3="15,25,105,74,3,56,64,116,70,52,43,101,96"/><W76/><G3/><T53/><D122/><U21/><E113/><V12/><F108/><W61/><G116/><T95/><D110/><U120/><E120/><V7/><F125/><W34/><G43/><T66/><D66/><U114/><E114/><V20/><F65/><W36/><G36/><T19/><D82/><U73/><E39/><V80/><F99/><W60/><G74/><T54/><D8/><U131/><E48/><V2/><F2/><W14/><G76/><T9/><D9/><U126/><E126/><V90/><F79/><W32/><G32/><T121/><D121/><U78/><E69/><V42/><REACH who="2" step="1"/><F45/><REACH who="2" ten="140,140,320,390" step="2"/><W129/><G129/><N who="1" m="49162" /><E62/><V29/><F29/><AGARI ba="0,1" hai="14,15,25,29,34,52,56,60,61,64,70,96,101,105" machi="29" ten="40,12000,1" yaku="25,2,52,2,54,1" doraHai="11" who="3" fromWho="2" sc="140,0,140,0,320,-120,390,130" owari="140,-26.0,140,-36.0,200,0.0,520,62.0" /></mjloggm>