<mjloggm ver="2.3"><GO type="225" lobby="0"/><UN n0="%E5%80%89%E6%A9%8B%EF%BC%A0%E4%BA%8B%E5%8B%99" n1="%E3%81%8F%E3%81%BE%E3%81%96%E3%82%8F" n2="%E3%81%82%E3%81%84%E3%81%82%E3%81%8A%E3%81%84" n3="%E5%B8%86%E7%AB%8B%E5%A4%8F%E8%A1%A3" dan="16,16,18,17" rate="2124.49,2009.07,2230.74,2147.40" sx="M,M,M,M"/><TAIKYOKU oya="0"/><INIT seed="0,0,0,2,0,13" ten="250,250,250,250" oya="0" hai0="107,123,131,8,19,48,112,35,114,52,55,37,78" hai1="108,117,67,57,75,56,22,65,6,83,70,26,86" hai2="41,5,10,61,120,106,21,20,95,85,33,130,11" hai3="116,77,29,103,82,53,135,62,47,73,1,14,90"/><T99/><D37/><U39/><E117/><V69/><F106/><W80/><G135/><T127/><D123/><U51/><E39/><V25/><F120/><W124/><G124/><T36/><D36/><U45/><E75/><V23/><F41/><W109/><G109/><T121/><D35/><U134/><E6/><V68/><F61/><W97/><G1/><T79/><D121/><U2/><E2/><V64/><F64/><N who="1" m="24649" /><E70/><V12/><F130/><W7/><G116/><T118/><D118/><U126/><E108/><V113/><F113/><W9/><G29/><T46/><D131/><U81/><E81/><V93/><F11/><W71/><G71/><T58/><D127/><U122/><E134/><V100/><F95/><W125/><G125/><T76/><D107/><U40/><E126/><V27/><F27/><W54/><G62/><T32/><D32/><U84/><E84/><V101/><F69/><W42/><G80/><T119/><D119/><U92/><E92/><V50/><F68/><W31/><G82/><T88/><D114/><U17/><E122/><V49/><F85/><W96/><G73/><T59/><D55/><U133/><E133/><V63/><F93/><W60/><G54/><T16/><D112/><U34/><E34/><V18/><F33/><W24/><G53/><T105/><D105/><U30/><E30/><V89/><F101/><W102/><G102/><T98/><D98/><U28/><E28/><V87/><F100/><W0/><G103/><T4/><D99/><U110/><E110/><V91/><F87/><W43/><G97/><T3/><D88/><AGARI ba="0,0" hai="17,22,26,40,45,51,56,57,83,86,88" m="24649" machi="88" ten="30,7700,0" yaku="6,1,8,1,52,1,54,1" doraHai="13" who="1" fromWho="0" sc="250,-77,250,77,250,0,250,0" /><INIT seed="1,0,0,3,3,42" ten="173,327,250,250" oya="1" hai0="44,86,114,100,116,54,48,122,129,22,93,64,110" hai1="107,7,60,10,57,132,109,23,80,79,40,67,32" hai2="130,61,106,47,95,4,118,36,43,74,81,127,41" hai3="21,88,52,72,59,108,87,94,73,91,55,6,13"/><U19/><E132/><V103/><F118/><W90/><G108/><T18/><D114/><U113/><E113/><V33/><F33/><W65/><G73/><T126/><D116/><U111/><E107/><V104/><F127/><W53/><G72/><T30/><D110/><N who="1" m="41995" /><E32/><V123/><F123/><W63/><G6/><T14/><D126/><U82/><E79/><N who="2" m="44279" /><F130/><W27/><G13/><T8/><D129/><U83/><E40/><V117/><F117/><W125/><G125/><T2/><D122/><U3/><E80/><V99/><F43/><W77/><G77/><T121/><D121/><U56/><E57/><V105/><F61/><W39/><G39/><T71/><D71/><U96/><E96/><V69/><F95/><W9/><G9/><T17/><D30/><AGARI ba="0,0" hai="21,27,30,52,53,55,59,63,65,87,88,90,91,94" machi="30" ten="40,5200,0" yaku="8,1,54,2" doraHai="42" who="3" fromWho="0" sc="173,-52,327,0,250,0,250,52" /><INIT seed="2,0,0,5,3,47" ten="121,327,250,302" oya="2" hai0="80,54,63,107,21,15,85,88,38,94,12,102,62" hai1="68,127,110,120,46,92,44,50,96,135,82,57,118" hai2="40,114,83,84,24,132,9,61,7,71,105,129,106" hai3="117,20,112,104,55,122,5,75,89,128,29,19,116"/><V99/><F114/><W2/><G112/><T27/><D38/><U35/><E118/><V26/><F132/><W100/><G122/><T37/><D37/><U36/><E68/><V3/><F129/><W108/><G75/><T64/><D107/><U17/><E35/><V113/><F113/><W30/><G89/><T22/><D22/><U134/><E110/><V16/><F40/><W74/><G55/><T11/><D102/><U52/><E127/><V1/><F1/><W125/><G74/><T66/><D94/><U73/><E120/><V95/><F71/><W72/><G72/><T39/><D39/><U34/><E34/><V45/><F45/><W51/><G100/><T78/><D78/><N who="1" m="44367" /><E17/><V123/><F61/><W77/><G104/><T91/><D91/><N who="1" m="55327" /><E36/><V119/><F119/><W56/><G108/><T124/><D124/><U0/><E0/><V101/><F123/><W93/><G125/><T65/><D54/><U97/><E97/><V126/><F26/><W70/><G70/><T60/><REACH who="0" step="1"/><D11/><REACH who="0" ten="111,327,250,302" step="2"/><U76/><E76/><V67/><F126/><W109/><G77/><T23/><D23/><U81/><E81/><V98/><F106/><W90/><G109/><T53/><D53/><U42/><E42/><V4/><F105/><W59/><G116/><T32/><D32/><U6/><E52/><V79/><F83/><W133/><G117/><T58/><D58/><U111/><E111/><V10/><F10/><W18/><G59/><T87/><D87/><U115/><E115/><V43/><F84/><W49/><G56/><T8/><D8/><U131/><E57/><RYUUKYOKU ba="0,1" sc="111,30,327,-10,250,-10,302,-10" hai0="12,15,21,27,60,62,63,64,65,66,80,85,88" /><INIT seed="3,1,1,1,4,100" ten="141,317,240,292" oya="3" hai0="118,112,51,73,131,56,46,119,101,32,78,126,80" hai1="38,125,75,133,45,89,67,117,11,77,3,28,87" hai2="55,5,52,48,0,44,86,61,60,99,6,39,50" hai3="121,114,27,79,88,25,127,96,13,84,102,63,57"/><W47/><G127/><T113/><D32/><U33/><E125/><V20/><F39/><W116/><G114/><N who="0" m="44139" /><D126/><U19/><E67/><V128/><F128/><W66/><G121/><T23/><D23/><U65/><E65/><V68/><F68/><W109/><G109/><T132/><D56/><U106/><E106/><V76/><F99/><W72/><G116/><N who="0" m="44587" /><D51/><U122/><E117/><V58/><F0/><W9/><G72/><T107/><D46/><U93/><E45/><V95/><F20/><W14/><G79/><T1/><D1/><U12/><E3/><V8/><F8/><W97/><G47/><T30/><D30/><U2/><E2/><V98/><F86/><W4/><G97/><N who="0" m="61871" /><D132/><U90/><E133/><V59/><F76/><W92/><G14/><T62/><D62/><U17/><E38/><V124/><F124/><W115/><G115/><T29/><D29/><U82/><E28/><V53/><F50/><W31/><G31/><T43/><D43/><U41/><E41/><V83/><F83/><AGARI ba="1,1" hai="4,9,13,25,27,57,63,66,83,84,88,92,96,102" machi="83" ten="30,5800,0" yaku="7,1,8,1,54,1" doraHai="100" who="3" fromWho="2" sc="141,0,317,0,240,-61,292,71" owari="141,-35.9,317,11.7,179,-22.1,363,46.3" /></mjloggm>