<mjloggm ver="2.3"><GO type="225" lobby="0"/><UN n0="%E3%83%88%E3%82%AD%E3%83%8E%E3%83%9F%E3%83%8E%E3%83%AB" n1="%E3%81%82%E3%81%99%E3%81%AB%E3%82%83%E3%82%80" n2="%72%69%6F%75%63%68%61%6E" n3="%E3%81%BF%E3%81%BF%E3%81%9A" dan="16,16,16,16" rate="2106.46,2132.59,2138.65,2158.20" sx="M,F,M,M"/><TAIKYOKU oya="0"/><INIT seed="0,0,0,4,5,122" ten="250,250,250,250" oya="0" hai0="58,85,14,23,12,65,132,86,0,125,121,43,75" hai1="124,97,9,71,39,2,27,26,64,135,102,133,95" hai2="99,70,116,77,50,44,78,109,32,62,80,54,79" hai3="10,21,29,108,76,107,41,82,33,18,30,51,115"/><T59/><D121/><U134/><E39/><V120/><F109/><W63/><G115/><T101/><D75/><U90/><E124/><V98/><F120/><W126/><G107/><T73/><D73/><U17/><E102/><V49/><F116/><W4/><G126/><T34/><D34/><U60/><REACH who="1" step="1"/><E17/><REACH who="1" ten="250,240,250,250" step="2"/><V104/><F104/><W22/><G18/><T81/><D125/><U37/><E37/><V40/><F32/><W69/><G30/><T8/><D101/><U72/><E72/><V61/><F80/><W11/><G29/><T5/><D81/><U56/><E56/><N who="2" m="32847" /><F70/><W94/><G69/><T36/><D59/><U119/><E119/><V55/><F61/><W113/><G63/><T25/><D58/><AGARI ba="0,1" hai="40,44,50,55,58,62,77,78,79,98,99" m="32847" machi="58" ten="30,1000,0" yaku="8,1" doraHai="122" who="2" fromWho="0" sc="250,-10,240,0,250,20,250,0" /><INIT seed="1,0,0,5,1,66" ten="240,240,270,250" oya="1" hai0="19,8,53,116,37,54,27,41,130,22,94,83,2" hai1="25,42,5,108,74,123,132,12,15,88,115,111,43" hai2="49,135,10,20,64,32,65,61,46,63,102,51,92" hai3="93,17,33,84,131,55,98,122,73,14,119,16,52"/><U48/><E115/><V96/><F32/><W23/><G73/><T28/><D116/><U70/><E123/><V30/><F135/><W24/><G122/><T104/><D104/><U107/><E107/><V120/><F120/><W110/><G110/><N who="1" m="42026" /><E74/><V99/><F10/><W45/><G119/><T106/><D106/><U82/><E132/><V113/><F113/><W127/><G127/><T60/><D130/><U76/><E76/><V114/><F114/><W58/><G131/><T57/><D94/><U75/><E75/><V72/><F72/><W68/><G68/><T118/><D118/><U77/><E77/><V112/><F112/><W50/><G33/><T90/><D2/><U128/><E70/><V95/><F30/><W26/><G84/><N who="0" m="50463" /><D37/><U100/><E100/><V7/><F20/><W125/><G17/><T124/><D124/><U44/><E128/><V35/><F7/><W36/><G125/><T34/><D34/><U81/><E25/><V9/><F9/><W87/><G87/><T91/><D91/><U67/><E67/><N who="2" m="25675" /><F35/><W79/><G79/><T129/><D129/><U4/><E81/><V109/><F109/><W18/><G18/><T62/><D8/><U38/><E4/><V89/><F51/><N who="3" m="31007" /><G36/><T134/><D134/><U31/><E5/><V105/><F105/><W117/><G117/><T21/><D19/><U6/><E6/><V121/><F121/><W69/><G69/><T103/><D21/><U85/><E31/><V133/><F133/><W80/><G80/><T71/><D28/><U40/><E38/><V0/><F0/><W56/><G56/><RYUUKYOKU ba="0,0" sc="240,-30,240,10,270,10,250,10" hai1="12,15,40,42,43,44,48,82,85,88" hai2="46,49,61,63,89,92,95,96,99,102" hai3="14,16,23,24,26,45,50,55,93,98" /><INIT seed="1,1,0,5,5,67" ten="210,250,280,260" oya="1" hai0="2,17,22,72,7,54,70,6,86,4,103,12,24" hai1="108,37,98,66,16,101,62,78,61,99,71,84,51" hai2="39,88,135,60,106,25,34,8,90,9,64,89,69" hai3="30,95,44,41,83,92,55,10,74,48,58,119,0"/><U120/><E37/><V107/><F39/><W47/><G30/><T124/><D72/><U75/><E120/><V56/><F135/><W87/><G119/><T114/><D114/><U26/><E75/><V125/><F125/><W129/><G129/><T104/><D124/><U53/><E108/><V134/><F134/><W115/><G115/><T97/><D2/><U80/><E61/><V100/><F56/><W77/><G44/><T36/><D36/><U82/><E82/><V14/><F100/><W111/><G111/><T11/><D70/><U116/><E116/><V43/><F43/><W65/><G65/><T27/><D27/><U1/><E1/><V79/><F79/><W38/><REACH who="3" step="1"/><G87/><REACH who="3" ten="210,250,280,250" step="2"/><T76/><D86/><U127/><E127/><V112/><F112/><W109/><G109/><T117/><D117/><U126/><E126/><V19/><REACH who="2" step="1"/><F9/><REACH who="2" ten="210,250,270,250" step="2"/><W94/><G94/><T3/><D76/><U113/><E113/><V93/><F93/><W91/><G91/><T110/><D110/><U68/><E78/><V85/><F85/><W31/><G31/><AGARI ba="1,2" hai="8,14,19,25,31,34,60,64,69,88,89,90,106,107" machi="31" ten="40,5200,0" yaku="1,1,52,1,54,1,53,0" doraHai="67" doraHaiUra="32" who="2" fromWho="3" sc="210,0,250,0,270,75,250,-55" /><INIT seed="2,0,0,1,3,40" ten="210,250,345,195" oya="2" hai0="46,89,97,135,45,84,7,102,0,132,113,53,61" hai1="103,57,12,28,122,116,77,73,21,17,74,117,114" hai2="38,55,68,111,87,81,10,43,23,101,82,90,100" hai3="15,67,30,75,88,104,110,85,13,25,20,124,34"/><V130/><F130/><W4/><G75/><T32/><D32/><U52/><E114/><V48/><F68/><W63/><G104/><T59/><D113/><U93/><E122/><V1/><F111/><W42/><G124/><T18/><D18/><U95/><E28/><V98/><F38/><W11/><G110/><T76/><D76/><U128/><E128/><V41/><F101/><W5/><G42/><T36/><D7/><U31/><E31/><V2/><F81/><W125/><G125/><T105/><D0/><U58/><E58/><V126/><F1/><W8/><G34/><T107/><D107/><U35/><E35/><V120/><F120/><W22/><G22/><T115/><D115/><U49/><E93/><V56/><F126/><W94/><G63/><T112/><D112/><U26/><E26/><V118/><F118/><W127/><G127/><T92/><D36/><U65/><E65/><AGARI ba="0,0" hai="4,5,8,11,13,15,20,25,30,65,67,85,88,94" machi="65" ten="40,5200,0" yaku="9,1,8,1,54,1" doraHai="40" who="3" fromWho="1" sc="210,0,250,-52,345,0,195,52" /><INIT seed="3,0,0,2,0,45" ten="210,198,345,247" oya="3" hai0="32,10,48,60,35,105,73,3,85,124,116,0,84" hai1="102,27,16,79,75,8,54,23,47,42,49,61,70" hai2="132,64,26,39,134,20,51,107,117,50,52,81,59" hai3="53,24,108,7,30,93,29,43,66,36,96,31,2"/><W88/><G66/><T95/><D116/><U130/><E130/><V9/><F117/><W41/><G108/><T127/><D105/><U34/><E34/><N who="0" m="12841" /><D73/><U38/><E75/><V19/><F39/><W114/><G114/><T72/><D72/><U21/><E79/><V37/><F37/><W71/><G71/><T103/><D60/><U1/><E102/><V131/><F131/><W115/><G115/><T83/><D48/><N who="2" m="18474" /><F107/><W76/><G76/><N who="0" m="46183" /><D10/><U100/><E100/><V78/><F64/><W111/><G111/><T55/><D55/><U123/><E123/><V15/><F134/><W94/><G53/><T40/><D40/><U120/><E120/><V90/><F132/><W125/><G125/><N who="0" m="48203" /><D85/><U11/><E70/><V133/><F133/><W118/><G118/><T135/><D135/><U22/><E1/><V91/><F78/><W56/><G36/><T13/><D13/><N who="1" m="7207" /><E38/><V25/><F81/><W62/><G43/><T4/><D4/><U67/><E67/><V119/><F119/><W122/><G41/><T106/><D106/><U87/><E87/><V113/><F113/><W92/><G122/><T110/><D110/><U129/><E129/><V28/><F25/><W58/><G24/><T80/><D80/><U86/><E86/><V121/><F121/><W18/><G2/><T63/><D63/><AGARI ba="0,0" hai="9,15,19,20,26,28,52,59,63,90,91" m="18474" machi="63" ten="30,8000,1" yaku="8,1,52,3,54,1" doraHai="45" who="2" fromWho="0" sc="210,-80,198,0,345,80,247,0" owari="130,-37.0,198,-20.2,425,52.5,247,4.7" /></mjloggm>