<mjloggm ver="2.3"><GO type="225" lobby="0"/><UN n0="%E3%82%BC%E3%83%AB%E3%83%80%E3%81%AE%E4%BC%9D%E8%AA%AC" n1="%E8%80%81%E6%A5%BD" n2="%E5%84%AA%40%41%42%43" n3="%E5%86%B7%E5%87%8D%E3%82%AE%E3%83%A7%E3%83%BC%E3%82%B6" dan="17,16,17,16" rate="2157.46,2106.24,2187.57,2174.14" sx="M,M,M,M"/><TAIKYOKU oya="0"/><INIT seed="0,0,0,2,4,28" ten="250,250,250,250" oya="0" hai0="39,116,58,125,112,113,19,54,38,7,60,74,124" hai1="86,81,122,132,41,20,107,89,73,24,61,114,91" hai2="21,119,5,14,134,66,68,121,69,18,22,37,106" hai3="80,34,32,23,90,75,36,109,123,55,94,131,67"/><T49/><D74/><U96/><E122/><V72/><F121/><W57/><G123/><T64/><D7/><U135/><E73/><V56/><F106/><W126/><G126/><N who="0" m="48747" /><D116/><U11/><E114/><N who="0" m="44137" /><D19/><U2/><E41/><V101/><F37/><W43/><G131/><T25/><D25/><U10/><E61/><V117/><F101/><W111/><G67/><T95/><D95/><N who="1" m="56431" /><E2/><V78/><F5/><W52/><G75/><T88/><D88/><U8/><E107/><V130/><F130/><W63/><G80/><T84/><D84/><U48/><E48/><V15/><F78/><W13/><G36/><T9/><D9/><U128/><E128/><V99/><F72/><W77/><G77/><T76/><D76/><U33/><E8/><V105/><F105/><W65/><G43/><T17/><D17/><N who="1" m="12303" /><E10/><V50/><F50/><W98/><G13/><T118/><D118/><N who="2" m="45066" /><F15/><W27/><G27/><T79/><D79/><U102/><E102/><V47/><F18/><W12/><G12/><T129/><D129/><U110/><E11/><V31/><F14/><W51/><G23/><T3/><D3/><U70/><E91/><V42/><F21/><W103/><G103/><T62/><D62/><U85/><E86/><V92/><F22/><W16/><G16/><T97/><D97/><U83/><E85/><V26/><F99/><W82/><G82/><T87/><D87/><U53/><E81/><V127/><F92/><W45/><REACH who="3" step="1"/><G65/><REACH who="3" ten="250,250,250,240" step="2"/><T40/><D40/><U29/><E83/><V30/><F26/><W46/><G46/><AGARI ba="0,1" hai="38,39,46,49,54,58,60,64" m="44137,48747" machi="46" ten="30,5800,0" yaku="18,1,34,2" doraHai="28" who="0" fromWho="3" sc="250,68,250,0,250,0,240,-58" /><INIT seed="0,1,0,4,1,135" ten="318,250,250,182" oya="0" hai0="104,117,81,89,39,109,107,6,113,86,18,101,76" hai1="41,35,123,103,34,115,28,83,65,21,49,52,125" hai2="23,64,84,98,124,7,97,75,95,90,69,5,56" hai3="24,91,59,51,45,126,26,47,119,13,29,133,73"/><T58/><D39/><U70/><E123/><V120/><F120/><W10/><G119/><T20/><D113/><U129/><E115/><V33/><F33/><W38/><G73/><T19/><D117/><U57/><E129/><V12/><F75/><W105/><G105/><T80/><D109/><U27/><E103/><V96/><F69/><W14/><G133/><T3/><D58/><U128/><E128/><V37/><F37/><W62/><G38/><T66/><D66/><U54/><E41/><V53/><F64/><W114/><G114/><T16/><D20/><U8/><E83/><V94/><F124/><W87/><G14/><T106/><D101/><U25/><E125/><V121/><F95/><W88/><G91/><T15/><D15/><U1/><E25/><V110/><F110/><W99/><G99/><T40/><D40/><U118/><E118/><V22/><F121/><W72/><G72/><T102/><D102/><U131/><E131/><V92/><F92/><N who="3" m="54303" /><G29/><T74/><REACH who="0" step="1"/><D104/><REACH who="0" ten="308,250,250,182" step="2"/><U108/><E108/><V116/><F116/><W48/><G45/><T122/><D122/><U46/><E70/><V31/><F31/><W43/><G126/><T111/><D111/><U127/><E127/><V11/><REACH who="2" step="1"/><F7/><REACH who="2" ten="308,250,240,182" step="2"/><W30/><G30/><T4/><D4/><U112/><E112/><V67/><F67/><N who="3" m="39391" /><G51/><AGARI ba="1,2" hai="5,11,12,22,23,51,53,56,84,90,94,96,97,98" machi="51" ten="40,5200,0" yaku="1,1,8,1,53,1" doraHai="135" doraHaiUra="0" who="2" fromWho="3" sc="308,0,250,0,240,75,182,-55" /><INIT seed="1,0,0,0,4,21" ten="308,250,315,127" oya="1" hai0="50,51,32,34,54,83,61,128,81,119,95,12,125" hai1="71,13,130,14,49,115,110,40,129,11,118,89,114" hai2="124,76,135,19,111,36,9,0,82,41,15,52,33" hai3="66,70,46,62,134,73,25,79,55,77,80,59,28"/><U104/><E71/><V57/><F111/><W98/><G134/><T93/><D125/><U105/><E40/><V94/><F124/><W56/><G79/><T10/><D128/><N who="1" m="49259" /><E49/><V109/><F109/><W123/><G123/><T107/><D107/><N who="1" m="41035" /><E110/><V106/><F106/><W39/><G98/><T84/><D119/><U126/><E126/><V91/><F33/><W27/><G28/><T112/><D112/><N who="1" m="43051" /><E118/><V68/><F68/><W53/><G56/><T86/><D54/><U122/><E122/><V38/><F135/><W6/><G6/><T22/><D61/><U120/><E120/><V47/><F0/><W100/><G100/><T102/><D102/><U4/><E89/><V58/><F38/><W37/><G37/><T69/><D69/><U20/><E20/><V67/><F67/><W5/><G5/><T3/><D22/><U131/><N who="1" m="49267" /><U101/><DORA hai="18" /><E101/><V121/><F121/><W78/><G78/><T8/><D12/><AGARI ba="0,0" hai="4,11,12,13,14" m="43051,41035,49267" machi="12" ten="50,2400,0" yaku="19,1" doraHai="21,18" who="1" fromWho="0" sc="308,-24,250,24,315,0,127,0" /><INIT seed="1,1,0,1,3,102" ten="284,274,315,127" oya="1" hai0="17,16,26,49,59,123,131,7,53,81,51,72,103" hai1="98,124,93,120,116,106,6,66,92,111,34,10,134" hai2="69,40,0,19,74,24,108,97,99,75,76,118,12" hai3="132,41,86,55,18,112,129,60,30,122,48,84,42"/><U5/><E116/><V96/><F0/><W9/><G112/><T101/><D131/><U126/><E120/><V54/><F118/><W77/><G122/><T44/><D123/><U29/><E134/><V28/><F69/><W94/><G132/><T119/><D119/><U107/><E66/><V63/><F40/><W125/><G129/><T67/><D7/><U85/><E111/><V91/><F91/><W87/><G125/><N who="1" m="48234" /><E5/><V2/><F2/><W89/><G30/><T52/><D67/><U33/><E85/><V31/><F76/><W37/><G37/><T90/><D72/><U128/><E92/><V50/><F63/><W110/><G110/><T100/><D26/><N who="1" m="18615" /><E34/><V121/><F108/><W78/><G78/><T83/><D83/><U62/><E62/><V36/><F121/><W46/><G60/><T88/><D90/><N who="1" m="55607" /><E128/><V70/><F70/><W105/><G77/><T133/><D133/><U25/><E25/><V109/><F31/><W95/><G95/><T11/><D11/><U71/><E71/><V56/><F109/><W21/><G9/><T35/><D35/><U22/><E22/><N who="2" m="11623" /><F75/><W82/><G82/><T27/><D27/><U130/><E130/><V114/><F74/><W13/><G94/><T39/><D39/><U38/><E38/><V20/><F36/><W43/><REACH who="3" step="1"/><G89/><REACH who="3" ten="284,274,315,117" step="2"/><T45/><D88/><U3/><AGARI ba="1,1" hai="3,6,10,106,107" m="55607,18615,48234" machi="3" ten="30,6000,0" yaku="18,1,52,2" doraHai="102" who="1" fromWho="1" sc="284,-21,274,73,315,-21,117,-21" /><INIT seed="1,2,0,3,2,83" ten="263,347,294,96" oya="1" hai0="131,97,134,23,28,48,67,111,3,35,88,92,96" hai1="99,130,68,63,51,125,4,50,132,79,9,32,133" hai2="29,87,44,121,20,73,123,93,128,11,12,19,45" hai3="66,14,75,62,85,52,24,112,15,26,65,39,103"/><U8/><E32/><V109/><F73/><W49/><G75/><T27/><D111/><U70/><E125/><V10/><F109/><W6/><G39/><T58/><D134/><U94/><E79/><V119/><F119/><W38/><G38/><T108/><D108/><U5/><E94/><V17/><F128/><W82/><G103/><T117/><D117/><U76/><E76/><V74/><F74/><W115/><G112/><T81/><D3/><U80/><E63/><V0/><F29/><W42/><G42/><T104/><D131/><U95/><E95/><V105/><F105/><W16/><G6/><T126/><D126/><U102/><E102/><V101/><F121/><W69/><G65/><T7/><D7/><U40/><E80/><V54/><F0/><W120/><G14/><T25/><D81/><U64/><E64/><V37/><F37/><W110/><G115/><T106/><D97/><U127/><E40/><V84/><F123/><W89/><G120/><T13/><D13/><U100/><E100/><V114/><F114/><W59/><G110/><T61/><REACH who="0" step="1"/><D48/><REACH who="0" ten="253,347,294,96" step="2"/><U72/><E127/><V90/><F12/><W60/><REACH who="3" step="1"/><G49/><REACH who="3" ten="253,347,294,86" step="2"/><N who="1" m="18442" /><E133/><V57/><F44/><W86/><G86/><T116/><D116/><U46/><E132/><V36/><F45/><W43/><G43/><T113/><D113/><U18/><E130/><V31/><F84/><W1/><G1/><T98/><D98/><U22/><E99/><V2/><F2/><W77/><G77/><T47/><D47/><U135/><E46/><V53/><F87/><W129/><G129/><T21/><D21/><AGARI ba="2,2" hai="15,16,21,24,26,52,59,60,62,66,69,82,85,89" machi="21" ten="30,12000,2" yaku="1,1,6,1,7,1,52,1,54,2,53,1" doraHai="83" doraHaiUra="78" who="3" fromWho="0" sc="253,-126,347,0,294,0,86,146" /><INIT seed="2,0,0,3,3,70" ten="127,347,294,232" oya="2" hai0="82,67,92,3,48,43,118,2,32,19,12,69,128" hai1="34,131,51,90,39,134,45,33,72,62,80,135,78" hai2="71,109,8,63,98,129,44,79,15,107,26,76,85" hai3="75,46,100,6,94,9,35,114,1,113,18,25,14"/><V66/><F129/><W83/><G100/><T125/><D82/><U93/><E39/><V84/><F109/><W49/><G94/><T126/><D128/><U103/><E62/><V40/><F84/><W41/><G75/><T27/><D69/><U124/><E103/><V133/><F133/><N who="1" m="50697" /><E124/><N who="0" m="47721" /><D67/><U74/><E74/><V68/><F68/><W20/><REACH who="3" step="1"/><G83/><REACH who="3" ten="127,347,294,222" step="2"/><T86/><D118/><U102/><E102/><V96/><F107/><W4/><G4/><T61/><D92/><U0/><E131/><V97/><F85/><W130/><G130/><T99/><D86/><N who="1" m="52439" /><E0/><V117/><F117/><W106/><G106/><T81/><D81/><U17/><E17/><V73/><F73/><W57/><G57/><T105/><D105/><U47/><E47/><V54/><F98/><W88/><G88/><T108/><D99/><U112/><E112/><V59/><F97/><W10/><G10/><T123/><D2/><U31/><E31/><AGARI ba="0,1" hai="1,6,9,14,18,20,25,31,35,41,46,49,113,114" machi="31" ten="40,5200,0" yaku="1,1,24,2,53,0" doraHai="70" doraHaiUra="89" who="3" fromWho="1" sc="127,0,347,-52,294,0,222,62" /><INIT seed="3,0,0,5,3,71" ten="127,295,294,284" oya="3" hai0="38,95,105,16,73,100,34,68,114,70,25,82,111" hai1="119,28,106,76,30,44,27,31,39,81,126,18,89" hai2="17,45,8,47,113,57,13,22,50,0,127,94,21" hai3="124,135,133,117,121,43,77,88,6,72,51,58,107"/><W104/><G117/><T53/><D111/><U7/><E106/><V101/><F113/><W62/><G121/><T102/><D114/><U96/><E119/><V116/><F0/><W132/><G6/><T79/><D53/><U46/><E7/><V65/><F127/><W69/><G69/><T118/><D118/><U10/><E39/><V41/><F45/><N who="3" m="26047" /><G77/><T112/><D112/><U98/><E126/><V92/><F116/><W33/><G72/><T110/><D110/><U99/><E89/><V80/><F80/><W122/><G33/><T129/><D129/><U48/><E48/><V83/><F83/><W3/><G3/><T86/><D38/><U134/><E134/><V64/><F101/><W60/><G122/><T42/><D42/><U23/><REACH who="1" step="1"/><E10/><REACH who="1" ten="127,285,294,284" step="2"/><V91/><F94/><W123/><G124/><T19/><D102/><U93/><E93/><V12/><F64/><N who="3" m="38935" /><G123/><T61/><D105/><U67/><E67/><V108/><F108/><W120/><G120/><T87/><D100/><U66/><E66/><V5/><F65/><W130/><G130/><T11/><D95/><U4/><E4/><V29/><F57/><W125/><G125/><T85/><D68/><U54/><E54/><V35/><F92/><W20/><G62/><T40/><D70/><U55/><E55/><V14/><F91/><W115/><G115/><T97/><D61/><U49/><E49/><V26/><REACH who="2" step="1"/><F17/><REACH who="2" ten="127,285,284,284" step="2"/><W52/><G88/><T36/><D97/><U15/><E15/><V131/><F131/><W74/><G52/><T37/><D19/><U90/><E90/><V9/><F9/><RYUUKYOKU ba="0,2" sc="127,-15,285,15,284,15,284,-15" hai1="18,23,27,28,30,31,44,46,76,81,96,98,99" hai2="5,8,12,13,14,21,22,26,29,35,41,47,50" owari="112,-38.8,320,42.0,299,9.9,269,-13.1" /></mjloggm>