<mjloggm ver="2.3"><GO type="225" lobby="0"/><UN n0="%6D%75%75%6D%75%72%61" n1="%E3%81%AF%E3%82%88%E3%81%8A%E3%81%98%E3%81%95%E3%82%93" n2="%31%38%63%6D%E7%AB%8B%E7%9B%B4%E6%A3%92" n3="%E7%AD%89%E3%80%85%E5%8A%9B%E5%8A%87%E5%A0%B4" dan="16,17,16,16" rate="2170.48,2207.37,2124.02,2128.14" sx="F,M,M,M"/><TAIKYOKU oya="0"/><INIT seed="0,0,0,5,2,120" ten="250,250,250,250" oya="0" hai0="25,8,57,65,27,97,79,134,2,69,102,118,46" hai1="47,123,126,28,55,111,23,18,91,114,0,20,17" hai2="121,75,63,94,70,128,13,56,116,81,73,19,53" hai3="90,48,34,89,11,26,83,95,84,3,5,129,125"/><T10/><D118/><U51/><E123/><V1/><F1/><W60/><G129/><T93/><D134/><U87/><E0/><V44/><F121/><W100/><G125/><T67/><D69/><U99/><E126/><V35/><F35/><W59/><G48/><T86/><D46/><U72/><E72/><V80/><F116/><W77/><G34/><T58/><D2/><U30/><E111/><V108/><F128/><W98/><G26/><N who="0" m="9739" /><D79/><U14/><E99/><V105/><F105/><W15/><REACH who="3" step="1"/><G3/><REACH who="3" ten="250,250,250,240" step="2"/><T24/><D24/><N who="1" m="14351" /><E114/><V31/><F31/><W16/><G16/><T62/><D86/><U127/><E127/><V88/><F19/><W7/><G7/><T29/><D29/><U45/><E47/><V50/><F13/><W52/><AGARI ba="0,1" hai="5,11,15,52,59,60,77,83,84,89,90,95,98,100" machi="52" ten="20,8000,1" yaku="1,1,0,1,7,1,8,1,54,1,53,0" doraHai="120" doraHaiUra="21" who="3" fromWho="3" sc="250,-40,250,-20,250,-20,240,90" /><INIT seed="1,0,0,3,2,99" ten="210,230,230,330" oya="1" hai0="114,124,25,92,90,77,67,93,86,8,94,119,95" hai1="23,5,29,52,36,106,6,103,115,128,20,1,120" hai2="50,80,112,69,31,85,105,33,53,56,135,130,73" hai3="28,78,110,64,10,13,46,111,49,55,40,57,47"/><U68/><E120/><V32/><F69/><W83/><G28/><T107/><D114/><U2/><E115/><V133/><F73/><W81/><G64/><T101/><D119/><U30/><E36/><V129/><F112/><W59/><G57/><T35/><D124/><U3/><E68/><V7/><F7/><N who="1" m="2569" /><E103/><V11/><F11/><W96/><G47/><T89/><D8/><U54/><E106/><V51/><F51/><W26/><G49/><T87/><D67/><U100/><E100/><V75/><F75/><W70/><G46/><T71/><D71/><U132/><E128/><N who="2" m="49259" /><F105/><W82/><G70/><T102/><D35/><N who="2" m="13386" /><F31/><N who="1" m="11785" /><E132/><V42/><F42/><W123/><G40/><T19/><D107/><U62/><E62/><V66/><F66/><W61/><G61/><T121/><D121/><U127/><E127/><V22/><F133/><W34/><G123/><T131/><D131/><U122/><E122/><V134/><F134/><W91/><G34/><T104/><D104/><U97/><E97/><V43/><F43/><W117/><G96/><N who="0" m="57359" /><D77/><U39/><E39/><V15/><F135/><W60/><G78/><T116/><D116/><U109/><E109/><V44/><F44/><W17/><G117/><T4/><D4/><U126/><E126/><V88/><F50/><W45/><G45/><T21/><D87/><U72/><E72/><V113/><F56/><W84/><G111/><T125/><D125/><U98/><E98/><V18/><F113/><W24/><G110/><T14/><D14/><U41/><E41/><V74/><F74/><W108/><G108/><T118/><D118/><RYUUKYOKU ba="0,0" sc="210,0,230,0,230,0,330,0" hai0="19,21,25,86,90,93,94,95,101,102" hai1="1,2,3,20,23,52,54" hai2="15,18,22,53,80,85,88" hai3="10,13,17,24,26,55,59,60,81,82,83,84,91" /><INIT seed="1,1,0,3,0,51" ten="210,230,230,330" oya="1" hai0="31,45,97,56,85,17,24,54,127,66,110,128,106" hai1="58,135,42,10,1,86,28,6,18,125,38,82,50" hai2="25,2,48,79,22,74,77,115,12,132,75,20,78" hai3="7,102,70,65,107,52,80,30,126,16,9,49,124"/><U88/><E125/><N who="3" m="48234" /><G30/><T99/><D127/><U91/><E135/><V40/><F132/><W98/><G80/><T26/><D110/><U94/><E28/><V95/><F2/><W131/><G131/><T34/><D128/><U61/><E38/><V111/><F111/><W109/><G109/><T113/><D113/><U27/><E42/><V96/><F12/><N who="3" m="7183" /><G7/><T103/><D97/><U123/><E123/><V129/><F129/><W59/><G65/><T105/><D85/><U119/><E50/><V120/><F120/><W4/><G4/><T117/><D117/><U71/><E71/><AGARI ba="1,0" hai="49,52,59,70,71,98,102,107" m="7183,48234" machi="71" ten="30,7700,0" yaku="18,1,52,1,54,2" doraHai="51" who="3" fromWho="1" sc="210,0,230,-80,230,0,330,80" /><INIT seed="2,0,0,1,4,118" ten="210,150,230,410" oya="2" hai0="134,11,113,0,39,130,8,126,65,52,13,29,2" hai1="92,68,53,105,56,116,109,95,24,57,34,115,45" hai2="27,129,97,60,9,102,66,72,4,77,71,91,122" hai3="46,98,55,61,7,67,84,132,59,81,22,23,106"/><V82/><F129/><W127/><G127/><T78/><D113/><U49/><E116/><V5/><F91/><W40/><G132/><T54/><D39/><U42/><E115/><V51/><F51/><W38/><G7/><T21/><D134/><U83/><E68/><V99/><F99/><W50/><G98/><T14/><D126/><U93/><E105/><V48/><F48/><W58/><G106/><T43/><D130/><U117/><E109/><V35/><F9/><N who="0" m="3658" /><D2/><U12/><E117/><V31/><REACH who="2" step="1"/><F122/><REACH who="2" ten="210,150,220,410" step="2"/><W76/><AGARI ba="0,1" hai="22,23,38,40,46,50,55,58,59,61,67,76,81,84" machi="76" ten="20,1500,0" yaku="0,1,7,1" doraHai="118" who="3" fromWho="3" sc="210,-4,150,-4,220,-7,410,25" /><INIT seed="3,0,0,5,2,1" ten="206,146,213,435" oya="3" hai0="20,29,56,32,74,77,84,6,133,23,44,63,93" hai1="99,111,85,36,75,112,130,102,108,106,78,72,62" hai2="19,129,114,8,70,42,132,134,28,60,30,121,128" hai3="118,97,26,0,87,24,14,101,119,66,58,45,71"/><W65/><G0/><T90/><D32/><U13/><E36/><V94/><F42/><W9/><G71/><T39/><D39/><U120/><E62/><V104/><F104/><W131/><G131/><N who="2" m="50249" /><F94/><W33/><G45/><T73/><D73/><U117/><E130/><V4/><F19/><W25/><G33/><T98/><D74/><N who="1" m="28203" /><E13/><N who="2" m="5255" /><F114/><W82/><G58/><T31/><D44/><U17/><E17/><V61/><F121/><W115/><G115/><T51/><D51/><U10/><E10/><V76/><F76/><W135/><G135/><N who="2" m="51753" /><F61/><W5/><G119/><T57/><D6/><U11/><E11/><V59/><F70/><W110/><G118/><T7/><D7/><U123/><E112/><V83/><F83/><W12/><G82/><N who="0" m="47183" /><D133/><U64/><E64/><AGARI ba="0,0" hai="28,30,59,60,64" m="51753,5255,50249" machi="64" ten="30,3900,0" yaku="19,1,20,1,52,1" doraHai="1" who="2" fromWho="1" sc="206,0,146,-39,213,39,435,0" owari="206,-19.4,107,-39.3,252,5.2,435,53.5" /></mjloggm>