<mjloggm ver="2.3"><GO type="225" lobby="0"/><UN n0="%E3%81%B5%E3%81%98%E3%81%8B%E3%81%A4" n1="%33%74%72%65%65" n2="%EF%BC%B3%E3%81%9E%E3%81%88%E2%98%86" n3="%E3%81%AF%E3%82%88%E3%81%8A%E3%81%98%E3%81%95%E3%82%93" dan="17,16,16,17" rate="2188.84,2170.49,2087.74,2165.08" sx="M,F,F,M"/><TAIKYOKU oya="0"/><INIT seed="0,0,0,2,2,34" ten="250,250,250,250" oya="0" hai0="49,33,38,99,115,116,69,58,95,11,28,61,39" hai1="135,77,130,57,4,13,104,31,110,76,35,78,60" hai2="18,44,21,126,87,14,12,6,1,72,67,122,74" hai3="64,15,62,129,109,119,16,0,120,32,5,73,3"/><T113/><D116/><U112/><E110/><V128/><F122/><W48/><G119/><T66/><D11/><U20/><E135/><V42/><F128/><W117/><G117/><T90/><D33/><U19/><E130/><V25/><F126/><W68/><G129/><T50/><D28/><U51/><E112/><V47/><F67/><W100/><G73/><T101/><D50/><U30/><E35/><V105/><F105/><W46/><G32/><T9/><D9/><N who="1" m="4263" /><E51/><V54/><F54/><W85/><G5/><T55/><REACH who="0" step="1"/><D101/><REACH who="0" ten="240,250,250,250" step="2"/><U108/><E31/><V63/><F21/><W7/><G100/><T92/><D92/><U127/><E30/><V80/><F6/><W118/><G7/><T52/><D52/><U114/><E20/><V17/><F17/><W27/><G118/><T133/><D133/><U43/><E114/><AGARI ba="0,1" hai="38,39,49,55,58,61,66,69,90,95,99,113,114,115" machi="114" ten="40,2000,0" yaku="1,1,53,0" doraHai="34" doraHaiUra="29" who="0" fromWho="1" sc="240,30,250,-20,250,0,250,0" /><BYE who="2" /><INIT seed="0,1,0,4,5,55" ten="270,230,250,250" oya="0" hai0="87,7,41,117,66,30,115,64,49,80,82,116,16" hai1="106,44,25,6,107,88,32,14,34,37,39,122,79" hai2="26,104,69,9,133,94,61,15,22,58,92,100,114" hai3="35,60,95,4,99,33,123,113,38,132,127,72,126"/><T129/><D115/><UN n2="%EF%BC%B3%E3%81%9E%E3%81%88%E2%98%86" /><U51/><E122/><V119/><F114/><W134/><G113/><T17/><D129/><U67/><E79/><V102/><F133/><N who="3" m="51307" /><G38/><T130/><D130/><U40/><E67/><N who="2" m="39351" /><F69/><W91/><G72/><T89/><D30/><U101/><E107/><V54/><F104/><W56/><G4/><T78/><D7/><U121/><E121/><V0/><F0/><W48/><G48/><T11/><D117/><U103/><E106/><V81/><F81/><W3/><G3/><T112/><D112/><U13/><E39/><V86/><F54/><N who="3" m="33815" /><G123/><T5/><D116/><U108/><E37/><V83/><F119/><W118/><G118/><T47/><D66/><U18/><E51/><V124/><F124/><AGARI ba="1,0" hai="33,35,91,95,99,124,126,127" m="33815,51307" machi="124" ten="30,3900,0" yaku="18,1,20,1,52,1" doraHai="55" who="3" fromWho="2" sc="270,0,230,0,250,-42,250,42" /><INIT seed="1,0,0,4,2,32" ten="270,230,208,292" oya="1" hai0="64,108,24,134,47,26,66,17,86,10,59,74,84" hai1="27,78,132,6,49,16,44,62,34,85,70,3,4" hai2="53,120,124,63,122,39,58,135,5,23,90,14,20" hai3="0,7,21,19,110,72,69,40,117,48,46,37,43"/><U83/><E132/><V81/><F135/><W121/><G121/><T57/><D134/><U18/><E70/><V71/><F39/><W13/><G69/><T123/><D123/><U31/><E62/><V89/><F122/><W100/><G72/><T99/><D74/><U73/><E73/><V68/><F120/><W127/><G110/><T30/><D108/><U54/><REACH who="1" step="1"/><E4/><REACH who="1" ten="270,220,208,292" step="2"/><V116/><F71/><W129/><G7/><T51/><D66/><U38/><E38/><V131/><F68/><W115/><G37/><T9/><D64/><U128/><E128/><V118/><F131/><W8/><G129/><T82/><D86/><U56/><E56/><V109/><F58/><W112/><G48/><T36/><D36/><U101/><E101/><V94/><F5/><W111/><G100/><T22/><D59/><U125/><E125/><V93/><F63/><W106/><G127/><T95/><D57/><U2/><E2/><V50/><F50/><W104/><G0/><T92/><D51/><U119/><E119/><V65/><F124/><W42/><G117/><T15/><D47/><U75/><E75/><V130/><F65/><W41/><G111/><T28/><D84/><U133/><E133/><V33/><F109/><W87/><G87/><T25/><D99/><U67/><E67/><V35/><F130/><W91/><G46/><T12/><D82/><U98/><E98/><V29/><F81/><W103/><G103/><T77/><D95/><U1/><E1/><V114/><F118/><W97/><G97/><T102/><D92/><N who="2" m="35434" /><F116/><W105/><G106/><T11/><D102/><RYUUKYOKU ba="0,1" sc="270,-10,220,30,208,-10,292,-10" hai1="3,6,16,18,27,31,34,44,49,54,78,83,85" /><INIT seed="1,1,1,2,3,66" ten="260,250,198,282" oya="1" hai0="47,33,124,88,7,64,105,125,69,97,87,117,21" hai1="36,2,123,109,60,131,42,9,73,84,101,8,116" hai2="132,17,38,78,62,16,90,129,52,79,75,93,110" hai3="74,118,119,24,68,85,6,134,91,135,67,10,35"/><U14/><E116/><N who="3" m="44586" /><G74/><T112/><D117/><U0/><E123/><V100/><F38/><W115/><G115/><T19/><D7/><U5/><E73/><V121/><F75/><W26/><G67/><T37/><D33/><U98/><E131/><V94/><F129/><W23/><G35/><T12/><D105/><U70/><E109/><V50/><F110/><W104/><G104/><T25/><D97/><U48/><E36/><V95/><F121/><W22/><G68/><T31/><D112/><U103/><E84/><N who="2" m="52423" /><F132/><N who="3" m="50731" /><G91/><T114/><D114/><U108/><E108/><V3/><F3/><W80/><G80/><N who="0" m="49255" /><D37/><U133/><E2/><V34/><F62/><W44/><G44/><T120/><D47/><N who="1" m="25719" /><E60/><V102/><F34/><W106/><G85/><T72/><D72/><U29/><E70/><V77/><F95/><W41/><G41/><T43/><D120/><U49/><E133/><V107/><F107/><W32/><G106/><T81/><D43/><U128/><E128/><V130/><F130/><W86/><G86/><T58/><D69/><U53/><E98/><N who="2" m="59479" /><F102/><W59/><G32/><T20/><D81/><U126/><E103/><V40/><F40/><W96/><G96/><T99/><D99/><U122/><E101/><V113/><F113/><W89/><G89/><T57/><D64/><U127/><E122/><V18/><F78/><W63/><G63/><T39/><D39/><U46/><E49/><V111/><F111/><W55/><G55/><T65/><D65/><U30/><E53/><V45/><AGARI ba="1,1" hai="16,17,18,45,50,52,77,79" m="59479,52423" machi="45" ten="30,4000,0" yaku="8,1,54,2" doraHai="66" who="2" fromWho="2" sc="260,-11,250,-21,198,53,282,-11" /><INIT seed="2,0,0,4,0,77" ten="249,229,251,271" oya="2" hai0="101,88,108,3,70,135,131,129,134,49,73,119,30" hai1="92,22,54,87,7,41,29,114,53,80,104,65,19" hai2="26,40,118,109,85,122,69,21,93,128,112,105,124" hai3="56,2,39,51,72,37,46,60,1,126,82,44,27"/><V103/><F69/><W28/><G126/><T20/><D70/><U98/><E104/><V25/><F112/><W43/><G72/><T67/><D67/><U45/><E114/><V83/><F118/><W35/><G82/><T34/><D119/><U127/><E65/><V100/><F105/><W115/><G115/><T106/><D3/><U74/><E29/><N who="2" m="17583" /><F122/><W13/><G13/><T47/><D34/><U68/><E7/><V99/><F124/><W52/><REACH who="3" step="1"/><G37/><REACH who="3" ten="249,229,251,261" step="2"/><T5/><D73/><U63/><E74/><V94/><F83/><W32/><G32/><T24/><D108/><U111/><E111/><V17/><F109/><W84/><G84/><T36/><D36/><U75/><E75/><V58/><F85/><W23/><G23/><T107/><D135/><U9/><E87/><V95/><F128/><W121/><G121/><T59/><D134/><U97/><E80/><V48/><F99/><W8/><G8/><T78/><D131/><U31/><E97/><V113/><F113/><W66/><AGARI ba="0,1" hai="1,2,27,28,35,39,43,44,46,51,52,56,60,66" machi="66" ten="20,5200,0" yaku="1,1,0,1,7,1,54,1,53,0" doraHai="77" doraHaiUra="64" who="3" fromWho="3" sc="249,-13,229,-13,251,-26,261,62" /><INIT seed="3,0,0,1,3,87" ten="236,216,225,323" oya="3" hai0="18,96,112,60,81,33,94,61,0,107,29,89,125" hai1="101,115,54,38,68,128,135,105,42,21,37,134,109" hai2="122,63,102,55,75,70,82,22,120,17,113,19,41" hai3="34,117,91,100,36,116,64,58,93,110,130,106,53"/><W121/><G34/><T123/><D0/><U90/><E115/><V26/><F113/><W124/><G36/><N who="1" m="13930" /><E68/><V88/><F41/><W97/><G121/><N who="2" m="46697" /><F102/><W62/><G124/><T71/><D125/><U83/><E42/><V108/><F108/><W4/><G130/><T31/><D71/><U44/><E109/><V43/><F43/><W74/><G110/><T24/><D112/><U49/><E128/><V56/><F70/><W129/><G129/><T30/><D123/><U79/><E101/><V133/><F133/><N who="1" m="50697" /><E105/><V25/><F75/><W65/><G74/><T3/><D107/><U12/><E90/><V103/><F103/><W20/><G4/><T86/><D33/><U40/><E40/><V78/><F78/><W85/><G64/><T45/><D89/><U48/><E48/><V69/><F69/><W51/><G20/><T95/><D61/><U50/><E50/><V92/><F82/><W14/><G14/><T16/><D60/><U5/><E83/><V32/><F32/><W13/><G13/><T35/><D35/><U7/><E79/><V9/><F9/><W59/><AGARI ba="0,0" hai="51,53,58,59,62,65,85,91,93,97,100,106,116,117" machi="59" ten="20,3900,0" yaku="0,1,7,1,52,1" doraHai="87" who="3" fromWho="3" sc="236,-13,216,-13,225,-13,323,39" owari="223,2.3,203,-29.7,212,-18.8,362,46.2" /></mjloggm>