<mjloggm ver="2.3"><GO type="225" lobby="0"/><UN n0="%E5%B6%BA%E4%B8%8A%E5%92%B2" n1="%E5%8D%A0%E3%81%84%E5%B8%AB%E8%A3%8F%E3%81%AA%E3%81%84%E3%81%97" n2="%E5%90%91%E4%BA%95%E7%A7%80%E5%BE%B3" n3="%E3%80%90%E3%83%88%E3%83%AA%E3%83%A5%E3%83%95%E3%80%91" dan="16,17,16,16" rate="2083.18,2191.67,2037.99,2060.64" sx="F,M,M,M"/><TAIKYOKU oya="0"/><INIT seed="0,0,0,5,2,65" ten="250,250,250,250" oya="0" hai0="110,47,6,79,70,118,31,0,135,23,95,18,88" hai1="28,117,33,107,133,44,29,5,66,37,109,89,87" hai2="34,49,106,19,94,71,91,105,27,30,72,130,68" hai3="36,82,131,63,11,114,56,77,115,14,124,121,75"/><T101/><D118/><U78/><E117/><V93/><F72/><W45/><G131/><T76/><D135/><U41/><E133/><V113/><F113/><W81/><G124/><T96/><D110/><U9/><E109/><V39/><F39/><W10/><G121/><T104/><D70/><U12/><E107/><V43/><F130/><W57/><G82/><T83/><D31/><U99/><E33/><V7/><F7/><W119/><G119/><T128/><D128/><U97/><E78/><V103/><F93/><W100/><G100/><T53/><D0/><U42/><E42/><V15/><F103/><W26/><G26/><N who="0" m="14711" /><D6/><U60/><E28/><V69/><F49/><W21/><G21/><T52/><D104/><U2/><E29/><V50/><F50/><W80/><G80/><T17/><D17/><U46/><E46/><V67/><F67/><W40/><G56/><T123/><D123/><U38/><E2/><V51/><F51/><W85/><G75/><T13/><D13/><U20/><E20/><V1/><F43/><W62/><G62/><T73/><D73/><U116/><E37/><V108/><F1/><W111/><G111/><T54/><D47/><U58/><REACH who="1" step="1"/><E116/><REACH who="1" ten="250,240,250,250" step="2"/><V25/><F108/><W4/><REACH who="3" step="1"/><G10/><REACH who="3" ten="250,240,250,240" step="2"/><T22/><D22/><U129/><E129/><V122/><F122/><W74/><G74/><T112/><D112/><U64/><E64/><AGARI ba="0,2" hai="4,11,14,36,40,45,57,63,64,77,81,85,114,115" machi="64" ten="30,2000,0" yaku="1,1,7,1,53,0" doraHai="65" doraHaiUra="32" who="3" fromWho="1" sc="250,0,240,-20,250,0,240,40" /><INIT seed="1,0,0,4,3,11" ten="250,220,250,280" oya="1" hai0="77,46,64,66,97,10,132,13,23,80,99,44,115" hai1="73,62,67,121,92,41,12,37,0,8,107,34,112" hai2="68,63,86,40,31,125,27,120,59,95,53,100,75" hai3="111,118,36,90,87,126,9,117,119,43,30,98,24"/><U14/><E112/><V105/><F120/><W74/><G74/><T54/><D115/><U58/><E121/><V78/><F125/><W70/><G70/><T108/><D108/><U20/><E107/><V6/><F40/><W65/><G65/><N who="0" m="25195" /><D132/><U83/><E34/><V102/><F68/><W89/><G111/><T96/><D23/><U57/><E20/><V114/><F114/><W104/><G126/><T110/><D110/><U124/><E58/><V84/><F75/><W22/><G9/><T16/><D54/><U47/><E92/><V26/><F105/><W52/><G43/><T2/><D2/><U101/><E101/><N who="2" m="39019" /><F6/><W51/><G36/><T17/><D17/><U69/><E69/><V135/><F135/><W35/><G104/><T103/><D103/><U18/><E124/><V91/><F31/><W42/><G42/><T55/><D55/><U32/><E32/><V39/><F39/><W123/><G123/><T33/><D33/><U50/><E50/><V133/><F133/><W116/><G116/><T29/><D29/><U82/><E0/><V127/><F127/><W109/><G109/><T7/><D7/><U21/><E73/><V79/><F84/><W48/><G35/><T94/><D94/><U3/><E3/><V56/><F59/><W113/><G113/><T76/><D76/><AGARI ba="0,0" hai="26,27,53,56,63,76,78,79,86,91,95" m="39019" machi="76" ten="30,1000,0" yaku="8,1" doraHai="11" who="2" fromWho="0" sc="250,-10,220,0,250,10,280,0" /><INIT seed="2,0,0,4,5,7" ten="240,220,260,280" oya="2" hai0="27,133,36,32,18,117,37,17,1,21,91,47,57" hai1="55,115,90,95,42,79,73,129,87,80,14,78,103" hai2="24,111,44,86,31,119,128,28,127,64,113,101,34" hai3="92,45,39,132,84,63,0,124,114,65,53,9,96"/><V38/><F113/><W30/><G132/><T131/><D1/><U100/><E42/><V46/><F119/><W6/><G124/><T43/><D133/><U72/><E55/><V48/><F127/><W13/><G114/><T123/><D123/><U58/><E58/><V41/><F128/><W93/><G30/><T25/><D131/><U89/><E14/><V66/><F111/><W69/><G0/><T70/><D70/><U126/><E126/><V108/><F108/><W59/><G84/><T85/><D117/><U75/><E129/><V49/><F38/><W71/><G71/><T121/><D121/><U8/><E8/><V110/><F110/><W35/><G35/><T118/><D118/><U22/><E22/><V88/><F101/><N who="1" m="38985" /><E115/><V102/><F102/><W94/><G45/><T11/><D32/><U52/><E52/><V135/><F31/><W62/><REACH who="3" step="1"/><G39/><REACH who="3" ten="240,220,260,270" step="2"/><T5/><D37/><U20/><E20/><V122/><F135/><W60/><G60/><T15/><D57/><U112/><E112/><V83/><REACH who="2" step="1"/><F122/><REACH who="2" ten="240,220,250,270" step="2"/><W68/><G68/><T67/><D36/><U116/><E116/><V56/><F56/><W3/><G3/><T12/><D47/><U125/><E125/><V61/><F61/><W81/><G81/><T33/><D33/><U23/><E23/><V106/><F106/><W98/><AGARI ba="0,2" hai="6,9,13,53,59,62,63,65,69,92,93,94,96,98" machi="98" ten="30,4000,0" yaku="1,1,0,1,52,1,53,0" doraHai="7" doraHaiUra="120" who="3" fromWho="3" sc="240,-10,220,-10,250,-20,270,60" /><INIT seed="3,0,0,3,0,42" ten="230,210,230,330" oya="3" hai0="82,54,2,9,5,22,17,100,115,94,132,31,39" hai1="88,63,1,30,49,123,85,29,86,69,41,59,91" hai2="71,135,35,46,95,105,56,117,3,92,53,76,62" hai3="121,130,70,89,34,7,74,0,83,60,116,114,129"/><W96/><G114/><T50/><D39/><U104/><E104/><V55/><F117/><W16/><G121/><T75/><D132/><U106/><E123/><V111/><F105/><W110/><G16/><T6/><D31/><N who="1" m="11787" /><E1/><V24/><F35/><W23/><G23/><T43/><D43/><U93/><E69/><V61/><F135/><W128/><G34/><T45/><D5/><U25/><E106/><V98/><F3/><W125/><G125/><T90/><D115/><U19/><E41/><V52/><F71/><W8/><G116/><T107/><D107/><U108/><E108/><V84/><F111/><W48/><G48/><T11/><D2/><U51/><E19/><V38/><F38/><W64/><G89/><T134/><D134/><U99/><E25/><V57/><F24/><W67/><G67/><T18/><D18/><U127/><E127/><V27/><F27/><W14/><G0/><T77/><D6/><U81/><E99/><V28/><F28/><W119/><G119/><T118/><D118/><U4/><E4/><V36/><F98/><W68/><G110/><T58/><D9/><U78/><E78/><V65/><F36/><W20/><G20/><T26/><D11/><U97/><E97/><V15/><F15/><W40/><G96/><N who="0" m="57431" /><D100/><U32/><E32/><V126/><F126/><W103/><G103/><T102/><D102/><U21/><E21/><V101/><F101/><W73/><G70/><T122/><D122/><U113/><E113/><V124/><F124/><W79/><G73/><T37/><D37/><U133/><E133/><V47/><F76/><RYUUKYOKU ba="0,0" sc="230,10,210,10,230,-30,330,10" hai0="17,22,26,45,50,54,58,75,77,82" hai1="49,51,59,63,81,85,86,88,91,93" hai3="7,8,14,40,60,64,68,74,79,83,128,129,130" owari="240,4.0,220,-18.0,200,-30.0,340,44.0" /></mjloggm>