<mjloggm ver="2.3"><GO type="225" lobby="0"/><UN n0="%E8%81%B7%E6%A5%AD%E3%80%81%E9%A2%A8%32" n1="%E3%81%B2%E3%81%AA%E3%81%AE%E3%82%8A%E3%81%8F" n2="%38%63%E3%81%AF%E3%81%A3%E3%81%97%E3%83%BC" n3="%E3%83%B4%E3%82%A3%E3%83%AF%E3%82%B3%E3%82%B0%E3%83%8B" dan="16,17,16,16" rate="2129.18,2220.37,2116.85,2165.72" sx="M,M,M,M"/><TAIKYOKU oya="0"/><INIT seed="0,0,0,3,0,30" ten="250,250,250,250" oya="0" hai0="1,127,118,85,24,92,35,112,65,46,13,111,37" hai1="49,107,84,51,80,69,110,59,11,74,47,101,64" hai2="76,89,32,19,55,33,105,4,58,77,72,2,87" hai3="14,134,113,94,117,62,75,81,88,20,123,135,124"/><T31/><D118/><U38/><E74/><V34/><F105/><W7/><G62/><T133/><D112/><U66/><E110/><V45/><F72/><W23/><G117/><T57/><D1/><U29/><E38/><V125/><F45/><W26/><G113/><T121/><D121/><U90/><E69/><V42/><F42/><W56/><G56/><T41/><D127/><U18/><E59/><V97/><F97/><W43/><G43/><T129/><D129/><U131/><E131/><V27/><F125/><W60/><G60/><T79/><D133/><N who="3" m="50697" /><G124/><T96/><D111/><U116/><E51/><V119/><F119/><W61/><G61/><T122/><D122/><U39/><E39/><V93/><F4/><W106/><G106/><T120/><D57/><U25/><E101/><V52/><F2/><W130/><G130/><T83/><D65/><U132/><E107/><V9/><F55/><W21/><G123/><T108/><D108/><U67/><E116/><V50/><REACH who="2" step="1"/><F27/><REACH who="2" ten="250,250,240,250" step="2"/><W115/><G115/><T22/><D120/><U0/><E132/><V28/><F28/><N who="3" m="17479" /><G7/><T68/><D13/><AGARI ba="0,1" hai="9,13,19,32,33,34,50,52,58,76,77,87,89,93" machi="13" ten="40,8000,1" yaku="1,1,52,3,54,1,53,0" doraHai="30" doraHaiUra="70" who="2" fromWho="0" sc="250,-80,250,0,240,90,250,0" /><INIT seed="1,0,0,0,0,72" ten="170,250,330,250" oya="1" hai0="83,95,59,87,76,131,133,100,117,20,24,47,62" hai1="6,41,5,102,16,132,67,8,22,29,32,86,7" hai2="135,115,14,89,27,49,130,70,125,99,134,12,54" hai3="104,92,74,121,90,11,64,18,120,97,85,126,34"/><U61/><E132/><V79/><F70/><W28/><G74/><T3/><D133/><N who="2" m="50698" /><F130/><W106/><G126/><T103/><D3/><U80/><E102/><V112/><F125/><W23/><G11/><T0/><D0/><U51/><E32/><V53/><F27/><W63/><G28/><T9/><D131/><U69/><E29/><V68/><F68/><W26/><G34/><T122/><D117/><U75/><E75/><V43/><F43/><W91/><G106/><T71/><D122/><U73/><E73/><V40/><F40/><W82/><REACH who="3" step="1"/><G104/><REACH who="3" ten="170,250,330,240" step="2"/><T123/><D9/><U2/><E8/><V114/><F114/><W10/><G10/><T113/><D123/><U1/><E1/><V111/><F115/><W58/><AGARI ba="0,1" hai="18,23,26,58,63,64,82,85,90,91,92,97,120,121" machi="58" ten="20,2700,0" yaku="1,1,0,1,7,1,53,0" doraHai="72" doraHaiUra="96" who="3" fromWho="3" sc="170,-7,250,-13,330,-7,240,37" /><INIT seed="2,0,0,0,0,33" ten="163,237,323,277" oya="2" hai0="105,17,48,75,26,76,55,21,57,56,95,133,8" hai1="80,46,42,9,51,73,25,1,69,90,71,58,78" hai2="18,23,61,124,126,100,6,59,112,37,63,84,130" hai3="43,27,10,116,45,86,109,96,13,115,83,118,119"/><V125/><F112/><W120/><G109/><T117/><D105/><U79/><E79/><V53/><F130/><W102/><G120/><T52/><D117/><U98/><E25/><V89/><F37/><W128/><G27/><T50/><D133/><U68/><E58/><V19/><F100/><W41/><G128/><T60/><D75/><U129/><E129/><V92/><F6/><W113/><G13/><T134/><D134/><U64/><E64/><V103/><F103/><W122/><G10/><T108/><D108/><U40/><E40/><V2/><F2/><W70/><G70/><T107/><D107/><U54/><E54/><V29/><F29/><W36/><G41/><T30/><D76/><U127/><E127/><V101/><F101/><W67/><G67/><T104/><D104/><U28/><E28/><V11/><F11/><W0/><G0/><T7/><D95/><U91/><REACH who="1" step="1"/><E98/><REACH who="1" ten="163,227,323,277" step="2"/><V97/><F97/><W66/><G66/><T93/><D93/><U81/><E81/><V35/><F53/><W62/><G83/><T47/><D30/><U14/><E14/><V12/><F59/><W74/><G118/><T121/><D121/><U31/><E31/><V22/><F35/><W16/><G122/><T132/><D132/><U99/><E99/><V32/><F32/><W111/><G96/><T65/><D65/><U15/><E15/><AGARI ba="0,1" hai="12,15,18,19,22,23,61,63,84,89,92,124,125,126" machi="15" ten="40,3900,0" yaku="9,1,18,1" doraHai="33" who="2" fromWho="1" sc="163,0,227,-39,323,49,277,0" /><INIT seed="2,1,0,4,3,89" ten="163,188,372,277" oya="2" hai0="35,32,132,88,51,27,43,12,31,66,64,134,104" hai1="53,107,3,80,129,119,101,133,28,7,135,116,0" hai2="92,48,13,20,102,109,65,54,42,6,123,26,114" hai3="29,49,75,15,78,24,127,124,97,131,72,79,74"/><V73/><F123/><W96/><G15/><T93/><D104/><U110/><E110/><V71/><F73/><W38/><G38/><T126/><D126/><N who="3" m="48169" /><G49/><T118/><D35/><U113/><E113/><V61/><F114/><W105/><G131/><T60/><D118/><U55/><E129/><V120/><F42/><W8/><G8/><T22/><D43/><U83/><E28/><V44/><F120/><W63/><G63/><T30/><D51/><U84/><E107/><V9/><F109/><W81/><G78/><T95/><D95/><U40/><E40/><V10/><F10/><W94/><G105/><T99/><D60/><U46/><E7/><V90/><F102/><N who="3" m="60695" /><G97/><T112/><D112/><U57/><E101/><V59/><F71/><W25/><G25/><N who="0" m="16695" /><D12/><U106/><E106/><V87/><F26/><W100/><G100/><T69/><D69/><U122/><E122/><V41/><F41/><W37/><G37/><T128/><D128/><U117/><E3/><V76/><F76/><W58/><G58/><T62/><D62/><N who="1" m="36159" /><E0/><V14/><F14/><W67/><G67/><T91/><D91/><N who="1" m="51591" /><E83/><V47/><F47/><W39/><G39/><T34/><D34/><AGARI ba="1,0" hai="24,29,34,72,74,75,79,81" m="60695,48169" machi="34" ten="30,2000,0" yaku="18,1,52,1" doraHai="89" who="3" fromWho="0" sc="163,-23,188,0,372,0,277,23" /><INIT seed="3,0,0,2,0,124" ten="140,188,372,300" oya="3" hai0="39,111,4,44,134,33,61,19,72,57,31,80,24" hai1="22,54,63,56,29,16,40,60,48,114,101,116,81" hai2="129,30,73,52,18,12,93,68,135,35,17,66,83" hai3="67,34,120,32,14,95,26,9,86,37,126,6,8"/><W96/><G126/><T118/><D118/><U71/><E114/><V121/><F135/><W5/><G37/><T88/><D134/><U104/><E104/><V65/><F129/><W23/><G120/><T28/><D111/><U132/><E132/><V20/><F121/><W74/><G74/><T1/><D31/><U133/><E133/><V85/><F73/><W42/><G42/><T46/><D39/><U43/><E71/><V62/><F93/><W25/><G86/><T127/><D127/><U76/><E29/><V122/><F122/><W102/><G67/><T99/><D72/><U58/><E101/><V112/><F112/><W0/><REACH who="3" step="1"/><G25/><REACH who="3" ten="140,188,372,290" step="2"/><T78/><D78/><U77/><E116/><V75/><F75/><W106/><G106/><T110/><D110/><U59/><E43/><V27/><F66/><W10/><G10/><T119/><D119/><U100/><E40/><V55/><F17/><AGARI ba="0,1" hai="0,5,6,8,9,14,17,23,26,32,34,95,96,102" machi="17" ten="30,5800,0" yaku="1,1,7,1,53,1" doraHai="124" doraHaiUra="92" who="3" fromWho="2" sc="140,0,188,0,372,-58,290,68" owari="140,-36.0,188,-21.2,314,11.4,358,45.8" /></mjloggm>