<mjloggm ver="2.3"><GO type="225" lobby="0"/><UN n0="%E3%81%AA%E3%81%BE%E3%81%91%E8%80%85" n1="%72%61%6B%33" n2="%E5%AE%AE%E4%BF%9D%E9%B6%8F%E8%82%89" n3="%E9%89%A2%E5%B7%BB%E3%82%AC%E3%83%96" dan="16,18,16,16" rate="2054.57,2243.50,2116.89,2082.27" sx="M,M,M,M"/><TAIKYOKU oya="0"/><INIT seed="0,0,0,3,1,46" ten="250,250,250,250" oya="0" hai0="83,107,16,124,10,82,75,72,31,5,25,118,18" hai1="35,60,58,103,93,95,91,119,108,131,125,13,59" hai2="63,128,9,33,94,102,22,37,69,42,76,99,23" hai3="84,89,122,21,48,77,70,53,55,30,51,1,71"/><T120/><D120/><U45/><E108/><V74/><F33/><W117/><G1/><T28/><D124/><U24/><E131/><V26/><F128/><W97/><G117/><T0/><D107/><U126/><E119/><V112/><F112/><W101/><G77/><T41/><D118/><U43/><E13/><V61/><F37/><W105/><G122/><T78/><D41/><U81/><E81/><V54/><F42/><W114/><G114/><T57/><D31/><U123/><E103/><V66/><F74/><W90/><G21/><T129/><D129/><U115/><E115/><V132/><F76/><W52/><G30/><T73/><D82/><U79/><E79/><V32/><F132/><W8/><G8/><T49/><D73/><U98/><E95/><V113/><F113/><W4/><G4/><T87/><D75/><U88/><E91/><V39/><F39/><W14/><G14/><T27/><D72/><U121/><E24/><V110/><F110/><W3/><G3/><T19/><REACH who="0" step="1"/><D28/><REACH who="0" ten="240,250,250,250" step="2"/><U68/><E123/><V20/><F32/><W100/><G100/><T36/><D36/><N who="1" m="21735" /><E35/><V64/><F102/><W67/><G90/><T130/><D130/><U134/><E121/><V111/><F26/><W116/><G116/><T109/><D109/><U2/><E126/><V104/><F104/><W85/><G85/><T92/><D92/><U80/><E93/><V44/><F94/><N who="3" m="54567" /><G71/><T34/><D34/><U135/><E68/><N who="2" m="41999" /><F111/><W17/><G70/><T127/><D127/><U15/><E125/><V11/><F99/><W62/><G105/><T65/><D65/><RYUUKYOKU ba="0,1" sc="240,15,250,-15,250,15,250,-15" hai0="0,5,10,16,18,19,25,27,49,57,78,83,87" hai2="9,11,20,22,23,44,54,63,66,69" /><INIT seed="0,1,1,2,5,41" ten="255,235,265,235" oya="0" hai0="97,75,17,77,30,65,131,111,27,106,96,16,113" hai1="21,36,20,48,88,29,74,87,63,102,34,125,71" hai2="135,81,124,12,70,57,46,119,98,2,14,100,72" hai3="101,112,13,42,32,51,73,4,93,109,85,86,53"/><T90/><D113/><U44/><E74/><V38/><F70/><W121/><G112/><T47/><D131/><U5/><E36/><V40/><F2/><W117/><G32/><T76/><D65/><U45/><E125/><V15/><F124/><W39/><G117/><T1/><D1/><U116/><E116/><V99/><F135/><W8/><G73/><T133/><D133/><U82/><E5/><V7/><F119/><W66/><G66/><T25/><D111/><U132/><E132/><V18/><F7/><W10/><G109/><T43/><D75/><U6/><E6/><V78/><F57/><W108/><G10/><T31/><D106/><U107/><E34/><V49/><F38/><W89/><G121/><T50/><D25/><U11/><E11/><V62/><F62/><W84/><G101/><T110/><D110/><U56/><E71/><V127/><F127/><W35/><G35/><T114/><D114/><U134/><E134/><V105/><REACH who="2" step="1"/><F99/><REACH who="2" ten="255,235,255,235" step="2"/><W33/><G108/><T69/><D69/><U128/><E63/><V129/><F129/><W54/><G39/><T68/><D68/><U52/><E128/><V28/><F28/><N who="0" m="10794" /><D97/><U103/><E29/><V95/><F95/><W122/><G122/><T118/><D118/><U104/><E107/><V60/><F60/><W83/><G33/><T94/><D27/><U79/><E104/><V58/><F58/><W23/><G93/><T59/><D59/><U123/><E123/><V3/><F3/><W91/><G4/><T22/><D17/><AGARI ba="1,2" hai="12,14,15,17,18,40,46,49,72,78,81,98,100,105" machi="17" ten="40,8000,1" yaku="1,1,52,1,53,3" doraHai="41" doraHaiUra="9" who="2" fromWho="0" sc="255,-83,235,0,255,103,235,0" /><INIT seed="1,0,0,5,3,12" ten="172,235,358,235" oya="1" hai0="60,32,91,0,56,96,69,78,45,81,28,92,102" hai1="74,1,15,79,89,77,19,86,72,113,76,2,129" hai2="132,43,118,105,21,55,100,41,58,110,11,34,83" hai3="67,50,116,104,101,26,127,49,103,68,13,29,73"/><U109/><E113/><V66/><F118/><W23/><G73/><T99/><D69/><U31/><E129/><V123/><F123/><W44/><G116/><T10/><D32/><U17/><E31/><V64/><F34/><W122/><G122/><T112/><D112/><U119/><E119/><V134/><F110/><W51/><G127/><T126/><D126/><U71/><E71/><V39/><F11/><W128/><G128/><T6/><D28/><U59/><E109/><V111/><F111/><W47/><G67/><N who="2" m="25641" /><F83/><W48/><G68/><T16/><D45/><U54/><E72/><V65/><F65/><W37/><G37/><T115/><D115/><U20/><E74/><V3/><F39/><W33/><G104/><T124/><D124/><U130/><E130/><V62/><F3/><W85/><G85/><T95/><D78/><U121/><E121/><V52/><F55/><W87/><G87/><T114/><D81/><U70/><E70/><V14/><F100/><W5/><G44/><T98/><D98/><U75/><E75/><V7/><F105/><W18/><REACH who="3" step="1"/><G5/><REACH who="3" ten="172,235,358,225" step="2"/><T46/><D46/><U63/><E86/><V42/><F7/><W36/><G36/><T40/><D114/><U106/><E106/><V133/><F133/><W108/><G108/><T82/><D82/><U88/><E1/><V24/><F134/><W57/><G57/><T131/><D131/><U53/><E2/><V97/><F132/><W22/><G22/><T8/><D0/><U25/><E53/><AGARI ba="0,1" hai="13,18,23,26,29,33,47,48,49,50,51,53,101,103" machi="53" ten="40,2600,0" yaku="1,1,52,1,53,0" doraHai="12" doraHaiUra="35" who="3" fromWho="1" sc="172,0,235,-26,358,0,225,36" /><INIT seed="2,0,0,5,0,52" ten="172,209,358,261" oya="2" hai0="78,21,80,103,35,44,46,8,100,33,12,28,66" hai1="7,34,128,129,98,125,97,69,118,63,56,74,45" hai2="15,38,42,87,17,9,76,24,71,101,134,50,93" hai3="121,131,70,114,57,95,135,16,14,31,48,60,6"/><V58/><F71/><W109/><G121/><T36/><D35/><U124/><E34/><V37/><F134/><W86/><G31/><T89/><D33/><U18/><E118/><V61/><F38/><W90/><G135/><T83/><D89/><U54/><E74/><V81/><F37/><W77/><G70/><T123/><D123/><U40/><E7/><V115/><F115/><W99/><G114/><T22/><D66/><U53/><E18/><V10/><F24/><W68/><G68/><T20/><D28/><U88/><E54/><V55/><F9/><W65/><G109/><T19/><D36/><N who="1" m="21639" /><E69/><V120/><F120/><W27/><G131/><N who="1" m="50250" /><E97/><V3/><F3/><W25/><G6/><T64/><D64/><U117/><E117/><V1/><F1/><W41/><G41/><T85/><REACH who="0" step="1"/><D80/><REACH who="0" ten="162,209,358,261" step="2"/><U67/><E67/><N who="2" m="39351" /><F81/><N who="3" m="47407" /><G48/><T92/><D92/><AGARI ba="0,1" hai="53,56,63,88,92,98,124,125" m="50250,21639" machi="92" ten="30,3900,0" yaku="19,1,52,1,54,1" doraHai="52" who="1" fromWho="0" sc="162,-39,209,49,358,0,261,0" /><INIT seed="3,0,0,4,1,33" ten="123,258,358,261" oya="3" hai0="134,44,73,67,25,15,18,21,39,62,70,78,19" hai1="50,86,48,49,122,107,59,46,104,23,12,63,36" hai2="124,10,90,71,74,8,57,68,91,32,22,111,132" hai3="17,93,51,66,105,53,29,117,6,81,108,112,85"/><W16/><G112/><T79/><D134/><U56/><E122/><V42/><F32/><W113/><G113/><T28/><D73/><U87/><E107/><V40/><F74/><W4/><G105/><T110/><D110/><U114/><E104/><V47/><F57/><N who="1" m="22089" /><E36/><V84/><F22/><W92/><G117/><T35/><D19/><N who="3" m="7241" /><G66/><T96/><D39/><U54/><E114/><V133/><F111/><W129/><G29/><T77/><D44/><U65/><E65/><V43/><F71/><W58/><G129/><T130/><D130/><U11/><E23/><V2/><F68/><W55/><G55/><T116/><D116/><U37/><E37/><V3/><F42/><W89/><G108/><T64/><D64/><U41/><E63/><V52/><F52/><W31/><G31/><T88/><D96/><U119/><E119/><V30/><F30/><W131/><G131/><T115/><D115/><U118/><E118/><V76/><F43/><W45/><G45/><T1/><D70/><U5/><E49/><V109/><F109/><W24/><G24/><T98/><D67/><U13/><E13/><V34/><F34/><W61/><G61/><T38/><D62/><U103/><E103/><V94/><F47/><AGARI ba="0,0" hai="5,11,12,41,46,47,48,50,54,86,87" m="22089" machi="47" ten="30,1000,0" yaku="8,1" doraHai="33" who="1" fromWho="2" sc="123,0,258,10,358,-10,261,0" owari="123,-37.7,268,6.8,348,44.8,261,-13.9" /></mjloggm>