<mjloggm ver="2.3"><GO type="225" lobby="0"/><UN n0="%4C%4F%4C%49%54%41" n1="%E6%B8%A9%E2%98%85%E6%83%85%E2%98%85%E6%8E%AA%E2%98%85%E7%BD%AE" n2="%E6%98%93%E5%88%A9%E8%96%A9%E4%BC%AF" n3="%28%EF%BF%A3%E2%96%BD%EF%BF%A3%29%CE%B4%E2%8C%92%E3%83%BB" dan="16,17,16,17" rate="2175.60,2162.68,2091.57,2236.78" sx="F,M,F,M"/><TAIKYOKU oya="0"/><INIT seed="0,0,0,2,5,135" ten="250,250,250,250" oya="0" hai0="116,56,44,126,78,28,13,69,118,106,47,46,0" hai1="88,113,66,103,120,73,34,11,39,18,29,117,19" hai2="80,41,76,49,2,132,48,60,131,134,95,86,21" hai3="107,23,128,115,70,121,85,58,97,110,32,51,30"/><T98/><D0/><U123/><E117/><V59/><F2/><W77/><G70/><T102/><D69/><U99/><E73/><V45/><F131/><W61/><G128/><T96/><D28/><U93/><E39/><V12/><F95/><W129/><G129/><T79/><D126/><U122/><E113/><V53/><F21/><W9/><G32/><T3/><D3/><U101/><E66/><V75/><F75/><W54/><G110/><T72/><D98/><U37/><E37/><V14/><REACH who="2" step="1"/><F49/><REACH who="2" ten="250,250,240,250" step="2"/><W105/><G51/><T84/><D72/><U62/><E34/><V25/><F25/><W17/><G23/><T1/><D1/><U4/><E29/><V6/><F6/><W5/><G30/><T94/><D116/><U104/><E4/><V90/><F90/><W114/><G5/><T31/><D31/><U67/><E11/><V55/><F55/><W38/><G54/><T127/><D94/><U65/><E65/><V42/><F42/><W52/><G52/><T36/><D118/><U124/><E124/><V16/><F16/><W92/><G17/><T109/><D127/><U83/><E83/><V15/><AGARI ba="0,1" hai="12,14,15,41,45,48,53,59,60,76,80,86,132,134" machi="15" ten="30,2000,0" yaku="1,1,0,1,53,0" doraHai="135" doraHaiUra="133" who="2" fromWho="2" sc="250,-10,250,-5,240,30,250,-5" /><INIT seed="1,0,0,1,3,22" ten="240,245,270,245" oya="1" hai0="88,69,85,19,54,95,47,122,75,91,2,61,125" hai1="66,52,27,112,129,123,42,126,35,53,98,124,31" hai2="74,115,87,110,29,108,59,28,97,30,65,32,72" hai3="130,62,0,20,80,8,4,40,102,41,14,78,107"/><U43/><E112/><V116/><F116/><W70/><G130/><T131/><D75/><U12/><E129/><V76/><F115/><W127/><G127/><N who="1" m="48682" /><E123/><V92/><F87/><W82/><G82/><T17/><D125/><U45/><E66/><V128/><F128/><W120/><G120/><T119/><D131/><U114/><E114/><V104/><F104/><W44/><G70/><T21/><D119/><U67/><E67/><V64/><F32/><W93/><G62/><T103/><D2/><U58/><E12/><V9/><F9/><W111/><G107/><T84/><D103/><U11/><E11/><V77/><F59/><W105/><G105/><T133/><D133/><U56/><E98/><V135/><F135/><W99/><G111/><N who="2" m="42537" /><F65/><W101/><G101/><T121/><D69/><U60/><E45/><V25/><F64/><W15/><G20/><T90/><D122/><U109/><E109/><V55/><F55/><W39/><REACH who="3" step="1"/><G41/><REACH who="3" ten="240,245,270,235" step="2"/><T79/><D121/><U38/><E38/><V71/><F71/><W132/><G132/><T10/><D21/><U26/><E26/><V1/><F25/><W81/><G81/><T113/><D113/><U68/><E68/><V16/><F74/><AGARI ba="0,1" hai="0,4,8,14,15,39,40,44,74,78,80,93,99,102" machi="74" ten="30,7700,0" yaku="1,1,7,1,25,2,53,0" doraHai="22" doraHaiUra="57" who="3" fromWho="2" sc="240,0,245,0,270,-77,235,87" /><INIT seed="2,0,0,3,4,10" ten="240,245,193,322" oya="2" hai0="133,96,127,97,59,71,105,8,135,57,103,78,130" hai1="50,126,12,92,101,122,124,20,84,53,76,63,30" hai2="46,73,116,114,16,52,36,1,47,9,2,43,102" hai3="118,14,72,80,25,111,41,56,115,125,65,85,128"/><V95/><F114/><W49/><G115/><T18/><D71/><U66/><E122/><V28/><F116/><W86/><G118/><T15/><D130/><U32/><E32/><V26/><F73/><W87/><G128/><T44/><D127/><N who="1" m="48683" /><E76/><V29/><F102/><W13/><G125/><T3/><D78/><U24/><E12/><N who="3" m="4714" /><G72/><T74/><D74/><U117/><E117/><V83/><F83/><W91/><G111/><T94/><D44/><N who="1" m="27847" /><E84/><N who="3" m="32362" /><G25/><T40/><D40/><U100/><E92/><V93/><F93/><W21/><G21/><T82/><D3/><U104/><E104/><V11/><F95/><W107/><G107/><T35/><D35/><U38/><E38/><V81/><F81/><W112/><G112/><T37/><D37/><U55/><E55/><V19/><F36/><W45/><G65/><T48/><D82/><U108/><E108/><V131/><F52/><N who="3" m="31759" /><G45/><T75/><D75/><U67/><E66/><V42/><REACH who="2" step="1"/><F26/><REACH who="2" ten="240,245,183,322" step="2"/><W0/><G0/><T27/><D105/><U89/><E24/><V54/><F54/><W98/><G41/><T113/><D113/><U109/><E109/><V79/><F79/><W106/><G106/><T120/><D27/><U5/><E67/><V61/><F61/><W99/><AGARI ba="0,1" hai="80,87,91,98,99" m="31759,32362,4714" machi="99" ten="30,8000,1" yaku="8,1,52,3,54,1" doraHai="10" who="3" fromWho="3" sc="240,-20,245,-20,183,-40,322,90" /><INIT seed="3,0,0,1,1,125" ten="220,225,143,412" oya="3" hai0="47,95,5,130,61,90,24,49,105,4,38,59,17" hai1="3,97,28,62,8,88,18,40,36,13,126,7,32" hai2="129,76,135,58,23,46,41,81,12,9,83,87,112" hai3="116,52,29,118,53,113,122,26,132,66,57,79,91"/><W123/><G79/><T31/><D105/><U93/><E126/><V78/><F112/><W51/><G113/><T60/><D130/><U27/><E62/><V86/><F135/><W106/><G106/><T2/><D38/><U115/><E115/><V65/><F23/><W6/><G6/><T110/><D110/><U75/><E75/><V94/><F94/><W37/><G37/><T119/><D17/><U104/><E104/><V56/><F65/><W11/><G66/><T102/><D102/><U80/><E80/><V89/><F89/><W98/><G11/><T71/><D71/><U33/><E36/><V44/><F44/><W21/><G91/><T67/><D60/><U14/><E40/><V19/><REACH who="2" step="1"/><F129/><REACH who="2" ten="220,225,133,412" step="2"/><W134/><G132/><T34/><D90/><U45/><E45/><V108/><F108/><W99/><G134/><T35/><D95/><U131/><E131/><V42/><F42/><W25/><G21/><T73/><D47/><U64/><E64/><V121/><F121/><W92/><G92/><T111/><D111/><U70/><E93/><V96/><F96/><W72/><G99/><T77/><D67/><U120/><E97/><V54/><F54/><W100/><G98/><T84/><D34/><U117/><E33/><V15/><F15/><W103/><G53/><T30/><D35/><U48/><E120/><V50/><AGARI ba="0,1" hai="9,12,19,41,46,50,56,58,76,78,81,83,86,87" machi="50" ten="20,8000,1" yaku="1,1,0,1,7,1,9,1,8,1,53,0" doraHai="125" doraHaiUra="20" who="2" fromWho="2" sc="220,-20,225,-20,133,90,412,-40" owari="200,-30.0,205,-19.5,223,2.3,372,47.2" /></mjloggm>