<mjloggm ver="2.3"><GO type="225" lobby="0"/><UN n0="%E9%B3%B3%E6%9D%B1%E3%81%AE%E3%81%BF%E3%81%91%E3%81%AB%E3%82%83%E3%82%93" n1="%E8%A6%9A%E9%86%92%E3%81%97%E3%81%9F%E3%81%A8%E3%81%BE%E3%81%A8" n2="%2D%E8%B1%8A%E5%8F%A3%E3%82%81%E3%81%90%E3%81%BF%2D" n3="%E3%81%B5%E3%81%98%E3%81%8B%E3%81%A4" dan="17,16,17,16" rate="2181.90,2129.57,2210.87,2171.93" sx="F,M,M,M"/><TAIKYOKU oya="0"/><INIT seed="0,0,0,1,4,97" ten="250,250,250,250" oya="0" hai0="95,129,80,72,4,118,121,133,130,50,44,57,70" hai1="116,102,106,134,96,46,98,20,56,16,54,63,62" hai2="68,110,35,28,108,1,73,85,125,92,81,3,10" hai3="11,69,38,31,42,77,89,71,76,82,122,115,78"/><T23/><D118/><U53/><E134/><V75/><F68/><W88/><G115/><T29/><D121/><U43/><E116/><V59/><F125/><W127/><G31/><T103/><D70/><U104/><E98/><V114/><F114/><W32/><G32/><T26/><D133/><U124/><E124/><V7/><F3/><W15/><G122/><T101/><D4/><U27/><E106/><V83/><F92/><W86/><G127/><T19/><D95/><U17/><E17/><V91/><F83/><W120/><G120/><T74/><D57/><U12/><E27/><N who="2" m="18847" /><F59/><W13/><G89/><T30/><D30/><U49/><REACH who="1" step="1"/><E54/><REACH who="1" ten="250,240,250,250" step="2"/><V5/><F5/><W119/><G119/><T0/><D29/><U8/><E8/><V14/><F1/><W94/><G11/><T37/><D0/><U21/><E21/><V113/><F113/><W111/><G111/><AGARI ba="0,1" hai="7,10,14,73,75,81,85,91,108,110,111" m="18847" machi="111" ten="30,1000,0" yaku="14,1" doraHai="97" who="2" fromWho="3" sc="250,0,240,0,250,20,250,-10" /><INIT seed="1,0,0,5,4,102" ten="250,240,270,240" oya="1" hai0="2,63,28,13,46,74,41,134,96,133,11,31,130" hai1="39,71,73,42,50,95,55,132,51,98,106,92,60" hai2="128,103,62,19,109,59,17,14,104,76,125,12,111" hai3="45,110,37,69,36,25,108,49,80,118,43,58,72"/><U122/><E122/><V88/><F76/><W97/><G118/><T115/><D115/><U24/><E132/><N who="0" m="50793" /><D2/><U77/><E24/><V113/><F125/><W70/><G72/><T135/><N who="0" m="50801" /><T8/><DORA hai="61" /><D130/><U40/><E106/><V85/><F128/><W20/><G80/><T32/><D74/><U67/><E92/><N who="2" m="54287" /><F113/><W126/><G97/><T66/><D96/><U68/><E71/><N who="3" m="27146" /><G126/><T116/><D116/><U0/><E0/><V57/><F103/><W121/><G121/><T29/><D32/><U56/><E39/><N who="3" m="14922" /><G20/><T75/><D75/><U64/><E77/><V10/><F62/><W48/><G25/><T89/><D89/><N who="1" m="55663" /><E68/><V123/><F104/><W23/><G23/><T79/><D79/><U117/><E73/><V119/><F119/><W124/><G124/><T105/><D105/><U114/><E114/><V91/><F91/><W78/><G78/><T90/><D90/><U16/><E117/><V33/><F33/><W99/><G99/><T1/><D1/><U9/><E51/><V27/><F27/><W38/><N who="3" m="14930" /><W15/><DORA hai="26" /><G15/><T83/><D13/><N who="1" m="7215" /><E50/><V87/><F123/><W54/><AGARI ba="0,0" hai="43,45,48,49,54,58,108,110" m="14930,27146" machi="54" ten="50,3200,0" yaku="34,2" doraHai="102,61,26" who="3" fromWho="3" sc="250,-8,240,-16,270,-8,240,32" /><INIT seed="2,0,0,5,4,68" ten="242,224,262,272" oya="2" hai0="134,1,94,33,65,104,111,95,89,30,57,82,112" hai1="22,60,90,116,125,101,85,16,47,26,87,126,115" hai2="11,49,78,48,81,88,124,15,107,24,83,4,36" hai3="70,6,128,27,19,84,10,97,54,14,130,120,17"/><V52/><F107/><W46/><G70/><T80/><D112/><U35/><E115/><V99/><F36/><W127/><G120/><T5/><D104/><U91/><E116/><V110/><F124/><N who="1" m="47721" /><E101/><V50/><F110/><W61/><G127/><T39/><D1/><U74/><E74/><V62/><F24/><W32/><G97/><T45/><D5/><U66/><E35/><V129/><F129/><N who="3" m="49771" /><G84/><N who="1" m="32330" /><E47/><V2/><F2/><W75/><G75/><T8/><D45/><U109/><E109/><V76/><F81/><W121/><G121/><T103/><D80/><U98/><E98/><V13/><F13/><W105/><G105/><T114/><D82/><U135/><E135/><V21/><F21/><W44/><G44/><T25/><D134/><U100/><E100/><V29/><F29/><N who="3" m="19519" /><G46/><T55/><D111/><U123/><E123/><V56/><F83/><W117/><G117/><T58/><D114/><U79/><E79/><V3/><F3/><W59/><AGARI ba="0,0" hai="6,10,14,17,19,54,59,61" m="19519,49771" machi="59" ten="30,1100,0" yaku="19,1" doraHai="68" who="3" fromWho="3" sc="242,-3,224,-3,262,-5,272,11" /><INIT seed="3,0,0,5,4,118" ten="239,221,257,283" oya="3" hai0="135,87,80,59,58,67,7,61,134,53,42,88,111" hai1="92,128,62,73,98,95,89,76,86,83,107,84,45" hai2="70,122,22,96,71,10,11,51,40,99,103,127,28" hai3="112,68,77,19,3,54,26,125,64,35,101,14,43"/><W100/><G112/><T18/><D111/><U0/><E0/><V47/><F127/><W44/><G125/><T131/><D131/><U117/><E117/><V15/><F96/><W55/><G3/><T4/><D42/><U31/><E128/><V82/><F11/><W93/><G77/><T115/><D18/><U65/><E31/><V6/><F122/><W120/><G120/><T24/><D24/><U130/><E130/><V110/><F110/><W72/><G72/><T119/><D119/><U108/><E108/><V29/><F71/><W1/><G1/><T123/><D115/><U114/><E114/><V9/><F70/><W5/><G5/><T79/><D79/><U94/><E45/><V50/><F9/><W39/><G68/><T16/><D16/><U46/><E46/><V69/><F69/><W20/><G64/><T37/><D37/><U27/><E27/><V17/><F51/><W102/><REACH who="3" step="1"/><G93/><REACH who="3" ten="239,221,257,273" step="2"/><N who="1" m="35946" /><E65/><V21/><F6/><W81/><G81/><T41/><D123/><U90/><E62/><V104/><F82/><W126/><G126/><T8/><D4/><U121/><E121/><V133/><F104/><W32/><G32/><T23/><D7/><U113/><E113/><V30/><F133/><W124/><G124/><T57/><D134/><U33/><E33/><V52/><F103/><W91/><G91/><N who="1" m="34826" /><E107/><V66/><F66/><W25/><G25/><T34/><D135/><U97/><E95/><V63/><F99/><AGARI ba="0,1" hai="73,76,83,84,86,97,98,99" m="34826,35946" machi="99" ten="30,8000,1" yaku="35,5" doraHai="118" who="1" fromWho="2" sc="239,0,221,90,257,-80,273,0" owari="239,-16.1,311,41.1,177,-32.3,273,7.3" /></mjloggm>