<mjloggm ver="2.3"><GO type="225" lobby="0"/><UN n0="%E3%83%AD%E3%83%83%E3%83%86%E9%9B%80%E7%90%83" n1="%E4%B8%AD%E5%B9%B4%E3%81%AE%E5%8D%B1%E6%A9%9F" n2="%E5%A4%96%E5%B7%9D%E7%AB%9C%E6%88%90" n3="%E3%81%82%E3%81%99%E3%81%AB%E3%82%83%E3%82%80" dan="17,17,16,16" rate="2278.58,2234.66,2242.45,2095.07" sx="M,M,M,F"/><TAIKYOKU oya="0"/><INIT seed="0,0,0,4,1,129" ten="250,250,250,250" oya="0" hai0="19,110,126,70,66,125,8,44,5,104,74,128,127" hai1="122,2,106,14,88,6,94,87,117,107,24,105,50" hai2="108,35,71,76,61,124,68,92,112,32,9,123,86" hai3="7,27,131,93,111,25,102,57,28,91,11,31,12"/><T67/><D128/><U20/><E122/><V26/><F123/><W46/><G111/><T18/><D110/><U41/><E2/><V23/><F108/><W134/><G131/><T114/><D114/><U65/><E117/><V54/><F112/><W73/><G73/><T133/><D74/><U118/><E118/><V113/><F113/><W47/><G102/><T64/><D70/><U96/><E65/><V59/><F124/><W132/><G57/><T101/><D133/><N who="3" m="51305" /><G27/><T29/><D29/><N who="3" m="11337" /><G25/><T37/><D101/><U16/><E6/><V135/><F26/><W30/><G30/><T48/><D104/><U13/><REACH who="1" step="1"/><E96/><AGARI ba="0,0" hai="7,11,12,46,47,91,93,96" m="11337,51305" machi="96" ten="30,7700,0" yaku="20,1,52,3" doraHai="129" who="3" fromWho="1" sc="250,0,250,-77,250,0,250,77" /><INIT seed="1,0,0,0,4,27" ten="250,173,250,327" oya="1" hai0="11,46,36,60,32,29,72,6,34,113,75,71,61" hai1="18,102,129,68,135,38,79,81,123,42,76,31,3" hai2="54,62,127,10,108,13,33,2,93,99,23,120,48" hai3="65,125,45,4,88,131,134,119,66,50,90,40,39"/><U112/><E123/><V58/><F120/><W30/><G125/><T44/><D113/><U0/><E18/><V19/><F33/><W122/><G122/><T78/><D71/><U73/><E79/><V86/><F127/><W22/><G131/><T53/><D53/><U56/><E112/><V47/><F108/><W115/><G115/><T55/><D55/><U26/><E56/><V64/><F2/><W15/><G134/><T107/><D107/><U63/><E129/><V25/><F86/><W97/><G39/><T104/><D104/><U98/><E135/><V52/><F64/><N who="3" m="24683" /><G97/><T5/><D78/><U91/><E91/><V7/><REACH who="2" step="1"/><F93/><REACH who="2" ten="250,173,240,327" step="2"/><W49/><G119/><T69/><D34/><N who="1" m="20855" /><E68/><V14/><F14/><W37/><G37/><T87/><D32/><U101/><E63/><V100/><F100/><W105/><G50/><T110/><D69/><U12/><E12/><V103/><F103/><W28/><G105/><T17/><D61/><U92/><E92/><V20/><F20/><W51/><G51/><T70/><D60/><U118/><E118/><V116/><F116/><W121/><G22/><T57/><D70/><U82/><E82/><V24/><F24/><W1/><G1/><N who="1" m="586" /><E98/><AGARI ba="0,1" hai="7,10,13,19,23,25,47,48,52,54,58,62,98,99" machi="98" ten="40,5200,0" yaku="1,1,8,1,54,1,53,0" doraHai="27" doraHaiUra="80" who="2" fromWho="1" sc="250,0,173,-52,240,62,327,0" /><INIT seed="2,0,0,1,0,37" ten="250,121,302,327" oya="2" hai0="0,46,112,11,108,50,30,74,36,5,84,56,98" hai1="120,12,115,54,29,3,87,116,23,78,48,14,55" hai2="107,69,89,90,106,71,125,85,126,42,81,117,24" hai3="9,97,63,88,129,114,26,64,25,19,99,130,94"/><V128/><F117/><W28/><G114/><T51/><D74/><U79/><E3/><V8/><F128/><N who="3" m="49259" /><G99/><T57/><D108/><U33/><E116/><V109/><F109/><W134/><G134/><T41/><D112/><U102/><E115/><V118/><F118/><W53/><G53/><T60/><D30/><U82/><E33/><V110/><F110/><W70/><G28/><T80/><D98/><U96/><E120/><V101/><F101/><W44/><G44/><T104/><D104/><U66/><E66/><V122/><F8/><W10/><G10/><T7/><D7/><U133/><E133/><V105/><F24/><W65/><G65/><T47/><D60/><U40/><E79/><V52/><F52/><N who="1" m="20009" /><E102/><V72/><F90/><W62/><G62/><T38/><D38/><U27/><E96/><V13/><F122/><W31/><G31/><T58/><REACH who="0" step="1"/><D47/><AGARI ba="0,0" hai="12,14,23,27,29,40,47,48,78,82,87" m="20009" machi="47" ten="30,3900,0" yaku="8,1,52,1,54,1" doraHai="37" who="1" fromWho="0" sc="250,-39,121,39,302,0,327,0" /><INIT seed="3,0,0,5,3,27" ten="211,160,302,327" oya="3" hai0="132,45,10,70,127,83,34,99,51,14,126,115,17" hai1="106,92,20,48,28,58,64,21,24,38,79,128,97" hai2="54,135,120,125,50,69,90,88,5,52,29,65,119" hai3="53,134,61,26,130,23,22,41,94,63,85,71,89"/><W32/><G71/><T11/><D132/><U0/><E38/><V9/><F119/><W82/><G134/><T66/><D115/><U42/><E0/><V67/><F135/><W30/><G130/><T84/><D34/><U133/><E133/><V8/><F125/><N who="0" m="47626" /><D99/><U98/><E128/><V105/><F105/><W72/><G41/><N who="0" m="25007" /><D66/><N who="2" m="25098" /><F69/><W124/><G124/><T122/><D70/><U47/><E79/><V4/><F29/><W129/><G129/><T12/><D122/><U111/><E111/><V36/><F36/><W108/><G108/><T91/><D14/><U35/><E106/><V74/><F74/><W76/><G53/><N who="2" m="20585" /><F50/><W116/><G116/><T86/><D84/><U112/><E112/><V40/><F40/><W3/><G3/><T73/><D73/><U7/><E7/><N who="2" m="2635" /><F120/><W121/><REACH who="3" step="1"/><G121/><REACH who="3" ten="211,160,302,317" step="2"/><T101/><D101/><U37/><E37/><V102/><F102/><W118/><G118/><T25/><D25/><U113/><E113/><V131/><F131/><W13/><G13/><T80/><D80/><U78/><E64/><V77/><F77/><W117/><G117/><T95/><D83/><U33/><E78/><V93/><F90/><W96/><G96/><AGARI ba="0,1" hai="8,9,88,93,96" m="2635,20585,25098" machi="96" ten="30,3900,0" yaku="8,1,54,2" doraHai="27" who="2" fromWho="3" sc="211,0,160,0,302,49,317,-39" owari="211,-18.9,160,-34.0,351,45.1,278,7.8" /></mjloggm>