<mjloggm ver="2.3"><GO type="225" lobby="0"/><UN n0="%E5%87%BA%E6%B0%B4" n1="%4C%4F%4C%49%54%41" n2="%E3%81%8F%E3%82%89%E3%82%89" n3="%72%69%6F%75%63%68%61%6E" dan="16,16,17,16" rate="2110.46,2175.66,2156.10,2236.94" sx="F,F,F,M"/><TAIKYOKU oya="0"/><INIT seed="0,0,0,4,5,80" ten="250,250,250,250" oya="0" hai0="126,58,53,106,128,52,17,47,94,28,105,75,102" hai1="36,121,107,56,65,66,89,49,101,25,13,119,99" hai2="132,43,37,92,87,29,27,6,31,85,109,14,12" hai3="93,35,40,23,48,55,44,129,71,96,30,51,127"/><T32/><D128/><U62/><E119/><V90/><F109/><W82/><G127/><T11/><D126/><U2/><E2/><V112/><F112/><W104/><G129/><T68/><D68/><U117/><E36/><V81/><F132/><W46/><G71/><T72/><D32/><U26/><E117/><V84/><F31/><W123/><G123/><T60/><D28/><U122/><E66/><V98/><F81/><W134/><G134/><T125/><D125/><U118/><E118/><V22/><REACH who="2" step="1"/><F6/><REACH who="2" ten="250,250,240,250" step="2"/><W110/><G110/><T39/><D106/><U24/><E122/><V131/><F131/><W103/><G35/><T45/><D105/><U42/><E121/><V124/><F124/><W78/><G104/><T130/><D130/><U135/><E135/><V7/><F7/><W91/><G30/><T116/><D116/><U114/><E114/><V63/><F63/><W113/><G113/><T77/><D60/><U115/><E115/><V15/><F15/><W8/><G8/><T108/><D108/><U120/><E120/><V88/><F88/><W20/><REACH who="3" step="1"/><G91/><REACH who="3" ten="250,250,240,240" step="2"/><T10/><D11/><U111/><E111/><V19/><F19/><W21/><G21/><T64/><D10/><U5/><E89/><V9/><F9/><W83/><G83/><T33/><D17/><U74/><E107/><V67/><F67/><W3/><G3/><T59/><D33/><U4/><E65/><V86/><N who="2" m="21504" /><DORA hai="1" /><V16/><F16/><W76/><G76/><T133/><D77/><U18/><E18/><V50/><F50/><W70/><G70/><T95/><D133/><RYUUKYOKU ba="0,2" sc="250,-15,250,-15,240,15,240,15" hai2="12,14,22,27,29,37,43,90,92,98" hai3="20,23,40,44,46,48,51,55,78,82,93,96,103" /><INIT seed="1,1,2,5,4,133" ten="235,235,255,255" oya="1" hai0="129,43,105,91,121,69,75,62,34,114,76,3,47" hai1="5,32,24,115,51,1,67,74,111,26,104,101,86" hai2="126,59,7,56,22,29,131,15,58,134,82,109,113" hai3="6,40,12,124,96,103,89,117,33,98,102,116,90"/><U37/><E115/><V73/><F134/><W93/><G124/><T25/><D114/><U45/><E74/><V100/><F113/><W8/><G33/><T41/><D41/><U110/><E37/><V72/><F131/><W21/><G40/><T85/><D129/><U94/><E32/><V63/><F109/><N who="1" m="41481" /><E104/><V50/><F126/><W97/><G21/><T60/><D121/><U64/><E5/><V9/><F100/><W83/><G83/><T120/><D120/><U118/><E1/><V28/><F63/><W18/><G6/><T27/><D3/><U123/><E118/><N who="3" m="45674" /><G97/><T0/><D0/><U31/><E123/><V36/><F36/><W77/><G77/><T19/><D105/><AGARI ba="1,2" hai="8,12,18,89,90,93,96,98,102,103,105" m="45674" machi="105" ten="30,1000,0" yaku="12,1" doraHai="133" who="3" fromWho="0" sc="235,-13,235,0,255,0,255,33" /><INIT seed="2,0,0,0,4,72" ten="222,235,255,288" oya="2" hai0="84,132,41,107,83,120,50,48,97,1,54,27,39" hai1="70,115,116,113,46,63,28,23,82,67,123,86,57" hai2="52,58,42,8,36,105,112,25,77,78,40,92,0" hai3="81,80,98,37,109,121,124,10,61,16,79,14,6"/><V38/><F112/><W85/><G121/><T131/><D120/><U129/><E123/><V119/><F119/><W5/><G37/><T12/><D1/><U15/><E116/><V26/><F105/><W68/><G109/><T125/><D125/><U9/><E129/><V65/><F65/><W88/><G124/><T69/><D69/><U99/><E46/><V45/><F0/><W71/><G98/><T21/><D132/><U2/><E2/><V106/><F106/><W101/><G101/><T74/><D74/><U24/><E99/><V3/><F3/><W59/><G71/><T118/><D118/><U43/><E43/><N who="2" m="16427" /><F38/><W94/><G68/><T56/><D131/><U66/><E66/><V128/><F45/><W30/><G30/><T44/><D12/><U104/><E104/><V19/><F36/><W64/><G94/><T96/><D107/><U95/><E95/><V75/><F75/><AGARI ba="0,0" hai="5,6,10,14,16,59,61,64,75,79,80,81,85,88" machi="75" ten="30,7700,0" yaku="7,1,52,1,54,2" doraHai="72" who="3" fromWho="2" sc="222,0,235,0,255,-77,288,77" /><INIT seed="3,0,0,5,5,82" ten="222,235,178,365" oya="3" hai0="38,59,58,123,135,130,43,114,131,15,110,74,63" hai1="17,8,73,118,44,37,69,33,68,36,70,98,57" hai2="0,16,113,84,92,106,134,22,127,7,111,67,14" hai3="83,100,21,93,99,96,85,31,20,117,6,78,102"/><W47/><G117/><T29/><D74/><U51/><E33/><V25/><F113/><W32/><G6/><T61/><D29/><U11/><E73/><V103/><F111/><W87/><G47/><N who="0" m="24055" /><D15/><U66/><E98/><N who="3" m="37418" /><G32/><T30/><D123/><U128/><E17/><V2/><F106/><W12/><G31/><T105/><D105/><U125/><E8/><N who="2" m="4383" /><F103/><N who="3" m="39467" /><G12/><T10/><D110/><U50/><E36/><V124/><F67/><W75/><G75/><T71/><D30/><U60/><E37/><V97/><F97/><W18/><G18/><T64/><D10/><U3/><E11/><V90/><F134/><W121/><G121/><T41/><D135/><U54/><E3/><V115/><F115/><W81/><G93/><T9/><D9/><U86/><E118/><V129/><F129/><N who="0" m="49162" /><D114/><U80/><E128/><V62/><F62/><N who="0" m="23562" /><D41/><U119/><E119/><V120/><F120/><W88/><AGARI ba="0,0" hai="20,21,78,81,83,85,87,88" m="39467,37418" machi="88" ten="30,11700,0" yaku="8,1,52,2,54,1" doraHai="82" who="3" fromWho="3" sc="222,-39,235,-39,178,-39,365,117" owari="183,-21.7,196,-0.4,139,-36.1,482,58.2" /></mjloggm>