<mjloggm ver="2.3"><GO type="225" lobby="0"/><UN n0="%E7%B4%94%E6%BD%94%E3%83%94%E3%83%A9%E3%83%8B%E3%82%A2" n1="%E3%81%8B%E3%82%8F%E3%81%A1%E3%82%83%E3%82%93%35%38" n2="%E5%A4%9C%E3%81%AE%E3%82%AC%E3%82%B9%E3%83%91%E3%83%BC%E3%83%AB" n3="%E3%81%B5%E3%81%98%E3%81%8B%E3%81%A4" dan="17,16,16,17" rate="2221.21,2158.39,2137.25,2237.28" sx="M,M,M,M"/><TAIKYOKU oya="0"/><INIT seed="0,0,0,5,2,110" ten="250,250,250,250" oya="0" hai0="84,55,119,91,48,112,22,103,98,132,37,131,128" hai1="10,57,99,133,35,67,61,95,40,29,33,50,34" hai2="76,82,6,9,96,2,72,105,58,123,115,93,94" hai3="81,62,43,51,11,129,117,79,126,5,66,86,14"/><T38/><D119/><U77/><E133/><V3/><F123/><W12/><G117/><T42/><D132/><U73/><E73/><V27/><F115/><W30/><G126/><T74/><D74/><U47/><E77/><V89/><F105/><W70/><G129/><N who="0" m="49739" /><D22/><U23/><E10/><V26/><F3/><W85/><G30/><T69/><D69/><U13/><E13/><V54/><REACH who="2" step="1"/><F94/><REACH who="2" ten="250,250,240,250" step="2"/><W4/><G86/><T113/><D37/><U80/><E80/><V65/><F65/><W109/><G109/><T127/><D38/><U19/><E95/><V18/><F18/><W124/><G124/><T46/><D127/><U125/><E125/><V45/><F45/><W92/><G92/><N who="0" m="54375" /><D42/><U56/><E40/><V120/><F120/><W49/><REACH who="3" step="1"/><G43/><REACH who="3" ten="250,250,240,240" step="2"/><T116/><D116/><U102/><E29/><V104/><F104/><AGARI ba="0,2" hai="46,48,55,98,103,104,112,113" m="54375,49739" machi="104" ten="30,5800,0" yaku="19,1,52,2" doraHai="110" who="0" fromWho="2" sc="250,78,250,0,240,-58,240,0" /><INIT seed="0,1,0,3,0,49" ten="328,250,182,240" oya="0" hai0="0,112,88,8,42,68,40,82,79,70,34,97,17" hai1="73,123,102,18,98,72,22,135,71,28,27,86,64" hai2="119,60,129,83,53,65,77,121,26,25,69,117,134" hai3="2,33,131,116,6,89,101,109,115,35,99,52,76"/><T128/><D112/><U54/><E123/><V100/><F121/><W57/><G115/><T110/><D34/><U38/><E38/><V15/><F129/><W108/><G116/><T13/><D0/><U78/><E135/><V127/><F134/><W75/><G131/><T66/><D128/><U96/><E71/><V10/><F127/><W87/><G6/><T91/><D70/><U130/><E64/><V120/><F100/><W111/><G2/><T11/><D66/><U104/><E130/><V133/><F120/><W5/><G5/><T43/><D68/><U44/><E96/><V90/><F90/><W59/><G59/><T67/><D67/><U36/><E86/><V114/><F114/><W30/><G30/><T118/><D118/><U103/><E103/><V21/><F133/><W37/><G76/><T93/><D110/><U24/><E78/><V85/><F21/><W32/><G37/><T55/><D91/><U50/><REACH who="1" step="1"/><E36/><REACH who="1" ten="328,240,182,240" step="2"/><V3/><F117/><W125/><G125/><T74/><D82/><U20/><AGARI ba="1,1" hai="18,20,22,24,27,28,44,50,54,72,73,98,102,104" machi="20" ten="20,8000,1" yaku="1,1,2,1,0,1,7,1,52,1,53,0" doraHai="49" doraHaiUra="7" who="1" fromWho="1" sc="328,-41,240,93,182,-21,240,-21" /><INIT seed="1,0,0,2,5,10" ten="287,333,161,219" oya="1" hai0="69,34,17,125,62,28,68,83,122,63,60,72,95" hai1="18,11,109,30,104,8,42,48,79,39,61,118,14" hai2="0,45,12,101,57,65,55,52,130,129,21,58,135" hai3="121,7,98,67,40,9,87,120,44,33,131,114,1"/><U37/><E118/><V25/><F0/><W66/><G114/><T41/><D125/><U29/><E104/><V54/><F135/><W112/><G112/><T115/><D115/><U47/><E109/><V19/><F101/><W43/><G131/><N who="2" m="50185" /><F45/><W56/><G33/><T74/><D122/><U2/><E79/><V107/><F107/><W96/><G87/><T92/><D28/><U106/><E106/><V117/><F117/><W46/><G56/><N who="2" m="21609" /><F65/><W91/><G9/><T20/><D34/><U76/><E76/><V123/><F123/><W89/><G1/><T111/><D41/><U80/><E80/><V32/><F32/><W16/><REACH who="3" step="1"/><G7/><REACH who="3" ten="287,333,161,209" step="2"/><T50/><D111/><U38/><E2/><V81/><F81/><W26/><G26/><AGARI ba="0,1" hai="12,19,21,25,26,52,54,55" m="21609,50185" machi="26" ten="40,5200,0" yaku="19,1,52,1,54,1" doraHai="10" who="2" fromWho="3" sc="287,0,333,0,161,62,209,-52" /><INIT seed="2,0,0,3,4,87" ten="287,333,223,157" oya="2" hai0="118,2,111,72,27,31,90,42,61,33,14,100,106" hai1="127,55,5,76,17,43,25,95,22,66,65,64,101" hai2="81,108,12,34,77,126,97,0,26,78,48,132,131" hai3="114,63,117,4,99,121,94,103,9,84,15,67,85"/><V134/><F0/><W36/><G121/><T41/><D111/><U28/><E127/><V30/><F126/><W123/><G123/><T50/><D118/><U68/><E68/><V74/><F108/><W115/><G117/><T29/><D2/><U1/><E1/><V35/><F131/><W135/><G36/><T70/><D72/><U133/><E133/><N who="2" m="51307" /><F78/><W51/><G51/><T60/><D14/><U10/><E43/><V86/><F97/><W125/><G125/><T47/><D42/><U57/><E76/><V91/><F12/><W23/><G23/><T24/><D70/><U79/><E79/><V71/><F71/><W46/><G46/><T128/><D128/><U96/><E5/><V54/><F35/><W83/><G135/><T8/><D8/><U75/><E75/><V73/><F77/><W44/><G44/><AGARI ba="0,0" hai="26,30,34,44,48,54,73,74,81,86,91" m="51307" machi="44" ten="30,2900,0" yaku="20,1,52,1" doraHai="87" who="2" fromWho="3" sc="287,0,333,0,223,29,157,-29" /><INIT seed="2,1,0,4,2,14" ten="287,333,252,128" oya="2" hai0="100,53,111,116,33,120,36,8,114,49,38,48,24" hai1="93,3,79,126,20,129,51,86,34,76,43,12,97" hai2="101,99,123,106,58,54,91,44,41,52,68,84,117" hai3="95,128,132,0,102,118,80,108,35,73,77,133,125"/><V131/><F131/><W28/><G0/><T39/><D111/><U87/><E34/><V10/><F123/><W26/><G118/><T124/><D114/><U55/><E3/><V25/><F68/><W1/><G108/><T30/><D124/><U19/><E43/><V15/><F25/><W32/><G125/><T107/><D120/><U83/><E129/><V70/><F70/><W66/><G128/><T7/><D116/><U119/><E119/><V2/><F58/><W50/><G1/><T47/><D49/><U110/><E110/><V115/><F2/><W81/><G66/><T61/><D61/><U18/><E126/><V13/><F13/><W105/><G50/><T82/><D82/><U94/><E19/><V113/><F117/><W16/><G105/><T62/><D62/><U98/><E79/><V9/><F9/><W29/><G81/><T40/><D8/><U57/><E87/><V11/><F11/><W88/><G102/><T21/><D7/><U134/><E134/><N who="3" m="51818" /><G32/><T22/><REACH who="0" step="1"/><D40/><REACH who="0" ten="277,333,252,128" step="2"/><U42/><E42/><V65/><F113/><W85/><G35/><T75/><D75/><U96/><AGARI ba="1,1" hai="12,18,20,51,55,57,76,83,86,93,94,96,97,98" machi="96" ten="30,4000,0" yaku="0,1,8,1,52,1" doraHai="14" who="1" fromWho="1" sc="277,-11,333,53,252,-21,128,-11" /><INIT seed="3,0,0,1,5,60" ten="266,386,231,117" oya="3" hai0="52,36,103,94,53,22,93,82,34,49,5,97,85" hai1="125,115,76,84,131,3,67,4,33,62,66,119,81" hai2="92,20,77,117,101,8,57,126,0,41,27,135,106" hai3="43,132,111,45,39,99,96,11,15,17,88,30,123"/><W18/><G123/><T124/><D34/><U19/><E33/><V73/><F117/><W127/><G127/><T107/><D36/><U31/><E31/><V65/><F106/><W83/><G132/><T13/><D124/><U95/><E4/><N who="2" m="1031" /><F126/><W87/><G30/><T122/><D53/><U70/><E3/><V86/><F41/><W109/><REACH who="3" step="1"/><G18/><REACH who="3" ten="266,386,231,107" step="2"/><T56/><D122/><U28/><E125/><V35/><F135/><W91/><G91/><T16/><D5/><U1/><E28/><N who="2" m="17511" /><F35/><W59/><G59/><T89/><AGARI ba="0,1" hai="13,16,22,49,52,56,82,85,89,93,94,97,103,107" machi="89" ten="20,5200,0" yaku="0,1,7,1,54,2" doraHai="60" who="0" fromWho="0" sc="266,62,386,-13,231,-13,107,-26" owari="328,12.8,373,47.3,218,-18.2,81,-41.9" /></mjloggm>