<mjloggm ver="2.3"><GO type="225" lobby="0"/><UN n0="%E3%81%99%E3%81%84%E3%81%BE%E3%81%9B%E3%83%BC%E3%82%93" n1="%E3%81%B5%E3%81%98%E3%81%8B%E3%81%A4" n2="%72%69%6F%75%63%68%61%6E" n3="%E3%83%B4%E3%82%A3%E3%83%AF%E3%82%B3%E3%82%B0%E3%83%8B" dan="18,17,16,16" rate="2197.79,2188.42,2219.60,2179.03" sx="M,M,M,M"/><TAIKYOKU oya="0"/><INIT seed="0,0,0,2,1,49" ten="250,250,250,250" oya="0" hai0="42,86,70,73,44,29,53,102,20,63,107,99,22" hai1="93,64,133,121,119,66,68,2,7,0,11,113,97" hai2="128,3,126,123,14,134,100,21,120,28,23,61,58" hai3="116,40,15,24,135,41,55,88,6,38,51,25,57"/><T31/><D73/><U71/><E121/><V105/><F3/><W33/><G116/><T132/><D132/><U124/><E119/><V114/><F114/><W4/><G135/><T111/><D111/><U101/><E133/><V18/><F134/><W32/><G32/><T34/><D86/><U127/><E113/><V131/><F126/><N who="1" m="48169" /><E0/><V96/><F23/><W84/><G33/><T87/><D87/><U109/><E109/><V1/><F28/><W129/><G129/><N who="2" m="49737" /><F1/><W19/><G38/><T67/><D53/><AGARI ba="0,0" hai="14,18,21,53,58,61,96,100,105,120,123" m="49737" machi="53" ten="30,2000,0" yaku="19,1,52,1" doraHai="49" who="2" fromWho="0" sc="250,-20,250,0,250,20,250,0" /><INIT seed="1,0,0,4,1,44" ten="230,250,270,250" oya="1" hai0="128,123,82,31,78,74,55,21,26,51,120,36,124" hai1="64,61,22,97,41,46,23,11,84,58,53,57,69" hai2="20,52,66,75,12,39,87,40,28,102,49,48,99" hai3="32,73,76,6,107,116,96,17,37,56,33,27,125"/><U81/><E97/><V109/><F75/><W88/><G37/><T13/><D36/><U35/><E35/><V112/><F109/><W80/><G6/><T85/><D124/><U4/><E58/><N who="2" m="33031" /><F39/><W65/><G125/><T134/><D134/><U50/><E69/><V122/><F122/><N who="0" m="46634" /><D128/><U133/><E64/><V63/><F112/><W1/><G1/><T25/><D25/><U86/><E86/><V5/><F87/><W83/><G83/><T111/><D13/><N who="1" m="5351" /><E133/><V34/><F34/><W8/><G116/><T24/><D24/><U98/><E98/><V0/><F0/><W38/><G38/><T62/><D111/><U129/><E129/><V121/><F121/><W117/><G117/><T91/><D62/><U47/><E47/><N who="2" m="25831" /><F28/><W7/><G107/><T77/><D74/><U72/><E72/><V68/><F68/><W110/><G110/><T43/><D43/><U127/><E127/><V92/><F5/><W95/><G65/><T14/><D14/><U71/><E71/><V15/><F20/><N who="3" m="13711" /><G56/><AGARI ba="0,0" hai="21,26,31,51,55,56,77,78,82,85,91" m="46634" machi="56" ten="30,2000,0" yaku="13,1,52,1" doraHai="44" who="0" fromWho="3" sc="230,20,250,0,270,0,250,-20" /><INIT seed="2,0,0,5,2,8" ten="250,250,270,230" oya="2" hai0="104,121,94,80,15,118,77,34,103,51,69,131,90" hai1="120,33,85,106,114,5,100,1,101,53,35,6,87" hai2="116,83,7,61,79,62,70,23,67,11,13,27,12" hai3="123,30,20,73,58,38,68,78,75,17,64,55,39"/><V26/><F116/><W52/><G123/><T98/><D121/><U88/><E120/><V128/><F128/><W49/><G30/><T19/><D131/><U107/><E114/><V95/><F95/><W91/><G91/><T126/><D69/><U46/><E46/><V21/><F62/><W122/><G122/><T89/><D34/><U22/><E22/><V129/><F129/><W133/><G133/><T76/><D126/><U93/><E53/><V127/><F127/><W130/><G130/><T112/><D112/><U105/><E85/><V31/><F13/><W0/><G0/><T99/><D118/><U119/><E119/><V40/><F40/><W97/><G97/><T113/><D113/><U115/><E115/><V96/><F96/><W48/><G64/><T16/><D19/><U66/><E66/><V86/><REACH who="2" step="1"/><F26/><REACH who="2" ten="250,250,260,230" step="2"/><W108/><G108/><T125/><D125/><U72/><E107/><V50/><F50/><W92/><G92/><N who="0" m="58823" /><D51/><U45/><E106/><V47/><F47/><W63/><G63/><T65/><D104/><U54/><E105/><V59/><F59/><W82/><G68/><T2/><D2/><U56/><E45/><V44/><F44/><W18/><G38/><T135/><D65/><U111/><E111/><V3/><F3/><W132/><G39/><T84/><D135/><U9/><E1/><V24/><F24/><N who="3" m="14351" /><G132/><T109/><D109/><U41/><E41/><V14/><F14/><W71/><G71/><T110/><D110/><U32/><E56/><V4/><F4/><W57/><G18/><T74/><D15/><N who="1" m="5551" /><E6/><V37/><F37/><RYUUKYOKU ba="0,1" sc="250,-15,250,-15,260,15,230,15" hai2="7,11,12,21,23,27,31,61,67,70,79,83,86" hai3="48,49,52,55,57,58,73,75,78,82" /><INIT seed="2,1,1,4,2,33" ten="235,235,275,245" oya="2" hai0="15,88,84,106,107,58,9,19,95,134,16,116,90" hai1="93,123,6,118,24,80,5,13,112,71,126,69,56" hai2="131,37,77,22,102,68,60,38,73,31,109,67,79" hai3="120,61,48,30,36,128,28,62,87,59,115,98,101"/><V110/><F131/><W94/><G120/><T10/><D134/><U25/><E123/><V47/><F102/><W18/><G36/><T27/><D116/><U135/><E118/><V43/><F38/><W122/><G122/><T124/><D124/><U81/><E135/><V85/><F73/><W89/><G128/><T21/><D58/><U3/><E126/><V8/><F8/><W42/><G115/><T63/><D63/><N who="3" m="24073" /><G18/><T99/><REACH who="0" step="1"/><D9/><REACH who="0" ten="225,235,275,245" step="2"/><U121/><E121/><V103/><F60/><W76/><G59/><T82/><AGARI ba="1,2" hai="10,15,16,19,21,27,82,84,88,90,95,99,106,107" machi="82" ten="20,12000,2" yaku="1,1,2,1,0,1,7,1,54,2,53,0" doraHai="33" doraHaiUra="54" who="0" fromWho="0" sc="225,143,235,-31,275,-61,245,-31" /><INIT seed="3,0,0,2,3,115" ten="368,204,214,214" oya="3" hai0="7,52,132,134,126,51,114,125,37,62,121,108,79" hai1="30,66,75,104,71,109,31,82,23,58,53,77,24" hai2="45,67,96,98,107,17,95,94,99,41,4,123,35" hai3="21,34,18,103,83,61,64,29,40,117,20,55,120"/><W47/><G120/><T13/><D121/><U56/><E104/><V22/><F35/><W133/><G117/><T50/><D108/><U5/><E109/><V65/><F107/><W1/><G1/><T16/><D37/><U36/><E36/><V33/><F33/><W59/><G133/><N who="0" m="51307" /><D7/><U127/><E127/><V87/><F123/><W11/><G103/><T44/><D114/><U68/><E5/><V70/><F4/><W27/><G83/><T93/><D62/><U130/><E130/><V111/><F111/><W28/><G28/><T60/><D60/><N who="1" m="38167" /><E31/><V63/><F67/><W92/><G92/><T88/><D51/><N who="1" m="30783" /><E71/><V10/><F87/><W135/><G135/><T73/><D79/><U84/><E75/><V9/><F95/><W129/><G129/><T97/><D73/><U74/><E74/><V128/><F94/><W42/><G11/><AGARI ba="0,0" hai="11,13,16,44,50,52,88,93,97,125,126" m="51307" machi="11" ten="30,7700,0" yaku="20,1,54,3" doraHai="115" who="0" fromWho="3" sc="368,77,204,0,214,0,214,-77" owari="445,54.5,204,-19.6,214,1.4,137,-36.3" /></mjloggm>