<mjloggm ver="2.3"><GO type="225" lobby="0"/><UN n0="%E9%8A%80%E3%81%B0%E3%81%95%E3%81%BF" n1="%E5%A4%96%E5%B7%9D%E7%AB%9C%E6%88%90" n2="%E5%B0%8F%E9%B3%A5%E9%81%8A%E7%B7%B4%E7%84%A1%32%31%E6%AD%B3" n3="%77%72%77%72%77%72%77%72" dan="17,16,16,16" rate="2181.23,2184.47,2196.00,2138.04" sx="M,M,F,M"/><TAIKYOKU oya="0"/><INIT seed="0,0,0,2,4,70" ten="250,250,250,250" oya="0" hai0="74,91,25,85,117,31,113,47,94,37,32,38,128" hai1="79,125,8,40,119,78,61,48,112,126,15,66,83" hai2="4,130,9,3,72,92,2,122,71,121,24,89,100" hai3="29,115,52,62,46,67,27,13,36,131,60,108,118"/><T102/><D113/><U69/><E119/><V45/><F71/><W80/><G115/><T132/><D117/><U109/><E112/><V35/><F72/><W53/><G118/><T33/><D74/><U44/><E109/><V114/><F100/><W95/><G108/><T134/><D33/><U64/><E64/><V116/><F114/><W39/><G131/><T58/><D128/><U55/><E55/><V22/><F35/><W54/><G80/><T50/><D58/><U65/><E65/><V5/><F130/><W99/><G13/><T11/><D11/><U133/><E133/><N who="0" m="51305" /><D102/><U88/><E88/><V30/><F116/><W127/><G127/><N who="1" m="48650" /><E83/><V1/><F45/><W129/><G129/><T26/><D26/><U59/><E69/><V28/><F28/><W98/><G46/><T76/><D76/><U86/><E86/><V10/><REACH who="2" step="1"/><F2/><REACH who="2" ten="250,250,240,250" step="2"/><W23/><G60/><T107/><D107/><U84/><E84/><AGARI ba="0,1" hai="1,3,4,5,9,10,22,24,30,84,89,92,121,122" machi="84" ten="30,7700,0" yaku="1,1,2,1,7,1,9,1,53,0" doraHai="70" doraHaiUra="43" who="2" fromWho="1" sc="250,0,250,-77,240,87,250,0" /><INIT seed="1,0,0,2,2,51" ten="250,173,327,250" oya="1" hai0="36,13,104,58,7,42,24,121,71,19,89,48,127" hai1="68,11,30,134,45,31,18,106,76,117,83,32,115" hai2="109,65,124,73,46,81,77,105,88,2,120,111,61" hai3="98,49,17,97,50,75,66,53,69,125,52,34,10"/><U100/><E115/><V41/><F120/><W135/><G34/><T110/><D71/><U85/><E117/><V16/><F105/><W126/><G75/><T1/><D104/><U95/><E134/><V47/><F2/><W4/><G135/><T129/><D129/><U3/><E68/><V101/><F101/><W39/><G39/><T114/><D114/><U78/><E78/><V38/><F47/><N who="3" m="27711" /><G17/><T133/><D133/><U5/><E32/><V93/><F124/><N who="3" m="47723" /><G66/><T79/><D19/><U94/><E18/><V122/><F122/><W130/><G69/><T0/><D36/><U33/><E45/><V91/><F16/><W86/><G86/><T55/><D121/><U44/><E44/><V131/><F131/><W119/><G119/><T74/><D74/><U116/><E116/><V59/><REACH who="2" step="1"/><F91/><REACH who="2" ten="250,173,317,250" step="2"/><W112/><G130/><T28/><D127/><U118/><E118/><V102/><F102/><W54/><G112/><T123/><D123/><U67/><E100/><V70/><F70/><W99/><G50/><T60/><D48/><U26/><E31/><V108/><F108/><W56/><G56/><T87/><D110/><U8/><E106/><V90/><F90/><W128/><G128/><T14/><D89/><U96/><E67/><V25/><F25/><W12/><AGARI ba="0,1" hai="4,10,12,53,54,97,98,99" m="47723,27711" machi="12" ten="30,8000,1" yaku="18,1,52,3,54,1" doraHai="51" who="3" fromWho="3" sc="250,-20,173,-40,317,-20,250,90" /><INIT seed="2,0,0,4,3,55" ten="230,133,297,340" oya="2" hai0="21,59,129,134,120,121,126,12,39,44,1,53,57" hai1="90,36,28,131,88,86,42,66,115,47,43,82,75" hai2="51,4,77,0,105,33,29,116,125,101,103,98,80" hai3="95,132,99,113,127,81,54,60,83,104,97,32,74"/><V40/><F116/><W22/><G32/><T112/><D1/><U38/><E115/><V78/><F125/><W35/><G35/><T79/><D112/><U84/><E131/><V71/><F103/><W23/><G113/><T27/><D126/><U114/><E114/><V96/><F96/><W25/><G127/><T123/><D129/><U130/><E130/><V5/><F77/><W52/><G132/><T64/><D134/><U8/><E75/><V45/><F71/><W109/><G109/><T106/><D106/><U122/><E122/><V108/><F108/><W34/><G34/><T93/><D79/><U67/><E28/><V119/><F0/><W16/><G74/><T73/><D73/><U87/><E8/><V72/><F119/><W62/><G104/><T13/><D93/><U15/><E15/><V14/><F14/><N who="3" m="9495" /><G99/><T110/><D110/><U107/><E107/><V117/><F117/><W48/><G62/><T9/><D39/><U70/><E70/><V69/><F69/><W50/><G60/><T111/><D111/><U18/><E18/><V10/><F10/><W61/><G61/><T124/><D124/><U26/><E26/><V68/><F68/><W6/><G6/><T128/><D128/><U58/><E87/><V56/><F33/><W7/><G7/><T20/><D123/><U102/><E102/><V89/><F29/><N who="3" m="17599" /><G95/><T91/><D9/><U37/><E37/><V3/><F3/><W2/><G97/><T24/><D121/><U135/><E135/><V63/><F89/><W31/><G2/><T94/><D120/><U118/><E118/><RYUUKYOKU ba="0,0" sc="230,-10,133,-10,297,30,340,-10" hai2="4,5,40,45,51,56,63,72,78,80,98,101,105" /><INIT seed="2,1,0,2,2,92" ten="220,123,327,330" oya="2" hai0="115,102,82,121,104,60,128,44,14,8,29,88,118" hai1="33,74,72,113,93,133,126,69,64,71,85,94,12" hai2="111,34,62,110,83,23,10,65,95,30,37,108,80" hai3="43,28,45,129,54,89,11,50,20,103,119,6,124"/><V100/><F37/><W3/><G119/><T32/><D121/><U35/><E85/><V81/><F10/><W26/><G129/><T39/><D115/><U47/><E12/><V5/><F5/><W41/><G124/><T36/><D128/><U132/><E64/><V58/><F34/><N who="1" m="12809" /><E47/><V109/><N who="2" m="27648" /><DORA hai="1" /><V21/><F30/><W75/><G75/><N who="1" m="28714" /><E126/><V19/><F19/><W123/><G123/><T76/><D118/><U78/><E78/><V122/><F122/><W46/><G103/><T4/><D44/><U135/><E113/><V87/><F87/><W22/><G22/><T98/><D76/><U13/><E13/><V63/><REACH who="2" step="1"/><F62/><REACH who="2" ten="220,123,317,330" step="2"/><W125/><G125/><T9/><D60/><U53/><E53/><V84/><F84/><W134/><G134/><N who="1" m="34306" /><U59/><DORA hai="77" /><E59/><V38/><F38/><W40/><G46/><T117/><D39/><U16/><E16/><V51/><F51/><W48/><G48/><T56/><D36/><U68/><AGARI ba="1,1" hai="68,69,71,93,94" m="34306,28714,12809" machi="68" ten="60,7900,0" yaku="28,2,20,1" doraHai="92,1,77" who="1" fromWho="1" sc="220,-21,123,92,317,-40,330,-21" /><INIT seed="3,0,0,4,3,131" ten="199,215,277,309" oya="3" hai0="22,27,31,83,133,96,70,35,58,44,129,109,125" hai1="132,14,23,61,85,11,104,4,1,6,12,25,113" hai2="76,16,42,39,78,3,98,56,59,73,84,51,32" hai3="30,87,126,19,21,77,121,67,111,50,13,95,68"/><W24/><G121/><T114/><D70/><U112/><E104/><V17/><F3/><W79/><G126/><T75/><D129/><U38/><E38/><V69/><F69/><W46/><G111/><T2/><D109/><U124/><E124/><V74/><F39/><W90/><G67/><T33/><D125/><U0/><E85/><V119/><F32/><W120/><G68/><T29/><D2/><N who="1" m="1131" /><E61/><V45/><F119/><W101/><G101/><T36/><D114/><N who="1" m="44139" /><E12/><V97/><F84/><W134/><G134/><T88/><D133/><U122/><E122/><V34/><F51/><W105/><G105/><T62/><D31/><N who="1" m="17855" /><E4/><V94/><F94/><W93/><G93/><T10/><D10/><U103/><E103/><V81/><F45/><W52/><G120/><T26/><D26/><U37/><E37/><V123/><F123/><W135/><G135/><AGARI ba="0,0" hai="6,11,14,132,135" m="17855,44139,1131" machi="135" ten="40,8000,1" yaku="34,2,52,2" doraHai="131" who="1" fromWho="3" sc="199,0,215,80,277,0,309,-80" /><INIT seed="4,0,0,0,5,97" ten="199,295,277,229" oya="0" hai0="52,55,28,60,121,76,113,109,20,131,12,126,90" hai1="68,2,47,32,115,124,17,135,38,44,95,21,4" hai2="50,94,89,54,30,110,129,103,71,85,37,67,61" hai3="42,35,27,22,83,127,117,56,84,62,36,118,134"/><T43/><D121/><U96/><E68/><V99/><F37/><W6/><G35/><T133/><D113/><U93/><E32/><V65/><F110/><W53/><G134/><T80/><D133/><U45/><E38/><V7/><F129/><W40/><G127/><T111/><D126/><U78/><E135/><V125/><F125/><W106/><G106/><T18/><D131/><U49/><E2/><V77/><F30/><W29/><G6/><T74/><D43/><U104/><E4/><V5/><F77/><W73/><G73/><T82/><D28/><U105/><E78/><V102/><F65/><W14/><G14/><T122/><D122/><U108/><E124/><V3/><F103/><W79/><REACH who="3" step="1"/><G36/><REACH who="3" ten="199,295,277,219" step="2"/><T16/><D18/><U91/><E105/><V70/><F3/><W114/><G114/><T123/><D123/><U98/><E104/><V31/><F5/><W46/><G46/><T26/><D12/><N who="1" m="9383" /><E108/><N who="0" m="41545" /><D60/><U19/><E19/><V72/><F7/><W87/><G87/><AGARI ba="0,1" hai="16,20,26,52,55,74,76,80,82,87,90" m="41545" machi="87" ten="30,5800,0" yaku="10,1,54,2" doraHai="97" who="0" fromWho="3" sc="199,68,295,0,277,0,219,-58" /><INIT seed="4,1,0,5,0,49" ten="267,295,277,161" oya="0" hai0="73,70,99,72,90,59,117,88,23,112,118,95,91" hai1="96,2,128,98,15,77,37,10,11,74,105,134,27" hai2="82,45,21,54,41,85,51,47,50,132,43,135,31" hai3="125,30,83,107,102,130,111,52,17,79,14,119,123"/><T113/><D70/><U124/><E37/><V110/><F110/><W19/><G111/><T86/><D23/><U36/><E36/><V29/><F21/><W71/><G119/><N who="0" m="45579" /><D59/><U48/><E48/><V92/><F92/><W108/><G108/><T34/><D34/><U3/><E27/><V39/><F39/><W64/><G123/><T38/><D38/><U26/><E26/><V67/><F67/><W109/><G109/><T65/><D65/><U122/><E15/><V12/><F12/><W62/><G130/><T89/><D86/><U126/><E10/><V4/><F4/><W121/><G121/><T116/><N who="0" m="45587" /><T120/><DORA hai="114" /><D120/><U133/><E11/><V131/><F41/><W22/><G125/><T1/><D1/><U25/><E122/><V66/><F131/><W68/><G68/><T18/><D18/><U104/><E128/><V69/><F66/><W6/><G30/><T63/><D63/><U87/><E87/><V101/><F69/><W61/><G6/><T35/><D35/><U81/><E25/><V127/><F31/><W94/><G19/><T103/><N who="0" m="22528" /><DORA hai="24" /><T7/><D7/><U75/><E81/><V32/><F29/><W16/><G17/><T9/><D9/><U53/><E2/><V115/><F32/><W33/><G33/><T60/><D60/><U13/><E3/><V28/><F28/><W42/><G61/><T44/><D44/><U20/><E20/><V40/><F45/><W106/><G62/><T57/><D57/><U0/><E0/><V93/><F47/><W100/><G71/><T76/><D73/><RYUUKYOKU ba="1,0" sc="267,30,295,-10,277,-10,161,-10" hai0="72,76,95,99,103,112,113" /><INIT seed="4,2,0,0,2,41" ten="297,285,267,151" oya="0" hai0="83,111,133,8,95,42,107,17,98,100,1,79,122" hai1="102,54,48,18,49,7,38,33,53,65,112,74,94" hai2="5,93,124,70,88,62,89,105,115,126,78,64,123" hai3="96,32,20,56,68,106,67,75,55,66,34,90,77"/><T31/><D122/><U27/><E74/><V134/><F123/><W43/><G43/><T86/><D133/><U22/><E38/><V26/><F105/><W72/><G72/><T11/><D111/><U60/><E33/><V58/><F134/><W114/><G114/><T16/><D31/><U15/><E65/><V46/><F5/><W63/><G67/><T127/><D127/><N who="2" m="48682" /><F78/><W104/><G104/><T118/><D118/><U125/><E112/><V76/><F76/><W35/><G20/><T37/><D107/><U57/><E54/><V110/><F110/><W50/><G90/><N who="2" m="34921" /><F93/><W81/><G106/><T4/><REACH who="0" step="1"/><D11/><REACH who="0" ten="287,285,267,151" step="2"/><N who="1" m="4607" /><E125/><V12/><F115/><W113/><G113/><T92/><D92/><U6/><E6/><V121/><F121/><W59/><REACH who="3" step="1"/><G96/><AGARI ba="2,1" hai="18,22,27,48,49,53,57,60,94,96,102" m="4607" machi="96" ten="30,1000,0" yaku="8,1" doraHai="41" who="1" fromWho="3" sc="287,0,285,26,267,0,151,-16" owari="287,8.7,311,41.1,267,-13.3,135,-36.5" /></mjloggm>