<mjloggm ver="2.3"><GO type="225" lobby="0"/><UN n0="%72%69%6F%75%63%68%61%6E" n1="%E3%81%B7%E3%82%8A%E3%82%93%E8%81%96%E4%BA%BA" n2="%E4%B8%89%E5%86%A0%E7%8E%8B%E3%83%BB%E5%B1%B1%E7%94%B0%E5%93%B2%E4%BA%BA" n3="%74%61%6B%65%2D%79%6F%75" dan="17,16,17,17" rate="2247.36,2073.87,2208.44,2122.07" sx="M,M,M,M"/><TAIKYOKU oya="0"/><INIT seed="0,0,0,4,0,26" ten="250,250,250,250" oya="0" hai0="85,87,105,124,18,72,96,112,88,122,1,36,50" hai1="28,57,83,117,43,73,102,104,42,135,107,17,95" hai2="32,134,63,27,34,2,111,12,79,75,123,5,100" hai3="52,77,71,0,67,89,121,19,108,131,3,78,39"/><T49/><D112/><U84/><E73/><V14/><F100/><W30/><G108/><T31/><D122/><U35/><E117/><V99/><F99/><W10/><G121/><T20/><D36/><U48/><E104/><V92/><F92/><W62/><G131/><T11/><D72/><U54/><E107/><V116/><F63/><W132/><G132/><T70/><D70/><U113/><E113/><V7/><F79/><W25/><G39/><T29/><D124/><U110/><E110/><V47/><F47/><W120/><G120/><T56/><D1/><U44/><E42/><V68/><F68/><W94/><G3/><T4/><D4/><U103/><E95/><V38/><F34/><W93/><G52/><N who="0" m="31759" /><D105/><U41/><E41/><V114/><F75/><W101/><G101/><T51/><D11/><U106/><E106/><V97/><F2/><W21/><G93/><N who="0" m="56359" /><D50/><U125/><E125/><V109/><F38/><W33/><G10/><T24/><D51/><U130/><E130/><V91/><F123/><W61/><G0/><T16/><D18/><U128/><E128/><V82/><F5/><W6/><G6/><T58/><D58/><U65/><E17/><V129/><F129/><W80/><G19/><T46/><D46/><U60/><E43/><V81/><F7/><W15/><G71/><T66/><D66/><U133/><E133/><V23/><F134/><W45/><G67/><T13/><D13/><U126/><E126/><V55/><F111/><W37/><G37/><T69/><D69/><U74/><E135/><V40/><F109/><W98/><G45/><RYUUKYOKU ba="0,0" sc="250,30,250,-10,250,-10,250,-10" hai0="16,20,24,29,31,85,87" /><INIT seed="0,1,0,0,5,100" ten="280,240,240,240" oya="0" hai0="30,68,12,46,75,85,0,89,7,80,41,5,87" hai1="135,92,121,22,3,103,50,20,83,62,96,61,66" hai2="91,130,72,32,122,90,86,52,128,127,51,124,23" hai3="120,105,42,79,119,29,99,14,107,15,26,73,39"/><T31/><D68/><U16/><E3/><V25/><F72/><W65/><G119/><T125/><D125/><N who="2" m="48202" /><F32/><W8/><G120/><T19/><D75/><U74/><E22/><V108/><F108/><W17/><G65/><T93/><D0/><U38/><E38/><V18/><F122/><W95/><G39/><T36/><D5/><U13/><E121/><V24/><F24/><W98/><G42/><T60/><D60/><U133/><E50/><V2/><F2/><W115/><G115/><T70/><D70/><U28/><E28/><V69/><F69/><W126/><G126/><T112/><D7/><U1/><E1/><V71/><F71/><W27/><G14/><T64/><D64/><U123/><E123/><V129/><F86/><W134/><G134/><N who="1" m="51210" /><E66/><V88/><F91/><W63/><G27/><T57/><D57/><AGARI ba="1,0" hai="18,23,25,51,52,57,88,90,128,129,130" m="48202" machi="57" ten="40,8000,1" yaku="19,1,18,1,54,2" doraHai="100" who="2" fromWho="0" sc="280,-83,240,0,240,83,240,0" /><INIT seed="1,0,0,1,3,70" ten="197,240,323,240" oya="1" hai0="74,63,64,111,78,23,21,58,68,101,17,87,45" hai1="61,22,103,121,29,129,52,99,115,37,109,106,133" hai2="72,67,86,66,94,56,93,49,3,116,20,85,2" hai3="82,117,32,8,12,55,76,126,44,50,30,95,51"/><U38/><E115/><V43/><F72/><W39/><G126/><T125/><D111/><U108/><E121/><V79/><F20/><W97/><G117/><T132/><D125/><U127/><E127/><V35/><F43/><W92/><G32/><T26/><D132/><U112/><E112/><V14/><F14/><W130/><G130/><T10/><D74/><U53/><E129/><V135/><F49/><W48/><G30/><T91/><D101/><U9/><E9/><V102/><F56/><W57/><G39/><N who="1" m="14858" /><E61/><V34/><F79/><W40/><G51/><T28/><D78/><U88/><E88/><V31/><F31/><W131/><G97/><T15/><D45/><U59/><E59/><V73/><F73/><W119/><G119/><T18/><D68/><U105/><E105/><V124/><F124/><W107/><G107/><T134/><D134/><U7/><E7/><V46/><F135/><W6/><REACH who="3" step="1"/><G131/><REACH who="3" ten="197,240,323,230" step="2"/><T98/><D98/><U110/><E133/><V113/><F116/><W118/><G118/><T96/><D96/><U16/><E29/><V41/><F102/><W33/><G33/><T27/><D87/><AGARI ba="0,1" hai="6,8,12,40,44,48,50,55,57,76,82,87,92,95" machi="87" ten="30,8000,1" yaku="1,1,7,1,25,2,8,1,53,0" doraHai="70" doraHaiUra="104" who="3" fromWho="0" sc="197,-80,240,0,323,0,230,90" /><INIT seed="2,0,0,2,5,85" ten="117,240,323,320" oya="2" hai0="73,14,43,36,126,60,99,55,33,50,103,27,104" hai1="129,41,96,71,87,38,132,115,92,102,122,118,16" hai2="45,75,86,64,7,67,3,62,121,11,93,37,91" hai3="44,68,51,57,88,94,124,9,116,90,83,25,101"/><V89/><F121/><W59/><G116/><T79/><D126/><U12/><E71/><V107/><F107/><W119/><G119/><T48/><D14/><U109/><E118/><V81/><F62/><W113/><G124/><T20/><D33/><U6/><E6/><V78/><F89/><N who="3" m="34411" /><G68/><T97/><D97/><U131/><E115/><V1/><F1/><W58/><G113/><T72/><D36/><U5/><E5/><V130/><F130/><N who="1" m="49673" /><E122/><V35/><F35/><W82/><G9/><T66/><D43/><AGARI ba="0,0" hai="3,7,11,37,43,45,64,67,75,78,81,86,91,93" machi="43" ten="40,7700,0" yaku="25,2,52,1" doraHai="85" who="2" fromWho="0" sc="117,-77,240,0,323,77,320,0" /><INIT seed="2,1,0,0,3,74" ten="40,240,400,320" oya="2" hai0="73,20,21,63,99,12,41,33,104,108,134,55,135" hai1="18,79,31,93,32,53,25,121,4,13,130,23,60" hai2="112,119,126,45,54,64,3,47,24,76,83,129,89" hai3="51,107,120,84,71,9,42,35,114,133,40,59,106"/><V81/><F112/><W116/><G116/><T29/><D108/><U44/><E121/><V8/><F119/><W124/><G120/><T34/><D73/><U90/><E130/><V101/><F101/><W105/><G114/><T85/><D41/><U16/><E4/><V94/><F64/><W66/><G133/><N who="0" m="50699" /><D63/><U100/><E100/><V14/><F3/><W11/><G35/><N who="0" m="13323" /><D99/><U56/><E18/><V92/><F83/><W52/><G124/><T38/><D85/><U72/><E44/><V91/><F129/><W77/><G42/><T22/><D38/><U57/><E57/><V5/><F24/><W98/><G40/><T43/><D43/><U113/><E113/><V88/><F126/><W87/><G98/><T19/><D104/><U131/><E131/><V2/><F2/><W125/><G125/><T17/><D55/><U128/><E128/><V86/><F54/><W95/><G87/><T65/><D65/><U36/><E36/><V58/><F58/><W82/><REACH who="3" step="1"/><G95/><AGARI ba="1,0" hai="5,8,14,45,47,76,81,86,88,89,91,92,94,95" machi="95" ten="40,7700,0" yaku="8,1,52,1,54,1" doraHai="74" who="2" fromWho="3" sc="40,0,240,0,400,80,320,-80" /><INIT seed="2,2,0,0,2,57" ten="40,240,480,240" oya="2" hai0="119,48,95,17,65,54,134,19,105,116,113,100,32" hai1="56,132,16,124,80,3,8,43,120,10,121,97,46" hai2="55,11,94,81,107,127,131,130,61,129,83,82,50" hai3="0,14,89,24,85,75,101,111,90,88,66,93,51"/><V44/><F107/><W47/><G0/><T87/><D113/><U68/><E68/><V92/><F127/><W112/><G112/><T64/><D32/><U7/><E124/><V36/><F36/><W79/><G111/><T109/><D105/><U70/><E70/><V128/><F128/><W108/><G108/><T4/><D109/><U26/><E80/><V86/><F86/><W117/><G117/><T106/><D106/><U73/><E73/><V30/><F30/><W6/><G75/><T72/><D72/><U115/><E115/><V133/><F133/><W20/><G66/><T114/><D114/><U110/><E110/><V28/><F28/><W52/><G101/><T18/><D134/><U12/><E26/><V9/><F61/><W37/><G37/><T31/><D31/><U35/><E35/><V60/><F60/><W78/><G78/><T74/><D74/><U5/><E5/><V69/><F69/><W2/><G2/><T126/><D126/><U63/><E97/><V84/><F84/><W53/><G53/><T45/><D4/><U62/><E56/><V71/><F71/><W13/><G6/><T41/><D54/><U1/><E1/><V34/><F34/><W27/><G27/><T21/><D21/><U15/><E3/><V91/><F91/><N who="3" m="34891" /><G79/><T98/><REACH who="0" step="1"/><D87/><REACH who="0" ten="30,240,480,240" step="2"/><U104/><E104/><V77/><F77/><W49/><G85/><T67/><AGARI ba="2,1" hai="17,18,19,41,45,48,64,65,67,95,98,100,116,119" machi="67" ten="40,5200,0" yaku="1,1,2,1,0,1,53,0" doraHai="57" doraHaiUra="135" who="0" fromWho="0" sc="30,68,240,-15,480,-28,240,-15" /><INIT seed="3,0,0,5,4,43" ten="98,225,452,225" oya="3" hai0="11,54,65,86,52,72,14,15,114,44,51,78,42" hai1="12,38,119,77,118,103,93,22,111,31,122,25,50" hai2="16,81,2,98,30,23,97,74,5,18,3,1,21" hai3="67,125,101,71,60,10,37,116,113,88,127,99,35"/><W133/><G113/><T45/><D72/><U13/><E38/><V61/><F5/><W87/><G116/><N who="1" m="44586" /><E122/><V55/><F30/><W104/><G133/><T49/><D114/><U120/><E120/><V33/><F33/><W129/><G129/><T76/><D65/><U135/><E135/><V75/><F81/><W126/><G35/><T130/><D130/><U0/><E0/><V105/><F2/><W24/><G37/><T34/><D34/><U79/><E50/><V46/><F61/><W69/><G24/><T121/><D121/><U4/><E111/><V107/><F55/><W20/><G20/><T131/><D131/><U106/><E106/><V39/><F39/><W108/><G108/><T110/><D110/><U27/><E27/><V89/><F89/><W66/><G10/><T124/><D124/><U68/><E68/><N who="3" m="26186" /><G60/><T83/><D78/><N who="1" m="29707" /><E4/><V102/><F102/><W59/><G59/><T58/><D11/><U8/><E8/><V64/><F23/><W32/><G32/><T92/><D92/><AGARI ba="0,0" hai="66,67,87,88,92,99,101,104,125,126,127" m="26186" machi="92" ten="40,3900,0" yaku="18,1,54,1" doraHai="43" who="3" fromWho="0" sc="98,-39,225,0,452,0,225,39" /><INIT seed="3,1,0,1,1,38" ten="59,225,452,264" oya="3" hai0="100,82,125,99,75,66,123,23,96,3,36,56,109" hai1="43,14,53,29,2,114,0,57,49,52,64,135,107" hai2="111,8,44,69,50,84,25,77,98,124,20,119,5" hai3="59,113,31,15,7,9,93,102,89,58,39,115,28"/><W105/><G105/><T62/><D125/><U32/><E107/><V33/><F69/><W71/><G71/><T127/><D127/><U55/><E114/><V42/><F111/><W132/><G132/><T92/><D123/><U126/><E126/><V79/><F33/><W60/><G39/><T116/><D116/><U83/><E2/><V76/><F124/><W103/><G113/><T70/><D3/><U87/><E0/><V134/><F119/><W122/><G122/><T10/><D109/><U27/><E135/><V67/><F67/><W4/><G115/><T133/><D133/><U90/><E14/><N who="2" m="5391" /><F98/><W104/><G7/><T108/><D108/><U51/><E64/><V1/><F1/><W120/><G120/><T131/><D131/><U74/><E74/><V129/><F129/><W128/><G128/><T72/><D36/><U86/><E86/><V24/><F134/><W40/><G40/><T97/><D70/><U78/><E90/><V30/><F25/><W121/><G121/><T130/><D130/><U11/><E11/><V65/><F65/><W117/><G117/><T61/><D75/><U110/><E110/><V54/><F42/><W81/><G104/><T19/><D72/><U95/><E95/><V91/><F77/><W37/><G37/><T6/><D82/><AGARI ba="1,0" hai="20,24,30,44,50,54,76,79,82,84,91" m="5391" machi="82" ten="30,1000,0" yaku="8,1" doraHai="38" who="2" fromWho="0" sc="59,-13,225,0,452,13,264,0" owari="46,-45.4,225,-17.5,465,56.5,264,6.4" /></mjloggm>