<mjloggm ver="2.3"><GO type="225" lobby="0"/><UN n0="%E7%99%BD%E9%9B%AA%E4%B9%83%E6%84%9B" n1="%E8%81%B7%E6%A5%AD%E3%80%81%E9%A2%A8%32" n2="%6D%75%75%6D%75%72%61" n3="%E6%97%A5%E6%9B%9C%E6%97%A5%E3%82%88%E3%82%8A%E3%81%AE%E4%BD%BF%E8%80%85" dan="16,16,16,18" rate="2063.93,2161.75,2168.70,2140.41" sx="F,M,F,M"/><TAIKYOKU oya="0"/><INIT seed="0,0,0,5,2,37" ten="250,250,250,250" oya="0" hai0="94,64,43,106,128,1,35,38,11,79,127,110,46" hai1="91,24,10,26,76,41,33,124,27,15,98,18,60" hai2="133,23,118,30,129,99,55,29,42,39,36,121,114" hai3="34,102,62,115,107,21,47,125,74,9,61,44,85"/><T32/><D106/><U120/><E120/><V93/><F121/><W67/><G74/><T19/><D127/><U51/><E124/><V92/><F114/><W101/><G34/><T130/><D79/><U100/><E76/><V53/><F129/><N who="0" m="49770" /><D110/><U134/><E134/><V90/><F133/><W105/><G85/><T22/><D64/><U58/><E91/><V56/><F118/><W49/><G67/><T135/><D135/><U52/><E33/><V117/><F117/><W3/><G115/><T112/><D112/><U12/><E12/><V75/><F75/><W109/><G107/><T122/><D122/><U126/><E126/><V68/><F68/><W119/><G105/><T4/><D94/><N who="1" m="58455" /><E41/><V0/><F0/><W80/><G125/><T5/><D5/><U71/><E71/><V108/><F108/><W89/><G109/><T6/><D6/><U70/><E70/><V96/><F23/><W59/><G21/><T131/><N who="0" m="49778" /><T16/><DORA hai="40" /><D19/><U104/><E104/><V31/><F42/><W73/><G119/><T14/><AGARI ba="0,0" hai="1,4,11,14,16,22,32,35,38,43,46" m="49778" machi="14" ten="40,12000,1" yaku="19,1,52,2,54,1" doraHai="37,40" who="0" fromWho="0" sc="250,120,250,-40,250,-40,250,-40" /><INIT seed="0,1,0,1,0,134" ten="370,210,210,210" oya="0" hai0="115,70,89,31,32,76,55,90,85,120,42,22,10" hai1="74,63,101,2,43,93,40,105,17,23,91,129,3" hai2="19,96,26,127,78,67,57,65,69,49,100,107,106" hai3="99,8,97,83,102,114,75,5,109,1,72,126,28"/><T108/><D115/><U35/><E35/><V125/><F107/><W33/><G114/><T64/><D120/><U56/><E74/><N who="3" m="28202" /><G83/><T7/><D32/><U132/><E132/><V59/><F78/><W123/><G99/><T121/><D121/><U54/><E129/><V39/><F39/><W44/><G44/><T80/><D42/><U135/><E135/><V98/><F98/><W113/><G113/><T53/><D108/><U15/><E101/><V60/><F69/><W38/><G38/><T12/><D64/><U58/><E105/><V122/><F122/><W51/><G51/><T82/><D70/><U116/><E116/><V13/><F26/><N who="3" m="18583" /><G123/><T62/><D62/><N who="1" m="36119" /><E3/><V128/><F128/><W11/><G11/><T36/><D36/><U27/><E2/><V92/><F106/><N who="3" m="63823" /><G109/><T18/><D31/><U50/><E50/><V104/><F104/><W47/><G47/><T24/><D76/><U48/><E48/><V21/><REACH who="2" step="1"/><F67/><REACH who="2" ten="370,210,200,210" step="2"/><W20/><G20/><T124/><D85/><N who="1" m="52463" /><E15/><V77/><F77/><W30/><G30/><T25/><D25/><U14/><E14/><V118/><F118/><W133/><G133/><T119/><D119/><U4/><E4/><V86/><F86/><W103/><G103/><T37/><D37/><U71/><E71/><V84/><F84/><W6/><G5/><T34/><D7/><U66/><AGARI ba="1,1" hai="17,23,27,40,43,58,63,66" m="52463,36119" machi="66" ten="30,1100,0" yaku="8,1" doraHai="134" who="1" fromWho="1" sc="370,-6,210,24,200,-4,210,-4" /><INIT seed="1,0,0,1,2,37" ten="364,234,196,206" oya="1" hai0="107,81,52,70,10,114,80,79,74,46,64,76,123" hai1="100,51,67,63,101,53,72,102,97,135,91,126,54" hai2="3,1,13,96,18,68,20,118,60,93,17,73,33" hai3="86,9,27,110,29,41,65,4,115,90,2,8,0"/><U94/><E72/><V95/><F33/><W129/><G115/><T56/><D114/><U103/><E126/><V44/><F73/><W120/><G120/><T5/><D107/><U130/><E130/><V82/><F118/><W133/><G129/><T108/><D108/><U49/><E135/><V45/><F82/><W23/><G133/><T119/><D119/><U128/><E128/><V6/><F6/><W14/><G110/><T121/><D46/><U113/><E113/><V50/><F68/><W134/><G134/><T78/><D64/><U32/><E32/><V38/><F60/><W116/><G116/><T24/><D24/><U57/><N who="1" m="25600" /><DORA hai="77" /><U58/><REACH who="1" step="1"/><E67/><REACH who="1" ten="364,224,196,206" step="2"/><V122/><F122/><W112/><G112/><T125/><D125/><U106/><E106/><V25/><F3/><W12/><G65/><T48/><D74/><U40/><E40/><V61/><F1/><W92/><REACH who="3" step="1"/><G41/><REACH who="3" ten="364,224,196,196" step="2"/><T99/><D123/><U84/><E84/><V111/><F111/><W109/><G109/><T127/><D121/><U105/><E105/><V21/><F96/><W11/><G11/><T132/><D127/><U85/><E85/><V83/><F21/><W36/><G36/><T31/><D132/><U71/><E71/><V104/><F20/><W87/><G87/><T39/><D39/><U66/><E66/><V124/><F38/><W19/><AGARI ba="0,2" hai="0,2,4,8,9,12,14,19,23,27,29,86,90,92" machi="19" ten="20,5200,0" yaku="1,1,0,1,7,1,53,1" doraHai="37,77" doraHaiUra="15,75" who="3" fromWho="3" sc="364,-13,224,-26,196,-13,196,72" /><INIT seed="2,0,0,0,5,44" ten="351,198,183,268" oya="2" hai0="135,11,79,109,25,43,14,70,13,75,15,116,117" hai1="97,90,12,48,54,18,111,39,47,51,71,36,9" hai2="21,60,85,86,58,26,98,57,34,83,101,92,107" hai3="31,88,28,130,125,121,74,40,95,102,63,87,110"/><V64/><F34/><W93/><G121/><T78/><D109/><U91/><E71/><V23/><F107/><W82/><G110/><T10/><D70/><U4/><E111/><V128/><F128/><W32/><G32/><T99/><D135/><U123/><E123/><V132/><F132/><W56/><G130/><T119/><D43/><N who="1" m="24703" /><E39/><V124/><F124/><W131/><G131/><T106/><D25/><U22/><E36/><V66/><F83/><W19/><G125/><T3/><D75/><U103/><E103/><V35/><F35/><W115/><G115/><T1/><D99/><U46/><E97/><V65/><F23/><W24/><G40/><T62/><D62/><U42/><E42/><V8/><F8/><N who="0" m="3114" /><D106/><U104/><E104/><V68/><F68/><W96/><G74/><T20/><D20/><U17/><E4/><V84/><REACH who="2" step="1"/><F58/><REACH who="2" ten="351,198,173,268" step="2"/><W30/><G82/><T73/><D73/><U45/><E45/><V126/><F126/><W2/><G2/><AGARI ba="0,1" hai="1,2,3,13,14,15,78,79,116,117,119" m="3114" machi="2" ten="40,5200,0" yaku="28,2,12,1" doraHai="44" who="0" fromWho="3" sc="351,62,198,0,173,0,268,-52" /><INIT seed="3,0,0,1,1,54" ten="413,198,173,216" oya="3" hai0="40,98,101,15,22,118,69,53,3,129,90,104,113" hai1="62,10,80,66,19,41,84,97,68,131,89,74,48" hai2="33,24,96,82,115,47,85,72,42,99,95,6,50" hai3="43,100,114,125,133,58,65,107,9,20,67,117,70"/><W18/><G107/><T79/><D118/><U1/><E131/><V86/><F115/><W44/><G70/><T108/><D3/><U13/><E1/><V21/><F33/><W88/><G100/><T92/><D69/><U51/><E41/><V36/><F72/><W81/><G9/><T29/><D40/><U0/><E0/><V123/><F123/><W57/><G125/><T132/><D132/><U14/><E74/><V27/><F36/><W55/><G55/><T94/><D53/><U127/><E127/><V25/><F6/><W35/><G35/><T121/><D15/><U135/><E135/><V83/><F21/><W17/><G133/><T5/><D22/><U28/><E28/><V64/><F64/><W45/><G81/><T46/><D94/><U120/><E120/><V103/><REACH who="2" step="1"/><F96/><REACH who="2" ten="413,198,163,216" step="2"/><W32/><G20/><T105/><D121/><U71/><E97/><V38/><F38/><W52/><G67/><T76/><D101/><U128/><E128/><V93/><F93/><W49/><G65/><T110/><D46/><U119/><E119/><V87/><AGARI ba="0,1" hai="24,25,27,42,47,50,82,83,85,86,87,95,99,103" machi="87" ten="30,7900,0" yaku="1,1,0,1,8,1,53,1" doraHai="54" doraHaiUra="37" who="2" fromWho="2" sc="413,-20,198,-20,163,89,216,-39" owari="393,49.3,178,-22.2,252,5.2,177,-32.3" /></mjloggm>