<mjloggm ver="2.3"><GO type="225" lobby="0"/><UN n0="%E3%83%B4%E3%82%A3%E3%83%AF%E3%82%B3%E3%82%B0%E3%83%8B" n1="%E3%82%82%E3%82%93%E3%81%8D%E3%82%93%E3%81%90" n2="%E9%A2%A8%E3%81%A7%E9%B3%B4%E3%81%8F" n3="%6B%75%7A%75%6E" dan="16,16,16,17" rate="2181.32,2056.20,2177.70,2186.19" sx="M,M,M,M"/><TAIKYOKU oya="0"/><INIT seed="0,0,0,1,5,121" ten="250,250,250,250" oya="0" hai0="52,36,75,59,135,63,39,93,73,126,35,101,70" hai1="16,60,82,91,129,64,62,42,132,113,109,100,26" hai2="0,44,110,25,96,89,98,77,30,118,86,50,29" hai3="4,13,43,45,49,20,54,128,92,2,22,8,56"/><T87/><D35/><U125/><E132/><V103/><F0/><W102/><G128/><T21/><D135/><U95/><E129/><V53/><F118/><W79/><G79/><T127/><D70/><U11/><E125/><N who="0" m="47625" /><D21/><U33/><E113/><V111/><F77/><W119/><G119/><T115/><D115/><U51/><E100/><V134/><F134/><W114/><G114/><T18/><D18/><U116/><E82/><V94/><F96/><W31/><G2/><T133/><D133/><U78/><E78/><V10/><F10/><W84/><G31/><T55/><D55/><U28/><E116/><V61/><F61/><W131/><G131/><T57/><D59/><U40/><E62/><V123/><F123/><W104/><G104/><T105/><D105/><U23/><E11/><V19/><F19/><W58/><G58/><T124/><N who="0" m="47633" /><T34/><DORA hai="88" /><D34/><U9/><E9/><V12/><F12/><W14/><G13/><T68/><D68/><U3/><E3/><V32/><REACH who="2" step="1"/><F30/><REACH who="2" ten="250,250,240,250" step="2"/><W107/><G107/><AGARI ba="0,1" hai="25,29,32,44,50,53,86,89,94,98,103,107,110,111" machi="107" ten="40,12000,2" yaku="1,1,2,1,52,3,53,1" doraHai="121,88" doraHaiUra="99,38" who="2" fromWho="3" sc="250,0,250,0,240,130,250,-120" /><INIT seed="1,0,0,5,5,2" ten="250,250,370,130" oya="1" hai0="86,109,38,65,43,4,94,88,32,14,45,117,100" hai1="35,59,23,16,91,114,105,129,74,44,20,37,96" hai2="82,42,108,26,22,106,112,25,122,113,0,63,54" hai3="103,64,17,28,121,131,47,69,60,104,51,7,19"/><U133/><E35/><V70/><F106/><W30/><G121/><T49/><D109/><U48/><E114/><V130/><F0/><W120/><G120/><T99/><D117/><U66/><E74/><V115/><F122/><W68/><G131/><T87/><D32/><U81/><E133/><V55/><F130/><W128/><G69/><T89/><D38/><U72/><E37/><V107/><F107/><W57/><G128/><T40/><D40/><U56/><E20/><V15/><F108/><W11/><G68/><T33/><D33/><U21/><E21/><V79/><F42/><W46/><G103/><T76/><D65/><U34/><E34/><V9/><F63/><W102/><G102/><T123/><D123/><U75/><E75/><N who="2" m="43391" /><F70/><W53/><G104/><T77/><D86/><N who="1" m="50639" /><E72/><V71/><F71/><W111/><G111/><T132/><D132/><U134/><E134/><V110/><F110/><W5/><G11/><N who="0" m="4455" /><D100/><U52/><E105/><V61/><F61/><W12/><G47/><T27/><D27/><N who="2" m="10250" /><F22/><N who="3" m="11559" /><G19/><AGARI ba="0,0" hai="9,15,19,54,55,112,113,115" m="10250,43391" machi="19" ten="30,1000,0" yaku="11,1" doraHai="2" who="2" fromWho="3" sc="250,0,250,0,370,10,130,-10" /><INIT seed="2,0,0,0,1,44" ten="250,250,380,120" oya="2" hai0="9,85,69,53,43,111,16,47,62,98,18,49,74" hai1="99,84,1,117,33,6,103,73,126,115,82,65,36" hai2="83,41,4,42,119,17,23,0,133,94,100,66,46" hai3="97,50,31,102,92,68,54,105,51,29,60,95,21"/><V90/><F133/><W122/><G122/><T39/><D74/><U56/><E73/><V91/><F66/><W93/><G68/><T52/><D111/><U45/><E33/><V48/><F119/><W25/><G60/><T64/><D85/><U88/><E115/><V32/><F32/><W77/><G54/><T116/><D116/><U113/><E113/><V96/><F42/><W130/><G130/><T12/><D98/><U132/><E132/><V15/><F0/><W7/><G7/><N who="0" m="3135" /><D53/><U124/><E117/><V14/><F83/><W59/><G59/><AGARI ba="0,0" hai="16,18,39,43,47,49,52,59,62,64,69" m="3135" machi="59" ten="30,7700,0" yaku="24,1,52,1,54,2" doraHai="44" who="0" fromWho="3" sc="250,77,250,0,380,0,120,-77" /><INIT seed="3,0,0,4,0,117" ten="327,250,380,43" oya="3" hai0="80,131,27,106,18,83,101,79,120,28,72,59,92" hai1="68,103,51,38,78,0,6,124,112,8,10,11,16" hai2="21,70,115,81,64,35,7,110,12,67,58,91,127" hai3="42,95,130,73,75,93,4,17,86,45,40,102,128"/><W13/><G4/><T34/><D131/><N who="3" m="50217" /><G86/><T111/><D111/><U19/><E38/><V107/><F35/><W37/><G40/><T52/><D106/><U26/><E68/><V49/><F107/><W90/><G102/><T135/><D135/><U47/><E112/><V29/><F115/><W71/><G71/><T97/><D80/><U1/><E124/><V132/><F70/><W15/><G15/><T109/><D109/><U23/><E103/><V30/><F132/><W116/><G116/><T99/><D99/><U88/><E78/><V2/><F2/><W63/><G63/><T113/><D113/><U53/><E0/><V119/><F110/><W94/><G90/><T44/><D44/><U60/><E60/><V62/><F127/><W89/><G89/><T84/><D18/><U77/><E77/><V24/><F119/><W100/><G100/><T3/><D3/><U39/><E39/><V55/><F30/><W32/><G32/><T31/><D31/><U25/><E88/><V108/><F108/><W57/><G57/><T85/><REACH who="0" step="1"/><D120/><REACH who="0" ten="317,250,380,43" step="2"/><U48/><REACH who="1" step="1"/><E51/><AGARI ba="0,1" hai="27,28,34,51,52,59,72,79,83,84,85,92,97,101" machi="51" ten="30,7700,0" yaku="1,1,2,1,7,1,54,1,53,0" doraHai="117" doraHaiUra="87" who="0" fromWho="1" sc="317,87,250,-77,380,0,43,0" owari="404,50.4,173,-22.7,380,18.0,43,-45.7" /></mjloggm>