<mjloggm ver="2.3"><GO type="225" lobby="0"/><UN n0="%48%61%61%61%6C%61%6E%64" n1="%E3%83%97%E3%83%AC%E3%83%B4%E3%82%A1%E3%83%86%E3%82%A3" n2="%E3%81%BF%E3%81%BF%E3%81%9A" n3="%E3%81%8C%E3%81%9F" dan="18,16,16,17" rate="2212.57,2087.61,2135.26,2186.78" sx="M,F,M,F"/><TAIKYOKU oya="0"/><INIT seed="0,0,0,2,2,46" ten="250,250,250,250" oya="0" hai0="126,80,24,6,117,34,44,129,38,54,104,102,20" hai1="26,100,16,101,70,41,88,85,127,98,132,5,110" hai2="56,11,15,135,9,12,115,107,84,14,72,111,106" hai3="66,48,73,134,62,92,91,52,25,45,89,39,43"/><T1/><D117/><U128/><E70/><V94/><F72/><W124/><G73/><T123/><D123/><U76/><E110/><V77/><F115/><W36/><G124/><T74/><D126/><U121/><E127/><V35/><F35/><W22/><G134/><T130/><D34/><U40/><E121/><V68/><F68/><W4/><G4/><T49/><D38/><U32/><E132/><V112/><F135/><W71/><G92/><T37/><D37/><U78/><BYE who="2" /><E128/><N who="0" m="49257" /><D102/><N who="1" m="39531" /><E5/><V17/><F17/><W96/><G96/><T59/><D104/><U97/><E32/><V50/><F50/><W27/><G27/><T95/><D95/><N who="1" m="54671" /><E40/><V57/><F57/><W23/><G23/><T75/><D80/><U109/><E41/><V30/><F30/><W90/><REACH who="3" step="1"/><G43/><REACH who="3" ten="250,250,250,240" step="2"/><N who="0" m="24735" /><D6/><U108/><E109/><V120/><F120/><W18/><AGARI ba="0,1" hai="18,22,25,36,39,45,48,52,62,66,71,89,90,91" machi="18" ten="30,7900,0" yaku="1,1,0,1,52,1,54,1,53,0" doraHai="46" doraHaiUra="103" who="3" fromWho="3" sc="250,-39,250,-20,250,-20,240,89" /><UN n2="%E3%81%BF%E3%81%BF%E3%81%9A" /><INIT seed="1,0,0,5,4,48" ten="211,230,230,329" oya="1" hai0="3,75,30,23,59,73,62,93,8,87,115,106,35" hai1="101,77,15,89,52,22,41,42,94,78,55,83,90" hai2="7,130,37,11,2,104,109,125,133,117,92,66,132" hai3="91,68,98,54,97,72,114,53,16,5,119,128,88"/><U36/><E36/><V122/><RYUUKYOKU type="yao9" ba="0,0" sc="211,0,230,0,230,0,329,0" hai2="2,7,11,37,66,92,104,109,117,122,125,130,132,133" /><INIT seed="1,1,0,0,3,119" ten="211,230,230,329" oya="1" hai0="87,88,108,5,90,106,32,81,92,7,37,126,30" hai1="72,128,23,133,2,98,94,130,46,103,27,55,42" hai2="71,52,69,18,70,19,28,9,33,45,53,117,3" hai3="85,67,64,91,76,132,125,12,21,109,11,131,80"/><U104/><E2/><V43/><F117/><W57/><G109/><T101/><D108/><U75/><E133/><V41/><F28/><W112/><G112/><T95/><D37/><U116/><E116/><V60/><F33/><W120/><G132/><T20/><D32/><U34/><E34/><V65/><F3/><W26/><G120/><T51/><D126/><U49/><E104/><V110/><F110/><W123/><G123/><T134/><D134/><U115/><E115/><V59/><F9/><W129/><G125/><T44/><D106/><U63/><E63/><N who="2" m="40127" /><F18/><N who="3" m="12599" /><G57/><T4/><D101/><U40/><E75/><V48/><F19/><N who="3" m="8607" /><G76/><T25/><REACH who="0" step="1"/><D90/><REACH who="0" ten="201,230,230,329" step="2"/><U77/><E77/><V82/><F82/><W29/><G29/><T96/><D96/><U62/><E72/><V1/><F1/><W89/><G89/><T135/><D135/><U38/><E38/><V15/><F15/><W35/><G35/><T84/><D84/><U14/><E14/><V16/><F16/><W39/><G39/><T56/><D56/><U24/><E27/><V100/><F100/><W97/><G97/><T83/><D83/><U105/><E105/><V54/><F71/><W22/><G22/><T79/><D79/><U66/><E23/><V99/><F70/><W61/><G80/><T10/><D10/><U127/><E24/><V74/><F99/><W6/><G85/><T78/><D78/><U50/><E127/><V107/><F107/><W118/><G91/><T0/><D0/><U73/><E73/><V36/><F74/><W102/><G118/><T121/><D121/><U8/><E98/><RYUUKYOKU ba="1,1" sc="201,15,230,-15,230,15,329,-15" hai0="4,5,7,20,25,30,44,51,81,87,88,92,95" hai2="36,41,43,45,48,52,53,54,59,60" /><INIT seed="2,2,1,1,5,29" ten="216,215,245,314" oya="2" hai0="85,57,67,68,107,59,53,93,10,22,72,106,41" hai1="13,102,62,104,65,79,78,70,84,69,73,83,91" hai2="48,37,74,77,46,18,5,75,32,131,66,28,24" hai3="110,122,92,132,71,12,9,31,15,119,56,129,38"/><V19/><F5/><W35/><G119/><T105/><D72/><U94/><E78/><V81/><F37/><W34/><G122/><T4/><D41/><U14/><REACH who="1" step="1"/><E69/><REACH who="1" ten="216,205,245,314" step="2"/><V47/><F77/><W2/><G71/><T111/><D68/><U127/><E127/><V87/><F75/><W125/><G125/><T30/><D111/><U49/><E49/><V118/><F74/><W113/><G110/><T89/><D67/><U124/><E124/><V52/><F66/><W123/><G38/><T1/><REACH who="0" step="1"/><D53/><REACH who="0" ten="206,205,245,314" step="2"/><U21/><E21/><V33/><F52/><W63/><G113/><T103/><D103/><U112/><E112/><V3/><F118/><W50/><G123/><T45/><D45/><U101/><E101/><V88/><F47/><W43/><G43/><T135/><D135/><U55/><E55/><V95/><F46/><W8/><G132/><T36/><D36/><U100/><E100/><V97/><F48/><W115/><G50/><T7/><D7/><U90/><E90/><V116/><F116/><W96/><G115/><T54/><D54/><U44/><E44/><V82/><F88/><W128/><G56/><T27/><AGARI ba="2,3" hai="1,4,10,22,27,30,57,59,85,89,93,105,106,107" machi="27" ten="40,2700,0" yaku="1,1,0,1,53,0" doraHai="29" doraHaiUra="42" who="0" fromWho="0" sc="206,63,205,-9,245,-15,314,-9" /><INIT seed="3,0,0,2,3,118" ten="269,196,230,305" oya="3" hai0="127,5,52,100,107,49,85,108,105,97,121,40,126" hai1="99,128,84,76,92,9,61,1,114,7,51,91,129" hai2="23,89,8,26,135,131,21,67,53,80,36,68,56" hai3="113,112,72,109,117,66,59,33,106,81,71,64,0"/><W4/><G117/><T123/><D108/><U3/><E114/><V103/><F36/><W28/><G106/><T74/><D74/><U110/><E110/><V45/><F68/><W14/><G71/><T94/><D40/><U37/><E37/><V27/><F131/><W115/><G0/><T83/><D5/><U58/><E1/><V54/><F135/><W29/><G109/><T57/><D107/><U124/><E124/><N who="0" m="47657" /><D105/><U65/><E76/><AGARI ba="0,0" hai="49,52,57,76,83,85,94,97,100,121,123" m="47657" machi="76" ten="30,7700,0" yaku="18,1,52,2,54,1" doraHai="118" who="0" fromWho="1" sc="269,77,196,-77,230,0,305,0" owari="346,44.6,119,-38.1,230,-17.0,305,10.5" /></mjloggm>