<mjloggm ver="2.3"><GO type="225" lobby="0"/><UN n0="%45%6C%79%73%69%75%6D" n1="%E8%81%B7%E6%A5%AD%E3%80%81%E9%A2%A8%32" n2="%E6%A0%B9%E5%85%83%E3%81%8B%E3%82%89%E5%90%B9%E3%81%A3%E9%A3%9B%E3%81%B6" n3="%E3%82%82%E3%81%90%E3%82%89" dan="17,16,17,17" rate="2082.76,2190.42,2198.21,2218.03" sx="F,M,F,M"/><TAIKYOKU oya="0"/><INIT seed="0,0,0,2,4,71" ten="250,250,250,250" oya="0" hai0="40,115,0,82,75,83,48,52,133,123,62,135,32" hai1="110,77,69,29,74,28,96,112,68,84,5,89,12" hai2="104,78,85,2,53,58,6,47,18,36,10,126,119" hai3="118,98,1,103,27,43,105,37,97,50,34,14,125"/><T64/><D115/><U70/><E110/><V120/><F126/><W79/><G1/><T30/><D123/><U56/><E112/><V100/><F120/><W107/><G118/><T9/><D40/><U8/><E74/><V57/><F119/><W59/><G125/><T117/><D117/><U41/><E77/><V33/><F33/><W49/><G79/><T20/><D32/><U88/><E89/><V128/><F128/><W95/><G107/><T54/><D75/><U61/><E41/><V81/><F18/><W44/><G14/><T87/><D0/><U124/><E96/><V131/><F131/><W122/><G122/><T72/><D72/><U130/><E130/><V101/><F104/><W42/><G59/><T80/><D9/><U55/><REACH who="1" step="1"/><E124/><REACH who="1" ten="250,240,250,250" step="2"/><V13/><F78/><W7/><G43/><T51/><D87/><U129/><E129/><V127/><F85/><W21/><G34/><T111/><D111/><U25/><E25/><V94/><F127/><W134/><G134/><T19/><D133/><U91/><E91/><V39/><F101/><W38/><G98/><T114/><D135/><U102/><E102/><V16/><F100/><W109/><G105/><T106/><D106/><U65/><E65/><V23/><F94/><AGARI ba="0,1" hai="5,8,12,28,29,55,56,61,68,69,70,84,88,94" machi="94" ten="40,5200,0" yaku="1,1,54,1,53,1" doraHai="71" doraHaiUra="90" who="1" fromWho="2" sc="250,0,240,62,250,-52,250,0" /><INIT seed="1,0,0,3,1,104" ten="250,302,198,250" oya="1" hai0="17,44,67,4,89,68,25,58,0,82,15,86,73" hai1="118,29,37,43,119,9,109,45,101,103,70,110,1" hai2="133,130,113,112,81,32,85,24,122,54,132,59,14" hai3="120,36,10,116,91,87,11,26,63,48,77,3,106"/><U98/><E70/><V66/><F85/><W69/><G36/><T16/><D68/><U20/><E29/><N who="2" m="19495" /><F81/><W19/><G120/><T135/><D135/><N who="2" m="51786" /><F66/><W76/><G106/><T121/><D0/><U126/><E20/><V79/><F79/><W18/><G116/><T64/><D121/><U53/><E126/><V90/><F90/><W99/><G99/><T57/><D44/><U8/><E53/><V49/><F122/><W84/><G48/><T46/><D46/><U74/><E74/><V2/><F2/><W83/><G77/><T41/><D41/><U5/><E9/><V72/><F72/><W111/><G3/><T97/><D97/><U27/><E103/><V127/><F14/><W88/><G76/><T75/><D15/><U38/><E38/><V117/><F117/><W65/><G69/><T62/><D89/><U131/><E118/><V129/><F127/><W42/><G65/><T34/><D86/><U6/><E119/><V52/><F54/><W7/><G87/><T114/><D82/><U108/><E98/><V96/><F96/><W22/><G91/><T128/><D67/><U13/><E1/><V28/><F28/><W80/><G84/><T21/><D64/><U125/><E125/><V39/><F39/><W55/><G83/><T124/><D124/><U31/><E101/><V94/><F94/><W40/><G80/><T102/><D102/><U107/><E107/><V71/><F71/><W35/><G88/><T60/><D75/><U105/><E105/><V51/><F51/><W134/><G134/><T100/><D73/><U78/><E37/><RYUUKYOKU ba="0,0" sc="250,-10,302,-10,198,30,250,-10" hai2="49,52,59,112,113,129,130" /><INIT seed="2,1,0,1,4,27" ten="240,292,228,240" oya="2" hai0="80,1,118,123,77,7,91,50,56,87,11,83,82" hai1="71,99,103,47,12,4,105,22,86,43,66,115,117" hai2="90,133,130,116,65,5,94,132,36,29,102,124,110" hai3="93,34,51,96,109,49,85,131,63,52,0,119,55"/><V40/><F116/><W122/><G119/><T24/><D123/><U106/><E115/><V31/><F124/><W78/><G122/><T112/><D112/><U53/><E117/><V35/><F35/><W38/><G38/><T45/><D118/><U33/><E33/><V21/><F130/><W8/><G34/><T84/><D56/><U88/><E105/><V81/><F65/><W2/><G131/><T101/><D101/><U107/><E107/><V74/><F5/><W70/><G109/><T72/><D24/><U108/><E108/><V126/><F126/><W18/><G70/><T15/><D1/><U9/><E71/><V111/><F102/><N who="3" m="60687" /><G2/><T59/><D59/><U79/><E66/><V76/><F21/><W23/><G8/><T13/><D13/><U92/><E22/><V60/><F60/><W58/><G55/><T61/><D61/><U48/><E79/><V135/><F110/><W10/><G10/><T114/><D114/><U42/><AGARI ba="1,0" hai="4,9,12,42,43,47,48,53,86,88,92,99,103,106" machi="42" ten="30,2000,0" yaku="0,1,54,1" doraHai="27" who="1" fromWho="1" sc="240,-6,292,23,228,-11,240,-6" /><INIT seed="3,0,0,5,4,36" ten="234,315,217,234" oya="3" hai0="90,87,8,120,27,104,80,134,112,92,33,66,38" hai1="21,124,30,77,3,47,69,73,63,43,45,122,25" hai2="83,1,130,48,58,52,114,34,28,117,135,35,65" hai3="85,110,32,128,129,78,53,74,64,57,88,19,102"/><W91/><G32/><T59/><D120/><U61/><E3/><V116/><F1/><W95/><G110/><T22/><D104/><U106/><E106/><V12/><F114/><W60/><G102/><T82/><D38/><U94/><E122/><V89/><F130/><N who="3" m="50283" /><G91/><T109/><D33/><U125/><E47/><V5/><F135/><W62/><G19/><T113/><D109/><U97/><E77/><V127/><F127/><N who="1" m="48713" /><E73/><V18/><F65/><W13/><G13/><T44/><D134/><U37/><E69/><V39/><F39/><W71/><G78/><T133/><D133/><U42/><E42/><V56/><F5/><W70/><G74/><T86/><D112/><U26/><E25/><V131/><F131/><W103/><G103/><AGARI ba="0,0" hai="21,26,30,37,43,45,61,63,94,97,103" m="48713" machi="103" ten="30,2000,0" yaku="18,1,52,1" doraHai="36" who="1" fromWho="3" sc="234,0,315,20,217,0,234,-20" owari="234,3.4,335,43.5,217,-18.3,214,-28.6" /></mjloggm>