<mjloggm ver="2.3"><GO type="225" lobby="0"/><UN n0="%E3%81%BF%E3%81%BF%E3%81%9A" n1="%E3%81%B5%E3%81%98%E3%81%8B%E3%81%A4" n2="%E6%A1%9C%E8%8A%B1%E9%96%83%E3%80%85" n3="%48%61%61%61%6C%61%6E%64" dan="16,16,16,18" rate="2245.07,2177.60,2102.32,2309.34" sx="M,M,M,M"/><TAIKYOKU oya="0"/><INIT seed="0,0,0,4,2,99" ten="250,250,250,250" oya="0" hai0="9,90,11,77,111,98,85,96,118,122,89,20,42" hai1="21,84,100,133,132,62,105,7,86,67,47,34,125" hai2="101,26,15,64,70,27,14,63,79,57,38,61,65" hai3="72,29,74,28,130,92,53,24,8,35,33,109,43"/><T0/><D118/><U110/><E34/><V123/><F123/><W51/><G109/><T117/><D117/><U115/><E110/><V131/><F131/><W88/><G130/><T128/><D111/><U52/><E115/><V121/><F121/><W129/><G129/><T37/><D128/><U126/><E7/><V78/><F38/><W66/><G43/><T103/><D37/><U19/><E105/><V71/><REACH who="2" step="1"/><F57/><REACH who="2" ten="250,250,240,250" step="2"/><W13/><G74/><T106/><D122/><U50/><E126/><V87/><F87/><W32/><G72/><T73/><D85/><U104/><E125/><V45/><F45/><W30/><G66/><T12/><D73/><U22/><E84/><V31/><F31/><W44/><G28/><T4/><D77/><U56/><E86/><V16/><F16/><W102/><G29/><T124/><D124/><U10/><E10/><V97/><F97/><W76/><G76/><T39/><D20/><U82/><E82/><V48/><F48/><W25/><G30/><T41/><D39/><U75/><E75/><V107/><F107/><W119/><G119/><T135/><D135/><N who="1" m="51787" /><E19/><V18/><F18/><N who="3" m="8487" /><G33/><T36/><D36/><U59/><E59/><V108/><F108/><W114/><G35/><T80/><D80/><U17/><E17/><V3/><F3/><W127/><G32/><T113/><D113/><U116/><E116/><V1/><F1/><W58/><G114/><T55/><D0/><U112/><E112/><V91/><F91/><N who="0" m="34826" /><D11/><U23/><E104/><V54/><F54/><W6/><G127/><T60/><D98/><U83/><E83/><RYUUKYOKU ba="0,1" sc="250,10,250,10,240,10,250,-30" hai0="4,9,12,41,42,55,60,96,103,106" hai1="21,22,23,47,50,52,56,62,67,100" hai2="14,15,26,27,61,63,64,65,70,71,78,79,101" /><INIT seed="0,1,1,1,1,54" ten="260,260,250,220" oya="0" hai0="73,133,95,22,12,29,21,124,35,112,74,65,88" hai1="45,70,50,6,43,28,39,8,123,100,5,79,90" hai2="7,134,48,83,16,55,86,69,106,130,47,52,102" hai3="2,9,114,44,113,38,111,98,24,132,23,89,36"/><T42/><D112/><U58/><E123/><V64/><F130/><W127/><G111/><T75/><D124/><U93/><E70/><V107/><F134/><W121/><G132/><T104/><D133/><U99/><E79/><V19/><F7/><W85/><G127/><T11/><D104/><U116/><E116/><V128/><F128/><W76/><G121/><T27/><D42/><U3/><E28/><V122/><F122/><W101/><G76/><T56/><D65/><U30/><E30/><V26/><F102/><W46/><G2/><T33/><D56/><U120/><E120/><V87/><F87/><W0/><G0/><T15/><D22/><U1/><E58/><V108/><F55/><W57/><G9/><T66/><D66/><U94/><E39/><V118/><F108/><W40/><G57/><T119/><D119/><U131/><E131/><V103/><F26/><W71/><G71/><T135/><D135/><U82/><E82/><V105/><F103/><W34/><G34/><T60/><D60/><U4/><REACH who="1" step="1"/><E1/><REACH who="1" ten="260,250,250,220" step="2"/><V125/><F118/><W80/><G38/><T51/><D51/><U97/><AGARI ba="1,2" hai="3,4,5,6,8,43,45,50,90,93,94,97,99,100" machi="97" ten="20,5200,0" yaku="1,1,2,1,0,1,7,1,53,0" doraHai="54" doraHaiUra="81" who="1" fromWho="1" sc="260,-27,250,75,250,-14,220,-14" /><INIT seed="1,0,0,5,4,28" ten="233,325,236,206" oya="1" hai0="15,63,34,85,122,88,38,90,93,117,62,30,24" hai1="119,6,77,52,118,120,17,116,128,109,19,106,37" hai2="0,81,125,14,97,22,133,20,84,74,46,110,60" hai3="27,95,98,108,101,32,33,78,82,135,13,99,56"/><U104/><E37/><V4/><F110/><W127/><G108/><T66/><D117/><U111/><E120/><V114/><F125/><W80/><G127/><T53/><D122/><U18/><E77/><V40/><F133/><W94/><G135/><T2/><D2/><U10/><E128/><V64/><F74/><W49/><G13/><T124/><D124/><U3/><E106/><V73/><F73/><W130/><G130/><T86/><D38/><U102/><E102/><V123/><F97/><W112/><G112/><T7/><D53/><U91/><E104/><V1/><F114/><W113/><G113/><T134/><D134/><U76/><E91/><V31/><F31/><W59/><G27/><T121/><D121/><U48/><REACH who="1" step="1"/><E76/><REACH who="1" ten="233,315,236,206" step="2"/><V11/><F123/><W65/><G78/><T100/><D100/><U54/><E54/><V23/><F40/><W107/><G107/><T67/><D66/><U41/><E41/><V58/><F64/><W5/><G65/><T96/><D67/><U44/><AGARI ba="0,1" hai="3,6,10,17,18,19,44,48,52,109,111,116,118,119" machi="44" ten="40,7800,0" yaku="1,1,0,1,54,1,53,0" doraHai="28" doraHaiUra="8" who="1" fromWho="1" sc="233,-26,315,88,236,-26,206,-26" /><INIT seed="1,1,0,4,2,83" ten="207,403,210,180" oya="1" hai0="37,92,38,3,113,62,118,134,94,0,11,27,133" hai1="20,12,98,65,59,104,66,9,13,132,49,23,53" hai2="120,81,72,55,54,5,30,129,105,34,99,33,97" hai3="7,87,10,29,75,50,61,52,89,122,86,100,106"/><U43/><E132/><N who="0" m="50793" /><D113/><U109/><E109/><V91/><F120/><W2/><G122/><T60/><D27/><U121/><E121/><V58/><F129/><W63/><G75/><T108/><D11/><U18/><E43/><V110/><F110/><W25/><G100/><T85/><D108/><U101/><REACH who="1" step="1"/><E23/><REACH who="1" ten="207,393,210,180" step="2"/><V6/><F34/><W28/><G106/><T82/><D118/><U117/><E117/><V44/><F33/><W127/><G127/><T130/><D130/><U64/><E64/><V4/><F105/><W21/><G28/><T19/><D38/><U47/><E47/><V67/><F30/><W111/><G111/><T74/><D37/><U57/><E57/><V119/><F44/><W135/><G135/><T95/><D19/><AGARI ba="1,1" hai="9,12,13,18,19,20,49,53,59,65,66,98,101,104" machi="19" ten="30,2900,0" yaku="1,1,7,1,53,0" doraHai="83" doraHaiUra="125" who="1" fromWho="0" sc="207,-32,393,42,210,0,180,0" /><INIT seed="1,2,0,5,0,114" ten="175,435,210,180" oya="1" hai0="61,117,7,64,71,0,72,28,73,24,70,41,130" hai1="62,11,54,126,97,134,84,77,112,74,121,103,119" hai2="34,6,89,9,14,4,29,109,135,123,133,58,75" hai3="101,82,111,8,68,19,108,42,43,60,38,47,32"/><U81/><E54/><V30/><F75/><W57/><G32/><N who="0" m="20487" /><D130/><U125/><E11/><N who="2" m="4455" /><F123/><W127/><G127/><T116/><D41/><U65/><E62/><V124/><F34/><W107/><G68/><T132/><D71/><U1/><E65/><V36/><F36/><W66/><G43/><T95/><D95/><U105/><E1/><V33/><F33/><W86/><G101/><T79/><D132/><N who="2" m="50762" /><F124/><N who="1" m="47721" /><E112/><V23/><F109/><N who="3" m="42059" /><G107/><T98/><D98/><U17/><E134/><V35/><F35/><W53/><G66/><T78/><D78/><U131/><E121/><V99/><F58/><W27/><G38/><T113/><D113/><U37/><E37/><V129/><F129/><W104/><G57/><T39/><D39/><U31/><E131/><V2/><F23/><W83/><G47/><T44/><D44/><U88/><E31/><N who="2" m="11787" /><F89/><W56/><G56/><T49/><D49/><U96/><E96/><AGARI ba="2,0" hai="2,6,9,96,99" m="11787,50762,4455" machi="96" ten="30,1000,0" yaku="20,1" doraHai="114" who="2" fromWho="1" sc="175,0,435,-16,210,16,180,0" /><INIT seed="2,0,0,0,3,34" ten="175,419,226,180" oya="2" hai0="20,103,17,92,65,57,27,134,46,58,49,51,26" hai1="70,61,4,12,41,81,80,56,71,23,9,67,88" hai2="43,14,3,7,76,60,132,68,119,10,13,18,74" hai3="22,84,125,35,124,95,135,131,111,39,33,113,52"/><V83/><F119/><W127/><G111/><T98/><D134/><U77/><E41/><V73/><F132/><W21/><G135/><T29/><D65/><U106/><E106/><V0/><F74/><W115/><G39/><T90/><D103/><U123/><E123/><V36/><F68/><W44/><G131/><T116/><D116/><U105/><E105/><V87/><F60/><W128/><G128/><T11/><D51/><U101/><E101/><V89/><F43/><W40/><G40/><T32/><REACH who="0" step="1"/><D11/><REACH who="0" ten="165,419,226,180" step="2"/><U37/><E9/><V59/><F36/><W24/><G115/><T63/><D63/><U93/><E37/><V66/><F66/><W91/><G113/><T133/><D133/><U117/><E61/><V100/><F100/><W2/><G125/><T82/><D82/><U107/><E81/><V16/><F83/><W28/><G124/><T45/><D45/><U102/><E80/><V54/><F10/><W38/><G127/><T64/><D64/><U114/><E67/><V48/><F48/><W53/><G38/><T121/><D121/><U5/><E102/><V130/><F130/><W86/><G44/><T85/><D85/><U112/><E117/><V55/><F87/><W6/><G86/><T42/><AGARI ba="0,1" hai="17,20,26,27,29,32,42,46,49,57,58,90,92,98" machi="42" ten="20,2700,0" yaku="1,1,0,1,7,1,53,0" doraHai="34" doraHaiUra="96" who="0" fromWho="0" sc="165,37,419,-7,226,-13,180,-7" /><INIT seed="3,0,0,2,4,126" ten="202,412,213,173" oya="3" hai0="89,24,30,73,48,99,65,43,105,13,129,0,35" hai1="19,57,2,45,135,14,75,21,117,93,127,49,97" hai2="32,16,80,15,11,87,79,101,55,29,66,76,61" hai3="50,69,42,119,120,53,122,88,9,37,71,121,94"/><W22/><G119/><T116/><D116/><U8/><E127/><V36/><F36/><W20/><G42/><T85/><D0/><U133/><E75/><V62/><F101/><W60/><G37/><T91/><D73/><U44/><E57/><N who="2" m="37199" /><F32/><W82/><G82/><T106/><D129/><U111/><E111/><V27/><F29/><W107/><G107/><T113/><D113/><U84/><E49/><V110/><F110/><W130/><G9/><T67/><D13/><N who="1" m="9455" /><E84/><V104/><F104/><W125/><G125/><T100/><D105/><U33/><E33/><V5/><F27/><W41/><G130/><T25/><D25/><U81/><E81/><V12/><F55/><W86/><G41/><T77/><D91/><U92/><E93/><V18/><F61/><W108/><G108/><T39/><D77/><N who="2" m="29770" /><F12/><W124/><G124/><T115/><D115/><U134/><E2/><V56/><F56/><W1/><G1/><T132/><D132/><U123/><E117/><V59/><F59/><W98/><G86/><T51/><D39/><U118/><E118/><V112/><F112/><W74/><G74/><T114/><D114/><U3/><E3/><V72/><F72/><W52/><G69/><T128/><D128/><U68/><E68/><V95/><F95/><W40/><G40/><T17/><D17/><N who="1" m="8391" /><E123/><V83/><F83/><W63/><G63/><T70/><D43/><U28/><E28/><V96/><F96/><W6/><G6/><T47/><D70/><U31/><E31/><V34/><F34/><W90/><G90/><AGARI ba="0,0" hai="44,45,90,92,97,133,134,135" m="8391,9455" machi="90" ten="30,1000,0" yaku="20,1" doraHai="126" who="1" fromWho="3" sc="202,0,412,10,213,0,173,-10" /><AGARI ba="0,0" hai="5,11,15,16,18,80,87,90" m="29770,37199" machi="90" ten="30,2000,0" yaku="8,1,54,1" doraHai="126" who="2" fromWho="3" sc="202,0,422,0,213,20,163,-20" owari="202,-19.8,422,52.2,233,3.3,143,-35.7" /></mjloggm>