<mjloggm ver="2.3"><GO type="225" lobby="0"/><UN n0="%E3%81%86%E3%83%BC%E3%81%B1%E3%83%BC" n1="%72%61%6B%33" n2="%6D%75%75%6D%75%72%61" n3="%E9%A2%A8%E3%81%A7%E9%B3%B4%E3%81%8F" dan="16,18,16,16" rate="2125.23,2254.36,2133.01,2165.76" sx="M,M,F,M"/><TAIKYOKU oya="0"/><INIT seed="0,0,0,4,1,28" ten="250,250,250,250" oya="0" hai0="6,67,74,127,14,102,15,100,89,91,80,95,37" hai1="98,32,13,117,72,66,81,18,51,109,31,33,122" hai2="54,64,3,4,121,133,41,108,101,97,50,65,48" hai3="99,34,69,90,126,58,120,70,39,57,21,88,9"/><T5/><D127/><U78/><E117/><V71/><F121/><W92/><G39/><T131/><D131/><U36/><E122/><V82/><F108/><W116/><G116/><T106/><D37/><U76/><E36/><V20/><F133/><W75/><G75/><T73/><D95/><U114/><E109/><V26/><F71/><W0/><G120/><T35/><D80/><U29/><E114/><V24/><F82/><W46/><G34/><T38/><D38/><U77/><E66/><V44/><F3/><W115/><G115/><T132/><D67/><U112/><E112/><V129/><F4/><W68/><G46/><T124/><D124/><U111/><E111/><V11/><F11/><W25/><G126/><T55/><D132/><U123/><E123/><V27/><F20/><W84/><G9/><T53/><REACH who="0" step="1"/><D106/><REACH who="0" ten="240,250,250,250" step="2"/><U60/><E81/><V22/><F129/><W63/><G0/><T107/><D107/><U17/><E72/><V45/><REACH who="2" step="1"/><F22/><REACH who="2" ten="240,250,240,250" step="2"/><W19/><REACH who="3" step="1"/><G63/><REACH who="3" ten="240,250,240,240" step="2"/><T103/><D103/><U2/><E60/><V96/><F96/><W86/><G86/><T130/><D130/><U104/><E2/><V43/><F43/><W59/><G59/><T10/><D10/><U118/><E98/><V30/><F30/><W79/><G79/><T119/><D119/><U134/><E77/><V94/><AGARI ba="0,3" hai="24,26,27,41,44,45,48,50,54,64,65,94,97,101" machi="94" ten="30,8000,1" yaku="1,1,0,1,8,1,53,2" doraHai="28" doraHaiUra="61" who="2" fromWho="2" sc="240,-40,250,-20,240,110,240,-20" /><INIT seed="1,0,0,0,3,70" ten="200,230,350,220" oya="1" hai0="117,47,27,41,116,90,135,57,118,35,65,34,98" hai1="5,23,96,33,101,11,6,30,63,69,67,68,84" hai2="45,31,115,103,10,60,43,71,107,8,131,48,13" hai3="87,111,64,122,72,16,104,105,44,28,50,24,46"/><U62/><E84/><V108/><F108/><W114/><G72/><T32/><D27/><U92/><E33/><V83/><F131/><W125/><G114/><T80/><D135/><U22/><E5/><V7/><F115/><W109/><G122/><T1/><D1/><U82/><E82/><V14/><F31/><W81/><G64/><T97/><D65/><U93/><E93/><V17/><F83/><W74/><G74/><T110/><D57/><U51/><E51/><V99/><F71/><W61/><G61/><T78/><D90/><U49/><E49/><V40/><REACH who="2" step="1"/><F60/><REACH who="2" ten="200,230,340,220" step="2"/><W130/><G28/><T52/><D110/><U94/><E30/><V19/><F19/><W12/><G130/><T2/><D2/><U37/><E68/><V38/><F38/><W66/><G16/><T26/><D26/><U15/><E37/><V9/><F9/><W132/><G24/><T55/><D80/><U120/><E63/><V123/><F123/><W133/><G81/><T39/><REACH who="0" step="1"/><D78/><REACH who="0" ten="190,230,340,220" step="2"/><U124/><E120/><V42/><AGARI ba="0,2" hai="7,8,10,13,14,17,40,42,43,45,48,99,103,107" machi="42" ten="20,2700,0" yaku="1,1,0,1,7,1,53,0" doraHai="70" doraHaiUra="89" who="2" fromWho="2" sc="190,-7,230,-13,340,47,220,-7" /><INIT seed="2,0,0,3,3,79" ten="183,217,387,213" oya="2" hai0="80,117,7,123,72,39,59,118,44,64,48,95,33" hai1="102,18,50,28,77,40,126,62,17,87,20,122,32" hai2="99,16,42,134,69,130,106,101,113,105,92,82,37" hai3="24,116,70,67,21,47,68,124,74,103,112,43,84"/><V56/><F113/><W76/><G74/><T107/><D33/><U65/><E126/><V8/><F69/><W0/><G0/><T94/><D107/><U119/><E32/><V132/><F130/><W133/><G116/><N who="0" m="44651" /><D7/><U38/><E38/><V45/><F56/><W78/><G124/><T22/><D22/><U31/><E102/><V6/><F82/><W51/><G112/><T109/><D109/><U14/><E122/><V93/><F16/><W35/><G35/><T34/><D34/><U135/><E135/><N who="2" m="51755" /><F105/><W46/><G133/><T114/><D123/><U110/><E17/><V129/><F129/><W90/><G103/><T19/><D19/><U9/><E18/><V61/><F61/><W83/><G70/><T125/><D125/><U81/><E62/><V23/><F23/><W127/><G127/><T12/><D114/><U91/><E20/><V55/><F55/><W30/><G68/><T11/><D59/><U10/><E119/><V96/><F96/><W58/><G47/><T104/><D104/><U89/><E28/><V41/><F41/><W98/><G98/><T63/><D63/><AGARI ba="0,0" hai="21,24,30,43,46,51,58,63,67,76,78,83,84,90" machi="63" ten="40,2600,0" yaku="8,1,52,1" doraHai="79" who="3" fromWho="0" sc="183,-26,217,0,387,0,213,26" /><INIT seed="3,0,0,5,2,70" ten="157,217,387,239" oya="3" hai0="37,128,24,110,69,33,103,87,97,119,81,125,135" hai1="134,108,42,76,77,56,68,83,105,111,78,109,66" hai2="43,64,107,88,98,127,41,75,122,11,36,117,38" hai3="0,16,80,65,51,46,20,30,72,74,53,8,102"/><W95/><G65/><T55/><D119/><U44/><E105/><V40/><F117/><W13/><G80/><T10/><D110/><U121/><E121/><V126/><F75/><W39/><G39/><T118/><D118/><U35/><E35/><V29/><F122/><W67/><G67/><T34/><D135/><U14/><E14/><V9/><F64/><W104/><G104/><T4/><D69/><U5/><E5/><V57/><F57/><W79/><G79/><T116/><D116/><U58/><E83/><V132/><F29/><W7/><G102/><T90/><D125/><N who="2" m="47626" /><F132/><W133/><G133/><T52/><D128/><U59/><E134/><V82/><F82/><W21/><G95/><T60/><D37/><N who="2" m="14442" /><F88/><W100/><G100/><AGARI ba="0,0" hai="9,11,40,41,43,98,100,107" m="14442,47626" machi="100" ten="40,8000,1" yaku="18,1,52,3" doraHai="70" who="2" fromWho="3" sc="157,0,217,0,387,80,239,-80" owari="157,-34.3,217,1.7,467,56.7,159,-24.1" /></mjloggm>