<mjloggm ver="2.3"><GO type="225" lobby="0"/><UN n0="%72%69%6F%75%63%68%61%6E" n1="%6D%75%75%6D%75%72%61" n2="%E3%81%86%E3%81%83%E3%82%93%E3%81%A7%E3%81%83" n3="%E5%B0%8F%E9%B3%A5%E9%81%8A%E7%B7%B4%E7%84%A1%32%31%E6%AD%B3" dan="17,16,16,16" rate="2165.49,2120.77,2171.82,2180.88" sx="M,F,M,F"/><TAIKYOKU oya="0"/><INIT seed="0,0,0,3,0,103" ten="250,250,250,250" oya="0" hai0="78,64,34,88,49,118,36,48,45,6,39,2,5" hai1="17,55,4,18,116,69,14,57,19,97,134,10,53" hai2="102,123,8,65,124,25,0,98,60,91,40,109,95" hai3="128,59,43,7,115,90,42,74,38,52,13,32,35"/><T130/><D118/><U44/><E69/><V119/><F123/><W58/><G74/><T20/><D130/><U21/><E134/><V51/><F109/><W89/><G115/><T133/><D133/><U113/><E113/><V110/><F110/><W29/><G7/><T11/><D34/><U83/><E116/><V125/><F119/><W120/><G13/><T73/><D5/><U94/><E83/><V107/><F0/><W15/><G15/><T80/><D64/><U23/><E44/><V54/><F8/><W131/><G29/><T101/><D101/><U28/><E28/><V67/><F25/><W112/><G112/><T50/><D45/><U99/><E55/><V104/><F40/><W77/><G77/><T129/><D129/><U56/><E56/><N who="2" m="32863" /><F102/><W82/><G82/><T9/><D11/><U85/><E85/><V31/><F31/><W84/><G84/><T106/><D106/><N who="2" m="40490" /><F60/><W22/><G38/><T81/><REACH who="0" step="1"/><D20/><REACH who="0" ten="240,250,250,250" step="2"/><N who="1" m="7755" /><E94/><V105/><F105/><W79/><G22/><T108/><D108/><U47/><E47/><V71/><F71/><W111/><G111/><T86/><AGARI ba="0,1" hai="2,6,9,36,39,48,49,50,73,78,80,81,86,88" machi="86" ten="30,6000,0" yaku="1,1,0,1,54,1,53,0" doraHai="103" doraHaiUra="121" who="0" fromWho="0" sc="240,70,250,-20,250,-20,250,-20" /><INIT seed="0,1,0,4,2,36" ten="310,230,230,230" oya="0" hai0="93,43,129,83,92,88,75,29,10,44,133,117,24" hai1="74,122,38,31,69,77,67,14,109,57,18,40,112" hai2="113,45,61,7,80,103,96,97,49,30,98,126,135" hai3="84,27,106,53,16,124,46,63,13,90,95,34,119"/><T116/><D129/><U1/><E122/><V72/><F126/><W62/><G106/><T11/><D133/><U100/><E1/><V125/><F125/><W76/><G119/><T2/><D93/><U70/><E109/><V85/><F72/><W81/><G124/><T118/><D2/><U12/><E100/><V42/><F135/><W131/><G131/><T37/><D83/><U6/><E31/><V107/><F7/><W22/><G34/><T99/><REACH who="0" step="1"/><D75/><REACH who="0" ten="300,230,230,230" step="2"/><U82/><E74/><V4/><F107/><W89/><G81/><T78/><D78/><U111/><E77/><V128/><F128/><W15/><G76/><T41/><D41/><U32/><E40/><V66/><F80/><W48/><G90/><T120/><D120/><U28/><E82/><V91/><F91/><W47/><G89/><T56/><D56/><U115/><E57/><V101/><F101/><W132/><G95/><T73/><D73/><U25/><E69/><V59/><F103/><W102/><G102/><T21/><AGARI ba="1,1" hai="10,11,21,24,29,37,43,44,88,92,99,116,117,118" machi="21" ten="30,11700,0" yaku="1,1,0,1,52,1,54,1,53,0" doraHai="36" doraHaiUra="54" who="0" fromWho="0" sc="300,130,230,-40,230,-40,230,-40" /><INIT seed="0,2,0,3,3,121" ten="430,190,190,190" oya="0" hai0="32,43,135,27,41,117,7,109,1,71,48,105,61" hai1="108,70,112,58,53,127,73,81,72,95,44,104,67" hai2="62,119,54,86,45,99,26,29,64,101,25,35,9" hai3="84,82,30,66,97,28,83,131,120,134,125,93,52"/><T55/><D109/><U31/><E104/><V110/><F110/><W42/><G120/><T18/><D135/><U111/><E44/><V63/><F119/><W49/><G131/><T122/><D117/><U130/><E130/><V59/><F86/><W68/><G42/><T20/><D122/><U116/><E116/><V128/><F128/><W103/><G125/><T6/><D105/><U98/><E127/><V51/><F25/><W96/><G134/><T8/><D6/><U89/><E112/><V60/><REACH who="2" step="1"/><F9/><REACH who="2" ten="430,190,180,190" step="2"/><W133/><G133/><T100/><D27/><U113/><E113/><V74/><F74/><W22/><G84/><T94/><D8/><U40/><E72/><V17/><F17/><W34/><G30/><T13/><D18/><U102/><E31/><V77/><F77/><W118/><G28/><T88/><D7/><U57/><E73/><V56/><F56/><W114/><G118/><T4/><D4/><U107/><E58/><V36/><F36/><W80/><G114/><T85/><D85/><N who="1" m="50351" /><E111/><V50/><F50/><W132/><G132/><T79/><D48/><U16/><E108/><V91/><F91/><W5/><G49/><T23/><D88/><U21/><E16/><V37/><F37/><W124/><G124/><T92/><D71/><U10/><E70/><V46/><F46/><W123/><G68/><T14/><D100/><U19/><E10/><V106/><AGARI ba="2,1" hai="26,29,35,45,51,54,59,60,62,63,64,99,101,106" machi="106" ten="20,2700,0" yaku="1,1,0,1,7,1,53,0" doraHai="121" doraHaiUra="115" who="2" fromWho="2" sc="430,-15,190,-9,180,43,190,-9" /><INIT seed="1,0,0,1,2,7" ten="415,181,223,181" oya="1" hai0="122,95,90,65,51,6,26,5,96,52,38,84,94" hai1="97,0,55,134,101,80,33,66,79,43,92,41,121" hai2="12,28,78,75,29,132,135,16,20,126,44,30,112" hai3="99,87,9,35,106,119,88,68,91,131,123,100,37"/><U128/><E121/><V48/><F126/><W56/><G123/><T82/><D122/><U36/><E36/><V14/><F78/><W124/><G68/><T45/><D38/><U73/><E33/><V62/><F75/><W113/><G113/><T11/><D65/><U85/><E128/><V110/><F62/><W53/><G131/><T19/><D95/><U17/><E134/><N who="2" m="51243" /><F112/><W104/><G35/><T34/><D34/><U39/><E39/><V8/><F48/><W46/><G124/><T4/><D26/><U115/><E115/><V125/><F44/><W13/><G106/><T63/><D63/><U23/><E66/><V116/><F125/><W31/><G31/><T102/><REACH who="0" step="1"/><D19/><REACH who="0" ten="405,181,223,181" step="2"/><U24/><E17/><N who="2" m="10279" /><F110/><W47/><G37/><T21/><D21/><U120/><E120/><V64/><F64/><W15/><G119/><AGARI ba="0,1" hai="8,14,16,28,29,30,116,119" m="10279,51243" machi="119" ten="30,8000,1" yaku="20,1,34,2,52,1,54,1" doraHai="7" who="2" fromWho="3" sc="405,0,181,0,223,90,181,-80" /><INIT seed="2,0,0,3,0,52" ten="405,181,313,101" oya="2" hai0="100,128,26,53,69,96,55,71,120,92,86,115,44" hai1="90,47,70,135,104,64,77,58,106,25,79,9,108" hai2="88,40,54,23,80,6,49,59,76,2,42,102,18" hai3="73,63,48,91,29,38,60,129,131,66,112,130,121"/><V3/><F102/><W98/><G73/><T45/><D115/><U94/><E70/><V117/><F117/><W32/><G38/><T56/><D120/><U119/><E119/><V8/><F3/><W133/><G121/><T81/><D128/><U7/><E108/><V99/><F99/><W35/><G112/><T95/><D95/><U4/><E135/><V61/><F61/><W10/><G10/><T15/><D26/><U57/><E64/><V72/><REACH who="2" step="1"/><F88/><REACH who="2" ten="405,181,303,101" step="2"/><W5/><G91/><T14/><D71/><U124/><E90/><V1/><F1/><W113/><G63/><N who="0" m="36239" /><D69/><U62/><E62/><V46/><F46/><N who="0" m="18026" /><D55/><U65/><E47/><V31/><F31/><W132/><G29/><T20/><D20/><U34/><E65/><V111/><F111/><W134/><G98/><T107/><D107/><U122/><E106/><V84/><F84/><W22/><G113/><T97/><D96/><U75/><E104/><V116/><F116/><W19/><G22/><T50/><D50/><U43/><E122/><V28/><F28/><W123/><G48/><T12/><D86/><U11/><E75/><V27/><AGARI ba="0,1" hai="2,6,8,18,23,27,40,42,49,54,59,72,76,80" machi="27" ten="20,12000,1" yaku="1,1,0,1,7,1,52,1,53,1" doraHai="52" doraHaiUra="13" who="2" fromWho="2" sc="405,-40,181,-40,303,130,101,-40" /><INIT seed="2,1,0,4,0,15" ten="365,141,433,61" oya="2" hai0="9,97,109,125,7,90,44,56,83,12,130,104,87" hai1="60,29,114,86,49,51,47,21,128,0,71,95,134" hai2="42,8,99,61,117,24,79,16,27,112,26,55,35" hai3="48,75,66,33,68,108,120,121,62,115,23,98,53"/><V28/><F112/><W103/><G108/><T30/><D109/><U123/><E0/><V10/><F117/><W46/><G75/><T80/><D130/><U106/><E106/><V41/><F79/><W102/><G102/><T118/><D125/><U135/><E114/><V34/><F99/><W107/><G115/><T14/><D118/><U91/><E128/><V54/><F28/><W59/><G23/><T50/><D30/><U1/><E1/><V36/><F61/><W25/><REACH who="3" step="1"/><G46/><REACH who="3" ten="365,141,433,51" step="2"/><T64/><D44/><U77/><E47/><V85/><F35/><W126/><G126/><T100/><D14/><U69/><E21/><V65/><F34/><W67/><G67/><T131/><D131/><U133/><E133/><V84/><F65/><W78/><G78/><T39/><D39/><U52/><E135/><V37/><F27/><W38/><G38/><T40/><D40/><U58/><E134/><V63/><F37/><W94/><G94/><T13/><D13/><U72/><E77/><V22/><F36/><W82/><G82/><N who="0" m="49527" /><D64/><U105/><E72/><V18/><F22/><W31/><AGARI ba="1,1" hai="25,31,33,48,53,59,62,66,68,98,103,107,120,121" machi="31" ten="30,7900,0" yaku="1,1,0,1,25,2,53,0" doraHai="15" doraHaiUra="17" who="3" fromWho="3" sc="365,-21,141,-21,433,-40,51,92" /><INIT seed="3,0,0,1,5,60" ten="344,120,393,143" oya="3" hai0="33,18,15,66,70,120,110,123,10,75,52,127,135" hai1="122,44,104,112,68,17,8,83,57,2,0,133,39" hai2="42,90,27,105,35,102,97,119,80,63,82,65,126" hai3="86,56,59,79,43,37,54,55,118,24,50,98,25"/><W30/><G118/><T7/><D75/><U74/><E112/><V78/><F126/><W116/><G116/><T5/><D127/><U53/><E0/><V61/><F119/><W94/><G37/><T49/><D33/><U99/><E122/><V41/><F61/><W16/><G43/><T34/><D34/><U89/><E57/><V51/><F90/><W107/><G107/><T64/><D70/><U81/><E133/><V96/><F96/><W6/><G6/><N who="0" m="2059" /><D123/><U117/><E117/><V92/><F92/><W111/><G111/><T91/><D120/><U4/><E17/><V45/><F78/><W84/><G79/><T26/><D135/><U121/><E121/><V3/><F42/><W11/><G30/><T109/><D26/><U47/><E53/><V132/><F3/><W38/><G38/><T76/><D76/><N who="1" m="44183" /><E44/><V9/><F9/><W71/><G71/><T14/><D14/><U46/><E46/><V28/><F132/><W40/><G40/><T19/><D19/><U58/><E68/><AGARI ba="0,0" hai="27,28,35,41,45,51,63,65,68,80,82,97,102,105" machi="68" ten="30,7700,0" yaku="7,1,25,2,52,1" doraHai="60" who="2" fromWho="1" sc="344,0,120,-77,393,77,143,0" owari="344,14.4,43,-45.7,470,57.0,143,-25.7" /></mjloggm>