<mjloggm ver="2.3"><GO type="225" lobby="0"/><UN n0="%E3%81%B5%E3%81%98%E3%81%8B%E3%81%A4" n1="%E7%B4%94%E6%BD%94%E3%83%94%E3%83%A9%E3%83%8B%E3%82%A2" n2="%E6%A1%9C%E8%8A%B1%E9%96%83%E3%80%85" n3="%E5%B0%8F%E9%B3%A5%E9%81%8A%E7%B7%B4%E7%84%A1%32%31%E6%AD%B3" dan="16,16,16,16" rate="2163.61,2106.65,2114.20,2177.60" sx="M,M,M,F"/><TAIKYOKU oya="0"/><INIT seed="0,0,0,5,0,43" ten="250,250,250,250" oya="0" hai0="84,97,130,6,75,114,21,135,24,31,62,87,11" hai1="23,15,2,25,90,83,120,0,98,36,54,19,95" hai2="7,113,60,105,3,99,10,22,9,46,64,85,112" hai3="16,119,66,102,12,51,92,39,44,101,121,104,89"/><T132/><D114/><U28/><E120/><V80/><F22/><W91/><G39/><T133/><D130/><U82/><E36/><V69/><F10/><W63/><G104/><T100/><D75/><U41/><E41/><V65/><F65/><W38/><G38/><T115/><D62/><U128/><E128/><V4/><F4/><W86/><G89/><T127/><D127/><U55/><E0/><V94/><F105/><W47/><G119/><T27/><D27/><U29/><E2/><V42/><F94/><W32/><G32/><T40/><D40/><U125/><E125/><V111/><F111/><W123/><G123/><T103/><D115/><U122/><E122/><V14/><F99/><W1/><G1/><T81/><D97/><U70/><E70/><V79/><F3/><W18/><G121/><T58/><D58/><U37/><E37/><AGARI ba="0,0" hai="7,9,14,37,42,46,60,64,69,79,80,85,112,113" machi="37" ten="30,2000,0" yaku="7,1,52,1" doraHai="43" who="2" fromWho="1" sc="250,0,250,-20,250,20,250,0" /><INIT seed="1,0,0,4,1,24" ten="250,230,270,250" oya="1" hai0="42,18,92,71,97,65,22,74,124,44,100,21,105" hai1="5,3,101,52,35,131,90,75,55,58,77,129,88" hai2="83,40,116,16,122,103,91,81,25,59,67,38,61" hai3="82,108,93,87,11,72,2,37,133,95,15,27,79"/><U115/><E115/><V62/><F116/><W19/><G108/><T43/><D124/><U4/><E101/><V123/><F103/><W78/><G133/><T70/><D74/><U126/><E126/><V60/><F38/><W17/><G37/><T69/><D43/><U50/><E35/><V64/><F40/><W29/><G19/><T39/><D65/><U23/><E77/><V10/><F62/><W120/><G120/><T76/><D76/><U30/><E75/><V57/><F91/><N who="1" m="34857" /><E3/><V28/><F10/><W33/><REACH who="3" step="1"/><G2/><REACH who="3" ten="250,230,270,240" step="2"/><T96/><REACH who="0" step="1"/><D18/><REACH who="0" ten="240,230,270,240" step="2"/><U54/><E131/><V127/><F16/><W41/><G41/><T73/><D73/><U1/><E129/><V51/><F127/><W7/><G7/><N who="1" m="2634" /><E1/><V104/><F122/><W121/><G121/><T47/><D47/><U128/><E128/><V86/><F123/><W0/><G0/><T94/><D94/><U102/><E102/><AGARI ba="0,2" hai="21,22,39,42,44,69,70,71,92,96,97,100,102,105" machi="102" ten="40,1300,0" yaku="1,1,53,0" doraHai="24" doraHaiUra="84" who="0" fromWho="1" sc="240,33,230,-13,270,0,240,0" /><INIT seed="2,0,0,1,1,30" ten="273,217,270,240" oya="2" hai0="18,92,51,46,131,57,111,25,24,17,74,2,7" hai1="23,41,100,109,99,22,80,78,115,28,54,96,69" hai2="81,82,36,88,68,117,130,94,10,134,52,107,64" hai3="104,43,48,103,124,27,114,122,125,34,32,49,87"/><V77/><F117/><W90/><G122/><T21/><D74/><U53/><E115/><V112/><F112/><W126/><G114/><T71/><D71/><U12/><E69/><V42/><F107/><W83/><G27/><T98/><D111/><U11/><E109/><V56/><F134/><W129/><G129/><T85/><D131/><U128/><E128/><V73/><F82/><W61/><G61/><T16/><D2/><U118/><E41/><V70/><F64/><W8/><G8/><T108/><D7/><U91/><E91/><V66/><F66/><W65/><G65/><T31/><D108/><U50/><E96/><V75/><F75/><W3/><G3/><T9/><D9/><U38/><E38/><V135/><F10/><W33/><G43/><T76/><D57/><U59/><E54/><V97/><F135/><W119/><G119/><T120/><D120/><U6/><E28/><V113/><F113/><W14/><G14/><T84/><D76/><U37/><E37/><V58/><F58/><W15/><G15/><T40/><REACH who="0" step="1"/><D24/><REACH who="0" ten="263,217,270,240" step="2"/><U86/><REACH who="1" step="1"/><E118/><REACH who="1" ten="263,207,270,240" step="2"/><V5/><F130/><W45/><G45/><T105/><D105/><AGARI ba="0,2" hai="6,11,12,22,23,50,53,59,78,80,86,99,100,105" machi="105" ten="30,3900,0" yaku="1,1,2,1,7,1,53,0" doraHai="30" doraHaiUra="106" who="1" fromWho="0" sc="263,-39,207,59,270,0,240,0" /><INIT seed="3,0,0,2,3,34" ten="224,266,270,240" oya="3" hai0="71,10,88,14,19,18,101,62,121,129,26,123,11" hai1="67,93,74,53,61,115,3,118,40,37,76,127,28" hai2="133,58,132,94,72,130,120,30,134,109,69,38,117" hai3="57,104,24,124,21,54,90,43,135,1,42,102,92"/><W97/><G135/><T103/><D71/><U70/><E115/><V59/><F72/><W33/><G33/><T87/><D129/><U23/><E118/><V78/><F78/><W100/><G124/><T31/><D121/><U80/><E127/><V41/><F117/><W6/><G6/><T15/><D62/><U17/><E28/><V8/><F109/><W46/><G1/><T22/><D123/><U114/><E114/><V47/><F120/><W83/><G83/><AGARI ba="0,0" hai="10,11,14,15,18,19,22,26,31,83,87,88,101,103" machi="83" ten="30,7700,0" yaku="7,1,9,1,8,1,54,1" doraHai="34" who="0" fromWho="3" sc="224,77,266,0,270,0,240,-77" owari="301,40.1,266,-13.4,270,7.0,163,-33.7" /></mjloggm>