<mjloggm ver="2.3"><GO type="225" lobby="0"/><UN n0="%E9%B3%B3%E6%9D%B1%E3%81%AE%E3%81%86%E3%81%95%E3%81%8E%E3%81%95%E3%82%93" n1="%E3%83%B4%E3%82%A3%E3%83%AF%E3%82%B3%E3%82%B0%E3%83%8B" n2="%E8%81%B7%E6%A5%AD%E3%80%81%E9%A2%A8%32" n3="%E6%B8%A9%E2%98%85%E6%83%85%E2%98%85%E6%8E%AA%E2%98%85%E7%BD%AE" dan="17,16,16,16" rate="2264.19,2119.35,2170.67,2129.13" sx="M,M,M,M"/><TAIKYOKU oya="0"/><INIT seed="0,0,0,2,0,88" ten="250,250,250,250" oya="0" hai0="109,47,0,12,29,36,60,121,69,101,42,95,18" hai1="8,134,28,59,50,98,55,1,91,75,117,105,106" hai2="124,25,4,115,6,23,22,89,76,20,133,37,63" hai3="66,71,49,125,103,9,21,129,77,132,116,19,72"/><T104/><D121/><U119/><E75/><V17/><F115/><W40/><G116/><T15/><D0/><U2/><E134/><V32/><F37/><W113/><G113/><T100/><D104/><U118/><E28/><V131/><F133/><W99/><G132/><T87/><D29/><U122/><E122/><V54/><F124/><W102/><G9/><T78/><D109/><U130/><E130/><V38/><F38/><W86/><G72/><T110/><D110/><U74/><E74/><V128/><F76/><W58/><G71/><T3/><D3/><U52/><E1/><V24/><F89/><W120/><G120/><T111/><D12/><U107/><E55/><V56/><F23/><W10/><G10/><T114/><D111/><U82/><E82/><V57/><F57/><W5/><G5/><T44/><D44/><U123/><E123/><V108/><F32/><W92/><G103/><T51/><D36/><U85/><E98/><V67/><F54/><W39/><G39/><T16/><D114/><U84/><REACH who="1" step="1"/><E91/><REACH who="1" ten="250,240,250,250" step="2"/><V45/><F108/><W34/><G129/><N who="2" m="49737" /><F45/><W7/><G7/><AGARI ba="0,1" hai="2,7,8,50,52,59,84,85,105,106,107,117,118,119" machi="7" ten="50,3200,0" yaku="1,1,54,1,53,0" doraHai="88" doraHaiUra="90" who="1" fromWho="3" sc="250,0,240,42,250,0,250,-32" /><INIT seed="1,0,0,4,4,119" ten="250,282,250,218" oya="1" hai0="20,99,69,49,19,97,71,110,48,13,3,34,24" hai1="63,102,37,47,41,9,18,70,117,4,89,100,7" hai2="104,38,50,131,44,122,87,23,73,101,55,52,116" hai3="121,85,130,126,81,133,17,2,36,66,83,108,1"/><U33/><E117/><V125/><F73/><W59/><G36/><T113/><D113/><U6/><E33/><V98/><F116/><W93/><G108/><T114/><D114/><U16/><E89/><V75/><F75/><W62/><G130/><T91/><D110/><U74/><E74/><V14/><F122/><W46/><G133/><T103/><D3/><U132/><E132/><V88/><F131/><W22/><G126/><T57/><D69/><U43/><E70/><V45/><F125/><W68/><G68/><T27/><D71/><U42/><E63/><V111/><F111/><W72/><G121/><T90/><D34/><U92/><E47/><V115/><F115/><W120/><G120/><T26/><D97/><N who="1" m="59431" /><E102/><V134/><F134/><W31/><G31/><T124/><D124/><U39/><E39/><V112/><F112/><W123/><G123/><T21/><D21/><U127/><E37/><V118/><F118/><W82/><G72/><T107/><REACH who="0" step="1"/><D49/><REACH who="0" ten="240,282,250,218" step="2"/><U64/><E127/><V76/><F38/><W135/><G135/><T105/><D105/><U54/><E9/><V15/><F23/><W30/><G1/><T35/><D35/><U84/><E84/><V58/><F104/><W11/><G2/><T53/><AGARI ba="0,1" hai="13,19,20,24,26,27,48,53,57,90,91,99,103,107" machi="53" ten="30,4000,0" yaku="1,1,0,1,53,1" doraHai="119" doraHaiUra="95" who="0" fromWho="0" sc="240,50,282,-20,250,-10,218,-10" /><INIT seed="2,0,0,2,2,57" ten="290,262,240,208" oya="2" hai0="8,104,103,130,79,111,62,45,39,96,64,77,65" hai1="28,6,42,83,0,100,118,109,110,44,31,11,117" hai2="20,94,1,32,50,72,101,46,122,116,16,56,47" hai3="121,108,55,14,131,106,68,105,38,22,124,4,123"/><V127/><F122/><W34/><G34/><T43/><D111/><N who="1" m="42507" /><E100/><V132/><F72/><W73/><G108/><T113/><D113/><U10/><E83/><V115/><F32/><W88/><G73/><T97/><D130/><U91/><E91/><V125/><F1/><W89/><G68/><T135/><D135/><U23/><E10/><V59/><F115/><W52/><G38/><T87/><D97/><U61/><E61/><V82/><F82/><W67/><G67/><T78/><D8/><U21/><E21/><V13/><F132/><W17/><G131/><T75/><D75/><U120/><E120/><V112/><F116/><N who="1" m="44649" /><E23/><V48/><F112/><W58/><G123/><T37/><D87/><U49/><AGARI ba="0,0" hai="0,6,11,28,31,42,44,49" m="44649,42507" machi="49" ten="30,1100,0" yaku="14,1" doraHai="57" who="1" fromWho="1" sc="290,-3,262,11,240,-5,208,-3" /><INIT seed="3,0,0,5,3,129" ten="287,273,235,205" oya="3" hai0="65,114,98,76,93,90,91,99,25,8,36,89,72" hai1="21,57,58,110,12,117,47,9,20,26,132,35,120" hai2="46,104,54,0,27,32,105,79,101,56,6,71,121" hai3="78,68,16,113,3,106,41,50,19,52,77,115,87"/><W74/><G106/><T17/><D36/><U111/><E120/><V31/><F71/><W75/><G68/><T70/><D114/><U123/><E123/><V15/><F121/><W97/><G3/><T1/><D70/><U81/><E35/><V23/><F79/><N who="3" m="30219" /><G75/><T37/><D65/><U55/><E81/><V134/><F101/><W38/><G38/><T43/><D25/><U109/><E117/><V29/><F46/><N who="3" m="27735" /><G74/><T4/><D17/><U107/><E107/><V10/><F31/><W42/><G115/><T5/><D5/><U88/><E88/><N who="0" m="33897" /><D93/><U103/><E103/><V124/><F124/><W7/><G113/><T83/><D91/><U100/><E100/><V86/><F86/><W125/><G125/><T44/><AGARI ba="0,0" hai="1,4,8,37,43,44,72,76,83,98,99" m="33897" machi="44" ten="30,2000,0" yaku="25,1,54,1" doraHai="129" who="0" fromWho="0" sc="287,20,273,-5,235,-5,205,-10" owari="307,40.7,268,6.8,230,-17.0,195,-30.5" /></mjloggm>