<mjloggm ver="2.3"><GO type="225" lobby="0"/><UN n0="%72%61%6B%33" n1="%E3%82%B2%E3%82%B9%E8%8C%82%E5%8B%9D" n2="%E3%81%86%E3%82%8C%E3%81%9F%E3%82%93%E6%9E%95" n3="%E3%81%86%E3%81%A9%E3%82%93%E3%81%93" dan="16,16,16,16" rate="2090.93,2060.60,2097.48,2142.77" sx="M,F,F,M"/><TAIKYOKU oya="0"/><INIT seed="0,0,0,1,3,32" ten="250,250,250,250" oya="0" hai0="132,128,51,66,113,72,18,77,105,114,43,98,89" hai1="58,40,25,96,28,102,120,15,63,74,2,7,62" hai2="88,112,64,103,100,50,123,80,41,35,94,117,16" hai3="73,78,12,133,85,31,95,6,118,47,9,46,45"/><T135/><D66/><U68/><E120/><V8/><F112/><N who="0" m="43114" /><D51/><U126/><E126/><V38/><F123/><W24/><G118/><T104/><D43/><U116/><E116/><V71/><F35/><W57/><G133/><N who="0" m="51275" /><D18/><U33/><E74/><V20/><F38/><W84/><G95/><N who="0" m="56687" /><D128/><U106/><E40/><V70/><F117/><W49/><G73/><T119/><D119/><U21/><E68/><V0/><F71/><W76/><G49/><T127/><D127/><U82/><E58/><V122/><F122/><W110/><G57/><T59/><D59/><U26/><E26/><V124/><F124/><W14/><G46/><T1/><D1/><U79/><E33/><V60/><F50/><W97/><G45/><T30/><D30/><U108/><E15/><V42/><F41/><W3/><G47/><T131/><D131/><U81/><E62/><V134/><F42/><W129/><G129/><T92/><D92/><U87/><E63/><V19/><F134/><W13/><G31/><T61/><D61/><U34/><E34/><V29/><F29/><W37/><G3/><T111/><D111/><U107/><E108/><V48/><F48/><W83/><G110/><T125/><D125/><U11/><REACH who="1" step="1"/><E81/><AGARI ba="0,0" hai="72,77,81,104,105" m="56687,51275,43114" machi="81" ten="30,5800,0" yaku="20,1,34,2" doraHai="32" who="0" fromWho="1" sc="250,58,250,-58,250,0,250,0" /><INIT seed="0,1,0,4,2,0" ten="308,192,250,250" oya="0" hai0="43,62,39,111,52,1,106,55,77,56,63,115,13" hai1="45,105,129,28,57,59,120,126,96,113,29,73,61" hai2="8,5,103,102,104,75,135,85,30,80,112,89,93" hai3="110,46,21,27,3,49,17,132,82,87,78,10,99"/><T22/><D1/><U11/><E120/><V4/><F112/><W19/><G110/><T14/><D115/><U114/><E73/><V100/><F135/><W65/><G132/><T101/><D111/><U64/><E114/><V42/><F104/><W24/><G65/><T94/><D106/><U26/><E113/><V34/><F42/><W6/><G99/><T33/><D33/><U7/><E126/><V108/><F108/><W130/><G130/><T98/><D77/><U133/><E133/><V92/><F75/><W35/><G35/><T79/><D79/><U122/><E129/><V83/><F34/><W116/><G116/><T107/><D107/><U66/><E122/><V71/><F71/><W12/><REACH who="3" step="1"/><G17/><REACH who="3" ten="308,192,250,240" step="2"/><T121/><D121/><U36/><E29/><V91/><F30/><W20/><G20/><T81/><D22/><U32/><E96/><N who="2" m="57359" /><F8/><W76/><G76/><T97/><D97/><U9/><E105/><V67/><F67/><W84/><G84/><T128/><D128/><U86/><E86/><V2/><F2/><W38/><G38/><T68/><D39/><U95/><E11/><V119/><F119/><W44/><G44/><T127/><D98/><U48/><E36/><V31/><F31/><W41/><AGARI ba="1,1" hai="3,6,10,12,19,21,24,27,41,46,49,78,82,87" machi="41" ten="20,5200,0" yaku="1,1,0,1,7,1,52,1,53,0" doraHai="0" doraHaiUra="134" who="3" fromWho="3" sc="308,-27,192,-14,250,-14,240,65" /><INIT seed="1,0,0,1,0,130" ten="281,178,236,305" oya="1" hai0="24,116,104,34,120,37,63,91,79,131,20,128,125" hai1="13,9,14,23,69,19,123,17,97,87,78,80,84" hai2="113,33,26,57,132,54,32,74,85,76,93,81,36" hai3="11,59,122,56,3,121,64,4,86,115,114,92,65"/><U48/><E123/><V43/><F113/><W5/><G92/><T102/><D120/><U16/><E69/><V90/><F132/><W88/><G86/><T68/><D116/><U105/><E87/><V0/><F0/><W66/><G66/><T10/><D37/><U71/><E71/><V27/><F36/><W2/><G11/><T21/><D125/><U15/><E48/><V103/><F43/><W96/><REACH who="3" step="1"/><G88/><REACH who="3" ten="281,178,236,295" step="2"/><T40/><D10/><U53/><E105/><V108/><F108/><W100/><G100/><T99/><D91/><U111/><E111/><V46/><F103/><W58/><G58/><T89/><D89/><U126/><E126/><V67/><F67/><W39/><G39/><T133/><D102/><U95/><E53/><V31/><F46/><W109/><G109/><T8/><D8/><U42/><E42/><V98/><F74/><W124/><G124/><T29/><D40/><U7/><REACH who="1" step="1"/><E23/><REACH who="1" ten="281,168,236,295" step="2"/><V70/><F70/><W129/><G129/><T44/><D68/><U75/><E75/><V117/><F54/><W1/><G1/><T25/><D128/><U41/><E41/><V110/><F110/><W83/><G83/><T94/><D131/><U135/><E135/><V18/><F85/><W72/><G72/><T6/><D133/><U47/><E47/><V55/><F81/><W50/><G50/><T118/><D44/><U107/><E107/><V22/><F55/><W112/><G112/><T35/><D104/><U51/><E51/><V30/><F93/><W101/><G101/><AGARI ba="0,2" hai="7,9,13,14,15,16,17,19,78,80,84,95,97,101" machi="101" ten="40,12000,1" yaku="1,1,8,1,54,1,53,1" doraHai="130" doraHaiUra="77" who="1" fromWho="3" sc="281,0,168,140,236,0,295,-120" /><INIT seed="1,1,0,3,0,4" ten="281,308,236,175" oya="1" hai0="73,77,89,100,3,104,119,56,131,79,120,66,29" hai1="122,125,24,74,23,130,34,123,62,88,48,93,27" hai2="50,53,94,33,47,113,112,42,55,36,15,129,70" hai3="54,1,46,26,59,124,84,58,82,2,25,57,108"/><U10/><E74/><V99/><F33/><W92/><G108/><T90/><D3/><U127/><E34/><V8/><F129/><W76/><G124/><N who="1" m="47690" /><E130/><V87/><F70/><W86/><G1/><T51/><D29/><N who="1" m="17567" /><E62/><V20/><F87/><W18/><G2/><T72/><D66/><U39/><E39/><V132/><F20/><W9/><G46/><T17/><D56/><U32/><E48/><V38/><F132/><W13/><REACH who="3" step="1"/><G54/><REACH who="3" ten="281,308,236,165" step="2"/><T85/><D131/><U44/><E44/><V134/><F134/><W14/><G14/><T43/><D120/><U83/><E27/><V80/><F55/><W7/><G7/><T111/><D111/><U105/><E122/><V96/><F53/><W22/><G22/><T97/><D119/><U40/><E123/><V102/><F38/><W63/><G63/><T11/><D51/><U110/><E40/><V78/><F36/><W117/><G117/><T65/><D43/><U106/><E110/><V121/><F121/><W52/><G52/><T126/><D126/><U135/><E135/><V71/><F42/><W41/><G41/><T101/><D65/><U115/><E32/><V118/><F47/><W107/><G107/><T45/><D104/><U5/><E105/><N who="2" m="63687" /><F50/><W31/><G31/><T75/><D45/><U128/><E106/><V69/><F118/><W12/><G12/><T98/><D17/><U61/><E128/><V133/><F133/><W109/><G109/><T49/><D49/><U81/><E61/><V64/><F15/><W30/><G30/><T116/><D116/><U67/><E5/><V114/><F64/><RYUUKYOKU ba="1,1" sc="281,-10,308,-10,236,-10,165,30" hai3="9,13,18,25,26,57,58,59,76,82,84,86,92" /><INIT seed="2,2,1,0,4,106" ten="271,298,226,195" oya="2" hai0="2,40,115,125,135,27,8,47,51,114,48,89,97" hai1="121,22,6,5,93,23,76,4,129,43,134,26,50" hai2="122,41,86,101,19,83,11,81,95,87,60,118,35" hai3="1,36,107,58,113,88,64,53,24,34,130,79,82"/><V123/><F118/><W10/><G107/><T54/><D125/><U31/><E129/><V63/><F35/><W57/><G130/><T99/><D135/><U133/><E121/><V92/><F41/><W104/><G104/><T66/><D66/><U84/><E43/><V72/><F11/><W30/><G36/><T56/><D27/><U117/><E50/><V12/><F12/><W14/><G1/><T109/><D109/><U94/><E117/><V52/><F19/><W20/><G113/><T15/><D2/><U74/><E22/><V46/><F46/><W98/><G64/><T103/><D89/><U100/><E100/><V75/><REACH who="2" step="1"/><F52/><REACH who="2" ten="271,298,216,195" step="2"/><W102/><G34/><T62/><D15/><U7/><E133/><V78/><F78/><W108/><G79/><T116/><D8/><U96/><E134/><V111/><F111/><W25/><G108/><T45/><D116/><U61/><E4/><V85/><F85/><N who="3" m="50231" /><G53/><T132/><D132/><U37/><E84/><V71/><F71/><W77/><G77/><T70/><D70/><U73/><E76/><V13/><F13/><W120/><G25/><T44/><D40/><U105/><E5/><V16/><F16/><N who="3" m="8279" /><G120/><T110/><D110/><U112/><E6/><V127/><F127/><W131/><G131/><T90/><D54/><U18/><E7/><V21/><F21/><W55/><G55/><T119/><D119/><U49/><E23/><V0/><F0/><W91/><G102/><AGARI ba="2,2" hai="60,63,72,75,81,83,86,87,92,95,101,102,122,123" machi="102" ten="25,12000,1" yaku="1,1,22,2,52,2,53,0" doraHai="106" doraHaiUra="9" who="2" fromWho="3" sc="271,0,298,0,216,146,195,-126" /><INIT seed="2,3,0,3,4,16" ten="271,298,362,69" oya="2" hai0="36,119,93,19,9,86,57,26,10,13,129,66,83" hai1="85,33,90,72,105,103,133,52,50,24,116,73,47" hai2="54,123,49,30,32,87,77,78,17,76,88,71,128" hai3="46,100,109,68,60,7,5,102,18,113,91,84,98"/><V114/><F123/><W25/><G109/><T43/><D129/><U120/><E133/><V111/><F114/><W29/><G113/><T62/><D119/><U110/><E110/><V108/><F128/><W11/><G46/><T112/><D112/><U69/><E116/><V8/><F71/><W61/><G100/><T20/><D36/><U34/><E69/><V3/><F30/><W96/><G96/><T89/><D43/><U15/><E120/><V64/><F32/><W51/><G51/><T55/><D66/><U74/><E24/><V82/><F64/><W59/><G68/><T92/><REACH who="0" step="1"/><D9/><REACH who="0" ten="261,298,362,69" step="2"/><U4/><E105/><V41/><F41/><W65/><G11/><T0/><D0/><U134/><E134/><V58/><F3/><W40/><G40/><T44/><D44/><U117/><E117/><V79/><F111/><W21/><G61/><T28/><AGARI ba="3,1" hai="10,13,19,20,26,28,55,57,62,83,86,89,92,93" machi="28" ten="20,8000,1" yaku="1,1,0,1,7,1,8,1,52,1,53,0" doraHai="16" doraHaiUra="42" who="0" fromWho="0" sc="261,99,298,-23,362,-43,69,-23" /><INIT seed="3,0,0,3,3,28" ten="360,275,319,46" oya="3" hai0="95,89,132,65,130,83,64,31,43,131,63,90,17" hai1="68,77,16,76,24,105,135,51,92,46,97,23,49" hai2="108,44,114,69,18,54,113,71,41,12,37,80,35" hai3="56,106,25,55,6,45,104,9,30,48,40,60,10"/><W67/><G10/><T19/><D132/><U109/><E109/><V72/><F108/><W0/><REACH who="3" step="1"/><G67/><REACH who="3" ten="360,275,319,36" step="2"/><T73/><D65/><U74/><E135/><V39/><F114/><W13/><G13/><T128/><D64/><U36/><E68/><V93/><F113/><W22/><AGARI ba="0,1" hai="0,6,9,22,25,30,40,45,48,55,56,60,104,106" machi="22" ten="20,3900,0" yaku="1,1,0,1,7,1,53,0" doraHai="28" doraHaiUra="8" who="3" fromWho="3" sc="360,-13,275,-13,319,-13,36,49" /><INIT seed="3,1,0,3,2,40" ten="347,262,306,85" oya="3" hai0="58,18,30,126,57,82,73,108,119,39,90,49,102" hai1="23,27,14,133,68,130,84,88,51,78,63,135,61" hai2="33,12,44,80,64,111,110,75,46,77,67,7,34" hai3="62,10,94,98,17,52,8,81,35,6,60,22,53"/><W55/><G35/><N who="2" m="13321" /><F12/><W50/><G50/><T42/><D119/><U91/><E14/><V117/><F7/><W92/><G81/><T45/><D73/><U125/><E130/><V21/><F21/><W97/><G22/><T89/><D30/><U118/><E118/><V123/><F117/><W116/><G116/><T70/><D70/><U65/><E125/><V16/><F16/><W85/><G85/><T38/><D38/><U115/><E115/><V32/><F32/><W3/><G17/><T95/><D39/><U43/><E78/><V56/><F123/><W86/><G86/><N who="0" m="50391" /><D126/><U114/><E114/><V106/><F106/><W13/><G3/><T15/><D102/><U74/><E74/><V96/><F96/><W93/><REACH who="3" step="1"/><G10/><REACH who="3" ten="347,262,306,75" step="2"/><T4/><D18/><U20/><E84/><V41/><F80/><W101/><G101/><T1/><D1/><U134/><E20/><V11/><F75/><W72/><G72/><T47/><D49/><U113/><E113/><V99/><F11/><W31/><G31/><T79/><D79/><U28/><E61/><AGARI ba="1,1" hai="6,8,13,52,53,55,60,61,62,92,93,94,97,98" machi="61" ten="40,12000,1" yaku="1,1,8,1,54,1,53,1" doraHai="40" doraHaiUra="0" who="3" fromWho="1" sc="347,0,262,-123,306,0,75,133" /><INIT seed="3,2,0,3,3,120" ten="347,139,306,208" oya="3" hai0="67,119,10,22,12,41,26,97,80,86,83,40,130" hai1="94,125,131,71,52,121,93,133,60,28,9,115,7" hai2="84,38,72,23,19,61,104,33,98,127,31,36,32" hai3="15,39,18,6,47,17,99,73,14,50,59,27,129"/><W44/><G73/><T132/><D119/><U92/><E115/><V4/><F72/><W75/><G75/><T68/><D68/><U30/><E121/><V70/><F127/><W128/><G27/><T81/><D130/><U135/><E131/><V34/><F4/><W105/><G6/><N who="0" m="3159" /><D132/><U116/><E125/><V43/><F31/><W65/><G39/><T5/><D67/><U118/><E71/><V82/><F43/><N who="0" m="16458" /><D97/><U53/><E7/><V91/><F61/><W78/><G78/><N who="0" m="46359" /><D5/><U122/><E9/><V29/><F29/><AGARI ba="2,0" hai="22,26,29,81,83" m="46359,16458,3159" machi="29" ten="30,1000,0" yaku="8,1" doraHai="120" who="0" fromWho="2" sc="347,16,139,0,306,-16,208,0" owari="363,46.3,139,-36.1,290,9.0,208,-19.2" /></mjloggm>