<mjloggm ver="2.3"><GO type="225" lobby="0"/><UN n0="%48%61%61%61%6C%61%6E%64" n1="%6D%75%75%6D%75%72%61" n2="%E3%81%95%E3%81%8D%E3%81%9F%E3%81%BE%E6%9E%97%E6%AA%8E" n3="%E3%81%8F%E3%81%BE%E3%81%96%E3%82%8F" dan="17,17,16,16" rate="2161.02,2174.13,2125.78,2046.75" sx="M,F,M,M"/><TAIKYOKU oya="0"/><INIT seed="0,0,0,4,2,96" ten="250,250,250,250" oya="0" hai0="24,111,60,121,56,132,50,39,127,35,130,94,126" hai1="125,54,58,57,46,87,129,23,5,118,65,2,92" hai2="4,78,8,36,63,113,52,59,19,68,62,37,44" hai3="102,18,14,13,42,93,90,85,109,41,31,17,120"/><T122/><D39/><N who="2" m="14922" /><F19/><W30/><G109/><T75/><D75/><U70/><E118/><V26/><F26/><W21/><G120/><T80/><D80/><U12/><E125/><N who="0" m="47625" /><D111/><U1/><E129/><V10/><F10/><W7/><G7/><T123/><D130/><U66/><E70/><V108/><F8/><W84/><G102/><T32/><D132/><U38/><E5/><V135/><F4/><W124/><G124/><T82/><D82/><U28/><E87/><V61/><F78/><W3/><G3/><T71/><D71/><U33/><E33/><V83/><F83/><W103/><G103/><T73/><D73/><U119/><E119/><V104/><F104/><W51/><G51/><T77/><D50/><U133/><E133/><V40/><F108/><W110/><G110/><T91/><D24/><U15/><E92/><V9/><F9/><N who="3" m="6319" /><G84/><N who="0" m="52583" /><D77/><U99/><E38/><N who="2" m="21527" /><F135/><W34/><G34/><T45/><D45/><U106/><E46/><V101/><F101/><W114/><G114/><T20/><D20/><U88/><E23/><V112/><F68/><W79/><G79/><T22/><D22/><U53/><E106/><V81/><F81/><W16/><G18/><T98/><D98/><U6/><E99/><V64/><F64/><AGARI ba="0,0" hai="32,35,56,60,64,121,122,123" m="52583,47625" machi="64" ten="40,2000,0" yaku="18,1" doraHai="96" who="0" fromWho="2" sc="250,20,250,0,250,-20,250,0" /><INIT seed="0,1,0,1,0,48" ten="270,250,230,250" oya="0" hai0="52,76,89,69,74,27,129,2,35,63,7,131,107" hai1="132,80,119,128,125,45,10,87,83,30,112,21,44" hai2="6,72,29,12,68,5,32,81,130,75,115,121,40" hai3="103,95,104,124,58,3,14,70,46,97,49,86,24"/><T33/><D107/><U11/><E119/><V79/><F115/><W111/><G111/><T47/><D89/><U17/><E112/><V91/><F121/><W127/><G3/><T42/><D76/><U36/><E125/><V126/><F68/><W93/><G70/><T134/><D74/><U54/><E128/><N who="0" m="49225" /><D134/><U99/><E132/><V77/><F126/><N who="3" m="48171" /><G24/><T105/><D105/><U23/><E36/><V61/><F91/><W67/><G14/><T108/><D108/><U31/><E99/><V73/><F73/><W94/><G67/><T26/><D26/><U120/><E120/><V57/><F40/><N who="3" m="24775" /><G58/><N who="0" m="35271" /><D69/><U53/><REACH who="1" step="1"/><E17/><REACH who="1" ten="270,240,230,250" step="2"/><V50/><F130/><W43/><G43/><T90/><D42/><U25/><E25/><V71/><F72/><W78/><G104/><T37/><D27/><U122/><E122/><V110/><F75/><W55/><G97/><T100/><D37/><U56/><E56/><V20/><F57/><W117/><G117/><T88/><D47/><U62/><E62/><V16/><F61/><W102/><G102/><T85/><D100/><U98/><E98/><V92/><F110/><W1/><G103/><T118/><D118/><U38/><E38/><V34/><F71/><W101/><G101/><T8/><D90/><U19/><E19/><V109/><F16/><W15/><G78/><T84/><D84/><AGARI ba="1,1" hai="10,11,21,23,30,31,44,45,53,54,80,83,84,87" machi="84" ten="25,12000,2" yaku="1,1,22,2,8,1,52,2,53,0" doraHai="48" doraHaiUra="133" who="1" fromWho="0" sc="270,-123,240,133,230,0,250,0" /><INIT seed="1,0,0,2,0,80" ten="147,373,230,250" oya="1" hai0="67,134,95,78,84,52,106,135,100,70,86,51,127" hai1="0,22,34,55,125,6,81,23,117,96,25,71,49" hai2="20,63,35,76,68,33,108,26,116,133,58,123,57" hai3="12,66,87,75,53,126,72,129,115,120,98,29,11"/><U46/><E117/><V122/><F108/><W56/><G120/><T102/><D127/><U89/><E125/><V113/><F116/><W124/><G115/><T41/><D106/><U17/><E71/><V103/><F133/><N who="0" m="50698" /><D41/><U14/><E34/><V107/><F76/><W4/><G129/><T82/><D67/><U83/><E0/><V31/><F113/><W27/><G66/><T74/><D70/><U104/><E104/><V94/><F35/><W69/><G69/><T42/><D42/><U5/><E83/><V105/><F105/><W114/><G114/><T38/><D38/><U59/><E59/><V18/><F94/><W93/><G124/><T21/><D21/><U109/><E109/><V91/><F91/><W65/><G65/><T36/><D36/><U28/><REACH who="1" step="1"/><E96/><REACH who="1" ten="147,363,230,250" step="2"/><N who="2" m="61927" /><F58/><W32/><G126/><T8/><D8/><U37/><E37/><V45/><F57/><W92/><G92/><T88/><D74/><U30/><E30/><V62/><F68/><W121/><G121/><T3/><D3/><U19/><E19/><V110/><F18/><W40/><G75/><T118/><D118/><U61/><E61/><V44/><F63/><W7/><G72/><T77/><D77/><U60/><E60/><V112/><F62/><N who="3" m="36111" /><G4/><T24/><D24/><U39/><E39/><V111/><F110/><W2/><G2/><T9/><D9/><U128/><E128/><V50/><F111/><W85/><G11/><T79/><D79/><U101/><E101/><V48/><F123/><W131/><G131/><T90/><D78/><U1/><E1/><V119/><F122/><RYUUKYOKU ba="0,1" sc="147,15,363,15,230,-15,250,-15" hai0="51,52,82,84,86,88,90,95,100,102" hai1="5,6,14,17,22,23,25,28,46,49,55,81,89" /><INIT seed="1,1,1,2,0,119" ten="162,378,215,235" oya="1" hai0="101,51,74,89,41,30,35,22,44,19,23,127,50" hai1="7,80,66,91,40,134,14,122,128,75,79,12,20" hai2="63,104,86,70,76,45,27,26,126,84,55,39,71" hai3="36,133,31,52,78,57,121,129,112,65,48,82,88"/><U92/><E122/><V117/><F117/><W56/><G112/><T99/><D127/><U98/><E128/><V114/><F104/><W53/><G129/><T2/><D2/><U96/><E134/><V125/><F114/><W135/><G36/><T68/><D68/><N who="2" m="26154" /><F63/><W6/><G121/><T59/><D74/><U83/><E66/><V15/><F15/><W85/><G65/><T77/><D77/><U73/><E40/><N who="2" m="22687" /><F55/><W94/><G31/><T18/><D35/><U105/><E14/><V111/><F76/><W103/><G103/><T25/><D89/><U115/><E115/><V24/><F111/><W100/><G100/><T10/><D10/><U16/><E7/><V64/><F64/><W109/><G6/><T93/><REACH who="0" step="1"/><D23/><REACH who="0" ten="152,378,215,235" step="2"/><U123/><E91/><V38/><F38/><W0/><G0/><T11/><D11/><U5/><E20/><V47/><F47/><W43/><G109/><T3/><D3/><U102/><E79/><V67/><F67/><W120/><G120/><T97/><D97/><U118/><E123/><V8/><F8/><W49/><REACH who="3" step="1"/><G43/><REACH who="3" ten="152,378,215,225" step="2"/><T21/><D21/><U33/><E33/><V54/><F126/><W4/><G4/><T69/><D69/><U116/><E5/><V95/><F125/><W60/><G60/><T124/><D124/><U17/><E118/><V110/><F110/><W90/><G90/><T113/><D113/><U13/><E116/><V130/><F130/><W1/><G1/><T108/><D108/><U107/><E102/><V37/><F37/><W132/><G132/><T32/><D32/><U29/><E29/><RYUUKYOKU ba="1,3" sc="152,10,378,10,215,-30,225,10" hai0="18,19,22,25,30,41,44,50,51,59,93,99,101" hai1="12,13,16,17,73,75,80,83,92,96,98,105,107" hai3="48,49,52,53,56,57,78,82,85,88,94,133,135" /><INIT seed="1,2,3,2,1,45" ten="162,388,185,235" oya="1" hai0="62,4,61,74,33,135,34,50,41,78,110,127,133" hai1="118,49,129,60,20,65,6,39,125,105,18,21,12" hai2="77,24,43,57,108,44,3,116,68,0,66,117,104" hai3="25,64,7,115,54,22,91,100,92,53,85,95,14"/><U112/><E39/><V46/><F57/><W9/><G115/><T19/><D110/><U132/><E112/><V88/><F46/><W36/><G36/><T63/><D127/><U71/><E118/><V31/><F108/><W126/><G126/><T76/><D4/><U15/><E125/><V51/><F77/><N who="0" m="29802" /><D74/><U75/><E129/><V10/><F104/><W86/><G64/><T59/><D19/><U47/><E75/><V27/><F27/><W52/><G100/><T67/><D67/><U35/><E35/><V96/><F66/><W56/><G92/><T80/><D80/><U5/><E132/><N who="0" m="50761" /><D41/><U40/><E105/><V113/><F113/><W26/><G86/><T107/><D107/><U84/><E84/><V23/><F68/><W70/><G70/><T30/><D30/><U101/><E101/><V11/><F11/><W58/><G26/><T73/><D73/><U120/><E120/><V134/><F134/><W8/><G9/><T83/><D83/><U93/><E93/><V124/><F124/><W102/><G102/><T72/><D72/><U1/><E1/><V29/><F29/><AGARI ba="2,3" hai="7,8,14,22,25,29,52,53,54,56,58,85,91,95" machi="29" ten="40,2600,0" yaku="8,1,54,1" doraHai="45" who="3" fromWho="2" sc="162,0,388,0,185,-32,235,62" /><INIT seed="2,0,0,5,1,126" ten="162,388,153,297" oya="2" hai0="123,133,113,39,9,134,70,90,12,71,111,49,109" hai1="96,55,42,45,128,120,30,68,48,92,40,66,15" hai2="22,83,47,2,84,63,122,118,29,51,58,5,26" hai3="135,81,98,7,56,16,10,18,23,110,69,34,64"/><V121/><F118/><W28/><G69/><N who="0" m="26123" /><D39/><U97/><E128/><V119/><F119/><W37/><G110/><N who="0" m="41995" /><D123/><U105/><E120/><V100/><F100/><W53/><G37/><T89/><D49/><U107/><E30/><V75/><F75/><W35/><G135/><N who="0" m="51723" /><D113/><U65/><E68/><V127/><F127/><W116/><G116/><T78/><D78/><U52/><E48/><V33/><F33/><W1/><G35/><T87/><D87/><U19/><E45/><V101/><F101/><W4/><G34/><T106/><D106/><U99/><E99/><V93/><F93/><W61/><G98/><T73/><D73/><U102/><E102/><V14/><F2/><W6/><G1/><T85/><D85/><U74/><E74/><V114/><F114/><W86/><G86/><T95/><D95/><U59/><E92/><V44/><F44/><W31/><G81/><T54/><D54/><U46/><E46/><V91/><F51/><W25/><G53/><T38/><D38/><U13/><E59/><V108/><F47/><W112/><G112/><T130/><D130/><U32/><E32/><V60/><F108/><W124/><G124/><T131/><D131/><U3/><E3/><V88/><F63/><W67/><G67/><T17/><AGARI ba="0,0" hai="9,12,17,89,90" m="51723,41995,26123" machi="17" ten="40,2700,0" yaku="14,1,20,1" doraHai="126" who="0" fromWho="0" sc="162,27,388,-7,153,-13,297,-7" /><INIT seed="3,0,0,4,0,20" ten="189,381,140,290" oya="3" hai0="41,58,94,64,117,35,39,98,38,60,68,127,121" hai1="133,40,88,71,47,36,19,110,135,16,95,4,105" hai2="59,69,43,33,70,25,131,76,31,21,84,30,132" hai3="101,79,27,3,82,120,49,37,106,113,72,77,29"/><W9/><G49/><T56/><D117/><U96/><E110/><V80/><F131/><W102/><G101/><T86/><D121/><U22/><E71/><V128/><F128/><W81/><G113/><T111/><D35/><U108/><E108/><V57/><F132/><N who="1" m="50761" /><E105/><V104/><F104/><W91/><G91/><T46/><D111/><U119/><E119/><V44/><F59/><W28/><G28/><T103/><D127/><U75/><E75/><V50/><REACH who="2" step="1"/><F57/><REACH who="2" ten="189,381,130,290" step="2"/><W125/><G120/><T122/><D122/><U51/><E36/><V61/><F61/><W5/><G37/><T124/><D124/><U8/><E22/><V23/><F23/><W67/><G125/><T13/><D39/><U85/><E96/><V12/><F12/><AGARI ba="0,1" hai="4,8,12,16,19,40,47,51,85,88,95" m="50761" machi="12" ten="30,3900,0" yaku="20,1,54,2" doraHai="20" who="1" fromWho="2" sc="189,0,381,49,130,-39,290,0" owari="189,-21.1,430,53.0,91,-40.9,290,9.0" /></mjloggm>