<mjloggm ver="2.3"><GO type="225" lobby="0"/><UN n0="%E6%98%93%E5%88%A9%E8%96%A9%E4%BC%AF" n1="%72%69%6F%75%63%68%61%6E" n2="%6D%75%75%73%61%6E%6D%75" n3="%4C%4F%4C%49%54%41" dan="16,16,17,16" rate="2096.85,2206.66,2134.20,2205.65" sx="F,M,F,F"/><TAIKYOKU oya="0"/><INIT seed="0,0,0,2,5,21" ten="250,250,250,250" oya="0" hai0="107,62,61,133,48,129,58,83,64,67,98,110,54" hai1="33,50,38,76,68,117,65,112,24,109,72,35,81" hai2="71,96,41,25,116,34,28,131,125,135,85,86,18" hai3="12,46,30,52,79,92,127,121,2,60,63,43,130"/><T69/><D83/><U132/><E117/><V55/><F116/><W17/><G2/><T122/><D122/><U37/><E109/><V100/><F71/><W11/><G127/><T105/><D129/><U88/><E132/><V14/><F125/><W31/><G130/><T57/><D133/><U77/><E112/><V66/><F131/><W95/><G121/><T108/><REACH who="0" step="1"/><D98/><REACH who="0" ten="240,250,250,250" step="2"/><U113/><E113/><V90/><F135/><W134/><G134/><T84/><D84/><U49/><E77/><V56/><F86/><W45/><G79/><T5/><D5/><U8/><E76/><V9/><F85/><W26/><G95/><T15/><D15/><U106/><E72/><V103/><F96/><W91/><G92/><T44/><D44/><U102/><E81/><V124/><F124/><W53/><G46/><T7/><D7/><U6/><E6/><V70/><F90/><W47/><G47/><T10/><D10/><U39/><E88/><V82/><F82/><W23/><G91/><T118/><D118/><U111/><E8/><V93/><F93/><W16/><G45/><T114/><D114/><U40/><E40/><V104/><F41/><W19/><G43/><T27/><D27/><U101/><E24/><V123/><F123/><W126/><G126/><T119/><D119/><U59/><E38/><V3/><F3/><W97/><G97/><T4/><D4/><U99/><E37/><V87/><F87/><W36/><G36/><T128/><D128/><U73/><E99/><V51/><F104/><AGARI ba="0,1" hai="48,54,57,58,61,62,64,67,69,104,105,107,108,110" machi="104" ten="40,2000,0" yaku="1,1,53,0" doraHai="21" doraHaiUra="13" who="0" fromWho="2" sc="240,30,250,0,250,-20,250,0" /><INIT seed="0,1,0,2,5,43" ten="270,250,230,250" oya="0" hai0="77,135,60,14,35,132,12,127,69,114,126,39,130" hai1="111,21,131,71,112,33,98,58,120,103,113,56,6" hai2="46,102,95,31,83,65,73,108,72,3,53,55,34" hai3="10,96,38,125,79,76,85,25,49,63,19,40,100"/><T57/><D35/><U61/><E120/><V91/><F3/><W28/><G38/><T8/><D114/><N who="1" m="44139" /><E33/><V93/><F108/><W117/><G117/><T97/><D69/><U44/><E111/><V23/><F34/><W20/><G125/><N who="0" m="47627" /><D77/><U133/><E131/><V121/><F121/><W104/><G63/><T101/><D39/><U66/><E133/><N who="0" m="51273" /><D8/><U84/><E6/><V48/><F65/><W110/><G110/><T128/><D57/><U80/><E21/><V64/><F64/><W106/><G10/><T37/><D37/><U99/><E44/><V41/><F73/><W15/><G79/><T5/><D60/><U88/><E98/><N who="2" m="59727" /><F72/><W124/><G124/><T81/><D81/><U122/><E122/><V7/><F83/><W70/><G70/><T89/><D89/><U26/><E26/><N who="2" m="16863" /><F7/><W90/><G25/><T62/><D62/><U17/><E17/><V42/><F42/><W16/><G19/><T22/><D5/><U11/><E11/><V50/><F50/><W29/><G49/><T18/><D14/><U52/><E52/><V116/><F116/><W67/><G67/><T45/><D45/><U118/><E118/><V75/><F75/><W24/><G15/><T30/><D30/><U78/><E78/><V51/><F48/><W109/><G76/><T1/><D1/><U13/><E13/><V32/><F32/><W54/><G109/><T87/><D87/><AGARI ba="1,0" hai="41,46,51,53,55,87,91,95" m="16863,59727" machi="87" ten="30,2000,0" yaku="8,1,52,1" doraHai="43" who="2" fromWho="0" sc="270,-23,250,0,230,23,250,0" /><INIT seed="1,0,0,3,2,38" ten="247,250,253,250" oya="1" hai0="69,32,109,35,90,115,110,76,77,74,100,88,130" hai1="18,62,131,99,123,92,11,119,86,17,96,8,66" hai2="78,6,42,37,83,122,15,111,80,95,133,53,97" hai3="50,23,12,94,34,67,41,71,22,63,54,121,102"/><U125/><E119/><V82/><F122/><W60/><G121/><T134/><D69/><U2/><E123/><V56/><F111/><N who="0" m="42506" /><D115/><U14/><E125/><V68/><F68/><W120/><G120/><T116/><D116/><U49/><E131/><V72/><F133/><W28/><G34/><N who="0" m="12843" /><D130/><U47/><E2/><V31/><F31/><W91/><G102/><T57/><D100/><U40/><E86/><V112/><F112/><W29/><G63/><T104/><D104/><U44/><E44/><V124/><F124/><W64/><G64/><T70/><D70/><U13/><REACH who="1" step="1"/><E92/><REACH who="1" ten="247,240,253,250" step="2"/><V108/><F108/><W127/><G94/><T73/><D134/><U114/><E114/><V0/><F0/><W126/><G127/><T27/><D74/><U117/><E117/><V135/><F135/><W81/><G126/><T128/><D73/><U20/><E20/><V33/><F33/><W106/><G23/><T46/><D46/><U87/><E87/><V61/><F72/><W75/><G75/><T9/><D128/><U52/><E52/><V24/><F78/><W79/><G79/><T10/><D77/><U48/><E48/><V84/><F84/><N who="3" m="50575" /><G54/><T1/><D76/><U55/><E55/><V85/><F85/><W45/><G106/><T39/><D1/><U4/><E4/><V89/><F95/><W16/><G22/><T65/><D39/><U43/><E43/><V7/><F37/><W113/><G113/><T118/><D118/><U132/><E132/><V25/><F42/><W107/><G107/><T103/><D10/><U36/><E36/><V21/><F21/><RYUUKYOKU ba="0,1" sc="247,-15,240,15,253,-15,250,15" hai1="8,11,13,14,17,18,40,47,49,62,66,96,99" hai3="12,16,28,29,41,45,50,60,67,71" /><INIT seed="1,1,1,5,4,75" ten="232,255,238,265" oya="1" hai0="16,37,128,106,131,7,17,127,79,36,116,18,49" hai1="38,54,117,9,64,86,45,77,22,109,52,57,94" hai2="1,71,55,41,35,83,118,76,66,130,15,43,39" hai3="3,63,6,51,135,95,20,30,32,113,80,65,96"/><U2/><E117/><V44/><F118/><W61/><G113/><T68/><D116/><U62/><E109/><V100/><F1/><W98/><G32/><T105/><D68/><U88/><E77/><V73/><F130/><N who="0" m="49706" /><D127/><U59/><E22/><V11/><F35/><W108/><G108/><T84/><D7/><U19/><E57/><V4/><F100/><W123/><G123/><T5/><D5/><U93/><E2/><V13/><F13/><W112/><G135/><T126/><D49/><N who="1" m="28719" /><E38/><N who="0" m="14953" /><D126/><U122/><E122/><V34/><F34/><W48/><G112/><T133/><D133/><U14/><E64/><V28/><F41/><W72/><G65/><T90/><D79/><U67/><E67/><V129/><F129/><W0/><G0/><T92/><AGARI ba="1,1" hai="16,17,18,84,90,92,105,106" m="14953,49706" machi="92" ten="40,2700,0" yaku="19,1,54,1" doraHai="75" who="0" fromWho="0" sc="232,40,255,-14,238,-8,265,-8" /><INIT seed="2,0,0,2,2,93" ten="272,241,230,257" oya="2" hai0="83,58,4,133,118,101,52,123,41,130,113,43,99" hai1="61,63,84,132,13,18,33,60,98,110,5,86,10" hai2="126,96,70,69,88,30,119,38,22,27,3,46,32" hai3="37,77,129,94,17,7,53,31,131,121,81,91,36"/><V59/><F119/><W51/><G121/><T35/><D123/><U24/><E110/><V128/><F3/><W112/><G31/><T21/><D35/><U116/><E132/><V45/><F126/><W16/><G7/><T26/><D113/><U75/><E75/><V67/><F128/><N who="3" m="49227" /><G112/><T65/><D133/><U87/><E116/><V1/><F1/><W0/><G0/><T80/><D65/><U68/><E68/><V107/><F69/><W78/><G37/><T23/><D4/><U54/><E98/><V114/><F114/><W102/><G36/><T20/><D26/><U50/><E33/><V9/><F38/><W103/><G103/><T66/><D66/><U127/><E127/><V40/><F70/><W62/><G62/><T97/><D130/><U134/><E134/><V95/><F107/><W48/><G48/><N who="0" m="30983" /><D118/><U92/><E92/><V105/><F105/><W8/><G102/><T135/><D135/><U56/><REACH who="1" step="1"/><E24/><REACH who="1" ten="272,231,230,257" step="2"/><V74/><F74/><W71/><G94/><N who="0" m="58551" /><D99/><U89/><E89/><V104/><F104/><W49/><G91/><T79/><D79/><U108/><E108/><V12/><F32/><W117/><G117/><T29/><D29/><U111/><E111/><V2/><F2/><W73/><G77/><T100/><D100/><U109/><E109/><V11/><F12/><N who="3" m="7175" /><G71/><T25/><D25/><U19/><AGARI ba="0,1" hai="5,10,13,18,19,50,54,56,60,61,63,84,86,87" machi="19" ten="40,5200,0" yaku="1,1,0,1,8,1,53,0" doraHai="93" doraHaiUra="34" who="1" fromWho="1" sc="272,-13,231,62,230,-26,257,-13" /><INIT seed="3,0,0,0,2,97" ten="259,293,204,244" oya="3" hai0="59,57,76,21,111,80,130,72,19,128,125,81,123" hai1="108,9,78,6,74,4,109,84,5,104,18,60,70" hai2="36,105,41,100,88,73,120,101,62,116,12,134,83" hai3="46,133,112,44,29,37,79,117,77,126,118,14,67"/><W49/><G112/><T89/><D123/><U52/><E104/><V122/><F116/><W48/><G37/><T85/><D111/><N who="1" m="42571" /><E74/><V65/><F105/><W32/><G67/><T91/><D91/><U13/><E52/><V98/><F73/><W92/><G133/><T63/><D125/><U99/><E99/><V127/><F36/><W54/><G126/><T42/><D42/><U25/><E25/><V114/><F127/><W106/><G106/><T115/><D115/><U93/><E93/><N who="2" m="56615" /><F114/><W2/><G2/><T28/><D28/><U95/><E95/><V10/><F41/><W23/><G92/><T53/><REACH who="0" step="1"/><D59/><REACH who="0" ten="249,293,204,244" step="2"/><U121/><E121/><N who="2" m="46699" /><F134/><W55/><G117/><T132/><D132/><U69/><E60/><V7/><F83/><AGARI ba="0,1" hai="4,5,6,9,13,18,69,70,78,83,84" m="42571" machi="83" ten="30,1000,0" yaku="14,1" doraHai="97" who="1" fromWho="2" sc="249,0,293,20,204,-10,244,0" owari="249,4.9,313,41.3,194,-30.6,244,-15.6" /></mjloggm>