<mjloggm ver="2.3"><GO type="225" lobby="0"/><UN n0="%E3%81%A6%E3%81%A4%EF%BC%A3" n1="%6D%75%75%6D%75%72%61" n2="%E4%B8%89%E6%A7%93%E5%AD%90" n3="%E7%89%B9%E6%9D%B1%E3%81%AF%E4%B8%96%E7%95%8C%E3%82%92%E6%95%91%E3%81%86" dan="16,16,16,16" rate="2059.17,2184.50,2041.09,2152.13" sx="M,F,F,M"/><TAIKYOKU oya="0"/><INIT seed="0,0,0,1,4,52" ten="250,250,250,250" oya="0" hai0="17,62,48,96,99,115,122,85,46,68,9,58,34" hai1="133,30,20,130,108,66,25,14,106,118,19,51,4" hai2="57,50,79,78,35,80,65,23,56,110,103,114,60" hai3="39,134,97,124,105,117,29,21,107,98,120,12,102"/><T45/><D115/><U77/><E118/><V40/><F114/><W67/><G117/><T73/><D122/><U32/><E106/><V128/><F35/><W27/><G120/><T74/><D68/><U83/><E108/><V6/><F110/><W18/><G134/><T135/><D34/><U70/><E133/><V28/><F128/><W59/><G39/><T33/><D33/><U76/><E130/><V91/><F103/><W54/><G67/><T1/><D135/><U71/><E4/><V82/><F6/><W113/><G124/><T132/><D132/><U111/><E111/><V64/><F40/><W22/><G113/><T0/><D85/><U123/><E123/><V31/><F23/><W16/><G98/><T104/><D104/><U101/><E101/><V92/><F82/><W42/><G42/><T72/><D17/><U3/><E3/><V109/><F80/><W129/><G129/><T8/><D73/><U127/><E127/><V63/><F50/><W41/><G41/><T69/><D48/><U89/><E51/><V11/><F11/><W87/><G107/><T125/><D69/><U86/><REACH who="1" step="1"/><E71/><REACH who="1" ten="250,240,250,250" step="2"/><V7/><F7/><W2/><G2/><T84/><D125/><U10/><E10/><V24/><F109/><W55/><G105/><T131/><D131/><U95/><E95/><V15/><F92/><W49/><G49/><T26/><D0/><U116/><E116/><V90/><F63/><AGARI ba="0,1" hai="14,19,20,25,30,32,63,66,70,76,77,83,86,89" machi="63" ten="40,1300,0" yaku="1,1,53,0" doraHai="52" doraHaiUra="43" who="1" fromWho="2" sc="250,0,240,23,250,-13,250,0" /><INIT seed="1,0,0,4,3,86" ten="250,263,237,250" oya="1" hai0="68,1,85,110,10,132,69,99,73,42,103,83,49" hai1="48,127,14,18,116,123,129,84,63,23,78,25,115" hai2="0,133,102,16,106,74,9,65,31,43,131,15,118" hai3="89,135,87,112,111,26,75,72,62,52,82,64,32"/><U80/><E115/><V29/><F118/><W124/><G112/><T76/><D110/><U79/><E116/><V94/><F74/><W108/><G135/><T47/><D132/><U51/><E123/><V60/><F133/><W97/><G124/><T46/><D46/><U54/><E127/><V91/><F131/><W38/><G38/><T37/><D49/><U11/><E129/><V34/><F34/><W44/><G97/><T122/><D85/><U70/><E79/><V33/><F33/><W57/><G32/><T24/><D24/><U2/><E2/><V67/><F43/><W134/><G26/><T39/><D39/><U59/><REACH who="1" step="1"/><E70/><REACH who="1" ten="250,253,237,250" step="2"/><V71/><F0/><W19/><G134/><T21/><D122/><U93/><E93/><V28/><F106/><W119/><G119/><T104/><REACH who="0" step="1"/><D21/><REACH who="0" ten="240,253,237,250" step="2"/><U117/><E117/><V55/><F71/><W13/><G108/><T113/><D113/><U130/><E130/><V81/><F81/><W7/><G111/><T41/><D41/><U30/><AGARI ba="0,2" hai="11,14,18,23,25,30,48,51,54,59,63,78,80,84" machi="30" ten="20,7800,0" yaku="1,1,0,1,7,1,8,1,53,0" doraHai="86" doraHaiUra="121" who="1" fromWho="1" sc="240,-26,253,98,237,-26,250,-26" /><INIT seed="1,1,0,4,5,3" ten="214,351,211,224" oya="1" hai0="89,79,131,31,77,87,29,84,28,71,12,20,58" hai1="95,5,78,127,94,98,69,26,6,96,34,41,101" hai2="119,64,17,86,10,44,25,135,85,100,68,112,21" hai3="46,92,14,9,82,11,0,47,49,59,13,22,45"/><U67/><E127/><V83/><F119/><W125/><G125/><T103/><D71/><U48/><E78/><N who="0" m="29705" /><D131/><U102/><E69/><V2/><F135/><W15/><G82/><T56/><D103/><U62/><E41/><V115/><F100/><W121/><G121/><T63/><D58/><U133/><E133/><V50/><F68/><W66/><G0/><T23/><D12/><U126/><E126/><V4/><F64/><W8/><G92/><N who="0" m="54311" /><D87/><U132/><E132/><V104/><F104/><W32/><G32/><T105/><D105/><U118/><E118/><V35/><F35/><W124/><G124/><T19/><D19/><U16/><E48/><V111/><F111/><W130/><G130/><T43/><D43/><U54/><E67/><AGARI ba="1,0" hai="20,23,28,29,31,56,63,67" m="54311,29705" machi="67" ten="30,1000,0" yaku="8,1" doraHai="3" who="0" fromWho="1" sc="214,13,351,-13,211,0,224,0" /><INIT seed="2,0,0,3,4,68" ten="227,338,211,224" oya="2" hai0="108,54,34,97,117,9,46,11,135,113,52,124,84" hai1="116,21,76,107,80,70,24,83,44,57,40,72,90" hai2="79,7,26,23,119,118,16,4,114,41,100,96,129" hai3="89,12,98,19,134,104,112,29,0,18,59,131,111"/><V37/><F114/><W63/><G0/><T36/><D113/><U62/><E116/><V130/><F79/><W49/><G112/><T3/><D135/><U64/><E107/><V47/><F118/><W93/><G134/><T1/><D117/><U110/><E110/><V60/><F119/><W123/><G123/><T115/><D115/><U28/><E70/><V25/><F60/><W39/><G39/><T94/><D34/><U27/><E27/><V105/><REACH who="2" step="1"/><F26/><REACH who="2" ten="227,338,201,224" step="2"/><W43/><G111/><T66/><D108/><U75/><E75/><V65/><F65/><W99/><G63/><T38/><D66/><U48/><E72/><V101/><F101/><W56/><G131/><AGARI ba="0,1" hai="4,7,16,23,25,37,41,47,96,100,105,129,130,131" machi="131" ten="40,12000,1" yaku="1,1,19,1,52,1,54,1,53,0" doraHai="68" doraHaiUra="51" who="2" fromWho="3" sc="227,0,338,0,201,130,224,-120" /><INIT seed="2,1,0,2,2,118" ten="227,338,331,104" oya="2" hai0="104,28,4,100,29,125,47,6,54,73,90,77,129" hai1="92,17,8,1,123,58,122,23,132,112,15,103,65" hai2="121,7,37,60,56,43,44,119,128,88,57,5,93" hai3="113,131,62,10,3,85,95,117,69,99,80,64,63"/><V71/><F119/><W27/><G117/><T14/><D129/><U45/><E112/><V78/><F128/><W79/><G131/><T59/><D125/><U107/><E107/><V83/><F121/><N who="1" m="46089" /><E132/><V98/><F71/><W26/><G113/><T87/><D77/><U36/><E65/><V111/><F111/><W16/><G63/><T0/><D73/><U41/><E58/><V18/><F18/><W105/><G105/><T84/><D0/><U70/><E70/><V91/><F91/><W25/><G3/><T61/><D100/><U86/><E86/><V67/><REACH who="2" step="1"/><F57/><REACH who="2" ten="227,338,321,104" step="2"/><W55/><G69/><T49/><D90/><U133/><E133/><V101/><F101/><W12/><G16/><T76/><D59/><U102/><E92/><V135/><F135/><W46/><G95/><T74/><D104/><U39/><E39/><V68/><F68/><W94/><G94/><T106/><D106/><U2/><E102/><V22/><F22/><W82/><G79/><T66/><D76/><U21/><E103/><V20/><F20/><AGARI ba="1,1" hai="1,2,8,15,17,20,21,23,36,41,45" m="46089" machi="20" ten="30,7700,0" yaku="13,1,52,3" doraHai="118" who="1" fromWho="2" sc="227,0,338,90,321,-80,104,0" /><INIT seed="3,0,0,4,0,59" ten="227,428,241,104" oya="3" hai0="92,26,52,127,4,76,54,83,30,16,122,69,131" hai1="18,98,66,90,74,134,43,64,22,108,14,44,133" hai2="11,60,102,5,89,50,27,87,19,96,15,78,42" hai3="47,124,73,112,119,82,37,93,17,57,95,101,77"/><W21/><G124/><T107/><D127/><U56/><E74/><V130/><F130/><W62/><G112/><T85/><D107/><U35/><E35/><V51/><F78/><W55/><G119/><T0/><D122/><U97/><E108/><V88/><F60/><W38/><G101/><T79/><D131/><U103/><E90/><V1/><F42/><W33/><G33/><T105/><D105/><N who="1" m="63727" /><E98/><V36/><F36/><W126/><G126/><T123/><D76/><U49/><E56/><V115/><F115/><W6/><G6/><T24/><D69/><U29/><E29/><V99/><F89/><W70/><G70/><T45/><D123/><U8/><E22/><N who="2" m="13791" /><F1/><W114/><G114/><T81/><D81/><U72/><E72/><V129/><F129/><W110/><G110/><T106/><D106/><U46/><E46/><V41/><F102/><W12/><REACH who="3" step="1"/><G47/><REACH who="3" ten="227,428,241,94" step="2"/><T75/><D45/><U80/><E44/><N who="2" m="25871" /><F51/><W3/><G3/><T132/><D4/><U48/><E49/><V86/><F86/><W113/><G113/><T9/><D0/><U67/><E48/><V111/><F111/><W61/><G61/><T32/><D85/><U116/><E116/><V65/><F65/><W63/><G63/><T31/><D75/><U109/><E109/><V10/><F87/><W117/><G117/><T28/><D32/><U135/><E43/><V2/><F2/><W23/><G23/><T58/><D58/><U121/><E121/><V71/><F71/><W53/><G53/><T91/><D52/><U118/><E118/><V94/><F5/><W84/><G84/><RYUUKYOKU ba="0,1" sc="227,-15,428,15,241,-15,94,15" hai1="8,14,18,64,66,67,80,133,134,135" hai3="12,17,21,37,38,55,57,62,73,77,82,93,95" /><INIT seed="3,1,1,2,0,84" ten="212,443,226,109" oya="3" hai0="93,2,39,59,13,38,43,47,79,91,30,9,101" hai1="64,28,34,128,116,112,105,54,94,133,20,92,22" hai2="98,11,52,82,117,120,3,87,27,45,80,72,71" hai3="115,14,61,32,123,35,16,113,12,127,90,63,46"/><W17/><G46/><T106/><D2/><U88/><E112/><V119/><F71/><W21/><G127/><T15/><D106/><U4/><E105/><V102/><F120/><W109/><G109/><T81/><D101/><U126/><E126/><V75/><F117/><W83/><G83/><T114/><D114/><U111/><E111/><V51/><F119/><W25/><G25/><T99/><D30/><U29/><E34/><V85/><F27/><W86/><G86/><T37/><D59/><U6/><E128/><V131/><F131/><W18/><G18/><T42/><D15/><U68/><E133/><V24/><F24/><W0/><G0/><T76/><D42/><U89/><E68/><V5/><F85/><W44/><G44/><T135/><D135/><U104/><E104/><V56/><F56/><W62/><G62/><T134/><D134/><U40/><E116/><V121/><F121/><W50/><G50/><T97/><D97/><U73/><E54/><V41/><F41/><W53/><G53/><T78/><REACH who="0" step="1"/><D81/><REACH who="0" ten="202,443,226,109" step="2"/><U58/><E58/><V100/><F102/><W118/><G118/><T7/><AGARI ba="1,2" hai="7,9,13,37,38,39,43,47,76,78,79,91,93,99" machi="7" ten="30,12000,2" yaku="1,1,2,1,0,1,52,1,53,3" doraHai="84" doraHaiUra="69" who="0" fromWho="0" sc="202,143,443,-31,226,-31,109,-61" owari="345,14.5,412,51.2,195,-20.5,48,-45.2" /></mjloggm>