<mjloggm ver="2.3"><GO type="225" lobby="0"/><UN n0="%6B%79%6F%6E%6B%6F%31%31" n1="%72%61%6B%33" n2="%6D%75%75%6D%75%72%61" n3="%E6%B8%A9%E2%98%85%E6%83%85%E2%98%85%E6%8E%AA%E2%98%85%E7%BD%AE" dan="17,16,16,17" rate="2214.33,2127.14,2144.97,2143.85" sx="M,M,F,M"/><TAIKYOKU oya="0"/><INIT seed="0,0,0,3,4,77" ten="250,250,250,250" oya="0" hai0="62,99,121,59,26,107,105,100,104,68,33,132,53" hai1="112,46,38,35,45,81,83,12,15,87,5,47,60" hai2="120,3,37,94,32,69,30,106,31,128,93,89,44" hai3="51,21,22,84,16,66,8,126,67,73,80,124,122"/><T101/><D121/><U27/><E38/><V42/><F106/><W11/><G73/><T41/><D132/><U113/><E60/><V134/><F120/><W88/><G122/><T118/><D118/><U29/><E87/><V10/><F134/><W131/><G131/><T78/><D41/><U9/><REACH who="1" step="1"/><E12/><REACH who="1" ten="250,240,250,250" step="2"/><V76/><F37/><W4/><G124/><T82/><D68/><U127/><E127/><V111/><F69/><W58/><G126/><T6/><D6/><U79/><E79/><V2/><F76/><W7/><G67/><T125/><D125/><U70/><E70/><V90/><F2/><W34/><G51/><T43/><D43/><U86/><E86/><V108/><F3/><W98/><G66/><T17/><D99/><U110/><E110/><V13/><F111/><W92/><G98/><T61/><D61/><U130/><E130/><V109/><F108/><W19/><G84/><T85/><REACH who="0" step="1"/><D17/><REACH who="0" ten="240,240,250,250" step="2"/><U57/><E57/><V103/><F128/><W133/><G58/><T18/><D18/><U48/><E48/><V14/><F109/><W123/><G4/><T23/><D23/><U0/><E0/><V36/><F42/><W95/><G7/><T117/><D117/><U50/><E50/><V1/><F1/><W65/><G133/><T72/><D72/><U135/><E135/><V102/><F36/><W91/><G123/><T63/><D63/><U49/><E49/><V71/><F71/><W75/><G75/><T54/><D54/><U39/><E39/><V116/><F116/><W24/><G21/><T115/><D115/><AGARI ba="0,2" hai="5,9,15,27,29,35,45,46,47,81,83,112,113,115" machi="115" ten="40,8000,1" yaku="1,1,11,1,52,2,53,0" doraHai="77" doraHaiUra="56" who="1" fromWho="0" sc="240,-80,240,100,250,0,250,0" /><INIT seed="1,0,0,0,3,91" ten="160,340,250,250" oya="1" hai0="67,32,15,94,23,132,5,40,74,83,115,31,54" hai1="42,56,100,107,109,113,28,130,124,92,78,24,8" hai2="121,126,26,62,80,79,125,63,22,25,97,43,58" hai3="41,2,88,57,55,66,81,68,128,122,30,64,90"/><U93/><E113/><V35/><F121/><W110/><G122/><T112/><D132/><U99/><E124/><V10/><F43/><W44/><G2/><T116/><D116/><U53/><E130/><V108/><F108/><W13/><G128/><T39/><D32/><U18/><E109/><V89/><F35/><W103/><G110/><T3/><D54/><U49/><E78/><V33/><F33/><W111/><G111/><T38/><D38/><U34/><REACH who="1" step="1"/><E42/><REACH who="1" ten="160,330,250,250" step="2"/><V118/><F79/><W50/><G41/><T6/><D40/><U0/><E0/><V59/><F125/><W72/><G72/><T131/><D39/><U71/><E71/><V133/><F126/><W45/><G68/><T76/><D131/><U4/><E4/><V106/><F133/><W75/><G75/><T20/><D6/><U14/><AGARI ba="0,1" hai="8,14,18,24,28,34,49,53,56,92,93,99,100,107" machi="14" ten="30,11700,0" yaku="1,1,0,1,52,2,53,0" doraHai="91" doraHaiUra="1" who="1" fromWho="1" sc="160,-39,330,127,250,-39,250,-39" /><INIT seed="1,1,0,2,2,9" ten="121,457,211,211" oya="1" hai0="35,72,63,133,23,112,99,8,129,110,100,26,113" hai1="0,57,66,64,36,89,3,126,48,74,44,81,31" hai2="5,61,25,130,128,53,118,109,119,135,117,93,42" hai3="91,27,33,127,125,30,56,94,85,88,114,103,95"/><U134/><E126/><N who="3" m="48138" /><G114/><T68/><D110/><U52/><E134/><V87/><F109/><W17/><G103/><T21/><D129/><N who="2" m="49770" /><F135/><W83/><G56/><T122/><D122/><U29/><E0/><V47/><F5/><W71/><G71/><T54/><D72/><U6/><E31/><V111/><F111/><W101/><G101/><T50/><D35/><U115/><E29/><V123/><F25/><N who="3" m="18639" /><G91/><T45/><D133/><U86/><E115/><V97/><F87/><W92/><G27/><T120/><D120/><U38/><E74/><V58/><F123/><W116/><G17/><T34/><D112/><U106/><E106/><V43/><F47/><W82/><G82/><T108/><D108/><U51/><E66/><V2/><F2/><W78/><G116/><T76/><D113/><U84/><E64/><V62/><F62/><W65/><G65/><T79/><D68/><U39/><E86/><V18/><F18/><W70/><G70/><T12/><D63/><U69/><E69/><V14/><F14/><W55/><G55/><T16/><D34/><U20/><E6/><V15/><F15/><W124/><N who="3" m="48146" /><W46/><DORA hai="37" /><G46/><T132/><D132/><U77/><E3/><V4/><F4/><W19/><G19/><N who="0" m="8583" /><D23/><U60/><E20/><V10/><F10/><W41/><G41/><N who="2" m="15369" /><F119/><W104/><G104/><T24/><D24/><U121/><E121/><V105/><F105/><W32/><G32/><T59/><D45/><U11/><E44/><V107/><F107/><W22/><G22/><T1/><D1/><U131/><E131/><V98/><F93/><AGARI ba="1,0" hai="16,21,26,50,54,59,76,79,93,99,100" m="8583" machi="93" ten="30,7700,0" yaku="6,1,8,1,52,1,54,1" doraHai="9,37" who="0" fromWho="2" sc="121,80,457,0,211,-80,211,0" /><INIT seed="2,0,0,5,4,108" ten="201,457,131,211" oya="2" hai0="41,112,23,20,71,131,0,126,27,64,113,89,43" hai1="40,135,122,111,118,16,80,90,70,88,85,107,87" hai2="75,8,103,13,50,9,95,116,94,31,56,38,6" hai3="17,110,1,49,67,83,130,35,134,26,28,58,129"/><V22/><F38/><W79/><G110/><T45/><D0/><U34/><E111/><V29/><F75/><W47/><G1/><T51/><D43/><U86/><E34/><V48/><F116/><W125/><G125/><T14/><D126/><U60/><E118/><V68/><F68/><W32/><G134/><T91/><D131/><N who="3" m="50185" /><G17/><T76/><D76/><U52/><E107/><V77/><F77/><W3/><G3/><T65/><D14/><U72/><E135/><V4/><F22/><N who="3" m="15447" /><G58/><T7/><D23/><U121/><E40/><V124/><F124/><W106/><G67/><T36/><D7/><U24/><E72/><V33/><F33/><W19/><G19/><T101/><D64/><U30/><E30/><V81/><F56/><W97/><G97/><T98/><D36/><U12/><E24/><V74/><F74/><N who="3" m="43511" /><G106/><T73/><D73/><U44/><E70/><V109/><F109/><W11/><G11/><T104/><D65/><U93/><E87/><V82/><REACH who="2" step="1"/><F13/><REACH who="2" ten="201,457,121,211" step="2"/><W21/><G21/><T2/><D71/><U99/><E12/><V105/><F105/><W54/><AGARI ba="0,1" hai="32,35,47,49,54" m="43511,15447,50185" machi="54" ten="30,1100,0" yaku="19,1" doraHai="108" who="3" fromWho="3" sc="201,-3,457,-3,121,-5,211,21" /><INIT seed="3,0,0,1,2,65" ten="198,454,116,232" oya="3" hai0="4,51,39,134,40,6,72,77,86,128,129,118,60" hai1="124,127,59,78,96,73,25,106,114,42,82,111,99" hai2="126,10,16,46,104,56,112,74,35,45,12,43,30" hai3="21,105,95,64,109,20,100,28,9,41,13,113,66"/><W14/><G113/><T38/><D118/><U71/><E71/><V61/><F112/><W133/><G105/><T91/><D72/><U15/><E114/><V102/><F126/><N who="1" m="48169" /><E111/><V132/><F74/><W48/><G133/><T34/><D34/><U117/><E117/><V98/><F132/><W97/><G14/><T76/><D51/><U89/><E106/><V67/><REACH who="2" step="1"/><F43/><REACH who="2" ten="198,454,106,232" step="2"/><W49/><G41/><T17/><D134/><U119/><E119/><V32/><F32/><W52/><G109/><T53/><D40/><U7/><E42/><V120/><F120/><W79/><G49/><T87/><D39/><U135/><E135/><V50/><F50/><W68/><G48/><T69/><D38/><U83/><E59/><V63/><F63/><W2/><G68/><T115/><D69/><U24/><E96/><V93/><F93/><W101/><G97/><T37/><D37/><U122/><E122/><V116/><F116/><W1/><G95/><T29/><D115/><U94/><E83/><V103/><F103/><W19/><G101/><T54/><D60/><U31/><E31/><V121/><F121/><W27/><G28/><T23/><D29/><U5/><E5/><V107/><F107/><W18/><G100/><T47/><D17/><U8/><AGARI ba="0,1" hai="7,8,15,24,25,73,78,82,89,94,99" m="48169" machi="8" ten="30,1100,0" yaku="18,1" doraHai="65" who="1" fromWho="1" sc="198,-3,454,21,106,-3,232,-5" owari="195,-20.5,475,57.5,103,-39.7,227,2.7" /></mjloggm>