<mjloggm ver="2.3"><GO type="225" lobby="0"/><UN n0="%E5%BA%97%E9%95%B7%4D" n1="%E3%82%8C%E3%81%99%E3%81%93" n2="%E8%91%B5%E3%81%A1%E3%82%83%E3%82%93" n3="%E6%81%A5%E6%99%92%E3%81%97" dan="16,16,17,16" rate="2120.06,2097.48,2209.74,2148.50" sx="M,F,F,M"/><TAIKYOKU oya="0"/><INIT seed="0,0,0,0,0,16" ten="250,250,250,250" oya="0" hai0="24,66,69,87,76,100,22,12,80,68,104,133,6" hai1="85,28,107,39,77,60,14,67,115,7,71,118,34" hai2="52,29,38,102,41,74,55,119,95,32,62,3,120" hai3="89,103,0,94,132,54,2,4,75,43,27,42,61"/><T40/><D133/><U10/><E118/><V110/><F120/><W79/><G132/><T128/><D128/><U47/><E115/><V126/><F3/><W101/><G75/><T13/><D40/><U5/><E107/><V97/><F74/><W86/><G2/><T96/><D6/><U33/><E7/><V45/><F119/><W124/><G124/><T121/><D121/><U123/><E28/><V64/><F126/><W37/><G79/><T108/><D108/><U17/><E123/><V49/><F110/><W63/><G4/><T72/><D72/><U57/><E71/><V98/><F98/><W127/><G0/><T53/><D53/><U134/><E134/><V129/><F129/><W58/><G127/><T109/><D109/><U70/><E70/><V46/><F55/><W73/><G73/><T78/><D78/><U106/><E106/><V105/><F105/><W82/><G37/><T56/><D69/><U36/><E36/><V15/><F15/><W23/><G63/><T48/><D68/><U25/><E47/><V21/><F32/><W122/><G122/><T114/><D48/><U93/><E39/><V88/><F102/><N who="3" m="38923" /><G82/><T26/><D26/><U8/><E77/><V81/><F81/><W18/><AGARI ba="0,0" hai="18,23,27,42,43,54,58,61,86,89,94" m="38923" machi="18" ten="30,2000,0" yaku="8,1,52,1" doraHai="16" who="3" fromWho="3" sc="250,-10,250,-5,250,-5,250,20" /><INIT seed="1,0,0,4,1,8" ten="240,245,245,270" oya="1" hai0="135,117,129,65,5,26,111,40,101,22,73,19,120" hai1="70,12,115,104,118,71,51,122,131,64,15,62,108" hai2="39,112,134,69,30,28,61,86,100,54,56,13,127" hai3="20,89,11,75,47,50,92,82,88,23,116,121,102"/><U99/><E115/><V128/><F39/><W9/><G121/><T119/><D73/><U7/><E118/><V52/><F112/><W125/><G125/><T49/><D101/><U110/><E122/><V106/><F127/><W96/><G116/><N who="0" m="44619" /><D120/><U93/><E104/><V105/><F69/><W83/><G75/><T132/><D65/><U74/><E74/><V85/><F128/><W126/><G126/><T37/><D37/><U35/><E131/><V77/><F134/><N who="0" m="51242" /><D129/><U72/><E72/><V59/><F100/><W98/><G50/><T45/><D5/><U81/><E71/><V1/><F1/><W6/><G47/><T38/><D38/><U55/><E35/><V17/><F77/><W94/><REACH who="3" step="1"/><G102/><REACH who="3" ten="240,245,245,260" step="2"/><T10/><D10/><U25/><E51/><V18/><F61/><W67/><G67/><T95/><D95/><U42/><E93/><V21/><F106/><W14/><G14/><T27/><D111/><U103/><E108/><V63/><F105/><W124/><G124/><T43/><D26/><U41/><E110/><V57/><F63/><W0/><G0/><T16/><D43/><U4/><E42/><V76/><F54/><W60/><G60/><T24/><D27/><U34/><E41/><V68/><F52/><W2/><G2/><T32/><D32/><U91/><E34/><V48/><F48/><W107/><G107/><T33/><D33/><U58/><E25/><V78/><F13/><N who="1" m="5193" /><E103/><V84/><F68/><W87/><G87/><T79/><D79/><N who="2" m="30250" /><F21/><W36/><G36/><T46/><D46/><U130/><E130/><V31/><AGARI ba="0,1" hai="17,18,28,30,31,56,57,59,84,85,86" m="30250" machi="31" ten="40,12000,2" yaku="5,1,29,2,28,2,8,1" doraHai="8" who="2" fromWho="2" sc="240,-30,245,-60,245,130,260,-30" /><INIT seed="2,0,0,4,1,55" ten="210,185,375,230" oya="2" hai0="93,116,119,28,130,127,47,30,103,46,128,53,19" hai1="135,3,22,84,131,78,49,51,37,101,71,29,7" hai2="95,74,67,77,106,64,41,117,20,132,17,2,99" hai3="83,85,10,39,89,133,60,27,48,96,102,57,126"/><V79/><F117/><N who="0" m="45130" /><D19/><U81/><E37/><V11/><F106/><W80/><G126/><T115/><D115/><U12/><E71/><V24/><F132/><W112/><G133/><T45/><D127/><U54/><E135/><V110/><F110/><W58/><G39/><T124/><D124/><U21/><E131/><N who="0" m="50217" /><D53/><U134/><E134/><V34/><F34/><W72/><G112/><T121/><D121/><U43/><E3/><V9/><F2/><W91/><G10/><N who="2" m="3593" /><F41/><W40/><G27/><T120/><D120/><U125/><E125/><V109/><F74/><W8/><G8/><T87/><D87/><U113/><E113/><V100/><F109/><W35/><G35/><T16/><D16/><N who="1" m="10375" /><E7/><V98/><F98/><AGARI ba="0,0" hai="28,30,45,46,47,93,98,103" m="50217,45130" machi="98" ten="40,2600,0" yaku="12,1,19,1" doraHai="55" who="0" fromWho="2" sc="210,26,185,0,375,-26,230,0" /><INIT seed="3,0,0,0,5,103" ten="236,185,349,230" oya="3" hai0="90,110,28,8,92,37,49,97,76,32,58,104,123" hai1="63,83,106,66,126,130,112,15,6,34,122,78,73" hai2="41,38,91,102,45,5,124,22,70,71,56,19,30" hai3="98,36,4,54,133,125,134,131,115,17,50,59,80"/><W68/><G115/><T96/><D37/><U89/><E112/><V61/><F124/><W9/><G125/><T116/><D123/><U11/><E126/><V108/><F108/><W43/><G131/><T95/><D116/><U81/><E130/><V20/><F102/><W75/><G17/><T62/><D110/><U72/><E122/><V87/><F5/><W51/><G68/><T33/><D76/><U128/><E128/><V48/><F38/><W40/><G36/><T79/><D79/><U31/><E31/><V3/><F3/><N who="3" m="159" /><G51/><T94/><D49/><U21/><E34/><V99/><F99/><W114/><G114/><T7/><D95/><U47/><E21/><V24/><F22/><W65/><G65/><T29/><D33/><U67/><E47/><V93/><F19/><W132/><G98/><T39/><D32/><U77/><E106/><V27/><F27/><W129/><G129/><T13/><D39/><U101/><E101/><V127/><F127/><W42/><G80/><T23/><D104/><U14/><E89/><V100/><F100/><W53/><G53/><AGARI ba="0,0" hai="20,24,30,41,45,48,53,56,61,70,71,87,91,93" machi="53" ten="30,1000,0" yaku="7,1" doraHai="103" who="2" fromWho="3" sc="236,0,185,0,349,10,230,-10" owari="236,3.6,185,-31.5,359,45.9,220,-18.0" /></mjloggm>