<mjloggm ver="2.3"><GO type="225" lobby="0"/><UN n0="%E9%80%9F%E6%B0%B4%E5%87%9B%E9%A6%99" n1="%73%69%72%6F%75%74" n2="%33%74%72%65%65" n3="%E3%82%AD%E3%83%AA%E3%83%B3%E3%82%AD%E3%83%AA%E3%83%B3" dan="16,16,17,16" rate="2088.84,2003.27,2198.26,2135.10" sx="F,M,F,M"/><TAIKYOKU oya="0"/><INIT seed="0,0,0,4,4,59" ten="250,250,250,250" oya="0" hai0="88,5,91,132,34,50,89,23,33,66,53,86,0" hai1="115,10,30,118,99,2,128,75,85,35,38,82,40" hai2="112,56,123,63,133,101,29,32,111,117,14,1,55" hai3="60,26,131,44,65,100,51,121,109,16,36,54,87"/><T48/><D132/><U8/><E118/><V124/><F1/><W102/><G109/><T125/><D125/><U107/><E10/><V106/><F123/><W83/><G36/><T6/><D66/><U80/><E80/><V47/><F112/><W68/><G131/><T37/><D37/><U94/><E128/><V61/><F133/><W96/><G96/><T110/><D110/><U90/><E30/><V18/><F111/><W120/><G121/><T67/><D67/><U9/><E35/><V119/><F47/><W22/><REACH who="3" step="1"/><G120/><REACH who="3" ten="250,250,250,240" step="2"/><T41/><D0/><U71/><E2/><V114/><F114/><W15/><G15/><T45/><D86/><U7/><E38/><V130/><F130/><W78/><AGARI ba="0,1" hai="16,22,26,44,51,54,60,65,68,78,83,87,100,102" machi="78" ten="20,8000,1" yaku="1,1,0,1,7,1,52,1,54,1,53,0" doraHai="59" doraHaiUra="84" who="3" fromWho="3" sc="250,-40,250,-20,250,-20,240,90" /><INIT seed="1,0,0,0,1,135" ten="210,230,230,330" oya="1" hai0="121,90,33,75,34,3,110,76,58,32,12,49,16" hai1="57,60,44,77,4,123,97,79,131,87,65,100,52" hai2="21,81,74,43,13,73,106,37,0,69,130,132,24" hai3="28,17,42,124,6,20,117,134,22,103,80,72,66"/><U62/><E131/><V88/><F0/><W40/><G117/><T14/><D3/><U102/><E123/><V114/><F130/><W51/><G66/><T133/><D133/><U8/><E87/><N who="2" m="50287" /><F69/><W93/><G6/><T61/><D121/><U108/><E108/><V1/><F1/><W104/><G104/><T5/><D110/><U26/><E26/><V109/><F106/><W83/><G72/><T35/><D49/><U112/><E112/><V107/><F107/><W126/><G134/><T129/><D129/><U7/><E44/><V36/><F36/><W41/><G51/><T128/><D128/><U2/><E4/><V95/><F109/><W30/><G103/><T53/><D90/><U122/><E122/><V68/><F68/><W105/><G105/><T115/><D115/><U48/><E48/><V45/><F74/><W111/><G93/><T63/><N who="0" m="8192" /><DORA hai="64" /><T86/><D75/><U67/><E67/><V92/><F73/><W71/><G17/><T38/><D38/><U99/><E102/><V127/><F114/><W18/><G18/><T25/><D61/><U94/><REACH who="1" step="1"/><E99/><REACH who="1" ten="210,220,230,330" step="2"/><V9/><F132/><W39/><G111/><T125/><D5/><U82/><E82/><N who="3" m="31274" /><G39/><T113/><D113/><U116/><E116/><V118/><F118/><W84/><G84/><T47/><D47/><U59/><AGARI ba="0,1" hai="2,7,8,52,57,59,60,62,65,77,79,94,97,100" machi="59" ten="20,7800,0" yaku="1,1,0,1,7,1,54,1,53,0" doraHai="135,64" doraHaiUra="85,11" who="1" fromWho="1" sc="210,-26,220,88,230,-26,330,-26" /><INIT seed="1,1,0,2,5,73" ten="184,308,204,304" oya="1" hai0="108,92,15,115,45,7,114,101,130,4,135,42,102" hai1="30,11,77,83,133,103,44,111,75,80,87,43,12" hai2="64,68,131,25,28,128,97,50,88,18,106,113,122" hai3="121,132,84,104,129,14,95,2,20,120,5,55,19"/><U124/><E133/><V37/><F37/><W99/><G104/><T90/><D108/><U53/><E124/><V61/><F122/><W91/><G129/><N who="2" m="49737" /><F18/><W10/><G132/><T16/><D135/><U6/><E103/><N who="2" m="62831" /><F50/><W93/><REACH who="3" step="1"/><G55/><REACH who="3" ten="184,308,204,294" step="2"/><T34/><D130/><U125/><E53/><V86/><F113/><W9/><G9/><T71/><D115/><U39/><E125/><V126/><F126/><W66/><G66/><T23/><D114/><U51/><E111/><V29/><F25/><W112/><G112/><T1/><D1/><U127/><E127/><V47/><F47/><W81/><G81/><AGARI ba="1,1" hai="28,29,61,64,68,81,86,88" m="62831,49737" machi="81" ten="30,2000,0" yaku="19,1,54,1" doraHai="73" who="2" fromWho="3" sc="184,0,308,0,204,33,294,-23" /><INIT seed="2,0,0,4,2,58" ten="184,308,237,271" oya="2" hai0="103,50,74,77,62,99,27,14,78,30,124,104,115" hai1="112,113,42,90,69,48,2,65,125,12,9,80,76" hai2="109,15,11,107,88,94,41,83,38,75,100,0,106" hai3="79,73,114,37,21,101,19,108,31,20,120,36,7"/><V66/><F0/><W105/><G114/><T25/><D115/><U123/><E2/><V45/><F100/><W23/><G7/><T131/><D131/><U60/><E90/><V97/><F109/><W91/><G108/><T18/><D124/><U52/><E42/><V67/><F75/><W70/><G70/><T132/><D50/><U118/><E118/><V92/><F83/><W135/><G135/><T47/><D47/><U126/><E123/><V29/><F94/><W72/><G120/><T55/><D132/><U33/><E33/><V87/><F97/><W133/><G31/><T34/><D25/><U96/><E96/><V17/><REACH who="2" step="1"/><F29/><REACH who="2" ten="184,308,227,271" step="2"/><W56/><G101/><T68/><D74/><U116/><E112/><V85/><F85/><W128/><G133/><T81/><D81/><U117/><E113/><V49/><F49/><W130/><G73/><T44/><D44/><N who="1" m="27655" /><E80/><V84/><F84/><W24/><G130/><T61/><D61/><U127/><E76/><V39/><F39/><W82/><G37/><T119/><D119/><U6/><AGARI ba="0,1" hai="6,9,12,60,65,69,116,117,125,126,127" m="27655" machi="6" ten="30,4000,0" yaku="18,1,52,1,54,1" doraHai="58" who="1" fromWho="1" sc="184,-10,308,50,227,-20,271,-10" /><INIT seed="3,0,0,2,3,40" ten="174,358,207,261" oya="3" hai0="25,12,8,26,63,133,42,66,98,31,83,76,5" hai1="35,47,71,19,81,52,10,128,107,86,37,79,120" hai2="9,28,113,116,23,117,21,85,99,14,95,30,80" hai3="75,59,78,20,124,50,62,90,13,88,82,122,45"/><W100/><G122/><T125/><D133/><U104/><E71/><V70/><F70/><W89/><G124/><T72/><D125/><U65/><E35/><V55/><F113/><W130/><G130/><T60/><D26/><U111/><E65/><V114/><F114/><W106/><G106/><T69/><D63/><U91/><E111/><V38/><F38/><W123/><G123/><T109/><D109/><U84/><E128/><V126/><F126/><W94/><G100/><T110/><D110/><U56/><E120/><V49/><F116/><W129/><G129/><T135/><D135/><U103/><E103/><N who="2" m="60927" /><F117/><W1/><G1/><T0/><D98/><U101/><E10/><V18/><F30/><W58/><G62/><T108/><D108/><U16/><E86/><V67/><F28/><W93/><G58/><T48/><D12/><U132/><E79/><N who="2" m="46239" /><F67/><W17/><REACH who="3" step="1"/><G59/><AGARI ba="0,0" hai="9,14,18,21,23,49,55,59" m="46239,60927" machi="59" ten="30,1000,0" yaku="8,1" doraHai="40" who="2" fromWho="3" sc="174,0,358,0,207,10,261,-10" owari="174,-32.6,358,45.8,217,-18.3,251,5.1" /></mjloggm>