<mjloggm ver="2.3"><GO type="225" lobby="0"/><UN n0="%4C%4F%4C%49%54%41" n1="%61%6D%65%6B%69" n2="%E3%82%B3%E3%83%90%E3%83%AC%E3%82%A4" n3="%E3%81%A4%E3%81%A3%E3%81%B1%E3%82%8A%E3%83%9D%E3%83%BC%E3%83%AB" dan="16,16,16,17" rate="2171.84,2092.61,2089.80,2257.38" sx="F,M,M,M"/><TAIKYOKU oya="0"/><INIT seed="0,0,0,0,1,56" ten="250,250,250,250" oya="0" hai0="67,35,81,21,58,134,29,74,118,13,32,64,66" hai1="120,127,117,4,94,41,14,65,100,88,11,22,46" hai2="54,89,121,23,78,45,124,16,2,6,73,7,93" hai3="72,130,53,75,24,110,48,131,31,82,80,104,128"/><T33/><D118/><U52/><E117/><V107/><F107/><W63/><G110/><T34/><D134/><U109/><E120/><V102/><F102/><W59/><G104/><T111/><N who="0" m="8192" /><DORA hai="113" /><T20/><D111/><U79/><E127/><V133/><F124/><W55/><G24/><T19/><D29/><U106/><E109/><V101/><F101/><W8/><G8/><T61/><REACH who="0" step="1"/><D21/><REACH who="0" ten="240,250,250,250" step="2"/><U38/><E22/><V15/><F121/><W91/><G31/><T125/><D125/><U5/><E106/><V36/><F133/><W47/><REACH who="3" step="1"/><G91/><REACH who="3" ten="240,250,250,240" step="2"/><T126/><D126/><U1/><E100/><V44/><F89/><W129/><N who="3" m="32768" /><DORA hai="18" /><W97/><G97/><T83/><D83/><AGARI ba="0,2" hai="47,48,53,55,59,63,72,75,80,82,83" m="32768" machi="83" ten="70,12000,2" yaku="1,1,19,1,52,1,53,4" doraHai="56,113,18" doraHaiUra="12,76,42" who="3" fromWho="0" sc="240,-120,250,0,250,0,240,140" /><INIT seed="1,0,0,3,1,135" ten="120,250,250,380" oya="1" hai0="15,13,94,116,12,79,1,25,34,53,73,16,54" hai1="92,7,91,50,103,90,66,45,32,111,39,64,72" hai2="44,31,42,26,89,40,82,109,38,48,2,24,28" hai3="132,56,67,127,23,11,86,49,100,17,78,130,119"/><U6/><E32/><V121/><F2/><W9/><G132/><T115/><D115/><U101/><E72/><V117/><F117/><W65/><G130/><T41/><D116/><U52/><E39/><V124/><F121/><W5/><G119/><T126/><D1/><U43/><E111/><V113/><F113/><W88/><G100/><N who="1" m="38474" /><E43/><V36/><F48/><W70/><G78/><T55/><D41/><U133/><E133/><V8/><F8/><N who="3" m="3147" /><G127/><T106/><D106/><U102/><N who="1" m="38482" /><U58/><DORA hai="4" /><E91/><V107/><F89/><W57/><G5/><N who="1" m="1546" /><E58/><N who="3" m="22634" /><G49/><T99/><D126/><U118/><E118/><V22/><F124/><W19/><G70/><T62/><D79/><U104/><E104/><V21/><F107/><W71/><G71/><T95/><D73/><U33/><E33/><V123/><F123/><W27/><G19/><T61/><D34/><U47/><E47/><V35/><F35/><W120/><G120/><T30/><D30/><U46/><E46/><V63/><F109/><W37/><G37/><T81/><D62/><U10/><E10/><V84/><F38/><W0/><G0/><T125/><D125/><U59/><E45/><V93/><F36/><W69/><G69/><T14/><D61/><U75/><E75/><V108/><F108/><W18/><G17/><T134/><D134/><U60/><E50/><V76/><F44/><W110/><G110/><T97/><D16/><U122/><E122/><V51/><F51/><W96/><G96/><AGARI ba="0,0" hai="52,59,60,64,66,90,92,96" m="1546,38482" machi="96" ten="30,2900,0" yaku="8,1,54,1" doraHai="135,4" who="1" fromWho="3" sc="120,0,250,29,250,0,380,-29" /><INIT seed="1,1,0,0,4,62" ten="120,279,250,351" oya="1" hai0="61,47,55,97,20,46,96,107,16,91,69,48,119" hai1="51,103,38,32,106,110,79,23,75,59,89,21,95" hai2="35,31,108,54,70,78,76,80,123,50,135,60,49" hai3="88,114,56,0,67,92,39,81,121,90,33,29,113"/><U85/><E38/><V73/><F123/><W44/><G0/><T122/><D119/><U116/><E32/><V45/><F135/><W40/><G121/><T84/><D122/><U111/><E116/><V100/><F108/><N who="1" m="41513" /><E51/><V83/><F100/><W43/><G43/><T22/><D22/><U127/><E127/><V132/><F132/><W25/><G81/><T12/><D107/><U37/><E37/><V58/><F70/><W10/><G10/><T104/><D104/><U93/><E93/><V105/><F105/><W130/><G130/><T1/><D1/><U26/><E26/><V94/><F94/><W99/><REACH who="3" step="1"/><G90/><REACH who="3" ten="120,279,250,341" step="2"/><T72/><D72/><U129/><E129/><V24/><REACH who="2" step="1"/><F45/><REACH who="2" ten="120,279,240,341" step="2"/><W63/><AGARI ba="1,2" hai="25,29,33,39,40,44,56,63,67,88,92,99,113,114" machi="63" ten="30,8000,1" yaku="1,1,2,1,0,1,52,1,54,1,53,0" doraHai="62" doraHaiUra="101" who="3" fromWho="3" sc="120,-21,279,-41,240,-21,341,103" /><INIT seed="2,0,0,3,0,66" ten="99,238,219,444" oya="2" hai0="122,101,42,72,116,113,87,76,34,130,22,33,104" hai1="90,102,64,103,114,25,18,100,128,77,37,14,52" hai2="50,132,1,68,134,125,65,24,16,96,91,74,11" hai3="78,0,94,105,62,9,119,13,109,85,61,36,84"/><V70/><F74/><W12/><G105/><T95/><D42/><U97/><E37/><V19/><F65/><W15/><G119/><T40/><D40/><U43/><E114/><V81/><F50/><W121/><G121/><T53/><D122/><U56/><E43/><V89/><F1/><W123/><G36/><T30/><D113/><U54/><E128/><V110/><F125/><W124/><G123/><T107/><D53/><U115/><E25/><V7/><F7/><W106/><G106/><T127/><D130/><U86/><E77/><V35/><F35/><W120/><G120/><T118/><D22/><U83/><E97/><V82/><F24/><W41/><G0/><T32/><D30/><U27/><E27/><V63/><F63/><N who="3" m="24075" /><G41/><T45/><D45/><U46/><E115/><V135/><F110/><W111/><G124/><T3/><D3/><U38/><E38/><V93/><F91/><N who="3" m="53607" /><G111/><T4/><D127/><U44/><E64/><V129/><F129/><W60/><G60/><T23/><D4/><U6/><E6/><V67/><F67/><W117/><G117/><T21/><D107/><U99/><E99/><V47/><F47/><N who="1" m="17961" /><E56/><V126/><F126/><W92/><G109/><T131/><D131/><U80/><E80/><N who="2" m="30827" /><F11/><AGARI ba="0,0" hai="11,14,18,52,54,83,86,90,100,102,103" m="17961" machi="11" ten="30,2000,0" yaku="8,1,54,1" doraHai="66" who="1" fromWho="2" sc="99,0,238,20,219,-20,444,0" /><INIT seed="3,0,0,2,1,130" ten="99,258,199,444" oya="3" hai0="92,44,37,64,41,35,48,124,76,118,84,127,91" hai1="39,78,18,3,128,117,23,80,59,61,63,30,102" hai2="109,110,62,65,26,89,5,60,53,24,74,31,83" hai3="10,19,11,104,119,29,82,13,120,17,34,43,50"/><W93/><G104/><T51/><D118/><U94/><E39/><V20/><F5/><W57/><G82/><T75/><D35/><U6/><E3/><V87/><F74/><W95/><G120/><T116/><D116/><U99/><E128/><V12/><F12/><N who="3" m="7319" /><G34/><T68/><D75/><U2/><E2/><V90/><F89/><W133/><G29/><T121/><D121/><U52/><E30/><V123/><F123/><W47/><G119/><T21/><D76/><U27/><E6/><V1/><F1/><W14/><G57/><T85/><D21/><U88/><E117/><V58/><REACH who="2" step="1"/><F26/><REACH who="2" ten="99,258,189,444" step="2"/><W25/><G25/><T98/><D85/><N who="1" m="48279" /><E88/><V131/><F131/><W4/><G50/><AGARI ba="0,1" hai="18,23,27,50,52,59,61,63,94,99,102" m="48279" machi="50" ten="30,2000,0" yaku="8,1,54,1" doraHai="130" who="1" fromWho="3" sc="99,0,258,30,189,0,444,-20" owari="99,-40.1,288,8.8,189,-21.1,424,52.4" /></mjloggm>