<mjloggm ver="2.3"><GO type="225" lobby="0"/><UN n0="%72%65%6E%6B%75%6E" n1="%E9%80%86%E9%80%A3%E5%B8%AF%E3%81%AE%E9%AC%BC" n2="%E3%80%93%E3%81%97%E3%83%BC%E3%82%89%E3%80%93" n3="%E6%A1%9C%E8%8A%B1%E9%96%83%E3%80%85" dan="17,17,16,16" rate="2269.58,2197.36,2162.80,2143.90" sx="M,M,M,M"/><TAIKYOKU oya="0"/><INIT seed="0,0,0,4,1,90" ten="250,250,250,250" oya="0" hai0="31,29,97,55,130,52,85,68,125,114,45,135,69" hai1="72,99,121,42,120,10,111,43,36,102,96,62,106" hai2="58,47,86,37,124,56,11,118,38,107,110,91,84" hai3="93,32,122,127,65,94,92,39,9,113,60,44,83"/><T49/><D114/><U7/><E111/><V87/><F107/><W98/><G113/><T76/><D130/><U70/><E72/><V34/><F34/><W28/><G127/><T25/><D135/><U77/><E77/><V109/><F124/><W81/><G122/><T33/><D125/><U117/><E117/><V79/><F79/><W108/><G108/><N who="2" m="41577" /><F118/><W24/><G98/><T6/><D6/><U40/><E36/><N who="2" m="13931" /><F47/><W2/><G9/><T131/><D31/><U13/><REACH who="1" step="1"/><E99/><REACH who="1" ten="250,240,250,250" step="2"/><V64/><F87/><W82/><G2/><T41/><D131/><U119/><E119/><V51/><F86/><W115/><G115/><T59/><D97/><U14/><E14/><V15/><F64/><AGARI ba="0,1" hai="7,10,13,40,42,43,62,64,70,96,102,106,120,121" machi="64" ten="40,1300,0" yaku="1,1,53,0" doraHai="90" doraHaiUra="126" who="1" fromWho="2" sc="250,0,240,23,250,-13,250,0" /><INIT seed="1,0,0,3,4,129" ten="250,263,237,250" oya="1" hai0="14,33,27,84,91,121,87,104,57,20,16,29,92" hai1="107,105,88,126,76,85,94,120,71,128,39,68,34" hai2="97,73,8,86,122,133,124,79,40,100,72,110,12" hai3="63,103,96,42,78,17,31,89,41,15,83,44,111"/><U1/><E120/><V119/><F122/><W50/><G111/><T65/><D121/><U114/><E128/><V48/><F110/><W7/><G31/><T30/><D104/><U117/><E117/><V22/><F119/><W131/><G131/><T123/><D123/><U98/><E114/><V4/><F22/><W102/><G7/><T82/><D30/><U66/><E1/><V90/><F124/><W99/><G42/><T59/><REACH who="0" step="1"/><D65/><REACH who="0" ten="240,263,237,250" step="2"/><U112/><E66/><V13/><F73/><W47/><G102/><T49/><D49/><U101/><E126/><V56/><F72/><W55/><G103/><T10/><D10/><U38/><E107/><V3/><F100/><W26/><G63/><T58/><D58/><U127/><E127/><V67/><F67/><W52/><G47/><T21/><D21/><U109/><E109/><V51/><F56/><W36/><G50/><T24/><D24/><U6/><E112/><V80/><F51/><W0/><G26/><T60/><D60/><U135/><E101/><V106/><F106/><W125/><G125/><T74/><D74/><U9/><E105/><V132/><F48/><W25/><G25/><T18/><D18/><U62/><E62/><V115/><F115/><W23/><G17/><T5/><D5/><U54/><E9/><V108/><F108/><W19/><G19/><T64/><D64/><U130/><E6/><V53/><F40/><W32/><G41/><T11/><D11/><U70/><E70/><V46/><F53/><W43/><G55/><T77/><AGARI ba="0,1" hai="14,16,20,27,29,33,57,59,77,82,84,87,91,92" machi="77" ten="20,5200,0" yaku="1,1,0,1,7,1,54,1,53,0" doraHai="129" doraHaiUra="118" who="0" fromWho="0" sc="240,62,263,-26,237,-13,250,-13" /><INIT seed="2,0,0,5,4,76" ten="302,237,224,237" oya="2" hai0="54,41,105,119,7,104,28,51,43,15,57,88,59" hai1="100,87,109,62,94,102,108,124,20,89,58,49,22" hai2="50,63,112,42,79,67,52,34,83,6,98,80,122" hai3="47,77,78,123,25,56,19,61,26,71,131,129,17"/><V115/><F34/><W92/><G71/><T4/><D119/><U117/><E117/><V82/><F122/><W38/><G123/><T70/><D70/><U35/><E35/><V72/><F42/><N who="0" m="15882" /><D105/><U11/><E124/><V33/><F33/><W40/><G92/><T65/><D104/><U32/><E32/><V73/><F6/><W90/><G90/><T53/><D65/><U24/><E49/><V103/><F73/><W99/><G99/><T120/><D120/><U55/><E11/><V84/><F98/><W30/><G30/><T96/><D28/><U3/><E3/><V23/><F103/><W5/><G5/><T9/><D7/><U64/><E20/><V21/><F115/><W37/><G37/><T85/><D96/><U127/><E127/><V107/><F107/><W8/><G19/><T1/><D1/><U39/><E39/><V2/><F2/><W110/><G110/><N who="1" m="42602" /><E64/><V116/><F112/><W69/><G129/><T10/><D10/><U46/><E46/><N who="2" m="27735" /><F116/><W114/><G131/><T101/><D101/><U66/><E66/><V106/><F106/><W118/><G118/><T86/><D88/><U36/><E36/><V95/><F72/><W134/><G114/><T18/><D4/><U111/><E111/><V81/><F95/><W93/><G93/><T74/><D74/><U75/><E75/><V97/><F97/><W130/><G130/><T126/><D126/><U121/><E121/><V132/><F132/><W128/><G134/><T133/><D133/><U0/><E0/><V13/><F13/><N who="3" m="7335" /><G128/><T135/><D135/><U45/><E45/><RYUUKYOKU ba="0,0" sc="302,10,237,10,224,10,237,-30" hai0="9,15,18,51,53,54,57,59,85,86" hai1="22,24,55,58,62,87,89,94,100,102" hai2="21,23,63,67,79,80,81,82,83,84" /><INIT seed="2,1,0,5,0,53" ten="312,247,234,207" oya="2" hai0="46,37,70,56,26,79,16,60,127,48,0,45,14" hai1="8,36,76,34,75,43,74,112,88,119,121,1,91" hai2="131,5,78,20,134,77,63,105,64,35,49,107,86" hai3="57,133,41,54,67,126,115,101,12,19,93,132,42"/><V32/><F5/><W18/><G126/><T85/><D127/><U61/><E119/><V11/><F11/><W73/><G73/><T65/><D0/><U109/><E112/><V39/><F39/><W9/><G67/><T6/><D6/><U83/><E34/><V81/><F78/><W135/><G115/><T47/><D26/><U114/><E114/><V100/><F131/><W52/><G54/><N who="0" m="31815" /><D79/><U15/><E109/><V102/><F134/><W10/><G101/><T17/><D85/><U55/><E121/><V71/><F102/><W13/><G93/><T129/><D129/><U103/><E103/><V116/><F116/><W128/><G128/><T68/><D68/><U51/><E75/><V106/><F100/><W80/><G80/><T120/><D120/><U111/><E111/><V38/><F38/><W22/><G22/><N who="0" m="11543" /><D17/><U110/><E1/><V122/><F122/><W72/><REACH who="3" step="1"/><G72/><REACH who="3" ten="312,247,234,197" step="2"/><T82/><D82/><U118/><E110/><V97/><F20/><W33/><G33/><T92/><D92/><U66/><E118/><V59/><F32/><W40/><G40/><AGARI ba="1,1" hai="37,40,45,46,47,60,65,70" m="11543,31815" machi="40" ten="30,3900,0" yaku="24,1,52,1,54,1" doraHai="53" who="0" fromWho="3" sc="312,52,247,0,234,0,197,-42" /><INIT seed="3,0,0,5,0,88" ten="364,247,234,155" oya="3" hai0="40,133,37,103,132,9,74,65,84,28,25,108,32" hai1="131,118,105,36,15,125,4,17,128,18,44,7,99" hai2="79,89,126,14,116,52,69,67,121,66,78,38,93" hai3="0,135,33,5,56,87,119,57,124,95,39,19,53"/><W60/><G119/><T76/><D108/><U27/><E118/><V127/><F38/><W96/><G124/><N who="2" m="47657" /><F116/><W54/><G135/><T101/><D74/><U68/><E125/><V83/><F121/><W73/><G73/><T58/><D9/><U12/><E68/><V51/><F14/><W8/><G39/><T47/><D58/><U81/><E27/><V114/><F114/><W117/><G117/><T106/><D65/><N who="2" m="24586" /><F83/><W20/><G33/><T90/><D76/><U70/><E70/><V16/><F16/><W30/><G30/><T10/><D10/><U122/><E81/><V64/><F64/><W110/><G87/><T112/><D112/><U21/><E122/><V85/><F69/><W13/><G110/><T42/><D42/><U34/><E34/><V120/><F120/><W113/><G113/><T1/><D1/><U107/><E36/><V75/><F75/><W35/><G35/><T48/><D37/><U97/><E44/><AGARI ba="0,0" hai="44,51,52,78,79,85,89,93" m="24586,47657" machi="44" ten="30,3900,0" yaku="18,1,52,1,54,1" doraHai="88" who="2" fromWho="1" sc="364,0,247,-39,234,39,155,0" owari="364,46.4,208,-19.2,273,7.3,155,-34.5" /></mjloggm>