<mjloggm ver="2.3"><GO type="225" lobby="0"/><UN n0="%E8%81%B7%E6%A5%AD%E3%80%81%E9%A2%A8%32" n1="%E6%A1%9C%E8%8A%B1%E9%96%83%E3%80%85" n2="%E5%A4%96%E5%B7%9D%E7%AB%9C%E6%88%90" n3="%E3%83%AD%E3%83%83%E3%83%86%E9%9B%80%E7%90%83" dan="16,18,16,17" rate="2158.19,2290.33,2172.33,2240.08" sx="M,M,M,M"/><TAIKYOKU oya="0"/><INIT seed="0,0,0,3,0,9" ten="250,250,250,250" oya="0" hai0="33,39,126,79,40,116,19,94,37,55,111,66,18" hai1="49,119,26,32,4,53,73,105,122,98,14,135,10" hai2="108,57,81,23,71,133,11,104,41,107,103,101,21" hai3="124,121,13,125,35,43,6,129,17,36,68,120,75"/><T89/><D116/><U62/><E122/><N who="3" m="47210" /><G68/><T117/><D117/><U92/><E119/><V27/><F71/><W50/><G75/><T114/><D114/><U16/><E105/><V84/><F41/><W134/><G36/><T70/><D33/><U2/><E73/><V77/><F108/><W15/><G134/><T65/><D126/><N who="3" m="48745" /><G129/><T99/><D111/><U22/><E62/><V52/><F133/><W38/><G38/><T29/><D29/><U47/><E135/><V61/><F11/><N who="3" m="4343" /><G35/><T90/><D70/><U54/><E54/><V109/><F109/><W58/><G58/><T45/><D39/><U80/><E80/><V25/><F107/><W20/><G50/><T74/><D74/><U102/><REACH who="1" step="1"/><E32/><REACH who="1" ten="250,240,250,250" step="2"/><V24/><REACH who="2" step="1"/><F104/><REACH who="2" ten="250,240,240,250" step="2"/><W85/><G43/><T100/><D40/><U95/><E95/><V56/><F56/><W82/><G82/><T78/><D94/><U0/><AGARI ba="0,2" hai="0,2,4,10,14,16,22,26,47,49,53,92,98,102" machi="0" ten="30,8000,1" yaku="1,1,0,1,52,1,54,1,53,1" doraHai="9" doraHaiUra="1" who="1" fromWho="1" sc="250,-40,240,100,240,-20,250,-20" /><INIT seed="1,0,0,3,1,42" ten="210,340,220,230" oya="1" hai0="8,41,78,51,5,43,115,91,69,105,85,30,56" hai1="83,17,65,14,21,131,117,39,33,129,67,13,122" hai2="47,64,31,114,119,77,100,109,19,61,3,46,92" hai3="135,48,16,52,59,37,20,124,101,60,75,96,66"/><U128/><E117/><V40/><F119/><W104/><G124/><T55/><D115/><U44/><E122/><V113/><F3/><W24/><G135/><T63/><D105/><U123/><E123/><V34/><F77/><W120/><G120/><T106/><D106/><U72/><E33/><V126/><F126/><W86/><G75/><T54/><D78/><N who="1" m="44487" /><E13/><V12/><F40/><AGARI ba="0,0" hai="14,17,21,39,40,44,65,67,128,129,131" m="44487" machi="40" ten="30,2900,0" yaku="19,1,52,1" doraHai="42" who="1" fromWho="2" sc="210,0,340,29,220,-29,230,0" /><INIT seed="1,1,0,4,4,60" ten="210,369,191,230" oya="1" hai0="118,70,58,33,91,128,46,19,77,133,16,12,79" hai1="117,95,25,31,124,93,41,67,5,29,74,75,24" hai2="78,119,107,114,87,1,38,61,55,126,89,81,82" hai3="4,125,102,86,36,20,127,51,63,134,104,7,129"/><U103/><E117/><V100/><F1/><W106/><G36/><T98/><D118/><U108/><E41/><V21/><F38/><W42/><G129/><T135/><D70/><U113/><E5/><N who="3" m="2122" /><G102/><T96/><D33/><U2/><E2/><V45/><F119/><W40/><G134/><N who="0" m="51211" /><D128/><U14/><E14/><V8/><F8/><W123/><G123/><T30/><D30/><U85/><E85/><V72/><F126/><N who="3" m="48139" /><G20/><N who="0" m="11271" /><D46/><U101/><E124/><V48/><F114/><W71/><G86/><T18/><D58/><U10/><E108/><V49/><F21/><W17/><G17/><N who="0" m="6155" /><D91/><U76/><E76/><AGARI ba="1,0" hai="76,77,79,96,98" m="6155,11271,51211" machi="76" ten="30,2000,0" yaku="20,1,54,1" doraHai="60" who="0" fromWho="1" sc="210,23,369,-23,191,0,230,0" /><INIT seed="2,0,0,3,3,36" ten="233,346,191,230" oya="2" hai0="20,38,92,77,14,89,109,62,56,127,128,75,24" hai1="79,13,66,73,45,17,53,55,5,98,113,1,18" hai2="91,44,81,68,40,27,94,58,10,115,120,42,76" hai3="30,46,59,130,106,104,60,110,64,67,8,103,70"/><V32/><F120/><W26/><G110/><T97/><D109/><U57/><E113/><V12/><F115/><W124/><G124/><T2/><D2/><U116/><E1/><V52/><F68/><W87/><G130/><T35/><D38/><U80/><E116/><V33/><F33/><W28/><G87/><T119/><D127/><U126/><E126/><V95/><F32/><W43/><G8/><T25/><D128/><U83/><E17/><V82/><F27/><W129/><G129/><T88/><D119/><U31/><E31/><V7/><F44/><W121/><G121/><T122/><D122/><U4/><E98/><N who="2" m="57695" /><F95/><W135/><G135/><T49/><D77/><U101/><E80/><N who="2" m="30827" /><F76/><W51/><G103/><N who="0" m="60839" /><D75/><U34/><E34/><V63/><AGARI ba="0,0" hai="7,10,12,40,42,52,58,63" m="30827,57695" machi="63" ten="30,11700,0" yaku="8,1,52,2,54,1" doraHai="36" who="2" fromWho="2" sc="233,-39,346,-39,191,117,230,-39" /><INIT seed="2,1,0,2,4,56" ten="194,307,308,191" oya="2" hai0="79,72,25,20,115,134,122,103,76,81,124,44,105" hai1="5,10,29,38,61,90,14,99,68,109,74,13,35" hai2="63,129,41,106,42,23,133,107,49,120,131,84,36" hai3="16,71,93,11,125,110,73,26,7,58,92,112,111"/><V8/><F120/><W31/><G71/><T69/><D115/><U55/><E38/><V15/><F36/><W4/><G73/><T104/><D122/><U88/><E74/><V24/><F84/><W75/><G75/><T28/><D124/><U62/><E109/><N who="3" m="41482" /><G125/><T135/><D79/><U123/><E123/><V48/><F133/><N who="0" m="50698" /><D103/><U64/><E14/><V65/><F48/><W70/><G70/><T9/><D69/><U130/><E130/><N who="2" m="49675" /><F49/><W37/><G37/><T96/><D96/><U50/><E62/><V77/><F77/><W118/><G118/><T17/><D44/><U116/><E116/><V19/><F42/><W95/><G112/><T34/><D9/><U102/><E29/><N who="2" m="17567" /><F41/><W121/><G121/><T86/><D72/><U98/><E98/><V46/><F46/><W3/><G58/><AGARI ba="1,0" hai="8,15,19,58,63,65,106,107" m="17567,49675" machi="58" ten="30,2900,0" yaku="19,1,52,1" doraHai="56" who="2" fromWho="3" sc="194,0,307,0,308,32,191,-32" /><INIT seed="2,2,0,5,1,130" ten="194,307,340,159" oya="2" hai0="92,77,30,96,91,7,61,76,41,43,121,60,25" hai1="14,106,51,103,10,120,124,107,54,97,78,57,102" hai2="95,12,37,82,80,104,69,17,113,19,2,52,67" hai3="87,15,27,127,85,115,28,125,126,21,122,105,135"/><V4/><F113/><W34/><G122/><T75/><D121/><U79/><E120/><V112/><F104/><W45/><G115/><T8/><D43/><U42/><E124/><V131/><F37/><W108/><G108/><T23/><D41/><U66/><E66/><V70/><F70/><W56/><G105/><T98/><D96/><U46/><E103/><V134/><F134/><W86/><G45/><T58/><D75/><U40/><E40/><V128/><F112/><W18/><G56/><T33/><D33/><U73/><E73/><V100/><F67/><W81/><REACH who="3" step="1"/><G135/><REACH who="3" ten="194,307,340,149" step="2"/><T0/><REACH who="0" step="1"/><D61/><REACH who="0" ten="184,307,340,149" step="2"/><U24/><E107/><V49/><F131/><W3/><G3/><T65/><AGARI ba="2,2" hai="0,7,8,23,25,30,58,60,65,76,77,91,92,98" machi="65" ten="20,8000,1" yaku="1,1,2,1,0,1,7,1,53,1" doraHai="130" doraHaiUra="88" who="0" fromWho="0" sc="184,106,307,-22,340,-42,149,-22" /><INIT seed="3,0,0,5,1,47" ten="290,285,298,127" oya="3" hai0="77,119,49,29,67,48,121,38,42,90,7,73,98" hai1="114,70,134,40,118,82,76,115,106,50,99,51,54" hai2="89,132,31,30,81,109,5,0,14,124,94,104,113" hai3="64,95,80,32,123,117,25,96,87,68,4,83,107"/><W128/><G128/><T39/><D119/><U120/><E120/><V79/><F113/><W44/><G123/><T56/><D121/><U129/><E129/><V131/><F131/><W92/><G117/><T86/><D38/><U27/><E118/><V20/><F104/><W15/><G4/><T69/><D73/><U3/><E3/><V127/><F109/><W111/><G15/><T12/><D69/><U126/><E70/><V72/><F132/><W84/><G44/><N who="0" m="25623" /><D39/><U16/><E134/><V28/><F0/><W2/><G2/><T135/><D135/><U33/><E50/><V60/><F60/><W65/><G68/><T46/><D29/><U93/><E106/><V37/><F37/><W105/><G32/><T1/><D1/><U101/><E40/><V108/><F108/><W41/><G111/><T57/><D67/><U9/><E126/><N who="2" m="48171" /><F5/><W6/><G6/><T88/><D98/><U97/><E97/><N who="2" m="57551" /><F14/><W59/><G41/><N who="0" m="24783" /><D77/><U63/><E63/><V66/><F66/><W78/><G96/><T22/><D90/><U133/><E133/><V10/><F10/><W85/><G85/><T58/><D7/><U18/><E9/><V110/><F110/><W91/><G91/><T13/><D22/><AGARI ba="0,0" hai="20,22,28,30,31,72,79,81" m="57551,48171" machi="22" ten="30,1000,0" yaku="18,1" doraHai="47" who="2" fromWho="0" sc="290,-10,285,0,298,10,127,0" owari="280,-12.0,285,8.5,308,40.8,127,-37.3" /></mjloggm>