<mjloggm ver="2.3"><GO type="225" lobby="0"/><UN n0="%E6%A0%B9%E5%85%83%E3%81%8B%E3%82%89%E5%90%B9%E3%81%A3%E9%A3%9B%E3%81%B6" n1="%E3%81%B5%E3%81%98%E3%81%8B%E3%81%A4" n2="%E4%BF%BA%E3%81%A8%E5%A6%96%E5%A4%A2" n3="%E9%B3%B3%E6%9D%B1%E3%81%AE%E3%81%BF%E3%81%91%E3%81%AB%E3%82%83%E3%82%93" dan="17,17,17,17" rate="2164.89,2219.83,2181.27,2160.85" sx="F,M,F,F"/><TAIKYOKU oya="0"/><INIT seed="0,0,0,5,4,31" ten="250,250,250,250" oya="0" hai0="90,128,71,36,21,130,32,85,132,68,14,89,103" hai1="93,129,44,0,112,18,23,91,119,65,101,52,6" hai2="125,109,43,51,42,82,74,92,25,80,17,5,96" hai3="47,59,69,8,20,56,73,81,87,123,55,113,1"/><T117/><D117/><U100/><E119/><V88/><F109/><W58/><G113/><T134/><D36/><U126/><E65/><V84/><F125/><W28/><G73/><T27/><D103/><U97/><E126/><V15/><F74/><W76/><G69/><N who="0" m="26699" /><D14/><U34/><E34/><V99/><F99/><W41/><G123/><T26/><D21/><U118/><E118/><V62/><F62/><W105/><G105/><T104/><D104/><U122/><E122/><V46/><F80/><W35/><G35/><T120/><D32/><U110/><E110/><V70/><F70/><W66/><G66/><T38/><D38/><U108/><E108/><V49/><F25/><N who="0" m="9226" /><D85/><U19/><E112/><V37/><F5/><W72/><G20/><T106/><D106/><U54/><E6/><V63/><F63/><W40/><G28/><T39/><D39/><U98/><E0/><V60/><F60/><W30/><G30/><T22/><D22/><U77/><E101/><V7/><F7/><W95/><G72/><T116/><D116/><U86/><E23/><V75/><F75/><W114/><G114/><T94/><D120/><U9/><E86/><V45/><F37/><W16/><G1/><T13/><D13/><N who="1" m="7471" /><E100/><N who="2" m="60423" /><F15/><N who="3" m="7271" /><G95/><T12/><D12/><U11/><E98/><V33/><F33/><W67/><G67/><T107/><D107/><U102/><E102/><V131/><F17/><W61/><G61/><T3/><D3/><U4/><E19/><V50/><F50/><AGARI ba="0,0" hai="40,41,47,50,55,56,58,59,76,81,87" m="7271" machi="50" ten="30,2000,0" yaku="8,1,54,1" doraHai="31" who="3" fromWho="2" sc="250,0,250,0,250,-20,250,20" /><INIT seed="1,0,0,5,0,132" ten="250,250,230,270" oya="1" hai0="110,93,108,26,79,131,21,98,7,61,28,96,94" hai1="49,32,12,113,46,97,45,11,128,111,125,133,90" hai2="117,53,83,43,22,89,118,81,50,92,64,17,114" hai3="65,15,134,76,78,88,10,20,86,63,120,69,35"/><U100/><E113/><V48/><F114/><W123/><G35/><T2/><D79/><U23/><E32/><V68/><F43/><W42/><G134/><T122/><D131/><U41/><E133/><V38/><F38/><W55/><G42/><T5/><D122/><U101/><E128/><V31/><F31/><W27/><G55/><T82/><D82/><U87/><E125/><V36/><F36/><W112/><G112/><T62/><D2/><U73/><E73/><V75/><F64/><W37/><G37/><T30/><REACH who="0" step="1"/><D21/><REACH who="0" ten="240,250,230,270" step="2"/><U51/><E23/><V19/><F81/><W121/><G121/><T116/><D116/><U70/><E111/><V84/><F117/><W119/><G119/><T6/><D6/><N who="1" m="3191" /><E70/><V95/><F118/><W8/><G123/><T4/><D4/><U135/><E135/><V57/><F68/><W80/><G120/><T60/><D60/><U103/><E97/><V18/><F75/><W106/><G76/><T124/><D124/><U102/><N who="1" m="25600" /><DORA hai="71" /><U85/><E90/><V16/><REACH who="2" step="1"/><F50/><REACH who="2" ten="240,250,220,270" step="2"/><W91/><G80/><T54/><D54/><AGARI ba="0,2" hai="41,45,46,49,51,54,85,87" m="25600,3191" machi="54" ten="40,2000,0" yaku="8,1" doraHai="132,71" who="1" fromWho="0" sc="240,-20,250,40,220,0,270,0" /><INIT seed="1,1,0,1,4,39" ten="220,290,220,270" oya="1" hai0="124,93,115,66,117,34,49,85,20,105,35,32,73" hai1="82,59,113,50,74,30,14,118,1,121,134,54,17" hai2="112,100,84,60,41,127,119,5,120,31,69,12,11" hai3="86,13,130,80,36,107,44,103,104,67,28,24,52"/><U110/><E121/><V18/><F120/><W76/><G130/><T9/><D115/><U64/><E113/><V132/><F112/><W53/><G67/><T61/><D124/><U48/><E118/><V94/><F119/><W87/><G13/><T42/><D105/><U26/><E1/><V62/><F127/><W8/><G8/><T29/><D73/><U21/><E134/><V22/><F132/><W27/><G103/><T38/><D38/><U79/><E110/><V96/><F69/><W56/><G86/><T95/><D117/><U78/><E78/><V15/><F31/><W109/><G109/><T2/><D85/><U43/><E64/><V71/><F71/><W77/><G77/><T25/><D49/><U65/><E65/><V92/><F41/><W75/><G75/><T128/><D42/><U123/><E123/><V72/><F72/><W111/><G111/><T102/><D102/><U33/><REACH who="1" step="1"/><E43/><REACH who="1" ten="220,280,220,270" step="2"/><V68/><F68/><W23/><G76/><T126/><D126/><U40/><E40/><V6/><F6/><W47/><G36/><T122/><D122/><U98/><E98/><V108/><F108/><W3/><G3/><T70/><D128/><U97/><E97/><V7/><F7/><W135/><G135/><T57/><D70/><U116/><E116/><V4/><F4/><W55/><G55/><T16/><D2/><U58/><E58/><V90/><AGARI ba="1,1" hai="5,11,12,15,18,22,60,62,84,90,92,94,96,100" machi="90" ten="30,2000,0" yaku="0,1,8,1" doraHai="39" who="2" fromWho="2" sc="220,-6,280,-11,220,33,270,-6" /><INIT seed="2,0,0,4,1,118" ten="214,269,253,264" oya="2" hai0="12,52,81,107,60,132,19,18,103,79,69,85,7" hai1="89,135,83,34,93,38,41,15,88,46,113,112,82" hai2="95,104,68,129,14,102,100,70,9,30,74,130,50" hai3="105,64,61,16,94,92,126,42,122,86,49,108,91"/><V54/><F104/><W75/><G105/><T1/><D132/><U78/><E135/><V117/><F117/><W77/><G108/><T123/><D1/><U128/><E128/><N who="2" m="49259" /><F30/><W72/><G126/><T99/><D123/><U37/><E34/><V131/><N who="2" m="49267" /><V133/><DORA hai="110" /><F133/><W32/><G32/><T36/><D36/><U114/><E37/><V35/><F35/><W80/><G122/><T98/><D98/><U31/><E31/><V27/><F27/><W24/><G49/><T96/><D96/><U101/><E15/><V20/><F20/><W22/><G42/><T111/><D111/><U53/><E53/><V56/><F74/><W120/><G120/><T119/><D119/><U134/><E134/><V73/><F73/><W87/><REACH who="3" step="1"/><G94/><REACH who="3" ten="214,269,253,254" step="2"/><T57/><REACH who="0" step="1"/><D69/><AGARI ba="0,1" hai="16,22,24,61,64,69,72,75,77,80,86,87,91,92" machi="69" ten="30,7700,0" yaku="1,1,2,1,7,1,54,1,53,0" doraHai="118,110" doraHaiUra="39,51" who="3" fromWho="0" sc="214,-77,269,0,253,0,254,87" /><INIT seed="3,0,0,5,2,84" ten="137,269,253,341" oya="3" hai0="104,37,45,83,57,121,127,129,43,118,119,107,7" hai1="4,2,27,128,48,74,114,58,105,113,88,97,56" hai2="71,94,18,11,3,51,120,13,110,66,52,10,33" hai3="130,54,35,14,31,0,75,12,99,86,9,124,108"/><W60/><G75/><T122/><D83/><U41/><E74/><V132/><F110/><W100/><G0/><T26/><D26/><U70/><E70/><V15/><F33/><W115/><G31/><T116/><D7/><U47/><E128/><V98/><F132/><W111/><G35/><T76/><D76/><U21/><E2/><V8/><F120/><W95/><G115/><T90/><D129/><U42/><E4/><V81/><F81/><W131/><G124/><T68/><D127/><U34/><E34/><V30/><F30/><W65/><G54/><T85/><D57/><U63/><E105/><V55/><F3/><W87/><G131/><T79/><D79/><U28/><E42/><V19/><F8/><W102/><G102/><T133/><D133/><U50/><E50/><V126/><F126/><W29/><G29/><T16/><D68/><U20/><E20/><V125/><F125/><W101/><G101/><T49/><D37/><U46/><E56/><V25/><F25/><W80/><G87/><T38/><D38/><U103/><E103/><V24/><F24/><W72/><G72/><T135/><D135/><U77/><E46/><V17/><F17/><N who="3" m="8335" /><G14/><T91/><D85/><U109/><E109/><V32/><F32/><W6/><G6/><T5/><D5/><U61/><E77/><V1/><F1/><W64/><G130/><T69/><D69/><U22/><E58/><V82/><F82/><W40/><G111/><T92/><D16/><N who="1" m="12711" /><E114/><V67/><F71/><W36/><G108/><T73/><D73/><U62/><E113/><V44/><F55/><RYUUKYOKU ba="0,0" sc="137,-10,269,-10,253,30,341,-10" hai2="10,11,13,15,18,19,44,51,52,66,67,94,98" owari="127,-37.3,259,-14.1,283,8.3,331,43.1" /></mjloggm>