<mjloggm ver="2.3"><GO type="225" lobby="0"/><UN n0="%E3%83%AB%E3%83%9B%E3%83%B3%E3%83%87%E3%82%A3%E3%82%A8" n1="%E6%98%93%E5%88%A9%E8%96%A9%E4%BC%AF" n2="%E3%81%8B%E3%82%8F%E3%81%A1%E3%82%83%E3%82%93%35%38" n3="%E3%81%82%E3%81%B9%E3%81%99%E3%81%91" dan="17,16,16,16" rate="2209.88,2061.21,2108.10,2124.04" sx="M,F,M,M"/><TAIKYOKU oya="0"/><INIT seed="0,0,0,5,2,28" ten="250,250,250,250" oya="0" hai0="91,132,69,92,44,76,75,81,36,129,64,84,26" hai1="67,90,114,133,59,68,100,54,88,109,77,121,13" hai2="113,37,107,20,41,135,18,2,82,86,125,48,55" hai3="108,4,42,119,101,60,53,49,74,32,122,46,3"/><T95/><D69/><U62/><E121/><V70/><F113/><W31/><G119/><T14/><D64/><U66/><E109/><V63/><F2/><W120/><G108/><T130/><D14/><U35/><E133/><V83/><F107/><W0/><G74/><T78/><D26/><U23/><E77/><V115/><F115/><W71/><G101/><T7/><D7/><U94/><E35/><V57/><F125/><W102/><G102/><T124/><D44/><U126/><E126/><V27/><F135/><W58/><G71/><T105/><D36/><U11/><E23/><V33/><F33/><W24/><REACH who="3" step="1"/><G4/><REACH who="3" ten="250,250,250,240" step="2"/><T98/><D132/><U110/><E110/><V16/><F70/><W93/><G93/><T118/><D118/><U19/><E114/><V87/><F83/><W12/><G12/><T9/><D124/><U56/><E68/><V99/><F82/><W1/><AGARI ba="0,1" hai="0,1,3,24,31,32,42,46,49,53,58,60,120,122" machi="1" ten="40,5200,0" yaku="1,1,0,1,52,1,53,0" doraHai="28" doraHaiUra="5" who="3" fromWho="3" sc="250,-26,250,-13,250,-13,240,62" /><INIT seed="1,0,0,5,1,0" ten="224,237,237,302" oya="1" hai0="51,29,116,90,59,61,86,3,54,53,48,23,39" hai1="52,28,45,9,15,122,65,37,95,42,129,66,38" hai2="98,32,35,11,120,87,34,117,10,33,130,69,109" hai3="5,1,103,110,4,113,17,21,89,68,22,135,67"/><U30/><E122/><V111/><F69/><W127/><G113/><T128/><D128/><U131/><E38/><V70/><F70/><W25/><G1/><T43/><D116/><U82/><E95/><V26/><F117/><W80/><G110/><N who="2" m="41993" /><F120/><W115/><G115/><T123/><D123/><U72/><E72/><V85/><F130/><N who="1" m="49673" /><E82/><V8/><N who="2" m="8192" /><DORA hai="74" /><V101/><F26/><W132/><G127/><T100/><D3/><U91/><E91/><V73/><F73/><W94/><G103/><T133/><D100/><U19/><E52/><V49/><F49/><W31/><G67/><AGARI ba="0,0" hai="9,15,19,28,30,37,42,45,65,66,67" m="49673" machi="67" ten="30,1500,0" yaku="19,1" doraHai="0,74" who="1" fromWho="3" sc="224,0,237,15,237,0,302,-15" /><INIT seed="1,1,0,4,2,74" ten="224,252,237,287" oya="1" hai0="55,119,54,112,47,37,101,3,62,10,68,121,88" hai1="18,91,32,122,66,117,56,84,25,11,12,36,102" hai2="27,120,13,60,19,111,127,95,92,115,31,58,59" hai3="67,5,33,85,44,16,23,52,104,41,77,28,98"/><U97/><E117/><V128/><F120/><W40/><G5/><T29/><D112/><U8/><E36/><V14/><F115/><W106/><G67/><T71/><D101/><U17/><E122/><V105/><F105/><W82/><G33/><T1/><D29/><U64/><E32/><V22/><F111/><W73/><G28/><T49/><D119/><U129/><E129/><V86/><F127/><W126/><G73/><T6/><D1/><U135/><E135/><V96/><F128/><W0/><G0/><T109/><D109/><U99/><E99/><V113/><F113/><W50/><G126/><T133/><D37/><U57/><E56/><V53/><F86/><W123/><G123/><T78/><D133/><U46/><E46/><V24/><F59/><W114/><G114/><T21/><D21/><U43/><E43/><V79/><F79/><W39/><G41/><T124/><D124/><U110/><E57/><V2/><F95/><W69/><G98/><T107/><D107/><U4/><E18/><V94/><F92/><W81/><G81/><T134/><D134/><U118/><E25/><V76/><F76/><W131/><G69/><N who="0" m="26699" /><D78/><U80/><E118/><V48/><F2/><W93/><G131/><T75/><D75/><U72/><E110/><V125/><F125/><W116/><G116/><T70/><D121/><U20/><E20/><N who="2" m="15751" /><F48/><W45/><G93/><T9/><D9/><U108/><E108/><V100/><AGARI ba="1,0" hai="13,14,19,22,27,53,58,60,94,96,100" m="15751" machi="100" ten="30,1100,0" yaku="8,1" doraHai="74" who="2" fromWho="2" sc="224,-4,252,-6,237,14,287,-4" /><INIT seed="2,0,0,3,4,96" ten="220,246,251,283" oya="2" hai0="97,106,99,85,40,67,116,125,59,83,21,124,74" hai1="25,86,18,78,4,43,0,46,127,64,23,133,105" hai2="39,37,110,42,48,27,115,17,94,57,45,76,114" hai3="122,15,2,89,108,135,73,52,128,112,111,33,117"/><V80/><F94/><W38/><RYUUKYOKU type="yao9" ba="0,0" sc="220,0,246,0,251,0,283,0" hai3="2,15,33,38,52,73,89,108,111,112,117,122,128,135" /><INIT seed="2,1,0,2,5,85" ten="220,246,251,283" oya="2" hai0="14,34,50,122,114,63,74,88,40,38,58,120,71" hai1="127,43,22,87,68,113,117,49,124,51,39,3,121" hai2="129,118,90,15,28,42,62,92,20,83,10,105,64" hai3="12,61,101,48,46,135,116,112,45,108,78,21,27"/><V7/><F105/><W36/><G116/><T67/><D34/><U98/><E117/><V4/><F118/><W65/><G108/><T128/><D74/><U131/><E113/><V11/><F129/><W23/><G36/><T125/><D14/><U132/><E3/><V72/><F42/><W93/><G78/><T97/><D114/><U103/><E68/><V8/><F83/><W79/><G79/><T32/><D32/><U76/><E132/><V57/><F72/><W110/><G110/><T100/><D125/><U130/><E39/><V52/><F64/><W26/><G12/><T89/><D128/><N who="1" m="49195" /><E22/><V96/><F28/><W19/><G48/><N who="1" m="18506" /><E43/><V44/><F44/><W106/><G23/><T16/><D38/><U35/><E35/><V104/><F104/><W82/><G106/><T31/><D71/><U54/><E54/><V60/><F60/><W70/><G46/><T69/><D69/><U73/><E73/><V24/><F24/><W115/><G45/><T66/><D66/><U33/><E33/><V13/><F20/><W81/><G27/><T56/><D40/><U1/><E1/><V41/><F41/><W37/><G37/><T91/><D50/><U25/><E25/><V53/><F53/><W80/><G135/><T84/><D63/><U133/><E133/><V94/><F10/><W6/><G115/><T126/><D67/><U47/><E47/><V29/><F29/><W77/><G112/><T75/><D75/><U59/><E59/><V102/><F11/><W134/><G134/><T17/><D56/><U107/><E121/><V55/><F57/><RYUUKYOKU ba="1,0" sc="220,-10,246,30,251,-10,283,-10" hai1="76,87,98,103,107,124,127" /><INIT seed="3,2,0,0,1,30" ten="210,276,241,273" oya="3" hai0="49,23,61,4,115,106,87,33,93,118,6,90,58" hai1="18,102,69,119,66,59,94,21,16,5,86,50,74" hai2="85,10,105,127,81,99,46,114,104,15,9,79,133" hai3="122,108,125,88,107,110,120,63,40,54,53,62,37"/><W11/><G107/><T64/><D118/><U45/><E74/><V34/><F114/><W0/><G125/><T32/><D106/><U121/><E121/><N who="3" m="46698" /><G11/><T82/><D115/><U131/><E131/><V31/><F127/><W44/><G88/><T113/><D113/><U98/><E69/><V55/><F104/><W78/><G78/><T67/><D67/><U35/><E35/><V52/><F9/><W126/><G0/><T70/><D23/><U103/><E5/><V22/><F22/><W128/><G128/><T84/><D4/><U135/><E135/><V80/><F133/><W101/><G101/><T92/><D6/><U112/><E119/><V57/><F81/><W132/><G132/><T7/><D7/><U14/><E86/><V89/><F79/><W129/><G129/><T51/><D93/><U2/><E2/><V111/><F99/><W43/><G43/><T13/><D13/><U65/><E103/><V47/><F105/><W71/><G126/><T100/><D100/><U116/><E116/><V29/><F89/><W68/><G68/><T19/><D19/><U24/><E112/><V12/><F80/><W109/><G71/><T72/><D72/><U95/><E95/><V41/><F10/><W60/><AGARI ba="2,0" hai="37,40,44,53,54,60,62,63,108,109,110" m="46698" machi="60" ten="40,12000,1" yaku="14,1,10,1,34,2" doraHai="30" who="3" fromWho="3" sc="210,-42,276,-42,241,-42,273,126" owari="168,-33.2,234,3.4,199,-20.1,399,49.9" /></mjloggm>