<mjloggm ver="2.3"><GO type="225" lobby="0"/><UN n0="%E3%81%8B%E3%82%8F%E3%81%A1%E3%82%83%E3%82%93%35%38" n1="%E4%BF%BA%E3%81%A8%E5%A6%96%E5%A4%A2" n2="%E6%A1%9C%E8%8A%B1%E9%96%83%E3%80%85" n3="%72%69%6F%75%63%68%61%6E" dan="17,17,16,17" rate="2228.98,2214.29,2121.94,2204.96" sx="M,F,M,M"/><TAIKYOKU oya="0"/><INIT seed="0,0,0,3,5,2" ten="250,250,250,250" oya="0" hai0="20,78,21,125,115,127,19,118,12,39,121,25,81" hai1="34,74,47,135,124,109,134,28,17,112,31,80,79" hai2="128,30,97,51,85,54,58,9,114,129,27,38,5" hai3="77,70,52,75,87,98,42,131,104,126,15,67,40"/><T105/><D39/><U37/><E109/><V45/><F114/><W49/><G75/><T66/><D105/><U26/><E112/><V16/><F97/><W108/><G108/><T35/><D115/><U22/><E124/><N who="0" m="47689" /><D66/><U11/><E31/><V41/><F85/><W88/><G126/><T57/><D57/><U3/><E17/><V113/><F113/><W101/><G131/><T96/><D96/><U48/><E22/><V130/><F16/><W13/><G77/><T120/><D35/><U8/><E8/><V55/><F55/><W18/><G67/><T64/><D64/><U86/><E86/><V23/><REACH who="2" step="1"/><F130/><REACH who="2" ten="250,250,240,250" step="2"/><W106/><G104/><T6/><D118/><U61/><E61/><V95/><F95/><W123/><G123/><T73/><D20/><U119/><E119/><V56/><F56/><W76/><G70/><T10/><AGARI ba="0,1" hai="6,10,12,19,21,25,73,78,81,120,121" m="47689" machi="10" ten="30,3000,0" yaku="18,1,52,1" doraHai="2" who="0" fromWho="0" sc="250,40,250,-10,240,-10,250,-10" /><INIT seed="0,1,0,0,5,63" ten="290,240,230,240" oya="0" hai0="97,99,106,86,8,29,53,61,39,118,17,43,44" hai1="109,81,10,51,25,75,46,133,85,40,58,27,22" hai2="120,117,48,93,62,2,121,55,126,18,73,28,84" hai3="13,32,6,26,105,47,64,50,87,34,68,102,134"/><T30/><D118/><U80/><E109/><V79/><F2/><W57/><G68/><T90/><D8/><U91/><E133/><V65/><F117/><W114/><G114/><T95/><D17/><U76/><E10/><V115/><F115/><W94/><G134/><T104/><D97/><U36/><E58/><V1/><F1/><W11/><G105/><T15/><D15/><U41/><E36/><V125/><F28/><W16/><G6/><T69/><D53/><U33/><E33/><V107/><F107/><W72/><G72/><T38/><D38/><U35/><E35/><V124/><F18/><W128/><G128/><T119/><D106/><U103/><E103/><V37/><F73/><W129/><G129/><T100/><REACH who="0" step="1"/><D119/><REACH who="0" ten="280,240,230,240" step="2"/><U20/><E41/><V112/><F37/><W67/><G11/><T3/><D3/><U132/><E132/><V127/><F127/><W14/><G14/><T130/><D130/><U77/><E40/><V5/><F112/><W113/><G13/><T123/><D123/><U60/><E25/><V111/><F121/><W108/><G113/><T52/><D52/><U66/><E27/><V122/><F122/><W7/><G7/><T56/><D56/><U88/><E46/><N who="2" m="28055" /><F120/><W89/><G57/><T42/><D42/><U82/><E51/><V78/><F5/><W110/><G110/><T9/><D9/><U23/><E60/><V54/><F111/><W92/><G108/><T135/><D135/><U12/><E12/><V101/><F54/><N who="3" m="30047" /><G16/><T70/><D70/><U21/><N who="1" m="5120" /><DORA hai="49" /><U74/><E66/><AGARI ba="1,1" hai="29,30,39,43,44,61,66,69,86,90,95,99,100,104" machi="66" ten="40,7700,0" yaku="1,1,52,1,53,1" doraHai="63,49" doraHaiUra="116,96" who="0" fromWho="1" sc="280,90,240,-80,230,0,240,0" /><INIT seed="0,2,0,1,2,85" ten="370,160,230,240" oya="0" hai0="14,94,4,128,91,65,99,29,105,74,130,44,59" hai1="33,83,36,11,80,52,46,135,8,71,2,76,75" hai2="37,102,5,125,81,9,97,21,69,103,113,77,110" hai3="132,31,82,16,64,53,15,114,86,26,1,112,131"/><T19/><D74/><U122/><E122/><V118/><F113/><W119/><G119/><T48/><D29/><U95/><E71/><V129/><F118/><W22/><G1/><T18/><D105/><U126/><E33/><V43/><F110/><W12/><G131/><N who="0" m="50219" /><D4/><U30/><E30/><V79/><F129/><W10/><G132/><T28/><D28/><U111/><E111/><V34/><F69/><W104/><G104/><T70/><D70/><U89/><E135/><V87/><F34/><W109/><G109/><T45/><D18/><U98/><E126/><V61/><F125/><W25/><G64/><T49/><D48/><U120/><E120/><V27/><F61/><W38/><G38/><T72/><D72/><U42/><E80/><V73/><F73/><W23/><G53/><N who="0" m="32175" /><D65/><U115/><E115/><V117/><F117/><W133/><G133/><T24/><D24/><U84/><E11/><AGARI ba="2,0" hai="11,14,19,44,45,91,94,99" m="32175,50219" machi="11" ten="30,2900,0" yaku="19,1,52,1" doraHai="85" who="0" fromWho="1" sc="370,35,160,-35,230,0,240,0" /><INIT seed="0,3,0,2,5,5" ten="405,125,230,240" oya="0" hai0="98,29,87,101,99,83,52,32,82,25,2,107,119" hai1="68,44,124,59,90,54,121,67,89,4,102,97,55" hai2="128,49,1,24,58,12,125,122,104,113,134,53,74" hai3="129,80,103,61,33,110,120,69,21,39,31,112,76"/><T64/><D2/><U18/><E121/><V51/><F1/><W38/><G112/><T17/><D119/><U22/><E124/><V37/><F122/><W50/><G120/><T42/><D42/><U71/><E71/><V123/><F123/><W40/><G110/><T130/><D130/><U11/><E68/><V26/><F113/><W23/><G129/><T126/><D126/><U66/><E44/><V47/><F125/><W114/><G114/><T94/><D17/><U108/><E108/><V96/><F74/><W15/><G103/><T7/><D7/><U133/><E133/><V70/><F70/><W117/><G117/><T6/><D6/><U41/><E41/><V13/><F37/><W91/><G91/><T95/><D107/><U60/><E90/><V86/><F86/><W73/><G33/><T30/><D64/><U79/><E79/><V106/><F106/><W46/><G23/><T65/><D65/><U62/><E62/><V45/><F58/><W85/><G73/><T9/><D32/><U88/><E55/><N who="2" m="30127" /><F134/><W100/><G100/><T3/><D101/><U116/><E116/><V115/><F115/><W27/><G15/><N who="2" m="5705" /><F128/><W127/><G127/><T36/><D3/><U43/><E43/><V72/><F72/><W34/><G34/><T132/><D132/><U77/><E77/><V10/><F10/><W57/><G69/><T20/><D9/><U28/><E11/><V118/><F118/><W78/><G76/><T16/><D36/><U111/><E111/><V48/><F48/><W56/><G56/><T63/><D63/><U35/><E60/><RYUUKYOKU ba="3,0" sc="405,-15,125,-15,230,15,240,15" hai2="24,26,47,51,53,96,104" hai3="21,27,31,38,39,40,46,50,57,61,78,80,85" /><INIT seed="1,4,0,3,0,88" ten="390,110,245,255" oya="1" hai0="108,46,17,20,27,75,86,93,15,60,44,132,12" hai1="99,131,130,24,59,135,37,16,42,92,78,69,70" hai2="107,0,6,43,127,18,56,126,57,79,35,67,116" hai3="98,110,5,81,2,22,105,48,122,84,119,112,47"/><U90/><E135/><V85/><F116/><W45/><G122/><T83/><D75/><U21/><E78/><V52/><F107/><W115/><G45/><T114/><D114/><U129/><REACH who="1" step="1"/><E59/><REACH who="1" ten="390,100,245,255" step="2"/><V72/><F57/><W65/><G115/><T87/><D132/><U41/><E41/><V133/><F43/><W40/><G112/><T11/><D46/><AGARI ba="4,1" hai="16,21,24,37,42,46,69,70,90,92,99,129,130,131" machi="46" ten="40,12000,1" yaku="1,1,19,1,52,1,54,1,53,0" doraHai="88" doraHaiUra="53" who="1" fromWho="0" sc="390,-132,100,142,245,0,255,0" /><INIT seed="1,5,0,4,5,3" ten="258,242,245,255" oya="1" hai0="90,55,100,132,35,13,9,119,27,7,97,23,103" hai1="30,43,52,121,118,91,80,98,73,111,53,26,104" hai2="95,16,93,42,81,78,87,129,122,28,2,6,15" hai3="62,24,99,44,85,133,114,18,64,32,65,79,128"/><U29/><E118/><V54/><F122/><W92/><G114/><T31/><D119/><U48/><E121/><V67/><F129/><W127/><G128/><T83/><D132/><U134/><E134/><V115/><F115/><W70/><G133/><T75/><D75/><U107/><E111/><V20/><F67/><W38/><G127/><T51/><D35/><U66/><E66/><V110/><F110/><W41/><G64/><T96/><D97/><U76/><E43/><V125/><F125/><W135/><G135/><T10/><D10/><U63/><E63/><V8/><F42/><W105/><G105/><T46/><REACH who="0" step="1"/><D96/><REACH who="0" ten="248,242,245,255" step="2"/><U106/><E98/><V59/><REACH who="2" step="1"/><F28/><REACH who="2" ten="248,242,235,255" step="2"/><W11/><G99/><T126/><D126/><U112/><E30/><V77/><F77/><W71/><G79/><T36/><D36/><U47/><E112/><V116/><F116/><W45/><G71/><T72/><D72/><U94/><E104/><V117/><F117/><W17/><G70/><T39/><D39/><U60/><E106/><V22/><F22/><W34/><G38/><T82/><D82/><U86/><E107/><V50/><AGARI ba="5,2" hai="2,6,8,15,16,20,50,54,59,78,81,87,93,95" machi="50" ten="20,8000,1" yaku="1,1,0,1,7,1,52,1,54,1,53,0" doraHai="3" doraHaiUra="69" who="2" fromWho="2" sc="248,-25,242,-45,235,115,255,-25" /><INIT seed="2,0,0,3,0,10" ten="223,197,350,230" oya="2" hai0="11,26,85,106,134,9,114,131,32,128,51,107,6" hai1="30,125,4,14,40,61,67,80,2,23,120,18,99" hai2="21,52,90,19,105,94,95,88,42,25,7,97,123" hai3="81,62,100,104,49,12,63,101,33,98,115,84,13"/><V39/><F123/><W27/><G115/><T132/><D51/><U47/><E120/><V86/><F105/><N who="0" m="39946" /><D114/><U0/><E125/><V122/><F122/><W113/><G113/><T118/><D118/><U46/><E99/><V59/><F7/><W73/><G73/><T119/><D119/><U66/><E66/><V112/><F112/><W124/><G124/><T20/><D85/><U89/><E4/><V78/><F78/><W35/><G49/><T96/><D96/><U50/><E46/><V91/><F39/><W87/><G104/><T57/><D57/><U103/><E103/><N who="3" m="39498" /><G98/><T28/><D20/><U133/><E30/><V16/><F42/><W93/><G27/><T8/><D6/><U41/><E41/><V55/><F91/><N who="3" m="53479" /><G33/><T72/><D72/><U79/><E89/><V64/><F19/><W36/><G36/><T65/><D65/><U77/><E133/><AGARI ba="0,0" hai="8,9,11,26,28,32,128,131,132,133,134" m="39946" machi="133" ten="40,1300,0" yaku="20,1" doraHai="10" who="0" fromWho="1" sc="223,13,197,-13,350,0,230,0" /><INIT seed="3,0,0,2,1,91" ten="236,184,350,230" oya="3" hai0="127,12,118,108,43,107,54,34,28,126,125,100,21" hai1="80,92,68,25,134,101,99,29,16,7,10,86,23" hai2="26,87,50,58,1,39,44,114,4,5,121,66,65" hai3="110,53,130,64,19,32,38,109,85,73,48,27,69"/><W60/><G73/><T74/><D118/><U111/><E68/><V90/><F114/><W88/><G130/><T123/><D123/><U20/><E111/><N who="3" m="42506" /><G38/><T35/><D108/><U31/><E134/><V57/><F39/><W77/><G77/><T76/><D43/><U135/><E135/><V9/><F26/><W56/><G19/><N who="0" m="10471" /><D28/><U18/><E10/><V40/><F121/><W51/><G27/><T37/><D37/><U98/><E7/><N who="2" m="2635" /><F9/><W102/><G102/><T36/><D36/><U97/><E31/><V22/><F22/><W72/><G72/><T42/><D42/><U128/><E128/><V61/><F1/><W120/><G120/><T2/><D2/><U106/><E106/><V75/><F75/><W83/><G32/><T15/><D15/><N who="1" m="9247" /><E29/><V46/><F46/><W70/><G48/><T13/><D13/><U24/><E24/><V112/><F112/><W129/><G129/><T52/><D34/><U79/><AGARI ba="0,0" hai="18,23,25,79,80,86,92,97,98,99,101" m="9247" machi="79" ten="30,4000,0" yaku="8,1,52,1,54,1" doraHai="91" who="1" fromWho="1" sc="236,-10,184,40,350,-10,230,-20" owari="226,2.6,224,-17.6,340,44.0,210,-29.0" /></mjloggm>