<mjloggm ver="2.3"><GO type="225" lobby="0"/><UN n0="%E5%B8%86%E7%AB%8B%E5%A4%8F%E8%A1%A3" n1="%E8%83%83%E3%81%A8%E8%85%B8" n2="%E3%81%8B%E3%82%8F%E3%81%A1%E3%82%83%E3%82%93%35%38" n3="%E3%83%97%E3%83%AC%E3%83%B4%E3%82%A1%E3%83%86%E3%82%A3" dan="16,16,17,16" rate="2129.98,2166.73,2147.83,2131.97" sx="M,M,M,F"/><TAIKYOKU oya="0"/><INIT seed="0,0,0,3,0,125" ten="250,250,250,250" oya="0" hai0="40,57,15,0,79,17,26,52,121,45,73,129,115" hai1="86,87,126,85,28,117,30,6,131,135,8,97,64" hai2="36,68,62,35,37,60,18,76,69,89,128,51,83" hai3="106,120,92,16,95,46,127,12,27,13,50,109,113"/><T31/><D115/><U114/><E117/><V75/><F35/><W32/><G113/><T124/><D121/><U11/><E114/><V61/><F18/><W67/><G120/><T23/><D0/><U59/><E126/><V53/><F89/><W122/><G127/><T1/><D1/><U4/><E135/><V2/><F2/><W84/><G122/><T105/><D105/><U90/><E131/><V107/><F107/><W99/><G67/><T5/><D124/><U9/><E97/><V25/><F25/><W44/><G109/><T10/><D129/><U88/><E59/><V29/><F29/><N who="1" m="11369" /><E64/><V14/><F14/><W80/><G32/><T134/><D134/><U101/><E101/><V119/><F119/><W22/><G106/><T98/><D98/><U108/><E108/><V94/><F94/><W102/><G95/><T81/><D31/><U96/><E96/><V71/><REACH who="2" step="1"/><F128/><REACH who="2" ten="250,250,240,250" step="2"/><W34/><G34/><T133/><D133/><U56/><E56/><AGARI ba="0,1" hai="36,37,51,53,56,60,61,62,68,69,71,75,76,83" machi="56" ten="50,3200,0" yaku="1,1,2,1,53,0" doraHai="125" doraHaiUra="132" who="2" fromWho="1" sc="250,0,250,-32,240,42,250,0" /><INIT seed="1,0,0,0,5,16" ten="250,218,282,250" oya="1" hai0="92,86,122,60,87,23,95,93,43,65,2,113,101" hai1="64,13,9,26,114,24,69,130,107,30,61,118,135" hai2="127,39,68,106,55,36,28,15,131,97,3,120,38" hai3="8,112,89,19,47,126,54,48,77,78,111,100,124"/><U102/><E114/><V63/><F3/><W37/><G112/><T81/><D113/><U73/><E118/><V121/><F15/><W27/><G111/><T128/><D2/><U72/><E130/><V67/><F131/><W6/><G100/><T1/><D1/><U51/><E135/><V31/><F127/><N who="3" m="48683" /><G37/><T104/><D128/><U83/><E51/><V10/><F10/><W88/><G6/><T59/><D122/><U125/><E125/><V91/><F91/><N who="3" m="34891" /><G8/><T52/><D104/><U66/><E66/><V84/><F67/><W58/><G47/><T71/><D101/><U108/><E108/><V4/><F4/><W32/><G32/><T22/><D43/><U41/><E41/><V18/><F38/><W5/><G5/><T12/><D12/><U70/><E70/><V80/><F68/><W94/><G94/><T96/><D96/><U34/><E24/><V50/><F97/><W45/><G45/><T116/><D116/><U7/><REACH who="1" step="1"/><E83/><REACH who="1" ten="250,208,282,250" step="2"/><V123/><F80/><W14/><G14/><T35/><D81/><U98/><AGARI ba="0,1" hai="7,9,13,26,30,34,61,64,69,72,73,98,102,107" machi="98" ten="30,18000,2" yaku="1,1,2,1,0,1,25,2,53,1" doraHai="16" doraHaiUra="103" who="1" fromWho="1" sc="250,-60,208,190,282,-60,250,-60" /><INIT seed="1,1,0,4,3,131" ten="190,398,222,190" oya="1" hai0="69,80,85,75,67,3,94,72,41,78,15,42,66" hai1="16,99,27,102,31,24,26,92,71,2,18,123,10" hai2="56,30,119,132,49,12,6,47,98,91,4,57,51" hai3="63,93,50,118,77,104,11,52,39,120,89,60,32"/><U117/><E117/><V114/><F119/><W23/><G118/><T73/><D3/><U17/><E123/><V110/><F110/><W129/><G32/><T112/><D112/><U62/><E2/><V124/><F114/><W61/><G120/><T22/><D94/><U96/><E10/><V45/><F30/><W58/><G104/><T5/><D69/><U84/><E96/><V38/><F38/><W108/><G39/><T65/><D22/><U25/><E84/><V35/><F124/><W90/><G108/><T55/><D55/><U111/><E111/><V88/><F12/><W20/><G129/><T100/><D100/><U107/><E92/><V13/><F13/><W97/><G77/><T7/><REACH who="0" step="1"/><D15/><REACH who="0" ten="180,398,222,190" step="2"/><U125/><E125/><V106/><F106/><W8/><G23/><T46/><D46/><U83/><E83/><V9/><F35/><W127/><G127/><T53/><D53/><U64/><REACH who="1" step="1"/><E24/><REACH who="1" ten="180,388,222,190" step="2"/><V29/><F98/><W28/><G97/><T70/><D70/><U40/><E40/><AGARI ba="1,2" hai="5,7,40,41,42,65,66,67,72,73,75,78,80,85" machi="40" ten="50,1600,0" yaku="1,1,53,0" doraHai="131" doraHaiUra="121" who="0" fromWho="1" sc="180,39,388,-19,222,0,190,0" /><INIT seed="2,0,0,2,1,82" ten="219,369,222,190" oya="2" hai0="103,53,4,111,94,68,79,60,47,40,72,77,85" hai1="100,83,75,54,56,99,64,122,127,120,39,70,129" hai2="52,118,22,20,41,8,49,132,106,91,117,3,76" hai3="90,130,125,35,126,43,6,81,133,101,24,124,93"/><V34/><F34/><W105/><G43/><T61/><D111/><U97/><E39/><V46/><F106/><W73/><G6/><T95/><D72/><U38/><E38/><V45/><F132/><W113/><G35/><T28/><D28/><U21/><E127/><V48/><F76/><N who="3" m="44175" /><G24/><T12/><D68/><U86/><E75/><V131/><F131/><W50/><G50/><N who="0" m="28895" /><D40/><U32/><E32/><V13/><F3/><W10/><G10/><N who="0" m="4167" /><D103/><U36/><E36/><V89/><F118/><W26/><G26/><T59/><D61/><U84/><E129/><V102/><F102/><W109/><G130/><T66/><D95/><U55/><E100/><V112/><F112/><W44/><G44/><T80/><D94/><U98/><E70/><V17/><F117/><W1/><G1/><T5/><D5/><U87/><E83/><V58/><F58/><W108/><G113/><T110/><D110/><N who="3" m="42601" /><G133/><T9/><D9/><U33/><E33/><V115/><F115/><W14/><G14/><T2/><D2/><U0/><E0/><V27/><REACH who="2" step="1"/><F20/><REACH who="2" ten="219,369,212,190" step="2"/><W31/><G105/><T104/><D104/><U11/><E21/><V29/><AGARI ba="0,1" hai="8,13,17,22,27,29,41,45,46,48,49,52,89,91" machi="29" ten="20,18000,2" yaku="1,1,2,1,0,1,7,1,8,1,54,1,53,0" doraHai="82" doraHaiUra="123" who="2" fromWho="2" sc="219,-60,369,-60,212,190,190,-60" /><INIT seed="2,1,0,3,0,134" ten="159,309,402,130" oya="2" hai0="31,59,128,57,51,119,104,70,80,106,103,69,26" hai1="81,92,76,113,101,36,4,72,61,75,86,43,48" hai2="130,82,93,64,58,99,115,21,108,14,74,15,131" hai3="98,22,32,33,23,55,39,127,122,123,132,10,62"/><V47/><F115/><W87/><G39/><T120/><D120/><U12/><E36/><V135/><F135/><W116/><G87/><T17/><D17/><U65/><E113/><V83/><F47/><W41/><G132/><T53/><D128/><U114/><E114/><V118/><F118/><W124/><G41/><T38/><D38/><U45/><E101/><V94/><F58/><W73/><G73/><T109/><D109/><U60/><E92/><V90/><F64/><W28/><G98/><T44/><D119/><U102/><E102/><V129/><F108/><W7/><G55/><T89/><D70/><U110/><E110/><V112/><F112/><W68/><G62/><T25/><D69/><U67/><E60/><V133/><F133/><W105/><G105/><T20/><D106/><U1/><E1/><V11/><F74/><W8/><G68/><T27/><D104/><U37/><E37/><V77/><F77/><W95/><G95/><T0/><D0/><U107/><E107/><V49/><F49/><W34/><G116/><T79/><D89/><U35/><E35/><V52/><F52/><W50/><G50/><T16/><D103/><U18/><E65/><V9/><F94/><W125/><G28/><T97/><D97/><U42/><E42/><V24/><F83/><W19/><G7/><T78/><D78/><U117/><E117/><V56/><F82/><W46/><G46/><T40/><D40/><U121/><E121/><N who="3" m="46090" /><G19/><T71/><D71/><N who="1" m="42479" /><E18/><N who="2" m="12343" /><F56/><N who="0" m="21578" /><D31/><U126/><E72/><V30/><F30/><W54/><G54/><T13/><D13/><AGARI ba="1,0" hai="9,11,13,14,15,90,93,99,129,130,131" m="12343" machi="13" ten="30,1500,0" yaku="19,1" doraHai="134" who="2" fromWho="0" sc="159,-18,309,0,402,18,130,0" /><INIT seed="2,2,0,5,2,60" ten="141,309,420,130" oya="2" hai0="100,37,104,128,75,122,9,61,97,6,96,108,78" hai1="73,34,102,71,63,86,23,33,21,54,114,135,55" hai2="5,56,89,67,15,131,36,12,40,83,64,74,87" hai3="19,31,7,127,13,1,25,113,99,11,117,107,14"/><V53/><F74/><W17/><G107/><T121/><D97/><U90/><E73/><V0/><F0/><W46/><G99/><T119/><D108/><U124/><E114/><V27/><F131/><W39/><G113/><T80/><D128/><U106/><E124/><V103/><F103/><W30/><G39/><T112/><D112/><U50/><E135/><V76/><F89/><W49/><G127/><T72/><D72/><U69/><E102/><V95/><F95/><W118/><G46/><T125/><D125/><U65/><E106/><V8/><F27/><W79/><G79/><T29/><D29/><U22/><E69/><V84/><F84/><W68/><G49/><T48/><D48/><U66/><E66/><N who="2" m="25131" /><F36/><W111/><G68/><T43/><D61/><U105/><E105/><V16/><F40/><W115/><G111/><T116/><D116/><U4/><E4/><V24/><F24/><W77/><G77/><T20/><D119/><U45/><REACH who="1" step="1"/><E55/><REACH who="1" ten="141,299,420,130" step="2"/><V130/><F130/><W52/><G115/><T85/><D75/><U91/><E91/><V59/><F53/><W70/><G52/><T51/><D104/><U82/><AGARI ba="2,1" hai="21,22,23,33,34,45,50,54,63,65,71,82,86,90" machi="82" ten="30,7900,0" yaku="1,1,0,1,52,1,53,1" doraHai="60" doraHaiUra="41" who="1" fromWho="1" sc="141,-22,299,95,420,-41,130,-22" /><INIT seed="3,0,0,1,5,106" ten="119,394,379,108" oya="3" hai0="65,112,57,13,95,41,9,75,6,7,91,71,103" hai1="48,117,59,16,90,21,81,77,33,109,93,100,39" hai2="119,61,123,27,0,10,102,113,104,44,83,26,15" hai3="74,8,67,107,108,87,52,49,12,3,94,120,76"/><W24/><G120/><T62/><D75/><U34/><E39/><V35/><F119/><W135/><G107/><T98/><D112/><U82/><E117/><V99/><F113/><W130/><G3/><T118/><D118/><U111/><E100/><V1/><F123/><W23/><G130/><T45/><D71/><U14/><E33/><V69/><F44/><W96/><G135/><T72/><D72/><U20/><E34/><V114/><F114/><W58/><G108/><N who="1" m="41546" /><E20/><V53/><F27/><W70/><G70/><T36/><D103/><U125/><E77/><V128/><F128/><W85/><G67/><T5/><AGARI ba="0,0" hai="5,6,7,9,13,36,41,45,57,62,65,91,95,98" machi="5" ten="20,1500,0" yaku="0,1,7,1" doraHai="106" who="0" fromWho="0" sc="119,15,394,-4,379,-4,108,-7" owari="134,-26.6,390,49.0,375,17.5,101,-39.9" /></mjloggm>