<mjloggm ver="2.3"><GO type="225" lobby="0"/><UN n0="%E3%81%AA%E3%82%81%E3%81%93%E9%9B%80%E5%A3%AB" n1="%2D%E8%B1%8A%E5%8F%A3%E3%82%81%E3%81%90%E3%81%BF%2D" n2="%E4%BA%BA%E9%96%93%E3%83%81%E3%83%A3%E3%83%BC%E3%83%8F%E3%83%B3" n3="%6D%61%74%69%67%75%73%61" dan="16,17,16,17" rate="2061.68,2179.40,2091.55,2173.23" sx="M,F,M,M"/><TAIKYOKU oya="0"/><INIT seed="0,0,0,1,4,8" ten="250,250,250,250" oya="0" hai0="103,109,133,122,39,84,119,12,58,2,30,110,81" hai1="95,56,1,114,69,78,117,92,72,87,32,91,40" hai2="113,10,96,28,127,6,43,75,121,99,128,29,62" hai3="76,18,101,42,27,94,77,23,36,57,53,47,98"/><T108/><D2/><U3/><E69/><V34/><F121/><W44/><REACH who="3" step="1"/><G44/><REACH who="3" ten="250,250,250,240" step="2"/><T33/><D122/><U24/><E1/><V66/><F29/><W20/><G20/><T13/><D119/><U112/><E3/><V5/><F28/><W41/><G41/><T80/><D30/><U102/><E40/><V38/><F43/><W104/><G104/><T105/><D33/><U90/><E117/><V0/><F34/><W97/><G97/><N who="0" m="61679" /><D39/><U61/><E32/><V126/><F38/><W131/><G131/><T16/><D133/><U120/><E120/><V63/><F128/><W59/><G59/><T118/><D118/><U132/><E56/><V64/><F126/><W54/><G54/><T115/><D115/><U111/><E132/><V124/><F113/><W70/><G70/><T129/><D129/><U37/><E114/><V51/><F0/><W14/><G14/><N who="0" m="5739" /><D58/><U125/><E112/><V71/><F71/><W52/><G52/><T135/><D135/><U26/><E125/><V116/><F116/><W4/><G4/><T22/><D84/><U134/><E134/><V86/><F6/><W21/><G21/><T9/><D9/><U130/><E130/><V11/><F5/><W25/><G25/><AGARI ba="0,1" hai="16,22,25,80,81,108,109,110" m="5739,61679" machi="25" ten="30,18000,2" yaku="14,1,10,1,52,3,54,1" doraHai="8" who="0" fromWho="3" sc="250,190,250,0,250,0,240,-180" /><INIT seed="0,1,0,4,2,44" ten="440,250,250,60" oya="0" hai0="57,35,87,88,112,56,64,55,29,128,80,13,3" hai1="82,108,103,122,33,48,81,95,6,99,2,45,89" hai2="8,31,21,20,41,110,9,100,38,50,0,92,106" hai3="78,43,42,105,111,28,26,84,123,94,115,72,39"/><T109/><D3/><U1/><E108/><V74/><F106/><W23/><G115/><T65/><D112/><U11/><E33/><V22/><F38/><W60/><G105/><T121/><D121/><U97/><E1/><V49/><F74/><W14/><G111/><T62/><D109/><U25/><E25/><N who="2" m="16807" /><F0/><W117/><G117/><T119/><D128/><U133/><E133/><V83/><F110/><W4/><G72/><T113/><D113/><U69/><E69/><V54/><F83/><W36/><G123/><T30/><D35/><U116/><E116/><V68/><F68/><W16/><G4/><T124/><D124/><U114/><E114/><V58/><F22/><W53/><G36/><T67/><D119/><U46/><E46/><N who="2" m="25807" /><F21/><N who="3" m="15439" /><G39/><T66/><D13/><U47/><E47/><V127/><F127/><W77/><G43/><T120/><D120/><U125/><E125/><V24/><F24/><W101/><G42/><T52/><N who="0" m="16384" /><DORA hai="131" /><T79/><D79/><U104/><REACH who="1" step="1"/><E122/><REACH who="1" ten="440,240,250,60" step="2"/><V5/><F5/><W51/><G60/><AGARI ba="1,1" hai="29,30,52,55,56,57,60,62,80,87,88" m="16384" machi="60" ten="50,12000,1" yaku="9,1,8,1,54,2" doraHai="44,131" who="0" fromWho="3" sc="440,133,240,0,250,0,60,-123" owari="573,67.3,240,-16.0,250,5.0,-63,-56.3" /></mjloggm>