<mjloggm ver="2.3"><GO type="225" lobby="0"/><UN n0="%E3%81%A4%E3%81%A3%E3%81%B1%E3%82%8A%E3%83%9D%E3%83%BC%E3%83%AB" n1="%33%74%72%65%65" n2="%E3%82%B3%E3%83%90%E3%83%AC%E3%82%A4" n3="%E5%B0%8F%E9%B3%A5%E9%81%8A%E7%B7%B4%E7%84%A1%32%31%E6%AD%B3" dan="17,16,16,16" rate="2230.51,2116.34,2079.08,2192.10" sx="M,F,M,F"/><TAIKYOKU oya="0"/><INIT seed="0,0,0,5,3,91" ten="250,250,250,250" oya="0" hai0="7,112,111,42,44,21,50,113,15,126,134,24,121" hai1="1,0,53,9,11,77,131,8,80,119,28,103,39" hai2="5,67,125,90,94,64,54,34,88,58,102,87,104" hai3="118,68,18,128,56,83,32,96,23,59,133,46,25"/><T3/><D121/><U79/><E119/><V95/><F34/><W36/><G118/><T30/><D134/><U57/><E131/><V70/><F70/><W100/><G133/><T40/><D126/><U106/><E39/><V101/><F125/><W37/><G68/><T41/><D3/><U78/><E80/><V97/><F5/><W29/><G128/><T124/><D124/><U69/><E69/><V35/><F35/><W81/><G37/><T66/><D66/><N who="2" m="25130" /><F104/><W114/><G114/><T92/><D111/><U93/><E28/><V19/><F19/><W38/><G38/><T86/><D113/><U99/><REACH who="1" step="1"/><E106/><REACH who="1" ten="250,240,250,250" step="2"/><V43/><F43/><W122/><G83/><T20/><D112/><U107/><E107/><V51/><AGARI ba="0,1" hai="51,54,58,87,88,90,94,95,97,101,102" m="25130" machi="51" ten="30,7900,0" yaku="8,1,52,2,54,1" doraHai="91" who="2" fromWho="2" sc="250,-39,240,-20,250,89,250,-20" /><INIT seed="1,0,0,4,5,12" ten="211,220,339,230" oya="1" hai0="38,70,69,1,98,32,124,29,120,20,33,18,113" hai1="60,131,96,8,4,132,87,134,77,25,111,5,50" hai2="76,126,95,83,34,105,21,10,57,66,100,129,125" hai3="94,103,27,44,115,67,26,56,118,6,122,58,68"/><U24/><E131/><V85/><F34/><W9/><G115/><T86/><D113/><U81/><E111/><V45/><F45/><W75/><G75/><T62/><D38/><U74/><E50/><V106/><F10/><W93/><G122/><T104/><D1/><U59/><E96/><N who="2" m="59423" /><F21/><W101/><G44/><T64/><D124/><N who="2" m="47722" /><F129/><W15/><G68/><T91/><D70/><U39/><E39/><V61/><AGARI ba="0,0" hai="57,61,66,76,83,85,105,106" m="47722,59423" machi="61" ten="30,1100,0" yaku="18,1" doraHai="12" who="2" fromWho="2" sc="211,-3,220,-5,339,11,230,-3" /><INIT seed="2,0,0,3,4,60" ten="208,215,350,227" oya="2" hai0="95,100,105,49,56,124,34,46,61,48,92,97,134" hai1="59,9,50,72,90,55,10,99,85,73,66,120,112" hai2="1,6,37,32,116,5,123,131,114,45,11,38,21" hai3="42,62,108,65,16,82,104,20,15,58,115,98,121"/><V119/><F123/><W2/><G2/><T122/><D122/><U132/><E120/><V88/><F114/><W54/><G121/><T8/><D134/><U3/><E112/><V70/><F32/><W44/><G115/><T19/><D34/><U83/><E132/><V79/><F70/><W68/><G108/><T76/><D124/><U74/><E3/><V89/><F79/><W67/><G82/><T103/><D76/><U111/><E111/><V31/><F31/><W102/><REACH who="3" step="1"/><G68/><REACH who="3" ten="208,215,350,217" step="2"/><T69/><D69/><U78/><REACH who="1" step="1"/><E66/><REACH who="1" ten="208,205,350,217" step="2"/><V110/><F110/><W57/><G57/><T24/><D56/><U18/><E18/><V96/><F119/><W40/><G40/><T26/><D19/><U29/><E29/><V71/><F116/><W51/><AGARI ba="0,2" hai="15,16,20,42,44,51,54,58,62,65,67,98,102,104" machi="51" ten="20,12000,2" yaku="1,1,0,1,7,1,52,2,54,1,53,1" doraHai="60" doraHaiUra="52" who="3" fromWho="3" sc="208,-30,205,-30,350,-60,217,140" /><INIT seed="3,0,0,5,4,83" ten="178,175,290,357" oya="3" hai0="112,46,71,96,59,92,135,36,129,78,39,65,55" hai1="79,0,126,89,86,64,9,109,121,69,24,57,48" hai2="133,40,103,97,50,99,58,23,3,56,14,25,122" hai3="12,63,87,128,101,98,114,82,113,51,54,27,37"/><W1/><G1/><T20/><D129/><U17/><E121/><V60/><F3/><W2/><G2/><T108/><D108/><U127/><E109/><V4/><F122/><W42/><G128/><T91/><D135/><U102/><E79/><V115/><F115/><W47/><G12/><T85/><D112/><U81/><E102/><V116/><F116/><W124/><G27/><T30/><D71/><U16/><E69/><V52/><F133/><W107/><G63/><N who="0" m="38143" /><D39/><U13/><E0/><V66/><F40/><W130/><G124/><N who="1" m="47658" /><E24/><V22/><F103/><W134/><G130/><T6/><D36/><U93/><E17/><V5/><F5/><W105/><G105/><T53/><D6/><U10/><E10/><V80/><F80/><W72/><G72/><T29/><D20/><U45/><E64/><V49/><F49/><W26/><G26/><T125/><D125/><U74/><E57/><V62/><F50/><W21/><G21/><T15/><D15/><U7/><E7/><V31/><REACH who="2" step="1"/><F23/><REACH who="2" ten="178,175,280,357" step="2"/><W77/><G134/><T19/><D78/><N who="1" m="44247" /><E48/><V95/><F95/><W119/><G119/><T68/><D92/><U32/><E32/><V35/><F35/><W120/><G120/><T44/><D44/><AGARI ba="0,1" hai="9,13,16,44,45,86,89,93" m="44247,47658" machi="44" ten="30,3900,0" yaku="18,1,52,1,54,1" doraHai="83" who="1" fromWho="0" sc="178,-39,175,49,280,0,357,0" /><AGARI ba="0,0" hai="37,42,44,47,51,54,77,82,87,98,101,107,113,114" machi="44" ten="30,2900,0" yaku="7,1,52,1" doraHai="83" who="3" fromWho="0" sc="139,-29,224,0,280,0,357,29" owari="110,-39.0,224,-17.6,280,8.0,386,48.6" /></mjloggm>