<mjloggm ver="2.3"><GO type="225" lobby="0"/><UN n0="%E6%9D%B1%E9%A2%A8%E3%81%AE%E3%81%8D%E3%82%83%E3%81%B7%E3%81%95%E3%82%93" n1="%E8%BE%9B%E5%8F%A3%E3%82%AB%E3%83%AC%E3%83%BC%E3%83%A9%E3%82%A4%E3%82%B9" n2="%E3%83%94%E3%83%B3%E3%82%B5%E3%83%AD%E5%BA%97%E5%93%A1" n3="%E5%A4%9C%E3%81%AE%E3%82%AC%E3%82%B9%E3%83%91%E3%83%BC%E3%83%AB" dan="17,17,16,16" rate="2227.59,2206.03,2154.44,2116.05" sx="M,M,M,M"/><TAIKYOKU oya="0"/><INIT seed="0,0,0,2,5,103" ten="250,250,250,250" oya="0" hai0="93,104,101,71,16,135,133,82,44,108,7,2,24" hai1="22,81,106,26,134,85,57,69,6,87,64,5,86" hai2="76,117,122,42,4,98,112,17,12,77,23,74,70" hai3="105,123,34,99,28,100,15,37,14,75,80,0,11"/><T45/><D71/><U110/><E69/><V130/><F122/><W72/><G123/><T97/><D82/><U107/><E110/><V1/><F112/><W102/><G37/><T21/><D108/><U111/><E111/><V10/><F70/><W119/><G119/><T59/><D59/><U114/><E114/><V39/><F117/><W125/><G125/><T79/><D79/><U48/><E134/><N who="0" m="51209" /><D93/><U88/><E86/><V33/><F130/><W83/><G0/><T41/><D41/><U68/><E68/><V109/><F109/><W25/><G15/><T120/><D120/><U20/><E20/><V40/><F33/><W36/><G36/><T18/><D18/><U94/><E64/><V95/><F74/><W63/><G102/><T60/><D60/><U131/><E131/><V29/><F29/><W121/><G121/><T54/><D54/><U126/><E57/><V127/><F127/><W116/><G116/><T19/><D19/><U56/><E126/><V73/><F73/><W129/><G129/><T91/><D91/><U51/><E56/><V13/><F42/><W35/><G75/><T128/><D128/><U55/><E55/><V31/><F31/><W78/><G83/><T49/><D49/><U124/><E124/><V46/><F1/><W84/><G63/><T3/><D3/><U27/><E81/><V58/><F58/><W65/><G65/><T96/><D96/><U32/><E51/><V30/><F30/><W62/><G62/><T113/><D113/><U47/><E48/><V66/><F66/><W89/><G72/><T118/><D118/><RYUUKYOKU ba="0,0" sc="250,15,250,-15,250,15,250,-15" hai0="2,7,16,21,24,44,45,97,101,104" hai2="4,10,12,13,17,23,39,40,46,76,77,95,98" /><INIT seed="0,1,0,0,3,33" ten="265,235,265,235" oya="0" hai0="41,65,19,105,25,5,74,59,32,88,109,13,68" hai1="17,54,10,75,0,48,119,3,114,24,58,7,36" hai2="46,40,104,55,84,77,118,80,98,18,135,60,62" hai3="95,112,71,61,111,64,83,125,76,37,9,106,100"/><T44/><D105/><U130/><E119/><V133/><F118/><W43/><G112/><T39/><D74/><U2/><E75/><V78/><F78/><W123/><G111/><T92/><D109/><U49/><E36/><V85/><F85/><W127/><G123/><T117/><D117/><U31/><E114/><V134/><F55/><W110/><G110/><T21/><D68/><U91/><E130/><V23/><F98/><N who="3" m="61719" /><G95/><T86/><D32/><U103/><E103/><V115/><F104/><W107/><G107/><T128/><D128/><U51/><E17/><V30/><F30/><W63/><G63/><T79/><D79/><U67/><E67/><V122/><F122/><W66/><G66/><T1/><D65/><U57/><E91/><V120/><F120/><W102/><G102/><T15/><REACH who="0" step="1"/><D59/><REACH who="0" ten="255,235,265,235" step="2"/><U38/><E38/><N who="2" m="21783" /><F115/><W101/><G37/><T126/><D126/><U116/><E116/><V96/><F96/><W113/><G113/><T121/><D121/><U28/><E58/><V132/><N who="2" m="33792" /><DORA hai="53" /><V81/><F81/><W90/><G125/><T56/><D56/><U45/><E57/><V4/><F4/><W8/><G127/><T108/><D108/><U87/><E7/><V129/><F129/><W26/><G76/><T29/><D29/><U27/><E31/><V12/><AGARI ba="1,1" hai="12,18,23,60,62,77,80,84" m="33792,21783" machi="12" ten="60,2000,0" yaku="20,1" doraHai="33,53" who="2" fromWho="2" sc="255,-11,235,-6,265,33,235,-6" /><INIT seed="1,0,0,4,2,1" ten="244,229,298,229" oya="1" hai0="15,134,12,103,53,86,82,39,59,44,108,11,26" hai1="62,8,73,57,78,90,70,85,129,126,9,13,116" hai2="32,60,94,114,64,38,96,101,67,88,105,2,7" hai3="23,92,106,5,79,87,75,50,37,25,107,124,45"/><U83/><E126/><V100/><F38/><W17/><G124/><T71/><D71/><U63/><E129/><V19/><F32/><W104/><G37/><T61/><D103/><U98/><E116/><V95/><F114/><W30/><G75/><T77/><D108/><U132/><E132/><V84/><F101/><W34/><G5/><T109/><D109/><U43/><E43/><V10/><F19/><W22/><G17/><T127/><D127/><U118/><E118/><V122/><F122/><W76/><G92/><T69/><D69/><U81/><E70/><V6/><F6/><W97/><G97/><T51/><D39/><U117/><E117/><V93/><REACH who="2" step="1"/><F60/><REACH who="2" ten="244,229,288,229" step="2"/><W52/><REACH who="3" step="1"/><G79/><REACH who="3" ten="244,229,288,219" step="2"/><T16/><D134/><U33/><E78/><V131/><F131/><W66/><G66/><AGARI ba="0,2" hai="2,7,10,64,66,67,84,88,93,94,95,96,100,105" machi="66" ten="40,5200,0" yaku="1,1,52,1,54,1,53,0" doraHai="1" doraHaiUra="20" who="2" fromWho="3" sc="244,0,229,0,288,72,219,-52" /><INIT seed="2,0,0,2,3,80" ten="244,229,360,167" oya="2" hai0="93,103,132,133,85,1,66,78,27,29,92,100,0" hai1="61,41,56,32,124,15,13,18,40,4,54,37,75" hai2="72,7,118,35,120,113,95,68,131,36,64,48,115" hai3="52,86,59,17,65,76,12,109,46,79,45,60,33"/><V28/><F36/><W67/><G33/><T111/><D66/><N who="3" m="25097" /><G109/><T55/><D55/><U116/><E116/><V6/><F120/><W16/><G79/><T134/><D111/><U96/><E32/><V5/><F72/><W90/><G76/><T130/><D130/><U3/><E75/><V43/><F118/><W47/><G12/><T97/><D103/><U88/><E37/><V2/><F2/><W50/><G60/><T94/><D78/><U104/><E124/><V87/><F64/><W110/><G110/><T42/><D42/><U20/><E3/><N who="0" m="1097" /><D85/><U51/><E104/><V89/><F68/><W69/><G69/><T127/><D127/><U112/><E112/><V30/><F131/><W11/><G11/><T31/><D27/><U26/><E4/><V82/><F82/><AGARI ba="0,0" hai="16,17,45,46,47,50,52,59,82,86,90" m="25097" machi="82" ten="30,7700,0" yaku="8,1,52,1,54,2" doraHai="80" who="3" fromWho="2" sc="244,0,229,0,360,-77,167,77" /><INIT seed="3,0,0,3,5,89" ten="244,229,283,244" oya="3" hai0="128,63,107,54,97,19,58,116,27,86,123,6,74" hai1="90,41,85,34,53,133,10,2,32,118,47,82,79" hai2="132,121,38,93,66,131,122,55,31,104,84,28,99" hai3="87,35,21,33,103,129,7,61,52,125,62,117,80"/><W17/><G117/><T94/><D74/><U24/><E133/><V105/><F38/><W40/><G129/><T18/><D123/><N who="2" m="47114" /><F132/><W72/><G72/><T120/><D120/><U57/><E118/><V115/><F115/><W59/><G125/><T11/><D128/><U5/><E24/><V77/><F66/><W48/><G7/><T98/><D116/><U114/><E114/><V45/><F131/><W44/><G103/><T95/><D107/><N who="2" m="41034" /><F84/><W42/><G42/><T100/><D86/><U88/><E34/><V69/><F77/><W70/><G70/><T119/><D27/><U12/><E32/><V13/><F13/><W81/><G81/><T126/><D126/><U15/><E15/><V8/><F8/><W9/><G9/><T130/><D130/><U46/><E2/><V78/><F78/><W64/><G64/><T73/><D73/><U101/><E101/><N who="2" m="60655" /><F69/><W36/><G35/><T110/><D119/><U37/><REACH who="1" step="1"/><E47/><REACH who="1" ten="244,219,283,244" step="2"/><V111/><F111/><W67/><G33/><T23/><D110/><U26/><E26/><V4/><F4/><W1/><G1/><T92/><D100/><U96/><E96/><N who="0" m="36969" /><D23/><U29/><E29/><V50/><AGARI ba="0,1" hai="28,31,45,50,55" m="60655,41034,47114" machi="50" ten="40,2700,0" yaku="13,1,52,1" doraHai="89" who="2" fromWho="2" sc="244,-7,219,-7,283,37,244,-13" owari="237,3.7,212,-28.8,320,42.0,231,-16.9" /></mjloggm>