<mjloggm ver="2.3"><GO type="225" lobby="0"/><UN n0="%E3%82%A2%E3%83%BC%E3%83%A2%E3%83%AD%E3%83%BC%E3%83%B4%E3%82%A1" n1="%E7%B4%94%E6%BD%94%E3%83%94%E3%83%A9%E3%83%8B%E3%82%A2" n2="%E5%8D%A0%E3%81%84%E5%B8%AB%E8%A3%8F%E3%81%AA%E3%81%84%E3%81%97" n3="%E8%BE%9B%E5%8F%A3%E3%82%AB%E3%83%AC%E3%83%BC%E3%83%A9%E3%82%A4%E3%82%B9" dan="16,16,16,17" rate="2153.39,2161.76,2162.04,2222.33" sx="M,M,M,M"/><TAIKYOKU oya="0"/><INIT seed="0,0,0,0,0,60" ten="250,250,250,250" oya="0" hai0="123,124,47,95,74,57,90,99,98,118,101,81,51" hai1="86,132,71,115,87,16,108,112,133,113,65,117,84" hai2="62,100,127,89,50,63,88,94,37,92,26,68,41" hai3="103,44,32,21,3,25,6,24,14,75,131,43,30"/><T114/><D114/><U19/><E117/><V93/><F37/><W36/><G131/><T29/><D118/><U15/><E108/><V70/><F127/><W34/><G103/><T55/><D124/><U82/><E82/><V129/><F129/><W91/><G75/><T66/><D123/><U23/><E19/><V18/><F100/><W76/><G76/><T52/><D29/><U38/><E38/><V120/><F120/><W102/><G102/><T11/><D11/><U45/><E45/><N who="2" m="25903" /><F68/><W128/><G128/><T49/><D66/><U122/><E122/><V33/><F70/><W109/><G109/><T7/><D7/><U46/><E46/><V67/><F33/><W116/><G116/><T53/><D53/><U22/><E22/><N who="2" m="13655" /><F67/><W106/><G106/><T125/><D125/><U58/><E71/><V77/><F77/><W69/><G69/><T85/><D74/><U1/><E1/><V13/><F13/><W83/><G3/><T110/><D110/><U2/><E2/><V107/><F107/><W119/><G119/><T12/><D12/><U0/><E0/><V134/><F134/><N who="1" m="51817" /><E58/><V121/><F121/><W61/><G14/><T39/><D39/><U73/><E65/><V8/><F8/><W56/><G25/><T10/><D10/><U27/><E73/><V135/><F135/><W5/><G5/><T31/><D31/><U4/><E4/><V28/><F28/><W78/><G6/><T48/><D48/><U59/><E59/><V64/><F64/><N who="3" m="38951" /><G78/><T54/><D54/><U104/><E15/><V9/><F9/><W97/><G36/><RYUUKYOKU ba="0,0" sc="250,10,250,10,250,10,250,-30" hai0="47,49,51,52,55,57,81,85,90,95,98,99,101" hai1="16,23,27,84,86,87,104,112,113,115" hai2="62,63,88,89,92,93,94" /><INIT seed="0,1,0,3,1,125" ten="260,260,260,220" oya="0" hai0="119,40,104,122,68,117,123,90,50,60,53,99,51" hai1="14,21,65,42,76,124,78,121,103,30,112,15,93" hai2="26,71,20,63,84,44,17,73,113,6,128,98,52" hai3="132,35,8,23,88,54,46,102,16,25,92,27,43"/><T12/><D12/><N who="1" m="4651" /><E121/><N who="0" m="46089" /><D90/><U11/><E112/><V69/><F73/><W28/><G132/><T2/><D99/><N who="1" m="59887" /><E124/><V32/><F113/><W0/><G102/><T127/><D2/><U129/><E129/><V58/><F128/><W108/><G108/><T47/><D104/><U59/><E42/><V101/><F32/><W29/><G54/><T37/><D127/><U116/><E116/><N who="0" m="44617" /><D53/><U86/><E86/><V70/><F84/><W111/><G111/><T82/><D82/><U57/><E11/><V4/><REACH who="2" step="1"/><F44/><REACH who="2" ten="260,260,250,220" step="2"/><W55/><G46/><T89/><D89/><U120/><E120/><V56/><F56/><W106/><G88/><T72/><D72/><U100/><E59/><V64/><F64/><AGARI ba="1,1" hai="37,40,47,50,51,60,64,68" m="44617,46089" machi="64" ten="30,2900,0" yaku="34,2" doraHai="125" who="0" fromWho="2" sc="260,42,260,0,250,-32,220,0" /><INIT seed="0,2,0,4,1,18" ten="302,260,218,220" oya="0" hai0="1,120,30,129,132,102,127,98,91,49,66,97,19" hai1="84,90,4,78,31,75,87,29,110,60,99,33,58" hai2="20,95,73,3,71,34,109,72,48,65,105,103,118" hai3="42,13,86,53,134,100,41,40,111,89,92,130,63"/><T96/><D120/><U43/><E110/><V62/><F109/><W8/><G111/><T64/><D129/><U12/><E33/><V55/><F118/><W26/><G130/><T50/><D1/><U44/><E75/><V15/><F3/><W74/><G134/><T35/><D132/><U22/><E99/><V23/><F34/><W76/><G74/><T93/><D127/><U70/><E70/><V27/><F105/><W106/><G106/><T36/><D36/><U126/><E126/><V101/><F73/><W115/><G115/><T124/><D124/><U133/><E78/><V116/><F72/><W112/><G112/><T51/><D19/><N who="1" m="10599" /><E84/><V117/><F15/><W88/><G26/><T28/><D35/><U6/><E44/><V32/><F32/><W16/><G76/><T107/><REACH who="0" step="1"/><D98/><REACH who="0" ten="292,260,218,220" step="2"/><U37/><E37/><V121/><F121/><W67/><G53/><T85/><D85/><U81/><E133/><V47/><F117/><W25/><G86/><T123/><D123/><U80/><E43/><V114/><F116/><W125/><G125/><T10/><D10/><U59/><E81/><V46/><F114/><W122/><G122/><T135/><D135/><U54/><E31/><AGARI ba="2,1" hai="28,30,31,49,50,51,64,66,91,93,96,97,102,107" machi="31" ten="40,2000,0" yaku="1,1,53,0" doraHai="18" doraHaiUra="82" who="0" fromWho="1" sc="292,36,260,-26,218,0,220,0" /><INIT seed="0,3,0,3,3,44" ten="328,234,218,220" oya="0" hai0="42,105,91,114,103,119,71,67,38,63,11,65,117" hai1="45,32,20,89,127,19,132,3,129,87,26,86,15" hai2="30,39,41,17,110,108,9,23,27,121,100,123,31" hai3="57,13,90,21,58,52,55,126,80,61,134,49,88"/><T22/><D114/><U60/><E127/><V99/><F39/><W124/><G134/><T34/><D91/><U101/><E132/><V79/><F79/><W64/><G64/><T96/><D22/><U106/><E3/><V28/><F41/><W37/><G37/><T76/><D76/><U78/><E129/><V43/><F43/><W84/><REACH who="3" step="1"/><G90/><REACH who="3" ten="328,234,218,210" step="2"/><T109/><D65/><U128/><E89/><V50/><F110/><W24/><G24/><T112/><D109/><U12/><E26/><V35/><F108/><W72/><G72/><T47/><D112/><U122/><E78/><V130/><F130/><W54/><G54/><T14/><REACH who="0" step="1"/><D34/><REACH who="0" ten="318,234,218,210" step="2"/><U10/><E32/><V74/><F35/><W0/><G0/><T83/><D83/><U73/><E128/><V62/><F123/><W81/><G81/><T25/><D25/><U82/><E82/><V18/><F121/><W33/><G33/><T113/><D113/><U97/><E122/><V118/><F27/><W16/><AGARI ba="3,2" hai="13,16,21,49,52,55,57,58,61,80,84,88,124,126" machi="16" ten="30,12000,2" yaku="1,1,0,1,52,1,54,3,53,0" doraHai="44" doraHaiUra="36" who="3" fromWho="3" sc="318,-63,234,-33,218,-33,210,149" /><INIT seed="1,0,0,0,5,113" ten="255,201,185,359" oya="1" hai0="107,23,79,45,31,95,114,29,125,109,132,102,118" hai1="49,11,44,21,65,71,74,98,13,85,93,38,64" hai2="55,19,104,123,84,28,130,133,66,51,89,124,121" hai3="129,82,108,135,70,59,134,18,91,33,128,3,80"/><U10/><E38/><V12/><F104/><W88/><G70/><T127/><D114/><U16/><E74/><V34/><F130/><N who="3" m="50283" /><G33/><T116/><D109/><U100/><E85/><V112/><F112/><W17/><G3/><T27/><D132/><N who="3" m="50729" /><G59/><T94/><D79/><U105/><E105/><V63/><F124/><N who="0" m="47690" /><D31/><U53/><E71/><V117/><F133/><W20/><G108/><T97/><D45/><U92/><E92/><AGARI ba="0,0" hai="23,27,29,92,94,95,97,102,107,116,118" m="47690" machi="92" ten="30,3900,0" yaku="18,1,52,2" doraHai="113" who="0" fromWho="1" sc="255,39,201,-39,185,0,359,0" /><INIT seed="2,0,0,3,3,44" ten="294,162,185,359" oya="2" hai0="64,59,19,98,92,65,81,28,56,5,68,105,11" hai1="85,102,115,89,118,84,71,66,9,6,20,72,133" hai2="26,40,101,45,1,63,21,96,94,62,111,122,110" hai3="12,23,76,95,22,32,18,131,88,114,53,17,112"/><V127/><F1/><W58/><G32/><T78/><D105/><U29/><E72/><V106/><F127/><W121/><G76/><T90/><D28/><U57/><E115/><N who="3" m="44074" /><G131/><T74/><D19/><N who="3" m="7177" /><G12/><T134/><D134/><U24/><E133/><V130/><F122/><W124/><G124/><T79/><D79/><U7/><E7/><V83/><F83/><W132/><G132/><T3/><REACH who="0" step="1"/><D68/><REACH who="0" ten="284,162,185,359" step="2"/><U135/><E71/><V82/><F106/><W8/><G121/><T33/><D33/><U128/><E128/><V103/><F130/><W70/><G70/><T51/><D51/><U25/><E29/><V80/><F111/><W31/><G31/><T37/><D37/><U61/><E135/><V129/><F110/><W87/><G8/><T117/><D117/><U52/><E9/><V125/><F125/><W116/><G116/><T119/><D119/><U99/><E6/><V67/><F129/><W107/><G107/><T15/><D15/><U55/><E118/><V10/><F10/><W47/><G47/><T48/><D48/><AGARI ba="0,1" hai="22,23,48,53,58,87,88,95" m="7177,44074" machi="48" ten="30,3900,0" yaku="11,1,52,1,54,1" doraHai="44" who="3" fromWho="0" sc="284,-39,162,0,185,0,359,49" /><INIT seed="3,0,0,3,2,48" ten="245,162,185,408" oya="3" hai0="120,54,63,44,114,97,98,130,42,132,20,89,3" hai1="47,119,102,65,67,124,133,72,91,17,99,88,53" hai2="74,122,76,101,19,92,79,16,31,112,21,15,46" hai3="10,49,83,23,93,84,110,11,51,29,103,32,40"/><W12/><G32/><T60/><D120/><U104/><E72/><V131/><F112/><W62/><G62/><T82/><D3/><U25/><E119/><V73/><F122/><W128/><G10/><T96/><D132/><U28/><E133/><V90/><F131/><W68/><G68/><T129/><D20/><U9/><E124/><V87/><F31/><W34/><G40/><T69/><D69/><U71/><E67/><V24/><F101/><W109/><G34/><T26/><D26/><U22/><E65/><V116/><F116/><W125/><G93/><T135/><D114/><U13/><REACH who="1" step="1"/><E71/><REACH who="1" ten="245,152,185,408" step="2"/><V105/><F74/><W113/><G125/><T75/><D75/><U1/><E1/><V127/><F73/><W107/><G113/><T27/><D135/><U134/><E134/><V94/><F127/><W18/><G110/><T100/><D129/><U95/><E95/><V5/><F105/><W4/><G107/><T43/><D130/><U111/><E111/><V57/><F94/><W33/><G109/><T56/><D100/><U2/><E2/><V55/><F5/><W61/><G4/><T52/><D98/><U58/><E58/><V106/><F106/><W115/><G103/><T36/><D97/><U0/><E0/><V80/><F92/><W39/><G128/><T126/><D56/><U70/><E70/><V45/><F45/><W59/><G59/><T38/><D96/><U64/><E64/><V8/><F46/><W35/><G115/><T123/><D126/><U117/><E117/><V66/><F66/><W14/><G84/><T41/><D44/><RYUUKYOKU ba="0,1" sc="245,-15,152,15,185,15,408,-15" hai1="9,13,17,22,25,28,47,53,88,91,99,102,104" hai2="8,15,16,19,21,24,55,57,76,79,80,87,90" owari="230,3.0,167,-33.3,200,-20.0,403,50.3" /></mjloggm>