<mjloggm ver="2.3"><GO type="225" lobby="0"/><UN n0="%E3%81%A9%E3%82%8F%E3%82%93%E3%81%94" n1="%E5%B8%86%E7%AB%8B%E5%A4%8F%E8%A1%A3" n2="%E3%81%B5%E3%81%98%E3%81%8B%E3%81%A4" n3="%E3%81%86%E3%81%A9%E3%82%93%E3%81%93" dan="16,16,16,16" rate="2102.33,2081.19,2107.34,2181.34" sx="M,M,M,M"/><TAIKYOKU oya="0"/><INIT seed="0,0,0,5,5,72" ten="250,250,250,250" oya="0" hai0="74,125,103,58,73,124,118,4,57,64,76,52,24" hai1="43,48,30,89,31,131,99,110,5,97,67,41,86" hai2="79,38,44,116,122,120,36,66,47,27,108,21,133" hai3="2,33,25,98,109,60,45,91,54,100,29,8,84"/><T102/><D118/><U69/><E110/><V80/><F116/><W65/><G109/><T15/><D24/><U75/><E131/><V70/><F108/><W94/><G2/><T23/><D23/><U105/><E75/><V106/><F106/><W107/><G8/><N who="0" m="4487" /><D64/><U56/><E5/><V63/><F133/><W85/><G54/><T134/><D74/><U87/><E69/><V28/><F47/><W37/><G45/><T16/><D16/><U35/><E35/><V111/><F111/><W114/><G37/><T46/><D46/><U82/><E105/><V55/><F55/><W115/><REACH who="3" step="1"/><G85/><REACH who="3" ten="250,250,250,240" step="2"/><T112/><D134/><U18/><E86/><V77/><F36/><W96/><G96/><T128/><D128/><U59/><E99/><V132/><F132/><W92/><G92/><T32/><D52/><U1/><E97/><V135/><F135/><W19/><G19/><T12/><D73/><U7/><E18/><V71/><F44/><W126/><G126/><T20/><D125/><U117/><E43/><V51/><F38/><W68/><AGARI ba="0,1" hai="25,29,33,60,65,68,84,91,94,98,100,107,114,115" machi="68" ten="20,12000,2" yaku="1,1,0,1,7,1,25,2,53,1" doraHai="72" doraHaiUra="101" who="3" fromWho="3" sc="250,-60,250,-30,250,-30,240,130" /><INIT seed="1,0,0,1,2,6" ten="190,220,220,370" oya="1" hai0="47,50,48,59,60,55,5,121,40,86,129,68,72" hai1="108,99,22,2,49,9,63,128,81,32,113,87,127" hai2="126,69,94,95,135,133,119,89,17,58,42,74,51" hai3="33,8,25,96,71,122,67,56,123,21,112,19,66"/><U70/><E113/><V107/><F69/><W97/><G112/><T98/><D72/><U20/><E32/><V85/><F119/><W46/><G71/><T24/><D129/><U57/><E128/><V134/><F107/><W84/><G33/><T38/><D121/><U117/><E117/><V52/><F74/><W115/><G115/><T120/><D120/><U13/><E2/><V78/><F126/><W26/><G26/><T103/><D24/><U31/><E127/><V61/><F78/><W30/><G46/><N who="0" m="23831" /><D86/><U92/><E70/><V36/><F17/><W124/><G124/><T106/><D5/><N who="1" m="3247" /><E49/><V11/><F11/><W3/><G84/><T131/><D131/><U125/><E108/><V10/><F10/><W34/><G96/><T35/><D35/><U28/><E125/><V104/><F104/><W79/><G79/><T27/><D27/><U43/><E43/><V53/><F42/><W41/><G41/><N who="0" m="24687" /><D98/><U114/><E114/><V100/><F36/><W0/><G97/><T64/><D103/><N who="1" m="60903" /><E31/><V16/><F16/><W65/><G0/><T77/><D77/><N who="1" m="46511" /><E28/><V102/><F95/><W76/><G76/><T62/><D106/><U54/><AGARI ba="0,0" hai="20,22,54,57,63" m="46511,60903,3247" machi="54" ten="30,3000,0" yaku="8,1,52,1" doraHai="6" who="1" fromWho="1" sc="190,-10,220,30,220,-10,370,-10" /><INIT seed="1,1,0,4,4,94" ten="180,250,210,360" oya="1" hai0="65,51,97,133,50,134,17,98,73,92,30,37,100" hai1="49,61,83,36,7,39,21,80,78,55,32,75,103" hai2="9,23,18,74,107,0,89,131,64,20,19,67,84" hai3="87,120,135,41,24,56,48,85,33,95,25,77,125"/><U112/><E112/><V71/><F74/><W3/><G3/><T122/><D37/><U86/><E32/><V79/><F79/><W129/><G120/><T90/><D73/><U14/><E103/><V108/><F107/><W99/><G129/><T93/><D122/><U53/><E61/><V109/><F131/><W81/><G135/><N who="0" m="51723" /><D30/><U42/><E55/><V104/><F104/><W15/><G125/><T16/><D65/><N who="2" m="25162" /><F71/><W11/><G87/><T59/><D59/><U40/><E39/><V105/><F105/><W101/><G33/><T126/><D126/><U29/><E36/><V5/><F23/><W2/><G2/><T46/><D51/><U34/><E34/><V27/><F19/><W132/><G132/><T82/><D82/><U88/><E29/><V45/><F45/><N who="3" m="25647" /><G56/><T118/><D118/><U58/><REACH who="1" step="1"/><E21/><REACH who="1" ten="180,240,210,360" step="2"/><V76/><F20/><W26/><G26/><T96/><D98/><U38/><E38/><V124/><F124/><W121/><G121/><T127/><D127/><U13/><E13/><V111/><F27/><W57/><G57/><T66/><D66/><U47/><E47/><V68/><F68/><W114/><G114/><T123/><D123/><U4/><E4/><AGARI ba="1,1" hai="4,11,15,24,25,77,81,85,95,99,101" m="25647" machi="4" ten="30,3900,0" yaku="25,1,8,1,52,1" doraHai="94" who="3" fromWho="1" sc="180,0,240,-42,210,0,360,52" /><INIT seed="2,0,0,1,2,110" ten="180,198,210,412" oya="2" hai0="83,63,72,125,55,135,117,76,19,98,115,91,10" hai1="30,123,6,124,111,0,129,103,86,90,126,119,116" hai2="82,2,118,38,128,85,75,68,39,94,12,5,69" hai3="43,17,133,53,9,37,114,16,84,102,57,97,105"/><V130/><F118/><N who="1" m="45097" /><E30/><V81/><F12/><W18/><G133/><T107/><D117/><U45/><E45/><V131/><F94/><W77/><G43/><T112/><D10/><U73/><E6/><V7/><F75/><W33/><G37/><N who="2" m="13833" /><F85/><W52/><G33/><T100/><D19/><U62/><E62/><V99/><F99/><W93/><G105/><T25/><D25/><U134/><E0/><V22/><F22/><W14/><G114/><N who="0" m="43563" /><D55/><N who="3" m="21065" /><G57/><T87/><D63/><U41/><E41/><V80/><F2/><W89/><G89/><T47/><D47/><U40/><E40/><V13/><F13/><W122/><G122/><T54/><D54/><U23/><E23/><V67/><F67/><W1/><G1/><T21/><D21/><U56/><E123/><V106/><F106/><W109/><G109/><T64/><D64/><U51/><E111/><V49/><F49/><W70/><G70/><AGARI ba="0,0" hai="5,7,68,69,70,80,81,82,128,130,131" m="13833" machi="70" ten="40,7700,0" yaku="28,2,19,1" doraHai="110" who="2" fromWho="3" sc="180,0,198,0,210,77,412,-77" /><INIT seed="2,1,0,1,4,8" ten="180,198,287,335" oya="2" hai0="129,53,48,14,80,110,75,107,10,76,17,33,127" hai1="7,40,39,121,97,20,65,23,108,72,90,99,62" hai2="38,89,83,24,68,52,84,44,67,113,73,103,125" hai3="12,25,35,1,98,21,114,106,43,81,47,29,54"/><V69/><F113/><W88/><G114/><T34/><D110/><U2/><E108/><V9/><F125/><W37/><G1/><T119/><D127/><U59/><E121/><V15/><F103/><W101/><G54/><T109/><D109/><U26/><E72/><V79/><F67/><W66/><G66/><T82/><D107/><U46/><E23/><V91/><F24/><W94/><G81/><T41/><D129/><U118/><E118/><V64/><F64/><W57/><G57/><T27/><D119/><U130/><E130/><V126/><F126/><W30/><G12/><T6/><D41/><U85/><E7/><V128/><F128/><W19/><REACH who="3" step="1"/><G35/><REACH who="3" ten="180,198,287,325" step="2"/><T51/><D82/><U124/><E2/><V116/><F116/><W132/><G132/><T104/><D34/><U92/><REACH who="1" step="1"/><E124/><REACH who="1" ten="180,188,287,325" step="2"/><V131/><F131/><W63/><G63/><T111/><D111/><U86/><E86/><AGARI ba="1,2" hai="19,21,25,29,30,37,43,47,86,88,94,98,101,106" machi="86" ten="30,3900,0" yaku="1,1,7,1,54,1,53,0" doraHai="8" doraHaiUra="11" who="3" fromWho="1" sc="180,0,188,-42,287,0,325,62" /><INIT seed="3,0,0,5,4,112" ten="180,146,287,387" oya="3" hai0="66,70,119,106,45,48,61,69,17,38,12,75,18" hai1="77,39,1,120,31,8,32,127,92,71,67,29,54" hai2="43,82,73,102,80,40,114,133,122,123,130,91,34" hai3="124,22,41,50,115,79,65,111,81,37,51,42,9"/><W86/><G115/><T53/><D119/><U6/><E120/><N who="2" m="46123" /><F34/><W109/><G124/><T129/><D106/><U96/><E127/><V118/><F114/><W49/><G37/><T108/><D75/><U83/><E39/><V99/><F40/><W60/><G22/><T100/><D100/><U36/><E36/><V84/><F43/><W52/><G52/><T88/><D108/><N who="3" m="41545" /><G9/><T105/><D105/><U28/><E54/><V59/><F59/><AGARI ba="0,0" hai="41,42,49,50,51,59,60,65,79,81,86" m="41545" machi="59" ten="30,2900,0" yaku="14,1,10,1" doraHai="112" who="3" fromWho="2" sc="180,0,146,0,287,-29,387,29" owari="180,-22.0,146,-35.4,258,5.8,416,51.6" /></mjloggm>