<mjloggm ver="2.3"><GO type="225" lobby="0"/><UN n0="%4B%2E%32%2E%4B%2E" n1="%72%69%6F%75%63%68%61%6E" n2="%E9%8A%80%E3%81%B0%E3%81%95%E3%81%BF" n3="%E3%82%A2%E3%83%A1%E3%82%A2%E3%83%A9%E3%83%AC" dan="16,16,17,16" rate="2116.07,2164.70,2149.18,2189.24" sx="M,M,M,M"/><TAIKYOKU oya="0"/><INIT seed="0,0,0,4,0,36" ten="250,250,250,250" oya="0" hai0="53,118,16,100,50,17,70,15,64,92,82,93,87" hai1="52,48,97,110,21,101,59,99,96,90,76,55,35" hai2="79,22,121,130,98,73,117,116,3,32,11,39,133" hai3="81,9,94,14,5,56,20,10,123,95,83,40,57"/><T68/><D118/><U109/><E35/><V134/><F39/><W37/><G123/><T49/><D100/><U119/><E119/><N who="2" m="45643" /><F32/><W58/><G20/><T38/><D38/><U80/><E90/><V60/><F121/><W7/><G37/><T43/><D50/><U42/><E42/><V44/><F130/><W30/><G30/><T77/><D17/><U102/><E21/><V2/><F22/><W131/><G131/><T115/><D115/><U26/><E26/><V66/><F44/><W88/><G40/><T23/><D43/><U125/><E125/><V45/><F45/><W89/><G58/><T113/><D113/><U111/><REACH who="1" step="1"/><E55/><REACH who="1" ten="250,240,250,250" step="2"/><V86/><F133/><W78/><G14/><T114/><D114/><U19/><E19/><V54/><F134/><W8/><G10/><T24/><D15/><U41/><E41/><V27/><F11/><W62/><G62/><T31/><D31/><U65/><E65/><V74/><F66/><W12/><G12/><T107/><D64/><U108/><N who="1" m="27648" /><DORA hai="126" /><U28/><E28/><V47/><F60/><W67/><G67/><T25/><D25/><U63/><E63/><V127/><F27/><W120/><G120/><T0/><D24/><U103/><E103/><V129/><F129/><W72/><G78/><T132/><D77/><U124/><E124/><V85/><F127/><W34/><G34/><T6/><D23/><U18/><E18/><V29/><F79/><W46/><G8/><N who="0" m="2119" /><D16/><U128/><E128/><V106/><F29/><W13/><G9/><T135/><D135/><U84/><AGARI ba="0,1" hai="48,52,59,76,80,84,96,97,99,101,102" m="27648" machi="84" ten="60,8000,1" yaku="1,1,0,1,14,1,54,1,53,0" doraHai="36,126" doraHaiUra="112,105" who="1" fromWho="1" sc="250,-40,240,90,250,-20,250,-20" /><INIT seed="1,0,0,1,1,61" ten="210,330,230,230" oya="1" hai0="96,49,74,113,47,33,16,77,85,27,10,31,15" hai1="60,20,66,112,109,41,84,4,80,52,70,40,78" hai2="54,82,95,42,30,24,22,98,111,1,53,114,62" hai3="124,35,91,90,130,23,104,126,88,72,39,115,65"/><U97/><E112/><V29/><F111/><W6/><G35/><T129/><D129/><U128/><E128/><V43/><F114/><W102/><G130/><T108/><D113/><U121/><E121/><V75/><F1/><W76/><G39/><T56/><D108/><U50/><E109/><V73/><F30/><W92/><G115/><T133/><D133/><U119/><E119/><V117/><F117/><W17/><G6/><T3/><D74/><U37/><E37/><V134/><F134/><W8/><G8/><T71/><D71/><U55/><E4/><V58/><F54/><W107/><G65/><T105/><D3/><U48/><E97/><V125/><F125/><N who="3" m="48235" /><G92/><T12/><D56/><U122/><E122/><V38/><F38/><W86/><G72/><T11/><D105/><N who="3" m="40521" /><G102/><T46/><D96/><U110/><E110/><V45/><F75/><W118/><G118/><T25/><D25/><U106/><E106/><V51/><F73/><W94/><G76/><T67/><D67/><U2/><E2/><V32/><F32/><W21/><G21/><T7/><REACH who="0" step="1"/><D49/><REACH who="0" ten="200,330,230,230" step="2"/><U81/><E48/><V83/><REACH who="2" step="1"/><F43/><REACH who="2" ten="200,330,220,230" step="2"/><W87/><G87/><T89/><D89/><AGARI ba="0,2" hai="22,24,29,42,45,51,53,58,62,82,83,89,95,98" machi="89" ten="30,12000,2" yaku="1,1,2,1,7,1,8,1,53,2" doraHai="61" doraHaiUra="79" who="2" fromWho="0" sc="200,-120,330,0,220,140,230,0" /><INIT seed="2,0,0,2,2,24" ten="80,330,360,230" oya="2" hai0="98,66,106,124,23,76,77,132,45,103,75,15,35" hai1="69,93,86,71,133,108,28,112,92,84,121,113,0" hai2="67,99,4,52,59,60,85,80,48,31,38,88,81" hai3="94,109,64,18,127,117,8,53,100,95,20,74,129"/><V107/><F38/><W57/><G117/><T47/><D124/><U91/><E0/><V68/><F4/><W12/><G109/><T14/><D132/><U63/><E108/><V58/><F31/><W120/><G74/><T27/><D35/><U101/><E133/><V62/><F107/><W96/><G129/><T13/><D66/><U90/><E121/><V50/><F99/><W39/><G39/><T130/><D130/><U131/><E131/><V54/><F62/><W3/><G64/><T30/><REACH who="0" step="1"/><D75/><REACH who="0" ten="70,330,360,230" step="2"/><U123/><E123/><V70/><F70/><W41/><G127/><T89/><D89/><U49/><E101/><V37/><F37/><W61/><G120/><T22/><D22/><U11/><E11/><V40/><F40/><W134/><G134/><T102/><D102/><U79/><E79/><AGARI ba="0,1" hai="13,14,15,23,27,30,45,47,76,77,79,98,103,106" machi="79" ten="40,8000,1" yaku="1,1,52,1,53,3" doraHai="24" doraHaiUra="73" who="0" fromWho="1" sc="70,90,330,-80,360,0,230,0" /><INIT seed="3,0,0,3,5,134" ten="160,250,360,230" oya="3" hai0="61,38,23,114,43,47,84,73,87,104,112,57,129" hai1="9,79,31,117,18,55,32,76,30,45,115,59,66" hai2="128,75,80,44,19,90,130,13,83,5,81,39,99" hai3="67,27,131,100,56,93,91,1,12,0,26,46,24"/><W86/><G131/><N who="2" m="50217" /><F5/><W34/><G34/><T17/><D129/><U42/><E115/><V121/><F121/><W116/><G116/><T3/><D104/><U36/><E117/><V122/><F122/><W69/><G69/><T41/><D73/><U35/><E66/><V52/><F75/><W107/><G46/><T113/><D43/><U68/><E68/><V37/><F99/><W49/><G107/><T88/><D3/><U82/><E32/><V85/><F52/><W125/><G100/><T70/><D70/><U123/><E123/><V53/><F53/><W60/><G49/><T124/><D124/><U50/><E35/><V108/><F108/><W2/><REACH who="3" step="1"/><G12/><REACH who="3" ten="160,250,360,220" step="2"/><T20/><D17/><U74/><E79/><V51/><F51/><W11/><G11/><T16/><D23/><U8/><E18/><V77/><F44/><W103/><G103/><T133/><D88/><U48/><E48/><V14/><F14/><W98/><G98/><T132/><D132/><U126/><E126/><AGARI ba="0,1" hai="0,1,2,24,26,27,56,60,67,86,91,93,125,126" machi="126" ten="50,9600,0" yaku="1,1,52,2,53,0" doraHai="134" doraHaiUra="7" who="3" fromWho="1" sc="160,0,250,-96,360,0,220,106" /><INIT seed="3,1,0,5,1,20" ten="160,154,360,326" oya="3" hai0="108,3,13,121,120,105,118,114,29,24,23,15,57" hai1="39,17,116,86,123,125,127,87,81,4,85,61,42" hai2="58,132,16,104,21,76,135,126,38,7,90,70,30" hai3="46,48,129,88,110,43,130,55,62,75,34,12,5"/><W37/><G75/><T72/><D72/><U71/><E123/><N who="0" m="47177" /><D105/><U92/><E116/><V94/><F70/><W84/><G34/><N who="0" m="20775" /><D57/><U100/><E4/><V56/><F104/><W68/><G110/><T99/><D99/><N who="1" m="59495" /><E17/><V115/><F115/><W128/><G5/><T131/><D118/><U11/><E11/><V97/><F126/><N who="1" m="48137" /><E42/><V27/><F38/><W63/><G12/><N who="0" m="4683" /><D108/><U33/><E33/><V77/><F7/><W51/><G68/><T9/><D114/><U112/><E112/><V73/><F30/><W67/><G67/><T78/><D78/><N who="2" m="30314" /><F73/><W79/><G79/><T25/><D131/><U44/><E39/><V109/><F109/><W18/><G18/><N who="0" m="12535" /><D9/><U31/><E44/><V93/><F93/><N who="3" m="54407" /><G37/><T66/><D66/><N who="1" m="41423" /><E31/><V14/><F14/><W133/><G63/><T0/><AGARI ba="1,0" hai="0,3" m="12535,4683,20775,47177" machi="0" ten="30,7900,0" yaku="34,2,52,2" doraHai="20" who="0" fromWho="0" sc="160,82,154,-21,360,-21,326,-40" owari="242,-15.8,133,-36.7,339,43.9,286,8.6" /></mjloggm>