<mjloggm ver="2.3"><GO type="225" lobby="0"/><UN n0="%E3%80%93%E3%81%97%E3%83%BC%E3%82%89%E3%80%93" n1="%72%69%6F%75%63%68%61%6E" n2="%4D%6F%6E%61%6E%61" n3="%E3%83%B4%E3%83%A0%EF%BC%99%E3%81%A6" dan="16,16,16,16" rate="2141.84,2147.35,2109.27,2143.28" sx="M,M,F,M"/><TAIKYOKU oya="0"/><INIT seed="0,0,0,1,5,44" ten="250,250,250,250" oya="0" hai0="8,40,89,126,91,47,116,111,108,21,81,6,97" hai1="18,80,71,72,33,61,2,83,7,36,119,127,90" hai2="54,82,0,120,68,30,42,130,65,93,121,46,4" hai3="24,32,23,3,69,87,112,39,5,67,19,75,17"/><T63/><D116/><U34/><E119/><V78/><F30/><W104/><G75/><T56/><D126/><U92/><E127/><V125/><F125/><W38/><G104/><T110/><D21/><U9/><E36/><V31/><F31/><W1/><G112/><T103/><D81/><U79/><E83/><V58/><F130/><W14/><G1/><N who="0" m="79" /><D56/><U35/><E18/><V41/><F93/><W27/><G27/><T129/><D63/><U50/><E61/><N who="2" m="39983" /><F4/><W55/><G87/><T99/><D129/><U28/><E71/><V15/><F15/><W49/><G67/><T53/><D53/><U52/><E28/><V73/><F0/><W43/><G69/><T88/><D103/><U106/><E106/><V76/><F78/><W96/><G32/><T94/><D94/><U128/><E128/><V62/><F41/><W59/><G43/><T105/><D105/><U107/><E107/><V10/><F10/><W70/><G70/><T77/><D77/><U60/><E60/><V12/><F12/><W29/><G29/><T11/><D11/><U25/><E25/><V66/><F66/><W102/><G3/><T98/><D99/><U16/><E16/><V64/><F64/><W124/><G124/><T85/><D85/><U51/><REACH who="1" step="1"/><E52/><REACH who="1" ten="250,240,250,250" step="2"/><V113/><F113/><W135/><G19/><T123/><D123/><U117/><E117/><V132/><F132/><W84/><G135/><T100/><D100/><U20/><E20/><V118/><F118/><W95/><G5/><T133/><D133/><U74/><E74/><V57/><F57/><W13/><G84/><AGARI ba="0,1" hai="2,7,9,33,34,35,50,51,72,79,80,84,90,92" machi="84" ten="40,8000,1" yaku="1,1,6,1,52,2,53,0" doraHai="44" doraHaiUra="131" who="1" fromWho="3" sc="250,0,240,90,250,0,250,-80" /><INIT seed="1,0,0,3,1,106" ten="250,330,250,170" oya="1" hai0="118,116,95,66,27,121,108,10,92,119,112,93,104" hai1="113,91,7,31,90,6,15,13,98,65,35,32,107" hai2="85,129,34,83,61,17,47,37,110,53,52,30,39" hai3="22,56,122,134,64,16,126,89,26,73,71,132,75"/><U18/><E113/><V81/><F110/><W70/><G122/><T51/><D112/><U131/><E65/><V114/><F129/><W69/><G126/><T11/><D104/><U44/><E131/><V68/><F114/><W33/><G33/><N who="1" m="12874" /><E107/><V67/><F81/><W20/><G89/><N who="1" m="33802" /><E44/><V84/><F84/><W88/><G22/><T78/><D66/><U117/><E18/><V101/><F101/><W123/><G123/><T55/><D121/><U127/><E98/><V46/><F47/><W94/><G56/><T45/><D108/><U103/><E103/><V120/><F17/><W109/><G64/><T3/><D3/><U86/><E86/><V77/><F120/><W5/><G5/><N who="1" m="1546" /><E31/><V76/><F46/><W36/><G36/><T133/><D27/><U1/><E1/><V79/><F30/><W9/><G9/><T72/><REACH who="0" step="1"/><D133/><REACH who="0" ten="240,330,250,170" step="2"/><N who="3" m="51305" /><G109/><T49/><D49/><U115/><E115/><V28/><F37/><W24/><G26/><T124/><D124/><U50/><E127/><V40/><F39/><W38/><G38/><T82/><AGARI ba="0,1" hai="10,11,45,51,55,72,78,82,92,93,95,116,118,119" machi="82" ten="40,5200,0" yaku="1,1,0,1,52,1,53,0" doraHai="106" doraHaiUra="58" who="0" fromWho="0" sc="240,62,330,-26,250,-13,170,-13" /><INIT seed="2,0,0,2,2,61" ten="302,304,237,157" oya="2" hai0="54,7,40,133,112,6,127,121,4,122,118,34,1" hai1="83,9,90,105,93,107,46,10,12,94,78,84,58" hai2="66,114,21,42,22,62,26,23,52,56,20,92,91" hai3="0,8,123,51,65,35,18,68,30,15,72,67,113"/><V28/><F114/><W80/><G123/><T50/><D40/><U33/><E33/><V109/><F109/><W99/><G113/><T70/><D70/><U75/><E9/><V19/><F42/><W97/><G68/><T36/><D36/><U3/><E3/><V38/><F38/><W13/><G0/><T76/><D34/><U73/><E46/><V16/><F66/><N who="3" m="25099" /><G35/><T37/><D1/><U120/><E120/><V2/><F2/><W77/><G72/><N who="1" m="27722" /><E12/><V104/><F104/><N who="1" m="40009" /><E10/><V49/><F49/><W103/><G30/><T102/><D112/><U119/><E58/><V131/><F131/><W111/><G111/><T126/><D121/><U55/><E55/><V17/><F28/><W82/><G77/><T79/><D76/><U96/><E119/><V74/><F74/><W31/><G31/><T129/><D79/><U71/><E71/><V88/><F91/><W63/><G63/><T41/><D122/><U108/><E108/><V101/><F101/><W87/><G103/><T60/><D102/><N who="1" m="60687" /><E78/><V85/><AGARI ba="0,0" hai="16,17,19,20,21,22,23,26,52,56,62,85,88,92" machi="85" ten="30,12000,1" yaku="0,1,8,1,54,3" doraHai="61" who="2" fromWho="2" sc="302,-40,304,-40,237,120,157,-40" /><INIT seed="2,1,0,4,0,86" ten="262,264,357,117" oya="2" hai0="48,100,77,37,105,30,6,83,46,20,74,21,129" hai1="65,16,8,75,107,66,127,59,106,34,91,31,9" hai2="28,17,89,60,108,94,123,5,131,15,43,23,132" hai3="103,18,38,12,76,2,1,52,13,120,79,122,51"/><V124/><F123/><W118/><G38/><T58/><D129/><U119/><E119/><V99/><F131/><W125/><G118/><T87/><D37/><U92/><E75/><V45/><F124/><W24/><G125/><T115/><D115/><U44/><E127/><V25/><F132/><W135/><G135/><T85/><D6/><U95/><E44/><V4/><F108/><W26/><G103/><T130/><D130/><U42/><E42/><V134/><F60/><W70/><G51/><T32/><D32/><U7/><E95/><V22/><REACH who="2" step="1"/><F134/><REACH who="2" ten="262,264,347,117" step="2"/><W0/><G0/><T14/><D74/><U55/><E66/><V117/><F117/><W96/><G1/><T101/><D105/><U33/><E65/><V41/><F41/><W88/><G2/><T111/><D111/><U68/><E107/><V35/><F35/><W109/><G109/><T102/><D102/><U62/><E106/><V98/><F98/><W71/><G120/><T90/><D101/><U27/><E33/><V114/><F114/><W73/><G122/><T57/><D100/><U29/><E34/><V19/><F19/><W78/><G18/><T47/><D30/><U80/><E31/><V128/><F128/><W64/><G64/><T113/><D113/><U61/><E29/><V116/><F116/><W56/><G71/><T40/><D40/><U53/><E68/><V11/><F11/><W133/><G70/><T72/><D72/><U82/><E9/><V97/><F97/><W39/><G73/><T110/><D110/><U54/><E8/><V67/><F67/><W36/><G133/><RYUUKYOKU ba="1,1" sc="262,-10,264,-10,347,30,117,-10" hai2="4,5,15,17,22,23,25,28,43,45,89,94,99" /><INIT seed="2,2,1,5,1,22" ten="252,254,377,107" oya="2" hai0="34,48,90,109,11,50,77,89,26,123,19,127,129" hai1="13,20,133,3,51,41,82,17,78,105,16,29,30" hai2="60,107,2,117,102,12,115,74,31,87,110,7,70" hai3="122,111,59,27,53,108,101,83,65,35,46,39,91"/><V58/><F115/><W73/><G122/><T96/><D123/><U92/><E105/><V86/><F117/><W98/><G65/><T32/><D127/><U37/><E37/><V134/><F74/><W99/><G39/><T125/><D125/><U23/><E133/><V67/><F134/><W94/><G46/><T79/><D109/><U1/><E92/><V75/><F75/><W9/><G9/><T69/><D69/><U36/><E36/><V120/><F110/><W8/><G8/><T6/><D129/><U44/><E1/><V124/><F120/><W54/><G54/><T118/><D118/><U114/><E3/><V103/><F124/><W97/><G83/><T116/><D116/><U113/><E114/><V55/><F2/><W24/><G73/><T38/><D38/><U25/><E113/><V4/><F107/><W28/><G24/><T63/><D63/><U121/><E121/><V93/><F70/><W106/><REACH who="3" step="1"/><G97/><REACH who="3" ten="252,254,377,97" step="2"/><T33/><D96/><U42/><E41/><V14/><F67/><W112/><G112/><T71/><D11/><U18/><E18/><V84/><F7/><W5/><G5/><T95/><D19/><U100/><E17/><V131/><F4/><W45/><G45/><T81/><D6/><U0/><E29/><V15/><F31/><W61/><AGARI ba="2,2" hai="27,28,35,53,59,61,91,94,98,99,101,106,108,111" machi="61" ten="30,4000,0" yaku="1,1,0,1,52,1,53,0" doraHai="22" doraHaiUra="10" who="3" fromWho="3" sc="252,-12,254,-12,377,-22,97,66" /><INIT seed="3,0,0,2,0,57" ten="240,242,355,163" oya="3" hai0="119,59,101,56,72,35,23,34,86,71,28,118,93" hai1="36,69,115,42,38,30,10,135,108,65,92,110,117" hai2="14,82,48,132,66,96,83,44,128,20,91,111,39" hai3="114,60,74,55,116,88,131,75,61,27,6,123,15"/><W33/><G114/><T4/><D72/><U103/><E115/><V105/><F39/><W107/><G116/><T37/><D71/><U76/><E117/><V73/><F111/><N who="1" m="42537" /><E135/><V32/><F32/><W102/><G123/><T1/><D37/><U125/><E125/><V58/><F132/><W54/><G131/><T9/><D23/><U12/><E30/><V109/><F109/><W24/><G102/><T18/><D18/><U89/><E76/><V113/><F73/><W19/><G107/><T46/><D46/><U87/><E42/><V99/><F105/><W50/><G33/><T95/><D86/><U47/><E47/><V63/><F128/><W17/><G50/><T53/><D56/><U3/><E3/><V112/><F112/><W5/><REACH who="3" step="1"/><G15/><REACH who="3" ten="240,242,355,153" step="2"/><T51/><D35/><U26/><E103/><V43/><F113/><W25/><G25/><T0/><D101/><U100/><E26/><V97/><F14/><W94/><G94/><T130/><D130/><U22/><E100/><V64/><F48/><W84/><G84/><T98/><D93/><U8/><E36/><V62/><F96/><W70/><G70/><T134/><D134/><U133/><E38/><V68/><F97/><W13/><G13/><T31/><D34/><U45/><E133/><V2/><F99/><W124/><G124/><T104/><D104/><U79/><E12/><V106/><F106/><W77/><G77/><T81/><D118/><U67/><E79/><V11/><F68/><W129/><G129/><T7/><D119/><U80/><E92/><V52/><F2/><N who="0" m="1130" /><D95/><N who="1" m="54719" /><E69/><V90/><F82/><RYUUKYOKU ba="0,1" sc="240,-10,242,-10,355,-10,153,30" hai3="5,6,17,19,24,27,54,55,60,61,74,75,88" /><INIT seed="3,1,1,0,4,123" ten="230,232,345,183" oya="3" hai0="64,95,32,46,25,133,69,135,122,3,21,15,65" hai1="37,91,59,72,47,31,16,118,96,106,33,30,50" hai2="105,26,84,109,132,89,71,24,102,131,18,115,4" hai3="28,90,119,44,17,116,70,78,87,73,53,12,68"/><W77/><G28/><T14/><D3/><U39/><E72/><V58/><F109/><W81/><G119/><T112/><D122/><U42/><E118/><V130/><F115/><W134/><G134/><N who="0" m="51211" /><D112/><U66/><E33/><V79/><F132/><W23/><G116/><T97/><D46/><U13/><E37/><V54/><F71/><W114/><G114/><T120/><D32/><U126/><E126/><V38/><F4/><W82/><REACH who="3" step="1"/><G77/><REACH who="3" ten="230,232,345,173" step="2"/><T0/><D120/><U93/><E30/><V129/><F130/><W125/><G125/><T56/><D69/><U6/><E31/><V98/><F129/><W103/><G103/><N who="0" m="60863" /><D0/><U10/><E106/><V48/><F131/><W124/><G124/><T43/><D43/><U110/><E110/><V1/><F102/><W101/><G101/><T67/><D56/><U121/><E121/><V22/><F58/><W108/><G108/><T9/><D9/><U128/><E128/><V57/><F79/><W45/><G45/><T76/><D76/><U36/><E10/><V5/><F57/><W61/><G61/><T55/><D55/><U85/><E59/><V60/><F54/><W29/><G29/><AGARI ba="1,2" hai="14,15,21,25,29,64,65,67" m="60863,51211" machi="29" ten="30,1000,0" yaku="20,1" doraHai="123" who="0" fromWho="3" sc="230,33,232,0,345,0,173,-13" owari="263,6.3,232,-16.8,345,44.5,160,-34.0" /></mjloggm>