<mjloggm ver="2.3"><GO type="225" lobby="0"/><UN n0="%E3%81%BF%E3%81%BF%E3%81%9A" n1="%72%69%6F%75%63%68%61%6E" n2="%E6%97%A5%E6%9B%9C%E6%97%A5%E3%82%88%E3%82%8A%E3%81%AE%E4%BD%BF%E8%80%85" n3="%6D%75%75%6D%75%72%61" dan="17,17,17,16" rate="2188.09,2282.40,2203.08,2089.09" sx="M,M,M,F"/><TAIKYOKU oya="0"/><INIT seed="0,0,0,2,0,14" ten="250,250,250,250" oya="0" hai0="62,77,73,101,87,64,116,65,36,67,12,48,13" hai1="37,11,24,0,68,88,95,106,117,93,102,76,119" hai2="80,82,16,121,2,9,51,127,42,3,75,92,69" hai3="112,132,85,113,53,89,23,15,20,4,46,115,90"/><T60/><D116/><U35/><E68/><V39/><F121/><W97/><G132/><T81/><D36/><U58/><E37/><V54/><F69/><W55/><G97/><T104/><D73/><U5/><E76/><V41/><F75/><W32/><G32/><T7/><D104/><U98/><E58/><V109/><F39/><W110/><G110/><T56/><D101/><U99/><REACH who="1" step="1"/><E106/><REACH who="1" ten="250,240,250,250" step="2"/><V28/><F109/><W108/><G108/><T130/><D130/><U79/><E79/><V94/><F127/><W96/><G115/><T83/><D56/><U18/><E18/><V57/><F28/><AGARI ba="0,1" hai="0,5,11,24,28,35,88,93,95,98,99,102,117,119" machi="28" ten="40,2600,0" yaku="1,1,54,1,53,0" doraHai="14" doraHaiUra="44" who="1" fromWho="2" sc="250,0,240,36,250,-26,250,0" /><INIT seed="1,0,0,2,2,128" ten="250,276,224,250" oya="1" hai0="29,17,71,28,135,42,50,66,51,86,105,92,88" hai1="116,115,18,61,10,109,70,44,11,121,34,5,2" hai2="0,102,49,90,67,20,83,103,101,118,27,52,12" hai3="8,93,84,46,96,39,129,30,79,77,4,124,60"/><U59/><E115/><V73/><F0/><W25/><G129/><T24/><D135/><U23/><E116/><V16/><F118/><W62/><G124/><T114/><D114/><U131/><E131/><V1/><F1/><W127/><G127/><T97/><D71/><U45/><E121/><V108/><F108/><W15/><G39/><T33/><D66/><U126/><E126/><V14/><F67/><W107/><G107/><T69/><D69/><U132/><E132/><V99/><F73/><W94/><G46/><N who="0" m="25943" /><D105/><U74/><E74/><V120/><F120/><W54/><G54/><T53/><D33/><U106/><E106/><V104/><F104/><W58/><G58/><N who="0" m="33087" /><D97/><U72/><E72/><V89/><F99/><W47/><G47/><T111/><D111/><U100/><E109/><V119/><F119/><W37/><G37/><T125/><D125/><U31/><E70/><V3/><F3/><W80/><G79/><T43/><D43/><U98/><E11/><V13/><F83/><W133/><G133/><T78/><D78/><U68/><E68/><V76/><F76/><W130/><G130/><T35/><D35/><U48/><E48/><V56/><AGARI ba="0,0" hai="12,13,14,16,20,27,49,52,56,89,90,101,102,103" machi="56" ten="30,7900,0" yaku="0,1,8,1,54,2" doraHai="128" who="2" fromWho="2" sc="250,-20,276,-39,224,79,250,-20" /><INIT seed="2,0,0,0,1,10" ten="230,237,303,230" oya="2" hai0="46,129,40,81,41,12,94,35,38,117,135,56,111" hai1="60,50,116,4,8,61,32,126,54,124,59,34,7" hai2="20,44,15,119,39,86,132,48,58,107,30,85,71" hai3="128,114,112,29,93,9,28,122,21,69,103,63,74"/><V104/><F71/><W79/><G122/><T67/><D111/><U113/><E113/><V121/><F121/><W66/><G128/><T43/><D129/><U115/><E115/><V2/><F2/><W82/><G112/><T83/><D35/><N who="1" m="13355" /><E116/><V125/><F39/><W88/><G103/><T33/><D33/><U92/><E92/><V72/><F72/><W70/><G70/><T90/><D135/><U97/><E97/><V18/><F119/><W6/><G114/><T47/><D117/><U3/><E4/><V57/><F132/><W5/><G21/><T19/><D56/><N who="2" m="21610" /><F107/><W134/><G134/><T26/><D26/><U65/><E65/><V37/><F104/><W110/><G110/><T80/><D67/><U36/><E36/><V13/><F37/><W24/><G24/><T77/><D77/><U16/><E16/><N who="2" m="10255" /><F30/><W91/><G5/><T99/><REACH who="0" step="1"/><D38/><REACH who="0" ten="220,237,303,230" step="2"/><U0/><E3/><V98/><F125/><AGARI ba="0,1" hai="0,7,8,50,54,59,60,61,124,125,126" m="13355" machi="125" ten="30,1000,0" yaku="18,1" doraHai="10" who="1" fromWho="2" sc="220,0,237,20,303,-10,230,0" /><INIT seed="3,0,0,1,4,46" ten="220,257,293,230" oya="3" hai0="73,79,21,119,106,12,75,93,83,103,45,53,67" hai1="60,3,85,121,4,61,118,44,49,82,51,69,22" hai2="43,35,15,110,132,72,115,2,11,52,128,30,124" hai3="40,97,65,13,24,122,48,94,112,104,17,14,95"/><W56/><G112/><T86/><D119/><U5/><E121/><V125/><F115/><W39/><G122/><T92/><D67/><U63/><E118/><V57/><F72/><W31/><G104/><T135/><D135/><U90/><E3/><V42/><F132/><W64/><G39/><T7/><D106/><U54/><E69/><V88/><F88/><N who="3" m="55495" /><G95/><T113/><D113/><U114/><E114/><V41/><F2/><W111/><G111/><T33/><D33/><U78/><E22/><V25/><F110/><W87/><G87/><T29/><D73/><U91/><REACH who="1" step="1"/><E51/><REACH who="1" ten="220,247,293,230" step="2"/><V18/><F128/><W116/><G116/><T9/><D21/><U50/><E50/><V99/><F125/><W89/><G31/><T98/><D29/><U127/><E127/><V27/><F124/><W66/><G24/><T28/><D28/><U68/><E68/><V26/><F35/><W131/><G131/><T107/><D98/><U47/><E47/><V55/><F99/><W37/><G37/><T6/><D45/><U38/><E38/><V109/><F109/><W101/><G13/><T84/><D12/><U80/><E80/><V102/><F30/><W8/><G40/><T62/><D83/><U126/><E126/><V16/><F27/><W10/><G10/><T20/><D9/><U34/><E34/><V32/><F32/><W96/><G48/><T130/><D20/><U1/><E1/><V76/><F26/><W77/><G8/><T134/><D130/><U123/><E123/><V71/><F71/><W74/><G14/><T133/><D134/><U129/><E129/><RYUUKYOKU ba="0,1" sc="220,-10,247,30,293,-10,230,-10" hai1="4,5,44,49,54,60,61,63,78,82,85,90,91" /><INIT seed="4,1,1,1,1,75" ten="210,277,283,220" oya="0" hai0="131,126,117,31,59,61,98,113,81,127,33,95,68" hai1="5,25,121,94,66,100,51,76,89,133,67,46,39" hai2="26,16,128,27,47,23,9,17,65,110,21,20,58" hai3="123,29,124,56,90,87,22,112,52,105,71,109,11"/><T57/><D117/><U78/><E121/><V88/><F110/><W99/><G109/><T3/><D3/><U49/><E133/><V107/><F107/><W101/><G71/><T53/><D113/><U62/><E100/><V134/><F134/><W6/><G112/><T41/><D41/><N who="1" m="24783" /><E39/><V104/><F104/><W38/><G38/><T106/><D131/><U72/><E72/><V73/><F73/><W82/><G124/><N who="0" m="47659" /><D106/><U34/><E34/><V2/><F128/><W135/><G135/><T118/><D118/><U84/><E5/><V7/><F47/><W120/><G29/><T18/><D18/><U30/><E25/><V8/><F88/><W69/><G69/><T43/><D43/><U44/><E30/><N who="2" m="17735" /><F58/><W70/><G70/><T85/><D31/><U32/><E32/><V77/><F65/><N who="1" m="24585" /><E62/><V86/><F7/><W92/><G105/><T119/><D119/><U80/><E94/><V74/><F74/><W129/><G129/><T116/><D116/><U4/><E4/><V14/><F2/><N who="3" m="471" /><G123/><T12/><D33/><U28/><E28/><V125/><F125/><W50/><G120/><T35/><D35/><U10/><E10/><V97/><F97/><W103/><G103/><N who="0" m="60895" /><D12/><U45/><E45/><V1/><F1/><W64/><G22/><T79/><D68/><U111/><E111/><V54/><F54/><AGARI ba="1,1" hai="44,51,54,76,78,80,84,89" m="24585,24783" machi="54" ten="30,3900,0" yaku="8,1,52,2" doraHai="75" who="1" fromWho="2" sc="210,0,277,52,283,-42,220,0" owari="210,-29.0,329,42.9,241,4.1,220,-18.0" /></mjloggm>