<mjloggm ver="2.3"><GO type="225" lobby="0"/><UN n0="%72%69%6F%75%63%68%61%6E" n1="%E3%82%AD%E3%83%B3%E3%82%B0%E3%81%82%E3%81%A4%E3%81%97" n2="%E7%99%BD%E6%97%A5%E9%9B%AA%E8%8F%9C" n3="%E5%A4%9C%E3%81%AE%E3%82%AC%E3%82%B9%E3%83%91%E3%83%BC%E3%83%AB" dan="16,17,17,16" rate="2179.92,2179.15,2224.80,2136.07" sx="M,M,M,M"/><TAIKYOKU oya="0"/><INIT seed="0,0,0,5,4,29" ten="250,250,250,250" oya="0" hai0="89,44,131,43,60,9,46,42,126,48,78,2,108" hai1="64,41,39,57,15,1,28,117,32,0,58,50,91" hai2="52,122,8,100,12,37,65,98,130,34,118,93,51" hai3="123,112,86,4,111,21,132,99,35,79,23,73,135"/><T40/><D126/><U85/><E117/><V36/><F122/><W16/><G123/><T124/><D124/><U109/><E109/><V56/><F130/><W62/><G73/><T87/><D131/><U17/><E39/><V67/><F34/><W68/><G111/><T10/><D108/><U88/><E41/><V103/><F103/><W66/><G112/><T128/><D128/><U30/><E58/><V77/><F77/><W105/><G4/><T129/><D129/><U80/><E91/><V5/><REACH who="2" step="1"/><F118/><REACH who="2" ten="250,250,240,250" step="2"/><W59/><G35/><T19/><D78/><U119/><E119/><V110/><F110/><W81/><G132/><T83/><D60/><U70/><E32/><V55/><F55/><W94/><G135/><T63/><D63/><N who="1" m="37999" /><E0/><V120/><F120/><W3/><G3/><T92/><D40/><U96/><E1/><V102/><F102/><W7/><G105/><T134/><D134/><U18/><E70/><V90/><F90/><W75/><G68/><T54/><D2/><U125/><E125/><V26/><F26/><W115/><G79/><N who="0" m="46591" /><D54/><U106/><E106/><V33/><F33/><W71/><G71/><T69/><D69/><U14/><E14/><V76/><F76/><W114/><G75/><T31/><D42/><U97/><E15/><V116/><F116/><W13/><G114/><T82/><D43/><U127/><E127/><V107/><F107/><W101/><G115/><T95/><D89/><U72/><E72/><V133/><F133/><W74/><G74/><T25/><D25/><U113/><E113/><V84/><F84/><W49/><G86/><RYUUKYOKU ba="0,1" sc="250,-10,250,-10,240,30,250,-10" hai2="5,8,12,36,37,51,52,56,65,67,93,98,100" /><INIT seed="1,1,1,3,2,88" ten="240,240,270,240" oya="1" hai0="86,34,55,21,44,106,33,52,37,79,100,71,16" hai1="83,108,120,122,46,7,123,58,104,9,4,76,17" hai2="84,66,10,2,95,134,113,41,101,70,115,36,59" hai3="29,73,121,98,25,40,62,112,61,135,127,12,91"/><U54/><E104/><V109/><F70/><W45/><G112/><N who="2" m="43081" /><F109/><W39/><G121/><T38/><D71/><U13/><E46/><N who="2" m="23847" /><F134/><W43/><G135/><T32/><D79/><U111/><E54/><V68/><F68/><W65/><G73/><T102/><D86/><U124/><E58/><V27/><F27/><W118/><G118/><T81/><D81/><U64/><E64/><V15/><F2/><W28/><G43/><T56/><D55/><U6/><REACH who="1" step="1"/><E124/><REACH who="1" ten="240,230,270,240" step="2"/><V53/><F66/><W103/><G127/><T110/><D110/><U80/><E80/><V96/><F59/><W69/><G65/><T85/><D106/><U26/><E26/><V23/><F53/><W90/><G69/><T48/><D85/><AGARI ba="1,2" hai="4,6,7,9,13,17,76,83,85,108,111,120,122,123" machi="85" ten="50,4800,0" yaku="1,1,53,1" doraHai="88" doraHaiUra="75" who="1" fromWho="0" sc="240,-51,230,71,270,0,240,0" /><INIT seed="1,2,0,1,4,109" ten="189,301,270,240" oya="1" hai0="40,72,24,117,4,56,111,106,29,0,61,21,133" hai1="114,34,11,131,54,77,71,88,44,116,122,32,5" hai2="43,26,7,125,89,14,93,96,79,87,70,41,102" hai3="3,108,46,113,99,52,16,94,134,33,66,104,82"/><U75/><E71/><V19/><F70/><W76/><G104/><T28/><D117/><U86/><E122/><V59/><F125/><W39/><G33/><T120/><D120/><U15/><E116/><V112/><F112/><W129/><G3/><T95/><D111/><U101/><E114/><V110/><F110/><W64/><G108/><T25/><D106/><U49/><E131/><V12/><F79/><W58/><G113/><T91/><D133/><U126/><E126/><V107/><F59/><W31/><G31/><T8/><D72/><U1/><E101/><V118/><F118/><W48/><G129/><T62/><D40/><U65/><E65/><V83/><F107/><W128/><G134/><T84/><REACH who="0" step="1"/><D56/><REACH who="0" ten="179,301,270,240" step="2"/><U105/><E105/><V10/><REACH who="2" step="1"/><F26/><REACH who="2" ten="179,301,260,240" step="2"/><W74/><G128/><T36/><D36/><U13/><E75/><V67/><F67/><W50/><G39/><T90/><D90/><U130/><E130/><V17/><F17/><W53/><G16/><T30/><D30/><U121/><E121/><V37/><F37/><W27/><G27/><T81/><D81/><U18/><E77/><V42/><F42/><W100/><AGARI ba="2,2" hai="46,48,50,52,53,58,64,66,74,76,82,94,99,100" machi="100" ten="20,2700,0" yaku="0,1,7,1,54,1" doraHai="109" who="3" fromWho="3" sc="179,-9,301,-15,260,-9,240,53" /><INIT seed="2,0,0,4,5,83" ten="170,286,251,293" oya="2" hai0="25,101,54,38,17,14,125,1,87,84,36,124,100" hai1="61,111,109,34,29,42,129,85,94,74,28,16,86" hai2="75,15,123,32,112,26,31,18,68,23,77,48,104" hai3="9,43,27,115,131,91,5,64,126,97,103,133,92"/><V132/><F112/><W3/><G115/><T55/><D1/><U46/><E74/><V107/><F123/><W39/><G126/><N who="0" m="48747" /><D25/><U60/><E94/><V44/><F68/><W49/><G39/><N who="0" m="14891" /><D54/><U114/><E129/><V45/><F132/><W76/><G131/><T127/><N who="0" m="48755" /><T59/><DORA hai="62" /><D100/><U24/><E28/><V135/><F135/><W0/><G133/><T41/><D41/><U93/><E93/><V118/><F118/><W96/><G3/><T78/><D78/><U2/><E2/><V10/><F32/><W66/><G76/><T22/><D101/><U33/><E33/><V7/><F31/><W73/><G27/><T106/><D106/><U50/><E114/><V82/><REACH who="2" step="1"/><F45/><REACH who="2" ten="170,286,241,293" step="2"/><W52/><G73/><T71/><D71/><U19/><E29/><V30/><F30/><W65/><G43/><AGARI ba="0,1" hai="7,10,15,18,23,26,43,44,48,75,77,82,104,107" machi="43" ten="30,11600,0" yaku="1,1,7,1,53,2" doraHai="83,62" doraHaiUra="12,13" who="2" fromWho="3" sc="170,0,286,0,241,126,293,-116" /><INIT seed="2,1,0,3,4,9" ten="170,286,367,177" oya="2" hai0="135,74,121,10,32,126,44,53,45,118,37,115,29" hai1="123,11,2,111,59,98,41,90,134,14,95,22,50" hai2="7,88,101,42,39,86,51,70,6,0,66,18,67" hai3="72,76,25,120,30,83,125,84,94,112,21,97,75"/><V56/><F56/><W57/><BYE who="2" /><G120/><T26/><D121/><U77/><E111/><V63/><F63/><W107/><G125/><UN n2="%E7%99%BD%E6%97%A5%E9%9B%AA%E8%8F%9C" /><T127/><D115/><U34/><E134/><V87/><F101/><W122/><G122/><T79/><D135/><U16/><E34/><V104/><F104/><W33/><G112/><T24/><D118/><U117/><E117/><V43/><F0/><W100/><G57/><T133/><D133/><U91/><E123/><V128/><F18/><W73/><G33/><T27/><D10/><U89/><E77/><V31/><F31/><W15/><REACH who="3" step="1"/><G15/><REACH who="3" ten="170,286,367,167" step="2"/><T69/><D69/><U28/><E2/><V81/><F70/><W8/><G8/><T114/><D114/><U35/><E35/><V108/><F108/><W60/><G60/><T64/><D64/><U48/><E59/><V80/><F67/><W46/><G46/><N who="0" m="18027" /><D53/><U105/><E41/><V99/><F43/><W19/><G19/><T38/><D29/><U49/><E105/><AGARI ba="1,1" hai="21,25,30,72,73,75,76,83,84,94,97,100,105,107" machi="105" ten="40,1300,0" yaku="1,1,53,0" doraHai="9" doraHaiUra="131" who="3" fromWho="1" sc="170,0,286,-16,367,0,167,26" /><INIT seed="3,0,0,3,5,57" ten="170,270,367,193" oya="3" hai0="11,71,51,40,49,42,132,122,16,53,87,62,44" hai1="72,131,4,74,9,13,126,124,67,55,18,135,28" hai2="20,24,94,35,91,38,83,19,48,64,70,65,95" hai3="105,90,41,60,103,56,86,21,111,119,108,2,15"/><W100/><G119/><T14/><D122/><U68/><E131/><V79/><F38/><W129/><G2/><T30/><D132/><U73/><E135/><V96/><F70/><W34/><G34/><T106/><D106/><U32/><E67/><V54/><F94/><W43/><G129/><T5/><D30/><U27/><E68/><V47/><F35/><W84/><G21/><T81/><D49/><U134/><E134/><V107/><F107/><W1/><G1/><T110/><D110/><N who="3" m="42025" /><G15/><N who="0" m="5615" /><D71/><U69/><E69/><V114/><F114/><W80/><G86/><AGARI ba="0,0" hai="19,20,24,47,48,54,64,65,79,83,86,91,95,96" machi="86" ten="30,2000,0" yaku="7,1,8,1" doraHai="57" who="2" fromWho="3" sc="170,0,270,0,367,20,193,-20" owari="170,-33.0,270,7.0,387,48.7,173,-22.7" /></mjloggm>