<mjloggm ver="2.3"><GO type="225" lobby="0"/><UN n0="%63%68%78%62%64" n1="%E8%B6%85%E7%B4%9A%E9%B3%B3%E5%87%B0" n2="%E3%81%82%E3%81%99%E3%81%AB%E3%82%83%E3%82%80" n3="%E3%81%BF%E3%81%BF%E3%81%9A" dan="16,16,16,16" rate="2149.27,2114.45,2105.95,2090.59" sx="M,M,F,M"/><TAIKYOKU oya="0"/><INIT seed="0,0,0,5,4,93" ten="250,250,250,250" oya="0" hai0="98,84,54,23,104,48,7,6,128,130,106,124,131" hai1="41,94,71,14,101,57,24,76,134,12,35,27,109" hai2="62,118,16,0,47,61,37,129,75,58,117,116,78" hai3="70,64,73,3,90,79,119,108,99,8,82,22,113"/><T39/><D39/><U89/><E71/><V74/><F0/><W66/><G113/><T52/><D124/><U65/><E109/><V9/><F129/><W91/><G119/><T92/><D23/><U11/><E134/><V122/><F122/><W40/><G108/><T56/><D84/><U30/><E101/><V87/><F37/><W102/><G22/><T121/><D121/><U60/><E27/><V21/><F9/><W53/><G40/><T55/><D56/><U28/><E30/><V111/><F47/><W135/><G53/><T29/><D48/><U115/><E115/><V46/><F46/><W42/><G42/><T18/><D18/><U5/><E41/><V67/><F62/><W45/><G45/><T125/><D29/><U83/><E83/><N who="2" m="47607" /><F111/><W127/><G127/><T51/><D51/><U43/><E43/><V4/><F4/><N who="0" m="1578" /><D125/><U63/><E76/><V126/><F126/><W38/><G135/><T15/><D15/><AGARI ba="0,0" hai="15,16,21,58,61,67,74,75,116,117,118" m="47607" machi="15" ten="30,2000,0" yaku="12,1,54,1" doraHai="93" who="2" fromWho="0" sc="250,-20,250,0,250,20,250,0" /><INIT seed="1,0,0,5,1,48" ten="230,250,270,250" oya="1" hai0="55,87,8,54,125,66,74,92,24,84,47,77,111" hai1="72,5,90,51,71,76,61,37,130,43,6,118,28" hai2="131,85,49,107,45,73,78,119,11,42,115,128,99" hai3="114,0,120,124,7,25,39,29,17,112,26,10,81"/><U123/><E118/><V126/><F119/><W32/><G39/><T38/><D74/><U102/><E123/><V98/><F126/><W12/><G120/><T117/><D117/><U135/><E37/><V40/><F73/><W94/><G81/><N who="0" m="47151" /><D38/><U4/><E130/><N who="2" m="49707" /><F115/><W56/><G124/><T96/><D125/><U2/><E2/><V13/><F107/><W63/><G94/><T88/><D66/><U59/><E71/><V52/><F85/><W67/><REACH who="3" step="1"/><G25/><REACH who="3" ten="230,250,270,240" step="2"/><T22/><D111/><U133/><E133/><V31/><F78/><W86/><G86/><T91/><D8/><AGARI ba="0,1" hai="0,7,8,10,12,17,26,29,32,56,63,67,112,114" machi="8" ten="30,7700,0" yaku="1,1,7,1,53,2" doraHai="48" doraHaiUra="110" who="3" fromWho="0" sc="230,-77,250,0,270,0,240,87" /><INIT seed="2,0,0,4,0,106" ten="153,250,270,327" oya="2" hai0="50,101,38,127,135,85,82,59,110,18,90,36,45" hai1="1,93,70,100,77,118,15,112,14,63,17,29,6" hai2="80,124,34,98,96,47,83,111,35,132,11,75,43" hai3="65,7,66,48,76,27,46,81,42,30,114,33,8"/><V25/><F132/><W28/><G114/><T89/><D135/><U134/><E134/><V104/><F124/><W23/><G30/><T56/><D127/><U31/><E112/><V68/><F68/><W120/><G33/><T62/><D110/><U119/><E77/><V92/><F104/><W37/><G120/><T97/><D89/><U67/><E1/><V71/><F71/><W102/><G102/><T103/><D103/><U99/><E6/><V79/><F111/><W2/><REACH who="3" step="1"/><G48/><REACH who="3" ten="153,250,270,317" step="2"/><T115/><D115/><U57/><E118/><V61/><F35/><W86/><AGARI ba="0,1" hai="2,7,8,23,27,28,37,42,46,65,66,76,81,86" machi="86" ten="20,5200,0" yaku="1,1,2,1,0,1,7,1,53,0" doraHai="106" doraHaiUra="12" who="3" fromWho="3" sc="153,-13,250,-13,270,-26,317,62" /><INIT seed="3,0,0,2,4,118" ten="140,237,244,379" oya="3" hai0="134,95,72,11,62,45,37,0,25,17,68,119,126" hai1="59,108,91,131,105,33,82,122,86,56,28,89,79" hai2="83,51,94,73,84,116,110,7,69,30,85,132,70" hai3="111,121,63,128,44,41,88,19,8,87,3,75,106"/><W53/><G121/><T57/><D119/><U66/><E105/><V54/><F73/><W65/><G75/><T81/><D126/><U120/><E108/><V6/><F110/><W124/><G106/><T93/><D134/><U104/><E104/><V115/><F115/><W98/><G98/><T107/><D17/><U71/><E131/><V133/><F30/><W15/><G128/><T125/><D25/><U18/><E18/><V123/><F123/><W92/><G124/><T64/><D125/><U38/><E38/><V48/><F94/><W127/><G111/><T10/><D107/><U29/><E71/><V52/><F83/><W40/><G3/><T129/><D11/><U14/><E14/><V5/><F5/><W60/><G60/><T130/><D68/><U31/><E33/><V80/><F80/><W32/><G32/><T109/><D109/><U113/><E113/><V9/><F9/><W43/><G53/><T55/><D130/><U4/><E4/><V74/><F74/><W36/><G127/><T47/><D129/><U97/><E59/><AGARI ba="0,0" hai="8,15,19,36,40,41,43,44,59,63,65,87,88,92" machi="59" ten="30,2900,0" yaku="7,1,54,1" doraHai="118" who="3" fromWho="1" sc="140,0,237,-29,244,0,379,29" owari="140,-36.0,208,-19.2,244,4.4,408,50.8" /></mjloggm>