<mjloggm ver="2.3"><GO type="225" lobby="0"/><UN n0="%33%74%72%65%65" n1="%E3%81%BF%E3%81%BF%E3%81%9A" n2="%E3%83%B4%E3%83%A0%EF%BC%99%E3%81%A6" n3="%E5%8F%AF%E5%85%90%E9%82%A3%E7%94%B1%E5%A4%9A" dan="16,16,17,17" rate="2158.45,2128.59,2117.21,2231.78" sx="F,M,M,F"/><TAIKYOKU oya="0"/><INIT seed="0,0,0,0,1,49" ten="250,250,250,250" oya="0" hai0="109,86,12,16,89,44,131,122,83,14,111,56,96" hai1="2,88,67,75,81,79,50,108,32,80,132,60,57" hai2="11,51,10,1,26,27,72,118,82,35,106,52,59" hai3="130,71,37,126,100,21,114,94,39,4,30,0,119"/><T7/><D122/><U121/><E121/><V41/><F106/><W104/><G71/><T17/><D131/><U98/><E108/><N who="0" m="41545" /><D44/><U74/><E132/><V66/><F118/><W61/><G119/><T123/><D123/><U31/><E2/><V73/><F41/><W105/><G114/><T87/><D96/><U91/><E32/><V5/><F35/><W69/><G130/><T68/><D68/><U15/><E31/><V6/><F66/><W97/><G126/><T124/><D124/><U42/><E15/><N who="0" m="5673" /><D7/><U65/><E98/><V43/><F43/><W38/><G4/><T25/><D25/><U99/><E99/><V22/><F26/><W77/><G69/><T127/><D127/><U46/><E67/><V120/><F120/><W19/><G104/><T125/><D125/><U90/><REACH who="1" step="1"/><E74/><REACH who="1" ten="250,240,250,250" step="2"/><V63/><F1/><W53/><G0/><T28/><D28/><U135/><E135/><V36/><F72/><W48/><G30/><T78/><D56/><U24/><E24/><V107/><F59/><W101/><G105/><T18/><D87/><AGARI ba="0,1" hai="42,46,50,57,60,65,75,79,80,81,87,88,90,91" machi="87" ten="40,5200,0" yaku="1,1,54,1,53,1" doraHai="49" doraHaiUra="62" who="1" fromWho="0" sc="250,-52,240,62,250,0,250,0" /><INIT seed="1,0,0,4,0,121" ten="198,302,250,250" oya="1" hai0="127,61,123,107,35,47,37,1,119,48,80,84,55" hai1="19,7,94,88,87,41,28,32,76,43,110,134,26" hai2="49,81,79,45,60,14,27,93,128,13,92,131,12" hai3="100,97,39,78,63,96,130,72,4,24,38,33,2"/><U52/><E134/><V67/><F27/><W17/><G130/><N who="2" m="49705" /><F49/><W104/><G96/><T15/><D1/><U10/><E110/><V70/><F45/><W20/><G33/><T6/><D35/><U83/><E19/><V40/><F40/><W64/><G78/><T111/><D111/><U132/><E132/><V95/><F95/><W31/><G72/><AGARI ba="0,0" hai="12,13,14,60,67,70,72,79,81,92,93" m="49705" machi="72" ten="30,1000,0" yaku="19,1" doraHai="121" who="2" fromWho="3" sc="198,0,302,0,250,10,250,-10" /><INIT seed="2,0,0,4,4,96" ten="198,302,260,240" oya="2" hai0="45,66,1,25,38,116,131,70,60,135,72,97,80" hai1="34,89,107,19,126,118,8,15,94,133,42,21,61" hai2="122,115,39,54,104,130,75,65,11,74,26,13,78" hai3="84,12,49,57,27,55,77,37,33,63,83,71,29"/><V124/><F115/><W112/><G112/><T4/><D135/><U68/><E118/><V79/><F122/><W50/><G37/><T87/><D116/><U59/><E34/><V6/><F39/><W123/><G123/><T22/><D131/><U40/><E107/><V3/><F130/><W81/><G71/><T51/><D72/><U129/><E68/><V93/><F104/><W102/><G102/><T28/><D38/><U86/><E129/><V127/><F65/><W117/><G117/><T92/><D1/><U88/><E126/><N who="2" m="48171" /><F26/><W17/><REACH who="3" step="1"/><G83/><REACH who="3" ten="198,302,260,230" step="2"/><T114/><D114/><U105/><E133/><V85/><F3/><W7/><G7/><T73/><D4/><U32/><E105/><V23/><F23/><AGARI ba="0,1" hai="12,17,23,27,29,33,49,50,55,57,63,77,81,84" machi="23" ten="30,2000,0" yaku="1,1,7,1,53,0" doraHai="96" doraHaiUra="119" who="3" fromWho="2" sc="198,0,302,0,260,-20,230,30" /><INIT seed="3,0,0,2,1,107" ten="198,302,240,260" oya="3" hai0="95,35,12,72,10,122,83,81,108,74,29,118,36" hai1="91,73,85,127,77,13,24,103,48,38,87,110,45" hai2="135,4,60,17,43,40,99,30,82,133,106,39,42" hai3="32,11,5,16,56,96,27,7,22,50,63,19,6"/><W88/><G32/><T33/><D118/><U78/><E38/><V86/><F30/><W41/><G41/><T66/><D122/><U113/><E73/><V20/><F4/><W65/><G50/><T46/><D66/><U111/><E103/><N who="2" m="62847" /><F60/><W23/><G11/><T71/><D71/><U68/><E113/><V97/><F97/><W112/><G112/><T34/><D29/><U125/><E68/><V115/><F115/><W76/><G76/><N who="1" m="29290" /><E24/><N who="2" m="14351" /><F86/><N who="1" m="32777" /><E13/><V80/><F39/><W89/><G96/><T18/><D95/><U1/><E91/><V3/><F3/><W123/><G123/><T51/><D36/><U44/><E44/><V120/><F120/><W28/><G28/><T84/><D108/><N who="1" m="41515" /><E1/><V21/><F21/><W8/><G8/><T31/><D31/><U9/><E9/><V114/><F114/><W132/><G132/><AGARI ba="0,0" hai="40,42,43,80,82,132,133,135" m="14351,62847" machi="132" ten="30,1000,0" yaku="20,1" doraHai="107" who="2" fromWho="3" sc="198,0,302,0,240,10,260,-10" owari="198,-30.2,302,40.2,250,5.0,250,-15.0" /></mjloggm>