<mjloggm ver="2.3"><GO type="225" lobby="0"/><UN n0="%E3%82%A2%E3%83%A1%E3%82%A2%E3%83%A9%E3%83%AC" n1="%E3%80%93%E3%81%97%E3%83%BC%E3%82%89%E3%80%93" n2="%72%69%6F%75%63%68%61%6E" n3="%E3%81%A4%E3%81%A3%E3%81%B1%E3%82%8A%E3%83%9D%E3%83%BC%E3%83%AB" dan="16,16,16,16" rate="2155.05,2174.42,2153.64,2113.53" sx="M,M,M,M"/><TAIKYOKU oya="0"/><INIT seed="0,0,0,5,1,51" ten="250,250,250,250" oya="0" hai0="9,101,96,5,119,77,40,107,20,29,36,120,76" hai1="25,124,31,56,4,10,134,88,115,61,16,92,67" hai2="108,63,111,23,7,11,8,81,0,106,71,6,3" hai3="125,32,50,53,2,131,70,118,79,90,114,99,121"/><T117/><D120/><U66/><E134/><V60/><F106/><W43/><G32/><T59/><D77/><U68/><E124/><V135/><F135/><W112/><G2/><T82/><D20/><U84/><E115/><N who="3" m="44074" /><G90/><T94/><D94/><U102/><E102/><V133/><F133/><W91/><G91/><T69/><D59/><U22/><E31/><V12/><F81/><W110/><G99/><T14/><D29/><U39/><E39/><V27/><F12/><W55/><G79/><T116/><D69/><U104/><E104/><V28/><REACH who="2" step="1"/><F71/><REACH who="2" ten="250,250,240,250" step="2"/><W37/><G70/><T72/><D117/><U123/><E123/><V57/><F57/><W132/><G132/><T35/><REACH who="0" step="1"/><D35/><REACH who="0" ten="240,250,240,250" step="2"/><U98/><E68/><V46/><F46/><AGARI ba="0,2" hai="5,9,14,36,40,46,72,76,82,96,101,107,116,119" machi="46" ten="40,3900,0" yaku="1,1,2,1,53,0" doraHai="51" doraHaiUra="127" who="0" fromWho="2" sc="240,59,250,0,240,-39,250,0" /><INIT seed="0,1,0,2,2,65" ten="299,250,201,250" oya="0" hai0="39,76,48,133,95,105,86,102,89,29,78,3,123" hai1="96,66,84,77,23,85,55,122,81,88,93,8,25" hai2="107,57,34,4,9,13,7,134,114,19,51,60,135" hai3="112,31,101,63,79,98,18,120,82,109,12,83,94"/><T67/><D123/><U17/><E122/><V41/><F114/><W0/><G120/><T44/><D133/><N who="2" m="50698" /><F34/><W54/><G0/><T92/><D3/><U131/><E131/><V22/><F107/><W43/><G112/><T21/><D39/><U87/><E66/><N who="2" m="39183" /><F22/><W103/><G109/><T10/><D67/><U59/><REACH who="1" step="1"/><E8/><REACH who="1" ten="299,240,201,250" step="2"/><V115/><F115/><W45/><G101/><T100/><D10/><U24/><E24/><V1/><F1/><W125/><G103/><T26/><D102/><U40/><E40/><V116/><F116/><W38/><G43/><N who="0" m="24607" /><D105/><U30/><E30/><V90/><F90/><W6/><G31/><T27/><D26/><U15/><E15/><V118/><F118/><W97/><G12/><T130/><D130/><U11/><E11/><V5/><F5/><W104/><G6/><T124/><D124/><U71/><E71/><V50/><F4/><W49/><G125/><T46/><D100/><U28/><E28/><V74/><F7/><W129/><G129/><T121/><D121/><U117/><E117/><V32/><F41/><W20/><G104/><T62/><D27/><U91/><E91/><V73/><F32/><W58/><G20/><T113/><D21/><U111/><E111/><V47/><F47/><W14/><G45/><T80/><D46/><U2/><E2/><V33/><F33/><W127/><G127/><T99/><D29/><U69/><E69/><V35/><F35/><W119/><G119/><T36/><D89/><U61/><AGARI ba="1,1" hai="17,23,25,55,59,61,77,81,84,85,87,88,93,96" machi="61" ten="20,16000,3" yaku="1,1,0,1,7,1,25,2,8,1,54,1,53,1" doraHai="65" doraHaiUra="53" who="1" fromWho="1" sc="299,-81,240,173,201,-41,250,-41" /><INIT seed="1,0,0,2,4,102" ten="218,413,160,209" oya="1" hai0="97,131,28,22,60,39,107,94,63,70,35,93,26" hai1="79,6,69,36,25,55,61,32,105,114,129,71,110" hai2="20,13,106,72,41,99,40,17,123,83,80,47,14" hai3="9,75,49,132,124,111,101,81,2,67,90,38,122"/><U3/><E36/><V112/><F123/><W54/><G38/><T84/><D131/><U120/><E120/><V52/><F112/><W31/><G122/><T104/><D39/><U92/><E114/><V96/><F13/><W1/><G67/><T27/><D84/><U128/><E79/><V18/><F18/><W87/><G75/><T126/><D126/><U82/><E82/><N who="2" m="31275" /><F106/><W121/><G124/><T43/><D43/><N who="2" m="16458" /><F72/><W77/><G121/><T57/><D70/><U45/><E105/><V34/><F34/><W68/><G68/><T21/><D35/><U51/><E71/><V88/><F88/><W89/><G2/><T58/><D97/><U37/><E37/><V5/><F5/><W78/><G89/><T127/><D127/><U119/><E6/><V50/><AGARI ba="0,0" hai="14,17,20,47,50,52,96,99" m="16458,31275" machi="50" ten="30,2000,0" yaku="8,1,54,1" doraHai="102" who="2" fromWho="2" sc="218,-5,413,-10,160,20,209,-5" /><INIT seed="2,0,0,2,2,10" ten="213,403,180,204" oya="2" hai0="114,120,71,94,125,46,27,112,24,68,99,83,66" hai1="72,19,100,62,3,87,51,98,35,124,37,26,7" hai2="65,78,101,20,113,52,96,45,102,22,43,47,34" hai3="49,76,82,119,54,132,40,122,131,129,42,135,64"/><V109/><F113/><W41/><G76/><T130/><D120/><U36/><E72/><V105/><F34/><W103/><G103/><T39/><D130/><N who="3" m="49673" /><G82/><T48/><D125/><U28/><E124/><V86/><F109/><W123/><G64/><T53/><D39/><U44/><E87/><V118/><F118/><W60/><G60/><T67/><D67/><U16/><E62/><V4/><F65/><W134/><G119/><T95/><D83/><U106/><E37/><V110/><F110/><W111/><G111/><T29/><D24/><U107/><E107/><V77/><F102/><W133/><G133/><T73/><D73/><U126/><E36/><V69/><F69/><W89/><G89/><T56/><D71/><U6/><E126/><V70/><F70/><W88/><G88/><T57/><D68/><U58/><E58/><AGARI ba="0,0" hai="40,41,42,49,54,58,122,123,132,134,135" m="49673" machi="58" ten="40,8000,1" yaku="20,1,19,1,34,2" doraHai="10" who="3" fromWho="1" sc="213,0,403,-80,180,0,204,80" /><INIT seed="3,0,0,0,5,69" ten="213,323,180,284" oya="3" hai0="29,22,40,121,117,126,128,14,18,1,24,83,85" hai1="68,98,75,59,127,11,58,130,28,17,82,7,81" hai2="66,97,133,30,26,106,21,16,63,112,113,6,71" hai3="32,123,43,41,124,129,110,109,76,111,4,52,80"/><W122/><G129/><T56/><D121/><N who="3" m="46089" /><G124/><T19/><D117/><U27/><E68/><V125/><F133/><W57/><G32/><T74/><D74/><U116/><E17/><V135/><F135/><W105/><G4/><T8/><D126/><U53/><E59/><V49/><F125/><W72/><G105/><T91/><D128/><U35/><E75/><V33/><F6/><W51/><AGARI ba="0,0" hai="41,43,51,52,57,72,76,80,109,110,111" m="46089" machi="51" ten="40,7800,0" yaku="14,1,10,1,54,1" doraHai="69" who="3" fromWho="3" sc="213,-26,323,-26,180,-26,284,78" owari="187,-21.3,297,9.7,154,-34.6,362,46.2" /></mjloggm>