<mjloggm ver="2.3"><GO type="225" lobby="0"/><UN n0="%72%65%6E%6B%75%6E" n1="%E3%81%9F%E3%81%A3%E3%81%A1%E3%82%87" n2="%E3%83%A9%E3%83%96%E3%83%AC%E3%83%BC" n3="%E3%81%AF%E3%82%88%E3%81%8A%E3%81%98%E3%81%95%E3%82%93" dan="17,16,18,16" rate="2251.44,2079.26,2269.36,2179.39" sx="M,M,M,M"/><TAIKYOKU oya="0"/><INIT seed="0,0,0,2,1,88" ten="250,250,250,250" oya="0" hai0="112,126,34,76,18,98,116,3,99,115,97,45,0" hai1="90,113,32,131,80,10,62,65,49,27,25,44,2" hai2="124,110,75,20,81,100,117,56,77,68,24,1,33" hai3="51,93,105,53,92,60,108,101,28,41,17,109,55"/><T129/><D34/><U6/><E131/><V50/><F110/><N who="3" m="42603" /><G28/><T94/><D116/><U52/><E32/><V59/><F124/><W63/><G41/><T13/><D129/><U67/><E113/><V15/><F68/><W128/><G128/><T61/><D126/><U83/><E67/><V87/><F1/><W79/><G79/><T102/><D76/><U121/><E121/><V70/><F70/><W4/><G4/><T107/><D61/><N who="3" m="23625" /><G17/><T26/><D26/><U42/><E42/><V133/><F133/><W119/><G119/><T111/><D111/><U30/><E30/><V130/><F75/><W123/><G123/><T86/><D0/><U82/><REACH who="1" step="1"/><E90/><REACH who="1" ten="250,240,250,250" step="2"/><V35/><F35/><W16/><G53/><T96/><D112/><U135/><E135/><V9/><F33/><W43/><G43/><T73/><D115/><U39/><E39/><V31/><F117/><W104/><G101/><T132/><D102/><U23/><E23/><V54/><F130/><W125/><G125/><T122/><D132/><U134/><E134/><V36/><F36/><W72/><G72/><T74/><D74/><U120/><E120/><V11/><F100/><W12/><G104/><T91/><D73/><U103/><E103/><V47/><F9/><N who="3" m="6159" /><G105/><T85/><D107/><U58/><AGARI ba="0,1" hai="2,6,10,25,27,44,49,52,58,62,65,80,82,83" machi="58" ten="30,4000,0" yaku="1,1,0,1,54,1,53,0" doraHai="88" doraHaiUra="106" who="1" fromWho="1" sc="250,-20,240,50,250,-10,250,-10" /><INIT seed="1,0,0,4,1,107" ten="230,290,240,240" oya="1" hai0="16,87,81,12,2,94,106,1,49,13,51,45,84" hai1="39,70,58,128,104,53,97,127,69,44,38,30,132" hai2="117,126,17,63,96,109,125,40,113,68,22,34,6" hai3="86,3,103,50,122,29,28,112,25,91,120,32,89"/><U85/><E127/><V57/><F117/><W62/><G112/><T118/><D106/><U114/><E114/><V8/><F68/><W98/><G3/><T76/><D118/><U71/><E30/><V64/><F34/><W24/><G62/><T88/><D12/><U42/><E85/><V26/><F109/><W108/><G108/><T131/><D131/><U56/><E97/><V121/><F40/><W23/><G50/><T78/><D78/><U129/><E104/><V59/><F113/><W101/><G91/><T123/><D123/><U55/><E132/><V61/><F96/><W14/><G14/><T43/><REACH who="0" step="1"/><D49/><REACH who="0" ten="220,290,240,240" step="2"/><N who="1" m="30767" /><E38/><V11/><F121/><W102/><REACH who="3" step="1"/><G98/><REACH who="3" ten="220,290,240,230" step="2"/><T115/><D115/><U9/><E9/><AGARI ba="0,2" hai="1,2,9,13,16,43,45,51,76,81,84,87,88,94" machi="9" ten="30,7700,0" yaku="1,1,7,1,54,2,53,0" doraHai="107" doraHaiUra="99" who="0" fromWho="1" sc="220,97,290,-77,240,0,230,0" /><INIT seed="2,0,0,3,1,72" ten="317,213,240,230" oya="2" hai0="40,105,93,119,80,60,87,41,64,46,69,129,8" hai1="97,3,82,114,66,102,132,59,15,45,68,35,55" hai2="38,1,71,135,6,91,11,86,31,90,100,84,48" hai3="65,109,29,24,120,79,30,23,85,28,57,111,36"/><V92/><F38/><W63/><G120/><T51/><D105/><U56/><E3/><V110/><F135/><W106/><G106/><T108/><D108/><N who="3" m="41545" /><G36/><T22/><D129/><U73/><E35/><V47/><F110/><W39/><G39/><T27/><D119/><U14/><E132/><V4/><F71/><W131/><G131/><T75/><D75/><U37/><E114/><V122/><F122/><W49/><G49/><T32/><D32/><U16/><E68/><V0/><F100/><W126/><G126/><T53/><D93/><U124/><E124/><V7/><F31/><W104/><G104/><T9/><D41/><U25/><E66/><V98/><F98/><W123/><G123/><T78/><REACH who="0" step="1"/><D40/><REACH who="0" ten="307,213,240,230" step="2"/><U61/><E37/><V125/><F125/><W10/><G10/><T54/><D54/><U113/><E113/><V21/><F0/><W95/><G95/><T17/><AGARI ba="0,1" hai="8,9,17,22,27,46,51,53,60,64,69,78,80,87" machi="17" ten="20,8000,1" yaku="1,1,0,1,7,1,52,1,53,1" doraHai="72" doraHaiUra="50" who="0" fromWho="0" sc="307,90,213,-20,240,-40,230,-20" /><INIT seed="3,0,0,2,5,58" ten="397,193,200,210" oya="3" hai0="22,76,99,80,59,2,79,43,94,105,117,6,31" hai1="70,124,14,25,123,11,40,8,84,4,52,81,32" hai2="118,122,95,37,90,55,26,17,62,87,33,71,23" hai3="108,107,106,21,101,16,36,112,88,9,34,73,98"/><W97/><G34/><T44/><D105/><U75/><E124/><V15/><F118/><W115/><G36/><T78/><D117/><U63/><E123/><V67/><F122/><W109/><G73/><T51/><D2/><U114/><E75/><V38/><F55/><W64/><G9/><T129/><D129/><U68/><E114/><V126/><F126/><W119/><G64/><T54/><D6/><U35/><E40/><V127/><F127/><W110/><G119/><T57/><D80/><U28/><E32/><V132/><F132/><W12/><G88/><N who="0" m="55751" /><D54/><U20/><E35/><V39/><F39/><W104/><G98/><T27/><AGARI ba="0,0" hai="22,27,31,43,44,51,57,59,76,78,79" m="55751" machi="27" ten="30,2000,0" yaku="8,1,54,1" doraHai="58" who="0" fromWho="0" sc="397,20,193,-5,200,-5,210,-10" owari="417,51.7,188,-31.2,195,-20.5,200,0.0" /></mjloggm>