<mjloggm ver="2.3"><GO type="225" lobby="0"/><UN n0="%E7%BD%AA%E5%88%91%E6%B3%95%E5%AE%9A%E4%B8%BB%E7%BE%A9" n1="%6D%69%6B%75%36%31%38" n2="%48%61%61%61%6C%61%6E%64" n3="%43%68%65" dan="16,16,17,16" rate="2173.32,2044.21,2232.75,2158.31" sx="M,M,M,M"/><TAIKYOKU oya="0"/><INIT seed="0,0,0,0,4,57" ten="250,250,250,250" oya="0" hai0="52,26,107,36,37,10,112,83,67,18,127,60,7" hai1="82,11,87,76,86,97,113,91,20,70,120,128,77" hai2="27,46,109,50,135,51,19,42,124,41,64,25,90" hai3="54,89,117,15,56,114,118,22,16,6,115,45,75"/><T38/><D112/><U121/><E113/><V23/><F109/><W58/><G115/><T33/><D107/><U40/><E128/><V17/><F135/><W100/><G114/><T29/><D127/><U84/><E70/><V44/><F124/><W134/><G134/><T39/><N who="0" m="9216" /><DORA hai="8" /><T34/><D83/><U32/><E32/><V78/><F78/><W88/><G75/><T93/><D93/><U101/><E40/><V12/><F64/><W133/><G133/><T49/><D18/><U24/><E11/><V123/><F123/><W96/><G118/><T3/><D34/><U103/><E20/><N who="2" m="13455" /><F90/><N who="3" m="34923" /><G6/><T125/><D125/><U1/><E24/><AGARI ba="0,0" hai="12,19,23,24,27,41,42,44,46,50,51" m="13455" machi="24" ten="30,2000,0" yaku="8,1,52,1" doraHai="57,8" who="2" fromWho="1" sc="250,0,250,-20,250,20,250,0" /><INIT seed="1,0,0,0,2,22" ten="250,230,270,250" oya="1" hai0="69,76,70,9,4,74,65,96,123,33,130,125,83" hai1="3,89,87,11,8,124,132,120,100,134,64,19,31" hai2="35,106,29,61,55,48,105,37,95,45,80,75,14" hai3="41,118,79,102,72,46,92,103,2,16,107,10,34"/><U23/><E100/><V5/><F37/><W73/><G107/><T68/><D125/><U38/><E38/><V1/><F1/><W98/><G34/><T104/><D130/><U85/><E64/><V97/><F61/><W81/><G118/><T94/><D123/><U13/><E87/><V51/><F5/><N who="3" m="1335" /><G73/><T21/><D33/><U88/><E120/><V32/><F14/><W59/><G59/><T129/><D129/><U17/><E124/><V84/><F75/><W121/><G16/><T77/><D77/><U115/><E115/><V117/><F117/><W60/><G60/><T15/><D104/><U0/><E31/><V112/><F112/><W109/><G103/><T49/><D49/><U82/><E89/><V135/><F35/><W24/><G109/><T93/><D65/><U86/><E86/><V36/><F105/><W126/><G126/><T101/><D94/><U25/><REACH who="1" step="1"/><E11/><REACH who="1" ten="250,220,270,250" step="2"/><V12/><F84/><W91/><G102/><T111/><D111/><U122/><E122/><V47/><F29/><W110/><G110/><T7/><D21/><U18/><E18/><V128/><F32/><W127/><G127/><T67/><D67/><U54/><E54/><V27/><F55/><W56/><G121/><T6/><AGARI ba="0,1" hai="4,6,7,9,15,68,69,70,74,76,83,93,96,101" machi="6" ten="40,1500,0" yaku="0,1" doraHai="22" who="0" fromWho="0" sc="250,25,220,-7,270,-4,250,-4" /><INIT seed="2,0,0,1,0,105" ten="275,213,266,246" oya="2" hai0="106,8,127,130,92,125,2,6,58,123,113,50,69" hai1="63,100,108,23,112,87,115,116,18,119,30,84,7" hai2="89,75,95,42,114,43,121,134,9,5,120,4,52" hai3="14,76,49,110,78,27,20,56,132,111,60,53,13"/><V12/><F114/><W71/><G132/><T37/><D106/><U85/><E108/><N who="3" m="41514" /><G14/><T128/><D37/><U90/><E30/><V122/><F134/><W117/><G13/><T33/><D33/><U104/><E7/><V96/><F4/><W62/><G117/><N who="1" m="45130" /><E23/><V15/><F15/><W129/><G129/><N who="0" m="49771" /><D69/><U38/><E18/><V133/><F133/><W97/><G97/><T51/><D123/><U88/><E63/><N who="3" m="24106" /><G71/><T10/><D113/><N who="1" m="43595" /><E38/><V19/><F5/><W93/><G93/><T124/><D10/><U68/><E68/><V70/><F70/><W99/><G99/><AGARI ba="0,0" hai="84,85,87,88,90,99,100,104" m="43595,45130" machi="99" ten="40,5200,0" yaku="34,2,54,1" doraHai="105" who="1" fromWho="3" sc="275,0,213,52,266,0,246,-52" /><INIT seed="3,0,0,2,1,21" ten="275,265,266,194" oya="3" hai0="69,105,107,10,26,114,89,119,79,59,25,15,39" hai1="49,57,44,50,64,43,74,19,17,127,20,75,100" hai2="106,51,131,130,28,22,23,8,103,95,126,58,121" hai3="90,78,33,108,30,40,45,88,132,87,4,125,124"/><W123/><G123/><T76/><D69/><U36/><E127/><N who="3" m="48714" /><G4/><T128/><D39/><U109/><E109/><V72/><F126/><W16/><G108/><T11/><D119/><U110/><E110/><V135/><F121/><W47/><G132/><T54/><D128/><U115/><E115/><V68/><F68/><W63/><G63/><T42/><D114/><U82/><E100/><V91/><F135/><W111/><G111/><T129/><D129/><U46/><E19/><V6/><F72/><W80/><G47/><T93/><D107/><U41/><E82/><V96/><F130/><W99/><G99/><N who="0" m="57775" /><D105/><U62/><REACH who="1" step="1"/><E36/><REACH who="1" ten="275,255,266,194" step="2"/><V0/><F131/><W117/><G117/><T53/><D42/><U66/><E66/><V32/><F103/><W29/><G16/><N who="0" m="8311" /><D11/><U48/><E48/><V12/><F51/><N who="3" m="27047" /><G30/><T55/><D59/><U85/><E85/><V31/><F58/><W134/><G134/><T37/><D37/><U9/><E9/><V7/><F28/><W1/><G1/><T2/><D2/><U38/><E38/><V84/><F0/><W92/><G92/><T97/><D97/><U71/><E71/><V13/><F96/><W24/><AGARI ba="0,1" hai="24,29,33,78,80,87,88,90" m="27047,48714" machi="24" ten="30,6000,0" yaku="18,1,52,1,54,1" doraHai="21" who="3" fromWho="3" sc="275,-20,255,-20,266,-20,194,70" /><INIT seed="3,1,0,1,1,42" ten="255,235,246,264" oya="3" hai0="51,24,105,73,33,113,11,78,122,15,16,45,4" hai1="120,74,36,60,31,82,121,130,26,22,66,6,30" hai2="56,19,20,117,57,134,32,131,86,41,58,109,106" hai3="55,104,59,102,48,49,92,132,0,101,112,25,97"/><W85/><G112/><T46/><D122/><U76/><E130/><V62/><F117/><W99/><G132/><T3/><D105/><U110/><E110/><V50/><F32/><W23/><G0/><T40/><D113/><U13/><E31/><V115/><F106/><W91/><G49/><T71/><D71/><U64/><E36/><V35/><F35/><W27/><REACH who="3" step="1"/><G23/><REACH who="3" ten="255,235,246,254" step="2"/><T77/><D51/><U70/><REACH who="1" step="1"/><E66/><REACH who="1" ten="255,225,246,254" step="2"/><N who="2" m="39239" /><F115/><W39/><G39/><T100/><D3/><U135/><E135/><V84/><F134/><W10/><G10/><AGARI ba="1,2" hai="6,10,13,22,26,30,60,64,70,74,76,82,120,121" machi="10" ten="40,2600,0" yaku="1,1,53,1" doraHai="42" doraHaiUra="79" who="1" fromWho="3" sc="255,0,225,49,246,0,254,-29" /><INIT seed="4,0,0,2,4,62" ten="255,274,246,225" oya="0" hai0="4,58,120,113,122,23,89,111,66,43,100,55,53" hai1="42,96,119,101,131,102,72,59,118,126,39,14,107" hai2="8,45,108,112,91,11,27,0,7,109,50,61,29" hai3="70,12,40,133,47,73,64,103,35,54,28,85,135"/><T46/><D100/><U56/><E72/><V15/><F112/><W87/><G73/><T34/><D34/><U69/><E69/><V25/><F91/><W9/><G54/><N who="0" m="20491" /><D4/><U13/><E131/><V79/><F79/><W95/><G28/><T77/><D23/><U105/><E126/><V94/><F0/><W57/><G35/><T48/><D89/><U106/><E42/><V97/><F11/><W17/><G70/><T24/><D24/><U127/><E127/><V99/><F27/><W36/><G103/><N who="1" m="39434" /><E96/><V129/><F99/><W90/><REACH who="3" step="1"/><G87/><REACH who="3" ten="255,274,246,215" step="2"/><T81/><D113/><U30/><E30/><V124/><F29/><W52/><G52/><T93/><D122/><U114/><E114/><V5/><F124/><W80/><G80/><T82/><D120/><U86/><E86/><V78/><F97/><W51/><G51/><T110/><D77/><U26/><E39/><V92/><F78/><W134/><G134/><T31/><D31/><U123/><E123/><V2/><F50/><W38/><G38/><T41/><D41/><U32/><E32/><V65/><F108/><N who="0" m="41514" /><D93/><U6/><E107/><V49/><F109/><W121/><G121/><T19/><D19/><U60/><E106/><V74/><F94/><W18/><G18/><T21/><D21/><U71/><E105/><V33/><F92/><W68/><G68/><T104/><D104/><U84/><E71/><V88/><F33/><W67/><G67/><T3/><D82/><U37/><E37/><V16/><F16/><W130/><G130/><T128/><D128/><U20/><E84/><V117/><F129/><RYUUKYOKU ba="0,1" sc="255,-10,274,-10,246,-10,215,30" hai3="9,12,17,36,40,47,57,64,85,90,95,133,135" /><INIT seed="5,1,1,4,3,1" ten="245,264,236,245" oya="1" hai0="24,115,86,23,30,71,125,114,66,21,74,43,4" hai1="76,130,12,122,3,35,123,46,107,108,0,104,96" hai2="90,31,82,81,68,36,60,80,73,78,85,124,65" hai3="77,14,19,112,62,103,27,119,48,22,128,32,17"/><U93/><E35/><V9/><F124/><W94/><G112/><N who="0" m="43051" /><D74/><U135/><E135/><V70/><F36/><W10/><G128/><T83/><D43/><U49/><E130/><V79/><F31/><W7/><G119/><T111/><D111/><U13/><E108/><V97/><F97/><N who="3" m="59831" /><G32/><N who="0" m="20551" /><D125/><U2/><E76/><V41/><F41/><W59/><G48/><T63/><D4/><U42/><E13/><V105/><F105/><W53/><G77/><AGARI ba="1,1" hai="21,23,63,66,71,77,83,86" m="20551,43051" machi="77" ten="30,1000,0" yaku="15,1" doraHai="1" who="0" fromWho="3" sc="245,23,264,0,236,0,245,-13" /><INIT seed="6,0,0,4,3,55" ten="268,264,236,232" oya="2" hai0="78,2,118,44,6,21,74,90,28,112,35,12,7" hai1="79,0,63,62,23,91,77,4,57,48,68,76,125" hai2="58,66,64,51,89,26,22,120,43,103,69,24,14" hai3="46,107,119,121,75,105,98,81,132,37,61,45,126"/><V32/><F120/><W113/><G121/><T96/><D112/><U9/><E125/><V54/><F69/><W106/><G119/><T93/><D118/><U52/><E68/><V19/><F103/><W25/><G126/><T49/><D35/><U67/><E67/><N who="2" m="25643" /><F32/><W39/><G113/><T70/><D70/><U115/><E115/><V95/><F43/><W56/><G98/><AGARI ba="0,0" hai="14,19,22,24,26,51,54,58,89,95,98" m="25643" machi="98" ten="30,2900,0" yaku="8,1,52,1" doraHai="55" who="2" fromWho="3" sc="268,0,264,0,236,29,232,-29" /><INIT seed="6,1,0,0,0,113" ten="268,264,265,203" oya="2" hai0="41,13,108,128,3,85,45,122,44,48,12,59,91" hai1="2,53,90,127,36,121,114,46,66,106,92,110,75" hai2="14,25,76,79,65,67,8,86,62,16,0,125,70" hai3="126,1,89,97,118,84,10,83,9,134,117,131,49"/><V68/><F125/><W40/><G126/><T80/><D108/><U38/><E127/><V135/><F135/><W58/><G134/><T115/><D115/><U35/><E114/><V101/><F0/><W64/><G131/><T6/><D128/><U87/><E110/><V109/><F109/><W123/><G123/><T69/><D69/><U28/><E106/><V93/><F25/><W119/><G1/><T21/><D122/><U19/><E121/><V99/><F86/><W23/><G23/><T104/><D104/><U82/><E2/><V26/><F26/><W107/><G40/><T31/><D59/><U71/><E19/><V22/><F22/><W88/><G88/><T94/><D31/><U124/><E124/><V96/><F96/><W98/><G98/><T42/><D21/><U111/><E111/><V61/><AGARI ba="1,0" hai="8,14,16,61,62,65,67,68,70,76,79,93,99,101" machi="61" ten="30,6000,0" yaku="0,1,9,1,54,1" doraHai="113" who="2" fromWho="2" sc="268,-21,264,-21,265,63,203,-21" owari="247,4.7,243,-15.7,328,42.8,182,-31.8" /></mjloggm>