<mjloggm ver="2.3"><GO type="225" lobby="0"/><UN n0="%74%61%6B%75%61%6B%61" n1="%E3%81%AF%E3%82%88%E3%81%8A%E3%81%98%E3%81%95%E3%82%93" n2="%E3%81%B5%E3%81%98%E3%81%8B%E3%81%A4" n3="%E3%81%A9%E3%82%8F%E3%82%93%E3%81%94" dan="16,17,16,16" rate="2068.23,2197.53,2141.81,2088.78" sx="M,M,M,M"/><TAIKYOKU oya="0"/><INIT seed="0,0,0,4,2,67" ten="250,250,250,250" oya="0" hai0="99,103,17,87,89,63,95,5,128,91,134,61,70" hai1="45,71,48,31,41,60,102,125,115,18,68,108,101" hai2="52,112,69,21,27,25,82,55,110,54,34,43,111" hai3="132,65,74,16,97,33,36,46,4,118,105,88,62"/><T3/><D134/><U135/><E135/><V113/><F43/><W38/><G118/><T20/><D128/><U28/><E108/><N who="2" m="41515" /><F82/><W14/><G33/><T93/><D70/><U106/><E125/><V8/><F8/><W40/><G74/><T78/><D78/><U42/><E115/><N who="2" m="44107" /><F34/><W117/><G4/><T77/><D77/><U130/><E130/><V1/><F1/><W7/><G7/><T131/><D131/><U22/><E41/><V75/><F75/><W35/><G35/><T129/><D129/><U12/><E60/><V64/><F21/><W26/><G26/><T124/><D124/><U104/><E102/><V73/><F73/><W19/><G117/><T94/><D5/><U109/><E109/><V58/><F58/><W51/><G132/><T123/><D3/><U37/><E37/><V83/><F83/><W76/><G76/><T116/><D123/><U44/><E45/><V126/><F126/><W114/><G114/><T84/><REACH who="0" step="1"/><D116/><REACH who="0" ten="240,250,250,250" step="2"/><U100/><E71/><V79/><F79/><W127/><G127/><T57/><D57/><U92/><E68/><V56/><F56/><W90/><G46/><T10/><D10/><U81/><E44/><V122/><F122/><W6/><G6/><T2/><D2/><U39/><E106/><V15/><F69/><W29/><G105/><T85/><D85/><U121/><E104/><V23/><F64/><W107/><G65/><T24/><AGARI ba="0,1" hai="17,20,24,61,63,84,87,89,91,93,94,95,99,103" machi="24" ten="20,18000,2" yaku="1,1,0,1,7,1,9,1,8,1,53,2" doraHai="67" doraHaiUra="86" who="0" fromWho="0" sc="240,190,250,-60,250,-60,250,-60" /><INIT seed="0,1,0,2,5,133" ten="430,190,190,190" oya="0" hai0="39,47,92,42,31,108,104,98,91,6,64,69,35" hai1="109,93,29,58,43,120,2,52,45,97,54,72,130" hai2="21,77,57,16,15,81,38,128,68,135,101,0,106" hai3="119,55,8,62,116,10,121,26,100,32,51,65,70"/><T22/><D108/><U48/><E120/><V131/><F135/><W96/><G121/><T113/><D113/><U126/><E109/><V118/><F68/><W37/><G37/><T40/><D35/><U14/><E130/><N who="2" m="49707" /><F38/><W25/><G10/><T111/><D111/><U20/><E2/><V23/><F0/><W125/><G8/><T75/><D75/><U94/><E72/><N who="2" m="43175" /><F118/><W86/><G86/><T78/><D78/><U4/><E126/><V71/><F71/><W103/><G125/><T13/><D42/><U76/><E76/><V80/><F80/><W63/><G63/><T30/><D104/><U115/><E115/><V124/><F124/><W129/><G129/><T73/><D73/><U34/><E34/><V88/><F57/><W7/><G119/><T66/><D69/><U28/><E94/><V60/><F60/><W33/><G116/><T17/><D6/><U36/><E36/><V56/><F56/><W44/><G7/><T50/><D39/><U59/><E58/><V127/><F127/><W49/><G49/><T1/><D1/><U85/><E59/><V79/><F79/><W83/><G83/><T74/><D74/><U134/><E134/><V99/><F23/><W122/><G122/><T89/><D89/><AGARI ba="1,0" hai="15,16,21,88,89,99,101,106" m="43175,49707" machi="89" ten="30,3900,0" yaku="19,1,54,2" doraHai="133" who="2" fromWho="0" sc="430,-42,190,0,190,42,190,0" /><INIT seed="1,0,0,5,5,17" ten="388,190,232,190" oya="1" hai0="111,16,86,5,43,133,9,69,130,77,46,73,75" hai1="0,40,54,1,97,66,48,6,103,74,120,134,67" hai2="115,80,93,3,20,94,25,56,121,61,107,102,113" hai3="30,27,123,104,81,78,36,118,112,132,96,50,53"/><U31/><E120/><V68/><F121/><W101/><G112/><N who="2" m="43081" /><F3/><W14/><G123/><T29/><D69/><U126/><E74/><V71/><F80/><W26/><G36/><T87/><D111/><U131/><E126/><V127/><F107/><W57/><G132/><T129/><D29/><U88/><E134/><V55/><F127/><W28/><G118/><T37/><D133/><U124/><E124/><V89/><F102/><W19/><G30/><T100/><D100/><U92/><E131/><N who="0" m="50185" /><D16/><U4/><E0/><V84/><F94/><W76/><G28/><AGARI ba="0,0" hai="20,25,28,55,56,61,68,71,84,89,93" m="43081" machi="28" ten="30,2000,0" yaku="11,1,52,1" doraHai="17" who="2" fromWho="3" sc="388,0,190,0,232,20,190,-20" /><INIT seed="2,0,0,3,3,44" ten="388,190,252,170" oya="2" hai0="40,55,121,116,31,113,105,126,63,20,111,98,22" hai1="29,27,14,103,84,24,82,80,71,67,83,42,57" hai2="17,134,112,76,54,36,100,79,123,124,107,96,4" hai3="11,50,106,34,109,38,101,81,30,23,3,9,75"/><V88/><F123/><W89/><G38/><T59/><D113/><U77/><E71/><V97/><F112/><W104/><G34/><T117/><D121/><U86/><E42/><V0/><F36/><W21/><G3/><T47/><D111/><U65/><E103/><V7/><F124/><W43/><G75/><T61/><D61/><U1/><E1/><V41/><F134/><W90/><G43/><T108/><D108/><U28/><E14/><V114/><F114/><W33/><G33/><T129/><D129/><U37/><E37/><V62/><F41/><W68/><G109/><T64/><D64/><N who="1" m="24651" /><E57/><V127/><F127/><W92/><G101/><N who="0" m="62647" /><D31/><N who="1" m="11851" /><E77/><V118/><F118/><N who="0" m="45674" /><D126/><U133/><E133/><V93/><F17/><W78/><G30/><T19/><D19/><U94/><E94/><N who="2" m="56391" /><F0/><W56/><G68/><T16/><D16/><U60/><E60/><V102/><F102/><W39/><G106/><T132/><D132/><U110/><E110/><V51/><F62/><W99/><G104/><T131/><D131/><U52/><E52/><V35/><F35/><W87/><G39/><AGARI ba="0,0" hai="20,22,39,40,47,55,59,63" m="45674,62647" machi="39" ten="30,1000,0" yaku="12,1" doraHai="44" who="0" fromWho="3" sc="388,10,190,0,252,0,170,-10" /><INIT seed="3,0,0,1,3,99" ten="398,190,252,160" oya="3" hai0="14,26,53,11,50,7,65,129,68,100,63,66,89" hai1="45,130,101,67,58,24,15,29,95,75,103,96,116" hai2="72,121,20,19,52,108,69,42,74,117,46,0,71" hai3="82,135,122,118,83,27,2,54,55,6,70,94,16"/><W38/><G122/><T78/><D129/><U1/><E1/><V13/><F117/><W88/><G118/><T8/><D65/><U106/><E116/><V33/><F108/><W3/><G70/><T41/><D78/><U43/><E75/><V123/><F33/><W34/><G38/><T119/><D119/><U35/><E130/><V56/><F0/><W105/><G105/><T30/><D100/><U92/><E103/><V109/><F72/><W5/><G34/><T102/><D102/><U57/><E15/><V64/><F74/><W111/><G111/><T110/><D89/><U90/><E67/><V93/><F93/><W125/><G125/><T31/><D41/><U86/><E106/><V104/><F104/><W98/><G135/><T112/><D112/><U76/><E76/><V60/><F109/><W124/><G124/><T49/><D49/><AGARI ba="0,0" hai="24,29,35,43,45,49,57,58,86,90,92,95,96,101" machi="49" ten="30,2000,0" yaku="7,1,52,1" doraHai="99" who="1" fromWho="0" sc="398,-20,190,20,252,0,160,0" owari="378,47.8,210,-19.0,252,5.2,160,-34.0" /></mjloggm>