<mjloggm ver="2.3"><GO type="225" lobby="0"/><UN n0="%E3%82%8C%E3%81%99%E3%81%93" n1="%E5%8D%A0%E3%81%84%E5%B8%AB%E8%A3%8F%E3%81%AA%E3%81%84%E3%81%97" n2="%E4%B8%89%E5%88%86%E5%B0%8F%E5%83%A7" n3="%E3%81%90%E3%81%A1%E3%82%84%E3%81%BE" dan="17,17,16,16" rate="2186.90,2178.17,2077.73,2119.22" sx="F,M,M,M"/><TAIKYOKU oya="0"/><INIT seed="0,0,0,2,4,80" ten="250,250,250,250" oya="0" hai0="36,71,34,67,54,119,51,29,100,61,116,74,60" hai1="106,133,121,75,85,45,95,57,47,114,7,107,43" hai2="86,104,118,135,73,94,9,122,49,111,62,3,81" hai3="101,18,70,50,127,56,41,64,55,92,134,24,132"/><T93/><D74/><U38/><E121/><V48/><F122/><W98/><G127/><T5/><D5/><U27/><E75/><V83/><F104/><W76/><G41/><T112/><D112/><U40/><E114/><V31/><F111/><W128/><G128/><T89/><D100/><U53/><E133/><V109/><F109/><W97/><G70/><T32/><D36/><U110/><E7/><V46/><F135/><W115/><G64/><T25/><D60/><U39/><E110/><V13/><F3/><W14/><G115/><T79/><D79/><U113/><E27/><V69/><F31/><W65/><G65/><T33/><D119/><U84/><E113/><V16/><F118/><W23/><G76/><T22/><D116/><U26/><E26/><V30/><F30/><W78/><G78/><T125/><D125/><U117/><E117/><V129/><F129/><W103/><REACH who="3" step="1"/><G24/><REACH who="3" ten="250,250,250,240" step="2"/><T96/><REACH who="0" step="1"/><D34/><REACH who="0" ten="240,250,250,240" step="2"/><U28/><E38/><V105/><F73/><W4/><G4/><T77/><D77/><U52/><E39/><V108/><F108/><W6/><G6/><T2/><D2/><U102/><E107/><AGARI ba="0,2" hai="14,18,23,50,55,56,92,97,98,101,103,107,132,134" machi="107" ten="40,1300,0" yaku="1,1,53,0" doraHai="80" doraHaiUra="59" who="3" fromWho="1" sc="240,0,250,-13,250,0,240,33" /><INIT seed="1,0,0,1,3,10" ten="240,237,250,273" oya="1" hai0="5,18,120,43,116,109,38,113,103,48,24,73,31" hai1="84,67,44,74,117,124,114,35,121,115,129,54,133" hai2="82,122,36,25,126,60,37,27,52,94,14,70,15" hai3="131,0,26,75,81,34,3,135,28,112,66,101,78"/><U92/><E74/><V86/><F122/><W64/><G112/><T20/><D113/><U127/><E117/><V47/><F37/><W12/><G131/><T45/><D116/><U42/><E35/><V98/><F36/><W105/><G135/><T53/><D109/><U93/><E121/><V76/><F70/><W90/><G66/><T22/><D120/><U87/><E133/><V7/><F126/><N who="1" m="48169" /><E129/><V118/><F7/><W107/><G90/><T13/><D73/><U89/><E67/><V21/><F118/><W134/><G134/><T46/><D5/><U55/><E115/><V39/><F39/><W1/><G64/><T9/><REACH who="0" step="1"/><D103/><REACH who="0" ten="230,237,250,273" step="2"/><U110/><E114/><V99/><F99/><W79/><G101/><T62/><D62/><U77/><E110/><V50/><F60/><W41/><G0/><T65/><D65/><U49/><E93/><V57/><F47/><W40/><G3/><T125/><D125/><U102/><E102/><N who="2" m="60759" /><F27/><W19/><G1/><T2/><D2/><U95/><E95/><V32/><F32/><AGARI ba="0,1" hai="9,13,18,20,22,24,31,32,38,43,45,46,48,53" machi="32" ten="30,7700,0" yaku="1,1,7,1,52,1,53,1" doraHai="10" doraHaiUra="4" who="0" fromWho="2" sc="230,87,237,0,250,-77,273,0" /><INIT seed="2,0,0,3,0,47" ten="317,237,173,273" oya="2" hai0="113,89,1,76,79,122,124,28,49,35,16,106,0" hai1="53,2,120,38,36,33,119,101,83,80,98,95,71" hai2="37,70,54,5,117,105,21,126,55,56,7,58,59" hai3="129,48,135,132,133,40,112,78,125,81,104,67,128"/><V45/><F105/><W41/><G112/><T84/><D122/><U74/><E119/><V18/><F117/><W42/><G104/><T127/><D113/><U11/><E33/><V94/><F70/><W102/><G102/><T26/><D106/><U24/><E120/><V65/><F126/><N who="0" m="48170" /><D16/><U103/><E24/><N who="2" m="14391" /><F37/><W27/><G27/><T44/><D1/><U23/><E71/><V121/><F121/><W108/><G108/><T73/><D0/><U20/><E11/><V34/><F34/><W114/><G114/><T15/><D15/><U116/><E2/><V12/><F65/><W46/><G67/><T115/><D73/><U87/><E74/><V51/><F94/><W134/><G125/><T8/><D8/><U93/><E116/><V69/><F69/><W92/><G92/><N who="0" m="54311" /><D115/><U68/><E68/><V88/><F88/><W110/><G110/><T14/><D14/><U90/><E90/><V62/><F12/><W99/><G135/><T43/><AGARI ba="0,0" hai="26,28,35,43,44,49,76,79" m="54311,48170" machi="43" ten="30,2000,0" yaku="18,1,52,1" doraHai="47" who="0" fromWho="0" sc="317,20,237,-5,173,-10,273,-5" /><INIT seed="3,0,0,4,3,134" ten="337,232,163,268" oya="3" hai0="114,54,48,89,72,73,75,132,100,65,110,13,67" hai1="118,49,45,27,17,44,87,83,59,11,103,64,129" hai2="5,15,30,95,31,51,131,32,71,133,3,74,37" hai3="80,69,66,29,56,21,111,77,113,128,112,22,121"/><W12/><G121/><T26/><D132/><U4/><E129/><V70/><F133/><W61/><G69/><T47/><D110/><U62/><E103/><V99/><F131/><W58/><G128/><T53/><D114/><U23/><E49/><V1/><F37/><W122/><G122/><T96/><D13/><N who="1" m="5351" /><E118/><V130/><F74/><W46/><G111/><T42/><D89/><AGARI ba="0,0" hai="17,23,27,44,45,59,62,64,83,87,89" m="5351" machi="89" ten="30,1000,0" yaku="8,1" doraHai="134" who="1" fromWho="0" sc="337,-10,232,10,163,0,268,0" owari="327,42.7,242,-15.8,163,-33.7,268,6.8" /></mjloggm>