<mjloggm ver="2.3"><GO type="225" lobby="0"/><UN n0="%73%6C%69%63%6B%33%31%39" n1="%E9%A6%AC%E4%BA%86%E9%9A%94%E5%A3%81" n2="%E3%81%82%E3%81%B9%E3%81%99%E3%81%91" n3="%E3%81%AF%E3%82%88%E3%81%8A%E3%81%98%E3%81%95%E3%82%93" dan="16,17,16,17" rate="2120.58,2177.45,2099.33,2173.96" sx="M,M,M,M"/><TAIKYOKU oya="0"/><INIT seed="0,0,0,1,4,107" ten="250,250,250,250" oya="0" hai0="10,130,111,93,74,124,131,135,77,41,0,7,51" hai1="121,99,11,75,123,34,132,120,125,28,22,113,96" hai2="87,114,122,105,60,71,118,59,64,98,1,4,68" hai3="21,54,66,43,18,62,86,33,70,97,6,53,115"/><T52/><D124/><U45/><E132/><V104/><F122/><W79/><G33/><T32/><D32/><U95/><E125/><V92/><F114/><W83/><G115/><T65/><D135/><U15/><E113/><V5/><F118/><W127/><G127/><T40/><D65/><U134/><E134/><V80/><F105/><W103/><G43/><T27/><D27/><U8/><E34/><V2/><F104/><W19/><G6/><T16/><D16/><U67/><E75/><V30/><F30/><W94/><REACH who="3" step="1"/><G18/><REACH who="3" ten="250,250,250,240" step="2"/><T109/><D41/><U129/><E121/><V88/><F5/><W69/><G69/><T20/><D40/><U61/><E123/><V84/><F4/><W112/><G112/><T110/><D131/><U128/><E120/><V76/><F71/><W85/><G85/><T24/><D130/><U119/><E128/><V44/><F68/><W91/><G91/><T106/><D110/><U37/><E129/><V38/><F87/><W23/><G23/><T117/><D117/><U14/><E119/><V13/><F84/><W81/><G81/><N who="0" m="45239" /><D111/><U46/><E22/><V50/><F80/><W29/><G29/><N who="0" m="17543" /><D109/><U101/><E28/><V57/><F76/><W35/><G35/><T102/><D7/><N who="1" m="3359" /><E99/><V49/><F88/><W3/><G3/><T36/><D0/><U126/><E126/><V42/><F2/><W58/><G58/><N who="0" m="33055" /><D10/><U48/><E11/><V82/><F1/><W9/><G9/><T63/><D36/><U108/><E37/><V133/><F38/><W116/><G116/><T89/><D89/><U26/><E108/><RYUUKYOKU ba="0,1" sc="250,-10,250,-10,250,-10,240,30" hai3="19,21,53,54,62,66,70,79,83,86,94,97,103" /><INIT seed="1,1,1,5,4,107" ten="240,240,240,270" oya="1" hai0="66,131,69,115,36,119,60,101,54,128,51,87,104" hai1="90,125,22,91,64,109,133,103,56,68,130,77,48" hai2="20,102,75,100,88,55,65,29,82,134,135,62,7" hai3="59,114,85,25,6,80,74,43,92,121,95,67,132"/><U27/><E130/><N who="0" m="49705" /><D104/><U34/><E125/><V26/><F7/><W72/><G121/><T33/><D101/><U120/><E120/><V112/><F55/><W61/><G114/><T73/><D33/><U1/><E1/><V111/><F111/><W81/><G132/><N who="2" m="50729" /><F112/><W78/><G43/><T97/><D97/><U24/><E133/><V47/><F47/><W15/><G25/><T9/><D115/><U105/><E109/><V49/><F49/><W0/><G0/><T94/><D36/><U45/><E77/><N who="2" m="44351" /><F88/><W50/><G50/><T40/><D40/><U83/><E83/><V108/><F108/><W28/><G28/><T118/><D73/><U30/><E45/><V89/><F89/><W44/><G44/><N who="0" m="28007" /><D9/><U116/><E48/><V123/><F123/><W122/><G122/><T11/><D11/><U5/><E5/><V23/><F23/><W57/><G74/><T96/><D96/><N who="1" m="61671" /><E116/><V52/><F52/><W106/><G106/><T76/><D94/><U4/><E4/><V99/><F99/><W17/><G6/><T38/><D38/><U126/><E126/><V70/><AGARI ba="1,1" hai="20,26,29,62,65,70,100,102" m="44351,50729" machi="70" ten="30,2000,0" yaku="20,1,52,1" doraHai="107" who="2" fromWho="2" sc="240,-6,240,-11,240,33,270,-6" /><INIT seed="2,0,0,0,0,79" ten="234,229,273,264" oya="2" hai0="50,105,22,51,34,2,43,71,19,99,59,68,91" hai1="31,84,72,76,119,107,18,58,33,46,125,130,123" hai2="97,10,36,55,69,93,129,102,83,104,85,114,121" hai3="29,24,70,28,113,66,74,27,67,94,45,103,73"/><V39/><F114/><W17/><G113/><T20/><D34/><U63/><E119/><V108/><F121/><W57/><G70/><T5/><D2/><U35/><E107/><V7/><F69/><W80/><G17/><T6/><D5/><U30/><E123/><V109/><F129/><W8/><G8/><T64/><D6/><U117/><E117/><V131/><F55/><W11/><G11/><T128/><D128/><U90/><E130/><V53/><F53/><W82/><G45/><N who="0" m="25919" /><D105/><U49/><E125/><V65/><F65/><W75/><G94/><N who="0" m="56799" /><D68/><U44/><E35/><V134/><F134/><W118/><G118/><T124/><D71/><U23/><E33/><V12/><F104/><W4/><G4/><T41/><D19/><U21/><E76/><N who="2" m="46311" /><F131/><W92/><G92/><T78/><D78/><U60/><E72/><V77/><F77/><W16/><G16/><T100/><D100/><U40/><E44/><V13/><F13/><W32/><G103/><T62/><D124/><U98/><E98/><V127/><F127/><W25/><G32/><T3/><D3/><U95/><E58/><V96/><F96/><W116/><G116/><T132/><D132/><U9/><E31/><N who="3" m="11850" /><G57/><T111/><D111/><AGARI ba="0,0" hai="7,10,12,36,39,93,97,102,108,109,111" m="46311" machi="111" ten="30,5800,0" yaku="14,1,10,1,52,1" doraHai="79" who="2" fromWho="0" sc="234,-58,229,0,273,58,264,0" /><INIT seed="2,1,0,4,0,29" ten="176,229,331,264" oya="2" hai0="97,80,3,109,69,56,92,54,123,19,35,43,66" hai1="45,28,84,23,59,50,47,122,40,46,132,24,116" hai2="118,124,16,75,12,60,7,49,17,48,100,82,114" hai3="39,133,61,10,107,98,27,89,13,125,21,41,79"/><V135/><F114/><W104/><G125/><T130/><D130/><U18/><E116/><V20/><F118/><W87/><G133/><T78/><D109/><U83/><E132/><V68/><F135/><W95/><G61/><T120/><D3/><U105/><E105/><V0/><F0/><W111/><G111/><T1/><D1/><U81/><E122/><V77/><F7/><W37/><G107/><T117/><D117/><U6/><E6/><V85/><F75/><W99/><G41/><T102/><D43/><U14/><E59/><V121/><F124/><W112/><G112/><T88/><D102/><U108/><E108/><V90/><F100/><W25/><G25/><T5/><D5/><U91/><REACH who="1" step="1"/><E81/><REACH who="1" ten="176,219,331,264" step="2"/><V67/><F121/><W101/><G104/><T51/><D69/><U74/><E74/><V113/><F113/><W72/><G72/><T110/><D110/><U36/><E36/><V129/><F82/><W96/><G37/><T134/><D134/><U127/><E127/><V73/><F73/><W34/><G39/><T115/><D115/><U38/><E38/><V71/><F71/><W31/><G101/><T58/><D120/><U52/><E52/><V64/><F68/><W11/><G79/><T42/><D123/><U119/><E119/><V62/><F77/><W128/><G128/><T44/><D66/><U55/><E55/><V86/><F129/><W33/><G89/><T103/><D78/><U76/><E76/><V15/><F90/><W2/><G2/><T8/><D103/><U63/><E63/><V131/><F131/><W9/><G95/><RYUUKYOKU ba="1,1" sc="176,-15,219,15,331,15,264,-15" hai1="14,18,23,24,28,40,45,46,47,50,83,84,91" hai2="12,15,16,17,20,48,49,60,62,64,67,85,86" /><INIT seed="2,2,1,0,4,97" ten="161,234,346,249" oya="2" hai0="128,68,47,56,87,108,134,33,11,70,132,91,66" hai1="105,22,57,13,65,5,127,43,89,9,45,84,98" hai2="102,73,74,53,109,106,96,133,79,81,135,15,80" hai3="27,54,17,36,2,10,95,23,115,51,111,49,32"/><V50/><F109/><W129/><G36/><T112/><D33/><U94/><E127/><V25/><F25/><W48/><G111/><T12/><D112/><U121/><E121/><V88/><F15/><W118/><G118/><T41/><D108/><U71/><E71/><V110/><F110/><W38/><G38/><T104/><D104/><U61/><E22/><V7/><F7/><W67/><G115/><T92/><D128/><U18/><E105/><V55/><F50/><W19/><G129/><T113/><D113/><U82/><E18/><V52/><REACH who="2" step="1"/><F88/><REACH who="2" ten="161,234,336,249" step="2"/><W24/><G48/><T123/><D123/><U100/><E89/><V99/><F99/><W58/><G49/><N who="0" m="26863" /><D12/><U107/><E13/><V42/><F42/><W78/><G51/><T39/><D39/><U1/><E43/><V69/><F69/><W93/><G58/><T130/><D130/><U31/><E45/><V72/><F72/><W75/><G75/><T85/><D85/><U86/><E86/><V29/><F29/><W20/><G24/><T46/><D70/><U122/><E31/><V26/><F26/><W114/><G27/><T126/><D68/><U28/><E28/><V76/><AGARI ba="2,2" hai="52,53,55,73,74,76,79,80,81,96,102,106,133,135" machi="76" ten="30,18000,2" yaku="1,1,0,1,9,1,52,1,54,1,53,1" doraHai="97" doraHaiUra="103" who="2" fromWho="2" sc="161,-62,234,-62,336,206,249,-62" /><INIT seed="2,3,0,3,0,35" ten="99,172,542,187" oya="2" hai0="13,101,28,98,11,130,26,56,37,72,104,58,57" hai1="30,8,109,93,126,29,92,25,0,118,52,129,15" hai2="106,39,16,44,117,115,14,27,123,112,73,90,103" hai3="36,124,22,95,79,47,69,84,125,6,132,67,46"/><V12/><F117/><W96/><G132/><T19/><D130/><U97/><E118/><V61/><F73/><W65/><G6/><T87/><D72/><U81/><E0/><V62/><F27/><W34/><G34/><T50/><D37/><U89/><E129/><V23/><F23/><W77/><G22/><T42/><D87/><U45/><E109/><V66/><F66/><N who="3" m="25099" /><G36/><T43/><REACH who="0" step="1"/><D50/><REACH who="0" ten="89,172,542,187" step="2"/><N who="1" m="28751" /><E126/><V32/><F39/><W63/><G84/><T86/><D86/><U76/><E97/><V9/><F115/><W1/><G96/><T74/><D74/><U116/><E116/><V20/><F112/><W78/><G125/><T55/><D55/><U83/><E83/><V68/><F123/><W111/><G124/><T64/><D64/><U10/><E81/><V33/><F62/><W134/><G63/><T48/><D48/><U108/><E76/><V133/><F61/><W51/><G51/><T80/><D80/><U41/><E108/><V85/><F85/><W49/><G111/><T100/><D100/><U4/><E41/><V21/><F103/><W94/><G49/><T24/><D24/><U70/><E25/><V110/><F110/><W40/><G40/><T120/><D120/><U91/><E91/><V59/><F90/><W31/><G47/><T127/><D127/><U102/><E102/><V82/><F44/><W119/><G46/><T88/><D88/><U71/><E89/><V114/><F82/><W131/><G119/><T121/><D121/><U128/><E128/><V17/><F114/><W99/><G131/><T3/><D3/><U75/><E75/><RYUUKYOKU ba="3,1" sc="89,30,172,-10,542,-10,187,-10" hai0="11,13,19,26,28,42,43,56,57,58,98,101,104" /><INIT seed="3,4,1,1,5,69" ten="119,162,532,177" oya="3" hai0="14,66,112,25,19,79,2,63,101,80,56,87,76" hai1="43,134,20,107,81,91,4,135,53,68,124,44,49" hai2="113,67,30,40,23,27,15,94,123,127,62,122,22" hai3="70,58,33,82,116,110,50,128,32,90,121,117,34"/><W131/><G70/><T120/><D120/><N who="2" m="46122" /><F127/><W130/><G121/><T74/><D2/><U10/><E124/><V75/><F75/><W132/><G132/><N who="1" m="50730" /><E107/><V46/><F94/><W8/><G110/><T31/><D112/><U39/><E68/><N who="2" m="42103" /><F15/><W17/><G17/><T24/><D101/><U78/><E91/><V65/><F65/><W5/><G50/><T108/><D108/><U86/><E20/><N who="2" m="15719" /><F113/><W83/><G58/><T99/><D99/><U11/><E4/><V77/><F77/><W125/><G125/><T61/><D61/><U9/><E9/><V42/><F42/><W48/><G48/><AGARI ba="4,1" hai="22,23,40,46,48" m="15719,42103,46122" machi="48" ten="30,1000,0" yaku="13,1" doraHai="69" who="2" fromWho="3" sc="119,0,162,0,532,32,177,-22" owari="119,-38.1,162,-3.8,564,66.4,155,-24.5" /></mjloggm>