<mjloggm ver="2.3"><GO type="225" lobby="0"/><UN n0="%72%69%6F%75%63%68%61%6E" n1="%48%61%61%61%6C%61%6E%64" n2="%E3%81%99%E3%81%84%E3%81%BE%E3%81%9B%E3%83%BC%E3%82%93" n3="%E3%81%AF%E3%82%88%E3%81%8A%E3%81%98%E3%81%95%E3%82%93" dan="17,17,16,16" rate="2242.88,2225.27,2146.11,2163.75" sx="M,M,M,M"/><TAIKYOKU oya="0"/><INIT seed="0,0,0,0,3,121" ten="250,250,250,250" oya="0" hai0="49,53,32,60,8,101,76,6,22,19,21,116,69" hai1="18,127,68,97,96,58,112,40,35,95,102,27,83" hai2="52,98,91,111,125,10,92,135,122,103,74,64,79" hai3="37,7,36,133,0,29,99,9,11,72,43,70,134"/><T61/><D116/><U13/><E68/><V4/><F122/><W55/><G70/><T15/><D32/><U71/><E71/><V56/><F125/><W16/><G72/><T50/><D101/><U34/><E127/><V128/><F128/><W48/><G29/><T23/><D76/><U5/><E112/><V77/><F135/><N who="3" m="51723" /><G43/><T75/><D75/><U51/><E5/><V65/><F111/><W78/><G99/><T57/><REACH who="0" step="1"/><D6/><REACH who="0" ten="240,250,250,250" step="2"/><U26/><E34/><V114/><F114/><W93/><G78/><T105/><D105/><U42/><E35/><V106/><F74/><W118/><G118/><T131/><D131/><U28/><E102/><V30/><F77/><W89/><G89/><T54/><D54/><U123/><E123/><V132/><F79/><W85/><G55/><T130/><D130/><U108/><E40/><V59/><F132/><W119/><G7/><T3/><D3/><U38/><E42/><V84/><F52/><W81/><G0/><T25/><D25/><U45/><E26/><V82/><F106/><W20/><G119/><T62/><D62/><U12/><E27/><V47/><F103/><W87/><G48/><T110/><D110/><U109/><E108/><V107/><F107/><W66/><G37/><T126/><D126/><U113/><E38/><V24/><F4/><W115/><G36/><T33/><D33/><U67/><E109/><V86/><F24/><N who="3" m="14343" /><G115/><T100/><D100/><U41/><E113/><V1/><F1/><W2/><G2/><T90/><D90/><U80/><E41/><V120/><F91/><N who="3" m="51631" /><G66/><AGARI ba="0,1" hai="8,15,19,21,22,23,49,50,53,57,60,61,66,69" machi="66" ten="40,2000,0" yaku="1,1,53,0" doraHai="121" doraHaiUra="104" who="0" fromWho="3" sc="240,30,250,0,250,0,250,-20" /><INIT seed="0,1,0,5,1,94" ten="270,250,250,230" oya="0" hai0="70,32,79,20,112,100,1,57,61,52,72,74,40" hai1="81,66,88,63,124,99,58,119,89,43,122,55,31" hai2="0,123,76,28,129,101,117,48,85,91,132,4,105" hai3="121,115,110,127,86,47,128,75,125,80,56,45,87"/><T135/><D112/><U7/><E119/><V95/><F123/><W27/><G115/><T64/><D32/><U17/><E122/><V18/><F117/><W96/><G121/><T82/><D135/><U120/><E120/><V42/><F132/><W107/><G56/><T21/><D1/><U35/><E124/><N who="3" m="47690" /><G27/><T3/><D3/><U19/><E43/><V44/><F129/><W68/><G68/><T9/><D72/><U30/><E7/><V50/><F28/><N who="1" m="10793" /><E35/><V73/><F18/><N who="1" m="6665" /><E81/><V53/><F4/><W24/><G24/><T33/><D33/><U131/><E131/><V39/><F0/><W5/><G5/><T93/><D9/><U15/><E15/><V41/><F41/><W60/><G128/><T126/><D126/><U13/><E13/><V78/><F39/><W62/><G75/><T23/><D40/><U26/><E26/><V103/><F73/><W102/><G87/><T104/><D104/><U51/><E99/><V111/><F105/><W116/><G110/><T37/><D37/><U29/><N who="1" m="10801" /><U71/><AGARI ba="1,0" hai="51,55,58,63,66,71,88,89" m="6665,10801" machi="71" ten="40,2700,0" yaku="4,1,54,1" doraHai="94" who="1" fromWho="1" sc="270,-14,250,30,250,-8,230,-8" /><INIT seed="1,0,0,0,5,74" ten="256,280,242,222" oya="1" hai0="124,23,73,55,65,34,80,127,64,43,63,36,77" hai1="91,20,9,6,49,101,72,56,17,131,54,122,89" hai2="113,103,38,69,30,59,120,66,134,3,37,12,111" hai3="31,44,50,42,68,21,58,22,105,115,27,14,33"/><U102/><E122/><V76/><F120/><W11/><G115/><T4/><D34/><U16/><E131/><V25/><F3/><W99/><G68/><T10/><D55/><U28/><E72/><V118/><F118/><W52/><G99/><T2/><D23/><U32/><E32/><V70/><F113/><W109/><G109/><T81/><D81/><U133/><E133/><V107/><F111/><W125/><G125/><N who="0" m="48203" /><D63/><U18/><E28/><V82/><F134/><W86/><G86/><T35/><D35/><U39/><E20/><V57/><F38/><W60/><REACH who="3" step="1"/><G105/><REACH who="3" ten="256,280,242,212" step="2"/><T98/><D98/><U114/><E114/><V104/><F104/><W53/><G53/><T128/><D128/><U94/><E39/><V47/><F37/><W48/><G48/><T8/><D8/><U62/><E49/><V67/><F107/><W87/><G87/><T75/><D73/><U92/><E102/><V83/><F103/><W130/><G130/><T26/><D26/><U40/><E101/><V71/><F25/><W108/><G108/><T95/><D95/><N who="1" m="36395" /><E40/><V5/><F83/><W93/><G93/><T106/><D106/><U0/><E54/><V46/><F82/><W7/><AGARI ba="0,1" hai="7,11,14,21,22,27,31,33,42,44,50,52,58,60" machi="7" ten="20,5200,0" yaku="1,1,0,1,7,1,54,1,53,0" doraHai="74" doraHaiUra="119" who="3" fromWho="3" sc="256,-13,280,-26,242,-13,212,62" /><INIT seed="2,0,0,3,3,125" ten="243,254,229,274" oya="2" hai0="112,40,37,18,100,118,29,108,1,98,64,83,129" hai1="67,17,80,79,48,86,75,33,72,46,45,121,22" hai2="128,4,13,93,132,30,39,101,53,113,60,12,27" hai3="14,6,69,61,134,95,0,71,90,99,88,26,31"/><V3/><F113/><W130/><G0/><T63/><D129/><U11/><E33/><V56/><F132/><W122/><G122/><T131/><D131/><U89/><E121/><V68/><F128/><W116/><G116/><T41/><D108/><U47/><E67/><V127/><F127/><W55/><G130/><T84/><D112/><U97/><E11/><V109/><F39/><W81/><G134/><T103/><D1/><U52/><E97/><V115/><F115/><W49/><G61/><T19/><D118/><U119/><E119/><V110/><F68/><W20/><G6/><T35/><D29/><U59/><REACH who="1" step="1"/><E79/><REACH who="1" ten="243,244,229,274" step="2"/><V123/><F123/><W34/><G34/><T21/><D35/><U65/><E65/><V66/><F66/><W16/><G71/><T7/><D98/><U44/><N who="1" m="11264" /><DORA hai="70" /><U104/><E104/><V96/><F110/><W42/><G69/><N who="0" m="42143" /><D37/><U25/><AGARI ba="0,1" hai="17,22,25,48,52,59,72,75,80,86,89" m="11264" machi="25" ten="40,8000,1" yaku="1,1,0,1,54,1,53,1" doraHai="125,70" doraHaiUra="133,85" who="1" fromWho="1" sc="243,-20,244,90,229,-40,274,-20" /><INIT seed="3,0,0,0,5,56" ten="223,334,189,254" oya="3" hai0="76,124,92,15,134,95,77,69,66,17,65,24,12" hai1="104,36,64,91,8,126,29,78,31,100,96,89,11" hai2="13,103,72,4,94,27,120,40,105,41,51,82,59" hai3="57,99,10,22,7,18,121,3,26,0,131,113,61"/><W23/><G113/><T32/><D124/><U115/><E115/><V87/><F120/><W128/><G121/><T130/><D130/><N who="3" m="49705" /><G99/><T98/><D134/><U47/><E78/><N who="0" m="30313" /><D32/><U21/><E126/><V114/><F114/><W34/><G34/><T118/><D69/><U67/><E47/><V46/><F105/><W111/><G111/><T112/><D118/><U55/><E36/><V122/><F122/><W35/><G35/><T19/><D24/><U97/><E21/><V109/><F109/><W79/><G79/><T107/><D107/><U127/><E127/><V60/><F72/><W1/><G23/><N who="0" m="11687" /><D112/><U30/><E55/><AGARI ba="0,0" hai="0,1,3,7,10,18,22,26,55,57,61" m="49705" machi="55" ten="30,2900,0" yaku="19,1,52,1" doraHai="56" who="3" fromWho="1" sc="223,0,334,-29,189,0,254,29" /><INIT seed="3,1,0,1,1,59" ten="223,305,189,283" oya="3" hai0="103,129,88,93,36,75,23,8,100,55,29,45,53" hai1="69,86,24,42,27,1,56,107,25,92,0,106,76" hai2="49,70,117,60,32,83,132,113,98,12,134,133,6" hai3="17,47,4,110,119,95,79,20,50,104,30,135,26"/><W121/><G119/><T3/><D75/><U7/><E69/><V127/><F117/><W108/><G121/><T101/><D129/><U82/><E42/><V84/><F113/><W35/><G104/><T74/><D74/><U51/><E92/><V43/><F32/><W87/><G4/><T85/><D3/><U21/><E21/><V78/><F127/><W18/><G135/><N who="2" m="34561" /><V72/><DORA hai="52" /><F72/><W40/><G35/><T10/><D36/><U116/><E116/><V63/><F70/><W44/><G47/><T115/><D115/><U89/><E76/><V19/><F98/><W99/><G87/><T41/><D41/><U130/><E130/><V34/><F6/><W61/><G61/><N who="2" m="23625" /><F34/><W62/><G62/><T125/><D125/><U16/><E7/><V94/><F94/><W46/><G95/><T128/><D128/><U15/><E106/><V102/><F102/><W73/><G99/><T97/><D97/><U111/><E107/><V80/><F83/><W31/><G73/><T114/><D114/><U33/><E33/><V68/><F68/><W48/><G108/><T38/><D103/><U13/><E111/><V77/><F43/><N who="3" m="24607" /><G110/><T39/><D101/><U37/><E82/><V2/><F2/><W64/><G64/><T131/><D100/><U14/><E0/><V67/><F67/><W123/><G123/><T120/><D131/><U28/><E1/><V112/><F112/><W122/><G122/><T65/><D120/><U71/><E71/><V9/><F49/><W105/><G105/><T58/><D65/><U126/><E126/><V96/><F96/><RYUUKYOKU ba="1,0" sc="223,-10,305,-10,189,30,283,-10" hai2="9,12,19,77,78,80,84" /><INIT seed="4,2,0,1,3,127" ten="213,295,219,273" oya="0" hai0="88,48,24,70,33,64,0,79,57,128,118,76,111" hai1="100,2,35,12,86,103,36,28,1,61,93,7,125" hai2="25,119,13,65,121,97,85,74,117,20,59,17,81" hai3="71,122,82,27,23,105,124,87,123,4,3,99,31"/><T120/><D118/><N who="2" m="45066" /><F121/><N who="3" m="46091" /><G71/><T42/><D120/><U32/><E36/><V134/><F134/><W40/><G40/><T50/><D0/><U101/><E125/><V18/><F74/><W66/><G66/><T135/><D135/><U116/><E116/><V38/><F38/><W89/><G124/><T67/><D111/><U58/><E12/><V77/><F97/><W26/><G27/><T90/><D128/><U62/><E62/><N who="2" m="38111" /><F13/><W55/><G55/><N who="0" m="31975" /><D70/><U49/><E1/><V53/><F53/><W130/><G99/><T52/><D33/><U91/><E32/><V133/><F133/><W109/><G109/><T129/><D129/><U9/><E35/><V75/><F75/><W80/><G105/><T30/><D42/><U114/><E2/><V21/><F21/><W5/><G130/><T107/><D107/><U131/><E131/><V44/><F44/><W60/><G60/><T126/><D126/><U19/><E61/><V73/><F73/><W113/><G3/><T22/><D64/><U8/><E49/><V69/><F69/><W102/><G113/><T46/><D67/><U51/><E114/><V14/><F14/><W47/><G47/><T37/><D37/><U41/><E41/><V83/><F81/><N who="3" m="31339" /><G102/><T115/><D115/><U6/><E101/><V15/><F15/><W10/><G10/><T132/><D132/><U98/><E100/><V63/><F63/><W43/><G43/><T84/><D84/><U95/><E9/><V92/><F92/><AGARI ba="2,0" hai="4,5,23,26,31,87,89,92" m="31339,46091" machi="92" ten="30,1000,0" yaku="13,1" doraHai="127" who="3" fromWho="2" sc="213,0,295,0,219,-16,273,16" /><INIT seed="5,0,0,3,4,131" ten="213,295,203,289" oya="1" hai0="19,121,68,83,8,24,33,52,59,34,51,43,65" hai1="7,106,15,49,76,62,16,128,28,47,57,36,35" hai2="26,135,82,125,2,72,77,130,55,107,45,46,29" hai3="4,60,81,89,102,75,10,98,64,30,108,14,114"/><U90/><E128/><V103/><F130/><W95/><G114/><T50/><D121/><U0/><E106/><V3/><F125/><W126/><G126/><T104/><D104/><U119/><E119/><V94/><F107/><W127/><G127/><T109/><D109/><U115/><E115/><V129/><F129/><W78/><G108/><T11/><D83/><U99/><E76/><V32/><F135/><W112/><G112/><T41/><D33/><U18/><E0/><V80/><F80/><W6/><G30/><T88/><D68/><U13/><E36/><V58/><F2/><W96/><G4/><T118/><D118/><U120/><E28/><V9/><F9/><N who="0" m="3658" /><D65/><N who="1" m="39119" /><E35/><V85/><F3/><W70/><REACH who="3" step="1"/><G98/><REACH who="3" ten="213,295,203,279" step="2"/><T132/><D132/><U44/><E7/><V124/><F124/><W31/><G31/><T101/><D34/><U113/><E113/><V61/><REACH who="2" step="1"/><F85/><REACH who="2" ten="213,295,193,279" step="2"/><W84/><G84/><T122/><D122/><U53/><E120/><V71/><F71/><W79/><G79/><T48/><D19/><U92/><E18/><V27/><F27/><W110/><G110/><T73/><D24/><U93/><E16/><V1/><F1/><W97/><G97/><AGARI ba="0,2" hai="26,29,32,45,46,55,58,61,72,77,82,94,97,103" machi="97" ten="40,1300,0" yaku="1,1,53,0" doraHai="131" doraHaiUra="117" who="2" fromWho="3" sc="213,0,295,0,193,33,279,-13" /><INIT seed="6,0,0,5,5,5" ten="213,295,226,266" oya="2" hai0="21,97,64,105,20,56,26,121,87,118,73,9,52" hai1="133,70,75,2,35,117,96,34,13,112,130,22,116" hai2="135,107,58,32,54,71,0,10,8,49,113,90,48" hai3="66,80,78,19,134,125,24,111,17,119,55,23,67"/><V93/><F71/><W79/><G111/><T1/><D121/><U43/><E75/><V104/><F32/><W40/><G119/><T14/><D73/><U84/><E70/><V122/><F122/><W88/><G125/><T50/><D118/><U100/><E2/><V60/><F113/><W37/><G37/><T81/><D1/><U82/><E112/><V120/><F120/><W61/><G134/><T12/><D105/><U94/><E133/><V18/><F135/><W63/><G40/><T46/><D97/><U110/><E110/><V86/><F107/><W44/><G17/><N who="0" m="8335" /><D26/><U124/><E124/><V45/><F104/><W6/><G6/><T103/><D103/><U57/><E34/><V99/><F99/><W76/><G44/><T7/><D7/><U30/><E35/><V29/><F29/><W11/><G11/><N who="2" m="4137" /><F0/><W3/><G3/><T114/><D14/><U77/><E13/><V131/><F131/><W102/><G102/><T4/><D4/><U72/><E130/><V68/><F68/><W53/><G24/><T106/><D106/><U51/><E116/><V25/><F45/><W16/><G19/><T42/><D114/><U101/><E117/><V126/><F126/><W132/><G132/><T91/><D42/><U28/><E43/><V39/><F39/><W127/><G127/><T38/><D38/><U129/><E129/><V65/><F54/><N who="3" m="20491" /><G16/><T83/><D81/><U33/><E33/><V115/><F115/><W47/><G47/><T128/><D128/><U27/><E28/><V36/><F36/><W69/><G80/><T59/><D46/><RYUUKYOKU ba="0,0" sc="213,15,295,-15,226,15,266,-15" hai0="20,21,50,52,56,59,64,83,87,91" hai2="18,25,48,49,58,60,65,86,90,93" /><INIT seed="6,1,0,5,1,91" ten="228,280,241,251" oya="2" hai0="109,23,58,126,113,66,124,68,131,39,67,128,71" hai1="94,51,83,120,18,14,115,35,112,129,97,135,64" hai2="78,75,5,119,107,16,87,43,63,25,48,74,10" hai3="19,117,9,32,22,85,77,89,61,17,81,127,116"/><V34/><F119/><W55/><G32/><T99/><D109/><U84/><E35/><V76/><F107/><W88/><G127/><N who="0" m="48683" /><D113/><N who="1" m="43595" /><E129/><N who="0" m="49737" /><D39/><U26/><E64/><N who="0" m="24617" /><D23/><U4/><E120/><V42/><F34/><W101/><G117/><T46/><D46/><U123/><E123/><V6/><F75/><W54/><G116/><T50/><D99/><U93/><E97/><V100/><F74/><W45/><G45/><T47/><D58/><U110/><E110/><V102/><F63/><W69/><G61/><T60/><D60/><U38/><E38/><V105/><F48/><W125/><G125/><T40/><AGARI ba="1,0" hai="40,47,50,68,71" m="24617,49737,48683" machi="40" ten="40,8000,1" yaku="18,1,19,1,34,2" doraHai="91" who="0" fromWho="0" sc="228,83,280,-21,241,-41,251,-21" owari="311,41.1,259,5.9,200,-30.0,230,-17.0" /></mjloggm>