<mjloggm ver="2.3"><GO type="225" lobby="0"/><UN n0="%E5%B8%86%E7%AB%8B%E5%A4%8F%E8%A1%A3" n1="%E3%81%A1%E3%82%85%E3%81%86%E3%81%A9%E3%81%8F%E8%B1%A1%E3%81%95%E3%82%93" n2="%E5%A0%80%E5%B7%9D%E9%9B%B7%E9%BC%93" n3="%72%69%6F%75%63%68%61%6E" dan="17,17,16,17" rate="2156.14,2203.37,2038.48,2268.69" sx="M,M,F,M"/><TAIKYOKU oya="0"/><INIT seed="0,0,0,1,4,10" ten="250,250,250,250" oya="0" hai0="38,50,101,110,27,85,25,21,47,114,32,109,17" hai1="34,70,84,30,116,89,104,99,4,2,1,37,102" hai2="59,8,127,16,100,82,112,26,131,78,122,9,14" hai3="134,54,123,103,51,12,72,83,56,20,97,5,66"/><T79/><D38/><U132/><E116/><V60/><F122/><W23/><G134/><T74/><D114/><U45/><E132/><V24/><F112/><W55/><G123/><T119/><D74/><U113/><E113/><V52/><F131/><W19/><G66/><T107/><D119/><U88/><E70/><V75/><F127/><W129/><G129/><T43/><D107/><U41/><E4/><V86/><F100/><W126/><G126/><T133/><D101/><U31/><E89/><V125/><F125/><W3/><G3/><T0/><D0/><U115/><E115/><V76/><F75/><W15/><G54/><T13/><D133/><U53/><E53/><V77/><F8/><N who="3" m="4111" /><G72/><T57/><D57/><U69/><E69/><V33/><F33/><W93/><G83/><N who="0" m="47359" /><D32/><U49/><E37/><V92/><F92/><W71/><G71/><T36/><D36/><U95/><REACH who="1" step="1"/><E31/><REACH who="1" ten="250,240,250,250" step="2"/><V124/><F124/><W81/><G81/><T62/><D62/><U106/><E106/><V90/><AGARI ba="0,1" hai="9,14,16,24,26,52,59,60,76,77,78,82,86,90" machi="90" ten="30,8000,1" yaku="0,1,8,1,52,1,54,2" doraHai="10" who="2" fromWho="2" sc="250,-40,240,-20,250,90,250,-20" /><INIT seed="1,0,0,4,4,115" ten="210,220,340,230" oya="1" hai0="74,58,24,45,109,131,61,117,119,122,77,91,13" hai1="11,0,31,29,72,88,97,63,2,17,66,12,25" hai2="123,10,110,126,128,50,28,102,49,78,54,14,23" hai3="83,75,22,103,44,99,9,62,76,59,65,112,16"/><U4/><E72/><V26/><F123/><W36/><G112/><T70/><D122/><U107/><E29/><V108/><F128/><W82/><G82/><T133/><D70/><U80/><E4/><V55/><F126/><W52/><G9/><T5/><D131/><U53/><E53/><N who="2" m="19979" /><F102/><W38/><G65/><T94/><D109/><N who="2" m="42090" /><F78/><W135/><G135/><T71/><D71/><U85/><E107/><V69/><F69/><W46/><G36/><T41/><D133/><U121/><E97/><V125/><F125/><W60/><G60/><T34/><D77/><U43/><E43/><V86/><F86/><W30/><G30/><T15/><D74/><U120/><E120/><V21/><F21/><W111/><G111/><T93/><D34/><U79/><E79/><V124/><F124/><W101/><G38/><T20/><D20/><U48/><E48/><V68/><F68/><W84/><G75/><T106/><D106/><U89/><E121/><V134/><F134/><W3/><G3/><T132/><D132/><U100/><E100/><V96/><F96/><W95/><G103/><T57/><D41/><U130/><E130/><V32/><F32/><W104/><G104/><T33/><D33/><N who="1" m="20719" /><E89/><V73/><F73/><W7/><G7/><AGARI ba="0,0" hai="7,10,14,23,26,28,49,50" m="42090,19979" machi="7" ten="30,1000,0" yaku="14,1" doraHai="115" who="2" fromWho="3" sc="210,0,220,0,340,10,230,-10" /><INIT seed="2,0,0,3,0,1" ten="210,220,350,220" oya="2" hai0="52,128,63,82,132,111,32,84,54,120,31,131,45" hai1="97,130,46,66,92,6,88,67,23,61,64,9,2" hai2="10,134,118,101,13,55,5,33,59,11,112,50,110" hai3="86,95,99,25,22,107,49,87,47,127,3,74,129"/><V75/><F75/><W69/><G69/><T123/><D111/><U27/><E130/><N who="0" m="49705" /><D132/><U68/><REACH who="1" step="1"/><E46/><REACH who="1" ten="210,210,350,220" step="2"/><V70/><F110/><W73/><G129/><T96/><D45/><U108/><E108/><V0/><F134/><W72/><G127/><T39/><D123/><U17/><AGARI ba="0,1" hai="2,6,9,17,23,27,61,64,66,67,68,88,92,97" machi="17" ten="20,8000,1" yaku="1,1,0,1,7,1,52,1,54,1,53,0" doraHai="1" doraHaiUra="100" who="1" fromWho="1" sc="210,-20,210,90,350,-40,220,-20" /><INIT seed="3,0,0,1,1,7" ten="190,300,310,200" oya="3" hai0="24,82,86,58,19,122,104,133,21,38,94,66,3" hai1="72,55,40,92,121,129,15,27,10,115,127,128,108" hai2="63,4,2,106,83,110,99,96,111,68,50,0,117" hai3="54,60,48,101,118,76,22,46,93,53,73,71,74"/><W126/><G118/><T64/><D104/><U30/><E115/><V35/><F35/><W90/><G126/><T109/><D38/><U75/><E121/><V43/><F117/><W49/><G101/><T45/><D122/><U6/><E127/><V26/><F26/><W135/><G135/><T61/><D3/><U42/><E108/><N who="2" m="41515" /><F83/><W17/><G76/><N who="0" m="46407" /><D133/><U39/><E55/><V1/><F106/><W84/><G71/><T13/><D109/><U37/><E92/><V33/><F33/><W41/><G60/><T100/><D45/><N who="1" m="23695" /><E42/><V69/><F4/><W47/><REACH who="3" step="1"/><G41/><REACH who="3" ten="190,300,310,190" step="2"/><T44/><D44/><U102/><E102/><V124/><F124/><W16/><G16/><T5/><D66/><U67/><E67/><N who="2" m="41087" /><F69/><W79/><G79/><T97/><D5/><U25/><E6/><V11/><F43/><W51/><G51/><T81/><D81/><U57/><E39/><V14/><F50/><W98/><G98/><T123/><D123/><U119/><E119/><V80/><F99/><W23/><G23/><T59/><D59/><U120/><E57/><V36/><F96/><W132/><G132/><T28/><D28/><U18/><E30/><V34/><F36/><W31/><G31/><T29/><D29/><U105/><E120/><V56/><F34/><W88/><G88/><T87/><D87/><U9/><E75/><V107/><F56/><W78/><G78/><T112/><D112/><U77/><E72/><V113/><F113/><W20/><G20/><T70/><D70/><U8/><E77/><V103/><F103/><W134/><G134/><T131/><D131/><RYUUKYOKU ba="0,1" sc="190,15,300,-15,310,-15,190,15" hai0="13,19,21,24,58,61,64,94,97,100" hai3="17,22,46,47,48,49,53,54,73,74,84,90,93" /><INIT seed="3,1,1,3,2,124" ten="205,285,295,205" oya="3" hai0="127,63,67,66,109,5,60,90,120,62,49,27,95" hai1="64,35,101,92,61,33,28,93,44,45,129,86,54" hai2="58,52,9,24,81,26,8,118,72,112,29,39,11" hai3="99,57,47,48,89,23,77,6,30,7,79,59,43"/><W110/><G110/><T32/><D109/><U106/><E106/><V117/><F39/><W76/><G30/><T132/><D132/><U115/><E115/><V96/><F112/><W41/><G43/><T119/><D119/><U82/><E129/><V42/><F42/><W21/><G23/><T16/><D127/><U55/><E28/><V107/><F72/><W14/><G21/><N who="0" m="13735" /><D32/><U74/><E74/><V1/><F1/><W105/><G105/><T121/><D121/><U128/><E128/><V65/><F65/><N who="0" m="24586" /><D120/><U123/><E123/><V130/><F130/><W78/><N who="3" m="19456" /><DORA hai="91" /><W83/><G83/><T18/><D18/><U97/><E82/><V84/><F84/><W22/><G22/><T80/><D5/><N who="3" m="1545" /><G14/><T122/><D122/><U2/><E2/><V53/><F81/><W36/><G36/><T70/><D70/><U103/><E86/><V94/><F107/><W15/><G15/><T12/><D12/><U69/><E69/><V71/><F71/><W98/><G98/><N who="0" m="57719" /><D80/><U25/><E97/><V68/><F68/><W40/><G40/><T34/><D34/><U108/><E108/><V0/><F0/><W75/><G75/><T38/><D38/><U13/><E13/><V131/><F131/><W19/><G19/><T113/><D113/><U73/><E73/><V134/><F134/><W85/><G85/><T114/><D114/><U56/><E33/><N who="2" m="20647" /><F118/><W20/><G20/><T111/><D111/><U88/><E35/><V125/><F117/><W37/><G37/><T31/><D31/><U3/><E3/><V100/><F125/><W10/><G10/><RYUUKYOKU ba="1,1" sc="205,15,285,-15,295,-15,205,15" hai0="49,60,62,63" hai3="41,47,48,57,59,89,99" /><INIT seed="3,2,1,4,4,58" ten="220,270,280,220" oya="3" hai0="104,18,8,54,129,128,89,46,55,62,79,91,112" hai1="101,94,39,19,135,76,44,47,96,87,36,73,121" hai2="125,27,4,134,57,9,67,60,117,24,114,95,126" hai3="2,14,86,37,40,28,10,12,109,72,3,35,111"/><W75/><G86/><T78/><D104/><N who="1" m="63527" /><E121/><V1/><F117/><W22/><G14/><N who="0" m="7495" /><D112/><U25/><E25/><V26/><F114/><W124/><G124/><N who="2" m="47721" /><F95/><W21/><G21/><T105/><D105/><U122/><E19/><V92/><F92/><W61/><G22/><T5/><D5/><U20/><E20/><V6/><F6/><W110/><G28/><T97/><D97/><U42/><E122/><V133/><AGARI ba="2,1" hai="1,4,9,24,26,27,57,60,67,133,134" m="47721" machi="133" ten="40,2700,0" yaku="18,1,52,1" doraHai="58" who="2" fromWho="2" sc="220,-9,270,-9,280,43,220,-15" owari="211,-18.9,261,6.1,323,42.3,205,-29.5" /></mjloggm>