<mjloggm ver="2.3"><GO type="225" lobby="0"/><UN n0="%53%63%61%6E%64%61%6C" n1="%E3%81%95%E3%81%8D%E3%81%9F%E3%81%BE%E6%9E%97%E6%AA%8E" n2="%E9%80%9F%E6%B0%B4%E5%87%9B%E9%A6%99" n3="%47%48%4F%53%54" dan="16,16,16,17" rate="2095.65,2154.65,2160.98,2238.96" sx="M,M,F,M"/><TAIKYOKU oya="0"/><INIT seed="0,0,0,2,0,113" ten="250,250,250,250" oya="0" hai0="67,38,120,122,43,14,45,70,44,119,33,72,82" hai1="50,0,83,51,131,6,31,30,88,110,77,24,20" hai2="121,95,39,99,98,42,34,94,7,25,46,61,124" hai3="108,93,134,66,97,102,26,35,21,89,12,85,115"/><T63/><D33/><U114/><E110/><V16/><F121/><N who="0" m="46698" /><D14/><U40/><E131/><V75/><F75/><W22/><G108/><T101/><D101/><U1/><E114/><V9/><F124/><W129/><G129/><T92/><D92/><U48/><E40/><V55/><F34/><W103/><G134/><T60/><D45/><U73/><E6/><V54/><F95/><W111/><G111/><T3/><D3/><U118/><E118/><V49/><F61/><W52/><G115/><T18/><D18/><U74/><E74/><V59/><F55/><W107/><G103/><T96/><D96/><U62/><E62/><V128/><F128/><W84/><G84/><T132/><D63/><U37/><E37/><V28/><F28/><W109/><G109/><T81/><D81/><U36/><E36/><V57/><F57/><W29/><G12/><T32/><D32/><U71/><E71/><V5/><F99/><W47/><REACH who="3" step="1"/><G66/><REACH who="3" ten="250,250,250,240" step="2"/><T133/><D119/><U78/><E73/><V127/><F127/><W130/><G130/><T80/><D80/><U15/><E15/><N who="2" m="7279" /><F25/><W2/><G2/><T56/><D70/><U123/><E123/><V86/><F86/><W106/><G106/><T19/><D72/><U68/><E68/><V23/><F94/><W112/><G112/><T65/><D82/><U41/><E1/><V64/><F64/><W105/><G105/><T11/><D67/><U116/><E0/><V79/><F98/><W90/><G90/><T17/><D11/><U27/><E88/><V58/><F79/><W8/><G8/><T117/><D117/><RYUUKYOKU ba="0,1" sc="250,15,250,-15,250,-15,240,15" hai0="17,19,38,43,44,56,60,65,132,133" hai3="21,22,26,29,35,47,52,85,89,93,97,102,107" /><INIT seed="0,1,1,5,2,103" ten="265,235,235,255" oya="0" hai0="52,64,79,34,130,49,110,53,15,127,14,114,59" hai1="31,21,61,30,28,73,0,91,108,63,44,11,56" hai2="23,109,133,134,60,37,104,57,13,22,7,128,46" hai3="102,87,126,40,26,77,92,27,68,95,12,51,18"/><T8/><D114/><U16/><E108/><V121/><F121/><W54/><G68/><T6/><D127/><U83/><E44/><V125/><F125/><W89/><G40/><T65/><D130/><U45/><E45/><V135/><F109/><W42/><G42/><T116/><D116/><U85/><E73/><V100/><F128/><W33/><G77/><T24/><D110/><U43/><E43/><N who="2" m="22895" /><F7/><W62/><G62/><T122/><D122/><U75/><E75/><V20/><F13/><W19/><G33/><T17/><D79/><U120/><E120/><V41/><F41/><W112/><G112/><T76/><D76/><U97/><E0/><V90/><F90/><W36/><G36/><T9/><REACH who="0" step="1"/><D53/><REACH who="0" ten="255,235,235,255" step="2"/><N who="1" m="33935" /><E11/><V47/><F135/><W2/><G54/><T1/><D1/><U81/><E81/><V107/><F134/><W70/><G2/><T35/><D35/><U55/><E97/><V132/><F133/><W124/><G126/><T129/><D129/><U4/><E4/><V38/><F132/><W98/><G124/><T80/><D80/><U72/><E72/><V32/><F32/><W82/><G82/><T118/><D118/><U10/><E55/><V48/><F38/><W94/><G94/><T131/><D131/><U88/><E91/><V101/><F101/><W119/><G95/><T5/><D5/><U50/><E88/><V113/><F100/><W74/><G89/><T84/><D84/><U66/><E85/><V86/><F86/><W96/><G87/><T93/><D93/><U111/><E111/><V58/><F113/><W78/><G119/><RYUUKYOKU ba="1,2" sc="255,30,235,-10,235,-10,255,-10" hai0="6,8,9,14,15,17,24,34,49,52,59,64,65" /><INIT seed="0,2,2,3,2,30" ten="285,225,225,245" oya="0" hai0="0,45,69,9,19,125,98,39,87,134,105,126,84" hai1="82,36,1,83,53,133,57,43,81,120,77,49,131" hai2="73,91,72,94,4,33,48,107,66,54,97,10,90" hai3="37,58,61,51,130,38,113,114,8,5,23,92,128"/><T112/><D112/><N who="3" m="43113" /><G92/><T118/><D118/><U64/><E120/><V123/><F107/><W99/><G23/><T76/><D69/><U117/><E117/><V56/><F123/><W63/><G99/><T67/><D134/><U71/><E1/><V124/><F124/><N who="0" m="47722" /><D67/><U13/><E133/><V127/><F127/><W26/><G26/><T121/><D76/><U129/><E13/><V31/><F66/><N who="3" m="39223" /><G63/><T80/><D121/><U111/><E111/><V96/><F96/><W93/><G93/><T132/><D80/><U106/><E106/><V79/><F91/><W135/><G135/><T108/><D108/><U18/><E18/><V122/><F122/><W46/><G8/><T34/><D132/><U103/><E103/><V40/><F79/><W20/><G20/><T101/><D34/><U60/><E77/><V14/><REACH who="2" step="1"/><F40/><REACH who="2" ten="285,225,215,245" step="2"/><N who="3" m="25031" /><G5/><N who="0" m="1191" /><D19/><U22/><E22/><V115/><F115/><W89/><G89/><T16/><D16/><U3/><E3/><V102/><F102/><W35/><G35/><T25/><D25/><AGARI ba="2,3" hai="4,10,14,25,31,33,48,54,56,72,73,90,94,97" machi="25" ten="40,5200,0" yaku="1,1,52,1,53,1" doraHai="30" doraHaiUra="21" who="2" fromWho="0" sc="285,-58,225,0,215,88,245,0" /><INIT seed="1,0,0,0,1,98" ten="227,225,303,245" oya="1" hai0="133,103,123,92,96,3,48,74,107,70,71,68,14" hai1="23,64,16,22,89,128,87,129,130,73,54,61,0" hai2="38,104,88,125,30,8,105,122,35,101,47,110,7" hai3="82,9,131,18,40,24,117,121,37,12,20,52,75"/><U10/><E73/><V114/><F122/><W39/><G121/><T1/><D123/><U127/><E127/><V15/><F125/><W50/><G131/><T62/><D133/><U109/><E109/><V80/><F110/><W94/><G40/><T26/><D74/><U77/><E77/><V134/><F134/><W85/><G94/><T45/><D14/><N who="1" m="7255" /><E54/><V33/><F114/><W99/><G99/><T57/><D26/><U116/><E0/><V44/><F30/><W46/><G75/><T84/><D107/><U13/><E13/><V106/><F38/><W76/><REACH who="3" step="1"/><G117/><REACH who="3" ten="227,225,303,235" step="2"/><T28/><D84/><U41/><E41/><V11/><F106/><W119/><G119/><T17/><D92/><N who="1" m="54335" /><E116/><V86/><F105/><W65/><G65/><T5/><D96/><U53/><E53/><V2/><F104/><W120/><G120/><T95/><D95/><U112/><E112/><V25/><F86/><W67/><G67/><T132/><D132/><U60/><E64/><V108/><F108/><W59/><G59/><T29/><D57/><U55/><E55/><V21/><F80/><W42/><G42/><T102/><D70/><U83/><E83/><V79/><F47/><W56/><G56/><T91/><D45/><U124/><E124/><V19/><F44/><W34/><G34/><T27/><D68/><U51/><E51/><V135/><F33/><W100/><G100/><T93/><D102/><U118/><E118/><V63/><F101/><W43/><G43/><T31/><D71/><U6/><E6/><AGARI ba="0,1" hai="6,9,12,18,20,24,37,39,46,50,52,76,82,85" machi="6" ten="30,3900,0" yaku="1,1,7,1,54,1,53,0" doraHai="98" doraHaiUra="90" who="3" fromWho="1" sc="227,0,225,-39,303,0,235,49" /><INIT seed="2,0,0,5,1,27" ten="227,186,303,284" oya="2" hai0="18,38,84,73,71,112,134,87,56,101,118,76,8" hai1="95,39,81,20,44,47,49,92,35,42,67,5,129" hai2="12,79,25,24,59,40,26,88,23,130,58,36,1" hai3="69,4,82,6,116,32,68,15,133,60,30,37,2"/><V123/><F123/><W13/><G116/><T128/><D71/><U72/><E129/><V63/><F1/><W41/><G41/><T97/><D38/><U7/><E35/><V107/><F107/><W9/><G37/><T43/><D43/><U64/><E39/><V14/><F79/><W11/><G133/><T33/><D33/><U54/><E42/><V91/><F58/><W0/><G82/><T99/><D134/><U55/><E72/><V17/><F130/><W3/><G60/><T21/><D112/><U89/><E20/><V119/><F119/><W45/><G45/><T53/><D8/><N who="3" m="3145" /><G69/><T51/><D73/><U102/><E89/><V90/><F40/><W127/><G127/><T110/><D110/><U114/><E114/><V124/><F124/><W111/><G111/><T117/><D128/><U126/><E126/><V70/><F70/><W85/><G85/><N who="0" m="32843" /><D76/><U100/><REACH who="1" step="1"/><E49/><REACH who="1" ten="227,176,303,284" step="2"/><V135/><F36/><W109/><G109/><T22/><D22/><U80/><AGARI ba="0,1" hai="5,7,44,47,54,55,64,67,80,81,92,95,100,102" machi="80" ten="25,16000,3" yaku="1,1,2,1,0,1,22,2,8,1,53,2" doraHai="27" doraHaiUra="48" who="1" fromWho="1" sc="227,-40,176,170,303,-80,284,-40" /><INIT seed="3,0,0,1,1,43" ten="187,346,223,244" oya="3" hai0="17,74,57,126,124,131,135,34,12,122,48,11,71" hai1="18,82,109,78,91,121,50,130,27,101,47,23,22" hai2="60,62,24,45,95,75,63,69,118,4,42,119,112" hai3="26,35,120,10,88,129,76,58,96,86,108,5,33"/><W59/><G120/><T21/><D122/><U51/><E109/><V92/><F75/><W0/><G129/><T102/><D71/><U67/><E130/><V77/><F77/><W94/><G108/><T52/><D131/><U111/><E111/><V106/><F106/><W107/><G26/><T90/><D34/><U81/><E101/><V19/><F112/><W9/><G9/><T93/><D135/><U85/><E67/><V14/><F69/><W28/><G28/><T89/><D74/><U37/><E37/><V104/><F104/><W6/><G6/><T113/><D113/><U123/><E51/><N who="2" m="27063" /><F119/><W15/><G0/><T68/><D68/><U56/><E56/><V99/><F118/><W46/><G46/><N who="0" m="27671" /><D11/><U72/><E23/><N who="2" m="13439" /><F99/><W32/><G107/><T41/><D41/><AGARI ba="0,0" hai="18,22,27,41,47,50,72,78,81,82,85,91,121,123" machi="41" ten="30,2000,0" yaku="7,1,52,1" doraHai="43" who="1" fromWho="0" sc="187,-20,346,20,223,0,244,0" owari="167,-33.3,366,46.6,223,-17.7,244,4.4" /></mjloggm>