<mjloggm ver="2.3"><GO type="225" lobby="0"/><UN n0="%E3%81%A1%E3%82%85%E3%81%86%E3%81%A9%E3%81%8F%E8%B1%A1%E3%81%95%E3%82%93" n1="%E6%98%93%E5%88%A9%E8%96%A9%E4%BC%AF" n2="%E3%81%9F%E3%81%A3%E3%81%A1%E3%82%87" n3="%72%69%6F%75%63%68%61%6E" dan="17,16,16,17" rate="2186.24,2144.64,2113.88,2235.50" sx="M,F,M,M"/><TAIKYOKU oya="0"/><INIT seed="0,0,0,4,4,3" ten="250,250,250,250" oya="0" hai0="97,90,56,113,38,10,37,100,135,20,41,74,114" hai1="112,26,33,11,12,0,89,25,21,29,129,15,71" hai2="131,13,35,124,2,46,110,8,130,109,111,75,34" hai3="51,92,84,23,4,133,104,68,123,98,94,28,61"/><T43/><D74/><U59/><E71/><V99/><F75/><W93/><G133/><T32/><D32/><N who="2" m="12330" /><F99/><W48/><G123/><T7/><D90/><U72/><E72/><V82/><F82/><W16/><G28/><T73/><D73/><U44/><E129/><N who="2" m="49163" /><F46/><W96/><G4/><T64/><D135/><U132/><E132/><V17/><F2/><W107/><G84/><T87/><D87/><U120/><E120/><V85/><F85/><W24/><G107/><T36/><D20/><U60/><E44/><V88/><F88/><N who="3" m="55303" /><G104/><T101/><D56/><U126/><E112/><V76/><F76/><W69/><G69/><T106/><D64/><U57/><E57/><V83/><F83/><W42/><G68/><T103/><D97/><U81/><E89/><V52/><F52/><W63/><G93/><T95/><D95/><U47/><E81/><V55/><F55/><W58/><G42/><T91/><D91/><U5/><E47/><V121/><F124/><W119/><G119/><T127/><D127/><U1/><E126/><V65/><F65/><N who="3" m="39095" /><G63/><T115/><REACH who="0" step="1"/><D106/><REACH who="0" ten="240,250,250,250" step="2"/><U45/><E45/><V80/><F80/><W79/><G79/><T118/><D118/><U31/><E59/><V125/><F125/><W128/><G128/><T54/><D54/><U50/><E60/><V19/><F121/><W122/><G122/><T18/><D18/><AGARI ba="0,1" hai="8,13,17,18,19,109,110,111" m="49163,12330" machi="18" ten="40,8000,1" yaku="14,1,19,1,34,2" doraHai="3" who="2" fromWho="0" sc="240,-80,250,0,250,90,250,0" /><INIT seed="1,0,0,1,5,119" ten="160,250,340,250" oya="1" hai0="73,50,114,75,32,59,68,36,74,77,109,113,45" hai1="87,98,11,14,52,94,135,85,95,10,126,42,86" hai2="56,43,78,1,105,65,23,24,103,47,84,31,134" hai3="34,2,91,80,15,110,106,71,53,64,83,124,33"/><U107/><E126/><V123/><F123/><W90/><G110/><T99/><D68/><U115/><E115/><V81/><F1/><W38/><G2/><T108/><D32/><U20/><E135/><V5/><F134/><W48/><G38/><T79/><D99/><U82/><E42/><V63/><F5/><W49/><G106/><T116/><D116/><U129/><E129/><V92/><F105/><W7/><G71/><T30/><D30/><U104/><E82/><N who="3" m="31274" /><G64/><T13/><D13/><U102/><E107/><V8/><F8/><N who="3" m="4511" /><G33/><T51/><D59/><U111/><E111/><N who="0" m="42569" /><D36/><U3/><E3/><V21/><F21/><W66/><G34/><T93/><D93/><U133/><E133/><V67/><F67/><W4/><G124/><T131/><D131/><U12/><E20/><V18/><F92/><W117/><G66/><T16/><D16/><N who="1" m="8215" /><E104/><V112/><F18/><W22/><G4/><T61/><D61/><U54/><E95/><V25/><F112/><N who="0" m="43114" /><D45/><U132/><E132/><V55/><F47/><N who="3" m="27807" /><G117/><T97/><D97/><U41/><E94/><V101/><F65/><W62/><G62/><T100/><D100/><U89/><E98/><V127/><F101/><W19/><G49/><AGARI ba="0,0" hai="49,50,51,73,74,75,77,79" m="43114,42569" machi="49" ten="40,5200,0" yaku="28,2,14,1" doraHai="119" who="0" fromWho="3" sc="160,52,250,0,340,0,250,-52" /><INIT seed="2,0,0,3,3,93" ten="212,250,340,198" oya="2" hai0="68,63,86,131,101,105,76,127,102,47,45,69,104" hai1="25,114,61,38,88,48,106,26,43,118,27,57,19" hai2="71,78,82,109,21,5,40,17,7,35,110,50,30" hai3="120,52,115,124,24,36,73,107,33,91,39,103,23"/><V65/><F65/><W2/><G120/><T29/><D29/><U98/><E114/><V80/><F71/><W100/><G2/><T20/><D20/><U10/><E38/><V79/><F30/><W11/><G115/><T60/><D86/><U128/><E106/><V135/><F35/><W3/><G124/><T70/><D76/><N who="2" m="29226" /><F135/><W99/><G73/><T22/><D22/><U16/><E128/><V58/><F58/><W42/><G33/><T15/><D15/><N who="1" m="7287" /><E118/><V46/><F109/><W129/><G103/><N who="0" m="39435" /><D131/><U134/><E134/><V37/><F37/><W44/><G129/><T125/><D45/><N who="1" m="25663" /><E19/><V108/><F108/><W59/><G36/><T96/><D47/><U41/><E41/><V66/><F110/><W92/><G3/><T95/><D104/><U18/><E18/><V81/><F66/><W121/><G121/><T34/><D34/><U53/><E27/><AGARI ba="0,0" hai="5,7,17,21,27,40,46,50,80,81,82" m="29226" machi="27" ten="30,1500,0" yaku="8,1" doraHai="93" who="2" fromWho="1" sc="212,0,250,-15,340,15,198,0" /><INIT seed="2,1,0,4,0,111" ten="212,235,355,198" oya="2" hai0="18,135,14,42,51,45,77,127,24,48,91,47,88" hai1="1,10,63,39,116,58,113,134,25,115,74,54,90" hai2="17,49,109,99,56,15,94,26,132,46,126,107,27" hai3="64,72,120,3,95,44,31,4,66,23,100,129,38"/><V112/><F107/><W61/><G120/><T16/><D127/><U28/><E116/><V128/><F126/><W84/><G129/><T124/><D124/><U7/><E74/><V36/><F112/><W30/><G72/><T2/><D2/><U20/><E39/><V57/><F109/><W83/><G66/><T89/><D135/><U79/><E79/><V21/><F132/><W105/><G105/><T130/><D130/><U67/><E134/><V71/><F71/><W82/><G4/><T68/><D68/><U6/><E6/><V85/><F85/><W32/><G32/><T5/><D77/><U103/><E103/><V37/><F37/><W108/><G3/><T123/><D123/><U22/><E22/><V102/><F36/><W59/><G108/><T114/><D114/><U40/><E40/><N who="2" m="24775" /><F128/><W80/><G23/><N who="0" m="13415" /><D5/><U92/><REACH who="1" step="1"/><E67/><REACH who="1" ten="212,225,355,198" step="2"/><V97/><F21/><W69/><G69/><T52/><D91/><U76/><E76/><V121/><F102/><W70/><G70/><T29/><D29/><N who="3" m="10761" /><G38/><T53/><D42/><U12/><E12/><V131/><F15/><W11/><G11/><AGARI ba="1,1" hai="11,14,18,45,47,48,51,52,53,88,89" m="13415" machi="11" ten="30,7700,0" yaku="8,1,54,3" doraHai="111" who="0" fromWho="3" sc="212,90,225,0,355,0,198,-80" /><INIT seed="3,0,0,2,0,29" ten="302,225,355,118" oya="3" hai0="42,39,32,65,91,81,108,0,57,16,104,133,30" hai1="127,19,72,90,10,46,120,121,122,35,52,82,83" hai2="37,61,73,112,132,124,92,96,85,12,49,113,28" hai3="64,26,45,20,87,17,6,40,69,117,62,41,109"/><W102/><G117/><T44/><D0/><U25/><E127/><V9/><F37/><W110/><G6/><T38/><D104/><U60/><E72/><V34/><F73/><W67/><G64/><T94/><D133/><U135/><E135/><V47/><F124/><W131/><G131/><T68/><D108/><N who="3" m="41577" /><G102/><T43/><D81/><U126/><E126/><V107/><F107/><W2/><G2/><T100/><D100/><U77/><E77/><V5/><F85/><W3/><G3/><T105/><D105/><U95/><E10/><V115/><F132/><W134/><G134/><T78/><D78/><U27/><E27/><V71/><F71/><W125/><G125/><T13/><D68/><U55/><E55/><V24/><F61/><W66/><G66/><T54/><D65/><U56/><E46/><V63/><F63/><W36/><G87/><T48/><D30/><U74/><E74/><V93/><REACH who="2" step="1"/><F96/><REACH who="2" ten="302,225,345,118" step="2"/><W11/><G11/><N who="0" m="6207" /><D38/><U31/><E122/><V116/><F116/><W23/><G23/><T101/><D39/><U51/><E121/><V97/><F97/><W76/><G76/><T114/><D114/><U99/><E120/><V118/><F118/><W80/><G80/><T21/><D21/><N who="1" m="13503" /><E60/><V98/><F98/><W18/><G40/><AGARI ba="0,1" hai="5,9,12,24,28,34,40,47,49,92,93,112,113,115" machi="40" ten="40,8000,1" yaku="1,1,52,1,53,3" doraHai="29" doraHaiUra="111" who="2" fromWho="3" sc="302,0,225,0,345,90,118,-80" owari="302,10.2,225,-17.5,435,53.5,38,-46.2" /></mjloggm>