<mjloggm ver="2.3"><GO type="225" lobby="0"/><UN n0="%E3%81%BE%E3%81%A8%E3%81%9F" n1="%E3%83%89%E3%83%A9%E3%81%8F%E3%82%8C" n2="%E6%A1%90%E5%B4%8E%E5%8D%83%E6%A3%98" n3="%E3%81%8B%E3%82%8F%E3%81%A1%E3%82%83%E3%82%93%35%38" dan="16,17,16,17" rate="2155.73,2222.83,2107.29,2177.30" sx="M,M,M,M"/><TAIKYOKU oya="0"/><INIT seed="0,0,0,4,4,19" ten="250,250,250,250" oya="0" hai0="100,71,110,119,43,108,50,126,13,45,79,106,116" hai1="52,124,81,31,53,89,33,102,58,120,3,7,20" hai2="9,25,82,32,123,86,46,8,101,132,117,48,22" hai3="87,5,24,129,78,26,113,60,34,0,72,27,107"/><T83/><D71/><U56/><E120/><V36/><F123/><W16/><G107/><T55/><D126/><U38/><E38/><V66/><F32/><W75/><G75/><T62/><D100/><U67/><E124/><V54/><F132/><W14/><G72/><T4/><D106/><U6/><E102/><V76/><F117/><W109/><G60/><T88/><D79/><U111/><E33/><V1/><F1/><W94/><G94/><T80/><D80/><U41/><E41/><V2/><F2/><W51/><G51/><T96/><D62/><N who="1" m="36103" /><E67/><V131/><F131/><W63/><G63/><T23/><D43/><U49/><E3/><V125/><F125/><W93/><G78/><T85/><D96/><U10/><E10/><V68/><F68/><W130/><G87/><T135/><D135/><U15/><E111/><N who="0" m="42537" /><D4/><U28/><E89/><V35/><F35/><W127/><G93/><T92/><D92/><U70/><E81/><V69/><F36/><W73/><G73/><T118/><D118/><U18/><E70/><V77/><F77/><W121/><G127/><T40/><D40/><U104/><E104/><V59/><F69/><W57/><G109/><T44/><D44/><U105/><E105/><V95/><F66/><W112/><G121/><T30/><D13/><U39/><E39/><V114/><F46/><W133/><G133/><T65/><D65/><U17/><E6/><V99/><REACH who="2" step="1"/><F114/><REACH who="2" ten="250,250,240,250" step="2"/><N who="3" m="44139" /><G57/><T47/><D47/><U12/><E7/><V91/><F91/><W64/><G64/><T37/><D37/><U97/><E58/><V122/><F122/><RYUUKYOKU ba="0,1" sc="250,15,250,-15,240,15,250,-15" hai0="23,30,45,50,55,83,85,88,116,119" hai2="8,9,22,25,48,54,59,76,82,86,95,99,101" /><INIT seed="0,1,1,4,5,111" ten="265,235,255,235" oya="0" hai0="17,102,13,39,94,21,65,96,36,5,15,16,126" hai1="101,90,37,103,81,106,58,49,31,120,134,109,63" hai2="32,113,10,11,76,77,107,88,26,54,135,95,97" hai3="73,79,127,105,0,8,41,27,92,108,38,46,112"/><T86/><D126/><U2/><E2/><V130/><F135/><W104/><G92/><T42/><D65/><U114/><E37/><V99/><F130/><W124/><G27/><T122/><D122/><U117/><E120/><V89/><F113/><W68/><G68/><T12/><D42/><U47/><E106/><N who="3" m="41066" /><G108/><T22/><D86/><N who="1" m="50511" /><E109/><V132/><F132/><W91/><G91/><T3/><REACH who="0" step="1"/><D3/><REACH who="0" ten="255,235,255,235" step="2"/><U100/><E134/><V51/><F77/><W9/><G0/><T125/><D125/><N who="3" m="48201" /><G112/><T29/><D29/><U59/><E114/><V25/><F76/><W115/><G115/><T6/><D6/><U128/><E128/><V4/><F4/><W72/><G79/><T87/><D87/><U119/><E31/><V1/><F1/><W64/><G64/><T116/><D116/><U84/><E119/><V56/><F32/><W43/><G43/><T71/><D71/><U83/><E117/><V75/><F75/><AGARI ba="1,2" hai="8,9,38,41,46,72,73,75" m="48201,41066" machi="75" ten="40,1300,0" yaku="18,1" doraHai="111" who="3" fromWho="2" sc="255,0,235,0,255,-16,235,36" /><INIT seed="1,0,0,1,3,77" ten="255,235,239,271" oya="1" hai0="43,18,49,121,86,124,38,17,79,105,55,62,71" hai1="57,111,92,34,16,74,95,56,31,82,93,25,47" hai2="99,117,100,118,42,81,3,115,51,78,135,73,39" hai3="87,123,10,69,33,7,15,37,29,9,107,4,28"/><U97/><E111/><V19/><F135/><W125/><G69/><T66/><D105/><U0/><E0/><V21/><F115/><W64/><G37/><T120/><D124/><U132/><E132/><V90/><F39/><W114/><G107/><T116/><D18/><U108/><E108/><V13/><F3/><W67/><G123/><T65/><D17/><U53/><E97/><V8/><F90/><W27/><G114/><T112/><D112/><U103/><E103/><V44/><REACH who="2" step="1"/><F8/><REACH who="2" ten="255,235,229,271" step="2"/><W14/><G125/><T102/><D38/><U75/><E75/><V63/><F63/><W98/><G9/><T70/><D62/><U61/><E61/><V12/><F12/><W126/><G14/><T30/><D120/><U89/><E89/><V22/><F22/><W36/><G36/><T1/><D1/><U134/><E134/><V131/><F131/><W40/><G15/><T83/><D121/><U11/><E11/><V101/><F101/><W119/><G10/><T94/><D102/><U96/><E96/><V84/><F84/><W26/><G87/><T130/><D86/><U20/><E34/><V32/><F32/><W109/><G33/><T104/><D130/><U106/><E106/><AGARI ba="0,1" hai="13,19,21,42,44,51,73,78,81,99,100,106,117,118" machi="106" ten="30,3900,0" yaku="1,1,7,1,52,1,53,0" doraHai="77" doraHaiUra="52" who="2" fromWho="1" sc="255,0,235,-39,229,49,271,0" /><INIT seed="2,0,0,0,1,102" ten="255,196,278,271" oya="2" hai0="117,67,91,89,112,3,103,123,0,83,99,110,133" hai1="114,73,68,27,11,2,19,101,22,69,33,51,63" hai2="60,65,77,116,64,15,1,79,118,130,94,58,50" hai3="93,57,44,122,84,78,12,74,45,70,10,9,34"/><V90/><F1/><W29/><G70/><T87/><D3/><U21/><E73/><V62/><F130/><W31/><G122/><T125/><D0/><U47/><E114/><V39/><F39/><W134/><G74/><T92/><D123/><U75/><E75/><V132/><F132/><W121/><G121/><T119/><D67/><U25/><E33/><V18/><F50/><W128/><G128/><T49/><D133/><U66/><E101/><V16/><F116/><N who="0" m="44618" /><D49/><U53/><E69/><V86/><F18/><W5/><G134/><T17/><D17/><U61/><E61/><V48/><F48/><W95/><G34/><T120/><D120/><U97/><E97/><V108/><F108/><W98/><G10/><T24/><D24/><U56/><E68/><V41/><F41/><W43/><G57/><T106/><D125/><U105/><E105/><V38/><F38/><W6/><G6/><T76/><D112/><U96/><E96/><V23/><F118/><W40/><G40/><T104/><D110/><U30/><REACH who="1" step="1"/><E2/><REACH who="1" ten="255,186,278,271" step="2"/><V36/><F36/><W8/><G98/><N who="0" m="59847" /><D106/><U126/><E126/><V32/><F32/><W71/><G71/><AGARI ba="0,1" hai="15,16,23,58,60,62,64,65,71,77,79,86,90,94" machi="71" ten="30,2900,0" yaku="7,1,54,1" doraHai="102" who="2" fromWho="3" sc="255,0,186,0,278,39,271,-29" /><INIT seed="2,1,0,5,3,84" ten="255,186,317,242" oya="2" hai0="44,90,134,124,70,79,98,15,31,111,67,8,49" hai1="24,103,16,26,87,37,2,20,38,113,28,65,94" hai2="114,63,112,66,106,22,18,4,133,46,128,116,41" hai3="71,97,35,59,1,126,92,74,99,122,108,39,68"/><V0/><F106/><W105/><RYUUKYOKU type="yao9" ba="1,0" sc="255,0,186,0,317,0,242,0" hai3="1,35,39,59,68,71,74,92,97,99,105,108,122,126" /><INIT seed="2,2,0,2,0,79" ten="255,186,317,242" oya="2" hai0="4,133,127,10,98,69,111,108,67,35,120,42,8" hai1="95,83,38,109,114,106,92,90,70,117,126,113,41" hai2="43,99,132,0,71,65,27,75,123,34,58,135,14" hai3="66,73,89,31,57,40,28,29,44,104,101,84,39"/><V116/><F116/><W64/><G73/><T76/><D120/><U82/><E70/><V81/><F123/><W18/><G57/><T62/><D127/><U46/><E117/><V6/><F14/><W17/><G101/><T2/><D133/><U100/><E126/><V107/><F58/><W74/><G74/><T13/><D35/><U77/><E109/><V3/><F43/><W26/><G104/><T63/><D63/><U48/><E38/><V15/><F15/><W30/><G64/><T36/><D98/><U49/><E49/><V68/><F68/><W91/><G91/><T20/><D20/><U61/><E61/><N who="2" m="40367" /><F6/><W119/><G66/><T51/><D36/><U128/><E128/><V54/><F54/><W24/><G119/><T23/><D23/><U9/><E9/><V110/><F110/><W80/><REACH who="3" step="1"/><G26/><REACH who="3" ten="255,186,317,232" step="2"/><T105/><D111/><U131/><E131/><V56/><F56/><W134/><G134/><T16/><D108/><U125/><E125/><V93/><F132/><W122/><G122/><T118/><D105/><U47/><E106/><V86/><F135/><W19/><G19/><T115/><D118/><U72/><E47/><V21/><F107/><W11/><G11/><T60/><D67/><U112/><REACH who="1" step="1"/><E100/><REACH who="1" ten="255,176,317,232" step="2"/><V32/><F75/><W94/><G94/><T102/><D102/><U25/><E25/><V5/><F27/><W87/><G87/><AGARI ba="2,2" hai="41,46,48,72,77,82,83,87,90,92,95,112,113,114" machi="87" ten="40,5200,0" yaku="1,1,52,2,53,0" doraHai="79" doraHaiUra="33" who="1" fromWho="3" sc="255,0,176,78,317,0,232,-58" /><INIT seed="3,0,0,3,2,12" ten="255,254,317,174" oya="3" hai0="68,92,51,115,74,35,77,63,4,45,44,76,15" hai1="48,61,89,23,19,126,102,90,8,60,52,94,112" hai2="96,69,13,107,120,32,131,83,24,108,104,98,50" hai3="134,29,130,88,135,57,17,111,87,121,55,118,27"/><W84/><G118/><T5/><D35/><U34/><E34/><V26/><F69/><W123/><G87/><T93/><D74/><U65/><E112/><V40/><F108/><W109/><G130/><T39/><D39/><U14/><E126/><V43/><F131/><W113/><G113/><T16/><D63/><U56/><E61/><V58/><F32/><W9/><G29/><T3/><D68/><U2/><E2/><V86/><F104/><W42/><G42/><N who="2" m="15913" /><F13/><N who="3" m="7343" /><G27/><N who="2" m="10281" /><F107/><W110/><G123/><T73/><D3/><U117/><E117/><V99/><F120/><W28/><G28/><T22/><D73/><U80/><E80/><V133/><F133/><W128/><G121/><T62/><D62/><U129/><E129/><V6/><F6/><N who="0" m="2666" /><D115/><U125/><E125/><V132/><F132/><N who="3" m="50731" /><G128/><T20/><D20/><U25/><E23/><V38/><F38/><W21/><G21/><T66/><D22/><U106/><E25/><V122/><F122/><W47/><G47/><T85/><D44/><N who="1" m="27655" /><E106/><V53/><F98/><AGARI ba="0,0" hai="8,14,19,56,60,65,89,90,94,98,102" m="27655" machi="98" ten="30,3900,0" yaku="8,1,52,1,54,1" doraHai="12" who="1" fromWho="2" sc="255,0,254,39,317,-39,174,0" /><INIT seed="4,0,0,2,5,75" ten="255,293,278,174" oya="0" hai0="1,68,48,94,20,65,30,117,108,8,104,37,54" hai1="69,129,64,23,34,43,124,79,3,31,33,39,36" hai2="24,14,4,46,60,0,13,35,45,25,114,22,71" hai3="44,50,26,86,28,84,125,103,131,41,58,89,62"/><T27/><D117/><U18/><E3/><V118/><F114/><W55/><G125/><T53/><D104/><U38/><E129/><V135/><F135/><W10/><G131/><T92/><D37/><U16/><E124/><V29/><F118/><W83/><G103/><T77/><D108/><U96/><E43/><V11/><F71/><W119/><G119/><T120/><D120/><U73/><E96/><V110/><F60/><W97/><G10/><T12/><D1/><U63/><E31/><N who="2" m="19943" /><F45/><W113/><G113/><T49/><D65/><U66/><E66/><V52/><F52/><W127/><G127/><T128/><D68/><U57/><E69/><V51/><F51/><W123/><G123/><T134/><D134/><U70/><E70/><V112/><F46/><W95/><REACH who="3" step="1"/><G83/><REACH who="3" ten="255,293,278,164" step="2"/><T61/><D128/><U19/><E39/><V121/><F121/><W93/><G93/><T133/><D133/><U21/><E38/><V88/><F112/><W76/><G76/><T109/><D77/><U126/><E36/><V91/><F110/><W82/><G82/><T72/><D109/><U56/><E126/><V17/><F91/><W47/><G47/><T6/><D94/><U132/><E132/><V42/><F88/><W74/><G74/><T116/><D72/><U98/><E79/><V80/><F80/><W40/><G40/><T2/><D116/><U15/><E73/><V9/><F42/><W85/><G85/><T102/><D92/><U105/><E105/><V90/><F90/><W130/><G130/><T106/><D106/><U99/><E98/><V111/><F111/><RYUUKYOKU ba="0,1" sc="255,-15,293,-15,278,15,164,15" hai2="0,4,9,11,13,14,17,22,25,29" hai3="26,28,41,44,50,55,58,62,84,86,89,95,97" /><INIT seed="5,1,1,3,0,123" ten="240,278,293,179" oya="1" hai0="128,91,80,9,93,88,107,90,94,20,2,22,135" hai1="118,85,15,11,35,129,47,7,122,121,87,79,58" hai2="51,65,127,29,8,92,76,96,34,66,53,25,105" hai3="54,36,73,63,113,110,12,82,104,111,28,16,40"/><U84/><E118/><V26/><F105/><W62/><G104/><T1/><D107/><U33/><E129/><V50/><F127/><W89/><G28/><T100/><D80/><U27/><E79/><V77/><F51/><W106/><G106/><T115/><D9/><U43/><E58/><V124/><F124/><W0/><G0/><N who="0" m="107" /><D100/><U108/><E108/><V101/><F8/><W114/><G40/><T39/><D39/><U98/><E98/><V119/><F119/><W31/><G31/><T56/><D56/><U52/><E52/><V6/><F6/><W74/><G36/><T75/><D75/><N who="3" m="28681" /><G89/><T55/><D55/><U14/><E14/><V125/><F125/><W70/><G82/><T23/><D128/><U44/><E27/><N who="2" m="10251" /><F29/><W32/><G32/><T10/><D10/><U69/><E69/><V133/><F34/><W45/><G45/><T103/><D103/><U112/><E35/><V64/><F133/><W17/><G54/><T78/><D135/><U130/><E33/><V30/><F30/><W99/><G99/><T48/><D48/><N who="1" m="26655" /><E130/><V116/><F116/><W86/><G86/><T57/><D57/><AGARI ba="1,1" hai="50,53,57,64,65,66,76,77,92,96,101" m="10251" machi="57" ten="30,1000,0" yaku="8,1" doraHai="123" who="2" fromWho="0" sc="240,-13,278,0,293,23,179,0" owari="227,-17.3,278,7.8,316,41.6,179,-32.1" /></mjloggm>