<mjloggm ver="2.3"><GO type="225" lobby="0"/><UN n0="%6D%75%75%73%61%6E%6D%75" n1="%E3%81%BF%E3%81%BF%E3%81%9A" n2="%E3%80%93%E3%81%97%E3%83%BC%E3%82%89%E3%80%93" n3="%72%69%6F%75%63%68%61%6E" dan="16,17,16,16" rate="2067.99,2290.26,2109.69,2175.24" sx="F,M,M,M"/><TAIKYOKU oya="0"/><INIT seed="0,0,0,1,2,25" ten="250,250,250,250" oya="0" hai0="7,124,129,14,84,2,18,46,24,113,128,75,91" hai1="133,51,77,100,114,69,95,23,132,17,108,123,117" hai2="6,120,119,0,92,131,38,104,19,116,89,44,88" hai3="65,70,63,43,111,45,20,85,76,28,98,78,61"/><T68/><D113/><U64/><E117/><N who="2" m="45131" /><F120/><W110/><G98/><T52/><D68/><U94/><E123/><V99/><F131/><N who="0" m="50250" /><D75/><U53/><E108/><N who="3" m="41514" /><G61/><T97/><D124/><U81/><E64/><V80/><F104/><W109/><N who="3" m="41522" /><W21/><DORA hai="60" /><G85/><T42/><D2/><U33/><E33/><V96/><F80/><W134/><G134/><N who="1" m="51818" /><E100/><N who="2" m="60423" /><F99/><W66/><G66/><T10/><D97/><U5/><E5/><V41/><F19/><W39/><G20/><N who="0" m="13335" /><D84/><N who="1" m="48175" /><E114/><V55/><F55/><W127/><G127/><T11/><D91/><U37/><E37/><V30/><F30/><W40/><G43/><T87/><D87/><U27/><E69/><V118/><N who="2" m="45139" /><V103/><DORA hai="49" /><F103/><W71/><G71/><T90/><D90/><U122/><E122/><V125/><F125/><W135/><G135/><T82/><D82/><U8/><E8/><AGARI ba="0,0" hai="0,6,8,38,41,44,88,89" m="60423,45139" machi="8" ten="40,2600,0" yaku="12,1,54,1" doraHai="25,60,49" who="2" fromWho="1" sc="250,0,250,-26,250,26,250,0" /><INIT seed="1,0,0,5,1,129" ten="250,224,276,250" oya="1" hai0="24,133,125,39,109,51,53,63,114,47,25,0,115" hai1="98,1,34,131,56,37,75,61,112,18,95,80,21" hai2="77,130,121,8,81,15,87,23,117,79,107,42,123" hai3="84,90,49,57,11,43,89,2,102,73,60,70,44"/><U48/><E112/><V52/><F107/><W62/><G73/><T13/><D0/><U35/><E37/><V134/><F130/><W68/><G102/><T54/><D109/><U9/><E131/><V27/><F117/><W41/><G41/><T46/><D125/><U78/><E48/><V69/><F69/><W116/><G116/><T91/><D133/><U93/><E9/><V94/><F42/><W135/><G135/><T119/><D119/><U4/><E4/><V31/><F134/><W26/><G26/><T88/><D13/><U59/><E1/><V64/><F64/><W108/><G108/><T12/><D12/><U120/><E120/><V100/><F79/><W86/><G62/><T55/><D63/><U14/><E93/><V22/><F22/><W6/><G86/><T65/><D65/><U32/><REACH who="1" step="1"/><E61/><REACH who="1" ten="250,214,276,250" step="2"/><V28/><F123/><W33/><G33/><T3/><D51/><U110/><E110/><V7/><F121/><W85/><G90/><AGARI ba="0,1" hai="14,18,21,32,34,35,56,59,75,78,80,90,95,98" machi="90" ten="40,2000,0" yaku="1,1,53,0" doraHai="129" doraHaiUra="132" who="1" fromWho="3" sc="250,0,214,30,276,0,250,-20" /><INIT seed="1,1,0,1,5,88" ten="250,244,276,230" oya="1" hai0="106,27,105,78,35,3,60,43,129,40,51,96,22" hai1="67,26,127,29,114,17,113,0,84,111,50,5,62" hai2="14,77,89,85,99,52,83,82,45,108,92,2,41" hai3="76,115,58,54,46,90,116,119,70,93,95,97,48"/><U61/><E17/><V69/><F2/><W20/><G115/><T109/><D3/><U100/><E61/><V94/><F69/><W75/><G70/><T42/><D35/><U117/><E117/><N who="3" m="45130" /><G76/><T12/><D78/><U68/><E111/><V53/><F108/><W11/><G75/><T112/><D109/><U39/><E39/><V7/><F7/><W126/><G126/><T56/><D112/><U36/><E36/><V9/><F9/><W133/><G133/><T25/><D51/><U98/><E84/><N who="2" m="48207" /><F14/><W16/><G11/><T65/><D129/><U64/><E64/><V121/><F121/><W44/><G95/><N who="2" m="36393" /><F99/><W6/><G6/><T79/><D96/><U24/><E24/><AGARI ba="1,0" hai="16,20,24,44,46,48,54,58,90,93,97" m="45130" machi="24" ten="30,3900,0" yaku="12,1,52,1,54,1" doraHai="88" who="3" fromWho="1" sc="250,0,244,-42,276,0,230,42" /><INIT seed="2,0,0,2,1,73" ten="250,202,276,272" oya="2" hai0="120,3,106,27,15,48,89,99,68,18,21,26,0" hai1="54,93,74,64,100,17,45,53,110,95,128,34,78" hai2="83,12,92,36,82,86,32,8,58,66,108,85,57" hai3="72,118,41,87,40,75,42,121,51,79,126,52,47"/><V104/><F104/><W96/><G118/><T16/><D120/><U77/><E34/><V14/><F32/><W28/><G121/><T105/><D68/><U20/><E110/><V59/><F36/><W122/><G122/><T94/><D48/><N who="1" m="28815" /><E74/><V127/><F127/><W88/><G126/><T71/><D71/><U23/><E128/><V117/><F117/><W112/><G112/><T44/><D44/><U46/><E64/><V135/><F135/><W76/><G28/><T90/><D90/><U133/><E133/><V19/><F108/><W33/><G33/><T22/><REACH who="0" step="1"/><D15/><REACH who="0" ten="240,202,276,272" step="2"/><N who="1" m="9279" /><E100/><V31/><F14/><W91/><G91/><T69/><D69/><U101/><E101/><V132/><F132/><W131/><G131/><T10/><D10/><U30/><E46/><V5/><F12/><W13/><G13/><T11/><D11/><U116/><E116/><V50/><F8/><W129/><G129/><T9/><D9/><U56/><E23/><V7/><F50/><W25/><G25/><T55/><D55/><U113/><E113/><V134/><F134/><W24/><G24/><T119/><D119/><U49/><E30/><V67/><F31/><W97/><G88/><T81/><D81/><U6/><E6/><V98/><F7/><W80/><REACH who="3" step="1"/><G79/><AGARI ba="0,1" hai="49,54,56,77,78,79,93,95" m="9279,28815" machi="79" ten="30,7700,0" yaku="8,1,52,3" doraHai="73" who="1" fromWho="3" sc="240,0,202,87,276,0,272,-77" /><INIT seed="3,0,0,0,2,63" ten="240,289,276,195" oya="3" hai0="102,61,115,111,30,21,66,106,78,120,36,86,53" hai1="48,15,100,128,127,98,87,7,133,129,18,135,125" hai2="74,47,131,94,26,82,126,37,68,116,32,0,11" hai3="92,50,28,13,101,2,60,12,81,23,54,72,77"/><W83/><G2/><T9/><D120/><U46/><E87/><V70/><F94/><W6/><G60/><T34/><D36/><U108/><E7/><N who="2" m="1511" /><F126/><N who="1" m="48137" /><E108/><V84/><F84/><W71/><G71/><T97/><D111/><U124/><E124/><V112/><F131/><N who="1" m="50249" /><E15/><V118/><F112/><W1/><G83/><T52/><D115/><U96/><E18/><V109/><F109/><W43/><G43/><T41/><D9/><U40/><E96/><V55/><F55/><W58/><G1/><T104/><D21/><U69/><E69/><N who="2" m="26731" /><F26/><W89/><G6/><T8/><D8/><U59/><E59/><V35/><F118/><W56/><G58/><T45/><D86/><U79/><E79/><N who="2" m="44407" /><F116/><W99/><REACH who="3" step="1"/><G89/><REACH who="3" ten="240,289,276,185" step="2"/><T49/><D78/><U14/><E40/><AGARI ba="0,1" hai="32,35,37,40,47" m="44407,26731,1511" machi="40" ten="30,3900,0" yaku="25,1,33,2" doraHai="63" who="2" fromWho="1" sc="240,0,289,-39,276,49,185,0" owari="240,-16.0,250,5.0,325,42.5,185,-31.5" /></mjloggm>