<mjloggm ver="2.3"><GO type="225" lobby="0"/><UN n0="%47%68%6F%73%74%55%30" n1="%E3%81%8B%E3%82%8F%E3%81%A1%E3%82%83%E3%82%93%35%38" n2="%E7%99%BD%E6%97%A5%E9%9B%AA%E8%8F%9C" n3="%44%69%73%6F%72%64%65%72" dan="17,17,16,17" rate="2144.91,2131.98,2126.65,2161.39" sx="M,M,M,M"/><TAIKYOKU oya="0"/><INIT seed="0,0,0,5,0,10" ten="250,250,250,250" oya="0" hai0="42,19,1,56,3,127,101,71,78,111,90,132,135" hai1="14,112,126,46,82,124,25,89,105,8,35,100,2" hai2="102,58,18,106,72,68,115,79,23,0,119,29,87" hai3="45,75,85,21,32,108,38,48,12,54,63,95,122"/><T60/><D71/><U28/><E2/><V11/><F115/><W74/><G32/><T125/><D42/><U4/><E112/><V34/><F68/><W7/><G38/><T117/><D117/><U52/><E100/><V65/><F72/><W33/><G33/><T66/><D78/><U96/><E105/><V16/><F106/><W83/><G108/><T114/><D114/><U64/><E64/><V109/><F102/><W17/><G122/><T13/><D90/><U110/><E110/><V24/><F109/><W15/><G95/><T67/><D67/><U98/><E82/><N who="2" m="47583" /><F119/><W123/><G123/><T30/><D30/><U93/><REACH who="1" step="1"/><E98/><REACH who="1" ten="250,240,250,250" step="2"/><V80/><F0/><N who="0" m="74" /><D101/><U92/><E92/><V53/><F80/><W40/><G74/><T36/><D111/><U69/><E69/><V39/><F65/><W77/><G75/><T113/><D113/><U62/><E62/><V37/><F37/><W120/><G120/><T26/><D36/><U118/><E118/><V31/><F39/><W116/><G116/><T107/><D107/><U9/><E9/><V59/><F11/><N who="3" m="4223" /><G63/><T88/><D60/><U20/><E20/><V99/><F34/><W84/><G84/><T76/><D66/><U70/><E70/><V41/><F99/><W43/><AGARI ba="0,1" hai="15,17,21,40,43,45,48,54,77,83,85" m="4223" machi="43" ten="30,4000,0" yaku="8,1,52,2" doraHai="10" who="3" fromWho="3" sc="250,-20,240,-10,250,-10,250,50" /><INIT seed="1,0,0,0,1,99" ten="230,230,240,300" oya="1" hai0="31,111,115,106,60,3,33,37,64,38,90,0,11" hai1="2,6,131,59,89,34,85,104,46,86,51,30,79" hai2="21,133,18,80,120,114,108,14,66,128,15,77,102" hai3="97,61,83,42,24,72,63,4,130,126,118,101,23"/><U109/><E104/><V29/><F120/><W8/><G130/><T19/><D115/><U20/><E34/><V95/><F108/><W26/><G126/><T134/><D134/><U87/><E2/><V103/><F133/><W100/><G118/><T65/><D65/><U69/><E69/><V49/><F128/><W57/><G42/><T73/><D90/><U67/><E131/><V107/><F107/><W40/><G40/><T35/><D19/><U91/><E109/><V47/><F114/><W7/><G72/><T132/><D111/><U135/><E135/><V43/><F66/><N who="3" m="39215" /><G97/><T54/><D54/><N who="1" m="30071" /><E6/><N who="3" m="2090" /><G8/><T52/><D132/><U75/><E75/><V16/><F29/><N who="3" m="17567" /><G83/><T1/><D73/><U122/><E122/><V124/><F95/><W22/><G63/><T28/><D106/><U70/><E70/><V82/><F124/><W50/><G50/><T10/><D37/><U68/><E68/><V121/><F121/><W93/><G93/><T71/><D38/><U127/><E127/><V119/><F119/><W81/><G81/><N who="2" m="31337" /><F77/><W76/><G76/><T117/><D117/><U5/><E79/><V41/><F41/><W129/><G129/><T45/><D33/><U12/><E30/><AGARI ba="0,0" hai="22,26,30,100,101" m="17567,2090,39215" machi="30" ten="30,3900,0" yaku="8,1,52,2" doraHai="99" who="3" fromWho="1" sc="230,0,230,-39,240,0,300,39" /><INIT seed="2,0,0,0,2,132" ten="230,191,240,339" oya="2" hai0="133,74,13,37,29,64,55,57,86,116,73,66,130" hai1="78,34,81,114,9,21,112,8,35,4,120,99,104" hai2="102,2,84,122,50,17,61,28,7,36,3,110,119" hai3="129,123,27,100,40,95,134,91,77,92,41,79,125"/><V70/><F119/><W106/><G123/><T76/><D37/><U31/><E99/><V44/><F122/><W33/><G134/><T6/><D133/><U20/><E81/><V38/><F110/><W111/><G111/><T105/><D105/><U121/><E78/><V54/><F28/><W103/><G106/><T53/><D73/><U42/><E42/><V87/><F102/><W51/><G129/><T48/><D130/><U59/><E59/><V80/><F17/><W52/><G33/><T11/><D74/><U127/><E104/><V128/><F87/><N who="3" m="52351" /><G27/><T18/><D29/><U47/><E47/><V67/><F128/><W63/><G63/><N who="0" m="36271" /><D6/><U15/><E31/><V93/><F93/><W88/><G77/><T71/><D71/><U98/><E98/><V69/><F69/><W109/><G79/><T62/><D116/><U5/><E15/><V113/><F113/><W0/><G0/><T43/><D62/><U118/><E118/><V24/><F24/><W58/><G109/><T56/><D43/><N who="3" m="16457" /><G125/><AGARI ba="0,0" hai="4,5,8,9,20,21,34,35,112,114,120,121,125,127" machi="125" ten="25,12000,2" yaku="22,2,34,3,52,2" doraHai="132" who="1" fromWho="3" sc="230,0,191,120,240,0,339,-120" /><INIT seed="3,0,0,0,1,54" ten="230,311,240,219" oya="3" hai0="98,33,19,13,122,117,115,61,83,47,48,31,80" hai1="14,114,106,118,15,70,25,39,63,65,121,34,58" hai2="24,85,101,131,100,16,91,66,123,104,113,111,92" hai3="94,126,79,103,107,68,109,78,67,6,105,127,72"/><W73/><G6/><T84/><D117/><U44/><E114/><V57/><F113/><W49/><G68/><T17/><D115/><U18/><E121/><V7/><F123/><W69/><G69/><T110/><D122/><U55/><E106/><N who="3" m="40458" /><G67/><T82/><D110/><U99/><E99/><V88/><F111/><W50/><G109/><T4/><D98/><U5/><E5/><V116/><F116/><W42/><G42/><N who="0" m="24695" /><D33/><U29/><E118/><V81/><F131/><W102/><G49/><T0/><D0/><U35/><E35/><V38/><F38/><W43/><G50/><T97/><D97/><U132/><E132/><V56/><F104/><W20/><G20/><N who="0" m="11311" /><D31/><U89/><E29/><V135/><F7/><W77/><G43/><T128/><D128/><U36/><E34/><V129/><F129/><W45/><G45/><T71/><D71/><U3/><E3/><V76/><F66/><W52/><G52/><T41/><D41/><N who="1" m="22567" /><E55/><V95/><F135/><W108/><G108/><T64/><D19/><U112/><E70/><V62/><F62/><W22/><G22/><T12/><D61/><U53/><E53/><V86/><F16/><W134/><G134/><T2/><D64/><U51/><E39/><V11/><F11/><W87/><G87/><T120/><D120/><U32/><E51/><V59/><F24/><W119/><G119/><T23/><D2/><U40/><E112/><V37/><F37/><W10/><G10/><N who="0" m="4167" /><D23/><N who="1" m="13559" /><E32/><V1/><F1/><W133/><G133/><T46/><D46/><U27/><E40/><V125/><F86/><AGARI ba="0,0" hai="80,82,83,84,86" m="4167,11311,24695" machi="86" ten="30,1000,0" yaku="8,1" doraHai="54" who="0" fromWho="2" sc="230,10,311,0,240,-10,219,0" owari="240,4.0,311,41.1,230,-17.0,219,-28.1" /></mjloggm>