<mjloggm ver="2.3"><GO type="225" lobby="0"/><UN n0="%E3%81%9B%E3%81%9B%E3%81%9B%E3%81%9B%E3%81%96%E3%82%80%E3%82%89%E3%81%84" n1="%E3%82%BC%E3%83%AB%E3%83%80%E3%81%AE%E4%BC%9D%E8%AA%AC" n2="%E6%A1%9C%E8%8A%B1%E9%96%83%E3%80%85" n3="%E5%82%8D%E8%8B%A5%E7%84%A1%E4%BA%BA%35%31" dan="16,18,16,16" rate="2077.80,2229.28,2168.05,2099.90" sx="M,M,M,M"/><TAIKYOKU oya="0"/><INIT seed="0,0,0,5,3,86" ten="250,250,250,250" oya="0" hai0="125,50,30,131,104,56,110,37,115,77,95,16,135" hai1="44,66,54,97,119,65,60,78,114,12,79,28,71" hai2="126,24,105,64,109,6,102,26,98,41,94,5,0" hai3="91,69,55,108,112,106,92,18,88,47,40,43,82"/><T111/><D104/><U74/><E119/><V133/><F109/><N who="0" m="41482" /><D135/><U7/><E114/><V83/><F133/><W9/><G112/><T73/><D115/><U89/><E74/><V31/><F126/><W116/><G69/><T99/><D125/><U58/><E28/><V10/><F41/><W21/><G106/><T101/><D101/><U75/><E75/><V46/><F46/><W76/><G9/><T23/><D37/><U52/><E54/><V120/><F64/><N who="1" m="24681" /><E44/><V68/><F68/><W81/><G116/><T84/><D131/><U127/><E71/><V72/><F120/><W132/><G132/><T13/><D73/><U4/><E127/><V103/><F102/><W80/><G76/><N who="1" m="29226" /><E12/><V32/><F105/><W45/><G108/><T70/><D70/><U49/><E60/><V118/><F118/><W100/><G43/><T48/><D30/><U61/><E61/><V128/><F128/><W19/><G40/><T113/><D113/><U22/><E22/><V35/><F31/><W123/><G123/><T53/><D77/><U107/><E107/><V67/><F72/><W17/><G21/><T96/><D84/><U38/><E38/><V93/><F35/><W90/><G55/><N who="0" m="31847" /><D95/><AGARI ba="0,0" hai="4,7,49,52,58,89,95,97" m="29226,24681" machi="95" ten="30,3900,0" yaku="8,1,52,1,54,1" doraHai="86" who="1" fromWho="0" sc="250,-39,250,39,250,0,250,0" /><INIT seed="1,0,0,3,5,86" ten="211,289,250,250" oya="1" hai0="19,67,29,115,94,119,23,122,127,59,22,37,102" hai1="114,68,82,64,69,63,104,128,125,108,31,58,46" hai2="120,65,15,135,56,88,3,57,14,24,107,92,55" hai3="76,49,40,79,17,12,87,0,130,27,47,26,41"/><U89/><E114/><V1/><F120/><W112/><G0/><T71/><D71/><U103/><E125/><V81/><F107/><W111/><G111/><T78/><D119/><U51/><E108/><V126/><F126/><W25/><G130/><T70/><D70/><U21/><E128/><V117/><F117/><W98/><G112/><T42/><D115/><U6/><E6/><V20/><F135/><W50/><G98/><T36/><D122/><U39/><E39/><V93/><F1/><W121/><G121/><T48/><D127/><U52/><E104/><V85/><F65/><W97/><G97/><T131/><D78/><U109/><E103/><V123/><F57/><W129/><G129/><T73/><D73/><U38/><E109/><V53/><F53/><W62/><G62/><T13/><D131/><U110/><E110/><V66/><F66/><W43/><G87/><T84/><D67/><U18/><E31/><N who="2" m="17799" /><F3/><W118/><G118/><T105/><D105/><U133/><E133/><V34/><F34/><W35/><G35/><T54/><D42/><N who="3" m="16489" /><G50/><T5/><D5/><U99/><E38/><V44/><F44/><W96/><G96/><T16/><D29/><U132/><E132/><V10/><F123/><W101/><G101/><T30/><D30/><U95/><REACH who="1" step="1"/><E82/><REACH who="1" ten="211,279,250,250" step="2"/><V32/><F81/><W116/><G116/><T28/><D102/><U11/><E11/><AGARI ba="0,1" hai="11,12,17,25,26,27,43,47,49,76,79" m="16489" machi="11" ten="30,1000,0" yaku="8,1" doraHai="86" who="3" fromWho="1" sc="211,0,279,-10,250,0,250,20" /><INIT seed="2,0,0,4,5,50" ten="211,269,250,270" oya="2" hai0="89,20,57,2,75,51,49,129,37,115,1,61,79" hai1="52,10,4,18,62,46,12,72,96,133,95,24,59" hai2="94,38,70,128,42,132,71,134,13,40,9,131,93" hai3="7,28,23,32,119,0,30,48,86,102,127,118,107"/><V8/><REACH who="2" step="1"/><F13/><REACH who="2" ten="211,269,240,270" step="2"/><W47/><G0/><T73/><D1/><U105/><E133/><V104/><F104/><W83/><G107/><T84/><D2/><U106/><E72/><V81/><F81/><W29/><G83/><T85/><D75/><U108/><E108/><V27/><F27/><W31/><G32/><T15/><D73/><U124/><E124/><V76/><F76/><W90/><G127/><T114/><D79/><U80/><E80/><V87/><F87/><W103/><G86/><T98/><D85/><U74/><E74/><V116/><F116/><W35/><G35/><T3/><D3/><U99/><E106/><V82/><F82/><W36/><G118/><T123/><D84/><U16/><E105/><V63/><F63/><W110/><G119/><T112/><D61/><U25/><E25/><V121/><F121/><W101/><G110/><T44/><D123/><U130/><E24/><V45/><F45/><W6/><G47/><T17/><D44/><U33/><E33/><V91/><F91/><W64/><G90/><T39/><D89/><U43/><E130/><V58/><F58/><W67/><G101/><T109/><D109/><U41/><E46/><V11/><F11/><W69/><G102/><T14/><D129/><U100/><E99/><V53/><F53/><W117/><G103/><T26/><D98/><U113/><E113/><V56/><F56/><W65/><G117/><T135/><D135/><U120/><E120/><V54/><F54/><W88/><G88/><T21/><D57/><U22/><E22/><V122/><F122/><W97/><G23/><RYUUKYOKU ba="0,1" sc="211,-15,269,15,240,15,270,-15" hai1="4,10,12,16,18,41,43,52,59,62,95,96,100" hai2="8,9,38,40,42,70,71,93,94,128,131,132,134" /><INIT seed="2,1,1,2,0,72" ten="196,284,255,255" oya="2" hai0="19,82,134,45,77,88,66,119,76,24,23,25,59" hai1="96,21,68,4,5,87,130,40,113,128,67,10,115" hai2="120,58,101,90,99,81,55,84,38,48,126,121,20" hai3="100,28,39,44,37,46,22,127,61,109,56,53,57"/><V83/><F126/><W17/><G28/><T107/><D107/><U70/><E40/><V7/><F38/><W31/><G31/><T129/><D129/><N who="1" m="49771" /><E21/><V69/><F69/><N who="1" m="26729" /><E67/><V54/><F7/><N who="1" m="2633" /><E10/><V133/><F20/><W125/><G22/><N who="0" m="13407" /><D134/><U18/><E18/><V2/><F133/><W0/><G17/><N who="0" m="12527" /><D119/><U124/><E124/><V93/><F2/><W102/><G0/><T111/><D111/><U26/><E26/><V112/><F112/><N who="1" m="43081" /><E87/><V73/><REACH who="2" step="1"/><F55/><REACH who="2" ten="196,284,245,255" step="2"/><W117/><G53/><T11/><D11/><U13/><E96/><V116/><F116/><W104/><G117/><T132/><D132/><U78/><E13/><V62/><F62/><W118/><G61/><N who="0" m="38207" /><D45/><U3/><E3/><V12/><F12/><W108/><G118/><T65/><D65/><U85/><E85/><AGARI ba="1,2" hai="76,77,82,85,88" m="38207,12527,13407" machi="85" ten="30,7700,0" yaku="8,1,52,2,54,1" doraHai="72" who="0" fromWho="1" sc="196,100,284,-80,245,0,255,0" /><INIT seed="3,0,0,4,3,36" ten="296,204,245,255" oya="3" hai0="91,111,83,22,49,84,89,41,21,7,118,93,4" hai1="39,114,119,68,115,27,77,100,32,12,70,52,92" hai2="69,79,16,31,43,116,129,47,86,96,66,9,33" hai3="124,123,110,117,38,55,10,18,51,90,28,65,104"/><W73/><G123/><T14/><D111/><U61/><E39/><V103/><F116/><W131/><G117/><T42/><D118/><U11/><E119/><V50/><F129/><W81/><G131/><T1/><D1/><U54/><E77/><V58/><F69/><W57/><G104/><T126/><D126/><U6/><E32/><V106/><F31/><W132/><G38/><T130/><D130/><U23/><E115/><V26/><F33/><W13/><G132/><T82/><D82/><U78/><E114/><V15/><F26/><W72/><G124/><T128/><D128/><U135/><E78/><V109/><F109/><W87/><G110/><T71/><D71/><U120/><E120/><V62/><F86/><W97/><G28/><T35/><D35/><U17/><E135/><V25/><F25/><W64/><REACH who="3" step="1"/><G97/><REACH who="3" ten="296,204,245,245" step="2"/><N who="0" m="57519" /><D4/><U94/><E68/><V8/><REACH who="2" step="1"/><F79/><REACH who="2" ten="296,204,235,245" step="2"/><W3/><G3/><T24/><D7/><U37/><E70/><V63/><F63/><W59/><G59/><T113/><D113/><U44/><E61/><V40/><F40/><W112/><G112/><T19/><D49/><U101/><E37/><V133/><F133/><W53/><G53/><N who="1" m="20586" /><E44/><V98/><F98/><W95/><G95/><AGARI ba="0,2" hai="6,11,12,17,23,27,92,94,95,100,101" m="20586" machi="95" ten="30,2000,0" yaku="8,1,54,1" doraHai="36" who="1" fromWho="3" sc="296,0,204,40,235,0,245,-20" /><INIT seed="4,0,0,5,1,120" ten="296,244,235,225" oya="0" hai0="101,119,111,48,68,105,96,106,52,6,123,54,0" hai1="8,107,16,126,122,20,71,10,22,131,114,72,74" hai2="104,53,5,46,117,115,84,118,83,130,32,102,86" hai3="3,29,59,135,26,36,63,50,19,30,108,65,77"/><T39/><D39/><U93/><E107/><V24/><F5/><W112/><G3/><T67/><D119/><N who="2" m="45578" /><F115/><W28/><G36/><T41/><D123/><U40/><E122/><V73/><F130/><W134/><G112/><T103/><D111/><U94/><E114/><V80/><F32/><W75/><G108/><T45/><D67/><U31/><E31/><V18/><F18/><W35/><G50/><T82/><D68/><U33/><E33/><V38/><F24/><W62/><G77/><T95/><D82/><N who="2" m="31274" /><F53/><W125/><G75/><T70/><D70/><U97/><E71/><V4/><F4/><W37/><G37/><T99/><D95/><U56/><E16/><V88/><F73/><W61/><G125/><T55/><D55/><U78/><E126/><V12/><F12/><W34/><G19/><T1/><D1/><U85/><E131/><V60/><F60/><W89/><G26/><T43/><D54/><U81/><E72/><V44/><F88/><W23/><G89/><T66/><D66/><U129/><E129/><V27/><F27/><W98/><G35/><T42/><D42/><U124/><E124/><V110/><F110/><W100/><G34/><T127/><D127/><U7/><E40/><N who="2" m="22551" /><F46/><W90/><G90/><T113/><D113/><U121/><E121/><V9/><F9/><AGARI ba="0,0" hai="0,6,9,41,43,45,48,52,96,99,101,103,105,106" machi="9" ten="40,3900,0" yaku="9,1,54,1" doraHai="120" who="0" fromWho="2" sc="296,39,244,0,235,-39,225,0" owari="335,43.5,244,4.4,196,-30.4,225,-17.5" /></mjloggm>