<mjloggm ver="2.3"><GO type="225" lobby="0"/><UN n0="%E8%B6%85%E7%B4%9A%E9%B3%B3%E5%87%B0" n1="%72%69%6F%75%63%68%61%6E" n2="%28%EF%BF%A3%E2%96%BD%EF%BF%A3%29%CE%B4%E2%8C%92%E3%83%BB" n3="%48%61%61%61%6C%61%6E%64" dan="16,17,16,18" rate="2152.83,2143.68,2105.63,2172.18" sx="M,M,M,M"/><TAIKYOKU oya="0"/><INIT seed="0,0,0,0,4,31" ten="250,250,250,250" oya="0" hai0="30,104,65,95,9,53,44,4,98,8,66,7,70" hai1="11,45,13,86,106,51,103,85,72,105,33,57,12" hai2="123,75,100,64,81,37,0,135,82,24,14,122,6" hai3="78,20,115,23,88,83,130,114,59,124,48,118,47"/><T107/><D30/><U40/><E72/><V25/><F64/><W134/><G118/><T76/><D76/><U101/><E33/><V128/><F100/><W87/><G124/><T36/><D36/><U18/><E106/><V19/><F37/><W22/><G130/><T68/><D95/><U61/><E105/><V111/><F75/><W91/><G59/><T49/><D49/><U2/><E2/><V93/><F93/><W129/><G129/><T119/><D44/><U35/><E35/><V117/><F128/><W79/><G134/><T131/><D131/><U112/><E112/><V28/><F82/><W34/><G34/><T60/><D60/><U15/><E15/><V80/><F81/><W54/><REACH who="3" step="1"/><G78/><REACH who="3" ten="250,250,250,240" step="2"/><T52/><REACH who="0" step="1"/><D98/><REACH who="0" ten="240,250,250,240" step="2"/><U90/><E57/><V108/><F122/><W99/><G99/><T132/><D132/><U29/><E61/><V42/><F123/><W43/><G43/><T113/><D113/><AGARI ba="0,2" hai="20,22,23,47,48,54,79,83,87,88,91,113,114,115" machi="113" ten="40,2600,0" yaku="1,1,54,1,53,0" doraHai="31" doraHaiUra="97" who="3" fromWho="0" sc="240,-26,250,0,250,0,240,46" /><INIT seed="1,0,0,0,3,133" ten="214,250,250,286" oya="1" hai0="10,66,29,82,17,5,21,31,32,0,132,44,23" hai1="121,104,102,110,112,25,42,119,43,7,4,72,97" hai2="73,131,36,46,38,84,26,74,96,95,130,135,49" hai3="111,86,1,52,78,113,20,118,37,99,100,129,125"/><U94/><E112/><V67/><F67/><W116/><G113/><T134/><D66/><U13/><E119/><N who="3" m="45610" /><G111/><T14/><D44/><U98/><E121/><V15/><F15/><W75/><G1/><T69/><D82/><U122/><E122/><V115/><F84/><W56/><G37/><N who="2" m="14441" /><F26/><W77/><G129/><N who="2" m="49161" /><F135/><N who="0" m="51754" /><D69/><U48/><E72/><V109/><F109/><W24/><G86/><T127/><D127/><U34/><E110/><V47/><F115/><W59/><G125/><T2/><D2/><U27/><E25/><V55/><F47/><W41/><G75/><T79/><D79/><U60/><E13/><V83/><F83/><W53/><G77/><T50/><D50/><U105/><E48/><V40/><F40/><W101/><G41/><T18/><D32/><U106/><E60/><V107/><F107/><W81/><G81/><T71/><D71/><U19/><E34/><V54/><F54/><N who="3" m="21099" /><G78/><T45/><D45/><U108/><E42/><V85/><F85/><W39/><G39/><T62/><D62/><U30/><E43/><V16/><F16/><N who="3" m="12295" /><G99/><T92/><D92/><N who="1" m="58663" /><E108/><V3/><F3/><W91/><G56/><T124/><D124/><U35/><E19/><V87/><F87/><W103/><G59/><T90/><D90/><AGARI ba="0,0" hai="46,49,55,73,74,90,95,96" m="49161,14441" machi="90" ten="30,1000,0" yaku="19,1" doraHai="133" who="2" fromWho="0" sc="214,-10,250,0,250,10,286,0" /><AGARI ba="0,0" hai="90,91,100,101,103" m="12295,21099,45610" machi="90" ten="40,5200,0" yaku="12,1,54,2" doraHai="133" who="3" fromWho="0" sc="204,-52,250,0,260,0,286,52" /><INIT seed="2,0,0,0,3,20" ten="152,250,260,338" oya="2" hai0="93,22,80,82,61,71,26,74,56,62,87,30,83" hai1="115,89,36,134,102,95,73,16,33,38,60,106,44" hai2="39,110,76,42,72,77,15,119,97,32,31,18,127" hai3="68,5,131,23,125,6,29,55,64,47,108,126,129"/><V92/><F119/><W37/><G108/><T65/><D74/><U8/><E115/><V34/><F110/><W104/><G104/><T50/><D50/><U1/><E73/><V19/><F127/><N who="3" m="48651" /><G64/><T21/><D21/><U14/><E134/><V48/><F39/><W10/><G68/><T70/><REACH who="0" step="1"/><D61/><REACH who="0" ten="142,250,260,338" step="2"/><U113/><E60/><V12/><F48/><N who="3" m="29087" /><G37/><T43/><D43/><U13/><E36/><V58/><F42/><W96/><G23/><T130/><D130/><U90/><E38/><V45/><F72/><W11/><G129/><T122/><D122/><U114/><E114/><V111/><F111/><W4/><G131/><T120/><D120/><U49/><E49/><V86/><F34/><W94/><G29/><T78/><D78/><U81/><E33/><V98/><F31/><W121/><G121/><T123/><D123/><U35/><E35/><V46/><F32/><W17/><G11/><T0/><D0/><U52/><E1/><V135/><F76/><W99/><G10/><T101/><D101/><U75/><E75/><V103/><F77/><W105/><G105/><T25/><D25/><U124/><E106/><V133/><F103/><W109/><G109/><T51/><D51/><N who="1" m="28775" /><E124/><V91/><F135/><W112/><G112/><T59/><D59/><U53/><E113/><V2/><F58/><W79/><G79/><T28/><D28/><U100/><E13/><N who="2" m="5195" /><F2/><W132/><G132/><T107/><D107/><U88/><E8/><V128/><F133/><W63/><G63/><T66/><D66/><U9/><E9/><V84/><F128/><W54/><G4/><RYUUKYOKU ba="0,1" sc="142,30,250,-10,260,-10,338,-10" hai0="22,26,30,56,62,65,70,71,80,82,83,87,93" /><INIT seed="3,1,1,1,5,11" ten="172,240,250,328" oya="3" hai0="40,62,33,86,37,126,50,36,96,124,113,7,2" hai1="104,79,93,103,89,116,123,48,109,16,115,41,74" hai2="64,80,121,81,63,4,120,106,82,102,108,78,21" hai3="26,114,66,98,75,71,88,76,97,0,22,51,3"/><W5/><G114/><T46/><D33/><U54/><E115/><V112/><F112/><W65/><G75/><T34/><D34/><U91/><E123/><N who="2" m="47179" /><F108/><W13/><G76/><T59/><D2/><U6/><E109/><V85/><F4/><W1/><G51/><T100/><D7/><U94/><E116/><V53/><F53/><W31/><G71/><T99/><D86/><U127/><E127/><N who="0" m="48681" /><D113/><U55/><E6/><V128/><F128/><W70/><G70/><T27/><D27/><U35/><E35/><V83/><F21/><W47/><G22/><T38/><D96/><N who="1" m="59791" /><E104/><V134/><F134/><W18/><G5/><T28/><D28/><U92/><E74/><N who="2" m="43095" /><F102/><W90/><G0/><T119/><D99/><N who="1" m="57743" /><E79/><N who="2" m="46271" /><F106/><W131/><G1/><T135/><D100/><U43/><E55/><V19/><F19/><W67/><G18/><T129/><D129/><U32/><E32/><V23/><F23/><W42/><G131/><T39/><N who="0" m="9216" /><DORA hai="95" /><T101/><D101/><U20/><E91/><V105/><F105/><W24/><G90/><T60/><D135/><U69/><E94/><V29/><F29/><W73/><G31/><T25/><D25/><N who="1" m="14471" /><E69/><AGARI ba="1,1" hai="63,64,69,82,83" m="46271,43095,47179" machi="69" ten="30,1000,0" yaku="13,1" doraHai="11,95" who="2" fromWho="1" sc="172,0,240,-13,250,23,328,0" owari="172,-32.8,227,-17.3,273,7.3,328,42.8" /></mjloggm>