<mjloggm ver="2.3"><GO type="225" lobby="0"/><UN n0="%E3%81%AF%E3%82%88%E3%81%8A%E3%81%98%E3%81%95%E3%82%93" n1="%E9%80%9F%E6%B0%B4%E5%87%9B%E9%A6%99" n2="%72%65%6E%6B%75%6E" n3="%E5%B8%86%E7%AB%8B%E5%A4%8F%E8%A1%A3" dan="16,16,17,17" rate="2158.44,2175.86,2244.66,2162.88" sx="M,F,M,M"/><TAIKYOKU oya="0"/><INIT seed="0,0,0,5,2,8" ten="250,250,250,250" oya="0" hai0="58,79,41,76,95,60,49,88,52,18,43,115,3" hai1="48,9,107,36,128,12,40,64,66,74,62,35,100" hai2="98,127,57,68,15,22,27,77,25,108,89,30,85" hai3="13,10,26,82,42,121,78,126,92,19,4,116,90"/><T31/><D115/><U99/><E128/><V131/><F68/><W70/><G126/><T55/><D3/><U81/><E35/><V71/><F71/><W124/><G124/><T120/><D120/><U93/><E36/><V80/><F127/><W28/><G116/><T110/><D31/><U44/><E107/><V46/><F131/><W34/><G121/><T106/><D106/><U47/><E47/><V112/><F112/><W96/><G70/><T6/><D6/><U129/><E129/><V24/><F108/><W5/><REACH who="3" step="1"/><G42/><REACH who="3" ten="250,250,250,240" step="2"/><N who="0" m="15883" /><D110/><U75/><E81/><V114/><F114/><W59/><G59/><N who="0" m="33167" /><D18/><U125/><E125/><V113/><F57/><W56/><G56/><T63/><D60/><U133/><E62/><V94/><F46/><W119/><G119/><T102/><D102/><U109/><E109/><V104/><F113/><W117/><G117/><T69/><D69/><U21/><E44/><V45/><F45/><W7/><G7/><T23/><D23/><U123/><E21/><N who="2" m="15631" /><F104/><W101/><G101/><T1/><D1/><U50/><E100/><N who="2" m="60503" /><F77/><W2/><G2/><T16/><D16/><AGARI ba="0,1" hai="15,16,22,25,27,80,85,89" m="60503,15631" machi="16" ten="30,3900,0" yaku="8,1,52,1,54,1" doraHai="8" who="2" fromWho="0" sc="250,-39,250,0,250,49,240,0" /><INIT seed="1,0,0,2,5,122" ten="211,250,299,240" oya="1" hai0="123,80,32,51,106,104,103,102,135,53,105,36,77" hai1="61,84,43,119,85,69,92,63,11,111,70,73,101" hai2="21,50,121,39,93,120,19,62,134,130,17,29,115" hai3="67,58,112,99,47,48,6,117,87,132,25,129,97"/><U52/><E73/><V10/><F39/><W78/><G112/><T74/><D36/><U3/><E119/><V96/><F115/><W5/><G117/><T88/><D32/><U35/><E35/><V14/><F130/><W89/><G132/><T68/><D68/><U24/><E43/><V12/><F134/><W15/><G25/><T76/><D135/><U44/><E24/><V41/><F29/><W42/><G129/><T7/><D7/><N who="3" m="2569" /><G15/><T28/><D28/><U18/><E11/><V79/><F79/><N who="0" m="30282" /><D51/><U125/><E3/><V37/><F37/><W30/><G78/><N who="0" m="44119" /><D53/><U13/><E13/><V94/><F94/><N who="3" m="54591" /><G30/><T82/><D123/><U31/><E31/><V57/><F41/><W16/><G16/><T65/><D65/><U60/><E18/><V81/><F81/><W33/><G33/><T22/><D22/><U46/><E92/><V34/><F34/><W83/><G83/><T20/><D20/><U110/><E101/><N who="2" m="60559" /><F121/><W108/><G108/><N who="1" m="41514" /><E125/><V124/><F124/><W116/><G116/><T45/><D45/><N who="1" m="17515" /><E52/><N who="2" m="34087" /><F120/><W100/><G100/><T107/><N who="0" m="26624" /><DORA hai="56" /><T9/><D9/><U86/><AGARI ba="0,0" hai="60,61,63,69,70,84,85,86" m="17515,41514" machi="86" ten="40,24000,3" yaku="28,2,14,1,10,1,52,6" doraHai="122,56" who="1" fromWho="1" sc="211,-80,250,240,299,-80,240,-80" /><INIT seed="1,1,0,0,2,50" ten="131,490,219,160" oya="1" hai0="39,58,63,3,11,47,105,23,75,121,14,27,55" hai1="104,127,67,97,133,78,98,61,5,46,134,74,1" hai2="106,111,2,66,8,33,101,15,119,128,90,129,44" hai3="21,81,26,135,64,53,34,93,24,4,57,59,16"/><U30/><E127/><V84/><F33/><W17/><G135/><T115/><D115/><U20/><E5/><V82/><F119/><W113/><G113/><T49/><D121/><U32/><E1/><V56/><F2/><W7/><G34/><T86/><D75/><U87/><E32/><V54/><F111/><W130/><G130/><N who="2" m="50281" /><F66/><W83/><G64/><T131/><D131/><U99/><E74/><V76/><F44/><W71/><G71/><T43/><D105/><U77/><E46/><V70/><F70/><W62/><G93/><T60/><D86/><U51/><E87/><V6/><F101/><W107/><G107/><T13/><D3/><U69/><E67/><V9/><F9/><W112/><G112/><T72/><D72/><U19/><E69/><V125/><F106/><W28/><G59/><T100/><D100/><U18/><E104/><V25/><F25/><W88/><G28/><T116/><D116/><U48/><E30/><V36/><F36/><W73/><G73/><T10/><D10/><U96/><E20/><V0/><F0/><W42/><G42/><T40/><D43/><U109/><E109/><V102/><F102/><W103/><G103/><T108/><D108/><U31/><E31/><V68/><F68/><W117/><G117/><T94/><D94/><U45/><E45/><V65/><F65/><W41/><G41/><T91/><D91/><U35/><E134/><V95/><F125/><W123/><G123/><T132/><D132/><U124/><E133/><V85/><F56/><W120/><G120/><T92/><D39/><U38/><E38/><RYUUKYOKU ba="1,0" sc="131,-10,490,-10,219,30,160,-10" hai2="6,8,15,54,76,82,84,85,90,95" /><INIT seed="2,2,0,3,0,82" ten="121,480,249,150" oya="2" hai0="96,77,28,70,21,86,130,123,62,32,43,57,40" hai1="51,41,17,127,90,64,30,129,23,34,88,89,79" hai2="13,19,4,9,132,36,26,6,48,117,73,8,50" hai3="55,29,125,27,91,124,76,37,120,1,16,133,45"/><V5/><F36/><W61/><G120/><T11/><D123/><U100/><E129/><V85/><F73/><W97/><G1/><T59/><D32/><U10/><E127/><N who="3" m="48714" /><G133/><T31/><D70/><U84/><E100/><V94/><F117/><W42/><G76/><T18/><D130/><U92/><E64/><V63/><F132/><W126/><N who="3" m="48722" /><W66/><DORA hai="134" /><G55/><N who="0" m="34111" /><D96/><U75/><E75/><V107/><F107/><W128/><G128/><T68/><D68/><U78/><E78/><V103/><F103/><W46/><G46/><T38/><D38/><U53/><E41/><N who="0" m="15945" /><D11/><U109/><E10/><V106/><F106/><W56/><G29/><N who="0" m="11339" /><D59/><U131/><E131/><V102/><F102/><W80/><G97/><T47/><D47/><U54/><E30/><V98/><F98/><W108/><G108/><T104/><D104/><U119/><E53/><V87/><F5/><W114/><G114/><T110/><D110/><U112/><E112/><V39/><F4/><W67/><G67/><T135/><D135/><U111/><E111/><V7/><F6/><W116/><G116/><T15/><D77/><U93/><E79/><V83/><F7/><W65/><G65/><T95/><D95/><U24/><E93/><V99/><F99/><W22/><G80/><T118/><D118/><U105/><E119/><V115/><F83/><W101/><G101/><T74/><D74/><U3/><E109/><V33/><F115/><W122/><G122/><T20/><D86/><U0/><E105/><V25/><F87/><W72/><G72/><T81/><D81/><U49/><E0/><RYUUKYOKU ba="2,0" sc="121,15,480,-15,249,-15,150,15" hai0="15,18,20,21" hai3="16,22,27,37,42,45,56,61,66,91" /><INIT seed="3,3,0,3,0,24" ten="136,465,234,165" oya="3" hai0="95,70,135,62,115,82,98,130,120,25,20,79,61" hai1="32,9,93,65,111,58,125,76,78,49,113,3,46" hai2="64,35,107,38,17,23,132,128,8,81,92,12,131" hai3="53,2,48,122,1,96,123,16,74,60,30,63,10"/><W116/><G74/><T39/><D120/><U134/><E32/><V47/><F107/><W7/><G116/><T26/><D39/><U51/><E111/><V27/><F132/><W6/><G122/><T28/><D135/><U121/><E121/><V75/><F64/><W31/><G123/><T14/><D70/><U19/><E134/><V127/><F35/><W11/><G16/><N who="0" m="10263" /><D130/><N who="2" m="49706" /><F92/><W124/><G124/><T55/><D115/><U66/><E125/><V42/><F127/><W84/><G84/><N who="0" m="48223" /><D55/><U69/><E49/><V68/><F68/><W5/><G5/><T56/><D28/><U105/><E105/><V33/><F33/><W88/><G63/><N who="0" m="24075" /><D56/><U41/><E93/><V59/><F59/><W110/><G60/><T129/><D129/><U21/><E58/><V109/><F109/><W99/><G110/><T71/><D71/><U15/><E113/><V106/><F106/><W118/><G118/><T45/><D45/><U73/><E73/><V112/><F112/><W90/><G53/><T119/><D119/><U22/><E69/><V13/><F8/><W102/><G48/><T37/><D37/><U77/><E3/><V86/><F75/><W50/><G50/><T29/><D29/><U57/><E57/><V4/><F4/><W91/><REACH who="3" step="1"/><G96/><REACH who="3" ten="136,465,234,155" step="2"/><T80/><D80/><U72/><E72/><V126/><F126/><W67/><G67/><AGARI ba="3,1" hai="9,15,19,21,22,41,46,51,65,66,67,76,77,78" machi="67" ten="40,1300,0" yaku="8,1" doraHai="24" who="1" fromWho="3" sc="136,0,465,32,234,0,155,-22" owari="136,-26.4,497,59.7,234,3.4,133,-36.7" /></mjloggm>