<mjloggm ver="2.3"><GO type="225" lobby="0"/><UN n0="%E3%82%B2%E3%82%B9%E8%8C%82%E5%8B%9D" n1="%E3%83%81%E3%83%AF%E3%83%AF%E9%9A%8A%E9%95%B7" n2="%E6%81%A5%E6%99%92%E3%81%97" n3="%E3%83%B4%E3%83%A0%EF%BC%99%E3%81%A6" dan="16,16,16,16" rate="2114.56,2106.17,2177.81,2119.68" sx="F,M,M,M"/><TAIKYOKU oya="0"/><INIT seed="0,0,0,1,2,15" ten="250,250,250,250" oya="0" hai0="56,57,17,93,18,46,31,128,116,70,49,79,60" hai1="51,86,28,130,82,25,38,133,4,71,91,113,89" hai2="110,112,19,68,5,37,90,92,0,117,129,8,84" hai3="94,20,77,134,13,14,121,88,2,24,16,34,7"/><T72/><D128/><U64/><E38/><V26/><F112/><W65/><G77/><T59/><D116/><U12/><E113/><V106/><F129/><W76/><G76/><T32/><D93/><U29/><E130/><V61/><F117/><W1/><G134/><T108/><D108/><U135/><E89/><V67/><F110/><W11/><G121/><T21/><D32/><U98/><E98/><V47/><F106/><W131/><G131/><T48/><D48/><U104/><E104/><V85/><F85/><W132/><G65/><T80/><D70/><U43/><E71/><V123/><F123/><W102/><G102/><T103/><D103/><U119/><E64/><V54/><F54/><W126/><G132/><N who="1" m="50762" /><E119/><V27/><REACH who="2" step="1"/><F19/><REACH who="2" ten="250,250,240,250" step="2"/><N who="0" m="7178" /><D72/><U74/><E74/><V63/><F63/><W66/><G66/><N who="0" m="39175" /><D79/><U55/><E86/><V53/><F53/><W97/><REACH who="3" step="1"/><G126/><REACH who="3" ten="250,250,240,240" step="2"/><T124/><D124/><U100/><E100/><V44/><F44/><W81/><G81/><T45/><D80/><U95/><E82/><V3/><F3/><W125/><G125/><T96/><D96/><U69/><E95/><V62/><F62/><W10/><G10/><T111/><D111/><U50/><E91/><V73/><F73/><W105/><G105/><T23/><D45/><U33/><E69/><V83/><F83/><W115/><G115/><T109/><D109/><U9/><E9/><V52/><F52/><W58/><G58/><N who="0" m="22027" /><D31/><AGARI ba="0,2" hai="1,2,7,11,13,14,16,20,24,31,34,88,94,97" machi="31" ten="40,8000,1" yaku="1,1,52,1,54,2,53,1" doraHai="15" doraHaiUra="30" who="3" fromWho="0" sc="250,-80,250,0,240,0,240,100" /><INIT seed="1,0,0,5,2,131" ten="170,250,240,340" oya="1" hai0="28,9,17,44,12,116,8,22,113,76,98,50,102" hai1="86,45,96,87,41,119,63,25,43,16,78,37,110" hai2="114,15,111,107,83,51,60,52,121,124,38,122,97" hai3="35,88,134,105,30,127,126,91,19,112,68,129,10"/><U70/><E119/><V36/><F111/><W24/><G112/><T79/><D113/><U103/><E110/><V64/><F114/><W13/><G129/><T74/><D116/><U123/><E123/><N who="2" m="47115" /><F15/><W133/><G105/><T101/><D101/><U53/><E43/><V6/><F6/><W104/><G104/><T99/><D99/><U27/><E78/><V7/><F7/><W85/><G68/><T120/><D120/><U80/><E80/><V14/><F14/><W75/><G75/><T72/><D74/><U58/><E70/><N who="2" m="42247" /><F83/><N who="3" m="49215" /><G91/><T82/><D76/><U4/><E4/><V1/><F97/><W23/><G10/><T18/><D28/><U135/><E27/><V26/><F26/><W55/><G55/><T2/><D2/><U117/><E117/><V40/><F107/><W54/><G54/><T48/><D44/><U0/><E0/><V5/><F5/><W46/><G46/><T81/><D8/><U47/><E86/><V61/><F1/><W108/><G108/><T42/><D42/><U118/><E87/><V93/><F93/><W56/><G56/><T71/><D82/><U59/><E118/><V132/><F40/><W128/><G128/><T109/><D109/><U89/><E41/><V90/><F90/><W66/><G66/><T95/><REACH who="0" step="1"/><D71/><REACH who="0" ten="160,250,240,340" step="2"/><U62/><E103/><V33/><F38/><W39/><G39/><T49/><D49/><U73/><E37/><V69/><F36/><W3/><G3/><T125/><D125/><AGARI ba="0,1" hai="13,19,23,24,30,35,125,126,127,133,134" m="49215" machi="125" ten="30,7700,0" yaku="18,1,52,2,54,1" doraHai="131" who="3" fromWho="0" sc="160,-77,250,0,240,0,340,87" /><INIT seed="2,0,0,0,3,26" ten="83,250,240,427" oya="2" hai0="13,1,95,21,74,55,17,100,40,76,116,52,120" hai1="23,56,131,117,48,135,113,22,45,107,4,96,29" hai2="93,64,73,37,124,10,104,92,98,53,33,35,114" hai3="47,127,122,77,16,41,5,30,109,9,118,126,19"/><V8/><F114/><W12/><G118/><T129/><D120/><U71/><E113/><V81/><F37/><W112/><G112/><T88/><D129/><U11/><E71/><V7/><F124/><N who="3" m="47659" /><G109/><T66/><D116/><U123/><E117/><V105/><F64/><W133/><G133/><T75/><D1/><U80/><E135/><V125/><F125/><W94/><G122/><T99/><D66/><U115/><E115/><V25/><F53/><W91/><G30/><T34/><D34/><U67/><E123/><V63/><F63/><W101/><G101/><T2/><D2/><U78/><E131/><V42/><F42/><W54/><G77/><T87/><D40/><U82/><E82/><V130/><F130/><W32/><G32/><T38/><D38/><U102/><E29/><N who="2" m="19631" /><F35/><W46/><G54/><T86/><D86/><U83/><E83/><V39/><F93/><W18/><G41/><T84/><D84/><AGARI ba="0,0" hai="5,9,12,16,18,19,46,47,84,91,94" m="47659" machi="84" ten="30,2000,0" yaku="18,1,54,1" doraHai="26" who="3" fromWho="0" sc="83,-20,250,0,240,0,427,20" /><INIT seed="3,0,0,5,5,47" ten="63,250,240,447" oya="3" hai0="44,85,122,51,86,97,21,27,6,130,135,108,71" hai1="48,65,28,90,56,99,69,61,91,93,42,55,26" hai2="128,34,63,120,131,0,77,10,31,100,110,49,134" hai3="94,43,54,4,83,62,118,80,66,79,40,22,82"/><W107/><G107/><T117/><D117/><U64/><E64/><V112/><F112/><W19/><G79/><T1/><D71/><U8/><E8/><V23/><F110/><W12/><G118/><T45/><D108/><U121/><E121/><V33/><F120/><W24/><G54/><T109/><D109/><U73/><E73/><V132/><F100/><W104/><G104/><T92/><D122/><U32/><E42/><V115/><F115/><W96/><G4/><T114/><D114/><U106/><E106/><V113/><F49/><W7/><G7/><T15/><D1/><U52/><E55/><V88/><F113/><W50/><G50/><T70/><D70/><U129/><E129/><N who="2" m="49739" /><F77/><W124/><G12/><T25/><D130/><U2/><E2/><V74/><F74/><W13/><G13/><T95/><D135/><N who="2" m="51754" /><F88/><AGARI ba="0,0" hai="26,28,32,48,52,56,61,65,69,88,90,91,93,99" machi="88" ten="30,7700,0" yaku="7,1,52,1,54,2" doraHai="47" who="1" fromWho="2" sc="63,0,250,77,240,-77,447,0" owari="63,-43.7,327,12.7,163,-23.7,447,54.7" /></mjloggm>