<mjloggm ver="2.3"><GO type="225" lobby="0"/><UN n0="%E8%81%B7%E6%A5%AD%E3%80%81%E9%A2%A8%32" n1="%E6%97%A5%E6%9B%9C%E6%97%A5%E3%82%88%E3%82%8A%E3%81%AE%E4%BD%BF%E8%80%85" n2="%72%61%6B%33" n3="%41%54%53%4D" dan="16,17,16,16" rate="2089.69,2161.68,2213.63,2087.00" sx="M,M,M,M"/><TAIKYOKU oya="0"/><INIT seed="0,0,0,4,1,79" ten="250,250,250,250" oya="0" hai0="125,8,113,20,14,40,129,32,128,22,48,37,107" hai1="43,1,112,13,109,115,88,19,85,92,16,56,11" hai2="9,50,118,52,33,122,82,39,72,58,36,106,71" hai3="90,28,117,89,12,26,64,54,55,10,133,130,99"/><T38/><D107/><U102/><E1/><V2/><F122/><W78/><G130/><N who="0" m="50283" /><D113/><N who="1" m="43595" /><E109/><V98/><F33/><W23/><G133/><T49/><D32/><U70/><E70/><V69/><F118/><W18/><G117/><T25/><D125/><U131/><E131/><V119/><F119/><W87/><G64/><T74/><D74/><U51/><E102/><V114/><F114/><W60/><G99/><T68/><D68/><U30/><E30/><V105/><F71/><W0/><G0/><T63/><D63/><U86/><E86/><V7/><F69/><W24/><G60/><T6/><D22/><U97/><E97/><V5/><F5/><W126/><G126/><T67/><D67/><U46/><E56/><V120/><F120/><W103/><G103/><T42/><D40/><U100/><E100/><V83/><F98/><W127/><G127/><T108/><D108/><U76/><E76/><V66/><F66/><W59/><G59/><T124/><D124/><U116/><E116/><V57/><F58/><W73/><G73/><T80/><D80/><U3/><E3/><V15/><F2/><W84/><G78/><T111/><D111/><U61/><E61/><V65/><F65/><W93/><G26/><T104/><D104/><N who="2" m="40042" /><F72/><W94/><AGARI ba="0,0" hai="10,12,18,23,24,28,54,55,84,87,89,90,93,94" machi="94" ten="20,5200,0" yaku="0,1,7,1,9,1,8,1" doraHai="79" who="3" fromWho="3" sc="250,-26,250,-13,250,-13,250,52" /><INIT seed="1,0,0,1,4,99" ten="224,237,237,302" oya="1" hai0="31,133,26,113,105,78,14,24,56,117,43,111,40" hai1="107,94,46,72,41,50,29,87,74,12,101,126,128" hai2="89,39,55,79,38,45,67,92,59,5,27,122,83" hai3="30,19,60,115,91,64,77,116,37,108,51,65,80"/><U90/><E126/><V130/><F130/><W62/><G37/><T52/><D105/><U70/><E70/><V17/><F122/><W98/><G115/><T66/><D113/><U32/><E128/><V54/><F5/><W2/><G2/><T102/><D117/><U36/><E12/><V112/><F112/><W121/><G121/><T69/><D111/><U76/><E76/><V15/><F67/><W68/><G30/><T4/><D133/><U100/><E36/><V75/><F27/><N who="0" m="10282" /><D69/><U93/><E107/><V63/><F54/><W123/><G123/><T35/><D35/><U134/><E134/><V120/><F45/><W103/><G91/><T13/><D31/><U9/><E9/><V119/><F119/><W135/><G135/><T3/><D3/><U11/><E29/><V49/><F63/><W47/><G19/><T85/><D66/><U71/><E71/><V21/><REACH who="2" step="1"/><F120/><REACH who="2" ten="224,237,227,302" step="2"/><W7/><G7/><T33/><D4/><U118/><E118/><V57/><F57/><W81/><G116/><T18/><D52/><U84/><E32/><V16/><F16/><W88/><G68/><T20/><D56/><U110/><E110/><V28/><F28/><W42/><G108/><T124/><D33/><U96/><E46/><V58/><F58/><W132/><G132/><T95/><D124/><U129/><E129/><V127/><F127/><W48/><G65/><T34/><D34/><U25/><E25/><V53/><F53/><W23/><G64/><T73/><D18/><U86/><E41/><V6/><F6/><W0/><G42/><T125/><D125/><RYUUKYOKU ba="0,1" sc="224,-10,237,-10,227,30,302,-10" hai2="15,17,21,38,39,49,55,59,75,79,83,89,92" /><INIT seed="2,1,1,4,5,131" ten="214,227,257,292" oya="2" hai0="42,110,80,109,9,6,135,2,124,10,103,25,54" hai1="120,75,130,117,38,23,5,58,78,24,65,59,127" hai2="89,105,128,86,70,37,91,0,113,71,69,60,19" hai3="50,73,112,36,95,134,102,55,64,132,18,119,11"/><V87/><F113/><W46/><G119/><T66/><D124/><U33/><E117/><V108/><F128/><W92/><G73/><T20/><D135/><N who="3" m="51753" /><G112/><T122/><D122/><U115/><E115/><V53/><F105/><W90/><G36/><T97/><D66/><U111/><E130/><V43/><F0/><W57/><G102/><T88/><D42/><U4/><E38/><V63/><F108/><N who="0" m="41578" /><D54/><U8/><E33/><V126/><F126/><W13/><G90/><T28/><D10/><U118/><E118/><V82/><F19/><W100/><G100/><T74/><D74/><U133/><E75/><V79/><F79/><W106/><G106/><N who="0" m="63855" /><D80/><U77/><E133/><V76/><F76/><W14/><G14/><T121/><D121/><U3/><E120/><V1/><F1/><W104/><G104/><T83/><D83/><U45/><E127/><V67/><F91/><AGARI ba="1,1" hai="2,6,9,20,25,28,88,91" m="63855,41578" machi="91" ten="30,2000,0" yaku="14,1,54,1" doraHai="131" who="0" fromWho="2" sc="214,33,227,0,257,-23,292,0" /><INIT seed="3,0,0,3,0,134" ten="247,227,234,292" oya="3" hai0="86,47,88,124,125,21,39,35,95,114,79,26,108" hai1="82,19,2,89,36,3,69,56,6,31,24,28,30" hai2="22,118,60,45,8,98,77,67,103,115,122,127,85" hai3="64,34,91,49,78,43,104,48,133,84,72,62,15"/><W94/><G34/><T41/><D108/><U16/><E69/><V101/><F115/><W13/><G104/><T116/><D35/><N who="1" m="20871" /><E56/><V54/><F118/><W66/><G72/><T23/><D116/><U105/><E89/><V74/><F74/><W51/><G133/><T130/><D114/><U109/><E82/><V52/><F122/><W42/><G78/><T102/><D130/><U119/><E105/><V97/><F8/><W81/><G94/><T40/><D40/><N who="3" m="15401" /><G62/><T25/><D102/><U44/><E44/><V61/><F45/><W135/><G135/><T68/><D68/><U29/><E36/><V111/><F111/><W11/><G13/><T87/><D87/><U131/><E119/><V10/><F85/><W107/><G107/><T128/><D128/><U129/><E109/><V18/><F77/><W90/><G90/><T99/><D86/><U110/><E110/><V7/><F103/><W46/><G46/><T112/><D79/><U120/><E120/><V70/><F61/><W96/><G96/><T12/><D112/><U80/><E80/><V126/><F98/><W59/><G59/><T38/><D38/><U76/><E76/><V14/><F54/><W73/><G73/><T75/><D75/><U9/><E3/><V65/><F52/><W50/><G50/><T55/><D55/><U17/><AGARI ba="0,0" hai="2,6,9,16,17,19,29,30,31,129,131" m="20871" machi="17" ten="40,5200,0" yaku="34,2,54,1" doraHai="134" who="1" fromWho="1" sc="247,-13,227,52,234,-13,292,-26" /><INIT seed="4,0,0,3,2,35" ten="234,279,221,266" oya="0" hai0="111,89,126,57,20,21,103,116,76,42,84,131,56" hai1="104,25,99,83,95,108,19,11,43,22,105,125,33" hai2="3,79,81,24,28,54,63,50,97,64,71,12,113" hai3="70,98,55,133,38,15,61,46,93,120,87,6,92"/><T128/><D116/><U16/><E33/><V80/><F113/><W26/><G133/><T82/><D126/><U9/><E108/><V77/><F12/><W115/><G115/><T1/><D111/><U52/><E43/><V58/><F3/><W48/><G38/><T114/><D1/><U122/><E122/><V86/><F97/><W69/><G69/><T107/><D114/><U27/><E83/><V0/><F0/><W59/><G70/><T37/><D42/><U66/><E66/><V34/><REACH who="2" step="1"/><F81/><REACH who="2" ten="234,279,211,266" step="2"/><W65/><G15/><T32/><D107/><U17/><E105/><V8/><F8/><W134/><G98/><T90/><D103/><U2/><E104/><V101/><F101/><W67/><G6/><T53/><D32/><U94/><E99/><V7/><F7/><W109/><G109/><T45/><D21/><U118/><E22/><V75/><F75/><W44/><G93/><T62/><D20/><U60/><E2/><V41/><F41/><W132/><G92/><N who="1" m="35370" /><E125/><V78/><AGARI ba="0,1" hai="24,28,34,50,54,58,63,64,71,77,78,79,80,86" machi="78" ten="20,5200,0" yaku="1,1,0,1,7,1,53,1" doraHai="35" doraHaiUra="31" who="2" fromWho="2" sc="234,-26,279,-13,211,62,266,-13" /><INIT seed="5,0,0,1,0,86" ten="208,266,273,253" oya="1" hai0="73,120,114,40,75,117,59,92,33,121,49,90,38" hai1="116,62,42,58,98,29,44,35,122,24,83,79,134" hai2="34,41,130,13,61,104,12,66,6,54,118,74,46" hai3="100,19,97,106,84,39,103,52,85,71,20,36,124"/><U45/><E116/><V81/><F118/><W72/><G72/><T11/><D33/><U17/><E122/><N who="0" m="47209" /><D117/><U125/><E125/><V25/><F130/><W21/><G71/><T30/><D30/><U132/><E17/><V50/><F104/><W28/><G124/><T14/><D38/><U26/><E26/><V123/><F123/><W53/><G28/><T18/><D114/><U107/><E107/><V56/><F6/><W135/><G106/><T67/><D67/><U10/><E10/><V115/><F115/><W69/><G69/><T89/><D40/><U47/><E42/><V70/><F74/><N who="0" m="28170" /><D92/><U51/><E51/><V128/><F128/><W64/><G64/><T76/><D76/><U112/><E112/><V96/><F34/><W87/><G19/><T16/><D18/><U93/><E79/><V8/><F41/><W131/><G131/><T23/><D23/><N who="3" m="8777" /><G39/><T102/><D102/><N who="3" m="38953" /><G36/><T1/><D1/><U2/><E2/><V3/><F3/><W15/><G15/><T32/><D32/><U77/><E35/><V48/><F12/><W105/><G53/><AGARI ba="0,0" hai="11,14,16,49,53,59,89,90" m="28170,47209" machi="53" ten="30,7700,0" yaku="13,1,52,2,54,1" doraHai="86" who="0" fromWho="3" sc="208,77,266,0,273,0,253,-77" /><INIT seed="6,0,0,0,5,19" ten="285,266,273,176" oya="2" hai0="55,12,75,130,22,26,25,82,106,53,110,85,62" hai1="92,68,11,73,67,56,2,131,8,115,59,105,10" hai2="113,33,126,93,0,16,129,134,3,99,43,45,127" hai3="122,52,87,91,117,88,107,30,5,69,21,72,86"/><V119/><F119/><W74/><G69/><T35/><D106/><U78/><E105/><V7/><F33/><W95/><G107/><T77/><D110/><U13/><E2/><V61/><F61/><W48/><G117/><T79/><D130/><U76/><E73/><V28/><F28/><W15/><G122/><T108/><D108/><U57/><E131/><V32/><F32/><W112/><G112/><T17/><D35/><U42/><E115/><V38/><F129/><W47/><G5/><T133/><D133/><U29/><E29/><V90/><F113/><W58/><G47/><T31/><D75/><U71/><E42/><V97/><F134/><W125/><G125/><N who="2" m="47625" /><F7/><W54/><G54/><N who="0" m="20491" /><D62/><U65/><E92/><N who="2" m="56471" /><F16/><N who="3" m="10399" /><G30/><T128/><D128/><U1/><E1/><V64/><F64/><N who="1" m="24649" /><E13/><V24/><F24/><N who="0" m="9322" /><D31/><U121/><E121/><V27/><F27/><W135/><G135/><T51/><D51/><U81/><E81/><AGARI ba="0,0" hai="48,52,58,72,74,81,86,87,88,91,95" m="10399" machi="81" ten="30,8000,1" yaku="25,1,52,1,54,3" doraHai="19" who="3" fromWho="1" sc="285,0,266,-80,273,0,176,80" /><INIT seed="7,0,0,3,0,16" ten="285,186,273,256" oya="3" hai0="115,86,60,98,114,11,99,129,47,108,78,72,84" hai1="46,85,5,12,83,121,97,117,48,92,102,81,109" hai2="77,68,51,133,28,38,88,40,62,122,0,71,14" hai3="9,43,103,53,15,76,125,63,82,73,2,64,57"/><W134/><G2/><T34/><D108/><U91/><E109/><V66/><F0/><W61/><G134/><T67/><D34/><U31/><E121/><V10/><F133/><W132/><G132/><T24/><D24/><U87/><E117/><V56/><F122/><W29/><G125/><T74/><D129/><U26/><E12/><V116/><F116/><W44/><G103/><T69/><D47/><U7/><E31/><V104/><F104/><W89/><G89/><T33/><D33/><U119/><E26/><V50/><F77/><W127/><G29/><T25/><D25/><U17/><E17/><V19/><F38/><W30/><G30/><T95/><D11/><U126/><E126/><V20/><F40/><W1/><G127/><T45/><D45/><U55/><REACH who="1" step="1"/><E119/><REACH who="1" ten="285,176,273,256" step="2"/><V130/><F28/><W70/><G1/><T21/><D115/><U111/><E111/><V41/><F14/><W93/><G15/><T107/><D114/><U42/><E42/><V27/><F41/><W13/><G13/><T32/><D32/><U37/><E37/><V54/><F10/><W135/><G135/><T6/><D6/><U101/><E101/><V3/><F3/><W128/><G9/><T118/><D118/><U110/><E110/><V112/><F112/><W22/><G43/><T23/><D107/><U75/><E75/><V39/><F39/><W58/><G73/><T123/><D74/><U49/><E49/><V106/><F106/><W65/><G128/><T18/><D72/><U35/><E35/><V80/><F130/><W36/><G36/><T8/><D123/><RYUUKYOKU ba="0,1" sc="285,-10,176,30,273,-10,256,-10" hai1="5,7,46,48,55,81,83,85,87,91,92,97,102" owari="285,38.5,206,-29.4,263,6.3,246,-15.4" /></mjloggm>