<mjloggm ver="2.3"><GO type="225" lobby="0"/><UN n0="%E3%81%9F%E3%81%A3%E3%81%A1%E3%82%87" n1="%E5%AF%82%E5%AF%9E%E3%82%AE%E3%83%8D%E3%82%B9%E3%83%93%E3%83%BC%E3%83%AB" n2="%E6%A0%B9%E5%85%83%E3%81%8B%E3%82%89%E5%90%B9%E3%81%A3%E9%A3%9B%E3%81%B6" n3="%E6%A1%9C%E8%8A%B1%E9%96%83%E3%80%85" dan="16,16,17,18" rate="2081.47,2158.50,2196.55,2193.28" sx="M,M,F,M"/><TAIKYOKU oya="0"/><INIT seed="0,0,0,1,1,4" ten="250,250,250,250" oya="0" hai0="112,26,77,83,84,59,87,33,10,55,88,133,125" hai1="39,131,63,18,52,22,0,127,40,120,9,97,58" hai2="69,11,17,24,122,42,25,3,86,64,74,46,6" hai3="109,90,2,106,35,100,115,70,79,50,43,81,19"/><T68/><D112/><U72/><E120/><V102/><F122/><W123/><G123/><T103/><D68/><U49/><E72/><V129/><F74/><W67/><G35/><T96/><D125/><U56/><E127/><V85/><F129/><W45/><G2/><T28/><D133/><U132/><E132/><V121/><F121/><W60/><G115/><T41/><D41/><U38/><E131/><V119/><F119/><W51/><G109/><T128/><D128/><U111/><E111/><V89/><F102/><W47/><G90/><T62/><D10/><U93/><E0/><V99/><F64/><W15/><G100/><T107/><REACH who="0" step="1"/><D87/><REACH who="0" ten="240,250,250,250" step="2"/><U116/><E9/><V21/><F69/><W108/><G108/><T16/><D16/><U54/><E40/><V71/><F71/><W114/><G114/><T135/><D135/><U78/><E116/><V48/><F86/><W76/><G43/><T20/><D20/><U75/><E75/><V32/><F85/><W14/><G19/><T124/><D124/><U105/><E78/><AGARI ba="0,1" hai="26,28,33,55,59,62,77,78,83,84,88,96,103,107" machi="78" ten="40,3900,0" yaku="1,1,54,1,53,0" doraHai="4" doraHaiUra="126" who="0" fromWho="1" sc="240,49,250,-39,250,0,250,0" /><INIT seed="0,1,0,0,5,52" ten="289,211,250,250" oya="0" hai0="61,123,84,76,124,98,37,1,32,96,113,87,71" hai1="67,106,21,47,107,9,38,105,65,97,24,8,102" hai2="101,33,111,45,43,68,81,7,130,53,89,39,48" hai3="12,75,69,117,112,95,28,83,63,44,135,27,110"/><T13/><D113/><U29/><E38/><V62/><F111/><W114/><G117/><T56/><D123/><U109/><E109/><V57/><F130/><W82/><G110/><T46/><D1/><U74/><E74/><V127/><F127/><W93/><G83/><N who="0" m="47207" /><D32/><U90/><E90/><V16/><F33/><W66/><G135/><T15/><D71/><U92/><REACH who="1" step="1"/><E47/><REACH who="1" ten="289,201,250,250" step="2"/><V35/><F89/><W36/><G75/><T25/><D37/><U20/><E20/><V94/><F35/><W50/><G36/><T73/><D46/><U14/><E14/><V134/><F39/><W126/><G12/><N who="0" m="4683" /><D73/><U4/><E4/><V58/><F7/><W121/><G112/><T78/><D124/><U31/><E31/><V116/><F45/><W34/><G114/><T6/><D25/><U122/><E122/><V129/><F134/><W51/><G126/><T72/><D72/><U108/><E108/><V17/><F116/><W59/><G121/><T119/><D6/><U132/><E132/><V79/><F17/><W26/><G26/><T91/><D119/><U88/><E88/><V23/><F16/><W55/><REACH who="3" step="1"/><G82/><REACH who="3" ten="289,201,250,240" step="2"/><N who="0" m="49655" /><D78/><U3/><E3/><V30/><F79/><W128/><G128/><T104/><D104/><U10/><AGARI ba="1,2" hai="8,9,10,21,24,29,65,67,92,97,102,105,106,107" machi="10" ten="40,2700,0" yaku="1,1,0,1,53,0" doraHai="52" doraHaiUra="120" who="1" fromWho="1" sc="289,-14,201,50,250,-8,240,-8" /><INIT seed="1,0,0,3,0,6" ten="275,251,242,232" oya="1" hai0="125,74,75,38,111,1,117,39,101,18,14,89,69" hai1="26,130,121,52,116,135,85,28,44,133,131,57,63" hai2="0,55,51,71,35,29,67,88,128,58,118,106,115" hai3="22,84,87,33,123,77,86,102,27,41,48,90,60"/><U9/><E121/><V79/><F118/><W132/><G123/><T45/><D117/><U7/><E116/><V30/><F128/><N who="1" m="49193" /><E85/><V53/><F0/><W100/><G33/><T98/><D1/><N who="1" m="239" /><E44/><V120/><F106/><W56/><G132/><T80/><D69/><U73/><E73/><V99/><F115/><W103/><G77/><T112/><D112/><U92/><E92/><N who="2" m="56711" /><F71/><W37/><G86/><T2/><D125/><U34/><AGARI ba="0,0" hai="26,28,34,52,57,63,133,135" m="239,49193" machi="34" ten="30,6000,0" yaku="19,1,52,1,54,1" doraHai="6" who="1" fromWho="1" sc="275,-20,251,60,242,-20,232,-20" /><INIT seed="1,1,0,5,5,48" ten="255,311,222,212" oya="1" hai0="74,125,18,120,108,19,76,10,45,51,103,22,33" hai1="124,66,57,70,80,40,131,83,114,15,128,7,14" hai2="30,53,12,95,16,56,11,90,17,21,69,91,31" hai3="8,87,132,82,127,52,77,73,6,34,23,116,104"/><U29/><E114/><V42/><F69/><W26/><G127/><T64/><D125/><U58/><E124/><V111/><F111/><W1/><G132/><T109/><D33/><U13/><E7/><V54/><F42/><W117/><G34/><T110/><D103/><U0/><E0/><V5/><F91/><W113/><G104/><T9/><D64/><U123/><E29/><V28/><F56/><N who="1" m="21609" /><E40/><V105/><F105/><W101/><G101/><T71/><D71/><U86/><E86/><N who="2" m="52695" /><F5/><W122/><G122/><T61/><D61/><N who="1" m="40271" /><E123/><V37/><F37/><W59/><G73/><T67/><D120/><U92/><E92/><V97/><F97/><W2/><G113/><T129/><D67/><U44/><E44/><V126/><F126/><W93/><G93/><T85/><D74/><U50/><E50/><V43/><F43/><W121/><G121/><T94/><D18/><U134/><E134/><V98/><F98/><W39/><G39/><T47/><D94/><U38/><E38/><V78/><F78/><W49/><REACH who="3" step="1"/><G2/><REACH who="3" ten="255,311,222,202" step="2"/><T96/><D108/><U32/><E32/><V89/><F89/><W75/><G75/><T118/><D109/><U79/><E83/><V60/><F60/><W55/><G55/><N who="0" m="30191" /><D110/><U35/><E35/><V72/><F72/><W4/><G4/><T46/><D96/><U27/><E80/><V65/><F65/><W133/><G133/><T119/><D85/><U84/><E84/><V130/><F130/><W107/><G107/><T106/><D129/><U68/><E128/><V20/><F20/><W62/><G62/><T88/><D106/><RYUUKYOKU ba="1,1" sc="255,-15,311,-15,222,15,202,15" hai2="11,12,16,17,21,28,30,31,53,54" hai3="1,6,8,23,26,49,52,59,77,82,87,116,117" /><INIT seed="2,2,1,4,4,104" ten="240,296,237,217" oya="2" hai0="77,84,45,128,43,62,91,87,42,123,97,7,24" hai1="15,93,64,48,25,76,2,11,70,4,120,68,50" hai2="9,30,44,111,40,55,21,6,135,133,94,1,65" hai3="112,16,82,89,129,51,0,119,92,121,81,118,35"/><V38/><BYE who="1" /><F65/><W86/><G121/><T60/><D123/><UN n1="%E5%AF%82%E5%AF%9E%E3%82%AE%E3%83%8D%E3%82%B9%E3%83%93%E3%83%BC%E3%83%AB" /><U73/><E120/><V47/><F111/><W115/><G0/><T53/><D128/><U78/><E2/><V20/><F30/><W101/><G35/><T59/><D7/><U8/><E25/><V116/><F116/><N who="3" m="44587" /><G51/><N who="0" m="28911" /><D24/><U28/><E28/><V17/><F94/><N who="3" m="54583" /><G16/><T114/><D97/><U98/><E11/><V72/><F55/><W107/><G107/><T66/><D62/><U56/><E68/><V96/><F47/><W130/><G92/><N who="0" m="54375" /><D114/><N who="3" m="43561" /><G101/><T132/><D132/><U36/><E70/><V124/><F135/><W31/><G31/><T113/><D113/><U80/><E36/><V134/><F9/><W23/><G23/><T125/><D125/><U14/><E4/><V103/><F40/><W46/><G46/><T105/><D105/><U108/><E8/><V90/><F103/><W100/><G100/><T74/><D74/><U29/><E73/><V18/><F72/><W52/><G130/><T34/><D34/><U61/><E29/><V19/><F134/><W57/><G129/><T75/><D75/><U10/><E10/><N who="2" m="2383" /><F133/><W126/><G126/><T71/><D71/><U32/><E32/><V69/><F69/><W99/><G99/><T95/><D95/><U88/><E98/><V106/><F124/><W63/><AGARI ba="2,1" hai="52,57,63,81,82" m="43561,54583,44587" machi="63" ten="30,2000,0" yaku="11,1,54,1" doraHai="104" who="3" fromWho="3" sc="240,-7,296,-7,237,-12,217,36" /><INIT seed="3,0,0,3,5,72" ten="233,289,225,253" oya="3" hai0="99,66,65,32,21,43,7,96,80,64,70,0,22" hai1="19,60,115,33,106,17,15,45,68,74,103,54,90" hai2="89,132,122,51,1,41,125,10,37,130,79,48,123" hai3="135,55,84,133,18,2,27,97,24,127,62,94,40"/><W87/><G2/><T131/><D32/><U63/><E115/><V25/><F125/><W100/><G40/><T47/><D70/><U102/><E33/><V111/><F111/><W76/><G127/><T108/><D108/><U82/><E106/><V44/><F130/><W75/><G75/><T58/><D58/><U107/><E107/><V101/><F132/><N who="3" m="50763" /><G18/><T12/><D0/><U59/><E19/><V128/><F128/><W67/><G55/><T71/><D80/><U92/><E45/><V83/><F101/><W34/><G34/><T109/><D109/><U28/><E28/><V105/><F105/><W88/><G76/><T9/><D131/><U104/><E104/><V120/><F89/><W117/><G117/><T113/><D113/><U46/><E46/><V14/><F25/><N who="3" m="9803" /><G100/><T5/><D7/><U4/><E4/><N who="2" m="1295" /><F14/><W86/><G97/><N who="0" m="37451" /><D71/><AGARI ba="0,0" hai="62,67,71,84,86,87,88,94" m="9803,50763" machi="71" ten="30,2900,0" yaku="20,1,54,1" doraHai="72" who="3" fromWho="0" sc="233,-29,289,0,225,0,253,29" /><INIT seed="3,1,0,4,5,19" ten="204,289,225,282" oya="3" hai0="44,87,47,2,15,94,91,124,50,116,84,128,18" hai1="93,17,29,32,36,61,12,34,3,45,37,65,40" hai2="103,55,5,30,110,108,24,16,122,76,31,123,10" hai3="57,9,130,131,60,83,64,28,11,107,73,97,115"/><W126/><G115/><T58/><D2/><U80/><E3/><N who="2" m="319" /><F76/><N who="3" m="44431" /><G28/><N who="2" m="10793" /><F55/><W41/><G126/><T59/><D128/><N who="3" m="49193" /><G41/><N who="0" m="24847" /><D124/><U135/><E36/><V105/><F103/><AGARI ba="1,0" hai="9,11,57,60,64,97,103,107" m="49193,44431" machi="103" ten="30,1500,0" yaku="19,1" doraHai="19" who="3" fromWho="2" sc="204,0,289,0,225,-18,282,18" owari="204,-29.6,289,8.9,207,-19.3,300,40.0" /></mjloggm>