<mjloggm ver="2.3"><GO type="225" lobby="0"/><UN n0="%6D%75%75%6D%75%72%61" n1="%E3%81%BF%E3%81%BF%E3%81%9A" n2="%E3%82%BF%E3%83%BC%E3%83%90%E3%83%B3%E9%87%8E%E5%8F%A3" n3="%E3%82%B2%E3%82%B9%E8%8C%82%E5%8B%9D" dan="17,16,16,16" rate="2216.47,2139.43,2110.45,2077.79" sx="F,M,M,F"/><TAIKYOKU oya="0"/><INIT seed="0,0,0,4,0,103" ten="250,250,250,250" oya="0" hai0="34,127,2,12,79,5,132,1,55,72,54,116,51" hai1="124,63,16,9,6,98,89,133,23,20,62,70,42" hai2="18,25,56,93,11,48,38,102,41,118,134,17,29" hai3="73,43,39,123,30,76,8,130,121,128,119,45,14"/><T31/><D116/><U33/><E33/><V86/><F134/><W13/><G119/><T37/><D37/><U4/><E133/><V84/><F118/><W126/><G126/><T106/><D132/><U58/><E124/><V36/><F38/><W104/><G30/><T122/><D122/><N who="3" m="46601" /><G76/><T61/><D127/><U114/><E70/><V81/><F36/><W3/><G73/><T87/><D72/><U75/><E75/><V120/><F11/><W111/><G111/><T82/><D12/><N who="1" m="7183" /><E114/><V92/><F120/><W44/><G45/><T91/><D79/><U107/><E107/><V0/><F0/><W15/><G104/><T69/><D106/><U74/><E42/><V7/><F7/><AGARI ba="0,0" hai="3,7,8,13,14,15,39,43,44,128,130" m="46601" machi="7" ten="40,1300,0" yaku="13,1" doraHai="103" who="3" fromWho="2" sc="250,0,250,0,250,-13,250,13" /><INIT seed="1,0,0,0,3,48" ten="250,250,237,263" oya="1" hai0="3,36,134,38,55,116,72,121,45,23,41,22,54" hai1="4,39,63,2,21,15,105,51,52,28,46,74,86" hai2="131,68,90,50,11,76,97,5,17,44,81,122,87" hai3="35,88,27,9,32,26,92,100,111,62,65,47,129"/><U106/><E74/><V69/><F131/><W103/><G111/><T109/><D116/><U85/><E39/><V93/><F17/><W102/><G129/><T107/><D109/><U53/><E106/><V95/><F95/><W80/><G80/><T89/><D38/><U126/><E105/><V25/><F25/><W115/><G115/><T119/><D119/><U58/><E126/><V49/><F49/><W127/><G127/><T133/><D3/><U10/><E2/><V113/><F122/><W135/><G135/><N who="0" m="51723" /><D121/><U128/><E128/><V43/><REACH who="2" step="1"/><F113/><REACH who="2" ten="250,250,227,263" step="2"/><W34/><G9/><T117/><D107/><U84/><E28/><V30/><F30/><W83/><G83/><T94/><D117/><U91/><E21/><N who="0" m="7689" /><D72/><U120/><E120/><V67/><F67/><W40/><G65/><T1/><D1/><AGARI ba="0,1" hai="1,5,11,43,44,50,68,69,76,81,87,90,93,97" machi="1" ten="30,2000,0" yaku="1,1,7,1,53,0" doraHai="48" doraHaiUra="71" who="2" fromWho="0" sc="250,-20,250,0,227,30,263,0" /><INIT seed="2,0,0,4,2,34" ten="230,250,257,263" oya="2" hai0="62,19,38,25,72,67,49,94,5,55,44,22,89" hai1="61,59,78,20,30,71,32,54,35,124,84,92,68" hai2="80,12,73,130,99,24,15,0,41,65,105,114,52" hai3="3,131,4,76,50,6,75,13,102,53,57,21,97"/><V51/><F114/><W91/><G131/><T17/><D72/><U117/><E117/><V29/><F130/><W90/><G76/><T82/><D38/><U40/><E124/><V26/><F0/><W8/><G75/><T47/><D5/><U1/><E1/><V128/><F128/><W85/><G85/><T119/><D119/><U88/><E40/><V110/><F41/><W98/><G98/><T69/><D82/><U43/><E43/><V39/><F39/><W96/><G96/><T64/><D64/><U123/><E123/><V46/><F110/><W113/><G113/><T115/><D115/><U120/><E78/><V58/><F26/><W7/><G21/><T48/><D19/><U27/><REACH who="1" step="1"/><E120/><REACH who="1" ten="230,240,257,263" step="2"/><V135/><F135/><W95/><G3/><T42/><D42/><U134/><E134/><V127/><F127/><W2/><G2/><T9/><D9/><U87/><E87/><V129/><F73/><W132/><G132/><T74/><D74/><U103/><E103/><V104/><F129/><W16/><AGARI ba="0,1" hai="4,6,7,8,13,16,50,53,57,90,91,95,97,102" machi="16" ten="30,4000,0" yaku="0,1,8,1,54,1" doraHai="34" who="3" fromWho="3" sc="230,-10,240,-10,257,-20,263,50" /><INIT seed="3,0,0,3,1,16" ten="220,230,237,313" oya="3" hai0="52,132,33,79,102,65,94,70,97,71,124,25,107" hai1="24,61,106,129,101,74,6,63,22,7,13,38,114" hai2="126,29,51,128,122,113,4,48,116,23,109,62,98" hai3="77,59,12,3,95,84,118,103,64,66,115,54,55"/><W73/><G115/><T49/><D124/><U100/><E114/><V86/><F109/><W26/><G3/><T58/><D132/><U56/><E74/><V57/><F128/><W60/><G118/><T104/><D79/><U50/><E38/><V83/><F116/><W111/><G111/><T76/><D76/><U34/><E34/><V135/><F113/><W91/><G103/><N who="1" m="39498" /><E106/><V1/><F135/><W110/><G110/><T28/><REACH who="0" step="1"/><D65/><REACH who="0" ten="210,230,237,313" step="2"/><U11/><E129/><V20/><F126/><W18/><G66/><T120/><D120/><U37/><E37/><V78/><F122/><W80/><G26/><T0/><D0/><U81/><E6/><V96/><F4/><W27/><G27/><T69/><AGARI ba="0,1" hai="25,28,33,49,52,58,69,70,71,94,97,102,104,107" machi="69" ten="30,4000,0" yaku="1,1,0,1,54,1,53,0" doraHai="16" doraHaiUra="35" who="0" fromWho="0" sc="210,50,230,-10,237,-10,313,-20" /><INIT seed="4,0,0,5,0,87" ten="260,220,227,293" oya="0" hai0="43,81,134,24,98,106,9,41,47,95,49,51,40" hai1="84,91,0,108,35,32,96,5,14,85,72,94,50" hai2="124,60,15,20,113,125,21,89,6,3,130,30,48" hai3="100,73,118,99,104,45,120,19,97,65,115,10,53"/><T42/><D134/><U80/><E108/><V78/><F113/><W17/><G118/><T71/><D71/><U22/><E72/><V135/><F135/><W11/><G73/><T86/><D106/><U83/><E0/><V67/><F130/><W90/><G65/><T58/><D24/><U132/><E132/><V62/><F3/><W77/><G77/><T101/><D9/><U93/><E35/><V61/><F78/><W122/><G115/><T7/><D7/><U63/><E32/><V64/><F48/><N who="3" m="28815" /><G11/><T27/><D27/><U23/><E63/><V16/><F6/><W59/><G59/><T12/><D12/><U75/><E75/><V76/><F76/><W110/><G10/><T123/><D123/><N who="3" m="47145" /><G110/><T66/><D66/><U121/><E121/><V18/><F67/><W88/><G99/><T38/><D58/><U1/><E1/><V54/><F64/><W34/><G34/><T55/><D49/><U57/><E5/><V112/><F112/><W4/><G4/><T82/><D86/><N who="1" m="33387" /><E94/><V129/><F62/><W33/><G33/><T44/><AGARI ba="0,0" hai="38,40,41,42,43,44,47,51,55,81,82,95,98,101" machi="44" ten="30,1500,0" yaku="0,1" doraHai="87" who="0" fromWho="0" sc="260,15,220,-5,227,-5,293,-5" /><INIT seed="4,1,0,4,1,90" ten="275,215,222,288" oya="0" hai0="108,22,86,32,23,36,60,10,47,96,116,65,24" hai1="75,91,84,57,40,124,46,97,58,7,78,64,31" hai2="100,28,52,15,82,66,112,135,53,113,1,94,81" hai3="106,41,56,129,102,26,63,101,67,45,118,0,19"/><T134/><D116/><U13/><E124/><V133/><F1/><W89/><G118/><T99/><D32/><U71/><E75/><V68/><F28/><W17/><G129/><T92/><D134/><N who="2" m="51210" /><F15/><W18/><G0/><T29/><D108/><U122/><E122/><V37/><F37/><W110/><G110/><T2/><D23/><U27/><E71/><V104/><F104/><W103/><G89/><T70/><D86/><U30/><E97/><N who="2" m="59447" /><F66/><W55/><G106/><T115/><D115/><N who="2" m="44106" /><F68/><W126/><G126/><T39/><D39/><U38/><E78/><V61/><F61/><W4/><G4/><T49/><D36/><U132/><E132/><V120/><F120/><W14/><G14/><T74/><D2/><U54/><E64/><V69/><F69/><W6/><G6/><T83/><D10/><U107/><E107/><V16/><F16/><W77/><G67/><T59/><D70/><U98/><E98/><V131/><F131/><W73/><G26/><T33/><D99/><U48/><E27/><V44/><F44/><W79/><G73/><T130/><D130/><U3/><E58/><V43/><F43/><W109/><G109/><T34/><D74/><U5/><E3/><V93/><F93/><W88/><G45/><T128/><D128/><U35/><E35/><V125/><F125/><W119/><G41/><N who="0" m="24815" /><D83/><AGARI ba="1,0" hai="52,53,81,82,83" m="44106,59447,51210" machi="83" ten="30,7700,0" yaku="20,1,15,1,52,1,54,1" doraHai="90" who="2" fromWho="0" sc="275,-80,215,0,222,80,288,0" owari="195,-30.5,215,-18.5,302,40.2,288,8.8" /></mjloggm>