<mjloggm ver="2.3"><GO type="225" lobby="0"/><UN n0="%33%74%72%65%65" n1="%E3%81%BF%E3%82%84%E3%81%93%E3%82%93%EF%BC%91%EF%BC%90%E6%AD%B3" n2="%E5%B6%BA%E4%B8%8A%E5%92%B2" n3="%E3%83%9D%E3%83%B3%E3%83%9D%E3%82%B3%E5%95%86%E4%BA%8B" dan="16,16,16,16" rate="2164.36,2052.92,2067.40,2118.33" sx="F,M,F,M"/><TAIKYOKU oya="0"/><INIT seed="0,0,0,2,1,80" ten="250,250,250,250" oya="0" hai0="25,66,35,55,1,47,100,87,67,72,24,4,59" hai1="108,103,28,118,122,52,134,29,31,41,113,89,111" hai2="71,119,22,110,76,23,51,65,8,123,81,60,84" hai3="94,133,54,70,61,107,13,5,30,93,9,129,50"/><T37/><D72/><U49/><E122/><V127/><F123/><W88/><G107/><T77/><D100/><U39/><E118/><V98/><F110/><N who="1" m="42025" /><E134/><V0/><F127/><W63/><G133/><T92/><D1/><U43/><E113/><V79/><F119/><W135/><G135/><T15/><D37/><U6/><E103/><V53/><F98/><W131/><G94/><T33/><D47/><N who="1" m="27711" /><E39/><V115/><F115/><W104/><G30/><T120/><D120/><U20/><E6/><V128/><F128/><N who="3" m="49227" /><G70/><T126/><D126/><U46/><E46/><V58/><REACH who="2" step="1"/><F76/><REACH who="2" ten="250,250,240,250" step="2"/><W11/><G104/><T42/><D77/><U27/><E89/><V112/><F112/><W78/><G78/><T109/><D109/><U105/><E105/><V57/><F57/><N who="3" m="32983" /><G11/><T69/><D59/><U56/><E56/><V17/><F17/><AGARI ba="0,1" hai="17,20,27,28,29,31,41,43" m="27711,42025" machi="17" ten="30,2000,0" yaku="14,1,54,1" doraHai="80" who="1" fromWho="2" sc="250,0,250,30,240,-20,250,0" /><INIT seed="1,0,0,3,4,84" ten="250,280,220,250" oya="1" hai0="18,94,13,63,45,135,46,85,3,123,19,48,93" hai1="42,115,106,31,129,30,112,25,109,119,37,111,131" hai2="78,26,76,91,104,1,16,82,92,21,4,98,34" hai3="80,128,117,64,122,62,118,65,52,33,69,53,86"/><U99/><E119/><N who="3" m="45578" /><G33/><T44/><D3/><U89/><E37/><V43/><F104/><W50/><G122/><T2/><D2/><U24/><E42/><V12/><F43/><W125/><G128/><N who="1" m="49226" /><E106/><V39/><F39/><W116/><N who="3" m="45586" /><W35/><DORA hai="40" /><G35/><T88/><D123/><U17/><E17/><V133/><F133/><W71/><G125/><T124/><D124/><U113/><E99/><V73/><F78/><W60/><G86/><T41/><D135/><U100/><E89/><V28/><REACH who="2" step="1"/><F1/><REACH who="2" ten="250,280,210,250" step="2"/><W56/><G80/><T107/><D107/><U105/><E105/><V7/><AGARI ba="0,1" hai="4,7,12,16,21,26,28,34,73,76,82,91,92,98" machi="7" ten="30,8000,1" yaku="1,1,2,1,0,1,52,1,54,1,53,0" doraHai="84,40" doraHaiUra="103,57" who="2" fromWho="2" sc="250,-20,280,-40,210,90,250,-20" /><INIT seed="2,0,0,3,1,109" ten="230,240,300,230" oya="2" hai0="35,63,114,59,67,54,13,27,92,72,116,28,30" hai1="103,111,14,15,10,130,66,77,3,29,100,7,9" hai2="43,76,105,104,25,21,60,1,34,57,61,86,44" hai3="119,95,26,48,118,42,22,123,101,69,106,102,18"/><V135/><F34/><W52/><G123/><T50/><D116/><U20/><E111/><V120/><F1/><W39/><G69/><T115/><D72/><U108/><E108/><V45/><F120/><W75/><G75/><T71/><D30/><U81/><E130/><V41/><F135/><W131/><G131/><T40/><D40/><N who="2" m="15434" /><F105/><W68/><G68/><T64/><D64/><U112/><E66/><N who="2" m="39183" /><F104/><W124/><G124/><T74/><D74/><U65/><E65/><V93/><F61/><W19/><G106/><T80/><D80/><U84/><E112/><V91/><F76/><W98/><G102/><T32/><D32/><U134/><E134/><V8/><F8/><W0/><G0/><T53/><D53/><U78/><E78/><V82/><F82/><W17/><G42/><T128/><D128/><U90/><E77/><V55/><F55/><W129/><G39/><T126/><D126/><U89/><E89/><V73/><F73/><W37/><G37/><T70/><D70/><U31/><E3/><V47/><F47/><W24/><G129/><T107/><D107/><U94/><E81/><V5/><F5/><W113/><G113/><T62/><D62/><U38/><E38/><V36/><F36/><W56/><REACH who="3" step="1"/><G22/><REACH who="3" ten="230,240,300,220" step="2"/><T16/><D92/><U83/><E20/><AGARI ba="0,1" hai="13,16,20,27,28,35,50,54,59,63,67,71,114,115" machi="20" ten="30,7700,0" yaku="7,1,52,2,54,1" doraHai="109" who="0" fromWho="1" sc="230,87,240,-77,300,0,220,0" /><INIT seed="3,0,0,1,0,15" ten="317,163,300,220" oya="3" hai0="93,110,128,9,60,34,117,50,51,8,107,121,116" hai1="127,47,0,43,123,24,58,29,133,74,67,88,20" hai2="28,134,11,4,1,112,32,106,33,86,100,2,16" hai3="71,17,6,81,73,109,5,84,65,113,57,66,102"/><W42/><G113/><T68/><D121/><U80/><E133/><V95/><F134/><W36/><G73/><T64/><D110/><U111/><E127/><V120/><F112/><W114/><G114/><T70/><D70/><U26/><E111/><V61/><F120/><W89/><G109/><T27/><D128/><U25/><E0/><V3/><F61/><W7/><G71/><T38/><D38/><U54/><E67/><V91/><F28/><W78/><G102/><T10/><D107/><U37/><E74/><V41/><F41/><W13/><G78/><T12/><D12/><U83/><E83/><V101/><F101/><W94/><G81/><T135/><D135/><U52/><E123/><V30/><F30/><W97/><G97/><T49/><D93/><U44/><E44/><V21/><F32/><W87/><G87/><T19/><D34/><U62/><REACH who="1" step="1"/><E54/><REACH who="1" ten="317,153,300,220" step="2"/><V124/><F124/><W105/><G66/><T115/><D115/><U79/><E79/><V35/><F1/><W130/><G65/><T99/><D99/><U63/><E63/><V72/><F2/><W132/><G132/><T85/><D85/><U108/><E108/><V53/><F72/><W92/><G84/><T119/><D119/><U46/><E46/><V104/><F53/><W55/><G55/><T126/><D126/><U75/><E75/><V131/><F131/><W122/><G130/><T98/><D98/><U39/><E39/><V118/><F118/><W18/><G36/><T31/><D116/><U48/><E48/><N who="0" m="12289" /><T77/><DORA hai="14" /><D117/><U96/><E96/><N who="2" m="61447" /><F106/><W56/><G105/><RYUUKYOKU ba="0,1" sc="317,-15,153,15,300,15,220,-15" hai1="20,24,25,26,29,37,43,47,52,58,62,80,88" hai2="3,4,11,16,21,33,35,86,91,95" owari="302,10.2,168,-33.2,325,42.5,205,-19.5" /></mjloggm>