<mjloggm ver="2.3"><GO type="225" lobby="0"/><UN n0="%E3%81%82%E3%81%99%E3%81%AB%E3%82%83%E3%82%80" n1="%E5%B8%86%E7%AB%8B%E5%A4%8F%E8%A1%A3" n2="%E3%81%A9%E3%82%8F%E3%82%93%E3%81%94" n3="%E7%AC%B9%E9%A4%85" dan="16,16,16,17" rate="2125.01,2110.88,2068.82,2222.81" sx="F,M,M,M"/><TAIKYOKU oya="0"/><INIT seed="0,0,0,5,1,11" ten="250,250,250,250" oya="0" hai0="94,62,117,16,102,25,31,75,119,90,14,86,4" hai1="91,34,21,129,1,10,50,13,8,76,37,130,89" hai2="64,27,20,120,48,42,81,84,110,92,41,39,51" hai3="43,52,131,104,32,24,132,72,30,100,87,0,69"/><T61/><D75/><U77/><E37/><V74/><F110/><W33/><G72/><T70/><D4/><N who="1" m="1039" /><E50/><V109/><F109/><W29/><G0/><T55/><D102/><U93/><E91/><V40/><F39/><W125/><G69/><T113/><D113/><U112/><E112/><V111/><F111/><W114/><G114/><T98/><D98/><U67/><E67/><V65/><F120/><W60/><G33/><T6/><D6/><N who="1" m="3287" /><E34/><V115/><F74/><W26/><G43/><T121/><D121/><U68/><E68/><V106/><F92/><W38/><G38/><T118/><D55/><U124/><E124/><V9/><F106/><W57/><G125/><T78/><D78/><U135/><E21/><V101/><F101/><W122/><G122/><T2/><D70/><U18/><E18/><N who="2" m="12695" /><F115/><W45/><G32/><T134/><D119/><U71/><E71/><V47/><F48/><W116/><G100/><T19/><D118/><U7/><E7/><V82/><F82/><W49/><G104/><T126/><D126/><U63/><E63/><V97/><F97/><W105/><G105/><T96/><D62/><U56/><E56/><V123/><F123/><W127/><G127/><T73/><D61/><U103/><E103/><V80/><F80/><W53/><G116/><T58/><D117/><U12/><E77/><N who="2" m="46127" /><F9/><W28/><G87/><T85/><D86/><N who="1" m="52407" /><E76/><V17/><F17/><W54/><G60/><T5/><D85/><U35/><E35/><V59/><F59/><W3/><G57/><T36/><D58/><U44/><E44/><V23/><F23/><RYUUKYOKU ba="0,0" sc="250,-10,250,-10,250,30,250,-10" hai2="40,41,42,47,51,64,65" /><INIT seed="1,1,0,0,3,84" ten="240,240,280,240" oya="1" hai0="126,73,49,60,92,24,14,59,51,8,90,113,96" hai1="7,74,16,133,48,76,63,75,56,44,64,34,25" hai2="88,47,98,110,46,102,112,45,103,66,80,65,108" hai3="131,94,41,85,91,58,27,129,125,18,116,111,93"/><U9/><E133/><V15/><F112/><W95/><G111/><N who="2" m="42537" /><F15/><W135/><G135/><T82/><D126/><U117/><E117/><V5/><F5/><W79/><G116/><T127/><D127/><U61/><E76/><V128/><F128/><N who="3" m="49227" /><G125/><T130/><D130/><U30/><E63/><V6/><F6/><W0/><G0/><T22/><D113/><U10/><E10/><V42/><F42/><W115/><G115/><T71/><D71/><U124/><E124/><V31/><F31/><W23/><G41/><T104/><D104/><U69/><E69/><V20/><F20/><W105/><G105/><T13/><D73/><U121/><E121/><V68/><F68/><W62/><G79/><T26/><D82/><U99/><E99/><V40/><F40/><W87/><G87/><T19/><D26/><U29/><E29/><V120/><F120/><W83/><G83/><T33/><D33/><U77/><E77/><V11/><F11/><W17/><G17/><N who="0" m="8359" /><D14/><U101/><E16/><V38/><F38/><W70/><G70/><T12/><D12/><U123/><E123/><V2/><F2/><W97/><G97/><T21/><D22/><U107/><E9/><V39/><F39/><W119/><G119/><T53/><AGARI ba="1,0" hai="19,21,24,49,51,53,59,60,90,92,96" m="8359" machi="53" ten="30,4000,0" yaku="25,1,8,1,52,1" doraHai="84" who="0" fromWho="0" sc="240,43,240,-21,280,-11,240,-11" /><INIT seed="2,0,0,3,0,71" ten="283,219,269,229" oya="2" hai0="85,104,62,13,32,116,45,55,97,74,87,7,12" hai1="102,17,0,58,41,123,120,128,111,36,16,33,94" hai2="9,81,113,99,46,60,63,28,78,37,88,22,122" hai3="132,24,19,6,70,115,93,18,75,119,10,108,20"/><V127/><F122/><N who="1" m="46633" /><E33/><V129/><F113/><W65/><G75/><T51/><D74/><U124/><E0/><V83/><F129/><W84/><G115/><T2/><D32/><U118/><E118/><V135/><F135/><W125/><G119/><T79/><D2/><U35/><E35/><V95/><F127/><W110/><G132/><T64/><D116/><U80/><E124/><V23/><F9/><W89/><G125/><T14/><D79/><U40/><E128/><V98/><F98/><W42/><G42/><N who="1" m="16490" /><E80/><V86/><F37/><W39/><G39/><T11/><D104/><U27/><E111/><N who="3" m="42538" /><G65/><T66/><D66/><U82/><E82/><V90/><F46/><W3/><G70/><T30/><D30/><AGARI ba="0,0" hai="3,6,10,18,19,20,24,30,84,89,93" m="42538" machi="30" ten="30,1000,0" yaku="14,1" doraHai="71" who="3" fromWho="0" sc="283,-10,219,0,269,0,229,10" /><INIT seed="3,0,0,2,5,64" ten="273,219,269,239" oya="3" hai0="113,38,107,32,60,89,3,53,0,86,68,13,84" hai1="6,5,70,80,24,9,117,57,10,83,90,124,43" hai2="101,132,135,111,134,78,18,104,11,77,108,62,102" hai3="47,40,29,109,39,58,63,51,12,121,119,114,131"/><W87/><G29/><T31/><D107/><U17/><E124/><V122/><F18/><W65/><G12/><T22/><D38/><U21/><E117/><V2/><F122/><W26/><G26/><T81/><D32/><U128/><E128/><V125/><F125/><W15/><G15/><T130/><D130/><U106/><E106/><V34/><F34/><W54/><G131/><T88/><D113/><U44/><E70/><V42/><F42/><W46/><G87/><T20/><D20/><U1/><E57/><V74/><F62/><W25/><G25/><T49/><D60/><U133/><E90/><V41/><F41/><N who="3" m="25071" /><G109/><N who="2" m="42057" /><F104/><W73/><G73/><T69/><D3/><U76/><E133/><N who="2" m="34051" /><V120/><DORA hai="79" /><F120/><W82/><G121/><T123/><D0/><U37/><E76/><N who="2" m="29291" /><F74/><W35/><G35/><T94/><D123/><U27/><E27/><V61/><F61/><N who="3" m="36055" /><G114/><T95/><D31/><U16/><E17/><V118/><F118/><W59/><G119/><T72/><D72/><U48/><E37/><V126/><F126/><W127/><G127/><T8/><D22/><U55/><E43/><V98/><F98/><W105/><G105/><T4/><D95/><U50/><E48/><V67/><F67/><N who="3" m="39423" /><G82/><T56/><AGARI ba="0,0" hai="4,8,13,49,53,56,68,69,81,84,86,88,89,94" machi="56" ten="20,12000,2" yaku="0,1,7,1,52,3,54,1" doraHai="64,79" who="0" fromWho="0" sc="273,120,219,-30,269,-30,239,-60" owari="393,49.3,189,-21.1,239,3.9,179,-32.1" /></mjloggm>