<mjloggm ver="2.3"><GO type="225" lobby="0"/><UN n0="%E5%A4%96%E5%B7%9D%E7%AB%9C%E6%88%90" n1="%E6%9D%B1%E9%A2%A8%E3%81%AE%E3%81%8D%E3%82%83%E3%81%B7%E3%81%95%E3%82%93" n2="%61%6D%65%6B%69" n3="%E3%83%81%E3%83%AF%E3%83%AF%E9%9A%8A%E9%95%B7" dan="16,17,16,17" rate="2114.40,2180.27,2088.06,2191.29" sx="M,M,M,M"/><TAIKYOKU oya="0"/><INIT seed="0,0,0,0,0,17" ten="250,250,250,250" oya="0" hai0="95,43,123,66,121,84,113,63,135,108,114,103,126" hai1="75,60,107,119,23,48,70,22,94,32,13,21,2" hai2="68,41,34,86,125,89,52,58,7,10,101,110,53" hai3="67,47,0,81,62,133,76,98,4,3,97,65,79"/><T61/><D103/><U24/><E119/><V54/><F68/><W88/><G133/><T56/><D95/><U106/><E75/><V12/><F34/><W6/><G47/><T69/><D84/><U33/><E2/><V1/><F110/><W27/><G27/><T77/><D77/><U130/><E130/><V64/><F125/><W92/><G92/><T112/><D126/><U124/><E124/><V80/><F41/><W19/><G19/><T55/><D135/><U38/><E38/><V50/><F101/><W16/><G16/><T71/><D108/><U57/><E70/><V25/><F1/><W45/><G45/><T31/><D31/><U28/><E48/><V35/><REACH who="2" step="1"/><F64/><REACH who="2" ten="250,250,240,250" step="2"/><W93/><G65/><N who="0" m="41135" /><D43/><U129/><E129/><V26/><F26/><W49/><G0/><T82/><D82/><U87/><E33/><V78/><F78/><W115/><G3/><T90/><D90/><U91/><REACH who="1" step="1"/><E13/><REACH who="1" ten="250,240,240,250" step="2"/><V85/><F85/><W51/><G97/><T116/><D116/><U99/><E99/><V122/><F122/><N who="0" m="46602" /><D71/><U104/><E104/><V15/><F15/><W59/><G98/><T131/><D131/><U36/><E36/><V73/><F73/><W30/><G62/><T128/><D128/><U134/><E134/><V44/><F44/><W105/><G105/><T111/><D111/><U117/><E117/><V102/><F102/><W118/><G118/><T74/><D74/><U29/><E29/><AGARI ba="0,2" hai="7,10,12,25,29,35,50,52,53,54,58,80,86,89" machi="29" ten="40,5200,0" yaku="1,1,54,1,53,1" doraHai="17" doraHaiUra="20" who="2" fromWho="1" sc="250,0,240,-52,240,72,250,0" /><INIT seed="1,0,0,2,4,100" ten="250,188,312,250" oya="1" hai0="10,8,58,7,96,103,9,60,63,56,105,109,116" hai1="78,44,37,92,99,40,133,45,30,71,127,66,123" hai2="11,54,76,42,98,89,13,18,67,32,118,72,101" hai3="34,69,85,93,129,52,88,24,59,128,65,61,46"/><U84/><E123/><V31/><F118/><W117/><G117/><T86/><D116/><U6/><E133/><V130/><F130/><N who="3" m="50283" /><G46/><T68/><D109/><U12/><E127/><V81/><F67/><W43/><G43/><T25/><D68/><U91/><E30/><V5/><F42/><W20/><G34/><T83/><D25/><U74/><E45/><V90/><F54/><W26/><G20/><T125/><D125/><U73/><E66/><V3/><F31/><W126/><G126/><T108/><D108/><U62/><E62/><AGARI ba="0,0" hai="24,26,52,59,61,62,65,69,85,88,93" m="50283" machi="62" ten="30,3900,0" yaku="19,1,54,2" doraHai="100" who="3" fromWho="1" sc="250,0,188,-39,312,0,250,39" /><INIT seed="2,0,0,1,1,103" ten="250,149,312,289" oya="2" hai0="97,37,29,87,100,46,49,53,82,126,58,6,122" hai1="28,93,16,91,117,125,135,25,81,40,101,80,1" hai2="119,67,79,132,89,75,108,121,64,19,77,96,114" hai3="98,52,3,33,86,44,18,11,130,55,109,68,34"/><V65/><F114/><W70/><G130/><T94/><D126/><U66/><E117/><V62/><F75/><W69/><G109/><T95/><D122/><U102/><E125/><V31/><F119/><W133/><G133/><T15/><D37/><U78/><E135/><V5/><F121/><W57/><G98/><T21/><D95/><U45/><E1/><V8/><F108/><W131/><G131/><T116/><D116/><U7/><E7/><V14/><F31/><W32/><G44/><T61/><D29/><U4/><E4/><V26/><F62/><W35/><G35/><T88/><D6/><U105/><E66/><V71/><F71/><W123/><G123/><T38/><D38/><U72/><E81/><V12/><F26/><W106/><G106/><T24/><D15/><U20/><E28/><V90/><F132/><W60/><G3/><T23/><REACH who="0" step="1"/><D24/><REACH who="0" ten="240,149,312,289" step="2"/><U41/><E105/><V84/><F14/><W134/><G134/><T127/><D127/><U27/><E27/><V2/><F2/><W10/><G18/><T51/><D51/><U128/><E128/><V107/><F5/><W92/><REACH who="3" step="1"/><G55/><AGARI ba="0,1" hai="21,23,46,49,53,55,58,61,82,87,88,94,97,100" machi="55" ten="30,8000,1" yaku="1,1,7,1,8,1,54,1,53,1" doraHai="103" doraHaiUra="54" who="0" fromWho="3" sc="240,90,149,0,312,0,289,-80" /><INIT seed="3,0,0,0,2,71" ten="330,149,312,209" oya="3" hai0="47,4,49,100,31,20,76,39,66,9,56,13,75" hai1="129,42,69,91,97,83,121,48,127,40,79,22,58" hai2="15,108,125,14,128,35,85,24,32,98,18,65,23" hai3="28,55,82,119,90,74,64,33,111,29,8,106,1"/><W5/><G119/><T52/><D39/><U72/><E121/><V130/><F65/><W38/><G106/><T96/><D75/><U34/><E34/><N who="2" m="12843" /><F85/><W113/><G113/><T36/><D36/><U124/><E69/><V122/><F98/><W44/><G111/><T120/><D120/><U123/><E123/><V19/><F122/><W126/><G126/><T112/><D112/><U43/><E22/><N who="2" m="11607" /><F108/><W115/><G115/><T61/><D76/><U89/><E129/><N who="2" m="49771" /><F24/><W53/><G64/><T86/><D86/><U21/><E21/><V102/><F102/><W78/><G90/><T27/><D96/><U104/><E104/><V118/><F118/><W3/><G33/><T62/><D62/><U68/><E68/><V114/><F114/><W57/><G53/><T93/><D93/><U92/><REACH who="1" step="1"/><E91/><REACH who="1" ten="330,139,312,209" step="2"/><V109/><F109/><W2/><G2/><T16/><D100/><U84/><E84/><V110/><F110/><W51/><G1/><T99/><D99/><U70/><E70/><V73/><F73/><W17/><G17/><AGARI ba="0,1" hai="4,9,13,16,17,20,27,31,47,49,52,56,61,66" machi="17" ten="40,5200,0" yaku="8,1,54,2" doraHai="71" who="0" fromWho="3" sc="330,62,139,0,312,0,209,-52" owari="392,49.2,139,-36.1,312,11.2,157,-24.3" /></mjloggm>