<mjloggm ver="2.3"><GO type="225" lobby="0"/><UN n0="%E3%81%A1%E3%82%85%E3%81%86%E3%81%A9%E3%81%8F%E8%B1%A1%E3%81%95%E3%82%93" n1="%E9%80%9F%E6%B0%B4%E5%87%9B%E9%A6%99" n2="%E5%84%AA%40%41%42%43" n3="%E3%81%BE%E3%81%A8%E3%81%9F" dan="17,16,17,16" rate="2184.16,2091.84,2202.47,2124.10" sx="M,F,M,M"/><TAIKYOKU oya="0"/><INIT seed="0,0,0,1,0,25" ten="250,250,250,250" oya="0" hai0="124,52,115,35,80,117,90,37,129,96,110,18,53" hai1="10,30,116,19,23,60,11,68,93,12,111,14,63" hai2="114,105,45,82,55,28,123,94,104,29,91,24,79" hai3="70,97,39,0,101,33,75,128,20,51,16,122,40"/><T84/><D115/><U121/><E116/><V34/><F123/><W22/><G33/><T85/><D117/><U58/><E121/><V3/><F3/><W78/><G39/><T127/><D37/><U86/><E111/><V118/><F114/><W13/><G0/><T134/><D35/><U44/><E68/><V64/><F64/><W103/><G70/><T106/><D134/><U81/><E44/><V5/><F5/><W26/><G128/><T54/><D129/><U107/><E107/><V49/><F28/><W21/><G21/><T1/><D1/><U100/><E100/><V9/><F9/><W17/><G122/><T50/><D110/><U27/><E93/><V135/><F135/><W65/><G65/><T7/><D7/><N who="1" m="3167" /><E58/><V102/><F102/><W126/><G126/><N who="0" m="48171" /><D18/><U38/><E38/><V61/><F61/><W62/><G62/><T48/><D84/><U77/><AGARI ba="0,0" hai="11,14,19,23,27,30,60,63,77,81,86" m="3167" machi="77" ten="30,2000,0" yaku="8,1,52,1" doraHai="25" who="1" fromWho="1" sc="250,-10,250,20,250,-5,250,-5" /><INIT seed="1,0,0,2,2,132" ten="240,270,245,245" oya="1" hai0="16,23,96,128,14,124,9,88,56,108,86,75,118" hai1="51,98,58,38,104,54,25,77,99,101,76,40,37" hai2="129,92,26,83,125,17,21,71,60,84,66,48,117" hai3="112,102,63,81,5,36,116,0,4,68,73,15,87"/><U90/><E25/><V20/><F117/><W52/><G36/><T3/><D118/><U41/><E37/><V121/><F129/><W42/><G116/><T95/><D128/><U120/><E120/><V53/><F121/><W82/><G42/><T47/><D108/><U2/><E2/><V18/><F92/><W78/><G0/><T43/><D75/><U1/><E1/><V28/><F125/><W109/><G102/><T65/><D124/><U130/><E130/><V39/><F39/><W62/><G112/><T115/><D115/><U34/><E34/><V30/><F30/><W13/><G68/><T61/><D3/><U103/><E90/><V79/><REACH who="2" step="1"/><F21/><REACH who="2" ten="240,270,235,245" step="2"/><W8/><G109/><T35/><D35/><U19/><E38/><V10/><F10/><W70/><G8/><T24/><D96/><U110/><E110/><V123/><F123/><W119/><G119/><T29/><D43/><U55/><E41/><V7/><F7/><W107/><G4/><T72/><D72/><U105/><E40/><V111/><F111/><W45/><G5/><T44/><AGARI ba="0,1" hai="9,14,16,23,24,29,44,47,56,61,65,86,88,95" machi="44" ten="30,7900,0" yaku="0,1,8,1,54,2" doraHai="132" who="0" fromWho="0" sc="240,89,270,-39,235,-20,245,-20" /><INIT seed="2,0,0,2,2,3" ten="329,231,215,225" oya="2" hai0="29,111,115,92,93,96,130,108,6,120,78,8,73" hai1="71,87,127,15,126,131,36,69,19,62,98,17,104" hai2="7,76,30,61,55,40,50,31,54,75,133,77,41" hai3="24,48,84,49,79,59,22,118,11,90,125,2,112"/><V58/><F133/><W72/><G118/><T33/><D120/><U32/><E36/><V34/><F34/><W81/><G112/><T37/><D37/><U135/><E32/><V57/><F75/><W47/><G125/><N who="1" m="47626" /><E135/><V4/><F50/><W106/><G106/><T1/><D115/><U9/><E131/><V28/><REACH who="2" step="1"/><F30/><REACH who="2" ten="329,231,205,225" step="2"/><W123/><G49/><T94/><D29/><U35/><E35/><V86/><F86/><W132/><G132/><T13/><D33/><U67/><E87/><V14/><F14/><W53/><G123/><T114/><D13/><U107/><E98/><V16/><F16/><N who="1" m="6217" /><E71/><V100/><F100/><W65/><G84/><T68/><D68/><U63/><E62/><AGARI ba="0,1" hai="4,7,28,31,40,41,54,55,57,58,61,62,76,77" machi="62" ten="25,18000,2" yaku="1,1,22,2,8,1,52,2,53,0" doraHai="3" doraHaiUra="20" who="2" fromWho="1" sc="329,0,231,-180,205,190,225,0" /><INIT seed="2,1,0,5,1,95" ten="329,51,395,225" oya="2" hai0="115,29,35,86,87,85,111,72,135,98,8,47,46" hai1="116,19,9,82,134,105,17,128,20,79,33,12,23" hai2="84,13,58,40,11,21,34,10,14,90,89,63,107" hai3="42,70,22,94,30,1,119,41,69,39,81,18,110"/><V2/><F34/><W49/><G39/><T122/><D115/><U125/><E116/><V78/><F107/><W50/><G1/><T80/><D122/><U91/><E105/><V108/><F2/><W112/><G30/><T36/><D36/><U121/><E91/><V60/><F108/><W109/><G94/><T132/><D111/><N who="3" m="42505" /><G81/><T76/><D8/><U56/><E121/><V55/><F40/><N who="3" m="15467" /><G22/><T24/><REACH who="0" step="1"/><D98/><REACH who="0" ten="319,51,395,225" step="2"/><U113/><E113/><V5/><F10/><W96/><G112/><T74/><D74/><U127/><E33/><V52/><F11/><W48/><G96/><T103/><D103/><U93/><E93/><V102/><F102/><W88/><G119/><T118/><D118/><U57/><E134/><AGARI ba="1,1" hai="24,29,35,46,47,72,76,80,85,86,87,132,134,135" machi="134" ten="40,2600,0" yaku="1,1,20,1,53,0" doraHai="95" doraHaiUra="45" who="0" fromWho="1" sc="319,39,51,-29,395,0,225,0" /><INIT seed="3,0,0,5,4,33" ten="358,22,395,225" oya="3" hai0="53,52,21,115,110,128,0,69,108,127,93,89,129" hai1="59,39,16,111,97,36,28,82,63,130,32,86,117" hai2="56,106,134,65,123,57,75,54,104,12,90,132,13" hai3="38,27,61,60,47,96,102,30,105,131,44,85,26"/><W48/><G131/><N who="0" m="50251" /><D69/><U24/><E111/><N who="0" m="42537" /><D127/><U103/><E117/><V72/><F123/><W94/><G38/><T50/><D115/><U78/><E130/><V5/><F65/><W98/><G85/><N who="0" m="52399" /><D0/><U40/><E40/><V109/><F109/><W18/><G18/><T34/><D34/><U8/><E8/><V121/><F121/><W3/><G3/><T4/><D4/><U11/><E11/><V135/><F5/><W10/><G10/><T17/><D50/><U62/><E62/><V84/><F72/><W45/><G48/><T41/><D41/><U101/><E101/><V19/><F75/><W20/><REACH who="3" step="1"/><G26/><AGARI ba="0,0" hai="17,21,26,52,53" m="52399,42537,50251" machi="26" ten="30,3900,0" yaku="19,1,14,1,54,1" doraHai="33" who="0" fromWho="3" sc="358,39,22,0,395,0,225,-39" owari="397,49.7,22,-47.8,395,19.5,186,-21.4" /></mjloggm>