<mjloggm ver="2.3"><GO type="225" lobby="0"/><UN n0="%E3%81%A9%E3%82%8F%E3%82%93%E3%81%94" n1="%E3%81%8B%E3%82%8F%E3%81%A1%E3%82%83%E3%82%93%35%38" n2="%72%61%6B%33" n3="%6D%75%75%6D%75%72%61" dan="16,16,16,16" rate="2184.03,2144.72,2134.80,2124.02" sx="M,M,M,F"/><TAIKYOKU oya="0"/><INIT seed="0,0,0,0,2,132" ten="250,250,250,250" oya="0" hai0="120,24,108,123,134,17,93,113,79,119,40,125,101" hai1="76,129,12,80,81,77,6,71,75,38,33,13,99" hai2="28,63,32,68,135,42,37,3,83,48,87,91,103" hai3="65,35,56,89,133,10,21,67,11,88,26,1,5"/><T102/><D40/><U110/><E71/><V114/><F135/><W86/><G133/><T111/><D134/><U27/><E38/><V130/><F114/><W44/><G35/><T124/><D113/><U14/><E110/><N who="0" m="42025" /><D119/><U96/><E6/><V49/><F3/><W54/><G44/><T20/><D79/><U60/><E60/><V2/><F2/><W53/><G10/><T39/><D39/><U121/><E121/><N who="0" m="46665" /><D93/><U0/><E0/><V78/><F37/><W58/><G58/><T90/><D90/><U84/><REACH who="1" step="1"/><E129/><REACH who="1" ten="250,240,250,250" step="2"/><V59/><F130/><W66/><G1/><T73/><D73/><U50/><E50/><V30/><F48/><W126/><G5/><T52/><D52/><U15/><N who="1" m="3072" /><DORA hai="31" /><U122/><E122/><V115/><F49/><W85/><G53/><T19/><D17/><U46/><E46/><V82/><F115/><W51/><G54/><T131/><D131/><U105/><E105/><V45/><F45/><W9/><G51/><T22/><D20/><U106/><E106/><V118/><F42/><W4/><G21/><T95/><D95/><U7/><E7/><V74/><F74/><W18/><G18/><T128/><D128/><U43/><E43/><V94/><F94/><W70/><G4/><T55/><D55/><U72/><E72/><V16/><F16/><W36/><G36/><T100/><AGARI ba="0,1" hai="19,22,24,100,101,102,124,125" m="46665,42025" machi="100" ten="40,12000,1" yaku="14,1,10,1,52,2" doraHai="132,31" who="0" fromWho="0" sc="250,130,240,-40,250,-40,250,-40" /><INIT seed="0,1,0,5,1,73" ten="380,200,210,210" oya="0" hai0="135,27,116,3,38,21,133,131,105,76,9,56,93" hai1="110,30,66,52,89,28,132,70,117,99,114,71,37" hai2="60,12,130,42,0,107,85,83,68,7,123,79,63" hai3="87,48,57,101,72,86,33,20,100,11,29,24,36"/><T2/><D116/><U34/><E117/><V127/><F123/><W74/><G36/><T97/><D105/><U17/><E37/><V102/><F127/><W112/><G112/><T43/><D131/><U58/><E66/><V121/><F121/><W61/><G33/><T41/><D56/><U120/><E120/><V67/><F130/><W80/><G48/><T96/><D93/><N who="1" m="56751" /><E34/><V6/><F0/><W90/><G11/><T119/><D38/><U49/><E71/><V77/><F42/><W134/><G134/><T69/><D21/><U45/><E45/><V54/><BYE who="1" /><F107/><W15/><G15/><UN n1="%E3%81%8B%E3%82%8F%E3%81%A1%E3%82%83%E3%82%93%35%38" /><T31/><D9/><U4/><E70/><V13/><F102/><W59/><G72/><T81/><D69/><U88/><E4/><V16/><F13/><W46/><G46/><T106/><D106/><U50/><E50/><V22/><REACH who="2" step="1"/><F77/><REACH who="2" ten="380,200,200,210" step="2"/><N who="3" m="46351" /><G74/><T40/><D2/><U126/><E126/><V113/><F113/><W5/><G5/><T111/><D3/><U39/><E114/><V82/><F82/><N who="3" m="49527" /><G59/><AGARI ba="1,1" hai="6,7,12,16,22,54,59,60,63,67,68,79,83,85" machi="59" ten="40,8000,1" yaku="1,1,52,1,54,1,53,1" doraHai="73" doraHaiUra="62" who="2" fromWho="3" sc="380,0,200,0,200,93,210,-83" /><INIT seed="1,0,0,0,3,78" ten="380,200,293,127" oya="1" hai0="121,81,40,69,1,87,76,103,128,64,113,101,38" hai1="19,6,112,20,126,91,30,125,14,28,70,92,44" hai2="98,120,133,62,21,12,9,131,26,84,0,122,25" hai3="85,97,27,41,65,55,68,37,49,47,13,107,108"/><U79/><E70/><V96/><F131/><W66/><G108/><T29/><D113/><U10/><E44/><V127/><F133/><W106/><G68/><T86/><D128/><U67/><E67/><BYE who="1" /><UN n1="%E3%81%8B%E3%82%8F%E3%81%A1%E3%82%83%E3%82%93%35%38" /><V4/><F127/><N who="1" m="48649" /><E79/><V8/><F62/><W71/><G71/><T54/><D64/><U35/><E35/><V3/><F84/><W99/><G106/><T16/><D69/><U17/><E112/><V89/><F21/><W95/><G27/><T90/><D76/><U110/><E110/><V61/><F61/><W77/><G13/><T15/><D40/><U100/><E100/><V33/><F12/><W52/><G107/><T73/><D103/><U56/><E56/><V60/><F60/><W2/><G2/><T109/><D101/><U50/><E50/><V74/><F33/><W45/><G55/><T31/><D54/><U18/><E20/><V123/><F74/><W22/><G22/><T135/><D73/><U82/><E82/><V117/><F122/><W114/><G114/><T102/><D121/><U130/><E130/><V105/><F105/><W83/><REACH who="3" step="1"/><G95/><REACH who="3" ten="380,200,293,117" step="2"/><T46/><D109/><U24/><E24/><V5/><F120/><W134/><G134/><T42/><D135/><U94/><E94/><V34/><F123/><W72/><G72/><T129/><D129/><U115/><E115/><V7/><F34/><W43/><G43/><T57/><D42/><U80/><E92/><V23/><F23/><W32/><G32/><T53/><D53/><U88/><E14/><V51/><F26/><W75/><G75/><T39/><D15/><U116/><E10/><RYUUKYOKU ba="0,1" sc="380,-10,200,-10,293,-10,117,30" hai3="37,41,45,47,49,52,65,66,77,83,85,97,99" /><INIT seed="2,1,1,5,5,7" ten="370,190,283,147" oya="2" hai0="65,21,59,111,129,93,4,73,33,69,86,5,63" hai1="37,72,57,135,131,105,9,43,82,117,122,128,0" hai2="44,3,25,64,91,130,45,88,10,26,61,115,124" hai3="99,87,70,114,116,106,35,120,119,90,109,32,107"/><V39/><F115/><W17/><G120/><T83/><D33/><U85/><E117/><V77/><F124/><W100/><G114/><T94/><D111/><U14/><E0/><V31/><F130/><N who="1" m="49705" /><E72/><V27/><F77/><W22/><G109/><T24/><D73/><U75/><E75/><V54/><F31/><W38/><G107/><T28/><D69/><U6/><E105/><V19/><F3/><W97/><G70/><T46/><D46/><N who="2" m="18026" /><F64/><W102/><G38/><T84/><D129/><U134/><E122/><V40/><F40/><W1/><G1/><T127/><D127/><U80/><E43/><V53/><F39/><W108/><G108/><T66/><D66/><U29/><E37/><V121/><F121/><W112/><G112/><T78/><D93/><U52/><E29/><V76/><F76/><W60/><G116/><T81/><D94/><U41/><E41/><V71/><F71/><W62/><G119/><T103/><D103/><U34/><E34/><V30/><F30/><W16/><G106/><T51/><D51/><N who="1" m="30879" /><E80/><V56/><F54/><W2/><G2/><T110/><D110/><U101/><E101/><V23/><F23/><W55/><G55/><T74/><D74/><U104/><E104/><V123/><F123/><W126/><G126/><T12/><D83/><U133/><E133/><V132/><F132/><W15/><G22/><T47/><D81/><U58/><E58/><V95/><F95/><W92/><G92/><T67/><D59/><U50/><E50/><V118/><F118/><W113/><G113/><T79/><D65/><U11/><E11/><RYUUKYOKU ba="1,1" sc="370,-15,190,15,283,15,147,-15" hai1="6,9,14,82,85,134,135" hai2="10,19,25,26,27,53,56,61,88,91" /><INIT seed="2,2,1,4,0,133" ten="355,205,298,132" oya="2" hai0="90,5,61,120,107,69,29,112,34,91,44,85,74" hai1="70,1,122,106,67,102,23,66,31,58,95,94,55" hai2="51,73,75,113,131,24,88,4,13,78,92,125,38" hai3="35,117,79,86,17,30,128,36,39,0,65,3,127"/><V123/><F38/><W48/><G117/><T45/><D112/><U46/><E1/><V7/><F113/><W82/><G128/><T64/><D74/><U83/><E70/><V129/><F123/><W26/><G36/><T126/><D120/><U76/><E106/><V16/><F51/><W25/><G39/><T27/><D5/><N who="2" m="2122" /><F24/><W57/><G127/><T103/><D126/><U115/><E115/><V97/><F78/><W42/><G65/><T124/><D124/><U110/><E122/><V52/><F52/><W10/><G25/><T114/><D114/><U118/><E118/><V93/><F93/><W2/><G57/><T80/><D91/><U47/><E94/><V12/><F12/><W22/><G10/><T119/><D119/><U105/><E105/><V63/><F63/><W32/><REACH who="3" step="1"/><G30/><REACH who="3" ten="355,205,298,122" step="2"/><T33/><D33/><U9/><E67/><V99/><F125/><W54/><G54/><T96/><AGARI ba="2,2" hai="27,29,34,44,45,61,64,69,80,85,90,96,103,107" machi="96" ten="30,4000,0" yaku="0,1,25,2" doraHai="133" who="0" fromWho="0" sc="355,66,205,-12,298,-22,122,-12" /><INIT seed="3,0,0,1,5,20" ten="421,193,276,110" oya="3" hai0="39,44,72,95,56,37,112,59,24,42,82,85,96" hai1="79,63,121,48,73,135,43,134,118,16,127,54,40" hai2="8,93,29,26,123,10,27,52,107,129,41,77,45" hai3="14,102,104,125,103,133,61,50,128,67,58,55,4"/><W113/><G113/><T84/><D112/><U62/><E121/><V126/><F107/><W111/><G128/><T132/><D132/><N who="1" m="50731" /><E127/><V89/><F126/><W109/><G133/><T76/><D39/><U68/><E118/><V117/><F117/><W49/><G125/><T46/><D46/><U6/><E6/><V35/><F77/><W30/><G49/><T36/><D36/><U33/><E33/><V110/><F110/><W31/><G4/><T105/><D24/><U25/><E79/><V0/><F0/><W99/><G14/><T74/><D74/><U116/><E73/><V13/><F129/><W60/><G60/><N who="1" m="23082" /><E68/><V51/><F123/><W15/><G15/><T7/><D85/><U115/><E115/><V32/><F41/><W97/><G109/><T53/><D53/><U101/><E101/><V100/><F100/><W119/><G119/><T108/><D7/><U3/><E3/><V9/><F13/><W98/><G111/><T18/><D18/><U5/><E5/><V130/><F130/><W57/><REACH who="3" step="1"/><G99/><REACH who="3" ten="421,193,276,100" step="2"/><T78/><D108/><U80/><E116/><V87/><F8/><W22/><G22/><T70/><D96/><U19/><E48/><V17/><F17/><W69/><G69/><T38/><D70/><U71/><E71/><V21/><F32/><W47/><G47/><T83/><D38/><U92/><E16/><V120/><REACH who="2" step="1"/><F120/><REACH who="2" ten="421,193,266,100" step="2"/><W94/><AGARI ba="0,2" hai="30,31,50,55,57,58,61,67,94,97,98,102,103,104" machi="94" ten="20,7800,0" yaku="1,1,0,1,7,1,53,1" doraHai="20" doraHaiUra="90" who="3" fromWho="3" sc="421,-26,193,-26,266,-26,100,98" /><INIT seed="3,1,0,1,3,39" ten="395,167,240,198" oya="3" hai0="48,133,99,120,94,30,18,33,72,128,51,43,123" hai1="126,24,1,66,53,98,104,22,89,135,14,84,68" hai2="79,130,108,28,110,107,80,50,59,55,7,119,42" hai3="74,19,41,77,86,36,124,54,4,40,52,10,111"/><W37/><G74/><T35/><D72/><U97/><E1/><V67/><F119/><W45/><G19/><T13/><D133/><U38/><E126/><V101/><F130/><W71/><G124/><T23/><D128/><U85/><E135/><V88/><F28/><W91/><G77/><T83/><D123/><U115/><E115/><V93/><F7/><W0/><G71/><T61/><D120/><U6/><E38/><V114/><F114/><W81/><G111/><T92/><D35/><U103/><E97/><N who="2" m="61871" /><F67/><W127/><G127/><T100/><D43/><U12/><E85/><N who="2" m="52367" /><F42/><W3/><G0/><T65/><D92/><U31/><E6/><V131/><F131/><W63/><G63/><T76/><D83/><U116/><E116/><V121/><F121/><W47/><AGARI ba="1,0" hai="3,4,10,36,37,40,41,45,47,52,54,81,86,91" machi="47" ten="30,12000,1" yaku="0,1,9,1,52,2,54,1" doraHai="39" who="3" fromWho="3" sc="395,-41,167,-41,240,-41,198,123" /><INIT seed="3,2,0,5,0,35" ten="354,126,199,321" oya="3" hai0="98,128,115,23,62,69,86,7,48,43,122,114,13" hai1="84,30,113,22,64,105,58,40,102,5,129,16,61" hai2="91,93,100,110,66,96,82,27,0,26,124,36,53" hai3="50,72,21,132,126,74,73,34,70,11,17,20,127"/><W78/><G70/><T28/><D122/><U54/><E129/><V41/><F0/><W119/><G34/><T81/><D128/><U14/><E113/><V49/><F110/><W25/><G119/><T37/><D37/><U55/><E40/><V24/><F124/><N who="3" m="47659" /><G132/><T107/><D107/><U135/><E135/><V8/><F36/><W79/><G50/><T90/><D98/><U9/><E30/><V92/><F8/><W19/><G11/><T99/><D99/><U108/><E108/><V44/><F66/><W87/><G87/><T109/><D109/><U18/><E105/><V15/><F15/><AGARI ba="2,0" hai="15,17,19,20,21,25,72,73,74,78,79" m="47659" machi="15" ten="40,2000,0" yaku="18,1" doraHai="35" who="3" fromWho="2" sc="354,0,126,0,199,-26,321,26" /><INIT seed="3,3,0,0,3,134" ten="354,126,173,347" oya="3" hai0="54,10,65,73,43,58,57,97,69,92,8,128,11" hai1="96,63,25,122,95,34,83,82,111,85,6,7,15" hai2="33,53,117,102,4,12,50,22,2,18,1,77,16" hai3="55,0,78,79,121,62,31,71,118,40,72,42,93"/><W112/><G118/><T14/><D128/><U126/><E111/><V113/><F117/><W108/><G0/><T120/><D73/><U104/><E122/><V90/><F113/><W131/><G121/><T60/><D120/><U52/><E104/><V20/><F33/><W61/><G112/><T30/><D30/><U109/><E109/><V68/><F68/><W41/><G108/><T67/><D43/><U98/><E34/><V27/><F102/><W23/><G131/><T35/><D35/><U123/><E123/><V124/><F124/><W51/><G72/><T129/><D129/><U5/><E126/><V39/><F39/><W76/><G71/><T29/><D29/><U80/><E25/><V3/><F77/><W135/><G135/><T19/><D69/><U86/><E15/><V89/><REACH who="2" step="1"/><F4/><REACH who="2" ten="354,126,163,347" step="2"/><W56/><G93/><T38/><D38/><U94/><E63/><V75/><F75/><W26/><AGARI ba="3,1" hai="23,26,31,40,41,42,51,55,56,61,62,76,78,79" machi="26" ten="40,3900,0" yaku="0,1,8,1" doraHai="134" who="3" fromWho="3" sc="354,-16,126,-16,163,-16,347,58" owari="338,13.8,110,-39.0,147,-25.3,405,50.5" /></mjloggm>