<mjloggm ver="2.3"><GO type="225" lobby="0"/><UN n0="%47%32%E9%BE%8D%E9%96%80" n1="%E3%83%A8%E3%82%B7%E3%83%AF" n2="%72%69%6F%75%63%68%61%6E" n3="%E5%BE%80%E5%B9%B4%E3%81%AE%E3%82%B4%E3%83%AA%E3%83%A9" dan="16,17,17,16" rate="2113.35,2233.76,2154.84,2104.47" sx="M,M,M,M"/><TAIKYOKU oya="0"/><INIT seed="0,0,0,2,3,90" ten="250,250,250,250" oya="0" hai0="130,72,40,28,114,2,75,131,12,115,57,38,108" hai1="46,107,8,87,103,18,98,133,59,21,63,13,74" hai2="45,50,49,132,61,34,127,128,93,80,20,47,52" hai3="60,116,65,101,92,1,22,10,99,55,19,32,35"/><T7/><D38/><U83/><E133/><V86/><F34/><W31/><G116/><T24/><D40/><U78/><E46/><V77/><F132/><W120/><G120/><T123/><D57/><U15/><E74/><V30/><F128/><N who="0" m="49194" /><D75/><U71/><E71/><V94/><F127/><W91/><G55/><T56/><D56/><U121/><E121/><V4/><F4/><W119/><G119/><T96/><D72/><U113/><E113/><N who="0" m="43017" /><D96/><U69/><E69/><V106/><F106/><W67/><G60/><T81/><D81/><U129/><E129/><V25/><REACH who="2" step="1"/><F61/><REACH who="2" ten="250,250,240,250" step="2"/><W29/><G35/><N who="0" m="20871" /><D123/><U82/><E107/><V16/><F16/><W37/><G19/><T42/><D42/><AGARI ba="0,1" hai="20,25,30,42,45,47,49,50,52,77,80,86,93,94" machi="42" ten="30,12000,2" yaku="1,1,7,1,8,1,52,2,54,1,53,0" doraHai="90" doraHaiUra="102" who="2" fromWho="0" sc="250,-120,250,0,240,130,250,0" /><INIT seed="1,0,0,0,5,123" ten="130,250,370,250" oya="1" hai0="122,72,66,75,90,53,25,9,64,19,78,16,80" hai1="98,33,130,111,57,69,59,99,12,62,45,76,102" hai2="4,52,63,5,104,68,110,51,89,88,117,103,7" hai3="133,23,124,92,38,86,29,116,84,40,41,44,70"/><U34/><E130/><V14/><F110/><W35/><G133/><T71/><D122/><U11/><E76/><V60/><F117/><W106/><G106/><T26/><D90/><N who="2" m="34922" /><F68/><W30/><G124/><T55/><D9/><U42/><E99/><V18/><F103/><W37/><G70/><T50/><D50/><U65/><E111/><V0/><F104/><W135/><G135/><T125/><D71/><U121/><E121/><V97/><F0/><W91/><G35/><T114/><D78/><U131/><E131/><V10/><F97/><W113/><G113/><T27/><D80/><U101/><E101/><V112/><F112/><W31/><G116/><T32/><D114/><U24/><E24/><V77/><F77/><W119/><G119/><T2/><D2/><U81/><E81/><V58/><AGARI ba="0,0" hai="4,5,7,10,14,18,51,52,58,60,63" m="34922" machi="58" ten="30,4000,0" yaku="8,1,54,2" doraHai="123" who="2" fromWho="2" sc="130,-10,250,-20,370,40,250,-10" /><INIT seed="2,0,0,5,0,22" ten="120,230,410,240" oya="2" hai0="78,34,134,52,127,85,7,82,4,39,107,119,53" hai1="42,60,124,36,0,72,43,51,104,100,116,31,130" hai2="25,83,123,101,118,37,30,115,84,17,23,95,99" hai3="38,10,50,109,66,129,63,94,69,122,106,90,113"/><V91/><F115/><W81/><G122/><T41/><D107/><U49/><E0/><V103/><F118/><W71/><G106/><T3/><D119/><U1/><E1/><V80/><F123/><W75/><G38/><T15/><D134/><U102/><E116/><V45/><F30/><W20/><G109/><T6/><D127/><U93/><E72/><V32/><F32/><W65/><G10/><T8/><D34/><U26/><E124/><V13/><F13/><W108/><G108/><T73/><D85/><U89/><E130/><V56/><F56/><W128/><G50/><T76/><D76/><U121/><E121/><V105/><REACH who="2" step="1"/><F103/><REACH who="2" ten="120,230,400,240" step="2"/><W12/><G113/><T33/><D33/><U5/><E102/><V18/><F18/><W135/><G12/><T68/><D68/><U117/><E100/><V47/><F47/><W70/><G70/><T86/><D6/><U55/><E5/><V111/><F111/><W97/><G71/><T24/><D7/><U27/><E117/><V11/><F11/><W88/><G69/><T46/><D15/><U40/><E31/><V2/><F2/><W44/><G44/><T112/><D112/><U110/><E110/><V61/><F61/><W133/><G63/><T92/><REACH who="0" step="1"/><D24/><REACH who="0" ten="110,230,400,240" step="2"/><U74/><E26/><V62/><F62/><W96/><G133/><T59/><D59/><N who="1" m="34943" /><E27/><V48/><F48/><N who="1" m="18505" /><E36/><V16/><F16/><W35/><G135/><T125/><D125/><U19/><E19/><V14/><F14/><W87/><G35/><T114/><D114/><U67/><E40/><AGARI ba="0,2" hai="17,23,25,37,40,45,80,83,84,91,95,99,101,105" machi="40" ten="40,3900,0" yaku="1,1,52,1,53,0" doraHai="22" doraHaiUra="9" who="2" fromWho="1" sc="110,0,230,-39,400,59,240,0" /><INIT seed="2,1,0,4,0,108" ten="110,191,459,240" oya="2" hai0="122,98,16,127,106,82,112,56,100,53,111,70,23" hai1="103,8,90,128,88,76,27,64,119,45,60,1,50" hai2="29,11,47,116,129,15,31,41,26,120,73,42,109" hai3="43,36,97,96,44,124,55,5,58,21,9,114,48"/><V13/><F129/><W61/><G124/><T95/><D111/><U91/><E128/><V38/><F109/><W102/><G21/><T2/><D127/><U135/><E119/><V68/><F116/><W94/><G97/><T79/><D122/><U117/><E117/><V115/><F115/><W24/><G24/><T20/><D70/><U107/><E135/><V69/><F73/><W25/><G25/><T3/><D23/><U110/><E110/><V74/><F74/><W35/><G35/><T30/><D30/><U54/><E76/><V84/><F42/><W92/><G114/><T34/><D106/><U4/><E27/><V7/><F120/><W133/><G133/><T19/><D34/><U40/><E107/><V72/><F72/><W0/><REACH who="3" step="1"/><G94/><REACH who="3" ten="110,191,459,230" step="2"/><T80/><D112/><U59/><REACH who="1" step="1"/><E103/><REACH who="1" ten="110,181,459,230" step="2"/><V81/><F29/><W46/><G46/><T6/><D100/><U134/><E134/><V14/><F26/><W86/><G86/><T105/><D105/><U49/><E49/><AGARI ba="1,2" hai="0,5,9,36,43,44,48,49,55,58,61,92,96,102" machi="49" ten="40,1300,0" yaku="1,1,53,0" doraHai="108" doraHaiUra="123" who="3" fromWho="1" sc="110,0,181,-16,459,0,230,36" /><INIT seed="3,0,0,0,1,20" ten="110,165,459,266" oya="3" hai0="102,133,25,51,1,12,110,132,55,76,39,14,10" hai1="116,54,83,123,112,71,42,92,37,129,88,109,47" hai2="16,3,99,75,111,34,7,13,70,67,8,101,17" hai3="5,46,49,104,89,62,43,126,113,6,119,41,22"/><W107/><G113/><T61/><D39/><U72/><E112/><V85/><F111/><W127/><G119/><T11/><D102/><U59/><E123/><V69/><F75/><W58/><G89/><T65/><D76/><U77/><E109/><V130/><F34/><W80/><G80/><T90/><D90/><U98/><E129/><V35/><F35/><W45/><G22/><T31/><D110/><U48/><E71/><V36/><F36/><W68/><G68/><T121/><D61/><U87/><E116/><V135/><F130/><W93/><G93/><T82/><D65/><U79/><REACH who="1" step="1"/><E72/><REACH who="1" ten="110,155,459,266" step="2"/><V33/><F70/><W27/><G126/><T128/><D82/><U9/><E9/><N who="0" m="3081" /><D121/><U81/><E81/><V64/><F85/><W53/><G127/><T124/><D128/><U19/><E19/><V78/><F33/><W60/><G6/><T26/><D124/><U84/><E84/><V131/><F67/><W29/><G5/><T115/><D115/><U118/><E118/><V120/><F101/><AGARI ba="0,1" hai="37,42,47,48,54,59,77,79,83,87,88,92,98,101" machi="101" ten="30,3900,0" yaku="1,1,7,1,54,1,53,0" doraHai="20" doraHaiUra="106" who="1" fromWho="2" sc="110,0,155,49,459,-39,266,0" owari="110,-39.0,204,-19.6,420,52.0,266,6.6" /></mjloggm>