<mjloggm ver="2.3"><GO type="225" lobby="0"/><UN n0="%E7%89%B9%E6%9D%B1%E5%96%B0%E8%B5%A4%E9%80%9F" n1="%E6%A1%9C%E8%8A%B1%E9%96%83%E3%80%85" n2="%28%EF%BF%A3%E2%96%BD%EF%BF%A3%29%CE%B4%E2%8C%92%E3%83%BB" n3="%E3%81%82%E3%81%B9%E3%81%99%E3%81%91" dan="16,17,17,16" rate="2064.21,2189.71,2245.60,2045.27" sx="M,M,M,M"/><TAIKYOKU oya="0"/><INIT seed="0,0,0,5,0,37" ten="250,250,250,250" oya="0" hai0="86,47,111,106,75,19,71,55,22,17,57,64,60" hai1="118,98,42,43,112,81,31,90,92,87,3,53,82" hai2="33,16,121,62,26,29,133,113,21,122,114,107,103" hai3="120,65,49,88,41,10,129,74,8,50,52,119,59"/><T101/><D75/><U130/><E118/><V63/><F103/><W35/><G119/><T117/><D117/><U38/><E38/><V5/><F107/><W128/><G35/><T108/><D86/><U48/><E130/><N who="3" m="50282" /><G74/><T34/><D34/><U0/><E112/><N who="2" m="43115" /><F63/><N who="3" m="36327" /><G65/><T125/><D125/><U27/><E0/><V23/><F62/><W11/><G120/><N who="2" m="46185" /><F133/><W105/><G105/><T28/><D101/><U39/><E39/><V4/><F33/><W94/><G41/><N who="1" m="15370" /><E3/><V123/><N who="2" m="46193" /><V25/><AGARI ba="0,0" hai="4,5,16,21,23,25,26,29" m="46193,43115" machi="25" ten="50,8000,1" yaku="4,1,34,2,54,1" doraHai="37" who="2" fromWho="2" sc="250,-40,250,-20,250,80,250,-20" /><INIT seed="1,0,0,1,0,92" ten="210,230,330,230" oya="1" hai0="98,100,17,55,83,78,76,16,103,27,123,79,84" hai1="56,62,112,15,64,41,48,1,25,106,104,111,28" hai2="23,109,130,37,97,26,44,77,131,47,60,59,36" hai3="74,31,91,2,29,30,63,50,125,122,61,12,72"/><U90/><E112/><V88/><F77/><W45/><G122/><T93/><D123/><U113/><E113/><V75/><F75/><W116/><G2/><T126/><D126/><U38/><E1/><V8/><F109/><W134/><G125/><T115/><D115/><U117/><E117/><V95/><F8/><W21/><G134/><T0/><D0/><U89/><E38/><V121/><F121/><W86/><G116/><T65/><D100/><U129/><E129/><N who="2" m="49163" /><F37/><W3/><G3/><T39/><D65/><U94/><E15/><V73/><F73/><W19/><G74/><T80/><D39/><U101/><E106/><V18/><F36/><W35/><G35/><T69/><D69/><U13/><E13/><V133/><F133/><W7/><G7/><T105/><D55/><AGARI ba="0,0" hai="18,23,26,44,47,55,59,60,88,95,97" m="49163" machi="55" ten="30,7700,0" yaku="25,1,19,1,52,1,54,1" doraHai="92" who="2" fromWho="0" sc="210,-77,230,0,330,77,230,0" /><INIT seed="2,0,0,0,4,83" ten="133,230,407,230" oya="2" hai0="91,40,60,102,27,45,70,67,116,26,1,131,0" hai1="57,72,117,120,17,7,43,79,31,69,109,9,75" hai2="59,14,119,112,132,99,84,100,108,89,5,85,24" hai3="48,56,37,12,53,73,118,71,29,22,44,32,3"/><V134/><F112/><W39/><G118/><T21/><D116/><U93/><E69/><V4/><F119/><W36/><G73/><T126/><D131/><U65/><E117/><V77/><F108/><W41/><G3/><T52/><D126/><U20/><E109/><V55/><F24/><W110/><G110/><T63/><D102/><U68/><E68/><V107/><F77/><W82/><G71/><T128/><D128/><U96/><E43/><V46/><F46/><W95/><G82/><T129/><D129/><U64/><E31/><V78/><F78/><W86/><G32/><T28/><D26/><U25/><E57/><V10/><F4/><W133/><G133/><N who="2" m="51305" /><F89/><N who="3" m="53687" /><G29/><T54/><D54/><U97/><E79/><V113/><F113/><W76/><G76/><T101/><D101/><U90/><E120/><V18/><F5/><W19/><AGARI ba="0,0" hai="12,19,22,36,37,39,41,44,48,53,56" m="53687" machi="19" ten="30,2000,0" yaku="25,1,52,1" doraHai="83" who="3" fromWho="3" sc="133,-5,230,-5,407,-10,230,20" /><INIT seed="3,0,0,1,5,58" ten="128,225,397,250" oya="3" hai0="23,44,65,35,94,25,96,112,74,66,11,131,68" hai1="36,69,86,78,116,105,8,115,129,87,1,101,37" hai2="132,135,20,81,15,51,82,99,60,73,102,32,114" hai3="62,61,18,103,2,121,54,72,125,108,98,57,42"/><W0/><G121/><T79/><D112/><U126/><E115/><V24/><F114/><W89/><G72/><T90/><D131/><U49/><E49/><V64/><F32/><W84/><G125/><T56/><D35/><U16/><E78/><V43/><F15/><W76/><G42/><T50/><D68/><U75/><E75/><V107/><F51/><W67/><G18/><T109/><D109/><U12/><E69/><N who="2" m="42119" /><F43/><W71/><G76/><T31/><D74/><U77/><E87/><V13/><F13/><W28/><G28/><T93/><D79/><U41/><E41/><V21/><F73/><W95/><REACH who="3" step="1"/><G108/><REACH who="3" ten="128,225,397,240" step="2"/><T106/><D106/><AGARI ba="0,1" hai="0,2,54,57,61,62,67,71,84,89,95,98,103,106" machi="106" ten="30,12000,1" yaku="1,1,2,1,7,1,52,2,53,0" doraHai="58" doraHaiUra="30" who="3" fromWho="0" sc="128,-120,225,0,397,0,240,130" /><INIT seed="3,1,0,5,0,32" ten="8,225,397,370" oya="3" hai0="65,72,84,44,131,86,133,35,50,82,13,76,132" hai1="118,28,95,107,9,122,83,90,11,75,110,101,105" hai2="78,71,4,19,108,106,49,94,63,0,6,56,62" hai3="102,115,66,26,70,57,12,127,34,111,27,52,119"/><W59/><G119/><T31/><D131/><U1/><E28/><V40/><F106/><W130/><G130/><T92/><D92/><U68/><E11/><V36/><F108/><W2/><G2/><T124/><D124/><U89/><E9/><V46/><F0/><W10/><G115/><T5/><D5/><N who="2" m="2154" /><F36/><W43/><G43/><T103/><D103/><U55/><E55/><N who="2" m="34079" /><F71/><W79/><G79/><T60/><D60/><U77/><E1/><V54/><F78/><W29/><G127/><T120/><D120/><U30/><E30/><V74/><F74/><W80/><G111/><T85/><D85/><U117/><E68/><V51/><F94/><W24/><G70/><T58/><D58/><U99/><E110/><V112/><F112/><W113/><G80/><T104/><D104/><U47/><E47/><N who="2" m="25831" /><F63/><W134/><G134/><T39/><D39/><U64/><E64/><V18/><AGARI ba="1,0" hai="18,19,46,51,54" m="25831,34079,2154" machi="18" ten="30,1100,0" yaku="8,1" doraHai="32" who="2" fromWho="2" sc="8,-4,225,-4,397,14,370,-6" owari="4,-49.6,221,-17.9,411,51.1,364,16.4" /></mjloggm>