<mjloggm ver="2.3"><GO type="225" lobby="0"/><UN n0="%43%68%65" n1="%72%61%6B%33" n2="%63%68%78%62%64" n3="%E3%81%86%E3%83%BC%E3%81%B1%E3%83%BC" dan="16,17,16,17" rate="2173.70,2147.74,2107.07,2141.40" sx="M,M,M,F"/><TAIKYOKU oya="0"/><INIT seed="0,0,0,0,5,44" ten="250,250,250,250" oya="0" hai0="69,3,65,43,15,19,92,111,118,71,14,22,54" hai1="10,55,78,125,81,38,46,37,83,131,50,112,109" hai2="105,130,107,66,56,20,119,115,40,24,110,27,132" hai3="129,101,30,52,35,113,117,116,23,60,85,63,61"/><T94/><D118/><U28/><E109/><V7/><F115/><W100/><G113/><T89/><D3/><U39/><E112/><V134/><F119/><W5/><G35/><T12/><D111/><U79/><E125/><V124/><F110/><W16/><G129/><T25/><D43/><U18/><E131/><V4/><F130/><W76/><G30/><T59/><D65/><U121/><E121/><V53/><F66/><W77/><G5/><T2/><D2/><U17/><E28/><V62/><F40/><W91/><G116/><T133/><D133/><N who="2" m="51306" /><F124/><W102/><G117/><T135/><D135/><U96/><E96/><V87/><F87/><W42/><G42/><T106/><D106/><N who="2" m="40458" /><F24/><N who="3" m="14439" /><G52/><T93/><REACH who="0" step="1"/><D89/><REACH who="0" ten="240,250,250,250" step="2"/><U47/><E10/><V57/><F53/><W99/><G99/><T73/><D73/><U90/><E90/><V8/><F7/><W122/><G122/><T86/><D86/><U95/><E55/><V21/><F4/><W84/><G84/><T80/><D80/><AGARI ba="0,1" hai="60,61,63,76,77,80,85,91,100,101,102" m="14439" machi="80" ten="30,2000,0" yaku="8,1,54,1" doraHai="44" who="3" fromWho="0" sc="240,-20,250,0,250,0,250,30" /><INIT seed="1,0,0,1,1,32" ten="220,250,250,280" oya="1" hai0="12,72,126,121,84,67,113,57,38,19,47,33,44" hai1="21,41,4,99,109,43,130,10,15,59,62,119,86" hai2="27,22,24,60,108,6,9,98,52,14,49,0,104" hai3="100,69,91,34,40,51,42,64,35,30,18,131,29"/><U135/><E119/><V65/><F108/><W37/><G37/><T134/><D72/><U111/><E130/><V133/><F133/><W8/><G131/><T132/><D113/><U127/><E135/><N who="0" m="51753" /><D126/><U82/><E99/><V58/><F14/><W2/><G100/><T101/><D121/><U94/><E94/><V46/><REACH who="2" step="1"/><F22/><REACH who="2" ten="220,250,240,280" step="2"/><W89/><G35/><T56/><D33/><U122/><E21/><V105/><F105/><W93/><G34/><T97/><D12/><U5/><E122/><V75/><F75/><W76/><G2/><T115/><D115/><U31/><E127/><V1/><F1/><W63/><G8/><T116/><D116/><U17/><E111/><V70/><F70/><W28/><G69/><T106/><D106/><U81/><E109/><V23/><F23/><W54/><G76/><T26/><D26/><U120/><E120/><V71/><F71/><W11/><G11/><T55/><D19/><U66/><E31/><V102/><AGARI ba="0,1" hai="0,6,9,24,27,46,49,52,58,60,65,98,102,104" machi="102" ten="30,7900,0" yaku="1,1,0,1,52,1,54,1,53,0" doraHai="32" doraHaiUra="110" who="2" fromWho="2" sc="220,-20,250,-39,240,89,280,-20" /><INIT seed="2,0,0,4,2,91" ten="200,211,329,260" oya="2" hai0="20,34,65,101,35,67,79,104,76,32,87,57,6" hai1="43,39,51,23,1,94,80,49,85,100,124,60,26" hai2="37,38,61,111,7,42,12,18,114,116,4,120,129" hai3="83,70,122,119,92,132,22,54,44,126,64,130,9"/><V27/><F116/><W128/><G119/><T88/><D6/><U53/><E1/><V24/><F120/><W10/><G122/><T131/><D131/><N who="3" m="50217" /><G132/><T97/><D20/><U103/><E124/><V86/><F129/><W98/><G126/><T31/><D31/><U99/><E103/><V66/><F111/><W109/><G109/><T56/><D56/><N who="1" m="34831" /><E39/><V13/><F114/><W11/><G83/><T72/><D57/><U25/><E43/><V135/><F42/><W112/><G112/><T59/><D59/><U127/><E127/><V55/><F55/><W78/><G78/><T74/><D79/><N who="1" m="46239" /><E25/><V47/><F24/><W117/><G117/><T106/><D106/><U0/><E0/><V81/><F27/><W75/><G75/><T62/><D62/><U105/><E105/><V29/><F61/><N who="3" m="40207" /><G54/><T95/><REACH who="0" step="1"/><D74/><REACH who="0" ten="190,211,329,260" step="2"/><U5/><E5/><V52/><F7/><W58/><G58/><T115/><D115/><U63/><E63/><V48/><F4/><W2/><G2/><T68/><D68/><U125/><E125/><V71/><F29/><AGARI ba="0,1" hai="23,26,29,49,51,94,99,100" m="46239,34831" machi="29" ten="30,2000,0" yaku="8,1,52,1" doraHai="91" who="1" fromWho="2" sc="190,0,211,30,329,-20,260,0" /><INIT seed="3,0,0,4,4,124" ten="190,241,309,260" oya="3" hai0="40,39,37,92,22,42,15,62,127,86,89,55,80" hai1="16,79,81,110,19,23,118,50,78,18,25,109,119" hai2="53,0,69,49,102,117,90,35,100,96,97,84,34" hai3="14,111,6,66,45,122,95,41,1,134,57,94,52"/><W105/><G122/><T120/><D120/><U51/><E23/><V2/><F69/><W44/><G1/><T116/><D116/><N who="1" m="44587" /><E25/><V47/><F117/><W12/><G105/><T74/><D127/><U101/><E101/><V26/><F2/><W59/><G134/><T4/><D39/><U99/><E99/><V108/><F0/><W29/><G29/><T54/><D37/><U132/><E132/><V28/><F108/><N who="1" m="41577" /><E81/><V32/><F97/><W131/><G111/><T71/><D71/><U60/><E60/><V7/><F7/><W125/><G125/><T115/><D115/><U46/><E46/><V17/><F17/><W85/><G6/><T87/><D74/><U98/><E98/><V27/><F27/><W63/><G85/><T9/><D22/><U106/><E106/><V121/><F121/><W48/><G44/><T135/><D135/><U133/><E133/><V8/><F8/><W112/><G112/><T58/><REACH who="0" step="1"/><D55/><REACH who="0" ten="180,241,309,260" step="2"/><U56/><E56/><V103/><F96/><W11/><G59/><T10/><D10/><U64/><E64/><V5/><F35/><W91/><G11/><T68/><D68/><U113/><E113/><V21/><F34/><W73/><G73/><T93/><D93/><U3/><E3/><V61/><F32/><W33/><G33/><T82/><D82/><U129/><E129/><V30/><F21/><W13/><G131/><T31/><D31/><U67/><E67/><V126/><F30/><W104/><G104/><T114/><D114/><U75/><E75/><V24/><F28/><W76/><G66/><T72/><D72/><RYUUKYOKU ba="0,1" sc="180,15,241,15,309,-15,260,-15" hai0="4,9,15,40,42,54,58,62,80,86,87,89,92" hai1="16,18,19,50,51,78,79" /><INIT seed="4,1,1,0,2,79" ten="195,256,294,245" oya="0" hai0="58,96,14,37,90,10,106,131,54,94,92,48,19" hai1="43,127,124,101,38,41,125,99,68,26,114,47,25" hai2="66,40,24,80,135,129,44,33,18,53,95,0,50" hai3="113,86,31,104,45,105,39,128,120,28,3,15,130"/><T134/><D134/><U70/><E114/><V89/><F135/><W55/><G3/><T111/><D131/><N who="3" m="50217" /><G113/><T83/><D111/><U122/><E122/><V88/><F129/><W57/><G120/><T108/><D108/><U51/><E41/><V62/><F0/><W60/><G15/><T4/><D37/><U112/><E112/><V32/><F40/><N who="3" m="22687" /><G86/><T49/><D106/><AGARI ba="1,1" hai="28,31,55,57,60,104,105,106" m="22687,50217" machi="106" ten="30,1000,0" yaku="19,1" doraHai="79" who="3" fromWho="0" sc="195,-13,256,0,294,0,245,23" /><INIT seed="5,0,0,2,2,66" ten="182,256,294,268" oya="1" hai0="49,47,33,103,127,114,99,32,55,22,54,70,45" hai1="90,84,92,132,4,86,68,62,121,43,123,117,82" hai2="130,10,93,80,0,46,97,20,2,12,124,36,51" hai3="75,120,7,50,135,53,44,52,9,29,67,72,6"/><U27/><E117/><V125/><F36/><W95/><G120/><T109/><D109/><U98/><E132/><V91/><F80/><W122/><G122/><T30/><D114/><U13/><E43/><V18/><F130/><W26/><G135/><T59/><D127/><N who="2" m="48714" /><F20/><W38/><G38/><T81/><D70/><U28/><E86/><V63/><F63/><W17/><G67/><T5/><D5/><U113/><E113/><V31/><F31/><W110/><G110/><T69/><D69/><U107/><E107/><V8/><F8/><W102/><G53/><AGARI ba="0,0" hai="0,2,10,12,18,46,51,53,91,93,97" m="48714" machi="53" ten="30,1000,0" yaku="18,1" doraHai="66" who="2" fromWho="3" sc="182,0,256,0,294,10,268,-10" owari="182,-31.8,256,-14.4,304,40.4,258,5.8" /></mjloggm>