<mjloggm ver="2.3"><GO type="225" lobby="0"/><UN n0="%E3%83%A9%E3%83%BC%E3%83%A1%E3%83%B3%E4%BA%94%E9%83%8E" n1="%E3%81%8B%E3%82%8F%E3%81%A1%E3%82%83%E3%82%93%35%38" n2="%6D%75%75%6D%75%72%61" n3="%E7%B4%94%E6%BD%94%E3%83%94%E3%83%A9%E3%83%8B%E3%82%A2" dan="16,16,16,18" rate="2089.43,2081.98,2163.07,2248.35" sx="M,M,F,M"/><TAIKYOKU oya="0"/><INIT seed="0,0,0,5,0,67" ten="250,250,250,250" oya="0" hai0="76,89,124,65,120,36,96,133,102,45,35,110,46" hai1="77,97,2,111,57,9,125,72,115,24,100,104,16" hai2="113,49,101,70,107,64,63,42,127,118,99,75,17" hai3="55,84,119,8,15,68,91,51,134,112,132,23,40"/><T87/><D120/><U66/><E111/><V54/><F113/><W106/><G106/><T25/><D110/><U48/><E125/><V114/><F114/><W44/><G112/><T53/><D124/><U78/><E115/><V94/><F127/><W14/><G119/><T26/><D133/><N who="3" m="51305" /><G23/><T43/><D76/><U20/><E72/><V61/><F118/><W1/><G1/><T59/><D65/><U19/><E19/><V39/><F75/><W109/><G109/><T74/><D46/><U28/><E28/><V86/><F61/><W73/><G73/><T123/><D35/><U90/><E90/><V7/><F7/><W135/><N who="3" m="51313" /><W10/><DORA hai="30" /><G40/><T92/><D123/><U37/><E37/><V131/><F131/><W21/><G21/><T18/><D18/><U5/><REACH who="1" step="1"/><E66/><REACH who="1" ten="250,240,250,250" step="2"/><V22/><F39/><W50/><G50/><T27/><D74/><U62/><E62/><V85/><F17/><N who="3" m="8391" /><G10/><T47/><D36/><U80/><E80/><V12/><F22/><W11/><G11/><T38/><D38/><U128/><E128/><V56/><F63/><W58/><G91/><T98/><D89/><U83/><E83/><V105/><F64/><W69/><G84/><T122/><D87/><U95/><E95/><V129/><F86/><W60/><G15/><T0/><D122/><U13/><E13/><V130/><F12/><W33/><G33/><T81/><D0/><U121/><E121/><V93/><F129/><W34/><G34/><T126/><D126/><U108/><E108/><V103/><F130/><W52/><AGARI ba="0,1" hai="44,51,52,55,58,60,68,69" m="8391,51313" machi="52" ten="40,8000,1" yaku="20,1,52,2,54,1" doraHai="67,30" who="3" fromWho="3" sc="250,-40,240,-20,250,-20,250,90" /><INIT seed="1,0,0,5,0,70" ten="210,220,230,340" oya="1" hai0="133,95,50,82,102,98,35,38,80,21,84,27,128" hai1="19,103,107,68,78,51,7,73,14,96,134,58,123" hai2="44,91,112,10,66,92,132,0,30,41,48,45,99" hai3="108,22,111,85,61,55,64,79,86,39,33,105,93"/><U127/><E123/><V69/><F132/><W5/><G105/><T65/><D35/><U11/><E68/><V29/><F112/><W126/><G33/><T101/><D133/><U47/><E127/><V87/><F69/><N who="3" m="42127" /><G126/><T43/><D128/><U31/><E134/><V81/><F66/><W24/><G39/><T118/><D118/><U52/><E31/><V106/><F106/><W37/><G37/><T20/><D38/><U109/><E109/><N who="3" m="42058" /><G79/><T67/><D102/><U32/><E32/><V94/><F44/><W16/><G5/><T114/><D114/><U23/><E78/><V6/><REACH who="2" step="1"/><F92/><REACH who="2" ten="210,220,220,340" step="2"/><W124/><G124/><T121/><D121/><U18/><E73/><V36/><F36/><W97/><G55/><T83/><D95/><U90/><E90/><AGARI ba="0,1" hai="0,6,10,29,30,41,45,48,81,87,90,91,94,99" machi="90" ten="30,2000,0" yaku="1,1,7,1,53,0" doraHai="70" doraHaiUra="56" who="2" fromWho="1" sc="210,0,220,-20,220,30,340,0" /><AGARI ba="0,0" hai="16,22,24,85,86,90,93,97" m="42058,42127" machi="90" ten="30,2000,0" yaku="14,1,54,1" doraHai="70" who="3" fromWho="1" sc="210,0,200,-20,250,0,340,20" /><INIT seed="2,0,0,3,1,20" ten="210,180,250,360" oya="2" hai0="57,91,5,89,56,130,59,86,73,135,84,39,109" hai1="0,22,7,34,87,19,65,118,131,101,100,133,134" hai2="28,119,121,93,115,90,41,125,52,107,120,79,25" hai3="69,92,33,3,4,2,37,16,67,128,40,30,51"/><V47/><F115/><W14/><G37/><T49/><D39/><U95/><E34/><V60/><F119/><W70/><G67/><T46/><D73/><U111/><E118/><V81/><F107/><W83/><G128/><T104/><D104/><U24/><E65/><V68/><F125/><W71/><G83/><N who="0" m="49311" /><D109/><U129/><E7/><V85/><F68/><W10/><G92/><N who="0" m="54391" /><D135/><N who="1" m="51723" /><E0/><V76/><F41/><W126/><G126/><T114/><D114/><U31/><E31/><V36/><F76/><W124/><G124/><T106/><D106/><U6/><E6/><V35/><F36/><W123/><G123/><T23/><D130/><N who="1" m="49675" /><E111/><V55/><F55/><W108/><G108/><T112/><D112/><U99/><E87/><V88/><F90/><AGARI ba="0,0" hai="19,22,24,90,95,99,100,101" m="49675,51723" machi="90" ten="30,3900,0" yaku="20,1,19,1,52,1" doraHai="20" who="1" fromWho="2" sc="210,0,180,39,250,-39,360,0" /><INIT seed="3,0,0,5,0,42" ten="210,219,211,360" oya="3" hai0="36,82,20,115,22,75,79,66,53,51,122,93,41" hai1="26,45,18,120,50,125,121,119,129,31,65,91,38" hai2="10,24,80,34,9,37,60,8,29,133,128,77,104" hai3="130,67,96,99,7,71,17,40,23,64,16,52,58"/><W68/><G40/><T48/><D122/><U88/><E38/><V44/><F128/><W0/><G0/><T76/><D36/><U49/><E65/><V33/><F104/><W81/><G7/><T102/><D115/><U100/><E100/><V35/><F133/><W98/><G71/><T70/><D70/><U135/><E18/><V43/><REACH who="2" step="1"/><F60/><REACH who="2" ten="210,219,201,360" step="2"/><W62/><G62/><T113/><D113/><U111/><E135/><V84/><AGARI ba="0,1" hai="8,9,10,24,29,33,34,35,37,43,44,77,80,84" machi="84" ten="30,7900,0" yaku="1,1,2,1,0,1,52,1,53,0" doraHai="42" doraHaiUra="90" who="2" fromWho="2" sc="210,-20,219,-20,201,89,360,-39" owari="190,-31.0,199,-20.1,290,9.0,321,42.1" /></mjloggm>