<mjloggm ver="2.3"><GO type="225" lobby="0"/><UN n0="%E3%81%8B%E3%82%8F%E3%81%A1%E3%82%83%E3%82%93%35%38" n1="%E6%B4%BE%E9%81%A3%E3%81%AE%E3%82%B8%E3%83%A3%E3%83%83%E3%82%AF" n2="%6C%61%6D%62" n3="%E3%82%A2%E3%83%A1%E3%82%A2%E3%83%A9%E3%83%AC" dan="16,17,16,16" rate="2128.87,2206.36,2181.59,2117.14" sx="M,M,M,M"/><TAIKYOKU oya="0"/><INIT seed="0,0,0,3,4,35" ten="250,250,250,250" oya="0" hai0="59,105,78,44,131,49,14,72,106,89,8,47,23" hai1="10,86,90,40,75,101,123,25,46,125,29,36,98" hai2="13,95,110,64,73,94,80,135,52,83,6,67,119" hai3="127,38,9,97,132,129,62,17,26,134,18,100,113"/><T93/><D131/><U61/><E123/><V81/><F110/><W37/><G113/><T60/><D72/><U0/><E125/><V104/><F73/><W74/><G74/><T63/><D78/><U99/><E75/><V12/><F104/><W30/><G127/><T92/><D23/><U71/><E101/><V79/><F79/><W50/><G62/><T21/><D21/><U69/><E69/><V77/><F77/><W112/><G112/><T133/><D133/><N who="3" m="51305" /><G50/><T103/><D103/><U11/><E11/><N who="2" m="4215" /><F135/><W118/><G118/><T114/><D114/><U58/><E71/><V87/><F119/><W109/><G109/><T130/><D130/><U3/><E10/><V43/><F43/><W34/><G129/><T5/><D63/><U65/><E98/><V70/><F70/><W1/><G1/><T122/><D93/><N who="2" m="35338" /><F13/><N who="3" m="7343" /><G18/><T88/><D122/><U108/><E99/><V7/><F7/><W96/><G96/><T32/><D32/><U24/><E108/><V20/><F20/><W4/><G4/><T54/><D47/><U82/><REACH who="1" step="1"/><E29/><REACH who="1" ten="250,240,250,250" step="2"/><V115/><F115/><W56/><G97/><T128/><D128/><U2/><AGARI ba="0,1" hai="0,2,3,24,25,36,40,46,58,61,65,82,86,90" machi="2" ten="30,12000,2" yaku="1,1,2,1,0,1,52,3,53,0" doraHai="35" doraHaiUra="31" who="1" fromWho="1" sc="250,-60,240,130,250,-30,250,-30" /><INIT seed="1,0,0,5,2,7" ten="190,370,220,220" oya="1" hai0="124,125,53,66,131,126,48,3,20,135,102,25,120" hai1="123,83,91,32,115,67,105,96,18,30,19,104,133" hai2="94,111,103,71,11,90,113,110,117,65,54,76,6" hai3="85,88,44,9,77,69,72,134,129,10,118,121,8"/><U14/><E123/><V26/><F117/><W60/><G121/><T33/><D33/><U0/><E115/><V37/><F37/><W28/><G118/><T12/><D120/><U57/><E0/><V41/><F41/><W46/><G134/><T100/><D3/><U93/><E133/><V47/><F76/><W106/><G106/><T86/><D135/><U5/><E5/><V56/><F47/><W79/><G129/><T89/><D66/><U38/><E38/><V101/><F65/><W51/><G72/><T95/><D131/><U4/><E4/><V128/><F71/><W2/><G2/><T92/><D92/><U23/><E83/><V15/><F26/><W114/><G114/><T43/><D43/><U24/><E19/><V97/><F128/><W31/><G60/><T107/><D107/><U27/><E27/><V122/><F122/><W45/><G51/><T63/><D63/><U109/><E109/><N who="2" m="41483" /><F113/><W81/><G69/><T55/><D12/><U52/><E67/><V59/><F59/><W21/><G21/><T82/><D82/><U16/><E18/><V58/><F58/><W108/><G108/><T50/><D50/><AGARI ba="0,0" hai="14,16,23,24,30,32,50,52,57,91,93,96,104,105" machi="50" ten="30,5800,0" yaku="7,1,54,2" doraHai="7" who="1" fromWho="0" sc="190,-58,370,58,220,0,220,0" /><AGARI ba="0,0" hai="6,11,15,50,54,56,90,94,97,101,103" m="41483" machi="50" ten="30,2000,0" yaku="14,1,52,1" doraHai="7" who="2" fromWho="0" sc="132,-20,428,0,220,20,220,0" /><INIT seed="1,1,0,5,5,120" ten="112,428,240,220" oya="1" hai0="3,60,19,81,75,96,30,107,83,102,1,56,58" hai1="51,45,114,72,101,99,129,133,54,117,4,115,103" hai2="21,12,24,92,49,130,105,48,53,7,14,65,33" hai3="127,37,9,0,73,134,122,55,22,70,94,26,84"/><U106/><E117/><V98/><F105/><W43/><G122/><T85/><D30/><U77/><E129/><V59/><F130/><W20/><G73/><T35/><D35/><U52/><E133/><V66/><F33/><W63/><G134/><T71/><D71/><U135/><E135/><V110/><F110/><W5/><G127/><T47/><D47/><U109/><E101/><V18/><F48/><W108/><G43/><T97/><D19/><U91/><E4/><V39/><F39/><W15/><G37/><T86/><D75/><U46/><E91/><V62/><F7/><W38/><G38/><T10/><D10/><U87/><E87/><V76/><F76/><W25/><G94/><T13/><D13/><U131/><E131/><V78/><F78/><W89/><G70/><T123/><D123/><U104/><E104/><V36/><F36/><W34/><G34/><T42/><D42/><U113/><E54/><V32/><F32/><W40/><G40/><T74/><D74/><U69/><E69/><V88/><REACH who="2" step="1"/><F66/><REACH who="2" ten="112,428,230,220" step="2"/><W124/><G5/><T126/><D126/><U112/><E112/><V17/><F17/><W50/><G50/><T28/><D107/><U11/><E51/><V93/><F93/><W31/><G124/><T64/><D28/><U23/><E106/><V68/><AGARI ba="1,1" hai="12,14,18,21,24,49,53,59,62,65,68,88,92,98" machi="68" ten="20,5200,0" yaku="1,1,0,1,7,1,54,1,53,0" doraHai="120" doraHaiUra="41" who="2" fromWho="2" sc="112,-14,428,-27,230,65,220,-14" /><INIT seed="2,0,0,3,5,97" ten="98,401,295,206" oya="2" hai0="35,6,110,56,78,51,72,87,37,71,127,21,49" hai1="129,101,120,76,89,133,75,23,46,134,124,12,16" hai2="88,123,53,7,52,22,62,91,66,92,81,114,2" hai3="113,104,118,115,47,69,130,117,20,17,122,96,32"/><V79/><F114/><N who="3" m="43531" /><G69/><T125/><D35/><U24/><E124/><V27/><F123/><W121/><G47/><T30/><D71/><U31/><E129/><V36/><F36/><W48/><G48/><T10/><D72/><U50/><E120/><N who="3" m="46186" /><G32/><T94/><D37/><U39/><E39/><V15/><F2/><W59/><G59/><T112/><D112/><U85/><E101/><V68/><F7/><W1/><G1/><T103/><D6/><U63/><E76/><V5/><F5/><W70/><G70/><T106/><D56/><U135/><E75/><V19/><F15/><N who="3" m="9279" /><G130/><T11/><D51/><U90/><E63/><V99/><REACH who="2" step="1"/><F91/><REACH who="2" ten="98,401,285,206" step="2"/><W34/><G118/><T60/><D125/><U29/><E12/><V84/><AGARI ba="0,1" hai="19,22,27,52,53,62,66,68,79,81,84,88,92,99" machi="84" ten="20,18000,2" yaku="1,1,2,1,0,1,7,1,54,2,53,0" doraHai="97" doraHaiUra="126" who="2" fromWho="2" sc="98,-60,401,-60,285,190,206,-60" /><INIT seed="2,1,0,3,2,67" ten="38,341,475,146" oya="2" hai0="53,51,92,16,84,7,96,3,6,93,94,24,80" hai1="115,63,26,111,0,127,123,121,27,79,128,102,36" hai2="104,42,57,133,130,116,105,37,35,60,118,43,71" hai3="113,64,110,129,68,44,4,81,95,108,14,10,54"/><V89/><F89/><W13/><G129/><T109/><D109/><N who="3" m="42089" /><G113/><T15/><D24/><U29/><E111/><V74/><F57/><W126/><G126/><T97/><D3/><U107/><E36/><V22/><F22/><W33/><G33/><T52/><D6/><U45/><E0/><V120/><F60/><N who="3" m="39943" /><G81/><T23/><D7/><U32/><E45/><V2/><F42/><W18/><G95/><T82/><D82/><U77/><E115/><V1/><F43/><W72/><G72/><T85/><D85/><U5/><E127/><V117/><F74/><W41/><G54/><T59/><REACH who="0" step="1"/><D53/><REACH who="0" ten="28,341,475,146" step="2"/><U88/><E128/><V87/><F1/><N who="3" m="271" /><G18/><T124/><D124/><U112/><E112/><V132/><F2/><W91/><G91/><AGARI ba="1,1" hai="15,16,23,51,52,59,80,84,91,92,93,94,96,97" machi="91" ten="40,12000,2" yaku="1,1,8,1,54,2,53,3" doraHai="67" doraHaiUra="90" who="0" fromWho="3" sc="28,133,341,0,475,0,146,-123" /><INIT seed="3,0,0,1,1,102" ten="161,341,475,23" oya="3" hai0="72,59,46,93,82,104,31,130,103,119,16,25,5" hai1="66,7,132,112,2,126,29,124,42,11,133,65,43" hai2="91,51,15,34,23,6,54,77,13,55,75,67,63" hai3="57,106,98,83,120,30,84,78,53,20,8,33,36"/><W62/><G120/><T44/><D119/><U113/><E29/><V70/><F34/><W94/><G36/><T35/><D104/><U47/><E11/><V71/><F71/><W100/><G33/><T115/><D5/><U48/><E7/><V21/><F75/><W122/><G122/><T61/><D130/><U49/><E2/><V128/><F77/><W74/><G8/><T17/><D115/><U76/><E76/><V50/><F128/><W22/><REACH who="3" step="1"/><G30/><REACH who="3" ten="161,341,475,13" step="2"/><T10/><D10/><U86/><E86/><V73/><F23/><W121/><G121/><T64/><D35/><U39/><E39/><V99/><F21/><W12/><G12/><T117/><D31/><U1/><E1/><V107/><F15/><W123/><G123/><T127/><D25/><U60/><E60/><V118/><F63/><W19/><G19/><T92/><D17/><U116/><E116/><V134/><F13/><W80/><G80/><T38/><D38/><U56/><E47/><V97/><F118/><W131/><G131/><T108/><D16/><U114/><E114/><V24/><F6/><W28/><G28/><T69/><D117/><U79/><E79/><V0/><F0/><W45/><G45/><T85/><D46/><U87/><E87/><V68/><F24/><W52/><G52/><T101/><D44/><U3/><E3/><V125/><F54/><W88/><AGARI ba="0,1" hai="20,22,53,57,62,74,78,83,84,88,94,98,100,106" machi="88" ten="30,18000,2" yaku="1,1,0,1,24,2,52,1,54,1,53,0" doraHai="102" doraHaiUra="26" who="3" fromWho="3" sc="161,-60,341,-60,475,-60,13,190" /><INIT seed="3,1,0,3,2,4" ten="101,281,415,203" oya="3" hai0="74,24,95,39,27,17,32,76,73,10,98,83,134" hai1="94,65,15,125,100,11,135,80,16,87,101,92,26" hai2="6,33,89,42,21,126,38,103,1,118,97,82,48" hai3="52,50,75,107,37,104,127,5,43,105,70,108,40"/><W120/><G120/><T14/><D134/><U13/><E125/><V88/><F33/><W71/><G127/><T84/><D39/><U22/><E135/><V34/><F34/><W44/><G75/><T62/><D32/><U56/><E100/><V19/><F38/><W59/><G40/><T77/><D74/><U116/><E116/><V115/><F115/><W111/><REACH who="3" step="1"/><G5/><REACH who="3" ten="101,281,415,193" step="2"/><T102/><D73/><U106/><E106/><V67/><F6/><W3/><G3/><T53/><REACH who="0" step="1"/><D76/><REACH who="0" ten="91,281,415,193" step="2"/><N who="1" m="46471" /><E101/><V58/><F42/><W49/><G49/><T121/><D121/><U90/><E90/><V86/><F48/><W63/><G63/><T35/><D35/><U55/><E65/><V81/><F89/><W99/><G99/><T12/><D12/><U45/><E15/><V129/><F126/><W41/><G41/><T30/><D30/><U9/><E13/><V85/><F1/><W23/><G23/><T31/><D31/><U114/><E114/><V109/><F88/><W79/><G79/><T36/><D36/><U124/><E124/><V7/><F97/><W131/><G131/><T133/><D133/><U66/><E66/><V78/><F7/><W119/><G119/><T47/><D47/><U122/><E45/><V96/><F21/><W130/><G130/><T61/><D61/><N who="1" m="35999" /><E122/><V93/><F78/><W28/><G28/><T72/><D72/><U51/><E51/><V46/><F129/><W25/><G25/><T29/><D29/><U0/><E0/><V117/><F117/><W2/><G2/><T60/><D60/><U64/><E64/><V132/><F118/><RYUUKYOKU ba="1,2" sc="91,10,281,10,415,-30,193,10" hai0="10,14,17,24,27,53,62,77,83,84,95,98,102" hai1="9,11,16,22,26,92,94" hai3="37,43,44,50,52,59,70,71,104,105,107,108,111" /><INIT seed="3,2,2,5,3,71" ten="101,291,385,203" oya="3" hai0="50,16,127,120,27,82,45,54,39,62,112,110,47" hai1="3,126,51,116,89,78,60,111,73,42,7,79,20" hai2="95,86,49,29,81,24,131,113,125,65,124,83,122" hai3="87,63,28,57,106,130,15,8,115,107,96,44,94"/><W135/><G115/><T4/><D120/><U58/><E111/><V21/><F122/><W64/><G135/><T30/><D110/><U80/><E126/><N who="2" m="48747" /><F131/><W12/><G130/><T108/><D108/><U43/><E116/><V128/><F128/><W119/><G119/><T34/><D127/><U32/><E32/><V41/><F113/><W26/><G87/><T31/><D112/><U103/><E103/><V76/><F65/><W66/><G66/><T102/><D4/><U17/><E3/><V5/><F5/><W48/><G106/><T36/><D102/><U105/><E7/><V35/><F95/><W40/><G8/><T75/><D31/><U18/><E105/><V129/><F129/><W77/><G77/><T59/><D47/><U2/><E2/><V133/><F133/><W14/><G107/><T10/><D82/><U38/><E51/><V13/><F83/><W123/><G123/><T84/><D84/><U61/><E80/><V25/><F13/><W88/><REACH who="3" step="1"/><G14/><REACH who="3" ten="101,291,385,193" step="2"/><T19/><D75/><U118/><E73/><V98/><F86/><W11/><G11/><T109/><D109/><U132/><E132/><V56/><F76/><W92/><G92/><T6/><D6/><U68/><E118/><V97/><F81/><W0/><G0/><T99/><D99/><U1/><E1/><V69/><F97/><W85/><G85/><T90/><D10/><U74/><E74/><V100/><F98/><W37/><G37/><N who="0" m="14411" /><D90/><U67/><E89/><V33/><F100/><W22/><AGARI ba="2,3" hai="12,15,22,26,28,40,44,48,57,63,64,88,94,96" machi="22" ten="20,18000,2" yaku="1,1,0,1,7,1,8,1,54,1,53,1" doraHai="71" doraHaiUra="52" who="3" fromWho="3" sc="101,-62,291,-62,385,-62,193,216" owari="39,-46.1,229,-17.1,323,12.3,409,50.9" /></mjloggm>