<mjloggm ver="2.3"><GO type="225" lobby="0"/><UN n0="%E3%81%86%E3%81%A3%E3%81%97%E3%83%BC%30%30" n1="%E6%A0%B9%E5%85%83%E3%81%8B%E3%82%89%E5%90%B9%E3%81%A3%E9%A3%9B%E3%81%B6" n2="%E3%81%BE%E3%83%BC%E3%81%8F%E3%82%93" n3="%45%6C%79%73%69%75%6D" dan="16,16,16,18" rate="2091.47,2152.29,2075.89,2156.40" sx="M,F,M,F"/><TAIKYOKU oya="0"/><INIT seed="0,0,0,1,0,90" ten="250,250,250,250" oya="0" hai0="56,106,26,81,119,12,103,3,4,39,76,110,61" hai1="48,0,79,27,24,17,19,43,21,71,67,5,78" hai2="97,99,62,108,74,6,45,34,30,10,52,122,111" hai3="73,87,1,121,58,95,7,42,80,16,124,132,101"/><T65/><D119/><U25/><E0/><V117/><F122/><W86/><G121/><T55/><D39/><U77/><E5/><V41/><F117/><W44/><G132/><T133/><D133/><U51/><E43/><V93/><F74/><W91/><G124/><T40/><D40/><U47/><E47/><V23/><F34/><W36/><G101/><T82/><D3/><U115/><E115/><V85/><F6/><W70/><G70/><T131/><D131/><U94/><E94/><V2/><F10/><W53/><G73/><T127/><D127/><U8/><E71/><V38/><F2/><W15/><G7/><T69/><D26/><U118/><E67/><V75/><F75/><W13/><G1/><T113/><D113/><U92/><E92/><V11/><F11/><W104/><G104/><T66/><D110/><N who="2" m="42026" /><F93/><W33/><G33/><T72/><D82/><U129/><E129/><V105/><F85/><W50/><REACH who="3" step="1"/><G16/><REACH who="3" ten="250,250,250,240" step="2"/><N who="1" m="6218" /><E118/><V9/><F105/><W18/><G18/><T120/><D120/><U123/><E123/><V125/><F125/><W102/><G102/><T57/><D4/><U29/><E8/><V64/><F9/><W32/><G32/><T59/><D12/><U128/><E128/><V135/><F135/><W28/><G28/><T37/><D69/><U126/><E126/><V107/><F107/><W116/><G116/><T20/><D103/><U134/><E134/><V83/><F30/><W22/><G22/><T112/><D106/><U68/><E68/><N who="2" m="42007" /><F23/><W63/><G63/><T96/><D20/><N who="1" m="15495" /><E27/><V14/><F14/><W46/><G46/><RYUUKYOKU ba="0,1" sc="250,-15,250,15,250,-15,240,15" hai1="21,25,48,51,77,78,79" hai3="13,15,36,42,44,50,53,58,80,86,87,91,95" /><INIT seed="1,1,1,2,5,134" ten="235,265,235,255" oya="1" hai0="109,76,52,105,7,115,45,78,111,40,73,132,129" hai1="68,15,51,121,39,74,64,99,124,75,112,44,65" hai2="83,106,8,90,101,26,13,12,120,103,131,31,27" hai3="119,108,133,117,91,6,16,85,0,9,18,3,46"/><U88/><E112/><V135/><F120/><W96/><G133/><T118/><D115/><U19/><E121/><V50/><F135/><W72/><G72/><T86/><D118/><N who="3" m="45065" /><G108/><N who="0" m="41547" /><D132/><U82/><E39/><V61/><F106/><W60/><G0/><T67/><D67/><U49/><E124/><V93/><F131/><W35/><G35/><T53/><D105/><U43/><E51/><V84/><F61/><W20/><G96/><T5/><D86/><U79/><E75/><V114/><F50/><W110/><G110/><T62/><D129/><U70/><E65/><V33/><F114/><W17/><G46/><T38/><D62/><U42/><E64/><V21/><F13/><N who="3" m="9231" /><G60/><T122/><D122/><U128/><E128/><V14/><F12/><W4/><G4/><N who="0" m="1611" /><D73/><U130/><E130/><V25/><F33/><W28/><G28/><T116/><D116/><U57/><E99/><N who="2" m="57783" /><F31/><W89/><G89/><T104/><D104/><U127/><E88/><N who="2" m="51231" /><F21/><W58/><G58/><T125/><D125/><U47/><E127/><V30/><F30/><W29/><G29/><T126/><D126/><U36/><REACH who="1" step="1"/><E57/><REACH who="1" ten="235,255,235,255" step="2"/><V63/><F63/><W48/><G48/><T11/><D78/><U56/><E56/><V100/><F103/><W123/><G123/><T37/><D76/><U22/><AGARI ba="1,2" hai="15,19,22,36,42,43,44,47,49,68,70,74,79,82" machi="22" ten="20,3900,0" yaku="1,1,0,1,7,1,53,0" doraHai="134" doraHaiUra="32" who="1" fromWho="1" sc="235,-14,255,62,235,-14,255,-14" /><INIT seed="1,2,0,4,2,101" ten="221,317,221,241" oya="1" hai0="110,13,74,107,6,31,46,22,128,62,30,52,12" hai1="19,53,35,87,96,120,124,82,66,37,81,93,3" hai2="68,86,100,114,69,108,123,95,49,38,127,78,55" hai3="113,10,23,56,48,77,44,27,79,91,76,102,59"/><U4/><E120/><V61/><F100/><W14/><G113/><T9/><D74/><U64/><E37/><V63/><F95/><W109/><G102/><T125/><D110/><U126/><E35/><V45/><F86/><W116/><G109/><T33/><D33/><U17/><E4/><V112/><F78/><W71/><G71/><N who="2" m="27209" /><F108/><W121/><G121/><T98/><D128/><U80/><E3/><V106/><F106/><W18/><G91/><T15/><D125/><N who="1" m="48235" /><E53/><N who="2" m="29871" /><F127/><W67/><G116/><T58/><D98/><U133/><E133/><V29/><F29/><N who="3" m="17663" /><G67/><N who="1" m="25642" /><E87/><V99/><F99/><W75/><G75/><T90/><D46/><U105/><E105/><V7/><F7/><W84/><G84/><T0/><D107/><U135/><E135/><V24/><F24/><W1/><G1/><T94/><D22/><U72/><E72/><V32/><F32/><W21/><G21/><T47/><D47/><U118/><E118/><V34/><F34/><W2/><G2/><T26/><D26/><U43/><E43/><AGARI ba="2,0" hai="10,14,18,43,44,48,56,59,76,77,79" m="17663" machi="43" ten="30,1000,0" yaku="8,1" doraHai="101" who="3" fromWho="1" sc="221,0,317,-16,221,0,241,16" /><INIT seed="2,0,0,5,5,36" ten="221,301,221,257" oya="2" hai0="86,106,14,131,50,63,48,109,54,133,94,9,60" hai1="88,51,18,120,59,114,33,123,26,108,117,11,58" hai2="69,67,92,12,40,79,127,37,96,119,85,30,75" hai3="128,95,134,118,70,116,103,115,21,107,10,25,83"/><V2/><F119/><W104/><G70/><T99/><D109/><U20/><E108/><V61/><F2/><W52/><G128/><T65/><D131/><U97/><E114/><V126/><F75/><W135/><G10/><T100/><D133/><N who="3" m="50697" /><G83/><T23/><D23/><U87/><E117/><V55/><F30/><N who="3" m="17711" /><G115/><T47/><D65/><U29/><E97/><V15/><F79/><W113/><G113/><T82/><D50/><U111/><E111/><V7/><F85/><W130/><G130/><T8/><D106/><N who="3" m="40489" /><G52/><T35/><D35/><U13/><E11/><N who="0" m="4169" /><D14/><U32/><E32/><V3/><F55/><W80/><G80/><T73/><D73/><U46/><E59/><V53/><F53/><W112/><G112/><T42/><D54/><N who="1" m="32095" /><E46/><N who="2" m="23823" /><F3/><W28/><G28/><T105/><D105/><U49/><E49/><V121/><F121/><W64/><G64/><T77/><AGARI ba="0,0" hai="42,47,48,60,63,77,82,86,94,99,100" m="4169" machi="77" ten="30,2000,0" yaku="8,1,52,1" doraHai="36" who="0" fromWho="0" sc="221,20,301,-5,221,-10,257,-5" /><INIT seed="3,0,0,0,0,74" ten="241,296,211,252" oya="3" hai0="121,85,32,47,115,8,91,57,73,26,80,7,92" hai1="37,95,118,113,122,12,102,30,14,123,1,44,104" hai2="53,77,54,69,96,116,119,128,82,71,49,35,52" hai3="79,75,42,43,70,68,58,4,22,56,97,133,16"/><W36/><G4/><T111/><D121/><U48/><E1/><V101/><F35/><W110/><G70/><T21/><D111/><U15/><E37/><V103/><F128/><W34/><G34/><T29/><D115/><U88/><E113/><V31/><F31/><W40/><G36/><T129/><D129/><U100/><E30/><V124/><F103/><W6/><G6/><T76/><D57/><U67/><E67/><V13/><F49/><W23/><G68/><T65/><D65/><U98/><E118/><V126/><F13/><W72/><G22/><T84/><D47/><U83/><E83/><V5/><F5/><W93/><G72/><T25/><D73/><U105/><E102/><V135/><F135/><W112/><G112/><T99/><D99/><U27/><E27/><V50/><F116/><W87/><G75/><T45/><D45/><U2/><E2/><V39/><F39/><W38/><G38/><T17/><D7/><U81/><E81/><V41/><F119/><W0/><G0/><T130/><D130/><U9/><E9/><V86/><F50/><W107/><G110/><T131/><D131/><U117/><E117/><V20/><F41/><W66/><G66/><T18/><D8/><U127/><E127/><N who="2" m="48683" /><F20/><W63/><G133/><T62/><D62/><U114/><E114/><V33/><F33/><W132/><G63/><T106/><D106/><AGARI ba="0,0" hai="52,53,54,69,71,77,82,86,96,101,106" m="48683" machi="106" ten="30,3900,0" yaku="18,1,52,1,54,1" doraHai="74" who="2" fromWho="0" sc="241,-39,296,0,211,39,252,0" /><INIT seed="4,0,0,1,2,62" ten="202,296,250,252" oya="0" hai0="131,129,39,37,123,12,31,18,56,111,64,52,53" hai1="7,113,132,9,21,30,119,6,117,95,41,1,103" hai2="19,0,15,126,33,98,66,78,84,96,85,43,128" hai3="59,4,105,45,100,110,86,77,49,70,91,63,109"/><T122/><D31/><U88/><E41/><V133/><F33/><W11/><G70/><T67/><D18/><U14/><E103/><V51/><F0/><W112/><G112/><T13/><D56/><U57/><E57/><V46/><F133/><W72/><G72/><T73/><D73/><U104/><E104/><V114/><F114/><W25/><G25/><T54/><D54/><U89/><E113/><V108/><F108/><AGARI ba="0,0" hai="12,13,37,39,52,53,64,67,108,111,122,123,129,131" machi="108" ten="25,12000,1" yaku="22,2,52,2,54,1" doraHai="62" who="0" fromWho="2" sc="202,120,296,0,250,-120,252,0" owari="322,42.2,296,9.6,130,-37.0,252,-14.8" /></mjloggm>