<mjloggm ver="2.3"><GO type="225" lobby="0"/><UN n0="%E4%BA%BA%E9%96%93%E3%83%81%E3%83%A3%E3%83%BC%E3%83%8F%E3%83%B3" n1="%E3%81%B5%E3%81%98%E3%81%8B%E3%81%A4" n2="%77%72%77%72%77%72%77%72" n3="%33%74%72%65%65" dan="16,17,17,16" rate="2108.87,2200.91,2153.64,2141.18" sx="M,M,M,F"/><TAIKYOKU oya="0"/><INIT seed="0,0,0,0,2,80" ten="250,250,250,250" oya="0" hai0="43,10,60,99,8,20,66,88,84,95,7,69,1" hai1="3,51,104,53,89,31,49,78,30,63,112,70,27" hai2="24,122,29,55,96,108,127,68,34,36,22,33,100" hai3="25,128,132,73,45,97,118,134,17,40,133,121,26"/><T18/><D43/><U28/><E3/><V58/><F122/><W44/><G118/><T119/><D119/><U115/><E104/><V107/><F108/><W126/><G121/><T124/><D124/><U21/><E78/><V125/><F36/><W123/><G123/><T59/><D10/><U0/><E0/><V101/><F101/><W111/><G111/><T4/><D4/><U48/><E89/><V75/><F75/><W82/><G126/><N who="2" m="48137" /><F68/><W76/><G128/><T72/><D72/><U39/><E39/><V50/><AGARI ba="0,0" hai="22,24,29,33,34,50,55,58,96,100,107" m="48137" machi="50" ten="30,1100,0" yaku="18,1" doraHai="80" who="2" fromWho="2" sc="250,-5,250,-3,250,11,250,-3" /><INIT seed="1,0,0,0,0,61" ten="245,247,261,247" oya="1" hai0="125,97,72,133,80,13,92,68,70,39,26,60,130" hai1="38,93,117,124,89,91,28,22,96,90,41,20,64" hai2="99,71,4,53,82,15,23,29,36,6,108,121,122" hai3="69,129,8,104,63,74,21,95,126,1,135,127,32"/><U34/><E117/><V102/><F36/><W115/><RYUUKYOKU type="yao9" ba="0,0" sc="245,0,247,0,261,0,247,0" hai3="1,8,21,32,63,69,74,95,104,115,126,127,129,135" /><INIT seed="1,1,0,1,0,75" ten="245,247,261,247" oya="1" hai0="94,24,35,2,13,8,20,98,32,39,135,112,50" hai1="120,118,101,47,66,65,92,45,134,16,62,83,38" hai2="124,29,103,81,122,121,4,22,61,41,85,53,88" hai3="52,123,9,46,12,76,74,114,96,86,31,104,27"/><U115/><E120/><V19/><F124/><W106/><G123/><T34/><D39/><U57/><E118/><V51/><F4/><W89/><G114/><T78/><D112/><U107/><E115/><V133/><F133/><W5/><G96/><T54/><D135/><U71/><E107/><V56/><F29/><W84/><G74/><T55/><D2/><U1/><E1/><V73/><F73/><W100/><G100/><T91/><D50/><U48/><E134/><V125/><F125/><W129/><G129/><T36/><D36/><U11/><E83/><V14/><REACH who="2" step="1"/><F103/><REACH who="2" ten="245,247,251,247" step="2"/><W28/><G28/><T82/><D34/><U117/><E101/><V33/><F33/><W79/><G31/><T25/><D35/><U126/><E117/><V10/><F10/><W127/><G9/><T113/><D32/><U18/><E11/><V37/><F37/><W3/><G5/><T90/><D113/><U132/><E132/><V95/><F95/><W97/><G127/><T21/><D94/><U0/><E92/><V30/><F30/><W102/><G102/><T99/><D8/><U23/><E126/><V70/><F70/><W93/><G93/><T59/><D82/><U49/><E71/><V72/><F72/><W63/><G106/><T42/><D98/><U43/><E38/><V110/><F110/><W44/><G97/><T67/><D99/><U80/><E80/><V128/><F128/><W111/><G104/><T131/><D131/><U17/><E23/><V119/><F119/><W68/><G111/><T6/><D6/><U15/><E0/><V105/><F105/><RYUUKYOKU ba="1,1" sc="245,-10,247,-10,251,30,247,-10" hai2="14,19,22,41,51,53,56,61,81,85,88,121,122" /><INIT seed="2,2,1,0,5,111" ten="235,237,281,237" oya="2" hai0="25,82,12,61,106,45,53,83,39,108,34,119,37" hai1="87,73,7,128,50,19,47,123,20,99,90,4,54" hai2="63,110,79,95,78,30,96,109,72,51,124,107,57" hai3="89,104,42,62,5,35,56,65,75,133,16,24,49"/><V6/><F107/><W113/><G133/><T91/><D106/><U43/><E73/><V127/><F6/><W85/><G104/><T80/><D108/><N who="2" m="41578" /><F30/><W125/><G75/><T120/><D120/><U60/><E128/><V77/><F51/><W97/><G125/><N who="2" m="48201" /><F57/><W31/><G5/><T66/><D39/><U18/><E123/><V1/><F63/><W84/><G49/><T40/><D61/><U105/><E60/><V17/><F17/><W11/><G16/><T93/><D37/><U76/><E19/><V117/><F1/><W55/><G31/><T8/><D34/><U112/><E105/><V48/><F48/><W14/><G35/><T3/><D3/><U98/><E7/><V92/><F117/><W70/><G62/><T130/><D130/><U9/><E4/><V10/><F10/><W115/><G11/><T23/><D8/><U68/><E9/><V88/><F92/><W46/><G56/><T103/><D93/><U86/><E18/><V101/><F72/><W131/><G131/><T41/><D41/><U135/><E43/><V100/><AGARI ba="2,1" hai="77,78,79,88,95,96,100,101" m="48201,41578" machi="100" ten="40,18000,2" yaku="14,1,10,1,18,1,34,2,54,1" doraHai="111" who="2" fromWho="2" sc="235,-62,237,-62,281,196,237,-62" /><INIT seed="2,3,0,1,0,17" ten="173,175,477,175" oya="2" hai0="57,86,24,18,54,106,61,33,21,94,93,59,112" hai1="120,97,88,98,100,76,130,60,84,37,109,135,128" hai2="108,35,134,2,62,78,46,124,32,133,68,1,125" hai3="127,64,28,43,53,12,10,73,42,121,75,66,38"/><V45/><F78/><W99/><G121/><T70/><D112/><U15/><E37/><V39/><F62/><W83/><G127/><N who="2" m="48713" /><F68/><W16/><G28/><T116/><D106/><N who="1" m="63759" /><E60/><V9/><F108/><W79/><G73/><T49/><D70/><U117/><E15/><V20/><F9/><W103/><G53/><T114/><D114/><U129/><E109/><V77/><F77/><W51/><G38/><T87/><D116/><U50/><E50/><V23/><F39/><W19/><G51/><T41/><D33/><N who="2" m="12874" /><F45/><W95/><REACH who="3" step="1"/><G19/><REACH who="3" ten="173,175,477,165" step="2"/><T3/><D41/><AGARI ba="3,1" hai="10,12,16,41,42,43,64,66,75,79,83,95,99,103" machi="41" ten="40,5200,0" yaku="1,1,2,1,54,1,53,0" doraHai="17" doraHaiUra="85" who="3" fromWho="0" sc="173,-61,175,0,477,0,165,71" /><INIT seed="3,0,0,3,0,91" ten="112,175,477,236" oya="3" hai0="70,49,87,79,69,54,22,58,53,42,11,37,9" hai1="7,102,17,41,28,64,52,61,35,72,44,46,132" hai2="25,93,15,36,106,33,90,123,103,65,76,66,88" hai3="26,39,85,16,116,97,119,122,99,128,92,30,10"/><W5/><G122/><T118/><D118/><U59/><E132/><V98/><F36/><W4/><G39/><T131/><D131/><U56/><E72/><V13/><F123/><W8/><G128/><T68/><D37/><U3/><E35/><V115/><F115/><W86/><G119/><T83/><D42/><U62/><E28/><V94/><F76/><W21/><G116/><T47/><REACH who="0" step="1"/><D22/><REACH who="0" ten="102,175,477,236" step="2"/><U2/><E41/><V101/><F25/><W32/><G21/><T27/><D27/><U80/><E2/><V14/><F33/><W134/><G26/><T104/><D104/><U1/><E3/><V50/><F50/><W31/><G32/><T110/><D110/><U24/><E24/><V74/><F74/><W57/><G134/><T130/><D130/><U60/><E1/><V112/><F112/><W100/><G31/><T126/><D126/><U23/><E23/><V89/><F106/><W107/><G30/><T71/><N who="0" m="17408" /><DORA hai="77" /><T73/><D73/><U40/><E40/><V12/><F12/><W75/><G75/><T29/><D29/><U133/><E133/><V18/><F18/><W43/><G16/><T6/><D6/><U121/><E17/><V63/><F63/><W96/><G5/><T81/><D81/><U19/><E7/><V48/><F48/><W51/><G4/><T78/><D78/><U111/><E61/><V20/><F20/><W105/><G51/><T95/><D95/><U0/><E62/><V109/><F109/><W120/><G43/><T84/><D84/><U38/><E60/><V55/><F13/><W45/><G85/><RYUUKYOKU ba="0,1" sc="102,30,175,-10,477,-10,236,-10" hai0="9,11,47,49,53,54,58,79,83,87" owari="132,-36.8,165,-23.5,477,57.7,226,2.6" /></mjloggm>