<mjloggm ver="2.3"><GO type="225" lobby="0"/><UN n0="%E3%82%82%E3%81%90%E3%82%89" n1="%E3%81%A0%E3%81%8A" n2="%E3%83%AD%E3%83%83%E3%83%86%E9%9B%80%E7%90%83" n3="%E6%A1%9C%E8%8A%B1%E9%96%83%E3%80%85" dan="17,16,17,18" rate="2193.69,2025.43,2261.53,2280.90" sx="M,M,M,M"/><TAIKYOKU oya="0"/><INIT seed="0,0,0,0,1,34" ten="250,250,250,250" oya="0" hai0="125,129,14,36,83,70,41,58,76,89,105,66,57" hai1="73,126,59,135,134,4,101,124,22,43,90,42,24" hai2="102,118,10,32,3,63,56,26,67,123,50,46,72" hai3="119,29,27,71,15,39,31,121,19,47,75,86,13"/><T80/><D105/><U35/><E73/><V109/><F123/><W20/><G75/><T44/><D129/><U107/><E35/><V65/><F72/><W1/><G119/><T51/><D125/><N who="1" m="48235" /><E59/><V69/><F109/><W97/><G71/><T108/><D108/><U0/><E90/><V64/><F118/><W132/><G121/><T133/><D133/><N who="1" m="50699" /><E101/><V85/><F102/><W52/><G132/><T122/><D89/><U78/><E78/><V82/><F69/><W48/><G97/><T12/><D122/><U91/><E91/><V74/><F74/><W87/><G39/><T104/><D104/><U17/><E107/><V9/><F85/><N who="3" m="32267" /><G1/><T110/><D110/><U6/><E6/><V127/><F3/><W98/><G98/><T117/><D58/><U68/><E68/><V28/><F82/><N who="0" m="31274" /><D76/><U92/><E92/><V60/><F127/><W106/><G106/><T94/><D94/><U33/><E33/><V61/><REACH who="2" step="1"/><F56/><REACH who="2" ten="250,250,240,250" step="2"/><W55/><G55/><AGARI ba="0,1" hai="9,10,26,28,32,46,50,55,60,61,63,64,65,67" machi="55" ten="40,5200,0" yaku="1,1,2,1,53,1" doraHai="34" doraHaiUra="25" who="2" fromWho="3" sc="250,0,250,0,240,62,250,-52" /><INIT seed="1,0,0,4,5,135" ten="250,250,302,198" oya="1" hai0="133,52,120,96,130,5,114,74,85,78,90,51,60" hai1="81,101,37,68,88,9,69,3,62,65,20,71,75" hai2="12,122,54,103,4,29,131,33,15,17,112,105,108" hai3="100,34,73,72,46,107,39,67,35,119,80,45,124"/><U47/><E101/><V24/><F103/><W118/><G67/><T43/><D114/><U113/><E113/><V25/><F54/><W117/><G46/><T8/><D133/><U30/><E3/><V57/><F57/><W92/><G92/><T7/><D130/><U13/><E30/><N who="2" m="19655" /><F105/><W44/><G44/><N who="0" m="26015" /><D74/><N who="3" m="28777" /><G80/><N who="0" m="47255" /><D120/><U48/><E20/><N who="2" m="11327" /><F108/><W22/><G22/><T61/><D8/><U95/><E37/><V14/><F131/><W87/><G87/><T63/><D52/><U121/><E81/><V98/><F98/><N who="3" m="61847" /><G124/><T59/><D59/><U32/><E32/><N who="2" m="20527" /><F122/><W82/><G82/><T99/><D99/><U53/><E75/><V21/><F112/><W27/><G27/><T18/><D96/><U102/><E102/><V11/><F21/><W1/><G39/><T115/><D115/><U104/><E104/><V77/><F77/><W0/><G45/><T106/><D90/><U38/><E38/><V93/><F93/><W50/><G50/><T128/><D128/><U28/><E121/><V42/><F42/><W64/><G64/><T83/><D83/><U41/><E41/><V55/><F55/><W86/><G86/><T19/><D106/><U123/><E123/><V58/><F58/><W111/><G111/><T10/><D63/><U23/><E95/><V91/><F91/><W127/><G35/><T94/><D61/><U109/><E88/><V110/><F110/><W16/><G34/><T66/><D94/><U76/><E109/><V40/><F40/><W49/><G49/><T116/><D60/><U134/><E76/><V132/><F132/><W31/><G118/><RYUUKYOKU ba="0,0" sc="250,-10,250,-10,302,30,198,-10" hai2="4,11,12,14" /><INIT seed="2,1,0,5,1,19" ten="240,240,332,188" oya="2" hai0="120,25,4,104,115,45,56,81,110,108,24,8,100" hai1="21,7,34,132,28,116,36,47,48,0,124,66,92" hai2="106,12,71,49,46,135,13,2,94,11,118,126,84" hai3="22,80,55,90,1,121,95,87,52,97,30,134,76"/><V130/><F106/><W58/><G121/><T64/><D120/><U65/><E116/><V105/><F105/><W54/><G134/><T73/><D115/><U60/><E34/><V61/><F2/><W70/><G70/><T50/><D104/><U112/><E112/><V131/><F126/><W129/><G129/><T33/><D100/><U42/><E124/><V51/><F51/><W88/><G1/><T53/><D73/><U43/><E132/><V10/><F94/><W96/><G96/><T78/><D64/><U37/><E0/><V103/><F84/><W72/><G72/><T86/><D56/><U117/><E7/><N who="2" m="3167" /><F61/><N who="3" m="36039" /><G90/><T17/><D33/><U68/><E117/><V18/><F103/><W83/><G83/><T20/><REACH who="0" step="1"/><D25/><AGARI ba="1,0" hai="22,25,30,54,55,76,80,87,88,95,97" m="36039" machi="25" ten="30,7700,0" yaku="8,1,52,1,54,2" doraHai="19" who="3" fromWho="0" sc="240,-80,240,0,332,0,188,80" /><INIT seed="3,0,0,1,3,37" ten="160,240,332,268" oya="3" hai0="124,2,11,7,71,65,10,68,103,110,26,76,101" hai1="92,100,95,17,126,44,66,31,60,132,78,82,131" hai2="73,33,15,99,107,87,91,106,20,104,21,89,25" hai3="46,58,49,51,119,16,102,53,36,125,14,109,94"/><W121/><G119/><T129/><D110/><U83/><E126/><V98/><F73/><W59/><G121/><T84/><D124/><U19/><E131/><V47/><F47/><W123/><G123/><T133/><D129/><U72/><E132/><V69/><F69/><W5/><G125/><T1/><D133/><U61/><E31/><V81/><F33/><W70/><G70/><T4/><D26/><U67/><E44/><V105/><F105/><W80/><G109/><T86/><REACH who="0" step="1"/><D76/><REACH who="0" ten="150,240,332,268" step="2"/><U28/><E78/><V88/><F25/><W52/><G36/><T128/><D128/><U13/><E67/><AGARI ba="0,1" hai="1,2,4,7,10,11,65,67,68,71,84,86,101,103" machi="67" ten="25,3200,0" yaku="1,1,22,2,53,0" doraHai="37" doraHaiUra="112" who="0" fromWho="1" sc="150,42,240,-32,332,0,268,0" owari="192,-30.8,208,-19.2,332,43.2,268,6.8" /></mjloggm>