<mjloggm ver="2.3"><GO type="225" lobby="0"/><UN n0="%E5%82%8D%E8%8B%A5%E7%84%A1%E4%BA%BA%35%31" n1="%72%69%6F%75%63%68%61%6E" n2="%E3%83%B4%E3%82%A3%E3%83%AF%E3%82%B3%E3%82%B0%E3%83%8B" n3="%E3%81%8B%E3%82%8F%E3%81%A1%E3%82%83%E3%82%93%35%38" dan="16,16,16,16" rate="2135.16,2164.07,2167.38,2161.99" sx="M,M,M,M"/><TAIKYOKU oya="0"/><INIT seed="0,0,0,2,3,114" ten="250,250,250,250" oya="0" hai0="103,85,8,97,28,49,19,10,116,120,58,126,59" hai1="77,67,75,3,132,127,47,83,93,80,7,124,109" hai2="88,57,4,131,33,135,76,128,12,65,23,69,82" hai3="91,0,39,61,73,125,117,20,6,62,18,98,102"/><T129/><D120/><U31/><E109/><V70/><F33/><W22/><G39/><T79/><D116/><U35/><E132/><V15/><F135/><W41/><G41/><T105/><D129/><N who="2" m="49738" /><F88/><W50/><G50/><T44/><D126/><N who="1" m="48171" /><E67/><V112/><F112/><W60/><G73/><T123/><D28/><U36/><E93/><V9/><F23/><W96/><G125/><T121/><D123/><U86/><E31/><V14/><F57/><W111/><G111/><T108/><D121/><U55/><E35/><V21/><F21/><W29/><G22/><T56/><D108/><U11/><E55/><V37/><F37/><W72/><G29/><T48/><D19/><U101/><E101/><V78/><F78/><W45/><G102/><T26/><D26/><U5/><E5/><V53/><F53/><W24/><G6/><T94/><D49/><U87/><E80/><V84/><F65/><W25/><G24/><T115/><D115/><U113/><E113/><V63/><F63/><W43/><G61/><T16/><D16/><U27/><E27/><V51/><F51/><W92/><G62/><T38/><D38/><U46/><E46/><V107/><F107/><W34/><G60/><T64/><D64/><U100/><E100/><V119/><F119/><W40/><G117/><T52/><D105/><U68/><E68/><AGARI ba="0,0" hai="4,9,12,14,15,68,69,70,76,82,84" m="49738" machi="68" ten="30,1000,0" yaku="19,1" doraHai="114" who="2" fromWho="1" sc="250,0,250,-10,250,10,250,0" /><INIT seed="1,0,0,0,5,34" ten="250,240,260,250" oya="1" hai0="67,54,93,39,44,90,127,30,85,16,100,89,64" hai1="40,31,95,86,46,79,22,17,53,77,24,37,19" hai2="21,32,108,49,115,99,123,13,72,109,63,65,0" hai3="125,23,114,61,88,20,42,10,106,2,59,118,52"/><U29/><E53/><V1/><F123/><W70/><G114/><T6/><D127/><U120/><E120/><V71/><F32/><W107/><G70/><T87/><D100/><U11/><E17/><N who="2" m="10415" /><F115/><W62/><G42/><T96/><D30/><U66/><E66/><N who="0" m="25129" /><D39/><U91/><REACH who="1" step="1"/><E29/><REACH who="1" ten="250,230,260,250" step="2"/><V58/><F72/><W43/><G52/><T98/><D16/><U41/><E41/><V5/><F5/><W57/><G43/><T130/><D6/><U18/><E18/><V55/><F99/><W101/><G125/><T131/><D54/><U47/><E47/><V126/><F126/><W45/><G45/><T112/><D44/><U73/><E73/><V14/><F14/><AGARI ba="0,1" hai="11,14,19,22,24,31,37,40,46,77,79,86,91,95" machi="14" ten="40,2000,0" yaku="1,1,53,0" doraHai="34" doraHaiUra="78" who="1" fromWho="2" sc="250,0,230,30,260,-20,250,0" /><INIT seed="1,1,0,1,0,35" ten="250,260,240,250" oya="1" hai0="83,77,108,58,25,52,119,95,20,12,112,65,6" hai1="98,27,81,125,88,87,91,127,29,64,9,49,116" hai2="59,2,45,103,26,18,134,78,31,37,10,5,40" hai3="86,73,74,89,80,104,115,97,76,124,126,114,122"/><U90/><E116/><V111/><F111/><W21/><G21/><T85/><D108/><U132/><E132/><V41/><F134/><W17/><G17/><T4/><D112/><N who="3" m="43049" /><G122/><T47/><D119/><U84/><E64/><V36/><F103/><N who="3" m="62575" /><G73/><T30/><D95/><AGARI ba="1,0" hai="74,76,80,86,89,95,124,126" m="62575,43049" machi="95" ten="30,3900,0" yaku="24,1,34,2" doraHai="35" who="3" fromWho="0" sc="250,-42,260,0,240,0,250,42" /><INIT seed="2,0,0,4,3,91" ten="208,260,240,292" oya="2" hai0="110,66,101,74,40,33,128,71,53,127,4,104,5" hai1="37,76,94,122,81,84,83,82,78,133,19,52,80" hai2="59,56,12,45,70,135,28,6,111,130,58,61,92" hai3="47,26,113,39,17,20,117,21,123,109,90,44,15"/><V120/><F135/><W86/><G117/><T119/><D53/><U8/><E37/><V42/><F120/><W22/><G123/><T27/><D40/><U77/><E122/><V7/><F130/><W100/><G109/><T116/><D110/><U97/><E133/><V93/><F111/><W107/><G113/><T118/><D74/><U102/><REACH who="1" step="1"/><E52/><REACH who="1" ten="208,250,240,292" step="2"/><N who="2" m="33927" /><F70/><W49/><G39/><T46/><D128/><U23/><E23/><V55/><F58/><W54/><G47/><T63/><D46/><U34/><E34/><V95/><F28/><W108/><G108/><T88/><D127/><U115/><E115/><V30/><F30/><W0/><G22/><T64/><D64/><U18/><E18/><V25/><F45/><W68/><G21/><T9/><D5/><U125/><E125/><V35/><F35/><W14/><G20/><T51/><D33/><U129/><E129/><V3/><F42/><W98/><G17/><T36/><D27/><U41/><E41/><V57/><F25/><W29/><G26/><T79/><D36/><U103/><E103/><V2/><F57/><W131/><G131/><T106/><D101/><U72/><E72/><V85/><F59/><W62/><G29/><T67/><D67/><U10/><E10/><N who="2" m="4191" /><F55/><W16/><G68/><T121/><D121/><U60/><E60/><V114/><F6/><W96/><G62/><T11/><D51/><U132/><E132/><V75/><F75/><W31/><G49/><T69/><D69/><U43/><E43/><V48/><F114/><W89/><G44/><T134/><D71/><U32/><E32/><RYUUKYOKU ba="0,1" sc="208,-10,250,30,240,-10,292,-10" hai1="8,19,76,77,78,80,81,82,83,84,94,97,102" /><INIT seed="3,1,1,3,1,109" ten="198,280,230,282" oya="3" hai0="88,134,24,22,69,80,49,97,89,37,93,60,83" hai1="17,56,41,91,65,54,67,46,62,84,61,21,114" hai2="79,135,127,19,82,95,7,31,3,36,104,40,55" hai3="117,110,34,71,28,33,123,50,14,38,112,98,13"/><W118/><G38/><T47/><D134/><U103/><E114/><V116/><F116/><W73/><G73/><T132/><D132/><U53/><E103/><V35/><F135/><W27/><G71/><T2/><D2/><U115/><E115/><V111/><F111/><W133/><G112/><T39/><D69/><U70/><E21/><V121/><F95/><W43/><G133/><T76/><D60/><U74/><E17/><V0/><F127/><W124/><G124/><T32/><D32/><U10/><E10/><V107/><F55/><W26/><G110/><T51/><D51/><U25/><E25/><N who="2" m="18927" /><F19/><W59/><G33/><T90/><D39/><U48/><E74/><N who="2" m="43383" /><F121/><W99/><G123/><T12/><D37/><U15/><E15/><V125/><F125/><W57/><G34/><T52/><D12/><U126/><E126/><V44/><F0/><W100/><G50/><T5/><D5/><U119/><E119/><V72/><F72/><W102/><G43/><T108/><D108/><U63/><E62/><V23/><F23/><W105/><G28/><N who="0" m="17431" /><D76/><U16/><E16/><V29/><F29/><W68/><G68/><T42/><D42/><U120/><E120/><V87/><F87/><W78/><G78/><T131/><D131/><U77/><E77/><V11/><AGARI ba="1,1" hai="3,7,11,36,40,44,104,107" m="43383,18927" machi="11" ten="30,4000,0" yaku="25,1,33,2" doraHai="109" who="2" fromWho="2" sc="198,-11,280,-11,230,53,282,-21" /><INIT seed="4,0,0,4,1,27" ten="187,269,283,261" oya="0" hai0="82,36,28,101,71,0,60,42,135,37,94,134,98" hai1="79,93,117,85,9,30,129,14,51,12,81,3,64" hai2="38,68,69,84,87,131,86,67,107,53,95,104,91" hai3="46,7,11,124,40,112,47,105,130,106,35,44,45"/><T59/><D0/><U80/><E117/><V74/><F74/><W2/><G112/><T120/><D71/><U24/><E129/><V133/><F38/><W121/><G130/><T97/><D120/><U56/><E3/><V110/><F110/><W55/><G124/><T66/><D82/><U58/><E93/><V48/><F131/><W26/><G121/><T122/><D122/><U18/><E14/><V25/><F68/><W21/><G35/><T115/><D115/><U77/><E51/><V15/><F15/><W1/><G55/><T63/><D60/><U116/><E116/><V10/><F10/><W113/><G1/><T103/><D42/><U43/><E43/><V8/><F8/><W72/><G72/><T22/><D37/><U125/><E125/><V54/><F25/><W31/><REACH who="3" step="1"/><G113/><REACH who="3" ten="187,269,283,251" step="2"/><T89/><D36/><AGARI ba="0,1" hai="2,7,11,21,26,31,36,40,44,45,46,47,105,106" machi="36" ten="40,5200,0" yaku="1,1,2,1,52,1,53,0" doraHai="27" doraHaiUra="111" who="3" fromWho="0" sc="187,-52,269,0,283,0,251,62" owari="135,-36.5,269,-13.1,283,8.3,313,41.3" /></mjloggm>