<mjloggm ver="2.3"><GO type="225" lobby="0"/><UN n0="%73%6C%69%63%6B%33%31%39" n1="%E3%81%AA%E3%81%A1%30%39%32%37" n2="%E8%83%83%E3%81%A8%E8%85%B8" n3="%33%74%72%65%65" dan="16,16,16,16" rate="2092.98,2102.93,2170.70,2173.44" sx="M,M,M,F"/><TAIKYOKU oya="0"/><INIT seed="0,0,0,5,5,123" ten="250,250,250,250" oya="0" hai0="13,81,70,28,62,127,133,101,115,121,50,88,36" hai1="107,98,6,95,54,104,110,47,112,64,69,124,7" hai2="52,122,87,67,72,66,4,46,135,37,35,111,14" hai3="113,63,109,15,25,51,114,45,22,5,102,19,0"/><T12/><D36/><U132/><E132/><V126/><F72/><W97/><G109/><T86/><D121/><U68/><E95/><V23/><F35/><W26/><G0/><T96/><D133/><U105/><E47/><V131/><F122/><W32/><G63/><T116/><D116/><U21/><E21/><V78/><F37/><W90/><G90/><T53/><D115/><U43/><E98/><V130/><F135/><W31/><G5/><T49/><D28/><U125/><E54/><V33/><F33/><W58/><G58/><N who="0" m="35151" /><D70/><N who="1" m="27243" /><E43/><V60/><F126/><N who="1" m="48745" /><E64/><V11/><F23/><W39/><G26/><T34/><D34/><U103/><E103/><V79/><F67/><W93/><REACH who="3" step="1"/><G39/><REACH who="3" ten="250,250,250,240" step="2"/><T117/><D127/><U106/><N who="1" m="26624" /><DORA hai="30" /><U94/><E110/><V80/><F111/><W24/><G24/><T99/><D117/><U41/><E112/><V100/><F100/><W29/><G29/><T128/><D101/><U92/><E6/><V3/><F3/><W48/><G48/><N who="0" m="18539" /><D128/><U10/><E41/><AGARI ba="0,1" hai="15,19,22,25,31,32,41,45,51,93,97,102,113,114" machi="41" ten="30,3900,0" yaku="1,1,7,1,52,1,53,0" doraHai="123,30" doraHaiUra="57,82" who="3" fromWho="1" sc="250,0,250,-39,250,0,240,49" /><INIT seed="1,0,0,1,4,88" ten="250,211,250,289" oya="1" hai0="102,69,104,123,134,63,38,80,50,65,111,59,128" hai1="86,84,97,130,68,107,103,18,83,87,61,74,26" hai2="37,34,101,32,71,15,99,108,106,46,94,117,45" hai3="85,114,47,72,30,39,11,21,53,98,41,25,20"/><U131/><E74/><V43/><F117/><W56/><G114/><T0/><D0/><U64/><REACH who="1" step="1"/><E83/><REACH who="1" ten="250,201,250,289" step="2"/><V4/><F108/><W16/><G72/><T93/><D80/><U62/><E62/><V28/><F71/><W78/><G11/><T35/><D69/><U82/><E82/><V122/><F122/><W91/><G78/><T60/><D111/><U120/><E120/><V31/><F32/><W126/><G126/><T73/><D60/><U115/><E115/><V90/><F34/><W127/><G127/><T19/><D73/><U40/><E40/><V49/><F4/><W118/><G118/><T8/><D35/><U116/><E116/><V95/><F15/><W67/><G41/><T79/><D79/><U12/><E12/><V121/><F121/><W10/><G10/><T33/><D33/><U48/><E48/><V52/><REACH who="2" step="1"/><F106/><REACH who="2" ten="250,201,240,289" step="2"/><W29/><G25/><T23/><D104/><U92/><E92/><V27/><F27/><W17/><G39/><T81/><D38/><U22/><AGARI ba="0,2" hai="18,22,26,61,64,68,84,86,87,97,103,107,130,131" machi="22" ten="30,3000,0" yaku="1,1,0,1,53,0" doraHai="88" doraHaiUra="51" who="1" fromWho="1" sc="250,-10,201,50,240,-10,289,-10" /><INIT seed="1,1,0,2,3,13" ten="240,251,230,279" oya="1" hai0="131,28,119,132,5,124,36,107,19,40,104,45,80" hai1="108,29,127,99,2,109,60,68,42,121,101,125,54" hai2="78,130,50,94,120,128,118,15,79,72,103,9,74" hai3="46,93,24,32,49,7,8,25,97,123,129,92,113"/><U66/><E2/><V30/><F118/><W75/><G123/><T65/><D119/><U56/><E29/><V63/><F120/><W115/><G129/><N who="2" m="49769" /><F30/><W64/><G75/><N who="2" m="28713" /><F63/><W18/><G64/><T83/><D131/><U111/><E121/><V6/><F50/><W12/><G32/><T23/><D65/><U39/><E42/><V67/><F67/><W91/><G92/><T43/><D43/><U133/><E39/><V44/><F44/><W112/><REACH who="3" step="1"/><G7/><REACH who="3" ten="240,251,230,269" step="2"/><T10/><D5/><U27/><E66/><V47/><F47/><W41/><AGARI ba="1,1" hai="8,12,18,24,25,41,46,49,91,93,97,112,113,115" machi="41" ten="30,7900,0" yaku="1,1,2,1,0,1,52,1,53,0" doraHai="13" doraHaiUra="105" who="3" fromWho="3" sc="240,-21,251,-40,230,-21,269,92" /><INIT seed="2,0,0,3,0,84" ten="219,211,209,361" oya="2" hai0="116,5,15,61,90,36,107,85,123,96,58,12,6" hai1="31,17,111,48,129,7,23,55,21,77,124,72,66" hai2="13,79,69,39,60,93,94,103,92,34,126,33,37" hai3="83,104,63,109,27,32,11,125,57,95,130,100,2"/><V108/><F126/><W78/><G109/><T99/><D123/><U82/><E111/><V91/><F108/><W67/><G104/><T42/><D116/><U43/><E124/><V41/><F79/><W102/><G130/><T98/><D107/><U131/><E7/><N who="0" m="2569" /><D42/><U1/><E1/><V76/><F76/><W53/><G11/><T97/><N who="0" m="24576" /><DORA hai="29" /><T70/><D70/><U101/><E66/><V38/><F103/><W88/><G2/><T71/><D71/><U24/><E101/><V25/><F41/><W44/><G27/><T56/><D36/><U45/><REACH who="1" step="1"/><E43/><REACH who="1" ten="219,201,209,361" step="2"/><V40/><F40/><W106/><G100/><T120/><D120/><U52/><E52/><V121/><F121/><W50/><G53/><N who="0" m="33935" /><D58/><U26/><AGARI ba="0,1" hai="17,21,23,24,26,31,45,48,55,72,77,82,129,131" machi="26" ten="30,4000,0" yaku="1,1,0,1,53,1" doraHai="84,29" doraHaiUra="46,64" who="1" fromWho="1" sc="219,-10,201,50,209,-20,361,-10" /><INIT seed="3,0,0,0,5,76" ten="209,251,189,351" oya="3" hai0="134,39,20,133,59,118,27,94,106,98,116,117,37" hai1="36,4,17,125,12,126,91,122,111,89,1,35,84" hai2="7,11,70,62,34,110,102,42,54,73,41,16,69" hai3="50,46,15,129,99,22,108,115,5,44,56,43,24"/><W124/><G115/><T10/><D106/><U58/><E111/><V71/><F110/><W87/><G129/><T123/><D123/><U92/><E122/><V55/><F34/><W61/><G124/><N who="1" m="47722" /><E36/><V60/><F102/><W38/><G99/><T30/><D10/><N who="1" m="2319" /><E58/><V74/><F7/><W29/><G46/><T112/><D112/><U48/><E48/><V135/><F11/><W31/><G38/><T57/><D39/><U93/><E35/><V128/><F16/><W113/><G56/><T82/><D37/><U32/><E32/><V104/><F104/><W121/><G50/><T23/><D23/><N who="1" m="11687" /><E91/><V19/><F19/><W18/><G18/><T65/><D59/><U101/><E101/><V100/><F100/><W83/><G44/><T107/><D107/><U88/><E88/><V0/><F0/><W13/><G61/><N who="2" m="23657" /><F128/><W8/><G121/><T105/><D105/><U103/><E103/><V52/><F135/><W97/><G108/><T68/><D94/><AGARI ba="0,0" hai="84,89,92,93,94" m="11687,2319,47722" machi="94" ten="30,1000,0" yaku="18,1" doraHai="76" who="1" fromWho="0" sc="209,-10,251,10,189,0,351,0" owari="199,-20.1,261,6.1,189,-31.1,351,45.1" /></mjloggm>