<mjloggm ver="2.3"><GO type="225" lobby="0"/><UN n0="%33%74%72%65%65" n1="%E6%B8%A9%E2%98%85%E6%83%85%E2%98%85%E6%8E%AA%E2%98%85%E7%BD%AE" n2="%E9%97%98%E5%B0%86%E3%81%A0%E3%82%93%E3%81%A7%E3%81%83" n3="%E6%A1%9C%E8%8A%B1%E9%96%83%E3%80%85" dan="16,18,16,16" rate="2165.82,2198.06,2147.77,2225.20" sx="F,M,M,M"/><TAIKYOKU oya="0"/><INIT seed="0,0,0,5,2,81" ten="250,250,250,250" oya="0" hai0="84,117,98,105,111,112,104,6,7,129,101,109,69" hai1="15,19,82,34,63,115,59,18,23,127,83,126,44" hai2="90,95,20,119,57,135,14,66,94,122,9,88,37" hai3="79,48,121,38,5,4,97,103,17,22,50,32,26"/><T108/><D112/><U68/><E34/><V100/><F122/><W134/><G38/><T67/><D117/><U28/><E115/><V118/><F37/><W89/><G121/><T1/><D129/><U75/><E68/><V58/><F135/><W36/><G36/><T80/><D105/><U113/><E113/><V116/><F20/><W52/><G134/><T87/><D80/><U131/><E131/><V40/><F40/><W0/><G79/><T65/><D69/><U31/><E82/><V30/><F30/><W10/><G5/><N who="0" m="1547" /><D1/><U42/><E19/><N who="2" m="8655" /><F100/><W2/><G32/><T91/><D91/><N who="2" m="34858" /><F66/><AGARI ba="0,0" hai="65,66,67,84,87,98,101,104,108,109,111" m="1547" machi="66" ten="40,12000,1" yaku="14,1,10,1,52,2" doraHai="81" who="0" fromWho="2" sc="250,120,250,0,250,-120,250,0" /><INIT seed="0,1,0,1,2,101" ten="370,250,130,250" oya="0" hai0="92,18,77,37,14,84,32,67,85,58,55,106,111" hai1="133,65,62,36,19,8,4,22,2,3,95,116,80" hai2="20,1,27,103,9,121,135,72,79,132,46,30,115" hai3="73,81,45,57,40,34,100,122,26,6,109,12,134"/><T112/><D112/><U68/><E116/><V47/><F115/><W126/><G109/><T131/><D106/><U43/><E133/><N who="2" m="51275" /><F121/><W49/><G134/><T120/><D120/><U93/><E3/><V21/><F103/><W113/><G122/><T110/><D32/><U104/><E104/><V5/><F79/><W129/><G113/><T69/><D37/><U124/><E124/><V61/><F72/><W74/><G126/><T90/><D131/><U10/><E10/><V51/><F61/><W11/><G129/><T52/><D69/><U48/><E36/><V119/><F119/><W105/><G57/><T99/><D67/><U56/><E80/><V42/><F47/><W64/><G64/><T107/><D77/><U97/><E97/><V94/><F94/><W53/><G53/><N who="0" m="20555" /><D107/><U118/><E118/><V108/><F108/><N who="0" m="41514" /><D58/><U50/><E68/><V39/><F39/><W38/><G38/><T44/><D44/><U15/><E50/><V71/><F71/><W91/><G105/><T127/><D127/><U88/><E48/><V114/><F114/><W87/><G100/><T117/><D117/><U123/><E123/><V29/><F29/><W98/><G34/><AGARI ba="1,0" hai="1,5,9,20,21,27,30,34,42,46,51" m="51275" machi="34" ten="30,1000,0" yaku="20,1" doraHai="101" who="2" fromWho="3" sc="370,0,250,0,130,13,250,-13" /><INIT seed="1,0,0,5,4,106" ten="370,250,143,237" oya="1" hai0="55,90,93,41,14,81,18,35,104,88,2,119,45" hai1="68,120,79,28,101,33,57,108,47,23,122,27,96" hai2="56,32,70,9,42,73,69,121,91,51,15,12,112" hai3="6,97,38,135,92,67,132,31,84,39,61,99,40"/><U50/><E68/><V58/><F121/><W59/><G31/><T82/><D119/><U95/><E108/><V44/><F32/><W36/><G6/><T4/><D104/><U20/><E79/><V22/><F112/><W64/><G64/><T53/><D35/><U85/><E85/><V17/><F73/><W60/><G60/><T30/><D30/><U124/><E124/><V105/><F105/><W89/><REACH who="3" step="1"/><G40/><REACH who="3" ten="370,250,143,227" step="2"/><T83/><D4/><U116/><E116/><V52/><F58/><W118/><G118/><T5/><D5/><U66/><E66/><V113/><F113/><W63/><G63/><T65/><D41/><U110/><E57/><V133/><F70/><W29/><G29/><T0/><D0/><U26/><E110/><V25/><F69/><W19/><G19/><T13/><D18/><U87/><E33/><V75/><F133/><AGARI ba="0,1" hai="36,38,39,59,61,67,84,89,92,97,99,132,133,135" machi="133" ten="50,3200,0" yaku="1,1,20,1,53,0" doraHai="106" doraHaiUra="37" who="3" fromWho="2" sc="370,0,250,0,143,-32,227,42" /><INIT seed="2,0,0,1,1,30" ten="370,250,111,269" oya="2" hai0="93,36,37,88,45,79,13,110,17,0,38,50,126" hai1="41,85,99,130,81,25,6,11,92,42,86,73,47" hai2="52,90,91,39,123,116,27,107,98,97,74,56,71" hai3="51,122,76,105,48,124,64,54,101,22,120,35,21"/><V75/><F116/><W72/><G64/><T19/><D110/><U33/><E130/><V134/><F123/><W100/><G124/><T121/><D121/><U43/><E73/><V65/><F39/><W31/><G31/><T15/><D0/><U20/><E33/><V87/><F134/><W104/><G72/><T80/><D126/><U62/><E62/><V49/><F27/><W8/><G8/><T16/><D79/><U28/><E47/><V82/><F98/><W109/><G54/><T3/><D3/><U18/><E28/><V26/><F26/><W44/><G44/><T129/><D80/><U32/><E32/><V78/><F91/><W23/><G23/><T108/><D108/><U114/><E114/><V133/><F133/><W59/><G59/><T58/><D58/><U10/><E6/><V14/><F14/><W111/><G76/><T95/><D129/><U40/><N who="1" m="10240" /><DORA hai="67" /><U96/><E96/><V103/><REACH who="2" step="1"/><F78/><REACH who="2" ten="370,250,101,269" step="2"/><W57/><G122/><T70/><D88/><N who="1" m="53271" /><E99/><V102/><F102/><W1/><G120/><T112/><D13/><U77/><AGARI ba="0,1" hai="10,11,18,20,25,77,81,85" m="53271,10240" machi="77" ten="40,2700,0" yaku="8,1,54,1" doraHai="30,67" who="1" fromWho="1" sc="370,-7,250,37,101,-13,269,-7" /><INIT seed="3,0,0,5,1,81" ten="363,287,88,262" oya="3" hai0="29,88,89,76,45,99,5,43,100,44,37,102,56" hai1="86,135,103,105,27,132,92,117,30,16,107,48,95" hai2="0,23,13,20,134,104,97,34,84,118,22,110,46" hai3="87,130,128,61,21,28,3,53,109,7,51,49,98"/><W113/><G113/><T39/><D76/><U126/><E126/><V26/><F104/><W59/><G98/><T38/><D5/><U85/><E117/><V41/><F0/><W131/><G109/><T31/><D56/><U8/><E48/><N who="3" m="18506" /><G7/><T79/><D79/><U52/><E52/><V125/><F134/><N who="1" m="51241" /><E30/><N who="0" m="11273" /><D43/><U58/><E58/><V70/><F70/><W115/><G115/><T57/><D57/><U106/><E103/><N who="0" m="39465" /><D99/><U50/><E50/><V80/><F125/><W11/><G11/><T83/><D83/><U2/><E2/><V129/><F110/><W127/><G3/><T123/><D123/><U35/><E35/><V133/><F97/><W68/><G68/><T66/><D66/><U9/><E9/><V40/><F133/><W111/><G127/><T114/><D114/><U65/><E65/><V25/><F34/><W82/><G111/><T119/><D119/><U10/><E10/><V90/><F118/><W75/><G75/><T112/><D112/><U54/><E54/><V108/><F108/><W1/><G1/><T17/><D17/><U120/><E120/><V24/><F129/><W78/><G28/><T121/><D121/><U94/><E8/><V124/><F124/><W64/><G21/><AGARI ba="0,0" hai="16,21,27,85,86,92,94,95,105,106,107" m="51241" machi="21" ten="40,8000,1" yaku="20,1,52,2,54,1" doraHai="81" who="1" fromWho="3" sc="363,0,287,80,88,0,262,-80" owari="363,16.3,367,46.7,88,-41.2,182,-21.8" /></mjloggm>