<mjloggm ver="2.3"><GO type="225" lobby="0"/><UN n0="%72%69%6F%75%63%68%61%6E" n1="%E6%80%AA%E3%81%97%E3%81%99%E3%81%8E%E3%82%8B%E3%83%81%E3%83%BC" n2="%E9%B3%B3%E6%9D%B1%E3%81%AE%E3%81%86%E3%81%95%E3%81%8E%E3%81%95%E3%82%93" n3="%E4%B8%89%E5%86%A0%E7%8E%8B%E3%83%BB%E5%B1%B1%E7%94%B0%E5%93%B2%E4%BA%BA" dan="17,16,16,17" rate="2253.24,2097.30,2262.34,2173.86" sx="M,M,M,M"/><TAIKYOKU oya="0"/><INIT seed="0,0,0,4,1,53" ten="250,250,250,250" oya="0" hai0="94,80,74,57,95,44,49,41,39,114,4,55,30" hai1="20,50,83,48,122,91,29,27,132,92,96,15,78" hai2="52,82,70,10,134,36,26,118,18,65,117,129,85" hai3="98,60,46,62,104,133,121,79,28,107,88,19,110"/><T17/><D114/><U123/><E132/><V108/><F134/><W120/><G133/><T69/><D30/><U56/><E15/><V14/><F108/><W8/><G79/><T115/><D115/><U61/><E122/><N who="3" m="47210" /><G28/><T127/><D127/><U71/><E71/><V1/><F36/><W111/><G46/><T0/><D69/><U5/><E5/><V9/><F129/><W64/><G62/><T124/><D124/><U2/><E2/><V12/><F26/><W59/><G19/><T37/><D37/><U24/><E24/><V77/><F1/><W130/><G8/><N who="0" m="2055" /><D17/><U68/><E68/><V16/><REACH who="2" step="1"/><F52/><REACH who="2" ten="250,250,240,250" step="2"/><W63/><G130/><T54/><D55/><N who="1" m="33951" /><E123/><V22/><F22/><W6/><G111/><T90/><D90/><U51/><E78/><AGARI ba="0,1" hai="39,41,44,49,54,57,74,78,80,94,95" m="2055" machi="78" ten="30,2900,0" yaku="25,1,52,1" doraHai="53" who="0" fromWho="1" sc="250,39,250,-29,240,0,250,0" /><INIT seed="0,1,0,4,0,56" ten="289,221,240,250" oya="0" hai0="54,75,66,88,67,82,43,47,26,124,106,108,41" hai1="2,3,103,59,81,74,50,96,51,111,64,104,17" hai2="8,85,46,107,97,48,7,72,128,94,70,28,63" hai3="32,37,62,33,40,117,102,15,30,101,92,95,34"/><T42/><D124/><U133/><E111/><V57/><F72/><W22/><G117/><T132/><D132/><U5/><E133/><V91/><F128/><W55/><G37/><T112/><D112/><U13/><E5/><V71/><F28/><W0/><G0/><T98/><D108/><U126/><E126/><V49/><F107/><W65/><G40/><T127/><D127/><U68/><E68/><V36/><F36/><W79/><G55/><T113/><D113/><U118/><E118/><V76/><F71/><W29/><G79/><T60/><D26/><U110/><E110/><V52/><F70/><W27/><G30/><T14/><D14/><U90/><E50/><V120/><F120/><W84/><G15/><T20/><D20/><U31/><E31/><V135/><F135/><W109/><G109/><T19/><D19/><U99/><E74/><V80/><REACH who="2" step="1"/><F46/><REACH who="2" ten="289,221,230,250" step="2"/><W35/><G35/><T119/><D119/><U61/><E51/><V16/><F16/><W69/><REACH who="3" step="1"/><G95/><REACH who="3" ten="289,221,230,240" step="2"/><N who="0" m="56679" /><D106/><U77/><E104/><V23/><F23/><W93/><G93/><T1/><D75/><U125/><E125/><V131/><F131/><W87/><G87/><T44/><D82/><U100/><E81/><V89/><F89/><AGARI ba="1,2" hai="22,27,29,32,33,34,62,65,69,84,89,92,101,102" machi="89" ten="40,2600,0" yaku="1,1,52,1,53,0" doraHai="56" doraHaiUra="115" who="3" fromWho="2" sc="289,0,221,0,230,-29,240,49" /><INIT seed="1,0,0,2,5,41" ten="289,221,201,289" oya="1" hai0="28,100,124,116,42,86,22,25,76,20,78,43,21" hai1="98,93,133,30,114,14,132,23,45,103,74,3,60" hai2="134,61,109,9,72,64,85,94,131,95,37,34,123" hai3="63,7,88,38,90,118,91,53,54,65,104,71,0"/><U105/><E114/><V50/><F37/><W96/><G38/><T126/><D116/><U135/><E3/><V40/><F72/><W121/><G121/><T35/><D100/><U113/><E113/><V119/><F119/><W66/><G118/><T120/><D120/><U44/><E74/><V39/><F34/><W13/><G0/><T26/><D26/><N who="1" m="16735" /><E105/><V32/><F131/><W87/><G66/><T68/><D68/><U55/><E14/><V59/><F134/><W89/><G96/><T127/><REACH who="0" step="1"/><D86/><REACH who="0" ten="279,221,201,289" step="2"/><U58/><AGARI ba="0,1" hai="44,45,55,58,60,93,98,103,132,133,135" m="16735" machi="58" ten="40,7800,0" yaku="20,1,52,2" doraHai="41" who="1" fromWho="1" sc="279,-26,221,88,201,-26,289,-26" /><INIT seed="1,1,0,1,0,57" ten="253,309,175,263" oya="1" hai0="47,62,46,14,92,88,25,71,89,13,77,30,55" hai1="49,11,75,132,94,91,40,80,113,34,114,100,101" hai2="127,22,109,93,18,98,90,96,87,59,97,121,85" hai3="3,68,86,83,58,35,82,133,124,41,135,27,81"/><U78/><E34/><V38/><F127/><W69/><G124/><T128/><D128/><U31/><E31/><V63/><F109/><W37/><G3/><T60/><D77/><U53/><E40/><V24/><F38/><W74/><G74/><T42/><D71/><U23/><E11/><V7/><F121/><W12/><G86/><T43/><D55/><U105/><E23/><V44/><F7/><W72/><G72/><T10/><D10/><U79/><E79/><V95/><F44/><N who="0" m="16938" /><D25/><U19/><E19/><V39/><F39/><W106/><G41/><N who="0" m="15371" /><D30/><U107/><E53/><V8/><F8/><W110/><G27/><T130/><D130/><U32/><E49/><V125/><F125/><W76/><G76/><T15/><D92/><U73/><E132/><V4/><F4/><W48/><G133/><T134/><D134/><U5/><E5/><V115/><F115/><N who="1" m="44041" /><E32/><V131/><F131/><W65/><G35/><T126/><D126/><U20/><E20/><V6/><F6/><W108/><G135/><T84/><D84/><N who="1" m="52583" /><E73/><V17/><F17/><W102/><G37/><T50/><D50/><U9/><E9/><V66/><REACH who="2" step="1"/><F85/><REACH who="2" ten="253,309,165,263" step="2"/><W103/><G110/><T119/><D119/><U64/><E75/><V118/><F118/><W33/><G108/><T61/><AGARI ba="1,1" hai="13,14,15,60,61,62,88,89" m="15371,16938" machi="61" ten="40,12000,2" yaku="28,2,8,1,52,3,54,1" doraHai="57" who="0" fromWho="0" sc="253,133,309,-61,165,-31,263,-31" /><INIT seed="2,0,0,3,2,45" ten="386,248,134,232" oya="2" hai0="91,58,49,71,117,102,62,56,37,13,41,96,69" hai1="97,78,44,123,54,11,52,129,33,5,16,77,57" hai2="18,89,36,12,101,118,95,98,106,114,20,86,90" hai3="0,48,67,94,88,111,73,133,38,3,24,21,108"/><V116/><F114/><W109/><G38/><T2/><D2/><U70/><E70/><V113/><F113/><W128/><G133/><T72/><D72/><U84/><E33/><V51/><F36/><W35/><G128/><T10/><D117/><U34/><E34/><V15/><F15/><W92/><G35/><T1/><D1/><U61/><E123/><V23/><F23/><W17/><G73/><T87/><D37/><U26/><E5/><V74/><F90/><W112/><G112/><T80/><D56/><U7/><E7/><V135/><F135/><W22/><G92/><T40/><D49/><N who="1" m="28711" /><E97/><V105/><F105/><W64/><G0/><T79/><D79/><U76/><E129/><V46/><REACH who="2" step="1"/><F74/><REACH who="2" ten="386,248,124,232" step="2"/><W110/><G3/><T68/><D13/><N who="1" m="7231" /><E26/><V50/><F50/><W119/><G48/><T127/><D127/><U104/><E104/><V32/><F32/><W107/><G107/><T4/><D91/><U9/><E9/><V124/><F124/><W134/><G134/><T59/><D10/><U28/><E28/><V125/><F125/><W60/><G111/><T30/><D30/><U63/><E63/><V85/><F85/><AGARI ba="0,1" hai="54,57,61,76,77,78,84,85" m="7231,28711" machi="85" ten="30,7700,0" yaku="8,1,52,1,54,2" doraHai="45" who="1" fromWho="2" sc="386,0,248,87,124,-77,232,0" /><INIT seed="3,0,0,1,5,41" ten="386,335,47,232" oya="3" hai0="51,130,98,44,125,4,113,31,36,94,47,42,90" hai1="24,60,1,66,32,16,129,22,128,49,75,112,110" hai2="35,99,95,57,91,58,5,20,19,69,23,76,21" hai3="93,12,63,111,7,126,120,43,28,74,85,70,109"/><W8/><G74/><T132/><D125/><U122/><E112/><V37/><F69/><W101/><G120/><T38/><D113/><U79/><E122/><V30/><F37/><W115/><G115/><T116/><D116/><U53/><E110/><N who="3" m="41994" /><G28/><T104/><D130/><N who="1" m="50283" /><E1/><V87/><F35/><W40/><G126/><T127/><D127/><U3/><E3/><V52/><F5/><W54/><G54/><T59/><D132/><U88/><E32/><V117/><F117/><W81/><G93/><T29/><D4/><U67/><E75/><V45/><F30/><W123/><G101/><T105/><D59/><U13/><E67/><V72/><F72/><W34/><G123/><T80/><D80/><U71/><E53/><V55/><F76/><N who="3" m="46247" /><G34/><T39/><REACH who="0" step="1"/><D44/><REACH who="0" ten="376,335,47,232" step="2"/><U17/><E79/><V97/><F19/><W11/><G11/><T133/><D133/><U86/><E88/><V103/><F55/><W0/><G0/><T121/><D121/><U102/><E102/><V131/><F131/><W118/><G118/><T14/><D14/><U114/><E114/><V46/><F57/><W106/><G106/><AGARI ba="0,1" hai="29,31,36,38,39,42,47,51,90,94,98,104,105,106" machi="106" ten="50,6400,0" yaku="1,1,52,1,53,1" doraHai="41" doraHaiUra="92" who="0" fromWho="3" sc="376,74,335,0,47,0,232,-64" owari="450,55.0,335,13.5,47,-45.3,168,-23.2" /></mjloggm>