<mjloggm ver="2.3"><GO type="225" lobby="0"/><UN n0="%6C%61%6D%62" n1="%E8%A8%88%E7%AE%97%E6%A9%9F%E8%87%AA%E7%84%B6" n2="%45%6C%79%73%69%75%6D" n3="%E3%82%B7%E3%83%B3%E5%A4%AA%E6%9C%97" dan="16,17,18,16" rate="2139.64,2172.08,2184.30,2136.89" sx="M,M,F,M"/><TAIKYOKU oya="0"/><INIT seed="0,0,0,2,2,52" ten="250,250,250,250" oya="0" hai0="81,57,85,44,118,83,59,60,29,32,89,61,131" hai1="30,5,33,112,92,134,108,2,25,45,98,111,94" hai2="116,62,1,31,28,105,113,23,127,79,123,46,132" hai3="15,48,13,122,67,7,54,55,124,21,100,16,22"/><T96/><D118/><U27/><E134/><V24/><F105/><W65/><G122/><T103/><D131/><U110/><E112/><V109/><F79/><W39/><G39/><T84/><D32/><U9/><E27/><V47/><F1/><W102/><G124/><T63/><D29/><U90/><E92/><V115/><F116/><W40/><G40/><T99/><D44/><AGARI ba="0,0" hai="2,5,9,25,30,33,44,45,90,94,98,108,110,111" machi="44" ten="40,1300,0" yaku="14,1" doraHai="52" who="1" fromWho="0" sc="250,-13,250,13,250,0,250,0" /><INIT seed="1,0,0,5,2,68" ten="237,263,250,250" oya="1" hai0="116,5,6,42,69,10,135,95,119,7,66,54,47" hai1="110,25,11,50,43,124,90,29,41,112,99,130,39" hai2="74,89,62,120,4,83,71,111,98,28,63,70,113" hai3="17,51,14,109,82,118,114,123,84,101,72,40,80"/><U27/><E112/><V125/><F120/><W19/><G123/><T115/><D115/><U30/><E130/><V21/><F113/><W65/><G114/><T105/><D105/><U37/><E124/><V53/><F111/><W76/><G109/><T55/><D10/><U23/><E110/><V52/><F125/><W100/><G65/><T61/><D135/><U33/><E11/><V31/><F4/><W24/><G118/><T34/><D34/><U81/><E50/><V106/><F106/><W102/><G24/><T77/><D77/><U44/><E99/><V1/><F1/><W75/><G19/><T9/><D9/><U94/><E81/><V13/><F74/><W129/><G129/><T26/><D26/><U15/><E15/><V67/><F13/><W107/><G107/><T127/><D95/><U57/><E57/><V60/><F70/><W58/><G82/><T78/><D78/><U18/><E18/><V79/><F79/><W16/><G17/><T96/><D96/><U128/><E128/><V0/><F0/><W56/><G72/><T45/><D127/><U134/><E134/><V121/><F121/><W108/><G75/><T122/><D122/><U132/><E132/><V73/><F73/><W49/><G108/><T48/><REACH who="0" step="1"/><D55/><REACH who="0" ten="227,263,250,250" step="2"/><U117/><E94/><V86/><F98/><W92/><G92/><T35/><D35/><U22/><E33/><V103/><F53/><W2/><G2/><T104/><D104/><U126/><E126/><V64/><F52/><W20/><G40/><T133/><D133/><U38/><E41/><V88/><F83/><RYUUKYOKU ba="0,1" sc="227,15,263,-15,250,-15,250,15" hai0="5,6,7,42,45,47,48,54,61,66,69,116,119" hai3="14,16,20,49,51,56,58,76,80,84,100,101,102" /><INIT seed="2,1,1,4,3,58" ten="242,248,235,265" oya="2" hai0="70,114,16,88,22,119,45,81,42,112,128,43,111" hai1="95,71,118,68,126,37,21,123,14,18,135,105,99" hai2="125,86,103,17,127,46,34,0,132,56,48,59,53" hai3="25,83,20,106,76,11,109,134,107,87,1,52,96"/><V67/><F132/><W57/><G134/><T124/><D70/><U60/><E135/><V6/><F34/><W61/><G109/><T80/><D111/><U108/><E108/><V66/><F103/><W23/><G23/><T54/><D128/><U64/><E118/><V121/><F121/><W4/><REACH who="3" step="1"/><G96/><REACH who="3" ten="242,248,235,255" step="2"/><T26/><D119/><U74/><E21/><V92/><F125/><W36/><G36/><T69/><D124/><U15/><E37/><V55/><F127/><W100/><G100/><T131/><D114/><U98/><E99/><V90/><F17/><AGARI ba="1,2" hai="1,4,11,17,20,25,52,57,61,76,83,87,106,107" machi="17" ten="30,7700,0" yaku="1,1,7,1,52,1,54,1,53,0" doraHai="58" doraHaiUra="89" who="3" fromWho="2" sc="242,0,248,0,235,-80,255,100" /><INIT seed="3,0,0,1,5,9" ten="242,248,155,355" oya="3" hai0="113,108,28,26,117,41,71,107,19,75,98,54,23" hai1="58,69,106,30,132,119,42,133,68,44,62,27,105" hai2="126,89,85,12,48,36,90,123,131,134,79,17,43" hai3="114,21,129,40,124,94,66,76,84,135,65,120,88"/><W93/><G120/><T64/><D117/><U0/><E0/><V4/><F131/><W13/><G40/><T59/><D75/><U91/><E91/><V82/><F123/><W73/><G94/><T20/><D108/><U77/><E77/><V112/><F112/><W50/><G50/><T8/><D113/><U31/><E119/><V39/><F134/><N who="1" m="51817" /><E68/><V25/><F126/><W125/><G13/><T110/><D41/><U74/><E69/><V67/><F67/><W96/><G21/><T6/><D64/><N who="1" m="38999" /><E74/><V109/><F109/><W70/><G65/><T115/><D71/><U116/><E116/><V122/><F122/><W14/><G66/><T29/><D115/><U63/><E63/><V103/><F103/><W111/><G70/><T92/><D110/><U37/><E30/><V81/><F39/><W78/><G73/><T47/><D28/><U16/><E16/><V38/><F38/><W3/><G3/><T102/><D23/><AGARI ba="0,0" hai="23,27,31,37,42,44,105,106" m="38999,51817" machi="23" ten="30,1000,0" yaku="20,1" doraHai="9" who="1" fromWho="0" sc="242,-10,248,10,155,0,355,0" owari="232,-16.8,258,5.8,155,-34.5,355,45.5" /></mjloggm>