<mjloggm ver="2.3"><GO type="225" lobby="0"/><UN n0="%E6%B0%B7%E5%B7%9D%E9%87%8C%E5%A5%88" n1="%72%69%6F%75%63%68%61%6E" n2="%E5%8F%AF%E5%85%90%E9%82%A3%E7%94%B1%E5%A4%9A" n3="%E3%81%86%E3%82%8C%E3%81%9F%E3%82%93%E6%9E%95" dan="16,17,16,16" rate="2113.94,2245.83,2210.97,2105.67" sx="F,M,F,F"/><TAIKYOKU oya="0"/><INIT seed="0,0,0,2,0,0" ten="250,250,250,250" oya="0" hai0="78,72,125,81,122,1,70,73,121,99,130,57,12" hai1="69,44,11,10,58,49,19,30,107,68,34,45,7" hai2="85,77,87,56,86,25,33,23,134,53,108,89,103" hai3="41,26,48,62,116,42,96,27,80,93,13,82,131"/><T100/><D70/><U101/><E19/><V84/><F108/><W76/><G116/><T63/><D1/><U113/><E113/><V46/><F134/><W67/><G131/><T20/><D125/><U126/><E126/><V8/><F33/><W43/><G48/><T5/><D130/><U102/><E58/><V133/><F133/><W21/><G13/><T120/><D73/><U35/><E49/><V47/><F103/><N who="1" m="39433" /><E30/><V9/><F77/><W2/><G2/><T24/><D12/><U6/><E107/><V18/><F46/><N who="1" m="18025" /><E68/><V71/><F47/><W39/><G39/><T90/><D90/><U17/><E17/><V66/><F66/><W115/><G115/><T15/><D15/><U64/><E64/><V55/><F71/><W51/><G51/><T65/><D5/><N who="1" m="1547" /><E69/><V94/><F55/><W75/><G67/><T127/><D127/><U32/><AGARI ba="0,0" hai="10,11,32,34,35" m="1547,18025,39433" machi="32" ten="40,8000,1" yaku="28,2,52,3" doraHai="0" who="1" fromWho="1" sc="250,-40,250,80,250,-20,250,-20" /><INIT seed="1,0,0,1,5,24" ten="210,330,230,230" oya="1" hai0="96,121,10,91,48,80,107,133,106,77,41,79,73" hai1="84,56,3,40,52,81,4,44,82,32,128,88,95" hai2="15,103,49,113,105,33,68,62,127,125,74,25,61" hai3="1,108,112,111,101,2,104,130,18,119,66,65,72"/><U34/><E128/><V63/><F74/><W26/><G112/><T36/><D133/><U9/><E82/><V45/><F113/><W47/><G72/><T129/><D129/><U20/><E20/><V76/><F76/><W109/><G119/><T19/><D121/><U17/><E17/><V102/><F68/><W97/><G130/><T135/><D135/><U120/><E120/><V43/><F15/><W92/><G104/><T14/><D36/><U59/><E81/><V57/><F57/><W124/><G124/><N who="2" m="47689" /><F105/><W126/><G126/><T123/><D123/><U46/><E59/><V85/><F85/><W94/><G94/><T0/><D79/><U114/><E114/><V8/><F8/><W13/><G47/><T42/><D0/><N who="3" m="105" /><G26/><T12/><D12/><U100/><E100/><V51/><F51/><W89/><G101/><T31/><D48/><U38/><REACH who="1" step="1"/><E44/><REACH who="1" ten="210,320,230,230" step="2"/><V122/><F122/><W86/><G111/><T71/><D80/><U37/><E37/><V27/><F27/><W55/><G109/><T116/><D19/><U6/><E6/><V58/><F58/><W11/><G108/><T54/><D71/><U30/><E30/><AGARI ba="0,1" hai="25,30,33,43,45,49,61,62,63,102,103" m="47689" machi="30" ten="30,2000,0" yaku="18,1,52,1" doraHai="24" who="2" fromWho="1" sc="210,0,320,-20,230,30,230,0" /><INIT seed="2,0,0,0,5,51" ten="210,300,260,230" oya="2" hai0="71,126,88,25,78,2,119,54,31,84,53,37,4" hai1="135,127,50,18,10,106,17,16,81,92,93,24,70" hai2="102,35,108,73,79,56,111,52,40,23,94,67,68" hai3="121,49,89,107,12,65,103,72,114,60,112,9,90"/><V58/><F35/><W101/><G121/><T97/><D37/><U26/><E106/><V123/><F123/><W1/><G72/><T21/><D71/><U125/><E70/><V77/><F40/><W42/><G1/><T30/><D126/><N who="1" m="48139" /><E135/><V118/><F118/><W34/><G34/><T83/><D119/><U134/><E134/><V6/><F6/><W38/><G38/><T64/><D64/><U45/><E81/><V130/><F130/><W133/><G49/><T75/><D97/><U98/><E10/><V105/><F105/><W122/><G42/><T3/><D31/><U61/><E61/><N who="2" m="38327" /><F73/><W63/><G60/><T0/><REACH who="0" step="1"/><D4/><REACH who="0" ten="200,300,260,230" step="2"/><U87/><E98/><N who="2" m="59735" /><F68/><W116/><G133/><T117/><D117/><U43/><E87/><V128/><F128/><W131/><G116/><T86/><D86/><U80/><E80/><AGARI ba="0,1" hai="0,2,3,21,25,30,53,54,75,78,80,83,84,88" machi="80" ten="40,8000,1" yaku="1,1,52,2,54,1,53,0" doraHai="51" doraHaiUra="47" who="0" fromWho="1" sc="200,90,300,-80,260,0,230,0" /><INIT seed="3,0,0,2,0,106" ten="290,220,260,230" oya="3" hai0="46,82,16,24,42,101,97,58,105,72,27,18,96" hai1="62,120,99,55,86,125,90,95,73,49,87,14,88" hai2="11,109,5,28,33,12,108,38,74,3,19,36,8" hai3="102,44,78,69,111,93,104,65,21,133,107,124,51"/><W26/><G124/><T77/><D96/><U115/><E115/><V94/><F94/><W119/><G133/><T57/><D24/><U116/><E120/><V35/><F38/><W60/><G119/><T64/><D64/><U63/><E116/><V2/><F36/><W29/><G111/><N who="2" m="42569" /><F74/><W123/><G123/><T84/><D84/><U6/><E125/><V126/><F126/><W40/><REACH who="3" step="1"/><G78/><REACH who="3" ten="290,220,260,220" step="2"/><T41/><D77/><U0/><E73/><V25/><F2/><W39/><G39/><T30/><D72/><U98/><E0/><V20/><AGARI ba="0,1" hai="3,5,8,11,12,19,20,25,28,33,35" m="42569" machi="20" ten="30,4000,0" yaku="14,1,34,2" doraHai="106" who="2" fromWho="2" sc="290,-10,220,-10,260,50,220,-20" owari="280,8.0,210,-19.0,310,41.0,200,-30.0" /></mjloggm>