<mjloggm ver="2.3"><GO type="225" lobby="0"/><UN n0="%72%65%6E%6B%75%6E" n1="%E3%83%AB%E3%83%9B%E3%83%B3%E3%83%87%E3%82%A3%E3%82%A8" n2="%E4%BF%BA%E3%81%A8%E5%A6%96%E5%A4%A2" n3="%E3%81%B5%E3%81%98%E3%81%8B%E3%81%A4" dan="17,17,17,16" rate="2229.70,2157.52,2163.74,2189.93" sx="M,M,F,M"/><TAIKYOKU oya="0"/><INIT seed="0,0,0,0,2,112" ten="250,250,250,250" oya="0" hai0="29,114,71,122,45,19,110,55,99,70,9,17,0" hai1="85,42,72,95,84,91,40,56,105,88,49,69,26" hai2="25,21,28,131,130,12,135,44,118,60,43,67,74" hai3="63,59,2,79,31,16,83,35,18,81,82,97,76"/><T87/><D87/><U61/><E105/><V80/><F135/><W66/><G2/><T33/><D33/><U14/><E72/><V8/><F74/><W23/><G35/><T36/><D122/><U101/><E101/><V134/><F80/><W132/><G132/><T106/><D114/><U123/><E69/><V50/><F134/><W52/><G97/><T6/><D29/><U111/><E111/><V34/><F34/><W41/><G41/><T68/><D110/><U113/><E113/><V90/><F90/><W13/><G31/><T5/><D5/><U47/><E26/><V22/><F22/><W119/><G119/><T51/><REACH who="0" step="1"/><D36/><REACH who="0" ten="240,250,250,250" step="2"/><U93/><E123/><V92/><F28/><W89/><G89/><T94/><D94/><U108/><E108/><V109/><F92/><W10/><REACH who="3" step="1"/><G66/><REACH who="3" ten="240,250,250,240" step="2"/><T38/><D38/><U100/><E91/><V62/><F67/><W57/><G57/><T102/><AGARI ba="0,2" hai="0,6,9,17,19,45,51,55,68,70,71,99,102,106" machi="102" ten="40,3900,0" yaku="1,1,0,1,53,0" doraHai="112" doraHaiUra="20" who="0" fromWho="0" sc="240,59,250,-13,250,-13,240,-13" /><INIT seed="0,1,0,5,4,130" ten="299,237,237,227" oya="0" hai0="20,19,6,33,61,35,67,65,86,11,68,7,135" hai1="73,110,74,121,109,58,76,64,14,54,126,45,34" hai2="36,124,32,122,53,99,108,3,127,125,100,88,81" hai3="60,48,46,37,52,115,43,0,93,101,24,84,16"/><T117/><D117/><U132/><E34/><V119/><F32/><W104/><G115/><T113/><D113/><U89/><E14/><V57/><F122/><W44/><G0/><T91/><D65/><U105/><E105/><V56/><F3/><W38/><G104/><T39/><D39/><U29/><E29/><V83/><F36/><W17/><G38/><T9/><D9/><U47/><E89/><V95/><F119/><W49/><G37/><T114/><D114/><U51/><E76/><V94/><F108/><N who="1" m="41577" /><E74/><V69/><F69/><W123/><G123/><T107/><D107/><U12/><E12/><V25/><F25/><W75/><G75/><T79/><D79/><U28/><E28/><V111/><F111/><W116/><G116/><T18/><D18/><N who="3" m="7273" /><G60/><T80/><D135/><U31/><E31/><V62/><REACH who="2" step="1"/><F57/><REACH who="2" ten="299,237,227,227" step="2"/><W131/><G131/><T72/><D33/><U63/><E58/><V50/><F50/><W22/><G24/><T66/><D35/><U59/><E51/><V42/><F42/><W102/><G22/><T23/><D23/><U112/><E59/><V82/><F82/><W78/><G93/><N who="0" m="54519" /><D20/><U120/><E121/><V106/><F106/><W85/><G46/><T55/><D68/><U71/><E71/><V26/><F26/><W133/><G49/><T10/><D80/><U129/><E45/><V90/><F90/><W41/><G41/><T1/><D1/><U5/><E47/><V128/><F128/><W98/><G43/><T30/><D11/><U15/><E129/><V92/><F92/><N who="3" m="58567" /><G44/><T13/><D10/><U96/><E120/><RYUUKYOKU ba="1,1" sc="299,-10,237,-10,227,30,227,-10" hai2="53,56,62,81,83,88,94,95,99,100,124,125,127" /><INIT seed="1,2,1,4,5,80" ten="289,227,257,217" oya="1" hai0="50,122,6,109,76,135,25,127,13,91,106,129,99" hai1="133,1,35,31,20,88,30,100,63,90,8,92,53" hai2="126,131,57,121,16,116,130,70,15,18,36,62,37" hai3="87,28,43,128,40,26,69,14,115,132,94,125,73"/><U96/><E133/><V29/><F116/><W47/><G132/><T52/><D135/><U113/><E113/><V105/><F121/><W97/><G115/><T75/><D122/><U59/><E35/><V114/><F114/><W61/><G73/><T89/><D75/><U77/><E77/><V85/><F70/><W107/><G107/><T2/><D76/><U45/><E1/><V124/><F29/><W60/><G125/><N who="2" m="48233" /><F105/><W79/><G69/><T67/><D67/><U39/><E39/><N who="2" m="14923" /><F85/><W11/><G128/><N who="2" m="49193" /><F15/><W0/><G0/><T33/><D13/><U102/><E31/><V118/><F118/><W110/><G28/><T134/><D106/><U71/><E71/><V5/><F5/><W98/><G87/><T86/><D6/><U55/><E90/><V72/><F72/><W101/><G14/><T117/><D2/><U3/><E3/><V24/><F24/><W9/><G26/><T46/><D134/><U56/><E8/><V112/><F112/><W34/><G34/><T48/><D117/><U54/><E30/><V44/><F44/><W49/><G9/><T66/><D89/><U78/><E78/><V23/><F23/><W84/><G79/><T10/><D91/><U119/><E20/><V82/><F82/><W38/><G11/><T12/><D10/><U104/><E119/><V111/><F111/><W51/><G110/><T27/><D127/><U123/><E123/><V93/><F93/><N who="3" m="58543" /><G84/><T7/><D86/><U41/><E104/><V64/><AGARI ba="2,1" hai="16,18,57,62,64" m="49193,14923,48233" machi="64" ten="40,5200,0" yaku="18,1,19,1,54,1" doraHai="80" who="2" fromWho="2" sc="289,-15,227,-28,257,68,217,-15" /><INIT seed="2,0,0,2,0,27" ten="274,199,325,202" oya="2" hai0="26,130,76,56,88,9,77,86,40,93,104,35,65" hai1="28,135,101,96,97,63,125,47,127,95,94,83,14" hai2="92,34,31,75,15,109,67,49,84,112,33,5,115" hai3="134,1,68,11,117,89,69,111,132,51,59,42,123"/><V103/><F75/><W106/><G106/><T120/><D120/><U131/><E135/><N who="3" m="51754" /><G123/><T10/><D104/><U85/><E14/><V52/><F67/><W124/><G117/><T126/><D126/><N who="1" m="48139" /><E47/><V22/><F109/><W32/><G32/><T12/><D130/><U74/><E63/><V72/><F72/><W66/><G124/><T18/><D40/><U116/><E28/><V0/><F34/><W82/><G111/><T36/><D36/><U57/><E57/><N who="2" m="32911" /><F0/><W54/><G42/><T99/><D9/><U6/><E6/><V41/><F5/><N who="3" m="1455" /><G66/><T108/><D108/><U64/><E64/><V43/><F103/><W17/><G17/><T58/><D86/><AGARI ba="0,0" hai="51,54,59,68,69,82,86,89" m="1455,51754" machi="86" ten="30,1000,0" yaku="20,1" doraHai="27" who="3" fromWho="0" sc="274,-10,199,0,325,0,202,10" /><INIT seed="3,0,0,1,1,114" ten="264,199,325,212" oya="3" hai0="61,86,69,30,90,22,106,18,52,16,37,80,99" hai1="84,41,110,112,9,127,43,67,87,108,83,91,8" hai2="105,71,0,109,4,49,28,1,89,2,63,115,51" hai3="19,118,60,32,116,92,95,35,111,62,29,57,82"/><W74/><G19/><N who="0" m="7211" /><D37/><U23/><E23/><V135/><F115/><W75/><G29/><T76/><D69/><U6/><E112/><V11/><F105/><W20/><G20/><T10/><D106/><U70/><E127/><V100/><F100/><W24/><G24/><N who="0" m="16663" /><D10/><N who="1" m="4203" /><E6/><V55/><F109/><N who="1" m="42089" /><E67/><V39/><F39/><W132/><G111/><T40/><D40/><N who="1" m="15435" /><E70/><V65/><F11/><W34/><G132/><T38/><D38/><U124/><E124/><V73/><F135/><W59/><G34/><T5/><D5/><U58/><E58/><V3/><F4/><W81/><AGARI ba="0,0" hai="32,35,57,59,60,62,74,75,81,82,92,95,116,118" machi="81" ten="25,12000,1" yaku="0,1,22,2,52,2" doraHai="114" who="3" fromWho="3" sc="264,-40,199,-40,325,-40,212,120" owari="224,-17.6,159,-34.1,285,8.5,332,43.2" /></mjloggm>