<mjloggm ver="2.3"><GO type="225" lobby="0"/><UN n0="%E3%82%B9%E3%83%AF%E3%82%B8%E3%83%A9%E3%83%B3%E3%83%89%E4%BA%BA" n1="%77%72%77%72%77%72%77%72" n2="%6D%61%74%69%67%75%73%61" n3="%E6%97%A5%E6%9B%9C%E6%97%A5%E3%82%88%E3%82%8A%E3%81%AE%E4%BD%BF%E8%80%85" dan="16,17,17,16" rate="2094.57,2217.76,2150.46,2092.40" sx="F,M,M,M"/><TAIKYOKU oya="0"/><INIT seed="0,0,0,2,3,128" ten="250,250,250,250" oya="0" hai0="101,4,21,111,122,49,81,124,17,89,60,106,100" hai1="119,11,54,55,127,58,93,104,63,33,70,40,64" hai2="27,92,62,67,26,31,46,73,102,61,56,47,108" hai3="117,133,19,83,29,48,99,77,44,130,41,84,30"/><T25/><D122/><U98/><E119/><V97/><F73/><W12/><G117/><T107/><D124/><U20/><E127/><V87/><F108/><W95/><G133/><T121/><D121/><U23/><E104/><V16/><F87/><W78/><G78/><T113/><D113/><U59/><E33/><V86/><F86/><W120/><G130/><T126/><D111/><U118/><E118/><V114/><F114/><W71/><G71/><T134/><D4/><U132/><E40/><V24/><F31/><W2/><G2/><T68/><D107/><U34/><E34/><V75/><F75/><W88/><REACH who="3" step="1"/><G120/><REACH who="3" ten="250,250,250,240" step="2"/><T52/><D134/><U3/><E132/><V1/><F1/><W57/><G57/><T14/><D126/><U112/><E112/><V76/><F76/><W53/><G53/><T131/><D131/><U80/><E70/><V36/><F36/><W91/><G91/><T103/><D68/><U74/><E55/><V105/><F61/><W79/><G79/><T135/><D60/><U9/><E3/><V42/><F42/><W66/><G66/><T8/><D135/><U72/><E54/><V82/><F56/><W123/><G123/><T110/><D110/><U115/><E115/><V50/><F62/><W51/><G51/><T18/><D52/><U6/><E58/><V32/><F67/><W15/><G15/><T5/><D49/><U129/><E129/><V43/><F50/><W13/><G13/><T28/><D106/><U39/><E59/><V96/><F105/><W125/><G125/><T10/><D10/><AGARI ba="0,1" hai="10,12,19,29,30,41,44,48,77,83,84,88,95,99" machi="10" ten="30,8000,1" yaku="1,1,7,1,8,1,54,1,53,1" doraHai="128" doraHaiUra="90" who="3" fromWho="0" sc="250,-80,250,0,250,0,240,90" /><INIT seed="1,0,0,4,0,44" ten="170,250,250,330" oya="1" hai0="80,16,24,119,36,27,23,48,98,112,75,68,90" hai1="101,4,1,31,129,32,111,104,126,108,96,45,56" hai2="86,121,52,125,81,41,97,71,102,37,58,120,107" hai3="34,117,100,67,94,133,79,30,26,135,28,55,18"/><U77/><E129/><V54/><F71/><W63/><G117/><T47/><D36/><U22/><E126/><V3/><F3/><W103/><G79/><T29/><D112/><U113/><E113/><V83/><F37/><W53/><G30/><T17/><D68/><U65/><E77/><V131/><F41/><W12/><G55/><N who="0" m="30111" /><D75/><U89/><E45/><V15/><F131/><W64/><G53/><T38/><D38/><U84/><E32/><V50/><F125/><W9/><G67/><T130/><D130/><U118/><E118/><V106/><F107/><W7/><G7/><T59/><D119/><U92/><E4/><V13/><F83/><W40/><G40/><T10/><D10/><U91/><E1/><V78/><REACH who="2" step="1"/><F54/><REACH who="2" ten="170,250,240,330" step="2"/><W51/><G94/><N who="0" m="56663" /><D80/><U82/><E104/><V62/><F62/><W39/><G39/><T95/><D95/><U46/><E92/><V73/><F73/><W134/><G51/><T85/><D59/><AGARI ba="0,1" hai="9,12,18,26,28,34,59,63,64,100,103,133,134,135" machi="59" ten="40,1300,0" yaku="20,1" doraHai="44" who="3" fromWho="0" sc="170,-13,250,0,240,0,330,23" /><INIT seed="2,0,0,4,3,4" ten="157,250,240,353" oya="2" hai0="31,11,3,23,10,84,8,58,37,34,0,133,109" hai1="41,70,98,99,107,93,64,115,106,24,119,79,45" hai2="68,122,26,82,51,67,103,75,108,116,25,7,46" hai3="88,17,33,92,128,47,36,126,81,2,48,27,60"/><V42/><F116/><W66/><G2/><N who="0" m="555" /><D58/><U97/><E115/><V77/><F122/><W35/><G36/><T5/><D37/><U123/><E119/><V87/><F108/><W130/><G81/><T15/><D84/><U80/><E123/><V63/><F7/><W1/><G1/><N who="0" m="47" /><D133/><U20/><E64/><V6/><F6/><W12/><G126/><T89/><D109/><U38/><E70/><V135/><F135/><W39/><G39/><T91/><D91/><U114/><E114/><V43/><F43/><W117/><G117/><T59/><D59/><U129/><E129/><V55/><F103/><W74/><G74/><T124/><D124/><U28/><E107/><V22/><F75/><W105/><G105/><T73/><D89/><U32/><E106/><V90/><F90/><W30/><G35/><T44/><D44/><U71/><E32/><V29/><F26/><W62/><G66/><T14/><D73/><U100/><E71/><V104/><F104/><W65/><G65/><T54/><D54/><U16/><E28/><V102/><F102/><W72/><G72/><AGARI ba="0,0" hai="16,20,24,38,41,45,72,79,80,93,97,98,99,100" machi="72" ten="30,2000,0" yaku="7,1,54,1" doraHai="4" who="1" fromWho="3" sc="157,0,250,20,240,0,353,-20" /><INIT seed="3,0,0,1,4,90" ten="157,270,240,333" oya="3" hai0="35,77,84,113,135,94,28,111,41,102,27,81,130" hai1="52,37,120,106,42,45,89,126,60,132,25,122,105" hai2="107,96,86,79,1,32,91,128,99,13,73,7,0" hai3="20,125,100,21,114,101,61,18,46,39,3,6,129"/><W70/><G114/><T33/><D111/><U108/><E108/><V71/><F32/><W68/><G3/><T19/><D130/><U11/><E132/><V15/><F71/><W123/><G123/><T54/><D135/><U131/><E131/><V63/><F63/><W78/><G78/><T87/><D113/><U80/><E126/><V22/><F96/><W85/><G6/><T26/><D41/><U109/><E109/><V66/><F66/><W29/><G29/><T121/><D121/><U83/><E25/><V36/><F36/><W115/><G115/><T8/><D8/><U5/><E106/><V4/><F22/><W133/><G85/><T116/><D116/><U110/><E105/><V47/><F7/><W38/><G46/><T51/><D19/><U62/><E110/><V82/><F47/><W48/><G48/><T56/><D87/><U49/><E120/><V88/><F128/><W55/><G61/><T93/><REACH who="0" step="1"/><D102/><REACH who="0" ten="147,270,240,333" step="2"/><U119/><E119/><V69/><F86/><W95/><G101/><T76/><D76/><U16/><E122/><V92/><F79/><W64/><G100/><T65/><D65/><U9/><E16/><V10/><F10/><W34/><G64/><T124/><D124/><U134/><E11/><V31/><F4/><W53/><G18/><T97/><D97/><U58/><E134/><V103/><F99/><W117/><G133/><T12/><D12/><U24/><E9/><V75/><F13/><W67/><G117/><T2/><D2/><U30/><E42/><V57/><F15/><W14/><G14/><T50/><D50/><RYUUKYOKU ba="0,1" sc="147,30,270,-10,240,-10,333,-10" hai0="26,27,28,33,35,51,54,56,77,81,84,93,94" owari="177,-32.3,260,6.0,230,-17.0,333,43.3" /></mjloggm>