<mjloggm ver="2.3"><GO type="225" lobby="0"/><UN n0="%E9%B3%B3%E6%9D%B1%E3%81%AE%E3%81%86%E3%81%95%E3%81%8E%E3%81%95%E3%82%93" n1="%6D%75%75%6D%75%72%61" n2="%E3%82%82%E3%81%90%E3%82%89" n3="%E3%83%AB%E3%83%9B%E3%83%B3%E3%83%87%E3%82%A3%E3%82%A8" dan="16,16,16,16" rate="2095.23,2136.57,2187.96,2129.21" sx="M,F,M,M"/><TAIKYOKU oya="0"/><INIT seed="0,0,0,3,4,68" ten="250,250,250,250" oya="0" hai0="71,66,7,65,35,72,32,21,123,40,64,101,5" hai1="83,111,103,99,50,125,95,28,82,17,15,30,54" hai2="38,48,94,107,4,2,102,11,26,3,92,80,24" hai3="117,36,126,87,114,33,81,41,46,85,34,63,67"/><T43/><D71/><U14/><E111/><V27/><F2/><W13/><G114/><T37/><D123/><U10/><E125/><V78/><F48/><W131/><G117/><T53/><D72/><U98/><E98/><V79/><F79/><W100/><G131/><T44/><D101/><U76/><E15/><V57/><F57/><W135/><G126/><T60/><D40/><U120/><E120/><V133/><F133/><W86/><G135/><T88/><D21/><U74/><REACH who="1" step="1"/><E83/><REACH who="1" ten="250,240,250,250" step="2"/><V93/><F107/><W61/><G81/><T116/><D116/><U129/><E129/><V128/><F128/><W52/><G13/><T51/><D60/><U119/><E119/><V96/><REACH who="2" step="1"/><F38/><REACH who="2" ten="250,240,240,250" step="2"/><W45/><G36/><T16/><D37/><U49/><E49/><V0/><F0/><W115/><G61/><T42/><D51/><U18/><E18/><V22/><F22/><W47/><G63/><T55/><D16/><U62/><E62/><V20/><F20/><W118/><G118/><T97/><D65/><U58/><AGARI ba="0,2" hai="10,14,17,28,30,50,54,58,74,76,82,95,99,103" machi="58" ten="20,2700,0" yaku="1,1,0,1,7,1,53,0" doraHai="68" doraHaiUra="109" who="1" fromWho="1" sc="250,-13,240,47,240,-7,250,-7" /><INIT seed="1,0,0,5,0,125" ten="237,287,233,243" oya="1" hai0="119,43,99,35,106,24,114,52,83,42,64,45,23" hai1="21,90,30,17,8,57,37,126,49,103,19,97,48" hai2="14,53,132,22,93,110,85,0,117,25,50,46,36" hai3="89,112,20,75,102,127,5,41,6,66,39,27,100"/><U96/><E126/><V71/><F117/><W56/><G75/><T109/><D114/><U40/><E37/><V54/><F0/><W18/><G127/><T68/><D119/><U11/><E30/><V10/><F110/><W34/><G34/><T4/><D109/><U108/><E108/><V32/><F32/><W9/><G112/><T95/><D106/><U122/><E122/><V26/><F71/><W3/><G5/><T91/><D35/><U61/><E90/><N who="2" m="53455" /><F36/><W69/><G69/><T81/><D4/><U123/><E123/><V73/><F73/><W115/><G115/><T76/><D64/><U84/><E84/><V67/><F67/><W129/><G41/><N who="0" m="15371" /><D68/><U120/><E120/><V38/><F38/><W88/><G39/><T7/><D7/><U72/><E72/><V44/><F132/><W28/><G28/><N who="0" m="17439" /><D76/><U128/><E40/><V29/><F25/><W31/><G31/><T65/><D65/><U94/><E19/><N who="2" m="8663" /><F54/><W62/><G100/><T130/><D130/><U15/><E128/><V55/><F53/><W1/><G129/><T80/><D83/><U2/><E2/><V116/><F116/><W118/><G118/><T33/><D33/><U74/><E74/><V135/><F135/><W87/><G1/><T47/><D47/><AGARI ba="0,0" hai="22,26,29,44,46,47,50,55" m="8663,53455" machi="47" ten="30,1000,0" yaku="8,1" doraHai="125" who="2" fromWho="0" sc="237,-10,287,0,233,10,243,0" /><INIT seed="2,0,0,0,0,69" ten="227,287,243,243" oya="2" hai0="47,71,39,126,94,74,135,65,118,124,119,37,19" hai1="12,87,35,2,61,107,91,38,46,32,104,63,24" hai2="89,54,36,59,29,84,42,121,17,23,10,16,122" hai3="60,45,0,33,95,14,81,26,112,102,48,113,1"/><V80/><F29/><N who="3" m="19639" /><G81/><T51/><D74/><U70/><E2/><N who="3" m="1130" /><G60/><N who="0" m="40359" /><D19/><U73/><E73/><V27/><F17/><W115/><G95/><T132/><D94/><U85/><E91/><V128/><F10/><W127/><G102/><T4/><D4/><U93/><E70/><V31/><F31/><W92/><G92/><T106/><D106/><U34/><E93/><V111/><F128/><W77/><G77/><T56/><D56/><U20/><E85/><V131/><F131/><W72/><G72/><T25/><D25/><U98/><E24/><V101/><F101/><W28/><G48/><T67/><D67/><U134/><E87/><V22/><F22/><W129/><G45/><T43/><D119/><U114/><E20/><V30/><F30/><W68/><G68/><T52/><D118/><U66/><E104/><V103/><F103/><W3/><N who="3" m="1138" /><W55/><DORA hai="79" /><G55/><T53/><D53/><U90/><E66/><V9/><F9/><W99/><G99/><T83/><D83/><U86/><E98/><V41/><F41/><W21/><G129/><T133/><D43/><U100/><E100/><V75/><F75/><W44/><G44/><T97/><D97/><U123/><E107/><V50/><REACH who="2" step="1"/><F111/><REACH who="2" ten="227,287,233,243" step="2"/><W120/><G28/><T57/><D47/><AGARI ba="0,1" hai="16,23,27,36,42,47,50,54,59,80,84,89,121,122" machi="47" ten="40,12000,1" yaku="1,1,2,1,52,2,54,1,53,0" doraHai="69,79" doraHaiUra="130,5" who="2" fromWho="0" sc="227,-120,287,0,233,130,243,0" /><INIT seed="2,1,0,4,3,55" ten="107,287,363,243" oya="2" hai0="9,119,111,40,24,7,15,112,99,85,17,126,5" hai1="81,68,108,120,53,135,3,34,0,86,103,26,65" hai2="32,13,117,39,37,44,27,52,121,105,63,33,80" hai3="127,60,130,75,28,54,132,93,14,109,77,50,88"/><V70/><F121/><W131/><G109/><T6/><D126/><U83/><E108/><V72/><F105/><W82/><G127/><T73/><D112/><U123/><E135/><V1/><F1/><W23/><G132/><T76/><D111/><U2/><E103/><V31/><F117/><W92/><G60/><T96/><D73/><U97/><E97/><V116/><F116/><W41/><G41/><T48/><D119/><U79/><E68/><V47/><F33/><W4/><G93/><T74/><D74/><U8/><E65/><V124/><F124/><W87/><G28/><T90/><D76/><U84/><E8/><V18/><F70/><W45/><G4/><T129/><D24/><U51/><E34/><V69/><F80/><W113/><G113/><T35/><D35/><U100/><E100/><V122/><F72/><W38/><G38/><T102/><D102/><U62/><E62/><V128/><F122/><W91/><G91/><T11/><D11/><U56/><REACH who="1" step="1"/><E26/><REACH who="1" ten="107,277,363,243" step="2"/><V134/><F27/><W12/><G23/><T29/><D129/><AGARI ba="1,1" hai="12,14,45,50,54,75,77,82,87,88,92,129,130,131" machi="129" ten="40,2600,0" yaku="19,1,54,1" doraHai="55" who="3" fromWho="0" sc="107,-29,277,0,363,0,243,39" /><INIT seed="3,0,0,5,5,64" ten="78,277,363,282" oya="3" hai0="29,11,80,86,85,130,90,2,42,128,45,8,39" hai1="122,95,67,7,56,124,0,129,23,36,33,126,4" hai2="38,134,111,116,13,77,78,105,125,62,12,65,72" hai3="37,107,118,102,59,24,76,50,17,117,25,1,52"/><W63/><G37/><T115/><D115/><U46/><E33/><V71/><F116/><W75/><G1/><T14/><D29/><U103/><E122/><V127/><F111/><W66/><G75/><T120/><D120/><U87/><E129/><V54/><F134/><W41/><G76/><T93/><D2/><U79/><E23/><V112/><F112/><W57/><G41/><T34/><D34/><U9/><E4/><V113/><F113/><W133/><G133/><T106/><D106/><U43/><E103/><V119/><F119/><W68/><G25/><T27/><D27/><U20/><E20/><V74/><F105/><W131/><G131/><T21/><D130/><U18/><E18/><V58/><F38/><W30/><G17/><T60/><D128/><U99/><E99/><V48/><F77/><W51/><G51/><T28/><D60/><U135/><E135/><V104/><F104/><W69/><G59/><T110/><D110/><U92/><E87/><V53/><F53/><W97/><REACH who="3" step="1"/><G69/><REACH who="3" ten="78,277,363,272" step="2"/><T3/><D3/><U98/><E79/><V26/><F26/><W84/><G84/><T5/><D28/><U35/><E56/><V22/><F78/><W40/><G40/><T10/><D21/><AGARI ba="0,1" hai="21,24,30,50,52,57,63,66,68,97,102,107,117,118" machi="21" ten="30,11600,0" yaku="1,1,7,1,52,1,54,1,53,0" doraHai="64" doraHaiUra="109" who="3" fromWho="0" sc="78,-116,277,0,363,0,272,126" owari="-38,-53.8,277,-12.3,363,16.3,398,49.8" /></mjloggm>