<mjloggm ver="2.3"><GO type="225" lobby="0"/><UN n0="%E3%81%AA%E3%81%A1%30%39%32%37" n1="%E5%8F%AF%E5%85%90%E9%82%A3%E7%94%B1%E5%A4%9A" n2="%72%69%6F%75%63%68%61%6E" n3="%E6%B0%B7%E5%B7%9D%E9%87%8C%E5%A5%88" dan="16,16,17,16" rate="2103.42,2232.31,2238.61,2111.54" sx="M,F,M,F"/><TAIKYOKU oya="0"/><INIT seed="0,0,0,5,3,53" ten="250,250,250,250" oya="0" hai0="35,76,82,36,88,34,11,92,70,111,97,133,18" hai1="71,57,96,8,37,32,72,33,56,55,2,125,48" hai2="110,75,130,112,63,20,41,29,49,24,127,31,106" hai3="3,123,1,115,120,12,17,107,14,21,54,98,109"/><T52/><D133/><U9/><E125/><V4/><F110/><W62/><G115/><T95/><D111/><U64/><E37/><V27/><F130/><W116/><G109/><T89/><D36/><U40/><E40/><V117/><F127/><W93/><G116/><T101/><D70/><U78/><E71/><V134/><F134/><W66/><G107/><T7/><D18/><U103/><E72/><V86/><F112/><W128/><G128/><T114/><D114/><U118/><E118/><V25/><F75/><W74/><G54/><T94/><D94/><N who="1" m="58775" /><E2/><V65/><F117/><W19/><G74/><T60/><D35/><U121/><E33/><V68/><F106/><W50/><G50/><T79/><D34/><U16/><E32/><V102/><F102/><W47/><G47/><T22/><D22/><U87/><E121/><V39/><F39/><W15/><G15/><N who="0" m="5631" /><D82/><N who="1" m="47575" /><E16/><V44/><F4/><W26/><G26/><T131/><D131/><U84/><E84/><V59/><F29/><W67/><G123/><T73/><D73/><U81/><E81/><V119/><F119/><W10/><G120/><T99/><D101/><U104/><E104/><V85/><F68/><W129/><G129/><T61/><D61/><AGARI ba="0,0" hai="8,9,48,55,56,57,61,64" m="47575,58775" machi="61" ten="30,3900,0" yaku="8,1,52,2" doraHai="53" who="1" fromWho="0" sc="250,-39,250,39,250,0,250,0" /><INIT seed="1,0,0,4,3,71" ten="211,289,250,250" oya="1" hai0="57,109,26,70,45,10,79,44,47,28,11,98,111" hai1="51,106,62,32,59,64,121,36,2,135,55,37,90" hai2="23,97,87,16,134,21,58,48,99,86,63,94,85" hai3="65,72,104,38,5,24,54,66,12,101,107,119,77"/><U117/><E2/><V1/><F134/><W116/><G38/><N who="1" m="14954" /><E32/><V118/><F118/><N who="3" m="45099" /><G54/><T113/><D70/><N who="1" m="42263" /><E106/><N who="3" m="40490" /><G101/><T81/><D113/><U120/><E90/><N who="2" m="55511" /><F1/><W25/><G77/><T84/><D57/><N who="1" m="33023" /><E117/><V132/><F132/><W127/><G72/><T0/><D98/><U67/><E135/><V89/><F48/><W7/><G12/><T31/><D31/><U41/><E41/><V9/><F9/><W40/><G40/><T68/><D68/><U17/><E17/><V83/><F99/><W95/><G95/><T3/><D3/><U22/><E22/><N who="2" m="8203" /><F16/><W110/><G7/><T18/><D18/><U102/><E102/><V74/><F74/><W33/><G5/><T93/><D0/><U46/><E46/><V43/><F43/><W78/><G78/><T114/><D93/><U130/><E130/><V100/><F100/><W42/><G42/><T73/><D73/><U53/><E67/><AGARI ba="0,0" hai="58,63,67,83,85,86,87,89" m="8203,55511" machi="67" ten="30,1000,0" yaku="8,1" doraHai="71" who="2" fromWho="1" sc="211,0,289,-10,250,10,250,0" /><INIT seed="2,0,0,4,1,44" ten="211,279,260,250" oya="2" hai0="32,120,40,102,76,129,1,55,106,121,128,127,126" hai1="119,117,100,80,15,35,97,109,77,95,58,51,25" hai2="2,13,85,17,133,99,93,24,12,135,98,28,16" hai3="69,132,116,115,101,26,10,92,33,23,81,63,49"/><V108/><F2/><W38/><G116/><T62/><D1/><U130/><E109/><V64/><F108/><W53/><G38/><T71/><D32/><U90/><E130/><N who="0" m="50281" /><D76/><U20/><E35/><V37/><F37/><W41/><G33/><T105/><D40/><U7/><E100/><V91/><F64/><W4/><G132/><N who="2" m="50761" /><F12/><W0/><G115/><T103/><D55/><U72/><E7/><V74/><F74/><W87/><G41/><T29/><D29/><U56/><E15/><V134/><N who="2" m="50769" /><V19/><DORA hai="6" /><F13/><W123/><G123/><N who="0" m="47179" /><D62/><U114/><E114/><V66/><F66/><W30/><G63/><T8/><D8/><U36/><E36/><V82/><F82/><W59/><G69/><T50/><D50/><U43/><E119/><V5/><F5/><W84/><REACH who="3" step="1"/><G81/><REACH who="3" ten="211,279,260,240" step="2"/><T65/><D65/><U125/><E117/><V79/><F79/><W45/><G45/><T73/><D71/><U22/><E43/><V78/><F78/><W42/><G42/><T124/><D73/><U131/><E131/><V54/><F54/><W111/><G111/><T89/><D89/><U96/><E90/><V112/><F112/><W48/><G48/><T39/><D39/><U113/><E51/><V60/><F60/><W68/><G68/><T88/><D88/><N who="1" m="55399" /><E113/><V14/><F91/><W46/><G46/><T86/><D86/><U52/><E52/><V107/><F85/><W47/><G47/><T122/><N who="0" m="47187" /><T70/><DORA hai="110" /><D70/><U67/><E67/><V118/><F118/><W31/><G31/><T94/><D103/><U34/><E72/><RYUUKYOKU ba="0,1" sc="211,15,279,-15,260,-15,240,15" hai0="94,102,105,106,124,126,127" hai3="0,4,10,23,26,30,49,53,59,84,87,92,101" /><INIT seed="3,1,1,5,0,32" ten="226,264,245,255" oya="3" hai0="125,60,117,2,113,49,34,41,39,115,24,108,122" hai1="111,64,134,53,18,58,112,83,28,38,72,120,21" hai2="12,11,65,103,91,43,44,16,61,0,42,131,85" hai3="33,40,88,87,9,81,4,15,17,76,121,107,101"/><W96/><G121/><T95/><D117/><U26/><E120/><V89/><F131/><W126/><G126/><T78/><D122/><U10/><E112/><N who="0" m="43081" /><D125/><U3/><E38/><V106/><F0/><W30/><G40/><T37/><D108/><U93/><E111/><V23/><F106/><W29/><G33/><T52/><D2/><U5/><E134/><V7/><F103/><W31/><REACH who="3" step="1"/><G76/><REACH who="3" ten="226,264,245,245" step="2"/><T74/><D34/><U51/><E64/><V22/><F42/><W97/><G97/><T127/><D127/><U6/><E53/><V79/><F79/><W94/><G94/><T109/><D109/><U66/><E93/><V8/><F43/><W119/><G119/><T20/><D95/><U70/><E66/><V67/><F65/><W104/><G104/><T69/><D78/><U48/><E83/><V45/><F91/><W54/><G54/><T132/><D132/><U63/><E72/><V68/><F89/><W13/><G13/><T124/><D124/><U82/><E82/><V123/><F123/><W80/><G80/><T1/><D1/><U25/><E3/><V19/><F85/><W90/><G90/><T36/><D74/><U59/><E25/><V133/><F133/><W14/><G14/><T100/><D41/><U99/><E99/><V56/><F68/><W128/><G128/><T27/><D52/><N who="1" m="34279" /><E70/><V46/><F7/><AGARI ba="1,2" hai="4,7,9,15,17,29,30,31,81,87,88,96,101,107" machi="7" ten="40,3900,0" yaku="1,1,54,1,53,0" doraHai="32" doraHaiUra="114" who="3" fromWho="2" sc="226,0,264,0,245,-42,245,62" owari="226,-17.4,264,6.4,203,-29.7,307,40.7" /></mjloggm>