<mjloggm ver="2.3"><GO type="225" lobby="0"/><UN n0="%E6%80%AA%E3%81%97%E3%81%99%E3%81%8E%E3%82%8B%E3%83%81%E3%83%BC" n1="%72%69%6F%75%63%68%61%6E" n2="%6D%75%75%6D%75%72%61" n3="%E3%81%AF%E3%82%88%E3%81%8A%E3%81%98%E3%81%95%E3%82%93" dan="17,17,16,16" rate="2154.02,2240.88,2092.00,2200.96" sx="M,M,F,M"/><TAIKYOKU oya="0"/><INIT seed="0,0,0,0,5,2" ten="250,250,250,250" oya="0" hai0="129,41,61,132,63,66,44,107,86,22,70,36,27" hai1="83,106,42,102,30,84,127,68,78,90,103,85,111" hai2="80,126,76,51,72,43,38,104,93,13,57,101,29" hai3="82,117,99,109,34,92,21,73,28,20,62,128,40"/><T3/><D3/><U74/><E68/><V105/><F126/><W24/><G117/><T97/><D132/><U1/><E1/><V81/><F38/><W45/><G109/><T16/><D129/><U115/><E30/><V133/><F133/><W59/><G128/><T64/><D86/><U8/><E42/><V67/><F29/><W54/><G82/><T75/><D75/><U0/><E111/><V15/><F81/><W25/><G73/><T87/><D87/><N who="1" m="50559" /><E8/><V12/><F67/><W125/><G125/><T7/><D97/><N who="1" m="61775" /><E0/><V108/><F108/><W131/><G131/><T10/><D107/><U9/><E9/><V123/><F123/><W65/><G54/><T52/><D52/><U14/><E14/><V39/><F39/><W4/><G4/><T32/><D32/><U37/><E37/><V50/><F50/><W19/><G34/><T11/><REACH who="0" step="1"/><D7/><REACH who="0" ten="240,250,250,250" step="2"/><U134/><E127/><V26/><F105/><W91/><G40/><T60/><D60/><U114/><E134/><V88/><F104/><W94/><G45/><T130/><D130/><U110/><E110/><V23/><F43/><W53/><G65/><T33/><D33/><U58/><E74/><V79/><F72/><W118/><G118/><T95/><D95/><AGARI ba="0,1" hai="19,20,21,24,25,28,53,59,62,91,92,94,95,99" machi="95" ten="40,5200,0" yaku="25,2,8,1" doraHai="2" who="3" fromWho="0" sc="240,-52,250,0,250,0,250,62" /><INIT seed="1,0,0,2,5,109" ten="188,250,250,312" oya="1" hai0="11,110,28,24,67,31,124,99,19,98,126,15,9" hai1="118,125,90,70,101,114,48,30,112,81,52,85,117" hai2="121,25,35,60,46,32,82,47,104,20,97,36,7" hai3="84,130,16,40,57,38,93,41,133,14,105,39,135"/><U129/><E70/><V102/><F121/><W62/><G105/><T37/><D110/><U91/><E30/><V42/><F7/><W92/><G130/><T122/><D37/><U5/><E129/><V83/><F47/><W123/><G123/><T8/><D122/><U4/><E101/><V96/><F96/><W107/><G107/><T74/><D74/><U66/><E66/><V77/><F60/><W127/><G127/><N who="0" m="48683" /><D67/><U61/><E61/><V95/><F104/><W94/><G84/><T53/><D53/><U33/><E33/><V78/><F83/><W108/><G108/><T12/><D98/><U13/><E125/><V50/><F36/><W22/><G39/><T34/><D99/><U119/><E90/><V21/><F21/><W64/><REACH who="3" step="1"/><G38/><REACH who="3" ten="188,250,250,302" step="2"/><T71/><D71/><U0/><E0/><V45/><F78/><W59/><G59/><T56/><D56/><U58/><REACH who="1" step="1"/><E13/><REACH who="1" ten="188,240,250,302" step="2"/><N who="0" m="5193" /><D31/><U1/><E1/><V76/><F76/><W134/><AGARI ba="0,2" hai="14,16,22,40,41,57,62,64,92,93,94,133,134,135" machi="134" ten="40,8000,1" yaku="1,1,0,1,20,1,54,1,53,0" doraHai="109" doraHaiUra="69" who="3" fromWho="3" sc="188,-20,240,-40,250,-20,302,100" /><INIT seed="2,0,0,5,0,125" ten="168,200,230,402" oya="2" hai0="31,102,53,100,52,36,35,17,33,46,131,111,112" hai1="37,73,108,122,76,93,4,61,105,42,9,0,86" hai2="127,60,38,26,39,63,44,79,21,90,3,20,29" hai3="24,8,13,103,124,18,121,23,132,114,68,27,134"/><V66/><F127/><W81/><G124/><T71/><D112/><U15/><E105/><V5/><F79/><W130/><G130/><T51/><D111/><U104/><E104/><V135/><F135/><N who="3" m="51755" /><G114/><T94/><D71/><U115/><E108/><V32/><F90/><W97/><G121/><T72/><D72/><U12/><E115/><V129/><F44/><W55/><G68/><T59/><D131/><U83/><E122/><V57/><F129/><W74/><G55/><T19/><D35/><U107/><E107/><V48/><F48/><W34/><G34/><T30/><D36/><U69/><E93/><V1/><F60/><W128/><G128/><T116/><D116/><U118/><E86/><V64/><F64/><W49/><G49/><N who="0" m="31119" /><D33/><U47/><REACH who="1" step="1"/><E118/><REACH who="1" ten="168,190,230,402" step="2"/><V56/><F38/><W106/><G74/><T126/><D126/><U96/><E96/><V75/><F39/><W77/><G81/><T67/><D67/><AGARI ba="0,1" hai="0,4,9,12,15,37,42,47,61,67,69,73,76,83" machi="67" ten="40,8000,1" yaku="1,1,25,2,53,1" doraHai="125" doraHaiUra="40" who="1" fromWho="0" sc="168,-80,190,90,230,0,402,0" /><INIT seed="3,0,0,3,0,122" ten="88,280,230,402" oya="3" hai0="26,37,128,49,59,12,116,94,131,7,75,66,58" hai1="19,52,88,47,3,35,121,129,124,105,30,24,54" hai2="10,69,82,85,2,99,115,13,134,29,120,63,55" hai3="38,36,23,45,46,17,4,133,11,80,6,90,127"/><W65/><G65/><T126/><D12/><U113/><E121/><V110/><F120/><W44/><G127/><T73/><D94/><U70/><E113/><V60/><F115/><W81/><G133/><T67/><D26/><U77/><E70/><V92/><F134/><W123/><G123/><T21/><D21/><U98/><E129/><V74/><F74/><W100/><G100/><T114/><D7/><U33/><E124/><V61/><F2/><W0/><G4/><T16/><D126/><U97/><E3/><V15/><F69/><W22/><G22/><T79/><D79/><U20/><E77/><V25/><F55/><W104/><G104/><T14/><D114/><U56/><E47/><V18/><F13/><W119/><G119/><T50/><D14/><U1/><E1/><V101/><F25/><W72/><G72/><T107/><D107/><U112/><E112/><V109/><REACH who="2" step="1"/><F29/><REACH who="2" ten="88,280,220,402" step="2"/><W95/><G0/><T32/><D116/><U68/><E68/><V103/><F103/><W84/><G36/><T78/><D37/><U89/><E54/><V48/><F48/><W42/><G38/><T93/><D78/><AGARI ba="0,1" hai="10,15,18,60,61,63,78,82,85,92,99,101,109,110" machi="78" ten="40,8000,1" yaku="1,1,52,2,53,1" doraHai="122" doraHaiUra="91" who="2" fromWho="0" sc="88,-80,280,0,220,90,402,0" owari="8,-49.2,280,-12.0,310,11.0,402,50.2" /></mjloggm>