<mjloggm ver="2.3"><GO type="225" lobby="0"/><UN n0="%54%4F%52" n1="%E9%89%A2%E5%B7%BB%E3%82%AC%E3%83%96" n2="%72%61%6B%33" n3="%E3%83%A1%E3%82%AC%E3%83%87%E3%82%B8" dan="17,16,18,16" rate="2223.85,2088.50,2253.84,2093.30" sx="M,M,M,F"/><TAIKYOKU oya="0"/><INIT seed="0,0,0,4,4,83" ten="250,250,250,250" oya="0" hai0="120,12,24,99,107,18,132,134,21,135,77,87,53" hai1="111,13,39,9,45,78,46,44,28,14,50,33,68" hai2="95,92,5,42,38,74,34,127,129,114,7,133,119" hai3="82,79,84,15,8,98,29,47,122,103,36,41,94"/><T86/><D120/><U123/><E123/><V72/><F92/><W65/><G122/><T67/><D67/><U40/><E68/><V54/><F54/><W73/><G29/><T49/><D77/><U23/><E111/><V31/><F95/><W22/><G65/><T91/><D24/><U63/><E63/><V48/><F48/><W51/><G22/><T89/><D107/><U60/><E60/><V69/><F31/><W97/><G36/><T26/><D99/><U58/><E33/><V56/><F56/><W104/><G104/><T35/><D35/><U85/><E58/><V70/><F42/><W100/><G98/><T128/><D128/><U130/><E130/><V0/><F5/><W76/><G76/><T115/><D115/><U64/><E64/><V61/><F7/><N who="3" m="3487" /><G73/><T75/><D75/><U57/><E57/><V11/><F11/><W20/><G20/><T2/><D2/><U59/><E59/><V66/><F61/><W80/><G80/><T113/><D113/><U112/><E112/><V62/><F62/><W101/><AGARI ba="0,0" hai="41,47,51,79,82,84,94,97,100,101,103" m="3487" machi="101" ten="30,4000,0" yaku="25,1,8,1,52,1" doraHai="83" who="3" fromWho="3" sc="250,-20,250,-10,250,-10,250,40" /><INIT seed="1,0,0,3,5,125" ten="230,240,240,290" oya="1" hai0="53,74,34,2,96,110,132,104,18,63,32,28,6" hai1="98,40,58,65,124,47,52,99,123,115,89,73,127" hai2="134,100,79,10,14,97,61,57,78,38,71,109,120" hai3="85,128,3,76,13,31,106,112,1,37,25,59,90"/><U130/><E115/><V114/><F120/><W122/><G122/><T129/><D74/><U131/><E123/><V103/><F38/><W26/><G112/><T27/><D110/><U105/><E73/><V30/><F134/><W48/><G37/><T126/><D126/><N who="1" m="48171" /><E65/><V43/><F43/><W11/><G106/><T64/><D132/><U119/><E89/><V36/><F36/><W39/><G39/><T46/><D18/><U92/><E119/><V21/><F71/><W81/><G26/><T116/><D34/><U93/><E47/><V108/><F114/><W113/><G113/><T55/><D116/><U24/><E24/><V135/><F135/><W107/><G107/><T35/><D35/><U80/><E80/><V111/><F21/><W94/><G25/><T101/><D46/><U77/><E77/><V70/><F30/><W62/><G31/><T87/><D87/><U45/><E45/><V0/><F70/><W133/><G133/><T44/><D44/><U49/><E40/><V82/><F78/><W67/><G48/><T50/><D50/><U19/><E19/><V68/><F109/><W12/><G76/><T9/><REACH who="0" step="1"/><D129/><REACH who="0" ten="220,240,240,290" step="2"/><N who="1" m="49163" /><E98/><V51/><F97/><W118/><G128/><T83/><D83/><U7/><E7/><V16/><F82/><W56/><G81/><T91/><D91/><U102/><AGARI ba="0,1" hai="49,52,58,92,93,99,102,105" m="49163,48171" machi="102" ten="40,18000,2" yaku="18,1,19,1,52,3,54,1" doraHai="125" who="1" fromWho="1" sc="220,-60,240,190,240,-60,290,-60" /><INIT seed="1,1,0,5,5,54" ten="160,430,180,230" oya="1" hai0="112,63,2,126,32,67,21,130,51,91,114,59,83" hai1="98,132,102,25,81,56,61,3,33,121,90,45,35" hai2="116,0,43,89,20,12,41,100,82,72,80,24,85" hai3="17,53,7,115,44,57,15,123,78,104,99,30,36"/><U87/><E132/><V16/><F116/><W88/><G123/><T133/><D32/><U1/><E121/><V19/><F0/><W8/><G78/><T65/><D133/><U29/><E35/><V42/><F72/><W64/><G115/><T128/><D2/><U23/><E45/><V76/><F100/><W129/><G129/><N who="0" m="49771" /><D21/><U70/><E70/><V79/><REACH who="2" step="1"/><F82/><REACH who="2" ten="160,430,170,230" step="2"/><W127/><G127/><T10/><D126/><U95/><E33/><V113/><F113/><W118/><G118/><T14/><D114/><U52/><AGARI ba="1,1" hai="1,3,23,25,29,52,56,61,81,87,90,95,98,102" machi="52" ten="20,7800,0" yaku="0,1,7,1,52,1,54,1" doraHai="54" who="1" fromWho="1" sc="160,-27,430,91,170,-27,230,-27" /><INIT seed="1,2,0,4,5,127" ten="133,521,143,203" oya="1" hai0="36,15,78,30,41,24,81,48,95,0,115,101,84" hai1="104,89,117,17,133,128,51,77,10,124,106,93,21" hai2="94,123,80,105,39,114,57,53,9,91,37,28,22" hai3="65,25,68,6,99,75,1,66,70,98,108,135,49"/><U40/><E40/><V43/><F105/><W67/><G108/><T97/><D0/><U122/><E51/><V52/><F123/><W45/><G75/><T5/><D36/><U50/><E50/><V92/><F114/><W74/><G74/><T23/><D115/><U126/><E10/><V8/><F80/><W125/><G125/><T11/><D48/><U58/><E58/><V107/><F107/><W130/><G135/><T63/><D63/><U134/><E17/><V119/><F28/><W129/><G25/><T32/><REACH who="0" step="1"/><D41/><REACH who="0" ten="123,521,143,203" step="2"/><U7/><E126/><V85/><F43/><W34/><G1/><T103/><D103/><U38/><E124/><V29/><F37/><W116/><G49/><T60/><D60/><U111/><E38/><V16/><F39/><W110/><G45/><T88/><D88/><U31/><E89/><V118/><F91/><W2/><G2/><T79/><D79/><U86/><E77/><V12/><F57/><W82/><G70/><T26/><D26/><U96/><E133/><V33/><F53/><W100/><G68/><T46/><D46/><U83/><E134/><V69/><F52/><W90/><G90/><T44/><D44/><U59/><E59/><V73/><F69/><W55/><G55/><T112/><D112/><U3/><E3/><V132/><F132/><W64/><G100/><T72/><D72/><U76/><E76/><V4/><F73/><W71/><G71/><T54/><D54/><U14/><E111/><V19/><F12/><W35/><G110/><T27/><D27/><U109/><E109/><V87/><F94/><RYUUKYOKU ba="2,1" sc="123,30,521,-10,143,-10,203,-10" hai0="5,11,15,23,24,30,32,78,81,84,95,97,101" /><INIT seed="2,3,1,5,4,86" ten="153,511,133,193" oya="2" hai0="22,133,23,58,44,119,7,26,36,6,81,92,55" hai1="102,123,125,78,129,10,64,1,51,85,71,25,47" hai2="56,124,29,108,121,45,77,107,68,74,114,27,106" hai3="80,109,18,11,69,73,105,126,117,5,113,28,57"/><V97/><F114/><W9/><G69/><T61/><D133/><U24/><E71/><V41/><F68/><W99/><G117/><T4/><D119/><U34/><E64/><V127/><F121/><W15/><G109/><T83/><D92/><U49/><E102/><V0/><F0/><W39/><G39/><T100/><D100/><U110/><E85/><V93/><F56/><W91/><G126/><N who="2" m="48169" /><F108/><W3/><G113/><T130/><D130/><U87/><E1/><V96/><F77/><W122/><G122/><T35/><D35/><U46/><E78/><V94/><F74/><W21/><G105/><N who="2" m="39945" /><F97/><W135/><G73/><T89/><D89/><U95/><E125/><V118/><F118/><W17/><G57/><T128/><D128/><U2/><E110/><V38/><F96/><W98/><G98/><T14/><D44/><U79/><E79/><V53/><F53/><W12/><G99/><T120/><D120/><U103/><E123/><V59/><F59/><W82/><G91/><T70/><D70/><U132/><E129/><V42/><F42/><W52/><G52/><T54/><D54/><U111/><E111/><V40/><F40/><W131/><G131/><T67/><D55/><U84/><E2/><V19/><F19/><W66/><G66/><T104/><D104/><U65/><E65/><V63/><F63/><W33/><G135/><T16/><D36/><U112/><E132/><V31/><F31/><AGARI ba="3,1" hai="4,6,7,14,16,22,23,26,31,58,61,67,81,83" machi="31" ten="40,2600,0" yaku="8,1,54,1" doraHai="86" who="0" fromWho="2" sc="153,45,511,0,133,-35,193,0" /><INIT seed="3,0,0,3,4,34" ten="198,511,98,193" oya="3" hai0="8,29,31,89,36,84,133,39,75,53,113,2,43" hai1="11,65,80,68,91,105,71,85,97,40,74,130,6" hai2="13,90,48,1,17,83,122,59,57,66,47,121,26" hai3="0,58,110,72,81,33,62,5,98,128,7,103,82"/><W94/><G128/><T115/><D75/><U135/><E65/><V60/><F26/><W87/><G33/><T86/><D133/><U78/><E40/><V100/><F100/><W92/><G110/><T131/><D131/><U32/><E32/><V99/><F57/><W14/><G0/><T134/><D134/><U23/><E23/><V63/><F63/><W50/><G50/><T118/><D118/><U69/><E135/><V61/><F61/><W54/><G72/><T114/><D53/><U120/><E120/><V35/><F35/><W49/><G94/><N who="0" m="54567" /><D86/><U30/><E30/><N who="0" m="11273" /><D43/><U93/><E130/><V3/><F99/><W46/><G14/><T15/><D2/><N who="2" m="522" /><F90/><N who="3" m="51567" /><G82/><T107/><D107/><U18/><E18/><AGARI ba="0,0" hai="8,15,18,36,39,113,114,115" m="11273,54567" machi="18" ten="30,1000,0" yaku="11,1" doraHai="34" who="0" fromWho="1" sc="198,10,511,-10,98,0,193,0" owari="208,0.8,501,60.1,98,-40.2,193,-20.7" /></mjloggm>