<mjloggm ver="2.3"><GO type="225" lobby="0"/><UN n0="%6D%75%75%6D%75%72%61" n1="%63%62%69%73%6B%65%74" n2="%E3%82%A2%E3%82%A4%E3%82%B9%E3%83%86%E3%82%A3%E3%83%BC%E3%81%82%E3%81%B9" n3="%E3%81%AF%E3%82%88%E3%81%8A%E3%81%98%E3%81%95%E3%82%93" dan="17,16,16,17" rate="2148.83,2044.38,2113.35,2193.79" sx="F,M,M,M"/><TAIKYOKU oya="0"/><INIT seed="0,0,0,4,5,70" ten="250,250,250,250" oya="0" hai0="125,86,114,120,56,37,98,10,13,15,61,8,9" hai1="20,22,3,84,75,121,77,43,106,66,96,6,91" hai2="32,103,35,65,67,110,16,115,116,51,100,113,127" hai3="57,94,101,44,14,90,85,33,47,126,132,107,45"/><T49/><D114/><U29/><E121/><V17/><F110/><W102/><G102/><T1/><D120/><U4/><E66/><V89/><F51/><W111/><G111/><T112/><BYE who="3" /><D112/><U36/><E29/><V123/><F89/><W42/><G42/><T53/><D1/><UN n3="%E3%81%AF%E3%82%88%E3%81%8A%E3%81%98%E3%81%95%E3%82%93" /><U12/><E12/><V97/><F97/><W108/><G33/><T21/><D125/><U79/><E4/><V124/><REACH who="2" step="1"/><F123/><REACH who="2" ten="250,250,240,250" step="2"/><W83/><G108/><T46/><D98/><U78/><E91/><V40/><F40/><W62/><G90/><T59/><D37/><U60/><E96/><V134/><F134/><W119/><G132/><T128/><D128/><U31/><E36/><V55/><F55/><W99/><G99/><T88/><D46/><U63/><E43/><V72/><F72/><W104/><G47/><T11/><N who="0" m="2048" /><DORA hai="71" /><T82/><REACH who="0" step="1"/><D21/><REACH who="0" ten="240,250,240,250" step="2"/><U34/><E22/><V122/><F122/><W117/><G45/><T54/><AGARI ba="0,2" hai="13,15,49,53,54,56,59,61,82,86,88" m="2048" machi="54" ten="40,12000,1" yaku="1,1,2,1,0,1,8,1,54,1,53,0" doraHai="70,71" doraHaiUra="30,19" who="0" fromWho="0" sc="240,140,250,-40,240,-40,250,-40" /><INIT seed="0,1,0,5,5,74" ten="380,210,200,210" oya="0" hai0="134,43,7,19,101,109,111,5,58,122,25,94,116" hai1="120,85,47,88,6,65,22,28,52,86,40,87,56" hai2="46,0,29,135,114,69,106,105,131,2,72,112,48" hai3="63,18,89,30,11,44,21,62,110,54,108,77,126"/><T68/><D116/><U102/><E120/><V16/><F29/><W129/><G126/><T79/><D68/><U35/><E35/><V107/><F69/><W103/><G129/><T33/><D122/><U57/><E102/><V3/><F131/><W41/><G103/><T39/><D134/><U8/><E65/><V91/><F135/><W12/><G89/><T128/><D128/><U51/><E40/><V24/><F72/><W53/><G77/><T61/><D79/><U130/><E130/><V15/><F24/><W96/><G96/><N who="0" m="59543" /><D39/><U49/><E49/><V81/><F91/><W10/><G63/><T38/><D38/><U66/><E66/><V83/><F114/><W32/><G32/><T14/><D43/><U90/><E90/><V123/><F112/><W70/><G70/><T104/><D104/><U9/><E88/><V60/><F60/><W59/><G54/><N who="0" m="34007" /><D33/><U13/><REACH who="1" step="1"/><E9/><REACH who="1" ten="380,200,200,210" step="2"/><V99/><F123/><W100/><G100/><T1/><D109/><U26/><AGARI ba="1,1" hai="6,8,13,22,26,28,47,51,52,56,57,85,86,87" machi="26" ten="30,12000,2" yaku="1,1,2,1,0,1,8,1,54,1,53,1" doraHai="74" doraHaiUra="50" who="1" fromWho="1" sc="380,-61,200,133,200,-31,210,-31" /><INIT seed="1,0,0,1,0,88" ten="319,333,169,179" oya="1" hai0="41,30,121,0,90,40,110,4,96,51,120,60,34" hai1="9,78,74,70,31,5,35,39,102,49,2,99,17" hai2="131,132,16,91,113,26,52,29,10,42,53,47,23" hai3="94,92,37,86,115,93,12,54,14,125,114,1,107"/><U73/><E49/><N who="2" m="26871" /><F132/><W134/><G1/><T108/><D34/><U80/><E17/><V109/><F109/><N who="0" m="42090" /><D30/><U69/><E74/><V45/><F131/><W75/><G75/><T116/><D116/><U83/><E83/><V22/><F113/><W50/><G37/><T8/><D60/><U130/><E130/><V28/><F10/><W6/><G107/><T43/><D51/><U105/><E39/><V81/><F45/><W126/><G86/><T24/><D24/><AGARI ba="0,0" hai="2,5,9,24,31,35,69,70,73,78,80,99,102,105" machi="24" ten="40,7700,0" yaku="33,3" doraHai="88" who="1" fromWho="0" sc="319,-77,333,77,169,0,179,0" /><INIT seed="1,1,0,0,2,49" ten="242,410,169,179" oya="1" hai0="33,60,66,67,41,27,84,133,94,104,93,116,20" hai1="81,26,38,109,31,56,115,52,7,28,4,73,95" hai2="107,44,69,30,45,3,23,14,122,51,39,68,18" hai3="34,110,86,58,37,118,40,5,15,88,87,119,1"/><U59/><E115/><V92/><F107/><W21/><G34/><T90/><D104/><U108/><E38/><V80/><F3/><W91/><G110/><N who="1" m="42602" /><E95/><V24/><F122/><W105/><G105/><T71/><D116/><N who="3" m="44585" /><G1/><T61/><D133/><U121/><E121/><V100/><F80/><W6/><G58/><N who="1" m="22058" /><E52/><V97/><F39/><W85/><G40/><T13/><D41/><U99/><E99/><V57/><F57/><W17/><G37/><T9/><D71/><U83/><E31/><V127/><F127/><W62/><G62/><T123/><D60/><U132/><E132/><V96/><F97/><W46/><G46/><T16/><D61/><U55/><E55/><V65/><F45/><W131/><G131/><T10/><D123/><U98/><E98/><V129/><F129/><W76/><G76/><T82/><D67/><U12/><E12/><V128/><F65/><W120/><G120/><T70/><D66/><U78/><E83/><V124/><F128/><W47/><G47/><T32/><D70/><U53/><E53/><V72/><F124/><W64/><G64/><T79/><D79/><U125/><E125/><V117/><F117/><W112/><G112/><T102/><D82/><U35/><AGARI ba="1,0" hai="4,7,26,28,35,73,78,81" m="22058,42602" machi="35" ten="30,3000,0" yaku="14,1,10,1" doraHai="49" who="1" fromWho="1" sc="242,-11,410,33,169,-11,179,-11" /><INIT seed="1,2,0,4,4,63" ten="231,443,158,168" oya="1" hai0="11,111,35,123,94,1,76,45,120,82,49,13,69" hai1="37,58,86,31,78,125,20,93,135,72,44,36,81" hai2="28,90,23,29,113,131,62,98,50,53,75,8,17" hai3="117,114,15,22,54,42,41,60,40,68,121,124,97"/><U89/><E135/><V112/><F75/><W104/><G114/><N who="2" m="44137" /><F8/><W70/><G121/><T5/><D111/><U87/><E125/><V16/><F131/><W3/><G3/><T118/><D118/><U47/><E58/><N who="2" m="35151" /><F50/><W46/><G124/><T2/><D35/><U85/><E44/><V132/><F132/><W83/><G117/><T27/><D94/><U80/><E47/><V64/><F64/><W65/><G70/><T51/><D27/><U91/><REACH who="1" step="1"/><E72/><REACH who="1" ten="231,433,158,168" step="2"/><V127/><F127/><W74/><G46/><T134/><D134/><U33/><E33/><V129/><F129/><W30/><G74/><T38/><D38/><U110/><E110/><V115/><F115/><W9/><G68/><T103/><D69/><U48/><E48/><V66/><F66/><W100/><G65/><T99/><D51/><U101/><E101/><V108/><F108/><W133/><G133/><T7/><D49/><U6/><E6/><V43/><F43/><W12/><G40/><T14/><D45/><U77/><E77/><V106/><F106/><W126/><G126/><T95/><D120/><U119/><E119/><V107/><F107/><W56/><G41/><T61/><D123/><U79/><E79/><V102/><F102/><W116/><G42/><T109/><D109/><U130/><E130/><V19/><F23/><W73/><G116/><T128/><D128/><U52/><E52/><V96/><F90/><W4/><G73/><N who="0" m="43279" /><D61/><U67/><E67/><V21/><F21/><W0/><G22/><T55/><D55/><U59/><E59/><V25/><F25/><AGARI ba="2,1" hai="20,25,31,36,37,78,80,81,85,86,87,89,91,93" machi="25" ten="40,2000,0" yaku="1,1,53,0" doraHai="63" doraHaiUra="92" who="1" fromWho="2" sc="231,0,433,36,158,-26,168,0" /><INIT seed="1,3,0,1,0,2" ten="231,469,132,168" oya="1" hai0="66,67,86,98,131,122,22,11,32,26,15,75,92" hai1="38,91,113,64,130,101,65,88,125,18,62,96,19" hai2="129,58,28,48,85,76,46,119,80,135,21,120,35" hai3="44,84,77,116,105,30,47,94,27,73,41,34,25"/><U104/><E113/><V78/><F120/><W40/><G105/><T128/><D75/><U53/><E38/><V100/><F119/><W52/><G116/><T36/><D32/><U56/><E130/><N who="0" m="49705" /><D86/><U108/><E125/><V124/><F129/><W99/><G73/><T1/><D1/><U51/><E108/><V63/><F124/><W70/><G70/><T97/><D36/><U111/><E111/><V17/><F135/><W114/><G114/><T12/><D12/><U109/><E109/><V132/><F132/><W42/><G25/><T117/><D122/><U60/><E60/><V31/><F100/><W134/><G134/><T127/><D117/><U0/><E0/><V13/><F78/><W10/><G10/><T3/><D3/><U81/><E65/><N who="0" m="24585" /><D92/><U16/><REACH who="1" step="1"/><E81/><REACH who="1" ten="231,459,132,168" step="2"/><V110/><F110/><W7/><G94/><T71/><D127/><U89/><E89/><V106/><F106/><W107/><G107/><T121/><D121/><U24/><E24/><V49/><F63/><W115/><G27/><T5/><D71/><AGARI ba="3,1" hai="16,18,19,51,53,56,62,64,71,88,91,96,101,104" machi="71" ten="40,12000,1" yaku="1,1,54,2,53,1" doraHai="2" doraHaiUra="55" who="1" fromWho="0" sc="231,-129,459,139,132,0,168,0" /><INIT seed="1,4,0,1,2,24" ten="102,598,132,168" oya="1" hai0="68,112,47,127,125,42,4,126,97,60,59,119,33" hai1="54,26,84,40,78,61,18,50,135,12,128,8,92" hai2="77,1,76,3,57,81,67,45,129,83,69,2,32" hai3="86,22,19,6,115,118,106,64,52,74,55,20,103"/><U53/><E128/><V109/><F109/><W114/><G74/><T89/><D112/><U94/><E135/><V111/><F111/><W49/><G118/><T87/><D119/><U110/><E110/><V91/><F69/><W62/><G6/><T25/><D68/><U121/><E121/><V51/><F32/><W9/><G9/><T38/><D4/><U96/><E26/><V58/><F91/><W13/><G20/><T120/><D97/><U95/><E96/><V16/><F129/><W15/><G15/><T56/><D120/><U102/><E102/><V107/><F107/><W34/><G34/><T116/><D116/><U72/><E72/><V101/><F101/><W99/><G86/><T80/><D60/><U108/><E108/><V132/><F132/><W105/><G106/><T35/><D35/><U124/><E124/><V90/><F90/><W66/><G55/><T29/><AGARI ba="4,0" hai="25,29,33,38,42,47,56,59,80,87,89,125,126,127" machi="29" ten="40,5200,0" yaku="0,1,18,1,52,1" doraHai="24" who="0" fromWho="0" sc="102,64,598,-30,132,-17,168,-17" /><INIT seed="2,0,0,3,4,8" ten="166,568,115,151" oya="2" hai0="71,21,35,110,119,93,112,51,78,2,36,111,73" hai1="91,4,87,76,22,63,45,52,40,77,85,118,134" hai2="97,29,102,13,94,130,125,104,32,83,53,59,98" hai3="60,100,7,107,6,129,62,86,31,109,89,126,50"/><V114/><F114/><W106/><G109/><T121/><RYUUKYOKU type="yao9" ba="0,0" sc="166,0,568,0,115,0,151,0" hai0="2,21,35,36,51,71,73,78,93,110,111,112,119,121" /><INIT seed="2,1,0,0,5,110" ten="166,568,115,151" oya="2" hai0="17,70,133,34,40,93,95,31,73,1,129,46,42" hai1="126,123,135,15,54,7,68,105,60,64,3,66,18" hai2="108,127,96,76,22,19,29,57,125,20,43,69,58" hai3="116,114,115,71,26,87,81,89,9,90,101,107,53"/><V111/><F69/><W55/><G71/><T2/><D70/><U128/><E105/><V63/><F76/><W117/><G26/><T103/><D73/><U104/><E104/><V49/><F96/><N who="3" m="61863" /><G9/><T28/><D129/><U39/><E39/><V35/><F35/><W59/><G53/><T113/><D133/><U62/><E128/><V124/><F29/><W88/><G55/><T109/><D103/><U12/><E135/><V72/><F72/><W78/><G59/><N who="2" m="22537" /><F63/><W131/><G131/><T48/><D17/><U52/><E68/><V85/><F85/><W44/><G44/><T56/><D56/><U10/><E123/><V24/><F20/><W132/><G132/><T97/><D97/><U67/><E126/><N who="2" m="32259" /><V130/><DORA hai="102" /><F130/><W84/><G84/><T23/><D23/><N who="1" m="11719" /><E3/><V32/><F32/><W98/><G98/><T45/><D48/><U4/><E62/><V106/><F106/><W11/><G11/><T118/><D34/><U61/><E60/><V16/><F19/><W41/><G41/><T121/><D121/><U37/><E61/><V100/><F100/><W134/><G134/><T0/><D0/><U112/><E4/><V30/><F30/><W119/><AGARI ba="1,0" hai="78,81,87,88,89,90,114,115,116,117,119" m="61863" machi="119" ten="40,12000,2" yaku="34,2,52,3,54,1" doraHai="110,102" who="3" fromWho="3" sc="166,-31,568,-31,115,-61,151,123" /><INIT seed="3,0,0,5,1,2" ten="135,537,54,274" oya="3" hai0="47,108,44,35,59,127,48,75,42,102,45,9,68" hai1="85,78,92,103,18,100,74,105,96,7,79,61,4" hai2="104,53,15,31,128,14,40,55,3,132,12,57,117" hai3="38,66,116,114,17,70,129,83,99,94,20,23,84"/><W71/><G114/><T36/><D68/><U126/><E126/><V122/><F117/><W64/><G116/><T65/><D75/><U76/><E74/><V131/><F104/><W52/><G38/><T98/><D35/><U120/><E120/><V101/><F101/><N who="1" m="38985" /><E105/><V130/><F122/><W63/><G129/><T133/><D45/><U109/><E109/><V124/><F124/><W125/><G125/><T87/><D133/><U81/><E18/><V93/><F132/><W28/><G70/><T0/><D9/><U8/><E8/><V22/><F40/><W34/><G34/><T58/><D48/><U106/><E106/><V91/><F3/><W67/><G71/><T19/><D65/><N who="3" m="16641" /><W112/><DORA hai="26" /><G112/><T24/><D24/><U10/><E61/><V107/><F107/><W119/><G119/><T90/><D98/><U97/><E10/><V50/><F55/><W49/><G63/><T39/><D108/><U82/><E82/><V43/><F43/><W21/><G17/><T73/><D73/><U88/><E97/><V33/><F33/><W56/><G94/><T115/><D127/><U1/><E1/><V72/><F72/><W118/><G99/><T6/><D19/><U16/><E16/><V37/><F37/><W95/><G95/><N who="0" m="54751" /><D115/><U111/><E111/><V113/><F113/><W5/><G5/><AGARI ba="0,0" hai="4,5,7,76,78,79,81,85,88,92,96" m="38985" machi="5" ten="30,8000,1" yaku="8,1,52,3,54,1" doraHai="2,26" who="1" fromWho="3" sc="135,0,537,80,54,0,274,-80" owari="135,-26.5,617,71.7,54,-44.6,194,-0.6" /></mjloggm>