<mjloggm ver="2.3"><GO type="225" lobby="0"/><UN n0="%77%72%77%72%77%72%77%72" n1="%E3%83%99%E3%83%AB%E3%83%A2%E3%83%83%E3%83%88" n2="%72%65%6E%6B%75%6E" n3="%E3%81%B5%E3%81%98%E3%81%8B%E3%81%A4" dan="16,16,17,16" rate="2224.97,2097.95,2213.64,2181.21" sx="M,M,M,M"/><TAIKYOKU oya="0"/><INIT seed="0,0,0,4,0,80" ten="250,250,250,250" oya="0" hai0="111,30,112,16,47,19,93,119,24,92,72,18,1" hai1="8,115,44,37,11,86,12,45,106,100,91,108,27" hai2="65,39,126,121,60,66,50,28,87,132,2,85,61" hai3="13,43,84,0,26,109,114,74,56,20,69,77,133"/><T120/><D112/><U123/><E108/><V7/><F39/><W62/><G114/><T22/><D119/><U6/><E123/><V135/><F28/><W125/><G109/><T63/><D111/><U17/><E115/><V79/><F121/><W57/><G0/><T101/><D120/><U110/><E110/><V9/><F126/><W59/><G125/><T51/><D72/><U96/><E37/><V97/><F97/><W94/><G74/><T4/><D63/><N who="2" m="24138" /><F50/><W122/><G122/><T116/><D116/><U127/><E127/><V40/><F40/><W67/><G43/><T36/><D36/><U49/><E49/><V76/><F79/><W23/><G133/><N who="2" m="51273" /><F76/><W14/><G23/><T131/><D131/><U21/><REACH who="1" step="1"/><E11/><REACH who="1" ten="250,240,250,250" step="2"/><V103/><F103/><W104/><G67/><AGARI ba="0,1" hai="2,7,9,65,66,67,85,87" m="51273,24138" machi="67" ten="30,3900,0" yaku="20,1,52,2" doraHai="80" who="2" fromWho="3" sc="250,0,240,0,250,49,250,-39" /><INIT seed="1,0,0,0,3,56" ten="250,240,299,211" oya="1" hai0="81,48,72,18,53,21,80,95,113,87,121,10,68" hai1="63,20,22,76,24,4,74,131,32,92,17,134,125" hai2="86,9,39,78,38,70,88,12,107,13,135,42,129" hai3="59,43,58,62,25,84,120,79,15,8,46,126,40"/><U82/><E131/><V26/><F129/><W90/><G120/><T6/><D113/><U34/><E125/><V1/><F1/><W67/><G126/><T117/><D117/><U44/><E4/><V104/><F70/><W102/><G102/><T130/><D130/><U3/><E3/><V93/><F135/><W55/><G79/><T99/><D68/><U54/><E92/><V47/><F39/><W57/><G25/><N who="0" m="14519" /><D72/><U97/><E97/><V41/><F41/><W19/><G46/><T66/><D66/><U73/><E73/><V52/><F78/><W29/><G29/><T60/><D87/><U112/><E112/><V127/><F127/><W37/><G37/><T124/><D121/><U100/><E100/><V96/><F26/><W27/><G27/><T69/><D69/><U128/><E134/><V31/><F31/><W133/><G133/><T111/><D111/><U114/><E114/><V118/><F118/><W71/><REACH who="3" step="1"/><G55/><REACH who="3" ten="250,240,299,201" step="2"/><T51/><D124/><U115/><E128/><V35/><F52/><W0/><G0/><T30/><D53/><U132/><E132/><V116/><F116/><W50/><G50/><T14/><D48/><U61/><E115/><V119/><F119/><W83/><AGARI ba="0,1" hai="8,15,19,40,43,57,58,59,62,67,71,83,84,90" machi="83" ten="30,8000,1" yaku="1,1,0,1,52,1,53,2" doraHai="56" doraHaiUra="36" who="3" fromWho="3" sc="250,-20,240,-40,299,-20,201,90" /><INIT seed="2,0,0,0,1,114" ten="230,200,279,291" oya="2" hai0="123,6,77,95,64,27,44,14,5,52,11,86,66" hai1="40,93,31,61,116,127,62,109,78,94,115,121,97" hai2="2,57,126,67,113,103,81,12,9,107,72,37,88" hai3="124,49,102,0,89,51,101,54,112,118,48,129,98"/><V18/><F113/><W120/><G120/><T79/><D123/><U24/><E115/><V69/><F37/><W60/><G112/><T53/><D5/><U56/><E121/><V119/><F126/><W15/><G118/><T4/><D4/><U85/><E109/><V92/><F2/><W65/><G0/><T1/><D1/><U135/><E135/><V75/><F69/><W30/><G30/><T13/><D13/><U84/><E40/><V130/><F130/><W108/><G108/><T45/><D27/><U80/><E116/><V134/><F119/><W43/><G43/><T50/><D95/><U82/><E127/><V106/><F134/><W128/><G15/><T7/><D7/><U133/><E133/><V29/><F29/><W122/><G54/><T58/><D44/><U32/><E97/><V25/><F25/><W26/><G26/><T39/><D39/><U59/><E59/><V55/><F67/><N who="0" m="25642" /><D86/><U17/><E17/><V42/><F42/><W28/><G28/><T131/><D131/><N who="3" m="50249" /><G122/><T100/><D100/><U47/><E47/><V16/><F103/><W41/><G41/><T110/><D110/><U125/><E125/><V111/><F111/><W68/><G124/><T117/><D117/><U63/><REACH who="1" step="1"/><E56/><REACH who="1" ten="230,190,279,291" step="2"/><V71/><F57/><N who="3" m="37007" /><G98/><T35/><D58/><U10/><E10/><V73/><F9/><W91/><G68/><T22/><D53/><U23/><E23/><V36/><F71/><W105/><G105/><T19/><D35/><U38/><E38/><V132/><F106/><W3/><G3/><N who="0" m="479" /><D52/><U104/><E104/><V96/><F107/><RYUUKYOKU ba="0,1" sc="230,10,190,10,279,-30,291,10" hai0="14,19,22,45,50,77,79" hai1="24,31,32,61,62,63,78,80,82,84,85,93,94" hai3="48,49,51,89,91,101,102" /><INIT seed="3,1,1,5,5,2" ten="240,200,249,301" oya="3" hai0="102,94,112,76,17,116,120,86,115,15,119,122,68" hai1="27,22,12,3,62,113,20,93,125,63,21,39,4" hai2="58,23,65,36,18,6,34,121,90,128,55,46,25" hai3="41,74,134,114,81,110,0,8,9,126,72,103,50"/><W104/><G114/><N who="0" m="43563" /><D68/><U35/><E113/><V79/><F128/><W67/><G67/><T32/><D32/><U64/><E39/><V127/><F127/><W91/><G126/><T108/><D15/><U61/><E125/><V85/><F121/><N who="0" m="46698" /><D17/><U87/><E35/><V51/><F79/><W106/><G41/><T38/><D38/><U14/><E3/><V13/><F34/><W24/><G50/><T129/><D129/><U132/><E132/><V26/><F6/><N who="3" m="1095" /><G134/><T84/><D108/><U82/><E93/><N who="2" m="54479" /><F36/><W44/><G24/><T48/><D48/><U57/><E27/><V42/><F42/><W69/><G69/><T88/><D102/><U135/><E135/><V77/><F77/><N who="3" m="44199" /><G74/><T30/><D30/><U123/><E123/><V40/><F40/><W111/><G103/><T49/><D49/><U5/><E14/><V99/><F25/><W1/><G44/><T118/><D76/><N who="1" m="46535" /><E12/><V96/><F13/><W89/><G106/><T59/><D59/><N who="1" m="36927" /><E63/><AGARI ba="1,1" hai="18,23,26,46,51,55,58,63,65,96,99" m="54479" machi="63" ten="30,1000,0" yaku="8,1" doraHai="2" who="2" fromWho="1" sc="240,0,200,-13,249,23,301,0" owari="240,-16.0,187,-31.3,272,7.2,301,40.1" /></mjloggm>