<mjloggm ver="2.3"><GO type="225" lobby="0"/><UN n0="%E3%82%BC%E3%83%AB%E3%83%80%E3%81%AE%E4%BC%9D%E8%AA%AC" n1="%33%74%72%65%65" n2="%E3%81%86%E3%81%A3%E3%81%97%E3%83%BC%30%30" n3="%E4%BF%BA%E3%81%A8%E5%A6%96%E5%A4%A2" dan="17,16,17,17" rate="2217.26,2139.06,2193.41,2186.77" sx="M,F,M,F"/><TAIKYOKU oya="0"/><INIT seed="0,0,0,0,4,86" ten="250,250,250,250" oya="0" hai0="123,84,116,48,76,44,83,4,32,5,43,42,93" hai1="19,117,113,98,22,126,79,46,100,66,14,71,13" hai2="80,68,135,89,7,74,109,105,110,8,30,78,11" hai3="60,27,134,99,131,62,125,20,82,57,34,58,65"/><T1/><D116/><U133/><E117/><V114/><F114/><W6/><G134/><T33/><D123/><U31/><E133/><V21/><F68/><W95/><G131/><T49/><D93/><U2/><E2/><V51/><F105/><W132/><G132/><T127/><D127/><U72/><E126/><V88/><F135/><W12/><G125/><T122/><D122/><U85/><E72/><V128/><F128/><W9/><G82/><T106/><D106/><U115/><E31/><V18/><F30/><W90/><G34/><T73/><D73/><U53/><E66/><V103/><F51/><W38/><G38/><T54/><D43/><U96/><E71/><V91/><F103/><W63/><REACH who="3" step="1"/><G57/><REACH who="3" ten="250,250,250,240" step="2"/><T45/><D32/><U92/><E115/><V64/><F64/><W24/><G24/><T47/><D33/><U50/><E113/><V28/><F28/><AGARI ba="0,1" hai="6,9,12,20,27,28,58,60,62,63,65,90,95,99" machi="28" ten="30,7700,0" yaku="1,1,7,1,8,1,52,1,53,0" doraHai="86" doraHaiUra="70" who="3" fromWho="2" sc="250,0,250,0,250,-77,240,87" /><INIT seed="1,0,0,1,3,54" ten="250,250,173,327" oya="1" hai0="101,68,103,59,42,50,51,117,84,38,75,57,93" hai1="110,44,76,20,96,17,47,118,7,46,23,124,73" hai2="19,125,64,82,3,92,6,0,29,49,98,58,4" hai3="55,106,48,74,30,77,122,37,35,34,79,88,105"/><U132/><E118/><V97/><F125/><W127/><G122/><T109/><D75/><U14/><E124/><V107/><F29/><W21/><G37/><T126/><D126/><U43/><E132/><V67/><F107/><W52/><G127/><T111/><D68/><U99/><E110/><N who="0" m="41993" /><D38/><U104/><E7/><V130/><F130/><W94/><G74/><T22/><D117/><U10/><E43/><V56/><F19/><W15/><G106/><T28/><D84/><U8/><E104/><V81/><F49/><N who="0" m="18442" /><D42/><U83/><REACH who="1" step="1"/><E23/><REACH who="1" ten="250,240,173,327" step="2"/><V69/><F92/><W86/><G105/><T13/><D93/><U114/><E114/><V32/><REACH who="2" step="1"/><F69/><REACH who="2" ten="250,240,163,327" step="2"/><W134/><G134/><T2/><D2/><U45/><N who="1" m="11264" /><DORA hai="41" /><U11/><AGARI ba="0,2" hai="8,10,11,14,17,20,73,76,83,96,99" m="11264" machi="11" ten="50,24000,3" yaku="1,1,4,1,0,1,52,4,53,1" doraHai="54,41" doraHaiUra="91,18" who="1" fromWho="1" sc="250,-80,240,260,163,-80,327,-80" /><INIT seed="1,1,0,1,2,61" ten="170,500,83,247" oya="1" hai0="121,48,131,16,58,37,14,11,129,47,54,110,29" hai1="27,78,49,70,106,12,1,118,68,103,74,125,50" hai2="90,80,34,72,21,123,15,75,33,45,101,99,6" hai3="42,36,40,95,59,4,73,82,2,109,120,35,22"/><U124/><E1/><V38/><F123/><W56/><G120/><T89/><D121/><U128/><E118/><V132/><F132/><W18/><G35/><T102/><D110/><U122/><E122/><V20/><F90/><W65/><G109/><T52/><D102/><U83/><E128/><N who="0" m="49225" /><D29/><U63/><E12/><V57/><F57/><W7/><G95/><T43/><D54/><U64/><E68/><V117/><F117/><W115/><G4/><T105/><D89/><U26/><E103/><V51/><F38/><W31/><G31/><T13/><D13/><U30/><E106/><AGARI ba="1,0" hai="11,14,16,37,43,47,48,52,58,105,106" m="49225" machi="106" ten="30,3900,0" yaku="19,1,54,2" doraHai="61" who="0" fromWho="1" sc="170,42,500,-42,83,0,247,0" /><INIT seed="2,0,0,3,2,108" ten="212,458,83,247" oya="2" hai0="61,8,41,110,95,39,26,130,116,70,38,68,69" hai1="96,2,99,47,60,100,20,127,16,124,40,74,114" hai2="117,62,133,120,135,0,98,10,34,21,104,43,52" hai3="54,78,14,123,75,125,92,12,118,81,82,77,4"/><V105/><F34/><W1/><G118/><T85/><D110/><U102/><E74/><V93/><F117/><W23/><G123/><T111/><D111/><U91/><E114/><V36/><F120/><W50/><G125/><N who="1" m="48202" /><E60/><V57/><F21/><W32/><G32/><T63/><D116/><U53/><E53/><V58/><F58/><W129/><G129/><T80/><D130/><U7/><E7/><N who="2" m="1383" /><F43/><W56/><G92/><T27/><D95/><N who="1" m="56447" /><E99/><V76/><F76/><W79/><G79/><T37/><D8/><U132/><E2/><V9/><F9/><W115/><G1/><T22/><D41/><U107/><E107/><V113/><F36/><W35/><G35/><T11/><D11/><U6/><E6/><V17/><F17/><W83/><G4/><T48/><D48/><U88/><E40/><V126/><F126/><W44/><G56/><T5/><D5/><U122/><E122/><V18/><F18/><W128/><G128/><T109/><D109/><U71/><E16/><V19/><F19/><W72/><G23/><T49/><D49/><U86/><E20/><V13/><F13/><W46/><G12/><T29/><REACH who="0" step="1"/><D26/><REACH who="0" ten="202,458,83,247" step="2"/><U94/><E47/><V97/><F113/><W119/><G115/><T51/><D51/><U106/><E94/><V59/><F59/><N who="3" m="33239" /><G119/><T64/><D64/><U87/><E71/><V73/><F73/><N who="3" m="43183" /><G14/><T90/><AGARI ba="0,1" hai="22,27,29,37,38,39,61,63,68,69,70,80,85,90" machi="90" ten="40,2700,0" yaku="1,1,0,1,53,0" doraHai="108" doraHaiUra="103" who="0" fromWho="0" sc="202,37,458,-7,83,-13,247,-7" /><INIT seed="3,0,0,5,4,48" ten="239,451,70,240" oya="3" hai0="89,107,33,12,34,53,120,135,45,104,131,42,124" hai1="119,56,61,69,30,128,16,122,47,55,11,87,43" hai2="121,72,86,18,28,0,17,84,58,2,40,50,6" hai3="77,75,68,74,99,29,60,103,62,64,110,10,59"/><W70/><G110/><T67/><D120/><U115/><E122/><V97/><F72/><W51/><G51/><T126/><D67/><U102/><E115/><V91/><F121/><W90/><G90/><T44/><D135/><U94/><E128/><V108/><F108/><W100/><G77/><T14/><D53/><U54/><E69/><V26/><F50/><W20/><G10/><T105/><D89/><N who="1" m="53567" /><E43/><V35/><F91/><W9/><G9/><T38/><D131/><U118/><E47/><V71/><F71/><W81/><G81/><T15/><D44/><U133/><E133/><V4/><F26/><W22/><G103/><T123/><D123/><U19/><E30/><V57/><F28/><W31/><G31/><T109/><D109/><U98/><E11/><V76/><F76/><W24/><G22/><T66/><REACH who="0" step="1"/><D66/><REACH who="0" ten="229,451,70,240" step="2"/><N who="1" m="39207" /><E118/><V92/><F92/><N who="3" m="58471" /><G70/><T130/><D130/><U63/><E119/><V132/><F132/><W8/><G68/><T7/><D7/><U32/><E32/><AGARI ba="0,1" hai="12,14,15,32,33,34,38,42,45,104,105,107,124,126" machi="32" ten="50,1600,0" yaku="1,1,53,0" doraHai="48" doraHaiUra="112" who="0" fromWho="1" sc="229,26,451,-16,70,0,240,0" owari="255,5.5,435,53.5,70,-43.0,240,-16.0" /></mjloggm>