<mjloggm ver="2.3"><GO type="225" lobby="0"/><UN n0="%E3%81%8B%E3%82%8F%E3%81%A1%E3%82%83%E3%82%93%35%38" n1="%6D%75%75%73%61%6E%6D%75" n2="%33%74%72%65%65" n3="%E3%83%81%E3%83%AF%E3%83%AF%E9%9A%8A%E9%95%B7" dan="16,16,16,17" rate="2093.02,2128.49,2159.10,2127.62" sx="M,F,F,M"/><TAIKYOKU oya="0"/><INIT seed="0,0,0,4,5,20" ten="250,250,250,250" oya="0" hai0="100,66,23,82,29,121,3,76,89,5,105,19,25" hai1="16,22,84,51,58,6,35,115,56,2,69,123,133" hai2="130,37,134,95,59,94,33,38,36,117,135,54,31" hai3="60,24,128,106,102,39,28,21,40,11,75,101,42"/><T65/><D121/><U12/><E69/><V53/><F130/><W27/><G75/><T99/><D89/><U9/><E123/><V124/><F124/><W4/><G128/><T77/><D77/><U122/><E122/><V68/><F68/><W112/><G112/><T85/><D5/><U55/><E115/><V1/><F1/><W108/><G108/><T120/><D3/><U46/><E133/><N who="2" m="50699" /><F117/><W64/><G27/><T15/><REACH who="0" step="1"/><D120/><REACH who="0" ten="240,250,250,250" step="2"/><U126/><E126/><V97/><F97/><W57/><G4/><T104/><D104/><U34/><REACH who="1" step="1"/><E84/><REACH who="1" ten="240,240,250,250" step="2"/><V116/><F116/><W10/><G106/><T113/><D113/><U78/><E78/><V67/><F94/><W83/><G83/><T125/><D125/><U92/><E92/><V43/><F95/><W45/><G102/><T18/><D18/><U91/><E91/><V109/><F109/><W47/><REACH who="3" step="1"/><G101/><REACH who="3" ten="240,240,250,240" step="2"/><T30/><D30/><U132/><E132/><V118/><F31/><W61/><G61/><T26/><D26/><U96/><E96/><V79/><F118/><W74/><G74/><T103/><D103/><U81/><E81/><V71/><F79/><W110/><G110/><T7/><D7/><U73/><E73/><V98/><F98/><W52/><G52/><T32/><AGARI ba="0,3" hai="15,19,23,25,29,32,65,66,76,82,85,99,100,105" machi="32" ten="20,7800,0" yaku="1,1,0,1,7,1,52,1,53,0" doraHai="20" doraHaiUra="48" who="0" fromWho="0" sc="240,108,240,-26,250,-26,240,-26" /><INIT seed="0,1,0,2,4,20" ten="348,214,224,214" oya="0" hai0="113,5,108,10,73,11,94,13,34,24,91,90,15" hai1="130,19,55,114,117,116,102,14,49,120,110,121,45" hai2="104,2,119,131,23,39,33,63,132,47,69,75,51" hai3="65,92,42,99,83,118,43,58,85,57,87,122,101"/><T38/><D113/><U98/><E114/><V56/><RYUUKYOKU type="yao9" ba="1,0" sc="348,0,214,0,224,0,214,0" hai2="2,23,33,39,47,51,56,63,69,75,104,119,131,132" /><INIT seed="0,2,0,3,0,43" ten="348,214,224,214" oya="0" hai0="26,45,58,102,71,124,93,91,12,69,7,30,100" hai1="49,122,61,64,41,123,75,1,79,130,16,125,80" hai2="2,51,40,17,132,21,23,42,63,52,103,38,104" hai3="73,35,3,6,74,33,101,78,25,46,121,89,54"/><T135/><D135/><U62/><E1/><V120/><F120/><W88/><G121/><T56/><D124/><U76/><E125/><V85/><F2/><W84/><G101/><T24/><D12/><U112/><E130/><V116/><F132/><W11/><G78/><T65/><D7/><U128/><E128/><V31/><F116/><W90/><G84/><T37/><D37/><U108/><E108/><V27/><F38/><W111/><G111/><T13/><D13/><U131/><E131/><V55/><F104/><W10/><G10/><T133/><D65/><U70/><E112/><V109/><F103/><W15/><G3/><T59/><D59/><U82/><E61/><V118/><F109/><W86/><G86/><T83/><D93/><U28/><E28/><V20/><F118/><W114/><G114/><T9/><D9/><U5/><E5/><V87/><F63/><W72/><REACH who="3" step="1"/><G25/><REACH who="3" ten="348,214,224,204" step="2"/><T66/><D24/><U110/><E110/><V67/><F87/><W39/><G39/><T94/><D26/><U96/><E96/><V97/><F97/><W134/><G134/><T68/><D100/><U99/><E99/><V106/><F85/><W60/><G60/><T77/><D102/><U119/><E119/><V117/><F117/><W127/><G127/><T129/><D133/><U95/><E95/><V53/><F27/><W107/><G107/><T115/><D115/><U4/><E4/><V32/><F106/><W44/><G44/><T126/><D126/><U57/><E16/><V105/><F17/><W92/><G92/><T0/><D129/><U113/><E113/><RYUUKYOKU ba="2,1" sc="348,-10,214,-10,224,-10,204,30" hai3="6,11,15,33,35,46,54,72,73,74,88,89,90" /><INIT seed="1,3,1,2,5,3" ten="338,204,214,234" oya="1" hai0="114,96,91,14,78,39,111,16,31,92,130,99,124" hai1="17,131,125,81,77,66,79,50,25,72,32,85,61" hai2="63,95,41,103,122,48,28,87,56,90,62,43,4" hai3="53,97,117,1,82,83,108,26,5,115,127,34,0"/><U7/><E131/><V45/><F122/><W93/><G115/><T67/><D114/><U128/><E128/><V24/><F103/><W133/><G117/><T51/><D130/><U12/><E125/><V73/><F73/><W22/><G127/><T80/><D39/><U6/><E50/><V104/><F104/><W71/><G34/><T121/><D124/><U13/><E32/><V29/><F41/><W101/><G71/><T86/><D111/><U126/><E126/><V42/><F42/><W102/><G108/><T64/><D121/><U113/><E113/><V20/><F4/><N who="1" m="1577" /><E72/><V36/><F36/><W46/><G133/><T68/><D68/><U120/><E120/><V52/><REACH who="2" step="1"/><F63/><REACH who="2" ten="338,204,204,234" step="2"/><W35/><G0/><T134/><D134/><U74/><E74/><V94/><F94/><W76/><G93/><T21/><D51/><U55/><E66/><V112/><F112/><W10/><G1/><T70/><D64/><U23/><E79/><V33/><F33/><W109/><G35/><T44/><D67/><U89/><E77/><V69/><F69/><W118/><G76/><T30/><D70/><U110/><E110/><V11/><F11/><W88/><G10/><T47/><D78/><U54/><E54/><V37/><F37/><W58/><G53/><T100/><D92/><U132/><E132/><V15/><F15/><W38/><G109/><T40/><D40/><U119/><E119/><V123/><F123/><W9/><G38/><T105/><D105/><U106/><E106/><V19/><AGARI ba="3,2" hai="19,20,24,28,29,43,45,48,52,56,62,87,90,95" machi="19" ten="20,8000,1" yaku="1,1,0,1,7,1,8,1,54,1,53,0" doraHai="3" doraHaiUra="8" who="2" fromWho="2" sc="338,-23,204,-43,204,109,234,-23" /><INIT seed="2,0,0,1,0,74" ten="315,161,313,211" oya="2" hai0="30,0,126,15,100,35,5,13,7,115,41,43,61" hai1="106,119,49,130,111,75,133,103,76,20,66,99,104" hai2="25,14,17,120,83,33,52,116,32,123,114,97,78" hai3="3,59,40,68,95,63,67,127,118,44,89,71,16"/><V92/><F114/><W110/><G118/><T58/><D115/><U27/><E119/><V135/><F116/><W108/><G3/><T55/><D0/><U125/><E111/><N who="3" m="42538" /><G127/><T109/><D109/><U128/><E125/><V107/><F107/><W96/><G16/><T28/><D100/><U2/><E2/><V101/><F25/><W82/><G82/><T23/><D35/><U84/><E75/><V22/><F123/><W37/><AGARI ba="0,0" hai="37,40,44,59,63,67,68,71,89,95,96" m="42538" machi="37" ten="30,1100,0" yaku="14,1" doraHai="74" who="3" fromWho="3" sc="315,-3,161,-3,313,-5,211,11" /><INIT seed="3,0,0,1,0,36" ten="312,158,308,222" oya="3" hai0="59,121,67,102,80,60,85,68,49,104,131,77,88" hai1="116,105,112,9,103,133,115,14,43,135,66,42,50" hai2="5,71,15,96,94,97,124,72,20,51,79,4,18" hai3="113,48,39,57,29,99,101,87,93,127,65,19,3"/><W46/><G113/><N who="1" m="43594" /><E66/><V107/><F124/><W13/><G127/><T16/><D121/><U70/><E70/><V0/><F71/><W55/><G3/><T123/><D123/><U63/><E63/><V120/><F120/><W32/><G87/><T125/><D125/><U82/><E105/><V21/><F72/><W56/><G65/><T91/><D131/><U23/><E103/><N who="2" m="60823" /><F107/><W38/><G38/><T2/><D2/><U1/><E1/><V28/><F0/><W75/><G75/><T84/><D68/><U41/><E82/><V34/><F34/><W30/><G32/><T26/><D49/><U44/><E23/><N who="2" m="11743" /><F79/><W33/><G33/><T52/><D104/><U100/><E100/><V122/><F122/><W111/><G101/><T106/><D106/><U58/><E58/><V86/><F97/><W89/><G99/><T114/><D102/><U134/><E116/><V74/><F74/><W129/><G56/><N who="0" m="37255" /><D114/><U81/><E81/><V53/><F86/><W45/><G93/><T110/><D110/><U54/><E54/><V6/><F28/><W40/><G29/><T62/><D84/><U73/><E73/><V31/><F31/><W132/><G30/><T83/><D83/><U69/><E69/><V90/><F90/><W92/><G89/><T37/><D37/><U64/><E64/><V76/><F76/><W12/><G39/><T35/><D35/><U7/><AGARI ba="0,0" hai="7,9,14,41,42,43,44,50,133,134,135" m="43594" machi="7" ten="40,8000,1" yaku="20,1,52,3" doraHai="36" who="1" fromWho="1" sc="312,-20,158,80,308,-20,222,-40" /><INIT seed="4,0,0,2,2,56" ten="292,238,288,182" oya="0" hai0="83,132,58,98,18,23,94,122,12,77,64,22,6" hai1="102,92,48,118,59,17,101,27,31,5,66,47,127" hai2="49,135,116,89,129,8,63,123,124,61,10,0,30" hai3="80,11,36,114,44,67,54,71,1,128,78,120,85"/><T24/><D122/><U20/><E118/><V52/><F123/><W74/><G120/><T96/><D132/><U51/><E127/><V131/><F135/><W108/><G108/><T39/><D39/><U38/><E38/><V45/><F124/><W75/><G114/><T109/><D109/><U60/><E5/><N who="2" m="1063" /><F116/><W29/><G128/><N who="2" m="49225" /><F30/><W84/><G29/><T32/><D32/><U81/><E81/><V43/><F10/><W70/><G75/><T119/><D119/><U35/><E92/><V2/><F2/><W104/><G104/><T28/><D6/><U113/><E113/><V9/><F9/><W55/><G85/><N who="0" m="48367" /><D94/><U33/><E33/><V53/><F89/><W21/><G84/><T69/><D69/><N who="3" m="26121" /><G21/><T95/><D95/><U13/><REACH who="1" step="1"/><E48/><REACH who="1" ten="292,228,288,182" step="2"/><V76/><F76/><W103/><G78/><T19/><D28/><U115/><E115/><V40/><F40/><AGARI ba="0,1" hai="13,17,20,27,31,35,40,47,51,59,60,66,101,102" machi="40" ten="30,7700,0" yaku="1,1,7,1,52,1,53,1" doraHai="56" doraHaiUra="26" who="1" fromWho="2" sc="292,0,228,87,288,-77,182,0" owari="292,9.2,315,41.5,211,-18.9,182,-31.8" /></mjloggm>