<mjloggm ver="2.3"><GO type="225" lobby="0"/><UN n0="%E3%81%B5%E3%81%98%E3%81%8B%E3%81%A4" n1="%EF%BC%B3%E3%81%9E%E3%81%88%E2%98%86" n2="%72%69%6F%75%63%68%61%6E" n3="%E6%9D%B1%E9%A2%A8%E3%81%AE%E3%81%8D%E3%82%83%E3%81%B7%E3%81%95%E3%82%93" dan="17,16,16,17" rate="2195.83,2095.98,2219.64,2207.59" sx="M,F,M,M"/><TAIKYOKU oya="0"/><INIT seed="0,0,0,0,0,83" ten="250,250,250,250" oya="0" hai0="48,105,0,85,68,96,32,76,72,44,33,88,45" hai1="57,41,35,108,91,111,98,47,117,49,16,12,132" hai2="39,4,20,63,28,78,80,27,122,77,67,2,129" hai3="125,36,7,37,95,21,118,74,11,75,23,5,70"/><T17/><D68/><U89/><E117/><V71/><F122/><W106/><G95/><N who="0" m="54671" /><D0/><U25/><E132/><V131/><F39/><W104/><G11/><T107/><D44/><U13/><E13/><V126/><F126/><W65/><G70/><T8/><D8/><U69/><E69/><V22/><F4/><W34/><G34/><T102/><D107/><U103/><E35/><V26/><F2/><W124/><REACH who="3" step="1"/><G65/><REACH who="3" ten="250,250,250,240" step="2"/><T53/><D17/><U3/><E16/><N who="2" m="12551" /><F80/><AGARI ba="0,1" hai="32,33,45,48,53,72,76,80,96,102,105" m="54671" machi="80" ten="30,5800,0" yaku="24,1,52,1,54,1" doraHai="83" who="0" fromWho="2" sc="250,68,250,0,250,-58,240,0" /><INIT seed="0,1,0,0,1,47" ten="318,250,192,240" oya="0" hai0="61,17,72,30,129,122,29,126,21,97,78,128,34" hai1="93,2,88,31,117,84,100,45,11,105,33,103,64" hai2="10,79,37,63,87,9,134,57,35,68,92,73,66" hai3="70,86,82,71,60,109,22,41,0,52,62,67,77"/><T15/><D122/><U76/><E117/><V98/><F134/><W5/><G109/><T4/><D72/><U101/><E64/><V23/><F35/><W25/><G41/><T16/><D78/><U53/><E76/><V20/><F73/><W59/><G0/><T26/><D97/><U90/><E33/><V74/><F74/><W36/><G5/><T6/><D61/><U27/><E105/><V107/><F37/><W24/><G36/><T51/><D51/><N who="1" m="28911" /><E2/><V113/><F107/><W49/><G22/><N who="2" m="8233" /><F68/><W125/><G125/><T55/><D55/><U102/><E102/><N who="2" m="60743" /><F113/><W42/><G42/><T94/><D126/><U13/><E90/><V7/><F7/><N who="0" m="2602" /><D94/><U130/><E130/><N who="0" m="50281" /><D17/><N who="1" m="8383" /><E27/><V44/><F44/><W110/><G110/><T40/><D40/><U28/><AGARI ba="1,0" hai="28,31,84,88,93,100,101,103" m="8383,28911" machi="28" ten="30,4000,0" yaku="8,1,52,1,54,1" doraHai="47" who="1" fromWho="1" sc="318,-21,250,43,192,-11,240,-11" /><INIT seed="1,0,0,3,5,120" ten="297,293,181,229" oya="1" hai0="102,81,15,96,42,3,29,103,55,0,34,92,134" hai1="48,105,30,5,76,117,130,74,107,70,101,68,37" hai2="33,61,77,97,65,99,47,83,50,86,44,11,82" hai3="98,13,23,21,4,129,119,7,115,73,114,132,116"/><U109/><E37/><V17/><F33/><W26/><G73/><T56/><D134/><U59/><E117/><N who="3" m="45130" /><G98/><T95/><D42/><U12/><E30/><V69/><F47/><W87/><G87/><T110/><D81/><U54/><E76/><V123/><F123/><W121/><G132/><T46/><D46/><U57/><E74/><V127/><F127/><W52/><G121/><T112/><D112/><N who="3" m="43049" /><G52/><T125/><D125/><U58/><E130/><V45/><F45/><W111/><G129/><T104/><D103/><U85/><E85/><V79/><F17/><N who="3" m="10415" /><G111/><T106/><D110/><U18/><E109/><V64/><F64/><W78/><G78/><T6/><D95/><U91/><E91/><V16/><F83/><W108/><G108/><T51/><D106/><U126/><E126/><V31/><F79/><W19/><AGARI ba="0,0" hai="4,7,19,23,26" m="10415,43049,45130" machi="19" ten="30,4000,0" yaku="12,1,34,2" doraHai="120" who="3" fromWho="3" sc="297,-10,293,-20,181,-10,229,40" /><INIT seed="2,0,0,4,3,32" ten="287,273,171,269" oya="2" hai0="127,133,37,82,22,106,44,87,107,70,9,56,52" hai1="57,79,45,47,62,43,101,58,97,134,1,100,126" hai2="53,67,89,34,50,83,65,105,76,96,75,110,30" hai3="123,23,114,3,63,16,8,124,48,69,51,2,40"/><V15/><F110/><W31/><G123/><T115/><D115/><U33/><E33/><V4/><F34/><W103/><G114/><T13/><D127/><U64/><E134/><V118/><F118/><W130/><G103/><T72/><D70/><U95/><E126/><V26/><F4/><W117/><G124/><T17/><D72/><U99/><E1/><V60/><F15/><W41/><G130/><T109/><D133/><U86/><E58/><V84/><F60/><W80/><G117/><T129/><D129/><U120/><E120/><V88/><F89/><W19/><G80/><T132/><D109/><U10/><E10/><V68/><F68/><W131/><G131/><T98/><D98/><U27/><E27/><V122/><F122/><W77/><G77/><T38/><D9/><U11/><E11/><V85/><F85/><W0/><G8/><T128/><D128/><U61/><E43/><N who="3" m="16458" /><G69/><T94/><D94/><N who="1" m="58423" /><E62/><V49/><F49/><N who="3" m="19019" /><G63/><N who="0" m="36231" /><D38/><U125/><E125/><V93/><F105/><W14/><G31/><T25/><D132/><U46/><E46/><V36/><F36/><W55/><G55/><T59/><D59/><U54/><E54/><V7/><F7/><W73/><G73/><T81/><D37/><U74/><E74/><V91/><F75/><W66/><G66/><T78/><D44/><U6/><E6/><V71/><F71/><W24/><G14/><T20/><D82/><AGARI ba="0,0" hai="45,47,57,61,64,79,82,86,95,99,101" m="58423" machi="82" ten="30,1000,0" yaku="8,1" doraHai="32" who="1" fromWho="0" sc="287,-10,273,10,171,0,269,0" /><INIT seed="3,0,0,0,3,88" ten="277,283,171,269" oya="3" hai0="80,119,96,36,18,84,58,104,132,28,127,75,76" hai1="31,134,73,124,100,46,121,26,99,94,131,98,32" hai2="47,56,64,102,12,44,123,50,77,95,93,41,54" hai3="37,2,9,45,60,122,115,10,21,70,27,5,53"/><W22/><G122/><T14/><D119/><U62/><E121/><V92/><F123/><W112/><G10/><T91/><D36/><U55/><E73/><V7/><F77/><W0/><G0/><T69/><D69/><U103/><E134/><V33/><F33/><W78/><G78/><T29/><D132/><U19/><E131/><V8/><F64/><W13/><G2/><T42/><D42/><U4/><E4/><V71/><F71/><W116/><G116/><T15/><D15/><U101/><E124/><V3/><F3/><W48/><G37/><T20/><D127/><U43/><E99/><N who="2" m="59751" /><F44/><W63/><G21/><T38/><D38/><U67/><E55/><V111/><F111/><W130/><G130/><T87/><D75/><U11/><E19/><V109/><F109/><W23/><G23/><T74/><D58/><U135/><E11/><V86/><F86/><W83/><G70/><T61/><D61/><AGARI ba="0,0" hai="7,8,12,41,47,50,54,56,61,93,95" m="59751" machi="61" ten="30,7700,0" yaku="8,1,52,3" doraHai="88" who="2" fromWho="0" sc="277,-77,283,0,171,77,269,0" /><INIT seed="4,0,0,4,1,90" ten="200,283,248,269" oya="0" hai0="79,130,56,41,77,10,116,29,99,100,24,69,109" hai1="84,16,98,55,95,115,34,61,11,94,129,75,49" hai2="5,0,74,13,83,50,102,14,123,3,52,118,4" hai3="19,81,66,96,121,106,104,112,127,125,36,108,35"/><T44/><D116/><U43/><E75/><V107/><F123/><W92/><G36/><T58/><D69/><U31/><E34/><V38/><F38/><W23/><G35/><T82/><D109/><U76/><E31/><V97/><F118/><W78/><G66/><T114/><D130/><U85/><E115/><V27/><F27/><W113/><G23/><T70/><D70/><U122/><E122/><V133/><F133/><W117/><G19/><T12/><D114/><N who="3" m="44137" /><G121/><T86/><D79/><U93/><E43/><V119/><F119/><W111/><G117/><T21/><D10/><U17/><E61/><V89/><F0/><W40/><G40/><T91/><D12/><N who="1" m="7199" /><E129/><V30/><F30/><W53/><G53/><T126/><D126/><N who="3" m="48137" /><G111/><T1/><D1/><U105/><E105/><V134/><F134/><W6/><G6/><T68/><D68/><U59/><E76/><V39/><F39/><W73/><G108/><T120/><D120/><U63/><E63/><V2/><F3/><W60/><G60/><T45/><D77/><U72/><E72/><V88/><F74/><W128/><G128/><T103/><D103/><AGARI ba="0,0" hai="73,78,81,92,96,103,104,106" m="48137,44137" machi="103" ten="30,8000,1" yaku="15,1,18,1,34,2,52,1" doraHai="90" who="3" fromWho="0" sc="200,-80,283,0,248,0,269,80" owari="120,-38.0,283,8.3,248,-15.2,349,44.9" /></mjloggm>