<mjloggm ver="2.3"><GO type="225" lobby="0"/><UN n0="%E3%81%8B%E3%82%8F%E3%81%A1%E3%82%83%E3%82%93%35%38" n1="%E2%91%A3%E9%81%BF%E9%81%8A%E6%88%AF%E3%80%90%E6%9D%B1%E5%8D%97%E3%80%91" n2="%E3%81%BF%E3%81%BF%E3%81%9A" n3="%E3%81%A8%E3%82%93%E3%81%A8%E3%81%93%E3%81%A8%E3%82%93" dan="17,16,16,16" rate="2131.42,2058.43,2144.88,2104.48" sx="M,M,M,F"/><TAIKYOKU oya="0"/><INIT seed="0,0,0,5,2,26" ten="250,250,250,250" oya="0" hai0="66,40,77,13,62,14,36,113,61,72,124,58,125" hai1="93,94,91,49,69,112,128,45,19,104,111,57,18" hai2="76,50,129,32,31,65,46,101,11,116,53,51,27" hai3="114,74,105,132,1,8,5,70,0,25,131,56,108"/><T115/><D72/><U47/><E112/><N who="0" m="43081" /><D77/><U7/><E104/><V133/><F129/><W97/><G114/><T119/><D14/><U4/><E69/><V67/><F133/><W43/><G70/><N who="0" m="42319" /><D13/><U123/><E128/><V21/><F116/><W37/><G131/><T96/><D96/><U103/><E123/><V122/><F122/><W12/><G25/><T30/><D30/><U38/><E38/><V2/><F76/><W84/><G84/><T29/><D29/><U102/><E57/><V54/><F101/><W127/><G97/><T118/><D40/><U130/><E130/><V121/><F121/><W10/><G74/><T90/><D90/><U23/><E23/><V3/><F32/><W80/><G12/><T89/><D89/><U68/><E68/><V9/><F2/><W24/><G24/><T15/><D15/><U60/><E91/><V86/><F86/><W95/><G1/><T107/><D36/><U44/><E103/><V87/><F87/><W85/><G37/><T98/><D98/><U78/><E102/><V92/><F92/><W52/><G95/><T73/><D73/><U75/><E93/><V134/><F3/><W6/><G0/><T126/><D107/><U17/><E94/><V33/><F33/><W42/><G105/><T109/><D109/><U110/><E78/><V81/><F81/><W99/><G108/><N who="1" m="41514" /><E75/><V64/><REACH who="2" step="1"/><F134/><REACH who="2" ten="250,250,240,250" step="2"/><W71/><G132/><T35/><D35/><U135/><E135/><V63/><F63/><W100/><G100/><T117/><D117/><U88/><E60/><V59/><AGARI ba="0,1" hai="9,11,21,27,31,46,50,51,53,54,59,64,65,67" machi="59" ten="30,7900,0" yaku="1,1,0,1,8,1,52,1,53,0" doraHai="26" doraHaiUra="82" who="2" fromWho="2" sc="250,-39,250,-20,240,89,250,-20" /><INIT seed="1,0,0,4,5,40" ten="211,230,329,230" oya="1" hai0="69,72,10,48,25,52,117,9,16,122,32,66,6" hai1="98,107,57,92,113,132,95,60,120,17,54,128,106" hai2="1,12,29,86,3,131,14,26,123,129,104,127,68" hai3="118,78,11,75,18,125,7,55,42,49,82,84,47"/><U19/><E120/><V21/><F104/><N who="1" m="39977" /><E113/><V91/><F123/><W133/><G133/><T85/><D122/><U88/><E95/><V99/><F99/><W5/><G125/><T28/><D72/><U64/><E64/><V121/><F68/><W112/><G112/><T93/><D117/><U63/><E63/><V70/><F70/><W35/><G35/><T53/><D69/><U114/><E114/><V94/><F127/><W15/><G118/><T89/><D66/><U43/><E43/><V76/><F76/><W96/><G75/><T101/><D101/><U77/><E77/><V20/><F121/><W116/><G116/><T102/><D102/><U105/><N who="1" m="39985" /><U24/><DORA hai="80" /><E24/><V79/><F79/><W109/><G109/><T119/><D119/><U126/><E126/><V37/><F37/><W97/><G42/><T59/><D6/><AGARI ba="0,0" hai="5,6,7,11,15,18,47,49,55,78,82,84,96,97" machi="6" ten="40,5200,0" yaku="8,1,52,2" doraHai="40,80" who="3" fromWho="0" sc="211,-52,230,0,329,0,230,52" /><INIT seed="2,0,0,0,2,85" ten="159,230,329,282" oya="2" hai0="109,127,0,83,61,60,91,111,89,46,122,114,73" hai1="50,28,129,106,14,62,121,25,126,12,59,47,128" hai2="132,26,119,36,17,21,43,9,88,135,80,78,31" hai3="40,65,116,5,123,76,33,72,3,82,63,45,104"/><V94/><F119/><W39/><G123/><T71/><D122/><U117/><E121/><V13/><F43/><W15/><G15/><T113/><D0/><U18/><E117/><V99/><REACH who="2" step="1"/><F36/><REACH who="2" ten="159,230,319,282" step="2"/><W107/><G116/><T90/><D127/><U10/><E126/><V74/><AGARI ba="0,1" hai="9,13,17,21,26,31,74,78,80,88,94,99,132,135" machi="74" ten="30,18000,2" yaku="1,1,2,1,0,1,52,1,54,1,53,1" doraHai="85" doraHaiUra="86" who="2" fromWho="2" sc="159,-60,230,-60,319,190,282,-60" /><INIT seed="2,1,0,4,0,75" ten="99,170,509,222" oya="2" hai0="46,53,127,16,74,115,128,54,11,110,126,14,120" hai1="100,9,39,79,35,26,72,7,43,81,82,88,20" hai2="121,78,12,1,73,105,98,85,62,122,29,90,6" hai3="112,94,50,68,104,80,107,59,5,34,86,28,40"/><V60/><F1/><W4/><G68/><T2/><D115/><U3/><E35/><V23/><F29/><W36/><G36/><T48/><D120/><U10/><E10/><V69/><F6/><W109/><G94/><T108/><D2/><U113/><E113/><V91/><F12/><W125/><G109/><N who="0" m="42091" /><D128/><U97/><E82/><V132/><F23/><W67/><G112/><T47/><D74/><U42/><E39/><V51/><F51/><W63/><G125/><N who="0" m="47627" /><D47/><U95/><REACH who="1" step="1"/><E100/><REACH who="1" ten="99,160,509,222" step="2"/><V25/><F121/><W18/><G80/><T123/><D123/><U22/><E22/><V102/><F122/><W21/><G21/><T103/><D103/><U33/><E33/><V57/><F102/><W117/><G34/><T52/><AGARI ba="1,1" hai="11,14,16,46,48,52,53,54" m="47627,42091" machi="52" ten="40,8000,1" yaku="14,1,18,1,54,2" doraHai="75" who="0" fromWho="0" sc="99,93,160,-21,509,-41,222,-21" /><INIT seed="3,0,0,5,3,24" ten="192,139,468,201" oya="3" hai0="69,61,7,94,32,117,6,0,53,104,125,133,8" hai1="118,75,67,105,47,115,98,80,100,92,78,43,19" hai2="58,116,86,88,123,40,37,108,70,59,112,76,127" hai3="109,33,39,84,134,25,41,56,91,119,18,102,131"/><W52/><G119/><T48/><D117/><U55/><E118/><V23/><F112/><W51/><G131/><T22/><D32/><U14/><E115/><V49/><F116/><W28/><G134/><T46/><D104/><U45/><E67/><V107/><F107/><W114/><G114/><T73/><D73/><U89/><E55/><V26/><F108/><W66/><G109/><T12/><D133/><U126/><E43/><V93/><F127/><W113/><G102/><T64/><D125/><U97/><E126/><V85/><F70/><W120/><G120/><T36/><D94/><U4/><E4/><V63/><F37/><W90/><G113/><T128/><D128/><U3/><E3/><V34/><F34/><W31/><G66/><T30/><D30/><U20/><REACH who="1" step="1"/><E98/><REACH who="1" ten="192,129,468,201" step="2"/><V101/><F101/><W44/><G41/><N who="0" m="22823" /><D7/><U2/><E2/><V15/><F15/><W111/><G111/><T79/><D0/><U82/><E82/><N who="2" m="47303" /><F63/><W60/><G60/><T87/><D61/><U16/><E16/><N who="2" m="12647" /><F123/><W62/><G18/><N who="0" m="10567" /><D64/><U121/><E121/><V10/><F10/><W38/><G62/><T1/><D69/><U21/><E21/><V35/><F35/><W72/><G33/><T5/><D5/><U42/><E42/><V83/><F83/><W110/><G110/><T68/><D68/><U17/><E17/><V77/><F77/><W57/><G31/><T74/><D53/><U11/><E11/><V130/><F130/><W103/><G52/><T71/><D71/><U129/><E129/><V96/><F96/><W54/><G54/><T13/><D8/><RYUUKYOKU ba="0,1" sc="192,-15,129,15,468,15,201,-15" hai1="14,19,20,45,47,75,78,80,89,92,97,100,105" hai2="40,49,58,59,86,88,93" owari="177,-22.3,144,-35.6,493,59.3,186,-1.4" /></mjloggm>