<mjloggm ver="2.3"><GO type="225" lobby="0"/><UN n0="%E3%81%BF%E3%81%BF%E3%81%9A" n1="%E3%83%97%E3%83%AC%E3%83%B4%E3%82%A1%E3%83%86%E3%82%A3" n2="%E3%81%82%E3%81%99%E3%81%AB%E3%82%83%E3%82%80" n3="%70%68%65%6E%6F%6D%65" dan="16,16,16,16" rate="2148.92,2114.45,2133.26,2121.67" sx="M,F,F,M"/><TAIKYOKU oya="0"/><INIT seed="0,0,0,1,3,63" ten="250,250,250,250" oya="0" hai0="94,74,77,2,24,71,97,133,18,38,55,82,117" hai1="12,10,62,9,33,29,25,43,100,76,68,40,125" hai2="126,13,102,132,54,86,73,47,89,26,84,96,113" hai3="93,120,60,105,49,131,46,101,8,37,27,14,72"/><T78/><D117/><U57/><E68/><V134/><F113/><W83/><G131/><T127/><D2/><U109/><E109/><V23/><F73/><W41/><G120/><T28/><D38/><U19/><E125/><V88/><F13/><W45/><G105/><T135/><D127/><U95/><E76/><V69/><F69/><W52/><G27/><T110/><D110/><U124/><E124/><V111/><F111/><W66/><G72/><T17/><D78/><U7/><E100/><V70/><F70/><W48/><G83/><T6/><D6/><U90/><E9/><V1/><F1/><W116/><G116/><T119/><D119/><U107/><E107/><V65/><F65/><W21/><G37/><T32/><D71/><U50/><E50/><N who="2" m="29023" /><F84/><W121/><G121/><T20/><D55/><U118/><E118/><V36/><F36/><W31/><G31/><T16/><REACH who="0" step="1"/><D32/><REACH who="0" ten="240,250,250,250" step="2"/><U67/><REACH who="1" step="1"/><E7/><REACH who="1" ten="240,240,250,250" step="2"/><V51/><F126/><W53/><G46/><T128/><D128/><U15/><E15/><V122/><F122/><W61/><G45/><T58/><D58/><U115/><E115/><V108/><F108/><W92/><G48/><T3/><D3/><U81/><E81/><V34/><F51/><W22/><G49/><T0/><D0/><U42/><E42/><V75/><F34/><W104/><G41/><T79/><D79/><U30/><E30/><V85/><F75/><W112/><G112/><T35/><D35/><U56/><E56/><V99/><F26/><W64/><G14/><T5/><D5/><U91/><E91/><AGARI ba="0,2" hai="16,17,18,20,24,28,74,77,82,91,94,97,133,135" machi="91" ten="40,3900,0" yaku="1,1,54,1,53,0" doraHai="63" doraHaiUra="98" who="0" fromWho="1" sc="240,59,240,-39,250,0,250,0" /><INIT seed="0,1,0,0,1,96" ten="299,201,250,250" oya="0" hai0="109,65,67,31,4,47,130,117,23,20,48,85,25" hai1="72,73,79,42,7,68,89,120,6,74,112,83,38" hai2="131,60,40,129,99,97,49,63,91,44,125,33,2" hai3="18,134,108,100,21,101,14,39,26,92,98,118,61"/><T45/><D117/><U19/><E120/><V104/><F33/><W13/><G118/><T9/><D130/><N who="2" m="49674" /><F2/><W29/><G108/><T77/><D109/><U55/><E68/><V105/><F125/><W10/><G134/><T56/><D20/><U88/><E112/><V127/><F127/><W70/><G39/><T111/><D111/><U37/><E19/><V80/><F80/><W106/><G106/><N who="2" m="41065" /><F91/><N who="3" m="55583" /><G70/><T132/><D132/><U59/><E42/><V22/><F22/><N who="3" m="15575" /><G61/><AGARI ba="1,0" hai="40,44,49,60,61,63,97,99" m="41065,49674" machi="61" ten="30,1000,0" yaku="19,1" doraHai="96" who="2" fromWho="3" sc="299,0,201,0,250,13,250,-13" /><INIT seed="1,0,0,2,2,3" ten="299,201,263,237" oya="1" hai0="32,83,46,53,55,110,120,77,80,97,67,60,129" hai1="93,79,33,128,27,71,45,12,100,49,86,91,101" hai2="119,44,66,69,34,23,41,48,127,5,132,108,81" hai3="90,21,57,114,35,15,11,68,0,9,84,107,118"/><U103/><E71/><V95/><F34/><W72/><G118/><T63/><D32/><U18/><E128/><V6/><F119/><W92/><G68/><T99/><D129/><U14/><E79/><V62/><F108/><W22/><G114/><T112/><D112/><U131/><E131/><V106/><F106/><W76/><G35/><T121/><D110/><U134/><E134/><V104/><F104/><W52/><G107/><T2/><D2/><U54/><E33/><V125/><F132/><W85/><G72/><T98/><D46/><U31/><E31/><V135/><F135/><W36/><G36/><T47/><D47/><U58/><E45/><V117/><F117/><W8/><G0/><T50/><D50/><U130/><E130/><V65/><F65/><W109/><G109/><T64/><D98/><U105/><E105/><V7/><F23/><AGARI ba="0,0" hai="12,14,18,23,27,49,54,58,86,91,93,100,101,103" machi="23" ten="40,2000,0" yaku="8,1" doraHai="3" who="1" fromWho="2" sc="299,0,201,20,263,-20,237,0" /><INIT seed="1,1,0,3,4,62" ten="299,221,243,237" oya="1" hai0="95,94,75,42,44,69,20,82,46,27,93,131,37" hai1="57,19,67,89,21,104,111,135,8,66,87,128,0" hai2="36,80,52,76,70,34,117,79,115,40,9,73,68" hai3="77,26,132,97,15,134,12,43,47,110,119,88,4"/><U127/><E104/><V78/><F117/><W64/><G119/><T100/><D131/><U116/><E116/><V98/><F34/><W102/><G110/><T28/><D69/><U112/><E112/><V53/><F115/><W23/><G77/><T10/><D10/><U101/><E101/><V91/><F70/><W24/><G26/><T22/><D46/><U81/><E128/><V16/><F68/><W3/><G3/><T74/><D100/><U49/><E127/><V106/><F78/><W125/><G125/><T124/><D124/><U30/><E135/><N who="3" m="51754" /><G4/><T96/><D96/><U61/><E111/><V31/><F79/><W108/><G88/><T55/><D55/><N who="1" m="33983" /><E49/><V86/><F31/><W35/><G35/><T17/><REACH who="0" step="1"/><D82/><REACH who="0" ten="289,221,243,237" step="2"/><U92/><E0/><V63/><F98/><W122/><G108/><T48/><D48/><U56/><E56/><V51/><F51/><W105/><G122/><T6/><D6/><U123/><E123/><V18/><F106/><W129/><G129/><T5/><D5/><U121/><E121/><V33/><F9/><W58/><G58/><T2/><D2/><U72/><E72/><V83/><F73/><W84/><G47/><T13/><AGARI ba="1,1" hai="13,17,20,22,27,28,37,42,44,74,75,93,94,95" machi="13" ten="30,2000,0" yaku="1,1,0,1,53,0" doraHai="62" doraHaiUra="85" who="0" fromWho="0" sc="289,33,221,-11,243,-6,237,-6" /><INIT seed="2,0,0,5,3,64" ten="322,210,237,231" oya="2" hai0="98,3,79,39,59,56,104,67,85,14,23,135,94" hai1="1,128,76,57,114,5,24,47,127,48,89,40,26" hai2="72,16,133,32,17,28,122,36,11,110,111,116,68" hai3="112,103,70,97,37,91,132,54,126,118,83,123,124"/><V80/><F116/><W73/><G37/><T60/><D3/><U108/><E114/><V62/><F122/><W41/><G123/><T8/><D39/><U66/><E127/><N who="3" m="48682" /><G41/><T6/><D135/><U93/><E108/><N who="2" m="41515" /><F36/><W86/><G54/><T120/><D120/><U46/><E128/><V87/><F72/><W101/><G118/><T96/><D104/><U81/><E46/><V9/><F133/><W42/><G42/><T34/><D34/><U30/><E1/><V44/><F44/><W117/><G117/><T33/><D33/><U45/><E5/><V13/><F28/><W131/><G132/><T55/><D23/><U115/><E45/><V4/><F11/><W22/><G22/><T29/><D29/><U121/><E121/><V12/><F12/><W19/><G19/><T53/><D67/><U35/><E115/><V65/><F32/><W31/><G31/><T77/><D85/><U50/><E24/><V15/><F13/><W71/><G131/><T25/><D25/><U99/><E66/><V84/><F84/><W20/><G20/><T90/><D98/><U100/><E57/><V119/><F119/><W2/><G112/><T69/><D69/><N who="3" m="26121" /><G73/><T113/><D113/><U43/><E43/><V10/><F9/><W38/><G38/><T134/><D134/><U61/><E40/><V109/><F109/><W88/><G2/><T63/><AGARI ba="0,0" hai="6,8,14,53,55,56,59,60,63,77,79,90,94,96" machi="63" ten="20,5200,0" yaku="0,1,7,1,9,1,8,1" doraHai="64" who="0" fromWho="0" sc="322,52,210,-13,237,-26,231,-13" /><INIT seed="3,0,0,0,5,111" ten="374,197,211,218" oya="3" hai0="57,132,25,8,117,94,92,20,123,11,18,60,48" hai1="64,32,4,83,30,40,82,89,73,39,38,127,91" hai2="17,5,78,44,95,10,90,47,112,129,21,59,31" hai3="45,66,97,15,86,116,74,54,70,13,71,52,98"/><W68/><G116/><T56/><D117/><U118/><E118/><V107/><F112/><W67/><G86/><T101/><D123/><U63/><E127/><V16/><F107/><W75/><G70/><T55/><D132/><U121/><E121/><V131/><F78/><W23/><G23/><T108/><D108/><U93/><E4/><V106/><F106/><W72/><G72/><T85/><D101/><U51/><E32/><V43/><F59/><W135/><REACH who="3" step="1"/><G45/><REACH who="3" ten="374,197,211,208" step="2"/><T49/><D85/><U65/><E73/><V124/><F47/><W53/><G53/><N who="0" m="31783" /><D60/><U87/><E40/><V115/><F44/><W77/><G77/><T110/><D110/><U14/><E63/><V42/><F43/><W81/><G81/><T76/><D76/><U33/><E33/><V41/><F42/><W27/><G27/><T24/><D25/><U102/><E87/><V0/><F41/><W7/><G7/><T130/><D130/><U28/><E51/><V37/><F129/><W133/><AGARI ba="0,1" hai="13,15,52,54,66,67,68,71,74,75,97,98,133,135" machi="133" ten="25,12000,1" yaku="1,1,0,1,22,2,54,1,53,0" doraHai="111" doraHaiUra="19" who="3" fromWho="3" sc="374,-40,197,-40,211,-40,208,130" owari="334,13.4,157,-34.3,171,-22.9,338,43.8" /></mjloggm>