<mjloggm ver="2.3"><GO type="225" lobby="0"/><UN n0="%E6%B4%BE%E9%81%A3%E3%81%AE%E3%82%B8%E3%83%A3%E3%83%83%E3%82%AF" n1="%E3%82%AB%E3%83%AA%E3%82%A3%EF%BC%91%EF%BC%99" n2="%E5%B8%86%E7%AB%8B%E5%A4%8F%E8%A1%A3" n3="%54%4F%52" dan="17,16,16,17" rate="2225.50,2143.79,2140.00,2173.89" sx="M,M,M,M"/><TAIKYOKU oya="0"/><INIT seed="0,0,0,3,5,92" ten="250,250,250,250" oya="0" hai0="80,44,28,129,125,67,52,130,51,88,135,37,35" hai1="87,127,117,121,108,17,49,36,25,101,32,76,75" hai2="66,59,9,53,100,126,71,85,14,23,21,74,82" hai3="26,5,46,96,122,63,81,2,60,90,107,109,48"/><T69/><D125/><U45/><E117/><V34/><F126/><W40/><G109/><T64/><D135/><U89/><E121/><V120/><F34/><W133/><G133/><T39/><D28/><U99/><E36/><N who="0" m="13897" /><D35/><U41/><E127/><V38/><F120/><W62/><G122/><T19/><D19/><U20/><E108/><V15/><F38/><W93/><G107/><T112/><D112/><U57/><E32/><V98/><F66/><W0/><G5/><T86/><D69/><U31/><E57/><V124/><F71/><W94/><G81/><T65/><D65/><U27/><E75/><V102/><F102/><W105/><G105/><T1/><D1/><U110/><E110/><V58/><F74/><W95/><G26/><T134/><D134/><U103/><E27/><V123/><F59/><W29/><G29/><T128/><AGARI ba="0,0" hai="44,51,52,64,67,80,86,88,128,129,130" m="13897" machi="128" ten="40,7800,0" yaku="19,1,54,2" doraHai="92" who="0" fromWho="0" sc="250,78,250,-26,250,-26,250,-26" /><INIT seed="0,1,0,5,4,29" ten="328,224,224,224" oya="0" hai0="61,43,16,120,65,48,54,8,103,80,26,25,78" hai1="30,77,108,42,83,107,109,110,73,98,133,119,68" hai2="75,53,32,111,51,62,22,112,88,2,33,59,104" hai3="12,116,45,14,113,105,91,106,93,94,20,35,49"/><T135/><D135/><U18/><E133/><V47/><F112/><W34/><G113/><T128/><D128/><U5/><E119/><V90/><F2/><W31/><G116/><T9/><D43/><U122/><E122/><V99/><F75/><W37/><G37/><T64/><D103/><N who="1" m="62967" /><E68/><V72/><F72/><W7/><G105/><T24/><D120/><U58/><E42/><V38/><F38/><W131/><G106/><T4/><D4/><U82/><E5/><V28/><F111/><W41/><G131/><T36/><D36/><U66/><E18/><V114/><F114/><W84/><G94/><T125/><D61/><N who="1" m="38199" /><E82/><V50/><F104/><W56/><G56/><T118/><D118/><U40/><E40/><V69/><F69/><W0/><G0/><T132/><D132/><U44/><E44/><V70/><F70/><W11/><REACH who="3" step="1"/><G14/><REACH who="3" ten="328,224,224,214" step="2"/><N who="0" m="7247" /><D80/><U57/><E57/><V10/><F59/><W21/><G21/><T134/><D134/><U121/><E121/><V76/><F22/><W1/><G1/><T55/><D64/><U52/><E30/><V100/><F28/><W87/><G87/><T74/><D65/><U81/><E81/><V117/><F117/><W85/><G85/><T92/><D92/><U23/><E23/><V71/><F71/><W46/><G46/><T96/><D74/><U17/><E17/><V13/><F47/><W60/><G60/><T39/><D39/><U115/><E115/><V126/><F62/><W89/><G89/><T67/><D67/><U102/><E102/><V27/><F100/><W101/><G101/><T3/><D3/><RYUUKYOKU ba="1,1" sc="328,-15,224,15,224,-15,214,15" hai1="52,73,77,83,108,109,110" hai3="7,11,12,20,31,34,35,41,45,49,84,91,93" /><INIT seed="1,2,1,1,5,17" ten="313,239,209,229" oya="1" hai0="32,54,59,78,67,57,125,69,94,52,132,85,135" hai1="38,124,33,84,18,55,102,37,5,93,40,107,72" hai2="134,66,44,130,108,12,83,14,60,7,73,0,128" hai3="112,76,65,121,61,26,36,74,122,30,110,131,9"/><U96/><E124/><V127/><F108/><W103/><G112/><T51/><D32/><U48/><E5/><V97/><F127/><W90/><G110/><T13/><D125/><U10/><E33/><V25/><F134/><N who="0" m="51242" /><D69/><U91/><E40/><V114/><F114/><W95/><G36/><T117/><D117/><U16/><E72/><V115/><F115/><W6/><G131/><N who="2" m="50217" /><F44/><W86/><G103/><T119/><D119/><U41/><E41/><V68/><F97/><W105/><G105/><T29/><D29/><U129/><E129/><V19/><F7/><W98/><G74/><T22/><D67/><U64/><E64/><V34/><F0/><W56/><G76/><T104/><D104/><U79/><E79/><N who="2" m="44527" /><F19/><W15/><REACH who="3" step="1"/><G98/><REACH who="3" ten="313,239,209,219" step="2"/><T28/><D78/><U46/><E38/><V11/><F11/><W109/><G109/><T111/><D111/><U21/><E37/><V2/><F2/><W87/><G87/><T92/><D85/><U80/><E10/><V31/><AGARI ba="2,2" hai="12,14,25,31,34,60,66,68" m="44527,50217" machi="31" ten="30,1100,0" yaku="19,1" doraHai="17" who="2" fromWho="2" sc="313,-5,239,-7,209,37,219,-5" /><INIT seed="2,0,0,4,3,41" ten="308,232,246,214" oya="2" hai0="89,24,66,76,114,102,40,43,75,80,135,51,68" hai1="96,50,27,72,0,81,53,115,33,36,123,48,125" hai2="35,67,93,108,57,91,37,79,29,84,54,15,129" hai3="73,134,16,109,107,59,122,34,112,5,87,88,98"/><V106/><F37/><W74/><G122/><T14/><D114/><U56/><E115/><V17/><F129/><W55/><G112/><T20/><D102/><U23/><E33/><V92/><F106/><W7/><G34/><T2/><D2/><U3/><E36/><V78/><F108/><W103/><G109/><T60/><D135/><U77/><E125/><V119/><F67/><W64/><G64/><T26/><D89/><U117/><E117/><V124/><F124/><W18/><G134/><T52/><D14/><U13/><E123/><V71/><F71/><W39/><G39/><T42/><REACH who="0" step="1"/><D20/><REACH who="0" ten="298,232,246,214" step="2"/><U70/><E13/><V11/><F119/><W132/><G132/><T128/><D128/><U111/><E111/><V31/><F93/><W46/><G7/><T30/><D30/><N who="2" m="11274" /><F35/><W47/><G5/><T62/><D62/><AGARI ba="0,1" hai="11,15,17,54,57,62,78,79,84,91,92" m="11274" machi="62" ten="30,1500,0" yaku="8,1" doraHai="41" who="2" fromWho="0" sc="298,-15,232,0,246,25,214,0" /><INIT seed="2,1,0,5,2,7" ten="283,232,271,214" oya="2" hai0="119,21,67,11,101,79,69,15,83,38,118,28,16" hai1="29,95,44,111,51,46,126,127,62,108,135,13,63" hai2="35,131,130,84,19,90,102,4,55,115,128,87,124" hai3="123,10,20,5,66,41,75,3,33,132,74,14,105"/><V107/><F35/><W49/><G123/><T112/><D112/><U91/><E29/><V86/><F4/><W113/><G113/><T18/><D38/><U59/><E13/><V85/><F115/><W27/><G105/><T80/><D101/><U40/><E91/><V39/><F39/><W122/><G122/><T25/><D67/><U23/><E23/><V2/><F55/><W125/><G125/><N who="1" m="47626" /><E95/><N who="2" m="54727" /><F124/><W58/><G132/><T97/><D69/><U88/><E88/><V94/><F19/><W76/><G33/><T64/><D64/><N who="1" m="39007" /><E135/><V32/><F2/><W17/><G3/><T71/><D71/><U9/><E9/><V98/><F32/><W47/><REACH who="3" step="1"/><G76/><REACH who="3" ten="283,232,271,204" step="2"/><T22/><D79/><U37/><E63/><AGARI ba="1,1" hai="5,10,14,17,20,27,41,47,49,58,63,66,74,75" machi="63" ten="40,5200,0" yaku="1,1,2,1,52,1,53,0" doraHai="7" doraHaiUra="65" who="3" fromWho="1" sc="283,0,232,-55,271,0,204,65" /><INIT seed="3,0,0,5,0,56" ten="283,177,271,269" oya="3" hai0="132,129,112,43,42,85,2,17,49,54,38,31,8" hai1="0,58,60,12,78,32,22,39,45,25,77,10,9" hai2="125,28,86,99,111,23,133,15,135,16,64,91,110" hai3="88,26,120,128,100,101,84,44,71,11,127,27,75"/><W41/><G120/><T76/><D31/><U95/><E39/><V7/><F125/><W20/><G75/><T89/><D76/><U72/><E72/><V103/><F28/><W108/><G127/><T52/><D132/><N who="2" m="50762" /><F7/><W124/><G124/><T96/><D38/><U34/><E34/><V62/><F91/><W82/><G71/><T97/><D129/><U66/><E32/><V36/><F86/><W92/><G108/><T107/><D54/><U70/><E70/><N who="2" m="42263" /><F36/><W87/><G128/><T1/><D112/><U6/><E95/><AGARI ba="0,0" hai="15,16,23,95,99,103,110,111" m="42263,50762" machi="95" ten="30,3900,0" yaku="20,1,52,1,54,1" doraHai="56" who="2" fromWho="1" sc="283,0,177,-39,271,39,269,0" owari="283,8.3,138,-36.2,310,41.0,269,-13.1" /></mjloggm>