<mjloggm ver="2.3"><GO type="225" lobby="0"/><UN n0="%E5%B8%86%E7%AB%8B%E5%A4%8F%E8%A1%A3" n1="%E3%81%AF%E3%82%88%E3%81%8A%E3%81%98%E3%81%95%E3%82%93" n2="%E9%80%86%E9%80%A3%E5%B8%AF%E3%81%AE%E9%AC%BC" n3="%72%61%6B%33" dan="16,17,16,16" rate="2114.33,2168.90,2107.80,2088.86" sx="M,M,M,M"/><TAIKYOKU oya="0"/><INIT seed="0,0,0,2,3,84" ten="250,250,250,250" oya="0" hai0="108,68,34,124,80,38,63,88,16,55,69,129,46" hai1="39,94,22,64,61,15,31,98,48,18,120,41,128" hai2="70,42,51,77,5,131,132,19,86,56,127,45,76" hai3="54,85,4,96,1,67,115,72,13,60,78,121,112"/><T6/><D34/><U123/><E128/><V11/><F131/><W43/><G121/><T119/><D129/><U81/><E39/><V57/><F70/><W50/><G43/><T71/><D119/><U40/><E31/><V75/><F132/><W102/><G72/><T53/><D6/><U111/><E111/><V2/><F127/><W0/><G13/><T135/><D135/><U27/><E81/><V92/><F75/><W110/><G110/><T49/><D108/><U114/><E114/><V29/><F29/><W25/><G25/><T90/><D124/><U36/><E36/><V52/><F57/><W134/><G134/><T3/><D3/><U30/><E48/><V103/><F19/><W99/><G78/><T9/><D38/><U130/><E130/><V73/><F73/><W28/><G28/><T125/><D125/><U7/><E7/><V83/><F77/><W107/><G99/><T133/><D80/><U58/><E123/><V97/><REACH who="2" step="1"/><F56/><REACH who="2" ten="250,250,240,250" step="2"/><W8/><G115/><T89/><D133/><U106/><E120/><V26/><F26/><W105/><G112/><T104/><D104/><U87/><E106/><V65/><F65/><W24/><G105/><T10/><REACH who="0" step="1"/><D16/><REACH who="0" ten="240,250,240,250" step="2"/><U12/><E18/><V109/><F109/><W79/><G107/><T95/><D95/><U23/><E94/><V113/><F113/><W33/><G4/><T14/><D14/><U17/><E12/><V44/><F44/><W37/><G0/><T74/><D74/><U116/><E15/><V20/><F20/><N who="1" m="7721" /><E17/><V118/><F118/><W21/><G1/><T32/><D32/><RYUUKYOKU ba="0,2" sc="240,15,250,-15,240,15,250,-15" hai0="9,10,46,49,53,55,63,68,69,71,88,89,90" hai2="2,5,11,42,45,51,52,76,83,86,92,97,103" /><INIT seed="0,1,2,3,5,46" ten="255,235,255,235" oya="0" hai0="30,44,121,106,133,103,86,19,135,11,83,29,12" hai1="84,9,36,66,100,48,56,28,17,51,6,116,123" hai2="112,96,130,110,74,62,111,95,22,45,131,41,38" hai3="90,50,0,120,127,101,15,25,85,126,71,119,47"/><T105/><D121/><U8/><E123/><V82/><F112/><W115/><G120/><T23/><D44/><U1/><E116/><V3/><F3/><W104/><G115/><T32/><D32/><U31/><E36/><V118/><F118/><W99/><G0/><T98/><D105/><U63/><E100/><V59/><F22/><W60/><G119/><T88/><REACH who="0" step="1"/><D11/><REACH who="0" ten="245,235,255,235" step="2"/><U65/><E8/><V57/><F131/><W75/><G104/><T21/><D21/><U113/><E113/><V16/><F130/><W14/><G47/><T55/><D55/><U92/><E65/><V124/><F45/><W18/><G127/><T76/><D76/><U108/><E108/><V73/><F124/><W40/><G126/><T89/><D89/><U24/><E9/><V97/><F111/><W77/><G90/><T109/><D109/><U107/><E107/><V5/><F110/><W79/><G77/><T35/><D35/><U72/><E66/><V34/><F34/><W39/><G79/><T102/><D102/><U67/><E67/><V61/><F38/><W134/><G101/><T114/><D114/><U20/><E20/><V7/><F41/><W49/><G40/><T132/><AGARI ba="1,3" hai="12,19,23,29,30,83,86,88,98,103,106,132,133,135" machi="132" ten="30,12000,1" yaku="1,1,0,1,20,1,54,1,53,1" doraHai="46" doraHaiUra="10" who="0" fromWho="0" sc="245,153,235,-41,255,-41,235,-41" /><INIT seed="0,2,0,3,1,120" ten="398,194,214,194" oya="0" hai0="77,57,65,19,62,121,117,53,49,123,110,127,3" hai1="112,4,38,96,46,105,60,41,125,90,9,122,128" hai2="71,20,47,23,27,98,10,30,2,129,97,40,25" hai3="61,102,114,81,24,70,79,88,63,101,42,18,8"/><T56/><D3/><U73/><E122/><V132/><F71/><W100/><G114/><T72/><D117/><U69/><E112/><V37/><F132/><W35/><G42/><T135/><D135/><U108/><E73/><V51/><F129/><W76/><G35/><T6/><D6/><U131/><E125/><V116/><F116/><W52/><G70/><T17/><D72/><U7/><E108/><V36/><F2/><W22/><G8/><T99/><D127/><U31/><E31/><V21/><F10/><W44/><G61/><T134/><D110/><U89/><E105/><V39/><REACH who="2" step="1"/><F20/><REACH who="2" ten="398,194,204,194" step="2"/><W50/><G63/><N who="0" m="38119" /><D134/><U0/><E4/><V93/><F93/><W119/><G119/><T86/><D123/><U84/><E60/><V92/><F92/><W78/><REACH who="3" step="1"/><G88/><REACH who="3" ten="398,194,204,184" step="2"/><T111/><D121/><U115/><E69/><V75/><F75/><AGARI ba="2,2" hai="18,22,24,44,50,52,75,76,78,79,81,100,101,102" machi="75" ten="40,8000,1" yaku="1,1,2,1,54,1,53,1" doraHai="120" doraHaiUra="107" who="3" fromWho="2" sc="398,0,194,0,204,-86,184,106" /><INIT seed="1,0,0,3,3,38" ten="398,194,118,290" oya="1" hai0="74,94,49,60,8,10,17,27,113,104,76,93,62" hai1="67,75,131,3,81,44,92,46,91,21,50,97,130" hai2="99,87,126,63,77,32,65,51,134,24,135,109,59" hai3="57,19,107,48,89,1,66,83,82,15,14,13,18"/><U122/><E122/><V128/><F126/><W117/><G1/><T29/><D104/><U116/><E116/><V88/><F128/><N who="1" m="49193" /><E3/><V47/><F109/><W30/><G107/><T64/><D113/><U101/><E67/><V53/><F99/><W45/><G117/><T0/><D74/><U5/><E5/><V71/><F77/><W106/><G30/><T40/><D76/><N who="1" m="44191" /><E21/><V20/><F32/><W37/><G106/><T25/><D0/><U123/><E123/><V23/><F71/><W12/><G37/><T69/><D69/><U28/><E28/><V36/><F36/><W103/><G103/><T98/><D64/><U39/><E39/><V118/><F118/><W129/><G129/><T119/><D29/><U68/><E68/><V127/><F127/><W42/><G89/><T52/><D119/><U31/><E31/><V35/><F35/><W95/><G95/><T55/><D94/><N who="1" m="58551" /><E50/><V100/><F100/><W112/><G112/><T16/><D49/><U56/><E56/><V26/><F20/><N who="3" m="11335" /><G19/><T124/><D124/><U111/><E111/><V6/><F6/><W41/><G66/><T121/><D121/><U133/><E133/><N who="2" m="50699" /><F23/><W7/><G57/><T43/><D98/><AGARI ba="0,0" hai="44,46,91,92,98" m="58551,44191,49193" machi="98" ten="30,1500,0" yaku="19,1" doraHai="38" who="1" fromWho="0" sc="398,-15,194,15,118,0,290,0" /><INIT seed="1,1,0,0,4,75" ten="383,209,118,290" oya="1" hai0="106,124,13,50,36,86,0,87,62,92,129,28,134" hai1="89,82,77,117,22,88,30,83,51,66,71,97,119" hai2="17,23,39,91,96,27,116,80,132,53,19,59,118" hai3="112,14,5,29,8,40,103,57,54,10,105,15,9"/><U94/><E71/><V70/><F70/><W12/><G112/><T99/><D124/><U55/><E66/><V35/><F132/><W107/><G5/><T16/><D106/><U32/><E32/><V67/><F39/><W34/><G40/><T76/><D36/><U90/><E82/><V135/><F135/><W69/><G69/><T18/><D0/><U24/><E119/><V2/><F2/><W1/><G1/><T123/><D123/><U126/><E126/><V65/><F35/><W37/><G37/><T79/><D134/><U115/><E117/><V98/><F118/><W121/><G121/><T122/><D129/><U21/><E21/><V52/><F53/><W60/><G103/><T78/><D28/><U100/><E115/><V25/><F80/><W73/><G73/><T31/><D31/><U101/><E100/><V56/><F116/><W111/><G111/><T7/><D7/><U104/><E104/><V64/><F59/><W128/><G128/><T85/><D122/><U74/><E101/><V43/><F43/><W46/><G46/><AGARI ba="1,0" hai="22,24,30,46,51,55,74,77,83,88,89,90,94,97" machi="46" ten="30,5800,0" yaku="7,1,52,1,54,1" doraHai="75" who="1" fromWho="3" sc="383,0,209,61,118,0,290,-61" /><INIT seed="1,2,0,0,0,118" ten="383,270,118,229" oya="1" hai0="94,107,72,117,125,122,18,15,87,110,121,93,79" hai1="35,11,84,16,39,25,7,131,14,40,129,83,81" hai2="104,80,100,56,128,53,55,19,10,99,66,24,124" hai3="31,58,78,96,23,9,103,42,73,30,133,126,59"/><U116/><E116/><V57/><F128/><N who="1" m="49225" /><E39/><V26/><F124/><W109/><G126/><T50/><D117/><U46/><E35/><V112/><F112/><W85/><G109/><T106/><D110/><U34/><E34/><V68/><F68/><W22/><G133/><T89/><D125/><U88/><E25/><V28/><F80/><W105/><G73/><T119/><D119/><U27/><E27/><V45/><F45/><W97/><G9/><T41/><D72/><U130/><N who="1" m="49233" /><U69/><DORA hai="32" /><E69/><V52/><F66/><W91/><G78/><T114/><D79/><U82/><E7/><V29/><F26/><W123/><G85/><T102/><D114/><U64/><E64/><V67/><F67/><W36/><G103/><T135/><D135/><U132/><E132/><V38/><F38/><W12/><G36/><T37/><D37/><U13/><E14/><V54/><F57/><W134/><G134/><T1/><D15/><U17/><E17/><V33/><F29/><W77/><G12/><T108/><D18/><U63/><E63/><V90/><F90/><W5/><G91/><T2/><D108/><U65/><E65/><V8/><REACH who="2" step="1"/><F19/><REACH who="2" ten="383,270,108,229" step="2"/><W47/><G31/><T101/><D89/><U49/><AGARI ba="2,1" hai="11,13,16,40,46,49,81,82,83,84,88" m="49233" machi="49" ten="40,7800,0" yaku="19,1,54,2" doraHai="118,32" who="1" fromWho="1" sc="383,-28,270,94,108,-28,229,-28" /><INIT seed="1,3,0,1,2,39" ten="355,364,80,201" oya="1" hai0="61,59,79,126,114,116,86,56,78,21,96,26,120" hai1="2,102,123,27,75,25,11,52,32,35,133,72,85" hai2="119,130,71,93,6,83,109,15,24,92,106,77,127" hai3="110,118,31,99,132,43,105,29,94,134,3,33,0"/><U70/><E123/><V80/><F119/><W46/><G105/><T108/><D108/><U84/><E70/><V73/><F71/><W101/><G110/><T38/><D126/><U53/><E11/><V91/><F109/><W14/><G14/><T117/><D114/><U62/><E62/><V121/><F127/><W104/><G94/><T18/><D120/><U58/><E58/><V55/><F106/><W30/><G33/><T51/><D38/><U44/><E44/><V88/><F130/><W16/><G16/><T65/><D117/><U13/><E13/><V47/><F121/><W112/><G112/><T68/><D116/><U90/><E90/><V57/><F24/><W113/><G113/><T48/><D96/><U124/><E124/><V54/><F47/><W87/><G87/><T45/><D86/><U17/><E17/><V63/><F55/><W41/><G118/><T50/><REACH who="0" step="1"/><D45/><REACH who="0" ten="345,364,80,201" step="2"/><U20/><E85/><V23/><F73/><W19/><G46/><T8/><D8/><U98/><E84/><V22/><F77/><AGARI ba="3,1" hai="18,21,26,48,50,51,56,59,61,65,68,77,78,79" machi="77" ten="40,8000,1" yaku="1,1,53,3" doraHai="39" doraHaiUra="74" who="0" fromWho="2" sc="345,99,364,0,80,-89,201,0" owari="444,54.4,364,16.4,-9,-50.9,201,-19.9" /></mjloggm>