<mjloggm ver="2.3"><GO type="225" lobby="0"/><UN n0="%E3%83%B4%E3%83%A0%EF%BC%99%E3%81%A6" n1="%E6%97%A5%E6%9B%9C%E6%97%A5%E3%82%88%E3%82%8A%E3%81%AE%E4%BD%BF%E8%80%85" n2="%E3%81%B1%E3%83%BC%E3%81%9B%E3%82%93%E3%81%A8%E4%BE%8D" n3="%E3%83%AD%E3%83%83%E3%83%86%E9%9B%80%E7%90%83" dan="17,17,18,17" rate="2193.25,2164.11,2200.21,2173.91" sx="M,M,M,M"/><TAIKYOKU oya="0"/><INIT seed="0,0,0,4,2,39" ten="250,250,250,250" oya="0" hai0="29,11,38,78,22,20,54,134,77,57,48,115,84" hai1="10,86,94,130,99,92,5,2,100,112,118,34,88" hai2="59,113,56,23,33,12,63,123,90,125,116,127,32" hai3="21,46,131,129,13,76,17,42,40,102,1,108,15"/><T31/><D115/><U119/><E130/><N who="3" m="49674" /><G108/><T61/><D38/><U133/><E112/><V16/><F113/><W83/><G1/><T124/><D124/><N who="2" m="47690" /><F123/><W93/><G46/><T24/><D134/><U74/><E133/><V91/><F116/><W128/><N who="3" m="49682" /><W36/><DORA hai="19" /><G36/><T121/><D121/><U70/><E70/><V26/><F59/><W25/><G93/><T55/><D11/><U64/><E64/><N who="2" m="39015" /><F12/><N who="3" m="4683" /><G102/><T87/><D78/><U73/><REACH who="1" step="1"/><E34/><AGARI ba="0,0" hai="16,23,26,32,33,34,90,91" m="39015,47690" machi="34" ten="30,3900,0" yaku="18,1,52,1,54,1" doraHai="39,19" who="2" fromWho="1" sc="250,0,250,-39,250,39,250,0" /><INIT seed="1,0,0,0,4,15" ten="250,211,289,250" oya="1" hai0="57,62,125,21,9,87,22,99,84,105,51,8,81" hai1="90,103,121,76,117,5,126,122,25,69,120,32,77" hai2="96,43,16,102,97,3,74,92,46,127,107,24,72" hai3="91,61,129,128,20,116,115,112,88,78,31,66,1"/><U14/><E117/><V52/><F3/><W33/><G1/><T56/><D125/><U26/><E69/><V70/><F70/><W41/><G33/><T53/><D105/><U101/><E126/><V6/><F6/><W124/><G124/><T64/><D99/><U119/><E119/><V86/><F86/><W10/><G10/><T94/><D94/><U108/><E90/><N who="3" m="34346" /><G78/><N who="0" m="46135" /><D87/><U48/><E48/><V35/><F43/><W109/><G41/><T80/><D80/><U40/><E40/><V17/><F35/><W111/><G116/><T30/><D21/><U123/><E123/><V73/><F24/><AGARI ba="0,0" hai="8,9,22,24,30,51,53,56,57,62,64" m="46135" machi="24" ten="30,1000,0" yaku="8,1" doraHai="15" who="0" fromWho="2" sc="250,10,211,0,289,-10,250,0" /><INIT seed="2,0,0,5,0,34" ten="260,211,279,250" oya="2" hai0="120,61,104,116,85,102,89,11,43,49,74,33,53" hai1="134,65,16,57,26,35,87,68,107,83,133,22,76" hai2="3,135,5,21,46,73,60,117,24,58,106,15,45" hai3="103,63,19,75,128,108,109,78,115,52,59,127,80"/><V37/><F117/><W8/><G127/><T9/><D120/><U110/><E68/><V12/><F106/><W131/><G115/><T99/><D116/><U101/><E35/><V124/><F73/><W70/><G70/><T112/><D112/><U14/><E110/><N who="3" m="42602" /><G103/><T91/><D33/><U94/><E107/><V122/><F122/><W40/><G40/><T28/><D28/><U129/><E134/><V81/><F124/><W100/><G100/><T82/><D43/><U4/><E133/><V111/><F37/><W121/><G121/><T118/><D118/><U97/><E129/><N who="3" m="49738" /><G8/><T126/><D126/><U25/><REACH who="1" step="1"/><E4/><REACH who="1" ten="260,201,279,250" step="2"/><V44/><F5/><W66/><G19/><T7/><D7/><U17/><E17/><V62/><F135/><W54/><AGARI ba="0,1" hai="52,54,59,63,66,75,78,80" m="49738,42602" machi="54" ten="40,5200,0" yaku="14,1,19,1,54,1" doraHai="34" who="3" fromWho="3" sc="260,-13,201,-13,279,-26,250,62" /><INIT seed="3,0,0,2,2,101" ten="247,188,253,312" oya="3" hai0="22,124,113,72,109,132,87,1,111,36,46,18,56" hai1="70,92,42,64,104,43,60,66,77,61,75,73,121" hai2="129,52,34,68,33,47,112,91,32,63,81,4,76" hai3="126,125,62,105,38,37,122,74,29,115,28,67,30"/><W90/><G115/><T83/><D113/><U35/><E35/><V53/><F112/><W88/><G105/><T102/><D1/><U100/><E121/><V44/><F4/><W8/><G74/><T13/><D132/><U5/><E5/><V114/><F114/><W78/><G78/><T80/><D124/><N who="3" m="47721" /><G8/><T130/><D130/><U49/><E92/><V108/><F91/><N who="3" m="34859" /><G122/><T89/><D102/><U134/><E134/><V45/><F129/><W120/><G120/><T57/><D80/><U27/><E27/><V110/><F68/><AGARI ba="0,0" hai="28,29,30,37,38,62,67,68" m="34859,47721" machi="68" ten="30,2900,0" yaku="18,1,54,1" doraHai="101" who="3" fromWho="2" sc="247,0,188,0,253,-29,312,29" owari="247,4.7,188,-31.2,224,-17.6,341,44.1" /></mjloggm>