<mjloggm ver="2.3"><GO type="225" lobby="0"/><UN n0="%E3%82%82%E3%81%90%E3%82%89" n1="%E6%A1%9C%E8%8A%B1%E9%96%83%E3%80%85" n2="%3E%5F%30%40%E6%9D%8F%E6%9D%8F%E8%BB%8D%E5%9C%98" n3="%E3%81%86%E3%83%BC%E3%81%B1%E3%83%BC" dan="17,16,16,16" rate="2211.80,2108.30,2131.90,2210.07" sx="M,M,F,F"/><TAIKYOKU oya="0"/><INIT seed="0,0,0,3,5,38" ten="250,250,250,250" oya="0" hai0="135,123,54,30,37,24,64,113,67,133,120,10,40" hai1="102,127,7,41,0,9,46,99,126,28,107,83,111" hai2="93,87,122,4,8,39,6,90,68,22,134,17,15" hai3="119,21,112,115,3,60,34,104,33,26,116,50,57"/><T91/><D113/><N who="3" m="43593" /><G50/><T86/><D10/><U71/><E111/><V45/><F122/><W80/><G60/><T100/><D100/><U92/><E92/><V121/><F121/><N who="0" m="46666" /><D86/><U19/><E19/><V110/><F134/><N who="0" m="51210" /><D91/><U109/><E109/><V29/><F68/><W108/><G57/><T27/><D54/><U70/><E28/><V88/><F110/><W51/><G108/><T65/><D30/><U1/><E83/><V76/><F76/><W79/><G80/><T66/><N who="0" m="16384" /><DORA hai="77" /><T125/><D125/><N who="1" m="47627" /><E0/><V81/><F29/><W61/><G3/><T130/><D130/><U95/><E95/><V43/><REACH who="2" step="1"/><F8/><REACH who="2" ten="250,250,240,250" step="2"/><W74/><G74/><T5/><D5/><U47/><E9/><V78/><F78/><W106/><G79/><T12/><D12/><U52/><E7/><V103/><F103/><W89/><G26/><T114/><D114/><U31/><E31/><V53/><F53/><W49/><G34/><T69/><D69/><U85/><E1/><V18/><F18/><W11/><G33/><T118/><D118/><U62/><E52/><V42/><F42/><W56/><G116/><T20/><D20/><U101/><E41/><V16/><F16/><W58/><G119/><T129/><D129/><U25/><E102/><V63/><F63/><W2/><G61/><T55/><D55/><U59/><E71/><V84/><AGARI ba="0,1" hai="4,6,15,17,22,39,43,45,81,84,87,88,90,93" machi="84" ten="20,12000,2" yaku="1,1,0,1,7,1,52,2,54,1,53,0" doraHai="38,77" doraHaiUra="73,94" who="2" fromWho="2" sc="250,-60,250,-30,240,130,250,-30" /><INIT seed="1,0,0,1,5,32" ten="190,220,370,220" oya="1" hai0="53,56,9,117,25,101,14,97,10,71,36,122,132" hai1="15,76,100,61,135,93,108,83,45,38,70,126,42" hai2="19,98,8,106,78,31,128,133,58,129,65,77,87" hai3="63,124,47,12,67,4,41,5,114,86,39,107,110"/><U104/><E126/><V7/><F133/><W112/><G107/><T115/><D117/><U1/><E93/><V52/><F65/><W0/><G110/><T21/><D115/><U40/><E15/><V85/><F31/><W30/><G124/><T131/><D132/><U95/><E95/><V127/><F19/><W84/><G30/><T79/><D36/><U120/><E42/><V22/><F22/><W102/><G102/><T89/><D71/><U111/><E135/><V29/><F29/><W34/><G34/><T66/><D122/><U2/><E120/><V18/><F18/><W6/><G12/><T116/><D79/><N who="2" m="30218" /><F98/><W92/><G0/><N who="1" m="106" /><E61/><N who="2" m="36039" /><F106/><W48/><G39/><T49/><D116/><U73/><E70/><V72/><F72/><W54/><G41/><T16/><D66/><U113/><E113/><V74/><F74/><W69/><REACH who="3" step="1"/><G84/><REACH who="3" ten="190,220,370,210" step="2"/><T96/><D101/><U43/><E43/><V105/><F105/><W33/><G33/><T60/><D97/><AGARI ba="0,1" hai="38,40,45,73,76,83,97,100,104,108,111" m="106" machi="97" ten="30,11600,0" yaku="23,1,52,3" doraHai="32" who="1" fromWho="0" sc="190,-116,220,126,370,0,210,0" /><INIT seed="1,1,0,2,1,20" ten="74,346,370,210" oya="1" hai0="102,74,62,60,115,18,44,11,49,37,88,91,8" hai1="47,57,34,118,25,4,50,10,105,65,84,12,31" hai2="129,29,28,109,112,93,99,1,43,86,117,46,76" hai3="68,108,52,24,133,122,54,128,78,103,16,89,58"/><U56/><E118/><V41/><F117/><W61/><G122/><T98/><D115/><U66/><E105/><V126/><F112/><W6/><G68/><T120/><D37/><U26/><E84/><V80/><F1/><W124/><G108/><T119/><D74/><U130/><E130/><V3/><F3/><W21/><G133/><T131/><D120/><U72/><E72/><V127/><F109/><W79/><G124/><N who="2" m="47657" /><F129/><W13/><G103/><T123/><D123/><U42/><REACH who="1" step="1"/><E25/><REACH who="1" ten="74,336,370,210" step="2"/><V55/><F99/><W134/><G128/><T132/><D119/><U64/><AGARI ba="1,1" hai="4,10,12,26,31,34,42,47,50,56,57,64,65,66" machi="64" ten="30,12000,1" yaku="1,1,2,1,0,1,52,1,53,1" doraHai="20" doraHaiUra="23" who="1" fromWho="1" sc="74,-41,336,133,370,-41,210,-41" /><INIT seed="1,2,0,3,1,98" ten="33,469,329,169" oya="1" hai0="10,33,87,82,5,3,71,45,15,128,25,53,68" hai1="11,4,36,38,110,133,30,42,131,26,23,75,56" hai2="13,129,93,44,48,47,54,135,105,119,85,84,16" hai3="102,124,19,66,52,28,29,123,46,77,32,65,112"/><U74/><E131/><V35/><F105/><W94/><G123/><T21/><D128/><U24/><E133/><V88/><F35/><W8/><G112/><T118/><D118/><U130/><E130/><V103/><F119/><W6/><G32/><T2/><D68/><U41/><E110/><V108/><F108/><W78/><G124/><T63/><D71/><U12/><E56/><V49/><F129/><W60/><G19/><T9/><D33/><U134/><E134/><V92/><F135/><W51/><G29/><T96/><D96/><U86/><E86/><V50/><F47/><W69/><G28/><T104/><D104/><U58/><E58/><V57/><F44/><W106/><G106/><T127/><D127/><U117/><E26/><V43/><F43/><W101/><G66/><T22/><D25/><U107/><E107/><V126/><F126/><W61/><G60/><T72/><D72/><U76/><E76/><V79/><F79/><W120/><G120/><T14/><D2/><U115/><E115/><V55/><F55/><W40/><G78/><T7/><D3/><U67/><E67/><V59/><F59/><W81/><G40/><N who="1" m="15466" /><E117/><V125/><F125/><W39/><G39/><T97/><D97/><U83/><E74/><V109/><F109/><W114/><G114/><T90/><REACH who="0" step="1"/><D63/><REACH who="0" ten="23,469,329,169" step="2"/><U122/><E122/><V34/><F34/><W31/><G61/><T121/><D121/><U73/><E73/><V20/><REACH who="2" step="1"/><F103/><REACH who="2" ten="23,469,319,169" step="2"/><W91/><G101/><T1/><D1/><U37/><E37/><V132/><F132/><W89/><G102/><T111/><D111/><RYUUKYOKU ba="2,2" sc="23,10,469,10,319,10,169,-30" hai0="5,7,9,10,14,15,21,22,45,53,82,87,90" hai1="4,11,12,23,24,30,36,38,75,83" hai2="13,16,20,48,49,50,54,57,84,85,88,92,93" /><INIT seed="1,3,2,3,2,103" ten="33,479,329,139" oya="1" hai0="130,18,135,95,10,1,70,80,59,68,119,109,23" hai1="22,42,14,117,16,84,32,3,8,43,66,69,21" hai2="28,30,111,93,54,121,41,122,44,20,77,104,99" hai3="96,6,34,65,15,88,114,53,5,92,39,31,74"/><U63/><E117/><V51/><F111/><W76/><G39/><T27/><D119/><U12/><E32/><V120/><F77/><W35/><G114/><T45/><D109/><U85/><E3/><V94/><F20/><W62/><G74/><T102/><D130/><U52/><E22/><V113/><F113/><W56/><G76/><T57/><D135/><U38/><E38/><V4/><F4/><W25/><G35/><T78/><D45/><U126/><E126/><V89/><F104/><W64/><G15/><T131/><D131/><U79/><E84/><V47/><REACH who="2" step="1"/><F94/><REACH who="2" ten="33,479,319,139" step="2"/><W58/><REACH who="3" step="1"/><G65/><REACH who="3" ten="33,479,319,129" step="2"/><T106/><D1/><U11/><E79/><V97/><F97/><W125/><G125/><T132/><D78/><U9/><E66/><V17/><F17/><W134/><G134/><T110/><D132/><U71/><E16/><V101/><F101/><W46/><G46/><T91/><D110/><U82/><E11/><V60/><F60/><AGARI ba="3,4" hai="5,6,25,31,34,53,56,58,60,62,64,88,92,96" machi="60" ten="30,3900,0" yaku="1,1,7,1,54,1,53,0" doraHai="103" doraHaiUra="37" who="3" fromWho="2" sc="33,0,479,0,319,-48,129,88" /><INIT seed="2,0,0,4,3,72" ten="33,479,271,217" oya="2" hai0="5,45,89,57,124,106,70,32,60,78,83,94,109" hai1="105,98,112,128,40,127,64,0,43,31,66,52,35" hai2="58,134,100,97,44,96,133,3,135,87,121,16,76" hai3="75,111,12,122,101,120,25,118,34,19,93,8,27"/><V68/><F3/><W41/><G118/><T125/><D109/><U102/><E112/><V47/><F68/><W24/><G34/><T95/><D124/><U107/><E127/><V28/><F121/><W81/><G111/><T130/><D130/><U23/><E0/><V91/><F28/><W54/><G41/><T123/><D125/><U67/><E35/><V74/><F58/><W113/><G113/><T104/><D32/><U18/><E31/><V85/><F74/><W90/><G101/><T7/><D70/><U53/><E107/><V42/><F44/><W73/><G54/><T115/><D115/><U131/><E40/><V9/><F97/><W88/><G73/><T126/><D123/><U39/><E43/><V2/><F91/><W10/><G8/><T99/><D45/><U63/><E39/><V56/><F56/><W4/><G19/><T129/><D129/><N who="1" m="49739" /><E63/><V46/><F46/><W50/><G50/><T108/><D108/><U86/><E86/><V103/><F103/><W1/><G1/><T13/><D126/><U92/><E105/><V49/><F2/><W30/><G30/><T77/><D104/><U117/><E117/><V55/><F42/><W11/><G11/><T59/><D106/><U17/><E17/><V110/><F110/><W36/><G36/><T116/><D60/><U62/><E62/><V79/><F87/><N who="3" m="50287" /><G75/><T84/><D116/><U61/><E61/><V29/><F85/><N who="3" m="52431" /><G122/><T38/><D38/><U6/><E6/><V80/><F29/><W33/><G120/><T51/><D5/><U26/><AGARI ba="0,0" hai="18,23,26,52,53,64,66,67,92,98,102" m="49739" machi="26" ten="30,2000,0" yaku="19,1,54,1" doraHai="72" who="1" fromWho="1" sc="33,-5,479,20,271,-10,217,-5" /><INIT seed="3,0,0,3,0,61" ten="28,499,261,212" oya="3" hai0="53,24,101,7,52,43,30,14,102,2,81,27,26" hai1="1,31,69,129,122,38,19,49,132,126,124,66,62" hai2="55,131,134,113,109,28,99,42,54,12,125,130,6" hai3="34,100,87,8,48,111,123,106,83,112,108,116,50"/><W96/><G34/><T16/><D43/><U56/><E1/><V44/><F113/><W57/><G123/><T90/><D2/><U79/><E31/><V41/><F109/><N who="3" m="42059" /><G112/><T60/><D7/><U117/><E129/><N who="2" m="49163" /><F125/><W3/><G116/><T70/><D70/><U63/><E49/><N who="2" m="28967" /><F134/><W37/><G37/><T67/><D30/><U21/><E19/><V32/><F99/><W93/><G106/><T72/><D72/><U5/><E21/><V118/><F118/><W25/><G25/><T91/><D81/><U110/><E79/><V127/><F127/><W22/><G22/><T4/><D4/><U103/><E5/><V77/><F77/><N who="3" m="46575" /><G3/><T23/><D101/><U9/><E103/><V114/><F114/><W121/><G121/><T78/><D102/><U15/><E38/><V68/><F68/><W135/><G135/><T18/><D78/><U11/><E132/><V97/><F97/><W85/><G85/><T104/><D104/><U82/><E69/><V94/><F94/><W86/><G86/><T51/><D18/><U0/><E0/><V59/><F28/><W64/><G8/><T20/><D20/><U10/><E9/><N who="2" m="4151" /><F32/><W13/><G13/><T29/><D29/><U33/><E15/><V107/><F107/><W75/><G75/><T74/><D74/><U35/><E122/><V128/><N who="2" m="49171" /><V98/><DORA hai="40" /><F98/><W73/><G73/><T39/><D39/><U80/><E117/><V95/><F95/><W133/><G133/><T65/><D60/><AGARI ba="0,0" hai="41,42,55,59,60" m="4151,28967,49171" machi="60" ten="40,2600,0" yaku="19,1,52,1" doraHai="61,40" who="2" fromWho="0" sc="28,-26,499,0,261,26,212,0" /><AGARI ba="0,0" hai="48,50,57,60,64,93,96,100" m="46575,42059" machi="60" ten="30,5800,0" yaku="14,1,10,1,52,1" doraHai="61,40" who="3" fromWho="0" sc="2,-58,499,0,287,0,212,58" owari="-56,-55.6,499,59.9,287,8.7,270,-13.0" /></mjloggm>