<mjloggm ver="2.3"><GO type="225" lobby="0"/><UN n0="%E5%8D%A0%E3%81%84%E5%B8%AB%E8%A3%8F%E3%81%AA%E3%81%84%E3%81%97" n1="%E3%81%B5%E3%81%98%E3%81%8B%E3%81%A4" n2="%E3%83%97%E3%83%AC%E3%83%B4%E3%82%A1%E3%83%86%E3%82%A3" n3="%E5%8F%AF%E5%85%90%E9%82%A3%E7%94%B1%E5%A4%9A" dan="16,16,16,17" rate="2160.99,2174.83,2051.41,2161.10" sx="M,M,F,F"/><TAIKYOKU oya="0"/><INIT seed="0,0,0,1,2,129" ten="250,250,250,250" oya="0" hai0="123,0,90,101,98,37,30,35,63,8,106,38,66" hai1="55,26,122,127,97,112,91,59,10,42,4,116,109" hai2="15,118,119,134,51,49,21,14,117,36,65,73,126" hai3="115,16,135,1,105,80,131,78,86,94,111,17,108"/><T114/><D114/><U39/><E116/><V31/><F36/><W83/><G105/><T28/><D90/><U100/><E109/><N who="3" m="42058" /><G115/><T44/><D123/><U5/><E122/><V34/><F73/><W71/><G131/><T84/><D84/><U43/><E127/><V85/><F126/><W56/><G71/><N who="0" m="42463" /><D30/><U62/><E112/><V67/><F34/><W18/><G1/><T88/><D88/><U132/><E132/><V7/><F85/><W24/><G94/><T58/><D58/><U96/><E39/><V68/><F68/><W25/><G135/><T20/><D20/><U125/><E125/><V92/><F92/><W104/><G104/><T81/><D44/><U130/><E130/><V89/><F89/><N who="3" m="51399" /><G56/><T64/><D64/><N who="2" m="24650" /><F134/><W57/><G57/><T9/><D9/><U72/><E72/><AGARI ba="0,0" hai="16,17,18,24,25,72,78,83" m="51399,42058" machi="72" ten="30,2000,0" yaku="14,1,54,1" doraHai="129" who="3" fromWho="1" sc="250,0,250,-20,250,0,250,20" /><INIT seed="1,0,0,2,5,134" ten="250,230,250,270" oya="1" hai0="120,132,94,114,93,61,99,125,127,50,103,63,44" hai1="23,5,129,12,113,128,34,87,2,11,22,27,82" hai2="42,66,133,38,40,65,112,135,111,80,98,19,39" hai3="15,29,91,130,41,46,21,24,105,64,88,90,4"/><U17/><E113/><V10/><F80/><W51/><G105/><T31/><D114/><U83/><E83/><V8/><F112/><W69/><G130/><N who="1" m="50282" /><E87/><V20/><F98/><W107/><G107/><T101/><D132/><N who="2" m="50762" /><F20/><W77/><G77/><T18/><D31/><N who="1" m="19839" /><E82/><V73/><F19/><W53/><G69/><T57/><D120/><U9/><AGARI ba="0,0" hai="2,5,9,11,12,17,22,23" m="19839,50282" machi="9" ten="30,6000,0" yaku="19,1,34,2" doraHai="134" who="1" fromWho="1" sc="250,-20,230,60,250,-20,270,-20" /><INIT seed="1,1,0,1,2,132" ten="230,290,230,250" oya="1" hai0="12,89,116,23,3,96,99,0,62,134,10,112,133" hai1="32,65,106,104,36,31,43,76,16,118,69,52,29" hai2="18,35,122,39,54,4,1,101,103,98,115,95,114" hai3="119,64,129,45,108,8,19,26,82,130,28,77,91"/><U131/><E118/><V87/><F39/><W51/><G119/><T40/><D112/><N who="2" m="43050" /><F35/><W67/><G108/><T60/><D116/><U75/><E131/><N who="3" m="50186" /><G91/><T135/><D40/><U33/><E29/><V128/><F54/><N who="3" m="30063" /><G19/><T37/><D37/><U74/><E16/><V24/><F128/><W6/><G82/><T63/><D23/><U13/><E13/><V44/><F44/><W123/><G77/><T11/><D89/><U9/><E9/><N who="0" m="3081" /><D12/><U14/><E14/><V48/><F4/><W42/><G42/><T21/><D21/><U61/><E52/><V124/><F1/><AGARI ba="1,0" hai="0,1,3,60,62,63,96,99,133,134,135" m="3081" machi="1" ten="40,5200,0" yaku="28,2,20,1" doraHai="132" who="0" fromWho="2" sc="230,55,290,0,230,-55,250,0" /><INIT seed="2,0,0,2,5,21" ten="285,290,175,250" oya="2" hai0="58,79,48,57,60,4,25,102,7,110,14,109,101" hai1="45,5,53,82,80,59,103,71,23,43,129,36,18" hai2="86,30,76,27,11,94,55,131,77,12,96,75,40" hai3="67,112,108,116,63,19,81,87,72,99,56,132,93"/><V118/><F118/><W37/><G116/><T105/><D79/><U70/><E129/><V1/><F131/><W38/><G72/><T133/><D133/><U47/><E103/><N who="0" m="39433" /><D105/><U113/><E113/><V26/><F26/><W29/><G132/><T16/><D48/><U69/><E5/><N who="0" m="2121" /><D60/><U39/><E39/><V97/><F1/><W44/><G112/><T120/><D120/><U107/><E47/><V24/><F75/><W54/><G29/><T119/><D119/><U61/><REACH who="1" step="1"/><E107/><REACH who="1" ten="285,280,175,250" step="2"/><V115/><F115/><W34/><G44/><T117/><D117/><U20/><E20/><V100/><F40/><W124/><G38/><T92/><D110/><U64/><E64/><V62/><F30/><W8/><G37/><T121/><D109/><U28/><E28/><V42/><F42/><W9/><G67/><T22/><D121/><U15/><AGARI ba="0,1" hai="15,18,23,36,43,45,53,59,61,69,70,71,80,82" machi="15" ten="30,2000,0" yaku="1,1,0,1,53,0" doraHai="21" doraHaiUra="0" who="1" fromWho="1" sc="285,-5,280,30,175,-10,250,-5" /><INIT seed="3,0,0,4,0,61" ten="280,310,165,245" oya="3" hai0="123,117,62,7,105,20,129,76,131,43,31,10,85" hai1="26,130,134,9,94,99,71,98,36,38,87,66,54" hai2="33,90,49,75,114,64,37,23,88,27,77,2,40" hai3="58,113,70,18,124,81,6,68,84,126,108,44,39"/><W29/><G113/><T67/><D117/><U42/><E9/><V128/><F114/><W119/><G119/><T56/><D105/><U57/><E26/><V92/><F2/><W122/><G122/><T74/><D74/><U93/><E36/><V72/><F33/><W3/><G29/><T135/><D135/><U106/><E106/><V34/><F34/><W5/><G108/><T120/><D43/><U104/><E104/><V83/><F37/><W22/><G58/><T100/><D100/><U118/><E118/><V69/><F128/><N who="0" m="49226" /><D76/><U121/><E130/><V86/><F40/><W16/><G44/><T25/><D85/><U96/><E87/><V48/><F75/><W133/><G133/><T35/><D20/><U41/><E41/><V102/><F102/><W0/><G39/><T19/><D19/><U28/><E28/><V125/><F125/><W59/><G59/><T46/><D46/><N who="1" m="23895" /><E134/><V80/><F69/><W63/><G84/><T53/><D53/><U14/><E121/><V132/><F132/><W15/><G22/><T24/><D24/><U60/><E14/><AGARI ba="0,0" hai="7,10,14,25,31,35,56,62,67,120,123" m="49226" machi="14" ten="30,2000,0" yaku="19,1,52,1" doraHai="61" who="0" fromWho="1" sc="280,20,310,-20,165,0,245,0" owari="300,40.0,290,9.0,165,-33.5,245,-15.5" /></mjloggm>