<mjloggm ver="2.3"><GO type="225" lobby="0"/><UN n0="%E6%B4%BE%E9%81%A3%E3%81%AE%E3%82%B8%E3%83%A3%E3%83%83%E3%82%AF" n1="%6D%75%75%6D%75%72%61" n2="%E6%B8%A9%E2%98%85%E6%83%85%E2%98%85%E6%8E%AA%E2%98%85%E7%BD%AE" n3="%54%4F%52" dan="16,17,16,17" rate="2180.13,2166.78,2172.65,2226.60" sx="M,F,M,M"/><TAIKYOKU oya="0"/><INIT seed="0,0,0,2,4,80" ten="250,250,250,250" oya="0" hai0="72,98,58,51,20,5,96,114,70,113,11,57,44" hai1="118,38,25,3,104,28,39,49,35,54,71,2,95" hai2="0,46,29,108,24,76,82,15,16,32,127,85,103" hai3="102,68,66,27,122,81,101,52,67,47,37,75,1"/><T18/><D70/><U93/><E104/><V26/><F127/><W87/><G1/><T31/><D72/><U34/><E71/><V97/><F108/><W83/><G122/><T90/><D31/><U65/><E118/><V88/><F0/><W126/><G126/><T8/><D113/><U43/><E65/><N who="3" m="24586" /><G37/><T36/><D36/><U59/><E34/><V134/><F134/><W45/><G75/><T120/><D120/><U19/><E38/><V33/><F46/><N who="3" m="17419" /><G68/><T107/><D114/><U61/><E39/><V100/><F26/><W89/><G27/><T42/><D107/><U133/><E133/><V119/><F33/><W135/><G135/><T94/><D98/><U123/><E123/><V91/><F119/><W78/><G78/><T109/><D109/><U77/><E77/><V56/><F56/><N who="0" m="21610" /><D5/><U60/><E43/><V105/><REACH who="2" step="1"/><F103/><REACH who="2" ten="250,250,240,250" step="2"/><W10/><G102/><T86/><D96/><U55/><E3/><V110/><F110/><W130/><G101/><T84/><D84/><U99/><E2/><V48/><F48/><W117/><G87/><T116/><D116/><U92/><E61/><V63/><F63/><W23/><G117/><T6/><D6/><U22/><E60/><V14/><F14/><AGARI ba="0,1" hai="8,11,14,18,20,42,44,51,86,90,94" m="21610" machi="14" ten="30,2900,0" yaku="8,1,52,1" doraHai="80" who="0" fromWho="2" sc="250,39,250,0,240,-29,250,0" /><INIT seed="0,1,0,2,5,22" ten="289,250,211,250" oya="0" hai0="3,104,73,133,2,112,48,77,102,15,94,107,78" hai1="45,69,98,47,65,129,120,28,135,86,44,70,32" hai2="75,1,131,51,97,96,21,25,37,46,29,41,74" hai3="117,26,105,8,13,100,20,72,54,83,63,99,52"/><T60/><D112/><U132/><E120/><V114/><F114/><W134/><G117/><T101/><D48/><U84/><E129/><V121/><F121/><W42/><G134/><N who="1" m="51242" /><E98/><V49/><F131/><W95/><G42/><T109/><D133/><U123/><E123/><V110/><F110/><W36/><G36/><T55/><D15/><U80/><E65/><V30/><F1/><W38/><G38/><T106/><D109/><U88/><E86/><V89/><F30/><W90/><G83/><T14/><D14/><U5/><E5/><V62/><F62/><W125/><G72/><T113/><D113/><U93/><E93/><V56/><F37/><W50/><G63/><T82/><D78/><U127/><E127/><V64/><F64/><W10/><G125/><T103/><D94/><U33/><E33/><V76/><F76/><W59/><G54/><T53/><D60/><U85/><E85/><V6/><F6/><W66/><G66/><T81/><D81/><U24/><AGARI ba="1,0" hai="24,28,32,44,45,47,69,70,80,84,88" m="51242" machi="24" ten="40,5200,0" yaku="20,1,52,1,54,1" doraHai="22" who="1" fromWho="1" sc="289,-27,250,55,211,-14,250,-14" /><INIT seed="1,0,0,1,5,26" ten="262,305,197,236" oya="1" hai0="32,37,91,69,109,47,51,114,133,19,33,66,17" hai1="74,84,86,16,126,5,63,123,24,87,13,56,116" hai2="110,129,124,113,119,2,75,14,59,3,117,103,20" hai3="65,15,67,30,96,10,61,105,7,6,98,127,60"/><U58/><E116/><N who="2" m="44619" /><F75/><W72/><G72/><T31/><D37/><U73/><E123/><V128/><F103/><W21/><G127/><T99/><D114/><U40/><E126/><V39/><F39/><W82/><G6/><T90/><D109/><U76/><E40/><V108/><F59/><W89/><G105/><T94/><D133/><U121/><E121/><V41/><F41/><W118/><G118/><T70/><D33/><U1/><E1/><N who="2" m="11" /><F124/><W100/><G67/><T71/><D66/><U35/><E76/><V62/><F62/><W52/><G100/><T132/><D90/><U68/><E68/><V46/><F46/><W49/><G98/><T131/><D132/><U115/><E115/><V12/><F113/><W11/><G11/><T106/><D106/><U93/><E93/><V38/><F38/><W36/><G36/><T135/><D135/><U125/><E125/><V44/><F44/><N who="3" m="27687" /><G65/><T107/><D107/><U22/><E56/><V50/><F50/><W112/><G112/><T85/><D99/><U120/><E120/><V95/><F95/><N who="3" m="56431" /><G82/><T29/><D51/><U77/><E77/><V9/><F9/><W97/><G97/><T104/><D104/><U80/><E80/><V18/><F14/><W48/><G48/><T34/><D47/><U92/><E92/><V27/><F12/><W102/><G102/><T57/><D57/><U42/><E42/><V78/><F78/><W81/><G81/><T0/><D71/><U53/><E5/><V130/><AGARI ba="0,0" hai="18,20,27,108,110,128,129,130" m="11,44619" machi="130" ten="40,5200,0" yaku="19,1,34,2" doraHai="26" who="2" fromWho="2" sc="262,-13,305,-26,197,52,236,-13" /><INIT seed="2,0,0,5,5,102" ten="249,279,249,223" oya="2" hai0="34,45,65,90,9,4,2,79,22,112,76,63,105" hai1="96,109,35,113,92,83,47,73,121,60,88,41,61" hai2="6,66,28,114,104,98,40,58,39,94,110,15,120" hai3="106,50,3,27,134,67,82,99,125,48,55,133,19"/><V23/><F114/><W30/><G3/><T87/><D112/><U20/><E113/><V51/><F120/><W101/><G125/><T93/><D34/><U108/><E35/><V84/><F104/><W95/><G67/><T33/><D33/><U32/><E32/><V56/><F110/><N who="1" m="42601" /><E121/><V36/><F84/><W59/><G30/><T74/><D45/><U72/><E20/><V13/><F39/><W26/><G82/><T46/><D46/><U62/><E83/><V117/><F36/><AGARI ba="0,0" hai="36,41,47,60,61,62,72,73,88,92,96" m="42601" machi="36" ten="30,2000,0" yaku="14,1,54,1" doraHai="102" who="1" fromWho="2" sc="249,0,279,20,249,-20,223,0" /><INIT seed="3,0,0,3,4,77" ten="249,299,229,223" oya="3" hai0="105,5,62,103,36,86,130,56,52,122,48,116,125" hai1="15,54,8,114,102,14,12,49,132,79,4,64,17" hai2="51,119,33,61,43,38,82,73,6,45,34,131,63" hai3="126,25,101,85,2,76,46,16,55,66,23,89,117"/><W113/><G113/><T123/><D116/><U91/><E114/><V121/><F119/><W72/><G117/><T44/><D125/><U110/><E110/><V75/><F131/><W1/><G126/><T68/><D130/><U83/><E132/><V107/><F107/><W106/><G66/><N who="0" m="41047" /><D5/><U70/><E70/><V30/><F6/><W78/><G72/><T18/><D18/><U10/><E64/><V129/><F129/><W99/><G2/><T134/><D134/><U65/><E65/><V98/><F98/><W100/><G1/><T27/><D27/><U39/><E39/><V11/><F38/><W32/><G32/><T21/><D21/><U50/><E102/><N who="3" m="39530" /><G99/><N who="0" m="61695" /><D86/><N who="1" m="50655" /><E79/><N who="3" m="30250" /><G106/><T24/><D24/><U19/><E54/><V29/><F34/><W97/><G97/><T35/><D35/><U108/><E108/><V0/><F33/><W41/><G41/><AGARI ba="0,0" hai="36,41,44,48,52,56,122,123" m="61695,41047" machi="41" ten="30,2000,0" yaku="24,1,54,1" doraHai="77" who="0" fromWho="3" sc="249,20,299,0,229,0,223,-20" /><INIT seed="4,0,0,1,5,63" ten="269,299,229,203" oya="0" hai0="27,68,110,0,54,16,51,133,88,10,43,24,26" hai1="135,11,42,112,72,95,18,87,97,7,19,119,114" hai2="89,38,134,103,61,77,56,8,25,20,82,71,115" hai3="49,106,91,1,73,33,108,85,107,102,41,99,78"/><T4/><D68/><U39/><E72/><V60/><F115/><N who="1" m="44073" /><E119/><V122/><F122/><W57/><G33/><T90/><D43/><U86/><E135/><V58/><F38/><W66/><G1/><T34/><D133/><U22/><E39/><V128/><F103/><W81/><G108/><T94/><D110/><U32/><E32/><V48/><F71/><W76/><G107/><T44/><D34/><U127/><E42/><V6/><F89/><W130/><G130/><T120/><D120/><U131/><E127/><V17/><F128/><W30/><G30/><T113/><D113/><U93/><E131/><V29/><F29/><W124/><G124/><T105/><D105/><U23/><E23/><V100/><F100/><W74/><G74/><T70/><D70/><U126/><E126/><V53/><F58/><W67/><G76/><T118/><D118/><U9/><E9/><V64/><F64/><W80/><REACH who="3" step="1"/><G57/><REACH who="3" ten="269,299,229,193" step="2"/><T101/><D0/><N who="1" m="487" /><E18/><V47/><F56/><W117/><G117/><T12/><D16/><U2/><E2/><V15/><REACH who="2" step="1"/><F134/><REACH who="2" ten="269,299,219,193" step="2"/><W31/><G31/><T37/><D37/><U96/><E19/><V129/><F129/><W75/><G75/><AGARI ba="0,2" hai="6,8,15,17,20,25,47,48,53,60,61,75,77,82" machi="75" ten="30,3900,0" yaku="1,1,7,1,53,1" doraHai="63" doraHaiUra="21" who="2" fromWho="3" sc="269,0,299,0,219,59,193,-39" /><INIT seed="5,0,0,0,1,59" ten="269,299,278,154" oya="1" hai0="82,88,24,14,131,94,27,84,33,81,53,123,23" hai1="101,111,55,31,72,97,43,134,100,99,89,34,77" hai2="38,21,29,30,2,80,128,120,60,121,25,50,104" hai3="67,0,48,26,63,57,7,130,76,46,37,135,95"/><U44/><E134/><V74/><F38/><W32/><G135/><T90/><D131/><U19/><E72/><V65/><F104/><W42/><G130/><T16/><D123/><U112/><E112/><V79/><F128/><W115/><G115/><T103/><D33/><U132/><E132/><V114/><F114/><W92/><G76/><T49/><D103/><U36/><E77/><V122/><F2/><W108/><G108/><T96/><D82/><U45/><E111/><V52/><F30/><W133/><G133/><T75/><D75/><U15/><E89/><V117/><F117/><W5/><G0/><T91/><D91/><U102/><E31/><V11/><F11/><W17/><G37/><T56/><AGARI ba="0,0" hai="14,16,23,24,27,49,53,56,81,84,88,90,94,96" machi="56" ten="20,8000,1" yaku="0,1,7,1,8,1,54,2" doraHai="59" who="0" fromWho="0" sc="269,80,299,-40,278,-20,154,-20" owari="349,44.9,259,5.9,258,-14.2,134,-36.6" /></mjloggm>