<mjloggm ver="2.3"><GO type="225" lobby="0"/><UN n0="%E9%80%9F%E6%B0%B4%E5%87%9B%E9%A6%99" n1="%E5%B0%8F%E9%B3%A5%E9%81%8A%E7%B7%B4%E7%84%A1%32%31%E6%AD%B3" n2="%E5%8C%97%E6%AC%A7%E3%81%AE%E3%82%82%E3%81%93%E3%81%86" n3="%72%69%6F%75%63%68%61%6E" dan="16,16,17,16" rate="2117.39,2168.11,2137.12,2188.40" sx="F,F,M,M"/><TAIKYOKU oya="0"/><INIT seed="0,0,0,4,4,127" ten="250,250,250,250" oya="0" hai0="19,21,106,78,89,9,79,14,5,11,132,59,36" hai1="24,129,74,71,54,128,7,121,126,6,23,118,81" hai2="110,17,1,73,100,52,86,37,72,94,125,46,130" hai3="120,82,115,33,44,4,63,55,26,93,123,122,49"/><T8/><D106/><U131/><E126/><V10/><F125/><W112/><G4/><N who="1" m="1578" /><E118/><V109/><F1/><W15/><G15/><T91/><D36/><U29/><E71/><V68/><F68/><W27/><G82/><T133/><D5/><U38/><E38/><V116/><F116/><W28/><G26/><T39/><D39/><U76/><E54/><V103/><F103/><W88/><REACH who="3" step="1"/><G63/><REACH who="3" ten="250,250,250,240" step="2"/><T87/><D133/><U65/><E65/><V90/><F109/><W101/><G101/><T48/><D132/><U108/><E108/><V84/><F100/><W45/><G45/><T57/><D91/><U18/><E121/><V42/><F110/><W56/><G56/><T96/><D59/><U119/><E119/><V60/><F60/><W92/><G92/><T98/><D57/><U2/><E2/><V41/><F94/><W70/><G70/><T85/><D14/><U102/><E102/><V80/><F46/><W104/><G104/><T13/><D13/><U135/><E135/><V66/><F80/><W43/><G43/><T50/><D50/><U97/><E97/><AGARI ba="0,1" hai="27,28,33,44,49,55,88,93,97,112,115,120,122,123" machi="97" ten="40,5200,0" yaku="1,1,13,1,54,1,53,0" doraHai="127" doraHaiUra="12" who="3" fromWho="1" sc="250,0,250,-52,250,0,240,62" /><INIT seed="1,0,0,4,4,42" ten="250,198,250,302" oya="1" hai0="125,74,29,11,96,112,71,134,48,60,110,79,22" hai1="53,16,17,52,14,107,135,15,120,130,35,50,0" hai2="81,63,115,32,72,101,13,84,67,49,117,10,23" hai3="36,25,100,37,1,45,61,46,26,76,105,8,90"/><U111/><E0/><V3/><F32/><W121/><G121/><T66/><D112/><U80/><E120/><V94/><F117/><W126/><G126/><T106/><D125/><U109/><E35/><V24/><F3/><W124/><G124/><T2/><D110/><N who="1" m="41995" /><E107/><V28/><F72/><W30/><G76/><T87/><D134/><U65/><E130/><V127/><F127/><W54/><G90/><T12/><D74/><U9/><E135/><V34/><F34/><W77/><G77/><T123/><D123/><U128/><E128/><V95/><F49/><W41/><G61/><T47/><D2/><U99/><E65/><V57/><F101/><W20/><G25/><T119/><D119/><U73/><E99/><V129/><F115/><W56/><G100/><T102/><D87/><U85/><E73/><V27/><F27/><W86/><G105/><T88/><D79/><N who="1" m="46239" /><E50/><V39/><F129/><W103/><G103/><T68/><D66/><U75/><E75/><V82/><F39/><W92/><G86/><T38/><D38/><U118/><E118/><V98/><F98/><W55/><G92/><N who="2" m="35369" /><F84/><W44/><G36/><T93/><D60/><U21/><AGARI ba="0,0" hai="9,14,15,16,17,21,52,53" m="46239,41995" machi="21" ten="30,11700,0" yaku="14,1,10,1,54,2" doraHai="42" who="1" fromWho="1" sc="250,-39,198,117,250,-39,302,-39" /><INIT seed="1,1,0,0,5,41" ten="211,315,211,263" oya="1" hai0="2,28,94,3,104,48,97,50,61,114,12,8,123" hai1="5,118,129,42,110,93,135,79,36,19,63,49,31" hai2="91,23,134,96,108,0,75,100,115,89,128,101,111" hai3="68,95,133,18,67,99,62,1,57,59,20,122,15"/><U87/><E118/><V69/><F0/><W127/><G133/><T64/><D114/><U109/><E36/><V83/><F69/><W98/><G127/><T80/><D104/><U77/><E5/><V43/><F43/><W66/><G122/><T125/><D125/><U34/><E135/><V116/><F134/><W32/><G32/><T65/><D123/><U126/><E126/><V10/><F10/><W39/><G39/><T27/><D80/><U78/><E19/><V85/><F116/><W70/><G1/><T13/><D2/><U132/><E132/><V106/><F23/><W58/><REACH who="3" step="1"/><G95/><REACH who="3" ten="211,315,211,253" step="2"/><T81/><D3/><U86/><E93/><N who="2" m="56367" /><F115/><W130/><G130/><T54/><D94/><U124/><E129/><V113/><F128/><W121/><G121/><T17/><D81/><U105/><E124/><V38/><F38/><W56/><N who="3" m="14336" /><DORA hai="73" /><W112/><G112/><T92/><D92/><U25/><E105/><V26/><F113/><W119/><G119/><T44/><D65/><U21/><E34/><V11/><F106/><W47/><G47/><T71/><D44/><N who="1" m="25751" /><E63/><AGARI ba="1,1" hai="15,18,20,62,63,66,67,68,70,98,99" m="14336" machi="63" ten="50,12000,2" yaku="1,1,9,1,53,4" doraHai="41,73" doraHaiUra="29,53" who="3" fromWho="1" sc="211,0,315,-123,211,0,253,133" /><INIT seed="2,0,0,2,2,8" ten="211,192,211,386" oya="2" hai0="16,75,37,55,50,103,0,59,68,32,119,35,49" hai1="34,115,44,79,72,7,40,98,126,100,56,13,48" hai2="129,99,111,121,62,96,46,61,1,130,83,15,9" hai3="18,77,11,39,91,36,12,106,127,58,23,90,45"/><V109/><F1/><W57/><G127/><T21/><D37/><U42/><E34/><V6/><F121/><W71/><G71/><T101/><D68/><U131/><E115/><V110/><F83/><W116/><G116/><T20/><D0/><U31/><E31/><V3/><F46/><W104/><G77/><T38/><D38/><U25/><E25/><V43/><F43/><W41/><G36/><T54/><D75/><U107/><E126/><V95/><F3/><W135/><G135/><T27/><D119/><U134/><E134/><V60/><F95/><W88/><REACH who="3" step="1"/><G11/><REACH who="3" ten="211,192,211,376" step="2"/><T124/><D124/><U93/><E79/><V69/><F69/><W118/><G118/><T89/><D89/><U113/><E113/><V85/><F85/><W80/><G80/><T53/><D32/><U102/><E72/><V10/><REACH who="2" step="1"/><F9/><REACH who="2" ten="211,192,201,376" step="2"/><W29/><G29/><N who="0" m="17639" /><D35/><U117/><E117/><V112/><F112/><W120/><G120/><T2/><D2/><U73/><E73/><V14/><F14/><W17/><G17/><T86/><D86/><U132/><E132/><V82/><F82/><W81/><G81/><T108/><D16/><U66/><E7/><V78/><F78/><W74/><G74/><T64/><D59/><AGARI ba="0,2" hai="12,18,23,39,41,45,57,58,59,88,90,91,104,106" machi="59" ten="40,5200,0" yaku="1,1,52,1,54,1,53,0" doraHai="8" doraHaiUra="76" who="3" fromWho="0" sc="211,-52,192,0,201,0,376,72" /><INIT seed="3,0,0,0,2,99" ten="159,192,201,448" oya="3" hai0="110,129,26,120,60,95,92,53,3,87,19,39,15" hai1="47,83,50,43,90,113,77,94,102,16,28,2,4" hai2="74,27,80,57,10,134,79,7,55,118,38,117,29" hai3="119,9,75,30,108,93,115,48,128,20,11,125,46"/><W85/><G115/><T109/><D39/><U34/><E113/><V45/><F134/><W54/><G119/><T126/><D3/><U8/><E102/><V0/><F57/><W5/><G75/><T42/><D120/><U124/><E124/><V33/><F55/><W73/><G73/><T1/><D1/><U98/><E16/><V78/><F79/><W107/><G107/><T68/><D42/><AGARI ba="0,0" hai="0,7,10,27,29,33,38,42,45,74,78,80,117,118" machi="42" ten="40,8000,1" yaku="25,2,23,2" doraHai="99" who="2" fromWho="0" sc="159,-80,192,0,201,80,448,0" owari="79,-42.1,192,-20.8,281,8.1,448,54.8" /></mjloggm>