<mjloggm ver="2.3"><GO type="225" lobby="0"/><UN n0="%33%74%72%65%65" n1="%E9%87%8E%E3%80%85%E5%AE%AE%E8%97%8D" n2="%E3%81%A1%E3%82%85%E3%81%86%E3%81%A9%E3%81%8F%E8%B1%A1%E3%81%95%E3%82%93" n3="%E3%83%A9%E3%82%B9%E7%8E%87%EF%BC%93%E5%89%B2" dan="17,17,16,16" rate="2148.64,2158.99,2089.34,2114.75" sx="F,F,M,F"/><TAIKYOKU oya="0"/><INIT seed="0,0,0,1,5,58" ten="250,250,250,250" oya="0" hai0="125,113,22,89,75,120,34,62,107,118,14,21,73" hai1="88,52,45,72,124,110,130,86,112,81,12,119,64" hai2="98,31,77,36,67,78,70,18,20,92,37,5,79" hai3="127,9,60,42,4,103,6,51,80,48,116,55,74"/><T50/><D34/><U61/><E119/><V44/><F5/><W132/><G116/><T26/><D118/><U8/><E110/><V126/><F31/><W105/><G132/><T101/><D113/><U115/><E72/><V1/><F1/><W104/><G127/><T57/><D120/><U84/><E84/><V49/><F126/><W134/><G134/><T11/><D50/><N who="1" m="28751" /><E130/><V121/><F121/><W56/><G4/><T66/><D89/><U46/><E46/><V135/><F135/><W93/><G93/><T133/><D125/><U69/><E124/><V59/><F70/><W91/><G42/><T95/><D107/><U90/><E90/><V102/><F67/><W94/><G104/><T27/><D133/><U38/><E38/><V65/><F65/><W87/><G105/><T15/><D75/><U2/><E2/><V128/><F59/><W10/><G10/><T16/><D73/><U28/><E28/><V7/><F7/><W0/><REACH who="3" step="1"/><G74/><REACH who="3" ten="250,250,250,240" step="2"/><T47/><D11/><U54/><E54/><V71/><F128/><W68/><G68/><T108/><D108/><U40/><E40/><V29/><F71/><W117/><G117/><T63/><D95/><U131/><E131/><V114/><F114/><W19/><G19/><AGARI ba="0,1" hai="8,12,19,61,64,69,81,86,88,112,115" m="28751" machi="19" ten="30,7700,0" yaku="25,1,52,1,54,2" doraHai="58" who="1" fromWho="3" sc="250,0,250,87,250,0,240,-77" /><INIT seed="1,0,0,5,4,76" ten="250,337,250,163" oya="1" hai0="83,131,23,63,99,74,21,117,46,10,95,28,103" hai1="44,120,81,55,110,43,18,51,26,129,40,108,3" hai2="59,124,104,2,72,70,112,78,36,79,98,5,133" hai3="67,73,85,56,94,54,135,42,25,116,29,84,50"/><U105/><E120/><V34/><RYUUKYOKU type="yao9" ba="0,0" sc="250,0,337,0,250,0,163,0" hai2="2,5,34,36,59,70,72,78,79,98,104,112,124,133" /><INIT seed="1,1,0,4,5,3" ten="250,337,250,163" oya="1" hai0="72,106,105,133,26,89,130,104,60,91,94,99,12" hai1="58,53,87,20,16,76,83,64,13,36,108,55,0" hai2="107,116,48,73,50,120,78,44,79,74,121,30,21" hai3="68,6,93,86,32,37,52,85,134,128,43,67,46"/><U56/><E36/><V131/><F107/><W2/><G32/><T18/><D130/><U1/><E64/><V61/><F61/><W81/><G128/><T23/><D133/><U15/><E108/><V69/><F21/><W82/><G134/><T126/><D126/><U51/><REACH who="1" step="1"/><E15/><REACH who="1" ten="250,327,250,163" step="2"/><V110/><F110/><W70/><G67/><T10/><D72/><U40/><E40/><V24/><F131/><W100/><G52/><T88/><REACH who="0" step="1"/><D60/><AGARI ba="1,1" hai="0,1,13,16,20,51,53,55,56,58,60,76,83,87" machi="60" ten="30,5800,0" yaku="1,1,7,1,54,1,53,0" doraHai="3" doraHaiUra="118" who="1" fromWho="0" sc="250,-61,327,71,250,0,163,0" /><INIT seed="1,2,0,1,4,42" ten="189,398,250,163" oya="1" hai0="5,113,1,28,22,79,77,127,97,109,23,15,18" hai1="0,7,115,72,125,74,130,124,25,122,24,131,128" hai2="47,68,62,126,36,52,14,105,123,92,60,59,69" hai3="21,89,31,83,85,44,82,87,26,93,39,63,27"/><U32/><E115/><V43/><F105/><W117/><G117/><T58/><D113/><U103/><E103/><V98/><F123/><W48/><G39/><T45/><D127/><N who="1" m="48715" /><E122/><V55/><F126/><W84/><G63/><T75/><D109/><U65/><E65/><V81/><F81/><W135/><G135/><T96/><D58/><U80/><E80/><V38/><F38/><W46/><G83/><T49/><D75/><N who="1" m="28715" /><E32/><V17/><F60/><W6/><G6/><T9/><D79/><U12/><E12/><V30/><F30/><W108/><G108/><T101/><D77/><U73/><N who="1" m="28723" /><U40/><DORA hai="16" /><E40/><V118/><F118/><W11/><G11/><AGARI ba="2,0" hai="0,7,11,24,25,128,130,131" m="28723,48715" machi="11" ten="50,4800,0" yaku="19,1,18,1" doraHai="42,16" who="1" fromWho="3" sc="189,0,398,54,250,0,163,-54" /><INIT seed="1,3,0,3,2,63" ten="189,452,250,109" oya="1" hai0="85,20,6,24,130,132,98,82,131,19,36,135,11" hai1="72,114,40,133,78,120,58,5,77,118,35,101,4" hai2="29,31,44,107,42,93,103,37,96,74,117,100,2" hai3="104,56,91,16,124,75,13,116,30,25,80,88,76"/><U0/><E58/><V127/><F117/><W26/><G116/><T67/><D36/><U97/><E40/><V53/><F127/><W12/><G124/><T90/><D98/><U68/><E68/><V65/><F74/><W62/><G104/><T57/><D57/><U22/><E22/><V54/><F2/><W48/><G48/><T46/><D46/><U115/><E35/><V17/><F103/><W84/><G13/><N who="0" m="5367" /><D67/><U112/><E0/><V23/><F107/><W41/><G41/><T87/><D85/><U55/><E55/><V69/><F54/><W125/><G125/><T95/><D82/><N who="1" m="45351" /><E4/><V73/><F73/><W52/><G75/><T9/><D9/><U43/><E78/><V92/><F53/><W7/><G7/><T134/><AGARI ba="3,0" hai="19,20,24,87,90,95,130,131,132,134,135" m="5367" machi="134" ten="40,1500,0" yaku="20,1" doraHai="63" who="0" fromWho="0" sc="189,24,452,-10,250,-7,109,-7" /><INIT seed="2,0,0,0,2,87" ten="213,442,243,102" oya="2" hai0="59,81,55,126,115,119,128,30,23,123,99,33,43" hai1="26,129,68,95,112,36,107,124,50,103,32,60,24" hai2="44,67,6,42,121,93,17,122,14,11,134,19,89" hai3="57,79,133,120,77,61,0,48,84,18,38,101,114"/><V82/><F134/><W127/><G38/><T7/><D115/><U56/><E36/><V132/><F132/><W52/><G133/><T90/><D123/><U102/><E107/><V72/><F67/><W12/><G120/><T131/><D126/><U130/><E112/><V45/><F122/><W88/><G0/><T92/><D119/><U46/><E68/><V69/><F69/><W16/><G114/><T94/><D33/><U27/><E32/><V80/><F121/><W135/><G135/><T5/><D43/><N who="1" m="24927" /><E95/><V41/><F72/><W113/><G113/><T85/><D92/><U116/><E116/><V51/><F6/><W110/><G127/><T47/><D47/><U10/><E10/><V37/><REACH who="2" step="1"/><F17/><REACH who="2" ten="213,442,233,102" step="2"/><N who="3" m="6763" /><G110/><T35/><D5/><U54/><E124/><V1/><F1/><W117/><G117/><T9/><D7/><U21/><E130/><V104/><F104/><W78/><G12/><T100/><D131/><U29/><E129/><V74/><F74/><W106/><G106/><T25/><D128/><U4/><E4/><V70/><F70/><W34/><G34/><T76/><D35/><U2/><E2/><V71/><F71/><W86/><G101/><AGARI ba="0,1" hai="21,24,26,27,29,54,56,60,101,102,103" m="24927" machi="101" ten="30,1000,0" yaku="8,1" doraHai="87" who="1" fromWho="3" sc="213,0,442,20,233,0,102,-10" /><INIT seed="3,0,0,3,5,103" ten="213,462,233,92" oya="3" hai0="135,27,130,71,12,88,115,111,95,1,110,5,75" hai1="107,34,101,49,21,42,43,73,89,37,3,38,44" hai2="86,4,32,69,133,78,16,83,126,106,10,53,66" hai3="114,51,47,52,124,132,23,68,58,99,92,15,121"/><W62/><G114/><T122/><D122/><U85/><E34/><V65/><F32/><W91/><G121/><T128/><D115/><U120/><E73/><V20/><F133/><W82/><G132/><T105/><D135/><U64/><E3/><V41/><F41/><W118/><G118/><T2/><D105/><U80/><E64/><V60/><F66/><W119/><G119/><T112/><D112/><U29/><E43/><V97/><F53/><W70/><G124/><T18/><D75/><U39/><E120/><V134/><F134/><W123/><G123/><T11/><D27/><U96/><E29/><V108/><F108/><N who="0" m="41514" /><D71/><U104/><E21/><V79/><F79/><W59/><G59/><T17/><D2/><U30/><E30/><V40/><F40/><W117/><G117/><T24/><D24/><U113/><E113/><V63/><F63/><W102/><G82/><T57/><D57/><U31/><E31/><V26/><F126/><W129/><G129/><N who="0" m="49771" /><D12/><U19/><E19/><V72/><F72/><W90/><G70/><T13/><D13/><U22/><E22/><V74/><F74/><W0/><G0/><T61/><D61/><U45/><E45/><V8/><F4/><W127/><G127/><T76/><D76/><U50/><E50/><V109/><F109/><W46/><G68/><T33/><D33/><U55/><E42/><V54/><F54/><N who="3" m="34135" /><G47/><T7/><D7/><U25/><E25/><V98/><F106/><W6/><G6/><T84/><AGARI ba="0,0" hai="1,5,11,17,18,84,88,95" m="49771,41514" machi="84" ten="30,4000,0" yaku="14,1,19,1,54,1" doraHai="103" who="0" fromWho="0" sc="213,40,462,-10,233,-10,92,-20" owari="253,5.3,452,55.2,223,-17.7,72,-42.8" /></mjloggm>