<mjloggm ver="2.3"><GO type="225" lobby="0"/><UN n0="%E6%A1%9C%E8%8A%B1%E9%96%83%E3%80%85" n1="%E3%83%89%E3%83%A9%E3%81%8F%E3%82%8C" n2="%E3%81%99%E3%81%84%E3%81%BE%E3%81%9B%E3%83%BC%E3%82%93" n3="%E3%81%B5%E3%81%98%E3%81%8B%E3%81%A4" dan="16,16,18,16" rate="2179.92,2186.31,2177.66,2182.67" sx="M,M,M,M"/><TAIKYOKU oya="0"/><INIT seed="0,0,0,3,1,62" ten="250,250,250,250" oya="0" hai0="42,72,57,16,7,120,56,85,9,46,51,86,87" hai1="52,59,18,115,54,32,70,68,47,135,90,126,110" hai2="37,111,25,11,134,40,71,104,125,98,75,64,24" hai3="30,77,109,20,94,26,114,28,3,78,31,12,96"/><T69/><D69/><BYE who="0" /><U97/><E32/><UN n0="%E6%A1%9C%E8%8A%B1%E9%96%83%E3%80%85" /><V6/><F75/><W129/><G114/><T100/><D120/><U8/><E115/><V89/><F125/><W23/><G109/><T123/><D123/><U63/><E126/><V118/><F111/><W106/><G106/><T4/><D72/><U41/><E110/><V103/><F134/><W2/><G129/><T73/><D73/><U14/><E135/><V76/><F76/><N who="3" m="29291" /><G2/><T13/><REACH who="0" step="1"/><D100/><REACH who="0" ten="240,250,250,250" step="2"/><U119/><E119/><V27/><F71/><W132/><G132/><T65/><D65/><N who="1" m="39167" /><E70/><V127/><F64/><W66/><G66/><T102/><D102/><U49/><E68/><V34/><F127/><W83/><G3/><T0/><D0/><U84/><E97/><V67/><F67/><W95/><G96/><T128/><D128/><U88/><E90/><V15/><F89/><W55/><G31/><T117/><D117/><U36/><E36/><V91/><F91/><W29/><G29/><T5/><AGARI ba="0,1" hai="4,5,7,9,13,16,42,46,51,56,57,85,86,87" machi="5" ten="30,11700,0" yaku="1,1,0,1,8,1,54,1,53,0" doraHai="62" doraHaiUra="108" who="0" fromWho="0" sc="240,127,250,-39,250,-39,250,-39" /><INIT seed="0,1,0,3,0,77" ten="367,211,211,211" oya="0" hai0="80,113,103,74,25,16,5,59,31,24,104,71,17" hai1="95,12,94,48,9,10,91,85,83,66,112,6,2" hai2="107,62,123,96,87,18,19,109,111,37,89,116,73" hai3="21,36,64,99,78,26,69,110,93,90,70,50,47"/><T126/><D113/><U121/><E121/><V38/><F123/><W117/><G117/><T29/><D71/><U88/><E112/><V51/><F73/><W86/><G110/><N who="2" m="41993" /><F116/><W92/><G36/><N who="2" m="13929" /><F62/><W52/><G64/><T118/><D118/><U134/><E134/><V20/><F51/><W35/><G35/><N who="0" m="20903" /><D59/><U46/><E66/><V67/><F67/><W4/><G4/><T34/><D80/><U68/><E68/><V75/><F75/><W115/><G115/><T120/><D74/><U135/><E135/><V14/><F18/><N who="0" m="7274" /><D103/><U76/><E2/><V133/><F133/><W72/><G72/><T7/><D104/><U3/><E9/><V30/><F30/><N who="3" m="17743" /><G70/><T57/><D57/><U45/><E3/><V65/><F65/><W39/><G69/><T63/><D63/><U56/><E56/><V49/><F49/><W22/><G39/><T54/><D54/><N who="1" m="29967" /><E46/><V53/><F53/><W132/><G132/><T108/><D120/><U1/><E1/><V15/><F107/><W43/><G43/><T101/><D101/><U55/><E55/><V41/><F41/><W60/><G60/><T84/><D108/><U98/><E95/><N who="2" m="54719" /><F96/><W105/><G105/><T125/><D84/><U81/><E81/><V130/><F130/><W128/><G128/><T8/><D8/><U106/><E106/><V42/><F42/><W11/><G11/><T129/><D129/><U0/><E0/><V40/><F40/><W27/><G99/><T124/><AGARI ba="1,0" hai="5,7,25,31,34,124,125,126" m="7274,20903" machi="124" ten="40,12000,1" yaku="18,1,34,2,54,1" doraHai="77" who="0" fromWho="0" sc="367,123,211,-41,211,-41,211,-41" /><INIT seed="0,2,0,5,4,67" ten="490,170,170,170" oya="0" hai0="83,132,71,42,4,104,52,35,93,92,113,74,84" hai1="110,22,16,53,73,45,68,105,31,128,0,36,26" hai2="88,32,13,96,46,38,69,29,7,44,134,118,85" hai3="41,50,48,97,119,114,124,129,65,28,81,100,76"/><T3/><D113/><U17/><E73/><V66/><F134/><W80/><G114/><T103/><D132/><U25/><E128/><V95/><F118/><W70/><G119/><T18/><D35/><U54/><E110/><V91/><F38/><W34/><G129/><T37/><D18/><U23/><E0/><V55/><F55/><W98/><G124/><T19/><D19/><U78/><E78/><V40/><F40/><W24/><G97/><N who="0" m="61551" /><D52/><U101/><E68/><V30/><F69/><W56/><G56/><T61/><D84/><U39/><E31/><N who="2" m="11787" /><F66/><W62/><G41/><T120/><D120/><U10/><E10/><N who="2" m="4319" /><F32/><W72/><REACH who="3" step="1"/><G81/><AGARI ba="2,0" hai="44,46,81,85,88,91,95,96" m="4319,11787" machi="81" ten="30,2000,0" yaku="8,1,54,1" doraHai="67" who="2" fromWho="3" sc="490,0,170,0,170,26,170,-26" /><INIT seed="1,0,0,2,4,110" ten="490,170,196,144" oya="1" hai0="100,71,112,133,44,119,86,10,32,126,68,27,59" hai1="81,8,109,3,88,84,12,118,11,61,99,40,89" hai2="85,108,55,20,7,75,120,131,111,52,19,80,107" hai3="51,102,49,56,129,5,67,37,47,2,14,135,17"/><U92/><E118/><V42/><F120/><W33/><G33/><T6/><D112/><U95/><E109/><N who="2" m="42059" /><F131/><W76/><G129/><T82/><D119/><U127/><E127/><V43/><F107/><W96/><G135/><T64/><D100/><U104/><E40/><N who="2" m="15403" /><F7/><W39/><G76/><T46/><D59/><U116/><E116/><V29/><F29/><W97/><G97/><T48/><D133/><U105/><E61/><V128/><F75/><W63/><G2/><T114/><D114/><U28/><E28/><V25/><F128/><W31/><G5/><T77/><D126/><U13/><E3/><V0/><F0/><W15/><G31/><T93/><D27/><U122/><E122/><V16/><F19/><W22/><G15/><T23/><D23/><U125/><E125/><V18/><F18/><W134/><G134/><T54/><D32/><U30/><E30/><V79/><AGARI ba="0,0" hai="16,20,25,52,55,79,80,85" m="15403,42059" machi="79" ten="30,4000,0" yaku="14,1,54,2" doraHai="110" who="2" fromWho="2" sc="490,-10,170,-20,196,40,144,-10" /><INIT seed="2,0,0,2,0,18" ten="480,150,236,134" oya="2" hai0="65,83,112,1,122,116,19,96,26,50,42,12,13" hai1="54,16,106,134,40,94,58,35,121,51,60,48,76" hai2="49,74,56,7,92,120,63,103,82,105,88,9,78" hai3="110,57,0,124,108,39,17,38,80,30,77,86,132"/><V100/><F120/><W90/><G0/><T21/><D112/><U5/><E121/><V118/><F49/><W93/><G30/><T117/><D122/><U70/><E106/><V85/><F105/><W25/><G124/><T43/><D1/><U68/><E134/><V107/><F107/><W95/><G132/><T135/><D135/><U113/><E35/><V64/><REACH who="2" step="1"/><F118/><REACH who="2" ten="480,150,226,134" step="2"/><W126/><G126/><T87/><D50/><U27/><E48/><V2/><AGARI ba="0,1" hai="2,7,9,56,63,64,74,78,82,85,88,92,100,103" machi="2" ten="20,12000,1" yaku="1,1,2,1,0,1,7,1,54,1,53,0" doraHai="18" doraHaiUra="31" who="2" fromWho="2" sc="480,-40,150,-40,226,130,134,-40" /><INIT seed="2,1,0,2,5,32" ten="440,110,356,94" oya="2" hai0="77,23,65,40,130,52,35,19,81,17,55,117,7" hai1="2,57,113,87,45,16,21,61,64,43,103,120,73" hai2="97,75,8,111,124,107,9,39,133,83,53,44,68" hai3="62,134,67,88,60,80,121,41,115,36,91,46,31"/><V135/><F68/><W20/><G121/><T38/><D35/><U63/><E120/><V15/><F124/><W86/><G134/><N who="2" m="51209" /><F111/><W59/><G115/><T101/><D130/><U100/><E73/><V118/><F118/><W128/><G128/><T30/><D117/><U74/><E74/><V114/><F114/><W102/><G102/><T27/><D65/><U47/><E113/><V13/><F97/><W84/><G62/><T112/><D112/><U29/><E29/><V106/><F15/><W78/><REACH who="3" step="1"/><G86/><REACH who="3" ten="440,110,356,84" step="2"/><T56/><D101/><U4/><E103/><V90/><F75/><W1/><G1/><T50/><D55/><U24/><E100/><V69/><F53/><W72/><G72/><T94/><D52/><U71/><E87/><V3/><F3/><W12/><G12/><T76/><D40/><U58/><E63/><V129/><F129/><W131/><G131/><T110/><D110/><U99/><E99/><V22/><F13/><W108/><G108/><T6/><D76/><U54/><E54/><V93/><F107/><W70/><G70/><T116/><D77/><U66/><E66/><V37/><F69/><W92/><G92/><T125/><D94/><U51/><REACH who="1" step="1"/><E47/><REACH who="1" ten="440,100,356,84" step="2"/><V25/><F44/><W85/><G85/><T122/><D122/><U26/><E26/><AGARI ba="1,2" hai="20,26,31,36,41,46,59,60,67,78,80,84,88,91" machi="26" ten="40,2600,0" yaku="1,1,54,1,53,0" doraHai="32" doraHaiUra="127" who="3" fromWho="1" sc="440,0,100,-29,356,0,84,49" /><INIT seed="3,0,0,0,3,16" ten="440,71,356,133" oya="3" hai0="81,121,14,113,132,29,34,106,133,74,18,15,101" hai1="83,40,85,20,35,63,1,32,68,9,3,112,54" hai2="108,82,72,41,115,55,114,134,52,43,11,97,44" hai3="91,130,80,67,92,103,79,129,111,104,31,17,50"/><W105/><G31/><T135/><D121/><U102/><E112/><V51/><F108/><W57/><G17/><T36/><D36/><U122/><E122/><V88/><F134/><W59/><G67/><T6/><D113/><U86/><E40/><V95/><F115/><W53/><G59/><T19/><D101/><U45/><E102/><V46/><F114/><W93/><G103/><T27/><D106/><U39/><E39/><V96/><F11/><W98/><G93/><T119/><D119/><U66/><E45/><V120/><F120/><W90/><G91/><T13/><D6/><U118/><E54/><V77/><REACH who="2" step="1"/><F96/><REACH who="2" ten="440,71,346,133" step="2"/><W64/><G111/><T47/><D47/><U126/><E118/><V26/><F26/><W71/><G98/><T30/><D30/><U25/><E126/><V84/><F84/><W48/><G130/><T49/><D49/><AGARI ba="0,1" hai="41,43,44,46,49,51,52,55,72,77,82,88,95,97" machi="49" ten="30,12000,2" yaku="1,1,7,1,9,1,54,2,53,1" doraHai="16" doraHaiUra="89" who="2" fromWho="0" sc="440,-120,71,0,346,130,133,0" owari="320,12.0,71,-42.9,476,57.6,133,-26.7" /></mjloggm>