<mjloggm ver="2.3"><GO type="225" lobby="0"/><UN n0="%E3%81%9F%E3%81%93%E2%98%86%E7%84%BC%E3%81%8D" n1="%E5%B8%86%E7%AB%8B%E5%A4%8F%E8%A1%A3" n2="%6D%75%75%6D%75%72%61" n3="%E8%81%B7%E6%A5%AD%E3%80%81%E9%A2%A8%32" dan="16,17,16,16" rate="2140.93,2132.52,2130.66,2109.76" sx="M,M,F,M"/><TAIKYOKU oya="0"/><INIT seed="0,0,0,3,0,37" ten="250,250,250,250" oya="0" hai0="124,89,4,8,29,5,135,112,118,120,50,106,14" hai1="43,39,73,84,130,21,68,83,7,31,116,64,114" hai2="75,44,108,65,17,92,9,125,53,123,99,51,100" hai3="121,129,48,54,94,70,85,88,57,59,34,96,86"/><T0/><D106/><U63/><E116/><V20/><F108/><W93/><G34/><T134/><D118/><U49/><E130/><V105/><F125/><W110/><G70/><T40/><D112/><U36/><E114/><V24/><F123/><W109/><G121/><T11/><D120/><U90/><E73/><V77/><F65/><W27/><G129/><T62/><D62/><U81/><E81/><V47/><F75/><W13/><G27/><T82/><D29/><U2/><E31/><V25/><F77/><W132/><G132/><N who="0" m="50731" /><D124/><U119/><E21/><V79/><F79/><W111/><G13/><T101/><D101/><U3/><E119/><V80/><F80/><W127/><G127/><T102/><D102/><U113/><E113/><V23/><F9/><W95/><G59/><T33/><D33/><U115/><E115/><V41/><F105/><W52/><G54/><T91/><D82/><U71/><E71/><V22/><REACH who="2" step="1"/><F25/><REACH who="2" ten="250,250,240,250" step="2"/><W126/><G126/><T56/><D56/><U15/><E83/><V87/><F87/><AGARI ba="0,1" hai="48,52,57,85,86,87,88,93,94,95,96,109,110,111" machi="87" ten="40,5200,0" yaku="14,1,54,2" doraHai="37" who="3" fromWho="2" sc="250,0,250,0,240,-52,250,62" /><INIT seed="1,0,0,5,3,49" ten="250,250,188,312" oya="1" hai0="32,51,6,103,60,120,44,16,10,86,5,130,47" hai1="99,69,106,14,36,13,102,23,33,126,22,63,79" hai2="8,1,105,46,67,30,43,80,93,71,66,85,81" hai3="26,61,100,7,20,40,133,35,11,109,19,57,122"/><U45/><E126/><V83/><F105/><W29/><G109/><T116/><D32/><U72/><E23/><V2/><F30/><W87/><G122/><T65/><D130/><U82/><E22/><V110/><F110/><W38/><G133/><T124/><D44/><U118/><E118/><V37/><F71/><W134/><G134/><T114/><D114/><U88/><E33/><V115/><F115/><W75/><G75/><T91/><D103/><U121/><E121/><V27/><F27/><W94/><G40/><T111/><D124/><U50/><E36/><V53/><F53/><W131/><G38/><T96/><D96/><U92/><E63/><V56/><F56/><W112/><G112/><T24/><D24/><U64/><E64/><V15/><F93/><W101/><G131/><T108/><D116/><U98/><E69/><V104/><F85/><W54/><G87/><T129/><D129/><U3/><E3/><V59/><F104/><W119/><G94/><T39/><D39/><U58/><E58/><V84/><F84/><W62/><G62/><T4/><D60/><U68/><E68/><V89/><F59/><W31/><G31/><T21/><D65/><U48/><E48/><V52/><F67/><W12/><G119/><T34/><D86/><U107/><E107/><V77/><F66/><W135/><G135/><T90/><D120/><U28/><E28/><V78/><F37/><W17/><G17/><T9/><D16/><U132/><E132/><V76/><F1/><AGARI ba="0,0" hai="1,7,11,12,19,20,26,29,35,54,57,61,100,101" machi="1" ten="30,7700,0" yaku="7,1,24,2,52,1" doraHai="49" who="3" fromWho="2" sc="250,0,250,0,188,-77,312,77" /><INIT seed="2,0,0,2,2,102" ten="250,250,111,389" oya="2" hai0="8,12,10,5,75,47,92,74,99,23,13,56,34" hai1="94,61,85,72,43,66,71,65,88,44,121,6,82" hai2="31,114,97,28,128,3,42,35,120,7,123,117,84" hai3="19,127,2,16,77,18,36,86,1,27,91,57,0"/><V11/><F114/><W48/><G36/><T125/><D34/><U58/><E121/><V32/><F117/><W89/><G127/><T4/><D125/><U60/><E6/><V106/><F128/><W80/><G27/><T129/><D129/><U14/><E14/><V103/><F42/><W63/><REACH who="3" step="1"/><G48/><REACH who="3" ten="250,250,111,379" step="2"/><T115/><D115/><U101/><E72/><V87/><F120/><W52/><AGARI ba="0,1" hai="0,1,2,16,18,19,52,57,63,77,80,86,89,91" machi="52" ten="40,8000,1" yaku="1,1,2,1,0,1,54,2,53,0" doraHai="102" doraHaiUra="30" who="3" fromWho="3" sc="250,-20,250,-20,111,-40,379,90" /><INIT seed="3,0,0,1,0,56" ten="230,230,71,469" oya="3" hai0="17,92,43,63,62,70,47,42,46,38,120,135,13" hai1="77,127,105,32,37,129,35,53,21,114,22,87,119" hai2="72,14,66,85,10,104,81,59,49,4,125,67,26" hai3="24,124,55,12,16,61,94,98,110,131,80,7,65"/><W8/><G124/><T25/><D25/><U112/><E37/><V20/><F104/><W100/><G131/><T128/><D120/><U41/><E105/><V60/><F72/><W132/><G132/><T36/><D128/><U34/><E129/><V28/><F125/><W89/><G110/><T5/><D5/><U86/><E41/><V134/><F134/><W30/><G80/><T3/><D3/><U44/><E127/><V52/><F49/><W115/><G55/><T109/><D70/><U76/><E119/><V99/><F99/><W58/><G115/><N who="1" m="44074" /><E53/><V102/><F102/><W73/><G73/><T54/><D54/><U48/><E44/><V96/><F96/><W51/><G51/><T9/><D109/><U122/><E48/><V39/><F39/><W113/><G113/><T106/><D106/><U90/><E90/><V18/><F4/><W91/><G7/><T78/><D78/><N who="1" m="30315" /><E122/><V33/><F33/><AGARI ba="0,0" hai="8,12,16,24,30,33,58,61,65,89,91,94,98,100" machi="33" ten="30,5800,0" yaku="7,1,52,1,54,1" doraHai="56" who="3" fromWho="2" sc="230,0,230,0,71,-58,469,58" owari="230,3.0,230,-17.0,13,-48.7,527,62.7" /></mjloggm>