<mjloggm ver="2.3"><GO type="225" lobby="0"/><UN n0="%E5%8D%A0%E3%81%84%E5%B8%AB%E8%A3%8F%E3%81%AA%E3%81%84%E3%81%97" n1="%E3%81%B9%E3%81%A3%E3%81%97%E3%83%BC" n2="%E3%81%AA%E3%81%BE%E3%81%91%E8%80%85" n3="%74%2E%6F%2E%6F%2E%73" dan="17,16,16,18" rate="2209.48,2064.84,2138.97,2147.35" sx="M,M,M,M"/><TAIKYOKU oya="0"/><INIT seed="0,0,0,4,1,16" ten="250,250,250,250" oya="0" hai0="54,126,50,125,56,73,80,119,63,134,19,0,62" hai1="91,112,52,104,12,14,118,122,120,72,79,94,1" hai2="121,82,66,78,103,17,31,3,20,46,111,32,86" hai3="105,9,38,67,87,27,129,109,26,29,22,108,24"/><T98/><D119/><U135/><E118/><V81/><F121/><W89/><G38/><T128/><D0/><U77/><E104/><V61/><F3/><W114/><G105/><T68/><D134/><U11/><E1/><V131/><F131/><W21/><G114/><T116/><D116/><U30/><E135/><V96/><F111/><N who="3" m="42571" /><G129/><T18/><D128/><U70/><E70/><V113/><F113/><W133/><G133/><T41/><D98/><U40/><E112/><V88/><F46/><W28/><G67/><N who="0" m="41079" /><D63/><U101/><E101/><V110/><F110/><W8/><G27/><T92/><D92/><AGARI ba="0,0" hai="8,9,21,22,24,26,28,29,87,89,92" m="42571" machi="92" ten="30,3900,0" yaku="14,1,52,2" doraHai="16" who="3" fromWho="0" sc="250,-39,250,0,250,0,250,39" /><INIT seed="1,0,0,1,4,16" ten="211,250,250,289" oya="1" hai0="88,59,29,36,30,125,53,44,3,54,79,114,31" hai1="56,72,62,122,112,104,18,34,23,91,21,124,71" hai2="129,58,43,61,39,10,70,109,94,20,106,98,14" hai3="74,25,127,135,46,1,4,75,131,120,119,102,38"/><U84/><E112/><V22/><F106/><W50/><G120/><T0/><D114/><U63/><E122/><V32/><F32/><W103/><G38/><T7/><D125/><U76/><E34/><V105/><F105/><W116/><G127/><T9/><D79/><U35/><E35/><V69/><F109/><W77/><G25/><T73/><D73/><N who="3" m="27657" /><G77/><T28/><N who="0" m="7168" /><DORA hai="24" /><T113/><D113/><U96/><E124/><V15/><F129/><W118/><G131/><T99/><D0/><U26/><E71/><V108/><F15/><W95/><G95/><T48/><D36/><U115/><E115/><V128/><F108/><W132/><G4/><T130/><D130/><U37/><E37/><V45/><F69/><W134/><G1/><T87/><D99/><U13/><E72/><V40/><F40/><AGARI ba="0,0" hai="40,46,50,102,103,116,118,119,132,134,135" m="27657" machi="40" ten="40,2600,0" yaku="12,1,20,1" doraHai="16,24" who="3" fromWho="2" sc="211,0,250,0,250,-26,289,26" /><INIT seed="2,0,0,2,4,72" ten="211,250,224,315" oya="2" hai0="75,22,78,113,129,0,70,40,54,37,131,10,115" hai1="68,35,13,94,71,55,5,77,45,135,61,73,9" hai2="127,114,81,128,44,105,15,59,104,12,62,36,39" hai3="92,27,95,46,23,31,106,96,111,76,79,38,34"/><V24/><F114/><N who="0" m="43530" /><D22/><U3/><E135/><V21/><F128/><N who="0" m="49226" /><D54/><U47/><E35/><V91/><F127/><W124/><G106/><T30/><D30/><U69/><E3/><V1/><F1/><W89/><G111/><T67/><D0/><U53/><E94/><V130/><F105/><W117/><G117/><T41/><D10/><U103/><E103/><V26/><F104/><W98/><G124/><T116/><D116/><U11/><E11/><V97/><F130/><W65/><G65/><T88/><D37/><U90/><E90/><V8/><F39/><W118/><G118/><T42/><D88/><U82/><REACH who="1" step="1"/><E55/><REACH who="1" ten="211,240,224,315" step="2"/><V86/><F8/><W134/><G134/><T80/><D67/><U19/><E19/><V20/><F20/><W107/><G107/><T58/><D70/><U132/><E132/><V133/><F133/><W64/><G64/><T51/><D58/><AGARI ba="0,1" hai="5,9,13,45,47,53,58,61,68,69,71,73,77,82" machi="58" ten="40,2600,0" yaku="1,1,52,1,53,0" doraHai="72" doraHaiUra="93" who="1" fromWho="0" sc="211,-26,240,36,224,0,315,0" /><INIT seed="3,0,0,0,5,118" ten="185,276,224,315" oya="3" hai0="15,1,21,94,34,120,114,32,121,117,19,135,103" hai1="12,71,61,20,57,36,80,60,17,3,74,110,95" hai2="111,40,41,66,77,51,101,68,116,35,7,56,46" hai3="129,97,63,59,72,5,26,9,86,100,98,14,30"/><W106/><G72/><T87/><D117/><U43/><E3/><V6/><F116/><W58/><G129/><T115/><D1/><U124/><E110/><V44/><F111/><W23/><G63/><T38/><D38/><U99/><E124/><V25/><F68/><W91/><G97/><N who="0" m="59831" /><D87/><U67/><E43/><V54/><F101/><W128/><G128/><T47/><D47/><U39/><E80/><AGARI ba="0,0" hai="5,9,14,23,26,30,58,59,80,86,91,98,100,106" machi="80" ten="30,1500,0" yaku="7,1" doraHai="118" who="3" fromWho="1" sc="185,0,276,-15,224,0,315,15" owari="185,-31.5,261,6.1,224,-17.6,330,43.0" /></mjloggm>