<mjloggm ver="2.3"><GO type="225" lobby="0"/><UN n0="%E3%81%B5%E3%81%98%E3%81%8B%E3%81%A4" n1="%E3%82%BC%E3%83%AB%E3%83%80%E3%81%AE%E4%BC%9D%E8%AA%AC" n2="%E4%BF%BA%E3%81%A8%E5%A6%96%E5%A4%A2" n3="%E3%82%80%E3%83%BC%E3%82%93%E3%81%82%E3%81%84%E3%81%9A" dan="17,17,17,16" rate="2208.45,2217.22,2196.38,2144.21" sx="M,M,F,M"/><TAIKYOKU oya="0"/><INIT seed="0,0,0,3,4,114" ten="250,250,250,250" oya="0" hai0="110,71,80,9,18,46,47,16,101,91,122,32,19" hai1="25,4,26,50,63,119,113,85,20,111,70,66,83" hai2="89,14,44,60,87,75,31,13,93,64,97,10,134" hai3="42,22,36,0,99,112,48,129,73,1,107,45,33"/><T76/><D122/><U37/><E37/><V52/><F75/><W126/><G33/><T27/><D71/><U118/><E111/><V95/><F134/><W28/><G112/><T35/><D110/><U104/><E104/><V65/><F31/><W106/><G73/><T7/><D101/><U39/><E39/><V24/><F24/><W102/><G107/><T120/><D120/><U103/><E113/><V51/><F60/><W53/><G126/><T78/><D91/><U40/><E103/><V12/><REACH who="2" step="1"/><F10/><REACH who="2" ten="250,250,240,250" step="2"/><W117/><G28/><T56/><D27/><U79/><E26/><V131/><F131/><W77/><G129/><T108/><D108/><U116/><E4/><V30/><F30/><W121/><G121/><T90/><D7/><U98/><E98/><V125/><F125/><W100/><G99/><T84/><D9/><U5/><E5/><V34/><F34/><W123/><G123/><T81/><D35/><U96/><E96/><V72/><F72/><W74/><G74/><N who="0" m="43031" /><D32/><U15/><E25/><V17/><F17/><W68/><G22/><T69/><D19/><U124/><E124/><V55/><F55/><W92/><G53/><T54/><D18/><N who="1" m="10335" /><E119/><V109/><F109/><W86/><G1/><T115/><D115/><U82/><E118/><V62/><F62/><W49/><G0/><T57/><D16/><U43/><E116/><V132/><F132/><W67/><G117/><T94/><D54/><U6/><E6/><V130/><F130/><W61/><G61/><T8/><D8/><U21/><E21/><V2/><F2/><W29/><G29/><RYUUKYOKU ba="0,1" sc="250,-10,250,-10,240,30,250,-10" hai2="12,13,14,44,51,52,64,65,87,89,93,95,97" /><INIT seed="1,1,1,3,4,57" ten="240,240,270,240" oya="1" hai0="124,55,121,52,40,23,77,115,70,63,74,123,45" hai1="43,19,96,89,91,59,90,53,82,26,16,11,105" hai2="127,5,129,135,37,6,18,42,17,47,28,71,88" hai3="69,72,108,130,120,58,131,54,64,99,24,102,100"/><U51/><E43/><V46/><F71/><W8/><G120/><N who="0" m="46155" /><D74/><U27/><E105/><V84/><F135/><W76/><G108/><T79/><D115/><U73/><E96/><V67/><F129/><N who="3" m="49163" /><G64/><N who="0" m="41247" /><D124/><U50/><E50/><V107/><F107/><W78/><G69/><T68/><D68/><U134/><E134/><V38/><F67/><W81/><G78/><N who="0" m="29707" /><D23/><N who="1" m="13671" /><E73/><V94/><F28/><W39/><G39/><AGARI ba="1,1" hai="39,40,45,52,55" m="29707,41247,46155" machi="39" ten="30,3900,0" yaku="13,1,52,1,54,1" doraHai="57" who="0" fromWho="3" sc="240,52,240,0,270,0,240,-42" /><INIT seed="2,0,0,0,1,121" ten="292,240,270,198" oya="2" hai0="111,33,51,29,0,85,98,71,135,52,95,41,125" hai1="56,104,88,20,30,89,36,23,21,106,92,1,72" hai2="50,114,113,37,59,15,57,19,61,74,58,117,76" hai3="42,105,102,25,22,126,99,18,8,65,77,73,78"/><V35/><F35/><W24/><G126/><T69/><D111/><U84/><E72/><V109/><F117/><W131/><G131/><T43/><D125/><U129/><E129/><V83/><F37/><W115/><G115/><T128/><D0/><U60/><E36/><V38/><F38/><W64/><G42/><T39/><D85/><U101/><E1/><V119/><F119/><W67/><G73/><T130/><D33/><U12/><E30/><V31/><F31/><W44/><G44/><N who="0" m="23615" /><D29/><U108/><E108/><V79/><F79/><W86/><G8/><T2/><D2/><U116/><E116/><V48/><F109/><W10/><G10/><T6/><D6/><U112/><E112/><V11/><F113/><W32/><G86/><T97/><D97/><U63/><E63/><V47/><F114/><W26/><REACH who="3" step="1"/><G32/><REACH who="3" ten="292,240,270,188" step="2"/><T17/><D128/><U103/><E84/><V9/><F11/><W53/><G53/><T16/><D43/><U68/><E23/><V5/><F5/><W70/><G70/><T90/><D130/><U100/><E68/><V66/><F47/><W75/><G75/><T28/><D71/><U132/><E21/><V54/><F54/><W34/><G34/><T127/><D69/><U27/><E20/><V45/><F45/><W122/><G122/><T93/><D127/><U14/><E56/><V107/><F57/><W94/><G94/><T46/><D95/><U82/><E92/><V123/><F123/><W133/><G133/><T62/><D135/><U91/><E132/><V49/><F59/><W4/><G4/><T7/><D7/><RYUUKYOKU ba="0,1" sc="292,-15,240,-15,270,15,188,15" hai2="9,15,19,48,49,50,58,61,66,74,76,83,107" hai3="18,22,24,25,26,64,65,67,77,78,99,102,105" /><INIT seed="2,1,1,1,2,21" ten="277,225,285,203" oya="2" hai0="46,5,85,55,15,108,33,10,56,101,41,86,65" hai1="134,104,29,38,83,48,91,97,78,75,95,1,20" hai2="58,72,87,73,115,16,106,119,88,39,49,11,57" hai3="37,82,60,129,93,4,12,54,69,98,34,31,124"/><V79/><F115/><W99/><G129/><T77/><D108/><U107/><E38/><V80/><F39/><W100/><G37/><T135/><D135/><U96/><E1/><V105/><F119/><W92/><G124/><T7/><D101/><U27/><E134/><V131/><F131/><W6/><G82/><N who="0" m="47311" /><D33/><U133/><E133/><V14/><F73/><W44/><G12/><T94/><D65/><U120/><E120/><V70/><F70/><W121/><G121/><T123/><D123/><U30/><E30/><V61/><F49/><W25/><G44/><T64/><D64/><U84/><REACH who="1" step="1"/><E48/><REACH who="1" ten="277,215,285,203" step="2"/><V28/><F28/><W50/><G50/><N who="0" m="30839" /><D41/><U132/><E132/><V45/><F45/><W3/><G3/><T130/><D46/><U127/><E127/><V52/><F58/><W53/><G60/><T71/><D130/><U74/><E74/><V22/><F11/><W24/><G31/><T59/><D59/><U63/><E63/><V76/><F76/><W19/><G34/><T66/><D71/><U36/><E36/><V114/><F114/><W68/><G100/><T43/><D43/><U40/><E40/><V113/><F113/><W47/><G47/><T18/><D66/><U111/><E111/><V116/><F116/><W112/><G112/><T102/><D102/><U81/><E81/><AGARI ba="1,2" hai="14,16,22,52,57,61,72,79,80,81,87,88,105,106" machi="81" ten="30,11600,0" yaku="7,1,54,3" doraHai="21" who="2" fromWho="1" sc="277,0,215,-119,285,139,203,0" /><INIT seed="2,2,0,5,3,135" ten="277,96,424,203" oya="2" hai0="69,16,108,31,40,75,133,80,49,129,2,44,48" hai1="104,37,58,0,12,4,36,101,55,73,35,134,33" hai2="79,86,26,77,93,107,13,47,116,76,65,15,70" hai3="42,126,120,131,97,53,124,1,110,64,59,89,21"/><V7/><F107/><W114/><G120/><T127/><D133/><U82/><E12/><V132/><F116/><W96/><G110/><T72/><D69/><U22/><E22/><V100/><F132/><W102/><G131/><T20/><D2/><U6/><E134/><V41/><F65/><W56/><G114/><T81/><D129/><U117/><E117/><V105/><F70/><W57/><G1/><T29/><D108/><U66/><E55/><V10/><F105/><W27/><G64/><T67/><D67/><U62/><E6/><V74/><F74/><W24/><G42/><T23/><D40/><U125/><E58/><V52/><F26/><N who="3" m="9771" /><G21/><T71/><D71/><N who="1" m="42455" /><E82/><V54/><F15/><W113/><G113/><T30/><D30/><U78/><E78/><V95/><F95/><N who="3" m="56431" /><G53/><T112/><D112/><U39/><E73/><V90/><REACH who="2" step="1"/><F100/><REACH who="2" ten="277,96,414,203" step="2"/><W123/><G123/><T106/><D106/><U128/><E128/><V121/><F121/><W51/><G102/><T94/><D94/><U103/><E103/><V85/><F85/><W99/><G51/><AGARI ba="2,1" hai="7,10,13,41,47,51,52,54,76,77,79,86,90,93" machi="51" ten="40,12000,1" yaku="1,1,8,1,54,1,53,1" doraHai="135" doraHaiUra="9" who="2" fromWho="3" sc="277,0,96,0,414,136,203,-126" /><INIT seed="2,3,0,0,3,88" ten="277,96,550,77" oya="2" hai0="84,17,47,109,53,64,5,71,28,108,8,33,93" hai1="102,118,2,107,24,54,131,119,55,101,43,83,22" hai2="106,91,41,67,11,127,123,6,111,130,38,103,23" hai3="57,68,50,122,104,73,133,15,1,76,34,56,18"/><V7/><F123/><W70/><G1/><T126/><D126/><U120/><E2/><V90/><F127/><W4/><G34/><T52/><D17/><U29/><E43/><V42/><F130/><W81/><G122/><T92/><D84/><U45/><E120/><V96/><F111/><N who="0" m="42570" /><D71/><U87/><E131/><V80/><F67/><W77/><G104/><T97/><D64/><U65/><E65/><V78/><F23/><W3/><G133/><T113/><D47/><U31/><E45/><V72/><F7/><W105/><G105/><T14/><D113/><U69/><E69/><V32/><F32/><W25/><G70/><T0/><D14/><U134/><E134/><V26/><F26/><W115/><G68/><T35/><D93/><U125/><E125/><V19/><F19/><W62/><G77/><T63/><D63/><U89/><E31/><V40/><F38/><W30/><G115/><T44/><D44/><U117/><E107/><V21/><F21/><N who="3" m="15663" /><G50/><T49/><D49/><U95/><E83/><V61/><F61/><W36/><G36/><T128/><D128/><U100/><AGARI ba="3,0" hai="22,24,29,54,55,87,89,95,100,101,102,117,118,119" machi="100" ten="40,2700,0" yaku="0,1,52,1" doraHai="88" who="1" fromWho="1" sc="277,-10,96,36,550,-16,77,-10" /><INIT seed="3,0,0,1,1,57" ten="267,132,534,67" oya="3" hai0="66,54,15,53,83,43,76,6,127,93,67,11,7" hai1="35,21,101,64,132,24,75,12,65,33,47,122,46" hai2="131,96,135,52,114,41,125,86,18,117,0,13,128" hai3="108,92,91,97,9,73,118,59,62,106,68,82,10"/><W78/><G118/><T119/><D127/><U23/><E75/><V79/><F117/><W31/><G68/><T105/><D105/><U69/><E12/><V50/><F114/><W100/><G31/><T107/><D107/><U8/><E8/><V110/><F125/><W1/><G1/><T85/><D7/><U36/><E101/><V87/><F0/><W49/><G49/><T20/><D43/><U44/><E36/><V129/><F41/><W16/><G108/><T45/><D20/><N who="1" m="7755" /><E24/><V116/><F116/><W115/><G16/><T55/><D45/><U56/><E56/><N who="2" m="32791" /><F110/><W5/><G5/><T99/><D119/><U29/><E29/><V134/><F96/><W88/><G115/><T80/><D80/><U28/><E28/><V39/><F39/><W77/><G77/><T111/><D111/><U98/><E98/><V14/><F14/><W25/><G25/><T71/><D71/><U94/><E94/><V63/><F63/><W74/><G74/><T124/><D124/><U133/><E122/><V22/><F79/><W70/><G70/><T102/><AGARI ba="0,0" hai="6,11,15,53,54,55,66,67,76,83,85,93,99,102" machi="102" ten="30,2000,0" yaku="0,1,8,1" doraHai="57" who="0" fromWho="0" sc="267,20,132,-5,534,-5,67,-10" owari="287,8.7,127,-27.3,529,62.9,57,-44.3" /></mjloggm>