<mjloggm ver="2.3"><GO type="225" lobby="0"/><UN n0="%E3%83%B4%E3%82%A3%E3%83%AF%E3%82%B3%E3%82%B0%E3%83%8B" n1="%E9%B3%B3%E6%9D%B1%E3%81%AE%E3%81%86%E3%81%95%E3%81%8E%E3%81%95%E3%82%93" n2="%E3%81%94%E3%81%BE%E3%81%A1%E3%82%83%E3%82%93%36%36" n3="%E6%A0%B9%E5%85%83%E3%81%8B%E3%82%89%E5%90%B9%E3%81%A3%E9%A3%9B%E3%81%B6" dan="16,17,17,17" rate="2118.85,2253.47,2151.41,2227.06" sx="M,M,M,F"/><TAIKYOKU oya="0"/><INIT seed="0,0,0,4,1,2" ten="250,250,250,250" oya="0" hai0="8,129,30,76,117,20,29,118,31,63,135,14,17" hai1="95,100,1,7,124,35,108,111,70,0,60,68,51" hai2="52,6,101,44,89,74,24,98,80,69,34,64,46" hai3="122,21,39,43,92,73,77,19,128,65,13,110,83"/><T87/><D129/><U38/><E38/><V119/><F119/><W105/><G110/><N who="1" m="42026" /><E124/><V50/><F69/><N who="1" m="26729" /><E35/><V116/><F64/><W47/><G128/><T133/><D63/><U57/><E51/><V88/><F116/><N who="0" m="44650" /><D87/><U75/><E75/><V40/><F6/><W112/><G122/><T15/><D76/><U99/><E7/><AGARI ba="0,0" hai="7,8,14,15,17,20,29,30,31,133,135" m="44650" machi="7" ten="30,5800,0" yaku="34,2,52,1" doraHai="2" who="0" fromWho="1" sc="250,58,250,-58,250,0,250,0" /><INIT seed="0,1,0,3,5,28" ten="308,192,250,250" oya="0" hai0="8,114,23,34,61,63,21,70,45,112,10,124,7" hai1="96,95,79,85,97,92,3,9,69,29,48,0,43" hai2="119,50,83,67,4,30,66,65,117,127,122,41,22" hai3="51,20,91,81,18,133,99,16,130,37,76,33,59"/><T68/><D124/><U134/><E134/><V5/><F122/><W100/><G130/><T75/><D75/><U71/><E79/><V88/><F127/><W105/><G133/><T73/><D73/><U2/><E9/><V131/><F131/><W39/><G33/><T17/><D45/><U132/><E132/><V129/><F129/><W118/><G118/><N who="2" m="45065" /><F41/><W89/><G18/><T12/><D17/><U111/><E111/><V1/><F1/><W49/><G91/><T58/><D58/><U107/><E107/><V46/><F30/><W25/><G89/><T19/><D19/><U14/><E14/><V72/><F22/><W103/><G103/><T94/><D7/><N who="2" m="2634" /><F72/><W13/><G13/><T87/><D12/><U26/><E85/><N who="2" m="50239" /><F50/><W15/><G15/><T116/><D116/><U54/><E43/><V31/><F31/><W135/><G51/><T60/><D87/><U55/><E48/><V78/><F46/><W47/><G135/><T115/><D94/><N who="1" m="35883" /><E29/><V38/><F78/><W6/><G59/><T42/><D42/><U56/><E56/><V84/><F84/><W90/><G90/><T121/><D121/><U77/><E77/><V110/><F38/><W106/><G6/><T36/><D36/><U113/><E26/><V123/><F123/><W108/><G39/><T35/><D61/><U104/><E0/><V82/><F82/><W128/><G37/><T86/><D115/><U80/><E113/><V27/><F27/><W125/><G125/><T102/><D86/><U101/><E2/><V120/><F120/><W74/><G128/><T11/><D11/><RYUUKYOKU ba="1,0" sc="308,15,192,-15,250,15,250,-15" hai0="8,10,21,23,34,35,60,63,68,70,102,112,114" hai2="65,66,67,110" /><INIT seed="0,2,0,3,0,12" ten="323,177,265,235" oya="0" hai0="134,25,3,99,123,115,59,68,86,30,9,35,64" hai1="71,38,37,85,75,14,49,36,51,113,117,94,52" hai2="54,81,7,34,58,74,15,114,101,108,46,96,44" hai3="41,124,84,57,1,130,53,43,93,2,16,82,111"/><T109/><D123/><U28/><E117/><V106/><F114/><W88/><G111/><T125/><D115/><U105/><E113/><V66/><F66/><W11/><G124/><T91/><D68/><U126/><E75/><V56/><F108/><W23/><G130/><T70/><D70/><U116/><E116/><V87/><F74/><W121/><G121/><T24/><D109/><U79/><E105/><V92/><F106/><W76/><G2/><T29/><D99/><U26/><E71/><V89/><F34/><W40/><G1/><T27/><D134/><U4/><E126/><V135/><F135/><W67/><G11/><T128/><D128/><U104/><E104/><V131/><F131/><W65/><G82/><T80/><D125/><U39/><E51/><N who="2" m="29031" /><F46/><W78/><G67/><T98/><D98/><U21/><E39/><V10/><AGARI ba="2,0" hai="7,10,15,56,58,81,87,89,92,96,101" m="29031" machi="10" ten="30,1100,0" yaku="8,1" doraHai="12" who="2" fromWho="2" sc="323,-7,177,-5,265,17,235,-5" /><INIT seed="1,0,0,3,2,44" ten="316,172,282,230" oya="1" hai0="15,66,95,52,13,30,64,83,132,21,71,89,59" hai1="116,57,131,70,130,0,63,101,42,7,40,108,29" hai2="4,110,124,106,26,12,41,135,79,33,113,86,127" hai3="24,123,25,8,93,69,20,76,84,1,22,94,104"/><U74/><E74/><V54/><F106/><W48/><G104/><T68/><D132/><U115/><E101/><V100/><F100/><W19/><G69/><T96/><D68/><U46/><E29/><N who="2" m="19639" /><F135/><W60/><G123/><T14/><D71/><U6/><E115/><V35/><F35/><W85/><G60/><N who="0" m="35943" /><D83/><U102/><E116/><V134/><F113/><W97/><G1/><T38/><D38/><U72/><E72/><V10/><F134/><W114/><G8/><T105/><D105/><U107/><E108/><V31/><F31/><N who="3" m="17799" /><G76/><T77/><D77/><U18/><E70/><V80/><F54/><W92/><G114/><T9/><D9/><U61/><E0/><V81/><F81/><W91/><G48/><T62/><D62/><U50/><E63/><V32/><F32/><W133/><G133/><T75/><D75/><U27/><E61/><V58/><F110/><W56/><G56/><T119/><D119/><U65/><E57/><V118/><F58/><W55/><G55/><T11/><D11/><U34/><E34/><V47/><F118/><W99/><G93/><T2/><D2/><U67/><E107/><V37/><F37/><W43/><G43/><T112/><D112/><U28/><E40/><V88/><F79/><W103/><AGARI ba="0,0" hai="19,22,25,84,85,91,92,94,97,99,103" m="17799" machi="103" ten="30,1100,0" yaku="8,1" doraHai="44" who="3" fromWho="3" sc="316,-3,172,-5,282,-3,230,11" /><INIT seed="2,0,0,2,5,69" ten="313,167,279,241" oya="2" hai0="95,111,109,49,1,5,127,125,57,108,118,73,62" hai1="135,13,121,17,40,41,12,99,60,43,67,74,70" hai2="11,83,102,66,89,8,45,98,20,26,27,131,36" hai3="16,107,119,7,120,90,129,91,94,6,44,34,68"/><V29/><F131/><W87/><G119/><T30/><D118/><U79/><E135/><V54/><F66/><W124/><G120/><T19/><D73/><U72/><E121/><V18/><F83/><N who="3" m="49535" /><G34/><T4/><D30/><U104/><E79/><V133/><F89/><W122/><G124/><N who="0" m="47691" /><D49/><U130/><E130/><V24/><F133/><W59/><G107/><T21/><D95/><U61/><E12/><V101/><F101/><W116/><G68/><T38/><D38/><U14/><E13/><V126/><F126/><W10/><G122/><T88/><D1/><U42/><N who="1" m="10240" /><DORA hai="80" /><U110/><E61/><V128/><F36/><W106/><G44/><T55/><D88/><U56/><E70/><V100/><F128/><W53/><G106/><T22/><D22/><U96/><E110/><V86/><F102/><W78/><G78/><T35/><D35/><U85/><E85/><V115/><F86/><N who="3" m="52599" /><G129/><T58/><D58/><U117/><E117/><V15/><F115/><W65/><G116/><T92/><D92/><U33/><E33/><V114/><F114/><W82/><G82/><T123/><D123/><U81/><E104/><V46/><F46/><W63/><G6/><T132/><D132/><U97/><REACH who="1" step="1"/><E81/><REACH who="1" ten="313,157,279,241" step="2"/><V103/><F98/><W75/><G75/><T23/><D111/><U84/><E84/><V134/><F134/><W3/><G65/><T105/><D105/><U76/><E76/><V28/><F15/><N who="3" m="7287" /><G3/><T52/><D109/><U77/><E77/><V2/><F2/><W9/><G7/><N who="0" m="2635" /><D108/><U113/><E113/><V25/><N who="2" m="6144" /><DORA hai="112" /><V50/><F29/><RYUUKYOKU ba="0,1" sc="313,-15,157,15,279,-15,241,15" hai1="14,17,56,60,67,72,74,96,97,99" hai3="9,53,59,63" /><INIT seed="3,1,1,3,5,98" ten="298,172,264,256" oya="3" hai0="49,70,106,85,104,82,34,105,55,123,15,80,125" hai1="3,30,128,27,17,68,33,133,92,60,72,7,132" hai2="63,31,81,119,42,118,5,18,78,67,75,89,45" hai3="110,40,23,100,59,107,13,56,116,38,96,122,16"/><W88/><G116/><T77/><D123/><U62/><E72/><V41/><F31/><W134/><G122/><T121/><D121/><U1/><E92/><V108/><F108/><W22/><G110/><T103/><D70/><U24/><E68/><V35/><F35/><W84/><G134/><N who="1" m="51818" /><E62/><V61/><F5/><W126/><G126/><T0/><D0/><N who="1" m="75" /><E60/><V87/><F18/><W112/><G112/><T131/><D131/><U2/><N who="1" m="83" /><U37/><DORA hai="64" /><E37/><V135/><F135/><W99/><G23/><T50/><D34/><N who="1" m="20807" /><E7/><V14/><F63/><W21/><G99/><T11/><D125/><U120/><E120/><V20/><F118/><W8/><G56/><T26/><D82/><U83/><E83/><V91/><F119/><W36/><G59/><T47/><D50/><U9/><E128/><V65/><F75/><W58/><G58/><T129/><D129/><U54/><E54/><V44/><F61/><W66/><G66/><N who="2" m="25097" /><F44/><W97/><G97/><T76/><D76/><U115/><E115/><V90/><F45/><W94/><REACH who="3" step="1"/><G38/><REACH who="3" ten="298,172,264,246" step="2"/><T19/><D49/><U79/><E33/><V43/><F20/><W127/><G127/><T114/><D114/><U28/><E28/><V25/><F25/><W48/><G48/><N who="0" m="29087" /><D26/><U111/><E111/><V10/><F14/><W117/><G117/><T102/><D105/><U57/><E57/><V46/><F46/><AGARI ba="1,2" hai="8,13,16,21,22,36,40,46,84,88,94,96,100,107" machi="46" ten="40,18000,2" yaku="1,1,52,1,54,2,53,2" doraHai="98,64" doraHaiUra="93,39" who="3" fromWho="2" sc="298,0,172,0,264,-183,246,203" owari="298,9.8,172,-22.8,81,-41.9,449,54.9" /></mjloggm>