<mjloggm ver="2.3"><GO type="225" lobby="0"/><UN n0="%E6%BC%AB%E6%89%8D%E9%BA%BB%E5%B0%86%E5%91%86%E5%91%86" n1="%E4%B8%AD%E5%B9%B4%E3%81%AE%E5%8D%B1%E6%A9%9F" n2="%E4%B8%8B%E6%AE%B5%E3%83%81%E3%82%A7%E3%83%AA%E3%83%BC" n3="%E6%A0%B9%E5%85%83%E3%81%8B%E3%82%89%E5%90%B9%E3%81%A3%E9%A3%9B%E3%81%B6" dan="16,17,16,17" rate="2060.02,2213.32,2125.96,2233.11" sx="F,M,M,F"/><TAIKYOKU oya="0"/><INIT seed="0,0,0,2,1,33" ten="250,250,250,250" oya="0" hai0="57,20,104,81,99,90,92,79,37,12,121,128,125" hai1="126,97,100,8,124,88,86,109,101,47,25,108,58" hai2="38,5,105,43,120,77,132,83,73,24,45,23,59" hai3="111,51,74,96,40,0,53,10,4,34,110,76,67"/><T112/><D112/><U130/><E47/><V1/><F105/><W127/><G127/><N who="1" m="48682" /><E58/><V116/><F116/><W19/><G34/><T135/><D121/><U68/><E68/><V15/><F120/><W16/><G96/><T56/><D125/><U70/><E70/><V85/><F132/><W55/><G67/><T18/><D37/><U39/><E39/><V95/><F15/><W13/><G76/><T31/><D135/><U6/><E25/><V2/><F5/><W102/><G102/><T9/><D128/><U103/><E130/><V75/><F59/><W49/><G74/><T3/><D104/><U91/><E97/><V41/><F41/><W42/><G13/><T35/><D35/><U28/><E28/><V93/><F93/><W107/><G107/><T14/><D3/><N who="1" m="95" /><E86/><V21/><F21/><W129/><G129/><T26/><REACH who="0" step="1"/><D14/><REACH who="0" ten="240,250,250,250" step="2"/><U11/><E11/><V71/><F75/><AGARI ba="0,1" hai="9,12,18,20,26,31,56,57,75,79,81,90,92,99" machi="75" ten="30,11600,0" yaku="1,1,2,1,7,1,53,1" doraHai="33" doraHaiUra="27" who="0" fromWho="2" sc="240,126,250,0,250,-116,250,0" /><INIT seed="0,1,0,0,1,72" ten="366,250,134,250" oya="0" hai0="97,70,126,50,133,107,33,13,95,14,83,122,127" hai1="27,30,81,42,82,47,92,3,45,89,20,57,58" hai2="90,130,109,123,88,131,35,60,105,28,52,69,44" hai3="124,43,55,8,100,104,22,85,87,129,62,67,66"/><T34/><D122/><U48/><E3/><V84/><F123/><W96/><G124/><N who="0" m="47659" /><D133/><U117/><E117/><V10/><F105/><W39/><G129/><N who="2" m="49161" /><F109/><W132/><G132/><T134/><D70/><U74/><E45/><V125/><F125/><W53/><G22/><T40/><D107/><U5/><E5/><V23/><F35/><N who="0" m="13322" /><D134/><U103/><E103/><V12/><F69/><W68/><G66/><T115/><D115/><U4/><E4/><N who="2" m="3143" /><F84/><W11/><G85/><T2/><D2/><U56/><REACH who="1" step="1"/><E74/><REACH who="1" ten="366,240,134,250" step="2"/><V93/><F93/><W61/><G100/><N who="0" m="60479" /><D83/><U99/><AGARI ba="1,1" hai="20,27,30,42,47,48,56,57,58,81,82,89,92,99" machi="99" ten="30,4000,0" yaku="1,1,0,1,8,1,53,0" doraHai="72" doraHaiUra="29" who="1" fromWho="1" sc="366,-21,240,53,134,-11,250,-11" /><INIT seed="1,0,0,1,5,8" ten="345,293,123,239" oya="1" hai0="106,3,25,120,7,45,17,24,65,32,36,58,116" hai1="92,28,14,20,53,35,44,11,15,29,64,49,26" hai2="9,55,62,108,132,114,84,115,59,12,47,57,82" hai3="52,18,123,67,75,56,128,80,43,48,33,5,88"/><U117/><E117/><V94/><F132/><W91/><G123/><T93/><D116/><U31/><E64/><V104/><F104/><W39/><G33/><T126/><D106/><U4/><E92/><V68/><F108/><W121/><G121/><T119/><D119/><U124/><E124/><V86/><F68/><W103/><G128/><T130/><D120/><U61/><E61/><V79/><F47/><W76/><G103/><T0/><D130/><U99/><E99/><V102/><F115/><W96/><G96/><T77/><D77/><U30/><REACH who="1" step="1"/><E35/><REACH who="1" ten="345,283,123,239" step="2"/><V131/><F114/><W46/><G67/><T135/><D93/><U100/><E100/><V6/><F131/><W70/><G70/><T51/><D65/><U111/><E111/><V22/><F102/><W1/><G18/><T60/><D32/><U122/><E122/><V85/><F94/><W83/><G83/><T63/><D17/><U107/><E107/><V16/><REACH who="2" step="1"/><F59/><REACH who="2" ten="345,283,113,239" step="2"/><W40/><G56/><T113/><D58/><U118/><E118/><V37/><F37/><W97/><G39/><T81/><D36/><U112/><E112/><V74/><F74/><W133/><G75/><T134/><D113/><U38/><E38/><V69/><F69/><W34/><G46/><T27/><D45/><U95/><E95/><V2/><AGARI ba="0,2" hai="2,6,9,12,16,22,55,57,62,79,82,84,85,86" machi="2" ten="20,8000,1" yaku="1,1,0,1,7,1,52,1,54,1,53,0" doraHai="8" doraHaiUra="41" who="2" fromWho="2" sc="345,-20,283,-40,113,100,239,-20" /><INIT seed="2,0,0,1,2,122" ten="325,243,213,219" oya="2" hai0="93,11,111,135,66,124,48,71,117,99,17,20,64" hai1="132,88,120,3,16,84,36,41,118,37,76,89,83" hai2="59,45,62,29,27,80,56,4,2,79,22,131,87" hai3="14,109,44,114,52,108,129,6,9,25,30,85,91"/><V13/><F131/><W121/><G121/><T47/><D111/><N who="3" m="42569" /><G129/><T110/><D110/><U24/><E120/><V53/><F2/><W43/><G114/><T15/><D135/><U70/><E70/><V98/><F98/><W126/><G126/><T18/><D124/><U103/><E3/><V125/><F125/><W106/><G106/><T96/><D71/><U94/><E132/><V5/><F45/><W107/><G107/><T127/><D117/><U46/><E36/><V123/><F123/><W81/><G43/><N who="0" m="24703" /><D127/><U40/><E40/><V10/><REACH who="2" step="1"/><F59/><REACH who="2" ten="325,243,203,219" step="2"/><W128/><G128/><T58/><D58/><U133/><E133/><V51/><F51/><N who="3" m="28775" /><G25/><N who="0" m="14479" /><D96/><U63/><E118/><V100/><F100/><AGARI ba="0,1" hai="11,15,18,64,66,93,99,100" m="14479,24703" machi="100" ten="30,1000,0" yaku="8,1" doraHai="122" who="0" fromWho="2" sc="325,20,243,0,203,-10,219,0" /><INIT seed="3,0,0,3,2,102" ten="345,243,193,219" oya="3" hai0="7,55,99,96,66,71,73,74,63,77,82,107,51" hai1="83,78,135,8,79,115,38,30,110,39,103,28,31" hai2="45,113,67,19,35,126,130,98,123,42,69,72,52" hai3="90,56,18,21,33,131,109,116,16,3,121,48,6"/><W81/><G116/><T32/><D32/><U106/><E115/><V112/><F72/><W124/><G121/><T26/><D7/><U23/><E110/><V104/><F35/><W40/><G124/><T0/><D0/><U64/><E135/><V95/><F126/><W11/><G131/><T100/><D96/><U105/><E103/><V12/><F130/><W9/><G109/><T68/><D26/><U114/><E114/><V118/><F118/><W27/><G33/><T61/><D63/><U70/><E23/><V117/><F117/><W86/><G56/><T94/><D68/><U47/><E8/><V119/><F119/><W132/><G132/><T133/><D133/><U60/><E79/><V50/><F123/><W134/><G134/><T17/><D17/><U29/><N who="1" m="7168" /><DORA hai="93" /><U65/><E65/><V58/><F104/><W75/><G75/><T92/><D73/><U46/><E83/><V122/><F122/><W88/><G90/><T62/><D62/><U91/><E91/><V54/><F67/><W84/><G84/><T89/><D89/><U111/><E78/><V14/><F69/><W5/><G18/><T13/><D13/><N who="2" m="5226" /><F19/><W25/><G25/><T120/><D120/><U80/><E80/><V97/><F54/><W44/><G3/><T125/><D125/><U41/><E111/><V128/><F128/><W22/><G22/><T15/><D15/><U129/><E129/><V20/><F20/><W49/><G49/><T87/><D74/><U101/><E101/><N who="2" m="60607" /><F98/><W59/><G59/><AGARI ba="0,0" hai="51,55,59,61,66,71,77,82,87,92,94,99,100,107" machi="59" ten="30,3900,0" yaku="7,1,52,2" doraHai="102,93" who="0" fromWho="3" sc="345,39,243,0,193,0,219,-39" owari="384,48.4,243,4.3,193,-20.7,180,-32.0" /></mjloggm>