<mjloggm ver="2.3"><GO type="225" lobby="0"/><UN n0="%E5%A4%96%E5%B7%9D%E7%AB%9C%E6%88%90" n1="%E3%81%BF%E3%81%BF%E3%81%9A" n2="%E3%81%86%E3%83%BC%E3%81%B1%E3%83%BC" n3="%E3%83%AD%E3%83%83%E3%83%86%E9%9B%80%E7%90%83" dan="16,17,16,17" rate="2211.33,2164.96,2143.38,2261.20" sx="M,M,M,M"/><TAIKYOKU oya="0"/><INIT seed="0,0,0,1,5,108" ten="250,250,250,250" oya="0" hai0="56,83,68,71,58,14,45,24,61,0,77,134,105" hai1="121,34,26,65,133,81,75,10,44,87,54,109,82" hai2="128,73,72,130,4,76,90,116,46,100,107,98,74" hai3="113,52,104,47,117,25,80,112,19,129,16,36,69"/><T126/><D0/><U20/><E121/><V123/><F4/><W64/><G117/><T49/><D105/><U92/><E34/><V124/><F46/><W18/><G104/><T55/><D126/><U101/><E109/><V39/><F39/><W27/><G129/><N who="2" m="49769" /><F123/><W84/><G64/><T53/><D134/><U5/><E133/><V115/><F124/><W132/><G69/><T50/><D14/><N who="1" m="5455" /><E75/><V35/><F35/><W66/><G66/><T37/><D24/><U91/><E65/><V122/><F122/><W11/><G11/><T60/><D83/><U111/><E101/><V114/><F116/><W99/><G99/><T106/><D77/><U43/><E43/><V120/><F120/><W48/><G36/><T97/><D97/><U103/><E103/><V8/><F8/><W3/><G3/><T41/><D106/><U127/><E111/><V125/><F125/><W40/><G40/><T38/><D38/><U67/><E67/><V78/><F90/><W7/><G7/><T57/><D57/><U86/><E86/><V22/><F22/><W31/><G132/><T6/><D6/><U93/><E81/><V2/><F2/><W51/><G51/><AGARI ba="0,0" hai="37,41,45,49,50,51,53,55,56,58,60,61,68,71" machi="51" ten="40,18000,2" yaku="9,1,35,6" doraHai="108" who="0" fromWho="3" sc="250,180,250,0,250,0,250,-180" /><INIT seed="0,1,0,5,5,24" ten="430,250,250,70" oya="0" hai0="78,53,59,76,123,2,93,63,110,57,96,32,49" hai1="12,77,18,11,106,47,98,131,87,129,6,115,124" hai2="88,42,64,84,33,15,90,39,4,74,48,20,40" hai3="81,34,133,120,95,46,125,132,70,60,73,108,25"/><T19/><D123/><U128/><E124/><V75/><F39/><W17/><G108/><T35/><D2/><U79/><E115/><V117/><F33/><W5/><G125/><T80/><D110/><U16/><E47/><V107/><F107/><W8/><G120/><T119/><D119/><U10/><E87/><V92/><F117/><W29/><G17/><N who="1" m="6762" /><E11/><N who="2" m="4583" /><F75/><W13/><G95/><T23/><D80/><U58/><E58/><V56/><F74/><W127/><G127/><T21/><D32/><U0/><E0/><V67/><F90/><W38/><G46/><T135/><D135/><U97/><E106/><V126/><F20/><N who="0" m="7754" /><D19/><U118/><E118/><V104/><F104/><W112/><G38/><T51/><D35/><U85/><E85/><V102/><F102/><W28/><G112/><T65/><D49/><U44/><E44/><V50/><F126/><W113/><G113/><T105/><D105/><U55/><E55/><N who="2" m="31847" /><F50/><W14/><G14/><T22/><D22/><U82/><E82/><V86/><F86/><W31/><G81/><T68/><D68/><U7/><E6/><V83/><F83/><W99/><G99/><AGARI ba="1,0" hai="7,10,12,77,79,97,98,99,128,129,131" m="6762" machi="99" ten="40,2600,0" yaku="19,1,54,1" doraHai="24" who="1" fromWho="3" sc="430,0,250,29,250,0,70,-29" /><INIT seed="1,0,0,3,4,60" ten="430,279,250,41" oya="1" hai0="98,51,109,134,80,22,46,110,13,64,135,122,9" hai1="17,117,81,111,49,24,75,25,119,44,30,100,70" hai2="68,77,115,123,1,11,31,71,27,90,107,4,5" hai3="102,121,42,103,93,63,126,96,62,79,65,16,69"/><U43/><E100/><V28/><F123/><W130/><G126/><T50/><D122/><U112/><E112/><V101/><F115/><W86/><G130/><T91/><D22/><U87/><E75/><V34/><F90/><W33/><G121/><T127/><D64/><U66/><E17/><V20/><F5/><W36/><G33/><T95/><D80/><U106/><E106/><V113/><F113/><W6/><G6/><N who="0" m="3255" /><D127/><U12/><E12/><V59/><F59/><W83/><G63/><T88/><D51/><U85/><E85/><V32/><F20/><W114/><G114/><T104/><D91/><U89/><E25/><N who="2" m="18447" /><F77/><W133/><G133/><N who="0" m="50699" /><D104/><U58/><E70/><V57/><F57/><W72/><G103/><T38/><D38/><U2/><E2/><V99/><AGARI ba="0,0" hai="1,4,11,27,31,34,68,71,99,101,107" m="18447" machi="99" ten="30,2000,0" yaku="33,2" doraHai="60" who="2" fromWho="2" sc="430,-5,279,-10,250,20,41,-5" /><INIT seed="2,0,0,3,3,124" ten="425,269,270,36" oya="2" hai0="9,42,62,109,82,122,49,60,25,10,100,126,68" hai1="54,115,86,83,107,8,130,78,7,13,67,99,28" hai2="93,77,58,112,96,21,76,30,92,53,29,128,101" hai3="35,55,32,135,108,71,19,85,31,15,57,111,33"/><V80/><F112/><W51/><G71/><T46/><D122/><U69/><E115/><V43/><F128/><W37/><G37/><T38/><D100/><U66/><E130/><V132/><F132/><W95/><G135/><T56/><D82/><U91/><E69/><V89/><F43/><W119/><G119/><T34/><D62/><U97/><E28/><V61/><F21/><W117/><G117/><T94/><D94/><U6/><E107/><V36/><F36/><W52/><G31/><T45/><D45/><U64/><E78/><V118/><F77/><W106/><G106/><T134/><D126/><U27/><E27/><V79/><F76/><W22/><REACH who="3" step="1"/><G55/><REACH who="3" ten="425,269,270,26" step="2"/><N who="0" m="31855" /><D134/><U20/><E54/><V87/><REACH who="2" step="1"/><F118/><REACH who="2" ten="425,269,260,26" step="2"/><W63/><G63/><T74/><D60/><U17/><E20/><V104/><F104/><W125/><G125/><T18/><D42/><U114/><E114/><V75/><AGARI ba="0,2" hai="29,30,53,58,61,75,79,80,87,89,92,93,96,101" machi="75" ten="20,3900,0" yaku="1,1,0,1,7,1,53,0" doraHai="124" doraHaiUra="121" who="2" fromWho="2" sc="425,-13,269,-13,260,59,26,-13" /><INIT seed="2,1,0,4,3,34" ten="412,256,319,13" oya="2" hai0="19,65,121,66,10,52,79,7,103,30,132,85,15" hai1="23,21,17,110,39,131,83,29,20,63,54,111,71" hai2="59,44,88,77,118,4,14,120,87,134,100,95,49" hai3="9,16,81,50,86,37,40,25,24,26,13,82,84"/><V76/><F120/><W43/><G37/><T62/><D121/><U90/><E39/><V94/><F134/><W127/><G127/><T73/><D73/><U28/><E17/><V70/><F70/><W32/><G32/><T0/><D30/><U8/><E8/><N who="2" m="4359" /><F59/><W114/><G114/><T56/><D103/><U47/><E131/><V126/><F118/><W51/><G43/><T125/><D125/><U89/><E47/><V102/><F126/><W41/><G41/><T98/><D98/><U99/><E99/><N who="2" m="59511" /><F102/><W116/><G116/><T75/><D75/><U91/><E83/><V115/><F115/><W112/><G112/><T128/><D128/><U117/><E117/><V96/><F96/><W61/><G61/><T11/><D132/><U55/><E71/><V2/><F2/><W42/><G42/><AGARI ba="1,0" hai="42,44,49,76,77,87,88,95" m="59511,4359" machi="42" ten="30,2900,0" yaku="8,1,54,1" doraHai="34" who="2" fromWho="3" sc="412,0,256,0,319,32,13,-32" owari="412,51.2,256,-14.4,351,15.1,-19,-51.9" /></mjloggm>