<mjloggm ver="2.3"><GO type="225" lobby="0"/><UN n0="%6D%61%74%69%67%75%73%61" n1="%72%65%6E%6B%75%6E" n2="%E3%81%8B%E3%82%8F%E3%81%A1%E3%82%83%E3%82%93%35%38" n3="%E3%81%B5%E3%81%98%E3%81%8B%E3%81%A4" dan="17,17,16,16" rate="2198.15,2227.23,2172.40,2143.00" sx="M,M,M,M"/><TAIKYOKU oya="0"/><INIT seed="0,0,0,5,5,82" ten="250,250,250,250" oya="0" hai0="6,133,60,97,81,26,75,22,43,23,94,90,78" hai1="88,124,119,98,132,102,85,77,123,40,93,117,120" hai2="30,50,24,7,113,76,111,125,71,109,34,89,10" hai3="96,39,4,128,118,1,56,95,58,134,104,35,115"/><T16/><D133/><U33/><E33/><V44/><F71/><W32/><G58/><T48/><D6/><U36/><E36/><V13/><F76/><W86/><G56/><T68/><D23/><U83/><E40/><V9/><F113/><W18/><G18/><T69/><REACH who="0" step="1"/><D60/><REACH who="0" ten="240,250,250,250" step="2"/><U14/><E132/><V38/><F10/><W79/><G4/><T61/><D61/><U126/><E14/><V25/><F25/><W131/><G134/><T53/><D53/><U67/><E67/><V46/><F13/><W28/><G1/><T41/><D41/><U52/><E52/><N who="2" m="29767" /><F9/><W64/><G64/><T29/><D29/><U74/><E120/><V130/><F7/><W110/><G28/><T135/><D135/><U114/><E123/><V72/><F24/><W59/><G115/><T121/><D121/><U99/><E114/><V5/><F5/><W101/><G32/><T45/><AGARI ba="0,1" hai="16,22,26,43,45,48,68,69,75,78,81,90,94,97" machi="45" ten="30,11700,0" yaku="1,1,0,1,54,1,53,1" doraHai="82" doraHaiUra="87" who="0" fromWho="0" sc="240,127,250,-39,250,-39,250,-39" /><INIT seed="0,1,0,1,4,128" ten="367,211,211,211" oya="0" hai0="6,62,122,21,55,112,109,29,93,117,3,124,7" hai1="134,126,111,58,113,95,132,127,53,79,5,103,15" hai2="64,91,67,70,96,86,12,36,33,50,2,82,44" hai3="54,61,19,39,52,56,37,120,57,97,1,102,92"/><T107/><D107/><U80/><E111/><V30/><F2/><W25/><G1/><T125/><D112/><U60/><E113/><V41/><F70/><W87/><G120/><T49/><D122/><U73/><E103/><V90/><F36/><W47/><G47/><T110/><D117/><U63/><E63/><V104/><F33/><W119/><G119/><T69/><D93/><U106/><E106/><V43/><F30/><W51/><G87/><T8/><D6/><U28/><E28/><V72/><F72/><W23/><AGARI ba="1,0" hai="19,23,25,37,39,51,52,54,56,57,61,92,97,102" machi="23" ten="30,2000,0" yaku="0,1,54,1" doraHai="128" who="3" fromWho="3" sc="367,-11,211,-6,211,-6,211,23" /><INIT seed="1,0,0,5,3,62" ten="356,205,205,234" oya="1" hai0="39,115,41,43,75,102,18,56,95,45,107,97,19" hai1="27,96,130,61,59,126,71,134,99,117,44,30,128" hai2="127,23,91,3,28,16,67,37,109,15,17,29,25" hai3="58,20,70,10,2,123,101,80,34,54,26,78,111"/><U9/><E117/><V104/><F37/><W65/><G123/><T93/><D115/><U94/><E71/><V51/><F104/><W113/><G101/><T13/><D75/><U69/><E69/><V110/><F91/><W83/><G113/><T105/><D41/><U49/><E126/><V11/><F51/><W38/><G34/><T52/><D107/><U50/><E9/><N who="2" m="6255" /><F67/><W77/><G111/><N who="2" m="42505" /><F127/><W122/><G38/><T64/><D64/><N who="1" m="38975" /><E134/><V81/><F81/><N who="3" m="31307" /><G2/><T68/><D68/><U85/><E85/><V125/><F125/><W114/><G70/><T87/><D87/><U57/><E57/><V22/><F22/><W92/><G114/><T82/><D82/><U98/><E94/><V100/><F100/><W88/><G65/><T73/><D73/><U121/><E44/><V72/><F72/><W53/><G10/><T131/><D95/><U79/><E79/><N who="3" m="30218" /><G58/><T135/><D105/><U32/><E121/><V12/><F3/><W132/><G132/><T36/><D135/><U35/><E35/><V120/><F120/><W6/><G122/><T90/><D36/><U7/><E50/><V40/><F40/><W33/><G33/><T5/><D102/><U4/><E49/><V118/><F118/><W86/><G6/><AGARI ba="0,0" hai="6,11,12,17,23,25,28,29" m="42505,6255" machi="6" ten="30,7700,0" yaku="14,1,34,2,54,1" doraHai="62" who="2" fromWho="3" sc="356,0,205,0,205,77,234,-77" /><INIT seed="2,0,0,2,0,78" ten="356,205,282,157" oya="2" hai0="77,80,49,37,10,5,60,85,20,52,116,40,112" hai1="34,107,81,86,39,9,56,61,6,51,102,23,104" hai2="7,129,54,1,65,72,73,42,15,43,57,122,19" hai3="126,58,125,96,121,127,74,53,28,38,115,135,132"/><V75/><F122/><W32/><G121/><T105/><D112/><U11/><E34/><V46/><F129/><W0/><G115/><T71/><D105/><U3/><E39/><V131/><F131/><W12/><G38/><T48/><D116/><U114/><E114/><V22/><F65/><W87/><G74/><T16/><D37/><U62/><E23/><V79/><F79/><W64/><G64/><T82/><D71/><U90/><E11/><V76/><F76/><W59/><G0/><T101/><D101/><U27/><E27/><V106/><F106/><W108/><G96/><T8/><D80/><U70/><E70/><V69/><F69/><W66/><G12/><N who="0" m="5199" /><D8/><U33/><E33/><V21/><F7/><W18/><G18/><T103/><D103/><U36/><E36/><V29/><F46/><W13/><G13/><N who="0" m="9231" /><D40/><U133/><E133/><N who="3" m="51274" /><G32/><T63/><D48/><U47/><E102/><V2/><F2/><W26/><G87/><T134/><D134/><U100/><E100/><V97/><F97/><W31/><G26/><T89/><D77/><U99/><E99/><V117/><F1/><W88/><G108/><T44/><AGARI ba="0,0" hai="44,49,52,60,63,82,85,89" m="9231,5199" machi="44" ten="30,7900,0" yaku="8,1,52,1,54,2" doraHai="78" who="0" fromWho="0" sc="356,79,205,-20,282,-39,157,-20" /><INIT seed="3,0,0,1,2,129" ten="435,185,243,137" oya="3" hai0="132,104,53,133,134,16,87,5,11,50,130,110,121" hai1="25,40,48,115,31,9,29,117,57,98,58,60,108" hai2="79,125,135,92,118,20,88,4,114,63,131,8,33" hai3="67,97,41,94,6,42,103,49,54,17,24,73,89"/><W93/><G73/><T55/><D130/><U76/><E115/><V105/><F33/><W15/><G67/><T59/><D110/><U18/><E108/><V69/><F105/><W101/><G6/><T86/><D121/><U13/><E117/><V84/><F114/><W27/><G27/><T124/><D124/><U77/><E98/><V2/><F118/><W96/><G24/><T127/><D127/><U46/><E57/><V39/><F39/><W52/><G89/><T28/><D104/><U107/><E107/><V36/><F36/><W71/><G71/><T111/><D111/><U120/><E120/><V126/><F131/><W51/><G17/><T3/><D28/><N who="1" m="10827" /><E25/><V123/><F79/><W7/><G7/><T85/><D53/><AGARI ba="0,0" hai="9,13,18,40,46,48,53,58,60,76,77" m="10827" machi="53" ten="30,1000,0" yaku="8,1" doraHai="129" who="1" fromWho="0" sc="435,-10,185,10,243,0,137,0" owari="425,52.5,195,-20.5,243,4.3,137,-36.3" /></mjloggm>