<mjloggm ver="2.3"><GO type="225" lobby="0"/><UN n0="%E3%81%8F%E3%81%BE%E3%81%96%E3%82%8F" n1="%E6%98%93%E5%88%A9%E8%96%A9%E4%BC%AF" n2="%72%61%6B%33" n3="%66%72%61%63%74%75%72%65" dan="16,16,16,16" rate="2052.58,2112.77,2212.21,2040.24" sx="M,F,M,M"/><TAIKYOKU oya="0"/><INIT seed="0,0,0,2,4,95" ten="250,250,250,250" oya="0" hai0="36,115,90,87,80,33,72,64,135,58,77,112,62" hai1="44,94,34,81,127,38,14,71,69,101,66,61,132" hai2="109,57,12,24,59,103,79,45,83,19,100,13,118" hai3="55,82,106,122,10,39,102,105,7,120,73,49,124"/><T113/><D33/><U27/><E127/><V88/><F109/><W114/><G39/><T74/><D36/><U68/><E132/><V130/><F130/><W26/><G114/><T110/><D135/><U134/><E134/><V9/><F118/><W29/><G124/><T31/><D31/><U63/><E81/><V4/><F24/><W20/><G82/><T133/><D133/><U53/><E14/><V92/><F45/><W1/><G73/><T21/><D110/><U116/><E116/><V2/><F2/><W46/><REACH who="3" step="1"/><G102/><REACH who="3" ten="250,250,250,240" step="2"/><N who="2" m="38953" /><F83/><W52/><G52/><T131/><D131/><U96/><E53/><V23/><F79/><W22/><G22/><T37/><D37/><U107/><E63/><V56/><F56/><W129/><G129/><T128/><D128/><U25/><E94/><V125/><F125/><W126/><G126/><T8/><D21/><U15/><E34/><V104/><F104/><AGARI ba="0,1" hai="1,7,10,20,26,29,46,49,55,104,105,106,120,122" machi="104" ten="40,1300,0" yaku="1,1,53,0" doraHai="95" doraHaiUra="78" who="3" fromWho="2" sc="250,0,250,0,250,-13,240,23" /><INIT seed="1,0,0,3,4,24" ten="250,250,237,263" oya="1" hai0="1,58,77,108,30,68,56,29,28,55,17,22,49" hai1="21,131,129,26,51,11,88,103,75,35,48,98,7" hai2="10,2,121,111,5,106,74,62,50,72,90,4,18" hai3="3,41,91,117,34,25,96,76,36,89,81,134,93"/><U130/><E75/><V31/><F111/><W32/><G3/><T47/><D68/><U71/><E35/><V9/><F121/><W64/><G134/><T65/><D1/><U132/><E71/><V19/><F106/><W107/><G107/><T120/><D108/><U109/><E132/><V12/><F62/><W8/><G8/><T114/><D114/><U78/><E78/><V92/><F50/><W14/><G14/><N who="0" m="9527" /><D120/><U59/><E109/><V99/><F72/><W52/><G64/><T45/><D77/><U61/><E11/><V46/><F74/><W123/><G117/><T20/><D20/><U42/><E42/><V85/><F46/><N who="0" m="17418" /><D56/><U37/><E7/><V43/><F43/><W6/><G41/><T70/><D70/><U69/><E69/><V23/><REACH who="2" step="1"/><F99/><REACH who="2" ten="250,250,227,263" step="2"/><W104/><G96/><T44/><D44/><U110/><E110/><V97/><F97/><W94/><G104/><T122/><D122/><U38/><E51/><V84/><F84/><W135/><G123/><T0/><D0/><U53/><E48/><V105/><F105/><W133/><G133/><T79/><D65/><U119/><E119/><V66/><F66/><W16/><G135/><T39/><D39/><U80/><E37/><V33/><F33/><W86/><G36/><T125/><D49/><U113/><E38/><V115/><F115/><W60/><G32/><T15/><D55/><U101/><E113/><V82/><F82/><W73/><G34/><T57/><D57/><U116/><E116/><V128/><F128/><N who="1" m="32769" /><U67/><DORA hai="126" /><E67/><V118/><F118/><W127/><G52/><RYUUKYOKU ba="0,1" sc="250,-10,250,-10,227,30,263,-10" hai2="2,4,5,9,10,12,18,19,23,31,85,90,92" /><INIT seed="2,1,1,4,3,126" ten="240,240,257,253" oya="2" hai0="71,23,67,124,47,109,58,2,8,9,107,41,62" hai1="128,38,24,36,16,35,106,82,108,17,63,20,86" hai2="88,68,72,91,120,115,4,48,129,96,18,114,52" hai3="66,61,57,26,116,73,1,37,102,46,42,25,117"/><V92/><F120/><W80/><G102/><T59/><D109/><U95/><E106/><V60/><F72/><W78/><REACH who="3" step="1"/><G1/><REACH who="3" ten="240,240,257,243" step="2"/><T12/><D2/><U43/><E108/><V29/><F115/><W5/><G5/><T31/><D124/><U3/><E3/><V70/><F4/><W11/><G11/><T103/><D8/><U79/><E35/><V53/><F114/><W125/><G125/><T87/><D9/><U111/><E111/><V134/><F134/><W0/><G0/><T97/><D103/><U65/><E38/><V118/><F118/><AGARI ba="1,2" hai="25,26,37,42,46,57,61,66,73,78,80,116,117,118" machi="118" ten="40,1300,0" yaku="1,1,53,0" doraHai="126" doraHaiUra="64" who="3" fromWho="2" sc="240,0,240,0,257,-16,243,36" /><INIT seed="3,0,0,1,0,75" ten="240,240,241,279" oya="3" hai0="31,35,42,80,84,68,87,119,39,118,23,63,135" hai1="48,125,103,69,52,89,74,34,105,47,85,93,92" hai2="76,97,38,121,7,113,81,30,128,110,86,33,8" hai3="1,79,116,50,108,51,18,72,114,65,106,112,127"/><W32/><G116/><T122/><D122/><U109/><E69/><V117/><F117/><W46/><G106/><T73/><D135/><U54/><E34/><V64/><F113/><W101/><G101/><T88/><D35/><U16/><E109/><V66/><F110/><W124/><G1/><T123/><D123/><U29/><E74/><V100/><F38/><W43/><G32/><T3/><D3/><U67/><E125/><N who="3" m="48202" /><G108/><T60/><D73/><U11/><E105/><V78/><F128/><W0/><G0/><T20/><D68/><U61/><E29/><V40/><F30/><W28/><G28/><T126/><D126/><U62/><E54/><V71/><F40/><W99/><G99/><T83/><D39/><U49/><E49/><V37/><F37/><W82/><G65/><T96/><D31/><U36/><E36/><V25/><F66/><W58/><G18/><T53/><D96/><N who="1" m="59783" /><E67/><V57/><F71/><W24/><G24/><T102/><D102/><U6/><E6/><V15/><F25/><W94/><G94/><T27/><D27/><U111/><E111/><V26/><F26/><W120/><G120/><T77/><D42/><U41/><E41/><V44/><F33/><W14/><G14/><AGARI ba="0,0" hai="11,14,16,47,48,52,61,62,85,89,93" m="59783" machi="14" ten="30,3900,0" yaku="8,1,54,2" doraHai="75" who="1" fromWho="3" sc="240,0,240,39,241,0,279,-39" /><INIT seed="4,0,0,0,0,63" ten="240,279,241,240" oya="0" hai0="48,20,80,127,51,135,112,84,9,65,12,98,114" hai1="88,37,102,111,16,121,76,15,87,110,71,123,13" hai2="31,74,92,5,39,26,119,55,129,116,103,17,43" hai3="33,8,130,18,70,4,67,68,85,104,6,2,30"/><T113/><D127/><U115/><E71/><V36/><F74/><W106/><G130/><T58/><D135/><U40/><E37/><V23/><F129/><W117/><G117/><T62/><D20/><N who="1" m="11279" /><E40/><V99/><F5/><W57/><G6/><T131/><D131/><U134/><E134/><V72/><F72/><W19/><G85/><T61/><D98/><U69/><E69/><V118/><F43/><W60/><G68/><T45/><D45/><U47/><E47/><V83/><F83/><W96/><G57/><T81/><D62/><U66/><E66/><V10/><F55/><W90/><G90/><T14/><D51/><U21/><E102/><V107/><F107/><W0/><G0/><T79/><D48/><U42/><E76/><V108/><F108/><N who="1" m="41513" /><E42/><V49/><F49/><W94/><G94/><T128/><D128/><U124/><E88/><V132/><F132/><W27/><REACH who="3" step="1"/><G106/><REACH who="3" ten="240,279,241,230" step="2"/><T22/><D112/><U32/><E87/><V109/><F109/><W52/><G52/><T101/><D114/><U82/><E115/><V7/><F7/><W29/><G29/><T105/><D113/><U122/><E124/><V28/><F28/><W64/><G64/><T97/><D84/><U93/><E93/><V46/><F46/><W59/><G59/><T53/><D65/><U24/><E82/><V125/><F125/><W73/><G73/><T89/><D89/><U100/><E122/><V95/><F95/><W133/><G133/><T120/><D120/><U86/><E86/><V11/><F31/><W25/><G25/><T3/><D79/><U56/><E123/><RYUUKYOKU ba="0,1" sc="240,-15,279,-15,241,15,230,15" hai2="10,11,17,23,26,36,39,92,99,103,116,118,119" hai3="2,4,8,18,19,27,30,33,60,67,70,96,104" /><INIT seed="5,1,1,3,0,20" ten="225,264,256,245" oya="1" hai0="105,39,82,41,129,135,19,8,102,65,29,122,22" hai1="118,94,126,2,59,40,42,119,100,14,5,101,75" hai2="66,130,68,31,80,70,107,108,49,13,97,9,18" hai3="74,116,60,111,99,28,81,44,72,134,117,62,38"/><U15/><E75/><N who="3" m="28714" /><G111/><T52/><D129/><U0/><E94/><V64/><F108/><W109/><G109/><T37/><D105/><U69/><E59/><V77/><F130/><W35/><G134/><T86/><D102/><N who="1" m="39531" /><E5/><V90/><F107/><W16/><G81/><T91/><D135/><U104/><E69/><V63/><F49/><W24/><G99/><T25/><D122/><U57/><E57/><V6/><F97/><W58/><G58/><T56/><D65/><U7/><E7/><V124/><F90/><W32/><G32/><T125/><D125/><U88/><E88/><V123/><F124/><W103/><G103/><T11/><D41/><N who="1" m="15979" /><E126/><V95/><F95/><W26/><G44/><T121/><D121/><U46/><E46/><V33/><F123/><W85/><G85/><T1/><D1/><N who="1" m="619" /><E104/><V61/><F6/><W23/><G38/><T71/><D71/><U17/><E17/><V67/><F67/><W51/><G51/><T113/><D113/><U128/><E128/><V50/><F50/><W84/><G84/><T76/><D91/><U48/><E48/><V79/><F80/><W12/><G12/><AGARI ba="1,1" hai="12,14,15,118,119" m="619,15979,39531" machi="12" ten="30,2900,0" yaku="28,2" doraHai="20" who="1" fromWho="3" sc="225,0,264,42,256,0,245,-32" owari="225,-17.5,306,40.6,256,5.6,213,-28.7" /></mjloggm>