<mjloggm ver="2.3"><GO type="225" lobby="0"/><UN n0="%E3%82%BC%E3%83%AB%E3%83%80%E3%81%AE%E4%BC%9D%E8%AA%AC" n1="%72%69%6F%75%63%68%61%6E" n2="%E7%89%B9%E6%9D%B1%E3%81%AF%E4%B8%96%E7%95%8C%E3%82%92%E6%95%91%E3%81%86" n3="%6B%75%7A%75%6E" dan="18,17,16,17" rate="2236.76,2262.21,2138.00,2166.43" sx="M,M,M,M"/><TAIKYOKU oya="0"/><INIT seed="0,0,0,5,3,95" ten="250,250,250,250" oya="0" hai0="26,39,64,2,118,13,69,96,85,20,40,57,94" hai1="105,37,65,108,45,51,31,29,67,114,66,53,1" hai2="93,42,50,126,56,21,89,6,8,134,133,75,59" hai3="82,129,7,9,88,43,68,119,132,0,127,55,76"/><T87/><D2/><U99/><E108/><V111/><F75/><W77/><G119/><T17/><D69/><U48/><E114/><V135/><F111/><W11/><G129/><T107/><D107/><U104/><E37/><V70/><F70/><W79/><G132/><T5/><D118/><U102/><E1/><V27/><F126/><W25/><G127/><T115/><D40/><U38/><E38/><V86/><F50/><W47/><G11/><N who="0" m="4335" /><D39/><U62/><E105/><V73/><F42/><W34/><G55/><T128/><D128/><U36/><E36/><V54/><F73/><W33/><G68/><T120/><D120/><U112/><E112/><V52/><F59/><W30/><G34/><T81/><D81/><U116/><E116/><V18/><REACH who="2" step="1"/><F56/><REACH who="2" ten="250,250,240,250" step="2"/><W60/><G43/><T14/><D115/><U92/><E62/><V24/><F24/><W71/><G71/><T125/><D125/><U123/><E123/><V23/><F23/><W32/><G32/><T121/><D121/><U90/><REACH who="1" step="1"/><E48/><REACH who="1" ten="250,240,240,250" step="2"/><V72/><F72/><W100/><G60/><N who="0" m="37903" /><D26/><U44/><E44/><V78/><F78/><W22/><G47/><T58/><D58/><U35/><E35/><V3/><AGARI ba="0,2" hai="3,6,8,18,21,27,52,54,86,89,93,133,134,135" machi="3" ten="30,7900,0" yaku="1,1,0,1,20,1,54,1,53,0" doraHai="95" doraHaiUra="61" who="2" fromWho="2" sc="250,-39,240,-20,240,99,250,-20" /><INIT seed="1,0,0,2,2,23" ten="211,220,339,230" oya="1" hai0="67,63,109,91,51,62,17,53,113,55,120,13,123" hai1="34,1,71,69,16,102,40,14,35,108,118,6,18" hai2="129,107,59,25,22,10,2,61,28,134,50,98,106" hai3="81,116,117,8,82,58,132,115,33,44,48,79,64"/><U105/><E118/><N who="3" m="45674" /><G115/><T72/><D72/><U3/><E40/><V130/><F134/><W133/><G33/><N who="1" m="12298" /><E102/><V114/><F114/><W41/><G8/><T119/><D113/><U42/><E42/><V125/><F125/><W36/><G79/><T52/><D119/><U49/><E49/><V135/><F135/><N who="3" m="51787" /><G82/><T126/><D126/><U96/><E96/><V92/><F10/><W15/><G15/><T93/><D109/><U60/><E60/><N who="0" m="23081" /><D67/><U45/><E45/><V12/><F12/><W89/><G89/><T39/><D39/><U24/><E108/><V86/><F2/><N who="1" m="521" /><E105/><V37/><F37/><W66/><G81/><T103/><D103/><U88/><E69/><V26/><F107/><W78/><G78/><T104/><D104/><U76/><E71/><V46/><F106/><W122/><G122/><N who="0" m="46635" /><D51/><U47/><E47/><V121/><F121/><W112/><G112/><T75/><D75/><U68/><E68/><V70/><F70/><W80/><G80/><T19/><D13/><U84/><E76/><V90/><F98/><AGARI ba="0,0" hai="17,19,52,53,55,91,93,98" m="46635,23081" machi="98" ten="30,2000,0" yaku="13,1,54,1" doraHai="23" who="0" fromWho="2" sc="211,20,220,0,339,-20,230,0" /><INIT seed="2,0,0,4,3,79" ten="231,220,319,230" oya="2" hai0="130,101,15,103,70,64,0,55,98,28,65,104,93" hai1="124,7,57,59,109,21,54,69,123,100,13,125,48" hai2="120,74,32,5,85,24,102,42,84,38,61,92,111" hai3="107,6,53,135,90,99,4,67,2,105,80,115,87"/><V122/><F74/><W19/><G135/><T126/><D0/><U52/><E69/><V23/><F32/><W133/><G133/><T82/><D70/><U114/><E114/><V37/><F5/><W11/><G115/><T49/><D126/><N who="1" m="48747" /><E109/><V43/><F61/><W116/><G116/><T113/><D113/><U10/><E123/><V31/><F111/><W97/><G67/><T41/><D130/><U30/><E100/><V36/><F102/><W26/><G26/><T33/><D41/><U88/><E30/><V44/><F92/><W27/><G27/><T128/><D128/><U66/><E21/><V8/><F8/><W94/><G99/><T3/><D3/><U18/><E66/><V14/><F14/><N who="3" m="7647" /><G107/><T46/><D15/><U121/><E121/><V73/><F73/><W9/><G105/><T118/><D118/><U62/><E88/><V34/><F34/><W96/><G96/><N who="0" m="59535" /><D28/><U83/><E83/><V81/><F81/><W108/><G108/><T75/><D33/><U35/><E35/><V60/><F122/><W110/><G110/><T131/><D131/><U112/><E112/><V25/><F120/><W1/><G1/><T76/><D64/><U29/><E29/><V89/><F31/><W12/><G2/><T72/><D65/><U51/><E62/><V17/><F25/><W78/><G6/><AGARI ba="0,0" hai="6,7,10,13,18,48,51,52,54,57,59" m="48747" machi="6" ten="30,2000,0" yaku="18,1,54,1" doraHai="79" who="1" fromWho="3" sc="231,0,220,20,319,0,230,-20" /><INIT seed="3,0,0,4,1,21" ten="231,240,319,210" oya="3" hai0="76,55,72,106,130,105,27,124,77,3,51,2,84" hai1="53,13,26,82,1,62,28,92,98,8,43,133,87" hai2="29,108,34,131,79,61,9,117,73,42,127,129,39" hai3="60,30,90,95,104,107,89,119,75,91,36,85,58"/><W125/><G119/><T49/><D84/><U41/><E133/><V100/><F117/><W52/><G125/><T16/><D124/><U88/><E1/><V38/><F127/><W50/><G36/><T46/><D130/><U110/><E110/><V93/><F108/><W80/><G75/><T64/><D64/><U134/><E134/><V81/><F9/><W20/><G107/><T74/><D55/><U118/><E118/><V111/><F111/><W57/><G104/><T17/><D46/><U103/><E62/><V15/><F15/><W114/><G114/><T44/><D44/><U24/><E53/><V35/><F61/><W4/><G4/><T94/><D94/><U18/><REACH who="1" step="1"/><E24/><AGARI ba="0,0" hai="2,3,16,17,24,27,49,51,72,74,76,77,105,106" machi="24" ten="25,8000,1" yaku="22,2,52,2,54,1" doraHai="21" who="0" fromWho="1" sc="231,80,240,-80,319,0,210,0" owari="311,11.1,160,-34.0,319,41.9,210,-19.0" /></mjloggm>