<mjloggm ver="2.3"><GO type="225" lobby="0"/><UN n0="%E3%82%B5%E3%83%AB%E3%82%B7%E3%83%B3" n1="%E3%81%86%E3%81%A9%E3%82%93%E3%81%93" n2="%43%68%65" n3="%61%6D%65%6B%69" dan="16,16,16,16" rate="2114.91,2143.31,2122.85,2082.69" sx="M,M,M,M"/><TAIKYOKU oya="0"/><INIT seed="0,0,0,5,1,123" ten="250,250,250,250" oya="0" hai0="30,29,84,27,54,23,76,1,71,0,10,128,107" hai1="42,122,47,13,95,52,115,58,121,111,51,86,31" hai2="81,85,6,90,116,3,88,98,133,16,70,106,37" hai3="129,22,44,119,38,72,28,45,82,93,75,26,21"/><T99/><D71/><U48/><E111/><V34/><F70/><W132/><G119/><T8/><D128/><U126/><E126/><V63/><F37/><W11/><G132/><T102/><D30/><U7/><E115/><V32/><F133/><W49/><G129/><T18/><D54/><U24/><E13/><V36/><F36/><W94/><G11/><T74/><D74/><U61/><E7/><V97/><F116/><W43/><G22/><T67/><D67/><U64/><E86/><V91/><F6/><W96/><G93/><T131/><D131/><U35/><REACH who="1" step="1"/><E95/><REACH who="1" ten="250,240,250,250" step="2"/><V39/><F85/><W117/><G117/><T9/><REACH who="0" step="1"/><D29/><REACH who="0" ten="240,240,250,250" step="2"/><U4/><E4/><V57/><F3/><W134/><G134/><T114/><D114/><U100/><E100/><V103/><F103/><W110/><G75/><T17/><D17/><U87/><E87/><V89/><F16/><W14/><G72/><T41/><D41/><U73/><E73/><V92/><F98/><W12/><G96/><T104/><D104/><U46/><AGARI ba="0,2" hai="24,31,35,42,46,47,48,51,52,58,61,64,121,122" machi="46" ten="20,8000,1" yaku="1,1,0,1,7,1,54,1,53,1" doraHai="123" doraHaiUra="60" who="1" fromWho="1" sc="240,-40,240,100,250,-20,250,-20" /><INIT seed="1,0,0,3,2,64" ten="200,340,230,230" oya="1" hai0="86,104,3,96,46,16,32,98,35,58,74,113,127" hai1="47,51,112,114,85,92,118,129,24,29,69,19,117" hai2="128,63,78,40,82,95,107,88,10,12,37,125,17" hai3="21,43,120,23,133,60,108,115,76,97,9,14,130"/><U100/><E129/><V49/><F128/><W109/><G120/><T106/><D113/><U131/><E131/><V45/><F107/><W111/><G130/><T11/><D74/><U18/><E69/><V103/><F125/><W83/><G115/><T70/><D127/><U48/><E100/><V66/><F103/><W72/><G133/><T39/><D70/><U84/><E24/><V91/><F95/><W33/><G33/><T44/><D86/><U79/><E92/><V26/><F26/><W25/><G25/><T116/><D116/><U119/><E119/><V134/><F37/><W42/><G60/><T0/><D58/><U2/><E47/><V81/><F134/><W28/><G28/><T30/><D11/><U1/><E79/><V8/><F8/><W110/><N who="3" m="27648" /><DORA hai="50" /><W15/><G97/><T124/><D124/><U67/><REACH who="1" step="1"/><E67/><REACH who="1" ten="200,330,230,230" step="2"/><V75/><F82/><W135/><G135/><T94/><D104/><U55/><E55/><V68/><AGARI ba="0,1" hai="10,12,17,40,45,49,63,66,68,75,78,81,88,91" machi="68" ten="20,5200,0" yaku="0,1,7,1,52,1,54,1" doraHai="64,50" who="2" fromWho="2" sc="200,-13,330,-26,230,62,230,-13" /><INIT seed="2,0,0,2,0,121" ten="187,304,292,217" oya="2" hai0="65,3,8,119,57,56,9,81,92,18,133,116,127" hai1="132,113,21,14,94,95,79,37,58,39,43,15,83" hai2="1,71,47,107,128,77,70,126,25,45,124,26,109" hai3="12,120,0,87,86,123,11,80,90,35,135,103,61"/><V2/><F77/><W105/><G0/><T112/><D112/><U111/><E113/><V38/><F38/><W96/><G35/><T73/><D133/><U31/><E132/><V52/><F52/><W48/><G135/><T13/><D127/><U64/><E14/><V91/><F91/><W125/><G125/><T98/><D81/><U24/><E15/><V102/><F102/><W97/><G97/><T117/><D73/><U4/><E4/><V99/><F99/><W74/><G61/><T6/><REACH who="0" step="1"/><D65/><REACH who="0" ten="177,304,292,217" step="2"/><U76/><E83/><V49/><F128/><W53/><G74/><T28/><D28/><U60/><E31/><V106/><REACH who="2" step="1"/><F49/><REACH who="2" ten="177,304,282,217" step="2"/><W122/><G123/><T100/><AGARI ba="0,2" hai="3,6,8,9,13,18,56,57,92,98,100,116,117,119" machi="100" ten="30,4000,0" yaku="1,1,0,1,12,1,53,0" doraHai="121" doraHaiUra="16" who="0" fromWho="0" sc="177,60,304,-10,282,-20,217,-10" /><INIT seed="3,0,0,0,4,22" ten="237,294,262,207" oya="3" hai0="82,19,24,118,114,41,105,48,53,113,129,90,123" hai1="117,20,0,56,34,91,130,88,78,83,96,2,62" hai2="51,98,112,126,80,10,116,13,4,36,29,84,75" hai3="43,125,37,109,79,67,60,85,132,74,93,128,73"/><W121/><G121/><T81/><D123/><U124/><E34/><V111/><F112/><N who="0" m="43114" /><D118/><U31/><E117/><V86/><F116/><W40/><G125/><T133/><D105/><U46/><E124/><V102/><F36/><W52/><G128/><T127/><D127/><U106/><E130/><V14/><F126/><W89/><G132/><T17/><D129/><U95/><E91/><V61/><F111/><W110/><G37/><T23/><D133/><U57/><E106/><V26/><F75/><W120/><G120/><T21/><D41/><N who="3" m="15945" /><G79/><T11/><D11/><U108/><E108/><N who="3" m="41578" /><G67/><T8/><D8/><U64/><E46/><V68/><F51/><W39/><G39/><T92/><D92/><U71/><E56/><AGARI ba="0,0" hai="52,56,60,73,74,85,89,93" m="41578,15945" machi="56" ten="30,5800,0" yaku="14,1,10,1,54,1" doraHai="22" who="3" fromWho="1" sc="237,0,294,-58,262,0,207,58" /><INIT seed="3,1,0,0,1,47" ten="237,236,262,265" oya="3" hai0="41,10,111,104,122,131,128,126,109,23,16,51,115" hai1="37,113,8,69,92,89,135,33,121,95,82,87,102" hai2="98,124,76,9,70,27,35,0,5,52,66,119,120" hai3="61,18,118,100,114,97,67,90,79,129,71,26,22"/><W64/><G114/><T19/><D104/><U73/><E69/><V43/><F119/><W88/><G118/><T110/><D122/><U4/><E113/><V96/><F120/><W14/><G129/><N who="0" m="49739" /><D115/><U75/><E37/><V84/><F43/><W116/><G116/><T39/><D126/><U45/><E121/><V34/><F124/><W112/><G112/><T28/><D39/><U15/><E33/><V58/><F66/><W134/><G134/><T57/><D10/><U103/><E135/><V13/><F70/><W38/><G38/><T130/><D130/><U72/><REACH who="1" step="1"/><E45/><REACH who="1" ten="237,226,262,265" step="2"/><V123/><F35/><W62/><G71/><T49/><D41/><U3/><E3/><V83/><F0/><W133/><G133/><T36/><D36/><U94/><AGARI ba="1,1" hai="4,8,15,72,73,75,82,87,89,92,94,95,102,103" machi="94" ten="40,2700,0" yaku="1,1,0,1,53,0" doraHai="47" doraHaiUra="54" who="1" fromWho="1" sc="237,-8,226,40,262,-8,265,-14" /><INIT seed="4,0,0,2,5,14" ten="229,266,254,251" oya="0" hai0="115,127,109,85,16,5,50,45,113,116,46,19,32" hai1="112,39,93,102,81,78,63,4,122,101,62,100,3" hai2="130,134,64,6,68,135,104,0,25,82,96,70,67" hai3="24,118,69,72,44,99,84,12,88,128,92,106,42"/><T22/><D116/><U119/><E122/><V30/><F82/><W124/><G69/><N who="2" m="26729" /><F130/><W56/><G118/><T95/><D32/><U133/><E39/><V94/><F104/><W114/><G72/><T51/><D127/><U41/><E41/><V31/><F6/><W43/><G124/><T7/><D109/><U77/><E133/><N who="2" m="50699" /><F0/><W65/><G114/><N who="0" m="43531" /><D22/><U8/><E78/><V131/><F131/><W13/><G128/><T73/><D73/><U9/><E112/><V28/><F25/><W2/><G2/><T18/><D85/><U71/><E119/><V76/><F76/><W35/><G43/><N who="0" m="24895" /><D95/><U125/><E93/><V33/><F33/><W11/><G11/><T58/><D58/><U83/><E83/><V61/><F61/><W132/><G132/><T15/><D15/><U23/><E63/><V86/><F86/><W27/><G27/><T98/><D98/><U10/><E125/><V110/><F110/><W38/><G24/><T89/><D89/><AGARI ba="0,0" hai="28,30,31,64,67,89,94,96" m="50699,26729" machi="89" ten="40,1300,0" yaku="20,1" doraHai="14" who="2" fromWho="0" sc="229,-13,266,0,254,13,251,0" /><INIT seed="5,0,0,1,3,74" ten="216,266,267,251" oya="1" hai0="1,34,118,84,63,127,100,21,20,6,8,17,71" hai1="105,64,22,130,129,57,94,40,115,18,101,95,14" hai2="91,56,126,133,121,112,54,46,73,132,122,93,104" hai3="30,97,75,27,47,134,55,72,5,45,117,42,31"/><U83/><E115/><V39/><F104/><W114/><G114/><T44/><D118/><U37/><E105/><V50/><F73/><W4/><G117/><T11/><D34/><U7/><E7/><V23/><F112/><W89/><G55/><T68/><D127/><U61/><E101/><V29/><F126/><W119/><G119/><T87/><D100/><U125/><E125/><V111/><F29/><W9/><G134/><N who="2" m="51817" /><F23/><W3/><G5/><T99/><D99/><U65/><E65/><V113/><F113/><W81/><G47/><T78/><D44/><N who="1" m="23567" /><E83/><V76/><F111/><W96/><G31/><T86/><D78/><U106/><E106/><V0/><F76/><W25/><G75/><T92/><D92/><U102/><E102/><V28/><F28/><W77/><G89/><T88/><D88/><U52/><E64/><V123/><F0/><W41/><G41/><T135/><D135/><U60/><E60/><N who="2" m="35863" /><F39/><W43/><G43/><T58/><D8/><U53/><E53/><N who="2" m="29911" /><F123/><W108/><G27/><T110/><D110/><U131/><AGARI ba="0,0" hai="14,18,22,52,57,61,94,95,129,130,131" m="23567" machi="131" ten="30,3000,0" yaku="19,1,54,1" doraHai="74" who="1" fromWho="1" sc="216,-10,266,30,267,-10,251,-10" /><INIT seed="5,1,0,2,5,96" ten="206,296,257,241" oya="1" hai0="95,115,29,18,64,72,85,70,83,52,86,77,4" hai1="59,109,26,75,93,25,118,20,62,98,106,51,91" hai2="30,67,120,0,49,84,13,60,127,22,92,10,61" hai3="38,5,57,74,97,101,111,65,126,80,129,89,88"/><U43/><E118/><V7/><F120/><W123/><G38/><T28/><D115/><U103/><E75/><V56/><F127/><W116/><G5/><T31/><D4/><U34/><E34/><V112/><F112/><W16/><G123/><T40/><D40/><U135/><E135/><V48/><F61/><W14/><G111/><T121/><D121/><U108/><E51/><V42/><F42/><W6/><G6/><T66/><D70/><U55/><E43/><V130/><F130/><W39/><G39/><T50/><D18/><U37/><E37/><V58/><F58/><W110/><G110/><N who="1" m="42602" /><E20/><V107/><F107/><W12/><G12/><T32/><D32/><U35/><E35/><V128/><F128/><W131/><G126/><T73/><D73/><U81/><E81/><V44/><F44/><W87/><G89/><N who="0" m="53679" /><D72/><U117/><E117/><V125/><F0/><W47/><G74/><T54/><D54/><U63/><E63/><V79/><F125/><W23/><G116/><T36/><D36/><U94/><E106/><V133/><F133/><W24/><G129/><T78/><D78/><U69/><E69/><V2/><F2/><W102/><G131/><T104/><D104/><U11/><E11/><V46/><F79/><W122/><G122/><T33/><D33/><U19/><E19/><V76/><F76/><W45/><G24/><T8/><D8/><U99/><AGARI ba="1,0" hai="25,26,55,59,62,91,93,94,98,99,103" m="42602" machi="99" ten="30,3000,0" yaku="10,1,52,1" doraHai="96" who="1" fromWho="1" sc="206,-11,296,33,257,-11,241,-11" owari="195,-30.5,329,42.9,246,4.6,230,-17.0" /></mjloggm>