<mjloggm ver="2.3"><GO type="225" lobby="0"/><UN n0="%6D%75%75%6D%75%72%61" n1="%E3%82%82%E3%81%90%E3%82%89" n2="%E3%82%B7%E3%83%B3%E5%A4%AA%E6%9C%97" n3="%72%69%6F%75%63%68%61%6E" dan="16,17,16,16" rate="2179.55,2233.01,2124.11,2114.14" sx="F,M,M,M"/><TAIKYOKU oya="0"/><INIT seed="0,0,0,1,3,28" ten="250,250,250,250" oya="0" hai0="41,66,21,47,39,81,93,75,80,109,65,73,84" hai1="121,30,31,134,130,87,20,18,48,108,62,131,116" hai2="133,54,36,102,98,105,44,67,115,132,88,55,104" hai3="4,57,19,13,10,45,96,63,107,103,123,113,86"/><T97/><D109/><U64/><E121/><V6/><F115/><W38/><G113/><T135/><D135/><N who="2" m="51786" /><F6/><W79/><G123/><T42/><D42/><U120/><E120/><V37/><F67/><W126/><G126/><T3/><D3/><U112/><E134/><V24/><F24/><W117/><G117/><T78/><D21/><U129/><E112/><V95/><F105/><W91/><G79/><T26/><D26/><U49/><E116/><V72/><F72/><W68/><G68/><T52/><D75/><U60/><E108/><V51/><F55/><W69/><G69/><T46/><D46/><U25/><E87/><AGARI ba="0,0" hai="36,37,44,51,54,87,88,95,98,102,104" m="51786" machi="87" ten="30,2000,0" yaku="20,1,54,1" doraHai="28" who="2" fromWho="1" sc="250,0,250,-20,250,20,250,0" /><INIT seed="1,0,0,2,4,48" ten="250,230,270,250" oya="1" hai0="117,0,5,68,63,53,114,91,122,64,127,130,62" hai1="109,40,123,31,126,78,67,14,32,43,8,105,89" hai2="4,115,19,25,97,76,6,113,131,92,128,100,75" hai3="42,79,120,103,111,106,30,57,15,85,81,2,51"/><U82/><E123/><V77/><F25/><W46/><G111/><T36/><D117/><U38/><E105/><V84/><F19/><W86/><G120/><T88/><D122/><U39/><E126/><V26/><F26/><W80/><G2/><T96/><D114/><N who="2" m="43530" /><F75/><W73/><G30/><T87/><D127/><U107/><E107/><V23/><F23/><W45/><G57/><T61/><D130/><N who="2" m="49706" /><F6/><W119/><G119/><T134/><D36/><U129/><E109/><V17/><F17/><W98/><G15/><T70/><D134/><U72/><E129/><V66/><F4/><W65/><G65/><T10/><D64/><U71/><E31/><V58/><F66/><W118/><G118/><T29/><D29/><U37/><E32/><V104/><F58/><W133/><G133/><T28/><D28/><U59/><E59/><V74/><F74/><W93/><G106/><T83/><D68/><U90/><E67/><V35/><F35/><W33/><G33/><T116/><D70/><U95/><E71/><V110/><F110/><W112/><G112/><T101/><D116/><U3/><E3/><V41/><F41/><W60/><G73/><T94/><REACH who="0" step="1"/><D53/><REACH who="0" ten="240,230,270,250" step="2"/><U69/><E69/><V12/><F12/><W44/><REACH who="3" step="1"/><G60/><REACH who="3" ten="240,230,270,240" step="2"/><T21/><D21/><U24/><E37/><V124/><F124/><W50/><G50/><T108/><D108/><U16/><E39/><V121/><F121/><W18/><G18/><T22/><D22/><N who="1" m="13383" /><E38/><V52/><F52/><W11/><G11/><T20/><D20/><U56/><E8/><V7/><F7/><W55/><G55/><RYUUKYOKU ba="0,2" sc="240,10,230,-30,270,10,240,10" hai0="0,5,10,61,62,63,83,87,88,91,94,96,101" hai2="76,77,84,92,97,100,104" hai3="42,44,45,46,51,79,80,81,85,86,93,98,103" /><INIT seed="2,1,2,1,4,106" ten="250,200,280,250" oya="2" hai0="16,94,117,64,18,101,81,130,120,7,4,17,112" hai1="123,40,125,42,61,34,105,111,8,85,41,116,77" hai2="49,80,3,74,37,65,98,51,57,31,15,72,26" hai3="33,0,89,58,78,99,109,27,118,46,67,122,38"/><V84/><F37/><W107/><G118/><T2/><D117/><U71/><E116/><V132/><F3/><W62/><G122/><T19/><D120/><U36/><E123/><V115/><F115/><W82/><G109/><T127/><D112/><U54/><E111/><V102/><F132/><W53/><G0/><T30/><D130/><U110/><E110/><V13/><F13/><W44/><G38/><T5/><D127/><U43/><E105/><V14/><F15/><W1/><G1/><T25/><D64/><U12/><E34/><V52/><F14/><W119/><G119/><T90/><D81/><U73/><E73/><V48/><F65/><W104/><G104/><T69/><D69/><U134/><E125/><V91/><F48/><W97/><G107/><T29/><D101/><U126/><E134/><V75/><F49/><W20/><G33/><T6/><N who="0" m="1024" /><DORA hai="87" /><T103/><D103/><U56/><E126/><V100/><REACH who="2" step="1"/><F98/><REACH who="2" ten="250,200,270,250" step="2"/><N who="3" m="37387" /><G67/><T21/><D2/><U28/><E36/><V79/><F79/><W124/><G78/><T22/><D22/><AGARI ba="1,3" hai="22,26,31,51,52,57,72,74,75,80,84,91,100,102" machi="22" ten="40,18000,2" yaku="1,1,52,4,54,1,53,0" doraHai="106,87" doraHaiUra="66,70" who="2" fromWho="0" sc="250,-183,200,0,270,213,250,0" /><INIT seed="2,2,0,2,0,84" ten="67,200,483,250" oya="2" hai0="63,33,132,75,88,15,135,40,74,58,65,77,30" hai1="21,19,101,20,3,76,71,56,64,120,38,24,93" hai2="122,29,72,35,82,109,48,13,50,6,95,103,81" hai3="127,22,44,87,17,128,129,28,134,45,61,113,114"/><V69/><F122/><W90/><G127/><T18/><D40/><U70/><E38/><V32/><F69/><W8/><G134/><N who="0" m="51243" /><D30/><U108/><E3/><V98/><F109/><W102/><G102/><T89/><D33/><U9/><E108/><V111/><F111/><W11/><G61/><T68/><D68/><U59/><E120/><V80/><F72/><N who="0" m="27690" /><D77/><U2/><E76/><V115/><F115/><N who="3" m="44043" /><G28/><T118/><D118/><U92/><E71/><V5/><F29/><W23/><G8/><AGARI ba="2,0" hai="8,15,18,58,63,65,88,89" m="27690,51243" machi="8" ten="30,7700,0" yaku="20,1,52,2,54,1" doraHai="84" who="0" fromWho="3" sc="67,83,200,0,483,0,250,-83" /><INIT seed="3,0,0,5,5,66" ten="150,200,483,167" oya="3" hai0="61,48,33,94,78,9,74,132,133,80,36,54,65" hai1="90,62,25,128,83,23,13,87,1,68,49,32,108" hai2="70,43,67,50,69,7,35,16,56,63,18,14,45" hai3="79,72,41,125,93,107,116,55,39,3,114,126,134"/><W12/><G114/><T109/><D36/><U21/><E1/><V129/><F35/><W6/><G116/><T86/><D109/><U19/><E108/><V37/><F129/><W51/><G107/><T97/><D33/><U88/><E128/><V112/><F112/><W104/><G104/><T46/><D9/><U73/><E73/><V119/><F119/><W91/><G3/><T5/><D5/><U31/><E49/><V115/><F115/><W100/><G100/><T76/><D76/><U57/><E68/><V122/><F122/><W113/><G113/><T26/><D26/><U17/><E17/><V58/><F7/><W53/><G39/><T29/><D29/><U101/><E101/><V10/><F18/><W105/><G105/><T30/><D74/><U127/><E127/><N who="3" m="48650" /><G134/><T4/><D4/><U2/><E2/><V121/><F121/><W98/><G79/><T60/><D30/><U135/><E135/><V84/><F84/><W44/><G72/><T99/><D61/><U106/><E106/><V124/><F124/><W11/><AGARI ba="0,0" hai="6,11,12,41,44,51,53,55,91,93,98" m="48650" machi="11" ten="30,1500,0" yaku="18,1" doraHai="66" who="3" fromWho="3" sc="150,-5,200,-5,483,-5,167,15" /><INIT seed="3,1,0,0,2,25" ten="145,195,478,182" oya="3" hai0="126,117,18,37,73,102,81,133,63,54,15,113,83" hai1="103,125,127,45,29,135,124,105,16,70,44,6,82" hai2="35,23,129,4,34,72,67,98,3,49,101,76,9" hai3="38,40,130,96,52,62,58,21,47,95,17,92,30"/><W41/><G130/><T1/><D117/><U107/><E135/><V53/><F129/><W94/><G40/><T61/><D133/><U66/><E29/><V36/><F36/><W59/><G59/><T74/><D1/><U50/><E6/><V112/><F67/><W64/><G30/><T134/><D134/><U110/><E110/><V57/><F112/><W28/><G28/><T48/><D37/><U26/><E103/><V108/><F108/><W122/><G122/><T51/><D126/><U111/><E111/><V43/><F43/><W24/><REACH who="3" step="1"/><G64/><REACH who="3" ten="145,195,478,172" step="2"/><T69/><D113/><U118/><E45/><V11/><F34/><W99/><AGARI ba="1,1" hai="17,21,24,38,41,47,52,58,62,92,94,95,96,99" machi="99" ten="30,11700,0" yaku="1,1,2,1,0,1,54,1,53,0" doraHai="25" doraHaiUra="100" who="3" fromWho="3" sc="145,-40,195,-40,478,-40,172,130" /><INIT seed="3,2,0,3,2,55" ten="105,155,438,302" oya="3" hai0="45,131,41,82,116,32,56,49,8,125,77,31,39" hai1="6,83,135,35,95,26,103,51,94,3,60,123,19" hai2="28,0,122,69,106,10,78,42,129,107,81,112,133" hai3="63,34,58,105,16,25,101,13,70,17,36,98,96"/><W54/><G36/><T92/><D116/><U12/><E123/><V7/><F122/><W67/><G98/><T73/><D125/><U91/><E135/><V99/><F112/><W89/><G89/><T68/><D131/><U126/><E126/><V115/><F115/><W80/><G80/><T102/><D68/><U127/><E127/><V48/><F133/><W18/><G34/><T57/><D32/><U75/><E103/><V27/><F69/><W23/><REACH who="3" step="1"/><G25/><REACH who="3" ten="105,155,438,292" step="2"/><T119/><D119/><U104/><E26/><V14/><F99/><W40/><G40/><T128/><D128/><U90/><E90/><V37/><F129/><W5/><G5/><T85/><D31/><U97/><E91/><V117/><F117/><W22/><G22/><T59/><D8/><U84/><E6/><V21/><F37/><W29/><G29/><T24/><D24/><U1/><E97/><V72/><REACH who="2" step="1"/><F0/><REACH who="2" ten="105,155,428,292" step="2"/><W43/><G43/><T100/><REACH who="0" step="1"/><D39/><REACH who="0" ten="95,155,428,292" step="2"/><U88/><E3/><V109/><F109/><W110/><G110/><T33/><D33/><U64/><E1/><V132/><F132/><W76/><G76/><T61/><D61/><AGARI ba="2,3" hai="13,16,17,18,23,54,58,61,63,67,70,96,101,105" machi="61" ten="30,12000,1" yaku="1,1,7,1,52,1,54,1,53,1" doraHai="55" doraHaiUra="50" who="3" fromWho="0" sc="95,-126,155,0,428,0,292,156" owari="-31,-53.1,155,-24.5,428,22.8,448,54.8" /></mjloggm>