<mjloggm ver="2.3"><GO type="225" lobby="0"/><UN n0="%E3%81%AE%E3%81%AA%E3%82%81%E3%83%BC%E3%82%93" n1="%E3%82%8C%E3%81%99%E3%81%93" n2="%E5%B8%86%E7%AB%8B%E5%A4%8F%E8%A1%A3" n3="%E7%B4%94%E6%BD%94%E3%83%94%E3%83%A9%E3%83%8B%E3%82%A2" dan="16,17,17,17" rate="2097.45,2266.45,2157.63,2207.69" sx="M,F,M,M"/><TAIKYOKU oya="0"/><INIT seed="0,0,0,3,3,37" ten="250,250,250,250" oya="0" hai0="100,121,23,32,38,125,99,9,28,114,96,47,54" hai1="36,102,65,123,58,19,76,22,104,31,45,12,128" hai2="87,108,133,75,129,120,127,92,117,46,124,82,15" hai3="72,83,6,21,135,2,119,17,93,55,25,74,64"/><T79/><D121/><U134/><E123/><V85/><F120/><W30/><G64/><T69/><D114/><U106/><E128/><V59/><F59/><W3/><G119/><T53/><D69/><U7/><E134/><V78/><F15/><W130/><G135/><T113/><D113/><U81/><E102/><V16/><F16/><W61/><G93/><T67/><D32/><U26/><E7/><V131/><F46/><W71/><G71/><T112/><D99/><U52/><E65/><V84/><F133/><W107/><G107/><T48/><D79/><U11/><E36/><V90/><F108/><W24/><G83/><T56/><D9/><U57/><E45/><V103/><F103/><W60/><G55/><T111/><D111/><U10/><E57/><V122/><F122/><W101/><G101/><T86/><D86/><N who="2" m="33386" /><F117/><W98/><G98/><T105/><D38/><U62/><REACH who="1" step="1"/><E10/><REACH who="1" ten="250,240,250,250" step="2"/><V18/><F18/><W109/><G17/><T34/><D67/><U33/><E33/><V89/><F89/><W66/><G66/><T77/><D34/><U8/><E8/><V94/><F94/><W14/><G6/><T42/><D112/><U41/><E41/><V40/><F40/><W27/><G109/><T13/><D56/><U51/><E51/><V0/><F0/><W91/><G2/><T80/><D42/><U97/><E97/><V110/><F110/><W5/><G3/><T44/><D96/><U115/><E115/><V116/><F116/><W63/><G130/><AGARI ba="0,1" hai="75,78,82,87,90,92,124,127,129,130,131" m="33386" machi="130" ten="30,3900,0" yaku="19,1,34,2" doraHai="37" who="2" fromWho="3" sc="250,0,240,0,250,49,250,-39" /><INIT seed="1,0,0,5,4,49" ten="250,240,299,211" oya="1" hai0="135,121,114,54,14,128,108,97,80,113,11,5,112" hai1="101,65,83,72,100,93,40,123,38,127,87,90,133" hai2="8,118,63,59,73,50,79,74,109,115,16,76,117" hai3="36,67,31,53,66,78,10,102,82,0,47,134,9"/><U51/><E123/><V7/><F109/><W77/><G134/><T98/><D108/><U2/><E133/><V1/><F115/><W37/><G102/><T19/><D135/><U48/><E127/><V71/><F71/><W28/><G47/><T6/><D121/><U89/><E2/><V119/><F50/><W85/><G85/><T25/><D128/><U44/><E38/><V34/><F34/><W129/><G0/><T46/><D80/><U56/><E72/><V131/><F131/><W43/><G129/><T68/><D68/><U57/><E57/><V125/><F125/><W105/><G82/><T91/><D91/><U99/><REACH who="1" step="1"/><E48/><REACH who="1" ten="250,230,299,211" step="2"/><V26/><F74/><W17/><G37/><T120/><D120/><U13/><E13/><V104/><F73/><W18/><G36/><T126/><D126/><U130/><E130/><V32/><F59/><W27/><G27/><T81/><D25/><U15/><E15/><V69/><F69/><W55/><REACH who="3" step="1"/><G105/><REACH who="3" ten="250,230,299,201" step="2"/><T62/><D46/><U116/><E116/><V106/><F104/><W95/><G95/><T4/><REACH who="0" step="1"/><D81/><REACH who="0" ten="240,230,299,201" step="2"/><U3/><E3/><V86/><F1/><W111/><G111/><T33/><D33/><U132/><E132/><V35/><F35/><W24/><G24/><T42/><D42/><AGARI ba="0,3" hai="9,10,17,18,28,31,42,43,53,55,66,67,77,78" machi="42" ten="25,12000,2" yaku="1,1,22,2,8,1,52,2,53,0" doraHai="49" doraHaiUra="107" who="3" fromWho="0" sc="240,-120,230,0,299,0,201,150" /><INIT seed="2,0,0,5,1,68" ten="120,230,299,351" oya="2" hai0="104,25,59,7,60,87,12,105,126,39,99,1,111" hai1="73,29,122,57,15,63,28,31,89,85,113,80,53" hai2="61,88,4,120,14,107,129,109,43,69,48,11,74" hai3="75,54,121,55,134,6,123,133,30,46,82,0,17"/><V119/><F120/><W84/><G75/><T20/><D126/><U101/><E113/><V62/><F119/><W56/><G17/><T47/><D1/><U37/><E122/><V33/><F107/><W23/><G46/><T106/><D111/><U81/><E101/><V36/><F74/><W27/><G54/><T93/><D87/><U65/><E37/><V78/><F78/><N who="3" m="46167" /><G6/><T38/><D47/><U58/><E15/><V40/><F129/><W91/><G91/><T117/><D12/><U13/><E13/><V22/><F33/><W50/><G0/><T45/><D45/><U72/><REACH who="1" step="1"/><E81/><REACH who="1" ten="120,220,299,351" step="2"/><V70/><F14/><W95/><G95/><T130/><D117/><U18/><E18/><V90/><F36/><W124/><G124/><T114/><D114/><U52/><E52/><V24/><F109/><W67/><G67/><T9/><D7/><U86/><E86/><V128/><F128/><W5/><G5/><T8/><D130/><U35/><E35/><V21/><F4/><W51/><G51/><AGARI ba="0,1" hai="28,29,31,51,53,57,58,63,65,72,73,80,85,89" machi="51" ten="40,1300,0" yaku="1,1,53,0" doraHai="68" doraHaiUra="132" who="1" fromWho="3" sc="120,0,220,23,299,0,351,-13" /><INIT seed="3,0,0,0,0,107" ten="120,243,299,338" oya="3" hai0="120,90,31,26,35,17,61,118,83,103,109,84,76" hai1="86,128,121,38,70,95,115,56,77,48,98,91,18" hai2="33,47,10,7,111,16,97,69,73,11,134,130,135" hai3="99,2,92,105,68,110,89,122,27,41,29,53,58"/><W63/><G122/><T116/><D120/><U113/><E121/><V21/><F33/><W43/><G105/><T3/><D109/><U46/><E70/><V123/><F69/><W100/><G110/><T57/><D103/><U54/><E128/><V131/><F123/><W106/><G2/><T23/><D3/><U32/><E32/><V62/><F111/><W112/><G112/><T49/><D49/><U119/><E119/><V13/><F62/><W44/><G44/><T96/><D96/><U6/><E6/><V74/><F97/><W78/><G78/><T8/><D8/><N who="2" m="3114" /><F47/><W55/><G55/><T132/><D132/><N who="2" m="50730" /><F7/><W104/><G104/><T81/><D118/><U5/><E5/><V30/><F30/><W34/><G68/><T85/><D116/><U51/><E38/><V93/><F93/><W108/><G108/><T36/><D35/><U42/><E77/><V45/><F45/><W28/><G29/><T60/><D36/><U80/><E18/><V25/><F13/><W126/><G126/><T94/><D94/><U88/><AGARI ba="0,0" hai="42,46,48,51,54,56,80,86,88,91,95,98,113,115" machi="88" ten="20,2700,0" yaku="0,1,7,1,54,1" doraHai="107" who="1" fromWho="1" sc="120,-7,243,27,299,-7,338,-13" owari="113,-38.7,270,-13.0,292,9.2,325,42.5" /></mjloggm>