<mjloggm ver="2.3"><GO type="225" lobby="0"/><UN n0="%E6%98%93%E5%88%A9%E8%96%A9%E4%BC%AF" n1="%E7%9C%BC%E7%A7%91%E5%8C%BB" n2="%E7%89%B9%E6%9D%B1%E3%81%AF%E4%B8%96%E7%95%8C%E3%82%92%E6%95%91%E3%81%86" n3="%E6%81%A5%E6%99%92%E3%81%97" dan="16,16,16,16" rate="2092.04,2098.28,2188.09,2126.48" sx="F,M,M,M"/><TAIKYOKU oya="0"/><INIT seed="0,0,0,4,4,111" ten="250,250,250,250" oya="0" hai0="57,25,46,54,37,45,78,128,15,33,130,4,91" hai1="107,88,110,39,11,126,67,21,38,63,72,119,59" hai2="13,127,98,60,75,74,22,47,0,131,50,31,52" hai3="80,43,55,112,32,26,77,20,134,42,79,92,44"/><T106/><D106/><U114/><E119/><V14/><F0/><W87/><G134/><T69/><D69/><U93/><E107/><V81/><F131/><W104/><G104/><T2/><D2/><U24/><E72/><V35/><F127/><W34/><G77/><T117/><D78/><U116/><E116/><V105/><F35/><W6/><G6/><T36/><D117/><U90/><E110/><V101/><F81/><W123/><G123/><T18/><D4/><U49/><E126/><V28/><F60/><W23/><G55/><T16/><D91/><U118/><E118/><V7/><F14/><W84/><G112/><T27/><D15/><U86/><E114/><V30/><REACH who="2" step="1"/><F22/><REACH who="2" ten="250,250,240,250" step="2"/><W58/><G80/><T103/><D33/><U135/><E135/><V85/><F85/><W76/><G26/><T121/><D27/><U109/><E109/><V1/><F1/><W10/><G23/><T83/><D25/><U9/><E21/><V113/><F113/><W97/><G20/><T133/><D83/><U132/><E24/><V129/><F129/><W108/><G108/><T48/><D133/><U100/><E132/><V12/><F12/><W62/><G32/><T102/><D130/><U120/><E120/><V8/><AGARI ba="0,1" hai="7,8,13,28,30,31,47,50,52,74,75,98,101,105" machi="8" ten="30,4000,0" yaku="1,1,0,1,54,1,53,0" doraHai="111" doraHaiUra="71" who="2" fromWho="2" sc="250,-20,250,-10,240,50,250,-10" /><INIT seed="1,0,0,0,5,59" ten="230,240,290,240" oya="1" hai0="57,6,48,38,103,18,127,29,70,119,2,111,37" hai1="87,96,7,23,58,22,72,50,20,133,107,53,132" hai2="8,52,104,5,79,27,115,81,71,17,85,3,73" hai3="99,51,33,26,120,30,42,121,105,68,46,63,77"/><U43/><E72/><V32/><F104/><W61/><G77/><T21/><D119/><U125/><E125/><V110/><F110/><W76/><G76/><T19/><D70/><U128/><E128/><V60/><F115/><W109/><G109/><T130/><D111/><U123/><E123/><V101/><F101/><W31/><G31/><T135/><D135/><U16/><E7/><V4/><F4/><W108/><G108/><T114/><D114/><U12/><E43/><V106/><F106/><W116/><G116/><T97/><D29/><U25/><E87/><V55/><F73/><W14/><G14/><T15/><D127/><U82/><E82/><V118/><F118/><W92/><G105/><T64/><D6/><U39/><E39/><V36/><F36/><W94/><G94/><T45/><D2/><U41/><E41/><V54/><F32/><W44/><G44/><T47/><D19/><U112/><E112/><V1/><F1/><W83/><G83/><T91/><D38/><U129/><E129/><V122/><F122/><W89/><REACH who="3" step="1"/><G61/><REACH who="3" ten="230,240,290,230" step="2"/><T49/><D47/><U126/><E126/><V11/><F27/><W40/><G40/><T113/><D45/><U134/><REACH who="1" step="1"/><E12/><REACH who="1" ten="230,230,290,230" step="2"/><V10/><F3/><W124/><G124/><T34/><D15/><U100/><AGARI ba="0,2" hai="16,20,22,23,25,50,53,58,96,100,107,132,133,134" machi="100" ten="40,12000,1" yaku="1,1,2,1,0,1,20,1,54,1,53,0" doraHai="59" doraHaiUra="62" who="1" fromWho="1" sc="230,-40,230,140,290,-40,230,-40" /><INIT seed="1,1,0,0,0,113" ten="190,370,250,190" oya="1" hai0="85,81,63,8,105,133,106,20,32,130,7,114,88" hai1="109,76,101,25,17,97,47,61,50,28,134,92,69" hai2="41,102,125,71,34,52,83,62,73,90,117,94,21" hai3="111,14,60,51,115,11,96,127,45,59,49,12,82"/><U18/><E134/><V122/><F34/><W9/><G115/><T119/><D114/><U30/><E109/><V77/><F122/><W55/><G127/><T132/><D32/><U128/><E128/><V42/><F125/><W118/><G111/><T64/><D20/><U57/><E69/><V100/><F117/><W35/><G35/><T124/><D130/><U39/><E39/><V10/><F10/><W84/><G96/><T3/><D124/><U87/><E76/><V78/><F78/><W2/><G2/><T15/><D3/><U89/><E50/><V131/><F131/><W116/><G11/><T38/><D38/><U112/><E47/><V123/><F123/><W98/><G98/><T58/><REACH who="0" step="1"/><D119/><REACH who="0" ten="180,370,250,190" step="2"/><N who="3" m="45609" /><G9/><T26/><D26/><U95/><E112/><V108/><F21/><W80/><G51/><T13/><D13/><N who="3" m="5225" /><G84/><T72/><D72/><U86/><E87/><V43/><F108/><W91/><G91/><T37/><D37/><U0/><E0/><V1/><F1/><W104/><G104/><AGARI ba="1,1" hai="7,8,15,58,63,64,81,85,88,104,105,106,132,133" machi="104" ten="40,5200,0" yaku="1,1,54,1,53,1" doraHai="113" doraHaiUra="5" who="0" fromWho="3" sc="180,65,370,0,250,0,190,-55" /><INIT seed="2,0,0,0,4,128" ten="245,370,250,135" oya="2" hai0="105,131,71,64,72,117,25,119,28,98,58,73,92" hai1="133,76,2,82,135,33,57,40,9,81,111,91,89" hai2="36,79,134,87,101,96,3,88,66,115,85,12,31" hai3="126,50,68,38,54,67,17,77,63,61,19,83,113"/><V32/><F115/><W48/><G126/><T120/><D120/><U5/><E33/><V114/><F114/><W108/><G108/><T16/><D71/><U110/><E40/><V14/><F3/><W53/><G113/><T69/><D69/><U65/><E65/><V94/><F36/><W62/><G77/><T59/><D105/><U27/><E57/><V39/><F39/><W22/><G83/><N who="1" m="31754" /><E27/><V104/><F79/><W10/><G10/><T124/><D124/><U13/><E2/><V4/><F85/><W49/><G22/><N who="0" m="13511" /><D28/><U52/><E52/><N who="3" m="20074" /><G19/><T44/><D44/><U43/><E43/><V118/><F4/><W112/><G17/><T125/><D59/><U29/><E29/><V109/><F31/><W84/><G84/><T100/><D125/><U15/><E15/><V116/><F12/><W0/><G0/><T107/><D131/><U46/><E46/><V121/><F14/><W80/><G80/><T86/><D86/><U70/><E70/><V103/><F32/><W123/><G112/><T130/><D130/><U129/><E76/><V47/><F66/><W30/><G30/><T56/><D107/><U122/><E122/><V35/><F104/><W7/><G7/><T34/><D34/><U95/><E129/><V11/><F35/><W93/><G123/><T102/><D73/><U74/><E74/><V37/><F121/><W18/><G18/><T78/><D78/><U24/><E24/><V23/><F11/><W132/><G38/><T45/><D72/><U55/><E111/><V75/><F109/><W90/><G132/><N who="1" m="50762" /><E110/><V1/><F1/><RYUUKYOKU ba="0,0" sc="245,-10,370,-10,250,-10,135,30" hai3="48,49,50,61,62,63,67,68,90,93" /><INIT seed="3,1,0,1,0,55" ten="235,360,240,165" oya="3" hai0="112,16,126,66,114,87,74,67,20,108,21,102,47" hai1="25,12,26,58,113,39,133,6,110,71,75,1,17" hai2="122,82,121,45,123,15,8,95,72,13,81,52,116" hai3="60,34,11,132,0,22,44,27,68,130,77,14,79"/><W64/><G130/><T134/><D74/><U35/><E71/><V32/><F116/><W124/><G124/><T46/><D108/><U96/><E113/><N who="0" m="43625" /><D102/><U100/><E39/><V115/><F115/><W42/><G132/><T106/><D106/><U127/><E75/><V90/><F32/><W43/><G34/><T23/><D126/><U61/><E127/><V105/><F105/><W109/><G0/><T63/><D134/><U69/><E69/><V76/><F82/><W37/><G43/><T99/><D99/><U62/><E110/><V70/><F70/><W49/><G109/><T135/><D135/><U104/><E133/><V2/><F52/><W78/><G37/><T119/><D119/><U4/><E1/><V83/><F45/><N who="0" m="16906" /><D16/><U10/><E62/><V56/><F83/><W125/><G125/><T117/><D117/><U41/><E41/><V24/><F24/><W84/><G84/><T65/><D87/><U118/><E118/><V80/><F80/><W31/><REACH who="3" step="1"/><G77/><REACH who="3" ten="235,360,240,155" step="2"/><T33/><D33/><U73/><E73/><V19/><F72/><W89/><G89/><T129/><D129/><U59/><E35/><V120/><F120/><W29/><G29/><T103/><D103/><U128/><E128/><V97/><F76/><W92/><G92/><T53/><D63/><U48/><E61/><V101/><F101/><W9/><G9/><T107/><D107/><U3/><E3/><V50/><F2/><W111/><G111/><T131/><D131/><U98/><E100/><V5/><F90/><W28/><G28/><T86/><D86/><U38/><E104/><RYUUKYOKU ba="1,1" sc="235,15,360,-15,240,-15,155,15" hai0="20,21,23,53,65,66,67" hai3="11,14,22,27,31,42,44,49,60,64,68,78,79" /><INIT seed="3,2,1,4,2,115" ten="250,345,225,170" oya="3" hai0="35,65,53,117,17,49,30,15,75,41,107,125,28" hai1="61,93,10,46,22,76,50,47,13,19,130,12,91" hai2="32,106,101,3,20,92,114,132,14,123,24,96,127" hai3="59,128,54,133,80,25,86,60,122,1,68,89,45"/><W78/><G122/><T88/><D107/><U74/><E130/><V112/><F3/><W126/><G128/><T98/><D75/><U97/><E74/><V51/><F123/><W64/><G126/><T109/><D109/><U108/><E108/><V5/><F32/><W79/><G133/><T36/><D65/><U118/><E118/><V26/><F127/><W129/><G129/><T113/><D117/><U16/><E76/><V27/><F132/><W66/><G1/><T81/><D35/><U55/><E61/><V124/><F124/><W18/><G68/><T9/><D113/><U70/><E70/><V43/><F106/><W69/><G69/><T56/><D125/><U103/><E47/><N who="2" m="26111" /><F112/><W40/><G66/><T94/><D36/><U67/><E67/><V116/><F116/><W63/><G63/><T120/><D120/><U131/><E131/><V33/><F33/><W105/><G105/><T31/><D81/><U52/><E55/><V34/><F34/><W135/><G135/><T37/><D37/><U57/><E46/><V4/><F114/><W38/><REACH who="3" step="1"/><G64/><REACH who="3" ten="250,345,225,160" step="2"/><T71/><D71/><U8/><E103/><V58/><F58/><W21/><AGARI ba="2,2" hai="18,21,25,38,40,45,54,59,60,78,79,80,86,89" machi="21" ten="30,6000,0" yaku="1,1,2,1,0,1,53,0" doraHai="115" doraHaiUra="110" who="3" fromWho="3" sc="250,-22,345,-22,225,-22,160,86" /><INIT seed="3,3,0,0,3,113" ten="228,323,203,246" oya="3" hai0="11,85,72,106,123,122,70,57,112,7,1,135,26" hai1="65,129,101,30,28,60,99,15,115,117,128,121,96" hai2="131,67,105,77,124,41,127,130,92,114,107,64,27" hai3="38,78,56,35,104,62,2,134,97,31,44,71,111"/><W19/><G19/><T118/><D70/><U74/><E117/><V83/><F41/><N who="3" m="22583" /><G56/><T22/><D72/><U79/><E115/><V63/><F27/><N who="3" m="18943" /><G134/><T17/><D106/><N who="2" m="40458" /><F92/><W81/><G111/><T25/><D112/><U13/><E121/><V16/><F16/><W21/><G21/><T34/><D135/><U95/><E74/><N who="2" m="43447" /><F114/><W102/><G81/><T87/><D57/><N who="1" m="37007" /><E79/><V82/><F82/><W5/><G78/><T46/><D46/><U120/><E120/><N who="0" m="46121" /><D85/><U9/><E99/><V24/><F24/><W132/><G132/><T66/><D87/><U100/><E100/><V75/><F75/><W58/><G58/><T48/><D48/><U84/><E84/><V133/><F133/><W33/><G33/><T69/><D69/><U32/><E32/><V53/><F53/><W45/><G45/><T50/><D50/><U98/><E98/><V37/><F37/><W12/><G12/><N who="1" m="4682" /><E9/><V125/><F67/><N who="3" m="41463" /><G5/><T109/><D66/><U119/><E28/><V43/><F43/><W108/><G108/><T47/><D109/><U68/><E30/><V86/><F86/><W94/><G94/><T116/><D47/><U89/><E68/><AGARI ba="3,0" hai="63,64,68,124,125,127,130,131" m="43447,40458" machi="68" ten="40,2600,0" yaku="18,1,23,1" doraHai="113" who="2" fromWho="1" sc="228,0,323,-35,203,35,246,0" /><INIT seed="4,0,0,1,5,61" ten="228,288,238,246" oya="0" hai0="130,42,127,133,114,113,64,123,53,129,106,46,40" hai1="102,28,83,86,79,96,67,95,118,10,68,134,81" hai2="17,117,0,76,90,37,121,23,91,24,22,51,77" hai3="8,47,39,72,34,50,14,103,85,58,126,6,105"/><T59/><D106/><U31/><E118/><V100/><F37/><W116/><G116/><T115/><D123/><U41/><E134/><V66/><F117/><W54/><G126/><T4/><D133/><U122/><E122/><V128/><F121/><W21/><G34/><T7/><D127/><U2/><E41/><N who="0" m="15977" /><D7/><U132/><E132/><V124/><F0/><W36/><G72/><T101/><D101/><U99/><E99/><V5/><F5/><W93/><G105/><T60/><D4/><U88/><E2/><V71/><F100/><W69/><G69/><N who="0" m="42119" /><D46/><U109/><E10/><V89/><F124/><W82/><G21/><T52/><D52/><U45/><E45/><V135/><F135/><W26/><G47/><T33/><D33/><U112/><E28/><V9/><F9/><W43/><G103/><T57/><D57/><U108/><E31/><V131/><F22/><W94/><G58/><T16/><D16/><U35/><E35/><V75/><F75/><W92/><G54/><T120/><D120/><U97/><E102/><V15/><F15/><W44/><G26/><T12/><D12/><U18/><E18/><V65/><F77/><AGARI ba="0,0" hai="6,8,14,36,39,43,44,50,77,82,85,92,93,94" machi="77" ten="40,2600,0" yaku="25,2" doraHai="61" who="3" fromWho="2" sc="228,0,288,0,238,-26,246,26" /><INIT seed="5,0,0,5,4,93" ten="228,288,212,272" oya="1" hai0="78,116,20,30,36,19,118,121,21,65,94,1,91" hai1="54,34,79,64,115,66,92,69,85,96,74,43,28" hai2="63,126,7,95,73,49,58,81,45,55,59,26,60" hai3="68,82,131,27,113,135,12,130,134,124,33,39,76"/><U2/><E74/><V29/><F126/><W16/><G39/><T122/><D36/><U97/><E2/><V111/><F111/><W109/><G68/><T10/><D78/><U62/><E115/><V48/><F7/><W70/><G70/><T22/><D65/><U84/><E43/><V119/><F119/><N who="0" m="45610" /><D94/><U101/><E66/><V13/><F13/><W25/><G109/><T3/><D91/><U103/><E79/><V47/><F73/><N who="3" m="43279" /><G113/><T38/><D38/><U133/><E133/><N who="3" m="50698" /><G124/><T53/><D53/><U106/><E54/><V23/><F81/><W77/><G77/><T9/><D30/><U67/><E67/><N who="2" m="39319" /><F95/><W83/><G83/><T31/><D31/><U104/><E92/><V5/><F5/><W4/><G4/><T90/><D90/><U125/><E125/><V52/><F55/><W108/><G108/><T87/><D87/><U18/><E18/><V6/><F6/><W88/><G88/><T129/><D129/><N who="3" m="49161" /><G33/><T57/><D19/><U8/><E8/><AGARI ba="0,0" hai="8,12,16,25,27" m="49161,50698,43279" machi="8" ten="30,3900,0" yaku="20,1,19,1,54,1" doraHai="93" who="3" fromWho="1" sc="228,0,288,-39,212,0,272,39" owari="228,-17.2,249,4.9,212,-28.8,311,41.1" /></mjloggm>