<mjloggm ver="2.3"><GO type="225" lobby="0"/><UN n0="%6D%75%75%73%61%6E%6D%75" n1="%E6%A1%9C%E8%8A%B1%E9%96%83%E3%80%85" n2="%4B%2E%32%2E%4B%2E" n3="%E3%81%A4%E3%81%A3%E3%81%B1%E3%82%8A%E3%83%9D%E3%83%BC%E3%83%AB" dan="17,16,16,17" rate="2176.80,2205.08,2187.47,2217.18" sx="F,M,M,M"/><TAIKYOKU oya="0"/><INIT seed="0,0,0,3,3,79" ten="250,250,250,250" oya="0" hai0="104,39,28,77,2,86,114,92,13,109,44,91,48" hai1="85,30,64,89,69,130,47,100,132,16,115,87,78" hai2="24,7,36,20,9,122,37,121,83,63,65,27,84" hai3="119,88,57,73,29,126,111,120,50,62,96,53,103"/><T49/><D114/><U40/><E115/><V110/><F110/><W97/><G119/><T131/><D2/><U43/><E130/><V8/><F37/><W14/><G111/><T127/><D109/><U18/><E132/><V117/><F36/><W98/><G73/><T76/><D131/><U112/><E112/><V5/><F117/><W105/><G126/><T80/><D127/><U19/><E100/><V58/><F8/><W22/><G120/><T82/><D104/><U107/><E107/><V113/><F113/><W93/><G62/><T32/><D39/><U123/><E123/><V56/><F56/><W95/><G105/><T124/><D124/><U129/><E30/><V68/><F68/><W23/><G29/><T12/><D32/><U102/><E102/><V72/><F72/><W6/><REACH who="3" step="1"/><G97/><REACH who="3" ten="250,250,250,240" step="2"/><N who="0" m="57503" /><D28/><U34/><E129/><V52/><F122/><W31/><G31/><T33/><D33/><U11/><E34/><V71/><F121/><W10/><AGARI ba="0,1" hai="6,10,14,22,23,50,53,57,88,93,95,96,98,103" machi="10" ten="30,8000,1" yaku="1,1,0,1,8,1,54,1,53,1" doraHai="79" doraHaiUra="4" who="3" fromWho="3" sc="250,-40,250,-20,250,-20,240,90" /><INIT seed="1,0,0,3,3,71" ten="210,230,230,330" oya="1" hai0="110,28,19,67,123,11,73,119,84,54,31,53,32" hai1="92,85,86,125,129,7,51,22,40,118,68,120,48" hai2="5,42,13,34,121,102,108,101,133,33,38,76,128" hai3="12,135,80,75,60,95,74,82,55,18,93,26,9"/><U25/><E118/><V99/><F121/><W111/><G111/><T30/><D73/><U63/><E120/><V14/><F108/><W106/><G106/><T3/><D123/><U130/><E7/><V16/><F128/><N who="1" m="49257" /><E125/><V66/><F133/><W112/><G112/><T39/><D110/><U62/><E92/><N who="3" m="35402" /><G75/><T122/><D122/><U115/><E115/><V15/><F66/><W47/><G74/><T57/><D119/><U6/><E6/><V117/><F117/><W29/><G135/><T44/><D32/><U21/><E21/><V64/><F5/><W113/><G113/><T65/><D3/><U89/><E85/><V37/><F64/><W70/><G70/><T94/><D84/><U36/><E89/><V20/><F76/><W52/><G80/><T1/><D94/><U132/><E86/><V83/><F83/><W114/><G82/><T35/><D35/><N who="2" m="13322" /><F42/><W50/><G114/><T24/><D1/><U90/><E90/><V109/><F109/><W69/><G69/><T105/><D105/><U100/><E100/><N who="2" m="38507" /><F99/><W98/><G98/><T58/><D11/><U91/><E91/><V56/><F56/><N who="3" m="34847" /><G26/><T8/><D24/><U17/><E132/><V127/><F127/><W131/><G131/><T79/><D79/><U46/><E63/><V77/><F77/><W43/><G43/><N who="0" m="22655" /><D57/><U78/><E78/><V0/><F0/><W4/><G4/><T81/><D81/><U49/><E62/><V103/><N who="2" m="38515" /><V23/><DORA hai="96" /><F16/><W104/><G104/><T61/><D67/><U59/><E68/><V10/><F10/><W107/><G107/><RYUUKYOKU ba="0,0" sc="210,0,230,0,230,0,330,0" hai0="8,19,28,30,31,53,54,58,61,65" hai1="17,22,25,36,40,46,48,49,51,59" hai2="13,14,15,20,23,37,38" hai3="9,12,18,29,47,50,52" /><INIT seed="1,1,0,1,1,81" ten="210,230,230,330" oya="1" hai0="27,52,13,127,125,96,114,20,120,86,48,84,56" hai1="134,126,73,7,53,29,112,71,108,95,39,58,124" hai2="47,83,132,70,116,87,45,135,4,46,104,76,59" hai3="41,9,61,14,100,103,131,38,118,37,34,26,3"/><U91/><E112/><V68/><F116/><W35/><G3/><T23/><D114/><U51/><E134/><N who="2" m="51243" /><F104/><W33/><G118/><T88/><D120/><U117/><E117/><V50/><F4/><W55/><G131/><T97/><D20/><U8/><E73/><V63/><F50/><W75/><G75/><T10/><D125/><N who="1" m="48235" /><E71/><V0/><F0/><W115/><G26/><T30/><D127/><U31/><E39/><V93/><F93/><W43/><G115/><T133/><D133/><U92/><E108/><V28/><F28/><N who="1" m="10825" /><E91/><V121/><F121/><W25/><G37/><T130/><D130/><U89/><E89/><V90/><F90/><W119/><G38/><T94/><D86/><U65/><E65/><AGARI ba="1,0" hai="45,46,47,59,63,65,68,70,76,83,87" m="51243" machi="65" ten="30,2000,0" yaku="20,1,52,1" doraHai="81" who="2" fromWho="1" sc="210,0,230,-23,230,23,330,0" /><INIT seed="2,0,0,4,1,89" ten="210,207,253,330" oya="2" hai0="45,107,46,96,129,117,25,19,18,128,29,39,74" hai1="21,60,135,121,119,109,58,84,116,64,133,1,20" hai2="57,132,111,41,6,113,62,90,56,15,54,122,95" hai3="61,73,105,7,101,94,124,26,38,44,77,72,53"/><V34/><F122/><W12/><G105/><T35/><D74/><U71/><E1/><V3/><F113/><W30/><G124/><T92/><D107/><U110/><E84/><V2/><F34/><W131/><G131/><N who="0" m="50251" /><D117/><N who="1" m="45131" /><E20/><V65/><F132/><N who="1" m="50761" /><E21/><V118/><F118/><W28/><G28/><T22/><D39/><U23/><E23/><V127/><F41/><W13/><G77/><T33/><D33/><U69/><E121/><V43/><F43/><W70/><G7/><T52/><D52/><U81/><E81/><V50/><F111/><AGARI ba="0,0" hai="58,60,64,69,71,109,110,111" m="50761,45131" machi="111" ten="40,8000,1" yaku="14,1,20,1,34,2" doraHai="89" who="1" fromWho="2" sc="210,0,207,80,253,-80,330,0" /><INIT seed="3,0,0,0,2,51" ten="210,287,173,330" oya="3" hai0="66,97,32,61,91,105,49,80,120,42,18,29,111" hai1="127,37,83,95,129,92,103,132,4,117,0,27,1" hai2="10,102,11,107,88,13,44,23,73,86,33,110,130" hai3="22,9,46,28,128,35,75,90,122,133,40,39,57"/><W123/><G75/><T135/><D120/><U6/><E37/><V85/><F73/><W25/><G128/><T79/><D111/><U77/><E129/><V58/><F130/><W78/><G78/><T126/><D126/><U64/><E127/><V100/><F107/><W108/><G108/><T119/><D135/><U99/><E132/><V63/><F85/><W106/><G106/><T45/><D119/><U70/><E117/><V134/><F33/><W43/><G43/><T7/><D7/><U96/><E27/><V50/><F23/><W60/><G133/><T112/><D18/><U31/><E31/><V19/><F10/><W124/><G124/><T131/><D131/><U98/><E98/><V115/><F115/><W34/><G9/><T93/><D112/><U15/><E64/><V54/><F110/><W87/><G122/><T62/><D66/><U12/><E83/><N who="2" m="49247" /><F134/><W76/><G76/><T59/><D105/><U24/><E77/><V65/><AGARI ba="0,0" hai="11,13,19,44,50,54,58,63,65,100,102" m="49247" machi="65" ten="30,7900,0" yaku="25,1,8,1,52,1,54,1" doraHai="51" who="2" fromWho="2" sc="210,-20,287,-20,173,79,330,-39" /><INIT seed="4,0,0,1,3,6" ten="190,267,252,291" oya="0" hai0="56,52,120,98,90,54,66,25,104,85,91,7,101" hai1="33,22,93,11,68,92,129,9,80,69,50,128,100" hai2="49,57,114,107,39,118,78,79,89,60,123,121,110" hai3="75,41,43,103,125,1,44,94,3,73,32,65,0"/><T20/><D120/><U111/><E33/><V37/><F110/><W113/><G32/><T64/><D7/><U10/><E111/><V21/><F107/><W18/><G113/><T4/><D4/><U53/><E22/><V117/><F21/><W76/><G76/><N who="2" m="29225" /><F89/><W116/><G116/><N who="2" m="44649" /><F49/><W88/><G103/><T58/><D58/><N who="1" m="33079" /><E80/><V30/><F30/><W132/><G132/><T17/><D91/><U70/><E100/><V59/><F60/><W96/><G125/><T45/><D45/><U36/><E36/><N who="2" m="13899" /><F114/><W40/><G44/><T127/><D127/><U105/><E105/><V95/><F95/><W51/><G51/><T83/><REACH who="0" step="1"/><D54/><REACH who="0" ten="180,267,252,291" step="2"/><U106/><E106/><V126/><F126/><W46/><G46/><T135/><D135/><U38/><E38/><V28/><F28/><W12/><G88/><T48/><AGARI ba="0,1" hai="17,20,25,48,52,56,64,66,83,85,90,98,101,104" machi="48" ten="20,12000,1" yaku="1,1,0,1,7,1,54,1,53,1" doraHai="6" doraHaiUra="84" who="0" fromWho="0" sc="180,130,267,-40,252,-40,291,-40" owari="310,41.0,227,-17.3,212,-28.8,251,5.1" /></mjloggm>