<mjloggm ver="2.3"><GO type="225" lobby="0"/><UN n0="%E3%81%9F%E3%81%93%E2%98%86%E7%84%BC%E3%81%8D" n1="%E5%A4%96%E5%B7%9D%E7%AB%9C%E6%88%90" n2="%54%4F%52" n3="%6D%75%75%6D%75%72%61" dan="16,16,17,16" rate="2102.97,2074.79,2245.72,2164.05" sx="M,M,M,F"/><TAIKYOKU oya="0"/><INIT seed="0,0,0,5,1,96" ten="250,250,250,250" oya="0" hai0="49,5,104,105,133,97,32,2,113,127,115,37,27" hai1="100,116,9,39,88,0,50,62,102,41,75,31,44" hai2="108,61,21,84,16,25,71,95,101,63,33,92,12" hai3="14,131,111,132,43,81,70,10,69,11,119,45,72"/><T128/><D49/><U38/><E116/><V123/><F123/><W58/><G119/><T110/><D128/><U34/><E75/><V73/><F73/><W52/><G111/><T42/><D133/><U65/><E38/><V120/><F120/><W56/><G131/><T13/><D13/><U98/><E34/><V26/><F108/><W122/><G58/><T106/><D127/><U40/><E31/><V64/><F61/><W36/><G132/><T29/><D110/><U112/><E112/><V76/><F33/><W68/><G122/><T86/><D86/><U78/><E78/><V55/><F55/><W3/><G3/><T118/><D118/><U83/><E39/><V126/><F126/><W124/><G124/><T54/><D54/><N who="1" m="30023" /><E0/><V99/><REACH who="2" step="1"/><F92/><REACH who="2" ten="250,250,240,250" step="2"/><W107/><G107/><T90/><D105/><U135/><E135/><V48/><F48/><W82/><G72/><T130/><D106/><U114/><E114/><V89/><F89/><W1/><G1/><T125/><D90/><U17/><E62/><V20/><F20/><W47/><G47/><N who="0" m="24015" /><D130/><U87/><E65/><V46/><F46/><W80/><REACH who="3" step="1"/><G14/><REACH who="3" ten="250,250,240,240" step="2"/><T19/><D125/><U59/><E59/><V53/><F53/><W24/><G24/><T18/><D115/><U74/><E74/><V93/><F93/><W94/><G94/><T129/><D113/><U8/><E41/><V103/><F103/><W57/><G57/><T77/><D129/><U15/><E40/><V6/><F6/><W109/><G109/><T121/><D5/><U51/><E102/><V67/><F67/><W30/><G30/><RYUUKYOKU ba="0,2" sc="250,-15,250,-15,240,15,240,15" hai2="12,16,21,25,26,63,64,71,76,84,95,99,101" hai3="10,11,36,43,45,52,56,68,69,70,80,81,82" /><INIT seed="1,1,2,5,5,90" ten="235,235,255,255" oya="1" hai0="7,3,53,95,37,97,32,16,96,107,65,129,66" hai1="52,49,0,98,46,80,25,126,34,47,6,23,85" hai2="26,42,104,123,106,124,105,14,102,24,132,73,4" hai3="64,94,17,118,55,50,114,72,121,48,30,35,44"/><U59/><E126/><V71/><F123/><W133/><G121/><T108/><D37/><U88/><E34/><V87/><F73/><W40/><G114/><T12/><D32/><U63/><E0/><V1/><F124/><W112/><G112/><T38/><D38/><U91/><E6/><V41/><F71/><W81/><G133/><T19/><D108/><U18/><E49/><V62/><F1/><W21/><G118/><T128/><D107/><U10/><E10/><V79/><F102/><W113/><G64/><N who="0" m="24683" /><D97/><U54/><E54/><V78/><F62/><W69/><G69/><T68/><D68/><U119/><E119/><V86/><F105/><W70/><G70/><T93/><D96/><U51/><E51/><V115/><F14/><W8/><G8/><N who="0" m="4127" /><D53/><U67/><E67/><V122/><F4/><W130/><G55/><T83/><D83/><U116/><E116/><V92/><F115/><W120/><G81/><T84/><D84/><U89/><E89/><V31/><F122/><W131/><G72/><T99/><D99/><U61/><E61/><V76/><F76/><W109/><G113/><T58/><D58/><U28/><E28/><V29/><REACH who="2" step="1"/><F92/><AGARI ba="1,2" hai="18,23,25,46,47,52,59,63,80,85,88,91,92,98" machi="92" ten="40,18000,2" yaku="25,2,8,1,52,1,54,2" doraHai="90" who="1" fromWho="2" sc="235,0,235,203,255,-183,255,0" /><INIT seed="1,2,0,1,4,33" ten="235,438,72,255" oya="1" hai0="21,17,115,106,40,34,47,99,103,30,84,111,25" hai1="1,77,118,56,81,65,12,88,135,23,76,41,131" hai2="100,16,83,129,102,105,7,71,113,80,29,93,54" hai3="63,46,90,49,48,26,79,91,27,67,98,101,32"/><U123/><E118/><V107/><F71/><W70/><G79/><T45/><D111/><U132/><E123/><V130/><F29/><N who="3" m="19511" /><G27/><T60/><D115/><U53/><E41/><V11/><F54/><N who="3" m="29975" /><G49/><T109/><D109/><U110/><E65/><V50/><F50/><W36/><G36/><T64/><D84/><N who="1" m="50191" /><E23/><V127/><F113/><W55/><G55/><T9/><D9/><U44/><E12/><V59/><F59/><W116/><G116/><T3/><D40/><U24/><E24/><V87/><F16/><W134/><G134/><N who="1" m="51242" /><E44/><V114/><F114/><W62/><G62/><T117/><D117/><U57/><E57/><V128/><F11/><W66/><G66/><T2/><D47/><U13/><E13/><V122/><F7/><W94/><G63/><T112/><D112/><U39/><E39/><V124/><F122/><W31/><G67/><T69/><D45/><U120/><E120/><V86/><REACH who="2" step="1"/><F129/><REACH who="2" ten="235,438,62,255" step="2"/><W61/><G70/><T18/><D18/><U108/><E131/><V68/><F68/><W85/><G31/><T0/><D17/><U52/><E110/><V133/><F133/><W121/><G121/><T15/><D69/><U126/><E108/><V89/><F89/><W73/><G91/><T51/><D51/><U95/><E56/><V74/><F74/><W75/><G61/><T42/><D60/><U5/><E53/><V37/><F37/><W8/><G8/><T10/><D10/><N who="1" m="2351" /><E52/><V6/><F6/><W20/><G75/><T4/><D4/><U125/><E125/><V96/><F96/><W43/><G73/><T104/><D99/><RYUUKYOKU ba="2,1" sc="235,-10,438,-10,62,30,255,-10" hai2="80,83,86,87,93,100,102,105,107,124,127,128,130" /><INIT seed="2,3,1,5,0,125" ten="225,428,92,245" oya="2" hai0="131,124,41,42,75,93,9,17,117,104,102,100,18" hai1="70,118,110,13,21,83,134,52,121,69,62,85,37" hai2="114,28,106,79,24,130,109,53,76,30,60,40,6" hai3="87,36,5,50,120,65,112,123,94,73,61,31,122"/><V26/><F114/><W119/><G36/><T15/><D75/><U98/><E52/><V7/><F106/><W2/><G119/><T135/><D124/><U1/><E85/><V108/><F40/><W33/><G73/><T20/><D104/><U107/><E13/><V88/><F53/><W22/><G112/><T77/><D77/><U95/><E95/><V47/><F47/><W84/><G33/><T46/><D42/><U12/><E12/><V38/><F38/><W78/><G50/><T133/><D117/><U111/><E21/><V132/><F60/><W59/><G5/><T103/><D93/><U51/><E98/><V45/><F45/><W3/><G84/><T19/><D131/><U58/><E58/><V35/><F35/><W34/><G34/><T0/><D0/><U99/><E99/><V80/><F132/><N who="0" m="50762" /><D20/><U67/><E67/><V16/><F80/><W105/><G105/><T96/><D96/><U82/><E83/><V32/><F32/><W86/><G86/><T126/><D126/><U55/><E82/><V101/><F130/><W57/><G78/><T127/><D127/><U97/><E97/><V4/><F4/><W91/><G59/><T48/><AGARI ba="3,1" hai="9,15,17,18,19,41,46,48,100,102,103" m="50762" machi="48" ten="30,1100,0" yaku="20,1" doraHai="125" who="0" fromWho="0" sc="225,30,428,-6,92,-8,245,-6" /><INIT seed="3,0,0,4,4,130" ten="255,422,84,239" oya="3" hai0="85,128,1,47,86,0,80,117,123,45,23,111,15" hai1="73,81,18,82,94,2,16,66,120,24,49,102,40" hai2="90,5,7,6,22,19,29,35,4,36,71,41,61" hai3="31,77,91,27,34,103,112,44,20,116,42,125,63"/><W72/><G112/><T57/><D23/><N who="1" m="13415" /><E73/><V28/><F41/><W53/><G116/><T25/><D15/><U122/><E2/><V52/><F36/><W97/><G125/><T134/><D80/><U127/><E127/><V107/><F107/><W83/><G91/><T50/><D50/><U110/><E110/><V26/><F71/><W30/><G63/><T17/><D25/><U114/><E66/><V38/><F38/><W64/><G64/><T9/><D17/><U92/><E92/><V99/><N who="2" m="1024" /><DORA hai="75" /><V89/><F35/><W14/><G53/><T68/><D9/><U10/><E94/><V32/><F32/><W87/><G72/><T43/><D57/><U59/><E59/><V65/><F65/><W33/><G31/><T21/><D21/><U13/><E114/><V115/><F115/><W55/><G55/><T109/><D128/><U118/><E118/><V62/><F62/><W101/><G14/><T46/><D46/><N who="1" m="25799" /><E102/><V48/><F61/><W69/><G103/><T56/><D56/><U135/><E122/><V51/><F51/><W70/><G70/><T84/><D123/><U126/><E126/><V96/><F96/><W58/><G58/><T131/><D131/><U60/><E60/><V3/><F3/><W121/><G69/><T113/><D68/><U119/><E119/><V39/><F39/><N who="3" m="21599" /><G121/><T37/><D113/><U100/><E100/><V129/><F129/><W124/><G124/><T108/><D117/><U76/><E120/><V98/><F98/><W74/><G74/><T11/><D0/><U104/><E104/><V106/><F106/><RYUUKYOKU ba="0,0" sc="255,-10,422,-10,84,-10,239,30" hai3="20,27,30,33,34,77,83,87,97,101" /><INIT seed="3,1,0,3,3,43" ten="245,412,74,269" oya="3" hai0="126,45,97,107,69,34,51,110,98,30,130,32,47" hai1="75,58,115,118,16,86,134,68,128,27,102,25,24" hai2="78,40,94,84,52,13,63,122,127,28,96,66,112" hai3="90,89,103,44,80,119,33,125,116,26,39,79,99"/><W60/><G125/><T117/><D117/><U67/><E75/><V132/><F132/><W54/><G60/><T74/><D69/><U23/><E118/><V53/><F112/><W83/><G33/><T15/><D74/><U133/><E115/><V29/><F127/><W4/><G4/><T77/><D77/><U31/><E128/><V101/><F122/><W50/><G39/><T59/><D130/><U85/><E102/><V3/><F3/><W17/><G89/><T76/><D76/><U7/><E7/><V57/><F28/><W113/><G90/><T100/><D110/><U104/><E104/><V70/><F70/><W135/><G135/><N who="1" m="51722" /><E68/><V22/><F13/><W6/><G6/><T19/><D98/><U62/><E25/><V14/><F14/><W42/><G42/><T121/><D121/><U0/><E0/><V12/><F12/><W111/><G111/><T123/><D123/><U64/><E64/><V91/><F78/><W106/><G113/><T95/><D107/><U73/><E73/><V35/><F40/><W65/><G65/><T72/><D72/><U87/><E86/><V48/><F35/><AGARI ba="1,0" hai="16,23,24,27,31,35,58,62,67,85,87" m="51722" machi="35" ten="30,2000,0" yaku="20,1,54,1" doraHai="43" who="1" fromWho="2" sc="245,0,412,23,74,-23,269,0" owari="245,-15.5,435,53.5,51,-44.9,269,6.9" /></mjloggm>