<mjloggm ver="2.3"><GO type="225" lobby="0"/><UN n0="%E3%81%8C%E3%81%9F" n1="%E3%81%8B%E3%82%8F%E3%81%A1%E3%82%83%E3%82%93%35%38" n2="%E3%82%82%E3%81%90%E3%82%89" n3="%61%67%65%48%61" dan="16,16,16,16" rate="2128.77,2136.57,2185.56,2058.24" sx="M,M,M,M"/><TAIKYOKU oya="0"/><INIT seed="0,0,0,1,5,28" ten="250,250,250,250" oya="0" hai0="108,61,24,81,121,127,14,86,80,135,53,123,103" hai1="134,32,110,9,116,13,49,31,57,45,74,109,43" hai2="51,65,114,106,105,40,42,120,10,122,3,4,85" hai3="90,16,25,22,95,39,11,76,30,50,29,78,54"/><T101/><D127/><U1/><E116/><V100/><F114/><W73/><G39/><T133/><D14/><U125/><E74/><V132/><F132/><N who="0" m="50762" /><D24/><N who="1" m="18535" /><E134/><V99/><F105/><W75/><G73/><T2/><D2/><U91/><E1/><V36/><F36/><W46/><G75/><T77/><D53/><U60/><E91/><V128/><F120/><N who="0" m="46154" /><D61/><U126/><E13/><V64/><F122/><W0/><G0/><T104/><D108/><N who="1" m="41579" /><E9/><V119/><F10/><W98/><REACH who="3" step="1"/><G11/><REACH who="3" ten="250,250,250,240" step="2"/><T33/><D104/><U97/><E97/><V47/><F99/><W62/><G62/><T89/><D33/><U56/><E56/><V83/><F106/><W5/><G5/><T72/><AGARI ba="0,1" hai="72,77,80,81,86,89,101,103" m="46154,50762" machi="72" ten="30,6000,0" yaku="20,1,34,2" doraHai="28" who="0" fromWho="0" sc="250,70,250,-20,250,-20,240,-20" /><INIT seed="0,1,0,1,2,62" ten="320,230,230,220" oya="0" hai0="103,55,99,114,77,44,70,39,115,117,5,118,81" hai1="35,135,3,36,4,64,25,97,33,38,112,23,74" hai2="72,53,65,9,105,10,29,101,42,1,106,76,30" hai3="7,108,80,109,69,113,63,2,49,86,19,78,94"/><T17/><D17/><N who="1" m="12527" /><E64/><V122/><F122/><W47/><G113/><T131/><D131/><U32/><E97/><V34/><F42/><W132/><G132/><T57/><D5/><U68/><E68/><V14/><F1/><W90/><G19/><T88/><D70/><U54/><E54/><V59/><F101/><W130/><G130/><T40/><D114/><U82/><E82/><V41/><F41/><W27/><G27/><T71/><D71/><U128/><E3/><V85/><F72/><W133/><G133/><T83/><D115/><U58/><E58/><V84/><F65/><N who="3" m="41151" /><G7/><T116/><D77/><U50/><E50/><V60/><F59/><W0/><G49/><T13/><D13/><U12/><E4/><V26/><F53/><W56/><G56/><T110/><D110/><N who="3" m="42601" /><G47/><T11/><D11/><U48/><E12/><V37/><F14/><W66/><G66/><T129/><D129/><U43/><E128/><V18/><F60/><W104/><G104/><T67/><D67/><U46/><E112/><V6/><F18/><W51/><G51/><T20/><D20/><U127/><E135/><V134/><F6/><W28/><G28/><T93/><REACH who="0" step="1"/><D103/><REACH who="0" ten="310,230,230,220" step="2"/><U21/><E21/><V92/><F134/><W121/><G0/><T89/><D89/><U107/><E33/><V124/><F34/><W96/><G2/><T73/><D73/><U126/><E74/><V79/><F9/><W16/><G16/><T22/><D22/><U95/><E32/><V123/><F10/><W119/><G121/><T45/><D45/><N who="1" m="25663" /><E35/><V24/><F123/><W87/><G86/><RYUUKYOKU ba="1,1" sc="310,15,230,-15,230,-15,220,15" hai0="39,40,44,55,57,81,83,88,93,99,116,117,118" hai3="78,80,87,90,94,96,119" /><INIT seed="0,2,1,3,1,103" ten="325,215,215,235" oya="0" hai0="12,45,88,91,1,117,124,41,93,111,126,85,121" hai1="125,60,30,101,96,50,29,57,90,63,38,34,110" hai2="92,58,5,46,81,108,65,54,8,74,71,89,133" hai3="132,42,83,135,55,7,9,75,47,129,72,28,107"/><T87/><D117/><U19/><E38/><V56/><F108/><W61/><G129/><T24/><D121/><U0/><E0/><V130/><F130/><W62/><G28/><T2/><D12/><U67/><E34/><V48/><F133/><N who="3" m="51275" /><G107/><T116/><D116/><U100/><E110/><V10/><F71/><W131/><G131/><T39/><D111/><U119/><E119/><V27/><F27/><W86/><G55/><T43/><D24/><U106/><E125/><N who="0" m="48233" /><D41/><U36/><E36/><V78/><F65/><W114/><G114/><T70/><D70/><U120/><E120/><V35/><F35/><W84/><G62/><T51/><D51/><U123/><E123/><V25/><F25/><W31/><G61/><T6/><D6/><U98/><E90/><V66/><F66/><W118/><G31/><T40/><D40/><U79/><E79/><V18/><F18/><W127/><G127/><T73/><D73/><N who="3" m="28233" /><G83/><AGARI ba="2,1" hai="1,2,39,43,45,83,85,87,88,91,93" m="48233" machi="83" ten="30,2900,0" yaku="18,1,54,1" doraHai="103" who="0" fromWho="3" sc="325,45,215,0,215,0,235,-35" /><INIT seed="0,3,0,3,5,42" ten="370,215,215,200" oya="0" hai0="127,134,70,51,31,131,89,96,56,125,34,66,79" hai1="27,101,72,92,19,128,49,3,135,61,84,65,26" hai2="114,98,32,25,88,78,10,39,62,9,58,77,109" hai3="80,102,33,103,23,8,116,86,43,81,107,57,40"/><T48/><D131/><U100/><E72/><V74/><F114/><W95/><G33/><T130/><D130/><U121/><E3/><V67/><F109/><W1/><G116/><T50/><D134/><U97/><E128/><V73/><F39/><W63/><G107/><T6/><D70/><U112/><E121/><V69/><F74/><W82/><G1/><T60/><D6/><U105/><E135/><V24/><F69/><W41/><G8/><N who="2" m="3177" /><F32/><W111/><G23/><T132/><D132/><U90/><E112/><V133/><F73/><W75/><G111/><T4/><D4/><U20/><E101/><V52/><F67/><W64/><REACH who="3" step="1"/><G75/><REACH who="3" ten="370,215,215,190" step="2"/><T129/><D129/><U46/><E20/><V35/><F35/><W44/><G44/><T110/><D34/><U126/><E19/><V118/><F118/><W29/><G29/><T55/><D31/><U7/><E7/><V93/><F133/><W59/><G59/><T5/><D5/><U38/><E105/><V120/><F120/><W91/><AGARI ba="3,1" hai="40,41,43,57,63,64,80,81,82,86,91,95,102,103" machi="91" ten="40,5200,0" yaku="1,1,0,1,8,1,53,0" doraHai="42" doraHaiUra="18" who="3" fromWho="3" sc="370,-29,215,-16,215,-16,190,71" /><INIT seed="1,0,0,4,5,21" ten="341,199,199,261" oya="1" hai0="58,43,52,6,129,7,78,9,125,75,18,124,72" hai1="60,3,56,94,119,27,112,123,16,90,64,98,62" hai2="115,77,36,89,81,61,22,8,67,57,128,107,97" hai3="66,85,82,103,13,44,108,133,29,135,39,54,100"/><U24/><E112/><V86/><F115/><W12/><G66/><T45/><D129/><U19/><E119/><V15/><F128/><W79/><G108/><T113/><D18/><N who="1" m="6699" /><E3/><V32/><F32/><W10/><G29/><T34/><D34/><U118/><E123/><V132/><F36/><W120/><G120/><T76/><D113/><U59/><E118/><V102/><F22/><W55/><G39/><N who="0" m="21759" /><D78/><U87/><E87/><V99/><F132/><N who="3" m="50763" /><G13/><N who="0" m="5303" /><D7/><U95/><E95/><V2/><F2/><W117/><G117/><T130/><D76/><U0/><E0/><V4/><F99/><W49/><G55/><AGARI ba="0,0" hai="24,27,55,56,59,60,62,64,90,94,98" m="6699" machi="55" ten="30,11600,0" yaku="8,1,52,2,54,1" doraHai="21" who="1" fromWho="3" sc="341,0,199,116,199,0,261,-116" /><INIT seed="1,1,0,3,3,57" ten="341,315,199,145" oya="1" hai0="21,117,63,94,115,51,52,98,129,72,87,31,22" hai1="103,27,104,45,55,54,135,110,67,105,60,43,46" hai2="80,17,5,7,93,37,19,1,38,88,69,79,30" hai3="39,132,124,47,12,108,15,6,112,84,35,66,56"/><U32/><E135/><V131/><F69/><W119/><G35/><T127/><D115/><U62/><E32/><V70/><F70/><W91/><G112/><T18/><D117/><U42/><E27/><V48/><F131/><W111/><G132/><T3/><D72/><U8/><E8/><V2/><F30/><W58/><G119/><T64/><D3/><U73/><E73/><V99/><F2/><W10/><G124/><T24/><D129/><U49/><E103/><V126/><F126/><W25/><G25/><N who="0" m="14519" /><D87/><U28/><E28/><V106/><F38/><W0/><G39/><T92/><D127/><U78/><E78/><V114/><F37/><W89/><G47/><N who="1" m="17930" /><E110/><V101/><F48/><W86/><G0/><T133/><D133/><U9/><E9/><V90/><F114/><W120/><G10/><T44/><D98/><U122/><E122/><V96/><F1/><W16/><G66/><T59/><AGARI ba="1,0" hai="22,24,31,44,51,52,59,63,64,92,94" m="14519" machi="59" ten="30,4000,0" yaku="8,1,52,1,54,1" doraHai="57" who="0" fromWho="0" sc="341,43,315,-21,199,-11,145,-11" /><INIT seed="2,0,0,1,1,46" ten="384,294,188,134" oya="2" hai0="43,0,57,101,24,117,92,96,114,37,90,48,78" hai1="56,124,98,97,40,85,20,27,73,42,130,84,65" hai2="31,49,22,118,1,126,123,120,4,39,50,53,36" hai3="116,41,72,127,91,23,93,99,77,17,12,32,110"/><V9/><F118/><W71/><G116/><T52/><D117/><U8/><E73/><V64/><F64/><W112/><G71/><T119/><D119/><U94/><E130/><V13/><F126/><W18/><G32/><T134/><D114/><U81/><E8/><V61/><F61/><W70/><G70/><T108/><D0/><U109/><E109/><V54/><F39/><W15/><G110/><T3/><D3/><U106/><E106/><V59/><F36/><W67/><G127/><T2/><D2/><U89/><E124/><V69/><F69/><W75/><G112/><T86/><D78/><U113/><E113/><V44/><REACH who="2" step="1"/><F13/><REACH who="2" ten="384,294,178,134" step="2"/><W34/><G67/><T88/><D37/><U7/><E65/><V128/><F128/><W29/><G41/><T21/><D43/><U135/><E42/><V102/><F102/><W131/><G131/><T33/><D101/><U68/><E40/><V104/><F104/><W122/><G122/><T87/><D108/><U82/><E68/><V38/><F38/><W45/><G45/><T11/><D57/><U10/><E56/><V14/><F14/><W66/><G66/><T132/><D132/><U111/><E135/><V26/><AGARI ba="0,1" hai="1,4,9,22,26,31,44,49,50,53,54,59,120,123" machi="26" ten="30,11700,0" yaku="1,1,0,1,52,2,53,0" doraHai="46" doraHaiUra="79" who="2" fromWho="2" sc="384,-39,294,-39,178,127,134,-39" /><INIT seed="2,1,0,5,1,114" ten="345,255,305,95" oya="2" hai0="20,21,78,30,131,14,98,132,16,22,103,43,13" hai1="18,35,85,28,97,89,135,130,4,0,120,108,76" hai2="118,44,117,29,31,95,70,91,55,23,104,5,40" hai3="124,125,129,81,72,90,49,34,128,134,48,25,100"/><V115/><F115/><W67/><G100/><T121/><D121/><U99/><E18/><V3/><F104/><W86/><G67/><T93/><D131/><N who="3" m="50249" /><G34/><T52/><D132/><U75/><E4/><V80/><F70/><W107/><G25/><N who="0" m="16679" /><D43/><U110/><E0/><V102/><F102/><W69/><G69/><T1/><D1/><U42/><E42/><V9/><F80/><W26/><G26/><T109/><D109/><N who="1" m="42091" /><E130/><V61/><F31/><W58/><G58/><T94/><D78/><U123/><E28/><V68/><F29/><W33/><G33/><T57/><D94/><N who="1" m="54575" /><E35/><V87/><F23/><N who="0" m="8714" /><D16/><U66/><E66/><V32/><F32/><W83/><G49/><AGARI ba="1,0" hai="13,14,49,52,57,93,98,103" m="8714,16679" machi="49" ten="30,2000,0" yaku="8,1,54,1" doraHai="114" who="0" fromWho="3" sc="345,23,255,0,305,0,95,-23" /><INIT seed="3,0,0,3,0,33" ten="368,255,305,72" oya="3" hai0="14,1,114,121,88,128,72,116,111,20,53,100,49" hai1="68,67,108,109,23,21,35,55,56,22,16,46,91" hai2="58,90,10,93,119,28,64,96,71,87,76,118,81" hai3="103,86,29,59,36,17,98,11,62,13,4,74,32"/><W113/><G113/><T26/><D1/><U44/><E35/><V2/><F71/><W57/><G74/><T3/><D3/><U117/><E68/><V25/><F64/><W84/><G36/><T92/><D111/><U27/><E67/><V80/><F58/><W94/><G57/><T50/><D116/><U99/><E117/><V66/><F66/><W8/><G29/><T42/><D121/><U51/><E109/><V48/><F48/><W5/><G32/><T125/><D72/><U110/><E110/><V0/><F81/><W31/><G31/><T135/><D135/><U107/><E107/><V106/><F10/><W97/><G98/><T24/><D50/><U40/><E108/><V19/><F19/><W122/><G122/><T130/><D125/><U54/><E54/><V65/><F65/><W61/><G4/><T34/><D130/><U124/><E124/><V18/><F18/><W105/><G105/><T9/><D128/><U77/><E77/><V104/><F119/><W38/><G38/><T52/><D34/><U115/><E115/><V60/><F60/><W73/><G73/><T89/><D49/><U7/><E7/><V82/><F118/><W45/><G45/><N who="1" m="17514" /><E40/><V112/><F106/><W95/><G95/><T123/><D92/><N who="1" m="56735" /><E51/><V12/><F104/><W126/><G126/><T30/><D30/><U43/><E43/><V131/><F131/><W78/><G78/><T79/><D79/><U101/><E101/><N who="2" m="60559" /><F112/><W47/><G47/><T85/><D114/><U63/><AGARI ba="0,0" hai="16,21,22,23,27,55,56,63" m="56735,17514" machi="63" ten="30,4000,0" yaku="25,1,8,1,54,1" doraHai="33" who="1" fromWho="1" sc="368,-10,255,40,305,-10,72,-20" owari="358,45.8,295,9.5,295,-10.5,52,-44.8" /></mjloggm>