<mjloggm ver="2.3"><GO type="225" lobby="0"/><UN n0="%E6%B4%BE%E9%81%A3%E3%81%AE%E3%82%B8%E3%83%A3%E3%83%83%E3%82%AF" n1="%E3%83%A9%E3%82%A4%E3%83%B3%E3%81%AE%E8%99%8E" n2="%E6%98%BC%E4%B8%8B%E3%81%8C%E3%82%8A%E3%81%AE%E5%9B%A3%E5%9C%B0%E5%A6%BB" n3="%4C%4F%4C%49%54%41" dan="17,16,16,16" rate="2204.13,2062.87,2131.30,2184.38" sx="M,M,F,F"/><TAIKYOKU oya="0"/><INIT seed="0,0,0,3,4,81" ten="250,250,250,250" oya="0" hai0="85,42,17,65,130,96,23,92,88,129,37,135,76" hai1="41,31,46,69,105,118,91,2,80,99,0,11,102" hai2="90,106,100,35,43,16,63,83,89,27,128,47,107" hai3="117,101,124,18,57,36,64,5,53,44,56,112,113"/><T30/><D65/><U9/><E118/><V51/><F128/><N who="0" m="49258" /><D135/><U104/><E69/><V126/><F126/><W59/><G117/><T24/><D42/><U62/><E62/><V127/><F127/><W12/><G124/><T123/><D37/><U120/><E120/><V48/><F100/><W133/><G5/><T14/><D123/><U19/><E31/><V26/><F63/><W121/><G121/><T109/><D109/><U98/><E19/><V94/><F83/><W84/><G101/><T32/><D76/><U25/><E25/><V114/><F89/><W108/><G133/><T68/><D68/><U115/><E91/><V67/><F67/><W39/><G108/><T93/><D93/><U95/><E80/><V40/><F114/><W45/><G64/><T3/><D3/><U82/><E82/><V73/><F73/><W22/><G36/><T10/><D32/><U55/><E95/><V20/><F35/><W74/><G39/><T78/><D78/><U75/><E75/><V21/><F43/><W131/><G74/><T66/><D66/><U119/><E41/><V111/><F111/><W38/><G38/><T13/><D13/><U49/><E115/><N who="3" m="44106" /><G131/><T54/><D54/><U29/><E119/><V61/><F61/><W34/><G34/><T8/><D8/><U15/><E9/><V72/><F72/><W79/><G53/><T87/><AGARI ba="0,0" hai="10,14,17,23,24,30,85,87,88,92,96" m="49258" machi="87" ten="30,11700,0" yaku="19,1,52,2,54,1" doraHai="81" who="0" fromWho="0" sc="250,117,250,-39,250,-39,250,-39" /><INIT seed="0,1,0,0,4,29" ten="367,211,211,211" oya="0" hai0="34,94,90,52,9,58,110,1,39,81,43,63,84" hai1="111,41,11,46,47,8,35,75,123,100,4,116,56" hai2="122,80,112,57,28,62,131,132,38,120,10,26,18" hai3="79,105,53,30,12,25,119,54,45,0,73,44,78"/><T83/><D110/><U86/><E75/><V6/><F112/><W129/><G0/><T15/><D1/><U72/><E72/><V61/><F38/><W74/><G119/><T27/><D39/><U104/><E123/><V42/><F132/><W95/><G105/><T134/><D43/><U21/><E116/><V69/><F131/><W87/><G129/><T60/><D60/><U103/><E35/><V93/><F18/><W76/><G74/><T32/><D134/><U31/><E111/><V23/><F42/><W3/><G3/><T98/><D27/><N who="1" m="16879" /><E104/><V101/><F80/><W77/><G12/><T67/><D67/><U121/><E121/><V102/><F69/><W85/><G73/><T88/><D83/><U22/><E56/><V135/><F62/><W2/><G2/><T33/><D33/><U68/><E4/><AGARI ba="1,0" hai="4,9,15,32,34,52,58,63,81,84,88,90,94,98" machi="4" ten="30,12000,1" yaku="7,1,52,2,54,2" doraHai="29" who="0" fromWho="1" sc="367,123,211,-123,211,0,211,0" /><INIT seed="0,2,0,2,1,126" ten="490,88,211,211" oya="0" hai0="68,130,56,94,84,135,0,76,1,105,117,17,98" hai1="60,95,6,87,54,114,86,116,62,91,96,88,65" hai2="39,109,41,52,123,121,71,59,128,40,16,8,44" hai3="26,30,132,75,111,25,15,133,43,13,80,97,46"/><T129/><D68/><U120/><E114/><V23/><F71/><W72/><G111/><T64/><D117/><U63/><E116/><V124/><F109/><W66/><G66/><T4/><D135/><N who="3" m="51785" /><G97/><T7/><D17/><U134/><E134/><V22/><F124/><W67/><G67/><T119/><D119/><U53/><E120/><V127/><F127/><W112/><G112/><T107/><D76/><U73/><E73/><N who="3" m="28234" /><G80/><T37/><D37/><U51/><E65/><V79/><F79/><W101/><G101/><T89/><D64/><U3/><E96/><V122/><F41/><W102/><G102/><T78/><D78/><U2/><E6/><V100/><F100/><W110/><G110/><T18/><D18/><U21/><E21/><V50/><REACH who="2" step="1"/><F128/><REACH who="2" ten="490,88,201,211" step="2"/><W32/><G26/><T34/><D129/><U103/><E103/><V61/><F61/><W57/><G57/><T38/><D130/><U9/><E9/><V85/><F85/><W90/><G90/><T48/><D84/><U33/><E33/><V81/><F81/><W24/><G25/><T82/><D82/><U20/><E20/><V58/><F58/><W31/><G30/><T10/><D56/><U45/><REACH who="1" step="1"/><E54/><REACH who="1" ten="490,78,201,211" step="2"/><V99/><F99/><W77/><G32/><T28/><D34/><U27/><E27/><V108/><F108/><W11/><G11/><T12/><D98/><U49/><E49/><V35/><F35/><W55/><G55/><T70/><D48/><U92/><AGARI ba="2,2" hai="2,3,45,51,53,60,62,63,86,87,88,91,92,95" machi="92" ten="30,7900,0" yaku="1,1,0,1,9,1,54,1,53,0" doraHai="126" doraHaiUra="113" who="1" fromWho="1" sc="490,-41,78,105,201,-22,211,-22" /><INIT seed="1,0,0,3,4,99" ten="449,183,179,189" oya="1" hai0="114,17,126,82,25,133,103,79,128,93,132,43,110" hai1="117,108,40,41,36,34,42,64,105,96,30,27,112" hai2="119,60,95,62,86,72,118,116,71,18,74,47,101" hai3="78,45,8,59,13,90,48,98,2,20,80,100,111"/><U69/><E112/><V88/><F47/><W135/><G111/><T121/><D110/><U1/><E108/><V31/><F31/><W61/><G135/><T16/><D114/><U21/><E117/><V102/><F18/><W57/><G2/><T52/><D43/><U14/><E1/><V56/><F71/><W68/><G68/><T44/><D126/><U54/><E54/><V124/><F124/><W129/><G20/><T76/><D128/><U11/><E21/><V89/><F89/><W0/><G0/><T12/><D25/><U49/><E49/><V106/><F62/><W109/><G90/><T115/><D115/><U131/><E131/><V81/><F106/><W58/><G109/><T70/><D70/><U26/><E26/><V87/><F56/><W63/><G129/><T7/><D121/><U83/><E83/><V29/><F60/><W107/><G48/><T19/><D82/><U67/><E36/><V39/><F39/><W94/><G107/><T33/><D33/><U9/><E69/><V46/><F46/><W125/><G45/><T3/><D3/><U97/><E9/><V23/><F23/><W53/><G63/><T65/><D132/><U32/><E32/><V50/><F50/><W84/><REACH who="3" step="1"/><G125/><REACH who="3" ten="449,183,179,179" step="2"/><T130/><D130/><U28/><E105/><V122/><F122/><W66/><G66/><T120/><D133/><U127/><E127/><V24/><F29/><W85/><G85/><T75/><D120/><U91/><E28/><V55/><F24/><W51/><G51/><T22/><D44/><U6/><E91/><V77/><F55/><RYUUKYOKU ba="0,1" sc="449,-30,183,10,179,10,179,10" hai1="6,11,14,27,30,34,40,41,42,64,67,96,97" hai2="72,74,77,81,86,87,88,95,101,102,116,118,119" hai3="8,13,53,57,58,59,61,78,80,84,94,98,100" /><INIT seed="1,1,1,4,5,108" ten="419,193,189,189" oya="1" hai0="120,20,111,47,78,58,7,30,62,54,94,115,77" hai1="19,112,124,31,37,2,43,121,126,14,32,44,26" hai2="35,89,100,50,72,74,109,55,116,1,60,33,11" hai3="71,129,39,67,36,56,64,110,52,105,15,10,38"/><U13/><E121/><V113/><F116/><W24/><G105/><T134/><D115/><U93/><E2/><V68/><F109/><W69/><G110/><T48/><D134/><U135/><E135/><V0/><F100/><W88/><G129/><T22/><D111/><U130/><E130/><V101/><F101/><W25/><G67/><T102/><D7/><U41/><E112/><V132/><F132/><W98/><G64/><T8/><D8/><U84/><E43/><V83/><F113/><W57/><G57/><T70/><D70/><U76/><E13/><V34/><F60/><W81/><G69/><T73/><D73/><U119/><E119/><V82/><F68/><W114/><G71/><T97/><D120/><U49/><E37/><V59/><F11/><W21/><G21/><N who="0" m="8299" /><D30/><U3/><E3/><V29/><F29/><W95/><G81/><T125/><D125/><U106/><E106/><V117/><F117/><W9/><G9/><T51/><D51/><U46/><E49/><V123/><F123/><W66/><G66/><AGARI ba="1,1" hai="47,48,54,58,62,66,77,78,94,97,102" m="8299" machi="66" ten="30,1000,0" yaku="8,1" doraHai="108" who="0" fromWho="3" sc="419,23,193,0,189,0,189,-13" /><INIT seed="2,0,0,5,5,23" ten="442,193,189,176" oya="2" hai0="99,41,47,51,2,46,36,109,28,21,122,97,78" hai1="90,67,4,121,54,27,44,106,35,59,20,112,64" hai2="58,103,40,119,26,120,53,62,104,84,92,129,133" hai3="60,43,55,17,18,123,70,19,116,0,117,91,98"/><V131/><F119/><W38/><G123/><T76/><D109/><U132/><E112/><V127/><F120/><W126/><G126/><T93/><D2/><U74/><E121/><V71/><F127/><W72/><G0/><T94/><D122/><U96/><E74/><V86/><F133/><W32/><G72/><T82/><D36/><U12/><E44/><V77/><F40/><W83/><G32/><T37/><D37/><U108/><E108/><V68/><F104/><W105/><G43/><T48/><D21/><U45/><E45/><V31/><F77/><W102/><G38/><T125/><D28/><U22/><E35/><V25/><F86/><W113/><G113/><T75/><D125/><U24/><E22/><V52/><F53/><W13/><G13/><T85/><D75/><U81/><E106/><V11/><F11/><W88/><G55/><N who="0" m="30103" /><D78/><U107/><E107/><V49/><F49/><W57/><G57/><T114/><D114/><U101/><E101/><V8/><F8/><W30/><G30/><T135/><D135/><U69/><E69/><N who="2" m="26699" /><F31/><W9/><G9/><T89/><D76/><U14/><E132/><V7/><F7/><W124/><G124/><T87/><D82/><U110/><E4/><V118/><F118/><N who="3" m="45675" /><G83/><T1/><D1/><U29/><E29/><V115/><F115/><W79/><G79/><T100/><AGARI ba="0,0" hai="41,47,51,85,87,89,93,94,97,99,100" m="30103" machi="100" ten="30,1100,0" yaku="8,1" doraHai="23" who="0" fromWho="0" sc="442,11,193,-3,189,-5,176,-3" /><INIT seed="3,0,0,0,1,59" ten="453,190,184,173" oya="3" hai0="106,93,4,108,41,68,95,88,2,0,28,133,30" hai1="3,52,132,77,103,120,65,60,121,62,83,98,29" hai2="71,126,37,11,19,87,48,47,24,110,39,53,9" hai3="128,131,82,90,73,23,26,111,117,100,94,56,33"/><W78/><G117/><T13/><D106/><U115/><E115/><V14/><F71/><W104/><G33/><T16/><D68/><U27/><E3/><V22/><F110/><W17/><G111/><T81/><D133/><U129/><E132/><V123/><F126/><W57/><G100/><T101/><D41/><U55/><E129/><N who="3" m="49738" /><G104/><T130/><D108/><U105/><E120/><V74/><F74/><W84/><AGARI ba="0,0" hai="17,23,26,56,57,73,78,82,84,90,94" m="49738" machi="84" ten="30,1500,0" yaku="19,1" doraHai="59" who="3" fromWho="3" sc="453,-5,190,-5,184,-5,173,15" /><INIT seed="3,1,0,2,3,47" ten="448,185,179,188" oya="3" hai0="49,92,89,60,5,39,82,18,48,12,62,19,107" hai1="75,26,28,56,112,66,93,53,29,129,21,0,78" hai2="104,63,35,16,33,84,101,102,85,118,135,121,126" hai3="68,57,2,13,3,115,96,98,86,90,77,9,73"/><W46/><G68/><T109/><D109/><U14/><E0/><V134/><F118/><W22/><G115/><T132/><D107/><U37/><E37/><V103/><F104/><W23/><G73/><T17/><D39/><U51/><E112/><V113/><F113/><W71/><G77/><T81/><D132/><N who="2" m="50730" /><F126/><W24/><G71/><T127/><D127/><U44/><E129/><V108/><F108/><W69/><G69/><T40/><D40/><U50/><E75/><V38/><F38/><W32/><G32/><N who="2" m="12361" /><F121/><W43/><G57/><T59/><D5/><U76/><E29/><V128/><F128/><W120/><G120/><T25/><D12/><U106/><E106/><V27/><F63/><N who="0" m="24106" /><D25/><U64/><E14/><V20/><AGARI ba="1,0" hai="16,20,27,84,85,101,102,103" m="12361,50730" machi="20" ten="40,2700,0" yaku="20,1,54,1" doraHai="47" who="2" fromWho="2" sc="448,-8,185,-8,179,30,188,-14" owari="440,54.0,177,-22.3,209,0.9,174,-32.6" /></mjloggm>