<mjloggm ver="2.3"><GO type="225" lobby="0"/><UN n0="%E9%8A%80%E3%81%B0%E3%81%95%E3%81%BF" n1="%4B%2E%32%2E%4B%2E" n2="%E6%AF%9B%E8%8D%92%E3%82%8C%E3%83%BB%E3%82%B9%E3%83%9F%E3%82%B9" n3="%E3%83%97%E3%83%AC%E3%83%B4%E3%82%A1%E3%83%86%E3%82%A3" dan="17,17,16,16" rate="2184.74,2201.09,2014.20,2123.39" sx="M,M,F,F"/><TAIKYOKU oya="0"/><INIT seed="0,0,0,3,4,109" ten="250,250,250,250" oya="0" hai0="69,75,56,32,60,65,30,80,42,58,18,93,21" hai1="4,135,70,35,104,79,37,101,25,124,62,23,89" hai2="110,26,117,118,130,15,66,99,84,8,126,52,76" hai3="54,3,92,31,49,27,40,57,17,107,98,74,128"/><T46/><D32/><U73/><E37/><V91/><F110/><W87/><G3/><T12/><D30/><N who="1" m="19919" /><E23/><V127/><F130/><W90/><G128/><T24/><D24/><U13/><E89/><V83/><F66/><W61/><G74/><T29/><D29/><U28/><E13/><V19/><F26/><W47/><G17/><T94/><D75/><U77/><E4/><V134/><F134/><W123/><G123/><T55/><D80/><U38/><E28/><V53/><F99/><W113/><G107/><T119/><D119/><N who="2" m="45578" /><F76/><W131/><G131/><T72/><D72/><U41/><E124/><AGARI ba="0,0" hai="8,15,19,52,53,83,84,91,124,126,127" m="45578" machi="124" ten="30,3900,0" yaku="18,1,12,1,54,1" doraHai="109" who="2" fromWho="1" sc="250,0,250,-39,250,39,250,0" /><INIT seed="1,0,0,4,0,118" ten="250,211,289,250" oya="1" hai0="30,64,20,121,134,104,28,101,62,126,4,10,37" hai1="88,124,68,79,46,65,125,15,24,51,113,97,119" hai2="83,102,122,96,80,18,92,39,111,106,128,41,11" hai3="35,0,93,33,53,76,9,54,114,19,38,109,36"/><U84/><E119/><V13/><F122/><W17/><G76/><T61/><D37/><U89/><E113/><V105/><F111/><W16/><G109/><T107/><D126/><N who="1" m="48747" /><E24/><V59/><F128/><W49/><G114/><T27/><D134/><U31/><E31/><V74/><F59/><W2/><G93/><T8/><D121/><U23/><E68/><V130/><F130/><W70/><G70/><T32/><D32/><U26/><E65/><V99/><F74/><W69/><G69/><T100/><D64/><U117/><E117/><V95/><F92/><W34/><G9/><T48/><D27/><U131/><E131/><V29/><F29/><W43/><G43/><T6/><D48/><U110/><E110/><V52/><F52/><N who="3" m="20075" /><G49/><T63/><D63/><U22/><E97/><V3/><F3/><AGARI ba="0,0" hai="0,2,3,16,17,19,33,34,35,36,38" m="20075" machi="3" ten="40,8000,1" yaku="28,2,54,2" doraHai="118" who="3" fromWho="2" sc="250,0,211,0,289,-80,250,80" /><INIT seed="2,0,0,1,2,12" ten="250,211,209,330" oya="2" hai0="119,121,134,13,111,98,62,16,7,135,125,102,129" hai1="59,83,66,33,95,41,73,27,53,84,37,71,60" hai2="25,101,81,132,54,64,92,11,55,75,128,77,115" hai3="36,88,47,106,110,57,4,117,89,58,61,28,93"/><V82/><F115/><W48/><G117/><T31/><D121/><U107/><E107/><V94/><F128/><W68/><G106/><T26/><D119/><U42/><E73/><V24/><F132/><N who="0" m="50730" /><D129/><U14/><E95/><N who="2" m="36395" /><F64/><W39/><G110/><T21/><D111/><U124/><E124/><V1/><F1/><W127/><G127/><T23/><D125/><U8/><E37/><V74/><F101/><W40/><G4/><T90/><D90/><U108/><E33/><V116/><F116/><W19/><G28/><T52/><D7/><U56/><E71/><V131/><F131/><W29/><G29/><T78/><D78/><N who="1" m="46199" /><E27/><N who="2" m="10315" /><F11/><W35/><G35/><T63/><D52/><N who="2" m="20010" /><F77/><W49/><G68/><T113/><D113/><U87/><E87/><V44/><F44/><W104/><G93/><AGARI ba="0,0" hai="13,16,21,23,26,31,62,63,93,98,102" m="50730" machi="93" ten="30,3900,0" yaku="20,1,52,1,54,1" doraHai="12" who="0" fromWho="3" sc="250,39,211,0,209,0,330,-39" /><INIT seed="3,0,0,0,5,57" ten="289,211,209,291" oya="3" hai0="38,12,119,124,131,50,127,66,7,45,27,22,126" hai1="16,64,99,35,82,96,128,93,87,91,88,71,115" hai2="10,69,29,121,54,106,37,94,98,117,58,56,6" hai3="68,30,14,103,23,100,41,5,17,78,48,47,40"/><W61/><G40/><T3/><D119/><U36/><E36/><V2/><F117/><W44/><G44/><T13/><D131/><U49/><E35/><V67/><F121/><W21/><G5/><T53/><D38/><U92/><E115/><V62/><F106/><W134/><G134/><T84/><D66/><U32/><E32/><V18/><F37/><W0/><G0/><T108/><D108/><U65/><E128/><V97/><F29/><W125/><G78/><T24/><D84/><U90/><E71/><V101/><F97/><W70/><G70/><T120/><D120/><U63/><E63/><V19/><REACH who="2" step="1"/><F69/><REACH who="2" ten="289,211,199,291" step="2"/><W113/><G113/><T86/><D127/><U9/><E49/><AGARI ba="0,1" hai="2,6,10,18,19,49,54,56,58,62,67,94,98,101" machi="49" ten="30,7700,0" yaku="1,1,2,1,7,1,52,1,53,0" doraHai="57" doraHaiUra="109" who="2" fromWho="1" sc="289,0,211,-77,199,87,291,0" /><INIT seed="4,0,0,2,0,72" ten="289,134,286,291" oya="0" hai0="11,119,62,52,102,83,82,126,107,37,95,23,3" hai1="22,54,135,36,79,5,98,76,12,103,18,108,93" hai2="128,15,8,50,66,17,110,25,44,106,57,105,74" hai3="65,45,71,30,116,118,49,101,59,2,56,104,134"/><T42/><D119/><N who="3" m="45609" /><G2/><T41/><D126/><U16/><E108/><V47/><F110/><W97/><G134/><T131/><D107/><U64/><E135/><V75/><F128/><W127/><G127/><T122/><D122/><U109/><E109/><V69/><F69/><W86/><G86/><T81/><D131/><U20/><E36/><V67/><F44/><W125/><G125/><T48/><D37/><U90/><E64/><V53/><F66/><W68/><G68/><T6/><D62/><U24/><E5/><V89/><F74/><W78/><G78/><T87/><D23/><U123/><E123/><V26/><F75/><W29/><G45/><T9/><D9/><U84/><REACH who="1" step="1"/><E54/><REACH who="1" ten="289,124,286,291" step="2"/><V130/><F130/><W73/><G65/><T94/><D6/><U117/><E117/><V61/><F67/><W120/><G120/><T133/><D133/><U113/><E113/><V121/><F121/><W124/><G124/><T100/><D52/><U115/><E115/><V85/><F106/><AGARI ba="0,1" hai="12,16,18,20,22,24,76,79,84,90,93,98,103,106" machi="106" ten="30,8000,1" yaku="1,1,7,1,52,2,54,1,53,0" doraHai="72" doraHaiUra="27" who="1" fromWho="2" sc="289,0,124,90,286,-80,291,0" /><INIT seed="5,0,0,1,3,2" ten="289,214,206,291" oya="1" hai0="20,126,129,54,87,59,81,77,13,71,85,98,8" hai1="116,3,28,89,96,10,21,105,11,88,135,69,30" hai2="127,23,60,42,70,134,58,79,115,62,47,83,16" hai3="90,92,32,33,56,26,50,6,31,74,22,9,108"/><U68/><E116/><V49/><F127/><W91/><G74/><T48/><D71/><N who="1" m="27211" /><E21/><V104/><F134/><W64/><G108/><T110/><D110/><U94/><E105/><V101/><F115/><W75/><G75/><T106/><D129/><U24/><E24/><V122/><F122/><W133/><G133/><T38/><D126/><U15/><E135/><V55/><F70/><W86/><G91/><N who="1" m="34890" /><E3/><V128/><F128/><W107/><G107/><T29/><D38/><U100/><E15/><V103/><F104/><W121/><G121/><T117/><D117/><U109/><E109/><V97/><F97/><W52/><G64/><T39/><D39/><U12/><E12/><AGARI ba="0,0" hai="6,9,12,22,26,31,32,33,50,52,56,86,90,92" machi="12" ten="30,3900,0" yaku="7,1,52,1,54,1" doraHai="2" who="3" fromWho="1" sc="289,0,214,-39,206,0,291,39" owari="289,8.9,175,-32.5,206,-19.4,330,43.0" /></mjloggm>