<mjloggm ver="2.3"><GO type="225" lobby="0"/><UN n0="%E5%B0%8F%E9%B3%A5%E9%81%8A%E7%B7%B4%E7%84%A1%32%31%E6%AD%B3" n1="%48%61%61%61%6C%61%6E%64" n2="%E6%B8%A9%E2%98%85%E6%83%85%E2%98%85%E6%8E%AA%E2%98%85%E7%BD%AE" n3="%E3%81%99%E3%81%84%E3%81%BE%E3%81%9B%E3%83%BC%E3%82%93" dan="16,18,17,17" rate="2145.10,2285.35,2224.46,2222.31" sx="F,M,M,M"/><TAIKYOKU oya="0"/><INIT seed="0,0,0,4,4,72" ten="250,250,250,250" oya="0" hai0="23,128,129,32,4,25,53,89,99,80,73,9,51" hai1="0,92,107,83,5,113,11,118,16,131,21,58,69" hai2="29,20,84,37,94,112,57,26,50,41,122,31,97" hai3="134,120,86,124,46,17,114,39,36,95,55,15,98"/><T133/><D32/><U135/><E118/><V87/><F122/><W121/><G114/><T77/><D133/><U66/><E135/><V59/><F112/><W3/><G3/><T126/><D126/><U40/><E107/><V63/><F37/><W60/><G124/><T49/><D89/><U28/><E113/><V132/><F31/><W119/><G119/><T6/><D99/><U33/><E131/><N who="0" m="50249" /><D53/><U18/><E69/><V75/><F75/><W102/><G134/><T64/><D64/><U78/><E40/><V1/><F1/><W34/><G34/><T12/><D4/><U19/><E92/><V74/><F74/><W82/><G121/><T70/><D70/><U13/><E66/><N who="2" m="39279" /><F132/><W81/><G120/><T76/><D76/><U88/><E58/><V7/><F7/><W130/><G130/><T101/><D101/><U104/><E104/><V38/><F38/><W116/><G116/><T71/><D71/><U8/><E33/><V65/><F65/><W105/><G39/><T96/><D96/><U24/><REACH who="1" step="1"/><E88/><REACH who="1" ten="250,240,250,250" step="2"/><N who="2" m="55495" /><F59/><W109/><G105/><T27/><D27/><U52/><E52/><V110/><F110/><W103/><G109/><T100/><D100/><U108/><E108/><V45/><AGARI ba="0,1" hai="20,26,29,41,45,50,84,87" m="55495,39279" machi="45" ten="30,2000,0" yaku="8,1,54,1" doraHai="72" who="2" fromWho="2" sc="250,-10,240,-5,250,30,250,-5" /><INIT seed="1,0,0,4,2,135" ten="240,235,280,245" oya="1" hai0="72,7,2,12,60,109,78,130,67,88,92,16,56" hai1="108,42,89,93,117,28,124,18,17,4,81,3,133" hai2="115,55,49,116,14,22,1,41,82,34,134,57,35" hai3="91,68,127,131,100,40,37,63,71,110,113,46,77"/><U62/><E117/><V59/><F1/><W5/><G113/><T107/><D107/><U118/><E118/><V128/><F116/><W36/><G100/><T54/><D130/><U65/><E133/><V15/><F134/><W47/><G77/><T112/><D109/><U74/><E108/><V106/><F106/><W0/><G91/><T102/><D112/><U30/><E42/><V19/><F128/><W26/><G26/><T129/><D129/><U10/><E124/><V125/><F115/><W13/><G0/><T104/><D2/><U25/><E81/><V95/><F125/><W11/><G110/><T24/><D24/><U105/><E74/><V83/><F41/><W98/><G131/><T50/><D7/><U73/><E73/><V61/><F15/><W103/><G127/><T6/><D6/><U96/><E105/><V84/><F35/><W20/><G63/><T48/><D102/><U21/><REACH who="1" step="1"/><E30/><REACH who="1" ten="240,225,280,245" step="2"/><V90/><F34/><W9/><G40/><T27/><D104/><U64/><E64/><AGARI ba="0,1" hai="14,19,22,49,55,57,59,61,64,82,83,84,90,95" machi="64" ten="30,7700,0" yaku="7,1,25,2,8,1" doraHai="135" who="2" fromWho="1" sc="240,0,225,-77,280,87,245,0" /><INIT seed="2,0,0,1,4,11" ten="240,148,367,245" oya="2" hai0="17,21,36,76,132,55,101,133,33,13,110,82,59" hai1="104,83,66,32,116,95,58,23,114,112,126,117,92" hai2="86,51,128,57,106,16,74,96,3,123,71,67,2" hai3="26,42,30,119,28,25,38,111,62,46,39,61,91"/><V49/><F74/><W109/><G119/><T44/><D33/><U12/><E32/><V135/><F123/><W81/><G39/><T64/><D101/><U134/><E104/><V60/><F128/><W78/><G91/><T8/><D110/><N who="3" m="41993" /><G26/><T124/><D124/><U9/><E126/><V113/><F86/><N who="3" m="48439" /><G28/><T73/><D64/><U77/><E117/><V18/><F3/><W1/><G1/><T40/><REACH who="0" step="1"/><D8/><REACH who="0" ten="230,148,367,245" step="2"/><U120/><E116/><V99/><F67/><W72/><G72/><T69/><D69/><U103/><E103/><V100/><F71/><W65/><G65/><T4/><D4/><U79/><E9/><V10/><F10/><W90/><G90/><T35/><D35/><AGARI ba="0,1" hai="25,30,35,38,42,46,61,62" m="48439,41993" machi="35" ten="30,1000,0" yaku="14,1" doraHai="11" who="3" fromWho="0" sc="230,-10,148,0,367,0,245,20" /><INIT seed="3,0,0,2,2,132" ten="220,148,367,265" oya="3" hai0="111,76,124,118,32,84,1,98,126,65,83,90,64" hai1="56,77,105,23,3,52,55,20,71,8,81,119,87" hai2="27,29,94,120,79,48,19,38,86,62,46,93,57" hai3="85,107,25,39,12,103,122,109,16,47,5,135,70"/><W130/><G122/><T125/><D118/><U0/><E71/><V114/><F38/><W74/><G74/><T11/><D32/><U53/><E105/><V116/><F114/><W68/><G85/><T26/><D26/><U43/><E119/><V101/><F19/><W58/><G25/><T69/><D111/><U17/><E43/><V40/><F120/><W4/><G47/><T34/><D34/><U95/><E20/><N who="2" m="15591" /><F101/><W72/><G72/><T80/><D69/><U133/><E133/><V54/><F116/><W115/><G109/><T63/><D63/><U10/><E0/><V104/><F104/><W117/><G115/><T51/><D51/><U108/><E108/><V82/><AGARI ba="0,0" hai="40,46,48,54,57,62,79,82,86,93,94" m="15591" machi="82" ten="30,1100,0" yaku="8,1" doraHai="132" who="2" fromWho="2" sc="220,-3,148,-3,367,11,265,-5" owari="217,-18.3,145,-35.5,378,47.8,260,6.0" /></mjloggm>