<mjloggm ver="2.3"><GO type="225" lobby="0"/><UN n0="%E3%82%B2%E3%82%B9%E8%8C%82%E5%8B%9D" n1="%E3%81%A8%E3%82%89%E3%81%84%E3%81%A1" n2="%41%72%69%61" n3="%6E%69%63%6F%6E%74%6F" dan="16,16,17,17" rate="2060.45,2113.93,2140.71,2130.03" sx="F,M,F,M"/><TAIKYOKU oya="0"/><INIT seed="0,0,0,5,1,129" ten="250,250,250,250" oya="0" hai0="7,111,33,119,107,6,117,82,108,46,99,112,16" hai1="9,71,103,88,3,4,132,44,101,53,31,10,98" hai2="48,65,55,120,90,47,81,41,34,42,29,100,102" hai3="32,58,63,64,77,84,13,121,43,11,17,104,74"/><T2/><D33/><U122/><E122/><V133/><F120/><W49/><G121/><T14/><D112/><U134/><E71/><V123/><F123/><W20/><G104/><T95/><D107/><U97/><E31/><V127/><F34/><W89/><G32/><T15/><D82/><U75/><E75/><V93/><F29/><W54/><G74/><T128/><D46/><U12/><E53/><V1/><F1/><W23/><G77/><T45/><D45/><U80/><E44/><V113/><F127/><W110/><G110/><N who="0" m="42027" /><D128/><U126/><E126/><V85/><F113/><W21/><G43/><N who="2" m="16393" /><F65/><W83/><REACH who="3" step="1"/><G23/><REACH who="3" ten="250,250,250,240" step="2"/><N who="0" m="11671" /><D2/><U114/><E114/><V109/><F109/><W86/><G86/><T87/><D87/><N who="1" m="50279" /><E3/><V19/><F85/><W105/><G105/><T61/><D117/><U78/><E78/><V40/><F40/><W106/><G106/><T68/><D119/><U56/><E10/><V57/><F81/><W60/><G60/><T76/><D76/><U91/><E98/><V94/><F94/><W125/><G125/><T116/><D116/><U28/><E97/><V39/><F93/><W62/><G62/><T73/><D73/><U69/><E9/><V30/><F39/><W38/><G38/><T79/><D79/><U67/><E67/><V59/><F48/><W24/><G24/><T70/><D61/><U115/><E115/><V66/><F102/><W130/><G130/><T27/><D95/><U72/><E101/><V18/><F100/><W96/><G96/><T52/><D27/><U22/><E103/><V51/><F51/><W131/><G131/><RYUUKYOKU ba="0,1" sc="250,-10,250,-10,250,-10,240,30" hai3="11,13,17,20,21,49,54,58,63,64,83,84,89" /><INIT seed="1,1,1,5,3,30" ten="240,240,240,270" oya="1" hai0="55,54,100,25,18,91,113,131,73,24,32,125,56" hai1="87,19,115,82,68,108,96,128,37,101,5,80,9" hai2="38,112,106,6,84,111,31,15,52,102,59,114,119" hai3="10,127,93,47,39,17,64,116,117,41,21,134,81"/><U4/><E115/><N who="2" m="44075" /><F38/><W78/><G134/><T135/><D113/><U99/><E37/><V130/><F111/><W11/><G127/><T107/><D125/><U7/><E68/><V109/><F119/><N who="3" m="45643" /><G93/><T133/><D73/><U121/><E121/><V42/><F109/><W3/><G64/><T86/><D131/><U71/><E71/><V72/><F72/><N who="3" m="43207" /><G3/><T48/><D18/><U98/><E108/><V49/><F130/><W103/><G103/><T132/><D32/><U28/><E28/><V124/><F124/><W58/><G58/><N who="0" m="33095" /><D100/><U57/><E57/><V76/><F31/><W118/><N who="3" m="45651" /><W14/><AGARI ba="1,1" hai="10,11,14,17,21,39,41,47" m="43207,45651" machi="14" ten="40,2700,0" yaku="4,1,12,1" doraHai="30" who="3" fromWho="3" sc="240,-8,240,-14,240,-8,270,40" /><INIT seed="2,0,0,5,1,39" ten="232,226,232,310" oya="2" hai0="13,118,94,41,75,27,121,6,3,98,133,34,88" hai1="67,48,14,44,71,108,2,8,17,82,117,103,122" hai2="114,40,9,70,110,66,83,91,68,12,32,102,46" hai3="115,132,124,99,80,125,61,119,104,86,129,45,21"/><V69/><F32/><W135/><G119/><T130/><D118/><U38/><E117/><V50/><F114/><W49/><G115/><T107/><D121/><U56/><E122/><V123/><F123/><W73/><G61/><T20/><D34/><U43/><E108/><V37/><F102/><N who="3" m="62559" /><G21/><T60/><D130/><U111/><E111/><V81/><F110/><W131/><G73/><T29/><D133/><N who="3" m="51273" /><G45/><T5/><D107/><U95/><E2/><V74/><F74/><W1/><G49/><T87/><D75/><U101/><E82/><V89/><F66/><W63/><G63/><T65/><D3/><U85/><E85/><V36/><F83/><W52/><G52/><T31/><D87/><U72/><E72/><V11/><F11/><W126/><G1/><T30/><D41/><U59/><E95/><V18/><REACH who="2" step="1"/><F81/><REACH who="2" ten="232,226,222,310" step="2"/><W33/><G33/><T105/><D105/><U112/><E112/><V15/><F15/><W16/><G131/><T64/><D13/><U90/><E67/><V78/><F78/><N who="3" m="46359" /><G129/><T26/><D65/><U100/><E71/><V120/><F120/><W51/><G126/><T96/><D26/><U77/><E77/><V106/><F106/><W28/><G125/><T76/><D76/><U57/><REACH who="1" step="1"/><E90/><AGARI ba="0,1" hai="9,12,18,36,37,40,46,50,68,69,70,89,90,91" machi="90" ten="40,7700,0" yaku="1,1,52,1,53,1" doraHai="39" doraHaiUra="42" who="2" fromWho="1" sc="232,0,226,-77,222,87,310,0" /><INIT seed="2,1,0,0,0,52" ten="232,149,309,310" oya="2" hai0="76,87,104,20,59,30,125,48,109,68,46,25,64" hai1="65,69,63,97,11,21,61,19,14,84,34,124,122" hai2="9,100,16,54,82,106,73,88,114,96,50,70,60" hai3="94,105,62,47,29,15,1,107,57,90,120,71,67"/><V78/><F114/><W40/><G120/><T81/><D109/><U123/><E124/><V45/><F70/><W8/><G1/><T26/><D125/><U126/><E126/><V42/><F60/><W112/><G29/><T41/><D104/><U119/><E119/><V108/><F108/><W43/><G71/><T110/><D110/><U131/><E131/><V77/><F42/><W22/><G22/><T117/><D117/><U6/><E34/><V10/><F78/><W132/><G132/><T4/><D4/><U18/><E18/><V93/><REACH who="2" step="1"/><F16/><REACH who="2" ten="232,149,299,310" step="2"/><W111/><G111/><T95/><D68/><U127/><E127/><V27/><F27/><W118/><G112/><T7/><D25/><U12/><E63/><V44/><F44/><W83/><G43/><T37/><D37/><U116/><E116/><V102/><F102/><W23/><G47/><T75/><D41/><U35/><E35/><V32/><F32/><W51/><G40/><T79/><D46/><U72/><E72/><V121/><F121/><W129/><G62/><T53/><D75/><U33/><E33/><V115/><F115/><W91/><G118/><T128/><D76/><U56/><E69/><V17/><F17/><W130/><G130/><T55/><D128/><U31/><E31/><V85/><AGARI ba="1,1" hai="9,10,45,50,54,73,77,82,85,88,93,96,100,106" machi="85" ten="20,18000,2" yaku="1,1,0,1,7,1,24,2,54,1,53,0" doraHai="52" doraHaiUra="135" who="2" fromWho="2" sc="232,-61,149,-61,299,193,310,-61" /><INIT seed="2,2,0,3,3,66" ten="171,88,492,249" oya="2" hai0="53,26,37,98,58,107,96,127,132,16,115,118,68" hai1="88,51,103,128,50,73,56,55,46,123,133,54,99" hai2="87,22,89,82,129,48,3,90,125,57,2,91,4" hai3="81,104,71,15,23,1,80,92,74,93,109,43,112"/><V105/><F105/><W120/><G120/><T49/><D118/><U18/><E123/><V64/><F125/><W72/><G1/><T30/><D127/><U124/><E124/><V69/><F69/><W17/><G71/><T13/><D132/><U10/><E133/><V131/><F22/><W28/><G28/><T35/><D115/><U121/><E121/><V39/><F39/><W8/><G15/><T113/><D113/><U61/><E128/><N who="2" m="49227" /><F4/><W19/><G23/><T44/><D107/><U41/><E73/><V52/><F64/><W85/><G8/><T29/><D29/><U114/><E114/><V95/><F91/><W75/><G43/><T94/><D68/><U102/><E10/><V77/><F90/><W76/><G104/><T106/><D106/><U11/><E11/><V6/><F6/><W83/><G76/><T7/><D7/><U122/><E18/><V110/><F110/><W111/><G112/><T79/><D79/><U134/><E134/><V25/><F25/><W135/><G85/><AGARI ba="2,0" hai="2,3,48,52,57,77,82,85,87,89,95" m="49227" machi="85" ten="30,2900,0" yaku="19,1,54,1" doraHai="66" who="2" fromWho="3" sc="171,0,88,0,492,35,249,-35" /><INIT seed="2,3,0,2,2,74" ten="171,88,527,214" oya="2" hai0="95,2,40,97,89,52,122,7,98,42,24,65,117" hai1="76,62,3,32,131,85,12,14,101,31,11,55,63" hai2="35,53,72,6,50,83,130,121,70,41,107,82,103" hai3="46,84,58,59,69,111,27,86,126,8,18,44,102"/><V4/><F121/><W57/><G111/><T49/><D122/><U94/><E131/><V19/><F70/><W23/><G126/><T104/><D117/><U21/><E3/><V48/><F35/><W106/><G69/><T112/><D112/><U67/><E32/><V120/><F120/><W93/><G106/><T15/><D2/><U71/><E101/><V135/><F135/><W66/><G66/><T28/><D65/><U128/><E128/><V61/><F103/><W20/><G8/><T124/><D124/><U16/><E31/><V114/><F61/><W96/><G23/><N who="0" m="15391" /><D98/><U68/><E68/><V88/><F48/><W119/><G119/><T123/><D104/><U38/><E38/><V118/><F41/><W54/><G54/><T108/><D108/><U115/><E115/><V80/><F53/><W105/><G105/><T127/><D127/><U1/><E1/><V110/><F72/><W79/><G86/><T75/><D75/><U132/><E132/><V125/><F107/><W64/><G64/><T116/><D116/><U109/><E109/><V10/><F114/><W26/><G26/><T0/><D0/><U99/><E85/><V100/><F130/><W92/><G92/><T47/><D123/><U30/><E30/><V34/><F34/><W56/><N who="3" m="14336" /><DORA hai="77" /><W36/><G36/><T73/><D73/><U129/><E129/><V39/><F110/><W33/><G33/><T91/><D91/><N who="1" m="55775" /><E62/><V133/><F39/><W51/><G51/><T22/><D22/><U9/><E55/><V90/><F125/><W78/><G84/><T13/><D52/><RYUUKYOKU ba="3,0" sc="171,-10,88,-10,527,-10,214,30" hai3="18,20,27,44,46,78,79,93,96,102" /><INIT seed="3,4,0,2,3,96" ten="161,78,517,244" oya="3" hai0="79,48,31,5,47,21,115,15,1,59,106,117,25" hai1="40,16,46,131,78,35,41,132,61,93,111,70,12" hai2="101,63,68,60,38,52,113,71,72,102,87,99,76" hai3="135,75,30,80,120,20,85,56,0,84,65,104,27"/><W49/><G120/><T122/><D117/><U130/><E111/><V94/><F38/><W121/><G121/><T45/><D122/><U83/><E132/><V51/><F72/><W44/><G135/><T133/><D133/><U67/><E35/><V6/><F6/><W10/><G104/><T23/><D106/><U33/><E93/><V17/><F113/><W125/><G125/><T14/><D115/><U18/><E33/><V95/><F68/><W82/><G75/><T37/><D37/><U123/><E18/><V129/><F71/><W124/><G124/><T103/><D103/><U29/><E29/><V11/><F129/><W2/><G56/><T134/><D134/><U53/><E53/><V119/><F76/><W91/><G65/><T127/><D127/><U39/><E41/><V69/><F69/><W77/><REACH who="3" step="1"/><G10/><REACH who="3" ten="161,78,517,234" step="2"/><T109/><D59/><U100/><E123/><V90/><F119/><W3/><G3/><T7/><D1/><U118/><E118/><V73/><F73/><W50/><G50/><T42/><D48/><U55/><E130/><V9/><F9/><W64/><G64/><T98/><D45/><U114/><E131/><V28/><F11/><W24/><G24/><T62/><D47/><U58/><E114/><V105/><F105/><W81/><G81/><T8/><D25/><U57/><E57/><V128/><F51/><W34/><G34/><T19/><D8/><N who="1" m="6151" /><E70/><V54/><F128/><W88/><G88/><T74/><D74/><N who="1" m="43479" /><E67/><V22/><F90/><W43/><AGARI ba="4,1" hai="0,2,20,27,30,43,44,49,77,80,82,84,85,91" machi="43" ten="20,3900,0" yaku="1,1,0,1,7,1,53,0" doraHai="96" doraHaiUra="92" who="3" fromWho="3" sc="161,-17,78,-17,517,-17,234,61" /><INIT seed="3,5,0,3,4,9" ten="144,61,500,295" oya="3" hai0="1,83,36,109,62,34,94,22,56,7,12,98,104" hai1="57,115,75,43,101,88,44,8,127,60,29,23,93" hai2="82,18,51,68,135,59,87,120,81,74,11,76,41" hai3="89,28,96,117,2,123,116,131,95,72,52,97,106"/><W113/><G2/><T103/><D34/><U15/><E127/><V114/><F68/><W110/><G28/><T54/><D109/><U84/><E115/><V78/><F114/><W91/><G113/><T69/><D36/><U122/><E122/><V40/><F135/><W33/><G33/><T25/><D69/><U32/><E75/><V64/><F120/><W118/><G123/><T45/><D1/><U99/><E32/><V92/><F92/><N who="3" m="56335" /><G52/><T35/><D35/><U85/><E23/><V4/><F18/><W14/><G14/><T26/><D45/><U111/><E29/><V3/><REACH who="2" step="1"/><F51/><REACH who="2" ten="144,61,490,295" step="2"/><W53/><G53/><T46/><D104/><U129/><E129/><V6/><F6/><W107/><G131/><T50/><D83/><U102/><E111/><V112/><F112/><W48/><G48/><T105/><D105/><N who="3" m="39945" /><G72/><T38/><D38/><U49/><E101/><V61/><AGARI ba="5,1" hai="3,4,11,40,41,59,61,64,74,76,78,81,82,87" machi="61" ten="30,4000,0" yaku="1,1,0,1,53,1" doraHai="9" doraHaiUra="0" who="2" fromWho="2" sc="144,-15,61,-15,490,65,295,-25" owari="129,-27.1,46,-45.4,555,65.5,270,7.0" /></mjloggm>