<mjloggm ver="2.3"><GO type="225" lobby="0"/><UN n0="%72%69%6F%75%63%68%61%6E" n1="%E3%81%A9%E3%82%8F%E3%82%93%E3%81%94" n2="%33%74%72%65%65" n3="%E3%81%95%E3%81%8D%E3%81%9F%E3%81%BE%E6%9E%97%E6%AA%8E" dan="16,16,17,16" rate="2206.74,2175.99,2201.99,2104.48" sx="M,M,F,M"/><TAIKYOKU oya="0"/><INIT seed="0,0,0,0,3,81" ten="250,250,250,250" oya="0" hai0="110,88,55,109,35,82,114,124,32,71,34,18,119" hai1="135,126,51,95,59,90,31,39,13,4,60,127,45" hai2="78,25,116,7,24,50,58,74,96,133,77,20,115" hai3="104,10,63,21,5,98,92,76,105,19,134,2,120"/><T8/><D114/><U75/><E75/><V36/><F36/><W38/><G134/><T46/><D119/><U42/><E31/><V129/><F115/><W94/><G120/><T102/><D124/><U16/><E4/><V62/><F129/><W73/><G38/><T106/><D71/><U72/><E72/><V100/><F133/><W44/><G44/><T89/><D102/><U103/><E103/><V29/><F7/><W23/><G23/><T108/><D106/><U27/><E27/><V67/><F74/><W33/><G33/><T93/><D82/><U54/><E39/><V41/><F25/><W121/><G121/><T130/><D130/><U56/><E56/><V30/><F30/><W6/><G6/><T99/><D89/><U61/><E61/><V48/><F116/><W101/><G105/><T87/><D99/><U118/><E118/><V3/><F3/><W17/><G17/><T37/><D55/><U107/><E107/><V97/><F97/><W122/><G122/><T117/><D117/><U11/><REACH who="1" step="1"/><E135/><REACH who="1" ten="250,240,250,250" step="2"/><V128/><F128/><W125/><G63/><T43/><D34/><U0/><E0/><V111/><F62/><W79/><G73/><T47/><D47/><U53/><E53/><V49/><F58/><W1/><G1/><T80/><D80/><U57/><E57/><V68/><F68/><W12/><G125/><T52/><D52/><U85/><AGARI ba="0,1" hai="11,13,16,42,45,51,54,59,60,85,90,95,126,127" machi="85" ten="30,7900,0" yaku="1,1,0,1,52,1,54,1,53,0" doraHai="81" doraHaiUra="131" who="1" fromWho="1" sc="250,-39,240,89,250,-20,250,-20" /><INIT seed="1,0,0,1,2,5" ten="211,329,230,230" oya="1" hai0="35,7,130,12,131,38,14,17,19,28,97,44,82" hai1="48,68,58,46,41,102,9,120,56,125,112,31,40" hai2="78,8,133,121,16,63,70,43,18,92,73,101,51" hai3="126,60,4,79,25,105,75,23,67,27,111,39,119"/><U22/><E112/><V13/><F121/><W49/><G111/><T106/><D82/><U110/><E120/><V104/><F104/><W103/><G39/><T0/><D38/><U64/><E102/><V71/><F133/><W62/><G126/><T36/><D36/><U77/><E125/><V2/><F2/><W33/><G119/><T90/><D44/><U30/><E110/><V80/><F63/><W114/><G114/><T53/><D53/><U124/><E124/><V116/><F116/><W96/><G75/><T65/><D65/><U89/><E77/><V122/><F122/><W21/><G79/><T128/><D0/><U76/><E76/><V113/><F113/><W26/><G4/><T69/><D69/><U47/><E89/><V52/><F43/><W127/><G60/><T1/><D1/><U54/><E68/><V135/><F18/><N who="0" m="6666" /><D7/><U95/><E64/><V100/><F135/><W59/><G127/><T132/><D132/><U45/><E41/><V50/><F50/><W88/><G33/><T118/><D118/><U61/><E48/><V66/><F66/><W81/><REACH who="3" step="1"/><G49/><REACH who="3" ten="211,329,230,220" step="2"/><T115/><D115/><U87/><E40/><V10/><F51/><W109/><G109/><T99/><D35/><U98/><E61/><V34/><F34/><W129/><G129/><T57/><D128/><U83/><E47/><V15/><F78/><W55/><G55/><T123/><D123/><U3/><E54/><V85/><F52/><W108/><G108/><T6/><D6/><N who="1" m="1247" /><E46/><V94/><F73/><W20/><G20/><T32/><D130/><U37/><E45/><RYUUKYOKU ba="0,1" sc="211,-10,329,-10,230,-10,220,30" hai3="21,23,25,26,27,59,62,67,81,88,96,103,105" /><INIT seed="2,1,1,5,0,0" ten="201,319,220,250" oya="2" hai0="70,57,30,29,117,128,106,94,104,100,14,121,62" hai1="45,32,53,2,9,38,42,114,56,110,1,49,3" hai2="52,90,103,12,96,120,39,71,13,105,97,89,79" hai3="118,125,6,17,107,72,21,20,85,55,135,91,74"/><V43/><F120/><W23/><G118/><T130/><D121/><U5/><E114/><V102/><F79/><W51/><G107/><N who="0" m="41003" /><D70/><U127/><E32/><V124/><F71/><W36/><G36/><T28/><D117/><U133/><E110/><V15/><F124/><W83/><G125/><T40/><D40/><U66/><E127/><V99/><F52/><W48/><G135/><T76/><D76/><U73/><E73/><V10/><F10/><W63/><G72/><T119/><D119/><U41/><E41/><V92/><REACH who="2" step="1"/><F99/><REACH who="2" ten="201,319,210,250" step="2"/><W112/><G112/><T31/><N who="0" m="7168" /><DORA hai="27" /><T123/><D123/><U33/><E33/><V24/><F24/><W129/><G74/><T34/><D34/><U95/><E53/><V35/><F35/><W98/><G98/><T54/><D14/><U116/><E2/><V58/><F58/><W131/><G55/><T109/><D109/><U93/><E3/><V88/><F88/><W61/><G91/><T69/><D69/><U18/><E1/><V126/><F126/><W113/><G113/><T8/><D8/><U115/><E9/><V44/><AGARI ba="1,2" hai="12,13,15,39,43,44,89,90,92,96,97,102,103,105" machi="44" ten="30,3000,0" yaku="1,1,0,1,53,0" doraHai="0,27" doraHaiUra="47,16" who="2" fromWho="2" sc="201,-11,319,-11,210,53,250,-11" /><INIT seed="2,2,0,4,4,0" ten="190,308,263,239" oya="2" hai0="81,58,3,32,68,113,87,64,62,61,114,95,115" hai1="66,11,29,39,23,73,42,90,93,134,127,123,19" hai2="84,74,128,133,107,130,52,30,28,59,129,119,2" hai3="94,79,46,10,82,5,57,118,41,102,40,67,33"/><V50/><F119/><W49/><G118/><T72/><D32/><U47/><E73/><V96/><F74/><W22/><G33/><T109/><D109/><U124/><E134/><V65/><F133/><W101/><G41/><T53/><D3/><U100/><E123/><V7/><F65/><W36/><G94/><T135/><D135/><U14/><E100/><N who="2" m="62855" /><F84/><W18/><G36/><T78/><D95/><U91/><E66/><V1/><F1/><W77/><G77/><T131/><REACH who="0" step="1"/><D72/><REACH who="0" ten="180,308,263,239" step="2"/><U104/><E104/><V63/><F2/><W69/><G69/><T83/><D83/><U26/><E93/><V70/><F70/><W103/><G67/><T38/><D38/><U85/><E85/><V56/><F130/><AGARI ba="2,1" hai="53,58,61,62,64,68,78,81,87,113,114,115,130,131" machi="130" ten="50,1600,0" yaku="1,1,53,0" doraHai="0" doraHaiUra="121" who="0" fromWho="2" sc="180,32,308,0,263,-22,239,0" /><INIT seed="3,0,0,3,2,95" ten="212,308,241,239" oya="3" hai0="26,68,87,23,49,25,32,123,44,102,47,11,54" hai1="127,7,135,100,60,104,1,65,19,12,132,110,36" hai2="53,40,91,70,16,45,126,69,115,52,9,93,75" hai3="81,125,120,85,27,84,37,3,15,82,50,31,10"/><W14/><G120/><T76/><D123/><U0/><E110/><V51/><F115/><W122/><G122/><T5/><D68/><U17/><E36/><V107/><F107/><W30/><G37/><T129/><D129/><U61/><E127/><V18/><F75/><W59/><G125/><T20/><D102/><U28/><E28/><N who="3" m="10794" /><G3/><N who="1" m="1098" /><E100/><V71/><F126/><W99/><G27/><T64/><D32/><U128/><E104/><V77/><F77/><N who="3" m="46127" /><G10/><T72/><D64/><U58/><E61/><V13/><REACH who="2" step="1"/><F18/><REACH who="2" ten="212,308,231,239" step="2"/><W113/><G113/><T112/><D72/><U55/><E128/><V41/><F41/><W78/><G99/><AGARI ba="0,1" hai="9,13,16,40,45,51,52,53,69,70,71,91,93,99" machi="99" ten="40,8000,1" yaku="1,1,52,1,54,2,53,0" doraHai="95" doraHaiUra="29" who="2" fromWho="3" sc="212,0,308,0,231,90,239,-80" owari="212,-18.8,308,10.8,321,42.1,159,-34.1" /></mjloggm>