<mjloggm ver="2.3"><GO type="225" lobby="0"/><UN n0="%72%61%6B%33" n1="%E3%81%AF%E3%82%88%E3%81%8A%E3%81%98%E3%81%95%E3%82%93" n2="%E4%B8%AD%E5%B9%B4%E3%81%AE%E5%8D%B1%E6%A9%9F" n3="%E3%81%A1%E3%82%85%E3%81%86%E3%81%A9%E3%81%8F%E8%B1%A1%E3%81%95%E3%82%93" dan="16,16,17,17" rate="2190.01,2150.04,2165.56,2155.32" sx="M,M,M,M"/><TAIKYOKU oya="0"/><INIT seed="0,0,0,4,5,128" ten="250,250,250,250" oya="0" hai0="87,58,109,56,3,27,25,107,41,47,97,32,121" hai1="23,125,81,48,5,78,72,38,104,77,76,114,135" hai2="99,24,21,19,50,95,66,11,64,127,28,96,62" hai3="116,12,80,102,108,10,20,30,91,57,68,134,49"/><T88/><D121/><U55/><E38/><V14/><F127/><W45/><G116/><T101/><D3/><U93/><E104/><V67/><F50/><W4/><G68/><T122/><D122/><U120/><E120/><V106/><F106/><W83/><G108/><T131/><D131/><U39/><E39/><V113/><F113/><W100/><G57/><T29/><D25/><U13/><E125/><V33/><F99/><W61/><G61/><T75/><D75/><U51/><E114/><V124/><F124/><W2/><G134/><T112/><D109/><U98/><E135/><V0/><F62/><W74/><G74/><T90/><D112/><U118/><E48/><V63/><F63/><W26/><G2/><T18/><D18/><U9/><E23/><V105/><F105/><W53/><REACH who="3" step="1"/><G91/><REACH who="3" ten="250,250,250,240" step="2"/><T43/><D90/><U79/><E118/><V34/><REACH who="2" step="1"/><F0/><REACH who="2" ten="250,250,240,240" step="2"/><W92/><G92/><T44/><D56/><N who="1" m="32895" /><E93/><V35/><F35/><W111/><G111/><T94/><REACH who="0" step="1"/><D58/><REACH who="0" ten="240,250,240,240" step="2"/><U84/><E72/><V42/><F42/><AGARI ba="0,3" hai="27,29,32,41,42,43,44,47,87,88,94,97,101,107" machi="42" ten="40,7700,0" yaku="1,1,2,1,54,1,53,0" doraHai="128" doraHaiUra="17" who="0" fromWho="2" sc="240,107,250,0,240,-77,240,0" /><INIT seed="0,1,0,4,2,112" ten="347,250,163,240" oya="0" hai0="130,114,64,116,0,36,59,76,91,75,101,23,14" hai1="68,84,131,125,96,3,60,43,38,30,77,2,44" hai2="50,134,81,35,57,10,67,62,83,53,61,8,126" hai3="109,95,46,72,31,40,82,13,7,29,4,122,115"/><T108/><D0/><U79/><E125/><V104/><F126/><W98/><G115/><T66/><D36/><U20/><E131/><V103/><F35/><W119/><G122/><T92/><D114/><U48/><E38/><V63/><F134/><W105/><G105/><T55/><D101/><U19/><E30/><V88/><F67/><W93/><G109/><T54/><D108/><U5/><E96/><V120/><F120/><W124/><G124/><T70/><D70/><U16/><E19/><V71/><F71/><W39/><G95/><T107/><D107/><U111/><E111/><V24/><F24/><W117/><G72/><T132/><D132/><U11/><E2/><V58/><F104/><W78/><G7/><T100/><D100/><U121/><E84/><N who="2" m="50191" /><F103/><W56/><G56/><N who="2" m="21609" /><F83/><W99/><G99/><T6/><D64/><U89/><E121/><V51/><F51/><W15/><G15/><T127/><D14/><U21/><E60/><N who="2" m="15363" /><V69/><DORA hai="87" /><F69/><W74/><G13/><T102/><D66/><U45/><E68/><V110/><F110/><W65/><G65/><T90/><D127/><U42/><E48/><V85/><F85/><W27/><G4/><T133/><D6/><U17/><E5/><V25/><F25/><W18/><G18/><T80/><D133/><U86/><E86/><V37/><F37/><W106/><G106/><T33/><D75/><U94/><E3/><V47/><AGARI ba="1,0" hai="8,10,47,50,53" m="15363,21609,50191" machi="47" ten="40,5200,0" yaku="8,1,52,1,54,1" doraHai="112,87" who="2" fromWho="2" sc="347,-27,250,-14,163,55,240,-14" /><INIT seed="1,0,0,4,5,78" ten="320,236,218,226" oya="1" hai0="63,133,79,20,76,92,96,8,33,49,54,88,31" hai1="57,111,15,106,85,40,14,44,0,127,97,48,71" hai2="38,129,35,19,123,121,91,115,28,52,120,112,86" hai3="11,82,125,26,83,64,27,75,67,47,128,95,114"/><U74/><E71/><V22/><F38/><W25/><G114/><N who="2" m="43561" /><F35/><W58/><G75/><T53/><D33/><U80/><E74/><V70/><F70/><W10/><G128/><T29/><D133/><U7/><E127/><V81/><F28/><N who="0" m="10826" /><D20/><U61/><E111/><V134/><F129/><W45/><G125/><T104/><D104/><U117/><E117/><V90/><F134/><W60/><G95/><T55/><D63/><U39/><E39/><V23/><F19/><W84/><G64/><T68/><D68/><U116/><E116/><V9/><F9/><N who="3" m="3083" /><G84/><T62/><D62/><U51/><E51/><V36/><F36/><W72/><G72/><T77/><D8/><U50/><E50/><AGARI ba="0,0" hai="49,50,53,54,55,76,77,79,88,92,96" m="10826" machi="50" ten="40,2600,0" yaku="8,1,54,1" doraHai="78" who="0" fromWho="1" sc="320,26,236,-26,218,0,226,0" /><INIT seed="2,0,0,2,2,100" ten="346,210,218,226" oya="2" hai0="13,78,93,40,82,12,48,53,54,41,134,113,52" hai1="128,119,5,88,71,125,24,102,25,45,101,103,87" hai2="28,51,4,18,50,132,46,115,116,80,90,42,83" hai3="66,29,70,97,56,98,44,123,104,23,55,38,47"/><V85/><F132/><W16/><G123/><T84/><D113/><U108/><E119/><V94/><F116/><W15/><G29/><T37/><D134/><U124/><E71/><V33/><F115/><W117/><G117/><T39/><D39/><U14/><E108/><V69/><F69/><W76/><G76/><T2/><D2/><U17/><E128/><V35/><F4/><W60/><G104/><T92/><D37/><U21/><E45/><V118/><F118/><W91/><G91/><T26/><D26/><U81/><REACH who="1" step="1"/><E5/><REACH who="1" ten="346,200,218,226" step="2"/><V72/><F28/><W95/><G44/><N who="0" m="25607" /><D41/><U49/><E49/><V129/><F129/><W107/><G47/><T36/><D36/><U65/><E65/><V64/><F64/><W59/><G38/><T131/><D131/><U31/><E31/><V114/><F114/><W19/><G70/><T1/><D1/><U0/><E0/><V11/><F50/><W105/><G66/><T127/><D127/><AGARI ba="0,1" hai="14,17,21,24,25,81,87,88,101,102,103,124,125,127" machi="127" ten="40,5200,0" yaku="1,1,18,1,54,1,53,0" doraHai="100" doraHaiUra="130" who="1" fromWho="0" sc="346,-52,200,62,218,0,226,0" /><INIT seed="3,0,0,1,1,35" ten="294,262,218,226" oya="3" hai0="59,24,16,37,8,72,87,1,20,122,68,46,126" hai1="11,5,118,119,51,105,19,31,28,108,71,129,85" hai2="36,0,3,25,63,135,39,121,75,116,99,83,55" hai3="12,132,86,110,124,74,26,114,91,65,90,88,41"/><W21/><G114/><T58/><D122/><U67/><E105/><V40/><F55/><W49/><G74/><T127/><D68/><U130/><E85/><V13/><F13/><W18/><G132/><T107/><D107/><U50/><E19/><V10/><F10/><N who="3" m="6423" /><G124/><N who="0" m="47659" /><D72/><U73/><E73/><V77/><F40/><W120/><G120/><T82/><D1/><N who="2" m="586" /><F121/><W2/><G2/><T101/><D101/><U45/><E11/><V52/><F52/><W96/><G110/><T134/><D134/><U103/><E5/><V95/><F95/><N who="3" m="56423" /><G65/><T6/><D6/><U22/><E103/><V92/><F92/><W112/><G112/><T14/><D46/><U113/><E113/><V97/><F97/><W27/><G27/><T15/><D37/><N who="2" m="14410" /><F99/><W128/><G128/><T9/><D8/><U53/><E108/><V104/><F135/><W61/><G86/><T56/><D9/><U30/><E22/><V70/><F25/><W93/><G93/><T17/><D17/><U4/><E4/><V94/><F94/><W42/><G61/><T80/><D80/><U38/><E38/><V79/><F104/><W54/><G91/><AGARI ba="0,0" hai="14,15,16,20,24,56,58,59,82,87,91" m="47659" machi="91" ten="30,2000,0" yaku="18,1,54,1" doraHai="35" who="0" fromWho="3" sc="294,20,262,0,218,0,226,-20" owari="314,41.4,262,6.2,218,-18.2,206,-29.4" /></mjloggm>