<mjloggm ver="2.3"><GO type="225" lobby="0"/><UN n0="%72%69%6F%75%63%68%61%6E" n1="%E6%A1%9C%E8%8A%B1%E9%96%83%E3%80%85" n2="%E5%A4%9C%E3%81%AE%E3%82%AC%E3%82%B9%E3%83%91%E3%83%BC%E3%83%AB" n3="%E3%81%A4%E3%81%A3%E3%81%B1%E3%82%8A%E3%83%9D%E3%83%BC%E3%83%AB" dan="16,16,17,17" rate="2179.19,2184.58,2151.31,2240.36" sx="M,M,M,M"/><TAIKYOKU oya="0"/><INIT seed="0,0,0,5,4,108" ten="250,250,250,250" oya="0" hai0="101,30,125,17,103,99,21,23,122,1,79,67,110" hai1="131,26,72,73,10,106,94,37,76,25,89,123,60" hai2="70,74,39,43,9,119,132,82,0,105,84,47,128" hai3="51,27,83,86,98,113,44,87,59,97,95,16,90"/><T48/><D122/><U62/><E123/><V91/><F105/><W15/><G113/><T114/><D114/><U69/><E106/><V58/><F70/><W71/><G71/><T14/><D125/><U12/><E37/><V19/><F128/><W41/><G27/><N who="0" m="16751" /><D1/><U109/><E109/><V46/><F132/><W112/><G112/><T7/><D110/><U134/><E131/><V61/><F119/><W29/><G29/><T33/><D33/><U6/><E62/><V102/><F102/><W66/><G66/><T13/><D79/><U11/><E134/><V68/><F68/><W5/><G5/><T117/><D117/><U121/><E121/><V65/><F47/><W56/><G87/><T35/><D35/><U45/><E45/><V85/><F74/><W63/><G63/><T124/><D124/><U126/><E126/><V115/><F85/><W133/><G133/><T81/><D81/><U20/><E11/><V104/><F104/><W55/><G41/><T42/><D67/><N who="1" m="41191" /><E76/><V38/><F115/><W88/><G98/><T18/><D7/><U40/><E40/><V3/><F39/><W50/><G50/><T57/><D99/><N who="1" m="57807" /><E26/><V34/><F34/><W2/><G2/><T28/><D28/><N who="1" m="17447" /><E73/><V22/><F9/><AGARI ba="0,0" hai="9,15,16,44,51,55,56,59,83,86,88,90,95,97" machi="9" ten="30,12000,2" yaku="7,1,25,2,8,1,54,2" doraHai="108" who="3" fromWho="2" sc="250,0,250,0,250,-120,250,120" /><INIT seed="1,0,0,0,2,79" ten="250,250,130,370" oya="1" hai0="86,40,89,7,6,121,76,71,125,134,18,52,63" hai1="74,83,35,98,85,43,77,65,56,110,112,17,69" hai2="39,26,105,75,87,45,37,123,109,59,19,50,29" hai3="120,53,21,113,115,128,24,81,48,132,44,90,97"/><U73/><E112/><V13/><F123/><W92/><G120/><T41/><D121/><U111/><E69/><V57/><F75/><N who="1" m="28681" /><E35/><V114/><F105/><W31/><G132/><T0/><D125/><U118/><E43/><V58/><F114/><W106/><G128/><T94/><D134/><U82/><E17/><V80/><F109/><N who="1" m="41481" /><E118/><V11/><F26/><W2/><G106/><T131/><D131/><U95/><E85/><V12/><F29/><W96/><G115/><T108/><D108/><U130/><E77/><V23/><F13/><W129/><G113/><T78/><D71/><U99/><E130/><V25/><F25/><W49/><G24/><T42/><D18/><U47/><E47/><V14/><F14/><W38/><G44/><T72/><D72/><U135/><E135/><V100/><F100/><W68/><G68/><T91/><D0/><U133/><E98/><V119/><F23/><W103/><G96/><N who="0" m="57423" /><D6/><U116/><E116/><V55/><REACH who="2" step="1"/><F119/><REACH who="2" ten="250,250,120,370" step="2"/><W27/><G129/><T28/><D28/><U36/><E133/><V54/><F54/><W61/><G53/><T64/><D52/><U8/><E8/><V16/><F16/><W70/><G31/><T127/><D7/><U10/><E10/><V60/><F60/><W102/><G61/><T93/><D63/><N who="1" m="38119" /><E36/><V62/><F62/><W9/><G38/><T107/><D64/><U22/><E22/><V33/><F33/><W104/><G70/><T117/><D117/><U20/><E20/><V46/><F46/><W88/><G21/><T67/><D67/><U32/><E32/><V1/><F1/><RYUUKYOKU ba="0,1" sc="250,-15,250,15,120,15,370,-15" hai1="82,83,95,99" hai2="11,12,19,37,39,45,50,55,57,58,59,80,87" /><INIT seed="1,1,1,1,3,26" ten="235,265,135,355" oya="1" hai0="15,94,132,117,77,54,85,115,92,80,133,98,59" hai1="32,27,125,106,40,110,51,56,111,78,22,134,113" hai2="1,105,61,108,33,97,4,69,87,67,119,42,8" hai3="86,76,35,123,34,44,95,90,48,135,46,89,43"/><U53/><E113/><V25/><F108/><N who="1" m="41513" /><E134/><N who="0" m="51817" /><D115/><U7/><E125/><V73/><F87/><W28/><G123/><T71/><D71/><U124/><E124/><V102/><F42/><W96/><G76/><T55/><D117/><U20/><E106/><V10/><F10/><W19/><G28/><T60/><D15/><U50/><E7/><V84/><F84/><W104/><G135/><T37/><D37/><U103/><E103/><V88/><F88/><W101/><G19/><T24/><D24/><U114/><E78/><V66/><F66/><W127/><G127/><T38/><D38/><U3/><E3/><V12/><F12/><W126/><G126/><T23/><D23/><N who="1" m="8747" /><E114/><V21/><F21/><W14/><G14/><T62/><D98/><U39/><E39/><V52/><F52/><N who="0" m="20010" /><D62/><N who="1" m="36111" /><E40/><V130/><F119/><W41/><G90/><T65/><AGARI ba="1,1" hai="59,60,65,77,80,85,92,94" m="20010,51817" machi="65" ten="30,2000,0" yaku="20,1,54,1" doraHai="26" who="0" fromWho="0" sc="235,33,265,-11,135,-6,355,-6" /><INIT seed="2,0,0,3,1,79" ten="268,254,129,349" oya="2" hai0="120,65,50,1,82,78,60,36,123,129,67,97,40" hai1="54,44,25,42,30,35,115,84,71,62,10,15,75" hai2="58,19,38,85,16,12,72,87,9,4,69,5,134" hai3="89,70,63,57,68,52,98,117,21,130,23,3,90"/><V106/><F69/><W128/><G117/><T93/><D36/><U118/><E75/><V91/><F38/><W17/><G3/><T80/><D1/><U132/><E115/><V20/><F106/><W31/><G31/><T51/><D129/><N who="3" m="49769" /><G23/><T108/><D108/><U46/><E118/><V94/><F72/><W110/><G110/><T64/><D60/><U53/><E132/><V26/><F134/><W77/><G77/><T109/><D109/><U34/><E34/><V104/><F104/><W124/><G124/><T14/><D14/><U127/><E127/><V22/><F22/><W27/><G98/><T101/><D40/><U114/><E114/><V59/><REACH who="2" step="1"/><F87/><REACH who="2" ten="268,254,119,349" step="2"/><W111/><G111/><T92/><D123/><U96/><E71/><AGARI ba="0,1" hai="17,21,27,52,57,63,68,70,71,89,90" m="49769" machi="71" ten="30,2000,0" yaku="19,1,54,1" doraHai="79" who="3" fromWho="1" sc="268,0,254,-20,119,0,349,30" /><INIT seed="3,0,0,4,5,7" ten="268,234,119,379" oya="3" hai0="78,93,99,58,43,33,65,80,98,37,31,44,112" hai1="77,17,83,16,15,35,95,108,52,86,3,92,8" hai2="39,82,91,57,84,134,126,10,46,118,120,54,61" hai3="113,133,123,97,130,106,135,76,6,11,68,73,53"/><W127/><G113/><T9/><D112/><U69/><E69/><V36/><F118/><W32/><G123/><T48/><D33/><U60/><E108/><V38/><F120/><W117/><G68/><T1/><D31/><U88/><E35/><V107/><F107/><W34/><G117/><T30/><D30/><U63/><E3/><V14/><F126/><W56/><G130/><T13/><D1/><U25/><E92/><V102/><F102/><N who="3" m="62799" /><G76/><T22/><D22/><N who="1" m="13511" /><E52/><V18/><F134/><W87/><G87/><AGARI ba="0,0" hai="8,15,17,60,63,77,83,86,87,88,95" m="13511" machi="87" ten="30,7700,0" yaku="8,1,52,1,54,2" doraHai="7" who="1" fromWho="3" sc="268,0,234,77,119,0,379,-77" owari="268,-13.2,311,41.1,119,-38.1,302,10.2" /></mjloggm>