<mjloggm ver="2.3"><GO type="225" lobby="0"/><UN n0="%E4%BF%BA%E3%81%A8%E5%A6%96%E5%A4%A2" n1="%E3%82%B2%E3%82%B9%E8%8C%82%E5%8B%9D" n2="%E6%81%A5%E6%99%92%E3%81%97" n3="%77%72%77%72%77%72%77%72" dan="17,16,16,17" rate="2211.62,2088.50,2145.41,2259.64" sx="F,F,M,M"/><TAIKYOKU oya="0"/><INIT seed="0,0,0,2,1,38" ten="250,250,250,250" oya="0" hai0="70,131,2,47,23,34,79,133,114,10,41,107,61" hai1="108,109,95,18,111,110,89,91,11,85,26,93,123" hai2="44,6,118,13,0,103,49,98,135,48,39,75,73" hai3="90,74,52,24,62,53,29,31,134,4,88,21,87"/><T80/><D114/><U64/><E123/><V68/><F68/><W15/><G74/><T19/><D34/><U3/><E64/><V33/><F33/><W65/><G134/><T32/><D32/><U84/><N who="1" m="27648" /><DORA hai="69" /><U113/><E113/><V120/><F120/><W125/><G125/><T14/><D107/><U77/><E77/><V121/><F121/><W106/><G106/><T25/><D133/><U86/><E26/><V119/><F0/><W58/><G29/><T43/><D2/><U20/><E20/><V71/><F71/><W40/><G40/><T82/><D82/><U101/><E101/><V42/><F135/><W55/><G87/><T127/><D47/><U102/><E102/><V122/><F122/><W60/><G60/><T63/><D127/><U50/><E50/><N who="2" m="19563" /><F13/><W16/><REACH who="3" step="1"/><G4/><REACH who="3" ten="250,250,250,240" step="2"/><T54/><D63/><U56/><E84/><V130/><F6/><W129/><G129/><T96/><D131/><U116/><E116/><N who="2" m="44587" /><F130/><W81/><G81/><T115/><D115/><U17/><E56/><V7/><F7/><AGARI ba="0,1" hai="3,7,11,17,18,85,86,89,91,93,95" m="27648" machi="7" ten="70,4500,0" yaku="9,1,14,1" doraHai="38,69" who="1" fromWho="2" sc="250,0,250,55,250,-45,240,0" /><INIT seed="1,0,0,3,0,109" ten="250,305,205,240" oya="1" hai0="129,33,57,78,24,68,99,104,28,36,132,58,102" hai1="82,114,70,90,11,79,6,80,7,29,67,48,113" hai2="64,38,86,134,50,1,39,47,135,85,123,49,97" hai3="32,12,0,17,110,81,115,53,89,108,118,52,45"/><U92/><E29/><V71/><F1/><W127/><G118/><T44/><D129/><U55/><E67/><V20/><F97/><W96/><G0/><T61/><D132/><N who="2" m="50730" /><F20/><W130/><G32/><T116/><D116/><U126/><E126/><V15/><F15/><W93/><G130/><T14/><D78/><U88/><E70/><V22/><F22/><W27/><G27/><T117/><D117/><U76/><E92/><V66/><F123/><W65/><G65/><N who="2" m="25193" /><F71/><W131/><G131/><T41/><D68/><U18/><E18/><V25/><F25/><W84/><G127/><T62/><D62/><U75/><E48/><N who="2" m="18539" /><F47/><W74/><G45/><T30/><D61/><U56/><E56/><V10/><F10/><W73/><G17/><T98/><D30/><U21/><E21/><V2/><F2/><W121/><G12/><T5/><D98/><U63/><E63/><V3/><F3/><W42/><G121/><T51/><D51/><U54/><E75/><V101/><F101/><W103/><G74/><T37/><D14/><U60/><E60/><V105/><F105/><W13/><G73/><T35/><D35/><U46/><E46/><V122/><F122/><W77/><G13/><T106/><D106/><U119/><E119/><V59/><F59/><N who="0" m="22538" /><D5/><U69/><E69/><V87/><AGARI ba="0,0" hai="38,39,85,86,87" m="18539,25193,50730" machi="87" ten="40,5200,0" yaku="28,2,20,1" doraHai="109" who="2" fromWho="2" sc="250,-13,305,-26,205,52,240,-13" /><INIT seed="2,0,0,2,1,126" ten="237,279,257,227" oya="2" hai0="24,90,106,48,43,62,60,32,8,4,22,100,102" hai1="63,51,123,125,5,91,95,36,50,96,93,76,133" hai2="61,14,98,110,84,109,113,26,73,130,97,77,134" hai3="70,9,99,10,88,66,59,114,29,69,120,57,68"/><V20/><F113/><W55/><G120/><T41/><D32/><U13/><E125/><V85/><F134/><W39/><G39/><T89/><D8/><N who="1" m="4239" /><E36/><V83/><F14/><W111/><G114/><T16/><D4/><U128/><E133/><V67/><F85/><W17/><G29/><T11/><D11/><U2/><E2/><V87/><F87/><W6/><G17/><T40/><D48/><U122/><E76/><V112/><F112/><W46/><G111/><N who="2" m="42505" /><F84/><W54/><G66/><T42/><N who="0" m="10240" /><DORA hai="64" /><T44/><D44/><U116/><E116/><V49/><F130/><W38/><G46/><T47/><D47/><U108/><E128/><V135/><F49/><W12/><G38/><T19/><D19/><U1/><E108/><V107/><F107/><W28/><G28/><T56/><D106/><U0/><E93/><V34/><F34/><W115/><G10/><T121/><D121/><N who="1" m="46091" /><E63/><N who="0" m="24105" /><D56/><U127/><E127/><V30/><F135/><W31/><G31/><T53/><D53/><U132/><E132/><V86/><F73/><W7/><G115/><T3/><D3/><N who="1" m="1099" /><E50/><V103/><F103/><AGARI ba="0,0" hai="16,22,24,89,90,100,102,103" m="24105,10240" machi="103" ten="40,2600,0" yaku="8,1,54,1" doraHai="126,64" who="0" fromWho="2" sc="237,26,279,0,257,-26,227,0" /><INIT seed="3,0,0,4,5,119" ten="263,279,231,227" oya="3" hai0="59,37,32,85,35,124,18,56,97,8,16,96,51" hai1="108,66,38,135,28,67,113,1,130,48,60,117,19" hai2="9,40,84,5,114,92,74,105,14,12,34,107,71" hai3="7,21,131,77,70,127,86,76,91,33,63,22,81"/><W80/><G33/><T64/><D37/><U24/><E38/><V47/><F74/><W49/><G131/><T88/><D124/><U30/><E1/><V134/><F134/><W31/><G127/><T4/><D32/><U112/><E117/><V75/><F114/><W89/><G7/><T58/><D35/><U54/><E135/><V116/><F75/><W103/><G103/><T93/><D64/><U126/><E126/><V50/><F71/><W68/><G49/><T55/><D4/><U123/><E123/><V0/><F116/><W41/><G41/><T15/><D18/><U102/><E102/><V115/><F115/><W3/><G3/><T39/><D39/><U45/><E130/><V26/><F14/><W72/><G63/><T133/><D133/><U2/><E2/><V79/><F92/><W69/><REACH who="3" step="1"/><G31/><REACH who="3" ten="263,279,231,217" step="2"/><T129/><D129/><U65/><E30/><N who="2" m="19799" /><F0/><W23/><AGARI ba="0,1" hai="21,22,23,68,69,70,72,76,77,80,81,86,89,91" machi="23" ten="40,3900,0" yaku="1,1,0,1,53,0" doraHai="119" doraHaiUra="101" who="3" fromWho="3" sc="263,-13,279,-13,231,-13,217,49" /><INIT seed="3,1,0,1,1,49" ten="250,266,218,266" oya="3" hai0="79,67,99,127,93,129,135,101,110,16,71,12,11" hai1="14,75,17,120,105,2,92,32,72,97,5,35,121" hai2="106,124,33,108,27,50,131,111,15,56,24,47,69" hai3="68,77,90,52,39,31,84,57,38,114,122,96,53"/><W98/><G68/><T13/><D110/><N who="2" m="42026" /><F69/><W45/><G114/><T88/><D127/><U4/><E105/><V62/><F106/><W85/><G122/><N who="1" m="47210" /><E92/><V59/><F124/><W61/><G31/><T87/><D129/><U43/><E43/><N who="2" m="24959" /><F131/><W102/><G96/><T115/><D115/><U119/><E97/><V91/><F33/><N who="1" m="12873" /><E72/><V41/><F41/><W95/><G84/><T26/><D135/><U112/><E75/><V117/><F117/><W9/><G9/><T76/><D26/><N who="2" m="9770" /><F62/><W21/><G77/><T107/><REACH who="0" step="1"/><D13/><REACH who="0" ten="240,266,218,266" step="2"/><U42/><E112/><V23/><F15/><W7/><G102/><T1/><D1/><U36/><E2/><V82/><F23/><W118/><G21/><T6/><D6/><U80/><E4/><V40/><F40/><W37/><G7/><T44/><D44/><U64/><E14/><V25/><N who="2" m="9778" /><V0/><DORA hai="86" /><F0/><W78/><G45/><T8/><D8/><U58/><E119/><V30/><F30/><W113/><G118/><T81/><D81/><U22/><E80/><V123/><F123/><W46/><G46/><T104/><D104/><U55/><E5/><V125/><F125/><W65/><G113/><T100/><D100/><U116/><E116/><V109/><N who="2" m="42034" /><V51/><DORA hai="133" /><F51/><W29/><G29/><T18/><D18/><U60/><E17/><V48/><F48/><W130/><G130/><T54/><D54/><U19/><E19/><V89/><F82/><N who="3" m="47319" /><G53/><T66/><D66/><U3/><E3/><V73/><F73/><W126/><G65/><T103/><D103/><U70/><E64/><RYUUKYOKU ba="1,1" sc="240,10,266,-30,218,10,266,10" hai0="11,12,16,67,71,76,79,87,88,93,99,101,107" hai2="56,59,89,91" hai3="37,38,39,52,57,61,90,95,98,126" /><INIT seed="3,2,1,4,2,36" ten="250,236,228,276" oya="3" hai0="32,70,0,61,120,111,25,19,29,14,17,53,107" hai1="62,73,82,117,113,128,16,77,5,40,104,6,46" hai2="15,23,44,2,34,122,131,11,22,118,127,65,126" hai3="67,80,24,31,47,66,135,95,101,94,37,97,74"/><W58/><G135/><T132/><D120/><U100/><E113/><V45/><F118/><W125/><G125/><N who="2" m="47625" /><F122/><W119/><G119/><T59/><D107/><U26/><E117/><V86/><F34/><W27/><G94/><T81/><D132/><U121/><E121/><V133/><F131/><W79/><G24/><T55/><D70/><U57/><E128/><V76/><F133/><W109/><G109/><T106/><D106/><U91/><E91/><V103/><F65/><W108/><G108/><T60/><D0/><U4/><E104/><V83/><F103/><W33/><G58/><T92/><D111/><U102/><E16/><N who="0" m="6217" /><D81/><U10/><E26/><V134/><F2/><W88/><G101/><T129/><D32/><U114/><E10/><V69/><F69/><W51/><G37/><T78/><D78/><U90/><E114/><V28/><F134/><W38/><G38/><T112/><D129/><U41/><E90/><V89/><F89/><W105/><G105/><T110/><D110/><U124/><E124/><V84/><F84/><W20/><G33/><T21/><D112/><U13/><E100/><V7/><F28/><W9/><G9/><T3/><D3/><U99/><E102/><V64/><F64/><W96/><G96/><T115/><D115/><U116/><E99/><V39/><F39/><W98/><G98/><T54/><D92/><U35/><E35/><V63/><F63/><N who="0" m="24138" /><D14/><U49/><E116/><V87/><F86/><W1/><G1/><T8/><D8/><U18/><E4/><V12/><F15/><W93/><G93/><T130/><D130/><RYUUKYOKU ba="2,1" sc="250,10,236,-30,228,10,276,10" hai0="21,25,29,53,54,55,59" hai2="7,11,12,22,23,44,45,76,83,87" hai3="20,27,31,47,51,66,67,74,79,80,88,95,97" /><INIT seed="3,3,1,5,0,126" ten="260,206,238,286" oya="3" hai0="27,4,45,2,116,104,70,98,115,31,77,19,129" hai1="8,123,42,26,18,79,47,114,68,66,10,78,63" hai2="89,102,106,93,29,86,12,3,112,28,33,54,48" hai3="110,87,62,83,11,6,125,81,91,16,65,50,17"/><W109/><G125/><T67/><D116/><U30/><E114/><V72/><F112/><W97/><G97/><T119/><D119/><U38/><E123/><V75/><F3/><W80/><G50/><T58/><D70/><U105/><E105/><V134/><F134/><W7/><G7/><T94/><D19/><U120/><E120/><V101/><F33/><W51/><G51/><T128/><D45/><U60/><E60/><V53/><F53/><W113/><G113/><T14/><D14/><U20/><REACH who="1" step="1"/><E18/><REACH who="1" ten="260,196,238,286" step="2"/><V22/><F106/><W124/><G16/><T96/><D115/><U64/><E64/><V15/><F75/><W82/><G17/><T52/><D67/><U57/><E57/><N who="2" m="32967" /><F72/><W0/><G124/><T25/><D104/><U39/><E39/><V49/><F49/><W131/><G62/><T90/><D58/><U13/><E13/><N who="2" m="5195" /><F22/><W130/><G65/><T69/><D2/><U59/><E59/><V111/><F111/><AGARI ba="3,2" hai="0,6,11,80,81,82,83,87,91,109,110,111,130,131" machi="111" ten="40,12000,1" yaku="14,1,10,1,52,2" doraHai="126" who="3" fromWho="2" sc="260,0,196,0,238,-129,286,149" owari="260,6.0,196,-20.4,109,-39.1,435,53.5" /></mjloggm>