<mjloggm ver="2.3"><GO type="225" lobby="0"/><UN n0="%72%69%6F%75%63%68%61%6E" n1="%E3%83%8F%E3%82%AC%E3%82%BF%E3%82%AB%E3%81%AE%E3%81%88%E3%81%98%E3%81%8D" n2="%E3%81%8F%E3%82%8A%E3%83%94%E3%83%BC" n3="%6D%75%75%6D%75%72%61" dan="17,16,16,17" rate="2275.06,2131.10,2089.20,2124.17" sx="M,M,M,F"/><TAIKYOKU oya="0"/><INIT seed="0,0,0,4,4,119" ten="250,250,250,250" oya="0" hai0="125,128,21,97,54,27,11,12,1,47,20,9,77" hai1="92,75,60,84,44,62,2,110,18,25,69,66,51" hai2="61,115,126,111,101,135,94,109,82,40,56,117,86" hai3="68,14,4,43,104,113,132,134,102,107,15,71,46"/><T29/><D128/><U72/><E110/><V49/><F115/><W7/><G113/><T45/><D125/><U90/><E2/><V13/><F126/><W116/><G116/><T48/><D77/><U121/><E121/><V33/><F33/><W3/><G3/><T123/><D123/><U35/><E60/><V108/><F117/><W50/><G102/><T81/><D81/><U36/><E36/><V74/><F135/><N who="3" m="51755" /><G15/><T38/><D1/><U83/><E92/><V23/><F74/><W100/><G100/><T37/><D97/><U6/><E6/><N who="3" m="2090" /><G14/><T124/><D124/><U127/><E127/><V106/><F106/><AGARI ba="0,0" hai="43,46,50,68,71,104,106,107" m="2090,51755" machi="106" ten="30,1000,0" yaku="20,1" doraHai="119" who="3" fromWho="2" sc="250,0,250,0,250,-10,250,10" /><INIT seed="1,0,0,1,3,125" ten="250,250,240,260" oya="1" hai0="77,59,79,64,39,126,135,7,123,75,115,103,18" hai1="72,35,22,46,6,30,9,41,52,40,83,94,38" hai2="27,130,80,76,15,2,133,24,50,36,66,114,21" hai3="29,65,112,71,14,116,113,70,49,54,32,3,1"/><U37/><E35/><V28/><F2/><W111/><G111/><T110/><D115/><U55/><E94/><V74/><F36/><W63/><G116/><T99/><D110/><U19/><E30/><V73/><F114/><W87/><G71/><T122/><D39/><U60/><E60/><V92/><F133/><W131/><G3/><T104/><D126/><U67/><E67/><V61/><F130/><W101/><G1/><T108/><D108/><U17/><E6/><V97/><F15/><W12/><G101/><T117/><D117/><U62/><E9/><V90/><F50/><W96/><G96/><T84/><D135/><U42/><E17/><V43/><F43/><W0/><G0/><T89/><D7/><U8/><E8/><V88/><F27/><W86/><G14/><T128/><D128/><U34/><E34/><V25/><F25/><W85/><G131/><T105/><D18/><U23/><E23/><V58/><F74/><W82/><G82/><N who="0" m="45375" /><D79/><N who="1" m="44519" /><E62/><V81/><F80/><W69/><G69/><T44/><D104/><U51/><E55/><V56/><F58/><W47/><REACH who="3" step="1"/><G12/><REACH who="3" ten="250,250,240,250" step="2"/><T5/><D123/><U119/><E119/><V20/><F20/><W53/><G53/><T10/><D122/><U48/><E37/><V98/><F97/><W78/><G78/><T118/><D118/><U107/><E38/><V121/><F121/><W57/><G57/><T129/><D129/><U45/><E107/><V16/><F28/><W31/><G31/><T132/><D59/><U68/><E68/><V11/><F11/><W100/><G100/><AGARI ba="0,1" hai="16,21,24,56,61,66,73,76,81,88,90,92,98,100" machi="100" ten="30,3900,0" yaku="7,1,54,2" doraHai="125" who="2" fromWho="3" sc="250,0,250,0,240,49,250,-39" /><INIT seed="2,0,0,3,0,84" ten="250,250,289,211" oya="2" hai0="47,27,2,67,113,43,38,99,77,92,111,29,32" hai1="61,94,103,95,24,122,23,120,8,66,4,86,22" hai2="28,109,3,64,53,119,62,76,26,68,1,0,126" hai3="90,6,34,129,133,14,54,52,56,101,9,57,30"/><V12/><F119/><W15/><G129/><T37/><D111/><U17/><E103/><V105/><F126/><W104/><G133/><T42/><D113/><U25/><E86/><V107/><F109/><W85/><G15/><T16/><D2/><U48/><E48/><V93/><F76/><W46/><G46/><T20/><D67/><U115/><E115/><V41/><F41/><W58/><G34/><T134/><D134/><U78/><E78/><V51/><F12/><W117/><G117/><T65/><D65/><U70/><E120/><V116/><F116/><W39/><G39/><T71/><D77/><U130/><E130/><V33/><REACH who="2" step="1"/><F93/><REACH who="2" ten="250,250,279,211" step="2"/><W83/><REACH who="3" step="1"/><G30/><REACH who="3" ten="250,250,279,201" step="2"/><T127/><D127/><U72/><E122/><V121/><F121/><W125/><G125/><T100/><D37/><U106/><E17/><V7/><F7/><W110/><G110/><T49/><D38/><U13/><E13/><V75/><F75/><W124/><G124/><T45/><D16/><U40/><E72/><V5/><F5/><W10/><G10/><T135/><D135/><U35/><E8/><V73/><F73/><W118/><G118/><T31/><D31/><U44/><E4/><V21/><F21/><W81/><G81/><T112/><D20/><U91/><E22/><V89/><F89/><W60/><G60/><T18/><D18/><U82/><E91/><V97/><F97/><AGARI ba="0,2" hai="6,9,14,52,54,56,57,58,83,85,90,97,101,104" machi="97" ten="40,5200,0" yaku="1,1,52,1,54,1,53,0" doraHai="84" doraHaiUra="63" who="3" fromWho="2" sc="250,0,250,0,279,-52,201,72" /><INIT seed="3,0,0,0,3,42" ten="250,250,227,273" oya="3" hai0="113,53,28,10,111,85,120,6,73,97,22,98,44" hai1="127,116,82,105,14,36,102,52,30,95,100,35,84" hai2="24,118,3,87,117,48,16,75,128,40,46,66,133" hai3="45,123,115,124,93,64,5,109,110,125,54,106,99"/><W2/><G106/><T78/><D120/><U20/><E36/><V34/><F75/><W43/><G123/><T25/><D111/><N who="3" m="42505" /><G115/><T70/><D70/><U61/><E105/><V67/><F3/><W21/><G64/><T4/><D73/><U27/><E116/><V94/><F128/><W72/><G72/><T11/><D113/><U135/><E135/><V29/><F133/><W68/><G68/><T19/><D28/><U74/><E127/><V131/><F131/><W62/><G21/><T77/><D10/><U47/><E95/><V63/><F67/><W50/><G62/><T31/><D31/><U126/><E61/><V57/><REACH who="2" step="1"/><F16/><REACH who="2" ten="250,250,217,273" step="2"/><W76/><G2/><T13/><D4/><U122/><E74/><V88/><AGARI ba="0,1" hai="24,29,34,40,46,48,57,63,66,87,88,94,117,118" machi="88" ten="30,12000,2" yaku="1,1,2,1,0,1,52,1,54,1,53,1" doraHai="42" doraHaiUra="81" who="2" fromWho="2" sc="250,-30,250,-30,217,130,273,-60" owari="220,2.0,220,-18.0,347,44.7,213,-28.7" /></mjloggm>