<mjloggm ver="2.3"><GO type="225" lobby="0"/><UN n0="%E7%89%B9%E6%9D%B1%E3%81%AF%E4%B8%96%E7%95%8C%E3%82%92%E6%95%91%E3%81%86" n1="%E3%81%AA%E3%81%A1%30%39%32%37" n2="%E5%8F%AF%E5%85%90%E9%82%A3%E7%94%B1%E5%A4%9A" n3="%4E%49%4A%49%49%52%4F" dan="16,16,17,17" rate="2104.07,2092.06,2225.39,2202.17" sx="M,M,F,M"/><TAIKYOKU oya="0"/><BYE who="3" /><UN n3="%4E%49%4A%49%49%52%4F" /><INIT seed="0,0,0,0,4,87" ten="250,250,250,250" oya="0" hai0="6,69,52,67,128,88,85,46,62,126,104,44,24" hai1="48,78,58,76,21,32,29,45,125,3,89,35,92" hai2="8,99,51,1,95,71,107,100,77,133,111,115,103" hai3="33,38,28,116,122,55,94,97,41,20,2,112,68"/><T93/><D128/><U49/><E3/><V81/><F71/><W109/><G116/><T7/><D126/><U59/><E125/><V65/><F65/><W50/><G112/><T9/><D104/><U34/><E29/><V86/><F115/><W73/><G2/><T98/><D24/><U47/><E21/><V23/><F111/><W110/><G33/><T18/><D98/><U43/><E76/><V123/><F123/><W96/><G73/><T37/><D37/><U56/><E78/><V129/><F129/><W64/><G122/><T131/><D131/><U57/><N who="1" m="14336" /><DORA hai="72" /><U60/><E60/><V108/><F108/><N who="3" m="41579" /><G38/><T36/><D36/><U130/><E130/><V74/><F133/><W132/><G41/><T106/><D106/><U0/><E0/><V105/><F23/><W14/><G132/><T40/><D40/><U120/><E120/><V101/><F51/><W13/><G50/><T11/><D18/><U42/><REACH who="1" step="1"/><E32/><REACH who="1" ten="250,240,250,250" step="2"/><V117/><F117/><W25/><G28/><T39/><D67/><U118/><E118/><V26/><F1/><W16/><G64/><T31/><D31/><U15/><E15/><N who="3" m="5642" /><G68/><T90/><D69/><U124/><E124/><V82/><F26/><W79/><G79/><T80/><D62/><U54/><E54/><V5/><F8/><W127/><G127/><T17/><D52/><U121/><E121/><V53/><F53/><W114/><G55/><T135/><D135/><U113/><E113/><V4/><F74/><W61/><G61/><T22/><D11/><U102/><E102/><N who="2" m="39531" /><F105/><W91/><G114/><T63/><D63/><RYUUKYOKU ba="0,1" sc="250,-15,240,15,250,-15,250,15" hai1="34,35,42,43,45,47,48,49,89,92" hai3="16,20,25,91,94,96,97" /><INIT seed="1,1,1,0,3,89" ten="235,255,235,265" oya="1" hai0="70,97,84,72,68,3,90,48,123,96,107,24,79" hai1="13,125,52,59,117,63,2,102,66,128,134,44,100" hai2="120,104,135,57,46,103,121,131,56,14,17,95,129" hai3="132,105,75,80,22,32,64,81,133,82,126,127,87"/><U42/><E117/><V35/><F35/><W77/><G77/><T115/><D115/><U111/><E2/><V47/><F104/><W118/><G32/><T19/><D3/><U50/><E134/><N who="3" m="51818" /><G118/><T33/><D123/><U78/><E128/><N who="2" m="49227" /><F135/><W7/><G7/><T130/><D130/><U34/><E125/><N who="3" m="47626" /><G64/><T99/><D107/><U20/><E34/><V116/><F116/><W28/><G105/><T9/><D79/><U74/><E111/><V71/><F71/><W29/><G75/><T40/><D72/><U113/><E113/><V36/><F121/><W67/><G67/><T41/><D33/><U53/><E78/><V101/><F120/><W122/><G122/><T12/><D24/><U49/><E74/><V112/><F112/><W21/><G87/><T6/><D6/><U65/><E66/><V43/><F47/><W45/><G45/><T108/><D108/><U38/><E38/><V60/><F56/><W58/><G58/><T23/><D70/><U83/><E65/><N who="2" m="39055" /><F95/><W73/><G73/><T114/><D68/><U31/><E83/><V76/><F76/><W92/><G92/><N who="0" m="54343" /><D114/><U30/><E42/><N who="0" m="16489" /><D48/><U119/><E50/><V106/><F106/><W5/><G5/><T27/><D97/><U26/><E119/><V61/><F61/><W69/><G69/><T8/><D99/><U62/><E63/><V15/><F17/><W93/><G93/><T0/><D96/><U25/><E102/><AGARI ba="1,1" hai="14,15,36,43,46,101,102,103" m="39055,49227" machi="102" ten="30,1000,0" yaku="19,1" doraHai="89" who="2" fromWho="1" sc="235,0,255,-13,235,23,265,0" /><INIT seed="2,0,0,4,2,3" ten="235,242,258,265" oya="2" hai0="32,10,109,99,42,58,16,133,92,131,0,5,87" hai1="82,135,75,12,17,18,101,61,2,73,120,125,130" hai2="35,121,126,67,111,49,7,30,98,78,22,29,55" hai3="1,104,76,14,84,56,65,116,112,50,95,93,63"/><V64/><F121/><W53/><G104/><T8/><D109/><U4/><E135/><V114/><F114/><W72/><G1/><T57/><D133/><U117/><E117/><V102/><F35/><W31/><G116/><T129/><D32/><U66/><E130/><N who="0" m="49673" /><D42/><U127/><E120/><V43/><F126/><N who="1" m="48137" /><E101/><V54/><F78/><W24/><G72/><N who="1" m="27722" /><E82/><V90/><F111/><W81/><G112/><T77/><D87/><U26/><E2/><V110/><F110/><W118/><G14/><N who="0" m="7255" /><D77/><U107/><E107/><V33/><F33/><W46/><REACH who="3" step="1"/><G118/><REACH who="3" ten="235,242,258,255" step="2"/><T20/><D20/><AGARI ba="0,1" hai="20,24,31,46,50,53,56,63,65,76,81,84,93,95" machi="20" ten="30,8000,1" yaku="1,1,2,1,7,1,8,1,53,1" doraHai="3" doraHaiUra="47" who="3" fromWho="0" sc="235,-80,242,0,258,0,255,90" /><INIT seed="3,0,0,2,4,113" ten="155,242,258,345" oya="3" hai0="10,16,97,106,80,77,43,37,111,126,60,107,101" hai1="19,23,100,87,33,7,130,59,89,15,110,54,52" hai2="92,53,117,93,133,25,63,56,35,28,96,91,45" hai3="116,90,83,115,0,95,32,44,120,94,57,17,30"/><W114/><G116/><T31/><D111/><U49/><E33/><V2/><F2/><W58/><G120/><T27/><D126/><U18/><E110/><V99/><F133/><W82/><G0/><T62/><D107/><U76/><E130/><V81/><F81/><W34/><G17/><T75/><D43/><U74/><E100/><V122/><F122/><W109/><G44/><T55/><D37/><U72/><E76/><V1/><F1/><W98/><G98/><T66/><D55/><N who="1" m="32239" /><E74/><V132/><F132/><W78/><G78/><T21/><REACH who="0" step="1"/><D66/><REACH who="0" ten="145,242,258,345" step="2"/><U5/><E54/><V38/><F38/><W6/><G6/><T11/><D11/><N who="1" m="6527" /><E52/><V12/><F45/><W3/><G109/><T123/><D123/><U73/><E72/><V112/><F53/><W102/><G115/><T127/><D127/><U131/><E73/><V79/><F112/><W118/><G114/><T88/><D88/><U68/><E131/><V36/><F36/><W50/><G90/><T119/><D119/><U85/><E89/><N who="2" m="55311" /><F117/><W129/><G118/><T103/><D103/><U41/><E7/><V51/><F91/><W46/><G102/><T24/><D24/><U8/><E5/><V84/><F25/><W39/><G39/><T61/><D61/><U48/><E8/><V47/><F63/><W40/><G129/><T128/><D128/><U29/><E41/><V134/><F47/><W65/><G46/><T104/><D104/><U22/><E48/><V13/><F51/><W108/><G50/><T14/><AGARI ba="0,1" hai="10,14,16,21,27,31,60,62,75,77,80,97,101,106" machi="14" ten="30,4000,0" yaku="1,1,0,1,54,1,53,0" doraHai="113" doraHaiUra="135" who="0" fromWho="0" sc="145,50,242,-10,258,-10,345,-20" owari="195,-30.5,232,-16.8,248,4.8,325,42.5" /></mjloggm>