<mjloggm ver="2.3"><GO type="225" lobby="0"/><UN n0="%E3%81%8F%E3%81%BE%E3%81%96%E3%82%8F" n1="%E6%80%AA%E3%81%97%E3%81%99%E3%81%8E%E3%82%8B%E3%83%81%E3%83%BC" n2="%70%68%65%6E%6F%6D%65" n3="%E3%81%9F%E3%81%A3%E3%81%A1%E3%82%87" dan="16,16,17,16" rate="2020.99,2157.65,2167.30,2111.63" sx="M,M,M,M"/><TAIKYOKU oya="0"/><INIT seed="0,0,0,2,0,119" ten="250,250,250,250" oya="0" hai0="14,99,53,100,128,113,106,5,107,97,46,21,91" hai1="36,84,74,66,44,15,79,96,10,135,82,78,58" hai2="39,0,34,71,110,132,11,127,59,131,67,75,130" hai3="30,133,2,35,55,101,4,70,1,83,126,76,51"/><T57/><D128/><N who="2" m="49194" /><F59/><W18/><G126/><T64/><D113/><U50/><E135/><V25/><F132/><W38/><G133/><T92/><D64/><U24/><E36/><V61/><F39/><W28/><G38/><T49/><D107/><U109/><E109/><V118/><F75/><W22/><G70/><T123/><D123/><U23/><E96/><V93/><F93/><W52/><G101/><T86/><D97/><U89/><E58/><V3/><F110/><W90/><G35/><T45/><REACH who="0" step="1"/><D5/><REACH who="0" ten="240,250,250,250" step="2"/><N who="1" m="3535" /><E66/><V112/><F112/><W48/><G4/><T77/><D77/><U72/><E72/><V129/><F129/><W9/><G76/><T56/><D56/><U95/><E74/><V17/><F127/><W31/><G90/><T65/><D65/><U124/><E124/><V37/><F118/><W103/><G103/><T7/><D7/><U88/><E78/><V68/><F71/><W121/><G121/><T73/><D73/><U111/><E79/><V47/><F68/><W87/><G87/><T134/><D134/><U40/><E111/><V69/><F69/><W12/><G1/><T54/><D54/><U114/><E114/><V32/><F3/><W27/><G2/><T8/><D8/><U63/><E89/><V16/><F0/><W120/><G120/><T19/><AGARI ba="0,1" hai="14,19,21,45,46,49,53,57,86,91,92,99,100,106" machi="19" ten="30,12000,1" yaku="1,1,0,1,25,2,53,1" doraHai="119" doraHaiUra="94" who="0" fromWho="0" sc="240,130,250,-40,250,-40,250,-40" /><INIT seed="0,1,0,0,3,119" ten="370,210,210,210" oya="0" hai0="108,100,56,106,118,121,17,94,66,35,20,14,80" hai1="57,111,43,86,130,105,74,12,75,71,42,29,24" hai2="37,98,58,116,53,69,68,41,125,30,51,34,50" hai3="132,63,89,95,110,117,122,0,64,44,11,78,127"/><T45/><D118/><U25/><E71/><N who="2" m="27211" /><F30/><W47/><G117/><T27/><D106/><U13/><E105/><V73/><F34/><W2/><G110/><T6/><D108/><U90/><E111/><V19/><F73/><W39/><G127/><T22/><D35/><U52/><E130/><V72/><F72/><W10/><G132/><T115/><D115/><U97/><E97/><V9/><F19/><W114/><G78/><T3/><D3/><U133/><E133/><V33/><F9/><W15/><G114/><T76/><D45/><U92/><E75/><V96/><F98/><W87/><G10/><T26/><D6/><U21/><E25/><V123/><F96/><W103/><G103/><T93/><D100/><U55/><E55/><N who="2" m="32119" /><F33/><W79/><G0/><T91/><D91/><U129/><E129/><V104/><F104/><W85/><G2/><T81/><D14/><N who="1" m="5739" /><E74/><V8/><F8/><W61/><G15/><T83/><D76/><U113/><E113/><V70/><F116/><W77/><G79/><T54/><D22/><U32/><E32/><V60/><F125/><W65/><G77/><T120/><D27/><U101/><E101/><V46/><F123/><W7/><G122/><T109/><D109/><U16/><E29/><V49/><F53/><W18/><G89/><T48/><D120/><U4/><E4/><V28/><F28/><W131/><G7/><T31/><D121/><U5/><E5/><V134/><F134/><W82/><G131/><T38/><D31/><U99/><E86/><V36/><F37/><W128/><G39/><T84/><D38/><RYUUKYOKU ba="1,0" sc="370,-15,210,15,210,15,210,-15" hai1="16,21,24,42,43,52,57,90,92,99" hai2="36,41,46,49,51,60,70" /><INIT seed="1,2,0,2,1,120" ten="355,225,225,195" oya="1" hai0="63,75,69,103,85,56,95,122,61,20,62,70,124" hai1="109,42,24,111,73,4,86,18,100,53,1,129,107" hai2="9,132,48,54,28,104,31,116,26,41,130,97,74" hai3="96,38,10,37,23,71,94,13,35,46,39,125,55"/><U60/><E73/><V110/><F116/><W29/><G125/><T12/><D122/><U44/><E129/><V17/><F130/><W88/><G71/><T134/><D75/><U16/><E86/><V102/><F132/><W128/><G128/><T105/><D134/><U59/><E4/><V114/><F114/><W89/><G35/><T27/><D124/><U11/><E1/><V82/><F41/><W121/><G121/><T47/><D47/><U135/><E135/><V8/><F110/><N who="1" m="41993" /><E11/><V5/><F82/><W127/><G127/><T36/><D69/><U45/><E24/><V7/><F74/><W108/><G108/><T65/><D70/><U33/><E33/><V2/><F7/><W78/><G78/><T49/><D27/><U98/><E44/><V76/><F76/><W58/><G46/><T51/><D12/><U112/><E112/><V30/><F9/><W21/><G10/><T84/><D20/><U3/><E3/><V77/><F77/><W87/><G21/><T50/><D85/><U25/><E25/><V22/><F28/><W40/><G13/><T115/><D84/><U6/><E6/><V133/><F133/><W119/><G23/><T34/><D34/><U123/><E123/><V81/><F81/><N who="3" m="49263" /><G29/><T83/><D83/><U126/><E126/><V43/><F30/><W72/><G72/><T80/><D80/><U32/><E32/><V106/><F31/><W90/><G119/><T67/><D115/><U14/><E14/><V99/><F26/><W0/><G0/><T131/><D131/><U57/><E57/><N who="2" m="32967" /><F22/><W52/><G58/><RYUUKYOKU ba="2,0" sc="355,-10,225,30,225,-10,195,-10" hai1="16,18,42,45,53,59,60,98,100,107" /><INIT seed="1,3,0,0,1,120" ten="345,255,215,185" oya="1" hai0="93,45,107,39,109,50,65,92,79,11,95,115,9" hai1="94,22,83,21,78,29,54,5,100,117,124,17,1" hai2="127,76,38,23,91,35,7,75,104,77,24,82,106" hai3="64,108,105,20,135,80,42,55,68,52,57,134,74"/><U131/><E117/><V88/><F35/><W99/><G105/><T53/><D115/><U71/><E131/><V81/><F38/><W41/><G99/><T59/><D107/><N who="2" m="41002" /><F23/><W40/><G80/><T121/><D121/><U0/><E124/><V62/><F62/><N who="3" m="39959" /><G74/><T19/><D109/><U10/><E71/><V48/><F48/><N who="3" m="30855" /><G20/><T70/><D19/><U18/><E1/><V86/><F24/><W97/><G97/><T37/><D79/><U34/><E54/><V49/><F49/><W63/><G108/><T110/><D39/><U51/><E21/><V12/><F12/><W128/><G128/><T3/><D3/><U98/><E51/><V67/><F67/><W85/><G85/><T56/><D56/><AGARI ba="3,0" hai="40,41,42,55,56,63,134,135" m="30855,39959" machi="56" ten="30,3900,0" yaku="34,2,54,1" doraHai="120" who="3" fromWho="0" sc="345,-48,255,0,215,0,185,48" /><INIT seed="2,0,0,1,0,131" ten="297,255,215,233" oya="2" hai0="88,121,90,126,106,11,78,10,47,65,99,54,114" hai1="119,18,91,37,115,32,24,82,52,92,110,117,7" hai2="68,39,129,22,89,66,97,40,69,51,60,27,73" hai3="123,105,16,15,44,122,48,107,17,79,133,8,120"/><V94/><F129/><W81/><G133/><T43/><D121/><U61/><E115/><V74/><F39/><W0/><G0/><T80/><D114/><U86/><E37/><V56/><F68/><W75/><REACH who="3" step="1"/><G17/><REACH who="3" ten="297,255,215,223" step="2"/><T71/><D126/><U30/><E18/><V31/><REACH who="2" step="1"/><F69/><REACH who="2" ten="297,255,205,223" step="2"/><W100/><G100/><T76/><D71/><U42/><E117/><V103/><F103/><W127/><G127/><T34/><D90/><U84/><E91/><V50/><F50/><W102/><G102/><T3/><D88/><U55/><E119/><V96/><F96/><W12/><G12/><T49/><D99/><U35/><E110/><V13/><F13/><W124/><G124/><T77/><D49/><U29/><E61/><V38/><F38/><W111/><G111/><T128/><D128/><U101/><E101/><V72/><F72/><W132/><G132/><T57/><D3/><U41/><E86/><V36/><F36/><W58/><G58/><T4/><D57/><U21/><E84/><V23/><F23/><W70/><G70/><T85/><D85/><U130/><E21/><V67/><F67/><W83/><G83/><T62/><D65/><U109/><E82/><V53/><F53/><AGARI ba="0,2" hai="8,15,16,44,48,53,75,79,81,105,107,120,122,123" machi="53" ten="40,2600,0" yaku="1,1,54,1,53,0" doraHai="131" doraHaiUra="134" who="3" fromWho="2" sc="297,0,255,0,205,-26,223,46" /><INIT seed="3,0,0,0,2,9" ten="297,255,179,269" oya="3" hai0="102,103,132,81,26,19,124,79,62,12,5,73,53" hai1="15,106,44,22,6,83,20,89,72,121,10,99,0" hai2="51,101,122,33,57,88,27,125,96,40,60,91,30" hai3="77,85,98,1,113,84,8,23,37,18,49,108,120"/><W75/><G113/><T14/><D124/><U43/><E121/><V59/><F125/><W21/><G120/><T17/><D132/><U92/><E106/><V135/><F135/><W35/><G37/><T95/><D5/><U36/><REACH who="1" step="1"/><E15/><REACH who="1" ten="297,245,179,269" step="2"/><V129/><F122/><W38/><G1/><T47/><D12/><U115/><E115/><V61/><F129/><W90/><G108/><T50/><D14/><U58/><E58/><V4/><F4/><W32/><G32/><T46/><D26/><U34/><E34/><V97/><F96/><W42/><G35/><T66/><D46/><U130/><E130/><V65/><F40/><W48/><G98/><T104/><D104/><U7/><E7/><V13/><F13/><W80/><G8/><T45/><D47/><U67/><E67/><V39/><F39/><W56/><G42/><T54/><D54/><U28/><E28/><V128/><F128/><W119/><G56/><T11/><D11/><U74/><E74/><V109/><F51/><W29/><G38/><T3/><D3/><U24/><E24/><V86/><F109/><W111/><G75/><T110/><D110/><U93/><E93/><V71/><F59/><W64/><G111/><T2/><D2/><U76/><AGARI ba="0,1" hai="0,6,10,20,22,36,43,44,72,76,83,89,92,99" machi="76" ten="30,12000,2" yaku="1,1,0,1,25,2,53,2" doraHai="9" doraHaiUra="16" who="1" fromWho="1" sc="297,-30,245,130,179,-30,269,-60" owari="267,6.7,375,47.5,149,-35.1,209,-19.1" /></mjloggm>