<mjloggm ver="2.3"><GO type="225" lobby="0"/><UN n0="%E3%83%AD%E3%83%83%E3%83%86%E9%9B%80%E7%90%83" n1="%E6%97%A5%E6%9B%9C%E6%97%A5%E3%82%88%E3%82%8A%E3%81%AE%E4%BD%BF%E8%80%85" n2="%E6%A1%9C%E8%8A%B1%E9%96%83%E3%80%85" n3="%54%4F%52" dan="17,18,17,17" rate="2235.56,2164.30,2128.64,2234.18" sx="M,M,M,M"/><TAIKYOKU oya="0"/><INIT seed="0,0,0,0,1,100" ten="250,250,250,250" oya="0" hai0="1,74,111,107,135,124,5,114,44,129,17,130,14" hai1="78,61,40,86,2,36,43,81,6,99,125,9,15" hai2="29,90,123,80,60,121,76,16,0,8,7,83,32" hai3="18,116,75,71,65,93,115,92,3,58,33,10,55"/><T84/><D74/><U73/><E125/><V4/><F4/><W12/><G115/><T126/><D107/><U70/><E36/><V63/><F90/><W89/><G116/><T23/><D44/><U87/><E2/><V11/><F29/><W103/><G33/><T19/><D84/><U134/><E134/><V47/><F32/><W112/><G112/><T131/><D114/><U94/><E73/><V97/><F97/><W128/><G128/><T28/><D111/><U34/><E34/><V56/><F47/><W117/><G75/><T119/><D119/><U68/><E87/><V67/><F63/><W104/><G117/><T120/><D120/><U51/><E61/><V27/><F27/><W91/><G65/><T39/><D39/><U41/><REACH who="1" step="1"/><E51/><REACH who="1" ten="250,240,250,250" step="2"/><V64/><F121/><W98/><G3/><T85/><D85/><U52/><E52/><V48/><F48/><W109/><G109/><T35/><D135/><U49/><E49/><V110/><F123/><W38/><G38/><T69/><D69/><U72/><E72/><V118/><F110/><W95/><REACH who="3" step="1"/><G71/><REACH who="3" ten="250,240,250,240" step="2"/><T66/><D1/><U31/><E31/><V132/><F132/><W37/><G37/><T62/><D28/><U53/><E53/><V42/><F118/><W102/><G102/><AGARI ba="0,2" hai="6,9,15,40,41,43,68,70,78,81,86,94,99,102" machi="102" ten="40,1300,0" yaku="1,1,53,0" doraHai="100" doraHaiUra="133" who="1" fromWho="3" sc="250,0,240,33,250,0,240,-13" /><INIT seed="1,0,0,0,5,23" ten="250,273,250,227" oya="1" hai0="113,97,117,114,48,27,66,109,30,96,106,21,87" hai1="12,24,71,6,47,49,15,130,28,11,88,119,54" hai2="127,112,14,22,102,93,115,125,44,65,10,40,3" hai3="134,75,51,25,33,101,39,55,116,26,9,2,20"/><U16/><E130/><V70/><F3/><W59/><G39/><T64/><D117/><U79/><E119/><V36/><F65/><W68/><G116/><T41/><D109/><U37/><E71/><V131/><F70/><W56/><G68/><T118/><D118/><U122/><E122/><V5/><F131/><W86/><G75/><T105/><D87/><U129/><E129/><V62/><F62/><W57/><G134/><T45/><D66/><U0/><E37/><V81/><F81/><W85/><G101/><T89/><D64/><U4/><E79/><V31/><F93/><W91/><G33/><T63/><D63/><U98/><E0/><V107/><F102/><W52/><G2/><T46/><D46/><U60/><E60/><V50/><F107/><W108/><G108/><T34/><D34/><U32/><REACH who="1" step="1"/><E15/><REACH who="1" ten="250,263,250,227" step="2"/><V92/><F36/><W95/><G51/><T61/><D61/><U69/><E69/><V29/><F14/><W83/><G9/><T128/><D128/><U1/><E1/><V67/><F10/><W132/><G132/><T35/><D114/><U19/><E19/><V135/><F135/><W104/><G104/><T124/><D113/><U73/><E73/><V84/><F115/><W82/><G95/><AGARI ba="0,1" hai="4,6,11,12,16,24,28,32,47,49,54,88,95,98" machi="95" ten="40,12000,1" yaku="1,1,52,1,54,2,53,0" doraHai="23" doraHaiUra="133" who="1" fromWho="3" sc="250,0,263,130,250,0,227,-120" /><INIT seed="1,1,0,4,1,79" ten="250,393,250,107" oya="1" hai0="61,34,104,24,114,108,88,46,54,41,65,67,63" hai1="128,82,38,2,11,95,109,122,129,40,119,10,70" hai2="127,134,90,83,17,44,85,116,4,131,68,118,64" hai3="107,36,49,18,75,29,26,12,132,106,19,0,7"/><U53/><E119/><V71/><F131/><N who="1" m="50249" /><E122/><V84/><F127/><W37/><G75/><T1/><D104/><U133/><E133/><V45/><F134/><W22/><G132/><T60/><D1/><U55/><E109/><V5/><F17/><W111/><G111/><T57/><D114/><U50/><E70/><V80/><F90/><W62/><G49/><N who="0" m="26831" /><D34/><U72/><E95/><V81/><F81/><W35/><G19/><T6/><D6/><N who="1" m="1367" /><E11/><V130/><F130/><W77/><G77/><T16/><D108/><U96/><E50/><V32/><F32/><W42/><G62/><N who="0" m="24171" /><D88/><U113/><E96/><V66/><AGARI ba="1,0" hai="4,5,44,45,64,66,68,71,80,83,84,85,116,118" machi="66" ten="25,8000,1" yaku="0,1,22,2,52,2" doraHai="79" who="2" fromWho="2" sc="250,-21,393,-41,250,83,107,-21" /><INIT seed="2,0,0,3,0,99" ten="229,352,333,86" oya="2" hai0="39,135,7,38,72,35,6,68,69,53,28,88,50" hai1="121,134,111,44,120,36,58,97,85,64,86,57,65" hai2="17,114,74,104,51,106,129,42,100,125,40,113,71" hai3="12,4,73,108,31,22,37,90,25,9,130,21,102"/><V13/><F74/><W29/><G73/><T19/><D72/><U76/><E97/><V26/><F71/><W127/><G37/><T98/><D135/><U33/><E33/><V23/><F125/><W84/><G127/><T96/><D19/><U110/><E76/><V89/><F129/><W78/><G130/><T66/><D28/><U77/><E77/><V16/><F113/><W41/><G108/><N who="1" m="41514" /><E86/><V81/><F114/><W52/><G78/><T128/><D53/><U94/><E94/><V48/><F104/><W126/><G126/><T133/><D50/><N who="2" m="18986" /><F106/><W18/><G41/><N who="2" m="15977" /><F100/><W59/><G102/><T109/><D66/><N who="1" m="25707" /><E36/><V45/><F45/><W67/><G67/><T5/><D35/><U123/><E44/><V43/><N who="2" m="15985" /><V112/><DORA hai="2" /><F112/><W87/><G87/><T10/><D109/><U83/><E85/><N who="2" m="50351" /><F17/><W91/><G91/><T117/><D5/><U54/><E83/><V75/><F75/><W115/><G115/><T14/><D88/><U101/><E101/><V61/><F61/><W0/><G90/><T15/><D128/><U49/><E58/><V95/><F95/><W34/><G84/><T63/><D63/><U118/><E134/><V82/><F82/><W103/><G103/><T79/><D133/><U70/><E70/><V55/><F55/><W116/><G116/><AGARI ba="0,0" hai="49,54,57,116,118,120,121,123" m="25707,41514" machi="116" ten="40,8000,1" yaku="13,1,14,1,34,2" doraHai="99,2" who="1" fromWho="3" sc="229,0,352,80,333,0,86,-80" /><INIT seed="3,0,0,5,4,47" ten="229,432,333,6" oya="3" hai0="46,6,51,127,24,122,54,45,52,3,117,125,108" hai1="15,83,64,128,39,79,27,77,131,35,97,92,41" hai2="34,21,80,31,112,23,105,16,58,103,19,107,61" hai3="43,74,82,72,93,53,106,22,20,57,40,30,101"/><W63/><G106/><T49/><D24/><U95/><E64/><V124/><F112/><W100/><G72/><T36/><D6/><U94/><E15/><V91/><F34/><W44/><G74/><T111/><D3/><U2/><E2/><V65/><F124/><N who="0" m="47690" /><D122/><U134/><E134/><V89/><F31/><W26/><G82/><T7/><D7/><U98/><E41/><N who="3" m="15946" /><G44/><T68/><D117/><U4/><E4/><V18/><F103/><N who="3" m="39499" /><G93/><T70/><D36/><U11/><E39/><V84/><F105/><W0/><G0/><T62/><D62/><U38/><E38/><V1/><F107/><W86/><G22/><T25/><D25/><U33/><E27/><V69/><F69/><AGARI ba="0,0" hai="45,46,49,51,52,54,68,69,70,108,111" m="47690" machi="69" ten="30,12000,2" yaku="18,1,34,2,52,2,54,1" doraHai="47" who="0" fromWho="2" sc="229,120,432,0,333,-120,6,0" owari="349,14.9,432,53.2,213,-18.7,6,-49.4" /></mjloggm>