<mjloggm ver="2.3"><GO type="225" lobby="0"/><UN n0="%E6%97%A5%E6%9B%9C%E6%97%A5%E3%82%88%E3%82%8A%E3%81%AE%E4%BD%BF%E8%80%85" n1="%72%69%6F%75%63%68%61%6E" n2="%E5%AD%90%E4%BE%9B%E4%BC%9A%E5%93%A1" n3="%E6%A1%9C%E8%8A%B1%E9%96%83%E3%80%85" dan="16,16,17,16" rate="2175.93,2143.34,2110.35,2204.51" sx="M,M,M,M"/><TAIKYOKU oya="0"/><INIT seed="0,0,0,4,2,91" ten="250,250,250,250" oya="0" hai0="15,99,8,117,126,50,42,28,0,88,87,92,56" hai1="32,36,27,7,90,25,26,131,110,130,98,67,81" hai2="71,85,121,135,49,47,59,52,84,101,48,79,53" hai3="94,5,55,120,10,89,95,83,4,62,38,23,70"/><T123/><D117/><U3/><E36/><V17/><F121/><W46/><G120/><T115/><D115/><U134/><E110/><V2/><F135/><W45/><G70/><T20/><D123/><U97/><E134/><V9/><F71/><W118/><G118/><T72/><D72/><U16/><E32/><V58/><F101/><W78/><G23/><T19/><D126/><U66/><E7/><N who="3" m="2634" /><G89/><T109/><D109/><U29/><E3/><V11/><F2/><W14/><G38/><T122/><D122/><U114/><E114/><V116/><F116/><W104/><G104/><T129/><D129/><N who="1" m="49163" /><E29/><V106/><F106/><W132/><G132/><T60/><D0/><U69/><E16/><V65/><F79/><W77/><G62/><T37/><D37/><U24/><N who="1" m="6144" /><DORA hai="112" /><U74/><E69/><V107/><F107/><W6/><G46/><N who="0" m="25943" /><D28/><U73/><E81/><V100/><F100/><W18/><N who="3" m="2642" /><W33/><DORA hai="61" /><G33/><T125/><D125/><U1/><E1/><V21/><F9/><W93/><G83/><T82/><D8/><U41/><E41/><V40/><F11/><W75/><G75/><N who="1" m="28682" /><E90/><V96/><F40/><W76/><G76/><T39/><D39/><U51/><E51/><AGARI ba="0,0" hai="10,14,18,45,51,55,77,78,93,94,95" m="2642" machi="51" ten="40,8000,1" yaku="8,1,52,3" doraHai="91,112,61" who="3" fromWho="1" sc="250,0,250,-80,250,0,250,80" /><INIT seed="1,0,0,5,0,37" ten="250,170,250,330" oya="1" hai0="74,21,124,86,60,111,128,46,118,16,22,121,2" hai1="79,76,96,112,4,101,64,80,84,77,114,90,59" hai2="18,83,134,122,117,135,105,29,106,82,11,63,23" hai3="10,91,120,130,44,131,43,107,126,12,25,99,49"/><U19/><E4/><V40/><F122/><W48/><G120/><T39/><D74/><U3/><E3/><V68/><F117/><W27/><G126/><T61/><D2/><U35/><E35/><V73/><F11/><W115/><G115/><T98/><D121/><U26/><E64/><N who="2" m="40991" /><F29/><W78/><G78/><N who="1" m="30314" /><E59/><V81/><F73/><W104/><G49/><T133/><D61/><U67/><E67/><V8/><F8/><W33/><G91/><T53/><D60/><U94/><E26/><N who="3" m="9738" /><G99/><T88/><D39/><U93/><E19/><V72/><F40/><W50/><G50/><T15/><D16/><U54/><E54/><V89/><F89/><W102/><G102/><T116/><D53/><U95/><E95/><V97/><F97/><AGARI ba="0,0" hai="79,80,84,90,93,94,96,97,101,112,114" m="30314" machi="97" ten="30,2900,0" yaku="34,2" doraHai="37" who="1" fromWho="2" sc="250,0,170,29,250,-29,330,0" /><INIT seed="1,1,0,5,3,5" ten="250,199,221,330" oya="1" hai0="32,89,8,129,79,69,131,61,116,63,101,98,74" hai1="25,17,21,56,39,123,128,87,23,14,62,6,50" hai2="91,26,134,84,34,71,7,77,126,88,10,78,38" hai3="29,27,0,92,73,82,121,124,112,31,35,93,130"/><U113/><E113/><V55/><F71/><W2/><G121/><T45/><D116/><U103/><E123/><V43/><F126/><W135/><G112/><T13/><D32/><U33/><E128/><N who="0" m="49225" /><D89/><N who="2" m="34378" /><F34/><W1/><G130/><T115/><D69/><U12/><E39/><V9/><F38/><W99/><G124/><T85/><D74/><U70/><E33/><V80/><F134/><W83/><G135/><T104/><D45/><U102/><E70/><V36/><F36/><W52/><G31/><T86/><D115/><U118/><E118/><V105/><F105/><W72/><G52/><T107/><D107/><U18/><E87/><N who="0" m="33289" /><D79/><N who="2" m="30218" /><F7/><AGARI ba="1,0" hai="7,8,13,61,63,98,101,104" m="33289,49225" machi="7" ten="30,2000,0" yaku="19,1,52,1" doraHai="5" who="0" fromWho="2" sc="250,23,199,0,221,-23,330,0" /><INIT seed="2,0,0,4,0,112" ten="273,199,198,330" oya="2" hai0="44,85,105,91,126,14,129,12,74,103,115,27,70" hai1="33,34,88,48,90,80,68,5,108,35,78,89,75" hai2="135,10,72,63,21,45,0,4,96,76,23,92,2" hai3="109,51,130,59,43,123,116,42,98,117,50,26,28"/><V41/><F135/><W77/><G123/><T20/><D115/><U127/><E108/><V18/><F0/><W122/><G122/><T121/><D121/><U69/><E127/><V100/><F63/><W106/><G109/><T30/><D74/><U6/><REACH who="1" step="1"/><E48/><REACH who="1" ten="273,189,198,330" step="2"/><V101/><F101/><W9/><G51/><T114/><D103/><U119/><E119/><V65/><F65/><W46/><G50/><T110/><D110/><U56/><E56/><V84/><F84/><W24/><G59/><T39/><D85/><U79/><E79/><V13/><F76/><W53/><G77/><T37/><D126/><U8/><E8/><V22/><REACH who="2" step="1"/><F72/><REACH who="2" ten="273,189,188,330" step="2"/><W36/><G117/><T83/><D70/><AGARI ba="0,2" hai="5,6,33,34,35,68,69,70,75,78,80,88,89,90" machi="70" ten="50,3200,0" yaku="1,1,54,1,53,0" doraHai="112" doraHaiUra="7" who="1" fromWho="0" sc="273,-32,189,52,188,0,330,0" /><INIT seed="3,0,0,4,1,0" ten="241,241,188,330" oya="3" hai0="130,46,47,84,132,26,41,83,128,33,37,87,77" hai1="23,28,20,64,17,52,119,4,70,15,112,27,9" hai2="13,118,124,88,24,32,67,134,50,133,35,126,117" hai3="1,7,3,69,68,108,107,61,48,73,71,44,62"/><W120/><G120/><T74/><D132/><N who="2" m="50794" /><F67/><W76/><G107/><T51/><D26/><U59/><E112/><V75/><F75/><W39/><G108/><T54/><D33/><N who="2" m="12874" /><F50/><W11/><G1/><T80/><D74/><U2/><E119/><N who="2" m="45579" /><F88/><W19/><G48/><T82/><D82/><U121/><E121/><V101/><F101/><W96/><G96/><T5/><D83/><U100/><E100/><V40/><F40/><N who="3" m="22559" /><G19/><T111/><D80/><AGARI ba="0,0" hai="3,7,11,61,62,68,69,71,73,76,80" m="22559" machi="80" ten="30,2900,0" yaku="25,1,52,1" doraHai="0" who="3" fromWho="0" sc="241,-29,241,0,188,0,330,29" owari="212,-18.8,241,4.1,188,-31.2,359,45.9" /></mjloggm>