<mjloggm ver="2.3"><GO type="225" lobby="0"/><UN n0="%E3%83%B4%E3%82%A3%E3%83%AF%E3%82%B3%E3%82%B0%E3%83%8B" n1="%66%67%67%68%68%64%66" n2="%E4%B8%AD%E5%B9%B4%E3%81%AE%E5%8D%B1%E6%A9%9F" n3="%E6%A1%9C%E8%8A%B1%E9%96%83%E3%80%85" dan="16,16,17,18" rate="2133.11,2068.76,2217.28,2200.38" sx="M,M,M,M"/><TAIKYOKU oya="0"/><INIT seed="0,0,0,2,5,19" ten="250,250,250,250" oya="0" hai0="54,125,25,12,61,43,18,86,37,123,83,119,15" hai1="59,41,81,30,121,108,100,7,47,6,1,80,127" hai2="2,21,114,34,28,39,5,53,68,128,129,90,10" hai3="40,73,99,45,42,103,75,118,20,17,52,110,64"/><T27/><D125/><U35/><E121/><V31/><F39/><W82/><G118/><T56/><D119/><U74/><E108/><V57/><F68/><W50/><G110/><T135/><D123/><U11/><E127/><V48/><F114/><W109/><G109/><T105/><D105/><U95/><E7/><V107/><F107/><W58/><G64/><T87/><D135/><U69/><E69/><V132/><F132/><W94/><G82/><T130/><D130/><N who="2" m="50282" /><F34/><W120/><G120/><T8/><D37/><U134/><E134/><V36/><F36/><W124/><G124/><T67/><D43/><U133/><E74/><V26/><F90/><W62/><REACH who="3" step="1"/><G42/><REACH who="3" ten="250,250,250,240" step="2"/><T71/><D83/><U16/><E133/><V63/><F31/><W44/><G44/><T131/><D131/><U116/><E116/><V89/><F89/><W0/><G0/><T117/><D117/><U49/><E81/><V101/><F101/><W126/><G126/><T51/><REACH who="0" step="1"/><D12/><AGARI ba="0,1" hai="12,17,20,40,45,50,52,58,62,73,75,94,99,103" machi="12" ten="30,7700,0" yaku="1,1,7,1,52,1,54,1,53,0" doraHai="19" doraHaiUra="3" who="3" fromWho="0" sc="250,-77,250,0,250,0,240,87" /><INIT seed="1,0,0,0,5,116" ten="173,250,250,327" oya="1" hai0="131,80,23,94,57,59,41,74,132,83,96,106,90" hai1="108,85,7,2,81,56,50,86,19,118,12,51,115" hai2="42,79,128,122,100,47,130,5,52,54,1,31,13" hai3="36,84,87,35,78,109,3,30,69,71,40,91,129"/><U43/><E118/><V77/><F1/><W92/><G3/><T16/><D132/><U45/><E115/><V66/><F31/><W48/><G36/><T68/><D68/><U112/><E112/><V8/><F100/><W99/><G109/><T11/><D131/><N who="2" m="50218" /><F66/><W101/><G129/><T121/><D106/><U27/><E108/><V76/><F122/><W127/><G127/><T10/><D41/><U107/><E107/><V63/><F63/><W9/><G9/><N who="0" m="3083" /><D74/><U73/><E7/><V21/><F21/><W39/><G39/><AGARI ba="0,0" hai="5,8,13,39,42,47,52,54,76,77,79" m="50218" machi="39" ten="30,2000,0" yaku="19,1,54,1" doraHai="116" who="2" fromWho="3" sc="173,0,250,0,250,20,327,-20" /><INIT seed="2,0,0,4,5,64" ten="173,250,270,307" oya="2" hai0="21,87,94,17,68,121,78,49,116,125,108,51,96" hai1="119,1,92,130,77,36,37,111,114,19,61,54,88" hai2="80,131,84,62,5,11,104,33,82,14,91,28,45" hai3="85,83,81,115,56,40,7,24,30,3,59,72,135"/><V10/><F131/><W98/><G135/><T70/><D121/><U71/><E119/><V46/><F104/><W12/><G3/><T48/><D108/><U73/><E114/><V75/><F33/><W44/><G72/><T74/><D74/><U6/><E111/><V79/><F28/><W27/><G83/><T29/><D78/><U127/><E127/><V25/><F25/><W43/><G98/><T76/><D76/><U66/><E130/><V20/><F20/><W9/><G115/><T15/><D87/><U102/><E102/><V101/><F101/><W120/><G120/><T13/><D125/><U133/><E133/><V42/><F42/><N who="3" m="15915" /><G44/><T69/><D29/><U112/><E112/><V0/><REACH who="2" step="1"/><F62/><REACH who="2" ten="173,250,260,307" step="2"/><W95/><G27/><T93/><D116/><U65/><E61/><V60/><F60/><W99/><G24/><T90/><REACH who="0" step="1"/><D94/><REACH who="0" ten="163,250,260,307" step="2"/><U123/><E92/><V26/><F26/><AGARI ba="0,2" hai="13,15,17,21,26,48,49,51,68,69,70,90,93,96" machi="26" ten="50,8000,1" yaku="1,1,2,1,52,3,53,0" doraHai="64" doraHaiUra="106" who="0" fromWho="2" sc="163,100,250,0,260,-80,307,0" /><INIT seed="3,0,0,0,1,69" ten="263,250,180,307" oya="3" hai0="21,119,48,106,66,10,31,135,13,112,101,115,67" hai1="7,91,111,27,33,40,81,65,3,55,44,80,120" hai2="70,30,24,76,38,94,122,36,82,104,54,52,28" hai3="99,110,74,85,132,117,79,96,8,56,46,23,59"/><W6/><G117/><T87/><D135/><U89/><E120/><V41/><F104/><W92/><G74/><T107/><D119/><U64/><E111/><V105/><F105/><W18/><G110/><T128/><D128/><U83/><E3/><V100/><F70/><W130/><G46/><T37/><D37/><N who="2" m="14442" /><F94/><W35/><G132/><T113/><D48/><N who="1" m="26631" /><E33/><V26/><F82/><N who="3" m="47327" /><G130/><T126/><D87/><U20/><E7/><V88/><F76/><W116/><G35/><T1/><D1/><U124/><E55/><N who="2" m="21035" /><F41/><W19/><G116/><T127/><D106/><U47/><E47/><V32/><F32/><W50/><G50/><T93/><D107/><U49/><E49/><V29/><F100/><W61/><G96/><N who="0" m="59535" /><D66/><U90/><E80/><V22/><F22/><W98/><G98/><T123/><D67/><U15/><E83/><V125/><F122/><W0/><G23/><T131/><D123/><U58/><E81/><V62/><F62/><W4/><G61/><T134/><D134/><U68/><E68/><V84/><F84/><W39/><G39/><T25/><D131/><U9/><E20/><V63/><F63/><W133/><G133/><T108/><D108/><U95/><E95/><V51/><F51/><W16/><G6/><AGARI ba="0,0" hai="6,10,13,21,25,31,112,113,115,126,127" m="59535" machi="6" ten="30,1000,0" yaku="11,1" doraHai="69" who="0" fromWho="3" sc="263,10,250,0,180,0,307,-10" /><INIT seed="4,0,0,3,1,110" ten="273,250,180,297" oya="0" hai0="129,37,3,50,69,89,90,27,24,94,44,59,7" hai1="107,36,67,71,84,134,119,70,2,20,18,76,43" hai2="61,15,65,21,86,118,80,126,48,113,47,93,105" hai3="63,40,79,75,28,10,26,131,41,14,38,66,78"/><T85/><D69/><U124/><E119/><V19/><F105/><W87/><G75/><T23/><D129/><U35/><E35/><V92/><F118/><W22/><G131/><T114/><D114/><U25/><E107/><V53/><F113/><W104/><G104/><T33/><D33/><U103/><E103/><V99/><F99/><W64/><G38/><T127/><D127/><U135/><E2/><V115/><F115/><W1/><G1/><T55/><D3/><U32/><E32/><V132/><F126/><W9/><G9/><T112/><D7/><U109/><E109/><V81/><F81/><N who="3" m="47543" /><G79/><T34/><D34/><U49/><E36/><V116/><F116/><W108/><G108/><T121/><D121/><U8/><E8/><V120/><F120/><W16/><G63/><T123/><D123/><U31/><E124/><V6/><F6/><W77/><G77/><T128/><D128/><U83/><E31/><V30/><F30/><W5/><G5/><T11/><D11/><U54/><E43/><AGARI ba="0,0" hai="10,14,16,22,26,28,40,41,43,64,66" m="47543" machi="43" ten="30,2000,0" yaku="8,1,54,1" doraHai="110" who="3" fromWho="1" sc="273,0,250,-20,180,0,297,20" owari="273,7.3,230,-17.0,180,-32.0,317,41.7" /></mjloggm>