<mjloggm ver="2.3"><GO type="225" lobby="0"/><UN n0="%73%6C%69%63%6B%33%31%39" n1="%6D%75%75%6D%75%72%61" n2="%E3%81%8C%E3%81%9F" n3="%E3%83%A2%E3%83%B3%E3%82%AD%E3%83%BC%E3%83%88%E3%83%AA%E3%83%83%E3%82%AF" dan="17,16,16,17" rate="2191.14,2168.83,2078.91,2149.27" sx="M,F,F,M"/><TAIKYOKU oya="0"/><INIT seed="0,0,0,0,2,126" ten="250,250,250,250" oya="0" hai0="0,11,132,33,46,55,63,103,15,77,78,32,127" hai1="24,31,59,26,48,23,106,1,3,130,74,10,43" hai2="80,52,105,76,20,115,60,71,129,44,70,88,17" hai3="81,91,131,18,53,64,124,97,56,109,5,28,57"/><T128/><D0/><U16/><E106/><V47/><F115/><W114/><G124/><T69/><D127/><U83/><E130/><V2/><F105/><W66/><G114/><T98/><D132/><U45/><E59/><V86/><F2/><W122/><G122/><T39/><D32/><U133/><E133/><V84/><F129/><W58/><G109/><T99/><D33/><U94/><E94/><V110/><F110/><W65/><G5/><T96/><D103/><U12/><REACH who="1" step="1"/><E26/><REACH who="1" ten="250,240,250,250" step="2"/><V21/><F47/><W35/><G131/><T107/><D107/><U25/><E25/><V22/><F44/><W6/><G56/><T68/><D128/><U113/><E113/><V4/><F71/><W112/><G58/><N who="0" m="35295" /><D68/><U38/><E38/><V9/><F70/><W90/><G57/><T135/><D69/><U120/><E120/><V95/><F60/><W93/><G66/><T30/><D135/><U118/><E118/><V13/><REACH who="2" step="1"/><F52/><REACH who="2" ten="250,240,240,250" step="2"/><W117/><G53/><T123/><D123/><U42/><E42/><V61/><F61/><W67/><G112/><T40/><D46/><U36/><E36/><V72/><F72/><W100/><G67/><T27/><D39/><U104/><E104/><V108/><F108/><W111/><G64/><T92/><D40/><U101/><E101/><V75/><F75/><W7/><G65/><T54/><D54/><U121/><E121/><V41/><F41/><W8/><G100/><T37/><D37/><U51/><E51/><V119/><F119/><W102/><G111/><T87/><D92/><U116/><E116/><V79/><F79/><AGARI ba="0,2" hai="1,3,10,12,16,23,24,31,43,45,48,74,79,83" machi="79" ten="40,8000,1" yaku="1,1,6,1,54,1,53,2" doraHai="126" doraHaiUra="34" who="1" fromWho="2" sc="250,0,240,100,240,-80,250,0" /><INIT seed="1,0,0,0,2,61" ten="250,340,160,250" oya="1" hai0="28,67,100,27,97,70,40,83,130,109,50,23,68" hai1="49,58,20,47,98,63,75,44,1,101,117,26,111" hai2="77,128,8,45,82,120,81,51,33,24,105,38,99" hai3="102,72,121,65,119,42,96,90,2,116,5,31,113"/><U32/><E117/><N who="3" m="45130" /><G72/><T94/><D109/><U73/><E1/><V93/><F105/><W132/><G121/><T9/><D130/><U135/><E32/><V92/><F120/><W124/><G113/><T6/><D83/><U69/><E135/><V66/><F128/><W59/><G132/><T62/><D50/><U106/><E69/><V25/><F38/><W41/><G124/><T114/><D40/><U80/><E111/><V107/><F107/><N who="3" m="63943" /><G31/><T35/><D35/><U0/><E0/><V56/><F8/><N who="3" m="2103" /><G90/><T30/><D30/><U85/><E75/><V88/><F33/><W122/><G122/><T18/><D114/><U118/><E73/><V123/><F123/><W76/><G76/><T125/><D125/><U13/><E118/><V104/><F104/><W46/><G46/><T54/><D28/><U86/><E47/><V43/><F77/><W39/><G39/><T131/><D131/><U4/><E85/><V15/><F15/><W133/><G133/><T108/><D108/><U110/><E13/><V126/><F126/><W60/><AGARI ba="0,0" hai="41,42,59,60,65" m="2103,63943,45130" machi="60" ten="30,2000,0" yaku="12,1,52,1" doraHai="61" who="3" fromWho="3" sc="250,-5,340,-10,160,-5,250,20" /><INIT seed="2,0,0,3,3,20" ten="245,330,155,270" oya="2" hai0="71,78,69,30,100,122,31,10,23,63,114,52,88" hai1="135,62,47,59,99,36,37,40,61,97,104,68,67" hai2="123,85,14,133,51,91,21,46,117,8,96,57,80" hai3="5,102,7,54,115,15,89,70,130,75,27,2,93"/><V95/><F117/><W125/><G70/><T49/><D122/><U32/><E135/><V110/><F133/><W4/><G75/><T90/><D114/><U45/><E32/><V1/><F110/><W124/><G115/><T108/><D108/><U81/><E81/><V106/><F123/><W24/><G2/><T107/><D78/><U76/><E76/><V17/><F106/><W129/><G54/><T11/><D107/><U6/><E6/><V105/><F105/><W111/><G15/><T118/><D100/><U74/><E74/><V64/><F1/><W26/><G102/><T44/><D118/><U18/><E18/><V72/><F72/><W120/><G111/><T9/><D69/><U113/><E113/><V58/><F21/><W79/><G79/><T12/><D71/><U60/><E104/><V77/><REACH who="2" step="1"/><F64/><REACH who="2" ten="245,330,145,270" step="2"/><W29/><G120/><T126/><D126/><N who="3" m="48745" /><G29/><T38/><D30/><U19/><E67/><V103/><F103/><W39/><G39/><T84/><D38/><U101/><E37/><V83/><F83/><W53/><G53/><AGARI ba="0,1" hai="8,14,17,46,51,53,57,58,77,80,85,91,95,96" machi="53" ten="30,5800,0" yaku="1,1,7,1,8,1,53,0" doraHai="20" doraHaiUra="16" who="2" fromWho="3" sc="245,0,330,0,145,68,270,-58" /><INIT seed="2,1,0,1,3,83" ten="245,330,213,212" oya="2" hai0="41,16,51,73,58,133,69,97,121,123,115,108,78" hai1="67,10,117,28,99,66,60,111,71,125,82,91,44" hai2="33,132,103,45,32,74,79,81,36,70,39,72,75" hai3="25,80,46,120,90,21,86,135,14,119,57,62,89"/><V2/><F2/><W88/><G119/><T77/><D115/><U94/><E117/><V4/><F132/><W27/><G120/><T31/><D69/><U102/><E111/><V92/><F4/><W76/><G135/><T43/><D108/><U50/><E125/><V52/><F70/><W15/><G46/><T124/><D133/><U22/><E67/><V95/><F39/><W85/><G85/><T12/><D31/><U118/><E118/><V42/><F52/><N who="3" m="34087" /><G25/><T109/><D109/><U116/><E116/><V49/><F36/><W101/><G101/><T23/><D124/><U65/><E65/><V20/><F20/><W56/><G56/><T9/><D121/><U26/><E10/><V13/><F13/><W37/><G37/><T96/><D123/><U48/><E44/><V6/><F6/><W84/><G86/><T63/><D23/><U59/><E71/><V68/><F68/><W98/><G98/><N who="0" m="37995" /><D73/><U0/><E0/><V93/><REACH who="2" step="1"/><F103/><REACH who="2" ten="245,330,203,212" step="2"/><W134/><G134/><T55/><D51/><U130/><E130/><V87/><AGARI ba="1,1" hai="32,33,42,45,49,72,74,75,79,81,87,92,93,95" machi="87" ten="40,12000,1" yaku="1,1,2,1,0,1,52,1,53,0" doraHai="83" doraHaiUra="114" who="2" fromWho="2" sc="245,-41,330,-41,203,133,212,-41" /><INIT seed="2,2,0,5,1,121" ten="204,289,336,171" oya="2" hai0="115,13,95,34,123,46,4,60,78,6,53,89,30" hai1="54,31,41,23,106,47,49,58,79,98,131,80,101" hai2="87,81,73,102,69,111,71,109,51,105,25,0,133" hai3="42,134,19,110,64,128,24,77,120,96,36,17,66"/><V70/><F0/><W10/><G120/><T32/><D115/><U75/><E131/><V11/><F73/><W22/><G128/><T127/><D123/><U67/><E67/><V59/><F11/><W119/><G119/><T92/><D127/><U1/><E1/><V56/><F25/><W9/><G134/><T129/><D129/><U85/><E23/><V55/><F133/><W99/><G77/><T16/><D78/><U63/><REACH who="1" step="1"/><E31/><REACH who="1" ten="204,279,336,171" step="2"/><V21/><F21/><W44/><G110/><N who="2" m="41993" /><F105/><W65/><G10/><T14/><D30/><U52/><E52/><V83/><F102/><W20/><REACH who="3" step="1"/><G9/><REACH who="3" ten="204,279,336,161" step="2"/><T113/><D113/><U76/><E76/><N who="2" m="46503" /><F83/><W68/><G68/><T7/><D4/><U135/><E135/><V104/><F104/><W117/><G117/><T90/><D6/><U39/><E39/><V116/><F116/><W107/><G107/><T86/><D7/><U118/><E118/><V72/><F72/><AGARI ba="2,2" hai="41,47,49,54,58,63,72,75,79,80,85,98,101,106" machi="72" ten="40,1300,0" yaku="1,1,53,0" doraHai="121" doraHaiUra="18" who="1" fromWho="2" sc="204,0,279,39,336,-19,161,0" /><INIT seed="3,0,0,3,0,100" ten="204,318,317,161" oya="3" hai0="82,12,7,49,3,118,4,9,39,43,113,24,132" hai1="75,134,27,90,126,119,56,95,29,37,117,21,46" hai2="106,107,92,50,115,81,52,45,41,22,8,88,110" hai3="120,103,16,42,36,63,44,66,1,89,54,105,17"/><W98/><G120/><T72/><D118/><N who="1" m="45067" /><E134/><V26/><F115/><W130/><G1/><T59/><D132/><U129/><E129/><V68/><F68/><W10/><G130/><T48/><D113/><U32/><E126/><V123/><F110/><W94/><G10/><N who="0" m="4167" /><D59/><U15/><E75/><V128/><F128/><W121/><G54/><T97/><D97/><N who="1" m="57591" /><E56/><V70/><F70/><W116/><G121/><T112/><D24/><U96/><E96/><V33/><F33/><W76/><G76/><N who="0" m="44295" /><D112/><U51/><E37/><V58/><F123/><W84/><REACH who="3" step="1"/><G116/><REACH who="3" ten="204,318,317,151" step="2"/><T28/><D43/><N who="1" m="25055" /><E15/><V104/><F8/><W83/><G83/><T23/><D7/><U93/><E93/><V47/><F81/><W135/><G135/><T55/><D55/><U20/><AGARI ba="0,1" hai="20,21,27,29,32" m="25055,57591,45067" machi="20" ten="30,1100,0" yaku="12,1" doraHai="100" who="1" fromWho="1" sc="204,-3,318,21,317,-3,151,-5" owari="201,-19.9,339,43.9,314,11.4,146,-35.4" /></mjloggm>