<mjloggm ver="2.3"><GO type="225" lobby="0"/><UN n0="%E8%83%83%E3%81%A8%E8%85%B8" n1="%72%69%6F%75%63%68%61%6E" n2="%E8%B6%85%E7%B4%9A%E9%B3%B3%E5%87%B0" n3="%E3%82%B7%E3%83%B3%E5%A4%AA%E6%9C%97" dan="17,17,16,16" rate="2230.87,2184.26,2167.69,2165.30" sx="M,M,M,M"/><TAIKYOKU oya="0"/><INIT seed="0,0,0,3,1,25" ten="250,250,250,250" oya="0" hai0="23,27,107,16,60,85,64,29,41,22,21,111,35" hai1="127,36,2,109,108,14,33,48,126,5,59,34,88" hai2="0,15,95,133,90,119,104,20,134,12,32,28,70" hai3="128,92,117,80,81,97,56,11,83,115,121,77,63"/><T123/><D123/><U72/><E2/><V73/><F0/><W132/><G132/><N who="2" m="50793" /><F104/><W65/><G128/><T1/><D107/><U66/><E36/><V105/><F105/><W57/><G121/><T47/><D1/><U45/><E72/><V86/><F73/><W17/><G117/><T82/><D111/><N who="1" m="42571" /><E66/><V10/><F70/><W79/><G115/><T6/><D6/><U96/><E59/><V99/><F119/><W52/><G17/><T129/><D129/><U67/><E67/><V18/><F86/><W122/><G11/><T76/><D64/><U38/><E38/><V110/><F110/><W44/><G44/><T58/><D58/><U84/><E96/><V37/><F37/><W46/><G46/><T26/><REACH who="0" step="1"/><D60/><REACH who="0" ten="240,250,250,250" step="2"/><U69/><E69/><V94/><F12/><W124/><G122/><T9/><D9/><N who="1" m="4399" /><E127/><V13/><F15/><W113/><G124/><T62/><D62/><U42/><E126/><V106/><F106/><W112/><G113/><T120/><D120/><U7/><E7/><V75/><F13/><W3/><G112/><T4/><D4/><U40/><E42/><V30/><F10/><W101/><G3/><T135/><D135/><U55/><E40/><V103/><F75/><W68/><G68/><T116/><D116/><U125/><E125/><V74/><F74/><W61/><AGARI ba="0,1" hai="52,56,57,61,63,65,77,79,80,81,83,92,97,101" machi="61" ten="30,4000,0" yaku="0,1,8,1,54,1" doraHai="25" who="3" fromWho="3" sc="240,-20,250,-10,250,-10,250,50" /><INIT seed="1,0,0,5,1,128" ten="220,240,240,300" oya="1" hai0="64,80,97,77,104,8,106,54,56,118,75,29,130" hai1="122,28,112,33,102,59,69,111,71,41,40,114,50" hai2="51,103,42,87,90,39,15,63,107,108,38,13,126" hai3="110,132,35,3,135,53,72,131,5,124,129,19,61"/><U55/><E102/><V49/><F108/><W88/><G110/><T82/><D118/><U1/><E1/><V12/><F126/><W101/><G72/><T23/><D130/><N who="3" m="49673" /><G35/><T21/><D64/><U34/><E111/><V93/><F63/><W36/><G36/><T79/><D8/><U48/><E28/><V26/><F26/><W67/><G101/><T24/><D97/><U100/><E100/><V4/><F4/><W115/><G115/><N who="1" m="44074" /><E122/><V91/><F91/><W134/><G53/><T57/><D23/><U94/><E94/><V11/><F11/><N who="3" m="2495" /><G19/><T81/><D56/><N who="1" m="32871" /><E33/><V45/><F38/><W121/><G88/><T47/><D47/><U83/><E83/><V65/><F65/><W60/><G121/><T73/><REACH who="0" step="1"/><D81/><REACH who="0" ten="210,240,240,300" step="2"/><U123/><E123/><V117/><F117/><W125/><G67/><T0/><D0/><U127/><E34/><V89/><F107/><W99/><G99/><T70/><D70/><N who="1" m="26635" /><E127/><AGARI ba="0,1" hai="60,61,124,125,127,132,134,135" m="2495,49673" machi="127" ten="40,32000,5" yakuman="39" doraHai="128" who="3" fromWho="1" sc="210,0,240,-320,240,0,300,330" owari="210,-19.0,-80,-58.0,240,4.0,630,73.0" /></mjloggm>