<mjloggm ver="2.3"><GO type="225" lobby="0"/><UN n0="%E5%8F%AF%E5%85%90%E9%82%A3%E7%94%B1%E5%A4%9A" n1="%E5%A4%9C%E5%85%89%E5%A4%A9%E6%A5%BC" n2="%E3%81%B5%E3%81%98%E3%81%8B%E3%81%A4" n3="%E3%81%99%E3%81%84%E3%81%BE%E3%81%9B%E3%83%BC%E3%82%93" dan="16,17,16,18" rate="2106.06,2153.36,2143.48,2204.01" sx="F,M,M,M"/><TAIKYOKU oya="0"/><INIT seed="0,0,0,5,3,105" ten="250,250,250,250" oya="0" hai0="67,58,48,35,17,1,116,16,34,122,60,32,52" hai1="87,3,26,12,39,19,79,88,124,81,7,74,25" hai2="42,33,59,44,106,15,41,120,127,53,29,40,37" hai3="76,84,0,83,54,71,119,113,46,97,132,126,62"/><T128/><D116/><U11/><E39/><V101/><F120/><W111/><G119/><T28/><D122/><U89/><E124/><V129/><F127/><W102/><G126/><T133/><D128/><U49/><E49/><V70/><F129/><W108/><G113/><T9/><D133/><U69/><E69/><V115/><F70/><W30/><G0/><T21/><D28/><U91/><REACH who="1" step="1"/><E74/><REACH who="1" ten="250,240,250,250" step="2"/><V47/><F37/><W75/><G71/><T96/><D96/><U20/><AGARI ba="0,1" hai="3,7,11,12,19,20,25,26,79,81,87,88,89,91" machi="20" ten="30,7900,0" yaku="1,1,2,1,0,1,54,1,53,0" doraHai="105" doraHaiUra="103" who="1" fromWho="1" sc="250,-39,240,89,250,-20,250,-20" /><INIT seed="1,0,0,0,2,84" ten="211,329,230,230" oya="1" hai0="124,132,110,42,68,37,51,108,135,115,22,62,130" hai1="3,29,38,43,20,48,59,113,2,57,98,99,101" hai2="103,73,122,40,120,41,19,28,56,24,34,46,11" hai3="134,118,1,74,23,112,94,26,133,128,95,127,121"/><U61/><E113/><V111/><F73/><W77/><G112/><T27/><D115/><U119/><E38/><V39/><F103/><W63/><G121/><T8/><D8/><U96/><E119/><V72/><F111/><N who="0" m="42538" /><D22/><U100/><E3/><V90/><F41/><W54/><G1/><T50/><D27/><N who="1" m="16615" /><E2/><V123/><F72/><W6/><G6/><T92/><D92/><U4/><E4/><V109/><F56/><N who="1" m="21577" /><E61/><V79/><F79/><W91/><G118/><T5/><D5/><U10/><E10/><V88/><REACH who="2" step="1"/><F109/><REACH who="2" ten="211,329,220,230" step="2"/><W125/><G77/><T86/><D42/><U31/><E100/><V36/><F36/><W25/><G74/><T81/><D37/><U106/><E101/><V45/><F45/><W52/><G63/><T7/><D62/><U47/><E106/><V83/><F83/><W30/><G134/><T15/><D132/><U66/><E66/><V0/><F0/><W44/><G133/><T107/><D135/><U117/><E117/><V14/><AGARI ba="0,1" hai="11,14,19,24,28,34,39,40,46,88,90,120,122,123" machi="14" ten="40,8000,1" yaku="1,1,0,1,52,2,54,1,53,0" doraHai="84" doraHaiUra="131" who="2" fromWho="2" sc="211,-20,329,-40,220,90,230,-20" /><INIT seed="2,0,0,0,5,12" ten="191,289,310,210" oya="2" hai0="44,94,91,47,54,71,82,57,126,135,118,34,25" hai1="75,24,80,20,39,55,106,98,52,93,97,124,84" hai2="123,35,59,3,19,38,50,119,30,108,49,99,65" hai3="125,29,132,63,122,100,115,8,48,121,9,110,67"/><V86/><F123/><W45/><G110/><T31/><D71/><U96/><E39/><V103/><F119/><W89/><G132/><T43/><D135/><U6/><E6/><V7/><F38/><W95/><G125/><T11/><D126/><U111/><E124/><V21/><F86/><W130/><G130/><T60/><D118/><U53/><E106/><V87/><F87/><W37/><G37/><T14/><D82/><U5/><E5/><V90/><F90/><W33/><G100/><T36/><D43/><U72/><E111/><V81/><F81/><W1/><G1/><T69/><D69/><U92/><E75/><V127/><F127/><W22/><G33/><T41/><D41/><U133/><E72/><V51/><F108/><W79/><G79/><T102/><D102/><U104/><E104/><V116/><F65/><W109/><G109/><T120/><D120/><U26/><E26/><N who="2" m="18903" /><F59/><N who="3" m="37375" /><G122/><T68/><D68/><U66/><E66/><V32/><F32/><W112/><G121/><T61/><D61/><U40/><E133/><V18/><F116/><W131/><G131/><T64/><D64/><U129/><E129/><V13/><F19/><W27/><G115/><T85/><REACH who="0" step="1"/><D36/><REACH who="0" ten="181,289,310,210" step="2"/><U105/><E40/><V10/><F49/><W17/><G112/><T28/><D28/><N who="1" m="17415" /><E105/><AGARI ba="0,1" hai="3,7,10,13,18,21,50,51,99,103,105" m="18903" machi="105" ten="30,2900,0" yaku="24,1,52,1" doraHai="12" who="2" fromWho="1" sc="181,0,289,-29,310,39,210,0" /><INIT seed="2,1,0,2,3,103" ten="181,260,349,210" oya="2" hai0="6,62,81,112,96,26,46,124,14,86,15,45,49" hai1="19,109,40,60,21,84,92,64,73,80,18,87,35" hai2="56,47,94,17,132,13,29,61,37,66,128,34,11" hai3="5,57,44,76,89,32,31,74,75,119,85,95,98"/><V115/><F115/><W121/><G119/><T51/><D112/><U8/><E109/><V27/><F132/><W20/><G121/><T54/><D124/><U116/><E116/><V10/><F128/><W100/><G32/><T1/><D62/><U72/><E35/><V3/><F94/><W79/><G5/><T104/><D26/><U99/><E40/><V2/><F37/><W131/><G131/><T107/><D1/><U58/><E8/><V69/><F11/><W63/><G44/><T106/><D96/><U70/><E87/><V53/><REACH who="2" step="1"/><F47/><REACH who="2" ten="181,260,339,210" step="2"/><W88/><G75/><T90/><REACH who="0" step="1"/><D6/><REACH who="0" ten="171,260,339,210" step="2"/><U83/><E73/><V39/><F39/><W38/><G38/><T134/><D134/><U125/><E72/><V82/><F82/><W59/><G74/><T129/><D129/><U78/><E83/><V0/><F0/><W55/><G85/><T30/><D30/><U4/><E4/><V16/><F16/><W71/><G31/><T42/><AGARI ba="1,2" hai="14,15,42,45,46,49,51,54,81,86,90,104,106,107" machi="42" ten="30,8000,1" yaku="1,1,0,1,52,3,53,0" doraHai="103" doraHaiUra="111" who="0" fromWho="0" sc="171,103,260,-21,339,-41,210,-21" /><INIT seed="3,0,0,2,4,72" ten="274,239,298,189" oya="3" hai0="68,52,49,51,27,89,115,34,132,59,50,78,54" hai1="41,14,97,40,121,33,114,103,105,85,134,57,70" hai2="63,113,81,82,66,119,76,92,38,100,69,124,79" hai3="126,84,4,24,35,48,2,88,25,91,129,117,122"/><W83/><G117/><T87/><D68/><U10/><E121/><V43/><F119/><W135/><G122/><T128/><D128/><U62/><E114/><V53/><F113/><W13/><G2/><T26/><D115/><U5/><E134/><V111/><F53/><W46/><G129/><T23/><D132/><U86/><E33/><V104/><F92/><W110/><G135/><T109/><D109/><U20/><E70/><V58/><F58/><W21/><G110/><T15/><D34/><U120/><E120/><V94/><F104/><W31/><G126/><T6/><D78/><U32/><E32/><V30/><F30/><W36/><G36/><T47/><D50/><U107/><E107/><V96/><F111/><W116/><G116/><T56/><D47/><U74/><E74/><V61/><F61/><W8/><G35/><T131/><D131/><U9/><E20/><V98/><F98/><W28/><G25/><T18/><D6/><U22/><E22/><V71/><F71/><W127/><G127/><T64/><D64/><U90/><E10/><V77/><REACH who="2" step="1"/><F124/><REACH who="2" ten="274,239,288,189" step="2"/><W80/><G28/><T95/><AGARI ba="0,1" hai="15,18,23,26,27,49,51,52,54,56,59,87,89,95" machi="95" ten="20,12000,2" yaku="0,1,7,1,9,1,25,2,8,1,54,1" doraHai="72" who="0" fromWho="0" sc="274,130,239,-30,288,-30,189,-60" owari="404,50.4,209,-19.1,258,5.8,129,-37.1" /></mjloggm>