<mjloggm ver="2.3"><GO type="225" lobby="0"/><UN n0="%74%2E%6F%2E%6F%2E%73" n1="%E3%83%B4%E3%82%A3%E3%83%AF%E3%82%B3%E3%82%B0%E3%83%8B" n2="%28%EF%BF%A3%E2%96%BD%EF%BF%A3%29%CE%B4%E2%8C%92%E3%83%BB" n3="%E6%B8%A9%E2%98%85%E6%83%85%E2%98%85%E6%8E%AA%E2%98%85%E7%BD%AE" dan="17,16,17,17" rate="2125.68,2210.09,2252.89,2159.45" sx="M,M,M,M"/><TAIKYOKU oya="0"/><INIT seed="0,0,0,5,0,87" ten="250,250,250,250" oya="0" hai0="125,73,75,50,114,82,52,8,20,129,91,99,106" hai1="62,59,88,24,13,1,126,86,7,80,30,41,97" hai2="119,45,71,49,66,115,110,135,12,0,68,85,79" hai3="60,33,113,104,127,76,51,77,98,121,29,9,54"/><T34/><D34/><U70/><E126/><V11/><F0/><W55/><G113/><T14/><D114/><U37/><E1/><V5/><F115/><W25/><G127/><T118/><D125/><U111/><E111/><V132/><F110/><W23/><G121/><T58/><D118/><U122/><E70/><V92/><F119/><W46/><G33/><T3/><D129/><U134/><E134/><N who="2" m="51243" /><F66/><W116/><G116/><T17/><D106/><U2/><E2/><V47/><F47/><W43/><G104/><T31/><D31/><U36/><E41/><N who="2" m="24751" /><F92/><W101/><G9/><T18/><D3/><U65/><E122/><V130/><F130/><W117/><G117/><T48/><D48/><U102/><E7/><V96/><F96/><W53/><REACH who="3" step="1"/><G60/><REACH who="3" ten="250,250,250,240" step="2"/><T81/><D73/><U124/><E124/><V21/><F21/><W95/><AGARI ba="0,1" hai="23,25,29,43,46,51,53,54,55,76,77,95,98,101" machi="95" ten="30,7900,0" yaku="1,1,2,1,0,1,8,1,53,0" doraHai="87" doraHaiUra="67" who="3" fromWho="3" sc="250,-39,250,-20,250,-20,240,89" /><INIT seed="1,0,0,0,3,98" ten="211,230,230,329" oya="1" hai0="18,28,101,93,1,108,58,67,10,5,78,39,127" hai1="71,106,17,73,14,15,118,135,102,81,103,94,51" hai2="60,95,38,125,121,55,3,77,61,109,124,122,36" hai3="134,99,90,21,63,59,54,113,83,9,41,20,74"/><U128/><E106/><V4/><F77/><W23/><G113/><T19/><D108/><U87/><E118/><V24/><F24/><W56/><G134/><T126/><D39/><N who="2" m="14890" /><F95/><N who="3" m="56823" /><G74/><T68/><D68/><U104/><E104/><V84/><F84/><W65/><G41/><T123/><D123/><N who="2" m="47114" /><F4/><W97/><G97/><N who="0" m="59567" /><D28/><U96/><E135/><V117/><F3/><W85/><G9/><T29/><D29/><U130/><E71/><V31/><F31/><W11/><G11/><T100/><D78/><U8/><E73/><V40/><F117/><W66/><G59/><T89/><D89/><AGARI ba="0,0" hai="20,21,23,54,56,63,65,66,83,85,89" m="56823" machi="89" ten="30,1000,0" yaku="8,1" doraHai="98" who="3" fromWho="0" sc="211,-10,230,0,230,0,329,10" /><INIT seed="2,0,0,1,4,42" ten="201,230,230,339" oya="2" hai0="134,84,129,31,69,96,13,51,53,123,0,55,46" hai1="79,93,126,20,58,3,110,18,64,62,78,26,35" hai2="107,88,118,95,75,59,48,91,44,54,89,94,127" hai3="1,66,5,120,37,90,77,52,98,121,19,135,111"/><V49/><F107/><W50/><G37/><T7/><D123/><U108/><E3/><V65/><F118/><W15/><G77/><T63/><D0/><U32/><E126/><V125/><F75/><W124/><G66/><T119/><D129/><U30/><E93/><V6/><F6/><W14/><G124/><N who="2" m="47689" /><F65/><W86/><G98/><T105/><D134/><U76/><REACH who="1" step="1"/><E32/><REACH who="1" ten="201,220,230,339" step="2"/><V130/><F130/><W21/><G1/><T47/><D105/><U103/><E103/><V43/><AGARI ba="0,1" hai="43,44,48,49,54,59,88,89,91,94,95" m="47689" machi="43" ten="30,6000,0" yaku="18,1,52,1,54,1" doraHai="42" who="2" fromWho="2" sc="201,-20,220,-20,230,70,339,-20" /><INIT seed="2,1,0,1,3,132" ten="181,200,300,319" oya="2" hai0="21,75,55,96,27,114,42,14,39,106,101,104,135" hai1="36,64,77,82,99,20,11,44,83,76,130,24,33" hai2="93,116,12,73,94,95,54,124,126,65,32,79,28" hai3="123,13,22,91,129,105,84,30,10,16,1,128,69"/><V97/><F116/><W66/><G105/><T121/><D121/><U103/><E33/><V71/><F54/><W6/><G123/><T46/><D114/><U48/><E36/><V92/><F12/><W17/><G30/><T47/><D135/><U0/><E130/><N who="3" m="50282" /><G17/><T67/><D75/><U133/><E133/><V119/><F119/><W19/><G19/><T4/><D67/><U18/><E64/><V37/><F37/><W90/><G84/><T113/><D113/><U9/><E0/><V74/><F28/><W40/><G40/><T58/><D47/><U112/><E112/><V23/><F23/><W115/><G115/><T80/><D80/><N who="1" m="30763" /><E76/><V7/><F7/><W49/><G49/><T31/><D4/><U117/><E77/><V120/><F32/><W72/><G72/><T111/><D111/><U127/><E117/><V15/><F15/><W59/><G69/><T109/><D109/><U102/><E127/><N who="2" m="48683" /><F79/><W38/><G38/><T41/><D41/><N who="1" m="24591" /><E9/><V89/><F120/><W8/><G10/><T52/><D14/><U108/><E108/><V60/><AGARI ba="1,0" hai="60,65,71,73,74,89,92,93,94,95,97" m="48683" machi="60" ten="40,12000,1" yaku="18,1,52,3" doraHai="132" who="2" fromWho="2" sc="181,-41,200,-41,300,123,319,-41" /><INIT seed="2,2,0,4,3,103" ten="140,159,423,278" oya="2" hai0="102,29,68,124,20,55,118,79,77,127,130,4,83" hai1="64,109,54,125,13,49,72,7,110,67,24,113,131" hai2="76,114,23,56,111,10,51,38,134,75,59,133,129" hai3="135,87,31,0,119,39,33,21,19,117,116,28,91"/><V15/><F38/><W6/><G39/><T9/><D68/><U126/><E72/><V2/><F114/><W30/><G87/><T105/><D55/><U3/><E3/><V94/><F2/><W81/><G81/><T84/><D130/><U50/><E113/><V70/><F70/><W115/><G91/><T104/><D118/><U41/><E131/><V17/><F129/><W53/><G53/><T101/><D29/><U12/><E24/><V96/><F111/><N who="1" m="42505" /><E7/><V120/><F120/><W122/><G115/><T34/><D20/><U43/><E12/><V73/><F23/><W45/><G45/><T132/><D34/><U66/><E13/><V58/><F51/><N who="1" m="19465" /><E54/><V42/><F42/><AGARI ba="2,0" hai="41,42,43,64,66,67,125,126" m="19465,42505" machi="42" ten="40,8000,1" yaku="28,2,14,1,34,2" doraHai="103" who="1" fromWho="2" sc="140,0,159,86,423,-86,278,0" /><INIT seed="3,0,0,2,4,24" ten="140,245,337,278" oya="3" hai0="94,15,76,37,12,68,119,124,118,110,105,91,50" hai1="120,45,40,135,108,38,22,134,32,121,104,62,13" hai2="67,31,98,115,73,0,109,74,42,99,75,80,130" hai3="96,95,123,23,14,8,87,77,82,111,56,3,57"/><W61/><G123/><T20/><D37/><U53/><E32/><V21/><F0/><W16/><G111/><T29/><D110/><U51/><E104/><V66/><F109/><W117/><G117/><T39/><D39/><U70/><E13/><V114/><F42/><W100/><G3/><T131/><D105/><U43/><E22/><V47/><F47/><W93/><G93/><T81/><D68/><U49/><E108/><V1/><F1/><W30/><G61/><T26/><D131/><U71/><E40/><V128/><F80/><W83/><G83/><T25/><D124/><U90/><E90/><V48/><F48/><N who="1" m="18505" /><E70/><V125/><F125/><W65/><G65/><N who="2" m="24585" /><F31/><W64/><G64/><T107/><D107/><U106/><E106/><V54/><F54/><W18/><REACH who="3" step="1"/><G30/><REACH who="3" ten="140,245,337,268" step="2"/><T9/><D118/><U86/><E71/><V58/><F128/><W44/><G44/><T126/><D119/><U6/><E120/><V46/><F130/><W129/><G129/><T2/><D126/><U89/><E121/><V55/><F46/><W63/><G63/><T122/><D122/><U27/><E62/><V113/><F115/><W101/><G101/><T35/><D2/><U10/><E38/><V17/><F114/><W112/><G112/><T133/><D81/><U102/><E102/><V36/><F113/><W78/><G78/><T116/><D116/><U19/><E45/><V127/><F36/><W34/><G34/><T11/><D35/><U60/><E43/><V41/><F41/><W85/><G85/><T33/><D33/><U5/><E60/><V52/><F127/><RYUUKYOKU ba="0,1" sc="140,-10,245,-10,337,-10,268,30" hai3="8,14,16,18,23,56,57,77,82,87,95,96,100" /><INIT seed="3,1,1,2,3,88" ten="130,235,327,298" oya="3" hai0="5,0,123,131,2,124,107,68,118,44,45,121,28" hai1="128,67,82,43,35,56,105,17,46,64,55,89,34" hai2="16,39,58,85,3,26,122,92,15,112,126,13,80" hai3="59,41,11,96,72,60,102,31,23,97,73,84,69"/><W81/><G69/><T93/><D107/><U99/><E128/><V87/><F3/><W9/><G41/><T40/><D68/><U86/><E17/><V18/><F39/><W127/><G127/><T120/><D118/><U116/><E116/><V51/><F112/><W91/><G73/><T90/><D124/><U53/><E34/><V130/><F126/><W100/><G72/><T117/><D117/><U70/><E35/><V7/><F130/><W37/><G37/><T54/><D131/><U14/><E14/><N who="2" m="5131" /><F7/><W115/><G115/><T32/><D28/><U133/><E89/><N who="2" m="53295" /><F26/><N who="3" m="16863" /><G97/><T65/><D32/><U47/><E53/><N who="2" m="32063" /><F122/><W24/><G24/><T109/><D65/><U78/><E99/><V79/><AGARI ba="1,1" hai="16,18,79,80,87" m="32063,53295,5131" machi="79" ten="30,4000,0" yaku="8,1,52,1,54,1" doraHai="88" who="2" fromWho="2" sc="130,-11,235,-11,327,53,298,-21" owari="119,-38.1,224,-17.6,380,48.0,277,7.7" /></mjloggm>