<mjloggm ver="2.3"><GO type="225" lobby="0"/><UN n0="%68%6F%72%69%30%39%30%31" n1="%E3%81%BF%E3%81%BF%E3%81%9A" n2="%E4%BA%95%E5%B8%AF" n3="%E9%B3%B3%E6%9D%B1%E3%81%AE%E3%81%86%E3%81%95%E3%81%8E%E3%81%95%E3%82%93" dan="16,16,16,17" rate="2110.41,2137.97,2077.47,2267.69" sx="F,M,M,M"/><TAIKYOKU oya="0"/><INIT seed="0,0,0,0,0,124" ten="250,250,250,250" oya="0" hai0="16,66,122,115,91,49,101,109,135,114,26,54,7" hai1="100,30,131,46,62,41,15,118,48,127,120,63,44" hai2="51,39,130,106,85,55,110,61,69,77,57,96,88" hai3="90,68,105,35,1,86,67,73,126,123,107,52,97"/><T112/><D101/><U13/><E118/><V37/><F110/><W9/><G35/><T132/><D122/><U87/><E120/><V59/><F69/><W42/><G123/><T33/><D7/><U31/><E127/><V8/><F8/><W22/><G73/><T21/><D66/><U81/><E100/><V43/><F130/><W23/><G126/><T117/><D117/><U65/><E44/><V32/><F32/><W89/><G42/><T94/><D33/><U129/><E30/><V119/><F119/><W6/><G67/><T99/><REACH who="0" step="1"/><D109/><REACH who="0" ten="240,250,250,250" step="2"/><U75/><E65/><V50/><F106/><W78/><G105/><T3/><D3/><U53/><E129/><V27/><F37/><W80/><G107/><T10/><D10/><U56/><E131/><V36/><F39/><W82/><G68/><T14/><D14/><U79/><E13/><V25/><F36/><W64/><G64/><T111/><D111/><U2/><E2/><V128/><F128/><W18/><G6/><T60/><D60/><U102/><E102/><V103/><F61/><W28/><G1/><T108/><D108/><U4/><E63/><V84/><F103/><W72/><G9/><T121/><D121/><U83/><E15/><V98/><F50/><W133/><G22/><T24/><D24/><U11/><E11/><V17/><F51/><W74/><G23/><T40/><D40/><U76/><E4/><V92/><F43/><W113/><G113/><T34/><D34/><U95/><E62/><N who="2" m="36159" /><F25/><W116/><G116/><T5/><D5/><U29/><E95/><V134/><F92/><RYUUKYOKU ba="0,1" sc="240,15,250,15,250,-15,250,-15" hai0="16,21,26,49,54,91,94,99,112,114,115,132,135" hai1="29,31,41,46,48,53,56,75,76,79,81,83,87" /><INIT seed="0,1,1,5,1,15" ten="255,265,235,235" oya="0" hai0="118,41,34,116,77,96,21,66,119,65,44,37,81" hai1="91,5,124,8,97,54,109,88,59,39,26,72,70" hai2="80,121,79,19,131,99,2,69,110,18,117,22,0" hai3="94,130,86,90,125,48,14,104,42,93,27,84,55"/><T20/><D34/><U113/><E70/><V112/><F69/><W132/><G104/><T128/><D128/><U61/><E113/><V75/><F121/><W38/><G130/><T114/><D114/><U49/><E39/><V123/><F112/><W107/><G107/><T53/><D96/><U62/><E72/><V71/><F131/><W85/><G132/><T9/><D9/><U122/><E122/><V32/><F123/><W76/><G125/><T16/><D21/><U133/><E124/><V103/><F71/><W73/><G38/><T11/><D53/><U17/><E133/><V100/><F32/><W102/><G42/><T82/><D11/><U33/><E109/><V74/><F110/><W101/><G27/><T3/><D3/><U57/><E97/><V115/><F115/><W98/><G101/><T64/><REACH who="0" step="1"/><D77/><REACH who="0" ten="245,265,235,235" step="2"/><U56/><E33/><V45/><F22/><W30/><G76/><T36/><D36/><U43/><E43/><V50/><F99/><W129/><G129/><T108/><D108/><U24/><E5/><V111/><F111/><W67/><G55/><T31/><D31/><U58/><E8/><V87/><F79/><W12/><G30/><T35/><D35/><U63/><E17/><V23/><F23/><W105/><G105/><T25/><AGARI ba="1,2" hai="16,20,25,37,41,44,64,65,66,81,82,116,118,119" machi="25" ten="40,12000,1" yaku="1,1,0,1,52,1,54,1,53,0" doraHai="15" doraHaiUra="134" who="0" fromWho="0" sc="245,143,265,-41,235,-41,235,-41" /><INIT seed="0,2,0,4,2,6" ten="388,224,194,194" oya="0" hai0="14,56,10,122,129,107,93,24,7,99,21,17,31" hai1="84,71,30,133,125,100,19,49,36,112,28,74,29" hai2="105,26,44,134,22,2,111,88,25,13,50,103,5" hai3="0,127,119,108,97,9,57,8,78,115,3,32,66"/><T45/><D122/><U38/><E74/><V132/><F111/><W18/><G115/><T120/><D120/><U113/><E71/><V67/><F67/><W90/><G119/><T54/><D107/><U117/><E117/><V11/><F103/><W118/><G118/><T109/><D129/><U91/><E100/><V60/><F60/><W106/><G32/><T48/><D109/><U80/><E125/><V43/><F105/><W96/><G108/><T114/><D114/><N who="1" m="44139" /><E133/><N who="2" m="51307" /><F2/><W39/><G39/><T42/><D56/><U98/><E98/><V15/><F15/><W33/><G33/><T62/><D62/><U79/><E49/><V40/><F40/><W121/><G121/><T63/><D63/><U70/><E70/><V128/><F128/><W69/><G69/><T73/><D73/><N who="1" m="43119" /><E19/><V41/><F41/><W75/><G18/><T124/><D124/><U58/><E58/><V4/><F4/><W89/><G57/><T95/><D99/><U130/><E130/><V72/><F72/><W37/><G96/><T126/><D126/><U102/><E102/><V61/><F61/><W27/><G97/><T12/><REACH who="0" step="1"/><D42/><REACH who="0" ten="378,224,194,194" step="2"/><U1/><E1/><V55/><F43/><W87/><G0/><T51/><D51/><U135/><E135/><V104/><F104/><W68/><G3/><T34/><AGARI ba="2,1" hai="7,10,12,14,17,21,24,31,34,45,48,54,93,95" machi="34" ten="20,7800,0" yaku="1,1,0,1,7,1,52,1,53,0" doraHai="6" doraHaiUra="64" who="0" fromWho="0" sc="378,94,224,-28,194,-28,194,-28" /><INIT seed="0,3,0,3,2,99" ten="472,196,166,166" oya="0" hai0="88,27,43,86,91,16,76,90,53,93,116,83,109" hai1="60,49,39,61,111,120,12,132,37,47,59,7,21" hai2="38,42,13,34,75,68,36,0,2,118,35,62,84" hai3="127,98,6,18,30,87,101,51,80,22,79,56,44"/><T100/><D116/><U89/><E120/><V117/><F75/><W126/><G30/><T71/><D71/><U135/><E111/><V74/><F74/><W77/><G56/><T128/><D128/><U92/><E7/><V3/><F13/><W41/><G6/><T114/><D43/><N who="1" m="24831" /><E21/><V129/><F84/><W115/><G115/><T4/><D114/><U66/><E12/><V67/><F129/><W106/><REACH who="3" step="1"/><G79/><REACH who="3" ten="472,196,166,156" step="2"/><T133/><D4/><U72/><E72/><V134/><F134/><N who="1" m="51241" /><E61/><V5/><F5/><W29/><G29/><T52/><D133/><U102/><E102/><V25/><F34/><W78/><G78/><T110/><D109/><U81/><E81/><V17/><F35/><W122/><G122/><T95/><D110/><U55/><E66/><V19/><F19/><W112/><G112/><T50/><D83/><U85/><AGARI ba="3,1" hai="37,39,55,59,60,85,89,92" m="51241,24831" machi="85" ten="30,1100,0" yaku="20,1" doraHai="99" who="1" fromWho="1" sc="472,-8,196,30,166,-6,156,-6" /><INIT seed="1,0,0,4,5,93" ten="464,226,160,150" oya="1" hai0="46,27,7,116,0,45,125,42,43,63,106,96,52" hai1="103,112,66,32,114,82,60,17,22,74,54,89,131" hai2="111,40,120,79,12,117,65,10,53,73,107,67,5" hai3="44,55,36,127,99,81,18,118,58,56,102,9,57"/><U86/><E32/><V84/><F120/><W30/><G127/><T119/><D125/><U122/><E122/><V61/><F117/><W16/><G118/><T47/><D27/><U133/><E131/><V26/><F73/><W88/><G30/><T11/><D116/><U13/><E133/><V50/><F111/><W123/><G123/><T80/><D80/><U20/><E54/><V135/><F107/><W34/><G34/><T113/><D113/><U104/><E74/><V15/><F26/><W2/><G2/><T62/><D119/><U24/><E103/><V105/><F105/><W76/><G9/><T91/><D43/><U49/><E49/><V4/><F61/><W100/><G36/><T90/><D42/><U38/><E104/><V31/><F31/><W95/><G44/><T3/><D3/><U115/><E38/><V97/><F97/><W33/><G55/><T75/><D75/><U94/><E82/><N who="2" m="47199" /><F40/><W41/><G41/><T25/><D25/><U23/><REACH who="1" step="1"/><E24/><REACH who="1" ten="464,216,160,150" step="2"/><V83/><F83/><W70/><G33/><T35/><D52/><U37/><E37/><V29/><F135/><W14/><G102/><T1/><D35/><U124/><E124/><V48/><F53/><W64/><G100/><T68/><D106/><U130/><E130/><V87/><F50/><W71/><G64/><T59/><D63/><U129/><E129/><V110/><F48/><W134/><G134/><T72/><D62/><U8/><E8/><N who="2" m="4103" /><F110/><W126/><G126/><T77/><D11/><U92/><E92/><V121/><F121/><W109/><G109/><T101/><D72/><RYUUKYOKU ba="0,1" sc="464,-10,216,30,160,-10,150,-10" hai1="13,17,20,22,23,60,66,86,89,94,112,114,115" /><INIT seed="1,1,1,2,5,50" ten="454,246,150,140" oya="1" hai0="15,55,23,37,46,26,8,108,98,1,61,31,76" hai1="80,119,126,41,49,82,96,89,24,111,54,102,56" hai2="29,62,100,2,36,14,75,60,68,114,35,48,44" hai3="123,32,135,43,69,4,63,52,115,117,19,105,74"/><U20/><E119/><V84/><F2/><W10/><G123/><T90/><D108/><U5/><E111/><V118/><F75/><W127/><G115/><T73/><D73/><U64/><E126/><V72/><F72/><W79/><G105/><T121/><D121/><U113/><E113/><V91/><F36/><W7/><G32/><T11/><D76/><U124/><E124/><V132/><F114/><W103/><G127/><T97/><D37/><U42/><E5/><V129/><F129/><W25/><G117/><T9/><D1/><U30/><E64/><V86/><F132/><W47/><G135/><T16/><D90/><U87/><REACH who="1" step="1"/><E80/><REACH who="1" ten="454,236,150,140" step="2"/><V66/><F66/><W88/><G4/><T51/><D61/><U28/><E28/><V107/><F60/><W83/><G7/><T120/><D120/><U27/><E27/><V93/><F29/><W12/><G25/><T3/><D3/><U18/><E18/><V112/><F62/><W65/><G65/><T94/><D31/><U45/><E45/><V78/><F44/><W39/><G69/><T33/><D26/><U125/><E125/><V38/><F68/><W134/><G134/><T67/><D67/><U101/><E101/><V92/><F100/><W85/><G103/><N who="0" m="60855" /><D33/><U57/><E57/><V13/><F35/><W17/><G17/><T34/><D34/><U40/><E40/><V53/><F118/><W71/><G71/><T59/><D46/><U104/><AGARI ba="1,2" hai="20,24,30,41,42,49,54,56,82,87,89,96,102,104" machi="104" ten="20,7800,0" yaku="1,1,0,1,7,1,52,1,53,0" doraHai="50" doraHaiUra="6" who="1" fromWho="1" sc="454,-27,236,101,150,-27,140,-27" /><INIT seed="1,2,0,4,3,7" ten="427,337,123,113" oya="1" hai0="17,8,0,9,55,20,79,13,109,32,123,117,69" hai1="104,54,134,75,62,111,113,95,100,49,19,46,106" hai2="22,128,82,35,59,67,78,102,24,90,129,107,70" hai3="93,34,2,127,119,16,124,45,26,51,97,61,101"/><U80/><E113/><V27/><F70/><W94/><G2/><T12/><D69/><U110/><E134/><V96/><F35/><W130/><G130/><N who="2" m="50281" /><F90/><W25/><G119/><T76/><D117/><U92/><E62/><N who="2" m="38367" /><F22/><W71/><G93/><N who="1" m="35914" /><E100/><V72/><AGARI ba="2,0" hai="24,27,72,78,82,96,102,107" m="38367,50281" machi="72" ten="30,1100,0" yaku="19,1" doraHai="7" who="2" fromWho="2" sc="427,-5,337,-7,123,17,113,-5" /><INIT seed="2,0,0,3,0,74" ten="422,330,140,108" oya="2" hai0="59,130,78,18,8,50,89,22,129,56,116,12,126" hai1="81,97,95,31,127,118,68,61,32,64,65,63,88" hai2="104,29,7,135,124,134,36,57,109,42,91,117,43" hai3="111,113,84,77,128,52,100,24,71,26,51,3,47"/><V23/><F117/><W35/><G111/><T80/><D116/><U121/><E127/><V48/><F124/><W34/><G3/><T132/><D126/><U70/><E118/><V82/><F104/><W2/><G2/><T62/><D89/><U39/><E121/><V122/><F122/><W28/><G71/><T46/><D132/><N who="2" m="50730" /><F7/><W27/><G128/><N who="0" m="49259" /><D62/><U105/><E39/><V37/><F109/><W21/><G113/><T93/><D93/><U131/><E131/><V33/><F33/><W112/><G112/><T69/><D69/><U133/><E133/><V13/><F91/><W94/><G34/><T85/><D22/><U83/><REACH who="1" step="1"/><E105/><REACH who="1" ten="422,320,140,108" step="2"/><V19/><F36/><W0/><G0/><T66/><D66/><U96/><E96/><V87/><F37/><W110/><G110/><T49/><D49/><U98/><E98/><V73/><F48/><W16/><G100/><T45/><D45/><U106/><E106/><V20/><F42/><AGARI ba="0,1" hai="8,12,18,42,46,50,56,59,78,80,85" m="49259" machi="42" ten="30,2000,0" yaku="19,1,52,1" doraHai="74" who="0" fromWho="2" sc="422,30,320,0,140,-20,108,0" /><INIT seed="3,0,0,3,4,55" ten="452,320,120,108" oya="3" hai0="87,65,41,10,115,46,80,70,121,35,37,50,27" hai1="29,1,20,11,132,116,54,84,23,123,111,66,17" hai2="67,77,48,96,19,106,124,59,43,78,126,129,16" hai3="72,90,45,74,60,51,0,44,18,63,107,93,3"/><W94/><G51/><T39/><D121/><U95/><E66/><V69/><F69/><W113/><G90/><T119/><D119/><U52/><E123/><V81/><F129/><W125/><G107/><T134/><D134/><U8/><E132/><V98/><F78/><W99/><G99/><N who="2" m="37929" /><F106/><W127/><REACH who="3" step="1"/><G18/><REACH who="3" ten="452,320,120,98" step="2"/><T34/><D50/><U120/><E17/><V42/><F48/><W5/><G5/><T30/><D37/><U33/><E120/><V133/><F133/><W88/><G88/><T21/><D115/><AGARI ba="0,1" hai="0,3,44,45,60,63,72,74,93,94,113,115,125,127" machi="115" ten="25,4800,0" yaku="1,1,22,2,53,0" doraHai="55" doraHaiUra="102" who="3" fromWho="0" sc="452,-48,320,0,120,0,98,58" /><INIT seed="3,1,0,2,4,74" ten="404,320,120,156" oya="3" hai0="69,56,135,78,10,68,53,99,58,43,38,106,35" hai1="94,129,30,122,27,13,128,42,130,111,14,11,39" hai2="83,134,8,46,124,20,33,91,1,54,88,17,63" hai3="81,15,133,40,117,26,93,101,89,96,55,49,71"/><W70/><G117/><T100/><D35/><U25/><E122/><V37/><F124/><W0/><G0/><T118/><D118/><U131/><E111/><V75/><F134/><W109/><G133/><T107/><D107/><U90/><N who="1" m="32768" /><DORA hai="59" /><U116/><E116/><V18/><F33/><W12/><G109/><T105/><D105/><U85/><E30/><V66/><F17/><W57/><G40/><T36/><D78/><U77/><E14/><V44/><F1/><W47/><G26/><T112/><D112/><U97/><E39/><V84/><F75/><W104/><G81/><T82/><D10/><U22/><E22/><V79/><F8/><W29/><G29/><T76/><D43/><U16/><E42/><V34/><F34/><W121/><G121/><T21/><D21/><U86/><REACH who="1" step="1"/><E77/><REACH who="1" ten="404,310,120,156" step="2"/><V92/><F37/><W102/><G12/><T6/><D38/><U72/><E72/><V7/><F7/><W108/><G15/><T67/><D36/><U61/><E61/><V50/><F44/><W32/><G108/><T73/><D6/><U113/><E113/><V123/><F123/><W9/><G32/><T4/><D4/><U119/><E119/><V98/><F20/><W80/><G47/><T110/><D110/><U87/><AGARI ba="1,1" hai="11,13,16,25,27,85,86,87,90,94,97" m="32768" machi="87" ten="60,12000,2" yaku="1,1,0,1,19,1,54,1,53,2" doraHai="74,59" doraHaiUra="48,23" who="1" fromWho="1" sc="404,-31,310,133,120,-31,156,-61" owari="373,17.3,443,54.3,89,-41.1,95,-30.5" /></mjloggm>