<mjloggm ver="2.3"><GO type="225" lobby="0"/><UN n0="%E3%83%9F%E3%82%B9%E3%82%BF%E3%83%BC%E3%83%89%E3%83%BC%E3%83%8A%E3%83%84" n1="%E9%80%9F%E6%B0%B4%E5%87%9B%E9%A6%99" n2="%E3%81%9F%E3%81%93%E2%98%86%E7%84%BC%E3%81%8D" n3="%E3%81%BF%E3%81%BF%E3%81%9A" dan="16,16,16,17" rate="2065.90,2159.77,2093.28,2230.00" sx="M,F,M,M"/><TAIKYOKU oya="0"/><INIT seed="0,0,0,5,5,37" ten="250,250,250,250" oya="0" hai0="67,84,102,103,101,6,5,9,119,56,44,122,118" hai1="70,23,33,111,90,83,82,99,28,62,25,48,94" hai2="10,27,81,120,117,96,40,60,85,0,15,7,113" hai3="89,124,31,133,130,71,52,104,13,125,1,19,68"/><T129/><D122/><U79/><E111/><V50/><F113/><W32/><G1/><T42/><D129/><U91/><E70/><V74/><F117/><W51/><G104/><T106/><D106/><U12/><E62/><V121/><F74/><W107/><G107/><T16/><D84/><U64/><E64/><V49/><F96/><W36/><G36/><T30/><D30/><U61/><E61/><V127/><F0/><W115/><G115/><T3/><D5/><U110/><E110/><V54/><F60/><W39/><G39/><T123/><D123/><U78/><E33/><V11/><F10/><W57/><G130/><T38/><D67/><U100/><E12/><V2/><F2/><W72/><G89/><N who="1" m="33802" /><E48/><V53/><F27/><N who="3" m="18559" /><G72/><T131/><D131/><U66/><E66/><V46/><F127/><N who="3" m="48715" /><G133/><T77/><D56/><U47/><E47/><N who="2" m="27839" /><F54/><W109/><G109/><T14/><REACH who="0" step="1"/><D77/><AGARI ba="0,0" hai="23,25,28,77,78,79,82,83,94,99,100" m="33802" machi="77" ten="30,1000,0" yaku="8,1" doraHai="37" who="1" fromWho="0" sc="250,-10,250,10,250,0,250,0" /><AGARI ba="0,0" hai="7,11,15,40,46,50,77,81,85,120,121" m="27839" machi="77" ten="30,2000,0" yaku="25,1,52,1" doraHai="37" who="2" fromWho="0" sc="240,-20,260,0,250,20,250,0" /><INIT seed="1,0,0,5,3,33" ten="220,260,270,250" oya="1" hai0="22,4,126,42,104,70,67,101,27,69,109,133,107" hai1="115,11,62,64,39,66,76,30,111,37,57,43,80" hai2="1,41,51,44,128,54,89,112,86,31,91,71,5" hai3="123,122,125,135,18,105,0,10,81,85,26,28,40"/><U124/><E115/><V29/><F128/><W20/><G105/><T118/><D118/><U61/><E30/><V13/><F71/><W72/><G72/><T93/><D109/><U59/><E111/><V74/><F74/><W6/><G135/><T15/><D133/><U78/><E43/><V83/><F13/><W35/><G40/><T63/><D42/><U87/><E124/><V25/><F112/><W110/><G125/><T12/><D70/><U7/><REACH who="1" step="1"/><E78/><REACH who="1" ten="220,250,270,250" step="2"/><V130/><F29/><W102/><G110/><T9/><D126/><U90/><E90/><V77/><F130/><W127/><G127/><T92/><D101/><U53/><E53/><V47/><F41/><W131/><G131/><T132/><D132/><U103/><E103/><V120/><F120/><W75/><G102/><T14/><D104/><U34/><E34/><V79/><F91/><W95/><G123/><T55/><D107/><U84/><E84/><V108/><F108/><W97/><G122/><T121/><D55/><U129/><E129/><V88/><F89/><N who="3" m="51375" /><G75/><T114/><D114/><U99/><E99/><V60/><F54/><W45/><G35/><T49/><D121/><U106/><E106/><V19/><F79/><W100/><G28/><T94/><REACH who="0" step="1"/><D49/><REACH who="0" ten="210,250,270,250" step="2"/><U56/><E56/><V68/><F51/><W50/><G50/><T2/><D2/><AGARI ba="0,2" hai="2,7,11,37,39,57,59,61,62,64,66,76,80,87" machi="2" ten="30,11600,0" yaku="1,1,7,1,9,1,52,1,53,0" doraHai="33" doraHaiUra="134" who="1" fromWho="0" sc="210,-116,250,136,270,0,250,0" /><INIT seed="1,1,0,0,2,6" ten="94,386,270,250" oya="1" hai0="5,31,132,114,41,91,35,104,12,93,86,116,112" hai1="78,99,87,74,134,88,103,37,59,90,56,109,46" hai2="92,70,66,21,83,0,130,22,32,117,97,84,72" hai3="43,58,131,101,16,23,113,4,120,75,27,111,73"/><U133/><E37/><V51/><F0/><W33/><G120/><T11/><D116/><U29/><E29/><V115/><F32/><W14/><G113/><T34/><D132/><U36/><E36/><V53/><F72/><W82/><G111/><T60/><D104/><U77/><E46/><V128/><F117/><W85/><G43/><T107/><D107/><U1/><E1/><V19/><F66/><W67/><G101/><T129/><D129/><N who="2" m="49770" /><F70/><W100/><G131/><T98/><D41/><U102/><E87/><V55/><F115/><W54/><G100/><T89/><D60/><U81/><E99/><V15/><F21/><W65/><G75/><T49/><D49/><U80/><E74/><V28/><F28/><W94/><G94/><T3/><D3/><U126/><E126/><V8/><F22/><W127/><G73/><T125/><D125/><U119/><E119/><V76/><F51/><W20/><G33/><T63/><D63/><U7/><E109/><V17/><F19/><W62/><G127/><T96/><D35/><U61/><E61/><V26/><F26/><W2/><G2/><T68/><D68/><U123/><E7/><V71/><F71/><W47/><G47/><T95/><REACH who="0" step="1"/><D86/><REACH who="0" ten="84,386,270,250" step="2"/><U124/><E124/><V57/><F57/><W108/><G108/><T110/><D110/><U69/><E69/><V118/><F118/><W24/><G24/><AGARI ba="1,1" hai="5,11,12,24,31,34,89,91,93,95,96,98,112,114" machi="24" ten="40,5200,0" yaku="1,1,9,1,52,1,53,0" doraHai="6" doraHaiUra="50" who="0" fromWho="3" sc="84,65,386,0,270,0,250,-55" /><INIT seed="2,0,0,1,2,58" ten="149,386,270,195" oya="2" hai0="50,81,80,23,133,89,40,100,126,14,118,17,25" hai1="48,101,69,102,33,19,43,76,119,98,44,35,93" hai2="121,70,27,8,59,82,83,21,51,49,116,131,5" hai3="122,95,31,10,92,96,66,62,45,68,38,4,107"/><V75/><F70/><W114/><G122/><T30/><D133/><U73/><E119/><V11/><F116/><W67/><G114/><T6/><D126/><U2/><E2/><V86/><F131/><W132/><G132/><T16/><D118/><U88/><E69/><V39/><F39/><W85/><G67/><T41/><D100/><U123/><E123/><V37/><F37/><W106/><G31/><T60/><D6/><U74/><E101/><V56/><F75/><W7/><G7/><T15/><D60/><U32/><E76/><V1/><F8/><W24/><G24/><T53/><D15/><U104/><E19/><V52/><F121/><W77/><G45/><N who="0" m="27855" /><D30/><U72/><REACH who="1" step="1"/><E72/><REACH who="1" ten="149,376,270,195" step="2"/><V46/><F1/><W34/><G68/><T127/><D127/><U130/><E130/><V29/><F29/><W91/><G4/><T110/><D110/><U124/><E124/><V63/><F5/><W3/><G3/><T36/><D36/><U103/><E103/><V42/><F11/><W54/><G38/><T26/><D26/><U47/><E47/><N who="2" m="25847" /><F27/><W87/><G10/><N who="0" m="6231" /><D80/><U57/><E57/><V115/><F83/><W13/><G13/><T97/><D81/><U135/><E135/><V111/><F111/><W64/><G107/><T20/><D20/><U129/><E129/><V112/><F21/><W71/><G106/><T108/><D108/><U9/><E9/><V78/><F56/><N who="3" m="35095" /><G71/><T117/><D117/><U105/><E105/><V61/><F59/><W65/><G34/><T79/><D79/><U12/><E12/><V90/><F78/><W125/><G125/><RYUUKYOKU ba="0,1" sc="149,10,376,10,270,10,195,-30" hai0="17,23,25,40,41,89,97" hai1="32,33,35,43,44,48,73,74,88,93,98,102,104" hai2="46,51,52,61,63,82,86,90,112,115" /><INIT seed="2,1,1,2,5,84" ten="159,386,280,165" oya="2" hai0="77,16,132,65,26,126,113,100,5,15,47,105,9" hai1="83,41,110,131,49,97,61,121,86,36,72,116,38" hai2="117,74,79,22,134,98,8,82,85,114,60,70,48" hai3="12,103,21,42,67,128,37,101,69,11,43,66,91"/><V62/><F117/><W40/><G37/><T7/><D113/><U130/><E72/><V33/><F114/><W102/><G128/><N who="1" m="49194" /><E110/><V94/><F33/><W92/><G21/><T108/><D108/><U58/><E121/><V59/><F134/><W124/><G124/><T32/><D126/><U73/><E73/><V95/><F95/><W44/><G44/><T17/><D77/><U46/><E97/><V112/><F112/><W93/><G69/><T125/><D125/><U119/><E36/><V68/><F8/><W109/><G109/><T34/><D65/><N who="1" m="39095" /><E38/><V127/><F22/><W45/><G45/><T31/><D34/><U50/><E50/><V56/><F127/><W75/><G75/><T81/><D47/><U23/><E23/><V10/><F10/><W1/><G1/><T35/><D35/><U106/><E106/><V63/><F74/><W55/><G55/><T78/><D132/><U6/><E6/><V30/><F30/><W76/><G76/><AGARI ba="1,1" hai="41,46,49,76,83,86,116,119" m="39095,49194" machi="76" ten="30,1000,0" yaku="19,1" doraHai="84" who="1" fromWho="3" sc="159,0,386,23,280,0,165,-13" /><INIT seed="3,0,0,1,4,35" ten="159,409,280,152" oya="3" hai0="33,126,13,112,62,61,49,20,124,21,120,68,109" hai1="92,22,9,99,10,57,91,118,43,51,66,130,89" hai2="8,38,54,41,40,18,52,77,67,78,105,90,121" hai3="73,59,44,93,26,101,132,123,12,69,75,76,19"/><W135/><G123/><T24/><D109/><U55/><E130/><V94/><F105/><W111/><G69/><T34/><D120/><U30/><E118/><V80/><F67/><W116/><G116/><T96/><D112/><U25/><E43/><V14/><F38/><W97/><G111/><T98/><D49/><U47/><E91/><V86/><F78/><W71/><G71/><T56/><D68/><U79/><E79/><V3/><F3/><W119/><G119/><T129/><D13/><U36/><E36/><V63/><F121/><W45/><G26/><T28/><D20/><U64/><E47/><N who="3" m="17994" /><G76/><T117/><D117/><U133/><E133/><N who="3" m="51274" /><G59/><T110/><D110/><U0/><E57/><N who="2" m="35239" /><F54/><W65/><G65/><N who="0" m="39079" /><D129/><U114/><E55/><V37/><F37/><W85/><G85/><AGARI ba="0,0" hai="8,14,18,40,41,77,80,85,86,90,94" m="35239" machi="85" ten="30,2000,0" yaku="8,1,54,1" doraHai="35" who="2" fromWho="3" sc="159,0,409,0,280,20,152,-20" owari="159,-24.1,409,50.9,300,10.0,132,-36.8" /></mjloggm>