<mjloggm ver="2.3"><GO type="225" lobby="0"/><UN n0="%61%6D%65%6B%69" n1="%72%69%6F%75%63%68%61%6E" n2="%E3%83%B4%E3%83%A0%EF%BC%99%E3%81%A6" n3="%4D%6F%6E%61%6E%61" dan="16,16,16,16" rate="2076.82,2145.30,2137.25,2115.41" sx="M,M,M,F"/><TAIKYOKU oya="0"/><INIT seed="0,0,0,5,3,75" ten="250,250,250,250" oya="0" hai0="31,106,78,79,117,69,10,99,49,17,96,1,94" hai1="114,84,91,87,135,111,0,11,45,88,115,102,98" hai2="3,85,24,83,53,105,60,122,124,18,58,15,61" hai3="127,92,101,119,89,113,120,36,70,63,32,97,132"/><T46/><D69/><U44/><E111/><V116/><F122/><W40/><G113/><N who="1" m="43018" /><E135/><V21/><F124/><W93/><G119/><T48/><D117/><U129/><E129/><V42/><F3/><W72/><G120/><T77/><D1/><U27/><E27/><V128/><F128/><W123/><G72/><T95/><D31/><U108/><E108/><V76/><F116/><W22/><G123/><T7/><D7/><N who="1" m="1511" /><E84/><V80/><F105/><W68/><G32/><T47/><D106/><N who="1" m="63831" /><E91/><V20/><F42/><W50/><G89/><N who="0" m="55375" /><D17/><U34/><E34/><V66/><F80/><AGARI ba="0,0" hai="44,45,80,87,88" m="63831,1511,43018" machi="80" ten="30,2000,0" yaku="11,1,54,1" doraHai="75" who="1" fromWho="2" sc="250,0,250,20,250,-20,250,0" /><INIT seed="1,0,0,5,5,28" ten="250,270,230,250" oya="1" hai0="117,69,15,16,91,34,94,31,49,67,76,37,60" hai1="64,79,51,50,54,106,30,48,46,57,62,35,55" hai2="5,81,12,4,33,23,71,73,63,88,98,7,109" hai3="22,38,111,66,17,75,115,131,101,103,123,130,100"/><U39/><E106/><V26/><F109/><W121/><G38/><T11/><D37/><U6/><E6/><V25/><F12/><W70/><G111/><T20/><D117/><U78/><E79/><V43/><F43/><W110/><G110/><T122/><D122/><U52/><E78/><V2/><F2/><W116/><G75/><T27/><D76/><U3/><E3/><V21/><F73/><W58/><G70/><T47/><D49/><N who="1" m="19051" /><E30/><V93/><F81/><W133/><G116/><T36/><D36/><U82/><E35/><V96/><F96/><W113/><G58/><T112/><D112/><N who="3" m="43081" /><G66/><T114/><D114/><U132/><E82/><V95/><F95/><W86/><G133/><T80/><D80/><U127/><E127/><V72/><F72/><W45/><G45/><T134/><D134/><U10/><E10/><V85/><F98/><W9/><G9/><T83/><D83/><U1/><E1/><V68/><F68/><W97/><G97/><T14/><D47/><N who="1" m="27775" /><E132/><V105/><F105/><W118/><G118/><T87/><REACH who="0" step="1"/><D11/><REACH who="0" ten="240,270,230,250" step="2"/><U99/><E99/><V120/><F120/><W102/><G123/><T44/><D44/><U74/><E74/><V90/><F90/><W41/><G121/><T107/><D107/><U61/><E61/><V32/><F63/><W8/><G41/><AGARI ba="0,1" hai="39,41,46,54,55,57,62,64" m="27775,19051" machi="41" ten="30,18000,2" yaku="35,5,54,1" doraHai="28" who="1" fromWho="3" sc="240,0,270,190,230,0,250,-180" /><INIT seed="1,1,0,0,2,95" ten="240,460,230,70" oya="1" hai0="67,127,131,77,28,132,2,3,106,34,56,72,134" hai1="97,54,65,101,86,35,114,16,87,68,39,21,17" hai2="20,98,52,9,49,104,40,47,46,88,18,115,93" hai3="76,81,7,36,51,99,32,42,0,83,128,30,109"/><U79/><E114/><V82/><F115/><W75/><G109/><T84/><D72/><U6/><E35/><V1/><F104/><W11/><G128/><T69/><D69/><U117/><E117/><V78/><F1/><W124/><G124/><T105/><D127/><U29/><E39/><V111/><F111/><W22/><G22/><T44/><D44/><U108/><E108/><V4/><F4/><W38/><G83/><T116/><D116/><U55/><E6/><V133/><F133/><N who="0" m="51306" /><D131/><U10/><E68/><V27/><F9/><W118/><G118/><T14/><D14/><N who="1" m="7255" /><E65/><V70/><F70/><W91/><G51/><T12/><D12/><N who="1" m="9383" /><E29/><V113/><F113/><W45/><G91/><T129/><D129/><U119/><E119/><V90/><F90/><W125/><G125/><T126/><D126/><U63/><E63/><V74/><REACH who="2" step="1"/><F47/><REACH who="2" ten="240,460,220,70" step="2"/><W41/><G41/><AGARI ba="1,1" hai="18,20,27,40,41,46,49,52,74,78,82,88,93,98" machi="41" ten="40,12000,2" yaku="1,1,2,1,52,1,54,2,53,1" doraHai="95" doraHaiUra="107" who="2" fromWho="3" sc="240,0,460,0,220,133,70,-123" owari="240,-16.0,460,56.0,353,15.3,-53,-55.3" /></mjloggm>