<mjloggm ver="2.3"><GO type="225" lobby="0"/><UN n0="%E3%82%B7%E3%83%B3%E5%A4%AA%E6%9C%97" n1="%72%65%6E%6B%75%6E" n2="%E6%B8%A9%E2%98%85%E6%83%85%E2%98%85%E6%8E%AA%E2%98%85%E7%BD%AE" n3="%E3%81%BF%E3%81%BF%E3%81%9A" dan="16,17,17,16" rate="2168.67,2252.47,2248.81,2132.94" sx="M,M,M,M"/><TAIKYOKU oya="0"/><INIT seed="0,0,0,3,2,17" ten="250,250,250,250" oya="0" hai0="90,132,38,7,6,105,36,115,21,40,30,45,60" hai1="128,29,110,82,77,61,31,28,72,18,134,14,106" hai2="96,95,81,92,54,123,0,12,19,97,4,43,80" hai3="104,99,131,13,59,79,15,75,51,68,49,20,93"/><T108/><D115/><U107/><E110/><V86/><F123/><W63/><G104/><T109/><D132/><U22/><E134/><V76/><F43/><W67/><G131/><T98/><D36/><U8/><E128/><V130/><F130/><W119/><G119/><T91/><D60/><U52/><REACH who="1" step="1"/><E8/><REACH who="1" ten="250,240,250,250" step="2"/><V71/><F71/><W85/><G68/><T33/><D33/><U111/><E111/><N who="0" m="42569" /><D105/><U62/><E62/><V120/><F120/><W94/><G75/><T125/><D125/><U48/><E48/><V53/><F0/><W74/><G74/><T10/><D98/><U133/><E133/><V24/><F97/><W27/><G49/><T83/><D10/><U121/><E121/><V58/><F96/><W78/><G51/><T113/><D113/><U69/><E69/><V46/><F86/><W57/><G85/><N who="0" m="50495" /><D91/><U122/><E122/><V56/><F76/><W11/><G79/><T1/><D1/><U65/><E65/><V16/><F54/><W117/><G78/><T129/><D129/><U44/><E44/><V112/><F53/><W35/><G117/><T26/><AGARI ba="0,1" hai="6,7,21,26,30,38,40,45" m="50495,42569" machi="26" ten="30,6000,0" yaku="14,1,10,1,52,1" doraHai="17" who="0" fromWho="0" sc="250,70,240,-20,250,-20,250,-20" /><INIT seed="0,1,0,2,2,31" ten="320,220,230,230" oya="0" hai0="7,125,98,44,46,130,52,84,62,55,18,86,123" hai1="37,109,67,16,70,95,21,117,89,74,93,12,120" hai2="88,39,94,32,56,85,82,33,133,24,81,111,79" hai3="128,25,91,59,1,26,115,48,61,80,106,129,11"/><T66/><D123/><U108/><E117/><V47/><F111/><N who="1" m="42569" /><E120/><V100/><F133/><W45/><G106/><T101/><D130/><N who="3" m="50281" /><G115/><T131/><D131/><U38/><E74/><V15/><F100/><W97/><G11/><T116/><D116/><U124/><E124/><V23/><F15/><W35/><G1/><T78/><D7/><U75/><E75/><V0/><F0/><W102/><G35/><T76/><D125/><U30/><E30/><V134/><F134/><W113/><G113/><T49/><D18/><U122/><E122/><V17/><F56/><W42/><G80/><T3/><D3/><U28/><E28/><V13/><F13/><W121/><G91/><T64/><D101/><U8/><E8/><V63/><F63/><W118/><G121/><T126/><D126/><U103/><E103/><V14/><F14/><W22/><G22/><T34/><D34/><U6/><E6/><V60/><F60/><W51/><G48/><T27/><D27/><U105/><E105/><V58/><F58/><W71/><G71/><T87/><D98/><N who="1" m="57647" /><E95/><V114/><F114/><W127/><G118/><T68/><REACH who="0" step="1"/><D64/><REACH who="0" ten="310,220,230,230" step="2"/><U20/><E20/><V50/><F33/><W53/><G127/><T43/><D43/><U96/><E96/><N who="2" m="57415" /><F32/><W73/><G102/><T99/><D99/><U57/><E70/><V9/><F9/><W104/><G97/><T92/><D92/><U112/><E112/><V2/><F2/><W4/><G104/><T36/><D36/><U107/><E107/><V40/><F39/><W135/><G4/><T41/><D41/><U69/><E69/><RYUUKYOKU ba="1,1" sc="310,10,220,10,230,10,230,-30" hai0="44,46,49,52,55,62,66,68,76,78,84,86,87" hai1="12,16,21,37,38,57,67" hai2="17,23,24,40,47,50,79,81,82,85" /><INIT seed="0,2,1,3,4,0" ten="320,230,240,200" oya="0" hai0="107,76,59,10,11,32,110,64,79,51,27,40,26" hai1="108,122,96,75,12,14,95,68,55,17,6,124,99" hai2="56,67,100,91,47,58,42,131,93,77,54,85,118" hai3="5,60,36,18,130,69,74,78,71,38,22,103,13"/><T84/><D107/><U63/><E75/><V134/><F131/><W72/><G103/><T53/><D110/><U28/><E122/><V34/><F34/><W106/><G106/><T129/><D129/><U37/><E37/><V2/><F2/><W33/><G33/><T8/><D40/><U105/><E108/><V73/><F134/><W133/><G130/><T50/><D64/><U25/><E124/><V15/><F118/><W111/><G111/><T88/><D50/><U81/><E81/><V86/><F73/><W112/><G112/><T94/><REACH who="0" step="1"/><D32/><REACH who="0" ten="310,230,240,200" step="2"/><U61/><E105/><V87/><F67/><W62/><G133/><T44/><D44/><U114/><E114/><V48/><F42/><W135/><G135/><T1/><D1/><U127/><E127/><V113/><F113/><W109/><G109/><T46/><D46/><U49/><E49/><V35/><F35/><W65/><G36/><T89/><D89/><U83/><E61/><V29/><F47/><W104/><G38/><T66/><D66/><U120/><E63/><V9/><F91/><W90/><G90/><T102/><D102/><U31/><E120/><V126/><F126/><W39/><G104/><T97/><D97/><U128/><E99/><N who="2" m="59503" /><F58/><W132/><G39/><T125/><D125/><U57/><E57/><V70/><F70/><W3/><G132/><T80/><D80/><U98/><E68/><N who="3" m="26186" /><G65/><T4/><D4/><U24/><E128/><V119/><F119/><W19/><G78/><AGARI ba="2,2" hai="8,10,11,26,27,51,53,59,76,78,79,84,88,94" machi="78" ten="40,7700,0" yaku="1,1,8,1,54,1,53,0" doraHai="0" doraHaiUra="117" who="0" fromWho="3" sc="310,103,230,0,240,0,200,-83" /><INIT seed="0,3,0,2,0,107" ten="413,230,240,117" oya="0" hai0="54,51,118,100,131,87,3,108,67,72,11,86,1" hai1="59,27,50,45,106,48,52,8,31,79,64,2,135" hai2="69,68,99,112,26,30,33,40,92,89,10,7,58" hai3="29,75,32,124,119,132,78,17,0,56,105,126,91"/><T71/><D118/><U36/><E135/><V110/><F112/><W38/><G119/><T125/><D131/><U62/><E106/><V121/><F121/><W73/><G38/><T123/><D123/><U85/><E36/><V6/><F110/><W117/><G117/><T114/><D114/><U93/><E2/><V82/><F40/><W24/><G105/><T37/><D37/><U34/><E8/><V109/><F109/><W104/><G104/><T94/><D125/><N who="3" m="48233" /><G78/><T122/><D122/><U102/><E79/><V44/><F44/><W70/><G70/><T22/><D108/><U130/><E130/><V133/><F133/><W76/><G76/><T65/><D22/><U25/><E25/><V116/><F116/><W80/><G0/><T53/><D71/><U127/><E127/><V95/><F58/><W90/><G132/><T128/><D128/><U74/><E74/><N who="3" m="28170" /><G80/><T60/><D51/><U18/><E18/><V12/><F82/><W49/><G17/><T35/><D60/><U120/><E48/><V13/><F68/><W47/><G56/><T21/><D72/><U41/><E120/><V4/><F69/><W42/><AGARI ba="3,0" hai="24,29,32,42,47,49,90,91" m="28170,48233" machi="42" ten="30,7900,0" yaku="18,1,52,3" doraHai="107" who="3" fromWho="3" sc="413,-42,230,-23,240,-23,117,88" /><INIT seed="1,0,0,4,4,126" ten="371,207,217,205" oya="1" hai0="81,26,3,67,35,31,99,106,101,49,66,16,47" hai1="68,6,11,82,45,135,77,130,134,97,60,9,102" hai2="61,92,116,87,124,14,28,59,107,32,95,122,17" hai3="89,54,44,113,19,86,64,34,10,41,27,75,93"/><U69/><E45/><V5/><F122/><W21/><G113/><T119/><D119/><U40/><E40/><V4/><F116/><W133/><G75/><T103/><D103/><U53/><E53/><V38/><F107/><W13/><G133/><N who="1" m="50698" /><E130/><V43/><F124/><W108/><G108/><T85/><D3/><N who="1" m="223" /><E11/><V30/><F32/><W22/><G64/><T23/><D35/><U98/><E60/><V62/><F43/><W90/><G34/><T33/><D31/><N who="2" m="11818" /><F38/><W78/><G78/><T115/><D115/><U129/><E129/><V52/><F62/><W2/><G2/><T120/><D120/><U131/><E131/><V24/><F24/><W109/><G109/><T20/><D20/><U7/><E7/><N who="2" m="2635" /><F87/><W70/><G70/><N who="1" m="27242" /><E102/><V58/><F58/><W110/><G110/><T112/><D33/><U96/><E96/><V91/><F91/><W1/><G1/><T118/><D118/><U15/><E15/><V100/><F100/><W56/><G90/><T105/><D112/><U65/><E65/><V8/><AGARI ba="0,0" hai="8,14,17,52,59,61,92,95" m="2635,11818" machi="8" ten="30,2000,0" yaku="8,1,54,1" doraHai="126" who="2" fromWho="2" sc="371,-5,207,-10,217,20,205,-5" /><INIT seed="2,0,0,5,5,95" ten="366,197,237,200" oya="2" hai0="96,124,56,46,36,17,43,47,14,7,90,62,2" hai1="91,119,26,11,66,55,63,60,35,116,88,45,126" hai2="103,30,20,22,120,110,71,78,115,3,109,59,127" hai3="92,86,38,13,33,54,99,57,133,72,27,117,48"/><V52/><F115/><W70/><G117/><T39/><D124/><U94/><E126/><V104/><F127/><W37/><G72/><T19/><D2/><U84/><E11/><V129/><F120/><W32/><G70/><T79/><D79/><U31/><E91/><V112/><F112/><W105/><G105/><T9/><D96/><U51/><REACH who="1" step="1"/><E60/><REACH who="1" ten="366,187,237,200" step="2"/><N who="2" m="35943" /><F3/><W8/><G133/><T28/><D90/><U23/><E23/><V40/><F20/><W106/><G33/><T108/><D62/><U89/><E89/><V97/><F22/><W128/><G32/><T25/><D9/><U50/><E50/><V87/><F97/><W111/><G37/><T73/><D36/><U29/><E29/><V114/><F30/><W0/><G38/><T53/><D28/><U134/><E134/><V113/><F113/><W64/><G0/><T77/><D39/><U12/><E12/><V81/><F114/><W107/><G27/><T85/><D14/><U49/><E49/><V41/><F110/><W15/><G111/><T123/><D25/><U10/><E10/><V44/><F109/><W131/><G15/><T65/><D108/><U18/><E18/><V34/><F34/><W80/><G13/><T16/><D19/><U75/><E75/><V5/><F5/><W42/><G8/><T6/><D16/><U69/><AGARI ba="0,1" hai="26,31,35,45,51,55,63,66,69,84,88,94,116,119" machi="69" ten="20,8000,1" yaku="1,1,0,1,7,1,54,1,53,1" doraHai="95" doraHaiUra="82" who="1" fromWho="1" sc="366,-20,187,90,237,-40,200,-20" /><INIT seed="3,0,0,4,0,22" ten="346,277,197,180" oya="3" hai0="52,44,33,121,45,25,47,46,48,37,134,5,16" hai1="122,102,95,94,87,88,29,9,53,59,57,80,113" hai2="135,73,40,19,20,75,42,99,105,56,30,1,83" hai3="118,133,49,26,63,28,62,103,68,100,41,71,111"/><W108/><G118/><T60/><D121/><U97/><E113/><V123/><F1/><W90/><G90/><T10/><D134/><U120/><E29/><V54/><F135/><W116/><G133/><T14/><D60/><N who="3" m="23081" /><G116/><T84/><D84/><U70/><E70/><N who="3" m="26666" /><G41/><T50/><D37/><U82/><E9/><V132/><F123/><W112/><G49/><T85/><D85/><U114/><E114/><V89/><F132/><W66/><G66/><T32/><D48/><N who="1" m="30887" /><E122/><V110/><F42/><W17/><G17/><T34/><REACH who="0" step="1"/><D16/><REACH who="0" ten="336,277,197,180" step="2"/><U27/><E120/><V43/><F19/><W130/><G112/><T76/><D76/><U106/><E27/><AGARI ba="0,1" hai="5,10,14,25,27,32,33,34,44,45,46,47,50,52" machi="27" ten="50,12000,2" yaku="1,1,52,2,54,1,53,2" doraHai="22" doraHaiUra="21" who="0" fromWho="1" sc="336,130,277,-120,197,0,180,0" owari="466,56.6,157,-34.3,197,-0.3,180,-22.0" /></mjloggm>