<mjloggm ver="2.3"><GO type="225" lobby="0"/><UN n0="%E3%81%B5%E3%81%98%E3%81%8B%E3%81%A4" n1="%E7%89%B9%E6%9D%B1%E3%81%AF%E4%B8%96%E7%95%8C%E3%82%92%E6%95%91%E3%81%86" n2="%E3%83%8F%E3%83%B3%E3%83%89%E3%83%A9%E3%83%BC%E3%83%BB%E3%83%AF%E3%83%B3" n3="%E5%8D%A0%E3%81%84%E5%B8%AB%E8%A3%8F%E3%81%AA%E3%81%84%E3%81%97" dan="16,16,17,17" rate="2143.31,2047.86,2177.07,2194.07" sx="M,M,M,M"/><TAIKYOKU oya="0"/><INIT seed="0,0,0,2,0,11" ten="250,250,250,250" oya="0" hai0="89,66,119,128,73,116,8,28,115,118,13,36,12" hai1="41,123,131,21,33,61,24,108,57,59,124,127,109" hai2="2,62,84,19,14,60,125,83,117,32,91,58,110" hai3="134,54,29,69,20,3,74,15,0,107,65,53,6"/><T95/><D115/><U102/><E33/><V88/><F32/><W114/><G114/><T122/><D122/><U87/><E123/><V31/><F2/><W1/><G134/><T93/><D36/><U37/><E102/><V71/><F31/><W25/><G74/><T82/><D128/><U120/><E120/><V22/><F110/><N who="1" m="42601" /><E131/><V78/><F125/><N who="1" m="48201" /><E87/><V40/><F117/><W27/><G107/><T63/><D28/><N who="1" m="17423" /><E61/><V86/><F40/><W39/><G39/><T104/><D104/><U68/><E68/><V100/><F100/><W46/><G69/><T92/><D8/><U96/><E96/><V42/><F42/><W130/><G130/><T90/><D73/><U30/><E30/><V113/><F113/><W70/><G29/><T126/><D126/><U16/><E16/><V101/><F101/><W52/><G70/><T35/><D35/><U76/><E76/><V81/><F71/><W7/><G7/><T56/><REACH who="0" step="1"/><D82/><REACH who="0" ten="240,250,250,250" step="2"/><U49/><E37/><V9/><F9/><W85/><G0/><T50/><D50/><U10/><E10/><V48/><F78/><W18/><G1/><T5/><D5/><U99/><E99/><V51/><F62/><W26/><G6/><T38/><D38/><U129/><E129/><V75/><F75/><W64/><G3/><T106/><D106/><U55/><E41/><V17/><F17/><W135/><G18/><T45/><D45/><AGARI ba="0,1" hai="45,49,55,57,59" m="17423,48201,42601" machi="45" ten="30,2000,0" yaku="14,1,18,1" doraHai="11" who="1" fromWho="0" sc="240,-20,250,30,250,0,250,0" /><INIT seed="1,0,0,1,0,95" ten="220,280,250,250" oya="1" hai0="101,87,123,6,64,67,115,124,37,7,126,82,49" hai1="120,116,42,16,44,73,133,55,34,114,111,22,27" hai2="20,54,47,68,121,78,58,127,1,62,85,14,71" hai3="90,99,91,104,122,33,132,66,32,24,96,53,128"/><U75/><E114/><V25/><F1/><W77/><G122/><T15/><D115/><U52/><E120/><V93/><F121/><W48/><G104/><T38/><D37/><U21/><E116/><V35/><F35/><W19/><G128/><T0/><D123/><U43/><E34/><V18/><F127/><N who="0" m="48682" /><D38/><U89/><E133/><V12/><F47/><W125/><G125/><T88/><D101/><U92/><E111/><V45/><F45/><W11/><G132/><T30/><D30/><N who="1" m="17775" /><E75/><V112/><F112/><W26/><G77/><T102/><D102/><U129/><E73/><V119/><F119/><W59/><G32/><T107/><D107/><U13/><E44/><V113/><F113/><W57/><G33/><T98/><D0/><U130/><E129/><V110/><F110/><W31/><G31/><T50/><D98/><N who="3" m="37417" /><G91/><T17/><D6/><U2/><E2/><V61/><F71/><W100/><G100/><T9/><D7/><U117/><E117/><V118/><F68/><W60/><G90/><T4/><D4/><U108/><E108/><V65/><F118/><W39/><G39/><T28/><D28/><U69/><E69/><V84/><F78/><W56/><G56/><T76/><D76/><U81/><E130/><V80/><F58/><W135/><G135/><T29/><D29/><U51/><E89/><V109/><F109/><W23/><G11/><T74/><D74/><U70/><E70/><V79/><F79/><W8/><G8/><T106/><D106/><U10/><E10/><V40/><F93/><W134/><G134/><T103/><D103/><RYUUKYOKU ba="0,0" sc="220,15,280,-15,250,-15,250,15" hai0="9,15,17,49,50,64,67,82,87,88" hai3="19,23,24,26,48,53,57,59,60,66" /><INIT seed="2,1,0,3,5,62" ten="235,265,235,265" oya="2" hai0="68,57,29,123,114,131,50,98,13,44,31,45,117" hai1="47,11,36,8,111,96,115,88,28,53,99,113,104" hai2="56,69,79,116,58,82,38,61,2,94,60,135,132" hai3="83,64,18,59,35,24,42,129,120,72,32,101,55"/><V74/><F116/><W86/><G120/><T41/><D123/><U133/><E111/><V15/><F2/><W34/><G72/><T67/><D117/><U90/><E28/><V100/><F38/><W12/><G129/><T5/><D131/><U121/><E121/><V33/><F33/><W89/><G42/><T20/><D114/><U109/><E109/><V46/><F46/><W97/><G24/><T134/><D68/><U107/><E47/><V95/><F69/><W130/><G130/><T54/><D134/><N who="2" m="51242" /><F15/><W40/><G40/><T17/><D5/><U10/><E133/><V51/><F51/><W66/><G55/><T25/><D98/><N who="1" m="37419" /><E53/><N who="2" m="33807" /><F100/><W126/><G59/><N who="0" m="33239" /><D41/><U3/><E3/><V78/><F78/><W26/><G26/><T91/><D91/><N who="1" m="34859" /><E36/><V21/><F21/><W7/><G7/><T87/><D20/><U4/><E4/><V125/><F125/><W14/><G126/><T108/><D44/><U48/><E48/><V22/><F22/><W43/><G43/><T37/><D45/><U106/><AGARI ba="1,0" hai="8,10,11,104,106,107,113,115" m="34859,37419" machi="106" ten="40,5200,0" yaku="28,2,54,1" doraHai="62" who="1" fromWho="1" sc="235,-14,265,55,235,-27,265,-14" /><INIT seed="3,0,0,0,5,63" ten="221,320,208,251" oya="3" hai0="25,98,80,59,117,131,121,128,129,5,94,126,89" hai1="54,93,56,68,34,72,43,116,45,85,19,0,65" hai2="125,82,7,16,73,78,36,75,130,52,13,133,112" hai3="79,14,135,74,83,95,81,28,33,106,12,39,123"/><W32/><G106/><T69/><D69/><U44/><E72/><V47/><F112/><W100/><G39/><T92/><D117/><U105/><E105/><V103/><F130/><W113/><G123/><T62/><D121/><U21/><E0/><V124/><F133/><W41/><G41/><T46/><D5/><U3/><E3/><V38/><F7/><W29/><G95/><T8/><D126/><N who="2" m="48746" /><F103/><W31/><G100/><T109/><D109/><U97/><E85/><V120/><F75/><W58/><G74/><T18/><D46/><U9/><E54/><V104/><F104/><W118/><G118/><T86/><D98/><U110/><E21/><N who="2" m="11407" /><F120/><W67/><G135/><T127/><D127/><U23/><E116/><V115/><F115/><W49/><G113/><T17/><D8/><U2/><E9/><V87/><F73/><W48/><G32/><T119/><D119/><U84/><E2/><V77/><F77/><W61/><G79/><T64/><D17/><U91/><E19/><V107/><F107/><W102/><G102/><T101/><D101/><U66/><E34/><V76/><F76/><W30/><G33/><T6/><D6/><U71/><E23/><AGARI ba="0,0" hai="18,23,25,59,62,64,80,86,89,92,94,128,129,131" machi="23" ten="40,2600,0" yaku="19,1,52,1" doraHai="63" who="0" fromWho="1" sc="221,26,320,-26,208,0,251,0" /><INIT seed="4,0,0,4,3,126" ten="247,294,208,251" oya="0" hai0="5,83,117,100,110,106,68,50,87,79,19,51,57" hai1="48,109,108,33,107,122,58,25,104,31,45,94,28" hai2="34,16,54,40,63,81,0,128,116,96,23,88,46" hai3="76,10,120,75,113,74,12,11,86,130,38,115,72"/><T93/><D117/><U59/><E122/><V124/><F34/><W17/><G120/><T129/><D68/><U77/><E77/><V21/><F0/><W69/><G69/><T53/><D5/><U132/><E132/><V60/><F124/><W3/><G38/><T18/><D106/><U70/><E70/><V41/><F116/><W92/><G92/><T26/><D110/><U125/><E125/><V43/><F128/><W44/><G44/><T95/><D129/><U99/><E31/><V102/><F23/><W112/><G130/><T97/><D26/><U80/><E80/><V105/><F46/><W2/><G10/><T135/><D135/><U47/><E47/><V89/><F54/><W71/><G71/><T101/><REACH who="0" step="1"/><D51/><REACH who="0" ten="237,294,208,251" step="2"/><U22/><E107/><V32/><F32/><W52/><G113/><T42/><D42/><U39/><E104/><V82/><F82/><W27/><G115/><T62/><D62/><U111/><E33/><V119/><F119/><W85/><G27/><T36/><D36/><U131/><E39/><V133/><F133/><W91/><G112/><T8/><D8/><U134/><E131/><V55/><F81/><W67/><G11/><T118/><D118/><U4/><E4/><V121/><F121/><W35/><G35/><T73/><D73/><U64/><E134/><V78/><F63/><W30/><G74/><T49/><D49/><U29/><E111/><V14/><REACH who="2" step="1"/><F78/><REACH who="2" ten="237,294,198,251" step="2"/><W84/><G76/><T98/><AGARI ba="0,2" hai="18,19,50,53,57,79,83,87,93,95,97,98,100,101" machi="98" ten="30,18000,2" yaku="1,1,0,1,9,1,8,1,53,2" doraHai="126" doraHaiUra="13" who="0" fromWho="0" sc="237,200,294,-60,198,-60,251,-60" owari="437,53.7,234,3.4,138,-36.2,191,-20.9" /></mjloggm>