<mjloggm ver="2.3"><GO type="225" lobby="0"/><UN n0="%E3%83%97%E3%83%AC%E3%83%B4%E3%82%A1%E3%83%86%E3%82%A3" n1="%E3%81%99%E3%81%84%E3%81%BE%E3%81%9B%E3%83%BC%E3%82%93" n2="%30%2E%31%32%30" n3="%E3%82%BF%E3%83%BC%E3%83%90%E3%83%B3%E9%87%8E%E5%8F%A3" dan="16,17,16,16" rate="2130.97,2237.15,2134.01,2113.02" sx="F,M,M,M"/><TAIKYOKU oya="0"/><INIT seed="0,0,0,1,0,52" ten="250,250,250,250" oya="0" hai0="57,106,107,62,40,64,21,58,8,19,118,111,28" hai1="85,81,117,12,114,70,110,41,50,23,65,3,51" hai2="53,68,55,98,69,94,91,15,34,126,33,1,134" hai3="130,96,113,87,22,121,6,42,7,95,30,17,122"/><T13/><D118/><U26/><E117/><V109/><F1/><W133/><G113/><T80/><D111/><U36/><E3/><V2/><F2/><W123/><G130/><T56/><D40/><U115/><E110/><V124/><F109/><W25/><G133/><T86/><D106/><U116/><E116/><V47/><F15/><W120/><G87/><T46/><D46/><N who="1" m="23847" /><E12/><V71/><F47/><W128/><G128/><T11/><D107/><U73/><E73/><V0/><F0/><W78/><G78/><T76/><REACH who="0" step="1"/><D28/><REACH who="0" ten="240,250,250,250" step="2"/><U77/><E115/><V31/><F31/><W125/><G42/><T63/><D63/><U99/><E114/><V75/><F134/><W84/><G125/><T72/><D72/><U10/><E51/><V129/><F75/><W48/><G120/><T27/><D27/><U108/><E50/><V89/><F129/><W14/><G48/><T61/><D61/><U43/><E43/><V37/><F37/><W100/><REACH who="3" step="1"/><G84/><REACH who="3" ten="240,250,250,240" step="2"/><T127/><D127/><U101/><E85/><N who="2" m="52527" /><F126/><W79/><G79/><T16/><D16/><U35/><E77/><V44/><F124/><W90/><G90/><T97/><D97/><U4/><E99/><V83/><F98/><W18/><G18/><T105/><D105/><U102/><E108/><V67/><F91/><W135/><G135/><T38/><D38/><U54/><E102/><V93/><F44/><W29/><G29/><T103/><D103/><U132/><E101/><V119/><F119/><W9/><AGARI ba="0,2" hai="6,7,9,14,17,22,25,30,95,96,100,121,122,123" machi="9" ten="30,7900,0" yaku="1,1,0,1,13,1,53,1" doraHai="52" doraHaiUra="92" who="3" fromWho="3" sc="240,-39,250,-20,250,-20,240,99" /><INIT seed="1,0,0,0,4,2" ten="201,230,230,339" oya="1" hai0="78,3,27,68,64,42,104,122,86,40,81,84,1" hai1="8,117,33,77,80,125,63,101,120,25,128,6,0" hai2="119,36,5,58,30,88,83,13,51,31,135,73,57" hai3="7,79,16,29,56,49,123,129,43,124,92,90,102"/><U95/><E117/><V23/><F36/><W121/><G124/><T18/><D104/><U85/><E120/><V32/><F32/><W4/><G129/><T103/><D103/><U50/><E125/><V46/><F135/><W11/><G79/><T106/><D106/><U113/><E113/><V114/><F119/><W127/><G127/><T72/><D122/><U99/><E128/><V105/><F105/><W14/><G121/><T53/><D68/><U71/><E50/><V132/><F73/><W62/><G29/><N who="2" m="10761" /><F132/><W100/><G123/><T116/><D64/><U44/><E44/><V74/><F74/><W54/><G43/><T76/><D72/><U10/><E25/><V61/><F61/><W65/><G100/><T28/><D116/><U70/><E33/><V133/><F133/><W24/><G24/><T131/><D131/><U12/><REACH who="1" step="1"/><E63/><REACH who="1" ten="201,220,230,339" step="2"/><V37/><F114/><W118/><G118/><T82/><D28/><U47/><E47/><V52/><F37/><W111/><G49/><T66/><D27/><U91/><E91/><V15/><F88/><W112/><G112/><T35/><D35/><U87/><E87/><V20/><F83/><W69/><G90/><T126/><D126/><U108/><E108/><V115/><F115/><W97/><G111/><T130/><D130/><U21/><E21/><N who="2" m="8267" /><F15/><W19/><G14/><T26/><D26/><U22/><E22/><V93/><F46/><W89/><G89/><T107/><D84/><U48/><E48/><V98/><F51/><W96/><G62/><T55/><D86/><U110/><E110/><V134/><F134/><RYUUKYOKU ba="0,1" sc="201,-10,220,30,230,-10,339,-10" hai1="0,6,8,10,12,70,71,77,80,85,95,99,101" /><INIT seed="1,1,1,5,2,36" ten="191,250,220,329" oya="1" hai0="94,53,95,38,39,131,126,55,1,34,84,79,111" hai1="127,134,125,112,81,132,89,19,88,80,2,35,119" hai2="102,23,31,85,56,10,82,67,90,121,20,22,15" hai3="42,97,86,76,108,104,12,41,14,133,99,70,48"/><U17/><E35/><V11/><F121/><W129/><G70/><T72/><D34/><U59/><E2/><V5/><F102/><W47/><G108/><T117/><D1/><U93/><E59/><V37/><F37/><W57/><G129/><T33/><D33/><U27/><E112/><V24/><REACH who="2" step="1"/><F11/><REACH who="2" ten="191,250,210,329" step="2"/><W69/><G133/><T58/><D111/><U98/><E119/><V46/><F46/><W16/><G104/><T64/><D117/><U113/><E113/><V54/><F54/><W62/><G47/><T83/><D131/><U26/><E134/><V65/><F65/><W103/><G103/><T45/><D126/><U18/><E132/><V29/><F29/><W49/><G97/><T124/><D124/><U116/><E116/><V91/><F91/><W63/><G99/><T107/><D64/><U50/><E127/><V92/><F92/><W114/><G114/><T110/><D107/><U68/><E125/><V28/><F28/><W3/><G76/><T120/><D120/><U75/><E89/><V9/><F9/><W128/><G128/><T105/><D105/><U73/><E88/><V66/><F66/><W25/><G69/><T74/><D110/><U130/><E68/><V40/><F40/><W96/><G96/><T87/><D53/><U123/><E123/><V8/><F8/><W115/><G115/><T78/><D55/><U101/><E130/><V4/><F4/><W44/><G44/><T100/><D45/><U52/><E52/><V21/><F21/><W0/><G42/><T6/><D100/><U43/><E43/><V106/><F106/><RYUUKYOKU ba="1,2" sc="191,-10,250,-10,210,30,329,-10" hai2="5,10,15,20,22,23,24,31,56,67,82,85,90" /><INIT seed="2,2,2,2,2,90" ten="181,240,240,319" oya="2" hai0="76,34,33,57,60,126,6,111,99,120,27,31,134" hai1="7,116,32,104,125,52,96,81,22,19,46,48,59" hai2="14,86,87,118,53,98,9,39,103,38,37,4,82" hai3="101,47,97,91,0,84,74,128,1,124,63,29,10"/><V113/><F118/><W67/><G74/><T132/><D120/><U85/><E116/><V13/><F113/><W80/><G128/><T115/><D115/><U35/><E125/><V18/><F53/><W58/><G124/><T43/><D126/><U44/><E7/><V77/><F86/><W11/><G29/><T61/><D76/><U78/><E35/><V40/><F40/><W83/><G83/><T23/><D111/><U16/><E32/><V122/><F122/><W107/><REACH who="3" step="1"/><G47/><REACH who="3" ten="181,240,240,309" step="2"/><T106/><D34/><U26/><E46/><V8/><REACH who="2" step="1"/><F37/><REACH who="2" ten="181,240,230,309" step="2"/><W102/><G102/><T5/><D33/><U108/><E108/><V28/><F28/><W135/><G135/><T65/><D134/><U66/><E44/><V73/><F73/><W71/><G71/><T121/><D132/><U51/><E59/><V12/><F12/><W2/><AGARI ba="2,4" hai="0,1,2,10,11,58,63,67,80,84,91,97,101,107" machi="2" ten="30,2000,0" yaku="1,1,0,1,53,0" doraHai="90" doraHaiUra="68" who="3" fromWho="3" sc="181,-7,240,-7,230,-12,309,66" /><INIT seed="3,0,0,4,4,96" ten="174,233,218,375" oya="3" hai0="53,1,108,45,33,73,61,27,52,98,133,59,83" hai1="129,50,32,117,86,92,18,62,89,122,9,99,111" hai2="42,4,90,114,24,38,91,55,106,20,78,75,25" hai3="34,6,123,104,85,65,110,128,125,124,10,107,41"/><W46/><G123/><T81/><D108/><U101/><E32/><V132/><F106/><W102/><G34/><T40/><D133/><U113/><E113/><V17/><F114/><W60/><G85/><T88/><D1/><U11/><E122/><V72/><F132/><W120/><G128/><T22/><D33/><U44/><E111/><V80/><F75/><W95/><G120/><T100/><D73/><U115/><E129/><V135/><F135/><W31/><G95/><N who="0" m="58463" /><D81/><U39/><E39/><V36/><F36/><W2/><G102/><T8/><D8/><U14/><E117/><V71/><F71/><W66/><G31/><N who="0" m="17911" /><D40/><U84/><E9/><V77/><F77/><W105/><G2/><T131/><D131/><U57/><E101/><V48/><F4/><W79/><G6/><T121/><D121/><U118/><E118/><V94/><F94/><W69/><G107/><T70/><D70/><U51/><E115/><V130/><F130/><W7/><G105/><T119/><D119/><U103/><E103/><V64/><F38/><W112/><G104/><T30/><D30/><U67/><E99/><V23/><F42/><W35/><G41/><T19/><D19/><U37/><E86/><V28/><F90/><W5/><G7/><T63/><D45/><U97/><E97/><V29/><F91/><W134/><G46/><T82/><D88/><U76/><E76/><V126/><F17/><W68/><G134/><T127/><D127/><U109/><E109/><V0/><F126/><W21/><G124/><T13/><D13/><U12/><E14/><V87/><F0/><RYUUKYOKU ba="0,0" sc="174,15,233,15,218,-15,375,-15" hai0="52,53,59,61,63,82,83" hai1="11,12,18,37,44,50,51,57,62,67,84,89,92" owari="189,-31.1,248,4.8,203,-19.7,360,46.0" /></mjloggm>