<mjloggm ver="2.3"><GO type="225" lobby="0"/><UN n0="%63%68%78%62%64" n1="%E8%90%BD%E6%97%A5" n2="%E3%81%9F%E3%81%8C%E3%82%84%E3%81%99" n3="%73%6C%69%63%6B%33%31%39" dan="16,16,17,16" rate="2145.68,2081.10,2204.99,2080.01" sx="M,F,M,M"/><TAIKYOKU oya="0"/><INIT seed="0,0,0,4,5,81" ten="250,250,250,250" oya="0" hai0="87,6,31,9,49,127,53,42,21,109,130,77,89" hai1="68,121,78,51,75,26,60,56,117,128,120,90,71" hai2="8,18,15,67,105,1,72,28,46,85,98,122,52" hai3="5,48,135,54,108,133,4,17,93,94,131,114,2"/><T64/><D109/><U16/><E117/><V74/><F1/><W37/><G37/><T29/><D130/><U91/><E128/><V96/><F122/><W22/><G114/><T103/><D127/><U44/><E78/><V111/><F111/><W124/><G131/><T47/><D77/><U25/><E75/><V55/><F67/><W69/><G69/><T57/><D64/><U116/><E116/><V40/><F28/><W95/><G108/><T134/><D103/><U112/><E112/><V73/><F85/><W88/><G124/><T83/><D21/><U39/><E39/><V35/><F35/><W82/><G2/><T84/><D84/><U70/><E120/><V43/><F43/><W10/><G10/><T45/><D45/><U115/><E115/><V19/><F19/><W104/><G104/><T99/><D99/><U86/><E91/><V66/><F66/><W33/><G33/><T132/><D132/><N who="3" m="50761" /><G82/><T106/><D106/><U92/><E121/><V32/><F32/><W0/><G0/><T27/><D27/><U41/><REACH who="1" step="1"/><E16/><REACH who="1" ten="250,240,250,250" step="2"/><V13/><F13/><N who="3" m="9519" /><G88/><T7/><D134/><U100/><E100/><V23/><F8/><W107/><G107/><T58/><D9/><U24/><E24/><V79/><F79/><W50/><G50/><N who="0" m="26999" /><D6/><U3/><E3/><V80/><F105/><W61/><G61/><N who="0" m="36015" /><D7/><U62/><E62/><V119/><F119/><W59/><AGARI ba="0,1" hai="4,5,48,54,59,93,94,95" m="9519,50761" machi="59" ten="30,1100,0" yaku="20,1" doraHai="81" who="3" fromWho="3" sc="250,-5,240,-3,250,-3,250,21" /><INIT seed="1,0,0,1,3,31" ten="245,237,247,271" oya="1" hai0="43,33,109,64,51,54,57,100,15,60,32,59,66" hai1="132,104,41,93,37,101,117,40,127,48,53,97,131" hai2="52,68,91,22,119,99,18,94,19,79,20,12,106" hai3="3,85,87,134,34,70,56,125,61,23,74,21,110"/><U89/><E117/><V108/><F68/><W83/><G3/><T80/><D109/><U42/><E127/><V55/><F119/><W47/><G70/><T115/><D115/><U17/><E131/><V62/><F108/><W30/><G74/><T92/><D43/><U128/><E128/><V27/><F106/><W1/><G1/><T63/><D80/><U58/><E132/><V67/><REACH who="2" step="1"/><F79/><REACH who="2" ten="245,237,237,271" step="2"/><W50/><G110/><T88/><D100/><U72/><E72/><V118/><F118/><W96/><G134/><T114/><D114/><U122/><E122/><V24/><F24/><W0/><G125/><T4/><D15/><U44/><REACH who="1" step="1"/><E17/><REACH who="1" ten="245,227,237,271" step="2"/><V84/><F84/><AGARI ba="0,2" hai="37,40,41,42,44,48,53,58,84,89,93,97,101,104" machi="84" ten="30,5800,0" yaku="1,1,2,1,7,1,53,0" doraHai="31" doraHaiUra="29" who="1" fromWho="2" sc="245,0,227,78,237,-58,271,0" /><INIT seed="1,1,0,1,5,51" ten="245,305,179,271" oya="1" hai0="61,49,39,6,43,60,25,86,104,103,59,95,106" hai1="128,32,85,0,31,70,42,36,75,53,102,56,126" hai2="108,44,68,74,76,110,80,119,9,67,3,48,38" hai3="47,73,30,1,81,16,131,22,64,134,54,116,2"/><U87/><E75/><V79/><F79/><W135/><G30/><T99/><D39/><U112/><E0/><V34/><F34/><W58/><G64/><T57/><D6/><U132/><E112/><V84/><F84/><W121/><G121/><T130/><D130/><U78/><E70/><V69/><F119/><W90/><G47/><T24/><D43/><U111/><E102/><V41/><F48/><N who="3" m="31047" /><G131/><T29/><D49/><N who="1" m="30767" /><E42/><V120/><F120/><W35/><G35/><T65/><D86/><U19/><E19/><V133/><F133/><N who="3" m="50699" /><G116/><T37/><D37/><U129/><E36/><V45/><F45/><W89/><G73/><T40/><D40/><U113/><E113/><V66/><F66/><W5/><G5/><T14/><D14/><U10/><E132/><V118/><F118/><W88/><G81/><T52/><D25/><AGARI ba="1,0" hai="1,2,16,22,25,88,89,90" m="50699,31047" machi="25" ten="30,7700,0" yaku="20,1,52,1,54,2" doraHai="51" who="3" fromWho="0" sc="245,-80,305,0,179,0,271,80" /><INIT seed="2,0,0,1,5,79" ten="165,305,179,351" oya="2" hai0="105,1,114,124,80,90,0,85,9,93,48,110,34" hai1="89,83,5,51,12,59,135,21,41,121,86,61,62" hai2="108,49,72,133,29,134,78,98,30,32,71,25,95" hai3="100,47,115,94,77,50,39,92,33,16,66,97,23"/><V96/><F71/><W2/><G33/><T24/><D114/><U91/><E135/><N who="2" m="51723" /><F30/><W70/><G2/><T6/><D124/><U88/><E121/><V7/><F7/><W65/><G39/><T19/><D110/><U63/><E5/><V44/><F108/><W27/><G115/><T113/><D105/><U52/><E41/><N who="2" m="24719" /><F95/><W73/><G70/><T112/><D1/><U64/><E64/><V111/><F111/><W56/><G56/><T31/><D48/><U10/><E10/><V75/><F78/><W17/><G17/><AGARI ba="0,0" hai="12,17,21,51,52,59,61,62,63,83,86,88,89,91" machi="17" ten="40,8000,1" yaku="8,1,52,1,54,2" doraHai="79" who="1" fromWho="3" sc="165,0,305,80,179,0,351,-80" /><INIT seed="3,0,0,3,2,105" ten="165,385,179,271" oya="3" hai0="1,133,113,38,76,3,58,41,52,95,83,130,36" hai1="118,22,68,57,84,5,10,2,55,124,119,46,34" hai2="50,92,81,94,29,123,66,43,25,62,53,89,103" hai3="125,106,35,42,40,33,114,65,49,60,98,44,8"/><W14/><G125/><T132/><D130/><U127/><E34/><V61/><F43/><W91/><G114/><T63/><D95/><U110/><E68/><V80/><F123/><W11/><G42/><T129/><D129/><U135/><E110/><V107/><F107/><W96/><G96/><T19/><D19/><U67/><E135/><N who="0" m="51785" /><D113/><U70/><E70/><V126/><F126/><N who="1" m="48169" /><E22/><N who="2" m="15543" /><F103/><W64/><G8/><T117/><D117/><U18/><E18/><V77/><F94/><W74/><G74/><N who="0" m="43415" /><D41/><U79/><E46/><N who="2" m="27863" /><F77/><W71/><G65/><T85/><D85/><U73/><E84/><N who="2" m="52263" /><F66/><W26/><G26/><T4/><D4/><U32/><E32/><V115/><F115/><W23/><G23/><T72/><D72/><U21/><E57/><V51/><F51/><W134/><G134/><T99/><D99/><U75/><E55/><V9/><F9/><W15/><G15/><T131/><D131/><U108/><E108/><V31/><F31/><W59/><G71/><T17/><D17/><U69/><E21/><V56/><F56/><W28/><G28/><T6/><D6/><U102/><E102/><V87/><F87/><W54/><G64/><T100/><D100/><U7/><E7/><V88/><F88/><W86/><G106/><T121/><D121/><U27/><E27/><V48/><F48/><W111/><G111/><T78/><D78/><U0/><E0/><AGARI ba="0,0" hai="0,1,3,36,38,52,58,63" m="43415,51785" machi="0" ten="30,3900,0" yaku="20,1,52,1,54,1" doraHai="105" who="0" fromWho="1" sc="165,39,385,-39,179,0,271,0" owari="204,-19.6,346,44.6,179,-32.1,271,7.1" /></mjloggm>