<mjloggm ver="2.3"><GO type="225" lobby="0"/><UN n0="%E3%81%A1%E3%82%85%E3%81%86%E3%81%A9%E3%81%8F%E8%B1%A1%E3%81%95%E3%82%93" n1="%61%6D%65%6B%69" n2="%E9%80%9F%E6%B0%B4%E5%87%9B%E9%A6%99" n3="%E2%91%A3%E9%81%BF%E9%81%8A%E6%88%AF%E3%80%90%E6%9D%B1%E5%8D%97%E3%80%91" dan="17,16,16,16" rate="2183.62,2060.97,2090.66,2114.09" sx="M,M,F,M"/><TAIKYOKU oya="0"/><INIT seed="0,0,0,0,1,130" ten="250,250,250,250" oya="0" hai0="48,13,93,59,69,24,103,10,132,27,97,30,39" hai1="20,99,96,94,73,123,78,109,6,104,108,129,85" hai2="4,42,68,23,121,100,46,2,117,65,50,0,40" hai3="126,115,131,91,45,34,1,38,3,77,83,8,22"/><T86/><D69/><U124/><E6/><V71/><F121/><W111/><G111/><N who="1" m="42570" /><E20/><V118/><F100/><W31/><G126/><T37/><D86/><U58/><E123/><V28/><F4/><W12/><G131/><T128/><D128/><U41/><E41/><V63/><F71/><W79/><G79/><T92/><D92/><U60/><E60/><V90/><F40/><W18/><G91/><T76/><D76/><U19/><E19/><V119/><REACH who="2" step="1"/><F90/><REACH who="2" ten="250,250,240,250" step="2"/><W67/><G115/><T134/><D39/><U11/><E129/><V95/><F95/><W53/><G38/><T82/><D37/><U56/><E94/><V5/><F5/><W26/><G67/><T54/><D82/><U43/><E43/><V64/><F64/><W125/><G125/><T105/><D93/><U74/><E124/><V84/><F84/><W120/><G120/><T49/><D49/><U116/><E85/><V7/><F7/><W44/><G53/><T25/><REACH who="0" step="1"/><D30/><REACH who="0" ten="240,250,240,250" step="2"/><U14/><E104/><V98/><F98/><W35/><G83/><T9/><D9/><U62/><E99/><V102/><F102/><W113/><G113/><T106/><D106/><U110/><E96/><V52/><F52/><W122/><G122/><T75/><D75/><U80/><E73/><V29/><F29/><W55/><G31/><T15/><D15/><U61/><E110/><V17/><F17/><AGARI ba="0,2" hai="10,13,17,24,25,27,48,54,59,97,103,105,132,134" machi="17" ten="40,7700,0" yaku="1,1,52,2,53,0" doraHai="130" doraHaiUra="57" who="0" fromWho="2" sc="240,97,250,0,240,-77,250,0" /><INIT seed="0,1,0,4,3,15" ten="337,250,163,250" oya="0" hai0="1,117,51,65,5,42,100,59,61,121,75,63,39" hai1="9,108,77,84,19,45,34,105,46,113,28,104,112" hai2="73,119,16,25,35,23,107,94,11,12,49,127,110" hai3="97,24,74,82,41,92,126,87,40,122,95,29,18"/><T116/><D121/><U88/><E77/><V80/><F107/><W27/><G122/><T111/><D75/><U134/><E134/><V4/><F110/><W67/><G74/><T90/><D100/><U26/><E108/><V55/><F127/><W86/><G126/><T21/><D21/><U78/><E78/><V96/><F119/><W101/><G67/><T76/><D76/><U132/><E105/><V115/><F115/><N who="1" m="44105" /><E104/><V133/><F133/><W98/><G29/><T109/><D90/><U120/><E120/><V3/><F73/><W66/><G66/><T79/><D79/><U48/><E48/><V10/><F80/><W71/><G82/><T99/><D65/><U118/><E118/><V17/><F35/><W60/><G60/><T44/><D51/><U103/><E103/><V32/><F32/><W83/><G83/><T36/><D44/><U81/><E132/><V50/><F55/><W123/><G123/><T7/><D42/><U62/><E62/><V31/><F31/><W114/><G114/><T13/><D13/><AGARI ba="1,0" hai="9,13,19,26,28,34,45,46,81,84,88" m="44105" machi="13" ten="30,3900,0" yaku="11,1,52,1,54,1" doraHai="15" who="1" fromWho="0" sc="337,-42,250,42,163,0,250,0" /><INIT seed="1,0,0,1,3,103" ten="295,292,163,250" oya="1" hai0="38,10,114,56,19,116,49,84,121,68,72,74,88" hai1="99,42,7,34,134,80,112,59,123,28,50,111,23" hai2="95,14,16,85,22,60,47,11,58,8,102,128,53" hai3="106,92,97,66,124,109,96,0,81,33,62,17,94"/><U75/><E112/><V89/><F128/><W73/><G0/><T91/><D114/><U70/><E70/><V115/><F115/><W122/><G122/><T129/><D116/><U82/><E34/><V78/><F78/><W90/><G33/><T98/><D68/><U110/><E123/><V104/><REACH who="2" step="1"/><F47/><REACH who="2" ten="295,292,153,250" step="2"/><W25/><G124/><T119/><D129/><U63/><E111/><V76/><F76/><W41/><G109/><T3/><D121/><U69/><E110/><V26/><F26/><W4/><G25/><T131/><D131/><U57/><E75/><V36/><F36/><W43/><G43/><T48/><D38/><U13/><E42/><V113/><F113/><W5/><G41/><T107/><D74/><U2/><E134/><V79/><F79/><W29/><G73/><T51/><D72/><U105/><E80/><V133/><F133/><W27/><G81/><T83/><D83/><U120/><E82/><V117/><F117/><W9/><G27/><T44/><D44/><U101/><E120/><V6/><F6/><W77/><G5/><T100/><D119/><U125/><E7/><V118/><F118/><W40/><G4/><T46/><D46/><U132/><E132/><V93/><F93/><W108/><G94/><T61/><D107/><U12/><E125/><V64/><F64/><W130/><G106/><T126/><D126/><U86/><E105/><V20/><F20/><W135/><G92/><T15/><D10/><U35/><E23/><V37/><F37/><W30/><G135/><T87/><D3/><U1/><E1/><V127/><F127/><RYUUKYOKU ba="0,1" sc="295,-10,292,-10,153,30,250,-10" hai2="8,11,14,16,22,53,58,60,85,89,95,102,104" /><INIT seed="2,1,1,1,5,14" ten="285,282,183,240" oya="2" hai0="16,99,30,23,130,79,5,77,68,121,57,47,86" hai1="48,12,29,75,10,4,28,97,118,129,106,113,91" hai2="45,108,51,134,119,87,31,0,82,53,2,131,126" hai3="1,84,74,58,22,17,94,104,122,102,78,111,46"/><V115/><F119/><W133/><G111/><T21/><D121/><U76/><E113/><V127/><F115/><W120/><G1/><T105/><D68/><U128/><E118/><V123/><F123/><W40/><G133/><T59/><D130/><N who="1" m="50283" /><E91/><V103/><F103/><W93/><G104/><T100/><D5/><U73/><E48/><V98/><F98/><W107/><G107/><T60/><D47/><U36/><E36/><V32/><F131/><W70/><G70/><T116/><D116/><U95/><E106/><V101/><F101/><W85/><G74/><N who="1" m="28170" /><E76/><V88/><F134/><W54/><G78/><T83/><D79/><U92/><E97/><V112/><F112/><W71/><G71/><T11/><D30/><AGARI ba="1,1" hai="4,10,12,28,29,30,92,95" m="28170,50283" machi="30" ten="30,1000,0" yaku="19,1" doraHai="14" who="1" fromWho="0" sc="285,-13,282,23,183,0,240,0" /><INIT seed="3,0,0,0,4,87" ten="272,305,183,240" oya="3" hai0="94,43,42,115,130,49,95,8,66,97,26,17,57" hai1="69,1,44,51,23,50,126,22,58,65,2,112,111" hai2="121,90,56,45,59,18,10,135,131,4,46,109,31" hai3="113,117,123,6,3,104,29,89,14,114,93,98,47"/><W78/><G123/><T88/><D130/><U79/><E69/><V80/><F131/><W32/><G117/><T82/><D115/><U116/><E112/><V75/><F121/><W129/><G129/><T11/><D82/><U107/><E107/><V83/><F109/><W41/><G104/><T62/><D95/><U103/><E103/><V101/><F135/><W38/><G14/><N who="0" m="7367" /><D11/><U52/><E79/><V24/><F101/><W118/><G118/><T71/><D71/><U127/><E116/><V27/><F75/><W74/><G29/><T120/><D120/><U37/><E37/><V81/><F18/><W15/><G15/><T63/><D63/><N who="1" m="38135" /><E50/><V35/><F24/><W16/><G16/><T77/><D77/><U70/><E70/><V85/><F59/><W55/><G55/><T108/><D108/><U68/><E68/><V105/><F105/><W61/><G61/><T133/><D133/><U40/><E40/><N who="0" m="15401" /><D49/><U125/><E111/><V134/><F134/><W34/><G114/><T60/><D62/><U67/><E67/><V73/><F56/><W33/><G113/><T132/><D132/><U9/><E9/><V128/><F128/><W124/><G6/><T12/><D12/><U119/><E119/><V72/><F72/><W96/><G3/><AGARI ba="0,0" hai="1,2,3,22,23,44,51,52,125,126,127" m="38135" machi="3" ten="40,2600,0" yaku="18,1,54,1" doraHai="87" who="1" fromWho="3" sc="272,0,305,26,183,0,240,-26" owari="272,7.2,331,43.1,183,-31.7,214,-18.6" /></mjloggm>