<mjloggm ver="2.3"><GO type="225" lobby="0"/><UN n0="%E3%83%B4%E3%83%A0%EF%BC%99%E3%81%A6" n1="%E5%8D%A0%E3%81%84%E5%B8%AB%E8%A3%8F%E3%81%AA%E3%81%84%E3%81%97" n2="%33%74%72%65%65" n3="%E8%90%BD%E6%97%A5" dan="16,17,16,16" rate="2111.41,2141.27,2103.66,2114.89" sx="M,M,F,F"/><TAIKYOKU oya="0"/><INIT seed="0,0,0,5,4,126" ten="250,250,250,250" oya="0" hai0="53,78,4,47,54,30,96,113,125,35,103,111,90" hai1="77,98,80,24,106,37,43,72,71,94,104,117,34" hai2="99,40,6,130,107,42,27,75,89,97,49,45,60" hai3="33,51,73,85,128,61,122,38,12,76,91,22,65"/><T109/><D113/><U11/><E117/><V57/><F75/><W135/><G38/><T70/><D125/><U7/><E94/><V83/><F130/><W100/><G33/><T69/><D78/><U92/><E92/><V123/><F123/><W102/><G76/><T87/><D4/><U21/><E21/><V18/><F6/><W29/><G73/><T56/><D47/><N who="1" m="24047" /><E98/><N who="2" m="37387" /><F107/><W93/><G135/><T46/><D46/><U50/><E50/><V116/><F116/><W101/><G128/><T66/><D66/><U19/><E19/><V82/><F40/><W110/><G110/><N who="0" m="41995" /><D30/><N who="1" m="19783" /><E71/><N who="0" m="27145" /><D35/><U20/><E20/><N who="2" m="13719" /><F89/><W32/><G32/><T95/><D56/><U25/><E25/><V68/><F68/><W23/><G122/><T121/><D121/><U81/><E81/><AGARI ba="0,0" hai="53,54,81,87,90,95,96,103" m="27145,41995" machi="81" ten="30,2900,0" yaku="14,1,10,1" doraHai="126" who="0" fromWho="1" sc="250,29,250,-29,250,0,250,0" /><INIT seed="0,1,0,0,2,114" ten="279,221,250,250" oya="0" hai0="50,60,116,3,133,70,54,85,73,84,17,38,118" hai1="9,135,24,66,55,41,61,16,99,83,22,62,111" hai2="94,13,30,96,79,64,29,77,103,37,123,93,39" hai3="87,48,130,127,92,45,57,115,122,113,14,6,86"/><T71/><D73/><U102/><E111/><V120/><F64/><W8/><G127/><T110/><D3/><U35/><E135/><V32/><F13/><W100/><G130/><T4/><D4/><U26/><E41/><V20/><F20/><W2/><G122/><T98/><D98/><U119/><E83/><V134/><F96/><W105/><G105/><T27/><D133/><U95/><E9/><V23/><F23/><W25/><G100/><T101/><D101/><U128/><E128/><V36/><F103/><W68/><G68/><T124/><D38/><U112/><E112/><V33/><F39/><W129/><G129/><T75/><D75/><U90/><E119/><V131/><F131/><W104/><G104/><T121/><D121/><U67/><E102/><V31/><F31/><W81/><G57/><T19/><D124/><U56/><E62/><V59/><REACH who="2" step="1"/><F59/><REACH who="2" ten="279,221,240,250" step="2"/><W42/><G25/><T52/><D60/><U109/><E109/><V7/><F7/><W58/><G58/><T15/><D110/><U106/><E106/><V132/><AGARI ba="1,1" hai="29,30,32,33,36,37,77,79,93,94,120,123,132,134" machi="132" ten="25,6400,0" yaku="1,1,0,1,22,2,53,0" doraHai="114" doraHaiUra="12" who="2" fromWho="2" sc="279,-33,221,-17,240,77,250,-17" /><INIT seed="1,0,0,2,4,45" ten="246,204,317,233" oya="1" hai0="97,63,80,110,107,3,114,12,56,75,85,43,118" hai1="14,76,20,89,96,11,99,8,22,18,42,35,134" hai2="101,0,131,6,33,44,119,32,90,121,84,10,125" hai3="48,73,82,91,115,117,94,51,98,127,65,60,92"/><U47/><E35/><V87/><F119/><W62/><G115/><T2/><D118/><U61/><E134/><V103/><F121/><W77/><G117/><T95/><D114/><U5/><E76/><V86/><F131/><W30/><G127/><T27/><D75/><U88/><E61/><V123/><F123/><W9/><G30/><T31/><D107/><U109/><E109/><V71/><F125/><W29/><G29/><T58/><D12/><U52/><E42/><V81/><F71/><W25/><G25/><T133/><D43/><U16/><E5/><V46/><F32/><W111/><G111/><T50/><D133/><U17/><E17/><V67/><F67/><W100/><G9/><N who="1" m="3658" /><E99/><V113/><F33/><W70/><REACH who="3" step="1"/><G62/><REACH who="3" ten="246,204,317,223" step="2"/><T66/><D63/><U39/><E39/><V1/><F113/><W104/><G104/><T38/><D38/><U120/><E120/><V105/><F105/><W106/><G106/><T21/><D110/><U23/><E96/><AGARI ba="0,1" hai="48,51,60,65,70,73,77,82,91,92,94,96,98,100" machi="96" ten="30,7700,0" yaku="1,1,7,1,52,2,53,0" doraHai="45" doraHaiUra="68" who="3" fromWho="1" sc="246,0,204,-77,317,0,223,87" /><INIT seed="2,0,0,4,2,17" ten="246,127,317,310" oya="2" hai0="11,4,125,78,56,104,35,3,28,1,34,81,13" hai1="84,45,20,71,0,114,2,112,123,73,111,101,77" hai2="22,95,16,109,15,39,75,129,85,127,94,103,74" hai3="121,12,133,107,37,91,50,52,49,59,53,21,68"/><V88/><F129/><W61/><G121/><T48/><D104/><U110/><E73/><V86/><F127/><W82/><G133/><T126/><D56/><U58/><E71/><V9/><F109/><N who="1" m="41481" /><E101/><V90/><F39/><W24/><G37/><T64/><D64/><U23/><E58/><V38/><F38/><W135/><G135/><T83/><D48/><U47/><E84/><V69/><F69/><W80/><G107/><T51/><D51/><U89/><E89/><V131/><F131/><W132/><G132/><T108/><D81/><U97/><E97/><V116/><F116/><W118/><G118/><T60/><D60/><U30/><E30/><V42/><F42/><W87/><G68/><T26/><D108/><U44/><E77/><V10/><F103/><W115/><G115/><N who="1" m="44074" /><E123/><V93/><F93/><N who="3" m="54527" /><G12/><T7/><D78/><U76/><E76/><V130/><F130/><W54/><G50/><T96/><D96/><U55/><E55/><N who="3" m="21066" /><G49/><T6/><D83/><U128/><E128/><V66/><F66/><W117/><G117/><T31/><D125/><U124/><E124/><V70/><F70/><W33/><G33/><T46/><D126/><U18/><E18/><AGARI ba="0,0" hai="18,21,24,54,59,61,80,82" m="21066,54527" machi="18" ten="30,3900,0" yaku="8,1,52,1,54,1" doraHai="17" who="3" fromWho="1" sc="246,0,127,-39,317,0,310,39" /><INIT seed="3,0,0,4,4,70" ten="246,88,317,349" oya="3" hai0="15,131,83,23,93,68,78,115,116,59,17,129,104" hai1="130,114,100,54,84,66,86,119,74,126,11,97,40" hai2="18,67,117,36,65,98,133,33,63,108,47,12,92" hai3="24,113,88,106,29,109,42,73,19,44,87,10,107"/><W46/><BYE who="1" /><G73/><T103/><D104/><U61/><E61/><V110/><F117/><W34/><G113/><T3/><D68/><U28/><E28/><V111/><F33/><W50/><G109/><T85/><D116/><U102/><E102/><V71/><F65/><W9/><G46/><T76/><D3/><U81/><E81/><V25/><F25/><W120/><G120/><T21/><D115/><U62/><E62/><V6/><F6/><W51/><G51/><T20/><D78/><U58/><E58/><V125/><F125/><W43/><G43/><T101/><D131/><U72/><E72/><V69/><F69/><W80/><G10/><T79/><D79/><U94/><E94/><V14/><F133/><W75/><G75/><T91/><D129/><U41/><E41/><N who="2" m="22951" /><F18/><W7/><G19/><T4/><D4/><U2/><E2/><AGARI ba="0,0" hai="2,7,9,24,29,34,42,44,50,80,87,88,106,107" machi="2" ten="30,2900,0" yaku="7,1,54,1" doraHai="70" who="3" fromWho="1" sc="246,0,88,-29,317,0,349,29" owari="246,-15.4,59,-44.1,317,11.7,378,47.8" /></mjloggm>