<mjloggm ver="2.3"><GO type="225" lobby="0"/><UN n0="%6D%61%74%69%67%75%73%61" n1="%E3%81%B5%E3%81%98%E3%81%8B%E3%81%A4" n2="%E4%BF%BA%E3%81%A8%E5%A6%96%E5%A4%A2" n3="%E3%81%99%E3%81%84%E3%81%BE%E3%81%9B%E3%83%BC%E3%82%93" dan="17,16,17,18" rate="2161.17,2193.81,2167.90,2209.16" sx="M,M,F,M"/><TAIKYOKU oya="0"/><INIT seed="0,0,0,1,4,118" ten="250,250,250,250" oya="0" hai0="73,135,116,65,11,85,67,82,103,80,106,45,28" hai1="115,129,13,105,18,64,24,90,50,31,134,77,8" hai2="22,59,113,55,71,86,104,108,84,92,79,33,124" hai3="117,96,41,20,75,72,9,40,17,43,81,15,76"/><T133/><D28/><U112/><E134/><N who="0" m="51209" /><D116/><U6/><E129/><V93/><F113/><N who="1" m="43593" /><E105/><V119/><F119/><W111/><G117/><T120/><D11/><N who="1" m="6463" /><E77/><V0/><F33/><W61/><G111/><T60/><D45/><U27/><E64/><V3/><F71/><W1/><G61/><T36/><D36/><U48/><E90/><V122/><F104/><W114/><G114/><T16/><D103/><U25/><E31/><V58/><F108/><W70/><G70/><T87/><D106/><U4/><E4/><V66/><F66/><W110/><G110/><T125/><D73/><U130/><E130/><V97/><F79/><W63/><G63/><T56/><D67/><U53/><E53/><V100/><F55/><W69/><G69/><T52/><D65/><U78/><E78/><V12/><F3/><AGARI ba="0,0" hai="3,6,8,24,25,27,48,50" m="6463,43593" machi="3" ten="30,1000,0" yaku="11,1" doraHai="118" who="1" fromWho="2" sc="250,0,250,10,250,-10,250,0" /><INIT seed="1,0,0,4,1,34" ten="250,260,240,250" oya="1" hai0="113,11,107,78,135,1,105,101,76,103,3,102,87" hai1="62,17,58,31,88,66,116,50,68,131,25,110,0" hai2="61,85,118,119,104,65,26,2,130,129,41,35,123" hai3="72,91,117,14,80,106,124,12,28,47,48,71,98"/><U100/><E116/><V57/><F104/><N who="0" m="40010" /><D11/><U10/><E100/><V29/><F123/><W114/><G114/><T128/><D87/><U37/><E37/><V23/><F41/><W64/><G117/><T22/><D22/><U36/><E36/><V125/><F125/><W49/><G124/><T32/><D32/><U21/><E131/><N who="2" m="50187" /><F2/><N who="0" m="522" /><D128/><U69/><E17/><V19/><F85/><W7/><G7/><T9/><D9/><U108/><E50/><V111/><F111/><N who="1" m="42537" /><E88/><V59/><F59/><W15/><G91/><T77/><D135/><U90/><E90/><V89/><F89/><W56/><G49/><T94/><D94/><U46/><E46/><V33/><F33/><W5/><G47/><T83/><D83/><U93/><E93/><V81/><F81/><W24/><G80/><T99/><D99/><U75/><E75/><V55/><F65/><W67/><G67/><T92/><D92/><U115/><E115/><AGARI ba="0,0" hai="76,77,78,101,102,103,113,115" m="522,40010" machi="115" ten="40,8000,1" yaku="28,2,52,3" doraHai="34" who="0" fromWho="1" sc="250,80,260,-80,240,0,250,0" /><INIT seed="2,0,0,4,4,18" ten="330,180,240,250" oya="2" hai0="73,97,42,12,72,117,46,36,83,131,70,7,64" hai1="129,81,41,20,88,49,27,122,55,110,17,53,35" hai2="102,116,2,50,57,80,76,40,26,93,86,109,61" hai3="92,4,98,30,32,106,135,113,24,99,104,85,123"/><V60/><F116/><W90/><G123/><T22/><D131/><U78/><E122/><V34/><F2/><W48/><G135/><T29/><D70/><U121/><E129/><V54/><F109/><W6/><G113/><T114/><D64/><U84/><E121/><V45/><F34/><W105/><REACH who="3" step="1"/><G48/><REACH who="3" ten="330,180,240,240" step="2"/><T132/><D114/><U31/><E110/><V28/><F102/><W71/><G71/><T96/><D132/><U95/><E41/><V43/><F93/><W14/><G14/><T68/><D12/><U77/><E49/><V115/><F115/><W47/><G47/><T101/><D46/><U9/><E9/><V56/><F26/><W44/><G44/><T127/><D42/><U67/><E67/><V100/><F43/><W91/><G91/><T15/><D15/><U107/><E107/><V33/><F100/><W89/><G89/><T79/><D101/><U128/><E128/><V58/><F40/><W52/><G52/><N who="1" m="20042" /><E95/><V1/><F1/><W125/><G125/><T10/><D68/><U19/><E35/><V134/><F134/><W3/><G3/><T87/><D127/><U69/><E69/><V25/><AGARI ba="0,1" hai="25,28,33,45,50,54,56,57,58,60,61,76,80,86" machi="25" ten="30,1500,0" yaku="0,1" doraHai="18" who="2" fromWho="2" sc="330,-5,180,-5,240,25,240,-5" /><INIT seed="2,1,0,0,5,77" ten="325,175,265,235" oya="2" hai0="99,135,113,48,31,68,102,114,132,120,19,67,45" hai1="126,51,37,97,121,61,100,0,104,42,93,50,88" hai2="124,18,55,96,105,10,2,122,36,64,107,14,46" hai3="28,85,81,111,25,58,94,26,108,38,70,127,86"/><V79/><F122/><W43/><G70/><T33/><D120/><U78/><E121/><V20/><F124/><W1/><G1/><T41/><D19/><U76/><E126/><V117/><F117/><W12/><G127/><T24/><D67/><U40/><E0/><V118/><F118/><W103/><G58/><T11/><D11/><U74/><E61/><V72/><F64/><W27/><G43/><T52/><D68/><U119/><E119/><V23/><F96/><N who="3" m="59799" /><G38/><T39/><D135/><U22/><E22/><V89/><F89/><N who="3" m="51375" /><G12/><T128/><D128/><U134/><E134/><V63/><F63/><W4/><G86/><T3/><D3/><U91/><E37/><V17/><F2/><W54/><G54/><T29/><D29/><U75/><E75/><V133/><F133/><W57/><G57/><T30/><D30/><U84/><E91/><V59/><F59/><W106/><G106/><T129/><D132/><U71/><E71/><V16/><F105/><W56/><G56/><T66/><D66/><U69/><E69/><V101/><F107/><W115/><G4/><T65/><D65/><U34/><E34/><V92/><F72/><W130/><G130/><T87/><D87/><U112/><E112/><V60/><F60/><W73/><G73/><T7/><D7/><U15/><E15/><V47/><F36/><W35/><G115/><T95/><D129/><U83/><E78/><V80/><F79/><W8/><G8/><T98/><D98/><U53/><E53/><V49/><F47/><AGARI ba="1,0" hai="24,31,33,39,41,45,47,48,52,95,99,102,113,114" machi="47" ten="30,2000,0" yaku="7,1,54,1" doraHai="77" who="0" fromWho="2" sc="325,23,175,0,265,-23,235,0" /><INIT seed="3,0,0,2,1,120" ten="348,175,242,235" oya="3" hai0="105,93,128,16,102,67,113,119,79,87,55,60,100" hai1="43,72,85,69,5,64,22,50,84,77,92,51,124" hai2="3,71,34,118,73,46,28,32,134,108,30,2,1" hai3="126,10,25,74,96,21,121,115,7,80,62,103,82"/><W24/><G121/><T53/><D119/><U29/><E124/><V129/><F118/><W52/><G115/><T83/><D105/><U4/><E69/><V86/><F73/><W65/><G126/><T57/><D128/><U132/><E72/><V15/><F71/><W48/><G74/><T36/><D36/><U130/><E132/><V88/><F129/><W94/><G24/><T0/><D0/><U90/><E130/><V106/><F106/><W18/><G62/><T56/><D113/><U26/><E64/><V116/><F116/><W125/><G65/><T20/><D93/><U107/><E107/><V40/><F15/><N who="3" m="5599" /><G125/><T91/><D79/><U54/><E43/><V76/><F76/><W127/><G127/><T13/><D67/><U112/><E112/><V99/><F99/><W11/><G11/><T14/><D13/><U17/><E29/><V38/><F134/><W66/><G66/><T23/><D20/><U98/><E51/><AGARI ba="0,0" hai="14,16,23,51,53,55,56,57,60,83,87,91,100,102" machi="51" ten="30,3900,0" yaku="7,1,8,1,54,1" doraHai="120" who="0" fromWho="1" sc="348,39,175,-39,242,0,235,0" owari="387,48.7,136,-36.4,242,4.2,235,-16.5" /></mjloggm>