<mjloggm ver="2.3"><GO type="225" lobby="0"/><UN n0="%6B%65%6E%6E%64%69" n1="%E3%81%8B%E3%82%8F%E3%81%A1%E3%82%83%E3%82%93%35%38" n2="%4B%2E%32%2E%4B%2E" n3="%E3%81%86%E3%83%BC%E3%81%B1%E3%83%BC" dan="16,16,17,17" rate="2190.29,2136.92,2173.14,2167.07" sx="M,M,M,M"/><TAIKYOKU oya="0"/><INIT seed="0,0,0,4,1,58" ten="250,250,250,250" oya="0" hai0="106,56,95,5,124,81,36,42,115,111,30,34,116" hai1="99,16,14,59,76,61,47,119,40,113,71,125,55" hai2="11,73,85,31,18,133,62,54,100,0,51,134,109" hai3="94,121,1,4,89,60,105,33,117,91,23,17,39"/><T43/><D115/><U10/><E119/><V41/><F73/><W118/><G39/><T26/><D116/><U44/><E113/><V8/><F109/><W96/><G121/><T112/><D106/><U52/><E71/><V102/><F31/><W3/><G105/><T127/><D112/><U72/><E125/><N who="0" m="48201" /><D111/><U38/><E99/><V53/><F85/><W49/><G49/><T77/><D36/><U2/><E2/><V35/><F35/><W27/><G33/><T130/><D130/><U110/><E110/><V25/><F25/><W13/><G1/><T120/><D120/><U28/><E28/><V114/><F18/><W80/><G3/><T64/><D5/><U92/><E92/><V29/><F29/><W82/><G4/><T86/><D95/><U135/><E135/><V50/><F0/><W22/><G117/><T78/><D77/><U74/><REACH who="1" step="1"/><E76/><REACH who="1" ten="250,240,250,250" step="2"/><V20/><F114/><W19/><G118/><T108/><D108/><U15/><E15/><V6/><F133/><W45/><G91/><T103/><D103/><U132/><E132/><V48/><F134/><W122/><G122/><T66/><D66/><U90/><E90/><V83/><F100/><W63/><G89/><T88/><D78/><U98/><E98/><V123/><F102/><W97/><G96/><T129/><D129/><U128/><E128/><V69/><F123/><W79/><G97/><T104/><D104/><U46/><E46/><V107/><F107/><W32/><G94/><T67/><D64/><U9/><E9/><V126/><F126/><W68/><G79/><T21/><D34/><RYUUKYOKU ba="0,1" sc="250,15,240,15,250,-15,250,-15" hai0="21,26,30,42,43,56,67,81,86,88" hai1="10,14,16,38,40,44,47,52,55,59,61,72,74" /><INIT seed="0,1,1,4,5,24" ten="265,255,235,235" oya="0" hai0="89,87,39,74,49,16,65,66,79,6,106,70,99" hai1="98,53,97,20,80,69,38,12,28,19,33,46,45" hai2="41,78,91,37,118,50,8,18,108,73,26,119,113" hai3="105,93,95,35,68,107,123,31,90,58,36,57,102"/><T127/><D39/><U67/><E69/><V117/><F108/><W4/><G68/><T124/><D6/><U43/><E67/><V114/><F37/><W30/><G36/><T77/><D74/><U135/><E135/><V128/><F128/><W1/><G35/><T27/><D49/><U129/><E129/><V55/><F41/><W131/><G131/><T86/><D99/><U40/><E53/><V22/><F91/><W82/><G123/><T62/><D106/><U51/><REACH who="1" step="1"/><E80/><REACH who="1" ten="265,245,235,235" step="2"/><N who="2" m="45135" /><F8/><W21/><G82/><T71/><D66/><U15/><E15/><V11/><F11/><W64/><G64/><T110/><D71/><U47/><E47/><AGARI ba="1,2" hai="18,22,26,47,50,55,113,114,117,118,119" m="45135" machi="47" ten="30,1000,0" yaku="12,1" doraHai="24" who="2" fromWho="1" sc="265,0,245,-13,235,33,235,0" /><INIT seed="1,0,0,0,1,116" ten="265,232,268,235" oya="1" hai0="107,63,67,16,75,66,129,55,124,133,70,12,56" hai1="88,125,36,89,73,53,22,132,52,121,103,80,93" hai2="21,47,120,76,57,62,128,85,44,122,5,32,134" hai3="27,119,37,71,18,54,30,82,7,41,98,74,84"/><U46/><E121/><V33/><F128/><W31/><G74/><T39/><D107/><U81/><E73/><V135/><F5/><W131/><G71/><T51/><D129/><U8/><E36/><V13/><F13/><W48/><G119/><T2/><D2/><U86/><E125/><V23/><F85/><W14/><G41/><T65/><D124/><U114/><E114/><V49/><F76/><N who="3" m="46151" /><G37/><T100/><D100/><U20/><E132/><N who="2" m="50731" /><F21/><N who="1" m="8297" /><E89/><V45/><F23/><N who="3" m="13815" /><G98/><T101/><D133/><U113/><E113/><V72/><F49/><W112/><G112/><T127/><D127/><U60/><E103/><V90/><F90/><W6/><G131/><T118/><D118/><U110/><E110/><V106/><F72/><W104/><G104/><T61/><D101/><U1/><E1/><V9/><F9/><N who="3" m="4407" /><G7/><T83/><D39/><U28/><E8/><V99/><F99/><W43/><G43/><T29/><D75/><U26/><E81/><V10/><F10/><W4/><G4/><T38/><D83/><U69/><E80/><V77/><F77/><W94/><G94/><T105/><D38/><U79/><E79/><V19/><F19/><W50/><G50/><T35/><D105/><U15/><E15/><V126/><F126/><W130/><G130/><T58/><D12/><U87/><E87/><V115/><F115/><W3/><G3/><T78/><D16/><U108/><E108/><V91/><F91/><W24/><G24/><N who="0" m="18855" /><D78/><U92/><E92/><V111/><F106/><W123/><G123/><N who="2" m="47145" /><F111/><W64/><G64/><AGARI ba="0,0" hai="32,33,44,45,47,57,62,64" m="47145,50731" machi="64" ten="40,8000,1" yaku="20,1,52,3" doraHai="116" who="2" fromWho="3" sc="265,0,232,0,268,80,235,-80" /><INIT seed="2,0,0,0,1,80" ten="265,232,348,155" oya="2" hai0="88,34,65,27,83,2,53,134,0,81,22,19,14" hai1="66,97,35,107,93,21,25,3,8,116,58,127,94" hai2="69,118,78,125,42,24,41,92,120,113,46,20,67" hai3="122,62,82,105,29,130,43,57,75,6,12,119,112"/><V59/><F69/><W30/><G119/><T124/><D134/><U51/><E116/><V98/><F113/><W84/><G122/><T5/><D124/><U110/><E35/><V71/><F71/><W99/><G75/><T133/><D133/><U77/><E127/><V56/><F120/><W7/><G130/><T33/><D65/><U45/><E110/><V37/><F42/><W114/><G43/><T95/><D33/><U54/><E77/><V15/><F67/><W18/><G105/><T61/><D0/><U117/><E117/><V121/><F121/><W73/><G99/><T129/><D129/><U50/><E107/><V44/><F44/><W126/><G73/><T40/><D40/><U32/><E32/><V89/><F125/><W23/><G126/><T106/><D106/><U52/><E66/><V96/><F118/><W128/><G128/><T86/><D2/><U108/><E108/><V131/><F131/><W111/><G111/><T115/><D115/><N who="3" m="44073" /><G30/><T135/><D135/><U11/><E3/><V49/><F96/><W64/><G29/><T17/><D5/><U104/><E104/><V68/><F68/><W63/><G63/><T13/><D34/><U79/><E79/><AGARI ba="0,0" hai="6,7,12,18,23,57,62,64,79,82,84" m="44073" machi="79" ten="30,2000,0" yaku="11,1,52,1" doraHai="80" who="3" fromWho="1" sc="265,0,232,-20,348,0,155,20" /><INIT seed="3,0,0,5,0,92" ten="265,212,348,175" oya="3" hai0="20,16,45,62,2,95,50,34,72,15,128,9,104" hai1="98,25,12,57,107,60,93,116,28,33,122,89,108" hai2="56,24,19,18,94,47,130,52,48,105,42,63,1" hai3="78,26,120,23,119,91,129,106,84,68,27,101,114"/><W83/><G119/><T13/><D104/><U88/><E116/><V100/><F105/><W97/><G114/><T133/><D34/><U81/><E108/><V4/><F130/><W76/><G120/><T43/><D133/><U30/><E122/><V90/><F100/><W35/><G68/><T112/><D72/><U73/><E107/><V134/><F134/><W82/><G129/><T7/><D128/><U77/><E30/><V135/><F135/><W46/><G35/><T126/><D126/><U79/><E12/><V29/><F4/><W37/><G27/><T6/><D112/><U127/><E127/><V103/><F103/><W51/><G37/><T53/><D95/><U124/><E124/><V70/><F70/><W69/><G82/><T64/><D43/><U99/><E79/><V125/><F1/><W22/><G69/><T109/><D109/><U113/><E113/><V54/><F42/><W117/><G117/><T75/><D75/><U65/><E89/><V118/><F118/><W115/><G115/><T10/><D62/><U36/><E36/><V80/><F80/><W44/><G44/><T121/><D64/><U66/><E66/><V132/><F132/><W111/><G111/><T96/><D121/><U123/><E123/><V74/><F74/><W59/><G59/><T40/><D40/><U85/><AGARI ba="0,0" hai="25,28,33,57,60,65,73,77,81,85,88,93,98,99" machi="85" ten="20,8000,1" yaku="0,1,7,1,52,2,54,1" doraHai="92" who="1" fromWho="1" sc="265,-20,212,80,348,-20,175,-40" owari="245,-15.5,292,9.2,328,42.8,135,-36.5" /></mjloggm>