<mjloggm ver="2.3"><GO type="225" lobby="0"/><UN n0="%72%69%6F%75%63%68%61%6E" n1="%6D%61%74%69%67%75%73%61" n2="%E6%A1%9C%E8%8A%B1%E9%96%83%E3%80%85" n3="%E7%89%B9%E6%9D%B1%E3%81%AF%E4%B8%96%E7%95%8C%E3%82%92%E6%95%91%E3%81%86" dan="17,17,16,16" rate="2192.37,2150.77,2113.62,2129.24" sx="M,M,M,M"/><TAIKYOKU oya="0"/><INIT seed="0,0,0,0,3,82" ten="250,250,250,250" oya="0" hai0="16,4,31,35,27,114,28,131,20,39,69,62,60" hai1="108,78,26,46,56,23,55,110,0,101,90,61,30" hai2="58,103,88,22,73,132,124,12,19,44,122,40,41" hai3="109,100,99,117,74,71,18,15,21,106,105,9,113"/><T53/><D114/><U91/><E0/><V94/><F122/><W72/><G113/><T102/><D39/><U133/><E133/><V128/><F132/><W112/><G112/><T68/><D131/><U5/><E5/><V76/><F128/><W47/><G117/><T52/><D102/><U38/><E78/><V97/><F124/><W36/><G71/><T6/><D35/><U48/><E38/><V116/><F116/><W134/><G134/><T130/><D130/><U87/><E91/><V49/><F73/><W129/><G129/><T37/><D37/><U104/><E101/><V51/><F76/><W7/><G106/><T111/><D111/><U121/><E104/><V50/><F41/><W75/><G109/><T92/><D92/><U34/><E34/><V42/><F42/><W17/><REACH who="3" step="1"/><G21/><REACH who="3" ten="250,250,250,240" step="2"/><T123/><D123/><U118/><E121/><V126/><F126/><W57/><G57/><N who="0" m="34855" /><D69/><U43/><REACH who="1" step="1"/><E118/><REACH who="1" ten="250,240,250,240" step="2"/><V89/><REACH who="2" step="1"/><F58/><REACH who="2" ten="250,240,240,240" step="2"/><W77/><G77/><T120/><D68/><U119/><E119/><V3/><F3/><W63/><G63/><T11/><D120/><U24/><E24/><V10/><F10/><W70/><G70/><T67/><D11/><U95/><AGARI ba="0,3" hai="23,26,30,43,46,48,55,56,61,87,90,95,108,110" machi="95" ten="30,4000,0" yaku="1,1,0,1,52,1,53,0" doraHai="82" doraHaiUra="1" who="1" fromWho="1" sc="250,-20,240,70,240,-10,240,-10" /><INIT seed="1,0,0,3,0,88" ten="230,310,230,230" oya="1" hai0="19,15,72,90,91,18,86,60,71,67,99,103,4" hai1="26,56,117,116,128,85,81,10,108,30,79,124,89" hai2="55,57,46,13,21,93,96,58,17,44,59,1,16" hai3="131,78,74,64,118,80,130,20,50,70,48,69,47"/><U111/><E128/><N who="3" m="49194" /><G118/><T3/><D72/><U104/><E104/><V2/><F2/><W75/><G75/><T51/><D3/><U76/><E10/><V38/><F1/><W106/><G106/><T23/><D4/><U63/><E124/><V113/><F113/><W53/><G64/><T127/><D127/><U123/><E123/><V5/><F38/><W95/><G20/><T94/><D51/><U37/><E37/><V22/><F5/><W11/><G11/><T6/><D6/><U66/><E117/><V100/><F55/><N who="3" m="30111" /><G95/><T68/><D68/><U120/><E120/><V77/><F77/><W0/><G0/><T43/><D43/><U105/><E105/><V102/><F102/><W62/><G62/><T36/><D36/><U33/><E116/><V65/><F65/><W45/><AGARI ba="0,0" hai="45,50,53,69,70,74,78,80" m="30111,49194" machi="45" ten="30,1100,0" yaku="19,1" doraHai="88" who="3" fromWho="3" sc="230,-3,310,-5,230,-3,230,11" /><INIT seed="2,0,0,1,2,88" ten="227,305,227,241" oya="2" hai0="48,116,112,38,123,56,90,22,130,41,64,72,127" hai1="74,10,105,99,133,12,21,129,3,0,7,4,75" hai2="115,100,23,106,18,70,108,26,92,93,51,71,39" hai3="80,94,131,14,110,37,122,83,97,87,19,68,59"/><V118/><F115/><W24/><G122/><T107/><D123/><U66/><E66/><V2/><F118/><W30/><G68/><T85/><D112/><U63/><E63/><V43/><F39/><W120/><G120/><T6/><D72/><U33/><E33/><V89/><F2/><W121/><G121/><T102/><D116/><U62/><E62/><V31/><F108/><W1/><G1/><T84/><D38/><U8/><E129/><V45/><F106/><W132/><G37/><T135/><D130/><U40/><E40/><V77/><F77/><W50/><G131/><T98/><D127/><U55/><E55/><V47/><F47/><W35/><G132/><T15/><D135/><U86/><E86/><N who="2" m="52279" /><F70/><W11/><G110/><T32/><D32/><U60/><E133/><V134/><F71/><W57/><G50/><T109/><D109/><U53/><E105/><V114/><F114/><W91/><REACH who="3" step="1"/><G83/><REACH who="3" ten="227,305,227,231" step="2"/><T126/><D48/><U65/><E0/><V128/><F128/><W34/><G34/><T111/><D111/><U104/><E3/><V95/><F134/><W16/><G16/><N who="0" m="10527" /><D6/><U76/><E7/><V79/><F100/><AGARI ba="0,1" hai="11,14,19,24,30,35,57,59,80,87,91,94,97,100" machi="100" ten="30,7700,0" yaku="1,1,7,1,52,1,53,1" doraHai="88" doraHaiUra="5" who="3" fromWho="2" sc="227,0,305,0,227,-77,231,87" /><INIT seed="3,0,0,4,0,65" ten="227,305,150,318" oya="3" hai0="47,61,71,86,33,30,41,16,53,67,116,54,50" hai1="17,74,46,134,121,12,66,13,10,126,60,14,95" hai2="79,59,104,58,38,82,27,84,111,110,96,85,3" hai3="26,92,75,52,127,101,64,51,11,1,106,112,135"/><W97/><G75/><T5/><D116/><U35/><E121/><V4/><F38/><W94/><G112/><T28/><D5/><U76/><E35/><V128/><F3/><W118/><G118/><T87/><D28/><U73/><E134/><V21/><F4/><W119/><G119/><T114/><D114/><U68/><E126/><V40/><F40/><W49/><G135/><T130/><D130/><U6/><E76/><V43/><F43/><W103/><G64/><T69/><D69/><U122/><E122/><V107/><F128/><W36/><G36/><T20/><D30/><U18/><E46/><V34/><F34/><W45/><G103/><T37/><D33/><U125/><E125/><V120/><F120/><W2/><G26/><T98/><D98/><U89/><E17/><V70/><F96/><W90/><G106/><T80/><D80/><U56/><E56/><V108/><F84/><W78/><G78/><T9/><D9/><U57/><E57/><V42/><F42/><N who="3" m="24759" /><G11/><T62/><D62/><U131/><E131/><V32/><F32/><W7/><G7/><T24/><D54/><U48/><E74/><V113/><F113/><W72/><G72/><T105/><D105/><U25/><E73/><V15/><F15/><W117/><G117/><T129/><D129/><U0/><E13/><V102/><F104/><W81/><G81/><T8/><D8/><U22/><E48/><V88/><F79/><W93/><G127/><T124/><D124/><U39/><E39/><V99/><F70/><W133/><G133/><T109/><D109/><N who="2" m="27906" /><V83/><DORA hai="19" /><F83/><RYUUKYOKU ba="0,0" sc="227,10,305,10,150,10,318,-30" hai0="16,20,24,37,41,47,50,53,61,67,71,86,87" hai1="0,6,10,12,14,18,22,25,60,66,68,89,95" hai2="21,27,58,59,82,85,88,99,102,107" owari="237,-16.3,315,41.5,160,-34.0,288,8.8" /></mjloggm>