<mjloggm ver="2.3"><GO type="225" lobby="0"/><UN n0="%E3%81%8B%E3%82%8F%E3%81%A1%E3%82%83%E3%82%93%35%38" n1="%72%69%6F%75%63%68%61%6E" n2="%E5%8F%AF%E5%85%90%E9%82%A3%E7%94%B1%E5%A4%9A" n3="%E3%81%AF%E3%82%88%E3%81%8A%E3%81%98%E3%81%95%E3%82%93" dan="16,16,17,17" rate="2201.36,2111.83,2154.32,2216.78" sx="M,M,F,M"/><TAIKYOKU oya="0"/><INIT seed="0,0,0,5,1,27" ten="250,250,250,250" oya="0" hai0="120,51,102,72,93,94,81,32,58,16,37,33,75" hai1="105,30,128,53,28,17,9,127,18,104,3,82,133" hai2="41,56,121,40,42,92,20,14,126,23,48,64,124" hai3="122,34,91,1,96,26,35,47,10,21,74,54,57"/><T95/><D37/><U130/><E127/><N who="2" m="48683" /><F121/><W66/><G74/><T100/><D120/><U52/><E133/><V85/><F14/><W59/><G122/><T117/><D117/><U68/><E68/><V108/><F108/><W6/><G47/><T13/><D33/><U39/><E39/><V125/><N who="2" m="48691" /><V49/><DORA hai="114" /><F64/><W116/><G116/><T36/><D32/><U44/><E82/><V7/><F7/><W65/><G34/><T99/><D36/><U78/><E78/><V24/><F56/><W76/><G76/><T70/><D70/><U132/><E132/><V2/><F2/><W103/><G59/><T110/><D110/><U89/><E89/><N who="2" m="53295" /><F23/><W87/><G35/><T131/><D81/><U86/><E86/><V5/><F5/><W31/><G91/><T50/><D75/><U79/><E79/><V4/><F4/><W111/><G87/><T67/><D72/><U46/><E9/><V45/><F45/><W135/><G135/><T25/><D25/><U8/><E8/><V107/><F107/><W73/><G73/><T60/><D95/><U22/><E22/><V63/><F63/><W129/><G129/><T115/><D131/><U118/><REACH who="1" step="1"/><E3/><REACH who="1" ten="250,240,250,250" step="2"/><V71/><F71/><W38/><G38/><T55/><D100/><U80/><E80/><V97/><F97/><W61/><REACH who="3" step="1"/><G111/><REACH who="3" ten="250,240,250,240" step="2"/><T43/><D102/><U113/><E113/><V77/><F77/><W106/><AGARI ba="0,2" hai="1,6,10,21,26,31,54,57,61,65,66,96,103,106" machi="106" ten="20,8000,1" yaku="1,1,2,1,0,1,7,1,52,1,53,0" doraHai="27,114" doraHaiUra="90,84" who="3" fromWho="3" sc="250,-40,240,-20,250,-20,240,100" /><INIT seed="1,0,0,5,5,101" ten="210,220,230,340" oya="1" hai0="125,60,6,76,77,0,114,113,69,48,61,112,31" hai1="63,18,74,131,91,126,109,111,82,100,3,80,39" hai2="98,21,7,87,15,24,54,128,133,19,40,123,127" hai3="28,97,75,5,120,102,118,95,110,47,56,36,55"/><U14/><E3/><V96/><F123/><W13/><G120/><T85/><D31/><U104/><E126/><V11/><F127/><W83/><G110/><N who="1" m="41994" /><E131/><V2/><F128/><W35/><G35/><T30/><D125/><U59/><E39/><V8/><F133/><W86/><G75/><T16/><D30/><U99/><E91/><V22/><F40/><W9/><G118/><T41/><D6/><U129/><E74/><V58/><F87/><W132/><G132/><T46/><D0/><U89/><E89/><V43/><F43/><W51/><G28/><T23/><D69/><U29/><E29/><V72/><F72/><W117/><G117/><T20/><D20/><N who="1" m="11351" /><E129/><V26/><F22/><W45/><G36/><T70/><D70/><U88/><E88/><AGARI ba="0,0" hai="5,9,13,45,47,51,55,56,83,86,88,95,97,102" machi="88" ten="30,3900,0" yaku="7,1,8,1,54,1" doraHai="101" who="3" fromWho="1" sc="210,0,220,-39,230,0,340,39" /><INIT seed="2,0,0,0,2,111" ten="210,181,230,379" oya="2" hai0="16,63,99,122,17,110,49,91,120,101,75,118,85" hai1="77,65,7,127,90,134,119,18,108,50,125,45,129" hai2="12,132,43,79,70,48,31,100,73,88,94,133,66" hai3="15,32,23,61,87,6,71,83,44,67,29,28,109"/><V76/><F100/><W116/><G32/><T39/><D39/><U26/><E119/><V27/><F73/><W78/><G116/><T74/><D118/><U114/><E108/><V64/><F12/><W21/><G109/><T52/><D110/><U5/><E77/><N who="2" m="29771" /><F70/><W80/><G80/><T41/><D75/><U9/><E129/><V30/><F43/><W37/><G37/><T81/><D74/><U107/><E107/><V58/><F48/><W24/><G44/><T59/><D122/><U8/><E134/><N who="2" m="51819" /><F58/><W2/><G2/><T124/><D124/><N who="1" m="47691" /><E5/><V38/><F38/><W51/><G51/><T54/><D41/><U98/><E7/><V10/><F10/><W68/><G71/><T47/><REACH who="0" step="1"/><D120/><REACH who="0" ten="200,181,230,379" step="2"/><U55/><E114/><V128/><F128/><W19/><G6/><T104/><AGARI ba="0,1" hai="16,17,47,49,52,54,59,63,81,85,91,99,101,104" machi="104" ten="20,12000,2" yaku="1,1,2,1,0,1,7,1,54,2,53,0" doraHai="111" doraHaiUra="113" who="0" fromWho="0" sc="200,130,181,-30,230,-60,379,-30" /><INIT seed="3,0,0,2,5,50" ten="330,151,170,349" oya="3" hai0="76,135,78,84,3,75,91,70,80,55,23,29,66" hai1="82,71,22,122,36,132,12,69,63,59,103,61,101" hai2="67,95,31,19,102,49,104,24,34,105,106,79,98" hai3="100,116,8,43,130,65,134,108,16,10,27,7,131"/><W94/><G116/><T44/><D3/><U119/><E122/><V133/><F133/><W72/><G72/><T93/><D135/><U85/><E132/><V92/><F79/><N who="0" m="30250" /><D70/><U9/><E119/><V129/><F129/><N who="3" m="49163" /><G134/><T32/><D32/><U118/><E118/><V38/><F38/><W89/><G108/><T109/><D75/><U97/><E36/><V64/><F95/><W73/><G73/><T21/><D66/><N who="1" m="39231" /><E69/><V39/><F39/><W47/><G100/><N who="1" m="38474" /><E71/><V14/><REACH who="2" step="1"/><F49/><REACH who="2" ten="330,151,160,349" step="2"/><N who="3" m="26879" /><G94/><T26/><D109/><U18/><E97/><V87/><F87/><W46/><G89/><T126/><D93/><U77/><E63/><V60/><F60/><W35/><G65/><T99/><D99/><U11/><AGARI ba="0,1" hai="9,11,12,18,22,77,82,85" m="38474,39231" machi="11" ten="30,1100,0" yaku="8,1" doraHai="50" who="1" fromWho="1" sc="330,-3,151,21,160,-3,349,-5" owari="327,12.7,172,-22.8,157,-34.3,344,44.4" /></mjloggm>