<mjloggm ver="2.3"><GO type="225" lobby="0"/><UN n0="%E9%B3%B3%E6%9D%B1%E3%81%AE%E3%81%86%E3%81%95%E3%81%8E%E3%81%95%E3%82%93" n1="%E6%A0%B9%E5%85%83%E3%81%8B%E3%82%89%E5%90%B9%E3%81%A3%E9%A3%9B%E3%81%B6" n2="%E5%8F%AF%E5%85%90%E9%82%A3%E7%94%B1%E5%A4%9A" n3="%E3%81%AA%E3%81%A1%30%39%32%37" dan="17,17,17,16" rate="2208.72,2193.68,2242.21,2102.52" sx="M,F,F,M"/><TAIKYOKU oya="0"/><INIT seed="0,0,0,0,4,107" ten="250,250,250,250" oya="0" hai0="42,43,2,36,103,15,97,59,37,39,20,77,0" hai1="99,21,93,69,92,56,12,17,18,70,16,64,121" hai2="45,55,26,80,120,27,89,52,48,10,116,32,112" hai3="88,90,25,62,38,6,40,126,72,61,133,102,130"/><T96/><D77/><U110/><E110/><V85/><F120/><W46/><G133/><T60/><D15/><U81/><E121/><V100/><F112/><W19/><G130/><T98/><D103/><U13/><E81/><V33/><F116/><W115/><G115/><T78/><D78/><U87/><E56/><V129/><F129/><W131/><G131/><T132/><D20/><U124/><E124/><V83/><F100/><W125/><G102/><T73/><D73/><U34/><E34/><V14/><F83/><W128/><G6/><T1/><REACH who="0" step="1"/><D132/><REACH who="0" ten="240,250,250,250" step="2"/><U109/><E21/><V41/><F33/><W71/><G72/><T75/><D75/><U117/><E12/><V108/><F108/><W84/><G128/><T4/><D4/><U49/><E13/><V65/><F32/><W53/><G126/><T50/><D50/><U23/><E49/><V79/><F79/><W54/><G125/><T68/><D68/><U29/><E70/><V127/><F127/><W5/><G5/><T135/><D135/><U44/><E69/><V7/><F65/><AGARI ba="0,1" hai="0,1,2,36,37,39,42,43,59,60,65,96,97,98" machi="65" ten="50,9600,0" yaku="1,1,29,2,53,0" doraHai="107" doraHaiUra="28" who="0" fromWho="2" sc="240,106,250,0,250,-96,250,0" /><INIT seed="0,1,0,5,0,112" ten="346,250,154,250" oya="0" hai0="35,8,80,93,58,125,120,54,113,23,119,114,68" hai1="22,104,11,6,50,128,3,124,73,36,18,17,39" hai2="4,100,79,126,75,95,26,44,37,57,34,108,65" hai3="84,14,29,51,38,2,20,67,110,71,33,12,42"/><T106/><D106/><U25/><E104/><V130/><F108/><W0/><G38/><T99/><D35/><U102/><E102/><V117/><F126/><W96/><G71/><T40/><D120/><U7/><E73/><V91/><F130/><W64/><G84/><T60/><D125/><U72/><E72/><V111/><F111/><W132/><G20/><T101/><D40/><U103/><E103/><V107/><F4/><W24/><G51/><T74/><D119/><U134/><E128/><V83/><F117/><W32/><G24/><T127/><D127/><U94/><E134/><V46/><F37/><W115/><G96/><T30/><D68/><U16/><E124/><V48/><F100/><W55/><G42/><T135/><D8/><U13/><E6/><V133/><F107/><W81/><G81/><T70/><D70/><U89/><E50/><V49/><F133/><W82/><G82/><T97/><D99/><U98/><REACH who="1" step="1"/><E17/><REACH who="1" ten="346,240,154,250" step="2"/><V47/><F49/><W59/><G132/><T63/><D135/><U5/><E5/><V52/><F46/><W77/><G110/><T53/><D74/><U129/><E129/><V69/><F47/><W27/><G115/><T121/><D114/><U118/><E118/><V19/><F44/><W116/><G116/><T123/><D113/><U90/><E90/><V21/><F91/><W56/><G77/><T45/><D45/><U87/><E87/><V78/><F78/><W109/><G109/><T15/><D101/><U10/><AGARI ba="1,1" hai="3,7,10,11,13,16,18,22,25,36,39,89,94,98" machi="10" ten="20,8000,1" yaku="1,1,0,1,7,1,54,1,53,1" doraHai="112" doraHaiUra="86" who="1" fromWho="1" sc="346,-41,240,93,154,-21,250,-21" /><INIT seed="1,0,0,2,4,30" ten="305,333,133,229" oya="1" hai0="21,99,49,8,114,90,47,119,69,66,82,130,61" hai1="52,70,39,67,6,129,100,57,110,25,128,102,113" hai2="23,10,63,125,19,3,72,2,88,48,51,56,89" hai3="38,35,79,95,20,127,31,42,104,105,98,73,46"/><U59/><E113/><V75/><F125/><W15/><G127/><T27/><D114/><U4/><E39/><V34/><F34/><W92/><G73/><T97/><D119/><U84/><E70/><V81/><F72/><W87/><G35/><T109/><D109/><U117/><E117/><V115/><F115/><W83/><G95/><T5/><D90/><U0/><E110/><V64/><F75/><W37/><G37/><T124/><D82/><U91/><E25/><V121/><F121/><W71/><G71/><T7/><D130/><N who="1" m="50283" /><E59/><V118/><F118/><W122/><G122/><T1/><D5/><N who="1" m="2155" /><E67/><V93/><F10/><W77/><G77/><T55/><REACH who="0" step="1"/><D124/><REACH who="0" ten="295,333,133,229" step="2"/><U135/><E135/><V11/><F81/><W50/><G38/><T9/><D9/><U41/><E0/><V40/><F89/><W14/><G14/><T53/><D53/><U107/><E41/><V60/><F11/><W86/><G15/><T45/><D45/><U133/><E133/><V68/><F2/><W131/><G131/><T78/><D78/><U112/><E112/><V54/><F40/><W17/><G79/><T108/><D108/><U120/><E120/><V26/><REACH who="2" step="1"/><F3/><REACH who="2" ten="295,333,123,229" step="2"/><W33/><G83/><T65/><D65/><U111/><E111/><V103/><F103/><W123/><G42/><T74/><D74/><U126/><E126/><V76/><F76/><W96/><G123/><T29/><AGARI ba="0,2" hai="1,7,8,21,27,29,47,49,55,61,66,69,97,99" machi="29" ten="20,5200,0" yaku="1,1,0,1,7,1,53,1" doraHai="30" doraHaiUra="58" who="0" fromWho="0" sc="295,72,333,-26,123,-13,229,-13" /><INIT seed="2,0,0,4,4,3" ten="367,307,110,216" oya="2" hai0="31,77,11,96,63,85,135,43,56,81,67,15,58" hai1="59,133,14,65,2,52,25,122,119,57,72,49,55" hai2="111,60,123,130,86,32,127,114,62,46,73,64,8" hai3="47,12,18,125,118,61,48,28,24,132,121,42,94"/><V7/><F114/><W35/><G118/><T76/><D135/><U21/><E119/><V54/><F123/><W16/><G121/><T113/><D113/><U84/><E72/><V112/><F112/><W95/><G132/><T70/><D31/><U45/><E2/><V128/><F73/><W22/><G125/><T69/><D77/><U5/><E133/><V36/><F32/><W39/><G39/><T40/><D96/><U87/><E65/><V68/><F127/><W88/><G61/><N who="0" m="38327" /><D69/><U50/><E122/><V124/><F124/><W93/><REACH who="3" step="1"/><G18/><REACH who="3" ten="367,307,110,206" step="2"/><N who="0" m="8575" /><D70/><U79/><E79/><V104/><F111/><W90/><AGARI ba="0,1" hai="12,16,22,24,28,35,42,47,48,88,90,93,94,95" machi="90" ten="30,7900,0" yaku="1,1,0,1,54,2,53,0" doraHai="3" doraHaiUra="129" who="3" fromWho="3" sc="367,-20,307,-20,110,-39,206,89" /><INIT seed="3,0,0,3,5,91" ten="347,287,71,295" oya="3" hai0="60,32,62,128,99,104,27,71,84,97,101,81,89" hai1="105,40,11,107,118,90,88,134,26,30,63,124,114" hai2="133,78,17,74,72,64,61,110,4,109,75,103,43" hai3="1,125,96,44,35,106,19,28,130,33,56,49,8"/><W57/><G130/><T83/><D128/><U79/><E114/><V80/><F4/><W69/><G125/><T9/><D99/><U120/><E120/><V37/><F17/><W24/><G35/><T70/><D9/><U112/><E112/><V29/><F29/><W87/><G69/><T123/><D123/><U41/><E124/><V15/><F15/><W95/><G106/><T58/><D83/><U93/><E79/><V53/><F53/><W115/><G87/><T46/><D46/><U122/><E122/><V68/><F103/><W73/><G73/><T2/><D2/><U12/><E63/><V65/><F65/><W34/><G34/><T6/><D6/><U85/><E134/><V76/><F133/><W0/><G115/><T31/><D60/><U54/><E118/><V14/><F14/><W116/><G116/><T119/><D119/><U131/><E131/><V113/><F113/><W3/><G19/><T126/><D126/><U98/><E54/><AGARI ba="0,0" hai="27,31,32,54,58,62,70,71,81,84,89,97,101,104" machi="54" ten="30,1000,0" yaku="7,1" doraHai="91" who="0" fromWho="1" sc="347,10,287,-10,71,0,295,0" owari="357,45.7,277,-12.3,71,-42.9,295,9.5" /></mjloggm>