<mjloggm ver="2.3"><GO type="225" lobby="0"/><UN n0="%E5%8B%95%E7%89%A9%E5%9C%92%E3%81%AE%E3%81%8F%E3%82%8D" n1="%E6%B4%BE%E9%81%A3%E3%81%AE%E3%82%B8%E3%83%A3%E3%83%83%E3%82%AF" n2="%E3%83%B4%E3%82%A3%E3%83%AF%E3%82%B3%E3%82%B0%E3%83%8B" n3="%E3%81%92%E3%81%A3%E3%81%A1" dan="16,16,16,17" rate="2146.66,2172.13,2184.90,2220.38" sx="M,M,M,M"/><TAIKYOKU oya="0"/><INIT seed="0,0,0,2,3,52" ten="250,250,250,250" oya="0" hai0="8,32,43,55,71,124,48,128,58,17,73,79,133" hai1="88,84,99,51,83,11,93,104,67,90,78,16,53" hai2="97,50,135,129,123,105,15,70,22,91,87,46,40" hai3="31,102,66,80,60,92,34,69,103,89,42,98,95"/><T10/><D124/><U13/><E104/><V125/><F123/><W112/><G112/><T29/><D128/><U126/><E126/><V65/><F125/><W121/><G121/><T63/><D133/><U120/><E120/><V113/><F113/><W107/><G42/><T36/><D29/><U122/><E122/><V35/><F35/><W74/><G103/><T75/><D32/><U44/><REACH who="1" step="1"/><E67/><REACH who="1" ten="250,240,250,250" step="2"/><V47/><F65/><W33/><G107/><T77/><D75/><U14/><E14/><V9/><F15/><W111/><G74/><T24/><D73/><U72/><E72/><V106/><F106/><W49/><G66/><T37/><D37/><U45/><E45/><V18/><F46/><W117/><G117/><T68/><D36/><U21/><E21/><V4/><F22/><W12/><G12/><T134/><D134/><U114/><E114/><V3/><F105/><W116/><G116/><T25/><D8/><U86/><E86/><V110/><F87/><W82/><G33/><T119/><D119/><U94/><E94/><V19/><F135/><W38/><G38/><T20/><D10/><U85/><E85/><V56/><F9/><W41/><G95/><T30/><D20/><U26/><E26/><V132/><F132/><W127/><G92/><T39/><D25/><U118/><E118/><V23/><F23/><W54/><G34/><T6/><D39/><U27/><E27/><V61/><F47/><W2/><G127/><T57/><D24/><U1/><E1/><V59/><F3/><W81/><G2/><T7/><D30/><U64/><E64/><RYUUKYOKU ba="0,1" sc="250,-10,240,30,250,-10,250,-10" hai1="11,13,16,44,51,53,78,83,84,88,90,93,99" /><INIT seed="1,1,1,5,1,18" ten="240,270,240,240" oya="1" hai0="75,77,103,25,116,27,67,95,15,76,53,28,106" hai1="56,42,50,22,14,30,21,78,49,44,107,47,96" hai2="110,59,128,20,118,33,41,63,133,93,80,120,98" hai3="84,36,135,1,32,117,40,81,17,3,131,134,104"/><U2/><E2/><V97/><F118/><W125/><G117/><T123/><D116/><U99/><E78/><V85/><F33/><W114/><G114/><T57/><D123/><U62/><E107/><V70/><F110/><W130/><G104/><T4/><D106/><U83/><E83/><V69/><F120/><W10/><G40/><T34/><D75/><U13/><E30/><V37/><F133/><N who="3" m="50699" /><G36/><T23/><D67/><N who="1" m="39367" /><E13/><V64/><F128/><N who="3" m="49195" /><G32/><T39/><D39/><U58/><E58/><V0/><F37/><W35/><G35/><T111/><D111/><U24/><E14/><V48/><F0/><N who="3" m="75" /><G10/><T102/><D4/><U38/><E38/><V68/><F41/><W9/><G9/><T108/><D108/><U5/><E5/><V124/><F69/><W127/><G17/><T129/><D129/><U55/><E22/><V54/><F20/><W19/><G19/><T88/><D23/><U122/><E122/><V91/><F68/><W90/><AGARI ba="1,1" hai="81,84,90,125,127" m="75,49195,50699" machi="90" ten="40,8000,1" yaku="30,2,20,1,19,1" doraHai="18" who="3" fromWho="3" sc="240,-21,270,-41,240,-21,240,93" /><INIT seed="2,0,0,1,1,96" ten="219,229,219,333" oya="2" hai0="16,43,86,113,26,21,23,120,2,29,101,24,69" hai1="122,51,17,27,4,112,15,74,131,89,68,95,132" hai2="52,77,62,111,119,38,94,57,20,76,70,10,41" hai3="128,114,127,78,6,102,53,67,33,80,99,103,88"/><V42/><F119/><W100/><G127/><T34/><D113/><U3/><E112/><V93/><F70/><W58/><G33/><T124/><D69/><U116/><E74/><V82/><F111/><W5/><G128/><T18/><D124/><U0/><E68/><V14/><F20/><W28/><G28/><T87/><D120/><U9/><E116/><V56/><F56/><W118/><G67/><T19/><D2/><U49/><E131/><V47/><F41/><W37/><G37/><T66/><D66/><U117/><E132/><V48/><F38/><W84/><G114/><T90/><D43/><U133/><E133/><V71/><F71/><W85/><G99/><T11/><D101/><U50/><E122/><V25/><F25/><W31/><G31/><T13/><REACH who="0" step="1"/><D90/><REACH who="0" ten="209,229,219,333" step="2"/><U12/><E117/><V98/><F82/><N who="3" m="49207" /><G118/><T35/><D35/><U36/><E3/><V44/><F44/><W39/><G39/><T110/><D110/><U125/><E36/><V45/><F45/><W123/><G123/><T108/><D108/><U63/><E125/><V22/><F93/><W61/><AGARI ba="0,1" hai="5,6,53,58,61,78,80,84,100,102,103" m="49207" machi="61" ten="30,8000,1" yaku="8,1,52,3,54,1" doraHai="96" who="3" fromWho="3" sc="209,-20,229,-20,219,-40,333,90" /><INIT seed="3,0,0,0,5,101" ten="189,209,179,423" oya="3" hai0="67,28,63,121,43,100,98,135,99,10,32,2,24" hai1="93,120,48,4,53,46,94,37,129,52,11,38,123" hai2="108,88,41,66,47,112,109,31,61,35,86,85,69" hai3="5,58,80,1,6,71,105,84,26,64,116,15,73"/><W19/><G1/><T127/><D127/><U110/><E110/><N who="2" m="42603" /><F112/><W122/><G73/><T9/><D121/><U119/><E129/><V133/><F133/><W81/><G105/><N who="0" m="63639" /><D99/><U103/><E119/><V107/><F107/><W125/><G116/><T33/><D135/><U7/><E103/><V20/><F35/><W39/><G125/><T62/><D62/><U57/><E11/><N who="0" m="4105" /><D33/><U23/><E23/><V102/><F102/><W91/><G122/><T44/><D2/><U72/><E72/><V18/><F31/><W95/><G5/><T34/><D34/><U0/><E0/><V131/><F131/><W106/><G6/><T118/><D118/><U117/><E117/><V83/><F85/><W51/><G84/><T14/><D14/><U3/><E3/><V78/><F78/><W90/><G15/><T30/><D30/><U60/><E120/><V128/><F128/><W132/><G132/><T92/><D92/><N who="1" m="35435" /><E123/><V59/><F59/><W27/><G51/><T111/><D111/><U96/><E96/><V87/><F87/><W77/><G106/><T75/><D75/><U55/><E7/><V25/><F47/><W17/><G58/><T50/><D50/><N who="1" m="28759" /><E4/><V82/><F41/><W126/><G126/><T104/><D104/><U115/><E115/><V74/><F74/><W76/><G95/><AGARI ba="0,0" hai="18,20,25,61,66,69,82,83,86,88,95" m="42603" machi="95" ten="30,2000,0" yaku="14,1,54,1" doraHai="101" who="2" fromWho="3" sc="189,0,209,0,179,20,423,-20" owari="189,-31.1,209,0.9,199,-20.1,403,50.3" /></mjloggm>