<mjloggm ver="2.3"><GO type="225" lobby="0"/><UN n0="%E3%81%B5%E3%81%98%E3%81%8B%E3%81%A4" n1="%33%74%72%65%65" n2="%6D%75%75%73%61%6E%6D%75" n3="%74%61%6B%75%61%6B%61" dan="17,16,16,16" rate="2220.26,2149.94,2108.05,2090.10" sx="M,F,F,M"/><TAIKYOKU oya="0"/><INIT seed="0,0,0,3,3,121" ten="250,250,250,250" oya="0" hai0="57,134,82,20,23,102,108,9,27,62,63,104,89" hai1="32,79,7,3,87,77,100,129,99,120,43,6,118" hai2="73,94,45,4,115,52,53,76,86,21,49,42,125" hai3="39,22,116,130,112,133,75,64,122,80,126,84,132"/><T95/><D134/><N who="3" m="51817" /><G39/><T88/><D9/><U5/><E3/><V127/><F115/><W128/><G64/><T114/><D114/><U41/><E118/><V103/><F4/><W107/><G112/><T11/><D104/><U1/><E1/><V56/><F21/><W15/><G116/><T106/><D106/><U14/><E120/><V31/><F31/><W59/><G59/><T110/><D11/><U66/><E32/><V92/><F73/><W34/><G34/><T109/><D102/><U26/><E66/><V12/><F12/><W93/><G107/><T81/><D20/><U30/><E14/><V16/><F16/><N who="3" m="10527" /><G122/><T17/><D63/><U70/><E5/><V61/><F103/><W36/><G36/><T83/><D95/><U90/><E6/><V37/><F94/><W0/><G0/><T18/><D17/><U33/><E7/><V25/><F25/><W48/><G48/><T24/><D24/><U60/><E26/><V117/><F117/><W10/><G10/><T124/><D124/><N who="2" m="47690" /><F92/><W74/><G93/><T65/><AGARI ba="0,0" hai="18,23,27,57,62,65,81,82,83,88,89,108,109,110" machi="65" ten="40,18000,2" yaku="0,1,14,1,10,1,52,3,54,1" doraHai="121" who="0" fromWho="0" sc="250,180,250,-60,250,-60,250,-60" /><INIT seed="0,1,0,2,3,60" ten="430,190,190,190" oya="0" hai0="135,64,1,110,78,14,39,98,35,63,37,86,59" hai1="99,81,125,26,65,41,70,121,88,54,49,10,46" hai2="127,117,5,100,61,7,25,3,89,22,76,27,102" hai3="50,4,131,31,129,113,124,87,105,34,29,20,95"/><T42/><D135/><U107/><E121/><V83/><F127/><W15/><G105/><T18/><D1/><U101/><E125/><V51/><F117/><W128/><G124/><T104/><D35/><U94/><E81/><V91/><F25/><W77/><G113/><T66/><D110/><U103/><E26/><V56/><F51/><W55/><G34/><T13/><D13/><U106/><E10/><V97/><F3/><W52/><G55/><T30/><D30/><U73/><E73/><V68/><F68/><W38/><G38/><T96/><D42/><U115/><E115/><V47/><F47/><W48/><G48/><T108/><D39/><U9/><E9/><V114/><F114/><W21/><G4/><T123/><D104/><U72/><E72/><V6/><F76/><W80/><G95/><T120/><D37/><U12/><E12/><V2/><F2/><W17/><REACH who="3" step="1"/><G21/><REACH who="3" ten="430,190,190,180" step="2"/><N who="0" m="11479" /><D123/><U28/><E107/><V85/><F6/><W130/><N who="3" m="32768" /><DORA hai="126" /><W33/><G33/><T58/><D120/><U84/><E106/><V57/><F7/><W132/><G132/><T32/><D32/><U75/><E54/><V16/><F5/><W90/><G90/><T111/><D111/><U44/><E88/><V112/><F112/><W119/><G119/><T23/><D23/><U0/><E49/><V11/><F89/><W43/><G43/><T82/><D108/><U92/><E41/><V40/><F40/><W24/><G24/><T74/><D78/><U8/><E92/><V109/><F109/><W19/><G19/><T133/><D82/><U45/><E94/><RYUUKYOKU ba="1,1" sc="430,-10,190,-10,190,-10,180,30" hai3="15,17,20,29,31,50,52,77,80,87" /><INIT seed="1,2,1,3,3,102" ten="420,180,180,210" oya="1" hai0="14,122,133,62,120,60,27,0,74,36,75,128,63" hai1="72,15,82,105,17,108,115,84,34,100,116,73,24" hai2="35,21,48,8,3,123,33,71,42,66,4,103,76" hai3="87,1,10,113,85,18,90,96,126,81,50,92,39"/><U20/><E115/><V38/><F123/><N who="0" m="47146" /><D133/><U130/><E116/><V54/><F76/><W83/><G39/><T44/><D128/><U13/><E130/><V2/><F2/><W40/><G113/><T6/><D0/><U58/><E108/><V47/><F21/><W61/><G126/><T101/><D101/><U41/><E41/><V94/><F94/><W69/><G69/><T68/><D27/><U55/><E73/><V124/><F103/><W77/><G61/><T28/><D28/><U23/><E72/><V67/><F124/><W86/><G81/><T93/><D93/><U51/><E34/><V107/><F107/><W45/><G1/><T79/><D79/><U32/><E32/><V118/><F118/><W78/><G78/><T109/><D109/><U9/><E100/><V125/><F125/><W65/><G65/><T5/><D68/><U88/><E105/><V70/><F67/><W117/><G117/><T64/><D64/><U91/><E91/><V97/><F97/><W46/><G46/><T80/><D80/><U134/><E134/><V26/><F26/><W132/><G132/><T129/><D129/><U53/><E24/><V89/><F89/><W12/><AGARI ba="2,1" hai="10,12,18,40,45,50,77,83,85,86,87,90,92,96" machi="12" ten="30,2000,0" yaku="0,1,8,1" doraHai="102" who="3" fromWho="3" sc="420,-7,180,-12,180,-7,210,36" /><INIT seed="2,0,0,3,4,47" ten="413,168,173,246" oya="2" hai0="52,100,82,79,112,97,38,18,130,109,114,37,95" hai1="77,54,21,25,50,32,110,67,65,89,17,120,78" hai2="49,53,10,59,48,87,102,9,105,90,125,35,6" hai3="129,39,91,88,93,104,14,12,83,30,113,61,94"/><V11/><F35/><W103/><G39/><T68/><D109/><U134/><E110/><V43/><F125/><W66/><G129/><T72/><D130/><U8/><E134/><V106/><F102/><W115/><G83/><T71/><D18/><U3/><E120/><V58/><F6/><W13/><G104/><N who="0" m="63503" /><D52/><U33/><E33/><V116/><F116/><W64/><G30/><T31/><D95/><N who="3" m="36361" /><G103/><T34/><D31/><U4/><E89/><N who="3" m="34378" /><G61/><T16/><D16/><U41/><E41/><V123/><F123/><W46/><G46/><T74/><D74/><U20/><E20/><V57/><F105/><W44/><G44/><T126/><D126/><U76/><REACH who="1" step="1"/><E32/><REACH who="1" ten="413,158,173,246" step="2"/><V86/><F43/><W127/><G127/><T23/><D23/><U26/><E26/><V96/><F90/><W19/><G19/><T80/><D34/><U119/><E119/><V107/><F96/><W81/><G81/><T22/><D82/><U5/><E5/><V131/><F131/><W118/><G118/><T7/><D7/><U1/><E1/><V60/><F106/><W55/><G12/><T122/><D122/><U128/><E128/><V98/><F107/><W63/><G13/><T111/><D22/><U121/><E121/><V85/><F98/><W36/><G14/><T42/><D111/><U70/><E70/><N who="0" m="26665" /><D42/><U117/><E117/><V15/><F15/><W51/><G113/><AGARI ba="0,1" hai="37,38,72,79,80,112,113,114" m="26665,63503" machi="113" ten="30,1000,0" yaku="23,1" doraHai="47" who="0" fromWho="3" sc="413,20,158,0,173,0,246,-10" /><INIT seed="3,0,0,1,4,33" ten="433,158,173,236" oya="3" hai0="20,70,42,67,127,119,93,79,114,1,48,16,47" hai1="58,3,112,75,66,94,8,72,30,92,115,27,38" hai2="11,10,82,95,109,44,59,53,34,88,74,104,22" hai3="117,21,116,15,64,2,102,60,31,57,122,120,98"/><W83/><G83/><T51/><D119/><U23/><E38/><V99/><F34/><W26/><G15/><T9/><D127/><U110/><E110/><V39/><F109/><W7/><G117/><T65/><D79/><U50/><E72/><V5/><F104/><W113/><G113/><T131/><D131/><U77/><E75/><V78/><F22/><W91/><G91/><T126/><D126/><U41/><E77/><V45/><F39/><W24/><G24/><T40/><D70/><U135/><E135/><V46/><REACH who="2" step="1"/><F5/><REACH who="2" ten="433,158,163,236" step="2"/><W124/><G124/><T105/><D20/><U106/><E106/><V96/><F96/><W128/><G116/><T73/><D105/><U118/><E118/><V0/><F0/><W17/><G2/><T49/><D1/><U80/><E80/><V6/><F6/><W130/><G7/><T101/><D114/><U63/><E112/><V89/><F89/><W25/><G130/><T103/><D103/><U32/><E115/><V69/><F69/><W81/><G128/><T37/><D37/><U62/><E3/><V54/><F54/><W19/><G102/><T134/><D101/><U43/><E32/><V52/><F52/><W4/><G98/><T121/><D134/><U129/><E129/><V100/><F100/><W76/><G4/><T84/><D121/><U61/><E8/><V87/><F87/><W29/><G122/><T14/><D9/><U71/><E71/><V13/><F13/><W90/><G90/><T55/><D14/><U18/><E66/><V123/><F123/><W132/><G120/><T12/><D67/><RYUUKYOKU ba="0,1" sc="433,-10,158,-10,163,30,236,-10" hai2="10,11,44,45,46,53,59,74,78,82,88,95,99" owari="433,53.3,148,-35.2,193,-20.7,226,2.6" /></mjloggm>