<mjloggm ver="2.3"><GO type="225" lobby="0"/><UN n0="%E5%84%AA%40%41%42%43" n1="%70%68%65%6E%6F%6D%65" n2="%E3%81%A0%E3%81%8A" n3="%66%67%67%68%68%64%66" dan="17,16,16,16" rate="2255.39,2138.44,2036.63,2077.13" sx="M,M,M,M"/><TAIKYOKU oya="0"/><INIT seed="0,0,0,2,1,117" ten="250,250,250,250" oya="0" hai0="90,86,44,129,72,29,15,80,49,83,107,53,100" hai1="130,25,82,18,48,45,95,128,0,78,98,57,20" hai2="34,124,19,116,121,13,16,35,61,103,10,76,8" hai3="59,51,114,1,118,52,67,56,102,122,12,69,109"/><T92/><D129/><U24/><E0/><V55/><F124/><W64/><G1/><T127/><D127/><U32/><E32/><V133/><F116/><W33/><G118/><T125/><D125/><U17/><E57/><V2/><F133/><W71/><G33/><T88/><D29/><U41/><E24/><V111/><F111/><W119/><G119/><T47/><D107/><U94/><E18/><V7/><F76/><W23/><G114/><T66/><D66/><U120/><E120/><V14/><F121/><W106/><G109/><T77/><D100/><U134/><E134/><V40/><F40/><W110/><G122/><T112/><D112/><U54/><E41/><V91/><F103/><W70/><G110/><T74/><D15/><U75/><REACH who="1" step="1"/><E94/><REACH who="1" ten="250,240,250,250" step="2"/><V123/><F123/><W131/><G59/><T5/><D5/><U21/><E21/><V73/><F19/><W87/><G131/><T101/><D101/><AGARI ba="0,1" hai="17,20,25,45,48,54,75,78,82,95,98,101,128,130" machi="101" ten="40,1300,0" yaku="1,1,53,0" doraHai="117" doraHaiUra="115" who="1" fromWho="0" sc="250,-13,240,23,250,0,250,0" /><INIT seed="1,0,0,5,5,33" ten="237,263,250,250" oya="1" hai0="67,36,10,79,118,122,56,58,0,24,130,2,100" hai1="60,32,64,106,5,69,125,7,19,94,127,105,99" hai2="50,110,109,96,4,55,80,66,131,75,103,29,117" hai3="53,6,14,128,28,71,21,91,15,22,123,9,116"/><U135/><E32/><V87/><F75/><W73/><G123/><T63/><D118/><U74/><E74/><V47/><F117/><W23/><G71/><T45/><D122/><U104/><E19/><V39/><F66/><W112/><G116/><T43/><D130/><U108/><E135/><V40/><F29/><W49/><G112/><T41/><D79/><U101/><REACH who="1" step="1"/><E108/><REACH who="1" ten="237,253,250,250" step="2"/><V121/><F109/><W3/><G73/><T76/><D24/><U124/><AGARI ba="0,1" hai="5,7,60,64,69,94,99,101,104,105,106,124,125,127" machi="124" ten="40,12000,1" yaku="1,1,2,1,0,1,18,1,53,1" doraHai="33" doraHaiUra="88" who="1" fromWho="1" sc="237,-40,253,130,250,-40,250,-40" /><INIT seed="1,1,0,4,5,91" ten="197,383,210,210" oya="1" hai0="13,55,4,67,134,9,109,29,71,31,21,28,24" hai1="117,45,114,37,76,115,8,106,113,110,62,120,61" hai2="89,2,11,81,105,69,17,12,23,65,116,93,108" hai3="41,25,132,46,99,48,123,32,90,1,34,125,112"/><U30/><E117/><V58/><F69/><W63/><G123/><T73/><D73/><U124/><E120/><V98/><F105/><W18/><G112/><T82/><D71/><U54/><E106/><V51/><F108/><W79/><G1/><T131/><D67/><U78/><E30/><N who="0" m="11881" /><D55/><U133/><E8/><V42/><F116/><W119/><G119/><T86/><D109/><U111/><E124/><V118/><F118/><W121/><G121/><T36/><D36/><U64/><E76/><V92/><F81/><W130/><G130/><T74/><D74/><U101/><E78/><V33/><F33/><W59/><G132/><T70/><D70/><U126/><E126/><V103/><F2/><W3/><G3/><T96/><D96/><U66/><E133/><V128/><F128/><W80/><G125/><T87/><D134/><U85/><E85/><N who="0" m="32265" /><D131/><U43/><E54/><N who="2" m="32095" /><F65/><W77/><G34/><T53/><D53/><U68/><E101/><V129/><F129/><W100/><G32/><T104/><D104/><U52/><E66/><V15/><F42/><W6/><G100/><T95/><D82/><U56/><AGARI ba="1,0" hai="37,43,45,52,56,61,62,64,68,110,111,113,114,115" machi="56" ten="40,12000,1" yaku="0,1,34,3,54,1" doraHai="91" who="1" fromWho="1" sc="197,-41,383,123,210,-41,210,-41" /><INIT seed="1,2,0,3,2,55" ten="156,506,169,169" oya="1" hai0="61,5,101,70,132,78,71,40,54,28,38,52,94" hai1="1,8,14,17,130,63,43,105,81,83,33,45,135" hai2="47,21,4,29,134,46,88,66,72,84,98,56,69" hai3="3,20,34,77,126,80,107,50,75,36,31,19,16"/><U24/><E105/><V85/><F69/><N who="0" m="26122" /><D28/><U113/><E113/><V90/><F72/><W37/><G3/><T100/><D5/><U102/><E130/><V10/><F134/><W123/><G123/><T64/><D94/><U129/><E129/><V104/><F104/><W87/><G126/><T65/><D78/><U27/><E102/><V103/><F29/><W124/><G124/><T22/><D22/><U12/><E135/><V68/><F68/><W58/><G107/><T57/><D100/><U44/><E63/><N who="2" m="38247" /><F21/><W109/><G109/><T108/><D101/><U116/><E43/><V7/><F103/><W11/><G75/><T13/><D13/><U114/><E114/><V131/><F131/><W59/><G34/><T67/><D132/><U6/><E14/><N who="2" m="5447" /><F7/><W15/><G31/><T42/><D108/><U118/><E27/><V92/><F98/><W97/><G97/><T106/><D106/><U125/><E125/><V122/><F122/><W60/><G60/><N who="0" m="35879" /><D38/><U26/><E24/><V99/><F99/><W95/><G95/><AGARI ba="2,0" hai="46,47,84,85,88,90,92,95" m="5447,38247" machi="95" ten="30,3900,0" yaku="8,1,52,1,54,1" doraHai="55" who="2" fromWho="3" sc="156,0,506,0,169,45,169,-45" /><INIT seed="2,0,0,1,4,57" ten="156,506,214,124" oya="2" hai0="29,37,49,85,24,44,3,122,100,19,114,36,1" hai1="128,27,89,135,55,5,25,87,82,109,112,15,105" hai2="104,61,64,39,8,96,4,94,103,66,17,14,90" hai3="129,86,93,110,60,53,134,26,67,107,124,133,0"/><V10/><F39/><W21/><G107/><T125/><D114/><U101/><E112/><V108/><F108/><W102/><G0/><T132/><D122/><U42/><E42/><V106/><F103/><W115/><G115/><T68/><D132/><N who="3" m="50793" /><G110/><T18/><D125/><U113/><E55/><V63/><F66/><W6/><G6/><T46/><D68/><U97/><E128/><V47/><F47/><W48/><G129/><T126/><D100/><U34/><E34/><V95/><F95/><W92/><G102/><T78/><D24/><U41/><E25/><V43/><F43/><W84/><G124/><T74/><D49/><U12/><E41/><V54/><F54/><W117/><G117/><T69/><D85/><N who="3" m="32873" /><G53/><T75/><D69/><U76/><E5/><V131/><F131/><W120/><G48/><T58/><D126/><U9/><E113/><V99/><F99/><W59/><G120/><T80/><D80/><U116/><E116/><V65/><F65/><W45/><G45/><T111/><D111/><U52/><E52/><V35/><F64/><W23/><G23/><T121/><D121/><U16/><E135/><V7/><F7/><W77/><G77/><T40/><D78/><U13/><E109/><V62/><REACH who="2" step="1"/><F35/><REACH who="2" ten="156,506,204,124" step="2"/><W73/><G73/><T30/><D40/><U56/><E97/><V118/><F118/><W81/><G81/><T91/><D75/><U98/><E82/><V79/><F79/><W50/><G50/><T72/><D74/><U2/><E76/><V51/><F51/><W83/><G83/><T20/><D72/><U127/><E101/><RYUUKYOKU ba="0,1" sc="156,-15,506,-15,204,15,124,15" hai2="4,8,10,14,17,61,62,63,90,94,96,104,106" hai3="21,26,59,60,67,92,93" /><INIT seed="2,1,1,5,3,7" ten="141,491,219,139" oya="2" hai0="126,79,117,92,0,33,93,3,57,127,96,26,49" hai1="2,111,99,105,72,100,108,18,16,123,32,132,42" hai2="129,135,22,102,88,23,112,109,8,52,44,115,53" hai3="75,63,47,66,89,69,98,6,91,27,48,46,51"/><V55/><F129/><W35/><G75/><T10/><D117/><U13/><E2/><V130/><F130/><W24/><G6/><T20/><D79/><U94/><E132/><V101/><F135/><W19/><G35/><T29/><D33/><U56/><E123/><V67/><F67/><W30/><G19/><T97/><D49/><U118/><E118/><V83/><F109/><W17/><G17/><T74/><D74/><U90/><E32/><V68/><F68/><W5/><G5/><T9/><D57/><U125/><E125/><N who="0" m="47625" /><D0/><U21/><E42/><V43/><F8/><N who="0" m="3178" /><D3/><U110/><E72/><V95/><F112/><W80/><G51/><T114/><D114/><U84/><E18/><V58/><F115/><W1/><G1/><T122/><D122/><U121/><E121/><V59/><F58/><AGARI ba="1,1" hai="13,16,21,56,58,84,90,94,99,100,105,108,110,111" machi="58" ten="40,2600,0" yaku="14,1,54,1" doraHai="7" who="1" fromWho="2" sc="141,0,491,39,219,-29,139,0" /><INIT seed="3,0,0,0,0,130" ten="141,530,190,139" oya="3" hai0="75,82,36,61,29,103,132,108,69,7,123,133,42" hai1="22,54,52,70,76,47,55,102,66,117,38,114,20" hai2="3,135,53,83,30,106,10,131,96,68,15,89,112" hai3="40,72,12,79,6,25,65,35,90,27,104,74,56"/><W59/><G104/><T19/><D123/><U58/><E76/><V39/><F68/><W99/><G40/><T110/><D29/><U2/><E2/><V21/><F39/><W84/><G72/><T43/><D7/><U98/><E114/><V64/><F131/><W63/><G35/><T8/><D103/><U107/><E70/><V11/><F3/><W73/><G73/><T24/><D8/><U109/><E109/><N who="0" m="42089" /><D19/><U16/><E117/><V116/><F112/><W50/><G99/><T129/><D24/><U134/><E134/><N who="0" m="51817" /><D36/><U122/><E55/><V44/><F135/><W101/><G101/><T126/><D126/><U80/><E47/><V115/><F30/><W97/><G97/><T127/><D127/><U119/><E58/><V120/><F96/><W128/><G128/><T34/><D34/><U9/><E80/><V17/><F83/><N who="3" m="49439" /><G74/><T60/><D129/><U67/><E38/><V77/><F120/><W5/><G79/><N who="0" m="44415" /><D61/><U124/><E124/><V13/><F17/><W121/><G121/><T62/><D62/><U37/><E37/><V14/><F10/><N who="3" m="4175" /><G6/><T1/><D1/><U0/><E0/><V32/><F11/><W71/><G71/><T85/><D85/><U91/><E66/><AGARI ba="0,0" hai="42,43,60,66,69" m="44415,51817,42089" machi="66" ten="30,8000,1" yaku="14,1,20,1,52,3" doraHai="130" who="0" fromWho="1" sc="141,80,530,-80,190,0,139,0" owari="221,2.1,450,55.0,190,-21.0,139,-36.1" /></mjloggm>