<mjloggm ver="2.3"><GO type="225" lobby="0"/><UN n0="%33%74%72%65%65" n1="%E3%81%A1%E3%82%85%E3%81%86%E3%81%A9%E3%81%8F%E8%B1%A1%E3%81%95%E3%82%93" n2="%E3%81%95%E3%81%8D%E3%81%9F%E3%81%BE%E6%9E%97%E6%AA%8E" n3="%73%6C%69%63%6B%33%31%39" dan="17,17,16,17" rate="2174.65,2154.17,2103.35,2152.48" sx="F,M,M,M"/><TAIKYOKU oya="0"/><INIT seed="0,0,0,3,3,55" ten="250,250,250,250" oya="0" hai0="60,111,36,9,50,90,104,88,87,40,77,99,116" hai1="21,121,89,43,18,41,101,112,56,81,24,17,52" hai2="35,98,83,114,65,86,3,122,57,54,109,100,72" hai3="76,106,134,129,20,97,0,19,28,45,47,4,25"/><T78/><D116/><U107/><E121/><V102/><F109/><W29/><G76/><T126/><D111/><U96/><E112/><V23/><F114/><W130/><G106/><T62/><D126/><U105/><E105/><V133/><F133/><W118/><G118/><T46/><D36/><U95/><E81/><V93/><F122/><W123/><G123/><T53/><D9/><U2/><E17/><V108/><F108/><W58/><G97/><T74/><D74/><U26/><E26/><V73/><F35/><W110/><G110/><T16/><D16/><U80/><E2/><V117/><F3/><W66/><G134/><T12/><D12/><U131/><E131/><N who="3" m="50186" /><G58/><N who="0" m="34895" /><D104/><U124/><E124/><V30/><F117/><W128/><G66/><T94/><D62/><N who="1" m="36103" /><E107/><V127/><F65/><W71/><G71/><T115/><D115/><U82/><E82/><AGARI ba="0,0" hai="40,46,50,77,78,82,87,88,90,94,99" m="34895" machi="82" ten="30,5800,0" yaku="8,1,52,1,54,1" doraHai="55" who="0" fromWho="1" sc="250,58,250,-58,250,0,250,0" /><INIT seed="0,1,0,5,3,30" ten="308,192,250,250" oya="0" hai0="29,62,25,109,6,98,102,3,66,107,52,5,7" hai1="1,73,63,57,38,58,48,115,15,28,110,49,105" hai2="69,22,108,87,134,2,42,122,23,91,121,71,34" hai3="64,86,31,75,113,13,65,39,95,92,127,93,84"/><T41/><D109/><U19/><E110/><V55/><F108/><W43/><G75/><T70/><D41/><U32/><E38/><V10/><F134/><W119/><G113/><T53/><REACH who="0" step="1"/><D3/><REACH who="0" ten="298,192,250,250" step="2"/><U90/><E1/><V128/><F42/><W33/><G43/><T40/><D40/><U82/><E115/><V61/><F2/><W51/><G39/><T111/><D111/><U106/><E106/><V0/><F0/><W56/><G119/><T14/><D14/><U59/><E105/><V101/><F121/><W125/><G13/><T44/><D44/><U85/><E15/><V94/><F122/><W27/><G127/><T99/><D99/><U104/><E104/><V114/><F114/><W12/><G125/><T9/><D9/><U67/><E73/><V17/><F128/><W135/><G12/><T120/><D120/><U46/><E46/><V112/><F112/><W88/><G135/><T103/><D103/><U24/><REACH who="1" step="1"/><E19/><REACH who="1" ten="298,182,250,250" step="2"/><V77/><F17/><W116/><G116/><T100/><D100/><U131/><E131/><V96/><F101/><W37/><G37/><T50/><D50/><AGARI ba="1,2" hai="24,28,32,48,49,50,57,58,59,63,67,82,85,90" machi="50" ten="40,2600,0" yaku="1,1,52,1,53,0" doraHai="30" doraHaiUra="74" who="1" fromWho="0" sc="298,-29,182,49,250,0,250,0" /><INIT seed="1,0,0,0,1,90" ten="269,231,250,250" oya="1" hai0="86,13,3,110,131,29,47,114,41,12,66,104,21" hai1="69,25,20,1,9,95,83,61,46,34,57,121,14" hai2="129,80,101,58,31,50,33,27,76,96,24,36,53" hai3="77,67,10,123,100,108,85,59,62,99,63,135,70"/><U93/><E121/><V118/><F129/><W44/><G123/><T65/><D114/><U15/><E69/><V120/><F120/><W55/><G108/><T48/><D3/><U5/><E83/><V82/><F118/><W98/><G135/><T64/><D110/><U8/><E46/><V107/><F36/><W109/><G109/><T112/><D112/><U128/><E128/><V51/><F76/><W40/><G10/><T35/><D35/><U0/><E34/><V42/><F42/><W39/><G99/><T38/><D131/><U71/><E71/><V2/><F2/><W130/><G130/><T132/><D132/><U72/><E72/><V74/><F74/><W60/><G85/><T133/><D133/><U134/><E134/><V116/><F116/><W105/><REACH who="3" step="1"/><G77/><REACH who="3" ten="269,231,250,240" step="2"/><T37/><D86/><U103/><E0/><V102/><F102/><W127/><G127/><T23/><D104/><U79/><E79/><V68/><F96/><W11/><G11/><T7/><D7/><N who="1" m="3359" /><E1/><V88/><F107/><W97/><G97/><T18/><REACH who="0" step="1"/><D29/><REACH who="0" ten="259,231,250,240" step="2"/><N who="1" m="17575" /><E103/><V56/><F101/><W22/><G22/><T119/><D119/><U28/><E28/><V81/><F31/><W89/><G89/><T52/><D52/><AGARI ba="0,2" hai="5,9,15,52,57,61,93,95" m="17575,3359" machi="52" ten="30,11600,0" yaku="8,1,52,2,54,1" doraHai="90" who="1" fromWho="0" sc="259,-116,231,136,250,0,240,0" /><INIT seed="1,1,0,4,3,56" ten="143,367,250,240" oya="1" hai0="61,12,44,40,95,52,131,92,19,20,78,128,21" hai1="0,72,3,109,6,48,123,82,75,84,104,36,76" hai2="113,98,97,27,8,34,69,100,51,127,133,39,55" hai3="101,13,116,33,58,88,112,79,63,102,25,64,124"/><U119/><E119/><V2/><F39/><W7/><G112/><T130/><D78/><U67/><E36/><V17/><F133/><W66/><G116/><T62/><D21/><U125/><E104/><V107/><F127/><W14/><G79/><T49/><D40/><U57/><E125/><V106/><F113/><W80/><G124/><T134/><D134/><U68/><E68/><V126/><F126/><W37/><G37/><T47/><D47/><U85/><E123/><V94/><F69/><W111/><G111/><T114/><D114/><U26/><E26/><V42/><F42/><W35/><G66/><T50/><D50/><U59/><E48/><V87/><F87/><N who="3" m="50279" /><G33/><T99/><REACH who="0" step="1"/><D95/><REACH who="0" ten="133,367,250,240" step="2"/><U23/><E23/><V28/><F94/><W132/><G35/><T115/><D115/><U43/><E76/><V117/><F117/><W103/><G132/><T10/><D10/><U120/><E43/><V96/><F106/><W45/><G45/><T73/><D73/><U32/><E72/><V71/><F107/><W93/><G93/><T118/><D118/><U41/><E75/><V38/><F38/><W110/><G110/><T53/><D53/><U90/><E109/><V65/><F51/><W91/><G25/><T122/><D122/><U30/><E120/><V4/><F27/><W54/><G54/><T1/><D1/><U11/><E0/><V60/><F55/><W5/><G14/><T70/><D70/><U108/><E41/><V135/><F2/><W74/><G74/><T77/><D77/><U24/><E108/><V16/><F135/><W31/><G13/><RYUUKYOKU ba="1,1" sc="133,30,367,-10,250,-10,240,-10" hai0="12,19,20,44,49,52,61,62,92,99,128,130,131" /><INIT seed="2,2,1,3,3,90" ten="163,357,240,230" oya="2" hai0="96,88,42,35,34,51,55,121,49,17,5,0,32" hai1="83,20,81,131,8,129,6,15,112,67,29,13,110" hai2="92,63,36,72,120,94,118,10,19,21,57,78,91" hai3="31,86,126,82,104,46,52,7,56,60,44,109,22"/><V113/><F113/><W108/><G104/><T135/><D121/><U93/><E112/><V133/><F118/><W65/><G126/><T58/><D135/><U115/><E115/><V50/><F120/><W80/><G7/><T107/><D17/><N who="1" m="10287" /><E110/><N who="3" m="42602" /><G65/><T53/><D42/><U54/><E29/><V64/><F36/><W27/><G82/><T77/><D77/><AGARI ba="2,1" hai="22,27,31,44,46,52,56,60,77,80,86" m="42602" machi="77" ten="30,2000,0" yaku="14,1,54,1" doraHai="90" who="3" fromWho="0" sc="163,-26,357,0,240,0,230,36" /><INIT seed="3,0,0,4,3,40" ten="137,357,240,266" oya="3" hai0="112,117,5,129,120,106,79,100,118,28,14,77,88" hai1="92,83,39,124,111,24,90,86,35,55,10,29,74" hai2="33,43,54,20,87,32,31,127,4,15,98,101,132" hai3="80,8,134,93,70,41,128,91,115,119,96,42,94"/><W108/><G115/><T97/><D28/><U122/><E122/><V67/><F132/><W26/><G70/><T103/><D14/><U22/><E39/><V23/><F127/><W65/><G119/><T82/><D5/><U135/><E135/><V52/><F67/><W107/><G107/><T75/><D120/><U66/><E66/><V114/><F114/><W0/><G134/><T109/><D112/><U105/><E105/><V1/><F1/><W60/><G128/><T36/><D36/><U30/><E124/><V46/><F33/><W27/><G80/><T34/><D34/><U13/><E111/><V95/><F32/><W121/><G121/><T130/><D109/><U72/><E55/><N who="2" m="21035" /><F31/><W16/><G108/><T57/><D57/><U123/><E123/><V116/><F87/><N who="3" m="52479" /><G0/><T131/><D77/><U11/><E11/><N who="2" m="4583" /><F116/><W48/><G8/><T61/><D61/><U19/><E83/><V6/><F6/><W64/><G64/><T50/><D50/><AGARI ba="0,0" hai="20,23,43,46,50,95,98,101" m="4583,21035" machi="50" ten="30,3900,0" yaku="8,1,52,1,54,1" doraHai="40" who="2" fromWho="0" sc="137,-39,357,0,240,39,266,0" owari="98,-40.2,357,45.7,279,7.9,266,-13.4" /></mjloggm>