<mjloggm ver="2.3"><GO type="225" lobby="0"/><UN n0="%E3%82%BC%E3%83%AB%E3%83%80%E3%81%AE%E4%BC%9D%E8%AA%AC" n1="%E3%81%95%E3%82%88%E3%81%AA%E3%82%89%E3%83%9A%E3%81%BA%E3%83%9A" n2="%72%61%6B%33" n3="%E3%81%86%E3%83%BC%E3%81%B1%E3%83%BC" dan="17,16,17,17" rate="2217.97,2163.87,2135.49,2183.51" sx="M,F,M,F"/><TAIKYOKU oya="0"/><INIT seed="0,0,0,0,3,125" ten="250,250,250,250" oya="0" hai0="98,63,108,92,71,31,3,106,121,33,13,81,17" hai1="84,75,44,88,51,14,126,115,120,94,122,1,43" hai2="105,90,53,109,15,49,91,107,10,18,8,78,64" hai3="70,58,101,46,4,36,96,124,118,86,47,130,56"/><T102/><D121/><U129/><E126/><V110/><F64/><W133/><G124/><T77/><D3/><U23/><E115/><V32/><F32/><W61/><G118/><T28/><D108/><N who="2" m="41578" /><F78/><W37/><G70/><T7/><D7/><U24/><E1/><V21/><F91/><W35/><G35/><T57/><D71/><U89/><E75/><V41/><F41/><W62/><G4/><T48/><D48/><U55/><E129/><V45/><F90/><W80/><G133/><T50/><D50/><U135/><E135/><V9/><AGARI ba="0,0" hai="8,9,10,15,18,21,45,49,53,105,107" m="41578" machi="9" ten="30,1100,0" yaku="14,1" doraHai="125" who="2" fromWho="2" sc="250,-5,250,-3,250,11,250,-3" /><INIT seed="1,0,0,2,5,114" ten="245,247,261,247" oya="1" hai0="46,26,38,59,88,93,97,107,79,76,19,81,75" hai1="53,39,67,52,125,4,86,14,85,108,103,65,72" hai2="83,104,11,31,134,121,87,122,55,25,57,61,30" hai3="99,60,3,34,17,51,33,112,7,23,49,36,18"/><U22/><E72/><V106/><F134/><W69/><G36/><T117/><D117/><U21/><E39/><V124/><F124/><W100/><G112/><T28/><D76/><U37/><E125/><V47/><F11/><W132/><G7/><T73/><D107/><U95/><E37/><V20/><F31/><W62/><G3/><T135/><D135/><U64/><E108/><V131/><F131/><W56/><G132/><T35/><D59/><U16/><E4/><V0/><F0/><W2/><G2/><T94/><D19/><U128/><E128/><V109/><F109/><W58/><G99/><T48/><D93/><U74/><E74/><V9/><F9/><W101/><REACH who="3" step="1"/><G23/><REACH who="3" ten="245,247,261,237" step="2"/><T118/><D38/><U113/><E113/><V116/><F20/><W63/><G63/><T15/><D118/><U32/><E32/><V120/><F116/><W44/><G44/><T10/><D46/><U77/><E22/><V133/><F47/><W105/><G105/><T71/><D48/><U12/><E12/><V45/><F45/><W102/><G102/><T82/><D15/><U6/><E6/><V50/><F50/><W119/><G119/><T96/><D10/><U13/><E13/><V78/><F133/><W126/><G126/><T5/><D5/><U129/><E129/><V40/><F40/><W127/><G127/><T90/><D97/><N who="1" m="59839" /><E85/><V29/><F106/><W91/><G91/><T70/><D90/><U24/><E14/><V80/><F104/><W42/><G42/><T68/><D75/><U123/><E123/><N who="2" m="31491" /><V92/><DORA hai="89" /><F87/><W54/><G54/><RYUUKYOKU ba="0,1" sc="245,10,247,10,261,-30,237,10" hai0="26,28,35,68,70,71,73,79,81,82,88,94,96" hai1="16,21,24,52,53,64,65,67,77,86" hai3="17,18,33,34,49,51,56,58,60,62,69,100,101" /><INIT seed="1,1,1,5,5,101" ten="255,257,231,247" oya="1" hai0="76,34,132,100,121,82,103,90,130,94,33,135,119" hai1="39,63,81,122,59,14,46,48,0,93,74,120,91" hai2="134,50,73,106,105,70,117,13,123,84,78,21,16" hai3="29,88,37,64,75,83,24,104,112,57,28,18,51"/><U8/><E39/><V116/><F123/><W15/><G112/><T42/><D42/><U22/><E0/><V92/><F70/><W110/><G37/><T124/><D119/><U79/><E22/><V3/><F3/><W19/><G104/><T6/><D6/><U58/><E58/><V41/><F73/><W102/><G102/><N who="0" m="38955" /><D33/><U30/><E30/><V126/><F126/><W85/><G75/><N who="0" m="43295" /><D34/><U38/><E38/><V31/><F31/><W23/><G110/><T89/><D124/><U118/><E118/><V11/><F134/><N who="0" m="51242" /><D121/><U128/><E128/><V36/><F36/><W12/><G24/><T113/><D113/><U80/><E48/><V5/><F117/><W25/><G25/><T2/><D2/><U44/><E120/><V49/><F49/><W107/><G107/><T114/><D114/><U65/><E122/><V69/><F116/><W9/><G51/><T67/><D67/><U98/><REACH who="1" step="1"/><E80/><REACH who="1" ten="255,247,231,247" step="2"/><N who="2" m="47127" /><F69/><W111/><G111/><T61/><D130/><U99/><E99/><V35/><F35/><W7/><G29/><T43/><D61/><U127/><E127/><V26/><F92/><W97/><G28/><T32/><D32/><U54/><E54/><V66/><F66/><W125/><G125/><T115/><D115/><U47/><E47/><AGARI ba="1,2" hai="5,11,13,16,21,26,41,47,50,105,106" m="47127" machi="47" ten="30,7700,0" yaku="25,1,52,2,54,1" doraHai="101" who="2" fromWho="1" sc="255,0,247,-80,231,100,247,0" /><INIT seed="2,0,0,1,5,127" ten="255,167,331,247" oya="2" hai0="48,111,22,126,28,19,66,58,57,135,129,119,49" hai1="56,80,43,93,15,12,18,85,55,73,103,65,94" hai2="41,21,23,30,75,47,125,72,42,133,64,32,115" hai3="123,104,3,121,68,90,31,14,6,106,16,74,118"/><V83/><F115/><W69/><G118/><T109/><D126/><U44/><E73/><V63/><F125/><W110/><G74/><T100/><D119/><U92/><E65/><V114/><F32/><W7/><G31/><T5/><D135/><U81/><E103/><V98/><F133/><W78/><G90/><T54/><D129/><U37/><E81/><V60/><F98/><W2/><G14/><T29/><D5/><U120/><E120/><V10/><F10/><W95/><G95/><T131/><D131/><U52/><E15/><V27/><F114/><W91/><G91/><T36/><D36/><U116/><E116/><V108/><F108/><N who="0" m="41546" /><D100/><U8/><REACH who="1" step="1"/><E56/><REACH who="1" ten="255,157,331,247" step="2"/><V130/><F83/><W61/><G110/><T17/><D66/><U82/><E82/><V112/><F64/><W38/><G78/><AGARI ba="0,1" hai="8,12,18,37,43,44,52,55,78,80,85,92,93,94" machi="78" ten="40,2600,0" yaku="1,1,54,1,53,0" doraHai="127" doraHaiUra="128" who="1" fromWho="3" sc="255,0,157,36,331,0,247,-26" /><INIT seed="3,0,0,0,3,21" ten="255,193,331,221" oya="3" hai0="5,98,11,29,58,51,101,109,102,28,14,91,24" hai1="95,6,60,93,134,100,89,78,107,86,12,94,63" hai2="79,130,62,124,53,119,52,31,9,15,61,129,106" hai3="33,2,114,121,10,40,1,48,72,39,17,16,125"/><W105/><G114/><T122/><D109/><U127/><E127/><V50/><F119/><W49/><G121/><T113/><D122/><U66/><E134/><V57/><F124/><W4/><G105/><T116/><D116/><U71/><E107/><V75/><F106/><W25/><G2/><T132/><D132/><U34/><E34/><V70/><F70/><W131/><G125/><T69/><D69/><U8/><E78/><V56/><F31/><N who="0" m="11850" /><D24/><U42/><E42/><V115/><F115/><W118/><G118/><T123/><D123/><U30/><E30/><V103/><F103/><N who="0" m="39434" /><D113/><U82/><REACH who="1" step="1"/><E63/><REACH who="1" ten="255,183,331,221" step="2"/><V128/><F62/><W97/><G33/><T110/><D110/><U27/><E27/><V64/><F79/><W74/><G25/><T7/><D7/><U117/><E117/><V13/><F130/><W18/><G131/><T108/><D108/><U35/><E35/><V47/><F129/><W84/><G4/><T43/><D43/><U54/><E54/><V0/><F53/><W88/><G40/><T120/><D120/><U59/><E59/><V73/><F52/><W67/><G67/><T96/><D58/><U111/><E111/><V87/><F57/><W20/><G74/><T92/><D51/><U26/><E26/><V135/><F75/><W90/><G72/><T126/><D126/><U112/><E112/><V41/><F73/><W80/><G49/><T45/><D45/><U65/><E65/><V104/><F128/><W99/><G48/><T81/><D5/><U77/><E77/><V32/><F50/><W46/><G46/><T68/><D68/><RYUUKYOKU ba="0,1" sc="255,-10,183,30,331,-10,221,-10" hai1="6,8,12,60,66,71,82,86,89,93,94,95,100" owari="245,4.5,213,-18.7,331,43.1,211,-28.9" /></mjloggm>