<mjloggm ver="2.3"><GO type="225" lobby="0"/><UN n0="%6D%75%75%6D%75%72%61" n1="%E3%81%B2%E3%81%AA%E3%81%AE%E3%82%8A%E3%81%8F" n2="%E5%B8%86%E7%AB%8B%E5%A4%8F%E8%A1%A3" n3="%E3%81%86%E3%83%BC%E3%81%B1%E3%83%BC" dan="16,17,16,17" rate="2145.92,2215.05,2050.31,2184.08" sx="F,M,M,F"/><TAIKYOKU oya="0"/><INIT seed="0,0,0,5,0,1" ten="250,250,250,250" oya="0" hai0="72,4,40,103,44,118,122,48,6,113,112,60,49" hai1="127,3,85,81,105,94,23,123,102,7,5,75,111" hai2="35,42,26,78,61,69,106,16,134,70,15,14,130" hai3="121,132,71,34,30,64,126,28,68,104,108,66,76"/><T55/><D118/><U8/><E123/><V56/><F130/><W0/><G121/><T129/><D122/><U13/><E111/><V91/><F134/><W53/><G108/><T89/><D129/><U115/><E127/><V86/><F106/><W25/><G132/><T79/><D103/><U37/><E37/><V19/><F78/><W38/><G126/><T31/><D31/><U120/><E120/><V17/><F42/><W50/><G30/><T32/><D32/><U2/><E105/><V117/><F117/><W58/><G104/><T97/><D60/><U95/><E75/><V109/><F109/><W110/><G110/><T47/><D79/><U135/><E135/><V114/><F114/><W11/><G38/><T77/><D97/><U59/><E59/><V45/><F45/><W125/><G76/><T46/><D46/><U99/><E95/><V74/><F74/><W98/><G98/><T20/><D89/><U100/><E100/><V54/><F26/><W10/><G125/><T62/><D62/><U131/><E131/><V52/><F35/><W133/><G133/><T90/><D90/><N who="1" m="51503" /><E3/><V65/><F70/><W39/><G39/><T27/><D77/><U24/><E2/><V57/><F69/><W107/><G107/><T124/><D72/><U101/><E101/><V119/><F119/><W22/><G34/><T82/><D124/><U83/><E115/><N who="0" m="44105" /><D82/><U18/><E83/><N who="2" m="49631" /><F65/><N who="3" m="25195" /><G0/><T93/><D93/><U96/><E96/><V116/><F116/><W73/><G73/><T84/><D84/><U67/><E67/><V36/><F36/><W41/><G41/><RYUUKYOKU ba="0,0" sc="250,0,250,0,250,0,250,0" hai0="4,6,20,27,40,44,47,48,49,55" hai1="5,7,8,13,18,23,24,94,99,102" hai2="14,15,16,17,19,52,54,56,57,61" hai3="10,11,22,25,28,50,53,58,68,71" /><INIT seed="0,1,0,0,1,121" ten="250,250,250,250" oya="0" hai0="83,35,134,111,61,8,55,112,99,25,118,67,62" hai1="31,18,11,13,42,23,92,85,4,19,94,69,20" hai2="128,33,56,109,129,26,77,73,37,110,107,40,123" hai3="86,75,68,135,113,16,63,71,47,44,81,104,117"/><T51/><D112/><U7/><E69/><V74/><F107/><W27/><G113/><T1/><D118/><U15/><E42/><V82/><F123/><W78/><G117/><T50/><D134/><U10/><REACH who="1" step="1"/><E85/><REACH who="1" ten="250,240,250,250" step="2"/><V52/><F40/><W9/><G71/><T108/><D108/><N who="2" m="41578" /><F74/><W53/><G86/><T106/><D111/><U36/><E36/><V58/><F37/><W28/><G68/><T3/><D3/><U98/><E98/><V6/><F6/><W132/><G135/><T39/><D39/><U126/><E126/><V100/><F100/><W48/><G132/><T114/><D1/><U120/><E120/><V64/><F64/><W84/><G75/><T24/><D67/><U2/><E2/><V32/><F58/><W103/><G103/><T14/><D114/><U133/><E133/><V21/><F129/><W17/><G47/><T115/><D115/><U130/><E130/><V43/><F43/><W91/><G44/><T12/><D99/><U105/><E105/><V131/><F131/><W66/><G104/><T72/><D106/><U34/><E34/><V0/><F0/><W57/><G66/><T45/><D72/><U41/><E41/><V90/><F128/><W29/><G57/><T87/><D45/><U59/><E59/><V79/><F79/><W60/><G78/><T5/><D35/><U119/><E119/><V54/><F90/><W30/><G91/><T93/><D87/><U38/><E38/><V46/><F46/><N who="3" m="27799" /><G84/><T102/><D102/><U122/><E122/><V65/><F65/><W97/><G97/><T80/><D55/><RYUUKYOKU ba="1,1" sc="250,-10,240,30,250,-10,250,-10" hai1="4,7,10,11,13,15,18,19,20,23,31,92,94" /><INIT seed="1,2,1,1,2,40" ten="240,270,240,240" oya="1" hai0="8,36,57,16,135,75,9,70,3,65,71,94,7" hai1="108,79,45,119,88,41,46,15,102,17,113,14,124" hai2="58,52,125,122,115,50,6,73,84,64,106,56,134" hai3="53,10,62,130,55,24,128,118,114,22,37,107,109"/><U83/><E113/><V81/><F106/><W43/><G114/><T110/><D110/><U61/><E119/><V121/><F115/><W77/><G109/><T32/><D135/><U0/><E0/><V18/><F134/><W123/><G123/><T105/><D105/><U13/><E108/><V26/><F73/><W67/><G107/><T89/><D32/><U33/><E33/><V112/><F112/><W21/><G10/><T66/><D75/><U80/><E102/><V11/><F125/><W51/><G77/><T72/><D72/><U4/><E4/><V129/><F129/><N who="3" m="49771" /><G37/><T131/><D36/><U98/><E124/><V31/><F64/><W38/><G38/><T96/><D131/><U93/><E41/><V12/><F6/><W47/><G118/><T76/><D76/><U111/><E111/><V68/><F68/><N who="3" m="42103" /><G22/><T35/><D35/><U19/><E61/><V63/><F63/><W20/><G21/><T60/><REACH who="0" step="1"/><D66/><REACH who="0" ten="230,270,240,240" step="2"/><U103/><E79/><V48/><F122/><W116/><G116/><T74/><D74/><U59/><E103/><V2/><F121/><W91/><G91/><T86/><D86/><U120/><E120/><V44/><F84/><W127/><G127/><T42/><D42/><U97/><E97/><V25/><F2/><W39/><G39/><T126/><D126/><U133/><E133/><V29/><F29/><AGARI ba="2,2" hai="20,24,29,43,47,51,53,55" m="42103,49771" machi="29" ten="30,2000,0" yaku="19,1,52,1" doraHai="40" who="3" fromWho="2" sc="230,0,270,0,240,-26,240,46" /><INIT seed="2,0,0,5,1,65" ten="230,270,214,286" oya="2" hai0="57,15,94,40,52,72,22,81,79,43,115,124,88" hai1="80,67,95,12,64,31,28,123,128,33,50,54,101" hai2="46,68,71,73,118,9,38,70,48,119,127,116,114" hai3="74,53,45,66,29,77,39,126,120,36,102,49,75"/><V2/><F73/><W86/><G120/><T32/><D32/><U111/><E123/><V98/><F114/><W0/><G0/><T4/><D115/><U109/><E128/><V11/><F127/><W83/><G126/><T10/><D22/><U93/><E80/><V92/><F38/><W58/><G102/><T35/><D35/><U122/><E122/><V13/><F2/><W134/><G134/><T89/><D124/><U104/><E104/><V34/><F34/><W1/><G1/><T44/><D94/><N who="1" m="35851" /><E101/><V131/><F131/><W129/><G29/><N who="1" m="11338" /><E12/><V133/><F133/><W112/><G112/><T62/><REACH who="0" step="1"/><D43/><REACH who="0" ten="220,270,214,286" step="2"/><U8/><E33/><V96/><F92/><W87/><G129/><T78/><D78/><U121/><E121/><V37/><F37/><AGARI ba="0,1" hai="4,10,15,37,40,44,52,57,62,72,79,81,88,89" machi="37" ten="30,7700,0" yaku="1,1,7,1,54,2,53,0" doraHai="65" doraHaiUra="103" who="0" fromWho="2" sc="220,87,270,0,214,-77,286,0" /><INIT seed="3,0,0,2,4,87" ten="307,270,137,286" oya="3" hai0="35,132,82,116,128,30,88,5,50,10,94,43,54" hai1="110,49,102,48,34,130,32,123,7,93,56,118,14" hai2="90,17,8,19,59,40,58,25,122,77,27,18,129" hai3="4,6,0,72,47,22,63,16,52,92,33,53,124"/><W45/><G72/><T81/><D116/><U76/><E123/><V60/><F122/><W21/><G33/><T91/><D128/><U71/><E71/><V106/><F106/><W126/><G0/><T31/><D132/><U24/><E76/><V98/><F77/><W127/><G92/><T44/><D35/><U46/><E110/><V3/><F129/><W111/><G111/><T62/><D10/><U99/><E118/><V26/><F3/><W39/><G22/><T85/><D5/><N who="3" m="2153" /><G63/><T61/><D82/><U109/><E109/><V74/><F74/><W135/><G135/><T41/><D62/><U105/><E105/><V1/><F1/><W114/><G114/><T113/><D113/><U66/><E34/><V86/><F40/><N who="0" m="15434" /><D61/><U115/><E32/><V95/><F8/><W83/><G83/><T125/><D125/><U80/><E80/><V69/><F69/><W15/><G39/><T73/><D73/><U9/><E115/><V29/><F29/><W36/><G36/><T28/><D28/><U101/><E66/><V131/><F131/><W23/><G23/><T42/><D42/><N who="1" m="24663" /><E24/><V67/><REACH who="2" step="1"/><F98/><AGARI ba="0,0" hai="30,31,44,50,54,81,85,88,91,94,98" m="15434" machi="98" ten="30,7700,0" yaku="8,1,52,2,54,1" doraHai="87" who="0" fromWho="2" sc="307,77,270,0,137,-77,286,0" owari="384,48.4,270,-13.0,60,-44.0,286,8.6" /></mjloggm>