<mjloggm ver="2.3"><GO type="225" lobby="0"/><UN n0="%E9%80%9F%E6%B0%B4%E5%87%9B%E9%A6%99" n1="%6B%79%6F%6E%6B%6F%31%31" n2="%E3%81%9F%E3%81%93%E2%98%86%E7%84%BC%E3%81%8D" n3="%E3%83%9E%E3%82%AB%E3%83%92%E3%82%AD" dan="16,17,16,16" rate="2120.08,2213.31,2090.03,2107.37" sx="F,M,M,M"/><TAIKYOKU oya="0"/><INIT seed="0,0,0,4,3,122" ten="250,250,250,250" oya="0" hai0="109,94,77,124,97,52,61,29,26,131,69,36,30" hai1="89,133,74,106,91,134,0,117,42,57,129,114,55" hai2="70,62,113,32,102,100,66,33,115,68,24,41,15" hai3="44,116,101,82,46,81,125,40,99,80,104,76,59"/><T72/><D131/><U38/><E117/><V34/><F24/><W9/><G116/><T121/><D36/><U83/><E0/><V105/><F15/><W2/><G125/><T128/><D121/><U21/><E129/><V84/><F84/><W43/><G59/><T8/><D128/><U13/><E106/><V20/><F20/><W65/><G65/><T92/><D124/><U14/><E114/><V25/><F25/><W50/><G2/><T6/><D94/><U4/><E4/><V64/><F41/><W39/><REACH who="3" step="1"/><G9/><REACH who="3" ten="250,250,250,240" step="2"/><T10/><D10/><U75/><E57/><V103/><F105/><W67/><G67/><T108/><D69/><U73/><E134/><V47/><F115/><W126/><G126/><T1/><D61/><U111/><E133/><V135/><F113/><W127/><G127/><T51/><D26/><U130/><E130/><V22/><F135/><W53/><G53/><T18/><D18/><U87/><E55/><V19/><F64/><W23/><G23/><T90/><D72/><AGARI ba="0,1" hai="39,40,43,44,46,50,72,76,80,81,82,99,101,104" machi="72" ten="30,2000,0" yaku="1,1,7,1,53,0" doraHai="122" doraHaiUra="16" who="3" fromWho="0" sc="250,-20,250,0,250,0,240,30" /><INIT seed="1,0,0,0,2,81" ten="230,250,250,270" oya="1" hai0="3,74,97,45,46,49,1,99,112,125,113,135,102" hai1="71,58,11,100,76,40,12,75,13,41,31,59,65" hai2="39,16,8,80,48,43,68,92,104,27,87,54,117" hai3="98,120,32,44,36,78,6,30,119,26,18,111,109"/><U33/><E75/><V14/><F104/><W128/><G120/><T91/><D74/><U21/><E33/><V42/><F68/><W127/><G127/><T106/><D125/><U62/><E76/><V23/><F39/><W133/><G133/><T73/><D73/><U124/><E124/><V61/><F61/><W4/><G128/><T132/><D49/><U118/><E118/><V122/><F92/><W24/><G78/><T15/><D15/><U110/><E71/><V123/><F117/><W7/><G98/><T85/><D45/><U95/><E59/><V88/><F122/><W115/><G44/><T77/><D46/><U22/><E13/><V60/><F60/><W67/><G67/><T19/><D19/><U29/><E110/><N who="3" m="41994" /><G36/><T105/><D1/><U116/><E116/><V66/><F66/><W114/><G119/><T70/><D3/><U5/><E22/><AGARI ba="0,0" hai="4,6,7,18,22,24,26,30,32,114,115" m="41994" machi="22" ten="30,3900,0" yaku="14,1,34,2" doraHai="81" who="3" fromWho="1" sc="230,0,250,-39,250,0,270,39" /><INIT seed="2,0,0,1,2,84" ten="230,211,250,309" oya="2" hai0="53,58,105,9,122,71,40,47,35,68,48,10,81" hai1="94,57,88,103,2,101,95,109,62,23,36,43,20" hai2="73,132,1,69,34,39,33,104,54,79,133,4,6" hai3="18,19,59,82,76,7,32,56,77,0,51,89,27"/><V28/><F54/><W52/><G0/><T87/><D105/><U74/><E74/><V8/><F104/><W38/><G38/><T75/><D35/><N who="2" m="13322" /><F28/><W111/><G111/><T115/><D75/><U80/><E2/><V108/><F4/><W113/><G7/><T131/><D115/><U90/><E109/><V125/><F108/><W49/><G113/><T31/><D31/><U96/><E80/><N who="2" m="45167" /><F39/><W110/><G32/><T60/><D122/><U42/><E36/><V30/><F30/><W26/><G110/><T126/><D126/><U61/><E96/><V119/><F69/><W85/><G77/><T107/><D107/><U63/><E63/><V15/><F15/><W44/><G76/><T55/><D131/><U24/><E57/><N who="3" m="22090" /><G51/><T25/><D25/><AGARI ba="0,0" hai="20,23,24,25,42,43,61,62,88,90,94,95,101,103" machi="25" ten="25,12000,2" yaku="22,2,8,1,52,2,54,1" doraHai="84" who="1" fromWho="0" sc="230,-120,211,120,250,0,309,0" /><AGARI ba="0,0" hai="18,19,25,26,27,44,49,52,82,85,89" m="22090" machi="25" ten="30,3900,0" yaku="8,1,52,1,54,1" doraHai="84" who="3" fromWho="0" sc="110,-39,331,0,250,0,309,39" /><BYE who="0" /><INIT seed="3,0,0,0,0,94" ten="71,331,250,348" oya="3" hai0="3,22,123,71,25,28,48,76,42,27,64,14,17" hai1="125,65,109,119,21,56,113,116,117,19,77,2,73" hai2="85,91,67,34,102,100,13,1,49,41,51,72,84" hai3="43,53,78,6,83,122,5,132,20,121,99,66,9"/><W47/><G132/><T55/><D55/><U95/><E2/><V7/><F1/><W130/><G130/><T32/><D32/><U104/><E113/><V112/><F72/><W29/><G66/><T80/><D80/><N who="1" m="45103" /><E104/><V69/><F34/><W61/><G61/><T88/><D88/><U97/><E109/><V4/><F69/><W52/><G99/><T8/><D8/><U89/><E125/><V98/><F67/><W103/><G103/><T15/><D15/><N who="1" m="9471" /><E65/><V37/><F13/><W23/><G5/><T11/><D11/><U126/><E126/><V120/><F41/><W128/><G128/><T135/><D135/><U70/><E56/><V129/><F91/><W50/><G122/><T118/><D118/><U86/><E70/><V105/><F129/><W96/><G96/><AGARI ba="0,0" hai="86,89,95,96,97,116,117,119" m="9471,45103" machi="96" ten="30,3900,0" yaku="12,1,52,2" doraHai="94" who="1" fromWho="3" sc="71,0,331,39,250,0,348,-39" owari="71,-42.9,370,47.0,250,-15.0,309,10.9" /></mjloggm>