<mjloggm ver="2.3"><GO type="225" lobby="0"/><UN n0="%48%61%61%61%6C%61%6E%64" n1="%E4%BF%BA%E3%81%A8%E5%A6%96%E5%A4%A2" n2="%72%69%6F%75%63%68%61%6E" n3="%6D%75%75%6D%75%72%61" dan="17,17,16,16" rate="2161.23,2204.18,2165.05,2111.71" sx="M,F,M,F"/><TAIKYOKU oya="0"/><INIT seed="0,0,0,3,3,114" ten="250,250,250,250" oya="0" hai0="84,11,67,83,135,47,16,102,27,17,59,127,22" hai1="130,68,36,12,117,48,70,5,40,107,32,61,14" hai2="9,119,118,55,39,66,80,33,10,112,90,125,73" hai3="64,109,103,57,46,101,50,52,75,74,85,105,44"/><T113/><D113/><U100/><E32/><V45/><F125/><W108/><G85/><T19/><D127/><U63/><E100/><N who="3" m="38474" /><G105/><T77/><D135/><U96/><E96/><V60/><F112/><W7/><G7/><T26/><D102/><U120/><E107/><V35/><F9/><W13/><G13/><T132/><D132/><U98/><E98/><V42/><F10/><W81/><G81/><T43/><D11/><U104/><E104/><V97/><F55/><W28/><G28/><T76/><D76/><U30/><E30/><V20/><F20/><W115/><G115/><T95/><D95/><U110/><E5/><V134/><F134/><W106/><G106/><T18/><D26/><U99/><E12/><V21/><F21/><W91/><G91/><T126/><D126/><U123/><E14/><V23/><F23/><W129/><G64/><T1/><D1/><U41/><E99/><V78/><F97/><W49/><G49/><N who="0" m="26879" /><D18/><U62/><E36/><V31/><F90/><W56/><G56/><T53/><D67/><U71/><E130/><V86/><F86/><W69/><G69/><T82/><D83/><U87/><E87/><V15/><F15/><W2/><G2/><T116/><D116/><N who="2" m="44586" /><F31/><W51/><G129/><T72/><D84/><U8/><E8/><V124/><F124/><W54/><G46/><T121/><D22/><U122/><E117/><V79/><F79/><W88/><G88/><T133/><D133/><U92/><E92/><V0/><F0/><W4/><G4/><T111/><D77/><U65/><E65/><V131/><F131/><RYUUKYOKU ba="0,0" sc="250,-15,250,-15,250,15,250,15" hai2="33,35,39,42,45,60,66,73,78,80" hai3="44,50,51,52,54,57,74,75,108,109" /><INIT seed="1,1,0,1,5,115" ten="235,235,265,265" oya="1" hai0="10,23,67,69,117,95,76,97,53,3,116,121,113" hai1="37,8,28,92,64,70,26,132,112,21,123,135,58" hai2="79,43,105,127,96,57,52,50,13,84,62,91,19" hai3="89,41,72,104,55,77,40,27,59,128,4,93,22"/><U110/><E112/><V85/><F127/><W122/><G104/><T134/><D113/><U20/><E123/><V32/><F32/><W38/><G122/><T30/><D121/><U103/><E70/><V86/><F79/><W49/><G128/><T36/><D36/><U47/><E8/><V101/><F43/><W68/><G68/><T130/><D130/><U42/><E20/><V126/><F126/><W39/><G4/><T81/><D134/><U98/><REACH who="1" step="1"/><E110/><REACH who="1" ten="235,225,265,265" step="2"/><V17/><F62/><AGARI ba="1,1" hai="21,26,28,37,42,47,58,62,64,92,98,103,132,135" machi="62" ten="40,12000,1" yaku="1,1,2,1,25,2,53,0" doraHai="115" doraHaiUra="11" who="1" fromWho="2" sc="235,0,225,133,265,-123,265,0" /><INIT seed="1,2,0,5,1,101" ten="235,358,142,265" oya="1" hai0="54,128,5,73,7,26,102,4,65,86,98,124,135" hai1="100,10,91,44,71,66,79,72,43,113,95,59,12" hai2="104,24,111,53,94,75,39,89,68,56,96,105,30" hai3="74,13,16,62,8,87,52,28,108,110,60,35,130"/><U41/><E113/><V112/><F68/><W37/><G74/><T125/><D73/><U117/><E117/><V134/><F39/><W132/><G37/><T0/><D128/><U97/><E71/><V15/><F75/><W6/><G130/><T122/><D135/><U115/><E115/><V42/><F112/><W22/><G132/><T51/><D122/><U83/><E66/><V55/><F134/><W47/><G87/><T21/><D86/><U116/><E116/><V14/><F42/><W33/><G28/><T3/><D65/><U127/><E127/><N who="0" m="48713" /><D51/><U50/><E59/><V31/><F111/><N who="3" m="42539" /><G47/><T17/><D54/><U48/><E91/><V92/><F24/><N who="3" m="14407" /><G52/><T40/><D40/><U64/><E64/><V11/><F11/><W18/><G18/><T36/><D36/><U57/><E57/><V90/><F56/><W106/><G106/><AGARI ba="2,0" hai="0,3,4,5,7,17,21,26,98,102,106" m="48713" machi="106" ten="30,2000,0" yaku="18,1,52,1" doraHai="101" who="0" fromWho="3" sc="235,26,358,0,142,0,265,-26" /><INIT seed="2,0,0,3,5,102" ten="261,358,142,239" oya="2" hai0="100,6,39,46,97,79,43,76,64,105,119,33,38" hai1="54,59,0,28,61,82,116,73,111,30,107,49,124" hai2="134,128,77,10,115,84,103,83,91,14,86,127,67" hai3="42,45,130,117,22,44,113,57,1,88,19,69,90"/><V70/><F115/><W48/><G69/><T68/><D119/><U9/><E116/><V25/><F128/><W47/><G117/><T55/><D39/><U29/><E111/><V5/><F127/><W132/><G130/><T129/><D129/><U4/><E124/><V74/><F134/><W92/><G1/><T26/><D55/><U40/><E73/><V41/><F41/><W71/><G71/><T2/><D6/><U98/><E82/><V17/><F103/><W85/><G132/><T3/><D79/><U95/><E107/><V65/><F70/><W63/><G90/><T78/><D78/><U20/><E40/><V121/><F121/><W62/><G62/><N who="0" m="39959" /><D76/><U36/><E36/><V131/><F131/><W51/><G113/><T118/><D118/><U123/><E123/><V89/><F74/><W106/><G106/><T87/><D87/><U120/><E120/><V96/><F96/><W11/><G11/><T58/><D58/><U135/><E135/><V114/><F114/><W122/><G122/><T23/><D23/><U37/><E37/><V109/><F109/><W8/><G8/><T72/><D72/><U94/><E94/><N who="2" m="54567" /><F77/><W53/><REACH who="3" step="1"/><G42/><REACH who="3" ten="261,358,142,229" step="2"/><T81/><D81/><U104/><E104/><V52/><F52/><W27/><AGARI ba="0,1" hai="19,22,27,44,45,47,48,51,53,57,63,85,88,92" machi="27" ten="30,12000,2" yaku="1,1,2,1,0,1,8,1,54,1,53,1" doraHai="102" doraHaiUra="21" who="3" fromWho="3" sc="261,-30,358,-30,142,-60,229,130" /><INIT seed="3,0,0,5,0,69" ten="231,328,82,359" oya="3" hai0="16,121,76,23,117,32,109,112,77,30,8,85,0" hai1="3,51,89,90,5,99,42,22,27,59,110,71,125" hai2="130,36,11,65,107,19,68,122,9,25,132,20,61" hai3="56,108,135,12,111,33,79,62,18,94,129,126,102"/><W6/><G129/><T80/><D117/><U124/><E71/><V127/><F127/><W101/><G126/><T106/><D121/><U116/><E116/><V54/><F130/><W49/><G33/><T118/><D118/><U103/><E110/><N who="3" m="42026" /><G6/><T44/><D106/><U64/><E125/><V10/><F132/><W97/><G49/><T123/><D123/><U55/><E124/><V47/><F122/><W114/><G79/><T70/><D70/><U21/><E64/><V41/><F107/><W2/><G2/><T86/><D112/><U24/><E42/><V72/><F72/><W119/><G119/><T91/><D109/><U26/><E5/><V28/><F28/><W34/><G34/><T15/><D44/><U66/><E66/><V78/><F78/><W29/><G29/><T83/><D32/><U43/><E43/><V17/><F17/><W7/><G7/><T104/><D104/><U100/><E3/><V40/><F41/><W73/><G73/><T128/><D128/><U134/><E134/><V39/><REACH who="2" step="1"/><F54/><REACH who="2" ten="231,328,72,359" step="2"/><N who="3" m="34071" /><G135/><T13/><D30/><U75/><E75/><V53/><F53/><W14/><G114/><T48/><D76/><U133/><E133/><V88/><F88/><N who="1" m="33897" /><E99/><V81/><F81/><W93/><G18/><T95/><D83/><U1/><E1/><V105/><F105/><W98/><AGARI ba="0,1" hai="12,14,93,94,97,98,101,102" m="34071,42026" machi="98" ten="30,3000,0" yaku="14,1,10,1" doraHai="69" who="3" fromWho="3" sc="231,-10,328,-10,72,-10,359,40" owari="221,-17.9,318,11.8,62,-43.8,399,49.9" /></mjloggm>