<mjloggm ver="2.3"><GO type="225" lobby="0"/><UN n0="%E3%81%8C%E3%81%9F" n1="%4B%2E%32%2E%4B%2E" n2="%E8%80%81%E6%A5%BD" n3="%E5%B8%86%E7%AB%8B%E5%A4%8F%E8%A1%A3" dan="17,17,16,16" rate="2201.81,2186.13,2107.54,2116.76" sx="F,M,M,M"/><TAIKYOKU oya="0"/><INIT seed="0,0,0,2,4,126" ten="250,250,250,250" oya="0" hai0="31,54,75,42,81,74,89,125,50,69,130,43,6" hai1="108,77,53,66,18,94,80,20,41,9,98,48,112" hai2="62,72,134,97,106,64,27,59,65,73,109,95,33" hai3="121,120,14,13,70,63,29,56,129,16,25,104,115"/><T38/><D69/><U37/><E108/><V117/><F109/><W36/><G36/><T101/><D125/><U15/><E112/><V71/><F134/><W131/><G104/><T67/><D67/><U79/><E66/><V128/><F117/><W45/><G45/><T47/><D101/><U100/><E41/><V90/><F106/><W87/><G87/><N who="0" m="50415" /><D31/><U24/><E80/><V111/><F111/><W119/><G70/><T84/><D6/><U93/><E93/><V58/><F128/><N who="3" m="49227" /><G119/><T32/><D32/><U2/><E2/><V135/><F135/><W78/><G78/><T92/><D75/><U118/><E37/><V123/><F71/><W133/><G115/><T76/><D74/><U23/><E23/><V122/><F72/><W102/><G102/><T21/><D38/><U22/><E20/><V8/><F73/><W39/><G39/><T49/><D130/><U26/><E26/><V105/><F105/><W107/><G107/><T113/><D113/><U57/><REACH who="1" step="1"/><E118/><REACH who="1" ten="250,240,250,250" step="2"/><V40/><F40/><W86/><G133/><T68/><D42/><U124/><E124/><V88/><F27/><W1/><G1/><T12/><D43/><U103/><E103/><V82/><F33/><N who="3" m="20655" /><G86/><T110/><D84/><U10/><E10/><V61/><F8/><N who="3" m="6183" /><G14/><T11/><D110/><U127/><E127/><V7/><F123/><W30/><G30/><AGARI ba="0,1" hai="9,15,18,22,24,30,48,53,57,77,79,94,98,100" machi="30" ten="30,7700,0" yaku="1,1,7,1,8,1,53,1" doraHai="126" doraHaiUra="51" who="1" fromWho="3" sc="250,0,240,87,250,0,250,-77" /><INIT seed="1,0,0,1,2,79" ten="250,327,250,173" oya="1" hai0="48,41,82,24,100,71,39,115,0,26,61,52,31" hai1="54,110,77,59,12,117,69,10,15,120,103,85,57" hai2="5,80,95,20,32,132,133,60,125,17,55,40,43" hai3="7,129,72,73,83,14,53,2,101,123,35,62,46"/><U68/><E117/><V105/><F105/><W107/><G129/><T89/><D115/><U124/><E120/><V29/><F5/><W94/><G123/><T118/><D118/><U21/><E124/><V23/><F32/><W25/><G2/><T22/><D0/><U90/><E77/><V116/><F116/><W96/><G107/><T36/><D100/><U6/><E103/><V37/><F37/><W86/><G73/><T113/><D113/><U44/><E44/><V3/><F3/><W135/><G72/><T97/><D41/><U4/><E110/><V33/><F33/><W128/><G135/><T58/><D24/><U87/><E21/><V42/><F95/><W56/><G128/><T131/><D131/><U102/><E102/><V28/><F20/><W109/><G109/><T38/><D97/><U27/><E27/><N who="2" m="14831" /><F125/><W126/><G126/><T88/><REACH who="0" step="1"/><D82/><REACH who="0" ten="240,327,250,173" step="2"/><U47/><E69/><V34/><F80/><W111/><G111/><T108/><D108/><U114/><E68/><V106/><F106/><W64/><G25/><T112/><D112/><U70/><E70/><V45/><F40/><W76/><G35/><T119/><D119/><U130/><E130/><V8/><F42/><W65/><REACH who="3" step="1"/><G46/><REACH who="3" ten="240,327,250,163" step="2"/><T74/><D74/><U121/><E47/><V127/><F127/><W122/><G122/><T67/><AGARI ba="0,2" hai="22,26,31,36,38,39,48,52,58,61,67,71,88,89" machi="67" ten="40,8000,1" yaku="1,1,0,1,54,2,53,0" doraHai="79" doraHaiUra="11" who="0" fromWho="0" sc="240,100,327,-40,250,-20,163,-20" /><INIT seed="2,0,0,2,3,101" ten="340,287,230,143" oya="2" hai0="68,47,73,23,36,90,19,91,29,70,64,84,83" hai1="106,118,125,58,4,85,31,130,40,72,94,12,129" hai2="80,33,67,42,75,102,43,8,30,82,15,28,95" hai3="55,25,78,0,105,57,135,17,50,69,103,48,27"/><V128/><F128/><N who="1" m="49257" /><E118/><V65/><F33/><W133/><G0/><T124/><D73/><U89/><E72/><V2/><F2/><W110/><G69/><T46/><D124/><U44/><E125/><V104/><F75/><W63/><G78/><T10/><D36/><U114/><E114/><V7/><F104/><W32/><G110/><T59/><D68/><U87/><E31/><N who="2" m="11819" /><F95/><W92/><G92/><T34/><D70/><U1/><E1/><V61/><F102/><W98/><G32/><T3/><D90/><U115/><E58/><N who="2" m="37047" /><F67/><W56/><G17/><T52/><D64/><U60/><E60/><V99/><F99/><W24/><REACH who="3" step="1"/><G63/><REACH who="3" ten="340,287,230,133" step="2"/><T38/><D34/><U132/><E94/><V77/><F77/><W131/><G131/><T127/><D3/><U76/><E76/><V121/><F121/><W81/><G81/><AGARI ba="0,1" hai="7,8,15,42,43,80,81,82" m="37047,11819" machi="81" ten="30,1500,0" yaku="8,1" doraHai="101" who="2" fromWho="3" sc="340,0,287,0,230,25,133,-15" /><INIT seed="2,1,0,5,1,73" ten="340,287,255,118" oya="2" hai0="76,68,49,87,120,16,81,48,31,65,20,26,83" hai1="127,71,113,77,38,40,78,4,33,110,121,12,94" hai2="52,37,3,28,115,57,108,86,95,100,47,114,123" hai3="107,135,55,90,99,19,67,103,119,64,102,82,9"/><V111/><F3/><W131/><G135/><T45/><D120/><U0/><E71/><V129/><F28/><W122/><G131/><T80/><D68/><U124/><E0/><V36/><F123/><W18/><G119/><T7/><D65/><U130/><E121/><V5/><F5/><W101/><G122/><T63/><D63/><U89/><E33/><V14/><F14/><W21/><G107/><T105/><D105/><U98/><E110/><N who="2" m="42027" /><F129/><W22/><G9/><T128/><D128/><U88/><E130/><V15/><F15/><W92/><G55/><N who="0" m="30095" /><D7/><U84/><E12/><V69/><F69/><W97/><G102/><T8/><D49/><U41/><E4/><V66/><F66/><W42/><G92/><T35/><D35/><U54/><E113/><N who="2" m="43019" /><F47/><W116/><G116/><T134/><D134/><U117/><E117/><V11/><F11/><W50/><G50/><T27/><D8/><U93/><E54/><V10/><F10/><W132/><G132/><T133/><D133/><U72/><E72/><V70/><F70/><W13/><G13/><N who="0" m="9231" /><D31/><U17/><E17/><V53/><F100/><W39/><G39/><N who="2" m="14921" /><F57/><W85/><G42/><N who="1" m="16490" /><E38/><V61/><F61/><W79/><G67/><T104/><D27/><U51/><E51/><V118/><F118/><W109/><G64/><T60/><D26/><U75/><E75/><V126/><F126/><AGARI ba="1,0" hai="77,78,84,88,89,93,94,98,124,126,127" m="16490" machi="126" ten="30,7700,0" yaku="18,1,52,2,54,1" doraHai="73" who="1" fromWho="2" sc="340,0,287,80,255,-80,118,0" /><INIT seed="3,0,0,4,4,46" ten="340,367,175,118" oya="3" hai0="16,39,129,135,78,88,25,95,53,27,49,50,2" hai1="13,81,3,15,131,83,119,92,5,36,98,51,128" hai2="33,72,43,45,68,60,44,42,94,122,63,6,74" hai3="55,90,19,77,47,56,127,34,76,40,82,21,121"/><W61/><G127/><T107/><D39/><U24/><E36/><V58/><F33/><W89/><G34/><T102/><D2/><U32/><E119/><V106/><F106/><W104/><G104/><T9/><D129/><N who="1" m="49739" /><E51/><V126/><F6/><W31/><G31/><T118/><D118/><U14/><E5/><V120/><F58/><W29/><G29/><T62/><D135/><U115/><E3/><V65/><F94/><W48/><G121/><N who="2" m="46697" /><F60/><W100/><G100/><T132/><D78/><U23/><E32/><V28/><F28/><W117/><G76/><T79/><D79/><U123/><E115/><V84/><F84/><W7/><G7/><T96/><D132/><U124/><E124/><V130/><F130/><W71/><G71/><T38/><D38/><U86/><E86/><V35/><F35/><W4/><G4/><T111/><D111/><U116/><E116/><V64/><F64/><W17/><G117/><T109/><D109/><U26/><E123/><V105/><F105/><W22/><G19/><T8/><D107/><U30/><E24/><N who="0" m="9289" /><D102/><AGARI ba="0,0" hai="13,14,15,23,26,30,81,83,92,98,102" m="49739" machi="102" ten="30,1000,0" yaku="19,1" doraHai="46" who="1" fromWho="0" sc="340,-10,367,10,175,0,118,0" owari="330,13.0,377,47.7,175,-22.5,118,-38.2" /></mjloggm>