<mjloggm ver="2.3"><GO type="225" lobby="0"/><UN n0="%E3%81%9F%E3%81%8C%E3%82%84%E3%81%99" n1="%E3%82%BC%E3%83%AB%E3%83%80%E3%81%AE%E4%BC%9D%E8%AA%AC" n2="%E6%9D%B1%E9%A2%A8%E3%81%AE%E3%81%8D%E3%82%83%E3%81%B7%E3%81%95%E3%82%93" n3="%E5%B0%8F%E9%B3%A5%E9%81%8A%E7%B7%B4%E7%84%A1%32%31%E6%AD%B3" dan="16,17,16,16" rate="2175.83,2238.36,2133.46,2156.12" sx="M,M,M,F"/><TAIKYOKU oya="0"/><INIT seed="0,0,0,0,3,48" ten="250,250,250,250" oya="0" hai0="80,117,118,12,47,68,129,52,91,121,9,120,74" hai1="125,1,20,108,23,39,99,38,25,4,26,86,67" hai2="71,95,10,56,54,77,96,24,19,6,115,123,40" hai3="8,107,18,3,89,72,132,59,29,16,92,103,33"/><T58/><D68/><U82/><E82/><V2/><BYE who="1" /><F71/><W113/><G72/><T49/><D129/><U106/><E106/><V101/><F40/><UN n1="%E3%82%BC%E3%83%AB%E3%83%80%E3%81%AE%E4%BC%9D%E8%AA%AC" /><W57/><G113/><T46/><D118/><U114/><E108/><V133/><F77/><W116/><G116/><T44/><D117/><U42/><E125/><V28/><F133/><W13/><G3/><T100/><D100/><U43/><E86/><V36/><F36/><W109/><G132/><T61/><D121/><U119/><E119/><V76/><F76/><W45/><G109/><T0/><D0/><U32/><E1/><V124/><F19/><W37/><G103/><T70/><D120/><U110/><E110/><V79/><F79/><W27/><G107/><T93/><D74/><U90/><E90/><V66/><F66/><W22/><G45/><T85/><D70/><U31/><E67/><V21/><F123/><W130/><G37/><T64/><D93/><U30/><E4/><AGARI ba="0,0" hai="4,9,12,44,46,47,49,52,58,61,64,80,85,91" machi="4" ten="30,11600,0" yaku="7,1,8,1,52,1,54,1" doraHai="48" who="0" fromWho="1" sc="250,116,250,-116,250,0,250,0" /><INIT seed="0,1,0,4,5,5" ten="366,134,250,250" oya="0" hai0="90,97,61,73,132,108,33,39,105,134,53,22,43" hai1="58,81,85,75,103,47,72,10,46,67,8,6,28" hai2="130,100,3,23,99,109,37,102,135,64,104,20,29" hai3="113,112,126,16,78,34,24,86,49,82,128,59,15"/><T80/><D22/><U91/><E103/><V101/><F37/><W45/><G126/><T66/><D53/><U116/><E116/><V127/><F3/><W69/><G69/><T27/><D108/><U21/><E75/><V0/><F0/><W25/><G128/><T14/><D14/><U70/><E72/><V7/><F7/><W107/><G107/><T88/><D43/><U122/><E70/><V84/><F135/><N who="0" m="51754" /><D39/><U111/><E122/><V18/><F130/><W125/><G125/><T87/><D73/><U42/><E111/><V40/><F40/><W118/><G118/><T120/><D120/><U51/><E6/><V17/><F64/><W32/><G32/><T74/><D74/><U62/><E47/><V110/><F84/><W11/><G59/><N who="0" m="37183" /><D27/><AGARI ba="1,0" hai="8,10,21,27,28,42,46,51,58,62,67,81,85,91" machi="27" ten="40,5200,0" yaku="8,1,52,2" doraHai="5" who="1" fromWho="0" sc="366,-55,134,55,250,0,250,0" /><INIT seed="1,0,0,2,0,15" ten="311,189,250,250" oya="1" hai0="120,74,33,50,48,3,127,92,108,36,102,26,7" hai1="113,59,57,56,115,105,70,128,29,10,81,88,82" hai2="83,21,68,100,87,40,60,106,109,30,43,19,135" hai3="52,54,96,13,130,71,121,24,35,31,20,116,27"/><U103/><E70/><V114/><F30/><W11/><G121/><T32/><D36/><U16/><E128/><V65/><F109/><W69/><G130/><T101/><D74/><U77/><E29/><V91/><F135/><W55/><G116/><T79/><D79/><U47/><E105/><V37/><F37/><W107/><G107/><T124/><D108/><U4/><E103/><N who="0" m="39433" /><D92/><U93/><E47/><V122/><F122/><W0/><G96/><T118/><D26/><U133/><E133/><V85/><F114/><W111/><G111/><T84/><D84/><N who="1" m="52359" /><E113/><V2/><F2/><W18/><REACH who="3" step="1"/><G0/><REACH who="3" ten="311,189,250,240" step="2"/><T14/><D3/><U98/><E115/><V44/><F106/><W126/><G126/><T112/><D118/><U64/><E98/><V117/><F117/><W42/><G42/><T63/><D120/><U53/><E64/><V28/><F43/><W123/><G123/><T119/><D119/><U110/><E110/><V72/><F40/><W95/><G95/><T23/><D112/><U94/><E94/><V99/><F99/><W90/><G90/><T5/><D127/><U17/><E53/><V134/><F134/><W80/><G80/><N who="1" m="30826" /><E77/><V132/><F132/><W97/><G97/><T67/><D124/><U73/><E73/><V131/><F72/><W12/><G12/><AGARI ba="0,1" hai="4,10,12,16,17,56,57,59" m="30826,52359" machi="12" ten="30,12000,1" yaku="8,1,52,2,54,2" doraHai="15" who="1" fromWho="3" sc="311,0,189,130,250,0,240,-120" /><INIT seed="1,1,0,4,2,89" ten="311,319,250,120" oya="1" hai0="94,35,103,29,31,70,38,63,54,1,8,45,121" hai1="4,28,111,114,17,59,5,91,64,25,69,21,67" hai2="65,19,80,129,92,118,6,102,84,9,50,15,60" hai3="11,23,39,57,127,78,100,13,71,2,12,61,51"/><U62/><E114/><V95/><F118/><W42/><G2/><T128/><D35/><U49/><E111/><V46/><F102/><W0/><G0/><T47/><D38/><U58/><E69/><V99/><F99/><W43/><G71/><T115/><D115/><U135/><E135/><V132/><F129/><W131/><G39/><T123/><D128/><U130/><E130/><V72/><F72/><W79/><G131/><T109/><D109/><U119/><E119/><V105/><F105/><W53/><G100/><T44/><D94/><U36/><E36/><V32/><F6/><W87/><G127/><T37/><D103/><U98/><E28/><V81/><F32/><W20/><G13/><T48/><D63/><N who="1" m="38007" /><E49/><V120/><F132/><W7/><G42/><N who="0" m="22607" /><D47/><U40/><E40/><N who="2" m="24903" /><F120/><N who="0" m="46154" /><D70/><U86/><E98/><V106/><F106/><W116/><G116/><T27/><D27/><U117/><E117/><V82/><F84/><W26/><G87/><T14/><D1/><U133/><E133/><V30/><F30/><W96/><G96/><T34/><D34/><U74/><E74/><V16/><F19/><AGARI ba="1,0" hai="8,14,19,29,31,45,48,54" m="46154,22607" machi="19" ten="30,1000,0" yaku="13,1" doraHai="89" who="0" fromWho="2" sc="311,13,319,0,250,-13,120,0" /><INIT seed="2,0,0,5,4,14" ten="324,319,237,120" oya="2" hai0="129,25,98,75,63,48,6,23,62,66,16,135,35" hai1="28,60,87,57,82,29,102,49,41,80,4,50,51" hai2="2,43,99,13,8,123,17,100,24,76,104,59,96" hai3="72,19,106,12,86,0,121,114,133,119,124,79,21"/><V110/><F123/><W11/><G121/><T90/><D75/><U88/><E4/><V113/><F113/><W1/><G114/><T78/><D35/><U92/><E41/><V122/><F122/><W108/><G72/><T125/><D78/><U34/><E34/><V10/><F96/><W15/><G106/><T47/><D135/><U5/><E5/><V112/><F112/><W115/><G79/><T46/><D125/><U67/><E102/><V32/><F43/><W84/><G115/><T118/><D129/><U81/><AGARI ba="0,0" hai="28,29,49,50,51,57,60,67,80,81,82,87,88,92" machi="81" ten="30,4000,0" yaku="0,1,8,1,54,1" doraHai="14" who="1" fromWho="1" sc="324,-10,319,40,237,-20,120,-10" /><INIT seed="3,0,0,4,1,90" ten="314,359,217,110" oya="3" hai0="67,43,5,99,96,92,88,121,44,18,61,56,127" hai1="132,82,19,46,48,91,120,80,123,112,128,22,0" hai2="81,23,84,115,77,117,41,1,97,36,76,25,9" hai3="31,86,66,94,93,125,15,24,110,111,35,114,106"/><W45/><G106/><T134/><D5/><U40/><E112/><V42/><F117/><W85/><G114/><T101/><D134/><U37/><E132/><V126/><F126/><W11/><G125/><T65/><D127/><U119/><E119/><V75/><F115/><W72/><G72/><T102/><D121/><U78/><E128/><V105/><F36/><W71/><G45/><T83/><D67/><U103/><E103/><V130/><F130/><W98/><G66/><T60/><D60/><U62/><E62/><V133/><F133/><W104/><G71/><T21/><D83/><U16/><E0/><V2/><F76/><W4/><G104/><T38/><REACH who="0" step="1"/><D99/><REACH who="0" ten="304,359,217,110" step="2"/><U116/><E116/><V32/><F32/><W124/><G124/><T58/><D58/><U129/><E129/><V10/><F75/><W73/><G73/><T30/><D30/><U12/><E19/><V122/><F122/><W47/><G47/><T27/><AGARI ba="0,1" hai="18,21,27,38,43,44,56,61,65,88,92,96,101,102" machi="27" ten="20,12000,2" yaku="1,1,0,1,7,1,52,1,54,1,53,1" doraHai="90" doraHaiUra="39" who="0" fromWho="0" sc="304,130,359,-30,217,-30,110,-60" owari="434,53.4,329,12.9,187,-21.3,50,-45.0" /></mjloggm>