<mjloggm ver="2.3"><GO type="225" lobby="0"/><UN n0="%6D%75%75%73%61%6E%6D%75" n1="%4B%2E%32%2E%4B%2E" n2="%E3%81%A9%E3%82%93%E3%82%88%E3%81%8F%4D%6B%2E%32" n3="%E3%83%81%E3%83%AF%E3%83%AF%E9%9A%8A%E9%95%B7" dan="16,16,16,17" rate="2149.45,2147.82,2166.84,2204.91" sx="F,M,M,M"/><TAIKYOKU oya="0"/><INIT seed="0,0,0,0,4,46" ten="250,250,250,250" oya="0" hai0="30,134,88,32,131,56,50,110,118,4,67,122,94" hai1="57,100,124,55,85,13,6,111,23,73,108,45,47" hai2="41,40,95,17,128,44,126,78,36,87,25,102,125" hai3="43,14,86,130,21,74,38,1,54,53,93,68,72"/><T24/><D118/><U65/><E73/><V11/><F128/><W121/><G1/><T16/><D122/><U22/><E124/><N who="2" m="47723" /><F41/><W120/><G68/><T2/><D131/><U98/><E65/><V10/><F78/><W83/><G130/><T12/><D134/><U89/><E6/><V135/><F135/><W105/><G105/><T66/><D110/><N who="1" m="42027" /><E13/><V18/><F87/><W81/><G93/><T117/><D117/><U106/><E45/><V76/><F76/><W71/><G72/><T15/><D2/><U39/><E47/><V35/><F35/><W64/><G74/><T31/><D12/><U90/><E39/><V59/><F59/><W19/><G121/><T29/><D24/><U132/><E90/><V79/><F79/><W99/><G120/><T103/><D103/><U58/><E58/><V49/><F36/><W28/><G38/><T9/><D4/><U97/><E97/><N who="2" m="59711" /><F25/><W92/><G99/><N who="0" m="57799" /><D32/><U60/><E132/><V112/><F112/><W133/><G133/><T114/><D114/><U91/><E91/><V63/><F63/><W123/><G123/><T107/><D107/><U119/><E119/><V48/><F48/><W34/><G71/><T109/><D109/><U116/><E116/><V62/><F62/><W82/><G86/><T37/><D37/><U129/><E129/><V51/><F51/><W0/><G43/><T42/><D42/><U3/><E3/><V69/><F69/><W70/><G70/><T84/><D84/><U52/><E55/><AGARI ba="0,0" hai="9,15,16,29,30,31,50,55,56,66,67" m="57799" machi="55" ten="30,11600,0" yaku="8,1,52,1,54,2" doraHai="46" who="0" fromWho="1" sc="250,116,250,-116,250,0,250,0" /><INIT seed="0,1,0,3,0,0" ten="366,134,250,250" oya="0" hai0="27,118,62,74,21,127,38,114,42,92,29,72,120" hai1="8,35,65,101,95,76,39,123,93,52,88,13,36" hai2="73,78,122,79,71,130,85,97,5,12,126,102,23" hai3="77,7,47,10,110,104,64,9,68,103,90,2,58"/><T132/><D114/><U117/><E117/><V99/><F122/><W91/><G68/><T113/><D113/><U60/><E123/><V15/><F71/><W107/><G110/><T41/><D120/><U70/><E35/><V134/><F73/><W81/><G47/><T112/><D112/><U3/><E3/><V50/><F126/><W80/><G9/><T75/><D118/><U16/><E76/><V125/><F125/><W19/><G19/><T34/><D127/><U31/><E31/><V128/><F134/><W115/><G115/><T109/><D132/><U96/><REACH who="1" step="1"/><E52/><REACH who="1" ten="366,124,250,250" step="2"/><V69/><F78/><W84/><G2/><T53/><D34/><U121/><E121/><V94/><F79/><W48/><G77/><T98/><D38/><U43/><E43/><V106/><F130/><W44/><G64/><T57/><REACH who="0" step="1"/><D109/><REACH who="0" ten="356,124,250,250" step="2"/><U37/><E37/><V26/><F128/><W32/><G32/><T56/><D56/><U111/><E111/><V129/><F129/><W1/><G58/><T100/><AGARI ba="1,2" hai="21,27,29,41,42,53,57,62,72,74,75,92,98,100" machi="100" ten="30,3000,0" yaku="1,1,0,1,53,0" doraHai="0" doraHaiUra="87" who="0" fromWho="0" sc="356,53,124,-11,250,-11,250,-11" /><INIT seed="0,2,0,0,1,103" ten="409,113,239,239" oya="0" hai0="4,24,38,89,111,25,30,46,67,0,15,51,48" hai1="115,108,21,40,18,2,57,86,106,37,66,31,27" hai2="101,85,79,91,26,69,42,53,88,105,96,8,127" hai3="34,113,45,3,59,44,128,123,61,118,134,114,54"/><T112/><D112/><N who="3" m="43113" /><G3/><T99/><D0/><U58/><E115/><V109/><F69/><W83/><G34/><T117/><D117/><U93/><E2/><V87/><F109/><W20/><G20/><T78/><D111/><U80/><E108/><V90/><F127/><W63/><G83/><T16/><D38/><U77/><E37/><V56/><F42/><W50/><G118/><T60/><D78/><U19/><E40/><V6/><F26/><W121/><G128/><T97/><D4/><U131/><E131/><V29/><F29/><W28/><G28/><T22/><D25/><U43/><E43/><V125/><F125/><W5/><G5/><T32/><D89/><U68/><E68/><V76/><F76/><W132/><G61/><T107/><D51/><U129/><E129/><V14/><REACH who="2" step="1"/><F79/><REACH who="2" ten="409,113,229,239" step="2"/><W95/><G121/><T9/><D32/><U17/><E106/><V135/><F135/><W120/><G123/><T52/><D107/><U10/><E66/><V72/><F72/><W1/><G120/><T124/><D124/><U47/><E47/><V65/><F65/><W39/><G44/><T36/><D36/><U70/><E70/><AGARI ba="2,1" hai="9,15,16,22,24,30,46,48,52,60,67,70,97,99" machi="70" ten="30,5800,0" yaku="7,1,54,2" doraHai="103" who="0" fromWho="1" sc="409,74,113,-64,229,0,239,0" /><INIT seed="0,3,0,0,5,115" ten="483,49,229,239" oya="0" hai0="122,61,54,114,113,22,100,68,60,0,88,47,98" hai1="43,4,10,123,49,103,21,70,39,112,107,15,89" hai2="110,126,27,8,35,121,133,28,26,81,37,25,34" hai3="32,2,6,59,18,85,87,38,124,119,16,58,48"/><T52/><D122/><U12/><E123/><V29/><F121/><W134/><G38/><T9/><D88/><U75/><E70/><V74/><F37/><W50/><G32/><T120/><D120/><U93/><E75/><V42/><F42/><W24/><G124/><T84/><D84/><U1/><E39/><V135/><F74/><W31/><G134/><N who="2" m="51209" /><F81/><W56/><G2/><T131/><D131/><U72/><E72/><V91/><F91/><W118/><G6/><T95/><D22/><U36/><E36/><V30/><F110/><W94/><G31/><T99/><D99/><U5/><E89/><V129/><F126/><W62/><G62/><T71/><D61/><U106/><E43/><V64/><F64/><W13/><G24/><T79/><D79/><U33/><E103/><V55/><F55/><W102/><G56/><T130/><D130/><U51/><E112/><V82/><F82/><W46/><G13/><T44/><D60/><U125/><E125/><V7/><F129/><W19/><G19/><T65/><D114/><U69/><E69/><N who="0" m="26697" /><D113/><U109/><E109/><V77/><F77/><W117/><G117/><T83/><D83/><U17/><E33/><V11/><F11/><W57/><G57/><T53/><D65/><U86/><E1/><AGARI ba="3,0" hai="1,7,8,25,26,27,28,29,30,34,35" m="51209" machi="1" ten="40,5200,0" yaku="20,1,34,2" doraHai="115" who="2" fromWho="1" sc="483,0,49,-61,229,61,239,0" owari="483,58.3,-12,-51.2,290,9.0,239,-16.1" /></mjloggm>