<mjloggm ver="2.3"><GO type="225" lobby="0"/><UN n0="%E6%B8%A9%E2%98%85%E6%83%85%E2%98%85%E6%8E%AA%E2%98%85%E7%BD%AE" n1="%48%61%61%61%6C%61%6E%64" n2="%E6%98%93%E5%88%A9%E8%96%A9%E4%BC%AF" n3="%E3%81%A8%E3%82%93%E3%81%A8%E3%81%93%E3%81%A8%E3%82%93" dan="17,18,16,16" rate="2259.41,2197.06,2049.45,2176.21" sx="M,M,F,F"/><TAIKYOKU oya="0"/><INIT seed="0,0,0,1,3,105" ten="250,250,250,250" oya="0" hai0="125,20,14,114,52,133,99,107,26,96,95,62,101" hai1="77,73,16,54,79,126,42,120,25,80,70,9,86" hai2="115,43,103,27,33,29,61,53,122,123,63,94,131" hai3="113,97,121,6,93,40,68,128,76,130,10,65,49"/><T124/><D114/><U4/><E120/><V88/><F115/><W36/><G36/><T32/><D133/><U135/><E135/><V23/><F131/><W91/><G76/><T12/><D32/><U118/><E118/><V109/><F109/><W78/><G78/><T38/><D38/><U67/><E42/><V66/><F103/><W82/><G82/><T28/><D62/><U1/><E126/><N who="0" m="48745" /><D52/><U8/><E54/><V98/><F43/><W13/><G121/><T47/><D47/><U64/><E70/><V58/><REACH who="2" step="1"/><F33/><REACH who="2" ten="250,250,240,250" step="2"/><W129/><G113/><T117/><D117/><U31/><E64/><V112/><F112/><W55/><G40/><T48/><D48/><U59/><E67/><V111/><F111/><W100/><G100/><AGARI ba="0,1" hai="12,14,20,26,28,95,96,99,100,101,107" m="48745" machi="100" ten="30,1500,0" yaku="18,1" doraHai="105" who="0" fromWho="3" sc="250,25,250,0,240,0,250,-15" /><INIT seed="0,1,0,0,0,41" ten="275,250,240,235" oya="0" hai0="102,38,128,124,73,85,68,49,82,61,29,72,21" hai1="35,54,28,36,95,45,127,83,51,57,1,12,88" hai2="99,135,130,67,79,10,3,107,63,104,125,18,75" hai3="9,110,56,134,87,50,40,14,108,105,31,84,101"/><T48/><D38/><U98/><E1/><V26/><F130/><W81/><G31/><T8/><D128/><U118/><E118/><V86/><F75/><W106/><G134/><T37/><D37/><U90/><E127/><V77/><F135/><W25/><G25/><T97/><D124/><U11/><E35/><V117/><F117/><W24/><G24/><T42/><D8/><U20/><E36/><V60/><F60/><W55/><G40/><T52/><D72/><U126/><E126/><V34/><F3/><W80/><G101/><T33/><D73/><U58/><E20/><V47/><F86/><W71/><G71/><T64/><D33/><U78/><E28/><V15/><F47/><W112/><G112/><T46/><D21/><U5/><REACH who="1" step="1"/><E90/><REACH who="1" ten="275,240,240,235" step="2"/><V121/><F34/><W65/><G108/><T122/><D29/><U109/><E109/><V22/><F125/><W120/><G110/><T4/><D122/><U70/><E70/><V59/><F121/><W116/><G120/><T91/><D4/><U43/><E43/><V0/><F0/><W39/><G116/><T62/><D68/><U76/><E76/><V115/><F79/><W103/><G39/><T96/><D64/><U100/><E100/><V129/><F129/><W132/><G103/><T74/><D102/><U114/><E114/><V131/><F115/><W113/><G65/><T19/><D19/><U69/><E69/><V111/><F131/><W92/><G113/><T93/><D42/><U119/><E119/><V17/><F111/><W133/><G132/><T66/><D66/><U13/><E13/><RYUUKYOKU ba="1,1" sc="275,-10,240,30,240,-10,235,-10" hai1="5,11,12,45,51,54,57,58,78,83,88,95,98" /><INIT seed="1,2,1,4,2,56" ten="265,270,230,225" oya="1" hai0="83,86,23,59,101,52,68,85,118,79,29,48,124" hai1="128,99,42,8,9,58,106,97,104,30,117,88,57" hai2="45,89,37,15,80,120,33,65,35,121,31,73,22" hai3="24,63,122,95,116,109,108,38,127,7,111,14,32"/><U0/><E117/><V72/><F35/><W133/><G122/><T51/><D118/><U119/><E119/><V75/><F33/><W103/><G116/><T74/><D68/><U134/><E30/><V17/><F31/><W50/><G38/><T107/><D124/><U123/><E42/><V43/><REACH who="2" step="1"/><F65/><REACH who="2" ten="265,270,220,225" step="2"/><W40/><G32/><T129/><D129/><U135/><E128/><V110/><F110/><W132/><G109/><T84/><D29/><U125/><E125/><V60/><F60/><W61/><G127/><T102/><D107/><U71/><E106/><V112/><F112/><W78/><G108/><T55/><REACH who="0" step="1"/><D23/><REACH who="0" ten="255,270,220,225" step="2"/><U87/><E104/><V44/><F44/><AGARI ba="2,3" hai="44,48,51,52,55,59,74,79,83,84,85,86,101,102" machi="44" ten="40,5200,0" yaku="1,1,2,1,54,1,53,0" doraHai="56" doraHaiUra="91" who="0" fromWho="2" sc="255,88,270,0,220,-58,225,0" /><INIT seed="2,0,0,0,2,69" ten="343,270,162,225" oya="2" hai0="9,66,33,126,113,57,78,133,10,97,34,95,38" hai1="116,13,119,55,42,63,94,115,101,106,15,2,131" hai2="110,88,31,20,108,61,24,7,77,46,58,27,4" hai3="135,84,74,80,8,91,121,99,39,1,93,103,23"/><V56/><F77/><W16/><G121/><T52/><D113/><U132/><E106/><V89/><F46/><W37/><G135/><T54/><D38/><U22/><E2/><V109/><F27/><W130/><G130/><T62/><D133/><U100/><E115/><V19/><F31/><W123/><G123/><T32/><D126/><U96/><E132/><V45/><F45/><W72/><G8/><T0/><D78/><U111/><E131/><V124/><F124/><W53/><G53/><T29/><D29/><U102/><E111/><V30/><F30/><W125/><G1/><T73/><D73/><U67/><E55/><V71/><F71/><W44/><G125/><T79/><D79/><U114/><E114/><V122/><F122/><W5/><G5/><N who="2" m="2121" /><F58/><W128/><G128/><T98/><D98/><U50/><E42/><V104/><F104/><N who="3" m="63615" /><G44/><T64/><D0/><U129/><E129/><V86/><F86/><W11/><G72/><T75/><D75/><U60/><E96/><V17/><F19/><W107/><G107/><T3/><D3/><U35/><E119/><V117/><F117/><W90/><G74/><T112/><D112/><U12/><E116/><V40/><F40/><W28/><G28/><T82/><D97/><U76/><E76/><V59/><F59/><W41/><G41/><T127/><D127/><U105/><E105/><V134/><F134/><W70/><G70/><T18/><D33/><U51/><E35/><V25/><F25/><N who="3" m="14567" /><G11/><T21/><D34/><U87/><E22/><V120/><F120/><W49/><G49/><T83/><D32/><RYUUKYOKU ba="0,0" sc="343,-15,270,-15,162,15,225,15" hai2="17,20,24,56,61,88,89,108,109,110" hai3="37,39,80,84,90,91,93" /><INIT seed="2,1,0,3,4,113" ten="328,255,177,240" oya="2" hai0="60,70,39,122,40,119,38,65,61,69,43,28,88" hai1="45,86,37,71,67,101,64,46,23,11,62,25,21" hai2="126,131,114,10,98,115,90,74,77,104,108,83,123" hai3="18,84,26,78,124,120,57,129,92,48,106,31,97"/><V15/><F123/><W33/><G106/><T87/><D28/><U44/><E67/><V125/><F15/><W85/><G120/><T80/><D122/><U95/><E11/><V29/><F29/><W102/><G124/><N who="2" m="47721" /><F10/><W13/><G129/><T14/><D119/><U36/><E21/><V16/><F16/><W100/><G78/><T0/><D0/><U6/><E6/><V133/><F133/><W41/><G102/><T94/><D61/><U59/><E71/><V12/><F12/><W72/><G72/><T116/><D70/><U35/><E35/><V8/><F8/><W50/><G50/><T49/><D116/><U135/><E135/><V68/><F68/><W9/><REACH who="3" step="1"/><G57/><REACH who="3" ten="328,255,177,230" step="2"/><T132/><D49/><U117/><E117/><V112/><F131/><W127/><G127/><T134/><D134/><U73/><E73/><V42/><F42/><W51/><G51/><T93/><D132/><U30/><E101/><N who="2" m="62519" /><F90/><W76/><G76/><T55/><D43/><U109/><E37/><V34/><F34/><W89/><G89/><T4/><D39/><U19/><E36/><V24/><F24/><W75/><G75/><T81/><D40/><U52/><E25/><V130/><F130/><W56/><G56/><T1/><D38/><U66/><E59/><V107/><F107/><W99/><G99/><T111/><D69/><U2/><E86/><V103/><F103/><W5/><G5/><T118/><D4/><U7/><E7/><V82/><F82/><W53/><G53/><T32/><D81/><U91/><E91/><V105/><F105/><W17/><G17/><RYUUKYOKU ba="1,1" sc="328,-15,255,-15,177,15,230,15" hai2="74,77,83,108,112,114,115" hai3="9,13,18,26,31,33,41,48,84,85,92,97,100" /><INIT seed="2,2,1,1,4,131" ten="313,240,192,245" oya="2" hai0="123,91,84,105,117,23,46,116,2,67,69,112,132" hai1="52,65,43,94,3,115,39,54,77,38,56,26,70" hai2="89,11,108,80,118,98,25,45,57,19,68,134,124" hai3="83,24,96,66,120,61,78,73,74,36,109,101,92"/><V41/><F118/><N who="0" m="45674" /><D112/><U103/><E115/><V53/><F68/><W93/><G120/><T135/><D123/><U50/><E3/><V20/><F124/><W100/><G36/><T21/><D105/><U121/><E121/><V29/><F108/><W32/><G109/><T86/><D2/><U0/><E0/><V37/><F134/><N who="0" m="51242" /><D46/><U71/><E39/><V55/><F57/><W30/><G73/><T133/><D133/><U97/><E38/><V82/><F80/><W28/><G30/><T48/><D48/><U99/><E50/><V130/><F130/><W15/><G15/><T126/><D126/><U95/><E56/><V10/><F29/><W110/><G110/><T87/><D91/><U114/><E114/><V79/><F89/><W5/><G5/><T49/><D49/><U58/><E103/><V34/><F34/><W125/><G125/><T9/><D9/><U122/><E122/><V4/><F11/><W31/><G100/><T64/><D69/><U40/><E58/><V13/><REACH who="2" step="1"/><F98/><REACH who="2" ten="313,240,182,245" step="2"/><W72/><G96/><T104/><D104/><U111/><E111/><V81/><F81/><W42/><G83/><T1/><D1/><U76/><E97/><V12/><F12/><W129/><G129/><T35/><D35/><U106/><E99/><V27/><F27/><W59/><G24/><T6/><D6/><U88/><E106/><V47/><F47/><W63/><G32/><T60/><D60/><U113/><E26/><V127/><F127/><W14/><G61/><T102/><D102/><U22/><E70/><V44/><F44/><W51/><G101/><RYUUKYOKU ba="2,2" sc="313,15,240,-15,182,15,245,-15" hai0="21,23,64,67,84,86,87" hai2="4,10,13,19,20,25,37,41,45,53,55,79,82" /><INIT seed="2,3,2,1,2,120" ten="328,225,197,230" oya="2" hai0="23,114,132,36,63,20,88,126,79,56,101,125,92" hai1="6,31,8,51,16,47,116,102,94,30,65,46,37" hai2="21,43,93,127,107,98,18,34,109,123,68,62,57" hai3="27,19,103,67,86,87,83,119,29,50,99,10,42"/><V44/><F123/><W108/><G119/><T39/><D114/><U0/><E116/><V35/><F68/><W54/><G42/><T77/><D101/><U111/><E111/><V124/><F107/><W133/><G67/><T24/><D132/><U3/><E3/><V95/><F35/><W45/><G133/><T71/><D71/><U129/><E129/><V66/><F34/><W12/><G108/><T64/><D79/><U113/><E113/><V128/><F128/><W7/><G7/><T58/><D77/><U9/><E65/><V59/><F59/><W73/><G73/><T115/><D58/><U121/><E121/><V14/><F109/><W72/><G72/><T60/><D60/><U11/><E46/><V134/><F134/><W135/><G83/><T97/><D115/><U70/><E37/><N who="0" m="14409" /><D24/><U1/><E70/><V25/><F25/><W81/><G81/><T91/><D91/><U32/><E32/><V130/><F130/><W122/><G122/><T110/><D110/><U112/><E112/><V118/><F118/><W82/><G82/><T2/><D2/><U78/><E78/><V69/><F69/><W84/><G135/><T89/><D89/><U96/><E1/><V74/><F74/><W53/><G27/><T131/><D131/><U52/><REACH who="1" step="1"/><E9/><REACH who="1" ten="328,215,197,230" step="2"/><V28/><F28/><W106/><G45/><T90/><D64/><U13/><AGARI ba="3,3" hai="0,6,8,11,13,16,30,31,47,51,52,94,96,102" machi="13" ten="30,12000,2" yaku="1,1,2,1,0,1,54,2,53,1" doraHai="120" doraHaiUra="15" who="1" fromWho="1" sc="328,-33,215,159,197,-63,230,-33" /><INIT seed="3,0,0,1,4,38" ten="295,374,134,197" oya="3" hai0="23,88,35,40,118,95,55,68,121,1,41,61,110" hai1="89,85,70,77,10,37,97,90,13,133,86,78,12" hai2="20,51,74,56,47,14,26,94,60,107,62,2,135" hai3="103,79,6,9,8,131,29,82,104,72,25,22,75"/><W122/><G122/><T64/><D118/><U58/><E70/><V112/><F107/><W45/><G131/><T109/><D35/><U4/><E37/><V129/><F2/><W31/><G72/><T3/><D121/><U63/><E133/><V130/><F112/><W87/><G31/><T81/><D81/><N who="1" m="49327" /><E12/><V5/><F74/><W115/><G115/><T127/><D127/><U80/><E97/><V54/><F135/><W33/><G87/><N who="0" m="52639" /><D23/><U111/><E111/><N who="0" m="42505" /><D55/><AGARI ba="0,0" hai="4,10,13,55,58,63,77,78,80,86,90" m="49327" machi="55" ten="30,1000,0" yaku="8,1" doraHai="38" who="1" fromWho="0" sc="295,-10,374,10,134,0,197,0" owari="285,8.5,384,48.4,134,-36.6,197,-20.3" /></mjloggm>