<mjloggm ver="2.3"><GO type="225" lobby="0"/><UN n0="%41%72%69%61" n1="%E3%81%BF%E3%81%BF%E3%81%9A" n2="%E3%83%AC%E3%82%A4%E3%83%88%E3%83%B3%E5%87%86%E6%95%99%E6%8E%88" n3="%54%4F%52" dan="17,16,19,17" rate="2147.04,2154.07,2286.31,2268.90" sx="F,M,M,M"/><TAIKYOKU oya="0"/><INIT seed="0,0,0,2,3,116" ten="250,250,250,250" oya="0" hai0="25,130,97,78,98,95,118,79,85,36,40,54,93" hai1="90,108,124,60,29,47,81,110,92,7,14,68,114" hai2="88,66,102,45,103,53,11,28,65,113,126,84,112" hai3="99,121,10,26,123,37,133,35,74,9,39,15,12"/><T44/><D118/><U70/><E124/><V52/><F126/><W34/><G74/><T131/><D25/><U94/><E29/><V21/><F113/><W16/><G133/><T32/><D32/><N who="3" m="12329" /><G99/><T76/><D54/><N who="2" m="21098" /><F45/><W56/><G56/><T89/><REACH who="0" step="1"/><D85/><REACH who="0" ten="240,250,250,250" step="2"/><N who="1" m="50479" /><E114/><V105/><F112/><W120/><G26/><T5/><D5/><AGARI ba="0,1" hai="5,9,10,12,15,16,37,39,120,121,123" m="12329" machi="5" ten="40,8000,1" yaku="13,1,52,3,54,1" doraHai="116" who="3" fromWho="0" sc="240,-80,250,0,250,0,250,90" /><INIT seed="1,0,0,1,0,117" ten="160,250,250,340" oya="1" hai0="129,120,10,109,1,115,60,88,13,134,94,23,110" hai1="7,90,81,95,133,43,126,20,105,33,22,108,18" hai2="54,50,87,42,28,14,102,3,131,38,46,27,59" hai3="80,96,77,41,123,130,84,121,116,118,19,4,114"/><U124/><E105/><V67/><F3/><W11/><G114/><T17/><D115/><U65/><E33/><V93/><F131/><W99/><G130/><T113/><D129/><U34/><E34/><V128/><F128/><W9/><G41/><T73/><D113/><U58/><E7/><V26/><F67/><W82/><G19/><T61/><D73/><U47/><E81/><V107/><F28/><W86/><G4/><T37/><D37/><U24/><E22/><V53/><F107/><W40/><G40/><T56/><D134/><U44/><E108/><N who="0" m="41577" /><D120/><U39/><E44/><V127/><F127/><W98/><G98/><N who="0" m="57671" /><D56/><U97/><REACH who="1" step="1"/><E133/><REACH who="1" ten="160,240,250,340" step="2"/><V119/><F119/><W64/><G77/><T52/><D52/><U35/><E35/><V32/><F54/><W106/><G106/><T0/><D0/><U48/><E48/><V132/><F32/><W66/><AGARI ba="0,1" hai="9,11,64,66,80,82,84,86,96,99,116,118,121,123" machi="66" ten="25,8000,1" yaku="0,1,22,2,52,2" doraHai="117" who="3" fromWho="3" sc="160,-20,240,-40,250,-20,340,90" /><INIT seed="2,0,0,3,5,102" ten="140,200,230,430" oya="2" hai0="135,72,7,95,47,123,73,11,74,87,117,40,13" hai1="78,92,113,22,31,106,124,131,105,58,38,82,89" hai2="66,44,12,42,3,114,14,30,134,111,127,54,48" hai3="110,90,99,0,19,94,15,1,4,81,77,51,64"/><V60/><F114/><W32/><G32/><T63/><D123/><U50/><E38/><V46/><F3/><W68/><G110/><T26/><D135/><U55/><E113/><V120/><F120/><W9/><G51/><T86/><D117/><U52/><E124/><V33/><F134/><W79/><G79/><T93/><D63/><U71/><E71/><V88/><F127/><W23/><G64/><T98/><D26/><U56/><E131/><V35/><F111/><W5/><G68/><T75/><N who="0" m="18432" /><DORA hai="100" /><T21/><D21/><U18/><E31/><V91/><F30/><W103/><G77/><T69/><D69/><U115/><E82/><V116/><F116/><W130/><G130/><T107/><D95/><U70/><E78/><V37/><F33/><W129/><G129/><T17/><D7/><U39/><E39/><V20/><F35/><W29/><G29/><T67/><D67/><U59/><E70/><V122/><F122/><W36/><G36/><T10/><D10/><U61/><E58/><V25/><F12/><W96/><G81/><T125/><D125/><U83/><E83/><V57/><F25/><W118/><G118/><T119/><D119/><U126/><E115/><V109/><F109/><W112/><G112/><T101/><REACH who="0" step="1"/><D93/><REACH who="0" ten="130,200,230,430" step="2"/><U108/><E126/><V128/><F128/><W121/><G121/><T45/><D45/><U132/><E108/><V97/><F20/><W49/><G4/><T16/><D16/><U2/><E132/><V28/><F46/><W53/><G23/><T8/><D8/><U133/><E133/><V6/><F6/><RYUUKYOKU ba="0,1" sc="130,30,200,-10,230,-10,430,-10" hai0="11,13,17,40,47,86,87,98,101,107" /><INIT seed="3,1,1,1,2,66" ten="160,190,220,420" oya="3" hai0="7,35,81,106,49,57,55,87,67,132,100,27,42" hai1="2,84,128,53,111,95,72,73,118,30,131,6,12" hai2="17,3,134,99,60,80,15,97,10,122,13,103,54" hai3="63,39,26,69,8,93,126,112,101,102,0,123,90"/><W62/><G63/><T74/><D132/><U70/><E2/><V133/><F3/><W51/><G101/><T79/><D7/><U45/><E30/><V117/><F117/><W129/><G26/><T61/><D42/><U47/><E118/><V33/><F33/><W14/><G93/><T19/><D106/><U107/><E107/><V24/><F24/><W94/><G51/><T4/><D4/><U44/><E53/><V22/><F122/><W130/><G90/><T37/><D37/><U65/><E111/><V85/><F60/><W25/><G8/><T38/><D38/><U18/><E6/><V23/><F54/><W71/><G94/><T98/><D74/><U86/><E65/><V96/><F103/><W68/><G14/><T92/><D35/><U58/><E58/><V36/><F36/><W119/><G62/><T88/><D19/><U46/><E70/><V34/><F34/><W52/><G68/><T9/><D9/><N who="1" m="6415" /><E44/><V110/><F110/><W109/><G69/><T5/><D5/><U135/><E135/><N who="2" m="51723" /><F15/><W21/><G25/><T115/><D115/><U125/><E125/><V48/><F48/><W77/><G0/><T16/><D16/><U78/><E86/><V31/><F31/><W11/><G109/><T91/><D27/><U75/><E95/><V82/><F82/><W32/><G32/><T64/><D64/><U56/><E56/><AGARI ba="1,1" hai="49,55,56,57,61,67,79,81,87,88,91,92,98,100" machi="56" ten="30,3900,0" yaku="7,1,8,1,54,1" doraHai="66" who="0" fromWho="1" sc="160,52,190,-42,220,0,420,0" owari="212,-18.8,148,-35.2,220,2.0,420,52.0" /></mjloggm>