<mjloggm ver="2.3"><GO type="225" lobby="0"/><UN n0="%E6%98%93%E5%88%A9%E8%96%A9%E4%BC%AF" n1="%E3%83%81%E3%83%83%E3%82%BF%E3%82%BD%E3%83%BC" n2="%E9%B4%A8%4E%45%47%49" n3="%E3%83%A9%E3%82%A4%E3%83%B3%E3%81%AE%E8%99%8E" dan="16,17,16,16" rate="2103.55,2175.03,2132.58,2104.81" sx="F,F,M,M"/><TAIKYOKU oya="0"/><INIT seed="0,0,0,4,5,57" ten="250,250,250,250" oya="0" hai0="69,12,18,131,135,113,67,130,109,3,118,62,105" hai1="111,93,125,122,96,77,29,39,55,59,44,16,17" hai2="30,53,80,8,21,7,84,103,10,106,99,75,68" hai3="129,22,60,5,115,48,100,9,31,65,14,124,72"/><T107/><D113/><U94/><E122/><V98/><F75/><W50/><G115/><T132/><D118/><U88/><E111/><V1/><F68/><W15/><G72/><T101/><D109/><U35/><E125/><V20/><F30/><W127/><G100/><T79/><D3/><U49/><E77/><V76/><F10/><W51/><G129/><N who="0" m="49163" /><D79/><U86/><E29/><V58/><REACH who="2" step="1"/><F98/><REACH who="2" ten="250,250,240,250" step="2"/><W114/><G114/><T128/><D128/><U102/><REACH who="1" step="1"/><E35/><REACH who="1" ten="250,240,240,250" step="2"/><V110/><F110/><W119/><G124/><T33/><D33/><U63/><E63/><AGARI ba="0,2" hai="1,7,8,20,21,53,58,63,76,80,84,99,103,106" machi="63" ten="30,3900,0" yaku="1,1,7,1,52,1,53,0" doraHai="57" doraHaiUra="36" who="2" fromWho="1" sc="250,0,240,-39,240,59,250,0" /><INIT seed="1,0,0,2,3,78" ten="250,201,299,250" oya="1" hai0="50,122,113,61,68,128,40,134,24,47,25,42,29" hai1="77,126,107,57,60,9,55,88,28,83,79,86,114" hai2="30,11,1,119,118,95,12,132,97,52,131,10,100" hai3="87,21,38,37,127,49,43,120,45,93,96,27,102"/><U109/><E114/><V53/><F132/><W133/><G127/><T81/><D113/><U117/><E117/><V16/><F131/><W65/><G120/><T125/><D122/><U116/><E116/><V3/><F119/><W111/><G111/><T121/><D121/><U69/><E126/><V90/><F118/><W101/><G133/><T112/><D112/><U22/><E107/><V70/><F70/><W20/><G65/><T39/><D125/><U64/><E109/><V34/><F11/><W8/><G101/><T85/><D134/><U72/><E9/><V129/><F129/><W108/><G108/><T66/><D128/><U62/><REACH who="1" step="1"/><E72/><REACH who="1" ten="250,191,299,250" step="2"/><V48/><F3/><W5/><G20/><T15/><D15/><U2/><E2/><V99/><F1/><W46/><G8/><T26/><D39/><U103/><E103/><V58/><F34/><W56/><G21/><T104/><D104/><U63/><E63/><V124/><F124/><W7/><G102/><T92/><D92/><U106/><E106/><V82/><F100/><W84/><G93/><T44/><D29/><U54/><E54/><V4/><F53/><W75/><G37/><T73/><D73/><U33/><E33/><V17/><F30/><W6/><G75/><T80/><D42/><U71/><E71/><V135/><F135/><W31/><G38/><T67/><D61/><U76/><E76/><V59/><F10/><W18/><G43/><T14/><D68/><U35/><E35/><V110/><F95/><W23/><G5/><T0/><D40/><U94/><E94/><V36/><F110/><RYUUKYOKU ba="0,1" sc="250,-10,191,30,299,-10,250,-10" hai1="22,28,55,57,60,62,64,69,77,79,83,86,88" /><INIT seed="1,1,1,0,2,64" ten="240,221,289,240" oya="1" hai0="113,32,132,68,55,111,17,37,34,33,115,129,26" hai1="71,6,16,134,82,39,119,107,76,117,20,73,11" hai2="5,91,51,103,96,90,30,89,93,125,104,54,126" hai3="61,98,95,31,10,4,69,60,67,70,86,13,100"/><U83/><E134/><V53/><F30/><W78/><G31/><N who="0" m="19575" /><D55/><U41/><E107/><V108/><F5/><W48/><G48/><T62/><D37/><U59/><E83/><V18/><F18/><W63/><REACH who="3" step="1"/><G67/><REACH who="3" ten="240,221,289,230" step="2"/><T72/><D132/><U52/><E39/><V85/><F51/><W45/><G45/><T110/><D34/><U23/><E41/><V88/><REACH who="2" step="1"/><F108/><REACH who="2" ten="240,221,279,230" step="2"/><W92/><G92/><T43/><D111/><U38/><E38/><V24/><F24/><W9/><G9/><T40/><D110/><U2/><E117/><V0/><F0/><W12/><G12/><T65/><D33/><U25/><E119/><V3/><F3/><W47/><G47/><T77/><D115/><U101/><E20/><V29/><F29/><W36/><G36/><T79/><D113/><U15/><E2/><V75/><F75/><W118/><G118/><T105/><D72/><U58/><E73/><V121/><F121/><W1/><G1/><T81/><D129/><U102/><E25/><V74/><F74/><W97/><G97/><T131/><D131/><U109/><E109/><V35/><F35/><W112/><G112/><T99/><D99/><U135/><E15/><V27/><F27/><W56/><G56/><T44/><D44/><U80/><E59/><V57/><F57/><W120/><G120/><T46/><D46/><U114/><E114/><V14/><F14/><W50/><G50/><T19/><D43/><U123/><E123/><V94/><F94/><W87/><G87/><T28/><D40/><U7/><E58/><V106/><F106/><W42/><G42/><RYUUKYOKU ba="1,3" sc="240,-15,221,-15,279,15,230,15" hai2="53,54,85,88,89,90,91,93,96,103,104,125,126" hai3="4,10,13,60,61,63,69,70,78,86,95,98,100" /><INIT seed="2,2,3,4,3,87" ten="225,206,294,245" oya="2" hai0="128,117,47,93,9,44,38,84,22,72,4,57,134" hai1="97,131,29,83,68,21,89,113,108,42,23,3,103" hai2="99,12,51,75,6,118,67,33,15,109,126,76,54" hai3="20,106,95,71,31,40,94,10,119,91,63,92,77"/><V88/><F118/><W98/><G119/><T115/><D117/><U112/><E3/><V100/><F33/><W66/><G77/><T124/><D115/><U1/><E1/><V86/><F126/><W34/><G40/><T120/><D120/><U79/><E68/><V132/><F132/><W135/><G135/><T36/><D72/><U24/><E108/><V78/><F109/><W27/><G10/><T130/><D134/><U123/><E123/><V82/><F67/><W28/><G28/><T122/><D122/><U46/><E89/><V58/><F78/><W85/><G20/><T43/><D57/><U19/><E131/><N who="0" m="50217" /><D22/><U55/><E55/><V111/><F6/><W53/><G53/><T104/><D104/><U96/><E112/><V60/><F60/><W56/><G56/><T48/><D47/><U81/><E113/><V2/><F2/><W11/><G11/><T25/><D25/><U105/><E96/><V16/><F111/><W133/><G133/><T7/><D124/><U61/><E61/><V49/><F49/><W69/><G69/><T73/><D73/><U17/><E79/><V64/><F64/><W65/><G66/><T35/><D35/><U30/><E29/><V45/><F58/><W18/><G18/><T70/><D70/><U5/><E5/><N who="0" m="2121" /><D9/><U8/><E8/><V13/><F75/><W52/><G52/><T129/><N who="0" m="50225" /><T26/><DORA hai="110" /><D26/><N who="1" m="14639" /><E30/><V37/><F76/><W114/><G114/><T121/><D121/><U14/><E24/><V90/><F16/><W102/><AGARI ba="2,3" hai="27,31,34,63,65,71,85,91,92,94,95,98,102,106" machi="102" ten="30,7900,0" yaku="0,1,25,2,52,1" doraHai="87,110" who="3" fromWho="3" sc="225,-22,206,-22,294,-41,245,115" /><INIT seed="3,0,0,4,1,67" ten="203,184,253,360" oya="3" hai0="107,111,28,77,13,83,95,86,50,134,57,59,5" hai1="65,70,35,126,76,6,31,21,128,133,9,103,85" hai2="8,43,29,131,56,37,71,40,18,119,64,62,33" hai3="114,3,20,52,122,84,17,2,7,44,100,104,49"/><W45/><G114/><T46/><D107/><U72/><E85/><V78/><F119/><W1/><G122/><T115/><D115/><U54/><E54/><V16/><F131/><W99/><G84/><T102/><D111/><U19/><E128/><V82/><F37/><W55/><G7/><T41/><D28/><U0/><E126/><V108/><F108/><W42/><REACH who="3" step="1"/><G45/><REACH who="3" ten="203,184,253,350" step="2"/><T48/><D134/><U97/><E133/><V69/><F43/><W58/><G58/><T66/><D59/><U112/><E112/><V129/><F40/><W123/><G123/><T60/><D5/><U73/><E76/><V11/><F129/><W116/><G116/><T38/><D46/><U90/><E90/><V10/><F18/><W27/><AGARI ba="0,1" hai="1,2,3,17,20,27,42,44,49,52,55,99,100,104" machi="27" ten="30,6000,0" yaku="1,1,0,1,54,1,53,0" doraHai="67" doraHaiUra="74" who="3" fromWho="3" sc="203,-20,184,-20,253,-20,350,70" owari="183,-21.7,164,-33.6,233,3.3,420,52.0" /></mjloggm>