<mjloggm ver="2.3"><GO type="225" lobby="0"/><UN n0="%E6%A1%9C%E8%8A%B1%E9%96%83%E3%80%85" n1="%E3%81%A1%E3%82%85%E3%81%86%E3%81%A9%E3%81%8F%E8%B1%A1%E3%81%95%E3%82%93" n2="%41%54%53%4D" n3="%6D%75%75%6D%75%72%61" dan="17,17,16,17" rate="2191.39,2121.23,2107.72,2198.87" sx="M,M,M,F"/><TAIKYOKU oya="0"/><INIT seed="0,0,0,3,1,31" ten="250,250,250,250" oya="0" hai0="2,56,117,36,77,135,1,81,73,10,100,20,6" hai1="104,66,53,107,47,13,48,94,23,126,18,57,7" hai2="98,110,0,127,32,76,38,69,116,25,90,67,22" hai3="80,34,52,55,62,128,44,30,119,75,101,46,106"/><T64/><D117/><U16/><E126/><V122/><F122/><W63/><G119/><T17/><D135/><U118/><E118/><V65/><F116/><W71/><G128/><T125/><D125/><U91/><E7/><V39/><F127/><W132/><G132/><T85/><D36/><U14/><E66/><V78/><F0/><W5/><G5/><T60/><D100/><U124/><E124/><V45/><F32/><W35/><G80/><T29/><D29/><U103/><E103/><V33/><F33/><W82/><G82/><T86/><REACH who="0" step="1"/><D2/><REACH who="0" ten="240,250,250,250" step="2"/><U74/><E107/><V130/><F39/><W95/><G30/><T21/><D21/><N who="1" m="11407" /><E104/><V61/><F22/><W120/><G101/><T79/><D79/><U83/><E74/><V70/><F78/><W121/><G106/><T133/><D133/><U134/><E134/><V129/><F76/><W88/><G75/><T108/><D108/><U114/><E114/><V87/><F110/><W72/><G72/><T131/><D131/><U9/><E9/><V41/><F129/><W84/><G88/><T28/><D28/><U54/><E91/><V59/><F130/><W89/><G89/><T92/><D92/><U4/><E94/><V93/><F98/><W50/><G95/><T37/><D37/><U96/><E96/><V15/><F38/><W19/><G84/><T111/><D111/><U68/><E83/><V99/><F99/><W112/><G112/><T43/><D43/><U26/><E23/><V97/><F97/><W12/><G120/><T109/><D109/><U11/><E11/><V51/><F93/><RYUUKYOKU ba="0,1" sc="240,30,250,-10,250,-10,250,-10" hai0="1,6,10,17,20,56,60,64,73,77,81,85,86" /><INIT seed="0,1,1,0,4,69" ten="270,240,240,240" oya="0" hai0="12,132,110,43,101,46,76,47,3,105,8,80,48" hai1="13,38,37,65,131,26,130,21,95,54,113,93,66" hai2="59,28,29,64,10,14,96,17,100,77,115,42,75" hai3="92,112,119,102,82,116,50,51,39,78,11,84,7"/><T124/><D124/><U31/><E113/><V99/><F115/><W114/><G114/><T71/><D71/><U103/><E54/><V70/><F70/><W18/><G112/><T33/><D33/><U91/><E13/><V72/><F42/><W79/><G18/><T129/><D129/><N who="1" m="49163" /><E103/><V15/><F75/><W63/><G79/><T134/><D3/><U109/><E109/><V94/><F72/><W106/><G106/><T98/><D110/><U67/><E93/><V122/><F77/><W4/><G63/><T57/><D57/><U88/><E91/><V85/><F122/><W74/><G7/><T36/><D12/><U133/><E133/><N who="0" m="51305" /><D8/><U35/><E35/><V5/><F85/><AGARI ba="1,1" hai="21,26,31,37,38,65,66,67,85,88,95" m="49163" machi="85" ten="30,7700,0" yaku="19,1,52,2,54,1" doraHai="69" who="1" fromWho="2" sc="270,0,240,90,240,-80,240,0" /><INIT seed="1,0,0,5,3,124" ten="270,330,160,240" oya="1" hai0="121,125,90,17,82,134,5,4,16,52,26,111,112" hai1="7,99,45,106,127,128,29,96,76,107,63,113,54" hai2="25,123,64,41,71,14,13,130,91,34,19,135,62" hai3="131,28,68,6,95,39,12,77,86,120,40,79,33"/><U32/><E113/><V58/><F123/><W122/><G68/><T36/><D112/><U101/><E127/><V23/><F135/><W75/><G75/><T37/><D125/><U3/><E76/><V117/><F117/><W65/><G65/><T42/><D134/><U109/><E29/><V51/><F34/><W85/><G39/><T46/><D121/><U60/><E32/><V38/><F130/><W50/><G28/><T108/><D36/><U61/><E7/><N who="0" m="2633" /><D26/><U0/><E109/><N who="0" m="42057" /><D52/><U69/><E69/><V18/><F38/><W84/><G33/><T43/><D43/><U98/><E128/><V74/><F74/><W44/><G131/><T59/><D59/><U30/><E30/><V87/><F19/><W80/><G120/><T49/><D49/><U56/><E45/><V70/><F70/><W116/><G116/><T105/><D105/><U88/><E99/><V94/><REACH who="2" step="1"/><F71/><REACH who="2" ten="270,330,150,240" step="2"/><W20/><G122/><T133/><D133/><U83/><E106/><V27/><F27/><W93/><G6/><T73/><D73/><U22/><E107/><V110/><F110/><W11/><G12/><T8/><D8/><U31/><E0/><V47/><AGARI ba="0,1" hai="13,14,18,23,25,41,47,51,58,62,64,87,91,94" machi="47" ten="30,4000,0" yaku="1,1,0,1,8,1,53,0" doraHai="124" doraHaiUra="92" who="2" fromWho="2" sc="270,-10,330,-20,150,50,240,-10" /><INIT seed="2,0,0,4,5,91" ten="260,310,200,230" oya="2" hai0="5,131,85,124,74,55,126,80,19,69,58,13,81" hai1="52,66,96,21,95,98,129,79,27,40,62,125,47" hai2="17,34,77,0,1,134,89,111,120,83,73,57,49" hai3="87,84,10,59,72,6,122,23,128,3,37,50,102"/><V63/><F120/><W46/><G122/><T88/><D69/><U115/><E115/><V110/><F134/><W56/><G128/><T76/><D131/><U48/><E129/><V114/><F114/><W119/><G72/><T133/><D5/><U132/><E132/><V28/><F49/><W15/><G37/><T4/><D4/><U26/><E125/><V100/><F100/><W82/><G119/><T86/><D74/><U39/><E79/><V101/><F101/><W97/><G3/><T42/><D42/><U33/><E33/><V64/><F17/><W93/><G23/><T12/><D133/><U61/><E96/><V127/><F127/><N who="0" m="48682" /><D19/><U2/><E2/><V75/><F75/><W41/><G84/><T31/><D31/><U71/><E61/><AGARI ba="0,0" hai="12,13,55,58,61,76,80,81,85,86,88" m="48682" machi="61" ten="30,2000,0" yaku="18,1,54,1" doraHai="91" who="0" fromWho="1" sc="260,20,310,-20,200,0,230,0" /><INIT seed="3,0,0,4,2,19" ten="280,290,200,230" oya="3" hai0="104,61,114,93,115,52,16,97,79,29,135,109,4" hai1="132,88,65,0,31,14,30,118,9,3,25,111,1" hai2="36,66,7,133,18,34,108,28,33,68,56,74,113" hai3="106,124,26,46,67,10,22,64,63,94,125,131,38"/><W11/><G124/><T13/><D104/><U47/><E65/><V62/><F113/><N who="0" m="43018" /><D109/><U98/><E111/><V95/><F108/><W5/><G106/><T121/><D135/><U101/><E132/><V127/><F133/><W75/><G125/><T120/><D79/><U20/><E118/><V86/><F127/><W80/><G131/><T48/><D29/><U90/><E47/><V119/><F119/><W70/><G64/><T49/><D61/><U69/><E31/><V82/><F36/><W89/><G75/><T6/><D6/><U126/><E126/><V123/><F123/><N who="0" m="47178" /><D52/><U27/><E27/><V73/><F7/><W51/><G80/><T40/><D40/><U39/><E39/><V54/><F95/><W130/><G38/><T71/><D71/><U24/><E69/><V59/><F18/><W53/><G130/><T12/><D4/><U43/><E25/><V32/><F28/><W128/><G5/><T50/><D16/><U42/><E14/><V8/><F8/><W96/><G128/><T117/><D117/><U35/><E9/><V60/><REACH who="2" step="1"/><F68/><REACH who="2" ten="280,290,190,230" step="2"/><W45/><G46/><T23/><D23/><U102/><E35/><V100/><F100/><AGARI ba="0,1" hai="12,13,48,49,50,93,97,100" m="47178,43018" machi="100" ten="40,1300,0" yaku="11,1" doraHai="19" who="0" fromWho="2" sc="280,23,290,0,190,-13,230,0" owari="303,40.3,290,9.0,177,-32.3,230,-17.0" /></mjloggm>