<mjloggm ver="2.3"><GO type="225" lobby="0"/><UN n0="%E3%82%82%E3%82%93%E3%81%8D%E3%82%93%E3%81%90" n1="%E9%B3%B3%E6%9D%B1%E3%81%AE%E3%81%86%E3%81%95%E3%81%8E%E3%81%95%E3%82%93" n2="%E6%B4%BE%E9%81%A3%E3%81%AE%E3%82%B8%E3%83%A3%E3%83%83%E3%82%AF" n3="%72%65%6E%6B%75%6E" dan="16,17,17,17" rate="2062.70,2246.20,2177.06,2211.48" sx="M,M,M,M"/><TAIKYOKU oya="0"/><INIT seed="0,0,0,4,1,99" ten="250,250,250,250" oya="0" hai0="5,51,47,122,125,93,112,124,63,58,23,96,67" hai1="91,13,9,35,26,77,133,25,39,95,120,126,8" hai2="118,44,109,135,3,127,76,6,60,36,97,110,87" hai3="64,1,12,98,53,11,59,108,100,123,105,94,88"/><T31/><D122/><U32/><E39/><V48/><F127/><W52/><G108/><N who="2" m="41577" /><F135/><W57/><G1/><T16/><D112/><U113/><E120/><V78/><F118/><W22/><G123/><T43/><D5/><U37/><E37/><V103/><F36/><W49/><G22/><T65/><D31/><U41/><E133/><V132/><F132/><W83/><G64/><T20/><D20/><U17/><E126/><V71/><F87/><N who="3" m="50303" /><G105/><T10/><D10/><U29/><E77/><V134/><F134/><W75/><G75/><T56/><D56/><N who="3" m="21577" /><G49/><T111/><D111/><U74/><E74/><V24/><F24/><W38/><G38/><T102/><REACH who="0" step="1"/><D65/><REACH who="0" ten="240,250,250,250" step="2"/><U45/><E113/><V4/><F3/><W84/><G84/><T107/><D107/><U92/><E8/><V104/><F104/><W72/><G72/><T54/><D54/><U15/><E9/><V34/><F34/><W50/><G50/><T85/><D85/><U101/><E32/><V42/><F48/><W116/><G116/><T121/><D121/><U69/><E35/><V129/><F44/><W114/><G114/><T131/><D131/><U55/><E45/><V106/><F129/><W18/><AGARI ba="0,1" hai="11,12,18,52,53,94,98,100" m="21577,50303" machi="18" ten="30,7900,0" yaku="8,1,52,1,54,2" doraHai="99" who="3" fromWho="3" sc="240,-39,250,-20,250,-20,250,89" /><INIT seed="1,0,0,0,4,32" ten="201,230,230,339" oya="1" hai0="41,132,62,2,45,101,118,25,51,12,68,135,102" hai1="86,29,94,133,73,100,5,114,55,20,96,16,61" hai2="6,9,113,65,46,63,115,84,18,11,59,0,123" hai3="50,111,52,39,30,71,80,77,60,33,72,70,19"/><U106/><E114/><N who="2" m="43531" /><F123/><W81/><G39/><T43/><D118/><U64/><E73/><V78/><F46/><W67/><G111/><T90/><D12/><U22/><E133/><V10/><F18/><W117/><G117/><T110/><D110/><U98/><E29/><V104/><F104/><W21/><G80/><AGARI ba="0,0" hai="0,6,9,10,11,59,63,65,78,80,84" m="43531" machi="80" ten="30,2000,0" yaku="11,1,52,1" doraHai="32" who="2" fromWho="3" sc="201,0,230,0,230,20,339,-20" /><INIT seed="2,0,0,0,1,31" ten="201,230,250,319" oya="2" hai0="11,120,1,89,46,42,81,85,127,71,47,90,108" hai1="68,70,18,117,32,23,128,111,86,67,58,118,133" hai2="57,91,73,129,116,106,30,88,99,122,2,36,28" hai3="13,98,105,96,75,41,132,124,110,55,7,51,104"/><V0/><F116/><W6/><G75/><T109/><D120/><U33/><E117/><V64/><F73/><W131/><G41/><T119/><D71/><U21/><E118/><V121/><F36/><W83/><G83/><T49/><D119/><U115/><E115/><V22/><F129/><W113/><G131/><T14/><D1/><U76/><E128/><V79/><F79/><W24/><G24/><T27/><D127/><U107/><E107/><V72/><F72/><W9/><G7/><T35/><D89/><U112/><E112/><V65/><F106/><W50/><G113/><T26/><D46/><U66/><E58/><V126/><F57/><N who="3" m="33015" /><G51/><T16/><REACH who="0" step="1"/><D27/><REACH who="0" ten="191,230,250,319" step="2"/><U3/><E133/><V103/><F126/><W10/><G132/><T15/><D15/><U134/><E134/><V12/><F12/><W5/><G13/><T4/><D4/><U19/><E3/><V40/><F0/><W135/><G6/><T52/><D52/><U74/><E68/><V97/><F2/><W45/><G5/><T125/><D125/><U8/><E70/><V84/><F103/><W69/><G45/><T25/><D25/><U101/><E101/><V38/><F122/><W78/><G69/><T80/><D80/><U130/><E130/><V39/><F121/><W17/><G124/><T56/><D56/><U43/><E43/><V53/><F40/><W102/><G102/><T20/><D20/><U87/><E21/><V123/><F123/><W34/><G135/><T95/><D95/><U77/><E23/><V62/><F22/><W93/><G105/><T114/><D114/><RYUUKYOKU ba="0,1" sc="191,30,230,-10,250,-10,319,-10" hai0="11,14,16,26,35,42,47,49,81,85,90,108,109" /><INIT seed="3,1,1,0,1,88" ten="221,220,240,309" oya="3" hai0="100,67,29,16,98,8,14,109,74,5,132,133,128" hai1="113,84,102,92,119,112,131,3,85,57,31,46,43" hai2="106,108,130,91,87,120,59,125,27,24,77,86,1" hai3="30,93,62,117,22,25,55,70,73,116,2,54,13"/><W51/><G2/><T48/><D74/><U95/><E3/><V9/><F106/><W121/><G73/><T58/><D109/><U42/><E131/><V105/><F105/><W71/><G121/><T17/><D128/><U7/><E119/><V124/><F108/><W41/><G41/><N who="1" m="15370" /><E113/><V103/><F103/><W50/><G13/><T78/><D78/><U123/><E112/><V15/><F1/><W79/><G79/><T6/><D29/><U127/><E123/><V32/><F120/><W83/><G83/><T64/><D5/><U53/><E127/><N who="2" m="48715" /><F59/><W97/><G51/><T104/><D64/><U35/><E35/><V96/><F130/><W110/><G110/><T99/><D99/><N who="1" m="59751" /><E7/><V63/><F32/><W122/><G122/><T26/><D26/><U34/><E34/><V4/><F27/><W75/><G75/><T40/><D40/><U23/><E46/><V36/><F24/><W44/><G70/><T118/><D118/><U68/><E68/><V19/><F4/><W39/><G39/><T52/><D67/><U47/><E47/><V37/><F37/><W72/><G72/><T69/><D69/><U89/><E23/><V111/><F111/><W126/><G126/><T18/><AGARI ba="1,1" hai="6,8,14,16,17,18,48,52,58,98,100,104,132,133" machi="18" ten="30,4000,0" yaku="0,1,54,2" doraHai="88" who="0" fromWho="0" sc="221,53,220,-11,240,-11,309,-21" /><INIT seed="4,0,0,5,4,70" ten="274,209,229,288" oya="0" hai0="98,76,13,50,22,71,92,127,78,102,107,135,103" hai1="38,29,115,111,75,41,84,68,24,21,60,108,10" hai2="130,43,113,82,33,19,34,64,27,110,4,31,99" hai3="51,44,81,117,7,74,105,114,89,128,36,46,118"/><T2/><D2/><U77/><E84/><V123/><F110/><W120/><G105/><T55/><D71/><U79/><E115/><V42/><F123/><W11/><G114/><T126/><D135/><U67/><E10/><V14/><F113/><W53/><G120/><T85/><D13/><U132/><E132/><V112/><F112/><W125/><G125/><N who="0" m="47627" /><D22/><U129/><E129/><V63/><F34/><W6/><G128/><T97/><D85/><U122/><E122/><V121/><F121/><W119/><G89/><T80/><D80/><U18/><E18/><V15/><F82/><W17/><G17/><T35/><D35/><N who="1" m="20903" /><E77/><N who="0" m="29801" /><D50/><U101/><E21/><V48/><F48/><W8/><G81/><T37/><D37/><U104/><E79/><V134/><F130/><W131/><G131/><T5/><D55/><U83/><E75/><V61/><F134/><W32/><G32/><T133/><D133/><U0/><E0/><V87/><F87/><W94/><G74/><T65/><D65/><U20/><E20/><N who="2" m="11391" /><F64/><W25/><G25/><T93/><D5/><U16/><E83/><V91/><F4/><N who="3" m="1579" /><G94/><AGARI ba="0,0" hai="92,93,94,97,98,102,103,107" m="29801,47627" machi="94" ten="30,5800,0" yaku="18,1,34,2" doraHai="70" who="0" fromWho="3" sc="274,58,209,0,229,0,288,-58" owari="332,43.2,209,-29.1,229,-17.1,230,3.0" /></mjloggm>