<mjloggm ver="2.3"><GO type="225" lobby="0"/><UN n0="%E3%81%86%E3%82%8B%E3%81%8A%E3%81%A1%E3%82%83" n1="%E3%83%A9%E3%83%96%E3%83%AC%E3%83%BC" n2="%E3%81%AF%E3%82%88%E3%81%8A%E3%81%98%E3%81%95%E3%82%93" n3="%4C%4F%4C%49%54%41" dan="16,17,16,16" rate="2120.58,2205.16,2098.91,2180.13" sx="F,M,M,F"/><TAIKYOKU oya="0"/><INIT seed="0,0,0,5,2,129" ten="250,250,250,250" oya="0" hai0="48,73,60,4,22,58,57,86,118,93,12,2,6" hai1="123,95,132,0,25,3,101,7,102,11,125,67,62" hai2="113,69,99,105,124,108,21,18,59,100,81,89,28" hai3="72,9,27,51,135,29,56,65,96,97,30,46,127"/><T1/><D73/><U110/><E123/><V79/><F69/><W103/><G72/><T98/><D118/><U41/><E125/><V47/><F113/><W17/><G127/><T61/><D86/><U109/><E41/><V111/><F124/><W70/><G70/><T119/><D119/><U52/><E3/><V87/><F28/><W42/><G135/><T90/><D48/><U84/><E25/><V75/><F59/><N who="0" m="22538" /><D1/><U20/><E20/><V54/><F47/><W107/><G107/><T53/><D2/><U34/><E132/><V15/><REACH who="2" step="1"/><F54/><REACH who="2" ten="250,250,240,250" step="2"/><W117/><G29/><T104/><D53/><U63/><E52/><V83/><AGARI ba="0,1" hai="15,18,21,75,79,81,83,87,89,99,100,105,108,111" machi="83" ten="30,8000,1" yaku="1,1,2,1,0,1,53,2" doraHai="129" doraHaiUra="76" who="2" fromWho="2" sc="250,-40,250,-20,240,90,250,-20" /><INIT seed="1,0,0,5,2,18" ten="210,230,330,230" oya="1" hai0="133,67,71,111,37,0,115,100,79,132,53,62,55" hai1="60,43,34,30,83,1,41,47,78,59,82,20,88" hai2="103,105,28,54,80,63,57,3,123,45,114,75,81" hai3="51,68,118,107,25,29,76,36,110,11,8,22,87"/><U21/><E1/><V121/><F3/><W120/><G36/><T44/><D0/><U95/><E34/><V91/><F114/><W12/><G120/><T93/><D79/><U61/><E30/><V49/><F28/><W92/><G107/><T58/><D115/><U16/><E61/><V108/><F108/><W94/><G68/><T125/><D111/><U74/><E21/><V33/><F33/><W112/><G118/><T85/><D100/><U19/><E19/><V32/><F32/><W4/><G110/><T38/><D85/><N who="1" m="48343" /><E47/><V2/><F2/><W70/><G70/><T72/><D93/><U77/><E83/><V39/><F39/><N who="0" m="14858" /><D72/><U7/><E7/><V17/><F81/><N who="3" m="47527" /><G112/><T129/><D125/><U134/><E134/><N who="0" m="51817" /><D129/><U127/><E77/><V97/><F75/><W104/><G104/><T135/><N who="0" m="51825" /><T101/><DORA hai="52" /><D101/><U109/><E127/><V73/><F73/><W15/><G51/><N who="0" m="28903" /><D71/><U65/><E74/><V130/><F130/><W50/><G50/><T102/><D102/><U117/><E109/><V116/><F116/><W56/><G94/><T128/><D128/><U35/><E35/><V64/><F80/><W31/><G92/><T84/><D84/><N who="1" m="52615" /><E117/><V40/><F91/><W99/><G99/><T106/><D106/><U86/><E86/><V131/><F131/><W90/><G90/><T46/><D46/><U48/><E48/><N who="2" m="30919" /><F17/><N who="3" m="8327" /><G29/><T26/><D26/><AGARI ba="0,0" hai="16,20,26,41,43,59,60,65" m="52615,48343" machi="26" ten="30,12000,1" yaku="8,1,52,2,54,2" doraHai="18,52" who="1" fromWho="0" sc="210,-120,230,120,330,0,230,0" /><INIT seed="1,1,0,5,1,46" ten="90,350,330,230" oya="1" hai0="74,51,53,111,99,94,5,89,3,45,41,18,54" hai1="23,28,117,43,78,8,68,37,84,61,25,81,57" hai2="106,128,91,26,116,24,34,47,114,125,59,14,80" hai3="92,105,97,100,62,31,122,19,55,120,121,110,107"/><U52/><E68/><V119/><F106/><W56/><G110/><T40/><D74/><U50/><E37/><V102/><F102/><W16/><REACH who="3" step="1"/><G31/><REACH who="3" ten="90,350,330,220" step="2"/><T22/><D111/><U42/><E117/><V4/><F119/><W71/><G71/><T30/><D30/><U66/><E8/><V131/><F116/><W86/><G86/><T9/><REACH who="0" step="1"/><D41/><REACH who="0" ten="80,350,330,220" step="2"/><U101/><E43/><V60/><F128/><W27/><G27/><AGARI ba="1,2" hai="3,5,9,18,22,27,40,45,51,53,54,89,94,99" machi="27" ten="30,8000,1" yaku="1,1,2,1,7,1,52,1,53,1" doraHai="46" doraHaiUra="90" who="0" fromWho="3" sc="80,103,350,0,330,0,220,-83" /><INIT seed="2,0,0,1,4,49" ten="183,350,330,137" oya="2" hai0="123,85,24,63,57,121,80,108,105,28,133,117,120" hai1="26,78,27,124,70,91,101,104,4,93,126,41,95" hai2="100,128,42,103,45,92,44,66,30,134,13,82,79" hai3="2,111,110,65,5,98,135,39,97,35,46,32,72"/><V33/><F128/><W77/><G135/><T84/><D133/><U99/><E70/><V130/><F134/><W61/><G97/><T31/><D108/><N who="3" m="41513" /><G98/><T0/><D117/><U129/><E4/><V89/><F130/><W116/><G116/><T64/><D105/><U53/><E41/><V118/><F118/><W113/><G113/><T43/><D0/><U96/><E129/><V40/><F33/><W107/><G107/><T127/><D127/><N who="1" m="48683" /><E104/><V73/><F30/><W106/><G106/><T50/><D31/><U86/><E78/><V20/><F66/><W15/><G15/><T25/><D25/><U69/><E69/><V68/><F68/><N who="3" m="42031" /><G39/><T16/><D16/><U21/><E99/><V62/><F13/><W56/><G46/><T1/><D1/><U48/><E21/><V74/><F20/><W3/><G56/><AGARI ba="0,0" hai="26,27,48,53,56,86,91,93,95,96,101" m="48683" machi="56" ten="30,2000,0" yaku="18,1,52,1" doraHai="49" who="1" fromWho="3" sc="183,0,350,20,330,0,137,-20" /><INIT seed="3,0,0,0,5,134" ten="183,370,330,117" oya="3" hai0="77,109,46,132,14,18,44,75,33,13,100,22,125" hai1="111,53,86,52,21,112,39,130,102,106,42,71,107" hai2="115,17,87,105,1,78,120,20,26,25,2,123,49" hai3="7,90,55,28,34,91,97,93,11,47,95,43,67"/><W98/><G67/><T126/><D33/><U19/><E112/><V85/><F105/><W59/><G34/><T119/><D119/><U36/><E86/><V58/><F115/><W80/><G28/><T29/><D132/><U79/><E79/><V32/><F49/><W92/><G80/><N who="0" m="45119" /><D29/><U121/><E111/><V62/><F25/><W41/><G93/><T3/><D3/><U129/><E121/><V9/><F32/><W30/><G47/><N who="0" m="17963" /><D100/><U12/><E102/><V37/><F37/><W60/><REACH who="3" step="1"/><G30/><REACH who="3" ten="183,370,330,107" step="2"/><T72/><D109/><U124/><E107/><V74/><F123/><W4/><G4/><T103/><D103/><U94/><E106/><V81/><F120/><W66/><G66/><T133/><D133/><U8/><E94/><V65/><F65/><W54/><G54/><T89/><D72/><U114/><E52/><V117/><F74/><W122/><G122/><T82/><D82/><U45/><E53/><V99/><F81/><W51/><G51/><T113/><D113/><U48/><E48/><V88/><F58/><W73/><G73/><T64/><D64/><U10/><E114/><V131/><F62/><W31/><G31/><T24/><D89/><U35/><E35/><V61/><F88/><W5/><G5/><T110/><D110/><U128/><E39/><V69/><F61/><W68/><G68/><T83/><D83/><U57/><E57/><V127/><F69/><W23/><G23/><T56/><D56/><U96/><E71/><V104/><F20/><W16/><G16/><T63/><D63/><U40/><E36/><V76/><F104/><RYUUKYOKU ba="0,1" sc="183,15,370,-15,330,-15,107,15" hai0="13,14,18,22,24,125,126" hai3="7,11,41,43,55,59,60,90,91,92,95,97,98" /><INIT seed="3,1,1,3,0,49" ten="198,355,315,122" oya="3" hai0="87,51,84,115,77,13,110,122,66,90,89,34,6" hai1="117,131,65,7,94,111,31,0,112,61,4,16,74" hai2="47,100,69,121,28,38,119,99,46,1,29,43,125" hai3="15,80,25,21,75,68,42,40,3,50,118,35,96"/><W79/><G118/><T45/><D34/><U116/><E112/><V107/><F119/><N who="1" m="45641" /><E111/><V83/><F69/><W63/><G3/><T12/><D122/><U19/><E74/><V127/><F1/><W8/><G35/><T24/><D110/><U52/><E31/><V73/><F121/><W86/><G75/><T54/><D115/><U134/><E131/><V39/><F73/><W97/><G68/><T124/><D124/><N who="2" m="47690" /><F83/><W41/><G63/><T62/><D24/><U53/><E94/><V71/><F71/><W95/><G50/><T93/><D77/><U109/><E65/><V22/><F22/><W2/><G2/><T55/><D6/><N who="1" m="2091" /><E134/><V126/><N who="2" m="47698" /><V56/><DORA hai="128" /><F56/><W91/><G96/><T20/><D20/><U81/><E81/><V17/><F17/><N who="1" m="6729" /><E61/><V101/><F100/><W113/><G113/><T48/><D66/><U57/><E57/><V133/><F133/><W76/><G76/><T11/><D11/><U105/><E0/><V120/><F120/><W44/><G44/><N who="0" m="27911" /><D62/><U59/><E59/><V98/><F99/><W130/><G130/><T103/><D103/><U104/><E109/><V106/><F107/><AGARI ba="1,1" hai="52,53,104,105,107" m="6729,2091,45641" machi="107" ten="40,12000,2" yaku="28,2,12,1,52,2,54,2" doraHai="49,128" who="1" fromWho="2" sc="198,0,355,133,315,-123,122,0" owari="198,-0.2,488,58.8,192,-20.8,122,-37.8" /></mjloggm>