<mjloggm ver="2.3"><GO type="225" lobby="0"/><UN n0="%74%61%6B%75%61%6B%61" n1="%E3%82%82%E3%81%90%E3%82%89" n2="%E3%81%A1%E3%82%85%E3%81%86%E3%81%A9%E3%81%8F%E8%B1%A1%E3%81%95%E3%82%93" n3="%E8%90%BD%E6%97%A5" dan="17,16,16,19" rate="2215.11,2194.53,2161.02,2244.15" sx="M,M,M,F"/><TAIKYOKU oya="0"/><INIT seed="0,0,0,2,2,85" ten="250,250,250,250" oya="0" hai0="88,99,105,82,42,43,47,100,16,125,0,23,115" hai1="65,9,50,72,92,2,27,71,51,93,134,19,119" hai2="83,25,69,14,21,34,86,32,13,35,116,41,120" hai3="89,103,17,8,58,38,37,36,76,22,111,118,133"/><T104/><D115/><U40/><E119/><V96/><F120/><W62/><G118/><T18/><D125/><U52/><E72/><V79/><F69/><W117/><G117/><T90/><D0/><U31/><E40/><V101/><F41/><W63/><G111/><T10/><D105/><U59/><E134/><V5/><F116/><W77/><G133/><T29/><D82/><U11/><E2/><V124/><F124/><W45/><G103/><T26/><D42/><U4/><E4/><V54/><F54/><W75/><G75/><T1/><D18/><U129/><E129/><V39/><F39/><W112/><G45/><T44/><D44/><U84/><E19/><V74/><F74/><W121/><G8/><T114/><D114/><U131/><E51/><V106/><REACH who="2" step="1"/><F5/><REACH who="2" ten="250,250,240,250" step="2"/><W48/><G121/><T102/><D102/><U122/><E122/><V81/><F81/><W91/><G112/><T94/><D104/><U3/><E71/><V127/><F127/><W130/><G130/><T66/><D66/><U80/><E65/><V12/><F12/><N who="3" m="9511" /><G38/><T135/><D135/><U128/><E128/><V53/><F53/><N who="3" m="32039" /><G37/><T33/><D43/><U7/><E131/><V68/><F68/><W46/><G36/><T30/><D47/><U108/><E108/><V28/><AGARI ba="0,1" hai="13,14,21,25,28,32,34,35,79,83,86,96,101,106" machi="28" ten="30,2000,0" yaku="1,1,0,1,53,0" doraHai="85" doraHaiUra="109" who="2" fromWho="2" sc="250,-10,250,-5,240,30,250,-5" /><INIT seed="1,0,0,5,3,32" ten="240,245,270,245" oya="1" hai0="8,41,36,84,62,89,59,44,99,123,120,4,91" hai1="105,53,88,19,3,132,113,119,22,12,75,129,82" hai2="79,49,124,80,64,93,111,109,54,51,56,112,101" hai3="40,117,25,42,78,66,1,58,60,133,70,24,102"/><U116/><E113/><V18/><F64/><W103/><G133/><T77/><D99/><U127/><E105/><V107/><F107/><W85/><G117/><T17/><D17/><U50/><E132/><V13/><F124/><W57/><G1/><N who="0" m="15" /><D84/><U7/><E127/><V92/><F49/><W98/><G70/><T26/><D26/><N who="3" m="10345" /><G58/><T37/><D77/><U97/><E129/><V106/><F106/><W100/><G98/><T35/><D35/><U118/><E75/><V21/><F112/><W31/><G31/><T34/><D34/><U30/><E30/><V69/><F69/><W52/><G66/><T9/><D9/><U46/><E97/><V121/><F121/><N who="0" m="46666" /><D36/><U33/><E33/><V114/><F114/><W68/><G68/><T65/><AGARI ba="0,0" hai="37,41,44,59,62,65,89,91" m="46666,15" machi="65" ten="30,2000,0" yaku="13,1,52,1" doraHai="32" who="0" fromWho="0" sc="240,20,245,-10,270,-5,245,-5" /><INIT seed="2,0,0,0,4,86" ten="260,235,265,240" oya="2" hai0="102,28,114,93,89,99,71,74,2,91,49,58,68" hai1="120,100,60,53,38,26,130,72,24,48,112,90,32" hai2="96,94,77,45,65,98,15,115,62,25,76,27,42" hai3="81,6,70,52,12,103,105,85,128,73,61,3,69"/><V4/><F115/><W125/><G73/><T46/><D114/><U113/><E113/><V109/><F109/><W132/><G3/><T79/><D2/><U124/><E112/><V56/><F77/><W36/><G36/><T50/><D28/><U22/><E38/><V34/><F76/><W44/><G125/><T40/><D74/><U16/><E124/><V17/><F4/><W104/><G128/><T35/><D35/><U21/><E72/><V83/><F83/><W63/><G132/><T0/><D0/><U19/><E130/><V5/><F5/><W107/><G103/><T118/><D79/><U10/><E32/><V78/><F78/><W110/><G110/><T67/><D118/><U54/><E100/><V39/><F34/><W95/><G95/><T101/><D101/><U13/><E120/><V121/><F121/><W117/><G117/><T11/><D11/><U122/><E122/><V80/><F80/><W64/><G69/><T43/><D68/><U75/><E75/><V133/><F133/><W116/><G116/><T84/><D84/><U131/><E131/><V82/><F82/><W59/><G44/><N who="0" m="25759" /><D71/><U18/><E60/><AGARI ba="0,0" hai="40,46,50,58,60,67,89,91,93,99,102" m="25759" machi="60" ten="30,3900,0" yaku="8,1,52,2" doraHai="86" who="0" fromWho="1" sc="260,39,235,-39,265,0,240,0" /><INIT seed="3,0,0,3,2,114" ten="299,196,265,240" oya="3" hai0="100,1,50,34,31,74,22,51,94,75,82,41,85" hai1="131,72,80,104,112,109,52,79,36,25,130,133,103" hai2="32,38,3,91,56,37,69,132,77,48,113,99,4" hai3="5,90,43,18,70,128,46,86,108,62,28,6,10"/><W92/><G128/><N who="1" m="49194" /><E36/><V59/><F32/><W117/><G117/><T60/><D34/><U89/><E25/><V115/><F77/><W44/><G28/><T14/><D1/><U97/><E112/><V127/><F4/><W123/><G123/><T125/><D74/><U9/><E9/><V64/><F99/><W129/><G129/><T29/><D75/><U55/><E109/><V0/><F48/><N who="0" m="18474" /><D41/><U58/><E58/><V76/><F76/><W134/><G134/><T15/><D125/><U24/><E24/><V12/><F12/><N who="0" m="4650" /><D60/><U78/><E133/><V105/><F132/><W65/><G108/><T98/><D22/><U61/><E61/><V87/><F127/><W33/><G33/><T106/><D106/><U118/><E79/><AGARI ba="0,0" hai="29,31,79,82,85,94,98,100" m="4650,18474" machi="79" ten="30,1000,0" yaku="8,1" doraHai="114" who="0" fromWho="1" sc="299,10,196,-10,265,0,240,0" owari="309,40.9,186,-31.4,265,6.5,240,-16.0" /></mjloggm>