<mjloggm ver="2.3"><GO type="225" lobby="0"/><UN n0="%E7%BD%AA%E5%88%91%E6%B3%95%E5%AE%9A%E4%B8%BB%E7%BE%A9" n1="%E3%81%AF%E3%82%88%E3%81%8A%E3%81%98%E3%81%95%E3%82%93" n2="%48%61%61%61%6C%61%6E%64" n3="%6D%75%75%6D%75%72%61" dan="16,16,17,17" rate="2186.59,2129.97,2245.38,2117.99" sx="M,M,M,F"/><TAIKYOKU oya="0"/><INIT seed="0,0,0,5,0,33" ten="250,250,250,250" oya="0" hai0="133,92,31,130,82,67,132,9,75,129,7,25,16" hai1="39,89,44,62,128,55,126,63,64,102,93,59,112" hai2="118,76,17,60,52,26,113,104,66,65,91,122,115" hai3="14,117,49,20,73,2,94,116,41,95,28,42,88"/><T78/><D67/><U61/><E126/><V74/><F122/><W13/><G73/><T3/><D92/><U71/><E128/><N who="0" m="49257" /><D16/><U5/><E112/><V87/><F104/><W45/><G42/><T21/><AGARI ba="0,0" hai="3,7,9,21,25,31,75,78,82,132,133" m="49257" machi="21" ten="30,3000,0" yaku="19,1,52,1" doraHai="33" who="0" fromWho="0" sc="250,30,250,-10,250,-10,250,-10" /><INIT seed="0,1,0,3,3,62" ten="280,240,240,240" oya="0" hai0="10,37,26,30,107,50,81,8,104,132,14,86,78" hai1="122,7,113,73,31,38,77,98,115,72,18,51,95" hai2="94,128,121,53,5,96,45,39,2,54,114,116,90" hai3="40,58,127,125,16,65,101,12,28,123,34,83,97"/><T64/><D37/><U110/><E38/><V43/><F121/><W130/><G123/><T55/><D132/><U25/><E122/><V13/><F114/><N who="1" m="43529" /><E110/><V11/><F128/><W49/><G130/><T24/><D8/><U56/><E18/><V74/><F116/><W36/><G36/><T15/><D14/><U66/><E77/><V22/><REACH who="2" step="1"/><F74/><REACH who="2" ten="280,240,230,240" step="2"/><W1/><G127/><T105/><D30/><U32/><E73/><V47/><F47/><W52/><G125/><T41/><D41/><U91/><E72/><V0/><F0/><W71/><G1/><T89/><D78/><U29/><E31/><V79/><F79/><W87/><G40/><T120/><D120/><U134/><E134/><V112/><F112/><W42/><G42/><T129/><D129/><U23/><E7/><V85/><F85/><W33/><G28/><T103/><D103/><U57/><E32/><V9/><F9/><W6/><G6/><T63/><D10/><U100/><E100/><V44/><F44/><W84/><G34/><T108/><D108/><U46/><E66/><V20/><F20/><W106/><G33/><T75/><D75/><U70/><E70/><V93/><F93/><W82/><G65/><T61/><D64/><U117/><E117/><V21/><F21/><N who="3" m="11399" /><G71/><T118/><D118/><U133/><E133/><V48/><F48/><W67/><G67/><T17/><D50/><U19/><E29/><V126/><F126/><W35/><G35/><T99/><D86/><U59/><E46/><V88/><F88/><N who="3" m="51223" /><G87/><T4/><D89/><U76/><E76/><V69/><F69/><RYUUKYOKU ba="1,1" sc="280,-30,240,10,230,10,240,10" hai1="19,23,25,51,56,57,59,91,95,98" hai2="2,5,11,13,22,39,43,45,53,54,90,94,96" hai3="49,52,58,83,97,101,106" /><INIT seed="1,2,1,0,2,38" ten="250,250,240,250" oya="1" hai0="25,60,8,51,130,32,17,118,7,40,50,71,23" hai1="55,53,74,59,125,121,88,96,41,12,14,44,19" hai2="2,69,105,90,115,33,77,43,66,127,120,131,45" hai3="30,5,128,94,70,109,35,21,89,6,72,110,31"/><U20/><E121/><V98/><F120/><W62/><G72/><T81/><D118/><U4/><E125/><V11/><F127/><W108/><G128/><T133/><D130/><U129/><E74/><V64/><F131/><W15/><G35/><T79/><D133/><U86/><E129/><V36/><F115/><W9/><G5/><T82/><D32/><U75/><E75/><V34/><F77/><W101/><G101/><T76/><D76/><U46/><E96/><V132/><F132/><W102/><G102/><T54/><D40/><U112/><E112/><V47/><F47/><W18/><G62/><T29/><D29/><U95/><E44/><V107/><F66/><W13/><REACH who="3" step="1"/><G70/><REACH who="3" ten="250,250,240,240" step="2"/><T26/><D71/><U22/><E4/><V78/><F33/><W119/><G119/><T68/><D68/><U126/><E126/><V114/><F34/><W28/><G28/><T113/><D60/><U56/><E56/><V106/><F114/><W42/><G42/><T87/><D113/><U91/><E59/><V37/><F69/><W27/><G27/><T39/><D26/><U52/><E12/><V58/><F58/><W85/><AGARI ba="2,2" hai="6,9,13,15,18,21,30,31,85,89,94,108,109,110" machi="85" ten="30,7900,0" yaku="1,1,0,1,14,1,53,1" doraHai="38" doraHaiUra="84" who="3" fromWho="3" sc="250,-22,250,-41,240,-22,240,105" /><INIT seed="2,0,0,3,5,79" ten="228,209,218,345" oya="2" hai0="96,108,13,39,8,126,117,25,84,124,83,128,69" hai1="28,110,120,20,56,42,0,7,99,62,132,64,107" hai2="60,78,9,70,119,15,4,32,67,129,97,106,10" hai3="46,40,66,95,98,122,86,90,55,93,47,65,102"/><V51/><F119/><W94/><G122/><T101/><D39/><U114/><E114/><V34/><F129/><W115/><G115/><T2/><D69/><U68/><E120/><V24/><F78/><W53/><G94/><N who="0" m="58519" /><D2/><U87/><E110/><V18/><F51/><N who="3" m="27079" /><G47/><T21/><D108/><U49/><E132/><V30/><F32/><W121/><G121/><T58/><D58/><U113/><E113/><V75/><F75/><W61/><G61/><T11/><D128/><U12/><E0/><V125/><F125/><N who="0" m="48234" /><D13/><U134/><E134/><V57/><F57/><W74/><G74/><T100/><D100/><U50/><E68/><V135/><F135/><W131/><G131/><T31/><D117/><U37/><E37/><V41/><F41/><W33/><G33/><T26/><D26/><N who="1" m="16455" /><E107/><V6/><F10/><W82/><G95/><T36/><D36/><U72/><E72/><V1/><F1/><W59/><G59/><T76/><AGARI ba="0,0" hai="8,11,21,25,31,76,83,84" m="48234,58519" machi="76" ten="30,2000,0" yaku="18,1,52,1" doraHai="79" who="0" fromWho="0" sc="228,20,209,-5,218,-10,345,-5" /><INIT seed="3,0,0,5,1,92" ten="248,204,208,340" oya="3" hai0="1,63,48,62,113,3,69,134,0,95,38,103,47" hai1="125,53,43,7,124,8,15,6,27,118,109,17,131" hai2="108,49,5,116,126,129,59,121,64,71,13,106,51" hai3="4,77,2,86,30,9,114,58,23,66,24,96,55"/><W117/><G114/><T19/><D113/><U83/><E109/><V60/><F116/><W122/><G66/><T11/><D38/><U78/><E118/><V123/><F108/><W81/><G122/><N who="2" m="46601" /><F126/><N who="1" m="48745" /><E131/><V22/><F129/><W16/><G96/><T54/><D134/><U52/><E43/><V36/><F36/><W35/><G117/><T97/><D69/><U61/><E61/><N who="2" m="40335" /><F106/><W39/><G39/><T89/><D103/><U44/><E44/><V130/><F130/><W104/><G104/><T90/><D90/><U73/><E27/><V88/><F88/><W41/><G41/><T101/><D101/><U56/><E56/><V33/><F33/><W76/><G76/><T110/><D110/><U82/><E83/><V29/><F29/><W85/><G85/><T12/><AGARI ba="0,0" hai="0,1,3,11,12,19,47,48,54,62,63,89,95,97" machi="12" ten="40,2700,0" yaku="0,1,52,1" doraHai="92" who="0" fromWho="0" sc="248,27,204,-7,208,-7,340,-13" owari="275,7.5,197,-30.3,201,-19.9,327,42.7" /></mjloggm>