<mjloggm ver="2.3"><GO type="225" lobby="0"/><UN n0="%E3%81%8B%E3%82%8F%E3%81%A1%E3%82%83%E3%82%93%35%38" n1="%E4%BA%AE%E6%B5%81%E6%89%93%E8%80%85" n2="%E3%81%B5%E3%81%98%E3%81%8B%E3%81%A4" n3="%E3%82%BC%E3%83%AB%E3%83%80%E3%81%AE%E4%BC%9D%E8%AA%AC" dan="17,16,16,18" rate="2260.47,2070.37,2119.29,2184.66" sx="M,F,M,M"/><TAIKYOKU oya="0"/><INIT seed="0,0,0,2,0,103" ten="250,250,250,250" oya="0" hai0="32,105,48,115,19,128,51,57,91,88,16,53,131" hai1="123,56,68,24,98,38,94,43,87,26,70,46,73" hai2="112,77,82,84,81,13,122,111,15,125,22,45,127" hai3="34,75,67,33,6,44,35,23,41,37,18,12,1"/><T10/><D32/><U86/><E73/><V11/><F112/><W14/><G67/><T76/><D115/><U25/><E123/><V95/><F122/><W36/><G75/><T108/><D108/><U52/><E68/><V117/><F117/><W71/><G71/><T4/><D76/><U85/><E70/><V109/><F45/><W54/><G54/><T92/><D51/><U30/><E30/><V42/><F42/><W102/><G36/><T96/><D91/><U69/><E69/><V90/><F22/><W118/><G118/><T104/><D19/><U120/><E120/><V27/><F27/><W29/><G102/><T60/><D48/><U134/><E134/><V119/><F119/><W79/><G79/><T20/><D131/><U9/><E9/><V72/><F82/><W107/><G14/><T93/><D93/><U99/><REACH who="1" step="1"/><E94/><REACH who="1" ten="250,240,250,250" step="2"/><V21/><F21/><W83/><G29/><T97/><D128/><U7/><E7/><N who="2" m="3327" /><F15/><W121/><G6/><T124/><D124/><AGARI ba="0,1" hai="72,77,81,84,90,95,109,111,124,125,127" m="3327" machi="124" ten="30,1000,0" yaku="18,1" doraHai="103" who="2" fromWho="0" sc="250,-10,240,0,250,20,250,0" /><INIT seed="1,0,0,3,2,80" ten="240,240,270,250" oya="1" hai0="113,94,67,51,68,101,16,99,2,38,125,96,40" hai1="26,32,63,43,47,55,119,20,104,9,1,84,120" hai2="54,126,34,13,61,62,92,127,15,132,73,97,86" hai3="75,25,10,85,35,19,23,21,95,45,33,106,100"/><U57/><E119/><V3/><F34/><W130/><G75/><T41/><D2/><U79/><E120/><V4/><F73/><W7/><G130/><T71/><D113/><U36/><E104/><V66/><F132/><W50/><G106/><T0/><D0/><U28/><E1/><V77/><F54/><W11/><G33/><T72/><D72/><U107/><E107/><V42/><F42/><W59/><G35/><T76/><D76/><U87/><E79/><V5/><F3/><W6/><G59/><T44/><D125/><N who="2" m="47626" /><F77/><W89/><G100/><T70/><D41/><U18/><REACH who="1" step="1"/><E9/><REACH who="1" ten="240,230,270,250" step="2"/><N who="3" m="3082" /><G21/><T102/><D38/><U114/><E114/><V90/><F5/><W58/><G58/><T65/><REACH who="0" step="1"/><D16/><REACH who="0" ten="230,230,270,250" step="2"/><U27/><AGARI ba="0,2" hai="18,20,26,27,28,32,36,43,47,55,57,63,84,87" machi="27" ten="20,18000,2" yaku="1,1,0,1,7,1,52,2,53,2" doraHai="80" doraHaiUra="82" who="1" fromWho="1" sc="230,-60,230,200,270,-60,250,-60" /><INIT seed="1,1,0,5,5,93" ten="170,430,210,190" oya="1" hai0="8,5,14,60,82,1,38,57,58,49,84,27,55" hai1="69,61,127,103,90,111,41,92,133,96,94,95,113" hai2="33,81,130,99,67,59,15,17,9,2,20,80,54" hai3="46,29,21,18,87,79,126,134,125,121,64,39,109"/><U135/><E41/><V19/><F130/><W0/><G121/><T128/><D128/><U123/><E69/><V106/><F33/><W48/><G0/><T68/><D38/><U24/><E24/><V101/><F67/><W13/><G39/><T108/><D108/><U112/><E61/><V7/><REACH who="2" step="1"/><F19/><REACH who="2" ten="170,430,200,190" step="2"/><W63/><G109/><T11/><D68/><U120/><E111/><V12/><F12/><W43/><G134/><N who="1" m="51210" /><E127/><V35/><F35/><W66/><G29/><T104/><D27/><U124/><E124/><V110/><F110/><W105/><G64/><T72/><D72/><U75/><E75/><V28/><F28/><W4/><G125/><T86/><D104/><N who="1" m="63591" /><E90/><V88/><F88/><W71/><G126/><T47/><D1/><U132/><E132/><V53/><F53/><W6/><G66/><T32/><D32/><U31/><E31/><V37/><F37/><W116/><G71/><T44/><D14/><U73/><E73/><V100/><F100/><W91/><G13/><T3/><D3/><U26/><E26/><V76/><F76/><W107/><G79/><T65/><D65/><U115/><AGARI ba="1,1" hai="92,94,95,112,113,115,120,123" m="63591,51210" machi="115" ten="40,12000,1" yaku="20,1,34,2,52,1" doraHai="93" who="1" fromWho="1" sc="170,-41,430,133,200,-41,190,-41" /><INIT seed="1,2,0,4,5,6" ten="129,563,159,149" oya="1" hai0="69,25,56,55,49,73,84,129,104,53,87,75,1" hai1="128,62,9,120,110,28,22,90,122,2,127,108,30" hai2="72,135,7,93,67,103,101,85,0,59,14,31,46" hai3="124,114,112,26,83,106,130,50,82,23,38,133,11"/><U79/><E79/><V131/><F135/><W86/><G38/><T21/><D104/><U16/><E90/><N who="2" m="53455" /><F72/><W10/><G106/><T51/><D69/><U13/><E62/><N who="2" m="38367" /><F0/><W61/><G133/><T60/><D129/><U97/><E97/><V24/><F46/><W99/><G130/><T126/><D126/><U113/><E113/><V20/><F131/><W66/><G124/><T32/><D32/><U98/><E98/><V107/><F107/><W40/><G99/><T4/><D75/><U88/><E88/><V91/><F91/><N who="3" m="51671" /><G83/><T134/><D73/><U94/><E94/><V95/><F95/><W39/><G39/><T68/><D134/><U121/><E128/><V18/><F7/><W65/><G112/><T37/><D37/><U96/><E96/><V47/><F47/><N who="3" m="25959" /><G114/><T29/><D1/><U34/><E127/><V44/><F44/><W52/><G66/><T57/><D4/><N who="1" m="1175" /><E34/><V80/><F80/><W102/><G65/><AGARI ba="2,0" hai="21,25,29,49,51,53,55,56,57,60,65,68,84,87" machi="65" ten="40,1300,0" yaku="9,1" doraHai="6" who="0" fromWho="3" sc="129,19,563,0,159,0,149,-19" /><INIT seed="2,0,0,0,4,130" ten="148,563,159,130" oya="2" hai0="65,22,118,97,34,114,36,113,19,121,99,55,46" hai1="23,134,66,7,16,93,107,8,25,11,105,90,1" hai2="102,72,38,69,3,85,62,58,39,87,44,132,95" hai3="76,63,108,17,135,120,117,91,60,104,131,101,133"/><V126/><F72/><W49/><G117/><T79/><D34/><U35/><E134/><N who="3" m="51210" /><G108/><T84/><D121/><U20/><E35/><V78/><F132/><W21/><G131/><T100/><D65/><U15/><E66/><V74/><F69/><W57/><G120/><T70/><D70/><U12/><E1/><V128/><F126/><W77/><G49/><N who="0" m="29111" /><D97/><U29/><E23/><V42/><F3/><W37/><G37/><T98/><D98/><AGARI ba="0,0" hai="7,8,11,12,15,16,20,25,29,90,93,98,105,107" machi="98" ten="30,2000,0" yaku="7,1,54,1" doraHai="130" who="1" fromWho="0" sc="148,-20,563,20,159,0,130,0" /><INIT seed="3,0,0,1,0,22" ten="128,583,159,130" oya="3" hai0="4,80,20,89,125,114,55,101,134,17,35,21,16" hai1="76,36,9,69,117,5,85,92,113,14,82,108,0" hai2="61,50,51,121,116,39,78,23,41,47,77,27,13" hai3="38,128,52,19,106,132,87,63,119,60,59,48,32"/><W111/><G119/><T67/><D35/><U95/><E92/><V26/><F116/><W75/><G75/><T79/><D101/><U30/><E14/><V126/><F126/><W71/><G106/><T127/><D134/><U83/><E85/><V97/><F39/><W94/><G32/><T91/><D114/><U37/><E9/><V8/><F61/><W65/><G132/><T53/><D67/><U123/><E108/><V122/><F27/><W18/><G111/><T33/><D33/><U104/><E30/><N who="2" m="17759" /><F97/><W11/><G128/><T46/><D4/><U66/><E95/><V25/><F25/><W64/><G11/><T29/><D29/><U107/><E76/><V96/><F96/><W42/><G87/><T90/><D79/><U74/><E5/><N who="2" m="3215" /><F51/><W68/><G94/><T7/><D7/><U43/><E43/><V98/><F98/><W10/><G10/><T115/><D115/><U84/><E123/><AGARI ba="0,0" hai="41,47,50,77,78,121,122,123" m="3215,17759" machi="123" ten="30,2000,0" yaku="13,1,52,1" doraHai="22" who="2" fromWho="1" sc="128,0,583,-20,159,20,130,0" owari="128,-37.2,563,66.3,179,-2.1,130,-27.0" /></mjloggm>