<mjloggm ver="2.3"><GO type="225" lobby="0"/><UN n0="%E7%99%BD%E6%97%A5%E9%9B%AA%E8%8F%9C" n1="%E3%82%B3%E3%83%90%E3%83%AC%E3%82%A4" n2="%33%74%72%65%65" n3="%EF%BC%B3%E3%81%9E%E3%81%88%E2%98%86" dan="17,16,16,16" rate="2220.66,2136.70,2154.40,2094.64" sx="M,M,F,F"/><TAIKYOKU oya="0"/><INIT seed="0,0,0,0,5,77" ten="250,250,250,250" oya="0" hai0="43,79,23,10,125,123,16,64,31,32,17,92,34" hai1="90,24,107,49,39,22,121,133,41,99,72,82,106" hai2="111,48,13,112,96,47,110,44,122,78,20,101,75" hai3="21,105,104,120,94,103,58,42,27,63,15,36,89"/><T3/><D123/><U80/><E121/><V69/><F122/><W19/><G103/><T52/><D64/><U62/><E39/><V88/><F112/><W134/><G134/><T127/><D43/><U113/><E72/><V67/><F69/><W86/><G120/><T97/><D79/><U2/><E2/><V18/><F67/><W33/><G33/><T135/><D135/><U98/><E107/><V4/><F4/><W130/><G130/><T74/><D74/><U84/><E106/><V81/><F88/><W46/><REACH who="3" step="1"/><G27/><REACH who="3" ten="250,250,250,240" step="2"/><T14/><D34/><U70/><E133/><V29/><F29/><W37/><G37/><T56/><D32/><U109/><E113/><V54/><REACH who="2" step="1"/><F44/><REACH who="2" ten="250,250,240,240" step="2"/><W45/><G45/><T40/><D31/><N who="1" m="17815" /><E70/><V38/><F38/><W60/><G60/><T55/><D56/><U66/><E62/><V100/><F100/><W12/><G12/><T11/><D3/><U6/><E66/><AGARI ba="0,2" hai="15,19,21,36,42,46,58,63,66,86,89,94,104,105" machi="66" ten="30,2000,0" yaku="1,1,7,1,53,0" doraHai="77" doraHaiUra="108" who="3" fromWho="1" sc="250,0,250,-20,240,0,240,40" /><INIT seed="1,0,0,0,5,58" ten="250,230,240,280" oya="1" hai0="72,13,59,39,114,56,125,54,53,109,84,10,124" hai1="76,14,90,79,32,99,22,74,113,19,42,36,48" hai2="7,83,41,47,100,105,106,131,86,49,12,46,96" hai3="3,55,130,1,2,17,94,91,16,82,103,93,35"/><U64/><E113/><V132/><F132/><W115/><G35/><T51/><D72/><U107/><E32/><V122/><F131/><W31/><G115/><T18/><D39/><U123/><E36/><V43/><F122/><W62/><G31/><T112/><D109/><U71/><E123/><V68/><F68/><W89/><G130/><T40/><D40/><U0/><E0/><V95/><F7/><W52/><G82/><T129/><D129/><U11/><E74/><V45/><F12/><W85/><G103/><T63/><REACH who="0" step="1"/><D84/><REACH who="0" ten="240,230,240,280" step="2"/><U28/><E42/><V9/><F41/><W73/><G73/><T21/><D21/><U20/><E20/><V4/><F86/><W88/><G85/><T121/><D121/><U135/><E135/><V104/><F83/><W102/><G102/><T127/><AGARI ba="0,1" hai="10,13,18,51,53,54,56,59,63,112,114,124,125,127" machi="127" ten="30,8000,1" yaku="1,1,0,1,18,1,52,1,53,1" doraHai="58" doraHaiUra="5" who="0" fromWho="0" sc="240,90,230,-40,240,-20,280,-20" /><INIT seed="2,0,0,3,2,8" ten="330,190,220,260" oya="2" hai0="6,48,99,126,133,44,19,58,75,37,77,0,94" hai1="12,124,83,68,38,86,102,63,109,76,39,46,81" hai2="32,122,40,119,1,14,2,51,42,70,16,79,125" hai3="62,127,36,55,117,35,96,9,74,28,78,66,132"/><V23/><F122/><W64/><G36/><T134/><D126/><U7/><E124/><V21/><F125/><W84/><G117/><T100/><D37/><U103/><E109/><V121/><F121/><W71/><G74/><T45/><D0/><U118/><E118/><V72/><F32/><W95/><G132/><N who="0" m="50795" /><D6/><U59/><E68/><V22/><F70/><W56/><G66/><T10/><D10/><U26/><E26/><V69/><F69/><W115/><G115/><T114/><D19/><U31/><E31/><V20/><F119/><W104/><G104/><T131/><D131/><U47/><E39/><V135/><F135/><W13/><G84/><T129/><D129/><U107/><E107/><V53/><F1/><W54/><G78/><T73/><D114/><U123/><E123/><V93/><F2/><W130/><G130/><T61/><D77/><U112/><E112/><V89/><F79/><W57/><G127/><T113/><D113/><U29/><E29/><V3/><F3/><W24/><G57/><T91/><D100/><N who="1" m="38443" /><E38/><V98/><F72/><N who="0" m="27722" /><D48/><U18/><E7/><V87/><F98/><W60/><G60/><T34/><D34/><U67/><E83/><V4/><F4/><W15/><G71/><T25/><D25/><U90/><E76/><V33/><F33/><W128/><G128/><T97/><D97/><U101/><N who="1" m="38451" /><U27/><DORA hai="92" /><E27/><V41/><F23/><AGARI ba="0,0" hai="12,18,23,46,47,59,63,67,81,86,90" m="38451" machi="23" ten="30,2000,0" yaku="8,1,52,1" doraHai="8,92" who="1" fromWho="2" sc="330,0,190,20,220,-20,260,0" /><INIT seed="3,0,0,4,5,95" ten="330,210,200,260" oya="3" hai0="79,16,102,67,55,70,45,73,118,65,105,9,100" hai1="5,133,120,81,21,107,34,94,80,117,57,125,112" hai2="103,1,63,26,50,11,4,52,29,44,128,119,42" hai3="6,43,19,8,32,75,76,51,41,46,7,98,89"/><W109/><G32/><T30/><D70/><U31/><E34/><V24/><F119/><W91/><G109/><T78/><D105/><U66/><E107/><V110/><F110/><W88/><G75/><T59/><D73/><U71/><E71/><V60/><F128/><W3/><G76/><N who="0" m="29227" /><D30/><U106/><E106/><V93/><F26/><W61/><G61/><N who="0" m="36095" /><D45/><U126/><E117/><V85/><F42/><N who="3" m="15883" /><G3/><T72/><D72/><U134/><E120/><V97/><F85/><W92/><G51/><T83/><D83/><U62/><E81/><V99/><F99/><W33/><G46/><T10/><D118/><U15/><E80/><V58/><F44/><W124/><G124/><T53/><D53/><U96/><E125/><V113/><F113/><W114/><G33/><AGARI ba="0,0" hai="1,4,11,24,29,33,50,52,58,60,63,93,97,103" machi="33" ten="30,3900,0" yaku="7,1,52,1,54,1" doraHai="95" who="2" fromWho="3" sc="330,0,210,0,200,39,260,-39" owari="330,43.0,210,-29.0,239,3.9,221,-17.9" /></mjloggm>