<mjloggm ver="2.3"><GO type="225" lobby="0"/><UN n0="%E2%91%A3%E9%81%BF%E9%81%8A%E6%88%AF%E3%80%90%E6%9D%B1%E5%8D%97%E3%80%91" n1="%E3%83%A1%E3%82%AC%E3%83%87%E3%82%B8" n2="%E3%81%99%E3%81%84%E3%81%BE%E3%81%9B%E3%83%BC%E3%82%93" n3="%6B%79%6F%6E%6B%6F%31%31" dan="16,16,16,17" rate="2052.63,2120.22,2163.72,2207.42" sx="M,F,M,M"/><TAIKYOKU oya="0"/><INIT seed="0,0,0,0,2,124" ten="250,250,250,250" oya="0" hai0="52,94,76,30,14,74,17,91,28,10,80,65,59" hai1="32,79,123,128,66,71,38,133,99,43,33,77,75" hai2="8,105,18,19,2,96,57,24,92,0,107,81,62" hai3="121,132,118,101,88,100,78,119,7,58,29,117,9"/><T50/><REACH who="0" step="1"/><D65/><REACH who="0" ten="240,250,250,250" step="2"/><U56/><E66/><V40/><F107/><W26/><G119/><T16/><D16/><U127/><E127/><V63/><F105/><W112/><G118/><T122/><D122/><U53/><E123/><V115/><F19/><W51/><G117/><T130/><D130/><U126/><E128/><V102/><F18/><W5/><G121/><T129/><D129/><U69/><E133/><V103/><F115/><W70/><G132/><T83/><D83/><U108/><E126/><V95/><F81/><W110/><G112/><T93/><D93/><U86/><E108/><V39/><F95/><W106/><G106/><T34/><D34/><U3/><E32/><V36/><F92/><W42/><G110/><T84/><AGARI ba="0,1" hai="10,14,17,28,30,50,52,59,74,76,80,84,91,94" machi="84" ten="20,18000,2" yaku="21,2,0,1,7,1,54,1,53,1" doraHai="124" doraHaiUra="55" who="0" fromWho="0" sc="240,190,250,-60,250,-60,250,-60" /><INIT seed="0,1,0,1,2,56" ten="430,190,190,190" oya="0" hai0="101,72,47,106,18,94,86,25,119,37,107,40,35" hai1="80,51,113,92,112,33,91,19,39,102,110,133,111" hai2="34,28,114,75,96,24,30,130,10,85,134,21,98" hai3="0,7,9,11,36,79,70,65,5,105,63,41,76"/><T71/><D119/><U26/><E39/><V67/><F75/><W90/><G105/><T121/><D121/><U69/><E133/><V52/><F114/><N who="1" m="44137" /><E69/><V13/><F134/><W99/><G99/><T93/><D72/><U62/><E102/><V97/><F130/><W120/><G120/><T46/><D71/><U64/><E80/><V131/><F131/><W44/><REACH who="3" step="1"/><G90/><REACH who="3" ten="430,190,190,180" step="2"/><T61/><D107/><U83/><E91/><V4/><F98/><W66/><G66/><T126/><D106/><U43/><E64/><V82/><F67/><W127/><G127/><T125/><D126/><U29/><E111/><V81/><F97/><W31/><G31/><T109/><D125/><U14/><E29/><V42/><F96/><W50/><G50/><T103/><D109/><U115/><E51/><V23/><F30/><W100/><G100/><T87/><D103/><U58/><E110/><V95/><F28/><W88/><G88/><T3/><D101/><U22/><E115/><V59/><F82/><W38/><G38/><T32/><D37/><U123/><E83/><V77/><F81/><W73/><G73/><T1/><D93/><U6/><E92/><V54/><F95/><W53/><G53/><T57/><D94/><U135/><E123/><V108/><F54/><W55/><G55/><T60/><D40/><U68/><E43/><V8/><F42/><W116/><G116/><T78/><D87/><U17/><E135/><V2/><F85/><W122/><G122/><T20/><D86/><U124/><E124/><V15/><F108/><W128/><G128/><T27/><D78/><RYUUKYOKU ba="1,1" sc="430,-10,190,-10,190,-10,180,30" hai3="0,5,7,9,11,36,41,44,63,65,70,76,79" /><INIT seed="1,2,1,0,5,52" ten="420,180,180,210" oya="1" hai0="67,92,37,85,32,51,50,55,81,78,58,91,10" hai1="133,24,11,46,36,23,98,129,74,53,17,47,86" hai2="13,64,41,76,4,66,6,28,82,61,116,0,43" hai3="5,72,25,100,49,21,111,80,96,27,38,134,112"/><U75/><E129/><V104/><F116/><W39/><G112/><T109/><D109/><U102/><E133/><V62/><F104/><W110/><G134/><T89/><D37/><U26/><E47/><V123/><F0/><W18/><G5/><T9/><D32/><U56/><E86/><V8/><F28/><W42/><G27/><T57/><D89/><U12/><E46/><V3/><F123/><W115/><G49/><T108/><D108/><N who="3" m="41513" /><G42/><T1/><D1/><U68/><E68/><V124/><F6/><W48/><G48/><T77/><D77/><U122/><E122/><V19/><F124/><W93/><G115/><T14/><D67/><U118/><E26/><V132/><F132/><W73/><G73/><T15/><D50/><U44/><E118/><V45/><F45/><W105/><G105/><T114/><D114/><U40/><E75/><V126/><F126/><W87/><G72/><T70/><D70/><U35/><E74/><V113/><F113/><W88/><AGARI ba="2,1" hai="18,21,25,38,39,80,87,88,93,96,100" m="41513" machi="88" ten="30,2000,0" yaku="14,1,54,1" doraHai="52" who="3" fromWho="3" sc="420,-7,180,-12,180,-7,210,36" /><INIT seed="2,0,0,4,4,64" ten="413,168,173,246" oya="2" hai0="130,80,77,37,24,7,10,123,131,3,102,31,49" hai1="63,115,47,4,78,125,12,62,114,86,67,9,135" hai2="70,82,72,84,94,106,2,89,66,19,51,60,101" hai3="0,85,34,134,120,29,38,33,87,132,76,43,107"/><V117/><F117/><W69/><G120/><T65/><D123/><U99/><E135/><N who="3" m="51754" /><G0/><T73/><D49/><U13/><E125/><V100/><F2/><W83/><G107/><T46/><D65/><U1/><E63/><V23/><F106/><W50/><G38/><T39/><D102/><U53/><E99/><V111/><F111/><W103/><G103/><T97/><D97/><U121/><E121/><V129/><F129/><N who="0" m="49162" /><D46/><U26/><E26/><V113/><F113/><W18/><G18/><T35/><AGARI ba="0,0" hai="3,7,10,24,31,35,37,39,73,77,80" m="49162" machi="35" ten="30,2000,0" yaku="19,1,23,1" doraHai="64" who="0" fromWho="0" sc="413,20,168,-5,173,-10,246,-5" /><INIT seed="3,0,0,3,3,119" ten="433,163,163,241" oya="3" hai0="34,83,70,116,49,86,104,79,120,25,81,115,97" hai1="122,6,132,95,68,101,32,75,118,128,134,67,94" hai2="74,107,30,52,38,77,110,9,65,0,3,91,61" hai3="90,108,14,59,85,112,23,131,2,125,43,20,124"/><W103/><G112/><T39/><D115/><U48/><E118/><V58/><F38/><W76/><G2/><T129/><D116/><U105/><E128/><V99/><F110/><W73/><G131/><T44/><D129/><U12/><E75/><V46/><F30/><W13/><G103/><T35/><D39/><U114/><E32/><V56/><F46/><W24/><G43/><T60/><D120/><U45/><E114/><V57/><F74/><W130/><G130/><T106/><D83/><U72/><E72/><V127/><F77/><W100/><G100/><T54/><D97/><N who="1" m="61615" /><E122/><V80/><F107/><W71/><G71/><T111/><D111/><U27/><E27/><V53/><F127/><W66/><G76/><T18/><D35/><U89/><E89/><V93/><F80/><W92/><G73/><T4/><D4/><U8/><E67/><V133/><F133/><N who="1" m="51305" /><E68/><V29/><F29/><W117/><G108/><T62/><D70/><U98/><E98/><V55/><REACH who="2" step="1"/><F9/><REACH who="2" ten="433,163,153,241" step="2"/><W51/><G125/><T22/><D34/><U47/><E47/><V109/><F109/><W121/><G124/><T1/><D1/><AGARI ba="0,1" hai="0,1,3,52,53,55,56,57,58,61,65,91,93,99" machi="1" ten="40,2600,0" yaku="1,1,54,1,53,0" doraHai="119" doraHaiUra="5" who="2" fromWho="0" sc="433,-26,163,0,153,36,241,0" owari="407,50.7,163,-33.7,189,-21.1,241,4.1" /></mjloggm>