<mjloggm ver="2.3"><GO type="225" lobby="0"/><UN n0="%48%61%61%61%6C%61%6E%64" n1="%72%69%6F%75%63%68%61%6E" n2="%E3%81%86%E3%82%8C%E3%81%9F%E3%82%93%E6%9E%95" n3="%E9%B3%B3%E6%9D%B1%E3%81%AE%E3%81%86%E3%81%95%E3%81%8E%E3%81%95%E3%82%93" dan="18,16,16,17" rate="2220.63,2155.82,2082.43,2266.15" sx="M,M,F,M"/><TAIKYOKU oya="0"/><INIT seed="0,0,0,1,2,70" ten="250,250,250,250" oya="0" hai0="12,104,7,91,62,11,98,78,6,75,102,113,1" hai1="33,58,23,134,14,5,35,16,21,108,13,68,47" hai2="89,123,84,60,52,43,114,97,77,118,2,80,66" hai3="73,88,19,95,30,126,96,83,28,111,50,103,127"/><T67/><D113/><U87/><E68/><V92/><F123/><W40/><G19/><T99/><D78/><U54/><E108/><V61/><F114/><W130/><G111/><T135/><D75/><U15/><E134/><V38/><F2/><W37/><G50/><T119/><D119/><U93/><E47/><V53/><F118/><W9/><G9/><T90/><D135/><U8/><E21/><V29/><F29/><W124/><G130/><T24/><D99/><U112/><E112/><V10/><F10/><W0/><G0/><T3/><D12/><U76/><E14/><V101/><F101/><W42/><G42/><T132/><D132/><U44/><E44/><V45/><REACH who="2" step="1"/><F60/><REACH who="2" ten="250,250,240,250" step="2"/><W55/><G103/><T109/><D109/><U86/><E76/><V39/><F39/><W20/><G28/><T121/><D121/><U106/><E106/><V27/><F27/><N who="3" m="16743" /><G37/><T36/><D36/><U71/><E71/><AGARI ba="0,1" hai="38,43,45,52,53,61,66,71,77,80,84,89,92,97" machi="71" ten="30,7700,0" yaku="1,1,7,1,52,1,54,1,53,0" doraHai="70" doraHaiUra="116" who="2" fromWho="1" sc="250,0,250,-77,240,87,250,0" /><INIT seed="1,0,0,1,5,89" ten="250,173,327,250" oya="1" hai0="45,13,29,108,32,54,121,51,106,124,37,79,81" hai1="1,67,95,59,52,53,10,75,11,28,85,35,119" hai2="9,131,38,63,18,21,22,48,16,66,125,134,41" hai3="105,100,61,70,84,27,103,87,43,122,88,72,127"/><U93/><E119/><V30/><F38/><W92/><G122/><T123/><D108/><U114/><E114/><V91/><F131/><W86/><G72/><T2/><D2/><U31/><E75/><V90/><F134/><W50/><G127/><T115/><D115/><U23/><E35/><V130/><F130/><W97/><G105/><T62/><D106/><U64/><E1/><V15/><F125/><W8/><G8/><N who="1" m="3114" /><E85/><V6/><F30/><N who="1" m="11305" /><E23/><N who="2" m="8715" /><F66/><N who="1" m="25129" /><E53/><V129/><F63/><AGARI ba="0,0" hai="52,59,63,93,95" m="25129,11305,3114" machi="63" ten="30,11600,0" yaku="8,1,52,2,54,1" doraHai="89" who="1" fromWho="2" sc="250,0,173,116,327,-116,250,0" /><INIT seed="1,1,0,1,5,135" ten="250,289,211,250" oya="1" hai0="50,70,64,55,39,6,35,65,124,62,59,119,8" hai1="92,81,47,21,78,4,26,0,30,91,43,133,131" hai2="130,56,33,77,87,14,107,121,94,16,51,85,97" hai3="122,114,41,2,54,98,24,99,71,27,44,108,106"/><U111/><E133/><V101/><F130/><W80/><G122/><T103/><D119/><U69/><E131/><V126/><F121/><W58/><G71/><T73/><D73/><U12/><E69/><V74/><F33/><W17/><G114/><T29/><D39/><U100/><E111/><V72/><F126/><W32/><G2/><T3/><D65/><U34/><E100/><V22/><F77/><W19/><G108/><T48/><D103/><U125/><E125/><V9/><F9/><W116/><G116/><T123/><D123/><U104/><E104/><V79/><F87/><W110/><G110/><T83/><D83/><U31/><E0/><V49/><F49/><N who="3" m="26767" /><G32/><T88/><D88/><U15/><E4/><V20/><F20/><W61/><G80/><T90/><D90/><U10/><E10/><V112/><F112/><W63/><G63/><T76/><D76/><U40/><E31/><V23/><F23/><N who="3" m="13423" /><G106/><T118/><D118/><U82/><E34/><V7/><F7/><W129/><G129/><T60/><REACH who="0" step="1"/><D124/><REACH who="0" ten="240,289,211,250" step="2"/><U1/><E82/><V45/><F74/><W128/><G128/><T11/><D11/><U67/><E81/><N who="2" m="47295" /><F72/><W57/><G99/><T132/><D132/><U28/><E78/><V53/><F107/><W36/><G98/><T102/><D102/><U134/><E134/><V46/><AGARI ba="1,1" hai="14,16,22,45,46,51,53,56,94,97,101" m="47295" machi="46" ten="30,2000,0" yaku="8,1,54,1" doraHai="135" who="2" fromWho="2" sc="240,-6,289,-11,211,33,250,-6" /><INIT seed="2,0,0,5,1,121" ten="234,278,244,244" oya="2" hai0="123,38,68,64,49,22,33,60,1,79,132,55,92" hai1="19,127,80,130,58,43,73,66,37,120,25,65,9" hai2="131,99,13,24,74,83,95,26,36,5,135,0,116" hai3="20,53,41,122,45,77,88,128,89,71,85,107,34"/><V16/><F116/><W4/><G34/><T90/><D33/><U10/><E120/><V30/><F36/><W17/><G122/><T76/><D123/><U67/><E127/><V28/><F131/><W93/><G107/><T31/><D1/><U27/><E130/><V97/><F135/><W98/><G128/><T15/><D38/><U42/><E73/><V115/><F115/><W112/><G112/><T54/><D132/><U69/><E69/><V134/><F134/><W125/><G71/><T47/><D54/><U63/><E80/><V78/><F0/><W87/><G4/><T32/><D32/><U96/><E96/><V106/><F5/><W14/><G125/><T46/><D46/><U44/><E42/><V75/><F75/><W101/><G53/><T21/><D21/><U52/><REACH who="1" step="1"/><E19/><REACH who="1" ten="234,268,244,244" step="2"/><V35/><F106/><W103/><G77/><T105/><D105/><U118/><E118/><V62/><F97/><W50/><REACH who="3" step="1"/><G98/><REACH who="3" ten="234,268,244,234" step="2"/><T29/><D79/><U124/><E124/><V108/><F99/><W59/><G59/><T94/><D76/><U100/><E100/><V84/><F78/><W110/><G110/><T7/><D68/><U18/><E18/><V114/><F108/><W12/><G12/><T39/><D15/><U119/><E119/><V70/><F13/><W2/><G2/><T8/><D92/><AGARI ba="0,2" hai="14,17,20,41,45,50,85,87,88,89,92,93,101,103" machi="92" ten="30,8000,1" yaku="1,1,7,1,9,1,8,1,54,1,53,0" doraHai="121" doraHaiUra="117" who="3" fromWho="0" sc="234,-80,268,0,244,0,234,100" /><INIT seed="3,0,0,5,0,114" ten="154,268,244,334" oya="3" hai0="107,51,76,124,59,38,102,93,92,77,134,116,115" hai1="41,0,65,113,91,79,12,60,49,71,19,36,125" hai2="35,13,42,103,47,52,86,68,80,3,2,110,135" hai3="21,72,106,84,83,46,78,56,104,34,55,15,81"/><W58/><G34/><T23/><D23/><U45/><E113/><V39/><F110/><W89/><G46/><T7/><D115/><U37/><E125/><V105/><F68/><W118/><G118/><T96/><D51/><U14/><E0/><V129/><F35/><W101/><G101/><N who="0" m="62887" /><D59/><U1/><E1/><V20/><F103/><W87/><G56/><T48/><D48/><U54/><E79/><N who="0" m="30281" /><D7/><U100/><E100/><V32/><F13/><W66/><G66/><T119/><D38/><U94/><E19/><V30/><F20/><W75/><G21/><T28/><D28/><U64/><E64/><V109/><F30/><W67/><G67/><T8/><D8/><U88/><E91/><V128/><F3/><W85/><G55/><T62/><D62/><U24/><E24/><V95/><F2/><W117/><G58/><T10/><D10/><U74/><E74/><V29/><F32/><W69/><G72/><T31/><D31/><U123/><E123/><V111/><F29/><W127/><G75/><T121/><D121/><U27/><E27/><V112/><F111/><W33/><G33/><T22/><D22/><U108/><E108/><V98/><F109/><W44/><G15/><T122/><D122/><U40/><E37/><V26/><F112/><W63/><G63/><T18/><D18/><U6/><E6/><V120/><F120/><W99/><G69/><T133/><D124/><U11/><E11/><V82/><F39/><W5/><G127/><T50/><D119/><U4/><E36/><V9/><F9/><W70/><G117/><T17/><D116/><RYUUKYOKU ba="0,0" sc="154,0,268,0,244,0,334,0" owari="154,-34.6,268,6.8,244,-15.6,334,43.4" /></mjloggm>