<mjloggm ver="2.3"><GO type="225" lobby="0"/><UN n0="%28%EF%BF%A3%E2%96%BD%EF%BF%A3%29%CE%B4%E2%8C%92%E3%83%BB" n1="%33%74%72%65%65" n2="%77%72%77%72%77%72%77%72" n3="%E4%BF%BA%E3%81%A8%E5%A6%96%E5%A4%A2" dan="16,16,17,17" rate="2098.30,2160.00,2157.30,2186.54" sx="M,F,M,F"/><TAIKYOKU oya="0"/><INIT seed="0,0,0,2,3,60" ten="250,250,250,250" oya="0" hai0="0,29,61,19,41,3,110,42,114,49,52,57,76" hai1="125,15,98,12,80,22,66,101,51,39,128,126,97" hai2="133,48,85,75,122,62,7,69,108,27,111,102,21" hai3="112,25,33,100,104,64,74,90,132,79,20,34,37"/><T92/><D114/><U70/><E39/><V8/><F122/><W115/><G37/><T59/><D110/><N who="2" m="42026" /><F133/><W36/><G36/><T17/><D76/><U68/><E128/><V134/><F134/><W10/><G132/><T58/><D29/><U30/><E80/><V73/><F102/><W118/><G118/><T53/><D58/><U77/><E77/><V65/><F85/><W35/><G10/><T106/><D106/><U124/><E51/><V89/><F89/><W9/><G9/><T116/><D116/><U18/><E30/><N who="2" m="17775" /><F48/><W2/><G90/><T43/><REACH who="0" step="1"/><D92/><REACH who="0" ten="240,250,250,250" step="2"/><U47/><E125/><V91/><F91/><W23/><G104/><T63/><D63/><U55/><E124/><V54/><F75/><W71/><G74/><T24/><D24/><U135/><E126/><V40/><F73/><W109/><G109/><T129/><D129/><U84/><E135/><V31/><F31/><W16/><G79/><T56/><D56/><U120/><E68/><V130/><F130/><W117/><G117/><T4/><D4/><U38/><E70/><V83/><F7/><W1/><G112/><T72/><D72/><U82/><E120/><V5/><F5/><W88/><G115/><T86/><D86/><U67/><E84/><V44/><F69/><W78/><G78/><T105/><D105/><U46/><E97/><V99/><F99/><W94/><G88/><T107/><D107/><U6/><E98/><V81/><F62/><N who="3" m="40343" /><G94/><T113/><D113/><U127/><E6/><V95/><F95/><W96/><G96/><T119/><D119/><U123/><E127/><RYUUKYOKU ba="0,1" sc="240,30,250,-10,250,-10,250,-10" hai0="0,3,17,19,41,42,43,49,52,53,57,59,61" /><INIT seed="0,1,1,5,2,101" ten="270,240,240,240" oya="0" hai0="60,52,96,14,13,68,3,4,59,35,127,126,94" hai1="109,77,56,45,81,93,105,129,25,62,55,73,8" hai2="11,41,130,29,50,66,9,79,106,100,102,108,63" hai3="18,103,69,30,10,104,99,116,112,111,107,115,47"/><T76/><D35/><U42/><E109/><V133/><F108/><W51/><G111/><T49/><D76/><U118/><E118/><V58/><F130/><W114/><G116/><T75/><D75/><U122/><E122/><V132/><F79/><W6/><G69/><T22/><D22/><U92/><E129/><V65/><F29/><W125/><G125/><N who="0" m="47627" /><D3/><U95/><E25/><V121/><F121/><W54/><G30/><T84/><D84/><U40/><E8/><V98/><F100/><W33/><G18/><T72/><D4/><U43/><REACH who="1" step="1"/><E105/><REACH who="1" ten="270,230,240,240" step="2"/><V131/><F131/><W128/><G128/><T120/><D120/><U46/><AGARI ba="1,2" hai="40,42,43,45,46,55,56,62,73,77,81,92,93,95" machi="46" ten="40,12000,2" yaku="1,1,2,1,0,1,53,3" doraHai="101" doraHaiUra="38" who="1" fromWho="1" sc="270,-61,230,143,240,-31,240,-31" /><INIT seed="1,0,0,5,1,37" ten="209,373,209,209" oya="1" hai0="13,72,36,108,8,117,64,100,16,24,33,19,31" hai1="53,124,15,105,65,7,80,111,76,42,93,85,121" hai2="87,74,9,77,84,29,35,118,27,103,49,130,25" hai3="127,97,12,4,68,132,52,94,28,70,56,5,23"/><U106/><E121/><V39/><F118/><W6/><G132/><T123/><D36/><U34/><E34/><V91/><F39/><W134/><G134/><T67/><D72/><U57/><E124/><V59/><F130/><W58/><G127/><T126/><D117/><U62/><E111/><V0/><F103/><W107/><G107/><T78/><D78/><U135/><E135/><V83/><F25/><W47/><G70/><T26/><D126/><U44/><E93/><V40/><F59/><W3/><G68/><T51/><D108/><U131/><E65/><V90/><F74/><W2/><G2/><T38/><D38/><U102/><E102/><V55/><F55/><W48/><G3/><T30/><D100/><U110/><E131/><V20/><F35/><W129/><G129/><T92/><D92/><U128/><E128/><V82/><F0/><W41/><G41/><T32/><D123/><U89/><E89/><N who="2" m="51351" /><F9/><W116/><G116/><T96/><D96/><U98/><E98/><V1/><F1/><W79/><G79/><T88/><D88/><N who="2" m="33834" /><F49/><W99/><G94/><T63/><D63/><U14/><E110/><V45/><F45/><W22/><G97/><T120/><D120/><U114/><E105/><V73/><F73/><W109/><G99/><T46/><D19/><U54/><E106/><V21/><F20/><N who="3" m="7723" /><G109/><T86/><D86/><U104/><E85/><V11/><F11/><N who="3" m="4199" /><G28/><T119/><D119/><U75/><E75/><V69/><F69/><W17/><G17/><T133/><D133/><U81/><E104/><V18/><F29/><W10/><G10/><RYUUKYOKU ba="0,0" sc="209,10,373,-30,209,10,209,10" hai0="8,13,16,24,26,30,31,32,33,46,51,64,67" hai2="18,21,27,40,77,83,87" hai3="5,6,47,48,52,56,58" /><INIT seed="2,1,0,2,1,72" ten="219,343,219,219" oya="2" hai0="36,43,130,58,131,53,1,125,64,73,122,44,13" hai1="2,126,62,132,63,15,12,57,33,89,39,50,84" hai2="18,41,68,120,119,134,66,22,7,96,30,60,14" hai3="101,91,85,115,94,46,87,32,109,26,77,127,20"/><V128/><F119/><W98/><G32/><T116/><D1/><U135/><E39/><V76/><F120/><W42/><G109/><T67/><D73/><U19/><E2/><V90/><F128/><N who="0" m="49194" /><D122/><U52/><E33/><V24/><F134/><N who="1" m="51241" /><E126/><V0/><F41/><W11/><G11/><T8/><D125/><U121/><E121/><V107/><F76/><W51/><G127/><T49/><D116/><U71/><E71/><V35/><F90/><W102/><G115/><T69/><D69/><U65/><E65/><V3/><REACH who="2" step="1"/><F7/><AGARI ba="1,0" hai="7,8,13,36,43,44,49,53,58,64,67" m="49194" machi="7" ten="30,1000,0" yaku="19,1" doraHai="72" who="0" fromWho="2" sc="219,13,343,0,219,-13,219,0" /><INIT seed="3,0,0,4,3,76" ten="232,343,206,219" oya="3" hai0="72,118,80,86,90,37,41,126,43,111,105,112,46" hai1="54,9,104,13,128,89,82,4,67,65,85,23,109" hai2="83,5,45,100,44,22,99,108,50,25,61,69,3" hai3="132,135,127,101,2,21,121,78,120,95,48,117,56"/><W119/><G2/><T81/><D105/><U106/><E109/><V12/><F108/><W20/><G56/><T97/><D118/><N who="3" m="45065" /><G48/><T33/><D33/><U74/><E128/><V42/><F3/><W88/><G127/><T134/><D111/><U14/><E74/><V58/><F69/><W52/><G52/><T68/><D68/><U38/><E38/><V131/><F131/><W84/><G20/><T123/><D123/><N who="3" m="47177" /><G21/><T64/><D64/><U107/><E54/><N who="2" m="34007" /><F44/><W27/><G27/><T113/><D126/><U10/><REACH who="1" step="1"/><E23/><REACH who="1" ten="232,333,206,219" step="2"/><V11/><F83/><N who="3" m="47223" /><G101/><T15/><D37/><U103/><E103/><V98/><F100/><W60/><G60/><T35/><D35/><U93/><E93/><V133/><F133/><W122/><N who="3" m="47185" /><W49/><DORA hai="19" /><G49/><T130/><D130/><U110/><E110/><V31/><AGARI ba="0,1" hai="5,11,12,22,25,31,42,45,50,98,99" m="34007" machi="31" ten="30,2000,0" yaku="8,1,52,1" doraHai="76,19" who="2" fromWho="2" sc="232,-5,333,-5,206,30,219,-10" owari="227,-17.3,328,42.8,236,3.6,209,-29.1" /></mjloggm>