<mjloggm ver="2.3"><GO type="225" lobby="0"/><UN n0="%E6%A1%9C%E8%8A%B1%E9%96%83%E3%80%85" n1="%E5%AD%90%E4%BE%9B%E4%BC%9A%E5%93%A1" n2="%33%74%72%65%65" n3="%E5%A4%9C%E3%81%AE%E3%82%AC%E3%82%B9%E3%83%91%E3%83%BC%E3%83%AB" dan="16,17,16,17" rate="2210.61,2113.70,2140.38,2151.34" sx="M,M,F,M"/><TAIKYOKU oya="0"/><INIT seed="0,0,0,3,4,60" ten="250,250,250,250" oya="0" hai0="122,74,135,90,116,121,10,80,104,2,57,14,39" hai1="53,44,123,69,108,1,43,65,85,63,4,82,101" hai2="86,47,18,40,32,6,30,99,88,134,9,22,58" hai3="38,45,106,71,78,20,112,52,133,17,92,61,49"/><T48/><D116/><U120/><E108/><V68/><F68/><W46/><G106/><T3/><D39/><U34/><E34/><V29/><F134/><W105/><G105/><T107/><D135/><U93/><E53/><V31/><F99/><W33/><G133/><T28/><D28/><U102/><E4/><V66/><F32/><W119/><G112/><T118/><D118/><U72/><E72/><V64/><F58/><W56/><G33/><T26/><D26/><U96/><E1/><V51/><F9/><W73/><G119/><T100/><D104/><U70/><E102/><V25/><F6/><W59/><G71/><T5/><D48/><U19/><E19/><V98/><F98/><W27/><G38/><T35/><D57/><U16/><E16/><V111/><F111/><W83/><REACH who="3" step="1"/><G92/><AGARI ba="0,0" hai="18,22,25,29,30,31,40,47,51,64,66,86,88,92" machi="92" ten="40,8000,1" yaku="8,1,52,2,54,1" doraHai="60" who="2" fromWho="3" sc="250,0,250,0,250,80,250,-80" /><INIT seed="1,0,0,5,1,108" ten="250,250,330,170" oya="1" hai0="128,15,30,47,91,0,127,100,88,90,28,5,26" hai1="70,105,37,110,24,55,116,79,68,31,7,54,72" hai2="34,52,76,4,95,13,39,9,46,113,43,32,51" hai3="45,94,93,85,57,129,42,21,120,84,97,102,99"/><U35/><E116/><V96/><F76/><W73/><G120/><T22/><D127/><U33/><E37/><V40/><F113/><W125/><G73/><T87/><D128/><U119/><E119/><V124/><F124/><W132/><G125/><T2/><D100/><U115/><E115/><V106/><F106/><W107/><G129/><T92/><D30/><U133/><E105/><V1/><F1/><W64/><G132/><T74/><D74/><U36/><E36/><V3/><F3/><W53/><G64/><T89/><REACH who="0" step="1"/><D47/><REACH who="0" ten="240,250,330,170" step="2"/><U61/><E31/><V8/><F32/><W126/><G126/><T19/><D19/><U12/><E35/><V27/><F34/><W135/><G135/><T86/><D86/><U71/><E33/><V104/><F4/><W56/><G107/><T41/><D41/><U67/><E133/><V121/><F43/><W75/><G75/><T49/><D49/><U60/><E72/><V44/><F51/><W130/><G130/><T38/><D38/><U17/><E7/><V58/><F40/><W112/><G112/><T103/><D103/><U81/><E17/><V29/><F39/><W65/><G42/><T59/><D59/><U117/><E117/><V66/><F58/><W23/><G45/><T80/><D80/><U83/><E83/><V18/><F44/><W77/><G102/><T14/><D14/><U82/><E82/><V63/><F46/><W131/><G131/><T114/><D114/><U25/><E81/><V98/><F104/><W50/><G50/><T134/><D134/><U48/><E48/><V111/><F29/><RYUUKYOKU ba="0,1" sc="240,30,250,-10,330,-10,170,-10" hai0="0,2,5,15,22,26,28,87,88,89,90,91,92" /><INIT seed="2,1,1,5,5,75" ten="270,240,320,160" oya="2" hai0="59,68,77,41,131,97,119,14,100,56,124,49,117" hai1="36,67,16,45,123,51,4,92,106,79,96,108,114" hai2="98,27,105,88,133,57,43,8,34,129,82,94,107" hai3="134,33,15,31,42,73,135,66,127,84,52,113,23"/><V83/><F129/><W63/><G73/><T74/><D68/><U39/><E114/><V11/><F133/><N who="3" m="50699" /><G113/><T76/><D131/><U118/><E118/><N who="0" m="45065" /><D124/><U130/><E130/><V48/><F107/><W104/><G127/><T30/><D74/><U99/><E4/><V5/><F105/><W85/><G104/><N who="0" m="63503" /><D30/><U3/><E3/><V71/><F71/><N who="3" m="42463" /><G42/><T13/><D56/><U128/><E67/><V40/><F40/><W72/><G72/><T37/><D37/><U26/><E39/><V18/><F43/><W89/><G33/><T120/><D120/><U7/><E36/><V6/><F34/><W93/><G52/><N who="0" m="32143" /><D41/><U22/><E128/><V21/><F57/><W65/><G65/><T111/><D111/><U101/><E108/><V35/><F35/><W109/><G109/><T121/><D121/><U126/><E123/><V58/><F58/><W29/><G85/><T9/><D13/><U46/><E126/><V24/><F48/><W28/><G15/><T70/><D70/><U80/><E51/><V112/><F112/><W17/><G17/><AGARI ba="1,1" hai="9,14,17,76,77" m="32143,63503,45065" machi="17" ten="30,7700,0" yaku="12,1,52,2,54,1" doraHai="75" who="0" fromWho="3" sc="270,90,240,0,320,0,160,-80" /><INIT seed="3,0,0,3,3,20" ten="360,240,320,80" oya="3" hai0="118,30,130,106,54,35,12,33,77,126,114,15,38" hai1="42,32,57,31,53,37,2,128,96,102,18,66,134" hai2="69,107,108,6,70,104,40,90,115,4,26,133,44" hai3="100,36,16,95,132,88,71,23,124,50,79,84,83"/><W110/><G124/><T131/><D118/><U43/><E2/><V7/><F115/><W63/><G132/><T127/><D114/><U72/><E72/><V125/><F125/><N who="0" m="47626" /><D106/><U121/><E121/><V61/><F133/><W109/><G36/><T51/><D77/><U86/><E37/><V89/><F108/><N who="3" m="41579" /><G100/><T105/><D105/><U99/><E66/><V25/><F4/><W34/><G34/><N who="0" m="12811" /><D30/><U1/><E99/><V117/><F117/><W8/><G8/><T81/><D81/><U19/><E86/><V85/><F85/><N who="3" m="48383" /><G50/><T39/><D39/><U113/><E102/><V22/><F22/><W49/><G49/><T47/><D38/><U9/><E134/><V24/><F61/><W111/><N who="3" m="41587" /><W94/><DORA hai="21" /><G94/><T97/><D97/><U73/><E96/><V17/><F107/><W74/><G74/><T46/><D46/><U41/><E9/><V58/><F104/><W87/><G87/><T10/><D10/><U52/><E73/><V0/><F44/><W67/><G23/><T129/><AGARI ba="0,0" hai="12,15,47,51,54,129,130,131" m="12811,47626" machi="129" ten="40,2700,0" yaku="19,1,18,1" doraHai="20,21" who="0" fromWho="0" sc="360,27,240,-7,320,-7,80,-13" owari="387,48.7,233,-16.7,313,11.3,67,-43.3" /></mjloggm>