<mjloggm ver="2.3"><GO type="225" lobby="0"/><UN n0="%E6%9D%B1%E9%A2%A8%E3%81%AE%E3%81%8D%E3%82%83%E3%81%B7%E3%81%95%E3%82%93" n1="%6D%75%75%73%61%6E%6D%75" n2="%E4%BF%BA%E3%81%A8%E5%A6%96%E5%A4%A2" n3="%E6%81%A5%E6%99%92%E3%81%97" dan="17,16,17,16" rate="2200.48,2161.89,2160.76,2095.79" sx="M,F,F,M"/><TAIKYOKU oya="0"/><INIT seed="0,0,0,4,2,121" ten="250,250,250,250" oya="0" hai0="55,40,52,131,101,8,23,77,57,85,28,100,66" hai1="5,130,98,50,10,92,47,41,127,60,25,42,90" hai2="38,122,54,81,107,95,68,129,112,49,88,97,30" hai3="70,26,27,51,116,43,32,4,58,128,111,113,91"/><T124/><D124/><U24/><E127/><V118/><F122/><W125/><G113/><T2/><D131/><U87/><E130/><V6/><F112/><W3/><G116/><T46/><D2/><U103/><E60/><V31/><F129/><W64/><G125/><T74/><D74/><U56/><E56/><V83/><F38/><W110/><G128/><T76/><D8/><U61/><E61/><V117/><F68/><W132/><G132/><T13/><D66/><U20/><E42/><V104/><F6/><W17/><G70/><T1/><D1/><U82/><REACH who="1" step="1"/><E20/><REACH who="1" ten="250,240,250,250" step="2"/><V21/><F118/><W36/><G64/><T115/><D115/><U7/><E7/><V67/><F67/><W16/><G43/><T22/><D22/><U72/><E72/><V69/><F117/><W84/><G58/><T78/><D57/><U39/><E39/><V73/><F69/><W96/><G36/><T93/><D40/><U65/><E65/><V119/><F119/><W80/><G51/><N who="0" m="28791" /><D55/><U89/><E89/><V34/><F73/><W15/><G4/><T99/><D101/><U14/><AGARI ba="0,1" hai="5,10,14,24,25,41,47,50,82,87,90,92,98,103" machi="14" ten="20,5200,0" yaku="1,1,0,1,7,1,8,1,53,0" doraHai="121" doraHaiUra="35" who="1" fromWho="1" sc="250,-26,240,62,250,-13,250,-13" /><INIT seed="1,0,0,5,2,12" ten="224,302,237,237" oya="1" hai0="28,74,21,121,112,88,15,52,40,22,124,68,113" hai1="110,126,58,64,120,78,76,0,11,98,73,91,104" hai2="25,123,122,56,8,63,5,34,49,35,26,59,107" hai3="61,75,129,90,1,130,67,17,7,62,66,24,43"/><U85/><E120/><V50/><F107/><W69/><G75/><T101/><D74/><U54/><E126/><V31/><F5/><W42/><G90/><T131/><D68/><U86/><E73/><V20/><F8/><W36/><G7/><T47/><D101/><U102/><E110/><V39/><F39/><W79/><G79/><T53/><D121/><U70/><E70/><V128/><F128/><N who="3" m="49259" /><G1/><T60/><D131/><U81/><E64/><N who="3" m="24618" /><G69/><T96/><D124/><U118/><E118/><V10/><F10/><W57/><G36/><T41/><D28/><U108/><E108/><V94/><F94/><W125/><G125/><T77/><D77/><U106/><E106/><V82/><F82/><W111/><G111/><T13/><D96/><U114/><E114/><V115/><F115/><W44/><G57/><T119/><D47/><U132/><E78/><V18/><F122/><W3/><G3/><T23/><D23/><U48/><E0/><V89/><F56/><W109/><G109/><T105/><D105/><U95/><E11/><V4/><F4/><W116/><G116/><T103/><D119/><U117/><E117/><V134/><F123/><W19/><G24/><T80/><D103/><U72/><E86/><V14/><F89/><W27/><G27/><T65/><D88/><U71/><E71/><V133/><F26/><W97/><G97/><T84/><D84/><U29/><E29/><V2/><F2/><W32/><G32/><T6/><D113/><U135/><AGARI ba="0,0" hai="48,54,58,72,76,81,85,91,95,98,102,104,132,135" machi="135" ten="30,6000,0" yaku="0,1,24,2" doraHai="12" who="1" fromWho="1" sc="224,-20,302,60,237,-20,237,-20" /><INIT seed="1,1,0,5,5,60" ten="204,362,217,217" oya="1" hai0="64,104,27,68,134,84,129,70,88,128,133,130,123" hai1="53,35,46,43,102,50,74,98,31,17,72,11,86" hai2="73,76,5,21,6,101,58,92,108,52,49,82,36" hai3="120,4,40,121,105,41,37,1,118,22,15,117,83"/><U126/><E126/><V63/><F36/><W51/><G37/><T44/><D104/><U28/><E86/><V29/><F108/><W97/><G1/><T95/><D123/><U2/><E43/><V42/><F42/><N who="3" m="16491" /><G83/><T34/><D44/><U106/><E17/><V113/><F113/><W55/><G97/><T90/><D90/><U77/><E77/><V79/><F79/><W67/><G105/><T111/><D111/><U19/><E35/><V26/><REACH who="2" step="1"/><F49/><REACH who="2" ten="204,362,207,217" step="2"/><W61/><G120/><T0/><D0/><U115/><E2/><V10/><F10/><W71/><G121/><T12/><D12/><U32/><E50/><V81/><F81/><W7/><G15/><T94/><D94/><U80/><E80/><V132/><F132/><N who="0" m="50794" /><D64/><U110/><E115/><V14/><F14/><W24/><G67/><T9/><D9/><U87/><E11/><V119/><F119/><W99/><G117/><T39/><D39/><U93/><E110/><V69/><F69/><W38/><G38/><T59/><D59/><U107/><E93/><V23/><F23/><W103/><G118/><T8/><D8/><U114/><E114/><V20/><F20/><W131/><G22/><T65/><D65/><U116/><E116/><V89/><F89/><W96/><G71/><T124/><D124/><U45/><E106/><V66/><F66/><W56/><G56/><T13/><D13/><U100/><E107/><V33/><F33/><W25/><G4/><T112/><D112/><U85/><E32/><V54/><F54/><W109/><G7/><T30/><AGARI ba="1,1" hai="27,30,34,68,70,84,88,95,128,129,130" m="50794" machi="30" ten="40,5200,0" yaku="19,1,20,1,54,1" doraHai="60" who="0" fromWho="0" sc="204,65,362,-27,207,-14,217,-14" /><INIT seed="2,0,0,0,1,46" ten="269,335,193,203" oya="2" hai0="34,28,62,76,75,42,83,109,53,16,49,40,128" hai1="84,54,50,23,119,78,68,35,10,3,55,122,87" hai2="56,60,66,4,36,112,115,13,132,74,11,90,118" hai3="111,26,105,25,110,51,104,127,130,45,38,71,101"/><V92/><F118/><W77/><G38/><T97/><D128/><U131/><E35/><V44/><F74/><W80/><G71/><T96/><D109/><N who="3" m="41481" /><G130/><T52/><D34/><U88/><E119/><V98/><REACH who="2" step="1"/><F132/><REACH who="2" ten="269,335,183,203" step="2"/><W114/><G114/><T61/><D28/><U14/><E131/><V48/><F48/><W121/><G121/><T9/><D62/><U32/><E122/><V125/><F125/><W106/><G127/><T113/><D61/><U126/><E50/><V8/><F8/><W7/><G7/><T91/><D113/><U69/><E10/><V79/><F79/><W15/><G77/><T5/><D49/><U39/><E78/><V102/><F102/><W58/><G101/><T95/><D5/><U6/><E126/><V82/><F82/><W73/><G80/><T65/><D75/><U133/><E133/><V89/><F89/><W67/><G73/><T2/><D76/><U63/><E63/><V47/><F47/><W86/><G45/><T17/><D83/><U41/><E88/><V12/><F12/><W31/><G15/><T29/><D91/><U117/><E117/><V1/><F1/><W64/><G51/><T129/><D2/><U30/><E3/><V20/><F20/><W70/><G26/><T19/><D9/><N who="1" m="4407" /><E23/><V93/><F93/><W94/><G94/><T59/><D95/><U120/><E120/><V123/><F123/><W37/><G25/><T27/><D27/><U124/><E124/><V57/><F57/><W21/><G58/><T116/><D59/><U22/><E22/><V72/><F72/><W108/><G21/><RYUUKYOKU ba="0,1" sc="269,-10,335,-10,183,30,203,-10" hai2="4,11,13,36,44,56,60,66,90,92,98,112,115" /><INIT seed="2,1,1,3,1,18" ten="259,325,213,193" oya="2" hai0="9,78,50,69,107,56,52,95,76,59,3,47,13" hai1="98,44,88,46,86,28,127,41,114,55,31,66,60" hai2="77,61,24,105,81,82,21,5,118,101,19,100,38" hai3="133,40,71,4,48,110,122,35,134,39,112,29,51"/><V70/><F118/><W90/><G122/><T102/><D107/><U17/><E114/><V32/><F38/><W89/><G71/><T93/><D69/><U109/><E109/><V2/><F105/><W124/><G110/><T120/><D3/><U79/><E127/><V54/><F32/><W63/><G124/><T104/><D104/><U111/><E111/><V84/><F54/><W20/><G35/><T131/><D131/><U92/><E55/><V128/><F128/><W96/><G112/><T87/><D120/><U43/><E17/><V14/><F2/><W53/><G4/><T12/><D12/><U99/><E44/><V117/><F117/><W94/><G39/><T80/><D78/><U83/><E99/><V30/><F5/><W91/><G63/><T75/><D75/><U103/><E79/><V85/><F61/><W27/><G40/><N who="1" m="15434" /><E46/><V26/><F70/><W126/><G126/><T64/><D64/><U49/><E49/><V121/><F121/><W6/><G6/><N who="0" m="3255" /><D102/><N who="2" m="39530" /><F30/><W72/><G72/><T8/><D8/><U106/><E106/><V129/><F129/><W11/><G11/><T1/><D1/><U108/><E108/><V58/><F58/><AGARI ba="1,1" hai="47,50,52,56,58,59,76,80,87,93,95" m="3255" machi="58" ten="30,2000,0" yaku="8,1,54,1" doraHai="18" who="0" fromWho="2" sc="259,33,325,0,213,-23,193,0" /><AGARI ba="1,0" hai="28,31,58,60,66,83,86,88,92,98,103" m="15434" machi="58" ten="30,2000,0" yaku="8,1,54,1" doraHai="18" who="1" fromWho="2" sc="292,0,325,20,190,-20,193,0" /><INIT seed="3,0,0,1,1,43" ten="292,345,170,193" oya="3" hai0="55,49,73,125,50,91,37,85,109,93,96,80,1" hai1="48,0,68,72,113,29,21,22,123,134,13,133,87" hai2="116,117,107,8,84,4,89,112,76,128,108,46,14" hai3="32,9,129,132,122,71,16,105,115,95,88,130,44"/><W2/><G122/><T81/><D1/><U62/><E72/><V69/><F112/><W35/><G132/><N who="1" m="50794" /><E0/><V6/><F107/><W104/><G71/><T99/><D37/><U97/><E113/><V101/><F101/><W18/><G115/><T10/><D125/><U12/><E123/><V70/><F108/><W41/><G2/><T118/><D109/><U86/><E97/><V31/><F76/><W114/><G114/><T33/><D33/><N who="3" m="12873" /><G9/><T111/><D111/><U51/><E62/><V83/><F31/><W65/><G65/><T20/><D118/><U19/><E68/><V92/><F4/><W11/><G11/><T121/><D121/><U42/><E29/><V52/><F128/><N who="3" m="49259" /><G104/><T124/><D124/><U127/><E127/><V57/><F83/><W59/><G59/><T75/><D81/><U27/><E21/><V110/><F110/><W131/><G105/><T61/><D10/><U64/><E64/><V77/><F77/><W66/><G66/><T119/><D119/><U39/><E39/><V26/><F116/><W38/><G131/><T106/><D106/><U47/><E51/><V17/><F117/><W63/><G63/><T78/><D61/><U34/><E34/><V25/><F6/><W56/><G56/><T36/><D36/><U45/><E45/><V94/><F46/><W79/><G79/><T120/><D120/><U102/><E102/><V15/><F70/><W3/><G3/><T5/><D78/><U30/><E30/><V90/><F69/><W23/><G23/><T53/><D20/><U67/><E67/><V82/><F8/><RYUUKYOKU ba="0,0" sc="292,-15,345,15,170,-15,193,15" hai1="12,13,19,22,27,42,47,48,86,87" hai3="16,18,38,41,44,88,95" /><INIT seed="3,1,0,2,3,123" ten="277,360,155,208" oya="3" hai0="5,82,0,98,47,116,35,109,24,3,67,36,2" hai1="31,54,91,66,122,75,62,77,120,23,27,28,46" hai2="127,105,43,76,39,93,60,51,68,9,34,53,55" hai3="48,30,70,106,115,71,81,15,102,118,124,45,89"/><W49/><G115/><T6/><D82/><U114/><E114/><V73/><F105/><W33/><G102/><T64/><D98/><U90/><E75/><V18/><F34/><W128/><G30/><T119/><D47/><U10/><E77/><V94/><F127/><W92/><G33/><T42/><D42/><U100/><E100/><V56/><F73/><W133/><G15/><T126/><D36/><U78/><E78/><V17/><F76/><W1/><G1/><T12/><D67/><U84/><E31/><V8/><F8/><W83/><G92/><T97/><D97/><U65/><E10/><V95/><F9/><W4/><G89/><T20/><D64/><U29/><E29/><V88/><F68/><W129/><G4/><T21/><D126/><U57/><E66/><V7/><F7/><W11/><G11/><T125/><D125/><U41/><E65/><V38/><F38/><W50/><G124/><T63/><D63/><U16/><E28/><V26/><F43/><W134/><G106/><T44/><D44/><U22/><E22/><N who="2" m="13647" /><F39/><W121/><G70/><T96/><D5/><U79/><E90/><V72/><F18/><W130/><G71/><T25/><D6/><U111/><E79/><V19/><F19/><W32/><G32/><T69/><D69/><U14/><E120/><V52/><F72/><W132/><G121/><T112/><D2/><U131/><E122/><V135/><F135/><W80/><G118/><T85/><D119/><U103/><E103/><V99/><F55/><AGARI ba="1,0" hai="45,48,49,50,55,80,81,83,128,129,130,132,133,134" machi="55" ten="50,12000,1" yaku="29,2,19,1,20,1" doraHai="123" who="3" fromWho="2" sc="277,0,360,0,155,-123,208,123" /><INIT seed="3,2,0,3,1,53" ten="277,360,32,331" oya="3" hai0="99,38,36,42,110,34,61,112,81,46,35,18,105" hai1="113,68,29,24,98,123,75,17,14,108,3,8,115" hai2="107,31,51,114,124,56,4,125,12,90,49,128,30" hai3="95,93,47,132,72,96,103,84,86,21,55,118,40"/><W52/><G118/><T126/><D126/><U117/><E75/><V39/><F12/><W43/><G72/><T80/><D112/><U79/><E79/><V102/><F4/><W120/><G132/><T111/><D18/><U131/><E68/><V130/><F114/><W67/><G120/><T69/><D81/><U121/><E98/><V20/><F20/><W71/><G71/><T82/><D82/><U135/><E135/><V92/><F90/><N who="3" m="53447" /><G67/><T64/><D80/><U10/><E117/><V44/><F92/><N who="3" m="58759" /><G21/><T33/><REACH who="0" step="1"/><D36/><REACH who="0" ten="267,360,32,331" step="2"/><U76/><E115/><V11/><F11/><W101/><G101/><AGARI ba="2,1" hai="33,34,35,38,42,46,61,64,69,99,101,105,110,111" machi="101" ten="50,8000,1" yaku="1,1,2,1,23,2,53,0" doraHai="53" doraHaiUra="127" who="0" fromWho="3" sc="267,96,360,0,32,0,331,-86" owari="363,46.3,360,16.0,32,-46.8,245,-15.5" /></mjloggm>