<mjloggm ver="2.3"><GO type="225" lobby="0"/><UN n0="%4B%2E%32%2E%4B%2E" n1="%E5%AE%AE%E4%BF%9D%E9%B6%8F%E8%82%89" n2="%E7%B4%94%E6%BD%94%E3%83%94%E3%83%A9%E3%83%8B%E3%82%A2" n3="%E3%82%B8%E3%83%A3%E3%83%9E%E3%83%BC%E3%83%AB%E3%83%9E%E3%83%AC%E3%83%BC" dan="16,16,17,17" rate="2036.22,2116.55,2262.33,2206.51" sx="M,M,M,M"/><TAIKYOKU oya="0"/><INIT seed="0,0,0,2,3,87" ten="250,250,250,250" oya="0" hai0="120,52,10,118,68,84,78,109,36,65,31,13,67" hai1="38,103,82,81,42,110,6,47,135,86,34,53,66" hai2="58,75,15,104,111,70,125,45,77,128,32,2,60" hai3="23,91,51,131,0,19,44,85,26,80,7,123,14"/><T124/><D118/><U56/><E110/><V129/><F45/><W108/><G108/><T50/><D120/><U61/><E34/><V63/><F15/><W122/><G131/><T106/><D36/><U116/><E116/><V33/><F58/><W88/><G0/><T72/><D72/><U127/><E127/><V119/><F60/><W1/><G1/><T100/><D68/><U39/><E135/><V40/><F40/><N who="3" m="24967" /><G123/><T76/><D106/><U41/><E6/><V46/><F63/><W9/><G122/><T57/><D100/><U35/><E35/><V114/><F46/><W113/><G113/><T49/><D124/><U55/><E42/><V37/><F77/><AGARI ba="0,0" hai="7,9,14,19,23,26,77,80,85,88,91" m="24967" machi="77" ten="30,8000,1" yaku="25,1,8,1,52,2,54,1" doraHai="87" who="3" fromWho="2" sc="250,0,250,0,250,-80,250,80" /><INIT seed="1,0,0,3,2,127" ten="250,250,170,330" oya="1" hai0="116,83,58,85,120,97,21,25,113,69,48,126,12" hai1="11,131,5,19,105,42,15,65,60,133,79,20,38" hai2="70,111,108,125,49,86,110,53,44,96,91,73,68" hai3="23,55,9,29,56,30,66,107,43,95,16,117,134"/><U27/><E133/><V4/><F73/><W22/><G107/><T3/><D3/><U121/><E121/><V114/><F125/><W61/><G117/><T130/><D69/><U82/><E105/><V52/><F114/><W14/><G134/><T89/><D126/><U71/><E42/><V128/><F96/><W63/><G43/><T93/><D116/><U37/><REACH who="1" step="1"/><E131/><REACH who="1" ten="250,240,170,330" step="2"/><V47/><F128/><W123/><G123/><T34/><D130/><U94/><E94/><N who="2" m="54647" /><F4/><W32/><G95/><T75/><D120/><U104/><E104/><V0/><F0/><W92/><G92/><T109/><D93/><U112/><E112/><V122/><F122/><W57/><G32/><T81/><D113/><U28/><E28/><AGARI ba="0,1" hai="9,14,16,22,23,28,29,30,55,56,57,61,63,66" machi="28" ten="40,2600,0" yaku="8,1,54,1" doraHai="127" who="3" fromWho="1" sc="250,0,240,-26,170,0,330,36" /><INIT seed="2,0,0,1,1,35" ten="250,214,170,366" oya="2" hai0="33,54,53,42,30,27,0,96,113,57,74,94,66" hai1="28,91,13,15,16,86,31,37,93,43,49,25,39" hai2="82,72,55,11,114,47,12,45,128,101,44,14,108" hai3="51,133,1,65,18,4,127,70,106,6,98,71,111"/><V88/><F114/><W58/><G1/><T103/><D113/><U40/><E49/><N who="2" m="29095" /><F72/><W64/><G106/><T48/><D74/><U119/><E119/><V9/><F128/><W97/><G18/><T84/><D0/><U110/><E110/><V24/><F108/><W115/><G51/><T76/><D66/><U19/><E25/><V46/><F24/><W60/><G111/><T130/><D130/><U3/><E86/><N who="2" m="50263" /><F101/><W50/><G50/><T92/><D92/><U85/><E85/><V75/><F75/><W17/><G115/><T83/><D54/><U7/><E93/><V105/><F105/><W126/><G70/><T117/><REACH who="0" step="1"/><D42/><REACH who="0" ten="240,214,170,366" step="2"/><U95/><E95/><V104/><F104/><W77/><G65/><T59/><D59/><U118/><E3/><V87/><F87/><W10/><G58/><T20/><D20/><U52/><E43/><V29/><F29/><W116/><G64/><T107/><D107/><U90/><E40/><V79/><F79/><W73/><G77/><T81/><D81/><U89/><E31/><V68/><F68/><W123/><G73/><T109/><D109/><U67/><E28/><V80/><F80/><W5/><G71/><T121/><D121/><U112/><E112/><V124/><F124/><W63/><G123/><T125/><D125/><U122/><E122/><V34/><F34/><W134/><G127/><T129/><D129/><U38/><E67/><V23/><F23/><W22/><G126/><T62/><D62/><U132/><E52/><V78/><F78/><W56/><G63/><T120/><D120/><U21/><E21/><RYUUKYOKU ba="0,1" sc="240,15,214,-15,170,15,366,-15" hai0="27,30,33,48,53,57,76,83,84,94,96,103,117" hai2="9,11,12,14,45,46,47" /><INIT seed="2,1,1,3,4,0" ten="255,199,185,351" oya="2" hai0="44,24,50,72,85,32,111,58,86,79,75,107,83" hai1="57,113,70,19,59,1,22,77,39,74,78,99,91" hai2="133,40,117,3,63,109,6,33,135,102,123,46,125" hai3="30,101,49,23,90,34,17,103,116,21,7,121,26"/><V84/><F123/><W20/><G116/><T132/><D107/><U42/><E113/><V93/><F117/><W18/><G121/><T88/><D111/><U52/><E70/><V9/><F33/><W124/><G124/><T95/><D132/><N who="2" m="50762" /><F125/><W16/><G7/><T89/><D58/><U134/><E1/><V56/><F109/><W69/><G69/><T68/><D68/><U96/><E134/><V4/><F102/><W53/><REACH who="3" step="1"/><G90/><REACH who="3" ten="255,199,185,341" step="2"/><T8/><D89/><U127/><E91/><N who="2" m="53479" /><F3/><W25/><G25/><T28/><REACH who="0" step="1"/><D8/><REACH who="0" ten="245,199,185,341" step="2"/><U55/><E127/><V38/><F9/><W62/><G62/><T2/><D2/><U94/><E59/><AGARI ba="1,3" hai="16,17,18,20,21,23,26,30,34,49,53,59,101,103" machi="59" ten="40,8000,1" yaku="1,1,54,1,53,3" doraHai="0" doraHaiUra="15" who="3" fromWho="1" sc="245,0,199,-83,185,0,341,113" /><INIT seed="3,0,0,1,5,62" ten="245,116,185,454" oya="3" hai0="85,126,102,51,37,93,125,101,28,80,13,50,92" hai1="14,46,23,86,40,73,120,16,127,82,119,11,124" hai2="88,60,33,111,97,121,75,114,83,96,69,1,42" hai3="10,31,128,94,65,99,29,130,36,131,72,133,55"/><W38/><G133/><T87/><D37/><N who="3" m="14441" /><G72/><T105/><D28/><U123/><E119/><V32/><F42/><W91/><G65/><T76/><D13/><U44/><E73/><V21/><F111/><W43/><G43/><T67/><D67/><U134/><E134/><V81/><F60/><W109/><G109/><T56/><D105/><U8/><E8/><V59/><F59/><W84/><G55/><N who="0" m="31863" /><D51/><U89/><E11/><V57/><F57/><W27/><G10/><T20/><D20/><U132/><E132/><V78/><F21/><N who="3" m="15599" /><G31/><T48/><D48/><U0/><E0/><V113/><F1/><W24/><G24/><T118/><D118/><U106/><E106/><V41/><F41/><W112/><G112/><T107/><D107/><U6/><E6/><V95/><F95/><N who="0" m="36426" /><D87/><AGARI ba="0,0" hai="84,87,91,94,99,128,130,131" m="15599,14441" machi="87" ten="40,2000,0" yaku="19,1" doraHai="62" who="3" fromWho="0" sc="245,-20,116,0,185,0,454,20" owari="225,2.5,116,-38.4,185,-21.5,474,57.4" /></mjloggm>