<mjloggm ver="2.3"><GO type="225" lobby="0"/><UN n0="%E9%87%8E%E3%80%85%E5%AE%AE%E8%97%8D" n1="%E4%BA%95%E5%B8%AF" n2="%E3%81%B5%E3%81%98%E3%81%8B%E3%81%A4" n3="%77%72%77%72%77%72%77%72" dan="17,16,16,17" rate="2176.41,2042.91,2210.73,2233.07" sx="F,M,M,M"/><TAIKYOKU oya="0"/><INIT seed="0,0,0,5,3,1" ten="250,250,250,250" oya="0" hai0="69,2,133,46,118,26,105,65,14,28,58,104,31" hai1="50,81,108,15,85,32,127,125,35,56,76,103,119" hai2="11,94,5,73,126,120,40,86,37,135,9,29,128" hai3="13,12,130,43,24,49,25,63,84,68,22,21,93"/><T80/><BYE who="3" /><D118/><U4/><E119/><V39/><F120/><W53/><G53/><T131/><D2/><U47/><E108/><V121/><F126/><N who="1" m="48137" /><E56/><UN n3="%77%72%77%72%77%72%77%72" /><V114/><F135/><W100/><G130/><T6/><D69/><U19/><E103/><V90/><F128/><W57/><G68/><T83/><D133/><U41/><E19/><V82/><F121/><W42/><G49/><T87/><D105/><U44/><E47/><V27/><F114/><W117/><G117/><T110/><D104/><U101/><E101/><V67/><F67/><W17/><G100/><T16/><D46/><U111/><E111/><V34/><F11/><AGARI ba="0,0" hai="4,11,15,32,35,41,44,50,76,81,85" m="48137" machi="11" ten="30,3900,0" yaku="25,1,18,1,52,1" doraHai="1" who="1" fromWho="2" sc="250,0,250,39,250,-39,250,0" /><INIT seed="1,0,0,2,3,85" ten="250,289,211,250" oya="1" hai0="54,14,0,111,114,95,74,86,6,79,112,104,130" hai1="3,126,87,125,49,32,91,47,90,88,51,108,30" hai2="83,93,62,121,109,42,70,10,135,129,84,101,81" hai3="19,99,82,57,72,13,61,73,124,53,122,40,21"/><U65/><E3/><V96/><F121/><W55/><G124/><N who="1" m="47722" /><E108/><V11/><F109/><W76/><G122/><T113/><D0/><U7/><E7/><V20/><F135/><W39/><G39/><T35/><D35/><U127/><E127/><V8/><F129/><W9/><G40/><T133/><D111/><U68/><E87/><V115/><F115/><W107/><G73/><T123/><D130/><U34/><E30/><V78/><F42/><W67/><G107/><T2/><D104/><U23/><E23/><V31/><F70/><W92/><REACH who="3" step="1"/><G21/><REACH who="3" ten="250,289,211,240" step="2"/><T24/><D123/><U5/><E32/><V94/><F20/><W38/><G38/><T117/><D74/><U119/><E34/><V26/><F11/><W64/><G64/><T12/><D112/><U131/><E131/><V120/><F120/><W71/><G71/><T60/><D114/><U100/><E65/><V75/><F8/><W132/><G132/><T105/><D133/><U36/><E68/><V48/><F10/><W110/><G110/><T103/><D113/><U134/><E134/><V41/><F75/><W98/><G98/><T1/><D105/><U50/><E36/><V66/><F66/><W77/><G77/><T16/><D79/><U4/><E119/><V33/><F96/><W18/><G18/><T89/><D117/><U17/><E17/><V46/><F33/><W80/><G80/><T69/><D69/><U128/><E128/><V43/><F83/><W118/><G118/><T116/><D116/><U52/><E100/><AGARI ba="0,1" hai="9,13,19,53,55,57,61,67,72,76,82,92,99,100" machi="100" ten="30,3900,0" yaku="1,1,7,1,53,1" doraHai="85" doraHaiUra="63" who="3" fromWho="1" sc="250,0,289,-39,211,0,240,49" /><INIT seed="2,0,0,0,5,8" ten="250,250,211,289" oya="2" hai0="67,71,28,122,56,81,124,92,105,100,113,26,7" hai1="43,50,87,33,46,97,74,120,17,82,69,21,129" hai2="44,59,31,15,128,77,48,30,98,89,2,55,116" hai3="112,79,42,104,90,52,40,60,27,64,91,121,22"/><V131/><F116/><W6/><G121/><T102/><D122/><U35/><E120/><V119/><F119/><W23/><G104/><T13/><D113/><U57/><E129/><N who="2" m="49739" /><F2/><W39/><G39/><T132/><D71/><U76/><E69/><V127/><F77/><W96/><G79/><T123/><D105/><U12/><E74/><V53/><F127/><W106/><G6/><T88/><D81/><U10/><E97/><V65/><F65/><W134/><G134/><T93/><D93/><U1/><E1/><V111/><F111/><W38/><G38/><T49/><D124/><U68/><E68/><V47/><F15/><W110/><G110/><T80/><D80/><U41/><E41/><V3/><F3/><W99/><G112/><T54/><D67/><U63/><REACH who="1" step="1"/><E10/><REACH who="1" ten="250,240,211,289" step="2"/><V66/><F98/><W51/><G96/><N who="0" m="57351" /><D123/><U135/><E135/><V4/><F89/><W78/><G91/><T25/><D132/><U115/><E115/><V45/><F4/><W29/><G90/><T85/><D85/><U73/><E73/><V108/><F108/><W72/><G72/><T109/><D109/><U101/><E101/><V107/><F107/><W61/><G78/><T133/><D133/><U94/><E94/><V125/><F125/><W117/><G99/><T126/><D126/><U24/><E24/><V118/><F118/><W20/><G106/><T14/><D25/><U34/><E34/><V18/><F18/><W75/><G75/><T83/><D7/><U86/><E86/><V5/><F5/><W114/><G27/><T37/><D26/><U130/><E130/><RYUUKYOKU ba="0,1" sc="250,-10,240,30,211,-10,289,-10" hai1="12,17,21,33,35,43,46,50,57,63,76,82,87" /><INIT seed="3,1,1,1,3,76" ten="240,270,201,279" oya="3" hai0="13,32,126,56,108,2,51,15,78,59,99,60,124" hai1="69,96,70,26,5,45,66,43,44,132,98,77,129" hai2="122,130,18,23,114,16,86,82,116,33,50,94,75" hai3="119,19,103,67,106,53,95,105,80,81,29,6,83"/><W65/><G119/><T112/><D108/><U90/><E129/><V12/><F116/><W127/><G127/><N who="0" m="48683" /><D2/><U21/><E132/><V48/><F114/><W57/><G6/><T36/><D36/><U100/><E77/><N who="2" m="46415" /><F33/><W61/><G29/><T22/><D32/><U42/><E5/><V55/><F75/><W28/><G28/><T8/><D78/><U92/><E66/><V123/><F130/><W74/><G74/><T87/><D87/><U104/><E44/><V79/><F79/><W102/><G19/><N who="0" m="10607" /><D60/><U110/><E110/><V4/><F4/><W9/><G9/><T135/><D135/><U14/><E14/><N who="2" m="9623" /><F94/><W117/><G117/><T109/><D109/><U115/><E115/><V111/><F55/><W38/><G38/><T71/><D71/><U134/><E134/><V73/><F73/><W30/><G106/><T97/><D112/><U7/><E7/><V63/><F63/><W17/><G105/><T49/><D49/><U47/><E70/><V41/><F41/><W1/><G1/><T24/><D51/><N who="2" m="19498" /><F111/><W37/><G37/><T20/><D99/><U113/><E69/><V52/><F52/><W88/><G53/><T64/><D97/><U120/><E113/><V25/><F25/><W58/><G65/><T107/><D64/><U131/><E131/><V27/><F27/><W54/><G54/><T31/><D107/><U72/><E72/><V11/><F123/><W128/><G128/><T118/><D118/><U121/><E43/><V89/><F122/><N who="1" m="47209" /><E42/><V93/><F89/><W40/><G67/><T46/><D46/><N who="1" m="17419" /><E26/><V34/><F34/><RYUUKYOKU ba="1,1" sc="240,10,270,10,201,10,279,-30" hai0="8,15,20,24,31,56,59" hai1="21,90,92,96,98,100,104" hai2="11,12,18,93" /><INIT seed="4,2,1,0,5,12" ten="250,280,211,249" oya="0" hai0="67,15,113,66,88,116,50,30,31,47,120,73,39" hai1="83,106,8,109,91,54,82,122,65,32,84,130,127" hai2="79,17,35,97,9,108,62,80,29,128,121,61,129" hai3="125,110,38,52,53,21,70,96,43,60,3,102,134"/><T107/><D116/><U23/><E122/><V22/><F121/><W51/><G110/><T74/><D39/><U27/><E109/><V90/><F108/><W7/><G134/><T13/><D107/><U92/><E106/><V45/><F45/><W94/><G125/><T131/><D120/><U26/><E130/><N who="2" m="50283" /><F9/><W1/><G7/><T28/><D131/><U132/><E132/><V124/><F124/><W0/><G38/><T135/><D135/><U86/><E65/><N who="0" m="24585" /><D74/><U98/><E8/><V71/><F71/><W42/><G70/><T11/><D73/><U119/><E119/><V100/><F90/><W99/><G99/><T115/><D88/><U126/><E126/><V93/><F29/><W112/><G112/><N who="0" m="43083" /><D11/><U55/><E127/><V103/><F103/><W37/><G37/><T72/><D72/><U5/><E91/><V25/><F35/><W2/><G102/><T75/><D75/><AGARI ba="2,1" hai="17,22,25,61,62,75,79,80,93,97,100" m="50283" machi="75" ten="30,2000,0" yaku="19,1,52,1" doraHai="12" who="2" fromWho="0" sc="250,-26,280,0,211,36,249,0" /><INIT seed="5,0,0,4,2,105" ten="224,280,247,249" oya="1" hai0="62,119,57,82,0,74,2,114,131,88,49,31,9" hai1="107,23,64,46,100,51,120,75,27,41,128,60,67" hai2="103,36,96,29,56,63,34,50,1,117,33,122,13" hai3="86,10,95,92,18,79,22,110,15,7,115,116,90"/><U106/><E120/><V134/><F122/><W11/><G115/><T112/><D119/><U28/><E128/><V104/><F1/><W78/><G110/><T133/><D131/><U101/><E75/><V129/><F117/><W71/><G71/><T111/><D111/><U94/><E94/><V99/><F134/><W35/><G35/><T40/><D31/><U39/><E39/><V127/><F36/><W16/><G116/><T83/><D133/><U55/><E55/><V93/><F127/><W124/><G124/><T108/><D108/><U89/><E89/><V24/><F50/><W43/><G43/><T132/><D132/><U6/><E6/><V20/><F13/><N who="3" m="5343" /><G95/><T25/><D25/><AGARI ba="0,0" hai="11,15,16,18,22,25,78,79,86,90,92" m="5343" machi="25" ten="30,2000,0" yaku="8,1,54,1" doraHai="105" who="3" fromWho="0" sc="224,-20,280,0,247,0,249,20" /><INIT seed="6,0,0,2,5,102" ten="204,280,247,269" oya="2" hai0="124,40,46,53,64,71,58,10,117,54,47,80,31" hai1="57,99,111,113,4,93,68,123,51,92,133,76,125" hai2="32,55,63,91,45,22,14,60,130,75,6,66,37" hai3="17,135,5,19,16,13,50,59,43,104,94,41,121"/><V96/><F32/><W90/><G104/><T78/><D124/><U69/><E111/><V70/><F75/><W34/><G34/><T127/><D127/><U129/><E125/><V81/><F130/><W128/><G128/><T116/><D31/><U42/><E76/><V56/><F6/><W2/><G2/><T73/><D10/><U7/><E129/><V74/><F74/><W95/><G135/><T27/><D27/><U87/><E69/><V29/><F96/><W82/><G82/><T131/><D131/><U61/><E68/><V105/><F81/><W0/><G0/><T33/><D33/><U126/><E113/><V106/><F91/><W119/><G119/><T85/><D73/><U114/><E114/><V83/><F83/><W109/><G109/><T24/><D24/><U134/><E123/><V44/><F29/><W88/><G5/><N who="1" m="2122" /><E87/><V1/><F1/><W98/><G13/><T30/><D30/><U65/><E93/><V77/><F77/><W21/><G21/><T39/><D47/><N who="1" m="26103" /><E126/><V72/><F72/><W84/><G121/><T86/><D86/><U62/><E62/><V18/><REACH who="2" step="1"/><F45/><REACH who="2" ten="204,280,237,269" step="2"/><W35/><G35/><T12/><D117/><U25/><E134/><V3/><F3/><W115/><G115/><T67/><D116/><U38/><E133/><V20/><F20/><W9/><G9/><T122/><D122/><U108/><E108/><V48/><F48/><W15/><G15/><T100/><D12/><U52/><E25/><V112/><F112/><W26/><G26/><T107/><D46/><U23/><E23/><V97/><F97/><RYUUKYOKU ba="0,1" sc="204,-15,280,-15,237,15,269,15" hai2="14,18,22,37,44,55,56,60,63,66,70,105,106" hai3="16,17,19,41,43,50,59,84,88,90,94,95,98" /><INIT seed="6,1,1,1,3,4" ten="189,265,252,284" oya="2" hai0="12,76,103,43,7,124,20,30,41,101,104,18,114" hai1="117,2,71,34,44,49,53,35,45,46,130,42,31" hai2="8,10,91,90,19,106,13,51,96,123,79,135,80" hai3="36,118,15,47,99,119,116,115,127,109,6,63,0"/><V29/><F123/><W14/><G109/><T129/><D124/><U93/><E117/><V16/><F135/><W98/><G127/><T69/><D69/><U62/><E130/><V84/><F106/><W22/><G115/><T85/><D114/><U102/><E2/><V78/><F29/><W128/><G128/><T38/><D129/><U74/><E74/><V5/><F51/><W59/><G0/><T107/><D30/><U39/><E45/><V88/><F78/><W23/><G47/><T121/><D121/><U100/><E31/><V56/><F56/><W25/><G36/><T134/><D134/><U33/><REACH who="1" step="1"/><E93/><REACH who="1" ten="189,255,252,284" step="2"/><N who="2" m="56383" /><F5/><W17/><G6/><T52/><D107/><U64/><AGARI ba="1,2" hai="33,34,35,39,42,44,46,49,53,62,64,71,100,102" machi="64" ten="40,2700,0" yaku="1,1,0,1,53,0" doraHai="4" doraHaiUra="95" who="1" fromWho="1" sc="189,-8,255,50,252,-14,284,-8" owari="181,-31.9,305,40.5,238,-16.2,276,7.6" /></mjloggm>