<mjloggm ver="2.3"><GO type="225" lobby="0"/><UN n0="%E9%89%A2%E5%B7%BB%E3%82%AC%E3%83%96" n1="%6D%75%75%6D%75%72%61" n2="%E5%A4%96%E5%B7%9D%E7%AB%9C%E6%88%90" n3="%E7%B4%94%E6%BD%94%E3%83%94%E3%83%A9%E3%83%8B%E3%82%A2" dan="16,16,16,18" rate="2050.46,2137.58,2230.99,2281.47" sx="M,F,M,M"/><TAIKYOKU oya="0"/><INIT seed="0,0,0,4,1,132" ten="250,250,250,250" oya="0" hai0="92,95,94,35,30,129,17,40,12,104,59,87,14" hai1="116,69,29,88,130,8,62,91,99,120,103,46,97" hai2="118,73,124,114,93,9,61,10,65,55,2,109,111" hai3="68,76,53,36,119,135,74,105,117,102,1,21,98"/><T75/><D129/><U57/><E116/><V112/><F73/><W23/><G53/><T27/><D75/><U128/><E120/><V45/><F118/><W56/><G56/><T51/><D104/><U86/><E69/><N who="2" m="42159" /><F93/><W71/><G21/><T81/><D59/><U15/><E29/><V131/><F10/><W31/><G23/><T18/><D51/><U70/><E70/><V42/><F9/><W47/><G31/><T5/><D40/><U108/><E46/><V11/><F11/><W38/><G135/><T82/><D5/><U33/><E33/><V16/><F16/><W34/><G117/><T77/><REACH who="0" step="1"/><D82/><REACH who="0" ten="240,250,250,250" step="2"/><U72/><E72/><V90/><F131/><W20/><G119/><T54/><D54/><N who="1" m="34103" /><E130/><V41/><F55/><W80/><G71/><T13/><AGARI ba="0,1" hai="12,13,14,17,18,27,30,35,77,81,87,92,94,95" machi="13" ten="30,3000,0" yaku="1,1,0,1,53,0" doraHai="132" doraHaiUra="134" who="0" fromWho="0" sc="240,40,250,-10,250,-10,250,-10" /><INIT seed="0,1,0,4,4,52" ten="280,240,240,240" oya="0" hai0="121,1,108,96,128,130,43,11,117,122,113,16,14" hai1="33,135,93,90,26,68,94,19,107,58,78,73,98" hai2="134,4,112,6,87,60,10,127,75,18,101,22,81" hai3="102,21,23,89,5,103,70,129,12,74,86,44,91"/><T120/><D43/><U132/><E68/><V13/><F112/><W35/><G70/><T105/><D105/><U41/><E41/><V71/><F127/><W85/><G35/><T49/><D49/><U84/><E33/><V65/><F134/><N who="1" m="51241" /><E26/><V69/><F75/><W123/><G74/><T57/><D96/><U2/><E19/><V46/><F101/><W54/><G54/><T7/><D113/><U64/><E2/><V115/><F115/><W100/><G44/><T72/><D72/><U9/><E9/><V61/><F46/><W118/><G118/><T80/><D80/><N who="1" m="45135" /><E64/><V32/><F32/><W97/><G97/><T45/><D45/><U66/><E66/><V34/><F34/><W82/><G123/><T53/><D117/><U8/><E8/><V38/><F38/><W25/><G25/><T20/><REACH who="0" step="1"/><D108/><REACH who="0" ten="270,240,240,240" step="2"/><U30/><E107/><V111/><F111/><W88/><G82/><T104/><D104/><U51/><E98/><V110/><F110/><W15/><G86/><T50/><AGARI ba="1,1" hai="1,7,11,14,16,20,50,53,57,120,121,122,128,130" machi="50" ten="40,18000,2" yaku="1,1,0,1,52,1,54,1,53,3" doraHai="52" doraHaiUra="116" who="0" fromWho="0" sc="270,193,240,-61,240,-61,240,-61" /><INIT seed="0,2,0,5,3,37" ten="463,179,179,179" oya="0" hai0="92,114,52,74,95,81,86,105,129,69,107,1,106" hai1="134,41,113,80,46,121,6,71,78,115,11,93,97" hai2="56,28,47,50,21,57,90,9,68,66,73,127,96" hai3="29,3,14,20,5,109,45,126,24,33,130,64,128"/><T62/><D114/><N who="1" m="43531" /><E71/><V4/><F73/><W77/><G45/><T48/><D1/><U116/><E116/><V122/><F122/><W39/><G39/><T99/><D74/><U30/><E30/><V119/><F119/><W123/><G64/><T19/><D129/><N who="3" m="49769" /><G77/><T102/><D95/><U63/><E63/><V133/><F133/><W89/><G89/><T22/><D62/><U108/><E134/><V98/><F127/><W7/><G126/><T23/><D19/><U27/><E27/><N who="2" m="16495" /><F68/><W17/><G109/><T125/><D69/><U43/><E108/><V87/><F66/><W67/><G67/><T103/><D103/><N who="1" m="60847" /><E46/><V36/><F36/><W83/><G83/><T124/><D125/><U70/><E70/><V15/><F56/><W18/><G3/><T120/><D124/><U72/><E121/><V79/><F57/><W100/><G100/><T118/><D120/><U111/><E111/><V0/><F0/><AGARI ba="2,0" hai="0,6,11,41,43,72,78,80" m="60847,43531" machi="0" ten="30,3900,0" yaku="11,1,52,2" doraHai="37" who="1" fromWho="2" sc="463,0,179,45,179,-45,179,0" /><INIT seed="1,0,0,1,5,65" ten="463,224,134,179" oya="1" hai0="114,3,18,15,120,13,95,47,110,80,125,94,131" hai1="26,20,41,100,27,89,72,73,7,33,8,121,99" hai2="34,24,97,130,57,109,90,116,77,55,40,38,32" hai3="118,52,23,111,59,79,28,64,119,92,96,105,122"/><U135/><E121/><V86/><F116/><N who="3" m="44587" /><G122/><T42/><D3/><U71/><E135/><V12/><F109/><W74/><G64/><T36/><D110/><U70/><E89/><V102/><F130/><W25/><G111/><T82/><D131/><U84/><E84/><V87/><F38/><W117/><N who="3" m="44595" /><W129/><DORA hai="53" /><G129/><T112/><D125/><U2/><E41/><V132/><F40/><W17/><G79/><T69/><D42/><U98/><E98/><V68/><F68/><N who="1" m="26153" /><E20/><V127/><F127/><W58/><G105/><T60/><D69/><U107/><E26/><V126/><F126/><W128/><G74/><T22/><D22/><U37/><E37/><V134/><F12/><W133/><G128/><T76/><D36/><U56/><E56/><N who="3" m="21546" /><G52/><T85/><D120/><U106/><E106/><V115/><F77/><W45/><G45/><T6/><D47/><U123/><E123/><V61/><F134/><W103/><G133/><T46/><D46/><U35/><E27/><V0/><F24/><W49/><G49/><T108/><D108/><U5/><E5/><V39/><F132/><W113/><G113/><T43/><D6/><U54/><E54/><V83/><F55/><W78/><G78/><T75/><D114/><U29/><E29/><AGARI ba="0,0" hai="17,23,25,28,29,92,96,103" m="21546,44595" machi="29" ten="40,8000,1" yaku="12,1,52,3" doraHai="65,53" who="3" fromWho="1" sc="463,0,224,-80,134,0,179,80" /><INIT seed="2,0,0,0,5,65" ten="463,144,134,259" oya="2" hai0="119,31,89,111,50,3,131,8,25,9,105,7,13" hai1="108,11,68,61,15,63,2,0,36,113,43,42,69" hai2="101,92,53,30,100,60,17,90,83,128,5,134,77" hai3="133,76,109,94,75,124,55,46,121,27,64,29,99"/><V39/><F39/><W12/><G121/><T103/><D111/><U84/><E113/><V126/><F128/><W49/><G109/><T41/><D103/><U47/><E108/><V14/><F126/><W32/><G124/><T86/><D105/><U28/><E42/><V59/><F134/><W125/><G125/><T44/><D131/><U22/><E84/><N who="2" m="48239" /><F30/><W135/><G64/><T72/><D72/><U54/><E28/><V70/><F70/><W82/><REACH who="3" step="1"/><G12/><REACH who="3" ten="463,144,134,249" step="2"/><T56/><D13/><U18/><E0/><V78/><F5/><W112/><G112/><T34/><D7/><U127/><E2/><V95/><F78/><W48/><G48/><T62/><D3/><U4/><E127/><V37/><F37/><W6/><G6/><T123/><D123/><U26/><E36/><V16/><F14/><W91/><AGARI ba="0,1" hai="27,29,32,46,49,55,75,76,82,91,94,99,133,135" machi="91" ten="30,2000,0" yaku="1,1,0,1,53,0" doraHai="65" doraHaiUra="81" who="3" fromWho="3" sc="463,-5,144,-5,134,-10,249,30" /><INIT seed="3,0,0,1,4,2" ten="458,139,124,279" oya="3" hai0="60,12,102,51,119,17,130,45,3,99,14,75,21" hai1="96,35,5,52,87,43,40,20,0,47,22,37,105" hai2="9,48,1,63,121,124,72,33,8,117,84,28,118" hai3="92,6,79,13,106,34,112,108,18,125,38,15,74"/><W122/><G92/><T88/><D3/><U64/><E35/><V68/><F72/><W73/><G79/><T115/><D75/><U36/><E64/><V132/><F132/><W81/><G81/><T19/><D119/><N who="2" m="45578" /><F48/><W101/><G18/><T76/><D76/><U46/><E87/><V39/><F39/><W11/><G11/><T120/><D130/><U69/><E69/><V135/><F135/><W57/><G57/><T90/><D120/><U24/><E52/><V134/><F134/><W111/><G101/><T70/><D115/><U116/><E116/><V93/><F1/><W29/><G29/><T32/><D32/><U82/><E82/><V10/><F121/><W53/><G34/><T128/><D128/><U23/><E0/><V42/><F42/><W61/><G122/><T83/><D70/><U67/><E67/><N who="2" m="41087" /><F124/><W54/><G61/><T113/><D60/><U50/><E50/><V44/><F44/><W110/><G110/><T78/><D113/><U94/><E5/><V109/><F109/><W98/><G112/><T104/><D83/><U126/><E126/><V26/><F84/><W80/><G125/><T103/><D103/><U65/><E65/><V133/><F93/><W77/><G80/><T107/><D78/><U129/><E129/><V85/><F85/><W89/><G77/><T58/><D58/><U30/><E94/><V55/><F55/><W97/><G38/><T25/><D19/><U127/><E127/><V16/><F133/><W27/><G106/><T62/><D107/><U91/><E105/><V131/><F131/><W95/><G95/><RYUUKYOKU ba="0,0" sc="458,-15,139,15,124,15,279,-15" hai1="20,22,23,24,30,36,37,40,43,46,47,91,96" hai2="8,9,10,16,26,28,33" owari="443,54.3,154,-24.6,139,-36.1,264,6.4" /></mjloggm>