<mjloggm ver="2.3"><GO type="225" lobby="0"/><UN n0="%E3%81%AF%E3%82%88%E3%81%8A%E3%81%98%E3%81%95%E3%82%93" n1="%47%32%E9%BE%8D%E9%96%80" n2="%6D%75%75%6D%75%72%61" n3="%E3%81%8C%E3%81%9F" dan="16,16,16,16" rate="2072.37,2126.70,2128.45,2139.29" sx="M,M,F,F"/><TAIKYOKU oya="0"/><INIT seed="0,0,0,5,4,106" ten="250,250,250,250" oya="0" hai0="51,90,100,116,55,92,29,38,86,10,101,54,27" hai1="34,16,40,111,1,8,2,56,81,15,132,14,52" hai2="66,124,30,57,98,134,77,4,130,94,108,82,102" hai3="45,76,3,61,79,105,59,74,62,33,23,42,65"/><T80/><BYE who="2" /><D38/><UN n2="%6D%75%75%6D%75%72%61" /><U11/><E34/><V96/><F108/><W13/><G33/><T36/><D36/><U123/><E123/><V91/><F130/><W31/><G3/><T126/><D116/><U118/><E118/><V110/><F110/><W114/><G114/><T32/><D126/><U85/><E40/><V112/><F134/><W72/><G105/><T24/><D24/><U119/><E111/><V25/><F124/><W67/><G79/><T60/><D10/><U84/><E132/><V128/><F128/><W88/><G88/><T75/><D60/><U39/><E39/><V103/><F4/><W47/><G76/><T127/><D127/><U95/><E95/><V68/><F68/><W107/><G107/><T93/><D55/><U117/><E117/><V7/><F7/><W135/><G135/><T89/><D75/><U64/><E64/><V48/><F98/><W21/><G13/><T58/><REACH who="0" step="1"/><D80/><REACH who="0" ten="240,250,250,250" step="2"/><U19/><E119/><V41/><F112/><W26/><G26/><T9/><D9/><U109/><E109/><V73/><F41/><W83/><G83/><T70/><D70/><U53/><E81/><V17/><F66/><W121/><G42/><T129/><D129/><U99/><E56/><V50/><F57/><W125/><G125/><T122/><D122/><U104/><E104/><V44/><F82/><W22/><G121/><T37/><D37/><U120/><E120/><V49/><F25/><W63/><G59/><T133/><D133/><U115/><E115/><V20/><F44/><N who="3" m="16971" /><G31/><T43/><D43/><U5/><E5/><V35/><F30/><RYUUKYOKU ba="0,1" sc="240,10,250,10,250,-30,250,10" hai0="27,29,32,51,54,58,86,89,90,92,93,100,101" hai1="1,2,8,11,14,15,16,19,52,53,84,85,99" hai3="21,22,23,61,62,63,65,67,72,74" /><INIT seed="0,1,1,2,0,26" ten="250,260,220,260" oya="0" hai0="93,75,37,114,18,88,74,117,89,23,101,8,28" hai1="9,6,48,54,120,35,109,80,27,81,130,36,19" hai2="49,95,31,43,45,129,69,50,3,111,51,46,135" hai3="126,30,21,70,82,64,78,100,118,123,65,16,115"/><T110/><D117/><U56/><E120/><V25/><F111/><W63/><G115/><T67/><D114/><U96/><E36/><V40/><F129/><W119/><G123/><T11/><D37/><U1/><E109/><V128/><F128/><W124/><G30/><T79/><D110/><U131/><E96/><V68/><F135/><W91/><G100/><T29/><D67/><U0/><E0/><V52/><F95/><W97/><G64/><T57/><D57/><U22/><E80/><V122/><F3/><W94/><G124/><T17/><D101/><U24/><REACH who="1" step="1"/><E81/><REACH who="1" ten="250,250,220,260" step="2"/><V112/><F122/><W102/><G126/><T47/><D79/><U39/><E39/><V66/><F112/><W4/><G102/><T15/><D93/><U44/><E44/><V71/><F46/><W10/><G82/><T77/><D47/><U76/><E76/><V13/><F43/><W20/><G78/><T108/><D77/><U107/><E107/><V84/><F40/><W38/><G38/><T32/><D108/><U106/><E106/><V104/><F104/><W133/><G119/><T86/><D86/><U103/><E103/><V7/><F84/><W105/><G105/><T113/><D113/><U55/><E55/><V14/><F52/><W121/><G118/><T98/><D98/><U125/><E125/><V99/><F45/><W83/><G97/><T62/><D89/><U34/><E34/><N who="2" m="20847" /><F99/><W53/><G121/><T127/><D127/><U59/><E59/><V60/><F71/><W92/><G70/><T12/><D88/><U33/><E33/><V41/><F69/><RYUUKYOKU ba="1,2" sc="250,-10,250,30,220,-10,260,-10" hai1="1,6,9,19,22,24,27,35,48,54,56,130,131" /><INIT seed="1,2,2,1,0,108" ten="240,280,210,250" oya="1" hai0="48,18,52,55,11,78,107,19,3,64,73,51,46" hai1="57,9,29,110,124,122,106,96,88,32,100,12,21" hai2="104,0,133,85,135,77,59,101,112,114,50,90,62" hai3="53,16,105,79,23,132,118,7,37,22,36,65,128"/><U24/><E122/><V43/><F0/><W66/><G105/><T120/><D107/><U95/><E124/><V87/><F104/><W102/><G102/><T13/><D120/><U125/><E125/><V89/><F101/><W8/><G128/><T61/><D3/><U44/><E110/><V129/><F129/><W103/><G103/><T117/><D117/><U99/><E57/><V38/><F38/><W109/><G109/><T27/><D73/><U116/><E116/><V131/><F131/><W70/><G132/><N who="2" m="50761" /><F77/><W71/><G79/><T91/><D78/><U35/><REACH who="1" step="1"/><E44/><REACH who="1" ten="240,270,210,250" step="2"/><N who="2" m="25887" /><F59/><W83/><G118/><T69/><D46/><U94/><E94/><N who="2" m="54575" /><F62/><W111/><G111/><T34/><D61/><U92/><E92/><AGARI ba="2,3" hai="87,90,92,112,114" m="54575,25887,50761" machi="92" ten="30,3900,0" yaku="20,1,52,2" doraHai="108" who="2" fromWho="1" sc="240,0,270,-45,210,75,250,0" /><INIT seed="2,0,0,3,2,66" ten="240,225,285,250" oya="2" hai0="65,127,59,98,134,25,0,30,97,10,93,96,61" hai1="119,44,52,3,91,27,60,79,85,34,128,41,122" hai2="73,83,56,78,87,109,7,104,90,13,26,115,22" hai3="9,6,38,107,62,28,42,106,116,55,70,105,114"/><V31/><F115/><W16/><G116/><T23/><D127/><U89/><E119/><V21/><F104/><W67/><G114/><T36/><D134/><U108/><E3/><V76/><F109/><W4/><G28/><T32/><D36/><U123/><E108/><V75/><F56/><W101/><G101/><T39/><D39/><U57/><E128/><V48/><F48/><W84/><G84/><T92/><D32/><U19/><E79/><V29/><F75/><W47/><REACH who="3" step="1"/><G55/><REACH who="3" ten="240,225,285,240" step="2"/><T35/><D35/><U113/><E113/><V71/><F31/><W88/><G88/><T100/><D93/><U130/><E130/><V72/><F90/><W111/><G111/><T86/><D86/><U74/><E74/><V131/><F87/><W63/><G63/><T17/><D97/><U8/><E34/><V18/><F29/><W12/><AGARI ba="0,1" hai="4,6,9,12,16,38,42,47,62,67,70,105,106,107" machi="12" ten="40,8000,1" yaku="1,1,0,1,52,1,54,1,53,0" doraHai="66" doraHaiUra="51" who="3" fromWho="3" sc="240,-20,225,-20,285,-40,240,90" /><INIT seed="3,0,0,0,5,61" ten="220,205,245,330" oya="3" hai0="95,81,30,108,118,15,67,68,45,2,18,24,80" hai1="76,126,134,105,107,69,28,132,34,96,31,99,55" hai2="5,93,70,65,97,29,122,91,51,14,62,128,40" hai3="0,4,35,100,11,79,131,104,74,50,32,42,10"/><W6/><G131/><T106/><D118/><U25/><E76/><V121/><F128/><W52/><G42/><T64/><D106/><N who="1" m="40459" /><E55/><V12/><F29/><N who="1" m="11337" /><E25/><V44/><F5/><W9/><G9/><N who="0" m="6511" /><D68/><U82/><E34/><V83/><F83/><N who="0" m="31818" /><D2/><U75/><E126/><V89/><F89/><W109/><G79/><T23/><D108/><U47/><E47/><V86/><F97/><N who="1" m="37449" /><E82/><V49/><F51/><W90/><G50/><T129/><D129/><U46/><E46/><V17/><F17/><W133/><G109/><T19/><D45/><U1/><E1/><V114/><F14/><W77/><G0/><T120/><D120/><N who="2" m="46186" /><F12/><W119/><G77/><T37/><D37/><U115/><E69/><V135/><F114/><W85/><G35/><T39/><D39/><U84/><E84/><V38/><F38/><W43/><G32/><T111/><D111/><U103/><E103/><V16/><F16/><W94/><G100/><T8/><D95/><U88/><E88/><V41/><F41/><W26/><G94/><T113/><D113/><U125/><E125/><V56/><F70/><W78/><G43/><T112/><D112/><U36/><E36/><V57/><F57/><W127/><G127/><T124/><D124/><U33/><E33/><V98/><F86/><W116/><G85/><T20/><D8/><U7/><E115/><V66/><F66/><N who="0" m="25130" /><D30/><U92/><E7/><V123/><F123/><W13/><G6/><T59/><D59/><U60/><E92/><V58/><F58/><W130/><G4/><T73/><D23/><U21/><E21/><V87/><F87/><RYUUKYOKU ba="0,0" sc="220,15,205,-15,245,15,330,-15" hai0="19,20,24,73" hai2="40,44,49,56,62,65,91,93,98,135" owari="235,-16.5,190,-31.0,260,6.0,315,41.5" /></mjloggm>