<mjloggm ver="2.3"><GO type="225" lobby="0"/><UN n0="%E3%81%86%E3%83%BC%E3%81%B1%E3%83%BC" n1="%6D%75%75%6D%75%72%61" n2="%E6%B8%A9%E2%98%85%E6%83%85%E2%98%85%E6%8E%AA%E2%98%85%E7%BD%AE" n3="%E6%B0%B7%E5%B7%9D%E9%87%8C%E5%A5%88" dan="17,17,16,16" rate="2207.87,2192.11,2155.89,2142.87" sx="F,F,M,F"/><TAIKYOKU oya="0"/><INIT seed="0,0,0,3,5,33" ten="250,250,250,250" oya="0" hai0="91,133,78,50,60,24,64,126,15,20,80,127,2" hai1="13,85,114,82,105,76,8,135,52,22,100,5,61" hai2="40,121,0,29,112,117,122,16,55,25,123,72,116" hai3="19,56,43,51,23,66,58,11,120,97,103,132,107"/><T131/><D133/><U18/><E135/><V9/><F72/><W79/><G132/><T42/><D131/><U77/><E114/><V130/><F40/><W88/><G120/><T53/><D15/><U93/><E105/><V119/><F55/><W31/><G79/><T75/><D91/><U4/><E77/><V106/><F106/><W94/><G31/><T39/><D39/><U17/><E100/><V124/><F130/><W12/><G66/><T62/><D42/><U92/><E17/><V47/><F47/><W38/><G38/><T35/><D35/><U65/><E5/><N who="2" m="1191" /><F112/><W118/><G118/><T110/><D110/><U87/><E87/><V95/><F95/><W45/><REACH who="3" step="1"/><G11/><REACH who="3" ten="250,250,250,240" step="2"/><T10/><D64/><U44/><E65/><V69/><F69/><W74/><G74/><T14/><D78/><U46/><E61/><V81/><F124/><W96/><AGARI ba="0,1" hai="12,19,23,43,45,51,56,58,88,94,96,97,103,107" machi="96" ten="20,5200,0" yaku="1,1,0,1,7,1,54,1,53,0" doraHai="33" doraHaiUra="115" who="3" fromWho="3" sc="250,-26,250,-13,250,-13,240,62" /><INIT seed="1,0,0,3,5,77" ten="224,237,237,302" oya="1" hai0="4,85,18,46,105,49,118,13,17,79,28,32,135" hai1="64,5,91,88,41,112,98,107,9,62,131,115,124" hai2="84,23,50,94,72,73,22,44,38,12,102,87,59" hai3="81,99,43,33,65,35,47,27,24,108,58,3,45"/><U36/><E131/><V75/><F38/><W127/><G3/><T8/><D118/><U90/><E124/><V133/><F133/><W26/><G108/><T34/><D105/><U78/><E78/><V95/><F59/><W117/><G127/><T103/><D103/><U11/><E41/><V66/><F66/><W68/><G68/><T10/><D135/><U69/><E36/><V48/><F12/><W132/><G132/><T42/><D28/><U123/><E123/><V71/><F71/><W40/><G117/><T116/><D116/><U104/><E11/><V30/><F30/><W2/><G2/><T0/><REACH who="0" step="1"/><D17/><REACH who="0" ten="214,237,237,302" step="2"/><U7/><E107/><V51/><F102/><W126/><G126/><T67/><D67/><U93/><E104/><V56/><F44/><W80/><G65/><T106/><D106/><U113/><REACH who="1" step="1"/><E7/><REACH who="1" ten="214,227,237,302" step="2"/><V52/><F73/><W6/><G6/><T70/><D70/><U15/><AGARI ba="0,2" hai="5,9,15,62,64,69,88,90,91,93,98,112,113,115" machi="15" ten="30,11700,0" yaku="1,1,2,1,0,1,54,1,53,0" doraHai="77" doraHaiUra="100" who="1" fromWho="1" sc="214,-39,227,137,237,-39,302,-39" /><INIT seed="1,1,0,1,2,90" ten="175,364,198,263" oya="1" hai0="97,19,129,110,50,52,18,107,39,11,59,0,118" hai1="117,76,116,128,111,62,5,75,114,70,100,84,66" hai2="20,40,77,83,96,82,25,61,81,37,113,105,69" hai3="42,30,10,88,13,133,3,108,15,58,9,122,91"/><U73/><E114/><V106/><F113/><W6/><G122/><T79/><D118/><U23/><E128/><V31/><F77/><W99/><G108/><T55/><D39/><U44/><E111/><V16/><F96/><W67/><G133/><T95/><D107/><U35/><E35/><V63/><F40/><W68/><G68/><T34/><D34/><U7/><E100/><V87/><F37/><W38/><G30/><T123/><D129/><U21/><E44/><V22/><F87/><W98/><G3/><T93/><D123/><U125/><E125/><V60/><REACH who="2" step="1"/><F69/><REACH who="2" ten="175,364,188,263" step="2"/><W2/><G38/><T134/><D79/><U56/><E70/><V80/><N who="2" m="20480" /><DORA hai="57" /><V127/><F127/><W43/><G43/><T51/><D97/><U47/><E84/><V45/><F45/><W65/><G42/><T54/><D110/><U72/><E76/><V135/><F135/><W64/><G99/><T103/><D134/><U119/><E47/><V12/><AGARI ba="1,1" hai="12,16,20,22,25,31,60,61,63,105,106" m="20480" machi="12" ten="50,12000,2" yaku="1,1,0,1,52,3,54,1,53,0" doraHai="90,57" doraHaiUra="112,1" who="2" fromWho="2" sc="175,-31,364,-61,188,133,263,-31" /><INIT seed="2,0,0,2,0,29" ten="144,303,321,232" oya="2" hai0="135,58,77,101,21,54,20,106,112,0,63,3,28" hai1="81,113,111,7,37,9,33,89,78,134,80,133,120" hai2="64,34,119,84,67,121,39,15,76,75,25,52,36" hai3="127,105,16,85,71,32,31,88,82,1,69,125,6"/><V95/><F119/><W103/><G6/><T17/><D112/><U91/><E113/><V35/><F121/><W124/><G1/><T87/><D135/><N who="1" m="51723" /><E120/><V55/><F75/><W5/><G5/><T56/><D106/><U126/><E111/><V99/><F15/><W97/><REACH who="3" step="1"/><G16/><REACH who="3" ten="144,303,321,222" step="2"/><T48/><D0/><U24/><E7/><V114/><F114/><W90/><G90/><T38/><D3/><U98/><E9/><V73/><F39/><W128/><G128/><T68/><D38/><U74/><E37/><V8/><F36/><W131/><G131/><T132/><D132/><U41/><E89/><V2/><F2/><W13/><G13/><T26/><D101/><U40/><E126/><V104/><F8/><W72/><G72/><T43/><D17/><U53/><E91/><V83/><F73/><W51/><G51/><T50/><D48/><U27/><E74/><V123/><F123/><W44/><G44/><T96/><D50/><U19/><E19/><V102/><F102/><W65/><G65/><T118/><D77/><U62/><E78/><V4/><F4/><W60/><G60/><T109/><D63/><U94/><E62/><V61/><F64/><W92/><G92/><T108/><D109/><U14/><E14/><V79/><F79/><W110/><G110/><T22/><D108/><U86/><E94/><V100/><F95/><W30/><G30/><T12/><D28/><U47/><E47/><V93/><F93/><W10/><G10/><T130/><D12/><U42/><E24/><AGARI ba="0,1" hai="24,31,32,69,71,82,85,88,97,103,105,124,125,127" machi="24" ten="40,8000,1" yaku="1,1,18,1,52,1,54,1,53,0" doraHai="29" doraHaiUra="57" who="3" fromWho="1" sc="144,0,303,-80,321,0,222,90" /><INIT seed="3,0,0,0,4,72" ten="144,223,321,312" oya="3" hai0="132,127,71,16,6,35,111,109,87,74,53,34,7" hai1="40,86,82,59,83,104,55,41,91,131,114,75,51" hai2="67,15,61,100,23,0,106,70,21,22,107,5,69" hai3="31,10,28,76,30,73,108,33,125,26,62,96,117"/><W103/><G117/><T120/><D74/><U25/><E114/><V13/><F69/><W64/><G125/><T112/><D71/><U49/><E104/><V113/><F113/><W52/><G108/><T36/><D36/><U79/><E131/><V116/><F116/><W60/><G10/><T93/><D112/><U47/><REACH who="1" step="1"/><E25/><REACH who="1" ten="144,213,321,312" step="2"/><V57/><F107/><N who="3" m="63975" /><G62/><T29/><D120/><U81/><E81/><V58/><F106/><W12/><G12/><T14/><D127/><U129/><E129/><V63/><F63/><W66/><G66/><T1/><D53/><AGARI ba="0,1" hai="40,41,47,49,51,53,55,59,75,79,82,83,86,91" machi="53" ten="30,3900,0" yaku="1,1,7,1,52,1,53,0" doraHai="72" doraHaiUra="134" who="1" fromWho="0" sc="144,-39,213,49,321,0,312,0" owari="105,-39.5,262,-13.8,321,42.1,312,11.2" /></mjloggm>