<mjloggm ver="2.3"><GO type="225" lobby="0"/><UN n0="%73%6C%69%63%6B%33%31%39" n1="%E3%81%A1%E3%82%85%E3%81%86%E3%81%A9%E3%81%8F%E8%B1%A1%E3%81%95%E3%82%93" n2="%EF%BC%81%E3%81%BC%E3%81%9F%E3%82%82%E3%81%A1%EF%BC%81" n3="%E3%81%9F%E3%81%93%E2%98%86%E7%84%BC%E3%81%8D" dan="17,17,16,16" rate="2184.11,2198.24,2142.31,2100.66" sx="M,M,M,M"/><TAIKYOKU oya="0"/><INIT seed="0,0,0,5,0,126" ten="250,250,250,250" oya="0" hai0="79,66,52,21,130,97,13,74,42,84,80,93,18" hai1="33,83,88,87,48,46,62,115,117,14,64,22,37" hai2="95,9,89,29,102,43,61,73,12,28,55,70,132" hai3="35,32,19,63,112,107,16,23,44,116,110,104,27"/><T26/><D130/><U53/><E117/><V109/><F73/><W41/><G112/><T5/><D66/><U3/><E115/><V57/><F109/><W30/><G116/><T134/><D134/><U135/><E135/><V7/><F132/><W123/><G110/><T98/><D42/><U10/><E33/><V113/><F113/><W49/><G32/><T75/><D97/><U0/><E22/><V101/><F70/><W4/><G123/><T38/><D38/><U17/><REACH who="1" step="1"/><E37/><REACH who="1" ten="250,240,250,250" step="2"/><V94/><F43/><W15/><G35/><T69/><D69/><AGARI ba="0,1" hai="0,3,10,14,17,46,48,53,62,64,69,83,87,88" machi="69" ten="30,12000,2" yaku="1,1,2,1,7,1,25,2,54,1,53,0" doraHai="126" doraHaiUra="122" who="1" fromWho="0" sc="250,-120,240,130,250,0,250,0" /><INIT seed="1,0,0,0,4,83" ten="130,370,250,250" oya="1" hai0="30,125,25,118,120,75,21,122,116,92,104,123,80" hai1="54,113,108,58,31,70,88,6,28,1,16,5,134" hai2="103,40,115,47,69,64,38,34,98,112,133,62,27" hai3="101,71,73,68,59,135,106,94,109,20,39,84,48"/><U26/><E113/><V96/><F133/><W130/><G39/><T18/><D104/><U4/><E70/><V35/><F98/><W55/><G135/><T49/><D125/><U9/><E134/><V15/><F15/><W126/><G73/><T110/><D110/><U128/><E108/><V0/><F0/><W81/><G130/><T2/><D2/><U3/><E128/><V61/><F61/><W76/><G106/><T23/><D92/><U8/><E4/><V127/><F127/><W53/><G126/><T132/><D132/><U90/><E28/><V107/><REACH who="2" step="1"/><F27/><REACH who="2" ten="130,370,240,250" step="2"/><W97/><G109/><T131/><D131/><U52/><E1/><V19/><F19/><W63/><REACH who="3" step="1"/><G20/><REACH who="3" ten="130,370,240,240" step="2"/><T66/><D23/><U65/><E8/><V82/><F82/><W114/><G114/><AGARI ba="0,2" hai="34,35,38,40,47,62,64,69,96,103,107,112,114,115" machi="114" ten="40,8000,1" yaku="1,1,11,1,23,2,53,0" doraHai="83" doraHaiUra="87" who="2" fromWho="3" sc="130,0,370,0,240,100,240,-80" /><INIT seed="2,0,0,1,2,16" ten="130,370,340,160" oya="2" hai0="2,3,30,110,131,87,40,7,59,29,108,45,17" hai1="86,52,115,55,49,11,125,111,107,76,134,113,68" hai2="70,78,122,41,44,127,6,67,36,83,39,73,33" hai3="32,118,130,0,64,96,135,34,31,95,133,43,63"/><V23/><F33/><W85/><G118/><T124/><D59/><U81/><E107/><V97/><F122/><W57/><G0/><N who="0" m="43" /><D87/><U106/><E68/><V89/><F6/><W77/><G130/><T25/><D45/><U58/><E111/><N who="0" m="42537" /><D40/><U116/><E125/><V88/><F127/><W15/><G43/><T38/><D38/><U8/><E134/><N who="3" m="51210" /><G15/><T56/><D56/><U22/><E8/><V24/><F39/><W51/><G51/><T28/><D124/><U82/><E106/><V99/><F99/><W109/><G109/><T69/><D69/><U121/><E86/><V129/><F129/><W104/><G104/><T100/><D100/><U9/><E76/><V94/><F70/><W92/><G31/><N who="0" m="11851" /><D131/><U90/><E58/><V47/><F47/><W114/><G95/><T27/><D7/><U66/><E49/><V50/><F36/><W20/><G77/><T1/><N who="0" m="51" /><T117/><DORA hai="112" /><D117/><U35/><E116/><V101/><REACH who="2" step="1"/><F67/><REACH who="2" ten="130,370,330,160" step="2"/><W42/><G64/><T5/><D5/><U75/><E66/><V126/><F126/><W71/><G96/><T72/><D72/><U80/><E75/><V123/><F123/><W13/><G71/><T60/><D60/><U119/><E119/><V65/><F65/><W62/><G85/><T132/><D132/><U105/><E121/><V46/><F46/><W103/><G63/><T98/><D98/><U48/><E113/><V74/><F74/><W53/><G114/><T37/><D37/><U93/><E115/><V79/><F79/><W19/><G42/><T84/><D84/><U91/><E55/><RYUUKYOKU ba="0,1" sc="130,-15,370,-15,330,15,160,15" hai2="23,24,41,44,50,73,78,83,88,89,94,97,101" hai3="13,19,20,32,34,53,57,62,92,103" /><INIT seed="2,1,1,5,2,52" ten="115,355,345,175" oya="2" hai0="35,108,75,1,65,125,66,113,5,81,53,71,74" hai1="43,22,25,27,82,23,34,28,0,56,92,20,69" hai2="109,86,106,45,130,88,132,55,107,29,21,95,134" hai3="84,123,118,87,83,16,47,105,13,110,14,124,99"/><V24/><F130/><W6/><G118/><T102/><D113/><U4/><E69/><V10/><F109/><W90/><G123/><T116/><D35/><U50/><E82/><V40/><F10/><N who="3" m="4311" /><G105/><T31/><D31/><U44/><E92/><V72/><F72/><W77/><G124/><T54/><D108/><U111/><E111/><V104/><REACH who="2" step="1"/><F55/><REACH who="2" ten="115,355,335,175" step="2"/><W26/><G110/><T60/><D75/><U30/><E4/><V3/><F3/><W120/><G120/><T128/><D1/><U112/><E0/><V19/><F19/><W7/><G7/><T101/><D5/><U11/><E112/><V126/><F126/><W117/><G117/><T38/><D74/><U62/><E11/><V103/><F103/><W37/><G16/><T15/><D101/><U122/><E122/><V2/><F2/><W119/><G119/><T57/><D102/><U121/><E121/><V46/><F46/><W36/><G47/><T58/><D125/><U49/><E49/><AGARI ba="1,2" hai="21,24,29,40,45,49,86,88,95,104,106,107,132,134" machi="49" ten="40,3900,0" yaku="1,1,54,1,53,0" doraHai="52" doraHaiUra="98" who="2" fromWho="1" sc="115,0,355,-42,335,62,175,0" /><INIT seed="2,2,0,1,3,134" ten="115,313,397,175" oya="2" hai0="84,16,1,10,85,131,95,41,28,112,130,77,124" hai1="132,34,0,4,88,69,47,116,12,129,72,90,119" hai2="25,46,9,126,93,65,62,135,114,37,108,58,109" hai3="52,99,17,71,32,51,31,70,29,89,73,21,11"/><V3/><F114/><W120/><G73/><T110/><D112/><U97/><E69/><V115/><F115/><W117/><G120/><T13/><D110/><N who="2" m="42602" /><F135/><W87/><G99/><T86/><D28/><U36/><E34/><V125/><F93/><W44/><G117/><T127/><D41/><U113/><E113/><V118/><F118/><W30/><G32/><T76/><D95/><U5/><E132/><V45/><F25/><W128/><G128/><N who="0" m="49195" /><D1/><U91/><E12/><V56/><F56/><W82/><REACH who="3" step="1"/><G11/><REACH who="3" ten="115,313,397,165" step="2"/><T2/><D2/><U24/><E129/><V38/><F38/><W59/><G59/><T50/><D50/><U19/><E36/><V40/><F46/><W48/><G48/><T98/><D98/><U75/><E47/><V8/><F8/><W66/><G66/><T57/><D57/><U27/><E97/><V80/><F9/><W104/><G104/><T22/><D10/><U123/><E123/><V64/><F64/><W55/><G55/><T60/><D60/><U107/><E0/><V96/><F96/><W100/><G100/><T49/><D49/><U122/><E122/><V121/><F121/><W94/><G94/><T53/><D53/><U26/><E107/><V43/><F37/><W92/><G92/><T133/><D133/><U68/><E68/><V54/><F54/><W18/><G18/><T15/><D15/><AGARI ba="2,1" hai="15,17,21,29,30,31,44,51,52,70,71,82,87,89" machi="15" ten="40,2600,0" yaku="1,1,54,1,53,0" doraHai="134" doraHaiUra="33" who="3" fromWho="0" sc="115,-32,313,0,397,0,165,42" /><INIT seed="3,0,0,3,0,31" ten="83,313,397,207" oya="3" hai0="11,74,78,21,12,92,103,81,60,125,49,14,122" hai1="67,96,70,6,23,15,86,55,93,38,20,41,46" hai2="128,91,84,4,111,56,39,102,101,126,131,95,33" hai3="18,63,127,47,121,62,77,82,8,114,24,90,40"/><W0/><G114/><T57/><D125/><U117/><E117/><V36/><F33/><W130/><G121/><T97/><D122/><U105/><E105/><V99/><F126/><W119/><G130/><N who="2" m="49705" /><F111/><W64/><G119/><T113/><D113/><U80/><E55/><V37/><F4/><W94/><G0/><T65/><D11/><U25/><E67/><V118/><F118/><W43/><G63/><T48/><D48/><U9/><E70/><V98/><F56/><W110/><G110/><T133/><D133/><U134/><E134/><V22/><F22/><W27/><G18/><T58/><D49/><U109/><E25/><V51/><F51/><W19/><G19/><T50/><D50/><U28/><E28/><V108/><F108/><W3/><G3/><T135/><D58/><U42/><E42/><V120/><F120/><W53/><G53/><T35/><D135/><U112/><E112/><V68/><F68/><W107/><G107/><T124/><D124/><U2/><E2/><V17/><F17/><W44/><G8/><T29/><REACH who="0" step="1"/><D35/><REACH who="0" ten="73,313,397,207" step="2"/><U69/><E109/><V106/><F37/><W87/><G127/><T89/><D89/><N who="1" m="55343" /><E69/><V5/><F5/><W52/><G40/><T104/><D104/><AGARI ba="0,1" hai="36,39,84,91,95,98,99,101,102,104,106" m="49705" machi="104" ten="30,1000,0" yaku="19,1" doraHai="31" who="2" fromWho="0" sc="73,-10,313,0,397,20,207,0" owari="63,-43.7,313,11.3,417,51.7,207,-19.3" /></mjloggm>