<mjloggm ver="2.3"><GO type="225" lobby="0"/><UN n0="%72%69%6F%75%63%68%61%6E" n1="%E3%81%B2%E3%81%AA%E3%81%AE%E3%82%8A%E3%81%8F" n2="%6D%75%75%6D%75%72%61" n3="%47%48%4F%53%54" dan="17,16,17,17" rate="2245.53,2155.49,2219.36,2232.37" sx="M,M,F,M"/><TAIKYOKU oya="0"/><INIT seed="0,0,0,5,5,102" ten="250,250,250,250" oya="0" hai0="38,19,67,117,32,69,27,73,76,49,0,120,25" hai1="50,96,62,17,90,42,79,7,9,37,129,68,72" hai2="54,133,132,106,100,93,101,48,119,88,118,31,105" hai3="24,45,46,111,81,91,40,126,52,14,134,125,58"/><T116/><D120/><U36/><E129/><V85/><F31/><W5/><G111/><T16/><D38/><U124/><E124/><N who="3" m="47722" /><G134/><N who="2" m="51817" /><F101/><W4/><G24/><T55/><D0/><U98/><E17/><V103/><F103/><W11/><G5/><T39/><D39/><U60/><E50/><V43/><F43/><W10/><G10/><T47/><D67/><U121/><E121/><V92/><F92/><W29/><G29/><T99/><D69/><U64/><E62/><V22/><F22/><W35/><G35/><T23/><D99/><U110/><E110/><V87/><F87/><N who="3" m="50671" /><G40/><T56/><D56/><U66/><E66/><V3/><F100/><W94/><G94/><T20/><REACH who="0" step="1"/><D32/><REACH who="0" ten="240,250,250,250" step="2"/><U12/><E68/><V82/><F3/><W107/><G107/><N who="2" m="40969" /><F93/><W6/><G6/><T108/><D108/><U77/><E7/><V109/><F109/><W123/><G123/><T112/><D112/><U86/><E64/><V97/><F97/><W114/><G114/><T34/><D34/><U78/><E98/><V83/><F83/><AGARI ba="0,1" hai="16,19,20,23,25,27,47,49,55,73,76,83,116,117" machi="83" ten="40,12000,1" yaku="1,1,9,1,54,1,53,1" doraHai="102" doraHaiUra="44" who="0" fromWho="2" sc="240,130,250,0,250,-120,250,0" /><INIT seed="0,1,0,1,3,124" ten="370,250,130,250" oya="0" hai0="127,11,29,135,38,36,116,59,6,126,45,61,112" hai1="22,27,70,17,102,48,82,32,117,3,39,128,44" hai2="73,83,15,8,19,87,95,31,125,110,104,12,74" hai3="13,92,96,113,64,47,107,78,58,97,46,14,98"/><T89/><D112/><U52/><E117/><V35/><F104/><W75/><G107/><T67/><D116/><U18/><E3/><V37/><F125/><N who="0" m="47626" /><D135/><U24/><E70/><V115/><F115/><W94/><G78/><T111/><D29/><U133/><E133/><V26/><F37/><W88/><G75/><T49/><D89/><U105/><E39/><V40/><F110/><W132/><G113/><T2/><D111/><U63/><E128/><V4/><F40/><AGARI ba="1,0" hai="2,6,11,36,38,40,45,49,59,61,67" m="47626" machi="40" ten="30,1500,0" yaku="18,1" doraHai="124" who="0" fromWho="2" sc="370,18,250,0,130,-18,250,0" /><INIT seed="0,2,0,0,3,46" ten="388,250,112,250" oya="0" hai0="77,66,76,22,85,15,44,88,24,134,74,8,107" hai1="133,60,90,127,100,61,18,63,50,129,54,64,84" hai2="23,20,56,70,69,11,123,122,13,47,92,117,95" hai3="27,35,37,79,73,3,126,49,19,80,7,31,130"/><T9/><D134/><U93/><E129/><V97/><F117/><W111/><G130/><T108/><D107/><U118/><E118/><V65/><F56/><W1/><G111/><T115/><D115/><U38/><E127/><V71/><F65/><W121/><G126/><T26/><D108/><U128/><E128/><V55/><F122/><W12/><G37/><T132/><D132/><U81/><E38/><V120/><F120/><W105/><G105/><T51/><D66/><U58/><E133/><V17/><F123/><W75/><G75/><T39/><D39/><U99/><REACH who="1" step="1"/><E64/><REACH who="1" ten="388,240,112,250" step="2"/><V25/><F97/><W110/><G121/><T28/><D74/><U57/><E57/><V91/><F71/><W86/><G73/><T34/><D8/><U96/><E96/><V41/><F70/><W4/><G110/><T48/><D34/><U124/><E124/><V0/><F69/><W10/><G3/><T52/><D24/><U82/><E82/><V116/><F116/><W89/><G1/><T2/><D2/><U40/><E40/><V36/><F55/><W83/><G83/><N who="0" m="49215" /><D51/><U32/><E32/><V109/><F109/><W103/><G49/><T62/><D62/><U131/><E131/><V42/><F0/><W6/><G79/><T104/><D104/><U101/><E101/><V30/><F11/><W5/><G103/><T112/><D112/><U119/><E119/><V68/><F68/><W16/><AGARI ba="2,1" hai="4,5,6,7,10,12,16,19,27,31,35,80,86,89" machi="16" ten="30,2000,0" yaku="0,1,54,1" doraHai="46" who="3" fromWho="3" sc="388,-12,240,-7,112,-7,250,36" /><INIT seed="1,0,0,0,2,21" ten="376,233,105,286" oya="1" hai0="87,50,81,105,73,62,77,23,74,116,54,79,25" hai1="83,24,111,36,90,134,109,121,108,114,88,91,113" hai2="40,110,17,118,89,133,65,64,93,98,95,107,69" hai3="56,125,6,97,15,47,101,18,9,5,82,19,68"/><U94/><E36/><V72/><F118/><W67/><G125/><T44/><D116/><U117/><E117/><V85/><F110/><W61/><G68/><T34/><D105/><U57/><E121/><V16/><F133/><W12/><G82/><T42/><D34/><U102/><E134/><V128/><F128/><W38/><G47/><T106/><D106/><U43/><E43/><V48/><F107/><W41/><G41/><T35/><D35/><U86/><E57/><V84/><F72/><W4/><G38/><T59/><REACH who="0" step="1"/><D77/><REACH who="0" ten="366,233,105,286" step="2"/><N who="1" m="46447" /><E24/><V100/><F69/><W127/><G127/><T46/><D46/><U33/><E33/><V27/><F27/><W96/><REACH who="3" step="1"/><G101/><REACH who="3" ten="366,233,105,276" step="2"/><T76/><D76/><U29/><E29/><AGARI ba="0,2" hai="23,25,29,42,44,50,54,59,62,73,74,79,81,87" machi="29" ten="30,3900,0" yaku="1,1,7,1,52,1,53,0" doraHai="21" doraHaiUra="99" who="0" fromWho="1" sc="366,59,233,-39,105,0,276,0" /><INIT seed="2,0,0,1,2,66" ten="425,194,105,276" oya="2" hai0="73,52,70,87,14,84,46,42,130,59,131,57,60" hai1="54,53,99,56,68,47,21,79,64,65,36,31,5" hai2="20,29,4,51,43,24,41,77,76,119,16,49,75" hai3="40,83,6,122,32,92,90,107,114,34,33,72,27"/><V67/><F119/><W111/><G107/><T115/><D73/><U97/><E79/><N who="2" m="30283" /><F75/><W50/><G83/><T35/><D115/><U88/><E36/><V89/><F67/><W104/><G104/><T26/><D70/><U123/><E68/><V101/><F101/><W78/><G78/><T129/><D14/><U44/><E65/><V95/><F4/><W100/><G100/><T125/><D125/><U103/><E64/><V37/><F29/><W109/><G72/><T39/><D57/><U55/><E31/><AGARI ba="0,0" hai="26,31,35,39,42,46,52,59,60,84,87,129,130,131" machi="31" ten="40,2600,0" yaku="19,1,54,1" doraHai="66" who="0" fromWho="1" sc="425,26,194,-26,105,0,276,0" /><INIT seed="3,0,0,5,3,76" ten="451,168,105,276" oya="3" hai0="25,30,77,7,94,133,4,106,5,130,36,28,82" hai1="135,59,47,121,1,85,69,93,125,39,32,64,84" hai2="101,129,56,62,109,34,43,41,122,92,88,112,123" hai3="127,124,117,44,40,66,51,35,91,49,96,48,52"/><W27/><G27/><T12/><D106/><U116/><E32/><V102/><F112/><W9/><G9/><T46/><D130/><U8/><E69/><V132/><F129/><W86/><G96/><T103/><D133/><U115/><E39/><V68/><F68/><W99/><G35/><T45/><D36/><U108/><E1/><V80/><F34/><W107/><G66/><T128/><D128/><U54/><E115/><V57/><F132/><W118/><G99/><N who="0" m="59895" /><D12/><U22/><E125/><N who="3" m="48202" /><G91/><T81/><D28/><U11/><E64/><V87/><F109/><W65/><G86/><N who="0" m="48431" /><D82/><U24/><E108/><V38/><F57/><N who="3" m="32903" /><G107/><T29/><D29/><U37/><E135/><V10/><F10/><W74/><G74/><T134/><D134/><U15/><E11/><V98/><F102/><W26/><G26/><T111/><D111/><U71/><E8/><V63/><F63/><W60/><G51/><T72/><D72/><U78/><E24/><V70/><F70/><AGARI ba="0,0" hai="40,44,49,60,65,70,117,118" m="32903,48202" machi="70" ten="30,11600,0" yaku="18,1,34,2,54,1" doraHai="76" who="3" fromWho="2" sc="451,0,168,0,105,-116,276,116" owari="451,55.1,168,-23.2,-11,-51.1,392,19.2" /></mjloggm>