<mjloggm ver="2.3"><GO type="225" lobby="0"/><UN n0="%33%74%72%65%65" n1="%EF%BC%AE%EF%BC%A1%EF%BC%AF%33%33%39" n2="%E5%8F%AF%E5%85%90%E9%82%A3%E7%94%B1%E5%A4%9A" n3="%E6%A0%B9%E5%85%83%E3%81%8B%E3%82%89%E5%90%B9%E3%81%A3%E9%A3%9B%E3%81%B6" dan="16,16,17,17" rate="2157.63,2059.86,2236.57,2198.00" sx="F,M,F,F"/><TAIKYOKU oya="0"/><INIT seed="0,0,0,5,2,107" ten="250,250,250,250" oya="0" hai0="39,95,99,3,119,19,63,88,32,101,106,133,33" hai1="111,26,2,0,48,53,123,60,8,22,81,86,79" hai2="75,31,134,6,90,25,96,64,30,57,110,129,61" hai3="59,13,47,118,65,78,113,87,100,52,77,44,5"/><T40/><D119/><U42/><E123/><V94/><F110/><W103/><G113/><T1/><D133/><U122/><E122/><V43/><F134/><W131/><G118/><T85/><D19/><U7/><E111/><V72/><F129/><W116/><G131/><T97/><D63/><U91/><E60/><V34/><F31/><W84/><G65/><T124/><D124/><U38/><E38/><V125/><F125/><W68/><G68/><T12/><BYE who="3" /><D12/><U16/><E42/><V132/><F132/><UN n3="%E6%A0%B9%E5%85%83%E3%81%8B%E3%82%89%E5%90%B9%E3%81%A3%E9%A3%9B%E3%81%B6" /><W105/><G116/><T74/><D97/><U54/><E0/><N who="0" m="73" /><D40/><U128/><E128/><V14/><REACH who="2" step="1"/><F43/><REACH who="2" ten="250,250,240,250" step="2"/><W92/><G105/><T49/><D106/><U18/><E18/><V24/><F24/><W130/><G130/><T67/><D32/><U102/><E102/><V10/><AGARI ba="0,1" hai="6,10,14,25,30,34,57,61,64,72,75,90,94,96" machi="10" ten="30,7900,0" yaku="1,1,0,1,52,2,53,0" doraHai="107" doraHaiUra="108" who="2" fromWho="2" sc="250,-39,250,-20,240,89,250,-20" /><INIT seed="1,0,0,3,1,31" ten="211,230,329,230" oya="1" hai0="12,123,54,85,89,46,5,98,64,90,102,1,65" hai1="110,116,48,74,126,37,81,134,56,103,72,38,13" hai2="47,92,26,41,19,112,104,125,119,28,67,62,94" hai3="77,35,25,7,44,50,66,131,113,22,108,75,83"/><U51/><E103/><V57/><F119/><W135/><G108/><T53/><D1/><U40/><E116/><V69/><F104/><W130/><G113/><T78/><D123/><U91/><E13/><V9/><F112/><W118/><G118/><T86/><D78/><U27/><E27/><V60/><F125/><W17/><G135/><T132/><D132/><U15/><E15/><V87/><F87/><N who="0" m="33290" /><D102/><U29/><E29/><V30/><F30/><W6/><G66/><N who="0" m="25707" /><D46/><U10/><E134/><V0/><F60/><W52/><REACH who="3" step="1"/><G35/><REACH who="3" ten="211,230,329,220" step="2"/><T61/><D98/><U80/><E110/><V34/><F69/><W43/><G43/><T76/><D76/><U23/><E40/><V32/><F32/><W84/><G84/><T106/><D53/><U55/><E55/><V124/><F41/><W59/><G59/><N who="0" m="35063" /><D106/><U49/><E56/><V93/><F57/><W42/><G42/><T99/><D99/><U95/><E38/><V14/><F67/><W36/><G36/><T100/><D100/><U122/><E37/><V96/><F96/><W3/><G3/><T18/><D5/><AGARI ba="0,1" hai="5,6,7,17,22,25,44,50,52,75,77,83,130,131" machi="5" ten="40,5200,0" yaku="1,1,54,1,53,1" doraHai="31" doraHaiUra="73" who="3" fromWho="0" sc="211,-52,230,0,329,0,220,62" /><INIT seed="2,0,0,2,0,76" ten="159,230,329,282" oya="2" hai0="70,35,135,4,118,2,130,19,83,124,126,107,21" hai1="134,89,87,0,45,110,74,100,53,50,117,25,15" hai2="62,41,27,99,120,103,77,69,78,18,102,29,133" hai3="23,6,114,121,91,51,58,115,40,68,48,43,44"/><V54/><F120/><W79/><G121/><T14/><D107/><U82/><E0/><V38/><F133/><W128/><G128/><T84/><D135/><U106/><E134/><V119/><F119/><W24/><G68/><T63/><D130/><U112/><E117/><V46/><F18/><W67/><G79/><T39/><D39/><U95/><E112/><N who="3" m="43050" /><G6/><T109/><D118/><U37/><E37/><V127/><F127/><W42/><G91/><T98/><D109/><U28/><E110/><V116/><F116/><W17/><G51/><T33/><D98/><U101/><E106/><V59/><F69/><W94/><G94/><T75/><D75/><U60/><E74/><V96/><F96/><W132/><G132/><T11/><D124/><U108/><E108/><V12/><F12/><W131/><G131/><T81/><D126/><U61/><E15/><V30/><F103/><W88/><G88/><T34/><REACH who="0" step="1"/><D84/><REACH who="0" ten="149,230,329,282" step="2"/><U90/><E101/><V122/><F122/><W16/><G17/><T22/><D22/><N who="1" m="15415" /><E100/><V64/><F102/><W66/><G66/><AGARI ba="0,1" hai="2,4,11,14,19,21,33,34,35,63,66,70,81,83" machi="66" ten="40,5200,0" yaku="1,1,52,2,53,0" doraHai="76" doraHaiUra="104" who="0" fromWho="3" sc="149,62,230,0,329,0,282,-52" /><INIT seed="3,0,0,4,5,98" ten="211,230,329,230" oya="3" hai0="16,47,103,20,104,70,111,28,3,82,52,32,126" hai1="13,1,37,22,40,117,65,85,66,33,48,123,46" hai2="39,83,80,43,31,26,125,89,115,116,18,79,19" hai3="135,17,44,35,112,58,50,63,41,42,97,60,77"/><W134/><G35/><T6/><D70/><U7/><E33/><V0/><F115/><W100/><G77/><T15/><D111/><U95/><E123/><V113/><F113/><W14/><G42/><T133/><D133/><N who="3" m="50697" /><G112/><T76/><D126/><U59/><E1/><V51/><F0/><W88/><G88/><T81/><D76/><U119/><E85/><V127/><F39/><W91/><G91/><T102/><D104/><U27/><E95/><V34/><F89/><W71/><G58/><T108/><D108/><U23/><E37/><V10/><F83/><N who="0" m="31754" /><D52/><U9/><E23/><V54/><F43/><W114/><G114/><T8/><D47/><U24/><E24/><AGARI ba="0,0" hai="3,6,8,15,16,20,24,28,32,102,103" m="31754" machi="24" ten="30,7700,0" yaku="24,1,52,2,54,1" doraHai="98" who="0" fromWho="1" sc="211,77,230,-77,329,0,230,0" owari="288,8.8,153,-34.7,329,42.9,230,-17.0" /></mjloggm>