<mjloggm ver="2.3"><GO type="225" lobby="0"/><UN n0="%E3%81%95%E3%81%8D%E3%81%9F%E3%81%BE%E6%9E%97%E6%AA%8E" n1="%E3%81%AA%E3%82%81%E3%81%93%E9%9B%80%E5%A3%AB" n2="%6D%75%75%73%61%6E%6D%75" n3="%E3%83%A9%E3%83%BC%E3%83%A1%E3%83%B3%E4%BA%94%E9%83%8E" dan="16,16,17,16" rate="2074.21,2029.88,2167.54,2131.44" sx="M,M,F,M"/><TAIKYOKU oya="0"/><INIT seed="0,0,0,1,1,33" ten="250,250,250,250" oya="0" hai0="99,18,100,48,126,49,87,64,31,37,2,70,23" hai1="54,67,27,38,97,117,46,59,62,7,6,9,68" hai2="40,121,4,61,43,24,3,83,63,13,66,122,69" hai3="133,36,73,28,131,26,77,14,103,118,120,25,96"/><T50/><D37/><U128/><E117/><V34/><F13/><W56/><G118/><T78/><D126/><U19/><E128/><V76/><F63/><W71/><G71/><T113/><D113/><U134/><E134/><V84/><F24/><W111/><G36/><T102/><D70/><U65/><E97/><V119/><F34/><W95/><G131/><T8/><D64/><U57/><E67/><V86/><F119/><W91/><G111/><T89/><D78/><U93/><E93/><V109/><F109/><W53/><G120/><T106/><D102/><U41/><E59/><V115/><F115/><W80/><G133/><T127/><D127/><U45/><E45/><V74/><F121/><W0/><G0/><T75/><D75/><U90/><E90/><V35/><F35/><W32/><G14/><T16/><D31/><U123/><E123/><V22/><F22/><W85/><G28/><T92/><REACH who="0" step="1"/><D23/><REACH who="0" ten="240,250,250,250" step="2"/><N who="1" m="13823" /><E9/><V114/><F114/><W11/><G32/><T79/><D79/><U110/><E110/><V39/><F122/><W129/><G11/><T98/><D98/><U12/><E12/><V42/><REACH who="2" step="1"/><F39/><REACH who="2" ten="240,250,240,250" step="2"/><W60/><REACH who="3" step="1"/><G129/><REACH who="3" ten="240,250,240,240" step="2"/><T51/><N who="0" m="12288" /><DORA hai="132" /><T130/><D130/><U30/><E38/><V124/><F124/><W104/><AGARI ba="0,3" hai="25,26,53,56,60,73,77,80,85,91,95,96,103,104" machi="104" ten="20,12000,2" yaku="1,1,0,1,7,1,24,2,53,2" doraHai="33,132" doraHaiUra="107,94" who="3" fromWho="3" sc="240,-60,250,-30,240,-30,240,150" /><INIT seed="1,0,0,0,3,79" ten="180,220,210,390" oya="1" hai0="10,26,97,78,57,135,110,88,106,9,49,109,38" hai1="65,87,121,42,51,19,13,0,20,12,77,116,45" hai2="122,33,52,66,114,29,101,4,48,75,92,8,93" hai3="133,30,17,55,95,53,115,85,108,56,31,6,132"/><U25/><E116/><V40/><F122/><W76/><G115/><T103/><D38/><U50/><E121/><V74/><F114/><W72/><G108/><N who="0" m="41579" /><D135/><N who="3" m="51785" /><G6/><T104/><D78/><U98/><E0/><V37/><F66/><W107/><G107/><T24/><D106/><U94/><E65/><V21/><F33/><W18/><G72/><T113/><D113/><U126/><E126/><V27/><F40/><W70/><G70/><T35/><D104/><U90/><E51/><V54/><F37/><W2/><G2/><T129/><D103/><U84/><E84/><V58/><F54/><N who="3" m="20491" /><G56/><T11/><D129/><U131/><E131/><V100/><F74/><W89/><G76/><T1/><D1/><U71/><E71/><V117/><F75/><W81/><G95/><N who="2" m="36425" /><F117/><W111/><G111/><T102/><D102/><U118/><REACH who="1" step="1"/><E118/><REACH who="1" ten="180,210,210,390" step="2"/><V16/><F4/><W60/><G60/><T67/><D67/><U28/><E28/><AGARI ba="0,1" hai="17,18,28,30,31,81,85,89" m="20491,51785" machi="28" ten="30,2000,0" yaku="20,1,52,1" doraHai="79" who="3" fromWho="1" sc="180,0,210,-20,210,0,390,30" /><INIT seed="2,0,0,5,1,85" ten="180,190,210,420" oya="2" hai0="76,15,72,45,109,20,97,22,53,102,111,50,17" hai1="70,31,67,95,55,41,103,128,81,16,100,69,73" hai2="74,92,127,33,35,48,93,59,0,29,56,91,57" hai3="114,26,116,94,13,133,25,131,124,58,9,99,2"/><V23/><F0/><W66/><G116/><T135/><D135/><U12/><E128/><V88/><F74/><W105/><G105/><T5/><D5/><U39/><E31/><V90/><F127/><W79/><G2/><T115/><D115/><U126/><E126/><V104/><F104/><W122/><G122/><T43/><D43/><U37/><E55/><N who="2" m="31847" /><F35/><W108/><G108/><N who="0" m="41547" /><D76/><U101/><E95/><N who="2" m="36427" /><F33/><W98/><G124/><T46/><D72/><U71/><E67/><V61/><F61/><W75/><G66/><T28/><D28/><U63/><E63/><V96/><F96/><W106/><G99/><T6/><D6/><U1/><E41/><V134/><F134/><W4/><G106/><N who="0" m="63823" /><D46/><U107/><E107/><V89/><N who="2" m="22528" /><DORA hai="83" /><V123/><F123/><W32/><G133/><T38/><D38/><U86/><E73/><V118/><F118/><W27/><G32/><T80/><D80/><U42/><E42/><V36/><F36/><W65/><G98/><T64/><D64/><U44/><E44/><V84/><F84/><W47/><G75/><T119/><D119/><U120/><E120/><V24/><AGARI ba="0,0" hai="23,24,29,57,59" m="22528,36427,31847" machi="24" ten="50,18000,2" yaku="8,1,52,4,54,1" doraHai="85,83" who="2" fromWho="2" sc="180,-60,190,-60,210,180,420,-60" /><INIT seed="2,1,0,5,5,131" ten="120,130,390,360" oya="2" hai0="4,8,103,27,120,113,94,129,92,66,9,122,47" hai1="108,109,26,99,126,52,110,128,69,97,16,112,30" hai2="135,67,12,111,76,78,21,71,95,36,33,54,48" hai3="70,83,15,75,51,104,116,41,20,125,59,101,58"/><V65/><F33/><W107/><G116/><T105/><D105/><U18/><E112/><V2/><F2/><W60/><G125/><T0/><D113/><U35/><E128/><V117/><F117/><W115/><G115/><T80/><D129/><U102/><E126/><V118/><F36/><W23/><G70/><T82/><D66/><U127/><E127/><V96/><F118/><W134/><G75/><T37/><D27/><U106/><E97/><V88/><F111/><W38/><G83/><T57/><D57/><U114/><E114/><V3/><F3/><W124/><G38/><T123/><D9/><U81/><E52/><V86/><F71/><W90/><G90/><T24/><D24/><U32/><E32/><V49/><F49/><W7/><G124/><T50/><D37/><U91/><REACH who="1" step="1"/><E69/><REACH who="1" ten="120,120,390,360" step="2"/><V1/><F96/><N who="3" m="61479" /><G59/><T13/><D0/><U22/><E22/><V46/><F21/><W5/><G58/><T74/><D123/><U42/><E42/><V89/><F54/><W73/><G23/><T64/><D122/><U14/><E14/><V29/><F12/><W19/><G41/><N who="0" m="24943" /><D120/><U68/><E68/><V28/><F1/><W61/><G20/><T100/><D64/><U44/><E44/><V85/><F65/><W132/><G15/><T130/><D130/><U56/><E56/><V53/><F67/><W72/><G61/><T45/><D45/><U133/><E133/><V55/><F135/><W62/><G132/><T93/><D74/><U6/><E6/><V84/><F55/><W121/><G5/><T17/><D4/><U31/><E31/><RYUUKYOKU ba="1,1" sc="120,15,120,15,390,-15,360,-15" hai0="8,13,17,80,82,92,93,94,100,103" hai1="16,18,26,30,35,81,91,99,102,106,108,109,110" /><INIT seed="3,2,1,4,1,128" ten="135,135,375,345" oya="3" hai0="127,71,119,82,62,53,110,30,106,102,55,15,131" hai1="49,41,20,69,16,85,103,134,14,83,6,65,118" hai2="129,47,11,99,94,2,97,86,92,126,56,78,89" hai3="115,12,133,29,63,43,52,120,125,21,73,60,122"/><W135/><G115/><T3/><D119/><U31/><E118/><V13/><F2/><W37/><G73/><T36/><D36/><U8/><E134/><N who="3" m="51210" /><G125/><T91/><D3/><U27/><E103/><N who="2" m="60839" /><F126/><W40/><G52/><T113/><D127/><U67/><E69/><V48/><F129/><W132/><N who="3" m="51218" /><W96/><DORA hai="26" /><G96/><T84/><D131/><U109/><E109/><V35/><F35/><W50/><G37/><T114/><D110/><U54/><E41/><N who="3" m="15946" /><G50/><T0/><D55/><U39/><E6/><N who="2" m="3319" /><F47/><W51/><G51/><T45/><D45/><N who="1" m="27951" /><E39/><V46/><F46/><W105/><G105/><T90/><D106/><U18/><E18/><V38/><F38/><W9/><G21/><T1/><D114/><U72/><E72/><V17/><F48/><W104/><G29/><T64/><D30/><U121/><E121/><N who="3" m="46698" /><G104/><T98/><D113/><U59/><E59/><V111/><F111/><W34/><G34/><T19/><D98/><U66/><E66/><V58/><F17/><AGARI ba="2,1" hai="9,12,17,60,63" m="46698,15946,51218" machi="17" ten="50,12000,1" yaku="20,1,52,4" doraHai="128,26" who="3" fromWho="2" sc="135,0,135,0,375,-126,345,136" owari="135,-26.5,135,-36.5,249,4.9,481,58.1" /></mjloggm>