<mjloggm ver="2.3"><GO type="225" lobby="0"/><UN n0="%E4%BF%BA%E3%81%A8%E5%A6%96%E5%A4%A2" n1="%E6%98%93%E5%88%A9%E8%96%A9%E4%BC%AF" n2="%E6%81%A5%E6%99%92%E3%81%97" n3="%E5%A4%9C%E3%81%AE%E3%82%AC%E3%82%B9%E3%83%91%E3%83%BC%E3%83%AB" dan="17,16,16,17" rate="2212.53,2113.84,2120.54,2221.73" sx="F,F,M,M"/><TAIKYOKU oya="0"/><INIT seed="0,0,0,3,2,131" ten="250,250,250,250" oya="0" hai0="51,57,27,71,73,124,111,62,46,97,93,74,134" hai1="9,91,94,101,7,114,115,104,107,55,8,38,58" hai2="53,44,109,43,126,23,90,28,36,79,0,11,135" hai3="92,133,75,125,22,33,72,14,15,18,19,10,78"/><T113/><D113/><N who="1" m="43019" /><E38/><V41/><F109/><W105/><G105/><N who="1" m="40522" /><E101/><V95/><F126/><W1/><G33/><T128/><D71/><U30/><E30/><V100/><F79/><W106/><G106/><T42/><D128/><U32/><E7/><V52/><F43/><W117/><G117/><T31/><D124/><U119/><E32/><V45/><F45/><W39/><G125/><T24/><D111/><U63/><E119/><V122/><F122/><W96/><G39/><T3/><D3/><U4/><E4/><V26/><F100/><W49/><G78/><T54/><D27/><U118/><E118/><V64/><F64/><W35/><G35/><T69/><D69/><U123/><E123/><V130/><F130/><W121/><G121/><T56/><D56/><U86/><AGARI ba="0,0" hai="8,9,55,58,63,86,91,94" m="40522,43019" machi="86" ten="30,1100,0" yaku="11,1" doraHai="131" who="1" fromWho="1" sc="250,-5,250,11,250,-3,250,-3" /><INIT seed="1,0,0,2,5,18" ten="245,261,247,247" oya="1" hai0="74,21,16,49,129,30,104,115,19,40,14,31,23" hai1="114,92,20,131,88,13,132,101,43,58,125,82,117" hai2="93,59,127,99,123,133,55,66,22,28,60,96,46" hai3="130,89,15,8,71,64,98,25,95,70,11,1,12"/><U121/><E114/><V5/><F127/><W120/><G120/><T118/><D115/><U78/><E121/><V34/><F34/><W61/><G130/><T50/><D74/><U80/><E117/><V2/><F133/><W29/><G1/><T102/><D118/><U37/><E101/><V32/><F32/><W9/><REACH who="3" step="1"/><G71/><REACH who="3" ten="245,261,247,237" step="2"/><T51/><D129/><U6/><E131/><V94/><F123/><W77/><G77/><T38/><D104/><U0/><E0/><V112/><F112/><W113/><G113/><T44/><REACH who="0" step="1"/><D102/><REACH who="0" ten="235,261,247,237" step="2"/><U10/><E132/><V90/><F2/><W7/><G7/><T3/><D3/><U111/><E6/><V103/><F5/><W135/><G135/><T69/><D69/><U75/><E125/><V33/><F103/><W73/><G73/><T27/><AGARI ba="0,2" hai="14,16,19,21,23,27,30,31,38,40,44,49,50,51" machi="27" ten="30,8000,1" yaku="1,1,0,1,52,2,54,1,53,0" doraHai="18" doraHaiUra="109" who="0" fromWho="0" sc="235,100,261,-40,247,-20,237,-20" /><INIT seed="2,0,0,0,1,35" ten="335,221,227,217" oya="2" hai0="25,54,109,3,131,94,113,38,53,119,91,121,42" hai1="71,40,132,86,114,107,10,58,61,57,26,44,115" hai2="110,63,66,103,16,37,76,41,11,43,84,49,117" hai3="14,73,48,45,129,135,81,6,5,68,125,72,52"/><V133/><F117/><W32/><G68/><T104/><D121/><U130/><E107/><V50/><F133/><W17/><G32/><T39/><D113/><U27/><E71/><V0/><F0/><W46/><G135/><T55/><D104/><U126/><E132/><V47/><F103/><W8/><G125/><T2/><D119/><U36/><E130/><V18/><F110/><W111/><G129/><T9/><D131/><U31/><E126/><V89/><F76/><W105/><G105/><T134/><D134/><U116/><E116/><V64/><F64/><W77/><G111/><T60/><D60/><U19/><E58/><V15/><F18/><W128/><G128/><T51/><D109/><U74/><E74/><V12/><F12/><W123/><G123/><T28/><D9/><U120/><E120/><V88/><F43/><W100/><G100/><T20/><D51/><U108/><E108/><V62/><F89/><W79/><G46/><T7/><D7/><U90/><E10/><V97/><F97/><W67/><G67/><T122/><D122/><U87/><E87/><V95/><F63/><W21/><G8/><T85/><REACH who="0" step="1"/><D42/><REACH who="0" ten="325,221,227,217" step="2"/><U70/><E114/><V13/><F37/><AGARI ba="0,1" hai="2,3,20,25,28,37,38,39,53,54,55,85,91,94" machi="37" ten="40,8000,1" yaku="1,1,2,1,52,2,53,0" doraHai="35" doraHaiUra="96" who="0" fromWho="2" sc="325,90,221,0,227,-80,217,0" /><INIT seed="3,0,0,5,3,109" ten="415,221,147,217" oya="3" hai0="47,48,106,116,6,132,7,96,79,0,84,63,126" hai1="83,17,115,98,130,82,11,111,34,50,19,57,74" hai2="105,69,75,51,78,44,129,76,56,102,108,66,104" hai3="103,62,54,46,95,9,85,101,10,35,81,61,27"/><W128/><G128/><T131/><D131/><U12/><E34/><V23/><F108/><W13/><G35/><T55/><D116/><U120/><E111/><V37/><F129/><W121/><G121/><T32/><D32/><U99/><E115/><V18/><F75/><W64/><G27/><T107/><D132/><U2/><E2/><V72/><F72/><W53/><G10/><T73/><D73/><U134/><E74/><V1/><F1/><W15/><G15/><T43/><D126/><U135/><E120/><V67/><F67/><W65/><G65/><T92/><D107/><U14/><E130/><V93/><F104/><W36/><G36/><T119/><D106/><U8/><E50/><V127/><F127/><W94/><G94/><T30/><D30/><U89/><E57/><V21/><F105/><W125/><G125/><T71/><D71/><U22/><E22/><V77/><F69/><W3/><G3/><T45/><D119/><U38/><E89/><V31/><F37/><AGARI ba="0,0" hai="8,11,12,14,17,19,37,38,82,83,98,99,134,135" machi="37" ten="25,1600,0" yaku="22,2" doraHai="109" who="1" fromWho="2" sc="415,0,221,16,147,-16,217,0" owari="415,51.5,237,3.7,131,-36.9,217,-18.3" /></mjloggm>