<mjloggm ver="2.3"><GO type="225" lobby="0"/><UN n0="%E3%81%A1%E3%82%85%E3%81%86%E3%81%A9%E3%81%8F%E8%B1%A1%E3%81%95%E3%82%93" n1="%E9%80%86%E9%80%A3%E5%B8%AF%E3%81%AE%E9%AC%BC" n2="%E6%A1%9C%E8%8A%B1%E9%96%83%E3%80%85" n3="%53%63%61%6E%64%61%6C" dan="17,16,18,16" rate="2203.27,2101.51,2231.17,2080.60" sx="M,M,M,M"/><TAIKYOKU oya="0"/><INIT seed="0,0,0,0,1,91" ten="250,250,250,250" oya="0" hai0="53,135,44,108,77,79,71,30,76,26,59,80,130" hai1="12,73,37,8,67,125,0,122,49,10,6,5,21" hai2="25,64,97,15,55,128,118,88,50,85,22,84,58" hai3="116,20,104,113,40,68,95,133,39,69,134,19,66"/><T43/><D71/><U27/><E122/><V94/><F128/><W18/><G104/><T101/><D130/><U17/><E37/><V82/><F118/><W132/><G116/><T129/><D129/><U107/><E107/><V42/><F42/><W62/><G113/><T81/><D101/><U103/><E73/><V105/><F105/><W102/><G69/><T51/><D135/><U121/><E121/><V100/><F64/><W65/><G65/><T57/><D108/><U61/><E125/><V4/><F85/><W47/><REACH who="3" step="1"/><G20/><REACH who="3" ten="250,250,250,240" step="2"/><T34/><REACH who="0" step="1"/><D59/><REACH who="0" ten="240,250,250,240" step="2"/><U1/><E103/><V89/><F100/><W131/><G131/><T115/><D115/><U9/><E67/><V24/><REACH who="2" step="1"/><F22/><REACH who="2" ten="240,250,240,240" step="2"/><W7/><G7/><T23/><D23/><U92/><E21/><V98/><F98/><AGARI ba="0,3" hai="18,19,39,40,47,62,66,68,95,98,102,132,133,134" machi="98" ten="40,5200,0" yaku="1,1,20,1,52,1,53,0" doraHai="91" doraHaiUra="11" who="3" fromWho="2" sc="240,0,250,0,240,-52,240,82" /><INIT seed="1,0,0,2,4,6" ten="240,250,188,322" oya="1" hai0="84,134,108,31,48,39,81,111,44,58,54,123,80" hai1="7,94,103,21,131,129,87,107,113,55,29,97,124" hai2="109,66,61,32,99,100,5,46,73,35,132,24,104" hai3="40,71,69,30,85,75,49,33,62,25,56,3,88"/><U95/><E113/><V125/><F109/><N who="0" m="42058" /><D123/><U98/><E124/><V63/><F125/><W82/><G3/><T36/><D134/><U53/><E7/><V26/><F132/><W135/><G135/><T114/><D114/><U130/><E87/><V78/><F46/><W57/><G75/><T13/><D31/><U77/><E77/><V28/><F5/><W64/><REACH who="3" step="1"/><G40/><REACH who="3" ten="240,250,188,312" step="2"/><T11/><D44/><U14/><E107/><V22/><F73/><W42/><G42/><T16/><D81/><U128/><E128/><V105/><F105/><W65/><G65/><T118/><D118/><U89/><REACH who="1" step="1"/><E14/><REACH who="1" ten="240,240,188,312" step="2"/><V37/><F78/><AGARI ba="0,2" hai="11,13,16,36,39,48,54,58,78,80,84" m="42058" machi="78" ten="30,3900,0" yaku="14,1,52,1,54,1" doraHai="6" who="0" fromWho="2" sc="240,59,240,0,188,-39,312,0" /><INIT seed="2,0,0,5,2,57" ten="299,240,149,312" oya="2" hai0="124,99,0,93,73,41,88,50,19,118,77,67,115" hai1="34,128,60,1,31,126,10,24,112,86,109,80,96" hai2="18,11,125,129,79,46,130,29,111,63,36,105,49" hai3="32,44,65,78,95,38,107,119,48,108,42,114,98"/><V90/><F105/><W27/><G119/><T51/><D115/><U121/><E128/><N who="2" m="49259" /><F36/><W104/><G108/><T9/><D67/><U122/><E109/><V81/><F111/><W47/><G114/><T89/><D41/><U7/><E126/><V15/><F125/><W59/><G78/><T69/><D69/><U70/><E96/><V39/><F39/><W23/><G32/><T55/><D77/><U101/><E101/><V61/><F90/><W75/><G75/><T102/><D73/><U100/><E100/><V8/><F8/><W83/><G83/><T45/><D118/><U54/><E112/><V133/><F133/><W64/><G107/><T16/><D124/><U56/><REACH who="1" step="1"/><E70/><REACH who="1" ten="299,230,149,312" step="2"/><V74/><F29/><W113/><G113/><T84/><D102/><U40/><E40/><AGARI ba="0,1" hai="11,15,18,40,46,49,61,63,74,79,81" m="49259" machi="40" ten="30,5800,0" yaku="19,1,52,2" doraHai="57" who="2" fromWho="1" sc="299,0,230,-58,149,68,312,0" /><INIT seed="2,1,0,1,4,127" ten="299,172,217,312" oya="2" hai0="112,58,131,39,45,93,119,29,31,3,107,53,123" hai1="78,18,9,26,38,91,55,81,51,8,116,114,62" hai2="19,134,72,63,36,16,46,95,48,88,47,110,128" hai3="120,28,43,41,113,117,135,57,122,49,77,71,84"/><V30/><F72/><W59/><G71/><T5/><D107/><U69/><E116/><V4/><F134/><W0/><G0/><T124/><D112/><U12/><E38/><V64/><F4/><W65/><G135/><T80/><D123/><U27/><E114/><V11/><F128/><W99/><G99/><T121/><D121/><U85/><E69/><V50/><F36/><W115/><G84/><T70/><D70/><U129/><E62/><V32/><F110/><W106/><G77/><T104/><D104/><U130/><E8/><V109/><F30/><W54/><G106/><T89/><D80/><U17/><E78/><V2/><F32/><W42/><G28/><T92/><D119/><U94/><E94/><V79/><F79/><W96/><G96/><T34/><D93/><U73/><E73/><V6/><F48/><W15/><G15/><T35/><D31/><U87/><E87/><V61/><F46/><W75/><G75/><T1/><D29/><U101/><E101/><V22/><F109/><W83/><G83/><T40/><D34/><U118/><E118/><V111/><F111/><W25/><G25/><T56/><D35/><U67/><E67/><V60/><F22/><W66/><G117/><T98/><D124/><U10/><E10/><V82/><F82/><W33/><G33/><T44/><D5/><U14/><E14/><V90/><F64/><N who="3" m="24683" /><G59/><N who="0" m="22571" /><D131/><N who="1" m="50187" /><E18/><N who="2" m="6699" /><F95/><W24/><G24/><T23/><D23/><U68/><E68/><V100/><F100/><W76/><G76/><T103/><D103/><U105/><E105/><V21/><F21/><W74/><G74/><RYUUKYOKU ba="1,0" sc="299,0,172,0,217,0,312,0" hai0="1,3,39,40,44,45,53,89,92,98" hai1="9,12,17,26,27,51,55,81,85,91" hai2="2,6,11,47,50,60,61,63,88,90" hai3="41,42,43,49,54,57,113,115,120,122" /><INIT seed="2,2,0,2,0,9" ten="299,172,217,312" oya="2" hai0="21,38,29,33,39,14,7,23,64,4,48,135,40" hai1="88,1,57,10,69,49,110,13,28,125,123,121,73" hai2="103,51,30,59,83,96,15,76,0,2,107,56,71" hai3="46,37,128,80,118,5,92,66,22,34,44,17,116"/><V26/><F71/><W122/><G122/><T31/><D64/><U133/><E69/><V43/><F59/><W61/><G128/><T35/><D48/><U52/><E133/><V77/><F77/><W41/><G34/><T47/><D135/><U111/><E125/><V86/><F15/><W84/><G5/><T19/><D39/><U93/><E73/><V74/><F74/><W60/><G92/><T27/><D21/><U94/><E28/><V68/><F68/><W70/><G46/><T129/><D129/><U36/><E94/><V120/><F120/><N who="1" m="46153" /><E36/><V12/><F12/><W124/><G61/><T58/><D58/><U102/><E102/><V91/><F76/><W85/><G124/><T127/><D127/><U53/><E53/><V119/><F119/><W72/><G72/><T114/><D114/><U45/><E57/><V106/><F106/><W108/><G108/><T81/><D81/><U20/><E20/><V78/><F56/><W8/><G8/><T65/><D65/><U90/><E1/><V97/><F43/><W95/><G95/><T18/><D18/><N who="1" m="8503" /><E90/><V82/><F51/><W63/><G63/><T99/><D99/><AGARI ba="2,0" hai="45,49,52,88,93,99,110,111" m="8503,46153" machi="99" ten="30,7700,0" yaku="13,1,52,1,54,2" doraHai="9" who="1" fromWho="0" sc="299,-83,172,83,217,0,312,0" /><INIT seed="3,0,0,0,1,116" ten="216,255,217,312" oya="3" hai0="81,96,5,82,32,109,31,84,55,108,74,11,66" hai1="75,86,8,38,77,110,90,64,115,7,48,26,79" hai2="18,101,87,107,128,50,92,51,91,103,119,59,24" hai3="46,114,9,49,15,4,121,19,73,28,29,80,23"/><W78/><G114/><T100/><D66/><U105/><E38/><V113/><F119/><W30/><G121/><T126/><D126/><U131/><E110/><N who="0" m="42601" /><D74/><U67/><E131/><V44/><F113/><W21/><REACH who="3" step="1"/><G4/><REACH who="3" ten="216,255,217,302" step="2"/><T63/><D63/><U124/><E7/><V10/><F128/><W56/><G56/><T37/><D37/><U123/><E115/><V129/><F129/><W88/><G88/><N who="0" m="51215" /><D55/><AGARI ba="0,1" hai="9,15,19,21,23,28,29,30,46,49,55,73,78,80" machi="55" ten="40,2000,0" yaku="1,1,53,0" doraHai="116" doraHaiUra="135" who="3" fromWho="0" sc="216,-20,255,0,217,0,302,30" owari="196,-30.4,255,5.5,217,-18.3,332,43.2" /></mjloggm>