<mjloggm ver="2.3"><GO type="225" lobby="0"/><UN n0="%6D%61%74%69%67%75%73%61" n1="%77%72%77%72%77%72%77%72" n2="%E3%81%BF%E3%81%BF%E3%81%9A" n3="%E3%81%B5%E3%81%98%E3%81%8B%E3%81%A4" dan="17,17,16,16" rate="2220.15,2235.21,2240.21,2172.45" sx="M,M,M,M"/><TAIKYOKU oya="0"/><INIT seed="0,0,0,2,5,108" ten="250,250,250,250" oya="0" hai0="1,22,62,102,49,67,52,3,24,95,61,7,2" hai1="131,113,83,57,51,93,66,119,63,23,85,11,41" hai2="71,77,99,60,115,126,43,110,127,30,28,19,27" hai3="133,48,32,64,0,135,91,122,125,21,112,20,89"/><T38/><D38/><U59/><E119/><V17/><F110/><W114/><G32/><T8/><D102/><U56/><E131/><V130/><F130/><W70/><G0/><T128/><D95/><U78/><E113/><N who="3" m="43626" /><G48/><T96/><D96/><U79/><E79/><V15/><F115/><W26/><G70/><T4/><D128/><U40/><E93/><V97/><F77/><W134/><G64/><T118/><D118/><U55/><E23/><N who="3" m="8778" /><G125/><T29/><D4/><U54/><REACH who="1" step="1"/><E11/><REACH who="1" ten="250,240,250,250" step="2"/><V12/><F127/><W50/><G122/><T42/><D8/><U129/><E129/><V80/><F126/><W94/><G94/><T132/><D22/><U39/><E39/><V46/><F30/><W18/><G26/><T73/><D24/><U37/><E37/><V90/><F27/><W72/><G72/><T44/><D73/><U88/><E88/><N who="3" m="33866" /><G50/><AGARI ba="0,1" hai="40,41,50,51,54,55,56,57,59,63,66,78,83,85" machi="50" ten="30,12000,2" yaku="1,1,7,1,9,1,8,1,53,3" doraHai="108" doraHaiUra="53" who="1" fromWho="3" sc="250,0,240,130,250,0,250,-120" /><INIT seed="1,0,0,1,5,63" ten="250,370,250,130" oya="1" hai0="49,109,81,8,5,60,83,11,68,57,130,45,25" hai1="30,29,92,100,121,20,85,65,16,71,44,88,28" hai2="41,107,117,112,33,77,94,56,10,18,3,62,116" hai3="36,86,99,34,32,52,48,9,37,53,125,129,128"/><U55/><E121/><V87/><F107/><W43/><G99/><T46/><D68/><U42/><E100/><V21/><F33/><W39/><G86/><T120/><D109/><U96/><E96/><V72/><F72/><W89/><G125/><T74/><D130/><N who="3" m="50281" /><G9/><T123/><D25/><U64/><E71/><V126/><F126/><W73/><G73/><T75/><D60/><U118/><E118/><V104/><F104/><W134/><G134/><T17/><D57/><U61/><E61/><V127/><F127/><W101/><G101/><T2/><D49/><N who="1" m="29095" /><E42/><V0/><F41/><W1/><G1/><T22/><D2/><U12/><AGARI ba="0,0" hai="12,16,20,28,29,30,64,65,85,88,92" m="29095" machi="12" ten="30,12000,1" yaku="8,1,52,2,54,2" doraHai="63" who="1" fromWho="1" sc="250,-40,370,120,250,-40,130,-40" /><INIT seed="1,1,0,2,5,93" ten="210,490,210,90" oya="1" hai0="134,68,79,70,19,25,58,133,50,2,55,120,9" hai1="101,21,127,102,35,3,110,114,106,129,107,90,132" hai2="47,109,86,128,121,46,16,17,81,112,89,39,51" hai3="13,22,69,87,59,34,24,27,32,73,31,41,23"/><U43/><E35/><V91/><F121/><W62/><G69/><T7/><D79/><U72/><E3/><V26/><F109/><W130/><G73/><T124/><D124/><U14/><E114/><V88/><F112/><W18/><G130/><T117/><D117/><U28/><E127/><V36/><F128/><W75/><G75/><T104/><D104/><U49/><E129/><V92/><F26/><W61/><G41/><T94/><D120/><U37/><E37/><V82/><F39/><W118/><G118/><T103/><D19/><N who="2" m="7242" /><F36/><W29/><G87/><T123/><D25/><U45/><E72/><V108/><F108/><W78/><G78/><T42/><D42/><U131/><E110/><V57/><F81/><W38/><G38/><T83/><D83/><U33/><E33/><V135/><F135/><N who="0" m="51722" /><D123/><U4/><E107/><V66/><F91/><W1/><G1/><T105/><D105/><U0/><E106/><V116/><F116/><W63/><REACH who="3" step="1"/><G34/><REACH who="3" ten="210,490,210,80" step="2"/><T54/><D68/><U71/><E0/><V12/><F86/><W126/><G126/><T8/><D70/><U67/><E71/><V53/><F82/><W44/><G44/><T98/><D2/><U74/><E74/><V80/><F80/><W99/><G99/><T113/><D113/><U95/><E131/><V48/><F47/><W56/><AGARI ba="1,1" hai="13,18,22,23,24,27,29,31,32,56,59,61,62,63" machi="56" ten="30,2000,0" yaku="1,1,0,1,53,0" doraHai="93" doraHaiUra="64" who="3" fromWho="3" sc="210,-6,490,-11,210,-6,80,33" /><INIT seed="2,0,0,5,3,39" ten="204,479,204,113" oya="2" hai0="79,41,122,66,123,133,117,62,48,94,46,58,53" hai1="12,59,112,76,81,84,30,32,44,108,92,25,64" hai2="33,36,29,38,113,127,83,49,126,57,28,107,115" hai3="118,134,105,102,80,101,111,88,54,120,132,121,15"/><V106/><F49/><W23/><G54/><T22/><D133/><N who="3" m="51305" /><G23/><T91/><D117/><U56/><E112/><V10/><F83/><W63/><G15/><T74/><D79/><U7/><E108/><V40/><F10/><W51/><G51/><T55/><D74/><U9/><E64/><V116/><F116/><W13/><G13/><T109/><D109/><U68/><E68/><V114/><F57/><W72/><G63/><T67/><D22/><U50/><E92/><V119/><F119/><W26/><G26/><T0/><D0/><U75/><E75/><V6/><F6/><W1/><G1/><T27/><D27/><U131/><E131/><V104/><F33/><W45/><G45/><T17/><D17/><U97/><E97/><V16/><F16/><W98/><G118/><T86/><D53/><AGARI ba="0,0" hai="7,9,12,25,30,32,44,50,53,56,59,76,81,84" machi="53" ten="30,1000,0" yaku="7,1" doraHai="39" who="1" fromWho="0" sc="204,-10,479,10,204,0,113,0" /><INIT seed="3,0,0,4,4,103" ten="194,489,204,113" oya="3" hai0="118,128,47,107,18,123,34,0,81,27,36,68,133" hai1="86,132,129,22,127,62,77,9,37,79,89,25,134" hai2="12,104,105,60,122,15,92,109,50,119,99,87,74" hai3="48,96,16,72,95,63,108,59,29,39,130,113,120"/><W14/><G113/><T3/><RYUUKYOKU type="yao9" ba="0,0" sc="194,0,489,0,204,0,113,0" hai0="0,3,18,27,34,36,47,68,81,107,118,123,128,133" /><INIT seed="3,1,0,1,4,129" ten="194,489,204,113" oya="3" hai0="95,48,122,69,44,24,103,119,117,33,1,64,84" hai1="73,40,87,20,79,6,74,49,3,51,14,72,30" hai2="66,4,53,0,128,126,35,98,80,62,60,105,92" hai3="46,26,71,23,50,47,90,89,39,43,102,65,75"/><W21/><G75/><T5/><D122/><U57/><E3/><V91/><F128/><W22/><G102/><T97/><D1/><U15/><E51/><V54/><F35/><W111/><G111/><T101/><D5/><U109/><E109/><V31/><F31/><W85/><G71/><T118/><D101/><U56/><E30/><V10/><F126/><W88/><G65/><T9/><D9/><N who="1" m="4407" /><E15/><V82/><F105/><W19/><REACH who="3" step="1"/><G85/><REACH who="3" ten="194,489,204,103" step="2"/><T135/><D84/><U108/><E87/><V67/><F67/><W96/><G96/><T120/><D64/><U133/><E73/><V18/><F66/><W107/><G107/><T124/><D69/><U93/><E72/><V58/><F18/><W37/><G37/><T116/><D116/><U114/><E74/><V52/><F54/><AGARI ba="1,1" hai="19,21,22,23,26,39,43,46,47,50,54,88,89,90" machi="54" ten="40,3900,0" yaku="1,1,54,1,53,0" doraHai="129" doraHaiUra="127" who="3" fromWho="2" sc="194,0,489,0,204,-42,103,52" /><INIT seed="3,2,0,0,2,86" ten="194,489,162,155" oya="3" hai0="116,1,12,121,89,127,96,76,50,39,54,117,78" hai1="111,104,115,66,103,120,37,60,125,11,16,40,41" hai2="29,105,32,106,7,27,8,95,133,129,5,101,23" hai3="59,109,46,58,112,71,10,20,4,73,6,128,0"/><W52/><G112/><T102/><D1/><U45/><E115/><V100/><F129/><W98/><G71/><T36/><D121/><U119/><E120/><V19/><F133/><W33/><G33/><T90/><D12/><U91/><E111/><V18/><F5/><W51/><G109/><T2/><D2/><U108/><E125/><V31/><F19/><W88/><G128/><T38/><D127/><U43/><E119/><V25/><F18/><W21/><G73/><T107/><D78/><U77/><E77/><V84/><F101/><W48/><G6/><T62/><D76/><U3/><E3/><V85/><F85/><W47/><G47/><T55/><D62/><U74/><E74/><V63/><F63/><W61/><G51/><T14/><D14/><U93/><E103/><V134/><F134/><W22/><REACH who="3" step="1"/><G61/><REACH who="3" ten="194,489,162,145" step="2"/><T110/><D110/><U126/><E45/><V30/><F30/><W9/><G9/><T87/><D50/><U122/><E11/><V72/><F72/><W131/><G131/><T123/><D123/><U80/><E122/><V130/><F130/><W92/><AGARI ba="2,1" hai="0,4,10,20,21,22,46,48,52,58,59,88,92,98" machi="92" ten="30,12000,1" yaku="1,1,0,1,52,1,54,2,53,0" doraHai="86" doraHaiUra="82" who="3" fromWho="3" sc="194,-42,489,-42,162,-42,145,136" /><INIT seed="3,3,0,2,2,120" ten="152,447,120,281" oya="3" hai0="42,5,9,29,110,134,6,71,27,49,65,58,67" hai1="51,82,115,81,112,21,19,18,86,20,33,50,73" hai2="87,36,109,64,126,0,98,70,121,80,54,25,79" hai3="128,74,129,97,101,132,4,60,8,113,89,24,22"/><W78/><G113/><T83/><D71/><U12/><E33/><V99/><F121/><W76/><G60/><T63/><D134/><U77/><E112/><V127/><F0/><W15/><G132/><T108/><D67/><U66/><E66/><V119/><F119/><W84/><G74/><T34/><D83/><U92/><E92/><V43/><F54/><W72/><G72/><T94/><D94/><U106/><E106/><V135/><F135/><W57/><G57/><T11/><D49/><U62/><E62/><N who="2" m="40215" /><F25/><W107/><G129/><T75/><D42/><U111/><E111/><N who="0" m="42537" /><D75/><U102/><E102/><V105/><F109/><W16/><G128/><T32/><D34/><U130/><E130/><V1/><F1/><W95/><AGARI ba="3,0" hai="4,8,15,16,22,24,76,78,84,89,95,97,101,107" machi="95" ten="20,3900,0" yaku="0,1,7,1,54,1" doraHai="120" who="3" fromWho="3" sc="152,-16,447,-16,120,-16,281,48" /><INIT seed="3,4,0,4,2,39" ten="136,431,104,329" oya="3" hai0="118,100,116,113,8,69,135,87,117,59,103,134,90" hai1="25,98,58,111,86,68,66,53,52,13,3,73,22" hai2="114,55,28,29,11,70,64,15,123,18,49,56,63" hai3="127,125,78,115,47,65,122,107,129,24,126,112,110"/><W108/><G107/><T83/><D69/><U81/><E3/><V21/><F114/><N who="3" m="43563" /><G122/><T60/><D113/><U89/><E73/><V20/><F123/><W121/><G121/><T85/><D8/><U82/><E68/><V42/><F21/><W119/><G78/><N who="0" m="46327" /><D59/><U12/><E81/><V61/><REACH who="2" step="1"/><F11/><REACH who="2" ten="136,431,94,329" step="2"/><W35/><G119/><T34/><D34/><U99/><E22/><V84/><F84/><W5/><G129/><T23/><D23/><U17/><E12/><V93/><F93/><W71/><G5/><T97/><D60/><U80/><E89/><V128/><F128/><W19/><G47/><AGARI ba="4,1" hai="15,18,20,28,29,42,47,49,55,56,61,63,64,70" machi="47" ten="40,5200,0" yaku="1,1,52,1,53,1" doraHai="39" doraHaiUra="16" who="2" fromWho="3" sc="136,0,431,0,94,74,329,-64" owari="136,-36.4,431,53.1,168,-23.2,265,6.5" /></mjloggm>