<mjloggm ver="2.3"><GO type="225" lobby="0"/><UN n0="%4E%49%4A%49%49%52%4F" n1="%E3%81%9F%E3%81%A3%E3%81%A1%E3%82%87" n2="%E3%81%82%E3%82%93%E3%81%AA%E3%81%A4" n3="%E3%83%AD%E3%83%83%E3%83%86%E9%9B%80%E7%90%83" dan="16,16,16,17" rate="2160.04,2045.68,2151.15,2271.86" sx="M,M,M,M"/><TAIKYOKU oya="0"/><INIT seed="0,0,0,0,2,95" ten="250,250,250,250" oya="0" hai0="104,29,60,85,73,40,72,92,74,108,23,99,36" hai1="100,120,50,24,44,67,133,30,14,61,110,8,96" hai2="84,80,111,49,78,20,57,58,127,103,28,121,48" hai3="113,135,122,17,97,22,51,38,13,41,70,52,26"/><T91/><D108/><U88/><E120/><V1/><F121/><W134/><G113/><T59/><D40/><U117/><E110/><V129/><F1/><W64/><G122/><T76/><D36/><U62/><E117/><V86/><F111/><W35/><G38/><T116/><D116/><U66/><E133/><N who="3" m="50698" /><G41/><T124/><D124/><U2/><E2/><V94/><F129/><W115/><G115/><T54/><D29/><U18/><E67/><V65/><F127/><W89/><G64/><T37/><D37/><U102/><E88/><N who="2" m="53511" /><F103/><W71/><G89/><T63/><D23/><U75/><E75/><V10/><F10/><N who="3" m="6327" /><G97/><T87/><D87/><U55/><E66/><V106/><F106/><W123/><G35/><T132/><D132/><U25/><E102/><V7/><F7/><W119/><G119/><T98/><D98/><U46/><E96/><V69/><F69/><W125/><G125/><T16/><D16/><U101/><E100/><V11/><F11/><W128/><G128/><T3/><D3/><U31/><E101/><V33/><F33/><W118/><G118/><T112/><D112/><U4/><E8/><V39/><F39/><W79/><G79/><T83/><REACH who="0" step="1"/><D104/><REACH who="0" ten="240,250,250,250" step="2"/><U126/><E126/><V107/><F107/><W53/><G123/><T43/><D43/><U45/><E18/><V15/><F28/><W68/><G22/><T77/><D77/><U9/><E30/><V81/><F78/><W6/><G6/><T34/><D34/><N who="1" m="20839" /><E25/><V27/><F27/><W105/><G105/><T0/><D0/><U12/><E12/><V32/><F15/><RYUUKYOKU ba="0,1" sc="240,15,250,15,250,-15,250,-15" hai0="54,59,60,63,72,73,74,76,83,85,91,92,99" hai1="4,9,14,44,45,46,50,55,61,62" /><INIT seed="0,1,1,2,2,52" ten="255,265,235,235" oya="0" hai0="67,71,134,98,114,133,60,80,40,17,65,35,69" hai1="79,85,5,34,58,108,29,105,31,57,6,49,28" hai2="10,20,42,86,48,116,91,27,8,90,46,81,102" hai3="74,132,94,44,45,99,15,4,95,101,13,97,126"/><T106/><D114/><U107/><E108/><V55/><F116/><W66/><G126/><T16/><D35/><U0/><E34/><V129/><F129/><W119/><G132/><N who="0" m="50795" /><D40/><U82/><E49/><V135/><F135/><W78/><G119/><T70/><D80/><U96/><E0/><V93/><F102/><W32/><G32/><T18/><D60/><U125/><E125/><V33/><F33/><W63/><G78/><T112/><D112/><U89/><E105/><V36/><F36/><W68/><G74/><T54/><D54/><U1/><E1/><V59/><F91/><W72/><G72/><T2/><D2/><U24/><E24/><V53/><F81/><W30/><G30/><T115/><D115/><U121/><E121/><V88/><F90/><W109/><G109/><T76/><D76/><U37/><E37/><V103/><F103/><AGARI ba="1,1" hai="16,17,18,65,67,69,70,71,98,103,106" m="50795" machi="103" ten="40,3900,0" yaku="20,1,54,1" doraHai="52" who="0" fromWho="2" sc="255,52,265,0,235,-42,235,0" /><INIT seed="0,2,0,3,1,76" ten="307,265,193,235" oya="0" hai0="54,85,95,44,127,16,118,40,55,86,14,90,67" hai1="113,97,32,125,12,119,124,114,116,8,131,92,5" hai2="28,17,132,107,112,0,103,52,89,23,121,59,111" hai3="73,71,21,50,102,3,81,65,75,7,84,72,99"/><T11/><D118/><N who="1" m="45099" /><E32/><V22/><F121/><W41/><G65/><T82/><D127/><N who="1" m="48715" /><E92/><V31/><F112/><N who="1" m="43113" /><E97/><V24/><F111/><W38/><G71/><T68/><D67/><U78/><E78/><V133/><F133/><W115/><G38/><T47/><D68/><U60/><E60/><V110/><F132/><W58/><G115/><T80/><D95/><U108/><E108/><V61/><F110/><W109/><G109/><T69/><D69/><U4/><E131/><V96/><F89/><W66/><G66/><T100/><D100/><U30/><E30/><V70/><F70/><W83/><G84/><T10/><D10/><U64/><E64/><V88/><F88/><W77/><G77/><N who="0" m="46223" /><D40/><U57/><E57/><V18/><REACH who="2" step="1"/><F0/><REACH who="2" ten="307,265,183,235" step="2"/><W122/><G3/><T2/><D2/><U49/><E49/><V51/><F51/><W35/><G50/><T19/><D19/><AGARI ba="2,1" hai="4,5,8,12,19" m="43113,48715,45099" machi="19" ten="40,8000,1" yaku="18,1,11,1,34,2" doraHai="76" who="1" fromWho="0" sc="307,-86,265,96,183,0,235,0" /><INIT seed="1,0,0,5,4,83" ten="221,361,183,235" oya="1" hai0="34,26,32,14,24,59,73,102,88,57,128,68,0" hai1="31,135,117,70,39,48,79,77,86,28,91,8,85" hai2="115,50,5,75,62,6,33,94,74,76,110,116,52" hai3="56,131,21,41,45,4,49,130,17,29,37,19,44"/><U132/><E117/><V120/><F116/><W119/><G119/><T60/><D73/><U122/><E39/><V38/><F120/><W15/><G56/><T134/><D0/><U16/><E122/><V23/><F38/><W10/><G29/><N who="1" m="11338" /><E70/><V114/><F33/><W126/><G126/><T129/><D134/><N who="1" m="51243" /><E48/><V127/><F127/><W35/><G35/><T121/><D102/><U54/><E54/><V84/><F110/><W111/><G111/><T125/><D125/><U109/><E109/><V46/><F62/><W51/><G19/><T63/><D14/><N who="1" m="7239" /><E85/><V71/><F71/><W1/><REACH who="3" step="1"/><G37/><REACH who="3" ten="221,361,183,225" step="2"/><T124/><D124/><U69/><E69/><V97/><F114/><W66/><G66/><T87/><D68/><U22/><E22/><V107/><F115/><W9/><G9/><T89/><D121/><U105/><E105/><V61/><F23/><W133/><G133/><T96/><D96/><U81/><AGARI ba="0,1" hai="77,79,81,86,91" m="7239,51243,11338" machi="81" ten="30,6000,0" yaku="20,1,52,1,54,1" doraHai="83" who="1" fromWho="1" sc="221,-20,361,70,183,-20,225,-20" /><INIT seed="1,1,0,2,0,26" ten="201,431,163,205" oya="1" hai0="78,104,88,16,118,119,85,9,23,115,90,96,17" hai1="126,56,31,67,1,106,129,63,135,113,72,52,73" hai2="100,59,11,3,0,6,127,22,37,117,12,124,81" hai3="107,131,98,92,45,128,25,125,105,109,34,95,80"/><U64/><E113/><V101/><F37/><W91/><G109/><T99/><D115/><U110/><E106/><V21/><F81/><W57/><G125/><N who="2" m="48201" /><F59/><W48/><G57/><T116/><D9/><U54/><E1/><N who="2" m="587" /><F101/><N who="3" m="60639" /><G25/><T40/><D40/><U123/><E54/><V42/><F100/><W55/><G34/><T69/><D69/><U122/><E52/><V61/><F61/><W76/><G91/><T27/><D78/><U103/><E63/><V60/><F60/><W94/><G94/><T32/><D32/><U65/><E64/><V51/><F117/><W50/><G50/><T43/><D43/><U35/><E65/><V62/><F62/><W93/><G93/><T58/><D58/><U114/><E67/><V36/><F36/><W7/><G7/><T28/><D90/><U84/><E103/><V30/><F51/><W8/><G8/><T133/><D133/><U82/><E135/><V66/><F66/><W70/><G92/><T2/><D2/><U49/><E126/><V29/><F42/><W41/><G41/><T10/><D10/><U13/><E49/><V89/><F89/><W39/><G39/><T79/><D79/><U86/><E56/><V53/><F53/><W24/><G70/><T87/><D104/><N who="3" m="40009" /><G24/><T44/><D44/><U97/><E97/><N who="0" m="37449" /><D88/><U75/><E72/><V120/><F120/><W47/><G47/><T74/><D74/><U5/><E73/><V68/><F68/><W15/><G15/><T46/><D46/><U33/><E122/><V19/><F6/><W18/><G18/><N who="0" m="7275" /><D119/><U102/><E5/><V111/><F19/><RYUUKYOKU ba="1,0" sc="201,15,431,-15,163,-15,205,15" hai0="23,27,28,85,87,116,118" hai3="45,48,55,76,80,128,131" /><INIT seed="2,2,0,5,4,26" ten="216,416,148,220" oya="2" hai0="105,49,63,133,112,47,46,76,42,83,114,96,29" hai1="95,20,5,11,78,6,111,121,117,81,39,128,51" hai2="57,90,85,122,130,53,79,125,124,14,2,108,19" hai3="54,84,65,23,27,88,87,107,55,99,36,72,25"/><V109/><F2/><W82/><G72/><T110/><D110/><N who="2" m="42602" /><F122/><W16/><G36/><T89/><D133/><U73/><E117/><V60/><F79/><N who="3" m="46175" /><G107/><T44/><D63/><U38/><E111/><V118/><F118/><W61/><G99/><T77/><D112/><U92/><E128/><V13/><F130/><W120/><G120/><T48/><D114/><U10/><E38/><V43/><F43/><W37/><G37/><T100/><D29/><U123/><E20/><N who="2" m="11375" /><F14/><N who="3" m="9623" /><G65/><T132/><D132/><U32/><E32/><V15/><F15/><W98/><G98/><T68/><D68/><U40/><E39/><V93/><AGARI ba="2,0" hai="53,57,60,85,90,93,124,125" m="11375,42602" machi="93" ten="30,3000,0" yaku="14,1,10,1" doraHai="26" who="2" fromWho="2" sc="216,-12,416,-12,148,36,220,-12" /><INIT seed="2,3,0,2,4,58" ten="204,404,184,208" oya="2" hai0="116,106,71,50,56,81,98,113,2,70,30,54,90" hai1="87,76,74,61,100,57,78,49,91,23,62,94,125" hai2="42,22,73,115,75,1,128,92,131,79,0,20,17" hai3="10,96,43,122,89,118,104,11,84,67,7,25,29"/><V3/><F115/><W47/><G118/><T77/><D113/><U6/><E125/><V85/><F42/><W31/><G122/><T52/><D2/><U27/><E6/><V46/><F46/><W110/><G110/><T51/><D116/><U37/><E37/><V112/><F112/><W24/><G67/><T109/><D109/><U105/><E105/><V59/><F59/><W133/><G133/><T45/><D30/><N who="1" m="17791" /><E100/><V33/><F33/><W39/><G96/><T119/><D119/><U15/><E15/><V120/><F120/><W80/><G104/><T83/><D106/><U68/><E68/><V26/><F22/><W95/><G7/><T65/><D65/><N who="1" m="39087" /><E74/><V60/><F60/><W53/><G25/><T103/><D103/><U14/><E62/><V101/><F101/><W93/><G31/><T124/><D124/><U35/><E35/><V135/><F135/><W38/><G38/><T40/><D40/><U44/><E14/><V129/><REACH who="2" step="1"/><F92/><REACH who="2" ten="204,404,174,208" step="2"/><W99/><G95/><T97/><D71/><U28/><E94/><V117/><F117/><W111/><G111/><T9/><D70/><U126/><E44/><V63/><F63/><W12/><G53/><T55/><D55/><U121/><E121/><V4/><F4/><W102/><REACH who="3" step="1"/><G12/><REACH who="3" ten="204,404,174,198" step="2"/><T107/><D107/><U8/><E126/><V132/><F132/><W108/><G108/><T5/><D54/><U82/><E82/><AGARI ba="3,2" hai="0,1,3,17,20,26,73,75,79,82,85,128,129,131" machi="82" ten="50,4800,0" yaku="1,1,19,1,53,0" doraHai="58" doraHaiUra="36" who="2" fromWho="1" sc="204,0,404,-57,174,77,198,0" /><INIT seed="2,4,0,1,0,131" ten="204,347,251,198" oya="2" hai0="53,119,62,112,58,96,37,124,79,18,17,24,93" hai1="23,132,65,120,42,130,115,121,116,69,81,36,5" hai2="99,109,30,91,55,80,12,82,60,27,29,87,0" hai3="111,134,44,16,75,51,77,39,129,61,34,38,66"/><V48/><F0/><W64/><G34/><T7/><D112/><U71/><E130/><V15/><F109/><W52/><G129/><T105/><D37/><U31/><E116/><V19/><F60/><W89/><G111/><T8/><D124/><U110/><E110/><V40/><F40/><W97/><G134/><T70/><D119/><U114/><E132/><V50/><F50/><W100/><G89/><T25/><D105/><U106/><E106/><V56/><F82/><W47/><G47/><T33/><D70/><N who="1" m="26635" /><E5/><V26/><F99/><W10/><G77/><T117/><D117/><U6/><E6/><V85/><F87/><W126/><G75/><T41/><D41/><U125/><E65/><V78/><F78/><W32/><G32/><T76/><D33/><U90/><E125/><V74/><F74/><W22/><G10/><T92/><D79/><U108/><E108/><V14/><REACH who="2" step="1"/><F19/><REACH who="2" ten="204,347,241,198" step="2"/><W68/><G126/><T46/><D76/><U2/><E2/><V9/><F9/><W88/><G66/><T128/><D18/><U101/><E42/><V72/><F72/><W21/><G88/><T11/><D17/><U1/><E81/><V4/><F4/><W3/><G3/><N who="0" m="127" /><D128/><U20/><E90/><V94/><F94/><N who="0" m="36458" /><D96/><U67/><E1/><V83/><F83/><W28/><G97/><T59/><D11/><U103/><E114/><V49/><F49/><W35/><G100/><T63/><D46/><U133/><E101/><V135/><F135/><W86/><G86/><T127/><D127/><U118/><E115/><V84/><F84/><W107/><G16/><RYUUKYOKU ba="4,1" sc="204,15,347,-15,241,15,198,-15" hai0="24,25,53,58,59,62,63" hai2="12,14,15,26,27,29,30,48,55,56,80,85,91" /><INIT seed="2,5,1,1,0,34" ten="219,332,256,183" oya="2" hai0="50,55,5,38,100,71,65,107,48,104,1,109,46" hai1="127,131,35,87,40,16,115,56,19,61,30,39,92" hai2="112,106,7,90,108,111,73,12,20,41,113,21,133" hai3="10,43,135,103,120,4,126,15,29,134,60,53,93"/><V122/><F122/><W49/><G120/><T74/><D74/><U11/><E115/><N who="2" m="44107" /><F73/><W79/><G126/><T101/><D109/><N who="2" m="42058" /><F106/><W130/><G130/><T17/><D17/><U44/><E131/><V117/><F117/><W28/><G79/><T77/><D77/><U91/><E127/><V128/><F128/><W52/><G103/><T62/><D104/><U33/><E30/><N who="3" m="11882" /><G93/><T98/><D101/><U85/><E85/><V68/><F68/><W6/><G60/><T96/><D96/><U124/><E124/><V26/><F41/><W83/><G83/><T76/><D76/><U132/><E132/><N who="3" m="50730" /><G4/><T72/><D72/><U102/><E102/><V88/><F133/><W99/><G99/><T47/><D38/><U66/><REACH who="1" step="1"/><E11/><REACH who="1" ten="219,322,256,183" step="2"/><N who="2" m="4223" /><F20/><W80/><G80/><T18/><D100/><U86/><E86/><V22/><F21/><W58/><G58/><T51/><D98/><U129/><E129/><V118/><F118/><W78/><G78/><T75/><D75/><U89/><E89/><V27/><F22/><W123/><G123/><T119/><D119/><U23/><E23/><V45/><F90/><W2/><G15/><T59/><D107/><U114/><E114/><V31/><F31/><W70/><G70/><T14/><D71/><U36/><E36/><V3/><F88/><W37/><G37/><T121/><D121/><U0/><E0/><V32/><F3/><W81/><G81/><T125/><D125/><U116/><E116/><V63/><F32/><AGARI ba="5,2" hai="16,19,32,33,35,39,40,44,56,61,66,87,91,92" machi="32" ten="40,2600,0" yaku="1,1,54,1,53,0" doraHai="34" doraHaiUra="94" who="1" fromWho="2" sc="219,0,322,61,256,-41,183,0" /><INIT seed="3,0,0,4,0,105" ten="219,383,215,183" oya="3" hai0="19,47,6,25,125,67,14,5,20,87,102,100,78" hai1="74,109,28,31,68,3,0,11,135,121,38,56,122" hai2="55,52,82,61,124,118,21,73,88,62,27,117,30" hai3="71,9,72,104,43,115,116,119,36,60,97,106,134"/><W70/><G115/><T90/><D125/><U22/><E74/><V69/><F124/><W1/><G134/><T83/><D67/><U128/><E68/><N who="3" m="26154" /><G60/><N who="2" m="23145" /><F73/><W107/><G97/><T40/><D90/><U23/><E109/><V42/><F69/><W89/><G89/><T101/><REACH who="0" step="1"/><D25/><REACH who="0" ten="209,383,215,183" step="2"/><U13/><E121/><V58/><F27/><W113/><G113/><T39/><AGARI ba="0,1" hai="5,6,14,19,20,39,40,47,78,83,87,100,101,102" machi="39" ten="30,12000,2" yaku="1,1,2,1,0,1,53,3" doraHai="105" doraHaiUra="96" who="0" fromWho="0" sc="209,130,383,-30,215,-30,183,-60" owari="339,13.9,353,45.3,185,-21.5,123,-37.7" /></mjloggm>