<mjloggm ver="2.3"><GO type="225" lobby="0"/><UN n0="%6D%75%75%6D%75%72%61" n1="%72%69%6F%75%63%68%61%6E" n2="%E3%81%BF%E3%81%BF%E3%81%9A" n3="%E3%81%97%E3%82%93%E3%81%97%E3%82%93%E3%81%97%E3%82%93" dan="17,17,16,16" rate="2133.62,2176.65,2136.84,2112.33" sx="F,M,M,F"/><TAIKYOKU oya="0"/><INIT seed="0,0,0,5,1,68" ten="250,250,250,250" oya="0" hai0="107,53,95,40,134,58,78,18,60,20,108,17,120" hai1="105,104,52,112,29,27,23,109,110,84,124,1,119" hai2="101,75,33,5,16,86,81,94,46,92,13,56,90" hai3="114,100,85,88,39,19,25,87,51,22,82,4,61"/><T83/><D120/><U79/><E119/><V129/><F33/><W8/><G114/><T31/><D107/><U111/><E124/><V116/><F116/><W66/><G100/><T133/><D108/><U28/><E112/><V74/><F5/><W54/><G39/><T57/><D40/><U26/><E1/><V2/><F2/><W128/><G128/><T80/><D95/><U69/><E69/><V77/><F129/><W118/><G118/><T126/><D126/><U55/><E104/><V130/><F130/><W50/><G54/><T113/><D113/><U9/><E105/><V132/><F132/><N who="0" m="50794" /><D57/><U131/><E131/><V44/><F74/><W38/><G38/><T35/><D35/><U121/><E121/><V73/><F75/><W14/><REACH who="3" step="1"/><G87/><REACH who="3" ten="250,250,250,240" step="2"/><N who="0" m="48535" /><D83/><N who="1" m="47231" /><E9/><V102/><F102/><W123/><G123/><T21/><D21/><AGARI ba="0,1" hai="21,23,26,27,28,29,52,55,109,110,111" m="47231" machi="21" ten="30,2000,0" yaku="14,1,54,1" doraHai="68" who="1" fromWho="0" sc="250,-20,250,30,250,0,240,0" /><INIT seed="1,0,0,1,3,72" ten="230,280,250,240" oya="1" hai0="65,74,94,118,98,133,64,44,69,33,87,113,85" hai1="10,55,120,11,106,8,82,37,67,49,58,135,116" hai2="63,99,30,73,16,62,91,104,76,42,24,17,0" hai3="102,101,50,60,107,84,66,56,52,89,32,25,27"/><U111/><E116/><V88/><F0/><W96/><G102/><T112/><D118/><U48/><E135/><V93/><F42/><W103/><G101/><T9/><D133/><U12/><E120/><V79/><F104/><W59/><REACH who="3" step="1"/><G32/><REACH who="3" ten="230,280,250,230" step="2"/><T18/><D33/><U86/><E106/><V19/><F91/><W13/><G13/><T92/><D112/><U47/><E111/><V22/><F73/><W121/><G121/><T14/><D74/><U119/><E119/><V80/><F80/><AGARI ba="0,1" hai="25,27,50,52,56,59,60,66,80,84,89,96,103,107" machi="80" ten="30,3900,0" yaku="1,1,7,1,54,1,53,0" doraHai="72" doraHaiUra="134" who="3" fromWho="2" sc="230,0,280,0,250,-39,230,49" /><INIT seed="2,0,0,4,1,24" ten="230,280,211,279" oya="2" hai0="46,69,132,72,101,20,50,42,88,118,95,1,106" hai1="28,78,39,99,21,111,33,121,35,30,56,134,115" hai2="71,40,107,126,59,82,117,49,93,110,23,83,13" hai3="128,103,7,5,32,55,58,131,86,61,66,15,57"/><V105/><F117/><W113/><G32/><T74/><D118/><U51/><E115/><V18/><F71/><W3/><G3/><T62/><D132/><U12/><E39/><V60/><F126/><W70/><G113/><T26/><D1/><U119/><E119/><V6/><F110/><W64/><G103/><T91/><D106/><U125/><E33/><V124/><F124/><W48/><G66/><T43/><D43/><U90/><E35/><V81/><F6/><W114/><G114/><T47/><D47/><U63/><E125/><V17/><F17/><W25/><G25/><T129/><D129/><N who="3" m="49737" /><G86/><T123/><D101/><U112/><E112/><V100/><F100/><W52/><G15/><T92/><D123/><U120/><E134/><V14/><F93/><W31/><G31/><N who="1" m="11818" /><E111/><V65/><REACH who="2" step="1"/><F13/><REACH who="2" ten="230,280,201,279" step="2"/><W80/><G80/><T130/><D130/><U27/><E12/><V109/><F109/><W8/><G8/><T9/><D9/><U104/><E121/><V16/><F16/><W34/><G34/><T37/><D95/><N who="1" m="56823" /><E104/><V41/><F41/><W67/><G7/><T4/><D4/><U96/><E120/><V97/><F97/><W79/><G5/><T44/><D92/><U84/><E96/><V38/><F38/><W73/><G70/><T11/><D11/><U133/><E133/><V127/><F127/><W36/><G36/><T135/><D135/><U10/><E10/><V53/><F53/><W75/><G55/><N who="0" m="30151" /><D20/><U77/><E21/><V45/><AGARI ba="0,1" hai="14,18,23,40,45,49,59,60,65,81,82,83,105,107" machi="45" ten="30,3000,0" yaku="1,1,0,1,53,0" doraHai="24" doraHaiUra="2" who="2" fromWho="2" sc="230,-10,280,-10,201,40,279,-10" /><INIT seed="2,1,0,1,4,115" ten="220,270,241,269" oya="2" hai0="62,75,99,22,4,91,1,84,64,3,98,120,42" hai1="66,101,34,17,97,37,12,8,58,30,31,81,100" hai2="13,112,48,96,32,57,11,114,82,106,47,85,124" hai3="132,24,40,14,135,131,71,76,79,16,41,90,67"/><V74/><F32/><W108/><G108/><T78/><D120/><U126/><E126/><V129/><F74/><W56/><G131/><T23/><D42/><N who="3" m="16489" /><G24/><T88/><D75/><U77/><E37/><V92/><F106/><W133/><G71/><T27/><D78/><N who="3" m="29737" /><G90/><T61/><D4/><U104/><E101/><V15/><F124/><W123/><G123/><T45/><D45/><U6/><E34/><V33/><F33/><W49/><G67/><T0/><D64/><U44/><E44/><V86/><F129/><W28/><G28/><T21/><D27/><U128/><E128/><V65/><F114/><W68/><G68/><T87/><D23/><U51/><E6/><V60/><F112/><W125/><G125/><T111/><REACH who="0" step="1"/><D3/><REACH who="0" ten="210,270,241,269" step="2"/><U35/><E35/><V130/><F130/><W107/><G132/><T93/><D93/><U36/><E36/><V73/><F73/><W83/><G107/><T113/><D113/><U26/><E26/><V70/><F70/><W103/><G133/><T105/><D105/><U2/><E2/><V102/><F82/><W95/><G135/><T69/><D69/><U25/><E25/><V134/><F134/><W59/><G83/><T94/><D94/><U72/><E66/><V116/><F116/><W54/><G95/><T118/><D118/><U127/><E127/><V50/><F47/><N who="3" m="27967" /><G103/><T80/><D80/><U46/><E58/><V18/><F15/><W20/><AGARI ba="1,1" hai="14,16,20,56,59" m="27967,29737,16489" machi="20" ten="30,2000,0" yaku="8,1,54,1" doraHai="115" who="3" fromWho="3" sc="210,-6,270,-6,241,-11,269,33" /><INIT seed="3,0,0,4,2,25" ten="204,264,230,302" oya="3" hai0="105,64,56,81,30,0,130,125,17,5,52,85,106" hai1="58,86,73,46,18,10,39,59,44,70,6,49,91" hai2="19,89,119,112,23,114,121,92,95,41,103,107,48" hai3="36,116,57,42,110,13,15,128,82,97,102,21,133"/><W117/><G128/><T75/><D130/><U123/><E123/><V51/><F119/><W62/><G133/><T43/><D75/><U127/><E73/><V104/><F121/><W20/><G110/><T16/><D125/><U31/><E127/><V80/><F80/><W87/><G15/><T113/><D113/><U69/><E18/><V3/><F3/><W1/><G1/><T66/><D43/><U55/><E31/><V99/><F107/><W94/><G42/><T83/><D105/><U115/><E115/><V4/><F104/><W9/><G36/><T47/><D106/><U7/><E59/><V129/><F129/><W88/><G116/><T8/><D30/><U93/><E6/><V38/><F38/><W14/><G14/><T53/><D47/><U108/><E108/><V60/><F4/><N who="3" m="3239" /><G117/><T63/><D53/><AGARI ba="0,0" hai="20,21,53,57,62,82,87,88,94,97,102" m="3239" machi="53" ten="30,2900,0" yaku="8,1,54,1" doraHai="25" who="3" fromWho="0" sc="204,-29,264,0,230,0,302,29" owari="175,-32.5,264,6.4,230,-17.0,331,43.1" /></mjloggm>