<mjloggm ver="2.3"><GO type="225" lobby="0"/><UN n0="%73%6C%69%63%6B%33%31%39" n1="%E4%BF%BA%E3%81%A8%E5%A6%96%E5%A4%A2" n2="%E3%83%97%E3%83%AC%E3%83%B4%E3%82%A1%E3%83%86%E3%82%A3" n3="%E3%81%9F%E3%81%8C%E3%82%84%E3%81%99" dan="16,17,16,16" rate="2095.99,2247.80,2132.72,2195.85" sx="M,F,F,M"/><TAIKYOKU oya="0"/><INIT seed="0,0,0,1,1,120" ten="250,250,250,250" oya="0" hai0="51,61,69,98,13,55,99,11,79,42,45,30,118" hai1="68,0,76,111,46,106,133,50,52,6,123,117,112" hai2="126,28,10,97,62,90,56,94,101,67,29,21,93" hai3="96,102,129,9,100,84,131,114,107,17,57,19,80"/><T33/><D118/><U86/><E117/><V108/><F126/><W16/><G100/><T4/><D33/><U8/><E123/><V58/><F108/><W83/><G114/><T95/><D30/><U37/><E112/><V20/><F10/><W77/><G57/><T65/><D95/><U130/><E106/><V81/><F81/><W70/><G70/><T105/><D105/><U82/><E133/><V104/><F104/><W53/><G53/><T63/><D63/><U128/><E68/><V43/><F43/><W48/><G48/><T75/><D75/><U71/><E71/><V2/><F2/><W78/><REACH who="3" step="1"/><G9/><REACH who="3" ten="250,250,250,240" step="2"/><T115/><D115/><U88/><E37/><V1/><F56/><W110/><G110/><T14/><D55/><U64/><E111/><V109/><F109/><W85/><AGARI ba="0,1" hai="16,17,19,77,78,80,83,84,85,96,102,107,129,131" machi="85" ten="30,7900,0" yaku="1,1,0,1,9,1,54,1,53,0" doraHai="120" doraHaiUra="121" who="3" fromWho="3" sc="250,-39,250,-20,250,-20,240,89" /><INIT seed="1,0,0,2,3,12" ten="211,230,230,329" oya="1" hai0="24,130,57,8,16,126,0,80,70,58,110,4,1" hai1="124,105,99,73,117,5,20,116,50,87,55,14,7" hai2="9,90,3,21,120,81,123,127,111,67,78,59,32" hai3="60,31,11,125,112,63,98,28,39,114,35,101,85"/><U76/><E73/><V15/><F32/><W129/><G39/><T30/><D70/><U102/><E124/><V17/><F127/><W107/><G125/><T121/><D126/><U56/><E5/><V53/><F111/><W100/><G129/><T133/><D110/><U54/><E7/><V66/><F90/><W103/><G103/><T68/><D68/><U29/><E29/><V13/><F3/><W82/><G11/><T62/><D130/><U2/><E2/><V92/><F92/><W74/><G74/><T115/><D115/><U94/><E54/><V88/><F123/><W128/><G100/><T22/><D121/><U79/><E79/><V34/><F34/><W108/><G28/><T36/><D36/><U51/><E51/><V6/><F120/><W84/><G84/><T10/><D133/><U37/><E37/><V41/><F41/><W49/><G49/><T61/><D80/><U86/><E86/><N who="2" m="50255" /><F78/><N who="3" m="46295" /><G128/><T40/><D40/><U18/><E76/><V104/><F104/><W38/><G38/><T97/><D97/><U45/><E45/><V109/><F109/><W135/><G135/><T23/><D0/><U93/><REACH who="1" step="1"/><E87/><REACH who="1" ten="211,220,230,329" step="2"/><V132/><F132/><W64/><G108/><T27/><D1/><U106/><E106/><V33/><F33/><W52/><G35/><T113/><D4/><U83/><E83/><V119/><F119/><AGARI ba="0,1" hai="14,18,20,50,55,56,93,94,99,102,105,116,117,119" machi="119" ten="40,3900,0" yaku="1,1,52,1,53,0" doraHai="12" doraHaiUra="43" who="1" fromWho="2" sc="211,0,220,49,230,-39,329,0" /><INIT seed="1,1,0,2,4,41" ten="211,269,191,329" oya="1" hai0="102,95,59,96,67,79,45,30,99,128,20,130,61" hai1="101,50,26,36,62,38,121,78,25,68,39,114,17" hai2="92,81,29,113,105,123,107,115,27,93,47,10,83" hai3="40,42,124,55,119,125,60,127,5,116,33,104,94"/><U117/><E114/><N who="2" m="43531" /><F10/><W111/><G104/><N who="2" m="40009" /><F27/><W100/><G5/><T46/><D79/><U87/><E117/><V48/><F29/><W108/><G33/><T16/><D99/><U110/><E121/><V97/><F123/><W4/><G4/><T14/><REACH who="0" step="1"/><D30/><REACH who="0" ten="201,269,191,329" step="2"/><U1/><E78/><V70/><F70/><W15/><G127/><T103/><D103/><U58/><E101/><N who="2" m="60583" /><F93/><W91/><G94/><T106/><D106/><U118/><E68/><V66/><F66/><W6/><G125/><T77/><D77/><U64/><E64/><V11/><F11/><W24/><G124/><T9/><D9/><U35/><E118/><V122/><F122/><W89/><G119/><T2/><D2/><U135/><E1/><V98/><F98/><W19/><G116/><T85/><D85/><U134/><E87/><V84/><F84/><W8/><G8/><T12/><D12/><U109/><E25/><V23/><F23/><W126/><G24/><T37/><D37/><U72/><E26/><V18/><F18/><W31/><G31/><T34/><D34/><U69/><E17/><V82/><F82/><W3/><G126/><T63/><D63/><U71/><E35/><V53/><AGARI ba="1,1" hai="47,48,53,81,83" m="60583,40009,43531" machi="53" ten="30,2000,0" yaku="11,1,52,1" doraHai="41" who="2" fromWho="2" sc="201,-6,269,-11,191,33,329,-6" /><INIT seed="2,0,0,3,1,35" ten="195,258,224,323" oya="2" hai0="79,129,42,93,17,30,108,86,111,7,112,121,22" hai1="82,84,85,103,6,74,20,13,21,75,38,130,28" hai2="25,16,14,81,45,47,68,60,87,64,96,24,83" hai3="127,3,94,15,32,126,52,44,116,117,40,11,9"/><V12/><F96/><W4/><G52/><T37/><D121/><U119/><E38/><V67/><F68/><W23/><G32/><T78/><D112/><U1/><E119/><V92/><F92/><W57/><G57/><T71/><D71/><U53/><E130/><V77/><F87/><W106/><G106/><T48/><D37/><U2/><E103/><V105/><F60/><W0/><G23/><T89/><D129/><U122/><E122/><V62/><F62/><W70/><G94/><T46/><D30/><U50/><E75/><V133/><F105/><W43/><G70/><T65/><D65/><U118/><E74/><V10/><F10/><W63/><G63/><T41/><D41/><U98/><E98/><V97/><F97/><W110/><G110/><T80/><D7/><U27/><E85/><V34/><F34/><W107/><G107/><T8/><D8/><U132/><E132/><V100/><F100/><W128/><G128/><T61/><D61/><U134/><E134/><V66/><F133/><W102/><G102/><T125/><D125/><N who="3" m="47625" /><G43/><T114/><D114/><U19/><E118/><N who="3" m="45674" /><G11/><T73/><REACH who="0" step="1"/><D79/><REACH who="0" ten="185,258,224,323" step="2"/><U39/><E28/><V104/><F66/><W95/><G9/><T88/><D88/><N who="1" m="51223" /><E6/><V29/><F77/><W69/><G40/><T31/><D31/><N who="1" m="17895" /><E39/><V51/><F29/><W72/><G69/><T56/><D56/><U54/><E54/><V18/><F104/><W131/><G131/><T120/><D120/><U76/><E76/><V5/><F5/><W109/><G4/><T123/><D123/><U115/><E115/><V90/><F90/><RYUUKYOKU ba="0,1" sc="185,10,258,10,224,10,323,-30" hai0="17,22,42,46,48,73,78,80,86,89,93,108,111" hai1="1,2,13,19,21,50,53" hai2="12,14,16,18,24,25,45,47,51,64,67,81,83" /><INIT seed="2,1,1,5,2,54" ten="195,268,234,293" oya="2" hai0="4,98,7,101,8,41,104,5,135,43,56,26,22" hai1="83,62,48,88,121,103,97,60,16,61,49,35,18" hai2="45,19,123,39,132,67,102,33,95,58,69,115,55" hai3="70,107,34,13,127,75,111,129,122,15,92,28,68"/><V80/><F115/><W134/><RYUUKYOKU type="yao9" ba="1,1" sc="195,0,268,0,234,0,293,0" hai3="13,15,28,34,68,70,75,92,107,111,122,127,129,134" /><INIT seed="2,2,1,2,0,53" ten="195,268,234,293" oya="2" hai0="51,127,62,131,90,130,32,98,59,103,64,37,118" hai1="34,28,106,70,80,105,46,47,81,38,43,54,78" hai2="61,108,113,41,123,6,3,129,122,79,124,117,52" hai3="84,95,111,67,82,15,48,49,0,76,104,19,27"/><V58/><F79/><W114/><G0/><T91/><D37/><U128/><E81/><V121/><F3/><W69/><G104/><T71/><D127/><U56/><E128/><N who="0" m="49193" /><D32/><U134/><E134/><V35/><F129/><W13/><G69/><T24/><D24/><U115/><E115/><V1/><F35/><W112/><G67/><T11/><D11/><U94/><E46/><V10/><F113/><N who="3" m="43627" /><G111/><T109/><D109/><U110/><E110/><V93/><F108/><W50/><G95/><N who="0" m="58847" /><D118/><U2/><E2/><V88/><F117/><W25/><G15/><T107/><D107/><U120/><E70/><V29/><F29/><W45/><G45/><T89/><D51/><U73/><E120/><V14/><F1/><W66/><G66/><T97/><D97/><U5/><E105/><V57/><F41/><W74/><G74/><T68/><AGARI ba="2,1" hai="59,62,64,68,71,89,90,91" m="58847,49193" machi="68" ten="40,2700,0" yaku="19,1,52,1" doraHai="53" who="0" fromWho="0" sc="195,43,268,-9,234,-15,293,-9" /><INIT seed="3,0,0,0,2,18" ten="238,259,219,284" oya="3" hai0="62,42,53,56,126,11,39,0,63,46,111,101,135" hai1="60,79,41,129,88,8,29,76,45,109,118,71,103" hai2="23,49,51,123,3,61,52,24,58,17,44,80,48" hai3="92,73,13,4,93,65,72,31,25,124,34,15,54"/><W1/><G65/><T37/><D101/><U68/><E109/><V114/><F3/><W97/><G124/><T27/><D0/><U104/><E129/><V35/><F114/><W127/><G127/><T115/><D126/><U57/><E118/><V10/><F123/><W105/><G105/><T98/><D98/><U5/><E29/><V85/><F35/><W102/><G1/><T74/><D74/><U55/><E103/><V47/><REACH who="2" step="1"/><F10/><REACH who="2" ten="238,259,209,284" step="2"/><W64/><G34/><T70/><D11/><U82/><E8/><V6/><F6/><W7/><G4/><T89/><D115/><U38/><E5/><V43/><F43/><W33/><G7/><T113/><D113/><U119/><E119/><V94/><F94/><W87/><G93/><T132/><D111/><U112/><E112/><V86/><F86/><W9/><G87/><T90/><D42/><U28/><E104/><V117/><F117/><W122/><G122/><T67/><D132/><U100/><E41/><V21/><F21/><W84/><G84/><T99/><D135/><U81/><E81/><V116/><F116/><W30/><G9/><T2/><D2/><U26/><E82/><V131/><F131/><W110/><G110/><T120/><D120/><U14/><E79/><AGARI ba="0,1" hai="17,23,24,44,47,48,49,51,52,58,61,79,80,85" machi="79" ten="40,8000,1" yaku="1,1,8,1,52,1,54,1,53,1" doraHai="18" doraHaiUra="19" who="2" fromWho="1" sc="238,0,259,-80,209,90,284,0" /><INIT seed="4,0,0,4,2,74" ten="238,179,299,284" oya="0" hai0="25,18,69,71,77,0,118,3,28,45,104,81,32" hai1="134,30,83,127,7,105,95,38,24,126,9,97,8" hai2="20,53,17,124,117,82,16,112,48,44,27,58,1" hai3="2,68,70,98,113,63,135,22,6,130,19,101,106"/><T125/><D118/><U75/><E38/><V108/><F1/><W109/><G2/><T121/><D121/><U73/><E134/><V61/><F117/><W5/><G109/><T100/><D125/><N who="1" m="47627" /><E105/><V86/><F124/><W122/><G113/><T119/><D119/><U47/><E47/><V37/><F112/><W129/><G135/><T59/><D59/><U132/><E132/><V89/><F108/><W128/><G122/><T35/><D35/><N who="1" m="20935" /><E83/><V84/><F84/><W102/><G102/><T94/><D94/><U11/><E7/><N who="3" m="2570" /><G63/><T131/><D131/><N who="3" m="33537" /><W29/><DORA hai="60" /><G29/><T120/><D120/><U56/><E56/><V85/><F85/><W49/><G49/><T42/><D71/><U90/><AGARI ba="0,0" hai="8,9,11,73,75,90,95,97" m="20935,47627" machi="90" ten="30,1100,0" yaku="18,1" doraHai="74,60" who="1" fromWho="1" sc="238,-5,179,11,299,-3,284,-3" /><INIT seed="5,0,0,3,3,53" ten="233,190,296,281" oya="1" hai0="128,84,15,25,112,49,6,94,40,36,129,86,64" hai1="121,122,72,108,3,90,89,11,39,96,16,26,106" hai2="115,67,120,37,110,116,83,88,75,118,124,54,10" hai3="8,92,77,107,55,32,1,48,23,131,113,21,65"/><U47/><E72/><V99/><F37/><W44/><G107/><T125/><D36/><U38/><E3/><V69/><F110/><W35/><G77/><T14/><D112/><U133/><E108/><V51/><F120/><W58/><G113/><T100/><D64/><U111/><E111/><V93/><F115/><W78/><G78/><T104/><D104/><U29/><E133/><V95/><F124/><W130/><G92/><T123/><D25/><U103/><E38/><V17/><F75/><W134/><G134/><T114/><D114/><U101/><E101/><V97/><F69/><W117/><G8/><N who="0" m="4375" /><D15/><U46/><E11/><V74/><F67/><W62/><G1/><T24/><D24/><U0/><E0/><V34/><F34/><N who="3" m="12843" /><G117/><T28/><D28/><U4/><E4/><V105/><F105/><W73/><G73/><T52/><D40/><U30/><E30/><V91/><F74/><W127/><G127/><T132/><D132/><U87/><E29/><V31/><F31/><W60/><G60/><T22/><D22/><N who="1" m="13639" /><E39/><V66/><F66/><W79/><G79/><T27/><D129/><AGARI ba="0,0" hai="21,23,44,48,55,58,62,65,129,130,131" m="12843" machi="129" ten="30,2000,0" yaku="19,1,52,1" doraHai="53" who="3" fromWho="0" sc="233,-20,190,0,296,0,281,20" owari="213,-18.7,190,-31.0,296,9.6,301,40.1" /></mjloggm>