<mjloggm ver="2.3"><GO type="225" lobby="0"/><UN n0="%E3%81%82%E3%81%99%E3%81%AB%E3%82%83%E3%82%80" n1="%6D%75%75%6D%75%72%61" n2="%E5%A4%96%E5%B7%9D%E7%AB%9C%E6%88%90" n3="%E4%B8%96%E7%95%8C%E3%81%AE%E4%BA%80%E4%BA%95" dan="16,16,16,17" rate="2115.11,2120.09,2165.48,2218.72" sx="F,F,M,M"/><TAIKYOKU oya="0"/><INIT seed="0,0,0,0,3,54" ten="250,250,250,250" oya="0" hai0="94,47,132,17,109,65,29,81,95,83,18,122,51" hai1="63,115,5,3,66,19,26,61,104,75,34,131,57" hai2="23,38,106,52,64,91,74,37,121,53,33,93,44" hai3="6,73,127,72,101,30,118,45,126,112,14,79,135"/><T86/><D122/><U60/><E131/><V16/><F121/><W48/><G112/><T130/><D130/><U70/><E115/><V87/><F33/><W59/><G30/><T7/><D132/><U35/><E75/><V42/><F106/><W62/><G118/><T56/><D29/><U100/><E61/><V110/><F110/><W82/><G101/><T25/><D7/><U40/><E40/><V58/><F38/><W22/><G73/><T107/><D107/><U67/><E19/><N who="0" m="7177" /><D25/><U88/><E26/><V123/><F74/><W119/><G119/><T12/><D12/><U1/><E88/><V125/><F125/><W4/><G22/><T27/><D27/><U20/><E20/><V9/><F9/><W113/><G14/><T10/><D81/><U133/><E133/><V39/><F39/><W102/><G113/><T76/><D10/><U46/><E46/><V117/><F117/><W0/><G0/><T80/><D80/><U114/><E114/><V92/><F92/><W28/><G28/><T85/><D85/><U69/><E5/><V78/><F78/><W99/><G135/><T96/><D96/><U90/><E90/><V68/><F68/><W77/><G77/><T108/><D109/><U24/><E24/><N who="2" m="14439" /><F123/><W21/><G21/><T2/><D2/><N who="1" m="523" /><E70/><V129/><F129/><W43/><G126/><T55/><D108/><U128/><E128/><V71/><F71/><W31/><G31/><T32/><D32/><N who="1" m="12331" /><E104/><V36/><F36/><W84/><G72/><T97/><D97/><U8/><E8/><V98/><F98/><W89/><G127/><RYUUKYOKU ba="0,0" sc="250,10,250,10,250,10,250,-30" hai0="47,51,55,56,65,76,83,86,94,95" hai1="57,60,63,66,67,69,100" hai2="37,42,44,52,53,58,64,87,91,93" /><INIT seed="0,1,0,4,5,23" ten="260,260,260,220" oya="0" hai0="130,48,116,45,127,91,16,4,31,65,61,44,124" hai1="88,60,59,11,49,83,22,10,135,55,112,38,134" hai2="85,95,51,12,19,129,90,63,62,30,39,36,73" hai3="53,64,15,133,87,97,47,6,7,118,94,25,77"/><T100/><D116/><U56/><E38/><V8/><F73/><W120/><G118/><T89/><D130/><U2/><E112/><V5/><F39/><W21/><G133/><N who="1" m="50698" /><E2/><V76/><F36/><W66/><G120/><T110/><D4/><U102/><E102/><V103/><F129/><W86/><G53/><T14/><D31/><U114/><E114/><V43/><F76/><W80/><G87/><T52/><D44/><U78/><E22/><V79/><F79/><W20/><G47/><T81/><D100/><U104/><E88/><V123/><F103/><N who="3" m="60855" /><G20/><N who="0" m="11287" /><D81/><U17/><E17/><V41/><F19/><N who="3" m="12479" /><G6/><T32/><D32/><U37/><E37/><V84/><F5/><W115/><G115/><T68/><D110/><U117/><E104/><V92/><F123/><W27/><G27/><T132/><D132/><U29/><E29/><V40/><F30/><W82/><G82/><T34/><D34/><U42/><E117/><V28/><F28/><W96/><G96/><T67/><D65/><N who="1" m="39047" /><E42/><V72/><F41/><W9/><AGARI ba="1,0" hai="7,9,15,64,66,77,80,86" m="12479,60855" machi="9" ten="30,2000,0" yaku="8,1,52,1" doraHai="23" who="3" fromWho="3" sc="260,-11,260,-6,260,-6,220,23" /><INIT seed="1,0,0,1,4,112" ten="249,254,254,243" oya="1" hai0="86,70,33,13,0,20,104,55,97,81,131,38,101" hai1="52,57,37,94,43,88,96,74,54,48,72,106,61" hai2="107,79,116,28,115,126,16,71,10,75,17,113,105" hai3="63,62,42,66,134,39,133,25,32,123,35,6,44"/><U9/><E37/><V110/><F110/><W84/><G123/><T8/><D33/><U95/><E43/><V130/><F130/><W27/><G84/><T3/><D131/><U4/><E106/><V124/><F71/><W135/><G6/><T117/><D70/><U51/><E94/><V111/><F111/><W18/><G63/><T36/><D117/><U59/><E61/><V92/><F116/><W56/><REACH who="3" step="1"/><G18/><REACH who="3" ten="249,254,254,233" step="2"/><T83/><D86/><U120/><E120/><V45/><F17/><W64/><G64/><T77/><D83/><U102/><E102/><V40/><F16/><W99/><G99/><T78/><D81/><U85/><E96/><V109/><F115/><W46/><G46/><T125/><D78/><U73/><E74/><V91/><F113/><W58/><G58/><T26/><D77/><U108/><E108/><V7/><F79/><W15/><G15/><AGARI ba="0,1" hai="4,9,15,48,51,52,54,57,59,72,73,85,88,95" machi="15" ten="30,11600,0" yaku="7,1,9,1,54,2" doraHai="112" who="1" fromWho="3" sc="249,0,254,126,254,0,233,-116" /><INIT seed="1,1,0,3,3,86" ten="249,380,254,117" oya="1" hai0="79,24,95,28,78,35,22,112,91,75,55,43,60" hai1="44,98,57,63,92,134,12,109,5,90,0,42,23" hai2="126,3,72,67,38,74,102,65,131,118,18,68,101" hai3="14,40,88,47,56,124,61,39,132,115,64,128,121"/><U106/><E134/><V129/><F118/><W31/><G115/><T26/><D112/><U37/><E0/><V69/><F3/><W33/><G121/><T96/><D75/><N who="2" m="28714" /><F18/><W62/><G14/><T113/><D43/><U73/><E73/><V9/><F9/><W99/><G132/><T45/><D113/><U85/><E109/><V13/><F13/><W97/><G128/><N who="2" m="49225" /><F38/><W133/><G124/><T17/><REACH who="0" step="1"/><D45/><REACH who="0" ten="239,380,254,117" step="2"/><U94/><E44/><V120/><F120/><W7/><G133/><T52/><D52/><U77/><E42/><V100/><F126/><W81/><G47/><T49/><D49/><U114/><E114/><V119/><F119/><W130/><G40/><T36/><D36/><U116/><E37/><V108/><F108/><W117/><G39/><T82/><D82/><U70/><E116/><V76/><F76/><W34/><G117/><T2/><D2/><U29/><E77/><V93/><F93/><W125/><G130/><T84/><D84/><U71/><E92/><V111/><F111/><W87/><G125/><T30/><D30/><U6/><E29/><V103/><N who="2" m="25600" /><DORA hai="11" /><V83/><F83/><W123/><G31/><T54/><D54/><U10/><E85/><V104/><F104/><W48/><G123/><T16/><D16/><U25/><E106/><V20/><F65/><W21/><G64/><T4/><D4/><U110/><E6/><V107/><F67/><W135/><G7/><T105/><D105/><U19/><E110/><V32/><F107/><W80/><G135/><T50/><D50/><U8/><E5/><V27/><F32/><RYUUKYOKU ba="1,1" sc="239,15,380,-15,254,15,117,-15" hai0="17,22,24,26,28,35,55,60,78,79,91,95,96" hai2="20,27,68,69" /><INIT seed="2,2,1,4,4,33" ten="254,365,269,102" oya="2" hai0="80,23,56,107,63,102,112,32,122,131,124,69,66" hai1="114,53,110,75,119,38,67,126,10,76,117,70,74" hai2="46,11,79,103,26,90,65,127,37,89,68,101,135" hai3="105,9,28,18,108,48,98,39,17,97,7,82,4"/><V24/><F127/><W60/><G108/><T8/><D112/><U45/><E114/><V36/><F135/><W59/><G39/><T0/><D122/><U55/><E126/><V25/><F79/><W78/><G48/><T42/><D124/><U115/><E115/><V5/><F65/><W83/><G28/><T51/><D131/><U47/><E76/><V31/><F31/><W16/><G105/><T71/><D32/><U118/><E10/><V12/><F68/><W100/><G100/><T92/><D107/><U14/><E14/><V93/><F90/><W13/><G4/><T54/><D80/><U121/><E75/><V50/><F37/><W130/><G130/><T87/><D23/><U128/><E74/><V61/><F61/><W77/><G77/><T29/><D29/><U129/><E110/><V96/><REACH who="2" step="1"/><F36/><REACH who="2" ten="254,365,259,102" step="2"/><W116/><G116/><T64/><D64/><U94/><E128/><V134/><F134/><W133/><G133/><T52/><D71/><U44/><E129/><V99/><F99/><W113/><G113/><T27/><D69/><U35/><E38/><V15/><F15/><W72/><REACH who="3" step="1"/><G83/><REACH who="3" ten="254,365,259,92" step="2"/><T41/><D102/><U19/><E117/><V49/><F49/><W73/><G73/><T104/><D51/><U86/><E118/><V91/><F91/><W1/><G1/><T58/><D0/><U57/><E119/><V22/><F22/><W43/><G43/><AGARI ba="2,3" hai="5,11,12,24,25,26,43,46,50,89,93,96,101,103" machi="43" ten="40,3900,0" yaku="1,1,8,1,53,0" doraHai="33" doraHaiUra="111" who="2" fromWho="3" sc="254,0,365,0,259,75,92,-45" /><INIT seed="2,3,0,3,1,14" ten="254,365,334,47" oya="2" hai0="40,53,107,83,131,28,128,134,105,60,127,125,7" hai1="63,80,65,59,49,96,81,64,91,46,120,88,111" hai2="90,99,133,86,135,17,75,97,25,38,18,89,71" hai3="126,67,1,51,77,95,24,27,118,115,94,33,9"/><V56/><F71/><W132/><G118/><T32/><D40/><N who="1" m="24775" /><E111/><V44/><F75/><W30/><G132/><N who="2" m="50761" /><F56/><W112/><G77/><T106/><D7/><U123/><E65/><V124/><F124/><N who="0" m="47690" /><D134/><U43/><E43/><N who="2" m="22647" /><F25/><W100/><G126/><T85/><D28/><U122/><E96/><N who="2" m="36939" /><F90/><AGARI ba="3,0" hai="59,63,64,80,81,88,90,91,120,122,123" m="24775" machi="90" ten="30,2000,0" yaku="13,1,54,1" doraHai="14" who="1" fromWho="2" sc="254,0,365,29,334,-29,47,0" /><INIT seed="3,0,0,3,1,111" ten="254,394,305,47" oya="3" hai0="121,81,132,94,128,57,58,97,131,110,72,67,0" hai1="31,34,10,15,119,130,124,19,85,96,83,68,46" hai2="66,74,93,86,39,77,11,26,116,133,47,60,107" hai3="115,135,2,108,70,89,101,126,41,9,6,36,37"/><W33/><G126/><T79/><D0/><U17/><E68/><V5/><F107/><W98/><G108/><T24/><D110/><U22/><E124/><V113/><F26/><W125/><G125/><T104/><D121/><U105/><E34/><V95/><F86/><W55/><G135/><T69/><D104/><U1/><E1/><V20/><F20/><W54/><G70/><T103/><D132/><U3/><E3/><V35/><F35/><W109/><G109/><T8/><D8/><U78/><E130/><N who="0" m="49705" /><D24/><N who="1" m="16791" /><E105/><V43/><F116/><W118/><G118/><T92/><D92/><U100/><E46/><V29/><F95/><W45/><G33/><T99/><D99/><U127/><E119/><V32/><F93/><W38/><G89/><T51/><D51/><U82/><E82/><N who="2" m="45367" /><F29/><W123/><G123/><T122/><D122/><U7/><E127/><V120/><F32/><W114/><G54/><T73/><D73/><U106/><E106/><V13/><F133/><W18/><G55/><T90/><D90/><U112/><E112/><V91/><F91/><W71/><G71/><T53/><D53/><U4/><E96/><V84/><F113/><N who="3" m="43019" /><G18/><N who="1" m="6666" /><E100/><V80/><F120/><W87/><G87/><T61/><AGARI ba="0,0" hai="57,58,61,67,69,72,79,81,94,97,103" m="49705" machi="61" ten="30,1100,0" yaku="19,1" doraHai="111" who="0" fromWho="0" sc="254,11,394,-3,305,-3,47,-5" owari="265,-13.5,391,49.1,302,10.2,42,-45.8" /></mjloggm>