<mjloggm ver="2.3"><GO type="225" lobby="0"/><UN n0="%E6%98%93%E5%88%A9%E8%96%A9%E4%BC%AF" n1="%E6%A1%9C%E8%8A%B1%E9%96%83%E3%80%85" n2="%E3%81%AF%E3%82%88%E3%81%8A%E3%81%98%E3%81%95%E3%82%93" n3="%72%61%6B%33" dan="16,16,16,16" rate="2131.07,2159.71,2164.66,2231.82" sx="F,M,M,M"/><TAIKYOKU oya="0"/><INIT seed="0,0,0,5,3,35" ten="250,250,250,250" oya="0" hai0="7,41,6,62,124,135,130,56,20,32,11,93,120" hai1="110,23,33,87,96,4,52,58,95,65,53,114,25" hai2="115,79,19,98,74,121,91,31,92,119,133,71,60" hai3="15,70,12,3,101,22,117,99,113,59,116,97,132"/><T55/><D32/><U21/><E110/><V28/><F115/><W69/><G22/><T81/><D120/><U64/><E114/><V106/><F121/><W84/><G84/><T9/><D135/><U30/><E33/><V37/><F37/><W85/><G85/><T76/><D130/><U127/><E127/><V94/><F133/><W73/><G59/><T134/><D134/><U68/><E68/><V45/><F106/><W107/><G132/><T44/><D93/><U39/><E39/><V27/><F119/><W102/><G113/><T67/><D20/><U125/><E87/><V128/><F128/><W122/><G122/><T5/><D67/><U54/><E125/><V63/><F45/><W1/><G107/><T26/><D26/><N who="1" m="16719" /><E4/><V38/><F38/><W103/><REACH who="3" step="1"/><G102/><REACH who="3" ten="250,250,250,240" step="2"/><T2/><D124/><U83/><E58/><V109/><F71/><W100/><G100/><T86/><REACH who="0" step="1"/><D11/><REACH who="0" ten="240,250,250,240" step="2"/><U77/><E23/><V34/><F34/><W123/><G123/><T14/><D14/><U108/><E25/><V90/><F27/><W42/><G42/><T43/><D43/><U78/><E108/><V126/><F109/><W72/><AGARI ba="0,2" hai="1,3,12,15,69,70,72,73,97,99,101,103,116,117" machi="72" ten="25,12000,2" yaku="1,1,0,1,22,2,52,2,53,0" doraHai="35" doraHaiUra="36" who="3" fromWho="3" sc="240,-60,250,-30,250,-30,240,140" /><INIT seed="1,0,0,4,5,85" ten="180,220,220,380" oya="1" hai0="52,21,106,135,45,56,60,12,13,15,14,77,123" hai1="98,129,55,104,10,29,24,131,107,19,84,97,99" hai2="78,43,40,92,100,130,90,62,122,16,115,42,117" hai3="133,93,76,64,44,48,61,118,22,124,35,70,6"/><U113/><E55/><V89/><F122/><W96/><G35/><T111/><D106/><N who="1" m="40491" /><E19/><V53/><F117/><W28/><G118/><T88/><D111/><U80/><E10/><V127/><F127/><W65/><G124/><T38/><D135/><U63/><E63/><V109/><F109/><W8/><G133/><T103/><D103/><U81/><E24/><V66/><F130/><N who="1" m="49673" /><E29/><V68/><F115/><W50/><G64/><T5/><D77/><N who="1" m="46095" /><E81/><V119/><F78/><W25/><G76/><T121/><D5/><U83/><E83/><V120/><F119/><W132/><G44/><T4/><D4/><U94/><E113/><V91/><F120/><N who="0" m="46154" /><D15/><U23/><E23/><V2/><F2/><W87/><G22/><T17/><D38/><U134/><E134/><V39/><F39/><W41/><G41/><T9/><D9/><U46/><E46/><V30/><F30/><W18/><G28/><T101/><D101/><AGARI ba="0,0" hai="94,97,98,99,101" m="46095,49673,40491" machi="101" ten="30,5800,0" yaku="19,1,34,2" doraHai="85" who="1" fromWho="0" sc="180,-58,220,58,220,0,380,0" /><INIT seed="1,1,0,3,3,122" ten="122,278,220,380" oya="1" hai0="59,104,123,111,93,127,135,73,33,46,83,17,80" hai1="106,78,0,100,45,28,20,115,84,36,129,92,16" hai2="126,130,71,105,102,110,12,25,62,22,13,54,103" hai3="26,8,87,101,41,56,79,85,81,2,18,133,63"/><U109/><E115/><V98/><F126/><W124/><G124/><T99/><D33/><U107/><E0/><V114/><F130/><W39/><G133/><T10/><D127/><U95/><E28/><V64/><F114/><W51/><G39/><T70/><D104/><U14/><E129/><V132/><F132/><W31/><G101/><T9/><D70/><U21/><E21/><V75/><F75/><W55/><G2/><T1/><D123/><U97/><E109/><V7/><F103/><W43/><G8/><T66/><D73/><U76/><E95/><V94/><F105/><W89/><G18/><T50/><D135/><U11/><E11/><V68/><F71/><W24/><G63/><T61/><D10/><U116/><E116/><V74/><F74/><W47/><G47/><T69/><D69/><U77/><REACH who="1" step="1"/><E84/><REACH who="1" ten="122,268,220,380" step="2"/><V58/><F110/><W82/><G26/><T86/><D111/><U120/><E120/><V35/><F35/><AGARI ba="1,1" hai="24,31,35,41,43,51,55,56,79,81,82,85,87,89" machi="35" ten="30,1000,0" yaku="7,1" doraHai="122" who="3" fromWho="2" sc="122,0,268,0,220,-13,380,23" /><INIT seed="2,0,0,1,2,133" ten="122,268,207,403" oya="2" hai0="131,95,82,56,72,102,14,8,123,28,89,70,15" hai1="17,71,35,105,135,85,124,74,126,121,29,96,16" hai2="13,108,78,98,34,33,50,19,58,49,116,24,83" hai3="118,7,112,92,3,84,88,23,107,75,115,109,87"/><V134/><F116/><W77/><G118/><T25/><D70/><U40/><E74/><V20/><F134/><W59/><G107/><T39/><D39/><U68/><E135/><V31/><F108/><W30/><G109/><T44/><D131/><U81/><E40/><V22/><F98/><W120/><G120/><T101/><D123/><U21/><E35/><V47/><F58/><W48/><G7/><T125/><D15/><N who="1" m="9375" /><E17/><V32/><REACH who="2" step="1"/><F47/><REACH who="2" ten="122,268,197,403" step="2"/><W129/><G59/><T55/><D44/><U63/><E121/><V61/><F61/><W12/><G115/><T132/><D132/><U66/><E71/><V1/><F1/><W62/><G3/><T52/><D56/><U54/><E96/><V45/><F45/><W27/><G62/><T60/><D60/><U65/><E68/><V41/><F41/><W128/><G112/><T100/><D55/><U122/><E122/><V97/><F97/><W106/><G129/><T114/><D52/><U76/><E54/><V67/><F67/><W9/><G128/><T113/><D114/><U110/><E110/><V99/><F99/><W46/><G46/><T2/><D2/><U119/><E119/><V103/><F103/><W37/><G48/><T117/><D113/><U104/><E63/><V80/><F80/><W64/><G64/><N who="1" m="24682" /><E104/><V86/><AGARI ba="0,1" hai="13,19,20,22,24,31,32,33,34,49,50,78,83,86" machi="86" ten="30,6000,0" yaku="1,1,0,1,53,1" doraHai="133" doraHaiUra="73" who="2" fromWho="2" sc="122,-20,268,-20,197,70,403,-20" /><INIT seed="2,1,0,0,2,40" ten="102,248,267,383" oya="2" hai0="76,72,119,84,12,115,33,124,26,113,112,133,30" hai1="16,126,8,130,87,78,125,38,6,60,114,111,10" hai2="77,97,41,55,51,31,64,59,127,131,90,68,123" hai3="14,122,66,21,57,118,5,52,42,19,104,62,54"/><V58/><F123/><W109/><G118/><T1/><D84/><U28/><E38/><V20/><F68/><W46/><G122/><T103/><D133/><U34/><E114/><V9/><F127/><N who="1" m="48649" /><E111/><V15/><F131/><W85/><G109/><T69/><D124/><U11/><E60/><N who="2" m="37911" /><F77/><W45/><G104/><T0/><D119/><U4/><E130/><V67/><F67/><W116/><G116/><T35/><D69/><U3/><E87/><V134/><F134/><W120/><G120/><T81/><D12/><N who="1" m="7199" /><E78/><V106/><F106/><W132/><G132/><T117/><D117/><U89/><E89/><V36/><F36/><W128/><G128/><T56/><D56/><U48/><E48/><V86/><F97/><W102/><G57/><T24/><REACH who="0" step="1"/><D103/><REACH who="0" ten="92,248,267,383" step="2"/><U79/><E79/><V13/><F13/><W94/><G14/><T44/><D44/><U107/><E3/><V70/><F70/><W49/><G45/><T2/><D2/><U47/><E47/><N who="2" m="26095" /><F86/><W23/><G85/><T50/><D50/><U75/><E75/><V99/><F90/><W39/><G39/><T71/><D71/><U80/><E80/><V101/><F101/><W53/><G102/><T18/><D18/><U32/><E4/><V82/><F82/><W22/><G5/><T100/><D100/><U91/><E6/><V110/><F110/><W92/><G19/><T43/><D43/><U135/><E135/><V108/><F108/><W37/><G37/><T65/><D65/><U95/><E107/><V63/><F15/><W83/><G83/><T98/><D98/><N who="1" m="57727" /><E28/><AGARI ba="1,1" hai="0,1,24,26,28,30,33,35,72,76,81,112,113,115" machi="28" ten="40,8000,1" yaku="1,1,9,1,23,2,53,1" doraHai="40" doraHaiUra="105" who="0" fromWho="1" sc="92,93,248,-83,267,0,383,0" /><INIT seed="3,0,0,0,5,108" ten="185,165,267,383" oya="3" hai0="3,45,86,67,32,96,11,42,83,129,134,135,118" hai1="103,40,34,89,21,51,12,27,14,49,57,50,116" hai2="119,31,48,58,46,114,63,98,60,65,70,91,6" hai3="110,68,44,92,23,71,36,16,102,26,7,106,15"/><W64/><G106/><T18/><D118/><U0/><E0/><V24/><F114/><W69/><G110/><T81/><D32/><U132/><E34/><V20/><F119/><W93/><G102/><T8/><D67/><U19/><E116/><V74/><F74/><W37/><G64/><T79/><D129/><U87/><E132/><N who="0" m="50729" /><D3/><U13/><E103/><V52/><F6/><W55/><G55/><T56/><D56/><U35/><E35/><V41/><F98/><W100/><G100/><T127/><D96/><U111/><E111/><V54/><F91/><W1/><G1/><T59/><D59/><U33/><E33/><V75/><F75/><W122/><G122/><T90/><D127/><U39/><E39/><V9/><F9/><N who="0" m="3658" /><D18/><U73/><E73/><V80/><F80/><W77/><G77/><T94/><D79/><U5/><E5/><V95/><F95/><W123/><G93/><T38/><AGARI ba="0,0" hai="38,42,45,81,83,86,90,94" m="3658,50729" machi="38" ten="30,1100,0" yaku="20,1" doraHai="108" who="0" fromWho="0" sc="185,11,165,-3,267,-3,383,-5" owari="196,-20.4,162,-33.8,264,6.4,378,47.8" /></mjloggm>