<mjloggm ver="2.3"><GO type="225" lobby="0"/><UN n0="%E6%B4%BE%E9%81%A3%E3%81%AE%E3%82%B8%E3%83%A3%E3%83%83%E3%82%AF" n1="%E3%82%B2%E3%82%B9%E8%8C%82%E5%8B%9D" n2="%E3%81%99%E3%81%84%E3%81%BE%E3%81%9B%E3%83%BC%E3%82%93" n3="%E4%BF%BA%E3%81%A8%E5%A6%96%E5%A4%A2" dan="17,16,18,17" rate="2224.72,2100.20,2247.49,2202.56" sx="M,F,M,F"/><TAIKYOKU oya="0"/><INIT seed="0,0,0,1,5,40" ten="250,250,250,250" oya="0" hai0="112,35,109,127,117,83,10,1,69,74,75,13,67" hai1="15,130,4,115,44,65,19,70,18,88,118,49,43" hai2="24,126,90,63,81,100,66,5,34,27,38,122,50" hai3="77,25,119,55,64,105,79,133,31,33,116,103,59"/><T46/><D112/><U20/><E118/><V131/><F38/><W17/><G133/><T97/><D117/><U26/><E115/><V73/><F122/><W80/><G64/><T62/><D35/><U51/><E130/><V3/><F131/><W6/><G6/><T61/><D1/><U98/><E4/><V129/><F126/><W125/><G79/><T23/><D127/><U48/><E65/><V68/><F34/><W86/><G125/><T52/><D23/><U39/><E70/><V107/><F129/><W14/><G103/><T37/><D97/><U16/><REACH who="1" step="1"/><E15/><REACH who="1" ten="250,240,250,250" step="2"/><V89/><F5/><W29/><G116/><T7/><D109/><U104/><E104/><V110/><F107/><W53/><G105/><T30/><D30/><U21/><E21/><V36/><F68/><W124/><G119/><T42/><REACH who="0" step="1"/><D83/><REACH who="0" ten="240,240,250,250" step="2"/><U56/><E56/><AGARI ba="0,2" hai="7,10,13,37,42,46,52,56,61,62,67,69,74,75" machi="56" ten="40,12000,1" yaku="1,1,2,1,52,1,54,1,53,0" doraHai="40" doraHaiUra="95" who="0" fromWho="1" sc="240,140,240,-120,250,0,250,0" /><INIT seed="0,1,0,1,3,129" ten="380,120,250,250" oya="0" hai0="44,3,104,106,96,17,127,102,29,20,22,41,55" hai1="35,77,23,114,135,63,89,10,128,15,50,111,105" hai2="51,84,121,39,72,54,97,43,100,126,45,33,107" hai3="59,34,86,64,12,81,69,115,42,103,65,26,93"/><T112/><D112/><U11/><E114/><V7/><F72/><W49/><G115/><T88/><D3/><U71/><E35/><V27/><F121/><W123/><G69/><T109/><D127/><U70/><E105/><V53/><F126/><W125/><G125/><T52/><D104/><U46/><E128/><V124/><F124/><W36/><G36/><T31/><D109/><U24/><E77/><V119/><F119/><W62/><G123/><T116/><D116/><U0/><E0/><V110/><F110/><W130/><G130/><T91/><D29/><U131/><E131/><V99/><F99/><W90/><G12/><T56/><D31/><U132/><E111/><V95/><F7/><W120/><G34/><T101/><D20/><U38/><E38/><V76/><F39/><W40/><G26/><T30/><D30/><N who="1" m="17695" /><E89/><N who="0" m="34377" /><D106/><U18/><E10/><V9/><F9/><W80/><G120/><T8/><D8/><U28/><E63/><V92/><F107/><W85/><G80/><T108/><D108/><U134/><E28/><V60/><F33/><W47/><G40/><AGARI ba="1,0" hai="11,15,18,40,46,50,70,71,132,134,135" m="17695" machi="40" ten="30,7700,0" yaku="20,1,52,3" doraHai="129" who="1" fromWho="3" sc="380,0,120,80,250,0,250,-80" /><INIT seed="1,0,0,4,5,127" ten="380,200,250,170" oya="1" hai0="128,33,49,114,7,89,15,97,11,80,47,31,102" hai1="123,55,2,46,40,38,108,66,68,37,57,26,105" hai2="120,88,36,117,25,90,82,4,17,84,67,118,109" hai3="101,42,91,63,50,107,1,99,74,13,9,22,8"/><U3/><E123/><V110/><F120/><W78/><G74/><T34/><D128/><U106/><E37/><V19/><F36/><W16/><G78/><T6/><D31/><U48/><E108/><N who="2" m="41579" /><F4/><W125/><G125/><T58/><D58/><U23/><E3/><V130/><F130/><W111/><G111/><T77/><D89/><U133/><E2/><V62/><F90/><W131/><G131/><T41/><D7/><U85/><E85/><V44/><F44/><W73/><G73/><T135/><D135/><U92/><E92/><V53/><F53/><W21/><G63/><T28/><D28/><U5/><E5/><V104/><F104/><W65/><G65/><T126/><D114/><U81/><E81/><V113/><F113/><W43/><G1/><T60/><D60/><N who="1" m="40007" /><E133/><V134/><F134/><W56/><G91/><T87/><D126/><U35/><E35/><V0/><F0/><W12/><G56/><T116/><D116/><N who="2" m="44650" /><F25/><W94/><G107/><AGARI ba="0,0" hai="6,11,15,33,34,41,47,49,77,80,87,97,102,107" machi="107" ten="30,3900,0" yaku="7,1,25,2" doraHai="127" who="0" fromWho="3" sc="380,39,200,0,250,0,170,-39" /><INIT seed="2,0,0,5,0,43" ten="419,200,250,131" oya="2" hai0="7,25,110,132,66,19,85,81,68,46,45,63,41" hai1="21,95,15,99,70,104,24,122,55,31,3,89,34" hai2="5,101,94,23,117,4,33,131,17,112,88,114,116" hai3="118,108,115,127,61,103,53,130,92,96,2,119,12"/><V109/><F131/><W74/><G2/><T47/><D110/><U52/><E122/><V57/><F33/><W64/><G108/><T22/><D7/><U69/><E3/><V9/><F101/><W26/><G130/><T56/><D132/><U60/><E104/><V8/><F109/><W6/><G127/><T18/><D68/><U77/><E77/><V82/><F82/><W121/><G121/><T124/><D124/><U39/><E39/><V106/><F106/><W73/><G115/><T126/><D126/><U36/><E36/><V79/><F79/><W129/><G129/><T80/><D41/><U128/><E128/><V0/><F57/><W67/><G26/><N who="0" m="14679" /><D85/><U93/><E93/><V135/><F135/><W78/><G64/><T105/><D105/><U123/><E123/><V44/><F114/><W11/><G53/><T38/><D38/><U90/><E70/><V14/><F112/><W20/><G20/><AGARI ba="0,0" hai="19,20,25,45,46,47,56,63,66,80,81" m="14679" machi="20" ten="30,7700,0" yaku="8,1,52,3" doraHai="43" who="0" fromWho="3" sc="419,77,200,0,250,0,131,-77" /><INIT seed="3,0,0,5,4,33" ten="496,200,250,54" oya="3" hai0="113,66,114,115,79,96,15,37,69,6,24,25,109" hai1="118,91,86,120,28,71,13,126,53,108,35,23,85" hai2="59,12,97,94,72,44,65,73,0,49,105,20,80" hai3="62,4,34,133,50,61,125,36,5,84,57,31,119"/><W21/><G119/><T38/><D109/><U98/><E108/><V128/><F0/><W48/><G34/><T89/><D79/><U104/><E120/><V30/><F105/><W81/><G36/><T8/><D66/><U130/><E118/><V56/><F128/><W124/><G133/><T18/><D69/><U93/><E130/><V110/><F110/><W52/><G125/><T100/><D89/><U90/><E126/><V83/><F73/><W103/><G103/><T3/><D24/><U116/><E116/><V60/><F59/><W78/><G124/><T121/><D25/><U19/><E71/><V111/><F111/><W99/><G99/><T51/><D51/><U46/><E28/><V127/><F72/><W55/><G31/><T67/><D67/><U32/><E104/><V9/><F20/><W88/><G78/><T75/><D75/><U11/><E23/><V1/><F1/><W102/><G102/><T16/><D121/><U112/><E112/><V27/><F27/><W117/><G21/><N who="0" m="11423" /><D18/><U58/><E98/><V47/><F30/><W132/><G117/><T131/><D131/><U2/><E2/><V87/><F127/><W106/><G106/><AGARI ba="0,0" hai="3,6,8,37,38,96,100,106,113,114,115" m="11423" machi="106" ten="30,3900,0" yaku="11,1,52,1,54,1" doraHai="33" who="0" fromWho="3" sc="496,39,200,0,250,0,54,-39" owari="535,63.5,200,-20.0,250,5.0,15,-48.5" /></mjloggm>