<mjloggm ver="2.3"><GO type="225" lobby="0"/><UN n0="%E3%81%88%E3%81%8C%E3%82%8F%E3%82%8A%E3%81%8A" n1="%43%68%65" n2="%E9%A2%A8%E3%81%A7%E9%B3%B4%E3%81%8F" n3="%E3%81%82%E3%81%99%E3%81%AB%E3%82%83%E3%82%80" dan="16,16,16,16" rate="2145.58,2139.51,2119.87,2035.89" sx="M,M,M,F"/><TAIKYOKU oya="0"/><INIT seed="0,0,0,3,3,15" ten="250,250,250,250" oya="0" hai0="73,125,72,97,28,95,35,54,48,83,91,135,80" hai1="21,52,23,115,59,68,74,9,87,61,132,50,102" hai2="41,69,34,126,101,38,36,70,10,17,60,47,5" hai3="32,33,92,108,88,58,114,40,76,112,94,116,67"/><T130/><D130/><U134/><E74/><V27/><F126/><W6/><G116/><T64/><D125/><U1/><E115/><V75/><F75/><W12/><G108/><T98/><D64/><N who="1" m="40975" /><E102/><V29/><F38/><W93/><G76/><T30/><D135/><N who="1" m="51755" /><E87/><V81/><F101/><W105/><G105/><T84/><D35/><U0/><E0/><V106/><F106/><W24/><G40/><T51/><D84/><U20/><E20/><V119/><F119/><W42/><G42/><T55/><D95/><U131/><E131/><V53/><F81/><W57/><G88/><AGARI ba="0,0" hai="28,30,48,51,54,55,72,73,80,83,88,91,97,98" machi="88" ten="25,4800,0" yaku="22,2,54,1" doraHai="15" who="0" fromWho="3" sc="250,48,250,0,250,0,250,-48" /><INIT seed="0,1,0,3,2,54" ten="298,250,250,202" oya="0" hai0="134,72,3,101,94,115,26,59,96,12,8,27,53" hai1="4,67,100,124,133,69,117,20,40,81,44,75,19" hai2="5,22,57,113,77,119,32,10,18,9,11,91,123" hai3="39,35,45,30,66,116,80,132,112,14,76,82,106"/><T74/><D115/><U23/><E117/><V42/><F32/><W33/><G112/><T92/><D134/><U43/><E4/><V31/><F31/><W105/><G116/><T128/><D128/><U121/><E100/><V118/><F113/><W104/><G132/><T7/><D3/><U46/><E81/><V79/><F123/><W68/><G14/><T63/><REACH who="0" step="1"/><D92/><REACH who="0" ten="288,250,250,202" step="2"/><U73/><E133/><V55/><F119/><W70/><G106/><T24/><AGARI ba="1,1" hai="7,8,12,24,26,27,53,59,63,72,74,94,96,101" machi="24" ten="30,11700,0" yaku="1,1,2,1,0,1,52,1,53,0" doraHai="54" doraHaiUra="108" who="0" fromWho="0" sc="288,130,250,-40,250,-40,202,-40" /><INIT seed="0,2,0,3,1,53" ten="418,210,210,162" oya="0" hai0="9,79,132,134,122,110,34,112,1,97,101,102,99" hai1="121,135,51,50,64,56,106,26,35,87,120,71,129" hai2="74,54,86,30,67,73,96,43,27,77,10,90,124" hai3="48,123,65,23,12,29,83,18,58,17,108,28,76"/><T111/><D122/><N who="1" m="47211" /><E87/><V31/><F124/><W81/><G108/><N who="0" m="41515" /><D34/><U49/><E26/><V57/><F67/><W7/><G123/><T119/><D112/><U105/><E105/><V109/><F43/><W127/><G127/><T0/><D119/><U41/><E106/><V22/><F31/><W45/><G7/><N who="0" m="1255" /><D1/><U115/><E35/><V128/><F128/><W2/><G2/><T104/><D79/><U8/><E8/><V130/><F130/><W32/><G32/><T85/><D85/><U3/><E3/><V125/><F125/><W66/><G76/><T4/><D4/><U72/><E72/><V11/><F109/><W20/><G45/><T80/><D80/><U93/><E93/><AGARI ba="2,0" hai="93,97,99,101,102,104,132,134" m="1255,41515" machi="93" ten="30,2900,0" yaku="14,1,10,1" doraHai="53" who="0" fromWho="1" sc="418,35,210,-35,210,0,162,0" /><INIT seed="0,3,0,0,5,15" ten="453,175,210,162" oya="0" hai0="95,29,94,87,93,72,3,17,70,51,23,107,78" hai1="56,120,79,44,84,39,101,28,114,10,102,12,50" hai2="83,98,122,2,59,117,119,69,91,110,130,105,13" hai3="123,22,64,42,53,109,97,19,9,41,14,18,48"/><T66/><D107/><U99/><E120/><V47/><F47/><W38/><G123/><T121/><D121/><U40/><E114/><V85/><F69/><W77/><G109/><T115/><D115/><U76/><E28/><V100/><F2/><W0/><G38/><T86/><D3/><U27/><E27/><V7/><F122/><W75/><G0/><T25/><D72/><U128/><E128/><V65/><F110/><W11/><G64/><T45/><D66/><U81/><E79/><V135/><F135/><W88/><G77/><T131/><D70/><U1/><E1/><V103/><F103/><W108/><G75/><T67/><D67/><U21/><E21/><V73/><F130/><W89/><G9/><T90/><D131/><U125/><E125/><V26/><F26/><N who="3" m="14679" /><G108/><T92/><D29/><U34/><E34/><V60/><F73/><W61/><G61/><T54/><REACH who="0" step="1"/><D78/><REACH who="0" ten="443,175,210,162" step="2"/><U24/><E76/><V116/><F116/><W133/><G133/><T33/><D33/><U124/><E124/><V16/><REACH who="2" step="1"/><F7/><REACH who="2" ten="443,175,200,162" step="2"/><W6/><G6/><T57/><D57/><U127/><E56/><V74/><F74/><W5/><G5/><T46/><D46/><U71/><E44/><V112/><F112/><W31/><G31/><T80/><D80/><U35/><E81/><V49/><F49/><W55/><G48/><T111/><D111/><U58/><E50/><V96/><F96/><AGARI ba="3,2" hai="17,23,25,45,51,54,86,87,90,92,93,94,95,96" machi="96" ten="40,7700,0" yaku="1,1,8,1,52,1,53,0" doraHai="15" doraHaiUra="118" who="0" fromWho="2" sc="443,106,175,0,200,-86,162,0" /><INIT seed="0,4,0,0,2,95" ten="549,175,114,162" oya="0" hai0="56,24,62,42,54,114,131,82,49,22,86,16,18" hai1="72,9,35,103,14,99,73,76,81,63,128,113,124" hai2="84,44,46,109,91,31,92,83,135,134,6,4,125" hai3="10,132,47,78,88,25,107,120,2,11,23,45,3"/><T98/><D131/><U70/><E128/><V100/><F109/><W20/><G107/><T5/><D114/><U1/><E1/><V117/><F125/><W36/><G78/><T121/><D121/><U50/><E35/><V34/><F117/><W101/><G101/><T133/><D133/><N who="2" m="50698" /><F34/><W129/><G132/><T66/><D5/><N who="2" m="2154" /><F31/><W68/><G68/><T79/><D42/><U97/><E72/><V0/><F0/><W43/><G129/><T28/><REACH who="0" step="1"/><D98/><AGARI ba="4,0" hai="44,46,83,84,91,92,98,100" m="2154,50698" machi="98" ten="30,2000,0" yaku="20,1,52,1" doraHai="95" who="2" fromWho="0" sc="549,-32,175,0,114,32,162,0" /><INIT seed="1,0,0,2,0,133" ten="517,175,146,162" oya="1" hai0="128,88,118,120,69,108,100,114,113,107,35,31,42" hai1="4,110,21,44,103,24,0,85,105,106,1,36,130" hai2="54,47,134,83,127,93,121,64,123,59,60,74,48" hai3="70,41,116,101,50,99,39,52,126,131,27,90,15"/><U40/><E130/><V28/><F134/><W45/><G131/><T119/><D88/><U115/><E115/><N who="0" m="44041" /><D42/><U76/><E110/><V68/><F28/><W71/><G116/><N who="0" m="44587" /><D128/><U104/><E103/><V63/><F93/><W57/><G126/><T86/><D86/><U124/><E124/><V109/><F109/><W82/><G27/><N who="0" m="18943" /><D120/><N who="2" m="46154" /><F83/><W6/><G90/><T16/><D16/><U91/><E76/><V112/><F74/><W43/><G43/><T98/><D108/><U61/><E106/><V10/><F10/><W7/><G82/><T22/><D22/><U55/><E21/><V89/><F89/><W94/><G71/><AGARI ba="0,0" hai="69,71,98,100,107" m="18943,44587,44041" machi="71" ten="30,1000,0" yaku="23,1" doraHai="133" who="0" fromWho="3" sc="517,10,175,0,146,0,162,-10" /><INIT seed="2,0,0,2,1,46" ten="527,175,146,152" oya="2" hai0="37,9,40,47,119,80,100,6,64,125,85,58,18" hai1="101,122,90,81,78,115,73,91,28,92,98,134,109" hai2="10,127,44,93,4,0,24,129,66,33,39,62,102" hai3="82,123,84,27,60,8,2,34,25,70,72,7,13"/><V120/><F120/><W99/><G123/><T117/><D125/><U131/><E122/><V97/><F127/><W69/><G72/><T126/><D100/><U59/><E115/><V112/><F112/><W17/><G99/><T51/><D18/><U116/><E116/><N who="0" m="44617" /><D126/><U87/><E28/><V95/><F129/><W128/><G128/><T74/><D74/><U103/><E131/><V96/><F39/><W124/><G124/><T108/><D108/><U86/><E109/><V104/><F44/><W75/><G75/><T106/><D106/><U50/><E134/><V68/><REACH who="2" step="1"/><F97/><REACH who="2" ten="527,175,136,152" step="2"/><W89/><G34/><T133/><D37/><U79/><E59/><V20/><F20/><W55/><G70/><T12/><D133/><U32/><E32/><V111/><F111/><W135/><G135/><T52/><D47/><U35/><E35/><V23/><F23/><W110/><G110/><T107/><D58/><U21/><E21/><V16/><F16/><W14/><G69/><T19/><D19/><U65/><E98/><V71/><F71/><W53/><G17/><T130/><D130/><U1/><E79/><V43/><F43/><W38/><G38/><T26/><D40/><U76/><E76/><V94/><F94/><W42/><G42/><T121/><D121/><U15/><E78/><V57/><F57/><W83/><G82/><T132/><D132/><U3/><E81/><V29/><AGARI ba="0,1" hai="0,4,10,24,29,33,62,66,68,93,95,96,102,104" machi="29" ten="30,12000,1" yaku="1,1,0,1,25,2,53,1" doraHai="46" doraHaiUra="67" who="2" fromWho="2" sc="527,-40,175,-40,136,130,152,-40" /><INIT seed="2,1,0,1,5,7" ten="487,135,266,112" oya="2" hai0="27,114,34,113,10,121,84,70,8,47,29,117,126" hai1="61,33,62,131,102,50,21,9,6,106,83,24,36" hai2="111,51,46,31,35,64,44,3,123,77,37,107,30" hai3="63,59,89,56,17,105,109,85,11,88,49,60,43"/><V1/><F107/><W93/><G105/><T116/><D70/><U52/><E36/><V14/><F123/><W94/><G109/><T13/><D121/><U128/><E33/><V133/><F64/><W130/><G130/><N who="1" m="49706" /><E83/><V80/><F111/><W90/><G43/><T54/><D84/><U0/><E102/><V69/><F69/><W41/><G41/><T118/><D126/><U125/><E106/><V57/><F57/><N who="3" m="22091" /><G49/><N who="0" m="28991" /><D10/><U72/><E72/><V122/><F122/><W92/><G85/><T38/><D38/><U15/><E0/><V73/><F133/><W40/><G40/><T25/><D25/><U42/><E42/><V99/><F37/><W76/><G76/><T108/><D108/><U91/><E91/><V32/><F51/><W28/><G28/><T120/><D120/><U119/><E119/><V18/><F1/><W22/><G11/><T97/><D97/><U101/><E101/><V26/><F3/><W103/><G103/><T79/><D79/><U135/><E135/><V112/><F99/><W87/><G87/><T96/><D96/><U95/><E125/><V74/><F74/><W67/><G67/><T48/><D48/><U134/><E134/><V55/><F55/><W45/><G45/><T82/><D82/><U16/><E95/><N who="3" m="24322" /><W20/><DORA hai="71" /><G17/><AGARI ba="1,0" hai="8,13,17,27,29,34,113,114,116,117,118" m="28991" machi="17" ten="30,2000,0" yaku="12,1,52,1" doraHai="7,71" who="0" fromWho="3" sc="487,23,135,0,266,0,112,-23" /><INIT seed="3,0,0,4,3,40" ten="510,135,266,89" oya="3" hai0="37,107,4,1,22,130,93,43,32,131,31,112,133" hai1="81,20,11,42,108,5,111,86,36,104,92,105,28" hai2="56,49,71,114,88,64,135,74,12,125,18,120,116" hai3="66,8,121,118,83,84,62,100,134,109,7,67,10"/><W80/><G118/><T68/><D107/><U76/><E92/><V129/><F74/><W0/><G121/><T19/><D68/><U59/><E59/><V48/><F114/><W132/><G109/><N who="1" m="42058" /><E42/><V9/><F116/><W44/><G100/><T13/><D22/><U30/><E36/><V2/><F120/><W55/><G10/><T46/><D13/><N who="1" m="5359" /><E30/><V41/><F2/><W110/><G110/><T34/><D34/><U69/><E69/><V38/><F125/><W60/><G60/><T101/><D19/><U82/><E82/><N who="3" m="31274" /><G84/><T3/><D112/><U27/><AGARI ba="0,0" hai="20,27,28,76,81,86,104,105" m="5359,42058" machi="27" ten="30,1100,0" yaku="14,1" doraHai="40" who="1" fromWho="1" sc="510,-3,135,11,266,-3,89,-5" owari="507,60.7,146,-25.4,263,6.3,84,-41.6" /></mjloggm>