<mjloggm ver="2.3"><GO type="225" lobby="0"/><UN n0="%E3%81%82%E3%81%99%E3%81%AB%E3%82%83%E3%82%80" n1="%E3%81%86%E3%82%8C%E3%81%9F%E3%82%93%E6%9E%95" n2="%6D%75%75%6D%75%72%61" n3="%E8%90%BD%E6%97%A5" dan="16,16,16,18" rate="2096.65,2095.41,2228.74,2178.25" sx="F,F,F,F"/><TAIKYOKU oya="0"/><INIT seed="0,0,0,5,2,98" ten="250,250,250,250" oya="0" hai0="36,122,14,71,19,131,132,75,49,37,113,48,62" hai1="22,51,6,28,10,73,76,129,9,67,97,89,31" hai2="78,77,5,33,34,79,84,25,63,65,26,29,66" hai3="127,99,54,94,87,50,104,64,69,117,43,44,112"/><T18/><D113/><U108/><E129/><V123/><F123/><W40/><G112/><T15/><D122/><U38/><E38/><V4/><F84/><W58/><G117/><T115/><D115/><U88/><E108/><V106/><F106/><W21/><G127/><T2/><D2/><U125/><E125/><V59/><REACH who="2" step="1"/><F66/><REACH who="2" ten="250,250,240,250" step="2"/><W11/><G87/><T111/><D75/><U130/><E130/><V30/><AGARI ba="0,1" hai="4,5,25,26,29,30,33,34,59,63,65,77,78,79" machi="30" ten="30,7900,0" yaku="1,1,2,1,0,1,9,1,53,0" doraHai="98" doraHaiUra="70" who="2" fromWho="2" sc="250,-39,250,-20,240,89,250,-20" /><INIT seed="1,0,0,1,2,135" ten="211,230,329,230" oya="1" hai0="110,6,2,25,67,33,18,19,126,113,106,21,96" hai1="50,68,10,83,108,107,46,57,82,134,17,62,81" hai2="87,52,86,61,30,109,31,115,72,15,24,118,93" hai3="48,117,45,127,114,119,47,8,11,59,39,29,56"/><U84/><E134/><V37/><F72/><W35/><G35/><T69/><D113/><U122/><E122/><V43/><F118/><W1/><G29/><N who="0" m="19631" /><D110/><U16/><E107/><V0/><F0/><W90/><G114/><T120/><D120/><U111/><E68/><V60/><F115/><W98/><G39/><T64/><D64/><U129/><E129/><V28/><F109/><N who="1" m="42057" /><E84/><V75/><F75/><W55/><G98/><T54/><D54/><N who="1" m="34103" /><E10/><V94/><F37/><W26/><G26/><T89/><D89/><U65/><E65/><V99/><F43/><AGARI ba="0,0" hai="16,17,43,46,50,81,82,83" m="34103,42057" machi="43" ten="30,5800,0" yaku="14,1,10,1,54,1" doraHai="135" who="1" fromWho="2" sc="211,0,230,58,329,-58,230,0" /><INIT seed="1,1,0,0,0,41" ten="211,288,271,230" oya="1" hai0="110,64,99,21,89,119,2,129,17,108,38,24,131" hai1="30,57,49,118,25,116,85,20,124,68,121,13,100" hai2="54,101,34,45,9,113,66,59,11,77,133,95,130" hai3="62,84,16,87,67,5,37,81,40,69,132,134,42"/><U79/><E121/><V123/><F123/><W109/><G109/><N who="0" m="42091" /><D64/><U15/><E124/><V29/><F130/><N who="0" m="49674" /><D38/><U18/><E68/><V94/><F133/><N who="3" m="51307" /><G5/><T6/><D99/><U112/><E100/><V7/><F113/><W61/><G61/><T88/><D119/><U107/><E107/><V33/><F77/><N who="3" m="46127" /><G37/><T47/><D47/><U102/><E102/><V105/><F45/><W122/><G122/><T73/><D73/><U93/><E112/><V70/><F66/><W3/><G3/><T97/><D97/><U55/><E116/><V82/><F70/><W63/><G63/><T76/><D76/><U27/><E118/><V50/><F50/><W117/><G117/><T71/><D71/><U1/><E1/><V19/><F59/><W106/><G106/><T10/><AGARI ba="1,0" hai="2,6,10,17,21,24,88,89" m="49674,42091" machi="10" ten="40,5200,0" yaku="14,1,19,1,54,1" doraHai="41" who="0" fromWho="0" sc="211,55,288,-27,271,-14,230,-14" /><INIT seed="2,0,0,5,0,103" ten="266,261,257,216" oya="2" hai0="116,19,30,25,73,101,112,117,107,48,1,67,52" hai1="93,110,56,9,47,95,20,127,90,99,88,44,134" hai2="53,62,24,132,57,37,28,60,32,41,81,94,135" hai3="42,29,96,65,31,23,12,69,15,130,5,2,72"/><V51/><F81/><W7/><G72/><T86/><D73/><U38/><E110/><V77/><F77/><W63/><G130/><T114/><D67/><U21/><E134/><N who="2" m="51243" /><F94/><W76/><G76/><T97/><D19/><U106/><E127/><V11/><F11/><W87/><G87/><T83/><D1/><U54/><E106/><V118/><F118/><N who="0" m="45674" /><D25/><U22/><E38/><V13/><F13/><W64/><G42/><T85/><D85/><N who="1" m="52367" /><E9/><V122/><F122/><W104/><G64/><T123/><D30/><U35/><E35/><V109/><F109/><W0/><G0/><T126/><D126/><U78/><E78/><V45/><AGARI ba="0,0" hai="24,28,32,37,41,45,51,53,57,60,62" m="51243" machi="45" ten="30,1500,0" yaku="20,1" doraHai="103" who="2" fromWho="2" sc="266,-5,261,-5,257,15,216,-5" /><INIT seed="2,1,0,3,1,108" ten="261,256,272,211" oya="2" hai0="69,45,16,117,10,111,33,115,26,29,70,65,17" hai1="94,51,130,121,58,91,50,133,102,41,52,134,118" hai2="129,34,0,98,90,83,122,127,79,54,4,124,81" hai3="23,84,21,59,76,57,56,27,12,135,1,106,19"/><V30/><F122/><W101/><G135/><N who="1" m="51722" /><E118/><V74/><F129/><W73/><G1/><T109/><D117/><U75/><E75/><V38/><F38/><W31/><G73/><T35/><D115/><U93/><E130/><V96/><F54/><W126/><G126/><T62/><D69/><U110/><E110/><N who="0" m="41993" /><D35/><U18/><E102/><V120/><F120/><W107/><REACH who="3" step="1"/><G101/><REACH who="3" ten="261,256,272,201" step="2"/><T61/><D61/><N who="1" m="36039" /><E121/><V125/><F125/><W95/><G95/><T39/><D10/><U7/><E94/><V112/><F124/><W28/><G28/><T88/><D62/><U49/><E41/><V14/><F127/><W63/><G63/><T47/><D70/><U99/><E7/><V66/><F4/><W77/><G77/><T25/><D29/><U82/><E18/><V97/><F30/><W37/><G37/><T104/><D39/><U113/><E82/><AGARI ba="1,1" hai="12,19,21,23,27,31,56,57,59,76,82,84,106,107" machi="82" ten="40,1300,0" yaku="1,1,53,0" doraHai="108" doraHaiUra="87" who="3" fromWho="1" sc="261,0,256,-16,272,0,201,26" /><INIT seed="3,0,0,5,1,87" ten="261,240,272,227" oya="3" hai0="8,10,34,54,135,77,23,123,44,25,120,63,67" hai1="98,50,56,129,110,5,15,108,45,100,13,14,113" hai2="35,29,95,105,92,65,60,91,69,38,22,102,72" hai3="7,126,99,132,19,49,21,32,24,84,41,31,2"/><W124/><G99/><T40/><D34/><U43/><E113/><V53/><F72/><W48/><G132/><T79/><D54/><U58/><E129/><V6/><F6/><W106/><G106/><T74/><D135/><U101/><E5/><V96/><F38/><W39/><G39/><T125/><D125/><N who="3" m="48233" /><G41/><T121/><D74/><U59/><REACH who="1" step="1"/><E101/><REACH who="1" ten="261,230,272,227" step="2"/><V85/><F102/><W52/><G84/><T115/><D115/><U114/><E114/><V9/><F85/><W0/><G7/><T64/><D120/><U109/><E109/><V76/><F96/><W1/><G52/><T73/><D73/><U3/><E3/><N who="3" m="770" /><W42/><DORA hai="47" /><G42/><T130/><D40/><U16/><E16/><V28/><F53/><W90/><G90/><T27/><D121/><U20/><E20/><V81/><F22/><W17/><G17/><T112/><D123/><U55/><E55/><V128/><F91/><W30/><G30/><T57/><D23/><U4/><E4/><V94/><F29/><W122/><G122/><T18/><D130/><U36/><E36/><V93/><F128/><W78/><G78/><T70/><D77/><U11/><E11/><V71/><F28/><W103/><G103/><T83/><D79/><U118/><E118/><V82/><F9/><W66/><G66/><T46/><D67/><U89/><E89/><V33/><F76/><W68/><G68/><T86/><D70/><U127/><E127/><V61/><N who="2" m="23552" /><DORA hai="116" /><V104/><F71/><W119/><G119/><T51/><D8/><U131/><E131/><V97/><F69/><W12/><AGARI ba="0,1" hai="12,19,21,24,31,32,48,49" m="770,48233" machi="12" ten="50,12000,1" yaku="5,1,18,1,52,2" doraHai="87,47,116" who="3" fromWho="3" sc="261,-40,230,-40,272,-40,227,130" owari="221,-17.9,190,-31.0,232,3.2,357,45.7" /></mjloggm>