<mjloggm ver="2.3"><GO type="225" lobby="0"/><UN n0="%E6%A0%B9%E5%85%83%E3%81%8B%E3%82%89%E5%90%B9%E3%81%A3%E9%A3%9B%E3%81%B6" n1="%E7%89%B9%E6%9D%B1%E3%81%AF%E4%B8%96%E7%95%8C%E3%82%92%E6%95%91%E3%81%86" n2="%E3%82%A2%E3%83%BC%E3%83%A2%E3%83%AD%E3%83%BC%E3%83%B4%E3%82%A1" n3="%28%EF%BF%A3%E2%96%BD%EF%BF%A3%29%CE%B4%E2%8C%92%E3%83%BB" dan="17,16,16,16" rate="2145.80,2133.85,2073.61,2129.16" sx="F,M,M,M"/><TAIKYOKU oya="0"/><INIT seed="0,0,0,5,5,53" ten="250,250,250,250" oya="0" hai0="56,24,63,129,44,90,55,110,62,25,5,9,86" hai1="3,78,32,2,35,113,66,105,128,54,28,72,11" hai2="132,16,47,131,29,34,109,98,27,121,48,57,102" hai3="82,40,42,20,80,120,0,127,100,65,31,75,30"/><T114/><D114/><U21/><E105/><V68/><F121/><W10/><G120/><T76/><D129/><U117/><E66/><V37/><F68/><W38/><G127/><T93/><D110/><U50/><E117/><V87/><F131/><W36/><G65/><T94/><D76/><U49/><E128/><V85/><F132/><W91/><G100/><T99/><D44/><U71/><E71/><V134/><F134/><W103/><G103/><T22/><D63/><U51/><E113/><V23/><F37/><W26/><G91/><T96/><D93/><U8/><E54/><V39/><F39/><W45/><G75/><T46/><D46/><U125/><E125/><V18/><F57/><W104/><G104/><T107/><D107/><U97/><E97/><N who="0" m="37449" /><D22/><U4/><E78/><V69/><F69/><W130/><G130/><T81/><D81/><N who="3" m="31337" /><G42/><T60/><D60/><U135/><E72/><V1/><F1/><W126/><G126/><T133/><D133/><U58/><E135/><V119/><F109/><W61/><G61/><T84/><D84/><N who="2" m="32330" /><F34/><W43/><G43/><T64/><D64/><U122/><E122/><V115/><F115/><W41/><G41/><T123/><D123/><U12/><E35/><V79/><F79/><W124/><G124/><T88/><D90/><U70/><E70/><V89/><F119/><W77/><G77/><T14/><AGARI ba="0,0" hai="5,9,14,24,25,55,56,62,86,88,94" m="37449" machi="14" ten="30,6000,0" yaku="8,1,52,1,54,1" doraHai="53" who="0" fromWho="0" sc="250,60,250,-20,250,-20,250,-20" /><INIT seed="0,1,0,5,3,89" ten="310,230,230,230" oya="0" hai0="2,48,13,82,94,25,61,62,36,99,45,97,60" hai1="93,30,115,100,77,59,28,67,68,14,103,117,81" hai2="85,41,32,1,51,71,12,42,108,33,107,75,91" hai3="127,88,7,19,26,9,69,83,43,40,119,73,49"/><T27/><D2/><U102/><E117/><V111/><F1/><W52/><G69/><T86/><D36/><U29/><E68/><V79/><F107/><W65/><G65/><T129/><D129/><U44/><E115/><V90/><F71/><W3/><G119/><T120/><D120/><U58/><E44/><N who="2" m="25999" /><F42/><W31/><G127/><T10/><D99/><U87/><E67/><V16/><F79/><W15/><G73/><T21/><D21/><U80/><E80/><N who="2" m="49447" /><F91/><W5/><G3/><T64/><D86/><U124/><E124/><V130/><F75/><W53/><G43/><N who="0" m="24639" /><D82/><U57/><REACH who="1" step="1"/><E14/><REACH who="1" ten="310,220,230,230" step="2"/><V95/><F130/><W112/><G112/><T37/><D64/><U123/><E123/><V23/><F95/><AGARI ba="1,1" hai="28,29,30,57,58,59,77,81,87,93,95,100,102,103" machi="95" ten="50,12000,2" yaku="1,1,29,2,8,1,52,2,53,0" doraHai="89" doraHaiUra="101" who="1" fromWho="2" sc="310,0,220,133,230,-123,230,0" /><INIT seed="1,0,0,0,5,34" ten="310,353,107,230" oya="1" hai0="115,1,113,120,86,135,50,87,32,134,96,22,89" hai1="109,95,84,38,129,45,21,93,70,105,82,25,42" hai2="99,71,47,114,102,20,39,63,51,2,122,83,117" hai3="54,119,46,101,104,98,100,92,28,61,75,60,118"/><U132/><E105/><V43/><F117/><N who="3" m="44555" /><G75/><T112/><D32/><U6/><E70/><V64/><F122/><W81/><G81/><T126/><D22/><U53/><E129/><V90/><F114/><W10/><G28/><T15/><D15/><U19/><E132/><N who="0" m="50729" /><D126/><U91/><E109/><V66/><F66/><W128/><G128/><T106/><D120/><U35/><E35/><V94/><F20/><W48/><G10/><T41/><D41/><U0/><REACH who="1" step="1"/><E53/><REACH who="1" ten="310,343,107,230" step="2"/><V16/><F71/><W44/><G104/><T17/><D106/><U125/><E125/><V79/><F64/><W88/><G46/><T111/><D111/><U49/><E49/><V3/><F51/><W123/><G123/><T12/><D50/><U57/><E57/><V124/><F124/><W85/><G61/><T72/><D113/><U26/><E26/><V97/><F63/><W76/><G60/><T62/><D115/><U8/><AGARI ba="0,1" hai="0,6,8,19,21,25,38,42,45,82,84,91,93,95" machi="8" ten="30,11700,0" yaku="1,1,0,1,52,1,53,1" doraHai="34" doraHaiUra="78" who="1" fromWho="1" sc="310,-39,343,127,107,-39,230,-39" /><INIT seed="1,1,0,0,5,130" ten="271,470,68,191" oya="1" hai0="0,26,127,92,5,106,24,82,112,56,108,90,39" hai1="1,62,29,118,46,20,61,11,18,125,41,8,105" hai2="135,133,134,74,104,129,117,83,15,98,75,109,36" hai3="124,128,48,116,102,72,32,114,93,3,33,52,95"/><U100/><E118/><V122/><F122/><W73/><G3/><T13/><D108/><U57/><E29/><V2/><F129/><W51/><G128/><T70/><D70/><U16/><E125/><V58/><F117/><W91/><G116/><T28/><D106/><U99/><E62/><V21/><F109/><W43/><G124/><T23/><D112/><U71/><E71/><V69/><F2/><W55/><G91/><T107/><D107/><U9/><E1/><V110/><F110/><W42/><REACH who="3" step="1"/><G102/><REACH who="3" ten="271,470,68,181" step="2"/><T47/><D0/><U31/><E31/><V84/><F69/><W4/><G4/><T22/><D5/><U81/><E18/><N who="2" m="10463" /><F36/><W65/><G65/><T94/><D28/><U86/><E16/><V115/><F115/><AGARI ba="1,1" hai="32,33,42,43,48,51,52,55,72,73,93,95,114,115" machi="115" ten="25,6400,0" yaku="1,1,22,2,54,1,53,0" doraHai="130" doraHaiUra="126" who="3" fromWho="2" sc="271,0,470,0,68,-67,181,77" /><INIT seed="2,0,0,3,0,114" ten="271,470,1,258" oya="2" hai0="20,101,13,84,83,8,61,57,121,58,42,132,79" hai1="117,31,38,18,65,51,109,50,112,28,35,95,56" hai2="80,74,96,1,69,25,48,52,37,110,24,40,36" hai3="123,19,94,122,34,46,32,88,113,14,44,30,63"/><V73/><F69/><W77/><G113/><T107/><D132/><U21/><E112/><V124/><F1/><W45/><G77/><T87/><D121/><U17/><E117/><V16/><F96/><W131/><G131/><T89/><D42/><U41/><E35/><V104/><F104/><W71/><G30/><T82/><D20/><U9/><E38/><N who="2" m="14955" /><F40/><W100/><G100/><T78/><D89/><U99/><E9/><V133/><F80/><W102/><G102/><T126/><D126/><U90/><E17/><V118/><F118/><W10/><G34/><T11/><D101/><U60/><E41/><V86/><F86/><W53/><G32/><T7/><D107/><U91/><E91/><V62/><F62/><W2/><G2/><T0/><REACH who="0" step="1"/><D61/><REACH who="0" ten="261,470,1,258" step="2"/><U116/><E60/><V70/><F133/><W92/><G92/><T120/><D120/><U76/><E90/><V23/><F70/><W59/><REACH who="3" step="1"/><G71/><REACH who="3" ten="261,470,1,248" step="2"/><T67/><D67/><U66/><E66/><V106/><F106/><W47/><N who="3" m="11264" /><DORA hai="43" /><W108/><G108/><T3/><D3/><U81/><E109/><V64/><F64/><W39/><G39/><T22/><D22/><U119/><E65/><V135/><F135/><W12/><G12/><T130/><D130/><U49/><E119/><V128/><F128/><W5/><G5/><AGARI ba="0,2" hai="0,5,7,8,11,13,57,58,78,79,82,83,84,87" machi="5" ten="30,3900,0" yaku="1,1,7,1,9,1,53,0" doraHai="114,43" doraHaiUra="115,29" who="0" fromWho="3" sc="261,59,470,0,1,0,248,-39" /><INIT seed="3,0,0,3,0,16" ten="320,470,1,209" oya="3" hai0="21,130,44,98,74,117,24,73,59,19,64,95,99" hai1="70,27,87,29,12,76,23,65,85,132,78,96,10" hai2="5,45,39,33,46,91,38,32,123,110,57,88,97" hai3="7,133,134,63,35,36,90,116,61,113,0,124,79"/><W89/><G35/><T107/><D130/><U111/><E70/><V54/><F5/><W115/><G36/><T120/><D117/><U13/><E65/><V20/><F97/><W112/><G79/><T69/><D69/><U42/><E111/><V135/><F110/><W75/><G75/><T121/><D44/><U102/><E42/><V83/><F83/><W48/><G116/><T108/><D108/><U80/><E132/><N who="3" m="50794" /><G48/><T127/><D127/><U81/><E10/><V2/><F135/><W31/><G31/><T104/><D74/><U67/><E67/><V55/><F57/><W26/><G26/><T118/><D73/><U72/><E72/><V94/><F94/><AGARI ba="0,0" hai="12,13,23,27,29,76,78,80,81,85,87,94,96,102" machi="94" ten="30,7700,0" yaku="7,1,9,1,8,1,52,1" doraHai="16" who="1" fromWho="2" sc="320,0,470,77,1,-77,209,0" owari="320,12.0,547,64.7,-76,-57.6,209,-19.1" /></mjloggm>