<mjloggm ver="2.3"><GO type="225" lobby="0"/><UN n0="%72%69%6F%75%63%68%61%6E" n1="%E7%89%B9%E6%9D%B1%E3%81%AF%E4%B8%96%E7%95%8C%E3%82%92%E6%95%91%E3%81%86" n2="%E3%81%AA%E3%82%81%E3%81%93%E9%9B%80%E5%A3%AB" n3="%E8%B1%86%59%E5%A4%AA%E9%83%8E" dan="17,16,16,16" rate="2236.16,2164.16,2089.33,2052.42" sx="M,M,M,M"/><TAIKYOKU oya="0"/><INIT seed="0,0,0,3,3,49" ten="250,250,250,250" oya="0" hai0="108,133,4,130,124,34,120,85,56,105,48,5,95" hai1="94,30,8,71,67,113,119,77,20,28,73,6,60" hai2="99,37,89,90,41,134,55,110,52,19,72,98,38" hai3="102,35,125,22,26,127,59,0,27,80,25,74,13"/><T122/><D105/><U68/><E119/><V40/><F110/><W79/><G0/><T10/><D34/><U66/><E113/><V42/><F72/><W101/><G35/><T7/><D108/><U87/><E73/><V32/><F32/><W65/><G13/><T84/><D130/><U14/><E20/><V69/><F69/><W43/><G43/><T12/><D124/><U75/><E75/><V46/><F134/><W58/><G22/><T9/><D133/><U54/><E54/><N who="2" m="20523" /><F46/><W103/><REACH who="3" step="1"/><G65/><REACH who="3" ten="250,250,250,240" step="2"/><T64/><D64/><U29/><E66/><V2/><F2/><W33/><G33/><T45/><D122/><U96/><E68/><V82/><F38/><W39/><G39/><T81/><D120/><U16/><E6/><V93/><F37/><W100/><N who="3" m="25600" /><DORA hai="31" /><W44/><G44/><T126/><D45/><U112/><E112/><V47/><F47/><W123/><G123/><T3/><D4/><U18/><E71/><V109/><F109/><W104/><G104/><T128/><D5/><U63/><E67/><V50/><F50/><W88/><G88/><N who="0" m="53639" /><D48/><U70/><E70/><V107/><F107/><W121/><G121/><T115/><D115/><U129/><E8/><V91/><F82/><W57/><AGARI ba="0,1" hai="25,26,27,57,58,59,74,79,80,125,127" m="25600" machi="57" ten="50,16000,3" yaku="1,1,0,1,29,2,53,4" doraHai="49,31" doraHaiUra="106,21" who="3" fromWho="3" sc="250,-80,250,-40,250,-40,240,170" /><INIT seed="1,0,0,4,4,124" ten="170,210,210,410" oya="1" hai0="33,57,97,120,122,1,79,88,5,73,96,55,19" hai1="110,52,76,39,115,128,67,90,127,77,91,23,41" hai2="4,37,126,9,121,6,8,130,94,16,22,74,58" hai3="15,46,84,78,99,53,40,83,75,123,72,35,95"/><U13/><E115/><V42/><F74/><W100/><G35/><T129/><D33/><U21/><E127/><V70/><F126/><W2/><G2/><T69/><D69/><U132/><E67/><V131/><F70/><W45/><G123/><N who="0" m="47147" /><D5/><N who="2" m="2154" /><F121/><W25/><G25/><T28/><D1/><U135/><E41/><V48/><F37/><W89/><G15/><T85/><D28/><U10/><E39/><V32/><F32/><W7/><G7/><T0/><D0/><U43/><E43/><V82/><F82/><W3/><G3/><T66/><D66/><U63/><E110/><V102/><F58/><W93/><G72/><T11/><D129/><N who="2" m="49162" /><F94/><W118/><G40/><T71/><D71/><U65/><E128/><V125/><F102/><W44/><G118/><T109/><D109/><U12/><E91/><V134/><F125/><W81/><G81/><N who="0" m="49199" /><D79/><U49/><E77/><V114/><F114/><W27/><G53/><T36/><D36/><U98/><E52/><V20/><F134/><W112/><G112/><T30/><D73/><U29/><E132/><V87/><F87/><W106/><G95/><T101/><D101/><U133/><E133/><V116/><F116/><W47/><G47/><T31/><D96/><U86/><E98/><V62/><F62/><W117/><G117/><T104/><D97/><U111/><E63/><V108/><F108/><W59/><G59/><T92/><D92/><U24/><E111/><V26/><F22/><W17/><G46/><AGARI ba="0,0" hai="8,9,16,20,26,42,46,48" m="49162,2154" machi="46" ten="30,8000,1" yaku="19,1,52,3,54,1" doraHai="124" who="2" fromWho="3" sc="170,0,210,0,210,80,410,-80" /><INIT seed="2,0,0,3,0,51" ten="170,210,290,330" oya="2" hai0="107,32,16,119,128,47,22,63,95,40,125,84,85" hai1="50,101,67,37,118,68,111,110,8,83,112,48,131" hai2="80,60,113,97,108,71,6,70,28,115,65,96,58" hai3="109,87,134,76,4,102,64,66,120,116,123,57,12"/><V42/><F108/><N who="1" m="41513" /><E118/><V15/><F28/><W69/><G69/><T92/><D119/><U5/><E112/><V21/><F71/><W122/><G116/><T81/><D107/><U43/><E131/><V82/><F70/><W41/><G41/><T1/><D128/><U90/><E101/><V49/><F115/><W91/><G102/><T73/><D32/><U39/><E67/><V52/><F113/><W23/><G76/><T99/><D1/><U126/><E126/><V53/><F42/><W19/><G134/><T18/><D125/><U20/><E20/><V106/><F106/><W33/><G33/><T0/><D0/><U35/><E35/><V25/><F65/><W10/><G57/><T27/><D63/><U26/><E26/><V74/><F74/><W79/><G79/><T98/><D73/><U133/><E133/><V24/><F82/><W129/><G129/><T104/><D104/><U11/><E11/><N who="2" m="4599" /><F80/><W30/><G30/><N who="0" m="17783" /><D81/><U78/><E68/><V75/><F75/><W89/><G109/><T29/><D29/><U9/><E78/><V54/><F25/><W105/><G105/><T44/><D40/><U45/><E39/><V3/><F3/><W135/><G135/><T17/><D95/><U59/><E37/><V121/><F121/><W72/><G72/><T86/><D92/><U94/><E83/><V117/><F117/><W7/><G64/><T124/><D124/><U46/><E94/><V130/><F130/><W132/><G66/><T103/><D103/><U61/><E43/><V31/><F60/><W55/><G132/><T36/><D36/><RYUUKYOKU ba="0,0" sc="170,15,210,-15,290,15,330,-15" hai0="16,17,18,44,47,84,85,86,98,99" hai2="21,24,31,49,52,53,54,58,96,97" /><INIT seed="2,1,0,4,5,51" ten="185,195,305,315" oya="2" hai0="70,105,133,112,110,80,38,35,17,63,7,83,67" hai1="44,95,19,97,26,116,57,52,14,29,118,108,130" hai2="69,4,0,36,98,33,125,8,76,129,42,115,20" hai3="15,92,79,2,131,11,119,132,58,94,39,40,126"/><V93/><F115/><W5/><G119/><T37/><D112/><U45/><E108/><V54/><F33/><W56/><G131/><T46/><D110/><U135/><E135/><V117/><F69/><W111/><G126/><T65/><D133/><U88/><E130/><V81/><F117/><W27/><G27/><T55/><D35/><U120/><E120/><V71/><F20/><W43/><G111/><T96/><D7/><U114/><E114/><V102/><F71/><W25/><G25/><T9/><D67/><U72/><E72/><V13/><F13/><W85/><G2/><T89/><D105/><U18/><E118/><V99/><F99/><W87/><G39/><T62/><D80/><U90/><E90/><V24/><F24/><W21/><G21/><T31/><D31/><U41/><E116/><V107/><F107/><W82/><G87/><N who="0" m="50431" /><D96/><U66/><E66/><V28/><F28/><W77/><G77/><T128/><D63/><N who="1" m="36263" /><E41/><N who="3" m="15946" /><G132/><T60/><D128/><U1/><E1/><V73/><F125/><W22/><G22/><T30/><D30/><U84/><E97/><V121/><F121/><W123/><G123/><T49/><D62/><U124/><E124/><V23/><F23/><W6/><G6/><T127/><D127/><U59/><E29/><V100/><F129/><W68/><G68/><T53/><D53/><U16/><E26/><V12/><F0/><W50/><G50/><T109/><D109/><U91/><E14/><AGARI ba="1,0" hai="9,14,17,37,38,46,49,55,60,65,70" m="50431" machi="14" ten="30,2000,0" yaku="25,1,52,1" doraHai="51" who="0" fromWho="1" sc="185,23,195,-23,305,0,315,0" /><INIT seed="3,0,0,5,1,69" ten="208,172,305,315" oya="3" hai0="119,57,28,24,55,40,99,46,70,100,43,96,51" hai1="86,117,29,126,71,11,78,0,135,79,50,130,9" hai2="92,128,114,72,5,6,77,1,10,84,41,101,27" hai3="66,113,90,62,63,19,87,49,16,122,102,97,112"/><W15/><G122/><T8/><D119/><U58/><E71/><V111/><F114/><W47/><G66/><T94/><D70/><U124/><E117/><V48/><F6/><W64/><G64/><T106/><D8/><U109/><E29/><V98/><F111/><W116/><G116/><T23/><D46/><U120/><E120/><V44/><F128/><W83/><G19/><T74/><D74/><U85/><E109/><V104/><F27/><W17/><G17/><T80/><D80/><U123/><E123/><V13/><F72/><W121/><G121/><T105/><D105/><U12/><E50/><V81/><REACH who="2" step="1"/><F104/><REACH who="2" ten="208,172,295,315" step="2"/><W103/><G113/><T37/><D106/><U20/><E130/><V14/><AGARI ba="0,1" hai="1,5,10,13,14,41,44,48,77,81,84,92,98,101" machi="14" ten="30,4000,0" yaku="1,1,2,1,0,1,53,0" doraHai="69" doraHaiUra="59" who="2" fromWho="2" sc="208,-10,172,-10,295,50,315,-20" owari="198,-20.2,162,-33.8,345,44.5,295,9.5" /></mjloggm>