<mjloggm ver="2.3"><GO type="225" lobby="0"/><UN n0="%E3%81%A8%E3%82%93%E3%81%A8%E3%81%93%E3%81%A8%E3%82%93" n1="%E3%82%BC%E3%83%AB%E3%83%80%E3%81%AE%E4%BC%9D%E8%AA%AC" n2="%48%61%61%61%6C%61%6E%64" n3="%E6%B4%BE%E9%81%A3%E3%81%AE%E3%82%B8%E3%83%A3%E3%83%83%E3%82%AF" dan="16,17,18,17" rate="2145.33,2208.39,2196.33,2173.97" sx="M,M,M,M"/><TAIKYOKU oya="0"/><INIT seed="0,0,0,1,0,12" ten="250,250,250,250" oya="0" hai0="85,64,88,105,15,119,117,95,73,39,100,47,40" hai1="89,110,44,43,7,113,61,135,112,79,126,36,102" hai2="45,97,121,74,91,52,130,82,46,120,11,25,35" hai3="96,128,37,1,98,111,118,87,5,32,103,75,67"/><T16/><D64/><U94/><E110/><V42/><F130/><W18/><G32/><T17/><D73/><U125/><E79/><V6/><F46/><W83/><G37/><T131/><D131/><U3/><E102/><V81/><F81/><W50/><G118/><T93/><D105/><U29/><E29/><V115/><F115/><N who="1" m="44105" /><E7/><V80/><F80/><W109/><G75/><T69/><D69/><U122/><E3/><V33/><F33/><W108/><G128/><T71/><D71/><U41/><E94/><V106/><F82/><W63/><G50/><T107/><D107/><U65/><E89/><V55/><F74/><W134/><G134/><T60/><D60/><U28/><E28/><V27/><F91/><N who="3" m="51711" /><G103/><T38/><D39/><N who="1" m="21567" /><E122/><V101/><F120/><W114/><G114/><T34/><D34/><U56/><E135/><V23/><F121/><W54/><G54/><T123/><D123/><U26/><E26/><V116/><F27/><W132/><G132/><T14/><D100/><U30/><E30/><V62/><F35/><W21/><G5/><T68/><D95/><U57/><E57/><V53/><F101/><W4/><G4/><T72/><D68/><U76/><E76/><V9/><F106/><W48/><G1/><T66/><D72/><U8/><E8/><N who="2" m="3147" /><F6/><W51/><G98/><T10/><D66/><U70/><E70/><V104/><F104/><W2/><G2/><T86/><D85/><U19/><E19/><N who="2" m="12543" /><F97/><W124/><G96/><T0/><D0/><U78/><E78/><V84/><F84/><W59/><G124/><T129/><D129/><RYUUKYOKU ba="0,0" sc="250,10,250,10,250,-30,250,10" hai0="10,14,15,16,17,38,40,47,86,88,93,117,119" hai1="36,43,56,61,65,125,126" hai3="18,21,48,51,59,63,67,108,109,111" /><INIT seed="0,1,0,0,2,57" ten="260,260,220,260" oya="0" hai0="97,58,92,23,108,32,86,70,135,113,98,134,121" hai1="11,101,34,6,120,25,117,127,116,125,88,55,93" hai2="132,8,50,42,21,76,124,87,15,100,52,105,60" hai3="65,9,95,13,12,81,47,39,103,83,64,69,40"/><T35/><D70/><U80/><E120/><V82/><F124/><N who="1" m="47689" /><E101/><V27/><F132/><N who="0" m="50730" /><D113/><U19/><E80/><V4/><F100/><W20/><G20/><T130/><D121/><U63/><E34/><N who="0" m="12841" /><D130/><U0/><E25/><V46/><F105/><W29/><G29/><T14/><D58/><N who="1" m="35295" /><E19/><N who="2" m="12735" /><F60/><W66/><G69/><T114/><D114/><U51/><E51/><V41/><AGARI ba="1,0" hai="4,8,15,41,42,46,50,52,76,82,87" m="12735" machi="41" ten="30,2000,0" yaku="8,1,54,1" doraHai="57" who="2" fromWho="2" sc="260,-11,260,-6,220,23,260,-6" /><INIT seed="1,0,0,0,5,111" ten="249,254,243,254" oya="1" hai0="42,135,54,124,132,114,46,37,121,95,52,79,57" hai1="21,32,41,128,61,2,83,112,4,100,123,45,39" hai2="23,97,104,113,55,3,93,40,59,5,87,11,120" hai3="73,18,103,1,88,17,13,130,10,8,44,43,6"/><U34/><E123/><V134/><F120/><W86/><G73/><T38/><D79/><U98/><E112/><V16/><F113/><W33/><G33/><T9/><D114/><U71/><E128/><V58/><F134/><N who="0" m="51242" /><D121/><U22/><E22/><V131/><F131/><W24/><G130/><T92/><D124/><U47/><E21/><V20/><F40/><W125/><G125/><T81/><D81/><U115/><E115/><V133/><F133/><W76/><G76/><T49/><D9/><N who="1" m="2199" /><E47/><V53/><F104/><W74/><G74/><T117/><D117/><U63/><E63/><V78/><F87/><W12/><G103/><T109/><D109/><U28/><E28/><V29/><F78/><W62/><G62/><N who="0" m="36151" /><D37/><U14/><E14/><V31/><F59/><AGARI ba="0,0" hai="38,42,46,49,52,59,92,95" m="36151,51242" machi="59" ten="30,2000,0" yaku="20,1,54,1" doraHai="111" who="0" fromWho="2" sc="249,20,254,0,243,-20,254,0" /><INIT seed="2,0,0,4,4,34" ten="269,254,223,254" oya="2" hai0="80,87,20,117,45,26,1,113,18,27,49,3,37" hai1="70,17,74,72,52,94,8,47,103,81,109,53,127" hai2="114,126,115,5,13,112,84,0,56,16,51,130,48" hai3="101,4,106,76,108,122,19,67,88,98,11,102,15"/><V77/><F126/><W110/><G122/><T68/><D113/><U95/><E70/><V10/><F130/><W12/><G67/><T104/><D37/><U90/><E127/><V30/><F30/><W29/><G76/><T78/><D104/><U69/><E109/><N who="3" m="42090" /><G29/><T100/><D117/><U118/><E69/><V59/><F59/><W42/><G42/><T91/><D68/><U61/><E118/><V63/><F84/><W89/><G102/><T82/><D100/><U105/><E105/><V25/><F25/><W21/><AGARI ba="0,0" hai="4,11,12,15,19,21,88,89,98,101,106" m="42090" machi="21" ten="30,2000,0" yaku="14,1,54,1" doraHai="34" who="3" fromWho="3" sc="269,-5,254,-5,223,-10,254,20" /><INIT seed="3,0,0,1,0,40" ten="264,249,213,274" oya="3" hai0="101,19,63,111,97,62,128,133,89,61,22,67,13" hai1="2,0,132,82,25,105,20,44,57,115,58,98,52" hai2="90,75,96,49,12,131,50,39,47,18,4,110,64" hai3="35,70,114,126,29,134,16,23,122,103,94,121,88"/><W106/><G114/><T9/><D111/><U17/><E115/><V130/><F110/><W92/><G70/><T14/><D128/><U43/><E132/><V41/><F75/><W32/><G106/><T26/><D133/><U11/><E82/><V21/><F64/><W86/><G134/><T112/><D112/><U1/><E11/><V123/><F123/><W83/><G126/><T28/><D14/><U24/><E24/><V109/><F109/><W36/><G36/><T69/><REACH who="0" step="1"/><D89/><REACH who="0" ten="254,249,213,274" step="2"/><U99/><E2/><V10/><F130/><W72/><G121/><T56/><D56/><U120/><E58/><V55/><F131/><W6/><G122/><T73/><D73/><U127/><E120/><V42/><F39/><W124/><G88/><T38/><D38/><U53/><E57/><V66/><F90/><W59/><G59/><T113/><D113/><U125/><E1/><V135/><F135/><W118/><G72/><T95/><AGARI ba="0,1" hai="9,13,19,22,26,28,61,62,63,67,69,95,97,101" machi="95" ten="20,2700,0" yaku="1,1,0,1,7,1,53,0" doraHai="40" doraHaiUra="129" who="0" fromWho="0" sc="254,37,249,-7,213,-7,274,-13" /><INIT seed="4,0,0,2,2,72" ten="291,242,206,261" oya="0" hai0="0,84,1,53,3,125,112,110,32,87,60,78,82" hai1="62,64,34,106,37,59,75,8,13,21,83,56,97" hai2="122,119,67,69,45,42,23,48,12,131,107,11,85" hai3="71,28,47,121,73,16,101,120,4,94,63,55,99"/><T33/><D112/><U76/><E34/><V15/><F122/><W113/><G113/><T108/><D125/><U17/><E37/><V38/><F107/><W80/><G28/><T40/><D40/><U7/><E106/><V127/><F127/><W89/><G4/><T124/><D124/><U79/><E97/><V19/><F131/><W130/><G130/><T96/><D96/><U14/><REACH who="1" step="1"/><E79/><REACH who="1" ten="291,232,206,261" step="2"/><V98/><F98/><W100/><G120/><T18/><D33/><U77/><E77/><V115/><F115/><W93/><G121/><T86/><D32/><U5/><E5/><V61/><F119/><W104/><G99/><T66/><D108/><U35/><E35/><V103/><F103/><W133/><G104/><T46/><D110/><U27/><E27/><V43/><F85/><W31/><G100/><T118/><D118/><U128/><E128/><V126/><F126/><W74/><G101/><T91/><D86/><U44/><E44/><V68/><F38/><W52/><G47/><T109/><D109/><U26/><E26/><V2/><F45/><W134/><G73/><T114/><D114/><U117/><E117/><V10/><F2/><W116/><G74/><N who="0" m="43351" /><D46/><U65/><E65/><V54/><F67/><W132/><G116/><T81/><D84/><U29/><E29/><V30/><F30/><W111/><G111/><T36/><D36/><U51/><E51/><V22/><F48/><W57/><G31/><T70/><D18/><U123/><E123/><V50/><F19/><W6/><G16/><T102/><D102/><U25/><E25/><V129/><F50/><RYUUKYOKU ba="0,1" sc="291,15,232,15,206,-15,261,-15" hai0="0,1,3,53,60,66,70,81,87,91" hai1="7,8,13,14,17,21,56,59,62,64,75,76,83" owari="316,41.6,247,4.7,191,-30.9,246,-15.4" /></mjloggm>