<mjloggm ver="2.3"><GO type="225" lobby="0"/><UN n0="%E3%81%95%E3%81%8D%E3%81%9F%E3%81%BE%E6%9E%97%E6%AA%8E" n1="%E5%B8%86%E7%AB%8B%E5%A4%8F%E8%A1%A3" n2="%E3%81%9F%E3%81%93%E2%98%86%E7%84%BC%E3%81%8D" n3="%72%65%6E%6B%75%6E" dan="16,17,16,17" rate="2161.89,2174.33,2065.66,2234.64" sx="M,M,M,M"/><TAIKYOKU oya="0"/><INIT seed="0,0,0,3,5,82" ten="250,250,250,250" oya="0" hai0="50,56,114,67,8,1,127,44,121,35,19,18,74" hai1="112,32,22,45,65,57,47,78,38,126,113,17,119" hai2="68,11,94,36,128,97,30,33,53,46,86,117,4" hai3="6,88,20,134,98,61,41,105,43,99,7,52,129"/><T27/><D114/><N who="1" m="44139" /><E119/><V89/><F68/><W120/><G129/><T90/><D121/><U77/><E126/><V122/><F128/><W34/><G34/><T48/><D127/><U103/><E32/><V84/><F117/><W104/><G120/><T58/><D74/><U37/><E103/><V51/><F122/><W110/><G110/><T55/><D1/><U2/><E2/><V106/><F106/><W95/><G134/><T76/><D76/><N who="1" m="29291" /><E57/><V71/><F71/><W108/><G108/><T15/><D35/><U13/><E65/><V81/><F81/><W131/><G131/><T111/><D111/><U73/><E73/><V83/><F83/><W107/><G98/><T25/><D67/><U91/><E91/><V75/><F75/><W116/><G20/><T100/><D100/><U72/><E72/><V54/><F36/><AGARI ba="0,0" hai="13,17,22,36,37,38,45,47" m="29291,44139" machi="36" ten="30,1000,0" yaku="11,1" doraHai="82" who="1" fromWho="2" sc="250,0,250,10,250,-10,250,0" /><INIT seed="1,0,0,1,5,96" ten="250,260,240,250" oya="1" hai0="111,84,86,117,40,89,126,35,63,30,71,15,93" hai1="58,34,62,57,87,92,105,85,70,48,101,33,83" hai2="44,130,23,91,1,109,18,37,94,65,22,73,12" hai3="116,115,46,108,25,16,56,120,78,7,132,31,47"/><U80/><E70/><V19/><F1/><W13/><G115/><T119/><D111/><U6/><E105/><V17/><F73/><W90/><G120/><T21/><D35/><U64/><E34/><V36/><F109/><W122/><G108/><T81/><D126/><U82/><E33/><V51/><F65/><W74/><G122/><T106/><D106/><U113/><E113/><V54/><F130/><W121/><G7/><T8/><D40/><U50/><E6/><V127/><F127/><W99/><G121/><T107/><D107/><U103/><E92/><V59/><F44/><W27/><G78/><T77/><D71/><U79/><E83/><V135/><F18/><W24/><G74/><T88/><D63/><U133/><E133/><V118/><F118/><W39/><G31/><T124/><D124/><U42/><E42/><V66/><F66/><W0/><G0/><T43/><D43/><U52/><E50/><V61/><F61/><W29/><G29/><T10/><D77/><AGARI ba="0,0" hai="48,52,57,58,62,64,77,79,80,82,85,87,101,103" machi="77" ten="30,18000,2" yaku="7,1,9,1,8,1,52,2,54,1" doraHai="96" who="1" fromWho="0" sc="250,-180,260,180,240,0,250,0" /><INIT seed="1,1,0,0,3,18" ten="70,440,240,250" oya="1" hai0="77,103,122,62,32,44,85,110,42,13,99,83,14" hai1="89,82,68,96,92,80,127,88,57,132,63,48,60" hai2="45,53,114,65,36,107,116,113,97,120,95,50,59" hai3="21,29,6,128,56,58,31,43,90,71,129,22,75"/><U51/><E127/><V126/><F107/><W17/><G71/><T109/><D32/><U86/><E132/><V19/><F120/><W76/><G6/><T9/><D122/><U54/><E68/><V2/><F116/><W40/><G17/><T34/><D34/><U24/><E63/><V81/><F2/><W7/><G7/><T41/><D62/><U118/><E118/><V124/><F81/><W106/><G90/><T108/><D44/><U66/><E66/><V61/><F19/><W117/><G117/><T25/><D25/><U70/><E70/><V87/><F87/><W28/><G106/><T3/><D3/><U52/><E24/><V16/><F16/><W119/><G119/><T67/><D67/><N who="1" m="39311" /><E82/><V91/><REACH who="2" step="1"/><F36/><REACH who="2" ten="70,440,230,250" step="2"/><W1/><G1/><T49/><D9/><U69/><E69/><V121/><F121/><W79/><G29/><T94/><REACH who="0" step="1"/><D49/><AGARI ba="1,1" hai="48,49,51,52,54,80,86,88,89,92,96" m="39311" machi="49" ten="30,5800,0" yaku="8,1,54,2" doraHai="18" who="1" fromWho="0" sc="70,-61,440,71,230,0,250,0" /><INIT seed="1,2,0,1,1,131" ten="9,511,230,250" oya="1" hai0="85,52,105,86,32,89,13,30,79,126,1,102,125" hai1="70,48,106,133,43,53,57,3,18,112,135,55,35" hai2="22,33,92,71,12,46,77,36,99,132,21,88,117" hai3="0,31,129,109,15,24,8,127,23,82,78,51,115"/><U5/><E106/><V80/><F71/><W50/><G115/><T83/><D1/><U128/><E112/><V4/><F132/><N who="1" m="50761" /><E70/><V37/><F33/><W110/><G0/><T14/><D32/><U119/><E128/><V39/><F117/><W75/><G127/><N who="0" m="48651" /><D52/><N who="1" m="31879" /><E119/><V90/><F46/><W76/><G76/><T19/><D30/><U72/><E72/><V9/><REACH who="2" step="1"/><F90/><REACH who="2" ten="9,511,220,250" step="2"/><W113/><G129/><T130/><D130/><U7/><E35/><V121/><F121/><W104/><G113/><T91/><D91/><U69/><E69/><V81/><F81/><W108/><REACH who="3" step="1"/><G104/><REACH who="3" ten="9,511,220,240" step="2"/><T68/><D105/><U122/><E122/><V116/><F116/><W61/><G61/><T124/><N who="0" m="48659" /><T87/><DORA hai="123" /><D79/><U107/><E107/><V38/><N who="2" m="9216" /><DORA hai="41" /><V66/><F66/><W2/><G2/><T40/><D68/><U93/><E3/><V94/><F94/><W111/><N who="3" m="27648" /><DORA hai="47" /><W29/><G29/><T100/><D83/><U101/><E93/><V26/><F26/><W20/><G20/><T34/><D34/><U11/><E101/><V84/><AGARI ba="2,2" hai="4,9,12,21,22,77,80,84,88,92,99" m="9216" machi="84" ten="60,8000,1" yaku="1,1,0,1,54,1,53,1" doraHai="131,123,41,47" doraHaiUra="114,95,42,62" who="2" fromWho="2" sc="9,-22,511,-42,220,106,240,-22" owari="-13,-51.3,469,56.9,326,12.6,218,-18.2" /></mjloggm>