<mjloggm ver="2.3"><GO type="225" lobby="0"/><UN n0="%E3%83%81%E3%83%AF%E3%83%AF%E9%9A%8A%E9%95%B7" n1="%4D%6F%6E%61%6E%61" n2="%6D%75%75%73%61%6E%6D%75" n3="%E3%81%95%E3%82%88%E3%81%AA%E3%82%89%E3%83%9A%E3%81%BA%E3%83%9A" dan="17,16,16,16" rate="2224.28,2111.08,2148.51,2110.38" sx="M,F,F,F"/><TAIKYOKU oya="0"/><INIT seed="0,0,0,0,4,134" ten="250,250,250,250" oya="0" hai0="40,51,71,3,25,49,115,18,31,14,114,8,124" hai1="53,55,43,132,68,110,30,117,84,35,85,123,99" hai2="104,9,19,47,17,61,12,88,16,48,97,5,77" hai3="52,41,62,58,63,44,91,26,93,23,102,120,21"/><T121/><D121/><U0/><E123/><V128/><F128/><W83/><G120/><T67/><D3/><U32/><E117/><V36/><F36/><W15/><G102/><T2/><D2/><U76/><E68/><V38/><F38/><W78/><G15/><T28/><D28/><U57/><E132/><V94/><F104/><W46/><G63/><T126/><D67/><U69/><E69/><V96/><F61/><W127/><G127/><N who="0" m="48683" /><D71/><U133/><E133/><V7/><F7/><W59/><G59/><T13/><D13/><U73/><E73/><V22/><F77/><W70/><G70/><T107/><D107/><U95/><E110/><V37/><F37/><W66/><G41/><T79/><D79/><U119/><E119/><V42/><REACH who="2" step="1"/><F97/><REACH who="2" ten="250,250,240,250" step="2"/><W10/><G66/><T27/><D27/><AGARI ba="0,1" hai="5,9,12,16,17,19,22,27,42,47,48,88,94,96" machi="27" ten="30,12000,2" yaku="1,1,2,1,7,1,8,1,54,2,53,0" doraHai="134" doraHaiUra="54" who="2" fromWho="0" sc="250,-120,250,0,240,130,250,0" /><INIT seed="1,0,0,2,3,131" ten="130,250,370,250" oya="1" hai0="2,18,19,98,49,61,71,72,85,23,22,63,68" hai1="120,50,118,7,75,47,9,24,81,87,14,135,21" hai2="134,51,108,90,70,79,132,26,82,1,65,83,43" hai3="33,62,126,37,97,124,73,52,54,103,105,116,10"/><U64/><E75/><V129/><F1/><W41/><G33/><T38/><D72/><U76/><E118/><V86/><F129/><W44/><G73/><T53/><D38/><U128/><E120/><V104/><F108/><W39/><G116/><T80/><D2/><U77/><E128/><V107/><F70/><W94/><G37/><T40/><D40/><U8/><E8/><V112/><F112/><W92/><G10/><T35/><D35/><U4/><E135/><N who="2" m="51755" /><F65/><W130/><G130/><T5/><D5/><N who="1" m="3375" /><E64/><V36/><F36/><W69/><G69/><T55/><D98/><U121/><E121/><V25/><F43/><W15/><G15/><T100/><D100/><U59/><E59/><V110/><F51/><W127/><G54/><T58/><D68/><U48/><E48/><V115/><F115/><W16/><G16/><T32/><D71/><U11/><E50/><V95/><F110/><W133/><G133/><T106/><D61/><U89/><E47/><V99/><F82/><W111/><G111/><T0/><D0/><U56/><E56/><AGARI ba="0,0" hai="39,41,44,52,56,62,92,94,97,103,105,124,126,127" machi="56" ten="40,2600,0" yaku="18,1,54,1" doraHai="131" who="3" fromWho="1" sc="130,0,250,-26,370,0,250,26" /><INIT seed="2,0,0,0,5,105" ten="130,224,370,276" oya="2" hai0="36,95,62,2,86,28,4,30,42,17,132,76,6" hai1="117,85,126,39,15,43,35,119,104,87,34,93,69" hai2="9,49,94,45,109,8,24,102,121,130,81,60,84" hai3="131,118,111,101,90,10,40,1,61,103,56,83,97"/><V57/><F121/><W110/><G118/><T26/><D132/><U37/><E15/><V54/><F130/><W134/><G134/><T113/><D113/><U122/><E104/><V21/><F109/><N who="3" m="41483" /><G131/><T82/><D2/><U44/><E69/><V79/><F102/><W23/><G40/><T78/><D36/><U129/><E129/><V46/><F94/><N who="3" m="56535" /><G23/><T66/><D42/><U48/><E122/><V13/><F13/><W68/><G68/><T98/><D76/><U89/><E126/><V11/><F49/><W73/><G73/><T31/><D17/><AGARI ba="0,0" hai="8,9,11,17,21,24,45,46,54,57,60,79,81,84" machi="17" ten="40,2000,0" yaku="8,1" doraHai="105" who="2" fromWho="0" sc="130,-20,224,0,370,20,276,0" /><INIT seed="2,1,0,4,1,15" ten="110,224,390,276" oya="2" hai0="37,49,119,68,59,86,120,99,14,96,81,21,38" hai1="53,20,41,113,55,61,6,17,74,133,132,111,73" hai2="18,56,131,94,24,44,121,85,104,13,4,126,87" hai3="77,22,57,112,109,115,91,65,130,70,64,34,8"/><V78/><F121/><W93/><G34/><T5/><D120/><U69/><E111/><V1/><F104/><W29/><G109/><T47/><D119/><U110/><E110/><V114/><F114/><N who="3" m="43563" /><G70/><T31/><D68/><U122/><E122/><V35/><F126/><W32/><G32/><T36/><D36/><U60/><E113/><V102/><F131/><W26/><G130/><T16/><D37/><U40/><E6/><V19/><F1/><W2/><G77/><T83/><D38/><U89/><E89/><V51/><F35/><W82/><G82/><T48/><D31/><U9/><E9/><N who="2" m="4263" /><F24/><W39/><G39/><T97/><D5/><U118/><E69/><V106/><F106/><W28/><G28/><T98/><N who="0" m="24576" /><DORA hai="134" /><T11/><D11/><U25/><E118/><V135/><F102/><W127/><G57/><T10/><D10/><U103/><E103/><V128/><F135/><N who="1" m="51785" /><E55/><N who="2" m="30183" /><F128/><W33/><G33/><T43/><D86/><N who="2" m="32778" /><F78/><W67/><G2/><T27/><D27/><U52/><E73/><V90/><F56/><W12/><G12/><T100/><D100/><U116/><E74/><V45/><F45/><W75/><G8/><T105/><D105/><U92/><E116/><V66/><F66/><W7/><G75/><T76/><D76/><U101/><E101/><V50/><F50/><W46/><G46/><T80/><D83/><U23/><E92/><V123/><F123/><W108/><G108/><T88/><D88/><U95/><E95/><V54/><F90/><W117/><G91/><T58/><D58/><N who="1" m="34887" /><E23/><V84/><F94/><W63/><G93/><RYUUKYOKU ba="1,0" sc="110,15,224,15,390,-15,276,-15" hai0="14,16,21,43,47,48,49,59,80,81" hai1="17,20,25,40,41,53,61" /><INIT seed="3,2,0,2,2,119" ten="125,239,375,261" oya="3" hai0="110,47,115,40,104,112,79,61,91,133,60,28,58" hai1="24,11,89,4,18,118,67,105,33,39,127,8,50" hai2="46,69,31,90,48,0,52,74,122,25,57,73,134" hai3="85,3,6,38,16,70,30,125,29,117,27,87,13"/><W20/><G117/><T45/><D104/><U108/><E118/><V43/><F69/><W1/><G38/><T96/><D79/><U59/><E39/><V103/><F0/><N who="3" m="75" /><G85/><T92/><D28/><N who="3" m="10857" /><G87/><T15/><D15/><U128/><E105/><V95/><F103/><W132/><G70/><T51/><D91/><U80/><E108/><V14/><F74/><W44/><G44/><T71/><D92/><U124/><E128/><V62/><F73/><W107/><G107/><T97/><D97/><U37/><E33/><V102/><F102/><W54/><G54/><T84/><D84/><N who="1" m="50311" /><E37/><V82/><F46/><W35/><G132/><T94/><D94/><U109/><E109/><V93/><F52/><W42/><G42/><T23/><D23/><N who="1" m="13431" /><E50/><V77/><F43/><W88/><G88/><T123/><D96/><U121/><E67/><V68/><F57/><W130/><G125/><N who="1" m="48202" /><E59/><V55/><F55/><W36/><G36/><T116/><D116/><U5/><E5/><V53/><F90/><W19/><G130/><T131/><D131/><U17/><E17/><V120/><F68/><W34/><G6/><T22/><D110/><U86/><E86/><N who="2" m="48463" /><F62/><W7/><G7/><T113/><D45/><U75/><E75/><V10/><F134/><W98/><G98/><T64/><D133/><U111/><E111/><V106/><F106/><W126/><G126/><T21/><D21/><AGARI ba="2,0" hai="13,16,19,20,21,27,34,35" m="10857,75" machi="21" ten="30,18000,2" yaku="35,5,54,1" doraHai="119" who="3" fromWho="0" sc="125,-186,239,0,375,0,261,186" owari="-61,-56.1,239,-16.1,375,17.5,447,54.7" /></mjloggm>