<mjloggm ver="2.3"><GO type="225" lobby="0"/><UN n0="%E3%81%9F%E3%81%93%E2%98%86%E7%84%BC%E3%81%8D" n1="%E3%82%82%E3%81%90%E3%82%89" n2="%72%61%6B%33" n3="%E4%B8%89%E5%86%A0%E7%8E%8B%E3%83%BB%E5%B1%B1%E7%94%B0%E5%93%B2%E4%BA%BA" dan="16,16,16,16" rate="2092.71,2224.77,2118.73,2143.28" sx="M,M,M,M"/><TAIKYOKU oya="0"/><INIT seed="0,0,0,2,4,17" ten="250,250,250,250" oya="0" hai0="49,7,22,40,92,0,88,98,34,31,4,8,12" hai1="89,101,60,69,133,106,119,73,24,53,63,65,97" hai2="72,114,121,42,36,57,21,76,123,16,99,20,19" hai3="71,1,82,28,113,96,46,85,94,10,132,112,111"/><T56/><D4/><U29/><E119/><V51/><F114/><W107/><G71/><T104/><D104/><U15/><E133/><V100/><F36/><W35/><G107/><T27/><D40/><U77/><E89/><V115/><F115/><W18/><G132/><T61/><D49/><U6/><E77/><V134/><F134/><W14/><G111/><T81/><D81/><U30/><E73/><V43/><F72/><W11/><G46/><T80/><D80/><U25/><E25/><V93/><F76/><W33/><G33/><T26/><D26/><U95/><E95/><V75/><F75/><W32/><G32/><T58/><D61/><U122/><E122/><V129/><F129/><W50/><G50/><T37/><D37/><U2/><E2/><V79/><F79/><W108/><G108/><T125/><REACH who="0" step="1"/><D125/><REACH who="0" ten="240,250,250,250" step="2"/><U67/><E63/><V48/><F48/><W105/><G105/><T131/><D131/><U90/><E60/><V38/><F38/><W135/><G135/><T87/><D87/><U41/><E24/><N who="2" m="14343" /><F123/><W23/><G112/><T62/><D62/><U126/><E6/><V127/><F121/><W55/><G113/><T52/><D52/><U84/><E53/><N who="2" m="31935" /><F127/><W54/><G1/><T103/><D103/><U59/><E126/><V39/><F39/><W44/><G55/><T13/><D13/><AGARI ba="0,1" hai="13,19,21,42,43,93,99,100" m="31935,14343" machi="13" ten="30,7700,0" yaku="8,1,52,2,54,1" doraHai="17" who="2" fromWho="0" sc="240,-77,250,0,250,87,250,0" /><INIT seed="1,0,0,4,2,52" ten="163,250,337,250" oya="1" hai0="15,131,113,61,106,107,78,50,104,79,37,111,96" hai1="18,41,133,70,64,84,25,3,123,40,67,124,85" hai2="90,30,0,62,108,39,86,76,63,5,11,87,125" hai3="94,46,44,117,7,98,73,45,35,22,75,53,132"/><U83/><E123/><V4/><F39/><W26/><G35/><T36/><D113/><U118/><E118/><V54/><F108/><W56/><G7/><T12/><D111/><U103/><E3/><V120/><F120/><W42/><G132/><T47/><D96/><U114/><E114/><V100/><F125/><W6/><G6/><T95/><D95/><U31/><E124/><V115/><F115/><W17/><G117/><T91/><D91/><U28/><E70/><V69/><F69/><W110/><G110/><T74/><D61/><U97/><E133/><V121/><F121/><W130/><G130/><T126/><D126/><U82/><E25/><V68/><F30/><W135/><G135/><T127/><D131/><U23/><E23/><V99/><F5/><W88/><REACH who="3" step="1"/><G42/><REACH who="3" ten="163,250,337,240" step="2"/><T49/><D127/><U29/><E41/><V16/><F4/><W102/><G102/><T33/><D33/><U101/><E40/><V81/><F100/><W65/><G65/><T21/><D36/><U116/><E67/><V112/><F112/><W20/><G20/><T48/><D21/><U27/><E64/><V122/><F122/><W58/><G58/><T51/><D37/><U59/><E59/><N who="2" m="35191" /><F0/><W24/><G24/><T129/><D129/><U60/><E116/><V34/><F34/><W38/><G38/><T93/><N who="0" m="12288" /><DORA hai="89" /><T71/><D71/><U2/><E2/><V119/><F119/><W109/><G109/><T8/><D47/><U77/><E103/><V13/><F68/><W128/><G128/><T14/><D8/><U134/><E101/><V92/><F11/><RYUUKYOKU ba="0,1" sc="163,-10,250,-10,337,-10,240,30" hai3="17,22,26,44,45,46,53,56,73,75,88,94,98" /><INIT seed="2,1,1,3,2,116" ten="153,240,327,270" oya="2" hai0="88,3,9,58,65,90,59,26,42,74,81,30,37" hai1="16,53,89,5,45,8,70,130,64,14,79,48,94" hai2="97,110,29,78,55,122,61,20,113,28,95,127,101" hai3="107,24,49,39,43,120,18,134,31,1,41,125,72"/><V22/><F122/><W6/><G120/><T47/><D65/><U106/><E130/><V21/><F113/><W115/><G39/><T80/><D59/><U135/><E135/><V66/><F127/><W4/><G107/><T102/><D102/><U46/><E106/><V87/><F110/><W40/><G72/><T112/><D58/><U83/><E70/><V54/><F78/><W69/><G69/><T77/><D81/><U15/><E64/><V71/><REACH who="2" step="1"/><F87/><REACH who="2" ten="153,240,317,270" step="2"/><W12/><G125/><T109/><D109/><U99/><E79/><V108/><F108/><W86/><G115/><T121/><D121/><U114/><E114/><V105/><F105/><W7/><G86/><T56/><D112/><U133/><E133/><V38/><F38/><W117/><G134/><T60/><D60/><U75/><E75/><V100/><F100/><W33/><G117/><T57/><D90/><U2/><E83/><V62/><F62/><W82/><G82/><T126/><D88/><U10/><REACH who="1" step="1"/><E2/><REACH who="1" ten="153,230,317,270" step="2"/><V23/><N who="2" m="5120" /><DORA hai="76" /><V129/><F129/><W92/><G1/><T67/><D126/><U93/><E93/><V103/><F103/><W27/><G92/><T91/><D67/><U118/><E118/><V51/><F51/><W52/><G49/><T36/><D36/><U32/><E32/><V119/><F119/><W123/><G33/><N who="0" m="20695" /><D91/><U25/><E25/><V17/><F17/><W73/><G27/><T111/><D111/><U98/><E98/><V132/><F132/><W50/><G123/><T96/><D96/><U19/><E19/><V104/><F104/><W0/><G18/><RYUUKYOKU ba="1,3" sc="153,10,230,10,317,10,270,-30" hai0="3,9,37,42,47,56,57,74,77,80" hai1="5,8,10,14,15,16,45,46,48,53,89,94,99" hai2="28,29,54,55,61,66,71,95,97,101" /><INIT seed="2,2,3,0,2,135" ten="163,240,327,240" oya="2" hai0="115,40,122,85,70,87,73,52,53,36,20,46,120" hai1="126,117,4,43,59,66,91,80,11,39,25,97,119" hai2="89,111,62,32,99,84,37,22,56,109,41,106,57" hai3="102,123,26,54,112,58,47,130,76,103,128,67,2"/><V63/><F32/><W113/><G123/><T55/><D73/><U124/><E25/><V23/><F41/><W129/><G2/><T127/><D115/><N who="3" m="44105" /><G67/><T104/><D104/><U3/><E43/><V45/><F45/><W96/><G47/><T28/><D70/><U51/><E39/><V15/><F37/><W71/><G71/><T6/><D6/><U134/><E134/><V94/><F57/><W77/><G26/><T118/><D118/><U81/><E81/><V14/><F62/><N who="3" m="36183" /><G103/><T65/><D65/><U33/><E33/><V110/><F14/><W98/><G98/><T69/><D69/><U125/><E51/><V30/><F15/><W31/><G31/><T78/><D122/><U49/><E97/><V10/><F30/><W101/><G101/><T16/><D28/><U42/><E42/><V131/><F131/><N who="3" m="33539" /><W27/><DORA hai="0" /><G27/><T133/><D133/><U50/><E50/><V18/><F99/><W105/><AGARI ba="2,3" hai="76,77,96,102,105" m="33539,36183,44105" machi="105" ten="50,3200,0" yaku="11,1,19,1" doraHai="135,0" who="3" fromWho="3" sc="163,-10,240,-10,327,-18,240,68" /><INIT seed="3,0,0,5,0,14" ten="153,230,309,308" oya="3" hai0="6,10,104,134,103,83,56,55,107,44,15,35,79" hai1="58,63,1,31,38,112,91,61,120,26,29,53,3" hai2="86,46,24,66,30,114,119,117,43,80,106,121,116" hai3="70,132,102,49,17,88,50,5,127,28,51,99,110"/><W33/><G70/><T74/><D35/><U21/><E112/><V18/><F114/><W34/><G132/><T40/><D134/><U105/><E38/><V98/><F66/><W25/><G127/><T27/><D103/><U101/><E120/><V72/><F72/><W123/><G123/><T67/><D67/><U109/><E109/><V84/><F121/><W32/><G110/><T4/><D4/><U77/><E77/><V118/><F118/><W36/><G36/><T94/><D94/><U97/><E63/><V92/><F106/><W12/><G5/><T42/><D27/><U95/><E1/><V81/><F81/><W113/><G88/><T90/><D90/><U78/><E78/><V111/><F80/><W22/><REACH who="3" step="1"/><G113/><REACH who="3" ten="153,230,309,298" step="2"/><T75/><D75/><U48/><E3/><V20/><F111/><W108/><G108/><T45/><D45/><U52/><E48/><V82/><F82/><W60/><G60/><T57/><D56/><U126/><E126/><V7/><F7/><W37/><G37/><T128/><D128/><U64/><REACH who="1" step="1"/><E31/><REACH who="1" ten="153,220,309,298" step="2"/><V122/><F30/><W39/><G39/><T125/><D125/><U62/><E62/><V13/><F122/><W115/><G115/><T59/><D59/><U76/><E76/><V129/><F119/><W89/><G89/><T93/><D44/><U54/><E54/><V23/><F117/><W73/><G73/><T135/><D135/><U2/><E2/><V96/><F116/><W16/><G16/><T69/><D42/><U131/><E131/><V100/><F129/><W11/><G11/><T8/><D40/><RYUUKYOKU ba="0,2" sc="153,-15,220,15,309,-15,298,15" hai1="21,26,29,52,53,58,61,64,91,95,97,101,105" hai3="12,17,22,25,28,32,33,34,49,50,51,99,102" owari="138,-36.2,235,-16.5,294,9.4,333,43.3" /></mjloggm>