<mjloggm ver="2.3"><GO type="225" lobby="0"/><UN n0="%E3%81%A4%E3%81%A3%E3%81%B1%E3%82%8A%E3%83%9D%E3%83%BC%E3%83%AB" n1="%E3%81%B2%E3%81%AA%E3%81%AE%E3%82%8A%E3%81%8F" n2="%E6%97%A5%E6%9B%9C%E6%97%A5%E3%82%88%E3%82%8A%E3%81%AE%E4%BD%BF%E8%80%85" n3="%E6%A1%9C%E8%8A%B1%E9%96%83%E3%80%85" dan="16,16,16,16" rate="2123.95,2121.38,2088.31,2143.34" sx="M,M,M,M"/><TAIKYOKU oya="0"/><INIT seed="0,0,0,3,2,21" ten="250,250,250,250" oya="0" hai0="40,126,103,69,47,135,94,8,119,68,46,35,133" hai1="43,130,28,26,57,81,12,124,99,74,2,112,134" hai2="91,116,67,51,95,13,93,32,62,37,27,105,41" hai3="79,59,111,65,89,118,49,18,123,110,88,109,52"/><T36/><D119/><U30/><E2/><V131/><F105/><W29/><G118/><T63/><D126/><U4/><E124/><V64/><F37/><W83/><G123/><T17/><D35/><U25/><E134/><N who="0" m="51209" /><D47/><U71/><E71/><N who="0" m="27209" /><D63/><U92/><E130/><V7/><F32/><W16/><G29/><T78/><D78/><U113/><E43/><V54/><F41/><W115/><G65/><T60/><D60/><U66/><E66/><V48/><F62/><W19/><G115/><N who="1" m="44106" /><E57/><V97/><F116/><W104/><G104/><T108/><D108/><U70/><E70/><V53/><F64/><W125/><G125/><T0/><D0/><U82/><E4/><V132/><F67/><W73/><AGARI ba="0,0" hai="16,18,19,49,52,59,73,79,83,88,89,109,110,111" machi="73" ten="40,8000,1" yaku="0,1,14,1,54,3" doraHai="21" who="3" fromWho="3" sc="250,-40,250,-20,250,-20,250,80" /><INIT seed="1,0,0,3,5,52" ten="210,230,230,330" oya="1" hai0="57,55,5,115,48,12,133,10,103,97,100,29,68" hai1="64,49,14,132,130,67,66,91,53,8,37,34,11" hai2="95,116,134,81,112,72,46,15,3,114,47,38,83" hai3="6,106,62,54,121,4,120,18,21,56,76,77,129"/><U20/><E34/><V117/><F3/><W90/><G106/><T135/><D115/><N who="2" m="44074" /><F134/><N who="0" m="51210" /><D68/><U35/><E35/><V110/><F110/><W42/><G129/><T92/><D29/><U7/><E37/><V26/><F26/><W41/><G90/><AGARI ba="0,0" hai="5,10,12,48,55,57,90,92,97,100,103" m="51210" machi="90" ten="30,2000,0" yaku="20,1,52,1" doraHai="52" who="0" fromWho="3" sc="210,20,230,0,230,0,330,-20" /><INIT seed="2,0,0,0,1,42" ten="230,230,230,310" oya="2" hai0="103,3,11,70,110,14,68,89,18,73,36,112,135" hai1="8,5,114,46,129,50,0,29,60,120,41,127,78" hai2="79,132,33,6,67,57,107,87,125,72,97,53,56" hai3="108,38,19,25,64,98,48,130,100,76,128,1,2"/><V93/><F33/><W91/><G38/><T74/><D112/><U10/><E114/><V80/><F125/><W26/><G108/><T123/><D123/><U109/><E109/><V62/><F132/><W75/><G64/><T92/><D110/><U118/><E118/><V34/><F34/><W7/><G91/><T4/><D135/><U71/><E127/><V31/><F31/><W134/><G134/><T32/><D36/><U49/><E120/><V106/><F6/><W81/><G48/><T12/><D103/><U17/><E29/><V69/><F72/><W95/><G19/><T28/><D14/><U21/><E78/><V116/><F116/><W15/><G15/><T117/><D117/><U111/><E129/><N who="3" m="49770" /><G7/><T61/><D61/><U85/><E10/><V90/><REACH who="2" step="1"/><F69/><REACH who="2" ten="230,230,220,310" step="2"/><W16/><G16/><T47/><D70/><U121/><E121/><V22/><F22/><W13/><G13/><T84/><D68/><U45/><E111/><V133/><F133/><W104/><G104/><T51/><D32/><U88/><E17/><V27/><F27/><AGARI ba="0,1" hai="1,2,25,26,27,75,76,81,95,98,100" m="49770" machi="27" ten="30,1000,0" yaku="19,1" doraHai="42" who="3" fromWho="2" sc="230,0,230,0,220,-10,310,20" /><INIT seed="3,0,0,4,4,3" ten="230,230,210,330" oya="3" hai0="99,4,31,110,64,131,115,43,51,29,32,28,71" hai1="114,105,33,98,130,2,124,69,17,90,6,55,120" hai2="101,91,85,15,100,11,135,103,121,66,133,87,14" hai3="80,126,58,10,82,24,9,1,70,42,59,88,50"/><W34/><G70/><T18/><D32/><U81/><E33/><V106/><F106/><W36/><G36/><T38/><D38/><U8/><E114/><V54/><F121/><W132/><G132/><N who="2" m="50761" /><F66/><W96/><G126/><T75/><D75/><U5/><E120/><V77/><F77/><W23/><G34/><T57/><D71/><U22/><E124/><V83/><F87/><N who="3" m="50279" /><G82/><T61/><D4/><U79/><E130/><V19/><F15/><W122/><G96/><T89/><D131/><U67/><E67/><V68/><F68/><W94/><G94/><N who="0" m="56783" /><D110/><U84/><E69/><V53/><F19/><N who="3" m="12415" /><G1/><T0/><D0/><U7/><E79/><V111/><F111/><W125/><G125/><T20/><D115/><U92/><E105/><V35/><F35/><W47/><G122/><T16/><D20/><U116/><E116/><V45/><F45/><AGARI ba="0,0" hai="16,18,28,29,31,43,45,51,57,61,64" m="56783" machi="45" ten="30,2000,0" yaku="8,1,54,1" doraHai="3" who="0" fromWho="2" sc="230,20,230,0,210,-20,330,0" owari="250,5.0,230,-17.0,190,-31.0,330,43.0" /></mjloggm>