<mjloggm ver="2.3"><GO type="225" lobby="0"/><UN n0="%74%61%6B%75%61%6B%61" n1="%4E%6F%2E%30%30%30%31" n2="%E4%BF%BA%E3%81%A8%E5%A6%96%E5%A4%A2" n3="%E3%81%BF%E3%81%BF%E3%81%9A" dan="17,18,17,17" rate="2217.56,2251.81,2195.87,2249.19" sx="M,M,F,M"/><TAIKYOKU oya="0"/><INIT seed="0,0,0,0,0,119" ten="250,250,250,250" oya="0" hai0="82,4,14,126,97,2,47,93,127,132,56,65,118" hai1="44,21,116,15,3,98,85,75,108,23,11,64,34" hai2="67,121,128,78,81,35,125,42,37,20,18,5,1" hai3="111,86,96,95,36,76,8,39,16,84,0,89,28"/><T102/><D118/><U122/><E116/><V134/><F35/><W94/><G111/><T63/><D132/><U117/><E117/><V40/><F134/><W105/><G28/><T62/><D2/><U17/><E75/><V27/><F128/><W31/><G31/><T124/><D82/><U13/><E34/><V77/><F125/><W54/><G105/><T133/><D133/><U73/><E73/><N who="2" m="43183" /><F78/><W48/><G0/><T115/><D115/><U33/><E33/><V55/><F55/><W100/><G76/><T99/><D47/><U131/><E108/><V68/><F67/><W83/><G86/><T57/><D97/><U52/><E131/><V70/><F40/><W58/><REACH who="3" step="1"/><G83/><REACH who="3" ten="250,250,250,240" step="2"/><T43/><D43/><U61/><E85/><V53/><F42/><W26/><G26/><T106/><D106/><U69/><E3/><V46/><F27/><W91/><G91/><T30/><D30/><U104/><E15/><AGARI ba="0,1" hai="8,15,16,36,39,48,54,58,84,89,94,95,96,100" machi="15" ten="40,5200,0" yaku="1,1,54,1,53,1" doraHai="119" doraHaiUra="9" who="3" fromWho="1" sc="250,0,250,-52,250,0,240,62" /><INIT seed="1,0,0,4,5,25" ten="250,198,250,302" oya="1" hai0="128,13,87,15,27,61,81,22,112,108,105,100,72" hai1="3,44,52,74,54,62,12,71,45,10,33,49,120" hai2="34,40,43,115,93,129,53,119,92,88,32,121,117" hai3="103,67,6,104,68,99,29,55,101,21,124,111,24"/><U9/><E120/><V46/><F121/><W96/><G111/><T5/><D112/><U83/><E33/><V26/><F115/><W90/><G124/><T89/><D108/><U113/><E113/><V73/><F73/><W79/><G79/><T57/><D128/><U84/><E74/><V69/><F69/><W35/><G90/><T123/><D123/><U132/><E132/><V66/><F66/><W77/><G77/><T133/><D133/><U110/><E110/><V2/><F2/><W65/><G6/><T28/><D72/><U36/><E3/><V8/><F129/><W1/><G1/><T98/><REACH who="0" step="1"/><D5/><REACH who="0" ten="240,198,250,302" step="2"/><U134/><E134/><V48/><F119/><W86/><G68/><T118/><D118/><U106/><E106/><V82/><F117/><W30/><G86/><T94/><D94/><U4/><E71/><V80/><F93/><W20/><G104/><T7/><D7/><U41/><E10/><V70/><F70/><W51/><G99/><T18/><D18/><U107/><E107/><V85/><F8/><W102/><G96/><T122/><D122/><U42/><REACH who="1" step="1"/><E62/><REACH who="1" ten="240,188,250,302" step="2"/><V37/><F34/><W0/><G35/><T91/><D91/><AGARI ba="0,2" hai="4,9,12,36,41,42,44,45,49,52,54,83,84,91" machi="91" ten="30,11600,0" yaku="1,1,2,1,7,1,54,1,53,0" doraHai="25" doraHaiUra="114" who="1" fromWho="0" sc="240,-116,188,136,250,0,302,0" /><INIT seed="1,1,0,1,0,128" ten="124,324,250,302" oya="1" hai0="8,54,122,20,27,14,133,6,34,91,5,9,17" hai1="24,46,108,69,95,44,12,90,55,79,49,124,121" hai2="87,113,88,26,125,58,42,110,98,97,21,1,28" hai3="116,51,89,93,38,80,104,115,75,132,126,63,65"/><U83/><E121/><V100/><F1/><W0/><G115/><T3/><D54/><U68/><E124/><V57/><F113/><W72/><G38/><T120/><D91/><U32/><E108/><V77/><F110/><W13/><G104/><T73/><D73/><U106/><E106/><V19/><F77/><W53/><G0/><T114/><D114/><U59/><E12/><V135/><F125/><W119/><G126/><T30/><REACH who="0" step="1"/><D133/><REACH who="0" ten="114,324,250,302" step="2"/><U81/><E90/><V18/><F135/><W71/><G132/><T94/><D94/><U103/><E95/><V130/><F130/><W29/><G80/><T62/><D62/><U11/><E83/><V48/><F100/><W50/><G75/><T86/><D86/><U112/><E103/><V37/><F98/><W10/><G72/><T60/><D60/><U22/><E112/><V36/><F97/><W82/><G82/><T47/><D47/><U43/><E44/><N who="2" m="25623" /><F88/><W25/><G93/><T102/><D102/><U127/><E127/><V99/><F87/><W129/><G89/><T7/><D7/><U56/><E81/><V131/><F99/><W67/><G129/><T70/><D70/><U123/><E69/><V31/><F131/><W117/><G67/><T134/><D134/><U107/><E68/><V66/><F66/><W52/><G53/><T85/><D85/><U35/><E55/><V45/><F45/><W101/><G101/><T96/><D96/><U39/><E46/><V84/><F84/><W41/><G52/><T15/><AGARI ba="1,1" hai="3,5,6,8,9,14,15,17,20,27,30,34,120,122" machi="15" ten="30,12000,2" yaku="1,1,0,1,24,2,34,3,53,0" doraHai="128" doraHaiUra="61" who="0" fromWho="0" sc="114,133,324,-61,250,-31,302,-31" /><INIT seed="2,0,0,5,2,63" ten="247,263,219,271" oya="2" hai0="58,40,86,45,117,9,84,21,23,123,11,129,130" hai1="53,42,69,73,122,70,82,39,93,41,120,113,60" hai2="57,66,105,87,118,75,32,133,8,7,36,43,67" hai3="46,25,6,103,95,90,34,64,61,91,55,101,108"/><V65/><F75/><W35/><G108/><T97/><D123/><N who="1" m="47147" /><E93/><V59/><F118/><W38/><G6/><T54/><D97/><U33/><E33/><V124/><F105/><W19/><G91/><T62/><D117/><U27/><E27/><V77/><F32/><W81/><G81/><T104/><D104/><U44/><E82/><N who="2" m="47567" /><F36/><W100/><G19/><T14/><D84/><U79/><E79/><V2/><F2/><W127/><G127/><T13/><D86/><U98/><E98/><V125/><F43/><N who="1" m="16393" /><E73/><V29/><F29/><W134/><G25/><T22/><D13/><U49/><E113/><V48/><F48/><W131/><G34/><T92/><D92/><U128/><E128/><N who="0" m="49257" /><D14/><U85/><E85/><V12/><F133/><W47/><G134/><T111/><D111/><U51/><E39/><AGARI ba="0,0" hai="9,11,21,22,23,39,40,45,54,58,62" m="49257" machi="39" ten="30,1000,0" yaku="19,1" doraHai="63" who="0" fromWho="1" sc="247,10,263,-10,219,0,271,0" /><INIT seed="3,0,0,3,5,55" ten="257,253,219,271" oya="3" hai0="105,0,57,56,45,135,79,118,129,65,109,89,63" hai1="87,126,125,93,86,52,90,13,33,107,28,95,76" hai2="100,78,51,31,69,49,130,14,80,121,119,110,40" hai3="6,43,67,127,58,128,108,94,41,99,113,3,112"/><W27/><G127/><N who="1" m="48650" /><E107/><V47/><F119/><W104/><G104/><T1/><D118/><U117/><E117/><V70/><F110/><W115/><G108/><T91/><D109/><U85/><E13/><V61/><F130/><W2/><G128/><T54/><D105/><U35/><E28/><V19/><F121/><W73/><G73/><T84/><D129/><U92/><E76/><V42/><F100/><W111/><G111/><T96/><D135/><U62/><E90/><N who="0" m="34313" /><D0/><U116/><E116/><V30/><F69/><W134/><G27/><T72/><D1/><U9/><E9/><V11/><F61/><W133/><G6/><T60/><D72/><U8/><E8/><V97/><F70/><W5/><G5/><T7/><D7/><U36/><E36/><V15/><F97/><W132/><G2/><T34/><D34/><N who="1" m="12811" /><E52/><V46/><F15/><W59/><G3/><T120/><D120/><U103/><E62/><V124/><F124/><W131/><G131/><T101/><D45/><U39/><E39/><V10/><F10/><W25/><G25/><T16/><D16/><U82/><E82/><V20/><F11/><W106/><G106/><T38/><D38/><U17/><E103/><V66/><F66/><W98/><G67/><T37/><D37/><U68/><E68/><V53/><F53/><W50/><G99/><T77/><D84/><AGARI ba="0,0" hai="14,19,20,30,31,40,42,46,47,49,51,78,80,84" machi="84" ten="30,3900,0" yaku="7,1,9,1,8,1" doraHai="55" who="2" fromWho="0" sc="257,-39,253,0,219,39,271,0" /><INIT seed="4,0,0,4,3,123" ten="218,253,258,271" oya="0" hai0="22,20,93,51,1,108,75,101,92,23,74,104,78" hai1="31,97,15,100,4,62,40,107,77,59,119,120,8" hai2="79,91,67,95,3,71,29,128,110,111,11,2,17" hai3="50,36,39,35,45,41,99,131,127,88,96,46,124"/><T81/><D1/><U133/><E120/><V38/><F38/><W12/><G35/><T87/><D104/><U48/><E119/><V130/><F29/><W125/><G131/><N who="2" m="50217" /><F79/><W115/><G115/><T90/><D74/><U37/><E133/><V25/><F67/><W6/><G46/><T86/><D51/><U122/><E122/><V103/><F103/><W126/><N who="3" m="31744" /><DORA hai="57" /><W58/><G58/><T49/><D49/><U65/><E31/><V113/><F71/><W69/><G69/><T61/><D108/><N who="2" m="41514" /><F113/><W73/><G73/><T21/><N who="0" m="5120" /><DORA hai="63" /><T76/><D76/><U47/><E77/><V70/><F25/><W116/><G116/><T43/><D43/><U19/><REACH who="1" step="1"/><E37/><REACH who="1" ten="218,243,258,271" step="2"/><V18/><F70/><W105/><G36/><T106/><D61/><U44/><E44/><V30/><F30/><W28/><G28/><T112/><D112/><U0/><E0/><V94/><F2/><W66/><G39/><T32/><D32/><U80/><E80/><V42/><F3/><W34/><G34/><T13/><D13/><U135/><E135/><V60/><F94/><W109/><G109/><T89/><REACH who="0" step="1"/><D106/><REACH who="0" ten="208,243,258,271" step="2"/><U52/><E52/><V10/><F42/><W83/><G105/><T64/><D64/><U5/><AGARI ba="0,2" hai="4,5,8,15,19,40,47,48,59,62,65,97,100,107" machi="5" ten="30,7900,0" yaku="1,1,0,1,52,2,53,0" doraHai="123,57,63" doraHaiUra="26,117,33" who="1" fromWho="1" sc="208,-39,243,99,258,-20,271,-20" owari="169,-33.1,342,44.2,238,-16.2,251,5.1" /></mjloggm>