<mjloggm ver="2.3"><GO type="225" lobby="0"/><UN n0="%E3%83%97%E3%83%AC%E3%83%B4%E3%82%A1%E3%83%86%E3%82%A3" n1="%28%EF%BF%A3%E2%96%BD%EF%BF%A3%29%CE%B4%E2%8C%92%E3%83%BB" n2="%4C%4F%4C%49%54%41" n3="%6E%69%63%6F%6E%74%6F" dan="16,16,16,17" rate="2154.21,2152.62,2169.20,2150.00" sx="F,M,F,M"/><TAIKYOKU oya="0"/><INIT seed="0,0,0,2,5,5" ten="250,250,250,250" oya="0" hai0="13,35,52,69,109,133,102,23,12,111,77,43,61" hai1="62,72,82,127,117,56,113,24,11,15,70,27,118" hai2="18,96,86,50,79,85,58,37,78,54,41,131,28" hai3="103,91,124,107,99,31,104,87,55,90,123,9,49"/><T46/><D35/><U88/><E70/><V105/><F131/><W6/><G124/><T32/><D32/><U94/><E127/><V34/><F37/><W84/><G123/><T60/><D77/><U73/><E113/><V95/><F105/><W63/><G31/><T122/><D102/><U120/><E120/><V10/><F41/><W1/><G63/><T14/><D122/><U130/><E130/><V57/><F57/><W64/><G64/><T83/><D83/><U67/><E27/><V132/><F28/><W135/><G135/><T22/><D133/><U36/><E36/><V30/><F30/><W21/><G21/><T33/><D33/><U4/><E24/><V16/><F34/><W2/><G2/><T100/><D100/><U89/><E89/><N who="2" m="55407" /><F132/><W106/><G91/><T114/><D114/><U108/><E108/><N who="0" m="41545" /><D69/><U134/><E134/><V101/><F18/><W66/><G66/><T53/><D43/><U93/><E93/><V80/><F101/><W3/><G3/><T42/><D42/><U20/><E20/><N who="0" m="7721" /><D46/><U71/><E71/><V29/><F29/><W38/><G38/><T74/><D74/><U47/><E47/><V26/><F26/><W25/><G25/><T121/><D121/><U8/><E82/><V125/><F125/><W7/><G1/><T45/><D45/><U112/><E112/><V59/><F59/><W97/><G103/><T110/><N who="0" m="41553" /><T51/><DORA hai="129" /><D51/><U81/><E81/><V48/><F50/><W76/><G49/><T19/><D19/><N who="1" m="8679" /><E73/><N who="2" m="43087" /><F79/><W92/><G76/><T128/><D128/><U65/><E72/><RYUUKYOKU ba="0,0" sc="250,15,250,-15,250,15,250,-15" hai0="12,13,14,52,53,60,61" hai2="10,16,48,54,58,85,86" /><INIT seed="0,1,0,1,1,4" ten="265,235,265,235" oya="0" hai0="135,86,90,64,131,0,12,53,130,127,2,63,123" hai1="48,41,129,92,93,26,17,111,95,103,91,112,60" hai2="108,36,66,13,117,80,1,114,88,55,22,81,106" hai3="72,58,54,19,27,5,87,39,133,71,77,96,94"/><T97/><D123/><U62/><E111/><V116/><F1/><W8/><G133/><T68/><D135/><U23/><E129/><N who="0" m="49161" /><D127/><U83/><E112/><V110/><F114/><W65/><G39/><T82/><D53/><U78/><E103/><V75/><F106/><W124/><G124/><T119/><D119/><N who="2" m="45642" /><F36/><W121/><G121/><T115/><D115/><U20/><E91/><V29/><F66/><W99/><G72/><T14/><D97/><U85/><REACH who="1" step="1"/><E23/><REACH who="1" ten="265,225,265,235" step="2"/><V61/><F88/><N who="3" m="53535" /><G77/><T76/><D76/><U25/><E25/><V45/><F110/><W98/><G27/><T113/><D113/><U10/><E10/><V3/><F22/><W49/><G71/><T132/><D132/><U67/><E67/><V125/><F108/><W102/><G102/><T37/><D37/><U47/><AGARI ba="1,1" hai="17,20,26,41,47,48,60,62,78,83,85,92,93,95" machi="47" ten="30,4000,0" yaku="1,1,0,1,8,1,53,0" doraHai="4" doraHaiUra="122" who="1" fromWho="1" sc="265,-21,225,53,265,-11,235,-11" /><INIT seed="1,0,0,2,1,16" ten="244,278,254,224" oya="1" hai0="2,109,88,62,59,42,33,121,8,49,30,94,64" hai1="128,93,28,81,12,87,44,101,25,131,82,99,85" hai2="132,47,63,78,24,4,5,35,96,32,110,83,53" hai3="37,61,27,0,114,76,134,46,14,38,71,107,70"/><U75/><E44/><V102/><F110/><W129/><G0/><T40/><D109/><U103/><E12/><V100/><F132/><W104/><G14/><T124/><D121/><U98/><E25/><V92/><F102/><W21/><G134/><T68/><D124/><U60/><E60/><V86/><F32/><W126/><G126/><T48/><D33/><U106/><E28/><V66/><F35/><W55/><G114/><T69/><D30/><U80/><E75/><V58/><F24/><W20/><G76/><T7/><D69/><U77/><E82/><V29/><F29/><W54/><G27/><T67/><D67/><U19/><E19/><V122/><REACH who="2" step="1"/><F122/><REACH who="2" ten="244,278,244,224" step="2"/><W3/><G71/><T119/><D119/><U36/><E36/><V111/><F111/><W9/><G70/><T84/><REACH who="0" step="1"/><D68/><REACH who="0" ten="234,278,244,224" step="2"/><U1/><REACH who="1" step="1"/><E1/><REACH who="1" ten="234,268,244,224" step="2"/><V34/><F34/><W130/><G3/><T120/><D120/><U123/><E123/><V133/><F133/><W97/><G38/><T113/><D113/><U116/><E116/><V65/><F65/><W45/><G37/><T22/><D22/><U115/><E115/><V57/><F57/><W18/><G21/><T50/><AGARI ba="0,3" hai="2,7,8,40,42,48,49,50,59,62,64,84,88,94" machi="50" ten="30,7900,0" yaku="1,1,0,1,54,1,53,1" doraHai="16" doraHaiUra="91" who="0" fromWho="0" sc="234,109,268,-39,244,-20,224,-20" /><INIT seed="2,0,0,5,4,130" ten="343,229,224,204" oya="2" hai0="58,131,94,100,91,87,71,75,47,51,83,121,45" hai1="53,9,90,39,81,15,49,69,1,82,40,31,2" hai2="60,115,16,122,133,74,84,92,120,104,114,25,13" hai3="97,107,64,106,98,102,112,85,128,123,132,23,70"/><V127/><F74/><W24/><G128/><T101/><D131/><U14/><E69/><V65/><F104/><W55/><G123/><T11/><D121/><U48/><E39/><V22/><F127/><W135/><G112/><T118/><D71/><U27/><E40/><V8/><F133/><N who="3" m="51275" /><G85/><T109/><D118/><U33/><E48/><V126/><F126/><W50/><G64/><T54/><D109/><U52/><E15/><V73/><F73/><W59/><G70/><T117/><D117/><U36/><E36/><V99/><F84/><W44/><G44/><N who="0" m="16971" /><D75/><U43/><E43/><V125/><F125/><W17/><G98/><N who="0" m="57695" /><D11/><U80/><E90/><AGARI ba="0,0" hai="51,54,58,83,87,90,100,101" m="57695,16971" machi="90" ten="30,1000,0" yaku="8,1" doraHai="130" who="0" fromWho="1" sc="343,10,229,-10,224,0,204,0" /><INIT seed="3,0,0,3,1,13" ten="353,219,224,204" oya="3" hai0="134,89,123,10,106,121,19,104,87,49,77,67,53" hai1="30,79,110,117,86,14,113,95,16,33,72,3,84" hai2="37,5,28,98,55,129,81,124,7,35,20,88,1" hai3="51,112,109,101,82,99,2,114,125,96,42,31,44"/><W36/><G2/><T105/><D134/><U126/><E3/><V70/><F35/><W0/><G0/><T11/><D67/><U107/><E107/><V131/><F37/><W78/><G125/><T83/><D77/><U132/><E113/><V24/><F70/><W22/><G109/><T122/><REACH who="0" step="1"/><D19/><REACH who="0" ten="343,219,224,204" step="2"/><U25/><E132/><V120/><F124/><W115/><G36/><T41/><D41/><U32/><E126/><V108/><F5/><W48/><G48/><T111/><D111/><U74/><E110/><V80/><F108/><W27/><REACH who="3" step="1"/><G101/><REACH who="3" ten="343,219,224,194" step="2"/><T91/><D91/><N who="1" m="53735" /><E79/><V65/><F88/><W71/><G71/><T21/><D21/><U116/><E33/><V29/><F20/><W119/><G119/><T34/><D34/><U62/><E117/><V50/><F50/><W15/><G15/><T18/><D18/><U69/><E116/><V57/><F1/><W133/><G133/><T61/><D61/><U45/><E62/><V52/><F129/><W46/><G46/><AGARI ba="0,2" hai="10,11,46,49,53,83,87,89,104,105,106,121,122,123" machi="46" ten="50,1600,0" yaku="1,1,53,0" doraHai="13" doraHaiUra="58" who="0" fromWho="3" sc="343,36,219,0,224,0,194,-16" owari="379,47.9,219,-18.1,224,2.4,178,-32.2" /></mjloggm>