<mjloggm ver="2.3"><GO type="225" lobby="0"/><UN n0="%E3%81%94%E3%81%BE%E3%81%A1%E3%82%83%E3%82%93%36%36" n1="%E3%83%8F%E3%82%AC%E3%82%BF%E3%82%AB%E3%81%AE%E3%81%88%E3%81%98%E3%81%8D" n2="%73%6C%69%63%6B%33%31%39" n3="%E3%83%96%E3%83%A9%E3%82%B6%E3%83%BC" dan="17,16,16,16" rate="2143.23,2153.19,2164.16,2084.34" sx="M,M,M,M"/><TAIKYOKU oya="0"/><INIT seed="0,0,0,3,1,59" ten="250,250,250,250" oya="0" hai0="58,117,132,51,54,85,121,125,89,44,83,73,21" hai1="36,25,68,12,34,99,50,108,110,23,67,123,105" hai2="19,94,86,55,119,40,56,46,4,74,127,96,134" hai3="87,9,28,8,22,52,75,37,17,26,14,41,38"/><T133/><D133/><U80/><E36/><V60/><F74/><W82/><G75/><T0/><D132/><U128/><E123/><V72/><F72/><W76/><G41/><T130/><D117/><U20/><E128/><V90/><F134/><W115/><G115/><T77/><D121/><U129/><E129/><V57/><F127/><W47/><REACH who="3" step="1"/><G8/><REACH who="3" ten="250,250,250,240" step="2"/><T66/><D125/><U120/><E120/><V135/><F135/><W84/><G84/><T106/><D130/><U101/><E108/><V111/><F111/><W104/><G104/><T70/><D106/><U103/><E110/><V3/><F119/><W45/><G45/><T24/><D44/><U30/><E105/><V69/><F86/><W18/><G18/><T62/><D0/><U112/><E112/><V29/><F19/><W107/><G107/><T6/><D6/><U122/><E122/><V1/><F1/><W97/><G97/><T64/><D73/><U10/><E99/><V78/><F4/><W126/><G126/><T48/><D77/><U95/><E10/><V124/><F3/><W13/><G13/><T39/><D39/><U42/><E12/><V92/><F78/><W49/><AGARI ba="0,1" hai="9,14,17,22,26,28,37,38,47,49,52,76,82,87" machi="49" ten="30,4000,0" yaku="1,1,0,1,54,1,53,0" doraHai="59" doraHaiUra="91" who="3" fromWho="3" sc="250,-20,250,-10,250,-10,240,50" /><INIT seed="1,0,0,1,0,12" ten="230,240,240,290" oya="1" hai0="122,59,46,118,22,4,19,68,8,26,127,95,9" hai1="134,128,20,30,44,63,110,94,133,58,77,60,1" hai2="25,76,117,74,105,23,87,35,43,14,71,18,89" hai3="79,15,53,11,93,33,88,81,85,130,27,56,96"/><U84/><E1/><V100/><F117/><W65/><G130/><T109/><D118/><U102/><E128/><V119/><F119/><W131/><G131/><T39/><D68/><U37/><E110/><V64/><F43/><W47/><G47/><T112/><D109/><U38/><E77/><V103/><F74/><W98/><G65/><T108/><D108/><U55/><E63/><V101/><F76/><W90/><G33/><T124/><D112/><U34/><E34/><V10/><F35/><W69/><G27/><T70/><D70/><U116/><E116/><V0/><F0/><W6/><G69/><T86/><D122/><U61/><E61/><V111/><F111/><W2/><G2/><T97/><D86/><U67/><E44/><V125/><F125/><N who="0" m="48202" /><D59/><U13/><E55/><V7/><F71/><W40/><G40/><N who="0" m="22815" /><D4/><U28/><E84/><V126/><F126/><W62/><REACH who="3" step="1"/><G90/><AGARI ba="0,0" hai="8,9,19,22,26,90,95,97" m="22815,48202" machi="90" ten="30,2000,0" yaku="18,1,52,1" doraHai="12" who="0" fromWho="3" sc="230,20,240,0,240,0,290,-20" /><INIT seed="2,0,0,3,5,63" ten="250,240,240,270" oya="2" hai0="7,64,99,78,65,106,27,52,2,114,10,113,91" hai1="11,92,42,83,104,129,128,90,48,14,30,109,111" hai2="29,22,85,116,47,81,124,55,56,61,28,16,86" hai3="133,12,33,50,122,43,117,25,98,118,54,105,34"/><V1/><F116/><W9/><G122/><T57/><D78/><U37/><E37/><V8/><F124/><W107/><G133/><T75/><D75/><U62/><E104/><V35/><F35/><W46/><G117/><T130/><D130/><N who="1" m="50283" /><E30/><V108/><F108/><N who="1" m="41545" /><E83/><V58/><F47/><W131/><G131/><T70/><D70/><U89/><E92/><V119/><F119/><W82/><G82/><T15/><D2/><U134/><E134/><V69/><F69/><W121/><G121/><T79/><D79/><U77/><E77/><V71/><F71/><W123/><G123/><T102/><D91/><U120/><E120/><V32/><F32/><W103/><G118/><T49/><REACH who="0" step="1"/><D27/><REACH who="0" ten="240,240,240,270" step="2"/><U88/><E90/><V20/><F1/><W68/><G68/><T87/><D87/><U18/><E88/><V31/><F86/><W115/><G25/><T0/><D0/><U135/><E89/><V39/><F85/><W67/><G115/><AGARI ba="0,1" hai="7,10,15,49,52,57,64,65,99,102,106,113,114,115" machi="115" ten="40,8000,1" yaku="1,1,52,2,54,1,53,0" doraHai="63" doraHaiUra="26" who="0" fromWho="3" sc="240,90,240,0,240,0,270,-80" /><INIT seed="3,0,0,0,1,53" ten="330,240,240,190" oya="3" hai0="77,104,3,87,58,33,120,6,129,80,89,52,81" hai1="74,47,106,85,60,130,78,71,64,121,25,107,36" hai2="100,35,8,113,108,54,49,59,1,70,61,116,57" hai3="91,9,48,24,117,11,94,135,26,68,93,75,20"/><W0/><G117/><T125/><D120/><U86/><E86/><V56/><F35/><W10/><G75/><T46/><D33/><U98/><E85/><V102/><F113/><W27/><G68/><T2/><D104/><U124/><E121/><V23/><F116/><W15/><G135/><T7/><D125/><U92/><E124/><V73/><F73/><W88/><G0/><T17/><D129/><U44/><E44/><N who="2" m="27943" /><F1/><W122/><G122/><T97/><D2/><U128/><E47/><V19/><F70/><W41/><G41/><T4/><D3/><U134/><E25/><N who="2" m="14591" /><F108/><W82/><G48/><N who="0" m="30983" /><D46/><U65/><E65/><N who="2" m="39079" /><F8/><W37/><G37/><T22/><D81/><N who="1" m="45271" /><E36/><V115/><F115/><W16/><G82/><T99/><D77/><U103/><E134/><V50/><F50/><W112/><G112/><T38/><D38/><U90/><E107/><V96/><F96/><W43/><G43/><T110/><D110/><U62/><E62/><V132/><F132/><W30/><G30/><T18/><D99/><U13/><E106/><V95/><F95/><AGARI ba="0,0" hai="9,10,11,15,16,20,24,26,27,88,91,93,94,95" machi="95" ten="40,7700,0" yaku="8,1,54,2" doraHai="53" who="3" fromWho="2" sc="330,0,240,0,240,-77,190,77" /><INIT seed="3,1,0,2,5,108" ten="330,240,163,267" oya="3" hai0="129,74,19,48,101,115,122,133,85,77,38,5,59" hai1="69,64,120,14,28,50,127,75,2,24,46,29,55" hai2="12,135,111,86,57,83,97,132,124,1,103,116,65" hai3="40,25,114,15,125,67,7,62,13,33,126,81,20"/><W112/><G40/><T87/><D122/><U78/><E120/><V34/><F1/><W41/><G41/><T61/><D38/><U99/><E2/><V6/><F34/><W71/><G33/><T113/><D129/><U51/><E127/><N who="3" m="48650" /><G81/><N who="0" m="45239" /><D101/><U27/><E78/><N who="2" m="46455" /><F12/><N who="3" m="4683" /><G7/><T72/><D72/><U49/><E75/><V102/><F57/><W80/><G80/><T45/><D19/><AGARI ba="1,0" hai="19,20,25,62,67,71,112,114" m="4683,48650" machi="19" ten="30,5800,0" yaku="18,1,52,2" doraHai="108" who="3" fromWho="0" sc="330,-61,240,0,163,0,267,61" owari="269,6.9,240,-16.0,163,-33.7,328,42.8" /></mjloggm>