<mjloggm ver="2.3"><GO type="225" lobby="0"/><UN n0="%4B%2E%32%2E%4B%2E" n1="%E3%81%BF%E3%81%BF%E3%81%9A" n2="%E5%A4%9C%E3%81%AE%E3%82%AC%E3%82%B9%E3%83%91%E3%83%BC%E3%83%AB" n3="%E6%B8%A1%E5%A4%A9%E8%97%8D" dan="16,18,16,16" rate="2127.34,2261.53,2154.20,2079.40" sx="M,M,M,M"/><TAIKYOKU oya="0"/><INIT seed="0,0,0,4,2,135" ten="250,250,250,250" oya="0" hai0="128,91,106,38,71,132,118,96,14,21,52,125,113" hai1="0,102,131,51,72,8,121,129,92,34,32,108,48" hai2="29,117,45,111,88,109,105,87,127,110,122,67,7" hai3="133,47,42,43,30,134,19,126,112,28,66,70,100"/><T114/><D118/><U63/><E121/><V78/><F122/><W97/><G112/><T76/><D132/><N who="3" m="50793" /><G19/><T64/><D38/><U61/><E72/><V83/><F117/><W50/><G42/><T104/><D71/><U93/><E8/><V24/><F105/><N who="0" m="40554" /><D64/><U119/><E119/><V11/><F67/><W20/><G20/><T90/><D52/><U73/><E73/><V77/><F45/><W1/><G1/><T3/><D14/><U59/><E102/><V54/><F54/><W107/><G126/><T75/><D21/><U68/><E59/><V23/><REACH who="2" step="1"/><F127/><REACH who="2" ten="250,250,240,250" step="2"/><W56/><G70/><T12/><D125/><U41/><E68/><V26/><F26/><W82/><G66/><T120/><D120/><U27/><E41/><V101/><F101/><W15/><G56/><T17/><D114/><U115/><E115/><V130/><F130/><W124/><G124/><T81/><D113/><U116/><E116/><V25/><F25/><W103/><G103/><T99/><D128/><U62/><E27/><V94/><F94/><W37/><G100/><T4/><D3/><AGARI ba="0,1" hai="3,7,11,23,24,29,77,78,83,87,88,109,110,111" machi="3" ten="40,5200,0" yaku="1,1,14,1,54,1,53,0" doraHai="135" doraHaiUra="36" who="2" fromWho="0" sc="250,-52,250,0,240,62,250,0" /><INIT seed="1,0,0,2,3,113" ten="198,250,302,250" oya="1" hai0="73,62,112,3,6,132,54,69,67,7,10,108,120" hai1="85,60,37,99,95,119,48,53,29,42,66,100,122" hai2="94,84,128,52,34,129,4,50,123,44,38,45,49" hai3="103,121,20,23,110,2,55,127,18,117,24,91,19"/><U22/><E122/><V33/><F123/><W71/><G121/><T72/><D120/><RYUUKYOKU type="kaze4" ba="0,0" sc="198,0,250,0,302,0,250,0" /><INIT seed="1,1,0,4,1,14" ten="198,250,302,250" oya="1" hai0="83,126,128,44,53,33,112,52,38,134,96,125,62" hai1="10,104,105,66,0,3,90,46,51,129,35,20,21" hai2="29,5,133,101,58,37,93,106,27,92,114,23,71" hai3="109,84,91,76,79,2,15,25,6,7,120,45,63"/><U98/><E35/><V80/><F71/><W12/><G120/><T135/><D33/><U73/><E73/><V68/><F68/><W61/><G109/><T19/><D112/><U57/><E129/><V50/><F37/><W13/><G45/><T67/><D128/><U85/><E0/><V22/><F114/><W55/><G25/><T74/><D96/><U123/><E123/><V54/><F133/><N who="0" m="50698" /><D83/><U70/><E70/><V32/><F5/><N who="3" m="1547" /><G2/><T122/><D19/><U9/><E3/><V39/><F39/><W60/><G55/><N who="0" m="21067" /><D74/><U117/><E98/><V75/><F80/><AGARI ba="1,0" hai="12,13,15,60,61,63,76,79,80,84,91" m="1547" machi="80" ten="30,1000,0" yaku="8,1" doraHai="14" who="3" fromWho="2" sc="198,0,250,0,302,-13,250,13" /><INIT seed="2,0,0,3,2,36" ten="198,250,289,263" oya="2" hai0="75,93,113,74,76,98,68,2,104,32,49,86,67" hai1="45,4,121,12,69,133,6,59,111,116,89,88,127" hai2="58,14,106,11,70,102,103,60,35,40,53,109,105" hai3="28,41,63,132,122,65,97,54,125,134,91,27,19"/><V124/><F35/><W31/><G122/><T119/><D2/><U84/><E69/><V33/><F33/><W52/><G125/><T82/><D32/><U47/><E116/><V83/><F124/><W0/><G0/><T30/><D30/><N who="3" m="11305" /><G97/><T128/><D113/><U42/><E127/><V73/><F70/><N who="3" m="42303" /><G91/><N who="0" m="55615" /><D128/><U87/><E121/><V66/><F109/><W129/><G129/><T3/><D49/><N who="1" m="26807" /><E111/><V112/><F112/><W26/><G19/><T44/><D44/><U71/><E71/><V21/><F105/><W72/><G72/><N who="0" m="27691" /><D67/><U120/><E47/><V1/><F66/><W108/><G41/><T99/><D68/><U43/><E133/><N who="3" m="51306" /><G108/><T114/><D3/><U123/><E43/><V56/><F40/><W38/><G38/><T48/><D114/><U15/><E59/><V24/><F58/><W77/><G77/><T29/><D29/><U37/><E37/><V118/><F1/><W18/><G18/><T57/><D57/><U107/><E107/><V5/><F106/><W79/><G79/><T92/><D119/><U126/><E126/><V22/><F118/><W23/><G23/><T64/><D64/><U96/><E96/><V95/><F22/><W130/><G130/><T25/><D104/><U8/><E123/><V10/><F21/><W81/><G54/><T90/><D25/><N who="3" m="9225" /><G52/><T85/><D48/><U110/><E120/><V46/><F24/><W7/><G7/><N who="1" m="2602" /><E110/><V131/><F131/><W80/><AGARI ba="0,0" hai="80,81" m="9225,51306,42303,11305" machi="80" ten="40,1500,0" yaku="20,1" doraHai="36" who="3" fromWho="3" sc="198,-4,250,-4,289,-7,263,15" /><INIT seed="3,0,0,4,5,16" ten="194,246,282,278" oya="3" hai0="30,101,88,13,124,98,126,99,104,35,40,23,50" hai1="128,63,17,118,103,31,39,43,36,5,1,119,51" hai2="117,97,38,95,69,96,3,113,112,78,52,14,58" hai3="70,8,42,6,57,7,82,4,76,37,133,79,20"/><W132/><G70/><T86/><D35/><U100/><E63/><V84/><F117/><N who="1" m="44553" /><E31/><V102/><F3/><W122/><G122/><T72/><D72/><U135/><E5/><V33/><F38/><N who="1" m="14377" /><E1/><V18/><F33/><W127/><G127/><N who="0" m="48683" /><D40/><U81/><E128/><V80/><F69/><W75/><G76/><T111/><D111/><U56/><E135/><N who="3" m="51786" /><G57/><T59/><D59/><U11/><E81/><V66/><F66/><W48/><G48/><T28/><D50/><U131/><E131/><V15/><F97/><W68/><G68/><T10/><D99/><U73/><E73/><V125/><F125/><W27/><G42/><T85/><D85/><U109/><E109/><V92/><F92/><W93/><G93/><N who="0" m="54423" /><D23/><U71/><E71/><V77/><F77/><W62/><G62/><T60/><D60/><U0/><E43/><V22/><F112/><W34/><G34/><T2/><D2/><U91/><E0/><V32/><F32/><W90/><G37/><T121/><D121/><U46/><E56/><V83/><F113/><W129/><G129/><T115/><D115/><U26/><E51/><N who="2" m="31007" /><F83/><W74/><G74/><T108/><D108/><U54/><E54/><V87/><F87/><N who="3" m="50551" /><G75/><T55/><D55/><U19/><E46/><V45/><F45/><W49/><G49/><T123/><D123/><U41/><E41/><V120/><F120/><W64/><G64/><T61/><D61/><U9/><E91/><V110/><F110/><W89/><G89/><T65/><D65/><U21/><E9/><V29/><F29/><N who="3" m="17639" /><G79/><T114/><D114/><U67/><E67/><RYUUKYOKU ba="0,0" sc="194,0,246,0,282,0,278,0" hai0="10,13,28,30,98,101,104" hai1="11,17,19,21,26,100,103" hai2="14,15,18,22,78,80,84,95,96,102" hai3="4,6,7,8" /><INIT seed="3,1,0,2,1,59" ten="194,246,282,278" oya="3" hai0="121,70,10,67,42,112,5,123,2,89,106,33,120" hai1="122,116,87,51,22,14,24,41,19,111,129,102,79" hai2="64,75,56,135,100,93,61,20,73,12,29,30,48" hai3="133,4,15,1,117,72,36,103,81,128,50,60,69"/><W39/><G117/><T63/><D112/><U11/><E122/><V21/><F135/><W80/><G15/><T40/><D33/><U110/><E129/><V132/><F132/><W83/><G133/><T58/><D106/><U53/><E102/><V71/><F71/><W27/><G128/><T131/><D131/><U38/><E38/><V18/><F48/><W23/><G103/><T3/><D3/><U26/><E116/><V44/><F44/><W65/><G72/><T49/><REACH who="0" step="1"/><D89/><REACH who="0" ten="184,246,282,278" step="2"/><U0/><E0/><V31/><F75/><W32/><G32/><T7/><D7/><U134/><E134/><V124/><F73/><W125/><G4/><T35/><D35/><U8/><E111/><V82/><F124/><W25/><G1/><T92/><D92/><U74/><E110/><V66/><F82/><W109/><G125/><T47/><D47/><U43/><E74/><V9/><F66/><W104/><G109/><T62/><D62/><U78/><E79/><V52/><F64/><W126/><G126/><T101/><D101/><U68/><E78/><V113/><F113/><W108/><G108/><T88/><D88/><U37/><E87/><V28/><N who="2" m="7168" /><DORA hai="107" /><V98/><AGARI ba="1,1" hai="9,12,18,20,21,52,56,61,93,98,100" m="7168" machi="98" ten="40,8000,1" yaku="4,1,0,1,8,1,52,1,54,1" doraHai="59,107" who="2" fromWho="2" sc="184,-21,246,-21,282,93,278,-41" owari="163,-33.7,225,-17.5,375,47.5,237,3.7" /></mjloggm>