<mjloggm ver="2.3"><GO type="225" lobby="0"/><UN n0="%E9%80%9F%E6%B0%B4%E5%87%9B%E9%A6%99" n1="%6D%75%75%6D%75%72%61" n2="%E4%B8%89%E5%86%A0%E7%8E%8B%E3%83%BB%E5%B1%B1%E7%94%B0%E5%93%B2%E4%BA%BA" n3="%48%61%61%61%6C%61%6E%64" dan="16,16,16,17" rate="2131.68,2149.35,2133.91,2138.74" sx="F,F,M,M"/><TAIKYOKU oya="0"/><INIT seed="0,0,0,3,0,20" ten="250,250,250,250" oya="0" hai0="69,61,127,28,42,88,16,43,51,105,90,13,15" hai1="21,131,78,77,70,67,125,50,36,80,134,73,8" hai2="109,22,89,100,124,112,1,64,58,18,66,119,11" hai3="49,98,3,63,75,19,35,110,135,94,86,41,52"/><T95/><D105/><U128/><E36/><V68/><F68/><W120/><G75/><T47/><D127/><U12/><E125/><V48/><F112/><W91/><G110/><T84/><D28/><U96/><E134/><V126/><F109/><W133/><G3/><T101/><D101/><U0/><E0/><V25/><F100/><W17/><G120/><T38/><D38/><U111/><E111/><V62/><F119/><W40/><G35/><T56/><D13/><U93/><E78/><V30/><F66/><W7/><G7/><T129/><D69/><U76/><E76/><V104/><F104/><W14/><G63/><T116/><D116/><U27/><E50/><V2/><F2/><W115/><G115/><T37/><D37/><U118/><E118/><V46/><F89/><N who="3" m="55631" /><G135/><T97/><D129/><U114/><E114/><V57/><F57/><N who="3" m="32911" /><G133/><T34/><D34/><U132/><E132/><V123/><F123/><W106/><G106/><T9/><D42/><N who="3" m="16489" /><G14/><T87/><REACH who="0" step="1"/><D90/><REACH who="0" ten="240,250,250,250" step="2"/><U44/><E70/><V117/><F117/><W60/><G60/><T82/><D82/><AGARI ba="0,1" hai="17,19,82,86,91" m="16489,32911,55631" machi="82" ten="30,2000,0" yaku="8,1,54,1" doraHai="20" who="3" fromWho="0" sc="240,-20,250,0,250,0,250,30" /><INIT seed="1,0,0,5,3,16" ten="220,250,250,280" oya="1" hai0="45,70,53,27,114,75,90,51,74,87,0,56,13" hai1="9,28,20,36,23,47,63,54,15,132,58,112,135" hai2="2,26,94,96,72,79,123,43,62,134,8,39,73" hai3="82,42,14,3,131,81,86,5,116,97,38,100,11"/><U35/><E112/><V46/><F123/><W130/><G116/><T106/><D70/><U80/><E80/><V18/><F134/><N who="1" m="51241" /><E35/><V126/><F126/><W31/><G31/><T34/><D0/><U113/><E113/><V93/><F79/><W89/><G3/><T61/><D106/><U24/><E36/><V102/><F62/><W115/><G115/><T44/><D44/><U21/><E47/><V121/><F121/><W29/><G38/><T128/><D128/><N who="3" m="49193" /><G29/><T52/><D114/><U117/><E117/><V12/><F2/><W69/><G69/><T30/><REACH who="0" step="1"/><D13/><REACH who="0" ten="210,250,250,280" step="2"/><U66/><E66/><V64/><F64/><W107/><G42/><T124/><D124/><U98/><E98/><V85/><F96/><W104/><G104/><T50/><D50/><U83/><E83/><AGARI ba="0,1" hai="5,11,14,81,82,83,86,89,97,100,107" m="49193" machi="83" ten="30,1000,0" yaku="19,1" doraHai="16" who="3" fromWho="1" sc="210,0,250,-10,250,0,280,20" /><AGARI ba="0,0" hai="27,30,34,45,51,52,53,56,61,74,75,83,87,90" machi="83" ten="30,3900,0" yaku="1,1,7,1,54,1,53,0" doraHai="16" doraHaiUra="127" who="0" fromWho="1" sc="210,39,240,-39,250,0,300,0" /><INIT seed="2,0,0,2,4,75" ten="249,201,250,300" oya="2" hai0="100,120,34,21,10,104,112,82,54,27,24,110,109" hai1="37,14,28,92,73,119,125,133,49,57,56,7,25" hai2="60,103,55,35,30,58,106,2,86,85,134,39,126" hai3="23,22,77,105,59,129,62,111,97,45,50,4,19"/><V95/><F2/><W12/><G111/><T41/><D41/><U124/><E37/><V3/><F3/><W91/><G129/><T38/><D38/><U81/><E119/><V74/><F134/><W113/><G113/><T117/><D100/><U118/><E118/><V29/><F74/><W94/><G4/><T53/><D104/><U13/><E133/><V69/><F126/><N who="1" m="48745" /><E92/><V76/><F39/><W130/><G130/><T114/><D117/><U52/><E57/><V67/><F106/><W89/><G105/><T11/><D82/><U116/><E116/><V42/><F42/><N who="3" m="24887" /><G77/><T87/><D87/><U61/><E61/><V6/><F6/><W51/><G51/><T48/><D48/><U0/><E0/><V101/><F35/><W33/><G33/><T9/><D120/><U64/><E64/><V31/><F69/><W40/><G40/><T98/><D54/><U20/><E7/><V71/><F55/><N who="3" m="34175" /><G23/><T43/><D53/><U1/><E1/><V72/><F71/><W80/><G80/><T26/><D43/><U132/><E132/><V135/><F135/><W96/><G96/><T44/><D98/><U99/><E99/><V36/><F36/><W83/><G83/><T16/><D44/><U123/><E123/><V115/><F115/><N who="0" m="44074" /><D34/><U84/><E73/><V47/><F47/><W93/><G93/><T5/><D5/><U128/><E128/><V8/><F95/><W79/><G94/><T70/><D70/><U68/><E68/><V121/><F72/><W17/><G97/><T90/><D90/><AGARI ba="0,0" hai="13,14,20,25,28,49,52,56,81,84,90" m="48745" machi="90" ten="30,2000,0" yaku="18,1,54,1" doraHai="75" who="1" fromWho="0" sc="249,-20,201,20,250,0,300,0" /><INIT seed="3,0,0,4,5,121" ten="229,221,250,300" oya="3" hai0="89,37,58,83,19,95,129,87,69,47,119,102,33" hai1="115,29,127,92,27,106,108,88,24,101,109,80,100" hai2="67,117,2,73,60,79,31,38,124,25,123,7,81" hai3="22,96,98,133,126,77,12,18,93,62,128,52,56"/><W111/><G111/><N who="1" m="42570" /><E115/><V40/><F124/><W107/><G126/><T78/><D69/><U4/><E127/><V94/><F94/><W122/><G122/><T10/><D33/><N who="1" m="20647" /><E106/><V11/><F117/><W131/><G133/><T130/><D119/><U97/><E4/><V44/><F123/><W51/><G77/><T6/><D102/><N who="1" m="60711" /><E27/><V1/><F25/><W13/><G107/><T9/><D19/><U103/><E88/><V15/><F31/><W30/><G30/><T0/><D10/><U104/><E104/><V91/><F91/><W134/><G12/><T86/><REACH who="0" step="1"/><D58/><AGARI ba="0,0" hai="1,2,7,11,15,38,40,44,58,60,67,73,79,81" machi="58" ten="30,1000,0" yaku="7,1" doraHai="121" who="2" fromWho="0" sc="229,-10,221,0,250,10,300,0" owari="219,-28.1,221,-17.9,260,6.0,300,40.0" /></mjloggm>