<mjloggm ver="2.3"><GO type="225" lobby="0"/><UN n0="%E3%82%A2%E3%83%A1%E3%82%A2%E3%83%A9%E3%83%AC" n1="%E3%81%8B%E3%82%8F%E3%81%A1%E3%82%83%E3%82%93%35%38" n2="%E3%82%B3%E3%83%90%E3%83%AC%E3%82%A4" n3="%E3%81%BF%E3%81%BF%E3%81%9A" dan="16,16,16,18" rate="2148.13,2127.69,2082.66,2218.74" sx="M,M,M,M"/><TAIKYOKU oya="0"/><INIT seed="0,0,0,3,4,119" ten="250,250,250,250" oya="0" hai0="60,21,81,90,18,10,45,48,13,58,59,73,17" hai1="51,68,6,124,96,20,99,95,52,3,125,98,8" hai2="102,65,72,39,61,15,0,86,101,132,127,80,12" hai3="104,46,75,82,66,28,117,110,23,85,5,77,64"/><T88/><D73/><U49/><E68/><V106/><F0/><W112/><G117/><T93/><D81/><U89/><E49/><V19/><F39/><W109/><G112/><T56/><D60/><U29/><E29/><V107/><F72/><W114/><G114/><T133/><D133/><U7/><E7/><V35/><F35/><W91/><G104/><T69/><D69/><U113/><E20/><V83/><F86/><W130/><G130/><T129/><D129/><U9/><E9/><V24/><F61/><W67/><G46/><T78/><D78/><U41/><E41/><V38/><F38/><W94/><REACH who="3" step="1"/><G5/><REACH who="3" ten="250,250,250,240" step="2"/><T57/><N who="0" m="14336" /><DORA hai="135" /><T55/><REACH who="0" step="1"/><D93/><REACH who="0" ten="240,250,250,240" step="2"/><U131/><E131/><V63/><F107/><W30/><G30/><T11/><D11/><U37/><E113/><V54/><F106/><W53/><G53/><T34/><D34/><U1/><E52/><V123/><F54/><W105/><G105/><T100/><D100/><U26/><E8/><V4/><F101/><W36/><G36/><T31/><D31/><U14/><E37/><V2/><F102/><W128/><G128/><T76/><D76/><U121/><E125/><V70/><F127/><W71/><G71/><T44/><D44/><U103/><E124/><V108/><F70/><W40/><G40/><T118/><D118/><U25/><E95/><V116/><F116/><W92/><G92/><T120/><D120/><U43/><E121/><V84/><F123/><W22/><G22/><T97/><D97/><N who="1" m="37483" /><E103/><V16/><F83/><W32/><G32/><T50/><D50/><U111/><E99/><RYUUKYOKU ba="0,2" sc="240,15,250,-15,250,-15,240,15" hai0="10,13,17,18,21,45,48,55,88,90" hai3="23,28,64,66,67,75,77,82,85,91,94,109,110" /><INIT seed="0,1,2,0,1,121" ten="255,235,235,255" oya="0" hai0="119,69,65,0,23,11,13,21,130,122,19,63,74" hai1="33,32,131,118,107,99,89,114,57,113,73,105,101" hai2="87,112,3,37,80,18,104,7,29,58,30,41,50" hai3="72,28,44,68,132,129,40,66,100,102,56,9,135"/><T83/><D119/><U61/><E131/><V10/><F104/><W98/><G129/><T67/><D122/><U97/><E73/><V92/><F112/><N who="1" m="43113" /><E118/><V51/><F37/><W35/><G72/><T77/><D130/><U70/><E70/><V39/><F39/><N who="3" m="21535" /><G56/><T75/><D75/><U53/><E89/><V78/><F18/><W126/><G9/><T12/><D0/><U8/><E8/><V25/><F41/><W15/><G15/><T79/><D79/><U55/><E55/><V47/><F47/><W85/><G85/><T109/><D109/><U62/><E62/><V125/><F125/><W95/><G126/><T46/><D67/><U86/><E86/><V4/><F4/><W134/><G68/><T14/><D46/><U48/><E61/><V60/><F92/><W116/><G66/><T128/><D128/><U27/><E27/><V106/><F106/><N who="1" m="40457" /><E101/><V49/><REACH who="2" step="1"/><F25/><REACH who="2" ten="255,235,225,255" step="2"/><N who="3" m="18831" /><G116/><T5/><REACH who="0" step="1"/><D19/><REACH who="0" ten="245,235,225,255" step="2"/><U42/><E42/><V94/><F94/><W43/><G43/><T124/><D124/><U1/><E1/><V108/><F108/><W59/><G59/><T127/><D127/><U76/><E76/><V38/><F38/><W82/><G134/><T26/><D26/><U17/><E17/><V123/><F123/><W54/><G135/><T52/><D52/><AGARI ba="1,4" hai="3,7,10,29,30,49,50,51,52,58,60,78,80,87" machi="52" ten="40,2600,0" yaku="1,1,54,1,53,0" doraHai="121" doraHaiUra="64" who="2" fromWho="0" sc="245,-29,235,0,225,69,255,0" /><INIT seed="1,0,0,3,4,63" ten="216,235,294,255" oya="1" hai0="61,133,30,60,94,127,71,88,10,73,134,99,68" hai1="32,75,41,96,9,7,113,111,103,66,14,37,123" hai2="64,122,49,106,79,39,135,86,44,19,62,118,2" hai3="48,82,90,1,89,117,110,101,15,124,33,120,13"/><U16/><E113/><V43/><F2/><W5/><G120/><T69/><D73/><U17/><E123/><V121/><F106/><W25/><G110/><T47/><D127/><U119/><E119/><V76/><F118/><W104/><G124/><T84/><D30/><U81/><E32/><V58/><F79/><W52/><G117/><T4/><D47/><U0/><E111/><V34/><F34/><W3/><G104/><T87/><D87/><U115/><E115/><V23/><F135/><N who="0" m="51722" /><D84/><U92/><E66/><V21/><F21/><W112/><G101/><T12/><AGARI ba="0,0" hai="4,10,12,60,61,68,69,71,88,94,99" m="51722" machi="12" ten="40,2700,0" yaku="20,1,54,1" doraHai="63" who="0" fromWho="0" sc="216,27,235,-13,294,-7,255,-7" /><INIT seed="2,0,0,0,5,86" ten="243,222,287,248" oya="2" hai0="6,44,133,131,117,26,49,0,67,103,56,109,63" hai1="112,104,88,12,2,105,24,7,108,59,113,92,71" hai2="13,5,58,77,60,98,57,87,100,75,89,45,132" hai3="62,50,15,80,8,66,35,39,10,129,94,23,78"/><V76/><F75/><W27/><G39/><T99/><D109/><U114/><E71/><V43/><F58/><W73/><G129/><T47/><D131/><U74/><E74/><V61/><F61/><W134/><G134/><T55/><D133/><U91/><E2/><V3/><F3/><W36/><G36/><T110/><D110/><U42/><E42/><V123/><F123/><W9/><G35/><T14/><D117/><U85/><E108/><V83/><F13/><W90/><G50/><T79/><D0/><U18/><E59/><V38/><F5/><W48/><G48/><T93/><D79/><U96/><E24/><V127/><F132/><W37/><G37/><T69/><D26/><U68/><E7/><V4/><F4/><W40/><G40/><T126/><D126/><U64/><E64/><V82/><F82/><W1/><G15/><T17/><D6/><U124/><E68/><V32/><F32/><W120/><G120/><T84/><D84/><U121/><E121/><V115/><F115/><W54/><G54/><T111/><D111/><U122/><E122/><V102/><F127/><W52/><G52/><T119/><D119/><U81/><REACH who="1" step="1"/><E124/><REACH who="1" ten="243,212,287,248" step="2"/><V51/><F38/><W95/><G1/><T25/><D25/><U101/><E101/><V29/><F102/><W33/><G66/><T118/><D118/><U53/><E53/><N who="2" m="33839" /><F29/><N who="3" m="17663" /><G33/><T72/><D72/><U34/><E34/><V70/><F70/><W116/><G116/><T22/><AGARI ba="0,1" hai="14,17,22,44,47,49,55,56,63,67,69,93,99,103" machi="22" ten="20,1500,0" yaku="0,1,7,1" doraHai="86" who="0" fromWho="0" sc="243,25,212,-4,287,-7,248,-4" /><INIT seed="3,0,0,2,5,60" ten="268,208,280,244" oya="3" hai0="92,132,19,87,21,50,45,109,47,46,89,94,7" hai1="20,32,41,125,61,106,82,22,48,13,70,100,79" hai2="38,17,52,0,51,126,44,15,127,114,80,119,11" hai3="1,43,5,110,54,108,66,37,3,96,6,8,93"/><W101/><G54/><T88/><D109/><N who="3" m="42089" /><G43/><T98/><D132/><U120/><E120/><V97/><F119/><W63/><G37/><T83/><D7/><N who="3" m="2569" /><G8/><T133/><D133/><U99/><E32/><V39/><F114/><W30/><G30/><T33/><D33/><U57/><E125/><N who="2" m="47627" /><F0/><W81/><G81/><T116/><D116/><U29/><E29/><V135/><F135/><W4/><G4/><T75/><D75/><U56/><E82/><V27/><F80/><W73/><G73/><T111/><D111/><U49/><E41/><V68/><F68/><AGARI ba="0,0" hai="1,3,63,66,68,93,96,101" m="2569,42089" machi="68" ten="30,5800,0" yaku="14,1,10,1,52,1" doraHai="60" who="3" fromWho="2" sc="268,0,208,0,280,-58,244,58" owari="268,6.8,208,-29.2,222,-17.8,302,40.2" /></mjloggm>