<mjloggm ver="2.3"><GO type="225" lobby="0"/><UN n0="%E5%86%B7%E5%87%8D%E3%82%AE%E3%83%A7%E3%83%BC%E3%82%B6" n1="%77%72%77%72%77%72%77%72" n2="%E3%83%81%E3%83%AF%E3%83%AF%E9%9A%8A%E9%95%B7" n3="%E3%81%B5%E3%81%98%E3%81%8B%E3%81%A4" dan="16,17,16,16" rate="2163.92,2199.53,2164.83,2167.31" sx="M,M,M,M"/><TAIKYOKU oya="0"/><INIT seed="0,0,0,5,3,122" ten="250,250,250,250" oya="0" hai0="69,39,35,28,0,81,55,82,76,108,38,77,45" hai1="95,30,71,41,19,131,8,33,21,10,74,53,83" hai2="125,110,12,42,127,109,123,4,99,88,59,113,16" hai3="11,61,107,128,2,121,92,118,48,72,27,50,117"/><T43/><D69/><U102/><E71/><V101/><F123/><W7/><G121/><T129/><D129/><U56/><E131/><V37/><F113/><W64/><G107/><T133/><D133/><U89/><E41/><V84/><F4/><W63/><G128/><T17/><D0/><U34/><E102/><V1/><F1/><W40/><G72/><T103/><D103/><U79/><E30/><V130/><F130/><W91/><G27/><T134/><D134/><U5/><E33/><V36/><F59/><W51/><G40/><T105/><D105/><U58/><E34/><V120/><F120/><W90/><G63/><T67/><D67/><U65/><E56/><V15/><F15/><W106/><G106/><T115/><D39/><N who="2" m="14922" /><F42/><W24/><G24/><T47/><D115/><U112/><E5/><V26/><F26/><W87/><REACH who="3" step="1"/><G91/><REACH who="3" ten="250,250,250,240" step="2"/><T93/><D35/><U18/><E112/><V116/><F101/><W86/><G86/><T78/><D28/><U6/><E65/><V66/><F66/><W80/><G80/><T70/><D82/><U114/><E114/><V31/><F31/><W32/><G32/><T57/><D81/><U98/><E6/><V97/><F84/><W25/><G25/><T119/><D43/><U20/><E18/><V126/><F116/><W73/><G73/><T135/><D38/><U29/><E29/><V46/><F88/><W13/><G13/><T111/><D119/><U60/><E19/><V68/><F68/><AGARI ba="0,1" hai="2,7,11,48,50,51,61,64,68,87,90,92,117,118" machi="68" ten="40,1300,0" yaku="1,1,53,0" doraHai="122" doraHaiUra="100" who="3" fromWho="2" sc="250,0,250,0,250,-13,240,23" /><INIT seed="1,0,0,3,5,133" ten="250,250,237,263" oya="1" hai0="78,56,63,135,9,101,92,69,85,91,79,105,65" hai1="41,74,70,15,59,48,87,23,26,72,47,98,35" hai2="82,17,64,13,54,27,18,109,90,3,4,118,123" hai3="11,68,6,1,134,62,95,25,111,88,16,73,2"/><U53/><E70/><V52/><F118/><W22/><G134/><T129/><D129/><U31/><E98/><V94/><F123/><W112/><G112/><T0/><D135/><U57/><E57/><V20/><F109/><W37/><G111/><T83/><D105/><U99/><E99/><V76/><F64/><W40/><G73/><T71/><D101/><U67/><E67/><V42/><F42/><W60/><G68/><T33/><D33/><U44/><E44/><V113/><F4/><W116/><G2/><T32/><D32/><U75/><E87/><N who="2" m="48583" /><F3/><W103/><G103/><T10/><D78/><U8/><E35/><V58/><F113/><W24/><G24/><T110/><D110/><U130/><E130/><V96/><F58/><W117/><G117/><T38/><D38/><U49/><REACH who="1" step="1"/><E75/><REACH who="1" ten="250,240,237,263" step="2"/><V124/><F124/><W115/><G116/><T107/><D69/><U89/><E89/><V104/><F104/><W106/><G106/><T86/><D107/><U28/><E28/><V66/><F66/><W132/><G115/><T128/><D128/><U125/><E125/><V19/><F13/><W30/><G30/><AGARI ba="0,1" hai="17,18,19,20,27,30,52,54,90,94,96" m="48583" machi="30" ten="30,2000,0" yaku="8,1,54,1" doraHai="133" who="2" fromWho="3" sc="250,0,240,0,237,30,263,-20" /><INIT seed="2,0,0,2,2,31" ten="250,240,267,243" oya="2" hai0="57,126,20,55,40,36,81,131,103,60,56,30,49" hai1="5,65,45,118,68,112,128,120,102,27,1,70,54" hai2="63,47,107,90,51,69,130,124,105,83,110,108,116" hai3="89,133,117,104,52,123,75,11,67,14,109,32,134"/><V111/><F116/><W61/><G123/><T29/><D126/><U115/><E118/><V46/><F124/><W64/><G117/><T100/><D131/><U18/><E128/><V44/><F130/><W26/><G104/><T119/><D119/><U62/><E68/><V16/><F51/><W92/><G75/><T19/><D36/><U84/><E120/><V0/><F0/><W132/><G109/><T3/><D3/><U76/><E102/><N who="0" m="38953" /><D81/><U99/><E99/><V24/><F90/><W10/><G10/><T106/><D106/><N who="2" m="40458" /><F83/><W114/><G114/><T22/><D22/><U15/><E27/><V7/><F7/><N who="3" m="3455" /><G26/><N who="0" m="14623" /><D40/><U80/><E5/><V77/><F77/><W25/><G25/><T9/><D9/><U42/><E1/><V37/><F37/><W101/><G101/><T86/><D86/><U17/><E17/><V82/><F82/><W98/><G32/><T125/><D125/><U50/><E42/><V121/><F121/><W38/><G38/><T12/><D12/><U97/><E97/><V87/><F87/><W41/><G41/><T71/><D71/><U122/><E122/><V2/><F2/><W72/><G72/><T74/><D74/><U113/><E113/><V34/><F16/><W28/><G28/><T58/><D58/><AGARI ba="0,0" hai="52,58,61,64,67,89,92,98,132,133,134" m="3455" machi="58" ten="30,2000,0" yaku="20,1,54,1" doraHai="31" who="3" fromWho="0" sc="250,-20,240,0,267,0,243,20" /><INIT seed="3,0,0,0,5,132" ten="230,240,267,263" oya="3" hai0="133,127,61,48,130,74,67,58,47,122,43,96,92" hai1="50,80,15,95,86,120,111,124,19,59,66,126,21" hai2="12,52,44,17,83,72,68,34,97,51,14,10,5" hai3="37,78,108,32,135,114,123,8,29,100,2,71,36"/><W16/><G123/><T41/><D122/><U79/><E111/><V82/><F34/><W104/><G114/><T129/><D74/><U24/><E120/><V56/><F68/><W131/><G135/><T18/><D133/><U1/><E1/><V112/><F112/><W4/><G108/><T109/><D109/><U39/><E39/><V26/><F26/><W28/><G131/><N who="0" m="50187" /><D18/><U0/><E0/><V128/><F128/><W125/><G71/><T63/><D63/><U113/><E113/><V7/><F72/><W134/><G134/><T121/><D121/><U22/><E95/><V73/><F73/><W110/><G110/><T76/><D76/><U70/><E70/><V30/><F30/><W103/><G78/><T38/><D127/><N who="1" m="48683" /><E50/><V3/><F3/><W27/><G125/><T55/><D38/><U84/><E84/><V87/><F87/><W94/><G94/><T49/><D48/><U25/><E22/><V99/><F51/><W98/><G37/><T31/><D31/><U40/><E40/><V118/><F118/><W42/><G29/><T105/><D105/><U88/><E79/><V116/><F116/><W85/><G85/><T33/><D33/><U20/><E21/><V9/><F97/><N who="3" m="61455" /><G42/><T81/><D81/><U13/><E15/><N who="2" m="5551" /><F99/><W77/><G77/><T69/><D69/><U54/><E54/><V75/><F75/><W91/><G36/><T93/><D93/><U6/><E6/><V64/><F82/><W45/><G2/><T57/><D57/><U65/><E59/><V106/><F56/><W89/><G98/><T46/><D46/><RYUUKYOKU ba="0,0" sc="230,15,240,15,267,-15,263,-15" hai0="41,43,47,49,55,58,61,67,92,96" hai1="13,19,20,24,25,65,66,80,86,88" /><INIT seed="4,1,0,5,4,94" ten="245,255,252,248" oya="0" hai0="20,21,83,51,103,3,62,52,71,4,0,131,80" hai1="29,44,117,69,45,133,101,85,98,24,37,9,125" hai2="57,7,33,96,81,27,61,18,79,6,58,112,78" hai3="43,92,114,121,40,89,14,2,17,47,41,82,132"/><T104/><D131/><U25/><E117/><V22/><F112/><W64/><G2/><T70/><D103/><U31/><E69/><V128/><F128/><W68/><G114/><T19/><D104/><U84/><E133/><V115/><F115/><W124/><G132/><T59/><D20/><U76/><E125/><V126/><F126/><W39/><G124/><T34/><D34/><U97/><E9/><V46/><F33/><W63/><G82/><T26/><D4/><N who="2" m="1578" /><F46/><W87/><REACH who="3" step="1"/><G121/><REACH who="3" ten="245,255,252,238" step="2"/><T109/><D109/><U86/><E76/><V56/><F78/><W8/><AGARI ba="1,1" hai="8,14,17,39,40,41,43,47,63,64,68,87,89,92" machi="8" ten="20,5200,0" yaku="1,1,2,1,0,1,7,1,53,0" doraHai="94" doraHaiUra="48" who="3" fromWho="3" sc="245,-27,255,-14,252,-14,238,65" owari="218,-28.2,241,4.1,238,-16.2,303,40.3" /></mjloggm>