<mjloggm ver="2.3"><GO type="225" lobby="0"/><UN n0="%E3%81%A1%E3%82%85%E3%81%86%E3%81%A9%E3%81%8F%E8%B1%A1%E3%81%95%E3%82%93" n1="%E6%A0%B9%E5%85%83%E3%81%8B%E3%82%89%E5%90%B9%E3%81%A3%E9%A3%9B%E3%81%B6" n2="%72%69%6F%75%63%68%61%6E" n3="%E3%82%82%E3%81%90%E3%82%89" dan="17,16,17,17" rate="2190.46,2167.52,2285.56,2221.34" sx="M,F,M,M"/><TAIKYOKU oya="0"/><INIT seed="0,0,0,5,5,10" ten="250,250,250,250" oya="0" hai0="126,1,76,89,53,84,61,35,125,83,57,100,25" hai1="67,90,114,108,119,68,115,54,13,62,18,128,103" hai2="131,92,69,19,48,55,116,78,64,94,79,99,43" hai3="88,5,135,46,109,124,27,86,38,6,106,123,104"/><T87/><D1/><U7/><E119/><V24/><F131/><W42/><G109/><T34/><D100/><U96/><E108/><V122/><F122/><W98/><G123/><T133/><D133/><U51/><E128/><V117/><F43/><W56/><G135/><T82/><REACH who="0" step="1"/><D25/><REACH who="0" ten="240,250,250,250" step="2"/><U77/><E103/><V60/><F24/><W36/><G27/><T14/><D14/><U0/><E0/><V17/><F117/><W101/><G106/><T9/><D9/><U127/><E13/><V44/><F116/><W20/><G101/><T97/><D97/><U30/><E96/><V58/><F69/><W15/><G98/><T22/><D22/><U80/><E68/><V41/><F99/><W102/><G102/><T8/><D8/><U93/><E115/><V95/><REACH who="2" step="1"/><F64/><REACH who="2" ten="240,250,240,250" step="2"/><W40/><G104/><T134/><D134/><U129/><E114/><V130/><F130/><W29/><G124/><AGARI ba="0,2" hai="34,35,53,57,61,76,82,83,84,87,89,124,125,126" machi="124" ten="40,3900,0" yaku="1,1,18,1,53,0" doraHai="10" doraHaiUra="111" who="0" fromWho="3" sc="240,59,250,0,240,0,250,-39" /><INIT seed="0,1,0,4,4,115" ten="299,250,240,211" oya="0" hai0="37,112,100,123,64,62,85,80,38,7,72,124,54" hai1="90,126,103,20,15,74,30,101,70,79,35,18,109" hai2="51,10,12,97,65,75,131,69,113,16,57,125,119" hai3="4,71,24,32,78,132,102,3,87,130,95,31,21"/><T49/><D123/><U41/><E109/><V86/><F113/><W6/><G71/><T61/><D112/><U39/><E126/><V47/><F131/><W121/><G130/><T5/><D72/><U91/><E70/><V127/><F75/><W98/><G121/><T133/><D100/><U58/><E39/><V50/><F69/><W99/><G3/><T67/><D124/><N who="2" m="47690" /><F97/><W120/><G120/><T92/><D92/><U8/><E41/><N who="2" m="24943" /><F86/><W122/><G132/><T46/><D133/><U28/><E35/><V106/><F106/><W27/><G122/><T114/><D114/><U81/><E58/><V66/><F119/><W42/><G42/><T40/><D37/><U89/><REACH who="1" step="1"/><E8/><REACH who="1" ten="299,240,240,211" step="2"/><V29/><F29/><AGARI ba="1,1" hai="15,18,20,28,29,30,74,79,81,89,90,91,101,103" machi="29" ten="40,2600,0" yaku="1,1,2,1,53,0" doraHai="115" doraHaiUra="48" who="1" fromWho="2" sc="299,0,240,39,240,-29,211,0" /><INIT seed="1,0,0,1,0,63" ten="299,279,211,211" oya="1" hai0="3,44,124,18,37,14,22,83,10,33,110,24,56" hai1="12,115,58,81,87,70,54,126,71,120,125,130,59" hai2="122,48,1,52,43,60,116,45,27,8,9,132,105" hai3="13,111,57,121,2,64,31,73,76,67,106,113,39"/><U38/><E115/><V85/><F116/><W135/><G121/><T62/><D110/><U4/><E120/><V16/><F122/><W98/><G113/><T47/><D124/><N who="1" m="47723" /><E38/><V5/><F105/><W41/><G31/><N who="0" m="19687" /><D37/><U78/><E130/><V42/><F132/><W29/><G29/><T36/><D36/><U0/><E0/><V51/><F60/><W134/><G111/><T69/><D69/><N who="1" m="26123" /><E54/><V133/><F133/><N who="3" m="50699" /><G2/><T21/><D21/><U127/><N who="1" m="47731" /><U112/><DORA hai="66" /><E112/><V99/><F1/><W84/><G73/><T40/><D40/><U80/><E80/><V46/><F43/><W61/><G41/><T65/><D83/><U30/><E30/><V102/><F42/><W50/><G39/><T26/><D26/><U128/><E128/><V107/><F27/><W53/><G13/><T103/><D103/><U117/><E117/><V35/><F102/><N who="3" m="62807" /><G50/><T77/><D77/><U114/><E114/><V129/><F51/><W89/><G76/><T72/><D72/><U92/><E92/><AGARI ba="0,0" hai="53,57,61,64,67,84,89,92" m="62807,50699" machi="92" ten="30,3900,0" yaku="20,1,52,2" doraHai="63,66" who="3" fromWho="1" sc="299,0,279,-39,211,0,211,39" /><INIT seed="2,0,0,0,4,120" ten="299,240,211,250" oya="2" hai0="44,26,98,38,49,17,1,126,125,18,91,13,109" hai1="112,106,81,133,118,43,32,52,79,33,5,4,47" hai2="134,115,16,27,127,42,35,100,31,55,66,67,6" hai3="117,10,59,37,132,119,64,108,48,72,101,86,92"/><V83/><F115/><W94/><G72/><T135/><D1/><U2/><E112/><V84/><F127/><N who="0" m="48650" /><D135/><U107/><E118/><V34/><F134/><W122/><G122/><T36/><D109/><U50/><E133/><V124/><F124/><W11/><G37/><T7/><D7/><U99/><E99/><V25/><F42/><W22/><G132/><T130/><D130/><U95/><E95/><V54/><F6/><W129/><G129/><T88/><D26/><U104/><E5/><V51/><F100/><W73/><G73/><T63/><D63/><U53/><E53/><V41/><F41/><W30/><G108/><T114/><D114/><U103/><E103/><V20/><F34/><W90/><G119/><T57/><D57/><U102/><E102/><V77/><REACH who="2" step="1"/><F55/><REACH who="2" ten="299,240,201,250" step="2"/><N who="3" m="32231" /><G117/><T105/><D36/><U121/><E121/><V58/><AGARI ba="0,1" hai="16,20,25,27,31,35,51,54,58,66,67,77,83,84" machi="58" ten="20,7800,0" yaku="1,1,0,1,7,1,54,1,53,0" doraHai="120" doraHaiUra="8" who="2" fromWho="2" sc="299,-26,240,-26,201,88,250,-26" /><INIT seed="2,1,0,5,3,84" ten="273,214,289,224" oya="2" hai0="61,110,14,71,92,100,105,27,98,66,113,82,41" hai1="73,69,36,18,58,124,39,7,86,109,53,133,35" hai2="54,95,112,11,115,135,77,19,56,116,17,67,83" hai3="4,22,13,127,43,40,45,121,78,111,80,9,114"/><V2/><F116/><W52/><G121/><T15/><D113/><U101/><E109/><V30/><F135/><W103/><G111/><T104/><D110/><U6/><E133/><V34/><F67/><W21/><G127/><T64/><D66/><U16/><E35/><V42/><F42/><W51/><G103/><T122/><D122/><U90/><E73/><V68/><F68/><W85/><G114/><T23/><D41/><AGARI ba="1,0" hai="4,9,13,21,22,40,41,43,45,51,52,78,80,85" machi="41" ten="40,2600,0" yaku="8,1,54,1" doraHai="84" who="3" fromWho="0" sc="273,-29,214,0,289,0,224,29" /><INIT seed="3,0,0,5,2,8" ten="244,214,289,253" oya="3" hai0="109,3,37,21,77,106,87,73,33,114,30,48,42" hai1="119,88,74,71,36,55,69,19,28,123,11,94,122" hai2="116,80,24,45,17,118,38,13,56,83,85,91,9" hai3="93,131,47,25,16,127,121,132,103,108,98,82,34"/><W86/><G121/><T96/><D87/><U41/><E74/><V57/><F83/><W6/><G131/><T99/><D48/><U40/><E119/><V1/><F1/><W58/><G127/><T20/><D42/><U5/><E19/><V31/><F118/><W23/><G132/><T78/><D3/><U110/><E110/><V67/><F116/><W7/><G108/><T4/><D4/><U15/><E28/><V100/><F67/><W2/><G2/><T61/><D61/><U135/><E135/><V46/><F100/><W22/><G34/><T44/><D33/><U0/><E0/><V130/><F130/><W29/><G58/><N who="2" m="22633" /><F38/><W14/><G47/><T62/><D44/><U95/><E69/><V70/><F70/><W102/><G102/><T125/><D37/><U35/><E71/><V81/><F80/><W89/><AGARI ba="0,0" hai="6,7,14,16,22,23,25,29,82,86,89,93,98,103" machi="89" ten="20,12000,1" yaku="0,1,7,1,8,1,52,1,54,1" doraHai="8" who="3" fromWho="3" sc="244,-40,214,-40,289,-40,253,120" owari="204,-19.6,174,-32.6,249,4.9,373,47.3" /></mjloggm>