<mjloggm ver="2.3"><GO type="225" lobby="0"/><UN n0="%E6%97%A5%E6%9B%9C%E6%97%A5%E3%82%88%E3%82%8A%E3%81%AE%E4%BD%BF%E8%80%85" n1="%E3%81%BE%E3%81%A8%E3%81%9F" n2="%E3%83%8F%E3%83%B3%E3%83%89%E3%83%A9%E3%83%BC%E3%83%BB%E3%83%AF%E3%83%B3" n3="%E4%BA%BA%E9%96%93%E3%83%81%E3%83%A3%E3%83%BC%E3%83%8F%E3%83%B3" dan="17,16,17,16" rate="2123.07,2184.04,2178.27,2144.20" sx="M,M,M,M"/><TAIKYOKU oya="0"/><INIT seed="0,0,0,5,5,100" ten="250,250,250,250" oya="0" hai0="67,83,52,59,57,124,97,7,46,3,106,40,116" hai1="9,93,51,87,92,10,25,104,108,123,81,54,17" hai2="65,66,62,105,18,12,6,32,16,53,14,38,77" hai3="85,112,95,133,30,117,129,50,31,22,131,33,15"/><T4/><D116/><U37/><E123/><V58/><F32/><W56/><G117/><T20/><D124/><U109/><E37/><V114/><F114/><W128/><G112/><T70/><D70/><U84/><E25/><V98/><F38/><W118/><G118/><T60/><D3/><U11/><E17/><V132/><F6/><W35/><G133/><T72/><D20/><U48/><E104/><V120/><F120/><W5/><G35/><T89/><D72/><U94/><E81/><V76/><F132/><W103/><G33/><T64/><D106/><U23/><E23/><N who="2" m="11655" /><F98/><N who="3" m="59871" /><G85/><N who="1" m="32842" /><E54/><V19/><F19/><N who="3" m="10623" /><G5/><T21/><D97/><U110/><AGARI ba="0,0" hai="9,10,11,48,51,92,93,94,108,109,110" m="32842" machi="110" ten="40,8000,1" yaku="29,2,28,2,14,1" doraHai="100" who="1" fromWho="1" sc="250,-40,250,80,250,-20,250,-20" /><INIT seed="1,0,0,5,0,121" ten="210,330,230,230" oya="1" hai0="82,30,1,86,12,106,18,70,59,104,74,69,88" hai1="16,56,34,9,114,111,4,117,6,21,36,103,71" hai2="29,10,51,22,23,132,129,57,81,5,40,67,62" hai3="2,54,32,44,77,66,84,97,123,49,133,38,92"/><U115/><E71/><V85/><F129/><W75/><G123/><T113/><D1/><U135/><E34/><V78/><F132/><W80/><G2/><T112/><D74/><U58/><E36/><V28/><F28/><W101/><G133/><T33/><D33/><U83/><E9/><V96/><F29/><W119/><G119/><T15/><D30/><U14/><E135/><V118/><F96/><W55/><G32/><T108/><D59/><U124/><E124/><V76/><F76/><W47/><G66/><T43/><D43/><U130/><E58/><V24/><F24/><W0/><G0/><T35/><D35/><U95/><E56/><V45/><REACH who="2" step="1"/><F118/><REACH who="2" ten="210,330,220,230" step="2"/><W72/><REACH who="3" step="1"/><G38/><REACH who="3" ten="210,330,220,220" step="2"/><T128/><D128/><U125/><E117/><V100/><F100/><W65/><G65/><T105/><D113/><U73/><E103/><V90/><F90/><W25/><G25/><T102/><D112/><U27/><E130/><V41/><F41/><W20/><G20/><T110/><D102/><U94/><E27/><V17/><F17/><W19/><G19/><T11/><REACH who="0" step="1"/><D12/><AGARI ba="0,2" hai="5,10,12,22,23,40,45,51,57,62,67,78,81,85" machi="12" ten="30,8000,1" yaku="1,1,7,1,25,2,8,1,53,0" doraHai="121" doraHaiUra="91" who="2" fromWho="0" sc="210,-80,330,0,220,100,220,0" /><INIT seed="2,0,0,5,3,103" ten="130,330,320,220" oya="2" hai0="60,102,38,69,122,50,46,26,33,106,40,29,130" hai1="76,94,92,113,9,4,77,95,74,53,62,125,75" hai2="97,114,41,112,7,21,52,57,108,110,22,44,133" hai3="20,70,35,37,117,11,0,59,6,39,23,17,65"/><V80/><F133/><W99/><G117/><T109/><D122/><U116/><E113/><V78/><F7/><W91/><G70/><T1/><D109/><N who="2" m="42090" /><F97/><W49/><G35/><T71/><D130/><U27/><E116/><V84/><F114/><W72/><G72/><T2/><D50/><U132/><E75/><V121/><F121/><W88/><G23/><T126/><D126/><U85/><E94/><V54/><F112/><W115/><G115/><T8/><D8/><U31/><E92/><V67/><F67/><W51/><G51/><T15/><D15/><U68/><E95/><V61/><F54/><W101/><G101/><T87/><D87/><U45/><E85/><V36/><AGARI ba="0,0" hai="21,22,36,41,44,52,57,61,78,80,84" m="42090" machi="36" ten="30,6000,0" yaku="14,1,10,1,54,1" doraHai="103" who="2" fromWho="2" sc="130,-20,330,-20,320,60,220,-20" /><INIT seed="2,1,0,4,5,44" ten="110,310,380,200" oya="2" hai0="52,82,83,48,98,37,7,46,27,34,64,57,17" hai1="5,55,13,125,67,21,112,18,66,29,91,129,99" hai2="111,49,19,134,104,20,122,80,116,41,4,85,11" hai3="0,9,28,56,90,78,62,68,65,42,107,105,58"/><V12/><F116/><W119/><G119/><T60/><D7/><U109/><E112/><V59/><F122/><W32/><G78/><T71/><D98/><U24/><E109/><V84/><F104/><W100/><G42/><T63/><D37/><U126/><E129/><V38/><F134/><W135/><G135/><T50/><D63/><U2/><E2/><V110/><F38/><W95/><G0/><T1/><D1/><U123/><E5/><V117/><F117/><W43/><G43/><T69/><D69/><U53/><E123/><V14/><F59/><W92/><G9/><T88/><D88/><U73/><E73/><V40/><F40/><W8/><G8/><T86/><D86/><U124/><E55/><V133/><F133/><W10/><G10/><T127/><D127/><U23/><E53/><V35/><F35/><W16/><G16/><T47/><D71/><U132/><E132/><V115/><F115/><W36/><G36/><T108/><D108/><N who="2" m="41514" /><F80/><W130/><G105/><T77/><D77/><U121/><E121/><V79/><F79/><W22/><G95/><AGARI ba="1,0" hai="13,18,21,23,24,29,66,67,91,95,99,124,125,126" machi="95" ten="40,1300,0" yaku="18,1" doraHai="44" who="1" fromWho="3" sc="110,0,310,16,380,0,200,-16" /><INIT seed="3,0,0,1,2,102" ten="110,326,380,184" oya="3" hai0="77,53,103,16,47,105,79,19,116,18,23,115,63" hai1="1,130,87,83,9,7,67,0,92,108,22,94,64" hai2="86,82,38,127,14,8,122,59,69,26,101,99,11" hai3="76,98,55,73,56,68,80,49,114,43,91,33,113"/><W97/><G68/><T72/><D116/><U15/><E108/><V117/><F69/><W134/><G33/><T2/><D2/><U96/><E130/><V125/><F38/><W13/><G134/><T128/><D128/><U109/><E109/><V71/><F71/><W4/><G43/><T93/><D72/><U135/><E135/><V12/><F26/><W34/><G34/><T28/><D105/><U24/><E0/><V50/><F122/><W132/><G132/><T6/><D6/><U25/><E1/><V75/><F75/><W88/><G97/><T48/><D115/><U51/><E24/><V110/><F110/><W41/><G41/><T40/><D28/><U32/><E51/><V107/><F117/><W60/><G60/><T89/><D103/><U58/><E32/><V52/><F11/><W61/><G61/><T70/><D23/><U5/><E58/><V90/><REACH who="2" step="1"/><F14/><REACH who="2" ten="110,326,370,184" step="2"/><W44/><G113/><T46/><D70/><U42/><E5/><AGARI ba="0,1" hai="5,8,12,50,52,59,82,86,90,99,101,107,125,127" machi="5" ten="40,8000,1" yaku="1,1,2,1,52,1,54,1,53,0" doraHai="102" doraHaiUra="21" who="2" fromWho="1" sc="110,0,326,-80,370,90,184,0" owari="110,-39.0,246,4.6,460,56.0,184,-21.6" /></mjloggm>