<mjloggm ver="2.3"><GO type="225" lobby="0"/><UN n0="%72%61%6B%33" n1="%33%74%72%65%65" n2="%E3%81%A1%E3%82%85%E3%81%86%E3%81%A9%E3%81%8F%E8%B1%A1%E3%81%95%E3%82%93" n3="%E7%B4%94%E6%BD%94%E3%83%94%E3%83%A9%E3%83%8B%E3%82%A2" dan="17,17,16,16" rate="2314.42,2130.56,2100.32,2116.14" sx="M,F,M,M"/><TAIKYOKU oya="0"/><INIT seed="0,0,0,0,0,65" ten="250,250,250,250" oya="0" hai0="113,30,98,108,19,60,81,122,71,91,40,42,26" hai1="3,15,80,17,45,54,92,99,86,133,102,109,72" hai2="58,119,130,52,62,83,48,93,47,43,25,78,68" hai3="116,96,100,63,115,12,46,126,82,29,35,129,9"/><T118/><D113/><U21/><E109/><V61/><F130/><W18/><G129/><T97/><D118/><U124/><E124/><V120/><F120/><W2/><G126/><T107/><D122/><U95/><E133/><V79/><F119/><W70/><G46/><T22/><D108/><U11/><E72/><V67/><F25/><W76/><G2/><T84/><D19/><U90/><E3/><V50/><F93/><W49/><G49/><T13/><D13/><U34/><E34/><V33/><F33/><W127/><G127/><T51/><D51/><N who="1" m="29039" /><E21/><V53/><REACH who="2" step="1"/><F83/><AGARI ba="0,0" hai="11,15,17,80,83,86,90,92,95,99,102" m="29039" machi="83" ten="30,1000,0" yaku="8,1" doraHai="65" who="1" fromWho="2" sc="250,0,250,10,250,-10,250,0" /><INIT seed="1,0,0,4,5,89" ten="250,260,240,250" oya="1" hai0="132,79,68,3,16,9,106,23,121,76,12,43,108" hai1="102,99,101,123,88,42,70,115,40,113,134,1,14" hai2="71,44,117,78,104,57,0,20,51,73,15,61,80" hai3="21,58,22,34,7,54,5,65,131,28,56,90,82"/><U45/><E123/><V69/><F117/><W50/><G34/><T38/><D106/><U2/><E70/><V119/><F119/><W19/><G131/><T31/><D68/><U63/><E63/><V127/><F127/><W94/><G82/><T33/><D121/><U93/><E14/><V4/><F104/><W32/><G32/><T52/><D108/><U72/><E72/><V114/><F114/><W130/><G130/><T84/><D132/><U107/><E134/><V53/><F0/><W27/><G58/><T41/><D52/><U122/><E122/><V85/><F73/><W18/><G65/><T118/><D118/><U103/><E107/><V62/><F62/><W95/><G28/><T67/><D67/><U126/><E126/><V25/><F15/><N who="3" m="9439" /><G95/><T55/><D55/><U109/><E109/><V36/><F4/><W74/><G74/><T60/><D38/><U116/><E116/><V135/><F36/><W17/><G19/><T120/><D33/><U10/><E42/><V129/><F129/><W105/><G105/><T64/><D41/><U49/><REACH who="1" step="1"/><E10/><REACH who="1" ten="250,250,240,250" step="2"/><V124/><F124/><W112/><G112/><AGARI ba="0,1" hai="1,2,40,45,49,88,93,99,101,102,103,112,113,115" machi="112" ten="40,12000,1" yaku="1,1,2,1,52,1,54,1,53,1" doraHai="89" doraHaiUra="92" who="1" fromWho="3" sc="250,0,250,130,240,0,250,-120" /><INIT seed="1,1,0,3,5,58" ten="250,380,240,130" oya="1" hai0="111,60,94,27,21,78,62,44,120,20,32,28,5" hai1="106,86,61,22,91,10,90,135,2,25,3,64,84" hai2="18,82,101,95,66,35,19,36,57,7,54,87,109" hai3="124,112,39,99,34,42,88,8,130,118,100,97,125"/><U71/><E135/><V9/><F36/><W129/><G34/><T128/><D111/><U126/><E126/><N who="3" m="48746" /><G39/><T131/><D120/><U98/><E106/><V68/><F35/><W46/><G42/><T93/><D78/><U104/><E104/><V116/><F116/><W72/><G46/><T89/><D5/><U108/><E108/><V83/><F109/><W43/><G43/><T115/><D44/><U79/><E79/><V122/><F122/><W55/><G55/><T51/><D51/><U76/><E76/><V4/><F68/><W40/><G40/><T16/><D115/><U49/><E98/><N who="2" m="59615" /><F66/><W30/><G30/><T102/><D102/><U23/><E64/><V59/><F59/><W110/><G8/><T48/><D48/><U80/><E10/><V127/><F127/><W38/><G38/><T133/><D133/><U70/><E49/><N who="2" m="30927" /><F83/><W103/><G110/><T74/><D74/><U132/><E80/><V92/><F92/><N who="0" m="35434" /><D89/><U117/><E132/><V17/><F9/><W114/><G88/><AGARI ba="1,0" hai="4,7,17,18,19,82,87,88" m="30927,59615" machi="88" ten="30,2000,0" yaku="8,1,54,1" doraHai="58" who="2" fromWho="3" sc="250,0,380,0,240,23,130,-23" /><INIT seed="2,0,0,5,0,105" ten="250,380,263,107" oya="2" hai0="94,53,9,75,90,111,24,71,8,32,56,113,67" hai1="63,62,46,68,51,85,39,19,117,13,131,27,87" hai2="12,126,110,49,18,7,118,77,47,99,21,92,122" hai3="93,45,109,81,28,123,5,3,127,135,102,107,128"/><V104/><F122/><W35/><G93/><T16/><D111/><U130/><E117/><V30/><F118/><W79/><G81/><T73/><D113/><U84/><E27/><V121/><F121/><W29/><G79/><T95/><D95/><U89/><E89/><V65/><F104/><W33/><G102/><T57/><D71/><U125/><E39/><V15/><F110/><W98/><G98/><T55/><D67/><U82/><E82/><V108/><F108/><W134/><G45/><T14/><D8/><N who="1" m="6567" /><E68/><V43/><F126/><W48/><G48/><T38/><D38/><U34/><E34/><V97/><F30/><W64/><G64/><T10/><D10/><U112/><E125/><V129/><F129/><N who="1" m="49161" /><E112/><V78/><F65/><W1/><G128/><T72/><D32/><U36/><E36/><V23/><F97/><W42/><G109/><T61/><D24/><U80/><E80/><V17/><REACH who="2" step="1"/><F7/><REACH who="2" ten="250,380,253,107" step="2"/><W54/><G5/><T116/><D116/><U74/><E74/><V114/><F114/><W41/><G127/><T100/><D75/><U58/><E58/><V11/><F11/><W106/><REACH who="3" step="1"/><G123/><REACH who="3" ten="250,380,253,97" step="2"/><T6/><D6/><U2/><E46/><V96/><F96/><W69/><G69/><T25/><D56/><U50/><E85/><V40/><F40/><W0/><G0/><T91/><D57/><U44/><E2/><V83/><F83/><W132/><G132/><T20/><D73/><U103/><E87/><V4/><F4/><W60/><G60/><T70/><D72/><U101/><E84/><V26/><F26/><W59/><G59/><RYUUKYOKU ba="0,2" sc="250,-15,380,-15,253,15,97,15" hai2="12,15,17,18,21,23,43,47,49,77,78,92,99" hai3="1,3,28,29,33,35,41,42,54,106,107,134,135" /><INIT seed="2,1,2,0,5,45" ten="235,365,268,112" oya="2" hai0="53,129,36,121,118,35,10,18,96,75,112,24,91" hai1="37,21,102,110,126,119,123,6,58,39,88,47,23" hai2="104,87,93,108,81,61,19,76,92,22,30,79,32" hai3="98,33,84,115,66,63,34,15,85,131,105,71,128"/><V116/><F116/><W82/><G115/><T97/><D121/><U94/><E119/><V5/><F104/><W50/><G85/><T125/><D118/><U132/><E123/><V114/><F114/><W16/><G98/><T44/><D112/><U12/><E110/><V95/><F108/><W54/><G105/><T57/><D75/><U101/><E132/><V73/><F5/><W4/><G4/><T130/><D125/><U127/><E58/><V133/><F133/><W60/><G60/><T43/><D10/><U106/><E106/><V13/><F61/><W20/><G131/><N who="0" m="50187" /><D91/><U111/><E111/><V64/><F64/><W70/><G71/><T78/><D78/><U122/><E122/><V3/><F3/><W100/><G100/><T90/><D90/><U0/><E0/><V109/><F109/><W120/><G120/><T27/><D18/><U17/><E6/><V65/><F65/><W8/><G20/><T59/><D59/><U2/><E23/><V56/><F56/><W103/><G103/><N who="1" m="39434" /><E2/><V51/><F51/><W107/><G107/><T62/><D27/><U29/><E29/><AGARI ba="1,2" hai="24,29,35,36,43,44,53,57,62,96,97" m="50187" machi="29" ten="30,1000,0" yaku="19,1" doraHai="45" who="0" fromWho="1" sc="235,33,365,-13,268,0,112,0" /><INIT seed="3,0,0,0,4,127" ten="268,352,268,112" oya="3" hai0="41,114,126,37,7,107,68,110,77,9,133,24,78" hai1="87,47,51,98,15,57,38,3,0,118,128,8,120" hai2="56,88,124,60,49,94,10,54,72,73,18,63,30" hai3="12,28,16,69,25,64,61,106,58,40,31,5,19"/><W39/><G106/><T42/><D126/><U83/><E128/><V119/><F119/><W21/><G5/><T6/><D68/><U75/><E120/><V86/><F124/><W20/><G39/><T115/><D107/><U50/><E75/><V96/><F30/><W121/><G121/><T76/><D37/><U102/><E118/><V117/><F117/><W100/><G100/><T79/><D79/><U85/><E57/><V90/><F73/><W82/><G40/><N who="0" m="15467" /><D9/><U112/><E51/><V2/><F72/><W34/><G82/><T95/><D95/><U125/><E87/><V109/><F109/><W26/><REACH who="3" step="1"/><G31/><REACH who="3" ten="268,352,268,102" step="2"/><T84/><D6/><N who="1" m="3479" /><E83/><N who="2" m="49247" /><F2/><W65/><G65/><T32/><D7/><U17/><E102/><V103/><F103/><W67/><G67/><T116/><D116/><U131/><E0/><V14/><AGARI ba="0,1" hai="10,14,18,49,54,56,60,63,90,94,96" m="49247" machi="14" ten="30,2000,0" yaku="8,1,54,1" doraHai="127" who="2" fromWho="2" sc="268,-5,352,-5,268,30,102,-10" owari="263,-13.7,347,44.7,298,9.8,92,-40.8" /></mjloggm>