<mjloggm ver="2.3"><GO type="225" lobby="0"/><UN n0="%4E%49%4A%49%49%52%4F" n1="%72%69%6F%75%63%68%61%6E" n2="%E9%B3%B3%E6%9D%B1%E3%81%AE%E3%81%86%E3%81%95%E3%81%8E%E3%81%95%E3%82%93" n3="%E3%81%86%E3%82%8C%E3%81%9F%E3%82%93%E6%9E%95" dan="16,16,16,16" rate="2174.01,2199.95,2122.81,2172.57" sx="M,M,M,F"/><TAIKYOKU oya="0"/><INIT seed="0,0,0,4,0,133" ten="250,250,250,250" oya="0" hai0="8,19,13,114,96,54,52,25,6,113,37,39,93" hai1="78,58,15,105,36,28,65,118,83,85,59,63,125" hai2="0,18,101,17,91,2,45,112,27,132,107,94,104" hai3="70,24,35,41,60,75,20,30,130,81,111,72,53"/><T23/><D39/><U89/><E125/><V62/><F112/><W106/><G111/><T131/><D37/><U129/><E129/><V9/><F132/><W38/><G130/><T121/><D121/><U4/><E118/><V98/><F45/><W135/><G135/><T80/><D80/><U29/><E36/><V16/><F27/><W122/><G122/><T73/><D73/><U66/><E105/><V56/><F9/><W79/><G106/><T117/><D117/><U120/><E120/><V97/><REACH who="2" step="1"/><F104/><REACH who="2" ten="250,250,240,250" step="2"/><W68/><G38/><T57/><D131/><U108/><E108/><V116/><F116/><W77/><G41/><T55/><REACH who="0" step="1"/><D57/><REACH who="0" ten="240,250,240,250" step="2"/><U7/><E59/><V92/><F92/><W86/><G81/><T123/><D123/><U21/><E58/><V128/><F128/><W134/><G134/><T42/><D42/><U84/><E83/><V115/><F115/><W26/><G75/><T95/><D95/><U44/><E44/><V88/><F88/><AGARI ba="0,2" hai="6,8,13,19,23,25,52,54,55,88,93,96,113,114" machi="88" ten="40,7700,0" yaku="1,1,54,2,53,0" doraHai="133" doraHaiUra="69" who="0" fromWho="2" sc="240,97,250,0,240,-77,250,0" /><INIT seed="0,1,0,3,5,122" ten="337,250,163,250" oya="0" hai0="126,78,77,105,24,117,3,72,49,90,38,9,10" hai1="103,118,87,23,20,67,88,1,83,113,70,34,110" hai2="59,97,106,2,107,64,99,127,54,75,16,5,60" hai3="0,30,73,42,7,76,68,56,84,32,17,29,132"/><T96/><D117/><U125/><E110/><V121/><F127/><W28/><G68/><T27/><D38/><U69/><E118/><V135/><F135/><W25/><G73/><T62/><D126/><U6/><E34/><V114/><F114/><W86/><G42/><T108/><D108/><U123/><E123/><V131/><F131/><W98/><G132/><T41/><D62/><U85/><E125/><V71/><F75/><W47/><G47/><T12/><D72/><U109/><E109/><V120/><F5/><W43/><G43/><T61/><D3/><U19/><E113/><V128/><F2/><W52/><G76/><T102/><D90/><U36/><E36/><V65/><F128/><W130/><G98/><T15/><D61/><U40/><E40/><V116/><F116/><W51/><G130/><T74/><D41/><U95/><E67/><V133/><F133/><W33/><G17/><T18/><D49/><U79/><E103/><V89/><F89/><W13/><G0/><T104/><D74/><U35/><E35/><V37/><F37/><W93/><G93/><T31/><D104/><U39/><E39/><V58/><F60/><W92/><G92/><T48/><D48/><U66/><E66/><V46/><F46/><W124/><G124/><T22/><REACH who="0" step="1"/><D27/><REACH who="0" ten="327,250,163,250" step="2"/><U101/><E1/><V53/><REACH who="2" step="1"/><F16/><AGARI ba="1,1" hai="9,10,12,15,16,18,22,24,31,77,78,96,102,105" machi="16" ten="30,12000,1" yaku="1,1,2,1,7,1,9,1,54,1,53,0" doraHai="122" doraHaiUra="134" who="0" fromWho="2" sc="327,133,250,0,163,-123,250,0" /><INIT seed="0,2,0,3,2,8" ten="460,250,40,250" oya="0" hai0="102,6,98,106,12,122,79,34,120,69,127,107,59" hai1="65,72,114,86,88,45,4,81,63,78,5,110,64" hai2="112,126,123,14,31,46,108,35,22,80,51,104,48" hai3="57,111,60,105,33,32,83,49,75,121,89,135,47"/><T118/><D118/><U119/><E119/><V21/><F126/><W70/><G70/><T30/><D127/><U7/><E110/><V74/><F123/><W76/><G111/><T25/><D107/><U62/><E114/><V42/><F112/><W87/><G121/><T100/><D100/><U0/><E0/><V77/><F108/><W41/><G135/><T50/><D79/><U124/><E124/><V13/><F104/><W66/><REACH who="3" step="1"/><G105/><REACH who="3" ten="460,250,40,240" step="2"/><T37/><D69/><U96/><E96/><V44/><F35/><W18/><G18/><T55/><D120/><U93/><REACH who="1" step="1"/><E45/><REACH who="1" ten="460,240,40,240" step="2"/><V10/><F31/><W54/><G54/><T36/><D122/><U53/><E53/><V133/><F133/><W19/><G19/><T132/><D132/><U28/><E28/><V125/><F125/><W84/><G84/><T43/><D30/><U23/><E23/><V92/><F10/><W56/><G56/><T17/><D59/><U15/><E15/><V67/><F67/><AGARI ba="2,2" hai="4,5,7,62,63,64,65,67,72,78,81,86,88,93" machi="67" ten="40,2600,0" yaku="1,1,54,1,53,0" doraHai="8" doraHaiUra="94" who="1" fromWho="2" sc="460,0,240,52,40,-32,240,0" /><INIT seed="1,0,0,4,2,60" ten="460,292,8,240" oya="1" hai0="79,113,1,108,14,3,44,66,15,85,112,42,68" hai1="88,77,123,106,80,5,18,45,128,110,111,62,57" hai2="83,40,73,102,59,41,22,101,103,82,4,78,39" hai3="107,95,104,92,19,49,50,100,16,67,86,6,23"/><U119/><E128/><V43/><F39/><W71/><G71/><T51/><D108/><N who="1" m="41515" /><E119/><V70/><F70/><W118/><G118/><T115/><D68/><U125/><E123/><V63/><F4/><W2/><G2/><T69/><D69/><U90/><E106/><V120/><F120/><W35/><G35/><T114/><D114/><U13/><E125/><V121/><F121/><W33/><G33/><T47/><D79/><U116/><E45/><V11/><F11/><W105/><G6/><T10/><D85/><N who="1" m="48271" /><E5/><V52/><F73/><W25/><G100/><N who="2" m="25601" /><V81/><DORA hai="28" /><F78/><W56/><G86/><T32/><D44/><U122/><E116/><V34/><F34/><W38/><G105/><T135/><D47/><U124/><E124/><V20/><AGARI ba="0,0" hai="20,22,40,41,43,52,59,63,81,82,83" m="25601" machi="20" ten="40,2700,0" yaku="8,1,54,1" doraHai="60,28" who="2" fromWho="2" sc="460,-7,292,-13,8,27,240,-7" /><INIT seed="2,0,0,0,1,112" ten="453,279,35,233" oya="2" hai0="0,56,50,3,121,30,101,88,21,120,39,131,66" hai1="46,10,35,16,52,1,5,64,90,20,125,100,85" hai2="36,22,122,105,27,51,43,2,4,31,65,94,86" hai3="68,61,45,78,44,126,70,34,135,111,81,127,93"/><V79/><F122/><W117/><G117/><T67/><D39/><U71/><E35/><V42/><F105/><W98/><G111/><T8/><D131/><U103/><E125/><N who="3" m="47626" /><G34/><T19/><D101/><U89/><E89/><V106/><F106/><W107/><G107/><T118/><D118/><U17/><E17/><V11/><F36/><W83/><G135/><T18/><D30/><U28/><E28/><V53/><F65/><N who="3" m="41007" /><G70/><T69/><D69/><U104/><E104/><V128/><F128/><W134/><G134/><T123/><D0/><U130/><E130/><V114/><F114/><W62/><G62/><T72/><D72/><U49/><E64/><V109/><F109/><W63/><G63/><T26/><D3/><U57/><E46/><N who="3" m="18026" /><G78/><T132/><D132/><U76/><E76/><V38/><F38/><W133/><G133/><T92/><D8/><U115/><E71/><V24/><F24/><W110/><G110/><T80/><D80/><U77/><E77/><V47/><REACH who="2" step="1"/><F79/><REACH who="2" ten="453,279,25,233" step="2"/><W108/><G108/><T13/><D26/><U84/><E115/><V23/><F23/><W87/><G98/><N who="0" m="57607" /><D67/><U59/><E59/><V12/><F12/><W74/><G74/><T97/><D66/><U95/><E85/><V33/><F33/><W9/><G9/><N who="0" m="6447" /><D97/><U25/><AGARI ba="0,1" hai="1,5,10,16,20,25,49,52,57,84,90,95,100,103" machi="25" ten="20,5200,0" yaku="0,1,7,1,54,2" doraHai="112" who="1" fromWho="1" sc="453,-13,279,62,25,-26,233,-13" owari="440,54.0,341,14.1,-1,-50.1,220,-18.0" /></mjloggm>