<mjloggm ver="2.3"><GO type="225" lobby="0"/><UN n0="%E5%B6%BA%E4%B8%8A%E5%92%B2" n1="%E5%8D%A0%E3%81%84%E5%B8%AB%E8%A3%8F%E3%81%AA%E3%81%84%E3%81%97" n2="%E7%8B%82%E6%B0%97%E3%81%AE%E7%9E%B3" n3="%E3%80%90%E3%83%88%E3%83%AA%E3%83%A5%E3%83%95%E3%80%91" dan="16,17,16,16" rate="2081.10,2198.17,2045.87,2062.46" sx="F,M,F,M"/><TAIKYOKU oya="0"/><INIT seed="0,0,0,0,0,73" ten="250,250,250,250" oya="0" hai0="88,118,55,89,20,40,90,97,129,56,104,5,53" hai1="57,98,38,35,126,92,94,15,4,91,110,109,93" hai2="12,26,75,21,86,14,132,30,60,102,99,131,59" hai3="28,42,78,79,103,135,123,67,29,72,10,81,120"/><T9/><D118/><U83/><E35/><V107/><F75/><N who="3" m="43231" /><G67/><T100/><D129/><U85/><E38/><V36/><F131/><W46/><G103/><T84/><D40/><U61/><E126/><V96/><F36/><N who="3" m="21831" /><G135/><T11/><D20/><U108/><E4/><V16/><F132/><W124/><G124/><T34/><D34/><U49/><E15/><N who="2" m="5675" /><F107/><W32/><G10/><T95/><D11/><U47/><E47/><V133/><F133/><W130/><G130/><T119/><D119/><U87/><E49/><V127/><F127/><W24/><G28/><T128/><D128/><U0/><E0/><V121/><F121/><W106/><G106/><T7/><D55/><U69/><E69/><V114/><F114/><W105/><G105/><T134/><D134/><U19/><E19/><V33/><F33/><W25/><G25/><T64/><D64/><N who="1" m="38959" /><E85/><V76/><F30/><W116/><G116/><T22/><D22/><U54/><E54/><N who="2" m="33911" /><F102/><AGARI ba="0,0" hai="83,87,91,92,93,94,98,102,108,109,110" m="38959" machi="102" ten="30,1000,0" yaku="14,1" doraHai="73" who="1" fromWho="2" sc="250,0,250,10,250,-10,250,0" /><INIT seed="1,0,0,2,2,11" ten="250,260,240,250" oya="1" hai0="13,37,81,131,124,76,84,45,17,29,57,71,100" hai1="86,99,38,14,125,113,28,9,133,55,8,103,117" hai2="2,107,96,121,118,79,110,62,60,75,39,129,92" hai3="33,40,105,116,16,36,101,68,126,20,59,10,50"/><U88/><E113/><V49/><F121/><W94/><G68/><T48/><D131/><U66/><E117/><V102/><F118/><W74/><G116/><T106/><D71/><U90/><E38/><V109/><F39/><W23/><G33/><T46/><D124/><U19/><E125/><V111/><F2/><W135/><G74/><T123/><D123/><U30/><E66/><V34/><F34/><W63/><G105/><T12/><D37/><U6/><E133/><V108/><N who="2" m="27648" /><DORA hai="69" /><V77/><F129/><W35/><G35/><T7/><D29/><U18/><E55/><V128/><F128/><W56/><G135/><T25/><D106/><U95/><E90/><V97/><F49/><W87/><G126/><T120/><D100/><U115/><E115/><V47/><F47/><N who="0" m="17930" /><D120/><U91/><E91/><N who="2" m="55327" /><F75/><W26/><G36/><T119/><D119/><U5/><E30/><V104/><F104/><W4/><G40/><T80/><D80/><U32/><E28/><V41/><F41/><W44/><G44/><T70/><D70/><U132/><E32/><V98/><F98/><N who="3" m="59607" /><G50/><T89/><D89/><U122/><E132/><V127/><F127/><W83/><G63/><AGARI ba="0,0" hai="60,62,63,77,79,97,102,107" m="55327,27648" machi="63" ten="60,2000,0" yaku="14,1" doraHai="11,69" who="2" fromWho="3" sc="250,0,260,0,240,20,250,-20" /><INIT seed="2,0,0,2,3,90" ten="250,260,260,230" oya="2" hai0="99,35,17,8,84,82,18,85,26,64,109,52,68" hai1="66,0,112,24,71,131,75,72,65,31,46,38,36" hai2="12,53,10,119,122,127,123,51,88,98,129,79,61" hai3="48,100,107,94,120,83,9,124,28,43,91,101,4"/><V78/><F119/><W39/><G120/><T70/><D109/><U44/><E112/><V55/><F129/><W41/><G39/><T42/><D42/><U113/><E113/><V87/><F127/><W104/><G28/><T6/><D35/><U34/><E131/><V1/><F1/><W29/><G29/><T5/><D64/><U121/><E121/><V77/><F98/><W86/><G43/><T25/><D99/><U50/><E50/><V117/><F117/><W23/><G23/><T97/><D97/><U13/><E13/><V114/><F114/><W134/><G134/><T27/><D82/><U92/><E31/><V95/><F61/><W69/><G69/><N who="0" m="26731" /><D52/><U58/><E71/><V15/><F55/><W60/><G60/><T67/><D8/><U45/><E45/><V106/><F106/><W47/><G104/><T110/><D67/><U81/><E81/><V102/><F102/><W126/><G107/><T59/><D59/><U2/><E58/><N who="2" m="33087" /><F122/><W115/><G115/><T30/><D30/><U7/><E34/><V54/><F123/><W80/><G80/><T62/><D62/><U111/><E111/><V21/><F10/><W74/><G126/><T37/><D37/><U103/><E103/><V108/><F108/><W118/><G118/><T73/><D73/><U20/><E66/><V16/><F54/><W40/><G40/><T3/><D110/><U32/><E65/><V49/><F49/><W135/><G124/><T105/><D105/><U116/><E38/><V133/><F133/><W56/><G135/><T130/><D130/><U128/><E36/><RYUUKYOKU ba="0,0" sc="250,-10,260,-10,260,30,230,-10" hai2="12,15,16,21,77,78,79,87,88,95" /><INIT seed="2,1,0,4,1,104" ten="240,250,290,220" oya="2" hai0="78,14,19,100,60,77,109,127,83,75,98,93,117" hai1="53,41,133,34,99,132,38,119,111,122,116,43,128" hai2="1,71,112,47,12,3,97,68,6,20,94,35,13" hai3="110,30,135,101,81,91,106,8,90,80,36,61,5"/><V88/><F35/><W63/><G110/><T31/><D109/><U65/><E34/><V50/><F112/><W51/><G36/><T134/><D134/><N who="1" m="51819" /><E111/><V102/><F71/><W87/><G135/><T49/><D127/><U48/><E99/><V115/><F68/><W59/><G30/><T54/><D117/><N who="1" m="45131" /><E128/><V69/><F69/><W16/><G106/><T131/><D131/><U28/><E28/><V118/><F118/><W29/><G29/><T82/><D31/><U15/><E65/><V113/><F113/><W124/><G101/><T55/><D60/><U22/><E38/><V11/><F102/><W23/><G124/><T26/><D49/><U114/><E114/><V86/><F97/><W46/><G59/><T37/><D37/><U21/><E122/><V96/><F96/><W126/><G126/><T33/><D33/><U129/><E15/><V64/><F64/><W72/><G5/><T70/><D70/><U76/><E76/><V123/><F123/><W85/><G8/><T92/><D26/><U62/><E62/><V52/><REACH who="2" step="1"/><F115/><REACH who="2" ten="240,250,280,220" step="2"/><W66/><G66/><T73/><D100/><U56/><E129/><V7/><F7/><W95/><G95/><T84/><D98/><U18/><E18/><AGARI ba="1,1" hai="1,3,6,11,12,13,18,20,47,50,52,86,88,94" machi="18" ten="40,12000,1" yaku="1,1,54,2,53,2" doraHai="104" doraHaiUra="10" who="2" fromWho="1" sc="240,0,250,-123,280,133,220,0" /><INIT seed="2,2,0,5,4,92" ten="240,127,413,220" oya="2" hai0="10,125,8,6,39,26,53,85,44,82,11,88,7" hai1="111,90,30,68,31,3,105,67,126,65,99,0,43" hai2="78,109,28,55,116,16,37,104,112,75,25,18,15" hai3="56,72,50,47,33,38,9,95,27,42,93,81,4"/><V13/><F104/><W80/><G33/><T96/><D125/><U100/><E111/><V120/><F109/><W77/><G81/><T57/><D26/><U34/><E126/><V118/><F37/><W69/><G69/><T86/><D86/><U91/><E65/><V12/><F75/><W23/><G56/><T20/><D20/><U14/><E14/><V117/><F55/><W89/><G89/><T24/><D24/><N who="1" m="18759" /><E31/><V61/><F61/><W40/><G40/><T98/><D39/><U108/><E108/><V17/><F78/><W70/><G70/><T71/><D71/><U29/><E43/><V2/><F2/><N who="3" m="151" /><G50/><N who="0" m="28871" /><D57/><U110/><E110/><V52/><F52/><W59/><G59/><T76/><D76/><U73/><E73/><V128/><F128/><W46/><G47/><T132/><D132/><U101/><E29/><AGARI ba="2,0" hai="23,27,29,38,42,46,72,77,80,93,95" m="151" machi="29" ten="30,1000,0" yaku="25,1" doraHai="92" who="3" fromWho="1" sc="240,0,127,-16,413,0,220,16" /><INIT seed="3,0,0,3,0,46" ten="240,111,413,236" oya="3" hai0="113,4,66,13,59,11,50,122,80,34,68,98,17" hai1="135,82,74,30,129,10,3,53,22,31,27,19,95" hai2="124,39,75,123,38,67,20,92,57,108,76,90,15" hai3="88,118,100,63,52,5,21,64,115,26,104,41,77"/><W29/><G115/><T23/><D122/><U131/><E95/><V14/><F123/><W133/><G133/><T87/><D34/><U132/><E82/><V37/><F124/><W62/><G118/><T83/><D68/><U35/><E53/><V94/><F108/><W117/><G117/><T28/><D113/><U97/><E97/><V91/><F76/><W1/><G77/><N who="0" m="46479" /><D83/><U54/><E54/><V110/><F75/><W109/><G109/><T45/><D98/><U70/><E70/><V32/><F32/><W101/><G41/><N who="0" m="24879" /><D28/><U36/><E36/><V71/><F71/><W65/><G104/><T102/><D102/><N who="3" m="39529" /><G5/><T84/><D84/><U55/><E55/><V134/><F39/><W130/><G1/><T120/><D120/><U44/><E44/><V81/><F38/><W0/><G0/><T24/><D66/><N who="3" m="25705" /><G130/><N who="1" m="49674" /><E74/><V49/><F37/><W127/><G127/><T99/><D99/><U40/><E40/><V16/><F110/><W43/><G43/><T93/><D93/><U7/><E31/><V85/><F67/><W78/><G78/><T51/><D59/><U72/><E72/><V58/><F81/><W79/><G79/><T8/><D11/><U48/><E48/><AGARI ba="0,0" hai="4,8,13,17,23,24,48,51" m="24879,46479" machi="48" ten="30,8000,1" yaku="25,1,8,1,52,3" doraHai="46" who="0" fromWho="1" sc="240,80,111,-80,413,0,236,0" owari="320,12.0,31,-46.9,413,51.3,236,-16.4" /></mjloggm>