<mjloggm ver="2.3"><GO type="225" lobby="0"/><UN n0="%E3%81%A4%E3%81%A3%E3%81%B1%E3%82%8A%E3%83%9D%E3%83%BC%E3%83%AB" n1="%E4%BA%AE%E6%B5%81%E6%89%93%E8%80%85" n2="%E5%B8%86%E7%AB%8B%E5%A4%8F%E8%A1%A3" n3="%E9%A6%AC%E4%BA%86%E9%9A%94%E5%A3%81" dan="17,16,16,17" rate="2220.33,2108.30,2171.65,2221.94" sx="M,F,M,M"/><TAIKYOKU oya="0"/><INIT seed="0,0,0,3,5,25" ten="250,250,250,250" oya="0" hai0="98,59,105,44,88,79,108,3,103,107,10,95,57" hai1="6,29,116,111,75,124,100,109,62,38,1,31,90" hai2="36,101,74,0,134,26,55,83,46,89,48,15,4" hai3="66,87,33,47,7,14,76,61,24,92,128,18,94"/><T43/><D108/><N who="1" m="41547" /><E38/><V37/><F134/><W78/><G128/><T17/><D79/><U122/><E116/><V54/><F0/><W51/><G7/><T73/><D73/><U49/><E122/><V5/><F101/><W53/><G24/><T121/><D121/><U2/><E75/><V65/><F65/><W80/><G76/><T96/><D107/><U39/><E39/><V21/><F55/><W11/><REACH who="3" step="1"/><G33/><REACH who="3" ten="250,250,250,240" step="2"/><T120/><D120/><U102/><E6/><V72/><F4/><W19/><G19/><T64/><D3/><N who="1" m="1035" /><E124/><V81/><F5/><W112/><G112/><T13/><REACH who="0" step="1"/><D64/><REACH who="0" ten="240,250,250,240" step="2"/><U70/><E70/><AGARI ba="0,2" hai="11,14,18,47,51,53,61,66,70,78,80,87,92,94" machi="70" ten="30,3900,0" yaku="1,1,7,1,53,1" doraHai="25" doraHaiUra="82" who="3" fromWho="1" sc="240,0,250,-39,250,0,240,59" /><INIT seed="1,0,0,1,4,36" ten="240,211,250,299" oya="1" hai0="61,110,13,128,43,11,35,10,129,60,57,50,27" hai1="124,28,133,42,115,123,100,34,102,135,107,3,8" hai2="26,76,30,99,37,16,29,66,74,49,32,101,95" hai3="20,131,93,2,55,81,54,22,24,17,31,39,6"/><U41/><E115/><V15/><F37/><W118/><G39/><T122/><D110/><U134/><E123/><V86/><F30/><W120/><G120/><T119/><D122/><U7/><E124/><V109/><F109/><W68/><G68/><T85/><D119/><U65/><E65/><V91/><F66/><W125/><G125/><T21/><D35/><U63/><E63/><N who="0" m="24137" /><D85/><U51/><E51/><V69/><F49/><W14/><G131/><N who="0" m="50251" /><D13/><U96/><E102/><V112/><F112/><W82/><G118/><T47/><D57/><U78/><E78/><V73/><F69/><W104/><G104/><T46/><D46/><U98/><E98/><V106/><REACH who="2" step="1"/><F76/><REACH who="2" ten="240,211,240,299" step="2"/><W89/><G31/><AGARI ba="0,1" hai="10,11,21,27,31,43,47,50" m="50251,24137" machi="31" ten="30,2000,0" yaku="19,1,52,1" doraHai="36" who="0" fromWho="3" sc="240,30,211,0,240,0,299,-20" /><INIT seed="2,0,0,1,2,47" ten="270,211,240,279" oya="2" hai0="134,96,121,57,105,18,62,89,63,116,46,0,64" hai1="45,59,52,55,2,115,56,107,79,58,103,113,100" hai2="135,69,44,15,36,26,3,61,11,39,126,109,117" hai3="87,38,67,27,21,22,14,88,48,102,66,99,5"/><V7/><F117/><W120/><G120/><T85/><D121/><U68/><E68/><V118/><F118/><W37/><G37/><T78/><D116/><U35/><E35/><V125/><F135/><W86/><G38/><T122/><D122/><U81/><E2/><V80/><F109/><W17/><G87/><T77/><D0/><U129/><E129/><V90/><F15/><W4/><G4/><T131/><D134/><U106/><E45/><V73/><F90/><W133/><G133/><T97/><D131/><U124/><E59/><V8/><F26/><W23/><G5/><T41/><D18/><U76/><REACH who="1" step="1"/><E81/><REACH who="1" ten="270,201,240,279" step="2"/><V74/><F80/><N who="3" m="49223" /><G66/><T94/><D64/><U24/><E24/><V108/><F108/><W101/><G67/><T43/><D46/><U40/><E40/><N who="2" m="22535" /><F39/><W111/><G111/><T12/><D43/><U54/><E54/><V53/><F69/><W72/><G27/><T1/><D41/><U32/><E32/><V9/><F3/><W112/><G112/><T33/><D1/><U30/><E30/><V70/><F70/><W25/><G25/><T84/><D33/><U71/><E71/><V16/><F7/><W75/><G14/><T50/><D12/><U42/><E42/><V6/><F6/><W114/><G114/><T28/><D28/><U83/><E83/><V128/><F128/><W51/><G17/><T127/><D57/><U19/><E19/><V34/><F16/><W98/><G21/><T49/><D49/><N who="3" m="19017" /><G22/><T110/><D50/><U123/><E123/><V92/><F34/><W91/><G23/><T119/><D110/><RYUUKYOKU ba="0,1" sc="270,-10,201,30,240,-10,279,-10" hai1="52,55,56,58,76,79,100,103,106,107,113,115,124" /><INIT seed="3,1,1,2,0,11" ten="260,231,230,269" oya="3" hai0="88,90,40,34,118,112,41,16,22,119,18,35,2" hai1="97,80,104,21,69,49,108,121,24,8,107,26,127" hai2="23,52,124,81,37,125,105,36,98,114,132,70,25" hai3="61,44,20,99,9,71,106,135,59,111,30,27,84"/><W85/><G71/><T79/><D2/><U126/><E121/><V58/><F114/><W39/><G135/><T48/><D79/><U66/><E8/><V87/><F70/><W122/><G122/><T56/><D56/><U77/><E108/><V60/><F132/><W57/><G111/><T29/><D29/><U120/><E120/><V63/><F63/><W67/><G59/><T115/><D22/><U83/><E49/><AGARI ba="1,1" hai="16,18,34,35,40,41,48,49,88,90,112,115,118,119" machi="49" ten="25,6400,0" yaku="22,2,54,2" doraHai="11" who="0" fromWho="1" sc="260,77,231,-67,230,0,269,0" owari="337,43.7,164,-33.6,230,-17.0,269,6.9" /></mjloggm>