<mjloggm ver="2.3"><GO type="225" lobby="0"/><UN n0="%E8%90%BD%E6%97%A5" n1="%E6%98%93%E5%88%A9%E8%96%A9%E4%BC%AF" n2="%E6%B4%BE%E9%81%A3%E3%81%AE%E3%82%B8%E3%83%A3%E3%83%83%E3%82%AF" n3="%E5%B8%86%E7%AB%8B%E5%A4%8F%E8%A1%A3" dan="16,16,17,16" rate="2142.24,2117.29,2218.03,2152.39" sx="F,F,M,M"/><TAIKYOKU oya="0"/><INIT seed="0,0,0,3,4,102" ten="250,250,250,250" oya="0" hai0="123,85,77,36,22,6,98,21,26,94,5,105,57" hai1="75,17,87,3,113,122,130,40,54,58,106,34,97" hai2="35,63,127,96,47,118,124,95,19,121,88,93,24" hai3="11,12,101,68,92,133,51,38,16,81,115,46,61"/><T117/><D117/><U15/><E122/><V120/><F47/><W129/><G115/><T29/><D123/><U114/><E75/><V74/><F74/><W111/><G111/><T60/><D36/><U90/><E3/><V125/><F118/><W4/><G133/><T104/><D22/><U66/><E40/><V86/><F63/><W128/><G38/><T134/><D134/><U110/><E66/><V44/><F44/><W39/><G39/><T72/><D72/><U82/><E34/><V107/><F107/><W53/><G4/><T91/><D6/><U52/><E130/><V45/><F45/><W103/><G81/><T56/><D56/><U64/><E64/><V48/><F48/><W112/><G112/><N who="1" m="43114" /><E58/><V79/><F19/><W108/><G108/><T89/><D5/><U32/><E32/><V10/><F10/><W69/><G61/><T99/><D77/><U27/><E27/><V126/><N who="2" m="31744" /><DORA hai="78" /><V33/><F33/><W100/><REACH who="3" step="1"/><G92/><REACH who="3" ten="250,250,250,240" step="2"/><T49/><D49/><U7/><E7/><V62/><F62/><W135/><G135/><T2/><D2/><U0/><E0/><V20/><F93/><W116/><G116/><T83/><REACH who="0" step="1"/><D99/><REACH who="0" ten="240,250,250,240" step="2"/><U42/><E110/><V109/><F109/><W31/><G31/><T76/><D76/><U50/><E50/><V71/><F120/><W132/><G132/><T14/><D14/><U67/><E97/><V80/><F121/><W73/><G73/><T1/><D1/><U59/><E15/><V55/><F96/><W37/><G37/><T43/><D43/><U8/><E42/><V84/><F79/><RYUUKYOKU ba="0,2" sc="240,15,250,-15,250,-15,240,15" hai0="21,26,29,57,60,83,85,89,91,94,98,104,105" hai3="11,12,16,46,51,53,68,69,100,101,103,128,129" /><INIT seed="0,1,2,3,3,94" ten="255,235,235,255" oya="0" hai0="40,69,3,101,29,8,15,99,87,80,82,91,85" hai1="59,52,51,74,23,92,64,46,96,22,73,134,120" hai2="5,104,6,1,88,76,37,84,119,25,62,108,49" hai3="124,31,100,109,68,121,106,95,132,56,70,7,13"/><T48/><D69/><U97/><E120/><V28/><F37/><W43/><G106/><T129/><D129/><U128/><E128/><V125/><F104/><W38/><G121/><T77/><D3/><U2/><E2/><V42/><F108/><W118/><G31/><T107/><D29/><U90/><E134/><V18/><F125/><W32/><G32/><T83/><D83/><U50/><E73/><V65/><F76/><W123/><G118/><T135/><D135/><U53/><E74/><V4/><F119/><W9/><G132/><T127/><D127/><U11/><E11/><V122/><F122/><W39/><G124/><T26/><D26/><U35/><E35/><V57/><F18/><W21/><G109/><T78/><D91/><U113/><E113/><V16/><F1/><W12/><G56/><T54/><D40/><U45/><E97/><V114/><F114/><W117/><G39/><T111/><D111/><U60/><AGARI ba="1,2" hai="22,23,45,46,50,51,52,53,59,60,64,90,92,96" machi="60" ten="30,8000,1" yaku="0,1,9,1,8,1,52,1,54,1" doraHai="94" who="1" fromWho="1" sc="255,-41,235,103,235,-21,255,-21" /><INIT seed="1,0,0,5,0,134" ten="214,338,214,234" oya="1" hai0="48,57,28,39,126,19,115,110,131,15,85,121,80" hai1="122,64,117,97,135,20,61,88,47,133,66,37,83" hai2="74,13,53,14,93,96,70,35,82,34,41,21,100" hai3="63,9,22,58,2,73,78,5,67,40,43,99,26"/><U36/><E117/><V72/><F70/><W105/><G78/><T69/><D69/><U12/><E122/><V108/><F41/><W113/><G73/><T109/><D39/><U3/><E3/><V128/><F108/><N who="0" m="41578" /><D28/><U87/><E97/><V68/><F68/><W79/><G79/><N who="0" m="46239" /><D115/><U123/><E66/><V8/><F53/><W90/><G113/><T116/><D116/><U45/><E123/><V1/><F1/><W124/><G124/><T38/><D38/><U6/><E37/><V24/><F128/><W111/><G111/><T42/><D121/><U10/><E20/><V119/><F119/><W71/><G71/><T29/><D29/><U104/><E104/><V59/><F59/><W132/><G132/><N who="1" m="50762" /><E36/><V17/><F14/><W81/><G105/><T33/><D33/><U86/><E86/><V76/><REACH who="2" step="1"/><F74/><REACH who="2" ten="214,338,204,234" step="2"/><W89/><G43/><T130/><D42/><U65/><E65/><V46/><F46/><W125/><G40/><T75/><D75/><U32/><E47/><V51/><F51/><W129/><G129/><N who="0" m="49163" /><D57/><U54/><E45/><V102/><F102/><W107/><G58/><T77/><D48/><U103/><E103/><V23/><F23/><W118/><G118/><T84/><D84/><U50/><E50/><V11/><F11/><W112/><G112/><T94/><D77/><U30/><E64/><V18/><AGARI ba="0,1" hai="8,13,17,18,21,24,34,35,72,76,82,93,96,100" machi="18" ten="20,2700,0" yaku="1,1,0,1,7,1,53,0" doraHai="134" doraHaiUra="101" who="2" fromWho="2" sc="214,-7,338,-13,204,37,234,-7" /><INIT seed="2,0,0,0,2,75" ten="207,325,241,227" oya="2" hai0="127,112,128,25,76,61,88,38,10,63,104,43,59" hai1="113,2,82,36,35,62,117,7,129,0,99,122,111" hai2="94,110,12,81,90,66,64,130,57,102,21,9,71" hai3="11,133,106,126,116,68,41,26,77,45,29,13,15"/><V46/><F66/><W8/><G116/><T23/><D112/><U85/><E36/><V123/><F123/><W80/><G106/><T135/><D104/><U48/><E113/><V56/><F71/><W72/><G68/><T37/><D127/><U70/><E35/><V87/><F130/><W91/><G126/><T39/><D128/><U134/><E117/><V22/><F110/><W14/><G133/><T42/><D135/><U131/><E111/><V58/><F46/><W18/><G91/><T84/><D10/><U55/><E122/><V40/><F40/><W105/><G105/><T20/><D76/><U107/><E134/><V54/><F54/><W97/><G97/><T50/><D50/><U17/><E17/><N who="2" m="8335" /><F64/><W86/><G72/><T28/><D23/><U67/><E129/><V49/><F49/><W32/><G8/><T115/><D115/><U92/><E107/><V93/><F93/><W52/><G52/><T79/><D79/><U33/><E33/><V124/><F124/><W101/><G101/><T27/><D27/><U5/><E131/><V119/><F119/><W53/><G53/><T34/><D34/><U24/><E70/><V98/><AGARI ba="0,0" hai="21,22,56,57,58,81,87,90,94,98,102" m="8335" machi="98" ten="30,1500,0" yaku="8,1" doraHai="75" who="2" fromWho="2" sc="207,-5,325,-5,241,15,227,-5" /><INIT seed="2,1,0,0,4,127" ten="202,320,256,222" oya="2" hai0="55,33,85,9,75,51,83,133,100,64,86,71,35" hai1="104,25,70,19,124,115,48,78,26,27,95,118,79" hai2="17,92,108,96,81,77,69,82,24,29,49,132,90" hai3="109,5,59,37,130,68,73,40,60,126,10,18,106"/><V8/><F69/><W57/><G106/><T117/><D133/><U2/><E104/><V20/><F132/><W80/><G126/><T89/><D75/><U114/><E70/><V63/><F108/><W61/><G18/><T116/><D100/><U41/><E2/><V134/><F134/><W97/><G97/><T122/><D122/><U62/><E118/><N who="0" m="45673" /><D64/><U111/><E62/><V110/><F110/><W93/><G93/><N who="0" m="54447" /><D9/><U103/><E111/><V32/><F63/><W125/><G125/><T94/><D94/><U99/><E115/><V3/><F49/><W98/><G98/><T123/><D71/><U54/><E41/><V6/><REACH who="2" step="1"/><F77/><REACH who="2" ten="202,320,246,222" step="2"/><W76/><G109/><T112/><D112/><U101/><E114/><V74/><F74/><W12/><G61/><T107/><D123/><U45/><E124/><V21/><F21/><W113/><G113/><T38/><D38/><U13/><E103/><V0/><F0/><W30/><G68/><T56/><D107/><U46/><E45/><V22/><F22/><AGARI ba="1,1" hai="13,19,22,25,26,27,46,48,54,78,79,95,99,101" machi="22" ten="40,1300,0" yaku="8,1" doraHai="127" who="1" fromWho="2" sc="202,0,320,26,246,-16,222,0" /><INIT seed="3,0,0,4,1,23" ten="202,346,230,222" oya="3" hai0="127,53,135,56,39,130,42,0,70,112,71,115,54" hai1="94,125,24,9,95,88,35,106,62,124,16,25,28" hai2="92,63,72,37,7,102,107,60,74,114,8,55,108" hai3="40,34,104,110,123,64,96,11,36,50,58,49,51"/><W38/><G34/><T105/><D105/><U65/><E106/><V90/><F114/><N who="0" m="43562" /><D0/><U83/><E83/><V30/><F30/><W103/><G123/><T20/><D127/><N who="1" m="48715" /><E88/><V129/><F37/><W33/><G33/><T116/><D116/><U18/><E9/><V27/><F108/><W47/><G110/><T59/><D20/><N who="1" m="13319" /><E18/><V113/><F113/><W100/><G100/><T77/><D77/><U117/><E117/><V21/><F102/><W10/><G38/><T99/><D99/><U93/><E93/><V82/><F92/><W120/><G120/><T134/><D130/><U79/><E79/><V12/><F129/><W126/><G126/><T76/><D76/><U119/><E119/><V46/><F107/><W97/><G97/><T45/><D71/><AGARI ba="0,0" hai="25,28,35,62,65,71,94,95" m="13319,48715" machi="71" ten="30,7700,0" yaku="18,1,52,2,54,1" doraHai="23" who="1" fromWho="0" sc="202,-77,346,77,230,0,222,0" owari="125,-37.5,423,52.3,230,3.0,222,-17.8" /></mjloggm>