<mjloggm ver="2.3"><GO type="225" lobby="0"/><UN n0="%72%69%6F%75%63%68%61%6E" n1="%4C%4F%4C%49%54%41" n2="%72%61%6B%33" n3="%E6%B0%B7%E5%B7%9D%E9%87%8C%E5%A5%88" dan="17,16,16,16" rate="2174.91,2171.30,2080.80,2173.73" sx="M,F,M,F"/><TAIKYOKU oya="0"/><INIT seed="0,0,0,2,2,24" ten="250,250,250,250" oya="0" hai0="62,86,12,95,35,100,122,123,104,26,3,31,45" hai1="6,23,126,93,53,52,48,42,2,92,60,119,58" hai2="54,128,8,117,15,68,133,89,124,73,90,27,56" hai3="19,98,111,46,102,43,87,47,88,59,132,70,96"/><T41/><D3/><U78/><E119/><V1/><F68/><W129/><G70/><T115/><D115/><U99/><E126/><V29/><F124/><W40/><G111/><T13/><D104/><U75/><E42/><V7/><F117/><W16/><G129/><T108/><D108/><U57/><E75/><V83/><F128/><W61/><G132/><T107/><D107/><U82/><E2/><V14/><F133/><W34/><G34/><T84/><D62/><U33/><E33/><V134/><F134/><W130/><G130/><T97/><D86/><U120/><E6/><V36/><F36/><W65/><G47/><T20/><D84/><N who="1" m="48215" /><E120/><V67/><F67/><W110/><G110/><T22/><D22/><U64/><E99/><N who="3" m="37930" /><G102/><T9/><D35/><U94/><E23/><V71/><F71/><W135/><G135/><T49/><REACH who="0" step="1"/><D13/><REACH who="0" ten="240,250,250,250" step="2"/><U121/><E121/><V17/><F14/><W77/><G77/><T72/><D72/><U32/><E32/><N who="2" m="20543" /><F73/><W127/><G127/><T28/><D28/><U39/><E39/><V10/><F1/><W80/><G43/><T109/><D109/><U125/><E125/><V69/><F15/><W113/><G113/><T118/><D118/><U76/><E76/><V91/><F83/><W131/><G131/><T38/><D38/><U85/><E85/><V106/><F106/><W114/><G114/><T25/><D25/><U5/><E92/><V55/><F69/><W4/><G4/><AGARI ba="0,1" hai="4,9,12,20,26,31,41,45,49,95,97,100,122,123" machi="4" ten="30,12000,1" yaku="1,1,7,1,52,1,53,2" doraHai="24" doraHaiUra="116" who="0" fromWho="3" sc="240,130,250,0,250,0,250,-120" /><INIT seed="0,1,0,3,1,99" ten="370,250,250,130" oya="0" hai0="29,31,73,120,14,93,124,118,58,24,122,100,86" hai1="56,27,13,74,114,126,81,28,92,41,107,23,98" hai2="20,77,108,127,104,12,54,19,63,55,36,2,102" hai3="62,22,128,105,66,133,95,97,83,68,52,78,116"/><T18/><D118/><U110/><E107/><V125/><F2/><W46/><G128/><T79/><D124/><U106/><E106/><V33/><F33/><W85/><G133/><T109/><D109/><U115/><E126/><V8/><F108/><W21/><G116/><T80/><D29/><U35/><E110/><V50/><F36/><W88/><REACH who="3" step="1"/><G105/><REACH who="3" ten="370,250,250,120" step="2"/><T6/><D122/><U76/><E114/><V131/><F131/><W119/><G119/><T69/><D120/><U9/><E115/><V34/><F104/><W42/><G42/><T1/><D1/><U67/><E41/><V111/><F111/><W47/><G47/><T26/><D69/><U16/><E56/><V53/><F127/><W48/><AGARI ba="1,1" hai="21,22,46,48,52,62,66,68,78,83,85,88,95,97" machi="48" ten="30,8000,1" yaku="1,1,0,1,54,2,53,1" doraHai="99" doraHaiUra="64" who="3" fromWho="3" sc="370,-41,250,-21,250,-21,120,93" /><INIT seed="1,0,0,2,4,45" ten="329,229,229,213" oya="1" hai0="83,97,102,36,26,94,76,12,107,78,113,100,88" hai1="24,52,71,121,43,21,61,92,134,85,27,53,18" hai2="23,86,17,69,46,66,112,135,47,95,19,90,22" hai3="123,84,62,15,111,56,25,87,8,133,37,38,5"/><U60/><E121/><V89/><F135/><W55/><G123/><T31/><D113/><U4/><E134/><V41/><F112/><W20/><G133/><T30/><D36/><U0/><E43/><V32/><F32/><W96/><G111/><T14/><D30/><U35/><E0/><V34/><F34/><W73/><G73/><T7/><D7/><U10/><E35/><V79/><F79/><W77/><G96/><T29/><D29/><U81/><E24/><V124/><F124/><W68/><G68/><T117/><D117/><U13/><E92/><V48/><F69/><W119/><G119/><T59/><D59/><U28/><E4/><V40/><F66/><W109/><G109/><T75/><D76/><N who="1" m="46247" /><E71/><V104/><F104/><W16/><REACH who="3" step="1"/><G87/><REACH who="3" ten="329,229,229,203" step="2"/><N who="0" m="52511" /><D100/><U11/><E11/><V101/><F101/><W132/><G132/><T54/><D97/><U98/><E98/><V114/><F114/><W128/><G128/><T99/><D99/><U49/><E53/><V103/><F103/><W108/><G108/><T33/><D102/><U50/><E52/><V129/><F129/><W64/><G64/><T74/><D107/><U44/><E44/><V80/><F46/><W120/><G120/><T106/><D106/><U58/><E58/><V127/><F41/><W130/><G130/><T6/><D74/><U122/><E122/><V118/><F118/><W67/><G67/><T93/><D54/><U1/><E1/><V110/><F110/><W63/><G63/><AGARI ba="0,1" hai="10,13,18,21,27,28,49,50,60,61,63" m="46247" machi="63" ten="30,5800,0" yaku="8,1,52,2" doraHai="45" who="1" fromWho="3" sc="329,0,229,68,229,0,203,-58" /><INIT seed="1,1,0,2,0,132" ten="329,297,229,145" oya="1" hai0="89,91,42,55,97,64,47,134,124,85,25,86,62" hai1="120,23,121,59,30,111,118,46,53,19,26,49,92" hai2="127,38,35,3,83,128,2,0,45,107,135,10,39" hai3="44,56,69,17,71,88,104,73,27,24,110,112,52"/><U63/><E118/><V31/><F135/><W79/><G112/><T115/><D124/><U29/><E111/><V6/><F128/><W126/><G104/><T20/><D134/><U43/><REACH who="1" step="1"/><E92/><REACH who="1" ten="329,287,229,145" step="2"/><V61/><F107/><W82/><G110/><T117/><D117/><U66/><E66/><V125/><F61/><W4/><G126/><N who="2" m="48137" /><F83/><W48/><G4/><T22/><D62/><U99/><E99/><V18/><F18/><W103/><G103/><T50/><D97/><U36/><E36/><N who="2" m="13867" /><F45/><W8/><G44/><T33/><D47/><U102/><E102/><V57/><F57/><W119/><G119/><T28/><D115/><U15/><E15/><V1/><F0/><W13/><REACH who="3" step="1"/><G88/><REACH who="3" ten="329,287,229,135" step="2"/><T114/><D91/><U133/><E133/><V123/><F123/><AGARI ba="1,2" hai="19,23,26,29,30,43,46,49,53,59,63,120,121,123" machi="123" ten="40,3900,0" yaku="1,1,53,1" doraHai="132" doraHaiUra="58" who="1" fromWho="2" sc="329,0,287,62,229,-42,135,0" /><INIT seed="1,2,0,2,1,135" ten="329,349,187,135" oya="1" hai0="99,112,110,35,6,129,68,33,0,131,66,37,65" hai1="10,120,28,108,4,60,123,1,125,61,96,13,117" hai2="122,11,116,114,77,49,59,119,55,81,79,85,124" hai3="36,127,67,86,133,41,83,91,106,63,100,21,76"/><U62/><E117/><V23/><F122/><W34/><G133/><T30/><D112/><U78/><E78/><V42/><F114/><W87/><G34/><N who="0" m="12811" /><D30/><U107/><E28/><V17/><F79/><W44/><G106/><T71/><D37/><U70/><E70/><N who="0" m="26665" /><D99/><U84/><E84/><V51/><F11/><W126/><G100/><T121/><D121/><U3/><E108/><V2/><F2/><W45/><G45/><T102/><D102/><U20/><E125/><N who="3" m="47626" /><G21/><T92/><D92/><U9/><E20/><V95/><F124/><W89/><G87/><T72/><D72/><U8/><E107/><V109/><F109/><W57/><AGARI ba="2,0" hai="36,41,44,57,63,67,76,83,86,89,91" m="47626" machi="57" ten="30,7900,0" yaku="18,1,52,3" doraHai="135" who="3" fromWho="3" sc="329,-22,349,-41,187,-22,135,85" /><INIT seed="2,0,0,0,0,20" ten="307,308,165,220" oya="2" hai0="55,36,123,10,103,133,80,88,69,49,18,131,73" hai1="79,16,91,111,17,2,35,119,68,126,8,115,112" hai2="84,37,19,54,57,117,113,89,24,0,26,124,43" hai3="128,71,28,4,48,76,74,116,127,97,118,120,22"/><V52/><F113/><W114/><G120/><T94/><D123/><U121/><E68/><V40/><F117/><W100/><G71/><T99/><D36/><U85/><E121/><V108/><F0/><W107/><G114/><T72/><D69/><U25/><E79/><V77/><F124/><W50/><G4/><T11/><D131/><U58/><E119/><V42/><F37/><W102/><G102/><T34/><D34/><U130/><E111/><V59/><F108/><W66/><G66/><T7/><D133/><U134/><E130/><V6/><F77/><W78/><G128/><T21/><D103/><U70/><E70/><V64/><F64/><W110/><G110/><T86/><D7/><U32/><E134/><V67/><F67/><W44/><G50/><T101/><D72/><U109/><E109/><V61/><F19/><W98/><G78/><T129/><D73/><U60/><E126/><V96/><F96/><W12/><G98/><T51/><D51/><U14/><E2/><V53/><F6/><W13/><G127/><T75/><D75/><U132/><E32/><V56/><F61/><W39/><G39/><T3/><D3/><U87/><E87/><V135/><F135/><W5/><G5/><T65/><D65/><N who="1" m="39063" /><E132/><V83/><AGARI ba="0,0" hai="24,26,40,42,43,52,53,54,56,57,59,83,84,89" machi="83" ten="40,18000,2" yaku="0,1,29,2,8,1,52,2,54,1" doraHai="20" who="2" fromWho="2" sc="307,-60,308,-60,165,180,220,-60" /><INIT seed="2,1,0,4,0,63" ten="247,248,345,160" oya="2" hai0="124,123,12,83,75,58,109,64,104,30,101,39,47" hai1="129,23,89,105,134,106,86,61,31,131,32,59,65" hai2="68,110,82,33,22,98,70,130,112,90,26,57,10" hai3="100,28,56,135,76,67,118,88,53,62,13,103,92"/><V21/><F112/><W3/><G118/><T11/><D123/><U99/><E32/><V74/><F33/><W121/><G3/><T25/><D109/><U114/><E114/><V128/><F10/><W81/><G121/><T42/><D124/><U73/><E73/><V20/><F26/><W27/><G135/><T117/><D117/><U85/><E134/><V37/><F37/><W48/><G13/><T45/><D45/><U4/><E4/><V125/><F125/><W71/><G81/><T66/><D58/><U19/><E31/><V72/><F57/><W8/><G76/><T36/><D36/><U46/><E46/><V120/><F120/><W93/><G93/><T18/><D101/><U108/><E108/><V52/><F110/><W51/><G51/><T84/><D75/><U122/><E122/><V126/><F126/><W113/><G8/><T1/><D104/><U49/><E49/><V69/><F98/><W14/><G14/><T111/><D1/><U6/><E6/><V77/><F74/><W60/><G48/><T79/><REACH who="0" step="1"/><D111/><REACH who="0" ten="237,248,345,160" step="2"/><U5/><E105/><V38/><F38/><W94/><G113/><T44/><D44/><U24/><E106/><V2/><F2/><W119/><G119/><T41/><D41/><U55/><E129/><V40/><F40/><W35/><REACH who="3" step="1"/><G94/><REACH who="3" ten="237,248,345,150" step="2"/><T78/><D78/><U29/><E131/><V95/><F130/><W97/><AGARI ba="1,2" hai="27,28,35,53,56,60,62,67,71,88,92,97,100,103" machi="97" ten="20,12000,2" yaku="1,1,2,1,0,1,7,1,52,1,54,1,53,0" doraHai="63" doraHaiUra="132" who="3" fromWho="3" sc="237,-31,248,-31,345,-61,150,143" /><INIT seed="3,0,0,4,5,70" ten="206,217,284,293" oya="3" hai0="11,89,72,126,33,93,77,75,65,100,81,108,71" hai1="97,73,120,56,46,69,95,45,78,60,99,2,106" hai2="42,98,102,67,115,57,3,28,58,94,62,85,48" hai3="103,37,117,36,79,82,91,68,135,40,20,9,131"/><W35/><G117/><T128/><D33/><U84/><E120/><V109/><F115/><W116/><G35/><T22/><D108/><U133/><E69/><V92/><F109/><W16/><G116/><T54/><D126/><U19/><E2/><V13/><F3/><W23/><G68/><T101/><D128/><U26/><E73/><V44/><F13/><W61/><G103/><T107/><D107/><U96/><E133/><V27/><F57/><W83/><G61/><T39/><D72/><U18/><E106/><V88/><F27/><W125/><G40/><T124/><D124/><U111/><E111/><V17/><F17/><N who="1" m="6153" /><E26/><V64/><F28/><W90/><G16/><T59/><D39/><U14/><E14/><V123/><F123/><W43/><G43/><T8/><D22/><U132/><E132/><V32/><F32/><W118/><G118/><T29/><D29/><U7/><E7/><V25/><F25/><W0/><G135/><T119/><D119/><U30/><E30/><V10/><F10/><W80/><G9/><N who="0" m="3659" /><D65/><AGARI ba="0,0" hai="42,44,48,58,62,64,65,67,85,88,92,94,98,102" machi="65" ten="30,3900,0" yaku="7,1,8,1,54,1" doraHai="70" who="2" fromWho="0" sc="206,-39,217,0,284,39,293,0" owari="167,-33.3,217,-18.3,323,42.3,293,9.3" /></mjloggm>