<mjloggm ver="2.3"><GO type="225" lobby="0"/><UN n0="%E5%84%AA%40%41%42%43" n1="%E5%A4%9C%E3%81%AE%E3%82%AC%E3%82%B9%E3%83%91%E3%83%BC%E3%83%AB" n2="%E6%9D%B1%E9%A2%A8%E3%81%AE%E3%81%8D%E3%82%83%E3%81%B7%E3%81%95%E3%82%93" n3="%2D%E8%B1%8A%E5%8F%A3%E3%82%81%E3%81%90%E3%81%BF%2D" dan="17,16,17,16" rate="2140.51,2151.31,2216.67,2123.12" sx="M,M,M,F"/><TAIKYOKU oya="0"/><INIT seed="0,0,0,1,4,28" ten="250,250,250,250" oya="0" hai0="34,2,91,8,121,115,16,50,9,84,12,94,63" hai1="47,6,81,42,95,92,59,88,52,29,114,86,45" hai2="99,17,78,66,124,127,128,132,102,32,119,89,67" hai3="39,77,13,21,122,61,44,109,0,54,120,40,70"/><T36/><D36/><U135/><E135/><V11/><F78/><W4/><G0/><T60/><D115/><U46/><E114/><V22/><F89/><W76/><G109/><T72/><D121/><N who="3" m="46697" /><G54/><T7/><D72/><U106/><E106/><V56/><F11/><N who="3" m="4327" /><G21/><T87/><D34/><U103/><E6/><V15/><F128/><W24/><G24/><T80/><REACH who="0" step="1"/><D50/><REACH who="0" ten="240,250,250,250" step="2"/><N who="1" m="26935" /><E29/><V131/><F131/><W55/><G70/><T79/><AGARI ba="0,1" hai="2,7,8,9,12,16,60,63,79,80,84,87,91,94" machi="79" ten="20,7800,0" yaku="1,1,0,1,7,1,54,1,53,0" doraHai="28" doraHaiUra="110" who="0" fromWho="0" sc="240,88,250,-26,250,-26,250,-26" /><INIT seed="0,1,0,3,0,66" ten="328,224,224,224" oya="0" hai0="62,80,106,57,7,76,37,90,88,109,114,54,78" hai1="79,12,130,127,51,68,64,83,0,129,22,53,113" hai2="104,120,25,40,81,1,30,118,29,59,36,112,91" hai3="2,105,10,14,110,5,74,102,65,103,70,27,69"/><T46/><D114/><U9/><E113/><V116/><F104/><W21/><G74/><T52/><D106/><U96/><E127/><V48/><F1/><W123/><G65/><T19/><D7/><U56/><E0/><V92/><F81/><W24/><G110/><T124/><D124/><U82/><E22/><V75/><F75/><W115/><G115/><T133/><D133/><U84/><E96/><V18/><F120/><W8/><G123/><T132/><D132/><U61/><REACH who="1" step="1"/><E83/><REACH who="1" ten="328,214,224,224" step="2"/><V26/><F112/><W13/><G2/><T6/><D109/><U73/><E73/><V16/><F118/><W42/><G105/><T38/><D38/><U85/><E85/><V45/><F116/><W89/><G21/><T50/><D37/><U28/><E28/><V23/><F36/><W44/><G103/><T98/><D80/><U100/><E100/><V122/><F122/><W47/><G102/><T15/><D98/><U20/><E20/><N who="2" m="15527" /><F59/><W35/><G35/><T97/><D97/><AGARI ba="1,1" hai="16,18,23,26,30,40,45,48,91,92,97" m="15527" machi="97" ten="30,2000,0" yaku="8,1,54,1" doraHai="66" who="2" fromWho="0" sc="328,-23,214,0,224,33,224,0" /><INIT seed="1,0,0,5,4,54" ten="305,214,257,224" oya="1" hai0="101,23,108,131,65,44,35,52,13,96,105,7,67" hai1="41,120,79,135,80,114,45,63,75,43,82,61,88" hai2="19,132,38,122,2,5,32,40,86,60,121,20,89" hai3="31,73,83,16,127,55,34,129,97,93,6,36,95"/><U15/><E114/><V119/><F40/><W9/><G127/><T3/><D35/><U112/><E112/><V113/><F38/><W74/><G36/><T51/><D3/><U49/><E120/><V130/><F60/><W116/><G129/><T90/><D131/><U18/><E43/><V59/><F59/><W66/><G66/><T104/><D104/><U76/><E135/><V102/><F102/><W28/><G95/><T100/><D108/><U85/><REACH who="1" step="1"/><E79/><REACH who="1" ten="305,204,257,224" step="2"/><V77/><F132/><W84/><G116/><T68/><D68/><U111/><E111/><V58/><F77/><W109/><G109/><T87/><D101/><U98/><E98/><V81/><F113/><W29/><G97/><T62/><D96/><U71/><E71/><V110/><F119/><W11/><G34/><T24/><D100/><U123/><E123/><V17/><F32/><W50/><G74/><T10/><D105/><U22/><AGARI ba="0,1" hai="15,18,22,41,45,49,61,63,75,76,80,82,85,88" machi="22" ten="20,7800,0" yaku="1,1,0,1,7,1,54,1,53,0" doraHai="54" doraHaiUra="128" who="1" fromWho="1" sc="305,-26,204,88,257,-26,224,-26" /><INIT seed="1,1,0,5,2,31" ten="279,292,231,198" oya="1" hai0="56,114,132,26,101,68,109,77,126,69,64,41,2" hai1="20,59,4,128,122,66,127,111,7,37,80,51,123" hai2="124,44,105,79,81,55,17,96,46,116,117,45,95" hai3="135,57,134,61,10,48,11,108,63,74,70,103,88"/><U131/><E37/><V87/><F124/><W14/><G74/><T16/><D114/><U15/><E127/><V19/><F105/><W86/><G103/><T115/><D115/><U24/><E111/><V62/><F117/><W98/><G98/><T5/><D126/><U99/><E80/><V118/><F118/><W58/><G48/><T65/><D101/><U8/><E7/><V97/><F116/><W83/><G108/><T52/><D41/><U85/><E85/><V106/><F106/><W75/><G75/><T43/><D43/><U42/><E99/><N who="2" m="37963" /><F95/><W38/><G38/><T100/><D100/><U82/><E82/><V6/><F6/><W84/><G70/><T3/><D69/><U89/><E89/><V112/><F112/><W130/><G130/><N who="1" m="49706" /><E66/><V21/><F21/><W92/><G135/><T71/><D65/><U72/><E72/><V29/><F29/><W129/><G134/><T50/><D77/><U60/><E60/><N who="3" m="23114" /><G129/><T34/><D132/><U104/><E104/><V73/><F73/><W133/><G133/><T22/><D109/><U35/><E123/><V125/><F125/><W120/><G120/><T110/><D110/><U121/><E121/><V36/><F36/><W53/><G86/><T91/><D64/><U107/><E107/><V39/><F39/><W78/><G83/><T0/><D91/><U32/><E122/><V90/><F90/><W9/><G78/><T94/><D94/><U23/><E23/><V119/><F119/><W49/><G58/><AGARI ba="1,0" hai="17,19,44,45,46,55,58,62,79,81,87" m="37963" machi="58" ten="30,1000,0" yaku="8,1" doraHai="31" who="2" fromWho="3" sc="279,0,292,0,231,13,198,-13" /><INIT seed="2,0,0,4,0,59" ten="279,292,244,185" oya="2" hai0="122,43,109,80,76,107,134,81,105,93,51,60,33" hai1="15,104,77,7,1,30,41,50,83,6,68,9,32" hai2="65,36,120,69,24,53,45,8,44,113,21,4,42" hai3="16,35,126,84,48,98,88,64,5,14,18,100,10"/><V39/><F120/><W130/><G126/><T135/><D33/><U111/><E104/><N who="0" m="40009" /><D43/><U58/><E111/><V99/><F113/><W87/><G130/><T26/><D51/><U56/><E7/><V129/><F99/><W94/><G35/><T110/><D26/><N who="1" m="18519" /><E68/><V123/><F123/><W115/><G115/><T103/><D122/><U119/><E1/><V78/><F78/><W19/><G100/><T133/><D60/><U38/><E38/><V96/><F96/><W28/><G28/><T63/><D63/><U118/><E58/><V70/><F129/><W125/><G125/><T62/><D62/><U92/><E56/><V49/><F65/><W57/><REACH who="3" step="1"/><G64/><REACH who="3" ten="279,292,244,175" step="2"/><T29/><D29/><U31/><E31/><V102/><F102/><W117/><G117/><T25/><D109/><U40/><E118/><V17/><REACH who="2" step="1"/><F36/><REACH who="2" ten="279,292,234,175" step="2"/><W3/><G3/><AGARI ba="0,2" hai="3,4,8,17,21,24,39,42,44,45,49,53,69,70" machi="3" ten="30,5800,0" yaku="1,1,2,1,7,1,53,0" doraHai="59" doraHaiUra="75" who="2" fromWho="3" sc="279,0,292,0,234,78,175,-58" /><INIT seed="2,1,0,5,0,112" ten="279,292,312,117" oya="2" hai0="55,91,62,118,116,106,66,94,20,32,63,115,107" hai1="114,30,101,47,85,4,39,38,54,25,13,59,35" hai2="15,11,33,109,0,121,89,68,18,95,97,60,90" hai3="2,16,27,43,71,87,26,127,83,36,110,73,78"/><V46/><F33/><W7/><G110/><T117/><D115/><U126/><E114/><V103/><F121/><W6/><G127/><T56/><D32/><U45/><E126/><V98/><F109/><W125/><G125/><T17/><D63/><U70/><E70/><V44/><F0/><W65/><G87/><N who="0" m="52607" /><D55/><U102/><E85/><V22/><F89/><W76/><G76/><T61/><D61/><U41/><E13/><AGARI ba="1,0" hai="13,17,20,56,62,66,106,107,116,117,118" m="52607" machi="13" ten="30,7700,0" yaku="12,1,52,3" doraHai="112" who="0" fromWho="1" sc="279,80,292,-80,312,0,117,0" /><INIT seed="3,0,0,1,3,45" ten="359,212,312,117" oya="3" hai0="131,84,100,130,74,124,59,19,106,69,120,34,18" hai1="44,107,77,91,20,64,101,105,90,94,111,3,54" hai2="6,32,1,22,68,70,92,79,126,119,52,122,36" hai3="102,76,89,67,135,11,15,33,2,21,31,46,75"/><W48/><G135/><T78/><D69/><U56/><E3/><V128/><F32/><W98/><G33/><T47/><D120/><U29/><E111/><V133/><F36/><W39/><G67/><T83/><D34/><U10/><E77/><V121/><F79/><W108/><G108/><T65/><D47/><U117/><E10/><V71/><F119/><W42/><G89/><T118/><D124/><U4/><E4/><V27/><F92/><W7/><G39/><T17/><D84/><U49/><E117/><V103/><F103/><W109/><G109/><T26/><D26/><N who="1" m="16583" /><E107/><V8/><F133/><W104/><G31/><T25/><D25/><U23/><E23/><V86/><F86/><W73/><REACH who="3" step="1"/><G76/><REACH who="3" ten="359,212,312,107" step="2"/><T66/><D118/><U14/><E91/><V95/><F122/><W134/><G134/><T125/><D66/><U28/><E28/><V127/><F121/><W12/><G12/><T16/><D65/><U88/><E14/><V43/><F127/><W38/><G38/><T61/><D125/><U0/><E88/><V82/><F126/><W112/><G112/><T41/><D78/><U123/><E123/><V53/><F1/><W81/><G81/><T57/><D83/><U30/><E30/><V116/><F82/><W113/><G113/><T93/><D100/><U85/><E0/><V58/><F116/><W55/><G55/><T80/><D80/><U5/><E101/><V40/><F53/><W87/><G87/><T9/><D41/><U99/><E85/><V60/><F40/><W114/><G114/><T110/><D110/><U132/><E132/><RYUUKYOKU ba="0,1" sc="359,-10,212,-10,312,-10,107,30" hai3="2,7,11,15,21,42,46,48,73,75,98,102,104" /><INIT seed="3,1,1,0,0,73" ten="349,202,302,137" oya="3" hai0="74,33,97,66,32,72,57,36,62,98,88,103,5" hai1="75,131,60,114,127,84,51,93,12,117,59,133,56" hai2="27,119,48,124,30,109,87,82,50,4,83,105,49" hai3="118,61,80,47,34,85,43,123,129,130,65,90,1"/><W100/><G123/><T19/><D36/><U21/><E114/><V86/><F105/><W106/><G118/><T95/><D5/><U35/><E35/><V76/><F119/><W112/><G1/><T121/><D121/><U69/><E75/><V14/><F109/><W81/><G34/><T28/><D33/><U38/><E38/><V37/><F37/><W67/><G112/><T15/><D28/><U96/><E117/><V13/><F124/><W101/><G80/><T0/><D0/><U22/><E127/><V132/><F132/><W11/><G11/><T8/><D32/><U125/><E125/><V24/><F4/><W128/><G106/><AGARI ba="1,1" hai="8,15,19,57,62,66,72,74,88,95,97,98,103,106" machi="106" ten="30,2000,0" yaku="7,1,54,1" doraHai="73" who="0" fromWho="3" sc="349,33,202,0,302,0,137,-23" owari="382,48.2,202,-19.8,302,10.2,114,-38.6" /></mjloggm>