<mjloggm ver="2.3"><GO type="225" lobby="0"/><UN n0="%33%74%72%65%65" n1="%E9%97%98%E5%B0%86%E3%81%A0%E3%82%93%E3%81%A7%E3%81%83" n2="%6D%75%75%73%61%6E%6D%75" n3="%E3%81%B5%E3%81%98%E3%81%8B%E3%81%A4" dan="16,16,16,16" rate="2126.61,2127.45,2112.06,2183.38" sx="F,M,F,M"/><TAIKYOKU oya="0"/><INIT seed="0,0,0,4,4,107" ten="250,250,250,250" oya="0" hai0="67,72,105,78,64,14,131,7,10,25,97,63,129" hai1="16,11,33,128,50,18,124,96,4,71,82,69,6" hai2="58,32,76,115,42,51,66,70,87,122,48,47,113" hai3="123,81,20,23,104,31,34,98,43,75,73,74,89"/><T130/><D25/><U94/><E33/><V35/><F122/><W24/><G123/><T41/><D41/><U8/><E128/><V132/><F132/><W12/><G43/><T49/><D49/><U116/><E116/><V92/><F51/><W5/><G5/><T38/><D38/><U62/><E124/><V134/><F134/><W15/><G81/><N who="0" m="45255" /><D63/><U9/><E82/><V112/><F70/><W60/><G60/><T46/><D46/><U28/><E28/><V99/><F66/><N who="0" m="25130" /><D97/><U45/><E62/><V95/><F58/><W126/><G126/><T83/><D83/><U121/><E121/><V77/><F95/><W88/><G20/><T56/><D105/><U39/><E39/><V106/><F106/><W119/><G119/><T3/><D56/><U120/><E120/><V85/><F77/><W37/><G37/><T30/><D30/><U57/><E57/><V101/><REACH who="2" step="1"/><F76/><REACH who="2" ten="250,250,240,250" step="2"/><W79/><G79/><T53/><D53/><U80/><E71/><V118/><F118/><W102/><REACH who="3" step="1"/><G34/><AGARI ba="0,1" hai="32,34,35,42,47,48,85,87,92,99,101,112,113,115" machi="34" ten="50,1600,0" yaku="1,1,53,0" doraHai="107" doraHaiUra="21" who="2" fromWho="3" sc="250,0,250,0,240,26,250,-16" /><INIT seed="1,0,0,2,0,74" ten="250,250,266,234" oya="1" hai0="90,82,55,107,94,77,17,104,49,10,61,64,57" hai1="102,79,67,81,122,58,119,118,65,66,76,39,15" hai2="28,78,99,5,106,1,91,6,46,129,43,100,50" hai3="75,109,135,113,56,16,19,63,33,30,59,126,72"/><U60/><E122/><V114/><F129/><W36/><G113/><T37/><D37/><U84/><E39/><V26/><F114/><W92/><G36/><T130/><D130/><U115/><E115/><V70/><F70/><W125/><G109/><T73/><D10/><U45/><E119/><V13/><F1/><W93/><G33/><T7/><D7/><U68/><E118/><V132/><F91/><W47/><G30/><T27/><D27/><U133/><E133/><V123/><F123/><W85/><G85/><T11/><D11/><U38/><E102/><V44/><F132/><W48/><G135/><T41/><D17/><N who="3" m="6729" /><G72/><T20/><D41/><U97/><E97/><V134/><F134/><W120/><G120/><T14/><D20/><U88/><E15/><V24/><F13/><W111/><G75/><T128/><D14/><U103/><E103/><V21/><F26/><W127/><G111/><T108/><D108/><U40/><REACH who="1" step="1"/><E68/><REACH who="1" ten="250,240,266,234" step="2"/><V52/><F100/><W80/><G126/><T98/><REACH who="0" step="1"/><D128/><REACH who="0" ten="240,240,266,234" step="2"/><U124/><E124/><V35/><F24/><W23/><G127/><T18/><D18/><U89/><E89/><V110/><F110/><W12/><G12/><T62/><D62/><U2/><E2/><V4/><F28/><W83/><G63/><T42/><D42/><U3/><E3/><V71/><F43/><W51/><G125/><T112/><D112/><U131/><E131/><V86/><F71/><AGARI ba="0,2" hai="49,55,57,61,64,71,73,77,82,90,94,98,104,107" machi="71" ten="30,7700,0" yaku="1,1,7,1,52,1,53,1" doraHai="74" doraHaiUra="105" who="0" fromWho="2" sc="240,97,240,0,266,-77,234,0" /><INIT seed="2,0,0,0,5,86" ten="337,240,189,234" oya="2" hai0="51,48,38,19,110,54,74,36,41,122,118,26,33" hai1="87,101,102,21,1,17,65,67,75,22,82,29,104" hai2="55,20,116,99,10,127,61,95,113,16,50,71,120" hai3="45,69,32,100,130,105,103,117,3,39,121,119,112"/><V77/><F113/><W106/><RYUUKYOKU type="yao9" ba="0,0" sc="337,0,240,0,189,0,234,0" hai3="3,32,39,45,69,100,103,105,106,112,117,119,121,130" /><INIT seed="2,1,0,2,1,42" ten="337,240,189,234" oya="2" hai0="82,104,1,14,74,53,76,73,2,31,60,36,131" hai1="108,21,29,126,121,102,62,134,122,50,34,85,83" hai2="64,79,115,43,128,106,5,11,120,66,40,109,107" hai3="133,99,20,80,77,19,16,78,101,59,4,33,61"/><V114/><F120/><W0/><G133/><T113/><D113/><U55/><E134/><V65/><F128/><W23/><G33/><T119/><D131/><U56/><E34/><V67/><N who="2" m="16384" /><DORA hai="70" /><V127/><F127/><W63/><G0/><T129/><D74/><U72/><E72/><V110/><F79/><W89/><G4/><T3/><D104/><N who="2" m="39978" /><F11/><W94/><G78/><T100/><D76/><U45/><E126/><V28/><F28/><W41/><G41/><N who="2" m="15945" /><F5/><W35/><G35/><T37/><D31/><U125/><E29/><V111/><AGARI ba="1,0" hai="109,110,111,114,115" m="15945,39978,16384" machi="111" ten="60,12000,1" yaku="28,2,14,1,10,1" doraHai="42,70" who="2" fromWho="2" sc="337,-41,240,-41,189,123,234,-41" /><INIT seed="2,2,0,1,1,76" ten="296,199,312,193" oya="2" hai0="52,30,70,123,59,86,102,126,47,128,116,107,93" hai1="89,40,43,35,41,100,1,6,68,60,11,125,39" hai2="130,46,37,73,111,82,74,127,18,3,113,26,80" hai3="95,99,58,90,62,131,16,29,8,109,108,36,15"/><V110/><F113/><W92/><G36/><T0/><D123/><U104/><E125/><V21/><F127/><W24/><G131/><T122/><D122/><U87/><E35/><V67/><F130/><W33/><REACH who="3" step="1"/><G95/><REACH who="3" ten="296,199,312,183" step="2"/><T27/><D128/><U19/><E39/><V106/><F37/><W88/><G88/><T2/><D93/><U9/><E104/><V120/><F106/><W25/><G25/><T81/><D27/><U56/><E100/><V79/><F120/><W134/><G134/><T17/><D102/><U118/><E118/><V135/><F135/><W96/><G96/><T54/><D116/><U105/><E105/><V101/><F101/><W75/><G75/><T84/><D126/><U132/><E132/><V129/><F129/><W49/><G49/><T71/><D107/><U4/><E89/><V64/><F74/><W85/><G85/><T112/><D86/><U22/><E87/><V55/><F73/><W28/><G28/><T48/><D84/><U23/><E68/><V77/><F77/><W121/><G121/><T51/><D70/><U63/><E63/><V42/><F79/><W103/><G103/><T94/><D71/><U91/><E91/><V72/><F72/><W20/><G20/><T44/><D51/><U57/><E60/><V34/><F21/><W97/><G97/><T115/><D48/><U83/><E23/><V53/><F26/><W117/><G117/><T133/><D133/><U98/><E98/><V114/><F34/><W7/><G7/><T5/><D5/><U124/><E124/><V12/><F114/><W31/><G31/><RYUUKYOKU ba="2,1" sc="296,-10,199,-10,312,-10,183,30" hai3="8,15,16,24,29,33,58,62,90,92,99,108,109" /><INIT seed="3,3,1,4,1,119" ten="286,189,302,213" oya="3" hai0="73,95,121,113,125,75,108,70,58,14,56,66,35" hai1="12,43,111,98,45,79,134,117,50,57,25,30,72" hai2="122,46,69,4,36,38,116,3,109,51,123,8,40" hai3="120,32,24,83,65,88,19,52,128,126,127,22,76"/><W103/><G65/><T48/><D121/><N who="2" m="46090" /><F116/><W60/><G120/><T106/><D106/><U5/><E117/><V10/><F109/><W85/><G128/><T1/><D1/><U53/><E111/><V59/><F69/><W82/><G103/><T11/><D108/><U44/><E134/><V135/><F135/><W105/><G105/><T41/><D35/><U61/><E98/><V81/><F81/><W110/><G32/><T112/><D70/><U55/><E72/><V101/><F101/><W71/><G71/><T15/><D73/><U80/><E80/><V7/><F59/><N who="3" m="34919" /><G110/><T90/><D75/><U6/><E79/><V99/><F99/><W0/><G82/><T114/><D56/><U68/><E68/><V49/><F38/><W107/><G107/><T104/><D104/><U74/><E74/><V118/><F118/><W39/><G39/><T29/><D114/><U37/><REACH who="1" step="1"/><E12/><AGARI ba="3,1" hai="3,4,7,8,10,12,36,40,46,49,51" m="46090" machi="12" ten="30,7700,0" yaku="13,1,52,3" doraHai="119" who="2" fromWho="1" sc="286,0,189,-86,302,96,213,0" owari="286,8.6,103,-39.7,398,49.8,213,-18.7" /></mjloggm>