<mjloggm ver="2.3"><GO type="225" lobby="0"/><UN n0="%E3%83%A9%E3%82%A4%E3%83%B3%E3%81%AE%E8%99%8E" n1="%E4%BF%BA%E3%81%A8%E5%A6%96%E5%A4%A2" n2="%6B%79%6F%6E%6B%6F%31%31" n3="%72%69%6F%75%63%68%61%6E" dan="16,16,16,16" rate="2061.29,2126.65,2131.70,2197.29" sx="M,F,M,M"/><TAIKYOKU oya="0"/><INIT seed="0,0,0,4,0,35" ten="250,250,250,250" oya="0" hai0="126,39,111,104,59,84,72,4,9,1,114,98,10" hai1="123,75,28,115,117,15,113,69,94,60,71,16,23" hai2="29,102,100,85,121,101,49,131,52,135,88,129,21" hai3="118,112,63,43,125,58,19,27,38,30,48,12,46"/><T86/><D114/><N who="1" m="43531" /><E117/><V67/><F121/><W55/><G112/><T116/><D116/><U99/><E123/><V22/><F67/><W31/><G118/><T133/><D72/><U2/><E75/><V17/><F29/><W95/><G125/><T14/><D126/><U107/><E107/><V119/><F135/><W24/><G95/><T128/><D133/><U92/><E92/><N who="2" m="54287" /><F119/><W64/><G30/><T76/><D39/><U91/><E28/><V11/><F11/><W132/><G31/><T32/><D32/><U68/><E2/><V65/><F65/><AGARI ba="0,0" hai="15,16,23,60,65,68,69,71,91,94,99" m="43531" machi="65" ten="30,2000,0" yaku="11,1,54,1" doraHai="35" who="1" fromWho="2" sc="250,0,250,20,250,-20,250,0" /><INIT seed="1,0,0,2,4,70" ten="250,270,230,250" oya="1" hai0="123,129,90,84,69,108,28,29,127,75,121,104,72" hai1="94,73,105,36,9,38,130,39,71,53,134,16,93" hai2="43,26,63,80,117,31,2,25,78,125,68,97,122" hai3="22,57,101,58,77,44,19,54,17,1,27,48,110"/><U51/><E105/><V119/><F122/><N who="0" m="46602" /><D69/><U21/><E71/><V128/><F125/><W118/><G110/><T96/><D108/><U76/><E130/><V60/><F2/><W99/><G118/><T13/><D13/><U61/><E134/><V52/><F128/><W98/><G1/><T18/><D18/><U40/><E9/><V3/><F3/><W135/><G135/><T33/><D129/><U45/><E76/><V95/><F43/><W74/><G17/><T32/><D127/><U55/><E73/><N who="0" m="28233" /><D96/><U133/><E133/><V5/><F5/><W126/><G126/><T87/><D104/><U7/><E7/><V83/><F68/><W113/><G113/><T59/><D59/><U23/><E23/><N who="2" m="15807" /><F117/><W109/><G109/><T85/><D90/><U132/><E132/><V91/><F78/><W116/><G116/><T14/><D14/><U4/><E4/><V49/><F26/><W46/><G77/><T30/><AGARI ba="0,0" hai="28,29,30,32,33,84,85,87" m="28233,46602" machi="30" ten="40,5200,0" yaku="28,2,13,1" doraHai="70" who="0" fromWho="0" sc="250,52,270,-26,230,-13,250,-13" /><INIT seed="2,0,0,1,3,6" ten="302,244,217,237" oya="2" hai0="114,98,89,37,13,110,34,19,44,42,50,92,47" hai1="18,38,41,128,4,64,90,78,46,93,12,85,54" hai2="82,99,59,84,55,134,72,125,101,107,120,112,108" hai3="96,16,31,43,102,8,26,116,103,105,48,20,106"/><V73/><F112/><W109/><G116/><T124/><D110/><U132/><E128/><V51/><F120/><W23/><G109/><T32/><D124/><U69/><E132/><V1/><F108/><W22/><G43/><T95/><D114/><U122/><E122/><V126/><F1/><W133/><G133/><T10/><REACH who="0" step="1"/><D95/><REACH who="0" ten="292,244,217,237" step="2"/><U121/><E121/><V40/><F134/><W129/><G129/><T7/><D7/><U91/><E4/><V115/><F115/><W87/><G106/><T88/><D88/><U3/><E90/><V71/><F71/><W74/><G103/><T123/><D123/><U113/><E113/><V79/><REACH who="2" step="1"/><F40/><AGARI ba="0,1" hai="10,13,19,32,34,37,40,42,44,47,50,89,92,98" machi="40" ten="30,3900,0" yaku="1,1,7,1,52,1,53,0" doraHai="6" doraHaiUra="97" who="0" fromWho="2" sc="292,49,244,0,217,-39,237,0" /><INIT seed="3,0,0,2,4,15" ten="341,244,178,237" oya="3" hai0="132,55,36,126,22,77,94,49,84,37,56,10,96" hai1="76,17,16,47,7,124,108,70,4,43,117,1,62" hai2="116,60,92,73,135,99,129,111,61,41,24,83,44" hai3="109,103,58,131,120,101,52,134,82,71,125,91,72"/><W68/><G120/><T100/><D126/><U107/><E107/><V40/><F111/><W85/><G125/><T2/><D132/><U32/><E32/><V8/><F135/><W88/><G134/><T113/><D113/><U54/><E124/><V127/><F127/><W9/><G109/><T31/><D31/><U81/><E108/><V98/><F129/><W112/><G112/><T133/><D22/><U11/><E4/><V65/><F116/><W104/><G104/><T95/><D133/><U119/><E54/><V14/><F24/><W97/><G72/><T29/><D29/><U23/><E23/><V105/><F105/><W128/><G9/><T30/><D30/><U110/><E110/><V74/><F41/><W87/><G97/><T89/><D77/><U34/><E34/><V80/><F99/><W122/><G122/><T46/><D56/><U78/><E78/><V67/><F73/><W63/><G68/><T53/><D53/><U18/><E62/><V0/><F0/><W35/><G71/><T42/><D42/><U33/><E70/><V75/><F74/><W21/><G35/><T26/><D26/><U66/><E66/><V90/><F75/><W115/><G115/><T20/><D20/><U121/><E33/><V93/><F93/><N who="3" m="54415" /><G21/><T51/><D51/><N who="1" m="27135" /><E121/><V64/><F61/><W106/><G106/><T25/><D25/><U12/><E1/><V118/><F60/><W27/><G27/><T57/><D2/><U79/><E79/><V48/><F118/><W45/><G63/><N who="0" m="36287" /><D10/><U39/><E39/><V3/><F3/><W130/><G130/><RYUUKYOKU ba="0,0" sc="341,10,244,10,178,10,237,-30" hai0="36,37,46,49,84,89,94,95,96,100" hai1="7,11,12,16,17,18,76,81,117,119" hai2="8,14,40,44,48,64,65,67,80,83,90,92,98" owari="351,45.1,254,5.4,188,-31.2,207,-19.3" /></mjloggm>