<mjloggm ver="2.3"><GO type="225" lobby="0"/><UN n0="%E6%B4%BE%E9%81%A3%E3%81%AE%E3%82%B8%E3%83%A3%E3%83%83%E3%82%AF" n1="%72%69%6F%75%63%68%61%6E" n2="%70%68%65%6E%6F%6D%65" n3="%E3%82%BC%E3%83%AB%E3%83%80%E3%81%AE%E4%BC%9D%E8%AA%AC" dan="16,17,16,16" rate="2148.66,2259.15,2149.53,2143.47" sx="M,M,M,M"/><TAIKYOKU oya="0"/><INIT seed="0,0,0,2,2,81" ten="250,250,250,250" oya="0" hai0="38,119,68,134,86,94,16,36,114,107,135,84,124" hai1="57,120,64,28,2,3,54,85,25,98,69,97,49" hai2="72,26,104,111,106,75,52,8,95,18,29,132,92" hai3="91,128,56,109,87,93,21,33,42,20,47,53,125"/><T100/><D119/><U130/><E130/><V10/><F111/><W71/><G109/><T67/><D114/><U60/><E120/><V34/><F132/><N who="0" m="50730" /><D124/><U12/><E12/><V88/><F95/><W39/><G125/><T70/><D107/><U74/><E74/><V101/><F75/><W83/><G128/><T37/><D16/><U15/><E15/><V44/><F72/><W129/><G129/><T121/><D121/><U79/><E79/><V35/><F35/><W9/><G33/><T89/><D100/><U126/><E126/><V14/><F101/><W4/><G71/><N who="0" m="27179" /><D67/><U31/><E31/><V17/><F10/><W66/><G66/><T113/><D113/><U76/><E98/><AGARI ba="0,0" hai="36,37,38,84,86,89,94,98" m="27179,50730" machi="98" ten="40,7700,0" yaku="20,1,52,2" doraHai="81" who="0" fromWho="1" sc="250,77,250,-77,250,0,250,0" /><INIT seed="0,1,0,1,3,85" ten="327,173,250,250" oya="0" hai0="44,114,101,72,14,115,25,1,62,20,55,5,39" hai1="118,110,60,3,90,125,7,69,95,108,26,21,38" hai2="63,84,109,131,43,68,79,133,11,112,47,66,80" hai3="70,81,33,49,73,117,74,35,34,119,103,86,82"/><T105/><D1/><U53/><E118/><V132/><F112/><W124/><G70/><T64/><D72/><U97/><E125/><V88/><F109/><N who="1" m="42089" /><E38/><V51/><F131/><W104/><G124/><T135/><D135/><N who="2" m="51786" /><F11/><W17/><G49/><T77/><D77/><AGARI ba="1,0" hai="43,47,51,63,66,68,77,79,80,84,88" m="51786" machi="77" ten="30,3900,0" yaku="20,1,52,1,54,1" doraHai="85" who="2" fromWho="0" sc="327,-42,173,0,250,42,250,0" /><INIT seed="1,0,0,2,5,4" ten="285,173,292,250" oya="1" hai0="84,89,30,126,129,102,22,104,16,90,37,76,110" hai1="41,109,130,115,1,7,27,25,51,116,68,56,44" hai2="123,111,95,103,106,33,75,133,21,77,8,43,64" hai3="9,97,47,74,83,118,48,38,127,32,28,6,23"/><U93/><E115/><V96/><F123/><W70/><G70/><T82/><D37/><U0/><E116/><V66/><F33/><W63/><G118/><T58/><D110/><U20/><E68/><V24/><F111/><W42/><G127/><T119/><D119/><U18/><E109/><V98/><F133/><W117/><G117/><T107/><D126/><U61/><E130/><V131/><F131/><W124/><G124/><T73/><D30/><U62/><E62/><V36/><F77/><N who="3" m="44471" /><G48/><T26/><D129/><U3/><E93/><V71/><F75/><W17/><G97/><T46/><D46/><U78/><E78/><V13/><F43/><W40/><G40/><T85/><D58/><U81/><E81/><V53/><F53/><W52/><G32/><T105/><REACH who="0" step="1"/><D102/><REACH who="0" ten="275,173,292,250" step="2"/><U132/><E132/><V94/><F36/><W54/><G28/><T86/><AGARI ba="0,1" hai="16,22,26,73,76,82,84,85,86,89,90,104,105,107" machi="86" ten="40,8000,1" yaku="1,1,2,1,0,1,54,1,53,0" doraHai="4" doraHaiUra="88" who="0" fromWho="0" sc="275,90,173,-40,292,-20,250,-20" /><INIT seed="2,0,0,5,4,25" ten="365,133,272,230" oya="2" hai0="61,72,89,42,51,1,92,31,7,121,69,70,88" hai1="36,8,22,75,37,77,124,68,35,103,98,17,133" hai2="0,39,6,28,119,66,21,132,29,108,16,56,80" hai3="135,60,41,24,115,81,23,118,116,59,83,19,84"/><V46/><F119/><W57/><G135/><T73/><D121/><U40/><E124/><V44/><F132/><W58/><G115/><T94/><D7/><U4/><E133/><V85/><F108/><W109/><G109/><T34/><D1/><U62/><E35/><V122/><F122/><W97/><G41/><T134/><D134/><U45/><E77/><N who="2" m="46223" /><F6/><W54/><G83/><T105/><D105/><U127/><E127/><V20/><F39/><W10/><G10/><T114/><D114/><U117/><E75/><V53/><F21/><W65/><G97/><T95/><D51/><U79/><E79/><V67/><F0/><W102/><G102/><T30/><D42/><U111/><E111/><V110/><F110/><W47/><G47/><N who="2" m="17961" /><F66/><W125/><G125/><T91/><D34/><U104/><E117/><V128/><F67/><W48/><REACH who="3" step="1"/><G57/><REACH who="3" ten="365,133,272,220" step="2"/><T12/><D70/><U9/><E36/><V43/><F43/><W49/><G49/><T26/><D69/><U87/><E87/><V112/><F112/><W27/><G27/><T14/><D26/><U32/><E32/><V107/><F107/><W78/><AGARI ba="0,1" hai="19,23,24,48,54,58,59,60,65,78,81,84,116,118" machi="78" ten="20,2700,0" yaku="1,1,0,1,7,1,53,0" doraHai="25" doraHaiUra="71" who="3" fromWho="3" sc="365,-7,133,-7,272,-13,220,37" /><INIT seed="3,0,0,1,0,2" ten="358,126,259,257" oya="3" hai0="43,35,78,37,99,76,49,52,13,51,132,21,131" hai1="93,47,59,108,114,124,74,57,45,40,62,3,85" hai2="10,94,81,87,113,39,79,33,70,11,18,118,120" hai3="31,63,19,0,119,24,15,102,27,54,56,110,112"/><W130/><G112/><T72/><D35/><U105/><E114/><V116/><F39/><W96/><G119/><T50/><D72/><U98/><E124/><V26/><F113/><W9/><G130/><T82/><D132/><U129/><E129/><V125/><F125/><W97/><G110/><T88/><D131/><U71/><E108/><V67/><F67/><W104/><G31/><T1/><D1/><U121/><E121/><V14/><F70/><W86/><G0/><T123/><D37/><U107/><E74/><V20/><F120/><W92/><REACH who="3" step="1"/><G86/><REACH who="3" ten="358,126,259,247" step="2"/><N who="0" m="50263" /><D123/><U106/><E3/><V23/><F33/><W58/><G58/><T66/><D43/><U38/><E85/><N who="2" m="48319" /><F116/><W128/><G128/><T4/><D76/><U122/><E122/><V5/><F118/><W29/><G29/><T32/><D78/><U30/><E30/><N who="2" m="17735" /><F5/><W89/><AGARI ba="0,1" hai="9,15,19,24,27,54,56,63,89,92,96,97,102,104" machi="89" ten="20,3900,0" yaku="1,1,0,1,7,1,53,0" doraHai="2" doraHaiUra="64" who="3" fromWho="3" sc="358,-13,126,-13,259,-13,247,49" /><INIT seed="3,1,0,4,5,90" ten="345,113,246,296" oya="3" hai0="10,68,40,18,127,56,116,130,103,31,92,47,5" hai1="99,33,82,12,94,43,13,101,81,66,135,107,35" hai2="23,67,106,134,26,113,77,50,6,20,79,11,128" hai3="49,78,97,19,69,98,16,21,4,41,105,111,72"/><W29/><G69/><T112/><D116/><U124/><E124/><V87/><F113/><W131/><G131/><T37/><D68/><U8/><E135/><V93/><F106/><W32/><G32/><T114/><D130/><U55/><E43/><V51/><F128/><W73/><G4/><T85/><D31/><U42/><E42/><V14/><F67/><W125/><G125/><T1/><D127/><U45/><E66/><V57/><F134/><W34/><G34/><T61/><D18/><U129/><E129/><V95/><F23/><W119/><G119/><T126/><D126/><U27/><E107/><V75/><F75/><W53/><G41/><T64/><D85/><U115/><E115/><N who="0" m="44073" /><D92/><N who="2" m="35402" /><F57/><N who="3" m="32943" /><G72/><T100/><AGARI ba="1,0" hai="1,5,10,37,40,47,56,61,64,100,103" m="44073" machi="100" ten="30,1100,0" yaku="11,1" doraHai="90" who="0" fromWho="0" sc="345,14,113,-4,246,-4,296,-6" owari="359,45.9,109,-39.1,242,-15.8,290,9.0" /></mjloggm>