<mjloggm ver="2.3"><GO type="225" lobby="0"/><UN n0="%E2%98%86%E5%AD%AB%E7%87%95%E5%A7%BF%E2%98%86" n1="%E3%80%93%E3%81%97%E3%83%BC%E3%82%89%E3%80%93" n2="%E6%B0%B7%E5%B7%9D%E9%87%8C%E5%A5%88" n3="%EF%BC%AE%EF%BC%A1%EF%BC%AF%33%33%39" dan="16,16,16,17" rate="2192.74,2131.77,2088.13,2178.53" sx="M,M,F,M"/><TAIKYOKU oya="0"/><INIT seed="0,0,0,0,3,84" ten="250,250,250,250" oya="0" hai0="43,68,54,37,41,120,28,50,95,56,31,89,8" hai1="90,1,124,61,104,71,123,46,132,107,128,129,40" hai2="11,30,79,125,16,76,70,121,83,4,14,134,52" hai3="32,77,122,72,74,101,35,112,45,80,127,85,67"/><T88/><D120/><U75/><E1/><V49/><F49/><W92/><G67/><T118/><D118/><U94/><E75/><V27/><F27/><W64/><G64/><T19/><D68/><U0/><E0/><V111/><F111/><W36/><G112/><T10/><D37/><U63/><E123/><V126/><F126/><W25/><G122/><T21/><D8/><U34/><E34/><V87/><F87/><W69/><G69/><T47/><D10/><U6/><E6/><V114/><F121/><W93/><G36/><T78/><D78/><N who="2" m="29738" /><F70/><W15/><G45/><T17/><D17/><U65/><E63/><V22/><F114/><W7/><G7/><T20/><D20/><U39/><E124/><V110/><F125/><W130/><G127/><T62/><D43/><U18/><E18/><V5/><F110/><W96/><G15/><N who="0" m="9471" /><D95/><U108/><E132/><V86/><F134/><W59/><G25/><T133/><D133/><U99/><REACH who="1" step="1"/><E108/><REACH who="1" ten="250,240,250,250" step="2"/><V117/><F117/><W24/><G32/><T60/><D62/><U44/><E44/><V55/><F30/><AGARI ba="0,1" hai="28,30,31,41,47,50,54,56,60,88,89" m="9471" machi="30" ten="30,11600,0" yaku="8,1,52,2,54,1" doraHai="84" who="0" fromWho="2" sc="250,126,240,0,250,-116,250,0" /><INIT seed="0,1,0,2,5,125" ten="376,240,134,250" oya="0" hai0="39,82,47,52,104,11,46,121,14,91,112,49,124" hai1="126,88,131,108,44,113,64,92,3,93,111,29,133" hai2="69,12,60,43,62,24,71,1,68,116,72,90,63" hai3="87,117,54,9,41,59,18,86,27,101,99,15,130"/><T119/><D112/><U85/><E3/><V94/><F1/><W122/><G117/><T128/><D119/><U134/><E126/><V109/><F116/><W25/><G41/><T22/><D124/><U51/><E113/><V123/><F72/><W7/><G122/><T57/><D104/><U76/><E64/><V40/><F123/><W50/><G130/><T78/><D121/><U107/><E107/><V96/><F109/><N who="1" m="42057" /><E29/><V17/><REACH who="2" step="1"/><F24/><REACH who="2" ten="376,240,124,250" step="2"/><W74/><G74/><T106/><D128/><U110/><E131/><V114/><F114/><W83/><G27/><T135/><D135/><U5/><E110/><V61/><N who="2" m="15360" /><DORA hai="115" /><V4/><F4/><W6/><G25/><T35/><D14/><U127/><E5/><V58/><F58/><W100/><G7/><T32/><D57/><U16/><E127/><V75/><F75/><W84/><G6/><T77/><D46/><U28/><E133/><V55/><F55/><W2/><G2/><T33/><D52/><N who="1" m="29799" /><E134/><V23/><AGARI ba="1,1" hai="12,17,23,40,43,68,69,71,90,94,96" m="15360" machi="23" ten="50,3200,0" yaku="1,1,0,1,53,0" doraHai="125,115" doraHaiUra="81,102" who="2" fromWho="2" sc="376,-17,240,-9,124,45,250,-9" /><INIT seed="1,0,0,5,5,39" ten="359,231,169,241" oya="1" hai0="52,121,42,89,16,118,84,11,112,53,80,34,126" hai1="4,26,106,86,5,6,104,92,91,108,22,7,18" hai2="75,85,103,60,67,72,59,36,10,105,125,29,15" hai3="2,41,113,13,111,24,95,63,124,49,64,51,127"/><U14/><REACH who="1" step="1"/><E108/><REACH who="1" ten="359,221,169,241" step="2"/><V30/><F125/><W131/><G111/><T71/><D126/><U61/><E61/><V76/><F36/><W98/><G127/><T132/><D112/><U90/><E90/><V70/><F70/><W114/><G113/><T122/><D89/><U58/><E58/><V17/><F75/><W93/><G114/><T43/><D71/><U23/><E23/><V135/><F72/><W120/><G63/><T119/><D119/><U57/><E57/><V47/><F135/><W56/><G56/><T101/><D118/><U74/><E74/><V81/><REACH who="2" step="1"/><F47/><REACH who="2" ten="359,221,159,241" step="2"/><W73/><G73/><T46/><D46/><U25/><E25/><V20/><F20/><W62/><G24/><T21/><D132/><U28/><E28/><V117/><F117/><W129/><G124/><T45/><D45/><U27/><E27/><V48/><F48/><W109/><G51/><T82/><D21/><U79/><E79/><V37/><F37/><W0/><G49/><T97/><D122/><U35/><E35/><V40/><F40/><W87/><G41/><T69/><D121/><U3/><E3/><V115/><F115/><W99/><G109/><T65/><D34/><U68/><E68/><V38/><F38/><W133/><G133/><T110/><D43/><U96/><E96/><AGARI ba="0,2" hai="10,15,17,29,30,59,60,67,76,81,85,96,103,105" machi="96" ten="40,1300,0" yaku="1,1,53,0" doraHai="39" doraHaiUra="19" who="2" fromWho="1" sc="359,0,221,-13,159,33,241,0" /><INIT seed="2,0,0,5,2,117" ten="359,208,192,241" oya="2" hai0="48,116,3,16,35,73,92,77,86,127,112,39,99" hai1="70,12,113,122,124,54,118,23,68,55,110,33,24" hai2="104,18,29,123,50,11,108,8,74,107,9,25,79" hai3="41,4,57,17,121,65,128,78,102,90,80,20,95"/><V38/><F108/><W84/><G128/><T46/><D3/><U0/><E0/><V120/><F38/><W134/><G4/><T19/><D112/><U22/><E113/><V131/><F18/><W106/><G41/><T135/><D73/><U21/><E118/><V111/><F131/><W105/><G134/><T83/><D116/><U58/><E110/><V56/><F111/><W64/><G121/><T49/><D35/><U133/><E133/><V42/><F104/><W44/><G44/><T100/><D135/><U97/><E122/><V75/><F107/><W10/><G10/><T76/><D127/><U45/><E124/><V119/><F119/><W126/><G126/><T67/><D39/><U87/><E45/><V94/><F94/><W31/><G31/><T28/><D28/><U72/><E72/><V98/><F98/><W2/><G2/><T7/><D7/><U88/><E97/><V27/><F75/><W43/><G43/><N who="0" m="24671" /><D67/><U125/><E125/><V5/><F5/><W103/><G106/><T96/><D96/><U89/><E33/><N who="2" m="20655" /><F27/><W1/><G1/><T37/><D37/><U115/><E24/><V15/><F15/><W30/><G30/><T6/><D6/><U63/><E115/><V47/><F56/><W61/><G105/><T109/><D109/><U60/><E12/><V101/><F101/><W132/><G132/><T82/><D49/><U32/><E32/><V59/><F59/><W53/><G103/><T51/><D51/><U81/><E89/><V14/><F14/><N who="3" m="9271" /><G102/><T93/><D93/><U52/><E58/><V91/><F91/><RYUUKYOKU ba="0,0" sc="359,0,208,0,192,0,241,0" hai0="16,19,76,77,82,83,86,92,99,100" hai1="21,22,23,52,54,55,60,63,68,70,81,87,88" hai2="8,9,11,42,47,50,74,79,120,123" hai3="53,57,61,64,65,78,80,84,90,95" /><INIT seed="2,1,0,1,1,53" ten="359,208,192,241" oya="2" hai0="111,22,135,19,128,45,110,70,46,49,108,65,62" hai1="48,52,81,33,80,56,107,2,94,11,3,125,66" hai2="85,131,133,75,91,109,96,116,114,84,32,95,54" hai3="12,6,51,60,105,83,134,31,67,57,43,47,100"/><V8/><F114/><W61/><G134/><T122/><D135/><U35/><E107/><V115/><F133/><W127/><G127/><T69/><D122/><U25/><E125/><V87/><F115/><W10/><G31/><T82/><D128/><U104/><E104/><V7/><F32/><W124/><G124/><T74/><D69/><U5/><E2/><V15/><F116/><W63/><G105/><T37/><D37/><U99/><E66/><V30/><F131/><W21/><G100/><T58/><D70/><U97/><E97/><V73/><F30/><W20/><G83/><T88/><D49/><U24/><E35/><V76/><F109/><W119/><G119/><T26/><D88/><U113/><E113/><V117/><F117/><W103/><G103/><T101/><D101/><U0/><E0/><V41/><F41/><W1/><G1/><T72/><D82/><U120/><E120/><V59/><REACH who="2" step="1"/><F76/><REACH who="2" ten="359,208,182,241" step="2"/><W36/><G36/><T16/><D19/><U86/><E33/><V71/><F71/><W27/><G27/><T29/><D29/><U40/><E40/><V34/><F34/><W68/><G68/><T13/><D26/><U55/><E25/><V18/><F18/><W42/><G42/><T93/><D110/><U130/><E24/><V90/><F90/><W44/><G43/><T17/><D17/><U79/><E130/><V4/><F4/><W64/><G6/><T9/><D111/><U118/><E118/><V123/><F123/><W89/><G89/><T102/><D108/><U50/><E79/><V23/><F23/><W98/><G20/><RYUUKYOKU ba="1,1" sc="359,-10,208,-10,182,30,241,-10" hai2="7,8,15,54,59,73,75,84,85,87,91,95,96" /><INIT seed="2,2,1,5,5,18" ten="349,198,212,231" oya="2" hai0="25,79,123,62,91,34,94,66,73,74,11,109,117" hai1="5,84,97,124,8,119,83,120,3,13,110,127,49" hai2="118,31,89,7,51,57,131,86,63,53,103,2,24" hai3="42,92,47,1,12,54,46,135,99,105,85,65,75"/><V55/><F118/><W28/><G1/><T71/><D123/><U58/><E119/><V87/><F131/><W108/><G75/><T113/><D117/><U61/><E120/><V56/><F103/><W125/><G65/><T95/><D109/><U77/><E110/><V122/><F122/><W20/><G108/><T72/><D113/><U130/><E130/><V69/><F69/><W21/><G105/><T27/><D79/><U40/><E97/><V128/><F128/><W102/><G135/><T93/><D34/><U114/><E3/><V68/><F68/><W70/><G70/><T30/><D11/><U129/><E129/><V10/><REACH who="2" step="1"/><F89/><REACH who="2" ten="349,198,202,231" step="2"/><W36/><G125/><T38/><D91/><U67/><REACH who="1" step="1"/><E114/><REACH who="1" ten="349,188,202,231" step="2"/><V96/><F96/><W19/><G99/><T41/><D71/><U104/><E104/><V80/><F80/><W116/><G116/><T111/><D111/><U64/><E64/><V100/><F100/><W106/><G102/><T76/><D66/><U35/><E35/><AGARI ba="2,3" hai="2,7,10,24,31,35,51,53,55,56,57,63,86,87" machi="35" ten="30,2900,0" yaku="1,1,7,1,53,0" doraHai="18" doraHaiUra="107" who="2" fromWho="1" sc="349,0,188,-35,202,65,231,0" /><INIT seed="2,3,0,0,2,121" ten="349,153,267,231" oya="2" hai0="44,135,41,20,68,37,120,131,31,103,72,23,57" hai1="85,12,125,102,91,76,126,75,127,40,122,21,81" hai2="58,67,17,87,34,22,104,66,95,42,80,19,128" hai3="51,108,15,38,64,112,3,28,117,109,73,45,84"/><V8/><F104/><W106/><G106/><T7/><D68/><U132/><E40/><V97/><F34/><W6/><G73/><T99/><D120/><U116/><E21/><V35/><F128/><W123/><G123/><T119/><D72/><U124/><N who="1" m="31744" /><DORA hai="29" /><U14/><E122/><V18/><F35/><W98/><G3/><T86/><D135/><U13/><E132/><V94/><F42/><W49/><G28/><T54/><D119/><U134/><E134/><V74/><F74/><W4/><G64/><N who="2" m="24617" /><F58/><W114/><G98/><T46/><D46/><U27/><E27/><N who="2" m="14799" /><F8/><N who="3" m="4487" /><G6/><T96/><D7/><U70/><E70/><V93/><F97/><W32/><G32/><T63/><D131/><U0/><E0/><V113/><F113/><N who="3" m="43627" /><G117/><T56/><D31/><U130/><E130/><V101/><F101/><W55/><G38/><T5/><D5/><U10/><E102/><V105/><F105/><W59/><G84/><T111/><D96/><U69/><E69/><V11/><F11/><W16/><G16/><T88/><D56/><U78/><E116/><V89/><AGARI ba="3,0" hai="18,19,80,87,89,93,94,95" m="14799,24617" machi="89" ten="30,1500,0" yaku="8,1" doraHai="121,29" who="2" fromWho="2" sc="349,-8,153,-8,267,24,231,-8" /><INIT seed="2,4,0,1,3,77" ten="341,145,291,223" oya="2" hai0="112,132,120,15,71,115,28,7,83,108,105,47,37" hai1="125,103,36,117,12,95,102,107,33,1,18,57,32" hai2="92,135,60,106,21,4,29,42,111,40,24,14,78" hai3="81,79,88,62,114,61,30,55,67,13,101,76,0"/><V98/><F135/><W119/><G119/><T89/><D71/><U87/><E36/><V2/><F106/><W86/><G0/><T69/><D69/><U3/><E117/><V110/><F2/><W64/><G101/><T8/><D105/><U46/><E125/><V38/><F60/><N who="3" m="23147" /><G30/><T44/><D120/><U5/><E107/><V84/><F38/><W50/><G114/><T70/><D70/><U121/><E121/><V17/><F4/><W26/><G26/><T68/><D68/><U74/><E74/><V54/><F54/><W39/><G39/><T31/><D132/><U109/><E109/><N who="2" m="41483" /><F84/><N who="3" m="48167" /><G79/><T90/><D108/><U126/><E126/><V10/><F78/><W27/><G13/><T56/><D37/><U127/><E127/><V97/><F97/><W11/><G11/><T25/><D115/><U124/><E124/><V133/><F133/><W35/><G27/><T41/><D25/><U23/><E1/><V43/><F43/><W91/><G35/><T59/><D41/><U53/><E33/><V45/><F45/><N who="0" m="17482" /><D112/><U80/><E32/><V122/><F122/><W116/><G116/><T65/><D59/><U100/><E46/><V131/><F131/><W94/><G91/><AGARI ba="4,0" hai="10,14,17,21,24,29,40,42,91,92,98" m="41483" machi="91" ten="30,2900,0" yaku="14,1,10,1" doraHai="77" who="2" fromWho="3" sc="341,0,145,0,291,41,223,-41" /><INIT seed="2,5,0,2,4,81" ten="341,145,332,182" oya="2" hai0="119,109,127,135,17,124,62,7,13,41,92,1,93" hai1="96,123,10,97,57,90,74,77,101,128,112,34,68" hai2="70,85,53,103,19,4,129,69,134,20,50,35,122" hai3="126,11,55,0,48,94,110,88,89,104,72,120,59"/><V113/><F122/><W80/><G120/><T8/><D109/><U100/><E68/><V61/><F113/><W40/><G104/><T16/><D135/><U56/><E34/><V38/><F35/><W6/><G110/><T18/><D119/><U121/><E10/><V82/><F38/><W44/><G126/><N who="0" m="48171" /><D41/><U52/><E112/><V67/><F134/><W133/><G133/><T87/><D62/><U37/><E37/><V5/><F129/><W78/><REACH who="3" step="1"/><G94/><REACH who="3" ten="341,145,332,172" step="2"/><N who="0" m="36459" /><D87/><U21/><E128/><V111/><F111/><W43/><G43/><T24/><D24/><U54/><E121/><V31/><F103/><W25/><G25/><T39/><D39/><AGARI ba="5,1" hai="0,6,11,39,40,44,48,55,59,72,78,80,88,89" machi="39" ten="30,12000,2" yaku="1,1,7,1,25,2,54,1,53,1" doraHai="81" doraHaiUra="3" who="3" fromWho="0" sc="341,-135,145,0,332,0,172,145" /><INIT seed="3,0,0,0,3,72" ten="206,145,332,317" oya="3" hai0="32,51,67,13,62,83,25,9,5,86,126,10,115" hai1="114,80,68,117,121,39,70,41,36,55,20,118,87" hai2="82,44,84,26,42,89,120,110,19,63,123,133,104" hai3="22,111,97,11,98,1,99,113,77,28,12,135,64"/><W122/><G122/><N who="2" m="46633" /><F110/><W105/><G113/><T102/><D115/><U130/><E121/><V37/><F133/><W14/><G105/><T49/><D126/><U3/><E20/><N who="2" m="13599" /><F63/><W31/><G1/><T53/><D102/><U50/><E3/><V124/><F104/><W58/><G77/><T66/><D32/><U8/><E114/><V95/><F124/><W57/><G135/><T78/><D25/><U29/><E29/><N who="3" m="11338" /><G111/><T21/><D21/><U65/><E8/><V91/><F91/><W17/><G64/><N who="0" m="24619" /><D10/><U93/><E93/><AGARI ba="0,0" hai="37,42,44,82,84,89,93,95" m="13599,46633" machi="93" ten="30,1000,0" yaku="13,1" doraHai="72" who="2" fromWho="1" sc="206,0,145,-10,332,10,317,0" owari="206,-19.4,135,-36.5,342,44.2,317,11.7" /></mjloggm>