<mjloggm ver="2.3"><GO type="225" lobby="0"/><UN n0="%E3%81%B5%E3%81%98%E3%81%8B%E3%81%A4" n1="%6D%61%74%69%67%75%73%61" n2="%E3%81%8B%E3%82%8F%E3%81%A1%E3%82%83%E3%82%93%35%38" n3="%E3%81%B2%E3%81%AA%E3%81%AE%E3%82%8A%E3%81%8F" dan="16,17,17,17" rate="2162.26,2165.17,2262.12,2201.03" sx="M,M,M,M"/><TAIKYOKU oya="0"/><INIT seed="0,0,0,1,0,84" ten="250,250,250,250" oya="0" hai0="36,108,135,134,117,113,38,110,67,35,24,88,0" hai1="95,39,116,50,3,30,22,13,61,83,49,60,9" hai2="126,75,44,69,118,127,82,32,14,1,17,62,23" hai3="78,25,47,132,90,129,18,130,89,5,131,28,11"/><T48/><D117/><U104/><E39/><N who="0" m="14889" /><D113/><U40/><E104/><V43/><F32/><W124/><G124/><N who="2" m="47657" /><F1/><W85/><G132/><N who="0" m="50731" /><D0/><U112/><E116/><V45/><F118/><W66/><G18/><T2/><D2/><U123/><E123/><V79/><F43/><W31/><G47/><T53/><D67/><AGARI ba="0,0" hai="14,17,23,44,45,62,67,69,75,79,82" m="47657" machi="67" ten="30,1000,0" yaku="18,1" doraHai="84" who="2" fromWho="0" sc="250,-10,250,0,250,10,250,0" /><INIT seed="1,0,0,0,2,7" ten="240,250,260,250" oya="1" hai0="102,99,64,25,125,71,86,87,41,5,37,60,28" hai1="8,66,55,13,97,1,17,9,105,43,4,31,78" hai2="129,120,20,32,38,82,45,51,79,80,24,134,91" hai3="11,57,98,65,6,48,126,53,81,35,36,62,127"/><U10/><E31/><V101/><F120/><W73/><G35/><T109/><D109/><U14/><E66/><V132/><F129/><W76/><G98/><T15/><D125/><U42/><E78/><V107/><F38/><W121/><G36/><T49/><D37/><U113/><E113/><V12/><F32/><W63/><G63/><T54/><D41/><U88/><E55/><V2/><F2/><W44/><REACH who="3" step="1"/><G121/><REACH who="3" ten="240,250,260,240" step="2"/><T103/><D99/><U84/><E97/><V46/><F107/><W96/><G96/><T119/><D60/><U118/><E105/><V47/><F101/><W56/><G56/><T89/><D102/><U19/><E118/><V30/><F46/><W39/><G39/><T130/><D103/><U3/><E3/><AGARI ba="0,1" hai="3,6,11,44,48,53,57,62,65,73,76,81,126,127" machi="3" ten="40,2600,0" yaku="1,1,52,1,53,0" doraHai="7" doraHaiUra="85" who="3" fromWho="1" sc="240,0,250,-26,260,0,240,36" /><INIT seed="2,0,0,4,2,11" ten="240,224,260,276" oya="2" hai0="95,50,31,58,6,29,24,127,55,131,123,91,117" hai1="129,99,80,36,49,5,66,116,9,108,77,68,103" hai2="22,79,7,27,119,3,118,12,48,89,107,128,82" hai3="56,32,87,39,86,93,81,47,92,34,28,23,16"/><V21/><F107/><W100/><G56/><T134/><D123/><U132/><E36/><V101/><F101/><W73/><G73/><T4/><D127/><U125/><E116/><V45/><F3/><W109/><G109/><T111/><D117/><U70/><E129/><V133/><F133/><W84/><G81/><T104/><D111/><U18/><E108/><V30/><F128/><W33/><G28/><T1/><D134/><U112/><E112/><V38/><F38/><W51/><G39/><T110/><D131/><U64/><E18/><V76/><F118/><W90/><G90/><T2/><D110/><U59/><E125/><V74/><F119/><W57/><G57/><T96/><D104/><U75/><E132/><V8/><F89/><W113/><G100/><T40/><D40/><U17/><E17/><V46/><F79/><W63/><G63/><T54/><D31/><U41/><E64/><V52/><F46/><W19/><G19/><T130/><D130/><U43/><E43/><V44/><F44/><W26/><REACH who="3" step="1"/><G113/><REACH who="3" ten="240,224,260,266" step="2"/><T85/><D55/><AGARI ba="0,1" hai="16,23,26,32,33,34,47,51,55,84,86,87,92,93" machi="55" ten="50,6400,0" yaku="1,1,2,1,54,1,53,0" doraHai="11" doraHaiUra="126" who="3" fromWho="0" sc="240,-64,224,0,260,0,266,74" /><INIT seed="3,0,0,1,5,23" ten="176,224,260,340" oya="3" hai0="3,1,13,114,68,94,9,69,65,105,92,29,0" hai1="17,86,132,103,31,99,62,115,30,79,15,110,90" hai2="52,27,81,53,72,87,91,73,43,75,11,85,121" hai3="131,101,125,84,128,5,100,19,98,47,55,50,38"/><W134/><G38/><T97/><D114/><U36/><E36/><V33/><F121/><W2/><G125/><T118/><D118/><U80/><E110/><V7/><F43/><W117/><G117/><T104/><D29/><U57/><E132/><V21/><F33/><W35/><G35/><T44/><D44/><U63/><E79/><V66/><F66/><W28/><G28/><T78/><D78/><U49/><E49/><V109/><F87/><W76/><G19/><T95/><D97/><U88/><E63/><V129/><F129/><N who="3" m="49739" /><G98/><T8/><D65/><U10/><E90/><V83/><F83/><N who="3" m="47207" /><G134/><T26/><D26/><U127/><E127/><V22/><F22/><W14/><G14/><T16/><REACH who="0" step="1"/><D9/><AGARI ba="0,0" hai="2,5,9,47,50,55,100,101" m="47207,49739" machi="9" ten="30,1500,0" yaku="19,1" doraHai="23" who="3" fromWho="0" sc="176,-15,224,0,260,0,340,15" owari="161,-33.9,224,-17.6,260,6.0,355,45.5" /></mjloggm>