<mjloggm ver="2.3"><GO type="225" lobby="0"/><UN n0="%E5%80%89%E6%A9%8B%EF%BC%A0%E4%BA%8B%E5%8B%99" n1="%E9%80%9F%E6%B0%B4%E5%87%9B%E9%A6%99" n2="%E3%83%B4%E3%83%A0%EF%BC%99%E3%81%A6" n3="%43%68%65" dan="16,16,17,16" rate="2083.25,2085.26,2175.70,2155.18" sx="M,F,M,M"/><TAIKYOKU oya="0"/><INIT seed="0,0,0,2,2,1" ten="250,250,250,250" oya="0" hai0="28,74,18,53,8,130,68,21,6,24,45,58,67" hai1="38,39,100,25,10,122,16,55,43,51,126,89,87" hai2="133,91,32,57,128,4,19,35,110,69,0,127,95" hai3="119,48,52,59,64,66,65,85,30,63,40,108,14"/><T12/><D74/><U20/><E122/><V13/><F69/><W109/><G119/><T131/><D45/><U135/><E135/><V78/><F133/><W129/><G30/><T94/><D94/><U41/><E126/><V121/><F121/><W62/><G85/><T15/><D67/><U90/><E100/><V54/><F127/><W86/><G86/><T123/><D68/><U42/><E10/><V112/><F78/><W11/><G129/><T46/><D46/><U5/><E5/><V106/><F106/><W73/><G73/><T81/><D81/><U116/><E116/><V36/><F36/><W60/><REACH who="3" step="1"/><G40/><REACH who="3" ten="250,250,250,240" step="2"/><T104/><D123/><U120/><E120/><V71/><F128/><W134/><G134/><T93/><D104/><U83/><REACH who="1" step="1"/><E90/><REACH who="1" ten="250,240,250,240" step="2"/><V26/><F91/><W9/><G9/><T84/><D131/><U92/><E92/><V97/><F95/><W99/><G99/><T56/><D130/><U37/><E37/><V34/><F97/><W70/><G70/><T47/><D93/><U96/><E96/><V33/><F71/><W114/><G114/><T124/><D124/><U98/><E98/><V44/><F112/><W22/><G22/><N who="0" m="11591" /><D84/><U117/><E117/><V118/><F118/><W29/><G29/><T23/><D21/><U50/><E50/><AGARI ba="0,2" hai="6,8,15,23,24,28,47,50,53,56,58" m="11591" machi="50" ten="30,2900,0" yaku="8,1,52,1" doraHai="1" who="0" fromWho="1" sc="250,49,240,-29,250,0,240,0" /><INIT seed="0,1,0,4,3,69" ten="299,211,250,240" oya="0" hai0="76,68,41,129,32,103,33,108,43,99,38,23,48" hai1="122,133,83,39,10,130,1,102,128,55,29,63,89" hai2="110,21,131,52,22,117,116,124,118,79,61,3,6" hai3="95,107,97,24,94,37,112,30,64,5,45,19,114"/><T87/><D68/><U75/><E102/><V51/><F110/><W134/><G107/><T120/><D120/><U49/><E122/><V67/><F79/><W84/><G134/><T85/><D48/><U65/><E29/><V34/><F34/><W123/><G123/><T14/><D129/><U20/><E133/><V8/><F131/><N who="1" m="50217" /><E20/><V90/><F124/><W4/><G19/><T7/><D108/><U31/><E31/><V100/><F100/><W81/><G64/><T56/><D56/><N who="1" m="37095" /><E10/><V28/><F28/><W104/><G104/><T62/><D62/><U132/><E1/><V12/><F3/><W92/><G97/><T119/><D33/><U98/><E98/><V17/><F6/><W106/><G106/><T35/><D32/><U121/><E121/><V42/><F42/><W82/><G114/><T2/><D35/><U25/><E25/><V15/><F15/><W73/><G112/><T60/><D2/><U11/><E11/><V36/><F61/><W40/><G24/><T26/><D60/><U46/><E132/><V115/><F67/><W77/><REACH who="3" step="1"/><G30/><REACH who="3" ten="299,211,250,230" step="2"/><T27/><D26/><U57/><E75/><V111/><F115/><W18/><G18/><T66/><D27/><U86/><E57/><N who="2" m="32927" /><F111/><W93/><N who="3" m="23552" /><DORA hai="126" /><W16/><G16/><T71/><D71/><U59/><E59/><V74/><F74/><W13/><G13/><T70/><D14/><U88/><E89/><AGARI ba="1,1" hai="4,5,37,40,45,73,77,81,82,84,89" m="23552" machi="89" ten="50,3200,0" yaku="1,1,52,1,53,0" doraHai="69,126" doraHaiUra="101,96" who="3" fromWho="1" sc="299,0,211,-35,250,0,230,45" /><INIT seed="1,0,0,1,3,97" ten="299,176,250,275" oya="1" hai0="105,103,124,104,45,117,55,16,134,82,66,64,50" hai1="95,91,56,35,76,24,67,135,47,127,115,54,27" hai2="84,51,49,79,8,113,120,12,75,119,18,43,62" hai3="15,114,38,19,81,80,98,4,17,123,125,112,60"/><U126/><E115/><V65/><F113/><W42/><G123/><T34/><D117/><U61/><E76/><V68/><F119/><W6/><G98/><T110/><D34/><U131/><E131/><V11/><F120/><W32/><G32/><T59/><D110/><U26/><E135/><V23/><F75/><W39/><G15/><T46/><D134/><U1/><E1/><V74/><F74/><W3/><G60/><T48/><D124/><N who="1" m="47659" /><E35/><V94/><F43/><W33/><G33/><T14/><D82/><U0/><E0/><V22/><F22/><W72/><G125/><T78/><D78/><U83/><E83/><V21/><F21/><W30/><G72/><T70/><D70/><U71/><E47/><V121/><F121/><W102/><G3/><T88/><D105/><U118/><E118/><V96/><F84/><W58/><G58/><T9/><D59/><U7/><E7/><V132/><F79/><W63/><G63/><T40/><D104/><U101/><E101/><V122/><F122/><W106/><G106/><T37/><D103/><U25/><N who="1" m="6144" /><DORA hai="5" /><U133/><E133/><V29/><F132/><W130/><G102/><T87/><D37/><U28/><E28/><V53/><F29/><W129/><G30/><T89/><D89/><U99/><E71/><V100/><F51/><W13/><G13/><T85/><D88/><U52/><AGARI ba="0,0" hai="52,54,56,61,67,91,95,99" m="6144,47659" machi="52" ten="50,4800,0" yaku="18,1,54,1" doraHai="97,5" who="1" fromWho="1" sc="299,-16,176,48,250,-16,275,-16" /><INIT seed="1,1,0,0,4,5" ten="283,224,234,259" oya="1" hai0="108,104,88,66,58,107,22,94,8,11,78,64,13" hai1="54,135,92,120,86,50,52,62,40,83,122,97,6" hai2="69,49,77,119,70,130,112,93,123,131,117,80,51" hai3="17,124,111,73,110,23,132,91,19,82,61,14,98"/><U59/><E135/><V116/><F93/><N who="3" m="56639" /><G132/><T37/><D37/><U47/><E6/><V60/><F80/><W44/><G124/><T96/><D108/><N who="3" m="41513" /><G61/><N who="0" m="37943" /><D107/><U71/><E71/><N who="2" m="27147" /><F77/><N who="3" m="44335" /><G19/><N who="0" m="10607" /><D104/><U109/><E109/><V103/><F103/><W65/><G65/><T133/><D133/><U100/><REACH who="1" step="1"/><E54/><REACH who="1" ten="283,214,234,259" step="2"/><V95/><F119/><W87/><G44/><T128/><D128/><U56/><E56/><V20/><F116/><W26/><G87/><T32/><D66/><U39/><E39/><V46/><F117/><W118/><G118/><T127/><D127/><U45/><E45/><V121/><F46/><W12/><AGARI ba="1,1" hai="12,14,17,23,26" m="44335,41513,56639" machi="12" ten="30,1100,0" yaku="14,1" doraHai="5" who="3" fromWho="3" sc="283,-4,214,-6,234,-4,259,24" /><INIT seed="2,0,0,2,0,42" ten="279,208,230,283" oya="2" hai0="66,51,89,93,29,3,14,60,81,110,104,109,105" hai1="135,108,15,54,117,128,79,37,124,94,115,62,22" hai2="72,132,52,41,61,50,7,101,133,95,78,31,43" hai3="106,56,119,44,125,6,90,84,91,48,87,123,116"/><V1/><F31/><W114/><G123/><T121/><D3/><U8/><E115/><V63/><F72/><W34/><G114/><T25/><D121/><U24/><E117/><V92/><F78/><W129/><G34/><T70/><D81/><U97/><E37/><V58/><F1/><W11/><G106/><T107/><D14/><U64/><E108/><N who="0" m="41577" /><D51/><U23/><E135/><N who="2" m="51787" /><F7/><W55/><G125/><T16/><D16/><N who="1" m="8295" /><E128/><V126/><F126/><W82/><G129/><T112/><D112/><U120/><E120/><V100/><F41/><W71/><G71/><T45/><D45/><U12/><E79/><V18/><F18/><W21/><G119/><T75/><D75/><U2/><E2/><V47/><F61/><W122/><G122/><T67/><D67/><U38/><E12/><V30/><F30/><W35/><G116/><T127/><D127/><U76/><E38/><V118/><F118/><W32/><G56/><T36/><D36/><U77/><E124/><V68/><F68/><W27/><G6/><T74/><D74/><U65/><E65/><V39/><F39/><W0/><G0/><T10/><D10/><U26/><E64/><V40/><F43/><W99/><G11/><T111/><N who="0" m="41585" /><T103/><DORA hai="113" /><D103/><AGARI ba="0,0" hai="40,47,50,52,58,63,92,95,100,101,103" m="51787" machi="103" ten="30,5800,0" yaku="20,1,52,1,54,1" doraHai="42,113" who="2" fromWho="0" sc="279,-58,208,0,230,58,283,0" /><INIT seed="2,1,0,4,1,9" ten="221,208,288,283" oya="2" hai0="91,39,117,111,128,10,4,7,55,12,93,104,57" hai1="97,89,79,116,132,96,83,119,33,28,18,5,11" hai2="64,34,51,19,41,86,88,80,82,1,76,90,121" hai3="21,3,26,53,62,24,49,100,40,38,42,98,102"/><V77/><F121/><W48/><G3/><T67/><D104/><U85/><E18/><V65/><F34/><W99/><G38/><T35/><D39/><U92/><E132/><V6/><F1/><W63/><G53/><T133/><D35/><U13/><E33/><V120/><F120/><W118/><REACH who="3" step="1"/><G21/><REACH who="3" ten="221,208,288,273" step="2"/><T87/><D133/><U72/><REACH who="1" step="1"/><E28/><REACH who="1" ten="221,198,288,273" step="2"/><V101/><F6/><W108/><G108/><T115/><D111/><U134/><E134/><V103/><F19/><W131/><G131/><T52/><D128/><U30/><E30/><V126/><F126/><W37/><G37/><T58/><D117/><AGARI ba="1,2" hai="5,11,13,72,79,83,85,89,92,96,97,116,117,119" machi="117" ten="40,8000,1" yaku="1,1,52,1,53,2" doraHai="9" doraHaiUra="94" who="1" fromWho="0" sc="221,-83,198,103,288,0,273,0" /><AGARI ba="1,0" hai="24,26,40,42,48,49,62,63,98,99,100,102,117,118" machi="117" ten="25,8000,1" yaku="1,1,22,2,53,2" doraHai="9" doraHaiUra="94" who="3" fromWho="0" sc="138,-80,301,0,288,0,273,80" /><INIT seed="3,0,0,4,5,27" ten="58,301,288,353" oya="3" hai0="16,60,12,69,81,34,22,75,8,122,30,93,55" hai1="131,18,91,79,23,29,3,101,132,65,45,41,78" hai2="58,10,13,71,85,106,44,89,118,74,111,112,70" hai3="90,133,52,103,54,121,129,62,87,19,88,109,47"/><W99/><G121/><T123/><D34/><U72/><E3/><V40/><F118/><W117/><G117/><T11/><D93/><U94/><E132/><V56/><F112/><W35/><G35/><T67/><D55/><U77/><E131/><V105/><F74/><W127/><G129/><T39/><D39/><U28/><E101/><V73/><F73/><W43/><G133/><T84/><D75/><U46/><E65/><V126/><F111/><W119/><G119/><T17/><D123/><U61/><E61/><V68/><F126/><W50/><G127/><T125/><D125/><U124/><E124/><V20/><F20/><W33/><G33/><T98/><D122/><U59/><E59/><V83/><F106/><W9/><G109/><T110/><D110/><U92/><E72/><V66/><F105/><W96/><G90/><T6/><D98/><N who="3" m="37417" /><G62/><T95/><D95/><N who="1" m="36395" /><E91/><V97/><F97/><W37/><G37/><T38/><D38/><U25/><E41/><V48/><REACH who="2" step="1"/><F66/><REACH who="2" ten="58,301,278,353" step="2"/><W64/><G64/><T115/><D115/><U5/><E5/><AGARI ba="0,1" hai="5,10,13,40,44,48,56,58,68,70,71,83,85,89" machi="5" ten="40,5200,0" yaku="1,1,2,1,53,1" doraHai="27" doraHaiUra="0" who="2" fromWho="1" sc="58,0,301,-52,278,62,353,0" owari="58,-44.2,249,-15.1,340,14.0,353,45.3" /></mjloggm>