<mjloggm ver="2.3"><GO type="225" lobby="0"/><UN n0="%E3%81%A8%E3%82%93%E3%81%A8%E3%81%93%E3%81%A8%E3%82%93" n1="%E3%82%A2%E3%82%A4%E3%82%B9%E3%83%86%E3%82%A3%E3%83%BC%E3%81%82%E3%81%B9" n2="%6D%75%75%6D%75%72%61" n3="%63%68%78%62%64" dan="16,16,17,16" rate="2128.39,2109.70,2197.76,2151.08" sx="M,M,F,M"/><TAIKYOKU oya="0"/><INIT seed="0,0,0,1,4,16" ten="250,250,250,250" oya="0" hai0="39,26,9,83,51,88,82,29,68,80,17,7,96" hai1="85,71,24,62,117,31,127,57,15,78,40,115,2" hai2="41,95,128,0,116,35,69,133,109,8,134,21,81" hai3="5,97,28,58,48,103,23,1,20,47,65,132,12"/><T4/><D39/><U112/><E117/><V122/><F35/><W104/><G1/><T102/><D68/><U50/><E2/><V36/><F122/><W86/><G86/><T61/><D61/><U89/><E78/><V66/><F116/><W60/><G28/><T19/><D51/><U52/><E127/><V63/><F109/><W32/><G32/><T101/><D101/><U55/><E40/><V110/><F110/><W72/><G72/><T30/><D30/><U54/><E15/><V46/><F128/><W67/><G67/><T38/><D38/><U44/><E55/><V11/><F95/><N who="3" m="58815" /><G132/><N who="2" m="50793" /><F0/><W126/><G104/><T99/><D96/><U49/><E62/><V113/><F113/><W92/><G92/><N who="0" m="56711" /><D102/><U98/><E98/><V123/><F123/><W13/><G126/><T114/><D114/><U76/><E76/><V107/><F107/><W108/><G108/><T73/><D73/><U90/><E90/><V34/><F34/><W37/><G37/><T77/><D77/><U18/><E71/><V100/><F100/><W45/><G45/><T84/><D84/><U87/><E85/><V3/><F3/><W33/><G33/><T130/><D130/><U135/><E31/><V64/><F64/><W119/><G119/><T106/><D106/><U25/><E135/><V79/><F79/><W22/><G5/><N who="0" m="2123" /><D9/><N who="2" m="3658" /><F81/><W118/><G118/><T53/><D53/><AGARI ba="0,0" hai="12,13,20,22,23,47,48,53,58,60,65" m="58815" machi="53" ten="30,7700,0" yaku="8,1,52,3" doraHai="16" who="3" fromWho="0" sc="250,-77,250,0,250,0,250,77" /><INIT seed="1,0,0,1,2,74" ten="173,250,250,327" oya="1" hai0="64,33,23,96,11,46,71,54,90,43,122,101,115" hai1="35,124,56,68,80,130,37,27,103,81,47,53,4" hai2="34,106,24,92,117,30,39,57,25,98,42,129,16" hai3="10,99,134,120,85,113,13,28,110,119,55,22,18"/><U21/><E35/><V94/><F117/><W67/><G113/><T121/><D33/><U38/><E68/><V66/><F129/><W0/><G110/><T84/><D115/><U51/><E130/><V17/><F106/><W109/><G120/><T72/><D72/><U65/><E124/><V62/><F25/><W32/><G67/><T86/><D54/><U63/><E4/><V14/><F14/><W48/><G134/><T79/><D11/><U7/><E7/><V52/><F39/><W12/><G99/><T83/><D23/><U125/><E125/><V45/><F42/><W104/><G104/><T73/><D64/><U100/><E38/><V78/><F78/><W102/><G102/><N who="1" m="38954" /><E37/><V5/><F5/><W108/><G0/><T114/><D71/><U36/><E36/><V50/><REACH who="2" step="1"/><F98/><REACH who="2" ten="173,250,240,327" step="2"/><W95/><G109/><T133/><D114/><U44/><E44/><V76/><F76/><W49/><G108/><T126/><D126/><U111/><E111/><V3/><F3/><W1/><G1/><T70/><D133/><U107/><E107/><V116/><F116/><W131/><G119/><T6/><D6/><U123/><E123/><V58/><F58/><W128/><G131/><T9/><D70/><U15/><E15/><V82/><F82/><W91/><G128/><T40/><D40/><U26/><E27/><V20/><F20/><W19/><G32/><T61/><D121/><U77/><E77/><V127/><F127/><W29/><G22/><T2/><D122/><U31/><AGARI ba="0,1" hai="21,26,31,47,51,53,56,63,65,80,81" m="38954" machi="31" ten="30,1500,0" yaku="8,1" doraHai="74" who="1" fromWho="1" sc="173,-5,250,25,240,-5,327,-5" /><INIT seed="1,1,0,3,0,35" ten="168,275,235,322" oya="1" hai0="47,129,52,132,50,30,10,121,16,61,7,116,72" hai1="64,15,65,92,76,46,34,79,63,36,90,122,135" hai2="4,31,95,118,59,125,98,51,99,110,89,71,130" hai3="131,112,17,25,27,111,114,84,124,1,113,68,107"/><U45/><E122/><V117/><F71/><W126/><G68/><T67/><D116/><U11/><E34/><V42/><F110/><W28/><G107/><T29/><D72/><U62/><E135/><V14/><F130/><W97/><G97/><T127/><D129/><U19/><E36/><V96/><F125/><N who="3" m="48235" /><G131/><T43/><D127/><U80/><E65/><V69/><F69/><W41/><G41/><T134/><D121/><U109/><E109/><V81/><F31/><W66/><G66/><T93/><D93/><U39/><E39/><V44/><F81/><W86/><G111/><T88/><D43/><U12/><E15/><V102/><F59/><W103/><G103/><T6/><D132/><U24/><E24/><V32/><F32/><N who="3" m="20495" /><G1/><T5/><D134/><U58/><E63/><V83/><F83/><W73/><G73/><T2/><D88/><U123/><E123/><V40/><F42/><W53/><G53/><T18/><D30/><U57/><E57/><V23/><F98/><W94/><G94/><T133/><D29/><U21/><E80/><V74/><F74/><W60/><G60/><T70/><REACH who="0" step="1"/><D133/><REACH who="0" ten="158,275,235,322" step="2"/><U77/><E92/><N who="2" m="58631" /><F118/><W100/><G100/><T13/><D13/><N who="1" m="9455" /><E90/><V37/><F117/><W33/><G33/><T108/><D108/><U78/><E78/><V0/><F37/><W119/><G119/><T49/><D49/><U87/><E87/><V101/><F101/><W115/><G115/><T22/><D22/><AGARI ba="1,1" hai="17,22,27,84,86,112,113,114" m="20495,48235" machi="22" ten="40,1300,0" yaku="18,1" doraHai="35" who="3" fromWho="0" sc="158,-16,275,0,235,0,322,26" /><INIT seed="2,0,0,2,4,3" ten="142,275,235,348" oya="2" hai0="48,72,1,63,49,14,26,28,59,17,111,84,132" hai1="119,118,99,24,16,116,108,95,82,96,18,117,76" hai2="131,129,46,134,135,114,45,4,106,15,36,60,44" hai3="23,55,8,12,121,89,61,58,66,25,123,125,93"/><V112/><F106/><W98/><G125/><T38/><D72/><U52/><E108/><V126/><F126/><W104/><G104/><T65/><D111/><U130/><E130/><N who="2" m="49675" /><F36/><W53/><G121/><T20/><D132/><N who="2" m="50730" /><F60/><W10/><G123/><T70/><D38/><U43/><E43/><V115/><F15/><W88/><G89/><T103/><D103/><U0/><E0/><V42/><F42/><W31/><G10/><T32/><D84/><U57/><E119/><V78/><F78/><W127/><G127/><T67/><D67/><U77/><E77/><V35/><F35/><W100/><G88/><T124/><D124/><U91/><E24/><V73/><F73/><W133/><G133/><T19/><D70/><U54/><E99/><V97/><F97/><W68/><G68/><T107/><D107/><U2/><E2/><V6/><AGARI ba="0,0" hai="4,6,44,45,46,112,114,115" m="50730,49675" machi="6" ten="50,18000,2" yaku="28,2,19,1,20,1,52,2" doraHai="3" who="2" fromWho="2" sc="142,-60,275,-60,235,180,348,-60" /><INIT seed="2,1,0,4,3,65" ten="82,215,415,288" oya="2" hai0="72,101,124,104,79,49,119,132,26,63,102,59,126" hai1="16,20,23,43,99,66,62,27,122,88,6,29,116" hai2="112,0,56,120,96,68,81,113,106,38,50,95,37" hai3="61,10,54,12,89,41,32,83,28,85,31,134,18"/><V51/><F120/><W8/><G134/><T34/><D132/><U114/><E122/><V133/><F106/><W4/><G32/><T22/><D34/><U130/><E130/><V45/><F133/><W67/><G41/><T48/><D119/><U100/><E114/><V87/><F0/><W77/><G54/><T97/><D72/><U24/><E43/><V121/><F68/><W40/><G40/><T2/><D79/><U98/><E6/><V86/><F56/><W3/><REACH who="3" step="1"/><G77/><REACH who="3" ten="82,215,415,278" step="2"/><T82/><D124/><U52/><E116/><V47/><F121/><W14/><G14/><T111/><D126/><U33/><E33/><V93/><F38/><W123/><G123/><T19/><D111/><U15/><E15/><V103/><F37/><W60/><G60/><T36/><D36/><U109/><E109/><V78/><F51/><W90/><G90/><T1/><D49/><U21/><E52/><V53/><F47/><W118/><G118/><T7/><D48/><U57/><E100/><V94/><F112/><W92/><G92/><T42/><D102/><U17/><E88/><N who="2" m="51279" /><F113/><W39/><G39/><T135/><D135/><U35/><E35/><V70/><F78/><W117/><G117/><T128/><D42/><U110/><E110/><V13/><F13/><W105/><G105/><T107/><D104/><U64/><E64/><V131/><F94/><W84/><G84/><T75/><D128/><U58/><E57/><AGARI ba="1,1" hai="3,4,8,10,12,18,28,31,57,61,67,83,85,89" machi="57" ten="30,3900,0" yaku="1,1,7,1,53,1" doraHai="65" doraHaiUra="76" who="3" fromWho="1" sc="82,0,215,-42,415,0,278,52" /><INIT seed="3,0,0,2,2,82" ten="82,173,415,330" oya="3" hai0="15,98,41,120,46,52,75,47,1,79,63,38,3" hai1="121,122,69,130,80,107,129,54,58,37,10,73,135" hai2="92,22,115,12,83,40,45,76,59,112,109,95,104" hai3="94,133,27,88,62,33,44,71,90,39,36,4,6"/><W64/><G133/><T30/><D120/><U32/><E10/><V89/><F104/><W126/><G126/><T68/><D30/><U43/><E80/><V110/><F59/><W20/><G33/><T74/><D15/><U114/><E54/><V48/><F22/><W18/><G90/><T105/><D47/><U70/><E58/><V85/><F12/><W100/><G100/><T108/><D108/><N who="2" m="41578" /><F92/><W26/><G26/><T111/><D111/><U35/><E43/><V61/><F61/><W65/><G65/><T2/><D79/><U128/><E37/><V56/><F56/><W93/><G93/><T113/><D113/><U49/><E49/><V53/><F53/><W127/><G127/><T77/><D77/><U67/><E114/><V60/><F60/><W19/><G19/><T124/><D124/><U9/><E9/><V42/><F42/><W28/><G28/><T72/><D52/><U23/><E23/><V17/><F17/><W57/><G71/><N who="1" m="27146" /><E67/><V102/><F102/><W116/><G116/><T91/><D91/><U55/><E55/><V0/><F0/><W86/><REACH who="3" step="1"/><G44/><REACH who="3" ten="82,173,415,320" step="2"/><T131/><D131/><U31/><E31/><V125/><F125/><W101/><G101/><T123/><D123/><N who="1" m="47115" /><E135/><V132/><F132/><W13/><G13/><T66/><D66/><U29/><E29/><V7/><F7/><AGARI ba="0,1" hai="4,6,7,18,20,27,36,39,57,62,64,86,88,94" machi="7" ten="40,7700,0" yaku="1,1,52,1,54,1,53,0" doraHai="82" doraHaiUra="51" who="3" fromWho="2" sc="82,0,173,0,415,-77,320,87" owari="82,-41.8,173,-22.7,338,13.8,407,50.7" /></mjloggm>