<mjloggm ver="2.3"><GO type="225" lobby="0"/><UN n0="%E3%82%A2%E3%83%A1%E3%82%A2%E3%83%A9%E3%83%AC" n1="%28%EF%BF%A3%E2%96%BD%EF%BF%A3%29%CE%B4%E2%8C%92%E3%83%BB" n2="%4C%4F%4C%49%54%41" n3="%E3%81%AA%E3%82%81%E3%81%93%E9%9B%80%E5%A3%AB" dan="16,16,16,16" rate="2044.27,2133.44,2186.79,2053.19" sx="M,M,F,M"/><TAIKYOKU oya="0"/><INIT seed="0,0,0,4,1,103" ten="250,250,250,250" oya="0" hai0="83,99,26,63,69,62,6,9,81,18,43,93,29" hai1="116,15,48,11,127,35,45,60,73,16,1,13,123" hai2="41,104,17,121,55,84,79,10,36,46,66,23,96" hai3="53,110,51,114,0,134,125,42,75,100,119,28,128"/><T78/><D43/><U113/><E73/><V80/><F121/><W22/><G0/><T120/><D18/><U47/><E1/><V95/><F66/><W98/><G75/><T24/><D120/><U7/><E35/><V86/><F55/><W102/><G102/><T124/><D124/><U27/><E123/><V8/><F84/><W85/><G42/><T40/><D40/><U111/><E27/><V126/><F126/><W133/><G128/><T70/><D70/><U109/><E127/><V97/><F97/><W44/><G114/><T59/><D69/><U108/><E116/><V67/><F67/><W61/><G61/><T92/><D99/><U64/><E48/><V58/><F58/><W19/><G28/><T82/><D9/><N who="1" m="6191" /><E113/><V52/><F52/><W74/><G74/><T115/><D29/><U4/><E4/><V106/><F8/><W76/><G119/><T5/><D115/><U71/><AGARI ba="0,0" hai="7,11,15,45,47,60,64,71,108,109,111" m="6191" machi="71" ten="30,2000,0" yaku="14,1,54,1" doraHai="103" who="1" fromWho="1" sc="250,-10,250,20,250,-5,250,-5" /><INIT seed="1,0,0,4,3,101" ten="240,270,245,245" oya="1" hai0="134,90,10,61,24,19,28,31,30,91,17,60,71" hai1="131,46,133,3,95,41,26,127,108,75,130,8,40" hai2="77,98,78,126,23,76,57,27,38,2,106,135,58" hai3="79,119,66,115,6,13,74,50,109,84,32,15,104"/><U96/><E75/><V7/><F38/><W105/><G115/><T39/><D134/><U18/><E133/><V43/><F135/><W107/><G74/><T97/><D39/><U53/><E127/><V44/><F126/><W36/><G36/><T9/><D71/><U110/><E53/><V12/><F2/><W122/><G122/><T47/><D47/><U37/><E41/><V93/><F106/><W51/><G32/><T86/><D97/><U63/><E63/><N who="0" m="24137" /><D24/><U102/><E26/><V116/><F116/><W20/><G66/><T132/><D132/><U16/><E3/><V99/><F44/><W112/><G112/><T67/><D67/><U56/><E56/><V11/><F98/><W29/><G109/><N who="1" m="42090" /><E8/><N who="0" m="3177" /><D86/><U21/><E21/><V103/><REACH who="2" step="1"/><F43/><REACH who="2" ten="240,270,235,245" step="2"/><W45/><G119/><T72/><D72/><U65/><E65/><V70/><F70/><W25/><G45/><T121/><D121/><U14/><E14/><V35/><F35/><W33/><G33/><T125/><D125/><U85/><E85/><V81/><F81/><W100/><G15/><T49/><D49/><U123/><E123/><V54/><F54/><W124/><G124/><T5/><D5/><U80/><E80/><V34/><F34/><N who="3" m="20783" /><G6/><T92/><D92/><U42/><E42/><V68/><F68/><W114/><G114/><T94/><D94/><U83/><E83/><V62/><F62/><W59/><G51/><T48/><D48/><U52/><E52/><V117/><F117/><W89/><G50/><T129/><D129/><AGARI ba="0,1" hai="16,18,37,40,46,95,96,102,129,130,131" m="42090" machi="129" ten="30,11600,0" yaku="19,1,14,1,10,1,54,1" doraHai="101" who="1" fromWho="0" sc="240,-116,270,126,235,0,245,0" /><INIT seed="1,1,0,1,5,28" ten="124,396,235,245" oya="1" hai0="1,62,54,110,70,31,53,24,37,128,104,82,68" hai1="73,84,26,99,129,118,42,14,81,29,112,45,55" hai2="48,111,67,85,16,93,13,91,95,21,25,59,92" hai3="4,96,7,41,32,103,5,19,76,97,58,119,20"/><U87/><E112/><V90/><F111/><W94/><G119/><T27/><D128/><U47/><E118/><V108/><F108/><W134/><G134/><T132/><D132/><U101/><E129/><V122/><F122/><W34/><G76/><T18/><D110/><U63/><E14/><V44/><F67/><W77/><G77/><T106/><D37/><U61/><E73/><V78/><F59/><W98/><G41/><T2/><D82/><U71/><E71/><V114/><F114/><W60/><G103/><T124/><D31/><U49/><E84/><V9/><F90/><W117/><G94/><T33/><D18/><U17/><E17/><V11/><F78/><W23/><G117/><T113/><D113/><U38/><E87/><V15/><F15/><W75/><G75/><T69/><D69/><U35/><REACH who="1" step="1"/><E81/><REACH who="1" ten="124,386,235,245" step="2"/><N who="2" m="49583" /><F13/><W65/><REACH who="3" step="1"/><G19/><REACH who="3" ten="124,386,235,235" step="2"/><T125/><REACH who="0" step="1"/><D62/><REACH who="0" ten="114,386,235,235" step="2"/><U133/><E133/><V52/><AGARI ba="1,3" hai="9,11,16,21,25,44,48,52,92,93,95" m="49583" machi="52" ten="30,4000,0" yaku="8,1,54,2" doraHai="28" who="2" fromWho="2" sc="114,-11,386,-21,235,73,235,-11" /><INIT seed="2,0,0,1,1,52" ten="103,365,308,224" oya="2" hai0="91,11,90,79,29,28,110,71,35,77,0,30,105" hai1="64,120,12,54,111,85,121,129,17,47,67,60,96" hai2="125,63,22,34,20,87,128,81,21,113,122,19,13" hai3="104,108,49,88,109,15,26,32,50,75,56,78,31"/><V68/><F113/><W7/><G104/><T72/><D110/><N who="3" m="42601" /><G78/><T51/><D105/><U93/><E85/><V130/><F122/><N who="1" m="47209" /><E129/><N who="2" m="49771" /><F34/><W123/><G75/><T73/><D35/><U95/><E111/><V5/><F125/><W114/><G123/><T37/><D37/><U66/><E96/><V76/><F5/><W9/><G114/><T44/><D71/><U59/><E47/><V55/><F55/><N who="3" m="31855" /><G50/><T61/><D61/><U119/><E119/><V135/><F135/><W57/><G57/><T41/><D0/><U10/><AGARI ba="0,0" hai="10,12,17,54,59,60,64,66,67,93,95" m="47209" machi="10" ten="30,2000,0" yaku="13,1,52,1" doraHai="52" who="1" fromWho="1" sc="103,-5,365,20,308,-10,224,-5" /><INIT seed="3,0,0,5,1,103" ten="98,385,298,219" oya="3" hai0="3,98,74,45,15,32,64,25,21,10,128,19,40" hai1="121,65,47,38,68,122,26,114,23,96,102,49,127" hai2="81,2,20,63,11,6,124,57,59,126,9,22,130" hai3="56,44,46,61,28,75,34,35,84,113,88,129,8"/><W37/><G75/><T120/><D128/><U105/><E38/><V29/><F130/><W135/><G113/><T14/><D120/><U108/><E108/><V30/><F11/><W131/><G135/><T94/><D74/><U99/><E127/><N who="2" m="48683" /><F81/><W5/><G129/><T134/><D134/><U79/><E99/><V52/><F59/><W90/><G90/><T110/><D110/><U24/><E79/><V17/><F22/><W92/><G131/><T80/><D80/><U95/><E26/><AGARI ba="0,0" hai="2,6,9,17,20,26,29,30,52,57,63" m="48683" machi="26" ten="30,2000,0" yaku="18,1,54,1" doraHai="103" who="2" fromWho="1" sc="98,0,385,-20,298,20,219,0" owari="98,-40.2,365,46.5,318,11.8,219,-18.1" /></mjloggm>