<mjloggm ver="2.3"><GO type="225" lobby="0"/><UN n0="%E5%8D%8D%E6%B1%A0%E8%A2%8B%E6%9C%80%E5%BC%B7%E5%8D%8D" n1="%48%61%61%61%6C%61%6E%64" n2="%73%69%72%6F%75%74" n3="%6D%75%75%6D%75%72%61" dan="16,17,16,16" rate="2140.11,2230.27,2170.42,2123.39" sx="M,M,M,F"/><TAIKYOKU oya="0"/><INIT seed="0,0,0,2,5,118" ten="250,250,250,250" oya="0" hai0="88,91,48,104,20,6,85,14,121,29,32,92,40" hai1="17,73,54,67,16,33,22,18,28,90,97,3,109" hai2="2,47,120,83,106,15,79,63,41,65,62,50,75" hai3="64,13,133,115,58,95,61,0,80,87,11,66,23"/><T39/><D39/><U49/><E73/><V102/><F2/><W112/><G133/><T123/><D104/><U129/><E109/><V74/><F106/><W128/><G128/><T131/><D32/><U122/><E129/><V100/><F120/><W7/><G66/><T132/><D132/><U26/><E3/><V19/><F75/><W27/><G95/><T113/><D113/><U98/><E122/><V134/><F134/><W52/><G64/><T55/><D40/><U9/><E67/><V111/><F111/><W60/><G60/><T30/><D131/><U8/><E33/><V127/><F63/><W82/><G0/><T1/><D1/><U94/><REACH who="1" step="1"/><E97/><REACH who="1" ten="250,240,250,250" step="2"/><V124/><F127/><W105/><G105/><T35/><D35/><U10/><E10/><V125/><F124/><W72/><G72/><T53/><D123/><U103/><E103/><V110/><F125/><W71/><G71/><T51/><D121/><U114/><E114/><V135/><F110/><W107/><G107/><T34/><D34/><U59/><AGARI ba="0,1" hai="8,9,16,17,18,22,26,28,49,54,59,90,94,98" machi="59" ten="30,7900,0" yaku="1,1,0,1,8,1,54,1,53,0" doraHai="118" doraHaiUra="56" who="1" fromWho="1" sc="250,-39,240,89,250,-20,250,-20" /><INIT seed="1,0,0,1,4,27" ten="211,329,230,230" oya="1" hai0="65,28,102,58,84,128,73,106,45,112,9,61,6" hai1="124,38,31,32,83,80,20,4,2,78,121,33,92" hai2="14,132,63,98,105,51,46,5,101,125,70,22,66" hai3="76,111,90,49,91,74,109,47,54,25,131,108,135"/><U1/><E38/><V123/><F132/><W55/><G135/><T24/><D73/><U37/><E37/><V122/><F125/><W43/><G131/><T113/><D128/><U85/><E121/><V13/><F13/><W40/><G25/><T97/><D45/><U94/><E124/><V96/><F96/><W71/><G71/><T16/><D84/><U59/><E20/><V104/><F104/><W39/><G43/><T77/><D77/><U35/><E31/><V3/><F3/><W133/><G133/><T7/><D113/><U72/><E59/><V88/><F88/><N who="3" m="33835" /><G39/><T44/><D44/><U41/><E41/><V8/><REACH who="2" step="1"/><F22/><REACH who="2" ten="211,329,220,230" step="2"/><W34/><G34/><T79/><D112/><U19/><E1/><V82/><F82/><AGARI ba="0,1" hai="40,47,49,54,55,74,76,82,108,109,111" m="33835" machi="82" ten="40,2600,0" yaku="14,1,54,1" doraHai="27" who="3" fromWho="2" sc="211,0,329,0,220,-26,230,36" /><INIT seed="2,0,0,5,0,17" ten="211,329,194,266" oya="2" hai0="47,55,20,28,12,34,127,84,108,86,74,118,7" hai1="46,3,91,83,35,38,71,4,1,40,81,36,70" hai2="27,60,120,32,30,111,82,106,116,125,48,69,119" hai3="25,57,13,117,49,113,62,130,33,101,54,0,102"/><V129/><F120/><W107/><G0/><T80/><D108/><U123/><E35/><V66/><F111/><W16/><G117/><T100/><D127/><U63/><E123/><V15/><F125/><W135/><G130/><T24/><D34/><U131/><E131/><V14/><F129/><W29/><G135/><T121/><D118/><U43/><E91/><V51/><F116/><W93/><G107/><T45/><D121/><U39/><E63/><V68/><F68/><N who="1" m="26153" /><E46/><V22/><F119/><W94/><G113/><T6/><D100/><U58/><E58/><N who="2" m="37143" /><F32/><W77/><G77/><T31/><D74/><U78/><E78/><V73/><F73/><W79/><G79/><N who="0" m="46111" /><D86/><U26/><E38/><V87/><F69/><W42/><G102/><T65/><D65/><U90/><E36/><V37/><F37/><W18/><G101/><T105/><D105/><U85/><E39/><V41/><F106/><W23/><REACH who="3" step="1"/><G18/><REACH who="3" ten="211,329,194,256" step="2"/><N who="0" m="10311" /><D28/><U67/><E1/><V97/><F41/><W9/><G9/><T76/><D76/><U133/><E43/><V2/><F2/><W11/><G11/><T132/><D132/><U8/><E133/><V115/><F115/><W50/><G50/><N who="2" m="18985" /><F97/><W96/><G96/><T72/><D72/><U126/><E40/><V56/><F87/><W88/><G88/><T95/><D31/><U19/><E126/><V5/><F5/><W110/><G110/><T134/><D6/><U109/><E109/><V128/><F128/><W114/><G114/><T99/><D7/><U89/><E4/><V52/><F82/><W64/><G64/><T92/><D134/><RYUUKYOKU ba="0,1" sc="211,-15,329,-15,194,15,256,15" hai2="14,15,22,27,30,52,56" hai3="13,16,23,25,29,33,42,49,54,57,62,93,94" /><INIT seed="2,1,1,5,0,70" ten="196,314,209,271" oya="2" hai0="127,79,63,7,23,86,133,26,66,83,131,6,87" hai1="122,29,80,82,123,74,94,4,116,8,39,121,73" hai2="126,15,125,5,102,45,90,109,135,67,114,43,112" hai3="88,71,98,18,104,27,37,33,47,44,64,72,50"/><V78/><F102/><W42/><G72/><N who="1" m="27754" /><E116/><V103/><F78/><W129/><G129/><T55/><D133/><U38/><E29/><V132/><F103/><W60/><G104/><T28/><D127/><N who="2" m="48650" /><F90/><W62/><G62/><T46/><D131/><U124/><E124/><V85/><F85/><W51/><G88/><T13/><D13/><N who="1" m="5255" /><E94/><V81/><F81/><AGARI ba="1,1" hai="38,39,80,81,82,121,122,123" m="5255,27754" machi="81" ten="40,5200,0" yaku="13,1,52,2" doraHai="70" who="1" fromWho="2" sc="196,0,314,65,209,-55,271,0" /><INIT seed="3,0,0,2,2,99" ten="196,379,154,271" oya="3" hai0="102,104,37,56,23,119,131,3,63,108,31,109,40" hai1="97,47,48,28,21,121,115,135,7,54,67,25,30" hai2="126,87,60,132,73,12,5,34,90,93,2,61,39" hai3="72,29,49,58,123,124,80,105,68,26,55,76,95"/><W38/><G105/><T118/><D3/><U122/><E115/><V100/><F39/><W125/><G123/><T83/><D83/><U22/><E135/><V9/><F34/><W0/><G0/><T113/><D40/><U10/><E67/><V32/><F126/><W1/><G1/><T15/><D37/><U57/><E97/><V19/><F73/><W13/><G38/><T101/><D113/><U71/><E71/><V77/><F77/><W42/><G42/><T6/><D6/><U51/><E22/><V111/><F111/><N who="0" m="42570" /><D104/><U86/><E86/><V128/><F132/><W20/><G68/><T70/><D70/><U79/><E79/><V8/><F32/><W50/><G13/><T66/><D131/><U35/><E7/><V16/><F128/><W24/><G24/><N who="0" m="16799" /><D15/><U17/><E121/><V133/><F133/><W106/><G106/><T81/><D81/><U43/><E122/><V64/><F19/><W18/><G18/><T94/><D94/><U45/><E10/><V114/><F114/><W117/><G117/><AGARI ba="0,0" hai="56,63,66,101,102,117,118,119" m="16799,42570" machi="117" ten="30,3900,0" yaku="14,1,52,2" doraHai="99" who="0" fromWho="3" sc="196,39,379,0,154,0,271,-39" owari="235,3.5,379,47.9,154,-34.6,232,-16.8" /></mjloggm>