<mjloggm ver="2.3"><GO type="225" lobby="0"/><UN n0="%E6%B8%A9%E2%98%85%E6%83%85%E2%98%85%E6%8E%AA%E2%98%85%E7%BD%AE" n1="%E7%B4%94%E6%BD%94%E3%83%94%E3%83%A9%E3%83%8B%E3%82%A2" n2="%E7%AD%89%E3%80%85%E5%8A%9B%E5%8A%87%E5%A0%B4" n3="%E3%81%86%E3%81%A9%E3%82%93%E3%81%93" dan="16,17,16,16" rate="2152.40,2191.38,2153.34,2112.03" sx="M,M,M,M"/><TAIKYOKU oya="0"/><INIT seed="0,0,0,4,5,119" ten="250,250,250,250" oya="0" hai0="95,9,11,107,63,134,101,67,31,125,61,35,59" hai1="6,131,80,58,52,75,122,124,127,37,114,64,21" hai2="34,36,38,82,110,93,129,128,20,74,111,68,16" hai3="130,7,87,126,12,48,90,53,100,78,99,5,62"/><T29/><D107/><U97/><E37/><N who="2" m="14443" /><F34/><W47/><G130/><N who="2" m="50281" /><F68/><W116/><G78/><T73/><D73/><U98/><E131/><V72/><F93/><W60/><G126/><N who="1" m="48170" /><E64/><V32/><F32/><W27/><G116/><T2/><D125/><U83/><E114/><V69/><F69/><W70/><G27/><T71/><D35/><U46/><E46/><V39/><N who="2" m="14451" /><V132/><DORA hai="118" /><F132/><W135/><G135/><T54/><D134/><U14/><E122/><V84/><F74/><W24/><G24/><T30/><REACH who="0" step="1"/><D2/><REACH who="0" ten="240,250,250,250" step="2"/><U28/><E75/><V86/><F72/><W79/><G70/><T76/><D76/><U23/><E28/><V50/><F111/><W104/><G79/><T26/><D26/><U45/><E83/><V123/><F110/><W66/><G12/><T49/><D49/><U55/><E80/><V109/><F50/><W13/><G13/><T77/><D77/><U85/><E14/><V121/><F109/><W133/><G133/><T42/><D42/><U51/><E51/><V92/><F82/><W96/><G48/><T3/><D3/><U81/><E45/><V15/><F92/><W108/><G104/><T94/><D94/><U10/><E81/><V57/><F57/><W65/><G108/><T113/><D113/><U103/><E58/><V22/><F20/><W56/><G56/><T102/><D102/><U44/><E23/><V105/><F105/><W120/><G100/><T89/><D89/><U8/><E21/><V25/><F15/><W33/><G90/><T18/><D18/><U43/><E103/><V117/><F117/><RYUUKYOKU ba="0,1" sc="240,15,250,-15,250,15,250,-15" hai0="9,11,29,30,31,54,59,61,63,67,71,95,101" hai2="16,22,25,84,86,121,123" /><INIT seed="0,1,1,2,0,67" ten="255,235,265,235" oya="0" hai0="90,9,22,60,132,122,112,96,120,115,121,123,83" hai1="72,56,48,86,58,76,129,19,37,36,99,50,17" hai2="93,38,78,3,70,85,26,28,98,100,65,44,106" hai3="59,81,39,16,125,118,84,27,53,12,6,8,40"/><T87/><D132/><U24/><E72/><V32/><F3/><W45/><G118/><T101/><N who="0" m="30720" /><DORA hai="95" /><T69/><D22/><U68/><E86/><V114/><F114/><W126/><G27/><T34/><D34/><U55/><E76/><V131/><F131/><W103/><G6/><T5/><D60/><U4/><E24/><V92/><F38/><W14/><G14/><T80/><D69/><U104/><E4/><V41/><F78/><W2/><G2/><T47/><D47/><U111/><E111/><V108/><F85/><W7/><G7/><T116/><D116/><U33/><E33/><V66/><F66/><W11/><G11/><T79/><D9/><U43/><E104/><V49/><F108/><W77/><REACH who="3" step="1"/><G103/><REACH who="3" ten="255,235,265,225" step="2"/><T74/><D5/><U130/><E43/><V23/><REACH who="2" step="1"/><F23/><REACH who="2" ten="255,235,255,225" step="2"/><W73/><G73/><T71/><D71/><U54/><E68/><V88/><F88/><W1/><G1/><T10/><D10/><U89/><E89/><V133/><F133/><W75/><G75/><T0/><D0/><U117/><E117/><V62/><AGARI ba="1,3" hai="26,28,32,41,44,49,62,65,70,92,93,98,100,106" machi="62" ten="30,12000,2" yaku="1,1,0,1,25,2,52,2,53,1" doraHai="67,95" doraHaiUra="127,21" who="2" fromWho="2" sc="255,-61,235,-31,255,153,225,-31" /><INIT seed="1,0,0,4,4,41" ten="194,204,408,194" oya="1" hai0="65,99,15,20,122,10,92,3,49,9,16,131,119" hai1="79,55,74,42,76,13,100,43,34,21,18,85,73" hai2="8,63,59,32,1,132,104,106,125,39,25,58,135" hai3="68,133,24,108,120,45,91,60,67,19,2,89,126"/><U6/><E34/><V88/><F125/><W124/><G120/><T36/><D36/><U22/><E100/><V38/><F1/><W107/><G107/><T87/><D119/><U14/><E55/><V40/><F8/><W93/><G108/><T117/><D117/><U23/><E85/><V114/><F114/><W27/><G133/><N who="2" m="51273" /><F39/><W121/><G121/><T96/><D122/><U53/><E53/><V123/><F123/><W81/><G2/><T62/><D131/><U105/><E105/><V86/><F25/><W64/><G64/><T94/><D3/><U129/><E129/><V56/><BYE who="1" /><F32/><UN n1="%E7%B4%94%E6%BD%94%E3%83%94%E3%83%A9%E3%83%8B%E3%82%A2" /><W80/><G91/><N who="0" m="53375" /><D10/><U75/><E6/><V11/><F11/><W82/><G45/><T102/><D9/><U50/><E18/><V103/><F63/><W118/><G118/><T109/><D109/><U47/><REACH who="1" step="1"/><E43/><REACH who="1" ten="194,194,408,194" step="2"/><V51/><F103/><W66/><G66/><T44/><D65/><U69/><E69/><V72/><F106/><W113/><G113/><T7/><D7/><U97/><E97/><V4/><F4/><W37/><G19/><T29/><D99/><U33/><E33/><V12/><F104/><W127/><G37/><T95/><D96/><AGARI ba="0,1" hai="24,27,60,67,68,80,81,82,89,93,96,124,126,127" machi="96" ten="50,1600,0" yaku="18,1" doraHai="41" who="3" fromWho="0" sc="194,-16,194,0,408,0,194,26" /><INIT seed="2,0,0,1,2,75" ten="178,194,408,220" oya="2" hai0="23,29,94,38,45,81,48,59,89,70,16,2,99" hai1="64,74,88,34,120,11,129,36,50,93,68,1,91" hai2="39,15,135,102,100,25,130,24,104,97,92,21,79" hai3="61,72,116,41,109,122,46,7,101,111,9,55,124"/><V53/><F39/><W10/><G116/><T131/><D70/><U115/><E36/><V71/><F71/><W113/><G122/><T125/><D2/><U17/><E74/><V123/><F123/><W96/><G72/><T121/><D121/><U108/><E115/><V31/><F135/><W69/><G124/><T13/><D125/><U107/><E107/><V0/><F0/><W51/><G113/><T30/><D131/><U54/><E129/><V8/><F130/><W28/><G28/><T43/><D38/><U133/><E34/><V20/><F79/><W52/><G55/><T12/><D59/><U49/><E108/><N who="3" m="41546" /><G7/><T42/><D42/><U40/><E133/><V77/><F77/><W82/><G82/><T76/><REACH who="0" step="1"/><D13/><REACH who="0" ten="168,194,408,220" step="2"/><U37/><E1/><V106/><F15/><W47/><G69/><T127/><D127/><U132/><E37/><V66/><F106/><N who="3" m="63783" /><G46/><T83/><D83/><U62/><E132/><V134/><F134/><W84/><G41/><T22/><D22/><U33/><E120/><V87/><F21/><W27/><G47/><T85/><AGARI ba="0,1" hai="12,16,23,29,30,43,45,48,76,81,85,89,94,99" machi="85" ten="20,12000,2" yaku="1,1,0,1,7,1,8,1,52,1,54,1,53,0" doraHai="75" doraHaiUra="32" who="0" fromWho="0" sc="168,130,194,-30,408,-60,220,-30" /><INIT seed="3,0,0,4,3,49" ten="298,164,348,190" oya="3" hai0="133,50,123,37,67,22,11,103,29,85,98,56,107" hai1="59,89,51,54,115,34,100,87,76,102,113,63,118" hai2="46,65,17,135,79,124,131,80,104,92,36,9,1" hai3="74,25,132,116,32,117,108,43,94,75,72,27,71"/><W122/><G122/><T57/><D37/><U60/><E34/><V40/><F104/><W30/><G132/><T45/><D123/><U38/><E38/><V23/><F135/><W68/><G108/><T112/><D133/><U91/><E118/><V95/><F131/><W35/><G94/><T64/><D112/><U33/><E33/><V0/><F124/><W4/><G4/><T69/><D11/><U26/><E115/><V81/><F65/><W134/><G43/><T119/><D119/><N who="3" m="45641" /><G134/><T106/><D106/><U128/><E128/><V10/><F10/><W61/><G61/><N who="1" m="23626" /><E113/><V44/><F81/><W42/><G42/><T13/><D85/><U58/><E26/><N who="3" m="9738" /><G30/><T14/><D29/><U12/><E76/><V121/><F79/><W55/><G55/><T101/><D69/><AGARI ba="0,0" hai="32,35,68,69,71,72,74,75" m="9738,45641" machi="69" ten="40,3900,0" yaku="28,2" doraHai="49" who="3" fromWho="0" sc="298,-39,164,0,348,0,190,39" /><INIT seed="3,1,0,5,5,119" ten="259,164,348,229" oya="3" hai0="113,42,25,52,53,120,135,28,44,73,99,131,61" hai1="55,45,81,128,79,69,123,40,115,50,133,122,26" hai2="86,37,102,124,41,4,10,101,78,66,75,130,106" hai3="85,21,127,97,117,93,60,2,15,54,89,87,3"/><W35/><G117/><T14/><D120/><U22/><E115/><V56/><F106/><W107/><G35/><T29/><D73/><U134/><E69/><V74/><F74/><W88/><G127/><T12/><D131/><U118/><E128/><V64/><F75/><W72/><G72/><T95/><D135/><U80/><E118/><V112/><F112/><W30/><G107/><T109/><D109/><U111/><E111/><V1/><F130/><W70/><G97/><T18/><D14/><U49/><E79/><V24/><F124/><W92/><G54/><N who="0" m="21099" /><D25/><U121/><E50/><V34/><F24/><W7/><G30/><T59/><D44/><U104/><E104/><V132/><F34/><W129/><G129/><T125/><D42/><U39/><E39/><V58/><F41/><W46/><G46/><T76/><D76/><U17/><REACH who="1" step="1"/><E40/><REACH who="1" ten="259,154,348,229" step="2"/><V114/><F78/><W5/><G70/><T47/><D113/><U90/><E90/><V94/><F37/><W82/><G60/><T105/><D105/><U91/><E91/><V6/><F114/><W33/><G82/><AGARI ba="1,1" hai="17,22,26,45,49,55,80,81,82,121,122,123,133,134" machi="82" ten="50,8000,1" yaku="1,1,52,3,53,0" doraHai="119" doraHaiUra="126" who="1" fromWho="3" sc="259,0,154,93,348,0,229,-83" owari="259,5.9,247,-15.3,348,44.8,146,-35.4" /></mjloggm>