<mjloggm ver="2.3"><GO type="225" lobby="0"/><UN n0="%74%61%6B%75%61%6B%61" n1="%72%69%6F%75%63%68%61%6E" n2="%E3%83%AD%E3%83%83%E3%83%86%E9%9B%80%E7%90%83" n3="%61%69%73%79%6F" dan="16,17,17,17" rate="2143.26,2154.96,2208.29,2211.14" sx="M,M,M,M"/><TAIKYOKU oya="0"/><INIT seed="0,0,0,0,4,20" ten="250,250,250,250" oya="0" hai0="43,21,10,55,110,41,39,91,133,49,62,68,99" hai1="131,129,116,0,7,25,56,105,89,122,104,31,96" hai2="24,32,64,109,86,113,54,60,37,111,38,126,2" hai3="88,66,58,69,50,117,98,15,47,35,46,90,51"/><T93/><D133/><U27/><E116/><V70/><F113/><W23/><G117/><T83/><D110/><N who="2" m="41994" /><F126/><W18/><G35/><T4/><D39/><U40/><E122/><V77/><F2/><W84/><G69/><T103/><D68/><U52/><E40/><V135/><F54/><W119/><G119/><T6/><D62/><U22/><E25/><V123/><F123/><W12/><G12/><N who="0" m="5191" /><D6/><U101/><E105/><V125/><F125/><W124/><G124/><T134/><D21/><U76/><E76/><V73/><F86/><W57/><G98/><T118/><D134/><U53/><E89/><N who="3" m="34410" /><G84/><N who="0" m="50591" /><D118/><U16/><E31/><N who="2" m="19559" /><F135/><W3/><G3/><T33/><D33/><U80/><E80/><AGARI ba="0,0" hai="37,38,60,64,70,73,77,80" m="19559,41994" machi="80" ten="30,3900,0" yaku="14,1,23,1,52,1" doraHai="20" who="2" fromWho="1" sc="250,0,250,-39,250,39,250,0" /><INIT seed="1,0,0,2,0,15" ten="250,211,289,250" oya="1" hai0="21,30,92,54,98,114,59,41,74,72,51,17,56" hai1="70,53,96,107,25,48,35,6,121,26,1,77,13" hai2="83,134,112,9,29,115,4,55,46,39,87,128,118" hai3="102,36,67,16,49,91,2,108,119,116,88,127,109"/><U101/><E121/><V42/><F118/><N who="3" m="45099" /><G36/><T47/><D114/><N who="2" m="43562" /><F134/><W28/><G2/><T86/><D30/><U23/><E70/><V131/><F55/><W122/><G122/><T106/><D106/><U60/><E35/><V24/><F9/><W61/><G127/><T84/><D72/><U135/><E135/><V97/><F97/><W40/><G102/><N who="0" m="60743" /><D74/><U20/><E60/><V14/><F14/><W52/><G28/><T5/><D5/><U89/><E77/><N who="2" m="46575" /><F4/><W27/><G40/><T99/><D99/><U63/><E63/><V93/><F93/><W65/><G109/><T124/><D124/><U44/><E89/><N who="3" m="34378" /><G61/><N who="0" m="35991" /><D59/><U126/><E126/><V125/><F125/><W103/><G103/><T12/><AGARI ba="0,0" hai="12,17,21,41,47,51,84,86" m="35991,60743" machi="12" ten="30,2000,0" yaku="8,1,52,1" doraHai="15" who="0" fromWho="0" sc="250,20,211,-10,289,-5,250,-5" /><INIT seed="2,0,0,2,1,123" ten="270,201,284,245" oya="2" hai0="107,64,110,20,42,23,105,94,102,26,24,11,37" hai1="53,134,32,99,7,22,68,112,15,120,78,66,103" hai2="57,60,100,119,25,87,51,113,43,98,73,33,54" hai3="45,47,28,127,61,5,40,69,116,126,44,14,49"/><V79/><F73/><W46/><G28/><T121/><D121/><U133/><E112/><V92/><F119/><W55/><G5/><T63/><D11/><U8/><E120/><V3/><F3/><W108/><G14/><T85/><D42/><U83/><E32/><V31/><F113/><W59/><G116/><T96/><D37/><U70/><E53/><V93/><F92/><W106/><G106/><T80/><D20/><U90/><E90/><V118/><F118/><W34/><G34/><T91/><D26/><U104/><E22/><V2/><F2/><W30/><G30/><T0/><D0/><U109/><E109/><V115/><F115/><W101/><G101/><T29/><REACH who="0" step="1"/><D110/><REACH who="0" ten="260,201,284,245" step="2"/><U111/><E111/><V86/><F43/><W41/><G108/><T35/><D35/><U131/><E131/><V74/><F25/><W128/><G128/><T95/><D95/><U72/><REACH who="1" step="1"/><E66/><REACH who="1" ten="260,191,284,245" step="2"/><V17/><F33/><W75/><G40/><T39/><D39/><U82/><E82/><V77/><F54/><W117/><G117/><T62/><D62/><U18/><E18/><V124/><F17/><W114/><G114/><T97/><D97/><U89/><E89/><V9/><F98/><W81/><G41/><T122/><D122/><U67/><E67/><V16/><F60/><W132/><G61/><T56/><AGARI ba="0,2" hai="23,24,29,56,63,64,80,85,91,94,96,102,105,107" machi="56" ten="20,8000,1" yaku="1,1,0,1,7,1,25,2,53,0" doraHai="123" doraHaiUra="13" who="0" fromWho="0" sc="260,100,191,-20,284,-40,245,-20" /><INIT seed="3,0,0,4,5,42" ten="360,171,244,225" oya="3" hai0="60,77,80,59,41,30,79,76,113,124,81,131,123" hai1="97,5,89,15,32,34,4,92,36,26,99,86,51" hai2="65,101,55,72,28,57,98,100,110,133,12,117,2" hai3="68,78,45,82,14,74,39,126,109,125,93,87,129"/><W134/><G68/><T35/><D123/><U105/><E36/><V63/><F2/><W29/><G134/><T120/><D120/><U37/><E37/><V56/><F72/><W13/><G129/><T25/><D124/><N who="3" m="47721" /><G29/><T69/><D69/><U102/><E26/><V121/><F110/><W62/><G62/><T0/><D0/><U7/><E15/><N who="3" m="5642" /><G109/><T9/><D9/><U85/><E86/><V19/><F117/><W31/><G31/><T38/><D131/><U11/><E11/><V67/><F133/><W95/><G74/><T64/><REACH who="0" step="1"/><D113/><REACH who="0" ten="350,171,244,225" step="2"/><U111/><E111/><V53/><F121/><W1/><G1/><T132/><D132/><U50/><REACH who="1" step="1"/><E85/><REACH who="1" ten="350,161,244,225" step="2"/><V91/><F12/><W46/><G39/><T33/><D33/><AGARI ba="0,2" hai="4,5,7,32,33,34,50,51,89,92,97,99,102,105" machi="33" ten="40,2600,0" yaku="1,1,2,1,53,0" doraHai="42" doraHaiUra="10" who="1" fromWho="0" sc="350,-26,161,46,244,0,225,0" owari="324,42.4,207,-29.3,244,4.4,225,-17.5" /></mjloggm>