<mjloggm ver="2.3"><GO type="225" lobby="0"/><UN n0="%E3%81%86%E3%83%BC%E3%81%B1%E3%83%BC" n1="%E3%81%82%E3%81%99%E3%81%AB%E3%82%83%E3%82%80" n2="%6E%69%63%6F%6E%74%6F" n3="%E6%98%93%E5%88%A9%E8%96%A9%E4%BC%AF" dan="16,16,17,16" rate="2140.12,2115.62,2127.83,2067.93" sx="F,M,M,F"/><TAIKYOKU oya="0"/><INIT seed="0,0,0,1,2,42" ten="250,250,250,250" oya="0" hai0="47,86,0,31,95,72,114,89,98,99,69,36,38" hai1="25,66,34,8,125,16,110,14,111,62,107,18,93" hai2="30,53,120,55,67,130,118,17,65,63,11,73,68" hai3="79,7,83,1,32,106,105,4,121,50,124,90,131"/><T51/><D114/><U129/><E107/><V23/><F120/><W104/><G32/><T100/><D72/><U24/><E129/><V113/><F113/><W39/><G39/><T35/><D0/><U26/><E125/><V45/><F130/><W20/><G121/><T58/><D69/><U134/><E134/><V19/><F118/><W37/><G37/><T44/><D98/><U71/><E34/><V75/><F67/><W92/><G124/><T54/><D38/><U61/><E93/><V13/><F30/><W3/><G20/><T48/><D36/><U64/><REACH who="1" step="1"/><E18/><REACH who="1" ten="250,240,250,250" step="2"/><V132/><F132/><W133/><G133/><T128/><D128/><U97/><E97/><V70/><F70/><AGARI ba="0,1" hai="8,14,16,24,25,26,61,62,64,66,70,71,110,111" machi="70" ten="40,5200,0" yaku="1,1,9,1,54,1,53,0" doraHai="42" doraHaiUra="78" who="1" fromWho="2" sc="250,0,240,62,250,-52,250,0" /><INIT seed="1,0,0,1,1,93" ten="250,302,198,250" oya="1" hai0="64,124,125,123,60,114,107,120,4,119,11,50,3" hai1="89,67,111,37,48,103,2,24,12,44,9,87,18" hai2="101,99,13,17,115,54,100,127,122,28,121,14,31" hai3="23,91,25,76,41,96,36,20,90,118,47,65,102"/><U32/><E111/><V35/><F127/><N who="0" m="48714" /><D114/><U49/><E67/><V110/><F110/><W98/><G118/><T59/><D119/><U0/><E103/><V19/><F54/><W72/><G65/><T84/><D107/><U74/><E74/><V95/><F35/><W106/><G23/><T113/><D113/><U108/><E108/><V82/><F82/><W39/><G39/><T29/><D29/><U53/><E37/><V130/><F115/><W81/><REACH who="3" step="1"/><G96/><REACH who="3" ten="250,302,198,240" step="2"/><T40/><D84/><U77/><E32/><V56/><F122/><W112/><G112/><T1/><D1/><U105/><E0/><V134/><F121/><W131/><G131/><T10/><D10/><U66/><E2/><V128/><F128/><W27/><G27/><T132/><D132/><U38/><E24/><V61/><F130/><W21/><G21/><T75/><D75/><U30/><E38/><V43/><F134/><W55/><G55/><N who="0" m="32247" /><D40/><U92/><E9/><N who="2" m="6319" /><F43/><W68/><G68/><AGARI ba="0,1" hai="3,4,11,60,64,68,120,123" m="32247,48714" machi="68" ten="30,1000,0" yaku="18,1" doraHai="93" who="0" fromWho="3" sc="250,20,302,0,198,0,240,-10" /><INIT seed="2,0,0,5,5,47" ten="270,302,198,230" oya="2" hai0="42,15,122,48,112,81,125,54,52,75,41,106,43" hai1="82,9,92,30,110,83,121,3,70,60,57,126,29" hai2="116,1,101,97,2,4,90,14,134,135,19,24,23" hai3="45,85,129,33,74,51,108,79,132,128,88,84,18"/><V96/><F90/><W56/><G33/><T10/><D122/><U27/><E110/><V38/><F38/><W115/><G108/><T87/><D112/><U86/><E70/><V80/><F80/><W26/><G56/><N who="0" m="32775" /><D106/><U65/><E126/><V63/><F63/><W103/><G103/><T133/><D75/><U53/><E30/><V118/><F97/><W37/><G37/><T22/><D133/><N who="2" m="50698" /><F96/><W11/><G115/><T119/><D125/><U0/><E121/><V12/><F101/><W120/><G74/><T31/><D54/><U114/><E114/><V124/><F124/><W13/><G26/><N who="0" m="16855" /><D119/><N who="2" m="45610" /><F24/><W102/><G102/><T7/><D43/><U94/><E27/><V49/><F49/><W68/><G68/><T17/><D7/><U5/><E5/><V71/><F71/><W95/><G132/><T34/><D34/><U35/><E35/><V69/><F69/><W64/><G120/><T127/><D127/><U91/><E53/><V99/><F99/><W66/><G64/><T93/><D93/><U44/><E92/><V109/><F109/><W32/><G32/><T55/><D55/><U104/><E65/><V36/><F36/><W113/><G66/><T123/><D123/><U39/><E94/><V111/><F111/><W58/><G113/><T130/><D81/><U28/><E82/><V107/><F107/><W59/><G59/><T50/><D42/><U6/><E83/><V105/><F105/><W21/><G58/><T67/><D67/><U46/><E57/><V76/><F76/><W73/><G79/><T8/><D41/><U25/><E39/><RYUUKYOKU ba="0,0" sc="270,-10,302,-10,198,30,230,-10" hai2="1,2,4,12,14,19,23" /><INIT seed="2,1,0,3,1,85" ten="260,292,228,220" oya="2" hai0="132,63,11,35,104,97,58,75,0,40,69,7,26" hai1="32,115,50,33,4,108,61,66,17,112,135,19,45" hai2="34,29,106,68,52,13,120,79,48,102,42,89,67" hai3="28,130,105,16,99,101,44,6,37,76,86,91,126"/><V12/><F120/><W122/><G122/><T57/><D75/><U71/><E108/><V2/><F2/><W31/><G6/><T78/><D78/><U113/><E4/><V47/><F79/><W38/><G130/><T133/><D40/><U93/><E135/><N who="0" m="51785" /><D69/><U49/><E93/><V118/><F118/><W103/><G103/><N who="0" m="62575" /><D63/><U127/><E127/><V110/><F110/><W111/><G111/><T23/><D35/><U98/><E98/><N who="2" m="61783" /><F89/><W77/><G126/><T22/><D22/><U53/><REACH who="1" step="1"/><E50/><REACH who="1" ten="260,282,228,220" step="2"/><V72/><F72/><W87/><G38/><T41/><D41/><U107/><E107/><V25/><F42/><W54/><G37/><T92/><D92/><U5/><E5/><V64/><F64/><W24/><G105/><T14/><D0/><U100/><E100/><V131/><F131/><W15/><G101/><T55/><D55/><U116/><E116/><V3/><F3/><W129/><G129/><T60/><D60/><AGARI ba="1,1" hai="12,13,25,29,34,47,48,52,60,67,68" m="61783" machi="60" ten="30,2900,0" yaku="25,1,54,1" doraHai="85" who="2" fromWho="0" sc="260,-32,282,0,228,42,220,0" /><INIT seed="2,2,0,2,1,80" ten="228,282,270,220" oya="2" hai0="98,69,65,97,8,74,77,28,34,67,52,45,68" hai1="72,35,90,12,56,4,102,16,58,19,94,127,114" hai2="30,36,39,134,79,108,43,32,59,57,104,106,93" hai3="53,20,122,120,111,87,44,112,49,66,38,78,95"/><V101/><F134/><W86/><G111/><T133/><D77/><U46/><E114/><V13/><F108/><W110/><G110/><T7/><D74/><U83/><E35/><V128/><F128/><W73/><G112/><T27/><D133/><U119/><E119/><V81/><F32/><W1/><G1/><T62/><D67/><U42/><E127/><V118/><F30/><W23/><G38/><T88/><D68/><U37/><E102/><V116/><F93/><W126/><G126/><T11/><D97/><U100/><E100/><V115/><F101/><W85/><G66/><T82/><D7/><U64/><E64/><V61/><F115/><W71/><G71/><T55/><D98/><U40/><E40/><V135/><F135/><W130/><G95/><T84/><REACH who="0" step="1"/><D55/><REACH who="0" ten="218,282,270,220" step="2"/><U91/><E72/><V18/><F79/><W50/><G130/><T75/><D75/><U105/><E4/><V121/><F118/><W10/><G73/><T51/><AGARI ba="2,1" hai="8,11,27,28,34,45,51,52,62,65,69,82,84,88" machi="51" ten="30,8000,1" yaku="1,1,0,1,52,1,54,2,53,0" doraHai="80" doraHaiUra="70" who="0" fromWho="0" sc="218,96,282,-22,270,-42,220,-22" /><INIT seed="3,0,0,0,2,106" ten="314,260,228,198" oya="3" hai0="98,125,87,10,132,95,9,79,32,102,18,115,41" hai1="85,36,129,25,131,72,104,28,48,76,120,31,12" hai2="111,110,119,103,14,21,3,86,93,68,44,33,38" hai3="121,7,51,23,0,45,99,56,70,50,62,127,100"/><W57/><G121/><T19/><D32/><U30/><E36/><V22/><F119/><W47/><G70/><T54/><D41/><U117/><E104/><V60/><F3/><W78/><G127/><T89/><D79/><U94/><E120/><V116/><F33/><W83/><G0/><T112/><D54/><U67/><E67/><V6/><F116/><W4/><G23/><T42/><D42/><U109/><E109/><N who="2" m="41483" /><F44/><W66/><G56/><T2/><D132/><U5/><E48/><V118/><F38/><W81/><G50/><T59/><D59/><U74/><E25/><V114/><F114/><N who="0" m="43562" /><D125/><U77/><E117/><V96/><F86/><W43/><G47/><T108/><D108/><U53/><E53/><V126/><F126/><W105/><REACH who="3" step="1"/><G81/><REACH who="3" ten="314,260,228,188" step="2"/><N who="0" m="49391" /><D10/><U52/><E31/><V39/><F39/><W58/><G58/><T90/><D9/><U124/><E30/><V8/><F118/><W63/><G63/><T134/><D2/><U61/><E28/><V16/><F6/><W13/><G13/><T29/><D29/><U26/><E12/><V34/><F34/><W20/><G20/><T123/><D123/><U71/><E5/><V80/><F22/><W17/><G17/><T1/><D1/><U49/><E71/><V64/><F21/><W24/><G24/><T130/><D18/><U122/><E26/><V135/><F80/><W88/><G88/><T73/><D90/><N who="1" m="53583" /><E122/><V84/><F135/><W82/><G82/><T133/><D19/><U128/><E124/><V113/><F113/><W97/><G97/><N who="0" m="59711" /><D134/><U37/><E37/><V69/><F69/><RYUUKYOKU ba="0,1" sc="314,-15,260,-15,228,15,188,15" hai2="8,14,16,60,64,68,84,93,96,103" hai3="4,7,43,45,51,57,62,66,78,83,99,100,105" /><INIT seed="3,1,1,1,0,44" ten="299,245,243,203" oya="3" hai0="116,80,91,23,50,11,125,2,51,47,76,30,105" hai1="60,98,109,78,120,55,108,115,131,68,13,12,133" hai2="74,18,110,79,62,89,121,33,49,34,3,95,127" hai3="45,58,66,16,124,77,65,67,14,25,112,17,35"/><W53/><G112/><T38/><D116/><U22/><E115/><V0/><F110/><N who="1" m="42601" /><E120/><V40/><F127/><W5/><G124/><T36/><D105/><U83/><E133/><V63/><F121/><W103/><G45/><T39/><D91/><U1/><E1/><V31/><F74/><W132/><G132/><T75/><D125/><U72/><E131/><V15/><F79/><W86/><G103/><T61/><D61/><U134/><E134/><V69/><F3/><W123/><G123/><T82/><D82/><U43/><E43/><V4/><F4/><W59/><G35/><T104/><D104/><U92/><E22/><V46/><F0/><W71/><G71/><T114/><D114/><U85/><E85/><V106/><F106/><W88/><G77/><T119/><D119/><U21/><E21/><V99/><F31/><W8/><G25/><T24/><D47/><U57/><E68/><V52/><F63/><N who="3" m="36303" /><G59/><T54/><D54/><U81/><E81/><AGARI ba="1,1" hai="5,8,14,16,17,65,66,67,81,86,88" m="36303" machi="81" ten="30,5800,0" yaku="8,1,54,2" doraHai="44" who="3" fromWho="1" sc="299,0,245,-61,243,0,203,71" /><INIT seed="3,2,0,2,5,40" ten="299,184,243,274" oya="3" hai0="37,2,0,7,34,129,69,117,130,124,89,49,103" hai1="105,61,87,31,63,82,133,127,75,68,47,125,95" hai2="65,4,90,51,43,85,120,78,56,57,114,71,93" hai3="6,84,3,26,67,104,66,24,52,12,111,131,16"/><W81/><G104/><T21/><D37/><U32/><E105/><V23/><F114/><W128/><G3/><T70/><D34/><U115/><E115/><V22/><F120/><W101/><G6/><T99/><D117/><U1/><E1/><V96/><F71/><W118/><G101/><T92/><D124/><N who="1" m="47691" /><E133/><V102/><F4/><W58/><G111/><T42/><D21/><N who="2" m="7690" /><F78/><N who="3" m="46135" /><G118/><T76/><D76/><N who="1" m="44319" /><E68/><N who="0" m="26217" /><D103/><U15/><E15/><V19/><F19/><W135/><G135/><T41/><D7/><U97/><E87/><V29/><F29/><W77/><G77/><T46/><D41/><U94/><E47/><N who="2" m="26111" /><F65/><N who="3" m="24587" /><G131/><AGARI ba="2,0" hai="0,2,42,46,49,89,92,99,129,130,131" m="26217" machi="131" ten="30,2000,0" yaku="19,1,52,1" doraHai="40" who="0" fromWho="3" sc="299,26,184,0,243,0,274,-26" owari="325,42.5,184,-31.6,243,-15.7,248,4.8" /></mjloggm>