<mjloggm ver="2.3"><GO type="225" lobby="0"/><UN n0="%E3%81%A9%E3%82%8F%E3%82%93%E3%81%94" n1="%6D%75%75%6D%75%72%61" n2="%E3%81%B2%E3%81%AA%E3%81%AE%E3%82%8A%E3%81%8F" n3="%E6%9C%AA%E6%9D%A5%E5%B0%91%E5%B9%B4" dan="16,16,16,16" rate="2195.09,2127.23,2093.35,2136.79" sx="M,F,M,M"/><TAIKYOKU oya="0"/><INIT seed="0,0,0,4,2,94" ten="250,250,250,250" oya="0" hai0="67,47,52,106,68,126,8,48,128,59,19,124,39" hai1="117,33,58,46,34,12,60,20,27,75,96,102,26" hai2="86,130,43,97,132,0,35,84,122,70,101,95,85" hai3="112,11,65,91,38,129,24,78,81,41,118,98,105"/><T131/><D106/><U54/><E117/><V4/><F122/><W107/><G112/><T104/><D104/><U108/><E108/><V88/><F70/><W110/><G118/><T114/><D19/><U5/><E75/><V73/><F73/><W2/><G110/><T87/><D87/><U120/><E120/><V30/><F132/><W23/><G129/><N who="0" m="49739" /><D8/><U92/><E46/><V115/><F115/><W79/><G79/><T1/><D1/><U22/><E5/><V72/><F72/><N who="3" m="43207" /><G65/><T123/><D114/><U37/><E37/><V82/><F43/><W21/><G91/><T44/><D123/><U76/><E76/><V29/><F130/><W42/><G42/><N who="0" m="22623" /><D68/><U69/><E69/><V9/><REACH who="2" step="1"/><F30/><REACH who="2" ten="250,250,240,250" step="2"/><W6/><G105/><T63/><AGARI ba="0,1" hai="47,48,52,59,63,67,124,126" m="22623,49739" machi="63" ten="30,11700,0" yaku="19,1,34,2,54,1" doraHai="94" who="0" fromWho="0" sc="250,127,250,-39,240,-39,250,-39" /><INIT seed="0,1,0,0,4,14" ten="377,211,201,211" oya="0" hai0="12,75,64,52,71,29,55,23,86,6,91,56,108" hai1="88,107,70,132,28,67,69,54,18,118,79,76,65" hai2="39,33,8,3,99,134,45,31,47,78,22,112,123" hai3="109,103,122,100,116,97,38,9,10,46,105,60,61"/><T27/><D75/><U127/><E118/><V89/><F123/><W90/><G116/><T81/><D71/><U35/><E107/><V131/><F33/><W42/><G122/><T101/><D101/><U129/><E28/><V83/><F112/><W115/><G115/><T11/><REACH who="0" step="1"/><D108/><REACH who="0" ten="367,211,201,211" step="2"/><U113/><E70/><V94/><F134/><W44/><G109/><T119/><D119/><U114/><E69/><V62/><F131/><W74/><G74/><T49/><D49/><U98/><E132/><V4/><F39/><W125/><G100/><T68/><D68/><U126/><E129/><V41/><F62/><AGARI ba="1,1" hai="6,11,12,23,27,29,52,55,56,62,64,81,86,91" machi="62" ten="40,12000,1" yaku="1,1,8,1,54,1,53,1" doraHai="14" doraHaiUra="5" who="0" fromWho="2" sc="367,133,211,0,201,-123,211,0" /><INIT seed="0,2,0,5,5,62" ten="500,211,78,211" oya="0" hai0="13,77,0,81,17,33,99,101,75,70,20,111,83" hai1="113,69,68,49,15,124,24,37,55,82,109,126,66" hai2="5,93,22,87,23,76,63,105,18,50,88,9,28" hai3="118,31,73,52,47,106,86,110,21,7,51,122,102"/><T119/><D0/><U56/><E109/><V65/><F105/><W14/><G118/><T100/><D119/><U40/><E113/><V41/><F76/><W107/><G73/><T79/><D33/><U128/><E128/><V112/><F112/><W89/><G110/><T45/><D111/><U120/><E120/><V39/><F39/><W115/><G115/><T67/><D45/><N who="1" m="23695" /><E15/><V135/><F135/><W59/><G122/><T36/><D36/><U84/><E24/><V42/><F28/><W108/><G108/><T116/><D116/><U74/><E74/><V60/><F60/><W10/><G102/><T114/><D114/><U8/><E8/><V48/><F23/><W32/><G32/><T46/><D46/><U104/><E104/><V96/><F96/><W11/><G11/><T58/><D70/><U90/><E66/><V92/><F92/><W121/><G121/><T103/><D99/><U64/><E64/><V44/><F9/><W26/><REACH who="3" step="1"/><G47/><REACH who="3" ten="500,211,78,201" step="2"/><T53/><D100/><U80/><E126/><V130/><F130/><W132/><G132/><T16/><D101/><U72/><E124/><V98/><F44/><W61/><G61/><T27/><D103/><U91/><E72/><V95/><F5/><W4/><G4/><T94/><D75/><U78/><E91/><N who="2" m="55679" /><F42/><W123/><G123/><T12/><D20/><U71/><E90/><V97/><F41/><W2/><G2/><T38/><D79/><U19/><E78/><V131/><F131/><W127/><G127/><T3/><D77/><U25/><E84/><V54/><F87/><W85/><G85/><RYUUKYOKU ba="2,1" sc="500,-15,211,15,78,-15,201,15" hai1="19,25,49,55,56,68,69,71,80,82" hai3="7,10,14,21,26,31,51,52,59,86,89,106,107" /><INIT seed="1,3,1,0,0,47" ten="485,226,63,216" oya="1" hai0="45,87,35,90,98,1,61,116,50,89,13,39,130" hai1="131,101,2,97,56,52,60,10,4,67,99,51,3" hai2="8,104,22,21,105,33,133,113,41,66,111,83,48" hai3="107,106,11,126,124,79,57,63,40,14,121,75,122"/><U68/><E131/><V62/><F33/><W120/><G40/><T15/><D116/><U114/><E114/><V26/><F113/><W16/><G79/><T27/><D1/><U44/><E99/><V91/><F111/><W108/><G75/><T70/><D39/><U9/><E9/><V20/><F133/><W134/><G108/><T96/><D130/><U34/><E34/><V64/><F8/><W25/><G134/><T31/><D96/><U17/><E17/><V65/><F26/><W112/><G25/><T119/><D98/><U84/><E84/><V102/><F102/><W73/><G73/><T43/><D90/><U110/><E110/><V24/><F24/><W28/><G28/><T38/><D38/><U46/><REACH who="1" step="1"/><E2/><REACH who="1" ten="485,216,63,216" step="2"/><V76/><F104/><AGARI ba="3,2" hai="3,4,10,44,46,51,52,56,60,67,68,97,101,104" machi="104" ten="30,18000,2" yaku="1,1,2,1,7,1,52,1,54,1,53,1" doraHai="47" doraHaiUra="7" who="1" fromWho="2" sc="485,0,216,209,63,-189,216,0" owari="485,58.5,425,22.5,-126,-62.6,216,-18.4" /></mjloggm>