<mjloggm ver="2.3"><GO type="225" lobby="0"/><UN n0="%E6%97%A5%E6%9B%9C%E6%97%A5%E3%82%88%E3%82%8A%E3%81%AE%E4%BD%BF%E8%80%85" n1="%E6%9D%B1%E9%A2%A8%E3%81%AE%E3%81%8D%E3%82%83%E3%81%B7%E3%81%95%E3%82%93" n2="%77%72%77%72%77%72%77%72" n3="%4D%6F%6E%61%6E%61" dan="16,17,17,16" rate="2098.15,2215.56,2219.64,2099.43" sx="M,M,M,F"/><TAIKYOKU oya="0"/><INIT seed="0,0,0,1,4,13" ten="250,250,250,250" oya="0" hai0="108,38,5,31,115,0,24,113,60,130,48,109,34" hai1="2,91,49,127,126,101,75,133,39,105,72,16,21" hai2="40,100,19,36,106,129,111,59,67,35,20,121,73" hai3="83,87,94,32,81,29,4,12,99,85,15,14,68"/><T117/><D38/><U50/><E2/><V11/><F121/><W47/><G68/><T7/><D48/><N who="1" m="18539" /><E39/><V107/><F35/><W23/><G32/><T122/><D60/><U56/><E56/><V123/><F123/><W58/><G58/><T33/><D122/><U131/><E91/><V51/><F73/><W116/><G47/><T6/><D117/><U135/><E101/><V77/><F77/><N who="3" m="46255" /><G116/><T66/><D66/><U125/><E105/><V9/><F111/><N who="0" m="42570" /><D130/><U61/><E61/><V103/><F129/><W90/><G29/><N who="0" m="19623" /><D0/><U26/><E131/><V88/><F107/><W69/><G69/><T98/><D98/><U30/><E30/><V70/><F106/><W89/><G4/><T46/><D46/><U104/><E104/><V1/><F1/><W84/><G99/><T62/><D62/><U78/><E78/><V22/><F70/><W120/><G120/><T10/><D10/><U114/><E114/><V124/><F9/><W65/><G65/><T80/><D80/><U134/><AGARI ba="0,0" hai="16,21,26,72,75,125,126,127,133,134,135" m="18539" machi="134" ten="40,8000,1" yaku="18,1,20,1,52,1,54,1" doraHai="13" who="1" fromWho="1" sc="250,-40,250,80,250,-20,250,-20" /><INIT seed="1,0,0,3,2,86" ten="210,330,230,230" oya="1" hai0="53,119,3,65,80,130,22,61,132,120,135,100,72" hai1="28,32,75,55,48,91,15,18,10,83,87,133,54" hai2="46,109,14,40,126,129,56,134,124,114,84,67,25" hai3="0,95,23,102,4,82,26,12,60,77,88,89,121"/><U76/><E133/><N who="0" m="51273" /><D130/><U24/><REACH who="1" step="1"/><E48/><REACH who="1" ten="210,320,230,230" step="2"/><V118/><F134/><W99/><G121/><T116/><D120/><U1/><E1/><V79/><F129/><W66/><G0/><T59/><D3/><U110/><E110/><V8/><F109/><W90/><G4/><T123/><D123/><U2/><E2/><V81/><F126/><W94/><G12/><T128/><D128/><U31/><E31/><V5/><F124/><W131/><G131/><T71/><D100/><U96/><E96/><V52/><F114/><W103/><G102/><T38/><D38/><U30/><E30/><V35/><F118/><W33/><G33/><T47/><D119/><U17/><E17/><V11/><F35/><W29/><G103/><T7/><D116/><U6/><E6/><V13/><F13/><W127/><G127/><T85/><D7/><U112/><E112/><V93/><F14/><W45/><G99/><T20/><D72/><U97/><E97/><V70/><F5/><W49/><G49/><N who="0" m="28863" /><D71/><U41/><E41/><V122/><F40/><W105/><G105/><T42/><D42/><U21/><E21/><V64/><F70/><W73/><REACH who="3" step="1"/><G45/><REACH who="3" ten="210,320,230,220" step="2"/><T69/><D69/><AGARI ba="0,2" hai="23,26,29,60,66,69,73,77,82,88,89,90,94,95" machi="69" ten="40,12000,2" yaku="1,1,2,1,52,3,54,1,53,1" doraHai="86" doraHaiUra="62" who="3" fromWho="0" sc="210,-120,320,0,230,0,220,140" /><INIT seed="2,0,0,4,2,100" ten="90,320,230,360" oya="2" hai0="1,73,98,102,116,57,25,27,88,5,31,39,107" hai1="122,128,115,64,34,70,23,62,45,65,4,126,68" hai2="82,120,109,12,17,119,20,111,7,83,80,21,37" hai3="19,79,53,77,134,112,22,114,99,58,40,49,30"/><V14/><F119/><W125/><G134/><T117/><D39/><U67/><E34/><V103/><F120/><W8/><G125/><T52/><D73/><U63/><E4/><V85/><F37/><W110/><G110/><N who="2" m="41993" /><F103/><W91/><G40/><T78/><D78/><U108/><E23/><N who="2" m="8779" /><F7/><W127/><G8/><T46/><D46/><U113/><E108/><V97/><F97/><W66/><G30/><T35/><D25/><U87/><E87/><V75/><F75/><W43/><G66/><T48/><REACH who="0" step="1"/><D88/><REACH who="0" ten="80,320,230,360" step="2"/><U36/><E36/><V42/><F42/><W6/><G43/><T101/><D101/><U33/><E45/><V59/><F85/><W74/><G74/><T61/><D61/><U56/><E63/><V51/><F83/><W32/><G114/><T24/><D24/><U41/><E41/><V11/><F12/><W92/><G112/><T132/><D132/><U13/><E13/><V28/><F28/><W95/><G127/><T38/><D38/><U72/><E126/><V133/><F133/><W16/><G32/><T90/><D90/><U60/><E33/><V93/><F80/><W86/><G79/><T10/><AGARI ba="0,1" hai="1,5,10,27,31,35,48,52,57,98,102,107,116,117" machi="10" ten="30,8000,1" yaku="1,1,0,1,52,1,54,1,53,1" doraHai="100" doraHaiUra="47" who="0" fromWho="0" sc="80,90,320,-20,230,-40,360,-20" /><INIT seed="3,0,0,1,1,55" ten="170,300,190,340" oya="3" hai0="131,72,54,26,74,1,44,68,13,81,14,101,2" hai1="107,46,57,3,56,111,66,96,42,133,132,9,91" hai2="87,115,58,39,77,120,102,7,10,82,88,75,97" hai3="106,30,0,17,124,28,76,85,12,119,128,78,8"/><W53/><G106/><T23/><D68/><U33/><E33/><V32/><F115/><W38/><G0/><T64/><D131/><U99/><E66/><V63/><F39/><W5/><G38/><T116/><D116/><U79/><E79/><V90/><F32/><W22/><G119/><T126/><D126/><U73/><E73/><V117/><F117/><W71/><G71/><T86/><D1/><U89/><E111/><V35/><F35/><W11/><G124/><T37/><D2/><U105/><E9/><N who="3" m="3658" /><G5/><T6/><D74/><U127/><E3/><V118/><F120/><W34/><G34/><T84/><D6/><U125/><E46/><V134/><F134/><W59/><G128/><T25/><D72/><U69/><E69/><V80/><F118/><W108/><G108/><T15/><D37/><U51/><E51/><V20/><F20/><W49/><G78/><T135/><D135/><U98/><E98/><V16/><F7/><W47/><G47/><T41/><D41/><AGARI ba="0,0" hai="41,42,56,57,89,91,96,99,105,107,125,127,132,133" machi="41" ten="25,6400,0" yaku="22,2,52,2" doraHai="55" who="1" fromWho="0" sc="170,-64,300,64,190,0,340,0" owari="106,-39.4,364,46.4,190,-21.0,340,14.0" /></mjloggm>