<mjloggm ver="2.3"><GO type="225" lobby="0"/><UN n0="%70%68%65%6E%6F%6D%65" n1="%E3%81%A8%E3%82%93%E3%81%A8%E3%81%93%E3%81%A8%E3%82%93" n2="%E8%B6%85%E7%B4%9A%E9%B3%B3%E5%87%B0" n3="%6D%75%75%6D%75%72%61" dan="16,16,16,16" rate="2134.55,2153.33,2148.60,2120.78" sx="M,F,M,F"/><TAIKYOKU oya="0"/><INIT seed="0,0,0,0,3,23" ten="250,250,250,250" oya="0" hai0="28,94,9,119,115,80,88,50,66,1,75,113,84" hai1="53,74,13,132,100,3,47,118,98,93,76,96,85" hai2="125,46,83,18,12,127,89,72,2,109,35,82,32" hai3="111,87,129,131,79,99,92,86,65,70,77,101,57"/><T27/><D119/><U71/><E3/><V22/><F2/><W67/><G70/><T55/><D66/><U114/><E71/><V110/><F46/><W91/><G67/><T59/><D75/><U5/><E74/><V38/><F38/><W120/><G57/><T81/><D80/><N who="2" m="30762" /><F89/><N who="3" m="53303" /><G65/><T33/><REACH who="0" step="1"/><D81/><REACH who="0" ten="240,250,250,250" step="2"/><U63/><E76/><V124/><F72/><W14/><G77/><T106/><D106/><U11/><E118/><V90/><F90/><W69/><G79/><T133/><D133/><U108/><E132/><V0/><F0/><W44/><G91/><T122/><D122/><U34/><E114/><V17/><F110/><W130/><G111/><T19/><D19/><U78/><E108/><V123/><F109/><W64/><G120/><T73/><D73/><U20/><E78/><V39/><F123/><W29/><G64/><T51/><D51/><U116/><E116/><V117/><F117/><W36/><G69/><T58/><D58/><U4/><E4/><AGARI ba="0,1" hai="1,4,9,27,28,33,50,55,59,84,88,94,113,115" machi="4" ten="40,12000,1" yaku="1,1,52,1,54,1,53,1" doraHai="23" doraHaiUra="25" who="0" fromWho="1" sc="240,130,250,-120,250,0,250,0" /><INIT seed="0,1,0,2,2,114" ten="370,130,250,250" oya="0" hai0="62,84,9,51,72,93,88,91,100,115,119,89,35" hai1="87,31,47,57,97,34,129,127,122,14,121,111,38" hai2="101,32,69,68,19,102,112,58,20,52,60,113,135" hai3="29,65,44,79,99,5,15,66,105,59,83,13,130"/><T22/><D115/><U28/><E111/><V3/><F32/><W41/><G130/><T110/><D35/><U123/><E87/><V45/><F3/><W48/><G29/><T85/><D110/><U104/><E57/><V126/><F126/><W103/><G59/><T120/><D120/><U128/><E14/><V43/><F135/><W40/><G40/><T70/><D72/><U16/><E127/><V118/><F118/><W0/><G0/><T95/><D119/><U82/><E82/><V10/><F10/><W78/><G78/><T107/><D22/><U36/><E16/><V80/><F80/><W132/><G132/><T2/><D51/><U96/><E34/><V25/><F112/><W77/><G77/><T26/><D26/><U94/><E94/><V8/><F8/><W49/><G49/><T30/><D30/><U92/><E92/><N who="0" m="35401" /><D62/><U64/><E122/><V117/><F117/><W90/><G15/><T106/><D70/><U56/><E104/><N who="0" m="39977" /><D100/><U27/><E27/><V125/><F113/><W33/><G13/><T54/><D54/><U131/><E128/><V55/><F55/><W46/><G33/><T11/><D2/><U73/><E73/><V108/><F108/><W37/><G105/><T53/><D53/><U17/><E129/><V71/><REACH who="2" step="1"/><F125/><REACH who="2" ten="370,130,240,250" step="2"/><W63/><G5/><T86/><AGARI ba="1,1" hai="9,11,84,85,86,88,89,91" m="39977,35401" machi="86" ten="40,7800,0" yaku="28,2,54,1" doraHai="114" who="0" fromWho="0" sc="370,91,130,-27,240,-27,250,-27" /><INIT seed="0,2,0,1,4,42" ten="461,103,213,223" oya="0" hai0="116,113,38,40,100,97,121,23,76,1,95,16,128" hai1="51,84,86,48,33,6,105,103,55,129,65,110,106" hai2="13,19,115,64,130,58,108,69,8,7,12,2,87" hai3="61,17,102,47,22,52,53,96,81,34,109,98,72"/><T46/><D113/><U75/><E75/><V63/><F115/><W112/><G34/><T29/><D116/><U83/><E33/><V59/><F108/><W27/><G112/><T68/><D121/><U77/><E110/><V44/><F130/><W131/><G109/><T117/><D117/><U134/><E129/><V118/><F118/><W104/><G131/><T93/><D128/><U14/><E134/><V90/><F2/><W25/><G25/><T114/><D114/><U30/><E30/><V56/><F44/><W99/><G61/><T74/><D68/><U15/><E65/><V123/><F123/><W127/><G127/><T36/><D1/><U135/><E103/><V18/><REACH who="2" step="1"/><F13/><REACH who="2" ten="461,103,203,223" step="2"/><W24/><G47/><T39/><D29/><U122/><E122/><V107/><F107/><W126/><G104/><T111/><D111/><U124/><E15/><V35/><F35/><W57/><G126/><T31/><D31/><U70/><E124/><V85/><F85/><W0/><G0/><T67/><D67/><U10/><E86/><V26/><F26/><W37/><G24/><T78/><D74/><U21/><E105/><V41/><F41/><W50/><G72/><T92/><D38/><U60/><E106/><V4/><F4/><W5/><G37/><T49/><D36/><U9/><E6/><V71/><F71/><W133/><G5/><T3/><D39/><U66/><E14/><V45/><F45/><W119/><G119/><T28/><D3/><U20/><E70/><V132/><F132/><W32/><G133/><T89/><D28/><U43/><E135/><RYUUKYOKU ba="2,1" sc="461,-10,103,-10,203,30,223,-10" hai2="7,8,12,18,19,56,58,59,63,64,69,87,90" /><INIT seed="1,3,1,4,5,57" ten="451,93,233,213" oya="1" hai0="74,126,22,118,50,107,113,111,43,103,23,10,84" hai1="52,97,61,48,94,96,53,37,72,5,26,16,87" hai2="45,31,102,101,90,92,116,80,19,75,8,125,15" hai3="129,9,99,122,73,24,28,29,71,104,115,91,25"/><U65/><E72/><V127/><F116/><W13/><G122/><T76/><D74/><U51/><E37/><V3/><F3/><W124/><G71/><T85/><D103/><N who="1" m="60823" /><E5/><V66/><F66/><W39/><G39/><T78/><D107/><U131/><E131/><V63/><F63/><W6/><G115/><T123/><D113/><U120/><E120/><V55/><F31/><N who="3" m="11851" /><G73/><T49/><D118/><U33/><E33/><V105/><F105/><W59/><G124/><T32/><D126/><N who="2" m="48138" /><F92/><N who="3" m="56735" /><G104/><T109/><D32/><U114/><E97/><V14/><F14/><W0/><G0/><T20/><D123/><U121/><E87/><N who="2" m="50535" /><F75/><W44/><G129/><T98/><D98/><U77/><E77/><V88/><F88/><W89/><G89/><T79/><D85/><U4/><E4/><V62/><F62/><W68/><G68/><T21/><D84/><U106/><E106/><V100/><F100/><W83/><G83/><T47/><D78/><U95/><E95/><V40/><F40/><W67/><G6/><T35/><D35/><U93/><E93/><V58/><F58/><W2/><G2/><T38/><D79/><U82/><E82/><V41/><F41/><W34/><G59/><T110/><D76/><U119/><E114/><V112/><F112/><W42/><G34/><T70/><D70/><N who="1" m="42287" /><E121/><V132/><F102/><W130/><G130/><T36/><N who="0" m="5120" /><DORA hai="135" /><T54/><D38/><U64/><E119/><V27/><F101/><W12/><G67/><T86/><D86/><U18/><E64/><V108/><F27/><N who="3" m="10315" /><G9/><T128/><D128/><U7/><E26/><RYUUKYOKU ba="3,1" sc="451,-10,93,-10,233,-10,213,30" hai3="12,13,42,44" /><INIT seed="2,4,1,2,2,12" ten="441,83,223,243" oya="2" hai0="2,116,121,83,65,42,130,32,109,127,35,64,5" hai1="103,17,7,98,37,40,119,117,133,86,102,13,36" hai2="66,48,96,125,126,105,61,97,0,70,71,41,34" hai3="104,58,113,68,85,129,111,128,100,87,3,131,115"/><V60/><F0/><W72/><G68/><T80/><D121/><U110/><E110/><V84/><F34/><W63/><G3/><T14/><D14/><U74/><E74/><V108/><F108/><W123/><G111/><T6/><D2/><U124/><E124/><N who="2" m="47723" /><F84/><N who="3" m="32331" /><G72/><T38/><D127/><U19/><E133/><V53/><F105/><W47/><G47/><T90/><D90/><U95/><E86/><V52/><F96/><N who="3" m="61447" /><G123/><T89/><D89/><U22/><E7/><V93/><F93/><W122/><G122/><T101/><D101/><U91/><E40/><V73/><F97/><W59/><G59/><T55/><D42/><U49/><E49/><V1/><F73/><W29/><G29/><T46/><D109/><U50/><E50/><V107/><F107/><W31/><G31/><T4/><D35/><U69/><E69/><V8/><F8/><W18/><G18/><T75/><D6/><U33/><E33/><V81/><F81/><W54/><AGARI ba="4,1" hai="54,58,63,113,115,128,129,131" m="61447,32331" machi="54" ten="40,1500,0" yaku="19,1" doraHai="12" who="3" fromWho="3" sc="441,-8,83,-8,223,-11,243,37" /><INIT seed="3,0,0,4,4,6" ten="433,75,212,280" oya="3" hai0="10,28,52,70,54,121,60,38,11,43,81,80,89" hai1="116,37,88,90,17,42,50,27,95,134,75,35,100" hai2="64,114,99,23,117,92,108,20,14,128,85,118,129" hai3="69,83,53,36,105,124,3,98,25,122,44,68,22"/><W73/><G122/><T135/><D121/><U123/><E123/><V84/><F114/><W51/><G124/><T79/><D28/><U102/><E134/><V41/><F108/><W40/><G3/><T67/><D135/><U94/><E116/><N who="2" m="44651" /><F41/><W29/><G105/><T91/><D43/><U21/><E37/><V66/><F14/><W93/><G83/><T31/><D31/><U101/><E75/><V18/><F18/><W39/><G73/><T1/><D38/><U32/><E32/><V132/><F132/><W104/><G104/><T106/><D106/><U87/><E35/><V110/><F110/><W13/><G13/><T74/><D1/><U109/><E109/><V120/><F120/><W103/><G36/><T77/><D91/><U9/><E42/><V55/><F55/><W113/><G113/><T45/><D89/><U34/><E34/><V5/><F5/><W61/><G61/><T133/><D133/><U57/><E50/><V130/><F99/><W19/><G29/><T78/><D54/><U97/><REACH who="1" step="1"/><E57/><AGARI ba="0,0" hai="19,22,25,39,40,44,51,53,57,68,69,93,98,103" machi="57" ten="30,1500,0" yaku="7,1" doraHai="6" who="3" fromWho="1" sc="433,0,75,-15,212,0,280,15" /><INIT seed="3,1,0,4,0,88" ten="433,60,212,295" oya="3" hai0="25,4,108,117,115,71,13,6,9,45,20,79,125" hai1="16,94,40,54,2,31,131,67,102,122,14,77,132" hai2="29,76,129,113,126,59,134,50,46,118,114,8,90" hai3="10,120,135,34,3,100,47,43,41,85,111,62,18"/><W65/><G120/><T0/><D71/><U7/><E131/><V101/><F8/><W84/><G34/><T21/><D79/><U51/><E132/><V48/><F29/><W70/><G135/><T73/><D73/><U1/><E122/><V55/><F76/><W38/><G41/><T64/><D64/><U83/><E67/><V56/><F90/><W92/><G111/><T36/><D36/><U87/><E31/><V98/><F98/><W93/><G100/><T17/><D45/><U66/><E66/><V19/><F19/><W23/><G84/><T80/><D80/><U24/><E24/><V133/><F101/><W5/><G85/><T44/><D44/><U68/><E68/><V11/><F11/><W42/><REACH who="3" step="1"/><G43/><REACH who="3" ten="433,60,212,285" step="2"/><T26/><D108/><U127/><E40/><V116/><F129/><W37/><G37/><T69/><D117/><U95/><E102/><V81/><F118/><W123/><G123/><T119/><D119/><U58/><E127/><V82/><F116/><W22/><G22/><T52/><D125/><U121/><E121/><V35/><F126/><W61/><G61/><T49/><D21/><U99/><E99/><V107/><F35/><W12/><AGARI ba="1,1" hai="3,5,10,12,18,23,38,42,47,62,65,70,92,93" machi="12" ten="20,12000,1" yaku="1,1,0,1,7,1,52,2,53,0" doraHai="88" doraHaiUra="30" who="3" fromWho="3" sc="433,-41,60,-41,212,-41,285,133" owari="392,19.2,19,-48.1,171,-22.9,418,51.8" /></mjloggm>