<mjloggm ver="2.3"><GO type="225" lobby="0"/><UN n0="%E5%84%AA%40%41%42%43" n1="%E6%9D%B1%E9%A2%A8%E3%81%AE%E3%81%8D%E3%82%83%E3%81%B7%E3%81%95%E3%82%93" n2="%E5%B0%8F%E9%B3%A5%E9%81%8A%E7%B7%B4%E7%84%A1%32%31%E6%AD%B3" n3="%72%61%6B%33" dan="18,16,16,16" rate="2195.06,2124.00,2193.61,2110.15" sx="M,M,F,M"/><TAIKYOKU oya="0"/><INIT seed="0,0,0,5,2,60" ten="250,250,250,250" oya="0" hai0="88,91,12,23,74,45,98,0,48,31,22,118,24" hai1="5,43,70,17,57,7,130,3,58,67,114,120,75" hai2="50,112,34,80,32,20,47,19,106,93,61,100,103" hai3="125,15,46,4,62,76,96,134,87,133,94,38,29"/><T37/><D0/><U11/><E75/><V55/><F112/><W97/><G125/><T25/><D118/><U84/><E120/><V77/><F106/><W44/><G29/><T33/><D37/><U14/><E130/><V123/><F123/><W1/><G1/><T95/><D74/><U63/><E114/><V72/><F61/><W127/><G127/><T111/><D111/><U2/><E43/><V135/><F135/><W124/><G124/><T18/><D91/><U110/><E110/><V73/><F73/><W39/><G15/><T115/><D115/><U8/><REACH who="1" step="1"/><E84/><REACH who="1" ten="250,240,250,250" step="2"/><V28/><F72/><W83/><G87/><T78/><D78/><U10/><AGARI ba="0,1" hai="2,3,5,7,8,10,11,14,17,57,58,63,67,70" machi="10" ten="20,12000,2" yaku="1,1,2,1,0,1,7,1,9,1,52,1,53,0" doraHai="60" doraHaiUra="107" who="1" fromWho="1" sc="250,-60,240,130,250,-30,250,-30" /><INIT seed="1,0,0,3,3,72" ten="190,370,220,220" oya="1" hai0="73,129,10,106,110,65,17,32,77,11,88,111,95" hai1="20,21,80,79,39,36,23,123,31,118,12,25,7" hai2="8,98,51,87,50,14,29,85,69,1,122,93,9" hai3="56,97,38,100,130,101,125,102,28,33,121,22,13"/><U16/><E123/><V15/><F69/><W46/><G121/><T105/><D32/><U91/><E118/><V78/><F122/><W89/><G125/><T43/><D65/><U57/><E7/><V103/><F29/><W6/><G130/><T60/><D60/><U41/><E91/><V47/><F1/><W127/><G127/><T115/><D43/><U84/><E41/><V59/><F59/><W54/><G33/><T99/><D115/><U48/><REACH who="1" step="1"/><E21/><REACH who="1" ten="190,360,220,220" step="2"/><V70/><F103/><W131/><G6/><T74/><D88/><U117/><E117/><V92/><F70/><W83/><G89/><T107/><D129/><U55/><AGARI ba="0,1" hai="12,16,20,23,25,31,36,39,48,55,57,79,80,84" machi="55" ten="30,11700,0" yaku="1,1,0,1,52,1,54,1,53,0" doraHai="72" doraHaiUra="90" who="1" fromWho="1" sc="190,-39,360,127,220,-39,220,-39" /><INIT seed="1,1,0,5,0,132" ten="151,487,181,181" oya="1" hai0="9,92,8,38,1,89,31,100,44,120,34,113,32" hai1="4,94,97,30,35,80,117,122,40,14,127,46,51" hai2="118,57,107,29,5,99,86,24,0,37,16,71,17" hai3="109,25,81,131,68,114,78,18,133,43,124,93,55"/><U39/><E127/><V125/><F71/><W76/><G68/><T20/><D113/><U75/><E122/><V116/><F37/><W77/><G114/><T82/><D120/><U111/><E111/><V36/><F36/><W52/><G109/><T22/><D100/><U134/><E134/><V54/><F86/><W50/><G124/><T48/><D38/><U60/><E117/><V47/><F47/><W3/><G3/><T104/><D104/><U115/><E115/><V27/><F125/><W65/><G65/><T95/><D82/><U130/><E130/><V62/><F5/><W19/><G81/><T42/><D31/><U126/><E126/><V112/><F0/><W11/><G131/><T59/><D1/><U72/><E39/><V79/><F79/><W87/><G43/><T74/><D74/><U91/><E60/><V63/><F63/><W49/><G11/><T110/><D59/><U26/><REACH who="1" step="1"/><E80/><REACH who="1" ten="151,477,181,181" step="2"/><V2/><F112/><W108/><G108/><T6/><D110/><U28/><E28/><V98/><F29/><W121/><G133/><T13/><D48/><U33/><E33/><V106/><F62/><W58/><G121/><T135/><D135/><U7/><E7/><V21/><F118/><W84/><G49/><T90/><D6/><U105/><E105/><V69/><F116/><W45/><G50/><T15/><D42/><U41/><E41/><V96/><F107/><W56/><G18/><T70/><D70/><U12/><E12/><V10/><F69/><W66/><G19/><T85/><D44/><U129/><E129/><V64/><F106/><RYUUKYOKU ba="1,1" sc="151,15,477,15,181,-15,181,-15" hai0="8,9,13,15,20,22,32,34,85,89,90,92,95" hai1="4,14,26,30,35,40,46,51,72,75,91,94,97" /><INIT seed="1,2,1,4,5,131" ten="166,492,166,166" oya="1" hai0="25,119,63,21,28,59,19,55,83,95,123,24,2" hai1="75,94,74,84,32,37,49,1,48,5,38,41,91" hai2="7,8,61,42,15,118,82,127,93,9,23,129,26" hai3="11,80,67,17,33,117,34,96,77,132,105,90,128"/><U76/><E32/><V134/><F118/><W108/><G128/><T45/><D119/><U13/><E13/><V53/><F129/><W130/><G130/><T116/><D116/><U14/><E14/><V114/><F127/><W3/><G117/><T115/><D115/><U85/><E85/><V78/><F42/><W66/><G108/><T47/><D2/><U44/><E37/><V54/><F114/><W99/><G17/><T22/><D123/><U20/><E20/><V4/><F93/><W87/><G99/><T122/><D122/><U125/><E125/><V73/><F61/><W30/><G30/><T40/><D40/><U126/><E126/><V135/><F8/><W133/><G34/><T101/><D83/><N who="1" m="45463" /><E75/><V121/><F4/><N who="3" m="1439" /><G33/><T62/><D63/><U12/><E12/><V107/><F107/><W104/><G104/><T65/><D55/><U35/><E35/><V79/><F79/><W27/><G27/><T50/><D50/><U64/><E64/><V0/><F15/><W6/><G6/><T81/><D81/><U10/><AGARI ba="2,1" hai="1,5,10,38,41,44,48,49,84,91,94" m="45463" machi="10" ten="30,1500,0" yaku="25,1" doraHai="131" who="1" fromWho="1" sc="166,-7,492,31,166,-7,166,-7" /><INIT seed="1,3,0,1,5,0" ten="159,523,159,159" oya="1" hai0="29,30,70,62,94,99,46,121,131,103,105,69,126" hai1="10,56,60,104,15,8,17,80,14,130,41,20,18" hai2="90,84,57,120,33,125,75,9,11,7,82,24,59" hai3="107,116,61,78,16,93,92,122,114,3,133,22,50"/><U54/><E104/><V89/><F120/><W128/><G122/><T95/><D121/><U113/><E130/><V68/><F68/><W118/><G114/><T38/><D131/><U119/><E119/><V71/><F71/><W101/><G128/><T13/><D126/><U106/><E106/><V85/><F75/><W51/><G3/><T53/><D69/><U21/><E113/><V43/><F43/><W32/><G32/><T79/><D79/><U129/><E129/><V88/><F125/><W49/><G78/><T96/><D105/><U48/><REACH who="1" step="1"/><E80/><REACH who="1" ten="159,513,159,159" step="2"/><V109/><F82/><W19/><G107/><T1/><D95/><U91/><E91/><V2/><F90/><W52/><G93/><T5/><D94/><U97/><E97/><V47/><F88/><W6/><G92/><T132/><D96/><U31/><E31/><V64/><F89/><W37/><G118/><T45/><D30/><U86/><E86/><V102/><F85/><W87/><G87/><T27/><D29/><U124/><E124/><V76/><F84/><W74/><G116/><T12/><D99/><U42/><E42/><V55/><F102/><W77/><G77/><T25/><D103/><U115/><E115/><V83/><F83/><W34/><G101/><T108/><D132/><U135/><E135/><V63/><F76/><W35/><G133/><T4/><D108/><U39/><E39/><V40/><F109/><W65/><G37/><T73/><D38/><U67/><E67/><V28/><F64/><W36/><G36/><T112/><D112/><U81/><E81/><V72/><F40/><RYUUKYOKU ba="3,1" sc="159,-10,513,30,159,-10,159,-10" hai1="8,10,14,15,17,18,20,21,41,48,54,56,60" /><INIT seed="1,4,1,5,1,92" ten="149,543,149,149" oya="1" hai0="32,85,36,57,89,134,62,90,16,10,126,109,106" hai1="48,115,45,33,5,31,53,127,20,121,111,71,108" hai2="86,11,66,1,104,70,75,80,123,119,47,34,101" hai3="3,98,82,2,56,0,22,7,83,128,117,65,84"/><U125/><E33/><V132/><F123/><W55/><G128/><T14/><D36/><U18/><E5/><V129/><F119/><W113/><G113/><T95/><D106/><U81/><E31/><V68/><F129/><W103/><G117/><T107/><D107/><U52/><E81/><V100/><F34/><W118/><G118/><T21/><D32/><U99/><E71/><V97/><F132/><W6/><G65/><N who="0" m="39119" /><D109/><N who="1" m="42059" /><E115/><V133/><F101/><W35/><G22/><T43/><D43/><N who="1" m="24639" /><E99/><V46/><F70/><W30/><G30/><T59/><D126/><N who="1" m="48139" /><E121/><V87/><F68/><W72/><G35/><T112/><D112/><U40/><E40/><V74/><F80/><W26/><G82/><T105/><D134/><U4/><E4/><V54/><F133/><W39/><G6/><T63/><D105/><U78/><E78/><V73/><F104/><W130/><G7/><T110/><D110/><U8/><E8/><V120/><F11/><W60/><G3/><T49/><D10/><U77/><E77/><V69/><F1/><W23/><G2/><T9/><D9/><U24/><AGARI ba="4,1" hai="18,20,24,52,53" m="48139,24639,42059" machi="24" ten="30,11700,0" yaku="14,1,10,1,18,1,54,1" doraHai="92" who="1" fromWho="1" sc="149,-43,543,139,149,-43,149,-43" /><INIT seed="1,5,0,4,3,131" ten="106,682,106,106" oya="1" hai0="129,115,78,63,51,40,74,53,4,50,128,75,72" hai1="3,55,132,24,116,2,84,35,120,22,118,123,79" hai2="127,31,59,117,96,73,12,86,23,20,27,13,52" hai3="5,104,130,19,102,36,111,17,81,105,10,30,101"/><U32/><E55/><V56/><F73/><W82/><G30/><T46/><D115/><U68/><E84/><V87/><F117/><N who="1" m="45161" /><E79/><V85/><F127/><W95/><G10/><T11/><D63/><U33/><E68/><V1/><F1/><N who="1" m="9" /><E132/><V124/><F124/><W107/><G5/><T58/><D11/><U100/><E100/><V61/><F23/><W92/><G130/><N who="0" m="50283" /><D4/><U25/><E22/><V21/><F21/><W6/><G6/><T90/><D90/><U44/><E44/><V57/><F96/><W98/><G36/><T97/><D97/><U8/><E8/><V16/><F31/><W15/><G98/><T54/><D54/><U28/><E28/><V122/><F122/><AGARI ba="5,0" hai="24,25,32,33,35,120,122,123" m="9,45161" machi="122" ten="40,12000,1" yaku="28,2,34,2" doraHai="131" who="1" fromWho="2" sc="106,0,682,135,106,-135,106,0" owari="106,-9.4,817,91.7,-29,-52.9,106,-29.4" /></mjloggm>