<mjloggm ver="2.3"><GO type="225" lobby="0"/><UN n0="%E5%A4%9C%E5%85%89%E5%A4%A9%E6%A5%BC" n1="%E6%A1%9C%E8%8A%B1%E9%96%83%E3%80%85" n2="%E3%82%A2%E3%83%BC%E3%83%A2%E3%83%AD%E3%83%BC%E3%83%B4%E3%82%A1" n3="%E3%81%B5%E3%81%98%E3%81%8B%E3%81%A4" dan="16,16,16,17" rate="2129.74,2193.79,2115.51,2202.97" sx="F,M,M,M"/><TAIKYOKU oya="0"/><INIT seed="0,0,0,0,5,32" ten="250,250,250,250" oya="0" hai0="45,77,120,111,29,33,61,131,9,70,62,23,105" hai1="35,17,55,53,72,69,22,117,135,28,5,78,19" hai2="127,46,94,18,34,99,51,118,36,14,107,116,42" hai3="79,26,100,92,40,90,6,126,132,130,122,110,71"/><T31/><D120/><U54/><E117/><N who="2" m="45163" /><F127/><W109/><G122/><T44/><D105/><U16/><E69/><V25/><F107/><W119/><G119/><T20/><D70/><U8/><E135/><V73/><F73/><W48/><G71/><T3/><D33/><U0/><E78/><V134/><F134/><W128/><G79/><T7/><D77/><U80/><E80/><V37/><F25/><W98/><G26/><T10/><D7/><U52/><E72/><V41/><F41/><W91/><G40/><T39/><D131/><N who="3" m="50217" /><G48/><T104/><D104/><U15/><N who="1" m="13312" /><DORA hai="96" /><U82/><E82/><V103/><F34/><W123/><G6/><T56/><D111/><N who="3" m="42505" /><G123/><T85/><D56/><U83/><E83/><V124/><F124/><W12/><G132/><T2/><D85/><U93/><E93/><V133/><F133/><W125/><G12/><T50/><REACH who="0" step="1"/><D50/><REACH who="0" ten="240,250,250,250" step="2"/><U49/><E49/><V86/><F86/><N who="3" m="52311" /><G91/><T87/><D87/><U66/><E66/><V76/><F76/><W13/><G13/><T108/><D108/><U38/><E38/><AGARI ba="0,1" hai="2,3,9,10,20,23,29,31,38,39,44,45,61,62" machi="38" ten="25,12000,1" yaku="1,1,22,2,52,2,53,0" doraHai="32,96" doraHaiUra="30,121" who="0" fromWho="1" sc="240,130,250,-120,250,0,250,0" /><INIT seed="0,1,0,1,0,5" ten="370,130,250,250" oya="0" hai0="111,133,25,49,95,74,99,101,75,37,1,81,65" hai1="46,30,6,62,27,127,109,19,17,20,24,115,21" hai2="130,116,22,82,121,118,96,53,59,100,0,51,29" hai3="124,36,70,68,112,57,98,2,50,128,23,131,10"/><T88/><D1/><U31/><E109/><V114/><F114/><W126/><G36/><T113/><D37/><U134/><E115/><V84/><F121/><W3/><G112/><T4/><D113/><U60/><E134/><V129/><F0/><N who="3" m="43" /><G98/><T52/><D4/><U54/><E127/><N who="3" m="48682" /><G23/><T93/><D133/><U48/><REACH who="1" step="1"/><E6/><REACH who="1" ten="370,120,250,250" step="2"/><V87/><F116/><W64/><G131/><T67/><D111/><U66/><E66/><V77/><F118/><W16/><G64/><T72/><D67/><U79/><E79/><V32/><F129/><W14/><G128/><T104/><D65/><U28/><AGARI ba="1,1" hai="17,19,20,21,24,27,28,30,31,46,48,54,60,62" machi="28" ten="30,7900,0" yaku="1,1,0,1,9,1,8,1,53,0" doraHai="5" doraHaiUra="73" who="1" fromWho="1" sc="370,-40,120,92,250,-21,250,-21" /><INIT seed="1,0,0,4,5,33" ten="330,212,229,229" oya="1" hai0="25,53,0,127,83,117,128,126,69,1,87,80,121" hai1="78,135,65,38,101,96,48,51,68,60,3,66,35" hai2="95,124,90,94,133,100,39,115,93,16,89,40,106" hai3="18,43,36,113,26,57,70,99,2,81,72,5,34"/><U52/><E135/><V122/><F122/><W102/><G18/><T21/><D117/><U46/><E35/><V41/><F133/><W23/><G57/><T111/><D111/><U108/><E108/><V84/><F106/><N who="3" m="63839" /><G23/><T129/><D53/><U10/><E78/><V71/><F71/><W11/><G113/><T67/><D121/><U82/><E82/><N who="0" m="31273" /><D87/><U110/><E110/><V19/><F124/><N who="0" m="47658" /><D67/><U29/><E66/><V15/><F115/><W31/><G70/><T85/><D85/><U120/><E120/><V92/><F100/><W56/><G56/><T63/><D63/><U62/><E62/><V76/><F76/><N who="3" m="44167" /><G43/><T49/><D49/><U116/><E51/><V134/><F134/><W6/><G6/><T22/><D22/><U91/><E48/><V123/><F123/><W58/><G58/><T7/><D69/><U105/><E52/><V45/><F41/><W103/><G103/><T14/><D14/><U13/><E13/><V59/><F59/><W27/><G27/><T8/><D1/><U114/><E114/><V61/><F61/><W28/><G28/><AGARI ba="0,0" hai="0,7,8,21,25,28,128,129" m="47658,31273" machi="28" ten="30,2000,0" yaku="18,1,52,1" doraHai="33" who="0" fromWho="3" sc="330,20,212,0,229,0,229,-20" /><INIT seed="2,0,0,1,2,5" ten="350,212,229,209" oya="2" hai0="67,98,30,122,129,92,97,18,87,17,20,91,49" hai1="43,62,54,135,125,10,109,130,99,110,102,59,50" hai2="86,3,29,132,81,33,24,103,14,89,55,88,8" hai3="15,26,12,64,36,85,118,25,51,134,121,6,45"/><V73/><F132/><W101/><G121/><T42/><D122/><U46/><E135/><V124/><F124/><W93/><G118/><T133/><D133/><U19/><E125/><V31/><F73/><W84/><G134/><T4/><D129/><U69/><E130/><V1/><F103/><W66/><G36/><T75/><D4/><U28/><E28/><V72/><F72/><W112/><G112/><T111/><D75/><U47/><E69/><V22/><F89/><N who="3" m="53415" /><G85/><T100/><D67/><N who="3" m="25641" /><G101/><T40/><D98/><U80/><E80/><V96/><F96/><W71/><G71/><T44/><D42/><U76/><E76/><V70/><F70/><W21/><G6/><T106/><D111/><N who="1" m="42507" /><E47/><V61/><F31/><N who="3" m="17839" /><G26/><N who="0" m="16711" /><D106/><N who="1" m="63839" /><E19/><V117/><F117/><W53/><AGARI ba="0,0" hai="12,15,45,51,53" m="17839,25641,53415" machi="53" ten="30,1100,0" yaku="8,1" doraHai="5" who="3" fromWho="3" sc="350,-3,212,-3,229,-5,209,11" /><INIT seed="3,0,0,3,4,44" ten="347,209,224,220" oya="3" hai0="15,57,56,93,127,78,92,43,67,88,121,18,97" hai1="22,120,68,58,6,89,47,103,12,23,64,124,130" hai2="135,79,76,111,38,115,5,41,82,98,48,84,132" hai3="1,123,108,77,27,87,25,34,42,21,13,32,86"/><W63/><G123/><T65/><D127/><U134/><E120/><V74/><F111/><W20/><G108/><T107/><D107/><U52/><E124/><V126/><F115/><W129/><G42/><T114/><D114/><U94/><E130/><V61/><F126/><W2/><G63/><T71/><D71/><U4/><E134/><N who="2" m="51243" /><F38/><W116/><G13/><T113/><D78/><U49/><E68/><V14/><F98/><W91/><G77/><T66/><D43/><N who="1" m="24831" /><E64/><N who="0" m="16385" /><T36/><DORA hai="117" /><D36/><U40/><E103/><V54/><F61/><W60/><G60/><T37/><D37/><U96/><E40/><V29/><F29/><W83/><G116/><T17/><D17/><N who="1" m="10535" /><E23/><V62/><F41/><W109/><G109/><T101/><D113/><U53/><E53/><V35/><F35/><W7/><G129/><T75/><D75/><U81/><E81/><V122/><F122/><W90/><G83/><T118/><D121/><U112/><E112/><V133/><F133/><W80/><G80/><T39/><D39/><U106/><E106/><V104/><F104/><W31/><G7/><T110/><D118/><U10/><E10/><V9/><F76/><W59/><G31/><T102/><D110/><U26/><E26/><V33/><F74/><W11/><G11/><N who="0" m="6527" /><D102/><U50/><AGARI ba="0,0" hai="4,6,50,52,58,89,94,96" m="10535,24831" machi="50" ten="30,7900,0" yaku="8,1,52,2,54,1" doraHai="44,117" who="1" fromWho="1" sc="347,-20,209,79,224,-20,220,-39" owari="327,42.7,288,8.8,204,-19.6,181,-31.9" /></mjloggm>