<mjloggm ver="2.3"><GO type="225" lobby="0"/><UN n0="%E3%81%B5%E3%81%98%E3%81%8B%E3%81%A4" n1="%E3%80%93%E3%81%97%E3%83%BC%E3%82%89%E3%80%93" n2="%77%72%77%72%77%72%77%72" n3="%2D%E8%B1%8A%E5%8F%A3%E3%82%81%E3%81%90%E3%81%BF%2D" dan="16,16,17,16" rate="2214.79,2070.87,2231.83,2132.09" sx="M,M,M,F"/><TAIKYOKU oya="0"/><INIT seed="0,0,0,5,1,130" ten="250,250,250,250" oya="0" hai0="18,2,133,91,56,127,84,7,70,104,34,33,39" hai1="98,63,113,23,132,41,89,55,31,80,10,96,8" hai2="61,45,93,114,125,119,69,52,53,14,44,24,102" hai3="11,128,99,105,6,12,16,79,42,64,28,72,65"/><T95/><D127/><U48/><E113/><V67/><F114/><W131/><G28/><T46/><D104/><U9/><E41/><V82/><F125/><W60/><G42/><T22/><D70/><U77/><E63/><V49/><F119/><W58/><G65/><T50/><D39/><U85/><E132/><V103/><F82/><W86/><G72/><T62/><D7/><U88/><E31/><V17/><F24/><W20/><G86/><T110/><D2/><U90/><REACH who="1" step="1"/><E23/><REACH who="1" ten="250,240,250,250" step="2"/><V38/><F38/><W40/><G40/><N who="0" m="24903" /><D133/><U97/><E97/><V123/><F61/><W19/><G99/><T29/><D29/><U120/><E120/><V74/><F123/><W100/><G60/><T78/><D34/><U47/><AGARI ba="0,1" hai="8,9,10,47,48,55,77,80,85,88,89,90,96,98" machi="47" ten="30,7900,0" yaku="1,1,0,1,8,1,54,1,53,0" doraHai="130" doraHaiUra="13" who="1" fromWho="1" sc="250,-39,240,89,250,-20,250,-20" /><INIT seed="1,0,0,4,3,133" ten="211,329,230,230" oya="1" hai0="1,49,61,25,32,122,69,127,86,15,34,128,31" hai1="101,48,119,131,36,21,124,111,97,104,126,5,52" hai2="98,39,18,134,125,105,43,112,116,14,53,92,95" hai3="0,108,85,113,63,96,17,80,54,118,44,20,110"/><U102/><E119/><V90/><F116/><W60/><G0/><T24/><D49/><U87/><E36/><V28/><F134/><W51/><G113/><T93/><D1/><U68/><E68/><V41/><F112/><W66/><G118/><T79/><D128/><U74/><E74/><V11/><F105/><W13/><G96/><T56/><D69/><U59/><E131/><V45/><F28/><W84/><G84/><T135/><D135/><U107/><E5/><V10/><F43/><W9/><G20/><T27/><D15/><U88/><E111/><N who="3" m="42538" /><G66/><T82/><D122/><U115/><E115/><V29/><F29/><W4/><G4/><T75/><D34/><U6/><E6/><V132/><F132/><W55/><G54/><T2/><D2/><U130/><E21/><V70/><F70/><W72/><G72/><T100/><D75/><U73/><E73/><V19/><F53/><W50/><G50/><T3/><D3/><U12/><E12/><V103/><F125/><N who="1" m="48233" /><E130/><V99/><F10/><W81/><G81/><T106/><D127/><U120/><E120/><V64/><F19/><W22/><G22/><T89/><D106/><N who="1" m="40491" /><E97/><V83/><F14/><W7/><G7/><T123/><D123/><U65/><E65/><V76/><F64/><W78/><AGARI ba="0,0" hai="9,13,17,44,51,55,60,63,78,80,85" m="42538" machi="78" ten="30,1100,0" yaku="14,1" doraHai="133" who="3" fromWho="3" sc="211,-3,329,-5,230,-3,230,11" /><INIT seed="2,0,0,3,4,54" ten="208,324,227,241" oya="2" hai0="3,19,15,47,73,110,115,122,7,55,38,103,104" hai1="82,62,106,84,71,49,30,5,131,27,53,80,128" hai2="114,134,112,48,67,66,133,88,18,130,24,97,108" hai3="90,127,64,86,74,37,34,107,32,94,45,0,83"/><V75/><F75/><W46/><G127/><T113/><D122/><U81/><E106/><V29/><F18/><W28/><G107/><T119/><D73/><U22/><E5/><V61/><F48/><W98/><G0/><T11/><D119/><U117/><E117/><V40/><F40/><W96/><G96/><T111/><D104/><U95/><E95/><N who="2" m="56551" /><F66/><W52/><G64/><T135/><D103/><U132/><E132/><N who="2" m="50795" /><F130/><N who="1" m="49705" /><E62/><V120/><F120/><W9/><G74/><T16/><D135/><U33/><E71/><N who="2" m="42479" /><F108/><N who="0" m="41514" /><D38/><U39/><E39/><V8/><F8/><W72/><G9/><N who="0" m="2303" /><D19/><U35/><E84/><V89/><F89/><W10/><G90/><T85/><D85/><U78/><E78/><V121/><F121/><W42/><G86/><T101/><D101/><U124/><E124/><V13/><F13/><W77/><G37/><T23/><D11/><U56/><AGARI ba="0,0" hai="22,27,30,33,35,49,53,56,80,81,82" m="49705" machi="56" ten="30,2000,0" yaku="19,1,52,1" doraHai="54" who="1" fromWho="1" sc="208,-5,324,20,227,-10,241,-5" /><INIT seed="3,0,0,2,3,70" ten="203,344,217,236" oya="3" hai0="25,118,115,59,111,133,91,39,64,45,6,99,103" hai1="72,122,13,97,120,73,119,57,50,21,55,74,79" hai2="30,7,41,127,0,8,67,86,85,34,27,110,65" hai3="94,131,92,28,132,63,104,114,29,48,19,3,82"/><W49/><G114/><T16/><D118/><U76/><E119/><V80/><F110/><W116/><G104/><T121/><D121/><U89/><E79/><V105/><F105/><W40/><G3/><T12/><D111/><U14/><E76/><V123/><F123/><W84/><G132/><T37/><D133/><U42/><E42/><V18/><F127/><W22/><G63/><N who="0" m="38015" /><D39/><U1/><E1/><V51/><F18/><W20/><G131/><T125/><D125/><U71/><E71/><V15/><F0/><W53/><G40/><T88/><D115/><U47/><E47/><N who="2" m="26095" /><F86/><W135/><G84/><T107/><D25/><U23/><E89/><N who="0" m="34377" /><D6/><U24/><E23/><V43/><F43/><W38/><G22/><N who="0" m="11527" /><D37/><U33/><E122/><V130/><F130/><W101/><G38/><T52/><D45/><U96/><E120/><V31/><F31/><W109/><G29/><T2/><D2/><U129/><E129/><V17/><F7/><W134/><G28/><T54/><D107/><U81/><E73/><V113/><F113/><W69/><G109/><T56/><D56/><U78/><E74/><V46/><F46/><W44/><G69/><T68/><D68/><U77/><E72/><V102/><F102/><W61/><G101/><T108/><D108/><U26/><E57/><V5/><F5/><W100/><G100/><T106/><D106/><U4/><E4/><V35/><F35/><W117/><G117/><T36/><D36/><U58/><E58/><V128/><F128/><W93/><G135/><T10/><D10/><U9/><E33/><V60/><F60/><RYUUKYOKU ba="0,0" sc="203,15,344,-15,217,15,236,-15" hai0="52,54,99,103" hai2="8,15,17,27,30,34,65,67,80,85" owari="218,-28.2,329,42.9,232,3.2,221,-17.9" /></mjloggm>