<mjloggm ver="2.3"><GO type="225" lobby="0"/><UN n0="%E6%B8%A9%E2%98%85%E6%83%85%E2%98%85%E6%8E%AA%E2%98%85%E7%BD%AE" n1="%47%48%4F%53%54" n2="%E5%8D%8D%E6%B1%A0%E8%A2%8B%E6%9C%80%E5%BC%B7%E5%8D%8D" n3="%E6%80%AA%E3%81%97%E3%81%99%E3%81%8E%E3%82%8B%E3%83%81%E3%83%BC" dan="16,17,16,16" rate="2116.22,2247.69,2134.27,2146.47" sx="M,M,M,M"/><TAIKYOKU oya="0"/><INIT seed="0,0,0,1,3,32" ten="250,250,250,250" oya="0" hai0="70,39,14,42,131,111,134,135,108,28,88,34,13" hai1="86,16,75,9,76,82,95,35,37,128,51,97,74" hai2="130,91,36,60,45,27,25,92,26,94,15,100,107" hai3="31,78,8,133,77,64,65,53,0,47,11,122,59"/><T30/><D70/><U87/><E37/><V90/><F130/><W23/><G133/><N who="0" m="50699" /><D131/><U3/><E128/><V29/><F29/><N who="0" m="11370" /><D34/><U41/><E35/><V12/><F107/><W40/><G0/><T116/><D116/><U121/><E121/><V80/><F100/><W46/><G122/><T72/><D72/><U71/><E71/><V126/><F126/><W48/><G31/><T125/><D125/><U109/><E109/><N who="0" m="42057" /><D88/><U20/><E75/><V18/><F91/><W1/><G77/><T44/><AGARI ba="0,0" hai="13,14,39,42,44" m="42057,11370,50699" machi="44" ten="40,7800,0" yaku="20,1,14,1,10,1" doraHai="32" who="0" fromWho="0" sc="250,78,250,-26,250,-26,250,-26" /><INIT seed="0,1,0,5,5,131" ten="328,224,224,224" oya="0" hai0="100,13,119,19,79,112,16,42,97,69,53,85,63" hai1="11,65,75,61,54,88,116,3,76,89,57,40,20" hai2="109,98,34,122,129,47,2,80,28,23,117,105,133" hai3="94,17,9,113,82,21,27,41,48,91,15,130,62"/><T46/><D112/><U6/><E116/><V7/><F23/><W36/><G113/><T135/><D119/><U111/><E111/><V125/><F47/><W104/><G130/><T29/><D29/><U103/><E103/><V49/><F49/><W50/><G104/><T108/><D108/><U39/><E20/><V95/><F95/><W56/><G82/><T123/><D123/><U93/><E93/><V52/><F52/><N who="3" m="34055" /><G36/><T120/><D85/><U8/><E8/><N who="2" m="2167" /><F80/><W102/><G102/><T74/><D79/><U12/><E12/><V73/><F117/><W68/><G68/><T106/><D74/><U26/><E26/><N who="2" m="18711" /><F122/><W83/><G83/><T44/><D120/><U66/><E76/><V10/><F10/><W107/><G107/><T87/><D106/><U72/><E75/><V132/><F129/><W118/><G41/><T14/><D42/><U43/><E72/><V1/><F1/><W30/><G118/><T31/><D69/><U96/><E43/><V25/><F25/><W77/><G77/><T86/><D14/><U22/><E40/><V32/><F32/><W121/><G121/><T110/><D13/><U55/><E39/><V126/><F73/><W115/><G115/><T33/><D110/><U67/><E55/><V0/><F0/><W24/><G24/><T64/><D53/><U35/><E35/><V4/><F4/><W59/><G59/><N who="0" m="36991" /><D33/><U92/><E89/><V81/><F81/><W78/><G78/><T60/><D46/><U71/><E71/><V99/><F109/><W90/><G91/><T70/><D44/><U101/><E88/><RYUUKYOKU ba="1,0" sc="328,-15,224,15,224,-15,224,15" hai1="3,6,11,22,54,57,61,65,66,67,92,96,101" hai3="9,15,17,21,27,30,48,50,90,94" /><INIT seed="1,2,0,0,3,65" ten="313,239,209,239" oya="1" hai0="99,94,32,49,76,40,125,73,59,6,111,96,63" hai1="61,43,79,33,103,47,82,29,3,0,60,11,22" hai2="9,38,58,87,128,10,120,72,127,55,100,53,86" hai3="46,66,91,37,36,110,71,52,93,62,102,2,21"/><U12/><E103/><V16/><F72/><W31/><G110/><T97/><D32/><U108/><E108/><V95/><F120/><W25/><G2/><T5/><D111/><U105/><E105/><V75/><F75/><W20/><G102/><T116/><D116/><U51/><E33/><V68/><F68/><W134/><G21/><T69/><D69/><U26/><E3/><V92/><F128/><W90/><G134/><T133/><D133/><U109/><E0/><V19/><F38/><W118/><G118/><T77/><D125/><U8/><E8/><V56/><REACH who="2" step="1"/><F100/><REACH who="2" ten="313,239,199,239" step="2"/><W13/><G36/><T4/><D73/><U57/><E109/><V30/><F30/><W1/><G37/><T107/><D107/><U74/><REACH who="1" step="1"/><E57/><REACH who="1" ten="313,229,199,239" step="2"/><V23/><F23/><W54/><G20/><T17/><D59/><U88/><E88/><V113/><F113/><W39/><G91/><T41/><D77/><U112/><E112/><V7/><F7/><AGARI ba="2,2" hai="7,11,12,22,26,29,43,47,51,60,61,74,79,82" machi="7" ten="30,2900,0" yaku="1,1,7,1,53,0" doraHai="65" doraHaiUra="67" who="1" fromWho="2" sc="313,0,229,55,199,-35,239,0" /><INIT seed="1,3,0,2,5,95" ten="313,284,164,239" oya="1" hai0="90,84,46,1,60,120,39,97,27,74,108,43,6" hai1="22,33,68,80,13,16,82,7,20,73,116,59,55" hai2="32,98,30,26,12,87,62,48,11,127,115,106,114" hai3="105,65,66,5,52,36,96,112,75,91,34,85,61"/><U71/><E116/><V86/><F127/><W54/><G75/><T31/><D74/><U44/><E33/><V28/><F28/><W79/><G34/><T64/><D108/><U51/><E7/><V67/><F48/><W110/><G36/><T132/><D132/><U53/><E22/><V83/><F83/><N who="3" m="47359" /><G105/><T113/><D113/><N who="2" m="43018" /><F106/><W89/><G110/><T47/><D47/><U3/><E3/><V123/><F123/><W41/><G41/><T72/><D72/><U8/><E20/><V78/><F78/><W19/><G5/><T103/><D6/><U88/><E73/><V69/><F98/><W129/><G129/><T2/><D120/><U70/><REACH who="1" step="1"/><E88/><REACH who="1" ten="313,274,164,239" step="2"/><V104/><F104/><W130/><G91/><T93/><D31/><U117/><E117/><V38/><F38/><W133/><G89/><T42/><D39/><U134/><E134/><V50/><F50/><AGARI ba="3,1" hai="8,13,16,44,50,51,53,55,59,68,70,71,80,82" machi="50" ten="40,3900,0" yaku="1,1,54,1,53,0" doraHai="95" doraHaiUra="24" who="1" fromWho="2" sc="313,0,274,58,164,-48,239,0" /><INIT seed="1,4,0,0,5,31" ten="313,332,116,239" oya="1" hai0="46,74,69,94,23,123,13,28,89,130,56,77,125" hai1="65,111,70,116,52,66,5,19,102,47,1,119,39" hai2="110,59,54,71,21,128,113,57,55,79,44,27,53" hai3="36,96,117,0,126,63,45,107,12,83,112,50,10"/><U124/><E1/><V90/><F79/><W64/><G112/><T132/><D69/><U40/><E5/><V95/><F113/><W78/><G126/><T4/><D125/><U29/><E29/><V68/><F128/><W134/><G134/><T49/><D130/><U105/><E19/><V58/><F110/><W35/><G35/><T72/><D132/><U37/><E102/><V18/><REACH who="2" step="1"/><F44/><REACH who="2" ten="313,332,106,239" step="2"/><W133/><G45/><T38/><D77/><U100/><E47/><V106/><F106/><W20/><G78/><T109/><D46/><U9/><E105/><V33/><F33/><W26/><G107/><T60/><D109/><U7/><E111/><V75/><F75/><W67/><G133/><T103/><D74/><U97/><E124/><V115/><F115/><W87/><G117/><T93/><D72/><U48/><E119/><V101/><F101/><W51/><G36/><T127/><D103/><U17/><E100/><V42/><F42/><W131/><G131/><T24/><D38/><U14/><E40/><V3/><F3/><W135/><G0/><T22/><D127/><U91/><E116/><V85/><AGARI ba="4,1" hai="18,21,27,53,54,55,57,58,59,68,71,85,90,95" machi="85" ten="30,2000,0" yaku="1,1,0,1,53,0" doraHai="31" doraHaiUra="32" who="2" fromWho="2" sc="313,-9,332,-14,106,42,239,-9" /><INIT seed="2,0,0,0,1,53" ten="304,318,148,230" oya="2" hai0="52,5,93,41,39,107,115,20,82,79,60,68,7" hai1="111,83,98,17,134,40,80,105,66,15,61,131,29" hai2="100,36,85,108,89,75,123,116,78,110,11,65,50" hai3="97,48,6,56,18,27,120,63,71,64,117,70,26"/><V30/><F123/><W135/><G120/><T124/><D107/><U104/><E111/><N who="2" m="42539" /><F36/><W133/><G117/><T35/><D115/><U8/><E131/><V109/><N who="2" m="42547" /><V119/><DORA hai="0" /><F65/><W9/><G97/><T43/><D35/><U54/><E40/><N who="0" m="15433" /><D68/><N who="3" m="26153" /><G18/><T21/><D124/><U51/><E134/><N who="3" m="51210" /><G48/><T45/><D39/><U67/><E67/><V19/><F30/><W25/><G25/><T38/><D38/><U76/><E29/><V2/><F100/><W126/><G126/><T28/><D28/><U16/><E66/><V96/><F96/><W23/><G23/><T57/><D21/><U95/><E98/><V125/><F125/><W49/><G49/><T90/><D20/><U32/><E51/><V58/><F75/><W92/><G92/><T132/><D93/><U113/><E95/><N who="2" m="54703" /><F78/><W33/><G33/><T31/><D79/><U94/><E32/><V101/><F101/><W3/><AGARI ba="0,0" hai="3,6,9,26,27,56,63,64" m="51210,26153" machi="3" ten="30,4000,0" yaku="20,1,52,2" doraHai="53,0" who="3" fromWho="3" sc="304,-10,318,-10,148,-20,230,40" /><INIT seed="3,0,0,0,3,42" ten="294,308,128,270" oya="3" hai0="122,62,35,49,93,71,1,12,70,85,66,86,21" hai1="4,100,77,75,34,82,72,16,13,40,51,0,126" hai2="22,76,92,78,3,36,98,11,17,7,41,133,123" hai3="15,134,60,8,25,125,27,39,58,87,118,121,110"/><W73/><G73/><T9/><D35/><U52/><E34/><V23/><F123/><W101/><G118/><T50/><D71/><U45/><E100/><V2/><F2/><W135/><G39/><T64/><D122/><U97/><E126/><V29/><F133/><N who="3" m="50699" /><G125/><T117/><D1/><U26/><E97/><V46/><F29/><W6/><G110/><T88/><D117/><U20/><E0/><V115/><F115/><W53/><G121/><T10/><D66/><U99/><E99/><V47/><F47/><W30/><G101/><T102/><D102/><U130/><E130/><V37/><F37/><W104/><G104/><T127/><D127/><U69/><E69/><V61/><F61/><W33/><G25/><T107/><D107/><U112/><E112/><V79/><REACH who="2" step="1"/><F17/><REACH who="2" ten="294,308,118,270" step="2"/><W94/><G30/><T57/><D70/><U14/><E4/><V48/><F48/><N who="0" m="18538" /><D86/><U124/><E124/><V105/><F105/><W18/><G87/><T65/><D65/><U90/><E75/><V108/><F108/><W38/><G38/><T24/><D12/><U120/><E120/><V54/><F54/><W131/><G18/><AGARI ba="0,1" hai="9,10,18,21,24,57,62,64,85,88,93" m="18538" machi="18" ten="30,2000,0" yaku="8,1,54,1" doraHai="42" who="0" fromWho="3" sc="294,30,308,0,118,0,270,-20" owari="324,42.4,308,10.8,118,-38.2,250,-15.0" /></mjloggm>