<mjloggm ver="2.3"><GO type="225" lobby="0"/><UN n0="%43%68%65" n1="%E6%A1%9C%E8%8A%B1%E9%96%83%E3%80%85" n2="%E3%81%A1%E3%82%85%E3%81%86%E3%81%A9%E3%81%8F%E8%B1%A1%E3%81%95%E3%82%93" n3="%E9%80%9F%E6%B0%B4%E5%87%9B%E9%A6%99" dan="16,18,16,16" rate="2149.63,2229.29,2084.34,2057.72" sx="M,M,M,F"/><TAIKYOKU oya="0"/><INIT seed="0,0,0,2,3,1" ten="250,250,250,250" oya="0" hai0="105,106,133,50,125,84,5,34,72,41,89,12,38" hai1="64,25,60,43,51,123,3,130,21,65,47,62,67" hai2="91,70,116,0,48,95,45,55,9,128,97,68,86" hai3="118,32,94,61,42,24,17,87,82,33,39,30,53"/><T114/><D72/><U98/><E123/><V66/><F128/><W63/><G118/><T26/><D114/><U78/><E130/><V135/><F135/><W16/><G33/><T124/><D38/><U36/><E3/><V83/><F116/><W79/><G42/><T7/><D133/><U2/><E2/><V104/><F104/><W74/><G39/><T109/><D106/><U18/><E36/><V103/><REACH who="2" step="1"/><F66/><REACH who="2" ten="250,250,240,250" step="2"/><W92/><G74/><T93/><D105/><U134/><E134/><V49/><F49/><W59/><G63/><T117/><D117/><U29/><E62/><V27/><F27/><W54/><G54/><T6/><D12/><U23/><E60/><V85/><F85/><W81/><G81/><T69/><D69/><U40/><E40/><V80/><F80/><W121/><G121/><T57/><D109/><U14/><E98/><V46/><F46/><W132/><G132/><T20/><D34/><U126/><E126/><N who="0" m="48745" /><D41/><U115/><E115/><V52/><F52/><W120/><G120/><T112/><D112/><U111/><E111/><V129/><F129/><W108/><G108/><T28/><D57/><U100/><E65/><V107/><F107/><W44/><G44/><T102/><D50/><U10/><E67/><V88/><F88/><W77/><G77/><T90/><D90/><U119/><E64/><V8/><F8/><W35/><G35/><T56/><D56/><U131/><E131/><V71/><F71/><W11/><G11/><T122/><D122/><U58/><E119/><V127/><F127/><W76/><G76/><T31/><D102/><RYUUKYOKU ba="0,1" sc="250,10,250,-30,240,10,250,10" hai0="5,6,7,20,26,28,31,84,89,93" hai2="0,9,45,48,55,68,70,83,86,91,95,97,103" hai3="16,17,24,30,32,53,59,61,79,82,87,92,94" /><INIT seed="0,1,1,2,0,27" ten="260,220,250,260" oya="0" hai0="97,38,55,128,75,12,83,124,17,101,63,123,45" hai1="51,32,129,2,20,13,130,28,103,90,52,35,25" hai2="60,113,126,132,73,118,58,14,77,121,78,95,116" hai3="15,1,5,114,68,19,61,94,49,117,92,98,59"/><T0/><D0/><U36/><E36/><V57/><F121/><W48/><G117/><N who="2" m="45161" /><F113/><W99/><G114/><T91/><D123/><U76/><E2/><V115/><F115/><W3/><G5/><T74/><D124/><U100/><E76/><N who="2" m="29291" /><F126/><W87/><G87/><T70/><D128/><N who="1" m="49259" /><E90/><V93/><F73/><W105/><G105/><T30/><D101/><N who="1" m="38987" /><E13/><V40/><F40/><W79/><G79/><T54/><D38/><U112/><E112/><V9/><F132/><W16/><G68/><T56/><D70/><U24/><E24/><V110/><F110/><W127/><G127/><T71/><D71/><U85/><E85/><V89/><F89/><N who="3" m="55567" /><G1/><T44/><D75/><U108/><E108/><V53/><F58/><AGARI ba="1,1" hai="20,25,28,32,35,51,52,58" m="38987,49259" machi="58" ten="30,3900,0" yaku="19,1,52,1,54,1" doraHai="27" who="1" fromWho="2" sc="260,0,220,52,250,-42,260,0" /><INIT seed="1,0,0,5,4,76" ten="260,272,208,260" oya="1" hai0="29,65,43,112,133,31,50,103,27,100,69,20,114" hai1="28,34,118,84,81,61,113,47,59,105,98,94,38" hai2="52,39,99,12,87,85,119,128,25,44,48,96,11" hai3="62,5,32,134,127,8,75,63,107,91,95,111,78"/><U3/><E113/><V67/><F119/><W30/><G107/><T125/><D69/><U70/><E70/><V7/><F128/><W33/><G111/><T73/><D65/><U16/><E3/><V117/><F117/><W89/><G134/><T109/><D73/><U93/><E105/><V82/><F39/><W17/><G127/><T56/><D125/><U6/><E6/><V58/><F25/><W101/><G101/><T71/><D71/><U41/><E118/><V13/><F13/><W2/><G17/><T132/><D109/><U120/><E120/><V126/><F126/><W129/><G129/><T42/><D56/><U74/><E74/><V66/><F87/><W80/><G89/><T51/><D20/><U54/><E16/><V77/><F66/><W83/><G83/><T97/><D27/><U88/><REACH who="1" step="1"/><E98/><AGARI ba="0,0" hai="29,31,42,43,50,51,97,98,100,103,112,114,132,133" machi="98" ten="25,1600,0" yaku="22,2" doraHai="76" who="0" fromWho="1" sc="260,16,272,-16,208,0,260,0" /><INIT seed="2,0,0,2,0,63" ten="276,256,208,260" oya="2" hai0="68,125,123,135,120,0,86,1,80,108,18,47,112" hai1="88,115,60,16,7,111,110,10,53,70,6,85,4" hai2="66,97,107,22,30,37,13,117,79,129,105,76,48" hai3="106,78,128,40,26,99,25,8,44,73,102,31,52"/><V92/><F117/><W46/><G128/><T77/><D112/><U134/><E115/><V36/><F129/><W58/><G8/><T24/><D68/><U87/><E134/><V57/><F105/><W124/><G124/><T11/><D125/><U104/><E104/><V75/><F107/><W35/><G25/><T59/><D135/><U20/><E10/><V50/><F36/><W101/><G101/><T51/><D108/><N who="1" m="41515" /><E53/><V103/><F37/><W118/><G118/><T67/><D1/><U61/><E85/><V38/><F38/><W32/><G32/><T3/><D3/><U126/><E126/><V109/><F109/><W56/><G56/><T121/><D24/><N who="1" m="14343" /><E70/><V45/><F75/><W116/><G116/><T127/><D127/><U90/><E90/><V74/><F74/><W89/><G40/><T28/><D28/><U131/><E131/><V132/><F132/><W2/><G89/><T94/><D0/><U84/><E84/><V41/><F48/><W95/><G106/><T114/><D114/><U14/><E14/><V39/><F39/><W81/><REACH who="3" step="1"/><G2/><REACH who="3" ten="276,256,208,250" step="2"/><T96/><D11/><U119/><E119/><V130/><F130/><W133/><G133/><T27/><D27/><U12/><E12/><V98/><F98/><W113/><G113/><T100/><D123/><U93/><AGARI ba="0,1" hai="4,6,7,60,61,87,88,93" m="14343,41515" machi="93" ten="30,4000,0" yaku="14,1,54,2" doraHai="63" who="1" fromWho="1" sc="276,-10,256,50,208,-20,250,-10" /><INIT seed="3,0,0,5,3,122" ten="266,306,188,240" oya="3" hai0="41,100,91,102,4,6,80,130,22,128,5,45,81" hai1="132,101,114,25,126,7,90,17,9,76,74,11,55" hai2="103,0,2,112,65,89,43,92,93,121,24,69,21" hai3="64,105,118,23,129,133,119,42,18,59,88,83,27"/><W31/><G105/><T99/><D22/><U50/><E114/><V16/><F112/><W124/><G133/><T66/><D66/><U52/><E101/><V47/><F121/><W68/><G68/><T120/><D120/><U56/><E132/><V111/><F111/><W110/><G129/><N who="0" m="49771" /><D91/><U113/><E126/><V135/><F135/><W19/><G124/><T38/><D102/><U36/><E36/><V26/><F26/><W29/><G110/><T37/><D38/><U48/><E90/><V33/><F33/><W87/><G42/><T86/><D86/><U75/><E76/><V61/><F103/><W35/><G35/><T104/><AGARI ba="0,0" hai="4,5,6,37,41,45,80,81,99,100,104" m="49771" machi="104" ten="30,1100,0" yaku="19,1" doraHai="122" who="0" fromWho="0" sc="266,11,306,-3,188,-3,240,-5" owari="277,7.7,303,40.3,185,-31.5,235,-16.5" /></mjloggm>