<mjloggm ver="2.3"><GO type="225" lobby="0"/><UN n0="%63%68%78%63%63" n1="%E6%81%A5%E6%99%92%E3%81%97" n2="%E3%82%A2%E3%83%A1%E3%82%A2%E3%83%A9%E3%83%AC" n3="%E6%A1%9C%E8%8A%B1%E9%96%83%E3%80%85" dan="16,16,16,16" rate="2138.77,2146.22,2044.60,2133.29" sx="M,M,M,M"/><TAIKYOKU oya="0"/><INIT seed="0,0,0,4,0,71" ten="250,250,250,250" oya="0" hai0="67,101,80,95,97,98,50,56,128,2,47,75,37" hai1="108,129,16,69,4,63,122,106,70,105,30,33,104" hai2="99,18,102,72,115,74,3,35,66,11,110,79,126" hai3="124,46,109,64,83,58,78,34,25,57,123,60,91"/><T23/><D128/><U14/><E122/><V82/><F115/><W24/><G123/><T19/><D2/><U87/><E129/><V86/><F110/><W119/><G119/><T114/><D114/><U131/><E131/><V85/><F126/><W42/><G109/><T135/><D135/><U1/><E108/><V88/><F35/><W45/><G124/><T38/><D67/><U107/><N who="1" m="26624" /><DORA hai="36" /><U73/><E73/><V28/><F28/><W103/><G103/><T132/><D56/><U125/><E63/><V12/><F66/><W0/><G0/><T39/><D98/><U112/><E112/><V121/><F121/><W26/><G91/><T100/><D100/><U134/><E134/><V49/><F99/><W51/><G46/><T93/><D93/><U10/><E87/><V62/><F102/><W15/><G15/><T32/><D32/><U133/><E125/><V113/><F62/><W94/><G94/><T8/><D8/><U130/><E133/><V96/><F96/><W29/><REACH who="3" step="1"/><G58/><REACH who="3" ten="250,250,250,240" step="2"/><T77/><D132/><U48/><E130/><V6/><F113/><W76/><G76/><T117/><D117/><U118/><E118/><V116/><F116/><W40/><G40/><T54/><REACH who="0" step="1"/><D38/><REACH who="0" ten="240,250,250,240" step="2"/><U20/><E48/><V84/><F49/><W81/><G81/><T9/><D9/><U120/><E120/><V21/><F79/><W68/><G68/><T13/><AGARI ba="0,2" hai="13,19,23,37,39,47,50,54,75,77,80,95,97,101" machi="13" ten="20,12000,1" yaku="1,1,0,1,7,1,52,2,53,0" doraHai="71,36" doraHaiUra="53,65" who="0" fromWho="0" sc="240,140,250,-40,250,-40,240,-40" /><INIT seed="0,1,0,5,2,135" ten="380,210,210,200" oya="0" hai0="4,3,115,43,82,96,85,107,94,19,93,127,104" hai1="113,48,71,16,72,35,30,2,21,65,69,81,86" hai2="5,132,67,49,56,11,128,119,78,118,126,33,41" hai3="131,133,36,64,46,124,60,76,51,68,29,44,15"/><T50/><D115/><U121/><E121/><V83/><F132/><W120/><G133/><T63/><D63/><U27/><E113/><V10/><F128/><W79/><G131/><T89/><D4/><U26/><E72/><V55/><F33/><W58/><G120/><T45/><D3/><U90/><E2/><V101/><F101/><W99/><G29/><T98/><D127/><U112/><E112/><V80/><F67/><W47/><G36/><T0/><D0/><U52/><REACH who="1" step="1"/><E65/><REACH who="1" ten="380,200,210,200" step="2"/><V57/><F119/><W84/><G124/><T8/><D104/><U62/><E62/><V123/><F118/><W40/><G64/><T109/><D107/><U116/><E116/><V7/><F123/><W42/><G60/><T129/><D129/><U70/><E70/><V23/><F126/><W32/><G68/><T6/><D109/><U111/><E111/><V73/><F73/><W61/><G61/><T106/><D106/><U13/><E13/><V88/><F5/><W54/><G15/><N who="0" m="7655" /><D6/><U95/><E95/><AGARI ba="1,1" hai="43,45,50,82,85,89,93,94,95,96,98" m="7655" machi="95" ten="30,1500,0" yaku="8,1" doraHai="135" who="0" fromWho="1" sc="380,28,200,-18,210,0,200,0" /><INIT seed="0,2,0,0,4,106" ten="408,182,210,200" oya="0" hai0="114,124,59,70,131,83,133,31,128,49,121,19,43" hai1="135,27,7,38,64,57,79,86,61,78,102,92,4" hai2="9,62,100,17,108,0,120,81,123,63,32,118,90" hai3="68,125,130,20,33,58,1,67,107,16,8,30,129"/><T122/><D83/><U65/><E135/><V109/><F32/><W85/><G68/><T116/><D31/><U126/><E126/><V98/><F118/><W15/><G107/><T99/><D19/><U115/><E38/><V127/><F127/><W24/><G125/><T56/><D99/><N who="1" m="59751" /><E115/><V84/><F63/><W2/><G85/><T73/><D73/><U47/><E65/><V105/><F62/><W87/><G87/><T54/><D70/><U103/><E103/><V94/><F17/><N who="3" m="8423" /><G58/><N who="0" m="22059" /><D124/><U45/><E27/><V5/><REACH who="2" step="1"/><F105/><REACH who="2" ten="408,182,200,200" step="2"/><W93/><G67/><T26/><D116/><U88/><E78/><V72/><F72/><W77/><G77/><T53/><D133/><U18/><E79/><V134/><F134/><W35/><G35/><T46/><D114/><U37/><E18/><V113/><F113/><W41/><G33/><T55/><D26/><U132/><E132/><V34/><F34/><W44/><G30/><T52/><N who="0" m="13312" /><DORA hai="74" /><T12/><D12/><U117/><E117/><V80/><F80/><W22/><G22/><T89/><D89/><U110/><E37/><V51/><F51/><N who="3" m="27023" /><G93/><T3/><D3/><U6/><E110/><AGARI ba="2,1" hai="0,5,9,81,84,90,94,98,100,108,109,110,120,123" machi="110" ten="40,2600,0" yaku="1,1,14,1,53,0" doraHai="106,74" doraHaiUra="13,66" who="2" fromWho="1" sc="408,0,182,-32,200,42,200,0" /><INIT seed="1,0,0,0,1,45" ten="408,150,242,200" oya="1" hai0="43,134,27,106,128,110,93,92,117,119,76,87,129" hai1="47,125,77,6,80,42,15,44,86,16,79,62,1" hai2="108,38,53,126,114,35,63,65,52,20,120,26,17" hai3="83,135,68,133,59,29,46,56,64,88,130,116,34"/><U30/><E125/><V121/><F114/><W72/><G130/><N who="0" m="50283" /><D106/><U49/><E30/><V78/><F108/><W74/><G68/><T4/><D110/><U54/><E1/><V101/><F126/><W91/><G116/><T100/><D43/><U40/><E6/><V131/><F131/><W51/><G29/><T107/><D4/><U48/><E62/><V2/><F2/><W94/><G34/><T57/><D57/><N who="3" m="22089" /><G64/><T82/><D27/><U13/><E54/><V3/><F101/><W8/><G8/><T25/><D25/><U58/><E58/><V41/><F78/><N who="1" m="29705" /><E16/><V71/><F17/><W67/><G67/><T102/><D134/><N who="3" m="51209" /><G83/><T24/><D24/><U28/><E28/><V127/><F26/><W32/><G32/><T85/><D85/><U81/><E81/><V18/><F35/><W70/><G70/><T50/><D117/><U118/><E118/><V103/><F71/><W21/><G21/><T124/><D119/><U9/><E9/><V112/><F127/><W31/><G31/><T90/><D124/><U7/><E7/><V37/><F20/><W22/><G22/><T95/><D107/><U89/><AGARI ba="0,0" hai="13,15,40,42,44,47,48,49,80,86,89" m="29705" machi="89" ten="30,6000,0" yaku="8,1,52,2" doraHai="45" who="1" fromWho="1" sc="408,-20,150,60,242,-20,200,-20" /><INIT seed="1,1,0,1,5,7" ten="388,210,222,180" oya="1" hai0="113,31,114,119,39,97,45,50,133,37,53,38,120" hai1="117,107,9,127,74,66,82,15,59,63,0,111,33" hai2="109,25,17,5,6,30,69,128,32,61,11,105,49" hai3="57,110,51,64,116,62,77,12,58,13,86,14,118"/><U41/><E117/><N who="3" m="45162" /><G110/><T108/><D119/><U101/><E111/><V100/><F109/><W1/><G1/><T126/><D108/><U115/><E115/><V90/><F128/><W89/><G77/><T73/><D73/><U78/><E127/><V24/><F90/><W93/><G51/><T40/><D126/><U10/><E33/><V70/><F49/><W98/><G98/><T55/><D97/><U104/><E41/><V27/><F100/><W42/><G42/><T19/><D19/><U102/><E0/><N who="2" m="423" /><F61/><W123/><G123/><T131/><D31/><U48/><E48/><V36/><F69/><AGARI ba="1,0" hai="12,13,14,57,58,62,64,69,86,89,93" m="45162" machi="69" ten="30,1000,0" yaku="12,1" doraHai="7" who="3" fromWho="2" sc="388,0,210,0,222,-13,180,13" /><INIT seed="2,0,0,3,5,25" ten="388,210,209,193" oya="2" hai0="120,99,11,28,103,6,45,82,89,72,131,40,130" hai1="119,110,58,106,107,77,62,92,42,37,52,132,91" hai2="33,43,84,75,17,97,63,12,133,100,57,35,134" hai3="102,60,124,126,49,112,113,87,7,117,38,98,68"/><V19/><F75/><W108/><G7/><T9/><D28/><U118/><E110/><V61/><F43/><W88/><G38/><N who="0" m="21655" /><D120/><U56/><E132/><N who="2" m="50795" /><F84/><W104/><G49/><T114/><D114/><N who="3" m="44137" /><G108/><T64/><D64/><U95/><E77/><V69/><F69/><W123/><G123/><T54/><D54/><U105/><E58/><V127/><F127/><N who="3" m="48683" /><G117/><T20/><D20/><U122/><E95/><N who="2" m="58431" /><F63/><W3/><G3/><N who="0" m="223" /><D11/><U90/><E122/><V21/><F19/><W121/><G121/><T30/><D30/><U36/><E42/><V32/><F35/><W2/><G2/><T41/><D41/><U26/><E118/><V51/><F51/><W1/><G1/><T46/><D46/><U65/><E119/><V128/><F128/><W24/><G24/><T18/><D18/><U50/><E26/><V111/><F111/><W70/><G60/><T15/><D15/><U4/><E4/><V29/><F29/><W76/><G76/><N who="0" m="44295" /><D89/><U34/><E91/><V53/><AGARI ba="0,0" hai="12,17,21,32,33,53,57,61" m="58431,50795" machi="53" ten="30,1500,0" yaku="20,1" doraHai="25" who="2" fromWho="2" sc="388,-5,210,-5,209,15,193,-5" /><INIT seed="2,1,0,3,1,27" ten="383,205,224,188" oya="2" hai0="83,107,33,40,37,85,23,13,16,10,84,32,20" hai1="94,78,116,135,34,39,75,2,22,7,125,12,55" hai2="60,48,3,118,132,45,119,11,122,81,5,1,110" hai3="123,133,109,134,56,65,35,29,57,68,58,103,106"/><V96/><F122/><W26/><G109/><T97/><D33/><U113/><E113/><V51/><F132/><N who="3" m="50795" /><G123/><T43/><D32/><U112/><E112/><V9/><F110/><W80/><G80/><T74/><D74/><U44/><E116/><V100/><F81/><W88/><G88/><N who="0" m="51231" /><D107/><U66/><E66/><V46/><F60/><N who="3" m="39975" /><G57/><T19/><D97/><AGARI ba="1,0" hai="26,29,35,56,58,97,103,106" m="39975,50795" machi="97" ten="30,3900,0" yaku="25,1,20,1,52,1" doraHai="27" who="3" fromWho="0" sc="383,-42,205,0,224,0,188,42" /><INIT seed="3,0,0,5,3,99" ten="341,205,224,230" oya="3" hai0="45,28,6,73,30,108,83,23,46,61,117,20,0" hai1="4,57,106,72,118,111,64,124,129,54,35,37,90" hai2="19,17,119,65,1,134,120,105,101,2,77,39,32" hai3="25,127,42,43,8,15,10,67,56,95,74,29,130"/><W110/><G127/><T53/><D117/><U38/><E124/><V48/><F39/><W91/><G74/><T9/><D73/><U96/><E118/><V92/><F32/><W31/><G130/><T76/><D108/><U116/><E116/><V59/><F119/><W36/><G110/><T75/><D46/><U114/><E114/><V7/><F105/><W12/><G36/><T88/><D88/><U121/><E121/><V104/><F104/><W94/><G56/><T47/><D61/><U18/><E111/><V79/><F59/><W40/><G67/><T81/><D81/><U11/><E129/><V115/><F65/><W60/><G60/><T107/><D107/><U85/><E72/><V58/><F58/><W125/><G125/><T62/><D62/><U27/><E64/><V87/><F48/><W135/><G135/><T55/><D47/><U21/><E35/><V24/><F134/><W113/><G113/><T82/><D82/><N who="1" m="49463" /><E96/><V102/><F120/><W70/><G70/><T69/><D69/><U66/><E106/><V51/><F115/><W5/><G25/><T49/><D55/><U52/><E66/><V100/><F2/><W103/><G103/><T132/><D132/><U86/><E86/><V26/><F1/><W98/><G94/><T133/><D133/><U84/><E84/><V44/><F92/><W50/><G50/><T122/><D122/><U131/><E131/><V126/><F51/><W71/><G71/><T3/><D3/><N who="1" m="415" /><E57/><V78/><F126/><W41/><N who="3" m="10240" /><DORA hai="128" /><W14/><G5/><T89/><D89/><U80/><E80/><RYUUKYOKU ba="0,0" sc="341,10,205,10,224,-30,230,10" hai0="0,6,9,20,23,28,30,45,49,53,75,76,83" hai1="18,21,27,37,38,52,54" hai3="8,10,12,14,15,29,31,91,95,98" /><INIT seed="3,1,0,4,3,66" ten="351,215,194,240" oya="3" hai0="84,19,81,64,20,102,10,44,29,91,24,53,16" hai1="5,121,135,34,50,132,1,67,93,89,62,61,69" hai2="103,118,77,39,41,63,101,27,49,125,88,87,21" hai3="28,25,51,117,126,76,108,134,57,37,17,58,6"/><W31/><G117/><T43/><D102/><U54/><E121/><V83/><F118/><W59/><G37/><T60/><D53/><U133/><E34/><V92/><F125/><W14/><G126/><T35/><D10/><N who="1" m="2351" /><E69/><V97/><F39/><W130/><G130/><T85/><D20/><U106/><E106/><V79/><F103/><W26/><G134/><N who="1" m="34306" /><U3/><DORA hai="7" /><E3/><V128/><F128/><W109/><G6/><T104/><D104/><U124/><E67/><V36/><F36/><W112/><G76/><T32/><D85/><N who="1" m="52399" /><E124/><V30/><F63/><W38/><G38/><T75/><D35/><U47/><AGARI ba="1,0" hai="47,50,54,61,62" m="52399,34306,2351" machi="47" ten="40,2700,0" yaku="20,1,52,1" doraHai="66,7" who="1" fromWho="1" sc="351,-8,215,30,194,-8,240,-14" owari="343,44.3,245,4.5,186,-31.4,226,-17.4" /></mjloggm>