<mjloggm ver="2.3"><GO type="225" lobby="0"/><UN n0="%E7%B4%94%E6%BD%94%E3%83%94%E3%83%A9%E3%83%8B%E3%82%A2" n1="%E3%83%A9%E3%83%BC%E3%83%A1%E3%83%B3%E4%BA%94%E9%83%8E" n2="%6D%75%75%6D%75%72%61" n3="%E7%AD%89%E3%80%85%E5%8A%9B%E5%8A%87%E5%A0%B4" dan="17,16,16,17" rate="2183.79,2067.15,2146.11,2135.71" sx="M,M,F,M"/><TAIKYOKU oya="0"/><INIT seed="0,0,0,2,0,112" ten="250,250,250,250" oya="0" hai0="12,133,114,109,20,86,134,69,105,101,6,60,127" hai1="108,5,17,68,84,115,8,79,82,36,117,83,120" hai2="89,104,4,39,90,102,107,66,130,67,16,74,64" hai3="71,103,48,88,70,98,23,91,106,50,54,118,111"/><T93/><D114/><U59/><E115/><V33/><F33/><W49/><G111/><T96/><D109/><U26/><E120/><V57/><F39/><W53/><G118/><T97/><D127/><U18/><E68/><V2/><F74/><W77/><G71/><T28/><D86/><U78/><E108/><V22/><F130/><W15/><G70/><T58/><D69/><U65/><E36/><V37/><F37/><W128/><G77/><T40/><D40/><U92/><E117/><V72/><F72/><W19/><REACH who="3" step="1"/><G128/><REACH who="3" ten="250,250,250,240" step="2"/><T32/><D134/><U24/><E78/><V42/><F67/><W27/><G27/><T38/><D133/><U62/><E24/><V43/><F66/><W55/><AGARI ba="0,1" hai="15,19,23,48,49,50,53,54,55,88,91,98,103,106" machi="55" ten="30,4000,0" yaku="1,1,0,1,54,1,53,0" doraHai="112" doraHaiUra="131" who="3" fromWho="3" sc="250,-20,250,-10,250,-10,240,50" /><INIT seed="1,0,0,0,3,117" ten="230,240,240,290" oya="1" hai0="39,70,51,35,79,131,118,33,45,116,19,42,99" hai1="36,50,93,98,130,78,89,76,57,49,85,75,108" hai2="114,27,47,105,115,126,18,4,83,6,96,54,65" hai3="97,73,120,135,122,16,59,106,104,21,87,10,15"/><U7/><E36/><V37/><F126/><W60/><G73/><T67/><D131/><U107/><E130/><V20/><F65/><W53/><G135/><T1/><D1/><U24/><E108/><V43/><F54/><W121/><G97/><T55/><D79/><N who="1" m="30251" /><E75/><V69/><F69/><W58/><G87/><T127/><D99/><U8/><E107/><V88/><F105/><W94/><G94/><T41/><D19/><U109/><E109/><V125/><F125/><W66/><REACH who="3" step="1"/><G10/><REACH who="3" ten="230,240,240,280" step="2"/><T119/><D127/><U64/><E98/><V101/><F101/><W14/><G14/><T44/><D35/><U112/><E8/><V80/><F80/><W5/><G5/><T81/><D81/><U72/><E72/><V56/><F83/><W46/><G46/><T129/><D33/><U91/><E7/><V38/><F6/><W52/><G52/><T2/><D2/><U71/><E85/><V123/><F4/><W95/><G95/><T82/><D82/><U29/><E93/><V0/><F0/><W86/><G86/><T34/><D34/><U102/><E24/><V92/><F27/><W32/><G32/><T61/><D129/><U48/><E112/><V3/><F3/><W23/><G23/><T62/><D119/><U12/><E12/><N who="2" m="9287" /><F114/><W134/><G134/><T132/><D132/><U68/><E64/><V124/><F115/><W26/><G26/><T31/><D31/><U28/><E102/><V133/><F124/><W111/><G111/><T110/><D110/><U103/><E103/><V90/><F133/><W74/><G74/><T63/><D55/><RYUUKYOKU ba="0,1" sc="230,15,240,-15,240,-15,280,15" hai0="39,41,42,44,45,51,61,62,63,67,70,116,118" hai3="15,16,21,53,58,59,60,66,104,106,120,121,122" /><INIT seed="2,1,1,4,3,107" ten="245,225,225,295" oya="2" hai0="110,85,18,118,114,75,77,51,129,105,133,116,84" hai1="106,83,120,10,91,47,36,67,104,38,69,74,2" hai2="122,49,40,12,30,134,119,44,24,101,58,4,29" hai3="97,21,76,32,72,126,128,61,111,96,131,22,45"/><V54/><F122/><W50/><G32/><T31/><D105/><N who="1" m="40555" /><E91/><V28/><F119/><N who="0" m="45610" /><D114/><U123/><E67/><V102/><F134/><W62/><G111/><T55/><D110/><U9/><E69/><V26/><F4/><W68/><G126/><T93/><D133/><U124/><E124/><V90/><F12/><W98/><G76/><T23/><D31/><U117/><E117/><V112/><F90/><W52/><G72/><T7/><D7/><N who="1" m="1271" /><E10/><V11/><F11/><W103/><G103/><N who="2" m="39433" /><F112/><W87/><G87/><T95/><D85/><U57/><E57/><V60/><AGARI ba="1,1" hai="24,26,28,29,30,40,44,49,54,58,60" m="39433" machi="60" ten="30,1500,0" yaku="8,1" doraHai="107" who="2" fromWho="2" sc="245,-6,225,-6,225,28,295,-6" /><INIT seed="2,2,0,2,0,61" ten="239,219,253,289" oya="2" hai0="92,21,56,55,125,106,101,89,76,128,1,59,62" hai1="104,58,100,41,102,91,57,109,127,51,63,27,98" hai2="39,28,111,94,79,10,26,20,108,86,133,29,120" hai3="97,64,129,17,40,134,118,71,25,77,68,87,119"/><V78/><F120/><W122/><G122/><T47/><D128/><U72/><E72/><V19/><F39/><W96/><G134/><T37/><D125/><U23/><E109/><N who="2" m="42059" /><F133/><W121/><G121/><T50/><D1/><U74/><E74/><V116/><F116/><W70/><G129/><T5/><D76/><N who="2" m="29226" /><F10/><W83/><G119/><T22/><D5/><U14/><E127/><V3/><F3/><W99/><G118/><T103/><D37/><U13/><E104/><V135/><F135/><W88/><G40/><T66/><D47/><N who="1" m="26095" /><E102/><N who="0" m="38921" /><D106/><U123/><E100/><V126/><F126/><W45/><G45/><T131/><D131/><U110/><E110/><V33/><F33/><W46/><G46/><T124/><D124/><U18/><E123/><V60/><F60/><W117/><G117/><T85/><AGARI ba="2,0" hai="21,22,50,55,56,59,62,66,85,89,92" m="38921" machi="85" ten="30,2000,0" yaku="8,1,52,1" doraHai="61" who="0" fromWho="0" sc="239,26,219,-7,253,-12,289,-7" /><INIT seed="3,0,0,4,1,27" ten="265,212,241,282" oya="3" hai0="15,51,12,30,57,17,124,127,94,75,65,135,34" hai1="6,96,13,35,128,72,123,91,10,81,3,132,22" hai2="64,107,88,8,99,67,62,0,70,85,83,56,41" hai3="39,110,16,43,131,5,29,76,24,38,7,109,9"/><W71/><G71/><T79/><D75/><U49/><E123/><V130/><F130/><W101/><G131/><T54/><D79/><U45/><E128/><V133/><F133/><W14/><G101/><T102/><D135/><U55/><E132/><V1/><F41/><W93/><G76/><T84/><D65/><U103/><E35/><V105/><F99/><W63/><G93/><T115/><D115/><U4/><E72/><V50/><F67/><W18/><G63/><T129/><D129/><U23/><E6/><N who="3" m="2058" /><G43/><T36/><D15/><U89/><E3/><V108/><F108/><N who="3" m="41579" /><G18/><T48/><D51/><U121/><E121/><V61/><F61/><W2/><G2/><T87/><D36/><U66/><E66/><V86/><F1/><W19/><G19/><T74/><D74/><U69/><E69/><V52/><F0/><W11/><G11/><T32/><D102/><U59/><E45/><V42/><F8/><W78/><G78/><T26/><D94/><U100/><E100/><V80/><F42/><W46/><G46/><T44/><D44/><U120/><E120/><V92/><F92/><W25/><G25/><T95/><D95/><N who="1" m="58783" /><E81/><V119/><F119/><W53/><G53/><T113/><D113/><U122/><E122/><V116/><F116/><W77/><G77/><AGARI ba="0,0" hai="50,52,56,62,64,70,77,80,83,85,86,88,105,107" machi="77" ten="30,3900,0" yaku="7,1,54,2" doraHai="27" who="2" fromWho="3" sc="265,0,212,0,241,39,282,-39" /><INIT seed="4,0,0,0,5,119" ten="265,212,280,243" oya="0" hai0="13,50,84,59,107,38,31,106,11,37,78,36,111" hai1="132,86,116,53,76,26,94,62,104,88,67,1,30" hai2="70,73,44,75,96,51,87,72,24,58,49,0,47" hai3="65,4,69,115,63,114,3,90,83,16,89,48,128"/><T33/><D111/><U56/><E132/><V105/><F70/><W20/><G128/><T52/><D33/><U64/><E116/><V125/><F125/><W130/><G130/><T112/><D31/><U25/><E104/><V8/><F87/><W103/><G103/><T80/><REACH who="0" step="1"/><D112/><REACH who="0" ten="255,212,280,243" step="2"/><U23/><E1/><V99/><F0/><W81/><G115/><T27/><D27/><U97/><REACH who="1" step="1"/><E25/><REACH who="1" ten="255,202,280,243" step="2"/><V123/><F24/><W100/><G114/><T134/><D134/><U40/><E40/><V43/><F43/><W102/><G3/><T9/><D9/><U91/><E91/><V61/><F8/><W41/><G90/><T32/><D32/><U95/><E95/><V118/><F118/><W55/><G89/><T122/><D122/><U108/><E108/><V68/><F123/><W126/><G41/><T98/><D98/><U34/><E34/><V39/><F99/><W7/><G126/><T121/><D121/><U133/><E133/><V124/><F124/><W21/><G21/><T113/><D113/><U131/><E131/><V42/><F96/><W79/><G20/><T46/><D46/><U77/><E77/><V57/><F47/><W35/><G79/><T74/><D74/><U45/><E45/><V82/><F73/><W93/><G35/><T5/><AGARI ba="0,2" hai="5,11,13,36,37,38,50,52,59,78,80,84,106,107" machi="5" ten="30,6000,0" yaku="1,1,0,1,54,1,53,0" doraHai="119" doraHaiUra="110" who="0" fromWho="0" sc="255,80,202,-20,280,-20,243,-20" owari="335,43.5,182,-31.8,260,6.0,223,-17.7" /></mjloggm>