<mjloggm ver="2.3"><GO type="225" lobby="0"/><UN n0="%E3%82%B7%E3%83%B3%E5%A4%AA%E6%9C%97" n1="%E6%9C%AA%E6%9D%A5%E5%B0%91%E5%B9%B4" n2="%72%69%6F%75%63%68%61%6E" n3="%E6%B0%B4%E6%A8%B9%E5%A5%88%E5%A5%88" dan="16,16,17,16" rate="2125.98,2157.49,2153.96,2034.89" sx="M,M,M,F"/><TAIKYOKU oya="0"/><INIT seed="0,0,0,4,3,125" ten="250,250,250,250" oya="0" hai0="85,45,1,89,25,27,10,77,123,83,126,71,44" hai1="42,18,26,16,30,35,91,19,115,41,104,11,12" hai2="9,57,17,107,4,36,62,53,55,128,70,92,34" hai3="47,103,74,43,49,14,50,48,8,72,39,133,122"/><T15/><D126/><U127/><E127/><V51/><F128/><W67/><G133/><T101/><D71/><U117/><E117/><V96/><F36/><W98/><G122/><T79/><D123/><U23/><E115/><V20/><F34/><W3/><G67/><T33/><D1/><U60/><E104/><V132/><F132/><W90/><G90/><T129/><D101/><U80/><E60/><V124/><F124/><W93/><REACH who="3" step="1"/><G3/><REACH who="3" ten="250,250,250,240" step="2"/><T120/><D120/><U22/><E91/><V64/><F64/><W110/><G110/><T86/><D89/><U73/><E80/><V78/><F78/><W134/><G134/><T5/><D79/><U63/><E73/><V111/><F111/><W106/><G106/><T118/><D118/><U114/><E114/><V68/><F107/><W131/><G131/><T0/><D129/><U29/><E63/><V94/><F70/><W121/><G121/><T21/><D0/><U76/><E76/><V81/><F68/><W24/><G24/><T32/><D25/><N who="1" m="18895" /><E42/><V109/><F81/><W88/><G88/><T69/><D69/><U84/><E41/><V87/><F109/><W113/><G113/><T46/><REACH who="0" step="1"/><D86/><REACH who="0" ten="240,250,250,240" step="2"/><U52/><E84/><V2/><F87/><W56/><G56/><T108/><D108/><U37/><E26/><V38/><F57/><W135/><G135/><T28/><AGARI ba="0,2" hai="5,10,15,21,27,28,32,33,44,45,46,77,83,85" machi="28" ten="30,3000,0" yaku="1,1,0,1,53,0" doraHai="125" doraHaiUra="58" who="0" fromWho="0" sc="240,50,250,-10,250,-10,240,-10" /><INIT seed="0,1,0,2,5,16" ten="290,240,240,230" oya="0" hai0="105,101,58,36,28,121,48,79,7,135,126,132,51" hai1="60,20,128,11,75,85,109,87,52,124,83,95,86" hai2="74,110,2,55,113,76,19,38,10,131,127,30,81" hai3="125,53,93,106,98,122,120,67,78,5,130,15,45"/><T111/><D36/><U77/><E109/><V102/><F113/><W6/><G106/><T66/><D111/><U13/><E128/><V22/><F127/><W114/><G114/><T89/><D126/><U54/><E124/><V8/><F131/><W29/><G125/><T40/><D121/><N who="3" m="46697" /><G130/><T100/><D79/><U69/><E95/><V90/><F110/><W65/><G78/><T68/><D68/><U42/><E42/><V21/><F38/><W14/><G29/><T9/><D28/><U61/><E20/><N who="2" m="7787" /><F74/><W116/><G116/><T27/><D27/><U129/><E129/><V118/><F2/><W72/><G72/><T4/><D40/><U34/><E34/><V32/><F32/><W31/><G31/><T103/><D89/><U43/><E43/><V3/><F3/><W26/><G26/><T115/><D105/><U107/><E107/><V96/><F76/><W82/><G82/><T134/><D115/><U84/><E75/><V59/><F30/><W133/><G133/><T119/><D119/><U17/><REACH who="1" step="1"/><E69/><REACH who="1" ten="290,230,240,230" step="2"/><V104/><F118/><W37/><G93/><T50/><D9/><U92/><E92/><N who="2" m="58631" /><F19/><W23/><G6/><T35/><D35/><U33/><E33/><V112/><F104/><W123/><G123/><T99/><D99/><U62/><AGARI ba="1,1" hai="11,13,17,52,54,60,61,62,77,83,84,85,86,87" machi="62" ten="30,7900,0" yaku="1,1,0,1,8,1,54,1,53,0" doraHai="16" doraHaiUra="88" who="1" fromWho="1" sc="290,-40,230,92,240,-21,230,-21" /><INIT seed="1,0,0,5,1,29" ten="250,322,219,209" oya="1" hai0="57,89,25,27,101,1,79,99,36,77,76,19,88" hai1="4,16,18,112,72,8,52,43,114,59,129,121,61" hai2="51,94,21,115,74,6,62,38,26,49,110,54,66" hai3="73,107,23,11,104,97,10,82,83,118,47,5,126"/><U67/><E121/><V40/><F110/><W105/><G126/><T84/><D1/><U92/><E72/><V116/><F116/><W7/><G118/><T60/><D36/><U113/><E129/><V109/><F109/><W37/><G97/><T81/><D19/><U68/><E43/><V128/><F128/><W125/><G125/><T3/><D3/><U117/><E117/><V108/><F108/><W13/><G23/><T15/><D15/><U12/><REACH who="1" step="1"/><E92/><REACH who="1" ten="250,312,219,209" step="2"/><V65/><F74/><W31/><G73/><T78/><N who="0" m="19456" /><DORA hai="70" /><T56/><D81/><U106/><E106/><V64/><F94/><W96/><G82/><T133/><D133/><U95/><E95/><V53/><F40/><W20/><G83/><T30/><D101/><U134/><E134/><V135/><F135/><W102/><G104/><T22/><D99/><U9/><E9/><V93/><F93/><W91/><G105/><T63/><D84/><U120/><E120/><V71/><F38/><W39/><G107/><T46/><D89/><U122/><E122/><V14/><F115/><W87/><G102/><T0/><D88/><U127/><E127/><V119/><F119/><W86/><G96/><T98/><D98/><U100/><E100/><V69/><F69/><W90/><G91/><T85/><D85/><U111/><E111/><V17/><F71/><W80/><G87/><T132/><D132/><U33/><E33/><V103/><F103/><W42/><G37/><T28/><D22/><U24/><E24/><V45/><F26/><N who="3" m="16839" /><G10/><T58/><D25/><U2/><E2/><V48/><F6/><AGARI ba="0,1" hai="5,6,7,11,13,39,42,47,80,86,90" m="16839" machi="6" ten="30,2000,0" yaku="6,1,52,1" doraHai="29,70" who="3" fromWho="2" sc="250,0,312,0,219,-20,209,30" /><INIT seed="2,0,0,3,2,42" ten="250,312,199,239" oya="2" hai0="12,116,63,69,13,56,9,134,27,81,8,21,102" hai1="97,87,34,114,48,24,29,75,53,52,61,122,110" hai2="60,104,106,95,47,5,118,78,86,11,120,30,20" hai3="22,79,98,35,85,57,94,133,99,115,96,46,72"/><V101/><F118/><W39/><G35/><T62/><D116/><U113/><E75/><V18/><F120/><W125/><G125/><T50/><D134/><U32/><E122/><V128/><F128/><W112/><G133/><T90/><D102/><U129/><E129/><V124/><F124/><W83/><G57/><T37/><D37/><U23/><E110/><V38/><F30/><W121/><G121/><T100/><D100/><U19/><E34/><V28/><F28/><W36/><G22/><T33/><D33/><U64/><E87/><V65/><F78/><W0/><G0/><T91/><D69/><U82/><E82/><V49/><F38/><W51/><G94/><T107/><D50/><U55/><E97/><V58/><F86/><W84/><G39/><T135/><D63/><U6/><E6/><V40/><F95/><W74/><G36/><T73/><D107/><U71/><REACH who="1" step="1"/><E48/><REACH who="1" ten="250,302,199,239" step="2"/><V131/><F131/><W31/><G74/><T132/><D81/><U41/><E41/><V25/><REACH who="2" step="1"/><F101/><REACH who="2" ten="250,302,189,239" step="2"/><W126/><G126/><T14/><D73/><U3/><E3/><AGARI ba="0,2" hai="3,5,11,18,20,25,40,47,49,58,60,65,104,106" machi="3" ten="30,11600,0" yaku="1,1,2,1,7,1,52,1,53,0" doraHai="42" doraHaiUra="26" who="2" fromWho="1" sc="250,0,302,-116,189,136,239,0" /><INIT seed="2,1,0,4,0,128" ten="250,186,325,239" oya="2" hai0="78,93,4,9,88,13,10,98,126,61,35,15,58" hai1="116,121,3,48,2,34,47,96,22,59,37,74,133" hai2="18,28,85,130,67,77,5,107,83,71,20,49,72" hai3="80,114,33,84,41,103,86,125,29,119,134,89,42"/><V68/><F130/><W99/><G119/><T31/><D126/><U24/><E116/><V110/><F107/><W70/><G70/><T131/><D131/><U38/><E121/><V11/><F110/><W7/><G125/><T104/><D104/><U16/><E74/><V95/><F28/><W52/><G7/><T111/><D111/><U112/><E112/><V92/><F49/><W91/><G114/><T12/><D78/><U122/><E122/><V76/><F67/><W94/><G134/><T57/><D15/><U36/><E133/><V17/><F17/><W100/><G33/><T23/><D35/><U135/><E135/><V39/><F39/><W64/><G29/><T6/><D61/><U26/><E34/><V108/><F108/><W105/><G64/><T102/><D102/><N who="3" m="38953" /><G105/><T97/><D98/><U51/><E26/><AGARI ba="1,0" hai="4,6,9,10,12,13,23,26,31,57,58,88,93,97" machi="26" ten="40,5200,0" yaku="9,1,8,1,54,1" doraHai="128" who="0" fromWho="1" sc="250,55,186,-55,325,0,239,0" /><INIT seed="3,0,0,4,1,12" ten="305,131,325,239" oya="3" hai0="7,79,56,52,60,35,3,82,107,6,74,24,26" hai1="113,98,70,4,126,96,87,125,34,83,92,134,86" hai2="68,124,72,17,73,14,105,88,91,63,133,5,95" hai3="31,21,43,127,67,61,115,46,28,99,10,106,48"/><W85/><G115/><T38/><D107/><U89/><E34/><V119/><F119/><W45/><G127/><T118/><D118/><U49/><E70/><V8/><F105/><W120/><G120/><T20/><D35/><U116/><E4/><V66/><F124/><N who="1" m="47721" /><E49/><V23/><F133/><W101/><G10/><T128/><D128/><U13/><E13/><V22/><F22/><W93/><G21/><T62/><D38/><U58/><E58/><V27/><F88/><W41/><G85/><AGARI ba="0,0" hai="5,8,14,17,23,27,63,66,68,72,73,85,91,95" machi="85" ten="30,2000,0" yaku="7,1,52,1" doraHai="12" who="2" fromWho="3" sc="305,0,131,0,325,20,239,-20" owari="305,10.5,131,-36.9,345,44.5,219,-18.1" /></mjloggm>