<mjloggm ver="2.3"><GO type="225" lobby="0"/><UN n0="%E3%82%B4%E3%83%AA%E3%83%91%E3%83%A9" n1="%E6%97%A5%E6%9B%9C%E6%97%A5%E3%82%88%E3%82%8A%E3%81%AE%E4%BD%BF%E8%80%85" n2="%EF%BC%B3%E3%81%9E%E3%81%88%E2%98%86" n3="%E5%B0%8F%E9%B3%A5%E9%81%8A%E7%B7%B4%E7%84%A1%32%31%E6%AD%B3" dan="16,17,16,16" rate="2166.37,2128.16,2100.59,2151.48" sx="M,M,M,F"/><TAIKYOKU oya="0"/><INIT seed="0,0,0,3,0,74" ten="250,250,250,250" oya="0" hai0="9,88,135,111,2,30,18,76,60,85,15,129,39" hai1="6,4,26,71,55,42,127,109,57,5,96,52,124" hai2="11,19,24,86,3,119,20,21,77,89,25,122,1" hai3="49,117,105,54,79,16,41,90,22,43,63,68,23"/><T29/><D129/><U112/><E71/><V0/><F122/><W84/><G105/><T103/><D39/><U17/><E109/><V31/><F119/><W131/><G23/><T12/><D111/><U78/><E112/><V104/><F104/><W83/><G117/><T87/><D2/><U98/><E42/><V69/><F69/><W116/><G116/><T53/><D103/><U27/><E78/><V36/><F36/><W134/><G134/><T14/><D135/><U110/><E110/><V80/><REACH who="2" step="1"/><F89/><REACH who="2" ten="250,250,240,250" step="2"/><W46/><G90/><T7/><D88/><U95/><E127/><V38/><F38/><W62/><G68/><T101/><D101/><U51/><E124/><V67/><F67/><W70/><G70/><T72/><D72/><U133/><E133/><V125/><F125/><W120/><G120/><T44/><D87/><U48/><E98/><V35/><F35/><W130/><G130/><T102/><D102/><N who="1" m="60703" /><E17/><V81/><F81/><W45/><G131/><T50/><D18/><U66/><E66/><V128/><F128/><W58/><G41/><T61/><D85/><U13/><E13/><N who="0" m="5225" /><D76/><U10/><E10/><AGARI ba="0,1" hai="0,1,3,10,11,19,20,21,24,25,31,77,80,86" machi="10" ten="40,2600,0" yaku="1,1,52,1,53,0" doraHai="74" doraHaiUra="126" who="2" fromWho="1" sc="250,0,250,-26,240,36,250,0" /><INIT seed="1,0,0,0,3,48" ten="250,224,276,250" oya="1" hai0="85,56,41,45,124,76,24,67,96,129,79,11,112" hai1="62,87,43,81,18,78,34,128,19,44,80,4,40" hai2="1,65,66,100,50,38,0,109,46,122,105,131,17" hai3="31,75,32,71,84,60,103,83,130,74,118,97,126"/><U33/><E128/><V51/><F122/><W6/><G126/><T36/><D112/><U102/><E4/><V86/><F38/><W22/><G6/><T113/><D129/><U110/><E102/><V90/><F109/><W37/><G37/><T116/><D116/><U52/><E110/><V99/><F131/><W88/><G118/><T53/><D124/><U57/><E80/><V58/><F17/><W94/><G32/><T7/><D113/><U93/><E43/><V114/><F114/><W115/><G130/><T14/><D96/><U108/><E108/><V20/><F20/><W77/><G115/><T9/><D24/><U72/><E93/><V104/><F104/><W13/><G71/><T117/><D117/><U95/><E34/><V68/><F68/><W49/><G60/><T134/><D134/><U111/><E33/><V61/><F66/><W133/><G133/><T35/><D35/><U121/><E121/><V39/><F51/><W3/><G49/><T59/><D85/><U26/><E26/><V28/><F39/><W101/><G3/><T73/><D73/><U91/><E111/><V107/><F28/><W132/><G132/><T63/><REACH who="0" step="1"/><D9/><REACH who="0" ten="240,224,276,250" step="2"/><U27/><REACH who="1" step="1"/><E27/><REACH who="1" ten="240,214,276,250" step="2"/><V30/><F107/><W54/><G74/><T23/><D23/><U47/><E47/><V127/><F127/><W123/><G75/><T42/><D42/><U10/><E10/><V119/><F119/><W82/><G22/><T135/><D135/><U64/><E64/><V106/><F106/><W12/><G123/><T15/><D15/><U21/><E21/><V70/><F105/><RYUUKYOKU ba="0,2" sc="240,15,214,15,276,-15,250,-15" hai0="7,11,14,36,41,45,53,56,59,63,67,76,79" hai1="18,19,40,44,52,57,62,72,78,81,87,91,95" /><INIT seed="1,1,2,5,4,55" ten="255,229,261,235" oya="1" hai0="34,131,109,51,100,76,118,73,1,125,10,135,113" hai1="37,126,22,60,98,90,62,59,66,71,112,0,31" hai2="56,45,83,58,49,53,26,41,104,96,95,24,44" hai3="38,70,72,94,61,65,134,21,27,88,106,28,110"/><U33/><E112/><V46/><F104/><W132/><G72/><T42/><RYUUKYOKU type="yao9" ba="1,2" sc="255,0,229,0,261,0,235,0" hai0="1,10,34,42,51,73,76,100,109,113,118,125,131,135" /><INIT seed="1,2,2,1,4,86" ten="255,229,261,235" oya="1" hai0="133,78,60,135,62,59,28,71,19,1,125,48,58" hai1="91,85,36,68,38,69,93,74,12,45,117,52,56" hai2="114,21,22,7,6,81,126,35,112,79,50,87,39" hai3="116,32,113,119,33,82,88,54,129,115,57,95,73"/><U37/><E117/><N who="3" m="45130" /><G129/><T27/><D125/><U30/><E74/><V92/><F39/><W122/><G82/><T127/><D127/><U101/><E30/><V25/><F35/><N who="3" m="13387" /><G73/><T132/><D1/><U77/><E77/><V118/><F126/><W20/><G20/><N who="2" m="7785" /><F25/><W99/><G122/><T11/><D28/><U67/><E101/><V65/><F65/><W26/><G26/><T84/><D27/><U4/><E67/><V8/><F8/><W96/><G96/><T83/><D71/><U110/><E110/><V102/><F50/><AGARI ba="2,2" hai="50,54,57,88,95,99,113,115" m="13387,45130" machi="50" ten="30,3900,0" yaku="12,1,52,1,54,1" doraHai="86" who="3" fromWho="2" sc="255,0,229,0,261,-45,235,65" /><INIT seed="2,0,0,2,2,86" ten="255,229,216,300" oya="2" hai0="126,10,41,87,49,98,40,121,35,48,53,11,5" hai1="46,93,58,14,60,105,22,73,23,39,122,6,45" hai2="89,128,112,24,110,63,62,134,59,111,91,2,65" hai3="119,43,50,109,90,135,26,85,118,124,7,34,84"/><V72/><F112/><W106/><G106/><T29/><D121/><U32/><E32/><V52/><F72/><W19/><G109/><N who="2" m="41481" /><F128/><W115/><G115/><T28/><D126/><U129/><E105/><V15/><F2/><W88/><G7/><T99/><D35/><U70/><E73/><V116/><F116/><W120/><G120/><T18/><D87/><U55/><E129/><V27/><F15/><W107/><G107/><T54/><D5/><U33/><E33/><V20/><F134/><W80/><G34/><T42/><D42/><U75/><E75/><V95/><F95/><W81/><G124/><T31/><REACH who="0" step="1"/><D28/><REACH who="0" ten="245,229,216,300" step="2"/><U96/><E6/><V74/><F74/><W108/><G108/><T130/><D130/><U68/><E122/><V13/><F13/><W132/><G43/><T100/><D100/><U94/><E14/><V37/><F37/><W16/><G26/><N who="2" m="9769" /><F20/><W101/><G101/><T25/><D25/><U79/><E39/><V51/><F63/><W61/><G61/><T123/><D123/><U77/><E22/><V30/><F30/><W36/><G36/><T131/><D131/><U56/><E23/><V66/><F66/><W92/><REACH who="3" step="1"/><G92/><REACH who="3" ten="245,229,216,290" step="2"/><T127/><D127/><U125/><E125/><V38/><F38/><W117/><G117/><T102/><D102/><U69/><E94/><V76/><F62/><W97/><G97/><T47/><D47/><N who="1" m="17931" /><E93/><V3/><F3/><W12/><G12/><T104/><D104/><U133/><E96/><V44/><F44/><W71/><G71/><T83/><D83/><U9/><E69/><V0/><F0/><RYUUKYOKU ba="0,2" sc="245,15,229,-15,216,-15,290,15" hai0="10,11,18,29,31,40,41,48,49,53,54,98,99" hai3="16,19,50,80,81,84,85,88,90,118,119,132,135" /><INIT seed="3,1,2,5,0,117" ten="260,214,201,305" oya="3" hai0="121,10,37,93,35,134,29,119,44,40,66,129,125" hai1="85,13,104,116,77,107,86,80,110,84,94,108,42" hai2="92,91,114,89,56,96,123,69,53,100,58,122,30" hai3="47,12,52,83,95,87,135,112,16,6,124,26,49"/><W11/><G124/><T28/><D121/><N who="2" m="46090" /><F114/><W3/><G135/><T27/><D125/><U68/><E68/><V128/><F128/><W19/><G112/><T98/><D134/><U43/><E116/><V76/><F69/><W78/><G3/><T67/><D129/><U51/><E13/><V109/><F109/><N who="1" m="42089" /><E51/><N who="2" m="30783" /><F76/><W132/><G132/><T71/><D71/><U36/><E36/><V130/><F130/><W73/><G26/><T90/><D119/><U113/><E113/><V127/><F127/><W62/><G62/><T34/><D10/><U82/><E94/><V4/><F4/><W50/><G95/><T22/><D22/><U31/><E31/><V14/><F14/><W32/><G32/><T45/><D45/><U7/><E7/><V2/><F2/><W24/><G24/><AGARI ba="1,2" hai="24,27,28,29,34,35,37,40,44,66,67,90,93,98" machi="24" ten="40,1300,0" yaku="9,1" doraHai="117" who="0" fromWho="3" sc="260,36,214,0,201,0,305,-16" /><INIT seed="4,0,0,2,1,120" ten="296,214,201,289" oya="0" hai0="9,12,134,119,106,110,129,65,114,22,74,78,107" hai1="108,2,133,128,64,17,40,39,35,68,87,132,19" hai2="5,32,122,93,63,34,124,30,85,135,81,88,21" hai3="72,6,101,33,79,36,121,11,8,94,26,76,70"/><T38/><D119/><U49/><E35/><V20/><F122/><W16/><G36/><T109/><D38/><U31/><E2/><V61/><F135/><N who="1" m="51785" /><E39/><V7/><F124/><W99/><G70/><T44/><D114/><U51/><E128/><V69/><F34/><W54/><G72/><T66/><D129/><U103/><E31/><V95/><F32/><W15/><G121/><T50/><D22/><N who="2" m="8810" /><F69/><W112/><G112/><T82/><D134/><U4/><E4/><N who="2" m="1611" /><F30/><W77/><G33/><T113/><D113/><U100/><E87/><N who="2" m="52383" /><F95/><W46/><G26/><T89/><D107/><U3/><E3/><V75/><F75/><W0/><G46/><T111/><D106/><U125/><E125/><V84/><F84/><W127/><G127/><T97/><D97/><U118/><E118/><V13/><F13/><W91/><G101/><T24/><D24/><U1/><E1/><V62/><F61/><W55/><AGARI ba="0,0" hai="0,6,8,11,15,16,54,55,76,77,79,91,94,99" machi="55" ten="30,2000,0" yaku="0,1,54,1" doraHai="120" who="3" fromWho="3" sc="296,-10,214,-5,201,-5,289,20" owari="286,8.6,209,-19.1,196,-30.4,309,40.9" /></mjloggm>