<mjloggm ver="2.3"><GO type="225" lobby="0"/><UN n0="%E6%98%93%E5%88%A9%E8%96%A9%E4%BC%AF" n1="%E6%9D%B1%E9%A2%A8%E3%81%AE%E3%81%8D%E3%82%83%E3%81%B7%E3%81%95%E3%82%93" n2="%72%65%6E%6B%75%6E" n3="%E5%8D%A0%E3%81%84%E5%B8%AB%E8%A3%8F%E3%81%AA%E3%81%84%E3%81%97" dan="16,17,17,17" rate="2112.40,2167.67,2257.77,2225.00" sx="F,M,M,M"/><TAIKYOKU oya="0"/><INIT seed="0,0,0,1,0,31" ten="250,250,250,250" oya="0" hai0="71,116,114,32,128,2,56,3,79,17,41,27,40" hai1="35,16,99,126,73,134,72,86,54,37,5,80,106" hai2="87,131,52,55,117,24,7,75,65,18,111,133,127" hai3="8,115,25,78,88,118,96,49,93,89,90,60,29"/><T57/><D114/><U132/><E37/><V129/><F75/><N who="1" m="28745" /><E54/><N who="2" m="20523" /><F117/><W92/><G115/><T94/><D116/><U12/><E5/><V108/><F7/><W97/><G118/><T11/><D71/><U110/><E99/><V42/><F42/><W74/><G60/><T109/><D79/><N who="1" m="46367" /><E106/><V101/><F101/><W62/><G49/><T48/><D128/><N who="2" m="49226" /><F65/><W9/><G62/><T21/><D109/><N who="2" m="42058" /><F87/><W43/><G43/><T77/><D41/><U50/><E50/><V69/><F69/><W23/><G90/><T105/><D40/><U10/><E110/><V107/><F107/><W122/><G122/><T91/><D105/><U66/><E66/><V15/><F24/><W67/><G67/><T30/><D48/><U82/><E82/><AGARI ba="0,0" hai="8,9,23,25,29,74,78,82,88,89,92,93,96,97" machi="82" ten="40,2600,0" yaku="9,1,54,1" doraHai="31" who="3" fromWho="1" sc="250,0,250,-26,250,0,250,26" /><INIT seed="1,0,0,3,0,114" ten="250,224,250,276" oya="1" hai0="67,13,74,103,122,42,105,111,30,26,86,112,115" hai1="34,36,6,135,110,18,78,97,113,79,63,92,81" hai2="126,77,76,61,96,24,22,35,72,3,84,132,75" hai3="85,4,2,17,27,43,65,15,118,16,40,91,102"/><U41/><E113/><V124/><F35/><W5/><G2/><T7/><D111/><U58/><E110/><V60/><F3/><W21/><G102/><T9/><D74/><N who="2" m="28202" /><F96/><W47/><G65/><T95/><D105/><U54/><E135/><V88/><F132/><W38/><G43/><T73/><D73/><U12/><E34/><V50/><F50/><W104/><G104/><T1/><D1/><U64/><E6/><V45/><F45/><W83/><REACH who="3" step="1"/><G118/><REACH who="3" ten="250,224,250,266" step="2"/><T52/><D42/><U66/><E41/><V28/><F77/><W125/><G125/><N who="2" m="48233" /><F76/><W33/><G33/><T99/><D115/><U107/><E107/><V31/><F28/><W82/><G82/><AGARI ba="0,1" hai="22,24,31,60,61,82,84,88" m="48233,28202" machi="82" ten="30,2000,0" yaku="18,1,54,1" doraHai="114" who="2" fromWho="3" sc="250,0,224,0,250,30,266,-20" /><INIT seed="2,0,0,4,4,9" ten="250,224,280,246" oya="2" hai0="3,46,116,79,61,38,124,119,98,23,115,11,96" hai1="50,122,100,103,76,93,129,84,56,17,77,73,49" hai2="91,54,99,31,120,42,20,65,60,68,67,33,95" hai3="45,82,48,18,52,39,8,80,117,21,126,112,55"/><V121/><F33/><W24/><G117/><T40/><D115/><U127/><E127/><V41/><F67/><W130/><G126/><T57/><D124/><U109/><E129/><V85/><F54/><W29/><G130/><T75/><D23/><U87/><E122/><V114/><F114/><W131/><G131/><T72/><D98/><U78/><E109/><V90/><F120/><W28/><G39/><T63/><D96/><U64/><E73/><V25/><REACH who="2" step="1"/><F121/><REACH who="2" ten="250,224,270,246" step="2"/><W6/><G112/><T101/><D119/><U22/><E64/><V4/><F4/><W16/><G55/><T51/><D116/><U53/><E50/><V133/><F133/><W10/><G6/><T69/><D51/><U34/><E34/><V102/><F102/><W86/><G80/><AGARI ba="0,1" hai="20,25,31,41,42,60,65,68,80,85,90,91,95,99" machi="80" ten="30,2900,0" yaku="1,1,7,1,53,0" doraHai="9" doraHaiUra="0" who="2" fromWho="3" sc="250,0,224,0,270,39,246,-29" /><INIT seed="2,1,0,5,4,108" ten="250,224,309,217" oya="2" hai0="116,49,19,117,53,72,121,89,90,66,80,26,122" hai1="69,95,50,115,78,79,27,81,77,56,71,103,8" hai2="15,106,114,82,119,98,120,129,37,107,126,59,18" hai3="123,88,55,24,13,101,23,130,48,52,131,31,134"/><V21/><F119/><N who="0" m="45642" /><D66/><U84/><E115/><V65/><F120/><N who="0" m="46186" /><D72/><U47/><E56/><V41/><F114/><W112/><G123/><T38/><D38/><U2/><E27/><V105/><F129/><N who="3" m="49163" /><G134/><T96/><D96/><N who="1" m="59807" /><E69/><V74/><F126/><W102/><G112/><T135/><D80/><U100/><E71/><V91/><F91/><W45/><G13/><T42/><D42/><N who="1" m="24951" /><E2/><V127/><F127/><W46/><G46/><N who="0" m="27831" /><D135/><U33/><E33/><V92/><F41/><W7/><G55/><T20/><AGARI ba="1,0" hai="19,20,26,89,90" m="27831,46186,45642" machi="20" ten="40,1500,0" yaku="12,1" doraHai="108" who="0" fromWho="0" sc="250,18,224,-5,309,-8,217,-5" /><INIT seed="3,0,0,4,5,15" ten="268,219,301,212" oya="3" hai0="41,130,79,68,52,66,95,115,125,47,123,71,14" hai1="110,97,43,133,37,12,78,48,65,111,124,62,107" hai2="2,33,112,10,98,11,121,134,84,51,73,70,69" hai3="20,127,61,67,105,60,114,59,55,5,16,3,122"/><W49/><G114/><T86/><D123/><U89/><E78/><V83/><F33/><W9/><G122/><T101/><D115/><U56/><E133/><V74/><F112/><W116/><G116/><T81/><D130/><U104/><E124/><V18/><F134/><W28/><G127/><T6/><D66/><U13/><E37/><V132/><F132/><W76/><G105/><N who="1" m="40522" /><E97/><V34/><F34/><W90/><G76/><T131/><D131/><U32/><E89/><V29/><F29/><W94/><G28/><T57/><D95/><U109/><E32/><V44/><F98/><W17/><G20/><T1/><D1/><U39/><E39/><V63/><F121/><W128/><G128/><T40/><D40/><U126/><E126/><V0/><F63/><W96/><G61/><N who="0" m="36007" /><D101/><U21/><E21/><V129/><F129/><W8/><G8/><N who="2" m="3113" /><F70/><AGARI ba="0,0" hai="3,5,9,16,17,49,55,59,60,67,70,90,94,96" machi="70" ten="30,11600,0" yaku="7,1,52,2,54,1" doraHai="15" who="3" fromWho="2" sc="268,0,219,0,301,-116,212,116" owari="268,6.8,219,-18.1,185,-31.5,328,42.8" /></mjloggm>