<mjloggm ver="2.3"><GO type="225" lobby="0"/><UN n0="%E3%81%B2%E3%81%AA%E3%81%AE%E3%82%8A%E3%81%8F" n1="%E3%82%A2%E3%83%A1%E3%82%A2%E3%83%A9%E3%83%AC" n2="%79%75%72%69%6D%6F%67" n3="%E6%98%93%E5%88%A9%E8%96%A9%E4%BC%AF" dan="16,16,17,16" rate="2111.73,2183.26,2169.04,2028.91" sx="M,M,F,F"/><TAIKYOKU oya="0"/><INIT seed="0,0,0,5,4,102" ten="250,250,250,250" oya="0" hai0="22,25,44,7,53,37,33,104,73,43,18,19,99" hai1="65,81,75,122,15,110,84,87,62,6,66,31,50" hai2="39,94,17,96,88,134,67,92,2,120,70,10,95" hai3="55,30,106,63,101,69,133,78,54,135,125,38,77"/><T89/><D73/><U118/><E110/><V28/><F39/><W112/><G112/><T85/><D7/><U64/><E118/><V131/><F120/><W45/><G125/><T56/><D33/><U35/><E122/><V1/><F131/><W42/><G30/><T48/><D99/><U105/><E105/><V12/><F134/><N who="3" m="51211" /><G78/><T83/><REACH who="0" step="1"/><D104/><REACH who="0" ten="240,250,250,250" step="2"/><U86/><E6/><V46/><F2/><W3/><G3/><T71/><D71/><U9/><E35/><V98/><F1/><W0/><G0/><T20/><D20/><U11/><E75/><V74/><F98/><N who="3" m="61751" /><G77/><T123/><D123/><U24/><E11/><V23/><F74/><W111/><G111/><T4/><D4/><U121/><E9/><V51/><F70/><W119/><G119/><T26/><D26/><U80/><E24/><N who="2" m="16415" /><F67/><AGARI ba="0,1" hai="38,42,45,54,55,63,67,69" m="61751,51211" machi="67" ten="30,2000,0" yaku="20,1,52,1" doraHai="102" who="3" fromWho="2" sc="240,0,250,0,250,-20,250,30" /><INIT seed="1,0,0,4,4,93" ten="240,250,230,280" oya="1" hai0="111,127,91,73,122,54,92,135,21,27,95,80,15" hai1="132,41,69,42,97,84,31,114,116,129,98,83,62" hai2="124,125,34,109,103,75,7,74,17,120,60,67,59" hai3="49,110,112,86,115,134,38,88,85,56,35,104,70"/><U1/><E114/><V130/><F120/><W90/><G70/><T133/><D122/><U51/><E116/><V24/><F109/><W102/><G38/><T131/><D111/><U32/><E1/><V63/><F130/><W33/><G110/><T5/><D131/><U16/><E129/><V72/><F7/><W3/><G3/><T30/><D127/><U64/><E132/><N who="0" m="50761" /><D54/><U48/><E32/><V121/><F121/><W14/><G14/><T29/><D29/><U66/><E31/><V108/><F108/><W8/><G8/><N who="0" m="4495" /><D91/><N who="1" m="51615" /><E69/><V79/><F79/><AGARI ba="0,0" hai="21,27,30,73,79,80,92,95" m="4495,50761" machi="79" ten="30,1000,0" yaku="20,1" doraHai="93" who="0" fromWho="2" sc="240,10,250,0,230,-10,280,0" /><INIT seed="2,0,0,0,4,73" ten="250,250,220,280" oya="2" hai0="106,5,92,52,135,131,60,62,26,133,78,58,9" hai1="17,61,121,110,104,101,8,118,113,20,67,98,77" hai2="124,99,55,117,25,37,11,69,31,105,82,16,21" hai3="96,81,24,42,134,45,125,49,3,109,83,30,7"/><V74/><F69/><W70/><G70/><T4/><D106/><U128/><E110/><V87/><F37/><W72/><G109/><T39/><D39/><U47/><E118/><V41/><F117/><W59/><G134/><N who="0" m="51211" /><D131/><U123/><E113/><V112/><F112/><W33/><G125/><T130/><D130/><U13/><E128/><V95/><F124/><W51/><G96/><T91/><D78/><U38/><E77/><V89/><F41/><W57/><G51/><N who="0" m="31007" /><D26/><U12/><E47/><V122/><F122/><W44/><G44/><T0/><D5/><U56/><REACH who="1" step="1"/><E38/><REACH who="1" ten="250,240,220,280" step="2"/><V120/><F120/><W119/><G119/><T22/><D22/><U35/><E35/><V34/><F74/><W50/><G72/><T54/><D54/><U116/><E116/><V93/><F55/><W129/><G129/><T63/><D63/><U71/><E71/><V102/><REACH who="2" step="1"/><F11/><REACH who="2" ten="250,240,210,280" step="2"/><W132/><G42/><T29/><D29/><U80/><E80/><V66/><F66/><W84/><G81/><T94/><D94/><U10/><E10/><V6/><F6/><AGARI ba="0,2" hai="6,8,12,13,17,20,56,61,67,98,101,104,121,123" machi="6" ten="40,1300,0" yaku="1,1,53,0" doraHai="73" doraHaiUra="43" who="1" fromWho="2" sc="250,0,240,33,210,-13,280,0" /><INIT seed="3,0,0,4,4,122" ten="250,273,197,280" oya="3" hai0="109,33,63,85,107,121,94,105,68,92,114,58,125" hai1="86,8,97,0,88,93,40,55,80,65,74,132,108" hai2="98,57,69,31,17,81,24,124,133,44,59,130,9" hai3="36,29,117,60,110,77,1,70,21,73,38,23,18"/><W48/><G117/><T84/><D121/><U113/><E113/><V56/><F69/><W62/><G1/><T106/><D68/><U76/><E132/><V39/><F133/><W87/><G73/><T19/><D33/><U51/><E108/><V49/><F124/><W13/><G110/><T61/><D125/><U54/><E65/><V119/><F119/><W16/><G29/><T99/><D109/><U22/><E22/><V104/><F130/><W126/><G48/><T129/><D129/><U53/><E40/><V134/><F134/><W116/><G116/><T120/><D120/><U66/><E66/><V128/><F128/><W25/><G126/><T64/><D63/><U15/><E0/><V47/><F39/><W118/><G118/><T28/><D28/><U123/><E123/><V14/><F81/><W72/><G87/><T41/><D41/><U127/><E127/><V112/><F112/><W111/><G111/><T89/><D114/><U6/><E74/><V26/><F49/><AGARI ba="0,0" hai="6,8,15,49,51,53,54,55,76,80,86,88,93,97" machi="49" ten="40,2600,0" yaku="8,1,54,1" doraHai="122" who="1" fromWho="2" sc="250,0,273,26,197,-26,280,0" /><INIT seed="4,0,0,4,5,38" ten="250,299,171,280" oya="0" hai0="134,30,59,102,27,98,10,65,26,5,23,120,41" hai1="63,95,21,48,101,123,96,22,119,82,107,49,88" hai2="9,100,68,128,127,43,69,31,18,17,86,36,70" hai3="78,6,8,34,135,109,132,32,44,12,54,79,129"/><T133/><D120/><U106/><E119/><V131/><F100/><W108/><G54/><T60/><D27/><U85/><E123/><V39/><F31/><W4/><G44/><T2/><REACH who="0" step="1"/><D41/><REACH who="0" ten="240,299,171,280" step="2"/><U66/><E107/><AGARI ba="0,1" hai="2,5,10,23,26,30,59,60,65,98,102,107,133,134" machi="107" ten="40,7700,0" yaku="1,1,2,1,53,1" doraHai="38" doraHaiUra="61" who="0" fromWho="1" sc="240,87,299,-77,171,0,280,0" owari="327,42.7,222,-17.8,171,-32.9,280,8.0" /></mjloggm>