<mjloggm ver="2.3"><GO type="225" lobby="0"/><UN n0="%48%61%61%61%6C%61%6E%64" n1="%E5%8F%AF%E5%85%90%E9%82%A3%E7%94%B1%E5%A4%9A" n2="%6D%75%75%6D%75%72%61" n3="%E5%8D%A0%E3%81%84%E5%B8%AB%E8%A3%8F%E3%81%AA%E3%81%84%E3%81%97" dan="18,17,17,16" rate="2198.56,2232.04,2227.34,2117.95" sx="M,F,F,M"/><TAIKYOKU oya="0"/><INIT seed="0,0,0,4,0,28" ten="250,250,250,250" oya="0" hai0="80,120,114,24,70,11,99,63,42,102,66,62,132" hai1="47,44,77,71,126,65,93,83,95,2,73,109,121" hai2="92,52,45,50,85,135,13,129,32,67,79,108,41" hai3="117,104,82,3,7,9,68,33,87,6,18,31,36"/><T110/><D114/><U34/><E121/><V106/><F106/><W90/><G117/><T116/><D116/><U61/><E2/><V113/><F113/><W58/><G68/><T119/><D119/><U55/><E109/><V56/><F108/><W15/><G104/><T21/><D120/><U40/><E126/><V89/><F129/><W0/><G36/><T59/><D110/><U118/><E118/><V12/><F135/><W48/><G6/><T124/><D132/><U37/><REACH who="1" step="1"/><E34/><REACH who="1" ten="250,240,250,250" step="2"/><V128/><F128/><W51/><G0/><T25/><D124/><U101/><E101/><V125/><F125/><W14/><G3/><T115/><D115/><U53/><E53/><V97/><F32/><W81/><G33/><T43/><D43/><U105/><E105/><V54/><F54/><W1/><G1/><T69/><D42/><U76/><E76/><V8/><F67/><W16/><G31/><T20/><D66/><U122/><E122/><V107/><F107/><W4/><G90/><T131/><D102/><U75/><E75/><V112/><F112/><W86/><G58/><T19/><D59/><U26/><E26/><V22/><F56/><W96/><G96/><T130/><D99/><U46/><E46/><V38/><F97/><W127/><G127/><T10/><D130/><U111/><E111/><V100/><F79/><W94/><G94/><T91/><D131/><U17/><E17/><N who="2" m="10535" /><F100/><W72/><G72/><T88/><D19/><U27/><E27/><V78/><F78/><W29/><G29/><T35/><D35/><U57/><E57/><N who="2" m="32919" /><F13/><W103/><G103/><RYUUKYOKU ba="0,1" sc="250,0,240,0,250,0,250,0" hai0="10,11,20,21,24,25,62,63,69,70,80,88,91" hai1="37,40,44,47,55,61,65,71,73,77,83,93,95" hai2="8,38,41,45,85,89,92" hai3="4,7,9,14,15,16,18,48,51,81,82,86,87" /><INIT seed="0,1,1,4,0,80" ten="250,240,250,250" oya="0" hai0="47,130,58,107,72,46,19,92,48,132,77,108,44" hai1="93,14,109,129,71,45,68,24,114,29,76,125,74" hai2="85,26,51,70,103,55,106,59,57,41,67,37,52" hai3="115,10,36,22,104,6,43,83,16,88,42,96,101"/><T56/><D107/><U78/><E109/><V113/><F113/><W15/><G36/><T90/><D130/><U30/><E129/><V61/><F26/><W11/><G115/><T63/><D132/><U40/><E114/><V5/><F5/><W62/><G62/><T81/><D108/><U9/><E125/><V102/><F106/><W53/><G53/><T54/><D19/><U117/><E117/><V135/><F135/><W2/><REACH who="3" step="1"/><G10/><REACH who="3" ten="250,240,250,240" step="2"/><T28/><D28/><U60/><E30/><V25/><F37/><W116/><G116/><T38/><D38/><U1/><E60/><V127/><F41/><W31/><G31/><T123/><D123/><U128/><E128/><V32/><F127/><W27/><G27/><T122/><D122/><U13/><E24/><V34/><F25/><W18/><G18/><T118/><D118/><U133/><E29/><V64/><F34/><W110/><G110/><T84/><REACH who="0" step="1"/><D58/><REACH who="0" ten="240,240,250,240" step="2"/><U33/><E133/><V120/><F120/><W8/><G8/><T0/><D0/><U3/><E9/><V97/><F57/><W131/><G131/><T126/><D126/><U98/><E1/><V91/><F59/><W100/><G100/><T121/><D121/><U86/><E3/><V39/><F102/><W65/><G65/><AGARI ba="1,3" hai="44,46,47,48,54,56,63,65,72,77,81,84,90,92" machi="65" ten="30,5800,0" yaku="1,1,7,1,52,1,53,0" doraHai="80" doraHaiUra="7" who="0" fromWho="3" sc="240,91,240,0,250,0,240,-61" /><INIT seed="0,2,0,2,5,111" ten="331,240,250,179" oya="0" hai0="69,114,29,130,78,7,37,45,4,1,88,41,100" hai1="82,44,86,30,83,127,75,49,65,128,46,20,77" hai2="115,59,122,98,116,134,123,54,31,66,87,95,35" hai3="28,9,5,2,0,135,106,92,101,91,53,74,25"/><T126/><D114/><U110/><E110/><V90/><F115/><W80/><G135/><T125/><D130/><U96/><E128/><V34/><F134/><W84/><G0/><T39/><D69/><U121/><E121/><V60/><F116/><W72/><G106/><T85/><D29/><U40/><E127/><N who="0" m="48649" /><D78/><U48/><E65/><V109/><F109/><W129/><G129/><T43/><D100/><U112/><E96/><V68/><F98/><W93/><G101/><T99/><D99/><U10/><E112/><V71/><F71/><W23/><REACH who="3" step="1"/><G53/><REACH who="3" ten="331,240,250,169" step="2"/><T14/><D1/><U12/><E30/><V73/><F31/><W120/><G120/><T26/><D26/><U97/><E97/><V24/><F24/><W27/><G27/><T76/><D14/><U81/><E75/><AGARI ba="2,1" hai="2,5,9,23,25,28,72,74,75,80,84,91,92,93" machi="75" ten="40,1300,0" yaku="1,1,53,0" doraHai="111" doraHaiUra="8" who="3" fromWho="1" sc="331,0,240,-19,250,0,169,29" /><INIT seed="1,0,0,0,0,23" ten="331,221,250,198" oya="1" hai0="80,33,2,118,110,125,27,76,104,87,105,19,66" hai1="123,37,132,131,120,94,47,58,49,16,117,42,44" hai2="9,41,39,15,8,68,99,3,113,129,69,20,59" hai3="25,91,5,67,52,55,75,46,54,103,61,11,101"/><U31/><E117/><V90/><F129/><W96/><G75/><T115/><D118/><U43/><E31/><V119/><F119/><W10/><G46/><T108/><D115/><U126/><E131/><V36/><F113/><W128/><G128/><T130/><D130/><U24/><E126/><V114/><F114/><W112/><G112/><T116/><D116/><U109/><E132/><V53/><F3/><W133/><G133/><T14/><D2/><U1/><E1/><V29/><F68/><W102/><G5/><T40/><D40/><U73/><E73/><V89/><F69/><W7/><G7/><T64/><D125/><U34/><E109/><N who="0" m="42089" /><D27/><U98/><E58/><V21/><F8/><W74/><G74/><T134/><D33/><U62/><E62/><V124/><F124/><W12/><G25/><T50/><D50/><U70/><E70/><V56/><F41/><W83/><G12/><T63/><D134/><U48/><E37/><V71/><F71/><W84/><REACH who="3" step="1"/><G96/><REACH who="3" ten="331,221,250,188" step="2"/><T72/><D72/><U88/><E34/><V121/><F99/><W57/><AGARI ba="0,1" hai="10,11,52,54,55,57,61,67,83,84,91,101,102,103" machi="57" ten="30,8000,1" yaku="1,1,2,1,0,1,8,1,54,1,53,0" doraHai="23" doraHaiUra="30" who="3" fromWho="3" sc="331,-20,221,-40,250,-20,188,90" /><INIT seed="2,0,0,3,1,69" ten="311,181,230,278" oya="2" hai0="130,101,122,132,94,118,104,103,44,67,37,8,134" hai1="63,78,99,40,120,53,20,42,13,23,79,38,36" hai2="68,51,22,113,12,77,5,7,119,129,90,84,3" hai3="9,111,105,64,131,108,2,11,92,54,81,19,26"/><V18/><F113/><W48/><G105/><T28/><D122/><U76/><E120/><V82/><F119/><W117/><G117/><T57/><D118/><U29/><E99/><V100/><F129/><W88/><G131/><T16/><D130/><U110/><E110/><N who="3" m="42026" /><G64/><T123/><D123/><U45/><E29/><V109/><F109/><W27/><G81/><T86/><D28/><U14/><E53/><V125/><F125/><W52/><G54/><T133/><D104/><U10/><E63/><V61/><F3/><W71/><G71/><T66/><D66/><U85/><E85/><V74/><F100/><W21/><G26/><T60/><D94/><U58/><E58/><V33/><F33/><W121/><G2/><T59/><D59/><U43/><E45/><V55/><F61/><W31/><G31/><T106/><D106/><U0/><E0/><V4/><F68/><W72/><G72/><T128/><D128/><U17/><REACH who="1" step="1"/><E23/><REACH who="1" ten="311,171,230,278" step="2"/><V116/><F116/><W127/><G121/><T32/><D86/><U96/><E96/><V65/><F65/><W41/><G127/><T102/><D32/><U124/><E124/><V15/><F74/><W30/><G30/><T1/><D1/><U126/><E126/><V75/><F75/><W93/><G52/><T107/><D107/><U83/><E83/><V39/><F55/><W95/><G95/><T6/><D44/><U91/><E91/><V46/><F90/><W35/><G93/><T49/><D67/><U24/><E24/><N who="2" m="14423" /><F82/><W87/><G35/><T135/><D135/><U112/><E112/><V47/><F47/><AGARI ba="0,1" hai="9,11,19,21,27,41,47,48,87,88,92" m="42026" machi="47" ten="30,3900,0" yaku="6,1,14,1,54,1" doraHai="69" who="3" fromWho="2" sc="311,0,171,0,230,-39,278,49" /><INIT seed="3,0,0,0,3,81" ten="311,171,191,327" oya="3" hai0="57,95,108,114,115,8,92,29,107,73,80,13,66" hai1="40,90,103,96,47,42,50,11,27,6,19,124,9" hai2="134,46,113,25,77,97,22,68,30,120,129,125,14" hai3="44,119,33,122,69,58,116,54,110,89,4,18,88"/><W94/><G122/><T39/><D107/><U41/><E124/><V83/><F113/><N who="0" m="43018" /><D39/><U56/><E56/><V70/><F125/><W105/><G69/><T23/><D108/><U21/><E90/><V128/><F120/><W91/><G105/><T123/><D123/><U36/><E36/><V5/><F134/><W60/><G33/><T51/><D23/><U45/><E45/><V99/><F46/><W126/><G126/><T133/><D29/><U85/><E85/><N who="2" m="48367" /><F14/><W12/><G110/><T130/><D133/><U100/><E11/><V48/><F5/><W52/><G4/><N who="0" m="3207" /><D130/><N who="2" m="50282" /><F48/><N who="3" m="28679" /><G119/><T34/><D34/><U72/><E72/><V76/><F76/><W75/><G75/><T7/><D7/><U20/><E20/><V117/><F117/><W15/><G15/><T55/><D66/><U49/><E49/><V74/><F74/><W127/><G127/><T79/><AGARI ba="0,0" hai="51,55,57,73,79,80,92,95" m="3207,43018" machi="79" ten="30,1100,0" yaku="11,1" doraHai="81" who="0" fromWho="0" sc="311,11,171,-3,191,-3,327,-5" owari="322,42.2,168,-33.2,188,-21.2,322,12.2" /></mjloggm>