<mjloggm ver="2.3"><GO type="225" lobby="0"/><UN n0="%72%69%6F%75%63%68%61%6E" n1="%6D%75%75%73%61%6E%6D%75" n2="%E3%81%AA%E3%81%BE%E3%81%91%E8%80%85" n3="%E6%B8%A9%E2%98%85%E6%83%85%E2%98%85%E6%8E%AA%E2%98%85%E7%BD%AE" dan="16,17,16,17" rate="2208.70,2169.49,2141.00,2163.58" sx="M,F,M,M"/><TAIKYOKU oya="0"/><INIT seed="0,0,0,2,1,120" ten="250,250,250,250" oya="0" hai0="99,33,3,106,72,38,16,129,25,14,95,15,109" hai1="86,91,79,116,21,96,2,26,108,97,127,42,121" hai2="133,78,63,128,88,113,35,90,11,117,114,13,31" hai3="36,19,8,115,105,28,65,37,29,83,118,69,80"/><T74/><D109/><U60/><E121/><V102/><F102/><W39/><G115/><T52/><D3/><U44/><E116/><V135/><F78/><W75/><G118/><T4/><D38/><U10/><E127/><V5/><F117/><W20/><G105/><T30/><D129/><U54/><E79/><V27/><F63/><W43/><G43/><T12/><D106/><U94/><E2/><V132/><REACH who="2" step="1"/><F128/><REACH who="2" ten="250,250,240,250" step="2"/><W84/><G75/><T45/><D4/><U9/><E60/><V6/><F6/><W93/><G39/><T122/><D122/><U40/><E108/><V1/><F1/><W51/><G37/><T64/><D64/><U70/><E70/><V103/><F103/><W46/><G36/><T57/><D74/><U92/><E91/><AGARI ba="0,1" hai="5,11,13,27,31,35,88,90,91,113,114,132,133,135" machi="91" ten="40,8000,1" yaku="1,1,20,1,54,1,53,1" doraHai="120" doraHaiUra="0" who="2" fromWho="1" sc="250,0,250,-80,240,90,250,0" /><INIT seed="1,0,0,1,5,16" ten="250,170,330,250" oya="1" hai0="55,53,89,125,73,29,86,81,3,13,40,75,65" hai1="118,133,130,54,99,76,124,74,49,60,46,44,116" hai2="105,123,131,85,0,121,111,70,14,20,79,58,91" hai3="42,10,31,23,66,110,117,51,102,35,5,17,26"/><U61/><E124/><V33/><F105/><W95/><G110/><T90/><D3/><U62/><E76/><V52/><F70/><W115/><G115/><T98/><D125/><U37/><E74/><V88/><F33/><W21/><G117/><N who="1" m="45162" /><E99/><V106/><F106/><W100/><G66/><T77/><D40/><N who="1" m="22543" /><E130/><V84/><F0/><W104/><G104/><T28/><D65/><U41/><E133/><V57/><F131/><W69/><G69/><T32/><D32/><U12/><E12/><V72/><F111/><W43/><G43/><AGARI ba="0,0" hai="41,43,46,49,54,60,61,62" m="22543,45162" machi="43" ten="30,2900,0" yaku="34,2" doraHai="16" who="1" fromWho="3" sc="250,0,170,29,330,0,250,-29" /><INIT seed="1,1,0,0,3,56" ten="250,199,330,221" oya="1" hai0="31,103,128,123,109,71,88,116,7,69,18,82,113" hai1="39,62,108,84,49,70,132,111,73,65,97,57,106" hai2="102,110,119,16,80,129,75,131,0,34,40,59,36" hai3="64,96,104,93,92,2,126,47,58,60,99,29,10"/><U8/><E73/><V85/><F119/><W12/><G126/><T35/><D113/><U19/><E39/><V122/><F34/><W52/><G2/><T112/><D112/><U48/><E132/><V22/><F0/><W86/><G29/><T9/><D116/><U114/><E114/><V25/><F75/><W5/><G104/><T124/><D103/><N who="1" m="62831" /><E70/><V42/><F102/><W100/><G86/><N who="0" m="50263" /><D18/><U23/><E8/><V33/><F33/><W21/><G21/><T38/><D38/><U17/><E84/><V20/><F40/><W135/><G135/><T24/><D124/><U117/><E19/><V98/><F42/><W101/><G47/><T6/><D6/><U134/><E117/><V63/><F22/><W46/><G46/><T4/><D4/><U28/><E28/><V78/><F36/><W67/><AGARI ba="1,0" hai="5,10,12,52,58,60,64,67,92,93,96,99,100,101" machi="67" ten="30,8000,1" yaku="0,1,9,1,8,1,52,1,54,1" doraHai="56" who="3" fromWho="3" sc="250,-21,199,-41,330,-21,221,83" /><INIT seed="2,0,0,0,4,123" ten="229,158,309,304" oya="2" hai0="47,102,116,41,11,53,135,7,87,72,33,93,108" hai1="40,4,85,110,65,91,24,22,83,126,14,62,104" hai2="125,42,55,60,18,45,64,19,46,39,49,59,57" hai3="17,101,3,113,23,132,86,66,2,133,9,112,75"/><V98/><F125/><W94/><G75/><T38/><D108/><U28/><E126/><V21/><F98/><N who="3" m="59607" /><G66/><T25/><D135/><N who="3" m="51785" /><G86/><T31/><D116/><U27/><E104/><V61/><REACH who="2" step="1"/><F21/><REACH who="2" ten="229,158,299,304" step="2"/><W103/><G103/><T115/><D102/><U130/><E130/><V82/><F82/><W5/><G2/><T13/><D115/><U114/><E114/><V43/><AGARI ba="0,1" hai="18,19,39,42,43,45,46,49,55,57,59,60,61,64" machi="43" ten="20,3900,0" yaku="1,1,0,1,7,1,53,0" doraHai="123" doraHaiUra="120" who="2" fromWho="2" sc="229,-13,158,-13,299,49,304,-13" /><INIT seed="2,1,0,3,4,45" ten="216,145,348,291" oya="2" hai0="129,128,69,48,103,18,110,79,87,12,13,75,30" hai1="54,2,64,28,37,113,120,111,26,84,61,135,14" hai2="27,9,78,91,83,11,20,101,15,121,24,132,112" hai3="71,70,77,22,119,10,93,38,1,96,95,92,67"/><V105/><F121/><W117/><G38/><T31/><D110/><U72/><E2/><V36/><F112/><W59/><G77/><T55/><D75/><U116/><E72/><V42/><F24/><W5/><G96/><T122/><D69/><U25/><E113/><V39/><F9/><W33/><G33/><T51/><D122/><U73/><E73/><BYE who="1" /><V124/><F91/><W47/><G47/><T8/><D103/><U88/><E88/><V66/><F66/><W130/><G130/><N who="0" m="50283" /><D13/><U115/><E115/><V29/><F124/><W80/><G80/><N who="0" m="47519" /><D48/><U94/><E94/><V44/><F132/><W19/><G71/><T100/><D100/><U108/><E108/><V76/><F101/><W53/><G70/><T35/><D35/><U4/><E4/><V104/><F39/><W102/><G102/><T41/><D41/><U65/><E65/><V49/><F36/><W56/><G67/><T107/><D107/><U85/><E85/><N who="2" m="48359" /><F78/><UN n1="%6D%75%75%73%61%6E%6D%75" /><W6/><G119/><T125/><D125/><U134/><E116/><V43/><F43/><W3/><G117/><T46/><AGARI ba="1,0" hai="8,12,18,30,31,46,51,55" m="47519,50283" machi="46" ten="30,2000,0" yaku="19,1,52,1" doraHai="45" who="0" fromWho="0" sc="216,23,145,-6,348,-11,291,-6" /><INIT seed="3,0,0,0,5,83" ten="239,139,337,285" oya="3" hai0="18,76,44,135,28,96,121,48,100,103,2,119,19" hai1="118,105,26,80,34,64,37,58,93,15,14,95,91" hai2="110,62,106,61,89,111,6,52,42,115,94,63,30" hai3="25,127,114,130,124,132,50,11,10,79,123,113,67"/><W56/><G79/><T31/><D119/><U102/><E105/><V16/><F106/><W82/><G82/><T81/><D2/><U66/><E37/><V87/><F42/><W0/><G67/><T9/><D121/><U53/><E118/><V13/><F30/><W55/><G123/><T74/><D135/><U122/><E122/><V27/><F27/><W17/><G132/><T97/><D9/><N who="3" m="3081" /><G0/><T12/><D12/><U71/><E71/><V72/><F6/><W116/><G116/><T8/><D8/><U4/><E34/><V38/><F72/><W47/><G47/><T40/><D28/><U109/><E109/><V104/><F104/><W1/><G1/><T98/><D31/><U84/><E4/><V73/><F73/><W134/><G130/><T68/><D68/><U125/><E26/><V112/><F38/><W7/><G7/><T88/><D88/><U69/><E69/><V131/><F131/><W3/><G3/><T126/><D126/><U129/><E125/><V117/><F117/><W23/><G134/><T75/><D74/><U51/><E129/><V49/><F112/><W32/><G32/><T107/><D97/><U45/><E45/><V128/><F115/><W77/><G77/><T65/><D65/><U85/><E15/><V36/><F36/><W54/><G114/><T133/><D133/><U41/><E41/><V33/><F33/><W22/><G113/><T99/><D99/><U35/><E35/><V120/><F120/><W39/><G127/><T78/><D78/><N who="1" m="46103" /><E14/><V46/><F128/><W60/><G124/><T108/><D107/><RYUUKYOKU ba="0,0" sc="239,-15,139,15,337,15,285,-15" hai1="51,53,58,64,66,85,91,93,95,102" hai2="13,16,46,49,52,61,62,63,87,89,94,110,111" owari="224,-17.6,154,-34.6,352,45.2,270,7.0" /></mjloggm>