<mjloggm ver="2.3"><GO type="225" lobby="0"/><UN n0="%73%6C%69%63%6B%33%31%39" n1="%E9%81%85%E5%88%BB%E3%81%AE%E3%83%97%E3%83%AA%E3%83%B3%E3%82%B9%E2%99%AA" n2="%72%69%6F%75%63%68%61%6E" n3="%48%61%61%61%6C%61%6E%64" dan="16,16,17,17" rate="2196.63,2172.14,2242.15,2244.63" sx="M,F,M,M"/><TAIKYOKU oya="0"/><INIT seed="0,0,0,1,2,86" ten="250,250,250,250" oya="0" hai0="134,98,62,102,23,39,20,73,70,135,106,81,2" hai1="132,69,44,111,49,45,83,93,64,47,29,99,125" hai2="126,97,89,71,114,51,94,120,96,6,95,15,76" hai3="79,21,72,92,33,116,91,78,16,43,41,107,128"/><T61/><D39/><U109/><E125/><V27/><F120/><W124/><G116/><T18/><D2/><U26/><E132/><N who="0" m="50729" /><D70/><U46/><E83/><V108/><F114/><W25/><G124/><T32/><D32/><U104/><E104/><V129/><F108/><N who="1" m="41545" /><E64/><V85/><F129/><W50/><G107/><T110/><D110/><U60/><E60/><N who="0" m="23145" /><D18/><U58/><E58/><V101/><F126/><W113/><G113/><T56/><D56/><U84/><E84/><V48/><F71/><W68/><G68/><T123/><D123/><U24/><E69/><V118/><F118/><W37/><G128/><T65/><D65/><U112/><E112/><V5/><F27/><N who="1" m="10281" /><E29/><V133/><F133/><W12/><G72/><T117/><D117/><U87/><E87/><V80/><REACH who="2" step="1"/><F5/><REACH who="2" ten="250,250,240,250" step="2"/><W54/><G25/><T0/><D0/><U3/><E3/><V57/><F57/><N who="3" m="32983" /><G33/><T30/><D30/><U8/><E8/><AGARI ba="0,1" hai="6,8,15,48,51,76,80,85,89,94,95,96,97,101" machi="8" ten="40,5200,0" yaku="1,1,8,1,52,1,53,0" doraHai="86" doraHaiUra="38" who="2" fromWho="1" sc="250,0,250,-52,240,62,250,0" /><INIT seed="1,0,0,3,2,86" ten="250,198,302,250" oya="1" hai0="12,55,91,37,134,23,51,13,72,116,8,87,77" hai1="127,113,34,36,123,26,79,78,106,71,129,64,28" hai2="110,22,31,42,33,80,29,53,52,65,24,100,73" hai3="89,76,30,35,132,60,111,98,82,121,124,16,96"/><U50/><E123/><V6/><F110/><W4/><G121/><T67/><D116/><U102/><E113/><V81/><F65/><W41/><G111/><T125/><D37/><U20/><E36/><V1/><F100/><W133/><G4/><T15/><D125/><U97/><E127/><V83/><F73/><W61/><G124/><T57/><D134/><N who="3" m="51817" /><G41/><T128/><D128/><U93/><E129/><V48/><F31/><W103/><G35/><T58/><D72/><U44/><E20/><V54/><F33/><W126/><G30/><T120/><D120/><U101/><E101/><V84/><F1/><W40/><G40/><T122/><D122/><U66/><E93/><V19/><F6/><W39/><G39/><T11/><D77/><U2/><E2/><V135/><F135/><W0/><G0/><T10/><D23/><U130/><E130/><V7/><F7/><W112/><G112/><T14/><D67/><U74/><E74/><V70/><F70/><W59/><G126/><T105/><D105/><U25/><E25/><V45/><REACH who="2" step="1"/><F29/><REACH who="2" ten="250,198,292,250" step="2"/><W107/><G103/><T99/><N who="0" m="3072" /><DORA hai="27" /><T62/><D8/><U114/><E114/><V32/><F32/><W92/><G107/><T21/><D10/><U108/><E108/><V88/><AGARI ba="0,1" hai="19,22,24,42,45,48,52,53,54,80,81,83,84,88" machi="88" ten="30,12000,2" yaku="1,1,0,1,8,1,52,1,54,2,53,1" doraHai="86,27" doraHaiUra="18,3" who="2" fromWho="2" sc="250,-30,198,-60,292,130,250,-30" /><INIT seed="2,0,0,4,3,13" ten="220,138,422,220" oya="2" hai0="21,90,23,89,126,42,0,10,20,127,86,125,43" hai1="31,6,117,98,68,110,103,131,96,27,106,82,22" hai2="19,133,16,59,14,33,44,120,80,129,134,36,102" hai3="58,71,50,84,62,61,56,2,94,34,97,8,70"/><V66/><F120/><W1/><G34/><T5/><REACH who="0" step="1"/><D90/><REACH who="0" ten="210,138,422,220" step="2"/><U37/><E110/><V83/><F129/><W81/><G71/><T74/><D74/><U49/><E68/><V57/><F33/><W112/><G70/><T92/><AGARI ba="0,1" hai="0,5,10,20,21,23,42,43,86,89,92,125,126,127" machi="92" ten="40,8000,1" yaku="21,2,0,1,18,1,53,0" doraHai="13" doraHaiUra="99" who="0" fromWho="0" sc="210,90,138,-20,422,-40,220,-20" /><INIT seed="3,0,0,5,1,34" ten="300,118,382,200" oya="3" hai0="97,61,108,95,93,92,2,76,30,26,132,109,66" hai1="48,113,24,9,82,70,56,128,59,98,50,124,22" hai2="15,16,74,21,77,23,52,45,120,103,91,119,86" hai3="85,105,135,35,4,127,11,87,83,39,65,117,44"/><W125/><G117/><T10/><D132/><U46/><E113/><V72/><F119/><W12/><G135/><T1/><D76/><U68/><E124/><N who="3" m="47690" /><G35/><T94/><D10/><U90/><E128/><V63/><F120/><W84/><G65/><T131/><D131/><U102/><E9/><V130/><F130/><W20/><G105/><T114/><D114/><U54/><E70/><V71/><F103/><W129/><G129/><T111/><D26/><U134/><E68/><V6/><F77/><N who="3" m="46191" /><G20/><T28/><D30/><U32/><E32/><V51/><F6/><W41/><AGARI ba="0,0" hai="4,11,12,39,41,44,85,87" m="46191,47690" machi="41" ten="30,1500,0" yaku="18,1" doraHai="34" who="3" fromWho="3" sc="300,-5,118,-5,382,-5,200,15" /><INIT seed="3,1,0,3,3,54" ten="295,113,377,215" oya="3" hai0="32,42,36,60,111,106,63,8,20,12,48,43,123" hai1="41,103,15,65,93,113,102,10,62,31,77,78,24" hai2="104,122,115,89,23,119,117,25,105,84,124,35,130" hai3="131,109,72,58,26,14,127,83,110,16,98,75,53"/><W17/><G127/><T68/><D32/><U94/><E113/><V126/><F115/><W33/><G131/><T69/><D106/><N who="2" m="41066" /><F35/><W44/><G44/><T74/><D74/><U71/><E41/><V92/><F130/><W4/><G98/><T135/><D123/><U38/><E38/><V114/><F114/><W57/><G4/><T118/><D135/><U13/><E102/><V133/><F133/><W52/><G83/><T37/><D111/><N who="3" m="42505" /><G53/><T95/><D20/><U18/><E78/><V101/><F101/><W40/><G40/><T39/><D95/><U56/><E77/><V79/><F122/><W51/><G57/><T9/><D12/><U80/><E80/><N who="2" m="47135" /><F25/><W61/><G61/><T128/><D128/><U90/><E71/><V88/><F23/><N who="3" m="13671" /><G33/><T125/><D125/><N who="2" m="48234" /><F89/><W45/><G58/><T34/><D34/><U70/><E70/><V97/><AGARI ba="1,0" hai="88,92,97,117,119" m="48234,47135,41066" machi="97" ten="30,7900,0" yaku="18,1,34,2,54,1" doraHai="54" who="2" fromWho="2" sc="295,-21,113,-21,377,82,215,-40" owari="274,7.4,92,-40.8,459,55.9,175,-22.5" /></mjloggm>