<mjloggm ver="2.3"><GO type="225" lobby="0"/><UN n0="%E3%83%99%E3%83%AB%E3%83%A2%E3%83%83%E3%83%88" n1="%E4%BA%95%E5%B8%AF" n2="%72%65%6E%6B%75%6E" n3="%E3%81%BF%E3%81%BF%E3%81%9A" dan="16,16,17,16" rate="2073.92,2055.66,2218.87,2242.87" sx="M,M,M,M"/><TAIKYOKU oya="0"/><INIT seed="0,0,0,4,5,123" ten="250,250,250,250" oya="0" hai0="109,111,60,72,78,62,110,98,129,87,23,33,35" hai1="89,8,14,57,131,6,125,46,105,88,52,120,85" hai2="27,71,103,63,13,4,10,135,108,45,17,44,21" hai3="115,42,11,55,69,97,101,53,116,84,7,102,3"/><T28/><D129/><U19/><E120/><V36/><F135/><W12/><G115/><T66/><D72/><U38/><E131/><V99/><F36/><W39/><G116/><T32/><D98/><U2/><E125/><V122/><F122/><W56/><G69/><T61/><D66/><U65/><E105/><V107/><REACH who="2" step="1"/><F108/><REACH who="2" ten="250,250,240,250" step="2"/><W90/><G39/><T51/><D51/><U29/><E38/><V30/><F30/><W93/><G42/><T73/><D73/><U86/><E29/><V75/><F75/><W128/><G128/><T80/><D23/><U15/><E2/><V83/><F83/><W94/><G3/><T104/><D104/><U92/><E65/><AGARI ba="0,1" hai="4,10,13,17,21,27,44,45,63,65,71,99,103,107" machi="65" ten="40,2600,0" yaku="1,1,53,1" doraHai="123" doraHaiUra="59" who="2" fromWho="1" sc="250,0,250,-26,240,36,250,0" /><INIT seed="1,0,0,4,3,14" ten="250,224,276,250" oya="1" hai0="111,78,109,10,125,121,132,15,124,110,115,87,51" hai1="18,95,9,93,67,112,24,72,116,30,35,16,131" hai2="21,69,12,3,88,133,1,119,128,130,127,45,11" hai3="79,107,7,61,75,97,102,25,64,126,63,135,19"/><U73/><E116/><V46/><F69/><W31/><G126/><N who="0" m="48747" /><D51/><U80/><E112/><V103/><F103/><W43/><G135/><T77/><D115/><U65/><E131/><N who="2" m="50219" /><F127/><W39/><G7/><N who="0" m="3551" /><D87/><U27/><E9/><V92/><F21/><W47/><G64/><T54/><D54/><U81/><E30/><V41/><F133/><W57/><G57/><T76/><D132/><U113/><E113/><V8/><F8/><W83/><REACH who="3" step="1"/><G19/><REACH who="3" ten="250,224,276,240" step="2"/><T94/><D121/><U108/><REACH who="1" step="1"/><E35/><AGARI ba="0,1" hai="25,31,35,39,43,47,61,63,75,79,83,97,102,107" machi="35" ten="30,3900,0" yaku="1,1,2,1,7,1,53,0" doraHai="14" doraHaiUra="4" who="3" fromWho="1" sc="250,0,224,-39,276,0,240,49" /><INIT seed="2,0,0,1,5,93" ten="250,185,276,289" oya="2" hai0="112,71,24,54,84,76,49,66,111,99,87,35,42" hai1="85,56,89,117,109,123,16,64,25,118,70,68,52" hai2="12,103,58,20,121,130,34,110,51,22,101,63,116" hai3="79,8,19,0,26,83,11,82,134,18,2,33,106"/><V97/><F34/><W135/><G106/><T17/><D111/><U88/><E109/><V125/><F116/><W48/><G48/><T46/><D112/><U47/><E123/><V41/><F121/><W127/><G26/><T92/><D76/><U113/><E113/><V94/><F110/><W60/><G60/><T15/><D66/><U50/><E89/><N who="2" m="55503" /><F125/><W132/><G33/><T131/><D71/><U45/><E68/><V32/><F32/><W91/><G91/><T27/><D131/><U3/><E3/><N who="3" m="1066" /><G127/><T29/><D27/><U30/><E30/><V39/><F39/><W57/><G57/><T4/><D42/><U5/><E5/><V69/><F69/><W129/><G129/><T61/><D61/><N who="1" m="37927" /><E70/><V59/><F130/><W73/><G83/><T55/><D54/><U126/><E126/><V108/><F108/><W124/><G124/><T95/><D4/><U72/><E72/><V44/><F58/><W81/><G81/><T75/><D75/><U7/><E7/><V23/><F12/><W80/><G80/><T67/><D92/><N who="1" m="54287" /><E118/><V65/><AGARI ba="0,0" hai="20,22,23,41,44,51,59,63,65,101,103" m="55503" machi="65" ten="30,3000,0" yaku="8,1,52,1" doraHai="93" who="2" fromWho="2" sc="250,-10,185,-10,276,30,289,-10" /><INIT seed="2,1,0,4,4,60" ten="240,175,306,279" oya="2" hai0="73,30,41,10,111,56,39,70,11,34,49,80,94" hai1="46,77,9,19,102,4,66,132,129,13,122,22,130" hai2="53,83,104,68,50,17,45,67,55,29,93,47,116" hai3="28,8,72,48,20,18,62,75,91,33,134,37,76"/><V84/><F104/><W65/><G37/><T63/><D111/><U78/><E132/><V24/><F116/><W52/><G134/><T87/><D73/><U12/><E102/><V23/><F93/><W97/><G8/><T115/><D115/><U79/><E46/><V114/><F114/><W57/><G33/><T89/><D39/><U127/><E127/><V25/><F68/><W27/><G76/><T90/><D70/><U110/><E110/><V42/><F47/><W96/><G18/><T123/><D49/><U112/><E112/><V0/><F0/><W131/><G131/><N who="1" m="50186" /><E122/><V118/><F67/><AGARI ba="1,0" hai="4,9,12,13,19,22,66,67,77,78,79" m="50186" machi="67" ten="30,3900,0" yaku="19,1,52,2" doraHai="60" who="1" fromWho="2" sc="240,0,175,42,306,-42,279,0" /><INIT seed="3,0,0,4,4,66" ten="240,217,264,279" oya="3" hai0="85,56,59,92,57,84,94,70,77,47,67,135,8" hai1="64,99,26,35,105,79,130,133,126,100,117,91,34" hai2="20,39,88,120,73,65,90,43,22,33,45,2,129" hai3="128,87,104,16,24,41,121,83,29,108,118,4,30"/><W125/><G118/><T134/><D47/><U1/><E117/><V123/><F33/><W11/><G104/><T101/><D8/><U78/><E126/><V38/><F2/><W89/><G121/><N who="2" m="46665" /><F73/><W36/><G125/><T63/><D101/><U6/><E130/><V53/><F129/><W7/><G128/><T86/><REACH who="0" step="1"/><D77/><REACH who="0" ten="230,217,264,279" step="2"/><U72/><E79/><V32/><F45/><W18/><G11/><T28/><D28/><N who="1" m="19735" /><E91/><V25/><F90/><W15/><G30/><T96/><D96/><U97/><E99/><V98/><F88/><W68/><G29/><T122/><D122/><U71/><E133/><AGARI ba="0,1" hai="56,57,59,63,67,70,84,85,86,92,94,133,134,135" machi="133" ten="50,12000,2" yaku="1,1,20,1,52,1,53,3" doraHai="66" doraHaiUra="82" who="0" fromWho="1" sc="230,130,217,-120,264,0,279,0" owari="360,46.0,97,-40.3,264,-13.6,279,7.9" /></mjloggm>