<mjloggm ver="2.3"><GO type="225" lobby="0"/><UN n0="%4D%6F%6E%61%6E%61" n1="%E3%81%99%E3%81%84%E3%81%BE%E3%81%9B%E3%83%BC%E3%82%93" n2="%E3%81%A4%E3%81%A3%E3%81%B1%E3%82%8A%E3%83%9D%E3%83%BC%E3%83%AB" n3="%6C%61%6D%62" dan="16,18,17,16" rate="2088.79,2270.56,2224.99,2176.64" sx="F,M,M,M"/><TAIKYOKU oya="0"/><INIT seed="0,0,0,4,3,5" ten="250,250,250,250" oya="0" hai0="62,82,63,71,64,10,96,119,18,70,134,34,20" hai1="83,8,41,53,4,19,129,120,72,15,92,44,94" hai2="122,109,105,98,58,126,107,130,16,116,39,13,128" hai3="46,48,32,17,60,90,123,86,49,91,47,69,12"/><T133/><D119/><U43/><E120/><V76/><F122/><W132/><G123/><T77/><D34/><U56/><E129/><N who="2" m="49771" /><F116/><W106/><G106/><T104/><D63/><U65/><E65/><V127/><F39/><W25/><G132/><N who="0" m="50795" /><D96/><U74/><E4/><V93/><F76/><W84/><G25/><T42/><D42/><U124/><E124/><N who="2" m="47659" /><F58/><W27/><G27/><N who="0" m="14743" /><D104/><U89/><E43/><V33/><F33/><W68/><G32/><T61/><D61/><U102/><E41/><V50/><F50/><W85/><G60/><T114/><D114/><U38/><E38/><V115/><F109/><W3/><G68/><T95/><D71/><U110/><E110/><V80/><F115/><W103/><G69/><T23/><D23/><U100/><E56/><V21/><F80/><W54/><G47/><T7/><D95/><U113/><E94/><V14/><F14/><W67/><G12/><N who="0" m="5215" /><D82/><U81/><E83/><V135/><F135/><W101/><G46/><T26/><D26/><U87/><E92/><V40/><F40/><W51/><G51/><T2/><D77/><U117/><E113/><V125/><N who="2" m="47667" /><V118/><DORA hai="9" /><F118/><W79/><G79/><T55/><D55/><U11/><E117/><V36/><F36/><W1/><G54/><T131/><D131/><U121/><E121/><V78/><F78/><W29/><G48/><T24/><D24/><U75/><E8/><V52/><F52/><W31/><G49/><AGARI ba="0,0" hai="11,15,19,44,49,53,72,74,75,81,87,89,100,102" machi="49" ten="40,8000,1" yaku="25,2,52,2" doraHai="5,9" who="1" fromWho="3" sc="250,0,250,80,250,0,250,-80" /><INIT seed="1,0,0,3,5,15" ten="250,330,250,170" oya="1" hai0="62,135,45,71,81,50,95,72,105,19,3,63,107" hai1="91,127,24,65,103,35,133,67,40,36,60,26,16" hai2="124,97,68,39,123,134,88,17,28,87,76,6,130" hai3="56,20,86,94,74,53,108,41,112,2,115,96,64"/><U132/><E127/><V29/><F123/><W92/><G74/><T79/><D135/><U117/><E117/><V21/><F68/><W85/><G2/><T51/><D3/><U75/><E75/><V59/><F39/><W125/><G125/><T84/><D51/><U131/><E131/><V114/><F124/><W8/><G108/><T110/><D110/><U42/><E103/><V37/><F37/><W78/><G64/><T38/><D38/><U47/><E42/><V128/><F6/><W89/><G41/><T90/><D71/><U12/><E91/><V70/><F70/><W104/><G104/><T98/><D19/><U0/><E0/><V126/><F126/><W25/><G8/><T55/><REACH who="0" step="1"/><D105/><REACH who="0" ten="240,330,250,170" step="2"/><U23/><E36/><V129/><F134/><W4/><G4/><T73/><D73/><U43/><E133/><V54/><F114/><W11/><G112/><T66/><D66/><U80/><E67/><V99/><F130/><W46/><G115/><T101/><AGARI ba="0,1" hai="45,50,55,62,63,72,79,81,84,90,95,98,101,107" machi="101" ten="30,8000,1" yaku="1,1,0,1,24,2,53,1" doraHai="15" doraHaiUra="49" who="0" fromWho="0" sc="240,90,330,-40,250,-20,170,-20" /><INIT seed="2,0,0,1,1,101" ten="330,290,230,150" oya="2" hai0="55,63,56,114,15,51,65,72,128,131,46,82,103" hai1="31,126,80,3,107,111,76,88,28,121,86,0,120" hai2="110,112,122,84,96,100,24,127,19,2,91,130,70" hai3="12,102,20,27,85,39,38,49,73,74,89,25,97"/><V71/><F112/><W64/><G38/><T78/><D114/><U54/><E111/><V10/><F122/><N who="1" m="47209" /><E126/><V134/><F127/><W22/><G39/><T41/><D103/><U43/><E107/><V18/><F110/><W98/><G64/><T52/><REACH who="0" step="1"/><D15/><REACH who="0" ten="320,290,230,150" step="2"/><U29/><E0/><V8/><F100/><W37/><G12/><T34/><D34/><U26/><E3/><V1/><F1/><W50/><G102/><T125/><D125/><U61/><E43/><V23/><F2/><W14/><G14/><T87/><D87/><U33/><E76/><V81/><F84/><W69/><G85/><T21/><D21/><U106/><E106/><V77/><F23/><W35/><G35/><T36/><D36/><U123/><E123/><V45/><F77/><W133/><G37/><T132/><D132/><U90/><E90/><V48/><F91/><W44/><G89/><T66/><D66/><U79/><E79/><V60/><F134/><W109/><G133/><T4/><D4/><U93/><E80/><V104/><F104/><W117/><G109/><T129/><AGARI ba="0,1" hai="41,46,51,52,55,56,63,65,72,78,82,128,129,131" machi="129" ten="30,8000,1" yaku="1,1,0,1,19,1,54,1,53,1" doraHai="101" doraHaiUra="57" who="0" fromWho="0" sc="320,90,290,-20,230,-40,150,-20" /><INIT seed="3,0,0,4,5,128" ten="410,270,190,130" oya="3" hai0="50,36,109,4,33,125,63,80,135,129,26,82,111" hai1="47,117,39,74,75,41,37,115,21,66,38,28,131" hai2="61,32,65,11,62,60,45,43,106,23,94,104,1" hai3="72,130,100,120,6,30,5,105,3,48,68,87,64"/><W2/><G72/><T97/><D135/><U16/><E115/><V31/><F32/><W20/><G120/><T98/><D129/><U35/><E131/><V92/><F65/><W134/><G130/><T17/><D36/><U101/><E101/><V78/><F78/><W108/><G105/><T133/><D133/><U57/><E117/><V121/><F121/><W123/><G100/><T18/><D125/><U19/><E19/><N who="0" m="7177" /><D4/><N who="3" m="1641" /><G123/><T107/><D50/><U112/><E112/><V103/><F103/><W81/><G134/><T22/><D63/><U76/><E38/><V71/><F71/><W119/><G119/><T77/><D33/><U90/><E37/><V9/><F1/><W8/><G68/><T91/><D80/><U85/><E76/><V7/><F106/><W49/><G64/><T79/><D91/><U15/><E57/><V93/><F104/><W113/><G113/><T44/><D44/><U95/><E66/><V89/><F7/><W10/><G108/><N who="0" m="41547" /><D107/><U51/><REACH who="1" step="1"/><E39/><REACH who="1" ten="410,260,190,130" step="2"/><V29/><F89/><N who="3" m="51439" /><G2/><T110/><D110/><U0/><E0/><V25/><F31/><W124/><G3/><T118/><D118/><U55/><E55/><V116/><F116/><W69/><G69/><T27/><D79/><U24/><AGARI ba="0,1" hai="15,16,21,24,28,35,41,47,51,74,75,85,90,95" machi="24" ten="30,7900,0" yaku="1,1,0,1,54,1,53,1" doraHai="128" doraHaiUra="46" who="1" fromWho="1" sc="410,-20,260,89,190,-20,130,-39" owari="390,49.0,349,14.9,170,-23.0,91,-40.9" /></mjloggm>