<mjloggm ver="2.3"><GO type="225" lobby="0"/><UN n0="%E3%83%AB%E3%83%9B%E3%83%B3%E3%83%87%E3%82%A3%E3%82%A8" n1="%E7%99%BD%E6%97%A5%E9%9B%AA%E8%8F%9C" n2="%48%61%61%61%6C%61%6E%64" n3="%E5%A4%9C%E5%85%89%E5%A4%A9%E6%A5%BC" dan="17,17,18,16" rate="2189.94,2232.29,2213.29,2087.85" sx="M,M,M,F"/><TAIKYOKU oya="0"/><INIT seed="0,0,0,3,4,21" ten="250,250,250,250" oya="0" hai0="50,112,39,6,104,25,8,54,34,27,74,51,64" hai1="110,36,30,102,66,56,45,2,85,94,29,18,58" hai2="78,129,49,42,79,99,134,128,53,0,73,17,62" hai3="122,43,4,59,48,98,26,57,133,113,32,116,95"/><T10/><D112/><U9/><E110/><V120/><F120/><W63/><G113/><T87/><D39/><U72/><E72/><V46/><F0/><W108/><G116/><T77/><D74/><U80/><E36/><V47/><F134/><W15/><G133/><T106/><D34/><U60/><E45/><V127/><F127/><W105/><G105/><T38/><D38/><U125/><E125/><V92/><F73/><W88/><G108/><T19/><D64/><U111/><E111/><V61/><F17/><W84/><G32/><T90/><D77/><N who="2" m="29194" /><F47/><N who="3" m="25727" /><G63/><N who="2" m="24073" /><F129/><W83/><G26/><N who="0" m="9739" /><D104/><U7/><E66/><V24/><F24/><W71/><G71/><T22/><D106/><U100/><E30/><V13/><F13/><W41/><G41/><T81/><D6/><U37/><E7/><V16/><F128/><W119/><G122/><T55/><D19/><U123/><E18/><V5/><F16/><W118/><G118/><T14/><D14/><U3/><E3/><V12/><F12/><W96/><G119/><T52/><D22/><U35/><E35/><V67/><F5/><W115/><G115/><T121/><D121/><U109/><E123/><V76/><F67/><W91/><G98/><T114/><D114/><U11/><E2/><V33/><F33/><W124/><G124/><T126/><D126/><U31/><E31/><V40/><N who="2" m="29202" /><V23/><DORA hai="101" /><F23/><W44/><G44/><T82/><D82/><U1/><E80/><V70/><F70/><W75/><G75/><T68/><D68/><U86/><E109/><V135/><F135/><W117/><G117/><RYUUKYOKU ba="0,0" sc="250,10,250,-30,250,10,250,10" hai0="8,10,50,51,52,54,55,81,87,90" hai2="40,42,46,49,53,92,99" hai3="4,15,57,59,83,84,88,91,95,96" /><INIT seed="0,1,0,4,4,119" ten="260,220,260,260" oya="0" hai0="18,6,101,11,88,63,47,80,27,21,133,48,36" hai1="127,15,28,24,72,26,84,121,44,116,135,110,115" hai2="134,59,16,0,50,85,130,125,93,22,3,23,92" hai3="69,131,76,57,34,1,20,29,81,42,62,90,64"/><T12/><D133/><U70/><E72/><V104/><F104/><W9/><G131/><T103/><D36/><U13/><E70/><V30/><F134/><W112/><G112/><T46/><D46/><U89/><E116/><V124/><F130/><W122/><G42/><T25/><D63/><U7/><E115/><V56/><F30/><W5/><G34/><T19/><D27/><U53/><E135/><V45/><F85/><W8/><G8/><T58/><D58/><N who="2" m="22058" /><F50/><W71/><G90/><T118/><D6/><U52/><E110/><V91/><F45/><W117/><G117/><T33/><D33/><U35/><E127/><N who="2" m="48715" /><F22/><W73/><G20/><T4/><D4/><U132/><E132/><V109/><F109/><W61/><G29/><T39/><D39/><U49/><E7/><V67/><F67/><W95/><G61/><T94/><D80/><N who="1" m="49287" /><E35/><V107/><F107/><W106/><G106/><T2/><D118/><U129/><E28/><V68/><F68/><W17/><G71/><T74/><D74/><U86/><E129/><V111/><F111/><W97/><G69/><T100/><D2/><N who="2" m="554" /><F91/><N who="3" m="55551" /><G17/><T41/><REACH who="0" step="1"/><D88/><REACH who="0" ten="250,220,260,260" step="2"/><U77/><E44/><V99/><F99/><AGARI ba="1,1" hai="11,12,18,19,21,25,41,47,48,94,99,100,101,103" machi="99" ten="40,7700,0" yaku="1,1,2,1,8,1,53,0" doraHai="119" doraHaiUra="31" who="0" fromWho="2" sc="250,90,220,0,260,-80,260,0" /><INIT seed="0,2,0,4,1,26" ten="340,220,180,260" oya="0" hai0="81,77,78,133,124,8,40,53,59,91,135,96,18" hai1="11,68,49,84,22,130,37,74,19,72,102,120,128" hai2="12,50,39,127,16,108,103,52,112,30,56,42,113" hai3="100,63,97,92,44,115,9,98,7,89,62,119,25"/><T134/><D124/><U33/><E37/><V60/><F127/><W41/><G115/><T23/><D40/><U122/><E33/><V35/><F39/><W43/><G119/><T114/><D114/><U14/><E68/><V57/><F103/><W3/><G41/><T131/><D8/><U109/><E109/><V87/><F108/><W88/><G25/><N who="0" m="14583" /><D131/><N who="1" m="50219" /><E102/><V45/><F87/><W66/><G66/><T47/><D47/><U13/><E49/><V107/><F107/><W4/><G4/><T125/><D125/><U99/><E99/><V116/><F116/><W29/><G29/><T55/><D55/><U76/><E84/><V82/><F82/><W1/><G1/><T64/><D64/><U71/><E71/><V65/><F30/><W17/><G17/><T90/><D96/><U106/><E106/><V67/><F35/><W126/><G126/><T38/><D38/><U61/><E61/><V101/><F101/><W121/><G100/><T132/><D132/><U0/><E0/><V31/><F31/><W129/><G129/><T111/><D111/><U51/><E51/><V83/><F83/><W21/><G63/><N who="0" m="36335" /><D81/><N who="1" m="45191" /><E74/><V6/><F112/><W105/><G98/><T93/><D93/><U36/><E36/><N who="2" m="21703" /><F113/><W86/><G105/><T123/><D123/><U110/><E110/><V94/><F94/><N who="3" m="54551" /><G121/><T104/><D104/><U24/><E24/><V2/><F2/><W32/><G32/><T20/><D77/><U10/><E10/><N who="2" m="6167" /><F67/><W70/><G70/><T73/><D20/><U54/><E54/><N who="2" m="31831" /><F65/><W34/><G34/><T15/><D15/><U46/><E46/><RYUUKYOKU ba="2,0" sc="340,10,220,10,180,10,260,-30" hai0="73,78,90,91,133,134,135" hai1="11,13,14,19,22,120,122" hai2="6,52,57,60" /><INIT seed="0,3,0,0,2,35" ten="350,230,190,230" oya="0" hai0="73,62,56,100,28,81,102,1,67,10,108,22,97" hai1="64,87,117,91,65,134,36,126,4,60,11,25,39" hai2="3,77,90,13,92,76,103,79,101,129,6,112,9" hai3="94,32,107,41,88,116,18,51,19,111,83,30,49"/><T40/><D40/><U37/><E117/><V69/><F112/><W66/><G116/><T44/><D44/><U131/><E131/><V98/><F129/><W82/><G107/><T47/><D47/><U2/><E134/><V20/><REACH who="2" step="1"/><F69/><REACH who="2" ten="350,230,180,230" step="2"/><W123/><G123/><T122/><D122/><U120/><E120/><V58/><F58/><W70/><G70/><T119/><D56/><U55/><E126/><V109/><F109/><W27/><G111/><T99/><D108/><U46/><E46/><V7/><F7/><W128/><G128/><T53/><D119/><U93/><E25/><V114/><F114/><W0/><G27/><T80/><D102/><U21/><E4/><V89/><F89/><W104/><G88/><T50/><D100/><U34/><E91/><V29/><F29/><W45/><G30/><T31/><D28/><U48/><E39/><V17/><AGARI ba="3,1" hai="3,6,9,13,17,20,76,77,79,90,92,98,101,103" machi="17" ten="30,8000,1" yaku="1,1,0,1,52,1,53,2" doraHai="35" doraHaiUra="96" who="2" fromWho="2" sc="350,-43,230,-23,180,99,230,-23" /><INIT seed="1,0,0,4,2,4" ten="307,207,279,207" oya="1" hai0="16,26,122,1,72,95,119,60,106,125,13,28,109" hai1="99,20,135,38,21,37,90,7,129,105,124,116,48" hai2="62,74,127,23,75,2,65,81,128,83,110,132,114" hai3="73,103,9,111,97,47,86,104,52,66,71,34,63"/><U30/><E116/><V102/><F110/><W68/><G34/><T80/><D106/><U19/><E124/><V78/><F127/><W35/><G35/><T61/><D1/><U22/><E129/><V113/><F128/><W56/><G73/><T14/><D14/><U126/><E126/><V76/><F132/><W88/><G111/><T108/><D119/><U50/><E30/><V131/><F131/><W77/><G77/><T101/><D125/><U18/><E7/><V44/><F2/><W6/><G47/><T29/><D29/><U36/><E135/><V123/><F123/><W27/><G27/><T117/><D117/><U93/><REACH who="1" step="1"/><E105/><REACH who="1" ten="307,197,279,207" step="2"/><V98/><F113/><W133/><G133/><T130/><D28/><U58/><E58/><V107/><F114/><W53/><G71/><T40/><D130/><U25/><E25/><V115/><F115/><W12/><G68/><T82/><D26/><U8/><E8/><V55/><F107/><W41/><G41/><T33/><D109/><U94/><E94/><AGARI ba="0,1" hai="6,9,12,52,53,56,63,66,86,88,94,97,103,104" machi="94" ten="30,7700,0" yaku="7,1,52,1,54,2" doraHai="4" who="3" fromWho="1" sc="307,0,197,-77,279,0,207,87" /><INIT seed="2,0,0,5,0,60" ten="307,120,279,294" oya="2" hai0="135,47,51,91,32,101,123,12,79,133,111,97,119" hai1="65,68,5,13,2,84,88,8,19,76,121,129,27" hai2="125,115,81,131,103,59,37,41,24,11,73,38,17" hai3="56,63,67,130,16,21,132,78,14,18,120,99,66"/><V15/><F115/><W6/><G120/><T127/><D32/><U100/><E121/><V20/><F125/><W102/><G130/><T98/><D123/><U30/><E129/><V108/><F131/><W116/><G116/><T85/><D111/><U35/><E100/><V118/><F118/><W106/><G132/><T23/><D79/><U124/><E76/><V52/><F108/><W92/><G78/><T122/><D122/><U83/><E124/><V10/><F103/><W3/><G106/><T128/><D119/><U29/><E29/><V53/><F81/><W43/><G43/><N who="0" m="25087" /><D101/><U109/><E109/><V54/><F73/><W64/><G3/><T49/><D49/><U36/><E36/><V0/><F41/><W4/><G18/><N who="0" m="10695" /><D127/><U61/><REACH who="1" step="1"/><E2/><REACH who="1" ten="307,110,279,294" step="2"/><V70/><F38/><W82/><G82/><N who="0" m="49591" /><D128/><U105/><E105/><V25/><F37/><W110/><G110/><T1/><D1/><U69/><E69/><V112/><F0/><W48/><G48/><T80/><D80/><U34/><E34/><V114/><F112/><W39/><G39/><T33/><D33/><U104/><E104/><V62/><F70/><W57/><G63/><T89/><D89/><U95/><E95/><V77/><F114/><W94/><G92/><T31/><D31/><U28/><E28/><V71/><F77/><W87/><G94/><T55/><D135/><U93/><E93/><V40/><F71/><W22/><G102/><T90/><D133/><U113/><E113/><V86/><F62/><W72/><G99/><N who="0" m="37899" /><D90/><U74/><E74/><V75/><F75/><W9/><G72/><RYUUKYOKU ba="0,1" sc="307,15,110,15,279,-15,294,-15" hai0="55" hai1="5,8,13,19,27,30,35,61,65,68,83,84,88" /><INIT seed="3,1,1,3,0,99" ten="322,125,264,279" oya="3" hai0="119,108,98,28,97,50,27,26,68,124,37,4,24" hai1="100,58,42,87,22,82,53,89,117,55,17,33,78" hai2="92,8,1,14,2,43,66,64,129,96,23,39,135" hai3="73,120,11,104,31,94,134,105,112,131,81,109,61"/><W70/><G112/><T35/><D37/><U116/><E33/><V15/><F129/><W101/><G94/><T60/><D119/><U7/><E42/><V83/><F135/><W12/><G120/><T19/><D4/><U45/><E7/><V9/><F83/><W30/><G105/><T20/><D27/><U126/><E126/><V65/><F23/><W25/><G131/><T63/><D63/><U44/><E116/><V54/><F54/><W72/><G81/><T115/><D124/><U46/><E117/><V69/><F69/><W41/><G31/><T32/><D32/><U118/><E118/><V13/><F43/><W57/><G41/><T6/><D6/><U84/><E58/><V21/><F21/><W114/><G134/><T34/><D34/><U48/><E55/><V127/><F39/><W130/><G57/><T59/><D108/><U47/><E47/><V110/><F110/><W95/><G95/><T91/><D91/><U76/><E100/><N who="2" m="60423" /><F127/><W51/><G109/><T133/><D133/><U75/><E75/><V10/><AGARI ba="1,1" hai="1,2,8,9,10,13,14,15,64,65,66" m="60423" machi="10" ten="40,5200,0" yaku="29,2,52,1" doraHai="99" who="2" fromWho="2" sc="322,-14,125,-14,264,65,279,-27" owari="308,10.8,111,-38.9,329,42.9,252,-14.8" /></mjloggm>