<mjloggm ver="2.3"><GO type="225" lobby="0"/><UN n0="%E3%81%A8%E3%82%89%E3%81%84%E3%81%A1" n1="%E7%82%BA%E4%BA%86%E6%89%93%E6%95%97%E7%94%B7%E5%8F%8B%E7%9A%84" n2="%63%68%78%62%64" n3="%72%69%6F%75%63%68%61%6E" dan="16,16,16,16" rate="2105.81,2069.36,2154.26,2127.99" sx="M,F,M,M"/><TAIKYOKU oya="0"/><INIT seed="0,0,0,5,3,56" ten="250,250,250,250" oya="0" hai0="58,133,45,86,3,62,118,4,1,18,92,101,124" hai1="109,91,106,19,113,44,94,69,121,80,54,83,111" hai2="104,42,74,135,34,24,123,30,82,98,81,89,0" hai3="10,25,64,99,46,50,40,15,11,17,67,112,35"/><T7/><D118/><U12/><E121/><V127/><F123/><W33/><G112/><T125/><D133/><U131/><E106/><V132/><F0/><N who="0" m="74" /><D18/><U60/><E131/><V90/><F127/><N who="0" m="48714" /><D45/><U93/><E113/><V119/><F119/><W41/><G40/><T97/><D86/><U66/><E54/><AGARI ba="0,0" hai="4,7,54,58,62,92,97,101" m="48714,74" machi="54" ten="30,2900,0" yaku="18,1,52,1" doraHai="56" who="0" fromWho="1" sc="250,29,250,-29,250,0,250,0" /><INIT seed="0,1,0,2,1,74" ten="279,221,250,250" oya="0" hai0="84,44,129,98,81,18,58,54,9,43,24,37,80" hai1="28,30,90,3,34,107,117,87,69,115,50,131,71" hai2="96,62,8,108,63,122,5,75,19,132,126,1,48" hai3="119,91,79,40,55,95,56,51,77,47,128,65,105"/><T64/><D129/><U7/><E117/><V12/><F122/><W20/><G119/><T27/><D64/><U22/><E107/><V57/><F108/><W35/><G35/><T110/><D110/><U6/><E34/><V83/><F132/><W60/><G105/><T82/><D84/><U10/><E7/><V92/><F126/><W127/><G127/><T78/><D98/><U104/><E104/><V70/><F70/><W116/><G116/><T88/><D88/><U11/><E11/><V133/><F133/><W103/><G103/><T23/><D24/><U72/><E72/><V135/><F135/><W0/><G0/><T102/><D102/><U118/><E118/><V113/><F113/><W85/><G128/><T86/><REACH who="0" step="1"/><D9/><REACH who="0" ten="269,221,250,250" step="2"/><U15/><E131/><V134/><F134/><W121/><G121/><T45/><D45/><U25/><E115/><V39/><F8/><W32/><G32/><T33/><D33/><U38/><E90/><V68/><F96/><W89/><G20/><T111/><D111/><U53/><E87/><V16/><F75/><W14/><G14/><T125/><D125/><U106/><E15/><V112/><F12/><W109/><G109/><T59/><D59/><U123/><E123/><V36/><F57/><N who="3" m="37007" /><G91/><T130/><D130/><U17/><E22/><V124/><F112/><W26/><G26/><T31/><D31/><U97/><E28/><V100/><F124/><W41/><G56/><T76/><D76/><AGARI ba="1,1" hai="40,41,47,51,55,76,77,79,85,89,95" m="37007" machi="76" ten="30,7700,0" yaku="8,1,52,3" doraHai="74" who="3" fromWho="0" sc="269,-80,221,0,250,0,250,90" /><INIT seed="1,0,0,2,5,71" ten="189,221,250,340" oya="1" hai0="105,25,114,87,85,32,80,67,47,90,108,41,5" hai1="125,62,94,40,43,54,68,121,7,123,51,117,110" hai2="104,44,28,129,134,58,97,115,53,81,27,52,42" hai3="69,12,89,13,77,37,61,91,79,112,130,135,46"/><U119/><E7/><V75/><F115/><W100/><G112/><T50/><D114/><U29/><E29/><V74/><F129/><W36/><G130/><T88/><D108/><U66/><E94/><V3/><F3/><W84/><G100/><T55/><D105/><U78/><E78/><N who="3" m="29706" /><G69/><T93/><D5/><U70/><E125/><V30/><F81/><W126/><G46/><T59/><D67/><U0/><E0/><V122/><F134/><W17/><G61/><T15/><D15/><N who="3" m="5705" /><G84/><T99/><D87/><U106/><E106/><V20/><F30/><W127/><G17/><T132/><D132/><U35/><E35/><V56/><F122/><N who="1" m="46601" /><E110/><V86/><F86/><W18/><G18/><T102/><D32/><U4/><E4/><V60/><F104/><W76/><N who="3" m="29714" /><W116/><DORA hai="82" /><G135/><T10/><D10/><U63/><E70/><V103/><F103/><W109/><G109/><T11/><D11/><U19/><E19/><V34/><F34/><W73/><G73/><T118/><D102/><U133/><E133/><V107/><F107/><W48/><G116/><N who="1" m="44618" /><E62/><V92/><F92/><W57/><G89/><T8/><D8/><U22/><E22/><V39/><F97/><W128/><G91/><T96/><D118/><U113/><E113/><V26/><F26/><W31/><G31/><T33/><D33/><U14/><E14/><V65/><F65/><W111/><G111/><T72/><D72/><U131/><E131/><V1/><F1/><W9/><G128/><T2/><D2/><U124/><E124/><N who="3" m="47658" /><G9/><T45/><D99/><U64/><E64/><RYUUKYOKU ba="0,0" sc="189,-30,221,10,250,10,340,10" hai1="40,43,51,54,63,66,68" hai2="20,27,28,39,42,44,52,53,56,58,60,74,75" hai3="36,37,48,57" /><INIT seed="1,1,0,4,0,34" ten="159,231,260,350" oya="1" hai0="48,88,14,67,120,71,133,80,134,79,114,50,27" hai1="58,25,45,52,115,126,108,28,15,12,100,135,18" hai2="65,33,101,107,111,68,22,78,23,41,61,116,109" hai3="93,92,36,59,89,76,77,5,43,105,70,73,121"/><U55/><E115/><V38/><F116/><W131/><G121/><T123/><D114/><U47/><E135/><N who="0" m="51721" /><D14/><U53/><E126/><V103/><F103/><W91/><G70/><T74/><D27/><U129/><E129/><V56/><F78/><W118/><G131/><T51/><D88/><N who="3" m="33865" /><G36/><T35/><D35/><U128/><E128/><V44/><F33/><W119/><G43/><T94/><D94/><N who="3" m="36457" /><G5/><T17/><D17/><U46/><E108/><N who="2" m="41547" /><F68/><W72/><G59/><T32/><D32/><U97/><E58/><V117/><F117/><N who="3" m="44555" /><G105/><T64/><D71/><U11/><E12/><V86/><F86/><W54/><G54/><T31/><D31/><U13/><E13/><V39/><F39/><W1/><G1/><T110/><D110/><U113/><E113/><V24/><F24/><W3/><G3/><T60/><D60/><U57/><E57/><V37/><F37/><W127/><G127/><T85/><D74/><AGARI ba="1,0" hai="72,73,74,76,77" m="44555,36457,33865" machi="74" ten="40,12000,2" yaku="28,2,12,1,34,2,54,1" doraHai="34" who="3" fromWho="0" sc="159,-123,231,0,260,0,350,123" /><INIT seed="2,0,0,4,4,30" ten="36,231,260,473" oya="2" hai0="81,58,68,52,114,19,85,64,37,60,131,57,129" hai1="65,45,119,59,87,77,47,90,24,42,123,110,34" hai2="134,6,117,49,78,40,44,100,39,54,101,80,11" hai3="103,115,111,62,25,132,124,38,82,120,14,7,13"/><V121/><F121/><W4/><G120/><T31/><D114/><U46/><E123/><V15/><F134/><W36/><G132/><T75/><D75/><U108/><E119/><V8/><F8/><W118/><G118/><T53/><D37/><U72/><E72/><V26/><F26/><W102/><G115/><T41/><D41/><U69/><E77/><V27/><F27/><W16/><G111/><N who="1" m="42538" /><E69/><V93/><F93/><W22/><G124/><T109/><D109/><U21/><E42/><V55/><F117/><W135/><G135/><T91/><D31/><N who="1" m="19815" /><E21/><V63/><F63/><W105/><G105/><T70/><D19/><U43/><E65/><V73/><REACH who="2" step="1"/><F55/><REACH who="2" ten="36,231,250,473" step="2"/><W128/><G62/><T71/><REACH who="0" step="1"/><D64/><REACH who="0" ten="26,231,250,473" step="2"/><U61/><E43/><V66/><F66/><W125/><G25/><T5/><D5/><U2/><E2/><V10/><F10/><W83/><G4/><T1/><D1/><U106/><E106/><V89/><F89/><W28/><G7/><T35/><D35/><U96/><E61/><AGARI ba="0,2" hai="52,53,57,58,60,61,68,70,71,81,85,91,129,131" machi="61" ten="40,5200,0" yaku="1,1,9,1,54,1,53,0" doraHai="30" doraHaiUra="12" who="0" fromWho="1" sc="26,72,231,-52,250,0,473,0" /><INIT seed="3,0,0,2,3,46" ten="98,179,250,473" oya="3" hai0="87,94,108,39,113,57,49,109,123,61,93,16,104" hai1="119,4,120,90,117,127,125,19,131,47,23,80,73" hai2="75,89,74,59,5,18,33,77,12,25,15,62,101" hai3="111,98,10,70,129,92,8,0,6,13,130,52,107"/><W24/><G70/><T43/><D104/><U118/><E120/><V126/><F126/><W41/><G107/><T30/><D123/><U45/><E131/><N who="3" m="50186" /><G41/><T95/><D30/><U3/><E3/><V27/><F101/><N who="3" m="60615" /><G111/><N who="0" m="42571" /><D39/><U103/><E4/><V133/><F5/><N who="3" m="1063" /><G52/><N who="0" m="33959" /><D113/><U97/><E73/><V91/><F77/><W76/><G24/><T114/><D114/><U116/><E116/><V82/><F82/><W63/><G63/><T9/><D87/><N who="1" m="50535" /><E127/><V85/><F133/><W67/><G67/><T132/><D132/><U14/><E125/><V60/><F85/><W71/><G71/><T40/><D40/><U69/><E69/><V29/><F29/><W112/><G76/><T20/><D9/><U7/><E7/><V17/><F33/><W11/><G10/><T100/><D100/><U81/><E119/><V22/><F59/><W32/><G112/><T115/><D115/><U84/><E118/><V51/><F22/><W44/><G44/><N who="0" m="25759" /><D20/><U1/><E1/><V34/><F34/><AGARI ba="0,0" hai="6,11,13,32,34" m="1063,60615,50186" machi="34" ten="30,1500,0" yaku="19,1" doraHai="46" who="3" fromWho="2" sc="98,0,179,0,250,-15,473,15" owari="98,-40.2,179,-22.1,235,3.5,488,58.8" /></mjloggm>