<mjloggm ver="2.3"><GO type="225" lobby="0"/><UN n0="%E3%81%B2%E3%81%AA%E3%81%AE%E3%82%8A%E3%81%8F" n1="%72%65%6E%6B%75%6E" n2="%E5%AE%AE%E4%BF%9D%E9%B6%8F%E8%82%89" n3="%E6%A0%B9%E5%85%83%E3%81%8B%E3%82%89%E5%90%B9%E3%81%A3%E9%A3%9B%E3%81%B6" dan="16,17,16,16" rate="2173.42,2262.87,2116.92,2146.17" sx="M,M,M,F"/><TAIKYOKU oya="0"/><INIT seed="0,0,0,3,5,55" ten="250,250,250,250" oya="0" hai0="54,25,51,102,2,85,47,33,15,16,39,87,20" hai1="64,119,13,82,30,70,24,74,75,123,48,57,94" hai2="18,7,41,8,80,107,63,31,121,89,45,40,65" hai3="88,50,135,58,126,103,78,60,122,32,6,133,11"/><T4/><D102/><U26/><E123/><V76/><F121/><W95/><G32/><T22/><D39/><U68/><E119/><V56/><F107/><W34/><G34/><T49/><D22/><U112/><E13/><V5/><F31/><W131/><G131/><T38/><D38/><U71/><E112/><V124/><F89/><W21/><G126/><T108/><D108/><U129/><E129/><V46/><F124/><W69/><G78/><T130/><D130/><U29/><E94/><V79/><F18/><W104/><G69/><T53/><D33/><U134/><E134/><N who="3" m="51210" /><G50/><T35/><D35/><U61/><E48/><V132/><F132/><W44/><G44/><N who="2" m="17001" /><F8/><W67/><G21/><T37/><D37/><U14/><E14/><V92/><F92/><W62/><G103/><T17/><D2/><U19/><E68/><V9/><F9/><W97/><G104/><T118/><D118/><U91/><E70/><V28/><F28/><W90/><G90/><T12/><D4/><N who="2" m="1610" /><F80/><W1/><G122/><T83/><D17/><U106/><E71/><V66/><F66/><W86/><G86/><N who="0" m="32779" /><D83/><U127/><E106/><V27/><F27/><N who="1" m="10281" /><E127/><V43/><AGARI ba="0,0" hai="40,41,43,56,63,65,76,79" m="1610,17001" machi="43" ten="30,2000,0" yaku="8,1,52,1" doraHai="55" who="2" fromWho="2" sc="250,-10,250,-5,250,20,250,-5" /><INIT seed="1,0,0,5,4,86" ten="240,245,270,245" oya="1" hai0="104,65,19,130,135,8,50,67,0,131,12,37,61" hai1="80,68,47,62,85,46,58,91,21,110,96,32,45" hai2="90,121,25,127,70,77,44,1,92,119,124,42,100" hai3="4,18,39,123,69,17,48,95,11,26,113,20,75"/><U30/><E68/><V112/><F119/><W89/><G123/><T16/><D37/><U129/><E129/><N who="0" m="49161" /><D0/><U83/><E110/><V126/><F121/><W72/><G39/><T79/><D104/><U23/><E96/><N who="2" m="59399" /><F1/><W38/><G38/><T41/><D135/><U101/><E101/><V53/><F70/><W60/><G113/><T51/><D79/><U74/><E32/><V31/><F77/><W84/><G18/><N who="0" m="8455" /><D67/><U10/><E10/><V9/><F9/><W5/><G5/><T7/><D7/><U13/><E13/><V29/><F53/><W52/><G60/><T93/><D93/><N who="1" m="54511" /><E74/><V22/><F112/><W122/><G69/><N who="0" m="42159" /><D41/><U117/><E117/><V2/><F2/><W128/><G122/><T78/><D78/><U57/><E57/><V43/><F43/><W109/><G109/><T125/><D125/><U106/><E106/><V36/><F29/><W107/><G107/><T114/><D114/><U54/><E30/><V15/><F15/><W115/><G115/><T34/><D34/><U64/><E64/><V105/><F105/><W103/><G128/><T3/><D3/><U24/><E24/><V102/><F102/><W133/><G103/><T66/><D66/><U55/><E55/><V108/><F108/><W118/><G118/><T27/><D27/><U99/><E23/><V49/><F36/><W87/><G4/><T6/><D6/><U33/><E33/><V73/><F73/><N who="3" m="28235" /><G11/><T88/><D19/><U134/><E134/><V81/><F126/><W71/><G71/><T132/><D132/><U97/><E21/><V56/><F56/><RYUUKYOKU ba="0,0" sc="240,-15,245,15,270,15,245,-15" hai1="45,46,47,54,58,62,80,83,97,99" hai2="22,25,31,42,44,49,81,90,124,127" /><INIT seed="1,1,0,2,0,25" ten="225,260,285,230" oya="1" hai0="13,3,34,11,100,6,22,47,121,68,117,108,18" hai1="89,42,122,33,78,124,96,45,35,53,2,66,87" hai2="30,7,16,93,81,64,91,114,83,76,12,46,120" hai3="21,113,80,115,1,72,4,20,73,37,29,56,92"/><U52/><E122/><V48/><F120/><W31/><G37/><T88/><D121/><U65/><E2/><V111/><F111/><W26/><G92/><T24/><D117/><U41/><E78/><V86/><F114/><W44/><G44/><T133/><D108/><U77/><E77/><V71/><F7/><W58/><G26/><T97/><D68/><U129/><E96/><V84/><F30/><W102/><G4/><T5/><D133/><U75/><E75/><V0/><F0/><W50/><G1/><T130/><D130/><U95/><E129/><V57/><F71/><W116/><G50/><T55/><D34/><U9/><E9/><V82/><F64/><W110/><G110/><T70/><D70/><U135/><E87/><V59/><F82/><W90/><G90/><T118/><D118/><U127/><E95/><V19/><F93/><W119/><G102/><T40/><D88/><U60/><E89/><V131/><F19/><W128/><G128/><T98/><D55/><U62/><REACH who="1" step="1"/><E45/><REACH who="1" ten="225,250,285,230" step="2"/><V61/><F131/><W109/><G109/><T23/><D98/><U134/><AGARI ba="1,1" hai="33,35,41,42,52,53,60,62,65,66,124,127,134,135" machi="134" ten="25,18000,2" yaku="1,1,2,1,0,1,22,2,54,1,53,0" doraHai="25" doraHaiUra="54" who="1" fromWho="1" sc="225,-61,250,193,285,-61,230,-61" /><INIT seed="1,2,0,1,4,40" ten="164,443,224,169" oya="1" hai0="35,104,106,29,10,22,57,92,52,46,25,115,128" hai1="103,38,95,54,109,68,133,21,16,9,84,135,3" hai2="51,86,62,11,17,100,80,67,37,129,49,69,77" hai3="82,45,30,88,85,59,56,89,2,94,72,130,13"/><U41/><E68/><V5/><F37/><W18/><G130/><T79/><D115/><U55/><E109/><V7/><F129/><W113/><G113/><T124/><D128/><U90/><E103/><V66/><F66/><W61/><G2/><T33/><D124/><U71/><E71/><V87/><F100/><W131/><G131/><T116/><D116/><U6/><E38/><V44/><F51/><W58/><G30/><T34/><D79/><U36/><E36/><V48/><F49/><W122/><G122/><T50/><D92/><U14/><REACH who="1" step="1"/><E41/><REACH who="1" ten="164,433,224,169" step="2"/><V125/><F69/><W119/><G119/><T63/><REACH who="0" step="1"/><D10/><REACH who="0" ten="154,433,224,169" step="2"/><U83/><E83/><V27/><F11/><N who="3" m="6463" /><G82/><T117/><D117/><U23/><E23/><V47/><F80/><W64/><G72/><T15/><D15/><U42/><E42/><AGARI ba="2,2" hai="22,25,29,33,34,35,42,46,50,52,57,63,104,106" machi="42" ten="40,8000,1" yaku="1,1,52,1,54,1,53,1" doraHai="40" doraHaiUra="20" who="0" fromWho="1" sc="154,106,433,-86,224,0,169,0" /><INIT seed="2,0,0,2,1,96" ten="260,347,224,169" oya="2" hai0="73,0,23,46,41,110,8,17,42,121,40,19,128" hai1="7,50,59,2,48,117,1,71,119,77,90,79,69" hai2="54,47,62,13,15,122,25,95,112,63,70,44,76" hai3="65,64,125,24,135,38,10,101,29,131,21,20,100"/><V56/><F112/><W106/><G106/><T49/><D121/><U81/><E90/><V91/><F122/><W57/><G38/><T30/><D73/><U126/><E59/><V132/><F132/><W108/><G131/><T113/><D113/><U55/><E55/><V75/><F75/><W61/><G135/><T130/><D110/><U68/><E81/><V45/><F76/><N who="1" m="29257" /><E7/><V5/><F70/><W84/><G125/><T32/><D32/><U120/><E120/><V66/><F25/><N who="3" m="16551" /><G108/><T104/><D104/><U85/><E85/><V99/><REACH who="2" step="1"/><F5/><REACH who="2" ten="260,347,214,169" step="2"/><W82/><G65/><T22/><D130/><U34/><E126/><V53/><F53/><W89/><G10/><T33/><D8/><U16/><E68/><V35/><F35/><W36/><G36/><T87/><D33/><U4/><E34/><V133/><F133/><W28/><AGARI ba="0,1" hai="21,24,28,57,61,64,82,84,89,100,101" m="16551" machi="28" ten="30,4000,0" yaku="8,1,52,2" doraHai="96" who="3" fromWho="3" sc="260,-10,347,-10,214,-20,169,50" /><INIT seed="3,0,0,1,0,71" ten="250,337,194,219" oya="3" hai0="51,113,17,123,9,53,38,2,74,63,68,3,27" hai1="66,12,25,45,88,87,100,7,97,18,93,114,75" hai2="37,42,96,21,121,56,105,41,46,11,94,13,34" hai3="85,14,83,119,125,133,110,79,49,62,73,70,95"/><W57/><G119/><T60/><D123/><U39/><E75/><V33/><F105/><W78/><G125/><T20/><D74/><U92/><E114/><V1/><F121/><W124/><G124/><T0/><D113/><U32/><E66/><V102/><F42/><W108/><G133/><T90/><D38/><U132/><E132/><V103/><F103/><W23/><G70/><T54/><D68/><U104/><E7/><V112/><F112/><W72/><G49/><T6/><D90/><U101/><E101/><V98/><F98/><W118/><G118/><T81/><D81/><U126/><E126/><V47/><F47/><W127/><G127/><T65/><D54/><U61/><E61/><V130/><F130/><W131/><G95/><T109/><D109/><N who="3" m="42089" /><G78/><T28/><D28/><U31/><E45/><V111/><F111/><W22/><G131/><T77/><D77/><U55/><E39/><V69/><F69/><W26/><G14/><T80/><D65/><U76/><E55/><V15/><F56/><W58/><G58/><T36/><D36/><U67/><E67/><V19/><REACH who="2" step="1"/><F1/><REACH who="2" ten="250,337,184,219" step="2"/><W48/><G48/><T120/><D0/><U43/><E43/><V5/><AGARI ba="0,1" hai="5,11,13,15,19,21,33,34,37,41,46,94,96,102" machi="5" ten="20,8000,1" yaku="1,1,2,1,0,1,7,1,52,1,53,0" doraHai="71" doraHaiUra="84" who="2" fromWho="2" sc="250,-20,337,-20,184,90,219,-40" owari="230,-17.0,317,41.7,274,7.4,179,-32.1" /></mjloggm>