<mjloggm ver="2.3"><GO type="225" lobby="0"/><UN n0="%E3%80%90%E3%83%88%E3%83%AA%E3%83%A5%E3%83%95%E3%80%91" n1="%E7%89%B9%E6%9D%B1%E3%81%AF%E4%B8%96%E7%95%8C%E3%82%92%E6%95%91%E3%81%86" n2="%E3%82%BC%E3%83%AB%E3%83%80%E3%81%AE%E4%BC%9D%E8%AA%AC" n3="%E6%98%93%E5%88%A9%E8%96%A9%E4%BC%AF" dan="16,16,17,16" rate="2109.76,2118.58,2140.54,2137.13" sx="M,M,M,F"/><TAIKYOKU oya="0"/><INIT seed="0,0,0,2,4,116" ten="250,250,250,250" oya="0" hai0="105,43,99,75,7,104,130,57,91,26,25,11,68" hai1="60,119,44,30,129,15,113,12,132,107,92,89,40" hai2="114,93,17,71,24,55,27,9,3,63,79,10,5" hai3="61,131,54,36,81,112,94,0,34,4,45,41,70"/><T103/><D75/><U53/><E119/><V58/><F114/><W62/><G112/><T14/><D130/><U133/><E107/><V52/><F71/><W39/><G34/><T13/><D68/><U50/><E30/><V122/><F122/><W38/><G94/><T127/><D105/><U2/><E2/><V80/><F93/><W97/><G97/><T8/><D43/><U69/><E113/><V51/><F17/><W78/><G131/><T16/><D127/><U84/><E129/><V98/><F10/><N who="3" m="2311" /><G54/><T32/><D32/><U31/><E31/><V49/><F98/><W18/><G18/><T19/><D57/><U48/><E60/><N who="3" m="23146" /><G70/><T87/><REACH who="0" step="1"/><D7/><REACH who="0" ten="240,250,250,250" step="2"/><U106/><E106/><V42/><F42/><W88/><G88/><T83/><AGARI ba="0,1" hai="8,11,13,14,16,19,25,26,83,87,91,99,103,104" machi="83" ten="20,18000,2" yaku="1,1,2,1,0,1,7,1,9,1,54,1,53,0" doraHai="116" doraHaiUra="108" who="0" fromWho="0" sc="240,190,250,-60,250,-60,250,-60" /><INIT seed="0,1,0,5,0,67" ten="430,190,190,190" oya="0" hai0="29,3,122,132,97,39,128,90,87,113,36,75,19" hai1="41,126,10,9,38,72,52,69,44,42,0,13,101" hai2="92,8,109,46,105,18,83,31,43,37,49,129,88" hai3="86,116,68,100,131,27,45,127,103,22,133,5,30"/><T33/><D113/><U107/><E72/><V34/><F105/><W80/><G116/><T51/><D122/><U73/><E73/><V65/><F109/><W76/><G131/><T95/><D3/><U117/><E117/><V32/><F129/><W54/><G133/><T14/><D128/><U26/><E126/><V94/><F37/><W108/><G108/><T63/><D51/><U53/><E42/><V55/><F43/><W62/><G127/><T104/><D63/><U118/><E118/><V47/><F47/><W79/><G79/><T120/><D120/><U119/><E69/><V40/><F40/><W81/><G81/><T20/><D75/><U50/><E119/><V111/><F65/><W82/><G82/><T66/><D66/><U1/><E26/><N who="2" m="18551" /><F34/><W91/><G76/><T23/><D33/><U70/><E70/><V2/><F2/><W60/><G5/><T4/><D4/><U130/><E130/><V21/><F21/><W96/><G68/><T57/><D57/><U123/><E123/><V7/><F7/><W99/><G45/><T112/><D112/><U11/><E13/><N who="2" m="7463" /><F111/><W59/><REACH who="3" step="1"/><G62/><REACH who="3" ten="430,190,190,180" step="2"/><T110/><D110/><U16/><E44/><V64/><F83/><W115/><G115/><T98/><D132/><U77/><E0/><V84/><F46/><W48/><G48/><T24/><D36/><U135/><E38/><V85/><F49/><W15/><G15/><T78/><D78/><U56/><E135/><V61/><F61/><W25/><G25/><T6/><D6/><N who="1" m="1231" /><E50/><V121/><F121/><W93/><G93/><N who="0" m="56503" /><D39/><U71/><E77/><RYUUKYOKU ba="1,1" sc="430,-10,190,-10,190,-10,180,30" hai3="22,27,30,54,59,60,80,86,91,96,99,100,103" /><INIT seed="1,2,1,2,1,32" ten="420,180,180,210" oya="1" hai0="129,90,5,12,23,72,112,116,8,102,69,68,28" hai1="22,104,34,21,16,67,17,89,71,103,131,37,66" hai2="91,128,95,87,75,24,2,74,39,35,100,25,1" hai3="94,36,115,41,58,57,27,73,59,86,99,0,51"/><U82/><E37/><V109/><F39/><W124/><G73/><T19/><D112/><U3/><E34/><V133/><F100/><W6/><G36/><T118/><D72/><N who="2" m="27690" /><F35/><W20/><G124/><T30/><D102/><U29/><E131/><V111/><F128/><W121/><G121/><T76/><D76/><U119/><E119/><V78/><F78/><W10/><G86/><T48/><D129/><U53/><E3/><N who="2" m="1035" /><F133/><W46/><G115/><T33/><D90/><U9/><E71/><V126/><F126/><W125/><G125/><T40/><D30/><U4/><E29/><V31/><F31/><W135/><G135/><T63/><D48/><U110/><E103/><V122/><F122/><W61/><G94/><T55/><D40/><U11/><E9/><V127/><F127/><W50/><G99/><T81/><D81/><U97/><E97/><V106/><F106/><W107/><G51/><T93/><D93/><U15/><E104/><V117/><F117/><W88/><G88/><T85/><D85/><N who="1" m="50359" /><E53/><V38/><F38/><W45/><G107/><T42/><D42/><U80/><E80/><V70/><F70/><W26/><G50/><T120/><D120/><U14/><E110/><AGARI ba="2,1" hai="24,25,87,91,95,109,110,111" m="1035,27690" machi="110" ten="40,8000,1" yaku="14,1,52,3" doraHai="32" who="2" fromWho="1" sc="420,0,180,-86,180,96,210,0" /><INIT seed="2,0,0,5,3,54" ten="420,94,276,210" oya="2" hai0="74,14,135,101,62,79,103,18,94,89,23,80,102" hai1="96,29,16,87,122,108,121,128,53,64,88,100,55" hai2="44,59,76,82,97,13,111,98,134,99,84,130,21" hai3="39,51,71,22,78,133,90,85,75,83,63,110,112"/><V20/><F134/><W46/><G110/><T91/><D135/><U36/><E36/><V42/><F111/><W73/><G133/><T125/><D125/><U105/><E128/><V65/><F130/><W4/><G39/><T5/><D5/><U45/><E108/><V114/><F114/><W126/><G126/><T116/><D116/><U8/><E29/><V7/><F65/><W77/><G4/><T12/><D12/><U93/><E64/><V9/><REACH who="2" step="1"/><F59/><REACH who="2" ten="420,94,266,210" step="2"/><W10/><G112/><T11/><D103/><U58/><E45/><V70/><F70/><W86/><G71/><T104/><D102/><U43/><E43/><V95/><F95/><W30/><G46/><T56/><D104/><U41/><E41/><V32/><F32/><W0/><G75/><T109/><D109/><U15/><REACH who="1" step="1"/><E55/><REACH who="1" ten="420,84,266,210" step="2"/><V124/><F124/><W127/><G127/><T60/><D101/><U113/><E113/><V57/><F57/><W61/><G73/><T92/><D56/><U120/><E120/><V37/><AGARI ba="0,2" hai="7,9,13,20,21,37,42,44,76,82,84,97,98,99" machi="37" ten="30,3000,0" yaku="1,1,0,1,53,0" doraHai="54" doraHaiUra="52" who="2" fromWho="2" sc="420,-10,84,-10,266,50,210,-10" /><INIT seed="2,1,0,3,1,90" ten="410,74,316,200" oya="2" hai0="44,22,54,62,108,66,26,70,8,27,87,113,38" hai1="7,133,40,85,50,63,95,105,88,39,131,43,64" hai2="49,103,2,124,104,59,117,132,25,69,45,32,97" hai3="14,61,114,112,128,34,109,118,52,68,10,37,126"/><V111/><F117/><W71/><G34/><T72/><D72/><U24/><E131/><V51/><F2/><W134/><G14/><T41/><D108/><U60/><E133/><V123/><F123/><W79/><G10/><T78/><D113/><N who="3" m="43625" /><G79/><T75/><D75/><U116/><E116/><V11/><F132/><W98/><G98/><T83/><D8/><U99/><E39/><V17/><F111/><W115/><G134/><T6/><D6/><U93/><E105/><V31/><F124/><W20/><G20/><T42/><D42/><N who="1" m="15915" /><E7/><V135/><F135/><W30/><G30/><T122/><D122/><U19/><E50/><V3/><F59/><N who="3" m="35047" /><G118/><T110/><D22/><N who="1" m="13407" /><E64/><V58/><F3/><W23/><G23/><T76/><D26/><U80/><E80/><V18/><F11/><W86/><G109/><T106/><D27/><U21/><E21/><V35/><F35/><W55/><G37/><T13/><D13/><U74/><E74/><V125/><F32/><W127/><G128/><T94/><D110/><U91/><AGARI ba="1,0" hai="60,63,85,88,91,93,95,99" m="13407,15915" machi="91" ten="30,7900,0" yaku="8,1,52,2,54,1" doraHai="90" who="1" fromWho="1" sc="410,-21,74,82,316,-40,200,-21" /><INIT seed="3,0,0,5,1,42" ten="389,156,276,179" oya="3" hai0="50,132,85,103,131,120,102,0,91,93,62,79,76" hai1="72,84,49,38,123,89,112,31,54,104,43,74,133" hai2="13,6,29,121,39,15,105,117,27,51,37,134,87" hai3="109,5,17,26,57,48,47,81,52,118,21,113,11"/><W77/><G113/><T135/><D0/><U99/><E123/><V8/><F105/><W96/><G118/><T41/><D62/><U70/><E112/><V68/><F117/><W56/><G109/><T12/><D12/><U23/><E70/><V14/><F68/><W86/><REACH who="3" step="1"/><G96/><REACH who="3" ten="389,156,276,169" step="2"/><T115/><D115/><U25/><E133/><V9/><F134/><W33/><G33/><T71/><D132/><U19/><E38/><V83/><F39/><W64/><G64/><T32/><D32/><U92/><E43/><V107/><F37/><W108/><G108/><T16/><D41/><U67/><E67/><V20/><F121/><W128/><G128/><T58/><D131/><U130/><E130/><V111/><F111/><W122/><G122/><T95/><D120/><U126/><E126/><V114/><F114/><W53/><G53/><N who="0" m="32055" /><D135/><U116/><E116/><V124/><F124/><W24/><G24/><T97/><D71/><U106/><E31/><V10/><F29/><W88/><G88/><N who="0" m="53391" /><D103/><U73/><REACH who="1" step="1"/><E99/><REACH who="1" ten="389,146,276,169" step="2"/><V63/><F6/><W45/><G45/><AGARI ba="0,2" hai="19,23,25,45,49,54,72,73,74,84,89,92,104,106" machi="45" ten="40,5200,0" yaku="1,1,2,1,52,1,53,0" doraHai="42" doraHaiUra="30" who="1" fromWho="3" sc="389,0,146,72,276,0,169,-52" owari="389,48.9,218,-18.2,276,7.6,117,-38.3" /></mjloggm>