<mjloggm ver="2.3"><GO type="225" lobby="0"/><UN n0="%E3%81%99%E3%81%84%E3%81%BE%E3%81%9B%E3%83%BC%E3%82%93" n1="%E3%82%BC%E3%83%AB%E3%83%80%E3%81%AE%E4%BC%9D%E8%AA%AC" n2="%E3%81%82%E3%81%99%E3%81%AB%E3%82%83%E3%82%80" n3="%E3%83%A9%E3%83%96%E3%83%AC%E3%83%BC" dan="17,17,16,18" rate="2232.11,2139.08,2127.33,2171.28" sx="M,M,F,M"/><TAIKYOKU oya="0"/><INIT seed="0,0,0,4,5,17" ten="250,250,250,250" oya="0" hai0="95,99,30,93,32,78,88,119,85,41,109,8,24" hai1="70,110,59,122,135,98,130,46,71,131,132,56,2" hai2="63,39,55,47,19,65,57,5,10,66,26,23,104" hai3="87,106,105,48,40,75,18,22,113,120,3,42,35"/><T37/><D119/><U58/><E2/><V53/><F104/><W0/><G113/><T44/><D109/><U72/><E72/><V114/><F114/><W129/><G75/><T102/><D78/><U15/><E98/><V28/><F28/><W111/><G35/><T103/><REACH who="0" step="1"/><D8/><REACH who="0" ten="240,250,250,250" step="2"/><U101/><E110/><V13/><REACH who="2" step="1"/><F39/><REACH who="2" ten="240,250,240,250" step="2"/><W79/><G111/><T33/><D33/><U1/><E132/><V54/><F54/><W68/><G120/><T21/><D21/><U6/><E135/><V67/><F67/><W107/><G22/><T118/><D118/><U127/><E122/><V90/><F90/><AGARI ba="0,2" hai="24,30,32,37,41,44,85,88,90,93,95,99,102,103" machi="90" ten="30,5800,0" yaku="1,1,7,1,54,1,53,0" doraHai="17" doraHaiUra="45" who="0" fromWho="2" sc="240,78,250,0,240,-58,250,0" /><INIT seed="0,1,0,5,2,43" ten="318,250,182,250" oya="0" hai0="98,104,102,47,61,112,31,74,76,79,8,51,15" hai1="103,110,63,132,96,44,121,88,95,87,124,109,105" hai2="36,83,125,115,52,45,113,37,78,13,40,46,55" hai3="28,67,86,97,84,101,5,53,116,21,99,80,107"/><T49/><D112/><N who="2" m="43082" /><F13/><W18/><G116/><T72/><D31/><U135/><E63/><V73/><F83/><W58/><G67/><T134/><D134/><N who="1" m="51243" /><E44/><N who="2" m="23559" /><F78/><W11/><G28/><T128/><D128/><U9/><E9/><V75/><F75/><W38/><G38/><T93/><D61/><U22/><E22/><V118/><F73/><W60/><G99/><T127/><D104/><U126/><E121/><V108/><F118/><W10/><G80/><T68/><D79/><U120/><E120/><V14/><F14/><W77/><G77/><T48/><D76/><U81/><E81/><V20/><F20/><W117/><G11/><T71/><D74/><U6/><E6/><V131/><F131/><W29/><G29/><T23/><D23/><U1/><E1/><V62/><F108/><AGARI ba="1,0" hai="87,88,95,96,103,105,108,109,110,124,126" m="51243" machi="108" ten="30,8000,1" yaku="14,1,20,1,34,2,54,1" doraHai="43" who="1" fromWho="2" sc="318,0,250,83,182,-83,250,0" /><INIT seed="1,0,0,4,4,85" ten="318,333,99,250" oya="1" hai0="94,48,44,105,78,39,18,119,46,69,89,79,76" hai1="61,33,63,128,15,82,93,133,11,3,50,64,36" hai2="95,43,110,27,4,29,100,98,21,115,22,59,19" hai3="12,32,47,117,90,131,56,122,125,114,38,6,57"/><U124/><E36/><V86/><F115/><W118/><G32/><T35/><D119/><N who="3" m="45577" /><G114/><T135/><D69/><U9/><E124/><V37/><F110/><W13/><G122/><T123/><D105/><U1/><E33/><V70/><F70/><W88/><G125/><T2/><D2/><U17/><E133/><V126/><F126/><W30/><G30/><T72/><D72/><U81/><E128/><V20/><F4/><W132/><G132/><T113/><D35/><U34/><E34/><V103/><F103/><W106/><G106/><T116/><D116/><U74/><E50/><V92/><F43/><N who="3" m="23031" /><G13/><T87/><D113/><U108/><E108/><V80/><F37/><W121/><G131/><T99/><D123/><U28/><E28/><V83/><F59/><N who="3" m="22603" /><G121/><T42/><D135/><U62/><E64/><V53/><F53/><W67/><G67/><T129/><D129/><U66/><E66/><V102/><F22/><W101/><G101/><T68/><D68/><U73/><E15/><V23/><F23/><W5/><G5/><T7/><D7/><U104/><E104/><V54/><F102/><W45/><G45/><T49/><D39/><U96/><E63/><V52/><F80/><W91/><G91/><T107/><D107/><U16/><E93/><V112/><F92/><W58/><G58/><T8/><D8/><AGARI ba="0,0" hai="6,8,12,88,90" m="22603,23031,45577" machi="8" ten="30,7700,0" yaku="12,1,52,2,54,1" doraHai="85" who="3" fromWho="0" sc="318,-77,333,0,99,0,250,77" /><INIT seed="2,0,0,1,5,28" ten="241,333,99,327" oya="2" hai0="81,126,17,129,50,78,109,93,59,40,72,46,63" hai1="36,44,41,111,115,117,71,102,89,16,80,77,8" hai2="100,54,125,52,101,0,21,82,33,25,88,56,12" hai3="124,99,132,135,103,118,10,120,65,123,68,66,9"/><V62/><F0/><W32/><G118/><T3/><D109/><U42/><E117/><V114/><F114/><W64/><G68/><T83/><D126/><U122/><E115/><V31/><F125/><W39/><G39/><T1/><D129/><U43/><E71/><V19/><REACH who="2" step="1"/><F54/><REACH who="2" ten="241,333,89,327" step="2"/><W38/><G124/><T74/><D1/><U133/><E111/><V116/><F116/><W94/><G123/><T106/><D3/><U91/><E122/><V104/><F104/><W55/><G120/><T48/><D106/><U35/><E133/><V69/><F69/><W108/><G55/><T110/><D110/><U75/><E43/><V105/><F105/><W60/><G108/><T128/><D128/><U22/><E42/><V107/><F107/><W134/><G135/><T98/><D40/><U4/><E41/><V34/><F34/><W127/><G32/><T84/><D74/><U131/><E35/><V14/><F14/><W86/><G127/><T51/><D72/><U15/><E131/><V53/><F53/><W121/><G134/><T87/><D46/><U85/><E44/><V67/><F67/><W6/><G121/><T5/><D59/><U23/><E75/><V57/><F57/><W47/><G47/><T24/><D24/><U2/><E36/><V11/><F11/><W119/><G38/><T96/><D51/><U70/><E70/><V61/><F61/><W58/><G119/><T18/><D63/><U76/><E2/><V26/><F26/><W49/><G132/><T37/><D37/><U79/><E15/><V27/><F27/><W130/><G130/><RYUUKYOKU ba="0,1" sc="241,-10,333,-10,89,30,327,-10" hai2="12,19,21,25,31,33,52,56,62,82,88,100,101" /><INIT seed="2,1,1,3,4,92" ten="231,323,119,317" oya="2" hai0="97,68,48,61,122,108,125,133,104,85,39,130,70" hai1="86,74,22,100,91,19,23,123,29,32,78,37,12" hai2="36,109,18,134,49,80,45,31,121,33,82,62,52" hai3="4,119,46,75,118,28,20,96,115,101,30,128,63"/><V6/><F121/><W88/><G75/><T11/><D85/><U71/><E37/><V66/><F134/><W17/><G4/><T43/><D97/><U76/><E74/><V64/><F109/><W47/><G128/><T105/><D11/><U83/><E71/><V117/><F117/><W1/><G1/><T56/><D105/><U42/><E123/><V51/><F36/><W7/><G7/><T54/><D104/><U0/><E42/><N who="2" m="24759" /><F33/><W103/><G115/><T57/><D122/><U129/><E0/><V15/><F6/><W2/><G2/><T59/><D108/><U77/><E129/><V132/><F31/><N who="3" m="11819" /><G118/><T10/><D130/><U124/><E124/><V58/><F132/><W106/><G119/><T69/><D10/><U131/><E131/><V135/><F135/><W126/><G126/><T87/><D87/><U34/><E100/><N who="3" m="38474" /><G63/><T93/><D133/><U73/><E73/><V8/><F62/><W40/><G40/><T25/><D125/><U112/><E112/><V94/><F94/><N who="3" m="56391" /><G106/><T41/><D39/><U21/><E29/><V107/><F107/><W81/><G81/><AGARI ba="1,1" hai="8,15,18,51,52,58,64,66,80,81,82" m="24759" machi="81" ten="30,2900,0" yaku="8,1,54,1" doraHai="92" who="2" fromWho="3" sc="231,0,323,0,119,42,317,-32" /><INIT seed="2,2,0,2,1,89" ten="231,323,161,285" oya="2" hai0="129,19,7,40,23,115,14,88,53,79,117,25,69" hai1="47,42,46,38,35,107,15,130,75,74,99,28,83" hai2="4,113,126,33,3,70,17,52,11,121,63,127,39" hai3="134,1,96,13,94,31,6,36,49,77,112,106,91"/><V73/><F73/><W26/><G36/><T78/><D115/><U72/><E15/><V119/><F113/><W102/><G112/><T125/><D69/><U30/><E47/><V16/><F119/><W122/><G122/><T48/><D125/><N who="2" m="47626" /><F121/><W20/><G134/><T76/><D129/><U56/><E56/><N who="2" m="35207" /><F70/><W58/><G77/><T95/><D40/><U82/><E130/><V133/><F39/><W29/><G1/><T37/><D37/><U97/><E28/><V80/><F33/><W65/><G106/><T50/><D117/><U93/><E107/><V90/><F133/><W12/><G31/><T45/><D50/><U98/><E30/><V111/><F111/><W87/><G6/><T32/><D32/><U0/><E0/><V114/><F114/><W109/><G109/><T85/><D7/><U101/><E35/><V108/><F108/><W68/><G68/><T41/><D41/><U51/><E38/><V9/><F9/><W67/><G67/><T8/><D8/><U62/><E62/><V55/><F55/><N who="3" m="32111" /><G65/><T84/><D14/><U18/><E18/><V43/><F43/><W66/><G66/><T64/><D64/><U27/><E27/><V86/><AGARI ba="2,0" hai="3,4,11,16,17,80,86,90" m="35207,47626" machi="86" ten="30,6000,0" yaku="18,1,54,2" doraHai="89" who="2" fromWho="2" sc="231,-22,323,-22,161,66,285,-22" /><INIT seed="2,3,0,3,2,52" ten="209,301,227,263" oya="2" hai0="84,21,36,133,57,107,45,130,29,34,49,97,10" hai1="123,2,128,60,81,89,25,24,103,106,91,0,59" hai2="120,113,13,80,108,116,65,100,127,74,75,109,105" hai3="70,58,104,50,23,8,39,67,117,51,115,94,41"/><V20/><F113/><W114/><G104/><T9/><D34/><U37/><E37/><V93/><F116/><W68/><G117/><T40/><D130/><U1/><E128/><V76/><F65/><W35/><G23/><T53/><D133/><U55/><E123/><V14/><F120/><W126/><G8/><T69/><D69/><N who="3" m="26729" /><G94/><T56/><D84/><U30/><E81/><V43/><F43/><W85/><G85/><T98/><D57/><U86/><E86/><V62/><F62/><N who="3" m="38359" /><G126/><T27/><REACH who="0" step="1"/><D97/><REACH who="0" ten="199,301,227,263" step="2"/><U95/><E59/><V42/><F127/><W17/><G35/><T33/><D33/><U77/><E77/><V96/><F75/><W54/><G115/><T38/><D38/><U101/><E60/><V47/><F108/><W110/><G39/><T118/><D118/><U61/><E61/><V26/><F109/><W73/><G73/><T90/><D90/><U112/><E89/><V48/><REACH who="2" step="1"/><F93/><REACH who="2" ten="199,301,217,263" step="2"/><W78/><G110/><T122/><D122/><U82/><E95/><V124/><F124/><W46/><G114/><T119/><D119/><U3/><E112/><V87/><F87/><W125/><G125/><T64/><D64/><U22/><E106/><V71/><F71/><W18/><G78/><T32/><D32/><U7/><E82/><V15/><F15/><W83/><G83/><T102/><AGARI ba="3,2" hai="9,10,21,27,29,36,40,45,49,53,56,98,102,107" machi="102" ten="30,4000,0" yaku="1,1,0,1,52,1,53,0" doraHai="52" doraHaiUra="135" who="0" fromWho="0" sc="199,69,301,-13,217,-23,263,-13" /><INIT seed="3,0,0,1,2,90" ten="268,288,194,250" oya="3" hai0="102,12,1,78,33,95,62,46,56,94,15,47,128" hai1="42,91,85,60,121,123,84,26,37,48,43,130,44" hai2="13,51,27,34,3,18,38,30,23,9,131,64,31" hai3="54,96,127,77,110,45,61,6,74,10,63,68,80"/><W115/><G115/><T122/><D122/><U106/><E106/><V125/><F51/><W22/><G127/><T112/><D1/><U5/><E130/><V118/><F64/><W20/><G96/><T59/><D33/><U116/><E116/><V66/><F66/><W101/><G101/><T29/><D29/><U87/><E5/><N who="2" m="1215" /><F38/><W14/><G110/><T35/><D35/><U25/><E123/><V7/><F118/><W98/><G68/><T2/><D2/><U81/><E121/><V120/><F120/><W39/><G98/><T17/><D102/><U79/><E60/><V92/><F92/><W24/><G22/><T75/><D128/><U72/><REACH who="1" step="1"/><E91/><REACH who="1" ten="268,278,194,250" step="2"/><V69/><F131/><W86/><G63/><T113/><D62/><U132/><E132/><V88/><F88/><W19/><G61/><T11/><D113/><U124/><E124/><V41/><F69/><W76/><G6/><T93/><D112/><U70/><E70/><V111/><F125/><W83/><G80/><T52/><D95/><U32/><E32/><V58/><F111/><W50/><G83/><T53/><D94/><U105/><E105/><V71/><F71/><W16/><G39/><T103/><D93/><U40/><E40/><V36/><F36/><W89/><G74/><T65/><D103/><U4/><E4/><V119/><F119/><W129/><G129/><T28/><D75/><U135/><E135/><V104/><F41/><W21/><G10/><T100/><D11/><U73/><E73/><V126/><F126/><W114/><G114/><T134/><D134/><U107/><E107/><RYUUKYOKU ba="0,1" sc="268,-15,278,15,194,-15,250,15" hai1="25,26,37,42,43,44,48,72,79,81,84,85,87" hai3="14,16,19,20,21,24,45,50,54,76,77,86,89" /><INIT seed="3,1,1,4,1,87" ten="253,293,179,265" oya="3" hai0="28,33,60,17,99,132,100,107,84,18,135,124,56" hai1="123,29,25,10,125,98,11,134,76,41,79,68,67" hai2="59,122,63,92,6,61,7,95,3,70,12,57,111" hai3="22,88,71,2,39,32,66,75,114,69,15,49,103"/><W19/><G75/><T126/><D28/><U72/><E123/><V101/><F111/><W58/><G114/><T50/><D50/><U44/><E125/><N who="0" m="48233" /><D33/><U78/><E72/><V106/><F101/><W80/><G39/><T77/><D84/><U26/><E134/><N who="0" m="51241" /><D77/><U16/><E29/><V30/><F106/><W51/><G32/><T131/><D131/><U4/><E98/><V62/><F30/><W42/><G71/><T38/><D38/><U117/><E79/><V34/><F34/><W73/><G69/><T40/><D40/><U36/><E78/><V0/><F122/><W118/><G73/><T82/><D82/><U27/><E76/><V9/><F70/><W24/><G42/><T74/><D74/><U83/><E83/><V21/><F21/><W48/><G2/><T129/><D129/><U81/><E81/><V133/><F133/><W37/><G37/><T31/><D31/><U93/><E68/><V130/><F130/><W85/><G118/><T13/><D13/><U112/><E41/><V45/><F45/><W8/><G66/><AGARI ba="1,1" hai="17,18,56,60,66,99,100,107" m="51241,48233" machi="66" ten="30,2000,0" yaku="18,1,20,1" doraHai="87" who="0" fromWho="3" sc="253,33,293,0,179,0,265,-23" /><INIT seed="4,0,0,2,2,43" ten="286,293,179,242" oya="0" hai0="28,25,21,88,114,123,54,83,39,5,56,66,132" hai1="77,131,40,10,44,63,51,4,74,6,104,94,11" hai2="106,81,101,111,82,116,14,46,22,71,86,69,37" hai3="26,91,87,89,119,62,53,7,96,129,48,55,27"/><T65/><D123/><U107/><E131/><V110/><F116/><W70/><G129/><T59/><D39/><N who="1" m="21535" /><E94/><V0/><F0/><W29/><G119/><T112/><D132/><U24/><E24/><V127/><F127/><W35/><G7/><T9/><D83/><N who="1" m="45495" /><E63/><V45/><F37/><W97/><G55/><T134/><D88/><U98/><E51/><V41/><F41/><W133/><G91/><T60/><D134/><U61/><E61/><V47/><F86/><W84/><G87/><T109/><D109/><N who="2" m="41482" /><F101/><W18/><G133/><T72/><D72/><U93/><E93/><V34/><F14/><W67/><G18/><T92/><D92/><U17/><E17/><V52/><F52/><W75/><G75/><T128/><D128/><U118/><E118/><V121/><F121/><W113/><G27/><T124/><D124/><U79/><E79/><V64/><F64/><W12/><G12/><T68/><D66/><U30/><E30/><V19/><F106/><W102/><G102/><T105/><D105/><U23/><E98/><V117/><F117/><W115/><G97/><T15/><D54/><U135/><E135/><V13/><F34/><W2/><G96/><T130/><D130/><U42/><E42/><V8/><F22/><W1/><G2/><T100/><D100/><U126/><E23/><V90/><F90/><W33/><G1/><T31/><D31/><U50/><E126/><V120/><F120/><W38/><G33/><T76/><D76/><U57/><E107/><V36/><F36/><W16/><G38/><T125/><D125/><U73/><E104/><RYUUKYOKU ba="0,0" sc="286,15,293,-15,179,15,242,-15" hai0="5,9,15,21,25,28,56,59,60,65,68,112,114" hai2="8,13,19,45,46,47,69,71,81,82" owari="301,40.1,278,7.8,194,-30.6,227,-17.3" /></mjloggm>