<mjloggm ver="2.3"><GO type="225" lobby="0"/><UN n0="%72%69%6F%75%63%68%61%6E" n1="%E5%86%B7%E5%87%8D%E3%82%AE%E3%83%A7%E3%83%BC%E3%82%B6" n2="%28%EF%BF%A3%E2%96%BD%EF%BF%A3%29%CE%B4%E2%8C%92%E3%83%BB" n3="%E5%8D%A0%E3%81%84%E5%B8%AB%E8%A3%8F%E3%81%AA%E3%81%84%E3%81%97" dan="16,17,16,17" rate="2247.24,2222.10,2131.03,2153.05" sx="M,M,M,M"/><TAIKYOKU oya="0"/><INIT seed="0,0,0,5,3,39" ten="250,250,250,250" oya="0" hai0="122,78,123,98,48,32,36,24,20,95,68,104,81" hai1="114,52,85,72,115,83,55,135,22,53,57,103,124" hai2="11,116,9,94,93,101,47,1,14,10,64,38,4" hai3="18,17,80,28,19,42,117,43,107,74,90,33,49"/><T76/><D36/><U58/><E124/><V2/><F64/><W50/><G117/><T61/><D76/><U27/><E72/><V37/><F116/><W6/><G107/><T96/><D32/><U92/><E135/><V69/><F69/><W125/><G125/><T7/><D7/><U44/><E44/><V77/><F77/><W15/><G74/><T132/><D132/><U51/><E92/><V41/><F37/><W118/><G28/><T131/><D131/><U105/><E103/><V12/><F101/><W30/><G30/><T56/><D68/><U34/><E105/><V46/><F46/><W16/><G6/><T75/><D104/><U129/><E34/><V3/><REACH who="2" step="1"/><F4/><REACH who="2" ten="250,250,240,250" step="2"/><W121/><G118/><T60/><D123/><U128/><E129/><V82/><F82/><W21/><G121/><T8/><D122/><U62/><E128/><V87/><F87/><N who="3" m="50535" /><G33/><T73/><D75/><U70/><E70/><V65/><F65/><W99/><G99/><T106/><D98/><U5/><E5/><V29/><F29/><W89/><G89/><T112/><D106/><U113/><E85/><V79/><F79/><W40/><AGARI ba="0,1" hai="15,16,17,18,19,21,40,42,43,49,50" m="50535" machi="40" ten="30,8000,1" yaku="8,1,52,3,54,1" doraHai="39" who="3" fromWho="3" sc="250,-40,250,-20,240,-20,250,90" /><INIT seed="1,0,0,1,5,132" ten="210,230,220,340" oya="1" hai0="0,33,36,24,102,122,93,87,68,70,126,47,56" hai1="19,22,103,11,71,63,2,43,38,4,127,73,81" hai2="57,42,25,113,109,13,46,115,114,15,7,120,78" hai3="105,107,96,135,58,79,92,21,112,27,17,94,84"/><U37/><E103/><V59/><F120/><W18/><G112/><T60/><D0/><U133/><E133/><V90/><F109/><W123/><G123/><T134/><D134/><U130/><E130/><V91/><F78/><W28/><G135/><T41/><D122/><U69/><E63/><V83/><F25/><W110/><G110/><T100/><D126/><U62/><E62/><V82/><F7/><W85/><G79/><T75/><D75/><U118/><E118/><V52/><F42/><W99/><G27/><T77/><D102/><U23/><E127/><V29/><F46/><W8/><G21/><T89/><D100/><U34/><E34/><V12/><F29/><W26/><G26/><T129/><D129/><U111/><E111/><V51/><REACH who="2" step="1"/><F59/><REACH who="2" ten="210,230,210,340" step="2"/><W80/><G58/><T86/><D77/><N who="1" m="44207" /><E37/><V76/><F76/><W128/><G128/><T108/><D108/><U61/><E71/><V16/><F16/><W14/><G28/><T66/><D24/><U131/><E19/><V101/><F101/><W49/><G17/><T97/><REACH who="0" step="1"/><D33/><REACH who="0" ten="200,230,210,340" step="2"/><U55/><E131/><V121/><F121/><W106/><G106/><T45/><D45/><N who="1" m="23799" /><E69/><AGARI ba="0,2" hai="36,41,47,56,60,66,68,69,70,86,87,89,93,97" machi="69" ten="40,1300,0" yaku="1,1,53,0" doraHai="132" doraHaiUra="50" who="0" fromWho="1" sc="200,33,230,-13,210,0,340,0" /><INIT seed="2,0,0,5,3,43" ten="233,217,210,340" oya="2" hai0="122,120,35,98,67,76,103,77,74,41,33,3,47" hai1="69,123,89,37,94,104,38,115,78,26,14,60,56" hai2="107,126,133,124,97,42,36,109,28,23,27,129,113" hai3="66,127,125,128,86,130,81,0,12,93,55,30,85"/><V34/><F113/><W59/><G0/><T49/><D3/><U71/><E115/><V63/><F133/><W4/><G30/><T40/><D67/><U44/><E123/><V15/><F129/><N who="3" m="49771" /><G66/><T101/><D101/><U13/><E104/><V75/><F75/><W105/><G105/><T20/><D40/><U79/><E26/><V17/><F109/><W95/><G12/><T83/><D77/><U8/><E78/><V114/><F114/><W54/><G4/><T80/><D83/><U65/><E79/><V117/><F117/><W24/><G24/><T64/><D64/><U108/><E108/><V132/><F63/><N who="3" m="36343" /><G55/><T11/><D11/><U91/><E14/><V52/><F52/><W88/><G85/><T68/><D68/><U118/><E118/><V39/><F132/><W22/><G22/><T7/><D7/><U57/><E69/><V45/><REACH who="2" step="1"/><F36/><REACH who="2" ten="233,217,200,340" step="2"/><W10/><G125/><T62/><D62/><U16/><E38/><V96/><F96/><W110/><G127/><T119/><D119/><U121/><E121/><V73/><F73/><W32/><G110/><T51/><D51/><U46/><E37/><V19/><F19/><W50/><G50/><T112/><D112/><U106/><E71/><V116/><F116/><W90/><G86/><T1/><D122/><U9/><E60/><V135/><F135/><W61/><G61/><T5/><D120/><U87/><E65/><V58/><F58/><W99/><G99/><T2/><D98/><U111/><E57/><V70/><F70/><W21/><G81/><T72/><D74/><U100/><E111/><RYUUKYOKU ba="0,1" sc="233,-10,217,-10,200,30,340,-10" hai2="15,17,23,27,28,34,39,42,45,97,107,124,126" /><INIT seed="2,1,1,1,1,11" ten="223,207,230,330" oya="2" hai0="19,39,128,16,70,100,51,27,20,105,79,120,36" hai1="95,74,89,102,25,76,31,110,7,117,10,13,66" hai2="8,93,64,83,37,92,81,96,122,48,65,97,130" hai3="133,24,127,125,55,134,121,88,9,46,90,94,75"/><V44/><F37/><W109/><G109/><T63/><D120/><U45/><E117/><V77/><F122/><W80/><G121/><T116/><D116/><U98/><E110/><V123/><F123/><W87/><G9/><T47/><D128/><U67/><E74/><V118/><F118/><W112/><G24/><T115/><D115/><U129/><E76/><V131/><F8/><W26/><G26/><T99/><D79/><U72/><E72/><V126/><F77/><N who="3" m="44095" /><G112/><T73/><D73/><U113/><E129/><V56/><F56/><W12/><G12/><T108/><D108/><U32/><E113/><V0/><F48/><N who="3" m="29079" /><G90/><T53/><REACH who="0" step="1"/><D19/><REACH who="0" ten="213,207,230,330" step="2"/><U21/><E32/><V30/><F130/><W62/><G62/><T29/><D29/><U59/><E45/><V106/><F44/><W132/><AGARI ba="1,2" hai="87,88,94,125,127,132,133,134" m="29079,44095" machi="132" ten="40,2700,0" yaku="20,1,54,1" doraHai="11" who="3" fromWho="3" sc="213,-8,207,-8,230,-14,330,50" /><INIT seed="3,0,0,2,1,101" ten="205,199,216,380" oya="3" hai0="108,129,53,115,100,9,74,46,19,73,18,126,125" hai1="36,78,89,95,98,69,71,29,24,15,4,63,68" hai2="45,79,11,57,16,112,44,39,47,59,130,113,102" hai3="103,28,66,80,132,72,38,120,91,51,30,114,8"/><W118/><G91/><T0/><D108/><U7/><E36/><V94/><F39/><W97/><G51/><N who="0" m="28919" /><D129/><U41/><E41/><V35/><F35/><W131/><G8/><T55/><D115/><U84/><E63/><V76/><F130/><W70/><G80/><T10/><D100/><U65/><E65/><V92/><F113/><W60/><G28/><T25/><D55/><U106/><E15/><N who="2" m="7295" /><F112/><W105/><G118/><T58/><D58/><N who="2" m="22026" /><F102/><W116/><G116/><T86/><D86/><U54/><E54/><V5/><F5/><W81/><G132/><T43/><D43/><U77/><E106/><V50/><F50/><W27/><G120/><T99/><D0/><U52/><E52/><V85/><F85/><W133/><G114/><T56/><D56/><U90/><E4/><V1/><F1/><W14/><G14/><N who="0" m="7503" /><D10/><U2/><E7/><V128/><F128/><W40/><G131/><T127/><D99/><U75/><E75/><V42/><F42/><W123/><G123/><T110/><D110/><U23/><REACH who="1" step="1"/><E2/><REACH who="1" ten="205,189,216,380" step="2"/><V3/><F3/><W37/><G40/><T62/><D62/><U64/><E64/><V21/><F21/><AGARI ba="0,1" hai="19,21,25,73,74,125,126,127" m="7503,28919" machi="21" ten="30,1000,0" yaku="18,1" doraHai="101" who="0" fromWho="2" sc="205,20,189,0,216,-10,380,0" owari="225,2.5,189,-31.1,206,-19.4,380,48.0" /></mjloggm>