<mjloggm ver="2.3"><GO type="225" lobby="0"/><UN n0="%E3%83%B4%E3%83%A0%EF%BC%99%E3%81%A6" n1="%E3%81%AF%E3%81%84%E3%81%A6%E3%82%93%E3%81%BC%E3%83%BC" n2="%E3%81%86%E3%81%A9%E3%82%93%E3%81%93" n3="%72%61%6B%33" dan="17,16,16,16" rate="2186.45,2144.15,2152.66,2170.40" sx="M,M,M,M"/><TAIKYOKU oya="0"/><INIT seed="0,0,0,1,2,83" ten="250,250,250,250" oya="0" hai0="135,47,89,76,28,124,93,119,131,101,88,51,96" hai1="71,40,127,46,121,59,75,92,132,55,52,81,6" hai2="87,111,82,48,38,12,43,126,133,29,49,30,100" hai3="62,0,15,23,42,18,27,32,21,53,80,85,66"/><T60/><D119/><U69/><E121/><V112/><F112/><W10/><G42/><T130/><D135/><U37/><E92/><V128/><F133/><W65/><G32/><T122/><D122/><U72/><E132/><V3/><F3/><W63/><G0/><T77/><D28/><U116/><E75/><V57/><F128/><N who="0" m="49194" /><D60/><N who="3" m="23081" /><G53/><N who="0" m="29951" /><D124/><U58/><E6/><V13/><F38/><W102/><G102/><T79/><AGARI ba="0,0" hai="76,77,79,88,89,93,96,101" m="29951,49194" machi="79" ten="30,3000,0" yaku="19,1,54,1" doraHai="83" who="0" fromWho="0" sc="250,30,250,-10,250,-10,250,-10" /><INIT seed="0,1,0,1,4,70" ten="280,240,240,240" oya="0" hai0="90,123,18,84,19,60,131,8,17,73,101,63,49" hai1="55,92,133,98,46,12,42,37,105,91,128,52,32" hai2="3,9,95,79,50,13,4,120,75,110,25,104,54" hai3="125,99,5,35,6,51,40,96,115,66,107,59,53"/><T7/><D123/><U134/><E32/><V69/><F104/><W28/><G115/><T48/><D73/><U47/><E128/><V33/><F120/><W62/><G125/><T67/><D101/><U119/><E119/><V85/><F69/><W108/><G108/><T112/><D131/><U93/><E105/><V116/><F110/><W121/><G121/><T61/><D67/><U127/><E127/><V83/><F116/><W94/><G40/><T57/><D57/><U43/><E12/><V80/><F95/><W97/><G94/><T102/><D102/><U65/><E65/><V111/><F111/><W44/><REACH who="3" step="1"/><G107/><REACH who="3" ten="280,240,240,230" step="2"/><T64/><D112/><U109/><E109/><V71/><F83/><W11/><G11/><T26/><D64/><U88/><E98/><V29/><F71/><W135/><G135/><T130/><D130/><U20/><E20/><V89/><F3/><W0/><G0/><T117/><D117/><U45/><E45/><V103/><F103/><W41/><G41/><T68/><D68/><U1/><E1/><V27/><F33/><W58/><G58/><T78/><D26/><AGARI ba="1,1" hai="5,6,26,28,35,44,51,53,59,62,66,96,97,99" machi="26" ten="40,1300,0" yaku="1,1,53,0" doraHai="70" doraHaiUra="77" who="3" fromWho="0" sc="280,-16,240,0,240,0,230,26" /><INIT seed="1,0,0,2,5,98" ten="264,240,240,256" oya="1" hai0="94,95,82,96,76,127,39,63,8,111,85,128,31" hai1="5,87,42,56,47,99,91,64,30,107,73,43,37" hai2="51,83,80,22,38,2,133,27,108,20,65,112,84" hai3="3,44,121,66,77,57,70,92,34,89,1,103,28"/><U110/><E73/><V86/><F38/><W90/><G121/><T14/><D39/><U29/><E42/><V100/><F108/><W62/><G77/><T122/><D111/><U67/><E5/><V48/><F2/><W59/><G44/><T7/><D122/><U101/><E110/><V0/><F0/><W78/><G78/><T52/><D127/><U81/><REACH who="1" step="1"/><E56/><REACH who="1" ten="264,230,240,256" step="2"/><V114/><F133/><W53/><G57/><N who="0" m="35239" /><D128/><U60/><E60/><V17/><F112/><W117/><G59/><T36/><D36/><U130/><E130/><V120/><F114/><W132/><G132/><T21/><D96/><U23/><E23/><V32/><F22/><W13/><G62/><T134/><D134/><U45/><E45/><V116/><F120/><W54/><G34/><T88/><D76/><U113/><E113/><V135/><F116/><W125/><G117/><T49/><D49/><U26/><E26/><AGARI ba="0,1" hai="7,8,14,21,26,31,82,85,88,94,95" m="35239" machi="26" ten="30,3900,0" yaku="8,1,54,2" doraHai="98" who="0" fromWho="1" sc="264,49,230,-39,240,0,256,0" /><INIT seed="2,0,0,5,5,31" ten="313,191,240,256" oya="2" hai0="80,6,74,42,112,10,84,57,3,129,131,41,98" hai1="87,128,34,12,99,65,0,49,126,1,66,86,70" hai2="121,68,52,63,26,133,67,72,76,56,73,123,93" hai3="111,43,16,82,97,109,40,25,24,51,113,116,15"/><V47/><F133/><W17/><G116/><T115/><D74/><U9/><E128/><N who="0" m="49225" /><D98/><U114/><E114/><N who="0" m="43561" /><D57/><U20/><E126/><V119/><F119/><W19/><G113/><T11/><D10/><U90/><E99/><V23/><F47/><W5/><G82/><T39/><D39/><U117/><E117/><V4/><F4/><W96/><G51/><T81/><D81/><U29/><E70/><V8/><F8/><W2/><G15/><T75/><D75/><U83/><E0/><V27/><F27/><W89/><G5/><T77/><AGARI ba="0,0" hai="3,6,11,41,42,77,80,84" m="43561,49225" machi="77" ten="30,1100,0" yaku="19,1" doraHai="31" who="0" fromWho="0" sc="313,11,191,-3,240,-5,256,-3" /><INIT seed="3,0,0,1,3,113" ten="324,188,235,253" oya="3" hai0="32,22,114,131,127,112,109,0,54,118,70,128,4" hai1="120,97,58,76,3,38,5,59,29,75,46,40,122" hai2="14,2,124,26,9,12,65,80,78,63,36,94,37" hai3="77,60,68,35,39,104,53,64,102,74,108,121,119"/><W98/><G121/><T45/><D32/><U101/><E29/><V110/><F110/><W105/><G53/><T25/><D109/><U15/><E15/><V88/><F2/><W61/><G61/><T13/><D118/><U82/><E59/><V34/><F124/><W95/><G108/><T52/><D70/><U23/><E58/><V49/><F49/><W31/><G119/><T90/><D0/><U117/><E23/><V130/><F130/><N who="0" m="49706" /><D90/><U43/><E43/><V132/><F132/><W133/><G133/><T115/><D127/><U30/><E30/><V24/><F37/><W16/><G39/><T33/><D33/><U18/><E18/><V48/><F48/><W6/><G6/><T86/><D86/><U21/><E21/><V134/><F36/><W83/><G16/><N who="0" m="12487" /><D45/><U11/><E117/><V42/><F14/><W44/><G44/><T106/><D106/><AGARI ba="0,0" hai="3,5,11,38,40,46,75,76,82,97,101,106,120,122" machi="106" ten="30,8000,1" yaku="7,1,25,2,23,2" doraHai="113" who="1" fromWho="0" sc="324,-80,188,80,235,0,253,0" /><INIT seed="4,0,0,0,1,127" ten="244,268,235,253" oya="0" hai0="96,119,73,86,59,113,92,2,129,106,44,58,47" hai1="64,76,14,21,120,61,57,124,30,8,131,107,115" hai2="132,12,19,70,123,75,31,94,72,95,85,125,134" hai3="101,109,91,24,6,103,128,50,48,80,83,51,97"/><T63/><D119/><U40/><E120/><V69/><F31/><W43/><G128/><T105/><D73/><N who="2" m="28234" /><F123/><W10/><G109/><T98/><D2/><U52/><E107/><V0/><F0/><W102/><G43/><T22/><D113/><U27/><E115/><V67/><F125/><W68/><G68/><N who="2" m="26217" /><F85/><W81/><G24/><T116/><D116/><U11/><E124/><V114/><F114/><W100/><N who="3" m="25600" /><DORA hai="35" /><W9/><G6/><T26/><D129/><U5/><E131/><V130/><F130/><W118/><G118/><T46/><D105/><U28/><E76/><V38/><F67/><W17/><G17/><T49/><D49/><U74/><E74/><V71/><N who="2" m="26225" /><V111/><DORA hai="34" /><F111/><W36/><G36/><T23/><D23/><U41/><E30/><V89/><F38/><W53/><G53/><T82/><D106/><U55/><E8/><V117/><F117/><W77/><G77/><N who="0" m="46415" /><D92/><AGARI ba="0,0" hai="9,10,48,50,51,80,81,83,91,92,97" m="25600" machi="92" ten="60,7700,0" yaku="29,2,8,1" doraHai="127,35,34" who="3" fromWho="0" sc="244,-77,268,0,235,0,253,77" owari="167,-33.3,268,6.8,235,-16.5,330,43.0" /></mjloggm>