<mjloggm ver="2.3"><GO type="225" lobby="0"/><UN n0="%E7%B4%94%E6%BD%94%E3%83%94%E3%83%A9%E3%83%8B%E3%82%A2" n1="%E3%81%99%E3%81%84%E3%81%BE%E3%81%9B%E3%83%BC%E3%82%93" n2="%72%65%6E%6B%75%6E" n3="%33%74%72%65%65" dan="17,18,17,16" rate="2237.77,2182.53,2188.94,2112.35" sx="M,M,M,F"/><TAIKYOKU oya="0"/><INIT seed="0,0,0,0,2,105" ten="250,250,250,250" oya="0" hai0="36,56,123,18,110,114,80,76,40,44,95,2,134" hai1="101,74,125,62,31,7,10,91,115,129,96,60,135" hai2="38,106,34,83,22,48,118,120,131,37,42,133,94" hai3="3,1,65,104,14,102,20,73,24,88,119,70,85"/><T130/><D114/><U71/><E115/><V8/><F106/><W112/><G112/><T69/><D123/><U57/><E125/><V75/><F34/><W53/><G119/><T33/><D69/><U61/><E129/><V0/><F120/><W12/><G73/><T59/><D130/><U92/><E135/><V111/><F94/><W27/><G70/><T30/><D134/><U81/><E71/><V9/><F22/><W28/><G65/><T82/><D82/><U116/><E31/><V35/><F35/><W103/><G1/><T26/><D110/><U45/><E45/><V6/><F111/><W100/><G3/><T52/><D2/><U113/><E116/><V98/><F98/><W23/><G53/><T99/><D18/><U126/><E126/><V15/><F118/><W19/><REACH who="3" step="1"/><G104/><REACH who="3" ten="250,250,250,240" step="2"/><T50/><D56/><U29/><E113/><V54/><F131/><W121/><G121/><T21/><D33/><U66/><E74/><V77/><F133/><W32/><G32/><T122/><D122/><U84/><E29/><V86/><F75/><W127/><G127/><T72/><D95/><AGARI ba="0,1" hai="12,14,19,20,23,24,27,28,85,88,95,100,102,103" machi="95" ten="40,8000,1" yaku="1,1,8,1,54,1,53,2" doraHai="105" doraHaiUra="17" who="3" fromWho="0" sc="250,-80,250,0,250,0,240,90" /><INIT seed="1,0,0,4,5,83" ten="170,250,250,330" oya="1" hai0="110,107,134,94,87,128,44,102,120,2,89,64,38" hai1="53,34,22,20,31,71,42,99,30,27,135,77,95" hai2="133,62,124,25,122,6,96,118,54,98,85,127,90" hai3="51,37,79,112,108,93,78,55,68,52,114,32,117"/><U67/><E135/><V109/><F122/><W63/><G108/><T17/><D110/><U58/><E42/><V18/><F109/><W49/><G32/><T72/><D128/><U60/><E77/><V92/><F118/><W111/><G111/><T23/><D134/><U104/><E31/><V80/><F133/><W82/><G37/><T26/><D72/><U19/><E19/><V21/><F6/><W121/><G121/><T84/><D120/><U10/><E10/><V65/><F54/><W40/><G40/><T59/><D2/><U35/><E35/><V56/><REACH who="2" step="1"/><F98/><REACH who="2" ten="170,250,240,330" step="2"/><W36/><G52/><T33/><D44/><U132/><E132/><V4/><F4/><W100/><G117/><T66/><D33/><U88/><REACH who="1" step="1"/><E104/><REACH who="1" ten="170,240,240,330" step="2"/><V91/><AGARI ba="0,2" hai="18,21,25,56,62,65,80,85,90,91,92,96,124,127" machi="91" ten="30,4000,0" yaku="1,1,0,1,52,1,53,0" doraHai="83" doraHaiUra="105" who="2" fromWho="2" sc="170,-10,240,-20,240,60,330,-10" /><INIT seed="2,0,0,2,5,100" ten="160,220,300,320" oya="2" hai0="21,28,22,74,63,73,97,33,50,77,12,70,49" hai1="44,86,127,78,46,62,110,53,20,101,69,67,130" hai2="116,30,59,114,26,4,126,58,108,13,14,90,129" hai3="54,121,45,38,79,83,87,75,1,118,122,131,133"/><V96/><F114/><W125/><G118/><T35/><D77/><U17/><E127/><V23/><F116/><W37/><G125/><T24/><D97/><U15/><E110/><V60/><F126/><W3/><G133/><T11/><D63/><U2/><E130/><V113/><F108/><W65/><G131/><T111/><D111/><U128/><E128/><V57/><F129/><W93/><G65/><T68/><D12/><U88/><E2/><V106/><F113/><W43/><G38/><T48/><D11/><U124/><E124/><V72/><F72/><W81/><G93/><T47/><D47/><U27/><E78/><V104/><F4/><W6/><G54/><T102/><D102/><U36/><E101/><V82/><F60/><W132/><G132/><T109/><D109/><U7/><E36/><V0/><F0/><W32/><G32/><T89/><D89/><U56/><E69/><V25/><F25/><W105/><G105/><T85/><D85/><U29/><E67/><V55/><F55/><W84/><G3/><T64/><D64/><U103/><E103/><V19/><F13/><W120/><G81/><T94/><D94/><N who="1" m="54551" /><E7/><V42/><F42/><W112/><G112/><T9/><D9/><AGARI ba="0,0" hai="9,15,17,20,27,29,44,46,53,56,62" m="54551" machi="9" ten="30,2000,0" yaku="8,1,54,1" doraHai="100" who="1" fromWho="0" sc="160,-20,220,20,300,0,320,0" /><AGARI ba="0,0" hai="1,6,9,37,43,45,75,79,83,84,87,120,121,122" machi="9" ten="40,2600,0" yaku="25,2" doraHai="100" who="3" fromWho="0" sc="140,-26,240,0,300,0,320,26" /><INIT seed="3,0,0,3,0,91" ten="114,240,300,346" oya="3" hai0="107,76,11,25,116,96,47,62,30,99,69,9,2" hai1="4,34,72,36,94,120,3,111,19,134,101,126,18" hai2="56,20,109,70,110,83,7,38,75,114,81,85,23" hai3="13,17,60,39,127,50,58,92,28,42,49,57,105"/><W87/><G105/><T1/><D47/><U5/><E36/><V97/><F70/><W86/><G127/><T130/><D76/><U121/><E72/><V43/><F7/><W93/><G28/><T22/><D69/><U21/><E34/><V119/><F119/><W66/><G39/><T125/><D62/><U26/><E126/><V113/><F43/><W27/><G27/><T44/><D44/><U80/><E80/><V98/><F38/><W131/><G131/><T24/><D125/><U108/><E134/><V102/><F56/><W95/><G42/><T103/><D103/><U78/><E78/><N who="2" m="44255" /><F23/><N who="3" m="11695" /><G50/><T73/><D73/><U89/><E101/><V128/><F20/><W53/><AGARI ba="0,0" hai="49,53,57,58,60,66,86,87,92,93,95" m="11695" machi="53" ten="30,11700,0" yaku="8,1,52,3" doraHai="91" who="3" fromWho="3" sc="114,-39,240,-39,300,-39,346,117" owari="75,-42.5,201,-19.9,261,6.1,463,56.3" /></mjloggm>