<mjloggm ver="2.3"><GO type="225" lobby="0"/><UN n0="%70%68%65%6E%6F%6D%65" n1="%E9%80%9F%E6%B0%B4%E5%87%9B%E9%A6%99" n2="%E2%91%A3%E9%81%BF%E9%81%8A%E6%88%AF%E3%80%90%E6%9D%B1%E5%8D%97%E3%80%91" n3="%E3%81%95%E3%81%8D%E3%81%9F%E3%81%BE%E6%9E%97%E6%AA%8E" dan="17,16,16,16" rate="2205.90,2115.92,2107.69,2101.47" sx="M,F,M,M"/><TAIKYOKU oya="0"/><INIT seed="0,0,0,1,5,49" ten="250,250,250,250" oya="0" hai0="40,80,75,108,130,83,38,103,15,21,89,37,62" hai1="32,128,131,72,111,102,14,114,59,23,18,66,116" hai2="69,87,88,6,104,92,19,118,39,94,29,25,46" hai3="77,65,5,70,97,44,68,55,81,133,67,79,109"/><T127/><D127/><U125/><E32/><V110/><F110/><W9/><G109/><T96/><D108/><U95/><E72/><V33/><F118/><W58/><G133/><T4/><D130/><U7/><E111/><V90/><F104/><W100/><G44/><T12/><D40/><U51/><E116/><V84/><F69/><W43/><G43/><T74/><D62/><U76/><E76/><V91/><F6/><W57/><G57/><T22/><D4/><U117/><E117/><V28/><F91/><W61/><G70/><T0/><D96/><U78/><E78/><V112/><F112/><W3/><G68/><T2/><REACH who="0" step="1"/><D89/><REACH who="0" ten="240,250,250,250" step="2"/><U124/><E114/><V16/><F29/><W52/><G79/><T64/><D64/><U53/><E7/><V105/><F105/><W85/><G67/><T134/><D134/><U50/><E66/><V121/><F121/><W24/><G24/><T82/><D82/><U10/><E51/><V73/><F73/><W41/><G41/><AGARI ba="0,1" hai="16,19,25,28,33,39,41,46,84,87,88,90,92,94" machi="41" ten="40,5200,0" yaku="9,1,54,2" doraHai="49" who="2" fromWho="3" sc="240,0,250,0,250,62,250,-52" /><INIT seed="1,0,0,0,0,73" ten="240,250,312,198" oya="1" hai0="64,9,116,5,119,7,47,34,20,17,120,45,125" hai1="23,83,87,118,28,14,43,117,126,124,94,134,16" hai2="88,90,127,51,36,131,132,2,15,128,66,10,107" hai3="72,26,48,31,97,57,70,71,115,41,18,79,104"/><U56/><E43/><V44/><F36/><W22/><G115/><T95/><D34/><U60/><E28/><V98/><F2/><W129/><G129/><T59/><D125/><N who="1" m="48235" /><E94/><V78/><F66/><W121/><G121/><T106/><D106/><U42/><E42/><V8/><F8/><W19/><G104/><T67/><D95/><U89/><E134/><V93/><F107/><W103/><G71/><T11/><D59/><U100/><E100/><V52/><F132/><W122/><G70/><T50/><D20/><U109/><E109/><V110/><F110/><W35/><G122/><T63/><D50/><U112/><E112/><V38/><F38/><W96/><G103/><T75/><D120/><U85/><E85/><V74/><F90/><W68/><G68/><T133/><D75/><U53/><AGARI ba="0,0" hai="14,16,23,53,56,60,83,87,89,117,118" m="48235" machi="53" ten="30,3000,0" yaku="18,1,54,1" doraHai="73" who="1" fromWho="1" sc="240,-10,250,30,312,-10,198,-10" /><INIT seed="1,1,0,5,2,84" ten="230,280,302,188" oya="1" hai0="13,57,116,70,118,110,93,51,105,18,30,130,95" hai1="46,14,117,62,59,97,103,9,101,83,21,19,40" hai2="26,79,100,114,89,54,17,58,37,126,72,20,24" hai3="52,23,6,66,2,106,1,5,107,135,111,77,31"/><U134/><E117/><V63/><F126/><W115/><G115/><T44/><D70/><U82/><E134/><V15/><F114/><W55/><G77/><T28/><D105/><U0/><E0/><V125/><F125/><W131/><G66/><T7/><D7/><U73/><E73/><V50/><F37/><W80/><G80/><T64/><D110/><U4/><E103/><V71/><F100/><W120/><G120/><T94/><D130/><U67/><E46/><V104/><F104/><W61/><G111/><T68/><D68/><U65/><E40/><V133/><F133/><W78/><G78/><T39/><D39/><U47/><E47/><V16/><F79/><W85/><G135/><T42/><D116/><U53/><E83/><V88/><F72/><W49/><G131/><T102/><D102/><U11/><E82/><V35/><F35/><W3/><G107/><T132/><D118/><U81/><E81/><V99/><F99/><W12/><G85/><T25/><D25/><U119/><E119/><V22/><F15/><W122/><G122/><T69/><D69/><U29/><E29/><V60/><F71/><W108/><G108/><T121/><D121/><U10/><E4/><V74/><F74/><W113/><G113/><T112/><D112/><U109/><E109/><V45/><F63/><W98/><G106/><T129/><D129/><U128/><E128/><V123/><F123/><W38/><G3/><T48/><D132/><U41/><E41/><AGARI ba="1,0" hai="16,17,20,22,24,26,41,45,50,54,58,60,88,89" machi="41" ten="30,12000,2" yaku="7,1,9,1,8,1,52,2,54,2" doraHai="84" who="2" fromWho="1" sc="230,0,280,-123,302,123,188,0" /><INIT seed="2,0,0,0,3,99" ten="230,157,425,188" oya="2" hai0="90,92,107,89,0,57,125,94,62,63,133,58,19" hai1="96,113,31,88,83,5,15,32,98,120,6,44,109" hai2="127,108,54,14,112,26,65,95,23,30,75,7,126" hai3="28,68,47,22,76,52,118,17,97,56,102,59,117"/><V134/><F75/><W64/><G68/><T50/><D107/><U41/><E113/><V24/><F112/><W121/><G121/><T46/><D0/><U8/><E120/><V3/><F65/><W9/><G76/><T51/><D125/><U49/><E109/><V122/><F54/><W110/><G110/><T131/><D19/><U77/><E5/><V84/><F95/><W106/><G28/><T72/><D72/><U39/><E39/><V10/><F84/><W73/><G73/><T115/><D46/><U128/><E128/><V38/><F38/><W66/><G9/><T87/><D115/><U25/><REACH who="1" step="1"/><E88/><REACH who="1" ten="230,147,425,188" step="2"/><V27/><F122/><W78/><G118/><T116/><D131/><U105/><E105/><V100/><F108/><W93/><G117/><T45/><D116/><U37/><E37/><V79/><F127/><W69/><G106/><T16/><D90/><U48/><E48/><V43/><F126/><W40/><G78/><T20/><D51/><U35/><E35/><V2/><F79/><W61/><G69/><T36/><D36/><U4/><E4/><V104/><F104/><W85/><G85/><AGARI ba="0,1" hai="6,8,15,25,31,32,41,44,49,77,83,85,96,98" machi="85" ten="30,7700,0" yaku="1,1,7,1,25,2,53,0" doraHai="99" doraHaiUra="13" who="1" fromWho="3" sc="230,0,147,87,425,0,188,-77" /><INIT seed="3,0,0,4,1,96" ten="230,234,425,111" oya="3" hai0="127,103,68,66,43,84,105,101,134,30,72,70,116" hai1="121,55,92,135,77,128,12,129,48,112,27,50,117" hai2="93,52,22,28,8,39,75,37,18,5,16,40,83" hai3="21,86,1,2,4,31,61,110,38,132,9,71,46"/><W32/><G132/><T89/><D72/><U108/><E77/><V80/><F28/><W10/><G86/><T6/><D116/><U29/><E117/><V45/><F39/><W63/><G21/><T23/><D127/><U107/><E107/><V74/><F18/><W11/><G110/><T35/><D35/><U87/><E112/><V44/><F93/><W113/><G113/><T57/><D134/><U33/><E121/><V78/><F83/><W104/><G104/><T62/><D6/><U131/><E135/><V69/><F69/><W20/><G20/><T114/><D43/><U65/><E65/><V88/><F75/><W120/><G120/><T49/><D114/><U126/><E126/><V47/><F88/><W100/><G100/><T51/><D68/><U94/><E108/><V19/><F19/><W42/><G71/><T82/><D105/><U34/><E50/><N who="0" m="18953" /><D70/><U119/><E119/><V54/><F44/><W60/><REACH who="3" step="1"/><G4/><REACH who="3" ten="230,234,425,101" step="2"/><T64/><D64/><U90/><E33/><V99/><F22/><W14/><G14/><T115/><D115/><U59/><E12/><V24/><F5/><W15/><G15/><T36/><D36/><U26/><E26/><AGARI ba="0,1" hai="1,2,9,10,11,26,31,32,38,42,46,60,61,63" machi="26" ten="40,2000,0" yaku="1,1,53,0" doraHai="96" doraHaiUra="118" who="3" fromWho="1" sc="230,0,234,-20,425,0,101,30" /><AGARI ba="0,0" hai="23,26,30,57,62,66,82,84,89,101,103" m="18953" machi="26" ten="30,3900,0" yaku="8,1,52,2" doraHai="96" who="0" fromWho="1" sc="230,39,214,-39,425,0,131,0" /><INIT seed="3,1,0,4,3,128" ten="269,175,425,131" oya="3" hai0="14,4,98,33,116,59,90,85,93,55,8,54,40" hai1="103,115,50,65,0,127,104,81,122,6,99,113,58" hai2="41,96,42,129,79,22,87,112,92,29,32,31,27" hai3="26,106,126,133,47,56,19,111,23,91,12,45,28"/><W34/><G126/><T20/><D116/><U94/><E122/><V57/><F112/><W84/><G106/><T114/><D33/><U2/><E127/><V100/><F129/><W69/><G69/><T125/><D114/><U102/><E81/><V77/><F29/><W53/><G133/><T44/><D125/><U17/><E17/><V18/><F57/><W66/><G66/><T67/><D20/><U97/><E6/><V109/><F109/><W123/><G123/><T46/><D67/><U51/><E65/><V1/><F1/><W80/><REACH who="3" step="1"/><G111/><REACH who="3" ten="269,175,425,121" step="2"/><T61/><D40/><U120/><E120/><V75/><F42/><W89/><G89/><N who="0" m="55599" /><D55/><U9/><E104/><V121/><F41/><W62/><AGARI ba="1,1" hai="12,19,23,26,28,34,45,47,53,56,62,80,84,91" machi="62" ten="20,12000,1" yaku="1,1,0,1,7,1,53,2" doraHai="128" doraHaiUra="43" who="3" fromWho="3" sc="269,-41,175,-41,425,-41,121,133" /><INIT seed="3,2,0,2,1,98" ten="228,134,384,254" oya="3" hai0="87,64,46,54,88,112,47,116,12,125,108,89,72" hai1="95,101,102,109,29,65,10,51,67,20,68,8,42" hai2="1,104,78,103,80,40,132,62,14,13,92,121,111" hai3="0,24,76,86,90,9,114,124,75,44,91,110,28"/><W43/><G114/><T31/><D72/><U37/><E37/><V39/><F104/><W38/><G124/><T32/><D116/><U41/><E68/><V120/><F1/><W134/><G134/><T127/><D108/><U45/><E109/><V119/><F132/><W60/><G110/><T123/><D123/><U130/><E130/><V58/><F119/><W49/><G49/><T19/><D64/><U17/><E29/><V84/><F111/><W70/><G86/><T52/><D31/><U82/><E82/><V129/><F129/><W26/><G26/><T122/><D32/><U16/><E95/><V117/><F117/><W63/><G63/><T33/><D33/><U128/><E128/><V21/><F21/><W74/><G74/><T94/><D89/><U99/><E99/><N who="2" m="59879" /><F40/><W3/><G3/><T30/><D30/><U93/><E93/><V79/><F79/><W126/><G126/><N who="0" m="48139" /><D122/><N who="2" m="47210" /><F39/><W71/><G76/><T25/><D25/><U59/><E59/><V106/><F106/><W55/><G71/><T77/><D77/><U4/><E4/><V5/><F5/><N who="3" m="1191" /><G70/><T115/><D47/><U7/><E7/><V36/><F36/><W11/><G75/><T100/><D100/><N who="1" m="38507" /><E41/><V48/><F48/><W35/><G43/><T56/><D56/><U27/><E8/><V66/><AGARI ba="2,0" hai="13,14,58,62,66,78,80,84" m="47210,59879" machi="66" ten="30,2000,0" yaku="13,1,52,1" doraHai="98" who="2" fromWho="2" sc="228,-7,134,-7,384,26,254,-12" owari="221,-17.9,127,-37.3,410,51.0,242,4.2" /></mjloggm>