<mjloggm ver="2.3"><GO type="225" lobby="0"/><UN n0="%6D%75%75%6D%75%72%61" n1="%E7%A7%8B%E6%9C%88%E7%9C%9F%E7%90%86%E4%BA%9E" n2="%E5%AF%82%E5%AF%9E%E3%82%AE%E3%83%8D%E3%82%B9%E3%83%93%E3%83%BC%E3%83%AB" n3="%E9%89%A2%E5%B7%BB%E3%82%AC%E3%83%96" dan="16,16,16,16" rate="2217.30,2134.91,2137.71,2056.66" sx="F,F,M,M"/><TAIKYOKU oya="0"/><INIT seed="0,0,0,3,2,36" ten="250,250,250,250" oya="0" hai0="13,6,28,119,85,39,69,23,77,48,58,45,132" hai1="27,123,129,115,10,134,41,114,16,130,100,47,12" hai2="75,105,96,46,51,70,38,104,62,3,95,44,99" hai3="90,63,78,87,66,118,128,30,35,7,103,121,92"/><T19/><D119/><U117/><E100/><V40/><F75/><W50/><G118/><T1/><D69/><U125/><E117/><V29/><F3/><W37/><G37/><T74/><D132/><U56/><E123/><V76/><F76/><W26/><G128/><N who="1" m="49258" /><E125/><V102/><F29/><W116/><G116/><T101/><D74/><U91/><E134/><V5/><F5/><W72/><G7/><T120/><D120/><U59/><E91/><V68/><F62/><W9/><G9/><T18/><D39/><N who="1" m="21951" /><E27/><V86/><F86/><W135/><G135/><T111/><D111/><U109/><E109/><V93/><F105/><W89/><G121/><T97/><D28/><U84/><E84/><V32/><F32/><W11/><G90/><T34/><D34/><U55/><E59/><V131/><F131/><W24/><G103/><T71/><D71/><U54/><E54/><V21/><F104/><W67/><G78/><T14/><D58/><U126/><E126/><V133/><F133/><W82/><G82/><T15/><D85/><U17/><E17/><V25/><F96/><W49/><G72/><T79/><D19/><U42/><E42/><N who="2" m="24983" /><F93/><W52/><G30/><T124/><D124/><U83/><E83/><V127/><F127/><W65/><G35/><T81/><D81/><U4/><E4/><V98/><F98/><W112/><G26/><N who="0" m="14711" /><D77/><U108/><E108/><V113/><F70/><W43/><G24/><T60/><D79/><U73/><E73/><V61/><F68/><W2/><G87/><T107/><D6/><U94/><E94/><V122/><F122/><RYUUKYOKU ba="0,0" sc="250,-10,250,30,250,-10,250,-10" hai1="10,12,16,55,56,114,115" /><INIT seed="1,1,0,5,1,121" ten="240,280,240,240" oya="1" hai0="70,106,94,132,6,69,76,26,115,54,75,119,109" hai1="105,57,50,122,33,128,101,19,1,93,80,107,111" hai2="114,35,55,112,7,0,125,53,43,37,22,58,100" hai3="36,41,104,27,134,73,4,103,10,30,95,110,96"/><U98/><E122/><V77/><F35/><W17/><G134/><T18/><D106/><U2/><E33/><V51/><F125/><W38/><G17/><T130/><D115/><N who="2" m="44074" /><F100/><W9/><G9/><T21/><D119/><U25/><E128/><V91/><F77/><W60/><G95/><T67/><D130/><U126/><E126/><V131/><F131/><W113/><G113/><T84/><D132/><U42/><E80/><V99/><F22/><W135/><G135/><T39/><D75/><U63/><E105/><V86/><F99/><W68/><G73/><T59/><D39/><U102/><E102/><V124/><F124/><W127/><G41/><T44/><D109/><U32/><E107/><V123/><F123/><W31/><G31/><T48/><D6/><U129/><E129/><V8/><F37/><W85/><G85/><T49/><D67/><U78/><E78/><V71/><F71/><W120/><G120/><T34/><D34/><U108/><E19/><V83/><F55/><W23/><G127/><T79/><D70/><U88/><E101/><V5/><F5/><W90/><G90/><N who="0" m="53575" /><D69/><U89/><E89/><N who="2" m="51423" /><F43/><AGARI ba="1,0" hai="18,21,26,43,44,48,49,54,59,76,79" m="53575" machi="43" ten="30,1000,0" yaku="8,1" doraHai="121" who="0" fromWho="2" sc="240,13,280,0,240,-13,240,0" /><INIT seed="2,0,0,0,0,107" ten="253,280,227,240" oya="2" hai0="101,59,41,6,113,4,27,105,119,98,38,28,40" hai1="35,44,15,50,19,7,71,80,130,117,29,93,124" hai2="61,96,83,31,133,81,88,127,42,54,51,95,57" hai3="17,30,46,75,56,109,22,21,13,82,74,48,63"/><V0/><F133/><W18/><G30/><T86/><D113/><U126/><E71/><V68/><F127/><N who="1" m="48681" /><E117/><V32/><F0/><W77/><G109/><T128/><D119/><U60/><E130/><V110/><F110/><W118/><G118/><T11/><D128/><U34/><E7/><V111/><F111/><W43/><G82/><T64/><D86/><U103/><E29/><V9/><F9/><W121/><G77/><T26/><D38/><U45/><E60/><V91/><F91/><W97/><G97/><T122/><D122/><U114/><E114/><V36/><BYE who="1" /><F31/><W135/><G135/><T70/><D59/><U100/><E100/><UN n1="%E7%A7%8B%E6%9C%88%E7%9C%9F%E7%90%86%E4%BA%9E" /><V65/><F32/><N who="1" m="12329" /><E80/><V10/><F10/><W49/><G49/><T25/><D28/><U108/><E50/><V20/><F20/><W90/><G90/><T79/><D79/><U134/><E134/><V62/><F62/><W92/><G92/><T89/><D89/><U8/><E108/><V87/><F96/><AGARI ba="0,0" hai="8,15,19,44,45,93,96,103" m="12329,48681" machi="96" ten="30,1000,0" yaku="18,1" doraHai="107" who="1" fromWho="2" sc="253,0,280,10,227,-10,240,0" /><INIT seed="3,0,0,5,3,39" ten="253,290,217,240" oya="3" hai0="99,53,93,88,79,98,21,49,77,123,114,35,29" hai1="108,120,38,110,94,75,28,72,6,69,80,96,115" hai2="31,86,117,12,44,14,1,24,10,109,37,128,85" hai3="134,127,81,59,18,92,65,124,95,23,64,22,3"/><W4/><G4/><T119/><D123/><U2/><E120/><V129/><F117/><W20/><G3/><T116/><D114/><U0/><E69/><V130/><F109/><N who="1" m="42089" /><E115/><V25/><F1/><N who="1" m="617" /><E38/><V46/><F37/><W48/><G81/><T62/><D35/><U43/><E43/><V122/><F122/><W41/><G18/><T33/><D33/><U101/><E28/><V112/><F112/><W17/><G17/><T47/><D62/><U121/><E121/><V8/><F8/><W132/><G59/><T113/><D113/><U7/><E80/><V51/><F10/><W78/><G48/><T97/><D116/><U34/><E34/><V40/><F46/><W9/><G9/><T68/><D68/><U57/><E57/><V54/><F54/><W133/><G78/><T32/><D32/><U73/><AGARI ba="0,0" hai="6,7,72,73,75,94,96,101" m="617,42089" machi="73" ten="40,1500,0" yaku="14,1" doraHai="39" who="1" fromWho="1" sc="253,-4,290,15,217,-4,240,-7" owari="249,4.9,305,40.5,213,-28.7,233,-16.7" /></mjloggm>