<mjloggm ver="2.3"><GO type="225" lobby="0"/><UN n0="%45%6C%79%73%69%75%6D" n1="%72%69%6F%75%63%68%61%6E" n2="%E6%A1%9C%E8%8A%B1%E9%96%83%E3%80%85" n3="%E8%A8%88%E7%AE%97%E6%A9%9F%E8%87%AA%E7%84%B6" dan="17,17,18,17" rate="2129.50,2236.90,2272.32,2208.95" sx="F,M,M,M"/><TAIKYOKU oya="0"/><INIT seed="0,0,0,3,2,127" ten="250,250,250,250" oya="0" hai0="45,100,7,115,118,36,54,104,96,51,102,83,42" hai1="43,63,98,10,20,46,90,31,61,26,97,19,116" hai2="68,1,8,109,73,129,120,17,130,58,71,21,22" hai3="75,41,131,69,106,91,39,32,92,16,77,48,132"/><T80/><D115/><U125/><E125/><V38/><F120/><W114/><G32/><T12/><D102/><U24/><E116/><V81/><F38/><W30/><G30/><T18/><D7/><U87/><E98/><V14/><F109/><W126/><G69/><T56/><REACH who="0" step="1"/><D118/><REACH who="0" ten="240,250,250,250" step="2"/><U35/><E97/><V4/><F4/><W62/><G114/><T49/><D49/><U70/><E70/><V119/><F119/><W113/><G48/><T122/><D122/><U121/><E121/><V67/><F68/><W86/><G113/><T72/><D72/><U99/><E99/><V112/><F71/><W65/><G75/><T34/><D34/><U23/><E35/><V44/><F112/><W55/><G126/><T50/><D50/><N who="1" m="26975" /><E10/><AGARI ba="0,1" hai="10,12,18,36,42,45,51,54,56,80,83,96,100,104" machi="10" ten="30,5800,0" yaku="1,1,7,1,53,1" doraHai="127" doraHaiUra="6" who="0" fromWho="1" sc="240,68,250,-58,250,0,250,0" /><INIT seed="0,1,0,5,1,37" ten="308,192,250,250" oya="0" hai0="132,57,13,0,106,117,33,32,38,28,42,25,81" hai1="47,83,8,74,26,96,105,80,76,112,40,2,135" hai2="27,82,58,43,131,104,124,108,78,79,100,3,113" hai3="18,88,55,116,98,22,63,64,128,11,52,89,94"/><T119/><D0/><U62/><E135/><V90/><F3/><W133/><G116/><T46/><D106/><U85/><E112/><V45/><F113/><W53/><G133/><T125/><D132/><U49/><E26/><V84/><F108/><W54/><G128/><T115/><D115/><U122/><E122/><V16/><F131/><W20/><N who="3" m="13312" /><DORA hai="21" /><W99/><G11/><T41/><D125/><U6/><E62/><V97/><F58/><N who="3" m="36983" /><G18/><T118/><D57/><U75/><REACH who="1" step="1"/><E80/><REACH who="1" ten="308,182,250,250" step="2"/><V12/><F27/><W67/><G67/><T23/><D81/><U7/><E7/><V92/><F124/><W87/><G98/><T61/><D61/><U31/><E31/><V36/><REACH who="2" step="1"/><F82/><AGARI ba="1,1" hai="20,22,82,87,88,89,94,99" m="36983,13312" machi="82" ten="40,5200,0" yaku="8,1,54,2" doraHai="37,21" who="3" fromWho="2" sc="308,0,182,0,250,-55,250,65" /><INIT seed="1,0,0,3,0,2" ten="308,182,195,315" oya="1" hai0="31,47,58,1,41,78,27,26,130,15,55,53,28" hai1="30,5,70,67,69,103,93,8,117,81,25,48,50" hai2="131,99,124,120,88,21,84,51,20,80,109,126,102" hai3="127,39,90,7,112,22,107,100,6,18,108,44,35"/><U63/><E117/><V42/><F120/><W65/><G112/><T134/><D1/><U76/><E70/><V43/><F109/><W56/><G35/><T82/><D130/><U104/><E93/><V40/><F131/><W115/><G115/><T94/><D134/><U77/><E77/><V34/><F34/><W59/><G127/><N who="2" m="48681" /><F51/><W54/><G107/><AGARI ba="0,0" hai="20,21,40,42,43,80,84,88,99,102,107" m="48681" machi="107" ten="30,2000,0" yaku="18,1,54,1" doraHai="2" who="2" fromWho="3" sc="308,0,182,0,195,20,315,-20" /><INIT seed="2,0,0,1,2,81" ten="308,182,215,295" oya="2" hai0="47,88,111,75,1,20,28,68,53,55,101,69,127" hai1="30,62,25,13,82,66,132,71,26,131,39,9,42" hai2="76,56,125,21,34,94,134,61,77,79,32,91,50" hai3="96,16,107,11,124,67,2,41,110,57,4,72,8"/><V97/><F125/><W85/><G72/><T133/><D1/><U121/><E131/><V65/><F134/><W14/><G124/><T7/><D7/><U6/><E132/><V117/><F117/><W84/><G110/><T105/><D75/><U119/><E119/><V92/><F21/><W40/><G107/><T104/><D104/><U58/><E121/><V19/><F19/><W74/><G74/><T100/><D100/><U130/><E130/><V17/><F17/><W22/><G96/><T70/><D47/><U38/><E42/><N who="3" m="16490" /><G2/><T95/><D127/><U24/><E30/><V123/><F123/><W128/><G128/><T113/><D113/><U43/><E43/><V90/><REACH who="2" step="1"/><F50/><REACH who="2" ten="308,182,205,295" step="2"/><W109/><G109/><T36/><D111/><U3/><E71/><V106/><F106/><W73/><G73/><T98/><D133/><U46/><E46/><V48/><F48/><W37/><G37/><T27/><D36/><U89/><REACH who="1" step="1"/><E3/><REACH who="1" ten="308,172,205,295" step="2"/><V108/><F108/><W116/><G116/><T64/><D69/><U60/><E60/><V54/><F54/><W63/><G4/><T122/><D122/><U44/><E44/><V35/><F35/><W78/><G63/><T99/><D68/><U112/><E112/><V23/><F23/><W83/><G22/><T10/><D70/><U80/><E80/><V126/><F126/><W0/><G0/><T29/><D53/><U45/><E45/><V120/><F120/><W52/><G52/><T93/><D55/><U12/><E12/><V135/><F135/><W118/><G118/><T49/><D20/><U86/><AGARI ba="0,2" hai="6,9,13,24,25,26,38,39,58,62,66,82,86,89" machi="86" ten="30,7900,0" yaku="1,1,5,1,0,1,52,1,53,0" doraHai="81" doraHaiUra="51" who="1" fromWho="1" sc="308,-20,172,99,205,-39,295,-20" /><INIT seed="3,0,0,3,1,83" ten="288,271,166,275" oya="3" hai0="132,92,64,70,105,61,44,39,120,11,59,24,23" hai1="100,98,121,89,1,60,80,93,102,133,71,113,37" hai2="42,14,125,108,10,78,22,99,74,54,49,112,81" hai3="65,3,77,26,5,25,131,107,73,88,9,27,72"/><W16/><G107/><T20/><D120/><U57/><E121/><V130/><F108/><W33/><G33/><T13/><D132/><U94/><E113/><V48/><F130/><W84/><G131/><T122/><D122/><U6/><E133/><V82/><F125/><W123/><G123/><T53/><D105/><U56/><E37/><V69/><F112/><W128/><G128/><T51/><D92/><U50/><E71/><V21/><F69/><W127/><G127/><T41/><D24/><U34/><E34/><V63/><F99/><W87/><G65/><T114/><D114/><U116/><E116/><V35/><F35/><W8/><G77/><T75/><D75/><U95/><E6/><AGARI ba="0,0" hai="6,11,13,20,23,39,41,44,51,53,59,61,64,70" machi="6" ten="30,3900,0" yaku="7,1,24,2" doraHai="83" who="0" fromWho="1" sc="288,39,271,-39,166,0,275,0" owari="327,42.7,232,-16.8,166,-33.4,275,7.5" /></mjloggm>