<mjloggm ver="2.3"><GO type="225" lobby="0"/><UN n0="%E3%81%8F%E3%82%8A%E3%83%94%E3%83%BC" n1="%E7%9C%9F%E4%B8%80" n2="%62%6F%6E%6F%73%2E%2E" n3="%E9%89%A2%E5%B7%BB%E3%82%AC%E3%83%96" dan="16,17,17,16" rate="2102.09,2240.74,2216.45,2071.31" sx="M,M,M,M"/><TAIKYOKU oya="0"/><INIT seed="0,0,0,4,0,48" ten="250,250,250,250" oya="0" hai0="133,92,104,79,36,67,49,58,17,60,94,70,102" hai1="64,68,15,31,114,72,98,134,129,47,86,52,16" hai2="42,39,7,63,107,14,41,8,3,71,76,124,66" hai3="59,12,27,119,18,101,126,21,61,122,75,4,85"/><T123/><D123/><U135/><E72/><V99/><F124/><W82/><G119/><T45/><D133/><N who="1" m="50699" /><E129/><V78/><F3/><W28/><G126/><T5/><D5/><U84/><E114/><V25/><F25/><W0/><G75/><T54/><D79/><U83/><E31/><V90/><F107/><W130/><G101/><T91/><D17/><U37/><E98/><V120/><F120/><W33/><G130/><T35/><D35/><U97/><E97/><V93/><REACH who="2" step="1"/><F39/><REACH who="2" ten="250,250,240,250" step="2"/><W89/><G122/><T30/><D104/><U108/><E37/><V77/><AGARI ba="0,1" hai="7,8,14,41,42,63,66,71,76,77,78,90,93,99" machi="77" ten="30,4000,0" yaku="1,1,2,1,0,1,53,0" doraHai="48" doraHaiUra="116" who="2" fromWho="2" sc="250,-20,250,-10,240,50,250,-10" /><INIT seed="1,0,0,3,2,28" ten="230,240,290,240" oya="1" hai0="128,131,132,15,91,25,130,115,20,67,87,72,123" hai1="55,32,75,83,9,88,51,105,24,76,42,13,79" hai2="50,85,73,17,92,104,37,120,29,74,33,94,43" hai3="64,27,69,110,44,86,48,97,127,21,70,52,96"/><U113/><E113/><V80/><F104/><W49/><G110/><T35/><D72/><U66/><E105/><V84/><F37/><W23/><G127/><T95/><D115/><U71/><E42/><V111/><F120/><W45/><G86/><T16/><D123/><U77/><E71/><V5/><F5/><W134/><G134/><T121/><D121/><U38/><E66/><V31/><F111/><W40/><G21/><T46/><D67/><U22/><E38/><V6/><F6/><W8/><G8/><T129/><N who="0" m="32768" /><DORA hai="60" /><T54/><D132/><U57/><E32/><V34/><F17/><W0/><G0/><T53/><D46/><U12/><E75/><V117/><F80/><W100/><G96/><T93/><D93/><U18/><REACH who="1" step="1"/><E9/><REACH who="1" ten="230,230,290,240" step="2"/><V4/><F43/><W39/><G39/><T81/><D81/><U10/><E10/><V99/><F33/><W61/><G64/><T119/><D119/><U3/><E3/><V14/><F34/><W2/><G2/><T47/><D47/><U114/><E114/><V36/><F36/><W89/><G61/><T82/><D82/><U56/><E56/><V122/><F73/><W118/><G118/><T101/><D101/><U116/><E116/><V135/><F74/><W103/><G103/><T59/><D59/><U106/><E106/><V62/><F135/><W102/><G100/><T133/><D133/><U63/><E63/><V41/><F62/><W7/><G102/><T68/><D68/><U78/><N who="1" m="19456" /><DORA hai="125" /><U126/><E126/><V107/><F107/><W124/><G69/><T19/><D35/><RYUUKYOKU ba="0,1" sc="230,15,230,15,290,-15,240,-15" hai0="15,16,19,20,25,53,54,87,91,95" hai1="12,13,18,22,24,51,55,57,83,88" /><INIT seed="1,1,1,5,3,76" ten="245,245,275,225" oya="1" hai0="1,113,67,42,9,51,111,119,100,132,48,25,94" hai1="84,130,107,123,44,95,13,7,47,91,115,81,15" hai2="87,62,11,86,2,128,23,45,32,16,117,3,61" hai3="19,52,69,41,65,26,43,74,120,55,93,127,126"/><U4/><E107/><V60/><F32/><W103/><G120/><T82/><D113/><U108/><E130/><V20/><F117/><W30/><G74/><T70/><D119/><U49/><E123/><V0/><F128/><W83/><G19/><T24/><D70/><U78/><E115/><V5/><F45/><W14/><G14/><N who="1" m="5130" /><E108/><V66/><F66/><W116/><G93/><T90/><D67/><U64/><E64/><V124/><F124/><N who="3" m="47659" /><G103/><T73/><D132/><U33/><E33/><V118/><F118/><W35/><G83/><T63/><D63/><U17/><E17/><V109/><F109/><W28/><G28/><T122/><D122/><U12/><N who="1" m="5138" /><U36/><DORA hai="98" /><E36/><V71/><F71/><W121/><G121/><T40/><D111/><U72/><E72/><V18/><F11/><W129/><G129/><T99/><D9/><U56/><E4/><V34/><F34/><W97/><G97/><T68/><D68/><U6/><E7/><V96/><F96/><W101/><G101/><T27/><D1/><U22/><E22/><N who="2" m="8235" /><F5/><W29/><G29/><T39/><D39/><U58/><E6/><V125/><F125/><W135/><G135/><T105/><D105/><U75/><E75/><V106/><F106/><W79/><G79/><T31/><D31/><U21/><E21/><V8/><F8/><W10/><G10/><T88/><D73/><U114/><E114/><V92/><F92/><W59/><G116/><T131/><D131/><U53/><E44/><V112/><F112/><W80/><G69/><T50/><D82/><U46/><E47/><RYUUKYOKU ba="1,1" sc="245,10,245,10,275,10,225,-30" hai0="24,25,27,40,42,48,50,51,88,90,94,99,100" hai1="46,49,53,56,58,78,81,84,91,95" hai2="0,2,3,16,18,60,61,62,86,87" /><INIT seed="1,2,1,1,0,130" ten="255,255,285,195" oya="1" hai0="113,112,90,29,126,25,70,105,72,109,100,33,58" hai1="60,30,94,102,4,129,61,125,67,64,114,62,63" hai2="32,120,96,133,22,115,74,80,68,36,87,46,71" hai3="39,132,88,131,106,73,37,42,79,89,82,110,14"/><U20/><E114/><V35/><F74/><W56/><G131/><T24/><D70/><U50/><E129/><V101/><F120/><W44/><G106/><T75/><D109/><U84/><E125/><V93/><F115/><W111/><G39/><T27/><D126/><U0/><E0/><V38/><F68/><W21/><G56/><T45/><D24/><N who="1" m="16647" /><E4/><V119/><F71/><W98/><G132/><T1/><D1/><U41/><N who="1" m="15360" /><DORA hai="31" /><U97/><E84/><V10/><F119/><W69/><G69/><T5/><D5/><U66/><E50/><V135/><F10/><W34/><G34/><N who="2" m="12841" /><F22/><W11/><G21/><T23/><D75/><U13/><E13/><V19/><F19/><W134/><G134/><N who="2" m="51209" /><F46/><W12/><G12/><T85/><D45/><U116/><E116/><V123/><F123/><W103/><G14/><T18/><D58/><U17/><E17/><V76/><AGARI ba="2,1" hai="36,38,76,80,87,93,96,101" m="51209,12841" machi="76" ten="30,12000,2" yaku="20,1,52,6" doraHai="130,31" who="2" fromWho="2" sc="255,-32,255,-62,285,136,195,-32" /><INIT seed="2,0,0,1,3,87" ten="223,193,421,163" oya="2" hai0="118,50,93,104,73,15,88,17,28,113,98,8,29" hai1="65,25,133,112,81,13,36,102,124,82,61,79,76" hai2="105,126,132,45,21,84,58,75,114,103,56,67,116" hai3="107,35,120,51,2,125,100,95,12,64,70,92,115"/><V123/><F114/><W127/><G120/><T16/><D113/><U24/><E36/><V99/><F116/><W53/><G2/><T26/><D73/><U38/><E38/><V6/><F123/><W23/><G35/><T39/><D39/><U96/><E112/><V89/><F75/><W30/><G115/><T101/><D118/><U77/><E133/><V1/><F132/><W47/><G107/><T14/><D50/><U130/><E130/><V85/><F85/><W11/><G23/><T60/><D60/><U44/><E44/><V42/><F67/><W108/><G30/><T80/><D26/><N who="1" m="10347" /><E124/><V7/><F126/><W128/><G128/><T69/><D69/><U31/><E31/><N who="0" m="11849" /><D104/><U91/><E102/><V40/><F21/><W66/><G125/><T4/><D15/><U0/><E0/><V9/><F6/><W90/><G127/><T63/><D63/><U3/><E3/><V10/><F10/><W46/><G46/><T19/><D80/><N who="1" m="30827" /><E13/><V86/><F45/><W32/><G32/><T20/><D20/><U119/><E119/><V106/><F105/><W94/><G70/><T131/><D131/><U48/><E48/><V135/><F135/><W110/><G110/><T122/><D122/><U22/><E22/><V74/><F74/><W52/><G108/><T37/><D37/><U109/><E109/><V34/><F34/><W97/><G53/><T27/><D27/><U68/><E76/><V72/><F1/><W57/><G47/><T54/><D54/><U55/><E55/><V5/><F106/><W129/><G129/><T78/><D78/><RYUUKYOKU ba="0,0" sc="223,15,193,15,421,-15,163,-15" hai0="4,8,14,16,17,19,88,93,98,101" hai1="61,65,68,77,79,91,96" /><INIT seed="3,1,0,1,4,133" ten="238,208,406,148" oya="3" hai0="67,72,1,62,63,132,124,40,108,116,125,21,7" hai1="43,109,31,19,96,131,0,27,100,88,10,41,61" hai2="89,51,102,56,37,69,68,94,99,42,5,59,77" hai3="20,36,3,119,15,46,114,123,73,44,35,71,33"/><W120/><G73/><T48/><D72/><U129/><E109/><V25/><F37/><W17/><G71/><T47/><D108/><U106/><E61/><V8/><F77/><W55/><G114/><T82/><D116/><U104/><E104/><V111/><F59/><W4/><G119/><T39/><D132/><U75/><E75/><V54/><F42/><W28/><G36/><T12/><D82/><U87/><E19/><V30/><F102/><W29/><G55/><T45/><D1/><U113/><E10/><V86/><F86/><W74/><G74/><T115/><D115/><U135/><E0/><V32/><F111/><W57/><G57/><T52/><D21/><N who="1" m="15855" /><E113/><V85/><F85/><W121/><G46/><T130/><D130/><N who="1" m="49675" /><E135/><V110/><F110/><W16/><G44/><T105/><D105/><U101/><E101/><V34/><F34/><N who="3" m="12811" /><G17/><T103/><D103/><U64/><E64/><V81/><F81/><AGARI ba="1,0" hai="41,43,81,87,88,96,100,106" m="49675,15855" machi="81" ten="30,2000,0" yaku="19,1,54,1" doraHai="133" who="1" fromWho="2" sc="238,0,208,23,406,-23,148,0" owari="238,3.8,231,-16.9,383,48.3,148,-35.2" /></mjloggm>