<mjloggm ver="2.3"><GO type="225" lobby="0"/><UN n0="%E3%82%A2%E3%82%A4%E3%82%B9%E3%83%86%E3%82%A3%E3%83%BC%E3%81%82%E3%81%B9" n1="%E3%83%97%E3%83%AC%E3%83%B4%E3%82%A1%E3%83%86%E3%82%A3" n2="%E3%81%B5%E3%81%98%E3%81%8B%E3%81%A4" n3="%E3%81%A0%E3%81%8A" dan="16,16,16,16" rate="2067.13,2074.85,2109.87,2019.08" sx="M,F,M,M"/><TAIKYOKU oya="0"/><INIT seed="0,0,0,5,1,11" ten="250,250,250,250" oya="0" hai0="117,37,36,22,90,106,125,119,94,69,74,127,28" hai1="53,6,105,95,134,63,120,133,41,103,4,78,62" hai2="34,38,68,29,64,87,42,73,104,60,128,23,8" hai3="123,9,52,19,32,16,66,112,79,33,61,57,118"/><T92/><D69/><U72/><E120/><V55/><F73/><W85/><G112/><T124/><D74/><U129/><E105/><V100/><F128/><W40/><G118/><N who="0" m="45067" /><D106/><U5/><E129/><V31/><F87/><W108/><G108/><T110/><D110/><U1/><E1/><V17/><F8/><W7/><G40/><T91/><D22/><U2/><E2/><V114/><F114/><W58/><G123/><T131/><D28/><U44/><E78/><V15/><F55/><W27/><G85/><N who="0" m="52303" /><D131/><U121/><E72/><V65/><F65/><W101/><G79/><T21/><D21/><U48/><E121/><V86/><F86/><AGARI ba="0,0" hai="36,37,86,91,94,124,125,127" m="52303,45067" machi="86" ten="40,2000,0" yaku="18,1" doraHai="11" who="0" fromWho="2" sc="250,20,250,0,250,-20,250,0" /><INIT seed="0,1,0,0,4,117" ten="270,250,230,250" oya="0" hai0="120,76,84,4,43,91,102,83,30,114,65,27,81" hai1="39,60,17,19,49,48,66,21,25,47,110,98,52" hai2="109,34,97,56,62,135,78,115,119,9,16,36,37" hai3="133,100,68,96,55,85,125,77,128,131,95,38,24"/><T29/><D114/><U0/><E0/><V126/><F119/><W121/><G38/><T51/><D102/><U129/><E129/><N who="3" m="49738" /><G68/><T10/><D65/><U93/><E110/><V31/><F115/><W7/><G7/><T8/><D120/><U99/><E39/><V44/><F109/><W74/><G55/><T87/><D27/><U130/><E130/><V101/><F126/><W106/><G24/><T112/><D112/><U107/><E107/><V15/><F78/><W92/><G133/><T50/><D10/><U116/><E116/><V80/><F80/><N who="3" m="45111" /><G125/><T5/><D4/><U63/><E98/><V89/><F135/><W72/><G72/><T122/><D122/><U123/><E123/><V88/><F31/><W75/><G75/><T26/><D43/><U61/><E48/><V45/><F34/><W3/><G3/><T57/><D57/><U41/><E41/><V6/><F6/><W32/><G32/><T90/><D76/><U58/><REACH who="1" step="1"/><E17/><REACH who="1" ten="270,240,230,250" step="2"/><V104/><F37/><W118/><G118/><T86/><D51/><U53/><E53/><V105/><F36/><W28/><G121/><T71/><D50/><U111/><E111/><V69/><F16/><W54/><G54/><T103/><D5/><U14/><E14/><V134/><F15/><W33/><G85/><T132/><D86/><U12/><E12/><V23/><F134/><W94/><G106/><T59/><D132/><U35/><E35/><V13/><F105/><W79/><G79/><T22/><D87/><U108/><E108/><V40/><F104/><W73/><G73/><T11/><D84/><RYUUKYOKU ba="1,1" sc="270,-15,240,15,230,-15,250,15" hai1="19,21,25,47,49,52,58,60,61,63,66,93,99" hai3="28,33,92,94,95,96,100" /><INIT seed="1,2,1,0,4,96" ten="255,255,215,265" oya="1" hai0="115,87,108,119,89,33,48,5,38,18,118,76,79" hai1="61,11,135,49,8,32,63,17,12,114,124,66,91" hai2="4,67,7,72,95,123,2,62,88,93,53,92,94" hai3="26,21,107,59,128,13,31,82,84,55,35,47,70"/><U127/><E114/><V44/><F123/><W85/><G128/><T45/><D38/><U116/><E116/><V132/><F72/><W109/><G70/><T39/><D39/><U58/><E32/><V27/><F2/><W64/><G107/><T56/><D115/><U16/><E135/><V130/><F130/><W24/><G109/><T101/><D108/><U68/><E49/><N who="2" m="28839" /><F132/><W125/><G125/><N who="1" m="48202" /><E91/><V105/><F105/><W80/><G64/><T43/><D33/><U74/><E74/><V111/><F111/><W97/><G13/><T40/><D40/><U29/><E29/><V34/><F34/><W42/><G97/><T6/><D101/><U78/><E78/><N who="0" m="29737" /><D119/><U46/><E46/><V30/><F30/><W122/><G47/><T117/><D118/><U110/><E110/><V129/><F27/><W54/><G42/><T113/><D113/><U57/><E63/><V50/><F50/><W36/><G26/><T41/><D43/><U77/><E77/><V15/><F129/><W1/><G24/><T60/><D18/><N who="1" m="7275" /><E8/><N who="2" m="4487" /><F7/><AGARI ba="2,1" hai="7,11,12,57,58,61,66,68" m="7275,48202" machi="7" ten="30,2900,0" yaku="18,1,54,1" doraHai="96" who="1" fromWho="2" sc="255,0,255,45,215,-35,265,0" /><INIT seed="1,3,0,4,1,102" ten="255,300,180,265" oya="1" hai0="43,122,118,22,17,87,74,58,99,135,89,21,27" hai1="91,63,24,51,3,126,52,64,67,46,37,129,66" hai2="105,78,44,104,114,120,34,55,60,81,49,79,121" hai3="103,29,57,84,0,20,97,26,111,25,107,7,6"/><U117/><E3/><V113/><F34/><W47/><G111/><T93/><D74/><U100/><E117/><V23/><F60/><W42/><G0/><T96/><D135/><U32/><E126/><V59/><F23/><W13/><G13/><T65/><D122/><N who="2" m="47210" /><F44/><W31/><G84/><T101/><D118/><U28/><E129/><V82/><F59/><W106/><G57/><T72/><D72/><U132/><E132/><V38/><F49/><W130/><G107/><N who="2" m="41033" /><F55/><W48/><REACH who="3" step="1"/><G130/><REACH who="3" ten="255,300,180,255" step="2"/><T45/><D58/><U86/><E37/><V14/><F14/><W54/><G54/><T85/><D65/><U127/><E127/><V75/><F38/><W71/><G71/><T8/><D87/><AGARI ba="3,1" hai="75,78,79,81,82,87,113,114" m="41033,47210" machi="87" ten="30,8000,1" yaku="34,2,52,3" doraHai="102" who="2" fromWho="0" sc="255,-89,300,0,180,99,255,0" /><INIT seed="2,0,0,0,3,84" ten="166,300,279,255" oya="2" hai0="78,33,4,41,71,10,58,52,9,105,37,3,89" hai1="101,121,90,93,69,34,111,72,59,53,119,17,27" hai2="66,115,56,31,126,76,130,74,73,38,44,30,5" hai3="18,22,104,99,110,12,13,92,32,50,79,70,54"/><V55/><F115/><W96/><G70/><T116/><D105/><U15/><E69/><V107/><F107/><W39/><G39/><T19/><D71/><U80/><E119/><V57/><F126/><W6/><G32/><T63/><D33/><U0/><E0/><V131/><F5/><W36/><G36/><T87/><D78/><U135/><E111/><V122/><F122/><W68/><G68/><T98/><D98/><U102/><E135/><V16/><F66/><W86/><G110/><T82/><D116/><U120/><E72/><V134/><F134/><W46/><G104/><T118/><D118/><U43/><E80/><V23/><F38/><W123/><G123/><N who="1" m="47178" /><E43/><V45/><F76/><W49/><G49/><T100/><D100/><U94/><E94/><V95/><F95/><W62/><G62/><T83/><D82/><U65/><E65/><V112/><F112/><W24/><G79/><T117/><D117/><U47/><E47/><N who="2" m="17995" /><F57/><W60/><G46/><T97/><D97/><N who="1" m="57527" /><E34/><V64/><F64/><W128/><G99/><T25/><D37/><U108/><E108/><V14/><F74/><W109/><G96/><T125/><D125/><U127/><E127/><V132/><F73/><W1/><G109/><T35/><D41/><U114/><E114/><V88/><F132/><W124/><G124/><T20/><REACH who="0" step="1"/><D35/><REACH who="0" ten="156,300,279,255" step="2"/><U113/><E113/><V40/><F40/><W85/><G128/><T51/><D51/><N who="1" m="31167" /><E102/><V91/><F131/><W67/><G50/><T61/><D61/><U28/><E101/><V26/><F130/><W48/><G60/><T2/><D2/><RYUUKYOKU ba="0,1" sc="156,30,300,-10,279,-10,255,-10" hai0="3,4,9,10,19,20,25,52,58,63,83,87,89" /><INIT seed="3,1,1,1,0,103" ten="186,290,269,245" oya="3" hai0="50,66,9,125,97,64,35,77,132,56,130,75,39" hai1="119,59,74,28,53,67,52,135,106,124,91,108,51" hai2="55,16,34,2,111,49,24,57,4,18,38,121,63" hai3="79,88,101,3,93,90,7,78,42,27,104,33,114"/><W70/><G70/><T87/><D39/><U12/><E74/><V30/><F38/><W32/><G114/><T112/><D35/><U25/><E108/><V19/><F111/><W128/><G128/><T76/><D130/><U61/><E119/><V71/><F121/><W45/><G7/><T98/><D75/><U116/><E116/><V60/><REACH who="2" step="1"/><F71/><REACH who="2" ten="186,290,259,245" step="2"/><W81/><G32/><T126/><D132/><U11/><E135/><V46/><F46/><W131/><G33/><T48/><D112/><U123/><E123/><V20/><F20/><W6/><G45/><T68/><D68/><U82/><E124/><V58/><F58/><W134/><G131/><T99/><D9/><AGARI ba="1,2" hai="2,4,9,16,18,19,24,30,34,49,55,57,60,63" machi="9" ten="40,2600,0" yaku="1,1,54,1,53,0" doraHai="103" doraHaiUra="73" who="2" fromWho="0" sc="186,-29,290,0,259,49,245,0" owari="157,-34.3,290,9.0,308,40.8,245,-15.5" /></mjloggm>