<mjloggm ver="2.3"><GO type="225" lobby="0"/><UN n0="%E3%81%BF%E3%81%BF%E3%81%9A" n1="%E3%83%97%E3%83%AC%E3%83%B4%E3%82%A1%E3%83%86%E3%82%A3" n2="%63%68%78%62%64" n3="%E3%81%B5%E3%81%98%E3%81%8B%E3%81%A4" dan="16,16,16,16" rate="2158.18,2069.90,2141.58,2106.97" sx="M,F,M,M"/><TAIKYOKU oya="0"/><INIT seed="0,0,0,1,5,31" ten="250,250,250,250" oya="0" hai0="116,62,115,34,60,107,11,55,84,128,48,125,127" hai1="6,132,24,109,66,95,58,33,23,108,51,57,22" hai2="44,100,93,38,105,40,89,130,59,97,126,133,82" hai3="43,9,91,26,18,21,35,70,92,25,29,101,119"/><T87/><D115/><U10/><E132/><V102/><F133/><W42/><G119/><T135/><D135/><U41/><E95/><V81/><F130/><W17/><G70/><T96/><D116/><U36/><E36/><V1/><F1/><W39/><G101/><N who="0" m="62887" /><D34/><U47/><E33/><V63/><F126/><N who="0" m="48138" /><D128/><U37/><E23/><V86/><REACH who="2" step="1"/><F102/><REACH who="2" ten="250,250,240,250" step="2"/><W106/><G39/><T13/><D62/><U124/><E124/><V103/><F103/><W117/><G117/><T134/><D60/><U88/><E37/><V49/><F49/><W121/><G106/><T113/><D134/><U16/><E66/><AGARI ba="0,1" hai="38,40,44,59,63,66,81,82,86,89,93,97,100,105" machi="66" ten="30,2000,0" yaku="1,1,7,1,53,0" doraHai="31" doraHaiUra="131" who="2" fromWho="1" sc="250,0,250,-20,240,30,250,0" /><INIT seed="1,0,0,3,5,75" ten="250,230,270,250" oya="1" hai0="41,38,10,70,93,128,79,104,3,60,69,121,47" hai1="37,29,68,131,84,64,85,86,44,94,46,102,22" hai2="71,96,1,123,135,91,52,32,81,48,83,15,101" hai3="112,72,17,73,119,50,66,5,113,62,126,117,11"/><U26/><E131/><V74/><F1/><N who="3" m="431" /><G50/><T8/><D104/><U20/><E37/><V59/><F123/><W9/><G9/><T129/><D121/><U111/><E111/><V27/><F135/><W89/><G89/><T65/><D70/><U34/><E68/><V92/><F71/><N who="3" m="42455" /><G17/><T51/><D93/><U115/><E115/><N who="3" m="44106" /><G126/><T21/><D21/><U35/><E64/><V49/><F15/><W107/><G107/><T106/><D106/><U97/><REACH who="1" step="1"/><E20/><REACH who="1" ten="250,220,270,250" step="2"/><V108/><F108/><W87/><G87/><T61/><D65/><U118/><E118/><AGARI ba="0,1" hai="72,73,117,118,119" m="44106,42455,431" machi="118" ten="30,2000,0" yaku="12,1,23,1" doraHai="75" who="3" fromWho="1" sc="250,0,220,-20,270,0,250,30" /><INIT seed="2,0,0,4,3,21" ten="250,200,270,280" oya="2" hai0="80,36,61,100,109,56,118,2,26,54,65,101,11" hai1="5,79,55,106,97,72,46,83,107,30,15,32,94" hai2="50,7,134,8,44,90,18,40,39,117,113,43,124" hai3="51,45,129,121,24,85,41,22,29,13,23,76,74"/><V128/><F117/><W77/><G121/><T10/><D118/><U119/><E119/><V130/><F113/><W86/><G129/><N who="2" m="49769" /><F134/><W33/><G74/><T104/><D36/><U103/><E5/><V48/><F124/><W67/><G67/><T58/><D109/><U47/><E15/><N who="2" m="5535" /><F43/><W81/><G13/><T114/><D114/><U38/><E38/><V89/><F18/><W69/><G69/><T62/><D104/><U125/><E125/><V111/><F111/><W127/><G127/><T57/><D57/><U116/><E116/><V71/><F71/><W98/><G98/><T28/><D80/><AGARI ba="0,0" hai="22,23,24,29,33,41,45,51,76,77,80,81,85,86" machi="80" ten="40,2600,0" yaku="9,1,52,1" doraHai="21" who="3" fromWho="0" sc="250,-26,200,0,270,0,280,26" /><INIT seed="3,0,0,2,5,58" ten="224,200,270,306" oya="3" hai0="46,117,36,123,26,98,82,110,127,106,45,122,133" hai1="16,135,12,15,73,63,87,121,2,52,113,102,72" hai2="9,3,27,33,111,6,86,78,62,100,49,104,40" hai3="55,61,83,31,32,5,42,94,101,47,91,24,19"/><W1/><G101/><T96/><D117/><U17/><E121/><V68/><F111/><W54/><G83/><T34/><D110/><U14/><E2/><V44/><F86/><W114/><G114/><T120/><D127/><U79/><E113/><V116/><F78/><W89/><G61/><T124/><D124/><U105/><E135/><V131/><F131/><W67/><G67/><T22/><D133/><U130/><E130/><V119/><F100/><W80/><G19/><N who="1" m="7242" /><E105/><V28/><REACH who="2" step="1"/><F104/><REACH who="2" ten="224,200,260,306" step="2"/><W134/><G134/><T37/><D106/><U60/><E102/><V57/><F57/><W18/><G80/><T107/><D107/><U21/><E73/><V29/><F29/><W39/><G89/><T7/><D122/><U53/><E72/><V99/><F99/><W65/><G91/><T48/><D120/><U97/><E97/><V85/><F85/><W20/><G94/><T11/><D123/><U10/><E79/><V23/><F23/><W129/><G129/><T66/><D34/><U74/><E87/><V35/><F35/><W90/><G90/><T126/><D126/><U88/><E74/><V56/><F56/><W115/><G115/><T69/><D69/><U81/><E21/><V118/><F118/><W43/><G43/><T70/><D70/><U50/><E81/><V132/><F132/><W71/><G71/><T8/><D36/><U0/><E88/><V64/><AGARI ba="0,1" hai="3,6,9,27,28,33,40,44,49,62,64,68,116,119" machi="64" ten="30,4000,0" yaku="1,1,0,1,52,1,53,0" doraHai="58" doraHaiUra="109" who="2" fromWho="2" sc="224,-10,200,-10,260,50,306,-20" owari="214,-18.6,190,-31.0,310,41.0,286,8.6" /></mjloggm>