<mjloggm ver="2.3"><GO type="225" lobby="0"/><UN n0="%33%74%72%65%65" n1="%E6%98%93%E5%88%A9%E8%96%A9%E4%BC%AF" n2="%E3%81%A4%E3%81%A3%E3%81%B1%E3%82%8A%E3%83%9D%E3%83%BC%E3%83%AB" n3="%E3%81%AF%E3%82%88%E3%81%8A%E3%81%98%E3%81%95%E3%82%93" dan="16,16,16,17" rate="2101.91,2090.22,2100.09,2183.81" sx="F,F,M,M"/><TAIKYOKU oya="0"/><INIT seed="0,0,0,1,1,34" ten="250,250,250,250" oya="0" hai0="105,12,97,119,69,112,10,90,7,1,38,117,16" hai1="0,26,41,89,80,91,107,120,25,104,99,115,40" hai2="11,79,92,73,118,51,63,123,71,28,133,58,30" hai3="116,53,39,101,9,81,128,59,43,46,42,96,64"/><T27/><D112/><U45/><E115/><V20/><F118/><W72/><G116/><T18/><D69/><U113/><E113/><V108/><F123/><W8/><G128/><T70/><D70/><U61/><E120/><V130/><F130/><W32/><G32/><T86/><D38/><U129/><E61/><V66/><F108/><W106/><G43/><T109/><D109/><U114/><E114/><V132/><F11/><W94/><G64/><T62/><D62/><U60/><E60/><V125/><F125/><W126/><G126/><T85/><D85/><U68/><E68/><V29/><F92/><W57/><G57/><T121/><D121/><U14/><E14/><V131/><F131/><W15/><G106/><T17/><D97/><U33/><E33/><V23/><F79/><W67/><G67/><T19/><D27/><U110/><E110/><V76/><F76/><W98/><G96/><T122/><D105/><U4/><E99/><V36/><F73/><W49/><G15/><T37/><D37/><U31/><E31/><V5/><F5/><W24/><G24/><T22/><REACH who="0" step="1"/><D122/><REACH who="0" ten="240,250,250,250" step="2"/><U84/><E84/><V95/><F36/><W3/><G39/><T50/><D50/><U83/><E129/><V102/><F51/><W21/><G49/><T82/><AGARI ba="0,1" hai="1,7,10,12,16,17,18,19,22,82,86,90,117,119" machi="82" ten="30,11700,0" yaku="1,1,0,1,52,1,54,1,53,0" doraHai="34" doraHaiUra="124" who="0" fromWho="0" sc="240,127,250,-39,250,-39,250,-39" /><INIT seed="0,1,0,4,2,88" ten="367,211,211,211" oya="0" hai0="19,77,79,69,133,7,30,81,54,125,48,40,78" hai1="41,67,129,65,49,35,112,37,90,32,70,87,101" hai2="4,117,72,124,116,102,107,130,42,66,1,28,33" hai3="132,73,95,39,113,61,62,6,121,12,59,57,131"/><T114/><D114/><U2/><E37/><V80/><F130/><W75/><G113/><T20/><D69/><U85/><E2/><V93/><F124/><W53/><G39/><T10/><D125/><U84/><E112/><V92/><F66/><W100/><G131/><T104/><D104/><U45/><E129/><V110/><F110/><W31/><G132/><T111/><D133/><U91/><E101/><V76/><F42/><W127/><G127/><T134/><D40/><U36/><E36/><V118/><F107/><W34/><G121/><T14/><D111/><U119/><E119/><V126/><F102/><W0/><G0/><T82/><D30/><U105/><E105/><V46/><F46/><W106/><G106/><T64/><D64/><U21/><E21/><V94/><F126/><W23/><G34/><T68/><D68/><U60/><REACH who="1" step="1"/><E67/><REACH who="1" ten="367,201,211,211" step="2"/><V25/><F1/><W9/><G23/><T51/><D134/><U108/><E108/><V135/><F135/><W89/><G100/><T5/><D20/><U96/><E96/><V83/><F83/><W50/><G31/><T55/><D82/><U98/><E98/><V109/><F109/><W115/><G115/><T63/><D81/><U8/><E8/><V13/><F94/><W11/><G9/><AGARI ba="1,1" hai="4,9,13,25,28,33,72,76,80,92,93,116,117,118" machi="9" ten="40,5200,0" yaku="12,1,52,2" doraHai="88" who="2" fromWho="3" sc="367,0,201,0,211,65,211,-55" /><INIT seed="1,0,0,5,4,125" ten="367,201,276,156" oya="1" hai0="67,128,72,8,68,71,119,18,76,130,69,127,39" hai1="131,129,116,10,122,53,21,105,91,97,106,102,23" hai2="29,70,132,115,121,133,34,85,99,117,59,55,17" hai3="27,79,37,38,104,41,60,20,86,101,19,77,66"/><U6/><E116/><V100/><F70/><W28/><G104/><T110/><D119/><U107/><E122/><V112/><F117/><W5/><G5/><T24/><D127/><U16/><E91/><V51/><F121/><W120/><G120/><T32/><D39/><U1/><E53/><V78/><F17/><W63/><G101/><T36/><D36/><U35/><E35/><V88/><F78/><W98/><G98/><T43/><D43/><U44/><E44/><V3/><F3/><W126/><G126/><T54/><D54/><U61/><E61/><V14/><F14/><W49/><G63/><T46/><D46/><U96/><E23/><V103/><F29/><W0/><G0/><T45/><D45/><U87/><E87/><V15/><F15/><W93/><G49/><T50/><D50/><U108/><E108/><V11/><F11/><W52/><G52/><T80/><D110/><U58/><E58/><V2/><F2/><W109/><G109/><T40/><D40/><U9/><E9/><V65/><F34/><W31/><G38/><T64/><D8/><U113/><E113/><N who="2" m="43595" /><F65/><W123/><G123/><T75/><D75/><U82/><E82/><N who="2" m="49207" /><F103/><W81/><G79/><T114/><D114/><U56/><E56/><V90/><F90/><N who="3" m="53463" /><G41/><T62/><D67/><U7/><E7/><V13/><F13/><W73/><G37/><T22/><REACH who="0" step="1"/><D32/><REACH who="0" ten="357,201,276,156" step="2"/><U30/><E30/><V124/><F124/><W74/><G73/><T42/><D42/><U57/><E57/><AGARI ba="0,1" hai="18,22,24,57,62,64,68,69,71,72,76,80,128,130" machi="57" ten="40,8000,1" yaku="1,1,52,2,53,1" doraHai="125" doraHaiUra="12" who="0" fromWho="1" sc="357,90,201,-80,276,0,156,0" /><INIT seed="2,0,0,0,3,101" ten="447,121,276,156" oya="2" hai0="73,131,11,70,120,90,34,42,37,53,125,52,89" hai1="91,57,126,26,6,65,36,40,51,19,61,124,100" hai2="25,24,8,59,80,45,47,113,130,132,76,79,48" hai3="122,29,4,88,118,112,83,105,103,95,117,7,116"/><V33/><F113/><W109/><G29/><T55/><D120/><U114/><E36/><V28/><F130/><W127/><G4/><T115/><D115/><U9/><E114/><V74/><F132/><W20/><G20/><T35/><D131/><U69/><E100/><V38/><F79/><W5/><G5/><T12/><D70/><U44/><E91/><V102/><F102/><W104/><G7/><T123/><D73/><U31/><E69/><V50/><F38/><W68/><G68/><T63/><D63/><U84/><E19/><V108/><F108/><W98/><G112/><T67/><D67/><U107/><E84/><V81/><F81/><W135/><G122/><T43/><D123/><U14/><REACH who="1" step="1"/><E107/><REACH who="1" ten="447,111,276,156" step="2"/><N who="3" m="41034" /><G135/><T58/><D37/><U96/><E96/><V99/><F99/><W111/><G127/><T46/><D125/><U60/><E60/><V27/><F48/><W121/><G121/><T30/><D90/><U54/><E54/><V32/><F50/><W75/><G75/><T22/><D89/><U72/><E72/><V94/><F74/><W3/><G3/><T66/><D53/><U0/><E0/><V129/><F129/><W10/><G10/><T93/><D52/><U1/><E1/><V110/><F8/><W77/><G77/><T78/><D55/><U71/><E71/><V13/><F76/><W18/><G18/><T62/><D78/><U39/><E39/><V15/><F47/><W2/><G2/><T21/><D46/><U119/><E119/><V82/><F45/><W128/><G128/><T41/><D11/><U85/><E85/><AGARI ba="0,1" hai="83,85,88,95,98,103,109,111,116,117,118" m="41034" machi="85" ten="40,12000,2" yaku="6,1,34,2,52,3,54,1" doraHai="101" who="3" fromWho="1" sc="447,0,111,-120,276,0,156,130" owari="447,54.7,-9,-50.9,276,-12.4,286,8.6" /></mjloggm>