<mjloggm ver="2.3"><GO type="225" lobby="0"/><UN n0="%31%38%63%6D%E7%AB%8B%E7%9B%B4%E6%A3%92" n1="%68%6F%72%69%30%39%30%31" n2="%E6%97%A5%E6%9B%9C%E6%97%A5%E3%82%88%E3%82%8A%E3%81%AE%E4%BD%BF%E8%80%85" n3="%E7%B4%94%E6%BD%94%E3%83%94%E3%83%A9%E3%83%8B%E3%82%A2" dan="16,16,18,18" rate="2111.66,2035.06,2146.40,2199.22" sx="M,M,M,M"/><TAIKYOKU oya="0"/><INIT seed="0,0,0,5,1,32" ten="250,250,250,250" oya="0" hai0="2,91,0,54,94,60,25,51,68,35,120,129,83" hai1="44,89,97,52,9,37,99,81,62,69,84,7,59" hai2="126,135,4,16,56,72,8,110,5,6,58,78,19" hai3="119,115,132,33,106,118,42,75,79,116,113,77,41"/><T82/><D120/><U127/><E127/><V114/><F114/><W47/><G33/><T29/><D129/><U133/><E133/><V70/><F70/><W34/><G34/><T86/><D86/><BYE who="0" /><U66/><E37/><V121/><F121/><W38/><G106/><T39/><D39/><U123/><E44/><UN n0="%31%38%63%6D%E7%AB%8B%E7%9B%B4%E6%A3%92" /><V101/><F126/><W13/><G132/><T108/><D108/><U100/><E100/><V43/><F135/><W61/><G13/><T95/><D95/><U57/><E69/><V124/><F101/><W30/><G30/><T96/><D60/><U17/><E17/><V104/><F104/><W45/><G61/><T27/><D27/><U107/><E107/><V53/><F43/><W90/><G90/><T93/><D93/><U92/><E81/><V122/><F122/><W48/><REACH who="3" step="1"/><G75/><REACH who="3" ten="250,250,250,240" step="2"/><T105/><D105/><U49/><REACH who="1" step="1"/><E123/><REACH who="1" ten="250,240,250,240" step="2"/><V125/><F125/><W15/><G15/><AGARI ba="0,2" hai="7,9,15,49,52,57,59,62,66,84,89,92,97,99" machi="15" ten="30,12000,2" yaku="1,1,2,1,7,1,8,1,54,1,53,1" doraHai="32" doraHaiUra="63" who="1" fromWho="3" sc="250,0,240,140,250,0,240,-120" /><INIT seed="1,0,0,3,1,63" ten="250,380,250,120" oya="1" hai0="72,119,98,94,8,25,16,68,3,81,18,97,116" hai1="101,89,42,57,1,129,79,17,15,64,120,84,109" hai2="22,48,83,27,123,10,35,59,126,88,77,41,130" hai3="125,13,114,52,58,20,66,128,78,71,6,121,82"/><U46/><E120/><V37/><F123/><W100/><G121/><T7/><D68/><U5/><E129/><V62/><F37/><W122/><G122/><T56/><D98/><U55/><E101/><V111/><F35/><W31/><G114/><T51/><D51/><U92/><E1/><V61/><F130/><W19/><G128/><T49/><D49/><U34/><E34/><V4/><F111/><W87/><G125/><T103/><D56/><U73/><E5/><V65/><F126/><W14/><G100/><T117/><REACH who="0" step="1"/><D25/><REACH who="0" ten="240,380,250,120" step="2"/><U26/><E26/><V29/><F48/><N who="3" m="30983" /><G71/><T115/><D115/><U74/><E57/><V36/><F36/><W134/><G134/><T30/><D30/><U67/><E46/><V104/><F59/><W76/><G31/><T60/><D60/><U32/><E42/><V24/><F41/><W75/><G75/><T110/><D110/><U96/><E74/><V38/><F38/><W0/><G0/><T99/><D99/><U127/><E96/><V93/><F29/><W69/><G69/><T102/><D102/><U53/><E73/><V21/><F61/><W108/><G108/><T113/><D113/><U131/><E109/><V2/><F62/><W106/><G106/><T28/><D28/><U85/><E131/><V90/><F104/><W43/><G43/><T23/><D23/><U70/><E127/><V95/><F2/><W112/><G112/><T33/><D33/><U135/><E32/><V124/><F124/><W44/><G44/><T47/><D47/><U54/><E70/><V133/><F133/><W11/><G66/><RYUUKYOKU ba="0,1" sc="240,15,380,-15,250,-15,120,15" hai0="3,7,8,16,18,72,81,94,97,103,116,117,119" hai3="6,11,13,14,19,20,76,78,82,87" /><INIT seed="2,1,1,0,4,47" ten="255,365,235,135" oya="2" hai0="6,22,15,37,94,54,93,1,25,96,119,122,78" hai1="114,16,107,106,48,135,74,84,3,105,18,24,65" hai2="41,134,35,91,76,103,81,57,12,80,73,128,102" hai3="126,13,2,53,87,32,64,88,51,131,70,17,108"/><V82/><F35/><W31/><G108/><T20/><D1/><U98/><E74/><V68/><F68/><W60/><G126/><T0/><D37/><U38/><E114/><V66/><F128/><W130/><G2/><T75/><D0/><U50/><E38/><V72/><F41/><W21/><G31/><T117/><D122/><U39/><E39/><V112/><F112/><W100/><G100/><T23/><D25/><U42/><E3/><V62/><F134/><W123/><G32/><T132/><D132/><U52/><E65/><V59/><F59/><W49/><G123/><T10/><D54/><U26/><E42/><V101/><F12/><W8/><G21/><T121/><D121/><U33/><E48/><V28/><F28/><W125/><G125/><T133/><D133/><U113/><E113/><V14/><F76/><W118/><G118/><N who="0" m="45067" /><D96/><U109/><E98/><V110/><F110/><W34/><G34/><T30/><D30/><U67/><E67/><V89/><F14/><W99/><G99/><T86/><D75/><U127/><E109/><V4/><F4/><W11/><G11/><T45/><D45/><N who="1" m="27727" /><E127/><V63/><F73/><W58/><REACH who="3" step="1"/><G51/><REACH who="3" ten="255,365,235,125" step="2"/><T46/><D20/><U40/><E33/><V115/><F115/><W55/><G55/><T43/><D23/><U83/><E135/><V116/><F116/><W129/><G129/><T85/><D22/><U5/><E40/><V69/><F103/><W124/><G124/><T79/><D43/><U36/><E36/><V56/><F102/><W9/><G9/><T44/><D10/><U71/><E5/><RYUUKYOKU ba="1,2" sc="255,-10,365,-10,235,-10,125,30" hai3="8,13,17,49,53,58,60,64,70,87,88,130,131" /><INIT seed="3,2,2,2,3,4" ten="245,355,225,155" oya="3" hai0="112,52,70,57,8,107,67,24,102,1,6,132,106" hai1="66,117,17,59,76,19,125,18,127,45,25,7,94" hai2="85,104,49,3,97,22,115,105,40,98,38,109,28" hai3="13,121,36,11,62,33,15,51,89,29,5,34,60"/><W77/><G36/><T43/><D132/><U95/><E117/><V90/><F115/><W78/><G121/><T103/><D112/><U69/><E69/><V56/><F3/><W119/><G119/><T134/><D43/><U72/><E25/><N who="2" m="16439" /><F38/><W12/><G89/><T131/><D131/><U30/><E45/><N who="2" m="25767" /><F105/><W23/><G51/><T82/><D134/><U31/><E7/><V14/><F104/><W10/><G23/><T99/><D106/><U130/><E76/><N who="3" m="29290" /><G29/><N who="1" m="10762" /><E72/><V116/><F116/><W122/><G5/><T42/><D103/><U128/><E59/><V39/><F39/><W61/><G122/><T16/><D42/><U46/><E46/><V118/><F118/><W91/><G91/><T48/><D82/><U2/><E66/><V9/><F56/><W129/><G129/><N who="1" m="49770" /><E2/><V75/><F75/><W44/><G44/><T120/><D120/><U26/><E26/><V88/><F90/><W68/><G68/><T123/><D123/><U124/><AGARI ba="2,2" hai="17,18,19,94,95,124,125,127" m="49770,10762" machi="124" ten="40,8000,1" yaku="28,2,18,1,19,1" doraHai="4" who="1" fromWho="1" sc="245,-22,355,106,225,-22,155,-42" owari="223,2.3,461,56.1,203,-19.7,113,-38.7" /></mjloggm>