<mjloggm ver="2.3"><GO type="225" lobby="0"/><UN n0="%65%6B%61%72%75%74%65" n1="%E3%81%B5%E3%81%98%E3%81%8B%E3%81%A4" n2="%E3%81%8B%E3%82%8F%E3%81%A1%E3%82%83%E3%82%93%35%38" n3="%EF%BC%AE%EF%BC%A1%EF%BC%AF%33%33%39" dan="16,17,16,17" rate="2144.41,2233.33,2160.60,2183.93" sx="M,M,M,M"/><TAIKYOKU oya="0"/><INIT seed="0,0,0,0,5,97" ten="250,250,250,250" oya="0" hai0="104,125,15,98,106,12,11,111,49,8,33,59,38" hai1="72,82,4,14,1,119,22,62,81,74,134,0,91" hai2="101,60,41,88,69,105,7,110,71,109,96,65,83" hai3="36,32,35,124,115,116,46,16,90,86,63,94,100"/><T117/><D117/><U67/><E119/><V70/><F7/><W39/><G116/><T122/><D38/><U51/><E134/><V73/><F41/><W20/><G115/><T123/><D33/><U75/><E51/><V55/><F55/><W17/><G124/><T92/><D125/><U18/><E91/><V45/><F45/><W43/><G39/><T34/><D34/><U103/><E103/><V48/><F48/><W23/><G63/><T132/><D132/><U57/><REACH who="1" step="1"/><E4/><REACH who="1" ten="250,240,250,250" step="2"/><V29/><F88/><W118/><G118/><T30/><D49/><U47/><E47/><V89/><F89/><W131/><G100/><T19/><D122/><U126/><E126/><V37/><F37/><W120/><G120/><T6/><D123/><U3/><AGARI ba="0,1" hai="0,1,3,14,18,22,57,62,67,72,74,75,81,82" machi="3" ten="40,2700,0" yaku="1,1,0,1,53,0" doraHai="97" doraHaiUra="129" who="1" fromWho="1" sc="250,-13,240,37,250,-7,250,-7" /><INIT seed="1,0,0,5,4,76" ten="237,277,243,243" oya="1" hai0="59,39,99,60,105,104,106,132,38,115,29,95,44" hai1="116,117,72,20,131,22,10,13,24,73,34,55,110" hai2="51,93,88,18,69,83,119,57,126,109,40,84,33" hai3="7,1,30,61,96,102,81,32,50,64,134,90,122"/><U0/><E55/><V108/><F119/><N who="1" m="45641" /><E72/><V133/><F69/><W6/><G122/><T100/><D115/><U91/><E73/><V78/><F133/><W66/><G66/><T125/><D125/><U89/><E91/><V5/><F126/><W62/><G62/><T112/><D112/><U4/><E89/><V27/><F5/><W101/><G101/><T15/><D132/><U94/><E94/><V56/><F40/><W11/><G6/><T114/><D114/><U128/><E110/><N who="2" m="42603" /><F51/><W67/><G50/><T14/><D29/><N who="1" m="19751" /><E0/><V135/><F135/><W123/><G134/><T54/><REACH who="0" step="1"/><D39/><REACH who="0" ten="227,277,243,243" step="2"/><U82/><E131/><V2/><F2/><W16/><G30/><T63/><D63/><U58/><E128/><V26/><F33/><W103/><G32/><T98/><D98/><U21/><E10/><V107/><F107/><W36/><G36/><T77/><D77/><U121/><E20/><N who="2" m="13591" /><F27/><W48/><G61/><T75/><D75/><AGARI ba="0,1" hai="56,57,75,78,83,84,88,93" m="13591,42603" machi="75" ten="30,3900,0" yaku="14,1,52,1,54,1" doraHai="76" who="2" fromWho="0" sc="227,-39,277,0,243,49,243,0" /><INIT seed="2,0,0,3,4,114" ten="188,277,292,243" oya="2" hai0="15,97,20,125,38,47,42,21,129,117,34,119,63" hai1="29,60,35,79,109,85,13,25,40,82,72,83,7" hai2="12,14,48,51,26,70,127,32,16,69,122,88,23" hai3="103,27,64,116,76,0,22,120,135,8,94,113,3"/><V130/><F122/><W95/><G76/><T101/><D125/><U104/><E104/><V6/><F127/><W43/><G120/><T11/><D129/><U90/><E109/><V74/><F74/><W61/><G43/><T10/><D63/><U118/><E40/><V2/><F14/><W4/><G113/><T17/><D34/><U93/><E60/><V77/><F77/><W24/><G24/><T68/><D68/><U73/><E73/><V57/><F130/><W28/><G135/><T126/><D126/><U84/><E7/><V53/><F51/><W18/><G0/><T50/><D38/><U78/><REACH who="1" step="1"/><E13/><REACH who="1" ten="188,267,292,243" step="2"/><V56/><F6/><W9/><G4/><T30/><D11/><U19/><E19/><V134/><F16/><W45/><G8/><T49/><D49/><U44/><E44/><V41/><F48/><W37/><G45/><T36/><D50/><U111/><E111/><V58/><F12/><W80/><G9/><T115/><D115/><U96/><E96/><V52/><F41/><W99/><G37/><T102/><D102/><U123/><E123/><V33/><F2/><W87/><G3/><T67/><D67/><U66/><E66/><V5/><F5/><W65/><G65/><T106/><REACH who="0" step="1"/><D30/><REACH who="0" ten="178,267,292,243" step="2"/><U131/><E131/><V55/><F134/><W108/><G28/><T112/><D112/><U121/><E121/><V105/><F70/><W133/><G133/><T107/><D107/><U100/><E100/><V39/><F69/><W81/><G108/><T110/><D110/><U91/><E91/><V86/><F39/><W132/><G132/><RYUUKYOKU ba="0,2" sc="178,15,267,15,292,-15,243,-15" hai0="10,15,17,20,21,36,42,47,97,101,106,117,119" hai1="25,29,35,72,78,79,82,83,84,85,90,93,118" /><INIT seed="3,1,2,5,0,102" ten="193,282,277,228" oya="3" hai0="27,85,21,60,25,18,90,109,117,95,54,22,128" hai1="75,81,123,24,118,45,12,55,80,4,98,77,50" hai2="92,7,14,11,34,49,87,44,30,1,26,43,134" hai3="62,70,56,20,122,2,86,83,29,94,100,52,110"/><W88/><G122/><T16/><D109/><U33/><E123/><V130/><F130/><W97/><G2/><T135/><D128/><U47/><E81/><V64/><F134/><W65/><G110/><T19/><D135/><U48/><E118/><V111/><F111/><W132/><G132/><T58/><REACH who="0" step="1"/><D117/><REACH who="0" ten="183,282,277,228" step="2"/><U46/><E33/><V28/><F64/><W41/><G41/><T107/><D107/><U79/><E55/><V10/><F30/><AGARI ba="1,3" hai="16,18,19,21,22,25,27,30,54,58,60,85,90,95" machi="30" ten="30,8000,1" yaku="1,1,7,1,8,1,54,1,53,1" doraHai="102" doraHaiUra="53" who="0" fromWho="2" sc="183,113,282,0,277,-83,228,0" /><INIT seed="4,0,0,0,4,108" ten="296,282,194,228" oya="0" hai0="92,109,90,37,26,124,133,119,120,67,85,68,112" hai1="74,97,27,1,58,20,22,31,55,34,83,130,95" hai2="48,114,45,47,36,100,44,88,33,30,104,49,53" hai3="75,69,132,14,101,80,116,9,91,65,16,7,4"/><T2/><RYUUKYOKU type="yao9" ba="0,0" sc="296,0,282,0,194,0,228,0" hai0="2,26,37,67,68,85,90,92,109,112,119,120,124,133" /><INIT seed="4,1,0,3,1,75" ten="296,282,194,228" oya="0" hai0="104,40,127,133,26,108,96,85,27,103,106,25,49" hai1="120,28,21,118,38,62,47,0,52,63,78,18,34" hai2="61,2,101,1,48,33,36,92,55,115,123,15,110" hai3="53,32,65,51,95,70,50,121,124,5,89,105,39"/><T128/><D127/><U24/><E120/><V126/><F110/><W134/><G32/><T7/><D128/><U93/><E118/><V131/><F123/><W43/><G121/><T90/><D133/><U30/><E0/><V82/><F36/><W117/><G105/><T23/><D108/><U87/><E38/><V9/><F33/><W74/><G74/><T13/><D106/><U66/><E66/><V11/><F11/><W14/><G117/><T44/><D13/><U16/><E34/><V56/><F126/><W132/><G124/><T114/><D114/><U116/><E116/><V98/><F131/><W12/><G39/><T94/><D7/><U135/><E135/><N who="3" m="51754" /><G43/><T59/><D59/><N who="1" m="35175" /><E30/><AGARI ba="1,0" hai="23,25,26,27,30,40,44,49,85,90,94,96,103,104" machi="30" ten="30,1500,0" yaku="7,1" doraHai="75" who="0" fromWho="1" sc="296,18,282,-18,194,0,228,0" owari="314,41.4,264,6.4,194,-30.6,228,-17.2" /></mjloggm>