<mjloggm ver="2.3"><GO type="225" lobby="0"/><UN n0="%E3%82%A2%E3%83%A1%E3%82%A2%E3%83%A9%E3%83%AC" n1="%4B%2E%32%2E%4B%2E" n2="%E5%8C%97%E6%AC%A7%E3%81%AE%E3%82%82%E3%81%93%E3%81%86" n3="%E3%81%95%E3%81%8D%E3%81%9F%E3%81%BE%E6%9E%97%E6%AA%8E" dan="16,17,17,16" rate="2119.49,2191.93,2178.45,2077.40" sx="M,M,M,M"/><TAIKYOKU oya="0"/><INIT seed="0,0,0,1,0,110" ten="250,250,250,250" oya="0" hai0="61,86,115,11,111,116,131,119,97,81,124,8,89" hai1="118,26,12,90,16,23,9,46,82,5,15,35,101" hai2="48,10,85,73,100,130,44,134,125,19,62,109,84" hai3="37,42,29,7,27,117,70,128,83,34,122,132,53"/><T4/><D131/><U50/><E118/><V3/><F73/><W108/><G117/><T112/><D124/><U43/><E101/><V32/><F109/><W39/><G108/><T59/><D111/><U133/><E133/><V71/><F32/><W135/><G128/><T79/><D116/><U68/><E68/><V67/><F134/><N who="3" m="51243" /><G122/><T69/><D69/><U24/><REACH who="1" step="1"/><E35/><REACH who="1" ten="250,240,250,250" step="2"/><V75/><F100/><W58/><G70/><T123/><D119/><U1/><E1/><V31/><F3/><W113/><G34/><T121/><D121/><U57/><E57/><V120/><F120/><W33/><G58/><T18/><D123/><U103/><E103/><V77/><F130/><W55/><G33/><T65/><D18/><U87/><AGARI ba="0,1" hai="5,9,12,15,16,23,24,26,43,46,50,82,87,90" machi="87" ten="30,7900,0" yaku="1,1,0,1,8,1,54,1,53,0" doraHai="110" doraHaiUra="66" who="1" fromWho="1" sc="250,-39,240,89,250,-20,250,-20" /><INIT seed="1,0,0,1,3,67" ten="211,329,230,230" oya="1" hai0="89,45,5,93,24,75,113,55,7,94,15,28,6" hai1="1,87,106,105,111,135,12,90,85,56,132,41,112" hai2="120,50,110,97,82,76,125,17,116,91,86,19,8" hai3="0,20,72,21,134,54,98,80,84,4,64,99,130"/><U73/><E1/><V38/><F110/><W68/><G72/><T47/><D113/><U34/><E34/><V119/><F38/><W70/><G0/><T44/><D75/><U59/><E73/><V117/><F120/><W49/><G4/><T3/><D3/><U127/><E112/><V52/><F125/><W62/><G130/><T102/><D102/><U51/><E12/><V128/><F128/><W2/><G2/><T35/><D94/><U32/><E32/><V26/><F26/><W109/><G109/><T108/><D108/><U121/><E111/><V42/><F42/><W95/><G134/><T18/><D55/><U118/><E118/><V11/><F97/><W46/><G70/><T107/><D107/><U100/><E100/><V96/><F96/><W43/><G43/><T79/><D79/><U123/><E41/><V129/><F76/><W104/><G104/><T65/><D65/><U40/><E40/><V23/><F129/><W101/><REACH who="3" step="1"/><G99/><REACH who="3" ten="211,329,230,220" step="2"/><T63/><D6/><U36/><E106/><V10/><REACH who="2" step="1"/><F23/><REACH who="2" ten="211,329,220,220" step="2"/><W53/><G53/><T126/><D35/><U69/><E132/><V122/><F122/><W78/><AGARI ba="0,2" hai="20,21,46,49,54,62,64,68,78,80,84,95,98,101" machi="78" ten="20,12000,2" yaku="1,1,0,1,7,1,52,1,53,2" doraHai="67" doraHaiUra="16" who="3" fromWho="3" sc="211,-30,329,-60,220,-30,220,140" /><INIT seed="2,0,0,3,2,50" ten="181,269,190,360" oya="2" hai0="14,76,37,125,103,128,61,98,35,119,40,96,34" hai1="124,67,87,102,94,56,130,10,123,69,11,9,32" hai2="47,118,68,92,23,127,81,12,97,15,121,7,86" hai3="31,5,46,59,8,54,95,58,115,44,2,25,71"/><V101/><F118/><W114/><G71/><T53/><D119/><U43/><E69/><V112/><F121/><W49/><G95/><T73/><D128/><U24/><E130/><V30/><F112/><N who="3" m="43051" /><G59/><T108/><D108/><U80/><E124/><V38/><F127/><W27/><G27/><T28/><D125/><U65/><E123/><V82/><F68/><W60/><G60/><T72/><D14/><U116/><E43/><V16/><F30/><W0/><G0/><T107/><D96/><N who="1" m="59671" /><E24/><V70/><F70/><W13/><G2/><T109/><D109/><U3/><E32/><AGARI ba="0,0" hai="5,8,13,25,31,32,44,46,49,54,58" m="43051" machi="32" ten="30,2000,0" yaku="11,1,52,1" doraHai="50" who="3" fromWho="1" sc="181,0,269,-20,190,0,360,20" /><INIT seed="3,0,0,0,4,40" ten="181,249,190,380" oya="3" hai0="127,94,27,114,102,3,78,73,66,52,135,28,47" hai1="115,34,81,7,13,87,126,133,128,38,21,118,16" hai2="63,117,82,80,111,32,24,59,68,0,106,6,76" hai3="122,9,56,113,69,134,125,120,95,119,14,131,97"/><W20/><G56/><T85/><D135/><U46/><E118/><V12/><F0/><W91/><G91/><T55/><D127/><U132/><E115/><V44/><F68/><W22/><G22/><N who="0" m="15479" /><D3/><U37/><E34/><V70/><F70/><W36/><G95/><T57/><D73/><U1/><E128/><V77/><F106/><W112/><G97/><N who="0" m="59703" /><D114/><U92/><E92/><V60/><F117/><W35/><G20/><T53/><D47/><U130/><E130/><V26/><F111/><W45/><G45/><T96/><D96/><U5/><E126/><V121/><F121/><W51/><G51/><N who="0" m="30911" /><D66/><U23/><E23/><V65/><F44/><W74/><G14/><T109/><D109/><U50/><E38/><V84/><F32/><W11/><G11/><T116/><D116/><U108/><E37/><V103/><F103/><W89/><G9/><T41/><D41/><N who="1" m="24911" /><E108/><V31/><F59/><W129/><G129/><T79/><D79/><N who="1" m="46527" /><E1/><V48/><F65/><W62/><G113/><T30/><D30/><U25/><E13/><V107/><F107/><W110/><G36/><T42/><D42/><U15/><E15/><V54/><F31/><W105/><G110/><T19/><D19/><U100/><E100/><V71/><F71/><W17/><G112/><T83/><AGARI ba="0,0" hai="52,55,78,83,85" m="30911,59703,15479" machi="83" ten="30,2000,0" yaku="8,1,54,1" doraHai="40" who="0" fromWho="0" sc="181,20,249,-5,190,-5,380,-10" owari="201,-19.9,244,4.4,185,-31.5,370,47.0" /></mjloggm>