<mjloggm ver="2.3"><GO type="225" lobby="0"/><UN n0="%E3%81%AF%E3%82%88%E3%81%8A%E3%81%98%E3%81%95%E3%82%93" n1="%E9%80%9F%E6%B0%B4%E5%87%9B%E9%A6%99" n2="%E5%B8%86%E7%AB%8B%E5%A4%8F%E8%A1%A3" n3="%E3%81%86%E3%82%8B%E3%81%8A%E3%81%A1%E3%82%83" dan="16,16,17,16" rate="2172.51,2162.19,2164.71,2100.60" sx="M,F,M,F"/><TAIKYOKU oya="0"/><INIT seed="0,0,0,4,1,39" ten="250,250,250,250" oya="0" hai0="120,20,103,43,32,66,40,12,62,86,121,111,4" hai1="45,31,114,116,110,130,72,127,37,89,55,74,105" hai2="10,5,83,21,42,131,75,125,13,119,56,104,97" hai3="63,44,49,133,16,34,67,18,84,53,6,99,47"/><T94/><D32/><U113/><E31/><V15/><F125/><W95/><G133/><T51/><D120/><U106/><E116/><V46/><F131/><W70/><G34/><T3/><D121/><U124/><E55/><V52/><F119/><W50/><G6/><T60/><D3/><U19/><E19/><V102/><F21/><W129/><G84/><T0/><D0/><U81/><E45/><V61/><F75/><N who="1" m="28713" /><E37/><V122/><F83/><W35/><G35/><T36/><D36/><U123/><E123/><V115/><F122/><W57/><G129/><T93/><D111/><U1/><E1/><V64/><F115/><N who="1" m="44041" /><E130/><V79/><F79/><W54/><REACH who="3" step="1"/><G70/><REACH who="3" ten="250,250,250,240" step="2"/><T48/><D4/><U107/><E110/><V65/><REACH who="2" step="1"/><F15/><REACH who="2" ten="250,250,240,240" step="2"/><W90/><AGARI ba="0,2" hai="16,18,44,47,49,50,53,54,57,63,67,90,95,99" machi="90" ten="20,12000,2" yaku="1,1,2,1,0,1,7,1,9,1,8,1,54,1,53,0" doraHai="39" doraHaiUra="8" who="3" fromWho="3" sc="250,-60,250,-30,240,-30,240,140" /><INIT seed="1,0,0,3,5,62" ten="190,220,210,380" oya="1" hai0="66,16,108,97,49,4,110,10,109,2,17,12,42" hai1="57,92,83,111,21,119,9,112,114,20,1,121,74" hai2="88,68,38,58,33,36,18,85,72,59,90,132,98" hai3="101,65,131,14,81,39,117,35,102,64,107,130,23"/><U95/><E121/><V15/><F132/><W124/><G35/><T96/><D66/><N who="3" m="25705" /><G39/><T128/><D128/><N who="3" m="49193" /><G124/><T84/><D84/><U51/><E119/><V55/><F85/><W122/><G122/><T45/><REACH who="0" step="1"/><D17/><REACH who="0" ten="180,220,210,380" step="2"/><U103/><E114/><V133/><F18/><N who="3" m="10711" /><G117/><T82/><D82/><U19/><E112/><V89/><F133/><W8/><G81/><T105/><D105/><U54/><E83/><V26/><F68/><W53/><G107/><T115/><D115/><U126/><E126/><V80/><F80/><W86/><G86/><T27/><D27/><U100/><E74/><V134/><F72/><W31/><G31/><T48/><D48/><U135/><E51/><V120/><F26/><W24/><G24/><T71/><D71/><U61/><E19/><V11/><F134/><W50/><G8/><AGARI ba="0,1" hai="2,4,8,10,12,16,42,45,49,96,97,108,109,110" machi="8" ten="40,5200,0" yaku="1,1,14,1,54,1,53,0" doraHai="62" doraHaiUra="79" who="0" fromWho="3" sc="180,62,220,0,210,0,380,-52" /><INIT seed="2,0,0,3,0,82" ten="242,220,210,328" oya="2" hai0="103,31,130,63,99,1,78,102,79,16,117,74,112" hai1="96,87,9,25,39,66,22,33,17,54,20,72,84" hai2="123,122,94,91,30,121,62,105,67,23,53,132,0" hai3="81,101,2,46,86,106,73,14,129,50,89,114,56"/><V107/><F0/><W68/><G2/><T110/><D112/><U115/><E72/><V59/><F132/><W127/><G68/><T18/><D1/><U65/><E39/><V38/><F38/><W12/><G114/><T35/><D110/><U70/><E70/><V85/><F30/><W113/><G113/><T97/><D130/><U76/><E33/><V34/><F34/><W128/><G73/><T4/><D4/><U3/><E3/><V125/><F125/><W57/><G127/><T48/><D117/><U90/><E76/><N who="0" m="29225" /><D35/><U6/><E115/><V55/><REACH who="2" step="1"/><F23/><REACH who="2" ten="242,220,200,328" step="2"/><W69/><G128/><T83/><D31/><U32/><E22/><V21/><F21/><W135/><G129/><T36/><D36/><U118/><E32/><V8/><F8/><W19/><G135/><T40/><D74/><U7/><E118/><V41/><F41/><W43/><G43/><T29/><D29/><U98/><E9/><V75/><F75/><W133/><G133/><T10/><D10/><U13/><E6/><V58/><F58/><W131/><G56/><T93/><D40/><U64/><E7/><V120/><N who="2" m="30720" /><DORA hai="77" /><V111/><F111/><W88/><G57/><T71/><D71/><U49/><E20/><V134/><F134/><W116/><G69/><T5/><D5/><U45/><E17/><V28/><F28/><W109/><G19/><T104/><D16/><U27/><E45/><V24/><F24/><W51/><G46/><T119/><D18/><U95/><E25/><V42/><F42/><W108/><G109/><T11/><D11/><U80/><E27/><RYUUKYOKU ba="0,1" sc="242,-10,220,-10,200,30,328,-10" hai2="53,55,59,62,67,85,91,94,105,107" /><INIT seed="2,1,1,4,1,40" ten="232,210,230,318" oya="2" hai0="99,96,58,27,0,22,23,47,34,36,35,71,81" hai1="67,16,112,70,85,43,13,21,98,69,88,124,64" hai2="128,61,73,9,37,14,59,53,8,7,134,12,51" hai3="90,60,4,1,119,33,45,63,25,26,102,6,132"/><V19/><F134/><W127/><G119/><T41/><D71/><U80/><E112/><V29/><F128/><W56/><G132/><T52/><D0/><U30/><E124/><V89/><F73/><W49/><G127/><T109/><D109/><U39/><E39/><V110/><F37/><W82/><G102/><T31/><D23/><U74/><E74/><V57/><F110/><W28/><G1/><T55/><D55/><U17/><E30/><V76/><F76/><W133/><G133/><T15/><D81/><U62/><E43/><V91/><REACH who="2" step="1"/><F29/><REACH who="2" ten="232,210,220,318" step="2"/><W113/><G28/><T107/><D34/><U121/><E121/><V122/><F122/><W114/><G33/><T77/><D77/><U20/><E98/><V18/><F18/><W79/><G79/><T104/><D99/><U103/><E103/><V116/><F116/><W135/><G135/><T111/><D96/><U11/><E17/><V130/><F130/><W95/><G113/><T125/><D125/><U3/><E3/><V126/><F126/><W24/><G114/><T131/><D131/><U84/><E84/><V129/><F129/><W92/><G4/><T83/><D111/><U65/><E70/><V115/><F115/><W108/><G6/><T101/><D101/><U50/><E21/><V44/><F44/><W66/><G108/><T48/><D83/><U46/><E20/><V87/><F87/><N who="3" m="52319" /><G82/><T106/><D35/><U93/><E80/><V38/><F38/><W32/><G32/><T42/><D36/><U10/><E10/><V75/><F75/><W118/><G118/><T2/><D31/><RYUUKYOKU ba="1,2" sc="232,-15,210,15,220,15,318,-15" hai1="11,13,16,46,50,62,64,65,67,69,85,88,93" hai2="7,8,9,12,14,19,51,53,57,59,61,89,91" /><INIT seed="2,2,2,0,4,125" ten="217,225,235,303" oya="2" hai0="43,64,7,129,83,88,81,87,21,10,29,50,48" hai1="46,70,75,18,99,11,36,5,131,116,58,106,71" hai2="26,12,100,47,35,115,52,65,112,79,2,53,17" hai3="19,124,82,118,9,14,108,13,135,111,102,123,56"/><V80/><F2/><W40/><G118/><T0/><D129/><U55/><E18/><V104/><F65/><W126/><G123/><T3/><D3/><U127/><E75/><V128/><F128/><W63/><G135/><T119/><D119/><U59/><E59/><V101/><F115/><W30/><G40/><T74/><D64/><U78/><E78/><V57/><F112/><W24/><G102/><N who="2" m="39529" /><F35/><N who="3" m="20935" /><G82/><T114/><D114/><U73/><E73/><V41/><F104/><W84/><G84/><T8/><D10/><U92/><E106/><V122/><F122/><W77/><G77/><T91/><D43/><U44/><E116/><V45/><F26/><W23/><G63/><T109/><D109/><N who="3" m="42057" /><G56/><T39/><D39/><U98/><E36/><V134/><F134/><W105/><G105/><T68/><D68/><U4/><E71/><V20/><F41/><W25/><G14/><N who="0" m="5407" /><D74/><U62/><E70/><V95/><F95/><W72/><G72/><T54/><D0/><U38/><E92/><V96/><F96/><W60/><G60/><T27/><D54/><N who="2" m="21098" /><F57/><W33/><G33/><T1/><D1/><U49/><E38/><V37/><F37/><W34/><G34/><T28/><D28/><AGARI ba="2,2" hai="9,13,19,23,25,28,124,126" m="42057,20935" machi="28" ten="30,3900,0" yaku="14,1,34,2" doraHai="125" who="3" fromWho="0" sc="217,-45,225,0,235,0,303,65" /><INIT seed="3,0,0,5,4,27" ten="172,225,235,368" oya="3" hai0="71,134,1,112,88,61,7,122,55,80,38,133,95" hai1="123,75,22,96,3,89,4,102,86,42,125,37,28" hai2="100,6,92,98,60,58,12,23,81,34,85,41,21" hai3="130,117,106,30,115,10,13,26,54,111,108,31,116"/><W39/><G106/><T99/><D122/><U46/><E123/><V93/><F34/><W120/><G39/><T11/><D38/><U24/><E75/><V49/><F92/><W78/><G78/><T51/><D112/><U57/><E125/><V128/><F128/><W59/><G115/><T83/><D61/><U53/><E4/><V119/><F119/><W19/><G130/><T105/><D71/><U94/><E3/><V110/><F110/><N who="3" m="42027" /><G120/><T76/><D105/><U33/><E33/><V73/><F12/><W69/><G69/><T47/><REACH who="0" step="1"/><D76/><REACH who="0" ten="162,225,235,368" step="2"/><U43/><E37/><V82/><F60/><N who="3" m="35959" /><G116/><T103/><D103/><U32/><E46/><V87/><F100/><W68/><G68/><T90/><D90/><U17/><E102/><V2/><F58/><W20/><G117/><T129/><D129/><U45/><E45/><V124/><F124/><W127/><G127/><T65/><D65/><U131/><E131/><V56/><F56/><W109/><G109/><T48/><D48/><U14/><E96/><V40/><F98/><W52/><G52/><T101/><D101/><U77/><E77/><V97/><F97/><W64/><G64/><T91/><D91/><U50/><AGARI ba="0,1" hai="14,17,22,24,28,32,42,43,50,53,57,86,89,94" machi="50" ten="20,8000,1" yaku="0,1,7,1,25,2,52,1" doraHai="27" who="1" fromWho="1" sc="162,-20,225,90,235,-20,368,-40" owari="142,-35.8,315,11.5,215,-18.5,328,42.8" /></mjloggm>