<mjloggm ver="2.3"><GO type="225" lobby="0"/><UN n0="%E4%B8%AD%E5%B9%B4%E3%81%AE%E5%8D%B1%E6%A9%9F" n1="%E3%81%86%E3%82%8B%E3%81%8A%E3%81%A1%E3%82%83" n2="%E3%81%82%E3%81%99%E3%81%AB%E3%82%83%E3%82%80" n3="%E3%81%99%E3%81%84%E3%81%BE%E3%81%9B%E3%83%BC%E3%82%93" dan="16,16,16,16" rate="2138.55,2046.21,2054.79,2130.34" sx="M,F,F,M"/><TAIKYOKU oya="0"/><INIT seed="0,0,0,5,0,92" ten="250,250,250,250" oya="0" hai0="116,125,89,69,128,36,124,28,57,106,25,67,96" hai1="59,61,44,46,115,131,86,121,19,120,60,12,134" hai2="64,97,33,15,50,71,111,90,48,3,126,104,76" hai3="81,80,17,58,122,129,16,91,0,27,82,114,6"/><T53/><D116/><U20/><E134/><V21/><F3/><W43/><G114/><T70/><D36/><U98/><E131/><V108/><F33/><W34/><G129/><T101/><D128/><U55/><E115/><V63/><F126/><N who="0" m="48746" /><D89/><U51/><E86/><V68/><F76/><W41/><G122/><T38/><D38/><U54/><E120/><V118/><F71/><W117/><G117/><T11/><D11/><U32/><E32/><V74/><F74/><W52/><G91/><T73/><D67/><U132/><E132/><V14/><F118/><W35/><G6/><T87/><D87/><U130/><E130/><V109/><F104/><W24/><G0/><T56/><D73/><U113/><E113/><V65/><F65/><W39/><G35/><N who="0" m="20879" /><D56/><U66/><E121/><V100/><F100/><W93/><G39/><T49/><AGARI ba="0,0" hai="49,53,57,69,70,96,101,106" m="20879,48746" machi="49" ten="30,3000,0" yaku="18,1,52,1" doraHai="92" who="0" fromWho="0" sc="250,30,250,-10,250,-10,250,-10" /><INIT seed="0,1,0,4,2,89" ten="280,240,240,240" oya="0" hai0="121,51,81,45,19,64,46,106,78,118,79,24,36" hai1="76,133,32,112,124,104,116,84,52,13,66,98,49" hai2="127,105,132,43,134,103,22,73,62,95,38,5,21" hai3="40,29,75,30,57,72,14,128,102,110,100,67,115"/><T41/><D121/><U58/><E116/><V122/><F122/><W55/><G115/><T80/><D118/><U11/><E32/><V35/><F35/><W87/><G128/><T37/><D106/><U0/><E0/><V25/><F105/><W7/><G110/><T61/><D24/><U9/><E104/><V99/><F73/><W53/><G40/><T10/><D10/><U48/><E98/><V34/><F127/><W42/><G42/><T129/><D19/><U6/><E133/><N who="2" m="51307" /><F5/><W92/><G75/><T90/><D129/><U130/><E66/><V16/><F62/><W88/><G72/><T113/><D113/><U63/><E124/><V31/><F16/><W82/><G67/><T26/><D26/><U109/><E109/><V114/><F114/><W1/><G1/><T131/><D131/><U44/><E9/><V65/><F65/><W77/><G29/><T135/><D135/><U12/><E12/><V50/><F38/><W97/><G30/><T33/><D33/><U93/><E112/><V111/><F111/><W101/><G57/><N who="0" m="36911" /><D36/><U107/><E107/><V119/><F119/><W94/><G94/><T126/><D126/><U83/><E130/><V60/><F60/><W4/><G4/><T39/><D80/><U125/><E125/><V54/><F43/><W47/><G47/><AGARI ba="1,0" hai="21,22,25,31,34,47,50,54,95,99,103" m="51307" machi="47" ten="30,2000,0" yaku="20,1,52,1" doraHai="89" who="2" fromWho="3" sc="280,0,240,0,240,23,240,-23" /><INIT seed="1,0,0,4,5,101" ten="280,240,263,217" oya="1" hai0="7,8,63,33,83,12,37,91,49,90,67,64,131" hai1="28,25,54,0,14,115,80,107,55,18,68,10,19" hai2="114,130,93,73,117,35,3,66,116,15,59,53,103" hai3="98,128,111,51,32,113,99,27,48,102,69,60,123"/><U42/><E115/><V62/><F3/><W112/><G123/><T38/><D33/><U72/><E68/><V22/><F35/><W26/><G128/><T105/><D105/><U4/><E42/><V9/><F73/><W133/><G133/><T31/><D31/><U82/><E107/><V127/><F130/><W77/><G77/><T104/><D104/><U134/><E134/><V88/><F127/><W61/><G69/><T106/><D106/><U120/><E120/><V124/><F124/><W129/><G32/><T108/><D108/><U11/><E18/><V47/><F103/><W86/><G86/><T78/><D131/><U41/><E41/><V92/><F92/><W89/><G129/><T43/><D37/><U87/><E72/><V34/><F34/><W20/><G102/><T122/><D38/><U79/><E80/><V76/><F76/><W85/><G85/><N who="0" m="48375" /><D122/><U71/><E71/><V45/><F114/><W132/><G132/><T24/><D24/><U100/><E100/><V57/><F22/><AGARI ba="0,0" hai="0,4,10,11,14,19,22,25,28,54,55,79,82,87" machi="22" ten="30,1500,0" yaku="7,1" doraHai="101" who="1" fromWho="2" sc="280,0,240,15,263,-15,217,0" /><INIT seed="1,1,0,5,4,123" ten="280,255,248,217" oya="1" hai0="14,24,50,63,81,11,29,134,59,90,128,19,113" hai1="111,106,109,16,64,102,78,85,117,72,4,62,27" hai2="36,112,41,42,56,104,57,18,66,83,21,44,110" hai3="33,35,32,93,73,61,88,79,13,17,28,69,76"/><U133/><E117/><V51/><F104/><W99/><G28/><T5/><D113/><U120/><E120/><V74/><F112/><W43/><G43/><T68/><D128/><U92/><E4/><V2/><F2/><W30/><G30/><T48/><D68/><U12/><E27/><V26/><F41/><W107/><G107/><T96/><D134/><U94/><E72/><V116/><F116/><W122/><G73/><T103/><D90/><U25/><E25/><V53/><F66/><W97/><G97/><T34/><D81/><N who="1" m="47287" /><E102/><V15/><F74/><W70/><G122/><T127/><D5/><U82/><E82/><V39/><F83/><W1/><G1/><T105/><REACH who="0" step="1"/><D127/><REACH who="0" ten="270,255,248,217" step="2"/><U132/><E106/><V55/><F36/><W108/><G70/><T119/><D119/><U8/><E92/><V71/><F71/><W121/><G121/><T125/><D125/><U0/><E94/><V91/><F91/><W80/><G80/><T101/><D101/><U23/><E0/><V130/><F130/><W38/><G76/><T47/><D47/><U46/><E46/><V87/><F39/><W6/><G38/><T100/><D100/><U49/><E8/><V98/><F87/><W129/><G129/><T45/><D45/><U7/><E7/><V77/><F77/><W3/><G79/><T20/><D20/><U37/><E37/><V124/><F124/><W118/><G118/><T84/><D84/><U135/><E49/><V65/><F51/><W31/><G6/><T22/><D22/><U60/><E60/><N who="2" m="38023" /><F21/><N who="3" m="11439" /><G69/><AGARI ba="1,1" hai="12,16,23,62,64,69,109,111,132,133,135" m="47287" machi="69" ten="40,12000,1" yaku="20,1,52,2,54,1" doraHai="123" who="1" fromWho="3" sc="270,0,255,133,248,0,217,-123" /><INIT seed="1,2,0,0,5,123" ten="270,388,248,94" oya="1" hai0="120,19,69,43,135,125,101,122,5,66,26,77,0" hai1="63,68,80,102,60,33,62,30,134,104,17,54,89" hai2="129,108,16,61,78,27,2,41,37,85,65,128,1" hai3="111,39,127,132,71,18,29,10,58,46,76,131,56"/><U21/><E134/><V107/><F107/><W4/><G132/><T13/><D135/><U45/><E33/><V11/><F37/><W24/><G71/><T6/><D43/><U83/><E30/><V38/><F41/><W110/><G127/><T20/><D77/><U70/><E70/><V22/><F38/><W23/><G131/><N who="2" m="50249" /><F11/><W103/><G76/><T74/><D74/><U97/><E68/><N who="2" m="42031" /><F108/><N who="3" m="41515" /><G103/><T53/><D53/><U112/><E112/><V99/><F99/><W100/><G100/><T109/><D101/><U8/><E8/><V130/><F130/><W15/><G29/><T90/><D122/><U115/><E115/><V52/><F52/><W98/><G98/><T44/><D125/><U64/><E97/><V119/><F119/><W117/><G117/><T92/><D120/><U49/><E102/><V88/><F78/><W36/><G36/><T25/><D109/><U47/><E104/><V106/><F106/><W9/><G10/><N who="0" m="2343" /><D69/><U12/><E64/><V91/><F91/><W50/><G39/><T32/><D66/><U35/><E89/><V81/><AGARI ba="2,0" hai="1,2,16,22,27,81,85,88" m="42031,50249" machi="81" ten="30,4000,0" yaku="19,1,54,2" doraHai="123" who="2" fromWho="2" sc="270,-12,388,-22,248,46,94,-12" /><INIT seed="2,0,0,4,4,18" ten="258,366,294,82" oya="2" hai0="112,43,109,24,8,12,51,32,114,119,45,94,126" hai1="61,134,111,5,27,121,63,56,100,113,22,77,30" hai2="10,89,125,93,101,105,118,95,42,130,135,50,108" hai3="132,87,26,120,74,46,47,23,41,91,65,92,85"/><V60/><F118/><W14/><G120/><T97/><D109/><U86/><E113/><V44/><F108/><W59/><G74/><T115/><D119/><U48/><E134/><V68/><F135/><W15/><G132/><T116/><D116/><U84/><E121/><V37/><F130/><W20/><G85/><T104/><D104/><U103/><E5/><V25/><F125/><W127/><G127/><T64/><D64/><N who="1" m="38951" /><E63/><V16/><F105/><W34/><G34/><T57/><D57/><U49/><E84/><V39/><F101/><N who="1" m="38985" /><E111/><V0/><F0/><W28/><G41/><T29/><D126/><U70/><E70/><V80/><F80/><AGARI ba="0,0" hai="22,27,30,48,49,77,80,86" m="38985,38951" machi="80" ten="30,2000,0" yaku="8,1,52,1" doraHai="18" who="1" fromWho="2" sc="258,0,366,20,294,-20,82,0" /><INIT seed="3,0,0,5,0,9" ten="258,386,274,82" oya="3" hai0="71,129,73,37,124,55,68,105,128,134,91,35,117" hai1="57,21,3,48,30,88,114,53,119,123,40,13,16" hai2="131,112,87,59,42,81,34,84,0,82,93,118,95" hai3="15,69,27,121,90,99,70,100,74,116,133,75,12"/><W44/><G116/><T7/><D7/><U22/><E3/><V1/><F34/><W52/><G121/><T50/><D91/><U96/><E114/><V45/><F59/><W86/><G133/><T135/><D35/><U62/><E123/><V25/><F25/><W92/><G27/><T51/><D73/><U125/><E125/><V106/><F112/><W5/><G75/><T109/><D105/><U104/><E104/><V36/><F106/><W85/><G74/><T72/><D37/><U132/><E132/><N who="0" m="50729" /><D72/><U79/><E79/><V39/><F131/><N who="0" m="50250" /><D117/><U115/><E115/><V76/><F118/><W33/><G33/><T32/><D32/><U6/><E6/><V77/><F36/><W101/><G70/><T102/><D102/><N who="3" m="39529" /><G69/><N who="0" m="26699" /><D109/><U19/><E30/><V107/><F107/><W120/><G120/><T108/><D108/><U23/><E119/><V38/><F39/><W130/><G130/><T2/><D2/><AGARI ba="0,0" hai="0,1,2,38,42,45,76,77,81,82,84,87,93,95" machi="2" ten="40,1300,0" yaku="9,1" doraHai="9" who="2" fromWho="0" sc="258,-13,386,0,274,13,82,0" owari="245,-15.5,386,48.6,287,8.7,82,-41.8" /></mjloggm>