<mjloggm ver="2.3"><GO type="225" lobby="0"/><UN n0="%E9%B3%B3%E6%9D%B1%E3%81%AE%E3%81%86%E3%81%95%E3%81%8E%E3%81%95%E3%82%93" n1="%E3%83%A9%E3%83%96%E3%83%AC%E3%83%BC" n2="%E3%81%A9%E3%82%8F%E3%82%93%E3%81%94" n3="%E3%81%BF%E3%81%BF%E3%81%9A" dan="17,17,16,17" rate="2303.84,2107.67,2088.51,2301.78" sx="M,M,M,M"/><TAIKYOKU oya="0"/><INIT seed="0,0,0,5,2,42" ten="250,250,250,250" oya="0" hai0="81,5,124,35,15,12,121,127,74,99,22,44,135" hai1="119,91,20,51,48,116,1,23,109,101,80,93,120" hai2="10,111,49,75,59,30,9,85,129,78,46,122,50" hai3="130,7,13,132,40,96,63,16,110,73,128,79,66"/><T3/><D121/><U52/><E120/><V90/><F122/><W88/><G110/><T41/><D35/><U115/><E1/><V131/><F111/><W54/><G7/><T57/><D57/><U18/><E109/><V39/><F30/><W77/><G54/><T100/><D135/><U32/><E32/><V76/><F39/><W31/><G31/><T134/><D134/><U6/><E6/><V62/><F75/><W58/><G40/><T8/><D22/><U87/><E115/><V83/><F131/><N who="3" m="50219" /><G73/><T95/><D81/><U102/><E23/><V89/><F129/><W114/><G114/><T70/><D70/><U19/><E51/><V103/><F103/><N who="1" m="39433" /><E119/><V2/><F50/><W112/><G112/><T38/><REACH who="0" step="1"/><D74/><REACH who="0" ten="240,250,250,250" step="2"/><U27/><E116/><V21/><F21/><N who="3" m="11407" /><G132/><T45/><D45/><N who="1" m="27663" /><E19/><V105/><F46/><W64/><G64/><T43/><D43/><U65/><E65/><V60/><F59/><W84/><G96/><T61/><D61/><U69/><E69/><V34/><F62/><W107/><G107/><T97/><D97/><U55/><E55/><V56/><F105/><W94/><AGARI ba="0,1" hai="58,63,66,77,79,84,88,94" m="11407,50219" machi="94" ten="30,4000,0" yaku="19,1,54,2" doraHai="42" who="3" fromWho="3" sc="240,-20,250,-10,250,-10,250,50" /><INIT seed="1,0,0,0,2,123" ten="220,240,240,300" oya="1" hai0="88,121,100,93,35,53,7,65,61,76,4,108,106" hai1="55,69,107,38,63,41,105,131,84,8,89,52,129" hai2="2,57,30,77,6,12,10,31,20,43,13,51,122" hai3="48,104,111,79,9,46,115,60,86,26,68,94,134"/><U112/><E112/><V110/><F122/><W133/><G104/><T11/><D121/><U23/><E8/><V67/><F77/><W45/><G115/><T119/><D119/><U27/><E38/><V36/><F36/><W132/><G26/><T85/><D35/><U64/><E41/><V127/><F43/><W128/><G128/><N who="1" m="49226" /><E105/><V70/><F70/><W117/><G117/><T22/><D108/><U29/><E107/><V24/><F110/><W82/><G111/><T54/><D76/><U25/><E27/><V58/><F127/><W47/><G94/><AGARI ba="0,0" hai="23,25,29,52,55,63,64,69,84,89,94" m="49226" machi="94" ten="30,2900,0" yaku="19,1,54,1" doraHai="123" who="1" fromWho="3" sc="220,0,240,29,240,0,300,-29" /><INIT seed="1,1,0,1,3,101" ten="220,269,240,271" oya="1" hai0="93,89,40,114,29,27,8,74,15,38,119,45,23" hai1="1,19,131,111,59,66,84,97,48,70,127,72,95" hai2="18,86,108,54,22,0,61,50,58,73,121,30,21" hai3="115,80,11,125,133,123,37,47,55,5,36,85,16"/><U3/><E72/><V90/><F108/><W130/><G123/><T82/><D114/><U102/><E70/><V52/><F73/><W91/><G115/><T76/><D119/><U13/><E111/><V96/><F0/><W92/><G125/><T56/><D56/><U126/><E131/><V34/><F121/><W128/><G133/><T28/><D23/><U63/><E84/><V106/><F34/><W53/><G92/><T68/><D27/><U98/><E97/><V4/><F4/><W31/><G31/><T44/><D44/><U20/><REACH who="1" step="1"/><E48/><REACH who="1" ten="220,259,240,271" step="2"/><V62/><F96/><W7/><G128/><T118/><D68/><U83/><E83/><V39/><F39/><W51/><G130/><T32/><D118/><U109/><E109/><V49/><F106/><W46/><G36/><T60/><D74/><U65/><E65/><V9/><F50/><N who="3" m="28887" /><G37/><T87/><D38/><U104/><E104/><V43/><F49/><W64/><G64/><T100/><D82/><U57/><E57/><V88/><F86/><W79/><G79/><T122/><D76/><U24/><E24/><V105/><F105/><W6/><G47/><T110/><D110/><U78/><E78/><V99/><F99/><W103/><G51/><T135/><D45/><U132/><E132/><V112/><F112/><W134/><G134/><T117/><D135/><U42/><E42/><V10/><F43/><W120/><G120/><T113/><D40/><U12/><E12/><V41/><F41/><W107/><G107/><T77/><D77/><U2/><BYE who="0" /><AGARI ba="1,1" hai="1,2,3,13,19,20,59,63,66,95,98,102,126,127" machi="2" ten="40,3900,0" yaku="1,1,0,1,53,0" doraHai="101" doraHaiUra="26" who="1" fromWho="1" sc="220,-14,259,52,240,-14,271,-14" /><UN n0="%E9%B3%B3%E6%9D%B1%E3%81%AE%E3%81%86%E3%81%95%E3%81%8E%E3%81%95%E3%82%93" /><INIT seed="1,2,0,0,0,4" ten="206,311,226,257" oya="1" hai0="9,126,93,106,74,123,6,29,52,16,63,70,59" hai1="75,117,24,108,35,132,84,119,51,85,65,133,10" hai2="120,12,128,80,112,86,125,100,3,124,47,91,89" hai3="54,96,14,76,131,68,114,0,22,15,58,99,37"/><U2/><E75/><V69/><F120/><W104/><G114/><T55/><D106/><U67/><E51/><V78/><F3/><W134/><G0/><T71/><D74/><U32/><E108/><V102/><F69/><W118/><G68/><T17/><D71/><U11/><E2/><V98/><F47/><W46/><G76/><T105/><D105/><U110/><E24/><V40/><F40/><W97/><G104/><T57/><D70/><U87/><E87/><V18/><F128/><W83/><G83/><T36/><D36/><U103/><E110/><V31/><F31/><W130/><G134/><T81/><D123/><U30/><E103/><N who="2" m="39467" /><F112/><W94/><G118/><T42/><D42/><U28/><AGARI ba="2,0" hai="10,11,28,30,32,35,65,67,84,85,117,119,132,133" machi="28" ten="25,12000,1" yaku="0,1,22,2,52,2" doraHai="4" who="1" fromWho="1" sc="206,-42,311,126,226,-42,257,-42" /><INIT seed="1,3,0,0,4,115" ten="164,437,184,215" oya="1" hai0="52,120,68,77,18,73,16,118,1,79,64,104,69" hai1="21,81,96,112,92,88,87,78,7,128,116,67,95" hai2="14,125,25,40,117,44,66,106,34,4,6,22,114" hai3="10,63,83,133,76,74,70,37,15,71,99,126,101"/><U28/><E116/><V54/><F106/><W84/><G126/><T121/><D104/><U30/><E112/><V123/><F114/><W29/><G133/><T97/><D1/><U32/><E32/><V3/><F123/><N who="0" m="47178" /><D97/><N who="1" m="57479" /><E128/><V107/><F107/><W98/><G37/><T35/><D35/><U61/><E7/><V46/><F66/><W113/><G29/><N who="1" m="11370" /><E21/><V82/><F82/><W58/><G113/><T33/><D33/><U108/><E108/><V2/><F34/><W75/><G74/><T5/><D5/><U41/><E41/><V38/><F117/><W13/><G75/><T0/><D0/><U55/><E55/><V20/><F125/><W43/><G43/><T90/><D90/><U59/><E95/><V105/><F105/><W26/><G71/><N who="0" m="27211" /><D64/><U100/><E96/><V19/><F2/><W94/><G70/><T134/><D134/><U131/><E131/><V109/><F3/><W23/><G98/><T127/><D127/><U102/><AGARI ba="3,0" hai="59,61,67,78,81,87,100,102" m="11370,57479" machi="102" ten="30,3000,0" yaku="8,1,54,1" doraHai="115" who="1" fromWho="1" sc="164,-13,437,39,184,-13,215,-13" /><INIT seed="1,4,0,2,0,21" ten="151,476,171,202" oya="1" hai0="1,20,87,17,49,50,12,26,88,117,35,55,63" hai1="65,60,130,61,103,99,135,86,81,13,122,32,38" hai2="41,48,57,69,5,132,52,33,46,24,101,11,119" hai3="70,29,90,97,94,114,8,31,118,128,108,123,58"/><U110/><E38/><V84/><F119/><W134/><G70/><T10/><D117/><U47/><E122/><V72/><F72/><W9/><G118/><T73/><D73/><U79/><E32/><V45/><F69/><W127/><G123/><T39/><D39/><U133/><E130/><V64/><F101/><W106/><G114/><T83/><D1/><U14/><E47/><V56/><F132/><W28/><G128/><T131/><D35/><U0/><E0/><V22/><F33/><W6/><G134/><N who="1" m="51210" /><E110/><V98/><F98/><W34/><G108/><T36/><D36/><U27/><E27/><V16/><F41/><W92/><G127/><T74/><D74/><U96/><E96/><V18/><F18/><W25/><G106/><T66/><D55/><U102/><E102/><V15/><F84/><W82/><G82/><T124/><D124/><U7/><E7/><V107/><F107/><W91/><G58/><N who="0" m="37239" /><D131/><U43/><E61/><AGARI ba="4,0" hai="5,11,15,16,22,24,45,46,48,52,56,57,61,64" machi="61" ten="40,8000,1" yaku="8,1,52,1,54,2" doraHai="21" who="2" fromWho="1" sc="151,0,476,-92,171,92,202,0" /><INIT seed="2,0,0,4,0,57" ten="151,384,263,202" oya="2" hai0="34,51,7,125,35,96,36,2,84,130,123,58,129" hai1="116,80,42,50,95,132,73,31,69,121,9,44,120" hai2="4,82,15,72,66,11,47,28,55,126,109,29,16" hai3="21,3,25,59,112,10,45,39,12,101,89,111,104"/><V14/><F126/><W60/><G111/><T13/><D36/><U23/><E116/><V105/><F109/><W20/><G112/><T110/><D110/><U100/><E69/><V33/><F105/><W22/><G3/><T86/><D123/><N who="1" m="47179" /><E132/><V114/><F33/><W62/><G104/><T119/><D2/><U41/><E9/><V133/><F133/><W43/><G101/><T27/><D125/><U71/><E71/><V108/><F108/><W49/><G25/><T64/><D119/><U134/><E31/><V127/><F114/><W68/><G68/><T38/><D38/><U17/><E95/><V24/><F24/><W122/><G122/><T0/><D13/><N who="1" m="9647" /><E100/><V8/><F127/><W102/><G102/><T40/><D7/><U94/><E94/><V113/><F113/><W115/><G115/><T88/><D0/><U85/><E73/><V77/><F66/><W52/><REACH who="3" step="1"/><G89/><REACH who="3" ten="151,384,263,192" step="2"/><T97/><D88/><N who="1" m="51239" /><E134/><V118/><F118/><W70/><G70/><T6/><D27/><U19/><E19/><AGARI ba="0,1" hai="10,12,19,20,21,22,39,43,45,49,52,59,60,62" machi="19" ten="40,8000,1" yaku="1,1,52,2,54,1,53,0" doraHai="57" doraHaiUra="106" who="3" fromWho="1" sc="151,0,384,-80,263,0,192,90" /><INIT seed="3,0,0,0,2,131" ten="151,304,263,282" oya="3" hai0="32,124,30,4,93,80,84,134,62,75,33,20,53" hai1="120,45,105,48,77,46,114,79,10,73,67,132,0" hai2="99,60,23,1,88,2,108,47,35,116,31,121,42" hai3="22,8,130,26,63,19,57,104,86,91,127,69,9"/><W39/><G130/><T118/><D118/><U133/><E105/><V98/><F116/><W41/><G104/><T113/><D124/><U123/><E67/><V94/><F35/><W107/><G107/><T135/><D75/><U111/><E114/><V70/><F108/><W44/><G69/><T27/><D93/><U50/><E10/><V58/><F70/><W85/><G127/><T102/><D102/><U129/><E73/><V96/><F121/><W13/><G91/><T51/><D62/><U72/><E72/><V61/><F2/><W100/><G8/><T6/><D113/><U101/><E101/><V38/><F1/><W56/><G56/><T11/><D32/><U16/><E0/><V65/><REACH who="2" step="1"/><F61/><REACH who="2" ten="151,304,253,282" step="2"/><W81/><G81/><T90/><D33/><U55/><E129/><V109/><F109/><W21/><G100/><T18/><D30/><U54/><E111/><V59/><F59/><W52/><G22/><T15/><REACH who="0" step="1"/><D4/><AGARI ba="0,1" hai="4,9,13,19,21,26,39,41,44,52,57,63,85,86" machi="4" ten="30,2900,0" yaku="7,1,54,1" doraHai="131" who="3" fromWho="0" sc="151,-29,304,0,253,0,282,39" owari="122,-37.8,304,10.4,253,-14.7,321,42.1" /></mjloggm>