<mjloggm ver="2.3"><GO type="225" lobby="0"/><UN n0="%E6%A0%B9%E5%85%83%E3%81%8B%E3%82%89%E5%90%B9%E3%81%A3%E9%A3%9B%E3%81%B6" n1="%E8%A6%9A%E9%86%92%E3%81%97%E3%81%9F%E3%81%A8%E3%81%BE%E3%81%A8" n2="%E5%A4%8F%E9%88%B4%E9%88%B4%E5%A4%8F" n3="%E3%82%BC%E3%83%AB%E3%83%80%E3%81%AE%E4%BC%9D%E8%AA%AC" dan="17,18,16,16" rate="2212.57,2202.13,2116.75,2204.75" sx="F,M,M,M"/><TAIKYOKU oya="0"/><INIT seed="0,0,0,5,2,96" ten="250,250,250,250" oya="0" hai0="41,16,104,78,70,74,33,35,117,98,108,135,112" hai1="6,9,31,113,46,43,22,7,69,73,77,120,82" hai2="50,94,51,2,13,91,42,8,30,54,29,123,19" hai3="53,83,27,106,63,97,119,18,56,40,38,105,86"/><T71/><D41/><U47/><E120/><V85/><F123/><W57/><G119/><T99/><D16/><U55/><E113/><V32/><F2/><W45/><G57/><T52/><D52/><U124/><E124/><V126/><F126/><W5/><G5/><T107/><D112/><U129/><E129/><V76/><F32/><N who="0" m="12362" /><D117/><U58/><E69/><N who="0" m="26121" /><D135/><U61/><E47/><N who="2" m="25975" /><F76/><W131/><G131/><T14/><D14/><U36/><REACH who="1" step="1"/><E9/><REACH who="1" ten="250,240,250,250" step="2"/><V60/><F60/><W25/><G45/><AGARI ba="0,1" hai="8,13,19,29,30,45,51,54,85,91,94" m="25975" machi="45" ten="30,1000,0" yaku="8,1" doraHai="96" who="2" fromWho="3" sc="250,0,240,0,250,20,250,-10" /><INIT seed="1,0,0,4,4,2" ten="250,240,270,240" oya="1" hai0="121,72,47,134,17,40,48,93,68,114,4,82,99" hai1="131,117,77,44,15,9,27,13,25,118,31,108,61" hai2="88,113,86,14,6,18,130,16,50,135,111,36,83" hai3="76,133,109,75,8,115,35,79,58,11,128,97,116"/><U85/><E131/><V96/><F36/><W91/><G35/><T56/><D114/><U123/><E123/><V73/><F130/><W57/><G115/><T32/><D134/><U106/><E106/><V7/><F113/><W55/><G128/><T71/><D32/><U1/><E108/><V100/><F111/><W10/><G109/><T26/><D121/><U34/><E1/><V30/><F30/><W84/><G133/><T37/><D26/><U127/><E127/><V12/><F73/><W59/><G116/><T22/><D72/><U102/><E102/><V38/><F38/><W107/><G75/><T54/><D82/><U129/><E129/><V122/><F122/><W103/><REACH who="3" step="1"/><G55/><REACH who="3" ten="250,240,270,230" step="2"/><T52/><D54/><U42/><E118/><V49/><F135/><W94/><AGARI ba="0,1" hai="8,10,11,57,58,59,76,79,84,91,94,97,103,107" machi="94" ten="30,7900,0" yaku="1,1,2,1,0,1,53,1" doraHai="2" doraHaiUra="92" who="3" fromWho="3" sc="250,-20,240,-39,270,-20,230,89" /><INIT seed="2,0,0,1,2,132" ten="230,201,250,319" oya="2" hai0="71,116,68,32,91,0,46,86,57,10,28,2,123" hai1="109,36,47,87,98,34,63,40,75,67,107,114,49" hai2="53,130,1,69,27,50,26,112,129,118,21,38,99" hai3="131,39,33,3,60,115,25,102,103,43,37,83,100"/><V20/><F112/><W84/><G3/><T16/><D123/><U104/><E114/><V93/><F38/><W92/><G115/><T79/><D116/><U44/><E109/><V24/><F69/><W13/><G131/><N who="2" m="50185" /><F1/><W95/><G37/><T18/><D57/><U54/><E75/><V122/><F118/><W108/><G108/><T124/><D79/><U15/><E34/><V17/><F17/><W82/><G39/><T30/><D46/><U110/><E110/><V73/><F73/><W51/><G33/><T76/><D76/><U56/><E98/><V113/><F122/><W7/><G60/><T55/><D55/><U89/><REACH who="1" step="1"/><E15/><REACH who="1" ten="230,191,250,319" step="2"/><V120/><F113/><W66/><G13/><T58/><D32/><U77/><E77/><V74/><F74/><W125/><G84/><T78/><D78/><U9/><E9/><V121/><F121/><W4/><G102/><T97/><D10/><U22/><E22/><V111/><F111/><W48/><G100/><T81/><D97/><U8/><E8/><V52/><F120/><W65/><G103/><T72/><D72/><U105/><E105/><V45/><F20/><W70/><G25/><T96/><D96/><U90/><E90/><N who="2" m="55735" /><F21/><W101/><G101/><T6/><D0/><U135/><E135/><V127/><F24/><W126/><G70/><T64/><D2/><U42/><E42/><AGARI ba="0,1" hai="4,7,42,43,48,51,65,66,82,83,92,95,125,126" machi="42" ten="25,6400,0" yaku="22,2,52,2" doraHai="132" who="3" fromWho="1" sc="230,0,191,-64,250,0,319,74" /><INIT seed="3,0,0,1,3,102" ten="230,127,250,393" oya="3" hai0="106,7,9,42,6,48,121,90,119,84,123,93,18" hai1="62,120,100,116,30,60,54,41,10,118,34,39,86" hai2="135,65,1,29,8,108,99,127,128,80,107,63,20" hai3="78,129,13,3,55,68,66,64,51,82,0,97,77"/><W19/><G97/><T131/><D119/><U43/><E120/><V2/><F80/><W79/><G82/><T113/><D7/><U58/><E100/><N who="2" m="62879" /><F8/><W115/><G129/><T35/><D35/><U22/><E86/><V37/><F37/><W130/><G115/><T126/><D126/><U5/><E34/><V81/><F81/><W23/><G51/><T88/><D113/><U89/><E89/><V83/><F83/><W27/><G55/><T71/><D131/><U21/><E30/><V114/><F114/><W110/><G13/><N who="0" m="5303" /><D106/><U47/><E10/><V59/><F128/><W46/><G19/><T124/><D71/><U36/><E54/><V4/><F4/><W11/><G23/><T96/><D124/><U16/><E5/><V75/><F75/><W74/><G11/><T28/><D28/><U67/><E58/><V111/><F127/><W33/><G77/><T117/><D117/><U72/><E72/><V70/><F70/><W25/><G68/><T91/><D18/><U122/><E122/><V73/><F73/><W112/><G78/><T61/><D84/><U52/><E52/><V50/><F50/><W49/><G49/><T87/><D61/><U45/><REACH who="1" step="1"/><E67/><REACH who="1" ten="230,117,250,393" step="2"/><V133/><F29/><W76/><G74/><T17/><D91/><U85/><E85/><V56/><F56/><W103/><G76/><T44/><D123/><U104/><E104/><V101/><F101/><W125/><G103/><N who="0" m="60815" /><D121/><U95/><E95/><V12/><F65/><W53/><G66/><T69/><D90/><U24/><E24/><V31/><F31/><W132/><G64/><RYUUKYOKU ba="0,1" sc="230,-10,117,30,250,-10,393,-10" hai1="16,21,22,36,39,41,43,45,47,60,62,116,118" owari="220,-18.0,147,-35.3,240,4.0,393,49.3" /></mjloggm>