<mjloggm ver="2.3"><GO type="225" lobby="0"/><UN n0="%72%69%6F%75%63%68%61%6E" n1="%E6%98%BC%E4%B8%8B%E3%81%8C%E3%82%8A%E3%81%AE%E5%9B%A3%E5%9C%B0%E5%A6%BB" n2="%E6%A1%9C%E8%8A%B1%E9%96%83%E3%80%85" n3="%E3%82%A2%E3%83%A1%E3%82%A2%E3%83%A9%E3%83%AC" dan="16,16,16,16" rate="2173.82,2156.19,2185.73,2144.01" sx="M,F,M,M"/><TAIKYOKU oya="0"/><INIT seed="0,0,0,1,0,78" ten="250,250,250,250" oya="0" hai0="47,40,76,34,134,32,9,123,30,109,12,36,37" hai1="66,108,49,69,19,90,83,23,93,122,6,39,31" hai2="28,102,114,51,92,119,4,33,91,116,133,79,96" hai3="60,65,35,81,106,118,29,94,45,16,27,70,111"/><T10/><D123/><U21/><E122/><V98/><F4/><W54/><G111/><T42/><D134/><U13/><E39/><V7/><F7/><W48/><G118/><N who="2" m="45097" /><F51/><W52/><G106/><T43/><D109/><U89/><E108/><V101/><F28/><W15/><G94/><T2/><D76/><U113/><E113/><V14/><F14/><W0/><G0/><T104/><D104/><U61/><E6/><V18/><F18/><W84/><G54/><T38/><D2/><U129/><E129/><V87/><F33/><N who="0" m="12906" /><D12/><U22/><E49/><V132/><F79/><W120/><G120/><T44/><D30/><U17/><E31/><V24/><F24/><W5/><G5/><T88/><D88/><U130/><E130/><V57/><F57/><W72/><G72/><T86/><D86/><U25/><E22/><V128/><F114/><W63/><G63/><T82/><D82/><U58/><E69/><V135/><F128/><W110/><G110/><T71/><D71/><U56/><E56/><V64/><F64/><W75/><G75/><T26/><D26/><U59/><E59/><V126/><F102/><W121/><G121/><T1/><D1/><U85/><E89/><V62/><F62/><W74/><G74/><T53/><D53/><U97/><E97/><N who="2" m="37483" /><F101/><W125/><G70/><T117/><D117/><U103/><E103/><V68/><F68/><W46/><G46/><AGARI ba="0,0" hai="9,10,36,37,38,40,42,43,44,46,47" m="12906" machi="46" ten="40,3900,0" yaku="28,2" doraHai="78" who="0" fromWho="3" sc="250,39,250,0,250,0,250,-39" /><INIT seed="0,1,0,3,0,113" ten="289,250,250,211" oya="0" hai0="111,75,119,131,38,82,101,99,8,18,61,65,66" hai1="79,55,34,11,135,26,98,17,115,2,37,40,93" hai2="87,27,130,81,114,52,33,60,80,106,28,83,94" hai3="59,43,92,53,104,124,32,24,97,76,50,9,95"/><T54/><D119/><U105/><E135/><V62/><F114/><W30/><G124/><T102/><D131/><U74/><E115/><V69/><F106/><W15/><G76/><T48/><D38/><U100/><E55/><V44/><F130/><W42/><G104/><T45/><D111/><U125/><E93/><V127/><F127/><W67/><G67/><T89/><D75/><U129/><E125/><V122/><F122/><W4/><REACH who="3" step="1"/><G92/><REACH who="3" ten="289,250,250,201" step="2"/><N who="0" m="58599" /><D102/><AGARI ba="1,1" hai="4,9,15,24,30,32,42,43,50,53,59,95,97,102" machi="102" ten="30,3900,0" yaku="1,1,7,1,53,1" doraHai="113" doraHaiUra="51" who="3" fromWho="0" sc="289,-42,250,0,250,0,201,52" /><INIT seed="1,0,0,5,2,101" ten="247,250,250,253" oya="1" hai0="130,79,75,50,84,37,88,34,40,22,29,76,59" hai1="1,114,102,78,127,16,15,121,62,46,63,90,51" hai2="52,92,7,112,103,21,71,118,36,23,94,67,85" hai3="38,31,91,131,100,81,115,41,77,128,70,108,2"/><U99/><E114/><V39/><F118/><W56/><G115/><T106/><D130/><N who="3" m="49705" /><G70/><T45/><D34/><U133/><E121/><V95/><F112/><W65/><G2/><T132/><D132/><U66/><E1/><V49/><F7/><W126/><G31/><T32/><D32/><U44/><E133/><V18/><F85/><W68/><G68/><T24/><D106/><U60/><E78/><V55/><F23/><W125/><G91/><T73/><D75/><U93/><E127/><V17/><F17/><W123/><G100/><T61/><D37/><U57/><E90/><V134/><F55/><W129/><G108/><T19/><D73/><U74/><E74/><V82/><F82/><W8/><G8/><T111/><D29/><U3/><E3/><V87/><F87/><N who="3" m="48559" /><G123/><T98/><D111/><U58/><E51/><V11/><F11/><W105/><G105/><T72/><D72/><U109/><E109/><V13/><F103/><W35/><G35/><T54/><REACH who="0" step="1"/><D98/><REACH who="0" ten="237,250,250,253" step="2"/><U80/><E80/><AGARI ba="0,1" hai="19,22,24,40,45,50,54,59,61,76,79,80,84,88" machi="80" ten="30,12000,2" yaku="1,1,2,1,7,1,8,1,54,1,53,1" doraHai="101" doraHaiUra="20" who="0" fromWho="1" sc="237,130,250,-120,250,0,253,0" /><INIT seed="2,0,0,3,4,21" ten="367,130,250,253" oya="2" hai0="29,120,90,66,93,15,10,28,59,94,125,126,20" hai1="109,41,64,82,103,35,97,110,23,55,119,62,105" hai2="37,107,115,1,130,84,135,117,79,30,8,96,44" hai3="42,128,104,131,92,108,32,31,124,101,111,48,38"/><V86/><F115/><W71/><G124/><N who="0" m="47723" /><D120/><U81/><E119/><V95/><F117/><W118/><G118/><T70/><D70/><U46/><E55/><V3/><F107/><W132/><G132/><T24/><D29/><U83/><E35/><V91/><F135/><W114/><G38/><T69/><D69/><U106/><E106/><V89/><F130/><N who="3" m="49707" /><G104/><T47/><D47/><U52/><E23/><V26/><F79/><W50/><G71/><T67/><D59/><U13/><E13/><V61/><F61/><W88/><G101/><T11/><D94/><U113/><E113/><V40/><F8/><N who="0" m="3114" /><D15/><U18/><E18/><V134/><F134/><W36/><G36/><T129/><D129/><U122/><E122/><V121/><F121/><W9/><G9/><T63/><D63/><U133/><E133/><V65/><F65/><W112/><G112/><T25/><D25/><U99/><E64/><V34/><REACH who="2" step="1"/><F96/><AGARI ba="0,0" hai="20,24,28,66,67,90,93,96" m="3114,47723" machi="96" ten="30,2000,0" yaku="18,1,52,1" doraHai="21" who="0" fromWho="2" sc="367,20,130,0,250,-20,253,0" /><INIT seed="3,0,0,0,0,0" ten="387,130,230,253" oya="3" hai0="113,118,86,91,10,21,121,40,73,79,111,61,90" hai1="82,22,16,31,117,94,83,63,103,131,65,43,130" hai2="128,129,105,64,100,58,13,132,110,60,109,32,18" hai3="101,112,50,6,75,71,66,49,96,54,134,69,74"/><W41/><G112/><T14/><D118/><U98/><E117/><V122/><F32/><W23/><G134/><T9/><D121/><U11/><E43/><V108/><F132/><W48/><G41/><T15/><D113/><U84/><E131/><N who="2" m="50251" /><F122/><W44/><G74/><T52/><D111/><U104/><E130/><V8/><F100/><W77/><G75/><T78/><D73/><U19/><E104/><AGARI ba="0,0" hai="8,13,18,58,60,64,104,105,108,109,110" m="50251" machi="104" ten="40,2600,0" yaku="14,1,19,1" doraHai="0" who="2" fromWho="1" sc="387,0,130,-26,230,26,253,0" owari="387,48.7,104,-39.6,256,5.6,253,-14.7" /></mjloggm>