<mjloggm ver="2.3"><GO type="225" lobby="0"/><UN n0="%E6%98%BC%E4%B8%8B%E3%81%8C%E3%82%8A%E3%81%AE%E5%9B%A3%E5%9C%B0%E5%A6%BB" n1="%E9%BB%99%E8%81%B4%E3%81%AE%E3%81%99%E3%82%9D%E3%82%81" n2="%E6%A1%9C%E8%8A%B1%E9%96%83%E3%80%85" n3="%E3%81%93%E3%81%8F%E3%82%89%E3%82%AB%E3%83%90%E8%94%B5" dan="16,16,17,16" rate="2151.66,2111.59,2189.02,2084.00" sx="F,M,M,M"/><TAIKYOKU oya="0"/><INIT seed="0,0,0,0,0,121" ten="250,250,250,250" oya="0" hai0="71,18,111,66,100,16,119,56,35,64,2,78,129" hai1="27,55,26,132,52,36,43,95,110,22,86,77,33" hai2="130,112,72,128,101,131,103,51,114,61,21,91,50" hai3="90,120,89,57,109,10,106,19,124,54,105,53,74"/><T127/><D119/><U94/><E132/><V84/><F61/><W85/><G74/><T65/><D71/><U125/><E125/><V17/><F17/><W0/><G124/><T58/><D35/><U34/><E36/><V48/><F21/><W7/><G120/><T80/><D2/><U9/><E43/><V46/><F72/><W32/><G32/><T93/><D127/><U6/><E77/><V117/><F46/><W28/><G28/><T113/><D113/><U133/><E133/><V108/><F108/><W15/><G109/><T69/><D69/><U20/><E86/><V40/><F40/><W70/><G70/><T87/><D129/><U62/><E62/><V118/><F91/><W42/><G89/><T59/><D111/><U25/><E25/><V99/><F84/><W37/><G42/><T3/><D3/><U88/><E88/><V31/><F31/><W107/><G57/><T23/><REACH who="0" step="1"/><D23/><REACH who="0" ten="240,250,250,250" step="2"/><U4/><REACH who="1" step="1"/><E110/><REACH who="1" ten="240,240,250,250" step="2"/><V44/><F130/><W83/><REACH who="3" step="1"/><G37/><REACH who="3" ten="240,240,250,240" step="2"/><T123/><D123/><U81/><E81/><V24/><F131/><W102/><G102/><T92/><D92/><U14/><E14/><V134/><F128/><W79/><G79/><T63/><D63/><U39/><E39/><V73/><F103/><W67/><G67/><T104/><D104/><U5/><E5/><V75/><F101/><W11/><AGARI ba="0,3" hai="0,7,10,11,15,19,53,54,83,85,90,105,106,107" machi="11" ten="40,2700,0" yaku="1,1,0,1,53,0" doraHai="121" doraHaiUra="98" who="3" fromWho="3" sc="240,-13,240,-7,250,-7,240,57" /><INIT seed="1,0,0,5,0,40" ten="227,233,243,297" oya="1" hai0="64,17,55,6,69,81,117,121,113,76,86,30,47" hai1="102,28,26,103,46,115,80,58,16,123,5,23,25" hai2="134,79,45,49,21,107,118,2,85,104,97,33,8" hai3="109,105,41,27,131,32,72,24,44,127,111,66,129"/><U14/><E115/><V36/><F118/><W92/><G105/><T3/><D117/><U52/><E123/><V108/><F33/><W128/><G72/><T101/><D113/><U132/><E132/><V116/><F116/><W29/><G127/><T4/><D121/><U88/><E5/><V67/><F36/><N who="3" m="21543" /><G66/><T122/><D122/><U68/><E68/><V35/><F108/><N who="3" m="41547" /><G24/><N who="1" m="9322" /><E28/><V20/><F67/><W74/><G74/><T82/><D30/><U12/><E12/><V77/><F107/><W87/><G87/><T43/><D3/><U10/><E23/><V1/><F20/><W42/><G42/><T100/><D69/><U57/><E46/><V112/><F45/><W90/><G92/><T94/><D94/><U37/><E37/><V130/><F104/><W22/><G90/><T75/><D75/><U51/><E58/><V71/><F71/><W70/><G70/><T34/><D47/><U124/><E124/><V61/><F112/><W98/><G98/><T83/><D43/><U18/><E18/><V9/><F97/><W114/><G114/><T126/><D17/><U15/><E15/><V96/><F96/><W63/><G63/><T78/><D126/><U13/><E13/><V73/><F73/><W119/><G119/><T93/><D93/><U62/><E62/><V59/><F61/><W56/><G56/><T84/><D6/><U133/><E133/><V95/><F134/><W53/><G53/><T50/><D4/><U89/><E89/><N who="2" m="53679" /><F1/><W38/><G38/><T125/><D125/><U48/><E48/><V106/><F2/><W11/><G22/><RYUUKYOKU ba="0,0" sc="227,-15,233,15,243,-15,297,15" hai1="10,14,16,51,52,57,80,88,102,103" hai3="11,27,29,32,128,129,131" /><INIT seed="1,1,0,5,3,100" ten="212,248,228,312" oya="1" hai0="96,10,92,114,13,51,18,132,43,15,54,130,53" hai1="11,91,118,45,59,74,95,69,78,126,80,9,75" hai2="33,19,89,42,55,5,119,34,20,47,3,120,117" hai3="26,62,58,93,52,97,67,22,32,28,65,94,111"/><U128/><E69/><V31/><F55/><W24/><G111/><T121/><D114/><U106/><E118/><V83/><F120/><W2/><G2/><T60/><D121/><U64/><E75/><V129/><F89/><W81/><G81/><T71/><D132/><U101/><E128/><V134/><F83/><W123/><G123/><T48/><D130/><U61/><E45/><V87/><F87/><W46/><G46/><T107/><D107/><U63/><E126/><V14/><F129/><W98/><G93/><T82/><D43/><U23/><E23/><V27/><F34/><W88/><G97/><T29/><D29/><AGARI ba="1,0" hai="22,24,26,28,29,32,52,58,62,65,67,88,94,98" machi="29" ten="30,3900,0" yaku="7,1,54,2" doraHai="100" who="3" fromWho="0" sc="212,-42,248,0,228,0,312,42" /><INIT seed="2,0,0,2,3,28" ten="170,248,228,354" oya="2" hai0="94,19,58,76,100,70,38,26,48,114,122,32,121" hai1="0,62,45,120,127,124,111,40,5,17,52,77,20" hai2="27,84,59,74,91,96,42,134,86,82,10,85,117" hai3="23,90,68,39,61,69,30,71,119,1,83,37,116"/><V78/><F117/><W95/><G1/><T81/><D114/><U54/><E111/><V18/><F134/><W79/><G61/><T115/><D115/><U87/><E120/><V57/><F42/><W7/><G7/><T34/><D38/><U106/><E106/><V65/><F65/><W14/><G37/><T130/><D70/><U102/><E102/><V6/><F18/><W56/><G56/><T97/><D130/><U66/><E77/><V2/><REACH who="2" step="1"/><F27/><REACH who="2" ten="170,248,218,354" step="2"/><N who="3" m="16767" /><G119/><T135/><D135/><U131/><E66/><V80/><F80/><W44/><G83/><T88/><D19/><U43/><E17/><V41/><F41/><W92/><G116/><T98/><D26/><U53/><E43/><V99/><F99/><W31/><G39/><T51/><D122/><U73/><E40/><V93/><AGARI ba="0,1" hai="2,6,10,57,59,74,78,82,84,85,86,91,93,96" machi="93" ten="30,3000,0" yaku="1,1,0,1,53,0" doraHai="28" doraHaiUra="15" who="2" fromWho="2" sc="170,-10,248,-10,218,40,354,-10" /><INIT seed="2,1,0,5,5,101" ten="160,238,258,344" oya="2" hai0="61,133,111,112,20,131,122,35,67,41,130,86,27" hai1="78,94,19,73,71,126,23,95,84,59,81,80,116" hai2="0,44,21,104,30,45,49,42,124,11,127,43,51" hai3="117,83,135,28,105,64,33,92,98,107,118,88,102"/><V26/><REACH who="2" step="1"/><F104/><REACH who="2" ten="160,238,248,344" step="2"/><W15/><G105/><T85/><D130/><U25/><E116/><V120/><F120/><W52/><G117/><T40/><D131/><U53/><E126/><V36/><F36/><W125/><G118/><T134/><D122/><U46/><E71/><V39/><F39/><W37/><G37/><T100/><D133/><U54/><E46/><V110/><F110/><W97/><G135/><T7/><D134/><U99/><E59/><V58/><F58/><W77/><G125/><T22/><D111/><U129/><E129/><V106/><F106/><W69/><G69/><T79/><D112/><U16/><E19/><V47/><F47/><W32/><G28/><T18/><D18/><U8/><E8/><V91/><F91/><W103/><G88/><T29/><D100/><U13/><E25/><V108/><F108/><W68/><G68/><T93/><D27/><U66/><E66/><V60/><F60/><W75/><G64/><T4/><D67/><U34/><E34/><V31/><F31/><W119/><G119/><T132/><D29/><U114/><E114/><V62/><F62/><W1/><G32/><T89/><D132/><U96/><E23/><V76/><F76/><W57/><G33/><T72/><D35/><U2/><E16/><V55/><F55/><W82/><G52/><T14/><D20/><U70/><E70/><V113/><F113/><W12/><G57/><T48/><D22/><U74/><E54/><V90/><F90/><W56/><G56/><T63/><D63/><U65/><E53/><V24/><F24/><W109/><G109/><RYUUKYOKU ba="1,1" sc="160,-10,238,-10,248,30,344,-10" hai2="0,11,21,26,30,42,43,44,45,49,51,124,127" /><INIT seed="2,2,1,3,2,118" ten="150,228,278,334" oya="2" hai0="23,11,9,113,21,99,103,81,104,117,8,1,4" hai1="17,93,14,60,49,74,44,120,10,83,32,33,27" hai2="19,51,108,43,129,38,42,13,53,2,18,98,39" hai3="111,63,24,61,46,70,54,109,121,85,34,124,69"/><V101/><F2/><W91/><G121/><T133/><D113/><U105/><E105/><V95/><F129/><W102/><G102/><T96/><D117/><U12/><E120/><V16/><F108/><N who="3" m="41547" /><G124/><T35/><D35/><U68/><E27/><V94/><F94/><W45/><G34/><T58/><D133/><U50/><E93/><V5/><F39/><W100/><G24/><T106/><D81/><U130/><E130/><V62/><F62/><N who="3" m="23563" /><G100/><T115/><D115/><U80/><E50/><V3/><F3/><W64/><G64/><T59/><D1/><U86/><E74/><V73/><F38/><W57/><G85/><T132/><D132/><U112/><E112/><V79/><F79/><W126/><G91/><T25/><D4/><U47/><E47/><N who="3" m="17930" /><G126/><T52/><D103/><U78/><E83/><V29/><F29/><W127/><G127/><T36/><D36/><U135/><E135/><V84/><F84/><W22/><G22/><N who="0" m="8203" /><D25/><U72/><E72/><V28/><F28/><W15/><G15/><T37/><D37/><U119/><E12/><V92/><F73/><W134/><G134/><T7/><D7/><U30/><E30/><V31/><F31/><W56/><G54/><T110/><D110/><U20/><E20/><V131/><F95/><W89/><G89/><T88/><D88/><U66/><E119/><V97/><F97/><N who="0" m="37450" /><D52/><AGARI ba="2,1" hai="10,14,17,32,33,44,49,52,60,66,68,78,80,86" machi="52" ten="30,2000,0" yaku="7,1,54,1" doraHai="118" who="1" fromWho="0" sc="150,-26,228,36,278,0,334,0" /><INIT seed="3,0,0,3,1,57" ten="124,264,278,334" oya="3" hai0="111,7,82,34,123,64,118,29,89,10,120,88,99" hai1="96,116,62,105,132,129,117,21,47,27,8,131,68" hai2="74,36,65,50,93,13,52,63,3,12,53,41,84" hai3="108,31,76,37,19,85,91,49,28,130,78,45,5"/><W92/><G37/><T107/><D118/><N who="1" m="45675" /><E8/><V71/><F74/><W32/><G130/><T55/><D111/><U97/><E47/><N who="2" m="23975" /><F53/><N who="3" m="29871" /><G32/><T11/><D55/><U113/><E113/><V40/><F3/><W58/><G108/><T90/><D82/><U2/><E2/><V122/><F40/><W98/><G5/><T119/><D119/><U44/><E44/><V75/><F75/><W0/><G0/><T17/><D17/><U42/><E42/><V70/><F70/><W100/><G19/><T80/><D80/><U121/><E121/><V30/><F30/><N who="3" m="11307" /><G58/><T20/><D34/><U77/><E77/><V79/><F79/><W1/><G1/><T24/><D7/><U22/><E132/><V9/><F122/><W87/><G85/><T114/><D123/><U135/><E135/><V61/><F84/><W54/><G54/><T110/><D120/><U101/><E97/><V81/><F71/><W134/><G134/><T15/><D110/><U46/><E46/><V69/><F69/><W104/><G104/><T102/><D114/><U86/><E86/><V124/><F52/><W51/><G51/><T127/><D127/><U125/><E125/><V4/><F50/><W48/><G48/><T95/><D107/><U60/><E68/><N who="2" m="42031" /><F124/><W106/><G106/><T72/><D72/><U16/><E21/><V128/><F128/><AGARI ba="0,0" hai="16,22,27,60,62,96,101,105,128,129,131" m="45675" machi="128" ten="30,8000,1" yaku="19,1,12,1,52,2,54,1" doraHai="57" who="1" fromWho="2" sc="124,0,264,80,278,-80,334,0" owari="124,-37.6,344,44.4,198,-20.2,334,13.4" /></mjloggm>