<mjloggm ver="2.3"><GO type="225" lobby="0"/><UN n0="%E5%A4%96%E5%B7%9D%E7%AB%9C%E6%88%90" n1="%6D%75%75%6D%75%72%61" n2="%E5%86%B7%E5%87%8D%E3%82%AE%E3%83%A7%E3%83%BC%E3%82%B6" n3="%E6%B0%B7%E5%B7%9D%E9%87%8C%E5%A5%88" dan="16,17,16,16" rate="2160.59,2244.34,2125.73,2144.94" sx="M,F,M,F"/><TAIKYOKU oya="0"/><INIT seed="0,0,0,5,2,131" ten="250,250,250,250" oya="0" hai0="57,73,35,86,43,72,8,66,104,15,106,134,50" hai1="101,81,75,63,37,59,122,4,133,107,19,116,65" hai2="22,49,27,97,79,20,100,119,98,1,129,118,12" hai3="0,130,127,5,111,40,41,10,132,105,39,33,62"/><T70/><D35/><U30/><E116/><N who="2" m="44587" /><F1/><W91/><G33/><T29/><D29/><U55/><E122/><V94/><F129/><W83/><G130/><T84/><D70/><U108/><E108/><V52/><F79/><W102/><G111/><T76/><D66/><U68/><E37/><V46/><F12/><W74/><G127/><T128/><D57/><U25/><E133/><V48/><F27/><W32/><G32/><T109/><D86/><U11/><E30/><V121/><F121/><W114/><G114/><T7/><D109/><U45/><E45/><N who="2" m="27663" /><F97/><W61/><G102/><T2/><D2/><U120/><E120/><V56/><F56/><W16/><G105/><T92/><D106/><U67/><E68/><V14/><F14/><W90/><G0/><T96/><D104/><U51/><E25/><V18/><F18/><W78/><G5/><T87/><D87/><U34/><E19/><V103/><F103/><W93/><G16/><T77/><D77/><U54/><E34/><V117/><N who="2" m="44595" /><V110/><DORA hai="58" /><F110/><W24/><G24/><T31/><D128/><U17/><E101/><V42/><AGARI ba="0,0" hai="20,22,42,46,49,94,98,100" m="27663,44595" machi="42" ten="40,2700,0" yaku="12,1,54,1" doraHai="131,58" who="2" fromWho="2" sc="250,-13,250,-7,250,27,250,-7" /><INIT seed="1,0,0,5,3,86" ten="237,243,277,243" oya="1" hai0="123,103,79,40,119,124,23,107,96,48,125,118,105" hai1="47,6,44,89,3,65,22,71,28,91,50,129,53" hai2="34,26,133,64,57,62,0,37,31,113,27,85,20" hai3="63,17,76,13,36,101,67,75,60,93,83,80,15"/><U58/><E129/><V49/><F133/><W7/><G36/><T98/><D40/><U87/><E71/><V39/><F113/><W132/><G132/><T108/><D48/><U19/><E28/><V12/><F0/><W2/><G2/><T24/><D108/><U102/><E102/><V18/><F49/><W112/><G112/><T88/><D123/><U51/><E3/><V126/><F126/><N who="0" m="48746" /><D79/><U8/><E8/><V21/><REACH who="2" step="1"/><F85/><REACH who="2" ten="237,243,267,243" step="2"/><W104/><G60/><T33/><D118/><U111/><E111/><V42/><F42/><W11/><G63/><T59/><D119/><U66/><E87/><V110/><F110/><W78/><G75/><T54/><D98/><U97/><E97/><V130/><F130/><W84/><G104/><T109/><D107/><U4/><E50/><V82/><F82/><W29/><G83/><T74/><D74/><U106/><E106/><V46/><F46/><W128/><G128/><T81/><D109/><U30/><E47/><V114/><F114/><W38/><G80/><T16/><D81/><U122/><E44/><V135/><F135/><W68/><G84/><T35/><D105/><U90/><E122/><V77/><F77/><W1/><G1/><T41/><D41/><U14/><E30/><AGARI ba="0,1" hai="12,18,20,21,26,27,30,31,34,37,39,57,62,64" machi="30" ten="30,2000,0" yaku="1,1,7,1,53,0" doraHai="86" doraHaiUra="131" who="2" fromWho="1" sc="237,0,243,-20,267,30,243,0" /><INIT seed="2,0,0,1,5,133" ten="237,223,297,243" oya="2" hai0="107,102,36,13,24,30,100,125,70,85,26,99,43" hai1="71,116,16,58,118,3,132,134,51,101,131,73,119" hai2="117,124,0,83,8,31,18,5,21,109,54,55,15" hai3="76,1,91,64,40,56,93,128,97,135,126,82,38"/><V14/><F117/><W115/><G1/><T66/><D102/><U4/><E71/><V80/><F109/><W86/><G135/><N who="1" m="51754" /><E73/><V33/><F15/><W9/><G128/><T19/><D85/><U7/><E131/><V78/><F124/><W105/><G115/><T37/><D43/><U44/><E101/><V121/><F121/><W17/><G38/><T52/><D52/><N who="2" m="20010" /><F78/><W77/><G40/><T42/><D42/><N who="1" m="24983" /><E58/><V62/><F62/><N who="3" m="37959" /><G105/><T45/><D45/><U123/><E123/><V39/><F39/><W20/><G9/><T84/><D37/><U10/><E3/><V53/><N who="2" m="20018" /><V120/><DORA hai="57" /><F120/><W103/><G126/><T129/><D125/><U130/><E130/><V122/><F122/><W63/><G63/><N who="0" m="40287" /><D129/><U110/><E110/><V34/><F34/><W65/><G65/><T112/><D36/><U28/><E28/><V25/><AGARI ba="0,0" hai="0,5,8,14,18,21,25,31,33,80,83" m="20018" machi="25" ten="40,3900,0" yaku="24,1,54,1" doraHai="133,57" who="2" fromWho="2" sc="237,-13,223,-13,297,39,243,-13" /><INIT seed="2,1,0,0,0,94" ten="224,210,336,230" oya="2" hai0="115,21,49,3,84,117,93,67,125,1,71,106,134" hai1="0,27,109,45,46,4,29,22,10,98,17,108,107" hai2="110,50,88,59,15,26,124,95,23,92,35,65,114" hai3="47,121,41,116,37,103,89,127,99,85,6,73,58"/><V78/><F114/><W118/><G121/><T18/><D106/><U81/><E81/><V60/><F124/><W133/><G127/><T5/><D125/><U51/><E29/><V100/><F110/><N who="1" m="42601" /><E51/><V55/><F78/><W34/><G133/><T20/><D49/><U82/><E82/><V96/><F15/><W97/><G73/><T11/><D115/><U42/><E42/><V30/><F35/><W62/><G34/><T76/><D117/><U119/><E119/><V122/><F122/><W120/><G6/><T43/><D76/><U48/><E48/><V33/><F33/><W83/><G120/><T9/><D43/><U91/><E91/><V113/><F113/><W13/><G13/><T24/><D134/><U61/><E61/><V79/><F79/><W132/><G132/><T8/><D1/><U111/><N who="1" m="42609" /><U19/><DORA hai="39" /><E19/><V28/><F28/><W87/><G87/><T77/><D77/><U112/><E112/><V32/><F32/><W135/><G135/><T7/><D3/><U63/><E63/><V105/><REACH who="2" step="1"/><F88/><REACH who="2" ten="224,210,326,230" step="2"/><W53/><G116/><T80/><D80/><U90/><E90/><V123/><F123/><W102/><G118/><T12/><D84/><U2/><E2/><V86/><F86/><W129/><G129/><T104/><D12/><U130/><E130/><V126/><F126/><W40/><G89/><T36/><D24/><U72/><E72/><V70/><AGARI ba="1,1" hai="23,26,30,50,55,59,60,65,70,92,95,96,100,105" machi="70" ten="20,18000,2" yaku="1,1,0,1,7,1,52,1,53,2" doraHai="94,39" doraHaiUra="57,64" who="2" fromWho="2" sc="224,-61,210,-61,326,193,230,-61" /><INIT seed="2,2,0,0,4,118" ten="163,149,519,169" oya="2" hai0="84,108,125,28,121,54,76,14,80,45,46,90,34" hai1="92,64,105,27,81,32,36,59,114,104,99,94,86" hai2="60,55,130,29,43,101,113,133,96,0,123,7,24" hai3="5,107,115,11,31,66,26,38,134,2,70,50,87"/><V6/><F113/><W20/><G115/><T73/><D121/><U135/><E114/><V63/><F130/><W67/><G38/><T22/><D108/><U1/><E1/><V19/><F133/><W52/><G134/><T119/><D125/><U51/><E36/><V129/><F129/><W77/><G107/><T39/><D119/><U10/><E135/><V48/><F123/><W127/><G127/><T91/><D34/><U53/><E10/><V33/><F43/><W44/><REACH who="3" step="1"/><G70/><REACH who="3" ten="163,149,519,159" step="2"/><T4/><D39/><U132/><E132/><V120/><F120/><W18/><G18/><T83/><D4/><U37/><E37/><V9/><F19/><W12/><G12/><T47/><D14/><U109/><E109/><V95/><F6/><W97/><G97/><T126/><D126/><U17/><E17/><V98/><F98/><W116/><G116/><T3/><D3/><U57/><E104/><V102/><F102/><W23/><G23/><T74/><D22/><U62/><E105/><V68/><F68/><W16/><G16/><T41/><D28/><U25/><E99/><V49/><F96/><W85/><G85/><T103/><D103/><U69/><E69/><V117/><F101/><W110/><G110/><T78/><D41/><U88/><REACH who="1" step="1"/><E25/><REACH who="1" ten="163,139,519,159" step="2"/><V8/><F0/><W21/><G21/><T58/><REACH who="0" step="1"/><D84/><REACH who="0" ten="153,139,519,159" step="2"/><U30/><AGARI ba="2,3" hai="27,30,32,51,53,57,59,62,64,81,86,88,92,94" machi="30" ten="30,7900,0" yaku="1,1,2,1,0,1,54,1,53,0" doraHai="118" doraHaiUra="122" who="1" fromWho="1" sc="153,-22,139,115,519,-41,159,-22" /><INIT seed="3,0,0,4,4,61" ten="131,254,478,137" oya="3" hai0="69,30,109,81,108,13,73,97,79,128,42,35,56" hai1="8,105,126,86,76,83,98,23,94,47,7,91,118" hai2="115,80,44,22,12,38,16,25,114,5,68,10,28" hai3="37,63,77,120,134,100,95,46,88,62,74,52,66"/><W6/><G120/><T55/><D69/><U26/><E126/><V51/><F68/><W29/><G134/><T85/><D128/><U67/><E105/><V121/><F38/><W124/><G124/><T99/><D42/><U72/><E118/><V93/><F121/><W102/><G6/><T101/><D35/><U36/><E67/><V53/><F93/><W60/><G29/><T75/><D30/><U9/><E72/><N who="0" m="27721" /><D13/><U106/><E106/><V14/><F80/><W43/><G52/><T27/><D27/><U122/><E122/><V48/><F48/><W54/><G54/><T111/><D101/><U50/><E36/><V59/><F44/><W32/><G32/><AGARI ba="0,0" hai="5,10,12,14,16,22,25,28,32,51,53,59,114,115" machi="32" ten="30,2000,0" yaku="7,1,54,1" doraHai="61" who="2" fromWho="3" sc="131,0,254,0,478,20,137,-20" owari="131,-26.9,254,5.4,498,59.8,117,-38.3" /></mjloggm>