<mjloggm ver="2.3"><GO type="225" lobby="0"/><UN n0="%E3%83%A1%E3%82%AC%E3%83%87%E3%82%B8" n1="%E3%82%BC%E3%83%AB%E3%83%80%E3%81%AE%E4%BC%9D%E8%AA%AC" n2="%E3%81%99%E3%81%84%E3%81%BE%E3%81%9B%E3%83%BC%E3%82%93" n3="%73%73%6B%5F%66%72%65%65" dan="16,18,18,16" rate="2047.35,2221.22,2201.06,2160.29" sx="F,M,M,M"/><TAIKYOKU oya="0"/><INIT seed="0,0,0,5,5,99" ten="250,250,250,250" oya="0" hai0="75,87,25,83,30,122,57,130,104,6,84,5,116" hai1="26,111,101,24,47,52,124,64,46,81,77,10,89" hai2="56,127,37,95,18,105,103,110,92,123,17,133,55" hai3="65,109,98,94,70,8,61,22,88,35,38,117,115"/><T80/><D116/><U102/><E111/><V107/><F123/><W108/><G115/><T96/><D75/><U106/><E106/><V74/><F74/><W51/><G117/><T50/><D122/><U58/><E124/><V134/><F37/><W53/><G38/><T48/><D130/><U20/><E10/><V0/><F0/><W2/><G35/><T63/><D104/><U82/><E89/><V40/><F40/><W45/><REACH who="3" step="1"/><G22/><REACH who="3" ten="250,250,250,240" step="2"/><N who="0" m="15671" /><D5/><AGARI ba="0,1" hai="2,5,8,45,51,53,61,65,70,88,94,98,108,109" machi="5" ten="40,2600,0" yaku="1,1,54,1,53,0" doraHai="99" doraHaiUra="12" who="3" fromWho="0" sc="250,-26,250,0,250,0,240,36" /><INIT seed="1,0,0,1,2,83" ten="224,250,250,276" oya="1" hai0="117,133,95,86,24,9,112,109,6,65,130,12,125" hai1="23,34,13,22,85,0,63,16,73,99,124,121,48" hai2="76,30,68,127,79,51,94,44,19,5,75,31,72" hai3="57,87,104,78,131,21,107,40,101,132,118,3,98"/><U67/><E73/><V59/><F68/><W129/><G132/><T58/><D112/><U49/><E121/><V52/><F127/><W20/><G118/><T29/><D117/><U33/><E0/><V108/><F108/><W50/><G3/><T39/><D39/><U88/><E124/><V103/><F5/><W7/><G7/><T15/><D125/><U17/><E99/><N who="2" m="59895" /><F75/><W106/><G20/><T41/><D109/><U47/><E34/><V81/><F72/><W110/><G110/><T114/><D114/><U26/><E33/><V42/><F19/><W2/><G2/><T82/><D15/><U84/><E47/><V55/><F42/><W60/><G21/><N who="0" m="15503" /><D130/><N who="3" m="49673" /><G50/><N who="1" m="19562" /><E88/><V10/><F10/><W115/><G40/><T64/><D41/><U28/><E28/><N who="2" m="10795" /><F81/><N who="3" m="47543" /><G115/><T38/><D38/><U32/><E32/><V11/><F11/><W1/><G1/><T113/><D133/><U62/><E62/><AGARI ba="0,0" hai="44,51,52,55,59,62,76,79" m="10795,59895" machi="62" ten="30,2000,0" yaku="8,1,54,1" doraHai="83" who="2" fromWho="1" sc="224,0,250,-20,250,20,276,0" /><INIT seed="2,0,0,1,4,79" ten="224,230,270,276" oya="2" hai0="47,76,80,63,122,42,104,91,121,28,111,87,110" hai1="115,61,32,132,1,50,37,90,11,102,45,128,8" hai2="96,20,107,2,72,133,22,19,4,10,36,26,54" hai3="66,21,77,117,94,109,12,51,69,60,83,84,105"/><V39/><F133/><W120/><G120/><T25/><D104/><U82/><E115/><V131/><F131/><W73/><G117/><T124/><D124/><U55/><E32/><V95/><F107/><W64/><G105/><T16/><D63/><U119/><E119/><V130/><F72/><W134/><G134/><T40/><D76/><U127/><E132/><V108/><F130/><W5/><G109/><N who="0" m="41483" /><D16/><U112/><E112/><V59/><F22/><W99/><G66/><T0/><D0/><U71/><E128/><V18/><F18/><W88/><G21/><N who="0" m="15407" /><D40/><U30/><E1/><V35/><F35/><W62/><G62/><T92/><D92/><U41/><E127/><V78/><F78/><W58/><G12/><T129/><D129/><U31/><E31/><V44/><F108/><W113/><G5/><T93/><D93/><U103/><E30/><V38/><F95/><W118/><G113/><T6/><D6/><U123/><E123/><V86/><F4/><W57/><G118/><T56/><D56/><N who="1" m="32887" /><E8/><V101/><F10/><W52/><REACH who="3" step="1"/><G58/><REACH who="3" ten="224,230,270,266" step="2"/><T97/><D97/><AGARI ba="0,1" hai="51,52,57,60,64,69,73,77,83,84,88,94,97,99" machi="97" ten="40,8000,1" yaku="1,1,2,1,52,1,54,2,53,0" doraHai="79" doraHaiUra="23" who="3" fromWho="0" sc="224,-80,230,0,270,0,266,90" /><INIT seed="3,0,0,1,2,56" ten="144,230,270,356" oya="3" hai0="14,129,71,94,28,26,92,104,69,74,110,67,73" hai1="93,120,41,7,99,80,44,0,65,128,4,86,126" hai2="6,68,3,11,16,72,2,43,119,114,91,36,83" hai3="33,90,48,127,9,10,77,70,64,85,51,96,115"/><W102/><G115/><T109/><D129/><U116/><E120/><V103/><F119/><W34/><G77/><T13/><D104/><U15/><E0/><V47/><F68/><W113/><G113/><T81/><D28/><U24/><E126/><V23/><F103/><W22/><G127/><T132/><D26/><U50/><E128/><V135/><F135/><W82/><G22/><T38/><D38/><U17/><E65/><V118/><F118/><W53/><G48/><T32/><D67/><U39/><E24/><V79/><F91/><W42/><G42/><T29/><D29/><U133/><E39/><V101/><F101/><W30/><G34/><T100/><D100/><N who="1" m="60527" /><E133/><V52/><F52/><W18/><G33/><T76/><D132/><U60/><E60/><V107/><F107/><W54/><G53/><T106/><D106/><U58/><E58/><V12/><F114/><W46/><G64/><T21/><D32/><U66/><E66/><V35/><F35/><W49/><G54/><T75/><D21/><N who="1" m="11455" /><E116/><V59/><F59/><W31/><G70/><T5/><D73/><U89/><AGARI ba="0,0" hai="4,7,41,44,50,80,86,89" m="11455,60527" machi="89" ten="30,1100,0" yaku="8,1" doraHai="56" who="1" fromWho="1" sc="144,-3,230,11,270,-3,356,-5" owari="141,-35.9,241,-15.9,267,6.7,351,45.1" /></mjloggm>