<mjloggm ver="2.3"><GO type="225" lobby="0"/><UN n0="%E3%83%B4%E3%83%A0%EF%BC%99%E3%81%A6" n1="%77%72%77%72%77%72%77%72" n2="%E7%B4%94%E6%BD%94%E3%83%94%E3%83%A9%E3%83%8B%E3%82%A2" n3="%E3%82%B2%E3%82%B9%E8%8C%82%E5%8B%9D" dan="16,17,16,16" rate="2110.18,2196.15,2114.01,2132.53" sx="M,M,M,F"/><TAIKYOKU oya="0"/><INIT seed="0,0,0,1,4,68" ten="250,250,250,250" oya="0" hai0="93,26,50,118,76,46,100,47,128,115,87,121,112" hai1="41,21,17,61,92,99,33,36,10,1,94,96,106" hai2="13,88,8,103,110,30,98,57,39,71,14,11,12" hai3="101,107,44,28,72,4,38,2,22,20,19,69,85"/><T55/><D118/><U124/><E33/><V102/><F71/><W108/><G108/><T53/><D121/><U126/><E106/><V84/><F110/><W116/><G116/><T109/><D109/><U64/><E1/><V60/><F30/><W86/><G69/><T97/><D128/><U78/><E10/><N who="2" m="3627" /><F98/><W75/><G4/><T119/><D119/><U130/><E78/><V89/><F39/><W15/><G2/><T43/><D26/><U63/><E130/><V32/><F32/><W51/><G38/><T131/><D131/><U95/><E41/><V117/><F117/><W52/><G75/><T83/><REACH who="0" step="1"/><D55/><REACH who="0" ten="240,250,250,250" step="2"/><U79/><E124/><V23/><F23/><W49/><G22/><T67/><D67/><U31/><E64/><N who="2" m="38927" /><F89/><W58/><G28/><T48/><AGARI ba="0,1" hai="43,46,47,48,50,53,76,83,87,93,97,100,112,115" machi="48" ten="20,3900,0" yaku="1,1,0,1,7,1,53,0" doraHai="68" doraHaiUra="70" who="0" fromWho="0" sc="240,49,250,-13,250,-13,250,-13" /><INIT seed="0,1,0,3,1,30" ten="289,237,237,237" oya="0" hai0="103,23,122,95,128,94,84,54,50,59,28,80,129" hai1="105,67,49,134,100,57,123,115,78,98,70,29,71" hai2="86,10,99,34,133,7,32,24,25,119,91,74,132" hai3="69,124,44,68,12,107,13,102,130,64,18,89,60"/><T131/><D122/><U37/><E123/><V82/><F74/><W17/><G124/><T33/><D23/><U121/><E121/><V2/><F119/><W16/><G130/><T88/><REACH who="0" step="1"/><D103/><REACH who="0" ten="279,237,237,237" step="2"/><U22/><E22/><V55/><F99/><W63/><G44/><T72/><D72/><U36/><E98/><V56/><F24/><AGARI ba="1,1" hai="24,28,33,50,54,59,80,84,88,94,95,128,129,131" machi="24" ten="40,12000,1" yaku="1,1,19,1,52,1,54,1,53,0" doraHai="30" doraHaiUra="106" who="0" fromWho="2" sc="279,133,237,0,237,-123,237,0" /><INIT seed="0,2,0,2,4,18" ten="412,237,114,237" oya="0" hai0="23,109,70,128,3,7,64,24,133,57,107,112,129" hai1="35,125,22,135,78,95,30,97,62,92,51,130,16" hai2="2,124,65,53,36,126,120,9,71,27,49,1,10" hai3="121,32,48,6,68,77,42,15,41,19,54,114,101"/><T81/><D112/><U34/><E130/><N who="0" m="50281" /><D70/><U37/><E37/><V39/><F120/><W52/><G114/><T61/><D107/><U45/><E135/><V127/><F71/><W91/><G121/><T5/><D133/><U26/><E125/><V123/><F65/><W131/><G131/><T50/><D109/><U80/><E62/><V134/><F123/><W73/><G32/><T79/><D50/><U90/><E95/><V17/><F134/><W132/><G132/><T28/><D3/><N who="2" m="1034" /><F27/><W44/><G6/><T63/><D63/><U96/><E96/><V88/><F88/><W58/><G68/><T87/><AGARI ba="2,0" hai="5,7,23,24,28,57,61,64,79,81,87" m="50281" machi="87" ten="30,3000,0" yaku="19,1,52,1" doraHai="18" who="0" fromWho="0" sc="412,36,237,-12,114,-12,237,-12" /><INIT seed="0,3,0,0,4,79" ten="448,225,102,225" oya="0" hai0="134,125,83,23,14,13,124,123,122,43,127,98,36" hai1="109,108,17,53,75,113,8,62,81,12,37,78,102" hai2="27,18,135,29,46,86,117,103,34,0,77,70,130" hai3="121,38,80,57,31,67,126,84,4,118,16,99,55"/><T19/><D134/><U24/><E37/><V85/><F135/><W22/><G118/><T41/><D98/><U28/><E113/><V133/><F130/><W48/><G121/><N who="0" m="46091" /><D36/><U32/><E102/><V54/><F0/><W120/><G120/><T132/><D132/><U111/><E53/><V87/><F70/><W95/><G126/><T5/><D83/><N who="1" m="45535" /><E62/><V45/><F117/><W89/><G38/><T92/><D92/><U119/><E119/><V82/><F133/><W106/><G106/><T50/><D50/><U71/><E71/><V115/><F115/><W40/><G40/><T76/><D76/><U65/><E65/><V33/><F33/><W63/><G4/><T105/><D105/><U15/><E15/><V101/><F18/><W112/><G112/><T59/><D59/><U64/><E64/><V93/><F54/><W35/><G35/><T69/><D69/><U10/><E8/><AGARI ba="3,0" hai="5,8,13,14,19,23,41,43,124,125,127" m="46091" machi="8" ten="40,2000,0" yaku="18,1" doraHai="79" who="0" fromWho="1" sc="448,29,225,-29,102,0,225,0" /><INIT seed="0,4,0,3,5,27" ten="477,196,102,225" oya="0" hai0="120,105,20,80,8,93,85,126,36,55,37,13,76" hai1="3,63,4,75,100,73,122,102,30,91,108,6,15" hai2="40,53,87,110,19,34,121,64,31,123,74,114,10" hai3="67,69,84,9,7,116,21,125,82,46,133,101,47"/><T25/><D105/><U129/><E122/><V124/><F74/><W104/><G116/><T94/><D126/><U96/><E3/><V107/><F107/><W58/><G125/><T127/><D120/><U29/><E108/><V72/><F72/><W130/><G69/><T38/><D55/><U117/><E117/><V28/><F34/><W5/><G130/><T60/><D60/><U41/><E129/><V103/><F114/><W33/><G33/><T135/><D135/><U32/><E32/><V42/><F110/><W0/><G133/><T106/><D106/><U59/><E41/><N who="2" m="15979" /><F124/><W43/><G7/><N who="1" m="2602" /><E73/><V45/><F123/><W98/><G21/><T81/><D81/><U115/><E75/><V132/><F132/><W50/><G67/><T52/><D127/><U22/><E115/><V90/><F103/><N who="1" m="39465" /><E22/><V51/><F64/><W24/><G43/><T17/><D38/><U2/><E15/><N who="2" m="7671" /><F121/><W44/><G0/><T61/><D37/><U97/><E2/><V1/><F1/><W18/><G5/><T119/><D36/><U134/><E134/><V113/><F113/><W14/><G9/><T56/><D119/><U39/><E39/><V68/><F68/><W95/><G14/><T99/><D8/><U66/><E91/><V88/><F90/><N who="3" m="51479" /><G104/><T16/><D13/><U23/><E23/><V79/><F79/><W118/><G118/><T78/><D78/><U109/><E109/><V86/><F86/><W11/><G11/><T54/><D17/><U57/><E57/><V89/><F89/><W48/><G58/><T128/><D128/><U12/><E12/><RYUUKYOKU ba="4,0" sc="477,-30,196,10,102,10,225,10" hai1="29,30,59,63,66,96,97" hai2="28,31,45,51,53,87,88" hai3="18,24,44,46,47,48,50,95,98,101" /><INIT seed="1,5,0,4,3,123" ten="447,206,112,235" oya="1" hai0="37,133,101,98,35,32,134,120,116,0,12,107,122" hai1="54,50,92,114,69,126,8,124,125,31,99,132,41" hai2="105,95,22,82,61,28,14,79,16,91,94,109,85" hai3="17,70,56,96,74,83,104,127,11,44,60,36,21"/><U87/><E114/><V24/><F105/><W7/><G127/><T13/><D0/><U23/><E132/><N who="0" m="50793" /><D37/><U15/><E69/><V67/><F109/><W27/><G70/><T48/><D116/><U86/><E41/><V72/><F94/><W38/><G44/><T4/><D48/><U55/><E23/><V73/><F73/><W102/><G83/><T5/><D12/><U9/><E31/><V20/><F61/><W42/><G74/><T18/><D120/><U19/><E9/><V63/><F63/><W2/><REACH who="3" step="1"/><G42/><REACH who="3" ten="447,206,112,225" step="2"/><T115/><D122/><U29/><E126/><V71/><F71/><W112/><G112/><T81/><D81/><U51/><E125/><V57/><F57/><W130/><G130/><T84/><D115/><U88/><E124/><V46/><REACH who="2" step="1"/><F67/><AGARI ba="5,1" hai="2,7,11,17,21,27,36,38,56,60,67,96,102,104" machi="67" ten="30,2000,0" yaku="1,1,7,1,53,0" doraHai="123" doraHaiUra="131" who="3" fromWho="2" sc="447,0,206,0,112,-35,225,45" /><INIT seed="2,0,0,2,4,81" ten="447,206,77,270" oya="2" hai0="57,86,89,125,61,31,41,22,90,109,106,85,26" hai1="40,5,62,37,2,121,68,114,47,28,7,134,59" hai2="51,12,38,122,133,24,128,70,33,110,108,95,73" hai3="53,50,123,129,20,65,64,21,54,0,15,72,45"/><V66/><F122/><W75/><G123/><T48/><D106/><U93/><E121/><V11/><F38/><W18/><G0/><T88/><D109/><N who="2" m="42090" /><F128/><W16/><G129/><T92/><D125/><U84/><E114/><V13/><F133/><W100/><G100/><T8/><D8/><U30/><E2/><V43/><F73/><W119/><G119/><T107/><D107/><U105/><E105/><V14/><F70/><W115/><G115/><T76/><D76/><U29/><E68/><V19/><F66/><W56/><G72/><T34/><D34/><U63/><E63/><V3/><F95/><W83/><G83/><T120/><D120/><U17/><E134/><V35/><F43/><W36/><G75/><T67/><D92/><U101/><E101/><V94/><F94/><W39/><G36/><T74/><D74/><U117/><E117/><V55/><F55/><W23/><G39/><T1/><D1/><U127/><E127/><V78/><F78/><W6/><G6/><T96/><D96/><U4/><E17/><V80/><F80/><W10/><REACH who="3" step="1"/><G18/><REACH who="3" ten="447,206,77,260" step="2"/><T82/><D82/><U103/><E103/><V97/><F51/><AGARI ba="0,1" hai="10,15,16,20,21,23,45,50,51,53,54,56,64,65" machi="51" ten="40,8000,1" yaku="1,1,2,1,8,1,54,1,53,0" doraHai="81" doraHaiUra="118" who="3" fromWho="2" sc="447,0,206,0,77,-80,260,90" owari="447,54.7,206,-19.4,-3,-50.3,350,15.0" /></mjloggm>