<mjloggm ver="2.3"><GO type="225" lobby="0"/><UN n0="%E9%80%9F%E6%B0%B4%E5%87%9B%E9%A6%99" n1="%6D%75%75%6D%75%72%61" n2="%E3%81%A1%E3%82%85%E3%81%86%E3%81%A9%E3%81%8F%E8%B1%A1%E3%81%95%E3%82%93" n3="%E3%81%86%E3%82%8C%E3%81%9F%E3%82%93%E6%9E%95" dan="16,16,17,16" rate="2148.41,2128.23,2203.79,2197.12" sx="F,F,M,F"/><TAIKYOKU oya="0"/><INIT seed="0,0,0,0,1,84" ten="250,250,250,250" oya="0" hai0="109,32,8,113,53,29,86,131,13,48,23,47,22" hai1="9,15,99,70,80,43,118,62,73,107,38,11,108" hai2="58,3,39,79,77,94,7,55,124,112,81,103,21" hai3="35,65,63,88,135,75,59,0,27,128,24,37,92"/><T90/><D113/><U42/><E118/><V57/><F112/><W110/><G37/><T122/><D122/><U49/><E38/><V98/><F39/><W91/><G0/><T31/><D131/><U129/><E108/><V130/><F130/><W6/><G128/><T114/><D114/><U64/><E11/><V93/><F124/><W123/><G6/><T52/><D109/><U126/><E126/><V100/><F7/><W101/><G75/><T121/><D121/><U26/><E49/><V119/><F119/><W36/><G36/><T117/><D117/><U104/><E104/><V56/><F3/><W4/><G4/><N who="0" m="3207" /><D53/><U51/><E51/><V82/><F21/><N who="0" m="7690" /><D32/><U19/><E26/><N who="3" m="9770" /><G35/><T68/><D68/><U17/><E17/><V10/><F10/><W134/><G123/><T106/><D106/><U95/><E107/><V89/><F55/><W40/><G40/><T132/><D132/><N who="3" m="50729" /><G110/><T41/><D41/><U71/><E129/><V97/><F56/><W5/><G5/><T14/><D14/><U60/><E42/><V115/><F115/><W16/><G16/><T127/><D127/><U34/><E43/><V25/><F25/><W96/><AGARI ba="0,0" hai="59,63,65,88,91,92,96,101" m="50729,9770" machi="96" ten="30,7900,0" yaku="20,1,52,2,54,1" doraHai="84" who="3" fromWho="3" sc="250,-39,250,-20,250,-20,250,79" /><INIT seed="1,0,0,3,4,76" ten="211,230,230,329" oya="1" hai0="130,124,132,66,24,122,75,20,42,25,67,125,79" hai1="71,114,5,131,51,107,9,34,104,60,16,53,97" hai2="81,108,73,18,121,27,118,127,57,88,39,23,82" hai3="100,46,22,31,58,110,93,84,134,4,128,115,111"/><U56/><E114/><V98/><F121/><W50/><G115/><T28/><D42/><U91/><E131/><V21/><F118/><W129/><G134/><T32/><D132/><U1/><E34/><V29/><F39/><W11/><G58/><T63/><D130/><N who="3" m="50281" /><G22/><T87/><D75/><U37/><E37/><V3/><F3/><N who="3" m="415" /><G31/><T117/><D117/><U0/><E0/><V116/><F116/><W48/><G48/><T49/><D49/><U74/><E74/><V33/><F73/><W36/><G36/><T13/><D13/><U101/><E91/><V6/><F6/><W55/><G100/><T2/><D2/><U77/><E77/><V54/><F108/><W135/><G135/><T14/><D14/><U72/><E72/><V12/><F33/><W96/><G96/><T119/><D119/><U113/><E113/><V102/><F127/><N who="0" m="48714" /><D63/><U35/><E35/><V59/><F59/><W92/><G84/><T69/><D69/><U85/><E85/><V70/><F70/><W64/><G64/><T30/><D122/><U106/><REACH who="1" step="1"/><E16/><REACH who="1" ten="211,220,230,329" step="2"/><V120/><F120/><W99/><G99/><T95/><D79/><U7/><E7/><V8/><F102/><W38/><G38/><T103/><D103/><U86/><E86/><V123/><F123/><W80/><G111/><T133/><D133/><U47/><E47/><V15/><F98/><W61/><G110/><T43/><D87/><U40/><E40/><V105/><F88/><W10/><G50/><T17/><D43/><U126/><E126/><V78/><F78/><W19/><G46/><T109/><D109/><RYUUKYOKU ba="0,1" sc="211,-10,220,30,230,-10,329,-10" hai1="1,5,9,51,53,56,60,71,97,101,104,106,107" /><INIT seed="1,1,1,0,1,42" ten="201,250,220,319" oya="1" hai0="60,104,123,74,0,90,115,94,33,22,38,32,81" hai1="39,31,107,82,80,91,110,5,37,16,101,58,54" hai2="29,89,75,118,20,34,9,97,76,67,83,48,116" hai3="8,70,85,68,95,71,103,56,2,35,72,131,6"/><U51/><E31/><V122/><F122/><W4/><G35/><T3/><D38/><U66/><E5/><V49/><F34/><W112/><G112/><T125/><D104/><U133/><E133/><V119/><F67/><W55/><G72/><T18/><D115/><U11/><E110/><V46/><F9/><W124/><G4/><T128/><D128/><U121/><E121/><V1/><F1/><W84/><G131/><T87/><D125/><U65/><E107/><V109/><F109/><W113/><G124/><T14/><D32/><U92/><E101/><V108/><F108/><W52/><G113/><T40/><D33/><U114/><E114/><V63/><F63/><W44/><G103/><T57/><D40/><U117/><E39/><V47/><F97/><W105/><G105/><T88/><D123/><U132/><E37/><V79/><F79/><W129/><G95/><T69/><D69/><U43/><E43/><V27/><REACH who="2" step="1"/><F89/><REACH who="2" ten="201,250,210,319" step="2"/><W12/><G2/><T93/><D93/><U26/><E132/><V36/><F36/><W30/><G129/><T25/><D0/><U78/><E78/><V135/><F135/><W96/><G96/><T21/><D3/><U50/><E117/><V10/><F10/><W59/><G8/><T23/><D90/><U111/><E111/><V86/><F86/><W126/><G84/><T98/><D74/><U100/><E11/><V28/><F28/><W106/><G30/><T102/><D14/><U62/><E91/><V127/><F127/><W61/><G126/><T45/><D88/><U53/><E66/><V64/><F64/><RYUUKYOKU ba="1,2" sc="201,-10,250,-10,210,30,319,-10" hai2="20,27,29,46,47,48,49,75,76,83,116,118,119" /><INIT seed="2,2,2,3,2,100" ten="191,240,240,309" oya="2" hai0="16,5,86,76,97,77,9,33,54,78,17,44,91" hai1="108,119,112,58,70,121,118,65,12,37,52,31,47" hai2="88,2,41,15,124,75,93,133,27,28,46,61,56" hai3="8,128,69,32,101,29,134,116,83,6,87,96,21"/><V92/><F2/><W103/><G116/><N who="1" m="44586" /><E31/><V24/><F75/><W117/><G128/><T59/><D33/><U68/><E12/><V109/><F124/><W18/><G134/><T89/><D44/><U53/><E112/><V90/><F133/><W129/><G129/><T73/><D73/><U79/><E79/><V104/><F104/><W135/><G69/><N who="1" m="26730" /><E108/><V55/><F109/><W38/><G38/><T3/><D97/><U40/><E121/><V95/><F15/><W30/><G135/><T26/><D26/><N who="2" m="9770" /><F28/><W84/><G32/><T113/><D113/><U80/><E80/><V42/><F46/><W45/><G45/><T22/><D22/><U63/><AGARI ba="2,2" hai="37,40,47,52,53,58,63,65" m="26730,44586" machi="63" ten="40,5200,0" yaku="34,2,54,1" doraHai="100" who="1" fromWho="1" sc="191,-15,240,78,240,-28,309,-15" /><INIT seed="3,0,0,0,1,18" ten="176,318,212,294" oya="3" hai0="131,31,88,91,82,27,104,54,103,127,108,29,130" hai1="78,16,129,97,46,83,42,65,44,81,85,58,20" hai2="19,15,94,11,74,28,48,47,35,87,121,135,123" hai3="21,76,70,122,12,72,98,93,2,120,106,10,62"/><W3/><G106/><T30/><D104/><U40/><E129/><N who="0" m="49161" /><D103/><U52/><E65/><V6/><F74/><W96/><G96/><T26/><D108/><U24/><E97/><V17/><F135/><W133/><G133/><T13/><D82/><U92/><E92/><V73/><F73/><W75/><G75/><T113/><D113/><U84/><E40/><N who="2" m="24679" /><F28/><N who="0" m="7170" /><T5/><DORA hai="34" /><D127/><U57/><E42/><V102/><F35/><W119/><G76/><T116/><D116/><U125/><E58/><V118/><F118/><W63/><G72/><T50/><D13/><U117/><E125/><V61/><F61/><W126/><G126/><T110/><D110/><U37/><E37/><V79/><F102/><W36/><G36/><T33/><D33/><U128/><E117/><V9/><F9/><W4/><G119/><T64/><D64/><U109/><E109/><V60/><F60/><W66/><G63/><T7/><D54/><U41/><E41/><V67/><F67/><W39/><G39/><T22/><D22/><U115/><E115/><V51/><F51/><W112/><G21/><T8/><D8/><U86/><E128/><V134/><F134/><W56/><G112/><T89/><D50/><N who="1" m="30871" /><E78/><V80/><F94/><W99/><G70/><T23/><D23/><U59/><E59/><V71/><F71/><W95/><G93/><T14/><D14/><U69/><E69/><V105/><F105/><W90/><G99/><T132/><D132/><U111/><E111/><V49/><F49/><W0/><AGARI ba="0,0" hai="0,2,3,4,10,12,56,62,66,90,95,98,120,122" machi="0" ten="30,11700,0" yaku="0,1,52,3" doraHai="18,34" who="3" fromWho="3" sc="176,-39,318,-39,212,-39,294,117" owari="137,-36.3,279,7.9,173,-22.7,411,51.1" /></mjloggm>