<mjloggm ver="2.3"><GO type="225" lobby="0"/><UN n0="%77%72%77%72%77%72%77%72" n1="%E7%89%B9%E6%9D%B1%E3%81%AF%E4%B8%96%E7%95%8C%E3%82%92%E6%95%91%E3%81%86" n2="%28%EF%BF%A3%E2%96%BD%EF%BF%A3%29%CE%B4%E2%8C%92%E3%83%BB" n3="%4C%4F%4C%49%54%41" dan="17,16,16,16" rate="2191.56,2164.20,2164.08,2201.30" sx="M,M,M,F"/><TAIKYOKU oya="0"/><INIT seed="0,0,0,0,3,67" ten="250,250,250,250" oya="0" hai0="110,38,106,29,93,37,53,112,98,135,49,41,11" hai1="36,15,22,4,117,20,107,70,129,130,9,26,51" hai2="55,103,127,85,21,19,61,122,102,18,59,104,86" hai3="40,50,3,126,42,89,7,5,77,66,80,69,2"/><T83/><D112/><U128/><E36/><V48/><F122/><W74/><G126/><T133/><D106/><U27/><E107/><V8/><F127/><W111/><G111/><T124/><D124/><U44/><E117/><V47/><F104/><W68/><G66/><T101/><D110/><U118/><E118/><V100/><F8/><W72/><G89/><T25/><D11/><U10/><E70/><V113/><F113/><W54/><G54/><T132/><D83/><U99/><E99/><V65/><REACH who="2" step="1"/><F18/><REACH who="2" ten="250,250,240,250" step="2"/><W43/><G3/><T123/><D123/><U23/><REACH who="1" step="1"/><E9/><REACH who="1" ten="250,240,240,250" step="2"/><V13/><AGARI ba="0,2" hai="13,19,21,47,48,55,59,61,65,85,86,100,102,103" machi="13" ten="30,8000,1" yaku="1,1,2,1,0,1,8,1,53,1" doraHai="67" doraHaiUra="16" who="2" fromWho="2" sc="250,-40,240,-20,240,100,250,-20" /><INIT seed="1,0,0,1,2,124" ten="210,220,340,230" oya="1" hai0="79,119,103,42,92,85,104,111,95,20,123,9,11" hai1="54,87,19,29,121,0,22,100,36,38,77,39,40" hai2="101,108,89,112,72,93,57,17,67,4,62,13,84" hai3="61,27,59,127,14,64,2,68,25,16,114,1,129"/><U128/><E121/><V70/><F72/><W126/><G114/><T10/><D119/><U134/><E0/><V58/><F112/><W26/><G129/><T117/><D117/><U34/><E134/><V98/><F4/><W88/><G68/><T7/><D123/><U94/><E29/><V102/><F108/><W35/><G35/><T75/><D75/><U90/><E34/><V131/><F131/><W56/><G59/><T113/><D113/><U24/><E77/><V60/><F84/><W30/><G30/><T65/><D111/><U32/><E32/><V83/><F83/><W49/><G49/><T107/><D65/><U18/><E100/><V45/><F45/><W81/><G1/><T86/><D42/><U99/><E87/><N who="0" m="33289" /><D107/><U5/><E5/><V74/><F70/><W91/><G2/><T3/><D104/><U66/><E66/><N who="2" m="39183" /><F74/><W118/><G81/><T132/><D132/><U47/><E128/><V6/><F6/><W37/><G37/><T76/><D7/><U31/><REACH who="1" step="1"/><E54/><REACH who="1" ten="210,210,340,230" step="2"/><V41/><F41/><W48/><G118/><T44/><D3/><U71/><E71/><V23/><AGARI ba="0,1" hai="13,17,23,58,62,67,89,93,98,101,102" m="39183" machi="23" ten="30,1100,0" yaku="8,1" doraHai="124" who="2" fromWho="2" sc="210,-3,210,-5,340,21,230,-3" /><INIT seed="2,0,0,5,3,112" ten="207,205,361,227" oya="2" hai0="127,108,39,54,40,106,134,83,101,93,82,51,4" hai1="31,6,77,115,3,107,8,69,5,37,86,7,131" hai2="9,90,11,98,91,75,96,15,13,42,84,121,87" hai3="21,59,29,111,65,135,76,16,124,126,110,102,44"/><V130/><F75/><W20/><G135/><T14/><D134/><U25/><E115/><V103/><F42/><W46/><G102/><T56/><D106/><U89/><E37/><V19/><F130/><W85/><G21/><T129/><D129/><U38/><E131/><V55/><F55/><W49/><G29/><T35/><D35/><U88/><E38/><V48/><F48/><W27/><G76/><T70/><D70/><U109/><E69/><V18/><REACH who="2" step="1"/><F103/><REACH who="2" ten="207,205,351,227" step="2"/><W52/><G49/><T24/><D101/><U116/><E3/><V119/><F119/><W100/><G100/><T60/><D40/><U117/><E117/><V0/><F0/><W68/><G52/><T105/><D54/><U61/><E116/><V64/><F64/><W66/><G65/><T22/><D51/><U50/><E50/><V30/><F30/><W81/><G66/><T63/><D39/><U32/><E31/><V1/><F1/><W57/><G46/><T97/><D63/><U58/><E61/><V47/><F47/><W28/><G44/><T78/><D60/><U53/><E53/><V33/><F33/><W2/><G2/><T10/><D127/><U67/><E32/><V94/><F94/><W118/><G118/><T122/><D93/><U71/><E67/><V125/><F125/><N who="3" m="48235" /><G28/><T26/><D56/><N who="3" m="21577" /><G68/><T80/><D105/><U114/><E107/><V74/><F74/><W104/><G104/><T72/><D72/><U120/><E71/><V12/><F12/><W113/><G113/><T132/><D14/><N who="1" m="5391" /><E114/><V123/><AGARI ba="0,1" hai="9,11,13,15,18,19,84,87,90,91,96,98,121,123" machi="123" ten="25,9600,0" yaku="1,1,0,1,22,2,53,0" doraHai="112" doraHaiUra="34" who="2" fromWho="2" sc="207,-32,205,-32,351,106,227,-32" /><INIT seed="2,1,0,1,5,37" ten="175,173,457,195" oya="2" hai0="20,60,107,24,55,42,35,18,7,67,97,132,6" hai1="101,83,0,32,13,126,84,30,25,63,129,59,90" hai2="57,77,117,94,22,100,106,19,125,28,70,39,40" hai3="14,122,21,46,16,99,135,38,118,91,89,52,80"/><V27/><F70/><W127/><G118/><T50/><D132/><U56/><E0/><V86/><F117/><W88/><G122/><T31/><D42/><U72/><E129/><V66/><F125/><W48/><G135/><T71/><D107/><U120/><E126/><V110/><F106/><W5/><G127/><T2/><D97/><U17/><E120/><V3/><F3/><W116/><G116/><T12/><REACH who="0" step="1"/><D2/><REACH who="0" ten="165,173,457,195" step="2"/><U87/><E101/><V23/><F100/><W75/><G99/><T54/><D54/><U34/><E72/><V44/><F40/><W98/><G98/><T74/><D74/><U68/><E84/><V95/><F86/><W93/><G52/><T69/><D69/><U79/><E79/><V53/><F77/><W61/><G75/><T109/><D109/><U133/><E133/><V45/><F39/><W36/><G36/><T96/><D96/><U119/><E119/><V26/><F110/><W58/><G38/><T113/><D113/><U10/><REACH who="1" step="1"/><E34/><REACH who="1" ten="165,163,457,195" step="2"/><N who="2" m="20759" /><F66/><AGARI ba="1,2" hai="10,13,17,25,30,32,56,59,63,66,68,83,87,90" machi="66" ten="40,1300,0" yaku="1,1,53,0" doraHai="37" doraHaiUra="111" who="1" fromWho="2" sc="165,0,163,36,457,-16,195,0" /><INIT seed="3,0,0,1,3,9" ten="165,199,441,195" oya="3" hai0="61,72,51,95,56,22,54,38,39,52,109,25,132" hai1="76,32,96,60,8,45,49,43,40,128,69,23,101" hai2="104,111,48,17,84,30,0,66,88,71,36,62,35" hai3="94,57,46,28,68,19,77,55,24,13,112,131,65"/><W83/><G112/><T106/><D106/><U7/><E32/><V3/><F36/><W21/><G131/><T64/><D72/><U120/><E120/><V12/><F104/><W133/><G133/><T115/><D115/><U86/><E128/><V10/><F111/><W82/><G46/><T92/><D109/><U44/><E23/><V126/><F126/><W124/><G124/><T99/><D132/><U47/><E69/><V34/><F34/><W53/><G94/><T41/><D92/><U125/><E60/><V97/><F97/><W14/><G68/><T108/><D108/><U15/><E125/><V90/><F90/><W42/><G42/><T80/><D80/><N who="3" m="30761" /><G77/><T50/><D39/><U121/><E121/><V1/><F35/><W107/><G107/><T73/><D38/><U102/><E76/><V113/><F113/><W27/><G27/><T20/><D20/><U93/><E86/><V33/><F33/><W63/><G28/><N who="0" m="17463" /><D73/><U4/><E43/><V119/><F30/><W37/><G37/><T114/><D114/><U118/><E118/><V117/><F119/><W70/><G70/><T123/><D123/><U105/><E105/><V6/><F117/><W122/><G122/><T130/><D130/><U59/><E40/><V11/><F0/><W67/><G55/><N who="0" m="21035" /><D41/><U26/><E93/><N who="2" m="54407" /><F1/><W74/><G74/><T18/><D18/><U129/><E129/><V89/><F3/><W78/><G78/><T91/><AGARI ba="0,0" hai="50,51,56,61,64,91,95,99" m="21035,17463" machi="91" ten="30,2000,0" yaku="8,1,54,1" doraHai="9" who="0" fromWho="0" sc="165,20,199,-5,441,-5,195,-10" owari="185,-21.5,194,-0.6,436,53.6,185,-31.5" /></mjloggm>