<mjloggm ver="2.3"><GO type="225" lobby="0"/><UN n0="%48%61%61%61%6C%61%6E%64" n1="%E3%81%AF%E3%82%88%E3%81%8A%E3%81%98%E3%81%95%E3%82%93" n2="%E3%81%94%E3%81%BE%E3%81%A1%E3%82%83%E3%82%93%36%36" n3="%E5%AE%AE%E4%BF%9D%E9%B6%8F%E8%82%89" dan="18,16,17,16" rate="2222.76,2217.16,2151.90,2132.93" sx="M,M,M,M"/><TAIKYOKU oya="0"/><INIT seed="0,0,0,0,0,16" ten="250,250,250,250" oya="0" hai0="78,74,61,118,5,75,83,123,28,64,69,121,110" hai1="49,34,72,102,126,82,65,3,43,55,97,103,125" hai2="14,2,93,116,73,112,37,12,54,48,81,17,101" hai3="56,11,77,117,127,90,104,134,63,40,30,76,24"/><T45/><D118/><U129/><E3/><V53/><F37/><W59/><G117/><T95/><D110/><U66/><E34/><V91/><F112/><W36/><G104/><T6/><D75/><U13/><E43/><V9/><F2/><W115/><G115/><T8/><D6/><U15/><E129/><V88/><F116/><W99/><G127/><N who="1" m="48650" /><E82/><V41/><F73/><W105/><G134/><T79/><D79/><U27/><E27/><V96/><F14/><N who="1" m="5129" /><E72/><V68/><F68/><W52/><G11/><T106/><D8/><U51/><E55/><N who="2" m="21003" /><F81/><W85/><G40/><T21/><D5/><U122/><E97/><V23/><F9/><W124/><G36/><T94/><D83/><U133/><E122/><V70/><F70/><W35/><G59/><T18/><D74/><U47/><E47/><AGARI ba="0,0" hai="12,17,23,41,47,48,88,91,93,96,101" m="21003" machi="47" ten="30,3900,0" yaku="8,1,52,1,54,1" doraHai="16" who="2" fromWho="1" sc="250,0,250,-39,250,39,250,0" /><BYE who="3" /><UN n3="%E5%AE%AE%E4%BF%9D%E9%B6%8F%E8%82%89" /><INIT seed="1,0,0,1,5,124" ten="250,211,289,250" oya="1" hai0="122,93,114,18,125,28,40,23,51,53,87,32,12" hai1="9,96,85,89,37,31,135,42,64,75,5,56,60" hai2="52,66,112,83,134,30,130,88,11,94,109,107,126" hai3="100,24,3,36,38,116,17,65,128,34,6,115,120"/><U132/><E75/><V81/><F107/><W74/><G120/><T55/><D114/><U119/><E119/><V103/><F112/><W117/><G115/><T71/><D71/><U22/><E96/><N who="2" m="59799" /><F126/><W106/><G74/><T61/><D125/><U35/><E35/><V70/><F70/><W7/><G65/><T57/><D122/><U45/><E22/><V80/><F134/><W44/><G128/><T67/><D32/><U68/><E31/><V54/><F130/><W15/><G3/><T69/><D28/><U8/><E68/><V108/><F30/><N who="3" m="19783" /><G100/><T4/><D4/><U27/><E27/><V118/><F118/><N who="3" m="45675" /><G106/><T78/><D78/><U46/><E45/><V90/><F66/><W14/><G14/><T33/><D33/><U39/><E37/><N who="3" m="14442" /><G44/><N who="0" m="25991" /><D69/><U91/><E9/><AGARI ba="0,0" hai="6,7,9,15,17" m="14442,45675,19783" machi="9" ten="30,1000,0" yaku="12,1" doraHai="124" who="3" fromWho="1" sc="250,0,211,-10,289,0,250,10" /><INIT seed="2,0,0,1,4,55" ten="250,201,289,260" oya="2" hai0="83,117,27,126,56,78,29,112,92,106,62,71,28" hai1="122,109,121,135,125,118,3,43,79,25,85,103,133" hai2="116,107,11,98,82,81,47,4,37,44,35,108,54" hai3="1,95,63,33,60,132,77,96,49,128,84,19,31"/><V48/><F116/><W13/><G1/><T58/><D112/><U24/><E118/><V0/><F35/><W61/><G132/><N who="1" m="50762" /><E3/><V50/><F37/><W131/><G33/><T45/><D117/><U6/><E6/><V66/><F108/><W114/><G31/><T76/><D106/><U53/><E109/><V39/><F39/><W113/><G49/><T127/><D92/><U59/><E43/><V20/><F66/><W68/><G68/><T104/><D104/><U67/><E67/><V105/><F20/><W80/><G13/><T12/><D45/><U119/><E103/><V134/><F134/><W123/><G19/><T120/><D120/><N who="1" m="46187" /><E119/><V111/><F111/><W34/><G34/><T32/><D71/><U65/><E65/><V75/><F98/><W88/><REACH who="3" step="1"/><G123/><REACH who="3" ten="250,201,289,250" step="2"/><T41/><D32/><U57/><E125/><V86/><F0/><W97/><G97/><T9/><D126/><U22/><E53/><V51/><F54/><W90/><G90/><T38/><D127/><U130/><E130/><AGARI ba="0,1" hai="60,61,63,77,80,84,88,95,96,113,114,128,130,131" machi="130" ten="40,5200,0" yaku="1,1,19,1,54,1,53,0" doraHai="55" doraHaiUra="16" who="3" fromWho="1" sc="250,0,201,-52,289,0,250,62" /><INIT seed="3,0,0,1,2,16" ten="250,149,289,312" oya="3" hai0="74,129,67,73,41,7,81,96,50,53,70,88,9" hai1="52,23,61,55,119,82,72,64,39,85,80,91,51" hai2="107,90,124,25,106,65,130,128,22,110,62,12,69" hai3="11,86,47,30,122,18,2,42,4,71,102,19,5"/><W121/><G71/><T75/><D129/><N who="2" m="49770" /><F110/><W57/><G30/><T56/><D41/><U40/><E119/><V24/><F124/><W118/><G118/><T48/><D70/><U97/><E39/><V29/><F12/><W38/><G102/><T33/><D33/><U135/><E135/><V103/><F103/><W95/><G5/><T1/><D67/><U32/><E32/><N who="2" m="20519" /><F90/><W15/><G19/><AGARI ba="0,0" hai="19,22,25,62,65,69,106,107" m="20519,49770" machi="19" ten="30,2000,0" yaku="19,1,52,1" doraHai="16" who="2" fromWho="3" sc="250,0,149,0,289,20,312,-20" owari="250,-15.0,149,-35.1,309,40.9,292,9.2" /></mjloggm>