<mjloggm ver="2.3"><GO type="225" lobby="0"/><UN n0="%77%72%77%72%77%72%77%72" n1="%E8%90%BD%E6%97%A5" n2="%E7%A9%BA%E9%A3%9B%E3%81%B6%E8%8A%8B%E7%85%AE%E4%BC%9A" n3="%E3%81%B5%E3%81%98%E3%81%8B%E3%81%A4" dan="17,16,16,16" rate="2245.84,2114.43,2081.63,2126.45" sx="M,F,F,M"/><TAIKYOKU oya="0"/><INIT seed="0,0,0,4,3,17" ten="250,250,250,250" oya="0" hai0="84,54,87,106,103,28,72,8,92,114,76,118,120" hai1="24,45,102,0,119,59,4,107,83,70,5,41,61" hai2="13,75,74,26,97,109,117,22,134,111,122,7,1" hai3="29,53,116,71,31,98,123,127,44,36,101,42,30"/><T69/><D114/><U132/><E119/><V129/><F122/><W100/><G116/><T16/><D118/><U124/><E70/><V62/><F117/><W128/><G123/><T14/><D120/><U131/><E0/><V50/><F1/><W81/><G127/><T105/><D69/><U58/><E58/><V133/><F62/><W112/><G112/><T82/><D28/><U104/><E124/><V15/><F129/><W33/><G128/><T40/><D40/><U130/><E132/><N who="2" m="50795" /><F97/><W18/><G71/><T135/><D135/><U39/><E131/><V52/><F7/><W68/><G68/><T73/><D54/><U56/><E56/><N who="2" m="32791" /><F75/><W79/><G53/><T99/><REACH who="0" step="1"/><D73/><REACH who="0" ten="240,250,250,250" step="2"/><U113/><E113/><V108/><F74/><W47/><G30/><AGARI ba="0,1" hai="13,15,22,26,30,108,109,111" m="32791,50795" machi="30" ten="40,8000,1" yaku="14,1,20,1,52,1,54,1" doraHai="17" who="2" fromWho="3" sc="240,0,250,0,250,90,250,-80" /><INIT seed="1,0,0,3,0,22" ten="240,250,340,170" oya="1" hai0="21,70,50,89,36,85,101,129,122,93,15,24,74" hai1="132,71,112,81,91,96,31,33,46,67,128,125,65" hai2="86,61,97,64,126,16,110,77,107,52,51,63,116" hai3="90,40,119,3,7,34,53,44,92,106,57,1,0"/><U69/><E112/><V58/><F116/><W102/><G119/><T6/><D36/><U14/><E125/><V42/><F110/><W45/><G34/><T94/><D70/><U120/><E120/><V26/><F126/><W114/><G114/><T78/><D129/><U88/><E128/><V72/><F72/><W19/><G7/><T23/><D74/><U83/><E132/><V30/><F42/><W75/><G75/><T18/><D78/><U48/><E14/><V123/><F123/><W59/><G106/><T103/><D122/><U68/><E31/><V4/><F4/><W127/><G102/><T95/><D50/><U56/><E33/><V11/><F97/><W111/><G111/><T9/><REACH who="0" step="1"/><D21/><REACH who="0" ten="230,250,340,170" step="2"/><U87/><E56/><V5/><F51/><N who="3" m="28911" /><G127/><T118/><D118/><U54/><REACH who="1" step="1"/><E96/><REACH who="1" ten="230,240,340,170" step="2"/><V80/><F30/><W133/><G59/><T100/><AGARI ba="0,2" hai="6,9,15,18,23,24,85,89,93,94,95,100,101,103" machi="100" ten="30,12000,2" yaku="1,1,0,1,8,1,52,1,53,3" doraHai="22" doraHaiUra="98" who="0" fromWho="0" sc="230,140,240,-60,340,-30,170,-30" /><INIT seed="2,0,0,3,0,125" ten="370,180,310,140" oya="2" hai0="106,79,131,50,51,65,24,127,38,48,112,90,19" hai1="107,5,31,4,81,135,116,129,122,54,88,43,80" hai2="66,130,70,108,26,39,102,92,68,62,18,96,32" hai3="2,6,30,0,47,111,57,75,45,87,72,98,105"/><V42/><F108/><W83/><G111/><T28/><D112/><U22/><E107/><V63/><F42/><W29/><G57/><T34/><D38/><U133/><E116/><V99/><F39/><W53/><G105/><T61/><D79/><U23/><E43/><V91/><F18/><W104/><G104/><T20/><D106/><U121/><E54/><V55/><F55/><W76/><G98/><T40/><D127/><U71/><E71/><V7/><F7/><W11/><G0/><T77/><D77/><U69/><E69/><V3/><F3/><W93/><G72/><T118/><D131/><U9/><E31/><V64/><F26/><W115/><G115/><T21/><D118/><U10/><REACH who="1" step="1"/><E88/><REACH who="1" ten="370,170,310,140" step="2"/><V36/><F91/><W46/><REACH who="3" step="1"/><G53/><REACH who="3" ten="370,170,310,130" step="2"/><T52/><D52/><U13/><E13/><V17/><F70/><W27/><G27/><T60/><D24/><U15/><E15/><V33/><F68/><W74/><G74/><T126/><D126/><U1/><E1/><V44/><F99/><W119/><G119/><T85/><D65/><U67/><E67/><V59/><F66/><W86/><G86/><T123/><D85/><U12/><E12/><V8/><F64/><W114/><G114/><T103/><D61/><U41/><E41/><V113/><F63/><W73/><G73/><T124/><D60/><U56/><E56/><V134/><F62/><W58/><G58/><T109/><D40/><U25/><E25/><V16/><F59/><W117/><G117/><T82/><D124/><U97/><E97/><V35/><F113/><W84/><G84/><RYUUKYOKU ba="0,2" sc="370,-15,170,15,310,-15,130,15" hai1="4,5,9,10,22,23,80,81,121,122,129,133,135" hai3="2,6,11,29,30,45,46,47,75,76,83,87,93" /><INIT seed="3,1,2,1,2,69" ten="355,185,295,145" oya="3" hai0="50,41,58,5,8,62,2,93,23,51,123,105,91" hai1="103,113,132,46,22,10,30,68,27,39,63,34,104" hai2="21,17,122,100,57,28,75,9,29,74,56,134,24" hai3="14,80,102,13,127,70,119,48,67,133,90,106,7"/><W109/><G119/><T3/><D123/><U20/><E113/><V95/><F134/><W118/><G118/><T110/><D105/><U125/><E132/><V0/><F122/><W96/><G133/><T99/><D110/><U131/><E125/><V129/><F129/><W117/><G127/><T45/><D23/><U92/><E92/><V16/><F0/><W47/><G117/><T37/><D2/><U66/><E10/><V59/><F75/><W26/><G26/><T73/><D73/><U112/><E112/><V98/><F74/><W84/><G109/><T135/><D135/><U81/><E81/><V83/><F83/><W18/><G7/><T77/><D77/><U126/><E126/><V1/><F1/><W15/><G70/><T36/><D36/><U54/><E131/><V86/><F86/><W87/><G87/><T115/><D115/><U19/><E19/><V11/><F17/><W128/><G128/><T79/><D79/><U6/><E6/><V82/><F82/><W61/><G61/><T44/><D44/><U25/><E25/><V130/><F130/><W108/><G108/><T97/><D97/><N who="1" m="61551" /><E54/><AGARI ba="1,2" hai="3,5,8,37,41,45,50,51,54,58,62,91,93,99" machi="54" ten="30,2000,0" yaku="7,1,52,1" doraHai="69" who="0" fromWho="1" sc="355,43,185,-23,295,0,145,0" owari="398,49.8,162,-23.8,295,9.5,145,-35.5" /></mjloggm>