<mjloggm ver="2.3"><GO type="225" lobby="0"/><UN n0="%E6%AB%BB%E4%BA%95%E5%A5%8F" n1="%28%EF%BF%A3%E2%96%BD%EF%BF%A3%29%CE%B4%E2%8C%92%E3%83%BB" n2="%E5%A4%8F%E9%88%B4%E9%88%B4%E5%A4%8F" n3="%45%6C%79%73%69%75%6D" dan="17,16,16,17" rate="2213.17,2146.98,2108.69,2111.88" sx="M,M,M,F"/><TAIKYOKU oya="0"/><INIT seed="0,0,0,2,5,31" ten="250,250,250,250" oya="0" hai0="103,95,75,76,113,63,18,43,1,98,88,50,118" hai1="54,78,64,110,104,85,84,11,44,49,73,86,6" hai2="67,93,59,27,130,120,42,16,116,41,92,109,60" hai3="32,48,35,17,55,4,10,7,12,124,97,99,135"/><T26/><D1/><U34/><E104/><V125/><F120/><W107/><G135/><T15/><D113/><U9/><E110/><V38/><F109/><W61/><G124/><T72/><D118/><U66/><E11/><V39/><F125/><W30/><G61/><T22/><D76/><U28/><E78/><V5/><F116/><W96/><G107/><T8/><D63/><U112/><E73/><V13/><F130/><W70/><G70/><T81/><D43/><N who="2" m="16394" /><F39/><W56/><REACH who="3" step="1"/><G30/><REACH who="3" ten="250,250,250,240" step="2"/><T106/><D50/><U89/><E112/><V47/><F38/><W90/><G90/><T134/><D134/><U40/><E89/><V68/><F68/><W83/><G83/><T94/><D81/><U114/><E114/><V20/><F47/><W57/><G57/><T129/><D129/><U25/><REACH who="1" step="1"/><E40/><REACH who="1" ten="250,240,250,240" step="2"/><V133/><F133/><W36/><G36/><T108/><D108/><U121/><E121/><V100/><F100/><W101/><G101/><T37/><D106/><U105/><E105/><V77/><F77/><W45/><G45/><T69/><D37/><U51/><E51/><V58/><F58/><W2/><G2/><AGARI ba="0,2" hai="2,6,9,25,28,34,44,49,54,64,66,84,85,86" machi="2" ten="40,2600,0" yaku="1,1,52,1,53,0" doraHai="31" doraHaiUra="74" who="1" fromWho="3" sc="250,0,240,46,250,0,240,-26" /><INIT seed="1,0,0,5,5,108" ten="250,286,250,214" oya="1" hai0="0,31,87,81,25,89,70,110,40,100,49,96,19" hai1="10,50,53,93,84,72,112,63,94,83,59,92,69" hai2="54,9,115,86,43,132,21,11,41,107,51,90,68" hai3="126,95,73,24,8,2,55,1,65,117,97,78,125"/><U105/><E105/><V7/><F132/><W113/><G113/><T114/><D70/><U37/><E72/><V57/><F68/><W75/><G65/><T12/><D0/><U46/><E69/><V85/><F107/><W22/><G117/><T47/><D110/><U23/><E37/><V38/><F115/><W121/><G121/><T29/><D114/><U104/><E104/><V79/><F38/><W20/><G8/><N who="2" m="3145" /><F7/><W27/><G95/><N who="0" m="58399" /><D25/><U135/><E135/><V33/><F33/><W36/><G36/><T88/><D89/><U30/><E10/><AGARI ba="0,0" hai="10,12,19,29,31,40,47,49,81,87,88" m="58399" machi="10" ten="30,2000,0" yaku="8,1,54,1" doraHai="108" who="0" fromWho="1" sc="250,20,286,-20,250,0,214,0" /><INIT seed="2,0,0,5,4,19" ten="270,266,250,214" oya="2" hai0="25,56,119,92,22,20,35,81,77,44,57,12,105" hai1="135,96,124,47,33,90,69,134,29,127,80,50,37" hai2="61,97,11,51,73,122,7,14,88,0,94,110,2" hai3="101,1,32,6,31,102,133,129,62,108,118,109,98"/><V27/><F122/><W84/><G118/><T13/><D105/><U17/><E69/><V104/><F73/><W67/><G129/><T107/><D107/><U24/><E37/><V85/><F110/><N who="3" m="42603" /><G133/><N who="1" m="50698" /><E17/><V36/><F36/><W131/><G131/><T48/><D35/><U87/><E96/><V117/><F117/><W34/><G84/><N who="0" m="48175" /><D92/><U60/><E60/><V128/><F128/><W123/><G123/><T70/><D70/><U49/><E49/><V75/><F75/><W4/><G101/><T9/><D13/><U99/><E99/><V120/><F120/><W52/><G1/><T5/><D119/><U103/><E103/><V115/><F115/><W113/><G113/><T66/><D25/><U64/><E64/><V100/><F51/><W8/><G34/><T42/><D66/><U30/><E30/><V40/><F27/><N who="3" m="18559" /><G67/><T76/><D76/><U71/><E71/><V93/><F104/><N who="3" m="63575" /><G8/><T114/><D114/><U63/><E63/><V15/><F61/><W106/><G106/><T58/><AGARI ba="0,0" hai="5,9,12,20,22,42,44,48,56,57,58" m="48175" machi="58" ten="30,7900,0" yaku="25,1,8,1,52,2" doraHai="19" who="0" fromWho="0" sc="270,79,266,-20,250,-39,214,-20" /><INIT seed="3,0,0,5,2,89" ten="349,246,211,194" oya="3" hai0="18,45,99,84,31,16,57,59,8,68,77,46,29" hai1="19,104,2,117,123,106,105,52,113,87,80,40,86" hai2="79,78,91,75,47,34,13,49,61,9,26,131,128" hai3="21,127,124,98,12,125,11,50,22,122,130,97,48"/><W132/><G122/><T37/><D68/><U85/><E2/><V94/><F61/><W93/><G130/><N who="2" m="49705" /><F26/><W96/><G132/><T1/><D1/><U65/><E65/><V30/><F30/><N who="0" m="11274" /><D37/><U120/><E113/><V25/><F25/><W60/><G60/><T62/><D99/><U102/><E40/><N who="2" m="24807" /><F75/><W126/><N who="3" m="31744" /><DORA hai="66" /><W7/><REACH who="3" step="1"/><G93/><REACH who="3" ten="349,246,211,184" step="2"/><T38/><D62/><U88/><E120/><V32/><F32/><W33/><G33/><T4/><D38/><U107/><E123/><V63/><F63/><W74/><G74/><T135/><D135/><U6/><E107/><V39/><F34/><W111/><G111/><T24/><D24/><U110/><E106/><V20/><F39/><W43/><G43/><T51/><D51/><AGARI ba="0,1" hai="7,11,12,21,22,48,50,51,96,97,98" m="31744" machi="51" ten="70,6800,0" yaku="1,1,18,1,53,0" doraHai="89,66" doraHaiUra="42,27" who="3" fromWho="0" sc="349,-68,246,0,211,0,184,78" /><INIT seed="3,1,0,5,0,62" ten="281,246,211,262" oya="3" hai0="101,82,93,33,112,37,81,7,103,97,72,29,53" hai1="71,59,134,43,119,105,42,100,40,86,14,96,11" hai2="78,117,92,94,68,109,130,50,23,12,17,6,44" hai3="36,21,8,31,47,75,46,79,126,118,13,129,67"/><W66/><G118/><T49/><D37/><U124/><E71/><V106/><F117/><W22/><G75/><T60/><D112/><U4/><E119/><V57/><F68/><W24/><G36/><T34/><D103/><U87/><E134/><V99/><F109/><W127/><G79/><T107/><D7/><U26/><E124/><N who="3" m="47658" /><G22/><T69/><D93/><U133/><E133/><V10/><F130/><W19/><G129/><T135/><D135/><U5/><E26/><V9/><F78/><W15/><G15/><T120/><D120/><U32/><E32/><V52/><F106/><W56/><G56/><T125/><D125/><U85/><REACH who="1" step="1"/><E59/><REACH who="1" ten="281,236,211,262" step="2"/><V48/><F99/><W128/><G128/><T28/><D34/><U88/><E88/><V95/><REACH who="2" step="1"/><F6/><AGARI ba="1,1" hai="4,5,6,11,14,40,42,43,85,86,87,96,100,105" machi="6" ten="40,8000,1" yaku="1,1,53,3" doraHai="62" doraHaiUra="39" who="1" fromWho="2" sc="281,0,236,93,211,-83,262,0" owari="281,8.1,329,42.9,128,-37.2,262,-13.8" /></mjloggm>