<mjloggm ver="2.3"><GO type="225" lobby="0"/><UN n0="%48%61%61%61%6C%61%6E%64" n1="%E3%81%8A%E3%81%8B%E3%81%8F%E3%82%89" n2="%6D%75%75%6D%75%72%61" n3="%E3%81%9F%E3%81%8C%E3%82%84%E3%81%99" dan="17,16,16,16" rate="2240.02,2066.71,2075.84,2122.13" sx="M,M,F,M"/><TAIKYOKU oya="0"/><INIT seed="0,0,0,3,0,36" ten="250,250,250,250" oya="0" hai0="21,72,48,32,31,134,103,78,57,65,70,22,99" hai1="43,125,129,16,33,135,95,108,7,49,8,68,37" hai2="74,109,107,120,121,66,30,132,42,51,56,116,89" hai3="124,35,25,18,11,55,6,14,17,39,88,127,52"/><T0/><D0/><U93/><E68/><V38/><F109/><W67/><G67/><T34/><D134/><U1/><E108/><V44/><F132/><W15/><G39/><T75/><D57/><U119/><E33/><V112/><F74/><W46/><G35/><T73/><D78/><U128/><E119/><V20/><F112/><W53/><G25/><N who="0" m="18543" /><D48/><U105/><E105/><V28/><F107/><W82/><G46/><T81/><D81/><U54/><E125/><N who="3" m="48202" /><G14/><T83/><D83/><U131/><E16/><N who="3" m="6250" /><G55/><T76/><D76/><U45/><REACH who="1" step="1"/><E135/><REACH who="1" ten="250,240,250,250" step="2"/><V117/><F117/><W79/><G88/><T10/><D34/><U41/><E41/><V96/><F116/><W40/><G40/><T71/><D71/><U130/><N who="1" m="32768" /><DORA hai="3" /><U61/><E61/><V63/><F89/><W84/><AGARI ba="0,1" hai="6,11,15,52,53,79,82,84" m="6250,48202" machi="84" ten="30,7900,0" yaku="18,1,52,1,54,2" doraHai="36,3" who="3" fromWho="3" sc="250,-39,240,-20,250,-20,250,89" /><INIT seed="1,0,0,0,1,122" ten="211,220,230,339" oya="1" hai0="64,92,66,88,26,80,61,17,10,59,108,3,97" hai1="71,131,42,1,22,93,34,55,120,86,53,57,11" hai2="15,115,24,32,133,77,46,95,84,117,52,134,69" hai3="65,45,30,121,54,43,94,18,98,27,124,4,56"/><U2/><E34/><V0/><F0/><W112/><G65/><T135/><D135/><U58/><E71/><V41/><F117/><W12/><G121/><T125/><D125/><U82/><E42/><V102/><F69/><W78/><G78/><T130/><D130/><U70/><E70/><V67/><F67/><W49/><G124/><T50/><D108/><U96/><E131/><V20/><F115/><W105/><G105/><T132/><D132/><U109/><E22/><V101/><F32/><W25/><G4/><T51/><D66/><U99/><E11/><V63/><F15/><W107/><G107/><T123/><D123/><U91/><E120/><V74/><F74/><W114/><G30/><T116/><D116/><U48/><E99/><V37/><F102/><W7/><G7/><T38/><D38/><U16/><E109/><V89/><F101/><N who="3" m="60631" /><G114/><T60/><D60/><U36/><E16/><V127/><F77/><W113/><G113/><T73/><D3/><U5/><E5/><V13/><F13/><W8/><G112/><T83/><D73/><U126/><E36/><V103/><F103/><W21/><G8/><T110/><D110/><U79/><REACH who="1" step="1"/><E126/><REACH who="1" ten="211,210,230,339" step="2"/><V47/><F127/><W72/><G72/><T85/><D97/><U81/><E81/><N who="0" m="31305" /><D10/><U23/><E23/><AGARI ba="0,1" hai="17,23,26,50,51,59,61,64,85,88,92" m="31305" machi="23" ten="30,2000,0" yaku="8,1,54,1" doraHai="122" who="0" fromWho="1" sc="211,30,210,-20,230,0,339,0" /><INIT seed="2,0,0,0,5,72" ten="241,190,230,339" oya="2" hai0="16,110,14,36,56,131,3,29,67,108,133,127,102" hai1="115,25,18,76,57,74,80,100,51,69,32,114,111" hai2="10,78,113,73,60,0,88,125,61,19,92,122,24" hai3="123,70,117,55,54,34,71,6,98,130,23,94,121"/><V134/><F113/><W22/><G34/><T120/><D120/><U17/><E111/><N who="0" m="42537" /><D3/><U63/><E69/><V93/><F122/><W35/><G35/><T1/><D1/><U104/><E51/><V119/><F119/><W118/><G94/><T97/><D36/><U81/><E81/><V46/><F125/><W126/><G98/><T9/><D127/><U109/><E109/><V40/><F134/><W30/><G30/><T58/><D133/><U12/><E100/><V105/><F105/><W45/><G45/><T39/><D39/><U31/><E18/><V99/><F24/><W43/><G6/><T66/><D29/><U27/><E25/><V26/><F26/><W2/><G2/><T33/><D33/><U37/><E37/><N who="2" m="21775" /><F93/><W107/><G107/><N who="0" m="63951" /><D131/><U91/><E104/><V38/><F19/><W82/><G126/><T124/><D124/><U44/><E44/><V47/><F47/><W84/><G130/><T83/><D83/><U86/><E17/><V20/><F38/><W53/><G121/><T103/><D103/><U15/><E115/><V52/><F0/><W62/><G123/><T135/><D135/><U4/><E114/><V96/><F96/><W79/><G43/><T90/><D90/><U64/><E4/><V13/><F99/><W85/><G118/><T89/><D89/><U129/><REACH who="1" step="1"/><E129/><REACH who="1" ten="241,180,230,339" step="2"/><V116/><F116/><W48/><G117/><T128/><D128/><U132/><E132/><V87/><F88/><W65/><G82/><T28/><D28/><U49/><E49/><V42/><F92/><W5/><G48/><T50/><D50/><RYUUKYOKU ba="0,1" sc="241,15,180,15,230,-15,339,-15" hai0="9,14,16,56,58,66,67" hai1="12,15,27,31,32,57,63,64,74,76,80,86,91" /><INIT seed="3,1,1,1,5,39" ten="256,195,215,324" oya="3" hai0="121,18,28,130,11,111,25,19,37,79,88,126,64" hai1="13,63,59,7,61,77,109,100,58,17,31,74,105" hai2="110,102,85,97,60,75,23,124,47,89,53,131,44" hai3="14,96,87,57,10,129,127,40,1,72,50,70,71"/><W0/><G72/><T99/><D121/><U20/><E109/><V76/><F110/><W119/><G119/><T38/><D111/><U56/><E7/><V108/><F108/><W46/><G129/><T103/><D130/><U78/><E31/><V106/><F131/><W35/><G35/><T116/><D116/><U55/><E74/><V66/><F124/><W82/><G127/><T101/><D79/><U65/><REACH who="1" step="1"/><E59/><REACH who="1" ten="256,185,215,324" step="2"/><V22/><F75/><W49/><G70/><T81/><D28/><U104/><E104/><V94/><F76/><N who="3" m="46535" /><G71/><T114/><D126/><U42/><E42/><V86/><F106/><W84/><G0/><T113/><D114/><U80/><E80/><V3/><F3/><W6/><G1/><T41/><D81/><U93/><E93/><V2/><F2/><W117/><G117/><T45/><D41/><U12/><E12/><V27/><F102/><W51/><G57/><T43/><D103/><U115/><E115/><V133/><F133/><W95/><G84/><T73/><D73/><U123/><E123/><V4/><F4/><W91/><AGARI ba="1,2" hai="6,10,14,40,46,49,50,51,91,95,96" m="46535" machi="91" ten="30,6000,0" yaku="25,1,8,1,52,1" doraHai="39" who="3" fromWho="3" sc="256,-21,185,-21,215,-21,324,83" owari="235,3.5,164,-33.6,194,-20.6,407,50.7" /></mjloggm>