<mjloggm ver="2.3"><GO type="225" lobby="0"/><UN n0="%E3%81%BF%E3%81%BF%E3%81%9A" n1="%28%EF%BF%A3%E2%96%BD%EF%BF%A3%29%CE%B4%E2%8C%92%E3%83%BB" n2="%E6%B8%A1%E5%A4%A9%E8%97%8D" n3="%E4%BF%BA%E3%81%A8%E5%A6%96%E5%A4%A2" dan="16,16,16,17" rate="2146.26,2106.71,2109.14,2245.83" sx="M,M,M,F"/><TAIKYOKU oya="0"/><INIT seed="0,0,0,0,0,61" ten="250,250,250,250" oya="0" hai0="60,110,55,135,4,18,112,14,51,74,118,126,95" hai1="79,75,73,47,114,31,81,96,33,7,101,35,8" hai2="119,106,122,42,70,80,113,46,45,9,52,111,49" hai3="82,102,94,64,103,65,58,44,129,131,92,85,28"/><T22/><D112/><U88/><E75/><V100/><F113/><W86/><G44/><T5/><D118/><U71/><E114/><V77/><F122/><W37/><G28/><T87/><D74/><U125/><E125/><V32/><F32/><W43/><G43/><T66/><D126/><U116/><E116/><V48/><F119/><W54/><G54/><T11/><D135/><U12/><E71/><V117/><F117/><W105/><G58/><N who="0" m="37143" /><D110/><U98/><E31/><V107/><F111/><W89/><G37/><T36/><D36/><U130/><E130/><N who="3" m="49674" /><G105/><T68/><D68/><U56/><E56/><V63/><F100/><N who="3" m="38443" /><G94/><T17/><D87/><U108/><E108/><V10/><F106/><W115/><G115/><T83/><D95/><U39/><E39/><V26/><F107/><W72/><G72/><T132/><D83/><U69/><E69/><V109/><F109/><W121/><G121/><T6/><D132/><U0/><E47/><V38/><F38/><W90/><AGARI ba="0,0" hai="64,65,82,85,86,89,90,92" m="38443,49674" machi="90" ten="30,4000,0" yaku="19,1,52,2" doraHai="61" who="3" fromWho="3" sc="250,-20,250,-10,250,-10,250,40" /><INIT seed="1,0,0,0,1,88" ten="230,240,240,290" oya="1" hai0="85,37,7,46,67,97,108,43,81,1,8,133,107" hai1="0,106,66,75,34,10,131,95,115,65,104,101,72" hai2="13,39,122,79,89,30,53,83,2,36,126,27,119" hai3="116,128,11,42,117,17,56,26,50,44,109,51,82"/><U113/><E10/><V92/><F2/><W112/><G112/><T98/><D108/><U16/><E0/><V63/><F122/><W38/><G82/><T135/><D67/><U12/><E12/><V58/><F119/><N who="3" m="45643" /><G11/><T23/><D23/><U80/><E34/><V45/><F13/><W64/><G109/><T102/><REACH who="0" step="1"/><D98/><REACH who="0" ten="220,240,240,290" step="2"/><N who="1" m="59615" /><E66/><V76/><F126/><W114/><G114/><T71/><D71/><U84/><E65/><V69/><F69/><W18/><G64/><T61/><D61/><U90/><E115/><V100/><F63/><W129/><G129/><T14/><D14/><U20/><E113/><V96/><F96/><W60/><G128/><T59/><D59/><U9/><E20/><V54/><F58/><W105/><G60/><T132/><D132/><U21/><E21/><V78/><F27/><W121/><G56/><T48/><D48/><U68/><E68/><V47/><F39/><W52/><G38/><T62/><D62/><U33/><E131/><V19/><F36/><W77/><G26/><T124/><D124/><U118/><E118/><V29/><F45/><W70/><G70/><T123/><D123/><U57/><E57/><V25/><F47/><W74/><G121/><T5/><D5/><U3/><E33/><V49/><F25/><W134/><G134/><T86/><D86/><U91/><E84/><V103/><F49/><W130/><G130/><T32/><D32/><U125/><E125/><V41/><F29/><W24/><G51/><T35/><D35/><U110/><E110/><V73/><F30/><W15/><G50/><T111/><D111/><RYUUKYOKU ba="0,1" sc="220,30,240,-10,240,-10,290,-10" hai0="1,7,8,37,43,46,81,85,97,102,107,133,135" /><INIT seed="2,1,1,1,5,85" ten="250,230,230,280" oya="2" hai0="110,116,1,46,96,14,101,117,106,124,133,0,93" hai1="47,37,31,67,68,61,107,83,108,89,54,95,104" hai2="115,48,17,76,36,125,114,60,6,109,81,50,126" hai3="16,105,32,132,55,111,97,9,45,131,135,80,26"/><V40/><F6/><W78/><G111/><T19/><D110/><U77/><E108/><V122/><F109/><W128/><G97/><T64/><D133/><N who="3" m="51273" /><G105/><T49/><D64/><U88/><E31/><V28/><F28/><N who="3" m="19479" /><G55/><N who="0" m="30135" /><D124/><N who="2" m="47722" /><F122/><W69/><G45/><T30/><D30/><U29/><E29/><V33/><F33/><W74/><G69/><T65/><D65/><U62/><E37/><V22/><F60/><W41/><G41/><T15/><D15/><AGARI ba="1,1" hai="9,15,16,74,78,80,128,131" m="19479,51273" machi="15" ten="30,2000,0" yaku="20,1,54,1" doraHai="85" who="3" fromWho="0" sc="250,-23,230,0,230,0,280,33" /><INIT seed="3,0,0,3,1,39" ten="227,230,230,313" oya="3" hai0="128,53,15,102,25,1,84,22,59,12,100,6,133" hai1="11,68,121,65,78,113,82,112,58,120,17,87,36" hai2="10,56,5,114,107,20,110,51,72,47,80,130,70" hai3="124,16,89,27,67,101,40,66,44,57,13,54,28"/><W14/><G124/><T29/><D128/><U62/><E36/><V31/><F70/><W55/><G101/><N who="0" m="39019" /><D1/><U88/><E68/><V38/><F107/><W19/><G28/><T123/><D123/><U119/><E119/><V18/><F114/><W23/><G89/><T0/><D0/><U129/><E129/><V37/><F31/><W86/><G86/><T134/><D6/><U69/><E69/><V98/><F56/><W50/><G55/><T43/><D43/><U64/><E64/><N who="3" m="24618" /><G19/><T49/><D84/><U63/><E63/><AGARI ba="0,0" hai="13,14,16,23,27,40,44,50,54,57,63" m="24618" machi="63" ten="30,5800,0" yaku="8,1,52,1,54,1" doraHai="39" who="3" fromWho="1" sc="227,0,230,-58,230,0,313,58" owari="227,-17.3,172,-32.8,230,3.0,371,47.1" /></mjloggm>