<mjloggm ver="2.3"><GO type="225" lobby="0"/><UN n0="%E3%81%A1%E3%82%85%E3%81%86%E3%81%A9%E3%81%8F%E8%B1%A1%E3%81%95%E3%82%93" n1="%E3%81%B2%E3%81%AA%E3%81%AE%E3%82%8A%E3%81%8F" n2="%43%68%65" n3="%E4%B8%89%E5%86%A0%E7%8E%8B%E3%83%BB%E5%B1%B1%E7%94%B0%E5%93%B2%E4%BA%BA" dan="16,17,16,17" rate="2093.13,2186.98,2164.91,2227.81" sx="M,M,M,M"/><TAIKYOKU oya="0"/><INIT seed="0,0,0,5,3,49" ten="250,250,250,250" oya="0" hai0="36,57,113,35,11,60,121,17,37,129,63,12,94" hai1="134,26,100,132,89,95,53,40,0,93,127,4,87" hai2="116,27,23,72,110,9,114,30,112,120,67,32,133" hai3="69,124,65,77,122,47,107,101,109,44,104,131,96"/><T56/><D121/><U117/><E117/><V33/><F72/><W20/><G122/><T19/><D113/><U43/><E127/><V99/><F120/><W2/><G2/><T21/><D35/><N who="2" m="13386" /><F99/><W3/><G3/><T82/><D129/><U45/><E26/><V119/><F67/><W5/><G5/><T14/><D82/><U6/><E100/><V123/><F123/><W34/><G77/><T55/><REACH who="0" step="1"/><D94/><REACH who="0" ten="240,250,250,250" step="2"/><U64/><E95/><V75/><F114/><W18/><G34/><T68/><D68/><U42/><E132/><V92/><F92/><W46/><G131/><T13/><D13/><U1/><E93/><V84/><F133/><W38/><G69/><T24/><D24/><U28/><E1/><V48/><F112/><W15/><G15/><T7/><D7/><U39/><E4/><V51/><F27/><W125/><G125/><T90/><D90/><U66/><E6/><V8/><F119/><W106/><G124/><T88/><D88/><U10/><E0/><V102/><F116/><W80/><G80/><T29/><D29/><U25/><E28/><V98/><F30/><W58/><G106/><T105/><D105/><U74/><E25/><V118/><F118/><W111/><G104/><T76/><D76/><U128/><E89/><V85/><F98/><W135/><G135/><T50/><D50/><U78/><E134/><V86/><F51/><W115/><G115/><T70/><D70/><U130/><E130/><V62/><F48/><W31/><G31/><T103/><D103/><U91/><E128/><V22/><F102/><W126/><G126/><RYUUKYOKU ba="0,1" sc="240,30,250,-10,250,-10,250,-10" hai0="11,12,14,17,19,21,36,37,55,56,57,60,63" /><INIT seed="0,1,1,4,5,2" ten="270,240,240,240" oya="0" hai0="60,77,135,38,0,91,74,70,17,100,13,89,81" hai1="35,50,42,92,14,99,102,21,3,69,8,19,23" hai2="115,51,73,31,76,98,133,40,54,108,49,9,52" hai3="134,58,25,5,125,128,132,22,90,94,34,124,48"/><T87/><D38/><U47/><E69/><V45/><F115/><W4/><G34/><T85/><D0/><U61/><E35/><V6/><F108/><W28/><G128/><T56/><D135/><N who="3" m="51753" /><G58/><T66/><D100/><U27/><E61/><V106/><F133/><W119/><G48/><T72/><D70/><U130/><E130/><V116/><F31/><W121/><G119/><T109/><D109/><U129/><E129/><V24/><F24/><W110/><G121/><T29/><D29/><U7/><REACH who="1" step="1"/><E23/><REACH who="1" ten="270,230,240,240" step="2"/><V18/><F116/><W96/><G110/><T83/><D77/><U64/><E64/><V37/><F76/><W120/><G120/><T122/><D122/><U97/><E97/><V57/><F98/><W80/><G80/><T86/><D85/><U15/><AGARI ba="1,2" hai="3,7,8,14,15,19,21,27,42,47,50,92,99,102" machi="15" ten="30,4000,0" yaku="1,1,0,1,52,1,53,0" doraHai="2" doraHaiUra="101" who="1" fromWho="1" sc="270,-21,230,63,240,-11,240,-11" /><INIT seed="1,0,0,5,1,23" ten="249,293,229,229" oya="1" hai0="98,34,9,118,15,133,7,60,92,39,115,49,103" hai1="45,117,24,46,62,44,114,25,101,106,85,0,63" hai2="18,19,122,37,56,74,16,91,134,135,11,35,99" hai3="113,131,61,132,36,112,58,100,89,69,119,71,42"/><U120/><E114/><N who="3" m="44138" /><G89/><T111/><D115/><U33/><E117/><V95/><F122/><W22/><G100/><T78/><D118/><U28/><E120/><V43/><F74/><W75/><G22/><T3/><D39/><U13/><E0/><V32/><F11/><W4/><G4/><T96/><D78/><U73/><E73/><V84/><F56/><W21/><G21/><T116/><D116/><U125/><E125/><V20/><F20/><W64/><G75/><T47/><D34/><U57/><E13/><V30/><F43/><W1/><G1/><T87/><D87/><U79/><E25/><N who="2" m="18511" /><F37/><W128/><G119/><T50/><D60/><U126/><E126/><V123/><F35/><W107/><G107/><T29/><D29/><U14/><E14/><V27/><F123/><W8/><G8/><T110/><D3/><U105/><E101/><V6/><F6/><W124/><G124/><T65/><D65/><U80/><REACH who="1" step="1"/><E63/><REACH who="1" ten="249,283,229,229" step="2"/><V55/><F27/><W86/><G132/><T59/><D133/><U10/><E10/><V54/><F135/><W68/><G86/><T40/><D98/><U94/><E94/><V66/><F134/><W77/><G77/><T5/><D5/><U109/><E109/><V72/><F72/><W70/><N who="3" m="17408" /><DORA hai="129" /><W31/><G31/><T104/><D92/><U97/><E97/><V2/><F2/><W88/><G88/><T108/><D108/><U67/><AGARI ba="0,1" hai="24,28,33,44,45,46,57,62,67,79,80,85,105,106" machi="67" ten="30,11700,0" yaku="1,1,0,1,52,1,53,1" doraHai="23,129" doraHaiUra="81,127" who="1" fromWho="1" sc="249,-39,283,127,229,-39,229,-39" /><INIT seed="1,1,0,2,3,126" ten="210,410,190,190" oya="1" hai0="16,22,105,82,90,123,91,95,7,78,20,135,19" hai1="108,87,114,84,118,49,107,124,64,33,18,17,97" hai2="104,51,71,127,27,23,88,109,111,21,35,24,117" hai3="28,38,54,129,14,55,134,11,70,98,80,37,57"/><U3/><E114/><V72/><F117/><W63/><G134/><T75/><D135/><U9/><E33/><V29/><F104/><W93/><G70/><T131/><D105/><U31/><E31/><N who="2" m="17807" /><F72/><W36/><G28/><T119/><D119/><U44/><E64/><V52/><F71/><W65/><G80/><T8/><D123/><U39/><E39/><V94/><F127/><W102/><REACH who="3" step="1"/><G129/><REACH who="3" ten="210,410,190,180" step="2"/><T68/><D131/><U45/><E124/><V26/><F35/><W86/><G86/><T42/><D68/><U92/><E87/><N who="2" m="52511" /><F29/><W32/><G32/><T83/><D82/><U74/><E84/><V116/><F116/><W125/><G125/><T47/><D83/><U12/><E74/><V115/><F115/><W110/><G110/><N who="2" m="41993" /><F23/><W48/><G48/><T0/><D75/><U133/><E49/><V89/><F89/><W4/><AGARI ba="1,1" hai="4,11,14,36,37,38,54,55,57,63,65,93,98,102" machi="4" ten="30,4000,0" yaku="1,1,0,1,53,1" doraHai="126" doraHaiUra="99" who="3" fromWho="3" sc="210,-11,410,-21,190,-11,180,53" /><INIT seed="2,0,0,0,4,116" ten="199,389,179,233" oya="2" hai0="36,54,51,45,41,59,64,15,48,11,118,1,87" hai1="30,25,115,52,33,97,32,78,130,86,18,134,49" hai2="27,37,58,56,121,68,133,112,66,20,103,40,80" hai3="38,2,96,131,10,24,84,91,119,50,101,22,5"/><V67/><F112/><W107/><G131/><T75/><D118/><U19/><E115/><V6/><F121/><W135/><G119/><T129/><D129/><U127/><E33/><V26/><F68/><W43/><G135/><T4/><D75/><U39/><E39/><V74/><F133/><W104/><G38/><T128/><D128/><U9/><E134/><V31/><F6/><W94/><G43/><T88/><D64/><U46/><E127/><V108/><F103/><W65/><G50/><T76/><D76/><U113/><E113/><V70/><F70/><W57/><G57/><T42/><D1/><U53/><E9/><V28/><F108/><W0/><G65/><T114/><D114/><U98/><E53/><V105/><F105/><W29/><G0/><T34/><D34/><U92/><E98/><V71/><F71/><W81/><AGARI ba="0,0" hai="2,5,10,22,24,29,81,84,91,94,96,101,104,107" machi="81" ten="20,1500,0" yaku="0,1,7,1" doraHai="116" who="3" fromWho="3" sc="199,-4,389,-4,179,-7,233,15" /><INIT seed="3,0,0,5,5,76" ten="195,385,172,248" oya="3" hai0="10,93,72,110,57,60,47,33,122,27,112,45,125" hai1="31,87,102,134,21,12,99,82,26,5,11,124,104" hai2="119,83,2,0,109,51,132,63,120,130,8,54,86" hai3="48,23,107,28,116,70,22,101,98,18,95,81,38"/><W78/><G38/><T68/><D122/><U9/><E134/><V71/><F119/><W114/><G70/><T90/><D72/><U135/><E124/><V1/><F132/><W16/><G114/><T89/><D68/><U41/><E41/><V44/><F120/><W66/><G66/><T126/><D112/><U62/><E135/><V46/><F109/><W34/><G34/><T84/><D110/><U67/><E11/><V17/><F130/><W105/><G28/><N who="0" m="19615" /><D10/><U129/><E129/><V133/><F133/><W4/><G4/><T79/><D79/><U15/><E15/><N who="2" m="7399" /><F46/><W100/><G48/><T24/><D24/><U58/><E87/><V111/><F111/><W59/><G59/><T73/><D90/><U32/><E82/><V74/><F74/><W61/><G81/><T25/><D25/><U103/><REACH who="1" step="1"/><E102/><REACH who="1" ten="195,375,172,248" step="2"/><V55/><F2/><W69/><G101/><T75/><D75/><U108/><E108/><V3/><F3/><W36/><G100/><T113/><D73/><U65/><E65/><N who="2" m="41407" /><F55/><W49/><G116/><T42/><D113/><U13/><E13/><V19/><F19/><W52/><G16/><T106/><D42/><U92/><E92/><V29/><F29/><W94/><G94/><T118/><D118/><U56/><E56/><V85/><F85/><W91/><G95/><T96/><D84/><U80/><E80/><V43/><F43/><W40/><G18/><T6/><D106/><U37/><E37/><V127/><F127/><N who="0" m="48650" /><D6/><U39/><E39/><V128/><F128/><W50/><G36/><T20/><D20/><AGARI ba="0,1" hai="5,9,12,20,21,26,31,32,58,62,67,99,103,104" machi="20" ten="40,1300,0" yaku="1,1,53,0" doraHai="76" doraHaiUra="121" who="1" fromWho="0" sc="195,-13,375,23,172,0,248,0" owari="182,-21.8,398,49.8,172,-32.8,248,4.8" /></mjloggm>