<mjloggm ver="2.3"><GO type="225" lobby="0"/><UN n0="%E3%81%BF%E3%81%BF%E3%81%9A" n1="%E3%82%BC%E3%83%AB%E3%83%80%E3%81%AE%E4%BC%9D%E8%AA%AC" n2="%E5%8D%A0%E3%81%84%E5%B8%AB%E8%A3%8F%E3%81%AA%E3%81%84%E3%81%97" n3="%E3%83%81%E3%83%AF%E3%83%AF%E9%9A%8A%E9%95%B7" dan="18,17,17,16" rate="2257.73,2206.03,2201.83,2080.92" sx="M,M,M,M"/><TAIKYOKU oya="0"/><INIT seed="0,0,0,4,5,94" ten="250,250,250,250" oya="0" hai0="15,133,97,66,79,91,112,58,7,93,121,65,12" hai1="53,27,84,114,52,62,61,16,35,64,25,22,86" hai2="9,80,83,20,32,5,125,43,24,70,131,90,115" hai3="116,44,28,39,31,101,57,75,51,102,19,30,47"/><T42/><D112/><U49/><E114/><V46/><F32/><W104/><G75/><T38/><D121/><U107/><E107/><V69/><F125/><W117/><G39/><T71/><D71/><U1/><E1/><V96/><F131/><W103/><G104/><T126/><D126/><U95/><E35/><V132/><F132/><W33/><G33/><T118/><D118/><U18/><E95/><V130/><F130/><W82/><G82/><T4/><D133/><U50/><E22/><V89/><F115/><W60/><G19/><T87/><D42/><U85/><E85/><V3/><F70/><W122/><G122/><T106/><D38/><U81/><E81/><V99/><F69/><W21/><G21/><T0/><D0/><U17/><E17/><V23/><F83/><W6/><G6/><N who="0" m="2091" /><D106/><U54/><E54/><V26/><F26/><W76/><G76/><T68/><D68/><U74/><E74/><V134/><F134/><W72/><G72/><T2/><D2/><U123/><E123/><V34/><F34/><W111/><G111/><T48/><D87/><U88/><E64/><N who="0" m="24681" /><D79/><U41/><E41/><V129/><F129/><W109/><G109/><T45/><D45/><U63/><E63/><V119/><F119/><W127/><G127/><T67/><N who="0" m="24689" /><T135/><DORA hai="113" /><D135/><U56/><E56/><V10/><F80/><W11/><G47/><T29/><D29/><U120/><E120/><V124/><F124/><W77/><G117/><T78/><D78/><U8/><E8/><V73/><F10/><W128/><G116/><T36/><D36/><RYUUKYOKU ba="0,0" sc="250,15,250,15,250,-15,250,-15" hai0="12,15,48,58,91,93,97" hai1="16,18,25,27,49,50,52,53,61,62,84,86,88" /><INIT seed="0,1,0,4,5,85" ten="265,265,235,235" oya="0" hai0="123,73,18,8,12,53,37,19,82,9,31,57,120" hai1="102,13,90,80,92,63,4,42,128,38,78,1,87" hai2="34,74,81,50,107,7,35,11,94,84,6,22,62" hai3="112,29,103,86,54,23,93,70,77,10,108,134,5"/><T95/><D37/><U25/><E128/><V121/><F121/><W91/><G70/><T72/><D31/><U67/><E1/><V45/><F107/><W106/><G112/><T127/><D127/><U3/><E3/><V83/><F74/><W115/><G115/><T126/><D126/><U64/><E102/><V26/><F94/><W0/><G134/><T76/><D73/><U60/><E38/><V75/><F62/><N who="1" m="23593" /><E42/><V71/><F71/><W124/><G124/><T113/><D113/><U68/><E25/><V56/><F56/><W129/><G129/><T40/><D40/><U41/><E41/><V98/><F98/><W111/><G77/><T101/><D101/><U122/><E68/><V21/><F75/><W16/><G29/><T130/><D95/><U27/><E27/><V117/><F117/><W17/><G54/><T114/><D130/><U69/><E69/><V43/><F81/><W14/><REACH who="3" step="1"/><G17/><REACH who="3" ten="265,265,235,225" step="2"/><T119/><D114/><U24/><E122/><V66/><F66/><W20/><G20/><T28/><D28/><U65/><E65/><V44/><F21/><W49/><G49/><T79/><D79/><U104/><E64/><V32/><F11/><W48/><G48/><N who="0" m="30887" /><D119/><U2/><E67/><V33/><F33/><W116/><G116/><T109/><D9/><U132/><E132/><V96/><F34/><W133/><G133/><T97/><D19/><U89/><E78/><N who="2" m="46199" /><F35/><W59/><G59/><T47/><D120/><U100/><E4/><N who="2" m="1579" /><F32/><W125/><G125/><T46/><D123/><U61/><E61/><V88/><F50/><W36/><G36/><RYUUKYOKU ba="1,1" sc="265,-10,265,-10,235,-10,225,30" hai3="0,5,10,14,16,23,86,91,93,103,106,108,111" /><INIT seed="1,2,1,0,4,63" ten="255,255,225,255" oya="1" hai0="60,76,81,2,4,59,39,16,107,19,48,42,28" hai1="38,83,104,86,26,18,30,84,94,21,127,117,41" hai2="13,45,114,112,64,88,15,55,74,129,46,90,24" hai3="9,61,54,20,17,126,8,122,23,34,108,49,69"/><U98/><E117/><V106/><F106/><W109/><G34/><T0/><D107/><U37/><E104/><V52/><F24/><W132/><G122/><T6/><D28/><U92/><E127/><V5/><F5/><W128/><G126/><T131/><D39/><U102/><E41/><V100/><F74/><W93/><G128/><T111/><D131/><U31/><E38/><V110/><F129/><W121/><G121/><T43/><D111/><N who="3" m="42569" /><G132/><T125/><D125/><U77/><REACH who="1" step="1"/><E37/><REACH who="1" ten="255,245,225,255" step="2"/><V105/><F110/><W75/><G75/><T87/><D43/><U80/><E80/><V27/><F105/><W67/><G93/><T3/><D42/><U79/><E79/><V134/><F134/><W40/><G40/><T101/><D76/><U119/><E119/><V29/><F114/><W62/><G62/><T47/><D60/><U78/><E78/><V116/><F112/><W35/><G61/><T11/><D81/><U95/><E95/><V68/><F116/><W44/><G69/><T123/><D123/><U12/><E12/><V85/><F68/><W73/><G73/><T1/><D0/><U115/><E115/><V103/><F27/><W51/><G51/><T66/><D1/><U133/><E133/><V118/><F118/><W96/><G49/><T32/><D2/><U130/><E130/><V22/><F15/><W7/><G54/><T70/><D3/><U57/><E57/><V58/><F13/><W25/><G25/><T97/><D70/><U33/><E33/><V120/><F58/><W82/><G35/><T91/><D59/><U65/><E65/><RYUUKYOKU ba="2,2" sc="255,-10,245,30,225,-10,255,-10" hai1="18,21,26,30,31,77,83,84,86,92,94,98,102" /><INIT seed="1,3,2,3,3,104" ten="245,275,215,245" oya="1" hai0="92,36,8,49,89,75,79,22,116,9,80,18,126" hai1="56,78,7,71,76,37,88,48,10,65,128,129,127" hai2="12,26,2,50,3,114,16,5,33,73,95,62,44" hai3="28,87,106,47,97,35,60,123,133,112,13,90,63"/><U55/><E127/><V45/><F114/><W94/><G112/><T46/><D116/><U57/><E37/><V109/><F109/><W67/><G123/><T58/><D36/><U69/><E56/><V93/><F73/><W11/><G133/><T74/><D74/><U81/><E88/><V70/><F44/><W99/><G106/><T17/><D58/><U110/><E110/><V53/><F3/><W83/><G99/><T130/><D130/><N who="1" m="50283" /><E65/><V115/><F115/><W135/><G135/><T54/><D126/><U100/><E100/><V84/><F84/><W96/><G96/><T103/><D103/><U101/><E101/><V1/><F1/><W42/><G67/><T102/><D102/><U68/><E81/><V134/><F134/><W59/><G59/><T23/><D23/><U21/><E21/><N who="2" m="11399" /><F70/><N who="1" m="17921" /><U86/><DORA hai="52" /><E86/><V91/><F91/><W40/><G87/><T124/><D124/><U64/><E64/><V132/><F132/><W30/><G90/><T111/><D111/><U4/><E4/><V82/><F82/><W121/><G83/><T25/><D18/><U20/><E20/><V51/><F62/><W15/><G60/><T19/><D17/><U39/><E39/><V32/><F50/><W117/><G63/><T98/><AGARI ba="3,2" hai="8,9,19,22,25,46,49,54,75,79,80,89,92,98" machi="98" ten="20,2700,0" yaku="0,1,7,1,52,1" doraHai="104,52" who="0" fromWho="0" sc="245,56,275,-16,215,-10,245,-10" /><INIT seed="2,0,0,0,1,135" ten="301,259,205,235" oya="2" hai0="80,51,57,11,28,7,35,63,71,33,66,64,84" hai1="112,100,26,85,54,72,32,106,65,19,55,13,99" hai2="40,9,94,41,8,24,59,14,86,95,127,38,60" hai3="125,17,62,75,48,96,117,104,81,131,42,121,101"/><V18/><F38/><W130/><G117/><T83/><D28/><U68/><E72/><V73/><F73/><W89/><G121/><T45/><D66/><U90/><E112/><V108/><F108/><W70/><G17/><T22/><D22/><N who="1" m="11631" /><E85/><V91/><F127/><W47/><G125/><T129/><D129/><N who="3" m="49161" /><G75/><T111/><D111/><U2/><E90/><V102/><F8/><W29/><G29/><T134/><D134/><U23/><E23/><V25/><F102/><W39/><G39/><T30/><D71/><U61/><E2/><V119/><F95/><W43/><G43/><N who="2" m="16457" /><F119/><W27/><G27/><T53/><D30/><AGARI ba="0,0" hai="26,30,32,54,55,61,65,68,99,100,106" m="11631" machi="30" ten="30,1000,0" yaku="25,1" doraHai="135" who="1" fromWho="0" sc="301,-10,259,10,205,0,235,0" /><INIT seed="3,0,0,4,0,116" ten="291,269,205,235" oya="3" hai0="63,47,108,40,122,58,66,110,112,61,15,82,134" hai1="83,48,115,109,30,71,8,33,104,14,92,12,25" hai2="68,96,119,54,79,99,3,75,132,103,18,73,38" hai3="46,91,57,106,53,84,135,44,117,62,31,2,24"/><W39/><G2/><T114/><D122/><U35/><E104/><V64/><F119/><W80/><G117/><T107/><D134/><U67/><E115/><N who="0" m="44073" /><D107/><U100/><E109/><V93/><F132/><W19/><G135/><T111/><D15/><U87/><E35/><V102/><F3/><W49/><G106/><T130/><D130/><U32/><E32/><V105/><F38/><W101/><G101/><T16/><D16/><U129/><E129/><V6/><F6/><W123/><G123/><T120/><D120/><U20/><E33/><V22/><F79/><W26/><G31/><T17/><D17/><U13/><E48/><V52/><F68/><W131/><G131/><T10/><D10/><U37/><E67/><V28/><F64/><W90/><G39/><N who="0" m="21919" /><D82/><U88/><E71/><V23/><F28/><W4/><G4/><T78/><D63/><U124/><E37/><V125/><F125/><W126/><G126/><T51/><D51/><U121/><E124/><V27/><REACH who="2" step="1"/><F23/><REACH who="2" ten="291,269,195,235" step="2"/><W0/><G0/><T56/><D78/><U127/><E127/><V11/><F11/><W43/><G19/><T113/><D113/><U133/><E133/><V86/><F86/><N who="3" m="50503" /><G46/><T9/><D9/><U94/><E121/><V65/><F65/><W29/><G29/><T50/><D108/><U77/><E8/><V118/><F118/><W97/><G97/><T81/><D81/><AGARI ba="0,1" hai="24,26,43,44,49,53,57,62,81,84,91" m="50503" machi="81" ten="30,1500,0" yaku="8,1" doraHai="116" who="3" fromWho="0" sc="291,-15,269,0,195,0,235,25" /><INIT seed="3,1,0,4,0,49" ten="276,269,195,260" oya="3" hai0="32,57,12,56,14,84,59,61,33,94,70,47,24" hai1="64,29,53,65,69,10,76,8,104,124,115,82,27" hai2="95,79,48,108,50,80,9,5,83,117,114,19,132" hai3="37,1,35,23,13,52,22,34,18,20,81,116,41"/><W91/><G1/><T97/><D70/><U128/><E115/><V2/><F114/><W17/><G116/><T126/><D126/><U51/><E104/><V99/><F117/><W16/><G13/><N who="0" m="5227" /><D33/><U112/><E112/><V62/><F108/><W125/><G125/><T60/><D32/><U87/><E124/><V73/><F132/><W28/><G28/><T55/><D84/><U54/><E128/><V86/><F19/><W131/><G131/><T134/><D24/><U121/><E121/><V31/><F31/><W101/><G101/><N who="0" m="60599" /><D134/><U85/><E85/><V120/><F120/><W36/><G34/><T44/><D57/><U107/><E107/><V46/><F62/><W109/><G35/><T66/><AGARI ba="1,0" hai="44,47,55,56,59,60,61,66" m="60599,5227" machi="66" ten="30,2000,0" yaku="8,1,52,1" doraHai="49" who="0" fromWho="0" sc="276,23,269,-6,195,-6,260,-11" /><INIT seed="4,0,0,3,5,57" ten="299,263,189,249" oya="0" hai0="82,80,102,66,51,1,90,94,42,71,119,131,93" hai1="87,56,100,76,116,86,60,108,69,8,101,105,103" hai2="48,111,2,91,113,17,34,15,118,29,130,72,46" hai3="117,85,97,99,35,83,70,75,95,11,124,62,88"/><T0/><D119/><U40/><E116/><V65/><F118/><W68/><G35/><T14/><D14/><U7/><E108/><V4/><F111/><W53/><G117/><T41/><D66/><U13/><E69/><V67/><F113/><W47/><G124/><T9/><D71/><U43/><E105/><V106/><F130/><W126/><G126/><T54/><D131/><U96/><E96/><V73/><F106/><W77/><G99/><N who="0" m="59759" /><D9/><U38/><E38/><V3/><F3/><W135/><G135/><T115/><D115/><U28/><E28/><V16/><F2/><W55/><G11/><T58/><D1/><U19/><E7/><V132/><F132/><W49/><G75/><T52/><D54/><U104/><E104/><V122/><F122/><W89/><REACH who="3" step="1"/><G77/><REACH who="3" ten="299,263,189,239" step="2"/><T31/><D0/><U74/><E74/><V27/><F72/><W109/><G109/><T107/><D107/><U92/><E76/><V26/><F73/><W5/><G5/><T36/><D36/><U24/><E86/><V98/><F4/><W121/><G121/><T39/><D39/><U45/><E87/><V50/><F34/><W128/><G128/><T127/><D127/><U129/><E129/><V10/><F29/><W110/><G110/><T125/><D125/><U123/><E123/><V20/><F26/><W30/><G30/><T63/><D31/><U134/><E134/><V23/><F10/><W84/><G84/><N who="0" m="52551" /><D51/><N who="2" m="19498" /><F46/><W33/><G33/><T18/><D18/><U6/><E45/><V64/><F98/><W78/><G78/><T79/><D79/><U133/><E133/><RYUUKYOKU ba="0,1" sc="299,10,263,-30,189,10,239,10" hai0="41,42,52,58,63,80,82" hai2="15,16,17,20,23,27,64,65,67,91" hai3="47,49,53,55,62,68,70,83,85,88,89,95,97" owari="319,41.9,233,-16.7,199,-30.1,249,4.9" /></mjloggm>