<mjloggm ver="2.3"><GO type="225" lobby="0"/><UN n0="%E3%81%88%E3%81%8C%E3%82%8F%E3%82%8A%E3%81%8A" n1="%E3%81%95%E3%81%8D%E3%81%9F%E3%81%BE%E6%9E%97%E6%AA%8E" n2="%E7%89%B9%E6%9D%B1%E3%81%AF%E4%B8%96%E7%95%8C%E3%82%92%E6%95%91%E3%81%86" n3="%74%61%6B%65%2D%79%6F%75" dan="16,16,16,17" rate="2111.87,2130.76,2122.95,2224.17" sx="M,M,M,M"/><TAIKYOKU oya="0"/><INIT seed="0,0,0,0,1,60" ten="250,250,250,250" oya="0" hai0="49,56,121,23,17,15,24,119,51,131,14,74,21" hai1="48,110,77,135,0,125,108,104,112,102,46,40,87" hai2="78,103,126,128,88,89,81,68,90,109,22,4,66" hai3="115,57,130,58,76,91,106,16,72,134,5,116,30"/><T123/><D119/><U97/><E135/><V1/><F109/><N who="1" m="42089" /><E125/><V70/><F126/><W13/><G116/><T55/><D74/><U94/><E112/><V113/><F113/><W67/><G115/><T26/><D131/><U80/><E0/><V29/><F128/><W73/><G130/><T9/><D49/><U101/><E101/><V82/><F103/><W122/><G134/><T34/><D34/><U25/><E25/><V50/><F50/><W71/><G122/><T2/><D2/><U84/><E84/><V120/><F120/><W27/><G106/><AGARI ba="0,0" hai="40,46,48,77,80,87,94,97,102,104,106" m="42089" machi="106" ten="30,1000,0" yaku="14,1" doraHai="60" who="1" fromWho="3" sc="250,0,250,10,250,0,250,-10" /><INIT seed="1,0,0,3,0,10" ten="250,260,250,240" oya="1" hai0="34,30,97,126,64,96,41,91,2,118,67,95,0" hai1="82,122,87,45,40,47,68,5,73,3,54,7,48" hai2="99,9,83,4,72,135,108,53,128,11,76,110,119" hai3="42,12,102,70,117,74,29,24,8,57,104,89,61"/><U14/><E122/><V109/><F119/><W1/><G117/><T86/><D118/><U55/><E73/><V98/><F128/><W130/><G130/><T114/><D114/><U32/><E68/><V115/><F115/><W6/><G74/><T132/><D126/><U18/><E32/><V124/><F124/><W80/><G70/><T63/><D132/><U100/><E100/><V75/><F135/><W20/><G42/><T90/><D41/><U21/><E3/><V123/><F123/><W13/><G104/><T58/><D67/><U22/><E22/><V129/><F129/><W111/><G111/><T49/><D49/><N who="1" m="28975" /><E40/><V33/><F33/><W39/><G39/><T51/><D51/><U93/><E93/><V134/><F134/><W38/><G38/><T112/><D112/><U43/><E43/><V78/><F53/><W52/><REACH who="3" step="1"/><G102/><REACH who="3" ten="250,260,250,230" step="2"/><T46/><D46/><U26/><E26/><V37/><F37/><W127/><G127/><T125/><D125/><U103/><E103/><V71/><F71/><W27/><G27/><T116/><D116/><U56/><E56/><V35/><F109/><W16/><G16/><T133/><D133/><U121/><E121/><V36/><F36/><W66/><G66/><T120/><D120/><U59/><E59/><V25/><F25/><W94/><G94/><T84/><D30/><U92/><E92/><V113/><F113/><W88/><G88/><AGARI ba="0,1" hai="5,7,14,18,21,47,48,55,82,87,88" m="28975" machi="88" ten="30,5800,0" yaku="8,1,52,1,54,1" doraHai="10" who="1" fromWho="3" sc="250,0,260,68,250,0,230,-58" /><INIT seed="1,1,0,2,1,18" ten="250,328,250,172" oya="1" hai0="60,128,107,28,72,100,4,83,6,101,32,97,75" hai1="96,104,45,63,44,48,90,109,84,42,36,131,116" hai2="67,13,43,70,108,22,80,134,118,29,19,111,38" hai3="12,77,79,57,2,132,35,14,0,47,15,52,8"/><U16/><E116/><V73/><F118/><W81/><G132/><T89/><D128/><U39/><E131/><V133/><F43/><W112/><G112/><T40/><D101/><U94/><E109/><N who="2" m="42059" /><F38/><W95/><G35/><T69/><D40/><U114/><E114/><V121/><F121/><W21/><G47/><T46/><D46/><U58/><E45/><V26/><F67/><W91/><G2/><T7/><D89/><U99/><E99/><V31/><F70/><W98/><G81/><T1/><D83/><U120/><E120/><V113/><F113/><W102/><G102/><T130/><D1/><U127/><E127/><V54/><F54/><W55/><G21/><T86/><D86/><U119/><E119/><V88/><F31/><W124/><G124/><T51/><D51/><U56/><E56/><V34/><F88/><W117/><G117/><T106/><D106/><U53/><E104/><V105/><F105/><W125/><G125/><T92/><D92/><U27/><E84/><V50/><F50/><W10/><G55/><T24/><REACH who="0" step="1"/><D130/><REACH who="0" ten="240,328,250,172" step="2"/><U49/><E49/><V66/><F80/><W61/><REACH who="3" step="1"/><G0/><REACH who="3" ten="240,328,250,162" step="2"/><T115/><D115/><U74/><E74/><V11/><F73/><W110/><G110/><T62/><D62/><U76/><E76/><AGARI ba="1,2" hai="8,10,12,14,15,52,57,61,76,77,79,91,95,98" machi="76" ten="40,5200,0" yaku="1,1,8,1,54,1,53,0" doraHai="18" doraHaiUra="20" who="3" fromWho="1" sc="240,0,328,-55,250,0,162,75" /><INIT seed="2,0,0,3,4,103" ten="240,273,250,237" oya="2" hai0="92,125,57,97,6,31,14,67,134,82,65,110,127" hai1="30,44,128,104,98,111,99,21,11,15,117,42,83" hai2="49,48,84,120,133,25,53,51,106,23,33,79,55" hai3="29,116,68,101,36,135,122,27,107,45,121,72,108"/><V28/><F120/><W46/><G116/><T69/><D69/><U9/><E111/><V61/><F133/><W95/><G108/><T114/><D110/><U109/><E109/><V47/><F106/><W32/><G135/><T7/><D134/><U113/><E113/><V58/><REACH who="2" step="1"/><F33/><REACH who="2" ten="240,273,240,237" step="2"/><W0/><G72/><T86/><D114/><U13/><E104/><V85/><F85/><W77/><G107/><T76/><D86/><U90/><E117/><V87/><F87/><W131/><G32/><T50/><D125/><U63/><E99/><V74/><F74/><W3/><G122/><T115/><D127/><U38/><E98/><V56/><F56/><W88/><G121/><T62/><D115/><U102/><E128/><V96/><F96/><W22/><G68/><T89/><D97/><U4/><E102/><V126/><F126/><W129/><G101/><T100/><D100/><U39/><E90/><V70/><F70/><W64/><G88/><T17/><D89/><U40/><E44/><V91/><F91/><W123/><G46/><T60/><D57/><U8/><E83/><AGARI ba="0,1" hai="23,25,28,47,48,49,51,53,55,58,61,79,83,84" machi="83" ten="40,3900,0" yaku="1,1,8,1,53,0" doraHai="103" doraHaiUra="2" who="2" fromWho="1" sc="240,0,273,-39,240,49,237,0" /><INIT seed="2,1,0,3,2,24" ten="240,234,289,237" oya="2" hai0="110,73,117,11,67,39,41,54,86,22,113,16,135" hai1="32,130,105,62,100,89,91,9,29,20,101,80,26" hai2="92,65,21,76,98,108,127,90,59,28,53,7,119" hai3="27,75,60,3,79,116,85,43,44,51,49,66,70"/><V10/><F119/><W0/><G116/><T55/><D117/><U30/><E130/><V84/><F108/><W97/><G75/><T68/><D110/><U64/><E9/><V129/><F127/><W17/><G97/><T23/><D113/><U2/><E2/><V93/><F65/><W111/><G111/><T31/><D135/><U74/><E74/><V1/><F129/><W52/><G79/><T114/><D73/><U121/><E121/><V124/><F124/><W63/><G63/><T118/><D118/><U123/><E123/><V25/><F76/><W19/><G85/><T15/><D114/><U88/><E80/><V115/><F115/><W37/><G49/><T48/><D67/><U38/><E38/><V106/><F106/><W69/><G70/><T14/><D68/><U8/><E8/><V12/><F1/><N who="3" m="587" /><G27/><N who="0" m="16887" /><D86/><U104/><E104/><V87/><REACH who="2" step="1"/><F93/><REACH who="2" ten="240,234,279,237" step="2"/><W122/><G122/><T126/><D126/><U4/><E105/><V95/><F95/><W61/><G66/><T33/><D39/><U57/><E4/><V77/><F77/><W78/><G78/><T120/><D120/><U81/><E81/><V6/><F6/><W134/><G37/><T131/><D131/><U99/><E99/><V18/><F18/><W42/><G17/><N who="0" m="8415" /><D33/><U128/><E128/><V72/><F72/><W82/><G19/><T45/><AGARI ba="1,1" hai="15,16,23,41,45,48,54,55" m="8415,16887" machi="45" ten="30,4000,0" yaku="8,1,52,1,54,1" doraHai="24" who="0" fromWho="0" sc="240,53,234,-11,279,-21,237,-11" /><INIT seed="3,0,0,3,5,89" ten="293,223,258,226" oya="3" hai0="107,53,101,83,33,109,60,133,52,44,10,100,118" hai1="41,32,88,64,98,125,65,105,63,6,66,104,48" hai2="61,121,93,5,21,72,73,55,42,46,74,56,43" hai3="30,26,0,102,38,1,7,11,82,3,126,31,24"/><W131/><G38/><T39/><D118/><U87/><E32/><V50/><F121/><W90/><G102/><T132/><D33/><U14/><E125/><V22/><F5/><W20/><G82/><T47/><D109/><U71/><E105/><V81/><F43/><W27/><G90/><T77/><D10/><U95/><E6/><V59/><F81/><W108/><G126/><T122/><D122/><U94/><E104/><V12/><F12/><N who="3" m="5247" /><G131/><T51/><D60/><U70/><E70/><V69/><F69/><W116/><G116/><T85/><D107/><U110/><E110/><V25/><F25/><N who="3" m="16679" /><G108/><T57/><D57/><N who="1" m="36975" /><E14/><V36/><REACH who="2" step="1"/><F93/><REACH who="2" ten="293,223,248,226" step="2"/><W129/><G129/><T91/><D39/><U127/><E127/><V58/><F58/><W76/><G76/><T92/><D92/><U17/><E71/><V128/><F128/><W37/><G37/><T115/><D77/><U135/><E135/><N who="0" m="51785" /><D115/><U130/><E130/><V111/><F111/><W54/><G54/><AGARI ba="0,1" hai="21,22,36,42,46,50,54,55,56,59,61,72,73,74" machi="54" ten="40,1300,0" yaku="1,1,53,0" doraHai="89" doraHaiUra="112" who="2" fromWho="3" sc="293,0,223,0,248,23,226,-13" /><INIT seed="4,0,0,4,5,130" ten="293,223,271,213" oya="0" hai0="23,89,107,56,83,119,28,17,73,71,134,85,98" hai1="6,59,13,60,97,78,90,67,84,26,127,24,45" hai2="129,66,9,104,79,40,99,82,126,117,76,80,121" hai3="25,114,46,93,42,11,135,109,116,51,102,54,123"/><T41/><D119/><U118/><E127/><V52/><F40/><W19/><G116/><T62/><D71/><U132/><E132/><V111/><F66/><W21/><G109/><T96/><D134/><U27/><E118/><V95/><F117/><W131/><G135/><T32/><D73/><U74/><E74/><V63/><F104/><W108/><G108/><T7/><D107/><U120/><E120/><V88/><F111/><W2/><G131/><T22/><D7/><U8/><E78/><N who="2" m="29739" /><F121/><W100/><G123/><T61/><D41/><U70/><E70/><V75/><F75/><W58/><G114/><T0/><D0/><U124/><E124/><V50/><F129/><W113/><G113/><T105/><D32/><U106/><E106/><V5/><F63/><W18/><G93/><T1/><D1/><U72/><E72/><V47/><F126/><W35/><G35/><T57/><D28/><U49/><E97/><V81/><F9/><W12/><REACH who="3" step="1"/><G2/><REACH who="3" ten="293,223,271,203" step="2"/><T31/><D105/><U125/><E125/><V29/><F29/><W122/><G122/><T101/><D31/><U36/><E36/><AGARI ba="0,1" hai="11,12,18,19,21,25,36,42,46,51,54,58,100,102" machi="36" ten="30,2000,0" yaku="1,1,7,1,53,0" doraHai="130" doraHaiUra="94" who="3" fromWho="1" sc="293,0,223,-20,271,0,203,30" /><INIT seed="5,0,0,0,2,14" ten="293,203,271,233" oya="1" hai0="100,62,117,53,67,13,106,71,47,59,21,130,127" hai1="56,131,55,66,89,25,9,120,45,115,40,5,87" hai2="114,83,24,78,123,126,63,134,70,95,30,82,43" hai3="93,79,91,86,102,96,54,109,133,99,44,6,3"/><U110/><E115/><V122/><F114/><W124/><G109/><T121/><D117/><U11/><E120/><V112/><F112/><W35/><G133/><T132/><D121/><U41/><E131/><V108/><F108/><W51/><G124/><T107/><D127/><U22/><E110/><V105/><F105/><W32/><G3/><T34/><D34/><U46/><E66/><V36/><F126/><W118/><G118/><T52/><D132/><U7/><E46/><V65/><F134/><W42/><G6/><N who="1" m="2058" /><E45/><V113/><F113/><W94/><G79/><T58/><D130/><U72/><E72/><V125/><F125/><W76/><G76/><T17/><D47/><U68/><E68/><V85/><F43/><N who="1" m="16457" /><E56/><V0/><F36/><W27/><G42/><T73/><D73/><U49/><E49/><V10/><F0/><W2/><G2/><T15/><D100/><U80/><E55/><V77/><F122/><W64/><G64/><T48/><D13/><U111/><E111/><V60/><F123/><W39/><G39/><T29/><D29/><AGARI ba="0,0" hai="9,11,22,25,29,80,87,89" m="16457,2058" machi="29" ten="30,1500,0" yaku="8,1" doraHai="14" who="1" fromWho="0" sc="293,-15,203,15,271,0,233,0" /><INIT seed="5,1,0,0,1,66" ten="278,218,271,233" oya="1" hai0="37,99,90,21,92,85,45,15,87,52,100,125,55" hai1="47,131,62,4,133,72,77,103,22,26,122,94,54" hai2="31,16,17,61,95,8,6,10,96,2,46,71,68" hai3="135,129,49,104,128,36,69,89,86,110,126,39,105"/><U28/><E122/><V134/><F134/><W102/><G110/><T119/><D125/><U56/><E131/><N who="3" m="50250" /><G135/><T76/><D119/><U82/><E133/><V79/><F31/><W101/><G126/><T58/><D37/><N who="3" m="14409" /><G49/><N who="0" m="28719" /><D76/><U78/><E4/><V30/><F30/><W70/><G101/><T51/><D100/><U12/><E12/><V97/><F79/><N who="1" m="30217" /><E72/><V108/><F108/><W111/><G111/><T1/><D1/><U19/><E82/><V91/><F97/><N who="3" m="61519" /><G105/><T88/><D90/><U106/><E106/><V7/><F46/><W27/><G27/><T116/><D116/><U48/><E103/><V32/><F32/><W127/><G127/><T114/><D114/><U117/><E117/><V84/><F96/><W50/><G50/><T74/><D74/><U42/><E94/><AGARI ba="1,0" hai="69,70,86,89,94" m="61519,14409,50250" machi="94" ten="30,3900,0" yaku="19,1,52,2" doraHai="66" who="3" fromWho="1" sc="278,0,218,-42,271,0,233,42" /><INIT seed="6,0,0,5,0,89" ten="278,176,271,275" oya="2" hai0="62,52,100,43,75,72,50,70,39,10,28,19,111" hai1="18,55,116,12,36,80,23,73,65,99,37,51,49" hai2="48,124,135,68,22,78,30,0,1,109,61,13,7" hai3="98,47,131,2,60,44,91,45,82,76,59,81,64"/><V27/><F135/><W94/><G131/><T57/><D111/><U104/><E116/><V110/><F78/><W120/><G120/><T114/><D28/><U14/><E65/><N who="2" m="41007" /><F48/><W53/><G2/><T8/><D100/><U21/><E73/><V5/><F124/><W9/><G9/><T130/><D130/><U107/><E80/><V79/><F79/><W11/><G11/><T25/><D8/><U125/><E99/><V121/><F13/><W103/><G103/><T118/><D114/><U128/><E128/><V26/><F27/><W113/><G113/><T42/><D42/><U126/><REACH who="1" step="1"/><E55/><REACH who="1" ten="278,166,271,275" step="2"/><V86/><F86/><N who="3" m="48423" /><G82/><T40/><D75/><U133/><E133/><V93/><F121/><W87/><G87/><T6/><D72/><U85/><E85/><V115/><F115/><W101/><G91/><T46/><D118/><U15/><E15/><V56/><F1/><W83/><G83/><T29/><D40/><U67/><E67/><AGARI ba="0,1" hai="44,45,47,53,59,60,64,67,94,98,101" m="48423" machi="67" ten="30,2000,0" yaku="8,1,52,1" doraHai="89" who="3" fromWho="1" sc="278,0,166,-20,271,0,275,30" owari="278,7.8,146,-35.4,271,-12.9,305,40.5" /></mjloggm>