<mjloggm ver="2.3"><GO type="225" lobby="0"/><UN n0="%E5%8D%A0%E3%81%84%E5%B8%AB%E8%A3%8F%E3%81%AA%E3%81%84%E3%81%97" n1="%E6%98%93%E5%88%A9%E8%96%A9%E4%BC%AF" n2="%70%65%6E%74%6F%6C%61" n3="%E3%83%B4%E3%83%A0%EF%BC%99%E3%81%A6" dan="17,16,16,16" rate="2191.18,2087.50,2167.39,2123.28" sx="M,F,M,M"/><TAIKYOKU oya="0"/><INIT seed="0,0,0,1,3,122" ten="250,250,250,250" oya="0" hai0="76,14,66,107,5,40,128,25,42,99,63,109,47" hai1="57,91,11,28,86,50,20,16,117,114,135,36,85" hai2="34,81,1,39,19,22,106,110,129,45,0,123,75" hai3="120,64,4,95,3,93,41,31,46,102,130,108,124"/><T38/><D128/><U65/><E117/><V79/><F123/><W10/><G120/><T35/><D76/><U18/><E36/><V9/><F34/><W71/><G130/><T87/><D40/><U43/><E135/><V112/><F112/><W61/><G124/><T77/><D5/><U104/><E104/><V44/><F106/><W23/><G31/><N who="0" m="19951" /><D14/><U49/><E86/><V70/><F70/><W88/><G23/><T134/><D87/><U6/><E28/><V72/><F72/><W60/><G60/><T2/><D77/><U121/><E114/><V29/><F45/><W100/><G93/><T62/><D63/><U21/><E65/><V37/><F29/><W24/><G24/><T125/><D2/><U94/><E121/><V113/><F39/><W68/><G68/><N who="0" m="42071" /><D125/><U133/><E133/><V32/><F32/><W97/><REACH who="3" step="1"/><G108/><REACH who="3" ten="250,250,250,240" step="2"/><T52/><D134/><U96/><E21/><V27/><F129/><W55/><G55/><T82/><D52/><N who="1" m="31887" /><E20/><V59/><F113/><W17/><G17/><T15/><D82/><N who="1" m="49591" /><E6/><V131/><F131/><W30/><G30/><T51/><D109/><U48/><E11/><V103/><F110/><W73/><G73/><T126/><D126/><U83/><E83/><V127/><F127/><W98/><G98/><T105/><D99/><U54/><E54/><V101/><F9/><W116/><G116/><T118/><D118/><U53/><E53/><V7/><F7/><W67/><G67/><T78/><D105/><U12/><E96/><V69/><F81/><W13/><G13/><T8/><D107/><U74/><E12/><RYUUKYOKU ba="0,1" sc="250,-10,250,-10,250,-10,240,30" hai3="3,4,10,41,46,61,64,71,88,95,97,100,102" /><INIT seed="1,1,1,2,3,2" ten="240,240,240,270" oya="1" hai0="37,3,112,29,36,22,117,66,61,131,111,110,63" hai1="50,82,41,30,132,83,62,68,23,76,24,126,77" hai2="16,10,55,45,133,71,97,81,70,13,64,123,116" hai3="108,74,49,38,84,21,53,26,35,134,96,127,94"/><U102/><E132/><V46/><F116/><W121/><G121/><T92/><D117/><U72/><E126/><V51/><F123/><W42/><G74/><T118/><D118/><U124/><E124/><V125/><F125/><W65/><G127/><T14/><D3/><U33/><E102/><V119/><F119/><W78/><G35/><T34/><D112/><U32/><E41/><V67/><F133/><W107/><G65/><N who="2" m="25161" /><F71/><W73/><G73/><T31/><D131/><U113/><E68/><V52/><F70/><W25/><G107/><T105/><D105/><U12/><E62/><V44/><F97/><W85/><G108/><N who="0" m="41515" /><D34/><U8/><E113/><V79/><F55/><W7/><G42/><T56/><D63/><U59/><E59/><V69/><F69/><W58/><G38/><N who="0" m="14955" /><D92/><U120/><E50/><V19/><F19/><AGARI ba="1,1" hai="14,19,22,29,31,56,61,66" m="14955,41515" machi="19" ten="30,1000,0" yaku="14,1" doraHai="2" who="0" fromWho="2" sc="240,23,240,0,240,-13,270,0" /><INIT seed="2,0,0,2,2,100" ten="263,240,227,270" oya="2" hai0="105,56,70,120,29,116,119,118,57,33,124,10,85" hai1="41,52,96,13,107,36,26,24,67,49,106,17,80" hai2="81,61,28,90,37,19,125,114,60,38,25,21,98" hai3="42,44,2,79,77,15,54,63,131,74,46,117,93"/><V78/><F114/><W104/><G2/><T7/><D120/><U69/><E80/><V34/><F125/><W87/><G117/><T40/><D124/><U121/><E121/><V20/><F34/><W88/><G131/><T9/><D70/><U129/><E129/><V71/><F71/><W30/><G104/><T4/><D40/><U126/><E126/><V84/><F38/><W16/><G16/><T18/><D18/><U113/><E113/><V6/><F37/><W97/><G30/><T50/><D85/><U31/><E96/><V101/><F78/><W53/><G74/><T123/><D123/><U0/><E0/><V62/><F6/><N who="0" m="2090" /><D105/><U112/><E112/><V128/><F128/><W73/><G15/><T66/><D50/><U102/><E102/><V132/><F132/><W59/><G73/><T58/><D66/><U122/><E122/><V5/><F5/><W83/><G42/><T3/><D3/><U32/><E26/><AGARI ba="0,0" hai="9,10,26,29,33,56,57,58,116,118,119" m="2090" machi="26" ten="40,1300,0" yaku="12,1" doraHai="100" who="0" fromWho="1" sc="263,13,240,-13,227,0,270,0" /><INIT seed="3,0,0,2,3,92" ten="276,227,227,270" oya="3" hai0="115,82,69,133,56,86,10,121,76,43,26,54,79" hai1="75,74,101,14,66,45,51,94,123,39,16,62,105" hai2="126,47,12,32,8,28,65,109,84,90,61,40,46" hai3="108,132,117,124,71,34,3,9,25,48,89,113,127"/><W130/><RYUUKYOKU type="yao9" ba="0,0" sc="276,0,227,0,227,0,270,0" hai3="3,9,25,34,48,71,89,108,113,117,124,127,130,132" /><INIT seed="3,1,0,3,5,31" ten="276,227,227,270" oya="3" hai0="113,91,27,18,65,61,7,37,77,2,44,0,59" hai1="76,88,124,25,119,48,74,16,127,20,33,130,111" hai2="58,117,21,73,103,114,17,9,96,66,4,84,94" hai3="22,89,64,43,40,106,1,54,110,108,79,50,115"/><W128/><G115/><T86/><D113/><U82/><E111/><N who="3" m="42538" /><G128/><T126/><D126/><N who="1" m="48171" /><E130/><V83/><F73/><W38/><G106/><T70/><D77/><U85/><E48/><V45/><F45/><N who="3" m="27983" /><G38/><T100/><D37/><U39/><E39/><V122/><F117/><W53/><G1/><T24/><D0/><U68/><E68/><V26/><F114/><W104/><G104/><T19/><D70/><U47/><E47/><V105/><F105/><W6/><G64/><T112/><D65/><U42/><E42/><V29/><F122/><W14/><G79/><T116/><D2/><U99/><E99/><V46/><F46/><W109/><G109/><T95/><D44/><U121/><E121/><V34/><F58/><W102/><G102/><T12/><D100/><U123/><E123/><V78/><F66/><W97/><G53/><T71/><D112/><U49/><E49/><V28/><REACH who="2" step="1"/><F34/><REACH who="2" ten="276,227,217,270" step="2"/><W10/><G22/><T30/><D71/><U56/><E56/><V72/><F72/><W36/><G36/><T81/><D59/><U69/><E69/><V67/><F67/><W134/><G134/><T52/><D116/><U75/><E119/><V35/><F35/><W51/><G51/><T32/><D32/><U41/><E41/><V8/><F8/><W13/><G43/><T125/><D125/><U133/><E133/><V120/><F120/><W129/><G40/><T132/><D132/><U131/><E131/><V90/><F90/><W107/><G129/><T3/><D91/><U55/><E33/><V135/><F135/><W118/><G118/><T80/><D52/><RYUUKYOKU ba="1,1" sc="276,-10,227,-10,217,30,270,-10" hai2="4,9,17,21,26,28,29,78,83,84,94,96,103" /><INIT seed="4,2,1,3,5,91" ten="266,217,247,260" oya="0" hai0="11,60,31,93,124,5,106,47,129,39,33,76,21" hai1="28,58,20,75,63,101,104,80,111,4,116,44,30" hai2="37,19,15,105,121,35,61,29,87,49,117,43,69" hai3="66,81,55,59,56,97,133,54,6,34,57,65,74"/><T119/><D119/><U110/><E116/><V45/><F117/><W27/><G6/><T126/><D106/><U94/><E104/><V18/><F121/><W82/><G133/><T84/><D129/><U135/><E135/><V53/><F29/><W71/><G71/><T86/><D33/><U68/><E68/><V12/><F35/><W127/><G127/><N who="0" m="48683" /><D60/><U9/><E44/><V70/><F105/><W64/><G74/><T99/><D76/><U88/><E101/><V14/><F87/><W107/><G107/><T92/><D21/><U16/><E110/><V38/><F38/><W13/><G97/><T125/><D31/><U22/><E111/><V48/><F48/><W50/><G50/><T118/><D93/><U24/><E22/><V109/><F109/><W0/><G82/><T3/><D118/><U46/><E46/><V67/><REACH who="2" step="1"/><F70/><REACH who="2" ten="266,217,237,260" step="2"/><W77/><G34/><T132/><D125/><U115/><E115/><V83/><F83/><W10/><G81/><T32/><D32/><U128/><E128/><V1/><F1/><W96/><G0/><T41/><D132/><U78/><E63/><V89/><F89/><AGARI ba="2,2" hai="3,5,11,39,41,47,84,86,89,92,99" m="48683" machi="89" ten="30,2900,0" yaku="18,1,52,1" doraHai="91" who="0" fromWho="2" sc="266,55,217,0,237,-35,260,0" owari="321,42.1,217,-18.3,202,-29.8,260,6.0" /></mjloggm>