<mjloggm ver="2.3"><GO type="225" lobby="0"/><UN n0="%34%E9%BA%BB%E3%82%AC%E3%83%81%E5%8B%A2" n1="%E3%83%B4%E3%82%A3%E3%83%AF%E3%82%B3%E3%82%B0%E3%83%8B" n2="%E6%9D%B1%E9%A2%A8%E3%81%AE%E3%81%8D%E3%82%83%E3%81%B7%E3%81%95%E3%82%93" n3="%E3%83%97%E3%83%92" dan="16,16,16,16" rate="2145.86,2156.97,2183.31,2150.44" sx="M,M,M,M"/><TAIKYOKU oya="0"/><INIT seed="0,0,0,1,1,12" ten="250,250,250,250" oya="0" hai0="25,63,76,2,85,73,97,110,62,32,124,87,60" hai1="9,13,121,78,36,43,31,119,123,112,1,7,132" hai2="96,19,6,125,64,49,90,135,40,101,18,27,67" hai3="86,14,47,116,126,8,108,103,70,80,35,98,0"/><T41/><D2/><U52/><E119/><V37/><F6/><W39/><G116/><T3/><D3/><U45/><E132/><V114/><F114/><W120/><G0/><T94/><D124/><U115/><E31/><V23/><F37/><W55/><G120/><T20/><D32/><U59/><E13/><V113/><F113/><N who="1" m="43593" /><E78/><V131/><F131/><W117/><G70/><T69/><D69/><U54/><E54/><V24/><F90/><W75/><G75/><T88/><D110/><U53/><E53/><V50/><F135/><W79/><G35/><T4/><D4/><U134/><E134/><V127/><F40/><W42/><G117/><T100/><D41/><U128/><E128/><V133/><F133/><W38/><G55/><T122/><D122/><U66/><E66/><V106/><F64/><W10/><G126/><N who="2" m="48137" /><F67/><W89/><G108/><T15/><D15/><U111/><E111/><V22/><AGARI ba="0,0" hai="18,19,22,23,24,27,49,50,96,101,106" m="48137" machi="22" ten="30,4000,0" yaku="18,1,52,2" doraHai="12" who="2" fromWho="2" sc="250,-20,250,-10,250,40,250,-10" /><INIT seed="1,0,0,1,5,48" ten="230,240,290,240" oya="1" hai0="65,69,133,50,17,117,103,74,78,44,97,36,30" hai1="96,62,39,40,3,51,70,126,8,26,101,6,1" hai2="66,112,123,43,63,18,42,20,2,34,55,45,111" hai3="99,108,49,110,53,10,15,98,113,41,124,128,134"/><U95/><E126/><V120/><F34/><W114/><G124/><T82/><D133/><U68/><E39/><V75/><F75/><W33/><G33/><T22/><D117/><U5/><E26/><V72/><F2/><W119/><G134/><T9/><D36/><U118/><E118/><V90/><F90/><W77/><G41/><T85/><D69/><U83/><E83/><V13/><F72/><W14/><G77/><T67/><D30/><U132/><E62/><V32/><F32/><W46/><G119/><T52/><D9/><U116/><E116/><V89/><F89/><W104/><G128/><T107/><REACH who="0" step="1"/><D74/><REACH who="0" ten="220,240,290,240" step="2"/><U27/><E132/><V121/><F121/><W87/><G10/><T125/><D125/><U105/><E8/><V12/><F120/><W4/><G113/><T122/><D122/><U91/><E68/><V129/><F112/><W61/><G114/><T71/><D71/><U81/><E70/><V58/><F123/><W19/><G110/><T86/><D86/><U23/><E1/><V47/><F111/><W115/><G87/><T94/><D94/><U16/><E3/><V28/><F28/><W73/><G73/><T11/><D11/><U59/><E95/><V93/><F93/><W24/><G108/><T7/><D7/><U0/><E0/><V84/><F84/><W21/><G4/><T57/><D57/><U54/><E5/><V79/><F58/><N who="3" m="35023" /><G115/><T131/><D131/><U130/><E130/><V35/><F129/><W37/><G37/><T100/><D100/><U92/><E6/><V60/><F20/><W38/><G21/><RYUUKYOKU ba="0,1" sc="220,30,240,-10,290,-10,240,-10" hai0="17,22,44,50,52,65,67,78,82,85,97,103,107" /><INIT seed="2,1,1,3,5,95" ten="250,230,280,230" oya="2" hai0="55,43,19,34,114,24,72,97,9,62,10,79,81" hai1="7,110,80,73,134,28,131,105,37,21,47,17,117" hai2="30,25,2,119,39,22,87,42,65,49,60,57,70" hai3="35,54,93,53,14,118,102,77,83,52,85,126,106"/><V100/><F119/><W32/><G118/><T68/><D114/><U31/><E117/><V108/><F2/><W56/><G126/><T111/><D43/><U6/><E105/><V103/><F108/><W64/><G106/><T18/><D111/><U51/><E37/><V13/><F13/><W26/><G14/><T84/><D72/><U58/><E110/><V20/><F87/><W4/><G4/><N who="1" m="1578" /><E73/><V16/><F39/><W101/><G101/><T128/><D128/><U132/><E58/><V29/><F70/><W89/><G102/><N who="2" m="38953" /><F22/><W109/><G109/><T107/><D107/><U61/><E61/><V104/><F104/><W11/><G11/><T82/><D68/><U40/><E80/><V45/><AGARI ba="1,1" hai="16,20,25,29,30,42,45,49,57,60,65" m="38953" machi="45" ten="30,3000,0" yaku="8,1,54,1" doraHai="95" who="2" fromWho="2" sc="250,-11,230,-11,280,43,230,-11" /><INIT seed="2,2,0,1,3,65" ten="239,219,323,219" oya="2" hai0="118,25,124,59,35,93,36,60,19,30,44,103,114" hai1="110,120,43,81,48,51,133,88,122,1,70,100,55" hai2="128,87,113,38,109,123,10,3,85,4,16,18,2" hai3="57,54,91,75,105,115,83,119,31,90,7,32,99"/><V98/><F38/><W79/><G119/><T67/><D114/><U132/><E1/><V50/><F123/><N who="1" m="47145" /><E100/><V73/><F73/><W74/><G115/><T131/><D118/><U45/><E110/><V62/><F109/><W77/><G7/><T52/><D131/><U129/><E129/><V33/><F33/><W5/><G5/><T63/><D124/><U95/><E81/><V0/><F98/><W107/><G31/><T127/><D127/><U14/><E14/><V92/><F92/><N who="3" m="56735" /><G54/><T84/><D19/><U134/><E70/><V53/><F62/><W6/><G6/><T102/><D36/><N who="1" m="21735" /><E55/><V58/><F128/><W20/><G20/><T78/><D44/><U46/><E46/><V39/><F39/><W111/><G57/><T96/><D103/><U64/><E64/><V86/><REACH who="2" step="1"/><F113/><REACH who="2" ten="239,219,313,219" step="2"/><W49/><G32/><T61/><D67/><U15/><E15/><AGARI ba="2,1" hai="0,2,3,4,10,15,16,18,50,53,58,85,86,87" machi="15" ten="50,18000,2" yaku="1,1,2,1,54,1,53,3" doraHai="65" doraHaiUra="80" who="2" fromWho="1" sc="239,0,219,-186,313,196,219,0" /><INIT seed="2,3,0,3,5,50" ten="239,33,509,219" oya="2" hai0="28,119,44,52,97,110,81,93,129,99,76,106,66" hai1="104,82,33,113,58,73,80,8,7,16,131,42,27" hai2="125,78,13,2,88,29,91,38,59,135,51,31,35" hai3="92,94,10,102,77,6,30,47,107,72,130,124,112"/><V105/><F38/><W0/><G124/><T70/><D28/><U17/><E113/><V26/><F105/><W134/><G112/><T127/><D127/><U69/><E69/><V18/><F2/><W53/><G130/><T87/><D129/><U100/><E131/><V109/><F31/><W67/><G67/><T46/><D70/><U117/><E117/><V15/><F125/><W54/><G134/><T11/><D66/><U14/><E33/><V48/><F78/><W103/><G107/><T128/><D128/><U120/><E120/><V25/><F109/><W49/><G30/><T126/><D126/><U95/><E104/><V96/><F96/><W84/><G72/><T114/><D114/><U111/><E111/><V122/><F29/><W115/><G115/><T71/><D71/><U37/><E73/><V43/><F18/><W90/><G77/><T23/><D23/><N who="1" m="13799" /><E37/><V12/><F43/><W75/><G75/><T1/><D110/><U55/><E42/><V83/><F35/><W132/><G132/><T98/><D119/><U62/><E7/><V36/><F36/><W22/><G22/><T56/><D106/><U5/><E5/><V39/><F39/><W40/><REACH who="3" step="1"/><G94/><REACH who="3" ten="239,33,509,209" step="2"/><T21/><D21/><U121/><E121/><V64/><F135/><W65/><G65/><T61/><D93/><U133/><E133/><V79/><F64/><W108/><G108/><T60/><D1/><U4/><E4/><V85/><F79/><W116/><G116/><T34/><D34/><U86/><E86/><V123/><F85/><W32/><G32/><T9/><D87/><RYUUKYOKU ba="3,1" sc="239,-15,33,15,509,-15,209,15" hai1="8,14,17,55,58,62,80,82,95,100" hai3="0,6,10,40,47,49,53,54,84,90,92,102,103" /><INIT seed="3,4,1,0,1,1" ten="224,48,494,224" oya="3" hai0="66,115,133,114,117,60,13,90,113,22,67,70,63" hai1="93,40,62,130,23,7,112,12,75,95,35,53,65" hai2="107,48,49,89,101,18,126,102,127,109,46,19,55" hai3="41,81,122,6,17,78,118,124,96,14,100,120,28"/><W91/><G118/><T71/><D117/><U11/><E112/><V16/><F109/><W69/><G69/><T58/><D133/><U111/><E130/><V87/><F49/><W73/><G124/><N who="2" m="47657" /><F107/><W98/><G28/><T104/><D104/><U31/><E111/><V106/><F106/><W26/><G41/><T9/><D90/><U56/><E75/><V45/><F45/><W61/><G91/><T76/><D76/><U4/><E40/><V37/><F37/><W94/><G96/><T72/><D72/><U129/><E129/><V68/><F68/><W103/><G100/><T135/><D22/><U119/><E119/><V134/><F134/><W80/><G80/><AGARI ba="4,1" hai="16,18,19,46,48,55,80,87,89,101,102" m="47657" machi="80" ten="30,2000,0" yaku="18,1,54,1" doraHai="1" who="2" fromWho="3" sc="224,0,48,0,494,42,224,-32" owari="224,2.4,48,-45.2,536,63.6,192,-20.8" /></mjloggm>