<mjloggm ver="2.3"><GO type="225" lobby="0"/><UN n0="%61%73%61%64%61%31%32" n1="%E3%81%BF%E3%81%BF%E3%81%9A" n2="%6D%75%75%73%61%6E%6D%75" n3="%E3%81%9F%E3%81%8C%E3%82%84%E3%81%99" dan="16,17,16,17" rate="2103.97,2261.19,2096.48,2176.49" sx="M,M,F,M"/><TAIKYOKU oya="0"/><INIT seed="0,0,0,1,3,48" ten="250,250,250,250" oya="0" hai0="46,96,5,8,82,54,63,28,31,45,121,97,11" hai1="55,124,93,33,90,112,27,98,22,56,39,107,69" hai2="83,120,24,71,133,4,65,38,81,64,134,77,68" hai3="35,116,52,115,111,30,86,70,58,57,26,53,9"/><T18/><D121/><U76/><E69/><N who="2" m="26699" /><F120/><W47/><G70/><T105/><D105/><U37/><E124/><V79/><F38/><W59/><G116/><T13/><D82/><N who="2" m="31242" /><F24/><W127/><G115/><T95/><D97/><U119/><E119/><V14/><F14/><W60/><G127/><T15/><D46/><U41/><E33/><V34/><F4/><W100/><G111/><T125/><D125/><U135/><E135/><N who="2" m="51723" /><F34/><W49/><G100/><T72/><D72/><U99/><E39/><V51/><F51/><W74/><G74/><T80/><D80/><U129/><E37/><V132/><N who="2" m="51731" /><V73/><DORA hai="32" /><F73/><W110/><G110/><T123/><D123/><U130/><E27/><V10/><F10/><W29/><G29/><T118/><D118/><U128/><E112/><V106/><F106/><W75/><G75/><T16/><D5/><U40/><E22/><V25/><F25/><W2/><REACH who="3" step="1"/><G86/><REACH who="3" ten="250,250,250,240" step="2"/><T0/><D0/><U122/><E122/><V61/><F61/><W113/><G113/><T104/><D104/><U109/><E109/><V103/><F103/><W67/><G67/><AGARI ba="0,1" hai="64,65,67,77,79" m="51731,31242,26699" machi="67" ten="50,6400,0" yaku="28,2,20,1" doraHai="48,32" who="2" fromWho="3" sc="250,0,250,0,250,74,240,-64" /><INIT seed="1,0,0,2,1,48" ten="250,250,324,176" oya="1" hai0="39,9,30,36,88,119,24,80,44,112,29,70,65" hai1="113,27,46,109,72,45,107,129,47,25,71,123,104" hai2="121,126,83,114,16,52,108,117,15,6,100,86,110" hai3="14,102,82,1,77,38,111,8,98,106,122,87,11"/><U101/><E113/><V5/><F117/><W51/><G38/><T49/><D119/><U81/><E123/><V73/><F121/><W13/><G122/><T95/><D112/><U94/><E71/><V56/><F73/><W132/><G111/><N who="2" m="42537" /><F100/><W3/><G132/><T40/><D30/><U97/><E109/><V85/><F126/><W78/><G78/><T124/><D80/><U89/><E129/><V118/><F118/><W76/><G76/><T12/><D124/><U0/><E0/><V2/><F2/><W92/><G106/><T131/><D65/><U79/><REACH who="1" step="1"/><E107/><REACH who="1" ten="250,240,324,176" step="2"/><V90/><F114/><W64/><G1/><T74/><D131/><U105/><E105/><V7/><F85/><AGARI ba="0,1" hai="25,27,45,46,47,72,79,81,85,89,94,97,101,104" machi="85" ten="40,18000,2" yaku="1,1,24,2,53,3" doraHai="48" doraHaiUra="42" who="1" fromWho="2" sc="250,0,240,190,324,-180,176,0" /><INIT seed="1,1,0,1,0,127" ten="250,430,144,176" oya="1" hai0="134,87,78,82,88,84,38,10,37,7,118,47,81" hai1="115,44,17,6,94,113,80,30,67,42,18,92,26" hai2="126,65,56,11,106,110,119,20,54,93,79,69,72" hai3="41,133,16,124,59,70,34,99,51,35,90,131,75"/><U91/><E6/><V45/><F119/><W0/><G70/><T89/><D118/><U25/><E67/><V114/><F106/><W76/><G0/><T64/><D134/><U122/><E122/><V111/><F126/><W98/><G124/><T83/><D64/><U73/><E80/><V128/><F114/><W53/><G133/><T28/><D28/><U130/><E73/><V19/><F72/><W36/><G41/><T31/><D31/><U50/><E130/><V62/><F79/><W109/><G36/><T96/><D47/><U77/><E77/><V125/><F125/><W2/><G2/><T74/><D96/><U129/><E129/><V48/><F128/><W55/><G131/><T12/><AGARI ba="1,0" hai="7,10,12,37,38,74,78,81,82,83,84,87,88,89" machi="12" ten="20,5200,0" yaku="0,1,7,1,9,1,54,1" doraHai="127" who="0" fromWho="0" sc="250,55,430,-27,144,-14,176,-14" /><INIT seed="2,0,0,5,4,47" ten="305,403,130,162" oya="2" hai0="52,129,85,49,74,98,45,33,30,125,116,133,16" hai1="100,71,76,11,124,99,42,12,32,131,25,36,53" hai2="44,112,21,90,60,37,93,130,46,84,2,91,102" hai3="41,105,57,80,56,95,81,83,31,3,86,73,117"/><V65/><F112/><W23/><G3/><T115/><D74/><U88/><E76/><V113/><F113/><W121/><G105/><T87/><D115/><U67/><E124/><V132/><F130/><W39/><G39/><T126/><D129/><U58/><E131/><V7/><F132/><W77/><G117/><T27/><D133/><U97/><E71/><V63/><F102/><W66/><G121/><T135/><D135/><U123/><E67/><V34/><F34/><W111/><G111/><T127/><D116/><U72/><E72/><V118/><F118/><W14/><G73/><T96/><D16/><U26/><E123/><V40/><F65/><W110/><G41/><T10/><D10/><U54/><E54/><V62/><F44/><W22/><G110/><T108/><D108/><U19/><E32/><V6/><F2/><W1/><G1/><T114/><D114/><U107/><E42/><V106/><F106/><W43/><G43/><T9/><D9/><U18/><E18/><V64/><F64/><W82/><G66/><T35/><D35/><U119/><E36/><V5/><F90/><N who="3" m="53719" /><G14/><T50/><D49/><U89/><E119/><V0/><F0/><W4/><G4/><T61/><D61/><N who="1" m="36047" /><E107/><V38/><REACH who="2" step="1"/><F37/><REACH who="2" ten="305,403,120,162" step="2"/><W59/><G77/><T68/><D68/><U134/><E134/><V29/><F29/><W101/><G31/><T69/><D69/><U70/><E70/><V15/><F15/><W48/><N who="3" m="20480" /><DORA hai="78" /><W13/><G101/><T94/><D126/><U20/><E100/><V128/><F128/><W120/><G120/><T55/><D125/><RYUUKYOKU ba="0,1" sc="305,-10,403,-10,120,30,162,-10" hai2="5,6,7,21,38,40,46,60,62,63,84,91,93" /><INIT seed="2,1,1,2,5,120" ten="295,393,150,152" oya="2" hai0="0,34,33,27,68,74,109,111,17,63,104,97,133" hai1="71,5,99,117,75,49,44,46,66,72,79,61,77" hai2="31,102,107,129,90,42,64,7,53,24,16,123,8" hai3="110,91,57,83,32,15,86,81,1,59,21,134,108"/><V92/><F123/><W35/><G1/><T26/><D74/><U36/><E117/><V55/><F129/><W10/><G21/><T45/><D0/><U84/><E5/><V38/><F107/><W101/><G101/><N who="0" m="62511" /><D45/><U135/><E135/><V25/><F102/><W78/><G134/><T76/><D76/><U118/><E118/><V112/><F112/><W51/><G32/><T43/><D43/><U2/><E2/><V73/><F73/><W60/><G35/><T29/><D133/><U69/><E99/><V19/><F64/><W121/><G121/><T20/><D34/><U23/><E23/><N who="2" m="15775" /><F42/><W124/><G124/><T126/><D126/><U87/><E66/><AGARI ba="1,1" hai="17,20,26,27,29,33,63,66,68,109,111" m="62511" machi="66" ten="30,3900,0" yaku="25,1,52,2" doraHai="120" who="0" fromWho="1" sc="295,52,393,-42,150,0,152,0" /><INIT seed="3,0,0,5,1,29" ten="347,351,150,152" oya="3" hai0="1,104,53,49,25,123,62,34,108,84,48,0,128" hai1="58,16,89,17,28,124,115,71,134,117,13,57,14" hai2="120,44,81,60,38,75,126,8,6,88,23,105,47" hai3="12,65,100,66,72,18,41,121,21,37,112,35,9"/><W3/><G100/><T20/><D104/><U54/><E115/><V32/><F32/><W79/><G121/><T61/><D123/><U119/><E71/><V64/><F120/><W96/><G96/><T7/><D34/><U24/><E124/><V15/><F105/><W97/><G97/><T26/><D108/><U91/><E134/><V129/><F38/><W110/><G112/><T69/><D128/><U127/><E127/><V86/><F126/><W77/><G110/><T33/><D33/><N who="1" m="20615" /><E14/><V46/><F129/><W27/><G35/><T56/><D69/><U43/><E43/><V78/><F23/><W106/><G106/><T52/><D7/><U111/><E16/><V85/><REACH who="2" step="1"/><F88/><REACH who="2" ten="347,351,140,152" step="2"/><W93/><G93/><T22/><D84/><U31/><E111/><V50/><F50/><W87/><G72/><T107/><D107/><U4/><E91/><V135/><F135/><W36/><G36/><T132/><D132/><U67/><E89/><V82/><F82/><N who="3" m="47567" /><G79/><T45/><D56/><AGARI ba="0,1" hai="6,8,15,44,46,47,56,60,64,75,78,81,85,86" machi="56" ten="40,2600,0" yaku="1,1,53,1" doraHai="29" doraHaiUra="5" who="2" fromWho="0" sc="347,-26,351,0,140,36,152,0" owari="321,12.1,351,45.1,176,-22.4,152,-34.8" /></mjloggm>