<mjloggm ver="2.3"><GO type="225" lobby="0"/><UN n0="%33%74%72%65%65" n1="%E3%81%B5%E3%81%98%E3%81%8B%E3%81%A4" n2="%E3%83%8F%E3%83%B3%E3%83%89%E3%83%A9%E3%83%BC%E3%83%BB%E3%83%AF%E3%83%B3" n3="%E3%81%BF%E3%81%BF%E3%81%9A" dan="16,16,17,18" rate="2136.40,2159.08,2206.48,2244.39" sx="F,M,M,M"/><TAIKYOKU oya="0"/><INIT seed="0,0,0,4,2,50" ten="250,250,250,250" oya="0" hai0="93,118,81,71,97,96,67,94,8,15,33,73,98" hai1="4,109,135,69,48,14,51,133,35,21,43,13,22" hai2="59,28,68,115,27,132,78,53,16,129,30,121,95" hai3="65,104,100,17,40,90,76,101,75,49,80,5,70"/><T41/><D118/><U74/><E69/><V19/><F121/><W102/><G5/><T83/><D33/><U58/><E74/><V131/><F68/><W20/><G104/><T99/><D41/><U107/><E107/><V79/><F115/><W72/><G90/><T105/><D105/><U2/><E35/><V11/><F132/><N who="1" m="50761" /><E2/><V25/><F95/><W64/><G75/><T63/><D73/><U9/><E109/><V44/><F44/><W7/><G7/><T120/><D120/><U1/><E43/><V26/><F11/><W61/><G64/><T89/><REACH who="0" step="1"/><D94/><REACH who="0" ten="240,250,250,250" step="2"/><U18/><E58/><V122/><F122/><W47/><REACH who="3" step="1"/><G101/><REACH who="3" ten="240,250,250,240" step="2"/><T34/><D34/><U84/><E1/><V77/><F131/><W134/><G134/><T123/><D123/><U57/><E57/><V114/><F129/><W124/><G124/><T56/><D56/><U3/><E84/><V24/><N who="2" m="6144" /><DORA hai="86" /><V52/><F59/><W38/><G38/><T113/><D113/><U60/><E3/><V46/><F114/><W130/><G130/><T29/><D29/><N who="2" m="11370" /><F46/><W39/><G39/><T0/><D0/><U108/><E108/><V117/><F117/><W125/><G125/><T62/><D62/><U23/><E60/><V116/><F116/><W85/><G85/><T82/><D82/><U55/><E48/><V88/><F88/><W66/><G66/><T110/><D110/><U12/><E51/><V37/><F37/><W106/><G106/><T119/><D119/><U112/><E112/><V87/><F87/><W10/><G10/><T54/><D54/><AGARI ba="0,2" hai="16,19,52,53,54,77,78,79" m="11370,6144" machi="54" ten="50,16000,3" yaku="28,2,8,1,52,3,54,2" doraHai="50,86" who="2" fromWho="0" sc="240,-160,250,0,250,180,240,0" /><INIT seed="1,0,0,0,5,71" ten="80,250,430,240" oya="1" hai0="107,73,58,80,123,125,116,49,118,124,34,94,5" hai1="75,102,96,120,60,47,3,37,133,89,29,135,115" hai2="72,69,92,126,134,117,112,0,19,59,23,103,12" hai3="106,42,36,4,40,113,74,95,28,70,98,119,10"/><U130/><E120/><V109/><F69/><W11/><G113/><T127/><D34/><U48/><E115/><V43/><F72/><W17/><G74/><T100/><D5/><U132/><E75/><V39/><F0/><W64/><G119/><N who="0" m="45611" /><D49/><U30/><E130/><V114/><F109/><W56/><G106/><T57/><D57/><U99/><E3/><V35/><F126/><N who="0" m="32258" /><T61/><DORA hai="46" /><D58/><U76/><E76/><V78/><F134/><W53/><G64/><T68/><D68/><U54/><E89/><V131/><F35/><W82/><G70/><T111/><D61/><U121/><E121/><V128/><F78/><W27/><G82/><T63/><D63/><U122/><E122/><V84/><F131/><W16/><G36/><T33/><D33/><U26/><E60/><V88/><F59/><W55/><G56/><T14/><D14/><U79/><E79/><V31/><F12/><W67/><G67/><T66/><D66/><U15/><E15/><V50/><F128/><W52/><G42/><T86/><D123/><U6/><E6/><V22/><F43/><W7/><G40/><T101/><D111/><U2/><E2/><V108/><F108/><W90/><G4/><T51/><D51/><U110/><E110/><V44/><F50/><W62/><G62/><T18/><D18/><N who="3" m="7273" /><G7/><T8/><D8/><N who="3" m="3113" /><G27/><T32/><D32/><N who="1" m="20535" /><E30/><AGARI ba="0,0" hai="28,30,52,53,55,90,95,98" m="3113,7273" machi="30" ten="30,3900,0" yaku="8,1,54,2" doraHai="71,46" who="3" fromWho="1" sc="80,0,250,-39,430,0,240,39" /><INIT seed="2,0,0,3,5,100" ten="80,211,430,279" oya="2" hai0="20,41,96,68,8,98,71,103,106,92,127,12,76" hai1="14,11,101,25,43,83,67,89,60,69,3,75,79" hai2="29,64,65,90,52,91,78,134,50,73,133,53,81" hai3="111,121,24,58,27,84,34,115,2,16,26,129,66"/><V5/><F5/><W88/><G121/><T49/><D127/><U105/><E3/><V122/><F29/><W44/><G2/><T114/><D114/><U80/><E43/><V31/><F31/><W38/><G115/><T131/><D131/><U99/><E25/><V22/><F22/><W18/><G129/><T42/><D76/><U28/><E28/><V77/><F122/><W21/><G111/><T15/><D20/><U54/><E54/><V120/><F120/><W70/><G70/><T74/><D74/><U35/><E83/><V112/><F112/><W82/><G34/><T36/><D36/><U130/><E130/><V94/><F78/><W87/><G38/><T126/><D126/><U113/><E113/><V119/><F53/><W46/><G87/><T109/><D109/><U124/><E124/><V62/><F119/><W110/><G110/><T40/><D49/><U135/><E89/><V93/><F93/><W55/><G66/><T51/><D51/><U32/><REACH who="1" step="1"/><E135/><REACH who="1" ten="80,201,430,279" step="2"/><V102/><F91/><W108/><G108/><T33/><D33/><U23/><E23/><V37/><F90/><W4/><G21/><T59/><D15/><U116/><E116/><V9/><F134/><W19/><G4/><AGARI ba="0,1" hai="4,11,14,32,35,60,67,69,75,79,80,99,101,105" machi="4" ten="30,3900,0" yaku="1,1,7,1,52,1,53,0" doraHai="100" doraHaiUra="85" who="1" fromWho="3" sc="80,0,201,49,430,0,279,-39" /><INIT seed="3,0,0,1,2,96" ten="80,250,430,240" oya="3" hai0="60,31,85,21,52,45,127,73,62,15,38,0,123" hai1="53,23,28,40,14,93,4,79,67,30,80,120,130" hai2="65,77,133,132,78,22,58,88,92,106,1,113,82" hai3="112,64,103,75,54,55,98,33,44,13,89,26,81"/><W36/><G112/><T90/><D123/><U95/><E120/><V49/><F106/><W37/><G64/><T101/><D73/><U129/><E67/><V42/><F1/><W115/><G115/><T57/><D0/><U70/><E70/><V108/><F108/><W107/><G13/><T16/><D127/><U122/><E40/><V46/><F22/><W18/><G18/><T118/><D118/><U25/><E122/><V6/><F6/><W5/><G5/><T43/><D31/><U84/><E53/><V97/><F82/><W19/><G19/><T41/><D41/><U119/><E30/><V17/><F17/><W35/><G26/><T2/><D2/><U117/><E95/><V124/><F124/><W125/><G125/><T121/><D121/><U83/><E93/><V32/><F32/><W69/><G69/><T104/><D104/><U66/><E80/><V61/><F113/><W20/><G20/><T102/><REACH who="0" step="1"/><D62/><REACH who="0" ten="70,250,430,240" step="2"/><U7/><E117/><V3/><F3/><W29/><G29/><T34/><D34/><U128/><E28/><V9/><F9/><W94/><G33/><T135/><D135/><AGARI ba="0,1" hai="42,46,49,58,61,65,77,78,88,92,97,132,133,135" machi="135" ten="40,2600,0" yaku="20,1,54,1" doraHai="96" who="2" fromWho="0" sc="70,-26,250,0,430,36,240,0" owari="44,-45.6,250,5.0,466,56.6,240,-16.0" /></mjloggm>