<mjloggm ver="2.3"><GO type="225" lobby="0"/><UN n0="%E3%81%8B%E3%82%8F%E3%81%A1%E3%82%83%E3%82%93%35%38" n1="%E8%90%A9%E5%8E%9F%E9%9B%AA%E6%AD%A9" n2="%45%6C%79%73%69%75%6D" n3="%E3%82%B2%E3%82%B9%E8%8C%82%E5%8B%9D" dan="16,16,16,16" rate="2179.88,2121.10,2088.28,2084.82" sx="M,F,F,F"/><TAIKYOKU oya="0"/><INIT seed="0,0,0,3,3,128" ten="250,250,250,250" oya="0" hai0="46,23,97,130,9,52,93,18,70,79,47,134,73" hai1="115,33,108,26,135,53,27,37,80,22,49,64,76" hai2="109,95,19,84,69,110,59,5,68,96,83,39,120" hai3="30,54,133,89,3,31,48,0,74,43,103,28,44"/><T126/><D70/><U62/><E108/><N who="2" m="41579" /><F39/><W88/><G74/><T51/><D130/><U111/><E111/><V12/><F5/><W90/><G103/><T94/><D126/><U125/><E37/><V63/><F120/><W82/><G133/><T67/><D67/><U102/><E125/><V40/><F40/><W132/><G132/><T106/><D134/><U122/><E135/><V92/><F92/><W32/><G82/><T81/><D9/><U6/><E102/><N who="2" m="60703" /><F19/><W99/><G99/><T78/><D78/><U131/><E131/><V8/><F12/><W57/><REACH who="3" step="1"/><G32/><REACH who="3" ten="250,250,250,240" step="2"/><T113/><D113/><U87/><E33/><V60/><F83/><W112/><G112/><T105/><D94/><U66/><E115/><V38/><F84/><W16/><G16/><T4/><D4/><U1/><E6/><V104/><F104/><W116/><G116/><T42/><D93/><U56/><E122/><V58/><F8/><W107/><G107/><T25/><REACH who="0" step="1"/><D97/><REACH who="0" ten="240,250,250,240" step="2"/><U17/><E80/><V119/><F119/><W77/><G77/><T29/><D29/><U91/><E76/><V72/><F72/><W55/><G55/><T41/><D41/><U71/><E53/><N who="2" m="33871" /><F38/><AGARI ba="0,2" hai="0,3,28,30,31,38,43,44,48,54,57,88,89,90" machi="38" ten="40,8000,1" yaku="1,1,54,1,53,2" doraHai="128" doraHaiUra="35" who="3" fromWho="2" sc="240,0,250,0,250,-80,240,100" /><AGARI ba="0,0" hai="18,23,25,38,42,46,47,51,52,73,79,81,105,106" machi="38" ten="30,5800,0" yaku="1,1,7,1,54,1,53,0" doraHai="128" doraHaiUra="35" who="0" fromWho="2" sc="240,58,250,0,170,-58,340,0" /><INIT seed="0,1,0,2,5,21" ten="298,250,112,340" oya="0" hai0="32,67,26,23,16,56,69,133,123,20,86,85,90" hai1="66,43,73,76,101,96,128,132,80,97,9,88,75" hai2="92,93,134,74,35,40,83,112,31,126,55,99,27" hai3="65,37,63,57,12,106,0,45,82,54,95,131,52"/><T105/><D123/><U3/><E66/><V109/><F112/><W30/><G131/><T53/><D105/><U47/><E132/><V7/><F134/><W1/><G106/><T116/><D133/><U115/><E115/><V122/><F122/><W70/><G82/><T135/><D135/><U28/><E28/><V111/><F126/><W114/><G114/><T2/><D32/><U125/><E125/><V60/><F40/><W64/><G64/><T130/><D116/><U84/><E128/><V11/><F60/><W5/><G95/><T62/><D130/><U79/><E79/><N who="2" m="44535" /><F55/><W89/><G89/><T77/><D2/><U29/><E29/><V78/><F78/><W81/><G81/><T121/><D121/><U110/><E110/><N who="2" m="41995" /><F99/><W124/><G124/><T87/><D23/><U15/><E3/><AGARI ba="1,0" hai="3,7,11,27,31,35,92,93" m="41995,44535" machi="3" ten="30,2000,0" yaku="14,1,52,1" doraHai="21" who="2" fromWho="1" sc="298,0,250,-23,112,23,340,0" /><INIT seed="1,0,0,1,4,23" ten="298,227,135,340" oya="1" hai0="30,64,11,56,106,20,120,74,25,46,113,101,29" hai1="126,89,117,62,84,75,31,52,0,134,38,105,63" hai2="5,3,115,83,18,10,95,65,42,7,12,86,69" hai3="127,8,85,90,97,59,118,109,119,15,21,67,4"/><U128/><E75/><V35/><F115/><W27/><G109/><T48/><D113/><U39/><E117/><V1/><F35/><W77/><G127/><T51/><D74/><U79/><E79/><V14/><F42/><W40/><G77/><T135/><D135/><U13/><E105/><V124/><F124/><W110/><G110/><T24/><D120/><U107/><E107/><V6/><F95/><W87/><G97/><T78/><D78/><U102/><E102/><V111/><F111/><W129/><G40/><T104/><D11/><U76/><E76/><V98/><F98/><W96/><G96/><T114/><D114/><U121/><E0/><V93/><F93/><W103/><G103/><T57/><D101/><U37/><E121/><V54/><F54/><W33/><G33/><T61/><D56/><U49/><E126/><V112/><F112/><W44/><G44/><T82/><D51/><U16/><E128/><V17/><F65/><W53/><G67/><T58/><D58/><U19/><E31/><V34/><F69/><W130/><G90/><T116/><D82/><U94/><E134/><V125/><F125/><W9/><G9/><T60/><D60/><U80/><E94/><V47/><F47/><W92/><G92/><T22/><D116/><N who="3" m="44585" /><G129/><T73/><D73/><U41/><E41/><AGARI ba="0,0" hai="20,22,24,25,29,30,41,46,48,57,61,64,104,106" machi="41" ten="30,7700,0" yaku="7,1,9,1,52,2" doraHai="23" who="0" fromWho="1" sc="298,77,227,-77,135,0,340,0" /><INIT seed="2,0,0,2,4,7" ten="375,150,135,340" oya="2" hai0="6,52,45,70,125,61,64,117,97,51,121,41,3" hai1="86,58,16,59,120,92,67,9,73,74,94,33,47" hai2="57,107,96,11,122,123,75,46,131,63,35,128,40" hai3="126,132,88,99,116,112,95,111,28,36,38,49,84"/><V85/><F75/><W90/><G116/><T22/><D121/><U118/><E33/><V0/><F35/><W62/><G126/><T77/><D77/><U34/><E118/><V68/><F68/><W135/><G111/><T79/><D79/><U60/><E34/><V4/><F85/><W133/><G112/><T114/><D114/><U104/><E104/><V37/><F96/><W101/><G28/><T98/><D117/><U43/><E120/><V127/><F107/><W15/><G62/><T87/><D87/><U54/><E74/><V100/><F100/><W31/><G31/><T39/><D125/><U13/><E73/><V105/><F105/><W91/><G49/><T113/><D113/><U21/><E21/><V14/><F127/><W129/><G129/><N who="2" m="49737" /><F0/><W1/><G1/><T23/><D6/><U103/><E103/><V18/><F4/><W89/><G15/><T50/><D50/><N who="1" m="27007" /><E86/><V2/><F2/><W26/><G26/><T124/><D3/><U119/><E119/><V48/><F37/><W24/><G24/><T108/><D124/><U30/><E30/><V32/><F32/><W102/><G102/><T130/><D130/><U81/><E81/><AGARI ba="0,0" hai="36,38,81,84,88,89,90,91,95,99,101,132,133,135" machi="81" ten="50,3200,0" yaku="20,1,54,1" doraHai="7" who="3" fromWho="1" sc="375,0,150,-32,135,0,340,32" /><INIT seed="3,0,0,0,0,41" ten="375,118,135,372" oya="3" hai0="54,27,116,21,32,81,23,96,105,1,59,3,124" hai1="66,103,131,118,80,7,49,77,72,55,113,130,104" hai2="50,74,64,98,13,125,108,14,11,17,61,135,134" hai3="121,126,56,127,89,75,95,47,42,48,60,22,58"/><W93/><G75/><T79/><D32/><U111/><E113/><V37/><F37/><W132/><G132/><N who="2" m="50729" /><F108/><W36/><G121/><T112/><D23/><U102/><E66/><V26/><F125/><N who="3" m="47627" /><G22/><T120/><D120/><U31/><E111/><V88/><F74/><W28/><G28/><T109/><D116/><U100/><E118/><V62/><F26/><W87/><G36/><T91/><D109/><U29/><E7/><N who="2" m="3327" /><F50/><W18/><G18/><T115/><D124/><U129/><REACH who="1" step="1"/><E104/><REACH who="1" ten="375,108,135,372" step="2"/><V119/><F119/><W70/><G95/><T45/><D105/><U5/><E5/><V68/><F68/><W51/><G51/><T114/><D114/><U84/><E84/><V123/><F123/><W73/><G73/><T38/><D115/><U90/><E90/><V107/><F64/><AGARI ba="0,1" hai="42,47,48,56,58,60,64,70,87,89,93" m="47627" machi="64" ten="30,2900,0" yaku="18,1,52,1" doraHai="41" who="3" fromWho="2" sc="375,0,108,0,135,-29,372,39" owari="375,17.5,108,-29.2,106,-39.4,411,51.1" /></mjloggm>