<mjloggm ver="2.3"><GO type="225" lobby="0"/><UN n0="%E3%81%A9%E3%82%8F%E3%82%93%E3%81%94" n1="%E9%A2%A8%E3%81%A7%E9%B3%B4%E3%81%8F" n2="%33%74%72%65%65" n3="%E9%BB%92%E9%89%84%E7%8F%A0%E9%9B%AB" dan="16,16,17,16" rate="2190.45,2134.31,2154.25,2180.03" sx="M,M,F,M"/><TAIKYOKU oya="0"/><INIT seed="0,0,0,0,5,93" ten="250,250,250,250" oya="0" hai0="123,41,45,83,51,81,55,86,128,36,71,6,1" hai1="18,135,100,50,96,2,23,80,54,88,0,78,59" hai2="74,28,85,133,117,87,65,105,25,102,43,72,37" hai3="30,115,33,35,46,22,61,16,89,122,3,4,114"/><T113/><D123/><U17/><E135/><V67/><F37/><W60/><G122/><T14/><D128/><U120/><E17/><V76/><F43/><W20/><G46/><T95/><D113/><N who="3" m="43017" /><G61/><T48/><D1/><U73/><E120/><V110/><F133/><W127/><G60/><T27/><D71/><U116/><E116/><V10/><F10/><N who="3" m="2335" /><G89/><N who="0" m="53687" /><D36/><U69/><E69/><V32/><F67/><W134/><G134/><T5/><D27/><U38/><E38/><V118/><F65/><W64/><G64/><T84/><D14/><U49/><E49/><V106/><F25/><N who="3" m="16679" /><G127/><T109/><D109/><U47/><E47/><V112/><F110/><W132/><G132/><T108/><D108/><U39/><E39/><V31/><F112/><W125/><G125/><T75/><D75/><U111/><E111/><V77/><REACH who="2" step="1"/><F102/><REACH who="2" ten="250,250,240,250" step="2"/><W57/><G57/><N who="0" m="32999" /><D83/><U131/><E131/><V126/><F126/><W53/><G53/><T34/><D34/><AGARI ba="0,1" hai="28,31,32,34,72,74,76,77,85,87,105,106,117,118" machi="34" ten="25,3200,0" yaku="1,1,22,2,53,0" doraHai="93" doraHaiUra="119" who="2" fromWho="0" sc="250,-32,250,0,240,42,250,0" /><INIT seed="1,0,0,3,4,73" ten="218,250,282,250" oya="1" hai0="65,28,18,30,102,101,2,79,86,98,8,63,66" hai1="67,5,26,46,32,111,107,121,51,105,62,94,31" hai2="108,35,33,16,21,64,36,80,124,132,89,70,77" hai3="12,54,57,75,92,23,116,113,106,84,13,69,6"/><U74/><E74/><V99/><F36/><W14/><G113/><T87/><D2/><U127/><E121/><V11/><F108/><W4/><G69/><T93/><D102/><U59/><E127/><V55/><F124/><W118/><G106/><T104/><D104/><U53/><E111/><V96/><F132/><W58/><G75/><T97/><D97/><U128/><E128/><V82/><F11/><W119/><G23/><T109/><D109/><U27/><E5/><N who="3" m="2154" /><G54/><T95/><D95/><U29/><REACH who="1" step="1"/><E94/><REACH who="1" ten="218,240,282,250" step="2"/><V45/><F80/><W25/><G118/><T126/><D126/><U122/><E122/><V19/><F82/><W39/><G92/><T24/><D87/><U15/><E15/><V131/><F131/><W38/><G84/><T1/><D1/><U61/><E61/><V133/><F133/><W125/><G125/><T112/><D112/><U7/><E7/><V43/><F99/><W78/><G25/><T81/><D24/><U134/><E134/><V37/><F96/><W110/><G110/><T34/><D63/><U72/><E72/><V135/><F135/><W42/><G119/><T91/><D101/><U9/><E9/><V90/><F35/><AGARI ba="0,1" hai="26,27,29,31,32,35,46,51,53,59,62,67,105,107" machi="35" ten="30,5800,0" yaku="1,1,7,1,9,1,53,0" doraHai="73" doraHaiUra="71" who="1" fromWho="2" sc="218,0,240,68,282,-58,250,0" /><INIT seed="1,1,0,2,1,24" ten="218,308,224,250" oya="1" hai0="73,126,83,12,55,134,80,130,6,90,110,47,69" hai1="107,95,48,39,5,87,56,116,54,52,79,68,92" hai2="76,27,34,7,29,82,41,104,13,23,132,91,133" hai3="106,66,65,32,100,121,59,31,50,40,112,97,101"/><U113/><E107/><V53/><F104/><W64/><G112/><T98/><D69/><U18/><E68/><V129/><F129/><W75/><G75/><T117/><D117/><U72/><E39/><V42/><F91/><W35/><G121/><T45/><D130/><U46/><E72/><V99/><F99/><W33/><G101/><T81/><D110/><U36/><E116/><V22/><F53/><W86/><G86/><T49/><D134/><N who="2" m="51818" /><F7/><W102/><G102/><T67/><D126/><U4/><E36/><V96/><F96/><W16/><G16/><T85/><D73/><U63/><E113/><V2/><F2/><W94/><G106/><T84/><D67/><U20/><E5/><V3/><F3/><W78/><G78/><T120/><D120/><U0/><E4/><V43/><F13/><W122/><G122/><T115/><D115/><U89/><E0/><V30/><F30/><W118/><G118/><T70/><D70/><U77/><REACH who="1" step="1"/><E95/><REACH who="1" ten="218,298,224,250" step="2"/><V131/><F131/><W1/><G1/><T14/><D6/><U10/><E10/><V51/><F51/><W11/><G11/><T71/><D49/><U111/><E111/><V108/><F108/><W44/><REACH who="3" step="1"/><G59/><REACH who="3" ten="218,298,224,240" step="2"/><T109/><D109/><U28/><E28/><AGARI ba="1,2" hai="28,31,32,33,35,40,44,50,64,65,66,94,97,100" machi="28" ten="50,8000,1" yaku="1,1,2,1,52,2,53,0" doraHai="24" doraHaiUra="57" who="3" fromWho="1" sc="218,0,298,-83,224,0,240,103" /><INIT seed="2,0,0,0,3,45" ten="218,215,224,343" oya="2" hai0="124,20,105,6,29,51,74,52,115,94,101,109,32" hai1="92,15,87,62,50,14,34,113,100,69,131,82,134" hai2="43,39,103,125,46,57,59,89,3,66,96,75,118" hai3="60,10,36,102,130,33,61,19,38,88,111,104,72"/><V8/><F118/><W106/><G72/><T2/><D115/><U83/><E34/><V18/><F125/><W93/><G33/><T30/><D124/><U58/><E69/><V37/><F37/><W120/><G120/><T24/><D105/><U90/><E113/><V40/><F40/><W95/><G111/><T91/><D74/><U86/><E131/><V23/><F75/><W31/><G31/><T78/><D109/><U112/><E112/><V22/><F89/><W110/><G110/><T1/><D78/><N who="1" m="46423" /><E134/><V122/><F122/><W67/><G102/><T26/><D6/><U85/><E50/><V12/><F66/><W55/><G67/><T97/><D101/><U44/><E44/><AGARI ba="0,0" hai="1,2,20,24,26,29,30,32,44,51,52,91,94,97" machi="44" ten="30,3900,0" yaku="7,1,52,1,54,1" doraHai="45" who="0" fromWho="1" sc="218,39,215,-39,224,0,343,0" /><INIT seed="3,0,0,2,1,39" ten="257,176,224,343" oya="3" hai0="48,53,20,104,91,13,85,132,124,93,89,92,21" hai1="116,2,56,7,69,12,58,112,17,78,50,16,25" hai2="26,61,133,22,117,36,96,113,68,15,80,75,129" hai3="74,88,43,125,52,105,66,6,44,72,128,135,95"/><W35/><G105/><T45/><D104/><U0/><E69/><V5/><F117/><W90/><G35/><T127/><D132/><U77/><E112/><V40/><F133/><W47/><G66/><T106/><D106/><U55/><E116/><V82/><F129/><W63/><G135/><T19/><REACH who="0" step="1"/><D20/><REACH who="0" ten="247,176,224,343" step="2"/><U99/><E0/><V18/><F22/><W111/><G128/><T131/><D131/><U65/><E2/><V10/><F113/><W32/><G32/><T33/><D33/><U103/><E25/><V27/><F26/><W59/><G125/><T120/><D120/><U30/><E30/><V41/><F27/><W4/><G111/><T84/><AGARI ba="0,1" hai="13,19,21,45,48,53,84,85,89,91,92,93,124,127" machi="84" ten="30,8000,1" yaku="1,1,0,1,9,1,53,2" doraHai="39" doraHaiUra="83" who="0" fromWho="0" sc="247,90,176,-20,224,-20,343,-40" owari="337,43.7,156,-34.4,204,-19.6,303,10.3" /></mjloggm>