<mjloggm ver="2.3"><GO type="225" lobby="0"/><UN n0="%43%68%65" n1="%72%69%6F%75%63%68%61%6E" n2="%E3%81%9F%E3%81%A3%E3%81%A1%E3%82%87" n3="%E6%A1%9C%E8%8A%B1%E9%96%83%E3%80%85" dan="16,17,16,17" rate="2153.33,2229.00,2066.88,2239.63" sx="M,M,M,M"/><TAIKYOKU oya="0"/><INIT seed="0,0,0,0,5,123" ten="250,250,250,250" oya="0" hai0="129,72,0,62,74,5,48,22,32,94,121,2,110" hai1="80,39,64,53,103,37,11,25,98,135,95,114,76" hai2="69,104,10,85,82,116,68,16,88,18,45,132,84" hai3="4,102,77,131,79,101,97,3,24,15,19,75,52"/><T1/><D32/><U55/><E135/><V115/><F104/><W93/><G131/><T42/><D121/><U17/><E114/><V9/><F115/><W109/><G75/><T28/><D129/><U60/><E37/><V117/><F45/><W87/><G3/><T106/><D106/><U63/><E39/><V31/><F31/><W133/><G133/><T35/><D35/><U118/><E118/><V14/><F132/><W99/><G109/><T67/><D5/><U86/><E60/><V124/><F124/><W78/><G24/><T70/><D94/><U122/><E122/><V83/><F14/><W38/><G4/><T100/><D100/><U92/><E92/><V120/><F120/><W105/><G38/><T44/><REACH who="0" step="1"/><D110/><REACH who="0" ten="240,250,250,250" step="2"/><U23/><REACH who="1" step="1"/><E11/><REACH who="1" ten="240,240,250,250" step="2"/><V81/><F82/><W12/><G105/><T33/><D33/><U13/><E13/><V125/><F125/><W73/><G12/><T61/><D61/><U20/><E20/><V29/><F116/><W51/><G15/><T47/><D47/><U26/><E26/><AGARI ba="0,2" hai="0,1,2,22,26,28,42,44,48,62,67,70,72,74" machi="26" ten="40,2000,0" yaku="1,1,53,0" doraHai="123" doraHaiUra="112" who="0" fromWho="1" sc="240,40,240,-20,250,0,250,0" /><INIT seed="0,1,0,1,0,18" ten="280,220,250,250" oya="0" hai0="51,62,108,83,119,99,102,89,106,63,37,59,120" hai1="23,26,49,90,22,39,58,11,122,116,57,123,98" hai2="27,84,29,125,80,55,4,103,132,76,35,48,100" hai3="95,75,38,47,25,42,73,44,6,117,33,82,74"/><T104/><D37/><U88/><E116/><V72/><F125/><W97/><G117/><T54/><D119/><U28/><E39/><V20/><F132/><W43/><G6/><T34/><D120/><U79/><E79/><V109/><F109/><W131/><G131/><T2/><D2/><U17/><E11/><V46/><F4/><W8/><G8/><T0/><D0/><U87/><E49/><V113/><F113/><W93/><G82/><T32/><D106/><U12/><E98/><V110/><F110/><W50/><REACH who="3" step="1"/><G97/><REACH who="3" ten="280,220,250,240" step="2"/><T127/><D108/><U31/><E90/><V19/><REACH who="2" step="1"/><F72/><REACH who="2" ten="280,220,240,240" step="2"/><W96/><G96/><T128/><D99/><U134/><E134/><V68/><F68/><W94/><G94/><T71/><D71/><U7/><E7/><V52/><F52/><W126/><G126/><T129/><D54/><U66/><E123/><V36/><F36/><W101/><G101/><T61/><D102/><U69/><E122/><V45/><F45/><W86/><G86/><T78/><D127/><U3/><E3/><V107/><F107/><W81/><G81/><T41/><D83/><N who="1" m="49279" /><E69/><V67/><F67/><W14/><G14/><AGARI ba="1,2" hai="14,19,20,27,29,35,46,48,55,76,80,84,100,103" machi="14" ten="30,7700,0" yaku="1,1,7,1,52,1,53,1" doraHai="18" doraHaiUra="77" who="2" fromWho="3" sc="280,0,220,0,240,100,240,-80" /><INIT seed="1,0,0,0,0,127" ten="280,220,340,160" oya="1" hai0="8,112,101,91,66,74,36,6,48,76,55,121,131" hai1="44,122,111,96,113,45,3,16,33,67,88,30,61" hai2="63,71,107,97,19,32,133,50,73,21,39,106,72" hai3="128,29,40,4,9,117,68,12,77,54,2,65,64"/><U134/><E113/><V84/><F39/><W15/><G117/><T46/><D112/><U78/><E122/><V1/><F32/><W70/><G40/><T104/><D121/><U11/><E134/><V130/><F1/><W89/><G77/><T59/><D101/><U13/><E111/><V80/><F71/><W34/><G54/><T115/><D104/><U103/><E78/><V18/><F106/><W42/><G42/><N who="0" m="22855" /><D91/><U126/><E126/><V28/><F107/><W93/><G68/><T17/><D17/><U51/><E3/><V81/><F18/><W35/><G35/><T135/><D66/><U22/><E33/><V124/><F19/><W0/><G15/><T100/><D100/><U49/><E103/><V23/><F97/><W105/><G105/><T26/><D26/><N who="1" m="16727" /><E61/><V108/><F63/><W90/><G90/><T120/><D135/><U10/><E67/><V83/><F133/><W53/><G65/><T79/><D120/><U47/><E10/><V31/><F72/><W123/><G123/><T92/><D115/><U37/><E37/><V7/><F73/><W114/><G114/><T82/><D79/><U43/><E43/><V125/><F108/><W58/><G64/><T24/><D24/><U56/><E56/><V52/><F124/><W27/><G70/><T109/><D109/><U86/><E96/><V119/><F84/><N who="3" m="52391" /><G0/><N who="0" m="71" /><D92/><AGARI ba="0,0" hai="11,13,16,44,45,47,49,51,86,88,92" m="16727" machi="92" ten="30,5800,0" yaku="8,1,54,2" doraHai="127" who="1" fromWho="0" sc="280,-58,220,58,340,0,160,0" /><INIT seed="1,1,0,3,5,75" ten="222,278,340,160" oya="1" hai0="40,110,1,112,115,16,2,15,106,45,114,102,4" hai1="91,43,108,98,35,52,65,57,129,104,44,69,109" hai2="71,54,103,124,88,87,66,11,9,28,7,6,38" hai3="76,51,100,56,101,8,42,135,85,128,33,46,63"/><U116/><E116/><V90/><F38/><W119/><G119/><T120/><D110/><N who="1" m="42603" /><E35/><V20/><F71/><W61/><G128/><T48/><D4/><N who="2" m="1578" /><F66/><W67/><G135/><T134/><D134/><U126/><E126/><V27/><F103/><W123/><G123/><T133/><D133/><U62/><E129/><V24/><F124/><W3/><G33/><T95/><D106/><U22/><E22/><N who="2" m="15383" /><F54/><W89/><G3/><T83/><D83/><U47/><E43/><V74/><F74/><W73/><G8/><N who="2" m="3145" /><F87/><W121/><G121/><T80/><D120/><U26/><E26/><V117/><F117/><W93/><REACH who="3" step="1"/><G63/><REACH who="3" ten="222,278,340,150" step="2"/><T113/><D113/><U132/><E132/><V82/><F82/><AGARI ba="1,1" hai="42,46,51,56,61,67,73,76,82,85,89,93,100,101" machi="82" ten="40,5200,0" yaku="1,1,2,1,52,1,53,0" doraHai="75" doraHaiUra="31" who="3" fromWho="2" sc="222,0,278,0,340,-55,150,65" /><INIT seed="2,0,0,5,0,69" ten="222,278,285,215" oya="2" hai0="98,79,17,109,127,122,10,80,73,88,39,62,97" hai1="102,116,53,78,11,65,72,86,118,132,34,134,30" hai2="61,15,24,60,64,117,26,131,106,87,125,22,126" hai3="54,108,90,100,68,77,40,107,94,29,21,48,50"/><V1/><F106/><W84/><G68/><T16/><D122/><U124/><E124/><N who="2" m="47723" /><F1/><W9/><G108/><T51/><D109/><U104/><E53/><V101/><F117/><W63/><G77/><T20/><D127/><U55/><E55/><V110/><F110/><W76/><G76/><T85/><D39/><U135/><E11/><V4/><F101/><W32/><G32/><T46/><D62/><N who="2" m="24170" /><F64/><W5/><G40/><T12/><D79/><U74/><E65/><V28/><F131/><W8/><G100/><T42/><REACH who="0" step="1"/><D73/><REACH who="0" ten="212,278,285,215" step="2"/><U67/><E72/><V45/><F87/><W49/><G107/><T82/><D82/><N who="1" m="45399" /><E86/><V91/><F91/><W89/><G89/><T95/><D95/><U75/><E75/><V13/><F4/><W112/><G112/><T25/><AGARI ba="0,1" hai="10,12,16,17,20,25,42,46,51,80,85,88,97,98" machi="25" ten="20,12000,2" yaku="1,1,0,1,7,1,8,1,54,2,53,1" doraHai="69" doraHaiUra="6" who="0" fromWho="0" sc="212,130,278,-30,285,-60,215,-30" /><INIT seed="3,0,0,5,2,111" ten="342,248,225,185" oya="3" hai0="47,5,128,79,130,2,52,40,104,100,90,88,81" hai1="108,57,69,17,93,18,22,78,102,12,114,127,4" hai2="55,49,14,1,91,27,39,50,34,45,30,42,54" hai3="135,19,82,77,59,80,123,98,107,10,101,117,86"/><W29/><G117/><T43/><D52/><U92/><E114/><V103/><F1/><W99/><G123/><T11/><D100/><U44/><E108/><V70/><F70/><W31/><G135/><T21/><D21/><U60/><E69/><V32/><F103/><W0/><G99/><T112/><D112/><U62/><E127/><V3/><F3/><W28/><G59/><T33/><D33/><U124/><E124/><V75/><F75/><W129/><G129/><N who="0" m="49771" /><D104/><U118/><E118/><V132/><F132/><W84/><G19/><T7/><D7/><U94/><E78/><V105/><F105/><W53/><G53/><T133/><D133/><U6/><E102/><V125/><F125/><W13/><G13/><T56/><D56/><U115/><E115/><V35/><F14/><W46/><G46/><T74/><D43/><U83/><E83/><V126/><F126/><W72/><REACH who="3" step="1"/><G82/><REACH who="3" ten="342,248,225,175" step="2"/><T58/><D58/><U24/><E44/><V85/><F54/><W15/><G15/><T76/><D47/><U96/><E96/><V131/><F55/><W71/><G71/><T9/><D81/><U110/><E110/><V63/><F131/><W61/><G61/><N who="1" m="23658" /><E57/><V67/><F63/><W121/><G121/><T64/><D40/><U122/><E122/><V134/><F134/><W36/><G36/><T65/><D2/><U23/><AGARI ba="0,1" hai="4,6,12,17,18,22,23,24,92,93,94" m="23658" machi="23" ten="30,1100,0" yaku="8,1" doraHai="111" who="1" fromWho="1" sc="342,-3,248,21,225,-3,175,-5" owari="339,43.9,269,6.9,222,-17.8,170,-33.0" /></mjloggm>