<mjloggm ver="2.3"><GO type="225" lobby="0"/><UN n0="%E3%81%9F%E3%81%93%E2%98%86%E7%84%BC%E3%81%8D" n1="%6D%75%75%6D%75%72%61" n2="%E3%83%A1%E3%82%AC%E3%83%87%E3%82%B8" n3="%E3%81%AF%E3%82%88%E3%81%8A%E3%81%98%E3%81%95%E3%82%93" dan="16,17,16,16" rate="2048.46,2192.86,2130.91,2158.33" sx="M,F,F,M"/><TAIKYOKU oya="0"/><INIT seed="0,0,0,4,5,0" ten="250,250,250,250" oya="0" hai0="75,86,127,82,80,28,29,88,18,50,131,9,111" hai1="101,113,47,36,27,102,7,14,87,129,39,21,1" hai2="94,49,118,126,24,123,69,38,71,91,26,51,63" hai3="45,44,61,100,20,56,59,78,43,52,134,16,121"/><T6/><D18/><U133/><E129/><V122/><F38/><W37/><G134/><T40/><D131/><U119/><E119/><V67/><F126/><W95/><G121/><T46/><D127/><U30/><E1/><V120/><F71/><W25/><G78/><T99/><D99/><U12/><E133/><V135/><F118/><W104/><G104/><T17/><D17/><U96/><E14/><V79/><F79/><W93/><G100/><T108/><D75/><U90/><E113/><V3/><F3/><W35/><G45/><T15/><REACH who="0" step="1"/><D80/><REACH who="0" ten="240,250,250,250" step="2"/><U109/><E96/><V116/><F135/><W89/><G93/><T22/><D22/><U65/><E21/><V112/><F116/><W125/><G125/><T103/><D103/><U110/><E102/><V31/><F112/><W130/><G130/><T62/><D62/><U42/><E101/><V97/><REACH who="2" step="1"/><F24/><REACH who="2" ten="240,250,240,250" step="2"/><W60/><G25/><T33/><D33/><AGARI ba="0,2" hai="26,31,33,49,51,63,67,69,91,94,97,120,122,123" machi="33" ten="40,5200,0" yaku="1,1,2,1,53,1" doraHai="0" doraHaiUra="64" who="2" fromWho="0" sc="240,-52,250,0,240,72,250,0" /><INIT seed="1,0,0,3,4,102" ten="188,250,312,250" oya="1" hai0="130,42,121,80,69,47,2,68,74,79,109,98,17" hai1="63,66,127,103,12,67,131,57,25,65,27,100,8" hai2="81,119,95,24,26,48,18,19,112,71,111,37,129" hai3="135,116,85,123,35,133,55,50,90,89,64,45,96"/><U28/><E127/><V84/><F37/><W14/><G123/><T93/><D109/><U122/><E131/><V110/><F119/><W38/><G116/><T16/><D130/><U126/><E126/><V52/><F71/><W106/><G35/><T23/><D2/><U73/><E73/><V7/><F7/><W101/><G64/><T49/><D121/><U61/><E122/><V72/><F72/><W31/><G31/><T78/><D78/><U5/><E66/><V15/><F112/><W3/><G3/><T1/><D1/><U113/><E113/><V56/><F95/><W134/><G38/><T60/><D60/><U82/><E82/><V88/><F129/><W107/><G14/><T59/><D59/><U117/><E117/><V124/><F124/><W11/><G11/><T44/><D44/><U32/><REACH who="1" step="1"/><E27/><REACH who="1" ten="188,240,312,250" step="2"/><V86/><F26/><W115/><G115/><T75/><D75/><U39/><E39/><V6/><F24/><W91/><REACH who="3" step="1"/><G106/><REACH who="3" ten="188,240,312,240" step="2"/><T9/><D69/><AGARI ba="0,2" hai="5,8,12,25,28,32,57,61,63,65,67,69,100,103" machi="69" ten="30,2900,0" yaku="1,1,7,1,53,0" doraHai="102" doraHaiUra="120" who="1" fromWho="0" sc="188,-29,240,49,312,0,240,0" /><INIT seed="1,1,0,5,4,118" ten="159,289,312,240" oya="1" hai0="9,120,67,85,75,49,31,134,7,24,119,90,29" hai1="45,8,11,113,59,133,115,52,50,35,99,127,96" hai2="74,72,44,34,36,82,51,21,18,38,125,78,43" hai3="16,126,87,130,27,5,30,48,13,132,76,86,22"/><U63/><E127/><V121/><F34/><W46/><G126/><T71/><D75/><U40/><E133/><V91/><F125/><W12/><G132/><T62/><D134/><U6/><E35/><V20/><F121/><W114/><G114/><T17/><D119/><U117/><E117/><V129/><F74/><W58/><G130/><T107/><D107/><U65/><E11/><V69/><F69/><W131/><G131/><T93/><D120/><U28/><E28/><V2/><F2/><W124/><G124/><T3/><D24/><U55/><E113/><V60/><F60/><W53/><G76/><T70/><D70/><U57/><E115/><V94/><F21/><W108/><G108/><T106/><D106/><U77/><E77/><V79/><F79/><W112/><G112/><T14/><REACH who="0" step="1"/><D49/><REACH who="0" ten="149,289,312,240" step="2"/><U110/><E110/><V135/><F135/><W83/><G27/><T89/><D89/><U39/><REACH who="1" step="1"/><E65/><REACH who="1" ten="149,279,312,240" step="2"/><V33/><F129/><W81/><G30/><T122/><D122/><U47/><E47/><V92/><F44/><W123/><G123/><T84/><D84/><U101/><E101/><V56/><F72/><W95/><G46/><T41/><D41/><U42/><E42/><V37/><F43/><W103/><G87/><T73/><D73/><U1/><AGARI ba="1,2" hai="1,6,8,39,40,45,50,52,55,57,59,63,96,99" machi="1" ten="20,7800,0" yaku="1,1,0,1,7,1,54,1,53,0" doraHai="118" doraHaiUra="61" who="1" fromWho="1" sc="149,-27,279,101,312,-27,240,-27" /><BYE who="3" /><INIT seed="1,2,0,4,4,33" ten="122,380,285,213" oya="1" hai0="43,23,125,16,49,99,94,19,105,85,28,18,131" hai1="22,89,7,70,113,75,72,74,78,42,88,77,73" hai2="119,66,56,101,135,63,58,93,76,26,36,86,54" hai3="92,2,108,128,8,44,38,114,129,87,31,116,55"/><U104/><E113/><UN n3="%E3%81%AF%E3%82%88%E3%81%8A%E3%81%98%E3%81%95%E3%82%93" /><V79/><F135/><W121/><G121/><T10/><D131/><N who="3" m="50249" /><G114/><T46/><D125/><U109/><E75/><V130/><F130/><W41/><G31/><T61/><D105/><U48/><E70/><V115/><F119/><W124/><G124/><T107/><D107/><U3/><E104/><V6/><F36/><W34/><G34/><T118/><D118/><U91/><E22/><V21/><F6/><N who="3" m="1111" /><G116/><T62/><D85/><U50/><E109/><V53/><F115/><W126/><G126/><T29/><D10/><U12/><E12/><V11/><F11/><W0/><G108/><T102/><REACH who="0" step="1"/><D28/><REACH who="0" ten="112,380,285,213" step="2"/><U100/><E73/><V25/><F86/><W32/><G87/><T5/><D5/><U68/><E74/><V96/><F79/><W111/><G111/><T82/><D82/><U84/><E72/><V67/><F76/><W57/><G92/><T65/><D65/><N who="2" m="24586" /><F21/><W98/><G32/><T110/><D110/><U9/><E78/><V59/><F59/><W123/><G123/><T14/><D14/><U13/><E13/><V27/><F27/><AGARI ba="2,1" hai="16,18,19,23,27,29,43,46,49,61,62,94,99,102" machi="27" ten="40,5200,0" yaku="1,1,8,1,54,1,53,0" doraHai="33" doraHaiUra="80" who="0" fromWho="2" sc="112,68,380,0,285,-58,213,0" /><INIT seed="2,0,0,2,3,58" ten="180,380,227,213" oya="2" hai0="110,125,97,56,109,54,94,20,60,114,22,10,75" hai1="33,112,66,118,47,99,6,42,61,98,31,103,131" hai2="113,27,133,13,69,127,107,46,25,2,23,123,104" hai3="71,1,45,17,9,101,105,130,49,12,8,35,63"/><V93/><F113/><W134/><G35/><T120/><D75/><U62/><E112/><V89/><F2/><W40/><G130/><T72/><D72/><U132/><E118/><V129/><F123/><W55/><G134/><T68/><D114/><U41/><E131/><V102/><F133/><W121/><G121/><T39/><D39/><U82/><E132/><V108/><F129/><W126/><G126/><T117/><D125/><U29/><E33/><V44/><F69/><W85/><G105/><T16/><D117/><U19/><E66/><V78/><F107/><W76/><G101/><T70/><D10/><U26/><E6/><V0/><F0/><W80/><G71/><T84/><D84/><U18/><E82/><V51/><F78/><W50/><G1/><T79/><D22/><U34/><E34/><V106/><F106/><W52/><G8/><T81/><D81/><U122/><E122/><V96/><F46/><W87/><G85/><T91/><D79/><U116/><E116/><V92/><F104/><W43/><G63/><T3/><D3/><U36/><E47/><AGARI ba="0,0" hai="9,12,17,40,43,45,47,49,50,52,55,76,80,87" machi="47" ten="30,7700,0" yaku="7,1,9,1,8,1,54,1" doraHai="58" who="3" fromWho="1" sc="180,0,380,-77,227,0,213,77" /><INIT seed="3,0,0,2,1,97" ten="180,303,227,290" oya="3" hai0="107,120,84,79,60,3,104,108,74,99,114,57,116" hai1="85,86,28,37,88,49,127,71,58,67,15,54,80" hai2="94,63,33,75,52,102,12,13,110,119,41,112,9" hai3="98,38,16,22,83,26,19,24,46,76,44,134,45"/><W91/><G134/><T53/><D116/><U51/><E37/><V115/><F119/><W20/><G38/><T96/><D3/><U123/><E123/><V131/><F75/><W113/><G113/><T72/><D120/><U125/><E28/><V32/><F13/><W55/><G98/><N who="0" m="37419" /><D53/><U31/><E31/><V129/><F94/><W14/><G91/><T59/><D60/><N who="1" m="38295" /><E71/><V56/><F102/><W64/><G64/><T62/><D62/><U25/><E25/><V35/><F41/><W81/><G55/><T105/><D57/><U2/><E2/><V42/><F110/><W100/><G100/><T48/><D59/><U18/><E86/><V111/><F111/><W43/><G43/><T1/><D48/><U78/><E78/><V30/><F30/><N who="3" m="17671" /><G76/><T109/><D1/><U50/><E54/><V124/><F124/><N who="1" m="47689" /><E51/><V8/><F42/><W47/><G47/><T117/><D117/><U90/><E90/><V68/><F68/><W92/><G92/><T121/><D121/><U7/><E7/><N who="2" m="3103" /><F9/><AGARI ba="0,0" hai="9,14,16,19,22,26,44,45,46,81,83" m="17671" machi="9" ten="30,2900,0" yaku="8,1,54,1" doraHai="97" who="3" fromWho="2" sc="180,0,303,0,227,-29,290,29" /><AGARI ba="0,0" hai="9,15,18,49,50,80,85,88" m="47689,38295" machi="9" ten="30,2000,0" yaku="18,1,54,1" doraHai="97" who="1" fromWho="2" sc="180,0,303,20,198,-20,319,0" /><INIT seed="3,1,0,2,5,103" ten="180,323,178,319" oya="3" hai0="119,55,112,107,63,21,23,123,110,91,1,81,93" hai1="82,36,39,57,19,14,116,65,115,2,84,12,29" hai2="86,4,54,68,45,31,46,101,77,122,24,52,49" hai3="92,6,102,67,85,95,51,5,108,99,60,40,25"/><W47/><G108/><T33/><D33/><U129/><E2/><V0/><F68/><W80/><G95/><T117/><D1/><U59/><E115/><V113/><F113/><W44/><G25/><T41/><D110/><U124/><E29/><V96/><F122/><W64/><G47/><T74/><D41/><U111/><E111/><V18/><F0/><W8/><G8/><T34/><D34/><U53/><E14/><V58/><F4/><N who="3" m="1643" /><G60/><T62/><D93/><U27/><E27/><V97/><F18/><W125/><G125/><T22/><D22/><U56/><E65/><V78/><F101/><W114/><G114/><T30/><D30/><U105/><E105/><V126/><F126/><W11/><G11/><T135/><D107/><U70/><E70/><V75/><F75/><W87/><G87/><T71/><D74/><U134/><E124/><V72/><F72/><W37/><G37/><T98/><D71/><U69/><E69/><V66/><F24/><W15/><G15/><T132/><D123/><U100/><E100/><V3/><F3/><W73/><G73/><T118/><D118/><U43/><E116/><V7/><F7/><W89/><AGARI ba="1,0" hai="40,44,51,64,67,80,85,89,92,99,102" m="1643" machi="89" ten="30,1500,0" yaku="8,1" doraHai="103" who="3" fromWho="3" sc="180,-6,323,-6,178,-6,319,18" owari="174,-22.6,317,11.7,172,-32.8,337,43.7" /></mjloggm>