<mjloggm ver="2.3"><GO type="225" lobby="0"/><UN n0="%E7%89%B9%E6%9D%B1%E3%81%AF%E4%B8%96%E7%95%8C%E3%82%92%E6%95%91%E3%81%86" n1="%E3%82%BC%E3%83%AB%E3%83%80%E3%81%AE%E4%BC%9D%E8%AA%AC" n2="%E6%81%A5%E6%99%92%E3%81%97" n3="%6D%75%75%73%61%6E%6D%75" dan="16,17,16,17" rate="2136.58,2163.32,2142.89,2159.53" sx="M,M,M,F"/><TAIKYOKU oya="0"/><INIT seed="0,0,0,1,5,45" ten="250,250,250,250" oya="0" hai0="20,31,52,57,100,88,107,33,130,92,89,135,8" hai1="86,15,109,113,105,17,133,99,74,62,82,79,56" hai2="51,75,90,7,28,132,65,127,67,102,73,111,94" hai3="38,22,68,101,112,117,42,123,48,16,87,19,104"/><T6/><D33/><U119/><E109/><V95/><F111/><W44/><G112/><T78/><D130/><U125/><E119/><V80/><F127/><W84/><G117/><T47/><D135/><U72/><E133/><V36/><F36/><W50/><G68/><T126/><D126/><U71/><E71/><V11/><F132/><W5/><G5/><T116/><D116/><U40/><E125/><V61/><F28/><W1/><G1/><T14/><D107/><U35/><E35/><V46/><F102/><W39/><G123/><T108/><D78/><U96/><E40/><V134/><F134/><W85/><G39/><T37/><D108/><U41/><E41/><V59/><F67/><W26/><REACH who="3" step="1"/><G19/><REACH who="3" ten="250,250,250,240" step="2"/><T0/><D37/><U27/><E17/><V114/><F114/><W110/><G110/><T60/><D0/><U121/><E121/><V83/><F7/><W30/><G30/><T106/><D106/><U29/><E105/><V43/><F95/><W25/><G25/><N who="0" m="16807" /><D47/><U21/><E113/><V103/><F46/><W129/><G129/><T18/><D18/><U77/><E29/><V66/><F94/><W122/><G122/><T76/><D76/><U97/><E79/><V34/><F34/><W12/><G12/><T3/><D3/><U70/><E15/><V69/><F69/><W4/><G4/><T10/><D10/><U53/><E70/><V118/><F11/><W93/><G93/><T81/><D81/><U55/><E27/><V2/><F118/><W49/><G49/><T128/><D128/><U115/><E115/><V23/><F80/><RYUUKYOKU ba="0,1" sc="250,15,250,-15,250,-15,240,15" hai0="6,8,14,52,57,60,88,89,92,100" hai3="16,22,26,38,42,44,48,50,84,85,87,101,104" /><INIT seed="0,1,1,0,3,101" ten="265,235,235,255" oya="0" hai0="65,72,25,98,114,15,4,37,89,81,40,102,99" hai1="52,23,57,88,21,107,24,32,129,115,105,64,70" hai2="132,56,92,51,131,84,31,108,80,79,36,43,29" hai3="19,119,60,68,77,95,3,13,96,16,122,82,63"/><T134/><D114/><U135/><E115/><V109/><F131/><W78/><G119/><T9/><D134/><U55/><E135/><V117/><F132/><W35/><G3/><T41/><D65/><U133/><E133/><V11/><F117/><W86/><G35/><T91/><D99/><U2/><E2/><V53/><F11/><W124/><G124/><T123/><D123/><U49/><E129/><V33/><F92/><W6/><G122/><T42/><D37/><U100/><E55/><V103/><F33/><W120/><G120/><T14/><D25/><U110/><E110/><N who="2" m="42603" /><F103/><N who="3" m="60831" /><G77/><T44/><D14/><U67/><E88/><V125/><F125/><W94/><G68/><T76/><REACH who="0" step="1"/><D44/><AGARI ba="1,1" hai="29,31,36,43,44,51,53,56,79,80,84" m="42603" machi="44" ten="30,1000,0" yaku="14,1" doraHai="101" who="2" fromWho="0" sc="265,-13,235,0,235,23,255,0" /><INIT seed="1,0,0,1,5,24" ten="252,235,258,255" oya="1" hai0="88,41,102,128,94,62,108,39,99,97,59,25,31" hai1="126,127,111,86,83,56,20,109,124,116,75,87,38" hai2="36,3,84,26,120,104,5,47,130,129,69,43,44" hai3="22,70,58,71,37,17,73,9,55,29,11,40,92"/><U48/><E38/><V52/><F120/><W19/><G73/><T81/><D108/><N who="1" m="41547" /><E116/><V33/><F69/><W106/><G106/><T105/><D128/><N who="2" m="49258" /><F104/><W10/><G37/><T112/><D112/><U91/><E20/><V16/><F84/><W32/><G32/><T65/><D81/><N who="1" m="49615" /><E75/><V77/><F77/><W117/><G117/><T61/><D61/><U134/><E134/><V50/><F5/><W1/><G1/><T74/><D74/><U66/><E66/><V78/><F78/><W27/><G70/><T131/><D131/><U79/><E48/><V18/><F3/><W45/><G71/><T54/><D39/><U68/><E68/><V96/><F96/><W14/><G92/><T51/><D41/><U122/><E56/><V8/><F8/><N who="3" m="3179" /><G40/><T67/><REACH who="0" step="1"/><D51/><REACH who="0" ten="242,235,258,255" step="2"/><U101/><E101/><V35/><F35/><AGARI ba="0,1" hai="25,31,35,54,59,62,65,67,88,94,97,99,102,105" machi="35" ten="30,8000,1" yaku="1,1,2,1,7,1,52,1,54,1,53,0" doraHai="24" doraHaiUra="13" who="0" fromWho="2" sc="242,90,235,0,258,-80,255,0" /><INIT seed="2,0,0,3,2,2" ten="332,235,178,255" oya="2" hai0="116,24,0,112,19,13,132,91,9,102,55,66,122" hai1="98,43,75,45,60,38,53,12,29,71,119,129,106" hai2="130,48,26,82,58,83,81,121,84,10,51,97,30" hai3="128,3,72,125,77,57,105,27,107,17,44,68,113"/><V37/><F37/><W133/><G68/><T120/><D112/><U25/><E119/><V15/><F121/><W22/><G3/><T46/><D116/><U96/><E75/><V39/><F130/><W65/><G128/><T93/><D132/><U56/><E129/><V99/><F39/><W117/><G117/><T21/><D0/><U16/><E106/><V76/><F83/><W127/><G133/><T54/><D102/><U42/><E42/><V126/><F126/><N who="3" m="48139" /><G113/><T31/><D66/><U94/><E71/><V18/><F82/><N who="3" m="45351" /><G44/><T7/><D31/><U35/><REACH who="1" step="1"/><E94/><REACH who="1" ten="332,225,178,255" step="2"/><V101/><F58/><W73/><G73/><T61/><D93/><U104/><E104/><V86/><F86/><W90/><G90/><T4/><D91/><U50/><E50/><V1/><F1/><W41/><G41/><T92/><D92/><U78/><E78/><V134/><F134/><W118/><G118/><T23/><D120/><U79/><E79/><V124/><F124/><W95/><G95/><T32/><D122/><U47/><E47/><V74/><F74/><W40/><G40/><T87/><D46/><U33/><E33/><N who="2" m="20695" /><F101/><W14/><G105/><T80/><D87/><U69/><E69/><V115/><F115/><W8/><G107/><T5/><D80/><U123/><E123/><V36/><F36/><W131/><G131/><T28/><D32/><U67/><E67/><V11/><F10/><AGARI ba="0,1" hai="10,12,16,25,29,35,38,43,45,53,56,60,96,98" machi="10" ten="30,3900,0" yaku="1,1,7,1,54,1,53,0" doraHai="2" doraHaiUra="63" who="1" fromWho="2" sc="332,0,225,49,178,-39,255,0" /><INIT seed="3,0,0,0,5,91" ten="332,274,139,255" oya="3" hai0="64,128,95,76,116,12,4,58,24,55,18,20,88" hai1="109,71,80,96,37,13,44,47,112,129,5,60,67" hai2="45,133,48,57,77,68,98,113,10,73,28,38,59" hai3="33,132,25,31,81,78,97,62,119,69,114,11,46"/><W103/><G114/><T36/><D116/><U72/><E112/><V105/><F113/><W74/><G119/><T117/><D117/><U43/><E109/><V9/><F133/><W6/><G132/><T32/><D36/><U17/><E129/><V41/><F59/><W42/><G69/><T21/><D128/><U102/><E47/><V79/><F28/><W16/><G62/><T93/><D32/><U3/><E5/><V86/><F73/><W123/><G123/><T89/><D76/><U83/><E3/><V75/><F75/><W70/><G70/><T7/><D64/><U107/><E72/><V90/><F105/><W92/><G46/><T120/><D89/><U135/><E135/><V53/><F98/><W1/><G42/><T0/><D93/><U65/><E65/><V23/><F23/><AGARI ba="0,0" hai="13,17,23,37,43,44,60,67,71,80,83,96,102,107" machi="23" ten="30,1000,0" yaku="7,1" doraHai="91" who="1" fromWho="2" sc="332,0,274,10,139,-10,255,0" owari="332,43.2,284,8.4,129,-37.1,255,-14.5" /></mjloggm>