<mjloggm ver="2.3"><GO type="225" lobby="0"/><UN n0="%73%75%7A%75%6D%65%33" n1="%E8%81%B7%E6%A5%AD%E3%80%81%E9%A2%A8%32" n2="%E6%97%A5%E6%9B%9C%E6%97%A5%E3%82%88%E3%82%8A%E3%81%AE%E4%BD%BF%E8%80%85" n3="%E3%83%A1%E3%82%AC%E3%83%87%E3%82%B8" dan="17,16,18,16" rate="2249.04,2183.04,2160.40,2067.73" sx="M,M,M,F"/><TAIKYOKU oya="0"/><INIT seed="0,0,0,5,4,2" ten="250,250,250,250" oya="0" hai0="35,81,105,115,58,12,93,75,123,53,114,69,101" hai1="44,135,27,84,33,14,122,80,100,97,49,56,39" hai2="70,5,66,64,89,38,47,8,103,54,41,7,21" hai3="133,71,24,102,34,48,18,112,19,126,91,60,82"/><T26/><D123/><U86/><E135/><V98/><F70/><W108/><G112/><T96/><D69/><U6/><E122/><V65/><F89/><W9/><G133/><T125/><D125/><U10/><E39/><V77/><F77/><W90/><G126/><T83/><D12/><U68/><E68/><V116/><F116/><W94/><G108/><T51/><D105/><U31/><E56/><V4/><F21/><W57/><G48/><T87/><D75/><U59/><E59/><V3/><REACH who="2" step="1"/><F54/><REACH who="2" ten="250,250,240,250" step="2"/><W17/><G91/><T40/><D115/><U104/><REACH who="1" step="1"/><E80/><REACH who="1" ten="250,240,240,250" step="2"/><V29/><F29/><W13/><G82/><T42/><D83/><U128/><E128/><V62/><F62/><W36/><G71/><T132/><D114/><U25/><E25/><V67/><N who="2" m="16384" /><DORA hai="43" /><V88/><F88/><W113/><G90/><T61/><D132/><U124/><E124/><V15/><F15/><W28/><G113/><T79/><REACH who="0" step="1"/><D61/><REACH who="0" ten="240,240,240,250" step="2"/><U32/><E32/><V16/><F16/><W74/><G18/><T127/><D127/><U63/><E63/><V134/><F134/><W109/><G19/><T46/><D46/><U55/><AGARI ba="0,3" hai="6,10,14,27,31,33,44,49,55,84,86,97,100,104" machi="55" ten="20,12000,2" yaku="1,1,0,1,7,1,52,2,53,1" doraHai="2,43" doraHaiUra="20,117" who="1" fromWho="1" sc="240,-60,240,150,240,-30,250,-30" /><INIT seed="1,0,0,4,1,15" ten="180,390,210,220" oya="1" hai0="72,80,9,100,106,135,44,58,67,26,46,92,74" hai1="81,112,36,37,1,95,134,7,52,125,102,79,127" hai2="28,69,65,45,10,19,54,104,38,27,101,85,2" hai3="63,96,98,99,48,111,68,88,62,126,60,25,103"/><U53/><E112/><V128/><F128/><W82/><G111/><T4/><D106/><U117/><E117/><V120/><F120/><W33/><G126/><N who="1" m="48138" /><E134/><V124/><F124/><W12/><G12/><T105/><D105/><U110/><E110/><V51/><F38/><N who="1" m="14953" /><E95/><V64/><F69/><W32/><G68/><T121/><D92/><U116/><E102/><V61/><F61/><W122/><G122/><T29/><D100/><U89/><E89/><V133/><F133/><W75/><G103/><T97/><D121/><U34/><E34/><V57/><F45/><W39/><G39/><T66/><D46/><U11/><E116/><V14/><F2/><W22/><G48/><T31/><D44/><U20/><E20/><V76/><F101/><W107/><G107/><T84/><D135/><U42/><E42/><V93/><F104/><W6/><G88/><T118/><D118/><U49/><E49/><V94/><F94/><W73/><G82/><T132/><D80/><U131/><E131/><V23/><F93/><W129/><G129/><T114/><D132/><U123/><E123/><V40/><F40/><W8/><G33/><T55/><D114/><U59/><E59/><V113/><F113/><W83/><G32/><T109/><D109/><U90/><E90/><V16/><F28/><N who="3" m="17463" /><G83/><AGARI ba="0,0" hai="10,14,16,19,23,27,51,54,57,64,65,76,83,85" machi="83" ten="40,8000,1" yaku="8,1,52,2,54,1" doraHai="15" who="2" fromWho="3" sc="180,0,390,0,210,80,220,-80" /><INIT seed="2,0,0,2,5,94" ten="180,390,290,140" oya="2" hai0="7,37,95,117,33,70,50,53,128,110,77,6,30" hai1="57,58,135,81,98,96,61,14,56,11,124,75,59" hai2="87,68,86,47,32,16,34,27,9,112,23,88,62" hai3="103,131,2,52,97,46,121,63,1,127,15,20,66"/><V65/><F112/><W39/><G121/><T129/><D37/><U126/><E135/><V19/><F47/><W22/><G127/><N who="1" m="48682" /><E81/><V116/><F87/><W104/><G131/><N who="0" m="50251" /><D70/><U51/><E75/><V130/><F116/><W90/><G90/><T134/><D134/><U119/><E51/><V3/><F130/><W38/><G38/><T80/><D95/><U125/><E119/><V85/><F86/><W5/><G22/><T17/><D17/><N who="1" m="8415" /><E125/><V54/><F54/><AGARI ba="0,0" hai="54,56,57,58,59,61,96,98" m="8415,48682" machi="54" ten="30,3900,0" yaku="18,1,52,2" doraHai="94" who="1" fromWho="2" sc="180,0,390,39,290,-39,140,0" /><INIT seed="3,0,0,2,5,81" ten="180,429,251,140" oya="3" hai0="97,105,72,120,47,58,92,18,59,99,68,21,13" hai1="50,16,131,93,118,96,91,63,77,2,11,31,17" hai2="70,112,48,121,10,119,87,34,102,8,19,128,6" hai3="57,85,4,114,56,129,3,126,88,60,98,69,117"/><W110/><G114/><T104/><D68/><U41/><E131/><V25/><F112/><W86/><G117/><T66/><D72/><U124/><E118/><V116/><F70/><W7/><G129/><T0/><D120/><U89/><E124/><V52/><F128/><W22/><G69/><T14/><D0/><U15/><E31/><V32/><F121/><W111/><G126/><T78/><D78/><U80/><E2/><V27/><F102/><W37/><G37/><T67/><D105/><U61/><E17/><V39/><F39/><W29/><G98/><N who="0" m="37387" /><D92/><U127/><E91/><V135/><F135/><W54/><G3/><T20/><D47/><N who="1" m="25967" /><E127/><V113/><F113/><W75/><G75/><T43/><D43/><U123/><E123/><V100/><F100/><W53/><G29/><T122/><D104/><U134/><E134/><V103/><F103/><W133/><G133/><T26/><D14/><U130/><E130/><V106/><F106/><W79/><G79/><T23/><D122/><U62/><E62/><V9/><F34/><W73/><G73/><T94/><D94/><U46/><E46/><V28/><F6/><W108/><G88/><T82/><D82/><U90/><E90/><V65/><F28/><W42/><G42/><T95/><D95/><U125/><E125/><V84/><F32/><W5/><G22/><N who="0" m="8811" /><D13/><U24/><E24/><V76/><F119/><W38/><G38/><T49/><D49/><AGARI ba="0,0" hai="4,5,7,49,53,54,56,57,60,85,86,108,110,111" machi="49" ten="50,12000,1" yaku="14,1,10,1,52,2" doraHai="81" who="3" fromWho="0" sc="180,-120,429,0,251,0,140,120" /><INIT seed="3,1,0,3,0,58" ten="60,429,251,260" oya="3" hai0="114,10,102,44,96,34,81,17,95,88,107,125,37" hai1="61,4,74,6,7,104,42,13,24,87,111,48,100" hai2="49,33,126,77,98,129,108,54,75,67,38,45,19" hai3="124,2,101,119,64,16,5,83,21,112,93,50,69"/><W62/><G112/><T60/><D34/><U97/><E111/><V118/><F33/><W1/><G119/><T85/><D114/><U103/><E74/><V90/><F118/><W15/><G124/><T89/><D125/><U8/><E103/><V134/><F126/><W130/><G130/><T128/><D128/><U63/><E87/><V122/><F129/><W52/><G83/><T0/><D37/><U71/><E71/><V51/><F38/><W94/><G5/><T46/><D0/><U20/><E48/><N who="2" m="28943" /><F75/><W132/><G132/><T106/><D106/><U72/><E42/><V11/><F108/><W113/><G113/><T22/><D10/><U99/><E99/><V133/><F77/><W59/><REACH who="3" step="1"/><G101/><REACH who="3" ten="60,429,251,250" step="2"/><T36/><D36/><U39/><E7/><V25/><F134/><W14/><G14/><T30/><D102/><U35/><E100/><V47/><F133/><W76/><G76/><T18/><D107/><U116/><E6/><V68/><F122/><W41/><G41/><T82/><D82/><U115/><E4/><V131/><F131/><W32/><G32/><T127/><D127/><U135/><E13/><V66/><F25/><W28/><G28/><T86/><D96/><U110/><E97/><V27/><F27/><W105/><G105/><T109/><D109/><U80/><E110/><V53/><F98/><W40/><G40/><T57/><D30/><U78/><E104/><V70/><F19/><W91/><G91/><T123/><D123/><U73/><E35/><V29/><F90/><W23/><G23/><T12/><D18/><U121/><E20/><RYUUKYOKU ba="1,1" sc="60,15,429,-15,251,-15,250,15" hai0="12,17,22,44,46,57,60,81,85,86,88,89,95" hai3="1,2,15,16,21,50,52,59,62,64,69,93,94" /><INIT seed="3,2,1,1,2,129" ten="75,414,236,265" oya="3" hai0="33,89,32,72,22,21,40,133,28,111,135,103,70" hai1="41,128,114,1,117,121,16,125,112,36,48,30,51" hai2="109,3,82,77,115,47,53,116,62,49,65,12,120" hai3="131,107,66,122,94,4,78,113,19,56,25,55,54"/><W119/><G107/><T7/><D70/><U39/><E1/><V60/><F115/><W63/><G113/><T96/><D72/><U13/><E121/><V130/><F3/><W91/><G122/><T0/><D40/><U68/><E68/><V31/><F120/><W15/><G131/><T17/><D89/><U123/><E123/><V110/><F130/><W52/><G119/><T11/><D96/><U83/><E30/><V37/><F116/><W73/><G73/><T61/><D103/><U18/><E117/><V24/><F12/><W58/><G78/><T5/><D61/><U67/><E13/><V20/><F37/><W92/><G4/><T29/><D111/><N who="2" m="42506" /><F65/><W93/><G25/><T10/><D17/><U2/><E67/><V132/><F132/><W124/><G124/><T75/><D75/><AGARI ba="2,1" hai="20,24,31,47,49,53,60,62,75,77,82" m="42506" machi="75" ten="30,1000,0" yaku="14,1" doraHai="129" who="2" fromWho="0" sc="75,-16,414,0,236,26,265,0" owari="59,-44.1,414,51.4,262,-13.8,265,6.5" /></mjloggm>