<mjloggm ver="2.3"><GO type="225" lobby="0"/><UN n0="%E3%81%8B%E3%82%8F%E3%81%A1%E3%82%83%E3%82%93%35%38" n1="%E3%83%A9%E3%82%B9%E7%8E%87%EF%BC%93%E5%89%B2" n2="%E6%B8%A9%E2%98%85%E6%83%85%E2%98%85%E6%8E%AA%E2%98%85%E7%BD%AE" n3="%E3%81%A8%E3%82%93%E3%81%A8%E3%81%93%E3%81%A8%E3%82%93" dan="16,16,16,16" rate="2141.25,2104.05,2166.44,2076.72" sx="M,F,M,M"/><TAIKYOKU oya="0"/><INIT seed="0,0,0,2,1,7" ten="250,250,250,250" oya="0" hai0="42,38,88,35,51,17,72,1,134,40,116,131,47" hai1="5,23,104,3,4,8,21,71,77,6,86,56,89" hai2="110,100,12,130,135,19,67,83,39,2,73,37,85" hai3="108,82,91,32,50,87,126,124,61,80,31,99,54"/><T105/><D116/><U33/><E71/><V106/><F2/><W22/><G108/><T49/><D134/><U90/><E33/><V128/><F110/><W52/><G32/><T121/><D121/><U0/><E104/><V27/><F73/><W60/><G99/><T115/><D115/><U43/><E43/><V107/><F135/><W18/><G31/><T101/><D72/><U24/><E23/><V76/><F27/><W46/><G80/><T16/><D131/><N who="2" m="50218" /><F67/><W10/><G10/><T81/><D35/><U129/><E129/><V53/><F53/><W92/><G82/><T68/><D68/><U75/><E75/><V125/><F125/><N who="3" m="48235" /><G54/><N who="0" m="30015" /><D1/><U122/><E122/><V79/><F79/><W133/><G133/><T96/><D105/><N who="2" m="39946" /><F100/><W95/><G92/><N who="0" m="58503" /><D38/><U70/><E70/><V65/><F65/><W98/><G98/><T66/><D66/><U74/><E74/><V117/><F117/><W48/><G50/><T69/><D69/><U45/><E0/><V20/><AGARI ba="0,0" hai="12,19,20,37,39,76,83,85" m="39946,50218" machi="20" ten="30,1100,0" yaku="19,1" doraHai="7" who="2" fromWho="2" sc="250,-5,250,-3,250,11,250,-3" /><INIT seed="1,0,0,1,3,20" ten="245,247,261,247" oya="1" hai0="50,135,39,1,8,118,81,33,49,2,121,55,17" hai1="92,25,65,130,10,62,110,28,88,122,101,69,71" hai2="51,75,43,111,79,87,56,21,132,58,100,107,24" hai3="126,105,104,41,59,61,99,18,36,57,133,35,46"/><U64/><E122/><V120/><F120/><W3/><G3/><T114/><D39/><U82/><E130/><V134/><F111/><W63/><G35/><T54/><D114/><U44/><E110/><V12/><F75/><W34/><G34/><T52/><D121/><U5/><E101/><V26/><F100/><W73/><G73/><T94/><D118/><U23/><E82/><N who="2" m="47583" /><F107/><W37/><G18/><T6/><D135/><N who="2" m="51754" /><F43/><W0/><G0/><T45/><D1/><U4/><E44/><V90/><F90/><W32/><G32/><T85/><D33/><U27/><E27/><N who="2" m="10283" /><F51/><W106/><G133/><T98/><D50/><U128/><E128/><V119/><F119/><W113/><G113/><T13/><D45/><U67/><E71/><V116/><F116/><W15/><G41/><T77/><D49/><U93/><E93/><V108/><F108/><W68/><G46/><T40/><D40/><U91/><E91/><V66/><F66/><W97/><G105/><T86/><D94/><U102/><E102/><V31/><F31/><W109/><G109/><T131/><D131/><U123/><E123/><V125/><F125/><W11/><G68/><T74/><REACH who="0" step="1"/><D98/><REACH who="0" ten="235,247,261,247" step="2"/><U80/><E92/><V103/><F103/><W72/><G126/><T14/><D14/><U95/><E95/><V117/><F117/><W9/><G72/><T29/><D29/><U48/><E48/><V60/><F60/><W22/><G15/><T7/><D7/><N who="1" m="2635" /><E62/><V38/><F38/><W42/><G42/><T53/><N who="0" m="13312" /><DORA hai="83" /><T89/><D89/><U115/><E69/><V30/><F30/><RYUUKYOKU ba="0,1" sc="235,10,247,-30,261,10,247,10" hai0="2,6,8,13,17,74,77,81,85,86" hai2="12,21,56,58" hai3="9,11,22,36,37,57,59,61,63,97,99,104,106" /><INIT seed="2,1,1,5,2,49" ten="245,217,271,257" oya="2" hai0="40,59,1,97,119,32,91,72,39,19,94,120,44" hai1="82,88,92,51,117,112,103,45,18,122,76,55,93" hai2="74,58,34,50,61,42,29,114,100,33,37,9,86" hai3="77,52,30,23,5,115,135,63,65,125,31,60,56"/><V10/><F74/><W62/><G125/><T133/><D120/><U85/><E117/><V48/><F114/><W35/><G35/><T84/><D72/><U11/><E112/><V96/><F37/><W25/><G115/><T95/><D32/><U6/><E122/><V20/><F34/><W104/><G104/><T71/><D71/><U66/><E66/><V105/><F33/><W22/><G135/><T110/><D1/><U38/><E38/><V57/><F86/><W106/><G106/><T124/><D133/><U134/><E134/><V8/><F42/><W2/><G77/><T26/><D124/><U16/><E103/><V78/><F78/><W121/><G121/><T102/><D119/><U90/><E90/><V131/><F58/><N who="3" m="37015" /><G2/><T21/><D59/><U17/><REACH who="1" step="1"/><E76/><REACH who="1" ten="245,207,271,257" step="2"/><V70/><F70/><W87/><G5/><T53/><REACH who="0" step="1"/><D110/><REACH who="0" ten="235,207,271,257" step="2"/><U46/><E46/><V24/><REACH who="2" step="1"/><F131/><REACH who="2" ten="235,207,261,257" step="2"/><W73/><G73/><T43/><D43/><U13/><AGARI ba="1,4" hai="6,11,13,16,17,18,45,51,55,82,85,88,92,93" machi="13" ten="30,12000,2" yaku="1,1,0,1,8,1,52,1,54,2,53,1" doraHai="49" doraHaiUra="7" who="1" fromWho="1" sc="235,-31,207,163,261,-61,257,-31" /><INIT seed="3,0,0,0,1,84" ten="204,370,200,226" oya="3" hai0="2,77,19,100,105,28,42,130,129,121,56,26,76" hai1="128,3,23,57,38,86,16,71,94,21,64,73,13" hai2="34,109,88,95,31,30,45,60,80,39,24,67,99" hai3="87,102,29,9,35,4,68,11,48,124,91,12,133"/><W66/><G124/><T113/><D121/><U49/><E3/><V131/><F109/><W110/><G133/><T89/><D2/><U85/><E73/><V122/><F122/><W58/><G68/><T79/><D42/><U44/><E128/><N who="0" m="49257" /><D113/><U1/><E1/><V18/><F131/><W96/><G110/><T106/><D100/><U114/><E114/><V70/><F80/><W25/><G11/><T40/><D40/><U117/><E117/><V123/><F123/><W33/><G35/><N who="0" m="20887" /><D19/><N who="1" m="10479" /><E38/><V101/><F31/><W22/><G33/><T112/><D112/><U134/><E71/><V36/><F45/><W72/><G72/><T119/><D119/><U10/><E10/><V59/><F59/><W125/><G125/><T54/><D89/><U97/><E134/><V118/><F118/><W62/><G48/><AGARI ba="0,0" hai="48,54,56,76,77,79,105,106" m="20887,49257" machi="48" ten="30,1000,0" yaku="19,1" doraHai="84" who="0" fromWho="3" sc="204,10,370,0,200,0,226,-10" owari="214,-18.6,370,47.0,200,-30.0,216,1.6" /></mjloggm>