<mjloggm ver="2.3"><GO type="225" lobby="0"/><UN n0="%E3%81%99%E3%81%84%E3%81%BE%E3%81%9B%E3%83%BC%E3%82%93" n1="%E7%99%BD%E9%9B%AA%E4%B9%83%E6%84%9B" n2="%E5%AF%82%E5%AF%9E%E3%82%AE%E3%83%8D%E3%82%B9%E3%83%93%E3%83%BC%E3%83%AB" n3="%E7%B4%94%E6%BD%94%E3%83%94%E3%83%A9%E3%83%8B%E3%82%A2" dan="16,16,16,17" rate="2155.85,2082.02,2121.64,2181.81" sx="M,F,M,M"/><TAIKYOKU oya="0"/><INIT seed="0,0,0,5,1,80" ten="250,250,250,250" oya="0" hai0="112,68,103,48,129,33,28,37,100,14,108,56,91" hai1="85,57,127,53,73,52,79,24,63,72,65,93,86" hai2="125,67,41,35,19,119,113,18,99,132,110,21,46" hai3="71,30,126,104,122,98,87,6,51,70,115,4,77"/><T75/><D112/><U8/><E127/><V101/><F113/><W78/><G30/><T128/><D68/><U81/><E8/><V69/><F35/><W97/><G115/><T114/><D37/><U54/><REACH who="1" step="1"/><E24/><REACH who="1" ten="250,240,250,250" step="2"/><V66/><F125/><W64/><G126/><T95/><D114/><U20/><E20/><V102/><F21/><W116/><G116/><T60/><D33/><U131/><E131/><V31/><F119/><W50/><G122/><T42/><D129/><U47/><E47/><V74/><F46/><W26/><G26/><T2/><D128/><U43/><E43/><V1/><F41/><W133/><G133/><T82/><D42/><U83/><E83/><V88/><F132/><W89/><G104/><T38/><D82/><U3/><E3/><V16/><F1/><W117/><G117/><T44/><D2/><U120/><E120/><V10/><F10/><W22/><G22/><T25/><D25/><U94/><E94/><V39/><F31/><W5/><G5/><T76/><D44/><U55/><N who="1" m="13312" /><DORA hai="13" /><U105/><E105/><V109/><F109/><W15/><G4/><T32/><D108/><U9/><E9/><V123/><F110/><W49/><G6/><T90/><D32/><U84/><E84/><V11/><F123/><W124/><G124/><T0/><D0/><U118/><E118/><V59/><F11/><W40/><G40/><T45/><D45/><U36/><E36/><V121/><F39/><W61/><G51/><T58/><D48/><U92/><E92/><V7/><F121/><W135/><G50/><T23/><D28/><RYUUKYOKU ba="0,1" sc="250,-10,240,30,250,-10,250,-10" hai1="57,63,65,72,73,79,81,85,86,93" /><INIT seed="1,1,1,1,5,101" ten="240,270,240,240" oya="1" hai0="49,46,73,32,135,76,2,80,19,68,4,82,79" hai1="121,20,37,34,74,104,94,92,127,113,128,134,6" hai2="87,90,58,84,110,45,95,41,59,81,129,52,131" hai3="24,120,16,118,10,12,75,64,89,25,72,132,65"/><U11/><RYUUKYOKU type="yao9" ba="1,1" sc="240,0,270,0,240,0,240,0" hai1="6,11,20,34,37,74,92,94,104,113,121,127,128,134" /><INIT seed="1,2,1,3,0,19" ten="240,270,240,240" oya="1" hai0="93,56,130,16,111,119,69,52,14,9,122,135,25" hai1="114,104,117,118,18,34,97,37,98,40,77,64,0" hai2="78,22,4,74,92,48,105,90,132,125,11,71,123" hai3="112,29,134,17,115,43,39,6,86,30,99,62,121"/><U36/><E114/><V95/><F123/><W51/><G134/><T3/><D119/><U96/><E104/><V28/><F105/><W41/><G39/><T133/><D122/><U83/><E34/><V84/><F71/><W47/><G6/><T126/><D126/><U32/><E32/><V10/><F125/><W94/><G121/><T33/><D69/><U12/><E0/><V89/><F132/><N who="0" m="50762" /><D111/><U108/><E64/><V72/><F48/><W59/><G43/><T124/><D124/><U129/><E129/><V50/><F50/><W20/><G86/><T87/><D3/><U54/><E54/><V68/><F68/><W131/><G131/><T27/><D33/><U57/><E57/><V45/><F45/><W26/><G115/><T2/><D2/><U80/><E108/><V113/><F113/><W42/><G41/><T58/><D58/><U53/><E53/><V65/><F65/><N who="3" m="39135" /><G112/><T127/><D130/><U91/><E40/><V100/><F4/><W49/><G51/><N who="0" m="30751" /><D127/><U109/><E109/><V35/><F35/><W1/><G1/><T8/><D9/><N who="1" m="6415" /><E118/><V66/><F10/><W73/><G73/><T38/><D38/><U82/><E117/><V44/><F11/><W7/><G7/><T67/><D67/><U21/><E36/><V61/><F66/><W46/><G47/><T103/><D87/><N who="1" m="50687" /><E37/><V76/><F74/><W120/><G120/><T60/><D60/><U15/><E77/><V88/><F72/><W106/><G106/><T110/><D110/><U24/><E15/><V85/><F78/><W5/><G5/><T79/><D79/><RYUUKYOKU ba="2,1" sc="240,10,270,10,240,-30,240,10" hai0="8,14,16,25,27,93,103" hai1="21,24,80,82,96,97,98" hai3="17,20,26,29,30,42,46,49,94,99" /><INIT seed="1,3,1,0,5,103" ten="250,280,210,250" oya="1" hai0="13,97,115,52,30,105,117,55,126,94,54,66,125" hai1="14,17,77,106,31,123,24,2,18,69,82,84,29" hai2="133,88,10,23,62,53,22,33,107,19,25,6,102" hai3="16,3,64,28,79,7,76,99,134,68,118,135,40"/><U86/><E123/><V65/><F133/><N who="3" m="50699" /><G28/><T73/><D115/><U78/><E2/><V128/><F128/><W131/><G118/><T129/><D117/><U104/><E69/><V42/><F42/><W58/><G68/><T0/><D0/><U46/><E46/><V35/><F53/><W81/><G40/><T72/><D129/><U44/><E44/><V38/><F38/><W122/><G122/><T15/><D30/><U132/><E132/><V91/><F23/><W34/><G34/><T51/><D66/><U57/><E14/><N who="0" m="5129" /><D105/><U67/><E57/><V101/><F33/><W48/><G16/><T87/><D87/><U89/><E89/><V50/><F35/><W37/><G37/><T96/><D51/><U41/><E41/><V127/><F50/><W20/><G20/><T119/><D119/><U112/><E24/><V9/><F25/><W93/><G7/><T12/><D12/><U111/><E67/><V130/><F65/><W61/><G48/><T85/><D85/><U59/><E59/><V60/><F6/><W120/><G3/><T49/><D49/><U80/><E80/><V56/><F56/><W83/><G120/><T70/><D70/><U90/><E90/><V74/><F130/><W95/><G131/><T26/><D26/><U113/><E82/><N who="3" m="31242" /><G99/><N who="0" m="37963" /><D94/><AGARI ba="3,1" hai="58,61,64,76,79,93,94,95" m="31242,50699" machi="94" ten="30,1000,0" yaku="20,1" doraHai="103" who="3" fromWho="0" sc="250,-19,280,0,210,0,250,29" /><INIT seed="2,0,0,5,5,83" ten="231,280,210,279" oya="2" hai0="11,64,117,89,26,94,106,52,10,27,98,59,38" hai1="1,114,103,76,55,80,40,102,127,135,63,12,18" hai2="17,22,101,9,19,33,122,113,13,42,126,7,125" hai3="96,21,79,111,37,124,20,56,72,129,39,0,100"/><V116/><F42/><W90/><G0/><T61/><D38/><U73/><E114/><V5/><F101/><W45/><G79/><T60/><D106/><U130/><E1/><V110/><F113/><W82/><G72/><T54/><D117/><U68/><E40/><V51/><F51/><W36/><G45/><T29/><D27/><U41/><E41/><V67/><F67/><W92/><G111/><T75/><D75/><U69/><E127/><N who="2" m="48651" /><F116/><W105/><G82/><T131/><D131/><U99/><E135/><V48/><F48/><W6/><G6/><N who="2" m="2057" /><F33/><W133/><G129/><T104/><D104/><U108/><E108/><V85/><F85/><W86/><G133/><T132/><D132/><U121/><E130/><V123/><F110/><W134/><G134/><T65/><D65/><U15/><E103/><V77/><F77/><W58/><REACH who="3" step="1"/><G124/><REACH who="3" ten="231,280,210,269" step="2"/><T47/><D47/><U128/><E128/><V35/><F35/><W53/><G53/><T43/><D43/><U70/><E55/><V23/><F9/><W118/><G118/><T57/><D64/><U97/><E76/><V31/><F31/><W84/><G84/><T66/><D66/><U49/><E73/><V87/><F87/><W62/><G62/><T78/><D78/><U28/><E63/><V107/><F107/><W88/><G88/><T8/><D10/><U71/><E71/><V95/><F95/><W46/><G46/><T119/><D119/><U4/><E70/><V112/><F112/><W24/><G24/><AGARI ba="0,1" hai="13,17,19,22,23,24,122,123" m="2057,48651" machi="24" ten="30,5800,0" yaku="18,1,34,2" doraHai="83" who="2" fromWho="3" sc="231,0,280,0,210,68,269,-58" /><INIT seed="2,1,0,0,5,118" ten="231,280,278,211" oya="2" hai0="33,57,95,111,66,56,113,14,98,26,47,60,91" hai1="43,62,73,129,112,22,65,50,9,2,41,35,102" hai2="75,18,128,74,84,79,21,64,28,77,8,109,49" hai3="4,122,51,19,103,92,104,69,29,97,42,34,23"/><V39/><F39/><W40/><G69/><T37/><D113/><U124/><E35/><V48/><F64/><W6/><G34/><T130/><D130/><U76/><E112/><V93/><F128/><W24/><G122/><T133/><D133/><U58/><E129/><V17/><F109/><W86/><G19/><T68/><D111/><U100/><E124/><V134/><F134/><W119/><G119/><T7/><D7/><U13/><E73/><V10/><F93/><W101/><G101/><N who="1" m="39018" /><E76/><V85/><REACH who="2" step="1"/><F21/><REACH who="2" ten="231,280,268,211" step="2"/><W99/><G92/><T30/><D37/><U132/><E22/><V126/><F126/><W115/><G23/><T81/><D95/><U71/><E132/><V16/><F16/><W44/><G103/><T54/><D66/><U94/><E94/><V45/><F45/><W36/><G44/><T127/><D47/><U46/><E71/><V61/><F61/><W5/><G36/><T125/><D68/><U59/><E59/><V38/><F38/><W117/><G117/><T106/><D57/><U121/><E121/><V80/><F80/><W89/><G115/><T15/><D127/><U114/><E114/><V88/><F88/><W135/><G89/><T78/><D125/><U0/><E43/><V53/><F53/><W20/><G40/><T1/><D81/><U25/><E65/><V63/><F63/><W27/><G42/><T131/><D131/><U116/><E116/><V11/><F11/><W55/><G135/><T96/><D33/><U108/><E108/><V72/><F72/><W123/><G123/><T110/><D110/><U87/><E62/><RYUUKYOKU ba="1,1" sc="231,-10,280,-10,268,30,211,-10" hai2="8,10,17,18,28,48,49,74,75,77,79,84,85" /><INIT seed="2,2,1,3,5,39" ten="221,270,298,201" oya="2" hai0="114,22,111,113,6,36,29,40,112,14,24,128,100" hai1="38,68,120,119,26,30,17,31,90,85,8,20,3" hai2="97,71,87,44,88,52,133,73,96,98,48,10,127" hai3="118,55,33,83,82,23,51,129,0,21,60,50,76"/><V18/><F71/><W25/><G118/><T35/><D100/><U66/><E119/><V58/><F73/><W61/><G0/><T62/><D62/><U86/><E120/><V45/><F133/><W135/><G135/><T46/><D111/><U77/><E38/><V69/><F69/><W28/><G129/><T131/><REACH who="0" step="1"/><D22/><REACH who="0" ten="211,270,298,201" step="2"/><U93/><E68/><V130/><F130/><W121/><G61/><T107/><D107/><U67/><E67/><V126/><F127/><W9/><G60/><T47/><D47/><U74/><E66/><V91/><F126/><W49/><G121/><T101/><D101/><U75/><E75/><V94/><F91/><W37/><G21/><T4/><D4/><U15/><E74/><V124/><F124/><W32/><G55/><T99/><D99/><U59/><E59/><V54/><F54/><W134/><G134/><T110/><D110/><U72/><E72/><V53/><F53/><W95/><G23/><T5/><D5/><U92/><E8/><AGARI ba="2,2" hai="6,8,14,24,29,35,36,40,46,112,113,114,128,131" machi="8" ten="50,6400,0" yaku="1,1,52,1,53,1" doraHai="39" doraHaiUra="42" who="0" fromWho="1" sc="211,90,270,-70,298,0,201,0" /><INIT seed="3,0,0,5,3,38" ten="301,200,298,201" oya="3" hai0="128,9,75,50,103,52,30,47,6,2,68,42,12" hai1="59,23,95,67,54,79,65,62,118,3,109,4,44" hai2="70,100,19,32,13,78,17,71,92,117,21,81,57" hai3="11,83,26,66,130,121,63,37,40,131,58,22,135"/><W129/><G121/><T122/><D122/><U24/><E109/><V36/><F32/><W104/><G104/><T53/><D68/><U0/><E118/><V41/><F117/><W74/><G11/><T115/><D75/><U64/><E79/><V14/><F57/><W25/><G135/><T98/><D128/><U15/><E95/><V51/><F36/><W7/><G7/><T85/><D30/><U132/><E132/><V99/><F51/><W35/><G35/><T1/><D1/><U39/><E39/><V124/><F41/><W73/><G83/><T110/><D110/><U29/><REACH who="1" step="1"/><E44/><REACH who="1" ten="301,190,298,201" step="2"/><V91/><F124/><W113/><G113/><T34/><D47/><U101/><E101/><V60/><F100/><W10/><G10/><AGARI ba="0,1" hai="0,3,4,10,15,23,24,29,54,59,62,64,65,67" machi="10" ten="40,1300,0" yaku="1,1,53,0" doraHai="38" doraHaiUra="69" who="1" fromWho="3" sc="301,0,190,23,298,0,201,-13" owari="301,40.1,213,-18.7,298,9.8,188,-31.2" /></mjloggm>