<mjloggm ver="2.3"><GO type="225" lobby="0"/><UN n0="%E6%B8%A9%E2%98%85%E6%83%85%E2%98%85%E6%8E%AA%E2%98%85%E7%BD%AE" n1="%E6%97%A5%E6%9B%9C%E6%97%A5%E3%82%88%E3%82%8A%E3%81%AE%E4%BD%BF%E8%80%85" n2="%E3%81%AF%E3%82%88%E3%81%8A%E3%81%98%E3%81%95%E3%82%93" n3="%E3%81%B5%E3%81%98%E3%81%8B%E3%81%A4" dan="17,17,17,16" rate="2217.38,2118.30,2177.56,2205.83" sx="M,M,M,M"/><TAIKYOKU oya="0"/><INIT seed="0,0,0,5,4,95" ten="250,250,250,250" oya="0" hai0="73,23,65,97,74,25,90,18,94,66,123,58,4" hai1="79,109,9,89,56,132,103,118,8,30,82,93,39" hai2="50,100,20,7,22,27,13,47,86,70,106,64,17" hai3="68,36,60,107,116,38,108,76,62,57,67,5,105"/><T117/><D117/><U29/><E118/><V112/><F112/><W55/><G116/><T91/><D123/><U3/><E39/><V83/><F7/><W11/><G108/><T92/><D4/><U130/><E3/><V104/><F100/><W51/><G76/><T72/><REACH who="0" step="1"/><D58/><REACH who="0" ten="240,250,250,250" step="2"/><U0/><E56/><V12/><F70/><W21/><G36/><T102/><D102/><U87/><E103/><V37/><F104/><W40/><G107/><T81/><D81/><U125/><E109/><V59/><F106/><W98/><G38/><T128/><D128/><U122/><E130/><V10/><F37/><W111/><G111/><T126/><D126/><U127/><E122/><V53/><F59/><W46/><G105/><T35/><D35/><U34/><E34/><V31/><F64/><W26/><G68/><T14/><D14/><U88/><E0/><V44/><F13/><N who="3" m="5359" /><G67/><T96/><AGARI ba="0,1" hai="18,23,25,65,66,72,73,74,90,91,92,94,96,97" machi="96" ten="30,18000,2" yaku="1,1,0,1,9,1,52,2,53,2" doraHai="95" doraHaiUra="85" who="0" fromWho="0" sc="240,190,250,-60,250,-60,250,-60" /><INIT seed="0,1,0,4,1,33" ten="430,190,190,190" oya="0" hai0="24,94,112,11,14,63,132,43,129,86,52,74,80" hai1="35,111,17,100,8,61,26,36,19,96,9,45,68" hai2="99,62,22,5,38,1,89,50,64,59,120,105,37" hai3="16,87,110,15,54,0,13,75,28,98,83,55,119"/><T32/><D112/><U92/><E111/><V123/><F22/><W7/><G119/><T48/><D132/><U101/><E36/><V2/><F5/><W130/><G130/><T60/><D129/><U115/><E115/><V131/><F131/><W90/><G110/><T133/><D43/><U21/><E35/><V109/><F109/><W113/><G113/><T40/><D40/><U78/><E78/><V126/><F126/><W128/><G128/><T46/><D74/><U70/><E45/><V103/><F50/><W93/><G75/><T42/><D133/><U114/><E114/><V67/><F89/><W31/><G0/><T106/><D106/><U10/><E101/><V82/><F82/><W56/><G7/><T97/><D24/><U18/><REACH who="1" step="1"/><E61/><REACH who="1" ten="430,180,190,190" step="2"/><V39/><REACH who="2" step="1"/><F67/><REACH who="2" ten="430,180,180,190" step="2"/><W124/><G124/><T102/><D32/><U117/><E117/><V135/><F135/><W127/><G127/><T29/><D29/><AGARI ba="1,2" hai="8,9,10,17,18,19,21,26,29,68,70,92,96,100" machi="29" ten="40,1300,0" yaku="1,1,53,0" doraHai="33" doraHaiUra="122" who="1" fromWho="0" sc="430,-16,180,36,180,0,190,0" /><INIT seed="1,0,0,0,0,6" ten="414,216,180,190" oya="1" hai0="23,51,130,72,75,74,94,70,27,22,92,61,134" hai1="8,110,44,97,71,87,57,131,126,66,135,25,21" hai2="59,9,96,111,115,81,103,15,64,101,7,100,63" hai3="46,19,91,55,90,41,35,118,117,67,31,109,65"/><U89/><E71/><V36/><F36/><W29/><G109/><T32/><D134/><U62/><E135/><V1/><F111/><W54/><G35/><T133/><D133/><U84/><E110/><V105/><F115/><W20/><G46/><T13/><D130/><U86/><E131/><V104/><F104/><W121/><G20/><T34/><D51/><U30/><E126/><V78/><REACH who="2" step="1"/><F1/><REACH who="2" ten="414,216,170,190" step="2"/><W116/><G121/><T28/><D74/><AGARI ba="0,1" hai="7,9,15,59,63,64,74,78,81,96,100,101,103,105" machi="74" ten="30,7700,0" yaku="1,1,2,1,7,1,52,1,53,0" doraHai="6" doraHaiUra="112" who="2" fromWho="0" sc="414,-77,216,0,170,87,190,0" /><INIT seed="2,0,0,5,2,11" ten="337,216,257,190" oya="2" hai0="111,30,51,50,60,32,87,18,31,101,72,100,16" hai1="132,12,19,6,107,46,94,61,126,96,56,119,112" hai2="88,10,29,97,57,110,47,92,115,124,5,85,99" hai3="86,106,3,48,128,17,125,93,77,127,15,42,65"/><V58/><F115/><W118/><G106/><T28/><D32/><U84/><E112/><V103/><F124/><N who="3" m="47691" /><G3/><T39/><D72/><U49/><E126/><V83/><F110/><W37/><G37/><T34/><D34/><U116/><E107/><V55/><F29/><W27/><G65/><T62/><D39/><U54/><E6/><V59/><F99/><W2/><G2/><T91/><D111/><U109/><E84/><V1/><REACH who="2" step="1"/><F47/><REACH who="2" ten="337,216,247,190" step="2"/><N who="3" m="25719" /><G128/><T64/><D31/><U33/><E109/><V133/><F133/><W70/><G118/><T122/><D30/><U4/><E132/><V79/><F79/><W108/><G108/><T120/><D28/><U20/><E33/><V13/><F13/><W81/><G70/><T63/><D122/><U90/><REACH who="1" step="1"/><E4/><REACH who="1" ten="337,206,247,190" step="2"/><V9/><F9/><N who="3" m="6383" /><G27/><T36/><D120/><U52/><AGARI ba="0,2" hai="12,19,20,46,49,52,54,56,61,90,94,96,116,119" machi="52" ten="20,12000,2" yaku="1,1,0,1,7,1,52,1,54,1,53,1" doraHai="11" doraHaiUra="45" who="1" fromWho="1" sc="337,-30,206,140,247,-60,190,-30" /><INIT seed="3,0,0,5,5,77" ten="307,346,187,160" oya="3" hai0="81,132,107,71,25,78,117,92,1,7,131,116,106" hai1="21,16,98,69,68,130,6,111,33,41,103,129,55" hai2="23,57,39,9,134,128,34,30,120,75,8,89,118" hai3="37,11,50,112,133,122,102,3,0,18,97,123,80"/><W66/><G112/><T27/><D71/><U79/><E33/><V124/><F39/><W42/><G133/><T35/><D92/><N who="1" m="58823" /><E111/><V17/><F75/><W5/><G66/><T108/><D108/><U100/><E41/><V54/><F118/><N who="0" m="45674" /><D25/><N who="1" m="14503" /><E79/><V109/><F34/><W53/><G0/><T64/><D64/><U20/><E100/><V22/><F124/><W85/><G18/><T4/><D4/><U26/><E6/><V49/><F128/><N who="1" m="49257" /><E55/><V135/><F109/><W119/><G119/><T72/><D131/><U38/><E38/><V62/><F120/><W114/><G114/><T58/><D58/><U67/><E67/><V90/><F134/><W46/><G37/><T104/><D132/><U91/><E91/><V99/><F135/><W32/><G32/><T48/><D48/><U40/><E40/><V127/><F127/><W63/><G42/><T88/><D88/><U101/><E101/><V76/><F49/><W47/><G63/><T94/><D94/><U115/><E115/><V70/><F70/><W82/><G46/><T59/><D59/><U24/><E24/><N who="2" m="16663" /><F76/><W125/><G125/><T121/><D121/><U31/><AGARI ba="0,0" hai="20,26,31,68,69" m="49257,14503,58823" machi="31" ten="30,2000,0" yaku="19,1,54,1" doraHai="77" who="1" fromWho="1" sc="307,-5,346,20,187,-5,160,-10" owari="302,10.2,366,46.6,182,-21.8,150,-35.0" /></mjloggm>