<mjloggm ver="2.3"><GO type="225" lobby="0"/><UN n0="%E3%82%82%E3%82%93%E3%81%8D%E3%82%93%E3%81%90" n1="%72%69%6F%75%63%68%61%6E" n2="%E3%81%8B%E3%82%8F%E3%81%A1%E3%82%83%E3%82%93%35%38" n3="%E3%81%BF%E3%81%BF%E3%81%9A" dan="16,16,16,16" rate="2070.98,2140.62,2140.15,2178.32" sx="M,M,M,M"/><TAIKYOKU oya="0"/><INIT seed="0,0,0,1,4,9" ten="250,250,250,250" oya="0" hai0="61,54,79,20,126,114,88,111,8,13,91,135,134" hai1="96,122,29,71,130,102,41,131,87,16,37,78,104" hai2="108,33,40,83,81,55,99,113,127,80,31,38,21" hai3="10,119,44,112,107,57,6,59,2,17,11,49,123"/><T26/><D114/><U62/><E122/><V120/><F33/><W118/><G112/><T23/><D79/><U34/><E78/><V97/><F113/><W68/><G68/><T5/><D126/><U95/><E87/><V30/><F120/><W105/><G123/><T14/><D111/><U52/><E95/><V50/><F108/><W75/><G75/><T116/><D116/><U22/><E29/><N who="2" m="10763" /><F38/><W65/><G65/><T89/><D26/><U51/><E34/><V98/><F127/><W115/><G115/><T101/><D101/><U27/><E41/><V12/><F40/><W109/><G109/><T70/><D54/><U60/><E37/><V133/><F133/><N who="0" m="50698" /><D14/><U117/><E117/><V58/><F21/><W67/><G67/><AGARI ba="0,0" hai="5,8,13,20,23,61,67,70,88,89,91" m="50698" machi="67" ten="30,5800,0" yaku="20,1,52,1,54,1" doraHai="9" who="0" fromWho="3" sc="250,58,250,0,250,0,250,-58" /><INIT seed="0,1,0,1,4,89" ten="308,250,250,192" oya="0" hai0="0,121,135,13,99,29,85,116,117,22,38,124,21" hai1="107,7,11,77,67,28,62,36,115,31,113,97,56" hai2="61,80,20,33,79,10,2,64,109,65,44,27,102" hai3="84,73,16,93,133,134,51,32,82,50,128,8,92"/><T26/><D38/><U72/><E36/><V24/><F109/><W108/><G32/><T40/><D40/><U104/><E77/><V111/><F111/><W4/><G73/><T68/><D68/><U126/><E72/><V37/><F102/><W41/><G108/><T14/><D0/><U58/><E126/><V129/><F129/><W35/><G35/><T55/><D121/><U127/><E127/><V12/><F2/><W30/><G30/><N who="1" m="11306" /><E58/><V110/><F33/><W6/><G128/><T54/><D124/><U48/><E48/><N who="3" m="18474" /><G41/><T52/><D135/><N who="3" m="51721" /><G6/><T76/><D116/><U95/><E11/><V25/><F20/><W74/><G74/><T70/><D70/><U69/><E69/><V66/><F110/><W81/><G4/><T131/><D131/><U105/><E7/><N who="2" m="3167" /><F37/><W88/><G81/><N who="0" m="47271" /><D117/><U130/><E130/><V39/><F39/><W42/><G42/><T5/><D5/><U47/><E47/><V112/><F44/><W86/><G86/><T57/><D99/><U19/><E19/><V98/><F98/><W46/><G46/><T91/><D13/><AGARI ba="1,0" hai="8,13,16,82,84,88,92,93" m="51721,18474" machi="13" ten="30,8000,1" yaku="20,1,52,2,54,2" doraHai="89" who="3" fromWho="0" sc="308,-83,250,0,250,0,192,83" /><INIT seed="1,0,0,4,0,118" ten="225,250,250,275" oya="1" hai0="134,124,38,53,21,7,84,16,81,71,116,4,103" hai1="72,10,70,90,128,60,93,65,75,22,88,31,79" hai2="1,2,131,3,80,11,35,12,59,61,6,89,46" hai3="117,67,26,39,91,36,62,102,63,87,106,114,99"/><U123/><E123/><V112/><F35/><W8/><G114/><T119/><D71/><U76/><E128/><V98/><F131/><W42/><G117/><T122/><D38/><U34/><E34/><V127/><F127/><W110/><G110/><T66/><D122/><U25/><E90/><V24/><F112/><W29/><G8/><T94/><D124/><U69/><E69/><V0/><F24/><W28/><G42/><T82/><D66/><U92/><E92/><V101/><F46/><W109/><G109/><T111/><D111/><U40/><E40/><V30/><F30/><W107/><G107/><T125/><D125/><U18/><E75/><V77/><F89/><W95/><G29/><T19/><D94/><U56/><E70/><V96/><N who="2" m="0" /><DORA hai="45" /><V14/><F14/><W108/><G62/><T54/><D21/><N who="1" m="15791" /><E10/><V17/><F17/><W13/><G13/><T27/><D27/><N who="1" m="14807" /><E72/><V9/><F9/><W135/><G108/><T105/><D105/><U97/><AGARI ba="0,0" hai="56,60,65,76,79,88,93,97" m="14807,15791" machi="97" ten="30,3000,0" yaku="8,1,54,1" doraHai="118,45" who="1" fromWho="1" sc="225,-10,250,30,250,-10,275,-10" /><INIT seed="1,1,0,3,4,93" ten="215,280,240,265" oya="1" hai0="5,81,60,84,131,11,44,91,123,96,52,127,2" hai1="98,26,113,27,63,49,119,120,0,115,121,90,66" hai2="89,33,38,21,54,25,83,114,126,95,58,129,71" hai3="28,72,106,116,3,75,64,112,15,12,24,132,103"/><U17/><E0/><V130/><F71/><W101/><G112/><T77/><D131/><N who="2" m="50186" /><F38/><W74/><G132/><T85/><D127/><U22/><E119/><V6/><F33/><W67/><G3/><T78/><D123/><U69/><E27/><V124/><F6/><W108/><G108/><T36/><D36/><U135/><E135/><V122/><F122/><W34/><G116/><T61/><D96/><U62/><E63/><N who="2" m="36311" /><F83/><W73/><N who="3" m="18432" /><DORA hai="100" /><W7/><G103/><T9/><D9/><U76/><E121/><V111/><F111/><W43/><G43/><T70/><D70/><U13/><E120/><V23/><F114/><W107/><G101/><T16/><D16/><U39/><E39/><V88/><F89/><W31/><G31/><T51/><REACH who="0" step="1"/><D78/><REACH who="0" ten="205,280,240,265" step="2"/><U48/><E76/><V50/><F50/><W45/><G7/><T35/><D35/><U42/><E48/><V102/><F102/><W110/><G110/><T53/><D53/><U65/><E66/><V134/><F134/><W94/><G67/><T55/><D55/><U57/><E69/><V1/><F1/><W41/><G64/><T87/><D87/><U20/><E49/><V8/><F8/><W18/><G18/><T99/><D99/><U4/><E4/><V104/><F104/><W125/><G125/><N who="2" m="48233" /><F25/><W14/><REACH who="3" step="1"/><G94/><AGARI ba="1,1" hai="2,5,11,44,51,52,60,61,77,81,84,85,91,94" machi="94" ten="30,3900,0" yaku="1,1,7,1,54,1,53,0" doraHai="93,100" doraHaiUra="30,97" who="0" fromWho="3" sc="205,52,280,0,240,0,265,-42" /><INIT seed="2,0,0,0,3,132" ten="257,280,240,223" oya="2" hai0="59,90,125,44,13,20,88,85,101,72,74,68,80" hai1="108,65,15,61,35,56,98,71,66,79,64,135,9" hai2="37,84,102,42,3,24,60,33,117,27,49,34,62" hai3="81,17,41,4,7,92,46,119,30,99,14,122,123"/><V103/><F3/><W131/><G119/><T130/><D68/><U112/><E112/><V57/><F37/><W93/><G131/><T127/><D130/><U53/><E108/><V109/><F117/><W104/><G104/><T45/><D101/><U91/><E135/><V26/><F109/><W124/><G30/><T116/><D116/><U110/><E110/><V16/><F34/><W51/><G81/><T106/><D106/><U52/><E35/><V12/><F33/><W11/><G93/><T29/><D59/><U107/><E79/><V39/><F39/><W19/><G124/><N who="0" m="47691" /><D90/><U2/><E2/><V22/><F84/><W63/><G63/><N who="2" m="24105" /><F57/><W50/><G122/><T96/><D96/><U113/><E113/><V97/><F97/><W73/><G73/><N who="0" m="28267" /><D13/><U70/><E70/><V6/><F6/><W40/><G123/><T111/><D111/><U0/><E0/><V115/><F115/><W76/><G76/><T38/><D38/><U100/><E91/><V95/><F95/><W120/><G7/><T105/><D105/><U54/><REACH who="1" step="1"/><E71/><REACH who="1" ten="257,270,240,223" step="2"/><V67/><F103/><N who="3" m="60903" /><G120/><T1/><D1/><U78/><E78/><V121/><F102/><W86/><G86/><T75/><D75/><U10/><E10/><V18/><F121/><W128/><G128/><T129/><D129/><U32/><E32/><V83/><F83/><W5/><G5/><AGARI ba="0,1" hai="5,9,15,52,53,54,56,61,64,65,66,98,100,107" machi="5" ten="40,2600,0" yaku="1,1,54,1,53,0" doraHai="132" doraHaiUra="133" who="1" fromWho="3" sc="257,0,270,36,240,0,223,-26" /><INIT seed="3,0,0,0,0,133" ten="257,306,240,197" oya="3" hai0="113,17,25,120,74,93,118,36,53,105,23,130,57" hai1="9,72,65,129,108,45,112,125,110,3,19,70,37" hai2="123,91,126,78,15,26,106,27,28,20,122,43,82" hai3="67,35,1,86,101,32,98,97,79,48,104,111,59"/><W119/><G119/><T90/><D105/><U115/><E125/><V40/><F106/><W64/><G111/><N who="1" m="42538" /><E129/><V127/><F91/><W60/><G1/><T124/><D36/><U63/><E72/><N who="2" m="43335" /><F15/><W75/><G67/><T92/><D120/><N who="2" m="46122" /><F27/><W68/><G97/><T13/><D113/><U61/><E63/><V11/><F11/><W46/><G75/><T30/><D130/><U47/><E19/><V121/><N who="2" m="46130" /><V128/><DORA hai="8" /><F128/><W84/><G68/><T33/><D118/><U49/><E37/><V34/><F34/><W96/><G96/><T117/><D117/><U62/><E61/><V89/><F89/><W38/><G38/><T31/><D124/><AGARI ba="0,0" hai="20,26,28,40,43,124,126,127" m="46130,43335" machi="124" ten="40,8000,1" yaku="18,1,13,1,52,3" doraHai="133,8" who="2" fromWho="0" sc="257,-80,306,0,240,80,197,0" owari="177,-32.3,306,10.6,320,42.0,197,-20.3" /></mjloggm>