<mjloggm ver="2.3"><GO type="225" lobby="0"/><UN n0="%65%6B%61%72%75%74%65" n1="%E8%81%B7%E6%A5%AD%E3%80%81%E9%A2%A8%32" n2="%E6%A1%9C%E8%8A%B1%E9%96%83%E3%80%85" n3="%E3%83%B4%E3%83%A0%EF%BC%99%E3%81%A6" dan="16,16,17,17" rate="2145.68,2154.99,2147.75,2193.10" sx="M,M,M,M"/><TAIKYOKU oya="0"/><INIT seed="0,0,0,0,2,89" ten="250,250,250,250" oya="0" hai0="6,52,78,54,130,110,87,113,102,51,34,123,29" hai1="4,90,20,96,59,35,44,8,124,75,71,13,82" hai2="60,39,46,111,19,38,22,81,72,69,131,119,112" hai3="106,5,86,17,40,80,57,62,73,33,9,125,2"/><T107/><D113/><U104/><E124/><V7/><F112/><W0/><G125/><T101/><D123/><U121/><E71/><V10/><F111/><W129/><G129/><T92/><D107/><U48/><E35/><V118/><F131/><W27/><G106/><T68/><D68/><U97/><E121/><V25/><F60/><W47/><G73/><T16/><D34/><U58/><E104/><V18/><F18/><W31/><G17/><T127/><D130/><U3/><E75/><V115/><F69/><W77/><G9/><T63/><D29/><U134/><E3/><N who="2" m="383" /><F115/><W114/><G5/><T50/><D63/><U83/><E20/><V41/><F38/><W103/><G103/><N who="0" m="39435" /><D6/><U105/><E105/><V53/><F53/><N who="0" m="20586" /><D110/><U108/><E108/><V88/><F72/><W95/><G114/><T28/><D28/><U14/><E4/><V64/><F64/><W11/><G2/><T93/><D16/><U76/><E8/><V109/><F109/><W74/><G11/><T126/><D127/><U99/><E13/><V100/><F119/><W12/><G12/><T79/><D126/><U128/><E14/><V132/><F100/><W135/><G0/><T66/><D66/><U15/><E15/><V1/><F1/><W26/><G62/><T23/><D23/><U30/><E128/><V120/><F120/><W61/><G61/><T56/><D56/><U94/><E58/><V116/><F132/><W24/><G57/><T133/><D133/><U45/><E134/><V21/><F21/><W65/><G135/><T37/><D37/><U49/><E59/><RYUUKYOKU ba="0,0" sc="250,-10,250,-10,250,30,250,-10" hai2="19,22,25,39,41,46,81,88,116,118" /><INIT seed="1,1,0,5,5,111" ten="240,240,280,240" oya="1" hai0="28,94,36,90,125,84,70,64,35,96,72,12,87" hai1="109,61,123,31,8,21,33,56,74,116,4,52,62" hai2="95,24,128,106,32,40,37,81,1,13,101,126,14" hai3="75,118,65,49,55,130,100,57,89,43,135,76,129"/><U110/><E123/><V103/><F1/><W30/><G100/><T73/><D36/><U44/><E116/><V23/><F106/><W92/><G118/><T132/><D70/><U54/><E74/><V39/><F32/><W78/><G135/><T60/><D35/><U63/><E33/><V41/><F126/><W5/><G30/><T51/><D132/><U114/><E114/><V9/><F81/><W34/><G34/><T121/><D125/><U120/><E120/><V127/><F95/><W7/><G65/><T119/><D28/><U79/><E79/><N who="3" m="30250" /><G43/><T88/><D51/><N who="1" m="28775" /><E21/><V112/><F112/><W6/><G75/><T3/><D3/><N who="1" m="31" /><E31/><V85/><F23/><W18/><G18/><T25/><D119/><U42/><E42/><V58/><F40/><W50/><G5/><T113/><D73/><U77/><E77/><V104/><F41/><W20/><G20/><T2/><D2/><U124/><E124/><V0/><F0/><W107/><G107/><T19/><D72/><U131/><E131/><N who="3" m="50186" /><G50/><T38/><D19/><U16/><E16/><N who="2" m="8239" /><F104/><W91/><G91/><T102/><D90/><U26/><E26/><V17/><F17/><W108/><G6/><T45/><D88/><U66/><E66/><V27/><F128/><W82/><G7/><T22/><D25/><U93/><E93/><V97/><F27/><W117/><G117/><T83/><D64/><U105/><E105/><V71/><F24/><W99/><G82/><T98/><D83/><U15/><E15/><V69/><F127/><W86/><G86/><N who="0" m="32811" /><D22/><U11/><E11/><V80/><F80/><RYUUKYOKU ba="1,0" sc="240,-15,240,15,280,-15,240,15" hai1="54,56,61,62,63,109,110" hai3="49,55,57,89,92,99,108" /><INIT seed="1,2,0,3,3,20" ten="225,255,265,255" oya="1" hai0="14,119,55,64,91,52,104,47,106,88,123,48,27" hai1="24,58,133,73,21,1,85,31,51,135,125,50,128" hai2="84,76,102,120,95,32,83,34,97,134,6,115,33" hai3="19,92,44,61,17,60,57,117,11,45,113,49,42"/><U67/><E73/><V18/><F120/><W82/><G113/><T90/><D119/><U75/><E75/><V79/><F115/><W68/><G117/><T63/><D123/><U29/><E1/><V8/><F134/><N who="1" m="51209" /><E125/><V109/><F109/><W87/><G68/><T126/><D126/><U36/><E36/><V53/><F53/><W72/><G72/><T41/><D14/><U81/><E128/><V54/><F54/><W59/><G92/><T130/><D130/><U9/><E9/><V98/><F18/><N who="3" m="6667" /><G44/><T116/><D116/><U108/><E108/><V124/><F124/><W74/><G74/><T5/><D5/><U35/><E35/><V101/><F79/><N who="3" m="46559" /><G11/><T12/><D106/><U7/><E7/><V122/><F122/><W111/><G111/><T13/><D104/><U77/><E31/><V66/><F34/><W112/><G112/><T2/><D2/><U86/><E86/><V78/><F78/><W99/><G99/><T28/><D12/><U38/><E38/><V80/><F80/><W39/><G39/><T10/><D13/><U103/><E103/><V26/><F33/><W22/><G22/><N who="0" m="15479" /><D10/><U0/><E0/><N who="2" m="71" /><F98/><W43/><G43/><T107/><D107/><U105/><E105/><V30/><F101/><W131/><G131/><T118/><D118/><U37/><E37/><V114/><F114/><W23/><G23/><T70/><D70/><U40/><E40/><V132/><F132/><W94/><G42/><T100/><D100/><U96/><E96/><V127/><F127/><W71/><G71/><T46/><D46/><U110/><E110/><RYUUKYOKU ba="2,0" sc="225,10,255,10,265,10,255,-30" hai0="41,47,48,52,55,63,64,88,90,91" hai1="21,24,29,50,51,58,67,77,81,85" hai2="26,30,32,66,76,83,84,95,97,102" /><INIT seed="1,3,0,2,3,9" ten="235,265,275,225" oya="1" hai0="35,56,24,23,89,37,81,19,69,43,44,0,115" hai1="102,32,38,70,1,27,10,125,77,78,22,131,55" hai2="61,16,59,107,67,71,57,64,8,41,134,17,12" hai3="105,106,50,123,82,47,118,15,97,30,85,96,135"/><U79/><E70/><V133/><F107/><W72/><G123/><T127/><D115/><U18/><E38/><V90/><F41/><W34/><G72/><T99/><D69/><U126/><E131/><V108/><F108/><W31/><G106/><T62/><D0/><U114/><E114/><V86/><F17/><W129/><G129/><T83/><D35/><U128/><E128/><V116/><F116/><W122/><G122/><T53/><REACH who="0" step="1"/><D127/><REACH who="0" ten="225,265,275,225" step="2"/><N who="1" m="48651" /><E32/><V63/><REACH who="2" step="1"/><F71/><REACH who="2" ten="225,265,265,225" step="2"/><W36/><G118/><T75/><D75/><U95/><E1/><V121/><F121/><W45/><G135/><T92/><AGARI ba="3,2" hai="19,23,24,37,43,44,53,56,62,81,83,89,92,99" machi="92" ten="30,8000,1" yaku="1,1,0,1,25,2,53,1" doraHai="9" doraHaiUra="54" who="0" fromWho="0" sc="225,109,265,-43,265,-23,225,-23" /><INIT seed="2,0,0,0,4,40" ten="334,222,242,202" oya="2" hai0="78,20,9,8,34,19,87,69,35,62,26,28,22" hai1="41,39,88,81,29,45,66,42,107,124,94,114,85" hai2="58,101,57,109,52,44,130,102,86,25,93,27,15" hai3="7,79,115,95,1,121,91,118,120,103,90,80,49"/><V38/><F130/><W116/><G1/><T125/><D87/><U112/><E107/><V4/><F109/><W37/><G7/><T99/><D62/><U132/><E124/><V96/><F102/><W55/><G37/><T18/><D99/><U117/><E117/><N who="3" m="45162" /><G55/><T56/><D56/><N who="2" m="21610" /><F38/><W54/><G54/><T14/><D78/><U83/><E66/><V13/><F86/><N who="3" m="48415" /><G49/><T3/><D69/><U65/><E65/><V123/><F123/><N who="3" m="47179" /><G115/><T51/><D51/><U113/><E132/><V70/><F70/><W36/><G36/><T134/><D125/><U110/><E110/><V24/><F4/><W72/><G72/><T75/><D75/><U71/><E71/><V131/><F131/><W2/><G2/><T32/><D134/><U33/><REACH who="1" step="1"/><E42/><REACH who="1" ten="334,212,242,202" step="2"/><V92/><F52/><W127/><G127/><T98/><D32/><U6/><E6/><V60/><F60/><W106/><G106/><T84/><D34/><U47/><E47/><V5/><F44/><W31/><G31/><T129/><D35/><U68/><E68/><V126/><F5/><W97/><AGARI ba="0,1" hai="90,91,95,97,103" m="47179,48415,45162" machi="97" ten="40,2700,0" yaku="34,2" doraHai="40" who="3" fromWho="3" sc="334,-7,212,-7,242,-13,202,37" /><INIT seed="3,0,0,1,5,87" ten="327,205,229,239" oya="3" hai0="27,62,55,83,79,85,88,130,72,17,36,107,104" hai1="110,40,11,89,135,129,114,90,78,5,84,126,77" hai2="127,70,7,121,106,120,46,4,124,115,42,37,6" hai3="109,132,95,76,67,23,108,28,102,86,74,94,68"/><W25/><G74/><T75/><D36/><U2/><E114/><V24/><F115/><W123/><G123/><N who="2" m="47177" /><F70/><W48/><G132/><T91/><D72/><U45/><E135/><V134/><F134/><W71/><G48/><T65/><D55/><U26/><E110/><N who="3" m="42602" /><G102/><T0/><D91/><U18/><E126/><N who="2" m="48171" /><F24/><W9/><G9/><T133/><D0/><U100/><E129/><V31/><F31/><W16/><G28/><T50/><D50/><U59/><E100/><V56/><F56/><W12/><G25/><T111/><D27/><U51/><E59/><V3/><F106/><W63/><G71/><T64/><D107/><U98/><E98/><V99/><F99/><W39/><G39/><T47/><D104/><U116/><E90/><V20/><F20/><W14/><G14/><T58/><D88/><U49/><E116/><V54/><F3/><W92/><G76/><T60/><D79/><U10/><E51/><N who="2" m="29047" /><F37/><W119/><G119/><T112/><D112/><U57/><E57/><V30/><F30/><W117/><G117/><T38/><D58/><U44/><E44/><V66/><F42/><W97/><G97/><T81/><D133/><U19/><E11/><V61/><F61/><W69/><G69/><T122/><D62/><U32/><E78/><V33/><F33/><W22/><G23/><T93/><D60/><U35/><E77/><V29/><F29/><W103/><G103/><T82/><D111/><U34/><REACH who="1" step="1"/><E26/><REACH who="1" ten="327,195,229,239" step="2"/><V43/><F43/><W118/><G118/><T113/><D113/><U125/><E125/><V80/><F66/><W73/><G67/><RYUUKYOKU ba="0,1" sc="327,-15,195,15,229,15,239,-15" hai1="2,5,10,18,19,32,34,35,40,45,49,84,89" hai2="4,6,7,80" owari="322,42.2,210,-29.0,244,4.4,224,-17.6" /></mjloggm>